|j|☆s52
|j|☆refsunpersons
|player|p1|s52|101
|player|p2|refsunpersons|123
|teamsize|p1|6
|teamsize|p2|6
|gametype|singles
|gen|5
|tier|[Gen 5] OU
|rated|
|rule|Sleep Clause Mod: Limit one foe put to sleep
|rule|Species Clause: Limit one of each Pokémon
|rule|OHKO Clause: OHKO moves are banned
|rule|Moody Clause: Moody is banned
|rule|Evasion Moves Clause: Evasion moves are banned
|rule|Endless Battle Clause: Forcing endless battles is banned
|rule|HP Percentage Mod: HP is shown in percentages
|rule|Evasion Abilities Clause: Evasion abilities are banned
|rule|Baton Pass Clause: Limit one Baton Passer, can't pass Spe and other stats simultaneously
|rule|Swagger Clause: Swagger is banned
|clearpoke
|poke|p1|Tyranitar, F|item
|poke|p1|Keldeo|item
|poke|p1|Breloom, F|item
|poke|p1|Scizor, F|item
|poke|p1|Garchomp, F|item
|poke|p1|Latios, M|item
|poke|p2|Blissey, F|item
|poke|p2|Abomasnow, M|item
|poke|p2|Forretress, M|item
|poke|p2|Landorus-Therian, M|item
|poke|p2|Weavile, M|item
|poke|p2|Gothitelle, M|item
|teampreview
|c|☆refsunpersons|gl hf
|inactive|Battle timer is ON: inactive players will automatically lose when time's up. (requested by refsunpersons)
|
|start
|switch|p1a: Latios|Latios, M|100/100
|switch|p2a: KAIOH DORIAN|Abomasnow, M|100/100
|-weather|Hail|[from] ability: Snow Warning|[of] p2a: KAIOH DORIAN
|turn|1
|inactiveoff|Battle timer is now OFF.
|
|move|p2a: KAIOH DORIAN|Protect|p2a: KAIOH DORIAN
|-singleturn|p2a: KAIOH DORIAN|Protect
|move|p1a: Latios|Draco Meteor|p2a: KAIOH DORIAN
|-activate|p2a: KAIOH DORIAN|move: Protect
|
|-weather|Hail|[upkeep]
|-damage|p1a: Latios|95/100|[from] Hail
|upkeep
|turn|2
|
|switch|p2a: SPECK|Blissey, F|100/100
|move|p1a: Latios|Draco Meteor|p2a: SPECK
|-damage|p2a: SPECK|62/100
|-unboost|p1a: Latios|spa|2
|
|-weather|Hail|[upkeep]
|-damage|p1a: Latios|89/100|[from] Hail
|-damage|p2a: SPECK|56/100|[from] Hail
|-heal|p2a: SPECK|62/100|[from] item: Leftovers
|upkeep
|turn|3
|
|switch|p1a: Scizor|Scizor, F|100/100
|move|p2a: SPECK|Toxic|p1a: Scizor
|-immune|p1a: Scizor|[msg]
|
|-weather|Hail|[upkeep]
|-damage|p1a: Scizor|94/100|[from] Hail
|-damage|p2a: SPECK|56/100|[from] Hail
|-heal|p2a: SPECK|62/100|[from] item: Leftovers
|upkeep
|turn|4
|
|-activate|p2a: SPECK|move: Pursuit
|move|p1a: Scizor|Pursuit|p2a: SPECK|[from]Pursuit
|-damage|p2a: SPECK|16/100
|switch|p2a: SIKORSKI|Landorus-Therian, M|100/100
|-ability|p2a: SIKORSKI|Intimidate|boost
|-unboost|p1a: Scizor|atk|1
|
|-weather|Hail|[upkeep]
|-damage|p2a: SIKORSKI|94/100|[from] Hail
|-damage|p1a: Scizor|88/100|[from] Hail
|-heal|p2a: SIKORSKI|100/100|[from] item: Leftovers
|upkeep
|turn|5
|
|switch|p1a: Latios|Latios, M|89/100
|move|p2a: SIKORSKI|Stealth Rock|p1a: Latios
|-sidestart|p1: s52|move: Stealth Rock
|
|-weather|Hail|[upkeep]
|-damage|p1a: Latios|83/100|[from] Hail
|-damage|p2a: SIKORSKI|94/100|[from] Hail
|-heal|p2a: SIKORSKI|100/100|[from] item: Leftovers
|upkeep
|turn|6
|
|switch|p2a: SPECK|Blissey, F|16/100
|move|p1a: Latios|Surf|p2a: SPECK
|-damage|p2a: SPECK|0 fnt
|faint|p2a: SPECK
|
|-weather|Hail|[upkeep]
|-damage|p1a: Latios|77/100|[from] Hail
|upkeep
|
|switch|p2a: POISONER YANAGI|Weavile, M|100/100
|-ability|p2a: POISONER YANAGI|Pressure
|turn|7
|
|move|p2a: POISONER YANAGI|Night Slash|p1a: Latios
|-supereffective|p1a: Latios
|-damage|p1a: Latios|0 fnt
|-damage|p2a: POISONER YANAGI|91/100|[from] item: Life Orb
|faint|p1a: Latios
|
|-weather|Hail|[upkeep]
|upkeep
|
|switch|p1a: Scizor|Scizor, F|88/100
|-damage|p1a: Scizor|76/100|[from] Stealth Rock
|turn|8
|
|switch|p2a: SIKORSKI|Landorus-Therian, M|100/100
|-ability|p2a: SIKORSKI|Intimidate|boost
|-unboost|p1a: Scizor|atk|1
|move|p1a: Scizor|U-turn|p2a: SIKORSKI
|-resisted|p2a: SIKORSKI
|-damage|p2a: SIKORSKI|83/100
|
|switch|p1a: Breloom|Breloom, F|100/100
|-damage|p1a: Breloom|94/100|[from] Stealth Rock
|
|-weather|Hail|[upkeep]
|-damage|p2a: SIKORSKI|77/100|[from] Hail
|-damage|p1a: Breloom|88/100|[from] Hail
|-heal|p2a: SIKORSKI|83/100|[from] item: Leftovers
|upkeep
|turn|9
|
|move|p2a: SIKORSKI|Superpower|p1a: Breloom
|-damage|p1a: Breloom|31/100
|-unboost|p2a: SIKORSKI|atk|1
|-unboost|p2a: SIKORSKI|def|1
|move|p1a: Breloom|Spore|p2a: SIKORSKI
|-status|p2a: SIKORSKI|slp
|
|-weather|Hail|[upkeep]
|-damage|p2a: SIKORSKI|77/100 slp|[from] Hail
|-damage|p1a: Breloom|25/100|[from] Hail
|-heal|p2a: SIKORSKI|83/100 slp|[from] item: Leftovers
|upkeep
|turn|10
|
|-singleturn|p1a: Breloom|move: Focus Punch
|switch|p2a: MISTER DOYLE|Gothitelle, M|100/100
|move|p1a: Breloom|Focus Punch|p2a: MISTER DOYLE
|-enditem|p1a: Breloom|Fighting Gem|[from] gem|[move] Focus Punch
|-resisted|p2a: MISTER DOYLE
|-damage|p2a: MISTER DOYLE|23/100
|
|-weather|Hail|[upkeep]
|-damage|p2a: MISTER DOYLE|17/100|[from] Hail
|-damage|p1a: Breloom|19/100|[from] Hail
|upkeep
|turn|11
|
|move|p1a: Breloom|Mach Punch|p2a: MISTER DOYLE
|-resisted|p2a: MISTER DOYLE
|-damage|p2a: MISTER DOYLE|0 fnt
|faint|p2a: MISTER DOYLE
|
|-weather|Hail|[upkeep]
|-damage|p1a: Breloom|12/100|[from] Hail
|upkeep
|
|switch|p2a: POISONER YANAGI|Weavile, M|91/100
|-ability|p2a: POISONER YANAGI|Pressure
|turn|12
|
|move|p2a: POISONER YANAGI|Ice Shard|p1a: Breloom
|-supereffective|p1a: Breloom
|-damage|p1a: Breloom|0 fnt
|-damage|p2a: POISONER YANAGI|81/100|[from] item: Life Orb
|faint|p1a: Breloom
|
|-weather|Hail|[upkeep]
|upkeep
|
|switch|p1a: Tyranitar|Tyranitar, F|100/100
|-damage|p1a: Tyranitar|88/100|[from] Stealth Rock
|-weather|Sandstorm|[from] ability: Sand Stream|[of] p1a: Tyranitar
|turn|13
|
|move|p2a: POISONER YANAGI|Low Kick|p1a: Tyranitar
|-supereffective|p1a: Tyranitar
|-enditem|p1a: Tyranitar|Chople Berry|[eat]
|-enditem|p1a: Tyranitar|Chople Berry|[weaken]
|-damage|p1a: Tyranitar|0 fnt
|-damage|p2a: POISONER YANAGI|71/100|[from] item: Life Orb
|faint|p1a: Tyranitar
|
|-weather|Sandstorm|[upkeep]
|-damage|p2a: POISONER YANAGI|65/100|[from] Sandstorm
|upkeep
|
|switch|p1a: Keldeo|Keldeo|100/100
|-damage|p1a: Keldeo|94/100|[from] Stealth Rock
|turn|14
|
|move|p1a: Keldeo|Hydro Pump|p2a: POISONER YANAGI
|-damage|p2a: POISONER YANAGI|0 fnt
|faint|p2a: POISONER YANAGI
|
|-weather|Sandstorm|[upkeep]
|-damage|p1a: Keldeo|88/100|[from] Sandstorm
|upkeep
|
|switch|p2a: KAIOH DORIAN|Abomasnow, M|100/100
|-weather|Hail|[from] ability: Snow Warning|[of] p2a: KAIOH DORIAN
|turn|15
|
|move|p1a: Keldeo|Hydro Pump|p2a: KAIOH DORIAN|[miss]
|-miss|p1a: Keldeo|p2a: KAIOH DORIAN
|move|p2a: KAIOH DORIAN|Leech Seed|p1a: Keldeo
|-start|p1a: Keldeo|move: Leech Seed
|
|-weather|Hail|[upkeep]
|-damage|p1a: Keldeo|82/100|[from] Hail
|-damage|p1a: Keldeo|70/100|[from] Leech Seed|[of] p2a: KAIOH DORIAN
|upkeep
|turn|16
|
|switch|p1a: Scizor|Scizor, F|76/100
|-damage|p1a: Scizor|64/100|[from] Stealth Rock
|move|p2a: KAIOH DORIAN|Leech Seed|p1a: Scizor
|-start|p1a: Scizor|move: Leech Seed
|
|-weather|Hail|[upkeep]
|-damage|p1a: Scizor|58/100|[from] Hail
|-damage|p1a: Scizor|45/100|[from] Leech Seed|[of] p2a: KAIOH DORIAN
|upkeep
|turn|17
|
|move|p2a: KAIOH DORIAN|Protect|p2a: KAIOH DORIAN
|-singleturn|p2a: KAIOH DORIAN|Protect
|move|p1a: Scizor|U-turn|p2a: KAIOH DORIAN
|-activate|p2a: KAIOH DORIAN|move: Protect
|
|-weather|Hail|[upkeep]
|-damage|p1a: Scizor|39/100|[from] Hail
|-damage|p1a: Scizor|27/100|[from] Leech Seed|[of] p2a: KAIOH DORIAN
|upkeep
|turn|18
|
|switch|p2a: MISTER UNCHAINED|Forretress, M|100/100
|move|p1a: Scizor|U-turn|p2a: MISTER UNCHAINED
|-resisted|p2a: MISTER UNCHAINED
|-damage|p2a: MISTER UNCHAINED|82/100
|
|switch|p1a: Garchomp|Garchomp, F|100/100
|-damage|p1a: Garchomp|94/100|[from] Stealth Rock
|
|-weather|Hail|[upkeep]
|-damage|p1a: Garchomp|88/100|[from] Hail
|-heal|p2a: MISTER UNCHAINED|88/100|[from] item: Leftovers
|upkeep
|turn|19
|
|switch|p2a: SIKORSKI|Landorus-Therian, M|83/100 slp
|-ability|p2a: SIKORSKI|Intimidate|boost
|-unboost|p1a: Garchomp|atk|1
|move|p1a: Garchomp|Substitute|p1a: Garchomp
|-start|p1a: Garchomp|Substitute
|-damage|p1a: Garchomp|63/100
|
|-weather|Hail|[upkeep]
|-damage|p1a: Garchomp|57/100|[from] Hail
|-damage|p2a: SIKORSKI|77/100 slp|[from] Hail
|-heal|p2a: SIKORSKI|83/100 slp|[from] item: Leftovers
|upkeep
|turn|20
|
|move|p1a: Garchomp|Swords Dance|p1a: Garchomp
|-boost|p1a: Garchomp|atk|2
|cant|p2a: SIKORSKI|slp
|
|-weather|Hail|[upkeep]
|-damage|p1a: Garchomp|51/100|[from] Hail
|-damage|p2a: SIKORSKI|77/100 slp|[from] Hail
|-heal|p2a: SIKORSKI|83/100 slp|[from] item: Leftovers
|upkeep
|turn|21
|
|move|p1a: Garchomp|Outrage|p2a: SIKORSKI
|-damage|p2a: SIKORSKI|3/100 slp
|cant|p2a: SIKORSKI|slp
|
|-weather|Hail|[upkeep]
|-damage|p1a: Garchomp|45/100|[from] Hail
|-damage|p2a: SIKORSKI|0 fnt|[from] Hail
|upkeep
|faint|p2a: SIKORSKI
|
|switch|p2a: MISTER UNCHAINED|Forretress, M|88/100
|turn|22
|
|move|p1a: Garchomp|Outrage|p2a: MISTER UNCHAINED|[from]lockedmove
|-resisted|p2a: MISTER UNCHAINED
|-damage|p2a: MISTER UNCHAINED|62/100
|move|p2a: MISTER UNCHAINED|Gyro Ball|p1a: Garchomp
|-end|p1a: Garchomp|Substitute
|
|-weather|Hail|[upkeep]
|-damage|p1a: Garchomp|39/100|[from] Hail
|-heal|p2a: MISTER UNCHAINED|68/100|[from] item: Leftovers
|upkeep
|turn|23
|
|move|p2a: MISTER UNCHAINED|Protect|p2a: MISTER UNCHAINED
|-singleturn|p2a: MISTER UNCHAINED|Protect
|move|p1a: Garchomp|Outrage|p2a: MISTER UNCHAINED|[from]lockedmove
|-activate|p2a: MISTER UNCHAINED|move: Protect
|-start|p1a: Garchomp|confusion|[fatigue]
|
|-weather|Hail|[upkeep]
|-damage|p1a: Garchomp|32/100|[from] Hail
|-heal|p2a: MISTER UNCHAINED|74/100|[from] item: Leftovers
|upkeep
|turn|24
|
|switch|p2a: KAIOH DORIAN|Abomasnow, M|100/100
|-activate|p1a: Garchomp|confusion
|-damage|p1a: Garchomp|10/100|[from] confusion
|
|-weather|Hail|[upkeep]
|-damage|p1a: Garchomp|4/100|[from] Hail
|upkeep
|turn|25
|
|move|p2a: KAIOH DORIAN|Ice Shard|p1a: Garchomp
|-supereffective|p1a: Garchomp
|-enditem|p1a: Garchomp|Yache Berry|[eat]
|-enditem|p1a: Garchomp|Yache Berry|[weaken]
|-damage|p1a: Garchomp|0 fnt
|faint|p1a: Garchomp
|
|-weather|Hail|[upkeep]
|upkeep
|
|switch|p1a: Keldeo|Keldeo|70/100
|-damage|p1a: Keldeo|63/100|[from] Stealth Rock
|turn|26
|
|move|p2a: KAIOH DORIAN|Protect|p2a: KAIOH DORIAN
|-singleturn|p2a: KAIOH DORIAN|Protect
|move|p1a: Keldeo|Secret Sword|p2a: KAIOH DORIAN
|-activate|p2a: KAIOH DORIAN|move: Protect
|
|-weather|Hail|[upkeep]
|-damage|p1a: Keldeo|57/100|[from] Hail
|upkeep
|turn|27
|
|switch|p2a: MISTER UNCHAINED|Forretress, M|74/100
|move|p1a: Keldeo|Secret Sword|p2a: MISTER UNCHAINED
|-damage|p2a: MISTER UNCHAINED|50/100
|
|-weather|Hail|[upkeep]
|-damage|p1a: Keldeo|51/100|[from] Hail
|-heal|p2a: MISTER UNCHAINED|57/100|[from] item: Leftovers
|upkeep
|turn|28
|
|move|p1a: Keldeo|Secret Sword|p2a: MISTER UNCHAINED
|-damage|p2a: MISTER UNCHAINED|33/100
|move|p2a: MISTER UNCHAINED|Spikes|p1a: Keldeo
|-sidestart|p1: s52|Spikes
|
|-weather|Hail|[upkeep]
|-damage|p1a: Keldeo|45/100|[from] Hail
|-heal|p2a: MISTER UNCHAINED|39/100|[from] item: Leftovers
|upkeep
|turn|29
|
|move|p2a: MISTER UNCHAINED|Protect|p2a: MISTER UNCHAINED
|-singleturn|p2a: MISTER UNCHAINED|Protect
|move|p1a: Keldeo|Secret Sword|p2a: MISTER UNCHAINED
|-activate|p2a: MISTER UNCHAINED|move: Protect
|
|-weather|Hail|[upkeep]
|-damage|p1a: Keldeo|39/100|[from] Hail
|-heal|p2a: MISTER UNCHAINED|45/100|[from] item: Leftovers
|upkeep
|turn|30
|
|move|p1a: Keldeo|Secret Sword|p2a: MISTER UNCHAINED
|-damage|p2a: MISTER UNCHAINED|22/100
|move|p2a: MISTER UNCHAINED|Gyro Ball|p1a: Keldeo
|-resisted|p1a: Keldeo
|-damage|p1a: Keldeo|12/100
|
|-weather|Hail|[upkeep]
|-damage|p1a: Keldeo|5/100|[from] Hail
|-heal|p2a: MISTER UNCHAINED|28/100|[from] item: Leftovers
|upkeep
|turn|31
|
|move|p1a: Keldeo|Secret Sword|p2a: MISTER UNCHAINED
|-damage|p2a: MISTER UNCHAINED|4/100
|move|p2a: MISTER UNCHAINED|Spikes|p1a: Keldeo
|-sidestart|p1: s52|Spikes
|
|-weather|Hail|[upkeep]
|-damage|p1a: Keldeo|0 fnt|[from] Hail
|-heal|p2a: MISTER UNCHAINED|10/100|[from] item: Leftovers
|upkeep
|faint|p1a: Keldeo
|
|switch|p1a: Scizor|Scizor, F|27/100
|-damage|p1a: Scizor|10/100|[from] Spikes
|-damage|p1a: Scizor|0 fnt|[from] Stealth Rock
|faint|p1a: Scizor
|
|win|refsunpersons
|c|☆refsunpersons|gg wp
|l|☆s52
|raw|s52's rating: 1429 &rarr; <strong>1411</strong><br />(-18 for losing)
|raw|refsunpersons's rating: 1459 &rarr; <strong>1477</strong><br />(+18 for winning)
