|j|☆WeR#4Hay!
|j|☆Fenryrn
|t:|1743282093
|gametype|singles
|player|p1|WeR#4Hay!|266|1446
|player|p2|Fenryrn|brawly|1389
|teamsize|p1|6
|teamsize|p2|6
|gen|5
|tier|[Gen 5] OU
|rated|
|rule|Species Clause: Limit one of each Pokémon
|rule|OHKO Clause: OHKO moves are banned
|rule|Moody Clause: Moody is banned
|rule|Evasion Items Clause: Evasion items are banned
|rule|Evasion Moves Clause: Evasion moves are banned
|rule|Endless Battle Clause: Forcing endless battles is banned
|rule|HP Percentage Mod: HP is shown in percentages
|rule|Evasion Abilities Clause: Evasion abilities are banned
|rule|Sleep Moves Clause: Sleep-inducing moves are banned
|rule|Swagger Clause: Swagger is banned
|rule|Baton Pass Stat Clause: No Baton Passer may have a way to boost its stats
|clearpoke
|poke|p1|Breloom, M|item
|poke|p1|Heatran, M|item
|poke|p1|Rotom-Wash|item
|poke|p1|Jirachi|item
|poke|p1|Latias, F|item
|poke|p1|Landorus-Therian, M|item
|poke|p2|Politoed, F|item
|poke|p2|Keldeo|item
|poke|p2|Tentacruel, F|item
|poke|p2|Ferrothorn, M|item
|poke|p2|Latios, M|item
|poke|p2|Thundurus-Therian, M|item
|teampreview
|inactive|Battle timer is ON: inactive players will automatically lose when time's up. (requested by Fenryrn)
|
|t:|1743282101
|start
|switch|p1a: Hanako Ueda|Latias, F|100/100
|switch|p2a: Politoed|Politoed, F|100/100
|-weather|RainDance|[from] ability: Drizzle|[of] p2a: Politoed
|turn|1
|
|t:|1743282107
|switch|p1a: Satoshi Nakano|Jirachi|100/100
|move|p2a: Politoed|Toxic|p1a: Satoshi Nakano
|-immune|p1a: Satoshi Nakano
|
|-weather|RainDance|[upkeep]
|upkeep
|turn|2
|
|t:|1743282110
|switch|p2a: Ferrothorn|Ferrothorn, M|100/100
|move|p1a: Satoshi Nakano|Stealth Rock|p2a: Ferrothorn
|-sidestart|p2: Fenryrn|move: Stealth Rock
|
|-weather|RainDance|[upkeep]
|upkeep
|turn|3
|
|t:|1743282116
|switch|p1a: Masaaki Iwane|Breloom, M|100/100
|move|p2a: Ferrothorn|Stealth Rock|p1a: Masaaki Iwane
|-sidestart|p1: WeR#4Hay!|move: Stealth Rock
|
|-weather|RainDance|[upkeep]
|upkeep
|turn|4
|
|t:|1743282145
|switch|p2a: Latios|Latios, M|100/100
|-damage|p2a: Latios|88/100|[from] Stealth Rock
|move|p1a: Masaaki Iwane|Superpower|p2a: Latios
|-resisted|p2a: Latios
|-damage|p2a: Latios|24/100
|-unboost|p1a: Masaaki Iwane|atk|1
|-unboost|p1a: Masaaki Iwane|def|1
|
|-weather|RainDance|[upkeep]
|upkeep
|turn|5
|
|t:|1743282151
|switch|p1a: Satoshi Nakano|Jirachi|100/100
|-damage|p1a: Satoshi Nakano|94/100|[from] Stealth Rock
|move|p2a: Latios|Draco Meteor|p1a: Satoshi Nakano
|-resisted|p1a: Satoshi Nakano
|-damage|p1a: Satoshi Nakano|72/100
|-unboost|p2a: Latios|spa|2
|
|-weather|RainDance|[upkeep]
|upkeep
|turn|6
|
|t:|1743282154
|switch|p2a: Ferrothorn|Ferrothorn, M|100/100
|-damage|p2a: Ferrothorn|94/100|[from] Stealth Rock
|move|p1a: Satoshi Nakano|U-turn|p2a: Ferrothorn
|-damage|p2a: Ferrothorn|81/100
|-damage|p1a: Satoshi Nakano|60/100|[from] ability: Iron Barbs|[of] p2a: Ferrothorn
|
|t:|1743282156
|switch|p1a: Masaaki Iwane|Breloom, M|100/100|[from] U-turn
|-damage|p1a: Masaaki Iwane|94/100|[from] Stealth Rock
|
|-weather|RainDance|[upkeep]
|upkeep
|turn|7
|
|t:|1743282160
|move|p1a: Masaaki Iwane|Superpower|p2a: Ferrothorn
|-supereffective|p2a: Ferrothorn
|-damage|p2a: Ferrothorn|0 fnt
|-unboost|p1a: Masaaki Iwane|atk|1
|-unboost|p1a: Masaaki Iwane|def|1
|-damage|p1a: Masaaki Iwane|82/100|[from] ability: Iron Barbs|[of] p2a: Ferrothorn
|faint|p2a: Ferrothorn
|
|-weather|RainDance|[upkeep]
|upkeep
|
|t:|1743282169
|switch|p2a: Thundurus|Thundurus-Therian, M|100/100
|-damage|p2a: Thundurus|76/100|[from] Stealth Rock
|turn|8
|
|t:|1743282177
|switch|p1a: Takeshi Maenami|Heatran, M|100/100
|-damage|p1a: Takeshi Maenami|88/100|[from] Stealth Rock
|-item|p1a: Takeshi Maenami|Air Balloon
|move|p2a: Thundurus|Substitute|p2a: Thundurus
|-start|p2a: Thundurus|Substitute
|-damage|p2a: Thundurus|51/100
|
|-weather|RainDance|[upkeep]
|-heal|p2a: Thundurus|57/100|[from] item: Leftovers
|upkeep
|turn|9
|
|t:|1743282183
|move|p2a: Thundurus|Thunder|p1a: Takeshi Maenami
|-crit|p1a: Takeshi Maenami
|-damage|p1a: Takeshi Maenami|0 fnt
|-enditem|p1a: Takeshi Maenami|Air Balloon
|faint|p1a: Takeshi Maenami
|
|-weather|RainDance|[upkeep]
|-heal|p2a: Thundurus|63/100|[from] item: Leftovers
|upkeep
|
|t:|1743282197
|switch|p1a: Yusuke Oshida|Landorus-Therian, M|100/100
|-damage|p1a: Yusuke Oshida|88/100|[from] Stealth Rock
|-ability|p1a: Yusuke Oshida|Intimidate|boost
|-immune|p2a: Thundurus
|turn|10
|
|t:|1743282199
|move|p1a: Yusuke Oshida|Hidden Power|p2a: Thundurus
|-supereffective|p2a: Thundurus
|-end|p2a: Thundurus|Substitute
|move|p2a: Thundurus|Hidden Power|p1a: Yusuke Oshida
|-supereffective|p1a: Yusuke Oshida
|-damage|p1a: Yusuke Oshida|0 fnt
|faint|p1a: Yusuke Oshida
|
|-weather|RainDance|[upkeep]
|-heal|p2a: Thundurus|69/100|[from] item: Leftovers
|upkeep
|
|t:|1743282201
|switch|p1a: Hanako Ueda|Latias, F|100/100
|-damage|p1a: Hanako Ueda|88/100|[from] Stealth Rock
|turn|11
|
|t:|1743282204
|move|p1a: Hanako Ueda|Draco Meteor|p2a: Thundurus
|-crit|p2a: Thundurus
|-damage|p2a: Thundurus|0 fnt
|-unboost|p1a: Hanako Ueda|spa|2
|faint|p2a: Thundurus
|
|-weather|RainDance|[upkeep]
|upkeep
|
|t:|1743282208
|switch|p2a: Tentacruel|Tentacruel, F|100/100
|-damage|p2a: Tentacruel|88/100|[from] Stealth Rock
|turn|12
|
|t:|1743282213
|switch|p1a: Masaaki Iwane|Breloom, M|82/100
|-damage|p1a: Masaaki Iwane|76/100|[from] Stealth Rock
|move|p2a: Tentacruel|Rapid Spin|p1a: Masaaki Iwane
|-damage|p1a: Masaaki Iwane|72/100
|-sideend|p2: Fenryrn|Stealth Rock|[from] move: Rapid Spin|[of] p2a: Tentacruel
|
|-weather|RainDance|[upkeep]
|-heal|p2a: Tentacruel|94/100|[from] ability: Rain Dish
|-heal|p2a: Tentacruel|99/100|[from] item: Black Sludge
|upkeep
|turn|13
|
|t:|1743282217
|move|p2a: Tentacruel|Scald|p1a: Masaaki Iwane
|-resisted|p1a: Masaaki Iwane
|-damage|p1a: Masaaki Iwane|36/100
|move|p1a: Masaaki Iwane|Bullet Seed|p2a: Tentacruel
|-damage|p2a: Tentacruel|60/100
|-damage|p2a: Tentacruel|23/100
|-hitcount|p2a: Tentacruel|2
|
|-weather|RainDance|[upkeep]
|-heal|p2a: Tentacruel|29/100|[from] ability: Rain Dish
|-heal|p2a: Tentacruel|35/100|[from] item: Black Sludge
|upkeep
|turn|14
|
|t:|1743282231
|switch|p1a: Aito Ohashi|Rotom-Wash|100/100
|-damage|p1a: Aito Ohashi|88/100|[from] Stealth Rock
|move|p2a: Tentacruel|Scald|p1a: Aito Ohashi
|-resisted|p1a: Aito Ohashi
|-damage|p1a: Aito Ohashi|70/100
|-status|p1a: Aito Ohashi|brn
|
|-weather|RainDance|[upkeep]
|-heal|p2a: Tentacruel|41/100|[from] ability: Rain Dish
|-heal|p2a: Tentacruel|47/100|[from] item: Black Sludge
|-heal|p1a: Aito Ohashi|76/100 brn|[from] item: Leftovers
|-damage|p1a: Aito Ohashi|63/100 brn|[from] brn
|upkeep
|turn|15
|
|t:|1743282237
|move|p2a: Tentacruel|Protect|p2a: Tentacruel
|-singleturn|p2a: Tentacruel|Protect
|move|p1a: Aito Ohashi|Sunny Day|p1a: Aito Ohashi
|-weather|SunnyDay
|
|-weather|SunnyDay|[upkeep]
|-heal|p2a: Tentacruel|53/100|[from] item: Black Sludge
|-heal|p1a: Aito Ohashi|70/100 brn|[from] item: Leftovers
|-damage|p1a: Aito Ohashi|57/100 brn|[from] brn
|upkeep
|turn|16
|
|t:|1743282240
|switch|p2a: Politoed|Politoed, F|100/100
|-weather|RainDance|[from] ability: Drizzle|[of] p2a: Politoed
|move|p1a: Aito Ohashi|Volt Switch|p2a: Politoed
|-supereffective|p2a: Politoed
|-damage|p2a: Politoed|53/100
|
|t:|1743282244
|switch|p1a: Masaaki Iwane|Breloom, M|36/100|[from] Volt Switch
|-damage|p1a: Masaaki Iwane|30/100|[from] Stealth Rock
|
|-weather|RainDance|[upkeep]
|-heal|p2a: Politoed|59/100|[from] item: Leftovers
|upkeep
|turn|17
|
|t:|1743282250
|move|p1a: Masaaki Iwane|Bullet Seed|p2a: Politoed
|-supereffective|p2a: Politoed
|-damage|p2a: Politoed|11/100
|-supereffective|p2a: Politoed
|-damage|p2a: Politoed|0 fnt
|faint|p2a: Politoed
|-hitcount|p2: Politoed|2
|
|-weather|RainDance|[upkeep]
|upkeep
|
|t:|1743282258
|switch|p2a: Tentacruel|Tentacruel, F|53/100
|turn|18
|inactive|WeR#4Hay! has 120 seconds left.
|inactive|WeR#4Hay! has 90 seconds left.
|
|t:|1743282336
|move|p2a: Tentacruel|Scald|p1a: Masaaki Iwane
|-resisted|p1a: Masaaki Iwane
|-damage|p1a: Masaaki Iwane|0 fnt
|faint|p1a: Masaaki Iwane
|
|-weather|RainDance|[upkeep]
|-heal|p2a: Tentacruel|59/100|[from] ability: Rain Dish
|-heal|p2a: Tentacruel|65/100|[from] item: Black Sludge
|upkeep
|
|t:|1743282338
|switch|p1a: Aito Ohashi|Rotom-Wash|57/100 brn
|-damage|p1a: Aito Ohashi|45/100 brn|[from] Stealth Rock
|turn|19
|
|t:|1743282341
|move|p2a: Tentacruel|Scald|p1a: Aito Ohashi
|-resisted|p1a: Aito Ohashi
|-damage|p1a: Aito Ohashi|27/100 brn
|move|p1a: Aito Ohashi|Sunny Day|p1a: Aito Ohashi
|-weather|SunnyDay
|
|-weather|SunnyDay|[upkeep]
|-heal|p2a: Tentacruel|71/100|[from] item: Black Sludge
|-heal|p1a: Aito Ohashi|34/100 brn|[from] item: Leftovers
|-damage|p1a: Aito Ohashi|21/100 brn|[from] brn
|upkeep
|turn|20
|
|t:|1743282352
|move|p2a: Tentacruel|Protect|p2a: Tentacruel
|-singleturn|p2a: Tentacruel|Protect
|move|p1a: Aito Ohashi|Volt Switch|p2a: Tentacruel
|-activate|p2a: Tentacruel|move: Protect
|
|-weather|SunnyDay|[upkeep]
|-heal|p2a: Tentacruel|77/100|[from] item: Black Sludge
|-heal|p1a: Aito Ohashi|27/100 brn|[from] item: Leftovers
|-damage|p1a: Aito Ohashi|15/100 brn|[from] brn
|upkeep
|turn|21
|
|t:|1743282360
|move|p2a: Tentacruel|Scald|p1a: Aito Ohashi
|-resisted|p1a: Aito Ohashi
|-damage|p1a: Aito Ohashi|9/100 brn
|move|p1a: Aito Ohashi|Volt Switch|p2a: Tentacruel
|-supereffective|p2a: Tentacruel
|-damage|p2a: Tentacruel|39/100
|
|t:|1743282362
|switch|p1a: Hanako Ueda|Latias, F|88/100|[from] Volt Switch
|-damage|p1a: Hanako Ueda|76/100|[from] Stealth Rock
|
|-weather|SunnyDay|[upkeep]
|-heal|p2a: Tentacruel|45/100|[from] item: Black Sludge
|upkeep
|turn|22
|
|t:|1743282368
|move|p1a: Hanako Ueda|Draco Meteor|p2a: Tentacruel
|-damage|p2a: Tentacruel|0 fnt
|-unboost|p1a: Hanako Ueda|spa|2
|faint|p2a: Tentacruel
|
|-weather|SunnyDay|[upkeep]
|upkeep
|inactive|Fenryrn has 120 seconds left.
|
|t:|1743282417
|switch|p2a: Latios|Latios, M|24/100
|turn|23
|
|t:|1743282420
|switch|p1a: Satoshi Nakano|Jirachi|60/100
|-damage|p1a: Satoshi Nakano|53/100|[from] Stealth Rock
|move|p2a: Latios|Dragon Pulse|p1a: Satoshi Nakano
|-resisted|p1a: Satoshi Nakano
|-damage|p1a: Satoshi Nakano|39/100
|
|-weather|none
|upkeep
|turn|24
|inactive|Fenryrn has 120 seconds left.
|
|t:|1743282428
|switch|p2a: Keldeo|Keldeo|100/100
|move|p1a: Satoshi Nakano|U-turn|p2a: Keldeo
|-resisted|p2a: Keldeo
|-damage|p2a: Keldeo|91/100
|
|t:|1743282430
|switch|p1a: Hanako Ueda|Latias, F|76/100|[from] U-turn
|-damage|p1a: Hanako Ueda|64/100|[from] Stealth Rock
|
|upkeep
|turn|25
|
|t:|1743282442
|move|p1a: Hanako Ueda|Draco Meteor|p2a: Keldeo
|-damage|p2a: Keldeo|0 fnt
|-unboost|p1a: Hanako Ueda|spa|2
|faint|p2a: Keldeo
|
|upkeep
|
|t:|1743282446
|switch|p2a: Latios|Latios, M|24/100
|turn|26
|
|t:|1743282451
|switch|p1a: Aito Ohashi|Rotom-Wash|9/100 brn
|-damage|p1a: Aito Ohashi|0 fnt|[from] Stealth Rock
|faint|p1a: Aito Ohashi
|move|p2a: Latios|Dragon Pulse|p1: Aito Ohashi|[notarget]
|-fail|p2a: Latios
|
|upkeep
|
|t:|1743282456
|switch|p1a: Satoshi Nakano|Jirachi|39/100
|-damage|p1a: Satoshi Nakano|32/100|[from] Stealth Rock
|turn|27
|
|t:|1743282457
|move|p2a: Latios|Dragon Pulse|p1a: Satoshi Nakano
|-resisted|p1a: Satoshi Nakano
|-crit|p1a: Satoshi Nakano
|-damage|p1a: Satoshi Nakano|3/100
|move|p1a: Satoshi Nakano|U-turn|p2a: Latios
|-supereffective|p2a: Latios
|-damage|p2a: Latios|0 fnt
|faint|p2a: Latios
|
|win|WeR#4Hay!
|raw|WeR#4Hay!'s rating: 1446 &rarr; <strong>1463</strong><br />(+17 for winning)
|raw|Fenryrn's rating: 1389 &rarr; <strong>1372</strong><br />(-17 for losing)
|l|☆Fenryrn
|player|p2|
|c|☆WeR#4Hay!|gg
