|j|☆PirateDesCarabing
|j|☆L'Ardecho
|t:|1724673904
|gametype|singles
|player|p1|PirateDesCarabing|ingo|1361
|player|p2|L'Ardecho|rancher|1302
|teamsize|p1|6
|teamsize|p2|6
|gen|5
|tier|[Gen 5] OU
|rated|
|rule|Species Clause: Limit one of each Pokémon
|rule|OHKO Clause: OHKO moves are banned
|rule|Moody Clause: Moody is banned
|rule|Evasion Items Clause: Evasion items are banned
|rule|Evasion Moves Clause: Evasion moves are banned
|rule|Endless Battle Clause: Forcing endless battles is banned
|rule|HP Percentage Mod: HP is shown in percentages
|rule|Evasion Abilities Clause: Evasion abilities are banned
|rule|Sleep Moves Clause: Sleep-inducing moves are banned
|rule|Swagger Clause: Swagger is banned
|rule|Baton Pass Stat Clause: No Baton Passer may have a way to boost its stats
|clearpoke
|poke|p1|Tyranitar, M|item
|poke|p1|Landorus-Therian, M|item
|poke|p1|Excadrill, M|item
|poke|p1|Kyurem-Black|item
|poke|p1|Amoonguss, F|item
|poke|p1|Keldeo|item
|poke|p2|Tyranitar, F|item
|poke|p2|Alakazam, M|item
|poke|p2|Latios, M|item
|poke|p2|Ferrothorn, M|item
|poke|p2|Keldeo|item
|poke|p2|Landorus-Therian, M|item
|teampreview
|
|t:|1724673921
|start
|switch|p1a: Landorus|Landorus-Therian, M|100/100
|switch|p2a: Keldeo|Keldeo|100/100
|-ability|p1a: Landorus|Intimidate|boost
|-unboost|p2a: Keldeo|atk|1
|turn|1
|
|t:|1724673926
|switch|p1a: Amoonguss|Amoonguss, F|100/100
|move|p2a: Keldeo|Scald|p1a: Amoonguss
|-resisted|p1a: Amoonguss
|-damage|p1a: Amoonguss|80/100
|-enditem|p1a: Amoonguss|Eject Button
|
|t:|1724673934
|switch|p1a: Kyurem|Kyurem-Black|100/100
|-ability|p1a: Kyurem|Teravolt
|
|upkeep
|turn|2
|
|t:|1724673940
|move|p2a: Keldeo|Protect|p2a: Keldeo
|-singleturn|p2a: Keldeo|Protect
|move|p1a: Kyurem|Outrage|p2a: Keldeo
|-activate|p2a: Keldeo|move: Protect
|
|upkeep
|turn|3
|
|t:|1724673944
|switch|p2a: Noacier|Ferrothorn, M|100/100
|move|p1a: Kyurem|Outrage|p2a: Noacier
|-resisted|p2a: Noacier
|-damage|p2a: Noacier|59/100
|-damage|p1a: Kyurem|88/100|[from] ability: Iron Barbs|[of] p2a: Noacier
|
|upkeep
|turn|4
|
|t:|1724673948
|move|p1a: Kyurem|Outrage|p2a: Noacier|[from]lockedmove
|-resisted|p2a: Noacier
|-damage|p2a: Noacier|13/100
|-damage|p1a: Kyurem|76/100|[from] ability: Iron Barbs|[of] p2a: Noacier
|-start|p1a: Kyurem|confusion|[fatigue]
|move|p2a: Noacier|Gyro Ball|p1a: Kyurem
|-supereffective|p1a: Kyurem
|-damage|p1a: Kyurem|0 fnt
|faint|p1a: Kyurem
|
|upkeep
|
|t:|1724673971
|switch|p1a: Excadrill|Excadrill, M|100/100
|turn|5
|
|t:|1724673974
|switch|p2a: Démétéros-Totem|Landorus-Therian, M|100/100
|-ability|p2a: Démétéros-Totem|Intimidate|boost
|-unboost|p1a: Excadrill|atk|1
|move|p1a: Excadrill|Earthquake|p2a: Démétéros-Totem
|-immune|p2a: Démétéros-Totem
|
|upkeep
|turn|6
|
|t:|1724673979
|move|p2a: Démétéros-Totem|U-turn|p1a: Excadrill
|-resisted|p1a: Excadrill
|-damage|p1a: Excadrill|85/100
|
|t:|1724673982
|switch|p2a: Noacier|Ferrothorn, M|13/100|[from] U-turn
|move|p1a: Excadrill|Stealth Rock|p2a: Noacier
|-sidestart|p2: L'Ardecho|move: Stealth Rock
|
|-heal|p1a: Excadrill|91/100|[from] item: Leftovers
|upkeep
|turn|7
|
|t:|1724673992
|switch|p2a: Démétéros-Totem|Landorus-Therian, M|100/100
|-damage|p2a: Démétéros-Totem|88/100|[from] Stealth Rock
|-ability|p2a: Démétéros-Totem|Intimidate|boost
|-unboost|p1a: Excadrill|atk|1
|move|p1a: Excadrill|Earthquake|p2a: Démétéros-Totem
|-immune|p2a: Démétéros-Totem
|
|-heal|p2a: Démétéros-Totem|94/100|[from] item: Leftovers
|-heal|p1a: Excadrill|98/100|[from] item: Leftovers
|upkeep
|turn|8
|
|t:|1724673998
|switch|p1a: Landorus|Landorus-Therian, M|100/100
|-ability|p1a: Landorus|Intimidate|boost
|-unboost|p2a: Démétéros-Totem|atk|1
|move|p2a: Démétéros-Totem|Stealth Rock|p1a: Landorus
|-sidestart|p1: PirateDesCarabing|move: Stealth Rock
|
|-heal|p2a: Démétéros-Totem|100/100|[from] item: Leftovers
|upkeep
|turn|9
|
|t:|1724674004
|move|p1a: Landorus|Hidden Power|p2a: Démétéros-Totem
|-supereffective|p2a: Démétéros-Totem
|-damage|p2a: Démétéros-Totem|15/100
|move|p2a: Démétéros-Totem|Hidden Power|p1a: Landorus
|-supereffective|p1a: Landorus
|-damage|p1a: Landorus|3/100
|
|-heal|p2a: Démétéros-Totem|21/100|[from] item: Leftovers
|upkeep
|turn|10
|
|t:|1724674010
|switch|p2a: Tyranocif|Tyranitar, F|100/100
|-damage|p2a: Tyranocif|88/100|[from] Stealth Rock
|-weather|Sandstorm|[from] ability: Sand Stream|[of] p2a: Tyranocif
|move|p1a: Landorus|Hidden Power|p2a: Tyranocif
|-damage|p2a: Tyranocif|79/100
|
|-weather|Sandstorm|[upkeep]
|upkeep
|turn|11
|
|t:|1724674014
|switch|p1a: Excadrill|Excadrill, M|98/100
|-damage|p1a: Excadrill|95/100|[from] Stealth Rock
|switch|p2a: Démétéros-Totem|Landorus-Therian, M|21/100
|-damage|p2a: Démétéros-Totem|9/100|[from] Stealth Rock
|-ability|p2a: Démétéros-Totem|Intimidate|boost
|-unboost|p1a: Excadrill|atk|1
|
|-weather|Sandstorm|[upkeep]
|-heal|p2a: Démétéros-Totem|15/100|[from] item: Leftovers
|-heal|p1a: Excadrill|100/100|[from] item: Leftovers
|upkeep
|turn|12
|
|t:|1724674021
|switch|p1a: Amoonguss|Amoonguss, F|100/100
|-damage|p1a: Amoonguss|88/100|[from] Stealth Rock
|move|p2a: Démétéros-Totem|Earthquake|p1a: Amoonguss
|-damage|p1a: Amoonguss|52/100
|
|-weather|Sandstorm|[upkeep]
|-damage|p1a: Amoonguss|46/100|[from] Sandstorm
|-heal|p2a: Démétéros-Totem|21/100|[from] item: Leftovers
|upkeep
|turn|13
|
|t:|1724674027
|move|p2a: Démétéros-Totem|U-turn|p1a: Amoonguss
|-crit|p1a: Amoonguss
|-damage|p1a: Amoonguss|15/100
|
|t:|1724674030
|switch|p2a: Noacier|Ferrothorn, M|13/100|[from] U-turn
|-damage|p2a: Noacier|7/100|[from] Stealth Rock
|move|p1a: Amoonguss|Giga Drain|p2a: Noacier
|-resisted|p2a: Noacier
|-damage|p2a: Noacier|3/100
|-heal|p1a: Amoonguss|17/100|[from] drain|[of] p2a: Noacier
|
|-weather|Sandstorm|[upkeep]
|-damage|p1a: Amoonguss|11/100|[from] Sandstorm
|upkeep
|turn|14
|
|t:|1724674034
|move|p1a: Amoonguss|Giga Drain|p2a: Noacier
|-resisted|p2a: Noacier
|-damage|p2a: Noacier|0 fnt
|-heal|p1a: Amoonguss|12/100|[from] drain|[of] p2a: Noacier
|faint|p2a: Noacier
|
|-weather|Sandstorm|[upkeep]
|-damage|p1a: Amoonguss|6/100|[from] Sandstorm
|upkeep
|
|t:|1724674040
|switch|p2a: Tyranocif|Tyranitar, F|79/100
|-damage|p2a: Tyranocif|67/100|[from] Stealth Rock
|turn|15
|
|t:|1724674043
|move|p2a: Tyranocif|Pursuit|p1a: Amoonguss
|-damage|p1a: Amoonguss|0 fnt
|faint|p1a: Amoonguss
|
|-weather|Sandstorm|[upkeep]
|upkeep
|
|t:|1724674047
|switch|p1a: Excadrill|Excadrill, M|100/100
|-damage|p1a: Excadrill|98/100|[from] Stealth Rock
|turn|16
|
|t:|1724674051
|move|p1a: Excadrill|Iron Head|p2a: Tyranocif
|-supereffective|p2a: Tyranocif
|-damage|p2a: Tyranocif|0 fnt
|faint|p2a: Tyranocif
|
|-weather|Sandstorm|[upkeep]
|-heal|p1a: Excadrill|100/100|[from] item: Leftovers
|upkeep
|
|t:|1724674054
|switch|p2a: Keldeo|Keldeo|100/100
|-damage|p2a: Keldeo|94/100|[from] Stealth Rock
|turn|17
|
|t:|1724674061
|switch|p1a: Keldeo|Keldeo|100/100
|-damage|p1a: Keldeo|94/100|[from] Stealth Rock
|move|p2a: Keldeo|Scald|p1a: Keldeo
|-resisted|p1a: Keldeo
|-damage|p1a: Keldeo|69/100
|
|-weather|Sandstorm|[upkeep]
|-damage|p2a: Keldeo|88/100|[from] Sandstorm
|-damage|p1a: Keldeo|63/100|[from] Sandstorm
|-heal|p1a: Keldeo|69/100|[from] item: Leftovers
|-heal|p2a: Keldeo|94/100|[from] item: Leftovers
|upkeep
|turn|18
|
|t:|1724674074
|switch|p2a: Alakazam|Alakazam, M|100/100
|move|p1a: Keldeo|Secret Sword|p2a: Alakazam
|-resisted|p2a: Alakazam
|-damage|p2a: Alakazam|50/100
|
|-weather|Sandstorm|[upkeep]
|-damage|p1a: Keldeo|63/100|[from] Sandstorm
|-heal|p1a: Keldeo|69/100|[from] item: Leftovers
|upkeep
|turn|19
|
|t:|1724674081
|move|p1a: Keldeo|Protect|p1a: Keldeo
|-singleturn|p1a: Keldeo|Protect
|move|p2a: Alakazam|Grass Knot|p1a: Keldeo
|-activate|p1a: Keldeo|move: Protect
|
|-weather|Sandstorm|[upkeep]
|-damage|p1a: Keldeo|63/100|[from] Sandstorm
|-heal|p1a: Keldeo|69/100|[from] item: Leftovers
|upkeep
|turn|20
|
|t:|1724674084
|switch|p1a: Excadrill|Excadrill, M|100/100
|-damage|p1a: Excadrill|98/100|[from] Stealth Rock
|move|p2a: Alakazam|Psychic|p1a: Excadrill
|-resisted|p1a: Excadrill
|-damage|p1a: Excadrill|67/100
|
|-weather|Sandstorm|[upkeep]
|-heal|p1a: Excadrill|73/100|[from] item: Leftovers
|upkeep
|turn|21
|
|t:|1724674090
|move|p2a: Alakazam|Hidden Power|p1a: Excadrill
|-supereffective|p1a: Excadrill
|-damage|p1a: Excadrill|8/100
|move|p1a: Excadrill|Rapid Spin|p2a: Alakazam
|-damage|p2a: Alakazam|34/100
|-sideend|p1: PirateDesCarabing|Stealth Rock|[from] move: Rapid Spin|[of] p1a: Excadrill
|
|-weather|Sandstorm|[upkeep]
|-heal|p1a: Excadrill|15/100|[from] item: Leftovers
|upkeep
|turn|22
|
|t:|1724674098
|move|p2a: Alakazam|Grass Knot|p1a: Excadrill
|-damage|p1a: Excadrill|0 fnt
|faint|p1a: Excadrill
|
|-weather|Sandstorm|[upkeep]
|upkeep
|
|t:|1724674100
|switch|p1a: Landorus|Landorus-Therian, M|3/100
|-ability|p1a: Landorus|Intimidate|boost
|-unboost|p2a: Alakazam|atk|1
|turn|23
|
|t:|1724674105
|move|p1a: Landorus|U-turn|p2a: Alakazam
|-supereffective|p2a: Alakazam
|-damage|p2a: Alakazam|0 fnt
|faint|p2a: Alakazam
|
|t:|1724674112
|switch|p1a: Tyranitar|Tyranitar, M|100/100|[from] U-turn
|
|-weather|Sandstorm|[upkeep]
|upkeep
|
|t:|1724674115
|switch|p2a: Démétéros-Totem|Landorus-Therian, M|21/100
|-damage|p2a: Démétéros-Totem|9/100|[from] Stealth Rock
|-ability|p2a: Démétéros-Totem|Intimidate|boost
|-unboost|p1a: Tyranitar|atk|1
|turn|24
|
|t:|1724674124
|switch|p1a: Keldeo|Keldeo|69/100
|move|p2a: Démétéros-Totem|Stealth Rock|p1a: Keldeo
|-sidestart|p1: PirateDesCarabing|move: Stealth Rock
|
|-weather|Sandstorm|[upkeep]
|-damage|p1a: Keldeo|63/100|[from] Sandstorm
|-heal|p1a: Keldeo|69/100|[from] item: Leftovers
|-heal|p2a: Démétéros-Totem|15/100|[from] item: Leftovers
|upkeep
|turn|25
|
|t:|1724674128
|move|p1a: Keldeo|Scald|p2a: Démétéros-Totem
|-supereffective|p2a: Démétéros-Totem
|-damage|p2a: Démétéros-Totem|0 fnt
|faint|p2a: Démétéros-Totem
|
|-weather|Sandstorm|[upkeep]
|-damage|p1a: Keldeo|63/100|[from] Sandstorm
|-heal|p1a: Keldeo|69/100|[from] item: Leftovers
|upkeep
|
|t:|1724674138
|switch|p2a: Latios|Latios, M|100/100
|-damage|p2a: Latios|88/100|[from] Stealth Rock
|turn|26
|
|t:|1724674143
|switch|p1a: Landorus|Landorus-Therian, M|3/100
|-damage|p1a: Landorus|0 fnt|[from] Stealth Rock
|faint|p1a: Landorus
|move|p2a: Latios|Trick|p1: Landorus|[notarget]
|-fail|p2a: Latios
|
|-weather|Sandstorm|[upkeep]
|-damage|p2a: Latios|82/100|[from] Sandstorm
|upkeep
|
|t:|1724674146
|switch|p1a: Tyranitar|Tyranitar, M|100/100
|-damage|p1a: Tyranitar|88/100|[from] Stealth Rock
|turn|27
|
|t:|1724674152
|move|p2a: Latios|Trick|p1a: Tyranitar
|-activate|p2a: Latios|move: Trick|[of] p1a: Tyranitar
|-item|p1a: Tyranitar|Choice Scarf|[from] move: Trick
|-item|p2a: Latios|Chople Berry|[from] move: Trick
|move|p1a: Tyranitar|Thunder Wave|p2a: Latios
|-status|p2a: Latios|par
|
|-weather|Sandstorm|[upkeep]
|-damage|p2a: Latios|76/100 par|[from] Sandstorm
|upkeep
|turn|28
|
|t:|1724674159
|move|p1a: Tyranitar|Thunder Wave|p2a: Latios
|-fail|p2a: Latios|par
|move|p2a: Latios|Psyshock|p1a: Tyranitar
|-immune|p1a: Tyranitar
|
|-weather|Sandstorm|[upkeep]
|-damage|p2a: Latios|70/100 par|[from] Sandstorm
|upkeep
|turn|29
|
|t:|1724674163
|move|p1a: Tyranitar|Thunder Wave|p2a: Latios
|-fail|p2a: Latios|par
|move|p2a: Latios|Surf|p1a: Tyranitar
|-supereffective|p1a: Tyranitar
|-damage|p1a: Tyranitar|60/100
|
|-weather|Sandstorm|[upkeep]
|-damage|p2a: Latios|64/100 par|[from] Sandstorm
|upkeep
|turn|30
|
|t:|1724674167
|move|p1a: Tyranitar|Thunder Wave|p2a: Latios
|-fail|p2a: Latios|par
|cant|p2a: Latios|par
|
|-weather|Sandstorm|[upkeep]
|-damage|p2a: Latios|58/100 par|[from] Sandstorm
|upkeep
|turn|31
|
|t:|1724674171
|move|p1a: Tyranitar|Thunder Wave|p2a: Latios
|-fail|p2a: Latios|par
|cant|p2a: Latios|par
|
|-weather|Sandstorm|[upkeep]
|-damage|p2a: Latios|52/100 par|[from] Sandstorm
|upkeep
|turn|32
|
|t:|1724674172
|move|p1a: Tyranitar|Thunder Wave|p2a: Latios
|-fail|p2a: Latios|par
|move|p2a: Latios|Surf|p1a: Tyranitar
|-supereffective|p1a: Tyranitar
|-damage|p1a: Tyranitar|33/100
|
|-weather|Sandstorm|[upkeep]
|-damage|p2a: Latios|46/100 par|[from] Sandstorm
|upkeep
|turn|33
|
|t:|1724674174
|move|p1a: Tyranitar|Thunder Wave|p2a: Latios
|-fail|p2a: Latios|par
|move|p2a: Latios|Draco Meteor|p1a: Tyranitar
|-damage|p1a: Tyranitar|0 fnt
|-unboost|p2a: Latios|spa|2
|faint|p1a: Tyranitar
|
|-weather|Sandstorm|[upkeep]
|-damage|p2a: Latios|40/100 par|[from] Sandstorm
|upkeep
|
|t:|1724674176
|switch|p1a: Keldeo|Keldeo|69/100
|-damage|p1a: Keldeo|63/100|[from] Stealth Rock
|turn|34
|
|t:|1724674178
|move|p1a: Keldeo|Protect|p1a: Keldeo
|-singleturn|p1a: Keldeo|Protect
|move|p2a: Latios|Psyshock|p1a: Keldeo
|-activate|p1a: Keldeo|move: Protect
|
|-weather|Sandstorm|[upkeep]
|-damage|p1a: Keldeo|56/100|[from] Sandstorm
|-damage|p2a: Latios|34/100 par|[from] Sandstorm
|-heal|p1a: Keldeo|63/100|[from] item: Leftovers
|upkeep
|turn|35
|
|t:|1724674184
|move|p1a: Keldeo|Secret Sword|p2a: Latios
|-resisted|p2a: Latios
|-damage|p2a: Latios|6/100 par
|move|p2a: Latios|Psyshock|p1a: Keldeo
|-supereffective|p1a: Keldeo
|-damage|p1a: Keldeo|16/100
|
|-weather|Sandstorm|[upkeep]
|-damage|p1a: Keldeo|10/100|[from] Sandstorm
|-damage|p2a: Latios|0 fnt|[from] Sandstorm
|faint|p2a: Latios
|-heal|p1a: Keldeo|16/100|[from] item: Leftovers
|upkeep
|
|t:|1724674187
|switch|p2a: Keldeo|Keldeo|94/100
|-damage|p2a: Keldeo|88/100|[from] Stealth Rock
|turn|36
|
|t:|1724674188
|move|p1a: Keldeo|Secret Sword|p2a: Keldeo
|-damage|p2a: Keldeo|40/100
|move|p2a: Keldeo|Secret Sword|p1a: Keldeo
|-damage|p1a: Keldeo|0 fnt
|faint|p1a: Keldeo
|
|win|L'Ardecho
|raw|PirateDesCarabing's rating: 1361 &rarr; <strong>1338</strong><br />(-23 for losing)
|raw|L&apos;Ardecho's rating: 1302 &rarr; <strong>1325</strong><br />(+23 for winning)
|l|☆PirateDesCarabing
|player|p1|
|c|☆L'Ardecho|gg
