|j|☆stonya
|j|☆phewms
|t:|1706661042
|gametype|singles
|player|p1|stonya|1|1442
|player|p2|phewms|bugcatcher-gen4dp|1400
|teamsize|p1|6
|teamsize|p2|6
|gen|5
|tier|[Gen 5] OU
|rated|
|rule|Species Clause: Limit one of each Pokémon
|rule|OHKO Clause: OHKO moves are banned
|rule|Moody Clause: Moody is banned
|rule|Evasion Items Clause: Evasion items are banned
|rule|Evasion Moves Clause: Evasion moves are banned
|rule|Endless Battle Clause: Forcing endless battles is banned
|rule|HP Percentage Mod: HP is shown in percentages
|rule|Evasion Abilities Clause: Evasion abilities are banned
|rule|Sleep Moves Clause: Sleep-inducing moves are banned
|rule|Swagger Clause: Swagger is banned
|rule|Baton Pass Stat Clause: No Baton Passer may have a way to boost its stats
|clearpoke
|poke|p1|Tyranitar, M|item
|poke|p1|Magnezone|item
|poke|p1|Terrakion|item
|poke|p1|Latios, M|item
|poke|p1|Scizor, M|item
|poke|p1|Landorus-Therian, M|item
|poke|p2|Ferrothorn, F|item
|poke|p2|Tentacruel, F|item
|poke|p2|Politoed, M|item
|poke|p2|Latios, M|item
|poke|p2|Thundurus-Therian, M|item
|poke|p2|Dragonite, M|item
|teampreview
|
|t:|1706661049
|start
|switch|p1a: Ray Allen|Magnezone|100/100
|switch|p2a: Dragonite|Dragonite, M|100/100
|turn|1
|
|t:|1706661060
|switch|p1a: Bron Bron|Landorus-Therian, M|100/100
|-ability|p1a: Bron Bron|Intimidate|boost
|-unboost|p2a: Dragonite|atk|1
|move|p2a: Dragonite|Superpower|p1a: Bron Bron
|-resisted|p1a: Bron Bron
|-damage|p1a: Bron Bron|81/100
|-unboost|p2a: Dragonite|atk|1
|-unboost|p2a: Dragonite|def|1
|-damage|p2a: Dragonite|91/100|[from] item: Life Orb
|
|upkeep
|turn|2
|
|t:|1706661064
|switch|p2a: Politoed|Politoed, M|100/100
|-weather|RainDance|[from] ability: Drizzle|[of] p2a: Politoed
|move|p1a: Bron Bron|U-turn|p2a: Politoed
|-damage|p2a: Politoed|77/100
|
|t:|1706661066
|switch|p1a: Pat Riely|Tyranitar, M|100/100|[from] U-turn
|-weather|Sandstorm|[from] ability: Sand Stream|[of] p1a: Pat Riely
|
|-weather|Sandstorm|[upkeep]
|-damage|p2a: Politoed|71/100|[from] Sandstorm
|-heal|p2a: Politoed|77/100|[from] item: Leftovers
|upkeep
|turn|3
|
|t:|1706661074
|move|p2a: Politoed|Scald|p1a: Pat Riely
|-supereffective|p1a: Pat Riely
|-damage|p1a: Pat Riely|78/100
|move|p1a: Pat Riely|Stealth Rock|p2a: Politoed
|-sidestart|p2: phewms|move: Stealth Rock
|
|-weather|Sandstorm|[upkeep]
|-damage|p2a: Politoed|71/100|[from] Sandstorm
|-heal|p2a: Politoed|77/100|[from] item: Leftovers
|-heal|p1a: Pat Riely|84/100|[from] item: Leftovers
|upkeep
|turn|4
|
|t:|1706661079
|switch|p1a: Bosh|Latios, M, shiny|100/100
|move|p2a: Politoed|Scald|p1a: Bosh
|-resisted|p1a: Bosh
|-damage|p1a: Bosh|86/100
|
|-weather|Sandstorm|[upkeep]
|-damage|p1a: Bosh|80/100|[from] Sandstorm
|-damage|p2a: Politoed|71/100|[from] Sandstorm
|-heal|p2a: Politoed|77/100|[from] item: Leftovers
|upkeep
|turn|5
|
|t:|1706661085
|move|p2a: Politoed|Protect|p2a: Politoed
|-singleturn|p2a: Politoed|Protect
|move|p1a: Bosh|Energy Ball|p2a: Politoed
|-activate|p2a: Politoed|move: Protect
|
|-weather|Sandstorm|[upkeep]
|-damage|p1a: Bosh|74/100|[from] Sandstorm
|-damage|p2a: Politoed|71/100|[from] Sandstorm
|-heal|p2a: Politoed|77/100|[from] item: Leftovers
|upkeep
|turn|6
|
|t:|1706661090
|switch|p1a: Ray Allen|Magnezone|100/100
|switch|p2a: Dragonite|Dragonite, M|91/100
|-damage|p2a: Dragonite|66/100|[from] Stealth Rock
|
|-weather|Sandstorm|[upkeep]
|-damage|p2a: Dragonite|60/100|[from] Sandstorm
|upkeep
|turn|7
|
|t:|1706661092
|switch|p1a: Bron Bron|Landorus-Therian, M|81/100
|-ability|p1a: Bron Bron|Intimidate|boost
|-unboost|p2a: Dragonite|atk|1
|move|p2a: Dragonite|Aqua Tail|p1a: Bron Bron
|-supereffective|p1a: Bron Bron
|-crit|p1a: Bron Bron
|-damage|p1a: Bron Bron|0 fnt
|faint|p1a: Bron Bron
|-damage|p2a: Dragonite|50/100|[from] item: Life Orb
|
|-weather|Sandstorm|[upkeep]
|-damage|p2a: Dragonite|44/100|[from] Sandstorm
|upkeep
|
|t:|1706661099
|switch|p1a: Miller|Scizor, M, shiny|100/100
|turn|8
|
|t:|1706661104
|move|p1a: Miller|Bullet Punch|p2a: Dragonite
|-crit|p2a: Dragonite
|-damage|p2a: Dragonite|0 fnt
|faint|p2a: Dragonite
|
|-weather|Sandstorm|[upkeep]
|upkeep
|
|t:|1706661106
|switch|p2a: Tentacruel|Tentacruel, F|100/100
|-damage|p2a: Tentacruel|88/100|[from] Stealth Rock
|turn|9
|
|t:|1706661110
|switch|p1a: Bosh|Latios, M, shiny|74/100
|move|p2a: Tentacruel|Scald|p1a: Bosh
|-resisted|p1a: Bosh
|-crit|p1a: Bosh
|-damage|p1a: Bosh|50/100
|-status|p1a: Bosh|brn
|
|-weather|Sandstorm|[upkeep]
|-damage|p1a: Bosh|44/100 brn|[from] Sandstorm
|-damage|p2a: Tentacruel|82/100|[from] Sandstorm
|-heal|p2a: Tentacruel|88/100|[from] item: Black Sludge
|-damage|p1a: Bosh|31/100 brn|[from] brn
|upkeep
|turn|10
|
|t:|1706661116
|move|p2a: Tentacruel|Protect|p2a: Tentacruel
|-singleturn|p2a: Tentacruel|Protect
|move|p1a: Bosh|Energy Ball|p2a: Tentacruel
|-activate|p2a: Tentacruel|move: Protect
|
|-weather|Sandstorm|[upkeep]
|-damage|p1a: Bosh|25/100 brn|[from] Sandstorm
|-damage|p2a: Tentacruel|82/100|[from] Sandstorm
|-heal|p2a: Tentacruel|88/100|[from] item: Black Sludge
|-damage|p1a: Bosh|13/100 brn|[from] brn
|upkeep
|turn|11
|
|t:|1706661119
|move|p1a: Bosh|Psyshock|p2a: Tentacruel
|-supereffective|p2a: Tentacruel
|-damage|p2a: Tentacruel|0 fnt
|faint|p2a: Tentacruel
|
|-weather|Sandstorm|[upkeep]
|-damage|p1a: Bosh|7/100 brn|[from] Sandstorm
|-damage|p1a: Bosh|0 fnt|[from] brn
|faint|p1a: Bosh
|upkeep
|
|t:|1706661132
|switch|p1a: D.Wade|Terrakion|100/100
|switch|p2a: Politoed|Politoed, M|77/100
|-damage|p2a: Politoed|65/100|[from] Stealth Rock
|-weather|RainDance|[from] ability: Drizzle|[of] p2a: Politoed
|turn|12
|
|t:|1706661136
|switch|p1a: Pat Riely|Tyranitar, M|84/100
|-weather|Sandstorm|[from] ability: Sand Stream|[of] p1a: Pat Riely
|move|p2a: Politoed|Scald|p1a: Pat Riely
|-supereffective|p1a: Pat Riely
|-damage|p1a: Pat Riely|62/100
|-status|p1a: Pat Riely|brn
|
|-weather|Sandstorm|[upkeep]
|-damage|p2a: Politoed|59/100|[from] Sandstorm
|-heal|p2a: Politoed|65/100|[from] item: Leftovers
|-heal|p1a: Pat Riely|68/100 brn|[from] item: Leftovers
|-damage|p1a: Pat Riely|55/100 brn|[from] brn
|upkeep
|turn|13
|
|t:|1706661150
|switch|p2a: Ferrothorn|Ferrothorn, F|100/100
|-damage|p2a: Ferrothorn|94/100|[from] Stealth Rock
|move|p1a: Pat Riely|Roar|p2a: Ferrothorn
|drag|p2a: Latios|Latios, M|100/100
|-damage|p2a: Latios|88/100|[from] Stealth Rock
|
|-weather|Sandstorm|[upkeep]
|-damage|p2a: Latios|82/100|[from] Sandstorm
|-heal|p1a: Pat Riely|62/100 brn|[from] item: Leftovers
|-damage|p1a: Pat Riely|49/100 brn|[from] brn
|upkeep
|turn|14
|
|t:|1706661158
|move|p2a: Latios|Draco Meteor|p1a: Pat Riely
|-damage|p1a: Pat Riely|2/100 brn
|-unboost|p2a: Latios|spa|2
|move|p1a: Pat Riely|Ice Beam|p2a: Latios
|-supereffective|p2a: Latios
|-crit|p2a: Latios
|-damage|p2a: Latios|0 fnt
|faint|p2a: Latios
|
|-weather|Sandstorm|[upkeep]
|-heal|p1a: Pat Riely|8/100 brn|[from] item: Leftovers
|-damage|p1a: Pat Riely|0 fnt|[from] brn
|faint|p1a: Pat Riely
|upkeep
|
|t:|1706661167
|switch|p2a: Politoed|Politoed, M|65/100
|switch|p1a: Miller|Scizor, M, shiny|100/100
|-damage|p2a: Politoed|52/100|[from] Stealth Rock
|-weather|RainDance|[from] ability: Drizzle|[of] p2a: Politoed
|turn|15
|
|t:|1706661171
|move|p2a: Politoed|Protect|p2a: Politoed
|-singleturn|p2a: Politoed|Protect
|move|p1a: Miller|U-turn|p2a: Politoed
|-activate|p2a: Politoed|move: Protect
|
|-weather|RainDance|[upkeep]
|-heal|p2a: Politoed|59/100|[from] item: Leftovers
|upkeep
|turn|16
|
|t:|1706661174
|move|p2a: Politoed|Scald|p1a: Miller
|-damage|p1a: Miller|59/100
|-status|p1a: Miller|brn
|move|p1a: Miller|U-turn|p2a: Politoed
|-damage|p2a: Politoed|36/100
|
|t:|1706661179
|switch|p1a: Ray Allen|Magnezone|100/100|[from] U-turn
|
|-weather|RainDance|[upkeep]
|-heal|p2a: Politoed|42/100|[from] item: Leftovers
|upkeep
|turn|17
|
|t:|1706661182
|move|p2a: Politoed|Protect|p2a: Politoed
|-singleturn|p2a: Politoed|Protect
|move|p1a: Ray Allen|Substitute|p1a: Ray Allen
|-start|p1a: Ray Allen|Substitute
|-damage|p1a: Ray Allen|76/100
|
|-weather|RainDance|[upkeep]
|-heal|p1a: Ray Allen|82/100|[from] item: Leftovers
|-heal|p2a: Politoed|48/100|[from] item: Leftovers
|upkeep
|turn|18
|
|t:|1706661187
|move|p1a: Ray Allen|Flash Cannon|p2a: Politoed
|-resisted|p2a: Politoed
|-damage|p2a: Politoed|31/100
|-unboost|p2a: Politoed|spd|1
|move|p2a: Politoed|Encore|p1a: Ray Allen
|-start|p1a: Ray Allen|Encore
|
|-weather|RainDance|[upkeep]
|-heal|p1a: Ray Allen|88/100|[from] item: Leftovers
|-heal|p2a: Politoed|37/100|[from] item: Leftovers
|upkeep
|turn|19
|
|t:|1706661190
|move|p1a: Ray Allen|Flash Cannon|p2a: Politoed
|-resisted|p2a: Politoed
|-damage|p2a: Politoed|11/100
|move|p2a: Politoed|Scald|p1a: Ray Allen
|-end|p1a: Ray Allen|Substitute
|
|-weather|RainDance|[upkeep]
|-heal|p1a: Ray Allen|94/100|[from] item: Leftovers
|-heal|p2a: Politoed|17/100|[from] item: Leftovers
|upkeep
|turn|20
|
|t:|1706661195
|switch|p2a: Thundurus|Thundurus-Therian, M|100/100
|-damage|p2a: Thundurus|75/100|[from] Stealth Rock
|move|p1a: Ray Allen|Flash Cannon|p2a: Thundurus
|-resisted|p2a: Thundurus
|-damage|p2a: Thundurus|46/100
|
|-weather|RainDance|[upkeep]
|-heal|p2a: Thundurus|52/100|[from] item: Leftovers
|-heal|p1a: Ray Allen|99/100|[from] item: Leftovers
|upkeep
|turn|21
|
|t:|1706661200
|switch|p1a: Miller|Scizor, M, shiny|59/100 brn
|move|p2a: Thundurus|Agility|p2a: Thundurus
|-boost|p2a: Thundurus|spe|2
|
|-weather|RainDance|[upkeep]
|-heal|p2a: Thundurus|58/100|[from] item: Leftovers
|-damage|p1a: Miller|47/100 brn|[from] brn
|upkeep
|turn|22
|
|t:|1706661202
|move|p1a: Miller|Bullet Punch|p2a: Thundurus
|-resisted|p2a: Thundurus
|-damage|p2a: Thundurus|40/100
|move|p2a: Thundurus|Thunder|p1a: Miller
|-damage|p1a: Miller|0 fnt
|faint|p1a: Miller
|
|-weather|RainDance|[upkeep]
|-heal|p2a: Thundurus|46/100|[from] item: Leftovers
|upkeep
|
|t:|1706661205
|switch|p1a: D.Wade|Terrakion|100/100
|turn|23
|
|t:|1706661208
|move|p2a: Thundurus|Thunder|p1a: D.Wade
|-damage|p1a: D.Wade|9/100
|move|p1a: D.Wade|Stone Edge|p2a: Thundurus
|-supereffective|p2a: Thundurus
|-damage|p2a: Thundurus|0 fnt
|faint|p2a: Thundurus
|
|-weather|RainDance|[upkeep]
|upkeep
|
|t:|1706661213
|switch|p2a: Ferrothorn|Ferrothorn, F|94/100
|-damage|p2a: Ferrothorn|88/100|[from] Stealth Rock
|turn|24
|
|t:|1706661218
|move|p1a: D.Wade|Stone Edge|p2a: Ferrothorn
|-resisted|p2a: Ferrothorn
|-crit|p2a: Ferrothorn
|-damage|p2a: Ferrothorn|48/100
|move|p2a: Ferrothorn|Leech Seed|p1a: D.Wade
|-start|p1a: D.Wade|move: Leech Seed
|
|-weather|RainDance|[upkeep]
|-heal|p2a: Ferrothorn|54/100|[from] item: Leftovers
|-damage|p1a: D.Wade|0 fnt|[from] Leech Seed|[of] p2a: Ferrothorn
|-heal|p2a: Ferrothorn|61/100|[silent]
|faint|p1a: D.Wade
|upkeep
|
|t:|1706661220
|switch|p1a: Ray Allen|Magnezone|99/100
|turn|25
|
|t:|1706661224
|move|p1a: Ray Allen|Substitute|p1a: Ray Allen
|-start|p1a: Ray Allen|Substitute
|-damage|p1a: Ray Allen|75/100
|move|p2a: Ferrothorn|Gyro Ball|p1a: Ray Allen
|-resisted|p1a: Ray Allen
|-activate|p1a: Ray Allen|Substitute|[damage]
|
|-weather|RainDance|[upkeep]
|-heal|p1a: Ray Allen|81/100|[from] item: Leftovers
|-heal|p2a: Ferrothorn|68/100|[from] item: Leftovers
|upkeep
|turn|26
|
|t:|1706661226
|move|p1a: Ray Allen|Charge Beam|p2a: Ferrothorn
|-resisted|p2a: Ferrothorn
|-damage|p2a: Ferrothorn|59/100
|-boost|p1a: Ray Allen|spa|1
|move|p2a: Ferrothorn|Gyro Ball|p1a: Ray Allen
|-resisted|p1a: Ray Allen
|-end|p1a: Ray Allen|Substitute
|
|-weather|RainDance|[upkeep]
|-heal|p1a: Ray Allen|87/100|[from] item: Leftovers
|-heal|p2a: Ferrothorn|66/100|[from] item: Leftovers
|upkeep
|turn|27
|
|t:|1706661231
|move|p1a: Ray Allen|Substitute|p1a: Ray Allen
|-start|p1a: Ray Allen|Substitute
|-damage|p1a: Ray Allen|62/100
|move|p2a: Ferrothorn|Gyro Ball|p1a: Ray Allen
|-resisted|p1a: Ray Allen
|-activate|p1a: Ray Allen|Substitute|[damage]
|
|-weather|RainDance|[upkeep]
|-heal|p1a: Ray Allen|68/100|[from] item: Leftovers
|-heal|p2a: Ferrothorn|72/100|[from] item: Leftovers
|upkeep
|turn|28
|-message|phewms forfeited.
|
|win|stonya
|raw|stonya's rating: 1442 &rarr; <strong>1460</strong><br />(+18 for winning)
|raw|phewms's rating: 1400 &rarr; <strong>1382</strong><br />(-18 for losing)
|l|☆phewms
|player|p2|
