|j|☆h4v0ckn1ght
|j|☆authentise_is_shit
|t:|1706029872
|gametype|singles
|player|p1|h4v0ckn1ght|erika|1368
|player|p2|authentise_is_shit|169|1406
|teamsize|p1|6
|teamsize|p2|6
|gen|5
|tier|[Gen 5] OU
|rated|
|rule|Species Clause: Limit one of each Pokémon
|rule|OHKO Clause: OHKO moves are banned
|rule|Moody Clause: Moody is banned
|rule|Evasion Items Clause: Evasion items are banned
|rule|Evasion Moves Clause: Evasion moves are banned
|rule|Endless Battle Clause: Forcing endless battles is banned
|rule|HP Percentage Mod: HP is shown in percentages
|rule|Evasion Abilities Clause: Evasion abilities are banned
|rule|Sleep Moves Clause: Sleep-inducing moves are banned
|rule|Swagger Clause: Swagger is banned
|rule|Baton Pass Stat Clause: No Baton Passer may have a way to boost its stats
|clearpoke
|poke|p1|Latios, M|item
|poke|p1|Clefable, M|item
|poke|p1|Ferrothorn, F|item
|poke|p1|Terrakion|item
|poke|p1|Jellicent, M|item
|poke|p1|Alakazam, F|item
|poke|p2|Jirachi|item
|poke|p2|Tyranitar, F|item
|poke|p2|Latios, M|item
|poke|p2|Reuniclus, M|item
|poke|p2|Landorus-Therian, M|item
|poke|p2|Rotom-Wash|item
|teampreview
|inactive|Battle timer is ON: inactive players will automatically lose when time's up. (requested by h4v0ckn1ght)
|inactive|authentise_is_shit has 120 seconds left.
|
|t:|1706029924
|start
|switch|p1a: Latios|Latios, M|100/100
|switch|p2a: Jirachi|Jirachi|100/100
|turn|1
|
|t:|1706029946
|switch|p1a: Ferrothorn|Ferrothorn, F|100/100
|move|p2a: Jirachi|U-turn|p1a: Ferrothorn
|-damage|p1a: Ferrothorn|92/100
|-damage|p2a: Jirachi|88/100|[from] ability: Iron Barbs|[of] p1a: Ferrothorn
|
|t:|1706029953
|switch|p2a: Tyranitar|Tyranitar, F|100/100|[from] U-turn
|-weather|Sandstorm|[from] ability: Sand Stream|[of] p2a: Tyranitar
|
|-weather|Sandstorm|[upkeep]
|-heal|p1a: Ferrothorn|99/100|[from] item: Leftovers
|upkeep
|turn|2
|
|t:|1706029966
|switch|p1a: Jellicent|Jellicent, M|100/100
|-item|p1a: Jellicent|Air Balloon
|move|p2a: Tyranitar|Fire Blast|p1a: Jellicent
|-resisted|p1a: Jellicent
|-damage|p1a: Jellicent|92/100
|-enditem|p1a: Jellicent|Air Balloon
|
|-weather|Sandstorm|[upkeep]
|-damage|p1a: Jellicent|86/100|[from] Sandstorm
|upkeep
|turn|3
|
|t:|1706029974
|move|p2a: Tyranitar|Stealth Rock|p1a: Jellicent
|-sidestart|p1: h4v0ckn1ght|move: Stealth Rock
|move|p1a: Jellicent|Will-O-Wisp|p2a: Tyranitar|[miss]
|-miss|p1a: Jellicent|p2a: Tyranitar
|
|-weather|Sandstorm|[upkeep]
|-damage|p1a: Jellicent|80/100|[from] Sandstorm
|upkeep
|turn|4
|
|t:|1706029980
|switch|p2a: Rotom|Rotom-Wash|100/100
|move|p1a: Jellicent|Will-O-Wisp|p2a: Rotom
|-status|p2a: Rotom|brn
|
|-weather|Sandstorm|[upkeep]
|-damage|p2a: Rotom|95/100 brn|[from] Sandstorm
|-damage|p1a: Jellicent|74/100|[from] Sandstorm
|-damage|p2a: Rotom|82/100 brn|[from] brn
|upkeep
|turn|5
|
|t:|1706029983
|move|p2a: Rotom|Volt Switch|p1a: Jellicent
|-supereffective|p1a: Jellicent
|-damage|p1a: Jellicent|42/100
|
|t:|1706029989
|switch|p2a: Reuniclus|Reuniclus, M|100/100|[from] Volt Switch
|move|p1a: Jellicent|Recover|p1a: Jellicent
|-heal|p1a: Jellicent|92/100
|
|-weather|Sandstorm|[upkeep]
|-damage|p1a: Jellicent|86/100|[from] Sandstorm
|upkeep
|turn|6
|
|t:|1706029995
|move|p1a: Jellicent|Night Shade|p2a: Reuniclus
|-damage|p2a: Reuniclus|77/100
|move|p2a: Reuniclus|Calm Mind|p2a: Reuniclus
|-boost|p2a: Reuniclus|spa|1
|-boost|p2a: Reuniclus|spd|1
|
|-weather|Sandstorm|[upkeep]
|-damage|p1a: Jellicent|80/100|[from] Sandstorm
|-heal|p2a: Reuniclus|83/100|[from] item: Leftovers
|upkeep
|turn|7
|
|t:|1706029998
|move|p1a: Jellicent|Night Shade|p2a: Reuniclus
|-damage|p2a: Reuniclus|59/100
|move|p2a: Reuniclus|Psychic|p1a: Jellicent
|-damage|p1a: Jellicent|43/100
|
|-weather|Sandstorm|[upkeep]
|-damage|p1a: Jellicent|36/100|[from] Sandstorm
|-heal|p2a: Reuniclus|66/100|[from] item: Leftovers
|upkeep
|turn|8
|
|t:|1706030001
|move|p1a: Jellicent|Recover|p1a: Jellicent
|-heal|p1a: Jellicent|86/100
|move|p2a: Reuniclus|Recover|p2a: Reuniclus
|-heal|p2a: Reuniclus|100/100
|
|-weather|Sandstorm|[upkeep]
|-damage|p1a: Jellicent|80/100|[from] Sandstorm
|upkeep
|turn|9
|
|t:|1706030003
|move|p1a: Jellicent|Night Shade|p2a: Reuniclus
|-damage|p2a: Reuniclus|77/100
|move|p2a: Reuniclus|Calm Mind|p2a: Reuniclus
|-boost|p2a: Reuniclus|spa|1
|-boost|p2a: Reuniclus|spd|1
|
|-weather|Sandstorm|[upkeep]
|-damage|p1a: Jellicent|74/100|[from] Sandstorm
|-heal|p2a: Reuniclus|83/100|[from] item: Leftovers
|upkeep
|turn|10
|
|t:|1706030005
|switch|p1a: Clefable|Clefable, M|100/100
|move|p2a: Reuniclus|Calm Mind|p2a: Reuniclus
|-boost|p2a: Reuniclus|spa|1
|-boost|p2a: Reuniclus|spd|1
|
|-weather|Sandstorm|[upkeep]
|-heal|p2a: Reuniclus|89/100|[from] item: Leftovers
|upkeep
|turn|11
|
|t:|1706030008
|move|p1a: Clefable|Thunder Wave|p2a: Reuniclus
|-status|p2a: Reuniclus|par
|move|p2a: Reuniclus|Focus Blast|p1a: Clefable|[miss]
|-miss|p2a: Reuniclus|p1a: Clefable
|
|-weather|Sandstorm|[upkeep]
|-heal|p2a: Reuniclus|95/100 par|[from] item: Leftovers
|upkeep
|turn|12
|
|t:|1706030012
|move|p1a: Clefable|Stealth Rock|p2a: Reuniclus
|-sidestart|p2: authentise_is_shit|move: Stealth Rock
|move|p2a: Reuniclus|Focus Blast|p1a: Clefable
|-supereffective|p1a: Clefable
|-crit|p1a: Clefable
|-damage|p1a: Clefable|0 fnt
|faint|p1a: Clefable
|
|-weather|Sandstorm|[upkeep]
|-heal|p2a: Reuniclus|100/100 par|[from] item: Leftovers
|upkeep
|
|t:|1706030022
|switch|p1a: Alakazam|Alakazam, F|100/100
|turn|13
|
|t:|1706030025
|move|p1a: Alakazam|Encore|p2a: Reuniclus
|-start|p2a: Reuniclus|Encore
|move|p2a: Reuniclus|Focus Blast|p1a: Alakazam
|-resisted|p1a: Alakazam
|-damage|p1a: Alakazam|37/100
|
|-weather|Sandstorm|[upkeep]
|upkeep
|turn|14
|
|t:|1706030030
|switch|p2a: Tyranitar|Tyranitar, F|100/100
|-damage|p2a: Tyranitar|88/100|[from] Stealth Rock
|move|p1a: Alakazam|Psychic|p2a: Tyranitar
|-immune|p2a: Tyranitar
|
|-weather|Sandstorm|[upkeep]
|upkeep
|turn|15
|
|t:|1706030033
|move|p1a: Alakazam|Focus Blast|p2a: Tyranitar|[miss]
|-miss|p1a: Alakazam|p2a: Tyranitar
|move|p2a: Tyranitar|Pursuit|p1a: Alakazam
|-supereffective|p1a: Alakazam
|-damage|p1a: Alakazam|0 fnt
|faint|p1a: Alakazam
|
|-weather|Sandstorm|[upkeep]
|upkeep
|
|t:|1706030035
|switch|p1a: Terrakion|Terrakion|100/100
|-damage|p1a: Terrakion|94/100|[from] Stealth Rock
|turn|16
|
|t:|1706030045
|switch|p2a: Reuniclus|Reuniclus, M|100/100 par
|move|p1a: Terrakion|Close Combat|p2a: Reuniclus
|-resisted|p2a: Reuniclus
|-damage|p2a: Reuniclus|77/100 par
|-unboost|p1a: Terrakion|def|1
|-unboost|p1a: Terrakion|spd|1
|
|-weather|Sandstorm|[upkeep]
|-heal|p2a: Reuniclus|84/100 par|[from] item: Leftovers
|upkeep
|turn|17
|
|t:|1706030051
|switch|p1a: Ferrothorn|Ferrothorn, F|99/100
|-damage|p1a: Ferrothorn|92/100|[from] Stealth Rock
|move|p2a: Reuniclus|Psychic|p1a: Ferrothorn
|-resisted|p1a: Ferrothorn
|-damage|p1a: Ferrothorn|77/100
|
|-weather|Sandstorm|[upkeep]
|-heal|p1a: Ferrothorn|83/100|[from] item: Leftovers
|-heal|p2a: Reuniclus|90/100 par|[from] item: Leftovers
|upkeep
|turn|18
|
|t:|1706030056
|switch|p2a: Jirachi|Jirachi|88/100
|-damage|p2a: Jirachi|82/100|[from] Stealth Rock
|move|p1a: Ferrothorn|Spikes|p2a: Jirachi
|-sidestart|p2: authentise_is_shit|Spikes
|
|-weather|Sandstorm|[upkeep]
|-heal|p1a: Ferrothorn|89/100|[from] item: Leftovers
|-status|p2a: Jirachi|brn|[from] item: Flame Orb
|upkeep
|turn|19
|
|t:|1706030066
|move|p1a: Ferrothorn|Protect|p1a: Ferrothorn
|-singleturn|p1a: Ferrothorn|Protect
|move|p2a: Jirachi|Trick|p1a: Ferrothorn
|-activate|p1a: Ferrothorn|move: Protect
|
|-weather|Sandstorm|[upkeep]
|-heal|p1a: Ferrothorn|96/100|[from] item: Leftovers
|-damage|p2a: Jirachi|70/100 brn|[from] brn
|upkeep
|turn|20
|
|t:|1706030070
|move|p2a: Jirachi|Trick|p1a: Ferrothorn
|-activate|p2a: Jirachi|move: Trick|[of] p1a: Ferrothorn
|-item|p1a: Ferrothorn|Flame Orb|[from] move: Trick
|-item|p2a: Jirachi|Leftovers|[from] move: Trick
|move|p1a: Ferrothorn|Spikes|p2a: Jirachi
|-sidestart|p2: authentise_is_shit|Spikes
|
|-weather|Sandstorm|[upkeep]
|-heal|p2a: Jirachi|76/100 brn|[from] item: Leftovers
|-damage|p2a: Jirachi|63/100 brn|[from] brn
|-status|p1a: Ferrothorn|brn|[from] item: Flame Orb
|upkeep
|turn|21
|
|t:|1706030075
|move|p2a: Jirachi|Doom Desire|p1a: Ferrothorn
|-start|p2a: Jirachi|Doom Desire
|move|p1a: Ferrothorn|Spikes|p2a: Jirachi
|-sidestart|p2: authentise_is_shit|Spikes
|
|-weather|Sandstorm|[upkeep]
|-heal|p2a: Jirachi|70/100 brn|[from] item: Leftovers
|-damage|p2a: Jirachi|57/100 brn|[from] brn
|-damage|p1a: Ferrothorn|83/100 brn|[from] brn
|upkeep
|turn|22
|
|t:|1706030078
|move|p2a: Jirachi|U-turn|p1a: Ferrothorn
|-damage|p1a: Ferrothorn|79/100 brn
|-damage|p2a: Jirachi|45/100 brn|[from] ability: Iron Barbs|[of] p1a: Ferrothorn
|
|t:|1706030081
|switch|p2a: Reuniclus|Reuniclus, M|90/100 par|[from] U-turn
|move|p1a: Ferrothorn|Leech Seed|p2a: Reuniclus
|-start|p2a: Reuniclus|move: Leech Seed
|
|-weather|Sandstorm|[upkeep]
|-heal|p2a: Reuniclus|96/100 par|[from] item: Leftovers
|-damage|p1a: Ferrothorn|67/100 brn|[from] brn
|upkeep
|turn|23
|
|t:|1706030093
|switch|p1a: Latios|Latios, M|100/100
|-damage|p1a: Latios|88/100|[from] Stealth Rock
|move|p2a: Reuniclus|Focus Blast|p1a: Latios
|-resisted|p1a: Latios
|-damage|p1a: Latios|72/100
|
|-weather|Sandstorm|[upkeep]
|-damage|p1a: Latios|66/100|[from] Sandstorm
|-end|p1a: Latios|move: Doom Desire
|-damage|p1a: Latios|5/100
|-heal|p2a: Reuniclus|100/100 par|[from] item: Leftovers
|upkeep
|turn|24
|
|t:|1706030103
|switch|p2a: Jirachi|Jirachi|45/100 brn
|-damage|p2a: Jirachi|39/100 brn|[from] Stealth Rock
|-damage|p2a: Jirachi|14/100 brn|[from] Spikes
|move|p1a: Latios|Draco Meteor|p2a: Jirachi
|-resisted|p2a: Jirachi
|-damage|p2a: Jirachi|0 fnt
|-unboost|p1a: Latios|spa|2
|faint|p2a: Jirachi
|
|-weather|Sandstorm|[upkeep]
|-damage|p1a: Latios|0 fnt|[from] Sandstorm
|faint|p1a: Latios
|upkeep
|
|t:|1706030108
|switch|p1a: Jellicent|Jellicent, M|74/100
|switch|p2a: Reuniclus|Reuniclus, M|100/100 par
|-damage|p1a: Jellicent|62/100|[from] Stealth Rock
|turn|25
|
|t:|1706030112
|move|p1a: Jellicent|Night Shade|p2a: Reuniclus
|-damage|p2a: Reuniclus|77/100 par
|move|p2a: Reuniclus|Calm Mind|p2a: Reuniclus
|-boost|p2a: Reuniclus|spa|1
|-boost|p2a: Reuniclus|spd|1
|
|-weather|Sandstorm|[upkeep]
|-damage|p1a: Jellicent|55/100|[from] Sandstorm
|-heal|p2a: Reuniclus|83/100 par|[from] item: Leftovers
|upkeep
|turn|26
|
|t:|1706030114
|move|p1a: Jellicent|Night Shade|p2a: Reuniclus
|-damage|p2a: Reuniclus|59/100 par
|cant|p2a: Reuniclus|par
|
|-weather|Sandstorm|[upkeep]
|-damage|p1a: Jellicent|49/100|[from] Sandstorm
|-heal|p2a: Reuniclus|66/100 par|[from] item: Leftovers
|upkeep
|turn|27
|
|t:|1706030117
|move|p1a: Jellicent|Night Shade|p2a: Reuniclus
|-damage|p2a: Reuniclus|42/100 par
|cant|p2a: Reuniclus|par
|
|-weather|Sandstorm|[upkeep]
|-damage|p1a: Jellicent|43/100|[from] Sandstorm
|-heal|p2a: Reuniclus|48/100 par|[from] item: Leftovers
|upkeep
|turn|28
|
|t:|1706030119
|move|p1a: Jellicent|Recover|p1a: Jellicent
|-heal|p1a: Jellicent|93/100
|move|p2a: Reuniclus|Recover|p2a: Reuniclus
|-heal|p2a: Reuniclus|98/100 par
|
|-weather|Sandstorm|[upkeep]
|-damage|p1a: Jellicent|87/100|[from] Sandstorm
|-heal|p2a: Reuniclus|100/100 par|[from] item: Leftovers
|upkeep
|turn|29
|
|t:|1706030121
|move|p1a: Jellicent|Night Shade|p2a: Reuniclus
|-damage|p2a: Reuniclus|77/100 par
|move|p2a: Reuniclus|Calm Mind|p2a: Reuniclus
|-boost|p2a: Reuniclus|spa|1
|-boost|p2a: Reuniclus|spd|1
|
|-weather|Sandstorm|[upkeep]
|-damage|p1a: Jellicent|81/100|[from] Sandstorm
|-heal|p2a: Reuniclus|83/100 par|[from] item: Leftovers
|upkeep
|turn|30
|
|t:|1706030124
|move|p1a: Jellicent|Night Shade|p2a: Reuniclus
|-damage|p2a: Reuniclus|59/100 par
|move|p2a: Reuniclus|Calm Mind|p2a: Reuniclus
|-boost|p2a: Reuniclus|spa|1
|-boost|p2a: Reuniclus|spd|1
|
|-weather|Sandstorm|[upkeep]
|-damage|p1a: Jellicent|75/100|[from] Sandstorm
|-heal|p2a: Reuniclus|66/100 par|[from] item: Leftovers
|upkeep
|turn|31
|
|t:|1706030126
|move|p1a: Jellicent|Night Shade|p2a: Reuniclus
|-damage|p2a: Reuniclus|42/100 par
|move|p2a: Reuniclus|Recover|p2a: Reuniclus
|-heal|p2a: Reuniclus|92/100 par
|
|-weather|Sandstorm|[upkeep]
|-damage|p1a: Jellicent|68/100|[from] Sandstorm
|-heal|p2a: Reuniclus|98/100 par|[from] item: Leftovers
|upkeep
|turn|32
|
|t:|1706030128
|move|p1a: Jellicent|Night Shade|p2a: Reuniclus
|-damage|p2a: Reuniclus|75/100 par
|cant|p2a: Reuniclus|par
|
|-weather|Sandstorm|[upkeep]
|-damage|p1a: Jellicent|62/100|[from] Sandstorm
|-heal|p2a: Reuniclus|81/100 par|[from] item: Leftovers
|upkeep
|turn|33
|
|t:|1706030130
|move|p1a: Jellicent|Night Shade|p2a: Reuniclus
|-damage|p2a: Reuniclus|57/100 par
|move|p2a: Reuniclus|Psychic|p1a: Jellicent
|-damage|p1a: Jellicent|0 fnt
|faint|p1a: Jellicent
|
|-weather|Sandstorm|[upkeep]
|-heal|p2a: Reuniclus|63/100 par|[from] item: Leftovers
|upkeep
|-message|h4v0ckn1ght forfeited.
|
|win|authentise_is_shit
|raw|h4v0ckn1ght's rating: 1368 &rarr; <strong>1350</strong><br />(-18 for losing)
|raw|authentise_is_shit's rating: 1406 &rarr; <strong>1424</strong><br />(+18 for winning)
