|j|☆Crimsonbacon38
|j|☆berdaniel
|t:|1720974181
|gametype|singles
|player|p1|Crimsonbacon38|barry|1299
|player|p2|berdaniel|101|1329
|teamsize|p1|6
|teamsize|p2|6
|gen|5
|tier|[Gen 5] OU
|rated|
|rule|Species Clause: Limit one of each Pokémon
|rule|OHKO Clause: OHKO moves are banned
|rule|Moody Clause: Moody is banned
|rule|Evasion Items Clause: Evasion items are banned
|rule|Evasion Moves Clause: Evasion moves are banned
|rule|Endless Battle Clause: Forcing endless battles is banned
|rule|HP Percentage Mod: HP is shown in percentages
|rule|Evasion Abilities Clause: Evasion abilities are banned
|rule|Sleep Moves Clause: Sleep-inducing moves are banned
|rule|Swagger Clause: Swagger is banned
|rule|Baton Pass Stat Clause: No Baton Passer may have a way to boost its stats
|clearpoke
|poke|p1|Tyranitar, F|item
|poke|p1|Excadrill, M|item
|poke|p1|Landorus-Therian, M|item
|poke|p1|Celebi|item
|poke|p1|Keldeo|item
|poke|p1|Latios, M|item
|poke|p2|Jellicent, F|item
|poke|p2|Ferrothorn, F|item
|poke|p2|Garchomp, F|item
|poke|p2|Keldeo|item
|poke|p2|Alakazam, F|item
|poke|p2|Magnezone|item
|teampreview
|inactive|Battle timer is ON: inactive players will automatically lose when time's up. (requested by berdaniel)
|inactive|Crimsonbacon38 has 120 seconds left.
|
|t:|1720974217
|start
|switch|p1a: Tyranitar|Tyranitar, F|100/100
|switch|p2a: Keldeo|Keldeo|100/100
|-weather|Sandstorm|[from] ability: Sand Stream|[of] p1a: Tyranitar
|turn|1
|
|t:|1720974220
|switch|p1a: Celebi|Celebi|100/100
|move|p2a: Keldeo|Secret Sword|p1a: Celebi
|-resisted|p1a: Celebi
|-damage|p1a: Celebi|83/100
|
|-weather|Sandstorm|[upkeep]
|-damage|p2a: Keldeo|94/100|[from] Sandstorm
|-damage|p1a: Celebi|77/100|[from] Sandstorm
|-heal|p2a: Keldeo|100/100|[from] item: Leftovers
|-heal|p1a: Celebi|83/100|[from] item: Leftovers
|upkeep
|turn|2
|
|t:|1720974234
|switch|p2a: Ferrothorn|Ferrothorn, F|100/100
|move|p1a: Celebi|Leech Seed|p2a: Ferrothorn
|-immune|p2a: Ferrothorn
|
|-weather|Sandstorm|[upkeep]
|-damage|p1a: Celebi|77/100|[from] Sandstorm
|-heal|p1a: Celebi|83/100|[from] item: Leftovers
|upkeep
|turn|3
|
|t:|1720974241
|move|p1a: Celebi|Baton Pass|p1a: Celebi
|
|t:|1720974242
|switch|p1a: Landorus|Landorus-Therian, M|100/100|[from] Baton Pass
|-ability|p1a: Landorus|Intimidate|boost
|-unboost|p2a: Ferrothorn|atk|1
|move|p2a: Ferrothorn|Stealth Rock|p1a: Landorus
|-sidestart|p1: Crimsonbacon38|move: Stealth Rock
|
|-weather|Sandstorm|[upkeep]
|upkeep
|turn|4
|
|t:|1720974252
|move|p1a: Landorus|Knock Off|p2a: Ferrothorn
|-resisted|p2a: Ferrothorn
|-damage|p2a: Ferrothorn|98/100
|-damage|p1a: Landorus|88/100|[from] ability: Iron Barbs|[of] p2a: Ferrothorn
|-enditem|p2a: Ferrothorn|Leftovers|[from] move: Knock Off|[of] p1a: Landorus
|move|p2a: Ferrothorn|Knock Off|p1a: Landorus
|-damage|p1a: Landorus|85/100
|-enditem|p1a: Landorus|Leftovers|[from] move: Knock Off|[of] p2a: Ferrothorn
|
|-weather|Sandstorm|[upkeep]
|upkeep
|turn|5
|
|t:|1720974260
|move|p1a: Landorus|Stealth Rock|p2a: Ferrothorn
|-sidestart|p2: berdaniel|move: Stealth Rock
|move|p2a: Ferrothorn|Spikes|p1a: Landorus
|-sidestart|p1: Crimsonbacon38|Spikes
|
|-weather|Sandstorm|[upkeep]
|upkeep
|turn|6
|
|t:|1720974278
|switch|p1a: Keldeo|Keldeo|100/100
|-damage|p1a: Keldeo|94/100|[from] Stealth Rock
|-damage|p1a: Keldeo|82/100|[from] Spikes
|move|p2a: Ferrothorn|Knock Off|p1a: Keldeo
|-resisted|p1a: Keldeo
|-damage|p1a: Keldeo|80/100
|-ability|p1a: Keldeo|Justified|boost
|-boost|p1a: Keldeo|atk|1
|-enditem|p1a: Keldeo|Lum Berry|[from] move: Knock Off|[of] p2a: Ferrothorn
|
|-weather|Sandstorm|[upkeep]
|-damage|p1a: Keldeo|74/100|[from] Sandstorm
|upkeep
|turn|7
|
|t:|1720974291
|switch|p2a: Jellicent|Jellicent, F|100/100
|-damage|p2a: Jellicent|88/100|[from] Stealth Rock
|move|p1a: Keldeo|Calm Mind|p1a: Keldeo
|-boost|p1a: Keldeo|spa|1
|-boost|p1a: Keldeo|spd|1
|
|-weather|Sandstorm|[upkeep]
|-damage|p1a: Keldeo|68/100|[from] Sandstorm
|-damage|p2a: Jellicent|82/100|[from] Sandstorm
|-heal|p2a: Jellicent|88/100|[from] item: Leftovers
|upkeep
|turn|8
|
|t:|1720974294
|move|p1a: Keldeo|Calm Mind|p1a: Keldeo
|-boost|p1a: Keldeo|spa|1
|-boost|p1a: Keldeo|spd|1
|move|p2a: Jellicent|Will-O-Wisp|p1a: Keldeo|[miss]
|-miss|p2a: Jellicent|p1a: Keldeo
|
|-weather|Sandstorm|[upkeep]
|-damage|p1a: Keldeo|61/100|[from] Sandstorm
|-damage|p2a: Jellicent|82/100|[from] Sandstorm
|-heal|p2a: Jellicent|88/100|[from] item: Leftovers
|upkeep
|turn|9
|
|t:|1720974299
|move|p1a: Keldeo|Calm Mind|p1a: Keldeo
|-boost|p1a: Keldeo|spa|1
|-boost|p1a: Keldeo|spd|1
|move|p2a: Jellicent|Taunt|p1a: Keldeo
|-start|p1a: Keldeo|move: Taunt
|
|-weather|Sandstorm|[upkeep]
|-damage|p1a: Keldeo|55/100|[from] Sandstorm
|-damage|p2a: Jellicent|82/100|[from] Sandstorm
|-heal|p2a: Jellicent|88/100|[from] item: Leftovers
|upkeep
|turn|10
|
|t:|1720974304
|move|p1a: Keldeo|Hidden Power|p2a: Jellicent
|-supereffective|p2a: Jellicent
|-damage|p2a: Jellicent|0 fnt
|faint|p2a: Jellicent
|
|-weather|Sandstorm|[upkeep]
|-damage|p1a: Keldeo|49/100|[from] Sandstorm
|upkeep
|
|t:|1720974319
|switch|p2a: Garchomp|Garchomp, F|100/100
|-damage|p2a: Garchomp|94/100|[from] Stealth Rock
|turn|11
|inactive|berdaniel has 120 seconds left.
|
|t:|1720974350
|switch|p1a: Landorus|Landorus-Therian, M|85/100
|-damage|p1a: Landorus|73/100|[from] Stealth Rock
|-ability|p1a: Landorus|Intimidate|boost
|-unboost|p2a: Garchomp|atk|1
|move|p2a: Garchomp|Earthquake|p1a: Landorus
|-immune|p1a: Landorus
|
|-weather|Sandstorm|[upkeep]
|upkeep
|turn|12
|
|t:|1720974358
|switch|p2a: Ferrothorn|Ferrothorn, F|98/100
|-damage|p2a: Ferrothorn|92/100|[from] Stealth Rock
|move|p1a: Landorus|Knock Off|p2a: Ferrothorn
|-resisted|p2a: Ferrothorn
|-damage|p2a: Ferrothorn|89/100
|-damage|p1a: Landorus|61/100|[from] ability: Iron Barbs|[of] p2a: Ferrothorn
|
|-weather|Sandstorm|[upkeep]
|upkeep
|turn|13
|
|t:|1720974371
|switch|p1a: Tyranitar|Tyranitar, F|100/100
|-damage|p1a: Tyranitar|88/100|[from] Stealth Rock
|-damage|p1a: Tyranitar|76/100|[from] Spikes
|move|p2a: Ferrothorn|Spikes|p1a: Tyranitar
|-sidestart|p1: Crimsonbacon38|Spikes
|
|-weather|Sandstorm|[upkeep]
|upkeep
|turn|14
|
|t:|1720974377
|move|p1a: Tyranitar|Superpower|p2a: Ferrothorn
|-supereffective|p2a: Ferrothorn
|-damage|p2a: Ferrothorn|29/100
|-unboost|p1a: Tyranitar|atk|1
|-unboost|p1a: Tyranitar|def|1
|-damage|p1a: Tyranitar|64/100|[from] ability: Iron Barbs|[of] p2a: Ferrothorn
|move|p2a: Ferrothorn|Power Whip|p1a: Tyranitar|[miss]
|-miss|p2a: Ferrothorn|p1a: Tyranitar
|
|-weather|Sandstorm|[upkeep]
|upkeep
|turn|15
|
|t:|1720974386
|switch|p1a: Landorus|Landorus-Therian, M|61/100
|-damage|p1a: Landorus|48/100|[from] Stealth Rock
|-ability|p1a: Landorus|Intimidate|boost
|-unboost|p2a: Ferrothorn|atk|1
|move|p2a: Ferrothorn|Power Whip|p1a: Landorus|[miss]
|-miss|p2a: Ferrothorn|p1a: Landorus
|
|-weather|Sandstorm|[upkeep]
|upkeep
|turn|16
|
|t:|1720974393
|move|p1a: Landorus|Earthquake|p2a: Ferrothorn
|-damage|p2a: Ferrothorn|0 fnt
|faint|p2a: Ferrothorn
|
|-weather|Sandstorm|[upkeep]
|upkeep
|c|☆berdaniel|Insane Miss
|
|t:|1720974407
|switch|p2a: Keldeo|Keldeo|100/100
|-damage|p2a: Keldeo|94/100|[from] Stealth Rock
|turn|17
|
|t:|1720974410
|switch|p1a: Latios|Latios, M|100/100
|-damage|p1a: Latios|88/100|[from] Stealth Rock
|move|p2a: Keldeo|Scald|p1a: Latios
|-resisted|p1a: Latios
|-damage|p1a: Latios|66/100
|
|-weather|Sandstorm|[upkeep]
|-damage|p1a: Latios|60/100|[from] Sandstorm
|-damage|p2a: Keldeo|88/100|[from] Sandstorm
|-heal|p2a: Keldeo|94/100|[from] item: Leftovers
|upkeep
|turn|18
|
|t:|1720974415
|move|p1a: Latios|Draco Meteor|p2a: Keldeo
|-damage|p2a: Keldeo|8/100
|-unboost|p1a: Latios|spa|2
|move|p2a: Keldeo|Hidden Power|p1a: Latios
|-supereffective|p1a: Latios
|-damage|p1a: Latios|10/100
|
|-weather|Sandstorm|[upkeep]
|-damage|p1a: Latios|4/100|[from] Sandstorm
|-damage|p2a: Keldeo|2/100|[from] Sandstorm
|-heal|p2a: Keldeo|8/100|[from] item: Leftovers
|upkeep
|turn|19
|
|t:|1720974421
|move|p2a: Keldeo|Protect|p2a: Keldeo
|-singleturn|p2a: Keldeo|Protect
|move|p1a: Latios|Draco Meteor|p2a: Keldeo
|-activate|p2a: Keldeo|move: Protect
|
|-weather|Sandstorm|[upkeep]
|-damage|p1a: Latios|0 fnt|[from] Sandstorm
|-damage|p2a: Keldeo|2/100|[from] Sandstorm
|faint|p1a: Latios
|-heal|p2a: Keldeo|8/100|[from] item: Leftovers
|upkeep
|
|t:|1720974439
|switch|p1a: Tyranitar|Tyranitar, F|64/100
|-damage|p1a: Tyranitar|51/100|[from] Stealth Rock
|-damage|p1a: Tyranitar|35/100|[from] Spikes
|turn|20
|
|t:|1720974443
|move|p1a: Tyranitar|Pursuit|p2a: Keldeo
|-resisted|p2a: Keldeo
|-damage|p2a: Keldeo|0 fnt
|faint|p2a: Keldeo
|
|-weather|Sandstorm|[upkeep]
|upkeep
|
|t:|1720974452
|switch|p2a: Magnezone|Magnezone|100/100
|-damage|p2a: Magnezone|94/100|[from] Stealth Rock
|turn|21
|
|t:|1720974458
|switch|p1a: Excadrill|Excadrill, M|100/100
|-damage|p1a: Excadrill|97/100|[from] Stealth Rock
|-damage|p1a: Excadrill|81/100|[from] Spikes
|move|p2a: Magnezone|Flash Cannon|p1a: Excadrill
|-resisted|p1a: Excadrill
|-damage|p1a: Excadrill|60/100
|
|-weather|Sandstorm|[upkeep]
|-heal|p1a: Excadrill|67/100|[from] item: Leftovers
|upkeep
|turn|22
|
|t:|1720974467
|switch|p2a: Garchomp|Garchomp, F|94/100
|-damage|p2a: Garchomp|88/100|[from] Stealth Rock
|move|p1a: Excadrill|Rapid Spin|p2a: Garchomp
|-damage|p2a: Garchomp|82/100
|-damage|p1a: Excadrill|54/100|[from] ability: Rough Skin|[of] p2a: Garchomp
|-sideend|p1: Crimsonbacon38|Spikes|[from] move: Rapid Spin|[of] p1a: Excadrill
|-sideend|p1: Crimsonbacon38|Stealth Rock|[from] move: Rapid Spin|[of] p1a: Excadrill
|
|-weather|Sandstorm|[upkeep]
|-heal|p1a: Excadrill|60/100|[from] item: Leftovers
|upkeep
|turn|23
|
|t:|1720974472
|switch|p1a: Landorus|Landorus-Therian, M|48/100
|-ability|p1a: Landorus|Intimidate|boost
|-unboost|p2a: Garchomp|atk|1
|move|p2a: Garchomp|Outrage|p1a: Landorus
|-damage|p1a: Landorus|4/100
|
|-weather|Sandstorm|[upkeep]
|upkeep
|turn|24
|
|t:|1720974483
|switch|p1a: Excadrill|Excadrill, M|60/100
|move|p2a: Garchomp|Outrage|p1a: Excadrill|[from]lockedmove
|-resisted|p1a: Excadrill
|-damage|p1a: Excadrill|34/100
|
|-weather|Sandstorm|[upkeep]
|-heal|p1a: Excadrill|40/100|[from] item: Leftovers
|upkeep
|turn|25
|
|t:|1720974505
|move|p2a: Garchomp|Outrage|p1a: Excadrill|[from]lockedmove
|-resisted|p1a: Excadrill
|-damage|p1a: Excadrill|14/100
|-start|p2a: Garchomp|confusion|[fatigue]
|move|p1a: Excadrill|Earthquake|p2a: Garchomp
|-damage|p2a: Garchomp|16/100
|
|-weather|Sandstorm|[upkeep]
|-heal|p1a: Excadrill|20/100|[from] item: Leftovers
|upkeep
|turn|26
|
|t:|1720974519
|switch|p2a: Magnezone|Magnezone|94/100
|-damage|p2a: Magnezone|88/100|[from] Stealth Rock
|switch|p1a: Landorus|Landorus-Therian, M|4/100
|-ability|p1a: Landorus|Intimidate|boost
|-unboost|p2a: Magnezone|atk|1
|
|-weather|Sandstorm|[upkeep]
|upkeep
|turn|27
|
|t:|1720974527
|move|p2a: Magnezone|Flash Cannon|p1a: Landorus
|-damage|p1a: Landorus|0 fnt
|faint|p1a: Landorus
|
|-weather|Sandstorm|[upkeep]
|upkeep
|
|t:|1720974538
|switch|p1a: Tyranitar|Tyranitar, F|35/100
|turn|28
|
|t:|1720974543
|move|p1a: Tyranitar|Superpower|p2a: Magnezone
|-supereffective|p2a: Magnezone
|-damage|p2a: Magnezone|0 fnt
|-unboost|p1a: Tyranitar|atk|1
|-unboost|p1a: Tyranitar|def|1
|faint|p2a: Magnezone
|
|-weather|Sandstorm|[upkeep]
|upkeep
|
|t:|1720974548
|switch|p2a: Garchomp|Garchomp, F|16/100
|-damage|p2a: Garchomp|10/100|[from] Stealth Rock
|turn|29
|
|t:|1720974556
|move|p2a: Garchomp|Earthquake|p1a: Tyranitar
|-supereffective|p1a: Tyranitar
|-damage|p1a: Tyranitar|0 fnt
|faint|p1a: Tyranitar
|
|-weather|Sandstorm|[upkeep]
|upkeep
|
|t:|1720974558
|switch|p1a: Celebi|Celebi|83/100
|turn|30
|
|t:|1720974561
|move|p2a: Garchomp|Earthquake|p1a: Celebi
|-resisted|p1a: Celebi
|-damage|p1a: Celebi|60/100
|move|p1a: Celebi|Leech Seed|p2a: Garchomp
|-start|p2a: Garchomp|move: Leech Seed
|
|-weather|Sandstorm|[upkeep]
|-damage|p1a: Celebi|54/100|[from] Sandstorm
|-heal|p1a: Celebi|60/100|[from] item: Leftovers
|-damage|p2a: Garchomp|0 fnt|[from] Leech Seed|[of] p1a: Celebi
|-heal|p1a: Celebi|69/100|[silent]
|faint|p2a: Garchomp
|upkeep
|
|t:|1720974563
|switch|p2a: Alakazam|Alakazam, F|100/100
|turn|31
|
|t:|1720974571
|move|p2a: Alakazam|Hidden Power|p1a: Celebi
|-supereffective|p1a: Celebi
|-damage|p1a: Celebi|39/100
|move|p1a: Celebi|Energy Ball|p2a: Alakazam
|-damage|p2a: Alakazam|61/100
|
|-weather|Sandstorm|[upkeep]
|-damage|p1a: Celebi|33/100|[from] Sandstorm
|-heal|p1a: Celebi|39/100|[from] item: Leftovers
|upkeep
|turn|32
|
|t:|1720974578
|move|p2a: Alakazam|Hidden Power|p1a: Celebi
|-supereffective|p1a: Celebi
|-damage|p1a: Celebi|6/100
|move|p1a: Celebi|Recover|p1a: Celebi
|-heal|p1a: Celebi|56/100
|
|-weather|Sandstorm|[upkeep]
|-damage|p1a: Celebi|50/100|[from] Sandstorm
|-heal|p1a: Celebi|56/100|[from] item: Leftovers
|upkeep
|turn|33
|
|t:|1720974583
|move|p2a: Alakazam|Encore|p1a: Celebi
|-start|p1a: Celebi|Encore
|move|p1a: Celebi|Recover|p1a: Celebi
|-heal|p1a: Celebi|100/100
|
|-weather|Sandstorm|[upkeep]
|-damage|p1a: Celebi|94/100|[from] Sandstorm
|-heal|p1a: Celebi|100/100|[from] item: Leftovers
|upkeep
|turn|34
|
|t:|1720974586
|move|p2a: Alakazam|Hidden Power|p1a: Celebi
|-supereffective|p1a: Celebi
|-damage|p1a: Celebi|68/100
|move|p1a: Celebi|Recover|p1a: Celebi
|-heal|p1a: Celebi|100/100
|
|-weather|Sandstorm|[upkeep]
|-damage|p1a: Celebi|94/100|[from] Sandstorm
|-heal|p1a: Celebi|100/100|[from] item: Leftovers
|upkeep
|turn|35
|
|t:|1720974588
|move|p2a: Alakazam|Hidden Power|p1a: Celebi
|-supereffective|p1a: Celebi
|-damage|p1a: Celebi|68/100
|move|p1a: Celebi|Recover|p1a: Celebi
|-heal|p1a: Celebi|100/100
|
|-weather|Sandstorm|[upkeep]
|-damage|p1a: Celebi|94/100|[from] Sandstorm
|-heal|p1a: Celebi|100/100|[from] item: Leftovers
|-end|p1a: Celebi|Encore
|upkeep
|turn|36
|
|t:|1720974595
|move|p2a: Alakazam|Encore|p1a: Celebi
|-start|p1a: Celebi|Encore
|move|p1a: Celebi|Recover||[still]
|-fail|p1a: Celebi|heal
|
|-weather|Sandstorm|[upkeep]
|-damage|p1a: Celebi|94/100|[from] Sandstorm
|-heal|p1a: Celebi|100/100|[from] item: Leftovers
|upkeep
|turn|37
|
|t:|1720974599
|move|p2a: Alakazam|Hidden Power|p1a: Celebi
|-supereffective|p1a: Celebi
|-damage|p1a: Celebi|68/100
|move|p1a: Celebi|Recover|p1a: Celebi
|-heal|p1a: Celebi|100/100
|
|-weather|Sandstorm|[upkeep]
|-damage|p1a: Celebi|94/100|[from] Sandstorm
|-heal|p1a: Celebi|100/100|[from] item: Leftovers
|upkeep
|turn|38
|
|t:|1720974609
|switch|p1a: Keldeo|Keldeo|49/100
|move|p2a: Alakazam|Hidden Power|p1a: Keldeo
|-resisted|p1a: Keldeo
|-damage|p1a: Keldeo|35/100
|
|-weather|Sandstorm|[upkeep]
|-damage|p1a: Keldeo|29/100|[from] Sandstorm
|upkeep
|turn|39
|
|t:|1720974614
|switch|p1a: Celebi|Celebi|100/100
|move|p2a: Alakazam|Psychic|p1a: Celebi
|-resisted|p1a: Celebi
|-damage|p1a: Celebi|86/100
|
|-weather|Sandstorm|[upkeep]
|-damage|p1a: Celebi|80/100|[from] Sandstorm
|-heal|p1a: Celebi|86/100|[from] item: Leftovers
|upkeep
|turn|40
|
|t:|1720974621
|move|p2a: Alakazam|Hidden Power|p1a: Celebi
|-supereffective|p1a: Celebi
|-damage|p1a: Celebi|56/100
|move|p1a: Celebi|Energy Ball|p2a: Alakazam
|-damage|p2a: Alakazam|21/100
|-unboost|p2a: Alakazam|spd|1
|
|-weather|Sandstorm|[upkeep]
|-damage|p1a: Celebi|50/100|[from] Sandstorm
|-heal|p1a: Celebi|56/100|[from] item: Leftovers
|upkeep
|turn|41
|
|t:|1720974623
|move|p2a: Alakazam|Hidden Power|p1a: Celebi
|-supereffective|p1a: Celebi
|-damage|p1a: Celebi|26/100
|move|p1a: Celebi|Energy Ball|p2a: Alakazam
|-damage|p2a: Alakazam|0 fnt
|faint|p2a: Alakazam
|
|win|Crimsonbacon38
|raw|Crimsonbacon38's rating: 1299 &rarr; <strong>1326</strong><br />(+27 for winning)
|raw|berdaniel's rating: 1329 &rarr; <strong>1307</strong><br />(-22 for losing)
|l|☆berdaniel
|player|p2|
