|j|☆Anonymous238
|j|☆dice
|t:|1704930795
|gametype|singles
|player|p1|Anonymous238|2|1353
|player|p2|dice|dragontamer|1634
|teamsize|p1|6
|teamsize|p2|6
|gen|5
|tier|[Gen 5] OU
|rated|
|rule|Species Clause: Limit one of each Pokémon
|rule|OHKO Clause: OHKO moves are banned
|rule|Moody Clause: Moody is banned
|rule|Evasion Items Clause: Evasion items are banned
|rule|Evasion Moves Clause: Evasion moves are banned
|rule|Endless Battle Clause: Forcing endless battles is banned
|rule|HP Percentage Mod: HP is shown in percentages
|rule|Evasion Abilities Clause: Evasion abilities are banned
|rule|Sleep Moves Clause: Sleep-inducing moves are banned
|rule|Swagger Clause: Swagger is banned
|rule|Baton Pass Stat Clause: No Baton Passer may have a way to boost its stats
|clearpoke
|poke|p1|Garchomp, F|item
|poke|p1|Latias, F|item
|poke|p1|Ferrothorn, M|item
|poke|p1|Rotom-Wash|item
|poke|p1|Scizor, M|item
|poke|p1|Terrakion|item
|poke|p2|Ninetales, F|item
|poke|p2|Donphan, F|item
|poke|p2|Heatran, M|item
|poke|p2|Blissey, F|item
|poke|p2|Cresselia, F|item
|poke|p2|Latios, M|item
|teampreview
|inactive|Battle timer is ON: inactive players will automatically lose when time's up. (requested by dice)
|
|t:|1704930831
|start
|switch|p1a: Garchomp|Garchomp, F, shiny|100/100
|switch|p2a: Donphan|Donphan, F|100/100
|turn|1
|
|t:|1704930835
|move|p1a: Garchomp|Aqua Tail|p2a: Donphan
|-supereffective|p2a: Donphan
|-damage|p2a: Donphan|44/100
|move|p2a: Donphan|Toxic|p1a: Garchomp
|-status|p1a: Garchomp|tox
|
|-heal|p2a: Donphan|50/100|[from] item: Leftovers
|-damage|p1a: Garchomp|94/100 tox|[from] psn
|upkeep
|turn|2
|
|t:|1704930841
|switch|p1a: Rotom|Rotom-Wash, shiny|100/100
|move|p2a: Donphan|Protect||[still]
|-fail|p2a: Donphan
|
|-heal|p2a: Donphan|56/100|[from] item: Leftovers
|upkeep
|turn|3
|
|t:|1704930843
|move|p2a: Donphan|Protect|p2a: Donphan
|-singleturn|p2a: Donphan|Protect
|move|p1a: Rotom|Hydro Pump|p2a: Donphan
|-activate|p2a: Donphan|move: Protect
|
|-heal|p2a: Donphan|62/100|[from] item: Leftovers
|upkeep
|turn|4
|
|t:|1704930847
|switch|p2a: Ninetales|Ninetales, F|100/100
|-weather|SunnyDay|[from] ability: Drought|[of] p2a: Ninetales
|move|p1a: Rotom|Hydro Pump|p2a: Ninetales
|-supereffective|p2a: Ninetales
|-damage|p2a: Ninetales|56/100
|
|-weather|SunnyDay|[upkeep]
|upkeep
|turn|5
|
|t:|1704930852
|switch|p1a: Garchomp|Garchomp, F, shiny|94/100 tox
|move|p2a: Ninetales|Will-O-Wisp||[still]
|-fail|p2a: Ninetales
|
|-weather|SunnyDay|[upkeep]
|-damage|p1a: Garchomp|88/100 tox|[from] psn
|upkeep
|turn|6
|
|t:|1704930855
|switch|p2a: Cresselia|Cresselia, F|100/100
|move|p1a: Garchomp|Dragon Claw|p2a: Cresselia
|-damage|p2a: Cresselia|68/100
|
|-weather|SunnyDay|[upkeep]
|-heal|p2a: Cresselia|75/100|[from] item: Leftovers
|-damage|p1a: Garchomp|76/100 tox|[from] psn
|upkeep
|turn|7
|j| Neighthan Trainer
|
|t:|1704930864
|switch|p1a: latas|Latias, F, shiny|100/100
|switch|p2a: Heatran|Heatran, M|100/100
|
|-weather|SunnyDay|[upkeep]
|upkeep
|turn|8
|
|t:|1704930880
|switch|p2a: Blissey|Blissey, F|100/100
|move|p1a: latas|Calm Mind|p1a: latas
|-boost|p1a: latas|spa|1
|-boost|p1a: latas|spd|1
|
|-weather|SunnyDay|[upkeep]
|upkeep
|turn|9
|
|t:|1704930887
|switch|p1a: Garchomp|Garchomp, F, shiny|76/100 tox
|move|p2a: Blissey|Stealth Rock|p1a: Garchomp
|-sidestart|p1: Anonymous238|move: Stealth Rock
|
|-weather|SunnyDay|[upkeep]
|-damage|p1a: Garchomp|70/100 tox|[from] psn
|upkeep
|turn|10
|
|t:|1704930892
|move|p1a: Garchomp|Outrage|p2a: Blissey
|-damage|p2a: Blissey|9/100
|move|p2a: Blissey|Soft-Boiled|p2a: Blissey
|-heal|p2a: Blissey|59/100
|
|-weather|SunnyDay|[upkeep]
|-heal|p2a: Blissey|65/100|[from] item: Leftovers
|-damage|p1a: Garchomp|57/100 tox|[from] psn
|upkeep
|turn|11
|
|t:|1704930899
|switch|p2a: Ninetales|Ninetales, F|56/100
|move|p1a: Garchomp|Outrage|p2a: Ninetales|[from]lockedmove
|-damage|p2a: Ninetales|0 fnt
|faint|p2a: Ninetales
|-start|p1a: Garchomp|confusion|[fatigue]
|
|-weather|SunnyDay|[upkeep]
|-damage|p1a: Garchomp|39/100 tox|[from] psn
|upkeep
|
|t:|1704930904
|switch|p2a: Cresselia|Cresselia, F|75/100
|turn|12
|
|t:|1704930907
|-activate|p1a: Garchomp|confusion
|move|p1a: Garchomp|Outrage|p2a: Cresselia
|-damage|p2a: Cresselia|28/100
|move|p2a: Cresselia|Trick Room|p2a: Cresselia
|-fieldstart|move: Trick Room|[of] p2a: Cresselia
|
|-weather|SunnyDay|[upkeep]
|-heal|p2a: Cresselia|34/100|[from] item: Leftovers
|-damage|p1a: Garchomp|14/100 tox|[from] psn
|upkeep
|turn|13
|
|t:|1704930912
|move|p2a: Cresselia|Moonlight|p2a: Cresselia
|-heal|p2a: Cresselia|100/100
|-end|p1a: Garchomp|confusion
|move|p1a: Garchomp|Outrage|p2a: Cresselia|[from]lockedmove
|-damage|p2a: Cresselia|53/100
|-start|p1a: Garchomp|confusion|[fatigue]
|
|-weather|SunnyDay|[upkeep]
|-heal|p2a: Cresselia|59/100|[from] item: Leftovers
|-damage|p1a: Garchomp|0 fnt|[from] psn
|faint|p1a: Garchomp
|upkeep
|j| Darkininha
|
|t:|1704930925
|switch|p1a: Rotom|Rotom-Wash, shiny|100/100
|-damage|p1a: Rotom|88/100|[from] Stealth Rock
|turn|14
|
|t:|1704930931
|switch|p2a: Heatran|Heatran, M|100/100
|move|p1a: Rotom|Trick|p2a: Heatran
|-activate|p1a: Rotom|move: Trick|[of] p2a: Heatran
|-item|p2a: Heatran|Choice Scarf|[from] move: Trick
|-item|p1a: Rotom|Choice Specs|[from] move: Trick
|
|-weather|SunnyDay|[upkeep]
|upkeep
|turn|15
|
|t:|1704930938
|move|p2a: Heatran|Eruption|p1a: Rotom
|-resisted|p1a: Rotom
|-damage|p1a: Rotom|11/100
|move|p1a: Rotom|Hydro Pump|p2a: Heatran
|-supereffective|p2a: Heatran
|-damage|p2a: Heatran|38/100
|
|-weather|SunnyDay|[upkeep]
|upkeep
|turn|16
|
|t:|1704930947
|switch|p1a: Terrakion|Terrakion, shiny|100/100
|-damage|p1a: Terrakion|94/100|[from] Stealth Rock
|move|p2a: Heatran|Eruption|p1a: Terrakion
|-resisted|p1a: Terrakion
|-damage|p1a: Terrakion|68/100
|
|-weather|SunnyDay|[upkeep]
|-fieldend|move: Trick Room
|upkeep
|turn|17
|
|t:|1704930957
|switch|p2a: Latios|Latios, M|100/100
|move|p1a: Terrakion|X-Scissor|p2a: Latios
|-supereffective|p2a: Latios
|-damage|p2a: Latios|25/100
|
|-weather|SunnyDay|[upkeep]
|upkeep
|turn|18
|
|t:|1704930971
|move|p1a: Terrakion|X-Scissor|p2a: Latios
|-supereffective|p2a: Latios
|-damage|p2a: Latios|0 fnt
|faint|p2a: Latios
|
|-weather|SunnyDay|[upkeep]
|upkeep
|
|t:|1704930983
|switch|p2a: Heatran|Heatran, M|38/100
|turn|19
|
|t:|1704930992
|switch|p1a: Rotom|Rotom-Wash, shiny|11/100
|-damage|p1a: Rotom|0 fnt|[from] Stealth Rock
|faint|p1a: Rotom
|move|p2a: Heatran|Flamethrower|p1: Rotom|[notarget]
|-fail|p2a: Heatran
|
|-weather|SunnyDay|[upkeep]
|upkeep
|
|t:|1704930998
|switch|p1a: Terrakion|Terrakion, shiny|68/100
|-damage|p1a: Terrakion|62/100|[from] Stealth Rock
|turn|20
|
|t:|1704931001
|switch|p2a: Cresselia|Cresselia, F|59/100
|move|p1a: Terrakion|X-Scissor|p2a: Cresselia
|-supereffective|p2a: Cresselia
|-damage|p2a: Cresselia|32/100
|
|-weather|SunnyDay|[upkeep]
|-heal|p2a: Cresselia|38/100|[from] item: Leftovers
|upkeep
|turn|21
|
|t:|1704931005
|move|p1a: Terrakion|X-Scissor|p2a: Cresselia
|-supereffective|p2a: Cresselia
|-damage|p2a: Cresselia|9/100
|move|p2a: Cresselia|Moonlight|p2a: Cresselia
|-heal|p2a: Cresselia|76/100
|
|-weather|SunnyDay|[upkeep]
|-heal|p2a: Cresselia|82/100|[from] item: Leftovers
|upkeep
|turn|22
|inactive|Anonymous238 has 120 seconds left.
|
|t:|1704931062
|switch|p1a: latas|Latias, F, shiny|100/100
|-damage|p1a: latas|88/100|[from] Stealth Rock
|switch|p2a: Heatran|Heatran, M|38/100
|
|-weather|SunnyDay|[upkeep]
|upkeep
|turn|23
|
|t:|1704931078
|switch|p2a: Cresselia|Cresselia, F|82/100
|move|p1a: latas|Calm Mind|p1a: latas
|-boost|p1a: latas|spa|1
|-boost|p1a: latas|spd|1
|
|-weather|SunnyDay|[upkeep]
|-heal|p2a: Cresselia|88/100|[from] item: Leftovers
|upkeep
|turn|24
|inactive|Anonymous238 has 90 seconds left.
|inactive|Anonymous238 has 60 seconds left.
|
|t:|1704931134
|move|p1a: latas|Calm Mind|p1a: latas
|-boost|p1a: latas|spa|1
|-boost|p1a: latas|spd|1
|move|p2a: Cresselia|Toxic|p1a: latas|[miss]
|-miss|p2a: Cresselia|p1a: latas
|
|-weather|SunnyDay|[upkeep]
|-heal|p2a: Cresselia|94/100|[from] item: Leftovers
|upkeep
|turn|25
|
|t:|1704931148
|move|p1a: latas|Draco Meteor|p2a: Cresselia
|-damage|p2a: Cresselia|0 fnt
|-unboost|p1a: latas|spa|2
|faint|p2a: Cresselia
|-damage|p1a: latas|78/100|[from] item: Life Orb
|
|-weather|SunnyDay|[upkeep]
|upkeep
|
|t:|1704931154
|switch|p2a: Blissey|Blissey, F|65/100
|turn|26
|
|t:|1704931160
|switch|p1a: Ferrothorn|Ferrothorn, M, shiny|100/100
|-damage|p1a: Ferrothorn|95/100|[from] Stealth Rock
|move|p2a: Blissey|Wish|p2a: Blissey
|
|-weather|SunnyDay|[upkeep]
|-heal|p2a: Blissey|71/100|[from] item: Leftovers
|upkeep
|turn|27
|
|t:|1704931172
|switch|p2a: Heatran|Heatran, M|38/100
|move|p1a: Ferrothorn|Power Whip|p2a: Heatran
|-resisted|p2a: Heatran
|-damage|p2a: Heatran|30/100
|
|-weather|SunnyDay|[upkeep]
|-heal|p2a: Heatran|100/100|[from] move: Wish|[wisher] Blissey
|upkeep
|turn|28
|
|t:|1704931185
|switch|p1a: latas|Latias, F, shiny|78/100
|-damage|p1a: latas|66/100|[from] Stealth Rock
|move|p2a: Heatran|Eruption|p1a: latas
|-resisted|p1a: latas
|-damage|p1a: latas|10/100
|
|-weather|SunnyDay|[upkeep]
|upkeep
|turn|29
|
|t:|1704931189
|switch|p1a: Ferrothorn|Ferrothorn, M, shiny|95/100
|-damage|p1a: Ferrothorn|89/100|[from] Stealth Rock
|switch|p2a: Blissey|Blissey, F|71/100
|
|-weather|SunnyDay|[upkeep]
|-heal|p2a: Blissey|78/100|[from] item: Leftovers
|upkeep
|turn|30
|inactive|Anonymous238 has 90 seconds left.
|
|t:|1704931201
|switch|p2a: Heatran|Heatran, M|100/100
|move|p1a: Ferrothorn|Stealth Rock|p2a: Heatran
|-sidestart|p2: dice|move: Stealth Rock
|
|-weather|SunnyDay|[upkeep]
|upkeep
|turn|31
|inactive|Anonymous238 has 90 seconds left.
|
|t:|1704931219
|switch|p2a: Donphan|Donphan, F|62/100
|-damage|p2a: Donphan|56/100|[from] Stealth Rock
|move|p1a: Ferrothorn|Spikes|p2a: Donphan
|-sidestart|p2: dice|Spikes
|
|-weather|SunnyDay|[upkeep]
|-heal|p2a: Donphan|62/100|[from] item: Leftovers
|upkeep
|turn|32
|
|t:|1704931223
|move|p2a: Donphan|Protect|p2a: Donphan
|-singleturn|p2a: Donphan|Protect
|move|p1a: Ferrothorn|Power Whip|p2a: Donphan
|-activate|p2a: Donphan|move: Protect
|
|-weather|SunnyDay|[upkeep]
|-heal|p2a: Donphan|68/100|[from] item: Leftovers
|upkeep
|turn|33
|
|t:|1704931227
|move|p2a: Donphan|Rapid Spin|p1a: Ferrothorn
|-resisted|p1a: Ferrothorn
|-damage|p1a: Ferrothorn|87/100
|-damage|p2a: Donphan|56/100|[from] ability: Iron Barbs|[of] p1a: Ferrothorn
|-sideend|p2: dice|Spikes|[from] move: Rapid Spin|[of] p2a: Donphan
|-sideend|p2: dice|Stealth Rock|[from] move: Rapid Spin|[of] p2a: Donphan
|move|p1a: Ferrothorn|Power Whip|p2a: Donphan
|-supereffective|p2a: Donphan
|-damage|p2a: Donphan|4/100
|
|-weather|SunnyDay|[upkeep]
|-heal|p2a: Donphan|10/100|[from] item: Leftovers
|upkeep
|turn|34
|
|t:|1704931232
|switch|p2a: Heatran|Heatran, M|100/100
|move|p1a: Ferrothorn|Stealth Rock|p2a: Heatran
|-sidestart|p2: dice|move: Stealth Rock
|
|-weather|SunnyDay|[upkeep]
|upkeep
|turn|35
|
|t:|1704931235
|move|p2a: Heatran|Flamethrower|p1a: Ferrothorn
|-supereffective|p1a: Ferrothorn
|-damage|p1a: Ferrothorn|0 fnt
|faint|p1a: Ferrothorn
|
|-weather|SunnyDay|[upkeep]
|upkeep
|
|t:|1704931236
|switch|p1a: Terrakion|Terrakion, shiny|62/100
|-damage|p1a: Terrakion|56/100|[from] Stealth Rock
|turn|36
|
|t:|1704931237
|move|p1a: Terrakion|Close Combat|p2a: Heatran
|-supereffective|p2a: Heatran
|-damage|p2a: Heatran|2/100
|-unboost|p1a: Terrakion|def|1
|-unboost|p1a: Terrakion|spd|1
|move|p2a: Heatran|Flamethrower|p1a: Terrakion
|-resisted|p1a: Terrakion
|-crit|p1a: Terrakion
|-damage|p1a: Terrakion|0 fnt
|faint|p1a: Terrakion
|
|-weather|SunnyDay|[upkeep]
|upkeep
|
|t:|1704931240
|switch|p1a: Scizor|Scizor, M, shiny|100/100
|-damage|p1a: Scizor|88/100|[from] Stealth Rock
|turn|37
|
|t:|1704931242
|move|p1a: Scizor|Bullet Punch|p2a: Heatran
|-resisted|p2a: Heatran
|-damage|p2a: Heatran|0 fnt
|faint|p2a: Heatran
|
|-weather|SunnyDay|[upkeep]
|upkeep
|
|t:|1704931244
|switch|p2a: Blissey|Blissey, F|78/100
|-damage|p2a: Blissey|65/100|[from] Stealth Rock
|turn|38
|
|t:|1704931246
|move|p1a: Scizor|Superpower|p2a: Blissey
|-supereffective|p2a: Blissey
|-damage|p2a: Blissey|0 fnt
|-unboost|p1a: Scizor|atk|1
|-unboost|p1a: Scizor|def|1
|faint|p2a: Blissey
|
|-weather|SunnyDay|[upkeep]
|upkeep
|-message|dice forfeited.
|
|win|Anonymous238
|raw|Anonymous238's rating: 1353 &rarr; <strong>1386</strong><br />(+33 for winning)
|raw|dice's rating: 1634 &rarr; <strong>1601</strong><br />(-33 for losing)
|l|☆dice
|player|p2|
|l| Neighthan Trainer
|l| Darkininha
