|j|☆Laone.L.ous
|j|☆seaofdreams
|t:|1715848107
|gametype|singles
|player|p1|Laone.L.ous|bellelba|1408
|player|p2|seaofdreams|fantina|1442
|teamsize|p1|6
|teamsize|p2|6
|gen|5
|tier|[Gen 5] OU
|rated|
|rule|Species Clause: Limit one of each Pokémon
|rule|OHKO Clause: OHKO moves are banned
|rule|Moody Clause: Moody is banned
|rule|Evasion Items Clause: Evasion items are banned
|rule|Evasion Moves Clause: Evasion moves are banned
|rule|Endless Battle Clause: Forcing endless battles is banned
|rule|HP Percentage Mod: HP is shown in percentages
|rule|Evasion Abilities Clause: Evasion abilities are banned
|rule|Sleep Moves Clause: Sleep-inducing moves are banned
|rule|Swagger Clause: Swagger is banned
|rule|Baton Pass Stat Clause: No Baton Passer may have a way to boost its stats
|clearpoke
|poke|p1|Mew|item
|poke|p1|Volcarona, F|item
|poke|p1|Scizor, M|item
|poke|p1|Starmie|item
|poke|p1|Mamoswine, F|item
|poke|p1|Dragonite, F|item
|poke|p2|Tentacruel, M|item
|poke|p2|Abomasnow, F|item
|poke|p2|Alakazam, M|item
|poke|p2|Excadrill, M|item
|poke|p2|Reuniclus, F|item
|poke|p2|Mamoswine, M|item
|teampreview
|inactive|Battle timer is ON: inactive players will automatically lose when time's up. (requested by Laone.L.ous)
|
|t:|1715848125
|start
|switch|p1a: Volcarona|Volcarona, F, shiny|100/100
|switch|p2a: Abomasnow|Abomasnow, F|100/100
|-weather|Hail|[from] ability: Snow Warning|[of] p2a: Abomasnow
|turn|1
|
|t:|1715848132
|move|p1a: Volcarona|Fiery Dance|p2a: Abomasnow
|-supereffective|p2a: Abomasnow
|-damage|p2a: Abomasnow|0 fnt
|-boost|p1a: Volcarona|spa|1
|faint|p2a: Abomasnow
|
|-weather|Hail|[upkeep]
|-damage|p1a: Volcarona|94/100|[from] Hail
|upkeep
|
|t:|1715848140
|switch|p2a: Tentacruel|Tentacruel, M|100/100
|turn|2
|
|t:|1715848146
|switch|p1a: Mew|Mew|100/100
|move|p2a: Tentacruel|Toxic Spikes|p1a: Mew
|-sidestart|p1: Laone.L.ous|move: Toxic Spikes
|
|-weather|Hail|[upkeep]
|-damage|p1a: Mew|94/100|[from] Hail
|-damage|p2a: Tentacruel|94/100|[from] Hail
|-heal|p1a: Mew|100/100|[from] item: Leftovers
|-heal|p2a: Tentacruel|100/100|[from] item: Black Sludge
|upkeep
|turn|3
|
|t:|1715848155
|move|p2a: Tentacruel|Protect|p2a: Tentacruel
|-singleturn|p2a: Tentacruel|Protect
|move|p1a: Mew|Will-O-Wisp|p2a: Tentacruel
|-activate|p2a: Tentacruel|move: Protect
|
|-weather|Hail|[upkeep]
|-damage|p1a: Mew|94/100|[from] Hail
|-damage|p2a: Tentacruel|94/100|[from] Hail
|-heal|p1a: Mew|100/100|[from] item: Leftovers
|-heal|p2a: Tentacruel|100/100|[from] item: Black Sludge
|upkeep
|turn|4
|
|t:|1715848165
|switch|p2a: Reuniclus|Reuniclus, F|100/100
|move|p1a: Mew|Will-O-Wisp|p2a: Reuniclus
|-status|p2a: Reuniclus|brn
|
|-weather|Hail|[upkeep]
|-damage|p1a: Mew|94/100|[from] Hail
|-heal|p1a: Mew|100/100|[from] item: Leftovers
|upkeep
|turn|5
|
|t:|1715848174
|move|p1a: Mew|Taunt|p2a: Reuniclus
|-start|p2a: Reuniclus|move: Taunt
|cant|p2a: Reuniclus|move: Taunt|Calm Mind
|
|-weather|Hail|[upkeep]
|-damage|p1a: Mew|94/100|[from] Hail
|-heal|p1a: Mew|100/100|[from] item: Leftovers
|upkeep
|turn|6
|
|t:|1715848181
|move|p1a: Mew|Stealth Rock|p2a: Reuniclus
|-sidestart|p2: seaofdreams|move: Stealth Rock
|move|p2a: Reuniclus|Psychic|p1a: Mew
|-resisted|p1a: Mew
|-damage|p1a: Mew|83/100
|
|-weather|Hail|[upkeep]
|-damage|p1a: Mew|77/100|[from] Hail
|-heal|p1a: Mew|83/100|[from] item: Leftovers
|upkeep
|turn|7
|
|t:|1715848189
|move|p1a: Mew|Taunt||[still]
|-fail|p1a: Mew
|move|p2a: Reuniclus|Psychic|p1a: Mew
|-resisted|p1a: Mew
|-damage|p1a: Mew|67/100
|
|-weather|Hail|[upkeep]
|-damage|p1a: Mew|61/100|[from] Hail
|-heal|p1a: Mew|67/100|[from] item: Leftovers
|-end|p2a: Reuniclus|move: Taunt
|upkeep
|turn|8
|
|t:|1715848197
|move|p1a: Mew|Taunt|p2a: Reuniclus
|-start|p2a: Reuniclus|move: Taunt
|move|p2a: Reuniclus|Psychic|p1a: Mew
|-resisted|p1a: Mew
|-damage|p1a: Mew|50/100
|
|-weather|Hail|[upkeep]
|-damage|p1a: Mew|44/100|[from] Hail
|-heal|p1a: Mew|50/100|[from] item: Leftovers
|upkeep
|turn|9
|
|t:|1715848206
|switch|p1a: Starmie|Starmie, shiny|100/100
|-status|p1a: Starmie|psn
|move|p2a: Reuniclus|Focus Blast|p1a: Starmie
|-resisted|p1a: Starmie
|-damage|p1a: Starmie|81/100 psn
|
|-weather|Hail|[upkeep]
|-damage|p1a: Starmie|75/100 psn|[from] Hail
|-damage|p1a: Starmie|63/100 psn|[from] psn
|upkeep
|turn|10
|
|t:|1715848216
|move|p1a: Starmie|Trick|p2a: Reuniclus
|-activate|p1a: Starmie|move: Trick|[of] p2a: Reuniclus
|-item|p2a: Reuniclus|Choice Scarf|[from] move: Trick
|-item|p1a: Starmie|Leftovers|[from] move: Trick
|move|p2a: Reuniclus|Psychic|p1a: Starmie
|-resisted|p1a: Starmie
|-damage|p1a: Starmie|42/100 psn
|
|-weather|Hail|[upkeep]
|-damage|p1a: Starmie|36/100 psn|[from] Hail
|-heal|p1a: Starmie|42/100 psn|[from] item: Leftovers
|-damage|p1a: Starmie|30/100 psn|[from] psn
|-end|p2a: Reuniclus|move: Taunt
|upkeep
|turn|11
|
|t:|1715848227
|move|p1a: Starmie|Recover|p1a: Starmie
|-heal|p1a: Starmie|80/100 psn
|move|p2a: Reuniclus|Psychic|p1a: Starmie
|-resisted|p1a: Starmie
|-damage|p1a: Starmie|56/100 psn
|
|-weather|Hail|[upkeep]
|-damage|p1a: Starmie|50/100 psn|[from] Hail
|-heal|p1a: Starmie|56/100 psn|[from] item: Leftovers
|-damage|p1a: Starmie|44/100 psn|[from] psn
|upkeep
|turn|12
|
|t:|1715848240
|switch|p2a: Alakazam|Alakazam, M|100/100
|move|p1a: Starmie|Rapid Spin|p2a: Alakazam
|-damage|p2a: Alakazam|93/100
|-sideend|p1: Laone.L.ous|Toxic Spikes|[from] move: Rapid Spin|[of] p1a: Starmie
|
|-weather|Hail|[upkeep]
|-damage|p1a: Starmie|38/100 psn|[from] Hail
|-heal|p1a: Starmie|44/100 psn|[from] item: Leftovers
|-damage|p1a: Starmie|31/100 psn|[from] psn
|upkeep
|turn|13
|
|t:|1715848249
|-curestatus|p1a: Starmie|psn|[from] ability: Natural Cure
|switch|p1a: Mew|Mew|50/100
|move|p2a: Alakazam|Encore||[still]
|-fail|p2a: Alakazam
|
|-weather|Hail|[upkeep]
|-damage|p1a: Mew|44/100|[from] Hail
|-heal|p1a: Mew|50/100|[from] item: Leftovers
|upkeep
|turn|14
|
|t:|1715848258
|move|p2a: Alakazam|Psychic|p1a: Mew
|-resisted|p1a: Mew
|-damage|p1a: Mew|29/100
|move|p1a: Mew|Explosion|p2a: Alakazam
|-damage|p2a: Alakazam|0 fnt
|faint|p1a: Mew
|faint|p2a: Alakazam
|
|-weather|Hail|[upkeep]
|upkeep
|
|t:|1715848271
|switch|p2a: Excadrill|Excadrill, M|100/100
|switch|p1a: Scizor|Scizor, M|100/100
|-damage|p2a: Excadrill|97/100|[from] Stealth Rock
|-item|p2a: Excadrill|Air Balloon
|turn|15
|
|t:|1715848277
|move|p2a: Excadrill|Stealth Rock|p1a: Scizor
|-sidestart|p1: Laone.L.ous|move: Stealth Rock
|move|p1a: Scizor|Superpower|p2a: Excadrill
|-supereffective|p2a: Excadrill
|-damage|p2a: Excadrill|0 fnt
|-unboost|p1a: Scizor|atk|1
|-unboost|p1a: Scizor|def|1
|-enditem|p2a: Excadrill|Air Balloon
|faint|p2a: Excadrill
|
|-weather|Hail|[upkeep]
|-damage|p1a: Scizor|94/100|[from] Hail
|upkeep
|
|t:|1715848307
|switch|p2a: Tentacruel|Tentacruel, M|100/100
|-damage|p2a: Tentacruel|88/100|[from] Stealth Rock
|turn|16
|
|t:|1715848316
|switch|p1a: Starmie|Starmie, shiny|31/100
|-damage|p1a: Starmie|19/100|[from] Stealth Rock
|move|p2a: Tentacruel|Toxic Spikes|p1a: Starmie
|-sidestart|p1: Laone.L.ous|move: Toxic Spikes
|
|-weather|Hail|[upkeep]
|-damage|p1a: Starmie|13/100|[from] Hail
|-damage|p2a: Tentacruel|82/100|[from] Hail
|-heal|p1a: Starmie|19/100|[from] item: Leftovers
|-heal|p2a: Tentacruel|88/100|[from] item: Black Sludge
|upkeep
|turn|17
|
|t:|1715848325
|move|p2a: Tentacruel|Protect|p2a: Tentacruel
|-singleturn|p2a: Tentacruel|Protect
|move|p1a: Starmie|Recover|p1a: Starmie
|-heal|p1a: Starmie|69/100
|
|-weather|Hail|[upkeep]
|-damage|p1a: Starmie|63/100|[from] Hail
|-damage|p2a: Tentacruel|82/100|[from] Hail
|-heal|p1a: Starmie|69/100|[from] item: Leftovers
|-heal|p2a: Tentacruel|88/100|[from] item: Black Sludge
|upkeep
|turn|18
|
|t:|1715848338
|move|p1a: Starmie|Rapid Spin|p2a: Tentacruel
|-damage|p2a: Tentacruel|85/100
|-sideend|p1: Laone.L.ous|Toxic Spikes|[from] move: Rapid Spin|[of] p1a: Starmie
|-sideend|p1: Laone.L.ous|Stealth Rock|[from] move: Rapid Spin|[of] p1a: Starmie
|move|p2a: Tentacruel|Scald|p1a: Starmie
|-resisted|p1a: Starmie
|-damage|p1a: Starmie|56/100
|-status|p1a: Starmie|brn
|
|-weather|Hail|[upkeep]
|-damage|p1a: Starmie|50/100 brn|[from] Hail
|-damage|p2a: Tentacruel|79/100|[from] Hail
|-heal|p1a: Starmie|56/100 brn|[from] item: Leftovers
|-heal|p2a: Tentacruel|85/100|[from] item: Black Sludge
|-damage|p1a: Starmie|44/100 brn|[from] brn
|upkeep
|turn|19
|
|t:|1715848352
|-curestatus|p1a: Starmie|brn|[from] ability: Natural Cure
|switch|p1a: Dragonite|Dragonite, F|100/100
|move|p2a: Tentacruel|Toxic Spikes|p1a: Dragonite
|-sidestart|p1: Laone.L.ous|move: Toxic Spikes
|
|-weather|Hail|[upkeep]
|-damage|p2a: Tentacruel|79/100|[from] Hail
|-damage|p1a: Dragonite|94/100|[from] Hail
|-heal|p2a: Tentacruel|85/100|[from] item: Black Sludge
|upkeep
|turn|20
|
|t:|1715848360
|move|p2a: Tentacruel|Scald|p1a: Dragonite
|-resisted|p1a: Dragonite
|-damage|p1a: Dragonite|82/100
|move|p1a: Dragonite|Dragon Dance|p1a: Dragonite
|-boost|p1a: Dragonite|atk|1
|-boost|p1a: Dragonite|spe|1
|
|-weather|Hail|[upkeep]
|-damage|p1a: Dragonite|76/100|[from] Hail
|-damage|p2a: Tentacruel|79/100|[from] Hail
|-heal|p2a: Tentacruel|85/100|[from] item: Black Sludge
|upkeep
|turn|21
|
|t:|1715848369
|move|p1a: Dragonite|Earthquake|p2a: Tentacruel
|-supereffective|p2a: Tentacruel
|-damage|p2a: Tentacruel|0 fnt
|faint|p2a: Tentacruel
|
|-weather|Hail|[upkeep]
|-damage|p1a: Dragonite|70/100|[from] Hail
|upkeep
|
|t:|1715848374
|switch|p2a: Mamoswine|Mamoswine, M|100/100
|-damage|p2a: Mamoswine|88/100|[from] Stealth Rock
|turn|22
|
|t:|1715848381
|switch|p1a: Starmie|Starmie, shiny|44/100
|-status|p1a: Starmie|psn
|move|p2a: Mamoswine|Ice Shard|p1a: Starmie
|-resisted|p1a: Starmie
|-damage|p1a: Starmie|25/100 psn
|
|-weather|Hail|[upkeep]
|-damage|p1a: Starmie|18/100 psn|[from] Hail
|-heal|p1a: Starmie|25/100 psn|[from] item: Leftovers
|-damage|p1a: Starmie|12/100 psn|[from] psn
|upkeep
|turn|23
|
|t:|1715848391
|move|p2a: Mamoswine|Ice Shard|p1a: Starmie
|-resisted|p1a: Starmie
|-crit|p1a: Starmie
|-damage|p1a: Starmie|0 fnt
|faint|p1a: Starmie
|
|-weather|Hail|[upkeep]
|upkeep
|
|t:|1715848393
|switch|p1a: Scizor|Scizor, M|94/100
|turn|24
|
|t:|1715848398
|switch|p2a: Reuniclus|Reuniclus, F|100/100 brn
|move|p1a: Scizor|Bullet Punch|p2a: Reuniclus
|-damage|p2a: Reuniclus|69/100 brn
|
|-weather|Hail|[upkeep]
|-damage|p1a: Scizor|88/100|[from] Hail
|upkeep
|turn|25
|
|t:|1715848408
|switch|p1a: Dragonite|Dragonite, F|70/100
|move|p2a: Reuniclus|Focus Blast|p1a: Dragonite
|-resisted|p1a: Dragonite
|-crit|p1a: Dragonite
|-damage|p1a: Dragonite|36/100
|
|-weather|Hail|[upkeep]
|-damage|p1a: Dragonite|30/100|[from] Hail
|upkeep
|turn|26
|
|t:|1715848415
|move|p1a: Dragonite|Outrage|p2a: Reuniclus
|-damage|p2a: Reuniclus|25/100 brn
|move|p2a: Reuniclus|Focus Blast|p1a: Dragonite
|-resisted|p1a: Dragonite
|-damage|p1a: Dragonite|11/100
|
|-weather|Hail|[upkeep]
|-damage|p1a: Dragonite|5/100|[from] Hail
|upkeep
|turn|27
|
|t:|1715848423
|move|p1a: Dragonite|Outrage|p2a: Reuniclus|[from]lockedmove
|-damage|p2a: Reuniclus|0 fnt
|faint|p2a: Reuniclus
|-start|p1a: Dragonite|confusion|[fatigue]
|-enditem|p1a: Dragonite|Lum Berry|[eat]
|-end|p1a: Dragonite|confusion
|
|-weather|Hail|[upkeep]
|-damage|p1a: Dragonite|0 fnt|[from] Hail
|faint|p1a: Dragonite
|upkeep
|
|t:|1715848433
|switch|p1a: Scizor|Scizor, M|88/100
|switch|p2a: Mamoswine|Mamoswine, M|88/100
|-damage|p2a: Mamoswine|76/100|[from] Stealth Rock
|turn|28
|
|t:|1715848443
|move|p1a: Scizor|Bullet Punch|p2a: Mamoswine
|-supereffective|p2a: Mamoswine
|-damage|p2a: Mamoswine|0 fnt
|faint|p2a: Mamoswine
|
|win|Laone.L.ous
|raw|Laone.L.ous's rating: 1408 &rarr; <strong>1430</strong><br />(+22 for winning)
|raw|seaofdreams's rating: 1442 &rarr; <strong>1420</strong><br />(-22 for losing)
|c|☆seaofdreams|gg
|l|☆seaofdreams
|player|p2|
|c|☆Laone.L.ous|gg
