|html|<div class="broadcast-blue"><strong>[Gen 5] OU is currently suspecting Volcarona & Cloyster! For information on how to participate check out the <a href="https://www.smogon.com/forums/threads/re-cloyster-volcarona-in-bw-ou-survey-post-29.3731863/page-2#post-9904362">suspect thread</a>.</strong></div>
|j|☆bwvc ghosted
|j|☆BWVC broken
|t:|1704472144
|gametype|singles
|player|p1|bwvc ghosted|2|1405
|player|p2|BWVC broken|red-gen1main|1355
|teamsize|p1|6
|teamsize|p2|6
|gen|5
|tier|[Gen 5] OU
|rated|
|rule|Species Clause: Limit one of each Pokémon
|rule|OHKO Clause: OHKO moves are banned
|rule|Moody Clause: Moody is banned
|rule|Evasion Items Clause: Evasion items are banned
|rule|Evasion Moves Clause: Evasion moves are banned
|rule|Endless Battle Clause: Forcing endless battles is banned
|rule|HP Percentage Mod: HP is shown in percentages
|rule|Evasion Abilities Clause: Evasion abilities are banned
|rule|Sleep Moves Clause: Sleep-inducing moves are banned
|rule|Swagger Clause: Swagger is banned
|rule|Baton Pass Stat Clause: No Baton Passer may have a way to boost its stats
|clearpoke
|poke|p1|Alakazam, M|item
|poke|p1|Skarmory, F|item
|poke|p1|Tyranitar, M|item
|poke|p1|Mamoswine, M|item
|poke|p1|Jellicent, M|item
|poke|p1|Excadrill, F|item
|poke|p2|Rotom-Wash|item
|poke|p2|Landorus-Therian, M|item
|poke|p2|Jirachi|item
|poke|p2|Tyranitar, F|item
|poke|p2|Latios, M|item
|poke|p2|Garchomp, M|item
|teampreview
|inactive|Battle timer is ON: inactive players will automatically lose when time's up. (requested by BWVC broken)
|
|t:|1704472171
|start
|switch|p1a: Skarmory|Skarmory, F|100/100
|switch|p2a: Garchomp|Garchomp, M|100/100
|turn|1
|
|t:|1704472190
|move|p2a: Garchomp|Stealth Rock|p1a: Skarmory
|-sidestart|p1: bwvc ghosted|move: Stealth Rock
|move|p1a: Skarmory|Stealth Rock|p2a: Garchomp
|-sidestart|p2: BWVC broken|move: Stealth Rock
|
|upkeep
|turn|2
|
|t:|1704472193
|move|p2a: Garchomp|Fire Blast|p1a: Skarmory
|-supereffective|p1a: Skarmory
|-ability|p1a: Skarmory|Sturdy
|-damage|p1a: Skarmory|1/100
|-damage|p2a: Garchomp|91/100|[from] item: Life Orb
|move|p1a: Skarmory|Spikes|p2a: Garchomp
|-sidestart|p2: BWVC broken|Spikes
|
|upkeep
|turn|3
|-enditem|p1a: Skarmory|Custap Berry|[eat]
|-activate|p1a: Skarmory|item: Custap Berry|[consumed]
|
|t:|1704472203
|move|p1a: Skarmory|Spikes|p2a: Garchomp
|-sidestart|p2: BWVC broken|Spikes
|move|p2a: Garchomp|Fire Blast|p1a: Skarmory
|-supereffective|p1a: Skarmory
|-damage|p1a: Skarmory|0 fnt
|faint|p1a: Skarmory
|-damage|p2a: Garchomp|81/100|[from] item: Life Orb
|
|upkeep
|
|t:|1704472205
|switch|p1a: Mamoswine|Mamoswine, M|100/100
|-damage|p1a: Mamoswine|88/100|[from] Stealth Rock
|turn|4
|
|t:|1704472216
|switch|p2a: Rotom|Rotom-Wash|100/100
|-damage|p2a: Rotom|88/100|[from] Stealth Rock
|move|p1a: Mamoswine|Superpower|p2a: Rotom
|-damage|p2a: Rotom|34/100
|-unboost|p1a: Mamoswine|atk|1
|-unboost|p1a: Mamoswine|def|1
|
|-heal|p2a: Rotom|40/100|[from] item: Leftovers
|upkeep
|turn|5
|
|t:|1704472223
|switch|p1a: Jellicent|Jellicent, M|100/100
|-damage|p1a: Jellicent|88/100|[from] Stealth Rock
|-item|p1a: Jellicent|Air Balloon
|move|p2a: Rotom|Hydro Pump|p1a: Jellicent
|-heal|p1a: Jellicent|100/100|[from] ability: Water Absorb|[of] p2a: Rotom
|
|-heal|p2a: Rotom|46/100|[from] item: Leftovers
|upkeep
|turn|6
|
|t:|1704472229
|move|p2a: Rotom|Pain Split|p1a: Jellicent
|-sethp|p1a: Jellicent|66/100|[from] move: Pain Split|[silent]
|-sethp|p2a: Rotom|94/100|[from] move: Pain Split
|move|p1a: Jellicent|Will-O-Wisp|p2a: Rotom
|-status|p2a: Rotom|brn
|
|-heal|p2a: Rotom|99/100 brn|[from] item: Leftovers
|-damage|p2a: Rotom|88/100 brn|[from] brn
|upkeep
|turn|7
|
|t:|1704472233
|move|p2a: Rotom|Hidden Power|p1a: Jellicent
|-supereffective|p1a: Jellicent
|-damage|p1a: Jellicent|30/100
|-enditem|p1a: Jellicent|Air Balloon
|move|p1a: Jellicent|Recover|p1a: Jellicent
|-heal|p1a: Jellicent|80/100
|
|-heal|p2a: Rotom|93/100 brn|[from] item: Leftovers
|-damage|p2a: Rotom|81/100 brn|[from] brn
|upkeep
|turn|8
|
|t:|1704472239
|move|p2a: Rotom|Volt Switch|p1a: Jellicent
|-supereffective|p1a: Jellicent
|-damage|p1a: Jellicent|28/100
|
|t:|1704472251
|switch|p2a: Latios|Latios, M|100/100|[from] Volt Switch
|-damage|p2a: Latios|88/100|[from] Stealth Rock
|move|p1a: Jellicent|Will-O-Wisp|p2a: Latios
|-status|p2a: Latios|brn
|
|-damage|p2a: Latios|76/100 brn|[from] brn
|upkeep
|turn|9
|
|t:|1704472259
|move|p2a: Latios|Trick|p1a: Jellicent
|-activate|p2a: Latios|move: Trick|[of] p1a: Jellicent
|-item|p1a: Jellicent|Choice Specs|[from] move: Trick
|-enditem|p2a: Latios|Choice Specs|[silent]|[from] move: Trick
|move|p1a: Jellicent|Recover|p1a: Jellicent
|-heal|p1a: Jellicent|78/100
|
|-damage|p2a: Latios|64/100 brn|[from] brn
|upkeep
|turn|10
|
|t:|1704472266
|switch|p1a: Tyranitar|Tyranitar, M|100/100
|-damage|p1a: Tyranitar|88/100|[from] Stealth Rock
|-weather|Sandstorm|[from] ability: Sand Stream|[of] p1a: Tyranitar
|move|p2a: Latios|Roost|p2a: Latios
|-heal|p2a: Latios|100/100 brn
|-singleturn|p2a: Latios|move: Roost
|
|-weather|Sandstorm|[upkeep]
|-damage|p2a: Latios|95/100 brn|[from] Sandstorm
|-damage|p2a: Latios|82/100 brn|[from] brn
|upkeep
|turn|11
|
|t:|1704472284
|move|p2a: Latios|Trick|p1a: Tyranitar
|-activate|p2a: Latios|move: Trick|[of] p1a: Tyranitar
|-enditem|p1a: Tyranitar|Chople Berry|[silent]|[from] move: Trick
|-item|p2a: Latios|Chople Berry|[from] move: Trick
|move|p1a: Tyranitar|Pursuit|p2a: Latios
|-supereffective|p2a: Latios
|-damage|p2a: Latios|30/100 brn
|
|-weather|Sandstorm|[upkeep]
|-damage|p2a: Latios|24/100 brn|[from] Sandstorm
|-damage|p2a: Latios|12/100 brn|[from] brn
|upkeep
|turn|12
|
|t:|1704472289
|move|p2a: Latios|Surf|p1a: Tyranitar
|-supereffective|p1a: Tyranitar
|-damage|p1a: Tyranitar|60/100
|move|p1a: Tyranitar|Pursuit|p2a: Latios
|-supereffective|p2a: Latios
|-damage|p2a: Latios|0 fnt
|faint|p2a: Latios
|
|-weather|Sandstorm|[upkeep]
|upkeep
|
|t:|1704472293
|switch|p2a: Landorus|Landorus-Therian, M|100/100
|-damage|p2a: Landorus|88/100|[from] Stealth Rock
|-ability|p2a: Landorus|Intimidate|boost
|-unboost|p1a: Tyranitar|atk|1
|turn|13
|
|t:|1704472297
|switch|p1a: Jellicent|Jellicent, M|78/100
|-damage|p1a: Jellicent|66/100|[from] Stealth Rock
|move|p2a: Landorus|U-turn|p1a: Jellicent
|-resisted|p1a: Jellicent
|-damage|p1a: Jellicent|56/100
|
|t:|1704472303
|switch|p2a: Jirachi|Jirachi|100/100|[from] U-turn
|-damage|p2a: Jirachi|94/100|[from] Stealth Rock
|-damage|p2a: Jirachi|78/100|[from] Spikes
|
|-weather|Sandstorm|[upkeep]
|-damage|p1a: Jellicent|50/100|[from] Sandstorm
|upkeep
|turn|14
|
|t:|1704472306
|move|p2a: Jirachi|Thunder|p1a: Jellicent
|-supereffective|p1a: Jellicent
|-damage|p1a: Jellicent|0 fnt
|faint|p1a: Jellicent
|
|-weather|Sandstorm|[upkeep]
|upkeep
|
|t:|1704472311
|switch|p1a: Excadrill|Excadrill, F|100/100
|-damage|p1a: Excadrill|97/100|[from] Stealth Rock
|turn|15
|
|t:|1704472317
|switch|p2a: Landorus|Landorus-Therian, M|88/100
|-damage|p2a: Landorus|76/100|[from] Stealth Rock
|-ability|p2a: Landorus|Intimidate|boost
|-unboost|p1a: Excadrill|atk|1
|move|p1a: Excadrill|Iron Head|p2a: Landorus
|-damage|p2a: Landorus|36/100
|
|-weather|Sandstorm|[upkeep]
|upkeep
|turn|16
|
|t:|1704472323
|move|p2a: Landorus|Superpower|p1a: Excadrill
|-supereffective|p1a: Excadrill
|-damage|p1a: Excadrill|0 fnt
|-unboost|p2a: Landorus|atk|1
|-unboost|p2a: Landorus|def|1
|faint|p1a: Excadrill
|
|-weather|Sandstorm|[upkeep]
|upkeep
|
|t:|1704472330
|switch|p1a: Alakazam|Alakazam, M|100/100
|turn|17
|
|t:|1704472334
|switch|p2a: Tyranitar|Tyranitar, F|100/100
|-damage|p2a: Tyranitar|88/100|[from] Stealth Rock
|-damage|p2a: Tyranitar|72/100|[from] Spikes
|move|p1a: Alakazam|Grass Knot|p2a: Tyranitar
|-supereffective|p2a: Tyranitar
|-damage|p2a: Tyranitar|20/100
|
|-weather|Sandstorm|[upkeep]
|upkeep
|turn|18
|
|t:|1704472346
|move|p1a: Alakazam|Grass Knot|p2a: Tyranitar
|-supereffective|p2a: Tyranitar
|-damage|p2a: Tyranitar|0 fnt
|faint|p2a: Tyranitar
|
|-weather|Sandstorm|[upkeep]
|upkeep
|
|t:|1704472349
|switch|p2a: Landorus|Landorus-Therian, M|36/100
|-damage|p2a: Landorus|24/100|[from] Stealth Rock
|-ability|p2a: Landorus|Intimidate|boost
|-unboost|p1a: Alakazam|atk|1
|turn|19
|
|t:|1704472352
|switch|p1a: Mamoswine|Mamoswine, M|88/100
|-damage|p1a: Mamoswine|76/100|[from] Stealth Rock
|move|p2a: Landorus|U-turn|p1a: Mamoswine
|-damage|p1a: Mamoswine|47/100
|
|t:|1704472356
|switch|p2a: Rotom|Rotom-Wash|81/100 brn|[from] U-turn
|-damage|p2a: Rotom|69/100 brn|[from] Stealth Rock
|
|-weather|Sandstorm|[upkeep]
|-damage|p2a: Rotom|63/100 brn|[from] Sandstorm
|-heal|p2a: Rotom|69/100 brn|[from] item: Leftovers
|-damage|p2a: Rotom|57/100 brn|[from] brn
|upkeep
|turn|20
|
|t:|1704472365
|switch|p1a: Tyranitar|Tyranitar, M|60/100
|-damage|p1a: Tyranitar|48/100|[from] Stealth Rock
|move|p2a: Rotom|Hydro Pump|p1a: Tyranitar
|-supereffective|p1a: Tyranitar
|-damage|p1a: Tyranitar|1/100
|
|-weather|Sandstorm|[upkeep]
|-damage|p2a: Rotom|51/100 brn|[from] Sandstorm
|-heal|p2a: Rotom|57/100 brn|[from] item: Leftovers
|-damage|p2a: Rotom|44/100 brn|[from] brn
|upkeep
|turn|21
|
|t:|1704472377
|move|p2a: Rotom|Volt Switch|p1a: Tyranitar
|-damage|p1a: Tyranitar|0 fnt
|faint|p1a: Tyranitar
|
|t:|1704472396
|switch|p2a: Jirachi|Jirachi|78/100|[from] Volt Switch
|-damage|p2a: Jirachi|72/100|[from] Stealth Rock
|-damage|p2a: Jirachi|55/100|[from] Spikes
|
|-weather|Sandstorm|[upkeep]
|upkeep
|
|t:|1704472401
|switch|p1a: Mamoswine|Mamoswine, M|47/100
|-damage|p1a: Mamoswine|35/100|[from] Stealth Rock
|turn|22
|
|t:|1704472407
|move|p2a: Jirachi|Iron Head|p1a: Mamoswine
|-supereffective|p1a: Mamoswine
|-damage|p1a: Mamoswine|0 fnt
|faint|p1a: Mamoswine
|
|-weather|Sandstorm|[upkeep]
|upkeep
|
|t:|1704472409
|switch|p1a: Alakazam|Alakazam, M|100/100
|turn|23
|c|☆bwvc ghosted|gg
|
|t:|1704472413
|move|p1a: Alakazam|Hidden Power|p2a: Jirachi
|-supereffective|p2a: Jirachi
|-damage|p2a: Jirachi|0 fnt
|faint|p2a: Jirachi
|
|-weather|Sandstorm|[upkeep]
|upkeep
|
|t:|1704472418
|switch|p2a: Rotom|Rotom-Wash|44/100 brn
|-damage|p2a: Rotom|32/100 brn|[from] Stealth Rock
|turn|24
|inactive|BWVC broken has 120 seconds left.
|
|t:|1704472463
|move|p1a: Alakazam|Psychic|p2a: Rotom
|-damage|p2a: Rotom|0 fnt
|faint|p2a: Rotom
|
|-weather|Sandstorm|[upkeep]
|upkeep
|
|t:|1704472472
|switch|p2a: Landorus|Landorus-Therian, M|24/100
|-damage|p2a: Landorus|12/100|[from] Stealth Rock
|-ability|p2a: Landorus|Intimidate|boost
|-unboost|p1a: Alakazam|atk|1
|turn|25
|
|t:|1704472480
|move|p2a: Landorus|U-turn|p1a: Alakazam
|-supereffective|p1a: Alakazam
|-damage|p1a: Alakazam|0 fnt
|faint|p1a: Alakazam
|
|win|BWVC broken
|raw|bwvc ghosted's rating: 1373 &rarr; <strong>1352</strong><br />(-21 for losing)
|raw|BWVC broken's rating: 1355 &rarr; <strong>1376</strong><br />(+21 for winning)
|c|☆BWVC broken|ya bro gg
|c|☆BWVC broken|not sash huh?
|c|☆bwvc ghosted|i will kill mysefl
|c|☆bwvc ghosted|eh
|c|☆bwvc ghosted|that idiot
|c|☆bwvc ghosted|of finch
|c|☆bwvc ghosted|built this team
|c|☆BWVC broken|lmao
|l|☆bwvc ghosted
|l|☆BWVC broken
|j|☆BWVC broken
|player|p2|BWVC broken|red-gen1main
