|j|☆goldfroze
|j|☆DubbedOn
|t:|1743094961
|gametype|singles
|player|p1|goldfroze|101|1428
|player|p2|DubbedOn|boarder|1280
|teamsize|p1|6
|teamsize|p2|6
|gen|5
|tier|[Gen 5] OU
|rated|
|rule|Species Clause: Limit one of each Pokémon
|rule|OHKO Clause: OHKO moves are banned
|rule|Moody Clause: Moody is banned
|rule|Evasion Items Clause: Evasion items are banned
|rule|Evasion Moves Clause: Evasion moves are banned
|rule|Endless Battle Clause: Forcing endless battles is banned
|rule|HP Percentage Mod: HP is shown in percentages
|rule|Evasion Abilities Clause: Evasion abilities are banned
|rule|Sleep Moves Clause: Sleep-inducing moves are banned
|rule|Swagger Clause: Swagger is banned
|rule|Baton Pass Stat Clause: No Baton Passer may have a way to boost its stats
|clearpoke
|poke|p1|Breloom, F|item
|poke|p1|Azelf|item
|poke|p1|Volcarona, M|item
|poke|p1|Dragonite, M|item
|poke|p1|Starmie|item
|poke|p1|Landorus-Therian, M|item
|poke|p2|Nidoking, M|item
|poke|p2|Latios, M|item
|poke|p2|Rotom-Wash|item
|poke|p2|Jirachi|item
|poke|p2|Tyranitar, M|item
|poke|p2|Landorus-Therian, M|item
|teampreview
|inactive|Battle timer is ON: inactive players will automatically lose when time's up. (requested by DubbedOn)
|inactive|goldfroze also wants the timer to be on.
|
|t:|1743094975
|start
|switch|p1a: Azelf|Azelf|100/100
|switch|p2a: Landorus|Landorus-Therian, M|100/100
|-ability|p2a: Landorus|Intimidate|boost
|-unboost|p1a: Azelf|atk|1
|turn|1
|
|t:|1743094983
|move|p2a: Landorus|U-turn|p1a: Azelf
|-supereffective|p1a: Azelf
|-crit|p1a: Azelf
|-enditem|p1a: Azelf|Focus Sash
|-damage|p1a: Azelf|1/100
|
|t:|1743094988
|switch|p2a: Tyranitar|Tyranitar, M|100/100|[from] U-turn
|-weather|Sandstorm|[from] ability: Sand Stream|[of] p2a: Tyranitar
|move|p1a: Azelf|Stealth Rock|p2a: Tyranitar
|-sidestart|p2: DubbedOn|move: Stealth Rock
|
|-weather|Sandstorm|[upkeep]
|-damage|p1a: Azelf|0 fnt|[from] Sandstorm
|faint|p1a: Azelf
|upkeep
|
|t:|1743094994
|switch|p1a: Breloom|Breloom, F|100/100
|turn|2
|
|t:|1743095012
|switch|p2a: Landorus|Landorus-Therian, M|100/100
|-damage|p2a: Landorus|88/100|[from] Stealth Rock
|-ability|p2a: Landorus|Intimidate|boost
|-unboost|p1a: Breloom|atk|1
|move|p1a: Breloom|Bullet Seed|p2a: Landorus
|-damage|p2a: Landorus|68/100
|-damage|p2a: Landorus|46/100
|-damage|p2a: Landorus|24/100
|-hitcount|p2a: Landorus|3
|-damage|p1a: Breloom|91/100|[from] item: Life Orb
|
|-weather|Sandstorm|[upkeep]
|-damage|p1a: Breloom|84/100|[from] Sandstorm
|upkeep
|turn|3
|
|t:|1743095027
|switch|p1a: Landorus|Landorus-Therian, M|100/100
|-ability|p1a: Landorus|Intimidate|boost
|-unboost|p2a: Landorus|atk|1
|move|p2a: Landorus|U-turn|p1a: Landorus
|-resisted|p1a: Landorus
|-damage|p1a: Landorus|90/100
|
|t:|1743095040
|switch|p2a: Rotom|Rotom-Wash|100/100|[from] U-turn
|-damage|p2a: Rotom|88/100|[from] Stealth Rock
|
|-weather|Sandstorm|[upkeep]
|-damage|p2a: Rotom|82/100|[from] Sandstorm
|-heal|p2a: Rotom|88/100|[from] item: Leftovers
|upkeep
|turn|4
|
|t:|1743095053
|move|p1a: Landorus|U-turn|p2a: Rotom
|-crit|p2a: Rotom
|-damage|p2a: Rotom|45/100
|
|t:|1743095056
|switch|p1a: Starmie|Starmie|100/100|[from] U-turn
|-item|p1a: Starmie|Air Balloon
|move|p2a: Rotom|Will-O-Wisp|p1a: Starmie
|-status|p1a: Starmie|brn
|
|-weather|Sandstorm|[upkeep]
|-damage|p1a: Starmie|94/100 brn|[from] Sandstorm
|-damage|p2a: Rotom|39/100|[from] Sandstorm
|-heal|p2a: Rotom|45/100|[from] item: Leftovers
|-damage|p1a: Starmie|82/100 brn|[from] brn
|upkeep
|turn|5
|
|t:|1743095080
|move|p1a: Starmie|Hydro Pump|p2a: Rotom
|-resisted|p2a: Rotom
|-damage|p2a: Rotom|19/100
|move|p2a: Rotom|Volt Switch|p1a: Starmie
|-supereffective|p1a: Starmie
|-damage|p1a: Starmie|11/100 brn
|-enditem|p1a: Starmie|Air Balloon
|inactive|DubbedOn has 120 seconds left.
|inactive|DubbedOn has 90 seconds left.
|
|t:|1743095121
|switch|p2a: Landorus|Landorus-Therian, M|24/100|[from] Volt Switch
|-damage|p2a: Landorus|11/100|[from] Stealth Rock
|-ability|p2a: Landorus|Intimidate|boost
|-unboost|p1a: Starmie|atk|1
|
|-weather|Sandstorm|[upkeep]
|-damage|p1a: Starmie|5/100 brn|[from] Sandstorm
|-damage|p1a: Starmie|0 fnt|[from] brn
|faint|p1a: Starmie
|upkeep
|
|t:|1743095128
|switch|p1a: Landorus|Landorus-Therian, M|90/100
|-ability|p1a: Landorus|Intimidate|boost
|-unboost|p2a: Landorus|atk|1
|turn|6
|
|t:|1743095134
|move|p2a: Landorus|Stealth Rock|p1a: Landorus
|-sidestart|p1: goldfroze|move: Stealth Rock
|move|p1a: Landorus|U-turn|p2a: Landorus
|-resisted|p2a: Landorus
|-damage|p2a: Landorus|0 fnt
|faint|p2a: Landorus
|
|t:|1743095143
|switch|p1a: Volcarona|Volcarona, M|100/100|[from] U-turn
|-damage|p1a: Volcarona|51/100|[from] Stealth Rock
|
|-weather|Sandstorm|[upkeep]
|-damage|p1a: Volcarona|45/100|[from] Sandstorm
|upkeep
|
|t:|1743095162
|switch|p2a: Latios|Latios, M|100/100
|-damage|p2a: Latios|88/100|[from] Stealth Rock
|turn|7
|inactive|DubbedOn has 90 seconds left.
|
|t:|1743095180
|move|p2a: Latios|Dragon Pulse|p1a: Volcarona
|-damage|p1a: Volcarona|0 fnt
|faint|p1a: Volcarona
|
|-weather|Sandstorm|[upkeep]
|-damage|p2a: Latios|82/100|[from] Sandstorm
|upkeep
|
|t:|1743095184
|switch|p1a: Landorus|Landorus-Therian, M|90/100
|-damage|p1a: Landorus|78/100|[from] Stealth Rock
|-ability|p1a: Landorus|Intimidate|boost
|-unboost|p2a: Latios|atk|1
|turn|8
|
|t:|1743095195
|switch|p2a: Rotom|Rotom-Wash|19/100
|-damage|p2a: Rotom|6/100|[from] Stealth Rock
|move|p1a: Landorus|Explosion|p2a: Rotom
|-damage|p2a: Rotom|0 fnt
|faint|p1a: Landorus
|faint|p2a: Rotom
|
|-weather|Sandstorm|[upkeep]
|upkeep
|
|t:|1743095206
|switch|p1a: Dragonite|Dragonite, M|100/100
|switch|p2a: Latios|Latios, M|82/100
|-damage|p2a: Latios|70/100|[from] Stealth Rock
|-damage|p1a: Dragonite|76/100|[from] Stealth Rock
|turn|9
|
|t:|1743095212
|move|p2a: Latios|Dragon Pulse|p1a: Dragonite
|-supereffective|p1a: Dragonite
|-damage|p1a: Dragonite|0 fnt
|faint|p1a: Dragonite
|
|-weather|Sandstorm|[upkeep]
|-damage|p2a: Latios|64/100|[from] Sandstorm
|upkeep
|
|t:|1743095215
|switch|p1a: Breloom|Breloom, F|84/100
|-damage|p1a: Breloom|78/100|[from] Stealth Rock
|turn|10
|
|t:|1743095222
|move|p2a: Latios|Dragon Pulse|p1a: Breloom
|-damage|p1a: Breloom|0 fnt
|faint|p1a: Breloom
|
|win|DubbedOn
|raw|goldfroze's rating: 1428 &rarr; <strong>1400</strong><br />(-28 for losing)
|raw|DubbedOn's rating: 1280 &rarr; <strong>1315</strong><br />(+35 for winning)
|l|☆goldfroze
|player|p1|
