|j|☆apple eyes
|j|☆B14z6
|t:|1736746474
|gametype|singles
|player|p1|apple eyes|266|1302
|player|p2|B14z6|1|1462
|teamsize|p1|6
|teamsize|p2|6
|gen|5
|tier|[Gen 5] OU
|rated|
|rule|Species Clause: Limit one of each Pokémon
|rule|OHKO Clause: OHKO moves are banned
|rule|Moody Clause: Moody is banned
|rule|Evasion Items Clause: Evasion items are banned
|rule|Evasion Moves Clause: Evasion moves are banned
|rule|Endless Battle Clause: Forcing endless battles is banned
|rule|HP Percentage Mod: HP is shown in percentages
|rule|Evasion Abilities Clause: Evasion abilities are banned
|rule|Sleep Moves Clause: Sleep-inducing moves are banned
|rule|Swagger Clause: Swagger is banned
|rule|Baton Pass Stat Clause: No Baton Passer may have a way to boost its stats
|clearpoke
|poke|p1|Rotom-Wash|item
|poke|p1|Landorus-Therian, M|item
|poke|p1|Jirachi|item
|poke|p1|Tyranitar, F|item
|poke|p1|Latios, M|item
|poke|p1|Garchomp, M|item
|poke|p2|Abomasnow, F|item
|poke|p2|Kyurem|item
|poke|p2|Mamoswine, M|item
|poke|p2|Heatran, M|item
|poke|p2|Latios, M|item
|poke|p2|Starmie|item
|teampreview
|
|t:|1736746482
|start
|switch|p1a: INBRED IGUANA|Landorus-Therian, M|100/100
|switch|p2a: Abomasnow|Abomasnow, F|100/100
|-ability|p1a: INBRED IGUANA|Intimidate|boost
|-unboost|p2a: Abomasnow|atk|1
|-weather|Hail|[from] ability: Snow Warning|[of] p2a: Abomasnow
|turn|1
|
|t:|1736746491
|move|p1a: INBRED IGUANA|U-turn|p2a: Abomasnow
|-supereffective|p2a: Abomasnow
|-damage|p2a: Abomasnow|48/100
|
|t:|1736746495
|switch|p1a: TTARIANA GRANDE|Tyranitar, F|100/100|[from] U-turn
|-weather|Sandstorm|[from] ability: Sand Stream|[of] p1a: TTARIANA GRANDE
|move|p2a: Abomasnow|Blizzard|p1a: TTARIANA GRANDE|[miss]
|-miss|p2a: Abomasnow|p1a: TTARIANA GRANDE
|
|-weather|Sandstorm|[upkeep]
|-damage|p2a: Abomasnow|42/100|[from] Sandstorm
|-heal|p2a: Abomasnow|48/100|[from] item: Leftovers
|upkeep
|turn|2
|
|t:|1736746501
|switch|p2a: Mamoswine|Mamoswine, M|100/100
|move|p1a: TTARIANA GRANDE|Crunch|p2a: Mamoswine
|-damage|p2a: Mamoswine|53/100
|-unboost|p2a: Mamoswine|def|1
|
|-weather|Sandstorm|[upkeep]
|upkeep
|turn|3
|
|t:|1736746510
|switch|p1a: INBRED IGUANA|Landorus-Therian, M|100/100
|-ability|p1a: INBRED IGUANA|Intimidate|boost
|-unboost|p2a: Mamoswine|atk|1
|move|p2a: Mamoswine|Stealth Rock|p1a: INBRED IGUANA
|-sidestart|p1: apple eyes|move: Stealth Rock
|
|-weather|Sandstorm|[upkeep]
|upkeep
|turn|4
|
|t:|1736746521
|switch|p2a: Starmie|Starmie|100/100
|-item|p2a: Starmie|Air Balloon
|move|p1a: INBRED IGUANA|Superpower|p2a: Starmie
|-resisted|p2a: Starmie
|-damage|p2a: Starmie|67/100
|-unboost|p1a: INBRED IGUANA|atk|1
|-unboost|p1a: INBRED IGUANA|def|1
|-enditem|p2a: Starmie|Air Balloon
|
|-weather|Sandstorm|[upkeep]
|-damage|p2a: Starmie|61/100|[from] Sandstorm
|upkeep
|turn|5
|
|t:|1736746528
|switch|p1a: TTARIANA GRANDE|Tyranitar, F|100/100
|-damage|p1a: TTARIANA GRANDE|88/100|[from] Stealth Rock
|move|p2a: Starmie|Hydro Pump|p1a: TTARIANA GRANDE
|-supereffective|p1a: TTARIANA GRANDE
|-damage|p1a: TTARIANA GRANDE|35/100
|
|-weather|Sandstorm|[upkeep]
|-damage|p2a: Starmie|55/100|[from] Sandstorm
|upkeep
|turn|6
|
|t:|1736746532
|switch|p1a: TURBO RUMP|Rotom-Wash|100/100
|-damage|p1a: TURBO RUMP|88/100|[from] Stealth Rock
|move|p2a: Starmie|Hydro Pump|p1a: TURBO RUMP
|-resisted|p1a: TURBO RUMP
|-damage|p1a: TURBO RUMP|58/100
|
|-weather|Sandstorm|[upkeep]
|-damage|p2a: Starmie|49/100|[from] Sandstorm
|-damage|p1a: TURBO RUMP|52/100|[from] Sandstorm
|-heal|p1a: TURBO RUMP|58/100|[from] item: Leftovers
|upkeep
|turn|7
|j| zaaya
|
|t:|1736746550
|move|p2a: Starmie|Thunderbolt|p1a: TURBO RUMP
|-damage|p1a: TURBO RUMP|26/100
|move|p1a: TURBO RUMP|Volt Switch|p2a: Starmie
|-supereffective|p2a: Starmie
|-damage|p2a: Starmie|0 fnt
|faint|p2a: Starmie
|c| zaaya|Good taste
|
|t:|1736746555
|switch|p1a: INBRED IGUANA|Landorus-Therian, M|100/100|[from] Volt Switch
|-damage|p1a: INBRED IGUANA|88/100|[from] Stealth Rock
|
|-weather|Sandstorm|[upkeep]
|upkeep
|
|t:|1736746561
|switch|p2a: Latios|Latios, M|100/100
|turn|8
|
|t:|1736746564
|move|p2a: Latios|Surf|p1a: INBRED IGUANA
|-supereffective|p1a: INBRED IGUANA
|-damage|p1a: INBRED IGUANA|0 fnt
|faint|p1a: INBRED IGUANA
|
|-weather|Sandstorm|[upkeep]
|-damage|p2a: Latios|95/100|[from] Sandstorm
|upkeep
|
|t:|1736746569
|switch|p1a: DOPPELSOLDNER|Latios, M|100/100
|-damage|p1a: DOPPELSOLDNER|88/100|[from] Stealth Rock
|turn|9
|
|t:|1736746575
|switch|p2a: Heatran|Heatran, M|100/100
|-item|p2a: Heatran|Air Balloon
|move|p1a: DOPPELSOLDNER|Surf|p2a: Heatran
|-supereffective|p2a: Heatran
|-damage|p2a: Heatran|0 fnt
|-enditem|p2a: Heatran|Air Balloon
|faint|p2a: Heatran
|
|-weather|Sandstorm|[upkeep]
|-damage|p1a: DOPPELSOLDNER|82/100|[from] Sandstorm
|upkeep
|
|t:|1736746581
|switch|p2a: Abomasnow|Abomasnow, F|48/100
|-weather|Hail|[from] ability: Snow Warning|[of] p2a: Abomasnow
|turn|10
|
|t:|1736746588
|switch|p1a: MCDONALD'S SPRITE|Jirachi|100/100
|-damage|p1a: MCDONALD'S SPRITE|94/100|[from] Stealth Rock
|move|p2a: Abomasnow|Blizzard|p1a: MCDONALD'S SPRITE
|-resisted|p1a: MCDONALD'S SPRITE
|-damage|p1a: MCDONALD'S SPRITE|66/100
|
|-weather|Hail|[upkeep]
|-damage|p1a: MCDONALD'S SPRITE|60/100|[from] Hail
|-heal|p2a: Abomasnow|54/100|[from] item: Leftovers
|upkeep
|turn|11
|
|t:|1736746598
|switch|p2a: Latios|Latios, M|95/100
|move|p1a: MCDONALD'S SPRITE|Iron Head|p2a: Latios
|-damage|p2a: Latios|43/100
|
|-weather|Hail|[upkeep]
|-damage|p2a: Latios|37/100|[from] Hail
|-damage|p1a: MCDONALD'S SPRITE|54/100|[from] Hail
|upkeep
|turn|12
|
|t:|1736746603
|move|p2a: Latios|Surf|p1a: MCDONALD'S SPRITE
|-damage|p1a: MCDONALD'S SPRITE|21/100
|move|p1a: MCDONALD'S SPRITE|Iron Head|p2a: Latios
|-damage|p2a: Latios|0 fnt
|faint|p2a: Latios
|
|-weather|Hail|[upkeep]
|-damage|p1a: MCDONALD'S SPRITE|15/100|[from] Hail
|upkeep
|
|t:|1736746616
|switch|p2a: Mamoswine|Mamoswine, M|53/100
|turn|13
|
|t:|1736746630
|move|p1a: MCDONALD'S SPRITE|Iron Head|p2a: Mamoswine
|-supereffective|p2a: Mamoswine
|-damage|p2a: Mamoswine|0 fnt
|faint|p2a: Mamoswine
|
|-weather|Hail|[upkeep]
|-damage|p1a: MCDONALD'S SPRITE|8/100|[from] Hail
|upkeep
|
|t:|1736746633
|switch|p2a: Abomasnow|Abomasnow, F|54/100
|turn|14
|
|t:|1736746637
|move|p2a: Abomasnow|Ice Shard|p1a: MCDONALD'S SPRITE
|-resisted|p1a: MCDONALD'S SPRITE
|-damage|p1a: MCDONALD'S SPRITE|1/100
|move|p1a: MCDONALD'S SPRITE|Iron Head|p2a: Abomasnow
|-supereffective|p2a: Abomasnow
|-damage|p2a: Abomasnow|0 fnt
|faint|p2a: Abomasnow
|
|-weather|Hail|[upkeep]
|-damage|p1a: MCDONALD'S SPRITE|0 fnt|[from] Hail
|faint|p1a: MCDONALD'S SPRITE
|upkeep
|
|t:|1736746641
|switch|p1a: TTARIANA GRANDE|Tyranitar, F|35/100
|switch|p2a: Kyurem|Kyurem|100/100
|-ability|p2a: Kyurem|Pressure
|-damage|p1a: TTARIANA GRANDE|23/100|[from] Stealth Rock
|-weather|Sandstorm|[from] ability: Sand Stream|[of] p1a: TTARIANA GRANDE
|turn|15
|
|t:|1736746646
|move|p2a: Kyurem|Dragon Pulse|p1a: TTARIANA GRANDE
|-damage|p1a: TTARIANA GRANDE|0 fnt
|faint|p1a: TTARIANA GRANDE
|-damage|p2a: Kyurem|91/100|[from] item: Life Orb
|
|-weather|Sandstorm|[upkeep]
|-damage|p2a: Kyurem|84/100|[from] Sandstorm
|upkeep
|
|t:|1736746656
|switch|p1a: EL CHOMPO|Garchomp, M|100/100
|-damage|p1a: EL CHOMPO|94/100|[from] Stealth Rock
|turn|16
|
|t:|1736746664
|move|p1a: EL CHOMPO|Draco Meteor|p2a: Kyurem
|-supereffective|p2a: Kyurem
|-damage|p2a: Kyurem|0 fnt
|-unboost|p1a: EL CHOMPO|spa|2
|faint|p2a: Kyurem
|-damage|p1a: EL CHOMPO|85/100|[from] item: Life Orb
|
|win|apple eyes
|raw|apple eyes's rating: 1302 &rarr; <strong>1331</strong><br />(+29 for winning)
|raw|B14z6's rating: 1462 &rarr; <strong>1433</strong><br />(-29 for losing)
|l|☆B14z6
|player|p2|
|l|☆apple eyes
|player|p1|
