|j|☆CroCoeur
|j|☆Nights Blade God
|player|p1|CroCoeur|161
|player|p2|Nights Blade God|96
|teamsize|p1|6
|teamsize|p2|6
|gametype|singles
|gen|5
|tier|[Gen 5] OU
|rated|
|rule|Sleep Clause Mod: Limit one foe put to sleep
|rule|Species Clause: Limit one of each Pokémon
|rule|OHKO Clause: OHKO moves are banned
|rule|Moody Clause: Moody is banned
|rule|Evasion Moves Clause: Evasion moves are banned
|rule|Endless Battle Clause: Forcing endless battles is banned
|rule|HP Percentage Mod: HP is shown in percentages
|rule|Evasion Abilities Clause: Evasion abilities are banned
|rule|Baton Pass Clause: Limit one Baton Passer, can't pass Spe and other stats simultaneously
|rule|Swagger Clause: Swagger is banned
|clearpoke
|poke|p1|Politoed, M|item
|poke|p1|Vaporeon, F|item
|poke|p1|Celebi|item
|poke|p1|Ferrothorn, M|item
|poke|p1|Latios, M|item
|poke|p1|Jirachi|item
|poke|p2|Politoed, F|item
|poke|p2|Dragonite, M|item
|poke|p2|Starmie|item
|poke|p2|Ferrothorn, M|item
|poke|p2|Landorus-Therian, M|item
|poke|p2|Keldeo|item
|teampreview
|inactive|Battle timer is ON: inactive players will automatically lose when time's up. (requested by CroCoeur)
|j| seeergi
|
|start
|switch|p1a: Politoed|Politoed, M|100/100
|switch|p2a: Politoed|Politoed, F|100/100
|-weather|RainDance|[from] ability: Drizzle|[of] p1a: Politoed
|turn|1
|
|switch|p1a: Vaporeon|Vaporeon, F|100/100
|move|p2a: Politoed|Protect||[still]
|-fail|p2a: Politoed
|
|-weather|RainDance|[upkeep]
|upkeep
|turn|2
|
|switch|p2a: Starmie|Starmie|100/100
|move|p1a: Vaporeon|Scald|p2a: Starmie
|-resisted|p2a: Starmie
|-damage|p2a: Starmie|66/100
|-status|p2a: Starmie|brn
|
|-weather|RainDance|[upkeep]
|-damage|p2a: Starmie|54/100 brn|[from] brn
|upkeep
|turn|3
|
|move|p2a: Starmie|Thunder|p1a: Vaporeon
|-supereffective|p1a: Vaporeon
|-damage|p1a: Vaporeon|47/100
|-status|p1a: Vaporeon|par
|-damage|p2a: Starmie|44/100 brn|[from] item: Life Orb
|cant|p1a: Vaporeon|par
|
|-weather|RainDance|[upkeep]
|-activate|p1a: Vaporeon|ability: Hydration
|-curestatus|p1a: Vaporeon|par|[msg]
|-heal|p1a: Vaporeon|53/100|[from] item: Leftovers
|-damage|p2a: Starmie|32/100 brn|[from] brn
|upkeep
|turn|4
|inactive|Nights Blade God has 120 seconds left.
|
|switch|p2a: Dragonite|Dragonite, M|100/100
|switch|p1a: Celebi|Celebi|100/100
|
|-weather|RainDance|[upkeep]
|upkeep
|turn|5
|inactive|Nights Blade God has 120 seconds left.
|
|move|p2a: Dragonite|Outrage|p1a: Celebi
|-damage|p1a: Celebi|14/100
|move|p1a: Celebi|Perish Song|p1a: Celebi
|-start|p1a: Celebi|perish3|[silent]
|-start|p2a: Dragonite|perish3|[silent]
|-fieldactivate|move: Perish Song
|
|-weather|RainDance|[upkeep]
|-heal|p1a: Celebi|20/100|[from] item: Leftovers
|-start|p2a: Dragonite|perish3
|-start|p1a: Celebi|perish3
|upkeep
|turn|6
|
|switch|p1a: Ferrothorn|Ferrothorn, M|100/100
|move|p2a: Dragonite|Outrage|p1a: Ferrothorn|[from]lockedmove
|-resisted|p1a: Ferrothorn
|-damage|p1a: Ferrothorn|65/100
|-damage|p2a: Dragonite|88/100|[from] ability: Iron Barbs|[of] p1a: Ferrothorn
|
|-weather|RainDance|[upkeep]
|-heal|p1a: Ferrothorn|71/100|[from] item: Leftovers
|-start|p2a: Dragonite|perish2
|upkeep
|turn|7
|
|move|p2a: Dragonite|Outrage|p1a: Ferrothorn|[from]lockedmove
|-resisted|p1a: Ferrothorn
|-damage|p1a: Ferrothorn|33/100
|-damage|p2a: Dragonite|76/100|[from] ability: Iron Barbs|[of] p1a: Ferrothorn
|-start|p2a: Dragonite|confusion|[fatigue]
|move|p1a: Ferrothorn|Stealth Rock|p2a: Dragonite
|-sidestart|p2: Nights Blade God|move: Stealth Rock
|
|-weather|RainDance|[upkeep]
|-heal|p1a: Ferrothorn|40/100|[from] item: Leftovers
|-start|p2a: Dragonite|perish1
|upkeep
|turn|8
|
|switch|p2a: Ferrothorn|Ferrothorn, M|100/100
|-damage|p2a: Ferrothorn|95/100|[from] Stealth Rock
|move|p1a: Ferrothorn|Leech Seed|p2a: Ferrothorn
|-immune|p2a: Ferrothorn
|
|-weather|RainDance|[upkeep]
|-heal|p1a: Ferrothorn|46/100|[from] item: Leftovers
|-heal|p2a: Ferrothorn|100/100|[from] item: Leftovers
|upkeep
|turn|9
|j| dvn twnsnd
|
|move|p1a: Ferrothorn|Spikes|p2a: Ferrothorn
|-sidestart|p2: Nights Blade God|Spikes
|move|p2a: Ferrothorn|Spikes|p1a: Ferrothorn
|-sidestart|p1: CroCoeur|Spikes
|
|-weather|RainDance|[upkeep]
|-heal|p1a: Ferrothorn|52/100|[from] item: Leftovers
|upkeep
|turn|10
|
|switch|p2a: Politoed|Politoed, F|100/100
|-damage|p2a: Politoed|88/100|[from] Spikes
|-damage|p2a: Politoed|76/100|[from] Stealth Rock
|move|p1a: Ferrothorn|Spikes|p2a: Politoed
|-sidestart|p2: Nights Blade God|Spikes
|
|-weather|RainDance|[upkeep]
|-heal|p2a: Politoed|82/100|[from] item: Leftovers
|-heal|p1a: Ferrothorn|58/100|[from] item: Leftovers
|upkeep
|turn|11
|
|switch|p1a: Vaporeon|Vaporeon, F|53/100
|-damage|p1a: Vaporeon|40/100|[from] Spikes
|move|p2a: Politoed|Hypnosis|p1a: Vaporeon
|-status|p1a: Vaporeon|slp
|
|-weather|RainDance|[upkeep]
|-heal|p2a: Politoed|88/100|[from] item: Leftovers
|-activate|p1a: Vaporeon|ability: Hydration
|-curestatus|p1a: Vaporeon|slp|[msg]
|-heal|p1a: Vaporeon|46/100|[from] item: Leftovers
|upkeep
|turn|12
|
|switch|p2a: Dragonite|Dragonite, M|76/100
|-damage|p2a: Dragonite|51/100|[from] Stealth Rock
|move|p1a: Vaporeon|Rest|p1a: Vaporeon
|-status|p1a: Vaporeon|slp
|-heal|p1a: Vaporeon|100/100 slp|[silent]
|-status|p1a: Vaporeon|slp|[from] move: Rest
|
|-weather|RainDance|[upkeep]
|-activate|p1a: Vaporeon|ability: Hydration
|-curestatus|p1a: Vaporeon|slp|[msg]
|upkeep
|turn|13
|
|move|p2a: Dragonite|Outrage|p1a: Vaporeon
|-damage|p1a: Vaporeon|0 fnt
|faint|p1a: Vaporeon
|
|-weather|RainDance|[upkeep]
|upkeep
|c|☆CroCoeur|What
|
|switch|p1a: Politoed|Politoed, M|100/100
|-damage|p1a: Politoed|88/100|[from] Spikes
|turn|14
|
|move|p1a: Politoed|Ice Beam|p2a: Dragonite
|-supereffective|p2a: Dragonite
|-damage|p2a: Dragonite|0 fnt
|faint|p2a: Dragonite
|
|-weather|RainDance|[upkeep]
|upkeep
|
|switch|p2a: Politoed|Politoed, F|88/100
|-damage|p2a: Politoed|76/100|[from] Stealth Rock
|-damage|p2a: Politoed|59/100|[from] Spikes
|turn|15
|
|switch|p1a: Celebi|Celebi|20/100
|-damage|p1a: Celebi|8/100|[from] Spikes
|move|p2a: Politoed|Scald|p1a: Celebi
|-resisted|p1a: Celebi
|-damage|p1a: Celebi|0 fnt
|faint|p1a: Celebi
|
|-weather|RainDance|[upkeep]
|-heal|p2a: Politoed|65/100|[from] item: Leftovers
|upkeep
|
|switch|p1a: Jirachi|Jirachi|100/100
|-damage|p1a: Jirachi|88/100|[from] Spikes
|turn|16
|
|move|p1a: Jirachi|Substitute|p1a: Jirachi
|-start|p1a: Jirachi|Substitute
|-damage|p1a: Jirachi|63/100
|move|p2a: Politoed|Scald|p1a: Jirachi
|-end|p1a: Jirachi|Substitute
|
|-weather|RainDance|[upkeep]
|-heal|p1a: Jirachi|69/100|[from] item: Leftovers
|-heal|p2a: Politoed|71/100|[from] item: Leftovers
|upkeep
|turn|17
|
|move|p1a: Jirachi|Thunder|p2a: Politoed
|-supereffective|p2a: Politoed
|-damage|p2a: Politoed|21/100
|-status|p2a: Politoed|par
|cant|p2a: Politoed|par
|
|-weather|RainDance|[upkeep]
|-heal|p1a: Jirachi|75/100|[from] item: Leftovers
|-heal|p2a: Politoed|27/100 par|[from] item: Leftovers
|upkeep
|turn|18
|
|move|p1a: Jirachi|Water Pulse|p2a: Politoed
|-resisted|p2a: Politoed
|-damage|p2a: Politoed|18/100 par
|move|p2a: Politoed|Scald|p1a: Jirachi
|-damage|p1a: Jirachi|46/100
|
|-weather|RainDance|[upkeep]
|-heal|p1a: Jirachi|52/100|[from] item: Leftovers
|-heal|p2a: Politoed|24/100 par|[from] item: Leftovers
|upkeep
|turn|19
|
|move|p1a: Jirachi|Thunder|p2a: Politoed
|-supereffective|p2a: Politoed
|-damage|p2a: Politoed|0 fnt
|faint|p2a: Politoed
|
|-weather|RainDance|[upkeep]
|-heal|p1a: Jirachi|58/100|[from] item: Leftovers
|upkeep
|
|switch|p2a: Starmie|Starmie|32/100 brn
|-damage|p2a: Starmie|20/100 brn|[from] Stealth Rock
|-damage|p2a: Starmie|3/100 brn|[from] Spikes
|turn|20
|
|switch|p1a: Ferrothorn|Ferrothorn, M|58/100
|-damage|p1a: Ferrothorn|46/100|[from] Spikes
|move|p2a: Starmie|Rapid Spin|p1a: Ferrothorn
|-resisted|p1a: Ferrothorn
|-damage|p1a: Ferrothorn|45/100
|-damage|p2a: Starmie|0 fnt|[from] ability: Iron Barbs|[of] p1a: Ferrothorn
|faint|p2a: Starmie
|-formechange|p2a: Starmie|Starmie||[from] ability: Iron Barbs
|
|-weather|RainDance|[upkeep]
|-heal|p1a: Ferrothorn|51/100|[from] item: Leftovers
|upkeep
|
|switch|p2a: Landorus|Landorus-Therian, M|100/100
|-damage|p2a: Landorus|88/100|[from] Stealth Rock
|-ability|p2a: Landorus|Intimidate|boost
|-unboost|p1a: Ferrothorn|atk|1
|turn|21
|
|move|p2a: Landorus|Stealth Rock|p1a: Ferrothorn
|-sidestart|p1: CroCoeur|move: Stealth Rock
|move|p1a: Ferrothorn|Spikes|p2a: Landorus
|-sidestart|p2: Nights Blade God|Spikes
|
|-weather|RainDance|[upkeep]
|-heal|p2a: Landorus|94/100|[from] item: Leftovers
|-heal|p1a: Ferrothorn|58/100|[from] item: Leftovers
|upkeep
|turn|22
|
|move|p2a: Landorus|Earthquake|p1a: Ferrothorn
|-damage|p1a: Ferrothorn|26/100
|move|p1a: Ferrothorn|Leech Seed|p2a: Landorus
|-start|p2a: Landorus|move: Leech Seed
|
|-weather|RainDance|[upkeep]
|-heal|p2a: Landorus|99/100|[from] item: Leftovers
|-heal|p1a: Ferrothorn|32/100|[from] item: Leftovers
|-damage|p2a: Landorus|88/100|[from] Leech Seed|[of] p1a: Ferrothorn
|-heal|p1a: Ferrothorn|45/100|[silent]
|upkeep
|turn|23
|
|switch|p2a: Ferrothorn|Ferrothorn, M|100/100
|-damage|p2a: Ferrothorn|76/100|[from] Spikes
|-damage|p2a: Ferrothorn|70/100|[from] Stealth Rock
|move|p1a: Ferrothorn|Power Whip|p2a: Ferrothorn
|-resisted|p2a: Ferrothorn
|-damage|p2a: Ferrothorn|65/100
|-damage|p1a: Ferrothorn|33/100|[from] ability: Iron Barbs|[of] p2a: Ferrothorn
|
|-weather|RainDance|[upkeep]
|-heal|p1a: Ferrothorn|39/100|[from] item: Leftovers
|-heal|p2a: Ferrothorn|71/100|[from] item: Leftovers
|upkeep
|turn|24
|
|switch|p1a: Jirachi|Jirachi|58/100
|-damage|p1a: Jirachi|46/100|[from] Spikes
|-damage|p1a: Jirachi|40/100|[from] Stealth Rock
|switch|p2a: Keldeo|Keldeo|100/100
|-damage|p2a: Keldeo|76/100|[from] Spikes
|-damage|p2a: Keldeo|70/100|[from] Stealth Rock
|
|-weather|RainDance|[upkeep]
|-heal|p1a: Jirachi|46/100|[from] item: Leftovers
|upkeep
|turn|25
|
|move|p2a: Keldeo|Hydro Pump|p1a: Jirachi
|-crit|p1a: Jirachi
|-damage|p1a: Jirachi|0 fnt
|faint|p1a: Jirachi
|
|-weather|RainDance|[upkeep]
|upkeep
|
|switch|p1a: Latios|Latios, M|100/100
|-damage|p1a: Latios|88/100|[from] Stealth Rock
|turn|26
|
|switch|p2a: Ferrothorn|Ferrothorn, M|71/100
|-damage|p2a: Ferrothorn|65/100|[from] Stealth Rock
|-damage|p2a: Ferrothorn|40/100|[from] Spikes
|move|p1a: Latios|Psyshock|p2a: Ferrothorn
|-resisted|p2a: Ferrothorn
|-damage|p2a: Ferrothorn|26/100
|
|-weather|RainDance|[upkeep]
|-heal|p2a: Ferrothorn|32/100|[from] item: Leftovers
|upkeep
|turn|27
|
|move|p1a: Latios|Psyshock|p2a: Ferrothorn
|-resisted|p2a: Ferrothorn
|-damage|p2a: Ferrothorn|16/100
|move|p2a: Ferrothorn|Spikes|p1a: Latios
|-sidestart|p1: CroCoeur|Spikes
|
|-weather|RainDance|[upkeep]
|-heal|p2a: Ferrothorn|22/100|[from] item: Leftovers
|upkeep
|turn|28
|
|move|p1a: Latios|Psyshock|p2a: Ferrothorn
|-resisted|p2a: Ferrothorn
|-damage|p2a: Ferrothorn|8/100
|move|p2a: Ferrothorn|Gyro Ball|p1a: Latios
|-damage|p1a: Latios|16/100
|
|-weather|RainDance|[upkeep]
|-heal|p2a: Ferrothorn|14/100|[from] item: Leftovers
|upkeep
|turn|29
|
|move|p1a: Latios|Psyshock|p2a: Ferrothorn
|-resisted|p2a: Ferrothorn
|-damage|p2a: Ferrothorn|0 fnt
|faint|p2a: Ferrothorn
|
|-weather|RainDance|[upkeep]
|upkeep
|
|switch|p2a: Landorus|Landorus-Therian, M|88/100
|-damage|p2a: Landorus|76/100|[from] Stealth Rock
|-ability|p2a: Landorus|Intimidate|boost
|-unboost|p1a: Latios|atk|1
|turn|30
|
|switch|p1a: Ferrothorn|Ferrothorn, M|39/100
|-damage|p1a: Ferrothorn|23/100|[from] Spikes
|-damage|p1a: Ferrothorn|16/100|[from] Stealth Rock
|move|p2a: Landorus|U-turn|p1a: Ferrothorn
|-damage|p1a: Ferrothorn|0 fnt
|-damage|p2a: Landorus|63/100|[from] ability: Iron Barbs|[of] p1a: Ferrothorn
|faint|p1a: Ferrothorn
|
|switch|p2a: Keldeo|Keldeo|70/100
|-damage|p2a: Keldeo|45/100|[from] Spikes
|-damage|p2a: Keldeo|39/100|[from] Stealth Rock
|
|-weather|RainDance|[upkeep]
|upkeep
|l| dvn twnsnd
|
|switch|p1a: Latios|Latios, M|16/100
|-damage|p1a: Latios|4/100|[from] Stealth Rock
|turn|31
|
|move|p1a: Latios|Psyshock|p2a: Keldeo
|-supereffective|p2a: Keldeo
|-damage|p2a: Keldeo|0 fnt
|faint|p2a: Keldeo
|
|-weather|RainDance|[upkeep]
|upkeep
|
|switch|p2a: Landorus|Landorus-Therian, M|63/100
|-damage|p2a: Landorus|51/100|[from] Stealth Rock
|-ability|p2a: Landorus|Intimidate|boost
|-unboost|p1a: Latios|atk|1
|turn|32
|
|move|p1a: Latios|Psyshock|p2a: Landorus
|-damage|p2a: Landorus|15/100
|move|p2a: Landorus|U-turn|p1a: Latios
|-supereffective|p1a: Latios
|-damage|p1a: Latios|0 fnt
|faint|p1a: Latios
|
|-weather|RainDance|[upkeep]
|-heal|p2a: Landorus|21/100|[from] item: Leftovers
|upkeep
|
|switch|p1a: Politoed|Politoed, M|88/100
|-damage|p1a: Politoed|72/100|[from] Spikes
|-damage|p1a: Politoed|59/100|[from] Stealth Rock
|turn|33
|
|move|p1a: Politoed|Ice Beam|p2a: Landorus
|-supereffective|p2a: Landorus
|-damage|p2a: Landorus|0 fnt
|faint|p2a: Landorus
|
|win|CroCoeur
|l|☆Nights Blade God
|raw|CroCoeur's rating: 1394 &rarr; <strong>1417</strong><br />(+23 for winning)
|raw|Nights Blade God's rating: 1445 &rarr; <strong>1422</strong><br />(-23 for losing)
