|j|☆fearlessfowl
|j|☆Hazess
|t:|1724106738
|gametype|singles
|player|p1|fearlessfowl|akari|1295
|player|p2|Hazess|hilbert|1425
|teamsize|p1|6
|teamsize|p2|6
|gen|5
|tier|[Gen 5] OU
|rated|
|rule|Species Clause: Limit one of each Pokémon
|rule|OHKO Clause: OHKO moves are banned
|rule|Moody Clause: Moody is banned
|rule|Evasion Items Clause: Evasion items are banned
|rule|Evasion Moves Clause: Evasion moves are banned
|rule|Endless Battle Clause: Forcing endless battles is banned
|rule|HP Percentage Mod: HP is shown in percentages
|rule|Evasion Abilities Clause: Evasion abilities are banned
|rule|Sleep Moves Clause: Sleep-inducing moves are banned
|rule|Swagger Clause: Swagger is banned
|rule|Baton Pass Stat Clause: No Baton Passer may have a way to boost its stats
|clearpoke
|poke|p1|Ninetales, M|item
|poke|p1|Heatran, M|item
|poke|p1|Xatu, F|item
|poke|p1|Latios, M|item
|poke|p1|Darmanitan, M|item
|poke|p1|Victini|item
|poke|p2|Infernape, M|item
|poke|p2|Dragonite, M|item
|poke|p2|Garchomp, M|item
|poke|p2|Starmie|item
|poke|p2|Jirachi|item
|poke|p2|Thundurus-Therian, M|item
|teampreview
|inactive|Battle timer is ON: inactive players will automatically lose when time's up. (requested by Hazess)
|inactive|fearlessfowl has 120 seconds left.
|inactive|Hazess has 120 seconds left.
|
|t:|1724106797
|start
|switch|p1a: Ninetales|Ninetales, M|100/100
|switch|p2a: Cranberry|Infernape, M, shiny|100/100
|-weather|SunnyDay|[from] ability: Drought|[of] p1a: Ninetales
|turn|1
|
|t:|1724106812
|switch|p1a: Xatu|Xatu, F|100/100
|move|p2a: Cranberry|Fake Out|p1a: Xatu
|-damage|p1a: Xatu|87/100
|-damage|p2a: Cranberry|84/100|[from] item: Rocky Helmet|[of] p1a: Xatu
|-damage|p2a: Cranberry|74/100|[from] item: Life Orb
|
|-weather|SunnyDay|[upkeep]
|upkeep
|turn|2
|
|t:|1724106826
|switch|p1a: Heatran|Heatran, M|100/100
|move|p2a: Cranberry|Overheat|p1a: Heatran
|-start|p1a: Heatran|ability: Flash Fire
|
|-weather|SunnyDay|[upkeep]
|upkeep
|turn|3
|
|t:|1724106833
|switch|p2a: Dragonite|Dragonite, M|100/100
|move|p1a: Heatran|Fire Blast|p2a: Dragonite
|-resisted|p2a: Dragonite
|-damage|p2a: Dragonite|67/100
|
|-weather|SunnyDay|[upkeep]
|upkeep
|turn|4
|
|t:|1724106839
|move|p2a: Dragonite|Extreme Speed|p1a: Heatran
|-resisted|p1a: Heatran
|-damage|p1a: Heatran|84/100
|move|p1a: Heatran|Fire Blast|p2a: Dragonite
|-resisted|p2a: Dragonite
|-damage|p2a: Dragonite|0 fnt
|faint|p2a: Dragonite
|
|-weather|SunnyDay|[upkeep]
|upkeep
|
|t:|1724106850
|switch|p2a: Garchomp|Garchomp, M|100/100
|turn|5
|
|t:|1724106872
|-end|p1a: Heatran|ability: Flash Fire|[silent]
|switch|p1a: Xatu|Xatu, F|87/100
|move|p2a: Garchomp|Stealth Rock|p1a: Xatu
|move|p1a: Xatu|Stealth Rock|p2a: Garchomp|[from]ability: Magic Bounce
|-sidestart|p2: Hazess|move: Stealth Rock
|
|-weather|SunnyDay|[upkeep]
|upkeep
|turn|6
|
|t:|1724106890
|switch|p2a: Starmie|Starmie|100/100
|-damage|p2a: Starmie|88/100|[from] Stealth Rock
|-item|p2a: Starmie|Air Balloon
|move|p1a: Xatu|Hidden Power|p2a: Starmie
|-resisted|p2a: Starmie
|-damage|p2a: Starmie|78/100
|-enditem|p2a: Starmie|Air Balloon
|
|-weather|SunnyDay|[upkeep]
|upkeep
|turn|7
|
|t:|1724106900
|move|p2a: Starmie|Rapid Spin|p1a: Xatu
|-damage|p1a: Xatu|85/100
|-damage|p2a: Starmie|61/100|[from] item: Rocky Helmet|[of] p1a: Xatu
|-sideend|p2: Hazess|Stealth Rock|[from] move: Rapid Spin|[of] p2a: Starmie
|move|p1a: Xatu|U-turn|p2a: Starmie
|-supereffective|p2a: Starmie
|-damage|p2a: Starmie|28/100
|
|t:|1724106903
|switch|p1a: Darmanitan|Darmanitan, M|100/100|[from] U-turn
|
|-weather|SunnyDay|[upkeep]
|upkeep
|turn|8
|
|t:|1724106910
|move|p2a: Starmie|Thunderbolt|p1a: Darmanitan
|-damage|p1a: Darmanitan|60/100
|move|p1a: Darmanitan|U-turn|p2a: Starmie
|-supereffective|p2a: Starmie
|-damage|p2a: Starmie|0 fnt
|faint|p2a: Starmie
|
|t:|1724106927
|switch|p1a: Ninetales|Ninetales, M|100/100|[from] U-turn
|
|-weather|SunnyDay|[upkeep]
|upkeep
|
|t:|1724106937
|switch|p2a: Garchomp|Garchomp, M|100/100
|turn|9
|
|t:|1724106948
|switch|p2a: Thundurus|Thundurus-Therian, M|100/100
|switch|p1a: Xatu|Xatu, F|85/100
|
|-weather|SunnyDay|[upkeep]
|upkeep
|turn|10
|
|t:|1724106957
|switch|p1a: Victini|Victini|100/100
|move|p2a: Thundurus|Agility|p2a: Thundurus
|-boost|p2a: Thundurus|spe|2
|
|-weather|SunnyDay|[upkeep]
|upkeep
|turn|11
|
|t:|1724106962
|move|p2a: Thundurus|Thunder|p1a: Victini
|-damage|p1a: Victini|28/100
|move|p1a: Victini|V-create|p2a: Thundurus
|-damage|p2a: Thundurus|0 fnt
|-unboost|p1a: Victini|spe|1
|-unboost|p1a: Victini|def|1
|-unboost|p1a: Victini|spd|1
|faint|p2a: Thundurus
|
|-weather|SunnyDay|[upkeep]
|upkeep
|
|t:|1724106972
|switch|p2a: Garchomp|Garchomp, M|100/100
|turn|12
|
|t:|1724106989
|switch|p1a: Xatu|Xatu, F|85/100
|move|p2a: Garchomp|Swords Dance|p2a: Garchomp
|-boost|p2a: Garchomp|atk|2
|
|-weather|SunnyDay|[upkeep]
|upkeep
|turn|13
|
|t:|1724106997
|move|p2a: Garchomp|Outrage|p1a: Xatu
|-damage|p1a: Xatu|0 fnt
|-damage|p2a: Garchomp|84/100|[from] item: Rocky Helmet|[of] p1a: Xatu
|faint|p1a: Xatu
|
|-weather|SunnyDay|[upkeep]
|upkeep
|
|t:|1724107020
|switch|p1a: Latios|Latios, M|100/100
|turn|14
|
|t:|1724107023
|move|p1a: Latios|Draco Meteor|p2a: Garchomp
|-supereffective|p2a: Garchomp
|-damage|p2a: Garchomp|0 fnt
|-unboost|p1a: Latios|spa|2
|faint|p2a: Garchomp
|
|-weather|SunnyDay|[upkeep]
|upkeep
|-message|Hazess forfeited.
|
|win|fearlessfowl
|raw|fearlessfowl's rating: 1295 &rarr; <strong>1329</strong><br />(+34 for winning)
|raw|Hazess's rating: 1425 &rarr; <strong>1398</strong><br />(-27 for losing)
|l|☆Hazess
|player|p2|
