|j|☆rabian
|j|☆Nugget O Silver
|t:|1722214833
|gametype|singles
|player|p1|rabian|iris-gen5bw2|1373
|player|p2|Nugget O Silver|colress|1352
|teamsize|p1|6
|teamsize|p2|6
|gen|5
|tier|[Gen 5] OU
|rated|
|rule|Species Clause: Limit one of each Pokémon
|rule|OHKO Clause: OHKO moves are banned
|rule|Moody Clause: Moody is banned
|rule|Evasion Items Clause: Evasion items are banned
|rule|Evasion Moves Clause: Evasion moves are banned
|rule|Endless Battle Clause: Forcing endless battles is banned
|rule|HP Percentage Mod: HP is shown in percentages
|rule|Evasion Abilities Clause: Evasion abilities are banned
|rule|Sleep Moves Clause: Sleep-inducing moves are banned
|rule|Swagger Clause: Swagger is banned
|rule|Baton Pass Stat Clause: No Baton Passer may have a way to boost its stats
|clearpoke
|poke|p1|Jolteon, M|item
|poke|p1|Ferrothorn, M|item
|poke|p1|Politoed, F|item
|poke|p1|Gyarados, M|item
|poke|p1|Toxicroak, F|item
|poke|p1|Tentacruel, F|item
|poke|p2|Politoed, M|item
|poke|p2|Volcarona, F|item
|poke|p2|Tornadus, M|item
|poke|p2|Starmie|item
|poke|p2|Dragonite, M|item
|poke|p2|Garchomp, M|item
|teampreview
|inactive|Battle timer is ON: inactive players will automatically lose when time's up. (requested by Nugget O Silver)
|
|t:|1722214850
|start
|switch|p1a: Look at this boi|Jolteon, M|100/100
|switch|p2a: Garchomp|Garchomp, M|100/100
|turn|1
|
|t:|1722214860
|switch|p1a: Weather Setter|Politoed, F|100/100
|-weather|RainDance|[from] ability: Drizzle|[of] p1a: Weather Setter
|move|p2a: Garchomp|Earthquake|p1a: Weather Setter
|-damage|p1a: Weather Setter|54/100
|
|-weather|RainDance|[upkeep]
|-heal|p1a: Weather Setter|60/100|[from] item: Leftovers
|upkeep
|turn|2
|
|t:|1722214868
|move|p2a: Garchomp|Outrage|p1a: Weather Setter
|-damage|p1a: Weather Setter|3/100
|move|p1a: Weather Setter|Surf|p2a: Garchomp
|-crit|p2a: Garchomp
|-damage|p2a: Garchomp|9/100
|
|-weather|RainDance|[upkeep]
|-heal|p1a: Weather Setter|9/100|[from] item: Leftovers
|upkeep
|turn|3
|
|t:|1722214873
|switch|p1a: Wall|Ferrothorn, M|100/100
|move|p2a: Garchomp|Outrage|p1a: Wall|[from]lockedmove
|-resisted|p1a: Wall
|-damage|p1a: Wall|78/100
|-damage|p2a: Garchomp|0 fnt|[from] ability: Iron Barbs|[of] p1a: Wall
|faint|p2a: Garchomp
|
|-weather|RainDance|[upkeep]
|-heal|p1a: Wall|84/100|[from] item: Leftovers
|upkeep
|
|t:|1722214880
|switch|p2a: Volcarona|Volcarona, F, shiny|100/100
|turn|4
|
|t:|1722214883
|move|p2a: Volcarona|Quiver Dance|p2a: Volcarona
|-boost|p2a: Volcarona|spa|1
|-boost|p2a: Volcarona|spd|1
|-boost|p2a: Volcarona|spe|1
|move|p1a: Wall|Leech Seed|p2a: Volcarona
|-start|p2a: Volcarona|move: Leech Seed
|
|-weather|RainDance|[upkeep]
|-heal|p1a: Wall|90/100|[from] item: Leftovers
|-damage|p2a: Volcarona|88/100|[from] Leech Seed|[of] p1a: Wall
|-heal|p1a: Wall|100/100|[silent]
|upkeep
|turn|5
|
|t:|1722214886
|switch|p1a: Squid|Tentacruel, F|100/100
|move|p2a: Volcarona|Bug Buzz|p1a: Squid
|-resisted|p1a: Squid
|-damage|p1a: Squid|72/100
|-unboost|p1a: Squid|spd|1
|
|-weather|RainDance|[upkeep]
|-heal|p1a: Squid|78/100|[from] ability: Rain Dish
|-heal|p1a: Squid|84/100|[from] item: Black Sludge
|-damage|p2a: Volcarona|76/100|[from] Leech Seed|[of] p1a: Squid
|-heal|p1a: Squid|98/100|[silent]
|upkeep
|turn|6
|
|t:|1722214896
|switch|p1a: Weather Setter|Politoed, F|9/100
|move|p2a: Volcarona|Hurricane|p1a: Weather Setter
|-damage|p1a: Weather Setter|0 fnt
|faint|p1a: Weather Setter
|
|-weather|RainDance|[upkeep]
|upkeep
|
|t:|1722214907
|switch|p1a: Squid|Tentacruel, F|98/100
|turn|7
|
|t:|1722214918
|switch|p2a: Politoed|Politoed, M|100/100
|move|p1a: Squid|Scald|p2a: Politoed
|-resisted|p2a: Politoed
|-crit|p2a: Politoed
|-damage|p2a: Politoed|69/100
|
|-weather|RainDance|[upkeep]
|-heal|p1a: Squid|100/100|[from] ability: Rain Dish
|upkeep
|turn|8
|
|t:|1722214922
|switch|p2a: Starmie|Starmie|100/100
|-item|p2a: Starmie|Air Balloon
|switch|p1a: Trans Flag|Toxicroak, F, shiny|100/100
|
|-weather|RainDance|[upkeep]
|upkeep
|turn|9
|
|t:|1722214929
|move|p2a: Starmie|Thunder|p1a: Trans Flag
|-crit|p1a: Trans Flag
|-enditem|p1a: Trans Flag|Focus Sash
|-damage|p1a: Trans Flag|1/100
|-status|p1a: Trans Flag|par
|cant|p1a: Trans Flag|par
|
|-weather|RainDance|[upkeep]
|-heal|p1a: Trans Flag|13/100 par|[from] ability: Dry Skin
|upkeep
|turn|10
|c|☆rabian|:|
|
|t:|1722214945
|switch|p1a: Wall|Ferrothorn, M|100/100
|move|p2a: Starmie|Ice Beam|p1a: Wall
|-damage|p1a: Wall|69/100
|
|-weather|RainDance|[upkeep]
|-heal|p1a: Wall|76/100|[from] item: Leftovers
|upkeep
|turn|11
|
|t:|1722214953
|switch|p2a: Tornadus|Tornadus, M|100/100
|move|p1a: Wall|Giga Drain|p2a: Tornadus
|-resisted|p2a: Tornadus
|-damage|p2a: Tornadus|89/100
|-heal|p1a: Wall|81/100|[from] drain|[of] p2a: Tornadus
|
|-weather|RainDance|[upkeep]
|-heal|p1a: Wall|88/100|[from] item: Leftovers
|upkeep
|turn|12
|
|t:|1722214960
|switch|p1a: Trans Flag|Toxicroak, F, shiny|13/100 par
|move|p2a: Tornadus|Focus Blast|p1a: Trans Flag|[miss]
|-miss|p2a: Tornadus|p1a: Trans Flag
|
|-weather|RainDance|[upkeep]
|-heal|p1a: Trans Flag|26/100 par|[from] ability: Dry Skin
|upkeep
|turn|13
|
|t:|1722214965
|cant|p1a: Trans Flag|par
|move|p2a: Tornadus|Focus Blast|p1a: Trans Flag
|-resisted|p1a: Trans Flag
|-damage|p1a: Trans Flag|0 fnt
|faint|p1a: Trans Flag
|
|-weather|RainDance|[upkeep]
|upkeep
|
|t:|1722214971
|switch|p1a: Look at this boi|Jolteon, M|100/100
|turn|14
|
|t:|1722214976
|switch|p2a: Politoed|Politoed, M|69/100
|move|p1a: Look at this boi|Thunder|p2a: Politoed
|-supereffective|p2a: Politoed
|-damage|p2a: Politoed|0 fnt
|faint|p2a: Politoed
|
|-weather|RainDance|[upkeep]
|upkeep
|
|t:|1722214982
|switch|p2a: Dragonite|Dragonite, M|100/100
|turn|15
|
|t:|1722214986
|switch|p1a: Wall|Ferrothorn, M|88/100
|move|p2a: Dragonite|Dragon Dance|p2a: Dragonite
|-boost|p2a: Dragonite|atk|1
|-boost|p2a: Dragonite|spe|1
|
|-weather|RainDance|[upkeep]
|-heal|p1a: Wall|94/100|[from] item: Leftovers
|upkeep
|turn|16
|
|t:|1722214993
|switch|p2a: Tornadus|Tornadus, M|89/100
|move|p1a: Wall|Leech Seed|p2a: Tornadus
|-start|p2a: Tornadus|move: Leech Seed
|
|-weather|RainDance|[upkeep]
|-heal|p1a: Wall|99/100|[from] item: Leftovers
|-damage|p2a: Tornadus|77/100|[from] Leech Seed|[of] p1a: Wall
|-heal|p1a: Wall|100/100|[silent]
|upkeep
|turn|17
|
|t:|1722215002
|switch|p1a: Squid|Tentacruel, F|100/100
|move|p2a: Tornadus|Focus Blast|p1a: Squid
|-resisted|p1a: Squid
|-damage|p1a: Squid|80/100
|
|-weather|RainDance|[upkeep]
|-heal|p1a: Squid|86/100|[from] ability: Rain Dish
|-heal|p1a: Squid|92/100|[from] item: Black Sludge
|-damage|p2a: Tornadus|64/100|[from] Leech Seed|[of] p1a: Squid
|-heal|p1a: Squid|100/100|[silent]
|upkeep
|turn|18
|
|t:|1722215009
|switch|p2a: Starmie|Starmie|100/100
|-item|p2a: Starmie|Air Balloon
|move|p1a: Squid|Scald|p2a: Starmie
|-resisted|p2a: Starmie
|-damage|p2a: Starmie|73/100
|-enditem|p2a: Starmie|Air Balloon
|
|-weather|RainDance|[upkeep]
|upkeep
|turn|19
|
|t:|1722215020
|switch|p1a: Wall|Ferrothorn, M|100/100
|move|p2a: Starmie|Hydro Pump|p1a: Wall
|-resisted|p1a: Wall
|-damage|p1a: Wall|56/100
|
|-weather|RainDance|[upkeep]
|-heal|p1a: Wall|62/100|[from] item: Leftovers
|upkeep
|turn|20
|
|t:|1722215027
|move|p2a: Starmie|Hydro Pump|p1a: Wall
|-resisted|p1a: Wall
|-damage|p1a: Wall|30/100
|move|p1a: Wall|Leech Seed|p2a: Starmie
|-start|p2a: Starmie|move: Leech Seed
|
|-weather|RainDance|[upkeep]
|-heal|p1a: Wall|36/100|[from] item: Leftovers
|-damage|p2a: Starmie|61/100|[from] Leech Seed|[of] p1a: Wall
|-heal|p1a: Wall|48/100|[silent]
|upkeep
|turn|21
|
|t:|1722215034
|switch|p2a: Tornadus|Tornadus, M|64/100
|move|p1a: Wall|Giga Drain|p2a: Tornadus
|-resisted|p2a: Tornadus
|-damage|p2a: Tornadus|53/100
|-heal|p1a: Wall|53/100|[from] drain|[of] p2a: Tornadus
|
|-weather|RainDance|[upkeep]
|-heal|p1a: Wall|60/100|[from] item: Leftovers
|upkeep
|turn|22
|
|t:|1722215038
|switch|p1a: Squid|Tentacruel, F|100/100
|move|p2a: Tornadus|Hurricane|p1a: Squid
|-damage|p1a: Squid|40/100
|
|-weather|RainDance|[upkeep]
|-heal|p1a: Squid|46/100|[from] ability: Rain Dish
|-heal|p1a: Squid|52/100|[from] item: Black Sludge
|upkeep
|turn|23
|
|t:|1722215045
|move|p2a: Tornadus|Hurricane|p1a: Squid
|-damage|p1a: Squid|0 fnt
|faint|p1a: Squid
|
|-weather|RainDance|[upkeep]
|upkeep
|
|t:|1722215048
|switch|p1a: Look at this boi|Jolteon, M|100/100
|turn|24
|
|t:|1722215067
|switch|p2a: Starmie|Starmie|61/100
|move|p1a: Look at this boi|Volt Switch|p2a: Starmie
|-supereffective|p2a: Starmie
|-damage|p2a: Starmie|0 fnt
|faint|p2a: Starmie
|
|t:|1722215075
|switch|p1a: Wall|Ferrothorn, M|60/100|[from] Volt Switch
|
|-weather|RainDance|[upkeep]
|-heal|p1a: Wall|66/100|[from] item: Leftovers
|upkeep
|
|t:|1722215078
|switch|p2a: Tornadus|Tornadus, M|53/100
|turn|25
|
|t:|1722215083
|move|p2a: Tornadus|Hurricane|p1a: Wall
|-damage|p1a: Wall|0 fnt
|faint|p1a: Wall
|
|-weather|RainDance|[upkeep]
|upkeep
|
|t:|1722215088
|switch|p1a: Look at this boi|Jolteon, M|100/100
|turn|26
|
|t:|1722215092
|move|p1a: Look at this boi|Volt Switch|p2a: Tornadus
|-supereffective|p2a: Tornadus
|-damage|p2a: Tornadus|0 fnt
|faint|p2a: Tornadus
|
|t:|1722215097
|switch|p1a: Just A Magikarp|Gyarados, M, shiny|100/100|[from] Volt Switch
|
|-weather|RainDance|[upkeep]
|upkeep
|
|t:|1722215099
|switch|p2a: Dragonite|Dragonite, M|100/100
|turn|27
|
|t:|1722215102
|move|p2a: Dragonite|Dragon Dance|p2a: Dragonite
|-boost|p2a: Dragonite|atk|1
|-boost|p2a: Dragonite|spe|1
|move|p1a: Just A Magikarp|Waterfall|p2a: Dragonite
|-resisted|p2a: Dragonite
|-damage|p2a: Dragonite|85/100
|
|-weather|RainDance|[upkeep]
|upkeep
|turn|28
|
|t:|1722215109
|move|p2a: Dragonite|Outrage|p1a: Just A Magikarp
|-damage|p1a: Just A Magikarp|0 fnt
|faint|p1a: Just A Magikarp
|
|-weather|RainDance|[upkeep]
|upkeep
|
|t:|1722215114
|switch|p1a: Look at this boi|Jolteon, M|100/100
|turn|29
|c|☆rabian|gg
|c|☆rabian|not how you think but
|c|☆rabian|gg
|
|t:|1722215127
|move|p1a: Look at this boi|Hidden Power|p2a: Dragonite
|-supereffective|p2a: Dragonite
|-damage|p2a: Dragonite|0 fnt
|faint|p2a: Dragonite
|
|-weather|RainDance|[upkeep]
|upkeep
|
|t:|1722215132
|switch|p2a: Volcarona|Volcarona, F, shiny|76/100
|turn|30
|
|t:|1722215136
|move|p1a: Look at this boi|Hidden Power|p2a: Volcarona
|-resisted|p2a: Volcarona
|-damage|p2a: Volcarona|64/100
|move|p2a: Volcarona|Quiver Dance|p2a: Volcarona
|-boost|p2a: Volcarona|spa|1
|-boost|p2a: Volcarona|spd|1
|-boost|p2a: Volcarona|spe|1
|
|-weather|RainDance|[upkeep]
|upkeep
|turn|31
|-message|rabian forfeited.
|
|win|Nugget O Silver
|raw|rabian's rating: 1373 &rarr; <strong>1352</strong><br />(-21 for losing)
|raw|Nugget O Silver's rating: 1352 &rarr; <strong>1373</strong><br />(+21 for winning)
|l|☆rabian
|player|p1|
