|j|☆leoperi99
|j|☆h4v0ckn1ght
|t:|1710874280
|gametype|singles
|player|p1|leoperi99|red-gen2|1420
|player|p2|h4v0ckn1ght|#survivorctf2024starmie|1540
|teamsize|p1|6
|teamsize|p2|6
|gen|5
|tier|[Gen 5] OU
|rated|
|rule|Species Clause: Limit one of each Pokémon
|rule|OHKO Clause: OHKO moves are banned
|rule|Moody Clause: Moody is banned
|rule|Evasion Items Clause: Evasion items are banned
|rule|Evasion Moves Clause: Evasion moves are banned
|rule|Endless Battle Clause: Forcing endless battles is banned
|rule|HP Percentage Mod: HP is shown in percentages
|rule|Evasion Abilities Clause: Evasion abilities are banned
|rule|Sleep Moves Clause: Sleep-inducing moves are banned
|rule|Swagger Clause: Swagger is banned
|rule|Baton Pass Stat Clause: No Baton Passer may have a way to boost its stats
|clearpoke
|poke|p1|Excadrill, M|item
|poke|p1|Politoed, F|item
|poke|p1|Ferrothorn, M|item
|poke|p1|Keldeo|item
|poke|p1|Starmie|item
|poke|p1|Thundurus-Therian, M|item
|poke|p2|Garchomp, F|item
|poke|p2|Starmie|item
|poke|p2|Salamence, F|item
|poke|p2|Kyurem-Black|item
|poke|p2|Magnezone|item
|poke|p2|Scizor, F|item
|teampreview
|inactive|Battle timer is ON: inactive players will automatically lose when time's up. (requested by h4v0ckn1ght)
|c|☆leoperi99|glhf
|c|☆h4v0ckn1ght|u2
|
|t:|1710874302
|start
|switch|p1a: Keldeo|Keldeo|100/100
|switch|p2a: Starmie|Starmie|100/100
|-item|p2a: Starmie|Air Balloon
|turn|1
|
|t:|1710874306
|switch|p1a: Ferrothorn|Ferrothorn, M|100/100
|move|p2a: Starmie|Thunderbolt|p1a: Ferrothorn
|-resisted|p1a: Ferrothorn
|-damage|p1a: Ferrothorn|89/100
|
|upkeep
|turn|2
|
|t:|1710874314
|switch|p2a: Magnezone|Magnezone, shiny|100/100
|switch|p1a: Thundurus|Thundurus-Therian, M, shiny|100/100
|
|upkeep
|turn|3
|
|t:|1710874325
|switch|p2a: Garchomp|Garchomp, F|100/100
|move|p1a: Thundurus|Agility|p1a: Thundurus
|-boost|p1a: Thundurus|spe|2
|
|upkeep
|turn|4
|
|t:|1710874332
|switch|p1a: Ferrothorn|Ferrothorn, M|89/100
|move|p2a: Garchomp|Outrage|p1a: Ferrothorn
|-resisted|p1a: Ferrothorn
|-damage|p1a: Ferrothorn|64/100
|-damage|p2a: Garchomp|88/100|[from] ability: Iron Barbs|[of] p1a: Ferrothorn
|
|upkeep
|turn|5
|
|t:|1710874335
|move|p2a: Garchomp|Outrage|p1a: Ferrothorn|[from]lockedmove
|-resisted|p1a: Ferrothorn
|-damage|p1a: Ferrothorn|39/100
|-damage|p2a: Garchomp|76/100|[from] ability: Iron Barbs|[of] p1a: Ferrothorn
|move|p1a: Ferrothorn|Stealth Rock|p2a: Garchomp
|-sidestart|p2: h4v0ckn1ght|move: Stealth Rock
|
|upkeep
|turn|6
|
|t:|1710874340
|move|p2a: Garchomp|Outrage|p1a: Ferrothorn|[from]lockedmove
|-resisted|p1a: Ferrothorn
|-damage|p1a: Ferrothorn|17/100
|-damage|p2a: Garchomp|64/100|[from] ability: Iron Barbs|[of] p1a: Ferrothorn
|-start|p2a: Garchomp|confusion|[fatigue]
|move|p1a: Ferrothorn|Explosion|p2a: Garchomp
|-damage|p2a: Garchomp|12/100
|faint|p1a: Ferrothorn
|
|upkeep
|
|t:|1710874360
|switch|p1a: Excadrill|Excadrill, M, shiny|100/100
|-ability|p1a: Excadrill|Mold Breaker
|turn|7
|
|t:|1710874371
|switch|p2a: Starmie|Starmie|100/100
|-damage|p2a: Starmie|88/100|[from] Stealth Rock
|-item|p2a: Starmie|Air Balloon
|move|p1a: Excadrill|Iron Head|p2a: Starmie
|-resisted|p2a: Starmie
|-damage|p2a: Starmie|51/100
|-enditem|p2a: Starmie|Air Balloon
|
|upkeep
|turn|8
|
|t:|1710874379
|move|p1a: Excadrill|Iron Head|p2a: Starmie
|-resisted|p2a: Starmie
|-damage|p2a: Starmie|14/100
|move|p2a: Starmie|Surf|p1a: Excadrill
|-supereffective|p1a: Excadrill
|-crit|p1a: Excadrill
|-damage|p1a: Excadrill|0 fnt
|faint|p1a: Excadrill
|
|upkeep
|
|t:|1710874387
|switch|p1a: Thundurus|Thundurus-Therian, M, shiny|100/100
|turn|9
|
|t:|1710874394
|move|p2a: Starmie|Ice Beam|p1a: Thundurus
|-supereffective|p1a: Thundurus
|-enditem|p1a: Thundurus|Yache Berry|[eat]
|-enditem|p1a: Thundurus|Yache Berry|[weaken]
|-damage|p1a: Thundurus|66/100
|move|p1a: Thundurus|Agility|p1a: Thundurus
|-boost|p1a: Thundurus|spe|2
|
|upkeep
|turn|10
|
|t:|1710874399
|move|p1a: Thundurus|Hidden Power|p2a: Starmie
|-resisted|p2a: Starmie
|-damage|p2a: Starmie|0 fnt
|faint|p2a: Starmie
|
|upkeep
|
|t:|1710874406
|switch|p2a: Magnezone|Magnezone, shiny|100/100
|-damage|p2a: Magnezone|94/100|[from] Stealth Rock
|turn|11
|
|t:|1710874411
|move|p1a: Thundurus|Focus Blast|p2a: Magnezone
|-supereffective|p2a: Magnezone
|-crit|p2a: Magnezone
|-enditem|p2a: Magnezone|Chople Berry|[eat]
|-enditem|p2a: Magnezone|Chople Berry|[weaken]
|-damage|p2a: Magnezone|0 fnt
|faint|p2a: Magnezone
|
|upkeep
|
|t:|1710874417
|switch|p2a: Scizor|Scizor, F|100/100
|-damage|p2a: Scizor|88/100|[from] Stealth Rock
|turn|12
|
|t:|1710874447
|move|p1a: Thundurus|Thunder|p2a: Scizor
|-crit|p2a: Scizor
|-damage|p2a: Scizor|0 fnt
|faint|p2a: Scizor
|
|upkeep
|c|☆leoperi99|mb
|inactive|h4v0ckn1ght has 120 seconds left.
|c|☆h4v0ckn1ght|ne
|c|☆h4v0ckn1ght|Nw
|
|t:|1710874493
|switch|p2a: Kyurem|Kyurem-Black|100/100
|-damage|p2a: Kyurem|75/100|[from] Stealth Rock
|-ability|p2a: Kyurem|Teravolt
|turn|13
|
|t:|1710874501
|move|p1a: Thundurus|Focus Blast|p2a: Kyurem
|-supereffective|p2a: Kyurem
|-damage|p2a: Kyurem|0 fnt
|faint|p2a: Kyurem
|
|upkeep
|c|☆h4v0ckn1ght|gg
|-message|h4v0ckn1ght forfeited.
|
|win|leoperi99
|raw|leoperi99's rating: 1420 &rarr; <strong>1447</strong><br />(+27 for winning)
|raw|h4v0ckn1ght's rating: 1540 &rarr; <strong>1513</strong><br />(-27 for losing)
|l|☆h4v0ckn1ght
|player|p2|
|c|☆leoperi99|yea unfort
