|j|☆SPDsassmitimauto
|j|☆thooooori
|t:|1742749094
|gametype|singles
|player|p1|SPDsassmitimauto|169|1521
|player|p2|thooooori|alder|1520
|teamsize|p1|6
|teamsize|p2|6
|gen|5
|tier|[Gen 5] OU
|rated|
|rule|Species Clause: Limit one of each Pokémon
|rule|OHKO Clause: OHKO moves are banned
|rule|Moody Clause: Moody is banned
|rule|Evasion Items Clause: Evasion items are banned
|rule|Evasion Moves Clause: Evasion moves are banned
|rule|Endless Battle Clause: Forcing endless battles is banned
|rule|HP Percentage Mod: HP is shown in percentages
|rule|Evasion Abilities Clause: Evasion abilities are banned
|rule|Sleep Moves Clause: Sleep-inducing moves are banned
|rule|Swagger Clause: Swagger is banned
|rule|Baton Pass Stat Clause: No Baton Passer may have a way to boost its stats
|clearpoke
|poke|p1|Politoed, F|item
|poke|p1|Starmie|item
|poke|p1|Keldeo|item
|poke|p1|Latios, M|item
|poke|p1|Tornadus, M|item
|poke|p1|Ferrothorn, M|item
|poke|p2|Politoed, F|item
|poke|p2|Keldeo|item
|poke|p2|Breloom, M|item
|poke|p2|Metagross|item
|poke|p2|Scizor, F|item
|poke|p2|Azumarill, F|item
|teampreview
|inactive|Battle timer is ON: inactive players will automatically lose when time's up. (requested by SPDsassmitimauto)
|
|t:|1742749112
|start
|switch|p1a: Politoed|Politoed, F, shiny|100/100
|switch|p2a: Politoed|Politoed, F|100/100
|-weather|RainDance|[from] ability: Drizzle|[of] p1a: Politoed
|turn|1
|
|t:|1742749118
|switch|p1a: Ferrothorn|Ferrothorn, M|100/100
|move|p2a: Politoed|Hydro Pump|p1a: Ferrothorn
|-resisted|p1a: Ferrothorn
|-damage|p1a: Ferrothorn|62/100
|
|-weather|RainDance|[upkeep]
|-heal|p1a: Ferrothorn|68/100|[from] item: Leftovers
|upkeep
|turn|2
|
|t:|1742749127
|switch|p2a: Breloom|Breloom, M|100/100
|move|p1a: Ferrothorn|Stealth Rock|p2a: Breloom
|-sidestart|p2: thooooori|move: Stealth Rock
|
|-weather|RainDance|[upkeep]
|-heal|p1a: Ferrothorn|74/100|[from] item: Leftovers
|upkeep
|turn|3
|
|t:|1742749134
|move|p2a: Breloom|Low Sweep|p1a: Ferrothorn
|-supereffective|p1a: Ferrothorn
|-damage|p1a: Ferrothorn|0 fnt
|-damage|p2a: Breloom|88/100|[from] ability: Iron Barbs|[of] p1a: Ferrothorn
|faint|p1a: Ferrothorn
|
|-weather|RainDance|[upkeep]
|upkeep
|
|t:|1742749137
|switch|p1a: Tornadus|Tornadus, M|100/100
|turn|4
|
|t:|1742749144
|switch|p2a: Metagross|Metagross|100/100
|-damage|p2a: Metagross|94/100|[from] Stealth Rock
|move|p1a: Tornadus|Hurricane|p2a: Metagross
|-resisted|p2a: Metagross
|-damage|p2a: Metagross|48/100
|
|-weather|RainDance|[upkeep]
|upkeep
|turn|5
|
|t:|1742749155
|move|p1a: Tornadus|Hurricane|p2a: Metagross
|-resisted|p2a: Metagross
|-damage|p2a: Metagross|4/100
|move|p2a: Metagross|Ice Punch|p1a: Tornadus
|-supereffective|p1a: Tornadus
|-damage|p1a: Tornadus|6/100
|
|-weather|RainDance|[upkeep]
|upkeep
|turn|6
|
|t:|1742749165
|-activate|p1a: Tornadus|move: Pursuit
|move|p2a: Metagross|Pursuit|p1a: Tornadus|[from] Pursuit
|-damage|p1a: Tornadus|0 fnt
|faint|p1a: Tornadus
|-hint|A Pokemon can't switch between when it runs out of HP and when it faints
|
|-weather|RainDance|[upkeep]
|upkeep
|
|t:|1742749171
|switch|p1a: Keldeo|Keldeo|100/100
|turn|7
|
|t:|1742749175
|move|p1a: Keldeo|Surf|p2a: Metagross
|-damage|p2a: Metagross|0 fnt
|faint|p2a: Metagross
|
|-weather|RainDance|[upkeep]
|upkeep
|
|t:|1742749184
|switch|p2a: Keldeo|Keldeo|100/100
|-damage|p2a: Keldeo|94/100|[from] Stealth Rock
|turn|8
|
|t:|1742749190
|switch|p1a: Starmie|Starmie|100/100
|move|p2a: Keldeo|Surf|p1a: Starmie
|-resisted|p1a: Starmie
|-damage|p1a: Starmie|23/100
|
|-weather|RainDance|[upkeep]
|upkeep
|turn|9
|
|t:|1742749216
|move|p1a: Starmie|Hydro Pump|p2a: Keldeo
|-resisted|p2a: Keldeo
|-damage|p2a: Keldeo|22/100
|move|p2a: Keldeo|Surf|p1a: Starmie
|-resisted|p1a: Starmie
|-damage|p1a: Starmie|0 fnt
|faint|p1a: Starmie
|
|-weather|RainDance|[upkeep]
|upkeep
|
|t:|1742749221
|switch|p1a: Keldeo|Keldeo|100/100
|turn|10
|
|t:|1742749227
|move|p1a: Keldeo|Secret Sword|p2a: Keldeo
|-damage|p2a: Keldeo|0 fnt
|faint|p2a: Keldeo
|
|-weather|RainDance|[upkeep]
|upkeep
|
|t:|1742749234
|switch|p2a: Politoed|Politoed, F|100/100
|-damage|p2a: Politoed|88/100|[from] Stealth Rock
|turn|11
|
|t:|1742749239
|switch|p1a: Latios|Latios, M|100/100
|move|p2a: Politoed|Surf|p1a: Latios
|-resisted|p1a: Latios
|-damage|p1a: Latios|52/100
|
|-weather|RainDance|[upkeep]
|upkeep
|turn|12
|
|t:|1742749245
|move|p1a: Latios|Draco Meteor|p2a: Politoed
|-damage|p2a: Politoed|0 fnt
|-unboost|p1a: Latios|spa|2
|faint|p2a: Politoed
|
|-weather|RainDance|[upkeep]
|upkeep
|
|t:|1742749253
|switch|p2a: Scizor|Scizor, F|100/100
|-damage|p2a: Scizor|88/100|[from] Stealth Rock
|turn|13
|
|t:|1742749257
|move|p2a: Scizor|U-turn|p1a: Latios
|-supereffective|p1a: Latios
|-damage|p1a: Latios|0 fnt
|faint|p1a: Latios
|
|t:|1742749267
|switch|p2a: Azumarill|Azumarill, F|100/100|[from] U-turn
|-damage|p2a: Azumarill|88/100|[from] Stealth Rock
|
|-weather|RainDance|[upkeep]
|upkeep
|
|t:|1742749273
|switch|p1a: Politoed|Politoed, F, shiny|100/100
|turn|14
|
|t:|1742749277
|move|p2a: Azumarill|Aqua Jet|p1a: Politoed
|-resisted|p1a: Politoed
|-damage|p1a: Politoed|59/100
|move|p1a: Politoed|Scald|p2a: Azumarill
|-resisted|p2a: Azumarill
|-crit|p2a: Azumarill
|-damage|p2a: Azumarill|12/100
|
|-weather|RainDance|[upkeep]
|upkeep
|turn|15
|
|t:|1742749288
|move|p2a: Azumarill|Aqua Jet|p1a: Politoed
|-resisted|p1a: Politoed
|-damage|p1a: Politoed|20/100
|move|p1a: Politoed|Scald|p2a: Azumarill
|-resisted|p2a: Azumarill
|-damage|p2a: Azumarill|0 fnt
|faint|p2a: Azumarill
|
|-weather|RainDance|[upkeep]
|upkeep
|
|t:|1742749297
|switch|p2a: Breloom|Breloom, M|88/100
|-damage|p2a: Breloom|82/100|[from] Stealth Rock
|turn|16
|
|t:|1742749301
|move|p2a: Breloom|Mach Punch|p1a: Politoed
|-damage|p1a: Politoed|0 fnt
|faint|p1a: Politoed
|
|-weather|RainDance|[upkeep]
|upkeep
|
|t:|1742749303
|switch|p1a: Keldeo|Keldeo|100/100
|turn|17
|
|t:|1742749309
|move|p2a: Breloom|Mach Punch|p1a: Keldeo
|-damage|p1a: Keldeo|45/100
|move|p1a: Keldeo|Hydro Pump|p2a: Breloom
|-resisted|p2a: Breloom
|-damage|p2a: Breloom|0 fnt
|faint|p2a: Breloom
|
|-weather|RainDance|[upkeep]
|upkeep
|
|t:|1742749317
|switch|p2a: Scizor|Scizor, F|88/100
|-damage|p2a: Scizor|76/100|[from] Stealth Rock
|turn|18
|c|☆thooooori|ggwp
|
|t:|1742749322
|move|p1a: Keldeo|Hydro Pump|p2a: Scizor
|-damage|p2a: Scizor|0 fnt
|faint|p2a: Scizor
|
|win|SPDsassmitimauto
|raw|SPDsassmitimauto's rating: 1521 &rarr; <strong>1541</strong><br />(+20 for winning)
|raw|thooooori's rating: 1520 &rarr; <strong>1500</strong><br />(-20 for losing)
|l|☆thooooori
|player|p2|
