|j|☆WeR#4Hay!
|j|☆maidnless
|t:|1738995352
|gametype|singles
|player|p1|WeR#4Hay!|170|1398
|player|p2|maidnless|n|1292
|teamsize|p1|6
|teamsize|p2|6
|gen|5
|tier|[Gen 5] OU
|rated|
|rule|Species Clause: Limit one of each Pokémon
|rule|OHKO Clause: OHKO moves are banned
|rule|Moody Clause: Moody is banned
|rule|Evasion Items Clause: Evasion items are banned
|rule|Evasion Moves Clause: Evasion moves are banned
|rule|Endless Battle Clause: Forcing endless battles is banned
|rule|HP Percentage Mod: HP is shown in percentages
|rule|Evasion Abilities Clause: Evasion abilities are banned
|rule|Sleep Moves Clause: Sleep-inducing moves are banned
|rule|Swagger Clause: Swagger is banned
|rule|Baton Pass Stat Clause: No Baton Passer may have a way to boost its stats
|clearpoke
|poke|p1|Clefable, F|item
|poke|p1|Hippowdon, M|item
|poke|p1|Bronzong|item
|poke|p1|Skarmory, M|item
|poke|p1|Latios, M|item
|poke|p1|Reuniclus, F|item
|poke|p2|Landorus-Therian, M|item
|poke|p2|Kyurem-Black|item
|poke|p2|Conkeldurr, M|item
|poke|p2|Scizor, F|item
|poke|p2|Darmanitan, F|item
|poke|p2|Gyarados, M|item
|teampreview
|inactive|Battle timer is ON: inactive players will automatically lose when time's up. (requested by maidnless)
|inactive|maidnless has 120 seconds left.
|inactive|maidnless has 90 seconds left.
|inactive|maidnless has 60 seconds left.
|inactive|maidnless has 30 seconds left.
|
|t:|1738995477
|start
|switch|p1a: Hippowdon|Hippowdon, M|100/100
|switch|p2a: Kyurem|Kyurem-Black|100/100
|-ability|p2a: Kyurem|Teravolt
|-weather|Sandstorm|[from] ability: Sand Stream|[of] p1a: Hippowdon
|turn|1
|
|t:|1738995496
|switch|p1a: Bronzong|Bronzong|100/100
|move|p2a: Kyurem|Outrage|p1a: Bronzong
|-resisted|p1a: Bronzong
|-damage|p1a: Bronzong|58/100
|
|-weather|Sandstorm|[upkeep]
|-damage|p2a: Kyurem|94/100|[from] Sandstorm
|-heal|p1a: Bronzong|64/100|[from] item: Leftovers
|upkeep
|turn|2
|
|t:|1738995503
|move|p2a: Kyurem|Outrage|p1a: Bronzong|[from] lockedmove
|-resisted|p1a: Bronzong
|-damage|p1a: Bronzong|20/100
|move|p1a: Bronzong|Gyro Ball|p2a: Kyurem
|-supereffective|p2a: Kyurem
|-damage|p2a: Kyurem|24/100
|
|-weather|Sandstorm|[upkeep]
|-damage|p2a: Kyurem|18/100|[from] Sandstorm
|-heal|p1a: Bronzong|26/100|[from] item: Leftovers
|upkeep
|turn|3
|
|t:|1738995512
|switch|p1a: Skarmory|Skarmory, M|100/100
|move|p2a: Kyurem|Outrage|p1a: Skarmory|[from] lockedmove
|-resisted|p1a: Skarmory
|-damage|p1a: Skarmory|59/100
|-damage|p2a: Kyurem|1/100|[from] item: Rocky Helmet|[of] p1a: Skarmory
|-start|p2a: Kyurem|confusion|[fatigue]
|
|-weather|Sandstorm|[upkeep]
|-damage|p2a: Kyurem|0 fnt|[from] Sandstorm
|faint|p2a: Kyurem
|upkeep
|
|t:|1738995523
|switch|p2a: Darmanitan|Darmanitan, F|100/100
|turn|4
|
|t:|1738995528
|switch|p1a: Bronzong|Bronzong|26/100
|move|p2a: Darmanitan|Flare Blitz|p1a: Bronzong
|-supereffective|p1a: Bronzong
|-damage|p1a: Bronzong|0 fnt
|faint|p1a: Bronzong
|-damage|p2a: Darmanitan|92/100|[from] Recoil
|
|-weather|Sandstorm|[upkeep]
|-damage|p2a: Darmanitan|86/100|[from] Sandstorm
|upkeep
|
|t:|1738995531
|switch|p1a: Hippowdon|Hippowdon, M|100/100
|turn|5
|
|t:|1738995534
|move|p2a: Darmanitan|Flare Blitz|p1a: Hippowdon
|-damage|p1a: Hippowdon|17/100
|-damage|p2a: Darmanitan|53/100|[from] Recoil
|move|p1a: Hippowdon|Stealth Rock|p2a: Darmanitan
|-sidestart|p2: maidnless|move: Stealth Rock
|
|-weather|Sandstorm|[upkeep]
|-damage|p2a: Darmanitan|48/100|[from] Sandstorm
|-heal|p1a: Hippowdon|23/100|[from] item: Leftovers
|upkeep
|turn|6
|
|t:|1738995538
|move|p2a: Darmanitan|Flare Blitz|p1a: Hippowdon
|-damage|p1a: Hippowdon|0 fnt
|faint|p1a: Hippowdon
|-damage|p2a: Darmanitan|38/100|[from] Recoil
|
|-weather|Sandstorm|[upkeep]
|-damage|p2a: Darmanitan|32/100|[from] Sandstorm
|upkeep
|
|t:|1738995540
|switch|p1a: Latios|Latios, M|100/100
|turn|7
|
|t:|1738995543
|move|p1a: Latios|Surf|p2a: Darmanitan
|-supereffective|p2a: Darmanitan
|-damage|p2a: Darmanitan|0 fnt
|faint|p2a: Darmanitan
|
|-weather|Sandstorm|[upkeep]
|-damage|p1a: Latios|95/100|[from] Sandstorm
|upkeep
|
|t:|1738995557
|switch|p2a: Scizor|Scizor, F|100/100
|-damage|p2a: Scizor|88/100|[from] Stealth Rock
|turn|8
|
|t:|1738995564
|switch|p1a: Skarmory|Skarmory, M|59/100
|move|p2a: Scizor|U-turn|p1a: Skarmory
|-resisted|p1a: Skarmory
|-damage|p1a: Skarmory|49/100
|-damage|p2a: Scizor|72/100|[from] item: Rocky Helmet|[of] p1a: Skarmory
|
|t:|1738995572
|switch|p2a: Conkeldurr|Conkeldurr, M|100/100|[from] U-turn
|-damage|p2a: Conkeldurr|94/100|[from] Stealth Rock
|
|-weather|Sandstorm|[upkeep]
|-damage|p2a: Conkeldurr|88/100|[from] Sandstorm
|upkeep
|turn|9
|
|t:|1738995575
|switch|p1a: Reuniclus|Reuniclus, F|100/100
|move|p2a: Conkeldurr|Ice Punch|p1a: Reuniclus
|-damage|p1a: Reuniclus|61/100
|
|-weather|Sandstorm|[upkeep]
|-damage|p2a: Conkeldurr|82/100|[from] Sandstorm
|-heal|p1a: Reuniclus|67/100|[from] item: Leftovers
|upkeep
|turn|10
|
|t:|1738995584
|move|p2a: Conkeldurr|Ice Punch|p1a: Reuniclus
|-damage|p1a: Reuniclus|31/100
|-status|p1a: Reuniclus|frz
|cant|p1a: Reuniclus|frz
|
|-weather|Sandstorm|[upkeep]
|-damage|p2a: Conkeldurr|76/100|[from] Sandstorm
|-heal|p1a: Reuniclus|38/100 frz|[from] item: Leftovers
|upkeep
|turn|11
|
|t:|1738995590
|move|p2a: Conkeldurr|Ice Punch|p1a: Reuniclus
|-damage|p1a: Reuniclus|0 fnt
|faint|p1a: Reuniclus
|
|-weather|Sandstorm|[upkeep]
|-damage|p2a: Conkeldurr|70/100|[from] Sandstorm
|upkeep
|
|t:|1738995592
|switch|p1a: Latios|Latios, M|95/100
|turn|12
|
|t:|1738995597
|move|p1a: Latios|Draco Meteor|p2a: Conkeldurr
|-damage|p2a: Conkeldurr|0 fnt
|-unboost|p1a: Latios|spa|2
|faint|p2a: Conkeldurr
|
|-weather|Sandstorm|[upkeep]
|-damage|p1a: Latios|89/100|[from] Sandstorm
|upkeep
|
|t:|1738995599
|switch|p2a: Scizor|Scizor, F|72/100
|-damage|p2a: Scizor|60/100|[from] Stealth Rock
|turn|13
|
|t:|1738995603
|-activate|p1a: Latios|move: Pursuit
|move|p2a: Scizor|Pursuit|p1a: Latios|[from] Pursuit
|-supereffective|p1a: Latios
|-enditem|p1a: Latios|Colbur Berry|[eat]
|-enditem|p1a: Latios|Colbur Berry|[weaken]
|-damage|p1a: Latios|29/100
|switch|p1a: Skarmory|Skarmory, M|49/100
|
|-weather|Sandstorm|[upkeep]
|upkeep
|turn|14
|
|t:|1738995611
|switch|p2a: Landorus|Landorus-Therian, M|100/100
|-damage|p2a: Landorus|88/100|[from] Stealth Rock
|-ability|p2a: Landorus|Intimidate|boost
|-unboost|p1a: Skarmory|atk|1
|move|p1a: Skarmory|Whirlwind|p2a: Landorus
|drag|p2a: Scizor|Scizor, F|60/100
|-damage|p2a: Scizor|47/100|[from] Stealth Rock
|
|-weather|Sandstorm|[upkeep]
|upkeep
|turn|15
|
|t:|1738995618
|switch|p2a: Landorus|Landorus-Therian, M|88/100
|-damage|p2a: Landorus|76/100|[from] Stealth Rock
|-ability|p2a: Landorus|Intimidate|boost
|-unboost|p1a: Skarmory|atk|1
|move|p1a: Skarmory|Roost|p1a: Skarmory
|-heal|p1a: Skarmory|99/100
|-singleturn|p1a: Skarmory|move: Roost
|
|-weather|Sandstorm|[upkeep]
|upkeep
|turn|16
|
|t:|1738995623
|move|p2a: Landorus|Stone Edge|p1a: Skarmory
|-damage|p1a: Skarmory|61/100
|move|p1a: Skarmory|Whirlwind|p2a: Landorus
|drag|p2a: Gyarados|Gyarados, M|100/100
|-damage|p2a: Gyarados|76/100|[from] Stealth Rock
|
|-weather|Sandstorm|[upkeep]
|-damage|p2a: Gyarados|70/100|[from] Sandstorm
|upkeep
|turn|17
|
|t:|1738995632
|switch|p1a: Clefable|Clefable, F|100/100
|move|p2a: Gyarados|Waterfall|p1a: Clefable
|-damage|p1a: Clefable|34/100
|
|-weather|Sandstorm|[upkeep]
|-damage|p2a: Gyarados|64/100|[from] Sandstorm
|-heal|p1a: Clefable|40/100|[from] item: Leftovers
|upkeep
|turn|18
|
|t:|1738995639
|move|p2a: Gyarados|Waterfall|p1a: Clefable
|-damage|p1a: Clefable|0 fnt
|faint|p1a: Clefable
|-ability|p2a: Gyarados|Moxie|boost
|-boost|p2a: Gyarados|atk|1
|
|-weather|Sandstorm|[upkeep]
|-damage|p2a: Gyarados|58/100|[from] Sandstorm
|upkeep
|
|t:|1738995642
|switch|p1a: Skarmory|Skarmory, M|61/100
|turn|19
|
|t:|1738995646
|move|p2a: Gyarados|Waterfall|p1a: Skarmory
|-damage|p1a: Skarmory|0 fnt
|-damage|p2a: Gyarados|41/100|[from] item: Rocky Helmet|[of] p1a: Skarmory
|faint|p1a: Skarmory
|-ability|p2a: Gyarados|Moxie|boost
|-boost|p2a: Gyarados|atk|1
|
|-weather|Sandstorm|[upkeep]
|-damage|p2a: Gyarados|35/100|[from] Sandstorm
|upkeep
|-message|WeR#4Hay! forfeited.
|
|win|maidnless
|raw|WeR#4Hay!'s rating: 1398 &rarr; <strong>1372</strong><br />(-26 for losing)
|raw|maidnless's rating: 1292 &rarr; <strong>1324</strong><br />(+32 for winning)
|l|☆WeR#4Hay!
|player|p1|
