|badge|p2|bronze|gen9ru|100-3
|uhtml|medal-msg|<div class="broadcast-blue">Curious what those medals under the avatar are? PS now has Ladder Seasons! For more information, check out the <a href="https://www.smogon.com/forums/threads/3740067/">thread on Smogon.</a></div>
|j|☆Croaset
|j|☆LudocyelZ
|t:|1731445348
|gametype|singles
|player|p1|Croaset|elesa|1300
|player|p2|LudocyelZ|cyrano|1347
|teamsize|p1|6
|teamsize|p2|6
|gen|5
|tier|[Gen 5] OU
|rated|
|rule|Species Clause: Limit one of each Pokémon
|rule|OHKO Clause: OHKO moves are banned
|rule|Moody Clause: Moody is banned
|rule|Evasion Items Clause: Evasion items are banned
|rule|Evasion Moves Clause: Evasion moves are banned
|rule|Endless Battle Clause: Forcing endless battles is banned
|rule|HP Percentage Mod: HP is shown in percentages
|rule|Evasion Abilities Clause: Evasion abilities are banned
|rule|Sleep Moves Clause: Sleep-inducing moves are banned
|rule|Swagger Clause: Swagger is banned
|rule|Baton Pass Stat Clause: No Baton Passer may have a way to boost its stats
|clearpoke
|poke|p1|Reuniclus, F|item
|poke|p1|Skarmory, F|item
|poke|p1|Latios, M|item
|poke|p1|Tyranitar, F|item
|poke|p1|Dragonite, M|item
|poke|p1|Latias, F|item
|poke|p2|Scizor, M|item
|poke|p2|Infernape, M|item
|poke|p2|Jellicent, M|item
|poke|p2|Garchomp, M|item
|poke|p2|Haxorus, M|item
|poke|p2|Mamoswine, F|item
|teampreview
|inactive|Battle timer is ON: inactive players will automatically lose when time's up. (requested by Croaset)
|
|t:|1731445372
|start
|switch|p1a: Skarmory|Skarmory, F|100/100
|switch|p2a: Bird|Infernape, M, shiny|100/100
|turn|1
|
|t:|1731445375
|move|p2a: Bird|Stealth Rock|p1a: Skarmory
|-sidestart|p1: Croaset|move: Stealth Rock
|move|p1a: Skarmory|Stealth Rock|p2a: Bird
|-sidestart|p2: LudocyelZ|move: Stealth Rock
|
|upkeep
|turn|2
|
|t:|1731445381
|move|p2a: Bird|Overheat|p1a: Skarmory
|-supereffective|p1a: Skarmory
|-crit|p1a: Skarmory
|-ability|p1a: Skarmory|Sturdy
|-damage|p1a: Skarmory|1/100
|-unboost|p2a: Bird|spa|2
|move|p1a: Skarmory|Spikes|p2a: Bird
|-sidestart|p2: LudocyelZ|Spikes
|
|-heal|p1a: Skarmory|7/100|[from] item: Leftovers
|upkeep
|turn|3
|
|t:|1731445390
|switch|p1a: Latias|Latias, F|100/100
|-damage|p1a: Latias|88/100|[from] Stealth Rock
|move|p2a: Bird|Hidden Power|p1a: Latias
|-supereffective|p1a: Latias
|-damage|p1a: Latias|72/100
|
|upkeep
|turn|4
|
|t:|1731445397
|move|p1a: Latias|Dragon Pulse|p2a: Bird
|-damage|p2a: Bird|44/100
|move|p2a: Bird|Close Combat|p1a: Latias
|-resisted|p1a: Latias
|-damage|p1a: Latias|50/100
|-unboost|p2a: Bird|def|1
|-unboost|p2a: Bird|spd|1
|
|upkeep
|turn|5
|
|t:|1731445403
|move|p1a: Latias|Recover|p1a: Latias
|-heal|p1a: Latias|99/100
|move|p2a: Bird|Close Combat|p1a: Latias
|-resisted|p1a: Latias
|-damage|p1a: Latias|77/100
|-unboost|p2a: Bird|def|1
|-unboost|p2a: Bird|spd|1
|
|upkeep
|turn|6
|
|t:|1731445406
|move|p1a: Latias|Dragon Pulse|p2a: Bird
|-damage|p2a: Bird|0 fnt
|faint|p2a: Bird
|
|upkeep
|
|t:|1731445410
|switch|p2a: Dead|Haxorus, M, shiny|100/100
|-damage|p2a: Dead|88/100|[from] Stealth Rock
|-damage|p2a: Dead|76/100|[from] Spikes
|-ability|p2a: Dead|Mold Breaker
|turn|7
|
|t:|1731445423
|move|p2a: Dead|Dual Chop|p1a: Latias
|-supereffective|p1a: Latias
|-crit|p1a: Latias
|-damage|p1a: Latias|0 fnt
|faint|p1a: Latias
|-hitcount|p1: Latias|1
|
|upkeep
|
|t:|1731445439
|switch|p1a: Tyranitar|Tyranitar, F|100/100
|-damage|p1a: Tyranitar|88/100|[from] Stealth Rock
|-weather|Sandstorm|[from] ability: Sand Stream|[of] p1a: Tyranitar
|turn|8
|
|t:|1731445447
|switch|p2a: Jellicent|Jellicent, M|100/100
|-damage|p2a: Jellicent|88/100|[from] Stealth Rock
|-damage|p2a: Jellicent|76/100|[from] Spikes
|move|p1a: Tyranitar|Crunch|p2a: Jellicent
|-supereffective|p2a: Jellicent
|-crit|p2a: Jellicent
|-damage|p2a: Jellicent|0 fnt
|faint|p2a: Jellicent
|
|-weather|Sandstorm|[upkeep]
|upkeep
|
|t:|1731445457
|switch|p2a: Garchomp|Garchomp, M|100/100
|-damage|p2a: Garchomp|94/100|[from] Stealth Rock
|-damage|p2a: Garchomp|82/100|[from] Spikes
|turn|9
|
|t:|1731445469
|switch|p1a: Skarmory|Skarmory, F|7/100
|-damage|p1a: Skarmory|0 fnt|[from] Stealth Rock
|faint|p1a: Skarmory
|move|p2a: Garchomp|Earthquake|p1: Skarmory|[notarget]
|-fail|p2a: Garchomp
|
|-weather|Sandstorm|[upkeep]
|upkeep
|
|t:|1731445475
|switch|p1a: Dragonite|Dragonite, M|100/100
|-damage|p1a: Dragonite|75/100|[from] Stealth Rock
|turn|10
|
|t:|1731445480
|move|p2a: Garchomp|Draco Meteor|p1a: Dragonite
|-supereffective|p1a: Dragonite
|-damage|p1a: Dragonite|0 fnt
|-unboost|p2a: Garchomp|spa|2
|faint|p1a: Dragonite
|
|-weather|Sandstorm|[upkeep]
|upkeep
|
|t:|1731445483
|switch|p1a: Latios|Latios, M|100/100
|-damage|p1a: Latios|88/100|[from] Stealth Rock
|turn|11
|
|t:|1731445492
|switch|p2a: Scizor|Scizor, M|100/100
|-damage|p2a: Scizor|88/100|[from] Stealth Rock
|-damage|p2a: Scizor|76/100|[from] Spikes
|move|p1a: Latios|Draco Meteor|p2a: Scizor
|-resisted|p2a: Scizor
|-damage|p2a: Scizor|31/100
|-unboost|p1a: Latios|spa|2
|
|-weather|Sandstorm|[upkeep]
|-damage|p1a: Latios|82/100|[from] Sandstorm
|upkeep
|turn|12
|
|t:|1731445506
|move|p1a: Latios|Thunder Wave|p2a: Scizor
|-status|p2a: Scizor|par
|move|p2a: Scizor|Swords Dance|p2a: Scizor
|-boost|p2a: Scizor|atk|2
|
|-weather|Sandstorm|[upkeep]
|-damage|p1a: Latios|76/100|[from] Sandstorm
|upkeep
|turn|13
|
|t:|1731445511
|move|p2a: Scizor|Bullet Punch|p1a: Latios
|-damage|p1a: Latios|0 fnt
|faint|p1a: Latios
|-damage|p2a: Scizor|21/100 par|[from] item: Life Orb
|
|-weather|Sandstorm|[upkeep]
|upkeep
|
|t:|1731445513
|switch|p1a: Reuniclus|Reuniclus, F, shiny|100/100
|turn|14
|
|t:|1731445520
|move|p1a: Reuniclus|Acid Armor|p1a: Reuniclus
|-boost|p1a: Reuniclus|def|2
|move|p2a: Scizor|Bug Bite|p1a: Reuniclus
|-supereffective|p1a: Reuniclus
|-damage|p1a: Reuniclus|12/100
|-damage|p2a: Scizor|11/100 par|[from] item: Life Orb
|
|-weather|Sandstorm|[upkeep]
|-heal|p1a: Reuniclus|18/100|[from] item: Leftovers
|upkeep
|turn|15
|
|t:|1731445525
|cant|p2a: Scizor|par
|move|p1a: Reuniclus|Recover|p1a: Reuniclus
|-heal|p1a: Reuniclus|68/100
|
|-weather|Sandstorm|[upkeep]
|-heal|p1a: Reuniclus|74/100|[from] item: Leftovers
|upkeep
|turn|16
|
|t:|1731445533
|move|p1a: Reuniclus|Acid Armor|p1a: Reuniclus
|-boost|p1a: Reuniclus|def|2
|cant|p2a: Scizor|par
|
|-weather|Sandstorm|[upkeep]
|-heal|p1a: Reuniclus|80/100|[from] item: Leftovers
|upkeep
|turn|17
|
|t:|1731445537
|move|p1a: Reuniclus|Acid Armor|p1a: Reuniclus
|-boost|p1a: Reuniclus|def|2
|move|p2a: Scizor|Bug Bite|p1a: Reuniclus
|-supereffective|p1a: Reuniclus
|-damage|p1a: Reuniclus|37/100
|-damage|p2a: Scizor|1/100 par|[from] item: Life Orb
|
|-weather|Sandstorm|[upkeep]
|-heal|p1a: Reuniclus|43/100|[from] item: Leftovers
|upkeep
|turn|18
|
|t:|1731445543
|move|p2a: Scizor|Bullet Punch|p1a: Reuniclus
|-damage|p1a: Reuniclus|29/100
|-damage|p2a: Scizor|0 fnt|[from] item: Life Orb
|faint|p2a: Scizor
|move|p1a: Reuniclus|Recover|p1a: Reuniclus
|-heal|p1a: Reuniclus|79/100
|
|-weather|Sandstorm|[upkeep]
|-heal|p1a: Reuniclus|85/100|[from] item: Leftovers
|upkeep
|
|t:|1731445547
|switch|p2a: Garchomp|Garchomp, M|82/100
|-damage|p2a: Garchomp|76/100|[from] Stealth Rock
|-damage|p2a: Garchomp|64/100|[from] Spikes
|turn|19
|
|t:|1731445550
|move|p2a: Garchomp|Draco Meteor|p1a: Reuniclus
|-damage|p1a: Reuniclus|39/100
|-unboost|p2a: Garchomp|spa|2
|move|p1a: Reuniclus|Recover|p1a: Reuniclus
|-heal|p1a: Reuniclus|89/100
|
|-weather|Sandstorm|[upkeep]
|-heal|p1a: Reuniclus|96/100|[from] item: Leftovers
|upkeep
|turn|20
|c|☆LudocyelZ|Wow
|c|☆LudocyelZ|Paralise
|c|☆LudocyelZ|Paralise
|inactive|LudocyelZ has 120 seconds left.
|c|☆LudocyelZ|Help nab Game
|-message|LudocyelZ forfeited.
|
|win|Croaset
|raw|Croaset's rating: 1300 &rarr; <strong>1328</strong><br />(+28 for winning)
|raw|LudocyelZ's rating: 1347 &rarr; <strong>1324</strong><br />(-23 for losing)
|l|☆LudocyelZ
|player|p2|
