|j|☆1Slyver2_
|j|☆Yokao893
|t:|1701538617
|gametype|singles
|player|p1|1Slyver2_|ghetsis-gen5bw|1315
|player|p2|Yokao893|hilbert-wonderlauncher|1327
|teamsize|p1|6
|teamsize|p2|6
|gen|5
|tier|[Gen 5] OU
|rated|
|rule|Species Clause: Limit one of each Pokémon
|rule|OHKO Clause: OHKO moves are banned
|rule|Moody Clause: Moody is banned
|rule|Evasion Items Clause: Evasion items are banned
|rule|Evasion Moves Clause: Evasion moves are banned
|rule|Endless Battle Clause: Forcing endless battles is banned
|rule|HP Percentage Mod: HP is shown in percentages
|rule|Evasion Abilities Clause: Evasion abilities are banned
|rule|Sleep Moves Clause: Sleep-inducing moves are banned
|rule|Swagger Clause: Swagger is banned
|rule|Baton Pass Stat Clause: No Baton Passer may have a way to boost its stats
|clearpoke
|poke|p1|Hippowdon, M|item
|poke|p1|Ferrothorn, F|item
|poke|p1|Magnezone|item
|poke|p1|Latios, M|item
|poke|p1|Excadrill, M|item
|poke|p1|Reuniclus, M|item
|poke|p2|Tyranitar, F|item
|poke|p2|Alakazam, M|item
|poke|p2|Latios, M|item
|poke|p2|Ferrothorn, F|item
|poke|p2|Keldeo-Resolute|item
|poke|p2|Landorus-Therian, M|item
|teampreview
|inactive|Battle timer is ON: inactive players will automatically lose when time's up. (requested by Yokao893)
|
|t:|1701538646
|start
|switch|p1a: Ferrothorn|Ferrothorn, F|100/100
|switch|p2a: King of OU|Landorus-Therian, M|100/100
|-ability|p2a: King of OU|Intimidate|boost
|-unboost|p1a: Ferrothorn|atk|1
|turn|1
|
|t:|1701538669
|switch|p1a: Hippowdon|Hippowdon, M|100/100
|-weather|Sandstorm|[from] ability: Sand Stream|[of] p1a: Hippowdon
|move|p2a: King of OU|Stealth Rock|p1a: Hippowdon
|-sidestart|p1: 1Slyver2_|move: Stealth Rock
|
|-weather|Sandstorm|[upkeep]
|upkeep
|turn|2
|
|t:|1701538685
|move|p2a: King of OU|U-turn|p1a: Hippowdon
|-damage|p1a: Hippowdon|86/100
|
|t:|1701538687
|switch|p2a: Ponyboy|Keldeo-Resolute|100/100|[from] U-turn
|move|p1a: Hippowdon|Stealth Rock|p2a: Ponyboy
|-sidestart|p2: Yokao893|move: Stealth Rock
|
|-weather|Sandstorm|[upkeep]
|-damage|p2a: Ponyboy|94/100|[from] Sandstorm
|-heal|p2a: Ponyboy|100/100|[from] item: Leftovers
|-heal|p1a: Hippowdon|93/100|[from] item: Leftovers
|upkeep
|turn|3
|
|t:|1701538702
|switch|p1a: Reuniclus|Reuniclus, M|100/100
|move|p2a: Ponyboy|Scald|p1a: Reuniclus
|-damage|p1a: Reuniclus|65/100
|-status|p1a: Reuniclus|brn
|
|-weather|Sandstorm|[upkeep]
|-damage|p2a: Ponyboy|94/100|[from] Sandstorm
|-heal|p2a: Ponyboy|100/100|[from] item: Leftovers
|-heal|p1a: Reuniclus|71/100 brn|[from] item: Leftovers
|upkeep
|turn|4
|
|t:|1701538715
|switch|p2a: GET BACK HERE|Tyranitar, F|100/100
|-damage|p2a: GET BACK HERE|88/100|[from] Stealth Rock
|move|p1a: Reuniclus|Calm Mind|p1a: Reuniclus
|-boost|p1a: Reuniclus|spa|1
|-boost|p1a: Reuniclus|spd|1
|
|-weather|Sandstorm|[upkeep]
|-heal|p1a: Reuniclus|77/100 brn|[from] item: Leftovers
|upkeep
|turn|5
|
|t:|1701538738
|switch|p1a: Ferrothorn|Ferrothorn, F|100/100
|-damage|p1a: Ferrothorn|94/100|[from] Stealth Rock
|move|p2a: GET BACK HERE|Crunch|p1a: Ferrothorn
|-resisted|p1a: Ferrothorn
|-damage|p1a: Ferrothorn|81/100
|-damage|p2a: GET BACK HERE|76/100|[from] ability: Iron Barbs|[of] p1a: Ferrothorn
|
|-weather|Sandstorm|[upkeep]
|-heal|p1a: Ferrothorn|88/100|[from] item: Leftovers
|upkeep
|turn|6
|
|t:|1701538750
|move|p2a: GET BACK HERE|Fire Blast|p1a: Ferrothorn
|-supereffective|p1a: Ferrothorn
|-damage|p1a: Ferrothorn|7/100
|move|p1a: Ferrothorn|Leech Seed|p2a: GET BACK HERE
|-start|p2a: GET BACK HERE|move: Leech Seed
|
|-weather|Sandstorm|[upkeep]
|-heal|p1a: Ferrothorn|13/100|[from] item: Leftovers
|-damage|p2a: GET BACK HERE|63/100|[from] Leech Seed|[of] p1a: Ferrothorn
|-heal|p1a: Ferrothorn|27/100|[silent]
|upkeep
|turn|7
|
|t:|1701538761
|move|p1a: Ferrothorn|Protect|p1a: Ferrothorn
|-singleturn|p1a: Ferrothorn|Protect
|move|p2a: GET BACK HERE|Fire Blast|p1a: Ferrothorn
|-activate|p1a: Ferrothorn|move: Protect
|
|-weather|Sandstorm|[upkeep]
|-heal|p1a: Ferrothorn|34/100|[from] item: Leftovers
|-damage|p2a: GET BACK HERE|51/100|[from] Leech Seed|[of] p1a: Ferrothorn
|-heal|p1a: Ferrothorn|48/100|[silent]
|upkeep
|turn|8
|
|t:|1701538778
|switch|p1a: Hippowdon|Hippowdon, M|93/100
|-damage|p1a: Hippowdon|86/100|[from] Stealth Rock
|move|p2a: GET BACK HERE|Fire Blast|p1a: Hippowdon|[miss]
|-miss|p2a: GET BACK HERE|p1a: Hippowdon
|
|-weather|Sandstorm|[upkeep]
|-heal|p1a: Hippowdon|93/100|[from] item: Leftovers
|-damage|p2a: GET BACK HERE|38/100|[from] Leech Seed|[of] p1a: Hippowdon
|-heal|p1a: Hippowdon|100/100|[silent]
|upkeep
|turn|9
|inactive|1Slyver2_ has 120 seconds left.
|
|t:|1701538794
|switch|p2a: Ponyboy|Keldeo-Resolute|100/100
|-damage|p2a: Ponyboy|94/100|[from] Stealth Rock
|move|p1a: Hippowdon|Whirlwind|p2a: Ponyboy
|drag|p2a: King of OU|Landorus-Therian, M|100/100
|-damage|p2a: King of OU|88/100|[from] Stealth Rock
|-ability|p2a: King of OU|Intimidate|boost
|-unboost|p1a: Hippowdon|atk|1
|
|-weather|Sandstorm|[upkeep]
|-heal|p2a: King of OU|94/100|[from] item: Leftovers
|upkeep
|turn|10
|inactive|1Slyver2_ has 120 seconds left.
|
|t:|1701538808
|move|p2a: King of OU|Hidden Power|p1a: Hippowdon
|-supereffective|p1a: Hippowdon
|-damage|p1a: Hippowdon|70/100
|move|p1a: Hippowdon|Whirlwind|p2a: King of OU
|drag|p2a: GET BACK HERE|Tyranitar, F|38/100
|-damage|p2a: GET BACK HERE|26/100|[from] Stealth Rock
|
|-weather|Sandstorm|[upkeep]
|-heal|p1a: Hippowdon|77/100|[from] item: Leftovers
|upkeep
|turn|11
|inactive|1Slyver2_ has 120 seconds left.
|
|t:|1701538821
|switch|p2a: Glue|Ferrothorn, F|100/100
|-damage|p2a: Glue|94/100|[from] Stealth Rock
|move|p1a: Hippowdon|Whirlwind|p2a: Glue
|drag|p2a: Ponyboy|Keldeo-Resolute|94/100
|-damage|p2a: Ponyboy|88/100|[from] Stealth Rock
|
|-weather|Sandstorm|[upkeep]
|-damage|p2a: Ponyboy|82/100|[from] Sandstorm
|-heal|p2a: Ponyboy|88/100|[from] item: Leftovers
|-heal|p1a: Hippowdon|83/100|[from] item: Leftovers
|upkeep
|turn|12
|inactive|1Slyver2_ has 120 seconds left.
|
|t:|1701538841
|switch|p1a: Reuniclus|Reuniclus, M|77/100 brn
|move|p2a: Ponyboy|Scald|p1a: Reuniclus
|-damage|p1a: Reuniclus|38/100 brn
|
|-weather|Sandstorm|[upkeep]
|-damage|p2a: Ponyboy|82/100|[from] Sandstorm
|-heal|p2a: Ponyboy|88/100|[from] item: Leftovers
|-heal|p1a: Reuniclus|44/100 brn|[from] item: Leftovers
|upkeep
|turn|13
|
|t:|1701538852
|move|p2a: Ponyboy|Scald|p1a: Reuniclus
|-damage|p1a: Reuniclus|2/100 brn
|move|p1a: Reuniclus|Recover|p1a: Reuniclus
|-heal|p1a: Reuniclus|52/100 brn
|
|-weather|Sandstorm|[upkeep]
|-damage|p2a: Ponyboy|82/100|[from] Sandstorm
|-heal|p2a: Ponyboy|88/100|[from] item: Leftovers
|-heal|p1a: Reuniclus|58/100 brn|[from] item: Leftovers
|upkeep
|turn|14
|
|t:|1701538864
|switch|p2a: GET BACK HERE|Tyranitar, F|26/100
|-damage|p2a: GET BACK HERE|14/100|[from] Stealth Rock
|move|p1a: Reuniclus|Recover|p1a: Reuniclus
|-heal|p1a: Reuniclus|100/100 brn
|
|-weather|Sandstorm|[upkeep]
|upkeep
|turn|15
|
|t:|1701538876
|-activate|p1a: Reuniclus|move: Pursuit
|move|p2a: GET BACK HERE|Pursuit|p1a: Reuniclus|[from]Pursuit
|-supereffective|p1a: Reuniclus
|-damage|p1a: Reuniclus|45/100 brn
|switch|p1a: Excadrill|Excadrill, M|100/100
|-damage|p1a: Excadrill|97/100|[from] Stealth Rock
|
|-weather|Sandstorm|[upkeep]
|upkeep
|turn|16
|
|t:|1701538889
|move|p1a: Excadrill|Iron Head|p2a: GET BACK HERE
|-supereffective|p2a: GET BACK HERE
|-damage|p2a: GET BACK HERE|0 fnt
|faint|p2a: GET BACK HERE
|
|-weather|Sandstorm|[upkeep]
|upkeep
|
|t:|1701538893
|switch|p2a: King of OU|Landorus-Therian, M|94/100
|-damage|p2a: King of OU|82/100|[from] Stealth Rock
|-ability|p2a: King of OU|Intimidate|boost
|-unboost|p1a: Excadrill|atk|1
|turn|17
|inactive|1Slyver2_ has 120 seconds left.
|
|t:|1701538923
|switch|p1a: Latios|Latios, M|100/100
|-damage|p1a: Latios|88/100|[from] Stealth Rock
|move|p2a: King of OU|U-turn|p1a: Latios
|-supereffective|p1a: Latios
|-crit|p1a: Latios
|-damage|p1a: Latios|0 fnt
|faint|p1a: Latios
|
|t:|1701538931
|switch|p2a: Spoons!|Alakazam, M|100/100|[from] U-turn
|
|-weather|Sandstorm|[upkeep]
|upkeep
|
|t:|1701538944
|switch|p1a: Ferrothorn|Ferrothorn, F|48/100
|-damage|p1a: Ferrothorn|42/100|[from] Stealth Rock
|turn|18
|
|t:|1701538953
|move|p2a: Spoons!|Hidden Power|p1a: Ferrothorn
|-supereffective|p1a: Ferrothorn
|-damage|p1a: Ferrothorn|0 fnt
|faint|p1a: Ferrothorn
|
|-weather|Sandstorm|[upkeep]
|upkeep
|
|t:|1701538964
|switch|p1a: Excadrill|Excadrill, M|97/100
|-damage|p1a: Excadrill|94/100|[from] Stealth Rock
|turn|19
|
|t:|1701538970
|switch|p2a: Ponyboy|Keldeo-Resolute|88/100
|-damage|p2a: Ponyboy|82/100|[from] Stealth Rock
|move|p1a: Excadrill|Rapid Spin|p2a: Ponyboy
|-damage|p2a: Ponyboy|72/100
|-sideend|p1: 1Slyver2_|Stealth Rock|[from] move: Rapid Spin|[of] p1a: Excadrill
|
|-weather|Sandstorm|[upkeep]
|-damage|p2a: Ponyboy|66/100|[from] Sandstorm
|-heal|p2a: Ponyboy|72/100|[from] item: Leftovers
|upkeep
|turn|20
|
|t:|1701538984
|switch|p1a: Reuniclus|Reuniclus, M|45/100 brn
|move|p2a: Ponyboy|Scald|p1a: Reuniclus
|-damage|p1a: Reuniclus|4/100 brn
|
|-weather|Sandstorm|[upkeep]
|-damage|p2a: Ponyboy|66/100|[from] Sandstorm
|-heal|p2a: Ponyboy|72/100|[from] item: Leftovers
|-heal|p1a: Reuniclus|10/100 brn|[from] item: Leftovers
|upkeep
|turn|21
|-message|1Slyver2_ forfeited.
|
|win|Yokao893
|raw|1Slyver2_'s rating: 1315 &rarr; <strong>1296</strong><br />(-19 for losing)
|raw|Yokao893's rating: 1327 &rarr; <strong>1346</strong><br />(+19 for winning)
|l|☆1Slyver2_
