|j|☆HydreigonSpammer
|j|☆Silent Ensemble
|t:|1735054277
|gametype|singles
|player|p1|HydreigonSpammer|janitor|1483
|player|p2|Silent Ensemble|cyclistf-gen4|1497
|teamsize|p1|6
|teamsize|p2|6
|gen|5
|tier|[Gen 5] OU
|rated|
|rule|Species Clause: Limit one of each Pokémon
|rule|OHKO Clause: OHKO moves are banned
|rule|Moody Clause: Moody is banned
|rule|Evasion Items Clause: Evasion items are banned
|rule|Evasion Moves Clause: Evasion moves are banned
|rule|Endless Battle Clause: Forcing endless battles is banned
|rule|HP Percentage Mod: HP is shown in percentages
|rule|Evasion Abilities Clause: Evasion abilities are banned
|rule|Sleep Moves Clause: Sleep-inducing moves are banned
|rule|Swagger Clause: Swagger is banned
|rule|Baton Pass Stat Clause: No Baton Passer may have a way to boost its stats
|clearpoke
|poke|p1|Politoed, F|item
|poke|p1|Ferrothorn, F|item
|poke|p1|Thundurus-Therian, M|item
|poke|p1|Keldeo|item
|poke|p1|Tornadus, M|item
|poke|p1|Jirachi|item
|poke|p2|Uxie|item
|poke|p2|Landorus-Therian, M|item
|poke|p2|Starmie|item
|poke|p2|Mamoswine, M|item
|poke|p2|Scizor, M|item
|poke|p2|Dragonite, M|item
|teampreview
|c|☆Silent Ensemble|Gl hf
|
|t:|1735054285
|start
|switch|p1a: Politoed|Politoed, F|100/100
|switch|p2a: Uxie|Uxie|100/100
|-weather|RainDance|[from] ability: Drizzle|[of] p1a: Politoed
|turn|1
|
|t:|1735054289
|move|p2a: Uxie|Thunder|p1a: Politoed
|-supereffective|p1a: Politoed
|-damage|p1a: Politoed|55/100
|-enditem|p1a: Politoed|Eject Button
|
|t:|1735054304
|switch|p1a: Thundurus|Thundurus-Therian, M|100/100
|
|-weather|RainDance|[upkeep]
|upkeep
|turn|2
|
|t:|1735054309
|move|p1a: Thundurus|Nasty Plot|p1a: Thundurus
|-boost|p1a: Thundurus|spa|2
|move|p2a: Uxie|Stealth Rock|p1a: Thundurus
|-sidestart|p1: HydreigonSpammer|move: Stealth Rock
|
|-weather|RainDance|[upkeep]
|upkeep
|turn|3
|
|t:|1735054321
|move|p1a: Thundurus|Thunder|p2a: Uxie
|-damage|p2a: Uxie|0 fnt
|faint|p2a: Uxie
|
|-weather|RainDance|[upkeep]
|upkeep
|
|t:|1735054327
|switch|p2a: Starmie|Starmie|100/100
|-item|p2a: Starmie|Air Balloon
|turn|4
|
|t:|1735054331
|switch|p1a: Ferrothorn|Ferrothorn, F|100/100
|-damage|p1a: Ferrothorn|94/100|[from] Stealth Rock
|move|p2a: Starmie|Hydro Pump|p1a: Ferrothorn
|-resisted|p1a: Ferrothorn
|-damage|p1a: Ferrothorn|64/100
|
|-weather|RainDance|[upkeep]
|-heal|p1a: Ferrothorn|70/100|[from] item: Leftovers
|upkeep
|turn|5
|
|t:|1735054338
|switch|p2a: Landorus|Landorus-Therian, M|100/100
|-ability|p2a: Landorus|Intimidate|boost
|-unboost|p1a: Ferrothorn|atk|1
|move|p1a: Ferrothorn|Leech Seed|p2a: Landorus
|-start|p2a: Landorus|move: Leech Seed
|
|-weather|RainDance|[upkeep]
|-heal|p1a: Ferrothorn|76/100|[from] item: Leftovers
|-damage|p2a: Landorus|88/100|[from] Leech Seed|[of] p1a: Ferrothorn
|-heal|p1a: Ferrothorn|87/100|[silent]
|upkeep
|turn|6
|
|t:|1735054343
|move|p1a: Ferrothorn|Protect|p1a: Ferrothorn
|-singleturn|p1a: Ferrothorn|Protect
|move|p2a: Landorus|Superpower|p1a: Ferrothorn
|-activate|p1a: Ferrothorn|move: Protect
|
|-weather|RainDance|[upkeep]
|-heal|p1a: Ferrothorn|93/100|[from] item: Leftovers
|-damage|p2a: Landorus|76/100|[from] Leech Seed|[of] p1a: Ferrothorn
|-heal|p1a: Ferrothorn|100/100|[silent]
|upkeep
|turn|7
|
|t:|1735054356
|switch|p2a: Scizor|Scizor, M|100/100
|switch|p1a: Jirachi|Jirachi|100/100
|-damage|p1a: Jirachi|94/100|[from] Stealth Rock
|
|-weather|RainDance|[upkeep]
|-heal|p1a: Jirachi|100/100|[from] item: Leftovers
|upkeep
|turn|8
|
|t:|1735054368
|move|p1a: Jirachi|Stealth Rock|p2a: Scizor
|-sidestart|p2: Silent Ensemble|move: Stealth Rock
|move|p2a: Scizor|Pursuit|p1a: Jirachi
|-damage|p1a: Jirachi|74/100
|-damage|p2a: Scizor|91/100|[from] item: Life Orb
|
|-weather|RainDance|[upkeep]
|-heal|p1a: Jirachi|80/100|[from] item: Leftovers
|upkeep
|turn|9
|
|t:|1735054375
|move|p1a: Jirachi|Iron Head|p2a: Scizor
|-resisted|p2a: Scizor
|-damage|p2a: Scizor|74/100
|cant|p2a: Scizor|flinch
|
|-weather|RainDance|[upkeep]
|-heal|p1a: Jirachi|86/100|[from] item: Leftovers
|upkeep
|turn|10
|
|t:|1735054383
|move|p1a: Jirachi|U-turn|p2a: Scizor
|-resisted|p2a: Scizor
|-damage|p2a: Scizor|65/100
|-activate|p1a: Jirachi|move: Pursuit
|move|p2a: Scizor|Pursuit|p1a: Jirachi|[from]Pursuit
|-damage|p1a: Jirachi|54/100
|-damage|p2a: Scizor|55/100|[from] item: Life Orb
|
|t:|1735054388
|switch|p1a: Keldeo|Keldeo|100/100|[from] U-turn
|-damage|p1a: Keldeo|94/100|[from] Stealth Rock
|
|-weather|RainDance|[upkeep]
|upkeep
|turn|11
|
|t:|1735054407
|move|p2a: Scizor|Bullet Punch|p1a: Keldeo
|-resisted|p1a: Keldeo
|-damage|p1a: Keldeo|70/100
|-damage|p2a: Scizor|46/100|[from] item: Life Orb
|move|p1a: Keldeo|Scald|p2a: Scizor
|-damage|p2a: Scizor|0 fnt
|faint|p2a: Scizor
|
|-weather|RainDance|[upkeep]
|upkeep
|
|t:|1735054416
|switch|p2a: Dragonite|Dragonite, M|100/100
|-damage|p2a: Dragonite|76/100|[from] Stealth Rock
|turn|12
|
|t:|1735054438
|switch|p1a: Ferrothorn|Ferrothorn, F|100/100
|-damage|p1a: Ferrothorn|94/100|[from] Stealth Rock
|move|p2a: Dragonite|Superpower|p1a: Ferrothorn
|-supereffective|p1a: Ferrothorn
|-damage|p1a: Ferrothorn|23/100
|-unboost|p2a: Dragonite|atk|1
|-unboost|p2a: Dragonite|def|1
|-damage|p2a: Dragonite|63/100|[from] ability: Iron Barbs|[of] p1a: Ferrothorn
|
|-weather|RainDance|[upkeep]
|-heal|p1a: Ferrothorn|29/100|[from] item: Leftovers
|upkeep
|turn|13
|
|t:|1735054454
|move|p2a: Dragonite|Dragon Dance|p2a: Dragonite
|-boost|p2a: Dragonite|atk|1
|-boost|p2a: Dragonite|spe|1
|move|p1a: Ferrothorn|Leech Seed|p2a: Dragonite
|-start|p2a: Dragonite|move: Leech Seed
|
|-weather|RainDance|[upkeep]
|-heal|p1a: Ferrothorn|35/100|[from] item: Leftovers
|-damage|p2a: Dragonite|51/100|[from] Leech Seed|[of] p1a: Ferrothorn
|-heal|p1a: Ferrothorn|47/100|[silent]
|upkeep
|turn|14
|
|t:|1735054464
|switch|p1a: Politoed|Politoed, F|55/100
|-damage|p1a: Politoed|42/100|[from] Stealth Rock
|move|p2a: Dragonite|Dragon Dance|p2a: Dragonite
|-boost|p2a: Dragonite|atk|1
|-boost|p2a: Dragonite|spe|1
|
|-weather|RainDance|[upkeep]
|-damage|p2a: Dragonite|39/100|[from] Leech Seed|[of] p1a: Politoed
|-heal|p1a: Politoed|53/100|[silent]
|upkeep
|turn|15
|
|t:|1735054480
|move|p2a: Dragonite|Outrage|p1a: Politoed
|-damage|p1a: Politoed|0 fnt
|faint|p1a: Politoed
|
|-weather|RainDance|[upkeep]
|upkeep
|
|t:|1735054488
|switch|p1a: Ferrothorn|Ferrothorn, F|47/100
|-damage|p1a: Ferrothorn|40/100|[from] Stealth Rock
|turn|16
|
|t:|1735054495
|move|p1a: Ferrothorn|Protect|p1a: Ferrothorn
|-singleturn|p1a: Ferrothorn|Protect
|move|p2a: Dragonite|Outrage|p1a: Ferrothorn|[from]lockedmove
|-activate|p1a: Ferrothorn|move: Protect
|
|-weather|RainDance|[upkeep]
|-heal|p1a: Ferrothorn|47/100|[from] item: Leftovers
|-damage|p2a: Dragonite|26/100|[from] Leech Seed|[of] p1a: Ferrothorn
|-heal|p1a: Ferrothorn|58/100|[silent]
|upkeep
|turn|17
|
|t:|1735054505
|move|p2a: Dragonite|Superpower|p1a: Ferrothorn
|-supereffective|p1a: Ferrothorn
|-crit|p1a: Ferrothorn
|-damage|p1a: Ferrothorn|0 fnt
|-unboost|p2a: Dragonite|atk|1
|-unboost|p2a: Dragonite|def|1
|-damage|p2a: Dragonite|14/100|[from] ability: Iron Barbs|[of] p1a: Ferrothorn
|faint|p1a: Ferrothorn
|
|-weather|RainDance|[upkeep]
|upkeep
|
|t:|1735054515
|switch|p1a: Keldeo|Keldeo|70/100
|-damage|p1a: Keldeo|64/100|[from] Stealth Rock
|turn|18
|
|t:|1735054522
|switch|p1a: Jirachi|Jirachi|54/100
|-damage|p1a: Jirachi|48/100|[from] Stealth Rock
|move|p2a: Dragonite|Outrage|p1a: Jirachi
|-resisted|p1a: Jirachi
|-damage|p1a: Jirachi|18/100
|
|-weather|RainDance|[upkeep]
|-heal|p1a: Jirachi|24/100|[from] item: Leftovers
|-damage|p2a: Dragonite|1/100|[from] Leech Seed|[of] p1a: Jirachi
|-heal|p1a: Jirachi|34/100|[silent]
|upkeep
|turn|19
|
|t:|1735054532
|move|p2a: Dragonite|Outrage|p1a: Jirachi|[from]lockedmove
|-resisted|p1a: Jirachi
|-damage|p1a: Jirachi|2/100
|move|p1a: Jirachi|Drain Punch|p2a: Dragonite
|-resisted|p2a: Dragonite
|-crit|p2a: Dragonite
|-damage|p2a: Dragonite|0 fnt
|-heal|p1a: Jirachi|2/100|[from] drain|[of] p2a: Dragonite
|faint|p2a: Dragonite
|
|-weather|RainDance|[upkeep]
|-heal|p1a: Jirachi|8/100|[from] item: Leftovers
|upkeep
|
|t:|1735054543
|switch|p2a: Starmie|Starmie|100/100
|-damage|p2a: Starmie|88/100|[from] Stealth Rock
|-item|p2a: Starmie|Air Balloon
|turn|20
|
|t:|1735054547
|move|p2a: Starmie|Thunder|p1a: Jirachi
|-damage|p1a: Jirachi|0 fnt
|faint|p1a: Jirachi
|
|-weather|RainDance|[upkeep]
|upkeep
|
|t:|1735054567
|switch|p1a: Thundurus|Thundurus-Therian, M|100/100
|-damage|p1a: Thundurus|76/100|[from] Stealth Rock
|turn|21
|
|t:|1735054580
|switch|p2a: Landorus|Landorus-Therian, M|76/100
|-damage|p2a: Landorus|64/100|[from] Stealth Rock
|-ability|p2a: Landorus|Intimidate|boost
|-unboost|p1a: Thundurus|atk|1
|move|p1a: Thundurus|Thunder|p2a: Landorus
|-immune|p2a: Landorus
|
|-weather|RainDance|[upkeep]
|-heal|p1a: Thundurus|82/100|[from] item: Leftovers
|upkeep
|turn|22
|
|t:|1735054594
|move|p1a: Thundurus|Hidden Power|p2a: Landorus
|-supereffective|p2a: Landorus
|-crit|p2a: Landorus
|-enditem|p2a: Landorus|Yache Berry|[eat]
|-enditem|p2a: Landorus|Yache Berry|[weaken]
|-damage|p2a: Landorus|0 fnt
|faint|p2a: Landorus
|
|-weather|RainDance|[upkeep]
|-heal|p1a: Thundurus|88/100|[from] item: Leftovers
|upkeep
|
|t:|1735054599
|switch|p2a: Mamoswine|Mamoswine, M|100/100
|-damage|p2a: Mamoswine|88/100|[from] Stealth Rock
|turn|23
|
|t:|1735054607
|switch|p1a: Tornadus|Tornadus, M|100/100
|-damage|p1a: Tornadus|76/100|[from] Stealth Rock
|move|p2a: Mamoswine|Ice Shard|p1a: Tornadus
|-supereffective|p1a: Tornadus
|-damage|p1a: Tornadus|0 fnt
|faint|p1a: Tornadus
|
|-weather|RainDance|[upkeep]
|upkeep
|
|t:|1735054613
|switch|p1a: Keldeo|Keldeo|64/100
|-damage|p1a: Keldeo|58/100|[from] Stealth Rock
|turn|24
|
|t:|1735054622
|move|p2a: Mamoswine|Ice Shard|p1a: Keldeo
|-resisted|p1a: Keldeo
|-damage|p1a: Keldeo|45/100
|move|p1a: Keldeo|Scald|p2a: Mamoswine
|-supereffective|p2a: Mamoswine
|-damage|p2a: Mamoswine|0 fnt
|faint|p2a: Mamoswine
|
|-weather|RainDance|[upkeep]
|upkeep
|
|t:|1735054624
|switch|p2a: Starmie|Starmie|88/100
|-damage|p2a: Starmie|76/100|[from] Stealth Rock
|-item|p2a: Starmie|Air Balloon
|turn|25
|
|t:|1735054635
|move|p1a: Keldeo|Scald|p2a: Starmie
|-resisted|p2a: Starmie
|-damage|p2a: Starmie|31/100
|-enditem|p2a: Starmie|Air Balloon
|move|p2a: Starmie|Hydro Pump|p1a: Keldeo
|-resisted|p1a: Keldeo
|-damage|p1a: Keldeo|0 fnt
|faint|p1a: Keldeo
|
|-weather|RainDance|[upkeep]
|upkeep
|
|t:|1735054641
|switch|p1a: Thundurus|Thundurus-Therian, M|88/100
|-damage|p1a: Thundurus|63/100|[from] Stealth Rock
|turn|26
|
|t:|1735054644
|move|p2a: Starmie|Hydro Pump|p1a: Thundurus
|-damage|p1a: Thundurus|0 fnt
|faint|p1a: Thundurus
|
|win|Silent Ensemble
|raw|HydreigonSpammer's rating: 1483 &rarr; <strong>1464</strong><br />(-19 for losing)
|raw|Silent Ensemble's rating: 1497 &rarr; <strong>1516</strong><br />(+19 for winning)
|l|☆HydreigonSpammer
|player|p1|
|c|☆Silent Ensemble|Gg wp
