|j|☆Shinrai12
|j|☆Croaset
|t:|1706815384
|gametype|singles
|player|p1|Shinrai12|wallace|1390
|player|p2|Croaset|elesa|1374
|teamsize|p1|6
|teamsize|p2|6
|gen|5
|tier|[Gen 5] OU
|rated|
|rule|Species Clause: Limit one of each Pokémon
|rule|OHKO Clause: OHKO moves are banned
|rule|Moody Clause: Moody is banned
|rule|Evasion Items Clause: Evasion items are banned
|rule|Evasion Moves Clause: Evasion moves are banned
|rule|Endless Battle Clause: Forcing endless battles is banned
|rule|HP Percentage Mod: HP is shown in percentages
|rule|Evasion Abilities Clause: Evasion abilities are banned
|rule|Sleep Moves Clause: Sleep-inducing moves are banned
|rule|Swagger Clause: Swagger is banned
|rule|Baton Pass Stat Clause: No Baton Passer may have a way to boost its stats
|clearpoke
|poke|p1|Magnezone|item
|poke|p1|Jirachi|item
|poke|p1|Kyurem-Black|item
|poke|p1|Latios, M|item
|poke|p1|Salamence, M|item
|poke|p1|Garchomp, M|item
|poke|p2|Politoed, M|item
|poke|p2|Tentacruel, F|item
|poke|p2|Ferrothorn, F|item
|poke|p2|Tornadus, M|item
|poke|p2|Virizion|item
|poke|p2|Toxicroak, M|item
|teampreview
|c|☆Shinrai12|glhf
|
|t:|1706815401
|start
|switch|p1a: Jirachi|Jirachi|100/100
|switch|p2a: Ferrothorn|Ferrothorn, F, shiny|100/100
|turn|1
|
|t:|1706815404
|switch|p1a: Magnezone|Magnezone|100/100
|-item|p1a: Magnezone|Air Balloon
|move|p2a: Ferrothorn|Stealth Rock|p1a: Magnezone
|-sidestart|p1: Shinrai12|move: Stealth Rock
|
|upkeep
|turn|2
|
|t:|1706815409
|move|p1a: Magnezone|Hidden Power|p2a: Ferrothorn
|-supereffective|p2a: Ferrothorn
|-damage|p2a: Ferrothorn|24/100
|move|p2a: Ferrothorn|Gyro Ball|p1a: Magnezone
|-resisted|p1a: Magnezone
|-crit|p1a: Magnezone
|-damage|p1a: Magnezone|88/100
|-enditem|p1a: Magnezone|Air Balloon
|
|-heal|p2a: Ferrothorn|31/100|[from] item: Leftovers
|upkeep
|turn|3
|
|t:|1706815418
|move|p1a: Magnezone|Hidden Power|p2a: Ferrothorn
|-supereffective|p2a: Ferrothorn
|-damage|p2a: Ferrothorn|0 fnt
|faint|p2a: Ferrothorn
|
|upkeep
|
|t:|1706815426
|switch|p2a: Tornadus|Tornadus, M|100/100
|turn|4
|
|t:|1706815430
|move|p2a: Tornadus|Focus Blast|p1a: Magnezone
|-supereffective|p1a: Magnezone
|-damage|p1a: Magnezone|0 fnt
|faint|p1a: Magnezone
|
|upkeep
|
|t:|1706815435
|switch|p1a: Jirachi|Jirachi|100/100
|-damage|p1a: Jirachi|94/100|[from] Stealth Rock
|turn|5
|
|t:|1706815444
|move|p2a: Tornadus|U-turn|p1a: Jirachi
|-damage|p1a: Jirachi|83/100
|
|t:|1706815445
|switch|p2a: Politoed|Politoed, M, shiny|100/100|[from] U-turn
|-weather|RainDance|[from] ability: Drizzle|[of] p2a: Politoed
|move|p1a: Jirachi|Stealth Rock|p2a: Politoed
|-sidestart|p2: Croaset|move: Stealth Rock
|
|-weather|RainDance|[upkeep]
|-heal|p1a: Jirachi|89/100|[from] item: Leftovers
|upkeep
|turn|6
|inactive|Battle timer is ON: inactive players will automatically lose when time's up. (requested by Croaset)
|
|t:|1706815459
|move|p1a: Jirachi|Energy Ball|p2a: Politoed
|-supereffective|p2a: Politoed
|-damage|p2a: Politoed|71/100
|-unboost|p2a: Politoed|spd|1
|move|p2a: Politoed|Scald|p1a: Jirachi
|-damage|p1a: Jirachi|64/100
|
|-weather|RainDance|[upkeep]
|-heal|p1a: Jirachi|70/100|[from] item: Leftovers
|-heal|p2a: Politoed|77/100|[from] item: Leftovers
|upkeep
|turn|7
|
|t:|1706815466
|move|p1a: Jirachi|Energy Ball|p2a: Politoed
|-supereffective|p2a: Politoed
|-damage|p2a: Politoed|24/100
|move|p2a: Politoed|Scald|p1a: Jirachi
|-damage|p1a: Jirachi|43/100
|
|-weather|RainDance|[upkeep]
|-heal|p1a: Jirachi|50/100|[from] item: Leftovers
|-heal|p2a: Politoed|30/100|[from] item: Leftovers
|upkeep
|turn|8
|
|t:|1706815479
|switch|p2a: Tentacruel|Tentacruel, F|100/100
|-damage|p2a: Tentacruel|88/100|[from] Stealth Rock
|move|p1a: Jirachi|Icy Wind|p2a: Tentacruel
|-resisted|p2a: Tentacruel
|-damage|p2a: Tentacruel|83/100
|-unboost|p2a: Tentacruel|spe|1
|
|-weather|RainDance|[upkeep]
|-heal|p2a: Tentacruel|89/100|[from] ability: Rain Dish
|-heal|p1a: Jirachi|56/100|[from] item: Leftovers
|-heal|p2a: Tentacruel|95/100|[from] item: Black Sludge
|upkeep
|turn|9
|
|t:|1706815491
|move|p1a: Jirachi|Energy Ball|p2a: Tentacruel
|-damage|p2a: Tentacruel|81/100
|move|p2a: Tentacruel|Rapid Spin|p1a: Jirachi
|-resisted|p1a: Jirachi
|-damage|p1a: Jirachi|55/100
|-sideend|p2: Croaset|Stealth Rock|[from] move: Rapid Spin|[of] p2a: Tentacruel
|
|-weather|RainDance|[upkeep]
|-heal|p2a: Tentacruel|87/100|[from] ability: Rain Dish
|-heal|p1a: Jirachi|61/100|[from] item: Leftovers
|-heal|p2a: Tentacruel|93/100|[from] item: Black Sludge
|upkeep
|turn|10
|
|t:|1706815494
|move|p1a: Jirachi|Stealth Rock|p2a: Tentacruel
|-sidestart|p2: Croaset|move: Stealth Rock
|move|p2a: Tentacruel|Scald|p1a: Jirachi
|-damage|p1a: Jirachi|39/100
|
|-weather|RainDance|[upkeep]
|-heal|p2a: Tentacruel|99/100|[from] ability: Rain Dish
|-heal|p1a: Jirachi|46/100|[from] item: Leftovers
|-heal|p2a: Tentacruel|100/100|[from] item: Black Sludge
|upkeep
|turn|11
|
|t:|1706815503
|switch|p1a: Garchomp|Garchomp, M|100/100
|-damage|p1a: Garchomp|94/100|[from] Stealth Rock
|move|p2a: Tentacruel|Scald|p1a: Garchomp
|-damage|p1a: Garchomp|56/100
|
|-weather|RainDance|[upkeep]
|upkeep
|turn|12
|
|t:|1706815513
|switch|p2a: Politoed|Politoed, M, shiny|30/100
|-damage|p2a: Politoed|18/100|[from] Stealth Rock
|move|p1a: Garchomp|Substitute|p1a: Garchomp
|-start|p1a: Garchomp|Substitute
|-damage|p1a: Garchomp|31/100
|
|-weather|RainDance|[upkeep]
|-heal|p2a: Politoed|24/100|[from] item: Leftovers
|upkeep
|turn|13
|
|t:|1706815521
|move|p1a: Garchomp|Earthquake|p2a: Politoed
|-damage|p2a: Politoed|0 fnt
|faint|p2a: Politoed
|
|-weather|RainDance|[upkeep]
|upkeep
|
|t:|1706815524
|switch|p2a: Virizion|Virizion|100/100
|-damage|p2a: Virizion|94/100|[from] Stealth Rock
|turn|14
|
|t:|1706815529
|move|p2a: Virizion|Hidden Power|p1a: Garchomp
|-supereffective|p1a: Garchomp
|-end|p1a: Garchomp|Substitute
|move|p1a: Garchomp|Outrage|p2a: Virizion
|-damage|p2a: Virizion|7/100
|
|-weather|RainDance|[upkeep]
|-heal|p2a: Virizion|13/100|[from] item: Leftovers
|upkeep
|turn|15
|
|t:|1706815533
|move|p2a: Virizion|Hidden Power|p1a: Garchomp
|-supereffective|p1a: Garchomp
|-damage|p1a: Garchomp|0 fnt
|faint|p1a: Garchomp
|
|-weather|RainDance|[upkeep]
|-heal|p2a: Virizion|19/100|[from] item: Leftovers
|upkeep
|
|t:|1706815540
|switch|p1a: Salamence|Salamence, M|100/100
|-damage|p1a: Salamence|76/100|[from] Stealth Rock
|turn|16
|
|t:|1706815559
|switch|p2a: Toxicroak|Toxicroak, M|100/100
|-damage|p2a: Toxicroak|94/100|[from] Stealth Rock
|move|p1a: Salamence|Outrage|p2a: Toxicroak
|-damage|p2a: Toxicroak|14/100
|
|-weather|RainDance|[upkeep]
|-heal|p2a: Toxicroak|26/100|[from] ability: Dry Skin
|-heal|p2a: Toxicroak|33/100|[from] item: Black Sludge
|upkeep
|turn|17
|
|t:|1706815569
|move|p1a: Salamence|Outrage|p2a: Toxicroak|[from]lockedmove
|-damage|p2a: Toxicroak|0 fnt
|faint|p2a: Toxicroak
|-ability|p1a: Salamence|Moxie|boost
|-boost|p1a: Salamence|atk|1
|-start|p1a: Salamence|confusion|[fatigue]
|
|-weather|RainDance|[upkeep]
|upkeep
|
|t:|1706815579
|switch|p2a: Tentacruel|Tentacruel, F|100/100
|-damage|p2a: Tentacruel|88/100|[from] Stealth Rock
|turn|18
|
|t:|1706815592
|switch|p1a: Jirachi|Jirachi|46/100
|-damage|p1a: Jirachi|39/100|[from] Stealth Rock
|move|p2a: Tentacruel|Rapid Spin|p1a: Jirachi
|-resisted|p1a: Jirachi
|-damage|p1a: Jirachi|38/100
|-sideend|p2: Croaset|Stealth Rock|[from] move: Rapid Spin|[of] p2a: Tentacruel
|
|-weather|RainDance|[upkeep]
|-heal|p2a: Tentacruel|94/100|[from] ability: Rain Dish
|-heal|p2a: Tentacruel|99/100|[from] item: Black Sludge
|-heal|p1a: Jirachi|44/100|[from] item: Leftovers
|upkeep
|turn|19
|
|t:|1706815597
|move|p2a: Tentacruel|Scald|p1a: Jirachi
|-damage|p1a: Jirachi|21/100
|move|p1a: Jirachi|Stealth Rock|p2a: Tentacruel
|-sidestart|p2: Croaset|move: Stealth Rock
|
|-weather|RainDance|[upkeep]
|-heal|p2a: Tentacruel|100/100|[from] ability: Rain Dish
|-heal|p1a: Jirachi|27/100|[from] item: Leftovers
|upkeep
|turn|20
|
|t:|1706815600
|move|p2a: Tentacruel|Scald|p1a: Jirachi
|-damage|p1a: Jirachi|3/100
|move|p1a: Jirachi|Stealth Rock||[still]
|-fail|p1a: Jirachi
|
|-weather|RainDance|[upkeep]
|-heal|p1a: Jirachi|10/100|[from] item: Leftovers
|upkeep
|turn|21
|
|t:|1706815604
|move|p2a: Tentacruel|Rapid Spin|p1a: Jirachi
|-resisted|p1a: Jirachi
|-damage|p1a: Jirachi|9/100
|-sideend|p2: Croaset|Stealth Rock|[from] move: Rapid Spin|[of] p2a: Tentacruel
|move|p1a: Jirachi|Stealth Rock|p2a: Tentacruel
|-sidestart|p2: Croaset|move: Stealth Rock
|
|-weather|RainDance|[upkeep]
|-heal|p1a: Jirachi|15/100|[from] item: Leftovers
|upkeep
|turn|22
|
|t:|1706815606
|move|p2a: Tentacruel|Scald|p1a: Jirachi
|-damage|p1a: Jirachi|0 fnt
|faint|p1a: Jirachi
|
|-weather|RainDance|[upkeep]
|upkeep
|
|t:|1706815612
|switch|p1a: Kyurem|Kyurem-Black|100/100
|-damage|p1a: Kyurem|76/100|[from] Stealth Rock
|-ability|p1a: Kyurem|Teravolt
|turn|23
|
|t:|1706815616
|move|p2a: Tentacruel|Protect|p2a: Tentacruel
|-singleturn|p2a: Tentacruel|Protect
|move|p1a: Kyurem|Fusion Bolt|p2a: Tentacruel
|-activate|p2a: Tentacruel|move: Protect
|
|-weather|RainDance|[upkeep]
|upkeep
|turn|24
|
|t:|1706815620
|move|p1a: Kyurem|Fusion Bolt|p2a: Tentacruel
|-supereffective|p2a: Tentacruel
|-damage|p2a: Tentacruel|0 fnt
|faint|p2a: Tentacruel
|
|-weather|RainDance|[upkeep]
|upkeep
|
|t:|1706815631
|switch|p2a: Virizion|Virizion|19/100
|-damage|p2a: Virizion|13/100|[from] Stealth Rock
|turn|25
|
|t:|1706815636
|move|p2a: Virizion|Focus Blast|p1a: Kyurem
|-supereffective|p1a: Kyurem
|-damage|p1a: Kyurem|0 fnt
|faint|p1a: Kyurem
|
|-weather|RainDance|[upkeep]
|-heal|p2a: Virizion|19/100|[from] item: Leftovers
|upkeep
|
|t:|1706815639
|switch|p1a: Salamence|Salamence, M|76/100
|-damage|p1a: Salamence|51/100|[from] Stealth Rock
|turn|26
|
|t:|1706815642
|move|p1a: Salamence|Outrage|p2a: Virizion
|-damage|p2a: Virizion|0 fnt
|faint|p2a: Virizion
|-ability|p1a: Salamence|Moxie|boost
|-boost|p1a: Salamence|atk|1
|
|-weather|RainDance|[upkeep]
|upkeep
|
|t:|1706815643
|switch|p2a: Tornadus|Tornadus, M|100/100
|-damage|p2a: Tornadus|76/100|[from] Stealth Rock
|turn|27
|
|t:|1706815648
|move|p2a: Tornadus|Substitute|p2a: Tornadus
|-start|p2a: Tornadus|Substitute
|-damage|p2a: Tornadus|51/100
|move|p1a: Salamence|Outrage|p2a: Tornadus|[from]lockedmove
|-end|p2a: Tornadus|Substitute
|-start|p1a: Salamence|confusion|[fatigue]
|
|-weather|RainDance|[upkeep]
|-heal|p2a: Tornadus|57/100|[from] item: Leftovers
|upkeep
|turn|28
|
|t:|1706815654
|switch|p1a: Latios|Latios, M|100/100
|-damage|p1a: Latios|88/100|[from] Stealth Rock
|move|p2a: Tornadus|Substitute|p2a: Tornadus
|-start|p2a: Tornadus|Substitute
|-damage|p2a: Tornadus|32/100
|
|-weather|RainDance|[upkeep]
|-heal|p2a: Tornadus|38/100|[from] item: Leftovers
|upkeep
|turn|29
|
|t:|1706815663
|move|p1a: Latios|Dragon Pulse|p2a: Tornadus
|-end|p2a: Tornadus|Substitute
|move|p2a: Tornadus|Hurricane|p1a: Latios
|-damage|p1a: Latios|26/100
|
|-weather|RainDance|[upkeep]
|-heal|p2a: Tornadus|44/100|[from] item: Leftovers
|upkeep
|turn|30
|
|t:|1706815672
|move|p1a: Latios|Dragon Pulse|p2a: Tornadus
|-damage|p2a: Tornadus|0 fnt
|faint|p2a: Tornadus
|
|win|Shinrai12
|raw|Shinrai12's rating: 1390 &rarr; <strong>1409</strong><br />(+19 for winning)
|raw|Croaset's rating: 1374 &rarr; <strong>1355</strong><br />(-19 for losing)
|c|☆Shinrai12|gg
|l|☆Shinrai12
|player|p1|
