|j|☆Blossummm
|j|☆JukeDuke
|t:|1715053340
|gametype|singles
|player|p1|Blossummm|roxie|1469
|player|p2|JukeDuke|shadowtriad|1404
|teamsize|p1|6
|teamsize|p2|6
|gen|5
|tier|[Gen 5] OU
|rated|
|rule|Species Clause: Limit one of each Pokémon
|rule|OHKO Clause: OHKO moves are banned
|rule|Moody Clause: Moody is banned
|rule|Evasion Items Clause: Evasion items are banned
|rule|Evasion Moves Clause: Evasion moves are banned
|rule|Endless Battle Clause: Forcing endless battles is banned
|rule|HP Percentage Mod: HP is shown in percentages
|rule|Evasion Abilities Clause: Evasion abilities are banned
|rule|Sleep Moves Clause: Sleep-inducing moves are banned
|rule|Swagger Clause: Swagger is banned
|rule|Baton Pass Stat Clause: No Baton Passer may have a way to boost its stats
|clearpoke
|poke|p1|Tyranitar, F|item
|poke|p1|Alakazam, F|item
|poke|p1|Latios, M|item
|poke|p1|Ferrothorn, F|item
|poke|p1|Keldeo|item
|poke|p1|Landorus-Therian, M|item
|poke|p2|Garchomp, M|item
|poke|p2|Magnezone|item
|poke|p2|Scizor, M|item
|poke|p2|Mamoswine, M|item
|poke|p2|Latios, M|item
|poke|p2|Haxorus, M|item
|teampreview
|inactive|Battle timer is ON: inactive players will automatically lose when time's up. (requested by JukeDuke)
|
|t:|1715053369
|start
|switch|p1a: Ferrothorn|Ferrothorn, F|100/100
|switch|p2a: Mamoswine|Mamoswine, M|100/100
|turn|1
|
|t:|1715053373
|switch|p2a: Magnezone|Magnezone|100/100
|move|p1a: Ferrothorn|Spikes|p2a: Magnezone
|-sidestart|p2: JukeDuke|Spikes
|
|upkeep
|turn|2
|
|t:|1715053376
|move|p2a: Magnezone|Substitute|p2a: Magnezone
|-start|p2a: Magnezone|Substitute
|-damage|p2a: Magnezone|76/100
|move|p1a: Ferrothorn|Knock Off|p2a: Magnezone
|-resisted|p2a: Magnezone
|-activate|p2a: Magnezone|Substitute|[damage]
|
|-heal|p2a: Magnezone|82/100|[from] item: Leftovers
|upkeep
|turn|3
|
|t:|1715053380
|move|p2a: Magnezone|Charge Beam|p1a: Ferrothorn
|-resisted|p1a: Ferrothorn
|-damage|p1a: Ferrothorn|90/100
|move|p1a: Ferrothorn|Gyro Ball|p2a: Magnezone
|-resisted|p2a: Magnezone
|-activate|p2a: Magnezone|Substitute|[damage]
|
|-heal|p2a: Magnezone|88/100|[from] item: Leftovers
|upkeep
|turn|4
|
|t:|1715053383
|move|p2a: Magnezone|Charge Beam|p1a: Ferrothorn
|-resisted|p1a: Ferrothorn
|-damage|p1a: Ferrothorn|81/100
|-boost|p2a: Magnezone|spa|1
|move|p1a: Ferrothorn|Gyro Ball|p2a: Magnezone
|-resisted|p2a: Magnezone
|-crit|p2a: Magnezone
|-activate|p2a: Magnezone|Substitute|[damage]
|
|-heal|p2a: Magnezone|94/100|[from] item: Leftovers
|upkeep
|turn|5
|
|t:|1715053385
|move|p2a: Magnezone|Charge Beam|p1a: Ferrothorn
|-resisted|p1a: Ferrothorn
|-crit|p1a: Ferrothorn
|-damage|p1a: Ferrothorn|49/100
|-boost|p2a: Magnezone|spa|1
|move|p1a: Ferrothorn|Gyro Ball|p2a: Magnezone
|-resisted|p2a: Magnezone
|-end|p2a: Magnezone|Substitute
|
|-heal|p2a: Magnezone|99/100|[from] item: Leftovers
|upkeep
|turn|6
|
|t:|1715053397
|move|p2a: Magnezone|Substitute|p2a: Magnezone
|-start|p2a: Magnezone|Substitute
|-damage|p2a: Magnezone|75/100
|move|p1a: Ferrothorn|Gyro Ball|p2a: Magnezone
|-resisted|p2a: Magnezone
|-activate|p2a: Magnezone|Substitute|[damage]
|
|-heal|p2a: Magnezone|81/100|[from] item: Leftovers
|upkeep
|turn|7
|
|t:|1715053403
|move|p2a: Magnezone|Light Screen|p2a: Magnezone
|-sidestart|p2: JukeDuke|move: Light Screen
|move|p1a: Ferrothorn|Gyro Ball|p2a: Magnezone
|-resisted|p2a: Magnezone
|-crit|p2a: Magnezone
|-activate|p2a: Magnezone|Substitute|[damage]
|
|-heal|p2a: Magnezone|87/100|[from] item: Leftovers
|upkeep
|turn|8
|
|t:|1715053407
|move|p2a: Magnezone|Charge Beam|p1a: Ferrothorn
|-resisted|p1a: Ferrothorn
|-damage|p1a: Ferrothorn|30/100
|-boost|p2a: Magnezone|spa|1
|move|p1a: Ferrothorn|Gyro Ball|p2a: Magnezone
|-resisted|p2a: Magnezone
|-end|p2a: Magnezone|Substitute
|
|-heal|p2a: Magnezone|93/100|[from] item: Leftovers
|upkeep
|turn|9
|
|t:|1715053413
|move|p2a: Magnezone|Substitute|p2a: Magnezone
|-start|p2a: Magnezone|Substitute
|-damage|p2a: Magnezone|68/100
|move|p1a: Ferrothorn|Gyro Ball|p2a: Magnezone
|-resisted|p2a: Magnezone
|-activate|p2a: Magnezone|Substitute|[damage]
|
|-heal|p2a: Magnezone|74/100|[from] item: Leftovers
|upkeep
|turn|10
|
|t:|1715053418
|move|p2a: Magnezone|Charge Beam|p1a: Ferrothorn
|-resisted|p1a: Ferrothorn
|-damage|p1a: Ferrothorn|5/100
|move|p1a: Ferrothorn|Spikes|p2a: Magnezone
|-sidestart|p2: JukeDuke|Spikes
|
|-heal|p2a: Magnezone|80/100|[from] item: Leftovers
|upkeep
|turn|11
|
|t:|1715053423
|move|p2a: Magnezone|Charge Beam|p1a: Ferrothorn
|-resisted|p1a: Ferrothorn
|-damage|p1a: Ferrothorn|0 fnt
|-boost|p2a: Magnezone|spa|1
|faint|p1a: Ferrothorn
|
|-heal|p2a: Magnezone|86/100|[from] item: Leftovers
|-sideend|p2: JukeDuke|move: Light Screen
|upkeep
|inactive|Blossummm has 120 seconds left.
|
|t:|1715053456
|switch|p1a: Landorus|Landorus-Therian, M|100/100
|-ability|p1a: Landorus|Intimidate|boost
|-immune|p2a: Magnezone
|turn|12
|
|t:|1715053460
|move|p1a: Landorus|Earthquake|p2a: Magnezone
|-supereffective|p2a: Magnezone
|-end|p2a: Magnezone|Substitute
|move|p2a: Magnezone|Hidden Power|p1a: Landorus
|-supereffective|p1a: Landorus
|-damage|p1a: Landorus|0 fnt
|faint|p1a: Landorus
|
|-heal|p2a: Magnezone|92/100|[from] item: Leftovers
|upkeep
|
|t:|1715053468
|switch|p1a: Keldeo|Keldeo|100/100
|turn|13
|
|t:|1715053471
|move|p1a: Keldeo|Secret Sword|p2a: Magnezone
|-supereffective|p2a: Magnezone
|-damage|p2a: Magnezone|9/100
|move|p2a: Magnezone|Charge Beam|p1a: Keldeo
|-supereffective|p1a: Keldeo
|-damage|p1a: Keldeo|0 fnt
|-boost|p2a: Magnezone|spa|1
|faint|p1a: Keldeo
|
|-heal|p2a: Magnezone|15/100|[from] item: Leftovers
|upkeep
|
|t:|1715053480
|switch|p1a: Alakazam|Alakazam, F|100/100
|turn|14
|
|t:|1715053490
|move|p1a: Alakazam|Psychic|p2a: Magnezone
|-resisted|p2a: Magnezone
|-crit|p2a: Magnezone
|-damage|p2a: Magnezone|0 fnt
|faint|p2a: Magnezone
|
|upkeep
|
|t:|1715053493
|switch|p2a: Garchomp|Garchomp, M|100/100
|-damage|p2a: Garchomp|84/100|[from] Spikes
|turn|15
|
|t:|1715053514
|move|p2a: Garchomp|Dual Chop|p1a: Alakazam
|-damage|p1a: Alakazam|57/100
|-damage|p1a: Alakazam|12/100
|-hitcount|p1a: Alakazam|2
|move|p1a: Alakazam|Psychic|p2a: Garchomp
|-damage|p2a: Garchomp|18/100
|
|upkeep
|turn|16
|
|t:|1715053521
|switch|p1a: Tyranitar|Tyranitar, F, shiny|100/100
|-weather|Sandstorm|[from] ability: Sand Stream|[of] p1a: Tyranitar
|move|p2a: Garchomp|Dual Chop|p1a: Tyranitar
|-damage|p1a: Tyranitar|85/100
|-damage|p1a: Tyranitar|68/100
|-hitcount|p1a: Tyranitar|2
|
|-weather|Sandstorm|[upkeep]
|upkeep
|turn|17
|
|t:|1715053532
|move|p2a: Garchomp|Dual Chop|p1a: Tyranitar
|-damage|p1a: Tyranitar|51/100
|-damage|p1a: Tyranitar|35/100
|-hitcount|p1a: Tyranitar|2
|move|p1a: Tyranitar|Fire Blast|p2a: Garchomp
|-resisted|p2a: Garchomp
|-damage|p2a: Garchomp|4/100
|
|-weather|Sandstorm|[upkeep]
|upkeep
|turn|18
|
|t:|1715053539
|move|p2a: Garchomp|Dual Chop|p1a: Tyranitar
|-damage|p1a: Tyranitar|19/100
|-damage|p1a: Tyranitar|1/100
|-hitcount|p1a: Tyranitar|2
|move|p1a: Tyranitar|Crunch|p2a: Garchomp
|-damage|p2a: Garchomp|0 fnt
|-damage|p1a: Tyranitar|0 fnt|[from] ability: Rough Skin|[of] p2a: Garchomp
|faint|p1a: Tyranitar
|faint|p2a: Garchomp
|
|-weather|Sandstorm|[upkeep]
|upkeep
|
|t:|1715053549
|switch|p2a: Latios|Latios, M|100/100
|switch|p1a: Latios|Latios, M|100/100
|turn|19
|
|t:|1715053554
|move|p2a: Latios|Dragon Pulse|p1a: Latios
|-supereffective|p1a: Latios
|-damage|p1a: Latios|0 fnt
|faint|p1a: Latios
|
|-weather|Sandstorm|[upkeep]
|-damage|p2a: Latios|95/100|[from] Sandstorm
|upkeep
|
|t:|1715053556
|switch|p1a: Alakazam|Alakazam, F|12/100
|turn|20
|
|t:|1715053559
|move|p2a: Latios|Dragon Pulse|p1a: Alakazam
|-damage|p1a: Alakazam|0 fnt
|faint|p1a: Alakazam
|
|win|JukeDuke
|raw|Blossummm's rating: 1469 &rarr; <strong>1445</strong><br />(-24 for losing)
|raw|JukeDuke's rating: 1404 &rarr; <strong>1428</strong><br />(+24 for winning)
