|j|☆Lucy_D
|j|☆helloworld29388
|t:|1705902749
|gametype|singles
|player|p1|Lucy_D|cynthia-gen4|1362
|player|p2|helloworld29388|102|1401
|teamsize|p1|6
|teamsize|p2|6
|gen|5
|tier|[Gen 5] OU
|rated|
|rule|Species Clause: Limit one of each Pokémon
|rule|OHKO Clause: OHKO moves are banned
|rule|Moody Clause: Moody is banned
|rule|Evasion Items Clause: Evasion items are banned
|rule|Evasion Moves Clause: Evasion moves are banned
|rule|Endless Battle Clause: Forcing endless battles is banned
|rule|HP Percentage Mod: HP is shown in percentages
|rule|Evasion Abilities Clause: Evasion abilities are banned
|rule|Sleep Moves Clause: Sleep-inducing moves are banned
|rule|Swagger Clause: Swagger is banned
|rule|Baton Pass Stat Clause: No Baton Passer may have a way to boost its stats
|clearpoke
|poke|p1|Infernape, M|item
|poke|p1|Rotom-Wash|item
|poke|p1|Chansey, F|item
|poke|p1|Gliscor, M|item
|poke|p1|Conkeldurr, M|item
|poke|p1|Dragonite, M|item
|poke|p2|Garchomp, F|item
|poke|p2|Dragonite, M|item
|poke|p2|Scizor, M|item
|poke|p2|Lucario, M|item
|poke|p2|Breloom, F|item
|poke|p2|Starmie|item
|teampreview
|
|t:|1705902771
|start
|switch|p1a: Rotom|Rotom-Wash, shiny|100/100
|switch|p2a: Garchomp|Garchomp, F, shiny|100/100
|turn|1
|
|t:|1705902789
|move|p2a: Garchomp|Stealth Rock|p1a: Rotom
|-sidestart|p1: Lucy_D|move: Stealth Rock
|move|p1a: Rotom|Trick|p2a: Garchomp
|-activate|p1a: Rotom|move: Trick|[of] p2a: Garchomp
|-item|p2a: Garchomp|Choice Specs|[from] move: Trick
|-item|p1a: Rotom|Focus Sash|[from] move: Trick
|
|upkeep
|turn|2
|j| sdsdsdaquajet
|c| sdsdsdaquajet|wow people still play this gen?
|c|☆helloworld29388|yea
|
|t:|1705902862
|move|p2a: Garchomp|Outrage|p1a: Rotom
|-damage|p1a: Rotom|15/100
|move|p1a: Rotom|Hydro Pump|p2a: Garchomp
|-damage|p2a: Garchomp|45/100
|
|upkeep
|turn|3
|
|t:|1705902869
|switch|p1a: Gliscor|Gliscor, M, shiny|100/100
|-damage|p1a: Gliscor|88/100|[from] Stealth Rock
|move|p2a: Garchomp|Outrage|p1a: Gliscor|[from]lockedmove
|-damage|p1a: Gliscor|50/100
|
|-status|p1a: Gliscor|tox|[from] item: Toxic Orb
|upkeep
|turn|4
|
|t:|1705902890
|move|p1a: Gliscor|Protect|p1a: Gliscor
|-singleturn|p1a: Gliscor|Protect
|move|p2a: Garchomp|Outrage|p1a: Gliscor|[from]lockedmove
|-activate|p1a: Gliscor|move: Protect
|-start|p2a: Garchomp|confusion|[fatigue]
|
|-heal|p1a: Gliscor|62/100 tox|[from] ability: Poison Heal
|upkeep
|turn|5
|
|t:|1705902900
|switch|p2a: Starmie|Starmie, shiny|100/100
|-item|p2a: Starmie|Air Balloon
|move|p1a: Gliscor|Substitute|p1a: Gliscor
|-start|p1a: Gliscor|Substitute
|-damage|p1a: Gliscor|38/100 tox
|
|-heal|p1a: Gliscor|50/100 tox|[from] ability: Poison Heal
|upkeep
|turn|6
|
|t:|1705902926
|move|p1a: Gliscor|Protect|p1a: Gliscor
|-singleturn|p1a: Gliscor|Protect
|move|p2a: Starmie|Ice Beam|p1a: Gliscor
|-activate|p1a: Gliscor|move: Protect
|
|-heal|p1a: Gliscor|62/100 tox|[from] ability: Poison Heal
|upkeep
|turn|7
|
|t:|1705902940
|move|p2a: Starmie|Ice Beam|p1a: Gliscor
|-supereffective|p1a: Gliscor
|-end|p1a: Gliscor|Substitute
|move|p1a: Gliscor|Toxic|p2a: Starmie
|-status|p2a: Starmie|tox
|
|-damage|p2a: Starmie|94/100 tox|[from] psn
|-heal|p1a: Gliscor|75/100 tox|[from] ability: Poison Heal
|upkeep
|turn|8
|
|t:|1705902951
|move|p1a: Gliscor|Protect|p1a: Gliscor
|-singleturn|p1a: Gliscor|Protect
|move|p2a: Starmie|Ice Beam|p1a: Gliscor
|-activate|p1a: Gliscor|move: Protect
|
|-damage|p2a: Starmie|82/100 tox|[from] psn
|-heal|p1a: Gliscor|87/100 tox|[from] ability: Poison Heal
|upkeep
|turn|9
|
|t:|1705902971
|switch|p1a: Chansey|Chansey, F, shiny|100/100
|-damage|p1a: Chansey|88/100|[from] Stealth Rock
|move|p2a: Starmie|Surf|p1a: Chansey
|-damage|p1a: Chansey|72/100
|
|-damage|p2a: Starmie|64/100 tox|[from] psn
|upkeep
|turn|10
|
|t:|1705902982
|switch|p2a: Garchomp|Garchomp, F, shiny|45/100
|move|p1a: Chansey|Seismic Toss|p2a: Garchomp
|-damage|p2a: Garchomp|17/100
|-damage|p1a: Chansey|60/100|[from] ability: Rough Skin|[of] p2a: Garchomp
|
|upkeep
|turn|11
|
|t:|1705902990
|move|p2a: Garchomp|Outrage|p1a: Chansey
|-damage|p1a: Chansey|17/100
|move|p1a: Chansey|Soft-Boiled|p1a: Chansey
|-heal|p1a: Chansey|67/100
|
|upkeep
|turn|12
|
|t:|1705902997
|move|p2a: Garchomp|Outrage|p1a: Chansey|[from]lockedmove
|-damage|p1a: Chansey|24/100
|move|p1a: Chansey|Soft-Boiled|p1a: Chansey
|-heal|p1a: Chansey|74/100
|
|upkeep
|turn|13
|
|t:|1705903010
|move|p2a: Garchomp|Outrage|p1a: Chansey|[from]lockedmove
|-damage|p1a: Chansey|34/100
|-start|p2a: Garchomp|confusion|[fatigue]
|move|p1a: Chansey|Stealth Rock|p2a: Garchomp
|-sidestart|p2: helloworld29388|move: Stealth Rock
|
|upkeep
|turn|14
|
|t:|1705903017
|switch|p2a: Starmie|Starmie, shiny|64/100 tox
|-damage|p2a: Starmie|51/100 tox|[from] Stealth Rock
|-item|p2a: Starmie|Air Balloon
|move|p1a: Chansey|Soft-Boiled|p1a: Chansey
|-heal|p1a: Chansey|84/100
|
|-damage|p2a: Starmie|45/100 tox|[from] psn
|upkeep
|turn|15
|
|t:|1705903038
|move|p2a: Starmie|Rapid Spin|p1a: Chansey
|-damage|p1a: Chansey|82/100
|-sideend|p2: helloworld29388|Stealth Rock|[from] move: Rapid Spin|[of] p2a: Starmie
|move|p1a: Chansey|Seismic Toss|p2a: Starmie
|-damage|p2a: Starmie|7/100 tox
|-enditem|p2a: Starmie|Air Balloon
|
|-damage|p2a: Starmie|0 fnt|[from] psn
|faint|p2a: Starmie
|upkeep
|
|t:|1705903040
|switch|p2a: Breloom|Breloom, F, shiny|100/100
|turn|16
|
|t:|1705903054
|move|p2a: Breloom|Swords Dance|p2a: Breloom
|-boost|p2a: Breloom|atk|2
|move|p1a: Chansey|Stealth Rock|p2a: Breloom
|-sidestart|p2: helloworld29388|move: Stealth Rock
|
|upkeep
|turn|17
|
|t:|1705903060
|move|p2a: Breloom|Low Sweep|p1a: Chansey
|-supereffective|p1a: Chansey
|-damage|p1a: Chansey|0 fnt
|faint|p1a: Chansey
|
|upkeep
|
|t:|1705903078
|switch|p1a: Dragonite|Dragonite, M, shiny|100/100
|-damage|p1a: Dragonite|76/100|[from] Stealth Rock
|turn|18
|
|t:|1705903090
|switch|p2a: Garchomp|Garchomp, F, shiny|17/100
|-damage|p2a: Garchomp|11/100|[from] Stealth Rock
|move|p1a: Dragonite|Dragon Dance|p1a: Dragonite
|-boost|p1a: Dragonite|atk|1
|-boost|p1a: Dragonite|spe|1
|
|-heal|p1a: Dragonite|82/100|[from] item: Leftovers
|upkeep
|turn|19
|
|t:|1705903105
|move|p2a: Garchomp|Outrage|p1a: Dragonite
|-supereffective|p1a: Dragonite
|-damage|p1a: Dragonite|0 fnt
|faint|p1a: Dragonite
|
|upkeep
|
|t:|1705903111
|switch|p1a: Gliscor|Gliscor, M, shiny|87/100 tox
|-damage|p1a: Gliscor|75/100 tox|[from] Stealth Rock
|turn|20
|j| kingdra stan
|
|t:|1705903120
|move|p1a: Gliscor|Protect|p1a: Gliscor
|-singleturn|p1a: Gliscor|Protect
|move|p2a: Garchomp|Outrage|p1a: Gliscor|[from]lockedmove
|-activate|p1a: Gliscor|move: Protect
|-start|p2a: Garchomp|confusion|[fatigue]
|
|-heal|p1a: Gliscor|87/100 tox|[from] ability: Poison Heal
|upkeep
|turn|21
|
|t:|1705903130
|-activate|p2a: Garchomp|confusion
|-damage|p2a: Garchomp|0 fnt|[from] confusion
|faint|p2a: Garchomp
|move|p1a: Gliscor|Substitute|p1a: Gliscor
|-start|p1a: Gliscor|Substitute
|-damage|p1a: Gliscor|62/100 tox
|
|-heal|p1a: Gliscor|75/100 tox|[from] ability: Poison Heal
|upkeep
|
|t:|1705903132
|switch|p2a: Breloom|Breloom, F, shiny|100/100
|-damage|p2a: Breloom|94/100|[from] Stealth Rock
|turn|22
|
|t:|1705903142
|move|p2a: Breloom|Swords Dance|p2a: Breloom
|-boost|p2a: Breloom|atk|2
|move|p1a: Gliscor|Toxic|p2a: Breloom
|-status|p2a: Breloom|tox
|-enditem|p2a: Breloom|Lum Berry|[eat]
|-curestatus|p2a: Breloom|tox|[msg]
|
|-heal|p1a: Gliscor|87/100 tox|[from] ability: Poison Heal
|upkeep
|turn|23
|
|t:|1705903152
|move|p1a: Gliscor|Protect|p1a: Gliscor
|-singleturn|p1a: Gliscor|Protect
|move|p2a: Breloom|Bullet Seed|p1a: Gliscor
|-activate|p1a: Gliscor|move: Protect
|
|-heal|p1a: Gliscor|99/100 tox|[from] ability: Poison Heal
|upkeep
|turn|24
|l| kingdra stan
|
|t:|1705903164
|move|p2a: Breloom|Bullet Seed|p1a: Gliscor
|-crit|p1a: Gliscor
|-end|p1a: Gliscor|Substitute
|-damage|p1a: Gliscor|76/100 tox
|-hitcount|p1a: Gliscor|2
|move|p1a: Gliscor|Toxic|p2a: Breloom
|-status|p2a: Breloom|tox
|
|-damage|p2a: Breloom|88/100 tox|[from] psn
|-heal|p1a: Gliscor|88/100 tox|[from] ability: Poison Heal
|upkeep
|turn|25
|
|t:|1705903175
|move|p2a: Breloom|Bullet Seed|p1a: Gliscor
|-damage|p1a: Gliscor|62/100 tox
|-damage|p1a: Gliscor|39/100 tox
|-damage|p1a: Gliscor|13/100 tox
|-damage|p1a: Gliscor|0 fnt
|faint|p1a: Gliscor
|-hitcount|p1: Gliscor|4
|
|-damage|p2a: Breloom|76/100 tox|[from] psn
|upkeep
|c|☆helloworld29388|lmfao
|
|t:|1705903193
|switch|p1a: Goukazaru|Infernape, M, shiny|100/100
|-damage|p1a: Goukazaru|88/100|[from] Stealth Rock
|turn|26
|
|t:|1705903203
|move|p2a: Breloom|Mach Punch|p1a: Goukazaru
|-damage|p1a: Goukazaru|0 fnt
|faint|p1a: Goukazaru
|
|-damage|p2a: Breloom|58/100 tox|[from] psn
|upkeep
|-message|Lucy_D forfeited.
|
|win|helloworld29388
|raw|Lucy_D's rating: 1362 &rarr; <strong>1344</strong><br />(-18 for losing)
|raw|helloworld29388's rating: 1401 &rarr; <strong>1419</strong><br />(+18 for winning)
|l|☆Lucy_D
|player|p1|
|c|☆helloworld29388|bro running subtect scor in 2024
