|j|☆cdrgcde
|j|☆clownedtocrowned
|t:|1744618747
|gametype|singles
|player|p1|cdrgcde|hilbert|1392
|player|p2|clownedtocrowned|grimsley-gen7|1386
|teamsize|p1|6
|teamsize|p2|6
|gen|5
|tier|[Gen 5] OU
|rated|
|rule|Species Clause: Limit one of each Pokémon
|rule|OHKO Clause: OHKO moves are banned
|rule|Moody Clause: Moody is banned
|rule|Evasion Items Clause: Evasion items are banned
|rule|Evasion Moves Clause: Evasion moves are banned
|rule|Endless Battle Clause: Forcing endless battles is banned
|rule|HP Percentage Mod: HP is shown in percentages
|rule|Evasion Abilities Clause: Evasion abilities are banned
|rule|Sleep Moves Clause: Sleep-inducing moves are banned
|rule|Swagger Clause: Swagger is banned
|rule|Baton Pass Stat Clause: No Baton Passer may have a way to boost its stats
|clearpoke
|poke|p1|Politoed, F|item
|poke|p1|Keldeo-Resolute|item
|poke|p1|Jirachi|item
|poke|p1|Tentacruel, F|item
|poke|p1|Ferrothorn, M|item
|poke|p1|Thundurus-Therian, M|item
|poke|p2|Abomasnow, F|item
|poke|p2|Landorus-Therian, M|item
|poke|p2|Starmie|item
|poke|p2|Volcarona, M|item
|poke|p2|Dragonite, M|item
|poke|p2|Jirachi|item
|teampreview
|inactive|Battle timer is ON: inactive players will automatically lose when time's up. (requested by cdrgcde)
|
|t:|1744618755
|start
|switch|p1a: Jirachi|Jirachi|100/100
|switch|p2a: Landorus|Landorus-Therian, M|100/100
|-ability|p2a: Landorus|Intimidate|boost
|-unboost|p1a: Jirachi|atk|1
|turn|1
|
|t:|1744618762
|move|p1a: Jirachi|Ice Punch|p2a: Landorus
|-supereffective|p2a: Landorus
|-damage|p2a: Landorus|30/100
|-status|p2a: Landorus|frz
|cant|p2a: Landorus|frz
|
|upkeep
|turn|2
|
|t:|1744618767
|switch|p1a: Politoed|Politoed, F|100/100
|-weather|RainDance|[from] ability: Drizzle|[of] p1a: Politoed
|-curestatus|p2a: Landorus|frz|[msg]
|move|p2a: Landorus|Earthquake|p1a: Politoed
|-damage|p1a: Politoed|56/100
|
|-weather|RainDance|[upkeep]
|-heal|p1a: Politoed|63/100|[from] item: Leftovers
|upkeep
|turn|3
|
|t:|1744618774
|move|p1a: Politoed|Protect|p1a: Politoed
|-singleturn|p1a: Politoed|Protect
|move|p2a: Landorus|Explosion|p1a: Politoed
|-activate|p1a: Politoed|move: Protect
|faint|p2a: Landorus
|
|-weather|RainDance|[upkeep]
|-heal|p1a: Politoed|69/100|[from] item: Leftovers
|upkeep
|
|t:|1744618781
|switch|p2a: Abomasnow|Abomasnow, F, shiny|100/100
|-weather|Hail|[from] ability: Snow Warning|[of] p2a: Abomasnow
|turn|4
|
|t:|1744618783
|switch|p1a: Jirachi|Jirachi|100/100
|move|p2a: Abomasnow|Hidden Power|p1a: Jirachi
|-supereffective|p1a: Jirachi
|-crit|p1a: Jirachi
|-damage|p1a: Jirachi|21/100
|
|-weather|Hail|[upkeep]
|-damage|p1a: Jirachi|15/100|[from] Hail
|upkeep
|turn|5
|
|t:|1744618789
|switch|p2a: Jirachi|Jirachi|100/100
|move|p1a: Jirachi|U-turn|p2a: Jirachi
|-damage|p2a: Jirachi|79/100
|
|t:|1744618802
|switch|p1a: Ferrothorn|Ferrothorn, M|100/100|[from] U-turn
|
|-weather|Hail|[upkeep]
|-damage|p2a: Jirachi|73/100|[from] Hail
|-damage|p1a: Ferrothorn|94/100|[from] Hail
|upkeep
|turn|6
|
|t:|1744618814
|switch|p2a: Volcarona|Volcarona, M|100/100
|move|p1a: Ferrothorn|Stealth Rock|p2a: Volcarona
|-sidestart|p2: clownedtocrowned|move: Stealth Rock
|
|-weather|Hail|[upkeep]
|-damage|p2a: Volcarona|94/100|[from] Hail
|-damage|p1a: Ferrothorn|88/100|[from] Hail
|upkeep
|turn|7
|
|t:|1744618821
|move|p2a: Volcarona|Quiver Dance|p2a: Volcarona
|-boost|p2a: Volcarona|spa|1
|-boost|p2a: Volcarona|spd|1
|-boost|p2a: Volcarona|spe|1
|move|p1a: Ferrothorn|Explosion|p2a: Volcarona
|-damage|p2a: Volcarona|0 fnt
|faint|p1a: Ferrothorn
|faint|p2a: Volcarona
|
|-weather|Hail|[upkeep]
|upkeep
|
|t:|1744618828
|switch|p2a: Starmie|Starmie|100/100
|switch|p1a: Thundurus|Thundurus-Therian, M|100/100
|-damage|p2a: Starmie|88/100|[from] Stealth Rock
|-item|p2a: Starmie|Air Balloon
|turn|8
|
|t:|1744618833
|move|p2a: Starmie|Rapid Spin|p1a: Thundurus
|-damage|p1a: Thundurus|95/100
|-sideend|p2: clownedtocrowned|Stealth Rock|[from] move: Rapid Spin|[of] p2a: Starmie
|move|p1a: Thundurus|Thunder|p2a: Starmie
|-supereffective|p2a: Starmie
|-damage|p2a: Starmie|0 fnt
|-enditem|p2a: Starmie|Air Balloon
|faint|p2a: Starmie
|
|-weather|Hail|[upkeep]
|-damage|p1a: Thundurus|89/100|[from] Hail
|-heal|p1a: Thundurus|95/100|[from] item: Leftovers
|upkeep
|
|t:|1744618837
|switch|p2a: Abomasnow|Abomasnow, F, shiny|100/100
|turn|9
|
|t:|1744618844
|move|p1a: Thundurus|Focus Blast|p2a: Abomasnow
|-supereffective|p2a: Abomasnow
|-enditem|p2a: Abomasnow|Focus Sash
|-damage|p2a: Abomasnow|1/100
|move|p2a: Abomasnow|Earthquake|p1a: Thundurus
|-immune|p1a: Thundurus
|
|-weather|Hail|[upkeep]
|-damage|p1a: Thundurus|89/100|[from] Hail
|-heal|p1a: Thundurus|95/100|[from] item: Leftovers
|upkeep
|turn|10
|
|t:|1744618851
|move|p1a: Thundurus|Hidden Power|p2a: Abomasnow
|-damage|p2a: Abomasnow|0 fnt
|faint|p2a: Abomasnow
|
|-weather|Hail|[upkeep]
|-damage|p1a: Thundurus|89/100|[from] Hail
|-heal|p1a: Thundurus|95/100|[from] item: Leftovers
|upkeep
|
|t:|1744618867
|switch|p2a: Jirachi|Jirachi|73/100
|turn|11
|
|t:|1744618878
|switch|p1a: Politoed|Politoed, F|69/100
|-weather|RainDance|[from] ability: Drizzle|[of] p1a: Politoed
|move|p2a: Jirachi|Iron Head|p1a: Politoed
|-resisted|p1a: Politoed
|-damage|p1a: Politoed|56/100
|
|-weather|RainDance|[upkeep]
|-heal|p1a: Politoed|62/100|[from] item: Leftovers
|upkeep
|turn|12
|
|t:|1744618882
|move|p2a: Jirachi|Iron Head|p1a: Politoed
|-resisted|p1a: Politoed
|-damage|p1a: Politoed|50/100
|cant|p1a: Politoed|flinch
|
|-weather|RainDance|[upkeep]
|-heal|p1a: Politoed|56/100|[from] item: Leftovers
|upkeep
|turn|13
|
|t:|1744618885
|move|p1a: Politoed|Protect|p1a: Politoed
|-singleturn|p1a: Politoed|Protect
|move|p2a: Jirachi|Iron Head|p1a: Politoed
|-activate|p1a: Politoed|move: Protect
|
|-weather|RainDance|[upkeep]
|-heal|p1a: Politoed|62/100|[from] item: Leftovers
|upkeep
|turn|14
|
|t:|1744618887
|move|p2a: Jirachi|Iron Head|p1a: Politoed
|-resisted|p1a: Politoed
|-damage|p1a: Politoed|49/100
|move|p1a: Politoed|Scald|p2a: Jirachi
|-damage|p2a: Jirachi|35/100
|-status|p2a: Jirachi|brn
|
|-weather|RainDance|[upkeep]
|-heal|p1a: Politoed|55/100|[from] item: Leftovers
|-damage|p2a: Jirachi|23/100 brn|[from] brn
|upkeep
|turn|15
|
|t:|1744618891
|switch|p2a: Dragonite|Dragonite, M|100/100
|move|p1a: Politoed|Protect||[still]
|-fail|p1a: Politoed
|
|-weather|RainDance|[upkeep]
|-heal|p1a: Politoed|61/100|[from] item: Leftovers
|upkeep
|turn|16
|
|t:|1744618894
|move|p2a: Dragonite|Dragon Dance|p2a: Dragonite
|-boost|p2a: Dragonite|atk|1
|-boost|p2a: Dragonite|spe|1
|move|p1a: Politoed|Ice Beam|p2a: Dragonite
|-supereffective|p2a: Dragonite
|-damage|p2a: Dragonite|57/100
|
|-weather|RainDance|[upkeep]
|-heal|p2a: Dragonite|63/100|[from] item: Leftovers
|-heal|p1a: Politoed|68/100|[from] item: Leftovers
|upkeep
|turn|17
|
|t:|1744618902
|move|p2a: Dragonite|Outrage|p1a: Politoed
|-damage|p1a: Politoed|0 fnt
|faint|p1a: Politoed
|
|-weather|RainDance|[upkeep]
|-heal|p2a: Dragonite|69/100|[from] item: Leftovers
|upkeep
|
|t:|1744618908
|switch|p1a: Jirachi|Jirachi|15/100
|turn|18
|
|t:|1744618910
|move|p1a: Jirachi|Ice Punch|p2a: Dragonite
|-supereffective|p2a: Dragonite
|-damage|p2a: Dragonite|0 fnt
|faint|p2a: Dragonite
|
|-weather|RainDance|[upkeep]
|upkeep
|-message|clownedtocrowned forfeited.
|
|win|cdrgcde
|raw|cdrgcde's rating: 1392 &rarr; <strong>1412</strong><br />(+20 for winning)
|raw|clownedtocrowned's rating: 1386 &rarr; <strong>1366</strong><br />(-20 for losing)
|l|☆clownedtocrowned
|player|p2|
