|j|☆Florenn
|j|☆minutemaid13
|t:|1706937569
|gametype|singles
|player|p1|Florenn|steven|1357
|player|p2|minutemaid13|169|1348
|teamsize|p1|6
|teamsize|p2|6
|gen|5
|tier|[Gen 5] OU
|rated|
|rule|Species Clause: Limit one of each Pokémon
|rule|OHKO Clause: OHKO moves are banned
|rule|Moody Clause: Moody is banned
|rule|Evasion Items Clause: Evasion items are banned
|rule|Evasion Moves Clause: Evasion moves are banned
|rule|Endless Battle Clause: Forcing endless battles is banned
|rule|HP Percentage Mod: HP is shown in percentages
|rule|Evasion Abilities Clause: Evasion abilities are banned
|rule|Sleep Moves Clause: Sleep-inducing moves are banned
|rule|Swagger Clause: Swagger is banned
|rule|Baton Pass Stat Clause: No Baton Passer may have a way to boost its stats
|clearpoke
|poke|p1|Skarmory, M|item
|poke|p1|Infernape, M|item
|poke|p1|Tyranitar, M|item
|poke|p1|Jellicent, M|item
|poke|p1|Thundurus-Therian, M|item
|poke|p1|Lucario, M|item
|poke|p2|Excadrill, F|item
|poke|p2|Scizor, M|item
|poke|p2|Heatran, F|item
|poke|p2|Keldeo|item
|poke|p2|Kyurem-Black|item
|poke|p2|Heracross, F|item
|teampreview
|
|t:|1706937577
|start
|switch|p1a: Infernape|Infernape, M, shiny|100/100
|switch|p2a: Heracross|Heracross, F|100/100
|turn|1
|
|t:|1706937586
|switch|p1a: Skarmory|Skarmory, M, shiny|100/100
|switch|p2a: Keldeo|Keldeo|100/100
|
|upkeep
|turn|2
|
|t:|1706937592
|move|p2a: Keldeo|Hydro Pump|p1a: Skarmory
|-damage|p1a: Skarmory|18/100
|move|p1a: Skarmory|Stealth Rock|p2a: Keldeo
|-sidestart|p2: minutemaid13|move: Stealth Rock
|
|upkeep
|turn|3
|
|t:|1706937599
|switch|p1a: Jellicent|Jellicent, M, shiny|100/100
|move|p2a: Keldeo|Secret Sword|p1a: Jellicent
|-immune|p1a: Jellicent
|
|upkeep
|turn|4
|
|t:|1706937605
|move|p2a: Keldeo|Hidden Power|p1a: Jellicent
|-supereffective|p1a: Jellicent
|-damage|p1a: Jellicent|61/100
|move|p1a: Jellicent|Will-O-Wisp|p2a: Keldeo|[miss]
|-miss|p1a: Jellicent|p2a: Keldeo
|
|-heal|p1a: Jellicent|68/100|[from] item: Leftovers
|upkeep
|turn|5
|
|t:|1706937612
|move|p2a: Keldeo|Hidden Power|p1a: Jellicent
|-supereffective|p1a: Jellicent
|-crit|p1a: Jellicent
|-damage|p1a: Jellicent|0 fnt
|faint|p1a: Jellicent
|
|upkeep
|
|t:|1706937617
|switch|p1a: Thundurus|Thundurus-Therian, M, shiny|100/100
|turn|6
|
|t:|1706937623
|move|p1a: Thundurus|Psychic|p2a: Keldeo
|-supereffective|p2a: Keldeo
|-damage|p2a: Keldeo|13/100
|move|p2a: Keldeo|Icy Wind|p1a: Thundurus
|-supereffective|p1a: Thundurus
|-damage|p1a: Thundurus|48/100
|-unboost|p1a: Thundurus|spe|1
|
|-heal|p2a: Keldeo|19/100|[from] item: Leftovers
|upkeep
|turn|7
|
|t:|1706937642
|switch|p1a: Lucario|Lucario, M, shiny|100/100
|move|p2a: Keldeo|Icy Wind|p1a: Lucario|[miss]
|-miss|p2a: Keldeo|p1a: Lucario
|
|-heal|p2a: Keldeo|25/100|[from] item: Leftovers
|upkeep
|turn|8
|
|t:|1706937651
|switch|p2a: Heatran|Heatran, F|100/100
|-damage|p2a: Heatran|88/100|[from] Stealth Rock
|move|p1a: Lucario|Extreme Speed|p2a: Heatran
|-resisted|p2a: Heatran
|-damage|p2a: Heatran|73/100
|-damage|p1a: Lucario|91/100|[from] item: Life Orb
|
|upkeep
|turn|9
|
|t:|1706937660
|move|p2a: Heatran|Lava Plume|p1a: Lucario
|-supereffective|p1a: Lucario
|-damage|p1a: Lucario|0 fnt
|faint|p1a: Lucario
|
|upkeep
|
|t:|1706937665
|switch|p1a: Infernape|Infernape, M, shiny|100/100
|turn|10
|
|t:|1706937671
|move|p2a: Heatran|Lava Plume|p1a: Infernape
|-resisted|p1a: Infernape
|-damage|p1a: Infernape|65/100
|move|p1a: Infernape|Close Combat|p2a: Heatran
|-supereffective|p2a: Heatran
|-damage|p2a: Heatran|0 fnt
|-unboost|p1a: Infernape|def|1
|-unboost|p1a: Infernape|spd|1
|faint|p2a: Heatran
|-damage|p1a: Infernape|55/100|[from] item: Life Orb
|
|upkeep
|
|t:|1706937690
|switch|p2a: Keldeo|Keldeo|25/100
|-damage|p2a: Keldeo|19/100|[from] Stealth Rock
|turn|11
|
|t:|1706937694
|move|p1a: Infernape|Mach Punch|p2a: Keldeo
|-damage|p2a: Keldeo|0 fnt
|faint|p2a: Keldeo
|-damage|p1a: Infernape|45/100|[from] item: Life Orb
|
|upkeep
|
|t:|1706937701
|switch|p2a: Scizor|Scizor, M|100/100
|-damage|p2a: Scizor|88/100|[from] Stealth Rock
|turn|12
|
|t:|1706937707
|move|p2a: Scizor|Bullet Punch|p1a: Infernape
|-resisted|p1a: Infernape
|-damage|p1a: Infernape|5/100
|move|p1a: Infernape|Overheat|p2a: Scizor
|-supereffective|p2a: Scizor
|-damage|p2a: Scizor|0 fnt
|-unboost|p1a: Infernape|spa|2
|faint|p2a: Scizor
|-damage|p1a: Infernape|0 fnt|[from] item: Life Orb
|faint|p1a: Infernape
|
|upkeep
|
|t:|1706937731
|switch|p1a: Skarmory|Skarmory, M, shiny|18/100
|switch|p2a: Excadrill|Excadrill, F|100/100
|-damage|p2a: Excadrill|97/100|[from] Stealth Rock
|-ability|p2a: Excadrill|Mold Breaker
|turn|13
|
|t:|1706937743
|move|p2a: Excadrill|Rock Slide|p1a: Skarmory|[miss]
|-miss|p2a: Excadrill|p1a: Skarmory
|move|p1a: Skarmory|Roost|p1a: Skarmory
|-heal|p1a: Skarmory|68/100
|-singleturn|p1a: Skarmory|move: Roost
|
|upkeep
|turn|14
|
|t:|1706937750
|move|p2a: Excadrill|Rapid Spin|p1a: Skarmory
|-resisted|p1a: Skarmory
|-damage|p1a: Skarmory|65/100
|-damage|p2a: Excadrill|81/100|[from] item: Rocky Helmet|[of] p1a: Skarmory
|-sideend|p2: minutemaid13|Stealth Rock|[from] move: Rapid Spin|[of] p2a: Excadrill
|-damage|p2a: Excadrill|71/100|[from] item: Life Orb
|move|p1a: Skarmory|Roost|p1a: Skarmory
|-heal|p1a: Skarmory|100/100
|-singleturn|p1a: Skarmory|move: Roost
|
|upkeep
|turn|15
|
|t:|1706937768
|move|p2a: Excadrill|Swords Dance|p2a: Excadrill
|-boost|p2a: Excadrill|atk|2
|move|p1a: Skarmory|Stealth Rock|p2a: Excadrill
|-sidestart|p2: minutemaid13|move: Stealth Rock
|
|upkeep
|turn|16
|
|t:|1706937773
|move|p2a: Excadrill|Rock Slide|p1a: Skarmory
|-damage|p1a: Skarmory|60/100
|-damage|p2a: Excadrill|61/100|[from] item: Life Orb
|move|p1a: Skarmory|Roar|p2a: Excadrill
|drag|p2a: Heracross|Heracross, F|100/100
|-damage|p2a: Heracross|88/100|[from] Stealth Rock
|
|upkeep
|turn|17
|
|t:|1706937782
|move|p2a: Heracross|Close Combat|p1a: Skarmory
|-damage|p1a: Skarmory|1/100
|-unboost|p2a: Heracross|def|1
|-unboost|p2a: Heracross|spd|1
|-damage|p2a: Heracross|72/100|[from] item: Rocky Helmet|[of] p1a: Skarmory
|move|p1a: Skarmory|Roost|p1a: Skarmory
|-heal|p1a: Skarmory|51/100
|-singleturn|p1a: Skarmory|move: Roost
|
|upkeep
|turn|18
|
|t:|1706937794
|move|p2a: Heracross|Close Combat|p1a: Skarmory
|-damage|p1a: Skarmory|0 fnt
|-unboost|p2a: Heracross|def|1
|-unboost|p2a: Heracross|spd|1
|-damage|p2a: Heracross|55/100|[from] item: Rocky Helmet|[of] p1a: Skarmory
|faint|p1a: Skarmory
|
|upkeep
|
|t:|1706937805
|switch|p1a: Thundurus|Thundurus-Therian, M, shiny|48/100
|turn|19
|
|t:|1706937813
|move|p1a: Thundurus|Thunderbolt|p2a: Heracross
|-damage|p2a: Heracross|0 fnt
|faint|p2a: Heracross
|
|upkeep
|
|t:|1706937816
|switch|p2a: Kyurem|Kyurem-Black|100/100
|-damage|p2a: Kyurem|76/100|[from] Stealth Rock
|-ability|p2a: Kyurem|Teravolt
|turn|20
|
|t:|1706937829
|move|p1a: Thundurus|Thunderbolt|p2a: Kyurem
|-resisted|p2a: Kyurem
|-damage|p2a: Kyurem|50/100
|move|p2a: Kyurem|Substitute|p2a: Kyurem
|-start|p2a: Kyurem|Substitute
|-damage|p2a: Kyurem|25/100
|
|-heal|p2a: Kyurem|31/100|[from] item: Leftovers
|upkeep
|turn|21
|
|t:|1706937837
|move|p1a: Thundurus|Thunderbolt|p2a: Kyurem
|-resisted|p2a: Kyurem
|-end|p2a: Kyurem|Substitute
|move|p2a: Kyurem|Ice Beam|p1a: Thundurus
|-supereffective|p1a: Thundurus
|-damage|p1a: Thundurus|0 fnt
|faint|p1a: Thundurus
|
|-heal|p2a: Kyurem|37/100|[from] item: Leftovers
|upkeep
|
|t:|1706937845
|switch|p1a: Tyranitar|Tyranitar, M, shiny|100/100
|-weather|Sandstorm|[from] ability: Sand Stream|[of] p1a: Tyranitar
|turn|22
|
|t:|1706937859
|move|p2a: Kyurem|Earth Power|p1a: Tyranitar
|-supereffective|p1a: Tyranitar
|-damage|p1a: Tyranitar|66/100
|move|p1a: Tyranitar|Ice Punch|p2a: Kyurem
|-damage|p2a: Kyurem|0 fnt
|faint|p2a: Kyurem
|
|-weather|Sandstorm|[upkeep]
|upkeep
|
|t:|1706937862
|switch|p2a: Excadrill|Excadrill, F|61/100
|-damage|p2a: Excadrill|58/100|[from] Stealth Rock
|-ability|p2a: Excadrill|Mold Breaker
|turn|23
|
|t:|1706937871
|move|p2a: Excadrill|Earthquake|p1a: Tyranitar
|-supereffective|p1a: Tyranitar
|-damage|p1a: Tyranitar|0 fnt
|faint|p1a: Tyranitar
|-damage|p2a: Excadrill|48/100|[from] item: Life Orb
|
|win|minutemaid13
|raw|Florenn's rating: 1357 &rarr; <strong>1336</strong><br />(-21 for losing)
|raw|minutemaid13's rating: 1348 &rarr; <strong>1369</strong><br />(+21 for winning)
|c|☆Florenn|gg
|c|☆Florenn|wp
|l|☆Florenn
|player|p1|
