|j|☆SkAm NEwToN
|j|☆blackkaiser
|player|p1|SkAm NEwToN|275|1382
|player|p2|blackkaiser|265|1340
|teamsize|p1|6
|teamsize|p2|6
|gametype|singles
|gen|5
|tier|[Gen 5] OU
|rated|
|rule|Sleep Clause Mod: Limit one foe put to sleep
|rule|Species Clause: Limit one of each Pokémon
|rule|OHKO Clause: OHKO moves are banned
|rule|Moody Clause: Moody is banned
|rule|Evasion Moves Clause: Evasion moves are banned
|rule|Endless Battle Clause: Forcing endless battles is banned
|rule|HP Percentage Mod: HP is shown in percentages
|rule|Evasion Abilities Clause: Evasion abilities are banned
|rule|Baton Pass Clause: Limit one Baton Passer, can't pass Spe and other stats simultaneously
|rule|Swagger Clause: Swagger is banned
|clearpoke
|poke|p1|Ninetales, F|item
|poke|p1|Volcarona, M|item
|poke|p1|Donphan, F|item
|poke|p1|Jolteon, M|item
|poke|p1|Dragonite, M|item
|poke|p1|Gyarados, M|item
|poke|p2|Hippowdon, F|item
|poke|p2|Ferrothorn, F|item
|poke|p2|Jellicent, M|item
|poke|p2|Latios, M|item
|poke|p2|Garchomp, M|item
|poke|p2|Scizor, M|item
|teampreview
|inactive|Battle timer is ON: inactive players will automatically lose when time's up. (requested by blackkaiser)
|
|start
|switch|p1a: Donphan|Donphan, F|100/100
|switch|p2a: Hippowdon|Hippowdon, F|100/100
|-weather|Sandstorm|[from] ability: Sand Stream|[of] p2a: Hippowdon
|turn|1
|
|move|p1a: Donphan|Stealth Rock|p2a: Hippowdon
|-sidestart|p2: blackkaiser|move: Stealth Rock
|move|p2a: Hippowdon|Stealth Rock|p1a: Donphan
|-sidestart|p1: SkAm NEwToN|move: Stealth Rock
|
|-weather|Sandstorm|[upkeep]
|upkeep
|turn|2
|
|switch|p2a: Jellicent|Jellicent, M|100/100
|-damage|p2a: Jellicent|88/100|[from] Stealth Rock
|move|p1a: Donphan|Rapid Spin|p2a: Jellicent
|-immune|p2a: Jellicent
|
|-weather|Sandstorm|[upkeep]
|-damage|p2a: Jellicent|82/100|[from] Sandstorm
|-heal|p2a: Jellicent|88/100|[from] item: Leftovers
|upkeep
|turn|3
|
|switch|p1a: Ninetales|Ninetales, F|100/100
|-damage|p1a: Ninetales|76/100|[from] Stealth Rock
|-weather|SunnyDay|[from] ability: Drought|[of] p1a: Ninetales
|move|p2a: Jellicent|Scald|p1a: Ninetales
|-supereffective|p1a: Ninetales
|-damage|p1a: Ninetales|49/100
|
|-weather|SunnyDay|[upkeep]
|-heal|p2a: Jellicent|94/100|[from] item: Leftovers
|upkeep
|turn|4
|inactive|SkAm NEwToN has 120 seconds left.
|
|switch|p2a: Hippowdon|Hippowdon, F|100/100
|-damage|p2a: Hippowdon|94/100|[from] Stealth Rock
|-weather|Sandstorm|[from] ability: Sand Stream|[of] p2a: Hippowdon
|move|p1a: Ninetales|Will-O-Wisp|p2a: Hippowdon|[miss]
|-miss|p1a: Ninetales|p2a: Hippowdon
|
|-weather|Sandstorm|[upkeep]
|-damage|p1a: Ninetales|43/100|[from] Sandstorm
|-heal|p2a: Hippowdon|100/100|[from] item: Leftovers
|upkeep
|turn|5
|inactive|SkAm NEwToN has 120 seconds left.
|
|switch|p1a: Donphan|Donphan, F|100/100
|-damage|p1a: Donphan|94/100|[from] Stealth Rock
|switch|p2a: Latios|Latios, M, shiny|100/100
|-damage|p2a: Latios|88/100|[from] Stealth Rock
|
|-weather|Sandstorm|[upkeep]
|-damage|p2a: Latios|82/100|[from] Sandstorm
|-heal|p1a: Donphan|100/100|[from] item: Leftovers
|upkeep
|turn|6
|inactive|SkAm NEwToN has 120 seconds left.
|
|switch|p2a: Jellicent|Jellicent, M|94/100
|-damage|p2a: Jellicent|82/100|[from] Stealth Rock
|move|p1a: Donphan|Rapid Spin|p2a: Jellicent
|-immune|p2a: Jellicent
|
|-weather|Sandstorm|[upkeep]
|-damage|p2a: Jellicent|76/100|[from] Sandstorm
|-heal|p2a: Jellicent|82/100|[from] item: Leftovers
|upkeep
|turn|7
|inactive|SkAm NEwToN has 120 seconds left.
|
|move|p2a: Jellicent|Scald|p1a: Donphan
|-supereffective|p1a: Donphan
|-crit|p1a: Donphan
|-ability|p1a: Donphan|Sturdy
|-damage|p1a: Donphan|1/100
|move|p1a: Donphan|Stone Edge|p2a: Jellicent|[miss]
|-miss|p1a: Donphan|p2a: Jellicent
|
|-weather|Sandstorm|[upkeep]
|-damage|p2a: Jellicent|76/100|[from] Sandstorm
|-heal|p2a: Jellicent|82/100|[from] item: Leftovers
|-heal|p1a: Donphan|7/100|[from] item: Leftovers
|upkeep
|turn|8
|c|☆SkAm NEwToN|why do i miss every move
|c|☆SkAm NEwToN|this game is dumb
|
|move|p2a: Jellicent|Scald|p1a: Donphan
|-supereffective|p1a: Donphan
|-damage|p1a: Donphan|0 fnt
|faint|p1a: Donphan
|
|-weather|Sandstorm|[upkeep]
|-damage|p2a: Jellicent|76/100|[from] Sandstorm
|-heal|p2a: Jellicent|82/100|[from] item: Leftovers
|upkeep
|c|☆SkAm NEwToN|I quit
|
|switch|p1a: Gyarados|Gyarados, M|100/100
|-damage|p1a: Gyarados|76/100|[from] Stealth Rock
|-ability|p1a: Gyarados|Intimidate|boost
|-unboost|p2a: Jellicent|atk|1
|turn|9
|c|☆SkAm NEwToN|I only play sord and shield
|
|move|p1a: Gyarados|Dragon Dance|p1a: Gyarados
|-boost|p1a: Gyarados|atk|1
|-boost|p1a: Gyarados|spe|1
|move|p2a: Jellicent|Will-O-Wisp|p1a: Gyarados
|-status|p1a: Gyarados|brn
|-enditem|p1a: Gyarados|Lum Berry|[eat]
|-curestatus|p1a: Gyarados|brn|[msg]
|
|-weather|Sandstorm|[upkeep]
|-damage|p1a: Gyarados|70/100|[from] Sandstorm
|-damage|p2a: Jellicent|76/100|[from] Sandstorm
|-heal|p2a: Jellicent|82/100|[from] item: Leftovers
|upkeep
|turn|10
|
|switch|p2a: Ferrothorn|Ferrothorn, F|100/100
|-damage|p2a: Ferrothorn|95/100|[from] Stealth Rock
|move|p1a: Gyarados|Bounce||[still]
|-prepare|p1a: Gyarados|Bounce|p2a: Ferrothorn
|
|-weather|Sandstorm|[upkeep]
|-damage|p1a: Gyarados|64/100|[from] Sandstorm
|upkeep
|turn|11
|
|move|p1a: Gyarados|Bounce|p2a: Ferrothorn|[from]lockedmove
|-damage|p2a: Ferrothorn|54/100
|-damage|p1a: Gyarados|51/100|[from] ability: Iron Barbs|[of] p2a: Ferrothorn
|-damage|p1a: Gyarados|35/100|[from] item: Rocky Helmet|[of] p2a: Ferrothorn
|move|p2a: Ferrothorn|Thunder Wave|p1a: Gyarados
|-status|p1a: Gyarados|par
|
|-weather|Sandstorm|[upkeep]
|-damage|p1a: Gyarados|29/100 par|[from] Sandstorm
|upkeep
|turn|12
|
|move|p1a: Gyarados|Earthquake|p2a: Ferrothorn
|-damage|p2a: Ferrothorn|24/100
|move|p2a: Ferrothorn|Spikes|p1a: Gyarados
|-sidestart|p1: SkAm NEwToN|Spikes
|
|-weather|Sandstorm|[upkeep]
|-damage|p1a: Gyarados|23/100 par|[from] Sandstorm
|upkeep
|turn|13
|
|move|p1a: Gyarados|Earthquake|p2a: Ferrothorn
|-damage|p2a: Ferrothorn|0 fnt
|faint|p2a: Ferrothorn
|
|-weather|Sandstorm|[upkeep]
|-damage|p1a: Gyarados|17/100 par|[from] Sandstorm
|upkeep
|
|switch|p2a: Latios|Latios, M, shiny|82/100
|-damage|p2a: Latios|70/100|[from] Stealth Rock
|turn|14
|
|move|p2a: Latios|Psyshock|p1a: Gyarados
|-damage|p1a: Gyarados|0 fnt
|faint|p1a: Gyarados
|
|-weather|Sandstorm|[upkeep]
|-damage|p2a: Latios|64/100|[from] Sandstorm
|upkeep
|inactive|SkAm NEwToN has 120 seconds left.
|
|switch|p1a: Dragonite|Dragonite, M|100/100
|-damage|p1a: Dragonite|76/100|[from] Stealth Rock
|turn|15
|
|move|p2a: Latios|Psyshock|p1a: Dragonite
|-damage|p1a: Dragonite|18/100
|move|p1a: Dragonite|Outrage|p2a: Latios
|-supereffective|p2a: Latios
|-crit|p2a: Latios
|-damage|p2a: Latios|0 fnt
|faint|p2a: Latios
|
|-weather|Sandstorm|[upkeep]
|-damage|p1a: Dragonite|12/100|[from] Sandstorm
|upkeep
|
|switch|p2a: Scizor|Scizor, M|100/100
|-damage|p2a: Scizor|88/100|[from] Stealth Rock
|turn|16
|
|move|p2a: Scizor|Bullet Punch|p1a: Dragonite
|-crit|p1a: Dragonite
|-damage|p1a: Dragonite|0 fnt
|faint|p1a: Dragonite
|
|-weather|Sandstorm|[upkeep]
|upkeep
|
|switch|p1a: Volcarona|Volcarona, M|100/100
|-damage|p1a: Volcarona|88/100|[from] Spikes
|-damage|p1a: Volcarona|38/100|[from] Stealth Rock
|turn|17
|c|☆SkAm NEwToN|bwop
|
|switch|p2a: Garchomp|Garchomp, M|100/100
|-damage|p2a: Garchomp|94/100|[from] Stealth Rock
|move|p1a: Volcarona|Fiery Dance|p2a: Garchomp
|-resisted|p2a: Garchomp
|-damage|p2a: Garchomp|67/100
|-boost|p1a: Volcarona|spa|1
|
|-weather|Sandstorm|[upkeep]
|-damage|p1a: Volcarona|32/100|[from] Sandstorm
|-heal|p1a: Volcarona|38/100|[from] item: Leftovers
|upkeep
|turn|18
|
|move|p2a: Garchomp|Earthquake|p1a: Volcarona
|-crit|p1a: Volcarona
|-damage|p1a: Volcarona|0 fnt
|-damage|p2a: Garchomp|57/100|[from] item: Life Orb
|faint|p1a: Volcarona
|
|-weather|Sandstorm|[upkeep]
|upkeep
|
|switch|p1a: Jolteon|Jolteon, M|100/100
|-damage|p1a: Jolteon|88/100|[from] Stealth Rock
|-damage|p1a: Jolteon|76/100|[from] Spikes
|turn|19
|
|move|p1a: Jolteon|Hidden Power|p2a: Garchomp
|-supereffective|p2a: Garchomp
|-damage|p2a: Garchomp|0 fnt
|faint|p2a: Garchomp
|
|-weather|Sandstorm|[upkeep]
|-damage|p1a: Jolteon|70/100|[from] Sandstorm
|upkeep
|
|switch|p2a: Jellicent|Jellicent, M|82/100
|-damage|p2a: Jellicent|69/100|[from] Stealth Rock
|turn|20
|
|switch|p1a: Ninetales|Ninetales, F|43/100
|-damage|p1a: Ninetales|18/100|[from] Stealth Rock
|-damage|p1a: Ninetales|6/100|[from] Spikes
|-weather|SunnyDay|[from] ability: Drought|[of] p1a: Ninetales
|move|p2a: Jellicent|Scald|p1a: Ninetales
|-supereffective|p1a: Ninetales
|-damage|p1a: Ninetales|0 fnt
|faint|p1a: Ninetales
|
|-weather|SunnyDay|[upkeep]
|-heal|p2a: Jellicent|76/100|[from] item: Leftovers
|upkeep
|
|switch|p1a: Jolteon|Jolteon, M|70/100
|-damage|p1a: Jolteon|58/100|[from] Stealth Rock
|-damage|p1a: Jolteon|46/100|[from] Spikes
|turn|21
|
|switch|p2a: Hippowdon|Hippowdon, F|100/100
|-damage|p2a: Hippowdon|94/100|[from] Stealth Rock
|-weather|Sandstorm|[from] ability: Sand Stream|[of] p2a: Hippowdon
|move|p1a: Jolteon|Hidden Power|p2a: Hippowdon
|-supereffective|p2a: Hippowdon
|-damage|p2a: Hippowdon|28/100
|
|-weather|Sandstorm|[upkeep]
|-damage|p1a: Jolteon|40/100|[from] Sandstorm
|-heal|p2a: Hippowdon|34/100|[from] item: Leftovers
|upkeep
|turn|22
|
|move|p1a: Jolteon|Hidden Power|p2a: Hippowdon
|-supereffective|p2a: Hippowdon
|-damage|p2a: Hippowdon|0 fnt
|faint|p2a: Hippowdon
|
|-weather|Sandstorm|[upkeep]
|-damage|p1a: Jolteon|34/100|[from] Sandstorm
|upkeep
|
|switch|p2a: Scizor|Scizor, M|88/100
|-damage|p2a: Scizor|76/100|[from] Stealth Rock
|turn|23
|
|move|p2a: Scizor|Bullet Punch|p1a: Jolteon
|-resisted|p1a: Jolteon
|-crit|p1a: Jolteon
|-damage|p1a: Jolteon|0 fnt
|faint|p1a: Jolteon
|
|win|blackkaiser
|raw|SkAm NEwToN's rating: 1382 &rarr; <strong>1360</strong><br />(-22 for losing)
|raw|blackkaiser's rating: 1340 &rarr; <strong>1362</strong><br />(+22 for winning)
