|j|☆closecombat41
|j|‽aetnte
|t:|1596415269
|player|p1|closecombat41|266|1395
|player|p2|aetnte|fantina|1311
|teamsize|p1|6
|teamsize|p2|6
|gametype|singles
|gen|5
|tier|[Gen 5] OU
|rated|
|clearpoke
|poke|p1|Politoed, F|item
|poke|p1|Scizor, M|item
|poke|p1|Keldeo|item
|poke|p1|Tentacruel, M|item
|poke|p1|Thundurus-Therian, M|item
|poke|p1|Garchomp, M|item
|poke|p2|Skarmory, F|item
|poke|p2|Breloom, M|item
|poke|p2|Cofagrigus, M|item
|poke|p2|Dragonite, M|item
|poke|p2|Rotom-Wash|item
|poke|p2|Scizor, M|item
|rule|Species Clause: Limit one of each Pokémon
|rule|OHKO Clause: OHKO moves are banned
|rule|Moody Clause: Moody is banned
|rule|Evasion Moves Clause: Evasion moves are banned
|rule|Endless Battle Clause: Forcing endless battles is banned
|rule|HP Percentage Mod: HP is shown in percentages
|rule|Evasion Abilities Clause: Evasion abilities are banned
|rule|Baton Pass Clause: Limit one Baton Passer, can't pass Spe and other stats simultaneously
|rule|Sleep Clause: Sleep-inducing moves are banned
|rule|Swagger Clause: Swagger is banned
|teampreview
|inactive|Battle timer is ON: inactive players will automatically lose when time's up. (requested by closecombat41)
|inactive|aetnte has 120 seconds left.
|
|t:|1596415322
|start
|switch|p1a: Politoed|Politoed, F|100/100
|switch|p2a: Breloom|Breloom, M|100/100
|-weather|RainDance|[from] ability: Drizzle|[of] p1a: Politoed
|turn|1
|
|t:|1596415328
|move|p2a: Breloom|Substitute|p2a: Breloom
|-start|p2a: Breloom|Substitute
|-damage|p2a: Breloom|76/100
|move|p1a: Politoed|Toxic||[still]
|-fail|p1a: Politoed
|
|-weather|RainDance|[upkeep]
|upkeep
|turn|2
|
|t:|1596415335
|switch|p1a: Thundurus|Thundurus-Therian, M|100/100
|move|p2a: Breloom|Bullet Seed|p1a: Thundurus
|-resisted|p1a: Thundurus
|-damage|p1a: Thundurus|81/100
|-resisted|p1a: Thundurus
|-damage|p1a: Thundurus|63/100
|-resisted|p1a: Thundurus
|-damage|p1a: Thundurus|44/100
|-resisted|p1a: Thundurus
|-damage|p1a: Thundurus|26/100
|-hitcount|p1a: Thundurus|4
|-damage|p2a: Breloom|66/100|[from] item: Life Orb
|
|-weather|RainDance|[upkeep]
|-heal|p1a: Thundurus|32/100|[from] item: Leftovers
|upkeep
|turn|3
|
|t:|1596415342
|-singleturn|p2a: Breloom|move: Focus Punch
|move|p1a: Thundurus|Hidden Power|p2a: Breloom
|-supereffective|p2a: Breloom
|-end|p2a: Breloom|Substitute
|move|p2a: Breloom|Focus Punch|p1a: Thundurus
|-resisted|p1a: Thundurus
|-damage|p1a: Thundurus|0 fnt
|-damage|p2a: Breloom|56/100|[from] item: Life Orb
|faint|p1a: Thundurus
|
|-weather|RainDance|[upkeep]
|upkeep
|
|t:|1596415346
|switch|p1a: Keldeo|Keldeo|100/100
|turn|4
|inactive|aetnte has 120 seconds left.
|
|t:|1596415377
|switch|p2a: Skarmory|Skarmory, F|100/100
|move|p1a: Keldeo|Hydro Pump|p2a: Skarmory|[miss]
|-miss|p1a: Keldeo|p2a: Skarmory
|
|-weather|RainDance|[upkeep]
|upkeep
|turn|5
|inactive|aetnte has 120 seconds left.
|
|t:|1596415388
|move|p1a: Keldeo|Hydro Pump|p2a: Skarmory
|-ability|p2a: Skarmory|Sturdy
|-damage|p2a: Skarmory|1/100
|move|p2a: Skarmory|Stealth Rock|p1a: Keldeo
|-sidestart|p1: closecombat41|move: Stealth Rock
|
|-weather|RainDance|[upkeep]
|upkeep
|turn|6
|-enditem|p2a: Skarmory|Custap Berry|[eat]
|-activate|p2a: Skarmory|item: Custap Berry|[consumed]
|
|t:|1596415392
|move|p2a: Skarmory|Brave Bird|p1a: Keldeo
|-supereffective|p1a: Keldeo
|-damage|p1a: Keldeo|2/100
|-damage|p2a: Skarmory|0 fnt|[from] Recoil
|faint|p2a: Skarmory
|move|p1a: Keldeo|Hydro Pump|p2: Skarmory|[notarget]
|-fail|p1a: Keldeo
|
|-weather|RainDance|[upkeep]
|upkeep
|
|t:|1596415401
|switch|p2a: Rotom|Rotom-Wash|100/100
|turn|7
|
|t:|1596415414
|move|p1a: Keldeo|Hydro Pump|p2a: Rotom
|-resisted|p2a: Rotom
|-damage|p2a: Rotom|30/100
|move|p2a: Rotom|Will-O-Wisp|p1a: Keldeo|[miss]
|-miss|p2a: Rotom|p1a: Keldeo
|
|-weather|RainDance|[upkeep]
|-heal|p2a: Rotom|36/100|[from] item: Leftovers
|upkeep
|turn|8
|
|t:|1596415422
|move|p1a: Keldeo|Hydro Pump|p2a: Rotom
|-resisted|p2a: Rotom
|-damage|p2a: Rotom|0 fnt
|faint|p2a: Rotom
|
|-weather|RainDance|[upkeep]
|upkeep
|inactive|aetnte has 120 seconds left.
|
|t:|1596415448
|switch|p2a: Breloom|Breloom, M|56/100
|turn|9
|
|t:|1596415451
|move|p2a: Breloom|Mach Punch|p1a: Keldeo
|-damage|p1a: Keldeo|0 fnt
|-damage|p2a: Breloom|46/100|[from] item: Life Orb
|faint|p1a: Keldeo
|
|-weather|RainDance|[upkeep]
|upkeep
|
|t:|1596415461
|switch|p1a: Garchomp|Garchomp, M|100/100
|-damage|p1a: Garchomp|94/100|[from] Stealth Rock
|turn|10
|
|t:|1596415475
|switch|p2a: Scizor|Scizor, M|100/100
|move|p1a: Garchomp|Stealth Rock|p2a: Scizor
|-sidestart|p2: aetnte|move: Stealth Rock
|
|-weather|RainDance|[upkeep]
|upkeep
|turn|11
|
|t:|1596415486
|move|p1a: Garchomp|Swords Dance|p1a: Garchomp
|-boost|p1a: Garchomp|atk|2
|move|p2a: Scizor|U-turn|p1a: Garchomp
|-damage|p1a: Garchomp|35/100
|-damage|p2a: Scizor|88/100|[from] ability: Rough Skin|[of] p1a: Garchomp
|
|t:|1596415491
|switch|p2a: Dragonite|Dragonite, M|100/100|[from]move: U-turn
|-damage|p2a: Dragonite|76/100|[from] Stealth Rock
|
|-weather|RainDance|[upkeep]
|upkeep
|turn|12
|
|t:|1596415494
|move|p2a: Dragonite|Extreme Speed|p1a: Garchomp
|-damage|p1a: Garchomp|0 fnt
|-damage|p2a: Dragonite|63/100|[from] ability: Rough Skin|[of] p1a: Garchomp
|faint|p1a: Garchomp
|
|-weather|RainDance|[upkeep]
|upkeep
|
|t:|1596415500
|switch|p1a: Politoed|Politoed, F|100/100
|-damage|p1a: Politoed|88/100|[from] Stealth Rock
|turn|13
|
|t:|1596415520
|switch|p2a: Cofagrigus|Cofagrigus, M|100/100
|-damage|p2a: Cofagrigus|88/100|[from] Stealth Rock
|move|p1a: Politoed|Ice Beam|p2a: Cofagrigus
|-damage|p2a: Cofagrigus|66/100
|
|-weather|RainDance|[upkeep]
|-heal|p1a: Politoed|94/100|[from] item: Leftovers
|-heal|p2a: Cofagrigus|72/100|[from] item: Leftovers
|upkeep
|turn|14
|
|t:|1596415532
|move|p1a: Politoed|Toxic|p2a: Cofagrigus
|-status|p2a: Cofagrigus|tox
|move|p2a: Cofagrigus|Shadow Ball|p1a: Politoed
|-damage|p1a: Politoed|67/100
|
|-weather|RainDance|[upkeep]
|-heal|p1a: Politoed|73/100|[from] item: Leftovers
|-heal|p2a: Cofagrigus|78/100 tox|[from] item: Leftovers
|-damage|p2a: Cofagrigus|72/100 tox|[from] psn
|upkeep
|turn|15
|
|t:|1596415537
|move|p1a: Politoed|Scald|p2a: Cofagrigus
|-damage|p2a: Cofagrigus|32/100 tox
|move|p2a: Cofagrigus|Shadow Ball|p1a: Politoed
|-damage|p1a: Politoed|43/100
|
|-weather|RainDance|[upkeep]
|-heal|p1a: Politoed|49/100|[from] item: Leftovers
|-heal|p2a: Cofagrigus|38/100 tox|[from] item: Leftovers
|-damage|p2a: Cofagrigus|26/100 tox|[from] psn
|upkeep
|turn|16
|
|t:|1596415541
|move|p1a: Politoed|Scald|p2a: Cofagrigus
|-damage|p2a: Cofagrigus|0 fnt
|faint|p2a: Cofagrigus
|
|-weather|RainDance|[upkeep]
|-heal|p1a: Politoed|56/100|[from] item: Leftovers
|upkeep
|
|t:|1596415543
|switch|p2a: Breloom|Breloom, M|46/100
|-damage|p2a: Breloom|40/100|[from] Stealth Rock
|turn|17
|inactive|aetnte has 120 seconds left.
|
|t:|1596415596
|move|p2a: Breloom|Substitute|p2a: Breloom
|-start|p2a: Breloom|Substitute
|-damage|p2a: Breloom|15/100
|move|p1a: Politoed|Scald|p2a: Breloom
|-resisted|p2a: Breloom
|-end|p2a: Breloom|Substitute
|
|-weather|RainDance|[upkeep]
|-heal|p1a: Politoed|62/100|[from] item: Leftovers
|upkeep
|turn|18
|
|t:|1596415605
|switch|p1a: Scizor|Scizor, M|100/100
|-damage|p1a: Scizor|88/100|[from] Stealth Rock
|move|p2a: Breloom|Bullet Seed|p1a: Scizor
|-resisted|p1a: Scizor
|-damage|p1a: Scizor|81/100
|-resisted|p1a: Scizor
|-crit|p1a: Scizor
|-damage|p1a: Scizor|66/100
|-hitcount|p1a: Scizor|2
|-damage|p2a: Breloom|5/100|[from] item: Life Orb
|
|-weather|RainDance|[upkeep]
|upkeep
|turn|19
|
|t:|1596415622
|move|p2a: Breloom|Mach Punch|p1a: Scizor
|-damage|p1a: Scizor|13/100
|-damage|p2a: Breloom|0 fnt|[from] item: Life Orb
|faint|p2a: Breloom
|move|p1a: Scizor|U-turn|p2: Breloom|[notarget]
|-fail|p1a: Scizor
|
|-weather|RainDance|[upkeep]
|upkeep
|
|t:|1596415628
|switch|p2a: Dragonite|Dragonite, M|63/100
|-damage|p2a: Dragonite|39/100|[from] Stealth Rock
|turn|20
|
|t:|1596415632
|move|p2a: Dragonite|Extreme Speed|p1a: Scizor
|-resisted|p1a: Scizor
|-damage|p1a: Scizor|0 fnt
|faint|p1a: Scizor
|
|-weather|RainDance|[upkeep]
|upkeep
|
|t:|1596415639
|switch|p1a: Politoed|Politoed, F|62/100
|-damage|p1a: Politoed|49/100|[from] Stealth Rock
|turn|21
|
|t:|1596415641
|move|p2a: Dragonite|Extreme Speed|p1a: Politoed
|-damage|p1a: Politoed|0 fnt
|faint|p1a: Politoed
|
|-weather|RainDance|[upkeep]
|upkeep
|
|t:|1596415644
|switch|p1a: Tentacruel|Tentacruel, M|100/100
|-damage|p1a: Tentacruel|88/100|[from] Stealth Rock
|turn|22
|
|t:|1596415646
|move|p1a: Tentacruel|Protect|p1a: Tentacruel
|-singleturn|p1a: Tentacruel|Protect
|move|p2a: Dragonite|Extreme Speed|p1a: Tentacruel
|-activate|p1a: Tentacruel|move: Protect
|
|-weather|RainDance|[upkeep]
|-heal|p1a: Tentacruel|94/100|[from] ability: Rain Dish
|-heal|p1a: Tentacruel|99/100|[from] item: Black Sludge
|upkeep
|turn|23
|
|t:|1596415648
|move|p2a: Dragonite|Extreme Speed|p1a: Tentacruel
|-damage|p1a: Tentacruel|33/100
|move|p1a: Tentacruel|Scald|p2a: Dragonite
|-resisted|p2a: Dragonite
|-damage|p2a: Dragonite|24/100
|
|-weather|RainDance|[upkeep]
|-heal|p1a: Tentacruel|40/100|[from] ability: Rain Dish
|-heal|p1a: Tentacruel|46/100|[from] item: Black Sludge
|upkeep
|turn|24
|
|t:|1596415651
|move|p1a: Tentacruel|Protect|p1a: Tentacruel
|-singleturn|p1a: Tentacruel|Protect
|move|p2a: Dragonite|Extreme Speed|p1a: Tentacruel
|-activate|p1a: Tentacruel|move: Protect
|
|-weather|RainDance|[upkeep]
|-heal|p1a: Tentacruel|52/100|[from] ability: Rain Dish
|-heal|p1a: Tentacruel|58/100|[from] item: Black Sludge
|upkeep
|turn|25
|
|t:|1596415655
|move|p1a: Tentacruel|Protect|p1a: Tentacruel
|-singleturn|p1a: Tentacruel|Protect
|move|p2a: Dragonite|Extreme Speed|p1a: Tentacruel
|-activate|p1a: Tentacruel|move: Protect
|
|-weather|RainDance|[upkeep]
|-heal|p1a: Tentacruel|64/100|[from] ability: Rain Dish
|-heal|p1a: Tentacruel|70/100|[from] item: Black Sludge
|upkeep
|turn|26
|
|t:|1596415657
|move|p2a: Dragonite|Extreme Speed|p1a: Tentacruel
|-damage|p1a: Tentacruel|4/100
|move|p1a: Tentacruel|Scald|p2a: Dragonite
|-resisted|p2a: Dragonite
|-damage|p2a: Dragonite|8/100
|-status|p2a: Dragonite|brn
|
|-weather|RainDance|[upkeep]
|-heal|p1a: Tentacruel|10/100|[from] ability: Rain Dish
|-heal|p1a: Tentacruel|16/100|[from] item: Black Sludge
|-damage|p2a: Dragonite|0 fnt|[from] brn
|faint|p2a: Dragonite
|upkeep
|
|t:|1596415659
|switch|p2a: Scizor|Scizor, M|88/100
|-damage|p2a: Scizor|76/100|[from] Stealth Rock
|turn|27
|
|t:|1596415673
|move|p1a: Tentacruel|Protect|p1a: Tentacruel
|-singleturn|p1a: Tentacruel|Protect
|move|p2a: Scizor|Pursuit|p1a: Tentacruel
|-activate|p1a: Tentacruel|move: Protect
|
|-weather|RainDance|[upkeep]
|-heal|p1a: Tentacruel|22/100|[from] ability: Rain Dish
|-heal|p1a: Tentacruel|29/100|[from] item: Black Sludge
|upkeep
|turn|28
|
|t:|1596415676
|move|p1a: Tentacruel|Scald|p2a: Scizor
|-damage|p2a: Scizor|38/100
|move|p2a: Scizor|Pursuit|p1a: Tentacruel
|-damage|p1a: Tentacruel|0 fnt
|faint|p1a: Tentacruel
|
|win|aetnte
|l|☆closecombat41
|raw|closecombat41's rating: 1395 &rarr; <strong>1370</strong><br />(-25 for losing)
|raw|aetnte's rating: 1312 &rarr; <strong>1336</strong><br />(+24 for winning)
