|j|☆Pineapple8081
|j|☆jawbreakerr
|t:|1721328990
|gametype|singles
|player|p1|Pineapple8081|veteranf|1485
|player|p2|jawbreakerr|youngster-gen4dp|1537
|teamsize|p1|6
|teamsize|p2|6
|gen|5
|tier|[Gen 5] OU
|rated|
|rule|Species Clause: Limit one of each Pokémon
|rule|OHKO Clause: OHKO moves are banned
|rule|Moody Clause: Moody is banned
|rule|Evasion Items Clause: Evasion items are banned
|rule|Evasion Moves Clause: Evasion moves are banned
|rule|Endless Battle Clause: Forcing endless battles is banned
|rule|HP Percentage Mod: HP is shown in percentages
|rule|Evasion Abilities Clause: Evasion abilities are banned
|rule|Sleep Moves Clause: Sleep-inducing moves are banned
|rule|Swagger Clause: Swagger is banned
|rule|Baton Pass Stat Clause: No Baton Passer may have a way to boost its stats
|clearpoke
|poke|p1|Reuniclus, M|item
|poke|p1|Clefable, F|item
|poke|p1|Tyranitar, F|item
|poke|p1|Excadrill, F|item
|poke|p1|Skarmory, M|item
|poke|p1|Alakazam, F|item
|poke|p2|Alakazam, M|item
|poke|p2|Bronzong|item
|poke|p2|Hippowdon, M|item
|poke|p2|Reuniclus, F|item
|poke|p2|Latios, M|item
|poke|p2|Skarmory, M|item
|teampreview
|inactive|Battle timer is ON: inactive players will automatically lose when time's up. (requested by Pineapple8081)
|
|t:|1721329010
|start
|switch|p1a: Clefable|Clefable, F|100/100
|switch|p2a: Hippowdon|Hippowdon, M|100/100
|-weather|Sandstorm|[from] ability: Sand Stream|[of] p2a: Hippowdon
|turn|1
|
|t:|1721329021
|move|p1a: Clefable|Stealth Rock|p2a: Hippowdon
|-sidestart|p2: jawbreakerr|move: Stealth Rock
|move|p2a: Hippowdon|Stealth Rock|p1a: Clefable
|-sidestart|p1: Pineapple8081|move: Stealth Rock
|
|-weather|Sandstorm|[upkeep]
|upkeep
|turn|2
|
|t:|1721329028
|move|p1a: Clefable|Seismic Toss|p2a: Hippowdon
|-damage|p2a: Hippowdon|77/100
|move|p2a: Hippowdon|Whirlwind|p1a: Clefable
|drag|p1a: Reuniclus|Reuniclus, M|100/100
|
|-weather|Sandstorm|[upkeep]
|-heal|p2a: Hippowdon|83/100|[from] item: Leftovers
|upkeep
|turn|3
|
|t:|1721329042
|switch|p2a: Latios|Latios, M|100/100
|-damage|p2a: Latios|88/100|[from] Stealth Rock
|move|p1a: Reuniclus|Psychic|p2a: Latios
|-resisted|p2a: Latios
|-damage|p2a: Latios|70/100
|
|-weather|Sandstorm|[upkeep]
|-damage|p2a: Latios|64/100|[from] Sandstorm
|upkeep
|turn|4
|
|t:|1721329049
|switch|p1a: Tyranitar|Tyranitar, F|100/100
|-damage|p1a: Tyranitar|88/100|[from] Stealth Rock
|move|p2a: Latios|Surf|p1a: Tyranitar
|-supereffective|p1a: Tyranitar
|-damage|p1a: Tyranitar|57/100
|
|-weather|Sandstorm|[upkeep]
|-damage|p2a: Latios|58/100|[from] Sandstorm
|upkeep
|turn|5
|
|t:|1721329068
|-activate|p2a: Latios|move: Pursuit
|move|p1a: Tyranitar|Pursuit|p2a: Latios|[from]Pursuit
|-supereffective|p2a: Latios
|-enditem|p2a: Latios|Colbur Berry|[eat]
|-enditem|p2a: Latios|Colbur Berry|[weaken]
|-damage|p2a: Latios|5/100
|switch|p2a: Skarmory|Skarmory, M|100/100
|-damage|p2a: Skarmory|88/100|[from] Stealth Rock
|
|-weather|Sandstorm|[upkeep]
|-heal|p2a: Skarmory|94/100|[from] item: Leftovers
|upkeep
|turn|6
|
|t:|1721329087
|switch|p2a: Alakazam|Alakazam, M|100/100
|move|p1a: Tyranitar|Thunder Wave|p2a: Alakazam
|-status|p2a: Alakazam|par
|
|-weather|Sandstorm|[upkeep]
|upkeep
|turn|7
|-message|jawbreakerr forfeited.
|
|win|Pineapple8081
|raw|Pineapple8081's rating: 1485 &rarr; <strong>1508</strong><br />(+23 for winning)
|raw|jawbreakerr's rating: 1537 &rarr; <strong>1514</strong><br />(-23 for losing)
|l|☆jawbreakerr
|player|p2|
|l|☆Pineapple8081
|player|p1|
|j|☆Pineapple8081
|player|p1|Pineapple8081|veteranf|
