|j|☆Blossummm
|j|☆killerfishsandiego
|t:|1716684391
|gametype|singles
|player|p1|Blossummm|roxie|1416
|player|p2|killerfishsandiego|266|1500
|teamsize|p1|6
|teamsize|p2|6
|gen|5
|tier|[Gen 5] OU
|rated|
|rule|Species Clause: Limit one of each Pokémon
|rule|OHKO Clause: OHKO moves are banned
|rule|Moody Clause: Moody is banned
|rule|Evasion Items Clause: Evasion items are banned
|rule|Evasion Moves Clause: Evasion moves are banned
|rule|Endless Battle Clause: Forcing endless battles is banned
|rule|HP Percentage Mod: HP is shown in percentages
|rule|Evasion Abilities Clause: Evasion abilities are banned
|rule|Sleep Moves Clause: Sleep-inducing moves are banned
|rule|Swagger Clause: Swagger is banned
|rule|Baton Pass Stat Clause: No Baton Passer may have a way to boost its stats
|clearpoke
|poke|p1|Tyranitar, F|item
|poke|p1|Alakazam, F|item
|poke|p1|Latios, M|item
|poke|p1|Ferrothorn, F|item
|poke|p1|Keldeo|item
|poke|p1|Landorus-Therian, M|item
|poke|p2|Chandelure, F|item
|poke|p2|Azelf|item
|poke|p2|Scizor, M|item
|poke|p2|Terrakion|item
|poke|p2|Kyurem-Black|item
|poke|p2|Jirachi|item
|teampreview
|inactive|Battle timer is ON: inactive players will automatically lose when time's up. (requested by Blossummm)
|
|t:|1716684414
|start
|switch|p1a: Ferrothorn|Ferrothorn, F|100/100
|switch|p2a: Azelf|Azelf|100/100
|turn|1
|
|t:|1716684420
|switch|p1a: Tyranitar|Tyranitar, F, shiny|100/100
|-weather|Sandstorm|[from] ability: Sand Stream|[of] p1a: Tyranitar
|move|p2a: Azelf|Stealth Rock|p1a: Tyranitar
|-sidestart|p1: Blossummm|move: Stealth Rock
|
|-weather|Sandstorm|[upkeep]
|-damage|p2a: Azelf|94/100|[from] Sandstorm
|upkeep
|turn|2
|
|t:|1716684424
|move|p2a: Azelf|Hidden Power|p1a: Tyranitar
|-supereffective|p1a: Tyranitar
|-damage|p1a: Tyranitar|77/100
|move|p1a: Tyranitar|Crunch|p2a: Azelf
|-supereffective|p2a: Azelf
|-damage|p2a: Azelf|0 fnt
|faint|p2a: Azelf
|
|-weather|Sandstorm|[upkeep]
|upkeep
|
|t:|1716684428
|switch|p2a: Terrakion|Terrakion|100/100
|turn|3
|
|t:|1716684435
|move|p2a: Terrakion|Stone Edge|p1a: Tyranitar
|-damage|p1a: Tyranitar|21/100
|move|p1a: Tyranitar|Thunder Wave|p2a: Terrakion
|-status|p2a: Terrakion|par
|
|-weather|Sandstorm|[upkeep]
|upkeep
|turn|4
|
|t:|1716684439
|switch|p1a: Keldeo|Keldeo|100/100
|-damage|p1a: Keldeo|94/100|[from] Stealth Rock
|move|p2a: Terrakion|Stone Edge|p1a: Keldeo
|-resisted|p1a: Keldeo
|-damage|p1a: Keldeo|46/100
|
|-weather|Sandstorm|[upkeep]
|-damage|p1a: Keldeo|40/100|[from] Sandstorm
|-heal|p1a: Keldeo|46/100|[from] item: Leftovers
|upkeep
|turn|5
|
|t:|1716684446
|switch|p2a: Jirachi|Jirachi|100/100
|move|p1a: Keldeo|Scald|p2a: Jirachi
|-damage|p2a: Jirachi|61/100
|
|-weather|Sandstorm|[upkeep]
|-damage|p1a: Keldeo|40/100|[from] Sandstorm
|-heal|p1a: Keldeo|46/100|[from] item: Leftovers
|upkeep
|turn|6
|
|t:|1716684452
|move|p2a: Jirachi|U-turn|p1a: Keldeo
|-resisted|p1a: Keldeo
|-damage|p1a: Keldeo|34/100
|
|t:|1716684459
|switch|p2a: Scizor|Scizor, M|100/100|[from] U-turn
|move|p1a: Keldeo|Scald|p2a: Scizor
|-damage|p2a: Scizor|45/100
|
|-weather|Sandstorm|[upkeep]
|-damage|p1a: Keldeo|27/100|[from] Sandstorm
|-heal|p1a: Keldeo|34/100|[from] item: Leftovers
|upkeep
|turn|7
|
|t:|1716684467
|move|p2a: Scizor|Bullet Punch|p1a: Keldeo
|-resisted|p1a: Keldeo
|-crit|p1a: Keldeo
|-damage|p1a: Keldeo|0 fnt
|faint|p1a: Keldeo
|-damage|p2a: Scizor|35/100|[from] item: Life Orb
|
|-weather|Sandstorm|[upkeep]
|upkeep
|
|t:|1716684470
|switch|p1a: Landorus|Landorus-Therian, M|100/100
|-damage|p1a: Landorus|88/100|[from] Stealth Rock
|-ability|p1a: Landorus|Intimidate|boost
|-unboost|p2a: Scizor|atk|1
|turn|8
|
|t:|1716684477
|move|p2a: Scizor|Bullet Punch|p1a: Landorus
|-damage|p1a: Landorus|62/100
|-damage|p2a: Scizor|25/100|[from] item: Life Orb
|move|p1a: Landorus|Earthquake|p2a: Scizor
|-damage|p2a: Scizor|0 fnt
|faint|p2a: Scizor
|
|-weather|Sandstorm|[upkeep]
|-heal|p1a: Landorus|69/100|[from] item: Leftovers
|upkeep
|
|t:|1716684479
|switch|p2a: Kyurem|Kyurem-Black|100/100
|-ability|p2a: Kyurem|Teravolt
|turn|9
|
|t:|1716684483
|move|p2a: Kyurem|Substitute|p2a: Kyurem
|-start|p2a: Kyurem|Substitute
|-damage|p2a: Kyurem|76/100
|move|p1a: Landorus|U-turn|p2a: Kyurem
|-crit|p2a: Kyurem
|-end|p2a: Kyurem|Substitute
|
|t:|1716684486
|switch|p1a: Ferrothorn|Ferrothorn, F|100/100|[from] U-turn
|-damage|p1a: Ferrothorn|95/100|[from] Stealth Rock
|
|-weather|Sandstorm|[upkeep]
|-damage|p2a: Kyurem|69/100|[from] Sandstorm
|upkeep
|turn|10
|c|☆killerfishsandiego|ofc
|
|t:|1716684494
|switch|p2a: Chandelure|Chandelure, F|100/100
|move|p1a: Ferrothorn|Gyro Ball|p2a: Chandelure
|-resisted|p2a: Chandelure
|-damage|p2a: Chandelure|80/100
|
|-weather|Sandstorm|[upkeep]
|-damage|p2a: Chandelure|73/100|[from] Sandstorm
|-heal|p2a: Chandelure|80/100|[from] item: Leftovers
|upkeep
|turn|11
|
|t:|1716684500
|switch|p1a: Tyranitar|Tyranitar, F, shiny|21/100
|-damage|p1a: Tyranitar|9/100|[from] Stealth Rock
|move|p2a: Chandelure|Acid Armor|p2a: Chandelure
|-boost|p2a: Chandelure|def|2
|
|-weather|Sandstorm|[upkeep]
|-damage|p2a: Chandelure|73/100|[from] Sandstorm
|-heal|p2a: Chandelure|80/100|[from] item: Leftovers
|upkeep
|turn|12
|
|t:|1716684505
|move|p2a: Chandelure|Shadow Ball|p1a: Tyranitar
|-resisted|p1a: Tyranitar
|-damage|p1a: Tyranitar|0 fnt
|faint|p1a: Tyranitar
|
|-weather|Sandstorm|[upkeep]
|-damage|p2a: Chandelure|73/100|[from] Sandstorm
|-heal|p2a: Chandelure|80/100|[from] item: Leftovers
|upkeep
|
|t:|1716684518
|switch|p1a: Alakazam|Alakazam, F|100/100
|turn|13
|
|t:|1716684521
|move|p1a: Alakazam|Shadow Ball|p2a: Chandelure
|-supereffective|p2a: Chandelure
|-damage|p2a: Chandelure|4/100
|move|p2a: Chandelure|Shadow Ball|p1a: Alakazam
|-supereffective|p1a: Alakazam
|-damage|p1a: Alakazam|0 fnt
|faint|p1a: Alakazam
|
|-weather|Sandstorm|[upkeep]
|-damage|p2a: Chandelure|0 fnt|[from] Sandstorm
|faint|p2a: Chandelure
|upkeep
|
|t:|1716684539
|switch|p1a: Latios|Latios, M|100/100
|switch|p2a: Jirachi|Jirachi|61/100
|-damage|p1a: Latios|88/100|[from] Stealth Rock
|turn|14
|
|t:|1716684542
|move|p1a: Latios|Surf|p2a: Jirachi
|-damage|p2a: Jirachi|26/100
|move|p2a: Jirachi|U-turn|p1a: Latios
|-supereffective|p1a: Latios
|-damage|p1a: Latios|30/100
|
|t:|1716684545
|switch|p2a: Kyurem|Kyurem-Black|69/100|[from] U-turn
|-ability|p2a: Kyurem|Teravolt
|
|-weather|Sandstorm|[upkeep]
|-damage|p1a: Latios|24/100|[from] Sandstorm
|-damage|p2a: Kyurem|63/100|[from] Sandstorm
|upkeep
|turn|15
|
|t:|1716684549
|switch|p1a: Ferrothorn|Ferrothorn, F|95/100
|-damage|p1a: Ferrothorn|89/100|[from] Stealth Rock
|move|p2a: Kyurem|Ice Beam|p1a: Ferrothorn
|-damage|p1a: Ferrothorn|52/100
|
|-weather|Sandstorm|[upkeep]
|-damage|p2a: Kyurem|57/100|[from] Sandstorm
|upkeep
|turn|16
|
|t:|1716684556
|move|p2a: Kyurem|Ice Beam|p1a: Ferrothorn
|-damage|p1a: Ferrothorn|18/100
|move|p1a: Ferrothorn|Gyro Ball|p2a: Kyurem
|-supereffective|p2a: Kyurem
|-enditem|p2a: Kyurem|Babiri Berry|[eat]
|-enditem|p2a: Kyurem|Babiri Berry|[weaken]
|-damage|p2a: Kyurem|3/100
|
|-weather|Sandstorm|[upkeep]
|-damage|p2a: Kyurem|0 fnt|[from] Sandstorm
|faint|p2a: Kyurem
|upkeep
|
|t:|1716684567
|switch|p2a: Jirachi|Jirachi|26/100
|turn|17
|
|t:|1716684572
|move|p2a: Jirachi|Healing Wish|p2a: Jirachi
|faint|p2a: Jirachi
|move|p1a: Ferrothorn|Gyro Ball|p2: Jirachi|[notarget]
|-fail|p1a: Ferrothorn
|
|-weather|Sandstorm|[upkeep]
|upkeep
|
|t:|1716684575
|switch|p2a: Terrakion|Terrakion|100/100 par
|-heal|p2a: Terrakion|100/100|[from] move: Healing Wish
|turn|18
|
|t:|1716684580
|move|p2a: Terrakion|Stone Edge|p1a: Ferrothorn|[miss]
|-miss|p2a: Terrakion|p1a: Ferrothorn
|move|p1a: Ferrothorn|Gyro Ball|p2a: Terrakion
|-supereffective|p2a: Terrakion
|-damage|p2a: Terrakion|0 fnt
|faint|p2a: Terrakion
|
|win|Blossummm
|raw|Blossummm's rating: 1416 &rarr; <strong>1441</strong><br />(+25 for winning)
|raw|killerfishsandiego's rating: 1500 &rarr; <strong>1475</strong><br />(-25 for losing)
|c|☆killerfishsandiego|lmfao
|l|☆Blossummm
|player|p1|
|c|☆killerfishsandiego|just lucky asf
