|j|☆LX.HB24
|j|☆Jaajgko
|t:|1749311724
|gametype|singles
|player|p1|LX.HB24|preschooler|1314
|player|p2|Jaajgko|2|1381
|teamsize|p1|6
|teamsize|p2|6
|gen|5
|tier|[Gen 5] OU
|rated|
|rule|Species Clause: Limit one of each Pokémon
|rule|OHKO Clause: OHKO moves are banned
|rule|Moody Clause: Moody is banned
|rule|Evasion Items Clause: Evasion items are banned
|rule|Evasion Moves Clause: Evasion moves are banned
|rule|Endless Battle Clause: Forcing endless battles is banned
|rule|HP Percentage Mod: HP is shown in percentages
|rule|Evasion Abilities Clause: Evasion abilities are banned
|rule|Sleep Moves Clause: Sleep-inducing moves are banned
|rule|Swagger Clause: Swagger is banned
|rule|Baton Pass Stat Clause: No Baton Passer may have a way to boost its stats
|clearpoke
|poke|p1|Tornadus, M|
|poke|p1|Garchomp, F|item
|poke|p1|Latios, M|item
|poke|p1|Conkeldurr, M|item
|poke|p1|Reuniclus, F|item
|poke|p1|Heatran, F|item
|poke|p2|Hippowdon, M|item
|poke|p2|Skarmory, M|item
|poke|p2|Reuniclus, M|item
|poke|p2|Latias, F|item
|poke|p2|Clefable, F|item
|poke|p2|Magnezone|item
|teampreview
|j| SKT T1 Motherfaker
|inactive|Battle timer is ON: inactive players will automatically lose when time's up. (requested by LX.HB24)
|
|t:|1749311800
|start
|switch|p1a: Latios|Latios, M|100/100
|switch|p2a: Hippowdon|Hippowdon, M|100/100
|-weather|Sandstorm|[from] ability: Sand Stream|[of] p2a: Hippowdon
|turn|1
|inactive|Jaajgko has 120 seconds left.
|
|t:|1749311835
|switch|p2a: Magnezone|Magnezone|100/100
|move|p1a: Latios|Draco Meteor|p2a: Magnezone
|-resisted|p2a: Magnezone
|-damage|p2a: Magnezone|62/100
|-unboost|p1a: Latios|spa|2
|-damage|p1a: Latios|91/100|[from] item: Life Orb
|
|-weather|Sandstorm|[upkeep]
|-damage|p1a: Latios|85/100|[from] Sandstorm
|-heal|p2a: Magnezone|68/100|[from] item: Leftovers
|upkeep
|turn|2
|
|t:|1749311851
|switch|p1a: Heatran|Heatran, F|100/100
|move|p2a: Magnezone|Thunder Wave|p1a: Heatran
|-status|p1a: Heatran|par
|
|-weather|Sandstorm|[upkeep]
|-heal|p2a: Magnezone|74/100|[from] item: Leftovers
|upkeep
|turn|3
|
|t:|1749311861
|switch|p2a: Clefable|Clefable, F|100/100
|cant|p1a: Heatran|par
|
|-weather|Sandstorm|[upkeep]
|upkeep
|turn|4
|
|t:|1749311867
|move|p2a: Clefable|Knock Off|p1a: Heatran
|-resisted|p1a: Heatran
|-damage|p1a: Heatran|99/100 par
|-enditem|p1a: Heatran|Expert Belt|[from] move: Knock Off|[of] p2a: Clefable
|move|p1a: Heatran|Stealth Rock|p2a: Clefable
|-sidestart|p2: Jaajgko|move: Stealth Rock
|
|-weather|Sandstorm|[upkeep]
|upkeep
|turn|5
|
|t:|1749311873
|move|p2a: Clefable|Seismic Toss|p1a: Heatran
|-damage|p1a: Heatran|73/100 par
|move|p1a: Heatran|Lava Plume|p2a: Clefable
|-damage|p2a: Clefable|78/100
|-status|p2a: Clefable|brn
|
|-weather|Sandstorm|[upkeep]
|-heal|p2a: Clefable|84/100 brn|[from] item: Leftovers
|upkeep
|turn|6
|
|t:|1749311896
|move|p2a: Clefable|Knock Off|p1a: Heatran
|-resisted|p1a: Heatran
|-damage|p1a: Heatran|72/100 par
|move|p1a: Heatran|Roar|p2a: Clefable
|drag|p2a: Magnezone|Magnezone|74/100
|-damage|p2a: Magnezone|68/100|[from] Stealth Rock
|
|-weather|Sandstorm|[upkeep]
|-heal|p2a: Magnezone|74/100|[from] item: Leftovers
|upkeep
|turn|7
|
|t:|1749311905
|switch|p2a: Clefable|Clefable, F|84/100 brn
|move|p1a: Heatran|Roar|p2a: Clefable
|drag|p2a: Magnezone|Magnezone|74/100
|-damage|p2a: Magnezone|68/100|[from] Stealth Rock
|
|-weather|Sandstorm|[upkeep]
|-heal|p2a: Magnezone|74/100|[from] item: Leftovers
|upkeep
|turn|8
|
|t:|1749311913
|switch|p2a: Clefable|Clefable, F|84/100 brn
|move|p1a: Heatran|Roar|p2a: Clefable
|drag|p2a: Skarmory|Skarmory, M|100/100
|-damage|p2a: Skarmory|88/100|[from] Stealth Rock
|
|-weather|Sandstorm|[upkeep]
|upkeep
|turn|9
|
|t:|1749311923
|switch|p2a: Clefable|Clefable, F|84/100 brn
|move|p1a: Heatran|Lava Plume|p2a: Clefable
|-damage|p2a: Clefable|61/100 brn
|
|-weather|Sandstorm|[upkeep]
|-heal|p2a: Clefable|68/100 brn|[from] item: Leftovers
|upkeep
|turn|10
|
|t:|1749311930
|move|p2a: Clefable|Soft-Boiled|p2a: Clefable
|-heal|p2a: Clefable|100/100 brn
|cant|p1a: Heatran|par
|
|-weather|Sandstorm|[upkeep]
|upkeep
|turn|11
|
|t:|1749311937
|move|p2a: Clefable|Seismic Toss|p1a: Heatran
|-damage|p1a: Heatran|46/100 par
|move|p1a: Heatran|Roar|p2a: Clefable
|drag|p2a: Latias|Latias, F|100/100
|-damage|p2a: Latias|88/100|[from] Stealth Rock
|
|-weather|Sandstorm|[upkeep]
|-damage|p2a: Latias|82/100|[from] Sandstorm
|upkeep
|turn|12
|
|t:|1749311956
|move|p2a: Latias|Surf|p1a: Heatran
|-supereffective|p1a: Heatran
|-damage|p1a: Heatran|0 fnt
|faint|p1a: Heatran
|
|-weather|Sandstorm|[upkeep]
|-damage|p2a: Latias|76/100|[from] Sandstorm
|upkeep
|
|t:|1749311966
|switch|p1a: Latios|Latios, M|85/100
|turn|13
|inactive|Jaajgko has 120 seconds left.
|
|t:|1749311998
|switch|p2a: Magnezone|Magnezone|74/100
|-damage|p2a: Magnezone|68/100|[from] Stealth Rock
|move|p1a: Latios|Earthquake|p2a: Magnezone
|-supereffective|p2a: Magnezone
|-damage|p2a: Magnezone|0 fnt
|faint|p2a: Magnezone
|-damage|p1a: Latios|75/100|[from] item: Life Orb
|
|-weather|Sandstorm|[upkeep]
|-damage|p1a: Latios|69/100|[from] Sandstorm
|upkeep
|
|t:|1749312008
|switch|p2a: Hippowdon|Hippowdon, M|100/100
|-damage|p2a: Hippowdon|94/100|[from] Stealth Rock
|turn|14
|
|t:|1749312016
|move|p1a: Latios|Draco Meteor|p2a: Hippowdon
|-damage|p2a: Hippowdon|23/100
|-unboost|p1a: Latios|spa|2
|-damage|p1a: Latios|59/100|[from] item: Life Orb
|move|p2a: Hippowdon|Stealth Rock|p1a: Latios
|-sidestart|p1: LX.HB24|move: Stealth Rock
|
|-weather|Sandstorm|[upkeep]
|-damage|p1a: Latios|53/100|[from] Sandstorm
|-heal|p2a: Hippowdon|29/100|[from] item: Leftovers
|upkeep
|turn|15
|inactive|Jaajgko has 120 seconds left.
|
|t:|1749312027
|switch|p2a: Clefable|Clefable, F|100/100 brn
|move|p1a: Latios|Draco Meteor|p2a: Clefable
|-damage|p2a: Clefable|71/100 brn
|-unboost|p1a: Latios|spa|2
|-damage|p1a: Latios|43/100|[from] item: Life Orb
|
|-weather|Sandstorm|[upkeep]
|-damage|p1a: Latios|37/100|[from] Sandstorm
|-heal|p2a: Clefable|77/100 brn|[from] item: Leftovers
|upkeep
|turn|16
|
|t:|1749312053
|switch|p1a: Tornadus|Tornadus, M|100/100
|-damage|p1a: Tornadus|76/100|[from] Stealth Rock
|move|p2a: Clefable|Soft-Boiled|p2a: Clefable
|-heal|p2a: Clefable|100/100 brn
|
|-weather|Sandstorm|[upkeep]
|-damage|p1a: Tornadus|70/100|[from] Sandstorm
|upkeep
|turn|17
|
|t:|1749312064
|move|p1a: Tornadus|Acrobatics|p2a: Clefable
|-damage|p2a: Clefable|44/100 brn
|move|p2a: Clefable|Thunder Wave|p1a: Tornadus
|-status|p1a: Tornadus|par
|
|-weather|Sandstorm|[upkeep]
|-damage|p1a: Tornadus|64/100 par|[from] Sandstorm
|-heal|p2a: Clefable|50/100 brn|[from] item: Leftovers
|upkeep
|turn|18
|
|t:|1749312069
|move|p2a: Clefable|Soft-Boiled|p2a: Clefable
|-heal|p2a: Clefable|99/100 brn
|move|p1a: Tornadus|Superpower|p2a: Clefable
|-supereffective|p2a: Clefable
|-damage|p2a: Clefable|9/100 brn
|-unboost|p1a: Tornadus|atk|1
|-unboost|p1a: Tornadus|def|1
|
|-weather|Sandstorm|[upkeep]
|-damage|p1a: Tornadus|58/100 par|[from] Sandstorm
|-heal|p2a: Clefable|15/100 brn|[from] item: Leftovers
|upkeep
|turn|19
|
|t:|1749312078
|move|p2a: Clefable|Soft-Boiled|p2a: Clefable
|-heal|p2a: Clefable|65/100 brn
|move|p1a: Tornadus|Superpower|p2a: Clefable
|-supereffective|p2a: Clefable
|-damage|p2a: Clefable|8/100 brn
|-unboost|p1a: Tornadus|atk|1
|-unboost|p1a: Tornadus|def|1
|
|-weather|Sandstorm|[upkeep]
|-damage|p1a: Tornadus|52/100 par|[from] Sandstorm
|-heal|p2a: Clefable|14/100 brn|[from] item: Leftovers
|upkeep
|turn|20
|
|t:|1749312085
|switch|p1a: Garchomp|Garchomp, F|100/100
|-damage|p1a: Garchomp|94/100|[from] Stealth Rock
|move|p2a: Clefable|Soft-Boiled|p2a: Clefable
|-heal|p2a: Clefable|64/100 brn
|
|-weather|Sandstorm|[upkeep]
|-heal|p2a: Clefable|70/100 brn|[from] item: Leftovers
|upkeep
|turn|21
|
|t:|1749312101
|switch|p2a: Skarmory|Skarmory, M|88/100
|-damage|p2a: Skarmory|76/100|[from] Stealth Rock
|move|p1a: Garchomp|Earthquake|p2a: Skarmory
|-immune|p2a: Skarmory
|
|-weather|Sandstorm|[upkeep]
|upkeep
|turn|22
|
|t:|1749312104
|move|p1a: Garchomp|Swords Dance|p1a: Garchomp
|-boost|p1a: Garchomp|atk|2
|move|p2a: Skarmory|Spikes|p1a: Garchomp
|-sidestart|p1: LX.HB24|Spikes
|
|-weather|Sandstorm|[upkeep]
|upkeep
|turn|23
|
|t:|1749312109
|move|p1a: Garchomp|Fire Fang|p2a: Skarmory
|-supereffective|p2a: Skarmory
|-damage|p2a: Skarmory|0 fnt
|-damage|p1a: Garchomp|78/100|[from] item: Rocky Helmet|[of] p2a: Skarmory
|faint|p2a: Skarmory
|-damage|p1a: Garchomp|68/100|[from] item: Life Orb
|
|-weather|Sandstorm|[upkeep]
|upkeep
|
|t:|1749312112
|switch|p2a: Latias|Latias, F|76/100
|-damage|p2a: Latias|64/100|[from] Stealth Rock
|turn|24
|
|t:|1749312134
|switch|p1a: Conkeldurr|Conkeldurr, M|100/100
|-damage|p1a: Conkeldurr|94/100|[from] Stealth Rock
|-damage|p1a: Conkeldurr|82/100|[from] Spikes
|move|p2a: Latias|Draco Meteor|p1a: Conkeldurr
|-damage|p1a: Conkeldurr|29/100
|-unboost|p2a: Latias|spa|2
|
|-weather|Sandstorm|[upkeep]
|-damage|p2a: Latias|58/100|[from] Sandstorm
|-damage|p1a: Conkeldurr|23/100|[from] Sandstorm
|-heal|p1a: Conkeldurr|29/100|[from] item: Leftovers
|upkeep
|turn|25
|
|t:|1749312146
|switch|p2a: Reuniclus|Reuniclus, M|100/100
|move|p1a: Conkeldurr|Payback|p2a: Reuniclus
|-supereffective|p2a: Reuniclus
|-damage|p2a: Reuniclus|79/100
|
|-weather|Sandstorm|[upkeep]
|-damage|p1a: Conkeldurr|23/100|[from] Sandstorm
|-heal|p2a: Reuniclus|85/100|[from] item: Leftovers
|-heal|p1a: Conkeldurr|29/100|[from] item: Leftovers
|upkeep
|turn|26
|
|t:|1749312165
|switch|p1a: Reuniclus|Reuniclus, F|100/100
|move|p2a: Reuniclus|Psyshock|p1a: Reuniclus
|-resisted|p1a: Reuniclus
|-damage|p1a: Reuniclus|84/100
|
|-weather|Sandstorm|[upkeep]
|-heal|p2a: Reuniclus|91/100|[from] item: Leftovers
|upkeep
|turn|27
|
|t:|1749312178
|move|p2a: Reuniclus|Calm Mind|p2a: Reuniclus
|-boost|p2a: Reuniclus|spa|1
|-boost|p2a: Reuniclus|spd|1
|move|p1a: Reuniclus|Shadow Ball|p2a: Reuniclus
|-supereffective|p2a: Reuniclus
|-damage|p2a: Reuniclus|47/100
|-unboost|p2a: Reuniclus|spd|1
|
|-weather|Sandstorm|[upkeep]
|-heal|p2a: Reuniclus|53/100|[from] item: Leftovers
|upkeep
|turn|28
|
|t:|1749312194
|switch|p2a: Clefable|Clefable, F|70/100 brn
|move|p1a: Reuniclus|Shadow Ball|p2a: Clefable
|-immune|p2a: Clefable
|
|-weather|Sandstorm|[upkeep]
|-heal|p2a: Clefable|76/100 brn|[from] item: Leftovers
|upkeep
|turn|29
|inactive|Jaajgko has 120 seconds left.
|inactive|Jaajgko has 90 seconds left.
|inactive|Jaajgko has 60 seconds left.
|inactive|Jaajgko has 30 seconds left.
|inactive|Jaajgko has 20 seconds left.
|inactive|Jaajgko has 15 seconds left.
|
|t:|1749312333
|move|p2a: Clefable|Thunder Wave|p1a: Reuniclus
|-status|p1a: Reuniclus|par
|move|p1a: Reuniclus|Focus Blast|p2a: Clefable
|-supereffective|p2a: Clefable
|-damage|p2a: Clefable|0 fnt
|faint|p2a: Clefable
|
|-weather|Sandstorm|[upkeep]
|upkeep
|inactive|Jaajgko has 15 seconds left this turn.
|
|t:|1749312336
|switch|p2a: Latias|Latias, F|58/100
|-damage|p2a: Latias|46/100|[from] Stealth Rock
|turn|30
|inactive|Jaajgko has 25 seconds left this turn.
|inactive|LX.HB24 has 120 seconds left.
|
|t:|1749312360
|switch|p1a: Conkeldurr|Conkeldurr, M|29/100
|-damage|p1a: Conkeldurr|23/100|[from] Stealth Rock
|-damage|p1a: Conkeldurr|11/100|[from] Spikes
|move|p2a: Latias|Draco Meteor|p1a: Conkeldurr
|-damage|p1a: Conkeldurr|0 fnt
|-unboost|p2a: Latias|spa|2
|faint|p1a: Conkeldurr
|
|-weather|Sandstorm|[upkeep]
|-damage|p2a: Latias|40/100|[from] Sandstorm
|upkeep
|
|t:|1749312373
|switch|p1a: Latios|Latios, M|37/100
|-damage|p1a: Latios|24/100|[from] Stealth Rock
|turn|31
|inactive|Jaajgko has 30 seconds left.
|inactive|Jaajgko has 20 seconds left.
|
|t:|1749312393
|move|p2a: Latias|Draco Meteor|p1a: Latios
|-supereffective|p1a: Latios
|-crit|p1a: Latios
|-damage|p1a: Latios|0 fnt
|-unboost|p2a: Latias|spa|2
|faint|p1a: Latios
|
|-weather|Sandstorm|[upkeep]
|-damage|p2a: Latias|34/100|[from] Sandstorm
|upkeep
|
|t:|1749312408
|switch|p1a: Reuniclus|Reuniclus, F|84/100 par
|turn|32
|inactive|Jaajgko has 30 seconds left this turn.
|inactive|Jaajgko has 20 seconds left.
|inactive|Jaajgko has 15 seconds left.
|
|t:|1749312423
|switch|p2a: Hippowdon|Hippowdon, M|29/100
|-damage|p2a: Hippowdon|23/100|[from] Stealth Rock
|move|p1a: Reuniclus|Trick Room|p1a: Reuniclus
|-fieldstart|move: Trick Room|[of] p1a: Reuniclus
|
|-weather|Sandstorm|[upkeep]
|-heal|p2a: Hippowdon|29/100|[from] item: Leftovers
|upkeep
|turn|33
|inactive|Jaajgko has 25 seconds left this turn.
|
|t:|1749312429
|move|p1a: Reuniclus|Psyshock|p2a: Hippowdon
|-damage|p2a: Hippowdon|0 fnt
|faint|p2a: Hippowdon
|
|-weather|Sandstorm|[upkeep]
|upkeep
|inactive|Jaajgko has 25 seconds left this turn.
|inactive|Jaajgko has 20 seconds left.
|inactive|Jaajgko has 15 seconds left.
|inactive|Jaajgko has 10 seconds left.
|
|t:|1749312445
|switch|p2a: Reuniclus|Reuniclus, M|53/100
|turn|34
|inactive|Jaajgko has 20 seconds left this turn.
|
|t:|1749312449
|move|p1a: Reuniclus|Shadow Ball|p2a: Reuniclus
|-supereffective|p2a: Reuniclus
|-damage|p2a: Reuniclus|0 fnt
|faint|p2a: Reuniclus
|
|-weather|Sandstorm|[upkeep]
|upkeep
|inactive|Jaajgko has 20 seconds left this turn.
|-message|Jaajgko forfeited.
|
|win|LX.HB24
|raw|LX.HB24's rating: 1314 &rarr; <strong>1339</strong><br />(+25 for winning)
|raw|Jaajgko's rating: 1398 &rarr; <strong>1373</strong><br />(-25 for losing)
|l|☆Jaajgko
|player|p2|
|l|☆LX.HB24
|player|p1|
