|j|☆hf losing
|j|☆Typhlito
|player|p1|hf losing|lady-gen4|1560
|player|p2|Typhlito|#typhlito|1373
|teamsize|p1|6
|teamsize|p2|6
|gametype|singles
|gen|5
|tier|[Gen 5] OU
|rated|
|clearpoke
|poke|p1|Scizor, M|item
|poke|p1|Politoed, M|item
|poke|p1|Tentacruel, M|item
|poke|p1|Thundurus-Therian, M|item
|poke|p1|Ferrothorn, M|item
|poke|p1|Latios, M|item
|poke|p2|Tyranitar, F|item
|poke|p2|Ferrothorn, F|item
|poke|p2|Latios, M|item
|poke|p2|Tangrowth, F|item
|poke|p2|Gliscor, F|item
|poke|p2|Reuniclus, M|item
|rule|Species Clause: Limit one of each Pokémon
|rule|OHKO Clause: OHKO moves are banned
|rule|Moody Clause: Moody is banned
|rule|Evasion Moves Clause: Evasion moves are banned
|rule|Endless Battle Clause: Forcing endless battles is banned
|rule|HP Percentage Mod: HP is shown in percentages
|rule|Evasion Abilities Clause: Evasion abilities are banned
|rule|Baton Pass Clause: Limit one Baton Passer, can't pass Spe and other stats simultaneously
|rule|Sleep Clause: Sleep-inducing moves are banned
|rule|Swagger Clause: Swagger is banned
|teampreview
|j| MonsIsLuck
|c| MonsIsLuck|TYPH
|c|☆hf losing|hf bro
|c| MonsIsLuck|<3
|c|☆Typhlito|oh?
|
|start
|switch|p1a: Thundurus|Thundurus-Therian, M|100/100
|switch|p2a: sticky fingers|Latios, M|100/100
|turn|1
|c|☆Typhlito|whos that
|
|switch|p1a: Tentacruel|Tentacruel, M|100/100
|move|p2a: sticky fingers|Trick|p1a: Tentacruel
|-activate|p2a: sticky fingers|move: Trick|[of] p1a: Tentacruel
|-item|p1a: Tentacruel|Choice Scarf|[from] move: Trick
|-item|p2a: sticky fingers|Black Sludge|[from] move: Trick
|
|-damage|p2a: sticky fingers|88/100|[from] item: Black Sludge
|upkeep
|turn|2
|
|move|p1a: Tentacruel|Scald|p2a: sticky fingers
|-resisted|p2a: sticky fingers
|-crit|p2a: sticky fingers
|-damage|p2a: sticky fingers|62/100
|-status|p2a: sticky fingers|brn
|move|p2a: sticky fingers|Trick|p1a: Tentacruel
|-activate|p2a: sticky fingers|move: Trick|[of] p1a: Tentacruel
|-item|p1a: Tentacruel|Black Sludge|[from] move: Trick
|-item|p2a: sticky fingers|Choice Scarf|[from] move: Trick
|
|-damage|p2a: sticky fingers|50/100 brn|[from] brn
|upkeep
|turn|3
|c|☆hf losing|you dont know me
|c|☆Typhlito|take it back
|c|☆hf losing|i gladly do
|c|☆Typhlito|ah im blanking. my bad >.< remind me?
|
|switch|p2a: van darkholme|Ferrothorn, F|100/100
|move|p1a: Tentacruel|Scald|p2a: van darkholme
|-resisted|p2a: van darkholme
|-damage|p2a: van darkholme|92/100
|-status|p2a: van darkholme|brn
|
|-heal|p2a: van darkholme|99/100 brn|[from] item: Leftovers
|-damage|p2a: van darkholme|86/100 brn|[from] brn
|upkeep
|turn|4
|
|switch|p1a: Thundurus|Thundurus-Therian, M|100/100
|move|p2a: van darkholme|Knock Off|p1a: Thundurus
|-damage|p1a: Thundurus|98/100
|-enditem|p1a: Thundurus|Leftovers|[from] move: Knock Off|[of] p2a: van darkholme
|
|-heal|p2a: van darkholme|92/100 brn|[from] item: Leftovers
|-damage|p2a: van darkholme|80/100 brn|[from] brn
|upkeep
|turn|5
|c|☆hf losing|nah its all good
|c|☆hf losing|you dont know me
|c|☆hf losing|but im a fan
|c|☆hf losing|cuz your avatar is so nice
|j| Innovamania
|c|☆Typhlito|ah thanks n_n
|c|☆hf losing|np
|c| Innovamania|ur avatar is good typhlito
|c| Innovamania|but its not as good as mine
|c| Innovamania|smell ya later
|c|☆Typhlito|dont lie
|inactive|Battle timer is ON: inactive players will automatically lose when time's up. (requested by hf losing)
|
|switch|p2a: hyperkineticrabbit|Reuniclus, M, shiny|100/100
|move|p1a: Thundurus|Substitute|p1a: Thundurus
|-start|p1a: Thundurus|Substitute
|-damage|p1a: Thundurus|73/100
|
|upkeep
|turn|6
|c| Innovamania|its actually pretty good
|c| Innovamania|tbf
|
|move|p1a: Thundurus|Thunder|p2a: hyperkineticrabbit
|-crit|p2a: hyperkineticrabbit
|-damage|p2a: hyperkineticrabbit|0 fnt
|faint|p2a: hyperkineticrabbit
|
|upkeep
|c|☆hf losing|sry
|
|switch|p2a: big zam|Tyranitar, F|100/100
|-weather|Sandstorm|[from] ability: Sand Stream|[of] p2a: big zam
|turn|7
|
|move|p2a: big zam|Crunch|p1a: Thundurus
|-end|p1a: Thundurus|Substitute
|move|p1a: Thundurus|Focus Blast|p2a: big zam
|-supereffective|p2a: big zam
|-damage|p2a: big zam|0 fnt
|faint|p2a: big zam
|
|-weather|Sandstorm|[upkeep]
|-damage|p1a: Thundurus|67/100|[from] Sandstorm
|upkeep
|c|☆Typhlito|not going my way this time
|c|☆hf losing|true
|
|switch|p2a: sticky fingers|Latios, M|50/100 brn
|turn|8
|
|switch|p1a: Ferrothorn|Ferrothorn, M|100/100
|move|p2a: sticky fingers|Psyshock|p1a: Ferrothorn
|-resisted|p1a: Ferrothorn
|-damage|p1a: Ferrothorn|85/100
|
|-weather|Sandstorm|[upkeep]
|-damage|p2a: sticky fingers|44/100 brn|[from] Sandstorm
|-heal|p1a: Ferrothorn|92/100|[from] item: Leftovers
|-damage|p2a: sticky fingers|32/100 brn|[from] brn
|upkeep
|turn|9
|
|switch|p2a: van darkholme|Ferrothorn, F|80/100 brn
|switch|p1a: Politoed|Politoed, M|100/100
|-weather|RainDance|[from] ability: Drizzle|[of] p1a: Politoed
|
|-weather|RainDance|[upkeep]
|-heal|p2a: van darkholme|86/100 brn|[from] item: Leftovers
|-damage|p2a: van darkholme|74/100 brn|[from] brn
|upkeep
|turn|10
|
|switch|p1a: Ferrothorn|Ferrothorn, M|92/100
|move|p2a: van darkholme|Stealth Rock|p1a: Ferrothorn
|-sidestart|p1: hf losing|move: Stealth Rock
|
|-weather|RainDance|[upkeep]
|-heal|p2a: van darkholme|80/100 brn|[from] item: Leftovers
|-heal|p1a: Ferrothorn|98/100|[from] item: Leftovers
|-damage|p2a: van darkholme|67/100 brn|[from] brn
|upkeep
|turn|11
|
|move|p1a: Ferrothorn|Stealth Rock|p2a: van darkholme
|-sidestart|p2: Typhlito|move: Stealth Rock
|move|p2a: van darkholme|Knock Off|p1a: Ferrothorn
|-resisted|p1a: Ferrothorn
|-damage|p1a: Ferrothorn|97/100
|-damage|p2a: van darkholme|55/100 brn|[from] ability: Iron Barbs|[of] p1a: Ferrothorn
|-enditem|p1a: Ferrothorn|Leftovers|[from] move: Knock Off|[of] p2a: van darkholme
|
|-weather|RainDance|[upkeep]
|-heal|p2a: van darkholme|61/100 brn|[from] item: Leftovers
|-damage|p2a: van darkholme|49/100 brn|[from] brn
|upkeep
|turn|12
|
|switch|p2a: me_irl|Tangrowth, F|100/100
|-damage|p2a: me_irl|88/100|[from] Stealth Rock
|move|p1a: Ferrothorn|Spikes|p2a: me_irl
|-sidestart|p2: Typhlito|Spikes
|
|-weather|RainDance|[upkeep]
|-heal|p2a: me_irl|94/100|[from] item: Leftovers
|upkeep
|turn|13
|
|move|p2a: me_irl|Stun Spore|p1a: Ferrothorn
|-status|p1a: Ferrothorn|par
|cant|p1a: Ferrothorn|par
|
|-weather|RainDance|[upkeep]
|-heal|p2a: me_irl|99/100|[from] item: Leftovers
|upkeep
|turn|14
|c|☆hf losing|i bet you´re not looking like that irl
|c|☆Typhlito|na i dont lol
|
|move|p2a: me_irl|Hidden Power|p1a: Ferrothorn
|-supereffective|p1a: Ferrothorn
|-damage|p1a: Ferrothorn|72/100 par
|move|p1a: Ferrothorn|Gyro Ball|p2a: me_irl
|-damage|p2a: me_irl|73/100
|
|-weather|RainDance|[upkeep]
|-heal|p2a: me_irl|79/100|[from] item: Leftovers
|upkeep
|turn|15
|
|switch|p1a: Tentacruel|Tentacruel, M|100/100
|-damage|p1a: Tentacruel|88/100|[from] Stealth Rock
|move|p2a: me_irl|Hidden Power|p1a: Tentacruel
|-resisted|p1a: Tentacruel
|-damage|p1a: Tentacruel|84/100
|
|-weather|RainDance|[upkeep]
|-heal|p1a: Tentacruel|90/100|[from] ability: Rain Dish
|-heal|p1a: Tentacruel|96/100|[from] item: Black Sludge
|-heal|p2a: me_irl|85/100|[from] item: Leftovers
|upkeep
|turn|16
|
|move|p1a: Tentacruel|Toxic|p2a: me_irl
|-status|p2a: me_irl|tox
|move|p2a: me_irl|Worry Seed|p1a: Tentacruel
|-endability|p1a: Tentacruel|Rain Dish|[from] move: Worry Seed
|-ability|p1a: Tentacruel|Insomnia|[from] move: Worry Seed
|
|-weather|RainDance|[upkeep]
|-heal|p1a: Tentacruel|100/100|[from] item: Black Sludge
|-heal|p2a: me_irl|91/100 tox|[from] item: Leftovers
|-damage|p2a: me_irl|85/100 tox|[from] psn
|upkeep
|turn|17
|
|move|p1a: Tentacruel|Rapid Spin|p2a: me_irl
|-damage|p2a: me_irl|84/100 tox
|-sideend|p1: hf losing|Stealth Rock|[from] move: Rapid Spin|[of] p1a: Tentacruel
|move|p2a: me_irl|Stun Spore|p1a: Tentacruel|[miss]
|-miss|p2a: me_irl|p1a: Tentacruel
|
|-weather|RainDance|[upkeep]
|-heal|p2a: me_irl|90/100 tox|[from] item: Leftovers
|-damage|p2a: me_irl|78/100 tox|[from] psn
|upkeep
|turn|18
|inactive|Typhlito has 120 seconds left.
|c|☆Typhlito|yeah i lose
|c|☆Typhlito|gg
|c|☆hf losing|gg
|-message|Typhlito forfeited.
|
|win|hf losing
|l|☆Typhlito
|raw|hf losing's rating: 1561 &rarr; <strong>1571</strong><br />(+10 for winning)
|raw|Typhlito's rating: 1374 &rarr; <strong>1363</strong><br />(-11 for losing)
