|j|☆KingBlonder
|j|☆Teggun Burcs
|player|p1|KingBlonder|137|1311
|player|p2|Teggun Burcs|tierno|1390
|teamsize|p1|6
|teamsize|p2|6
|gametype|singles
|gen|5
|tier|[Gen 5] OU
|rated|
|clearpoke
|poke|p1|Garchomp, F|item
|poke|p1|Kyurem-Black|item
|poke|p1|Dragonite, M|item
|poke|p1|Starmie|item
|poke|p1|Jirachi|item
|poke|p1|Magnezone|item
|poke|p2|Jirachi|item
|poke|p2|Kyurem-Black|item
|poke|p2|Starmie|item
|poke|p2|Magnezone|item
|poke|p2|Dragonite, M|item
|poke|p2|Garchomp, M|item
|rule|Species Clause: Limit one of each Pokémon
|rule|OHKO Clause: OHKO moves are banned
|rule|Moody Clause: Moody is banned
|rule|Evasion Moves Clause: Evasion moves are banned
|rule|Endless Battle Clause: Forcing endless battles is banned
|rule|HP Percentage Mod: HP is shown in percentages
|rule|Evasion Abilities Clause: Evasion abilities are banned
|rule|Baton Pass Clause: Limit one Baton Passer, can't pass Spe and other stats simultaneously
|rule|Sleep Clause: Sleep-inducing moves are banned
|rule|Swagger Clause: Swagger is banned
|teampreview
|c|☆Teggun Burcs|huge
|c|☆KingBlonder|L
|c|☆Teggun Burcs|LOL
|j| Dr. Dildeaux
|c|☆KingBlonder|what r the odds
|
|start
|switch|p1a: Starmie|Starmie|100/100
|switch|p2a: Jirachi|Jirachi|100/100
|turn|1
|
|switch|p1a: Garchomp|Garchomp, F|100/100
|move|p2a: Jirachi|U-turn|p1a: Garchomp
|-damage|p1a: Garchomp|87/100
|-damage|p2a: Jirachi|88/100|[from] ability: Rough Skin|[of] p1a: Garchomp
|
|switch|p2a: Garchomp|Garchomp, M|100/100|[from]move: U-turn
|
|upkeep
|turn|2
|c|☆Teggun Burcs|hehehe
|
|move|p2a: Garchomp|Dragon Claw|p1a: Garchomp
|-supereffective|p1a: Garchomp
|-damage|p1a: Garchomp|0 fnt
|-damage|p2a: Garchomp|88/100|[from] ability: Rough Skin|[of] p1a: Garchomp
|faint|p1a: Garchomp
|
|upkeep
|
|switch|p1a: Starmie|Starmie|100/100
|turn|3
|
|switch|p2a: Jirachi|Jirachi|88/100
|move|p1a: Starmie|Hydro Pump|p2a: Jirachi
|-damage|p2a: Jirachi|36/100
|-damage|p1a: Starmie|91/100|[from] item: Life Orb
|
|-heal|p2a: Jirachi|42/100|[from] item: Leftovers
|upkeep
|turn|4
|
|switch|p1a: Magnezone|Magnezone|100/100
|switch|p2a: Starmie|Starmie|100/100
|
|upkeep
|turn|5
|
|switch|p2a: Garchomp|Garchomp, M|88/100
|switch|p1a: Jirachi|Jirachi|100/100
|
|upkeep
|turn|6
|
|move|p2a: Garchomp|Dragon Claw|p1a: Jirachi
|-resisted|p1a: Jirachi
|-damage|p1a: Jirachi|82/100
|move|p1a: Jirachi|U-turn|p2a: Garchomp
|-damage|p2a: Garchomp|67/100
|-damage|p1a: Jirachi|70/100|[from] ability: Rough Skin|[of] p2a: Garchomp
|
|switch|p1a: Starmie|Starmie|91/100|[from]move: U-turn
|
|upkeep
|turn|7
|
|switch|p2a: Starmie|Starmie|100/100
|move|p1a: Starmie|Hydro Pump|p2a: Starmie
|-resisted|p2a: Starmie
|-damage|p2a: Starmie|47/100
|-damage|p1a: Starmie|81/100|[from] item: Life Orb
|
|upkeep
|turn|8
|c|☆Teggun Burcs|hehehe
|
|switch|p1a: Kyurem|Kyurem-Black|100/100
|-ability|p1a: Kyurem|Teravolt
|move|p2a: Starmie|Thunderbolt|p1a: Kyurem
|-resisted|p1a: Kyurem
|-damage|p1a: Kyurem|77/100
|-damage|p2a: Starmie|37/100|[from] item: Life Orb
|
|upkeep
|turn|9
|
|switch|p2a: Garchomp|Garchomp, M|67/100
|move|p1a: Kyurem|Roost|p1a: Kyurem
|-heal|p1a: Kyurem|100/100
|-singleturn|p1a: Kyurem|move: Roost
|
|upkeep
|turn|10
|
|move|p2a: Garchomp|Earthquake|p1a: Kyurem
|-damage|p1a: Kyurem|48/100
|move|p1a: Kyurem|Ice Beam|p2a: Garchomp
|-supereffective|p2a: Garchomp
|-damage|p2a: Garchomp|0 fnt
|-damage|p1a: Kyurem|38/100|[from] item: Life Orb
|faint|p2a: Garchomp
|
|upkeep
|
|switch|p2a: Starmie|Starmie|37/100
|turn|11
|
|switch|p1a: Jirachi|Jirachi|70/100
|move|p2a: Starmie|Ice Beam|p1a: Jirachi
|-resisted|p1a: Jirachi
|-damage|p1a: Jirachi|50/100
|-damage|p2a: Starmie|27/100|[from] item: Life Orb
|
|upkeep
|turn|12
|
|move|p1a: Jirachi|U-turn|p2a: Starmie
|-supereffective|p2a: Starmie
|-damage|p2a: Starmie|0 fnt
|faint|p2a: Starmie
|
|switch|p1a: Kyurem|Kyurem-Black|38/100|[from]move: U-turn
|-ability|p1a: Kyurem|Teravolt
|
|upkeep
|
|switch|p2a: Dragonite|Dragonite, M|100/100
|turn|13
|
|move|p1a: Kyurem|Ice Beam|p2a: Dragonite
|-supereffective|p2a: Dragonite
|-enditem|p2a: Dragonite|Yache Berry|[eat]
|-enditem|p2a: Dragonite|Yache Berry|[weaken]
|-damage|p2a: Dragonite|0 fnt
|-damage|p1a: Kyurem|28/100|[from] item: Life Orb
|faint|p2a: Dragonite
|
|upkeep
|c|☆Teggun Burcs|oh
|c|☆Teggun Burcs|LO
|c|☆Teggun Burcs|lOL
|c|☆KingBlonder|damn
|c|☆KingBlonder|thats damage
|
|switch|p2a: Magnezone|Magnezone|100/100
|turn|14
|j| outm mmp
|
|switch|p1a: Dragonite|Dragonite, M|100/100
|move|p2a: Magnezone|Hidden Power|p1a: Dragonite
|-resisted|p1a: Dragonite
|-damage|p1a: Dragonite|94/100
|
|upkeep
|turn|15
|
|switch|p2a: Jirachi|Jirachi|42/100
|move|p1a: Dragonite|Dragon Dance|p1a: Dragonite
|-boost|p1a: Dragonite|atk|1
|-boost|p1a: Dragonite|spe|1
|
|-heal|p2a: Jirachi|48/100|[from] item: Leftovers
|upkeep
|turn|16
|
|move|p1a: Dragonite|Fire Punch|p2a: Jirachi
|-supereffective|p2a: Jirachi
|-crit|p2a: Jirachi
|-damage|p2a: Jirachi|0 fnt
|faint|p2a: Jirachi
|
|upkeep
|c|☆KingBlonder|gg
|c|☆Teggun Burcs|gg
|
|switch|p2a: Kyurem|Kyurem-Black|100/100
|-ability|p2a: Kyurem|Teravolt
|turn|17
|
|move|p1a: Dragonite|Outrage|p2a: Kyurem
|-supereffective|p2a: Kyurem
|-damage|p2a: Kyurem|0 fnt
|faint|p2a: Kyurem
|
|upkeep
|
|switch|p2a: Magnezone|Magnezone|100/100
|turn|18
|
|move|p1a: Dragonite|Outrage|p2a: Magnezone|[from]lockedmove
|-resisted|p2a: Magnezone
|-damage|p2a: Magnezone|40/100
|move|p2a: Magnezone|Thunderbolt|p1a: Dragonite
|-damage|p1a: Dragonite|41/100
|
|upkeep
|turn|19
|
|move|p1a: Dragonite|Outrage|p2a: Magnezone|[from]lockedmove
|-resisted|p2a: Magnezone
|-damage|p2a: Magnezone|0 fnt
|-start|p1a: Dragonite|confusion|[fatigue]
|faint|p2a: Magnezone
|
|win|KingBlonder
|l|☆Teggun Burcs
|raw|KingBlonder's rating: 1311 &rarr; <strong>1335</strong><br />(+24 for winning)
|raw|Teggun Burcs's rating: 1390 &rarr; <strong>1366</strong><br />(-24 for losing)
