|j|☆Willthekid65934
|j|☆Primary Trout
|t:|1709948631
|gametype|singles
|player|p1|Willthekid65934|steven|1322
|player|p2|Primary Trout|clay|1348
|teamsize|p1|6
|teamsize|p2|6
|gen|5
|tier|[Gen 5] OU
|rated|
|rule|Species Clause: Limit one of each Pokémon
|rule|OHKO Clause: OHKO moves are banned
|rule|Moody Clause: Moody is banned
|rule|Evasion Items Clause: Evasion items are banned
|rule|Evasion Moves Clause: Evasion moves are banned
|rule|Endless Battle Clause: Forcing endless battles is banned
|rule|HP Percentage Mod: HP is shown in percentages
|rule|Evasion Abilities Clause: Evasion abilities are banned
|rule|Sleep Moves Clause: Sleep-inducing moves are banned
|rule|Swagger Clause: Swagger is banned
|rule|Baton Pass Stat Clause: No Baton Passer may have a way to boost its stats
|clearpoke
|poke|p1|Gliscor, M|item
|poke|p1|Tyranitar, M|item
|poke|p1|Mamoswine, M|item
|poke|p1|Keldeo|item
|poke|p1|Amoonguss, F|item
|poke|p1|Excadrill, M|item
|poke|p2|Tyranitar, M|item
|poke|p2|Kyurem-Black|item
|poke|p2|Magnezone|item
|poke|p2|Jellicent, M|item
|poke|p2|Forretress, M|item
|poke|p2|Latios, M|item
|teampreview
|inactive|Battle timer is ON: inactive players will automatically lose when time's up. (requested by Primary Trout)
|inactive|Willthekid65934 also wants the timer to be on.
|
|t:|1709948642
|start
|switch|p1a: Mole man|Excadrill, M|100/100
|switch|p2a: Forretress|Forretress, M|100/100
|turn|1
|
|t:|1709948654
|switch|p2a: Jellicent|Jellicent, M|100/100
|move|p1a: Mole man|Earthquake|p2a: Jellicent
|-damage|p2a: Jellicent|58/100
|
|-heal|p2a: Jellicent|64/100|[from] item: Leftovers
|upkeep
|turn|2
|
|t:|1709948659
|switch|p1a: Mushroom man|Amoonguss, F|100/100
|move|p2a: Jellicent|Scald|p1a: Mushroom man
|-resisted|p1a: Mushroom man
|-damage|p1a: Mushroom man|93/100
|-status|p1a: Mushroom man|brn
|
|-heal|p2a: Jellicent|71/100|[from] item: Leftovers
|-heal|p1a: Mushroom man|99/100 brn|[from] item: Black Sludge
|-damage|p1a: Mushroom man|87/100 brn|[from] brn
|upkeep
|turn|3
|
|t:|1709948668
|move|p2a: Jellicent|Taunt|p1a: Mushroom man
|-start|p1a: Mushroom man|move: Taunt
|cant|p1a: Mushroom man|move: Taunt|Stun Spore
|
|-heal|p2a: Jellicent|77/100|[from] item: Leftovers
|-heal|p1a: Mushroom man|93/100 brn|[from] item: Black Sludge
|-damage|p1a: Mushroom man|80/100 brn|[from] brn
|upkeep
|turn|4
|
|t:|1709948684
|switch|p2a: Magnezone|Magnezone, shiny|100/100
|move|p1a: Mushroom man|Giga Drain|p2a: Magnezone
|-resisted|p2a: Magnezone
|-damage|p2a: Magnezone|87/100
|-heal|p1a: Mushroom man|85/100 brn|[from] drain|[of] p2a: Magnezone
|
|-heal|p1a: Mushroom man|91/100 brn|[from] item: Black Sludge
|-damage|p1a: Mushroom man|78/100 brn|[from] brn
|upkeep
|turn|5
|
|t:|1709948690
|switch|p1a: Godzilla|Tyranitar, M|100/100
|-weather|Sandstorm|[from] ability: Sand Stream|[of] p1a: Godzilla
|move|p2a: Magnezone|Hidden Power|p1a: Godzilla
|-resisted|p1a: Godzilla
|-damage|p1a: Godzilla|90/100
|
|-weather|Sandstorm|[upkeep]
|upkeep
|turn|6
|
|t:|1709948694
|switch|p2a: Forretress|Forretress, M|100/100
|move|p1a: Godzilla|Superpower|p2a: Forretress
|-damage|p2a: Forretress|79/100
|-unboost|p1a: Godzilla|atk|1
|-unboost|p1a: Godzilla|def|1
|
|-weather|Sandstorm|[upkeep]
|-heal|p2a: Forretress|85/100|[from] item: Leftovers
|upkeep
|turn|7
|
|t:|1709948700
|switch|p1a: Mole man|Excadrill, M|100/100
|switch|p2a: Latios|Latios, M|100/100
|
|-weather|Sandstorm|[upkeep]
|-damage|p2a: Latios|95/100|[from] Sandstorm
|upkeep
|turn|8
|
|t:|1709948704
|move|p1a: Mole man|Protect|p1a: Mole man
|-singleturn|p1a: Mole man|Protect
|move|p2a: Latios|Surf|p1a: Mole man
|-activate|p1a: Mole man|move: Protect
|
|-weather|Sandstorm|[upkeep]
|-damage|p2a: Latios|89/100|[from] Sandstorm
|upkeep
|turn|9
|
|t:|1709948712
|switch|p2a: Kyurem|Kyurem-Black|100/100
|-ability|p2a: Kyurem|Teravolt
|switch|p1a: Mushroom man|Amoonguss, F|100/100 brn
|
|-weather|Sandstorm|[upkeep]
|-damage|p2a: Kyurem|94/100|[from] Sandstorm
|-damage|p1a: Mushroom man|94/100 brn|[from] Sandstorm
|-heal|p1a: Mushroom man|100/100 brn|[from] item: Black Sludge
|-damage|p1a: Mushroom man|88/100 brn|[from] brn
|upkeep
|turn|10
|
|t:|1709948720
|switch|p2a: Magnezone|Magnezone, shiny|87/100
|move|p1a: Mushroom man|Stun Spore|p2a: Magnezone|[miss]
|-miss|p1a: Mushroom man|p2a: Magnezone
|
|-weather|Sandstorm|[upkeep]
|-damage|p1a: Mushroom man|82/100 brn|[from] Sandstorm
|-heal|p1a: Mushroom man|88/100 brn|[from] item: Black Sludge
|-damage|p1a: Mushroom man|76/100 brn|[from] brn
|upkeep
|turn|11
|
|t:|1709948735
|switch|p1a: kirin|Keldeo|100/100
|move|p2a: Magnezone|Flash Cannon|p1a: kirin
|-resisted|p1a: kirin
|-damage|p1a: kirin|62/100
|
|-weather|Sandstorm|[upkeep]
|-damage|p1a: kirin|56/100|[from] Sandstorm
|-heal|p1a: kirin|62/100|[from] item: Leftovers
|upkeep
|turn|12
|
|t:|1709948739
|switch|p2a: Jellicent|Jellicent, M|77/100
|move|p1a: kirin|Secret Sword|p2a: Jellicent
|-immune|p2a: Jellicent
|
|-weather|Sandstorm|[upkeep]
|-damage|p1a: kirin|56/100|[from] Sandstorm
|-damage|p2a: Jellicent|71/100|[from] Sandstorm
|-heal|p1a: kirin|62/100|[from] item: Leftovers
|-heal|p2a: Jellicent|77/100|[from] item: Leftovers
|upkeep
|turn|13
|
|t:|1709948742
|move|p1a: kirin|Toxic|p2a: Jellicent
|-status|p2a: Jellicent|tox
|move|p2a: Jellicent|Taunt|p1a: kirin
|-start|p1a: kirin|move: Taunt
|
|-weather|Sandstorm|[upkeep]
|-damage|p1a: kirin|56/100|[from] Sandstorm
|-damage|p2a: Jellicent|71/100 tox|[from] Sandstorm
|-heal|p1a: kirin|62/100|[from] item: Leftovers
|-heal|p2a: Jellicent|77/100 tox|[from] item: Leftovers
|-damage|p2a: Jellicent|71/100 tox|[from] psn
|upkeep
|turn|14
|
|t:|1709948748
|switch|p1a: Mushroom man|Amoonguss, F|100/100 brn
|move|p2a: Jellicent|Scald|p1a: Mushroom man
|-resisted|p1a: Mushroom man
|-damage|p1a: Mushroom man|93/100 brn
|
|-weather|Sandstorm|[upkeep]
|-damage|p2a: Jellicent|64/100 tox|[from] Sandstorm
|-damage|p1a: Mushroom man|87/100 brn|[from] Sandstorm
|-heal|p2a: Jellicent|71/100 tox|[from] item: Leftovers
|-heal|p1a: Mushroom man|93/100 brn|[from] item: Black Sludge
|-damage|p2a: Jellicent|58/100 tox|[from] psn
|-damage|p1a: Mushroom man|80/100 brn|[from] brn
|upkeep
|turn|15
|
|t:|1709948751
|switch|p2a: Tyranitar|Tyranitar, M|100/100
|move|p1a: Mushroom man|Giga Drain|p2a: Tyranitar
|-supereffective|p2a: Tyranitar
|-crit|p2a: Tyranitar
|-damage|p2a: Tyranitar|61/100
|-heal|p1a: Mushroom man|99/100 brn|[from] drain|[of] p2a: Tyranitar
|
|-weather|Sandstorm|[upkeep]
|-damage|p1a: Mushroom man|93/100 brn|[from] Sandstorm
|-heal|p2a: Tyranitar|68/100|[from] item: Leftovers
|-heal|p1a: Mushroom man|99/100 brn|[from] item: Black Sludge
|-damage|p1a: Mushroom man|87/100 brn|[from] brn
|upkeep
|turn|16
|
|t:|1709948755
|move|p2a: Tyranitar|Superpower|p1a: Mushroom man
|-resisted|p1a: Mushroom man
|-damage|p1a: Mushroom man|68/100 brn
|-unboost|p2a: Tyranitar|atk|1
|-unboost|p2a: Tyranitar|def|1
|move|p1a: Mushroom man|Stun Spore|p2a: Tyranitar
|-status|p2a: Tyranitar|par
|
|-weather|Sandstorm|[upkeep]
|-damage|p1a: Mushroom man|62/100 brn|[from] Sandstorm
|-heal|p1a: Mushroom man|68/100 brn|[from] item: Black Sludge
|-heal|p2a: Tyranitar|74/100 par|[from] item: Leftovers
|-damage|p1a: Mushroom man|56/100 brn|[from] brn
|upkeep
|turn|17
|
|t:|1709948758
|move|p1a: Mushroom man|Giga Drain|p2a: Tyranitar
|-supereffective|p2a: Tyranitar
|-damage|p2a: Tyranitar|53/100 par
|-heal|p1a: Mushroom man|66/100 brn|[from] drain|[of] p2a: Tyranitar
|move|p2a: Tyranitar|Stealth Rock|p1a: Mushroom man
|-sidestart|p1: Willthekid65934|move: Stealth Rock
|
|-weather|Sandstorm|[upkeep]
|-damage|p1a: Mushroom man|59/100 brn|[from] Sandstorm
|-heal|p1a: Mushroom man|66/100 brn|[from] item: Black Sludge
|-heal|p2a: Tyranitar|59/100 par|[from] item: Leftovers
|-damage|p1a: Mushroom man|53/100 brn|[from] brn
|upkeep
|turn|18
|
|t:|1709948763
|switch|p2a: Kyurem|Kyurem-Black|94/100
|-ability|p2a: Kyurem|Teravolt
|move|p1a: Mushroom man|Giga Drain|p2a: Kyurem
|-resisted|p2a: Kyurem
|-damage|p2a: Kyurem|82/100
|-heal|p1a: Mushroom man|59/100 brn|[from] drain|[of] p2a: Kyurem
|
|-weather|Sandstorm|[upkeep]
|-damage|p2a: Kyurem|76/100|[from] Sandstorm
|-damage|p1a: Mushroom man|53/100 brn|[from] Sandstorm
|-heal|p1a: Mushroom man|59/100 brn|[from] item: Black Sludge
|-damage|p1a: Mushroom man|46/100 brn|[from] brn
|upkeep
|turn|19
|
|t:|1709948771
|move|p2a: Kyurem|Ice Beam|p1a: Mushroom man
|-supereffective|p1a: Mushroom man
|-damage|p1a: Mushroom man|0 fnt
|faint|p1a: Mushroom man
|
|-weather|Sandstorm|[upkeep]
|-damage|p2a: Kyurem|70/100|[from] Sandstorm
|upkeep
|
|t:|1709948773
|switch|p1a: Mole man|Excadrill, M|100/100
|-damage|p1a: Mole man|97/100|[from] Stealth Rock
|turn|20
|
|t:|1709948776
|switch|p2a: Jellicent|Jellicent, M|58/100 tox
|move|p1a: Mole man|Iron Head|p2a: Jellicent
|-resisted|p2a: Jellicent
|-damage|p2a: Jellicent|34/100 tox
|
|-weather|Sandstorm|[upkeep]
|-damage|p2a: Jellicent|28/100 tox|[from] Sandstorm
|-heal|p1a: Mole man|100/100|[from] item: Leftovers
|-heal|p2a: Jellicent|34/100 tox|[from] item: Leftovers
|-damage|p2a: Jellicent|28/100 tox|[from] psn
|upkeep
|turn|21
|
|t:|1709948780
|switch|p2a: Latios|Latios, M|89/100
|move|p1a: Mole man|Earthquake|p2a: Latios
|-immune|p2a: Latios|[from] ability: Levitate
|
|-weather|Sandstorm|[upkeep]
|-damage|p2a: Latios|83/100|[from] Sandstorm
|upkeep
|turn|22
|
|t:|1709948785
|move|p1a: Mole man|Protect|p1a: Mole man
|-singleturn|p1a: Mole man|Protect
|move|p2a: Latios|Surf|p1a: Mole man
|-activate|p1a: Mole man|move: Protect
|
|-weather|Sandstorm|[upkeep]
|-damage|p2a: Latios|77/100|[from] Sandstorm
|upkeep
|turn|23
|
|t:|1709948791
|switch|p2a: Forretress|Forretress, M|85/100
|switch|p1a: kirin|Keldeo|62/100
|-damage|p1a: kirin|56/100|[from] Stealth Rock
|
|-weather|Sandstorm|[upkeep]
|-damage|p1a: kirin|49/100|[from] Sandstorm
|-heal|p1a: kirin|56/100|[from] item: Leftovers
|-heal|p2a: Forretress|91/100|[from] item: Leftovers
|upkeep
|turn|24
|
|t:|1709948794
|move|p1a: kirin|Scald|p2a: Forretress
|-damage|p2a: Forretress|27/100
|move|p2a: Forretress|Volt Switch|p1a: kirin
|-supereffective|p1a: kirin
|-damage|p1a: kirin|33/100
|
|t:|1709948801
|switch|p2a: Jellicent|Jellicent, M|28/100 tox|[from] Volt Switch
|
|-weather|Sandstorm|[upkeep]
|-damage|p1a: kirin|27/100|[from] Sandstorm
|-damage|p2a: Jellicent|22/100 tox|[from] Sandstorm
|-heal|p1a: kirin|33/100|[from] item: Leftovers
|-heal|p2a: Jellicent|28/100 tox|[from] item: Leftovers
|-damage|p2a: Jellicent|22/100 tox|[from] psn
|upkeep
|turn|25
|
|t:|1709948811
|switch|p1a: Mole man|Excadrill, M|100/100
|-damage|p1a: Mole man|97/100|[from] Stealth Rock
|move|p2a: Jellicent|Recover|p2a: Jellicent
|-heal|p2a: Jellicent|72/100 tox
|
|-weather|Sandstorm|[upkeep]
|-damage|p2a: Jellicent|66/100 tox|[from] Sandstorm
|-heal|p1a: Mole man|100/100|[from] item: Leftovers
|-heal|p2a: Jellicent|72/100 tox|[from] item: Leftovers
|-damage|p2a: Jellicent|60/100 tox|[from] psn
|upkeep
|turn|26
|
|t:|1709948813
|move|p1a: Mole man|Earthquake|p2a: Jellicent
|-damage|p2a: Jellicent|0 fnt
|faint|p2a: Jellicent
|
|-weather|Sandstorm|[upkeep]
|upkeep
|
|t:|1709948819
|switch|p2a: Latios|Latios, M|77/100
|turn|27
|
|t:|1709948822
|move|p1a: Mole man|Protect|p1a: Mole man
|-singleturn|p1a: Mole man|Protect
|move|p2a: Latios|Surf|p1a: Mole man
|-activate|p1a: Mole man|move: Protect
|
|-weather|Sandstorm|[upkeep]
|-damage|p2a: Latios|71/100|[from] Sandstorm
|upkeep
|turn|28
|
|t:|1709948829
|switch|p1a: kirin|Keldeo|33/100
|-damage|p1a: kirin|27/100|[from] Stealth Rock
|move|p2a: Latios|Surf|p1a: kirin
|-resisted|p1a: kirin
|-damage|p1a: kirin|6/100
|
|-weather|Sandstorm|[upkeep]
|-damage|p2a: Latios|65/100|[from] Sandstorm
|-damage|p1a: kirin|0 fnt|[from] Sandstorm
|faint|p1a: kirin
|upkeep
|
|t:|1709948835
|switch|p1a: Manny|Mamoswine, M|100/100
|-damage|p1a: Manny|88/100|[from] Stealth Rock
|turn|29
|
|t:|1709948838
|switch|p2a: Forretress|Forretress, M|27/100
|move|p1a: Manny|Ice Shard|p2a: Forretress
|-resisted|p2a: Forretress
|-damage|p2a: Forretress|17/100
|
|-weather|Sandstorm|[upkeep]
|-heal|p2a: Forretress|23/100|[from] item: Leftovers
|upkeep
|turn|30
|
|t:|1709948845
|switch|p1a: Mole man|Excadrill, M|100/100
|-damage|p1a: Mole man|97/100|[from] Stealth Rock
|move|p2a: Forretress|Gyro Ball|p1a: Mole man
|-resisted|p1a: Mole man
|-damage|p1a: Mole man|79/100
|
|-weather|Sandstorm|[upkeep]
|-heal|p1a: Mole man|85/100|[from] item: Leftovers
|-heal|p2a: Forretress|29/100|[from] item: Leftovers
|upkeep
|turn|31
|
|t:|1709948849
|move|p1a: Mole man|Rapid Spin|p2a: Forretress
|-resisted|p2a: Forretress
|-damage|p2a: Forretress|27/100
|-sideend|p1: Willthekid65934|Stealth Rock|[from] move: Rapid Spin|[of] p1a: Mole man
|move|p2a: Forretress|Spikes|p1a: Mole man
|-sidestart|p1: Willthekid65934|Spikes
|
|-weather|Sandstorm|[upkeep]
|-heal|p1a: Mole man|91/100|[from] item: Leftovers
|-heal|p2a: Forretress|34/100|[from] item: Leftovers
|upkeep
|turn|32
|
|t:|1709948852
|move|p1a: Mole man|Earthquake|p2a: Forretress
|-damage|p2a: Forretress|0 fnt
|faint|p2a: Forretress
|
|-weather|Sandstorm|[upkeep]
|-heal|p1a: Mole man|97/100|[from] item: Leftovers
|upkeep
|
|t:|1709948855
|switch|p2a: Latios|Latios, M|65/100
|turn|33
|
|t:|1709948859
|move|p1a: Mole man|Protect|p1a: Mole man
|-singleturn|p1a: Mole man|Protect
|move|p2a: Latios|Surf|p1a: Mole man
|-activate|p1a: Mole man|move: Protect
|
|-weather|Sandstorm|[upkeep]
|-damage|p2a: Latios|59/100|[from] Sandstorm
|-heal|p1a: Mole man|100/100|[from] item: Leftovers
|upkeep
|turn|34
|
|t:|1709948870
|switch|p1a: Godzilla|Tyranitar, M|90/100
|-damage|p1a: Godzilla|78/100|[from] Spikes
|move|p2a: Latios|Surf|p1a: Godzilla
|-supereffective|p1a: Godzilla
|-damage|p1a: Godzilla|45/100
|
|-weather|Sandstorm|[upkeep]
|-damage|p2a: Latios|53/100|[from] Sandstorm
|upkeep
|turn|35
|
|t:|1709948875
|move|p2a: Latios|Surf|p1a: Godzilla
|-supereffective|p1a: Godzilla
|-damage|p1a: Godzilla|13/100
|move|p1a: Godzilla|Crunch|p2a: Latios
|-supereffective|p2a: Latios
|-damage|p2a: Latios|0 fnt
|faint|p2a: Latios
|
|-weather|Sandstorm|[upkeep]
|upkeep
|
|t:|1709948878
|switch|p2a: Magnezone|Magnezone, shiny|87/100
|turn|36
|
|t:|1709948881
|move|p2a: Magnezone|Flash Cannon|p1a: Godzilla
|-supereffective|p1a: Godzilla
|-damage|p1a: Godzilla|0 fnt
|faint|p1a: Godzilla
|
|-weather|Sandstorm|[upkeep]
|upkeep
|
|t:|1709948886
|switch|p1a: Mole man|Excadrill, M|100/100
|-damage|p1a: Mole man|88/100|[from] Spikes
|turn|37
|
|t:|1709948888
|move|p1a: Mole man|Earthquake|p2a: Magnezone
|-supereffective|p2a: Magnezone
|-damage|p2a: Magnezone|0 fnt
|faint|p2a: Magnezone
|
|-weather|Sandstorm|[upkeep]
|-heal|p1a: Mole man|94/100|[from] item: Leftovers
|upkeep
|
|t:|1709948890
|switch|p2a: Kyurem|Kyurem-Black|70/100
|-ability|p2a: Kyurem|Teravolt
|turn|38
|
|t:|1709948892
|move|p2a: Kyurem|Earth Power|p1a: Mole man
|-supereffective|p1a: Mole man
|-damage|p1a: Mole man|46/100
|move|p1a: Mole man|Iron Head|p2a: Kyurem
|-supereffective|p2a: Kyurem
|-crit|p2a: Kyurem
|-damage|p2a: Kyurem|0 fnt
|faint|p2a: Kyurem
|
|-weather|Sandstorm|[upkeep]
|-heal|p1a: Mole man|52/100|[from] item: Leftovers
|upkeep
|-message|Primary Trout forfeited.
|
|win|Willthekid65934
|raw|Willthekid65934's rating: 1322 &rarr; <strong>1343</strong><br />(+21 for winning)
|raw|Primary Trout's rating: 1348 &rarr; <strong>1327</strong><br />(-21 for losing)
|l|☆Primary Trout
|player|p2|
|c|☆Willthekid65934|Gg
