|j|☆magialice
|j|☆killerfishsandiego
|t:|1731090409
|gametype|singles
|player|p1|magialice|miku-flying|1458
|player|p2|killerfishsandiego|2|1500
|teamsize|p1|6
|teamsize|p2|6
|gen|5
|tier|[Gen 5] OU
|rated|
|rule|Species Clause: Limit one of each Pokémon
|rule|OHKO Clause: OHKO moves are banned
|rule|Moody Clause: Moody is banned
|rule|Evasion Items Clause: Evasion items are banned
|rule|Evasion Moves Clause: Evasion moves are banned
|rule|Endless Battle Clause: Forcing endless battles is banned
|rule|HP Percentage Mod: HP is shown in percentages
|rule|Evasion Abilities Clause: Evasion abilities are banned
|rule|Sleep Moves Clause: Sleep-inducing moves are banned
|rule|Swagger Clause: Swagger is banned
|rule|Baton Pass Stat Clause: No Baton Passer may have a way to boost its stats
|clearpoke
|poke|p1|Tyranitar, F|item
|poke|p1|Keldeo|item
|poke|p1|Terrakion|item
|poke|p1|Landorus-Therian, M|item
|poke|p1|Celebi|item
|poke|p1|Excadrill, M|item
|poke|p2|Tyranitar, M|item
|poke|p2|Rotom-Heat|item
|poke|p2|Terrakion|item
|poke|p2|Alakazam, M|item
|poke|p2|Jellicent, M|item
|poke|p2|Forretress, L99, F|item
|teampreview
|inactive|Battle timer is ON: inactive players will automatically lose when time's up. (requested by magialice)
|
|t:|1731090431
|start
|switch|p1a: Celebi|Celebi|100/100
|switch|p2a: Forretress|Forretress, L99, F|100/100
|turn|1
|
|t:|1731090434
|move|p1a: Celebi|Substitute|p1a: Celebi
|-start|p1a: Celebi|Substitute
|-damage|p1a: Celebi|75/100
|move|p2a: Forretress|Stealth Rock|p1a: Celebi
|-sidestart|p1: magialice|move: Stealth Rock
|
|-heal|p1a: Celebi|82/100|[from] item: Leftovers
|upkeep
|turn|2
|
|t:|1731090436
|move|p1a: Celebi|Baton Pass|p1a: Celebi
|
|t:|1731090444
|switch|p1a: Excadrill|Excadrill, M|100/100|[from] Baton Pass
|-damage|p1a: Excadrill|98/100|[from] Stealth Rock
|move|p2a: Forretress|Spikes|p1a: Excadrill
|-sidestart|p1: magialice|Spikes
|
|-heal|p1a: Excadrill|100/100|[from] item: Leftovers
|upkeep
|turn|3
|
|t:|1731090449
|switch|p2a: Jellicent|Jellicent, M|100/100
|-item|p2a: Jellicent|Air Balloon
|move|p1a: Excadrill|Iron Head|p2a: Jellicent
|-resisted|p2a: Jellicent
|-damage|p2a: Jellicent|76/100
|-enditem|p2a: Jellicent|Air Balloon
|
|upkeep
|turn|4
|
|t:|1731090455
|move|p1a: Excadrill|Swords Dance|p1a: Excadrill
|-boost|p1a: Excadrill|atk|2
|move|p2a: Jellicent|Hidden Power|p1a: Excadrill
|-supereffective|p1a: Excadrill
|-end|p1a: Excadrill|Substitute
|
|upkeep
|turn|5
|
|t:|1731090458
|switch|p2a: Rotom|Rotom-Heat|100/100
|move|p1a: Excadrill|Earthquake|p2a: Rotom
|-immune|p2a: Rotom|[from] ability: Levitate
|
|upkeep
|turn|6
|
|t:|1731090463
|switch|p1a: Keldeo|Keldeo|100/100
|-damage|p1a: Keldeo|94/100|[from] Stealth Rock
|-damage|p1a: Keldeo|82/100|[from] Spikes
|move|p2a: Rotom|Overheat|p1a: Keldeo
|-resisted|p1a: Keldeo
|-damage|p1a: Keldeo|48/100
|-unboost|p2a: Rotom|spa|2
|
|-heal|p1a: Keldeo|55/100|[from] item: Leftovers
|upkeep
|turn|7
|
|t:|1731090469
|switch|p2a: Forretress|Forretress, L99, F|100/100
|move|p1a: Keldeo|Scald|p2a: Forretress
|-damage|p2a: Forretress|56/100
|-status|p2a: Forretress|brn
|
|-heal|p1a: Keldeo|61/100|[from] item: Leftovers
|-damage|p2a: Forretress|44/100 brn|[from] brn
|upkeep
|turn|8
|
|t:|1731090478
|switch|p1a: Excadrill|Excadrill, M|100/100
|-damage|p1a: Excadrill|98/100|[from] Stealth Rock
|-damage|p1a: Excadrill|85/100|[from] Spikes
|switch|p2a: Jellicent|Jellicent, M|76/100
|
|-heal|p1a: Excadrill|91/100|[from] item: Leftovers
|upkeep
|turn|9
|
|t:|1731090483
|switch|p1a: Celebi|Celebi|82/100
|-damage|p1a: Celebi|69/100|[from] Stealth Rock
|-damage|p1a: Celebi|57/100|[from] Spikes
|move|p2a: Jellicent|Hydro Pump|p1a: Celebi
|-resisted|p1a: Celebi
|-damage|p1a: Celebi|41/100
|
|-heal|p1a: Celebi|47/100|[from] item: Leftovers
|upkeep
|turn|10
|
|t:|1731090490
|switch|p2a: Rotom|Rotom-Heat|100/100
|move|p1a: Celebi|Recover|p1a: Celebi
|-heal|p1a: Celebi|97/100
|
|-heal|p1a: Celebi|100/100|[from] item: Leftovers
|upkeep
|turn|11
|
|t:|1731090495
|move|p2a: Rotom|Overheat|p1a: Celebi
|-supereffective|p1a: Celebi
|-damage|p1a: Celebi|23/100
|-unboost|p2a: Rotom|spa|2
|move|p1a: Celebi|Recover|p1a: Celebi
|-heal|p1a: Celebi|73/100
|
|-heal|p1a: Celebi|79/100|[from] item: Leftovers
|upkeep
|turn|12
|
|t:|1731090499
|move|p2a: Rotom|Volt Switch|p1a: Celebi
|-resisted|p1a: Celebi
|-damage|p1a: Celebi|75/100
|
|t:|1731090506
|switch|p2a: Forretress|Forretress, L99, F|44/100 brn|[from] Volt Switch
|move|p1a: Celebi|Psychic|p2a: Forretress
|-resisted|p2a: Forretress
|-damage|p2a: Forretress|26/100 brn
|
|-heal|p1a: Celebi|81/100|[from] item: Leftovers
|-damage|p2a: Forretress|14/100 brn|[from] brn
|upkeep
|turn|13
|-enditem|p2a: Forretress|Custap Berry|[eat]
|-activate|p2a: Forretress|item: Custap Berry|[consumed]
|
|t:|1731090510
|move|p2a: Forretress|Spikes|p1a: Celebi
|-sidestart|p1: magialice|Spikes
|move|p1a: Celebi|Baton Pass|p1a: Celebi
|
|t:|1731090513
|switch|p1a: Excadrill|Excadrill, M|91/100|[from] Baton Pass
|-damage|p1a: Excadrill|88/100|[from] Stealth Rock
|-damage|p1a: Excadrill|72/100|[from] Spikes
|
|-heal|p1a: Excadrill|78/100|[from] item: Leftovers
|-damage|p2a: Forretress|2/100 brn|[from] brn
|upkeep
|turn|14
|
|t:|1731090520
|switch|p2a: Jellicent|Jellicent, M|76/100
|move|p1a: Excadrill|Earthquake|p2a: Jellicent
|-damage|p2a: Jellicent|21/100
|
|-heal|p1a: Excadrill|84/100|[from] item: Leftovers
|upkeep
|turn|15
|
|t:|1731090524
|switch|p2a: Forretress|Forretress, L99, F|2/100 brn
|move|p1a: Excadrill|Rapid Spin|p2a: Forretress
|-resisted|p2a: Forretress
|-damage|p2a: Forretress|0 fnt
|-sideend|p1: magialice|Spikes|[from] move: Rapid Spin|[of] p1a: Excadrill
|-sideend|p1: magialice|Stealth Rock|[from] move: Rapid Spin|[of] p1a: Excadrill
|faint|p2a: Forretress
|
|-heal|p1a: Excadrill|90/100|[from] item: Leftovers
|upkeep
|
|t:|1731090530
|switch|p2a: Terrakion|Terrakion|100/100
|turn|16
|
|t:|1731090533
|switch|p1a: Landorus|Landorus-Therian, M|100/100
|-ability|p1a: Landorus|Intimidate|boost
|-unboost|p2a: Terrakion|atk|1
|move|p2a: Terrakion|Hidden Power|p1a: Landorus
|-supereffective|p1a: Landorus
|-damage|p1a: Landorus|26/100
|
|upkeep
|turn|17
|
|t:|1731090542
|switch|p2a: Rotom|Rotom-Heat|100/100
|move|p1a: Landorus|Earthquake|p2a: Rotom
|-immune|p2a: Rotom|[from] ability: Levitate
|
|upkeep
|turn|18
|
|t:|1731090545
|switch|p1a: Tyranitar|Tyranitar, F|100/100
|-weather|Sandstorm|[from] ability: Sand Stream|[of] p1a: Tyranitar
|move|p2a: Rotom|Hidden Power|p1a: Tyranitar
|-damage|p1a: Tyranitar|92/100
|
|-weather|Sandstorm|[upkeep]
|-damage|p2a: Rotom|94/100|[from] Sandstorm
|-heal|p2a: Rotom|100/100|[from] item: Leftovers
|upkeep
|turn|19
|
|t:|1731090547
|move|p2a: Rotom|Volt Switch|p1a: Tyranitar
|-damage|p1a: Tyranitar|80/100
|
|t:|1731090549
|switch|p2a: Terrakion|Terrakion|100/100|[from] Volt Switch
|move|p1a: Tyranitar|Stealth Rock|p2a: Terrakion
|-sidestart|p2: killerfishsandiego|move: Stealth Rock
|
|-weather|Sandstorm|[upkeep]
|upkeep
|turn|20
|
|t:|1731090553
|switch|p1a: Celebi|Celebi|81/100
|move|p2a: Terrakion|Stone Edge|p1a: Celebi
|-damage|p1a: Celebi|36/100
|
|-weather|Sandstorm|[upkeep]
|-damage|p1a: Celebi|30/100|[from] Sandstorm
|-heal|p1a: Celebi|36/100|[from] item: Leftovers
|upkeep
|turn|21
|
|t:|1731090556
|switch|p1a: Excadrill|Excadrill, M|90/100
|move|p2a: Terrakion|Stone Edge|p1a: Excadrill
|-resisted|p1a: Excadrill
|-damage|p1a: Excadrill|74/100
|
|-weather|Sandstorm|[upkeep]
|-heal|p1a: Excadrill|81/100|[from] item: Leftovers
|upkeep
|turn|22
|
|t:|1731090564
|switch|p2a: Jellicent|Jellicent, M|21/100
|-damage|p2a: Jellicent|9/100|[from] Stealth Rock
|move|p1a: Excadrill|Earthquake|p2a: Jellicent
|-damage|p2a: Jellicent|0 fnt
|faint|p2a: Jellicent
|
|-weather|Sandstorm|[upkeep]
|-heal|p1a: Excadrill|87/100|[from] item: Leftovers
|upkeep
|
|t:|1731090574
|switch|p2a: Rotom|Rotom-Heat|100/100
|-damage|p2a: Rotom|76/100|[from] Stealth Rock
|turn|23
|
|t:|1731090579
|switch|p1a: Celebi|Celebi|36/100
|move|p2a: Rotom|Volt Switch|p1a: Celebi
|-resisted|p1a: Celebi
|-damage|p1a: Celebi|27/100
|
|t:|1731090585
|switch|p2a: Terrakion|Terrakion|100/100|[from] Volt Switch
|-damage|p2a: Terrakion|94/100|[from] Stealth Rock
|
|-weather|Sandstorm|[upkeep]
|-damage|p1a: Celebi|21/100|[from] Sandstorm
|-heal|p1a: Celebi|27/100|[from] item: Leftovers
|upkeep
|turn|24
|
|t:|1731090599
|move|p2a: Terrakion|Stone Edge|p1a: Celebi
|-damage|p1a: Celebi|0 fnt
|faint|p1a: Celebi
|
|-weather|Sandstorm|[upkeep]
|upkeep
|
|t:|1731090603
|switch|p1a: Excadrill|Excadrill, M|87/100
|turn|25
|
|t:|1731090608
|switch|p2a: Rotom|Rotom-Heat|76/100
|-damage|p2a: Rotom|51/100|[from] Stealth Rock
|switch|p1a: Keldeo|Keldeo|61/100
|
|-weather|Sandstorm|[upkeep]
|-damage|p1a: Keldeo|55/100|[from] Sandstorm
|-damage|p2a: Rotom|45/100|[from] Sandstorm
|-heal|p1a: Keldeo|61/100|[from] item: Leftovers
|-heal|p2a: Rotom|51/100|[from] item: Leftovers
|upkeep
|turn|26
|
|t:|1731090612
|switch|p2a: Tyranitar|Tyranitar, M|100/100
|-damage|p2a: Tyranitar|88/100|[from] Stealth Rock
|move|p1a: Keldeo|Scald|p2a: Tyranitar
|-supereffective|p2a: Tyranitar
|-damage|p2a: Tyranitar|50/100
|
|-weather|Sandstorm|[upkeep]
|-damage|p1a: Keldeo|55/100|[from] Sandstorm
|-heal|p1a: Keldeo|61/100|[from] item: Leftovers
|upkeep
|turn|27
|
|t:|1731090615
|move|p1a: Keldeo|Secret Sword|p2a: Tyranitar
|-supereffective|p2a: Tyranitar
|-enditem|p2a: Tyranitar|Chople Berry|[eat]
|-enditem|p2a: Tyranitar|Chople Berry|[weaken]
|-damage|p2a: Tyranitar|0 fnt
|faint|p2a: Tyranitar
|
|-weather|Sandstorm|[upkeep]
|-damage|p1a: Keldeo|55/100|[from] Sandstorm
|-heal|p1a: Keldeo|61/100|[from] item: Leftovers
|upkeep
|
|t:|1731090622
|switch|p2a: Alakazam|Alakazam, M|100/100
|turn|28
|
|t:|1731090631
|switch|p1a: Tyranitar|Tyranitar, F|80/100
|move|p2a: Alakazam|Focus Blast|p1a: Tyranitar|[miss]
|-miss|p2a: Alakazam|p1a: Tyranitar
|
|-weather|Sandstorm|[upkeep]
|upkeep
|turn|29
|
|t:|1731090642
|-activate|p2a: Alakazam|move: Pursuit
|move|p1a: Tyranitar|Pursuit|p2a: Alakazam|[from]Pursuit
|-supereffective|p2a: Alakazam
|-enditem|p2a: Alakazam|Focus Sash
|-damage|p2a: Alakazam|1/100
|switch|p2a: Terrakion|Terrakion|94/100
|-damage|p2a: Terrakion|88/100|[from] Stealth Rock
|
|-weather|Sandstorm|[upkeep]
|upkeep
|turn|30
|
|t:|1731090646
|move|p2a: Terrakion|Close Combat|p1a: Tyranitar
|-supereffective|p1a: Tyranitar
|-enditem|p1a: Tyranitar|Chople Berry|[eat]
|-enditem|p1a: Tyranitar|Chople Berry|[weaken]
|-damage|p1a: Tyranitar|0 fnt
|-unboost|p2a: Terrakion|def|1
|-unboost|p2a: Terrakion|spd|1
|faint|p1a: Tyranitar
|
|-weather|Sandstorm|[upkeep]
|upkeep
|
|t:|1731090648
|switch|p1a: Landorus|Landorus-Therian, M|26/100
|-ability|p1a: Landorus|Intimidate|boost
|-unboost|p2a: Terrakion|atk|1
|turn|31
|inactive|killerfishsandiego has 120 seconds left.
|
|t:|1731090702
|switch|p2a: Rotom|Rotom-Heat|51/100
|-damage|p2a: Rotom|26/100|[from] Stealth Rock
|move|p1a: Landorus|Earthquake|p2a: Rotom
|-immune|p2a: Rotom|[from] ability: Levitate
|
|-weather|Sandstorm|[upkeep]
|-damage|p2a: Rotom|20/100|[from] Sandstorm
|-heal|p2a: Rotom|26/100|[from] item: Leftovers
|upkeep
|turn|32
|
|t:|1731090715
|switch|p1a: Keldeo|Keldeo|61/100
|move|p2a: Rotom|Volt Switch|p1a: Keldeo
|-supereffective|p1a: Keldeo
|-damage|p1a: Keldeo|0 fnt
|faint|p1a: Keldeo
|
|t:|1731090728
|switch|p2a: Terrakion|Terrakion|88/100|[from] Volt Switch
|-damage|p2a: Terrakion|82/100|[from] Stealth Rock
|
|-weather|Sandstorm|[upkeep]
|upkeep
|
|t:|1731090730
|switch|p1a: Landorus|Landorus-Therian, M|26/100
|-ability|p1a: Landorus|Intimidate|boost
|-unboost|p2a: Terrakion|atk|1
|turn|33
|
|t:|1731090732
|move|p2a: Terrakion|Hidden Power|p1a: Landorus
|-supereffective|p1a: Landorus
|-damage|p1a: Landorus|0 fnt
|faint|p1a: Landorus
|
|-weather|Sandstorm|[upkeep]
|upkeep
|
|t:|1731090737
|switch|p1a: Terrakion|Terrakion|100/100
|turn|34
|
|t:|1731090744
|switch|p2a: Alakazam|Alakazam, M|1/100
|move|p1a: Terrakion|Close Combat|p2a: Alakazam
|-resisted|p2a: Alakazam
|-damage|p2a: Alakazam|0 fnt
|-unboost|p1a: Terrakion|def|1
|-unboost|p1a: Terrakion|spd|1
|faint|p2a: Alakazam
|
|-weather|Sandstorm|[upkeep]
|upkeep
|
|t:|1731090747
|switch|p2a: Terrakion|Terrakion|82/100
|-damage|p2a: Terrakion|76/100|[from] Stealth Rock
|turn|35
|
|t:|1731090750
|move|p2a: Terrakion|Close Combat|p1a: Terrakion
|-supereffective|p1a: Terrakion
|-damage|p1a: Terrakion|0 fnt
|-unboost|p2a: Terrakion|def|1
|-unboost|p2a: Terrakion|spd|1
|faint|p1a: Terrakion
|
|-weather|Sandstorm|[upkeep]
|upkeep
|-message|magialice forfeited.
|
|win|killerfishsandiego
|raw|magialice's rating: 1458 &rarr; <strong>1440</strong><br />(-18 for losing)
|raw|killerfishsandiego's rating: 1500 &rarr; <strong>1518</strong><br />(+18 for winning)
|l|☆magialice
|player|p1|
