|j|☆refsunpersons
|j|☆Invisible Paradigm
|player|p1|refsunpersons|bruno-gen3
|player|p2|Invisible Paradigm|acetrainer-gen2
|teamsize|p1|6
|teamsize|p2|6
|gametype|singles
|gen|5
|tier|[Gen 5] OU
|rated|
|rule|Sleep Clause Mod: Limit one foe put to sleep
|rule|Species Clause: Limit one of each Pokémon
|rule|OHKO Clause: OHKO moves are banned
|rule|Moody Clause: Moody is banned
|rule|Evasion Moves Clause: Evasion moves are banned
|rule|Endless Battle Clause: Forcing endless battles is banned
|rule|HP Percentage Mod: HP is shown in percentages
|rule|Evasion Abilities Clause: Evasion abilities are banned
|rule|Baton Pass Clause: Limit one Baton Passer, can't pass Spe and other stats simultaneously
|rule|Swagger Clause: Swagger is banned
|clearpoke
|poke|p1|Tyranitar, M|item
|poke|p1|Latias, F|item
|poke|p1|Reuniclus, M|item
|poke|p1|Skarmory, M|item
|poke|p1|Rotom-Wash|item
|poke|p1|Probopass, M|item
|poke|p2|Politoed, F|item
|poke|p2|Tentacruel, F|item
|poke|p2|Skarmory, M|item
|poke|p2|Ludicolo, M|item
|poke|p2|Gliscor, F|item
|poke|p2|Jirachi|item
|teampreview
|c|☆refsunpersons|ohohohoho
|c|☆refsunpersons|first time testing probopass here
|c|☆refsunpersons|gl hf
|c|☆Invisible Paradigm|ahah, pretty scary actually, hf !
|
|start
|switch|p1a: Rotom|Rotom-Wash|100/100
|switch|p2a: Ludicolo|Ludicolo, M|100/100
|turn|1
|
|switch|p1a: Skarmory|Skarmory, M|100/100
|move|p2a: Ludicolo|Scald|p1a: Skarmory
|-damage|p1a: Skarmory|75/100
|-status|p1a: Skarmory|brn
|
|-heal|p1a: Skarmory|81/100 brn|[from] item: Leftovers
|-damage|p1a: Skarmory|69/100 brn|[from] brn
|upkeep
|turn|2
|
|move|p2a: Ludicolo|Scald|p1a: Skarmory
|-damage|p1a: Skarmory|44/100 brn
|move|p1a: Skarmory|Spikes|p2a: Ludicolo
|-sidestart|p2: Invisible Paradigm|Spikes
|
|-heal|p1a: Skarmory|50/100 brn|[from] item: Leftovers
|-damage|p1a: Skarmory|38/100 brn|[from] brn
|upkeep
|turn|3
|
|move|p2a: Ludicolo|Scald|p1a: Skarmory
|-damage|p1a: Skarmory|10/100 brn
|move|p1a: Skarmory|Roost|p1a: Skarmory
|-heal|p1a: Skarmory|61/100 brn
|-singleturn|p1a: Skarmory|move: Roost
|
|-heal|p1a: Skarmory|67/100 brn|[from] item: Leftovers
|-damage|p1a: Skarmory|54/100 brn|[from] brn
|upkeep
|turn|4
|
|switch|p2a: Tentacruel|Tentacruel, F|100/100
|-damage|p2a: Tentacruel|88/100|[from] Spikes
|switch|p1a: Reuniclus|Reuniclus, M|100/100
|
|-heal|p2a: Tentacruel|94/100|[from] item: Black Sludge
|upkeep
|turn|5
|
|move|p2a: Tentacruel|Protect|p2a: Tentacruel
|-singleturn|p2a: Tentacruel|Protect
|move|p1a: Reuniclus|Psyshock|p2a: Tentacruel
|-activate|p2a: Tentacruel|move: Protect
|
|-heal|p2a: Tentacruel|99/100|[from] item: Black Sludge
|upkeep
|turn|6
|
|switch|p1a: Rotom|Rotom-Wash|100/100
|move|p2a: Tentacruel|Toxic Spikes|p1a: Rotom
|-sidestart|p1: refsunpersons|move: Toxic Spikes
|
|-heal|p2a: Tentacruel|100/100|[from] item: Black Sludge
|upkeep
|turn|7
|
|move|p2a: Tentacruel|Scald|p1a: Rotom
|-resisted|p1a: Rotom
|-damage|p1a: Rotom|92/100
|move|p1a: Rotom|Volt Switch|p2a: Tentacruel
|-supereffective|p2a: Tentacruel
|-damage|p2a: Tentacruel|56/100
|
|switch|p1a: Reuniclus|Reuniclus, M|100/100
|-status|p1a: Reuniclus|psn
|
|-heal|p2a: Tentacruel|62/100|[from] item: Black Sludge
|upkeep
|turn|8
|
|switch|p2a: Jirachi|Jirachi|100/100
|-damage|p2a: Jirachi|88/100|[from] Spikes
|move|p1a: Reuniclus|Calm Mind|p1a: Reuniclus
|-boost|p1a: Reuniclus|spa|1
|-boost|p1a: Reuniclus|spd|1
|
|-heal|p2a: Jirachi|94/100|[from] item: Leftovers
|upkeep
|turn|9
|
|move|p2a: Jirachi|Iron Head|p1a: Reuniclus
|-damage|p1a: Reuniclus|81/100 psn
|cant|p1a: Reuniclus|flinch
|
|-heal|p2a: Jirachi|100/100|[from] item: Leftovers
|-heal|p1a: Reuniclus|87/100 psn|[from] item: Leftovers
|upkeep
|turn|10
|
|switch|p1a: Probopass|Probopass, M|100/100
|-item|p1a: Probopass|Air Balloon
|move|p2a: Jirachi|Iron Head|p1a: Probopass
|-crit|p1a: Probopass
|-damage|p1a: Probopass|60/100
|-enditem|p1a: Probopass|Air Balloon
|
|upkeep
|turn|11
|
|move|p2a: Jirachi|Iron Head|p1a: Probopass
|-damage|p1a: Probopass|41/100
|move|p1a: Probopass|Thunder Wave|p2a: Jirachi
|-status|p2a: Jirachi|par
|
|upkeep
|turn|12
|
|move|p1a: Probopass|Earthquake|p2a: Jirachi
|-supereffective|p2a: Jirachi
|-damage|p2a: Jirachi|66/100 par
|cant|p2a: Jirachi|par
|
|-heal|p2a: Jirachi|72/100 par|[from] item: Leftovers
|upkeep
|turn|13
|
|move|p1a: Probopass|Earthquake|p2a: Jirachi
|-supereffective|p2a: Jirachi
|-damage|p2a: Jirachi|39/100 par
|move|p2a: Jirachi|Wish|p2a: Jirachi
|
|-heal|p2a: Jirachi|45/100 par|[from] item: Leftovers
|upkeep
|turn|14
|
|move|p1a: Probopass|Earthquake|p2a: Jirachi
|-supereffective|p2a: Jirachi
|-damage|p2a: Jirachi|11/100 par
|move|p2a: Jirachi|Body Slam|p1a: Probopass
|-resisted|p1a: Probopass
|-damage|p1a: Probopass|37/100
|-status|p1a: Probopass|par
|
|-heal|p2a: Jirachi|61/100 par|[from] move: Wish|[wisher] Jirachi
|-heal|p2a: Jirachi|67/100 par|[from] item: Leftovers
|upkeep
|turn|15
|
|cant|p2a: Jirachi|par
|cant|p1a: Probopass|par
|
|-heal|p2a: Jirachi|73/100 par|[from] item: Leftovers
|upkeep
|turn|16
|
|move|p2a: Jirachi|Wish|p2a: Jirachi
|cant|p1a: Probopass|par
|
|-heal|p2a: Jirachi|79/100 par|[from] item: Leftovers
|upkeep
|turn|17
|
|move|p2a: Jirachi|Iron Head|p1a: Probopass
|-damage|p1a: Probopass|17/100 par
|cant|p1a: Probopass|flinch
|
|-heal|p2a: Jirachi|100/100 par|[from] move: Wish|[wisher] Jirachi
|upkeep
|turn|18
|c|☆refsunpersons|porbopass is not real
|c|☆Invisible Paradigm|nah, poorbopass got smashed this game, rip
|
|cant|p2a: Jirachi|par
|cant|p1a: Probopass|par
|
|upkeep
|turn|19
|
|move|p2a: Jirachi|Iron Head|p1a: Probopass
|-damage|p1a: Probopass|0 fnt
|faint|p1a: Probopass
|
|upkeep
|
|switch|p1a: Skarmory|Skarmory, M|54/100 brn
|turn|20
|
|switch|p2a: Tentacruel|Tentacruel, F|62/100
|-damage|p2a: Tentacruel|50/100|[from] Spikes
|move|p1a: Skarmory|Whirlwind|p2a: Tentacruel
|drag|p2a: Gliscor|Gliscor, F|100/100
|
|-heal|p1a: Skarmory|60/100 brn|[from] item: Leftovers
|-damage|p1a: Skarmory|48/100 brn|[from] brn
|-status|p2a: Gliscor|tox|[from] item: Toxic Orb
|upkeep
|turn|21
|
|switch|p1a: Rotom|Rotom-Wash|92/100
|move|p2a: Gliscor|Swords Dance|p2a: Gliscor
|-boost|p2a: Gliscor|atk|2
|
|-heal|p1a: Rotom|98/100|[from] item: Leftovers
|upkeep
|turn|22
|
|move|p2a: Gliscor|Facade|p1a: Rotom
|-damage|p1a: Rotom|33/100
|move|p1a: Rotom|Hydro Pump|p2a: Gliscor
|-supereffective|p2a: Gliscor
|-damage|p2a: Gliscor|8/100 tox
|
|-heal|p1a: Rotom|38/100|[from] item: Leftovers
|-heal|p2a: Gliscor|20/100 tox|[from] ability: Poison Heal
|upkeep
|turn|23
|
|move|p2a: Gliscor|Facade|p1a: Rotom
|-damage|p1a: Rotom|0 fnt
|faint|p1a: Rotom
|
|-heal|p2a: Gliscor|33/100 tox|[from] ability: Poison Heal
|upkeep
|
|switch|p1a: Latias|Latias, F|100/100
|turn|24
|
|move|p1a: Latias|Calm Mind|p1a: Latias
|-boost|p1a: Latias|spa|1
|-boost|p1a: Latias|spd|1
|move|p2a: Gliscor|Facade|p1a: Latias
|-damage|p1a: Latias|38/100
|
|-heal|p1a: Latias|44/100|[from] item: Leftovers
|-heal|p2a: Gliscor|45/100 tox|[from] ability: Poison Heal
|upkeep
|turn|25
|
|move|p1a: Latias|Dragon Pulse|p2a: Gliscor
|-damage|p2a: Gliscor|0 fnt
|faint|p2a: Gliscor
|
|-heal|p1a: Latias|50/100|[from] item: Leftovers
|upkeep
|
|switch|p2a: Jirachi|Jirachi|100/100 par
|-damage|p2a: Jirachi|88/100 par|[from] Spikes
|turn|26
|
|move|p1a: Latias|Hidden Power|p2a: Jirachi
|-supereffective|p2a: Jirachi
|-damage|p2a: Jirachi|45/100 par
|cant|p2a: Jirachi|par
|
|-heal|p1a: Latias|56/100|[from] item: Leftovers
|-heal|p2a: Jirachi|51/100 par|[from] item: Leftovers
|upkeep
|turn|27
|
|move|p1a: Latias|Dragon Pulse|p2a: Jirachi
|-resisted|p2a: Jirachi
|-damage|p2a: Jirachi|32/100 par
|move|p2a: Jirachi|Wish|p2a: Jirachi
|
|-heal|p1a: Latias|62/100|[from] item: Leftovers
|-heal|p2a: Jirachi|38/100 par|[from] item: Leftovers
|upkeep
|turn|28
|
|move|p1a: Latias|Hidden Power|p2a: Jirachi
|-supereffective|p2a: Jirachi
|-damage|p2a: Jirachi|0 fnt
|faint|p2a: Jirachi
|
|-heal|p1a: Latias|68/100|[from] item: Leftovers
|upkeep
|
|switch|p2a: Politoed|Politoed, F|100/100
|-damage|p2a: Politoed|88/100|[from] Spikes
|-weather|RainDance|[from] ability: Drizzle|[of] p2a: Politoed
|turn|29
|
|switch|p1a: Reuniclus|Reuniclus, M|87/100 psn
|move|p2a: Politoed|Perish Song|p2a: Politoed
|-start|p1a: Reuniclus|perish3|[silent]
|-start|p2a: Politoed|perish3|[silent]
|-fieldactivate|move: Perish Song
|
|-weather|RainDance|[upkeep]
|-heal|p1a: Reuniclus|93/100 psn|[from] item: Leftovers
|-start|p2a: Politoed|perish3
|-start|p1a: Reuniclus|perish3
|upkeep
|turn|30
|
|switch|p2a: Skarmory|Skarmory, M|100/100
|move|p1a: Reuniclus|Calm Mind|p1a: Reuniclus
|-boost|p1a: Reuniclus|spa|1
|-boost|p1a: Reuniclus|spd|1
|
|-weather|RainDance|[upkeep]
|-heal|p1a: Reuniclus|99/100 psn|[from] item: Leftovers
|-start|p1a: Reuniclus|perish2
|upkeep
|turn|31
|
|move|p2a: Skarmory|Stealth Rock|p1a: Reuniclus
|-sidestart|p1: refsunpersons|move: Stealth Rock
|move|p1a: Reuniclus|Focus Blast|p2a: Skarmory
|-damage|p2a: Skarmory|33/100
|
|-weather|RainDance|[upkeep]
|-heal|p1a: Reuniclus|100/100 psn|[from] item: Leftovers
|-start|p1a: Reuniclus|perish1
|upkeep
|turn|32
|
|switch|p1a: Tyranitar|Tyranitar, M|100/100
|-status|p1a: Tyranitar|psn
|-damage|p1a: Tyranitar|88/100 psn|[from] Stealth Rock
|-weather|Sandstorm|[from] ability: Sand Stream|[of] p1a: Tyranitar
|move|p2a: Skarmory|Roost|p2a: Skarmory
|-heal|p2a: Skarmory|83/100
|-singleturn|p2a: Skarmory|move: Roost
|
|-weather|Sandstorm|[upkeep]
|-damage|p1a: Tyranitar|76/100 psn|[from] psn
|upkeep
|turn|33
|
|switch|p2a: Tentacruel|Tentacruel, F|50/100
|-damage|p2a: Tentacruel|37/100|[from] Spikes
|move|p1a: Tyranitar|Stealth Rock|p2a: Tentacruel
|-sidestart|p2: Invisible Paradigm|move: Stealth Rock
|
|-weather|Sandstorm|[upkeep]
|-damage|p2a: Tentacruel|31/100|[from] Sandstorm
|-heal|p2a: Tentacruel|37/100|[from] item: Black Sludge
|-damage|p1a: Tyranitar|63/100 psn|[from] psn
|upkeep
|turn|34
|
|move|p2a: Tentacruel|Rapid Spin|p1a: Tyranitar
|-resisted|p1a: Tyranitar
|-damage|p1a: Tyranitar|62/100 psn
|-sideend|p2: Invisible Paradigm|Spikes|[from] move: Rapid Spin|[of] p2a: Tentacruel
|-sideend|p2: Invisible Paradigm|Stealth Rock|[from] move: Rapid Spin|[of] p2a: Tentacruel
|move|p1a: Tyranitar|Crunch|p2a: Tentacruel
|-damage|p2a: Tentacruel|0 fnt
|faint|p2a: Tentacruel
|
|-weather|Sandstorm|[upkeep]
|-damage|p1a: Tyranitar|50/100 psn|[from] psn
|upkeep
|
|switch|p2a: Politoed|Politoed, F|88/100
|-weather|RainDance|[from] ability: Drizzle|[of] p2a: Politoed
|turn|35
|
|switch|p1a: Latias|Latias, F|68/100
|-damage|p1a: Latias|56/100|[from] Stealth Rock
|move|p2a: Politoed|Scald|p1a: Latias
|-resisted|p1a: Latias
|-damage|p1a: Latias|43/100
|
|-weather|RainDance|[upkeep]
|-heal|p1a: Latias|49/100|[from] item: Leftovers
|upkeep
|turn|36
|
|switch|p1a: Tyranitar|Tyranitar, M|50/100 psn
|-damage|p1a: Tyranitar|37/100 psn|[from] Stealth Rock
|-weather|Sandstorm|[from] ability: Sand Stream|[of] p1a: Tyranitar
|move|p2a: Politoed|Encore||[still]
|-fail|p2a: Politoed
|
|-weather|Sandstorm|[upkeep]
|-damage|p2a: Politoed|82/100|[from] Sandstorm
|-damage|p1a: Tyranitar|25/100 psn|[from] psn
|upkeep
|turn|37
|
|move|p2a: Politoed|Scald|p1a: Tyranitar
|-supereffective|p1a: Tyranitar
|-damage|p1a: Tyranitar|0 fnt
|faint|p1a: Tyranitar
|
|-weather|Sandstorm|[upkeep]
|-damage|p2a: Politoed|75/100|[from] Sandstorm
|upkeep
|
|switch|p1a: Skarmory|Skarmory, M|48/100 brn
|-damage|p1a: Skarmory|36/100 brn|[from] Stealth Rock
|turn|38
|
|move|p2a: Politoed|Scald|p1a: Skarmory
|-damage|p1a: Skarmory|11/100 brn
|move|p1a: Skarmory|Roost|p1a: Skarmory
|-heal|p1a: Skarmory|61/100 brn
|-singleturn|p1a: Skarmory|move: Roost
|
|-weather|Sandstorm|[upkeep]
|-damage|p2a: Politoed|69/100|[from] Sandstorm
|-heal|p1a: Skarmory|67/100 brn|[from] item: Leftovers
|-damage|p1a: Skarmory|55/100 brn|[from] brn
|upkeep
|turn|39
|
|switch|p2a: Skarmory|Skarmory, M|83/100
|move|p1a: Skarmory|Spikes|p2a: Skarmory
|-sidestart|p2: Invisible Paradigm|Spikes
|
|-weather|Sandstorm|[upkeep]
|-heal|p1a: Skarmory|61/100 brn|[from] item: Leftovers
|-damage|p1a: Skarmory|49/100 brn|[from] brn
|upkeep
|turn|40
|
|switch|p2a: Politoed|Politoed, F|69/100
|-damage|p2a: Politoed|57/100|[from] Spikes
|-weather|RainDance|[from] ability: Drizzle|[of] p2a: Politoed
|switch|p1a: Latias|Latias, F|49/100
|-damage|p1a: Latias|36/100|[from] Stealth Rock
|
|-weather|RainDance|[upkeep]
|-heal|p1a: Latias|42/100|[from] item: Leftovers
|upkeep
|turn|41
|
|move|p1a: Latias|Roost|p1a: Latias
|-heal|p1a: Latias|93/100
|-singleturn|p1a: Latias|move: Roost
|move|p2a: Politoed|Rest|p2a: Politoed
|-status|p2a: Politoed|slp
|-heal|p2a: Politoed|100/100 slp|[silent]
|-status|p2a: Politoed|slp|[from] move: Rest
|-enditem|p2a: Politoed|Chesto Berry|[eat]
|-curestatus|p2a: Politoed|slp|[msg]
|
|-weather|RainDance|[upkeep]
|-heal|p1a: Latias|99/100|[from] item: Leftovers
|upkeep
|turn|42
|
|move|p1a: Latias|Dragon Pulse|p2a: Politoed
|-damage|p2a: Politoed|69/100
|move|p2a: Politoed|Perish Song|p2a: Politoed
|-start|p1a: Latias|perish3|[silent]
|-start|p2a: Politoed|perish3|[silent]
|-fieldactivate|move: Perish Song
|
|-weather|RainDance|[upkeep]
|-heal|p1a: Latias|100/100|[from] item: Leftovers
|-start|p1a: Latias|perish3
|-start|p2a: Politoed|perish3
|upkeep
|turn|43
|
|switch|p1a: Reuniclus|Reuniclus, M|100/100 psn
|switch|p2a: Ludicolo|Ludicolo, M|100/100
|-damage|p2a: Ludicolo|88/100|[from] Spikes
|
|-weather|RainDance|[upkeep]
|-heal|p2a: Ludicolo|94/100|[from] ability: Rain Dish
|-heal|p2a: Ludicolo|99/100|[from] item: Leftovers
|upkeep
|turn|44
|c|☆refsunpersons|i do not know what this thing does
|
|move|p2a: Ludicolo|Scald|p1a: Reuniclus
|-damage|p1a: Reuniclus|64/100 psn
|move|p1a: Reuniclus|Calm Mind|p1a: Reuniclus
|-boost|p1a: Reuniclus|spa|1
|-boost|p1a: Reuniclus|spd|1
|
|-weather|RainDance|[upkeep]
|-heal|p2a: Ludicolo|100/100|[from] ability: Rain Dish
|-heal|p1a: Reuniclus|70/100 psn|[from] item: Leftovers
|upkeep
|turn|45
|
|move|p2a: Ludicolo|Scald|p1a: Reuniclus
|-damage|p1a: Reuniclus|45/100 psn
|move|p1a: Reuniclus|Focus Blast|p2a: Ludicolo|[miss]
|-miss|p1a: Reuniclus|p2a: Ludicolo
|
|-weather|RainDance|[upkeep]
|-heal|p1a: Reuniclus|51/100 psn|[from] item: Leftovers
|upkeep
|turn|46
|
|move|p2a: Ludicolo|Substitute|p2a: Ludicolo
|-start|p2a: Ludicolo|Substitute
|-damage|p2a: Ludicolo|75/100
|move|p1a: Reuniclus|Recover|p1a: Reuniclus
|-heal|p1a: Reuniclus|100/100 psn
|
|-weather|RainDance|[upkeep]
|-heal|p2a: Ludicolo|82/100|[from] ability: Rain Dish
|-heal|p2a: Ludicolo|88/100|[from] item: Leftovers
|upkeep
|turn|47
|
|move|p2a: Ludicolo|Scald|p1a: Reuniclus
|-damage|p1a: Reuniclus|76/100 psn
|move|p1a: Reuniclus|Calm Mind|p1a: Reuniclus
|-boost|p1a: Reuniclus|spa|1
|-boost|p1a: Reuniclus|spd|1
|
|-weather|RainDance|[upkeep]
|-heal|p2a: Ludicolo|94/100|[from] ability: Rain Dish
|-heal|p2a: Ludicolo|99/100|[from] item: Leftovers
|-heal|p1a: Reuniclus|82/100 psn|[from] item: Leftovers
|upkeep
|turn|48
|
|move|p2a: Ludicolo|Scald|p1a: Reuniclus
|-crit|p1a: Reuniclus
|-damage|p1a: Reuniclus|11/100 psn
|move|p1a: Reuniclus|Psyshock|p2a: Ludicolo
|-end|p2a: Ludicolo|Substitute
|
|-weather|RainDance|[upkeep]
|-heal|p2a: Ludicolo|100/100|[from] ability: Rain Dish
|-heal|p1a: Reuniclus|17/100 psn|[from] item: Leftovers
|upkeep
|turn|49
|
|move|p2a: Ludicolo|Scald|p1a: Reuniclus
|-damage|p1a: Reuniclus|0 fnt
|faint|p1a: Reuniclus
|
|-weather|RainDance|[upkeep]
|upkeep
|
|switch|p1a: Latias|Latias, F|100/100
|-damage|p1a: Latias|88/100|[from] Stealth Rock
|turn|50
|
|move|p1a: Latias|Calm Mind|p1a: Latias
|-boost|p1a: Latias|spa|1
|-boost|p1a: Latias|spd|1
|move|p2a: Ludicolo|Leech Seed|p1a: Latias
|-start|p1a: Latias|move: Leech Seed
|
|-weather|RainDance|[upkeep]
|-heal|p1a: Latias|94/100|[from] item: Leftovers
|-damage|p1a: Latias|82/100|[from] Leech Seed|[of] p2a: Ludicolo
|upkeep
|turn|51
|
|move|p1a: Latias|Hidden Power|p2a: Ludicolo
|-damage|p2a: Ludicolo|91/100
|move|p2a: Ludicolo|Scald|p1a: Latias
|-resisted|p1a: Latias
|-damage|p1a: Latias|73/100
|
|-weather|RainDance|[upkeep]
|-heal|p2a: Ludicolo|97/100|[from] ability: Rain Dish
|-heal|p1a: Latias|79/100|[from] item: Leftovers
|-heal|p2a: Ludicolo|100/100|[from] item: Leftovers
|-damage|p1a: Latias|67/100|[from] Leech Seed|[of] p2a: Ludicolo
|upkeep
|turn|52
|
|move|p1a: Latias|Calm Mind|p1a: Latias
|-boost|p1a: Latias|spa|1
|-boost|p1a: Latias|spd|1
|move|p2a: Ludicolo|Scald|p1a: Latias
|-resisted|p1a: Latias
|-damage|p1a: Latias|59/100
|
|-weather|RainDance|[upkeep]
|-heal|p1a: Latias|65/100|[from] item: Leftovers
|-damage|p1a: Latias|53/100|[from] Leech Seed|[of] p2a: Ludicolo
|upkeep
|turn|53
|
|move|p1a: Latias|Roost|p1a: Latias
|-heal|p1a: Latias|100/100
|-singleturn|p1a: Latias|move: Roost
|move|p2a: Ludicolo|Scald|p1a: Latias
|-resisted|p1a: Latias
|-damage|p1a: Latias|94/100
|-status|p1a: Latias|brn
|
|-weather|RainDance|[upkeep]
|-heal|p1a: Latias|99/100 brn|[from] item: Leftovers
|-damage|p1a: Latias|87/100 brn|[from] Leech Seed|[of] p2a: Ludicolo
|-damage|p1a: Latias|75/100 brn|[from] brn
|upkeep
|turn|54
|
|move|p1a: Latias|Calm Mind|p1a: Latias
|-boost|p1a: Latias|spa|1
|-boost|p1a: Latias|spd|1
|move|p2a: Ludicolo|Substitute|p2a: Ludicolo
|-start|p2a: Ludicolo|Substitute
|-damage|p2a: Ludicolo|75/100
|
|-weather|RainDance|[upkeep]
|-heal|p2a: Ludicolo|82/100|[from] ability: Rain Dish
|-heal|p1a: Latias|81/100 brn|[from] item: Leftovers
|-heal|p2a: Ludicolo|88/100|[from] item: Leftovers
|-damage|p1a: Latias|69/100 brn|[from] Leech Seed|[of] p2a: Ludicolo
|-heal|p2a: Ludicolo|99/100|[silent]
|-damage|p1a: Latias|56/100 brn|[from] brn
|upkeep
|turn|55
|
|move|p1a: Latias|Calm Mind|p1a: Latias
|-boost|p1a: Latias|spa|1
|-boost|p1a: Latias|spd|1
|move|p2a: Ludicolo|Substitute|p2a: Ludicolo
|-fail|p2a: Ludicolo|move: Substitute
|
|-weather|RainDance|[upkeep]
|-heal|p2a: Ludicolo|100/100|[from] ability: Rain Dish
|-heal|p1a: Latias|62/100 brn|[from] item: Leftovers
|-damage|p1a: Latias|50/100 brn|[from] Leech Seed|[of] p2a: Ludicolo
|-damage|p1a: Latias|37/100 brn|[from] brn
|upkeep
|turn|56
|
|move|p1a: Latias|Roost|p1a: Latias
|-heal|p1a: Latias|88/100 brn
|-singleturn|p1a: Latias|move: Roost
|move|p2a: Ludicolo|Scald|p1a: Latias
|-resisted|p1a: Latias
|-damage|p1a: Latias|83/100 brn
|
|-weather|RainDance|[upkeep]
|-heal|p1a: Latias|89/100 brn|[from] item: Leftovers
|-damage|p1a: Latias|76/100 brn|[from] Leech Seed|[of] p2a: Ludicolo
|-damage|p1a: Latias|64/100 brn|[from] brn
|upkeep
|turn|57
|
|move|p1a: Latias|Calm Mind|p1a: Latias
|-boost|p1a: Latias|spa|1
|-boost|p1a: Latias|spd|1
|move|p2a: Ludicolo|Substitute|p2a: Ludicolo
|-fail|p2a: Ludicolo|move: Substitute
|
|-weather|RainDance|[upkeep]
|-heal|p1a: Latias|70/100 brn|[from] item: Leftovers
|-damage|p1a: Latias|58/100 brn|[from] Leech Seed|[of] p2a: Ludicolo
|-damage|p1a: Latias|45/100 brn|[from] brn
|upkeep
|turn|58
|
|move|p1a: Latias|Roost|p1a: Latias
|-heal|p1a: Latias|95/100 brn
|-singleturn|p1a: Latias|move: Roost
|move|p2a: Ludicolo|Scald|p1a: Latias
|-resisted|p1a: Latias
|-damage|p1a: Latias|91/100 brn
|
|-weather|RainDance|[upkeep]
|-heal|p1a: Latias|97/100 brn|[from] item: Leftovers
|-damage|p1a: Latias|84/100 brn|[from] Leech Seed|[of] p2a: Ludicolo
|-damage|p1a: Latias|72/100 brn|[from] brn
|upkeep
|turn|59
|
|move|p2a: Ludicolo|Protect|p2a: Ludicolo
|-singleturn|p2a: Ludicolo|Protect
|move|p1a: Latias|Calm Mind|p1a: Latias
|-boost|p1a: Latias|spa|1
|-boost|p1a: Latias|spd|1
|
|-weather|RainDance|[upkeep]
|-heal|p1a: Latias|78/100 brn|[from] item: Leftovers
|-damage|p1a: Latias|66/100 brn|[from] Leech Seed|[of] p2a: Ludicolo
|-damage|p1a: Latias|53/100 brn|[from] brn
|upkeep
|turn|60
|
|move|p2a: Ludicolo|Protect||[still]
|-fail|p2a: Ludicolo
|move|p1a: Latias|Roost|p1a: Latias
|-heal|p1a: Latias|100/100 brn
|-singleturn|p1a: Latias|move: Roost
|
|-weather|RainDance|[upkeep]
|-damage|p1a: Latias|88/100 brn|[from] Leech Seed|[of] p2a: Ludicolo
|-damage|p1a: Latias|76/100 brn|[from] brn
|upkeep
|turn|61
|
|move|p1a: Latias|Hidden Power|p2a: Ludicolo
|-activate|p2a: Ludicolo|Substitute|[damage]
|move|p2a: Ludicolo|Substitute|p2a: Ludicolo
|-fail|p2a: Ludicolo|move: Substitute
|
|-weather|RainDance|[upkeep]
|-heal|p1a: Latias|82/100 brn|[from] item: Leftovers
|-damage|p1a: Latias|69/100 brn|[from] Leech Seed|[of] p2a: Ludicolo
|-damage|p1a: Latias|57/100 brn|[from] brn
|upkeep
|turn|62
|
|move|p1a: Latias|Dragon Pulse|p2a: Ludicolo
|-end|p2a: Ludicolo|Substitute
|move|p2a: Ludicolo|Leech Seed||[still]
|-fail|p2a: Ludicolo
|
|-weather|RainDance|[upkeep]
|-heal|p1a: Latias|63/100 brn|[from] item: Leftovers
|-damage|p1a: Latias|51/100 brn|[from] Leech Seed|[of] p2a: Ludicolo
|-damage|p1a: Latias|38/100 brn|[from] brn
|upkeep
|turn|63
|
|move|p1a: Latias|Roost|p1a: Latias
|-heal|p1a: Latias|88/100 brn
|-singleturn|p1a: Latias|move: Roost
|move|p2a: Ludicolo|Substitute|p2a: Ludicolo
|-start|p2a: Ludicolo|Substitute
|-damage|p2a: Ludicolo|75/100
|
|-weather|RainDance|[upkeep]
|-heal|p2a: Ludicolo|82/100|[from] ability: Rain Dish
|-heal|p1a: Latias|94/100 brn|[from] item: Leftovers
|-heal|p2a: Ludicolo|88/100|[from] item: Leftovers
|-damage|p1a: Latias|82/100 brn|[from] Leech Seed|[of] p2a: Ludicolo
|-heal|p2a: Ludicolo|99/100|[silent]
|-damage|p1a: Latias|70/100 brn|[from] brn
|upkeep
|turn|64
|
|move|p2a: Ludicolo|Protect|p2a: Ludicolo
|-singleturn|p2a: Ludicolo|Protect
|move|p1a: Latias|Calm Mind|p1a: Latias
|-boost|p1a: Latias|spa|0
|-boost|p1a: Latias|spd|0
|
|-weather|RainDance|[upkeep]
|-heal|p2a: Ludicolo|100/100|[from] ability: Rain Dish
|-heal|p1a: Latias|76/100 brn|[from] item: Leftovers
|-damage|p1a: Latias|63/100 brn|[from] Leech Seed|[of] p2a: Ludicolo
|-damage|p1a: Latias|51/100 brn|[from] brn
|upkeep
|turn|65
|
|move|p1a: Latias|Hidden Power|p2a: Ludicolo
|-activate|p2a: Ludicolo|Substitute|[damage]
|move|p2a: Ludicolo|Substitute|p2a: Ludicolo
|-fail|p2a: Ludicolo|move: Substitute
|
|-weather|RainDance|[upkeep]
|-heal|p1a: Latias|57/100 brn|[from] item: Leftovers
|-damage|p1a: Latias|45/100 brn|[from] Leech Seed|[of] p2a: Ludicolo
|-damage|p1a: Latias|32/100 brn|[from] brn
|upkeep
|turn|66
|
|move|p1a: Latias|Roost|p1a: Latias
|-heal|p1a: Latias|82/100 brn
|-singleturn|p1a: Latias|move: Roost
|move|p2a: Ludicolo|Scald|p1a: Latias
|-resisted|p1a: Latias
|-damage|p1a: Latias|78/100 brn
|
|-weather|RainDance|[upkeep]
|-heal|p1a: Latias|85/100 brn|[from] item: Leftovers
|-damage|p1a: Latias|72/100 brn|[from] Leech Seed|[of] p2a: Ludicolo
|-damage|p1a: Latias|60/100 brn|[from] brn
|upkeep
|turn|67
|
|move|p1a: Latias|Calm Mind|p1a: Latias
|-boost|p1a: Latias|spa|0
|-boost|p1a: Latias|spd|0
|move|p2a: Ludicolo|Substitute|p2a: Ludicolo
|-fail|p2a: Ludicolo|move: Substitute
|
|-weather|RainDance|[upkeep]
|-heal|p1a: Latias|66/100 brn|[from] item: Leftovers
|-damage|p1a: Latias|53/100 brn|[from] Leech Seed|[of] p2a: Ludicolo
|-damage|p1a: Latias|41/100 brn|[from] brn
|upkeep
|turn|68
|
|move|p2a: Ludicolo|Protect|p2a: Ludicolo
|-singleturn|p2a: Ludicolo|Protect
|move|p1a: Latias|Roost|p1a: Latias
|-heal|p1a: Latias|91/100 brn
|-singleturn|p1a: Latias|move: Roost
|
|-weather|RainDance|[upkeep]
|-heal|p1a: Latias|97/100 brn|[from] item: Leftovers
|-damage|p1a: Latias|85/100 brn|[from] Leech Seed|[of] p2a: Ludicolo
|-damage|p1a: Latias|72/100 brn|[from] brn
|upkeep
|turn|69
|
|move|p1a: Latias|Hidden Power|p2a: Ludicolo
|-end|p2a: Ludicolo|Substitute
|move|p2a: Ludicolo|Substitute|p2a: Ludicolo
|-start|p2a: Ludicolo|Substitute
|-damage|p2a: Ludicolo|75/100
|
|-weather|RainDance|[upkeep]
|-heal|p2a: Ludicolo|82/100|[from] ability: Rain Dish
|-heal|p1a: Latias|78/100 brn|[from] item: Leftovers
|-heal|p2a: Ludicolo|88/100|[from] item: Leftovers
|-damage|p1a: Latias|66/100 brn|[from] Leech Seed|[of] p2a: Ludicolo
|-heal|p2a: Ludicolo|99/100|[silent]
|-damage|p1a: Latias|54/100 brn|[from] brn
|upkeep
|turn|70
|
|move|p1a: Latias|Hidden Power|p2a: Ludicolo
|-end|p2a: Ludicolo|Substitute
|move|p2a: Ludicolo|Scald|p1a: Latias
|-resisted|p1a: Latias
|-crit|p1a: Latias
|-damage|p1a: Latias|26/100 brn
|
|-weather|RainDance|[upkeep]
|-heal|p2a: Ludicolo|100/100|[from] ability: Rain Dish
|-heal|p1a: Latias|32/100 brn|[from] item: Leftovers
|-damage|p1a: Latias|20/100 brn|[from] Leech Seed|[of] p2a: Ludicolo
|-damage|p1a: Latias|8/100 brn|[from] brn
|upkeep
|turn|71
|c|☆refsunpersons|whoops
|
|move|p1a: Latias|Roost|p1a: Latias
|-heal|p1a: Latias|58/100 brn
|-singleturn|p1a: Latias|move: Roost
|move|p2a: Ludicolo|Substitute|p2a: Ludicolo
|-start|p2a: Ludicolo|Substitute
|-damage|p2a: Ludicolo|75/100
|
|-weather|RainDance|[upkeep]
|-heal|p2a: Ludicolo|82/100|[from] ability: Rain Dish
|-heal|p1a: Latias|64/100 brn|[from] item: Leftovers
|-heal|p2a: Ludicolo|88/100|[from] item: Leftovers
|-damage|p1a: Latias|51/100 brn|[from] Leech Seed|[of] p2a: Ludicolo
|-heal|p2a: Ludicolo|99/100|[silent]
|-damage|p1a: Latias|39/100 brn|[from] brn
|upkeep
|turn|72
|
|move|p1a: Latias|Roost|p1a: Latias
|-heal|p1a: Latias|89/100 brn
|-singleturn|p1a: Latias|move: Roost
|move|p2a: Ludicolo|Scald|p1a: Latias
|-resisted|p1a: Latias
|-damage|p1a: Latias|85/100 brn
|
|-weather|RainDance|[upkeep]
|-heal|p2a: Ludicolo|100/100|[from] ability: Rain Dish
|-heal|p1a: Latias|91/100 brn|[from] item: Leftovers
|-damage|p1a: Latias|79/100 brn|[from] Leech Seed|[of] p2a: Ludicolo
|-damage|p1a: Latias|66/100 brn|[from] brn
|upkeep
|turn|73
|
|move|p2a: Ludicolo|Protect|p2a: Ludicolo
|-singleturn|p2a: Ludicolo|Protect
|move|p1a: Latias|Hidden Power|p2a: Ludicolo
|-activate|p2a: Ludicolo|move: Protect
|
|-weather|RainDance|[upkeep]
|-heal|p1a: Latias|72/100 brn|[from] item: Leftovers
|-damage|p1a: Latias|60/100 brn|[from] Leech Seed|[of] p2a: Ludicolo
|-damage|p1a: Latias|48/100 brn|[from] brn
|upkeep
|turn|74
|
|move|p1a: Latias|Hidden Power|p2a: Ludicolo
|-activate|p2a: Ludicolo|Substitute|[damage]
|move|p2a: Ludicolo|Substitute|p2a: Ludicolo
|-fail|p2a: Ludicolo|move: Substitute
|
|-weather|RainDance|[upkeep]
|-heal|p1a: Latias|54/100 brn|[from] item: Leftovers
|-damage|p1a: Latias|41/100 brn|[from] Leech Seed|[of] p2a: Ludicolo
|-damage|p1a: Latias|29/100 brn|[from] brn
|upkeep
|turn|75
|
|move|p1a: Latias|Roost|p1a: Latias
|-heal|p1a: Latias|79/100 brn
|-singleturn|p1a: Latias|move: Roost
|move|p2a: Ludicolo|Scald|p1a: Latias
|-resisted|p1a: Latias
|-damage|p1a: Latias|75/100 brn
|
|-weather|RainDance|[upkeep]
|-heal|p1a: Latias|81/100 brn|[from] item: Leftovers
|-damage|p1a: Latias|69/100 brn|[from] Leech Seed|[of] p2a: Ludicolo
|-damage|p1a: Latias|56/100 brn|[from] brn
|upkeep
|turn|76
|
|move|p2a: Ludicolo|Protect|p2a: Ludicolo
|-singleturn|p2a: Ludicolo|Protect
|move|p1a: Latias|Hidden Power|p2a: Ludicolo
|-activate|p2a: Ludicolo|move: Protect
|
|-weather|RainDance|[upkeep]
|-heal|p1a: Latias|62/100 brn|[from] item: Leftovers
|-damage|p1a: Latias|50/100 brn|[from] Leech Seed|[of] p2a: Ludicolo
|-damage|p1a: Latias|37/100 brn|[from] brn
|upkeep
|turn|77
|
|move|p1a: Latias|Hidden Power|p2a: Ludicolo
|-end|p2a: Ludicolo|Substitute
|move|p2a: Ludicolo|Scald|p1a: Latias
|-resisted|p1a: Latias
|-damage|p1a: Latias|34/100 brn
|
|-weather|RainDance|[upkeep]
|-heal|p1a: Latias|40/100 brn|[from] item: Leftovers
|-damage|p1a: Latias|28/100 brn|[from] Leech Seed|[of] p2a: Ludicolo
|-damage|p1a: Latias|15/100 brn|[from] brn
|upkeep
|turn|78
|
|switch|p2a: Skarmory|Skarmory, M|83/100
|move|p1a: Latias|Roost|p1a: Latias
|-heal|p1a: Latias|66/100 brn
|-singleturn|p1a: Latias|move: Roost
|
|-weather|RainDance|[upkeep]
|-heal|p1a: Latias|72/100 brn|[from] item: Leftovers
|-damage|p1a: Latias|59/100 brn|[from] Leech Seed|[of] p2a: Skarmory
|-heal|p2a: Skarmory|96/100|[silent]
|-damage|p1a: Latias|47/100 brn|[from] brn
|upkeep
|turn|79
|
|move|p1a: Latias|Hidden Power|p2a: Skarmory
|-supereffective|p2a: Skarmory
|-damage|p2a: Skarmory|0 fnt
|faint|p2a: Skarmory
|
|-weather|RainDance|[upkeep]
|-heal|p1a: Latias|53/100 brn|[from] item: Leftovers
|-damage|p1a: Latias|40/100 brn|[from] brn
|upkeep
|
|switch|p2a: Ludicolo|Ludicolo, M|100/100
|-damage|p2a: Ludicolo|88/100|[from] Spikes
|turn|80
|
|move|p2a: Ludicolo|Protect|p2a: Ludicolo
|-singleturn|p2a: Ludicolo|Protect
|move|p1a: Latias|Dragon Pulse|p2a: Ludicolo
|-activate|p2a: Ludicolo|move: Protect
|
|-weather|RainDance|[upkeep]
|-heal|p2a: Ludicolo|94/100|[from] ability: Rain Dish
|-heal|p1a: Latias|47/100 brn|[from] item: Leftovers
|-heal|p2a: Ludicolo|99/100|[from] item: Leftovers
|-damage|p1a: Latias|34/100 brn|[from] Leech Seed|[of] p2a: Ludicolo
|-heal|p2a: Ludicolo|100/100|[silent]
|-damage|p1a: Latias|22/100 brn|[from] brn
|upkeep
|turn|81
|
|move|p2a: Ludicolo|Protect|p2a: Ludicolo
|-singleturn|p2a: Ludicolo|Protect
|move|p1a: Latias|Roost|p1a: Latias
|-heal|p1a: Latias|72/100 brn
|-singleturn|p1a: Latias|move: Roost
|
|-weather|RainDance|[upkeep]
|-heal|p1a: Latias|78/100 brn|[from] item: Leftovers
|-damage|p1a: Latias|66/100 brn|[from] Leech Seed|[of] p2a: Ludicolo
|-damage|p1a: Latias|53/100 brn|[from] brn
|upkeep
|turn|82
|
|move|p1a: Latias|Dragon Pulse|p2a: Ludicolo
|-damage|p2a: Ludicolo|10/100
|move|p2a: Ludicolo|Scald|p1a: Latias
|-resisted|p1a: Latias
|-damage|p1a: Latias|49/100 brn
|
|-weather|RainDance|[upkeep]
|-heal|p2a: Ludicolo|16/100|[from] ability: Rain Dish
|-heal|p1a: Latias|55/100 brn|[from] item: Leftovers
|-heal|p2a: Ludicolo|22/100|[from] item: Leftovers
|-damage|p1a: Latias|43/100 brn|[from] Leech Seed|[of] p2a: Ludicolo
|-heal|p2a: Ludicolo|34/100|[silent]
|-damage|p1a: Latias|30/100 brn|[from] brn
|upkeep
|turn|83
|
|move|p1a: Latias|Dragon Pulse|p2a: Ludicolo
|-damage|p2a: Ludicolo|0 fnt
|faint|p2a: Ludicolo
|
|-weather|RainDance|[upkeep]
|-heal|p1a: Latias|36/100 brn|[from] item: Leftovers
|-damage|p1a: Latias|24/100 brn|[from] brn
|upkeep
|
|switch|p2a: Politoed|Politoed, F|69/100
|-damage|p2a: Politoed|56/100|[from] Spikes
|turn|84
|
|move|p1a: Latias|Dragon Pulse|p2a: Politoed
|-damage|p2a: Politoed|0 fnt
|faint|p2a: Politoed
|
|win|refsunpersons
|c|☆refsunpersons|gg wp
|raw|refsunpersons's rating: 1394 &rarr; <strong>1420</strong><br />(+26 for winning)
|raw|Invisible Paradigm's rating: 1515 &rarr; <strong>1489</strong><br />(-26 for losing)
|l|☆Invisible Paradigm
|c|☆refsunpersons|porbopass not real...
