|j|☆Llowinred
|j|☆HayDe223
|t:|1701533331
|gametype|singles
|player|p1|Llowinred|cynthia|1337
|player|p2|HayDe223|pokemonbreederf-gen4|1528
|teamsize|p1|6
|teamsize|p2|6
|gen|5
|tier|[Gen 5] OU
|rated|
|rule|Species Clause: Limit one of each Pokémon
|rule|OHKO Clause: OHKO moves are banned
|rule|Moody Clause: Moody is banned
|rule|Evasion Items Clause: Evasion items are banned
|rule|Evasion Moves Clause: Evasion moves are banned
|rule|Endless Battle Clause: Forcing endless battles is banned
|rule|HP Percentage Mod: HP is shown in percentages
|rule|Evasion Abilities Clause: Evasion abilities are banned
|rule|Sleep Moves Clause: Sleep-inducing moves are banned
|rule|Swagger Clause: Swagger is banned
|rule|Baton Pass Stat Clause: No Baton Passer may have a way to boost its stats
|clearpoke
|poke|p1|Magnezone|item
|poke|p1|Kyurem-Black|item
|poke|p1|Latios, M|item
|poke|p1|Garchomp, M|item
|poke|p1|Reuniclus, M|item
|poke|p1|Salamence, M|item
|poke|p2|Aerodactyl, F|item
|poke|p2|Cloyster, F|item
|poke|p2|Volcarona, F|item
|poke|p2|Dragonite, F|item
|poke|p2|Breloom, F|item
|poke|p2|Scizor, F|item
|teampreview
|inactive|Battle timer is ON: inactive players will automatically lose when time's up. (requested by Llowinred)
|c|☆HayDe223|hf
|
|t:|1701533342
|start
|switch|p1a: Garchomp|Garchomp, M|100/100
|switch|p2a: Rock With You|Aerodactyl, F|100/100
|-ability|p2a: Rock With You|Pressure
|turn|1
|
|t:|1701533347
|move|p2a: Rock With You|Taunt|p1a: Garchomp
|-start|p1a: Garchomp|move: Taunt
|move|p1a: Garchomp|Outrage|p2a: Rock With You
|-enditem|p2a: Rock With You|Focus Sash
|-damage|p2a: Rock With You|1/100
|
|upkeep
|turn|2
|
|t:|1701533351
|move|p2a: Rock With You|Stealth Rock|p1a: Garchomp
|-sidestart|p1: Llowinred|move: Stealth Rock
|move|p1a: Garchomp|Outrage|p2a: Rock With You|[from]lockedmove
|-damage|p2a: Rock With You|0 fnt
|faint|p2a: Rock With You
|-start|p1a: Garchomp|confusion|[fatigue]
|
|upkeep
|
|t:|1701533354
|switch|p2a: Cool Kid|Cloyster, F, shiny|100/100
|turn|3
|
|t:|1701533361
|switch|p1a: Magnezone|Magnezone|100/100
|-damage|p1a: Magnezone|94/100|[from] Stealth Rock
|-item|p1a: Magnezone|Air Balloon
|move|p2a: Cool Kid|Icicle Spear|p1a: Magnezone
|-resisted|p1a: Magnezone
|-damage|p1a: Magnezone|87/100
|-enditem|p1a: Magnezone|Air Balloon
|-resisted|p1a: Magnezone
|-damage|p1a: Magnezone|80/100
|-resisted|p1a: Magnezone
|-damage|p1a: Magnezone|72/100
|-resisted|p1a: Magnezone
|-damage|p1a: Magnezone|65/100
|-resisted|p1a: Magnezone
|-damage|p1a: Magnezone|57/100
|-hitcount|p1a: Magnezone|5
|
|upkeep
|turn|4
|
|t:|1701533366
|switch|p2a: Wanna Dance ?|Volcarona, F|100/100
|move|p1a: Magnezone|Magnet Rise|p1a: Magnezone
|-start|p1a: Magnezone|Magnet Rise
|
|upkeep
|turn|5
|
|t:|1701533372
|move|p2a: Wanna Dance ?|Flamethrower|p1a: Magnezone
|-supereffective|p1a: Magnezone
|-damage|p1a: Magnezone|0 fnt
|faint|p1a: Magnezone
|-damage|p2a: Wanna Dance ?|91/100|[from] item: Life Orb
|
|upkeep
|
|t:|1701533376
|switch|p1a: Garchomp|Garchomp, M|100/100
|-damage|p1a: Garchomp|94/100|[from] Stealth Rock
|turn|6
|
|t:|1701533380
|switch|p2a: Cool Kid|Cloyster, F, shiny|100/100
|move|p1a: Garchomp|Stealth Rock|p2a: Cool Kid
|-sidestart|p2: HayDe223|move: Stealth Rock
|
|upkeep
|turn|7
|
|t:|1701533391
|switch|p1a: Kyurem|Kyurem-Black|100/100
|-damage|p1a: Kyurem|76/100|[from] Stealth Rock
|-ability|p1a: Kyurem|Teravolt
|move|p2a: Cool Kid|Shell Smash|p2a: Cool Kid
|-unboost|p2a: Cool Kid|def|1
|-unboost|p2a: Cool Kid|spd|1
|-boost|p2a: Cool Kid|atk|2
|-boost|p2a: Cool Kid|spa|2
|-boost|p2a: Cool Kid|spe|2
|
|upkeep
|turn|8
|c|☆HayDe223|gg
|
|t:|1701533402
|move|p2a: Cool Kid|Icicle Spear|p1a: Kyurem
|-damage|p1a: Kyurem|52/100
|-damage|p1a: Kyurem|28/100
|-damage|p1a: Kyurem|5/100
|-damage|p1a: Kyurem|0 fnt
|faint|p1a: Kyurem
|-hitcount|p1: Kyurem|4
|
|upkeep
|
|t:|1701533408
|switch|p1a: Salamence|Salamence, M|100/100
|-damage|p1a: Salamence|76/100|[from] Stealth Rock
|turn|9
|
|t:|1701533421
|move|p2a: Cool Kid|Ice Shard|p1a: Salamence
|-supereffective|p1a: Salamence
|-damage|p1a: Salamence|0 fnt
|faint|p1a: Salamence
|
|upkeep
|
|t:|1701533426
|switch|p1a: Latios|Latios, M|100/100
|-damage|p1a: Latios|88/100|[from] Stealth Rock
|turn|10
|
|t:|1701533437
|move|p2a: Cool Kid|Ice Shard|p1a: Latios
|-supereffective|p1a: Latios
|-damage|p1a: Latios|0 fnt
|faint|p1a: Latios
|
|upkeep
|
|t:|1701533439
|switch|p1a: Garchomp|Garchomp, M|94/100
|-damage|p1a: Garchomp|88/100|[from] Stealth Rock
|turn|11
|
|t:|1701533447
|move|p2a: Cool Kid|Icicle Spear|p1a: Garchomp
|-supereffective|p1a: Garchomp
|-damage|p1a: Garchomp|0 fnt
|faint|p1a: Garchomp
|-hitcount|p1: Garchomp|1
|
|upkeep
|
|t:|1701533450
|switch|p1a: Reuniclus|Reuniclus, M|100/100
|turn|12
|
|t:|1701533453
|move|p2a: Cool Kid|Icicle Spear|p1a: Reuniclus
|-damage|p1a: Reuniclus|71/100
|-damage|p1a: Reuniclus|42/100
|-damage|p1a: Reuniclus|15/100
|-crit|p1a: Reuniclus
|-damage|p1a: Reuniclus|0 fnt
|faint|p1a: Reuniclus
|-hitcount|p1: Reuniclus|4
|
|win|HayDe223
|raw|Llowinred's rating: 1337 &rarr; <strong>1327</strong><br />(-10 for losing)
|raw|HayDe223's rating: 1528 &rarr; <strong>1538</strong><br />(+10 for winning)
