|j|☆cyberacc
|j|☆The Alchemist 67
|t:|1723657723
|gametype|singles
|player|p1|cyberacc|acetrainerf|1456
|player|p2|The Alchemist 67|ghetsis|1456
|teamsize|p1|6
|teamsize|p2|6
|gen|5
|tier|[Gen 5] OU
|rated|
|rule|Species Clause: Limit one of each Pokémon
|rule|OHKO Clause: OHKO moves are banned
|rule|Moody Clause: Moody is banned
|rule|Evasion Items Clause: Evasion items are banned
|rule|Evasion Moves Clause: Evasion moves are banned
|rule|Endless Battle Clause: Forcing endless battles is banned
|rule|HP Percentage Mod: HP is shown in percentages
|rule|Evasion Abilities Clause: Evasion abilities are banned
|rule|Sleep Moves Clause: Sleep-inducing moves are banned
|rule|Swagger Clause: Swagger is banned
|rule|Baton Pass Stat Clause: No Baton Passer may have a way to boost its stats
|clearpoke
|poke|p1|Tyranitar, M|item
|poke|p1|Jellicent, M|item
|poke|p1|Xatu, M|item
|poke|p1|Blissey, F|item
|poke|p1|Forretress, F|item
|poke|p1|Gliscor, F|item
|poke|p2|Haxorus, M|item
|poke|p2|Garchomp, F|item
|poke|p2|Magnezone|item
|poke|p2|Mamoswine, F|item
|poke|p2|Latios, M|item
|poke|p2|Politoed, M|item
|teampreview
|c|☆cyberacc|gl hf
|inactive|Battle timer is ON: inactive players will automatically lose when time's up. (requested by The Alchemist 67)
|c|☆The Alchemist 67|U2
|
|t:|1723657741
|start
|switch|p1a: Forretress|Forretress, F|100/100
|switch|p2a: Magnezone|Magnezone|100/100
|-item|p2a: Magnezone|Air Balloon
|turn|1
|
|t:|1723657745
|move|p2a: Magnezone|Hidden Power|p1a: Forretress
|-supereffective|p1a: Forretress
|-ability|p1a: Forretress|Sturdy
|-damage|p1a: Forretress|1/100
|move|p1a: Forretress|Spikes|p2a: Magnezone
|-sidestart|p2: The Alchemist 67|Spikes
|
|-heal|p1a: Forretress|7/100|[from] item: Leftovers
|upkeep
|turn|2
|
|t:|1723657751
|move|p2a: Magnezone|Substitute|p2a: Magnezone
|-start|p2a: Magnezone|Substitute
|-damage|p2a: Magnezone|76/100
|move|p1a: Forretress|Gyro Ball|p2a: Magnezone
|-resisted|p2a: Magnezone
|-crit|p2a: Magnezone
|-activate|p2a: Magnezone|Substitute|[damage]
|-enditem|p2a: Magnezone|Air Balloon
|
|-heal|p1a: Forretress|13/100|[from] item: Leftovers
|upkeep
|turn|3
|
|t:|1723657756
|move|p2a: Magnezone|Charge Beam|p1a: Forretress
|-damage|p1a: Forretress|0 fnt
|faint|p1a: Forretress
|
|upkeep
|
|t:|1723657760
|switch|p1a: Blissey|Blissey, F|100/100
|turn|4
|
|t:|1723657763
|move|p2a: Magnezone|Flash Cannon|p1a: Blissey
|-damage|p1a: Blissey|85/100
|move|p1a: Blissey|Stealth Rock|p2a: Magnezone
|-sidestart|p2: The Alchemist 67|move: Stealth Rock
|
|-heal|p1a: Blissey|91/100|[from] item: Leftovers
|upkeep
|turn|5
|
|t:|1723657768
|move|p2a: Magnezone|Flash Cannon|p1a: Blissey
|-damage|p1a: Blissey|74/100
|move|p1a: Blissey|Seismic Toss|p2a: Magnezone
|-end|p2a: Magnezone|Substitute
|
|-heal|p1a: Blissey|80/100|[from] item: Leftovers
|upkeep
|turn|6
|
|t:|1723657773
|switch|p2a: Haxorus|Haxorus, M|100/100
|-damage|p2a: Haxorus|88/100|[from] Spikes
|-damage|p2a: Haxorus|76/100|[from] Stealth Rock
|-ability|p2a: Haxorus|Mold Breaker
|move|p1a: Blissey|Seismic Toss|p2a: Haxorus
|-damage|p2a: Haxorus|42/100
|
|-heal|p1a: Blissey|86/100|[from] item: Leftovers
|upkeep
|turn|7
|
|t:|1723657780
|move|p2a: Haxorus|Outrage|p1a: Blissey
|-damage|p1a: Blissey|0 fnt
|faint|p1a: Blissey
|
|upkeep
|
|t:|1723657784
|switch|p1a: Tyranitar|Tyranitar, M|100/100
|-weather|Sandstorm|[from] ability: Sand Stream|[of] p1a: Tyranitar
|turn|8
|
|t:|1723657787
|move|p1a: Tyranitar|Ice Punch|p2a: Haxorus
|-supereffective|p2a: Haxorus
|-damage|p2a: Haxorus|0 fnt
|faint|p2a: Haxorus
|
|-weather|Sandstorm|[upkeep]
|upkeep
|
|t:|1723657792
|switch|p2a: Politoed|Politoed, M|100/100
|-damage|p2a: Politoed|88/100|[from] Spikes
|-damage|p2a: Politoed|76/100|[from] Stealth Rock
|-weather|RainDance|[from] ability: Drizzle|[of] p2a: Politoed
|turn|9
|
|t:|1723657795
|switch|p2a: Latios|Latios, M|100/100
|-damage|p2a: Latios|88/100|[from] Stealth Rock
|switch|p1a: Jellicent|Jellicent, M|100/100
|
|-weather|RainDance|[upkeep]
|upkeep
|turn|10
|
|t:|1723657803
|move|p2a: Latios|Thunderbolt|p1a: Jellicent
|-supereffective|p1a: Jellicent
|-damage|p1a: Jellicent|28/100
|-damage|p2a: Latios|78/100|[from] item: Life Orb
|move|p1a: Jellicent|Will-O-Wisp|p2a: Latios
|-status|p2a: Latios|brn
|
|-weather|RainDance|[upkeep]
|-heal|p1a: Jellicent|34/100|[from] item: Leftovers
|-damage|p2a: Latios|66/100 brn|[from] brn
|upkeep
|turn|11
|
|t:|1723657810
|switch|p1a: Tyranitar|Tyranitar, M|100/100
|-weather|Sandstorm|[from] ability: Sand Stream|[of] p1a: Tyranitar
|move|p2a: Latios|Draco Meteor|p1a: Tyranitar
|-damage|p1a: Tyranitar|38/100
|-unboost|p2a: Latios|spa|2
|-damage|p2a: Latios|56/100 brn|[from] item: Life Orb
|
|-weather|Sandstorm|[upkeep]
|-damage|p2a: Latios|50/100 brn|[from] Sandstorm
|-damage|p2a: Latios|38/100 brn|[from] brn
|upkeep
|turn|12
|
|t:|1723657818
|move|p1a: Tyranitar|Pursuit|p2a: Latios
|-supereffective|p2a: Latios
|-damage|p2a: Latios|0 fnt
|faint|p2a: Latios
|
|-weather|Sandstorm|[upkeep]
|upkeep
|
|t:|1723657822
|switch|p2a: Magnezone|Magnezone|76/100
|-damage|p2a: Magnezone|63/100|[from] Spikes
|-damage|p2a: Magnezone|57/100|[from] Stealth Rock
|turn|13
|
|t:|1723657825
|switch|p1a: Gliscor|Gliscor, F|100/100
|move|p2a: Magnezone|Substitute|p2a: Magnezone
|-start|p2a: Magnezone|Substitute
|-damage|p2a: Magnezone|32/100
|
|-weather|Sandstorm|[upkeep]
|-status|p1a: Gliscor|tox|[from] item: Toxic Orb
|upkeep
|turn|14
|
|t:|1723657829
|move|p1a: Gliscor|Earthquake|p2a: Magnezone
|-supereffective|p2a: Magnezone
|-end|p2a: Magnezone|Substitute
|move|p2a: Magnezone|Flash Cannon|p1a: Gliscor
|-damage|p1a: Gliscor|60/100 tox
|
|-weather|Sandstorm|[upkeep]
|-heal|p1a: Gliscor|73/100 tox|[from] ability: Poison Heal
|upkeep
|turn|15
|
|t:|1723657837
|move|p1a: Gliscor|Earthquake|p2a: Magnezone
|-supereffective|p2a: Magnezone
|-damage|p2a: Magnezone|0 fnt
|faint|p2a: Magnezone
|
|-weather|Sandstorm|[upkeep]
|-heal|p1a: Gliscor|85/100 tox|[from] ability: Poison Heal
|upkeep
|
|t:|1723657840
|switch|p2a: Mamoswine|Mamoswine, F|100/100
|-damage|p2a: Mamoswine|88/100|[from] Spikes
|-damage|p2a: Mamoswine|76/100|[from] Stealth Rock
|turn|16
|
|t:|1723657843
|switch|p1a: Xatu|Xatu, M|100/100
|move|p2a: Mamoswine|Icicle Crash|p1a: Xatu|[miss]
|-miss|p2a: Mamoswine|p1a: Xatu
|
|-weather|Sandstorm|[upkeep]
|-damage|p1a: Xatu|95/100|[from] Sandstorm
|-heal|p1a: Xatu|100/100|[from] item: Leftovers
|upkeep
|turn|17
|
|t:|1723657848
|move|p2a: Mamoswine|Icicle Crash|p1a: Xatu|[miss]
|-miss|p2a: Mamoswine|p1a: Xatu
|move|p1a: Xatu|Reflect|p1a: Xatu
|-sidestart|p1: cyberacc|Reflect
|
|-weather|Sandstorm|[upkeep]
|-damage|p1a: Xatu|95/100|[from] Sandstorm
|-heal|p1a: Xatu|100/100|[from] item: Leftovers
|upkeep
|turn|18
|
|t:|1723657853
|move|p2a: Mamoswine|Icicle Crash|p1a: Xatu
|-supereffective|p1a: Xatu
|-damage|p1a: Xatu|51/100
|-damage|p2a: Mamoswine|66/100|[from] item: Life Orb
|move|p1a: Xatu|Night Shade|p2a: Mamoswine
|-damage|p2a: Mamoswine|38/100
|
|-weather|Sandstorm|[upkeep]
|-damage|p1a: Xatu|45/100|[from] Sandstorm
|-heal|p1a: Xatu|51/100|[from] item: Leftovers
|upkeep
|turn|19
|
|t:|1723657873
|move|p2a: Mamoswine|Icicle Crash|p1a: Xatu
|-supereffective|p1a: Xatu
|-damage|p1a: Xatu|0 fnt
|faint|p1a: Xatu
|-damage|p2a: Mamoswine|28/100|[from] item: Life Orb
|
|-weather|Sandstorm|[upkeep]
|upkeep
|
|t:|1723657879
|switch|p1a: Tyranitar|Tyranitar, M|38/100
|turn|20
|j| Aomine10
|
|t:|1723657884
|move|p2a: Mamoswine|Ice Shard|p1a: Tyranitar
|-damage|p1a: Tyranitar|24/100
|-damage|p2a: Mamoswine|18/100|[from] item: Life Orb
|move|p1a: Tyranitar|Superpower|p2a: Mamoswine
|-supereffective|p2a: Mamoswine
|-damage|p2a: Mamoswine|0 fnt
|-unboost|p1a: Tyranitar|atk|1
|-unboost|p1a: Tyranitar|def|1
|faint|p2a: Mamoswine
|
|-weather|Sandstorm|[upkeep]
|upkeep
|
|t:|1723657892
|switch|p2a: Garchomp|Garchomp, F|100/100
|-damage|p2a: Garchomp|88/100|[from] Spikes
|-damage|p2a: Garchomp|82/100|[from] Stealth Rock
|turn|21
|
|t:|1723657896
|switch|p1a: Gliscor|Gliscor, F|85/100 tox
|move|p2a: Garchomp|Outrage|p1a: Gliscor
|-damage|p1a: Gliscor|60/100 tox
|
|-weather|Sandstorm|[upkeep]
|-heal|p1a: Gliscor|73/100 tox|[from] ability: Poison Heal
|-sideend|p1: cyberacc|Reflect
|upkeep
|turn|22
|
|t:|1723657901
|move|p2a: Garchomp|Outrage|p1a: Gliscor|[from]lockedmove
|-damage|p1a: Gliscor|28/100 tox
|-start|p2a: Garchomp|confusion|[fatigue]
|move|p1a: Gliscor|Ice Fang|p2a: Garchomp
|-supereffective|p2a: Garchomp
|-damage|p2a: Garchomp|28/100
|-damage|p1a: Gliscor|16/100 tox|[from] ability: Rough Skin|[of] p2a: Garchomp
|
|-weather|Sandstorm|[upkeep]
|-heal|p1a: Gliscor|28/100 tox|[from] ability: Poison Heal
|upkeep
|turn|23
|
|t:|1723657913
|switch|p2a: Politoed|Politoed, M|76/100
|-damage|p2a: Politoed|64/100|[from] Spikes
|-damage|p2a: Politoed|51/100|[from] Stealth Rock
|-weather|RainDance|[from] ability: Drizzle|[of] p2a: Politoed
|move|p1a: Gliscor|Earthquake|p2a: Politoed
|-crit|p2a: Politoed
|-damage|p2a: Politoed|0 fnt
|faint|p2a: Politoed
|
|-weather|RainDance|[upkeep]
|-heal|p1a: Gliscor|41/100 tox|[from] ability: Poison Heal
|upkeep
|c|☆The Alchemist 67|Hmm
|
|t:|1723657936
|switch|p2a: Garchomp|Garchomp, F|28/100
|-damage|p2a: Garchomp|16/100|[from] Spikes
|-damage|p2a: Garchomp|10/100|[from] Stealth Rock
|turn|24
|
|t:|1723657941
|move|p1a: Gliscor|Protect|p1a: Gliscor
|-singleturn|p1a: Gliscor|Protect
|move|p2a: Garchomp|Outrage|p1a: Gliscor
|-activate|p1a: Gliscor|move: Protect
|
|-weather|RainDance|[upkeep]
|-heal|p1a: Gliscor|53/100 tox|[from] ability: Poison Heal
|upkeep
|turn|25
|
|t:|1723657943
|switch|p1a: Jellicent|Jellicent, M|34/100
|move|p2a: Garchomp|Outrage|p1a: Jellicent
|-damage|p1a: Jellicent|0 fnt
|faint|p1a: Jellicent
|
|-weather|RainDance|[upkeep]
|upkeep
|
|t:|1723657948
|switch|p1a: Tyranitar|Tyranitar, M|24/100
|-weather|Sandstorm|[from] ability: Sand Stream|[of] p1a: Tyranitar
|turn|26
|
|t:|1723657949
|move|p2a: Garchomp|Outrage|p1a: Tyranitar|[from]lockedmove
|-damage|p1a: Tyranitar|0 fnt
|faint|p1a: Tyranitar
|
|-weather|Sandstorm|[upkeep]
|upkeep
|
|t:|1723657952
|switch|p1a: Gliscor|Gliscor, F|53/100 tox
|turn|27
|
|t:|1723657954
|move|p1a: Gliscor|Protect|p1a: Gliscor
|-singleturn|p1a: Gliscor|Protect
|move|p2a: Garchomp|Outrage|p1a: Gliscor|[from]lockedmove
|-activate|p1a: Gliscor|move: Protect
|-start|p2a: Garchomp|confusion|[fatigue]
|
|-weather|Sandstorm|[upkeep]
|-heal|p1a: Gliscor|66/100 tox|[from] ability: Poison Heal
|upkeep
|turn|28
|
|t:|1723657957
|-activate|p2a: Garchomp|confusion
|-damage|p2a: Garchomp|0 fnt|[from] confusion
|faint|p2a: Garchomp
|
|win|cyberacc
|raw|cyberacc's rating: 1456 &rarr; <strong>1476</strong><br />(+20 for winning)
|raw|The Alchemist 67's rating: 1456 &rarr; <strong>1436</strong><br />(-20 for losing)
|c|☆cyberacc|ggs
|c|☆cyberacc|mb for crit
|c|☆The Alchemist 67|Np
