|join|Geertos
|join|Pythagorean Python
|player|p1|Geertos|274
|player|p2|Pythagorean Python|266
|gametype|singles
|gen|5
|tier|[Gen 5] OU
|rated
|rule|Evasion Abilities Clause: Evasion abilities are banned
|clearpoke
|poke|p1|Breloom, F
|poke|p1|Jirachi
|poke|p1|Rotom-Wash
|poke|p1|Salamence, M
|poke|p1|Mamoswine, F
|poke|p1|Terrakion
|poke|p2|Skarmory, M
|poke|p2|Blissey, F
|poke|p2|Hippowdon, F
|poke|p2|Alakazam, F
|poke|p2|Terrakion
|poke|p2|Starmie
|rule|Sleep Clause Mod: Limit one foe put to sleep
|rule|Species Clause: Limit one of each Pokemon
|rule|OHKO Clause: OHKO moves are banned
|rule|Moody Clause: Moody is banned
|rule|Evasion Moves Clause: Evasion moves are banned
|rule|Endless Battle Clause: Forcing endless battles is banned.
|rule|HP Percentage Mod: HP is reported as percentages
|teampreview
|
|start
|switch|p1a: Rotom-Wash|Rotom-Wash|297/297
|switch|p2a: Alakazam|Alakazam, F|252/252
|turn|1
|
|move|p2a: Alakazam|Psychic|p1a: Rotom-Wash
|-damage|p1a: Rotom-Wash|77/297
|move|p1a: Rotom-Wash|Volt Switch|p2a: Alakazam
|-damage|p2a: Alakazam|128/252
|
|switch|p1a: Jirachi|Jirachi|404/404
|
|turn|2
|
|switch|p2a: Hippowdon|Hippowdon, F|420/420
|-weather|Sandstorm|[from] ability: Sand Stream|[of] p2a: Hippowdon
|move|p1a: Jirachi|Stealth Rock|p2a: Hippowdon
|-sidestart|p2: Pythagorean Python|move: Stealth Rock
|
|-weather|Sandstorm|[upkeep]
|turn|3
|
|switch|p1a: Rotom-Wash|Rotom-Wash|77/297
|move|p2a: Hippowdon|Stealth Rock|p1a: Rotom-Wash
|-sidestart|p1: Geertos|move: Stealth Rock
|
|-weather|Sandstorm|[upkeep]
|-damage|p1a: Rotom-Wash|59/297|[from] sandstorm
|-heal|p1a: Rotom-Wash|77/297|[from] item: Leftovers
|turn|4
|
|switch|p2a: Blissey|Blissey, F|714/714
|-damage|p2a: Blissey|625/714|[from] Stealth Rock
|move|p1a: Rotom-Wash|Pain Split|p2a: Blissey
|-sethp|p2a: Blissey|351/714|p1a: Rotom-Wash|297/297|[from] move: Pain Split
|
|-weather|Sandstorm|[upkeep]
|-damage|p1a: Rotom-Wash|279/297|[from] sandstorm
|-damage|p2a: Blissey|307/714|[from] sandstorm
|-heal|p1a: Rotom-Wash|297/297|[from] item: Leftovers
|-heal|p2a: Blissey|351/714|[from] item: Leftovers
|turn|5
|
|move|p1a: Rotom-Wash|Volt Switch|p2a: Blissey
|-damage|p2a: Blissey|278/714
|
|switch|p1a: Breloom|Breloom, F|262/262
|-damage|p1a: Breloom|246/262|[from] Stealth Rock
|move|p2a: Blissey|Soft-Boiled|p2a: Blissey
|-heal|p2a: Blissey|635/714
|
|-weather|Sandstorm|[upkeep]
|-damage|p1a: Breloom|230/262|[from] sandstorm
|-damage|p2a: Blissey|591/714|[from] sandstorm
|-heal|p2a: Blissey|635/714|[from] item: Leftovers
|turn|6
|
|switch|p2a: Hippowdon|Hippowdon, F|420/420
|-damage|p2a: Hippowdon|394/420|[from] Stealth Rock
|move|p1a: Breloom|Spore|p2a: Hippowdon
|-status|p2a: Hippowdon|slp
|
|-weather|Sandstorm|[upkeep]
|-damage|p1a: Breloom|214/262|[from] sandstorm
|-heal|p2a: Hippowdon|420/420 slp|[from] item: Leftovers
|turn|7
|
|switch|p2a: Skarmory|Skarmory, M|334/334
|-damage|p2a: Skarmory|293/334|[from] Stealth Rock
|move|p1a: Breloom|Bullet Seed|p2a: Skarmory
|-resisted|p2a: Skarmory
|-damage|p2a: Skarmory|284/334
|-resisted|p2a: Skarmory
|-damage|p2a: Skarmory|275/334
|-resisted|p2a: Skarmory
|-damage|p2a: Skarmory|266/334
|-hitcount|p2a: Skarmory|3
|
|-weather|Sandstorm|[upkeep]
|-damage|p1a: Breloom|198/262|[from] sandstorm
|-heal|p2a: Skarmory|286/334|[from] item: Leftovers
|turn|8
|
|switch|p1a: Rotom-Wash|Rotom-Wash|297/297
|-damage|p1a: Rotom-Wash|260/297|[from] Stealth Rock
|move|p2a: Skarmory|Whirlwind|p1a: Rotom-Wash
|drag|p1a: Breloom|Breloom, F|198/262
|-damage|p1a: Breloom|182/262|[from] Stealth Rock
|
|-weather|Sandstorm|[upkeep]
|-damage|p1a: Breloom|166/262|[from] sandstorm
|-heal|p2a: Skarmory|306/334|[from] item: Leftovers
|turn|9
|
|switch|p1a: Rotom-Wash|Rotom-Wash|260/297
|-damage|p1a: Rotom-Wash|223/297|[from] Stealth Rock
|move|p2a: Skarmory|Whirlwind|p1a: Rotom-Wash
|drag|p1a: Terrakion|Terrakion|323/323
|-damage|p1a: Terrakion|303/323|[from] Stealth Rock
|-item|p1a: Terrakion|Air Balloon
|
|-weather|Sandstorm|[upkeep]
|-heal|p2a: Skarmory|326/334|[from] item: Leftovers
|turn|10
|
|switch|p2a: Hippowdon|Hippowdon, F|420/420 slp
|-damage|p2a: Hippowdon|394/420 slp|[from] Stealth Rock
|move|p1a: Terrakion|Close Combat|p2a: Hippowdon
|-damage|p2a: Hippowdon|237/420 slp
|-unboost|p1a: Terrakion|def|1
|-unboost|p1a: Terrakion|spd|1
|
|-weather|Sandstorm|[upkeep]
|-heal|p2a: Hippowdon|263/420 slp|[from] item: Leftovers
|turn|11
|
|move|p1a: Terrakion|Swords Dance|p1a: Terrakion
|-boost|p1a: Terrakion|atk|2
|cant|p2a: Hippowdon|slp
|
|-weather|Sandstorm|[upkeep]
|-heal|p2a: Hippowdon|289/420 slp|[from] item: Leftovers
|turn|12
|
|move|p1a: Terrakion|Rock Polish|p1a: Terrakion
|-boost|p1a: Terrakion|spe|2
|cant|p2a: Hippowdon|slp
|
|-weather|Sandstorm|[upkeep]
|-heal|p2a: Hippowdon|315/420 slp|[from] item: Leftovers
|turn|13
|
|move|p1a: Terrakion|Close Combat|p2a: Hippowdon
|-damage|p2a: Hippowdon|41/420 slp
|-unboost|p1a: Terrakion|def|1
|-unboost|p1a: Terrakion|spd|1
|cant|p2a: Hippowdon|slp
|
|-weather|Sandstorm|[upkeep]
|-heal|p2a: Hippowdon|67/420 slp|[from] item: Leftovers
|turn|14
|
|move|p1a: Terrakion|Close Combat|p2a: Hippowdon
|-damage|p2a: Hippowdon|0 fnt
|-unboost|p1a: Terrakion|def|1
|-unboost|p1a: Terrakion|spd|1
|faint|p2a: Hippowdon
|
|-weather|Sandstorm|[upkeep]
|
|switch|p2a: Skarmory|Skarmory, M|326/334
|-damage|p2a: Skarmory|285/334|[from] Stealth Rock
|turn|15
|
|move|p1a: Terrakion|Close Combat|p2a: Skarmory
|-damage|p2a: Skarmory|18/334
|-unboost|p1a: Terrakion|def|1
|-unboost|p1a: Terrakion|spd|1
|move|p2a: Skarmory|Drill Peck|p1a: Terrakion
|-damage|p1a: Terrakion|33/323
|-enditem|p1a: Terrakion|Air Balloon
|
|-weather|Sandstorm|[upkeep]
|-heal|p2a: Skarmory|38/334|[from] item: Leftovers
|turn|16
|
|move|p1a: Terrakion|Stone Edge|p2a: Skarmory
|-damage|p2a: Skarmory|0 fnt
|faint|p2a: Skarmory
|
|-weather|Sandstorm|[upkeep]
|
|switch|p2a: Alakazam|Alakazam, F|128/252
|turn|17
|
|move|p1a: Terrakion|Close Combat|p2a: Alakazam
|-resisted|p2a: Alakazam
|-damage|p2a: Alakazam|0 fnt
|-unboost|p1a: Terrakion|def|1
|-unboost|p1a: Terrakion|spd|1
|faint|p2a: Alakazam
|
|-weather|Sandstorm|[upkeep]
|
|switch|p2a: Starmie|Starmie|261/261
|-damage|p2a: Starmie|229/261|[from] Stealth Rock
|turn|18
|
|move|p1a: Terrakion|Stone Edge|p2a: Starmie
|-damage|p2a: Starmie|0 fnt
|faint|p2a: Starmie
|
|-weather|Sandstorm|[upkeep]
|
|switch|p2a: Blissey|Blissey, F|635/714
|-damage|p2a: Blissey|546/714|[from] Stealth Rock
|turn|19
|
|move|p1a: Terrakion|Close Combat|p2a: Blissey
|-supereffective|p2a: Blissey
|-damage|p2a: Blissey|0 fnt
|-unboost|p1a: Terrakion|def|1
|-unboost|p1a: Terrakion|spd|1
|faint|p2a: Blissey
|
|-weather|Sandstorm|[upkeep]
|chat|Geertos|gg
|chat|Pythagorean Python|gg
|
|switch|p2a: Terrakion|Terrakion|324/324
|-damage|p2a: Terrakion|304/324|[from] Stealth Rock
|turn|20
|
|move|p1a: Terrakion|Close Combat|p2a: Terrakion
|-supereffective|p2a: Terrakion
|-damage|p2a: Terrakion|0 fnt
|faint|p2a: Terrakion
|
|win|Geertos
|raw|Ladder updating...
|raw|Geertos's rating: 1414 &rarr; <strong>1435</strong><br />(+21 for winning)
|raw|Pythagorean Python's rating: 1440 &rarr; <strong>1418</strong><br />(-22 for losing)