|j|☆jar6
|j|☆wozzathesexygod
|t:|1742922517
|gametype|singles
|player|p1|jar6|artist-gen4|1367
|player|p2|wozzathesexygod|red|1324
|teamsize|p1|6
|teamsize|p2|6
|gen|5
|tier|[Gen 5] OU
|rated|
|rule|Species Clause: Limit one of each Pokémon
|rule|OHKO Clause: OHKO moves are banned
|rule|Moody Clause: Moody is banned
|rule|Evasion Items Clause: Evasion items are banned
|rule|Evasion Moves Clause: Evasion moves are banned
|rule|Endless Battle Clause: Forcing endless battles is banned
|rule|HP Percentage Mod: HP is shown in percentages
|rule|Evasion Abilities Clause: Evasion abilities are banned
|rule|Sleep Moves Clause: Sleep-inducing moves are banned
|rule|Swagger Clause: Swagger is banned
|rule|Baton Pass Stat Clause: No Baton Passer may have a way to boost its stats
|clearpoke
|poke|p1|Mamoswine, M|item
|poke|p1|Latios, M|item
|poke|p1|Salamence, M|item
|poke|p1|Kyurem-Black|item
|poke|p1|Dragonite, M|item
|poke|p1|Magnezone|item
|poke|p2|Politoed, F|item
|poke|p2|Rotom-Wash|item
|poke|p2|Scizor, F|item
|poke|p2|Ferrothorn, M|item
|poke|p2|Gliscor, F|item
|poke|p2|Toxicroak, F|item
|teampreview
|inactive|Battle timer is ON: inactive players will automatically lose when time's up. (requested by wozzathesexygod)
|c|☆wozzathesexygod|Hf
|c|☆jar6|gl
|
|t:|1742922535
|start
|switch|p1a: Kyurem|Kyurem-Black|100/100
|switch|p2a: Rotom|Rotom-Wash|100/100
|-ability|p1a: Kyurem|Teravolt
|turn|1
|inactive|jar6 has 120 seconds left.
|
|t:|1742922566
|switch|p1a: Salamence|Salamence, M|100/100
|move|p2a: Rotom|Trick|p1a: Salamence
|-activate|p2a: Rotom|move: Trick|[of] p1a: Salamence
|-item|p1a: Salamence|Choice Scarf|[from] move: Trick
|-item|p2a: Rotom|Lum Berry|[from] move: Trick
|
|upkeep
|turn|2
|inactive|jar6 has 120 seconds left.
|
|t:|1742922580
|switch|p1a: Magnezone|Magnezone|100/100
|-item|p1a: Magnezone|Air Balloon
|move|p2a: Rotom|Hidden Power|p1a: Magnezone
|-resisted|p1a: Magnezone
|-crit|p1a: Magnezone
|-damage|p1a: Magnezone|71/100
|-enditem|p1a: Magnezone|Air Balloon
|
|upkeep
|turn|3
|inactive|jar6 has 120 seconds left.
|
|t:|1742922595
|move|p2a: Rotom|Volt Switch|p1a: Magnezone
|-resisted|p1a: Magnezone
|-damage|p1a: Magnezone|48/100
|
|t:|1742922598
|switch|p2a: Gliscor|Gliscor, F|100/100|[from] Volt Switch
|move|p1a: Magnezone|Thunderbolt|p2a: Gliscor
|-immune|p2a: Gliscor
|
|-status|p2a: Gliscor|tox|[from] item: Toxic Orb
|upkeep
|turn|4
|
|t:|1742922611
|switch|p1a: Mamoswine|Mamoswine, M|100/100
|move|p2a: Gliscor|Substitute|p2a: Gliscor
|-start|p2a: Gliscor|Substitute
|-damage|p2a: Gliscor|76/100 tox
|
|-heal|p2a: Gliscor|88/100 tox|[from] ability: Poison Heal
|upkeep
|turn|5
|
|t:|1742922614
|move|p1a: Mamoswine|Icicle Crash|p2a: Gliscor
|-supereffective|p2a: Gliscor
|-end|p2a: Gliscor|Substitute
|move|p2a: Gliscor|Earthquake|p1a: Mamoswine
|-damage|p1a: Mamoswine|63/100
|
|-heal|p2a: Gliscor|100/100 tox|[from] ability: Poison Heal
|upkeep
|turn|6
|
|t:|1742922619
|move|p2a: Gliscor|Protect|p2a: Gliscor
|-singleturn|p2a: Gliscor|Protect
|move|p1a: Mamoswine|Icicle Crash|p2a: Gliscor
|-activate|p2a: Gliscor|move: Protect
|
|upkeep
|turn|7
|
|t:|1742922635
|switch|p2a: Rotom|Rotom-Wash|100/100
|move|p1a: Mamoswine|Stealth Rock|p2a: Rotom
|-sidestart|p2: wozzathesexygod|move: Stealth Rock
|
|upkeep
|turn|8
|
|t:|1742922643
|switch|p1a: Dragonite|Dragonite, M|100/100
|move|p2a: Rotom|Hydro Pump|p1a: Dragonite|[miss]
|-miss|p2a: Rotom|p1a: Dragonite
|
|upkeep
|turn|9
|
|t:|1742922647
|move|p1a: Dragonite|Substitute|p1a: Dragonite
|-start|p1a: Dragonite|Substitute
|-damage|p1a: Dragonite|76/100
|move|p2a: Rotom|Hidden Power|p1a: Dragonite
|-supereffective|p1a: Dragonite
|-end|p1a: Dragonite|Substitute
|
|upkeep
|turn|10
|
|t:|1742922655
|switch|p1a: Magnezone|Magnezone|48/100
|move|p2a: Rotom|Hidden Power|p1a: Magnezone
|-resisted|p1a: Magnezone
|-damage|p1a: Magnezone|33/100
|
|upkeep
|turn|11
|
|t:|1742922664
|move|p2a: Rotom|Volt Switch|p1a: Magnezone
|-resisted|p1a: Magnezone
|-damage|p1a: Magnezone|9/100
|
|t:|1742922668
|switch|p2a: Gliscor|Gliscor, F|100/100 tox|[from] Volt Switch
|-damage|p2a: Gliscor|88/100 tox|[from] Stealth Rock
|move|p1a: Magnezone|Sunny Day|p1a: Magnezone
|-weather|SunnyDay
|
|-weather|SunnyDay|[upkeep]
|-heal|p2a: Gliscor|100/100 tox|[from] ability: Poison Heal
|upkeep
|turn|12
|
|t:|1742922680
|switch|p1a: Dragonite|Dragonite, M|76/100
|move|p2a: Gliscor|Substitute|p2a: Gliscor
|-start|p2a: Gliscor|Substitute
|-damage|p2a: Gliscor|76/100 tox
|
|-weather|SunnyDay|[upkeep]
|-heal|p2a: Gliscor|88/100 tox|[from] ability: Poison Heal
|upkeep
|turn|13
|
|t:|1742922684
|move|p1a: Dragonite|Substitute|p1a: Dragonite
|-start|p1a: Dragonite|Substitute
|-damage|p1a: Dragonite|51/100
|move|p2a: Gliscor|Ice Fang|p1a: Dragonite
|-supereffective|p1a: Dragonite
|-end|p1a: Dragonite|Substitute
|
|-weather|SunnyDay|[upkeep]
|-heal|p2a: Gliscor|100/100 tox|[from] ability: Poison Heal
|upkeep
|turn|14
|
|t:|1742922691
|switch|p1a: Mamoswine|Mamoswine, M|63/100
|move|p2a: Gliscor|Ice Fang|p1a: Mamoswine
|-damage|p1a: Mamoswine|55/100
|
|-weather|SunnyDay|[upkeep]
|upkeep
|turn|15
|
|t:|1742922696
|move|p1a: Mamoswine|Ice Shard|p2a: Gliscor
|-supereffective|p2a: Gliscor
|-end|p2a: Gliscor|Substitute
|move|p2a: Gliscor|Earthquake|p1a: Mamoswine
|-damage|p1a: Mamoswine|19/100
|
|-weather|none
|upkeep
|turn|16
|
|t:|1742922699
|move|p2a: Gliscor|Protect|p2a: Gliscor
|-singleturn|p2a: Gliscor|Protect
|move|p1a: Mamoswine|Ice Shard|p2a: Gliscor
|-activate|p2a: Gliscor|move: Protect
|
|upkeep
|turn|17
|
|t:|1742922721
|switch|p2a: Ferrothorn|Ferrothorn, M|100/100
|-damage|p2a: Ferrothorn|94/100|[from] Stealth Rock
|move|p1a: Mamoswine|Ice Shard|p2a: Ferrothorn
|-damage|p2a: Ferrothorn|80/100
|
|-heal|p2a: Ferrothorn|87/100|[from] item: Leftovers
|upkeep
|turn|18
|
|t:|1742922727
|move|p1a: Mamoswine|Earthquake|p2a: Ferrothorn
|-damage|p2a: Ferrothorn|52/100
|move|p2a: Ferrothorn|Stealth Rock|p1a: Mamoswine
|-sidestart|p1: jar6|move: Stealth Rock
|
|-heal|p2a: Ferrothorn|58/100|[from] item: Leftovers
|upkeep
|turn|19
|
|t:|1742922749
|switch|p2a: Rotom|Rotom-Wash|100/100
|-damage|p2a: Rotom|88/100|[from] Stealth Rock
|move|p1a: Mamoswine|Earthquake|p2a: Rotom
|-immune|p2a: Rotom|[from] ability: Levitate
|
|upkeep
|turn|20
|
|t:|1742922754
|switch|p1a: Latios|Latios, M|100/100
|-damage|p1a: Latios|88/100|[from] Stealth Rock
|move|p2a: Rotom|Hydro Pump|p1a: Latios
|-resisted|p1a: Latios
|-damage|p1a: Latios|57/100
|
|upkeep
|turn|21
|
|t:|1742922771
|move|p1a: Latios|Draco Meteor|p2a: Rotom
|-damage|p2a: Rotom|6/100
|-unboost|p1a: Latios|spa|2
|move|p2a: Rotom|Hidden Power|p1a: Latios
|-supereffective|p1a: Latios
|-crit|p1a: Latios
|-damage|p1a: Latios|0 fnt
|faint|p1a: Latios
|
|upkeep
|
|t:|1742922775
|switch|p1a: Mamoswine|Mamoswine, M|19/100
|-damage|p1a: Mamoswine|6/100|[from] Stealth Rock
|turn|22
|
|t:|1742922787
|move|p1a: Mamoswine|Ice Shard|p2a: Rotom
|-resisted|p2a: Rotom
|-damage|p2a: Rotom|0 fnt
|faint|p2a: Rotom
|
|upkeep
|
|t:|1742922798
|switch|p2a: Politoed|Politoed, F|100/100
|-damage|p2a: Politoed|88/100|[from] Stealth Rock
|-weather|RainDance|[from] ability: Drizzle|[of] p2a: Politoed
|turn|23
|inactive|jar6 has 120 seconds left.
|
|t:|1742922857
|move|p1a: Mamoswine|Icicle Crash|p2a: Politoed
|-resisted|p2a: Politoed
|-damage|p2a: Politoed|61/100
|move|p2a: Politoed|Ice Beam|p1a: Mamoswine
|-crit|p1a: Mamoswine
|-damage|p1a: Mamoswine|0 fnt
|faint|p1a: Mamoswine
|
|-weather|RainDance|[upkeep]
|upkeep
|inactive|jar6 has 90 seconds left.
|
|t:|1742922881
|switch|p1a: Dragonite|Dragonite, M|51/100
|-damage|p1a: Dragonite|26/100|[from] Stealth Rock
|turn|24
|
|t:|1742922898
|move|p1a: Dragonite|Dragon Dance|p1a: Dragonite
|-boost|p1a: Dragonite|atk|1
|-boost|p1a: Dragonite|spe|1
|move|p2a: Politoed|Ice Beam|p1a: Dragonite
|-supereffective|p1a: Dragonite
|-damage|p1a: Dragonite|0 fnt
|faint|p1a: Dragonite
|
|-weather|RainDance|[upkeep]
|upkeep
|inactive|jar6 has 90 seconds left.
|
|t:|1742922904
|switch|p1a: Salamence|Salamence, M|100/100
|-damage|p1a: Salamence|76/100|[from] Stealth Rock
|turn|25
|
|t:|1742922909
|switch|p1a: Magnezone|Magnezone|9/100
|-damage|p1a: Magnezone|3/100|[from] Stealth Rock
|move|p2a: Politoed|Ice Beam|p1a: Magnezone
|-resisted|p1a: Magnezone
|-damage|p1a: Magnezone|0 fnt
|faint|p1a: Magnezone
|
|-weather|RainDance|[upkeep]
|upkeep
|
|t:|1742922911
|switch|p1a: Kyurem|Kyurem-Black|100/100
|-damage|p1a: Kyurem|76/100|[from] Stealth Rock
|-ability|p1a: Kyurem|Teravolt
|turn|26
|
|t:|1742922918
|switch|p2a: Ferrothorn|Ferrothorn, M|58/100
|-damage|p2a: Ferrothorn|52/100|[from] Stealth Rock
|move|p1a: Kyurem|Ice Beam|p2a: Ferrothorn
|-crit|p2a: Ferrothorn
|-damage|p2a: Ferrothorn|5/100
|
|-weather|RainDance|[upkeep]
|-heal|p2a: Ferrothorn|11/100|[from] item: Leftovers
|upkeep
|turn|27
|
|t:|1742922921
|move|p1a: Kyurem|Ice Beam|p2a: Ferrothorn
|-crit|p2a: Ferrothorn
|-damage|p2a: Ferrothorn|0 fnt
|faint|p2a: Ferrothorn
|
|-weather|RainDance|[upkeep]
|upkeep
|
|t:|1742922925
|switch|p2a: Scizor|Scizor, F|100/100
|-damage|p2a: Scizor|88/100|[from] Stealth Rock
|turn|28
|
|t:|1742922929
|switch|p1a: Salamence|Salamence, M|76/100
|-damage|p1a: Salamence|51/100|[from] Stealth Rock
|move|p2a: Scizor|Bullet Punch|p1a: Salamence
|-damage|p1a: Salamence|0 fnt
|faint|p1a: Salamence
|
|-weather|RainDance|[upkeep]
|upkeep
|
|t:|1742922931
|switch|p1a: Kyurem|Kyurem-Black|76/100
|-damage|p1a: Kyurem|51/100|[from] Stealth Rock
|-ability|p1a: Kyurem|Teravolt
|turn|29
|
|t:|1742922951
|move|p2a: Scizor|Bullet Punch|p1a: Kyurem
|-supereffective|p1a: Kyurem
|-damage|p1a: Kyurem|0 fnt
|faint|p1a: Kyurem
|
|win|wozzathesexygod
|raw|jar6's rating: 1367 &rarr; <strong>1345</strong><br />(-22 for losing)
|raw|wozzathesexygod's rating: 1324 &rarr; <strong>1346</strong><br />(+22 for winning)
|c|☆wozzathesexygod|Gg wp
|l|☆jar6
|player|p1|
