|uhtml|medal-msg|<div class="broadcast-blue">Curious what those medals under the avatar are? PS now has Ladder Seasons! For more information, check out the <a href="https://www.smogon.com/forums/threads/3740067/">thread on Smogon.</a></div>
|uhtml|medal-msg|<div class="broadcast-blue">Curious what those medals under the avatar are? PS now has Ladder Seasons! For more information, check out the <a href="https://www.smogon.com/forums/threads/3740067/">thread on Smogon.</a></div>
|j|☆taylor
|j|☆108r
|t:|1712857747
|gametype|singles
|player|p1|taylor|#taylor|1437
|player|p2|108r|swimmerm-gen2|1340
|teamsize|p1|6
|teamsize|p2|6
|gen|5
|tier|[Gen 5] OU
|rated|
|rule|Species Clause: Limit one of each Pokémon
|rule|OHKO Clause: OHKO moves are banned
|rule|Moody Clause: Moody is banned
|rule|Evasion Items Clause: Evasion items are banned
|rule|Evasion Moves Clause: Evasion moves are banned
|rule|Endless Battle Clause: Forcing endless battles is banned
|rule|HP Percentage Mod: HP is shown in percentages
|rule|Evasion Abilities Clause: Evasion abilities are banned
|rule|Sleep Moves Clause: Sleep-inducing moves are banned
|rule|Swagger Clause: Swagger is banned
|rule|Baton Pass Stat Clause: No Baton Passer may have a way to boost its stats
|clearpoke
|poke|p1|Politoed, F|item
|poke|p1|Keldeo-Resolute|item
|poke|p1|Latios, M|item
|poke|p1|Landorus-Therian, M|item
|poke|p1|Jirachi|item
|poke|p1|Kyurem-Black|item
|poke|p2|Hippowdon, M|item
|poke|p2|Clefable, M|item
|poke|p2|Skarmory, M|item
|poke|p2|Reuniclus, M|item
|poke|p2|Bronzong|item
|poke|p2|Latias, F|item
|teampreview
|inactive|Battle timer is ON: inactive players will automatically lose when time's up. (requested by taylor)
|
|t:|1712857756
|start
|switch|p1a: Landorus|Landorus-Therian, M|100/100
|switch|p2a: Clefable|Clefable, M|100/100
|-ability|p1a: Landorus|Intimidate|boost
|-unboost|p2a: Clefable|atk|1
|turn|1
|
|t:|1712857760
|move|p1a: Landorus|Stealth Rock|p2a: Clefable
|-sidestart|p2: 108r|move: Stealth Rock
|move|p2a: Clefable|Ice Beam|p1a: Landorus
|-supereffective|p1a: Landorus
|-enditem|p1a: Landorus|Focus Sash
|-damage|p1a: Landorus|1/100
|
|upkeep
|turn|2
|
|t:|1712857766
|switch|p2a: Bronzong|Bronzong|100/100
|-damage|p2a: Bronzong|94/100|[from] Stealth Rock
|move|p1a: Landorus|Explosion|p2a: Bronzong
|-resisted|p2a: Bronzong
|-damage|p2a: Bronzong|57/100
|faint|p1a: Landorus
|
|-heal|p2a: Bronzong|64/100|[from] item: Leftovers
|upkeep
|
|t:|1712857769
|switch|p1a: Politoed|Politoed, F|100/100
|-weather|RainDance|[from] ability: Drizzle|[of] p1a: Politoed
|turn|3
|
|t:|1712857772
|move|p1a: Politoed|Scald|p2a: Bronzong
|-damage|p2a: Bronzong|6/100
|move|p2a: Bronzong|Toxic|p1a: Politoed
|-status|p1a: Politoed|tox
|
|-weather|RainDance|[upkeep]
|-heal|p2a: Bronzong|12/100|[from] item: Leftovers
|-damage|p1a: Politoed|94/100 tox|[from] psn
|upkeep
|turn|4
|
|t:|1712857778
|move|p2a: Bronzong|Protect|p2a: Bronzong
|-singleturn|p2a: Bronzong|Protect
|move|p1a: Politoed|Scald|p2a: Bronzong
|-activate|p2a: Bronzong|move: Protect
|
|-weather|RainDance|[upkeep]
|-heal|p2a: Bronzong|18/100|[from] item: Leftovers
|-damage|p1a: Politoed|82/100 tox|[from] psn
|upkeep
|turn|5
|j| Goldingus
|
|t:|1712857782
|switch|p2a: Clefable|Clefable, M|100/100
|move|p1a: Politoed|Scald|p2a: Clefable
|-damage|p2a: Clefable|51/100
|-status|p2a: Clefable|brn
|
|-weather|RainDance|[upkeep]
|-heal|p2a: Clefable|57/100 brn|[from] item: Leftovers
|-damage|p1a: Politoed|64/100 tox|[from] psn
|upkeep
|turn|6
|
|t:|1712857786
|move|p1a: Politoed|Scald|p2a: Clefable
|-damage|p2a: Clefable|2/100 brn
|move|p2a: Clefable|Soft-Boiled|p2a: Clefable
|-heal|p2a: Clefable|52/100 brn
|
|-weather|RainDance|[upkeep]
|-heal|p2a: Clefable|58/100 brn|[from] item: Leftovers
|-damage|p1a: Politoed|40/100 tox|[from] psn
|upkeep
|turn|7
|
|t:|1712857790
|move|p1a: Politoed|Scald|p2a: Clefable
|-damage|p2a: Clefable|8/100 brn
|move|p2a: Clefable|Soft-Boiled|p2a: Clefable
|-heal|p2a: Clefable|58/100 brn
|
|-weather|RainDance|[upkeep]
|-heal|p2a: Clefable|64/100 brn|[from] item: Leftovers
|-damage|p1a: Politoed|10/100 tox|[from] psn
|upkeep
|turn|8
|
|t:|1712857793
|move|p1a: Politoed|Scald|p2a: Clefable
|-damage|p2a: Clefable|12/100 brn
|move|p2a: Clefable|Soft-Boiled|p2a: Clefable
|-heal|p2a: Clefable|62/100 brn
|
|-weather|RainDance|[upkeep]
|-heal|p2a: Clefable|69/100 brn|[from] item: Leftovers
|-damage|p1a: Politoed|0 fnt|[from] psn
|faint|p1a: Politoed
|upkeep
|
|t:|1712857799
|switch|p1a: Jirachi|Jirachi|100/100
|turn|9
|
|t:|1712857805
|move|p1a: Jirachi|Substitute|p1a: Jirachi
|-start|p1a: Jirachi|Substitute
|-damage|p1a: Jirachi|75/100
|move|p2a: Clefable|Thunder Wave||[still]
|-fail|p2a: Clefable
|
|-weather|RainDance|[upkeep]
|-heal|p1a: Jirachi|82/100|[from] item: Leftovers
|-heal|p2a: Clefable|75/100 brn|[from] item: Leftovers
|upkeep
|turn|10
|
|t:|1712857808
|switch|p2a: Hippowdon|Hippowdon, M|100/100
|-damage|p2a: Hippowdon|94/100|[from] Stealth Rock
|-weather|Sandstorm|[from] ability: Sand Stream|[of] p2a: Hippowdon
|move|p1a: Jirachi|Calm Mind|p1a: Jirachi
|-boost|p1a: Jirachi|spa|1
|-boost|p1a: Jirachi|spd|1
|
|-weather|Sandstorm|[upkeep]
|-heal|p1a: Jirachi|88/100|[from] item: Leftovers
|-heal|p2a: Hippowdon|100/100|[from] item: Leftovers
|upkeep
|turn|11
|
|t:|1712857812
|move|p1a: Jirachi|Water Pulse|p2a: Hippowdon
|-supereffective|p2a: Hippowdon
|-damage|p2a: Hippowdon|72/100
|move|p2a: Hippowdon|Whirlwind|p1a: Jirachi
|drag|p1a: Kyurem|Kyurem-Black|100/100
|-ability|p1a: Kyurem|Teravolt
|
|-weather|Sandstorm|[upkeep]
|-damage|p1a: Kyurem|94/100|[from] Sandstorm
|-heal|p2a: Hippowdon|79/100|[from] item: Leftovers
|upkeep
|turn|12
|
|t:|1712857820
|move|p1a: Kyurem|Ice Beam|p2a: Hippowdon
|-supereffective|p2a: Hippowdon
|-damage|p2a: Hippowdon|12/100
|move|p2a: Hippowdon|Stealth Rock|p1a: Kyurem
|-sidestart|p1: taylor|move: Stealth Rock
|
|-weather|Sandstorm|[upkeep]
|-damage|p1a: Kyurem|88/100|[from] Sandstorm
|-heal|p2a: Hippowdon|19/100|[from] item: Leftovers
|upkeep
|turn|13
|
|t:|1712857832
|switch|p2a: Bronzong|Bronzong|18/100
|-damage|p2a: Bronzong|12/100|[from] Stealth Rock
|move|p1a: Kyurem|Earth Power|p2a: Bronzong
|-supereffective|p2a: Bronzong
|-damage|p2a: Bronzong|0 fnt
|faint|p2a: Bronzong
|
|-weather|Sandstorm|[upkeep]
|-damage|p1a: Kyurem|82/100|[from] Sandstorm
|upkeep
|c|☆108r|!dt teravolt
|raw|<ul class="utilichart"><li class="result"><span class="col namecol"><a href="https://dex.pokemonshowdown.com/abilities/teravolt">Teravolt</a></span> <span class="col abilitydesccol">This Pokemon's moves and their effects ignore the Abilities of other Pokemon.</span> </li><li style="clear:both"></li></ul>
|raw|<font size="1"><font color="#686868">Gen:</font> 5</font>

|inactive|108r has 120 seconds left.
|c|☆108r|ah ok
|
|t:|1712857874
|switch|p2a: Clefable|Clefable, M|75/100 brn
|turn|14
|
|t:|1712857878
|move|p1a: Kyurem|Ice Beam|p2a: Clefable
|-damage|p2a: Clefable|41/100 brn
|move|p2a: Clefable|Thunder Wave|p1a: Kyurem
|-status|p1a: Kyurem|par
|
|-weather|Sandstorm|[upkeep]
|-damage|p1a: Kyurem|76/100 par|[from] Sandstorm
|-heal|p2a: Clefable|47/100 brn|[from] item: Leftovers
|upkeep
|turn|15
|inactive|108r has 120 seconds left.
|
|t:|1712857883
|move|p2a: Clefable|Soft-Boiled|p2a: Clefable
|-heal|p2a: Clefable|97/100 brn
|cant|p1a: Kyurem|par
|
|-weather|Sandstorm|[upkeep]
|-damage|p1a: Kyurem|70/100 par|[from] Sandstorm
|-heal|p2a: Clefable|100/100 brn|[from] item: Leftovers
|upkeep
|turn|16
|
|t:|1712857888
|move|p2a: Clefable|Knock Off|p1a: Kyurem
|-damage|p1a: Kyurem|69/100 par
|-enditem|p1a: Kyurem|Focus Sash|[from] move: Knock Off|[of] p2a: Clefable
|cant|p1a: Kyurem|par
|
|-weather|Sandstorm|[upkeep]
|-damage|p1a: Kyurem|62/100 par|[from] Sandstorm
|upkeep
|turn|17
|
|t:|1712857893
|move|p2a: Clefable|Ice Beam|p1a: Kyurem
|-damage|p1a: Kyurem|43/100 par
|cant|p1a: Kyurem|par
|
|-weather|Sandstorm|[upkeep]
|-damage|p1a: Kyurem|37/100 par|[from] Sandstorm
|upkeep
|turn|18
|
|t:|1712857903
|move|p2a: Clefable|Ice Beam|p1a: Kyurem
|-crit|p1a: Kyurem
|-damage|p1a: Kyurem|0 fnt
|faint|p1a: Kyurem
|
|-weather|Sandstorm|[upkeep]
|upkeep
|
|t:|1712857910
|switch|p1a: Jirachi|Jirachi|88/100
|-damage|p1a: Jirachi|82/100|[from] Stealth Rock
|turn|19
|
|t:|1712857912
|switch|p2a: Latias|Latias, F|100/100
|-damage|p2a: Latias|88/100|[from] Stealth Rock
|move|p1a: Jirachi|Substitute|p1a: Jirachi
|-start|p1a: Jirachi|Substitute
|-damage|p1a: Jirachi|57/100
|
|-weather|Sandstorm|[upkeep]
|-damage|p2a: Latias|82/100|[from] Sandstorm
|-heal|p2a: Latias|88/100|[from] item: Leftovers
|-heal|p1a: Jirachi|63/100|[from] item: Leftovers
|upkeep
|turn|20
|
|t:|1712857915
|move|p1a: Jirachi|Calm Mind|p1a: Jirachi
|-boost|p1a: Jirachi|spa|1
|-boost|p1a: Jirachi|spd|1
|move|p2a: Latias|Roar|p1a: Jirachi
|drag|p1a: Latios|Latios, M|100/100
|-damage|p1a: Latios|88/100|[from] Stealth Rock
|
|-weather|Sandstorm|[upkeep]
|-damage|p2a: Latias|82/100|[from] Sandstorm
|-damage|p1a: Latios|82/100|[from] Sandstorm
|-heal|p2a: Latias|88/100|[from] item: Leftovers
|upkeep
|turn|21
|
|t:|1712857919
|switch|p2a: Hippowdon|Hippowdon, M|19/100
|-damage|p2a: Hippowdon|12/100|[from] Stealth Rock
|move|p1a: Latios|Thunder|p2a: Hippowdon
|-immune|p2a: Hippowdon
|
|-weather|Sandstorm|[upkeep]
|-damage|p1a: Latios|76/100|[from] Sandstorm
|-heal|p2a: Hippowdon|19/100|[from] item: Leftovers
|upkeep
|turn|22
|
|t:|1712857925
|move|p1a: Latios|Surf|p2a: Hippowdon
|-supereffective|p2a: Hippowdon
|-damage|p2a: Hippowdon|0 fnt
|faint|p2a: Hippowdon
|-damage|p1a: Latios|66/100|[from] item: Life Orb
|
|-weather|Sandstorm|[upkeep]
|-damage|p1a: Latios|60/100|[from] Sandstorm
|upkeep
|
|t:|1712857927
|switch|p2a: Clefable|Clefable, M|100/100 brn
|turn|23
|
|t:|1712857931
|move|p1a: Latios|Psyshock|p2a: Clefable
|-damage|p2a: Clefable|39/100 brn
|-damage|p1a: Latios|50/100|[from] item: Life Orb
|move|p2a: Clefable|Thunder Wave|p1a: Latios
|-status|p1a: Latios|par
|
|-weather|Sandstorm|[upkeep]
|-damage|p1a: Latios|44/100 par|[from] Sandstorm
|-heal|p2a: Clefable|45/100 brn|[from] item: Leftovers
|upkeep
|turn|24
|
|t:|1712857945
|move|p2a: Clefable|Soft-Boiled|p2a: Clefable
|-heal|p2a: Clefable|95/100 brn
|move|p1a: Latios|Psyshock|p2a: Clefable
|-damage|p2a: Clefable|32/100 brn
|-damage|p1a: Latios|34/100 par|[from] item: Life Orb
|
|-weather|Sandstorm|[upkeep]
|-damage|p1a: Latios|28/100 par|[from] Sandstorm
|-heal|p2a: Clefable|38/100 brn|[from] item: Leftovers
|upkeep
|turn|25
|
|t:|1712857951
|switch|p1a: Keldeo|Keldeo-Resolute|100/100
|-damage|p1a: Keldeo|94/100|[from] Stealth Rock
|move|p2a: Clefable|Soft-Boiled|p2a: Clefable
|-heal|p2a: Clefable|88/100 brn
|
|-weather|Sandstorm|[upkeep]
|-damage|p1a: Keldeo|88/100|[from] Sandstorm
|-heal|p2a: Clefable|94/100 brn|[from] item: Leftovers
|upkeep
|turn|26
|
|t:|1712857954
|move|p1a: Keldeo|Secret Sword|p2a: Clefable
|-supereffective|p2a: Clefable
|-damage|p2a: Clefable|4/100 brn
|move|p2a: Clefable|Thunder Wave|p1a: Keldeo
|-status|p1a: Keldeo|par
|
|-weather|Sandstorm|[upkeep]
|-damage|p1a: Keldeo|82/100 par|[from] Sandstorm
|-heal|p2a: Clefable|10/100 brn|[from] item: Leftovers
|upkeep
|turn|27
|
|t:|1712857967
|switch|p2a: Skarmory|Skarmory, M|100/100
|-damage|p2a: Skarmory|88/100|[from] Stealth Rock
|move|p1a: Keldeo|Secret Sword|p2a: Skarmory
|-damage|p2a: Skarmory|57/100
|
|-weather|Sandstorm|[upkeep]
|-damage|p1a: Keldeo|76/100 par|[from] Sandstorm
|-heal|p2a: Skarmory|63/100|[from] item: Leftovers
|upkeep
|turn|28
|
|t:|1712857974
|switch|p1a: Latios|Latios, M|28/100 par
|-damage|p1a: Latios|16/100 par|[from] Stealth Rock
|move|p2a: Skarmory|Brave Bird|p1a: Latios
|-damage|p1a: Latios|0 fnt
|faint|p1a: Latios
|-damage|p2a: Skarmory|58/100|[from] Recoil
|
|-weather|Sandstorm|[upkeep]
|-heal|p2a: Skarmory|64/100|[from] item: Leftovers
|upkeep
|
|t:|1712857977
|switch|p1a: Keldeo|Keldeo-Resolute|76/100 par
|-damage|p1a: Keldeo|70/100 par|[from] Stealth Rock
|turn|29
|
|t:|1712857981
|move|p2a: Skarmory|Brave Bird|p1a: Keldeo
|-supereffective|p1a: Keldeo
|-damage|p1a: Keldeo|0 fnt
|faint|p1a: Keldeo
|-damage|p2a: Skarmory|42/100|[from] Recoil
|
|-weather|Sandstorm|[upkeep]
|-heal|p2a: Skarmory|48/100|[from] item: Leftovers
|upkeep
|
|t:|1712857983
|switch|p1a: Jirachi|Jirachi|63/100
|-damage|p1a: Jirachi|57/100|[from] Stealth Rock
|turn|30
|
|t:|1712857986
|switch|p2a: Reuniclus|Reuniclus, M|100/100
|move|p1a: Jirachi|Calm Mind|p1a: Jirachi
|-boost|p1a: Jirachi|spa|1
|-boost|p1a: Jirachi|spd|1
|
|-weather|Sandstorm|[upkeep]
|-heal|p1a: Jirachi|63/100|[from] item: Leftovers
|upkeep
|turn|31
|
|t:|1712857992
|move|p1a: Jirachi|Substitute|p1a: Jirachi
|-start|p1a: Jirachi|Substitute
|-damage|p1a: Jirachi|38/100
|move|p2a: Reuniclus|Calm Mind|p2a: Reuniclus
|-boost|p2a: Reuniclus|spa|1
|-boost|p2a: Reuniclus|spd|1
|
|-weather|Sandstorm|[upkeep]
|-heal|p1a: Jirachi|44/100|[from] item: Leftovers
|upkeep
|turn|32
|
|t:|1712857995
|move|p1a: Jirachi|Calm Mind|p1a: Jirachi
|-boost|p1a: Jirachi|spa|1
|-boost|p1a: Jirachi|spd|1
|move|p2a: Reuniclus|Calm Mind|p2a: Reuniclus
|-boost|p2a: Reuniclus|spa|1
|-boost|p2a: Reuniclus|spd|1
|
|-weather|Sandstorm|[upkeep]
|-heal|p1a: Jirachi|50/100|[from] item: Leftovers
|upkeep
|turn|33
|
|t:|1712857999
|move|p1a: Jirachi|Calm Mind|p1a: Jirachi
|-boost|p1a: Jirachi|spa|1
|-boost|p1a: Jirachi|spd|1
|move|p2a: Reuniclus|Calm Mind|p2a: Reuniclus
|-boost|p2a: Reuniclus|spa|1
|-boost|p2a: Reuniclus|spd|1
|
|-weather|Sandstorm|[upkeep]
|-heal|p1a: Jirachi|56/100|[from] item: Leftovers
|upkeep
|turn|34
|
|t:|1712858001
|move|p1a: Jirachi|Calm Mind|p1a: Jirachi
|-boost|p1a: Jirachi|spa|1
|-boost|p1a: Jirachi|spd|1
|move|p2a: Reuniclus|Calm Mind|p2a: Reuniclus
|-boost|p2a: Reuniclus|spa|1
|-boost|p2a: Reuniclus|spd|1
|
|-weather|Sandstorm|[upkeep]
|-heal|p1a: Jirachi|63/100|[from] item: Leftovers
|upkeep
|turn|35
|
|t:|1712858004
|move|p1a: Jirachi|Calm Mind|p1a: Jirachi
|-boost|p1a: Jirachi|spa|1
|-boost|p1a: Jirachi|spd|1
|move|p2a: Reuniclus|Calm Mind|p2a: Reuniclus
|-boost|p2a: Reuniclus|spa|1
|-boost|p2a: Reuniclus|spd|1
|
|-weather|Sandstorm|[upkeep]
|-heal|p1a: Jirachi|69/100|[from] item: Leftovers
|upkeep
|turn|36
|
|t:|1712858006
|move|p1a: Jirachi|Calm Mind|p1a: Jirachi
|-boost|p1a: Jirachi|spa|1
|-boost|p1a: Jirachi|spd|1
|move|p2a: Reuniclus|Calm Mind|p2a: Reuniclus
|-boost|p2a: Reuniclus|spa|1
|-boost|p2a: Reuniclus|spd|1
|
|-weather|Sandstorm|[upkeep]
|-heal|p1a: Jirachi|75/100|[from] item: Leftovers
|upkeep
|turn|37
|
|t:|1712858008
|move|p1a: Jirachi|Thunder|p2a: Reuniclus
|-damage|p2a: Reuniclus|73/100
|-status|p2a: Reuniclus|par
|move|p2a: Reuniclus|Psychic|p1a: Jirachi
|-resisted|p1a: Jirachi
|-activate|p1a: Jirachi|Substitute|[damage]
|
|-weather|Sandstorm|[upkeep]
|-heal|p1a: Jirachi|81/100|[from] item: Leftovers
|-heal|p2a: Reuniclus|80/100 par|[from] item: Leftovers
|upkeep
|turn|38
|
|t:|1712858014
|move|p1a: Jirachi|Water Pulse|p2a: Reuniclus
|-damage|p2a: Reuniclus|66/100 par
|cant|p2a: Reuniclus|par
|
|-weather|Sandstorm|[upkeep]
|-heal|p1a: Jirachi|87/100|[from] item: Leftovers
|-heal|p2a: Reuniclus|72/100 par|[from] item: Leftovers
|upkeep
|turn|39
|
|t:|1712858017
|move|p1a: Jirachi|Water Pulse|p2a: Reuniclus
|-damage|p2a: Reuniclus|58/100 par
|move|p2a: Reuniclus|Psychic|p1a: Jirachi
|-resisted|p1a: Jirachi
|-activate|p1a: Jirachi|Substitute|[damage]
|
|-weather|Sandstorm|[upkeep]
|-heal|p1a: Jirachi|94/100|[from] item: Leftovers
|-heal|p2a: Reuniclus|64/100 par|[from] item: Leftovers
|upkeep
|turn|40
|
|t:|1712858019
|move|p1a: Jirachi|Water Pulse|p2a: Reuniclus
|-damage|p2a: Reuniclus|51/100 par
|cant|p2a: Reuniclus|par
|
|-weather|Sandstorm|[upkeep]
|-heal|p1a: Jirachi|99/100|[from] item: Leftovers
|-heal|p2a: Reuniclus|57/100 par|[from] item: Leftovers
|upkeep
|turn|41
|
|t:|1712858023
|move|p1a: Jirachi|Water Pulse|p2a: Reuniclus
|-damage|p2a: Reuniclus|44/100 par
|move|p2a: Reuniclus|Recover|p2a: Reuniclus
|-heal|p2a: Reuniclus|94/100 par
|
|-weather|Sandstorm|[upkeep]
|-heal|p1a: Jirachi|100/100|[from] item: Leftovers
|-heal|p2a: Reuniclus|99/100 par|[from] item: Leftovers
|upkeep
|turn|42
|
|t:|1712858028
|move|p1a: Jirachi|Water Pulse|p2a: Reuniclus
|-damage|p2a: Reuniclus|87/100 par
|-start|p2a: Reuniclus|confusion
|-activate|p2a: Reuniclus|confusion
|move|p2a: Reuniclus|Psychic|p1a: Jirachi
|-resisted|p1a: Jirachi
|-activate|p1a: Jirachi|Substitute|[damage]
|
|-weather|Sandstorm|[upkeep]
|-heal|p2a: Reuniclus|93/100 par|[from] item: Leftovers
|upkeep
|turn|43
|
|t:|1712858031
|move|p1a: Jirachi|Thunder|p2a: Reuniclus
|-damage|p2a: Reuniclus|67/100 par
|-end|p2a: Reuniclus|confusion
|move|p2a: Reuniclus|Psychic|p1a: Jirachi
|-resisted|p1a: Jirachi
|-end|p1a: Jirachi|Substitute
|
|-weather|Sandstorm|[upkeep]
|-heal|p2a: Reuniclus|73/100 par|[from] item: Leftovers
|upkeep
|turn|44
|
|t:|1712858034
|move|p1a: Jirachi|Thunder|p2a: Reuniclus
|-damage|p2a: Reuniclus|47/100 par
|move|p2a: Reuniclus|Focus Blast|p1a: Jirachi|[miss]
|-miss|p2a: Reuniclus|p1a: Jirachi
|
|-weather|Sandstorm|[upkeep]
|-heal|p2a: Reuniclus|53/100 par|[from] item: Leftovers
|upkeep
|turn|45
|
|t:|1712858039
|move|p1a: Jirachi|Water Pulse|p2a: Reuniclus
|-damage|p2a: Reuniclus|40/100 par
|-start|p2a: Reuniclus|confusion
|-activate|p2a: Reuniclus|confusion
|cant|p2a: Reuniclus|par
|
|-weather|Sandstorm|[upkeep]
|-heal|p2a: Reuniclus|46/100 par|[from] item: Leftovers
|upkeep
|turn|46
|
|t:|1712858042
|move|p1a: Jirachi|Thunder|p2a: Reuniclus
|-damage|p2a: Reuniclus|21/100 par
|-end|p2a: Reuniclus|confusion
|cant|p2a: Reuniclus|par
|
|-weather|Sandstorm|[upkeep]
|-heal|p2a: Reuniclus|27/100 par|[from] item: Leftovers
|upkeep
|turn|47
|
|t:|1712858051
|move|p1a: Jirachi|Water Pulse|p2a: Reuniclus
|-damage|p2a: Reuniclus|13/100 par
|-start|p2a: Reuniclus|confusion
|-activate|p2a: Reuniclus|confusion
|cant|p2a: Reuniclus|par
|
|-weather|Sandstorm|[upkeep]
|-heal|p2a: Reuniclus|20/100 par|[from] item: Leftovers
|upkeep
|turn|48
|
|t:|1712858057
|move|p1a: Jirachi|Thunder|p2a: Reuniclus|[miss]
|-miss|p1a: Jirachi|p2a: Reuniclus
|-end|p2a: Reuniclus|confusion
|cant|p2a: Reuniclus|par
|
|-weather|Sandstorm|[upkeep]
|-heal|p2a: Reuniclus|26/100 par|[from] item: Leftovers
|upkeep
|turn|49
|
|t:|1712858059
|move|p1a: Jirachi|Thunder|p2a: Reuniclus
|-damage|p2a: Reuniclus|0 fnt
|faint|p2a: Reuniclus
|
|-weather|Sandstorm|[upkeep]
|upkeep
|
|t:|1712858068
|switch|p2a: Latias|Latias, F|88/100
|-damage|p2a: Latias|76/100|[from] Stealth Rock
|turn|50
|
|t:|1712858070
|move|p2a: Latias|Calm Mind|p2a: Latias
|-boost|p2a: Latias|spa|1
|-boost|p2a: Latias|spd|1
|move|p1a: Jirachi|Substitute|p1a: Jirachi
|-start|p1a: Jirachi|Substitute
|-damage|p1a: Jirachi|75/100
|
|-weather|Sandstorm|[upkeep]
|-damage|p2a: Latias|70/100|[from] Sandstorm
|-heal|p2a: Latias|76/100|[from] item: Leftovers
|-heal|p1a: Jirachi|82/100|[from] item: Leftovers
|upkeep
|turn|51
|
|t:|1712858072
|move|p2a: Latias|Calm Mind|p2a: Latias
|-boost|p2a: Latias|spa|1
|-boost|p2a: Latias|spd|1
|move|p1a: Jirachi|Thunder|p2a: Latias
|-resisted|p2a: Latias
|-damage|p2a: Latias|55/100
|-status|p2a: Latias|par
|
|-weather|Sandstorm|[upkeep]
|-damage|p2a: Latias|49/100 par|[from] Sandstorm
|-heal|p1a: Jirachi|88/100|[from] item: Leftovers
|-heal|p2a: Latias|55/100 par|[from] item: Leftovers
|upkeep
|turn|52
|
|t:|1712858075
|move|p1a: Jirachi|Water Pulse|p2a: Latias
|-resisted|p2a: Latias
|-damage|p2a: Latias|44/100 par
|cant|p2a: Latias|par
|
|-weather|Sandstorm|[upkeep]
|-damage|p2a: Latias|38/100 par|[from] Sandstorm
|-heal|p1a: Jirachi|94/100|[from] item: Leftovers
|-heal|p2a: Latias|44/100 par|[from] item: Leftovers
|upkeep
|turn|53
|
|t:|1712858077
|move|p1a: Jirachi|Water Pulse|p2a: Latias
|-resisted|p2a: Latias
|-damage|p2a: Latias|34/100 par
|-start|p2a: Latias|confusion
|-activate|p2a: Latias|confusion
|cant|p2a: Latias|par
|
|-weather|Sandstorm|[upkeep]
|-damage|p2a: Latias|28/100 par|[from] Sandstorm
|-heal|p1a: Jirachi|99/100|[from] item: Leftovers
|-heal|p2a: Latias|34/100 par|[from] item: Leftovers
|upkeep
|turn|54
|
|t:|1712858079
|move|p1a: Jirachi|Thunder|p2a: Latias
|-resisted|p2a: Latias
|-damage|p2a: Latias|14/100 par
|-activate|p2a: Latias|confusion
|move|p2a: Latias|Roost|p2a: Latias
|-heal|p2a: Latias|64/100 par
|-singleturn|p2a: Latias|move: Roost
|
|-weather|Sandstorm|[upkeep]
|-damage|p2a: Latias|58/100 par|[from] Sandstorm
|-heal|p1a: Jirachi|100/100|[from] item: Leftovers
|-heal|p2a: Latias|64/100 par|[from] item: Leftovers
|upkeep
|turn|55
|
|t:|1712858082
|move|p1a: Jirachi|Thunder|p2a: Latias|[miss]
|-miss|p1a: Jirachi|p2a: Latias
|-activate|p2a: Latias|confusion
|-damage|p2a: Latias|57/100 par|[from] confusion
|
|-weather|Sandstorm|[upkeep]
|-damage|p2a: Latias|51/100 par|[from] Sandstorm
|-heal|p2a: Latias|57/100 par|[from] item: Leftovers
|upkeep
|turn|56
|
|t:|1712858085
|move|p1a: Jirachi|Thunder|p2a: Latias
|-resisted|p2a: Latias
|-damage|p2a: Latias|36/100 par
|-activate|p2a: Latias|confusion
|move|p2a: Latias|Roost|p2a: Latias
|-heal|p2a: Latias|86/100 par
|-singleturn|p2a: Latias|move: Roost
|
|-weather|Sandstorm|[upkeep]
|-damage|p2a: Latias|80/100 par|[from] Sandstorm
|-heal|p2a: Latias|86/100 par|[from] item: Leftovers
|upkeep
|turn|57
|
|t:|1712858088
|move|p1a: Jirachi|Thunder|p2a: Latias
|-resisted|p2a: Latias
|-crit|p2a: Latias
|-damage|p2a: Latias|9/100 par
|-end|p2a: Latias|confusion
|move|p2a: Latias|Calm Mind|p2a: Latias
|-boost|p2a: Latias|spa|1
|-boost|p2a: Latias|spd|1
|
|-weather|Sandstorm|[upkeep]
|-damage|p2a: Latias|3/100 par|[from] Sandstorm
|-heal|p2a: Latias|9/100 par|[from] item: Leftovers
|upkeep
|turn|58
|
|t:|1712858095
|move|p1a: Jirachi|Thunder|p2a: Latias|[miss]
|-miss|p1a: Jirachi|p2a: Latias
|move|p2a: Latias|Roost|p2a: Latias
|-heal|p2a: Latias|59/100 par
|-singleturn|p2a: Latias|move: Roost
|
|-weather|Sandstorm|[upkeep]
|-damage|p2a: Latias|53/100 par|[from] Sandstorm
|-heal|p2a: Latias|59/100 par|[from] item: Leftovers
|upkeep
|turn|59
|
|t:|1712858098
|move|p1a: Jirachi|Water Pulse|p2a: Latias
|-resisted|p2a: Latias
|-damage|p2a: Latias|51/100 par
|-start|p2a: Latias|confusion
|-activate|p2a: Latias|confusion
|-damage|p2a: Latias|44/100 par|[from] confusion
|
|-weather|Sandstorm|[upkeep]
|-damage|p2a: Latias|38/100 par|[from] Sandstorm
|-heal|p2a: Latias|44/100 par|[from] item: Leftovers
|upkeep
|turn|60
|
|t:|1712858102
|move|p1a: Jirachi|Thunder|p2a: Latias
|-resisted|p2a: Latias
|-damage|p2a: Latias|27/100 par
|-end|p2a: Latias|confusion
|move|p2a: Latias|Roost|p2a: Latias
|-heal|p2a: Latias|77/100 par
|-singleturn|p2a: Latias|move: Roost
|
|-weather|Sandstorm|[upkeep]
|-damage|p2a: Latias|71/100 par|[from] Sandstorm
|-heal|p2a: Latias|77/100 par|[from] item: Leftovers
|upkeep
|turn|61
|
|t:|1712858107
|move|p1a: Jirachi|Water Pulse|p2a: Latias
|-resisted|p2a: Latias
|-crit|p2a: Latias
|-damage|p2a: Latias|38/100 par
|move|p2a: Latias|Calm Mind|p2a: Latias
|-boost|p2a: Latias|spa|1
|-boost|p2a: Latias|spd|1
|
|-weather|Sandstorm|[upkeep]
|-damage|p2a: Latias|32/100 par|[from] Sandstorm
|-heal|p2a: Latias|38/100 par|[from] item: Leftovers
|upkeep
|turn|62
|
|t:|1712858110
|move|p1a: Jirachi|Water Pulse|p2a: Latias
|-resisted|p2a: Latias
|-crit|p2a: Latias
|-damage|p2a: Latias|0 fnt
|faint|p2a: Latias
|
|-weather|Sandstorm|[upkeep]
|upkeep
|
|t:|1712858114
|switch|p2a: Clefable|Clefable, M|10/100 brn
|turn|63
|
|t:|1712858117
|move|p1a: Jirachi|Water Pulse|p2a: Clefable
|-damage|p2a: Clefable|0 fnt
|faint|p2a: Clefable
|
|-weather|Sandstorm|[upkeep]
|upkeep
|-message|108r forfeited.
|
|win|taylor
|raw|taylor's rating: 1437 &rarr; <strong>1452</strong><br />(+15 for winning)
|raw|108r's rating: 1340 &rarr; <strong>1325</strong><br />(-15 for losing)
|l|☆108r
|player|p2|
