|j|☆WarioMasters (‽)
|j|☆elmasxuxin
|player|p1|WarioMasters (‽)|#zinnia
|player|p2|elmasxuxin|265
|teamsize|p1|6
|teamsize|p2|6
|gametype|singles
|gen|5
|tier|[Gen 5] OU
|rated|
|rule|Sleep Clause Mod: Limit one foe put to sleep
|rule|Species Clause: Limit one of each Pokémon
|rule|OHKO Clause: OHKO moves are banned
|rule|Moody Clause: Moody is banned
|rule|Evasion Moves Clause: Evasion moves are banned
|rule|Endless Battle Clause: Forcing endless battles is banned
|rule|HP Percentage Mod: HP is shown in percentages
|rule|Evasion Abilities Clause: Evasion abilities are banned
|rule|Baton Pass Clause: Limit one Baton Passer, can't pass Spe and other stats simultaneously
|rule|Swagger Clause: Swagger is banned
|clearpoke
|poke|p1|Alakazam, F|item
|poke|p1|Tyranitar, M|item
|poke|p1|Garchomp, F|item
|poke|p1|Amoonguss, F|item
|poke|p1|Skarmory, M|item
|poke|p1|Machamp, F|item
|poke|p2|Tyranitar, M|item
|poke|p2|Excadrill, M|item
|poke|p2|Latios, M|item
|poke|p2|Rotom-Wash|item
|poke|p2|Keldeo-Resolute|item
|poke|p2|Magnezone|item
|teampreview
|
|start
|switch|p1a: Machamp|Machamp, F|100/100
|switch|p2a: Rotom-W|Rotom-Wash|100/100
|turn|1
|
|move|p2a: Rotom-W|Volt Switch|p1a: Machamp
|-damage|p1a: Machamp|64/100
|
|switch|p2a: Latios|Latios, M|100/100
|move|p1a: Machamp|Dynamic Punch|p2a: Latios
|-resisted|p2a: Latios
|-crit|p2a: Latios
|-damage|p2a: Latios|22/100
|-start|p2a: Latios|confusion
|
|upkeep
|turn|2
|
|move|p1a: Machamp|Bullet Punch|p2a: Latios
|-damage|p2a: Latios|1/100
|-activate|p2a: Latios|confusion
|move|p2a: Latios|Psyshock|p1a: Machamp
|-supereffective|p1a: Machamp
|-damage|p1a: Machamp|0 fnt
|-damage|p2a: Latios|0 fnt|[from] item: Life Orb
|faint|p1a: Machamp
|faint|p2a: Latios
|
|upkeep
|
|switch|p2a: Rotom-W|Rotom-Wash|100/100
|switch|p1a: Garchomp|Garchomp, F|100/100
|turn|3
|
|move|p1a: Garchomp|Substitute|p1a: Garchomp
|-start|p1a: Garchomp|Substitute
|-damage|p1a: Garchomp|76/100
|move|p2a: Rotom-W|Will-O-Wisp|p1a: Garchomp|[miss]
|-miss|p2a: Rotom-W|p1a: Garchomp
|
|upkeep
|turn|4
|
|move|p1a: Garchomp|Swords Dance|p1a: Garchomp
|-boost|p1a: Garchomp|atk|2
|move|p2a: Rotom-W|Hydro Pump|p1a: Garchomp|[miss]
|-miss|p2a: Rotom-W|p1a: Garchomp
|
|upkeep
|turn|5
|
|move|p1a: Garchomp|Dragon Claw|p2a: Rotom-W
|-enditem|p1a: Garchomp|Dragon Gem|[from] gem|[move] Dragon Claw
|-damage|p2a: Rotom-W|0 fnt
|faint|p2a: Rotom-W
|
|upkeep
|
|switch|p2a: Keldeo-R|Keldeo-Resolute|100/100
|turn|6
|
|move|p2a: Keldeo-R|Hidden Power|p1a: Garchomp
|-supereffective|p1a: Garchomp
|-end|p1a: Garchomp|Substitute
|move|p1a: Garchomp|Earthquake|p2a: Keldeo-R
|-damage|p2a: Keldeo-R|0 fnt
|faint|p2a: Keldeo-R
|
|upkeep
|
|switch|p2a: Tyranitar|Tyranitar, M|100/100
|-weather|Sandstorm|[from] ability: Sand Stream|[of] p2a: Tyranitar
|turn|7
|
|move|p1a: Garchomp|Earthquake|p2a: Tyranitar
|-supereffective|p2a: Tyranitar
|-damage|p2a: Tyranitar|0 fnt
|faint|p2a: Tyranitar
|
|-weather|Sandstorm|[upkeep]
|upkeep
|
|switch|p2a: Excadrill|Excadrill, M|100/100
|-ability|p2a: Excadrill|Mold Breaker
|turn|8
|
|move|p1a: Garchomp|Earthquake|p2a: Excadrill
|-supereffective|p2a: Excadrill
|-damage|p2a: Excadrill|0 fnt
|faint|p2a: Excadrill
|
|-weather|Sandstorm|[upkeep]
|upkeep
|-message|elmasxuxin forfeited.
|
|win|WarioMasters (‽)
|l|☆elmasxuxin
|raw|WarioMasters (‽)'s rating: 1417 &rarr; <strong>1431</strong><br />(+14 for winning)
|raw|elmasxuxin's rating: 1320 &rarr; <strong>1305</strong><br />(-15 for losing)
