|j|☆sw is kewl
|j|☆refsunpersons
|player|p1|sw is kewl|25
|player|p2|refsunpersons|123
|teamsize|p1|6
|teamsize|p2|6
|gametype|singles
|gen|5
|tier|[Gen 5] OU
|rated|
|rule|Sleep Clause Mod: Limit one foe put to sleep
|rule|Species Clause: Limit one of each Pokémon
|rule|OHKO Clause: OHKO moves are banned
|rule|Moody Clause: Moody is banned
|rule|Evasion Moves Clause: Evasion moves are banned
|rule|Endless Battle Clause: Forcing endless battles is banned
|rule|HP Percentage Mod: HP is shown in percentages
|rule|Evasion Abilities Clause: Evasion abilities are banned
|rule|Baton Pass Clause: Limit one Baton Passer, can't pass Spe and other stats simultaneously
|rule|Swagger Clause: Swagger is banned
|clearpoke
|poke|p1|Mew|item
|poke|p1|Empoleon, M|item
|poke|p1|Thundurus-Therian, M|item
|poke|p1|Whimsicott, F|item
|poke|p1|Azelf|item
|poke|p1|Aerodactyl, F|item
|poke|p2|Tyranitar, F|item
|poke|p2|Magnezone|item
|poke|p2|Amoonguss, F|item
|poke|p2|Bronzong|item
|poke|p2|Landorus-Therian, M|item
|poke|p2|Keldeo|item
|teampreview
|
|start
|switch|p1a: Aerodactyl|Aerodactyl, F|100/100
|switch|p2a: Landorus|Landorus-Therian, M|100/100
|-ability|p2a: Landorus|Intimidate|boost
|-unboost|p1a: Aerodactyl|atk|1
|-ability|p1a: Aerodactyl|Pressure
|turn|1
|
|move|p2a: Landorus|U-turn|p1a: Aerodactyl
|-resisted|p1a: Aerodactyl
|-crit|p1a: Aerodactyl
|-damage|p1a: Aerodactyl|60/100
|
|switch|p2a: Bronzong|Bronzong|100/100
|move|p1a: Aerodactyl|Stealth Rock|p2a: Bronzong
|-sidestart|p2: refsunpersons|move: Stealth Rock
|
|upkeep
|turn|2
|
|move|p1a: Aerodactyl|Taunt|p2a: Bronzong
|-start|p2a: Bronzong|move: Taunt
|move|p2a: Bronzong|Gyro Ball|p1a: Aerodactyl
|-supereffective|p1a: Aerodactyl
|-damage|p1a: Aerodactyl|0 fnt
|faint|p1a: Aerodactyl
|
|upkeep
|
|switch|p1a: Azelf|Azelf|100/100
|turn|3
|
|switch|p2a: Tyranitar|Tyranitar, F|100/100
|-damage|p2a: Tyranitar|88/100|[from] Stealth Rock
|-weather|Sandstorm|[from] ability: Sand Stream|[of] p2a: Tyranitar
|move|p1a: Azelf|Reflect|p1a: Azelf
|-sidestart|p1: sw is kewl|Reflect
|
|-weather|Sandstorm|[upkeep]
|-damage|p1a: Azelf|94/100|[from] Sandstorm
|upkeep
|turn|4
|
|move|p1a: Azelf|Taunt|p2a: Tyranitar
|-start|p2a: Tyranitar|move: Taunt
|move|p2a: Tyranitar|Crunch|p1a: Azelf
|-supereffective|p1a: Azelf
|-damage|p1a: Azelf|45/100
|
|-weather|Sandstorm|[upkeep]
|-damage|p1a: Azelf|38/100|[from] Sandstorm
|upkeep
|turn|5
|
|switch|p2a: Landorus|Landorus-Therian, M|100/100
|-damage|p2a: Landorus|88/100|[from] Stealth Rock
|-ability|p2a: Landorus|Intimidate|boost
|-unboost|p1a: Azelf|atk|1
|move|p1a: Azelf|Light Screen|p1a: Azelf
|-sidestart|p1: sw is kewl|move: Light Screen
|
|-weather|Sandstorm|[upkeep]
|-damage|p1a: Azelf|32/100|[from] Sandstorm
|upkeep
|turn|6
|
|move|p2a: Landorus|U-turn|p1a: Azelf
|-supereffective|p1a: Azelf
|-damage|p1a: Azelf|0 fnt
|faint|p1a: Azelf
|
|switch|p2a: Keldeo|Keldeo|100/100
|-damage|p2a: Keldeo|94/100|[from] Stealth Rock
|
|-weather|Sandstorm|[upkeep]
|-damage|p2a: Keldeo|88/100|[from] Sandstorm
|upkeep
|
|switch|p1a: Mew|Mew|100/100
|turn|7
|
|move|p2a: Keldeo|Calm Mind|p2a: Keldeo
|-boost|p2a: Keldeo|spa|1
|-boost|p2a: Keldeo|spd|1
|move|p1a: Mew|Calm Mind|p1a: Mew
|-boost|p1a: Mew|spa|1
|-boost|p1a: Mew|spd|1
|
|-weather|Sandstorm|[upkeep]
|-damage|p2a: Keldeo|82/100|[from] Sandstorm
|-damage|p1a: Mew|94/100|[from] Sandstorm
|upkeep
|turn|8
|
|move|p2a: Keldeo|Calm Mind|p2a: Keldeo
|-boost|p2a: Keldeo|spa|1
|-boost|p2a: Keldeo|spd|1
|move|p1a: Mew|Calm Mind|p1a: Mew
|-boost|p1a: Mew|spa|1
|-boost|p1a: Mew|spd|1
|
|-weather|Sandstorm|[upkeep]
|-damage|p2a: Keldeo|76/100|[from] Sandstorm
|-damage|p1a: Mew|88/100|[from] Sandstorm
|upkeep
|turn|9
|
|move|p2a: Keldeo|Calm Mind|p2a: Keldeo
|-boost|p2a: Keldeo|spa|1
|-boost|p2a: Keldeo|spd|1
|move|p1a: Mew|Calm Mind|p1a: Mew
|-boost|p1a: Mew|spa|1
|-boost|p1a: Mew|spd|1
|
|-weather|Sandstorm|[upkeep]
|-damage|p2a: Keldeo|70/100|[from] Sandstorm
|-damage|p1a: Mew|82/100|[from] Sandstorm
|upkeep
|turn|10
|
|move|p2a: Keldeo|Calm Mind|p2a: Keldeo
|-boost|p2a: Keldeo|spa|1
|-boost|p2a: Keldeo|spd|1
|move|p1a: Mew|Calm Mind|p1a: Mew
|-boost|p1a: Mew|spa|1
|-boost|p1a: Mew|spd|1
|
|-weather|Sandstorm|[upkeep]
|-damage|p2a: Keldeo|63/100|[from] Sandstorm
|-damage|p1a: Mew|76/100|[from] Sandstorm
|-sideend|p1: sw is kewl|Reflect
|upkeep
|turn|11
|
|move|p2a: Keldeo|Calm Mind|p2a: Keldeo
|-boost|p2a: Keldeo|spa|1
|-boost|p2a: Keldeo|spd|1
|move|p1a: Mew|Baton Pass|p1a: Mew
|
|switch|p1a: Thundurus|Thundurus-Therian, M|100/100
|
|-weather|Sandstorm|[upkeep]
|-damage|p2a: Keldeo|57/100|[from] Sandstorm
|-damage|p1a: Thundurus|94/100|[from] Sandstorm
|-heal|p1a: Thundurus|100/100|[from] item: Leftovers
|upkeep
|turn|12
|
|move|p2a: Keldeo|Surf|p1a: Thundurus
|-damage|p1a: Thundurus|68/100
|move|p1a: Thundurus|Agility|p1a: Thundurus
|-boost|p1a: Thundurus|spe|2
|
|-weather|Sandstorm|[upkeep]
|-damage|p1a: Thundurus|61/100|[from] Sandstorm
|-damage|p2a: Keldeo|51/100|[from] Sandstorm
|-heal|p1a: Thundurus|68/100|[from] item: Leftovers
|-sideend|p1: sw is kewl|move: Light Screen
|upkeep
|turn|13
|
|move|p1a: Thundurus|Thunderbolt|p2a: Keldeo
|-supereffective|p2a: Keldeo
|-damage|p2a: Keldeo|0 fnt
|faint|p2a: Keldeo
|
|-weather|Sandstorm|[upkeep]
|-damage|p1a: Thundurus|61/100|[from] Sandstorm
|-heal|p1a: Thundurus|68/100|[from] item: Leftovers
|upkeep
|
|switch|p2a: Tyranitar|Tyranitar, F|88/100
|-damage|p2a: Tyranitar|76/100|[from] Stealth Rock
|turn|14
|
|move|p1a: Thundurus|Thunderbolt|p2a: Tyranitar
|-damage|p2a: Tyranitar|5/100
|move|p2a: Tyranitar|Rock Slide|p1a: Thundurus
|-supereffective|p1a: Thundurus
|-damage|p1a: Thundurus|0 fnt
|faint|p1a: Thundurus
|
|-weather|Sandstorm|[upkeep]
|upkeep
|
|switch|p1a: Whimsicott|Whimsicott, F|100/100
|turn|15
|
|move|p1a: Whimsicott|Tailwind|p1a: Whimsicott
|-sidestart|p1: sw is kewl|move: Tailwind
|move|p2a: Tyranitar|Crunch|p1a: Whimsicott
|-damage|p1a: Whimsicott|60/100
|-enditem|p1a: Whimsicott|Red Card|[of] p2a: Tyranitar
|drag|p2a: Amoonguss|Amoonguss, F|100/100
|-damage|p2a: Amoonguss|88/100|[from] Stealth Rock
|
|-weather|Sandstorm|[upkeep]
|-damage|p1a: Whimsicott|54/100|[from] Sandstorm
|-damage|p2a: Amoonguss|82/100|[from] Sandstorm
|-heal|p2a: Amoonguss|88/100|[from] item: Black Sludge
|upkeep
|turn|16
|
|move|p1a: Whimsicott|Memento|p2a: Amoonguss
|-unboost|p2a: Amoonguss|atk|2
|-unboost|p2a: Amoonguss|spa|2
|faint|p1a: Whimsicott
|move|p2a: Amoonguss|Sludge Bomb|p1: Whimsicott|[notarget]
|-notarget
|
|-weather|Sandstorm|[upkeep]
|-damage|p2a: Amoonguss|82/100|[from] Sandstorm
|-heal|p2a: Amoonguss|88/100|[from] item: Black Sludge
|upkeep
|
|switch|p1a: Empoleon|Empoleon, M|100/100
|turn|17
|
|switch|p2a: Landorus|Landorus-Therian, M|88/100
|-damage|p2a: Landorus|76/100|[from] Stealth Rock
|-ability|p2a: Landorus|Intimidate|boost
|-unboost|p1a: Empoleon|atk|1
|move|p1a: Empoleon|Agility|p1a: Empoleon
|-boost|p1a: Empoleon|spe|2
|
|-weather|Sandstorm|[upkeep]
|upkeep
|turn|18
|
|move|p1a: Empoleon|Surf|p2a: Landorus
|-supereffective|p2a: Landorus
|-damage|p2a: Landorus|0 fnt
|faint|p2a: Landorus
|
|-weather|Sandstorm|[upkeep]
|-sideend|p1: sw is kewl|move: Tailwind
|upkeep
|
|switch|p2a: Magnezone|Magnezone|100/100
|-damage|p2a: Magnezone|94/100|[from] Stealth Rock
|turn|19
|
|move|p1a: Empoleon|Substitute|p1a: Empoleon
|-start|p1a: Empoleon|Substitute
|-damage|p1a: Empoleon|75/100
|move|p2a: Magnezone|Thunderbolt|p1a: Empoleon
|-supereffective|p1a: Empoleon
|-end|p1a: Empoleon|Substitute
|
|-weather|Sandstorm|[upkeep]
|upkeep
|turn|20
|
|move|p1a: Empoleon|Substitute|p1a: Empoleon
|-start|p1a: Empoleon|Substitute
|-damage|p1a: Empoleon|50/100
|move|p2a: Magnezone|Thunderbolt|p1a: Empoleon
|-supereffective|p1a: Empoleon
|-end|p1a: Empoleon|Substitute
|
|-weather|Sandstorm|[upkeep]
|upkeep
|turn|21
|
|move|p1a: Empoleon|Substitute|p1a: Empoleon
|-start|p1a: Empoleon|Substitute
|-damage|p1a: Empoleon|25/100
|-enditem|p1a: Empoleon|Petaya Berry|[eat]
|-boost|p1a: Empoleon|spa|1
|move|p2a: Magnezone|Thunderbolt|p1a: Empoleon
|-supereffective|p1a: Empoleon
|-end|p1a: Empoleon|Substitute
|
|-weather|Sandstorm|[upkeep]
|upkeep
|turn|22
|
|move|p1a: Empoleon|Surf|p2a: Magnezone
|-crit|p2a: Magnezone
|-damage|p2a: Magnezone|0 fnt
|faint|p2a: Magnezone
|
|-weather|Sandstorm|[upkeep]
|upkeep
|
|switch|p2a: Amoonguss|Amoonguss, F|100/100
|-damage|p2a: Amoonguss|88/100|[from] Stealth Rock
|turn|23
|
|move|p1a: Empoleon|Ice Beam|p2a: Amoonguss
|-supereffective|p2a: Amoonguss
|-damage|p2a: Amoonguss|28/100
|move|p2a: Amoonguss|Giga Drain|p1a: Empoleon
|-damage|p1a: Empoleon|0 fnt
|-heal|p2a: Amoonguss|37/100|[from] drain|[of] p1a: Empoleon
|faint|p1a: Empoleon
|
|-weather|Sandstorm|[upkeep]
|-damage|p2a: Amoonguss|31/100|[from] Sandstorm
|-heal|p2a: Amoonguss|37/100|[from] item: Black Sludge
|upkeep
|-message|sw is kewl forfeited.
|
|win|refsunpersons
|l|☆sw is kewl
|raw|sw is kewl's rating: 1469 &rarr; <strong>1439</strong><br />(-30 for losing)
|raw|refsunpersons's rating: 1271 &rarr; <strong>1309</strong><br />(+38 for winning)
