|j|game is game❤
|j|man
|player|p1|game is game❤|146
|teamsize|p1|6
|player|p2|man|1
|teamsize|p2|6
|gametype|singles
|gen|5
|tier|[Gen 5] OU
|rated
|seed|33433,8188,48161,52688
|rule|Sleep Clause Mod: Limit one foe put to sleep
|rule|Species Clause: Limit one of each Pokémon
|rule|OHKO Clause: OHKO moves are banned
|rule|Moody Clause: Moody is banned
|rule|Evasion Moves Clause: Evasion moves are banned
|rule|Endless Battle Clause: Forcing endless battles is banned
|rule|HP Percentage Mod: HP is shown in percentages
|rule|Evasion Abilities Clause: Evasion abilities are banned
|rule|Baton Pass Clause: Limit one Baton Passer, can't pass Spe and other stats simultaneously
|rule|Swagger Clause: Swagger is banned
|clearpoke
|poke|p1|Tyranitar, F|item
|poke|p1|Skarmory, F|item
|poke|p1|Landorus-Therian, M|item
|poke|p1|Heatran, F|item
|poke|p1|Latios, M|item
|poke|p1|Jellicent, F|item
|poke|p2|Latios, M|item
|poke|p2|Kyurem-Black|item
|poke|p2|Jirachi|item
|poke|p2|Magnezone|item
|poke|p2|Garchomp, F|item
|poke|p2|Latias, F|item
|teampreview
|inactive|Battle timer is ON: inactive players will automatically lose when time's up. (requested by game is game❤)
|choice|team 2, team 1, team 3, team 4, team 5, team 6|team 2, team 1, team 3, team 4, team 5, team 6
|
|start
|switch|p1a: Skarmory|Skarmory, F|271/271
|switch|p2a: Kyurem|Kyurem-Black|391/391
|-ability|p2a: Kyurem|Teravolt
|turn|1
|choice|move stealthrock|move fusionbolt
|
|move|p2a: Kyurem|Fusion Bolt|p1a: Skarmory
|-supereffective|p1a: Skarmory
|-damage|p1a: Skarmory|0 fnt
|faint|p1a: Skarmory
|
|upkeep
|choice|switch 5|
|
|switch|p1a: Latios|Latios, M|302/302
|turn|2
|choice|switch 4|switch 3
|
|switch|p1a: Heatran|Heatran, F|324/324
|-item|p1a: Heatran|Air Balloon
|switch|p2a: Jirachi|Jirachi|403/403
|
|upkeep
|turn|3
|choice|move magmastorm|move stealthrock
|
|move|p1a: Heatran|Magma Storm|p2a: Jirachi
|-supereffective|p2a: Jirachi
|-damage|p2a: Jirachi|65/403
|-activate|p2a: Jirachi|move: Magma Storm|[of] p1a: Heatran
|move|p2a: Jirachi|Stealth Rock|p1a: Heatran
|-sidestart|p1: game is game❤|move: Stealth Rock
|
|-heal|p2a: Jirachi|90/403|[from] item: Leftovers
|-damage|p2a: Jirachi|65/403|[from] move: Magma Storm|[partiallytrapped]
|upkeep
|turn|4
|choice|move earthpower|move uturn
|
|move|p1a: Heatran|Earth Power|p2a: Jirachi
|-supereffective|p2a: Jirachi
|-damage|p2a: Jirachi|0 fnt
|faint|p2a: Jirachi
|
|upkeep
|choice||switch 2
|
|switch|p2a: Latios|Latios, M|301/301
|turn|5
|choice|switch 6|move surf
|
|switch|p1a: Jellicent|Jellicent, F|403/403
|-damage|p1a: Jellicent|353/403|[from] Stealth Rock
|move|p2a: Latios|Surf|p1a: Jellicent
|-heal|p1a: Jellicent|403/403|[from] ability: Water Absorb|[of] p2a: Latios
|
|upkeep
|turn|6
|choice|switch 6|move calmmind
|
|switch|p1a: Heatran|Heatran, F|324/324
|-damage|p1a: Heatran|284/324|[from] Stealth Rock
|-item|p1a: Heatran|Air Balloon
|move|p2a: Latios|Calm Mind|p2a: Latios
|-boost|p2a: Latios|spa|1
|-boost|p2a: Latios|spd|1
|
|upkeep
|turn|7
|choice|switch 4|move surf
|
|switch|p1a: Latios|Latios, M|302/302
|-damage|p1a: Latios|265/302|[from] Stealth Rock
|move|p2a: Latios|Surf|p1a: Latios
|-resisted|p1a: Latios
|-damage|p1a: Latios|186/302
|
|upkeep
|turn|8
|choice|switch 4|switch 4
|
|switch|p2a: Magnezone|Magnezone|321/321
|switch|p1a: Heatran|Heatran, F|284/324
|-damage|p1a: Heatran|244/324|[from] Stealth Rock
|-item|p1a: Heatran|Air Balloon
|
|upkeep
|turn|9
|choice|move magmastorm|switch 4
|
|switch|p2a: Latios|Latios, M|301/301
|move|p1a: Heatran|Magma Storm|p2a: Latios
|-resisted|p2a: Latios
|-damage|p2a: Latios|201/301
|-activate|p2a: Latios|move: Magma Storm|[of] p1a: Heatran
|
|-damage|p2a: Latios|183/301|[from] move: Magma Storm|[partiallytrapped]
|upkeep
|turn|10
|choice|switch 2|move surf
|
|switch|p1a: Tyranitar|Tyranitar, F|341/341
|-damage|p1a: Tyranitar|299/341|[from] Stealth Rock
|-weather|Sandstorm|[from] ability: Sand Stream|[of] p1a: Tyranitar
|move|p2a: Latios|Surf|p1a: Tyranitar
|-supereffective|p1a: Tyranitar
|-damage|p1a: Tyranitar|155/341
|
|-weather|Sandstorm|[upkeep]
|-damage|p2a: Latios|165/301|[from] sandstorm
|upkeep
|turn|11
|choice|move pursuit|move grassknot
|
|move|p1a: Tyranitar|Pursuit|p2a: Latios
|-supereffective|p2a: Latios
|-enditem|p2a: Latios|Colbur Berry|[eat]
|-enditem|p2a: Latios|Colbur Berry|[weaken]
|-damage|p2a: Latios|81/301
|move|p2a: Latios|Grass Knot|p1a: Tyranitar
|-supereffective|p1a: Tyranitar
|-damage|p1a: Tyranitar|0 fnt
|faint|p1a: Tyranitar
|
|-weather|Sandstorm|[upkeep]
|-damage|p2a: Latios|63/301|[from] sandstorm
|upkeep
|choice|switch 6|
|
|switch|p1a: Jellicent|Jellicent, F|403/403
|-damage|p1a: Jellicent|353/403|[from] Stealth Rock
|turn|12
|choice|move scald|move grassknot
|
|move|p2a: Latios|Grass Knot|p1a: Jellicent
|-supereffective|p1a: Jellicent
|-damage|p1a: Jellicent|141/403
|move|p1a: Jellicent|Scald|p2a: Latios
|-resisted|p2a: Latios
|-damage|p2a: Latios|24/301
|-status|p2a: Latios|brn
|
|-weather|Sandstorm|[upkeep]
|-damage|p2a: Latios|6/301 brn|[from] sandstorm
|-damage|p1a: Jellicent|116/403|[from] sandstorm
|-heal|p1a: Jellicent|141/403|[from] item: Leftovers
|-damage|p2a: Latios|0 fnt|[from] brn
|upkeep
|faint|p2a: Latios
|choice||switch 3
|
|switch|p2a: Kyurem|Kyurem-Black|391/391
|-ability|p2a: Kyurem|Teravolt
|turn|13
|choice|move willowisp|move dragonclaw
|
|move|p2a: Kyurem|Dragon Claw|p1a: Jellicent
|-damage|p1a: Jellicent|0 fnt
|faint|p1a: Jellicent
|
|-weather|Sandstorm|[upkeep]
|-damage|p2a: Kyurem|367/391|[from] sandstorm
|upkeep
|choice|switch 3|
|
|switch|p1a: Landorus|Landorus-Therian, M|319/319
|-damage|p1a: Landorus|280/319|[from] Stealth Rock
|-ability|p1a: Landorus|Intimidate|boost
|-unboost|p2a: Kyurem|atk|1
|turn|14
|choice|move earthquake|move dragonclaw
|
|move|p1a: Landorus|Earthquake|p2a: Kyurem
|-damage|p2a: Kyurem|133/391
|-damage|p1a: Landorus|249/319|[from] item: Life Orb
|move|p2a: Kyurem|Dragon Claw|p1a: Landorus
|-damage|p1a: Landorus|24/319
|
|-weather|Sandstorm|[upkeep]
|-damage|p2a: Kyurem|109/391|[from] sandstorm
|upkeep
|turn|15
|choice|move stoneedge|switch 4
|
|switch|p2a: Magnezone|Magnezone|321/321
|move|p1a: Landorus|Stone Edge|p2a: Magnezone
|-resisted|p2a: Magnezone
|-damage|p2a: Magnezone|251/321
|-damage|p1a: Landorus|0 fnt|[from] item: Life Orb
|faint|p1a: Landorus
|
|-weather|Sandstorm|[upkeep]
|upkeep
|choice|switch 2|
|
|switch|p1a: Heatran|Heatran, F|244/324
|-damage|p1a: Heatran|204/324|[from] Stealth Rock
|-item|p1a: Heatran|Air Balloon
|turn|16
|choice|move earthpower|switch 4
|
|switch|p2a: Kyurem|Kyurem-Black|109/391
|-ability|p2a: Kyurem|Teravolt
|move|p1a: Heatran|Earth Power|p2a: Kyurem
|-damage|p2a: Kyurem|2/391
|
|-weather|Sandstorm|[upkeep]
|-damage|p2a: Kyurem|0 fnt|[from] sandstorm
|upkeep
|faint|p2a: Kyurem
|choice||switch 6
|
|switch|p2a: Latias|Latias, F|363/363
|turn|17
|choice|switch 4|move dragonpulse
|
|switch|p1a: Latios|Latios, M|186/302
|-damage|p1a: Latios|149/302|[from] Stealth Rock
|move|p2a: Latias|Dragon Pulse|p1a: Latios
|-supereffective|p1a: Latios
|-damage|p1a: Latios|0 fnt
|faint|p1a: Latios
|
|-weather|Sandstorm|[upkeep]
|-damage|p2a: Latias|341/363|[from] sandstorm
|-heal|p2a: Latias|363/363|[from] item: Leftovers
|upkeep
|choice|switch 4|
|
|switch|p1a: Heatran|Heatran, F|204/324
|-damage|p1a: Heatran|164/324|[from] Stealth Rock
|-item|p1a: Heatran|Air Balloon
|turn|18
|choice|move hiddenpower|move dragonpulse
|
|move|p2a: Latias|Dragon Pulse|p1a: Heatran
|-resisted|p1a: Heatran
|-damage|p1a: Heatran|113/324
|-enditem|p1a: Heatran|Air Balloon
|move|p1a: Heatran|Hidden Power|p2a: Latias
|-supereffective|p2a: Latias
|-damage|p2a: Latias|239/363
|
|-weather|Sandstorm|[upkeep]
|-damage|p2a: Latias|217/363|[from] sandstorm
|-heal|p2a: Latias|239/363|[from] item: Leftovers
|upkeep
|turn|19
|choice|move hiddenpower|move dragonpulse
|
|move|p2a: Latias|Dragon Pulse|p1a: Heatran
|-resisted|p1a: Heatran
|-damage|p1a: Heatran|61/324
|move|p1a: Heatran|Hidden Power|p2a: Latias
|-supereffective|p2a: Latias
|-damage|p2a: Latias|115/363
|
|-weather|Sandstorm|[upkeep]
|-damage|p2a: Latias|93/363|[from] sandstorm
|-heal|p2a: Latias|115/363|[from] item: Leftovers
|upkeep
|turn|20
|choice|move hiddenpower|move dragonpulse
|
|move|p2a: Latias|Dragon Pulse|p1a: Heatran
|-resisted|p1a: Heatran
|-damage|p1a: Heatran|1/324
|move|p1a: Heatran|Hidden Power|p2a: Latias
|-supereffective|p2a: Latias
|-damage|p2a: Latias|0 fnt
|faint|p2a: Latias
|
|-weather|Sandstorm|[upkeep]
|upkeep
|choice||switch 5
|
|switch|p2a: Garchomp|Garchomp, F|357/357
|turn|21
|choice|move hiddenpower|move earthquake
|
|move|p2a: Garchomp|Earthquake|p1a: Heatran
|-supereffective|p1a: Heatran
|-damage|p1a: Heatran|0 fnt
|faint|p1a: Heatran
|
|win|man
|raw|game is game❤'s rating: 1318 &rarr; <strong>1309</strong><br />(-9 for losing)
|raw|man's rating: 1531 &rarr; <strong>1540</strong><br />(+9 for winning)