|j|☆bxh318916
|j|☆Blaise Mister B
|t:|1730207325
|gametype|singles
|player|p1|bxh318916|steven|1486
|player|p2|Blaise Mister B|n|1295
|teamsize|p1|6
|teamsize|p2|6
|gen|5
|tier|[Gen 5] OU
|rated|
|rule|Species Clause: Limit one of each Pokémon
|rule|OHKO Clause: OHKO moves are banned
|rule|Moody Clause: Moody is banned
|rule|Evasion Items Clause: Evasion items are banned
|rule|Evasion Moves Clause: Evasion moves are banned
|rule|Endless Battle Clause: Forcing endless battles is banned
|rule|HP Percentage Mod: HP is shown in percentages
|rule|Evasion Abilities Clause: Evasion abilities are banned
|rule|Sleep Moves Clause: Sleep-inducing moves are banned
|rule|Swagger Clause: Swagger is banned
|rule|Baton Pass Stat Clause: No Baton Passer may have a way to boost its stats
|clearpoke
|poke|p1|Tyranitar, F|item
|poke|p1|Keldeo|item
|poke|p1|Garchomp, M|item
|poke|p1|Zapdos|item
|poke|p1|Scizor, F|item
|poke|p1|Starmie|item
|poke|p2|Excadrill, M|item
|poke|p2|Hippowdon, M|item
|poke|p2|Slowbro, M|item
|poke|p2|Tangrowth, M|item
|poke|p2|Blissey, F|item
|poke|p2|Slowking, F|item
|teampreview
|
|t:|1730207337
|start
|switch|p1a: Garchomp|Garchomp, M|100/100
|switch|p2a: Neptunus|Slowbro, M|100/100
|turn|1
|
|t:|1730207350
|switch|p1a: Tyranitar|Tyranitar, F|100/100
|-weather|Sandstorm|[from] ability: Sand Stream|[of] p1a: Tyranitar
|move|p2a: Neptunus|Ice Beam|p1a: Tyranitar
|-damage|p1a: Tyranitar|89/100
|-status|p1a: Tyranitar|frz
|
|-weather|Sandstorm|[upkeep]
|-damage|p2a: Neptunus|94/100|[from] Sandstorm
|upkeep
|turn|2
|
|t:|1730207371
|switch|p2a: Mars|Excadrill, M|100/100
|cant|p1a: Tyranitar|frz
|
|-weather|Sandstorm|[upkeep]
|upkeep
|turn|3
|
|t:|1730207378
|switch|p1a: Zapdos|Zapdos|100/100
|-ability|p1a: Zapdos|Pressure
|move|p2a: Mars|Rock Slide|p1a: Zapdos
|-supereffective|p1a: Zapdos
|-damage|p1a: Zapdos|26/100
|
|-weather|Sandstorm|[upkeep]
|-damage|p1a: Zapdos|20/100|[from] Sandstorm
|-heal|p1a: Zapdos|26/100|[from] item: Leftovers
|upkeep
|turn|4
|
|t:|1730207392
|switch|p1a: Scizor|Scizor, F|100/100
|move|p2a: Mars|Rock Slide|p1a: Scizor|[miss]
|-miss|p2a: Mars|p1a: Scizor
|
|-weather|Sandstorm|[upkeep]
|upkeep
|turn|5
|
|t:|1730207401
|switch|p2a: Janus|Hippowdon, M|100/100
|move|p1a: Scizor|Swords Dance|p1a: Scizor
|-boost|p1a: Scizor|atk|2
|
|-weather|Sandstorm|[upkeep]
|upkeep
|turn|6
|
|t:|1730207409
|move|p1a: Scizor|Swords Dance|p1a: Scizor
|-boost|p1a: Scizor|atk|2
|move|p2a: Janus|Fire Fang|p1a: Scizor
|-supereffective|p1a: Scizor
|-damage|p1a: Scizor|52/100
|
|-weather|Sandstorm|[upkeep]
|-heal|p1a: Scizor|58/100|[from] item: Leftovers
|upkeep
|turn|7
|
|t:|1730207423
|move|p1a: Scizor|Roost|p1a: Scizor
|-heal|p1a: Scizor|100/100
|-singleturn|p1a: Scizor|move: Roost
|move|p2a: Janus|Fire Fang|p1a: Scizor
|-supereffective|p1a: Scizor
|-damage|p1a: Scizor|54/100
|
|-weather|Sandstorm|[upkeep]
|-heal|p1a: Scizor|60/100|[from] item: Leftovers
|upkeep
|turn|8
|
|t:|1730207434
|move|p1a: Scizor|Bullet Punch|p2a: Janus
|-damage|p2a: Janus|61/100
|-damage|p1a: Scizor|44/100|[from] item: Rocky Helmet|[of] p2a: Janus
|move|p2a: Janus|Fire Fang|p1a: Scizor
|-supereffective|p1a: Scizor
|-damage|p1a: Scizor|0 fnt
|faint|p1a: Scizor
|
|-weather|Sandstorm|[upkeep]
|upkeep
|
|t:|1730207450
|switch|p1a: Zapdos|Zapdos|26/100
|-ability|p1a: Zapdos|Pressure
|turn|9
|
|t:|1730207474
|switch|p2a: Mars|Excadrill, M|100/100
|move|p1a: Zapdos|Toxic|p2a: Mars
|-immune|p2a: Mars
|
|-weather|Sandstorm|[upkeep]
|-damage|p1a: Zapdos|20/100|[from] Sandstorm
|-heal|p1a: Zapdos|26/100|[from] item: Leftovers
|upkeep
|turn|10
|
|t:|1730207488
|switch|p1a: Garchomp|Garchomp, M|100/100
|move|p2a: Mars|Rock Slide|p1a: Garchomp
|-resisted|p1a: Garchomp
|-damage|p1a: Garchomp|82/100
|
|-weather|Sandstorm|[upkeep]
|upkeep
|turn|11
|
|t:|1730207498
|switch|p2a: Neptunus|Slowbro, M|100/100
|move|p1a: Garchomp|Stealth Rock|p2a: Neptunus
|-sidestart|p2: Blaise Mister B|move: Stealth Rock
|
|-weather|Sandstorm|[upkeep]
|-damage|p2a: Neptunus|94/100|[from] Sandstorm
|upkeep
|turn|12
|
|t:|1730207511
|switch|p1a: Tyranitar|Tyranitar, F|89/100 frz
|move|p2a: Neptunus|Ice Beam|p1a: Tyranitar
|-damage|p1a: Tyranitar|76/100 frz
|
|-weather|Sandstorm|[upkeep]
|-damage|p2a: Neptunus|88/100|[from] Sandstorm
|upkeep
|turn|13
|
|t:|1730207521
|switch|p2a: Mars|Excadrill, M|100/100
|-damage|p2a: Mars|97/100|[from] Stealth Rock
|cant|p1a: Tyranitar|frz
|
|-weather|Sandstorm|[upkeep]
|-heal|p2a: Mars|100/100|[from] item: Leftovers
|upkeep
|turn|14
|
|t:|1730207534
|switch|p1a: Zapdos|Zapdos|26/100
|-ability|p1a: Zapdos|Pressure
|move|p2a: Mars|Rapid Spin|p1a: Zapdos
|-damage|p1a: Zapdos|17/100
|-sideend|p2: Blaise Mister B|Stealth Rock|[from] move: Rapid Spin|[of] p2a: Mars
|
|-weather|Sandstorm|[upkeep]
|-damage|p1a: Zapdos|11/100|[from] Sandstorm
|-heal|p1a: Zapdos|17/100|[from] item: Leftovers
|upkeep
|turn|15
|
|t:|1730207546
|move|p1a: Zapdos|Roost|p1a: Zapdos
|-heal|p1a: Zapdos|67/100
|-singleturn|p1a: Zapdos|move: Roost
|move|p2a: Mars|Earthquake|p1a: Zapdos
|-supereffective|p1a: Zapdos
|-damage|p1a: Zapdos|0 fnt
|faint|p1a: Zapdos
|
|-weather|Sandstorm|[upkeep]
|upkeep
|
|t:|1730207560
|switch|p1a: Garchomp|Garchomp, M|82/100
|turn|16
|
|t:|1730207579
|move|p1a: Garchomp|Outrage|p2a: Mars
|-resisted|p2a: Mars
|-damage|p2a: Mars|60/100
|move|p2a: Mars|Rapid Spin|p1a: Garchomp
|-crit|p1a: Garchomp
|-damage|p1a: Garchomp|66/100
|-damage|p2a: Mars|48/100|[from] ability: Rough Skin|[of] p1a: Garchomp
|
|-weather|Sandstorm|[upkeep]
|-heal|p2a: Mars|54/100|[from] item: Leftovers
|upkeep
|turn|17
|
|t:|1730207591
|move|p1a: Garchomp|Outrage|p2a: Mars|[from]lockedmove
|-resisted|p2a: Mars
|-damage|p2a: Mars|14/100
|move|p2a: Mars|Earthquake|p1a: Garchomp
|-damage|p1a: Garchomp|0 fnt
|faint|p1a: Garchomp
|
|-weather|Sandstorm|[upkeep]
|-heal|p2a: Mars|20/100|[from] item: Leftovers
|upkeep
|
|t:|1730207603
|switch|p1a: Keldeo|Keldeo|100/100
|turn|18
|
|t:|1730207608
|move|p1a: Keldeo|Scald|p2a: Mars
|-supereffective|p2a: Mars
|-damage|p2a: Mars|0 fnt
|faint|p2a: Mars
|
|-weather|Sandstorm|[upkeep]
|-damage|p1a: Keldeo|94/100|[from] Sandstorm
|-heal|p1a: Keldeo|100/100|[from] item: Leftovers
|upkeep
|
|t:|1730207611
|switch|p2a: Minerva|Slowking, F|100/100
|turn|19
|
|t:|1730207623
|switch|p1a: Tyranitar|Tyranitar, F|76/100 frz
|move|p2a: Minerva|Calm Mind|p2a: Minerva
|-boost|p2a: Minerva|spa|1
|-boost|p2a: Minerva|spd|1
|
|-weather|Sandstorm|[upkeep]
|-damage|p2a: Minerva|94/100|[from] Sandstorm
|upkeep
|turn|20
|
|t:|1730207632
|-curestatus|p1a: Tyranitar|frz|[msg]
|move|p1a: Tyranitar|Crunch|p2a: Minerva
|-supereffective|p2a: Minerva
|-enditem|p2a: Minerva|Colbur Berry|[eat]
|-enditem|p2a: Minerva|Colbur Berry|[weaken]
|-damage|p2a: Minerva|23/100
|move|p2a: Minerva|Calm Mind|p2a: Minerva
|-boost|p2a: Minerva|spa|1
|-boost|p2a: Minerva|spd|1
|
|-weather|Sandstorm|[upkeep]
|-damage|p2a: Minerva|16/100|[from] Sandstorm
|upkeep
|turn|21
|
|t:|1730207644
|switch|p2a: Janus|Hippowdon, M|61/100
|move|p1a: Tyranitar|Crunch|p2a: Janus
|-damage|p2a: Janus|21/100
|-damage|p1a: Tyranitar|60/100|[from] item: Rocky Helmet|[of] p2a: Janus
|
|-weather|Sandstorm|[upkeep]
|upkeep
|turn|22
|
|t:|1730207653
|move|p1a: Tyranitar|Crunch|p2a: Janus
|-damage|p2a: Janus|0 fnt
|-damage|p1a: Tyranitar|43/100|[from] item: Rocky Helmet|[of] p2a: Janus
|faint|p2a: Janus
|
|-weather|Sandstorm|[upkeep]
|upkeep
|
|t:|1730207660
|switch|p2a: Saturnus|Tangrowth, M, shiny|100/100
|turn|23
|
|t:|1730207665
|move|p1a: Tyranitar|Crunch|p2a: Saturnus
|-damage|p2a: Saturnus|62/100
|move|p2a: Saturnus|Leech Seed|p1a: Tyranitar
|-start|p1a: Tyranitar|move: Leech Seed
|
|-weather|Sandstorm|[upkeep]
|-damage|p2a: Saturnus|56/100|[from] Sandstorm
|-heal|p2a: Saturnus|62/100|[from] item: Leftovers
|-damage|p1a: Tyranitar|31/100|[from] Leech Seed|[of] p2a: Saturnus
|-heal|p2a: Saturnus|74/100|[silent]
|upkeep
|turn|24
|j| SKT T1 Motherfaker
|
|t:|1730207676
|switch|p1a: Starmie|Starmie|100/100
|move|p2a: Saturnus|Power Whip|p1a: Starmie
|-supereffective|p1a: Starmie
|-damage|p1a: Starmie|0 fnt
|faint|p1a: Starmie
|
|-weather|Sandstorm|[upkeep]
|-damage|p2a: Saturnus|68/100|[from] Sandstorm
|-heal|p2a: Saturnus|74/100|[from] item: Leftovers
|upkeep
|
|t:|1730207689
|switch|p1a: Tyranitar|Tyranitar, F|31/100
|turn|25
|
|t:|1730207694
|switch|p2a: Neptunus|Slowbro, M|100/100
|move|p1a: Tyranitar|Stone Edge|p2a: Neptunus
|-crit|p2a: Neptunus
|-damage|p2a: Neptunus|0 fnt
|faint|p2a: Neptunus
|
|-weather|Sandstorm|[upkeep]
|upkeep
|
|t:|1730207700
|switch|p2a: Saturnus|Tangrowth, M, shiny|100/100
|turn|26
|
|t:|1730207706
|move|p1a: Tyranitar|Stone Edge|p2a: Saturnus
|-damage|p2a: Saturnus|56/100
|move|p2a: Saturnus|Power Whip|p1a: Tyranitar
|-supereffective|p1a: Tyranitar
|-damage|p1a: Tyranitar|0 fnt
|faint|p1a: Tyranitar
|
|-weather|Sandstorm|[upkeep]
|-damage|p2a: Saturnus|50/100|[from] Sandstorm
|-heal|p2a: Saturnus|56/100|[from] item: Leftovers
|upkeep
|
|t:|1730207718
|switch|p1a: Keldeo|Keldeo|100/100
|turn|27
|
|t:|1730207727
|move|p1a: Keldeo|Scald|p2a: Saturnus
|-resisted|p2a: Saturnus
|-damage|p2a: Saturnus|27/100
|move|p2a: Saturnus|Leech Seed|p1a: Keldeo|[miss]
|-miss|p2a: Saturnus|p1a: Keldeo
|
|-weather|Sandstorm|[upkeep]
|-damage|p1a: Keldeo|94/100|[from] Sandstorm
|-damage|p2a: Saturnus|21/100|[from] Sandstorm
|-heal|p1a: Keldeo|100/100|[from] item: Leftovers
|-heal|p2a: Saturnus|27/100|[from] item: Leftovers
|upkeep
|turn|28
|
|t:|1730207739
|switch|p2a: Venus|Blissey, F, shiny|100/100
|move|p1a: Keldeo|Scald|p2a: Venus
|-damage|p2a: Venus|87/100
|-status|p2a: Venus|brn
|
|-weather|Sandstorm|[upkeep]
|-damage|p1a: Keldeo|94/100|[from] Sandstorm
|-damage|p2a: Venus|80/100 brn|[from] Sandstorm
|-heal|p1a: Keldeo|100/100|[from] item: Leftovers
|-heal|p2a: Venus|87/100 brn|[from] item: Leftovers
|-damage|p2a: Venus|74/100 brn|[from] brn
|upkeep
|turn|29
|
|t:|1730207753
|move|p1a: Keldeo|Substitute|p1a: Keldeo
|-start|p1a: Keldeo|Substitute
|-damage|p1a: Keldeo|75/100
|move|p2a: Venus|Toxic||[still]
|-fail|p2a: Venus
|
|-weather|Sandstorm|[upkeep]
|-damage|p1a: Keldeo|69/100|[from] Sandstorm
|-damage|p2a: Venus|68/100 brn|[from] Sandstorm
|-heal|p1a: Keldeo|75/100|[from] item: Leftovers
|-heal|p2a: Venus|74/100 brn|[from] item: Leftovers
|-damage|p2a: Venus|62/100 brn|[from] brn
|upkeep
|turn|30
|
|t:|1730207765
|move|p1a: Keldeo|Calm Mind|p1a: Keldeo
|-boost|p1a: Keldeo|spa|1
|-boost|p1a: Keldeo|spd|1
|move|p2a: Venus|Wish|p2a: Venus
|
|-weather|Sandstorm|[upkeep]
|-damage|p1a: Keldeo|69/100|[from] Sandstorm
|-damage|p2a: Venus|56/100 brn|[from] Sandstorm
|-heal|p1a: Keldeo|75/100|[from] item: Leftovers
|-heal|p2a: Venus|62/100 brn|[from] item: Leftovers
|-damage|p2a: Venus|49/100 brn|[from] brn
|upkeep
|turn|31
|
|t:|1730207778
|-curestatus|p2a: Venus|brn|[from] ability: Natural Cure
|switch|p2a: Minerva|Slowking, F|50/100
|move|p1a: Keldeo|Calm Mind|p1a: Keldeo
|-boost|p1a: Keldeo|spa|1
|-boost|p1a: Keldeo|spd|1
|
|-weather|Sandstorm|[upkeep]
|-damage|p1a: Keldeo|69/100|[from] Sandstorm
|-damage|p2a: Minerva|44/100|[from] Sandstorm
|-heal|p2a: Minerva|100/100|[from] move: Wish|[wisher] Venus
|-heal|p1a: Keldeo|75/100|[from] item: Leftovers
|upkeep
|turn|32
|
|t:|1730207792
|move|p1a: Keldeo|Calm Mind|p1a: Keldeo
|-boost|p1a: Keldeo|spa|1
|-boost|p1a: Keldeo|spd|1
|move|p2a: Minerva|Psyshock|p1a: Keldeo
|-supereffective|p1a: Keldeo
|-crit|p1a: Keldeo
|-end|p1a: Keldeo|Substitute
|
|-weather|Sandstorm|[upkeep]
|-damage|p1a: Keldeo|69/100|[from] Sandstorm
|-damage|p2a: Minerva|94/100|[from] Sandstorm
|-heal|p1a: Keldeo|75/100|[from] item: Leftovers
|upkeep
|turn|33
|
|t:|1730207804
|move|p1a: Keldeo|Secret Sword|p2a: Minerva
|-resisted|p2a: Minerva
|-damage|p2a: Minerva|35/100
|move|p2a: Minerva|Psyshock|p1a: Keldeo
|-supereffective|p1a: Keldeo
|-damage|p1a: Keldeo|9/100
|
|-weather|Sandstorm|[upkeep]
|-damage|p1a: Keldeo|3/100|[from] Sandstorm
|-damage|p2a: Minerva|28/100|[from] Sandstorm
|-heal|p1a: Keldeo|9/100|[from] item: Leftovers
|upkeep
|turn|34
|
|t:|1730207816
|switch|p2a: Saturnus|Tangrowth, M, shiny|60/100
|move|p1a: Keldeo|Secret Sword|p2a: Saturnus
|-damage|p2a: Saturnus|4/100
|
|-weather|Sandstorm|[upkeep]
|-damage|p1a: Keldeo|3/100|[from] Sandstorm
|-damage|p2a: Saturnus|0 fnt|[from] Sandstorm
|faint|p2a: Saturnus
|-heal|p1a: Keldeo|9/100|[from] item: Leftovers
|upkeep
|
|t:|1730207823
|switch|p2a: Minerva|Slowking, F|62/100
|turn|35
|
|t:|1730207834
|switch|p2a: Venus|Blissey, F, shiny|49/100
|move|p1a: Keldeo|Scald|p2a: Venus
|-damage|p2a: Venus|18/100
|
|-weather|Sandstorm|[upkeep]
|-damage|p1a: Keldeo|3/100|[from] Sandstorm
|-damage|p2a: Venus|12/100|[from] Sandstorm
|-heal|p1a: Keldeo|9/100|[from] item: Leftovers
|-heal|p2a: Venus|18/100|[from] item: Leftovers
|upkeep
|turn|36
|
|t:|1730207850
|move|p1a: Keldeo|Secret Sword|p2a: Venus
|-supereffective|p2a: Venus
|-damage|p2a: Venus|0 fnt
|faint|p2a: Venus
|
|-weather|Sandstorm|[upkeep]
|-damage|p1a: Keldeo|3/100|[from] Sandstorm
|-heal|p1a: Keldeo|9/100|[from] item: Leftovers
|upkeep
|
|t:|1730207853
|switch|p2a: Minerva|Slowking, F|95/100
|turn|37
|
|t:|1730207862
|move|p1a: Keldeo|Scald|p2a: Minerva
|-resisted|p2a: Minerva
|-damage|p2a: Minerva|63/100
|-status|p2a: Minerva|brn
|move|p2a: Minerva|Psyshock|p1a: Keldeo
|-supereffective|p1a: Keldeo
|-crit|p1a: Keldeo
|-damage|p1a: Keldeo|0 fnt
|faint|p1a: Keldeo
|
|win|Blaise Mister B
|raw|bxh318916's rating: 1486 &rarr; <strong>1456</strong><br />(-30 for losing)
|raw|Blaise Mister B's rating: 1295 &rarr; <strong>1333</strong><br />(+38 for winning)
