|j|☆chokewayne
|j|☆rstlne123
|t:|1748580977
|gametype|singles
|player|p1|chokewayne|265|1497
|player|p2|rstlne123|101|1306
|teamsize|p1|6
|teamsize|p2|6
|gen|5
|tier|[Gen 5] OU
|rated|
|rule|Species Clause: Limit one of each Pokémon
|rule|OHKO Clause: OHKO moves are banned
|rule|Moody Clause: Moody is banned
|rule|Evasion Items Clause: Evasion items are banned
|rule|Evasion Moves Clause: Evasion moves are banned
|rule|Endless Battle Clause: Forcing endless battles is banned
|rule|HP Percentage Mod: HP is shown in percentages
|rule|Evasion Abilities Clause: Evasion abilities are banned
|rule|Sleep Moves Clause: Sleep-inducing moves are banned
|rule|Swagger Clause: Swagger is banned
|rule|Baton Pass Stat Clause: No Baton Passer may have a way to boost its stats
|clearpoke
|poke|p1|Tyranitar, M|item
|poke|p1|Latias, F|item
|poke|p1|Rotom-Wash|item
|poke|p1|Alakazam, M|item
|poke|p1|Landorus-Therian, M|item
|poke|p1|Excadrill, M|item
|poke|p2|Politoed, M|item
|poke|p2|Keldeo|item
|poke|p2|Latios, M|item
|poke|p2|Starmie|item
|poke|p2|Thundurus-Therian, M|item
|poke|p2|Jirachi|item
|teampreview
|inactive|Battle timer is ON: inactive players will automatically lose when time's up. (requested by chokewayne)
|j| Yor Gasai
|inactive|rstlne123 has 120 seconds left.
|
|t:|1748581017
|start
|switch|p1a: Rotom|Rotom-Wash|100/100
|switch|p2a: Politoed|Politoed, M|100/100
|-weather|RainDance|[from] ability: Drizzle|[of] p2a: Politoed
|turn|1
|
|t:|1748581020
|switch|p2a: Thundurus|Thundurus-Therian, M|100/100
|move|p1a: Rotom|Will-O-Wisp|p2a: Thundurus
|-status|p2a: Thundurus|brn
|
|-weather|RainDance|[upkeep]
|-damage|p2a: Thundurus|88/100 brn|[from] brn
|upkeep
|turn|2
|
|t:|1748581024
|switch|p1a: Tyranitar|Tyranitar, M|100/100
|-weather|Sandstorm|[from] ability: Sand Stream|[of] p1a: Tyranitar
|move|p2a: Thundurus|Thunder|p1a: Tyranitar
|-damage|p1a: Tyranitar|65/100
|
|-weather|Sandstorm|[upkeep]
|-damage|p2a: Thundurus|82/100 brn|[from] Sandstorm
|-heal|p2a: Thundurus|88/100 brn|[from] item: Leftovers
|-damage|p2a: Thundurus|76/100 brn|[from] brn
|upkeep
|turn|3
|
|t:|1748581031
|move|p2a: Thundurus|Focus Blast|p1a: Tyranitar
|-supereffective|p1a: Tyranitar
|-enditem|p1a: Tyranitar|Chople Berry|[eat]
|-enditem|p1a: Tyranitar|Chople Berry|[weaken]
|-damage|p1a: Tyranitar|15/100
|move|p1a: Tyranitar|Stealth Rock|p2a: Thundurus
|-sidestart|p2: rstlne123|move: Stealth Rock
|
|-weather|Sandstorm|[upkeep]
|-damage|p2a: Thundurus|69/100 brn|[from] Sandstorm
|-heal|p2a: Thundurus|76/100 brn|[from] item: Leftovers
|-damage|p2a: Thundurus|63/100 brn|[from] brn
|upkeep
|turn|4
|
|t:|1748581037
|switch|p1a: Latias|Latias, F|100/100
|move|p2a: Thundurus|Hidden Power|p1a: Latias
|-supereffective|p1a: Latias
|-damage|p1a: Latias|54/100
|
|-weather|Sandstorm|[upkeep]
|-damage|p1a: Latias|48/100|[from] Sandstorm
|-damage|p2a: Thundurus|57/100 brn|[from] Sandstorm
|-heal|p2a: Thundurus|63/100 brn|[from] item: Leftovers
|-damage|p2a: Thundurus|51/100 brn|[from] brn
|upkeep
|turn|5
|
|t:|1748581042
|switch|p2a: Jirachi|Jirachi|100/100
|-damage|p2a: Jirachi|94/100|[from] Stealth Rock
|move|p1a: Latias|Ice Beam|p2a: Jirachi
|-resisted|p2a: Jirachi
|-damage|p2a: Jirachi|87/100
|
|-weather|Sandstorm|[upkeep]
|-damage|p1a: Latias|42/100|[from] Sandstorm
|-heal|p2a: Jirachi|93/100|[from] item: Leftovers
|upkeep
|turn|6
|
|t:|1748581045
|move|p1a: Latias|Thunder Wave|p2a: Jirachi
|-status|p2a: Jirachi|par
|move|p2a: Jirachi|U-turn|p1a: Latias
|-supereffective|p1a: Latias
|-damage|p1a: Latias|7/100
|-damage|p2a: Jirachi|76/100 par|[from] item: Rocky Helmet|[of] p1a: Latias
|
|t:|1748581051
|switch|p2a: Latios|Latios, M|100/100|[from] U-turn
|-damage|p2a: Latios|88/100|[from] Stealth Rock
|
|-weather|Sandstorm|[upkeep]
|-damage|p2a: Latios|82/100|[from] Sandstorm
|-damage|p1a: Latias|1/100|[from] Sandstorm
|upkeep
|turn|7
|
|t:|1748581057
|move|p2a: Latios|Surf|p1a: Latias
|-resisted|p1a: Latias
|-damage|p1a: Latias|0 fnt
|faint|p1a: Latias
|
|-weather|Sandstorm|[upkeep]
|-damage|p2a: Latios|76/100|[from] Sandstorm
|upkeep
|
|t:|1748581065
|switch|p1a: Rotom|Rotom-Wash|100/100
|turn|8
|
|t:|1748581070
|switch|p2a: Jirachi|Jirachi|76/100 par
|-damage|p2a: Jirachi|70/100 par|[from] Stealth Rock
|move|p1a: Rotom|Hydro Pump|p2a: Jirachi
|-damage|p2a: Jirachi|42/100 par
|
|-weather|Sandstorm|[upkeep]
|-damage|p1a: Rotom|95/100|[from] Sandstorm
|-heal|p1a: Rotom|100/100|[from] item: Leftovers
|-heal|p2a: Jirachi|48/100 par|[from] item: Leftovers
|upkeep
|turn|9
|
|t:|1748581075
|move|p1a: Rotom|Volt Switch|p2a: Jirachi
|-damage|p2a: Jirachi|32/100 par
|
|t:|1748581078
|switch|p1a: Excadrill|Excadrill, M|100/100|[from] Volt Switch
|move|p2a: Jirachi|Stealth Rock|p1a: Excadrill
|-sidestart|p1: chokewayne|move: Stealth Rock
|
|-weather|Sandstorm|[upkeep]
|-heal|p2a: Jirachi|39/100 par|[from] item: Leftovers
|upkeep
|turn|10
|
|t:|1748581090
|switch|p2a: Latios|Latios, M|76/100
|-damage|p2a: Latios|64/100|[from] Stealth Rock
|move|p1a: Excadrill|Substitute|p1a: Excadrill
|-start|p1a: Excadrill|Substitute
|-damage|p1a: Excadrill|76/100
|
|-weather|Sandstorm|[upkeep]
|-damage|p2a: Latios|58/100|[from] Sandstorm
|-heal|p1a: Excadrill|82/100|[from] item: Leftovers
|upkeep
|turn|11
|
|t:|1748581097
|move|p1a: Excadrill|Protect|p1a: Excadrill
|-singleturn|p1a: Excadrill|Protect
|move|p2a: Latios|Surf|p1a: Excadrill
|-activate|p1a: Excadrill|move: Protect
|
|-weather|Sandstorm|[upkeep]
|-damage|p2a: Latios|52/100|[from] Sandstorm
|-heal|p1a: Excadrill|88/100|[from] item: Leftovers
|upkeep
|turn|12
|
|t:|1748581100
|move|p2a: Latios|Surf|p1a: Excadrill
|-supereffective|p1a: Excadrill
|-crit|p1a: Excadrill
|-end|p1a: Excadrill|Substitute
|move|p1a: Excadrill|Iron Head|p2a: Latios
|-damage|p2a: Latios|0 fnt
|faint|p2a: Latios
|
|-weather|Sandstorm|[upkeep]
|-heal|p1a: Excadrill|94/100|[from] item: Leftovers
|upkeep
|
|t:|1748581104
|switch|p2a: Politoed|Politoed, M|100/100
|-damage|p2a: Politoed|88/100|[from] Stealth Rock
|-weather|RainDance|[from] ability: Drizzle|[of] p2a: Politoed
|turn|13
|
|t:|1748581107
|move|p1a: Excadrill|Protect|p1a: Excadrill
|-singleturn|p1a: Excadrill|Protect
|move|p2a: Politoed|Scald|p1a: Excadrill
|-activate|p1a: Excadrill|move: Protect
|
|-weather|RainDance|[upkeep]
|-heal|p1a: Excadrill|99/100|[from] item: Leftovers
|-heal|p2a: Politoed|94/100|[from] item: Leftovers
|upkeep
|turn|14
|
|t:|1748581110
|switch|p1a: Rotom|Rotom-Wash|100/100
|-damage|p1a: Rotom|88/100|[from] Stealth Rock
|move|p2a: Politoed|Scald|p1a: Rotom
|-resisted|p1a: Rotom
|-damage|p1a: Rotom|69/100
|
|-weather|RainDance|[upkeep]
|-heal|p1a: Rotom|75/100|[from] item: Leftovers
|-heal|p2a: Politoed|100/100|[from] item: Leftovers
|upkeep
|turn|15
|
|t:|1748581113
|move|p1a: Rotom|Hydro Pump|p2a: Politoed|[miss]
|-miss|p1a: Rotom|p2a: Politoed
|move|p2a: Politoed|Scald|p1a: Rotom
|-resisted|p1a: Rotom
|-damage|p1a: Rotom|54/100
|
|-weather|RainDance|[upkeep]
|-heal|p1a: Rotom|60/100|[from] item: Leftovers
|upkeep
|turn|16
|
|t:|1748581120
|switch|p2a: Thundurus|Thundurus-Therian, M|51/100 brn
|-damage|p2a: Thundurus|26/100 brn|[from] Stealth Rock
|move|p1a: Rotom|Hydro Pump|p2a: Thundurus
|-damage|p2a: Thundurus|0 fnt
|faint|p2a: Thundurus
|
|-weather|RainDance|[upkeep]
|-heal|p1a: Rotom|66/100|[from] item: Leftovers
|upkeep
|
|t:|1748581122
|switch|p2a: Keldeo|Keldeo|100/100
|-damage|p2a: Keldeo|94/100|[from] Stealth Rock
|turn|17
|
|t:|1748581126
|move|p2a: Keldeo|Hydro Pump|p1a: Rotom
|-resisted|p1a: Rotom
|-damage|p1a: Rotom|0 fnt
|faint|p1a: Rotom
|
|-weather|RainDance|[upkeep]
|upkeep
|
|t:|1748581130
|switch|p1a: Alakazam|Alakazam, M|100/100
|turn|18
|
|t:|1748581134
|switch|p1a: Excadrill|Excadrill, M|99/100
|-damage|p1a: Excadrill|97/100|[from] Stealth Rock
|switch|p2a: Jirachi|Jirachi|39/100 par
|-damage|p2a: Jirachi|32/100 par|[from] Stealth Rock
|
|-weather|RainDance|[upkeep]
|-heal|p1a: Excadrill|100/100|[from] item: Leftovers
|-heal|p2a: Jirachi|39/100 par|[from] item: Leftovers
|upkeep
|turn|19
|
|t:|1748581143
|move|p1a: Excadrill|Substitute|p1a: Excadrill
|-start|p1a: Excadrill|Substitute
|-damage|p1a: Excadrill|76/100
|move|p2a: Jirachi|U-turn|p1a: Excadrill
|-resisted|p1a: Excadrill
|-activate|p1a: Excadrill|Substitute|[damage]
|
|t:|1748581146
|switch|p2a: Politoed|Politoed, M|100/100|[from] U-turn
|-damage|p2a: Politoed|88/100|[from] Stealth Rock
|
|-weather|RainDance|[upkeep]
|-heal|p1a: Excadrill|82/100|[from] item: Leftovers
|-heal|p2a: Politoed|94/100|[from] item: Leftovers
|upkeep
|turn|20
|
|t:|1748581149
|move|p1a: Excadrill|Earthquake|p2a: Politoed
|-damage|p2a: Politoed|50/100
|move|p2a: Politoed|Scald|p1a: Excadrill
|-supereffective|p1a: Excadrill
|-end|p1a: Excadrill|Substitute
|
|-weather|RainDance|[upkeep]
|-heal|p1a: Excadrill|88/100|[from] item: Leftovers
|-heal|p2a: Politoed|56/100|[from] item: Leftovers
|upkeep
|turn|21
|
|t:|1748581156
|switch|p1a: Tyranitar|Tyranitar, M|15/100
|-damage|p1a: Tyranitar|2/100|[from] Stealth Rock
|-weather|Sandstorm|[from] ability: Sand Stream|[of] p1a: Tyranitar
|move|p2a: Politoed|Scald|p1a: Tyranitar
|-supereffective|p1a: Tyranitar
|-damage|p1a: Tyranitar|0 fnt
|faint|p1a: Tyranitar
|
|-weather|Sandstorm|[upkeep]
|-damage|p2a: Politoed|50/100|[from] Sandstorm
|-heal|p2a: Politoed|56/100|[from] item: Leftovers
|upkeep
|
|t:|1748581158
|switch|p1a: Excadrill|Excadrill, M|88/100
|-damage|p1a: Excadrill|85/100|[from] Stealth Rock
|turn|22
|
|t:|1748581162
|switch|p2a: Jirachi|Jirachi|39/100 par
|-damage|p2a: Jirachi|32/100 par|[from] Stealth Rock
|move|p1a: Excadrill|Earthquake|p2a: Jirachi
|-supereffective|p2a: Jirachi
|-damage|p2a: Jirachi|0 fnt
|faint|p2a: Jirachi
|
|-weather|Sandstorm|[upkeep]
|-heal|p1a: Excadrill|91/100|[from] item: Leftovers
|upkeep
|
|t:|1748581164
|switch|p2a: Politoed|Politoed, M|56/100
|-damage|p2a: Politoed|44/100|[from] Stealth Rock
|-weather|RainDance|[from] ability: Drizzle|[of] p2a: Politoed
|turn|23
|
|t:|1748581170
|move|p1a: Excadrill|Earthquake|p2a: Politoed
|-damage|p2a: Politoed|0 fnt
|faint|p2a: Politoed
|
|-weather|RainDance|[upkeep]
|-heal|p1a: Excadrill|97/100|[from] item: Leftovers
|upkeep
|
|t:|1748581172
|switch|p2a: Keldeo|Keldeo|94/100
|-damage|p2a: Keldeo|88/100|[from] Stealth Rock
|turn|24
|
|t:|1748581178
|move|p2a: Keldeo|Surf|p1a: Excadrill
|-supereffective|p1a: Excadrill
|-damage|p1a: Excadrill|0 fnt
|faint|p1a: Excadrill
|
|-weather|RainDance|[upkeep]
|upkeep
|
|t:|1748581181
|switch|p1a: Alakazam|Alakazam, M|100/100
|turn|25
|
|t:|1748581188
|switch|p1a: Landorus|Landorus-Therian, M|100/100
|-damage|p1a: Landorus|88/100|[from] Stealth Rock
|-ability|p1a: Landorus|Intimidate|boost
|-unboost|p2a: Keldeo|atk|1
|move|p2a: Keldeo|Surf|p1a: Landorus
|-supereffective|p1a: Landorus
|-crit|p1a: Landorus
|-damage|p1a: Landorus|0 fnt
|faint|p1a: Landorus
|
|-weather|RainDance|[upkeep]
|upkeep
|
|t:|1748581191
|switch|p1a: Alakazam|Alakazam, M|100/100
|turn|26
|
|t:|1748581193
|move|p1a: Alakazam|Psychic|p2a: Keldeo
|-supereffective|p2a: Keldeo
|-damage|p2a: Keldeo|0 fnt
|faint|p2a: Keldeo
|
|-weather|RainDance|[upkeep]
|upkeep
|
|t:|1748581197
|switch|p2a: Starmie|Starmie|100/100
|-damage|p2a: Starmie|88/100|[from] Stealth Rock
|-item|p2a: Starmie|Air Balloon
|turn|27
|
|t:|1748581200
|move|p1a: Alakazam|Psychic|p2a: Starmie
|-resisted|p2a: Starmie
|-damage|p2a: Starmie|55/100
|-enditem|p2a: Starmie|Air Balloon
|move|p2a: Starmie|Hydro Pump|p1a: Alakazam
|-enditem|p1a: Alakazam|Focus Sash
|-damage|p1a: Alakazam|1/100
|
|-weather|RainDance|[upkeep]
|upkeep
|turn|28
|
|t:|1748581204
|move|p1a: Alakazam|Psychic|p2a: Starmie
|-resisted|p2a: Starmie
|-damage|p2a: Starmie|20/100
|-unboost|p2a: Starmie|spd|1
|move|p2a: Starmie|Thunderbolt|p1a: Alakazam
|-damage|p1a: Alakazam|0 fnt
|faint|p1a: Alakazam
|
|win|rstlne123
|raw|chokewayne's rating: 1497 &rarr; <strong>1467</strong><br />(-30 for losing)
|raw|rstlne123's rating: 1306 &rarr; <strong>1336</strong><br />(+30 for winning)
