|j|☆phosphor
|j|☆qishilu18
|t:|1736210715
|gametype|singles
|player|p1|phosphor|#phosphor|1407
|player|p2|qishilu18|shauntal|1432
|teamsize|p1|6
|teamsize|p2|6
|gen|5
|tier|[Gen 5] OU
|rated|
|rule|Species Clause: Limit one of each Pokémon
|rule|OHKO Clause: OHKO moves are banned
|rule|Moody Clause: Moody is banned
|rule|Evasion Items Clause: Evasion items are banned
|rule|Evasion Moves Clause: Evasion moves are banned
|rule|Endless Battle Clause: Forcing endless battles is banned
|rule|HP Percentage Mod: HP is shown in percentages
|rule|Evasion Abilities Clause: Evasion abilities are banned
|rule|Sleep Moves Clause: Sleep-inducing moves are banned
|rule|Swagger Clause: Swagger is banned
|rule|Baton Pass Stat Clause: No Baton Passer may have a way to boost its stats
|clearpoke
|poke|p1|Tyranitar, F|item
|poke|p1|Latios, M|item
|poke|p1|Seismitoad, M|item
|poke|p1|Forretress, F|item
|poke|p1|Heatran, F|item
|poke|p1|Reuniclus, M|item
|poke|p2|Politoed, M|item
|poke|p2|Tentacruel, F|item
|poke|p2|Ferrothorn, M|item
|poke|p2|Keldeo-Resolute|item
|poke|p2|Thundurus-Therian, M|item
|poke|p2|Latios, M|item
|teampreview
|j| Duchess Sux
|c|☆phosphor|Gl hf
|inactive|Battle timer is ON: inactive players will automatically lose when time's up. (requested by qishilu18)
|
|t:|1736210729
|start
|switch|p1a: Seismitoad|Seismitoad, M|100/100
|switch|p2a: Thundurus|Thundurus-Therian, M|100/100
|turn|1
|
|t:|1736210742
|move|p2a: Thundurus|Substitute|p2a: Thundurus
|-start|p2a: Thundurus|Substitute
|-damage|p2a: Thundurus|76/100
|move|p1a: Seismitoad|Stealth Rock|p2a: Thundurus
|-sidestart|p2: qishilu18|move: Stealth Rock
|
|-heal|p2a: Thundurus|82/100|[from] item: Leftovers
|upkeep
|turn|2
|
|t:|1736210745
|move|p2a: Thundurus|Focus Blast|p1a: Seismitoad
|-damage|p1a: Seismitoad|59/100
|-unboost|p1a: Seismitoad|spd|1
|move|p1a: Seismitoad|Scald|p2a: Thundurus
|-end|p2a: Thundurus|Substitute
|
|-heal|p2a: Thundurus|88/100|[from] item: Leftovers
|-heal|p1a: Seismitoad|65/100|[from] item: Leftovers
|upkeep
|turn|3
|
|t:|1736210749
|switch|p1a: Latios|Latios, M|100/100
|move|p2a: Thundurus|Focus Blast|p1a: Latios
|-resisted|p1a: Latios
|-damage|p1a: Latios|78/100
|
|-heal|p2a: Thundurus|94/100|[from] item: Leftovers
|upkeep
|turn|4
|
|t:|1736210755
|switch|p2a: Ferrothorn|Ferrothorn, M|100/100
|-damage|p2a: Ferrothorn|94/100|[from] Stealth Rock
|move|p1a: Latios|Draco Meteor|p2a: Ferrothorn
|-resisted|p2a: Ferrothorn
|-damage|p2a: Ferrothorn|57/100
|-unboost|p1a: Latios|spa|2
|
|-heal|p2a: Ferrothorn|63/100|[from] item: Leftovers
|upkeep
|turn|5
|
|t:|1736210760
|switch|p1a: Heatran|Heatran, F|100/100
|-item|p1a: Heatran|Air Balloon
|move|p2a: Ferrothorn|Power Whip|p1a: Heatran
|-resisted|p1a: Heatran
|-damage|p1a: Heatran|91/100
|-enditem|p1a: Heatran|Air Balloon
|
|-heal|p2a: Ferrothorn|69/100|[from] item: Leftovers
|upkeep
|turn|6
|
|t:|1736210765
|switch|p2a: Politoed|Politoed, M|100/100
|-damage|p2a: Politoed|88/100|[from] Stealth Rock
|-weather|RainDance|[from] ability: Drizzle|[of] p2a: Politoed
|move|p1a: Heatran|Lava Plume|p2a: Politoed
|-resisted|p2a: Politoed
|-damage|p2a: Politoed|81/100
|
|-weather|RainDance|[upkeep]
|-heal|p2a: Politoed|87/100|[from] item: Leftovers
|upkeep
|turn|7
|
|t:|1736210769
|move|p1a: Heatran|Lava Plume|p2a: Politoed
|-resisted|p2a: Politoed
|-damage|p2a: Politoed|80/100
|-status|p2a: Politoed|brn
|move|p2a: Politoed|Toxic|p1a: Heatran
|-immune|p1a: Heatran
|
|-weather|RainDance|[upkeep]
|-heal|p2a: Politoed|86/100 brn|[from] item: Leftovers
|-damage|p2a: Politoed|74/100 brn|[from] brn
|upkeep
|turn|8
|
|t:|1736210777
|move|p1a: Heatran|Earth Power|p2a: Politoed
|-damage|p2a: Politoed|51/100 brn
|move|p2a: Politoed|Scald|p1a: Heatran
|-supereffective|p1a: Heatran
|-damage|p1a: Heatran|19/100
|
|-weather|RainDance|[upkeep]
|-heal|p2a: Politoed|57/100 brn|[from] item: Leftovers
|-damage|p2a: Politoed|45/100 brn|[from] brn
|upkeep
|turn|9
|
|t:|1736210788
|switch|p1a: Seismitoad|Seismitoad, M|65/100
|switch|p2a: Thundurus|Thundurus-Therian, M|94/100
|-damage|p2a: Thundurus|69/100|[from] Stealth Rock
|
|-weather|RainDance|[upkeep]
|-heal|p2a: Thundurus|75/100|[from] item: Leftovers
|-heal|p1a: Seismitoad|71/100|[from] item: Leftovers
|upkeep
|turn|10
|
|t:|1736210793
|move|p2a: Thundurus|Focus Blast|p1a: Seismitoad|[miss]
|-miss|p2a: Thundurus|p1a: Seismitoad
|move|p1a: Seismitoad|Scald|p2a: Thundurus
|-damage|p2a: Thundurus|32/100
|
|-weather|RainDance|[upkeep]
|-heal|p2a: Thundurus|39/100|[from] item: Leftovers
|-heal|p1a: Seismitoad|77/100|[from] item: Leftovers
|upkeep
|turn|11
|
|t:|1736210796
|move|p2a: Thundurus|Focus Blast|p1a: Seismitoad
|-damage|p1a: Seismitoad|35/100
|move|p1a: Seismitoad|Scald|p2a: Thundurus
|-crit|p2a: Thundurus
|-damage|p2a: Thundurus|0 fnt
|faint|p2a: Thundurus
|
|-weather|RainDance|[upkeep]
|-heal|p1a: Seismitoad|41/100|[from] item: Leftovers
|upkeep
|
|t:|1736210799
|switch|p2a: Latios|Latios, M|100/100
|-damage|p2a: Latios|88/100|[from] Stealth Rock
|turn|12
|
|t:|1736210806
|switch|p1a: Heatran|Heatran, F|19/100
|move|p2a: Latios|Dragon Pulse|p1a: Heatran
|-resisted|p1a: Heatran
|-damage|p1a: Heatran|0 fnt
|faint|p1a: Heatran
|
|-weather|RainDance|[upkeep]
|upkeep
|
|t:|1736210810
|switch|p1a: Tyranitar|Tyranitar, F|100/100
|-weather|Sandstorm|[from] ability: Sand Stream|[of] p1a: Tyranitar
|turn|13
|
|t:|1736210813
|move|p2a: Latios|Dragon Pulse|p1a: Tyranitar
|-damage|p1a: Tyranitar|71/100
|move|p1a: Tyranitar|Pursuit|p2a: Latios
|-supereffective|p2a: Latios
|-damage|p2a: Latios|42/100
|
|-weather|Sandstorm|[upkeep]
|-damage|p2a: Latios|36/100|[from] Sandstorm
|upkeep
|turn|14
|
|t:|1736210816
|move|p2a: Latios|Dragon Pulse|p1a: Tyranitar
|-damage|p1a: Tyranitar|44/100
|move|p1a: Tyranitar|Pursuit|p2a: Latios
|-supereffective|p2a: Latios
|-damage|p2a: Latios|0 fnt
|faint|p2a: Latios
|
|-weather|Sandstorm|[upkeep]
|upkeep
|
|t:|1736210819
|switch|p2a: Politoed|Politoed, M|45/100 brn
|-damage|p2a: Politoed|33/100 brn|[from] Stealth Rock
|-weather|RainDance|[from] ability: Drizzle|[of] p2a: Politoed
|turn|15
|
|t:|1736210826
|switch|p2a: Ferrothorn|Ferrothorn, M|69/100
|-damage|p2a: Ferrothorn|63/100|[from] Stealth Rock
|switch|p1a: Seismitoad|Seismitoad, M|41/100
|
|-weather|RainDance|[upkeep]
|-heal|p1a: Seismitoad|47/100|[from] item: Leftovers
|-heal|p2a: Ferrothorn|69/100|[from] item: Leftovers
|upkeep
|turn|16
|
|t:|1736210836
|switch|p1a: Forretress|Forretress, F|100/100
|move|p2a: Ferrothorn|Power Whip|p1a: Forretress
|-resisted|p1a: Forretress
|-damage|p1a: Forretress|95/100
|
|-weather|RainDance|[upkeep]
|-heal|p2a: Ferrothorn|75/100|[from] item: Leftovers
|-heal|p1a: Forretress|100/100|[from] item: Leftovers
|upkeep
|turn|17
|
|t:|1736210843
|switch|p2a: Tentacruel|Tentacruel, F|100/100
|-damage|p2a: Tentacruel|88/100|[from] Stealth Rock
|move|p1a: Forretress|Spikes|p2a: Tentacruel
|-sidestart|p2: qishilu18|Spikes
|
|-weather|RainDance|[upkeep]
|-heal|p2a: Tentacruel|94/100|[from] ability: Rain Dish
|-heal|p2a: Tentacruel|99/100|[from] item: Black Sludge
|upkeep
|turn|18
|
|t:|1736210845
|move|p2a: Tentacruel|Scald|p1a: Forretress
|-damage|p1a: Forretress|54/100
|move|p1a: Forretress|Earthquake|p2a: Tentacruel
|-supereffective|p2a: Tentacruel
|-damage|p2a: Tentacruel|46/100
|
|-weather|RainDance|[upkeep]
|-heal|p2a: Tentacruel|52/100|[from] ability: Rain Dish
|-heal|p2a: Tentacruel|58/100|[from] item: Black Sludge
|-heal|p1a: Forretress|61/100|[from] item: Leftovers
|upkeep
|turn|19
|
|t:|1736210848
|move|p2a: Tentacruel|Rapid Spin|p1a: Forretress
|-resisted|p1a: Forretress
|-damage|p1a: Forretress|60/100
|-sideend|p2: qishilu18|Spikes|[from] move: Rapid Spin|[of] p2a: Tentacruel
|-sideend|p2: qishilu18|Stealth Rock|[from] move: Rapid Spin|[of] p2a: Tentacruel
|move|p1a: Forretress|Earthquake|p2a: Tentacruel
|-supereffective|p2a: Tentacruel
|-damage|p2a: Tentacruel|10/100
|
|-weather|RainDance|[upkeep]
|-heal|p2a: Tentacruel|16/100|[from] ability: Rain Dish
|-heal|p2a: Tentacruel|23/100|[from] item: Black Sludge
|-heal|p1a: Forretress|66/100|[from] item: Leftovers
|upkeep
|turn|20
|
|t:|1736210855
|switch|p1a: Seismitoad|Seismitoad, M|47/100
|move|p2a: Tentacruel|Scald|p1a: Seismitoad
|-heal|p1a: Seismitoad|72/100|[from] ability: Water Absorb|[of] p2a: Tentacruel
|
|-weather|RainDance|[upkeep]
|-heal|p2a: Tentacruel|29/100|[from] ability: Rain Dish
|-heal|p2a: Tentacruel|35/100|[from] item: Black Sludge
|-heal|p1a: Seismitoad|78/100|[from] item: Leftovers
|upkeep
|turn|21
|
|t:|1736210857
|move|p2a: Tentacruel|Toxic|p1a: Seismitoad
|-status|p1a: Seismitoad|tox
|move|p1a: Seismitoad|Stealth Rock|p2a: Tentacruel
|-sidestart|p2: qishilu18|move: Stealth Rock
|
|-weather|RainDance|[upkeep]
|-heal|p2a: Tentacruel|41/100|[from] ability: Rain Dish
|-heal|p2a: Tentacruel|47/100|[from] item: Black Sludge
|-heal|p1a: Seismitoad|84/100 tox|[from] item: Leftovers
|-damage|p1a: Seismitoad|78/100 tox|[from] psn
|upkeep
|turn|22
|
|t:|1736210861
|move|p2a: Tentacruel|Protect|p2a: Tentacruel
|-singleturn|p2a: Tentacruel|Protect
|move|p1a: Seismitoad|Refresh|p1a: Seismitoad
|-curestatus|p1a: Seismitoad|tox|[msg]
|
|-weather|RainDance|[upkeep]
|-heal|p2a: Tentacruel|53/100|[from] ability: Rain Dish
|-heal|p2a: Tentacruel|59/100|[from] item: Black Sludge
|-heal|p1a: Seismitoad|84/100|[from] item: Leftovers
|upkeep
|turn|23
|
|t:|1736210864
|move|p2a: Tentacruel|Rapid Spin|p1a: Seismitoad
|-damage|p1a: Seismitoad|81/100
|-sideend|p2: qishilu18|Stealth Rock|[from] move: Rapid Spin|[of] p2a: Tentacruel
|move|p1a: Seismitoad|Scald|p2a: Tentacruel
|-resisted|p2a: Tentacruel
|-damage|p2a: Tentacruel|45/100
|
|-weather|RainDance|[upkeep]
|-heal|p2a: Tentacruel|51/100|[from] ability: Rain Dish
|-heal|p2a: Tentacruel|57/100|[from] item: Black Sludge
|-heal|p1a: Seismitoad|87/100|[from] item: Leftovers
|upkeep
|turn|24
|
|t:|1736210871
|switch|p2a: Ferrothorn|Ferrothorn, M|75/100
|move|p1a: Seismitoad|Stealth Rock|p2a: Ferrothorn
|-sidestart|p2: qishilu18|move: Stealth Rock
|
|-weather|RainDance|[upkeep]
|-heal|p1a: Seismitoad|93/100|[from] item: Leftovers
|-heal|p2a: Ferrothorn|82/100|[from] item: Leftovers
|upkeep
|turn|25
|
|t:|1736210874
|switch|p1a: Forretress|Forretress, F|66/100
|move|p2a: Ferrothorn|Stealth Rock|p1a: Forretress
|-sidestart|p1: phosphor|move: Stealth Rock
|
|-weather|RainDance|[upkeep]
|-heal|p1a: Forretress|72/100|[from] item: Leftovers
|-heal|p2a: Ferrothorn|88/100|[from] item: Leftovers
|upkeep
|turn|26
|
|t:|1736210877
|move|p1a: Forretress|Rapid Spin|p2a: Ferrothorn
|-resisted|p2a: Ferrothorn
|-damage|p2a: Ferrothorn|86/100
|-damage|p1a: Forretress|60/100|[from] ability: Iron Barbs|[of] p2a: Ferrothorn
|-sideend|p1: phosphor|Stealth Rock|[from] move: Rapid Spin|[of] p1a: Forretress
|move|p2a: Ferrothorn|Knock Off|p1a: Forretress
|-resisted|p1a: Forretress
|-crit|p1a: Forretress
|-damage|p1a: Forretress|57/100
|-enditem|p1a: Forretress|Leftovers|[from] move: Knock Off|[of] p2a: Ferrothorn
|
|-weather|RainDance|[upkeep]
|-heal|p2a: Ferrothorn|93/100|[from] item: Leftovers
|upkeep
|turn|27
|
|t:|1736210880
|move|p2a: Ferrothorn|Power Whip|p1a: Forretress
|-resisted|p1a: Forretress
|-damage|p1a: Forretress|51/100
|move|p1a: Forretress|Spikes|p2a: Ferrothorn
|-sidestart|p2: qishilu18|Spikes
|
|-weather|RainDance|[upkeep]
|-heal|p2a: Ferrothorn|99/100|[from] item: Leftovers
|upkeep
|turn|28
|
|t:|1736210885
|switch|p2a: Tentacruel|Tentacruel, F|57/100
|-damage|p2a: Tentacruel|44/100|[from] Stealth Rock
|-damage|p2a: Tentacruel|32/100|[from] Spikes
|move|p1a: Forretress|Earthquake|p2a: Tentacruel
|-supereffective|p2a: Tentacruel
|-damage|p2a: Tentacruel|0 fnt
|faint|p2a: Tentacruel
|
|-weather|RainDance|[upkeep]
|upkeep
|
|t:|1736210890
|switch|p2a: Keldeo|Keldeo-Resolute|100/100
|-damage|p2a: Keldeo|94/100|[from] Stealth Rock
|-damage|p2a: Keldeo|82/100|[from] Spikes
|turn|29
|
|t:|1736210897
|move|p2a: Keldeo|Secret Sword|p1a: Forretress
|-damage|p1a: Forretress|28/100
|move|p1a: Forretress|Gyro Ball|p2a: Keldeo
|-resisted|p2a: Keldeo
|-damage|p2a: Keldeo|56/100
|
|-weather|RainDance|[upkeep]
|upkeep
|turn|30
|
|t:|1736210900
|move|p2a: Keldeo|Secret Sword|p1a: Forretress
|-damage|p1a: Forretress|3/100
|move|p1a: Forretress|Gyro Ball|p2a: Keldeo
|-resisted|p2a: Keldeo
|-damage|p2a: Keldeo|28/100
|
|-weather|RainDance|[upkeep]
|upkeep
|turn|31
|
|t:|1736210902
|move|p2a: Keldeo|Secret Sword|p1a: Forretress
|-crit|p1a: Forretress
|-damage|p1a: Forretress|0 fnt
|faint|p1a: Forretress
|
|-weather|RainDance|[upkeep]
|upkeep
|
|t:|1736210906
|switch|p1a: Latios|Latios, M|78/100
|turn|32
|
|t:|1736210909
|move|p2a: Keldeo|Secret Sword|p1a: Latios
|-resisted|p1a: Latios
|-damage|p1a: Latios|50/100
|move|p1a: Latios|Dragon Pulse|p2a: Keldeo
|-damage|p2a: Keldeo|0 fnt
|faint|p2a: Keldeo
|
|-weather|RainDance|[upkeep]
|upkeep
|
|t:|1736210911
|switch|p2a: Ferrothorn|Ferrothorn, M|99/100
|-damage|p2a: Ferrothorn|93/100|[from] Stealth Rock
|-damage|p2a: Ferrothorn|80/100|[from] Spikes
|turn|33
|
|t:|1736210921
|switch|p1a: Tyranitar|Tyranitar, F|44/100
|-weather|Sandstorm|[from] ability: Sand Stream|[of] p1a: Tyranitar
|move|p2a: Ferrothorn|Power Whip|p1a: Tyranitar
|-supereffective|p1a: Tyranitar
|-damage|p1a: Tyranitar|0 fnt
|faint|p1a: Tyranitar
|
|-weather|Sandstorm|[upkeep]
|-heal|p2a: Ferrothorn|86/100|[from] item: Leftovers
|upkeep
|
|t:|1736210922
|switch|p1a: Reuniclus|Reuniclus, M|100/100
|turn|34
|
|t:|1736210926
|move|p1a: Reuniclus|Calm Mind|p1a: Reuniclus
|-boost|p1a: Reuniclus|spa|1
|-boost|p1a: Reuniclus|spd|1
|move|p2a: Ferrothorn|Power Whip|p1a: Reuniclus
|-damage|p1a: Reuniclus|73/100
|
|-weather|Sandstorm|[upkeep]
|-heal|p2a: Ferrothorn|93/100|[from] item: Leftovers
|upkeep
|turn|35
|
|t:|1736210930
|move|p1a: Reuniclus|Hidden Power|p2a: Ferrothorn
|-damage|p2a: Ferrothorn|73/100
|move|p2a: Ferrothorn|Power Whip|p1a: Reuniclus
|-damage|p1a: Reuniclus|44/100
|-enditem|p1a: Reuniclus|Sitrus Berry|[eat]
|-heal|p1a: Reuniclus|69/100|[from] item: Sitrus Berry
|
|-weather|Sandstorm|[upkeep]
|-heal|p2a: Ferrothorn|79/100|[from] item: Leftovers
|upkeep
|turn|36
|
|t:|1736210942
|move|p1a: Reuniclus|Hidden Power|p2a: Ferrothorn
|-damage|p2a: Ferrothorn|60/100
|move|p2a: Ferrothorn|Power Whip|p1a: Reuniclus|[miss]
|-miss|p2a: Ferrothorn|p1a: Reuniclus
|
|-weather|Sandstorm|[upkeep]
|-heal|p2a: Ferrothorn|66/100|[from] item: Leftovers
|upkeep
|turn|37
|
|t:|1736210945
|move|p1a: Reuniclus|Hidden Power|p2a: Ferrothorn
|-damage|p2a: Ferrothorn|46/100
|move|p2a: Ferrothorn|Power Whip|p1a: Reuniclus
|-damage|p1a: Reuniclus|39/100
|
|-weather|Sandstorm|[upkeep]
|-heal|p2a: Ferrothorn|52/100|[from] item: Leftovers
|upkeep
|turn|38
|
|t:|1736210948
|move|p1a: Reuniclus|Recover|p1a: Reuniclus
|-heal|p1a: Reuniclus|89/100
|move|p2a: Ferrothorn|Power Whip|p1a: Reuniclus
|-damage|p1a: Reuniclus|62/100
|
|-weather|Sandstorm|[upkeep]
|-heal|p2a: Ferrothorn|58/100|[from] item: Leftovers
|upkeep
|turn|39
|
|t:|1736210950
|move|p1a: Reuniclus|Calm Mind|p1a: Reuniclus
|-boost|p1a: Reuniclus|spa|1
|-boost|p1a: Reuniclus|spd|1
|move|p2a: Ferrothorn|Power Whip|p1a: Reuniclus
|-damage|p1a: Reuniclus|36/100
|
|-weather|Sandstorm|[upkeep]
|-heal|p2a: Ferrothorn|64/100|[from] item: Leftovers
|upkeep
|turn|40
|
|t:|1736210952
|move|p1a: Reuniclus|Recover|p1a: Reuniclus
|-heal|p1a: Reuniclus|86/100
|move|p2a: Ferrothorn|Power Whip|p1a: Reuniclus
|-damage|p1a: Reuniclus|58/100
|
|-weather|Sandstorm|[upkeep]
|-heal|p2a: Ferrothorn|71/100|[from] item: Leftovers
|upkeep
|turn|41
|
|t:|1736210956
|move|p1a: Reuniclus|Calm Mind|p1a: Reuniclus
|-boost|p1a: Reuniclus|spa|1
|-boost|p1a: Reuniclus|spd|1
|move|p2a: Ferrothorn|Power Whip|p1a: Reuniclus
|-damage|p1a: Reuniclus|32/100
|
|-weather|Sandstorm|[upkeep]
|-heal|p2a: Ferrothorn|77/100|[from] item: Leftovers
|upkeep
|turn|42
|
|t:|1736210959
|move|p1a: Reuniclus|Recover|p1a: Reuniclus
|-heal|p1a: Reuniclus|82/100
|move|p2a: Ferrothorn|Power Whip|p1a: Reuniclus
|-damage|p1a: Reuniclus|53/100
|
|-weather|Sandstorm|[upkeep]
|-heal|p2a: Ferrothorn|83/100|[from] item: Leftovers
|upkeep
|turn|43
|
|t:|1736210965
|move|p1a: Reuniclus|Calm Mind|p1a: Reuniclus
|-boost|p1a: Reuniclus|spa|1
|-boost|p1a: Reuniclus|spd|1
|move|p2a: Ferrothorn|Power Whip|p1a: Reuniclus
|-damage|p1a: Reuniclus|24/100
|
|-weather|Sandstorm|[upkeep]
|-heal|p2a: Ferrothorn|89/100|[from] item: Leftovers
|upkeep
|turn|44
|
|t:|1736210967
|move|p1a: Reuniclus|Recover|p1a: Reuniclus
|-heal|p1a: Reuniclus|74/100
|move|p2a: Ferrothorn|Power Whip|p1a: Reuniclus|[miss]
|-miss|p2a: Ferrothorn|p1a: Reuniclus
|
|-weather|Sandstorm|[upkeep]
|-heal|p2a: Ferrothorn|96/100|[from] item: Leftovers
|upkeep
|turn|45
|
|t:|1736210972
|move|p1a: Reuniclus|Hidden Power|p2a: Ferrothorn
|-damage|p2a: Ferrothorn|58/100
|move|p2a: Ferrothorn|Power Whip|p1a: Reuniclus
|-crit|p1a: Reuniclus
|-damage|p1a: Reuniclus|16/100
|
|-weather|Sandstorm|[upkeep]
|-heal|p2a: Ferrothorn|65/100|[from] item: Leftovers
|upkeep
|turn|46
|
|t:|1736210975
|switch|p2a: Politoed|Politoed, M|33/100 brn
|-damage|p2a: Politoed|20/100 brn|[from] Stealth Rock
|-damage|p2a: Politoed|8/100 brn|[from] Spikes
|-weather|RainDance|[from] ability: Drizzle|[of] p2a: Politoed
|move|p1a: Reuniclus|Recover|p1a: Reuniclus
|-heal|p1a: Reuniclus|66/100
|
|-weather|RainDance|[upkeep]
|-heal|p2a: Politoed|14/100 brn|[from] item: Leftovers
|-damage|p2a: Politoed|2/100 brn|[from] brn
|upkeep
|turn|47
|
|t:|1736210981
|switch|p1a: Seismitoad|Seismitoad, M|93/100
|move|p2a: Politoed|Encore||[still]
|-fail|p2a: Politoed
|
|-weather|RainDance|[upkeep]
|-heal|p1a: Seismitoad|99/100|[from] item: Leftovers
|-heal|p2a: Politoed|8/100 brn|[from] item: Leftovers
|-damage|p2a: Politoed|0 fnt|[from] brn
|faint|p2a: Politoed
|upkeep
|
|t:|1736210983
|switch|p2a: Ferrothorn|Ferrothorn, M|65/100
|-damage|p2a: Ferrothorn|58/100|[from] Stealth Rock
|-damage|p2a: Ferrothorn|46/100|[from] Spikes
|turn|48
|
|t:|1736210986
|move|p1a: Seismitoad|Scald|p2a: Ferrothorn
|-resisted|p2a: Ferrothorn
|-damage|p2a: Ferrothorn|34/100
|move|p2a: Ferrothorn|Knock Off|p1a: Seismitoad
|-damage|p1a: Seismitoad|96/100
|-enditem|p1a: Seismitoad|Leftovers|[from] move: Knock Off|[of] p2a: Ferrothorn
|
|-weather|RainDance|[upkeep]
|-heal|p2a: Ferrothorn|40/100|[from] item: Leftovers
|upkeep
|turn|49
|
|t:|1736210988
|move|p1a: Seismitoad|Scald|p2a: Ferrothorn
|-resisted|p2a: Ferrothorn
|-crit|p2a: Ferrothorn
|-damage|p2a: Ferrothorn|18/100
|-status|p2a: Ferrothorn|brn
|move|p2a: Ferrothorn|Knock Off|p1a: Seismitoad
|-damage|p1a: Seismitoad|95/100
|
|-weather|RainDance|[upkeep]
|-heal|p2a: Ferrothorn|24/100 brn|[from] item: Leftovers
|-damage|p2a: Ferrothorn|11/100 brn|[from] brn
|upkeep
|turn|50
|
|t:|1736210991
|move|p1a: Seismitoad|Scald|p2a: Ferrothorn
|-resisted|p2a: Ferrothorn
|-damage|p2a: Ferrothorn|0 fnt
|faint|p2a: Ferrothorn
|
|win|phosphor
|raw|phosphor's rating: 1407 &rarr; <strong>1428</strong><br />(+21 for winning)
|raw|qishilu18's rating: 1432 &rarr; <strong>1411</strong><br />(-21 for losing)
|c|☆qishilu18|gg
|c|☆phosphor|Gg
