|join|Chellison
|join|dtw
|player|p1|Chellison|240
|player|p2|dtw|169
|gametype|singles
|gen|5
|tier|[Gen 5] OU
|rated
|rule|Evasion Abilities Clause: Evasion abilities are banned
|clearpoke
|poke|p1|Hippowdon, M
|poke|p1|Forretress, F
|poke|p1|Jellicent, M
|poke|p1|Roserade, F
|poke|p1|Jirachi
|poke|p1|Gliscor, M
|poke|p2|Dugtrio, M
|poke|p2|Tyranitar, M
|poke|p2|Hydreigon, M
|poke|p2|Skarmory, F
|poke|p2|Breloom, M
|poke|p2|Alakazam, F
|rule|Sleep Clause Mod: Limit one foe put to sleep
|rule|Species Clause: Limit one of each Pokemon
|rule|OHKO Clause: OHKO moves are banned
|rule|Moody Clause: Moody is banned
|rule|Evasion Moves Clause: Evasion moves are banned
|rule|Endless Battle Clause: Forcing endless battles is banned.
|rule|HP Percentage Mod: HP is reported as percentages
|teampreview
|
|start
|switch|p1a: Jirachi|Jirachi|361/361
|switch|p2a: Skarmory|Skarmory, F|334/334
|turn|1
|
|move|p1a: Jirachi|U-turn|p2a: Skarmory
|-crit|p2a: Skarmory
|-resisted|p2a: Skarmory
|-damage|p2a: Skarmory|307/334
|
|switch|p1a: Forretress|Forretress, F|353/353
|move|p2a: Skarmory|Stealth Rock|p1a: Forretress
|-sidestart|p1: Chellison|move: Stealth Rock
|
|turn|2
|
|move|p2a: Skarmory|Taunt|p1a: Forretress
|-start|p1a: Forretress|move: Taunt
|move|p1a: Forretress|Rapid Spin|p2a: Skarmory
|-crit|p2a: Skarmory
|-resisted|p2a: Skarmory
|-damage|p2a: Skarmory|297/334
|-sideend|p1: Chellison|Stealth Rock|[from] move: Rapid Spin|[of] p1a: Forretress
|
|turn|3
|
|move|p2a: Skarmory|Stealth Rock|p1a: Forretress
|-sidestart|p1: Chellison|move: Stealth Rock
|move|p1a: Forretress|Volt Switch|p2a: Skarmory
|-supereffective|p2a: Skarmory
|-damage|p2a: Skarmory|213/334
|
|switch|p1a: Roserade|Roserade, F|321/321
|-damage|p1a: Roserade|281/321|[from] Stealth Rock
|
|-heal|p1a: Roserade|301/321|[from] item: Black Sludge
|turn|4
|
|move|p1a: Roserade|Hidden Power|p2a: Skarmory
|-supereffective|p2a: Skarmory
|-damage|p2a: Skarmory|77/334
|move|p2a: Skarmory|Spikes|p1a: Roserade
|-sidestart|p1: Chellison|Spikes
|
|-heal|p1a: Roserade|321/321|[from] item: Black Sludge
|turn|5
|-enditem|p2a: Skarmory|Custap Berry|[eat]
|-activate|p2a: Skarmory|Custap Berry
|
|move|p2a: Skarmory|Spikes|p1a: Roserade
|-sidestart|p1: Chellison|Spikes
|move|p1a: Roserade|Hidden Power|p2a: Skarmory
|-supereffective|p2a: Skarmory
|-damage|p2a: Skarmory|0 fnt
|faint|p2a: Skarmory
|
|
|switch|p2a: Hydreigon|Hydreigon, M|325/325
|turn|6
|
|switch|p1a: Hippowdon|Hippowdon, M|420/420
|-damage|p1a: Hippowdon|350/420|[from] Spikes
|-damage|p1a: Hippowdon|324/420|[from] Stealth Rock
|-weather|Sandstorm|[from] ability: Sand Stream|[of] p1a: Hippowdon
|move|p2a: Hydreigon|Fire Blast|p1a: Hippowdon|[miss]
|-miss|p2a: Hydreigon|p1a: Hippowdon
|
|-weather|Sandstorm|[upkeep]
|-damage|p2a: Hydreigon|305/325|[from] Sandstorm
|-heal|p1a: Hippowdon|350/420|[from] item: Leftovers
|turn|7
|
|move|p2a: Hydreigon|Taunt|p1a: Hippowdon
|-start|p1a: Hippowdon|move: Taunt
|cant|p1a: Hippowdon|move: Taunt|Stealth Rock
|
|-weather|Sandstorm|[upkeep]
|-damage|p2a: Hydreigon|285/325|[from] Sandstorm
|-heal|p1a: Hippowdon|376/420|[from] item: Leftovers
|turn|8
|
|move|p2a: Hydreigon|Fire Blast|p1a: Hippowdon
|-damage|p1a: Hippowdon|223/420
|-damage|p2a: Hydreigon|253/325|[from] item: Life Orb
|move|p1a: Hippowdon|Ice Fang|p2a: Hydreigon
|-supereffective|p2a: Hydreigon
|-damage|p2a: Hydreigon|109/325
|-status|p2a: Hydreigon|frz
|
|-weather|Sandstorm|[upkeep]
|-damage|p2a: Hydreigon|89/325 frz|[from] Sandstorm
|-heal|p1a: Hippowdon|249/420|[from] item: Leftovers
|turn|9
|
|cant|p2a: Hydreigon|frz
|move|p1a: Hippowdon|Ice Fang|p2a: Hydreigon
|-supereffective|p2a: Hydreigon
|-damage|p2a: Hydreigon|0 fnt
|faint|p2a: Hydreigon
|
|-weather|Sandstorm|[upkeep]
|-heal|p1a: Hippowdon|275/420|[from] item: Leftovers
|-end|p1a: Hippowdon|move: Taunt
|
|switch|p2a: Breloom|Breloom, M|264/264
|turn|10
|
|switch|p1a: Roserade|Roserade, F|321/321
|-damage|p1a: Roserade|268/321|[from] Spikes
|-damage|p1a: Roserade|228/321|[from] Stealth Rock
|move|p2a: Breloom|Spore|p1a: Roserade
|-status|p1a: Roserade|slp
|
|-weather|Sandstorm|[upkeep]
|-damage|p2a: Breloom|248/264|[from] Sandstorm
|-damage|p1a: Roserade|208/321 slp|[from] Sandstorm
|-heal|p1a: Roserade|228/321 slp|[from] item: Black Sludge
|-status|p2a: Breloom|tox|[from] item: Toxic Orb
|turn|11
|
|switch|p1a: Forretress|Forretress, F|353/353
|-damage|p1a: Forretress|309/353|[from] Stealth Rock
|-damage|p1a: Forretress|251/353|[from] Spikes
|move|p2a: Breloom|Spore|p1a: Forretress
|-status|p1a: Forretress|slp
|
|-weather|Sandstorm|[upkeep]
|-damage|p2a: Breloom|232/264 tox|[from] Sandstorm
|-heal|p1a: Forretress|273/353 slp|[from] item: Leftovers
|-heal|p2a: Breloom|264/264 tox|[from] ability: Poison Heal
|turn|12
|
|-singleturn|p2a: Breloom|move: Focus Punch
|cant|p1a: Forretress|slp
|move|p2a: Breloom|Focus Punch|p1a: Forretress
|-damage|p1a: Forretress|99/353 slp
|
|-weather|Sandstorm|[upkeep]
|-damage|p2a: Breloom|248/264 tox|[from] Sandstorm
|-heal|p1a: Forretress|121/353 slp|[from] item: Leftovers
|-heal|p2a: Breloom|264/264 tox|[from] ability: Poison Heal
|turn|13
|
|-singleturn|p2a: Breloom|move: Focus Punch
|switch|p1a: Gliscor|Gliscor, M|297/297
|-damage|p1a: Gliscor|260/297|[from] Stealth Rock
|move|p2a: Breloom|Focus Punch|p1a: Gliscor
|-resisted|p1a: Gliscor
|-damage|p1a: Gliscor|148/297
|
|-weather|Sandstorm|[upkeep]
|-damage|p2a: Breloom|248/264 tox|[from] Sandstorm
|-heal|p2a: Breloom|264/264 tox|[from] ability: Poison Heal
|-status|p1a: Gliscor|tox|[from] item: Toxic Orb
|turn|14
|
|move|p1a: Gliscor|Substitute|p1a: Gliscor
|-start|p1a: Gliscor|Substitute
|-damage|p1a: Gliscor|74/297 tox
|move|p2a: Breloom|Facade|p1a: Gliscor
|-end|p1a: Gliscor|Substitute
|
|-weather|Sandstorm|[upkeep]
|-damage|p2a: Breloom|248/264 tox|[from] Sandstorm
|-heal|p1a: Gliscor|111/297 tox|[from] ability: Poison Heal
|-heal|p2a: Breloom|264/264 tox|[from] ability: Poison Heal
|turn|15
|
|move|p1a: Gliscor|Acrobatics|p2a: Breloom
|-supereffective|p2a: Breloom
|-damage|p2a: Breloom|0 fnt
|faint|p2a: Breloom
|
|-weather|Sandstorm|[upkeep]
|-heal|p1a: Gliscor|148/297 tox|[from] ability: Poison Heal
|
|switch|p2a: Alakazam|Alakazam, F|251/251
|turn|16
|
|switch|p1a: Jirachi|Jirachi|361/361
|-damage|p1a: Jirachi|301/361|[from] Spikes
|-damage|p1a: Jirachi|279/361|[from] Stealth Rock
|move|p2a: Alakazam|Hidden Power|p1a: Jirachi
|-resisted|p1a: Jirachi
|-damage|p1a: Jirachi|240/361
|
|-weather|Sandstorm|[upkeep]
|turn|17
|
|switch|p2a: Tyranitar|Tyranitar, M|342/342
|move|p1a: Jirachi|U-turn|p2a: Tyranitar
|-supereffective|p2a: Tyranitar
|-damage|p2a: Tyranitar|204/342
|
|switch|p1a: Hippowdon|Hippowdon, M|275/420
|-damage|p1a: Hippowdon|205/420|[from] Spikes
|-damage|p1a: Hippowdon|179/420|[from] Stealth Rock
|
|-weather|Sandstorm|[upkeep]
|-heal|p1a: Hippowdon|205/420|[from] item: Leftovers
|turn|18
|
|move|p2a: Tyranitar|Aqua Tail|p1a: Hippowdon
|-crit|p1a: Hippowdon
|-supereffective|p1a: Hippowdon
|-damage|p1a: Hippowdon|0 fnt
|faint|p1a: Hippowdon
|
|-weather|Sandstorm|[upkeep]
|
|switch|p1a: Gliscor|Gliscor, M|148/297 tox
|-damage|p1a: Gliscor|111/297 tox|[from] Stealth Rock
|turn|19
|
|move|p2a: Tyranitar|Aqua Tail|p1a: Gliscor
|-supereffective|p1a: Gliscor
|-damage|p1a: Gliscor|0 fnt
|faint|p1a: Gliscor
|
|-weather|Sandstorm|[upkeep]
|
|switch|p1a: Jellicent|Jellicent, M|403/403
|-damage|p1a: Jellicent|336/403|[from] Spikes
|-damage|p1a: Jellicent|286/403|[from] Stealth Rock
|turn|20
|
|switch|p2a: Alakazam|Alakazam, F|251/251
|move|p1a: Jellicent|Will-O-Wisp|p2a: Alakazam
|-status|p2a: Alakazam|brn
|
|-weather|Sandstorm|[upkeep]
|-damage|p1a: Jellicent|261/403|[from] Sandstorm
|-heal|p1a: Jellicent|286/403|[from] item: Leftovers
|turn|21
|
|move|p2a: Alakazam|Psyshock|p1a: Jellicent
|-damage|p1a: Jellicent|153/403
|move|p1a: Jellicent|Shadow Ball|p2a: Alakazam
|-supereffective|p2a: Alakazam
|-damage|p2a: Alakazam|63/251 brn
|
|-weather|Sandstorm|[upkeep]
|-damage|p1a: Jellicent|128/403|[from] Sandstorm
|-heal|p1a: Jellicent|153/403|[from] item: Leftovers
|turn|22
|
|switch|p2a: Tyranitar|Tyranitar, M|204/342
|move|p1a: Jellicent|Recover|p1a: Jellicent
|-heal|p1a: Jellicent|355/403
|
|-weather|Sandstorm|[upkeep]
|-damage|p1a: Jellicent|330/403|[from] Sandstorm
|-heal|p1a: Jellicent|355/403|[from] item: Leftovers
|turn|23
|
|move|p2a: Tyranitar|Crunch|p1a: Jellicent
|-supereffective|p1a: Jellicent
|-damage|p1a: Jellicent|79/403
|move|p1a: Jellicent|Will-O-Wisp|p2a: Tyranitar|[miss]
|-miss|p1a: Jellicent|p2a: Tyranitar
|
|-weather|Sandstorm|[upkeep]
|-damage|p1a: Jellicent|54/403|[from] Sandstorm
|-heal|p1a: Jellicent|79/403|[from] item: Leftovers
|turn|24
|
|move|p2a: Tyranitar|Crunch|p1a: Jellicent
|-supereffective|p1a: Jellicent
|-damage|p1a: Jellicent|0 fnt
|faint|p1a: Jellicent
|
|-weather|Sandstorm|[upkeep]
|
|switch|p1a: Jirachi|Jirachi|240/361
|-damage|p1a: Jirachi|218/361|[from] Stealth Rock
|-damage|p1a: Jirachi|158/361|[from] Spikes
|turn|25
|
|move|p1a: Jirachi|Iron Head|p2a: Tyranitar
|-supereffective|p2a: Tyranitar
|-damage|p2a: Tyranitar|0 fnt
|faint|p2a: Tyranitar
|
|-weather|Sandstorm|[upkeep]
|
|switch|p2a: Dugtrio|Dugtrio, M|211/211
|turn|26
|
|move|p1a: Jirachi|Iron Head|p2a: Dugtrio
|-enditem|p2a: Dugtrio|Focus Sash
|-damage|p2a: Dugtrio|1/211
|move|p2a: Dugtrio|Earthquake|p1a: Jirachi
|-supereffective|p1a: Jirachi
|-damage|p1a: Jirachi|0 fnt
|faint|p1a: Jirachi
|
|-weather|Sandstorm|[upkeep]
|-message|Chellison forfeited.
|
|win|dtw
|raw|Ladder updating...
|leave|Chellison
|raw|Chellison's rating: 1481 &rarr; <strong>1453</strong><br />(-28 for losing)
|raw|dtw's rating: 1340 &rarr; <strong>1368</strong><br />(+28 for winning)