|j|☆yusei38
|j|☆Clawdia Chauchat
|t:|1705534250
|gametype|singles
|player|p1|yusei38|169|1286
|player|p2|Clawdia Chauchat|winona|1521
|teamsize|p1|6
|teamsize|p2|6
|gen|5
|tier|[Gen 5] OU
|rated|
|rule|Species Clause: Limit one of each Pokémon
|rule|OHKO Clause: OHKO moves are banned
|rule|Moody Clause: Moody is banned
|rule|Evasion Items Clause: Evasion items are banned
|rule|Evasion Moves Clause: Evasion moves are banned
|rule|Endless Battle Clause: Forcing endless battles is banned
|rule|HP Percentage Mod: HP is shown in percentages
|rule|Evasion Abilities Clause: Evasion abilities are banned
|rule|Sleep Moves Clause: Sleep-inducing moves are banned
|rule|Swagger Clause: Swagger is banned
|rule|Baton Pass Stat Clause: No Baton Passer may have a way to boost its stats
|clearpoke
|poke|p1|Politoed, M|item
|poke|p1|Skarmory, M|item
|poke|p1|Espeon, F|item
|poke|p1|Kyurem-Black|item
|poke|p1|Blissey, F|item
|poke|p1|Jolteon, M|item
|poke|p2|Kyurem-Black|item
|poke|p2|Starmie|item
|poke|p2|Mew|item
|poke|p2|Jirachi|item
|poke|p2|Heatran, F|item
|poke|p2|Latios, M|item
|teampreview
|
|t:|1705534254
|start
|switch|p1a: Jolteon|Jolteon, M, shiny|100/100
|switch|p2a: Cloudbusting|Kyurem-Black, shiny|100/100
|-ability|p2a: Cloudbusting|Teravolt
|turn|1
|
|t:|1705534263
|move|p1a: Jolteon|Volt Switch|p2a: Cloudbusting
|-resisted|p2a: Cloudbusting
|-damage|p2a: Cloudbusting|78/100
|
|t:|1705534266
|switch|p1a: Politoed|Politoed, M, shiny|100/100|[from] Volt Switch
|-weather|RainDance|[from] ability: Drizzle|[of] p1a: Politoed
|move|p2a: Cloudbusting|Substitute|p2a: Cloudbusting
|-start|p2a: Cloudbusting|Substitute
|-damage|p2a: Cloudbusting|53/100
|
|-weather|RainDance|[upkeep]
|-heal|p2a: Cloudbusting|59/100|[from] item: Leftovers
|upkeep
|turn|2
|
|t:|1705534279
|move|p2a: Cloudbusting|Fusion Bolt|p1a: Politoed
|-supereffective|p1a: Politoed
|-damage|p1a: Politoed|41/100
|move|p1a: Politoed|Perish Song|p1a: Politoed
|-start|p1a: Politoed|perish3|[silent]
|-start|p2a: Cloudbusting|perish3|[silent]
|-fieldactivate|move: Perish Song
|
|-weather|RainDance|[upkeep]
|-heal|p2a: Cloudbusting|65/100|[from] item: Leftovers
|-start|p2a: Cloudbusting|perish3
|-start|p1a: Politoed|perish3
|upkeep
|turn|3
|
|t:|1705534288
|move|p1a: Politoed|Protect|p1a: Politoed
|-singleturn|p1a: Politoed|Protect
|move|p2a: Cloudbusting|Fusion Bolt|p1a: Politoed
|-activate|p1a: Politoed|move: Protect
|
|-weather|RainDance|[upkeep]
|-heal|p2a: Cloudbusting|71/100|[from] item: Leftovers
|-start|p2a: Cloudbusting|perish2
|-start|p1a: Politoed|perish2
|upkeep
|turn|4
|
|t:|1705534298
|switch|p1a: Kyurem|Kyurem-Black|100/100
|-ability|p1a: Kyurem|Teravolt
|move|p2a: Cloudbusting|Fusion Bolt|p1a: Kyurem
|-resisted|p1a: Kyurem
|-crit|p1a: Kyurem
|-damage|p1a: Kyurem|72/100
|
|-weather|RainDance|[upkeep]
|-heal|p2a: Cloudbusting|77/100|[from] item: Leftovers
|-start|p2a: Cloudbusting|perish1
|upkeep
|turn|5
|inactive|Battle timer is ON: inactive players will automatically lose when time's up. (requested by Clawdia Chauchat)
|
|t:|1705534311
|move|p2a: Cloudbusting|Ice Beam|p1a: Kyurem
|-damage|p1a: Kyurem|37/100
|move|p1a: Kyurem|Outrage|p2a: Cloudbusting
|-supereffective|p2a: Cloudbusting
|-end|p2a: Cloudbusting|Substitute
|
|-weather|RainDance|[upkeep]
|-heal|p2a: Cloudbusting|84/100|[from] item: Leftovers
|-start|p2a: Cloudbusting|perish0
|faint|p2a: Cloudbusting
|upkeep
|
|t:|1705534320
|switch|p2a: DIE FOR MY BITCH|Latios, M|100/100
|turn|6
|
|t:|1705534322
|move|p2a: DIE FOR MY BITCH|Draco Meteor|p1a: Kyurem
|-supereffective|p1a: Kyurem
|-damage|p1a: Kyurem|0 fnt
|-unboost|p2a: DIE FOR MY BITCH|spa|2
|faint|p1a: Kyurem
|
|-weather|RainDance|[upkeep]
|upkeep
|
|t:|1705534328
|switch|p1a: Jolteon|Jolteon, M, shiny|100/100
|turn|7
|
|t:|1705534337
|switch|p2a: Concorde I Miss U|Jirachi|100/100
|move|p1a: Jolteon|Thunder|p2a: Concorde I Miss U
|-damage|p2a: Concorde I Miss U|41/100
|
|-weather|RainDance|[upkeep]
|-heal|p2a: Concorde I Miss U|47/100|[from] item: Leftovers
|upkeep
|turn|8
|
|t:|1705534348
|move|p1a: Jolteon|Thunder|p2a: Concorde I Miss U
|-damage|p2a: Concorde I Miss U|0 fnt
|faint|p2a: Concorde I Miss U
|
|-weather|RainDance|[upkeep]
|upkeep
|
|t:|1705534349
|switch|p2a: Simulation Swarm|Heatran, F, shiny|100/100
|turn|9
|
|t:|1705534354
|move|p1a: Jolteon|Thunder|p2a: Simulation Swarm
|-damage|p2a: Simulation Swarm|36/100
|move|p2a: Simulation Swarm|Sunny Day|p2a: Simulation Swarm
|-weather|SunnyDay
|
|-weather|SunnyDay|[upkeep]
|-heal|p2a: Simulation Swarm|42/100|[from] item: Leftovers
|upkeep
|turn|10
|
|t:|1705534361
|switch|p1a: Politoed|Politoed, M, shiny|41/100
|-weather|RainDance|[from] ability: Drizzle|[of] p1a: Politoed
|move|p2a: Simulation Swarm|Lava Plume|p1a: Politoed
|-resisted|p1a: Politoed
|-damage|p1a: Politoed|33/100
|-status|p1a: Politoed|brn
|
|-weather|RainDance|[upkeep]
|-heal|p2a: Simulation Swarm|48/100|[from] item: Leftovers
|-damage|p1a: Politoed|21/100 brn|[from] brn
|upkeep
|turn|11
|
|t:|1705534367
|move|p2a: Simulation Swarm|Sunny Day|p2a: Simulation Swarm
|-weather|SunnyDay
|move|p1a: Politoed|Rest|p1a: Politoed
|-status|p1a: Politoed|slp|[from] move: Rest
|-heal|p1a: Politoed|100/100 slp|[silent]
|-enditem|p1a: Politoed|Chesto Berry|[eat]
|-curestatus|p1a: Politoed|slp|[msg]
|
|-weather|SunnyDay|[upkeep]
|-heal|p2a: Simulation Swarm|55/100|[from] item: Leftovers
|upkeep
|turn|12
|inactive|Clawdia Chauchat has 120 seconds left.
|
|t:|1705534418
|switch|p1a: Blissey|Blissey, F, shiny|100/100
|move|p2a: Simulation Swarm|Stealth Rock|p1a: Blissey
|-sidestart|p1: yusei38|move: Stealth Rock
|
|-weather|SunnyDay|[upkeep]
|-heal|p2a: Simulation Swarm|61/100|[from] item: Leftovers
|upkeep
|turn|13
|inactive|Clawdia Chauchat has 90 seconds left.
|
|t:|1705534447
|move|p2a: Simulation Swarm|Lava Plume|p1a: Blissey
|-damage|p1a: Blissey|80/100
|move|p1a: Blissey|Thunder Wave|p2a: Simulation Swarm
|-status|p2a: Simulation Swarm|par
|
|-weather|SunnyDay|[upkeep]
|-heal|p1a: Blissey|86/100|[from] item: Leftovers
|-heal|p2a: Simulation Swarm|67/100 par|[from] item: Leftovers
|upkeep
|turn|14
|
|t:|1705534470
|move|p1a: Blissey|Stealth Rock|p2a: Simulation Swarm
|-sidestart|p2: Clawdia Chauchat|move: Stealth Rock
|cant|p2a: Simulation Swarm|par
|
|-weather|SunnyDay|[upkeep]
|-heal|p1a: Blissey|92/100|[from] item: Leftovers
|-heal|p2a: Simulation Swarm|73/100 par|[from] item: Leftovers
|upkeep
|turn|15
|
|t:|1705534480
|switch|p1a: Politoed|Politoed, M, shiny|100/100
|-damage|p1a: Politoed|88/100|[from] Stealth Rock
|-weather|RainDance|[from] ability: Drizzle|[of] p1a: Politoed
|move|p2a: Simulation Swarm|Lava Plume|p1a: Politoed
|-resisted|p1a: Politoed
|-damage|p1a: Politoed|80/100
|
|-weather|RainDance|[upkeep]
|-heal|p2a: Simulation Swarm|80/100 par|[from] item: Leftovers
|upkeep
|turn|16
|
|t:|1705534490
|switch|p1a: Jolteon|Jolteon, M, shiny|100/100
|-damage|p1a: Jolteon|88/100|[from] Stealth Rock
|cant|p2a: Simulation Swarm|par
|
|-weather|RainDance|[upkeep]
|-heal|p2a: Simulation Swarm|86/100 par|[from] item: Leftovers
|upkeep
|turn|17
|
|t:|1705534505
|move|p1a: Jolteon|Thunder|p2a: Simulation Swarm
|-damage|p2a: Simulation Swarm|18/100 par
|move|p2a: Simulation Swarm|Sunny Day|p2a: Simulation Swarm
|-weather|SunnyDay
|
|-weather|SunnyDay|[upkeep]
|-heal|p2a: Simulation Swarm|24/100 par|[from] item: Leftovers
|upkeep
|turn|18
|
|t:|1705534519
|move|p1a: Jolteon|Thunder|p2a: Simulation Swarm
|-damage|p2a: Simulation Swarm|0 fnt
|faint|p2a: Simulation Swarm
|
|-weather|SunnyDay|[upkeep]
|upkeep
|
|t:|1705534534
|switch|p2a: Kafka Tamura|Mew, shiny|100/100
|-damage|p2a: Kafka Tamura|88/100|[from] Stealth Rock
|turn|19
|
|t:|1705534538
|switch|p1a: Politoed|Politoed, M, shiny|80/100
|-damage|p1a: Politoed|68/100|[from] Stealth Rock
|-weather|RainDance|[from] ability: Drizzle|[of] p1a: Politoed
|move|p2a: Kafka Tamura|Will-O-Wisp|p1a: Politoed
|-status|p1a: Politoed|brn
|
|-weather|RainDance|[upkeep]
|-heal|p2a: Kafka Tamura|94/100|[from] item: Leftovers
|-damage|p1a: Politoed|56/100 brn|[from] brn
|upkeep
|turn|20
|inactive|Clawdia Chauchat has 120 seconds left.
|
|t:|1705534556
|switch|p2a: Xiu Xiu|Starmie|100/100
|-damage|p2a: Xiu Xiu|88/100|[from] Stealth Rock
|switch|p1a: Jolteon|Jolteon, M, shiny|88/100
|-damage|p1a: Jolteon|75/100|[from] Stealth Rock
|
|-weather|RainDance|[upkeep]
|-heal|p2a: Xiu Xiu|94/100|[from] item: Leftovers
|upkeep
|turn|21
|inactive|Clawdia Chauchat has 120 seconds left.
|
|t:|1705534573
|switch|p2a: DIE FOR MY BITCH|Latios, M|100/100
|-damage|p2a: DIE FOR MY BITCH|88/100|[from] Stealth Rock
|move|p1a: Jolteon|Thunder|p2a: DIE FOR MY BITCH
|-resisted|p2a: DIE FOR MY BITCH
|-damage|p2a: DIE FOR MY BITCH|38/100
|
|-weather|RainDance|[upkeep]
|upkeep
|turn|22
|
|t:|1705534584
|move|p2a: DIE FOR MY BITCH|Trick|p1a: Jolteon
|-activate|p2a: DIE FOR MY BITCH|move: Trick|[of] p1a: Jolteon
|-item|p1a: Jolteon|Choice Scarf|[from] move: Trick
|-item|p2a: DIE FOR MY BITCH|Choice Specs|[from] move: Trick
|move|p1a: Jolteon|Thunder|p2a: DIE FOR MY BITCH
|-resisted|p2a: DIE FOR MY BITCH
|-damage|p2a: DIE FOR MY BITCH|6/100
|
|-weather|RainDance|[upkeep]
|upkeep
|turn|23
|
|t:|1705534602
|move|p1a: Jolteon|Thunder|p2a: DIE FOR MY BITCH
|-resisted|p2a: DIE FOR MY BITCH
|-crit|p2a: DIE FOR MY BITCH
|-damage|p2a: DIE FOR MY BITCH|0 fnt
|faint|p2a: DIE FOR MY BITCH
|
|-weather|RainDance|[upkeep]
|upkeep
|
|t:|1705534620
|switch|p2a: Kafka Tamura|Mew, shiny|94/100
|-damage|p2a: Kafka Tamura|82/100|[from] Stealth Rock
|turn|24
|
|t:|1705534633
|move|p1a: Jolteon|Thunder|p2a: Kafka Tamura
|-damage|p2a: Kafka Tamura|27/100
|move|p2a: Kafka Tamura|Soft-Boiled|p2a: Kafka Tamura
|-heal|p2a: Kafka Tamura|77/100
|
|-weather|RainDance|[upkeep]
|-heal|p2a: Kafka Tamura|83/100|[from] item: Leftovers
|upkeep
|turn|25
|inactive|Clawdia Chauchat has 120 seconds left.
|
|t:|1705534653
|move|p1a: Jolteon|Thunder|p2a: Kafka Tamura
|-crit|p2a: Kafka Tamura
|-damage|p2a: Kafka Tamura|0 fnt
|faint|p2a: Kafka Tamura
|
|-weather|RainDance|[upkeep]
|upkeep
|-message|Clawdia Chauchat forfeited.
|
|win|yusei38
|raw|yusei38's rating: 1286 &rarr; <strong>1326</strong><br />(+40 for winning)
|raw|Clawdia Chauchat's rating: 1530 &rarr; <strong>1498</strong><br />(-32 for losing)
|l|☆Clawdia Chauchat
|player|p2|
