|j|☆HayDe223
|j|☆radaty
|t:|1701868170
|gametype|singles
|player|p1|HayDe223|pokemonbreederf-gen4|1565
|player|p2|radaty|266|1653
|teamsize|p1|6
|teamsize|p2|6
|gen|5
|tier|[Gen 5] OU
|rated|
|rule|Species Clause: Limit one of each Pokémon
|rule|OHKO Clause: OHKO moves are banned
|rule|Moody Clause: Moody is banned
|rule|Evasion Items Clause: Evasion items are banned
|rule|Evasion Moves Clause: Evasion moves are banned
|rule|Endless Battle Clause: Forcing endless battles is banned
|rule|HP Percentage Mod: HP is shown in percentages
|rule|Evasion Abilities Clause: Evasion abilities are banned
|rule|Sleep Moves Clause: Sleep-inducing moves are banned
|rule|Swagger Clause: Swagger is banned
|rule|Baton Pass Stat Clause: No Baton Passer may have a way to boost its stats
|clearpoke
|poke|p1|Tyranitar, F|item
|poke|p1|Landorus-Therian, M|item
|poke|p1|Terrakion|item
|poke|p1|Excadrill, F|item
|poke|p1|Celebi|item
|poke|p1|Rotom-Wash|item
|poke|p2|Chansey, F|item
|poke|p2|Xatu, M|item
|poke|p2|Sableye, F|item
|poke|p2|Quagsire, M|item
|poke|p2|Tentacruel, M|item
|poke|p2|Jirachi|item
|teampreview
|inactive|Battle timer is ON: inactive players will automatically lose when time's up. (requested by radaty)
|
|t:|1701868187
|start
|switch|p1a: On a roll|Rotom-Wash|100/100
|switch|p2a: Tentacruel|Tentacruel, M|100/100
|turn|1
|
|t:|1701868197
|move|p2a: Tentacruel|Protect|p2a: Tentacruel
|-singleturn|p2a: Tentacruel|Protect
|move|p1a: On a roll|Volt Switch|p2a: Tentacruel
|-activate|p2a: Tentacruel|move: Protect
|
|upkeep
|turn|2
|
|t:|1701868203
|switch|p2a: Quagsire|Quagsire, M|100/100
|move|p1a: On a roll|Will-O-Wisp|p2a: Quagsire
|-status|p2a: Quagsire|brn
|
|-damage|p2a: Quagsire|88/100 brn|[from] brn
|upkeep
|turn|3
|
|t:|1701868210
|switch|p1a: Bi|Celebi|100/100
|move|p2a: Quagsire|Scald|p1a: Bi
|-resisted|p1a: Bi
|-damage|p1a: Bi|95/100
|
|-heal|p1a: Bi|100/100|[from] item: Leftovers
|-heal|p2a: Quagsire|94/100 brn|[from] item: Leftovers
|-damage|p2a: Quagsire|82/100 brn|[from] brn
|upkeep
|turn|4
|
|t:|1701868215
|switch|p2a: Xatu|Xatu, M|100/100
|move|p1a: Bi|Substitute|p1a: Bi
|-start|p1a: Bi|Substitute
|-damage|p1a: Bi|75/100
|
|-heal|p1a: Bi|82/100|[from] item: Leftovers
|upkeep
|turn|5
|
|t:|1701868221
|move|p1a: Bi|Baton Pass|p1a: Bi
|
|t:|1701868227
|switch|p1a: The Don|Tyranitar, F|100/100|[from] Baton Pass
|-weather|Sandstorm|[from] ability: Sand Stream|[of] p1a: The Don
|move|p2a: Xatu|U-turn|p1a: The Don
|-supereffective|p1a: The Don
|-activate|p1a: The Don|Substitute|[damage]
|
|t:|1701868231
|switch|p2a: Sableye|Sableye, F|100/100|[from] U-turn
|
|-weather|Sandstorm|[upkeep]
|-damage|p2a: Sableye|95/100|[from] Sandstorm
|-heal|p2a: Sableye|100/100|[from] item: Leftovers
|upkeep
|turn|6
|
|t:|1701868237
|move|p1a: The Don|Stealth Rock|p2a: Sableye
|-sidestart|p2: radaty|move: Stealth Rock
|move|p2a: Sableye|Foul Play|p1a: The Don
|-resisted|p1a: The Don
|-end|p1a: The Don|Substitute
|
|-weather|Sandstorm|[upkeep]
|-damage|p2a: Sableye|95/100|[from] Sandstorm
|-heal|p2a: Sableye|100/100|[from] item: Leftovers
|upkeep
|turn|7
|
|t:|1701868246
|switch|p1a: Bi|Celebi|82/100
|move|p2a: Sableye|Will-O-Wisp|p1a: Bi
|-status|p1a: Bi|brn
|
|-weather|Sandstorm|[upkeep]
|-damage|p1a: Bi|75/100 brn|[from] Sandstorm
|-damage|p2a: Sableye|95/100|[from] Sandstorm
|-heal|p1a: Bi|82/100 brn|[from] item: Leftovers
|-heal|p2a: Sableye|100/100|[from] item: Leftovers
|-damage|p1a: Bi|69/100 brn|[from] brn
|upkeep
|turn|8
|
|t:|1701868251
|move|p2a: Sableye|Taunt|p1a: Bi
|-start|p1a: Bi|move: Taunt
|cant|p1a: Bi|move: Taunt|Substitute
|
|-weather|Sandstorm|[upkeep]
|-damage|p1a: Bi|63/100 brn|[from] Sandstorm
|-damage|p2a: Sableye|95/100|[from] Sandstorm
|-heal|p1a: Bi|69/100 brn|[from] item: Leftovers
|-heal|p2a: Sableye|100/100|[from] item: Leftovers
|-damage|p1a: Bi|57/100 brn|[from] brn
|upkeep
|turn|9
|inactive|HayDe223 has 120 seconds left.
|
|t:|1701868293
|-curestatus|p1a: Bi|brn|[from] ability: Natural Cure
|switch|p1a: Young Rocks|Landorus-Therian, M|100/100
|-ability|p1a: Young Rocks|Intimidate|boost
|-unboost|p2a: Sableye|atk|1
|move|p2a: Sableye|Will-O-Wisp|p1a: Young Rocks
|-status|p1a: Young Rocks|brn
|
|-weather|Sandstorm|[upkeep]
|-damage|p2a: Sableye|95/100|[from] Sandstorm
|-heal|p2a: Sableye|100/100|[from] item: Leftovers
|-damage|p1a: Young Rocks|88/100 brn|[from] brn
|upkeep
|turn|10
|
|t:|1701868309
|move|p1a: Young Rocks|U-turn|p2a: Sableye
|-damage|p2a: Sableye|89/100
|
|t:|1701868313
|switch|p1a: On a roll|Rotom-Wash|100/100|[from] U-turn
|move|p2a: Sableye|Foul Play|p1a: On a roll
|-damage|p1a: On a roll|87/100
|
|-weather|Sandstorm|[upkeep]
|-damage|p1a: On a roll|81/100|[from] Sandstorm
|-damage|p2a: Sableye|83/100|[from] Sandstorm
|-heal|p1a: On a roll|87/100|[from] item: Leftovers
|-heal|p2a: Sableye|89/100|[from] item: Leftovers
|upkeep
|turn|11
|
|t:|1701868318
|switch|p2a: Quagsire|Quagsire, M|82/100 brn
|-damage|p2a: Quagsire|76/100 brn|[from] Stealth Rock
|move|p1a: On a roll|Hydro Pump|p2a: Quagsire
|-damage|p2a: Quagsire|19/100 brn
|
|-weather|Sandstorm|[upkeep]
|-damage|p1a: On a roll|81/100|[from] Sandstorm
|-heal|p1a: On a roll|87/100|[from] item: Leftovers
|-heal|p2a: Quagsire|25/100 brn|[from] item: Leftovers
|-damage|p2a: Quagsire|12/100 brn|[from] brn
|upkeep
|turn|12
|
|t:|1701868323
|move|p1a: On a roll|Hidden Power|p2a: Quagsire
|-damage|p2a: Quagsire|0 fnt
|faint|p2a: Quagsire
|
|-weather|Sandstorm|[upkeep]
|-damage|p1a: On a roll|81/100|[from] Sandstorm
|-heal|p1a: On a roll|87/100|[from] item: Leftovers
|upkeep
|
|t:|1701868327
|switch|p2a: Tentacruel|Tentacruel, M|100/100
|-damage|p2a: Tentacruel|88/100|[from] Stealth Rock
|turn|13
|
|t:|1701868335
|move|p2a: Tentacruel|Rapid Spin|p1a: On a roll
|-damage|p1a: On a roll|85/100
|-sideend|p2: radaty|Stealth Rock|[from] move: Rapid Spin|[of] p2a: Tentacruel
|move|p1a: On a roll|Will-O-Wisp|p2a: Tentacruel
|-status|p2a: Tentacruel|brn
|
|-weather|Sandstorm|[upkeep]
|-damage|p2a: Tentacruel|82/100 brn|[from] Sandstorm
|-damage|p1a: On a roll|79/100|[from] Sandstorm
|-heal|p2a: Tentacruel|88/100 brn|[from] item: Black Sludge
|-heal|p1a: On a roll|85/100|[from] item: Leftovers
|-damage|p2a: Tentacruel|76/100 brn|[from] brn
|upkeep
|turn|14
|
|t:|1701868341
|switch|p2a: Chansey|Chansey, F|100/100
|move|p1a: On a roll|Volt Switch|p2a: Chansey
|-damage|p2a: Chansey|93/100
|
|t:|1701868348
|switch|p1a: The Don|Tyranitar, F|100/100|[from] Volt Switch
|
|-weather|Sandstorm|[upkeep]
|-damage|p2a: Chansey|87/100|[from] Sandstorm
|upkeep
|turn|15
|
|t:|1701868351
|move|p1a: The Don|Stealth Rock|p2a: Chansey
|-sidestart|p2: radaty|move: Stealth Rock
|move|p2a: Chansey|Toxic|p1a: The Don
|-status|p1a: The Don|tox
|
|-weather|Sandstorm|[upkeep]
|-damage|p2a: Chansey|80/100|[from] Sandstorm
|-damage|p1a: The Don|94/100 tox|[from] psn
|upkeep
|turn|16
|
|t:|1701868355
|move|p1a: The Don|Superpower|p2a: Chansey
|-supereffective|p2a: Chansey
|-damage|p2a: Chansey|17/100
|-unboost|p1a: The Don|atk|1
|-unboost|p1a: The Don|def|1
|move|p2a: Chansey|Stealth Rock|p1a: The Don
|-sidestart|p1: HayDe223|move: Stealth Rock
|
|-weather|Sandstorm|[upkeep]
|-damage|p2a: Chansey|11/100|[from] Sandstorm
|-damage|p1a: The Don|82/100 tox|[from] psn
|upkeep
|turn|17
|
|t:|1701868361
|switch|p1a: UK|Excadrill, F|100/100
|-damage|p1a: UK|97/100|[from] Stealth Rock
|switch|p2a: Tentacruel|Tentacruel, M|76/100 brn
|-damage|p2a: Tentacruel|63/100 brn|[from] Stealth Rock
|
|-weather|Sandstorm|[upkeep]
|-damage|p2a: Tentacruel|57/100 brn|[from] Sandstorm
|-heal|p1a: UK|100/100|[from] item: Leftovers
|-heal|p2a: Tentacruel|63/100 brn|[from] item: Black Sludge
|-damage|p2a: Tentacruel|51/100 brn|[from] brn
|upkeep
|turn|18
|
|t:|1701868369
|switch|p2a: Sableye|Sableye, F|89/100
|-damage|p2a: Sableye|77/100|[from] Stealth Rock
|move|p1a: UK|Earthquake|p2a: Sableye
|-damage|p2a: Sableye|1/100
|
|-weather|Sandstorm|[upkeep]
|-damage|p2a: Sableye|0 fnt|[from] Sandstorm
|faint|p2a: Sableye
|upkeep
|-message|radaty forfeited.
|
|win|HayDe223
|raw|HayDe223's rating: 1565 &rarr; <strong>1590</strong><br />(+25 for winning)
|raw|radaty's rating: 1653 &rarr; <strong>1628</strong><br />(-25 for losing)
|c|☆HayDe223|gg
|l|☆radaty
|c|☆HayDe223|eheh
