|j|☆yuzmv
|j|☆Testo junkie
|t:|1725719349
|gametype|singles
|player|p1|yuzmv|lucas|1443
|player|p2|Testo junkie|aromalady|1422
|teamsize|p1|6
|teamsize|p2|6
|gen|5
|tier|[Gen 5] OU
|rated|
|rule|Species Clause: Limit one of each Pokémon
|rule|OHKO Clause: OHKO moves are banned
|rule|Moody Clause: Moody is banned
|rule|Evasion Items Clause: Evasion items are banned
|rule|Evasion Moves Clause: Evasion moves are banned
|rule|Endless Battle Clause: Forcing endless battles is banned
|rule|HP Percentage Mod: HP is shown in percentages
|rule|Evasion Abilities Clause: Evasion abilities are banned
|rule|Sleep Moves Clause: Sleep-inducing moves are banned
|rule|Swagger Clause: Swagger is banned
|rule|Baton Pass Stat Clause: No Baton Passer may have a way to boost its stats
|clearpoke
|poke|p1|Keldeo|item
|poke|p1|Tyranitar, M|item
|poke|p1|Magnezone|item
|poke|p1|Latios, M|item
|poke|p1|Excadrill, M|item
|poke|p1|Landorus-Therian, M|item
|poke|p2|Politoed, F|item
|poke|p2|Tentacruel, M|item
|poke|p2|Gliscor, F|item
|poke|p2|Bronzong|item
|poke|p2|Breloom, M|item
|poke|p2|Latias, F|item
|teampreview
|inactive|Battle timer is ON: inactive players will automatically lose when time's up. (requested by yuzmv)
|
|t:|1725719381
|start
|switch|p1a: Keldeo|Keldeo|100/100
|switch|p2a: Gliscor|Gliscor, F|100/100
|turn|1
|
|t:|1725719385
|move|p2a: Gliscor|Protect|p2a: Gliscor
|-singleturn|p2a: Gliscor|Protect
|move|p1a: Keldeo|Scald|p2a: Gliscor
|-activate|p2a: Gliscor|move: Protect
|
|-status|p2a: Gliscor|tox|[from] item: Toxic Orb
|upkeep
|turn|2
|
|t:|1725719394
|switch|p1a: Latios|Latios, M|100/100
|switch|p2a: Latias|Latias, F|100/100
|
|upkeep
|turn|3
|
|t:|1725719409
|switch|p2a: Bronzong|Bronzong|100/100
|switch|p1a: Magnezone|Magnezone|100/100
|
|upkeep
|turn|4
|
|t:|1725719417
|move|p1a: Magnezone|Thunderbolt|p2a: Bronzong
|-damage|p2a: Bronzong|62/100
|-status|p2a: Bronzong|par
|cant|p2a: Bronzong|par
|
|-heal|p2a: Bronzong|69/100 par|[from] item: Leftovers
|upkeep
|turn|5
|c|☆Testo junkie|this game really gets exhausting some times
|
|t:|1725719429
|move|p1a: Magnezone|Thunderbolt|p2a: Bronzong
|-damage|p2a: Bronzong|30/100 par
|move|p2a: Bronzong|Earthquake|p1a: Magnezone
|-supereffective|p1a: Magnezone
|-damage|p1a: Magnezone|7/100
|
|-heal|p2a: Bronzong|36/100 par|[from] item: Leftovers
|upkeep
|turn|6
|
|t:|1725719436
|move|p2a: Bronzong|Protect|p2a: Bronzong
|-singleturn|p2a: Bronzong|Protect
|move|p1a: Magnezone|Thunderbolt|p2a: Bronzong
|-activate|p2a: Bronzong|move: Protect
|
|-heal|p2a: Bronzong|43/100 par|[from] item: Leftovers
|upkeep
|turn|7
|
|t:|1725719442
|move|p1a: Magnezone|Thunderbolt|p2a: Bronzong
|-damage|p2a: Bronzong|0 fnt
|faint|p2a: Bronzong
|
|upkeep
|
|t:|1725719445
|switch|p2a: Gliscor|Gliscor, F|100/100 tox
|turn|8
|
|t:|1725719456
|switch|p1a: Landorus|Landorus-Therian, M|100/100
|-ability|p1a: Landorus|Intimidate|boost
|-unboost|p2a: Gliscor|atk|1
|move|p2a: Gliscor|Stealth Rock|p1a: Landorus
|-sidestart|p1: yuzmv|move: Stealth Rock
|
|upkeep
|turn|9
|
|t:|1725719461
|switch|p2a: Breloom|Breloom, M|100/100
|move|p1a: Landorus|Hidden Power|p2a: Breloom
|-supereffective|p2a: Breloom
|-damage|p2a: Breloom|62/100
|
|-status|p2a: Breloom|tox|[from] item: Toxic Orb
|upkeep
|turn|10
|
|t:|1725719469
|move|p2a: Breloom|Protect|p2a: Breloom
|-singleturn|p2a: Breloom|Protect
|move|p1a: Landorus|Hidden Power|p2a: Breloom
|-activate|p2a: Breloom|move: Protect
|
|-heal|p2a: Breloom|74/100 tox|[from] ability: Poison Heal
|upkeep
|turn|11
|
|t:|1725719473
|move|p1a: Landorus|U-turn|p2a: Breloom
|-damage|p2a: Breloom|34/100 tox
|
|t:|1725719481
|switch|p1a: Magnezone|Magnezone|7/100|[from] U-turn
|-damage|p1a: Magnezone|0 fnt|[from] Stealth Rock
|faint|p1a: Magnezone
|move|p2a: Breloom|Bulk Up|p2a: Breloom
|-boost|p2a: Breloom|atk|1
|-boost|p2a: Breloom|def|1
|
|-heal|p2a: Breloom|46/100 tox|[from] ability: Poison Heal
|upkeep
|
|t:|1725719487
|switch|p1a: Latios|Latios, M|100/100
|-damage|p1a: Latios|88/100|[from] Stealth Rock
|turn|12
|
|t:|1725719491
|move|p2a: Breloom|Protect|p2a: Breloom
|-singleturn|p2a: Breloom|Protect
|move|p1a: Latios|Draco Meteor|p2a: Breloom
|-activate|p2a: Breloom|move: Protect
|
|-heal|p2a: Breloom|59/100 tox|[from] ability: Poison Heal
|upkeep
|turn|13
|
|t:|1725719502
|switch|p2a: Gliscor|Gliscor, F|100/100 tox
|move|p1a: Latios|Draco Meteor|p2a: Gliscor
|-damage|p2a: Gliscor|24/100 tox
|-unboost|p1a: Latios|spa|2
|
|-heal|p2a: Gliscor|36/100 tox|[from] ability: Poison Heal
|upkeep
|turn|14
|
|t:|1725719507
|switch|p1a: Keldeo|Keldeo|100/100
|-damage|p1a: Keldeo|94/100|[from] Stealth Rock
|switch|p2a: Politoed|Politoed, F|100/100
|-weather|RainDance|[from] ability: Drizzle|[of] p2a: Politoed
|
|-weather|RainDance|[upkeep]
|upkeep
|turn|15
|
|t:|1725719515
|move|p1a: Keldeo|Focus Blast|p2a: Politoed|[miss]
|-miss|p1a: Keldeo|p2a: Politoed
|move|p2a: Politoed|Scald|p1a: Keldeo
|-resisted|p1a: Keldeo
|-crit|p1a: Keldeo
|-damage|p1a: Keldeo|52/100
|
|-weather|RainDance|[upkeep]
|upkeep
|turn|16
|
|t:|1725719517
|move|p2a: Politoed|Protect|p2a: Politoed
|-singleturn|p2a: Politoed|Protect
|move|p1a: Keldeo|Focus Blast|p2a: Politoed
|-activate|p2a: Politoed|move: Protect
|
|-weather|RainDance|[upkeep]
|upkeep
|turn|17
|
|t:|1725719520
|switch|p2a: Tentacruel|Tentacruel, M|100/100
|move|p1a: Keldeo|Focus Blast|p2a: Tentacruel
|-resisted|p2a: Tentacruel
|-damage|p2a: Tentacruel|65/100
|
|-weather|RainDance|[upkeep]
|-heal|p2a: Tentacruel|71/100|[from] ability: Rain Dish
|-heal|p2a: Tentacruel|77/100|[from] item: Black Sludge
|upkeep
|turn|18
|
|t:|1725719524
|switch|p1a: Latios|Latios, M|88/100
|-damage|p1a: Latios|76/100|[from] Stealth Rock
|move|p2a: Tentacruel|Scald|p1a: Latios
|-resisted|p1a: Latios
|-damage|p1a: Latios|59/100
|-status|p1a: Latios|brn
|
|-weather|RainDance|[upkeep]
|-heal|p2a: Tentacruel|83/100|[from] ability: Rain Dish
|-heal|p2a: Tentacruel|89/100|[from] item: Black Sludge
|-damage|p1a: Latios|47/100 brn|[from] brn
|upkeep
|turn|19
|
|t:|1725719531
|move|p2a: Tentacruel|Protect|p2a: Tentacruel
|-singleturn|p2a: Tentacruel|Protect
|move|p1a: Latios|Calm Mind|p1a: Latios
|-boost|p1a: Latios|spa|1
|-boost|p1a: Latios|spd|1
|
|-weather|RainDance|[upkeep]
|-heal|p2a: Tentacruel|95/100|[from] ability: Rain Dish
|-heal|p2a: Tentacruel|100/100|[from] item: Black Sludge
|-damage|p1a: Latios|35/100 brn|[from] brn
|upkeep
|turn|20
|j| ha6ha6
|
|t:|1725719538
|move|p1a: Latios|Recover|p1a: Latios
|-heal|p1a: Latios|85/100 brn
|move|p2a: Tentacruel|Scald|p1a: Latios
|-resisted|p1a: Latios
|-damage|p1a: Latios|73/100 brn
|
|-weather|RainDance|[upkeep]
|-damage|p1a: Latios|61/100 brn|[from] brn
|upkeep
|turn|21
|c|☆Testo junkie|when even your burns play against you
|c|☆yuzmv|you talk too much imo
|c|☆Testo junkie|feeling is mutual
|inactive|yuzmv has 120 seconds left.
|c|☆yuzmv|im trying to be better as person but everyone love talk and complain
|
|t:|1725719598
|switch|p2a: Politoed|Politoed, F|100/100
|move|p1a: Latios|Draco Meteor|p2a: Politoed
|-damage|p2a: Politoed|6/100
|-unboost|p1a: Latios|spa|2
|
|-weather|RainDance|[upkeep]
|-heal|p2a: Politoed|13/100|[from] item: Leftovers
|-damage|p1a: Latios|48/100 brn|[from] brn
|upkeep
|turn|22
|
|t:|1725719607
|move|p2a: Politoed|Protect|p2a: Politoed
|-singleturn|p2a: Politoed|Protect
|move|p1a: Latios|Draco Meteor|p2a: Politoed
|-activate|p2a: Politoed|move: Protect
|
|-weather|RainDance|[upkeep]
|-heal|p2a: Politoed|19/100|[from] item: Leftovers
|-damage|p1a: Latios|36/100 brn|[from] brn
|upkeep
|turn|23
|
|t:|1725719615
|move|p1a: Latios|Draco Meteor|p2a: Politoed
|-damage|p2a: Politoed|0 fnt
|-unboost|p1a: Latios|spa|2
|faint|p2a: Politoed
|
|-weather|RainDance|[upkeep]
|-damage|p1a: Latios|24/100 brn|[from] brn
|upkeep
|
|t:|1725719619
|switch|p2a: Breloom|Breloom, M|59/100 tox
|turn|24
|
|t:|1725719627
|switch|p1a: Landorus|Landorus-Therian, M|100/100
|-damage|p1a: Landorus|88/100|[from] Stealth Rock
|-ability|p1a: Landorus|Intimidate|boost
|-unboost|p2a: Breloom|atk|1
|move|p2a: Breloom|Bulk Up|p2a: Breloom
|-boost|p2a: Breloom|atk|1
|-boost|p2a: Breloom|def|1
|
|-weather|RainDance|[upkeep]
|-heal|p2a: Breloom|71/100 tox|[from] ability: Poison Heal
|upkeep
|turn|25
|
|t:|1725719631
|move|p2a: Breloom|Protect|p2a: Breloom
|-singleturn|p2a: Breloom|Protect
|move|p1a: Landorus|Hidden Power|p2a: Breloom
|-activate|p2a: Breloom|move: Protect
|
|-weather|RainDance|[upkeep]
|-heal|p2a: Breloom|84/100 tox|[from] ability: Poison Heal
|upkeep
|turn|26
|
|t:|1725719633
|move|p1a: Landorus|Hidden Power|p2a: Breloom
|-supereffective|p2a: Breloom
|-damage|p2a: Breloom|47/100 tox
|move|p2a: Breloom|Bulk Up|p2a: Breloom
|-boost|p2a: Breloom|atk|1
|-boost|p2a: Breloom|def|1
|
|-weather|RainDance|[upkeep]
|-heal|p2a: Breloom|60/100 tox|[from] ability: Poison Heal
|upkeep
|turn|27
|
|t:|1725719637
|move|p2a: Breloom|Protect|p2a: Breloom
|-singleturn|p2a: Breloom|Protect
|move|p1a: Landorus|Hidden Power|p2a: Breloom
|-activate|p2a: Breloom|move: Protect
|
|-weather|RainDance|[upkeep]
|-heal|p2a: Breloom|72/100 tox|[from] ability: Poison Heal
|upkeep
|turn|28
|
|t:|1725719640
|move|p1a: Landorus|Hidden Power|p2a: Breloom
|-supereffective|p2a: Breloom
|-damage|p2a: Breloom|35/100 tox
|move|p2a: Breloom|Bulk Up|p2a: Breloom
|-boost|p2a: Breloom|atk|1
|-boost|p2a: Breloom|def|1
|
|-weather|RainDance|[upkeep]
|-heal|p2a: Breloom|48/100 tox|[from] ability: Poison Heal
|upkeep
|turn|29
|
|t:|1725719643
|switch|p1a: Tyranitar|Tyranitar, M|100/100
|-damage|p1a: Tyranitar|88/100|[from] Stealth Rock
|-weather|Sandstorm|[from] ability: Sand Stream|[of] p1a: Tyranitar
|move|p2a: Breloom|Protect||[still]
|-fail|p2a: Breloom
|
|-weather|Sandstorm|[upkeep]
|-damage|p2a: Breloom|41/100 tox|[from] Sandstorm
|-heal|p2a: Breloom|54/100 tox|[from] ability: Poison Heal
|upkeep
|turn|30
|
|t:|1725719658
|switch|p1a: Landorus|Landorus-Therian, M|88/100
|-damage|p1a: Landorus|76/100|[from] Stealth Rock
|-ability|p1a: Landorus|Intimidate|boost
|-unboost|p2a: Breloom|atk|1
|move|p2a: Breloom|Drain Punch|p1a: Landorus
|-resisted|p1a: Landorus
|-damage|p1a: Landorus|50/100
|-heal|p2a: Breloom|67/100 tox|[from] drain|[of] p1a: Landorus
|
|-weather|Sandstorm|[upkeep]
|-damage|p2a: Breloom|61/100 tox|[from] Sandstorm
|-heal|p2a: Breloom|73/100 tox|[from] ability: Poison Heal
|upkeep
|turn|31
|
|t:|1725719661
|move|p2a: Breloom|Protect|p2a: Breloom
|-singleturn|p2a: Breloom|Protect
|move|p1a: Landorus|Hidden Power|p2a: Breloom
|-activate|p2a: Breloom|move: Protect
|
|-weather|Sandstorm|[upkeep]
|-damage|p2a: Breloom|67/100 tox|[from] Sandstorm
|-heal|p2a: Breloom|80/100 tox|[from] ability: Poison Heal
|upkeep
|turn|32
|
|t:|1725719665
|move|p1a: Landorus|Hidden Power|p2a: Breloom
|-supereffective|p2a: Breloom
|-crit|p2a: Breloom
|-damage|p2a: Breloom|11/100 tox
|move|p2a: Breloom|Drain Punch|p1a: Landorus
|-resisted|p1a: Landorus
|-damage|p1a: Landorus|22/100
|-heal|p2a: Breloom|25/100 tox|[from] drain|[of] p1a: Landorus
|
|-weather|Sandstorm|[upkeep]
|-damage|p2a: Breloom|19/100 tox|[from] Sandstorm
|-heal|p2a: Breloom|31/100 tox|[from] ability: Poison Heal
|upkeep
|turn|33
|c|☆Testo junkie|lovely story indeed
|
|t:|1725719675
|move|p2a: Breloom|Protect|p2a: Breloom
|-singleturn|p2a: Breloom|Protect
|move|p1a: Landorus|Hidden Power|p2a: Breloom
|-activate|p2a: Breloom|move: Protect
|
|-weather|Sandstorm|[upkeep]
|-damage|p2a: Breloom|25/100 tox|[from] Sandstorm
|-heal|p2a: Breloom|37/100 tox|[from] ability: Poison Heal
|upkeep
|turn|34
|c|☆yuzmv|yeah mybad
|c|☆Testo junkie|not mine thats for sure
|c|☆yuzmv|even if protect is some bitch move
|
|t:|1725719698
|move|p1a: Landorus|Hidden Power|p2a: Breloom
|-supereffective|p2a: Breloom
|-damage|p2a: Breloom|3/100 tox
|move|p2a: Breloom|Drain Punch|p1a: Landorus
|-resisted|p1a: Landorus
|-damage|p1a: Landorus|0 fnt
|-heal|p2a: Breloom|14/100 tox|[from] drain|[of] p1a: Landorus
|faint|p1a: Landorus
|
|-weather|Sandstorm|[upkeep]
|-damage|p2a: Breloom|7/100 tox|[from] Sandstorm
|-heal|p2a: Breloom|20/100 tox|[from] ability: Poison Heal
|upkeep
|
|t:|1725719712
|switch|p1a: Keldeo|Keldeo|52/100
|-damage|p1a: Keldeo|45/100|[from] Stealth Rock
|turn|35
|
|t:|1725719721
|move|p2a: Breloom|Protect|p2a: Breloom
|-singleturn|p2a: Breloom|Protect
|move|p1a: Keldeo|Scald|p2a: Breloom
|-activate|p2a: Breloom|move: Protect
|
|-weather|Sandstorm|[upkeep]
|-damage|p1a: Keldeo|39/100|[from] Sandstorm
|-damage|p2a: Breloom|14/100 tox|[from] Sandstorm
|-heal|p2a: Breloom|26/100 tox|[from] ability: Poison Heal
|upkeep
|turn|36
|c|☆yuzmv|protect protect
|
|t:|1725719727
|switch|p2a: Latias|Latias, F|100/100
|move|p1a: Keldeo|Scald|p2a: Latias
|-resisted|p2a: Latias
|-crit|p2a: Latias
|-damage|p2a: Latias|52/100
|-status|p2a: Latias|brn
|
|-weather|Sandstorm|[upkeep]
|-damage|p2a: Latias|46/100 brn|[from] Sandstorm
|-damage|p1a: Keldeo|33/100|[from] Sandstorm
|-heal|p2a: Latias|52/100 brn|[from] item: Leftovers
|-damage|p2a: Latias|39/100 brn|[from] brn
|upkeep
|turn|37
|c|☆yuzmv|oh man
|c|☆yuzmv|should be ban on this fucking tier
|inactive|Testo junkie has 120 seconds left.
|c|☆Testo junkie|agreed, no way so many crits and missplaced burns should be allowed on a single match lol
|
|t:|1725719767
|switch|p1a: Tyranitar|Tyranitar, M|88/100
|-damage|p1a: Tyranitar|76/100|[from] Stealth Rock
|move|p2a: Latias|Roost|p2a: Latias
|-heal|p2a: Latias|89/100 brn
|-singleturn|p2a: Latias|move: Roost
|
|-weather|Sandstorm|[upkeep]
|-damage|p2a: Latias|83/100 brn|[from] Sandstorm
|-heal|p2a: Latias|89/100 brn|[from] item: Leftovers
|-damage|p2a: Latias|77/100 brn|[from] brn
|upkeep
|turn|38
|inactive|Testo junkie has 120 seconds left.
|c|☆yuzmv|its true
|
|t:|1725719776
|move|p1a: Tyranitar|Crunch|p2a: Latias
|-supereffective|p2a: Latias
|-crit|p2a: Latias
|-damage|p2a: Latias|0 fnt
|faint|p2a: Latias
|
|-weather|Sandstorm|[upkeep]
|upkeep
|inactive|Testo junkie has 120 seconds left.
|
|t:|1725719801
|switch|p2a: Breloom|Breloom, M|26/100 tox
|turn|39
|inactive|yuzmv has 120 seconds left.
|inactive|Testo junkie has 90 seconds left.
|
|t:|1725719841
|switch|p1a: Keldeo|Keldeo|33/100
|-damage|p1a: Keldeo|27/100|[from] Stealth Rock
|move|p2a: Breloom|Protect||[still]
|-fail|p2a: Breloom
|
|-weather|Sandstorm|[upkeep]
|-damage|p1a: Keldeo|21/100|[from] Sandstorm
|-damage|p2a: Breloom|20/100 tox|[from] Sandstorm
|-heal|p2a: Breloom|32/100 tox|[from] ability: Poison Heal
|upkeep
|turn|40
|
|t:|1725719844
|move|p2a: Breloom|Protect|p2a: Breloom
|-singleturn|p2a: Breloom|Protect
|move|p1a: Keldeo|Secret Sword|p2a: Breloom
|-activate|p2a: Breloom|move: Protect
|
|-weather|Sandstorm|[upkeep]
|-damage|p1a: Keldeo|14/100|[from] Sandstorm
|-damage|p2a: Breloom|26/100 tox|[from] Sandstorm
|-heal|p2a: Breloom|39/100 tox|[from] ability: Poison Heal
|upkeep
|turn|41
|inactive|Testo junkie has 90 seconds left.
|c|☆yuzmv|fortunaly for you I've missed fblast and take scald crit
|c|☆yuzmv|scald burn on latios too
|inactive|Testo junkie has 60 seconds left.
|
|t:|1725719898
|switch|p2a: Gliscor|Gliscor, F|36/100 tox
|move|p1a: Keldeo|Secret Sword|p2a: Gliscor
|-resisted|p2a: Gliscor
|-damage|p2a: Gliscor|17/100 tox
|
|-weather|Sandstorm|[upkeep]
|-damage|p1a: Keldeo|8/100|[from] Sandstorm
|-heal|p2a: Gliscor|29/100 tox|[from] ability: Poison Heal
|upkeep
|turn|42
|c|☆yuzmv|but yeah garbage game anyway
|
|t:|1725719905
|move|p2a: Gliscor|Protect|p2a: Gliscor
|-singleturn|p2a: Gliscor|Protect
|move|p1a: Keldeo|Secret Sword|p2a: Gliscor
|-activate|p2a: Gliscor|move: Protect
|
|-weather|Sandstorm|[upkeep]
|-damage|p1a: Keldeo|2/100|[from] Sandstorm
|-heal|p2a: Gliscor|42/100 tox|[from] ability: Poison Heal
|upkeep
|turn|43
|inactive|Testo junkie has 60 seconds left.
|c|☆Testo junkie|yeah a scald burn which benefits you LOL
|c|☆yuzmv|protect protect protect
|
|t:|1725719933
|move|p2a: Gliscor|Protect||[still]
|-fail|p2a: Gliscor
|move|p1a: Keldeo|Secret Sword|p2a: Gliscor
|-resisted|p2a: Gliscor
|-damage|p2a: Gliscor|19/100 tox
|
|-weather|Sandstorm|[upkeep]
|-damage|p1a: Keldeo|0 fnt|[from] Sandstorm
|faint|p1a: Keldeo
|-heal|p2a: Gliscor|31/100 tox|[from] ability: Poison Heal
|upkeep
|c|☆yuzmv|man the only play you spammed
|c|☆yuzmv|the all game
|
|t:|1725719950
|switch|p1a: Latios|Latios, M|24/100 brn
|-damage|p1a: Latios|11/100 brn|[from] Stealth Rock
|turn|44
|inactive|Testo junkie has 60 seconds left.
|
|t:|1725719957
|switch|p2a: Breloom|Breloom, M|39/100 tox
|move|p1a: Latios|Recover|p1a: Latios
|-heal|p1a: Latios|62/100 brn
|
|-weather|Sandstorm|[upkeep]
|-damage|p1a: Latios|56/100 brn|[from] Sandstorm
|-damage|p2a: Breloom|32/100 tox|[from] Sandstorm
|-heal|p2a: Breloom|45/100 tox|[from] ability: Poison Heal
|-damage|p1a: Latios|43/100 brn|[from] brn
|upkeep
|turn|45
|inactive|Testo junkie has 60 seconds left.
|
|t:|1725719967
|switch|p2a: Tentacruel|Tentacruel, M|100/100
|move|p1a: Latios|Calm Mind|p1a: Latios
|-boost|p1a: Latios|spa|1
|-boost|p1a: Latios|spd|1
|
|-weather|Sandstorm|[upkeep]
|-damage|p1a: Latios|37/100 brn|[from] Sandstorm
|-damage|p2a: Tentacruel|94/100|[from] Sandstorm
|-heal|p2a: Tentacruel|100/100|[from] item: Black Sludge
|-damage|p1a: Latios|25/100 brn|[from] brn
|upkeep
|turn|46
|
|t:|1725719974
|switch|p2a: Breloom|Breloom, M|45/100 tox
|move|p1a: Latios|Recover|p1a: Latios
|-heal|p1a: Latios|75/100 brn
|
|-weather|Sandstorm|[upkeep]
|-damage|p1a: Latios|69/100 brn|[from] Sandstorm
|-damage|p2a: Breloom|39/100 tox|[from] Sandstorm
|-heal|p2a: Breloom|51/100 tox|[from] ability: Poison Heal
|-damage|p1a: Latios|57/100 brn|[from] brn
|upkeep
|turn|47
|
|t:|1725719985
|move|p1a: Latios|Draco Meteor|p2a: Breloom
|-crit|p2a: Breloom
|-damage|p2a: Breloom|0 fnt
|-unboost|p1a: Latios|spa|2
|faint|p2a: Breloom
|
|-weather|Sandstorm|[upkeep]
|-damage|p1a: Latios|51/100 brn|[from] Sandstorm
|-damage|p1a: Latios|39/100 brn|[from] brn
|upkeep
|
|t:|1725719997
|switch|p2a: Gliscor|Gliscor, F|31/100 tox
|turn|48
|c|☆yuzmv|we need to have urshifu surging strikes on this tier
|
|t:|1725720012
|move|p1a: Latios|Recover|p1a: Latios
|-heal|p1a: Latios|89/100 brn
|move|p2a: Gliscor|Knock Off|p1a: Latios
|-supereffective|p1a: Latios
|-enditem|p1a: Latios|Colbur Berry|[eat]
|-enditem|p1a: Latios|Colbur Berry|[weaken]
|-damage|p1a: Latios|82/100 brn
|
|-weather|Sandstorm|[upkeep]
|-damage|p1a: Latios|76/100 brn|[from] Sandstorm
|-heal|p2a: Gliscor|44/100 tox|[from] ability: Poison Heal
|-damage|p1a: Latios|64/100 brn|[from] brn
|upkeep
|turn|49
|
|t:|1725720016
|move|p1a: Latios|Calm Mind|p1a: Latios
|-boost|p1a: Latios|spa|1
|-boost|p1a: Latios|spd|1
|move|p2a: Gliscor|Knock Off|p1a: Latios
|-supereffective|p1a: Latios
|-damage|p1a: Latios|52/100 brn
|
|-weather|Sandstorm|[upkeep]
|-damage|p1a: Latios|46/100 brn|[from] Sandstorm
|-heal|p2a: Gliscor|56/100 tox|[from] ability: Poison Heal
|-damage|p1a: Latios|34/100 brn|[from] brn
|upkeep
|turn|50
|
|t:|1725720020
|move|p1a: Latios|Recover|p1a: Latios
|-heal|p1a: Latios|84/100 brn
|move|p2a: Gliscor|Knock Off|p1a: Latios
|-supereffective|p1a: Latios
|-damage|p1a: Latios|71/100 brn
|
|-weather|Sandstorm|[upkeep]
|-damage|p1a: Latios|65/100 brn|[from] Sandstorm
|-heal|p2a: Gliscor|69/100 tox|[from] ability: Poison Heal
|-damage|p1a: Latios|53/100 brn|[from] brn
|upkeep
|turn|51
|
|t:|1725720025
|move|p1a: Latios|Recover|p1a: Latios
|-heal|p1a: Latios|100/100 brn
|move|p2a: Gliscor|Knock Off|p1a: Latios
|-supereffective|p1a: Latios
|-damage|p1a: Latios|87/100 brn
|
|-weather|Sandstorm|[upkeep]
|-damage|p1a: Latios|81/100 brn|[from] Sandstorm
|-heal|p2a: Gliscor|81/100 tox|[from] ability: Poison Heal
|-damage|p1a: Latios|69/100 brn|[from] brn
|upkeep
|turn|52
|
|t:|1725720027
|move|p1a: Latios|Calm Mind|p1a: Latios
|-boost|p1a: Latios|spa|1
|-boost|p1a: Latios|spd|1
|move|p2a: Gliscor|Knock Off|p1a: Latios
|-supereffective|p1a: Latios
|-damage|p1a: Latios|56/100 brn
|
|-weather|Sandstorm|[upkeep]
|-damage|p1a: Latios|50/100 brn|[from] Sandstorm
|-heal|p2a: Gliscor|94/100 tox|[from] ability: Poison Heal
|-damage|p1a: Latios|38/100 brn|[from] brn
|upkeep
|turn|53
|
|t:|1725720030
|move|p1a: Latios|Recover|p1a: Latios
|-heal|p1a: Latios|88/100 brn
|move|p2a: Gliscor|Knock Off|p1a: Latios
|-supereffective|p1a: Latios
|-damage|p1a: Latios|75/100 brn
|
|-weather|Sandstorm|[upkeep]
|-damage|p1a: Latios|69/100 brn|[from] Sandstorm
|-heal|p2a: Gliscor|100/100 tox|[from] ability: Poison Heal
|-damage|p1a: Latios|57/100 brn|[from] brn
|upkeep
|turn|54
|
|t:|1725720033
|move|p1a: Latios|Recover|p1a: Latios
|-heal|p1a: Latios|100/100 brn
|move|p2a: Gliscor|Knock Off|p1a: Latios
|-supereffective|p1a: Latios
|-damage|p1a: Latios|89/100 brn
|
|-weather|Sandstorm|[upkeep]
|-damage|p1a: Latios|83/100 brn|[from] Sandstorm
|-damage|p1a: Latios|71/100 brn|[from] brn
|upkeep
|turn|55
|
|t:|1725720036
|move|p2a: Gliscor|Protect|p2a: Gliscor
|-singleturn|p2a: Gliscor|Protect
|move|p1a: Latios|Calm Mind|p1a: Latios
|-boost|p1a: Latios|spa|1
|-boost|p1a: Latios|spd|1
|
|-weather|Sandstorm|[upkeep]
|-damage|p1a: Latios|65/100 brn|[from] Sandstorm
|-damage|p1a: Latios|53/100 brn|[from] brn
|upkeep
|turn|56
|
|t:|1725720042
|switch|p2a: Tentacruel|Tentacruel, M|100/100
|move|p1a: Latios|Surf|p2a: Tentacruel
|-resisted|p2a: Tentacruel
|-damage|p2a: Tentacruel|74/100
|
|-weather|Sandstorm|[upkeep]
|-damage|p1a: Latios|47/100 brn|[from] Sandstorm
|-damage|p2a: Tentacruel|68/100|[from] Sandstorm
|-heal|p2a: Tentacruel|74/100|[from] item: Black Sludge
|-damage|p1a: Latios|34/100 brn|[from] brn
|upkeep
|turn|57
|
|t:|1725720048
|move|p1a: Latios|Recover|p1a: Latios
|-heal|p1a: Latios|85/100 brn
|move|p2a: Tentacruel|Scald|p1a: Latios
|-resisted|p1a: Latios
|-damage|p1a: Latios|81/100 brn
|
|-weather|Sandstorm|[upkeep]
|-damage|p1a: Latios|75/100 brn|[from] Sandstorm
|-damage|p2a: Tentacruel|68/100|[from] Sandstorm
|-heal|p2a: Tentacruel|74/100|[from] item: Black Sludge
|-damage|p1a: Latios|62/100 brn|[from] brn
|upkeep
|turn|58
|
|t:|1725720055
|move|p1a: Latios|Calm Mind|p1a: Latios
|-boost|p1a: Latios|spa|1
|-boost|p1a: Latios|spd|1
|move|p2a: Tentacruel|Toxic||[still]
|-fail|p2a: Tentacruel
|
|-weather|Sandstorm|[upkeep]
|-damage|p1a: Latios|56/100 brn|[from] Sandstorm
|-damage|p2a: Tentacruel|68/100|[from] Sandstorm
|-heal|p2a: Tentacruel|74/100|[from] item: Black Sludge
|-damage|p1a: Latios|44/100 brn|[from] brn
|upkeep
|turn|59
|
|t:|1725720058
|move|p1a: Latios|Recover|p1a: Latios
|-heal|p1a: Latios|94/100 brn
|move|p2a: Tentacruel|Scald|p1a: Latios
|-resisted|p1a: Latios
|-damage|p1a: Latios|91/100 brn
|
|-weather|Sandstorm|[upkeep]
|-damage|p1a: Latios|85/100 brn|[from] Sandstorm
|-damage|p2a: Tentacruel|68/100|[from] Sandstorm
|-heal|p2a: Tentacruel|74/100|[from] item: Black Sludge
|-damage|p1a: Latios|73/100 brn|[from] brn
|upkeep
|turn|60
|c|☆yuzmv|you tryharding a lot
|c|☆yuzmv|you should move on and win the next
|c|☆yuzmv|gg
|
|t:|1725720077
|move|p1a: Latios|Draco Meteor|p2a: Tentacruel
|-damage|p2a: Tentacruel|0 fnt
|-unboost|p1a: Latios|spa|2
|faint|p2a: Tentacruel
|
|-weather|Sandstorm|[upkeep]
|-damage|p1a: Latios|67/100 brn|[from] Sandstorm
|-damage|p1a: Latios|54/100 brn|[from] brn
|upkeep
|c|☆Testo junkie|i mean
|c|☆yuzmv|I mean gg by out respect
|c|☆yuzmv|was lucky I know
|c|☆Testo junkie|i normally would do that
|c|☆yuzmv|but if you using some boring stuff
|c|☆yuzmv|protect is really cringe
|inactive|Testo junkie has 120 seconds left.
|c|☆yuzmv|im using 0 protect on my team
|c|☆yuzmv|its a nerf
|c|☆Testo junkie|but seeing how bad you play i honestly held hope you would manage to throw away *even* this
|
|t:|1725720127
|switch|p2a: Gliscor|Gliscor, F|100/100 tox
|turn|61
|c|☆yuzmv|which turn I've played bad
|c|☆yuzmv|you spamming protect
|c|☆yuzmv|so I must to predict lol
|inactive|yuzmv has 120 seconds left.
|c|☆yuzmv|I've managed the double bronzong vs zone and get my opportunity lmao
|
|t:|1725720185
|move|p1a: Latios|Surf|p2a: Gliscor
|-supereffective|p2a: Gliscor
|-damage|p2a: Gliscor|0 fnt
|faint|p2a: Gliscor
|
|win|yuzmv
|raw|yuzmv's rating: 1443 &rarr; <strong>1462</strong><br />(+19 for winning)
|raw|Testo junkie's rating: 1422 &rarr; <strong>1403</strong><br />(-19 for losing)
|c|☆yuzmv|w/e
|c|☆Testo junkie|"ive managed"
|c|☆Testo junkie|as in i paralyzed it to death LOL
|l|☆Testo junkie
|player|p2|
|c|☆yuzmv|that was
