|j|☆Testing TeamTest
|j|☆Blossummm
|t:|1715641386
|gametype|singles
|player|p1|Testing TeamTest|youngn|1363
|player|p2|Blossummm|roxie|1372
|teamsize|p1|6
|teamsize|p2|6
|gen|5
|tier|[Gen 5] OU
|rated|
|rule|Species Clause: Limit one of each Pokémon
|rule|OHKO Clause: OHKO moves are banned
|rule|Moody Clause: Moody is banned
|rule|Evasion Items Clause: Evasion items are banned
|rule|Evasion Moves Clause: Evasion moves are banned
|rule|Endless Battle Clause: Forcing endless battles is banned
|rule|HP Percentage Mod: HP is shown in percentages
|rule|Evasion Abilities Clause: Evasion abilities are banned
|rule|Sleep Moves Clause: Sleep-inducing moves are banned
|rule|Swagger Clause: Swagger is banned
|rule|Baton Pass Stat Clause: No Baton Passer may have a way to boost its stats
|clearpoke
|poke|p1|Bisharp, F|item
|poke|p1|Celebi|item
|poke|p1|Heatran, M|item
|poke|p1|Latios, M|item
|poke|p1|Landorus-Therian, M|item
|poke|p1|Tentacruel, M|item
|poke|p2|Tyranitar, F|item
|poke|p2|Alakazam, F|item
|poke|p2|Latios, M|item
|poke|p2|Ferrothorn, F|item
|poke|p2|Keldeo|item
|poke|p2|Landorus-Therian, M|item
|teampreview
|c|☆Testing TeamTest|glhf
|inactive|Battle timer is ON: inactive players will automatically lose when time's up. (requested by Blossummm)
|
|t:|1715641404
|start
|switch|p1a: Landorus|Landorus-Therian, M|100/100
|switch|p2a: Keldeo|Keldeo|100/100
|-ability|p1a: Landorus|Intimidate|boost
|-unboost|p2a: Keldeo|atk|1
|turn|1
|
|t:|1715641411
|switch|p1a: Tentacruel|Tentacruel, M|100/100
|move|p2a: Keldeo|Scald|p1a: Tentacruel
|-resisted|p1a: Tentacruel
|-damage|p1a: Tentacruel|83/100
|
|-heal|p1a: Tentacruel|89/100|[from] item: Black Sludge
|upkeep
|turn|2
|
|t:|1715641429
|move|p2a: Keldeo|Scald|p1a: Tentacruel
|-resisted|p1a: Tentacruel
|-damage|p1a: Tentacruel|74/100
|move|p1a: Tentacruel|Scald|p2a: Keldeo
|-resisted|p2a: Keldeo
|-damage|p2a: Keldeo|87/100
|
|-heal|p2a: Keldeo|93/100|[from] item: Leftovers
|-heal|p1a: Tentacruel|80/100|[from] item: Black Sludge
|upkeep
|turn|3
|
|t:|1715641440
|move|p2a: Keldeo|Hidden Power|p1a: Tentacruel
|-damage|p1a: Tentacruel|61/100
|move|p1a: Tentacruel|Toxic|p2a: Keldeo
|-status|p2a: Keldeo|tox
|
|-heal|p2a: Keldeo|99/100 tox|[from] item: Leftovers
|-heal|p1a: Tentacruel|67/100|[from] item: Black Sludge
|-damage|p2a: Keldeo|93/100 tox|[from] psn
|upkeep
|turn|4
|
|t:|1715641445
|switch|p2a: Tyranitar|Tyranitar, F, shiny|100/100
|-weather|Sandstorm|[from] ability: Sand Stream|[of] p2a: Tyranitar
|move|p1a: Tentacruel|Protect||[still]
|-fail|p1a: Tentacruel
|
|-weather|Sandstorm|[upkeep]
|-damage|p1a: Tentacruel|61/100|[from] Sandstorm
|-heal|p1a: Tentacruel|67/100|[from] item: Black Sludge
|upkeep
|turn|5
|
|t:|1715641451
|switch|p1a: Landorus|Landorus-Therian, M|100/100
|-ability|p1a: Landorus|Intimidate|boost
|-unboost|p2a: Tyranitar|atk|1
|move|p2a: Tyranitar|Thunder Wave|p1a: Landorus
|-immune|p1a: Landorus
|
|-weather|Sandstorm|[upkeep]
|upkeep
|turn|6
|
|t:|1715641460
|switch|p2a: Keldeo|Keldeo|93/100 tox
|move|p1a: Landorus|U-turn|p2a: Keldeo
|-resisted|p2a: Keldeo
|-damage|p2a: Keldeo|78/100 tox
|
|t:|1715641465
|switch|p1a: Celebi|Celebi|100/100|[from] U-turn
|
|-weather|Sandstorm|[upkeep]
|-damage|p2a: Keldeo|71/100 tox|[from] Sandstorm
|-damage|p1a: Celebi|94/100|[from] Sandstorm
|-heal|p2a: Keldeo|78/100 tox|[from] item: Leftovers
|-heal|p1a: Celebi|100/100|[from] item: Leftovers
|-damage|p2a: Keldeo|71/100 tox|[from] psn
|upkeep
|turn|7
|
|t:|1715641471
|switch|p2a: Tyranitar|Tyranitar, F, shiny|100/100
|move|p1a: Celebi|Stealth Rock|p2a: Tyranitar
|-sidestart|p2: Blossummm|move: Stealth Rock
|
|-weather|Sandstorm|[upkeep]
|-damage|p1a: Celebi|94/100|[from] Sandstorm
|-heal|p1a: Celebi|100/100|[from] item: Leftovers
|upkeep
|turn|8
|
|t:|1715641481
|move|p1a: Celebi|U-turn|p2a: Tyranitar
|-supereffective|p2a: Tyranitar
|-damage|p2a: Tyranitar|79/100
|-activate|p1a: Celebi|move: Pursuit
|move|p2a: Tyranitar|Pursuit|p1a: Celebi|[from]Pursuit
|-supereffective|p1a: Celebi
|-damage|p1a: Celebi|39/100
|
|t:|1715641488
|switch|p1a: Landorus|Landorus-Therian, M|100/100|[from] U-turn
|-ability|p1a: Landorus|Intimidate|boost
|-unboost|p2a: Tyranitar|atk|1
|
|-weather|Sandstorm|[upkeep]
|upkeep
|turn|9
|
|t:|1715641498
|switch|p2a: Ferrothorn|Ferrothorn, F|100/100
|-damage|p2a: Ferrothorn|95/100|[from] Stealth Rock
|move|p1a: Landorus|Earthquake|p2a: Ferrothorn
|-damage|p2a: Ferrothorn|55/100
|
|-weather|Sandstorm|[upkeep]
|upkeep
|turn|10
|
|t:|1715641507
|switch|p1a: Heatran|Heatran, M|100/100
|move|p2a: Ferrothorn|Spikes|p1a: Heatran
|-sidestart|p1: Testing TeamTest|Spikes
|
|-weather|Sandstorm|[upkeep]
|upkeep
|turn|11
|
|t:|1715641515
|switch|p2a: Landorus|Landorus-Therian, M|100/100
|-damage|p2a: Landorus|88/100|[from] Stealth Rock
|-ability|p2a: Landorus|Intimidate|boost
|-unboost|p1a: Heatran|atk|1
|move|p1a: Heatran|Magma Storm|p2a: Landorus
|-damage|p2a: Landorus|0 fnt
|faint|p2a: Landorus
|
|-weather|Sandstorm|[upkeep]
|upkeep
|
|t:|1715641519
|switch|p2a: Keldeo|Keldeo|71/100 tox
|-damage|p2a: Keldeo|65/100 tox|[from] Stealth Rock
|turn|12
|
|t:|1715641526
|switch|p1a: Tentacruel|Tentacruel, M|67/100
|-damage|p1a: Tentacruel|55/100|[from] Spikes
|move|p2a: Keldeo|Secret Sword|p1a: Tentacruel
|-resisted|p1a: Tentacruel
|-damage|p1a: Tentacruel|29/100
|
|-weather|Sandstorm|[upkeep]
|-damage|p2a: Keldeo|59/100 tox|[from] Sandstorm
|-damage|p1a: Tentacruel|22/100|[from] Sandstorm
|-heal|p2a: Keldeo|65/100 tox|[from] item: Leftovers
|-heal|p1a: Tentacruel|29/100|[from] item: Black Sludge
|-damage|p2a: Keldeo|59/100 tox|[from] psn
|upkeep
|turn|13
|
|t:|1715641538
|move|p2a: Keldeo|Secret Sword|p1a: Tentacruel
|-resisted|p1a: Tentacruel
|-damage|p1a: Tentacruel|4/100
|move|p1a: Tentacruel|Rapid Spin|p2a: Keldeo
|-crit|p2a: Keldeo
|-damage|p2a: Keldeo|52/100 tox
|-sideend|p1: Testing TeamTest|Spikes|[from] move: Rapid Spin|[of] p1a: Tentacruel
|
|-weather|Sandstorm|[upkeep]
|-damage|p2a: Keldeo|46/100 tox|[from] Sandstorm
|-damage|p1a: Tentacruel|0 fnt|[from] Sandstorm
|faint|p1a: Tentacruel
|-heal|p2a: Keldeo|52/100 tox|[from] item: Leftovers
|-damage|p2a: Keldeo|40/100 tox|[from] psn
|upkeep
|
|t:|1715641567
|switch|p1a: Landorus|Landorus-Therian, M|100/100
|-ability|p1a: Landorus|Intimidate|boost
|-unboost|p2a: Keldeo|atk|1
|turn|14
|
|t:|1715641572
|move|p1a: Landorus|U-turn|p2a: Keldeo
|-resisted|p2a: Keldeo
|-damage|p2a: Keldeo|26/100 tox
|
|t:|1715641578
|switch|p1a: Latios|Latios, M|100/100|[from] U-turn
|move|p2a: Keldeo|Scald|p1a: Latios
|-resisted|p1a: Latios
|-damage|p1a: Latios|78/100
|
|-weather|Sandstorm|[upkeep]
|-damage|p1a: Latios|72/100|[from] Sandstorm
|-damage|p2a: Keldeo|20/100 tox|[from] Sandstorm
|-heal|p2a: Keldeo|26/100 tox|[from] item: Leftovers
|-damage|p2a: Keldeo|7/100 tox|[from] psn
|upkeep
|turn|15
|
|t:|1715641583
|move|p1a: Latios|Dragon Pulse|p2a: Keldeo
|-damage|p2a: Keldeo|0 fnt
|faint|p2a: Keldeo
|
|-weather|Sandstorm|[upkeep]
|-damage|p1a: Latios|66/100|[from] Sandstorm
|upkeep
|
|t:|1715641590
|switch|p2a: Alakazam|Alakazam, F|100/100
|turn|16
|
|t:|1715641596
|move|p1a: Latios|Dragon Pulse|p2a: Alakazam
|-damage|p2a: Alakazam|27/100
|move|p2a: Alakazam|Shadow Ball|p1a: Latios
|-supereffective|p1a: Latios
|-damage|p1a: Latios|0 fnt
|faint|p1a: Latios
|
|-weather|Sandstorm|[upkeep]
|upkeep
|
|t:|1715641603
|switch|p1a: Landorus|Landorus-Therian, M|100/100
|-ability|p1a: Landorus|Intimidate|boost
|-unboost|p2a: Alakazam|atk|1
|turn|17
|
|t:|1715641608
|switch|p2a: Ferrothorn|Ferrothorn, F|55/100
|-damage|p2a: Ferrothorn|49/100|[from] Stealth Rock
|move|p1a: Landorus|U-turn|p2a: Ferrothorn
|-damage|p2a: Ferrothorn|31/100
|-damage|p1a: Landorus|88/100|[from] ability: Iron Barbs|[of] p2a: Ferrothorn
|
|t:|1715641611
|switch|p1a: Bisharp|Bisharp, F|100/100|[from] U-turn
|
|-weather|Sandstorm|[upkeep]
|upkeep
|turn|18
|
|t:|1715641616
|move|p1a: Bisharp|Substitute|p1a: Bisharp
|-start|p1a: Bisharp|Substitute
|-damage|p1a: Bisharp|76/100
|move|p2a: Ferrothorn|Knock Off|p1a: Bisharp
|-resisted|p1a: Bisharp
|-activate|p1a: Bisharp|Substitute|[damage]
|
|-weather|Sandstorm|[upkeep]
|-heal|p1a: Bisharp|82/100|[from] item: Leftovers
|upkeep
|turn|19
|
|t:|1715641622
|move|p1a: Bisharp|Swords Dance|p1a: Bisharp
|-boost|p1a: Bisharp|atk|2
|move|p2a: Ferrothorn|Gyro Ball|p1a: Bisharp
|-resisted|p1a: Bisharp
|-end|p1a: Bisharp|Substitute
|
|-weather|Sandstorm|[upkeep]
|-heal|p1a: Bisharp|88/100|[from] item: Leftovers
|upkeep
|turn|20
|
|t:|1715641627
|move|p1a: Bisharp|Substitute|p1a: Bisharp
|-start|p1a: Bisharp|Substitute
|-damage|p1a: Bisharp|63/100
|move|p2a: Ferrothorn|Gyro Ball|p1a: Bisharp
|-resisted|p1a: Bisharp
|-end|p1a: Bisharp|Substitute
|
|-weather|Sandstorm|[upkeep]
|-heal|p1a: Bisharp|69/100|[from] item: Leftovers
|upkeep
|turn|21
|
|t:|1715641633
|move|p1a: Bisharp|Low Kick|p2a: Ferrothorn
|-supereffective|p2a: Ferrothorn
|-damage|p2a: Ferrothorn|0 fnt
|-damage|p1a: Bisharp|56/100|[from] ability: Iron Barbs|[of] p2a: Ferrothorn
|faint|p2a: Ferrothorn
|
|-weather|Sandstorm|[upkeep]
|-heal|p1a: Bisharp|62/100|[from] item: Leftovers
|upkeep
|
|t:|1715641646
|switch|p2a: Tyranitar|Tyranitar, F, shiny|79/100
|-damage|p2a: Tyranitar|66/100|[from] Stealth Rock
|turn|22
|
|t:|1715641654
|move|p1a: Bisharp|Low Kick|p2a: Tyranitar
|-supereffective|p2a: Tyranitar
|-enditem|p2a: Tyranitar|Chople Berry|[eat]
|-enditem|p2a: Tyranitar|Chople Berry|[weaken]
|-damage|p2a: Tyranitar|0 fnt
|faint|p2a: Tyranitar
|
|-weather|Sandstorm|[upkeep]
|-heal|p1a: Bisharp|68/100|[from] item: Leftovers
|upkeep
|
|t:|1715641659
|switch|p2a: Latios|Latios, M|100/100
|-damage|p2a: Latios|88/100|[from] Stealth Rock
|turn|23
|
|t:|1715641662
|move|p1a: Bisharp|Sucker Punch||[still]
|-fail|p1a: Bisharp
|move|p2a: Latios|Trick|p1a: Bisharp
|-activate|p2a: Latios|move: Trick|[of] p1a: Bisharp
|-item|p1a: Bisharp|Choice Scarf|[from] move: Trick
|-item|p2a: Latios|Leftovers|[from] move: Trick
|
|-weather|Sandstorm|[upkeep]
|-damage|p2a: Latios|82/100|[from] Sandstorm
|-heal|p2a: Latios|88/100|[from] item: Leftovers
|upkeep
|turn|24
|
|t:|1715641669
|move|p1a: Bisharp|Sucker Punch||[still]
|-fail|p1a: Bisharp
|move|p2a: Latios|Trick|p1a: Bisharp
|-activate|p2a: Latios|move: Trick|[of] p1a: Bisharp
|-item|p1a: Bisharp|Leftovers|[from] move: Trick
|-item|p2a: Latios|Choice Scarf|[from] move: Trick
|
|-weather|Sandstorm|[upkeep]
|-damage|p2a: Latios|82/100|[from] Sandstorm
|-heal|p1a: Bisharp|74/100|[from] item: Leftovers
|upkeep
|turn|25
|
|t:|1715641680
|move|p1a: Bisharp|Sucker Punch|p2a: Latios
|-supereffective|p2a: Latios
|-damage|p2a: Latios|0 fnt
|faint|p2a: Latios
|
|-weather|Sandstorm|[upkeep]
|-heal|p1a: Bisharp|80/100|[from] item: Leftovers
|upkeep
|
|t:|1715641681
|switch|p2a: Alakazam|Alakazam, F|27/100
|turn|26
|
|t:|1715641684
|move|p1a: Bisharp|Sucker Punch|p2a: Alakazam
|-supereffective|p2a: Alakazam
|-damage|p2a: Alakazam|0 fnt
|faint|p2a: Alakazam
|
|win|Testing TeamTest
|raw|Testing TeamTest's rating: 1363 &rarr; <strong>1384</strong><br />(+21 for winning)
|raw|Blossummm's rating: 1372 &rarr; <strong>1351</strong><br />(-21 for losing)
|c|☆Testing TeamTest|gg
|l|☆Blossummm
|player|p2|
