|j|☆Mamoswine247
|j|☆ShigureSIREN
|player|p1|Mamoswine247|cynthia-gen4|1459
|player|p2|ShigureSIREN|anabel|1331
|teamsize|p1|6
|teamsize|p2|6
|gametype|singles
|gen|5
|tier|[Gen 5] OU
|rated|
|clearpoke
|poke|p1|Tyranitar, M|item
|poke|p1|Landorus-Therian, M|item
|poke|p1|Rotom-Wash|item
|poke|p1|Scizor, M|item
|poke|p1|Reuniclus, M|item
|poke|p1|Dragonite, M|item
|poke|p2|Yanmega, M|item
|poke|p2|Scizor, M|item
|poke|p2|Cresselia, F|item
|poke|p2|Porygon-Z|item
|poke|p2|Chandelure, M|item
|poke|p2|Swellow, M|item
|rule|Species Clause: Limit one of each Pokémon
|rule|OHKO Clause: OHKO moves are banned
|rule|Moody Clause: Moody is banned
|rule|Evasion Moves Clause: Evasion moves are banned
|rule|Endless Battle Clause: Forcing endless battles is banned
|rule|HP Percentage Mod: HP is shown in percentages
|rule|Evasion Abilities Clause: Evasion abilities are banned
|rule|Baton Pass Clause: Limit one Baton Passer, can't pass Spe and other stats simultaneously
|rule|Sleep Clause: Sleep-inducing moves are banned
|rule|Swagger Clause: Swagger is banned
|teampreview
|inactive|Battle timer is ON: inactive players will automatically lose when time's up. (requested by Mamoswine247)
|
|start
|switch|p1a: Bangirasu|Tyranitar, M, shiny|100/100
|switch|p2a: ミャンマー|Yanmega, M|100/100
|-weather|Sandstorm|[from] ability: Sand Stream|[of] p1a: Bangirasu
|turn|1
|
|move|p1a: Bangirasu|Crunch|p2a: ミャンマー
|-damage|p2a: ミャンマー|46/100
|move|p2a: ミャンマー|Bug Buzz|p1a: Bangirasu
|-enditem|p2a: ミャンマー|Bug Gem|[from] gem
|-supereffective|p1a: Bangirasu
|-damage|p1a: Bangirasu|7/100
|
|-weather|Sandstorm|[upkeep]
|-damage|p2a: ミャンマー|40/100|[from] Sandstorm
|-ability|p2a: ミャンマー|Speed Boost|boost
|-boost|p2a: ミャンマー|spe|1
|upkeep
|turn|2
|
|move|p2a: ミャンマー|Bug Buzz|p1a: Bangirasu
|-supereffective|p1a: Bangirasu
|-damage|p1a: Bangirasu|0 fnt
|faint|p1a: Bangirasu
|
|-weather|Sandstorm|[upkeep]
|-damage|p2a: ミャンマー|34/100|[from] Sandstorm
|-ability|p2a: ミャンマー|Speed Boost|boost
|-boost|p2a: ミャンマー|spe|1
|upkeep
|
|switch|p1a: Crimson|Scizor, M|100/100
|turn|3
|
|move|p1a: Crimson|Bullet Punch|p2a: ミャンマー
|-damage|p2a: ミャンマー|0 fnt
|faint|p2a: ミャンマー
|
|-weather|Sandstorm|[upkeep]
|upkeep
|
|switch|p2a: チャンドラー|Chandelure, M|100/100
|turn|4
|
|switch|p1a: HydroShock|Rotom-Wash, shiny|100/100
|move|p2a: チャンドラー|Overheat|p1a: HydroShock
|-resisted|p1a: HydroShock
|-damage|p1a: HydroShock|48/100
|-unboost|p2a: チャンドラー|spa|2
|-damage|p2a: チャンドラー|91/100|[from] item: Life Orb
|
|-weather|Sandstorm|[upkeep]
|-damage|p2a: チャンドラー|84/100|[from] Sandstorm
|-damage|p1a: HydroShock|42/100|[from] Sandstorm
|-heal|p1a: HydroShock|48/100|[from] item: Leftovers
|upkeep
|turn|5
|
|switch|p2a: ハゼルフ|Cresselia, F|100/100
|move|p1a: HydroShock|Will-O-Wisp|p2a: ハゼルフ
|-status|p2a: ハゼルフ|brn
|
|-weather|Sandstorm|[upkeep]
|-damage|p1a: HydroShock|42/100|[from] Sandstorm
|-damage|p2a: ハゼルフ|94/100 brn|[from] Sandstorm
|-heal|p1a: HydroShock|48/100|[from] item: Leftovers
|-damage|p2a: ハゼルフ|82/100 brn|[from] brn
|upkeep
|turn|6
|
|move|p1a: HydroShock|Volt Switch|p2a: ハゼルフ
|-damage|p2a: ハゼルフ|67/100 brn
|
|switch|p1a: Crimson|Scizor, M|100/100|[from]move: Volt Switch
|move|p2a: ハゼルフ|Toxic|p1a: Crimson
|-immune|p1a: Crimson
|
|-weather|Sandstorm|[upkeep]
|-damage|p2a: ハゼルフ|61/100 brn|[from] Sandstorm
|-damage|p2a: ハゼルフ|49/100 brn|[from] brn
|upkeep
|turn|7
|
|switch|p2a: チャンドラー|Chandelure, M|84/100
|move|p1a: Crimson|Bug Bite|p2a: チャンドラー
|-resisted|p2a: チャンドラー
|-damage|p2a: チャンドラー|66/100
|
|-weather|Sandstorm|[upkeep]
|-damage|p2a: チャンドラー|60/100|[from] Sandstorm
|upkeep
|turn|8
|
|switch|p1a: HydroShock|Rotom-Wash, shiny|48/100
|move|p2a: チャンドラー|Overheat|p1a: HydroShock
|-resisted|p1a: HydroShock
|-damage|p1a: HydroShock|2/100
|-unboost|p2a: チャンドラー|spa|2
|-damage|p2a: チャンドラー|50/100|[from] item: Life Orb
|
|-weather|Sandstorm|[upkeep]
|-damage|p2a: チャンドラー|44/100|[from] Sandstorm
|-damage|p1a: HydroShock|0 fnt|[from] Sandstorm
|faint|p1a: HydroShock
|upkeep
|
|switch|p1a: SuperFetus|Reuniclus, M, shiny|100/100
|turn|9
|j| mba789
|
|switch|p2a: スワン|Swellow, M|100/100
|move|p1a: SuperFetus|Trick Room|p1a: SuperFetus
|-fieldstart|move: Trick Room|[of] p1a: SuperFetus
|
|-weather|Sandstorm|[upkeep]
|-damage|p2a: スワン|94/100|[from] Sandstorm
|-status|p2a: スワン|brn|[from] item: Flame Orb
|upkeep
|turn|10
|
|switch|p2a: ハゼルフ|Cresselia, F|49/100 brn
|move|p1a: SuperFetus|Psychic|p2a: ハゼルフ
|-resisted|p2a: ハゼルフ
|-damage|p2a: ハゼルフ|27/100 brn
|
|-weather|Sandstorm|[upkeep]
|-damage|p2a: ハゼルフ|21/100 brn|[from] Sandstorm
|-damage|p2a: ハゼルフ|9/100 brn|[from] brn
|upkeep
|turn|11
|
|move|p1a: SuperFetus|Psychic|p2a: ハゼルフ
|-resisted|p2a: ハゼルフ
|-crit|p2a: ハゼルフ
|-damage|p2a: ハゼルフ|0 fnt
|faint|p2a: ハゼルフ
|
|-weather|Sandstorm|[upkeep]
|upkeep
|
|switch|p2a: マジンガーZ|Porygon-Z|100/100
|turn|12
|
|move|p1a: SuperFetus|Focus Blast|p2a: マジンガーZ
|-supereffective|p2a: マジンガーZ
|-damage|p2a: マジンガーZ|0 fnt
|faint|p2a: マジンガーZ
|
|-weather|Sandstorm|[upkeep]
|upkeep
|
|switch|p2a: シザーハンズ|Scizor, M|100/100
|turn|13
|
|switch|p1a: Rawr|Landorus-Therian, M, shiny|100/100
|-ability|p1a: Rawr|Intimidate|boost
|-unboost|p2a: シザーハンズ|atk|1
|move|p2a: シザーハンズ|Swords Dance|p2a: シザーハンズ
|-boost|p2a: シザーハンズ|atk|2
|
|-weather|Sandstorm|[upkeep]
|-fieldend|move: Trick Room
|upkeep
|turn|14
|
|move|p1a: Rawr|Earthquake|p2a: シザーハンズ
|-damage|p2a: シザーハンズ|48/100
|move|p2a: シザーハンズ|Knock Off|p1a: Rawr
|-damage|p1a: Rawr|80/100
|-enditem|p1a: Rawr|Leftovers|[from] move: Knock Off|[of] p2a: シザーハンズ
|
|-weather|Sandstorm|[upkeep]
|upkeep
|turn|15
|
|move|p2a: シザーハンズ|Bullet Punch|p1a: Rawr
|-damage|p1a: Rawr|24/100
|move|p1a: Rawr|Earthquake|p2a: シザーハンズ
|-damage|p2a: シザーハンズ|0 fnt
|faint|p2a: シザーハンズ
|
|-weather|Sandstorm|[upkeep]
|upkeep
|
|switch|p2a: スワン|Swellow, M|94/100 brn
|turn|16
|
|move|p2a: スワン|Facade|p1a: Rawr
|-damage|p1a: Rawr|0 fnt
|faint|p1a: Rawr
|
|-weather|Sandstorm|[upkeep]
|-damage|p2a: スワン|88/100 brn|[from] Sandstorm
|-damage|p2a: スワン|76/100 brn|[from] brn
|upkeep
|
|switch|p1a: Crimson|Scizor, M|100/100
|turn|17
|
|move|p1a: Crimson|Bullet Punch|p2a: スワン
|-crit|p2a: スワン
|-damage|p2a: スワン|0 fnt
|faint|p2a: スワン
|
|-weather|Sandstorm|[upkeep]
|upkeep
|
|switch|p2a: チャンドラー|Chandelure, M|44/100
|turn|18
|
|move|p1a: Crimson|Bullet Punch|p2a: チャンドラー
|-resisted|p2a: チャンドラー
|-damage|p2a: チャンドラー|18/100
|move|p2a: チャンドラー|Overheat|p1a: Crimson
|-supereffective|p1a: Crimson
|-damage|p1a: Crimson|0 fnt
|-unboost|p2a: チャンドラー|spa|2
|-damage|p2a: チャンドラー|8/100|[from] item: Life Orb
|faint|p1a: Crimson
|
|-weather|Sandstorm|[upkeep]
|-damage|p2a: チャンドラー|2/100|[from] Sandstorm
|upkeep
|
|switch|p1a: SuperFetus|Reuniclus, M, shiny|100/100
|turn|19
|
|move|p2a: チャンドラー|Shadow Ball|p1a: SuperFetus
|-supereffective|p1a: SuperFetus
|-damage|p1a: SuperFetus|35/100
|-damage|p2a: チャンドラー|0 fnt|[from] item: Life Orb
|faint|p2a: チャンドラー
|
|win|Mamoswine247
|raw|Mamoswine247's rating: 1459 &rarr; <strong>1472</strong><br />(+13 for winning)
|raw|ShigureSIREN's rating: 1331 &rarr; <strong>1318</strong><br />(-13 for losing)
