|j|☆FSoup
|j|☆harshandback
|t:|1740760691
|gametype|singles
|player|p1|FSoup|roxie-masters|1275
|player|p2|harshandback|harlequin|1332
|teamsize|p1|6
|teamsize|p2|6
|gen|5
|tier|[Gen 5] OU
|rated|
|rule|Species Clause: Limit one of each Pokémon
|rule|OHKO Clause: OHKO moves are banned
|rule|Moody Clause: Moody is banned
|rule|Evasion Items Clause: Evasion items are banned
|rule|Evasion Moves Clause: Evasion moves are banned
|rule|Endless Battle Clause: Forcing endless battles is banned
|rule|HP Percentage Mod: HP is shown in percentages
|rule|Evasion Abilities Clause: Evasion abilities are banned
|rule|Sleep Moves Clause: Sleep-inducing moves are banned
|rule|Swagger Clause: Swagger is banned
|rule|Baton Pass Stat Clause: No Baton Passer may have a way to boost its stats
|clearpoke
|poke|p1|Politoed, M|item
|poke|p1|Ferrothorn, M|item
|poke|p1|Mamoswine, F|item
|poke|p1|Latios, M|item
|poke|p1|Thundurus-Therian, M|item
|poke|p1|Tentacruel, F|item
|poke|p2|Tyranitar, F|item
|poke|p2|Landorus-Therian, M|item
|poke|p2|Excadrill, F|item
|poke|p2|Garchomp, M|item
|poke|p2|Celebi|item
|poke|p2|Rotom-Wash|item
|teampreview
|inactive|Battle timer is ON: inactive players will automatically lose when time's up. (requested by harshandback)
|inactive|FSoup also wants the timer to be on.
|
|t:|1740760707
|start
|switch|p1a: Politoed|Politoed, M, shiny|100/100
|switch|p2a: Rotom|Rotom-Wash|100/100
|-weather|RainDance|[from] ability: Drizzle|[of] p1a: Politoed
|turn|1
|
|t:|1740760720
|move|p2a: Rotom|Will-O-Wisp|p1a: Politoed
|-status|p1a: Politoed|brn
|move|p1a: Politoed|Scald|p2a: Rotom
|-resisted|p2a: Rotom
|-damage|p2a: Rotom|81/100
|
|-weather|RainDance|[upkeep]
|-heal|p2a: Rotom|87/100|[from] item: Leftovers
|-damage|p1a: Politoed|88/100 brn|[from] brn
|upkeep
|turn|2
|
|t:|1740760728
|switch|p1a: Ferrothorn|Ferrothorn, M|100/100
|move|p2a: Rotom|Hydro Pump|p1a: Ferrothorn
|-resisted|p1a: Ferrothorn
|-damage|p1a: Ferrothorn|77/100
|
|-weather|RainDance|[upkeep]
|-heal|p2a: Rotom|93/100|[from] item: Leftovers
|upkeep
|turn|3
|
|t:|1740760737
|move|p2a: Rotom|Volt Switch|p1a: Ferrothorn
|-resisted|p1a: Ferrothorn
|-damage|p1a: Ferrothorn|69/100
|inactive|harshandback has 120 seconds left.
|inactive|harshandback has 90 seconds left.
|inactive|harshandback has 60 seconds left.
|inactive|harshandback has 30 seconds left.
|inactive|harshandback has 20 seconds left.
|inactive|harshandback has 15 seconds left.
|
|t:|1740760876
|switch|p2a: Landorus|Landorus-Therian, M|100/100|[from] Volt Switch
|-ability|p2a: Landorus|Intimidate|boost
|-unboost|p1a: Ferrothorn|atk|1
|move|p1a: Ferrothorn|Stealth Rock|p2a: Landorus
|-sidestart|p2: harshandback|move: Stealth Rock
|
|-weather|RainDance|[upkeep]
|upkeep
|turn|4
|inactive|harshandback has 25 seconds left this turn.
|inactive|harshandback has 20 seconds left.
|
|t:|1740760882
|move|p2a: Landorus|Substitute|p2a: Landorus
|-start|p2a: Landorus|Substitute
|-damage|p2a: Landorus|76/100
|move|p1a: Ferrothorn|Knock Off|p2a: Landorus
|-activate|p2a: Landorus|Substitute|[damage]
|
|-weather|RainDance|[upkeep]
|-heal|p2a: Landorus|82/100|[from] item: Leftovers
|upkeep
|turn|5
|inactive|harshandback has 30 seconds left this turn.
|c|☆harshandback|sorry
|
|t:|1740760889
|move|p2a: Landorus|Gravity|p2a: Landorus
|-fieldstart|move: Gravity
|move|p1a: Ferrothorn|Power Whip|p2a: Landorus
|-end|p2a: Landorus|Substitute
|
|-weather|RainDance|[upkeep]
|-heal|p2a: Landorus|88/100|[from] item: Leftovers
|upkeep
|turn|6
|inactive|harshandback has 30 seconds left.
|
|t:|1740760901
|move|p2a: Landorus|Earthquake|p1a: Ferrothorn
|-damage|p1a: Ferrothorn|33/100
|move|p1a: Ferrothorn|Power Whip|p2a: Landorus
|-damage|p2a: Landorus|58/100
|
|-weather|RainDance|[upkeep]
|-heal|p2a: Landorus|64/100|[from] item: Leftovers
|upkeep
|turn|7
|
|t:|1740760910
|switch|p2a: Celebi|Celebi|100/100
|-damage|p2a: Celebi|88/100|[from] Stealth Rock
|move|p1a: Ferrothorn|Knock Off|p2a: Celebi
|-supereffective|p2a: Celebi
|-damage|p2a: Celebi|83/100
|-enditem|p2a: Celebi|Leftovers|[from] move: Knock Off|[of] p1a: Ferrothorn
|
|-weather|RainDance|[upkeep]
|upkeep
|turn|8
|
|t:|1740760918
|switch|p1a: Thundurus|Thundurus-Therian, M|100/100
|move|p2a: Celebi|Baton Pass|p2a: Celebi
|
|t:|1740760938
|switch|p2a: Garchomp|Garchomp, M|100/100|[from] Baton Pass
|-damage|p2a: Garchomp|94/100|[from] Stealth Rock
|
|-weather|RainDance|[upkeep]
|upkeep
|turn|9
|
|t:|1740760952
|switch|p1a: Ferrothorn|Ferrothorn, M|33/100
|move|p2a: Garchomp|Earthquake|p1a: Ferrothorn
|-damage|p1a: Ferrothorn|0 fnt
|faint|p1a: Ferrothorn
|
|-weather|RainDance|[upkeep]
|-fieldend|move: Gravity
|upkeep
|
|t:|1740760957
|switch|p1a: Thundurus|Thundurus-Therian, M|100/100
|turn|10
|
|t:|1740760964
|switch|p2a: Rotom|Rotom-Wash|93/100
|-damage|p2a: Rotom|81/100|[from] Stealth Rock
|move|p1a: Thundurus|Hidden Power|p2a: Rotom
|-resisted|p2a: Rotom
|-damage|p2a: Rotom|69/100
|
|-weather|RainDance|[upkeep]
|-heal|p2a: Rotom|75/100|[from] item: Leftovers
|upkeep
|turn|11
|
|t:|1740760968
|move|p1a: Thundurus|U-turn|p2a: Rotom
|-crit|p2a: Rotom
|-damage|p2a: Rotom|49/100
|
|t:|1740760974
|switch|p1a: Latios|Latios, M|100/100|[from] U-turn
|move|p2a: Rotom|Hydro Pump|p1a: Latios
|-resisted|p1a: Latios
|-damage|p1a: Latios|67/100
|
|-weather|RainDance|[upkeep]
|-heal|p2a: Rotom|55/100|[from] item: Leftovers
|upkeep
|turn|12
|
|t:|1740760989
|move|p1a: Latios|Surf|p2a: Rotom
|-resisted|p2a: Rotom
|-damage|p2a: Rotom|32/100
|move|p2a: Rotom|Volt Switch|p1a: Latios
|-resisted|p1a: Latios
|-damage|p1a: Latios|54/100
|
|t:|1740761002
|switch|p2a: Tyranitar|Tyranitar, F|100/100|[from] Volt Switch
|-damage|p2a: Tyranitar|88/100|[from] Stealth Rock
|-weather|Sandstorm|[from] ability: Sand Stream|[of] p2a: Tyranitar
|
|-weather|Sandstorm|[upkeep]
|-damage|p1a: Latios|48/100|[from] Sandstorm
|upkeep
|turn|13
|
|t:|1740761012
|move|p1a: Latios|Surf|p2a: Tyranitar
|-supereffective|p2a: Tyranitar
|-damage|p2a: Tyranitar|58/100
|move|p2a: Tyranitar|Pursuit|p1a: Latios
|-supereffective|p1a: Latios
|-damage|p1a: Latios|0 fnt
|faint|p1a: Latios
|
|-weather|Sandstorm|[upkeep]
|upkeep
|
|t:|1740761021
|switch|p1a: Mamoswine|Mamoswine, F|100/100
|turn|14
|
|t:|1740761031
|switch|p2a: Rotom|Rotom-Wash|32/100
|-damage|p2a: Rotom|20/100|[from] Stealth Rock
|move|p1a: Mamoswine|Icicle Crash|p2a: Rotom
|-resisted|p2a: Rotom
|-damage|p2a: Rotom|0 fnt
|faint|p2a: Rotom
|
|-weather|Sandstorm|[upkeep]
|upkeep
|
|t:|1740761037
|switch|p2a: Excadrill|Excadrill, F|100/100
|-damage|p2a: Excadrill|98/100|[from] Stealth Rock
|turn|15
|
|t:|1740761043
|switch|p1a: Politoed|Politoed, M, shiny|88/100 brn
|-weather|RainDance|[from] ability: Drizzle|[of] p1a: Politoed
|move|p2a: Excadrill|Iron Head|p1a: Politoed
|-resisted|p1a: Politoed
|-damage|p1a: Politoed|72/100 brn
|
|-weather|RainDance|[upkeep]
|-heal|p2a: Excadrill|100/100|[from] item: Leftovers
|-heal|p1a: Politoed|78/100 brn|[from] item: Leftovers
|-damage|p1a: Politoed|66/100 brn|[from] brn
|upkeep
|turn|16
|
|t:|1740761046
|switch|p2a: Celebi|Celebi|83/100
|-damage|p2a: Celebi|71/100|[from] Stealth Rock
|move|p1a: Politoed|Scald|p2a: Celebi
|-resisted|p2a: Celebi
|-damage|p2a: Celebi|58/100
|-status|p2a: Celebi|brn
|
|-weather|RainDance|[upkeep]
|-heal|p1a: Politoed|72/100 brn|[from] item: Leftovers
|-damage|p2a: Celebi|46/100 brn|[from] brn
|-damage|p1a: Politoed|59/100 brn|[from] brn
|upkeep
|turn|17
|
|t:|1740761056
|move|p2a: Celebi|Recover|p2a: Celebi
|-heal|p2a: Celebi|96/100 brn
|move|p1a: Politoed|Scald|p2a: Celebi
|-resisted|p2a: Celebi
|-damage|p2a: Celebi|83/100 brn
|
|-weather|RainDance|[upkeep]
|-heal|p1a: Politoed|66/100 brn|[from] item: Leftovers
|-damage|p2a: Celebi|71/100 brn|[from] brn
|-damage|p1a: Politoed|53/100 brn|[from] brn
|upkeep
|turn|18
|
|t:|1740761061
|switch|p1a: Thundurus|Thundurus-Therian, M|100/100
|move|p2a: Celebi|Substitute|p2a: Celebi
|-start|p2a: Celebi|Substitute
|-damage|p2a: Celebi|46/100 brn
|
|-weather|RainDance|[upkeep]
|-damage|p2a: Celebi|34/100 brn|[from] brn
|upkeep
|turn|19
|
|t:|1740761068
|move|p1a: Thundurus|Hidden Power|p2a: Celebi
|-supereffective|p2a: Celebi
|-end|p2a: Celebi|Substitute
|move|p2a: Celebi|Psychic|p1a: Thundurus
|-crit|p1a: Thundurus
|-damage|p1a: Thundurus|27/100
|
|-weather|RainDance|[upkeep]
|-heal|p1a: Thundurus|34/100|[from] item: Leftovers
|-damage|p2a: Celebi|21/100 brn|[from] brn
|upkeep
|turn|20
|
|t:|1740761075
|-curestatus|p2a: Celebi|brn|[from] ability: Natural Cure
|switch|p2a: Excadrill|Excadrill, F|100/100
|-damage|p2a: Excadrill|98/100|[from] Stealth Rock
|move|p1a: Thundurus|Hidden Power|p2a: Excadrill
|-damage|p2a: Excadrill|70/100
|
|-weather|RainDance|[upkeep]
|-heal|p1a: Thundurus|40/100|[from] item: Leftovers
|-heal|p2a: Excadrill|76/100|[from] item: Leftovers
|upkeep
|turn|21
|
|t:|1740761086
|move|p1a: Thundurus|Focus Blast|p2a: Excadrill
|-supereffective|p2a: Excadrill
|-damage|p2a: Excadrill|0 fnt
|faint|p2a: Excadrill
|
|-weather|RainDance|[upkeep]
|-heal|p1a: Thundurus|46/100|[from] item: Leftovers
|upkeep
|
|t:|1740761088
|switch|p2a: Garchomp|Garchomp, M|94/100
|-damage|p2a: Garchomp|88/100|[from] Stealth Rock
|turn|22
|
|t:|1740761095
|switch|p1a: Tentacruel|Tentacruel, F|100/100
|move|p2a: Garchomp|Dual Chop|p1a: Tentacruel
|-damage|p1a: Tentacruel|81/100
|-damage|p1a: Tentacruel|60/100
|-hitcount|p1a: Tentacruel|2
|
|-weather|RainDance|[upkeep]
|-heal|p1a: Tentacruel|66/100|[from] ability: Rain Dish
|-heal|p1a: Tentacruel|72/100|[from] item: Black Sludge
|upkeep
|turn|23
|
|t:|1740761101
|switch|p2a: Tyranitar|Tyranitar, F|58/100
|-damage|p2a: Tyranitar|46/100|[from] Stealth Rock
|-weather|Sandstorm|[from] ability: Sand Stream|[of] p2a: Tyranitar
|move|p1a: Tentacruel|Protect||[still]
|-fail|p1a: Tentacruel
|
|-weather|Sandstorm|[upkeep]
|-damage|p1a: Tentacruel|66/100|[from] Sandstorm
|-heal|p1a: Tentacruel|72/100|[from] item: Black Sludge
|upkeep
|turn|24
|
|t:|1740761107
|switch|p2a: Celebi|Celebi|21/100
|-damage|p2a: Celebi|9/100|[from] Stealth Rock
|move|p1a: Tentacruel|Scald|p2a: Celebi
|-resisted|p2a: Celebi
|-damage|p2a: Celebi|2/100
|
|-weather|Sandstorm|[upkeep]
|-damage|p1a: Tentacruel|66/100|[from] Sandstorm
|-damage|p2a: Celebi|0 fnt|[from] Sandstorm
|faint|p2a: Celebi
|-heal|p1a: Tentacruel|72/100|[from] item: Black Sludge
|upkeep
|
|t:|1740761112
|switch|p2a: Landorus|Landorus-Therian, M|64/100
|-damage|p2a: Landorus|52/100|[from] Stealth Rock
|-ability|p2a: Landorus|Intimidate|boost
|-unboost|p1a: Tentacruel|atk|1
|turn|25
|
|t:|1740761124
|move|p2a: Landorus|Earthquake|p1a: Tentacruel
|-supereffective|p1a: Tentacruel
|-damage|p1a: Tentacruel|0 fnt
|faint|p1a: Tentacruel
|
|-weather|Sandstorm|[upkeep]
|-heal|p2a: Landorus|58/100|[from] item: Leftovers
|upkeep
|
|t:|1740761135
|switch|p1a: Thundurus|Thundurus-Therian, M|46/100
|turn|26
|
|t:|1740761148
|switch|p2a: Tyranitar|Tyranitar, F|46/100
|-damage|p2a: Tyranitar|34/100|[from] Stealth Rock
|move|p1a: Thundurus|Hidden Power|p2a: Tyranitar
|-damage|p2a: Tyranitar|22/100
|
|-weather|Sandstorm|[upkeep]
|-damage|p1a: Thundurus|40/100|[from] Sandstorm
|-heal|p1a: Thundurus|46/100|[from] item: Leftovers
|upkeep
|turn|27
|
|t:|1740761156
|move|p1a: Thundurus|U-turn|p2a: Tyranitar
|-supereffective|p2a: Tyranitar
|-damage|p2a: Tyranitar|0 fnt
|faint|p2a: Tyranitar
|
|t:|1740761158
|switch|p1a: Politoed|Politoed, M, shiny|53/100 brn|[from] U-turn
|-weather|RainDance|[from] ability: Drizzle|[of] p1a: Politoed
|
|-weather|RainDance|[upkeep]
|-heal|p1a: Politoed|59/100 brn|[from] item: Leftovers
|-damage|p1a: Politoed|47/100 brn|[from] brn
|upkeep
|
|t:|1740761188
|switch|p2a: Garchomp|Garchomp, M|88/100
|-damage|p2a: Garchomp|82/100|[from] Stealth Rock
|turn|28
|
|t:|1740761201
|move|p2a: Garchomp|Outrage|p1a: Politoed
|-damage|p1a: Politoed|0 fnt
|faint|p1a: Politoed
|
|-weather|RainDance|[upkeep]
|upkeep
|
|t:|1740761204
|switch|p1a: Mamoswine|Mamoswine, F|100/100
|turn|29
|
|t:|1740761206
|move|p1a: Mamoswine|Ice Shard|p2a: Garchomp
|-supereffective|p2a: Garchomp
|-damage|p2a: Garchomp|0 fnt
|faint|p2a: Garchomp
|
|-weather|RainDance|[upkeep]
|upkeep
|
|t:|1740761208
|switch|p2a: Landorus|Landorus-Therian, M|58/100
|-damage|p2a: Landorus|46/100|[from] Stealth Rock
|-ability|p2a: Landorus|Intimidate|boost
|-unboost|p1a: Mamoswine|atk|1
|turn|30
|
|t:|1740761212
|move|p1a: Mamoswine|Ice Shard|p2a: Landorus
|-supereffective|p2a: Landorus
|-damage|p2a: Landorus|0 fnt
|faint|p2a: Landorus
|
|win|FSoup
|raw|FSoup's rating: 1275 &rarr; <strong>1304</strong><br />(+29 for winning)
|raw|harshandback's rating: 1332 &rarr; <strong>1309</strong><br />(-23 for losing)
|l|☆harshandback
|player|p2|
