|j|☆camil_li
|j|☆dvdalt
|t:|1710789833
|gametype|singles
|player|p1|camil_li|blue|1323
|player|p2|dvdalt|101|1375
|teamsize|p1|6
|teamsize|p2|6
|gen|5
|tier|[Gen 5] OU
|rated|
|rule|Species Clause: Limit one of each Pokémon
|rule|OHKO Clause: OHKO moves are banned
|rule|Moody Clause: Moody is banned
|rule|Evasion Items Clause: Evasion items are banned
|rule|Evasion Moves Clause: Evasion moves are banned
|rule|Endless Battle Clause: Forcing endless battles is banned
|rule|HP Percentage Mod: HP is shown in percentages
|rule|Evasion Abilities Clause: Evasion abilities are banned
|rule|Sleep Moves Clause: Sleep-inducing moves are banned
|rule|Swagger Clause: Swagger is banned
|rule|Baton Pass Stat Clause: No Baton Passer may have a way to boost its stats
|clearpoke
|poke|p1|Celebi|item
|poke|p1|Latias, F|item
|poke|p1|Jirachi|item
|poke|p1|Dragonite, M|item
|poke|p1|Latios, M|item
|poke|p1|Keldeo-Resolute|item
|poke|p2|Politoed, F|item
|poke|p2|Ferrothorn, F|item
|poke|p2|Tentacruel, F|item
|poke|p2|Thundurus-Therian, M|item
|poke|p2|Scizor, M|item
|poke|p2|Volcarona, F|item
|teampreview
|inactive|Battle timer is ON: inactive players will automatically lose when time's up. (requested by camil_li)
|c|☆dvdalt|glhf!
|
|t:|1710789843
|start
|switch|p1a: Celebi|Celebi|100/100
|switch|p2a: Scizor|Scizor, M|100/100
|turn|1
|
|t:|1710789855
|move|p1a: Celebi|U-turn|p2a: Scizor
|-resisted|p2a: Scizor
|-crit|p2a: Scizor
|-damage|p2a: Scizor|87/100
|
|t:|1710789864
|switch|p1a: Keldeo|Keldeo-Resolute|100/100|[from] U-turn
|move|p2a: Scizor|U-turn|p1a: Keldeo
|-resisted|p1a: Keldeo
|-damage|p1a: Keldeo|64/100
|
|t:|1710789872
|switch|p2a: Politoed|Politoed, F|100/100|[from] U-turn
|-weather|RainDance|[from] ability: Drizzle|[of] p2a: Politoed
|
|-weather|RainDance|[upkeep]
|-heal|p1a: Keldeo|70/100|[from] item: Leftovers
|upkeep
|turn|2
|
|t:|1710789878
|switch|p1a: Celebi|Celebi|100/100
|move|p2a: Politoed|Toxic|p1a: Celebi
|-status|p1a: Celebi|tox
|
|-weather|RainDance|[upkeep]
|-damage|p1a: Celebi|94/100 tox|[from] psn
|upkeep
|turn|3
|
|t:|1710789890
|switch|p2a: Scizor|Scizor, M|87/100
|move|p1a: Celebi|Stealth Rock|p2a: Scizor
|-sidestart|p2: dvdalt|move: Stealth Rock
|
|-weather|RainDance|[upkeep]
|-heal|p1a: Celebi|100/100 tox|[from] item: Leftovers
|-damage|p1a: Celebi|88/100 tox|[from] psn
|upkeep
|turn|4
|
|t:|1710789893
|move|p1a: Celebi|U-turn|p2a: Scizor
|-resisted|p2a: Scizor
|-damage|p2a: Scizor|81/100
|-activate|p1a: Celebi|move: Pursuit
|move|p2a: Scizor|Pursuit|p1a: Celebi|[from]Pursuit
|-supereffective|p1a: Celebi
|-damage|p1a: Celebi|10/100 tox
|
|t:|1710789898
|-curestatus|p1a: Celebi|tox|[from] ability: Natural Cure
|switch|p1a: Dragonite|Dragonite, M|100/100|[from] U-turn
|
|-weather|RainDance|[upkeep]
|upkeep
|turn|5
|
|t:|1710789911
|switch|p2a: Ferrothorn|Ferrothorn, F|100/100
|-damage|p2a: Ferrothorn|94/100|[from] Stealth Rock
|move|p1a: Dragonite|Dragon Dance|p1a: Dragonite
|-boost|p1a: Dragonite|atk|1
|-boost|p1a: Dragonite|spe|1
|
|-weather|RainDance|[upkeep]
|-heal|p2a: Ferrothorn|100/100|[from] item: Leftovers
|upkeep
|turn|6
|
|t:|1710789924
|move|p1a: Dragonite|Earthquake|p2a: Ferrothorn
|-damage|p2a: Ferrothorn|66/100
|move|p2a: Ferrothorn|Leech Seed|p1a: Dragonite
|-start|p1a: Dragonite|move: Leech Seed
|
|-weather|RainDance|[upkeep]
|-heal|p2a: Ferrothorn|72/100|[from] item: Leftovers
|-damage|p1a: Dragonite|88/100|[from] Leech Seed|[of] p2a: Ferrothorn
|-heal|p2a: Ferrothorn|84/100|[silent]
|upkeep
|turn|7
|
|t:|1710789932
|switch|p1a: Jirachi|Jirachi|100/100
|move|p2a: Ferrothorn|Stealth Rock|p1a: Jirachi
|-sidestart|p1: camil_li|move: Stealth Rock
|
|-weather|RainDance|[upkeep]
|-heal|p2a: Ferrothorn|90/100|[from] item: Leftovers
|upkeep
|turn|8
|
|t:|1710789935
|move|p1a: Jirachi|Substitute|p1a: Jirachi
|-start|p1a: Jirachi|Substitute
|-damage|p1a: Jirachi|76/100
|move|p2a: Ferrothorn|Leech Seed||[still]
|-fail|p2a: Ferrothorn
|
|-weather|RainDance|[upkeep]
|-heal|p1a: Jirachi|82/100|[from] item: Leftovers
|-heal|p2a: Ferrothorn|96/100|[from] item: Leftovers
|upkeep
|turn|9
|
|t:|1710789940
|switch|p2a: Scizor|Scizor, M|81/100
|-damage|p2a: Scizor|68/100|[from] Stealth Rock
|move|p1a: Jirachi|Calm Mind|p1a: Jirachi
|-boost|p1a: Jirachi|spa|1
|-boost|p1a: Jirachi|spd|1
|
|-weather|RainDance|[upkeep]
|-heal|p1a: Jirachi|88/100|[from] item: Leftovers
|upkeep
|turn|10
|
|t:|1710789945
|move|p1a: Jirachi|Thunder|p2a: Scizor
|-damage|p2a: Scizor|19/100
|move|p2a: Scizor|U-turn|p1a: Jirachi
|-end|p1a: Jirachi|Substitute
|
|t:|1710789956
|switch|p2a: Thundurus|Thundurus-Therian, M|100/100|[from] U-turn
|-damage|p2a: Thundurus|76/100|[from] Stealth Rock
|
|-weather|RainDance|[upkeep]
|-heal|p2a: Thundurus|82/100|[from] item: Leftovers
|-heal|p1a: Jirachi|94/100|[from] item: Leftovers
|upkeep
|turn|11
|
|t:|1710789959
|move|p2a: Thundurus|Substitute|p2a: Thundurus
|-start|p2a: Thundurus|Substitute
|-damage|p2a: Thundurus|57/100
|move|p1a: Jirachi|Hidden Power|p2a: Thundurus
|-supereffective|p2a: Thundurus
|-end|p2a: Thundurus|Substitute
|
|-weather|RainDance|[upkeep]
|-heal|p2a: Thundurus|63/100|[from] item: Leftovers
|-heal|p1a: Jirachi|100/100|[from] item: Leftovers
|upkeep
|turn|12
|
|t:|1710789964
|move|p2a: Thundurus|Thunder|p1a: Jirachi
|-damage|p1a: Jirachi|68/100
|-status|p1a: Jirachi|par
|move|p1a: Jirachi|Hidden Power|p2a: Thundurus
|-supereffective|p2a: Thundurus
|-damage|p2a: Thundurus|13/100
|
|-weather|RainDance|[upkeep]
|-heal|p2a: Thundurus|19/100|[from] item: Leftovers
|-heal|p1a: Jirachi|74/100 par|[from] item: Leftovers
|upkeep
|turn|13
|
|t:|1710789974
|move|p2a: Thundurus|Thunder|p1a: Jirachi
|-damage|p1a: Jirachi|44/100 par
|cant|p1a: Jirachi|par
|
|-weather|RainDance|[upkeep]
|-heal|p2a: Thundurus|25/100|[from] item: Leftovers
|-heal|p1a: Jirachi|50/100 par|[from] item: Leftovers
|upkeep
|turn|14
|
|t:|1710789985
|switch|p2a: Ferrothorn|Ferrothorn, F|96/100
|-damage|p2a: Ferrothorn|90/100|[from] Stealth Rock
|switch|p1a: Latias|Latias, F|100/100
|-damage|p1a: Latias|88/100|[from] Stealth Rock
|
|-weather|RainDance|[upkeep]
|-heal|p2a: Ferrothorn|96/100|[from] item: Leftovers
|upkeep
|turn|15
|
|t:|1710789992
|move|p1a: Latias|Reflect|p1a: Latias
|-sidestart|p1: camil_li|Reflect
|move|p2a: Ferrothorn|Knock Off|p1a: Latias
|-supereffective|p1a: Latias
|-damage|p1a: Latias|83/100
|-enditem|p1a: Latias|Light Clay|[from] move: Knock Off|[of] p2a: Ferrothorn
|
|-weather|RainDance|[upkeep]
|-heal|p2a: Ferrothorn|100/100|[from] item: Leftovers
|upkeep
|turn|16
|
|t:|1710789995
|move|p1a: Latias|Light Screen|p1a: Latias
|-sidestart|p1: camil_li|move: Light Screen
|move|p2a: Ferrothorn|Leech Seed|p1a: Latias
|-start|p1a: Latias|move: Leech Seed
|
|-weather|RainDance|[upkeep]
|-damage|p1a: Latias|71/100|[from] Leech Seed|[of] p2a: Ferrothorn
|upkeep
|turn|17
|
|t:|1710790009
|move|p1a: Latias|Healing Wish|p1a: Latias
|faint|p1a: Latias
|move|p2a: Ferrothorn|Leech Seed|p1: Latias|[notarget]
|-fail|p2a: Ferrothorn
|
|-weather|RainDance|[upkeep]
|upkeep
|
|t:|1710790012
|switch|p1a: Jirachi|Jirachi|50/100 par
|-heal|p1a: Jirachi|100/100|[from] move: Healing Wish
|-damage|p1a: Jirachi|94/100|[from] Stealth Rock
|turn|18
|
|t:|1710790023
|switch|p2a: Tentacruel|Tentacruel, F|100/100
|-damage|p2a: Tentacruel|88/100|[from] Stealth Rock
|move|p1a: Jirachi|Substitute|p1a: Jirachi
|-start|p1a: Jirachi|Substitute
|-damage|p1a: Jirachi|69/100
|
|-weather|RainDance|[upkeep]
|-heal|p2a: Tentacruel|94/100|[from] ability: Rain Dish
|-heal|p1a: Jirachi|76/100|[from] item: Leftovers
|-heal|p2a: Tentacruel|99/100|[from] item: Black Sludge
|upkeep
|turn|19
|
|t:|1710790028
|move|p1a: Jirachi|Calm Mind|p1a: Jirachi
|-boost|p1a: Jirachi|spa|1
|-boost|p1a: Jirachi|spd|1
|move|p2a: Tentacruel|Rapid Spin|p1a: Jirachi
|-resisted|p1a: Jirachi
|-activate|p1a: Jirachi|Substitute|[damage]
|-sideend|p2: dvdalt|Stealth Rock|[from] move: Rapid Spin|[of] p2a: Tentacruel
|
|-weather|RainDance|[upkeep]
|-heal|p2a: Tentacruel|100/100|[from] ability: Rain Dish
|-heal|p1a: Jirachi|82/100|[from] item: Leftovers
|upkeep
|turn|20
|
|t:|1710790033
|move|p1a: Jirachi|Calm Mind|p1a: Jirachi
|-boost|p1a: Jirachi|spa|1
|-boost|p1a: Jirachi|spd|1
|move|p2a: Tentacruel|Scald|p1a: Jirachi
|-activate|p1a: Jirachi|Substitute|[damage]
|
|-weather|RainDance|[upkeep]
|-heal|p1a: Jirachi|88/100|[from] item: Leftovers
|-sideend|p1: camil_li|move: Light Screen
|upkeep
|turn|21
|
|t:|1710790037
|move|p1a: Jirachi|Thunder|p2a: Tentacruel
|-supereffective|p2a: Tentacruel
|-damage|p2a: Tentacruel|11/100
|-status|p2a: Tentacruel|par
|move|p2a: Tentacruel|Scald|p1a: Jirachi
|-activate|p1a: Jirachi|Substitute|[damage]
|
|-weather|RainDance|[upkeep]
|-heal|p2a: Tentacruel|17/100 par|[from] ability: Rain Dish
|-heal|p1a: Jirachi|94/100|[from] item: Leftovers
|-heal|p2a: Tentacruel|23/100 par|[from] item: Black Sludge
|upkeep
|turn|22
|
|t:|1710790043
|move|p1a: Jirachi|Thunder|p2a: Tentacruel
|-supereffective|p2a: Tentacruel
|-damage|p2a: Tentacruel|0 fnt
|faint|p2a: Tentacruel
|
|-weather|RainDance|[upkeep]
|-heal|p1a: Jirachi|100/100|[from] item: Leftovers
|-sideend|p1: camil_li|Reflect
|upkeep
|
|t:|1710790045
|switch|p2a: Volcarona|Volcarona, F|100/100
|turn|23
|
|t:|1710790048
|move|p2a: Volcarona|Quiver Dance|p2a: Volcarona
|-boost|p2a: Volcarona|spa|1
|-boost|p2a: Volcarona|spd|1
|-boost|p2a: Volcarona|spe|1
|move|p1a: Jirachi|Thunder|p2a: Volcarona
|-damage|p2a: Volcarona|64/100
|-status|p2a: Volcarona|par
|-enditem|p2a: Volcarona|Lum Berry|[eat]
|-curestatus|p2a: Volcarona|par|[msg]
|
|-weather|RainDance|[upkeep]
|upkeep
|turn|24
|
|t:|1710790054
|move|p2a: Volcarona|Quiver Dance|p2a: Volcarona
|-boost|p2a: Volcarona|spa|1
|-boost|p2a: Volcarona|spd|1
|-boost|p2a: Volcarona|spe|1
|move|p1a: Jirachi|Thunder|p2a: Volcarona
|-damage|p2a: Volcarona|35/100
|-status|p2a: Volcarona|par
|
|-weather|RainDance|[upkeep]
|upkeep
|turn|25
|
|t:|1710790056
|move|p1a: Jirachi|Thunder|p2a: Volcarona
|-damage|p2a: Volcarona|7/100 par
|move|p2a: Volcarona|Bug Buzz|p1a: Jirachi
|-end|p1a: Jirachi|Substitute
|
|-weather|RainDance|[upkeep]
|upkeep
|turn|26
|
|t:|1710790061
|move|p1a: Jirachi|Thunder|p2a: Volcarona
|-damage|p2a: Volcarona|0 fnt
|faint|p2a: Volcarona
|
|-weather|RainDance|[upkeep]
|upkeep
|
|t:|1710790066
|switch|p2a: Scizor|Scizor, M|19/100
|turn|27
|
|t:|1710790074
|move|p1a: Jirachi|Substitute|p1a: Jirachi
|-start|p1a: Jirachi|Substitute
|-damage|p1a: Jirachi|76/100
|move|p2a: Scizor|U-turn|p1a: Jirachi
|-end|p1a: Jirachi|Substitute
|
|t:|1710790080
|switch|p2a: Thundurus|Thundurus-Therian, M|25/100|[from] U-turn
|
|-weather|RainDance|[upkeep]
|-heal|p2a: Thundurus|31/100|[from] item: Leftovers
|-heal|p1a: Jirachi|82/100|[from] item: Leftovers
|upkeep
|turn|28
|
|t:|1710790086
|move|p2a: Thundurus|Thunder|p1a: Jirachi
|-damage|p1a: Jirachi|59/100
|-status|p1a: Jirachi|par
|move|p1a: Jirachi|Hidden Power|p2a: Thundurus
|-supereffective|p2a: Thundurus
|-damage|p2a: Thundurus|0 fnt
|faint|p2a: Thundurus
|
|-weather|RainDance|[upkeep]
|-heal|p1a: Jirachi|65/100 par|[from] item: Leftovers
|upkeep
|
|t:|1710790091
|switch|p2a: Scizor|Scizor, M|19/100
|turn|29
|
|t:|1710790101
|move|p2a: Scizor|U-turn|p1a: Jirachi
|-crit|p1a: Jirachi
|-damage|p1a: Jirachi|0 fnt
|faint|p1a: Jirachi
|
|t:|1710790109
|switch|p2a: Politoed|Politoed, F|100/100|[from] U-turn
|
|-weather|RainDance|[upkeep]
|upkeep
|
|t:|1710790114
|switch|p1a: Latios|Latios, M|100/100
|-damage|p1a: Latios|88/100|[from] Stealth Rock
|turn|30
|
|t:|1710790118
|move|p1a: Latios|Light Screen|p1a: Latios
|-sidestart|p1: camil_li|move: Light Screen
|move|p2a: Politoed|Encore|p1a: Latios
|-start|p1a: Latios|Encore
|
|-weather|RainDance|[upkeep]
|upkeep
|turn|31
|
|t:|1710790128
|switch|p1a: Keldeo|Keldeo-Resolute|70/100
|-damage|p1a: Keldeo|64/100|[from] Stealth Rock
|move|p2a: Politoed|Toxic|p1a: Keldeo
|-status|p1a: Keldeo|tox
|
|-weather|RainDance|[upkeep]
|-heal|p1a: Keldeo|70/100 tox|[from] item: Leftovers
|-damage|p1a: Keldeo|64/100 tox|[from] psn
|upkeep
|turn|32
|
|t:|1710790135
|move|p1a: Keldeo|Secret Sword|p2a: Politoed
|-damage|p2a: Politoed|67/100
|move|p2a: Politoed|Scald|p1a: Keldeo
|-resisted|p1a: Keldeo
|-damage|p1a: Keldeo|54/100 tox
|
|-weather|RainDance|[upkeep]
|-heal|p1a: Keldeo|60/100 tox|[from] item: Leftovers
|-heal|p2a: Politoed|73/100|[from] item: Leftovers
|-damage|p1a: Keldeo|48/100 tox|[from] psn
|upkeep
|turn|33
|
|t:|1710790151
|switch|p1a: Latios|Latios, M|88/100
|-damage|p1a: Latios|76/100|[from] Stealth Rock
|move|p2a: Politoed|Protect||[still]
|-fail|p2a: Politoed
|
|-weather|RainDance|[upkeep]
|-heal|p2a: Politoed|79/100|[from] item: Leftovers
|upkeep
|turn|34
|
|t:|1710790164
|switch|p1a: Celebi|Celebi|10/100
|-damage|p1a: Celebi|0 fnt|[from] Stealth Rock
|faint|p1a: Celebi
|move|p2a: Politoed|Toxic|p1: Celebi|[notarget]
|-fail|p2a: Politoed
|
|-weather|RainDance|[upkeep]
|-heal|p2a: Politoed|86/100|[from] item: Leftovers
|upkeep
|
|t:|1710790173
|switch|p1a: Dragonite|Dragonite, M|88/100
|-damage|p1a: Dragonite|63/100|[from] Stealth Rock
|turn|35
|
|t:|1710790177
|move|p1a: Dragonite|Dragon Dance|p1a: Dragonite
|-boost|p1a: Dragonite|atk|1
|-boost|p1a: Dragonite|spe|1
|move|p2a: Politoed|Encore|p1a: Dragonite
|-start|p1a: Dragonite|Encore
|
|-weather|RainDance|[upkeep]
|-heal|p2a: Politoed|92/100|[from] item: Leftovers
|upkeep
|turn|36
|
|t:|1710790182
|move|p1a: Dragonite|Dragon Dance|p1a: Dragonite
|-boost|p1a: Dragonite|atk|1
|-boost|p1a: Dragonite|spe|1
|move|p2a: Politoed|Scald|p1a: Dragonite
|-resisted|p1a: Dragonite
|-damage|p1a: Dragonite|53/100
|
|-weather|RainDance|[upkeep]
|-heal|p2a: Politoed|98/100|[from] item: Leftovers
|upkeep
|turn|37
|
|t:|1710790188
|move|p1a: Dragonite|Dragon Dance|p1a: Dragonite
|-boost|p1a: Dragonite|atk|1
|-boost|p1a: Dragonite|spe|1
|move|p2a: Politoed|Toxic|p1a: Dragonite
|-status|p1a: Dragonite|tox
|-enditem|p1a: Dragonite|Lum Berry|[eat]
|-curestatus|p1a: Dragonite|tox|[msg]
|
|-weather|RainDance|[upkeep]
|-heal|p2a: Politoed|100/100|[from] item: Leftovers
|-sideend|p1: camil_li|move: Light Screen
|upkeep
|turn|38
|
|t:|1710790194
|move|p1a: Dragonite|Dragon Dance|p1a: Dragonite
|-boost|p1a: Dragonite|atk|1
|-boost|p1a: Dragonite|spe|1
|move|p2a: Politoed|Toxic|p1a: Dragonite
|-status|p1a: Dragonite|tox
|
|-weather|RainDance|[upkeep]
|-damage|p1a: Dragonite|47/100 tox|[from] psn
|-end|p1a: Dragonite|Encore
|upkeep
|turn|39
|
|t:|1710790203
|move|p2a: Politoed|Protect|p2a: Politoed
|-singleturn|p2a: Politoed|Protect
|move|p1a: Dragonite|Earthquake|p2a: Politoed
|-activate|p2a: Politoed|move: Protect
|
|-weather|RainDance|[upkeep]
|-damage|p1a: Dragonite|35/100 tox|[from] psn
|upkeep
|turn|40
|
|t:|1710790210
|move|p2a: Politoed|Protect|p2a: Politoed
|-singleturn|p2a: Politoed|Protect
|move|p1a: Dragonite|Earthquake|p2a: Politoed
|-activate|p2a: Politoed|move: Protect
|
|-weather|RainDance|[upkeep]
|-damage|p1a: Dragonite|16/100 tox|[from] psn
|upkeep
|turn|41
|
|t:|1710790213
|move|p2a: Politoed|Protect||[still]
|-fail|p2a: Politoed
|move|p1a: Dragonite|Outrage|p2a: Politoed
|-damage|p2a: Politoed|0 fnt
|faint|p2a: Politoed
|
|-weather|RainDance|[upkeep]
|-damage|p1a: Dragonite|0 fnt|[from] psn
|faint|p1a: Dragonite
|upkeep
|
|t:|1710790227
|switch|p1a: Keldeo|Keldeo-Resolute|48/100 tox
|switch|p2a: Scizor|Scizor, M|19/100
|-damage|p1a: Keldeo|41/100 tox|[from] Stealth Rock
|turn|42
|
|t:|1710790234
|move|p2a: Scizor|Bullet Punch|p1a: Keldeo
|-resisted|p1a: Keldeo
|-damage|p1a: Keldeo|11/100 tox
|move|p1a: Keldeo|Secret Sword|p2a: Scizor
|-damage|p2a: Scizor|0 fnt
|faint|p2a: Scizor
|
|-weather|RainDance|[upkeep]
|-heal|p1a: Keldeo|17/100 tox|[from] item: Leftovers
|-damage|p1a: Keldeo|11/100 tox|[from] psn
|upkeep
|
|t:|1710790242
|switch|p2a: Ferrothorn|Ferrothorn, F|100/100
|turn|43
|
|t:|1710790247
|move|p1a: Keldeo|Secret Sword|p2a: Ferrothorn
|-supereffective|p2a: Ferrothorn
|-damage|p2a: Ferrothorn|46/100
|move|p2a: Ferrothorn|Leech Seed|p1a: Keldeo
|-start|p1a: Keldeo|move: Leech Seed
|
|-weather|RainDance|[upkeep]
|-heal|p1a: Keldeo|17/100 tox|[from] item: Leftovers
|-heal|p2a: Ferrothorn|52/100|[from] item: Leftovers
|-damage|p1a: Keldeo|5/100 tox|[from] Leech Seed|[of] p2a: Ferrothorn
|-heal|p2a: Ferrothorn|64/100|[silent]
|-damage|p1a: Keldeo|0 fnt|[from] psn
|faint|p1a: Keldeo
|upkeep
|
|t:|1710790250
|switch|p1a: Latios|Latios, M|76/100
|-damage|p1a: Latios|63/100|[from] Stealth Rock
|turn|44
|
|t:|1710790257
|move|p1a: Latios|Draco Meteor|p2a: Ferrothorn
|-resisted|p2a: Ferrothorn
|-crit|p2a: Ferrothorn
|-damage|p2a: Ferrothorn|12/100
|-unboost|p1a: Latios|spa|2
|move|p2a: Ferrothorn|Leech Seed|p1a: Latios|[miss]
|-miss|p2a: Ferrothorn|p1a: Latios
|
|-weather|RainDance|[upkeep]
|-heal|p2a: Ferrothorn|18/100|[from] item: Leftovers
|upkeep
|turn|45
|
|t:|1710790265
|move|p1a: Latios|Draco Meteor|p2a: Ferrothorn
|-resisted|p2a: Ferrothorn
|-damage|p2a: Ferrothorn|5/100
|-unboost|p1a: Latios|spa|2
|move|p2a: Ferrothorn|Leech Seed|p1a: Latios
|-start|p1a: Latios|move: Leech Seed
|
|-weather|RainDance|[upkeep]
|-heal|p2a: Ferrothorn|12/100|[from] item: Leftovers
|-damage|p1a: Latios|51/100|[from] Leech Seed|[of] p2a: Ferrothorn
|-heal|p2a: Ferrothorn|24/100|[silent]
|upkeep
|turn|46
|j| night suwu
|c|☆dvdalt|gg wp
|
|t:|1710790277
|move|p1a: Latios|Memento|p2a: Ferrothorn
|-unboost|p2a: Ferrothorn|atk|2
|-unboost|p2a: Ferrothorn|spa|2
|faint|p1a: Latios
|
|win|dvdalt
|raw|camil_li's rating: 1323 &rarr; <strong>1306</strong><br />(-17 for losing)
|raw|dvdalt's rating: 1375 &rarr; <strong>1392</strong><br />(+17 for winning)
|l|☆camil_li
|player|p1|
|l| night suwu
