|j|☆JesusKun69
|j|☆Claude's Journey
|t:|1747947091
|gametype|singles
|player|p1|JesusKun69|evelyn|1351
|player|p2|Claude's Journey|lass-gen1rb|1429
|teamsize|p1|6
|teamsize|p2|6
|gen|5
|tier|[Gen 5] OU
|rated|
|rule|Species Clause: Limit one of each Pokémon
|rule|OHKO Clause: OHKO moves are banned
|rule|Moody Clause: Moody is banned
|rule|Evasion Items Clause: Evasion items are banned
|rule|Evasion Moves Clause: Evasion moves are banned
|rule|Endless Battle Clause: Forcing endless battles is banned
|rule|HP Percentage Mod: HP is shown in percentages
|rule|Evasion Abilities Clause: Evasion abilities are banned
|rule|Sleep Moves Clause: Sleep-inducing moves are banned
|rule|Swagger Clause: Swagger is banned
|rule|Baton Pass Stat Clause: No Baton Passer may have a way to boost its stats
|clearpoke
|poke|p1|Tyranitar, F|item
|poke|p1|Starmie|item
|poke|p1|Jirachi|item
|poke|p1|Terrakion|item
|poke|p1|Celebi|item
|poke|p1|Gliscor, F|item
|poke|p2|Tyranitar, F|item
|poke|p2|Gliscor, F|item
|poke|p2|Forretress, M|item
|poke|p2|Celebi|item
|poke|p2|Magnezone|item
|poke|p2|Milotic, F|item
|teampreview
|
|t:|1747947120
|start
|switch|p1a: :(|Terrakion|100/100
|switch|p2a: Celebi|Celebi|100/100
|turn|1
|
|t:|1747947125
|move|p1a: :(|Stone Edge|p2a: Celebi|[miss]
|-miss|p1a: :(|p2a: Celebi
|move|p2a: Celebi|Psychic|p1a: :(
|-supereffective|p1a: :(
|-damage|p1a: :(|32/100
|
|upkeep
|turn|2
|
|t:|1747947129
|move|p1a: :(|Stone Edge|p2a: Celebi
|-damage|p2a: Celebi|36/100
|move|p2a: Celebi|Stealth Rock|p1a: :(
|-sidestart|p1: JesusKun69|move: Stealth Rock
|
|-heal|p2a: Celebi|42/100|[from] item: Leftovers
|upkeep
|turn|3
|inactive|Battle timer is ON: inactive players will automatically lose when time's up. (requested by JesusKun69)
|
|t:|1747947190
|switch|p2a: Magnezone|Magnezone|100/100
|-item|p2a: Magnezone|Air Balloon
|move|p1a: :(|Stone Edge|p2a: Magnezone
|-resisted|p2a: Magnezone
|-crit|p2a: Magnezone
|-damage|p2a: Magnezone|13/100
|-enditem|p2a: Magnezone|Air Balloon
|
|upkeep
|turn|4
|
|t:|1747947199
|move|p1a: :(|Stone Edge|p2a: Magnezone|[miss]
|-miss|p1a: :(|p2a: Magnezone
|move|p2a: Magnezone|Thunderbolt|p1a: :(
|-damage|p1a: :(|0 fnt
|faint|p1a: :(
|
|upkeep
|
|t:|1747947209
|switch|p1a: >:)|Gliscor, F|100/100
|-damage|p1a: >:)|88/100|[from] Stealth Rock
|turn|5
|
|t:|1747947221
|switch|p2a: Milotic|Milotic, F|100/100
|move|p1a: >:)|Swords Dance|p1a: >:)
|-boost|p1a: >:)|atk|2
|
|-status|p1a: >:)|tox|[from] item: Toxic Orb
|upkeep
|turn|6
|
|t:|1747947225
|move|p1a: >:)|Earthquake|p2a: Milotic
|-damage|p2a: Milotic|56/100
|move|p2a: Milotic|Ice Beam|p1a: >:)
|-supereffective|p1a: >:)
|-damage|p1a: >:)|12/100 tox
|
|-heal|p2a: Milotic|62/100|[from] item: Leftovers
|-heal|p1a: >:)|24/100 tox|[from] ability: Poison Heal
|upkeep
|turn|7
|
|t:|1747947232
|move|p1a: >:)|Protect|p1a: >:)
|-singleturn|p1a: >:)|Protect
|move|p2a: Milotic|Recover|p2a: Milotic
|-heal|p2a: Milotic|100/100
|
|-heal|p1a: >:)|37/100 tox|[from] ability: Poison Heal
|upkeep
|turn|8
|
|t:|1747947235
|switch|p1a: o7|Celebi|100/100
|-damage|p1a: o7|88/100|[from] Stealth Rock
|move|p2a: Milotic|Ice Beam|p1a: o7
|-supereffective|p1a: o7
|-damage|p1a: o7|61/100
|
|-heal|p1a: o7|67/100|[from] item: Leftovers
|upkeep
|turn|9
|
|t:|1747947241
|switch|p2a: Celebi|Celebi|42/100
|move|p1a: o7|Substitute|p1a: o7
|-start|p1a: o7|Substitute
|-damage|p1a: o7|42/100
|
|-heal|p1a: o7|48/100|[from] item: Leftovers
|-heal|p2a: Celebi|48/100|[from] item: Leftovers
|upkeep
|turn|10
|
|t:|1747947244
|move|p1a: o7|Recover|p1a: o7
|-heal|p1a: o7|98/100
|move|p2a: Celebi|Recover|p2a: Celebi
|-heal|p2a: Celebi|98/100
|
|-heal|p1a: o7|100/100|[from] item: Leftovers
|-heal|p2a: Celebi|100/100|[from] item: Leftovers
|upkeep
|turn|11
|
|t:|1747947248
|move|p1a: o7|Baton Pass|p1a: o7
|
|t:|1747947251
|switch|p1a: :3|Jirachi|100/100|[from] Baton Pass
|-damage|p1a: :3|94/100|[from] Stealth Rock
|move|p2a: Celebi|Baton Pass|p2a: Celebi
|
|t:|1747947255
|switch|p2a: Gliscor|Gliscor, F|100/100|[from] Baton Pass
|
|-status|p2a: Gliscor|tox|[from] item: Toxic Orb
|upkeep
|turn|12
|
|t:|1747947259
|move|p1a: :3|Iron Head|p2a: Gliscor
|-damage|p2a: Gliscor|76/100 tox
|cant|p2a: Gliscor|flinch
|
|-heal|p2a: Gliscor|89/100 tox|[from] ability: Poison Heal
|upkeep
|turn|13
|
|t:|1747947265
|move|p1a: :3|Trick|p2a: Gliscor
|-activate|p1a: :3|move: Trick|[of] p2a: Gliscor
|-item|p2a: Gliscor|Pecha Berry|[from] move: Trick
|-item|p1a: :3|Toxic Orb|[from] move: Trick
|-enditem|p2a: Gliscor|Pecha Berry|[eat]
|-curestatus|p2a: Gliscor|tox|[msg]
|move|p2a: Gliscor|Earthquake|p1a: :3
|-supereffective|p1a: :3
|-end|p1a: :3|Substitute
|
|upkeep
|turn|14
|c|☆JesusKun69|YES
|
|t:|1747947285
|move|p1a: :3|U-turn|p2a: Gliscor
|-resisted|p2a: Gliscor
|-damage|p2a: Gliscor|83/100
|
|t:|1747947291
|switch|p1a: >:)|Gliscor, F|37/100 tox|[from] U-turn
|-damage|p1a: >:)|24/100 tox|[from] Stealth Rock
|move|p2a: Gliscor|Earthquake|p1a: >:)
|-immune|p1a: >:)
|
|-heal|p1a: >:)|37/100 tox|[from] ability: Poison Heal
|upkeep
|turn|15
|
|t:|1747947309
|switch|p2a: Milotic|Milotic, F|100/100
|move|p1a: >:)|Earthquake|p2a: Milotic
|-damage|p2a: Milotic|75/100
|
|-heal|p2a: Milotic|81/100|[from] item: Leftovers
|-heal|p1a: >:)|49/100 tox|[from] ability: Poison Heal
|upkeep
|turn|16
|
|t:|1747947315
|move|p1a: >:)|Protect|p1a: >:)
|-singleturn|p1a: >:)|Protect
|move|p2a: Milotic|Ice Beam|p1a: >:)
|-activate|p1a: >:)|move: Protect
|
|-heal|p2a: Milotic|88/100|[from] item: Leftovers
|-heal|p1a: >:)|62/100 tox|[from] ability: Poison Heal
|upkeep
|turn|17
|
|t:|1747947323
|switch|p1a: :)|Tyranitar, F|100/100
|-damage|p1a: :)|88/100|[from] Stealth Rock
|-weather|Sandstorm|[from] ability: Sand Stream|[of] p1a: :)
|move|p2a: Milotic|Dragon Tail|p1a: :)
|-damage|p1a: :)|80/100
|drag|p1a: :3|Jirachi|94/100
|-damage|p1a: :3|88/100|[from] Stealth Rock
|
|-weather|Sandstorm|[upkeep]
|-damage|p2a: Milotic|81/100|[from] Sandstorm
|-heal|p2a: Milotic|88/100|[from] item: Leftovers
|upkeep
|turn|18
|
|t:|1747947338
|switch|p2a: Gliscor|Gliscor, F|83/100
|move|p1a: :3|Stealth Rock|p2a: Gliscor
|-sidestart|p2: Claude's Journey|move: Stealth Rock
|
|-weather|Sandstorm|[upkeep]
|upkeep
|turn|19
|
|t:|1747947345
|move|p1a: :3|U-turn|p2a: Gliscor
|-resisted|p2a: Gliscor
|-damage|p2a: Gliscor|77/100
|
|t:|1747947348
|switch|p1a: :/|Starmie|100/100|[from] U-turn
|-damage|p1a: :/|88/100|[from] Stealth Rock
|-item|p1a: :/|Air Balloon
|move|p2a: Gliscor|Swords Dance|p2a: Gliscor
|-boost|p2a: Gliscor|atk|2
|
|-weather|Sandstorm|[upkeep]
|-damage|p1a: :/|82/100|[from] Sandstorm
|upkeep
|turn|20
|
|t:|1747947355
|switch|p2a: Celebi|Celebi|100/100
|-damage|p2a: Celebi|88/100|[from] Stealth Rock
|move|p1a: :/|Hydro Pump|p2a: Celebi
|-resisted|p2a: Celebi
|-damage|p2a: Celebi|67/100
|
|-weather|Sandstorm|[upkeep]
|-damage|p1a: :/|76/100|[from] Sandstorm
|-damage|p2a: Celebi|61/100|[from] Sandstorm
|-heal|p2a: Celebi|67/100|[from] item: Leftovers
|upkeep
|turn|21
|
|t:|1747947363
|move|p1a: :/|Rapid Spin|p2a: Celebi
|-damage|p2a: Celebi|65/100
|-sideend|p1: JesusKun69|Stealth Rock|[from] move: Rapid Spin|[of] p1a: :/
|move|p2a: Celebi|Baton Pass|p2a: Celebi
|
|t:|1747947367
|switch|p2a: Tyranitar|Tyranitar, F|100/100|[from] Baton Pass
|-damage|p2a: Tyranitar|88/100|[from] Stealth Rock
|
|-weather|Sandstorm|[upkeep]
|-damage|p1a: :/|70/100|[from] Sandstorm
|upkeep
|turn|22
|
|t:|1747947383
|move|p2a: Tyranitar|Crunch|p1a: :/
|-supereffective|p1a: :/
|-damage|p1a: :/|0 fnt
|-enditem|p1a: :/|Air Balloon
|faint|p1a: :/
|
|-weather|Sandstorm|[upkeep]
|upkeep
|
|t:|1747947402
|switch|p1a: >:)|Gliscor, F|62/100 tox
|turn|23
|
|t:|1747947406
|switch|p2a: Milotic|Milotic, F|88/100
|-damage|p2a: Milotic|75/100|[from] Stealth Rock
|move|p1a: >:)|Swords Dance|p1a: >:)
|-boost|p1a: >:)|atk|2
|
|-weather|Sandstorm|[upkeep]
|-damage|p2a: Milotic|69/100|[from] Sandstorm
|-heal|p2a: Milotic|75/100|[from] item: Leftovers
|-heal|p1a: >:)|74/100 tox|[from] ability: Poison Heal
|upkeep
|turn|24
|
|t:|1747947416
|move|p1a: >:)|Earthquake|p2a: Milotic
|-damage|p2a: Milotic|25/100
|move|p2a: Milotic|Recover|p2a: Milotic
|-heal|p2a: Milotic|75/100
|
|-weather|Sandstorm|[upkeep]
|-damage|p2a: Milotic|69/100|[from] Sandstorm
|-heal|p2a: Milotic|75/100|[from] item: Leftovers
|-heal|p1a: >:)|87/100 tox|[from] ability: Poison Heal
|upkeep
|turn|25
|
|t:|1747947422
|move|p1a: >:)|Earthquake|p2a: Milotic
|-damage|p2a: Milotic|30/100
|move|p2a: Milotic|Dragon Tail|p1a: >:)
|-damage|p1a: >:)|80/100 tox
|drag|p1a: :3|Jirachi|88/100
|
|-weather|Sandstorm|[upkeep]
|-damage|p2a: Milotic|24/100|[from] Sandstorm
|-heal|p2a: Milotic|30/100|[from] item: Leftovers
|upkeep
|turn|26
|
|t:|1747947433
|switch|p2a: Forretress|Forretress, M|100/100
|-damage|p2a: Forretress|88/100|[from] Stealth Rock
|move|p1a: :3|Iron Head|p2a: Forretress
|-resisted|p2a: Forretress
|-damage|p2a: Forretress|78/100
|
|-weather|Sandstorm|[upkeep]
|-heal|p2a: Forretress|84/100|[from] item: Leftovers
|upkeep
|turn|27
|
|t:|1747947437
|move|p1a: :3|Trick|p2a: Forretress
|-activate|p1a: :3|move: Trick|[of] p2a: Forretress
|-item|p2a: Forretress|Toxic Orb|[from] move: Trick
|-item|p1a: :3|Leftovers|[from] move: Trick
|move|p2a: Forretress|Rapid Spin|p1a: :3
|-resisted|p1a: :3
|-damage|p1a: :3|86/100
|-sideend|p2: Claude's Journey|Stealth Rock|[from] move: Rapid Spin|[of] p2a: Forretress
|
|-weather|Sandstorm|[upkeep]
|-heal|p1a: :3|93/100|[from] item: Leftovers
|upkeep
|turn|28
|
|t:|1747947445
|move|p1a: :3|Stealth Rock|p2a: Forretress
|-sidestart|p2: Claude's Journey|move: Stealth Rock
|move|p2a: Forretress|Spikes|p1a: :3
|-sidestart|p1: JesusKun69|Spikes
|
|-weather|Sandstorm|[upkeep]
|-heal|p1a: :3|99/100|[from] item: Leftovers
|upkeep
|turn|29
|
|t:|1747947448
|move|p1a: :3|U-turn|p2a: Forretress
|-resisted|p2a: Forretress
|-damage|p2a: Forretress|78/100
|
|t:|1747947451
|switch|p1a: >:)|Gliscor, F|80/100 tox|[from] U-turn
|move|p2a: Forretress|Rapid Spin|p1a: >:)
|-damage|p1a: >:)|77/100 tox
|-sideend|p2: Claude's Journey|Stealth Rock|[from] move: Rapid Spin|[of] p2a: Forretress
|
|-weather|Sandstorm|[upkeep]
|-heal|p1a: >:)|89/100 tox|[from] ability: Poison Heal
|upkeep
|turn|30
|
|t:|1747947455
|switch|p2a: Celebi|Celebi|65/100
|move|p1a: >:)|Swords Dance|p1a: >:)
|-boost|p1a: >:)|atk|2
|
|-weather|Sandstorm|[upkeep]
|-damage|p2a: Celebi|59/100|[from] Sandstorm
|-heal|p2a: Celebi|65/100|[from] item: Leftovers
|-heal|p1a: >:)|100/100 tox|[from] ability: Poison Heal
|upkeep
|turn|31
|
|t:|1747947461
|move|p2a: Celebi|Psychic|p1a: >:)
|-damage|p1a: >:)|71/100 tox
|-unboost|p1a: >:)|spd|1
|move|p1a: >:)|Ice Fang|p2a: Celebi
|-supereffective|p2a: Celebi
|-damage|p2a: Celebi|14/100
|
|-weather|Sandstorm|[upkeep]
|-damage|p2a: Celebi|7/100|[from] Sandstorm
|-heal|p2a: Celebi|14/100|[from] item: Leftovers
|-heal|p1a: >:)|83/100 tox|[from] ability: Poison Heal
|upkeep
|turn|32
|inactive|Claude's Journey has 120 seconds left.
|
|t:|1747947502
|move|p2a: Celebi|Stealth Rock|p1a: >:)
|-sidestart|p1: JesusKun69|move: Stealth Rock
|move|p1a: >:)|Ice Fang|p2a: Celebi
|-supereffective|p2a: Celebi
|-damage|p2a: Celebi|0 fnt
|faint|p2a: Celebi
|
|-weather|Sandstorm|[upkeep]
|-heal|p1a: >:)|96/100 tox|[from] ability: Poison Heal
|upkeep
|
|t:|1747947505
|switch|p2a: Tyranitar|Tyranitar, F|88/100
|turn|33
|
|t:|1747947508
|move|p1a: >:)|Protect|p1a: >:)
|-singleturn|p1a: >:)|Protect
|move|p2a: Tyranitar|Ice Beam|p1a: >:)
|-activate|p1a: >:)|move: Protect
|
|-weather|Sandstorm|[upkeep]
|-heal|p1a: >:)|100/100 tox|[from] ability: Poison Heal
|upkeep
|turn|34
|
|t:|1747947518
|move|p2a: Tyranitar|Ice Beam|p1a: >:)
|-supereffective|p1a: >:)
|-damage|p1a: >:)|0 fnt
|faint|p1a: >:)
|
|-weather|Sandstorm|[upkeep]
|upkeep
|
|t:|1747947523
|switch|p1a: :3|Jirachi|99/100
|-damage|p1a: :3|86/100|[from] Spikes
|-damage|p1a: :3|80/100|[from] Stealth Rock
|turn|35
|
|t:|1747947529
|switch|p2a: Forretress|Forretress, M|78/100
|move|p1a: :3|Iron Head|p2a: Forretress
|-resisted|p2a: Forretress
|-damage|p2a: Forretress|69/100
|
|-weather|Sandstorm|[upkeep]
|-heal|p1a: :3|86/100|[from] item: Leftovers
|upkeep
|turn|36
|
|t:|1747947532
|move|p1a: :3|Iron Head|p2a: Forretress
|-resisted|p2a: Forretress
|-damage|p2a: Forretress|58/100
|move|p2a: Forretress|Earthquake|p1a: :3
|-supereffective|p1a: :3
|-damage|p1a: :3|48/100
|
|-weather|Sandstorm|[upkeep]
|-heal|p1a: :3|54/100|[from] item: Leftovers
|upkeep
|turn|37
|
|t:|1747947537
|move|p1a: :3|Iron Head|p2a: Forretress
|-resisted|p2a: Forretress
|-damage|p2a: Forretress|49/100
|cant|p2a: Forretress|flinch
|
|-weather|Sandstorm|[upkeep]
|-heal|p1a: :3|60/100|[from] item: Leftovers
|upkeep
|turn|38
|
|t:|1747947540
|move|p1a: :3|Iron Head|p2a: Forretress
|-resisted|p2a: Forretress
|-crit|p2a: Forretress
|-damage|p2a: Forretress|27/100
|move|p2a: Forretress|Earthquake|p1a: :3
|-supereffective|p1a: :3
|-damage|p1a: :3|26/100
|
|-weather|Sandstorm|[upkeep]
|-heal|p1a: :3|33/100|[from] item: Leftovers
|upkeep
|turn|39
|
|t:|1747947542
|move|p1a: :3|Iron Head|p2a: Forretress
|-resisted|p2a: Forretress
|-damage|p2a: Forretress|17/100
|move|p2a: Forretress|Earthquake|p1a: :3
|-supereffective|p1a: :3
|-damage|p1a: :3|0 fnt
|faint|p1a: :3
|
|-weather|Sandstorm|[upkeep]
|upkeep
|
|t:|1747947550
|switch|p1a: o7|Celebi|100/100
|-damage|p1a: o7|88/100|[from] Spikes
|-damage|p1a: o7|76/100|[from] Stealth Rock
|turn|40
|
|t:|1747947557
|move|p1a: o7|Substitute|p1a: o7
|-start|p1a: o7|Substitute
|-damage|p1a: o7|51/100
|move|p2a: Forretress|Gyro Ball|p1a: o7
|-activate|p1a: o7|Substitute|[damage]
|
|-weather|Sandstorm|[upkeep]
|-damage|p1a: o7|45/100|[from] Sandstorm
|-heal|p1a: o7|51/100|[from] item: Leftovers
|upkeep
|turn|41
|
|t:|1747947561
|move|p1a: o7|Recover|p1a: o7
|-heal|p1a: o7|100/100
|move|p2a: Forretress|Gyro Ball|p1a: o7
|-crit|p1a: o7
|-end|p1a: o7|Substitute
|
|-weather|Sandstorm|[upkeep]
|-damage|p1a: o7|94/100|[from] Sandstorm
|-heal|p1a: o7|100/100|[from] item: Leftovers
|upkeep
|turn|42
|
|t:|1747947580
|move|p1a: o7|Substitute|p1a: o7
|-start|p1a: o7|Substitute
|-damage|p1a: o7|75/100
|move|p2a: Forretress|Gyro Ball|p1a: o7
|-activate|p1a: o7|Substitute|[damage]
|
|-weather|Sandstorm|[upkeep]
|-damage|p1a: o7|69/100|[from] Sandstorm
|-heal|p1a: o7|75/100|[from] item: Leftovers
|upkeep
|turn|43
|
|t:|1747947585
|move|p1a: o7|Psychic|p2a: Forretress
|-resisted|p2a: Forretress
|-crit|p2a: Forretress
|-damage|p2a: Forretress|0 fnt
|faint|p2a: Forretress
|
|-weather|Sandstorm|[upkeep]
|-damage|p1a: o7|69/100|[from] Sandstorm
|-heal|p1a: o7|75/100|[from] item: Leftovers
|upkeep
|
|t:|1747947594
|switch|p2a: Milotic|Milotic, F|30/100
|turn|44
|
|t:|1747947599
|move|p1a: o7|Psychic|p2a: Milotic
|-damage|p2a: Milotic|6/100
|move|p2a: Milotic|Recover|p2a: Milotic
|-heal|p2a: Milotic|56/100
|
|-weather|Sandstorm|[upkeep]
|-damage|p1a: o7|69/100|[from] Sandstorm
|-damage|p2a: Milotic|50/100|[from] Sandstorm
|-heal|p1a: o7|75/100|[from] item: Leftovers
|-heal|p2a: Milotic|56/100|[from] item: Leftovers
|upkeep
|turn|45
|
|t:|1747947605
|move|p1a: o7|Psychic|p2a: Milotic
|-damage|p2a: Milotic|33/100
|move|p2a: Milotic|Recover|p2a: Milotic
|-heal|p2a: Milotic|83/100
|
|-weather|Sandstorm|[upkeep]
|-damage|p1a: o7|69/100|[from] Sandstorm
|-damage|p2a: Milotic|77/100|[from] Sandstorm
|-heal|p1a: o7|75/100|[from] item: Leftovers
|-heal|p2a: Milotic|83/100|[from] item: Leftovers
|upkeep
|turn|46
|
|t:|1747947609
|move|p1a: o7|Psychic|p2a: Milotic
|-damage|p2a: Milotic|62/100
|move|p2a: Milotic|Ice Beam|p1a: o7
|-supereffective|p1a: o7
|-end|p1a: o7|Substitute
|
|-weather|Sandstorm|[upkeep]
|-damage|p1a: o7|69/100|[from] Sandstorm
|-damage|p2a: Milotic|56/100|[from] Sandstorm
|-heal|p1a: o7|75/100|[from] item: Leftovers
|-heal|p2a: Milotic|62/100|[from] item: Leftovers
|upkeep
|turn|47
|
|t:|1747947614
|move|p1a: o7|Psychic|p2a: Milotic
|-damage|p2a: Milotic|40/100
|move|p2a: Milotic|Recover|p2a: Milotic
|-heal|p2a: Milotic|90/100
|
|-weather|Sandstorm|[upkeep]
|-damage|p1a: o7|69/100|[from] Sandstorm
|-damage|p2a: Milotic|84/100|[from] Sandstorm
|-heal|p1a: o7|75/100|[from] item: Leftovers
|-heal|p2a: Milotic|90/100|[from] item: Leftovers
|upkeep
|turn|48
|
|t:|1747947619
|move|p1a: o7|Substitute|p1a: o7
|-start|p1a: o7|Substitute
|-damage|p1a: o7|50/100
|move|p2a: Milotic|Dragon Tail|p1a: o7
|-crit|p1a: o7
|-activate|p1a: o7|Substitute|[damage]
|
|-weather|Sandstorm|[upkeep]
|-damage|p1a: o7|44/100|[from] Sandstorm
|-damage|p2a: Milotic|84/100|[from] Sandstorm
|-heal|p1a: o7|50/100|[from] item: Leftovers
|-heal|p2a: Milotic|90/100|[from] item: Leftovers
|upkeep
|turn|49
|
|t:|1747947621
|move|p1a: o7|Recover|p1a: o7
|-heal|p1a: o7|100/100
|move|p2a: Milotic|Ice Beam|p1a: o7
|-supereffective|p1a: o7
|-end|p1a: o7|Substitute
|
|-weather|Sandstorm|[upkeep]
|-damage|p1a: o7|94/100|[from] Sandstorm
|-damage|p2a: Milotic|84/100|[from] Sandstorm
|-heal|p1a: o7|100/100|[from] item: Leftovers
|-heal|p2a: Milotic|90/100|[from] item: Leftovers
|upkeep
|turn|50
|
|t:|1747947628
|move|p1a: o7|Substitute|p1a: o7
|-start|p1a: o7|Substitute
|-damage|p1a: o7|75/100
|move|p2a: Milotic|Ice Beam|p1a: o7
|-supereffective|p1a: o7
|-crit|p1a: o7
|-end|p1a: o7|Substitute
|
|-weather|Sandstorm|[upkeep]
|-damage|p1a: o7|69/100|[from] Sandstorm
|-damage|p2a: Milotic|84/100|[from] Sandstorm
|-heal|p1a: o7|75/100|[from] item: Leftovers
|-heal|p2a: Milotic|90/100|[from] item: Leftovers
|upkeep
|turn|51
|
|t:|1747947634
|move|p1a: o7|Substitute|p1a: o7
|-start|p1a: o7|Substitute
|-damage|p1a: o7|50/100
|move|p2a: Milotic|Ice Beam|p1a: o7
|-supereffective|p1a: o7
|-crit|p1a: o7
|-end|p1a: o7|Substitute
|
|-weather|Sandstorm|[upkeep]
|-damage|p1a: o7|44/100|[from] Sandstorm
|-damage|p2a: Milotic|84/100|[from] Sandstorm
|-heal|p1a: o7|50/100|[from] item: Leftovers
|-heal|p2a: Milotic|90/100|[from] item: Leftovers
|upkeep
|turn|52
|
|t:|1747947638
|move|p1a: o7|Recover|p1a: o7
|-heal|p1a: o7|100/100
|move|p2a: Milotic|Ice Beam|p1a: o7
|-supereffective|p1a: o7
|-damage|p1a: o7|73/100
|
|-weather|Sandstorm|[upkeep]
|-damage|p1a: o7|67/100|[from] Sandstorm
|-damage|p2a: Milotic|84/100|[from] Sandstorm
|-heal|p1a: o7|73/100|[from] item: Leftovers
|-heal|p2a: Milotic|90/100|[from] item: Leftovers
|upkeep
|turn|53
|
|t:|1747947642
|move|p1a: o7|Substitute|p1a: o7
|-start|p1a: o7|Substitute
|-damage|p1a: o7|48/100
|move|p2a: Milotic|Ice Beam|p1a: o7
|-supereffective|p1a: o7
|-end|p1a: o7|Substitute
|
|-weather|Sandstorm|[upkeep]
|-damage|p1a: o7|42/100|[from] Sandstorm
|-damage|p2a: Milotic|84/100|[from] Sandstorm
|-heal|p1a: o7|48/100|[from] item: Leftovers
|-heal|p2a: Milotic|90/100|[from] item: Leftovers
|upkeep
|turn|54
|
|t:|1747947647
|switch|p2a: Tyranitar|Tyranitar, F|88/100
|move|p1a: o7|Substitute|p1a: o7
|-start|p1a: o7|Substitute
|-damage|p1a: o7|23/100
|
|-weather|Sandstorm|[upkeep]
|-damage|p1a: o7|17/100|[from] Sandstorm
|-heal|p1a: o7|23/100|[from] item: Leftovers
|upkeep
|turn|55
|
|t:|1747947651
|move|p2a: Tyranitar|Crunch|p1a: o7
|-supereffective|p1a: o7
|-crit|p1a: o7
|-end|p1a: o7|Substitute
|move|p1a: o7|Baton Pass|p1a: o7
|
|t:|1747947654
|switch|p1a: :)|Tyranitar, F|80/100|[from] Baton Pass
|-damage|p1a: :)|68/100|[from] Spikes
|-damage|p1a: :)|55/100|[from] Stealth Rock
|
|-weather|Sandstorm|[upkeep]
|upkeep
|turn|56
|
|t:|1747947658
|switch|p2a: Gliscor|Gliscor, F|77/100
|move|p1a: :)|Ice Punch|p2a: Gliscor
|-supereffective|p2a: Gliscor
|-damage|p2a: Gliscor|0 fnt
|faint|p2a: Gliscor
|
|-weather|Sandstorm|[upkeep]
|upkeep
|
|t:|1747947661
|switch|p2a: Tyranitar|Tyranitar, F|88/100
|turn|57
|
|t:|1747947665
|move|p1a: :)|Ice Punch|p2a: Tyranitar
|-damage|p2a: Tyranitar|61/100
|move|p2a: Tyranitar|Superpower|p1a: :)
|-supereffective|p1a: :)
|-damage|p1a: :)|0 fnt
|-unboost|p2a: Tyranitar|atk|1
|-unboost|p2a: Tyranitar|def|1
|faint|p1a: :)
|
|-weather|Sandstorm|[upkeep]
|upkeep
|
|t:|1747947670
|switch|p1a: o7|Celebi|23/100
|-damage|p1a: o7|10/100|[from] Spikes
|-damage|p1a: o7|0 fnt|[from] Stealth Rock
|faint|p1a: o7
|
|win|Claude's Journey
|raw|JesusKun69's rating: 1351 &rarr; <strong>1335</strong><br />(-16 for losing)
|raw|Claude&apos;s Journey's rating: 1429 &rarr; <strong>1445</strong><br />(+16 for winning)
|l|☆JesusKun69
|player|p1|
