|j|Concept of Wind
|j|Wilston Lynx
|player|p1|Concept of Wind|78
|teamsize|p1|6
|player|p2|Wilston Lynx|#yellow
|teamsize|p2|6
|gametype|singles
|gen|5
|tier|[Gen 5] OU
|rated
|seed|9911,44328,64898,57194
|rule|Sleep Clause Mod: Limit one foe put to sleep
|rule|Species Clause: Limit one of each Pokémon
|rule|OHKO Clause: OHKO moves are banned
|rule|Moody Clause: Moody is banned
|rule|Evasion Moves Clause: Evasion moves are banned
|rule|Endless Battle Clause: Forcing endless battles is banned
|rule|HP Percentage Mod: HP is shown in percentages
|rule|Evasion Abilities Clause: Evasion abilities are banned
|rule|Baton Pass Clause: Limit one Baton Passer, can't pass Spe and other stats simultaneously
|rule|Swagger Clause: Swagger is banned
|clearpoke
|poke|p1|Tyranitar, F|item
|poke|p1|Skarmory, M|item
|poke|p1|Amoonguss, M, shiny|item
|poke|p1|Latios, M|item
|poke|p1|Garchomp, F|item
|poke|p1|Mienshao, M|item
|poke|p2|Skarmory, M, shiny|item
|poke|p2|Scizor, M, shiny|item
|poke|p2|Gengar, M|item
|poke|p2|Dragonite, M, shiny|item
|poke|p2|Keldeo|item
|poke|p2|Garchomp, M, shiny|item
|teampreview
|choice|team 5, team 2, team 3, team 4, team 1, team 6|team 1, team 2, team 3, team 4, team 5, team 6
|
|start
|switch|p1a: Garchomp|Garchomp, F|357/357
|switch|p2a: Dee Dee|Skarmory, M, shiny|271/271
|turn|1
|inactive|Battle timer is ON: inactive players will automatically lose when time's up. (requested by Wilston Lynx)
|choice|move firefang|move stealthrock
|
|move|p1a: Garchomp|Fire Fang|p2a: Dee Dee|[miss]
|-miss|p1a: Garchomp|p2a: Dee Dee
|move|p2a: Dee Dee|Stealth Rock|p1a: Garchomp
|-sidestart|p1: Concept of Wind|move: Stealth Rock
|
|upkeep
|turn|2
|choice|move firefang|move spikes
|
|move|p1a: Garchomp|Fire Fang|p2a: Dee Dee
|-supereffective|p2a: Dee Dee
|-damage|p2a: Dee Dee|155/271
|cant|p2a: Dee Dee|flinch
|
|upkeep
|turn|3
|choice|move swordsdance|move spikes
|
|move|p1a: Garchomp|Swords Dance|p1a: Garchomp
|-boost|p1a: Garchomp|atk|2
|move|p2a: Dee Dee|Spikes|p1a: Garchomp
|-sidestart|p1: Concept of Wind|Spikes
|
|upkeep
|turn|4
|choice|move firefang|switch 6
|
|switch|p2a: Bob|Garchomp, M, shiny|357/357
|move|p1a: Garchomp|Fire Fang|p2a: Bob
|-resisted|p2a: Bob
|-damage|p2a: Bob|275/357
|-damage|p1a: Garchomp|313/357|[from] ability: Rough Skin|[of] p2a: Bob
|
|upkeep
|turn|5
|choice|move outrage|move dualchop
|
|move|p2a: Bob|Dual Chop|p1a: Garchomp|[miss]
|-miss|p2a: Bob|p1a: Garchomp
|move|p1a: Garchomp|Outrage|p2a: Bob
|-enditem|p1a: Garchomp|Dragon Gem|[from] gem|[move] Outrage
|-supereffective|p2a: Bob
|-damage|p2a: Bob|0 fnt
|-damage|p1a: Garchomp|269/357|[from] ability: Rough Skin|[of] p2a: Bob
|faint|p2a: Bob
|
|upkeep
|choice||switch 3
|
|switch|p2a: Joey|Gengar, M|261/261
|turn|6
|choice|move outrage|move icywind
|
|move|p2a: Joey|Icy Wind|p1a: Garchomp
|-supereffective|p1a: Garchomp
|-damage|p1a: Garchomp|0 fnt
|faint|p1a: Garchomp
|
|upkeep
|choice|switch 5|
|
|switch|p1a: Tyranitar|Tyranitar, F|341/341
|-damage|p1a: Tyranitar|299/341|[from] Spikes
|-damage|p1a: Tyranitar|257/341|[from] Stealth Rock
|-weather|Sandstorm|[from] ability: Sand Stream|[of] p1a: Tyranitar
|turn|7
|choice|move crunch|move focusblast
|
|move|p2a: Joey|Focus Blast|p1a: Tyranitar|[miss]
|-miss|p2a: Joey|p1a: Tyranitar
|move|p1a: Tyranitar|Crunch|p2a: Joey
|-supereffective|p2a: Joey
|-damage|p2a: Joey|0 fnt
|faint|p2a: Joey
|
|-weather|Sandstorm|[upkeep]
|upkeep
|choice||switch 5
|
|switch|p2a: Oggy|Keldeo|323/323
|turn|8
|choice|move stealthrock|switch 6
|
|switch|p2a: Dee Dee|Skarmory, M, shiny|155/271
|move|p1a: Tyranitar|Stealth Rock|p2a: Dee Dee
|-sidestart|p2: Wilston Lynx|move: Stealth Rock
|
|-weather|Sandstorm|[upkeep]
|upkeep
|turn|9
|choice|move fireblast|move taunt
|
|move|p2a: Dee Dee|Taunt|p1a: Tyranitar
|-start|p1a: Tyranitar|move: Taunt
|move|p1a: Tyranitar|Fire Blast|p2a: Dee Dee
|-supereffective|p2a: Dee Dee
|-damage|p2a: Dee Dee|0 fnt
|faint|p2a: Dee Dee
|
|-weather|Sandstorm|[upkeep]
|upkeep
|j|markus3362
|choice||switch 6
|
|switch|p2a: Oggy|Keldeo|323/323
|-damage|p2a: Oggy|303/323|[from] Stealth Rock
|turn|10
|choice|switch 3|switch 2
|
|switch|p2a: Marky|Scizor, M, shiny|340/340
|-damage|p2a: Marky|298/340|[from] Stealth Rock
|switch|p1a: Amoonguss|Amoonguss, M, shiny|405/405
|-damage|p1a: Amoonguss|355/405|[from] Stealth Rock
|-damage|p1a: Amoonguss|305/405|[from] Spikes
|
|-weather|Sandstorm|[upkeep]
|-damage|p1a: Amoonguss|280/405|[from] sandstorm
|-heal|p1a: Amoonguss|305/405|[from] item: Black Sludge
|upkeep
|turn|11
|choice|move spore|move pursuit
|
|move|p2a: Marky|Pursuit|p1a: Amoonguss
|-damage|p1a: Amoonguss|182/405
|move|p1a: Amoonguss|Spore|p2a: Marky
|-status|p2a: Marky|slp
|
|-weather|Sandstorm|[upkeep]
|-damage|p1a: Amoonguss|157/405|[from] sandstorm
|-heal|p1a: Amoonguss|182/405|[from] item: Black Sludge
|upkeep
|turn|12
|choice|move stunspore|move pursuit
|
|cant|p2a: Marky|slp
|move|p1a: Amoonguss|Stun Spore|p2a: Marky
|-fail|p2a: Marky
|
|-weather|Sandstorm|[upkeep]
|-damage|p1a: Amoonguss|157/405|[from] sandstorm
|-heal|p1a: Amoonguss|182/405|[from] item: Black Sludge
|upkeep
|turn|13
|choice|move hiddenpower|move pursuit
|
|cant|p2a: Marky|slp
|move|p1a: Amoonguss|Hidden Power|p2a: Marky
|-supereffective|p2a: Marky
|-damage|p2a: Marky|46/340 slp
|
|-weather|Sandstorm|[upkeep]
|-damage|p1a: Amoonguss|157/405|[from] sandstorm
|-heal|p1a: Amoonguss|182/405|[from] item: Black Sludge
|upkeep
|turn|14
|choice|move hiddenpower|move pursuit
|
|cant|p2a: Marky|slp
|move|p1a: Amoonguss|Hidden Power|p2a: Marky
|-supereffective|p2a: Marky
|-crit|p2a: Marky
|-damage|p2a: Marky|0 fnt
|faint|p2a: Marky
|
|-weather|Sandstorm|[upkeep]
|-damage|p1a: Amoonguss|157/405|[from] sandstorm
|-heal|p1a: Amoonguss|182/405|[from] item: Black Sludge
|upkeep
|choice||switch 4
|
|switch|p2a: Jack|Dragonite, M, shiny|323/323
|-damage|p2a: Jack|243/323|[from] Stealth Rock
|turn|15
|choice|move spore|move firepunch
|
|move|p2a: Jack|Fire Punch|p1a: Amoonguss
|-supereffective|p1a: Amoonguss
|-damage|p1a: Amoonguss|0 fnt
|faint|p1a: Amoonguss
|
|-weather|Sandstorm|[upkeep]
|-damage|p2a: Jack|223/323|[from] sandstorm
|upkeep
|choice|switch 4|
|
|switch|p1a: Latios|Latios, M|301/301
|-damage|p1a: Latios|264/301|[from] Stealth Rock
|turn|16
|choice|move dracometeor|move firepunch
|
|move|p1a: Latios|Draco Meteor|p2a: Jack
|-supereffective|p2a: Jack
|-damage|p2a: Jack|0 fnt
|-unboost|p1a: Latios|spa|2
|faint|p2a: Jack
|
|-weather|Sandstorm|[upkeep]
|-damage|p1a: Latios|246/301|[from] sandstorm
|upkeep
|choice||switch 2
|
|switch|p2a: Oggy|Keldeo|303/323
|-damage|p2a: Oggy|283/323|[from] Stealth Rock
|turn|17
|choice|switch 3|move hydropump
|
|switch|p1a: Tyranitar|Tyranitar, F|257/341
|-damage|p1a: Tyranitar|215/341|[from] Stealth Rock
|-damage|p1a: Tyranitar|173/341|[from] Spikes
|move|p2a: Oggy|Hydro Pump|p1a: Tyranitar
|-supereffective|p1a: Tyranitar
|-damage|p1a: Tyranitar|0 fnt
|-damage|p2a: Oggy|251/323|[from] item: Life Orb
|faint|p1a: Tyranitar
|
|-weather|Sandstorm|[upkeep]
|-damage|p2a: Oggy|231/323|[from] sandstorm
|upkeep
|choice|switch 2|
|
|switch|p1a: Skarmory|Skarmory, M|334/334
|-damage|p1a: Skarmory|293/334|[from] Stealth Rock
|turn|18
|choice|move bravebird|move hydropump
|
|move|p2a: Oggy|Hydro Pump|p1a: Skarmory|[miss]
|-miss|p2a: Oggy|p1a: Skarmory
|move|p1a: Skarmory|Brave Bird|p2a: Oggy
|-supereffective|p2a: Oggy
|-damage|p2a: Oggy|1/323
|-damage|p1a: Skarmory|217/334|[from] Recoil|[of] p2a: Oggy
|
|-weather|Sandstorm|[upkeep]
|-damage|p2a: Oggy|0 fnt|[from] sandstorm
|-heal|p1a: Skarmory|237/334|[from] item: Leftovers
|upkeep
|faint|p2a: Oggy
|
|win|Concept of Wind
|raw|Concept of Wind's rating: 1349 &rarr; <strong>1375</strong><br />(+26 for winning)
|raw|Wilston Lynx's rating: 1469 &rarr; <strong>1443</strong><br />(-26 for losing)
|l|Wilston Lynx
|l|Concept of Wind