|j|☆silverfuck
|j|☆Peakls
|t:|1736999899
|gametype|singles
|player|p1|silverfuck|266|1277
|player|p2|Peakls|firebreather|1325
|teamsize|p1|6
|teamsize|p2|6
|gen|5
|tier|[Gen 5] OU
|rated|
|rule|Species Clause: Limit one of each Pokémon
|rule|OHKO Clause: OHKO moves are banned
|rule|Moody Clause: Moody is banned
|rule|Evasion Items Clause: Evasion items are banned
|rule|Evasion Moves Clause: Evasion moves are banned
|rule|Endless Battle Clause: Forcing endless battles is banned
|rule|HP Percentage Mod: HP is shown in percentages
|rule|Evasion Abilities Clause: Evasion abilities are banned
|rule|Sleep Moves Clause: Sleep-inducing moves are banned
|rule|Swagger Clause: Swagger is banned
|rule|Baton Pass Stat Clause: No Baton Passer may have a way to boost its stats
|clearpoke
|poke|p1|Rotom-Wash|item
|poke|p1|Landorus-Therian, M|item
|poke|p1|Jirachi|item
|poke|p1|Tyranitar, F|item
|poke|p1|Latios, M|item
|poke|p1|Garchomp, F|item
|poke|p2|Breloom, F|item
|poke|p2|Skarmory, F|item
|poke|p2|Mienshao, F|item
|poke|p2|Starmie|item
|poke|p2|Blissey, F|item
|poke|p2|Hydreigon, F|item
|teampreview
|
|t:|1736999915
|start
|switch|p1a: INBRED IGUANA|Landorus-Therian, M|100/100
|switch|p2a: Mienshao|Mienshao, F|100/100
|-ability|p1a: INBRED IGUANA|Intimidate|boost
|-unboost|p2a: Mienshao|atk|1
|turn|1
|
|t:|1736999923
|move|p2a: Mienshao|Fake Out|p1a: INBRED IGUANA
|-damage|p1a: INBRED IGUANA|88/100
|-damage|p2a: Mienshao|91/100|[from] item: Life Orb
|cant|p1a: INBRED IGUANA|flinch
|
|upkeep
|turn|2
|
|t:|1736999934
|move|p1a: INBRED IGUANA|U-turn|p2a: Mienshao
|-resisted|p2a: Mienshao
|-damage|p2a: Mienshao|66/100
|
|t:|1736999943
|switch|p1a: TURBO RUMP|Rotom-Wash|100/100|[from] U-turn
|move|p2a: Mienshao|U-turn|p1a: TURBO RUMP
|-damage|p1a: TURBO RUMP|78/100
|-damage|p2a: Mienshao|56/100|[from] item: Life Orb
|j| zaaya
|
|t:|1736999988
|switch|p2a: Blissey|Blissey, F|100/100|[from] U-turn
|
|-heal|p1a: TURBO RUMP|84/100|[from] item: Leftovers
|upkeep
|turn|3
|
|t:|1737000000
|move|p1a: TURBO RUMP|Pain Split|p2a: Blissey
|-sethp|p2a: Blissey|67/100|[from] move: Pain Split|[silent]
|-sethp|p1a: TURBO RUMP|100/100|[from] move: Pain Split
|move|p2a: Blissey|Toxic|p1a: TURBO RUMP
|-status|p1a: TURBO RUMP|tox
|
|-heal|p2a: Blissey|73/100|[from] item: Leftovers
|-damage|p1a: TURBO RUMP|95/100 tox|[from] psn
|upkeep
|turn|4
|c| zaaya|Good taste
|
|t:|1737000012
|move|p1a: TURBO RUMP|Volt Switch|p2a: Blissey
|-damage|p2a: Blissey|61/100
|
|t:|1737000015
|switch|p1a: MCDONALD'S SPRITE|Jirachi|100/100|[from] Volt Switch
|move|p2a: Blissey|Seismic Toss|p1a: MCDONALD'S SPRITE
|-damage|p1a: MCDONALD'S SPRITE|71/100
|
|-heal|p2a: Blissey|67/100|[from] item: Leftovers
|upkeep
|turn|5
|
|t:|1737000027
|move|p1a: MCDONALD'S SPRITE|Iron Head|p2a: Blissey
|-damage|p2a: Blissey|36/100
|move|p2a: Blissey|Flamethrower|p1a: MCDONALD'S SPRITE
|-supereffective|p1a: MCDONALD'S SPRITE
|-damage|p1a: MCDONALD'S SPRITE|38/100
|
|-heal|p2a: Blissey|42/100|[from] item: Leftovers
|upkeep
|turn|6
|
|t:|1737000037
|switch|p2a: Skarmory|Skarmory, F|100/100
|move|p1a: MCDONALD'S SPRITE|Iron Head|p2a: Skarmory
|-resisted|p2a: Skarmory
|-damage|p2a: Skarmory|90/100
|-damage|p1a: MCDONALD'S SPRITE|22/100|[from] item: Rocky Helmet|[of] p2a: Skarmory
|
|upkeep
|turn|7
|
|t:|1737000046
|move|p1a: MCDONALD'S SPRITE|Thunder|p2a: Skarmory
|-supereffective|p2a: Skarmory
|-damage|p2a: Skarmory|0 fnt
|faint|p2a: Skarmory
|
|upkeep
|
|t:|1737000053
|switch|p2a: Mienshao|Mienshao, F|89/100
|turn|8
|
|t:|1737000058
|switch|p1a: INBRED IGUANA|Landorus-Therian, M|88/100
|-ability|p1a: INBRED IGUANA|Intimidate|boost
|-unboost|p2a: Mienshao|atk|1
|move|p2a: Mienshao|U-turn|p1a: INBRED IGUANA
|-resisted|p1a: INBRED IGUANA
|-damage|p1a: INBRED IGUANA|76/100
|-damage|p2a: Mienshao|79/100|[from] item: Life Orb
|
|t:|1737000066
|switch|p2a: Hydreigon|Hydreigon, F|100/100|[from] U-turn
|
|upkeep
|turn|9
|
|t:|1737000072
|move|p2a: Hydreigon|Dragon Pulse|p1a: INBRED IGUANA
|-damage|p1a: INBRED IGUANA|14/100
|move|p1a: INBRED IGUANA|Superpower|p2a: Hydreigon
|-supereffective|p2a: Hydreigon
|-damage|p2a: Hydreigon|6/100
|-unboost|p1a: INBRED IGUANA|atk|1
|-unboost|p1a: INBRED IGUANA|def|1
|
|upkeep
|turn|10
|
|t:|1737000081
|switch|p1a: TTARIANA GRANDE|Tyranitar, F|100/100
|-weather|Sandstorm|[from] ability: Sand Stream|[of] p1a: TTARIANA GRANDE
|move|p2a: Hydreigon|Dragon Pulse|p1a: TTARIANA GRANDE
|-damage|p1a: TTARIANA GRANDE|79/100
|
|-weather|Sandstorm|[upkeep]
|-damage|p2a: Hydreigon|0 fnt|[from] Sandstorm
|faint|p2a: Hydreigon
|upkeep
|
|t:|1737000095
|switch|p2a: Mienshao|Mienshao, F|100/100
|turn|11
|
|t:|1737000100
|switch|p1a: EL CHOMPO|Garchomp, F|100/100
|move|p2a: Mienshao|High Jump Kick|p1a: EL CHOMPO
|-damage|p1a: EL CHOMPO|7/100
|-damage|p2a: Mienshao|88/100|[from] ability: Rough Skin|[of] p1a: EL CHOMPO
|-damage|p2a: Mienshao|78/100|[from] item: Life Orb
|
|-weather|Sandstorm|[upkeep]
|-damage|p2a: Mienshao|72/100|[from] Sandstorm
|upkeep
|turn|12
|
|t:|1737000112
|move|p2a: Mienshao|U-turn|p1a: EL CHOMPO
|-damage|p1a: EL CHOMPO|0 fnt
|-damage|p2a: Mienshao|60/100|[from] ability: Rough Skin|[of] p1a: EL CHOMPO
|faint|p1a: EL CHOMPO
|-damage|p2a: Mienshao|50/100|[from] item: Life Orb
|
|t:|1737000123
|switch|p2a: Starmie|Starmie|100/100|[from] U-turn
|
|-weather|Sandstorm|[upkeep]
|-damage|p2a: Starmie|94/100|[from] Sandstorm
|upkeep
|
|t:|1737000126
|switch|p1a: INBRED IGUANA|Landorus-Therian, M|14/100
|-ability|p1a: INBRED IGUANA|Intimidate|boost
|-unboost|p2a: Starmie|atk|1
|turn|13
|
|t:|1737000141
|switch|p2a: Breloom|Breloom, F|100/100
|move|p1a: INBRED IGUANA|U-turn|p2a: Breloom
|-damage|p2a: Breloom|59/100
|
|t:|1737000150
|switch|p1a: DOPPELSOLDNER|Latios, M|100/100|[from] U-turn
|
|-weather|Sandstorm|[upkeep]
|-damage|p1a: DOPPELSOLDNER|95/100|[from] Sandstorm
|-damage|p2a: Breloom|53/100|[from] Sandstorm
|upkeep
|turn|14
|
|t:|1737000158
|switch|p2a: Blissey|Blissey, F|42/100
|move|p1a: DOPPELSOLDNER|Draco Meteor|p2a: Blissey
|-damage|p2a: Blissey|0 fnt
|-unboost|p1a: DOPPELSOLDNER|spa|2
|faint|p2a: Blissey
|
|-weather|Sandstorm|[upkeep]
|-damage|p1a: DOPPELSOLDNER|89/100|[from] Sandstorm
|upkeep
|
|t:|1737000170
|switch|p2a: Mienshao|Mienshao, F|84/100
|turn|15
|
|t:|1737000176
|switch|p1a: MCDONALD'S SPRITE|Jirachi|22/100
|move|p2a: Mienshao|Fake Out|p1a: MCDONALD'S SPRITE
|-resisted|p1a: MCDONALD'S SPRITE
|-damage|p1a: MCDONALD'S SPRITE|12/100
|-damage|p2a: Mienshao|74/100|[from] item: Life Orb
|
|-weather|Sandstorm|[upkeep]
|-damage|p2a: Mienshao|68/100|[from] Sandstorm
|upkeep
|turn|16
|
|t:|1737000187
|move|p2a: Mienshao|U-turn|p1a: MCDONALD'S SPRITE
|-damage|p1a: MCDONALD'S SPRITE|0 fnt
|faint|p1a: MCDONALD'S SPRITE
|-damage|p2a: Mienshao|58/100|[from] item: Life Orb
|
|t:|1737000194
|switch|p2a: Starmie|Starmie|94/100|[from] U-turn
|
|-weather|Sandstorm|[upkeep]
|-damage|p2a: Starmie|88/100|[from] Sandstorm
|upkeep
|
|t:|1737000197
|switch|p1a: INBRED IGUANA|Landorus-Therian, M|14/100
|-ability|p1a: INBRED IGUANA|Intimidate|boost
|-unboost|p2a: Starmie|atk|1
|turn|17
|
|t:|1737000206
|move|p1a: INBRED IGUANA|U-turn|p2a: Starmie
|-supereffective|p2a: Starmie
|-damage|p2a: Starmie|15/100
|
|t:|1737000208
|switch|p1a: TTARIANA GRANDE|Tyranitar, F|79/100|[from] U-turn
|move|p2a: Starmie|Ice Beam|p1a: TTARIANA GRANDE
|-damage|p1a: TTARIANA GRANDE|65/100
|
|-weather|Sandstorm|[upkeep]
|-damage|p2a: Starmie|9/100|[from] Sandstorm
|upkeep
|turn|18
|
|t:|1737000219
|move|p2a: Starmie|Surf|p1a: TTARIANA GRANDE
|-supereffective|p1a: TTARIANA GRANDE
|-damage|p1a: TTARIANA GRANDE|18/100
|move|p1a: TTARIANA GRANDE|Crunch|p2a: Starmie
|-supereffective|p2a: Starmie
|-damage|p2a: Starmie|0 fnt
|faint|p2a: Starmie
|
|-weather|Sandstorm|[upkeep]
|upkeep
|
|t:|1737000230
|switch|p2a: Mienshao|Mienshao, F|91/100
|turn|19
|
|t:|1737000234
|move|p2a: Mienshao|Fake Out|p1a: TTARIANA GRANDE
|-resisted|p1a: TTARIANA GRANDE
|-damage|p1a: TTARIANA GRANDE|11/100
|-damage|p2a: Mienshao|81/100|[from] item: Life Orb
|cant|p1a: TTARIANA GRANDE|flinch
|
|-weather|Sandstorm|[upkeep]
|-damage|p2a: Mienshao|75/100|[from] Sandstorm
|upkeep
|turn|20
|
|t:|1737000243
|move|p2a: Mienshao|U-turn|p1a: TTARIANA GRANDE
|-supereffective|p1a: TTARIANA GRANDE
|-damage|p1a: TTARIANA GRANDE|0 fnt
|faint|p1a: TTARIANA GRANDE
|-damage|p2a: Mienshao|65/100|[from] item: Life Orb
|
|t:|1737000249
|switch|p2a: Breloom|Breloom, F|53/100|[from] U-turn
|
|-weather|Sandstorm|[upkeep]
|-damage|p2a: Breloom|47/100|[from] Sandstorm
|upkeep
|
|t:|1737000251
|switch|p1a: INBRED IGUANA|Landorus-Therian, M|14/100
|-ability|p1a: INBRED IGUANA|Intimidate|boost
|-unboost|p2a: Breloom|atk|1
|turn|21
|
|t:|1737000259
|move|p2a: Breloom|Mach Punch|p1a: INBRED IGUANA
|-resisted|p1a: INBRED IGUANA
|-crit|p1a: INBRED IGUANA
|-damage|p1a: INBRED IGUANA|0 fnt
|faint|p1a: INBRED IGUANA
|
|-weather|Sandstorm|[upkeep]
|-damage|p2a: Breloom|41/100|[from] Sandstorm
|upkeep
|
|t:|1737000269
|switch|p1a: DOPPELSOLDNER|Latios, M|89/100
|turn|22
|
|t:|1737000286
|move|p2a: Breloom|Mach Punch|p1a: DOPPELSOLDNER
|-resisted|p1a: DOPPELSOLDNER
|-crit|p1a: DOPPELSOLDNER
|-damage|p1a: DOPPELSOLDNER|44/100
|move|p1a: DOPPELSOLDNER|Draco Meteor|p2a: Breloom
|-damage|p2a: Breloom|0 fnt
|-unboost|p1a: DOPPELSOLDNER|spa|2
|faint|p2a: Breloom
|
|-weather|Sandstorm|[upkeep]
|-damage|p1a: DOPPELSOLDNER|38/100|[from] Sandstorm
|upkeep
|
|t:|1737000298
|switch|p2a: Mienshao|Mienshao, F|98/100
|turn|23
|
|t:|1737000302
|switch|p1a: TURBO RUMP|Rotom-Wash|95/100 tox
|move|p2a: Mienshao|Fake Out|p1a: TURBO RUMP
|-damage|p1a: TURBO RUMP|73/100 tox
|-damage|p2a: Mienshao|88/100|[from] item: Life Orb
|
|-weather|Sandstorm|[upkeep]
|-damage|p2a: Mienshao|82/100|[from] Sandstorm
|-damage|p1a: TURBO RUMP|68/100 tox|[from] Sandstorm
|-heal|p1a: TURBO RUMP|73/100 tox|[from] item: Leftovers
|-damage|p1a: TURBO RUMP|68/100 tox|[from] psn
|upkeep
|turn|24
|
|t:|1737000314
|move|p2a: Mienshao|High Jump Kick|p1a: TURBO RUMP
|-damage|p1a: TURBO RUMP|0 fnt
|faint|p1a: TURBO RUMP
|-damage|p2a: Mienshao|72/100|[from] item: Life Orb
|
|-weather|Sandstorm|[upkeep]
|-damage|p2a: Mienshao|67/100|[from] Sandstorm
|upkeep
|
|t:|1737000317
|switch|p1a: DOPPELSOLDNER|Latios, M|38/100
|turn|25
|
|t:|1737000326
|move|p1a: DOPPELSOLDNER|Draco Meteor|p2a: Mienshao|[miss]
|-miss|p1a: DOPPELSOLDNER|p2a: Mienshao
|move|p2a: Mienshao|High Jump Kick|p1a: DOPPELSOLDNER|[miss]
|-miss|p2a: Mienshao|p1a: DOPPELSOLDNER
|-damage|p2a: Mienshao|17/100|[from] highjumpkick
|
|-weather|Sandstorm|[upkeep]
|-damage|p1a: DOPPELSOLDNER|32/100|[from] Sandstorm
|-damage|p2a: Mienshao|11/100|[from] Sandstorm
|upkeep
|turn|26
|
|t:|1737000336
|move|p1a: DOPPELSOLDNER|Draco Meteor|p2a: Mienshao|[miss]
|-miss|p1a: DOPPELSOLDNER|p2a: Mienshao
|move|p2a: Mienshao|High Jump Kick|p1a: DOPPELSOLDNER|[miss]
|-miss|p2a: Mienshao|p1a: DOPPELSOLDNER
|-damage|p2a: Mienshao|0 fnt|[from] highjumpkick
|faint|p2a: Mienshao
|
|win|silverfuck
|raw|silverfuck's rating: 1277 &rarr; <strong>1305</strong><br />(+28 for winning)
|raw|Peakls's rating: 1325 &rarr; <strong>1302</strong><br />(-23 for losing)
|c|☆silverfuck|wow
|c|☆Peakls|fuck
|l|☆Peakls
|player|p2|
|c|☆silverfuck|incredible
|l|☆silverfuck
|player|p1|
|l| zaaya
|j| zaaya
