|j|☆gimmicktesterslmi
|j|☆magialice
|t:|1731089081
|gametype|singles
|player|p1|gimmicktesterslmi|rancher|1315
|player|p2|magialice|miku-flying|1459
|teamsize|p1|6
|teamsize|p2|6
|gen|5
|tier|[Gen 5] OU
|rated|
|rule|Species Clause: Limit one of each Pokémon
|rule|OHKO Clause: OHKO moves are banned
|rule|Moody Clause: Moody is banned
|rule|Evasion Items Clause: Evasion items are banned
|rule|Evasion Moves Clause: Evasion moves are banned
|rule|Endless Battle Clause: Forcing endless battles is banned
|rule|HP Percentage Mod: HP is shown in percentages
|rule|Evasion Abilities Clause: Evasion abilities are banned
|rule|Sleep Moves Clause: Sleep-inducing moves are banned
|rule|Swagger Clause: Swagger is banned
|rule|Baton Pass Stat Clause: No Baton Passer may have a way to boost its stats
|clearpoke
|poke|p1|Tyranitar, M|item
|poke|p1|Landorus-Therian, M|item
|poke|p1|Reuniclus, F|item
|poke|p1|Alakazam, F|item
|poke|p1|Latios, M|item
|poke|p1|Ferrothorn, F|item
|poke|p2|Alakazam, F|item
|poke|p2|Latios, M|item
|poke|p2|Tyranitar, F|item
|poke|p2|Landorus-Therian, M|item
|poke|p2|Ferrothorn, M|item
|poke|p2|Rotom-Wash|item
|teampreview
|inactive|Battle timer is ON: inactive players will automatically lose when time's up. (requested by magialice)
|inactive|gimmicktesterslmi also wants the timer to be on.
|
|t:|1731089106
|start
|switch|p1a: Ferrothorn|Ferrothorn, F|100/100
|switch|p2a: Landorus|Landorus-Therian, M|100/100
|-ability|p2a: Landorus|Intimidate|boost
|-unboost|p1a: Ferrothorn|atk|1
|turn|1
|
|t:|1731089110
|move|p2a: Landorus|Stealth Rock|p1a: Ferrothorn
|-sidestart|p1: gimmicktesterslmi|move: Stealth Rock
|move|p1a: Ferrothorn|Knock Off|p2a: Landorus
|-damage|p2a: Landorus|97/100
|-enditem|p2a: Landorus|Leftovers|[from] move: Knock Off|[of] p1a: Ferrothorn
|
|upkeep
|turn|2
|
|t:|1731089115
|move|p2a: Landorus|Earthquake|p1a: Ferrothorn
|-damage|p1a: Ferrothorn|65/100
|move|p1a: Ferrothorn|Spikes|p2a: Landorus
|-sidestart|p2: magialice|Spikes
|
|-heal|p1a: Ferrothorn|72/100|[from] item: Leftovers
|upkeep
|turn|3
|
|t:|1731089123
|move|p2a: Landorus|Earthquake|p1a: Ferrothorn
|-damage|p1a: Ferrothorn|37/100
|move|p1a: Ferrothorn|Spikes|p2a: Landorus
|-sidestart|p2: magialice|Spikes
|
|-heal|p1a: Ferrothorn|43/100|[from] item: Leftovers
|upkeep
|turn|4
|
|t:|1731089128
|switch|p2a: Ferrothorn|Ferrothorn, M|100/100
|-damage|p2a: Ferrothorn|84/100|[from] Spikes
|switch|p1a: Landorus|Landorus-Therian, M|100/100
|-damage|p1a: Landorus|88/100|[from] Stealth Rock
|-ability|p1a: Landorus|Intimidate|boost
|-unboost|p2a: Ferrothorn|atk|1
|
|-heal|p1a: Landorus|94/100|[from] item: Leftovers
|upkeep
|turn|5
|
|t:|1731089133
|move|p1a: Landorus|Stealth Rock|p2a: Ferrothorn
|-sidestart|p2: magialice|move: Stealth Rock
|move|p2a: Ferrothorn|Spikes|p1a: Landorus
|-sidestart|p1: gimmicktesterslmi|Spikes
|
|-heal|p1a: Landorus|99/100|[from] item: Leftovers
|upkeep
|turn|6
|
|t:|1731089139
|switch|p1a: Ferrothorn|Ferrothorn, F|43/100
|-damage|p1a: Ferrothorn|37/100|[from] Stealth Rock
|-damage|p1a: Ferrothorn|25/100|[from] Spikes
|switch|p2a: Landorus|Landorus-Therian, M|97/100
|-damage|p2a: Landorus|85/100|[from] Stealth Rock
|-ability|p2a: Landorus|Intimidate|boost
|-unboost|p1a: Ferrothorn|atk|1
|
|-heal|p1a: Ferrothorn|31/100|[from] item: Leftovers
|upkeep
|turn|7
|
|t:|1731089158
|switch|p1a: Reuniclus|Reuniclus, F|100/100
|move|p2a: Landorus|Earthquake|p1a: Reuniclus
|-damage|p1a: Reuniclus|65/100
|
|-heal|p1a: Reuniclus|71/100|[from] item: Leftovers
|upkeep
|turn|8
|
|t:|1731089163
|switch|p1a: Landorus|Landorus-Therian, M|99/100
|-damage|p1a: Landorus|88/100|[from] Stealth Rock
|-ability|p1a: Landorus|Intimidate|boost
|-unboost|p2a: Landorus|atk|1
|move|p2a: Landorus|U-turn|p1a: Landorus
|-resisted|p1a: Landorus
|-damage|p1a: Landorus|81/100
|
|t:|1731089172
|switch|p2a: Rotom|Rotom-Wash|100/100|[from] U-turn
|-damage|p2a: Rotom|88/100|[from] Stealth Rock
|
|-heal|p1a: Landorus|87/100|[from] item: Leftovers
|-heal|p2a: Rotom|94/100|[from] item: Leftovers
|upkeep
|turn|9
|
|t:|1731089180
|move|p1a: Landorus|U-turn|p2a: Rotom
|-damage|p2a: Rotom|75/100
|
|t:|1731089186
|switch|p1a: Latios|Latios, M|100/100|[from] U-turn
|-damage|p1a: Latios|88/100|[from] Stealth Rock
|move|p2a: Rotom|Hydro Pump|p1a: Latios|[miss]
|-miss|p2a: Rotom|p1a: Latios
|
|-heal|p2a: Rotom|81/100|[from] item: Leftovers
|upkeep
|turn|10
|
|t:|1731089193
|switch|p2a: Tyranitar|Tyranitar, F|100/100
|-damage|p2a: Tyranitar|84/100|[from] Spikes
|-damage|p2a: Tyranitar|72/100|[from] Stealth Rock
|-weather|Sandstorm|[from] ability: Sand Stream|[of] p2a: Tyranitar
|move|p1a: Latios|Draco Meteor|p2a: Tyranitar
|-damage|p2a: Tyranitar|26/100
|-unboost|p1a: Latios|spa|2
|
|-weather|Sandstorm|[upkeep]
|-damage|p1a: Latios|82/100|[from] Sandstorm
|upkeep
|turn|11
|
|t:|1731089201
|move|p1a: Latios|Draco Meteor|p2a: Tyranitar
|-damage|p2a: Tyranitar|3/100
|-unboost|p1a: Latios|spa|2
|move|p2a: Tyranitar|Crunch|p1a: Latios
|-supereffective|p1a: Latios
|-damage|p1a: Latios|0 fnt
|faint|p1a: Latios
|
|-weather|Sandstorm|[upkeep]
|upkeep
|
|t:|1731089214
|switch|p1a: Landorus|Landorus-Therian, M|87/100
|-damage|p1a: Landorus|75/100|[from] Stealth Rock
|-ability|p1a: Landorus|Intimidate|boost
|-unboost|p2a: Tyranitar|atk|1
|turn|12
|
|t:|1731089219
|move|p1a: Landorus|Earthquake|p2a: Tyranitar
|-supereffective|p2a: Tyranitar
|-damage|p2a: Tyranitar|0 fnt
|faint|p2a: Tyranitar
|
|-weather|Sandstorm|[upkeep]
|-heal|p1a: Landorus|81/100|[from] item: Leftovers
|upkeep
|
|t:|1731089221
|switch|p2a: Rotom|Rotom-Wash|81/100
|-damage|p2a: Rotom|69/100|[from] Stealth Rock
|turn|13
|
|t:|1731089240
|move|p1a: Landorus|U-turn|p2a: Rotom
|-damage|p2a: Rotom|50/100
|
|t:|1731089242
|switch|p1a: Ferrothorn|Ferrothorn, F|31/100|[from] U-turn
|-damage|p1a: Ferrothorn|25/100|[from] Stealth Rock
|-damage|p1a: Ferrothorn|12/100|[from] Spikes
|move|p2a: Rotom|Hydro Pump|p1a: Ferrothorn
|-resisted|p1a: Ferrothorn
|-damage|p1a: Ferrothorn|0 fnt
|faint|p1a: Ferrothorn
|
|-weather|Sandstorm|[upkeep]
|-damage|p2a: Rotom|43/100|[from] Sandstorm
|-heal|p2a: Rotom|50/100|[from] item: Leftovers
|upkeep
|
|t:|1731089249
|switch|p1a: Alakazam|Alakazam, F|100/100
|turn|14
|
|t:|1731089257
|switch|p2a: Ferrothorn|Ferrothorn, M|84/100
|-damage|p2a: Ferrothorn|68/100|[from] Spikes
|-damage|p2a: Ferrothorn|61/100|[from] Stealth Rock
|move|p1a: Alakazam|Psychic|p2a: Ferrothorn
|-resisted|p2a: Ferrothorn
|-damage|p2a: Ferrothorn|43/100
|
|-weather|Sandstorm|[upkeep]
|upkeep
|turn|15
|
|t:|1731089267
|switch|p1a: Landorus|Landorus-Therian, M|81/100
|-damage|p1a: Landorus|68/100|[from] Stealth Rock
|-ability|p1a: Landorus|Intimidate|boost
|-unboost|p2a: Ferrothorn|atk|1
|move|p2a: Ferrothorn|Thunder Wave|p1a: Landorus
|-immune|p1a: Landorus
|
|-weather|Sandstorm|[upkeep]
|-heal|p1a: Landorus|74/100|[from] item: Leftovers
|upkeep
|turn|16
|
|t:|1731089272
|move|p1a: Landorus|Earthquake|p2a: Ferrothorn
|-damage|p2a: Ferrothorn|6/100
|move|p2a: Ferrothorn|Thunder Wave|p1a: Landorus
|-immune|p1a: Landorus
|
|-weather|Sandstorm|[upkeep]
|-heal|p1a: Landorus|80/100|[from] item: Leftovers
|upkeep
|turn|17
|
|t:|1731089282
|move|p1a: Landorus|Earthquake|p2a: Ferrothorn
|-damage|p2a: Ferrothorn|0 fnt
|faint|p2a: Ferrothorn
|
|-weather|Sandstorm|[upkeep]
|-heal|p1a: Landorus|86/100|[from] item: Leftovers
|upkeep
|
|t:|1731089290
|switch|p2a: Alakazam|Alakazam, F|100/100
|turn|18
|
|t:|1731089303
|move|p2a: Alakazam|Hidden Power|p1a: Landorus
|-supereffective|p1a: Landorus
|-damage|p1a: Landorus|0 fnt
|faint|p1a: Landorus
|
|-weather|Sandstorm|[upkeep]
|upkeep
|
|t:|1731089306
|switch|p1a: Tyranitar|Tyranitar, M|100/100
|-damage|p1a: Tyranitar|88/100|[from] Stealth Rock
|-damage|p1a: Tyranitar|76/100|[from] Spikes
|turn|19
|
|t:|1731089319
|move|p2a: Alakazam|Focus Blast|p1a: Tyranitar
|-supereffective|p1a: Tyranitar
|-enditem|p1a: Tyranitar|Chople Berry|[eat]
|-enditem|p1a: Tyranitar|Chople Berry|[weaken]
|-damage|p1a: Tyranitar|32/100
|move|p1a: Tyranitar|Thunder Wave|p2a: Alakazam
|-status|p2a: Alakazam|par
|
|-weather|Sandstorm|[upkeep]
|upkeep
|turn|20
|
|t:|1731089324
|move|p1a: Tyranitar|Pursuit|p2a: Alakazam
|-supereffective|p2a: Alakazam
|-enditem|p2a: Alakazam|Focus Sash
|-damage|p2a: Alakazam|1/100 par
|move|p2a: Alakazam|Focus Blast|p1a: Tyranitar
|-supereffective|p1a: Tyranitar
|-damage|p1a: Tyranitar|0 fnt
|faint|p1a: Tyranitar
|
|-weather|Sandstorm|[upkeep]
|upkeep
|
|t:|1731089330
|switch|p1a: Alakazam|Alakazam, F|100/100
|turn|21
|
|t:|1731089334
|move|p1a: Alakazam|Psychic|p2a: Alakazam
|-resisted|p2a: Alakazam
|-damage|p2a: Alakazam|0 fnt
|faint|p2a: Alakazam
|
|-weather|Sandstorm|[upkeep]
|upkeep
|
|t:|1731089337
|switch|p2a: Landorus|Landorus-Therian, M|85/100
|-damage|p2a: Landorus|73/100|[from] Stealth Rock
|-ability|p2a: Landorus|Intimidate|boost
|-unboost|p1a: Alakazam|atk|1
|turn|22
|j| happy_hitbox
|
|t:|1731089342
|move|p1a: Alakazam|Hidden Power|p2a: Landorus
|-supereffective|p2a: Landorus
|-damage|p2a: Landorus|0 fnt
|faint|p2a: Landorus
|
|-weather|Sandstorm|[upkeep]
|upkeep
|-message|magialice forfeited.
|
|win|gimmicktesterslmi
|raw|gimmicktesterslmi's rating: 1315 &rarr; <strong>1343</strong><br />(+28 for winning)
|raw|magialice's rating: 1459 &rarr; <strong>1431</strong><br />(-28 for losing)
