|j|☆dice
|j|☆blackkaiser
|player|p1|dice|rocketgruntf|1518
|player|p2|blackkaiser|170|1436
|teamsize|p1|6
|teamsize|p2|6
|gametype|singles
|gen|5
|tier|[Gen 5] OU
|rated|
|rule|Sleep Clause Mod: Limit one foe put to sleep
|rule|Species Clause: Limit one of each Pokémon
|rule|OHKO Clause: OHKO moves are banned
|rule|Moody Clause: Moody is banned
|rule|Evasion Moves Clause: Evasion moves are banned
|rule|Endless Battle Clause: Forcing endless battles is banned
|rule|HP Percentage Mod: HP is shown in percentages
|rule|Evasion Abilities Clause: Evasion abilities are banned
|rule|Baton Pass Clause: Limit one Baton Passer, can't pass Spe and other stats simultaneously
|rule|Swagger Clause: Swagger is banned
|clearpoke
|poke|p1|Politoed, F|item
|poke|p1|Gyarados, F|item
|poke|p1|Dragonite, M|item
|poke|p1|Starmie|item
|poke|p1|Excadrill, F|item
|poke|p1|Ferrothorn, M|item
|poke|p2|Hippowdon, F|item
|poke|p2|Ferrothorn, F|item
|poke|p2|Jellicent, M|item
|poke|p2|Latios, M|item
|poke|p2|Garchomp, M|item
|poke|p2|Scizor, M|item
|teampreview
|inactive|Battle timer is ON: inactive players will automatically lose when time's up. (requested by blackkaiser)
|j| test00000001
|
|start
|switch|p1a: Politoed|Politoed, F|100/100
|switch|p2a: Latios|Latios, M, shiny|100/100
|-weather|RainDance|[from] ability: Drizzle|[of] p1a: Politoed
|turn|1
|
|move|p1a: Politoed|Protect|p1a: Politoed
|-singleturn|p1a: Politoed|Protect
|move|p2a: Latios|Draco Meteor|p1a: Politoed
|-activate|p1a: Politoed|move: Protect
|
|-weather|RainDance|[upkeep]
|upkeep
|turn|2
|l| test00000001
|
|switch|p1a: Ferrothorn|Ferrothorn, M|100/100
|move|p2a: Latios|Draco Meteor|p1a: Ferrothorn|[miss]
|-miss|p2a: Latios|p1a: Ferrothorn
|
|-weather|RainDance|[upkeep]
|upkeep
|turn|3
|
|switch|p2a: Hippowdon|Hippowdon, F|100/100
|-weather|Sandstorm|[from] ability: Sand Stream|[of] p2a: Hippowdon
|move|p1a: Ferrothorn|Knock Off|p2a: Hippowdon
|-damage|p2a: Hippowdon|98/100
|-enditem|p2a: Hippowdon|Leftovers|[from] move: Knock Off|[of] p1a: Ferrothorn
|
|-weather|Sandstorm|[upkeep]
|upkeep
|turn|4
|
|move|p2a: Hippowdon|Stealth Rock|p1a: Ferrothorn
|-sidestart|p1: dice|move: Stealth Rock
|move|p1a: Ferrothorn|Power Whip|p2a: Hippowdon
|-supereffective|p2a: Hippowdon
|-damage|p2a: Hippowdon|54/100
|
|-weather|Sandstorm|[upkeep]
|upkeep
|turn|5
|
|move|p2a: Hippowdon|Slack Off|p2a: Hippowdon
|-heal|p2a: Hippowdon|100/100
|move|p1a: Ferrothorn|Spikes|p2a: Hippowdon
|-sidestart|p2: blackkaiser|Spikes
|
|-weather|Sandstorm|[upkeep]
|upkeep
|turn|6
|
|switch|p2a: Ferrothorn|Ferrothorn, F|100/100
|-damage|p2a: Ferrothorn|88/100|[from] Spikes
|move|p1a: Ferrothorn|Stealth Rock|p2a: Ferrothorn
|-sidestart|p2: blackkaiser|move: Stealth Rock
|
|-weather|Sandstorm|[upkeep]
|upkeep
|turn|7
|
|move|p2a: Ferrothorn|Spikes|p1a: Ferrothorn
|-sidestart|p1: dice|Spikes
|move|p1a: Ferrothorn|Knock Off|p2a: Ferrothorn
|-resisted|p2a: Ferrothorn
|-damage|p2a: Ferrothorn|87/100
|-damage|p1a: Ferrothorn|88/100|[from] ability: Iron Barbs|[of] p2a: Ferrothorn
|-damage|p1a: Ferrothorn|72/100|[from] item: Rocky Helmet|[of] p2a: Ferrothorn
|-enditem|p2a: Ferrothorn|Rocky Helmet|[from] move: Knock Off|[of] p1a: Ferrothorn
|
|-weather|Sandstorm|[upkeep]
|-heal|p1a: Ferrothorn|78/100|[from] item: Leftovers
|upkeep
|turn|8
|
|move|p2a: Ferrothorn|Spikes|p1a: Ferrothorn
|-sidestart|p1: dice|Spikes
|move|p1a: Ferrothorn|Spikes|p2a: Ferrothorn
|-sidestart|p2: blackkaiser|Spikes
|
|-weather|Sandstorm|[upkeep]
|-heal|p1a: Ferrothorn|84/100|[from] item: Leftovers
|upkeep
|turn|9
|
|move|p2a: Ferrothorn|Thunder Wave|p1a: Ferrothorn
|-status|p1a: Ferrothorn|par
|cant|p1a: Ferrothorn|par
|
|-weather|Sandstorm|[upkeep]
|-heal|p1a: Ferrothorn|90/100 par|[from] item: Leftovers
|upkeep
|turn|10
|
|move|p2a: Ferrothorn|Spikes|p1a: Ferrothorn
|-sidestart|p1: dice|Spikes
|cant|p1a: Ferrothorn|par
|
|-weather|Sandstorm|[upkeep]
|-heal|p1a: Ferrothorn|97/100 par|[from] item: Leftovers
|upkeep
|turn|11
|
|move|p2a: Ferrothorn|Leech Seed|p1a: Ferrothorn
|-immune|p1a: Ferrothorn
|move|p1a: Ferrothorn|Knock Off|p2a: Ferrothorn
|-resisted|p2a: Ferrothorn
|-damage|p2a: Ferrothorn|86/100
|-damage|p1a: Ferrothorn|84/100 par|[from] ability: Iron Barbs|[of] p2a: Ferrothorn
|
|-weather|Sandstorm|[upkeep]
|-heal|p1a: Ferrothorn|90/100 par|[from] item: Leftovers
|upkeep
|turn|12
|
|move|p2a: Ferrothorn|Leech Seed|p1a: Ferrothorn
|-immune|p1a: Ferrothorn
|move|p1a: Ferrothorn|Spikes|p2a: Ferrothorn
|-sidestart|p2: blackkaiser|Spikes
|
|-weather|Sandstorm|[upkeep]
|-heal|p1a: Ferrothorn|97/100 par|[from] item: Leftovers
|upkeep
|turn|13
|
|move|p2a: Ferrothorn|Power Whip|p1a: Ferrothorn
|-resisted|p1a: Ferrothorn
|-damage|p1a: Ferrothorn|90/100 par
|-damage|p2a: Ferrothorn|73/100|[from] ability: Iron Barbs|[of] p1a: Ferrothorn
|move|p1a: Ferrothorn|Knock Off|p2a: Ferrothorn
|-resisted|p2a: Ferrothorn
|-damage|p2a: Ferrothorn|72/100
|-damage|p1a: Ferrothorn|77/100 par|[from] ability: Iron Barbs|[of] p2a: Ferrothorn
|
|-weather|Sandstorm|[upkeep]
|-heal|p1a: Ferrothorn|83/100 par|[from] item: Leftovers
|upkeep
|turn|14
|
|switch|p2a: Garchomp|Garchomp, M|100/100
|-damage|p2a: Garchomp|76/100|[from] Spikes
|-damage|p2a: Garchomp|69/100|[from] Stealth Rock
|move|p1a: Ferrothorn|Spikes||[still]
|-fail|p1a: Ferrothorn
|
|-weather|Sandstorm|[upkeep]
|-heal|p1a: Ferrothorn|90/100 par|[from] item: Leftovers
|upkeep
|turn|15
|
|switch|p1a: Gyarados|Gyarados, F|100/100
|-damage|p1a: Gyarados|76/100|[from] Stealth Rock
|-ability|p1a: Gyarados|Intimidate|boost
|-unboost|p2a: Garchomp|atk|1
|move|p2a: Garchomp|Fire Blast|p1a: Gyarados
|-resisted|p1a: Gyarados
|-damage|p1a: Gyarados|56/100
|-damage|p2a: Garchomp|60/100|[from] item: Life Orb
|
|-weather|Sandstorm|[upkeep]
|-damage|p1a: Gyarados|50/100|[from] Sandstorm
|-heal|p1a: Gyarados|56/100|[from] item: Leftovers
|upkeep
|turn|16
|
|switch|p1a: Excadrill|Excadrill, F|100/100
|-damage|p1a: Excadrill|97/100|[from] Stealth Rock
|-damage|p1a: Excadrill|73/100|[from] Spikes
|-ability|p1a: Excadrill|Mold Breaker
|move|p2a: Garchomp|Draco Meteor|p1a: Excadrill
|-resisted|p1a: Excadrill
|-damage|p1a: Excadrill|30/100
|-unboost|p2a: Garchomp|spa|2
|-damage|p2a: Garchomp|50/100|[from] item: Life Orb
|
|-weather|Sandstorm|[upkeep]
|upkeep
|turn|17
|
|move|p1a: Excadrill|Earthquake|p2a: Garchomp
|-damage|p2a: Garchomp|0 fnt
|faint|p2a: Garchomp
|
|-weather|Sandstorm|[upkeep]
|upkeep
|
|switch|p2a: Hippowdon|Hippowdon, F|100/100
|-damage|p2a: Hippowdon|76/100|[from] Spikes
|-damage|p2a: Hippowdon|69/100|[from] Stealth Rock
|turn|18
|
|switch|p1a: Politoed|Politoed, F|100/100
|-damage|p1a: Politoed|88/100|[from] Stealth Rock
|-damage|p1a: Politoed|63/100|[from] Spikes
|-weather|RainDance|[from] ability: Drizzle|[of] p1a: Politoed
|move|p2a: Hippowdon|Slack Off|p2a: Hippowdon
|-heal|p2a: Hippowdon|100/100
|
|-weather|RainDance|[upkeep]
|-heal|p1a: Politoed|69/100|[from] item: Leftovers
|upkeep
|turn|19
|
|switch|p2a: Jellicent|Jellicent, M|100/100
|-damage|p2a: Jellicent|76/100|[from] Spikes
|-damage|p2a: Jellicent|63/100|[from] Stealth Rock
|move|p1a: Politoed|Toxic|p2a: Jellicent
|-status|p2a: Jellicent|tox
|
|-weather|RainDance|[upkeep]
|-heal|p1a: Politoed|75/100|[from] item: Leftovers
|-heal|p2a: Jellicent|69/100 tox|[from] item: Leftovers
|-damage|p2a: Jellicent|63/100 tox|[from] psn
|upkeep
|turn|20
|
|switch|p2a: Hippowdon|Hippowdon, F|100/100
|-damage|p2a: Hippowdon|76/100|[from] Spikes
|-damage|p2a: Hippowdon|69/100|[from] Stealth Rock
|-weather|Sandstorm|[from] ability: Sand Stream|[of] p2a: Hippowdon
|move|p1a: Politoed|Protect||[still]
|-fail|p1a: Politoed
|
|-weather|Sandstorm|[upkeep]
|-damage|p1a: Politoed|69/100|[from] Sandstorm
|-heal|p1a: Politoed|75/100|[from] item: Leftovers
|upkeep
|turn|21
|
|switch|p2a: Jellicent|Jellicent, M|63/100 tox
|-damage|p2a: Jellicent|51/100 tox|[from] Stealth Rock
|-damage|p2a: Jellicent|26/100 tox|[from] Spikes
|move|p1a: Politoed|Hypnosis||[still]
|-fail|p1a: Politoed
|
|-weather|Sandstorm|[upkeep]
|-damage|p1a: Politoed|69/100|[from] Sandstorm
|-damage|p2a: Jellicent|20/100 tox|[from] Sandstorm
|-heal|p1a: Politoed|75/100|[from] item: Leftovers
|-heal|p2a: Jellicent|26/100 tox|[from] item: Leftovers
|-damage|p2a: Jellicent|20/100 tox|[from] psn
|upkeep
|turn|22
|
|switch|p1a: Ferrothorn|Ferrothorn, M|90/100 par
|-damage|p1a: Ferrothorn|83/100 par|[from] Stealth Rock
|-damage|p1a: Ferrothorn|58/100 par|[from] Spikes
|move|p2a: Jellicent|Recover|p2a: Jellicent
|-heal|p2a: Jellicent|70/100 tox
|
|-weather|Sandstorm|[upkeep]
|-damage|p2a: Jellicent|64/100 tox|[from] Sandstorm
|-heal|p2a: Jellicent|70/100 tox|[from] item: Leftovers
|-heal|p1a: Ferrothorn|65/100 par|[from] item: Leftovers
|-damage|p2a: Jellicent|58/100 tox|[from] psn
|upkeep
|turn|23
|
|switch|p2a: Latios|Latios, M, shiny|100/100
|-damage|p2a: Latios|88/100|[from] Stealth Rock
|cant|p1a: Ferrothorn|par
|
|-weather|Sandstorm|[upkeep]
|-damage|p2a: Latios|82/100|[from] Sandstorm
|-heal|p1a: Ferrothorn|71/100 par|[from] item: Leftovers
|upkeep
|turn|24
|
|move|p2a: Latios|Trick|p1a: Ferrothorn
|-activate|p2a: Latios|move: Trick|[of] p1a: Ferrothorn
|-item|p1a: Ferrothorn|Choice Specs|[from] move: Trick
|-item|p2a: Latios|Leftovers|[from] move: Trick
|move|p1a: Ferrothorn|Knock Off|p2a: Latios
|-supereffective|p2a: Latios
|-damage|p2a: Latios|68/100
|-enditem|p2a: Latios|Leftovers|[from] move: Knock Off|[of] p1a: Ferrothorn
|
|-weather|Sandstorm|[upkeep]
|-damage|p2a: Latios|62/100|[from] Sandstorm
|upkeep
|turn|25
|
|switch|p2a: Ferrothorn|Ferrothorn, F|72/100
|-damage|p2a: Ferrothorn|47/100|[from] Spikes
|-damage|p2a: Ferrothorn|41/100|[from] Stealth Rock
|move|p1a: Ferrothorn|Knock Off|p2a: Ferrothorn
|-resisted|p2a: Ferrothorn
|-damage|p2a: Ferrothorn|40/100
|-damage|p1a: Ferrothorn|58/100 par|[from] ability: Iron Barbs|[of] p2a: Ferrothorn
|
|-weather|Sandstorm|[upkeep]
|upkeep
|turn|26
|
|move|p2a: Ferrothorn|Leech Seed|p1a: Ferrothorn
|-immune|p1a: Ferrothorn
|move|p1a: Ferrothorn|Knock Off|p2a: Ferrothorn
|-resisted|p2a: Ferrothorn
|-damage|p2a: Ferrothorn|39/100
|-damage|p1a: Ferrothorn|46/100 par|[from] ability: Iron Barbs|[of] p2a: Ferrothorn
|
|-weather|Sandstorm|[upkeep]
|upkeep
|turn|27
|
|switch|p1a: Dragonite|Dragonite, M|100/100
|-damage|p1a: Dragonite|75/100|[from] Stealth Rock
|move|p2a: Ferrothorn|Leech Seed|p1a: Dragonite
|-start|p1a: Dragonite|move: Leech Seed
|
|-weather|Sandstorm|[upkeep]
|-damage|p1a: Dragonite|69/100|[from] Sandstorm
|-damage|p1a: Dragonite|57/100|[from] Leech Seed|[of] p2a: Ferrothorn
|-heal|p2a: Ferrothorn|51/100|[silent]
|upkeep
|turn|28
|
|move|p1a: Dragonite|Superpower|p2a: Ferrothorn
|-supereffective|p2a: Ferrothorn
|-damage|p2a: Ferrothorn|0 fnt
|-damage|p1a: Dragonite|44/100|[from] ability: Iron Barbs|[of] p2a: Ferrothorn
|-unboost|p1a: Dragonite|atk|1
|-unboost|p1a: Dragonite|def|1
|faint|p2a: Ferrothorn
|
|-weather|Sandstorm|[upkeep]
|-damage|p1a: Dragonite|38/100|[from] Sandstorm
|upkeep
|
|switch|p2a: Jellicent|Jellicent, M|58/100 tox
|-damage|p2a: Jellicent|45/100 tox|[from] Stealth Rock
|-damage|p2a: Jellicent|20/100 tox|[from] Spikes
|turn|29
|
|switch|p1a: Ferrothorn|Ferrothorn, M|46/100 par
|-damage|p1a: Ferrothorn|21/100 par|[from] Spikes
|-damage|p1a: Ferrothorn|15/100 par|[from] Stealth Rock
|move|p2a: Jellicent|Recover|p2a: Jellicent
|-heal|p2a: Jellicent|70/100 tox
|
|-weather|Sandstorm|[upkeep]
|-damage|p2a: Jellicent|64/100 tox|[from] Sandstorm
|-heal|p2a: Jellicent|70/100 tox|[from] item: Leftovers
|-damage|p2a: Jellicent|64/100 tox|[from] psn
|upkeep
|turn|30
|
|switch|p2a: Latios|Latios, M, shiny|62/100
|-damage|p2a: Latios|50/100|[from] Stealth Rock
|cant|p1a: Ferrothorn|par
|
|-weather|Sandstorm|[upkeep]
|-damage|p2a: Latios|44/100|[from] Sandstorm
|upkeep
|turn|31
|
|move|p2a: Latios|Psyshock|p1a: Ferrothorn
|-resisted|p1a: Ferrothorn
|-damage|p1a: Ferrothorn|0 fnt
|faint|p1a: Ferrothorn
|
|-weather|Sandstorm|[upkeep]
|-damage|p2a: Latios|38/100|[from] Sandstorm
|upkeep
|
|switch|p1a: Dragonite|Dragonite, M|38/100
|-damage|p1a: Dragonite|13/100|[from] Stealth Rock
|turn|32
|
|move|p2a: Latios|Psyshock|p1a: Dragonite
|-damage|p1a: Dragonite|0 fnt
|faint|p1a: Dragonite
|
|-weather|Sandstorm|[upkeep]
|-damage|p2a: Latios|32/100|[from] Sandstorm
|upkeep
|
|switch|p1a: Excadrill|Excadrill, F|30/100
|-damage|p1a: Excadrill|27/100|[from] Stealth Rock
|-damage|p1a: Excadrill|2/100|[from] Spikes
|-ability|p1a: Excadrill|Mold Breaker
|turn|33
|
|switch|p2a: Hippowdon|Hippowdon, F|69/100
|-damage|p2a: Hippowdon|45/100|[from] Spikes
|-damage|p2a: Hippowdon|38/100|[from] Stealth Rock
|move|p1a: Excadrill|Earthquake|p2a: Hippowdon
|-damage|p2a: Hippowdon|7/100
|
|-weather|Sandstorm|[upkeep]
|upkeep
|turn|34
|
|move|p1a: Excadrill|Earthquake|p2a: Hippowdon
|-damage|p2a: Hippowdon|0 fnt
|faint|p2a: Hippowdon
|
|-weather|Sandstorm|[upkeep]
|upkeep
|
|switch|p2a: Scizor|Scizor, M|100/100
|-damage|p2a: Scizor|88/100|[from] Stealth Rock
|-damage|p2a: Scizor|63/100|[from] Spikes
|turn|35
|
|move|p2a: Scizor|Bullet Punch|p1a: Excadrill
|-resisted|p1a: Excadrill
|-crit|p1a: Excadrill
|-damage|p1a: Excadrill|0 fnt
|faint|p1a: Excadrill
|
|-weather|Sandstorm|[upkeep]
|upkeep
|
|switch|p1a: Starmie|Starmie|100/100
|-damage|p1a: Starmie|76/100|[from] Spikes
|-damage|p1a: Starmie|63/100|[from] Stealth Rock
|turn|36
|
|switch|p2a: Jellicent|Jellicent, M|64/100 tox
|-damage|p2a: Jellicent|39/100 tox|[from] Spikes
|-damage|p2a: Jellicent|27/100 tox|[from] Stealth Rock
|move|p1a: Starmie|Trick|p2a: Jellicent
|-activate|p1a: Starmie|move: Trick|[of] p2a: Jellicent
|-item|p2a: Jellicent|Flame Orb|[from] move: Trick
|-item|p1a: Starmie|Leftovers|[from] move: Trick
|
|-weather|Sandstorm|[upkeep]
|-damage|p1a: Starmie|57/100|[from] Sandstorm
|-damage|p2a: Jellicent|21/100 tox|[from] Sandstorm
|-heal|p1a: Starmie|63/100|[from] item: Leftovers
|-damage|p2a: Jellicent|15/100 tox|[from] psn
|upkeep
|turn|37
|
|move|p1a: Starmie|Thunder|p2a: Jellicent
|-supereffective|p2a: Jellicent
|-damage|p2a: Jellicent|0 fnt
|faint|p2a: Jellicent
|
|-weather|Sandstorm|[upkeep]
|-damage|p1a: Starmie|57/100|[from] Sandstorm
|-heal|p1a: Starmie|63/100|[from] item: Leftovers
|upkeep
|
|switch|p2a: Scizor|Scizor, M|63/100
|-damage|p2a: Scizor|39/100|[from] Spikes
|-damage|p2a: Scizor|26/100|[from] Stealth Rock
|turn|38
|
|move|p2a: Scizor|Bullet Punch|p1a: Starmie
|-resisted|p1a: Starmie
|-damage|p1a: Starmie|31/100
|move|p1a: Starmie|Hydro Pump|p2a: Scizor
|-damage|p2a: Scizor|0 fnt
|faint|p2a: Scizor
|
|-weather|Sandstorm|[upkeep]
|-damage|p1a: Starmie|25/100|[from] Sandstorm
|-heal|p1a: Starmie|31/100|[from] item: Leftovers
|upkeep
|
|switch|p2a: Latios|Latios, M, shiny|32/100
|-damage|p2a: Latios|20/100|[from] Stealth Rock
|turn|39
|
|move|p1a: Starmie|Hydro Pump|p2a: Latios|[miss]
|-miss|p1a: Starmie|p2a: Latios
|move|p2a: Latios|Psyshock|p1a: Starmie
|-resisted|p1a: Starmie
|-damage|p1a: Starmie|4/100
|
|-weather|Sandstorm|[upkeep]
|-damage|p1a: Starmie|0 fnt|[from] Sandstorm
|-damage|p2a: Latios|14/100|[from] Sandstorm
|faint|p1a: Starmie
|upkeep
|
|switch|p1a: Gyarados|Gyarados, F|56/100
|-damage|p1a: Gyarados|31/100|[from] Stealth Rock
|-ability|p1a: Gyarados|Intimidate|boost
|-unboost|p2a: Latios|atk|1
|turn|40
|
|move|p2a: Latios|Psyshock|p1a: Gyarados
|-damage|p1a: Gyarados|0 fnt
|faint|p1a: Gyarados
|
|-weather|Sandstorm|[upkeep]
|-damage|p2a: Latios|8/100|[from] Sandstorm
|upkeep
|
|switch|p1a: Politoed|Politoed, F|75/100
|-damage|p1a: Politoed|50/100|[from] Spikes
|-damage|p1a: Politoed|38/100|[from] Stealth Rock
|-weather|RainDance|[from] ability: Drizzle|[of] p1a: Politoed
|turn|41
|
|move|p1a: Politoed|Protect|p1a: Politoed
|-singleturn|p1a: Politoed|Protect
|move|p2a: Latios|Draco Meteor|p1a: Politoed
|-activate|p1a: Politoed|move: Protect
|
|-weather|RainDance|[upkeep]
|-heal|p1a: Politoed|44/100|[from] item: Leftovers
|upkeep
|turn|42
|
|move|p2a: Latios|Draco Meteor|p1a: Politoed
|-damage|p1a: Politoed|0 fnt
|-unboost|p2a: Latios|spa|2
|faint|p1a: Politoed
|
|win|blackkaiser
|c|☆dice|gg
|raw|dice's rating: 1518 &rarr; <strong>1494</strong><br />(-24 for losing)
|raw|blackkaiser's rating: 1437 &rarr; <strong>1461</strong><br />(+24 for winning)
