|j|☆HydreigonSpammer
|j|☆nigel
|t:|1734185171
|gametype|singles
|player|p1|HydreigonSpammer|veteranf|1390
|player|p2|nigel|ballguy|1334
|teamsize|p1|6
|teamsize|p2|6
|gen|5
|tier|[Gen 5] OU
|rated|
|rule|Species Clause: Limit one of each Pokémon
|rule|OHKO Clause: OHKO moves are banned
|rule|Moody Clause: Moody is banned
|rule|Evasion Items Clause: Evasion items are banned
|rule|Evasion Moves Clause: Evasion moves are banned
|rule|Endless Battle Clause: Forcing endless battles is banned
|rule|HP Percentage Mod: HP is shown in percentages
|rule|Evasion Abilities Clause: Evasion abilities are banned
|rule|Sleep Moves Clause: Sleep-inducing moves are banned
|rule|Swagger Clause: Swagger is banned
|rule|Baton Pass Stat Clause: No Baton Passer may have a way to boost its stats
|clearpoke
|poke|p1|Tyranitar, F|item
|poke|p1|Mamoswine, F|item
|poke|p1|Keldeo|item
|poke|p1|Amoonguss, F|item
|poke|p1|Gliscor, M|item
|poke|p1|Excadrill, F|item
|poke|p2|Terrakion|item
|poke|p2|Scizor, M|item
|poke|p2|Starmie|item
|poke|p2|Garchomp, M|item
|poke|p2|Dragonite, M|item
|poke|p2|Breloom, F|item
|teampreview
|c|☆nigel|liar. i see no hydreigon
|
|t:|1734185223
|start
|switch|p1a: Keldeo|Keldeo|100/100
|switch|p2a: Scizor|Scizor, M|100/100
|turn|1
|
|t:|1734185226
|switch|p2a: Starmie|Starmie|100/100
|-item|p2a: Starmie|Air Balloon
|move|p1a: Keldeo|Scald|p2a: Starmie
|-resisted|p2a: Starmie
|-damage|p2a: Starmie|73/100
|-enditem|p2a: Starmie|Air Balloon
|
|upkeep
|turn|2
|j| yolo_fs8214
|
|t:|1734185238
|switch|p1a: Tyranitar|Tyranitar, F|100/100
|-weather|Sandstorm|[from] ability: Sand Stream|[of] p1a: Tyranitar
|move|p2a: Starmie|Thunderbolt|p1a: Tyranitar
|-damage|p1a: Tyranitar|83/100
|
|-weather|Sandstorm|[upkeep]
|-damage|p2a: Starmie|67/100|[from] Sandstorm
|upkeep
|turn|3
|
|t:|1734185249
|move|p2a: Starmie|Hydro Pump|p1a: Tyranitar|[miss]
|-miss|p2a: Starmie|p1a: Tyranitar
|move|p1a: Tyranitar|Pursuit|p2a: Starmie
|-supereffective|p2a: Starmie
|-damage|p2a: Starmie|5/100
|
|-weather|Sandstorm|[upkeep]
|-damage|p2a: Starmie|0 fnt|[from] Sandstorm
|faint|p2a: Starmie
|upkeep
|
|t:|1734185256
|switch|p2a: Breloom|Breloom, F|100/100
|turn|4
|
|t:|1734185260
|switch|p1a: Amoonguss|Amoonguss, F|100/100
|move|p2a: Breloom|Low Sweep|p1a: Amoonguss
|-resisted|p1a: Amoonguss
|-damage|p1a: Amoonguss|78/100
|-unboost|p1a: Amoonguss|spe|1
|
|-weather|Sandstorm|[upkeep]
|-damage|p2a: Breloom|94/100|[from] Sandstorm
|-damage|p1a: Amoonguss|72/100|[from] Sandstorm
|-heal|p1a: Amoonguss|78/100|[from] item: Black Sludge
|upkeep
|turn|5
|
|t:|1734185269
|move|p2a: Breloom|Swords Dance|p2a: Breloom
|-boost|p2a: Breloom|atk|2
|move|p1a: Amoonguss|Sludge Bomb|p2a: Breloom
|-supereffective|p2a: Breloom
|-damage|p2a: Breloom|0 fnt
|faint|p2a: Breloom
|
|-weather|Sandstorm|[upkeep]
|-damage|p1a: Amoonguss|72/100|[from] Sandstorm
|-heal|p1a: Amoonguss|78/100|[from] item: Black Sludge
|upkeep
|
|t:|1734185272
|switch|p2a: Scizor|Scizor, M|100/100
|turn|6
|
|t:|1734185281
|move|p2a: Scizor|Swords Dance|p2a: Scizor
|-boost|p2a: Scizor|atk|2
|move|p1a: Amoonguss|Hidden Power|p2a: Scizor
|-supereffective|p2a: Scizor
|-damage|p2a: Scizor|20/100
|
|-weather|Sandstorm|[upkeep]
|-damage|p1a: Amoonguss|72/100|[from] Sandstorm
|-heal|p1a: Amoonguss|78/100|[from] item: Black Sludge
|upkeep
|turn|7
|
|t:|1734185291
|move|p2a: Scizor|Pursuit|p1a: Amoonguss
|-damage|p1a: Amoonguss|13/100
|-damage|p2a: Scizor|11/100|[from] item: Life Orb
|move|p1a: Amoonguss|Hidden Power|p2a: Scizor
|-supereffective|p2a: Scizor
|-damage|p2a: Scizor|0 fnt
|faint|p2a: Scizor
|
|-weather|Sandstorm|[upkeep]
|-damage|p1a: Amoonguss|7/100|[from] Sandstorm
|-heal|p1a: Amoonguss|13/100|[from] item: Black Sludge
|upkeep
|
|t:|1734185301
|switch|p2a: Dragonite|Dragonite, M|100/100
|turn|8
|
|t:|1734185312
|move|p2a: Dragonite|Fire Punch|p1a: Amoonguss
|-supereffective|p1a: Amoonguss
|-damage|p1a: Amoonguss|0 fnt
|faint|p1a: Amoonguss
|
|-weather|Sandstorm|[upkeep]
|-damage|p2a: Dragonite|94/100|[from] Sandstorm
|upkeep
|
|t:|1734185317
|switch|p1a: Mamoswine|Mamoswine, F|100/100
|turn|9
|
|t:|1734185321
|move|p2a: Dragonite|Extreme Speed|p1a: Mamoswine
|-damage|p1a: Mamoswine|62/100
|move|p1a: Mamoswine|Ice Shard|p2a: Dragonite
|-supereffective|p2a: Dragonite
|-damage|p2a: Dragonite|0 fnt
|faint|p2a: Dragonite
|
|-weather|Sandstorm|[upkeep]
|upkeep
|
|t:|1734185323
|switch|p2a: Garchomp|Garchomp, M|100/100
|turn|10
|
|t:|1734185332
|move|p1a: Mamoswine|Ice Shard|p2a: Garchomp
|-supereffective|p2a: Garchomp
|-enditem|p2a: Garchomp|Yache Berry|[eat]
|-enditem|p2a: Garchomp|Yache Berry|[weaken]
|-damage|p2a: Garchomp|35/100
|move|p2a: Garchomp|Earthquake|p1a: Mamoswine
|-damage|p1a: Mamoswine|4/100
|
|-weather|Sandstorm|[upkeep]
|upkeep
|turn|11
|
|t:|1734185339
|move|p1a: Mamoswine|Ice Shard|p2a: Garchomp
|-supereffective|p2a: Garchomp
|-damage|p2a: Garchomp|0 fnt
|faint|p2a: Garchomp
|
|-weather|Sandstorm|[upkeep]
|upkeep
|
|t:|1734185350
|switch|p2a: Terrakion|Terrakion, shiny|100/100
|-item|p2a: Terrakion|Air Balloon
|turn|12
|
|t:|1734185354
|move|p1a: Mamoswine|Ice Shard|p2a: Terrakion
|-damage|p2a: Terrakion|63/100
|-enditem|p2a: Terrakion|Air Balloon
|move|p2a: Terrakion|Swords Dance|p2a: Terrakion
|-boost|p2a: Terrakion|atk|2
|
|-weather|Sandstorm|[upkeep]
|upkeep
|turn|13
|
|t:|1734185358
|move|p1a: Mamoswine|Ice Shard|p2a: Terrakion
|-damage|p2a: Terrakion|24/100
|move|p2a: Terrakion|Stone Edge|p1a: Mamoswine
|-damage|p1a: Mamoswine|0 fnt
|faint|p1a: Mamoswine
|
|-weather|Sandstorm|[upkeep]
|upkeep
|
|t:|1734185385
|switch|p1a: Gliscor|Gliscor, M|100/100
|turn|14
|
|t:|1734185388
|move|p2a: Terrakion|Stone Edge|p1a: Gliscor
|-damage|p1a: Gliscor|28/100
|move|p1a: Gliscor|Earthquake|p2a: Terrakion
|-supereffective|p2a: Terrakion
|-damage|p2a: Terrakion|0 fnt
|faint|p2a: Terrakion
|
|win|HydreigonSpammer
|raw|HydreigonSpammer's rating: 1390 &rarr; <strong>1407</strong><br />(+17 for winning)
|raw|nigel's rating: 1334 &rarr; <strong>1317</strong><br />(-17 for losing)
