|j|☆phosphor
|j|☆The1TruePineapple
|t:|1724191318
|gametype|singles
|player|p1|phosphor|#phosphor|1378
|player|p2|The1TruePineapple|lucas|1427
|teamsize|p1|6
|teamsize|p2|6
|gen|5
|tier|[Gen 5] OU
|rated|
|rule|Species Clause: Limit one of each Pokémon
|rule|OHKO Clause: OHKO moves are banned
|rule|Moody Clause: Moody is banned
|rule|Evasion Items Clause: Evasion items are banned
|rule|Evasion Moves Clause: Evasion moves are banned
|rule|Endless Battle Clause: Forcing endless battles is banned
|rule|HP Percentage Mod: HP is shown in percentages
|rule|Evasion Abilities Clause: Evasion abilities are banned
|rule|Sleep Moves Clause: Sleep-inducing moves are banned
|rule|Swagger Clause: Swagger is banned
|rule|Baton Pass Stat Clause: No Baton Passer may have a way to boost its stats
|clearpoke
|poke|p1|Ninetales, F|item
|poke|p1|Heatran, F|item
|poke|p1|Forretress, F|item
|poke|p1|Blissey, F|item
|poke|p1|Seismitoad, M|item
|poke|p1|Cresselia, F|item
|poke|p2|Thundurus-Therian, M|item
|poke|p2|Ferrothorn, M|item
|poke|p2|Alakazam, F|item
|poke|p2|Tyranitar, F|item
|poke|p2|Landorus-Therian, M|item
|poke|p2|Excadrill, F|item
|teampreview
|c|☆phosphor|Gl hf
|
|t:|1724191354
|start
|switch|p1a: Seismitoad|Seismitoad, M|100/100
|switch|p2a: Landorus|Landorus-Therian, M|100/100
|-ability|p2a: Landorus|Intimidate|boost
|-unboost|p1a: Seismitoad|atk|1
|turn|1
|
|t:|1724191363
|switch|p2a: Ferrothorn|Ferrothorn, M|100/100
|move|p1a: Seismitoad|Stealth Rock|p2a: Ferrothorn
|-sidestart|p2: The1TruePineapple|move: Stealth Rock
|
|upkeep
|turn|2
|
|t:|1724191368
|switch|p1a: Ninetales|Ninetales, F|100/100
|-weather|SunnyDay|[from] ability: Drought|[of] p1a: Ninetales
|move|p2a: Ferrothorn|Stealth Rock|p1a: Ninetales
|-sidestart|p1: phosphor|move: Stealth Rock
|
|-weather|SunnyDay|[upkeep]
|upkeep
|turn|3
|
|t:|1724191370
|switch|p2a: Tyranitar|Tyranitar, F|100/100
|-damage|p2a: Tyranitar|88/100|[from] Stealth Rock
|-weather|Sandstorm|[from] ability: Sand Stream|[of] p2a: Tyranitar
|move|p1a: Ninetales|Will-O-Wisp|p2a: Tyranitar
|-status|p2a: Tyranitar|brn
|
|-weather|Sandstorm|[upkeep]
|-damage|p1a: Ninetales|94/100|[from] Sandstorm
|-heal|p1a: Ninetales|100/100|[from] item: Leftovers
|-damage|p2a: Tyranitar|76/100 brn|[from] brn
|upkeep
|turn|4
|
|t:|1724191379
|move|p2a: Tyranitar|Pursuit|p1a: Ninetales
|-damage|p1a: Ninetales|87/100
|move|p1a: Ninetales|Sunny Day|p1a: Ninetales
|-weather|SunnyDay
|
|-weather|SunnyDay|[upkeep]
|-heal|p1a: Ninetales|93/100|[from] item: Leftovers
|-damage|p2a: Tyranitar|64/100 brn|[from] brn
|upkeep
|turn|5
|
|t:|1724191387
|switch|p2a: Thundurus|Thundurus-Therian, M|100/100
|-damage|p2a: Thundurus|76/100|[from] Stealth Rock
|move|p1a: Ninetales|Will-O-Wisp|p2a: Thundurus
|-status|p2a: Thundurus|brn
|
|-weather|SunnyDay|[upkeep]
|-heal|p1a: Ninetales|99/100|[from] item: Leftovers
|-heal|p2a: Thundurus|82/100 brn|[from] item: Leftovers
|-damage|p2a: Thundurus|69/100 brn|[from] brn
|upkeep
|turn|6
|
|t:|1724191394
|switch|p1a: Blissey|Blissey, F|100/100
|-damage|p1a: Blissey|88/100|[from] Stealth Rock
|move|p2a: Thundurus|Superpower|p1a: Blissey
|-supereffective|p1a: Blissey
|-damage|p1a: Blissey|62/100
|-unboost|p2a: Thundurus|atk|1
|-unboost|p2a: Thundurus|def|1
|
|-weather|SunnyDay|[upkeep]
|-heal|p2a: Thundurus|75/100 brn|[from] item: Leftovers
|-heal|p1a: Blissey|68/100|[from] item: Leftovers
|-damage|p2a: Thundurus|63/100 brn|[from] brn
|upkeep
|turn|7
|
|t:|1724191407
|switch|p2a: Excadrill|Excadrill, F|100/100
|-damage|p2a: Excadrill|97/100|[from] Stealth Rock
|move|p1a: Blissey|Soft-Boiled|p1a: Blissey
|-heal|p1a: Blissey|100/100
|
|-weather|SunnyDay|[upkeep]
|upkeep
|turn|8
|
|t:|1724191431
|switch|p1a: Forretress|Forretress, F|100/100
|-damage|p1a: Forretress|88/100|[from] Stealth Rock
|move|p2a: Excadrill|Swords Dance|p2a: Excadrill
|-boost|p2a: Excadrill|atk|2
|
|-weather|none
|-heal|p1a: Forretress|94/100|[from] item: Leftovers
|upkeep
|turn|9
|
|t:|1724191439
|move|p2a: Excadrill|Earthquake|p1a: Forretress
|-damage|p1a: Forretress|37/100
|move|p1a: Forretress|Earthquake|p2a: Excadrill
|-supereffective|p2a: Excadrill
|-damage|p2a: Excadrill|38/100
|
|-heal|p1a: Forretress|43/100|[from] item: Leftovers
|upkeep
|turn|10
|
|t:|1724191461
|switch|p1a: Cresselia|Cresselia, F|100/100
|-damage|p1a: Cresselia|88/100|[from] Stealth Rock
|move|p2a: Excadrill|Earthquake|p1a: Cresselia
|-immune|p1a: Cresselia|[from] ability: Levitate
|
|-heal|p1a: Cresselia|94/100|[from] item: Leftovers
|upkeep
|turn|11
|
|t:|1724191464
|move|p2a: Excadrill|Rapid Spin|p1a: Cresselia
|-damage|p1a: Cresselia|87/100
|-sideend|p2: The1TruePineapple|Stealth Rock|[from] move: Rapid Spin|[of] p2a: Excadrill
|move|p1a: Cresselia|Ice Beam|p2a: Excadrill
|-damage|p2a: Excadrill|17/100
|
|-heal|p1a: Cresselia|93/100|[from] item: Leftovers
|upkeep
|turn|12
|
|t:|1724191468
|move|p2a: Excadrill|Iron Head|p1a: Cresselia
|-damage|p1a: Cresselia|52/100
|move|p1a: Cresselia|Ice Beam|p2a: Excadrill
|-damage|p2a: Excadrill|0 fnt
|faint|p2a: Excadrill
|
|-heal|p1a: Cresselia|58/100|[from] item: Leftovers
|upkeep
|
|t:|1724191479
|switch|p2a: Thundurus|Thundurus-Therian, M|63/100 brn
|turn|13
|
|t:|1724191482
|move|p2a: Thundurus|Thunderbolt|p1a: Cresselia
|-damage|p1a: Cresselia|20/100
|move|p1a: Cresselia|Moonlight|p1a: Cresselia
|-heal|p1a: Cresselia|70/100
|
|-heal|p2a: Thundurus|69/100 brn|[from] item: Leftovers
|-heal|p1a: Cresselia|76/100|[from] item: Leftovers
|-damage|p2a: Thundurus|57/100 brn|[from] brn
|upkeep
|turn|14
|
|t:|1724191485
|move|p2a: Thundurus|Thunderbolt|p1a: Cresselia
|-crit|p1a: Cresselia
|-damage|p1a: Cresselia|7/100
|move|p1a: Cresselia|Moonlight|p1a: Cresselia
|-heal|p1a: Cresselia|57/100
|
|-heal|p2a: Thundurus|63/100 brn|[from] item: Leftovers
|-heal|p1a: Cresselia|63/100|[from] item: Leftovers
|-damage|p2a: Thundurus|50/100 brn|[from] brn
|upkeep
|turn|15
|
|t:|1724191488
|move|p2a: Thundurus|Thunderbolt|p1a: Cresselia
|-damage|p1a: Cresselia|29/100
|move|p1a: Cresselia|Moonlight|p1a: Cresselia
|-heal|p1a: Cresselia|79/100
|
|-heal|p2a: Thundurus|56/100 brn|[from] item: Leftovers
|-heal|p1a: Cresselia|85/100|[from] item: Leftovers
|-damage|p2a: Thundurus|44/100 brn|[from] brn
|upkeep
|turn|16
|
|t:|1724191493
|move|p2a: Thundurus|Thunder Wave|p1a: Cresselia
|-status|p1a: Cresselia|par
|cant|p1a: Cresselia|par
|
|-heal|p2a: Thundurus|50/100 brn|[from] item: Leftovers
|-heal|p1a: Cresselia|91/100 par|[from] item: Leftovers
|-damage|p2a: Thundurus|38/100 brn|[from] brn
|upkeep
|turn|17
|
|t:|1724191496
|switch|p1a: Blissey|Blissey, F|100/100
|-damage|p1a: Blissey|88/100|[from] Stealth Rock
|move|p2a: Thundurus|Thunderbolt|p1a: Blissey
|-damage|p1a: Blissey|66/100
|
|-heal|p2a: Thundurus|44/100 brn|[from] item: Leftovers
|-heal|p1a: Blissey|73/100|[from] item: Leftovers
|-damage|p2a: Thundurus|31/100 brn|[from] brn
|upkeep
|turn|18
|
|t:|1724191500
|move|p2a: Thundurus|Superpower|p1a: Blissey
|-supereffective|p1a: Blissey
|-damage|p1a: Blissey|47/100
|-unboost|p2a: Thundurus|atk|1
|-unboost|p2a: Thundurus|def|1
|move|p1a: Blissey|Heal Bell|p1a: Blissey
|-activate|p1a: Blissey|move: Heal Bell
|-curestatus|p1: Cresselia|par|[msg]
|
|-heal|p2a: Thundurus|37/100 brn|[from] item: Leftovers
|-heal|p1a: Blissey|53/100|[from] item: Leftovers
|-damage|p2a: Thundurus|25/100 brn|[from] brn
|upkeep
|turn|19
|
|t:|1724191507
|switch|p2a: Landorus|Landorus-Therian, M|100/100
|-ability|p2a: Landorus|Intimidate|boost
|-unboost|p1a: Blissey|atk|1
|move|p1a: Blissey|Soft-Boiled|p1a: Blissey
|-heal|p1a: Blissey|100/100
|
|upkeep
|turn|20
|
|t:|1724191516
|switch|p1a: Cresselia|Cresselia, F|91/100
|-damage|p1a: Cresselia|79/100|[from] Stealth Rock
|move|p2a: Landorus|Substitute|p2a: Landorus
|-start|p2a: Landorus|Substitute
|-damage|p2a: Landorus|76/100
|
|-heal|p2a: Landorus|82/100|[from] item: Leftovers
|-heal|p1a: Cresselia|85/100|[from] item: Leftovers
|upkeep
|turn|21
|
|t:|1724191519
|move|p2a: Landorus|Smack Down|p1a: Cresselia
|-damage|p1a: Cresselia|77/100
|-start|p1a: Cresselia|Smack Down
|move|p1a: Cresselia|Ice Beam|p2a: Landorus
|-supereffective|p2a: Landorus
|-end|p2a: Landorus|Substitute
|
|-heal|p2a: Landorus|88/100|[from] item: Leftovers
|-heal|p1a: Cresselia|83/100|[from] item: Leftovers
|upkeep
|turn|22
|
|t:|1724191522
|move|p2a: Landorus|Earthquake|p1a: Cresselia
|-damage|p1a: Cresselia|62/100
|move|p1a: Cresselia|Ice Beam|p2a: Landorus
|-supereffective|p2a: Landorus
|-damage|p2a: Landorus|0 fnt
|faint|p2a: Landorus
|
|-heal|p1a: Cresselia|68/100|[from] item: Leftovers
|upkeep
|
|t:|1724191526
|switch|p2a: Tyranitar|Tyranitar, F|64/100 brn
|-weather|Sandstorm|[from] ability: Sand Stream|[of] p2a: Tyranitar
|turn|23
|
|t:|1724191529
|switch|p1a: Forretress|Forretress, F|43/100
|-damage|p1a: Forretress|31/100|[from] Stealth Rock
|move|p2a: Tyranitar|Crunch|p1a: Forretress
|-resisted|p1a: Forretress
|-damage|p1a: Forretress|25/100
|
|-weather|Sandstorm|[upkeep]
|-heal|p1a: Forretress|31/100|[from] item: Leftovers
|-damage|p2a: Tyranitar|51/100 brn|[from] brn
|upkeep
|turn|24
|
|t:|1724191537
|switch|p2a: Thundurus|Thundurus-Therian, M|25/100 brn
|move|p1a: Forretress|Rapid Spin|p2a: Thundurus
|-damage|p2a: Thundurus|17/100 brn
|-sideend|p1: phosphor|Stealth Rock|[from] move: Rapid Spin|[of] p1a: Forretress
|
|-weather|Sandstorm|[upkeep]
|-damage|p2a: Thundurus|11/100 brn|[from] Sandstorm
|-heal|p2a: Thundurus|17/100 brn|[from] item: Leftovers
|-heal|p1a: Forretress|38/100|[from] item: Leftovers
|-damage|p2a: Thundurus|5/100 brn|[from] brn
|upkeep
|turn|25
|
|t:|1724191543
|switch|p1a: Blissey|Blissey, F|100/100
|move|p2a: Thundurus|Thunderbolt|p1a: Blissey
|-damage|p1a: Blissey|79/100
|
|-weather|Sandstorm|[upkeep]
|-damage|p2a: Thundurus|0 fnt|[from] Sandstorm
|-damage|p1a: Blissey|73/100|[from] Sandstorm
|faint|p2a: Thundurus
|-heal|p1a: Blissey|79/100|[from] item: Leftovers
|upkeep
|-message|The1TruePineapple forfeited.
|
|win|phosphor
|raw|phosphor's rating: 1378 &rarr; <strong>1401</strong><br />(+23 for winning)
|raw|The1TruePineapple's rating: 1427 &rarr; <strong>1404</strong><br />(-23 for losing)
|l|☆The1TruePineapple
|player|p2|
