|j|☆chomp29
|j|☆Rebecca Peng
|t:|1724960113
|gametype|singles
|player|p1|chomp29|lucas|1407
|player|p2|Rebecca Peng|sonia-masters|1366
|teamsize|p1|6
|teamsize|p2|6
|gen|5
|tier|[Gen 5] OU
|rated|
|rule|Species Clause: Limit one of each Pokémon
|rule|OHKO Clause: OHKO moves are banned
|rule|Moody Clause: Moody is banned
|rule|Evasion Items Clause: Evasion items are banned
|rule|Evasion Moves Clause: Evasion moves are banned
|rule|Endless Battle Clause: Forcing endless battles is banned
|rule|HP Percentage Mod: HP is shown in percentages
|rule|Evasion Abilities Clause: Evasion abilities are banned
|rule|Sleep Moves Clause: Sleep-inducing moves are banned
|rule|Swagger Clause: Swagger is banned
|rule|Baton Pass Stat Clause: No Baton Passer may have a way to boost its stats
|clearpoke
|poke|p1|Ninetales, F|item
|poke|p1|Espeon, F|item
|poke|p1|Victini|item
|poke|p1|Infernape, M|item
|poke|p1|Starmie|item
|poke|p1|Latios, M|item
|poke|p2|Blissey, F|item
|poke|p2|Tyranitar, F|item
|poke|p2|Excadrill, M|item
|poke|p2|Latios, M|item
|poke|p2|Celebi|item
|poke|p2|Skarmory, F|item
|teampreview
|inactive|Battle timer is ON: inactive players will automatically lose when time's up. (requested by chomp29)
|c|☆Rebecca Peng|Hf
|
|t:|1724960127
|start
|switch|p1a: Victini|Victini|100/100
|switch|p2a: Excadrill|Excadrill, M|100/100
|-ability|p2a: Excadrill|Mold Breaker
|turn|1
|
|t:|1724960133
|switch|p1a: Starmie|Starmie|100/100
|-item|p1a: Starmie|Air Balloon
|move|p2a: Excadrill|Earthquake|p1a: Starmie
|-immune|p1a: Starmie
|
|upkeep
|turn|2
|
|t:|1724960138
|move|p2a: Excadrill|Earthquake|p1a: Starmie
|-immune|p1a: Starmie
|move|p1a: Starmie|Grass Knot|p2a: Excadrill
|-damage|p2a: Excadrill|69/100
|
|upkeep
|turn|3
|
|t:|1724960142
|switch|p2a: Blissey|Blissey, F|100/100
|move|p1a: Starmie|Hidden Power|p2a: Blissey
|-damage|p2a: Blissey|90/100
|
|-heal|p2a: Blissey|96/100|[from] item: Leftovers
|upkeep
|turn|4
|
|t:|1724960148
|switch|p1a: Ninetales|Ninetales, F|100/100
|-weather|SunnyDay|[from] ability: Drought|[of] p1a: Ninetales
|-item|p1a: Ninetales|Air Balloon
|switch|p2a: Tyranitar|Tyranitar, F|100/100
|-weather|Sandstorm|[from] ability: Sand Stream|[of] p2a: Tyranitar
|
|-weather|Sandstorm|[upkeep]
|-damage|p1a: Ninetales|95/100|[from] Sandstorm
|upkeep
|turn|5
|
|t:|1724960163
|-activate|p1a: Ninetales|move: Pursuit
|move|p2a: Tyranitar|Pursuit|p1a: Ninetales|[from]Pursuit
|-damage|p1a: Ninetales|0 fnt
|-enditem|p1a: Ninetales|Air Balloon
|faint|p1a: Ninetales
|-hint|A Pokemon can't switch between when it runs out of HP and when it faints
|
|-weather|Sandstorm|[upkeep]
|upkeep
|
|t:|1724960168
|switch|p1a: Infernape|Infernape, M|100/100
|turn|6
|
|t:|1724960176
|switch|p2a: Latios|Latios, M|100/100
|move|p1a: Infernape|Stealth Rock|p2a: Latios
|-sidestart|p2: Rebecca Peng|move: Stealth Rock
|
|-weather|Sandstorm|[upkeep]
|-damage|p2a: Latios|95/100|[from] Sandstorm
|-damage|p1a: Infernape|94/100|[from] Sandstorm
|upkeep
|turn|7
|
|t:|1724960196
|switch|p1a: Starmie|Starmie|100/100
|-item|p1a: Starmie|Air Balloon
|move|p2a: Latios|Draco Meteor|p1a: Starmie
|-damage|p1a: Starmie|3/100
|-unboost|p2a: Latios|spa|2
|-enditem|p1a: Starmie|Air Balloon
|
|-weather|Sandstorm|[upkeep]
|-damage|p1a: Starmie|0 fnt|[from] Sandstorm
|-damage|p2a: Latios|89/100|[from] Sandstorm
|faint|p1a: Starmie
|upkeep
|
|t:|1724960198
|switch|p1a: Espeon|Espeon, F|100/100
|turn|8
|
|t:|1724960202
|switch|p2a: Tyranitar|Tyranitar, F|100/100
|-damage|p2a: Tyranitar|88/100|[from] Stealth Rock
|switch|p1a: Victini|Victini|100/100
|
|-weather|Sandstorm|[upkeep]
|-damage|p1a: Victini|94/100|[from] Sandstorm
|upkeep
|turn|9
|
|t:|1724960212
|move|p1a: Victini|U-turn|p2a: Tyranitar
|-supereffective|p2a: Tyranitar
|-damage|p2a: Tyranitar|44/100
|-activate|p1a: Victini|move: Pursuit
|move|p2a: Tyranitar|Pursuit|p1a: Victini|[from]Pursuit
|-supereffective|p1a: Victini
|-damage|p1a: Victini|0 fnt
|faint|p1a: Victini
|
|-weather|Sandstorm|[upkeep]
|upkeep
|
|t:|1724960232
|switch|p1a: Latios|Latios, M|100/100
|turn|10
|
|t:|1724960238
|move|p1a: Latios|Draco Meteor|p2a: Tyranitar
|-damage|p2a: Tyranitar|4/100
|-unboost|p1a: Latios|spa|2
|move|p2a: Tyranitar|Pursuit|p1a: Latios
|-supereffective|p1a: Latios
|-crit|p1a: Latios
|-damage|p1a: Latios|0 fnt
|faint|p1a: Latios
|
|-weather|Sandstorm|[upkeep]
|upkeep
|c|☆chomp29|Alr gg
|c|☆Rebecca Peng|Lol
|-message|chomp29 forfeited.
|
|win|Rebecca Peng
|raw|chomp29's rating: 1407 &rarr; <strong>1385</strong><br />(-22 for losing)
|raw|Rebecca Peng's rating: 1366 &rarr; <strong>1388</strong><br />(+22 for winning)
|l|☆chomp29
|player|p1|
