|j|☆thbigstuff27
|j|☆BlueClothesHanger
|t:|1716232653
|gametype|singles
|player|p1|thbigstuff27|iris-gen5bw2|1328
|player|p2|BlueClothesHanger|barry|1297
|teamsize|p1|6
|teamsize|p2|6
|gen|5
|tier|[Gen 5] OU
|rated|
|rule|Species Clause: Limit one of each Pokémon
|rule|OHKO Clause: OHKO moves are banned
|rule|Moody Clause: Moody is banned
|rule|Evasion Items Clause: Evasion items are banned
|rule|Evasion Moves Clause: Evasion moves are banned
|rule|Endless Battle Clause: Forcing endless battles is banned
|rule|HP Percentage Mod: HP is shown in percentages
|rule|Evasion Abilities Clause: Evasion abilities are banned
|rule|Sleep Moves Clause: Sleep-inducing moves are banned
|rule|Swagger Clause: Swagger is banned
|rule|Baton Pass Stat Clause: No Baton Passer may have a way to boost its stats
|clearpoke
|poke|p1|Jirachi|item
|poke|p1|Politoed, F|item
|poke|p1|Landorus-Therian, M|item
|poke|p1|Starmie|item
|poke|p1|Dragonite, M|item
|poke|p1|Scizor, M|item
|poke|p2|Politoed, F|item
|poke|p2|Latios, M|item
|poke|p2|Keldeo|item
|poke|p2|Starmie|item
|poke|p2|Jirachi|item
|poke|p2|Thundurus-Therian, M|item
|teampreview
|
|t:|1716232657
|start
|switch|p1a: Landorus|Landorus-Therian, M|100/100
|switch|p2a: Jirachi|Jirachi|100/100
|-ability|p1a: Landorus|Intimidate|boost
|-unboost|p2a: Jirachi|atk|1
|turn|1
|
|t:|1716232664
|switch|p2a: Starmie|Starmie|100/100
|-item|p2a: Starmie|Air Balloon
|move|p1a: Landorus|U-turn|p2a: Starmie
|-supereffective|p2a: Starmie
|-crit|p2a: Starmie
|-damage|p2a: Starmie|0 fnt
|-enditem|p2a: Starmie|Air Balloon
|faint|p2a: Starmie
|
|t:|1716232671
|switch|p1a: Politoed|Politoed, F|100/100|[from] U-turn
|-weather|RainDance|[from] ability: Drizzle|[of] p1a: Politoed
|
|-weather|RainDance|[upkeep]
|upkeep
|
|t:|1716232676
|switch|p2a: Jirachi|Jirachi|100/100
|turn|2
|
|t:|1716232680
|move|p2a: Jirachi|Stealth Rock|p1a: Politoed
|-sidestart|p1: thbigstuff27|move: Stealth Rock
|move|p1a: Politoed|Perish Song|p1a: Politoed
|-start|p1a: Politoed|perish3|[silent]
|-start|p2a: Jirachi|perish3|[silent]
|-fieldactivate|move: Perish Song
|
|-weather|RainDance|[upkeep]
|-start|p2a: Jirachi|perish3
|-start|p1a: Politoed|perish3
|upkeep
|turn|3
|
|t:|1716232685
|move|p2a: Jirachi|Energy Ball|p1a: Politoed
|-supereffective|p1a: Politoed
|-damage|p1a: Politoed|68/100
|move|p1a: Politoed|Scald|p2a: Jirachi
|-damage|p2a: Jirachi|76/100
|-status|p2a: Jirachi|brn
|
|-weather|RainDance|[upkeep]
|-heal|p2a: Jirachi|82/100 brn|[from] item: Leftovers
|-heal|p1a: Politoed|74/100|[from] item: Leftovers
|-damage|p2a: Jirachi|70/100 brn|[from] brn
|-start|p2a: Jirachi|perish2
|-start|p1a: Politoed|perish2
|upkeep
|turn|4
|
|t:|1716232691
|switch|p1a: Starmie|Starmie|100/100
|-damage|p1a: Starmie|88/100|[from] Stealth Rock
|move|p2a: Jirachi|Energy Ball|p1a: Starmie
|-supereffective|p1a: Starmie
|-damage|p1a: Starmie|31/100
|-unboost|p1a: Starmie|spd|1
|
|-weather|RainDance|[upkeep]
|-heal|p1a: Starmie|37/100|[from] item: Leftovers
|-heal|p2a: Jirachi|76/100 brn|[from] item: Leftovers
|-damage|p2a: Jirachi|63/100 brn|[from] brn
|-start|p2a: Jirachi|perish1
|upkeep
|turn|5
|
|t:|1716232700
|move|p1a: Starmie|Rapid Spin|p2a: Jirachi
|-resisted|p2a: Jirachi
|-damage|p2a: Jirachi|62/100 brn
|-sideend|p1: thbigstuff27|Stealth Rock|[from] move: Rapid Spin|[of] p1a: Starmie
|move|p2a: Jirachi|U-turn|p1a: Starmie
|-supereffective|p1a: Starmie
|-damage|p1a: Starmie|15/100
|
|t:|1716232713
|switch|p2a: Latios|Latios, M|100/100|[from] U-turn
|
|-weather|RainDance|[upkeep]
|-heal|p1a: Starmie|21/100|[from] item: Leftovers
|upkeep
|turn|6
|
|t:|1716232740
|switch|p1a: Scizor|Scizor, M|100/100
|move|p2a: Latios|Thunder|p1a: Scizor
|-damage|p1a: Scizor|13/100
|-status|p1a: Scizor|par
|-enditem|p1a: Scizor|Lum Berry|[eat]
|-curestatus|p1a: Scizor|par|[msg]
|
|-weather|RainDance|[upkeep]
|upkeep
|turn|7
|
|t:|1716232745
|move|p1a: Scizor|Bullet Punch|p2a: Latios
|-damage|p2a: Latios|59/100
|move|p2a: Latios|Thunder|p1a: Scizor
|-damage|p1a: Scizor|0 fnt
|faint|p1a: Scizor
|
|-weather|RainDance|[upkeep]
|upkeep
|
|t:|1716232752
|switch|p1a: Landorus|Landorus-Therian, M|100/100
|-ability|p1a: Landorus|Intimidate|boost
|-unboost|p2a: Latios|atk|1
|turn|8
|
|t:|1716232760
|switch|p2a: Keldeo|Keldeo|100/100
|move|p1a: Landorus|U-turn|p2a: Keldeo
|-resisted|p2a: Keldeo
|-damage|p2a: Keldeo|84/100
|
|t:|1716232766
|switch|p1a: Starmie|Starmie|21/100|[from] U-turn
|
|-weather|RainDance|[upkeep]
|-heal|p1a: Starmie|27/100|[from] item: Leftovers
|-heal|p2a: Keldeo|91/100|[from] item: Leftovers
|upkeep
|turn|9
|
|t:|1716232772
|switch|p2a: Jirachi|Jirachi|62/100 brn
|move|p1a: Starmie|Psyshock|p2a: Jirachi
|-resisted|p2a: Jirachi
|-damage|p2a: Jirachi|55/100 brn
|
|-weather|RainDance|[upkeep]
|-heal|p1a: Starmie|33/100|[from] item: Leftovers
|-heal|p2a: Jirachi|61/100 brn|[from] item: Leftovers
|-damage|p2a: Jirachi|49/100 brn|[from] brn
|upkeep
|turn|10
|
|t:|1716232783
|switch|p1a: Dragonite|Dragonite, M|100/100
|move|p2a: Jirachi|Stealth Rock|p1a: Dragonite
|-sidestart|p1: thbigstuff27|move: Stealth Rock
|
|-weather|RainDance|[upkeep]
|-heal|p2a: Jirachi|55/100 brn|[from] item: Leftovers
|-damage|p2a: Jirachi|43/100 brn|[from] brn
|upkeep
|turn|11
|
|t:|1716232788
|move|p2a: Jirachi|U-turn|p1a: Dragonite
|-resisted|p1a: Dragonite
|-damage|p1a: Dragonite|99/100
|
|t:|1716232791
|switch|p2a: Politoed|Politoed, F|100/100|[from] U-turn
|move|p1a: Dragonite|Dragon Dance|p1a: Dragonite
|-boost|p1a: Dragonite|atk|1
|-boost|p1a: Dragonite|spe|1
|
|-weather|RainDance|[upkeep]
|upkeep
|turn|12
|
|t:|1716232802
|switch|p1a: Jirachi|Jirachi|100/100
|-damage|p1a: Jirachi|94/100|[from] Stealth Rock
|move|p2a: Politoed|Ice Beam|p1a: Jirachi
|-resisted|p1a: Jirachi
|-damage|p1a: Jirachi|83/100
|
|-weather|RainDance|[upkeep]
|-heal|p1a: Jirachi|89/100|[from] item: Leftovers
|upkeep
|turn|13
|
|t:|1716232812
|switch|p2a: Thundurus|Thundurus-Therian, M|100/100
|move|p1a: Jirachi|Substitute|p1a: Jirachi
|-start|p1a: Jirachi|Substitute
|-damage|p1a: Jirachi|64/100
|
|-weather|RainDance|[upkeep]
|-heal|p1a: Jirachi|70/100|[from] item: Leftovers
|upkeep
|turn|14
|
|t:|1716232818
|move|p2a: Thundurus|Agility|p2a: Thundurus
|-boost|p2a: Thundurus|spe|2
|move|p1a: Jirachi|Water Pulse|p2a: Thundurus
|-crit|p2a: Thundurus
|-damage|p2a: Thundurus|30/100
|
|-weather|RainDance|[upkeep]
|-heal|p2a: Thundurus|37/100|[from] item: Leftovers
|-heal|p1a: Jirachi|76/100|[from] item: Leftovers
|upkeep
|turn|15
|
|t:|1716232823
|move|p2a: Thundurus|Thunder|p1a: Jirachi
|-end|p1a: Jirachi|Substitute
|move|p1a: Jirachi|Water Pulse|p2a: Thundurus
|-damage|p2a: Thundurus|3/100
|
|-weather|RainDance|[upkeep]
|-heal|p2a: Thundurus|10/100|[from] item: Leftovers
|-heal|p1a: Jirachi|82/100|[from] item: Leftovers
|upkeep
|turn|16
|
|t:|1716232829
|move|p2a: Thundurus|Thunder|p1a: Jirachi
|-damage|p1a: Jirachi|23/100
|move|p1a: Jirachi|Water Pulse|p2a: Thundurus
|-damage|p2a: Thundurus|0 fnt
|faint|p2a: Thundurus
|
|-weather|RainDance|[upkeep]
|-heal|p1a: Jirachi|29/100|[from] item: Leftovers
|upkeep
|
|t:|1716232850
|switch|p2a: Latios|Latios, M|59/100
|turn|17
|
|t:|1716232855
|move|p2a: Latios|Surf|p1a: Jirachi
|-damage|p1a: Jirachi|0 fnt
|faint|p1a: Jirachi
|
|-weather|RainDance|[upkeep]
|upkeep
|
|t:|1716232864
|switch|p1a: Politoed|Politoed, F|74/100
|-damage|p1a: Politoed|62/100|[from] Stealth Rock
|turn|18
|
|t:|1716232867
|switch|p2a: Jirachi|Jirachi|43/100 brn
|move|p1a: Politoed|Toxic|p2a: Jirachi|[miss]
|-miss|p1a: Politoed|p2a: Jirachi
|
|-weather|RainDance|[upkeep]
|-heal|p2a: Jirachi|49/100 brn|[from] item: Leftovers
|-heal|p1a: Politoed|68/100|[from] item: Leftovers
|-damage|p2a: Jirachi|37/100 brn|[from] brn
|upkeep
|turn|19
|
|t:|1716232873
|move|p1a: Politoed|Protect|p1a: Politoed
|-singleturn|p1a: Politoed|Protect
|move|p2a: Jirachi|Energy Ball|p1a: Politoed
|-activate|p1a: Politoed|move: Protect
|
|-weather|RainDance|[upkeep]
|-heal|p2a: Jirachi|43/100 brn|[from] item: Leftovers
|-heal|p1a: Politoed|74/100|[from] item: Leftovers
|-damage|p2a: Jirachi|30/100 brn|[from] brn
|upkeep
|turn|20
|
|t:|1716232884
|switch|p1a: Landorus|Landorus-Therian, M|100/100
|-damage|p1a: Landorus|88/100|[from] Stealth Rock
|-ability|p1a: Landorus|Intimidate|boost
|-unboost|p2a: Jirachi|atk|1
|move|p2a: Jirachi|Flash Cannon|p1a: Landorus
|-damage|p1a: Landorus|56/100
|
|-weather|RainDance|[upkeep]
|-heal|p2a: Jirachi|37/100 brn|[from] item: Leftovers
|-damage|p2a: Jirachi|24/100 brn|[from] brn
|upkeep
|turn|21
|
|t:|1716232897
|switch|p2a: Politoed|Politoed, F|100/100
|move|p1a: Landorus|Stealth Rock|p2a: Politoed
|-sidestart|p2: BlueClothesHanger|move: Stealth Rock
|
|-weather|RainDance|[upkeep]
|upkeep
|turn|22
|
|t:|1716232905
|switch|p1a: Politoed|Politoed, F|74/100
|-damage|p1a: Politoed|62/100|[from] Stealth Rock
|move|p2a: Politoed|Surf|p1a: Politoed
|-resisted|p1a: Politoed
|-damage|p1a: Politoed|35/100
|
|-weather|RainDance|[upkeep]
|-heal|p1a: Politoed|41/100|[from] item: Leftovers
|upkeep
|turn|23
|
|t:|1716232915
|switch|p2a: Keldeo|Keldeo|91/100
|-damage|p2a: Keldeo|84/100|[from] Stealth Rock
|move|p1a: Politoed|Scald|p2a: Keldeo
|-resisted|p2a: Keldeo
|-damage|p2a: Keldeo|61/100
|
|-weather|RainDance|[upkeep]
|-heal|p2a: Keldeo|67/100|[from] item: Leftovers
|-heal|p1a: Politoed|47/100|[from] item: Leftovers
|upkeep
|turn|24
|
|t:|1716232918
|move|p1a: Politoed|Protect|p1a: Politoed
|-singleturn|p1a: Politoed|Protect
|move|p2a: Keldeo|Calm Mind|p2a: Keldeo
|-boost|p2a: Keldeo|spa|1
|-boost|p2a: Keldeo|spd|1
|
|-weather|RainDance|[upkeep]
|-heal|p2a: Keldeo|73/100|[from] item: Leftovers
|-heal|p1a: Politoed|53/100|[from] item: Leftovers
|upkeep
|turn|25
|
|t:|1716232921
|move|p2a: Keldeo|Calm Mind|p2a: Keldeo
|-boost|p2a: Keldeo|spa|1
|-boost|p2a: Keldeo|spd|1
|move|p1a: Politoed|Perish Song|p1a: Politoed
|-start|p1a: Politoed|perish3|[silent]
|-start|p2a: Keldeo|perish3|[silent]
|-fieldactivate|move: Perish Song
|
|-weather|RainDance|[upkeep]
|-heal|p2a: Keldeo|79/100|[from] item: Leftovers
|-heal|p1a: Politoed|60/100|[from] item: Leftovers
|-start|p2a: Keldeo|perish3
|-start|p1a: Politoed|perish3
|upkeep
|turn|26
|
|t:|1716232927
|move|p1a: Politoed|Protect|p1a: Politoed
|-singleturn|p1a: Politoed|Protect
|move|p2a: Keldeo|Secret Sword|p1a: Politoed
|-activate|p1a: Politoed|move: Protect
|
|-weather|RainDance|[upkeep]
|-heal|p2a: Keldeo|85/100|[from] item: Leftovers
|-heal|p1a: Politoed|66/100|[from] item: Leftovers
|-start|p2a: Keldeo|perish2
|-start|p1a: Politoed|perish2
|upkeep
|turn|27
|
|t:|1716232945
|switch|p1a: Landorus|Landorus-Therian, M|56/100
|-damage|p1a: Landorus|44/100|[from] Stealth Rock
|-ability|p1a: Landorus|Intimidate|boost
|-unboost|p2a: Keldeo|atk|1
|move|p2a: Keldeo|Secret Sword|p1a: Landorus
|-resisted|p1a: Landorus
|-crit|p1a: Landorus
|-damage|p1a: Landorus|0 fnt
|faint|p1a: Landorus
|
|-weather|RainDance|[upkeep]
|-heal|p2a: Keldeo|92/100|[from] item: Leftovers
|-start|p2a: Keldeo|perish1
|upkeep
|
|t:|1716232964
|switch|p1a: Starmie|Starmie|33/100
|-damage|p1a: Starmie|21/100|[from] Stealth Rock
|turn|28
|
|t:|1716232974
|switch|p2a: Jirachi|Jirachi|24/100 brn
|-damage|p2a: Jirachi|18/100 brn|[from] Stealth Rock
|move|p1a: Starmie|Thunder|p2a: Jirachi
|-damage|p2a: Jirachi|0 fnt
|faint|p2a: Jirachi
|
|-weather|RainDance|[upkeep]
|-heal|p1a: Starmie|27/100|[from] item: Leftovers
|upkeep
|
|t:|1716232980
|switch|p2a: Politoed|Politoed, F|100/100
|-damage|p2a: Politoed|88/100|[from] Stealth Rock
|turn|29
|
|t:|1716232990
|move|p2a: Politoed|Surf|p1a: Starmie
|-resisted|p1a: Starmie
|-damage|p1a: Starmie|0 fnt
|faint|p1a: Starmie
|
|-weather|RainDance|[upkeep]
|upkeep
|
|t:|1716232997
|switch|p1a: Politoed|Politoed, F|66/100
|-damage|p1a: Politoed|53/100|[from] Stealth Rock
|turn|30
|
|t:|1716233000
|switch|p2a: Latios|Latios, M|59/100
|-damage|p2a: Latios|46/100|[from] Stealth Rock
|move|p1a: Politoed|Toxic|p2a: Latios
|-status|p2a: Latios|tox
|
|-weather|RainDance|[upkeep]
|-heal|p1a: Politoed|60/100|[from] item: Leftovers
|-damage|p2a: Latios|40/100 tox|[from] psn
|upkeep
|turn|31
|
|t:|1716233005
|move|p1a: Politoed|Protect|p1a: Politoed
|-singleturn|p1a: Politoed|Protect
|move|p2a: Latios|Draco Meteor|p1a: Politoed
|-activate|p1a: Politoed|move: Protect
|
|-weather|RainDance|[upkeep]
|-heal|p1a: Politoed|66/100|[from] item: Leftovers
|-damage|p2a: Latios|28/100 tox|[from] psn
|upkeep
|turn|32
|
|t:|1716233013
|move|p1a: Politoed|Protect||[still]
|-fail|p1a: Politoed
|move|p2a: Latios|Draco Meteor|p1a: Politoed
|-damage|p1a: Politoed|0 fnt
|-unboost|p2a: Latios|spa|2
|faint|p1a: Politoed
|
|-weather|RainDance|[upkeep]
|-damage|p2a: Latios|10/100 tox|[from] psn
|upkeep
|
|t:|1716233017
|switch|p1a: Dragonite|Dragonite, M|99/100
|-damage|p1a: Dragonite|74/100|[from] Stealth Rock
|turn|33
|
|t:|1716233021
|move|p1a: Dragonite|Extreme Speed|p2a: Latios
|-damage|p2a: Latios|0 fnt
|faint|p2a: Latios
|
|-weather|RainDance|[upkeep]
|upkeep
|
|t:|1716233023
|switch|p2a: Politoed|Politoed, F|88/100
|-damage|p2a: Politoed|76/100|[from] Stealth Rock
|turn|34
|
|t:|1716233026
|move|p2a: Politoed|Ice Beam|p1a: Dragonite
|-supereffective|p1a: Dragonite
|-damage|p1a: Dragonite|0 fnt
|faint|p1a: Dragonite
|
|win|BlueClothesHanger
|raw|thbigstuff27's rating: 1328 &rarr; <strong>1306</strong><br />(-22 for losing)
|raw|BlueClothesHanger's rating: 1297 &rarr; <strong>1324</strong><br />(+27 for winning)
|l|☆thbigstuff27
|player|p1|
|c|☆BlueClothesHanger|gg
