|j|☆radom rng
|j|☆Spritzalcianuro96
|t:|1596877618
|player|p1|radom rng|red|1400
|player|p2|Spritzalcianuro96|colress|1489
|teamsize|p1|6
|teamsize|p2|6
|gametype|singles
|gen|5
|tier|[Gen 5] OU
|rated|
|clearpoke
|poke|p1|Ninetales, F|item
|poke|p1|Galvantula, M|item
|poke|p1|Salamence, F|item
|poke|p1|Virizion|item
|poke|p1|Xatu, M|item
|poke|p1|Landorus-Therian, M|item
|poke|p2|Azelf|item
|poke|p2|Garchomp, M|item
|poke|p2|Breloom, F|item
|poke|p2|Scizor, F|item
|poke|p2|Dragonite, M|item
|poke|p2|Salamence, M|item
|rule|Species Clause: Limit one of each Pokémon
|rule|OHKO Clause: OHKO moves are banned
|rule|Moody Clause: Moody is banned
|rule|Evasion Moves Clause: Evasion moves are banned
|rule|Endless Battle Clause: Forcing endless battles is banned
|rule|HP Percentage Mod: HP is shown in percentages
|rule|Evasion Abilities Clause: Evasion abilities are banned
|rule|Baton Pass Clause: Limit one Baton Passer, can't pass Spe and other stats simultaneously
|rule|Sleep Clause: Sleep-inducing moves are banned
|rule|Swagger Clause: Swagger is banned
|teampreview
|
|t:|1596877626
|start
|switch|p1a: Ninetales|Ninetales, F|100/100
|switch|p2a: Azelf|Azelf|100/100
|-weather|SunnyDay|[from] ability: Drought|[of] p1a: Ninetales
|turn|1
|inactive|Battle timer is ON: inactive players will automatically lose when time's up. (requested by radom rng)
|
|t:|1596877634
|move|p2a: Azelf|Explosion|p1a: Ninetales
|-damage|p1a: Ninetales|11/100
|faint|p2a: Azelf
|move|p1a: Ninetales|Flamethrower|p2: Azelf|[notarget]
|-fail|p1a: Ninetales
|
|-weather|SunnyDay|[upkeep]
|-heal|p1a: Ninetales|17/100|[from] item: Leftovers
|upkeep
|
|t:|1596877649
|switch|p2a: Salamence|Salamence, M|100/100
|turn|2
|
|t:|1596877658
|move|p2a: Salamence|Dragon Claw|p1a: Ninetales
|-damage|p1a: Ninetales|0 fnt
|faint|p1a: Ninetales
|-ability|p2a: Salamence|Moxie|boost
|-boost|p2a: Salamence|atk|1
|
|-weather|SunnyDay|[upkeep]
|upkeep
|
|t:|1596877666
|switch|p1a: Landorus|Landorus-Therian, M|100/100
|-ability|p1a: Landorus|Intimidate|boost
|-unboost|p2a: Salamence|atk|1
|turn|3
|
|t:|1596877671
|switch|p2a: Breloom|Breloom, F|100/100
|move|p1a: Landorus|Stone Edge|p2a: Breloom
|-resisted|p2a: Breloom
|-damage|p2a: Breloom|71/100
|
|-weather|SunnyDay|[upkeep]
|-status|p2a: Breloom|tox|[from] item: Toxic Orb
|upkeep
|turn|4
|
|t:|1596877675
|switch|p1a: Xatu|Xatu, M|100/100
|move|p2a: Breloom|Seed Bomb|p1a: Xatu
|-resisted|p1a: Xatu
|-damage|p1a: Xatu|79/100
|
|-weather|SunnyDay|[upkeep]
|-heal|p1a: Xatu|85/100|[from] item: Leftovers
|-heal|p2a: Breloom|83/100 tox|[from] ability: Poison Heal
|upkeep
|turn|5
|inactive|Spritzalcianuro96 has 120 seconds left.
|
|t:|1596877727
|move|p2a: Breloom|Rock Slide|p1a: Xatu
|-supereffective|p1a: Xatu
|-damage|p1a: Xatu|25/100
|move|p1a: Xatu|Heat Wave|p2a: Breloom
|-supereffective|p2a: Breloom
|-damage|p2a: Breloom|0 fnt
|faint|p2a: Breloom
|
|-weather|SunnyDay|[upkeep]
|-heal|p1a: Xatu|31/100|[from] item: Leftovers
|upkeep
|inactive|Spritzalcianuro96 has 90 seconds left.
|
|t:|1596877742
|switch|p2a: Dragonite|Dragonite, M|100/100
|turn|6
|
|t:|1596877767
|move|p2a: Dragonite|Dragon Dance|p2a: Dragonite
|-boost|p2a: Dragonite|atk|1
|-boost|p2a: Dragonite|spe|1
|move|p1a: Xatu|Thunder Wave|p2a: Dragonite
|-status|p2a: Dragonite|par
|-enditem|p2a: Dragonite|Lum Berry|[eat]
|-curestatus|p2a: Dragonite|par|[msg]
|
|-weather|SunnyDay|[upkeep]
|-heal|p1a: Xatu|37/100|[from] item: Leftovers
|upkeep
|turn|7
|
|t:|1596877775
|move|p2a: Dragonite|Fire Punch|p1a: Xatu
|-damage|p1a: Xatu|0 fnt
|faint|p1a: Xatu
|
|-weather|SunnyDay|[upkeep]
|upkeep
|
|t:|1596877783
|switch|p1a: Landorus|Landorus-Therian, M|100/100
|-ability|p1a: Landorus|Intimidate|boost
|-unboost|p2a: Dragonite|atk|1
|turn|8
|
|t:|1596877790
|switch|p2a: Garchomp|Garchomp, M|100/100
|move|p1a: Landorus|Stone Edge|p2a: Garchomp
|-resisted|p2a: Garchomp
|-damage|p2a: Garchomp|82/100
|
|-weather|SunnyDay|[upkeep]
|upkeep
|turn|9
|inactive|Spritzalcianuro96 has 120 seconds left.
|
|t:|1596877797
|switch|p1a: Galvantula|Galvantula, M|100/100
|move|p2a: Garchomp|Swords Dance|p2a: Garchomp
|-boost|p2a: Garchomp|atk|2
|
|-weather|SunnyDay|[upkeep]
|upkeep
|turn|10
|
|t:|1596877803
|move|p1a: Galvantula|Hidden Power|p2a: Garchomp
|-supereffective|p2a: Garchomp
|-damage|p2a: Garchomp|0 fnt
|-damage|p1a: Galvantula|91/100|[from] item: Life Orb
|faint|p2a: Garchomp
|
|-weather|SunnyDay|[upkeep]
|upkeep
|
|t:|1596877806
|switch|p2a: Salamence|Salamence, M|100/100
|turn|11
|
|t:|1596877810
|move|p2a: Salamence|Outrage|p1a: Galvantula
|-damage|p1a: Galvantula|0 fnt
|faint|p1a: Galvantula
|-ability|p2a: Salamence|Moxie|boost
|-boost|p2a: Salamence|atk|1
|
|-weather|SunnyDay|[upkeep]
|upkeep
|
|t:|1596877816
|switch|p1a: Landorus|Landorus-Therian, M|100/100
|-ability|p1a: Landorus|Intimidate|boost
|-unboost|p2a: Salamence|atk|1
|turn|12
|
|t:|1596877819
|move|p2a: Salamence|Outrage|p1a: Landorus|[from]lockedmove
|-damage|p1a: Landorus|13/100
|move|p1a: Landorus|Stone Edge|p2a: Salamence
|-supereffective|p2a: Salamence
|-damage|p2a: Salamence|11/100
|
|-weather|SunnyDay|[upkeep]
|upkeep
|turn|13
|
|t:|1596877826
|move|p2a: Salamence|Outrage|p1a: Landorus|[from]lockedmove
|-damage|p1a: Landorus|0 fnt
|-start|p2a: Salamence|confusion|[fatigue]
|faint|p1a: Landorus
|-ability|p2a: Salamence|Moxie|boost
|-boost|p2a: Salamence|atk|1
|
|-weather|SunnyDay|[upkeep]
|upkeep
|
|t:|1596877830
|switch|p1a: Salamence|Salamence, F|100/100
|turn|14
|
|t:|1596877846
|-activate|p2a: Salamence|confusion
|-damage|p2a: Salamence|0 fnt|[from] confusion
|faint|p2a: Salamence
|move|p1a: Salamence|Fire Fang|p2: Salamence|[notarget]
|-fail|p1a: Salamence
|
|-weather|SunnyDay|[upkeep]
|upkeep
|
|t:|1596877850
|switch|p2a: Dragonite|Dragonite, M|100/100
|turn|15
|
|t:|1596877857
|move|p1a: Salamence|Outrage|p2a: Dragonite
|-supereffective|p2a: Dragonite
|-damage|p2a: Dragonite|7/100
|-damage|p1a: Salamence|91/100|[from] item: Life Orb
|move|p2a: Dragonite|Dragon Dance|p2a: Dragonite
|-boost|p2a: Dragonite|atk|1
|-boost|p2a: Dragonite|spe|1
|
|-weather|SunnyDay|[upkeep]
|upkeep
|turn|16
|
|t:|1596877865
|move|p2a: Dragonite|Outrage|p1a: Salamence
|-supereffective|p1a: Salamence
|-damage|p1a: Salamence|0 fnt
|faint|p1a: Salamence
|
|-weather|SunnyDay|[upkeep]
|upkeep
|
|t:|1596877891
|switch|p1a: Virizion|Virizion|100/100
|turn|17
|
|t:|1596877896
|move|p2a: Dragonite|Outrage|p1a: Virizion|[from]lockedmove
|-damage|p1a: Virizion|0 fnt
|faint|p1a: Virizion
|
|win|Spritzalcianuro96
|l|☆radom rng
|raw|radom rng's rating: 1401 &rarr; <strong>1384</strong><br />(-17 for losing)
|raw|Spritzalcianuro96's rating: 1460 &rarr; <strong>1477</strong><br />(+17 for winning)
