|j|☆blossummm
|j|☆kingofironfrisk
|t:|1743028114
|gametype|singles
|player|p1|blossummm|roxie|1417
|player|p2|kingofironfrisk|tabitha-gen3|1340
|teamsize|p1|6
|teamsize|p2|6
|gen|5
|tier|[Gen 5] OU
|rated|
|rule|Species Clause: Limit one of each Pokémon
|rule|OHKO Clause: OHKO moves are banned
|rule|Moody Clause: Moody is banned
|rule|Evasion Items Clause: Evasion items are banned
|rule|Evasion Moves Clause: Evasion moves are banned
|rule|Endless Battle Clause: Forcing endless battles is banned
|rule|HP Percentage Mod: HP is shown in percentages
|rule|Evasion Abilities Clause: Evasion abilities are banned
|rule|Sleep Moves Clause: Sleep-inducing moves are banned
|rule|Swagger Clause: Swagger is banned
|rule|Baton Pass Stat Clause: No Baton Passer may have a way to boost its stats
|clearpoke
|poke|p1|Politoed, F|item
|poke|p1|Thundurus-Therian, M|item
|poke|p1|Tornadus, M|item
|poke|p1|Ferrothorn, F|item
|poke|p1|Blastoise, M|item
|poke|p1|Latios, M|item
|poke|p2|Garchomp, F|item
|poke|p2|Politoed, M|item
|poke|p2|Starmie|item
|poke|p2|Ferrothorn, F|item
|poke|p2|Nidoking, M|item
|poke|p2|Tornadus, M|item
|teampreview
|inactive|Battle timer is ON: inactive players will automatically lose when time's up. (requested by kingofironfrisk)
|
|t:|1743028126
|start
|switch|p1a: Politoed|Politoed, F, shiny|100/100
|switch|p2a: Ferrothorn|Ferrothorn, F|100/100
|-weather|RainDance|[from] ability: Drizzle|[of] p1a: Politoed
|turn|1
|
|t:|1743028133
|switch|p1a: Thundurus|Thundurus-Therian, M|100/100
|move|p2a: Ferrothorn|Spikes|p1a: Thundurus
|-sidestart|p1: blossummm|Spikes
|
|-weather|RainDance|[upkeep]
|upkeep
|turn|2
|
|t:|1743028137
|move|p1a: Thundurus|Focus Blast|p2a: Ferrothorn
|-supereffective|p2a: Ferrothorn
|-damage|p2a: Ferrothorn|17/100
|-unboost|p2a: Ferrothorn|spd|1
|move|p2a: Ferrothorn|Spikes|p1a: Thundurus
|-sidestart|p1: blossummm|Spikes
|
|-weather|RainDance|[upkeep]
|upkeep
|turn|3
|-enditem|p2a: Ferrothorn|Custap Berry|[eat]
|-activate|p2a: Ferrothorn|item: Custap Berry|[consumed]
|
|t:|1743028141
|move|p2a: Ferrothorn|Explosion|p1a: Thundurus
|-damage|p1a: Thundurus|0 fnt
|faint|p2a: Ferrothorn
|faint|p1a: Thundurus
|
|-weather|RainDance|[upkeep]
|upkeep
|
|t:|1743028147
|switch|p1a: Ferrothorn|Ferrothorn, F|100/100
|switch|p2a: Garchomp|Garchomp, F|100/100
|-damage|p1a: Ferrothorn|84/100|[from] Spikes
|turn|4
|
|t:|1743028150
|move|p2a: Garchomp|Swords Dance|p2a: Garchomp
|-boost|p2a: Garchomp|atk|2
|move|p1a: Ferrothorn|Stealth Rock|p2a: Garchomp
|-sidestart|p2: kingofironfrisk|move: Stealth Rock
|
|-weather|RainDance|[upkeep]
|upkeep
|turn|5
|
|t:|1743028154
|move|p2a: Garchomp|Earthquake|p1a: Ferrothorn
|-damage|p1a: Ferrothorn|0 fnt
|faint|p1a: Ferrothorn
|
|-weather|RainDance|[upkeep]
|upkeep
|
|t:|1743028161
|switch|p1a: Latios|Latios, M|100/100
|turn|6
|
|t:|1743028171
|move|p1a: Latios|Dragon Pulse|p2a: Garchomp
|-supereffective|p2a: Garchomp
|-enditem|p2a: Garchomp|Focus Sash
|-damage|p2a: Garchomp|1/100
|move|p2a: Garchomp|Outrage|p1a: Latios
|-supereffective|p1a: Latios
|-damage|p1a: Latios|0 fnt
|faint|p1a: Latios
|
|-weather|RainDance|[upkeep]
|upkeep
|
|t:|1743028180
|switch|p1a: Tornadus|Tornadus, M|100/100
|turn|7
|
|t:|1743028182
|move|p1a: Tornadus|Hurricane|p2a: Garchomp
|-damage|p2a: Garchomp|0 fnt
|faint|p2a: Garchomp
|-damage|p1a: Tornadus|91/100|[from] item: Life Orb
|
|-weather|RainDance|[upkeep]
|upkeep
|
|t:|1743028192
|switch|p2a: Politoed|Politoed, M, shiny|100/100
|-damage|p2a: Politoed|88/100|[from] Stealth Rock
|turn|8
|
|t:|1743028197
|move|p2a: Politoed|Scald|p1a: Tornadus
|-damage|p1a: Tornadus|11/100
|-status|p1a: Tornadus|brn
|move|p1a: Tornadus|Hurricane|p2a: Politoed
|-damage|p2a: Politoed|0 fnt
|faint|p2a: Politoed
|-damage|p1a: Tornadus|1/100 brn|[from] item: Life Orb
|
|-weather|RainDance|[upkeep]
|-damage|p1a: Tornadus|0 fnt|[from] brn
|faint|p1a: Tornadus
|upkeep
|
|t:|1743028208
|switch|p1a: Blastoise|Blastoise, M|100/100
|switch|p2a: Tornadus|Tornadus, M|100/100
|-damage|p2a: Tornadus|76/100|[from] Stealth Rock
|-damage|p1a: Blastoise|84/100|[from] Spikes
|turn|9
|
|t:|1743028211
|move|p2a: Tornadus|Hurricane|p1a: Blastoise
|-damage|p1a: Blastoise|29/100
|move|p1a: Blastoise|Scald|p2a: Tornadus
|-damage|p2a: Tornadus|23/100
|
|-weather|RainDance|[upkeep]
|-heal|p1a: Blastoise|35/100|[from] ability: Rain Dish
|-heal|p1a: Blastoise|41/100|[from] item: Leftovers
|upkeep
|turn|10
|
|t:|1743028218
|move|p1a: Blastoise|Protect|p1a: Blastoise
|-singleturn|p1a: Blastoise|Protect
|move|p2a: Tornadus|Hurricane|p1a: Blastoise
|-activate|p1a: Blastoise|move: Protect
|
|-weather|RainDance|[upkeep]
|-heal|p1a: Blastoise|47/100|[from] ability: Rain Dish
|-heal|p1a: Blastoise|53/100|[from] item: Leftovers
|upkeep
|turn|11
|
|t:|1743028228
|move|p2a: Tornadus|Hurricane|p1a: Blastoise
|-damage|p1a: Blastoise|0 fnt
|faint|p1a: Blastoise
|
|-weather|RainDance|[upkeep]
|upkeep
|
|t:|1743028232
|switch|p1a: Politoed|Politoed, F, shiny|100/100
|-damage|p1a: Politoed|84/100|[from] Spikes
|turn|12
|
|t:|1743028237
|move|p2a: Tornadus|Tailwind|p2a: Tornadus
|-sidestart|p2: kingofironfrisk|move: Tailwind
|move|p1a: Politoed|Surf|p2a: Tornadus
|-crit|p2a: Tornadus
|-damage|p2a: Tornadus|0 fnt
|faint|p2a: Tornadus
|
|-weather|RainDance|[upkeep]
|upkeep
|
|t:|1743028239
|switch|p2a: Nidoking|Nidoking, M, shiny|100/100
|-damage|p2a: Nidoking|95/100|[from] Stealth Rock
|turn|13
|
|t:|1743028245
|move|p2a: Nidoking|Thunder|p1a: Politoed
|-supereffective|p1a: Politoed
|-damage|p1a: Politoed|0 fnt
|faint|p1a: Politoed
|
|win|kingofironfrisk
|raw|blossummm's rating: 1417 &rarr; <strong>1393</strong><br />(-24 for losing)
|raw|kingofironfrisk's rating: 1340 &rarr; <strong>1364</strong><br />(+24 for winning)
|l|☆blossummm
|player|p1|
