|j|☆Ddrakos
|j|☆SattleBimulator
|t:|1737008088
|gametype|singles
|player|p1|Ddrakos|giovanni|1397
|player|p2|SattleBimulator|265|1383
|teamsize|p1|6
|teamsize|p2|6
|gen|5
|tier|[Gen 5] OU
|rated|
|rule|Species Clause: Limit one of each Pokémon
|rule|OHKO Clause: OHKO moves are banned
|rule|Moody Clause: Moody is banned
|rule|Evasion Items Clause: Evasion items are banned
|rule|Evasion Moves Clause: Evasion moves are banned
|rule|Endless Battle Clause: Forcing endless battles is banned
|rule|HP Percentage Mod: HP is shown in percentages
|rule|Evasion Abilities Clause: Evasion abilities are banned
|rule|Sleep Moves Clause: Sleep-inducing moves are banned
|rule|Swagger Clause: Swagger is banned
|rule|Baton Pass Stat Clause: No Baton Passer may have a way to boost its stats
|clearpoke
|poke|p1|Keldeo|item
|poke|p1|Thundurus-Therian, M|item
|poke|p1|Excadrill, F|item
|poke|p1|Tyranitar, F|item
|poke|p1|Rotom-Wash|item
|poke|p1|Ferrothorn, F|item
|poke|p2|Jirachi|item
|poke|p2|Garchomp, F|item
|poke|p2|Tyranitar, M|item
|poke|p2|Scizor, F|item
|poke|p2|Excadrill, M|item
|poke|p2|Volcarona, M|item
|teampreview
|inactive|Battle timer is ON: inactive players will automatically lose when time's up. (requested by SattleBimulator)
|
|t:|1737008103
|start
|switch|p1a: Keldeo|Keldeo|100/100
|switch|p2a: Tyranitar|Tyranitar, M|100/100
|-weather|Sandstorm|[from] ability: Sand Stream|[of] p2a: Tyranitar
|turn|1
|
|t:|1737008108
|move|p1a: Keldeo|Secret Sword|p2a: Tyranitar
|-supereffective|p2a: Tyranitar
|-enditem|p2a: Tyranitar|Chople Berry|[eat]
|-enditem|p2a: Tyranitar|Chople Berry|[weaken]
|-damage|p2a: Tyranitar|0 fnt
|faint|p2a: Tyranitar
|
|-weather|Sandstorm|[upkeep]
|-damage|p1a: Keldeo|94/100|[from] Sandstorm
|upkeep
|
|t:|1737008119
|switch|p2a: Volcarona|Volcarona, M|100/100
|turn|2
|
|t:|1737008123
|switch|p1a: Tyranitar|Tyranitar, F|100/100
|move|p2a: Volcarona|Quiver Dance|p2a: Volcarona
|-boost|p2a: Volcarona|spa|1
|-boost|p2a: Volcarona|spd|1
|-boost|p2a: Volcarona|spe|1
|
|-weather|Sandstorm|[upkeep]
|-damage|p2a: Volcarona|94/100|[from] Sandstorm
|upkeep
|turn|3
|
|t:|1737008128
|move|p2a: Volcarona|Bug Buzz|p1a: Tyranitar
|-supereffective|p1a: Tyranitar
|-damage|p1a: Tyranitar|45/100
|move|p1a: Tyranitar|Crunch|p2a: Volcarona
|-damage|p2a: Volcarona|44/100
|-unboost|p2a: Volcarona|def|1
|-enditem|p2a: Volcarona|Sitrus Berry|[eat]
|-heal|p2a: Volcarona|69/100|[from] item: Sitrus Berry
|
|-weather|Sandstorm|[upkeep]
|-damage|p2a: Volcarona|63/100|[from] Sandstorm
|-heal|p1a: Tyranitar|51/100|[from] item: Leftovers
|upkeep
|turn|4
|
|t:|1737008136
|move|p2a: Volcarona|Bug Buzz|p1a: Tyranitar
|-supereffective|p1a: Tyranitar
|-damage|p1a: Tyranitar|0 fnt
|faint|p1a: Tyranitar
|
|-weather|Sandstorm|[upkeep]
|-damage|p2a: Volcarona|57/100|[from] Sandstorm
|upkeep
|
|t:|1737008141
|switch|p1a: Rotom|Rotom-Wash|100/100
|turn|5
|
|t:|1737008142
|move|p2a: Volcarona|Giga Drain|p1a: Rotom
|-supereffective|p1a: Rotom
|-damage|p1a: Rotom|39/100
|-heal|p2a: Volcarona|82/100|[from] drain|[of] p1a: Rotom
|move|p1a: Rotom|Hydro Pump|p2a: Volcarona
|-supereffective|p2a: Volcarona
|-damage|p2a: Volcarona|23/100
|
|-weather|Sandstorm|[upkeep]
|-damage|p2a: Volcarona|17/100|[from] Sandstorm
|-damage|p1a: Rotom|33/100|[from] Sandstorm
|upkeep
|turn|6
|
|t:|1737008149
|move|p2a: Volcarona|Giga Drain|p1a: Rotom
|-supereffective|p1a: Rotom
|-damage|p1a: Rotom|0 fnt
|-heal|p2a: Volcarona|30/100|[from] drain|[of] p1a: Rotom
|faint|p1a: Rotom
|
|-weather|Sandstorm|[upkeep]
|-damage|p2a: Volcarona|24/100|[from] Sandstorm
|upkeep
|
|t:|1737008151
|switch|p1a: Excadrill|Excadrill, F|100/100
|-ability|p1a: Excadrill|Mold Breaker
|turn|7
|
|t:|1737008154
|move|p2a: Volcarona|Fiery Dance|p1a: Excadrill
|-supereffective|p1a: Excadrill
|-damage|p1a: Excadrill|0 fnt
|-boost|p2a: Volcarona|spa|1
|faint|p1a: Excadrill
|
|-weather|Sandstorm|[upkeep]
|-damage|p2a: Volcarona|18/100|[from] Sandstorm
|upkeep
|
|t:|1737008165
|switch|p1a: Keldeo|Keldeo|94/100
|turn|8
|
|t:|1737008167
|move|p2a: Volcarona|Giga Drain|p1a: Keldeo
|-supereffective|p1a: Keldeo
|-damage|p1a: Keldeo|0 fnt
|-heal|p2a: Volcarona|59/100|[from] drain|[of] p1a: Keldeo
|faint|p1a: Keldeo
|
|-weather|Sandstorm|[upkeep]
|-damage|p2a: Volcarona|53/100|[from] Sandstorm
|upkeep
|-message|Ddrakos forfeited.
|
|win|SattleBimulator
|raw|Ddrakos's rating: 1397 &rarr; <strong>1376</strong><br />(-21 for losing)
|raw|SattleBimulator's rating: 1383 &rarr; <strong>1404</strong><br />(+21 for winning)
|l|☆Ddrakos
|player|p1|
