|j|☆refsunpersons
|j|☆M.I.A XXXO
|player|p1|refsunpersons|15
|player|p2|M.I.A XXXO|170
|teamsize|p1|6
|teamsize|p2|6
|gametype|singles
|gen|5
|tier|[Gen 5] OU
|rated|
|rule|Sleep Clause Mod: Limit one foe put to sleep
|rule|Species Clause: Limit one of each Pokémon
|rule|OHKO Clause: OHKO moves are banned
|rule|Moody Clause: Moody is banned
|rule|Evasion Moves Clause: Evasion moves are banned
|rule|Endless Battle Clause: Forcing endless battles is banned
|rule|HP Percentage Mod: HP is shown in percentages
|rule|Evasion Abilities Clause: Evasion abilities are banned
|rule|Baton Pass Clause: Limit one Baton Passer, can't pass Spe and other stats simultaneously
|rule|Swagger Clause: Swagger is banned
|clearpoke
|poke|p1|Politoed, F|item
|poke|p1|Diglett, M|item
|poke|p1|Xatu, F|item
|poke|p1|Jirachi|item
|poke|p1|Dragonite, F|item
|poke|p1|Tornadus, M|item
|poke|p2|Politoed, F|item
|poke|p2|Starmie|item
|poke|p2|Dragonite, M|item
|poke|p2|Ferrothorn, F|item
|poke|p2|Keldeo|item
|poke|p2|Latios, M|item
|teampreview
|c|☆refsunpersons|gl hf
|
|start
|switch|p1a: Jirachi|Jirachi|100/100
|switch|p2a: Color coded speak|Starmie|100/100
|turn|1
|c|☆refsunpersons|btw you have a dnite and you obviously are good
|c|☆refsunpersons|is espeed or agility better on it?
|
|switch|p2a: Demons play|Ferrothorn, F|100/100
|move|p1a: Jirachi|Thunder|p2a: Demons play
|-resisted|p2a: Demons play
|-damage|p2a: Demons play|91/100
|-status|p2a: Demons play|par
|
|-heal|p2a: Demons play|97/100 par|[from] item: Leftovers
|upkeep
|turn|2
|c|☆M.I.A XXXO|espeed
|
|switch|p2a: Story in the fog|Politoed, F|100/100
|-weather|RainDance|[from] ability: Drizzle|[of] p2a: Story in the fog
|move|p1a: Jirachi|Thunder|p2a: Story in the fog
|-supereffective|p2a: Story in the fog
|-damage|p2a: Story in the fog|50/100
|
|-weather|RainDance|[upkeep]
|-heal|p2a: Story in the fog|56/100|[from] item: Leftovers
|upkeep
|turn|3
|c|☆refsunpersons|assuming hurricane?
|
|switch|p1a: Politoed|Politoed, F|100/100
|switch|p2a: Demons play|Ferrothorn, F|97/100 par
|
|-weather|RainDance|[upkeep]
|-heal|p2a: Demons play|100/100 par|[from] item: Leftovers
|upkeep
|turn|4
|
|switch|p1a: Xatu|Xatu, F|100/100
|move|p2a: Demons play|Gyro Ball|p1a: Xatu
|-damage|p1a: Xatu|52/100
|-damage|p2a: Demons play|84/100 par|[from] item: Rocky Helmet|[of] p1a: Xatu
|
|-weather|RainDance|[upkeep]
|-heal|p2a: Demons play|90/100 par|[from] item: Leftovers
|upkeep
|turn|5
|
|switch|p2a: Color coded speak|Starmie|100/100
|move|p1a: Xatu|U-turn|p2a: Color coded speak
|-supereffective|p2a: Color coded speak
|-damage|p2a: Color coded speak|62/100
|
|switch|p1a: Jirachi|Jirachi|100/100
|
|-weather|RainDance|[upkeep]
|-heal|p2a: Color coded speak|68/100|[from] item: Leftovers
|upkeep
|turn|6
|
|switch|p2a: Demons play|Ferrothorn, F|90/100 par
|move|p1a: Jirachi|U-turn|p2a: Demons play
|-damage|p2a: Demons play|78/100 par
|-damage|p1a: Jirachi|88/100|[from] ability: Iron Barbs|[of] p2a: Demons play
|
|switch|p1a: Xatu|Xatu, F|52/100
|
|-weather|RainDance|[upkeep]
|-heal|p2a: Demons play|84/100 par|[from] item: Leftovers
|upkeep
|turn|7
|c|☆refsunpersons|Dude?
|inactive|Battle timer is ON: inactive players will automatically lose when time's up. (requested by refsunpersons)
|c|☆M.I.A XXXO|sorry
|
|switch|p2a: Color coded speak|Starmie|68/100
|move|p1a: Xatu|Night Shade|p2a: Color coded speak
|-damage|p2a: Color coded speak|30/100
|
|-weather|RainDance|[upkeep]
|-heal|p2a: Color coded speak|36/100|[from] item: Leftovers
|upkeep
|turn|8
|inactiveoff|Battle timer is now OFF.
|
|switch|p1a: Jirachi|Jirachi|88/100
|move|p2a: Color coded speak|Hydro Pump|p1a: Jirachi|[miss]
|-miss|p2a: Color coded speak|p1a: Jirachi
|
|-weather|RainDance|[upkeep]
|-heal|p2a: Color coded speak|42/100|[from] item: Leftovers
|upkeep
|turn|9
|c|☆M.I.A XXXO|omg
|c|☆refsunpersons|sorry
|
|switch|p2a: Demons play|Ferrothorn, F|84/100 par
|move|p1a: Jirachi|U-turn|p2a: Demons play
|-damage|p2a: Demons play|72/100 par
|-damage|p1a: Jirachi|76/100|[from] ability: Iron Barbs|[of] p2a: Demons play
|
|switch|p1a: Tornadus|Tornadus, M|100/100
|
|-weather|RainDance|[upkeep]
|-heal|p2a: Demons play|78/100 par|[from] item: Leftovers
|upkeep
|turn|10
|
|switch|p2a: Story in the fog|Politoed, F|56/100
|move|p1a: Tornadus|Hurricane|p2a: Story in the fog
|-damage|p2a: Story in the fog|0
|faint|p2a: Story in the fog
|
|-weather|RainDance|[upkeep]
|upkeep
|
|switch|p2a: Color coded speak|Starmie|42/100
|turn|11
|
|switch|p1a: Politoed|Politoed, F|100/100
|move|p2a: Color coded speak|Thunder|p1a: Politoed
|-supereffective|p1a: Politoed
|-damage|p1a: Politoed|29/100
|
|-weather|RainDance|[upkeep]
|-heal|p2a: Color coded speak|48/100|[from] item: Leftovers
|upkeep
|turn|12
|
|move|p2a: Color coded speak|Thunder|p1a: Politoed
|-supereffective|p1a: Politoed
|-damage|p1a: Politoed|0
|faint|p1a: Politoed
|
|-weather|RainDance|[upkeep]
|-heal|p2a: Color coded speak|55/100|[from] item: Leftovers
|upkeep
|
|switch|p1a: Jirachi|Jirachi|76/100
|turn|13
|
|switch|p2a: Demons play|Ferrothorn, F|78/100 par
|move|p1a: Jirachi|U-turn|p2a: Demons play
|-damage|p2a: Demons play|64/100 par
|-damage|p1a: Jirachi|64/100|[from] ability: Iron Barbs|[of] p2a: Demons play
|
|switch|p1a: Xatu|Xatu, F|52/100
|
|-weather|RainDance|[upkeep]
|-heal|p2a: Demons play|70/100 par|[from] item: Leftovers
|upkeep
|turn|14
|
|switch|p2a: Pure as a river|Keldeo|100/100
|move|p1a: Xatu|U-turn|p2a: Pure as a river
|-resisted|p2a: Pure as a river
|-damage|p2a: Pure as a river|94/100
|
|switch|p1a: Dragonite|Dragonite, F|100/100
|
|-weather|RainDance|[upkeep]
|upkeep
|turn|15
|
|switch|p2a: Lost somewhere|Dragonite, M|100/100
|move|p1a: Dragonite|Hurricane|p2a: Lost somewhere
|-damage|p2a: Lost somewhere|66/100
|-damage|p1a: Dragonite|91/100|[from] item: Life Orb
|
|-weather|RainDance|[upkeep]
|upkeep
|turn|16
|
|switch|p1a: Jirachi|Jirachi|64/100
|move|p2a: Lost somewhere|Outrage|p1a: Jirachi
|-resisted|p1a: Jirachi
|-damage|p1a: Jirachi|8/100
|
|-weather|RainDance|[upkeep]
|upkeep
|turn|17
|
|move|p1a: Jirachi|Ice Punch|p2a: Lost somewhere
|-supereffective|p2a: Lost somewhere
|-damage|p2a: Lost somewhere|0
|faint|p2a: Lost somewhere
|
|-weather|RainDance|[upkeep]
|upkeep
|
|switch|p2a: Color coded speak|Starmie|55/100
|turn|18
|
|move|p1a: Jirachi|Ice Punch|p2a: Color coded speak
|-resisted|p2a: Color coded speak
|-damage|p2a: Color coded speak|37/100
|move|p2a: Color coded speak|Thunder|p1a: Jirachi
|-damage|p1a: Jirachi|0
|faint|p1a: Jirachi
|
|-weather|RainDance|[upkeep]
|-heal|p2a: Color coded speak|43/100|[from] item: Leftovers
|upkeep
|
|switch|p1a: Dragonite|Dragonite, F|91/100
|turn|19
|
|move|p1a: Dragonite|Extreme Speed|p2a: Color coded speak
|-damage|p2a: Color coded speak|0
|-damage|p1a: Dragonite|81/100|[from] item: Life Orb
|faint|p2a: Color coded speak
|
|-weather|RainDance|[upkeep]
|upkeep
|
|switch|p2a: Pure as a river|Keldeo|94/100
|turn|20
|
|switch|p1a: Diglett|Diglett, M|100/100
|move|p2a: Pure as a river|Hidden Power|p1a: Diglett
|-supereffective|p1a: Diglett
|-enditem|p1a: Diglett|Focus Sash
|-damage|p1a: Diglett|1/100
|
|-weather|RainDance|[upkeep]
|upkeep
|turn|21
|
|move|p2a: Pure as a river|Hidden Power|p1a: Diglett
|-supereffective|p1a: Diglett
|-crit|p1a: Diglett
|-damage|p1a: Diglett|0
|faint|p1a: Diglett
|
|-weather|RainDance|[upkeep]
|upkeep
|
|switch|p1a: Tornadus|Tornadus, M|100/100
|turn|22
|
|switch|p2a: Demons play|Ferrothorn, F|70/100 par
|move|p1a: Tornadus|Hurricane|p2a: Demons play
|-damage|p2a: Demons play|0 par
|faint|p2a: Demons play
|
|-weather|RainDance|[upkeep]
|upkeep
|
|switch|p2a: Ol' Reliable|Latios, M|100/100
|turn|23
|
|switch|p1a: Xatu|Xatu, F|52/100
|move|p2a: Ol' Reliable|Draco Meteor|p1a: Xatu
|-damage|p1a: Xatu|0
|-unboost|p2a: Ol' Reliable|spa|2
|faint|p1a: Xatu
|
|-weather|RainDance|[upkeep]
|upkeep
|
|switch|p1a: Tornadus|Tornadus, M|100/100
|turn|24
|
|move|p1a: Tornadus|Hurricane|p2a: Ol' Reliable
|-damage|p2a: Ol' Reliable|0
|faint|p2a: Ol' Reliable
|
|-weather|RainDance|[upkeep]
|upkeep
|c|☆M.I.A XXXO|omg
|c|☆refsunpersons|sorry
|c|☆refsunpersons|um
|c|☆M.I.A XXXO|88%-102% of hurricane
|
|switch|p2a: Pure as a river|Keldeo|94/100
|turn|25
|c|☆refsunpersons|I have cancer and this is where all my luck went?
|c|☆M.I.A XXXO|other battle losed cause the hax
|
|move|p2a: Pure as a river|Hidden Power|p1a: Tornadus
|-supereffective|p1a: Tornadus
|-damage|p1a: Tornadus|30/100
|move|p1a: Tornadus|Hurricane|p2a: Pure as a river
|-supereffective|p2a: Pure as a river
|-damage|p2a: Pure as a river|0
|faint|p2a: Pure as a river
|
|win|refsunpersons
|raw|refsunpersons's rating: 1388 &rarr; <strong>1416</strong><br />(+28 for winning)
|raw|M.I.A XXXO's rating: 1541 &rarr; <strong>1512</strong><br />(-29 for losing)
|l|☆M.I.A XXXO
