|j|☆Pilif
|j|☆dududakooters
|player|p1|Pilif|170|1430
|player|p2|dududakooters|ninjaboy|1491
|teamsize|p1|6
|teamsize|p2|6
|gametype|singles
|gen|5
|tier|[Gen 5] OU
|rated|
|clearpoke
|poke|p1|Politoed, M|item
|poke|p1|Amoonguss, M|item
|poke|p1|Salamence, M|item
|poke|p1|Bronzong|item
|poke|p1|Tentacruel, M|item
|poke|p1|Ferrothorn, F|item
|poke|p2|Latios, M|item
|poke|p2|Heatran, M|item
|poke|p2|Alakazam, M|item
|poke|p2|Forretress, F|item
|poke|p2|Kyurem|item
|poke|p2|Abomasnow, F|item
|rule|Species Clause: Limit one of each Pokémon
|rule|OHKO Clause: OHKO moves are banned
|rule|Moody Clause: Moody is banned
|rule|Evasion Moves Clause: Evasion moves are banned
|rule|Endless Battle Clause: Forcing endless battles is banned
|rule|HP Percentage Mod: HP is shown in percentages
|rule|Evasion Abilities Clause: Evasion abilities are banned
|rule|Baton Pass Clause: Limit one Baton Passer, can't pass Spe and other stats simultaneously
|rule|Sleep Clause: Sleep-inducing moves are banned
|rule|Swagger Clause: Swagger is banned
|teampreview
|inactive|Battle timer is ON: inactive players will automatically lose when time's up. (requested by Pilif)
|
|start
|switch|p1a: Politoed|Politoed, M|100/100
|switch|p2a: Abomasnow|Abomasnow, F|100/100
|-weather|Hail|[from] ability: Snow Warning|[of] p2a: Abomasnow
|-weather|RainDance|[from] ability: Drizzle|[of] p1a: Politoed
|turn|1
|inactive|Pilif has 120 seconds left.
|
|switch|p1a: Bronzong|Bronzong|100/100
|move|p2a: Abomasnow|Wood Hammer|p1a: Bronzong
|-resisted|p1a: Bronzong
|-damage|p1a: Bronzong|78/100
|-damage|p2a: Abomasnow|93/100|[from] Recoil
|
|-weather|RainDance|[upkeep]
|-heal|p2a: Abomasnow|99/100|[from] item: Leftovers
|upkeep
|turn|2
|inactive|Pilif has 120 seconds left.
|
|switch|p2a: Forretress|Forretress, F|100/100
|move|p1a: Bronzong|Stealth Rock|p2a: Forretress
|-sidestart|p2: dududakooters|move: Stealth Rock
|
|-weather|RainDance|[upkeep]
|upkeep
|turn|3
|inactive|Pilif has 120 seconds left.
|
|switch|p1a: Ferrothorn|Ferrothorn, F|100/100
|move|p2a: Forretress|Rapid Spin|p1a: Ferrothorn
|-resisted|p1a: Ferrothorn
|-damage|p1a: Ferrothorn|99/100
|-damage|p2a: Forretress|88/100|[from] ability: Iron Barbs|[of] p1a: Ferrothorn
|-sideend|p2: dududakooters|Stealth Rock|[from] move: Rapid Spin|[of] p2a: Forretress
|
|-weather|RainDance|[upkeep]
|-heal|p2a: Forretress|94/100|[from] item: Leftovers
|-heal|p1a: Ferrothorn|100/100|[from] item: Leftovers
|upkeep
|turn|4
|inactive|Pilif has 120 seconds left.
|
|switch|p1a: Bronzong|Bronzong|78/100
|move|p2a: Forretress|Spikes|p1a: Bronzong
|-sidestart|p1: Pilif|Spikes
|
|-weather|RainDance|[upkeep]
|-heal|p2a: Forretress|100/100|[from] item: Leftovers
|upkeep
|turn|5
|
|move|p2a: Forretress|Spikes|p1a: Bronzong
|-sidestart|p1: Pilif|Spikes
|move|p1a: Bronzong|Trick|p2a: Forretress
|-activate|p1a: Bronzong|move: Trick|[of] p2a: Forretress
|-item|p2a: Forretress|Choice Band|[from] move: Trick
|-item|p1a: Bronzong|Leftovers|[from] move: Trick
|
|-weather|RainDance|[upkeep]
|-heal|p1a: Bronzong|84/100|[from] item: Leftovers
|upkeep
|turn|6
|
|switch|p1a: Tentacruel|Tentacruel, M|100/100
|-damage|p1a: Tentacruel|84/100|[from] Spikes
|move|p2a: Forretress|Earthquake|p1a: Tentacruel
|-supereffective|p1a: Tentacruel
|-damage|p1a: Tentacruel|25/100
|
|-weather|RainDance|[upkeep]
|-heal|p1a: Tentacruel|31/100|[from] ability: Rain Dish
|-heal|p1a: Tentacruel|37/100|[from] item: Black Sludge
|upkeep
|turn|7
|
|switch|p1a: Bronzong|Bronzong|84/100
|move|p2a: Forretress|Earthquake|p1a: Bronzong
|-immune|p1a: Bronzong|[from] ability: Levitate
|
|-weather|RainDance|[upkeep]
|-heal|p1a: Bronzong|90/100|[from] item: Leftovers
|upkeep
|turn|8
|
|switch|p2a: Abomasnow|Abomasnow, F|99/100
|-weather|Hail|[from] ability: Snow Warning|[of] p2a: Abomasnow
|move|p1a: Bronzong|Earthquake|p2a: Abomasnow
|-resisted|p2a: Abomasnow
|-damage|p2a: Abomasnow|84/100
|
|-weather|Hail|[upkeep]
|-damage|p1a: Bronzong|84/100|[from] Hail
|-heal|p2a: Abomasnow|90/100|[from] item: Leftovers
|-heal|p1a: Bronzong|90/100|[from] item: Leftovers
|upkeep
|turn|9
|
|switch|p2a: Heatran|Heatran, M|100/100
|switch|p1a: Ferrothorn|Ferrothorn, F|100/100
|-damage|p1a: Ferrothorn|84/100|[from] Spikes
|
|-weather|Hail|[upkeep]
|-damage|p2a: Heatran|94/100|[from] Hail
|-damage|p1a: Ferrothorn|78/100|[from] Hail
|-heal|p2a: Heatran|100/100|[from] item: Leftovers
|-heal|p1a: Ferrothorn|84/100|[from] item: Leftovers
|upkeep
|turn|10
|
|switch|p1a: Politoed|Politoed, M|100/100
|-damage|p1a: Politoed|84/100|[from] Spikes
|-weather|RainDance|[from] ability: Drizzle|[of] p1a: Politoed
|move|p2a: Heatran|Lava Plume|p1a: Politoed
|-resisted|p1a: Politoed
|-damage|p1a: Politoed|76/100
|
|-weather|RainDance|[upkeep]
|upkeep
|turn|11
|inactive|Pilif has 120 seconds left.
|
|switch|p2a: Latios|Latios, M|100/100
|move|p1a: Politoed|Focus Blast|p2a: Latios
|-resisted|p2a: Latios
|-crit|p2a: Latios
|-damage|p2a: Latios|57/100
|
|-weather|RainDance|[upkeep]
|upkeep
|turn|12
|
|switch|p1a: Amoonguss|Amoonguss, M|100/100
|-damage|p1a: Amoonguss|84/100|[from] Spikes
|move|p2a: Latios|Hidden Power|p1a: Amoonguss
|-supereffective|p1a: Amoonguss
|-damage|p1a: Amoonguss|65/100
|-damage|p2a: Latios|47/100|[from] item: Life Orb
|
|-weather|RainDance|[upkeep]
|-heal|p1a: Amoonguss|71/100|[from] item: Black Sludge
|upkeep
|turn|13
|
|switch|p1a: Bronzong|Bronzong|90/100
|move|p2a: Latios|Draco Meteor|p1a: Bronzong
|-resisted|p1a: Bronzong
|-damage|p1a: Bronzong|57/100
|-unboost|p2a: Latios|spa|2
|-damage|p2a: Latios|37/100|[from] item: Life Orb
|
|-weather|RainDance|[upkeep]
|-heal|p1a: Bronzong|63/100|[from] item: Leftovers
|upkeep
|turn|14
|
|switch|p2a: Forretress|Forretress, F|100/100
|move|p1a: Bronzong|Gyro Ball|p2a: Forretress
|-resisted|p2a: Forretress
|-damage|p2a: Forretress|97/100
|
|-weather|RainDance|[upkeep]
|-heal|p1a: Bronzong|69/100|[from] item: Leftovers
|upkeep
|turn|15
|
|move|p2a: Forretress|Gyro Ball|p1a: Bronzong
|-resisted|p1a: Bronzong
|-damage|p1a: Bronzong|65/100
|move|p1a: Bronzong|Earthquake|p2a: Forretress
|-damage|p2a: Forretress|85/100
|
|-weather|RainDance|[upkeep]
|-heal|p1a: Bronzong|71/100|[from] item: Leftovers
|upkeep
|turn|16
|
|switch|p2a: Abomasnow|Abomasnow, F|90/100
|-weather|Hail|[from] ability: Snow Warning|[of] p2a: Abomasnow
|move|p1a: Bronzong|Gyro Ball|p2a: Abomasnow
|-supereffective|p2a: Abomasnow
|-damage|p2a: Abomasnow|21/100
|
|-weather|Hail|[upkeep]
|-damage|p1a: Bronzong|65/100|[from] Hail
|-heal|p2a: Abomasnow|27/100|[from] item: Leftovers
|-heal|p1a: Bronzong|71/100|[from] item: Leftovers
|upkeep
|turn|17
|
|switch|p2a: Heatran|Heatran, M|100/100
|move|p1a: Bronzong|Earthquake|p2a: Heatran
|-supereffective|p2a: Heatran
|-damage|p2a: Heatran|26/100
|
|-weather|Hail|[upkeep]
|-damage|p2a: Heatran|20/100|[from] Hail
|-damage|p1a: Bronzong|65/100|[from] Hail
|-heal|p2a: Heatran|26/100|[from] item: Leftovers
|-heal|p1a: Bronzong|71/100|[from] item: Leftovers
|upkeep
|turn|18
|
|switch|p1a: Politoed|Politoed, M|76/100
|-damage|p1a: Politoed|59/100|[from] Spikes
|-weather|RainDance|[from] ability: Drizzle|[of] p1a: Politoed
|move|p2a: Heatran|Lava Plume|p1a: Politoed
|-resisted|p1a: Politoed
|-damage|p1a: Politoed|52/100
|
|-weather|RainDance|[upkeep]
|-heal|p2a: Heatran|32/100|[from] item: Leftovers
|upkeep
|turn|19
|inactive|dududakooters has 120 seconds left.
|
|switch|p2a: Kyurem|Kyurem|100/100
|-ability|p2a: Kyurem|Pressure
|move|p1a: Politoed|Hydro Pump|p2a: Kyurem
|-resisted|p2a: Kyurem
|-damage|p2a: Kyurem|53/100
|
|-weather|RainDance|[upkeep]
|upkeep
|turn|20
|
|switch|p1a: Bronzong|Bronzong|71/100
|move|p2a: Kyurem|Draco Meteor|p1a: Bronzong
|-resisted|p1a: Bronzong
|-damage|p1a: Bronzong|43/100
|-unboost|p2a: Kyurem|spa|2
|
|-weather|RainDance|[upkeep]
|-heal|p1a: Bronzong|49/100|[from] item: Leftovers
|upkeep
|turn|21
|inactive|Pilif has 90 seconds left.
|
|switch|p2a: Heatran|Heatran, M|32/100
|move|p1a: Bronzong|Stealth Rock|p2a: Heatran
|-sidestart|p2: dududakooters|move: Stealth Rock
|
|-weather|RainDance|[upkeep]
|-heal|p2a: Heatran|38/100|[from] item: Leftovers
|-heal|p1a: Bronzong|55/100|[from] item: Leftovers
|upkeep
|turn|22
|
|switch|p1a: Tentacruel|Tentacruel, M|37/100
|-damage|p1a: Tentacruel|21/100|[from] Spikes
|move|p2a: Heatran|Will-O-Wisp|p1a: Tentacruel|[miss]
|-miss|p2a: Heatran|p1a: Tentacruel
|
|-weather|RainDance|[upkeep]
|-heal|p1a: Tentacruel|27/100|[from] ability: Rain Dish
|-heal|p1a: Tentacruel|33/100|[from] item: Black Sludge
|-heal|p2a: Heatran|44/100|[from] item: Leftovers
|upkeep
|turn|23
|
|move|p1a: Tentacruel|Scald|p2a: Heatran
|-supereffective|p2a: Heatran
|-damage|p2a: Heatran|0 fnt
|faint|p2a: Heatran
|
|-weather|RainDance|[upkeep]
|-heal|p1a: Tentacruel|39/100|[from] ability: Rain Dish
|-heal|p1a: Tentacruel|45/100|[from] item: Black Sludge
|upkeep
|
|switch|p2a: Alakazam|Alakazam, M|100/100
|turn|24
|inactive|Pilif has 90 seconds left.
|
|switch|p1a: Bronzong|Bronzong|55/100
|move|p2a: Alakazam|Psychic|p1a: Bronzong
|-resisted|p1a: Bronzong
|-crit|p1a: Bronzong
|-damage|p1a: Bronzong|39/100
|
|-weather|RainDance|[upkeep]
|-heal|p1a: Bronzong|45/100|[from] item: Leftovers
|upkeep
|turn|25
|
|move|p2a: Alakazam|Focus Blast|p1a: Bronzong
|-crit|p1a: Bronzong
|-damage|p1a: Bronzong|0 fnt
|faint|p1a: Bronzong
|
|-weather|RainDance|[upkeep]
|upkeep
|inactive|Pilif has 90 seconds left.
|
|switch|p1a: Amoonguss|Amoonguss, M|100/100
|-damage|p1a: Amoonguss|84/100|[from] Spikes
|turn|26
|inactive|Pilif has 90 seconds left.
|
|switch|p2a: Forretress|Forretress, F|85/100
|-damage|p2a: Forretress|72/100|[from] Stealth Rock
|move|p1a: Amoonguss|Stun Spore|p2a: Forretress
|-status|p2a: Forretress|par
|
|-weather|RainDance|[upkeep]
|-heal|p1a: Amoonguss|90/100|[from] item: Black Sludge
|upkeep
|turn|27
|inactive|Pilif has 90 seconds left.
|
|switch|p1a: Ferrothorn|Ferrothorn, F|84/100
|-damage|p1a: Ferrothorn|68/100|[from] Spikes
|cant|p2a: Forretress|par
|
|-weather|RainDance|[upkeep]
|-heal|p1a: Ferrothorn|74/100|[from] item: Leftovers
|upkeep
|turn|28
|
|move|p1a: Ferrothorn|Leech Seed|p2a: Forretress
|-start|p2a: Forretress|move: Leech Seed
|cant|p2a: Forretress|par
|
|-weather|RainDance|[upkeep]
|-heal|p1a: Ferrothorn|80/100|[from] item: Leftovers
|-damage|p2a: Forretress|60/100 par|[from] Leech Seed|[of] p1a: Ferrothorn
|-heal|p1a: Ferrothorn|93/100|[silent]
|upkeep
|turn|29
|
|switch|p2a: Abomasnow|Abomasnow, F|27/100
|-damage|p2a: Abomasnow|2/100|[from] Stealth Rock
|-weather|Hail|[from] ability: Snow Warning|[of] p2a: Abomasnow
|move|p1a: Ferrothorn|Bulldoze|p2a: Abomasnow
|-resisted|p2a: Abomasnow
|-damage|p2a: Abomasnow|0 fnt
|faint|p2a: Abomasnow
|
|-weather|Hail|[upkeep]
|-damage|p1a: Ferrothorn|86/100|[from] Hail
|-heal|p1a: Ferrothorn|93/100|[from] item: Leftovers
|upkeep
|
|switch|p2a: Latios|Latios, M|37/100
|-damage|p2a: Latios|25/100|[from] Stealth Rock
|turn|30
|inactive|Pilif has 90 seconds left.
|
|switch|p1a: Politoed|Politoed, M|52/100
|-damage|p1a: Politoed|36/100|[from] Spikes
|-weather|RainDance|[from] ability: Drizzle|[of] p1a: Politoed
|move|p2a: Latios|Hidden Power|p1a: Politoed
|-resisted|p1a: Politoed
|-damage|p1a: Politoed|29/100
|-damage|p2a: Latios|15/100|[from] item: Life Orb
|
|-weather|RainDance|[upkeep]
|upkeep
|turn|31
|inactive|Pilif has 90 seconds left.
|
|switch|p1a: Ferrothorn|Ferrothorn, F|93/100
|-damage|p1a: Ferrothorn|76/100|[from] Spikes
|move|p2a: Latios|Earthquake|p1a: Ferrothorn
|-damage|p1a: Ferrothorn|59/100
|-damage|p2a: Latios|5/100|[from] item: Life Orb
|
|-weather|RainDance|[upkeep]
|-heal|p1a: Ferrothorn|65/100|[from] item: Leftovers
|upkeep
|turn|32
|inactive|Pilif has 90 seconds left.
|
|move|p2a: Latios|Roost|p2a: Latios
|-heal|p2a: Latios|55/100
|-singleturn|p2a: Latios|move: Roost
|move|p1a: Ferrothorn|Thunder Wave|p2a: Latios
|-status|p2a: Latios|par
|
|-weather|RainDance|[upkeep]
|-heal|p1a: Ferrothorn|72/100|[from] item: Leftovers
|upkeep
|turn|33
|inactive|Pilif has 90 seconds left.
|
|cant|p2a: Latios|par
|move|p1a: Ferrothorn|Leech Seed|p2a: Latios|[miss]
|-miss|p1a: Ferrothorn|p2a: Latios
|
|-weather|RainDance|[upkeep]
|-heal|p1a: Ferrothorn|78/100|[from] item: Leftovers
|upkeep
|turn|34
|
|move|p2a: Latios|Hidden Power|p1a: Ferrothorn
|-supereffective|p1a: Ferrothorn
|-damage|p1a: Ferrothorn|33/100
|-damage|p2a: Latios|45/100 par|[from] item: Life Orb
|move|p1a: Ferrothorn|Leech Seed|p2a: Latios
|-start|p2a: Latios|move: Leech Seed
|
|-weather|RainDance|[upkeep]
|-heal|p1a: Ferrothorn|40/100|[from] item: Leftovers
|-damage|p2a: Latios|33/100 par|[from] Leech Seed|[of] p1a: Ferrothorn
|-heal|p1a: Ferrothorn|50/100|[silent]
|upkeep
|turn|35
|inactive|Pilif has 90 seconds left.
|
|switch|p1a: Amoonguss|Amoonguss, M|100/100
|-damage|p1a: Amoonguss|84/100|[from] Spikes
|move|p2a: Latios|Roost|p2a: Latios
|-heal|p2a: Latios|83/100 par
|-singleturn|p2a: Latios|move: Roost
|
|-weather|RainDance|[upkeep]
|-heal|p1a: Amoonguss|90/100|[from] item: Black Sludge
|-damage|p2a: Latios|71/100 par|[from] Leech Seed|[of] p1a: Amoonguss
|-heal|p1a: Amoonguss|99/100|[silent]
|upkeep
|turn|36
|inactive|Pilif has 90 seconds left.
|
|switch|p2a: Forretress|Forretress, F|60/100 par
|-damage|p2a: Forretress|47/100 par|[from] Stealth Rock
|move|p1a: Amoonguss|Stun Spore|p2a: Forretress
|-fail|p2a: Forretress|par
|
|-weather|RainDance|[upkeep]
|-heal|p1a: Amoonguss|100/100|[from] item: Black Sludge
|upkeep
|turn|37
|inactive|Pilif has 90 seconds left.
|
|switch|p1a: Tentacruel|Tentacruel, M|45/100
|-damage|p1a: Tentacruel|28/100|[from] Spikes
|move|p2a: Forretress|Earthquake|p1a: Tentacruel
|-supereffective|p1a: Tentacruel
|-damage|p1a: Tentacruel|0 fnt
|faint|p1a: Tentacruel
|
|-weather|RainDance|[upkeep]
|upkeep
|inactive|Pilif has 90 seconds left.
|
|switch|p1a: Politoed|Politoed, M|29/100
|-damage|p1a: Politoed|12/100|[from] Spikes
|turn|38
|
|move|p1a: Politoed|Hydro Pump|p2a: Forretress
|-damage|p2a: Forretress|0 fnt
|faint|p2a: Forretress
|
|-weather|RainDance|[upkeep]
|upkeep
|
|switch|p2a: Alakazam|Alakazam, M|100/100
|turn|39
|
|switch|p1a: Ferrothorn|Ferrothorn, F|50/100
|-damage|p1a: Ferrothorn|34/100|[from] Spikes
|move|p2a: Alakazam|Psychic|p1a: Ferrothorn
|-resisted|p1a: Ferrothorn
|-damage|p1a: Ferrothorn|15/100
|
|-weather|RainDance|[upkeep]
|-heal|p1a: Ferrothorn|21/100|[from] item: Leftovers
|upkeep
|turn|40
|
|move|p2a: Alakazam|Focus Blast|p1a: Ferrothorn
|-supereffective|p1a: Ferrothorn
|-damage|p1a: Ferrothorn|0 fnt
|faint|p1a: Ferrothorn
|
|-weather|RainDance|[upkeep]
|upkeep
|
|switch|p1a: Amoonguss|Amoonguss, M|100/100
|-damage|p1a: Amoonguss|84/100|[from] Spikes
|turn|41
|
|switch|p2a: Latios|Latios, M|71/100 par
|-damage|p2a: Latios|59/100 par|[from] Stealth Rock
|move|p1a: Amoonguss|Stun Spore|p2a: Latios
|-fail|p2a: Latios|par
|
|-weather|RainDance|[upkeep]
|-heal|p1a: Amoonguss|90/100|[from] item: Black Sludge
|upkeep
|turn|42
|
|switch|p1a: Politoed|Politoed, M|12/100
|-damage|p1a: Politoed|0 fnt|[from] Spikes
|faint|p1a: Politoed
|move|p2a: Latios|Draco Meteor|p1: Politoed|[notarget]
|-fail|p2a: Latios
|
|-weather|RainDance|[upkeep]
|upkeep
|
|switch|p1a: Salamence|Salamence, M|100/100
|turn|43
|
|switch|p1a: Amoonguss|Amoonguss, M|100/100
|-damage|p1a: Amoonguss|84/100|[from] Spikes
|move|p2a: Latios|Draco Meteor|p1a: Amoonguss
|-damage|p1a: Amoonguss|24/100
|-unboost|p2a: Latios|spa|2
|-damage|p2a: Latios|49/100 par|[from] item: Life Orb
|
|-weather|RainDance|[upkeep]
|-heal|p1a: Amoonguss|31/100|[from] item: Black Sludge
|upkeep
|turn|44
|inactive|Pilif has 60 seconds left.
|
|move|p1a: Amoonguss|Giga Drain|p2a: Latios
|-resisted|p2a: Latios
|-damage|p2a: Latios|37/100 par
|-heal|p1a: Amoonguss|35/100|[from] drain|[of] p2a: Latios
|move|p2a: Latios|Draco Meteor|p1a: Amoonguss
|-damage|p1a: Amoonguss|3/100
|-unboost|p2a: Latios|spa|2
|-damage|p2a: Latios|27/100 par|[from] item: Life Orb
|
|-weather|RainDance|[upkeep]
|-heal|p1a: Amoonguss|9/100|[from] item: Black Sludge
|upkeep
|turn|45
|inactive|Pilif has 60 seconds left.
|
|move|p1a: Amoonguss|Giga Drain|p2a: Latios
|-resisted|p2a: Latios
|-damage|p2a: Latios|15/100 par
|-heal|p1a: Amoonguss|13/100|[from] drain|[of] p2a: Latios
|move|p2a: Latios|Draco Meteor|p1a: Amoonguss
|-damage|p1a: Amoonguss|0 fnt
|-unboost|p2a: Latios|spa|2
|-damage|p2a: Latios|5/100 par|[from] item: Life Orb
|faint|p1a: Amoonguss
|
|-weather|RainDance|[upkeep]
|upkeep
|
|switch|p1a: Salamence|Salamence, M|100/100
|turn|46
|
|move|p1a: Salamence|Dragon Dance|p1a: Salamence
|-boost|p1a: Salamence|atk|1
|-boost|p1a: Salamence|spe|1
|move|p2a: Latios|Draco Meteor|p1a: Salamence
|-supereffective|p1a: Salamence
|-damage|p1a: Salamence|39/100
|-damage|p2a: Latios|0 fnt|[from] item: Life Orb
|faint|p2a: Latios
|
|-weather|RainDance|[upkeep]
|upkeep
|
|switch|p2a: Alakazam|Alakazam, M|100/100
|turn|47
|
|move|p1a: Salamence|Outrage|p2a: Alakazam
|-crit|p2a: Alakazam
|-enditem|p2a: Alakazam|Focus Sash
|-damage|p2a: Alakazam|1/100
|-damage|p1a: Salamence|29/100|[from] item: Life Orb
|move|p2a: Alakazam|Hidden Power|p1a: Salamence
|-supereffective|p1a: Salamence
|-damage|p1a: Salamence|0 fnt
|faint|p1a: Salamence
|
|win|dududakooters
|l|☆Pilif
|raw|Pilif's rating: 1430 &rarr; <strong>1413</strong><br />(-17 for losing)
|raw|dududakooters's rating: 1491 &rarr; <strong>1507</strong><br />(+16 for winning)
