|uhtml|medal-msg|<div class="broadcast-blue">Curious what those medals under the avatar are? PS now has Ladder Seasons! For more information, check out the <a href="https://www.smogon.com/forums/threads/3740067/">thread on Smogon.</a></div>
|uhtml|medal-msg|<div class="broadcast-blue">Curious what those medals under the avatar are? PS now has Ladder Seasons! For more information, check out the <a href="https://www.smogon.com/forums/threads/3740067/">thread on Smogon.</a></div>
|j|☆bwc leg
|j|☆yokeer
|t:|1713775905
|gametype|singles
|player|p1|bwc leg|#legitimateusername|1273
|player|p2|yokeer|janine|1520
|teamsize|p1|6
|teamsize|p2|6
|gen|5
|tier|[Gen 5] OU
|rated|
|rule|Species Clause: Limit one of each Pokémon
|rule|OHKO Clause: OHKO moves are banned
|rule|Moody Clause: Moody is banned
|rule|Evasion Items Clause: Evasion items are banned
|rule|Evasion Moves Clause: Evasion moves are banned
|rule|Endless Battle Clause: Forcing endless battles is banned
|rule|HP Percentage Mod: HP is shown in percentages
|rule|Evasion Abilities Clause: Evasion abilities are banned
|rule|Sleep Moves Clause: Sleep-inducing moves are banned
|rule|Swagger Clause: Swagger is banned
|rule|Baton Pass Stat Clause: No Baton Passer may have a way to boost its stats
|clearpoke
|poke|p1|Tyranitar, M|item
|poke|p1|Landorus-Therian, M|item
|poke|p1|Ferrothorn, M|item
|poke|p1|Excadrill, M|item
|poke|p1|Latios, M|item
|poke|p1|Reuniclus, F|item
|poke|p2|Jirachi|item
|poke|p2|Kyurem-Black|item
|poke|p2|Latios, M|item
|poke|p2|Magnezone|item
|poke|p2|Dragonite, M|item
|poke|p2|Garchomp, F|item
|teampreview
|
|t:|1713775917
|start
|switch|p1a: Landorus|Landorus-Therian, M|100/100
|switch|p2a: Magnezone|Magnezone|100/100
|-ability|p1a: Landorus|Intimidate|boost
|-unboost|p2a: Magnezone|atk|1
|-item|p2a: Magnezone|Air Balloon
|turn|1
|
|t:|1713775929
|move|p1a: Landorus|Stealth Rock|p2a: Magnezone
|-sidestart|p2: yokeer|move: Stealth Rock
|move|p2a: Magnezone|Magnet Rise|p2a: Magnezone
|-start|p2a: Magnezone|Magnet Rise
|
|upkeep
|turn|2
|
|t:|1713775935
|move|p1a: Landorus|U-turn|p2a: Magnezone
|-resisted|p2a: Magnezone
|-damage|p2a: Magnezone|89/100
|-enditem|p2a: Magnezone|Air Balloon
|
|t:|1713775971
|switch|p1a: Reuniclus|Reuniclus, F|100/100|[from] U-turn
|move|p2a: Magnezone|Flash Cannon|p1a: Reuniclus
|-damage|p1a: Reuniclus|65/100
|
|-heal|p1a: Reuniclus|71/100|[from] item: Leftovers
|upkeep
|turn|3
|
|t:|1713775976
|move|p2a: Magnezone|Volt Switch|p1a: Reuniclus
|-damage|p1a: Reuniclus|40/100
|
|t:|1713775981
|switch|p2a: Jirachi|Jirachi|100/100|[from] Volt Switch
|-damage|p2a: Jirachi|94/100|[from] Stealth Rock
|move|p1a: Reuniclus|Recover|p1a: Reuniclus
|-heal|p1a: Reuniclus|90/100
|
|-heal|p2a: Jirachi|100/100|[from] item: Leftovers
|-heal|p1a: Reuniclus|96/100|[from] item: Leftovers
|upkeep
|turn|4
|
|t:|1713775994
|switch|p1a: Excadrill|Excadrill, M|100/100
|move|p2a: Jirachi|Stealth Rock|p1a: Excadrill
|-sidestart|p1: bwc leg|move: Stealth Rock
|
|upkeep
|turn|5
|
|t:|1713776020
|move|p1a: Excadrill|Earthquake|p2a: Jirachi
|-supereffective|p2a: Jirachi
|-damage|p2a: Jirachi|26/100
|move|p2a: Jirachi|U-turn|p1a: Excadrill
|-resisted|p1a: Excadrill
|-damage|p1a: Excadrill|91/100
|
|t:|1713776039
|switch|p2a: Kyurem|Kyurem-Black|100/100|[from] U-turn
|-damage|p2a: Kyurem|76/100|[from] Stealth Rock
|-ability|p2a: Kyurem|Teravolt
|
|-heal|p1a: Excadrill|97/100|[from] item: Leftovers
|upkeep
|turn|6
|
|t:|1713776050
|switch|p1a: Ferrothorn|Ferrothorn, M|100/100
|-damage|p1a: Ferrothorn|95/100|[from] Stealth Rock
|move|p2a: Kyurem|Outrage|p1a: Ferrothorn
|-resisted|p1a: Ferrothorn
|-damage|p1a: Ferrothorn|51/100
|-damage|p2a: Kyurem|63/100|[from] ability: Iron Barbs|[of] p1a: Ferrothorn
|
|upkeep
|turn|7
|
|t:|1713776093
|move|p2a: Kyurem|Outrage|p1a: Ferrothorn|[from]lockedmove
|-resisted|p1a: Ferrothorn
|-damage|p1a: Ferrothorn|4/100
|-damage|p2a: Kyurem|51/100|[from] ability: Iron Barbs|[of] p1a: Ferrothorn
|-enditem|p1a: Ferrothorn|Sitrus Berry|[eat]
|-heal|p1a: Ferrothorn|28/100|[from] item: Sitrus Berry
|-start|p2a: Kyurem|confusion|[fatigue]
|move|p1a: Ferrothorn|Spikes|p2a: Kyurem
|-sidestart|p2: yokeer|Spikes
|
|upkeep
|turn|8
|
|t:|1713776118
|-activate|p2a: Kyurem|confusion
|-damage|p2a: Kyurem|36/100|[from] confusion
|move|p1a: Ferrothorn|Gyro Ball|p2a: Kyurem
|-supereffective|p2a: Kyurem
|-damage|p2a: Kyurem|0 fnt
|faint|p2a: Kyurem
|
|upkeep
|
|t:|1713776123
|switch|p2a: Magnezone|Magnezone|89/100
|-damage|p2a: Magnezone|83/100|[from] Stealth Rock
|-damage|p2a: Magnezone|70/100|[from] Spikes
|turn|9
|
|t:|1713776129
|move|p2a: Magnezone|Hidden Power|p1a: Ferrothorn
|-supereffective|p1a: Ferrothorn
|-damage|p1a: Ferrothorn|0 fnt
|faint|p1a: Ferrothorn
|
|upkeep
|
|t:|1713776146
|switch|p1a: Excadrill|Excadrill, M|97/100
|-damage|p1a: Excadrill|94/100|[from] Stealth Rock
|turn|10
|
|t:|1713776152
|move|p1a: Excadrill|Earthquake|p2a: Magnezone
|-supereffective|p2a: Magnezone
|-damage|p2a: Magnezone|0 fnt
|faint|p2a: Magnezone
|
|-heal|p1a: Excadrill|99/100|[from] item: Leftovers
|upkeep
|
|t:|1713776155
|switch|p2a: Garchomp|Garchomp, F|100/100
|-damage|p2a: Garchomp|94/100|[from] Stealth Rock
|-damage|p2a: Garchomp|82/100|[from] Spikes
|turn|11
|
|t:|1713776168
|switch|p1a: Landorus|Landorus-Therian, M|100/100
|-damage|p1a: Landorus|88/100|[from] Stealth Rock
|-ability|p1a: Landorus|Intimidate|boost
|-unboost|p2a: Garchomp|atk|1
|move|p2a: Garchomp|Earthquake|p1a: Landorus
|-immune|p1a: Landorus
|
|-heal|p1a: Landorus|94/100|[from] item: Leftovers
|upkeep
|turn|12
|
|t:|1713776175
|move|p2a: Garchomp|Swords Dance|p2a: Garchomp
|-boost|p2a: Garchomp|atk|2
|move|p1a: Landorus|Hidden Power|p2a: Garchomp
|-supereffective|p2a: Garchomp
|-damage|p2a: Garchomp|8/100
|-enditem|p2a: Garchomp|Salac Berry|[eat]
|-boost|p2a: Garchomp|spe|1|[from] item: Salac Berry
|
|-heal|p1a: Landorus|100/100|[from] item: Leftovers
|upkeep
|turn|13
|
|t:|1713776179
|move|p2a: Garchomp|Outrage|p1a: Landorus
|-damage|p1a: Landorus|11/100
|move|p1a: Landorus|Hidden Power|p2a: Garchomp
|-supereffective|p2a: Garchomp
|-damage|p2a: Garchomp|0 fnt
|faint|p2a: Garchomp
|
|-heal|p1a: Landorus|17/100|[from] item: Leftovers
|upkeep
|
|t:|1713776189
|switch|p2a: Latios|Latios, M|100/100
|-damage|p2a: Latios|88/100|[from] Stealth Rock
|turn|14
|
|t:|1713776200
|move|p2a: Latios|Dragon Pulse|p1a: Landorus
|-damage|p1a: Landorus|0 fnt
|faint|p1a: Landorus
|
|upkeep
|
|t:|1713776202
|switch|p1a: Tyranitar|Tyranitar, M|100/100
|-damage|p1a: Tyranitar|88/100|[from] Stealth Rock
|-weather|Sandstorm|[from] ability: Sand Stream|[of] p1a: Tyranitar
|turn|15
|
|t:|1713776203
|move|p2a: Latios|Dragon Pulse|p1a: Tyranitar
|-damage|p1a: Tyranitar|64/100
|move|p1a: Tyranitar|Pursuit|p2a: Latios
|-supereffective|p2a: Latios
|-damage|p2a: Latios|28/100
|
|-weather|Sandstorm|[upkeep]
|-damage|p2a: Latios|22/100|[from] Sandstorm
|upkeep
|turn|16
|
|t:|1713776206
|move|p2a: Latios|Dragon Pulse|p1a: Tyranitar
|-damage|p1a: Tyranitar|41/100
|move|p1a: Tyranitar|Pursuit|p2a: Latios
|-supereffective|p2a: Latios
|-damage|p2a: Latios|0 fnt
|faint|p2a: Latios
|
|-weather|Sandstorm|[upkeep]
|upkeep
|
|t:|1713776208
|switch|p2a: Jirachi|Jirachi|26/100
|-damage|p2a: Jirachi|20/100|[from] Stealth Rock
|-damage|p2a: Jirachi|8/100|[from] Spikes
|turn|17
|
|t:|1713776213
|switch|p1a: Excadrill|Excadrill, M|99/100
|-damage|p1a: Excadrill|97/100|[from] Stealth Rock
|move|p2a: Jirachi|U-turn|p1a: Excadrill
|-resisted|p1a: Excadrill
|-damage|p1a: Excadrill|88/100
|
|t:|1713776217
|switch|p2a: Dragonite|Dragonite, M|100/100|[from] U-turn
|-damage|p2a: Dragonite|76/100|[from] Stealth Rock
|
|-weather|Sandstorm|[upkeep]
|-damage|p2a: Dragonite|70/100|[from] Sandstorm
|-heal|p1a: Excadrill|94/100|[from] item: Leftovers
|upkeep
|turn|18
|
|t:|1713776221
|move|p1a: Excadrill|Iron Head|p2a: Dragonite
|-damage|p2a: Dragonite|9/100
|move|p2a: Dragonite|Dragon Dance|p2a: Dragonite
|-boost|p2a: Dragonite|atk|1
|-boost|p2a: Dragonite|spe|1
|
|-weather|Sandstorm|[upkeep]
|-damage|p2a: Dragonite|3/100|[from] Sandstorm
|-heal|p1a: Excadrill|99/100|[from] item: Leftovers
|upkeep
|turn|19
|
|t:|1713776230
|move|p2a: Dragonite|Earthquake|p1a: Excadrill
|-supereffective|p1a: Excadrill
|-damage|p1a: Excadrill|0 fnt
|faint|p1a: Excadrill
|
|-weather|Sandstorm|[upkeep]
|-damage|p2a: Dragonite|0 fnt|[from] Sandstorm
|faint|p2a: Dragonite
|upkeep
|
|t:|1713776240
|switch|p1a: Latios|Latios, M|100/100
|switch|p2a: Jirachi|Jirachi|8/100
|-damage|p1a: Latios|88/100|[from] Stealth Rock
|-damage|p2a: Jirachi|1/100|[from] Stealth Rock
|-damage|p2a: Jirachi|0 fnt|[from] Spikes
|faint|p2a: Jirachi
|
|win|bwc leg
|raw|bwc leg's rating: 1273 &rarr; <strong>1313</strong><br />(+40 for winning)
|raw|yokeer's rating: 1520 &rarr; <strong>1488</strong><br />(-32 for losing)
