|j|‽MegaStarUniverse
|j|☆filipintox
|t:|1726702785
|gametype|singles
|player|p1|MegaStarUniverse|nate|1459
|player|p2|filipintox|102|1338
|teamsize|p1|6
|teamsize|p2|6
|gen|5
|tier|[Gen 5] OU
|rated|
|rule|Species Clause: Limit one of each Pokémon
|rule|OHKO Clause: OHKO moves are banned
|rule|Moody Clause: Moody is banned
|rule|Evasion Items Clause: Evasion items are banned
|rule|Evasion Moves Clause: Evasion moves are banned
|rule|Endless Battle Clause: Forcing endless battles is banned
|rule|HP Percentage Mod: HP is shown in percentages
|rule|Evasion Abilities Clause: Evasion abilities are banned
|rule|Sleep Moves Clause: Sleep-inducing moves are banned
|rule|Swagger Clause: Swagger is banned
|rule|Baton Pass Stat Clause: No Baton Passer may have a way to boost its stats
|clearpoke
|poke|p1|Tyranitar, M|item
|poke|p1|Landorus-Therian, M|item
|poke|p1|Keldeo|item
|poke|p1|Latios, M|item
|poke|p1|Jirachi|item
|poke|p1|Garchomp, F|item
|poke|p2|Rotom-Heat|item
|poke|p2|Togekiss, F|item
|poke|p2|Empoleon, F|item
|poke|p2|Toxicroak, F|item
|poke|p2|Bronzong|item
|poke|p2|Hippowdon, M|item
|teampreview
|inactive|Battle timer is ON: inactive players will automatically lose when time's up. (requested by MegaStarUniverse)
|inactive|filipintox has 120 seconds left.
|
|t:|1726702824
|start
|switch|p1a: Jirachi|Jirachi|100/100
|switch|p2a: Rotom|Rotom-Heat|100/100
|turn|1
|
|t:|1726702830
|move|p2a: Rotom|Trick|p1a: Jirachi
|-activate|p2a: Rotom|move: Trick|[of] p1a: Jirachi
|-item|p1a: Jirachi|Choice Scarf|[from] move: Trick
|-item|p2a: Rotom|Shuca Berry|[from] move: Trick
|move|p1a: Jirachi|Psychic|p2a: Rotom
|-damage|p2a: Rotom|53/100
|
|upkeep
|turn|2
|
|t:|1726702842
|switch|p1a: Keldeo|Keldeo|100/100
|switch|p2a: Empoleon|Empoleon, F|100/100
|
|upkeep
|turn|3
|
|t:|1726702852
|switch|p1a: Tyranitar|Tyranitar, M|100/100
|-weather|Sandstorm|[from] ability: Sand Stream|[of] p1a: Tyranitar
|switch|p2a: Toxicroak|Toxicroak, F|100/100
|
|-weather|Sandstorm|[upkeep]
|-damage|p2a: Toxicroak|94/100|[from] Sandstorm
|upkeep
|turn|4
|
|t:|1726702863
|move|p2a: Toxicroak|Drain Punch|p1a: Tyranitar
|-supereffective|p1a: Tyranitar
|-enditem|p1a: Tyranitar|Chople Berry|[eat]
|-enditem|p1a: Tyranitar|Chople Berry|[weaken]
|-damage|p1a: Tyranitar|12/100
|-heal|p2a: Toxicroak|100/100|[from] drain|[of] p1a: Tyranitar
|-damage|p2a: Toxicroak|91/100|[from] item: Life Orb
|move|p1a: Tyranitar|Stealth Rock|p2a: Toxicroak
|-sidestart|p2: filipintox|move: Stealth Rock
|
|-weather|Sandstorm|[upkeep]
|-damage|p2a: Toxicroak|85/100|[from] Sandstorm
|upkeep
|turn|5
|
|t:|1726702875
|move|p2a: Toxicroak|Drain Punch|p1a: Tyranitar
|-supereffective|p1a: Tyranitar
|-damage|p1a: Tyranitar|0 fnt
|-heal|p2a: Toxicroak|92/100|[from] drain|[of] p1a: Tyranitar
|faint|p1a: Tyranitar
|-damage|p2a: Toxicroak|82/100|[from] item: Life Orb
|
|-weather|Sandstorm|[upkeep]
|-damage|p2a: Toxicroak|76/100|[from] Sandstorm
|upkeep
|
|t:|1726702885
|switch|p1a: Garchomp|Garchomp, F|100/100
|turn|6
|
|t:|1726702892
|switch|p2a: Hippowdon|Hippowdon, M|100/100
|-damage|p2a: Hippowdon|94/100|[from] Stealth Rock
|move|p1a: Garchomp|Draco Meteor|p2a: Hippowdon
|-damage|p2a: Hippowdon|45/100
|-unboost|p1a: Garchomp|spa|2
|-damage|p1a: Garchomp|91/100|[from] item: Life Orb
|
|-weather|Sandstorm|[upkeep]
|-heal|p2a: Hippowdon|51/100|[from] item: Leftovers
|upkeep
|turn|7
|
|t:|1726702906
|move|p1a: Garchomp|Outrage|p2a: Hippowdon
|-damage|p2a: Hippowdon|4/100
|-damage|p1a: Garchomp|81/100|[from] item: Life Orb
|move|p2a: Hippowdon|Stealth Rock|p1a: Garchomp
|-sidestart|p1: MegaStarUniverse|move: Stealth Rock
|
|-weather|Sandstorm|[upkeep]
|-heal|p2a: Hippowdon|10/100|[from] item: Leftovers
|upkeep
|turn|8
|
|t:|1726702916
|move|p1a: Garchomp|Outrage|p2a: Hippowdon|[from]lockedmove
|-damage|p2a: Hippowdon|0 fnt
|faint|p2a: Hippowdon
|-damage|p1a: Garchomp|71/100|[from] item: Life Orb
|-start|p1a: Garchomp|confusion|[fatigue]
|
|-weather|Sandstorm|[upkeep]
|upkeep
|
|t:|1726702930
|switch|p2a: Bronzong|Bronzong|100/100
|-damage|p2a: Bronzong|94/100|[from] Stealth Rock
|turn|9
|
|t:|1726702959
|switch|p1a: Jirachi|Jirachi|100/100
|-damage|p1a: Jirachi|94/100|[from] Stealth Rock
|move|p2a: Bronzong|Trick Room|p2a: Bronzong
|-fieldstart|move: Trick Room|[of] p2a: Bronzong
|
|-weather|Sandstorm|[upkeep]
|upkeep
|turn|10
|
|t:|1726702966
|move|p2a: Bronzong|Earthquake|p1a: Jirachi
|-supereffective|p1a: Jirachi
|-damage|p1a: Jirachi|34/100
|move|p1a: Jirachi|Hidden Power|p2a: Bronzong
|-supereffective|p2a: Bronzong
|-damage|p2a: Bronzong|56/100
|
|-weather|Sandstorm|[upkeep]
|upkeep
|turn|11
|
|t:|1726702979
|move|p2a: Bronzong|Earthquake|p1a: Jirachi
|-supereffective|p1a: Jirachi
|-damage|p1a: Jirachi|0 fnt
|faint|p1a: Jirachi
|
|-weather|Sandstorm|[upkeep]
|upkeep
|
|t:|1726702984
|switch|p1a: Keldeo|Keldeo|100/100
|-damage|p1a: Keldeo|94/100|[from] Stealth Rock
|turn|12
|
|t:|1726702991
|move|p2a: Bronzong|Explosion|p1a: Keldeo
|-damage|p1a: Keldeo|13/100
|faint|p2a: Bronzong
|move|p1a: Keldeo|Secret Sword|p2: Bronzong|[notarget]
|-fail|p1a: Keldeo
|
|-weather|Sandstorm|[upkeep]
|-damage|p1a: Keldeo|6/100|[from] Sandstorm
|upkeep
|
|t:|1726703004
|switch|p2a: Empoleon|Empoleon, F|100/100
|-damage|p2a: Empoleon|94/100|[from] Stealth Rock
|turn|13
|
|t:|1726703016
|move|p2a: Empoleon|Ice Beam|p1a: Keldeo
|-resisted|p1a: Keldeo
|-damage|p1a: Keldeo|0 fnt
|faint|p1a: Keldeo
|
|-weather|Sandstorm|[upkeep]
|-fieldend|move: Trick Room
|upkeep
|
|t:|1726703021
|switch|p1a: Garchomp|Garchomp, F|71/100
|-damage|p1a: Garchomp|65/100|[from] Stealth Rock
|turn|14
|
|t:|1726703026
|move|p1a: Garchomp|Earthquake|p2a: Empoleon
|-supereffective|p2a: Empoleon
|-damage|p2a: Empoleon|0 fnt
|faint|p2a: Empoleon
|-damage|p1a: Garchomp|55/100|[from] item: Life Orb
|
|-weather|Sandstorm|[upkeep]
|upkeep
|
|t:|1726703034
|switch|p2a: Togekiss|Togekiss, F|100/100
|-damage|p2a: Togekiss|76/100|[from] Stealth Rock
|turn|15
|
|t:|1726703058
|move|p1a: Garchomp|Outrage|p2a: Togekiss
|-damage|p2a: Togekiss|28/100
|-damage|p1a: Garchomp|45/100|[from] item: Life Orb
|move|p2a: Togekiss|Roost|p2a: Togekiss
|-heal|p2a: Togekiss|78/100
|-singleturn|p2a: Togekiss|move: Roost
|
|-weather|Sandstorm|[upkeep]
|-damage|p2a: Togekiss|72/100|[from] Sandstorm
|-heal|p2a: Togekiss|78/100|[from] item: Leftovers
|upkeep
|turn|16
|
|t:|1726703070
|move|p1a: Garchomp|Outrage|p2a: Togekiss|[from]lockedmove
|-damage|p2a: Togekiss|33/100
|-damage|p1a: Garchomp|36/100|[from] item: Life Orb
|-start|p1a: Garchomp|confusion|[fatigue]
|move|p2a: Togekiss|Roost|p2a: Togekiss
|-heal|p2a: Togekiss|83/100
|-singleturn|p2a: Togekiss|move: Roost
|
|-weather|Sandstorm|[upkeep]
|-damage|p2a: Togekiss|77/100|[from] Sandstorm
|-heal|p2a: Togekiss|83/100|[from] item: Leftovers
|upkeep
|turn|17
|
|t:|1726703086
|switch|p1a: Landorus|Landorus-Therian, M|100/100
|-damage|p1a: Landorus|88/100|[from] Stealth Rock
|-ability|p1a: Landorus|Intimidate|boost
|-unboost|p2a: Togekiss|atk|1
|move|p2a: Togekiss|Roost|p2a: Togekiss
|-heal|p2a: Togekiss|100/100
|-singleturn|p2a: Togekiss|move: Roost
|
|-weather|Sandstorm|[upkeep]
|-damage|p2a: Togekiss|94/100|[from] Sandstorm
|-heal|p2a: Togekiss|100/100|[from] item: Leftovers
|upkeep
|turn|18
|
|t:|1726703100
|move|p1a: Landorus|Rock Slide|p2a: Togekiss
|-supereffective|p2a: Togekiss
|-damage|p2a: Togekiss|68/100
|move|p2a: Togekiss|Nasty Plot|p2a: Togekiss
|-boost|p2a: Togekiss|spa|2
|
|-weather|Sandstorm|[upkeep]
|-damage|p2a: Togekiss|62/100|[from] Sandstorm
|-heal|p2a: Togekiss|68/100|[from] item: Leftovers
|upkeep
|turn|19
|
|t:|1726703111
|move|p1a: Landorus|Rock Slide|p2a: Togekiss|[miss]
|-miss|p1a: Landorus|p2a: Togekiss
|move|p2a: Togekiss|Roost|p2a: Togekiss
|-heal|p2a: Togekiss|100/100
|-singleturn|p2a: Togekiss|move: Roost
|
|-weather|Sandstorm|[upkeep]
|-damage|p2a: Togekiss|94/100|[from] Sandstorm
|-heal|p2a: Togekiss|100/100|[from] item: Leftovers
|upkeep
|turn|20
|
|t:|1726703122
|move|p1a: Landorus|Rock Slide|p2a: Togekiss
|-supereffective|p2a: Togekiss
|-damage|p2a: Togekiss|65/100
|cant|p2a: Togekiss|flinch
|
|-weather|Sandstorm|[upkeep]
|-damage|p2a: Togekiss|59/100|[from] Sandstorm
|-heal|p2a: Togekiss|65/100|[from] item: Leftovers
|upkeep
|turn|21
|
|t:|1726703132
|move|p1a: Landorus|Rock Slide|p2a: Togekiss
|-supereffective|p2a: Togekiss
|-damage|p2a: Togekiss|33/100
|move|p2a: Togekiss|Roost|p2a: Togekiss
|-heal|p2a: Togekiss|83/100
|-singleturn|p2a: Togekiss|move: Roost
|
|-weather|Sandstorm|[upkeep]
|-damage|p2a: Togekiss|77/100|[from] Sandstorm
|-heal|p2a: Togekiss|83/100|[from] item: Leftovers
|upkeep
|turn|22
|
|t:|1726703145
|move|p1a: Landorus|Rock Slide|p2a: Togekiss
|-supereffective|p2a: Togekiss
|-damage|p2a: Togekiss|47/100
|move|p2a: Togekiss|Roost|p2a: Togekiss
|-heal|p2a: Togekiss|97/100
|-singleturn|p2a: Togekiss|move: Roost
|
|-weather|Sandstorm|[upkeep]
|-damage|p2a: Togekiss|91/100|[from] Sandstorm
|-heal|p2a: Togekiss|97/100|[from] item: Leftovers
|upkeep
|turn|23
|
|t:|1726703157
|move|p1a: Landorus|Rock Slide|p2a: Togekiss
|-supereffective|p2a: Togekiss
|-damage|p2a: Togekiss|63/100
|move|p2a: Togekiss|Air Slash|p1a: Landorus|[miss]
|-miss|p2a: Togekiss|p1a: Landorus
|
|-weather|Sandstorm|[upkeep]
|-damage|p2a: Togekiss|57/100|[from] Sandstorm
|-heal|p2a: Togekiss|63/100|[from] item: Leftovers
|upkeep
|turn|24
|
|t:|1726703167
|move|p1a: Landorus|Rock Slide|p2a: Togekiss
|-supereffective|p2a: Togekiss
|-damage|p2a: Togekiss|29/100
|move|p2a: Togekiss|Roost|p2a: Togekiss
|-heal|p2a: Togekiss|79/100
|-singleturn|p2a: Togekiss|move: Roost
|
|-weather|Sandstorm|[upkeep]
|-damage|p2a: Togekiss|73/100|[from] Sandstorm
|-heal|p2a: Togekiss|79/100|[from] item: Leftovers
|upkeep
|turn|25
|
|t:|1726703178
|move|p1a: Landorus|Rock Slide|p2a: Togekiss
|-supereffective|p2a: Togekiss
|-damage|p2a: Togekiss|47/100
|move|p2a: Togekiss|Roost|p2a: Togekiss
|-heal|p2a: Togekiss|97/100
|-singleturn|p2a: Togekiss|move: Roost
|
|-weather|Sandstorm|[upkeep]
|-damage|p2a: Togekiss|91/100|[from] Sandstorm
|-heal|p2a: Togekiss|97/100|[from] item: Leftovers
|upkeep
|turn|26
|
|t:|1726703189
|move|p1a: Landorus|Rock Slide|p2a: Togekiss
|-supereffective|p2a: Togekiss
|-damage|p2a: Togekiss|64/100
|cant|p2a: Togekiss|flinch
|
|-weather|Sandstorm|[upkeep]
|-damage|p2a: Togekiss|57/100|[from] Sandstorm
|-heal|p2a: Togekiss|64/100|[from] item: Leftovers
|upkeep
|turn|27
|
|t:|1726703199
|move|p1a: Landorus|Rock Slide|p2a: Togekiss
|-supereffective|p2a: Togekiss
|-damage|p2a: Togekiss|32/100
|move|p2a: Togekiss|Roost|p2a: Togekiss
|-heal|p2a: Togekiss|82/100
|-singleturn|p2a: Togekiss|move: Roost
|
|-weather|Sandstorm|[upkeep]
|-damage|p2a: Togekiss|75/100|[from] Sandstorm
|-heal|p2a: Togekiss|82/100|[from] item: Leftovers
|upkeep
|turn|28
|
|t:|1726703210
|move|p1a: Landorus|Rock Slide|p2a: Togekiss
|-supereffective|p2a: Togekiss
|-damage|p2a: Togekiss|46/100
|cant|p2a: Togekiss|flinch
|
|-weather|Sandstorm|[upkeep]
|-damage|p2a: Togekiss|40/100|[from] Sandstorm
|-heal|p2a: Togekiss|46/100|[from] item: Leftovers
|upkeep
|turn|29
|
|t:|1726703220
|move|p1a: Landorus|Rock Slide|p2a: Togekiss
|-supereffective|p2a: Togekiss
|-damage|p2a: Togekiss|14/100
|move|p2a: Togekiss|Roost|p2a: Togekiss
|-heal|p2a: Togekiss|64/100
|-singleturn|p2a: Togekiss|move: Roost
|
|-weather|Sandstorm|[upkeep]
|-damage|p2a: Togekiss|58/100|[from] Sandstorm
|-heal|p2a: Togekiss|64/100|[from] item: Leftovers
|upkeep
|turn|30
|
|t:|1726703233
|move|p1a: Landorus|Rock Slide|p2a: Togekiss
|-supereffective|p2a: Togekiss
|-damage|p2a: Togekiss|27/100
|cant|p2a: Togekiss|flinch
|
|-weather|Sandstorm|[upkeep]
|-damage|p2a: Togekiss|21/100|[from] Sandstorm
|-heal|p2a: Togekiss|27/100|[from] item: Leftovers
|upkeep
|turn|31
|
|t:|1726703243
|move|p1a: Landorus|Rock Slide|p2a: Togekiss
|-supereffective|p2a: Togekiss
|-crit|p2a: Togekiss
|-damage|p2a: Togekiss|0 fnt
|faint|p2a: Togekiss
|
|-weather|Sandstorm|[upkeep]
|upkeep
|
|t:|1726703251
|switch|p2a: Rotom|Rotom-Heat|53/100
|-damage|p2a: Rotom|28/100|[from] Stealth Rock
|turn|32
|
|t:|1726703259
|move|p1a: Landorus|Rock Slide|p2a: Rotom
|-supereffective|p2a: Rotom
|-damage|p2a: Rotom|0 fnt
|faint|p2a: Rotom
|
|-weather|Sandstorm|[upkeep]
|upkeep
|
|t:|1726703266
|switch|p2a: Toxicroak|Toxicroak, F|76/100
|-damage|p2a: Toxicroak|70/100|[from] Stealth Rock
|turn|33
|
|t:|1726703271
|move|p2a: Toxicroak|Sucker Punch|p1a: Landorus
|-damage|p1a: Landorus|53/100
|-damage|p2a: Toxicroak|60/100|[from] item: Life Orb
|move|p1a: Landorus|Rock Slide|p2a: Toxicroak
|-resisted|p2a: Toxicroak
|-damage|p2a: Toxicroak|42/100
|
|-weather|Sandstorm|[upkeep]
|-damage|p2a: Toxicroak|36/100|[from] Sandstorm
|upkeep
|turn|34
|
|t:|1726703284
|switch|p1a: Garchomp|Garchomp, F|36/100
|-damage|p1a: Garchomp|29/100|[from] Stealth Rock
|move|p2a: Toxicroak|Ice Punch|p1a: Garchomp
|-supereffective|p1a: Garchomp
|-damage|p1a: Garchomp|0 fnt
|-damage|p2a: Toxicroak|23/100|[from] ability: Rough Skin|[of] p1a: Garchomp
|faint|p1a: Garchomp
|-damage|p2a: Toxicroak|13/100|[from] item: Life Orb
|
|-weather|Sandstorm|[upkeep]
|-damage|p2a: Toxicroak|7/100|[from] Sandstorm
|upkeep
|
|t:|1726703287
|switch|p1a: Landorus|Landorus-Therian, M|53/100
|-damage|p1a: Landorus|40/100|[from] Stealth Rock
|-ability|p1a: Landorus|Intimidate|boost
|-unboost|p2a: Toxicroak|atk|1
|turn|35
|
|t:|1726703293
|move|p2a: Toxicroak|Sucker Punch|p1a: Landorus
|-damage|p1a: Landorus|17/100
|-damage|p2a: Toxicroak|0 fnt|[from] item: Life Orb
|faint|p2a: Toxicroak
|
|win|MegaStarUniverse
|raw|MegaStarUniverse's rating: 1459 &rarr; <strong>1472</strong><br />(+13 for winning)
|raw|filipintox's rating: 1338 &rarr; <strong>1325</strong><br />(-13 for losing)
|l|☆filipintox
|player|p2|
