|j|☆Pizza Huawei
|j|☆viperforpresident
|player|p1|Pizza Huawei|lucas-gen4pt|1523
|player|p2|viperforpresident|2|1294
|teamsize|p1|6
|teamsize|p2|6
|gametype|singles
|gen|5
|tier|[Gen 5] OU
|rated|
|clearpoke
|poke|p1|Politoed, M|item
|poke|p1|Starmie|item
|poke|p1|Keldeo|item
|poke|p1|Latios, M|item
|poke|p1|Tornadus, M|item
|poke|p1|Ferrothorn, M|item
|poke|p2|Tyranitar, F|item
|poke|p2|Magnezone|item
|poke|p2|Landorus-Therian, M|item
|poke|p2|Rotom-Wash|item
|poke|p2|Starmie|item
|poke|p2|Latios, M|item
|rule|Species Clause: Limit one of each Pokémon
|rule|OHKO Clause: OHKO moves are banned
|rule|Moody Clause: Moody is banned
|rule|Evasion Moves Clause: Evasion moves are banned
|rule|Endless Battle Clause: Forcing endless battles is banned
|rule|HP Percentage Mod: HP is shown in percentages
|rule|Evasion Abilities Clause: Evasion abilities are banned
|rule|Baton Pass Clause: Limit one Baton Passer, can't pass Spe and other stats simultaneously
|rule|Sleep Clause: Sleep-inducing moves are banned
|rule|Swagger Clause: Swagger is banned
|teampreview
|c|☆viperforpresident|hf
|
|start
|switch|p1a: Latios|Latios, M|100/100
|switch|p2a: Magnezone|Magnezone, shiny|100/100
|turn|1
|inactive|Battle timer is ON: inactive players will automatically lose when time's up. (requested by Pizza Huawei)
|inactive|viperforpresident also wants the timer to be on.
|
|switch|p2a: Rotom|Rotom-Wash|100/100
|move|p1a: Latios|Surf|p2a: Rotom
|-resisted|p2a: Rotom
|-damage|p2a: Rotom|80/100
|
|-heal|p2a: Rotom|86/100|[from] item: Leftovers
|upkeep
|turn|2
|
|move|p1a: Latios|Surf|p2a: Rotom
|-resisted|p2a: Rotom
|-crit|p2a: Rotom
|-damage|p2a: Rotom|45/100
|move|p2a: Rotom|Volt Switch|p1a: Latios
|-resisted|p1a: Latios
|-damage|p1a: Latios|86/100
|
|switch|p2a: Tyranitar|Tyranitar, F, shiny|100/100|[from]move: Volt Switch
|-weather|Sandstorm|[from] ability: Sand Stream|[of] p2a: Tyranitar
|
|-weather|Sandstorm|[upkeep]
|-damage|p1a: Latios|80/100|[from] Sandstorm
|upkeep
|turn|3
|
|move|p1a: Latios|Surf|p2a: Tyranitar
|-supereffective|p2a: Tyranitar
|-damage|p2a: Tyranitar|55/100
|move|p2a: Tyranitar|Crunch|p1a: Latios
|-supereffective|p1a: Latios
|-damage|p1a: Latios|0 fnt
|faint|p1a: Latios
|
|-weather|Sandstorm|[upkeep]
|upkeep
|
|switch|p1a: Politoed|Politoed, M|100/100
|-weather|RainDance|[from] ability: Drizzle|[of] p1a: Politoed
|turn|4
|
|switch|p2a: Latios|Latios, M|100/100
|move|p1a: Politoed|Scald|p2a: Latios
|-resisted|p2a: Latios
|-crit|p2a: Latios
|-damage|p2a: Latios|20/100
|
|-weather|RainDance|[upkeep]
|upkeep
|turn|5
|
|switch|p2a: Magnezone|Magnezone, shiny|100/100
|switch|p1a: Ferrothorn|Ferrothorn, M|100/100
|
|-weather|RainDance|[upkeep]
|upkeep
|turn|6
|
|move|p2a: Magnezone|Substitute|p2a: Magnezone
|-start|p2a: Magnezone|Substitute
|-damage|p2a: Magnezone|76/100
|move|p1a: Ferrothorn|Stealth Rock|p2a: Magnezone
|-sidestart|p2: viperforpresident|move: Stealth Rock
|
|-weather|RainDance|[upkeep]
|-heal|p2a: Magnezone|82/100|[from] item: Leftovers
|upkeep
|turn|7
|
|move|p2a: Magnezone|Charge Beam|p1a: Ferrothorn
|-resisted|p1a: Ferrothorn
|-damage|p1a: Ferrothorn|92/100
|-boost|p2a: Magnezone|spa|1
|move|p1a: Ferrothorn|Spikes|p2a: Magnezone
|-sidestart|p2: viperforpresident|Spikes
|
|-weather|RainDance|[upkeep]
|-heal|p2a: Magnezone|88/100|[from] item: Leftovers
|-heal|p1a: Ferrothorn|98/100|[from] item: Leftovers
|upkeep
|turn|8
|
|move|p2a: Magnezone|Charge Beam|p1a: Ferrothorn
|-resisted|p1a: Ferrothorn
|-damage|p1a: Ferrothorn|86/100
|move|p1a: Ferrothorn|Spikes|p2a: Magnezone
|-sidestart|p2: viperforpresident|Spikes
|
|-weather|RainDance|[upkeep]
|-heal|p2a: Magnezone|94/100|[from] item: Leftovers
|-heal|p1a: Ferrothorn|92/100|[from] item: Leftovers
|upkeep
|turn|9
|
|move|p2a: Magnezone|Charge Beam|p1a: Ferrothorn
|-resisted|p1a: Ferrothorn
|-crit|p1a: Ferrothorn
|-damage|p1a: Ferrothorn|66/100
|move|p1a: Ferrothorn|Spikes|p2a: Magnezone
|-sidestart|p2: viperforpresident|Spikes
|
|-weather|RainDance|[upkeep]
|-heal|p2a: Magnezone|99/100|[from] item: Leftovers
|-heal|p1a: Ferrothorn|72/100|[from] item: Leftovers
|upkeep
|turn|10
|
|move|p2a: Magnezone|Charge Beam|p1a: Ferrothorn
|-resisted|p1a: Ferrothorn
|-damage|p1a: Ferrothorn|61/100
|-boost|p2a: Magnezone|spa|1
|move|p1a: Ferrothorn|Power Whip|p2a: Magnezone
|-resisted|p2a: Magnezone
|-activate|p2a: Magnezone|Substitute|[damage]
|
|-weather|RainDance|[upkeep]
|-heal|p2a: Magnezone|100/100|[from] item: Leftovers
|-heal|p1a: Ferrothorn|67/100|[from] item: Leftovers
|upkeep
|turn|11
|
|move|p2a: Magnezone|Charge Beam|p1a: Ferrothorn
|-resisted|p1a: Ferrothorn
|-damage|p1a: Ferrothorn|50/100
|-boost|p2a: Magnezone|spa|1
|move|p1a: Ferrothorn|Power Whip|p2a: Magnezone
|-resisted|p2a: Magnezone
|-end|p2a: Magnezone|Substitute
|
|-weather|RainDance|[upkeep]
|-heal|p1a: Ferrothorn|56/100|[from] item: Leftovers
|upkeep
|turn|12
|
|move|p2a: Magnezone|Substitute|p2a: Magnezone
|-start|p2a: Magnezone|Substitute
|-damage|p2a: Magnezone|76/100
|move|p1a: Ferrothorn|Power Whip|p2a: Magnezone
|-resisted|p2a: Magnezone
|-activate|p2a: Magnezone|Substitute|[damage]
|
|-weather|RainDance|[upkeep]
|-heal|p2a: Magnezone|82/100|[from] item: Leftovers
|-heal|p1a: Ferrothorn|62/100|[from] item: Leftovers
|upkeep
|turn|13
|
|move|p2a: Magnezone|Charge Beam|p1a: Ferrothorn
|-resisted|p1a: Ferrothorn
|-damage|p1a: Ferrothorn|41/100
|-boost|p2a: Magnezone|spa|1
|move|p1a: Ferrothorn|Power Whip|p2a: Magnezone|[miss]
|-miss|p1a: Ferrothorn|p2a: Magnezone
|
|-weather|RainDance|[upkeep]
|-heal|p2a: Magnezone|88/100|[from] item: Leftovers
|-heal|p1a: Ferrothorn|47/100|[from] item: Leftovers
|upkeep
|turn|14
|
|move|p2a: Magnezone|Thunderbolt|p1a: Ferrothorn
|-resisted|p1a: Ferrothorn
|-damage|p1a: Ferrothorn|0 fnt
|faint|p1a: Ferrothorn
|
|-weather|RainDance|[upkeep]
|-heal|p2a: Magnezone|94/100|[from] item: Leftovers
|upkeep
|
|switch|p1a: Tornadus|Tornadus, M|100/100
|turn|15
|
|move|p1a: Tornadus|Hurricane|p2a: Magnezone
|-resisted|p2a: Magnezone
|-end|p2a: Magnezone|Substitute
|move|p2a: Magnezone|Thunderbolt|p1a: Tornadus
|-supereffective|p1a: Tornadus
|-damage|p1a: Tornadus|0 fnt
|faint|p1a: Tornadus
|
|-weather|RainDance|[upkeep]
|-heal|p2a: Magnezone|99/100|[from] item: Leftovers
|upkeep
|
|switch|p1a: Starmie|Starmie|100/100
|turn|16
|
|move|p1a: Starmie|Hydro Pump|p2a: Magnezone
|-damage|p2a: Magnezone|0 fnt
|faint|p2a: Magnezone
|
|-weather|RainDance|[upkeep]
|upkeep
|
|switch|p2a: Landorus|Landorus-Therian, M, shiny|100/100
|-damage|p2a: Landorus|88/100|[from] Stealth Rock
|-ability|p2a: Landorus|Intimidate|boost
|-unboost|p1a: Starmie|atk|1
|turn|17
|
|move|p2a: Landorus|U-turn|p1a: Starmie
|-supereffective|p1a: Starmie
|-damage|p1a: Starmie|23/100
|
|switch|p2a: Rotom|Rotom-Wash|45/100|[from]move: U-turn
|-damage|p2a: Rotom|33/100|[from] Stealth Rock
|move|p1a: Starmie|Hydro Pump|p2a: Rotom
|-resisted|p2a: Rotom
|-damage|p2a: Rotom|0 fnt
|faint|p2a: Rotom
|
|-weather|RainDance|[upkeep]
|upkeep
|
|switch|p2a: Landorus|Landorus-Therian, M, shiny|88/100
|-damage|p2a: Landorus|75/100|[from] Stealth Rock
|-ability|p2a: Landorus|Intimidate|boost
|-unboost|p1a: Starmie|atk|1
|turn|18
|
|move|p2a: Landorus|Earthquake|p1a: Starmie
|-damage|p1a: Starmie|0 fnt
|faint|p1a: Starmie
|
|-weather|RainDance|[upkeep]
|upkeep
|
|switch|p1a: Keldeo|Keldeo|100/100
|turn|19
|
|move|p1a: Keldeo|Surf|p2a: Landorus
|-supereffective|p2a: Landorus
|-damage|p2a: Landorus|0 fnt
|faint|p2a: Landorus
|
|-weather|RainDance|[upkeep]
|upkeep
|
|switch|p2a: Tyranitar|Tyranitar, F, shiny|55/100
|-damage|p2a: Tyranitar|30/100|[from] Spikes
|-damage|p2a: Tyranitar|18/100|[from] Stealth Rock
|-weather|Sandstorm|[from] ability: Sand Stream|[of] p2a: Tyranitar
|turn|20
|
|move|p1a: Keldeo|Surf|p2a: Tyranitar
|-supereffective|p2a: Tyranitar
|-damage|p2a: Tyranitar|0 fnt
|faint|p2a: Tyranitar
|
|-weather|Sandstorm|[upkeep]
|-damage|p1a: Keldeo|94/100|[from] Sandstorm
|upkeep
|
|switch|p2a: Starmie|Starmie|100/100
|-damage|p2a: Starmie|76/100|[from] Spikes
|-damage|p2a: Starmie|63/100|[from] Stealth Rock
|turn|21
|
|switch|p1a: Politoed|Politoed, M|100/100
|-weather|RainDance|[from] ability: Drizzle|[of] p1a: Politoed
|move|p2a: Starmie|Psyshock|p1a: Politoed
|-damage|p1a: Politoed|61/100
|
|-weather|RainDance|[upkeep]
|-heal|p2a: Starmie|70/100|[from] item: Leftovers
|upkeep
|turn|22
|
|move|p2a: Starmie|Rapid Spin|p1a: Politoed
|-damage|p1a: Politoed|56/100
|-sideend|p2: viperforpresident|Spikes|[from] move: Rapid Spin|[of] p2a: Starmie
|-sideend|p2: viperforpresident|Stealth Rock|[from] move: Rapid Spin|[of] p2a: Starmie
|move|p1a: Politoed|Hidden Power|p2a: Starmie
|-supereffective|p2a: Starmie
|-damage|p2a: Starmie|0 fnt
|faint|p2a: Starmie
|
|-weather|RainDance|[upkeep]
|upkeep
|
|switch|p2a: Latios|Latios, M|20/100
|turn|23
|
|switch|p1a: Keldeo|Keldeo|94/100
|move|p2a: Latios|Psyshock|p1a: Keldeo
|-supereffective|p1a: Keldeo
|-damage|p1a: Keldeo|0 fnt
|faint|p1a: Keldeo
|
|-weather|RainDance|[upkeep]
|upkeep
|
|switch|p1a: Politoed|Politoed, M|56/100
|turn|24
|
|move|p2a: Latios|Psyshock|p1a: Politoed
|-damage|p1a: Politoed|0 fnt
|faint|p1a: Politoed
|
|win|viperforpresident
|raw|Pizza Huawei's rating: 1523 &rarr; <strong>1491</strong><br />(-32 for losing)
|raw|viperforpresident's rating: 1294 &rarr; <strong>1333</strong><br />(+39 for winning)
