|j|☆Cinema Staff Fan
|j|☆daddy_days2
|t:|1741884267
|gametype|singles
|player|p1|Cinema Staff Fan|iris|1503
|player|p2|daddy_days2|benga|1472
|teamsize|p1|6
|teamsize|p2|6
|gen|5
|tier|[Gen 5] OU
|rated|
|rule|Species Clause: Limit one of each Pokémon
|rule|OHKO Clause: OHKO moves are banned
|rule|Moody Clause: Moody is banned
|rule|Evasion Items Clause: Evasion items are banned
|rule|Evasion Moves Clause: Evasion moves are banned
|rule|Endless Battle Clause: Forcing endless battles is banned
|rule|HP Percentage Mod: HP is shown in percentages
|rule|Evasion Abilities Clause: Evasion abilities are banned
|rule|Sleep Moves Clause: Sleep-inducing moves are banned
|rule|Swagger Clause: Swagger is banned
|rule|Baton Pass Stat Clause: No Baton Passer may have a way to boost its stats
|clearpoke
|poke|p1|Keldeo|item
|poke|p1|Politoed, M|item
|poke|p1|Excadrill, F|item
|poke|p1|Conkeldurr, M|item
|poke|p1|Toxicroak, F|item
|poke|p1|Alakazam, F|item
|poke|p2|Kyurem-Black|item
|poke|p2|Garchomp, M|item
|poke|p2|Conkeldurr, M|item
|poke|p2|Starmie|item
|poke|p2|Bisharp, M|item
|poke|p2|Scyther, M|item
|teampreview
|
|t:|1741884281
|start
|switch|p1a: Alakazam|Alakazam, F|100/100
|switch|p2a: Insane Dwayne|Kyurem-Black|100/100
|-ability|p2a: Insane Dwayne|Teravolt
|turn|1
|
|t:|1741884289
|switch|p2a: Blade|Scyther, M|100/100
|move|p1a: Alakazam|Focus Blast|p2a: Blade|[miss]
|-miss|p1a: Alakazam|p2a: Blade
|
|upkeep
|turn|2
|
|t:|1741884299
|move|p2a: Blade|U-turn|p1a: Alakazam
|-supereffective|p1a: Alakazam
|-enditem|p1a: Alakazam|Focus Sash
|-damage|p1a: Alakazam|1/100
|
|t:|1741884303
|switch|p2a: Adolf|Bisharp, M|100/100|[from] U-turn
|-item|p2a: Adolf|Air Balloon
|move|p1a: Alakazam|Psychic|p2a: Adolf
|-immune|p2a: Adolf
|
|upkeep
|turn|3
|
|t:|1741884311
|-activate|p1a: Alakazam|move: Pursuit
|move|p2a: Adolf|Pursuit|p1a: Alakazam|[from] Pursuit
|-supereffective|p1a: Alakazam
|-damage|p1a: Alakazam|0 fnt
|faint|p1a: Alakazam
|-hint|A Pokemon can't switch between when it runs out of HP and when it faints
|
|upkeep
|
|t:|1741884325
|switch|p1a: Conkeldurr|Conkeldurr, M|100/100
|turn|4
|
|t:|1741884331
|switch|p2a: Painkiller|Garchomp, M|100/100
|move|p1a: Conkeldurr|Thunder Punch|p2a: Painkiller
|-immune|p2a: Painkiller
|
|upkeep
|turn|5
|
|t:|1741884341
|move|p2a: Painkiller|Earthquake|p1a: Conkeldurr
|-damage|p1a: Conkeldurr|56/100
|move|p1a: Conkeldurr|Ice Punch|p2a: Painkiller
|-supereffective|p2a: Painkiller
|-damage|p2a: Painkiller|0 fnt
|-damage|p1a: Conkeldurr|44/100|[from] ability: Rough Skin|[of] p2a: Painkiller
|-damage|p1a: Conkeldurr|28/100|[from] item: Rocky Helmet|[of] p2a: Painkiller
|faint|p2a: Painkiller
|-damage|p1a: Conkeldurr|18/100|[from] item: Life Orb
|
|upkeep
|
|t:|1741884361
|switch|p2a: Starlight|Starmie|100/100
|turn|6
|
|t:|1741884364
|move|p1a: Conkeldurr|Mach Punch|p2a: Starlight
|-resisted|p2a: Starlight
|-damage|p2a: Starlight|77/100
|-damage|p1a: Conkeldurr|8/100|[from] item: Life Orb
|move|p2a: Starlight|Psyshock|p1a: Conkeldurr
|-supereffective|p1a: Conkeldurr
|-damage|p1a: Conkeldurr|0 fnt
|faint|p1a: Conkeldurr
|
|-heal|p2a: Starlight|83/100|[from] item: Leftovers
|upkeep
|
|t:|1741884411
|switch|p1a: Politoed|Politoed, M|100/100
|-weather|RainDance|[from] ability: Drizzle|[of] p1a: Politoed
|turn|7
|
|t:|1741884415
|move|p2a: Starlight|Thunder Wave|p1a: Politoed
|-status|p1a: Politoed|par
|move|p1a: Politoed|Hidden Power|p2a: Starlight
|-supereffective|p2a: Starlight
|-crit|p2a: Starlight
|-damage|p2a: Starlight|0 fnt
|faint|p2a: Starlight
|
|-weather|RainDance|[upkeep]
|upkeep
|
|t:|1741884432
|switch|p2a: Insane Dwayne|Kyurem-Black|100/100
|-ability|p2a: Insane Dwayne|Teravolt
|turn|8
|
|t:|1741884440
|move|p2a: Insane Dwayne|Dragon Claw|p1a: Politoed
|-damage|p1a: Politoed|0 fnt
|faint|p1a: Politoed
|
|-weather|RainDance|[upkeep]
|upkeep
|
|t:|1741884453
|switch|p1a: Keldeo|Keldeo|100/100
|turn|9
|
|t:|1741884471
|move|p1a: Keldeo|Secret Sword|p2a: Insane Dwayne
|-supereffective|p2a: Insane Dwayne
|-damage|p2a: Insane Dwayne|25/100
|move|p2a: Insane Dwayne|Dragon Claw|p1a: Keldeo
|-crit|p1a: Keldeo
|-damage|p1a: Keldeo|0 fnt
|faint|p1a: Keldeo
|
|-weather|RainDance|[upkeep]
|upkeep
|
|t:|1741884489
|switch|p1a: Toxicroak|Toxicroak, F|100/100
|-item|p1a: Toxicroak|Air Balloon
|turn|10
|
|t:|1741884493
|move|p2a: Insane Dwayne|Dragon Claw|p1a: Toxicroak
|-damage|p1a: Toxicroak|0 fnt
|-enditem|p1a: Toxicroak|Air Balloon
|faint|p1a: Toxicroak
|
|-weather|RainDance|[upkeep]
|upkeep
|
|t:|1741884496
|switch|p1a: Excadrill|Excadrill, F|100/100
|-ability|p1a: Excadrill|Mold Breaker
|turn|11
|
|t:|1741884504
|move|p2a: Insane Dwayne|Dragon Claw|p1a: Excadrill
|-resisted|p1a: Excadrill
|-crit|p1a: Excadrill
|-damage|p1a: Excadrill|0 fnt
|faint|p1a: Excadrill
|
|win|daddy_days2
|raw|Cinema Staff Fan's rating: 1503 &rarr; <strong>1481</strong><br />(-22 for losing)
|raw|daddy_days2's rating: 1472 &rarr; <strong>1494</strong><br />(+22 for winning)
