|j|☆Bruno Soriano
|j|☆Pizza Huawei
|player|p1|Bruno Soriano|wally-gen3|1350
|player|p2|Pizza Huawei|lucas-gen4pt|1556
|teamsize|p1|6
|teamsize|p2|6
|gametype|singles
|gen|5
|tier|[Gen 5] OU
|rated|
|clearpoke
|poke|p1|Rotom-Wash|item
|poke|p1|Tyranitar, F|item
|poke|p1|Alakazam, F|item
|poke|p1|Heatran, M|item
|poke|p1|Amoonguss, M|item
|poke|p1|Landorus-Therian, M|item
|poke|p2|Politoed, F|item
|poke|p2|Starmie|item
|poke|p2|Keldeo|item
|poke|p2|Latios, M|item
|poke|p2|Tornadus, M|item
|poke|p2|Ferrothorn, M|item
|rule|Species Clause: Limit one of each Pokémon
|rule|OHKO Clause: OHKO moves are banned
|rule|Moody Clause: Moody is banned
|rule|Evasion Moves Clause: Evasion moves are banned
|rule|Endless Battle Clause: Forcing endless battles is banned
|rule|HP Percentage Mod: HP is shown in percentages
|rule|Evasion Abilities Clause: Evasion abilities are banned
|rule|Baton Pass Clause: Limit one Baton Passer, can't pass Spe and other stats simultaneously
|rule|Sleep Clause: Sleep-inducing moves are banned
|rule|Swagger Clause: Swagger is banned
|teampreview
|inactive|Battle timer is ON: inactive players will automatically lose when time's up. (requested by Bruno Soriano)
|
|start
|switch|p1a: Rotom|Rotom-Wash|100/100
|switch|p2a: Politoed|Politoed, F|100/100
|-weather|RainDance|[from] ability: Drizzle|[of] p2a: Politoed
|turn|1
|
|switch|p2a: Ferrothorn|Ferrothorn, M|100/100
|move|p1a: Rotom|Will-O-Wisp|p2a: Ferrothorn|[miss]
|-miss|p1a: Rotom|p2a: Ferrothorn
|
|-weather|RainDance|[upkeep]
|upkeep
|turn|2
|
|move|p1a: Rotom|Will-O-Wisp|p2a: Ferrothorn|[miss]
|-miss|p1a: Rotom|p2a: Ferrothorn
|move|p2a: Ferrothorn|Stealth Rock|p1a: Rotom
|-sidestart|p1: Bruno Soriano|move: Stealth Rock
|
|-weather|RainDance|[upkeep]
|upkeep
|turn|3
|
|move|p1a: Rotom|Will-O-Wisp|p2a: Ferrothorn
|-status|p2a: Ferrothorn|brn
|move|p2a: Ferrothorn|Spikes|p1a: Rotom
|-sidestart|p1: Bruno Soriano|Spikes
|
|-weather|RainDance|[upkeep]
|-damage|p2a: Ferrothorn|88/100 brn|[from] brn
|upkeep
|turn|4
|
|move|p1a: Rotom|Volt Switch|p2a: Ferrothorn
|-resisted|p2a: Ferrothorn
|-crit|p2a: Ferrothorn
|-damage|p2a: Ferrothorn|72/100 brn
|
|switch|p1a: Krakatoa|Heatran, M|100/100|[from]move: Volt Switch
|-damage|p1a: Krakatoa|88/100|[from] Spikes
|-damage|p1a: Krakatoa|76/100|[from] Stealth Rock
|move|p2a: Ferrothorn|Spikes|p1a: Krakatoa
|-sidestart|p1: Bruno Soriano|Spikes
|
|-weather|RainDance|[upkeep]
|-heal|p1a: Krakatoa|82/100|[from] item: Leftovers
|-heal|p2a: Ferrothorn|78/100 brn|[from] item: Leftovers
|-damage|p2a: Ferrothorn|66/100 brn|[from] brn
|upkeep
|turn|5
|
|switch|p2a: Politoed|Politoed, F|100/100
|move|p1a: Krakatoa|Substitute|p1a: Krakatoa
|-start|p1a: Krakatoa|Substitute
|-damage|p1a: Krakatoa|57/100
|
|-weather|RainDance|[upkeep]
|-heal|p1a: Krakatoa|63/100|[from] item: Leftovers
|upkeep
|turn|6
|
|move|p1a: Krakatoa|Lava Plume|p2a: Politoed
|-resisted|p2a: Politoed
|-damage|p2a: Politoed|93/100
|move|p2a: Politoed|Scald|p1a: Krakatoa
|-supereffective|p1a: Krakatoa
|-end|p1a: Krakatoa|Substitute
|
|-weather|RainDance|[upkeep]
|-heal|p1a: Krakatoa|69/100|[from] item: Leftovers
|upkeep
|turn|7
|
|move|p1a: Krakatoa|Protect|p1a: Krakatoa
|-singleturn|p1a: Krakatoa|Protect
|move|p2a: Politoed|Scald|p1a: Krakatoa
|-activate|p1a: Krakatoa|move: Protect
|
|-weather|RainDance|[upkeep]
|-heal|p1a: Krakatoa|76/100|[from] item: Leftovers
|upkeep
|turn|8
|
|switch|p1a: Rotom|Rotom-Wash|100/100
|-damage|p1a: Rotom|88/100|[from] Stealth Rock
|move|p2a: Politoed|Scald|p1a: Rotom
|-resisted|p1a: Rotom
|-damage|p1a: Rotom|58/100
|-status|p1a: Rotom|brn
|
|-weather|RainDance|[upkeep]
|-heal|p1a: Rotom|64/100 brn|[from] item: Leftovers
|-damage|p1a: Rotom|52/100 brn|[from] brn
|upkeep
|turn|9
|
|switch|p2a: Ferrothorn|Ferrothorn, M|66/100 brn
|move|p1a: Rotom|Pain Split|p2a: Ferrothorn
|-sethp|p2a: Ferrothorn|55/100 brn|[from] move: Pain Split|[silent]
|-sethp|p1a: Rotom|64/100 brn|[from] move: Pain Split
|
|-weather|RainDance|[upkeep]
|-heal|p1a: Rotom|70/100 brn|[from] item: Leftovers
|-heal|p2a: Ferrothorn|61/100 brn|[from] item: Leftovers
|-damage|p1a: Rotom|58/100 brn|[from] brn
|-damage|p2a: Ferrothorn|49/100 brn|[from] brn
|upkeep
|turn|10
|
|move|p1a: Rotom|Volt Switch|p2a: Ferrothorn
|-resisted|p2a: Ferrothorn
|-damage|p2a: Ferrothorn|40/100 brn
|
|switch|p1a: Krakatoa|Heatran, M|76/100|[from]move: Volt Switch
|-damage|p1a: Krakatoa|59/100|[from] Spikes
|-damage|p1a: Krakatoa|47/100|[from] Stealth Rock
|move|p2a: Ferrothorn|Spikes|p1a: Krakatoa
|-sidestart|p1: Bruno Soriano|Spikes
|
|-weather|RainDance|[upkeep]
|-heal|p1a: Krakatoa|53/100|[from] item: Leftovers
|-heal|p2a: Ferrothorn|46/100 brn|[from] item: Leftovers
|-damage|p2a: Ferrothorn|34/100 brn|[from] brn
|upkeep
|turn|11
|
|switch|p2a: Politoed|Politoed, F|93/100
|move|p1a: Krakatoa|Substitute|p1a: Krakatoa
|-start|p1a: Krakatoa|Substitute
|-damage|p1a: Krakatoa|28/100
|
|-weather|RainDance|[upkeep]
|-heal|p1a: Krakatoa|34/100|[from] item: Leftovers
|upkeep
|turn|12
|
|move|p1a: Krakatoa|Protect|p1a: Krakatoa
|-singleturn|p1a: Krakatoa|Protect
|move|p2a: Politoed|Scald|p1a: Krakatoa
|-activate|p1a: Krakatoa|move: Protect
|
|-weather|RainDance|[upkeep]
|-heal|p1a: Krakatoa|40/100|[from] item: Leftovers
|upkeep
|turn|13
|
|move|p1a: Krakatoa|Lava Plume|p2a: Politoed
|-resisted|p2a: Politoed
|-damage|p2a: Politoed|84/100
|move|p2a: Politoed|Scald|p1a: Krakatoa
|-supereffective|p1a: Krakatoa
|-end|p1a: Krakatoa|Substitute
|
|-weather|RainDance|[upkeep]
|-heal|p1a: Krakatoa|47/100|[from] item: Leftovers
|upkeep
|turn|14
|
|move|p1a: Krakatoa|Protect|p1a: Krakatoa
|-singleturn|p1a: Krakatoa|Protect
|move|p2a: Politoed|Scald|p1a: Krakatoa
|-activate|p1a: Krakatoa|move: Protect
|
|-weather|RainDance|[upkeep]
|-heal|p1a: Krakatoa|53/100|[from] item: Leftovers
|upkeep
|turn|15
|
|switch|p1a: Rotom|Rotom-Wash|58/100 brn
|-damage|p1a: Rotom|45/100 brn|[from] Stealth Rock
|move|p2a: Politoed|Scald|p1a: Rotom
|-resisted|p1a: Rotom
|-damage|p1a: Rotom|17/100 brn
|
|-weather|RainDance|[upkeep]
|-heal|p1a: Rotom|23/100 brn|[from] item: Leftovers
|-damage|p1a: Rotom|10/100 brn|[from] brn
|upkeep
|turn|16
|
|switch|p2a: Ferrothorn|Ferrothorn, M|34/100 brn
|move|p1a: Rotom|Pain Split|p2a: Ferrothorn
|-sethp|p2a: Ferrothorn|21/100 brn|[from] move: Pain Split|[silent]
|-sethp|p1a: Rotom|25/100 brn|[from] move: Pain Split
|
|-weather|RainDance|[upkeep]
|-heal|p1a: Rotom|31/100 brn|[from] item: Leftovers
|-heal|p2a: Ferrothorn|27/100 brn|[from] item: Leftovers
|-damage|p1a: Rotom|18/100 brn|[from] brn
|-damage|p2a: Ferrothorn|15/100 brn|[from] brn
|upkeep
|turn|17
|
|move|p1a: Rotom|Hydro Pump|p2a: Ferrothorn|[miss]
|-miss|p1a: Rotom|p2a: Ferrothorn
|move|p2a: Ferrothorn|Knock Off|p1a: Rotom
|-damage|p1a: Rotom|16/100 brn
|-enditem|p1a: Rotom|Leftovers|[from] move: Knock Off|[of] p2a: Ferrothorn
|
|-weather|RainDance|[upkeep]
|-heal|p2a: Ferrothorn|21/100 brn|[from] item: Leftovers
|-damage|p1a: Rotom|4/100 brn|[from] brn
|-damage|p2a: Ferrothorn|9/100 brn|[from] brn
|upkeep
|turn|18
|
|move|p1a: Rotom|Hydro Pump|p2a: Ferrothorn
|-resisted|p2a: Ferrothorn
|-damage|p2a: Ferrothorn|0 fnt
|faint|p2a: Ferrothorn
|
|-weather|RainDance|[upkeep]
|-damage|p1a: Rotom|0 fnt|[from] brn
|faint|p1a: Rotom
|upkeep
|
|switch|p1a: Landorus|Landorus-Therian, M|100/100
|switch|p2a: Latios|Latios, M|100/100
|-damage|p1a: Landorus|88/100|[from] Stealth Rock
|-ability|p1a: Landorus|Intimidate|boost
|-unboost|p2a: Latios|atk|1
|turn|19
|
|switch|p1a: Krakatoa|Heatran, M|53/100
|-damage|p1a: Krakatoa|28/100|[from] Spikes
|-damage|p1a: Krakatoa|16/100|[from] Stealth Rock
|move|p2a: Latios|Surf|p1a: Krakatoa
|-supereffective|p1a: Krakatoa
|-damage|p1a: Krakatoa|0 fnt
|faint|p1a: Krakatoa
|
|-weather|RainDance|[upkeep]
|upkeep
|
|switch|p1a: Tyranitar|Tyranitar, F|100/100
|-damage|p1a: Tyranitar|88/100|[from] Stealth Rock
|-damage|p1a: Tyranitar|63/100|[from] Spikes
|-weather|Sandstorm|[from] ability: Sand Stream|[of] p1a: Tyranitar
|turn|20
|
|move|p2a: Latios|Surf|p1a: Tyranitar
|-supereffective|p1a: Tyranitar
|-damage|p1a: Tyranitar|13/100
|move|p1a: Tyranitar|Pursuit|p2a: Latios
|-supereffective|p2a: Latios
|-damage|p2a: Latios|50/100
|
|-weather|Sandstorm|[upkeep]
|-damage|p2a: Latios|44/100|[from] Sandstorm
|upkeep
|turn|21
|
|move|p2a: Latios|Surf|p1a: Tyranitar
|-supereffective|p1a: Tyranitar
|-damage|p1a: Tyranitar|0 fnt
|faint|p1a: Tyranitar
|
|-weather|Sandstorm|[upkeep]
|-damage|p2a: Latios|38/100|[from] Sandstorm
|upkeep
|
|switch|p1a: Gordito|Amoonguss, M|100/100
|-damage|p1a: Gordito|76/100|[from] Spikes
|-damage|p1a: Gordito|63/100|[from] Stealth Rock
|turn|22
|
|switch|p2a: Politoed|Politoed, F|84/100
|-weather|RainDance|[from] ability: Drizzle|[of] p2a: Politoed
|move|p1a: Gordito|Hidden Power|p2a: Politoed
|-resisted|p2a: Politoed
|-damage|p2a: Politoed|78/100
|
|-weather|RainDance|[upkeep]
|-heal|p1a: Gordito|69/100|[from] item: Black Sludge
|upkeep
|turn|23
|
|move|p2a: Politoed|Ice Beam|p1a: Gordito
|-supereffective|p1a: Gordito
|-damage|p1a: Gordito|0 fnt
|faint|p1a: Gordito
|
|-weather|RainDance|[upkeep]
|upkeep
|
|switch|p1a: Alakazam|Alakazam, F|100/100
|turn|24
|
|move|p1a: Alakazam|Psychic|p2a: Politoed
|-damage|p2a: Politoed|30/100
|move|p2a: Politoed|Ice Beam|p1a: Alakazam
|-damage|p1a: Alakazam|40/100
|
|-weather|RainDance|[upkeep]
|upkeep
|turn|25
|c|☆Bruno Soriano|gg
|c|☆Bruno Soriano|the hax
|c|☆Bruno Soriano|give you all the win
|c|☆Pizza Huawei|ne
|-message|Bruno Soriano forfeited.
|
|win|Pizza Huawei
|c|☆Pizza Huawei|bin einfach besser
|c|☆Pizza Huawei|gg ez
|raw|Bruno Soriano's rating: 1350 &rarr; <strong>1341</strong><br />(-9 for losing)
|raw|Pizza Huawei's rating: 1557 &rarr; <strong>1566</strong><br />(+9 for winning)
|l|☆Bruno Soriano
