|j|☆el janitor
|j|☆testbwou
|t:|1707806600
|gametype|singles
|player|p1|el janitor|1|1395
|player|p2|testbwou|265|1522
|teamsize|p1|6
|teamsize|p2|6
|gen|5
|tier|[Gen 5] OU
|rated|
|rule|Species Clause: Limit one of each Pokémon
|rule|OHKO Clause: OHKO moves are banned
|rule|Moody Clause: Moody is banned
|rule|Evasion Items Clause: Evasion items are banned
|rule|Evasion Moves Clause: Evasion moves are banned
|rule|Endless Battle Clause: Forcing endless battles is banned
|rule|HP Percentage Mod: HP is shown in percentages
|rule|Evasion Abilities Clause: Evasion abilities are banned
|rule|Sleep Moves Clause: Sleep-inducing moves are banned
|rule|Swagger Clause: Swagger is banned
|rule|Baton Pass Stat Clause: No Baton Passer may have a way to boost its stats
|clearpoke
|poke|p1|Politoed, F|item
|poke|p1|Landorus-Therian, M|item
|poke|p1|Tentacruel, F|item
|poke|p1|Toxicroak, M|item
|poke|p1|Tornadus, M|item
|poke|p1|Ferrothorn, F|item
|poke|p2|Riolu, F|item
|poke|p2|Forretress, M|item
|poke|p2|Shedinja|item
|poke|p2|Politoed, F|item
|poke|p2|Gengar, F|item
|poke|p2|Starmie|item
|teampreview
|inactive|Battle timer is ON: inactive players will automatically lose when time's up. (requested by el janitor)
|
|t:|1707806620
|start
|switch|p1a: Ferrothorn|Ferrothorn, F|100/100
|switch|p2a: Forretress|Forretress, M|100/100
|turn|1
|
|t:|1707806628
|move|p2a: Forretress|Stealth Rock|p1a: Ferrothorn
|-sidestart|p1: el janitor|move: Stealth Rock
|move|p1a: Ferrothorn|Leech Seed|p2a: Forretress
|-start|p2a: Forretress|move: Leech Seed
|
|-damage|p2a: Forretress|88/100|[from] Leech Seed|[of] p1a: Ferrothorn
|upkeep
|turn|2
|
|t:|1707806631
|move|p2a: Forretress|Spikes|p1a: Ferrothorn
|-sidestart|p1: el janitor|Spikes
|move|p1a: Ferrothorn|Spikes|p2a: Forretress
|-sidestart|p2: testbwou|Spikes
|
|-damage|p2a: Forretress|76/100|[from] Leech Seed|[of] p1a: Ferrothorn
|upkeep
|turn|3
|
|t:|1707806638
|move|p2a: Forretress|Spikes|p1a: Ferrothorn
|-sidestart|p1: el janitor|Spikes
|move|p1a: Ferrothorn|Stealth Rock|p2a: Forretress
|-sidestart|p2: testbwou|move: Stealth Rock
|
|-damage|p2a: Forretress|63/100|[from] Leech Seed|[of] p1a: Ferrothorn
|upkeep
|turn|4
|
|t:|1707806650
|move|p2a: Forretress|Spikes|p1a: Ferrothorn
|-sidestart|p1: el janitor|Spikes
|move|p1a: Ferrothorn|Spikes|p2a: Forretress
|-sidestart|p2: testbwou|Spikes
|
|-damage|p2a: Forretress|51/100|[from] Leech Seed|[of] p1a: Ferrothorn
|upkeep
|turn|5
|
|t:|1707806653
|move|p2a: Forretress|Rapid Spin|p1a: Ferrothorn
|-resisted|p1a: Ferrothorn
|-damage|p1a: Ferrothorn|99/100
|-damage|p2a: Forretress|39/100|[from] ability: Iron Barbs|[of] p1a: Ferrothorn
|-end|p2a: Forretress|Leech Seed|[from] move: Rapid Spin|[of] p2a: Forretress
|-sideend|p2: testbwou|Spikes|[from] move: Rapid Spin|[of] p2a: Forretress
|-sideend|p2: testbwou|Stealth Rock|[from] move: Rapid Spin|[of] p2a: Forretress
|move|p1a: Ferrothorn|Spikes|p2a: Forretress
|-sidestart|p2: testbwou|Spikes
|
|-heal|p1a: Ferrothorn|100/100|[from] item: Leftovers
|upkeep
|turn|6
|
|t:|1707806658
|switch|p2a: Gengar|Gengar, F|100/100
|move|p1a: Ferrothorn|Spikes|p2a: Gengar
|-sidestart|p2: testbwou|Spikes
|
|upkeep
|turn|7
|
|t:|1707806662
|move|p2a: Gengar|Focus Blast|p1a: Ferrothorn
|-supereffective|p1a: Ferrothorn
|-damage|p1a: Ferrothorn|32/100
|-damage|p2a: Gengar|91/100|[from] item: Life Orb
|move|p1a: Ferrothorn|Gyro Ball|p2a: Gengar
|-damage|p2a: Gengar|0 fnt
|faint|p2a: Gengar
|
|-heal|p1a: Ferrothorn|38/100|[from] item: Leftovers
|upkeep
|
|t:|1707806682
|switch|p2a: Lucаrio|Riolu, F|100/100
|-damage|p2a: Lucаrio|84/100|[from] Spikes
|turn|8
|
|t:|1707806685
|move|p1a: Ferrothorn|Leech Seed|p2a: Lucаrio
|-start|p2a: Lucаrio|move: Leech Seed
|move|p2a: Lucаrio|Roar|p1a: Ferrothorn
|drag|p1a: Tentacruel|Tentacruel, F|100/100
|-damage|p1a: Tentacruel|88/100|[from] Stealth Rock
|-damage|p1a: Tentacruel|63/100|[from] Spikes
|
|-heal|p1a: Tentacruel|69/100|[from] item: Black Sludge
|-damage|p2a: Lucаrio|72/100|[from] Leech Seed|[of] p1a: Tentacruel
|-heal|p1a: Tentacruel|77/100|[silent]
|upkeep
|turn|9
|
|t:|1707806691
|move|p1a: Tentacruel|Rapid Spin|p2a: Lucаrio
|-damage|p2a: Lucаrio|64/100
|-sideend|p1: el janitor|Spikes|[from] move: Rapid Spin|[of] p1a: Tentacruel
|-sideend|p1: el janitor|Stealth Rock|[from] move: Rapid Spin|[of] p1a: Tentacruel
|move|p2a: Lucаrio|Roar|p1a: Tentacruel
|drag|p1a: Toxicroak|Toxicroak, M|100/100
|
|-damage|p2a: Lucаrio|52/100|[from] Leech Seed|[of] p1a: Toxicroak
|upkeep
|turn|10
|c|☆testbwou|oh dang
|
|t:|1707806698
|move|p1a: Toxicroak|Toxic|p2a: Lucаrio
|-status|p2a: Lucаrio|tox
|move|p2a: Lucаrio|Earthquake|p1a: Toxicroak
|-supereffective|p1a: Toxicroak
|-crit|p1a: Toxicroak
|-damage|p1a: Toxicroak|0 fnt
|faint|p1a: Toxicroak
|
|-damage|p2a: Lucаrio|46/100 tox|[from] psn
|upkeep
|c|☆el janitor|crit huh
|inactive|el janitor has 120 seconds left.
|c|☆el janitor|idk if it mattered tbh
|c|☆testbwou|it didn't
|c|☆testbwou|game's yours
|c|☆testbwou|i thought you would protect on tentacruel
|c|☆testbwou|nice one
|inactive|el janitor has 90 seconds left.
|c|☆el janitor|nah ur obviously a copycat
|
|t:|1707806784
|switch|p1a: Tornadus|Tornadus, M|100/100
|turn|11
|
|t:|1707806796
|move|p1a: Tornadus|Hurricane|p2a: Lucаrio
|-supereffective|p2a: Lucаrio
|-damage|p2a: Lucаrio|0 fnt
|faint|p2a: Lucаrio
|
|upkeep
|
|t:|1707806802
|switch|p2a: Forretress|Forretress, M|39/100
|-damage|p2a: Forretress|22/100|[from] Spikes
|turn|12
|-enditem|p2a: Forretress|Custap Berry|[eat]
|-activate|p2a: Forretress|item: Custap Berry|[consumed]
|
|t:|1707806804
|move|p2a: Forretress|Rapid Spin|p1a: Tornadus
|-damage|p1a: Tornadus|94/100
|-sideend|p2: testbwou|Spikes|[from] move: Rapid Spin|[of] p2a: Forretress
|move|p1a: Tornadus|Hurricane|p2a: Forretress
|-damage|p2a: Forretress|0 fnt
|faint|p2a: Forretress
|
|upkeep
|
|t:|1707806829
|switch|p2a: Politoed|Politoed, F|100/100
|-weather|RainDance|[from] ability: Drizzle|[of] p2a: Politoed
|turn|13
|
|t:|1707806839
|switch|p1a: Tentacruel|Tentacruel, F|77/100
|move|p2a: Politoed|Surf|p1a: Tentacruel
|-resisted|p1a: Tentacruel
|-crit|p1a: Tentacruel
|-damage|p1a: Tentacruel|29/100
|
|-weather|RainDance|[upkeep]
|-heal|p1a: Tentacruel|35/100|[from] ability: Rain Dish
|-heal|p1a: Tentacruel|41/100|[from] item: Black Sludge
|upkeep
|turn|14
|
|t:|1707806848
|switch|p2a: Starmie|Starmie|100/100
|move|p1a: Tentacruel|Toxic Spikes|p2a: Starmie
|-sidestart|p2: testbwou|move: Toxic Spikes
|
|-weather|RainDance|[upkeep]
|-heal|p1a: Tentacruel|47/100|[from] ability: Rain Dish
|-heal|p1a: Tentacruel|53/100|[from] item: Black Sludge
|upkeep
|turn|15
|
|t:|1707806860
|switch|p1a: Ferrothorn|Ferrothorn, F|38/100
|move|p2a: Starmie|Thunder|p1a: Ferrothorn
|-resisted|p1a: Ferrothorn
|-damage|p1a: Ferrothorn|24/100
|-damage|p2a: Starmie|91/100|[from] item: Life Orb
|
|-weather|RainDance|[upkeep]
|-heal|p1a: Ferrothorn|31/100|[from] item: Leftovers
|upkeep
|turn|16
|
|t:|1707806863
|move|p2a: Starmie|Surf|p1a: Ferrothorn
|-resisted|p1a: Ferrothorn
|-damage|p1a: Ferrothorn|2/100
|-damage|p2a: Starmie|81/100|[from] item: Life Orb
|move|p1a: Ferrothorn|Leech Seed|p2a: Starmie
|-start|p2a: Starmie|move: Leech Seed
|
|-weather|RainDance|[upkeep]
|-heal|p1a: Ferrothorn|8/100|[from] item: Leftovers
|-damage|p2a: Starmie|68/100|[from] Leech Seed|[of] p1a: Ferrothorn
|-heal|p1a: Ferrothorn|18/100|[silent]
|upkeep
|turn|17
|
|t:|1707806883
|move|p2a: Starmie|Surf|p1a: Ferrothorn
|-resisted|p1a: Ferrothorn
|-damage|p1a: Ferrothorn|0 fnt
|faint|p1a: Ferrothorn
|-damage|p2a: Starmie|58/100|[from] item: Life Orb
|
|-weather|RainDance|[upkeep]
|upkeep
|
|t:|1707806887
|switch|p1a: Landorus|Landorus-Therian, M|100/100
|-ability|p1a: Landorus|Intimidate|boost
|-unboost|p2a: Starmie|atk|1
|turn|18
|inactive|testbwou has 120 seconds left.
|
|t:|1707806918
|switch|p2a: Ninjаsk|Shedinja|100/100
|-status|p2a: Ninjаsk|psn
|move|p1a: Landorus|U-turn|p2a: Ninjаsk
|-immune|p2a: Ninjаsk|[from] ability: Wonder Guard
|
|-weather|RainDance|[upkeep]
|-damage|p2a: Ninjаsk|0 fnt|[from] psn
|faint|p2a: Ninjаsk
|upkeep
|
|t:|1707806923
|switch|p2a: Politoed|Politoed, F|100/100
|-status|p2a: Politoed|psn
|turn|19
|
|t:|1707806929
|switch|p1a: Tentacruel|Tentacruel, F|53/100
|move|p2a: Politoed|Psychic|p1a: Tentacruel
|-supereffective|p1a: Tentacruel
|-damage|p1a: Tentacruel|16/100
|
|-weather|RainDance|[upkeep]
|-heal|p1a: Tentacruel|22/100|[from] ability: Rain Dish
|-heal|p1a: Tentacruel|29/100|[from] item: Black Sludge
|-damage|p2a: Politoed|88/100 psn|[from] psn
|upkeep
|turn|20
|
|t:|1707806934
|move|p1a: Tentacruel|Protect|p1a: Tentacruel
|-singleturn|p1a: Tentacruel|Protect
|move|p2a: Politoed|Psychic|p1a: Tentacruel
|-activate|p1a: Tentacruel|move: Protect
|
|-weather|RainDance|[upkeep]
|-heal|p1a: Tentacruel|35/100|[from] ability: Rain Dish
|-heal|p1a: Tentacruel|41/100|[from] item: Black Sludge
|-damage|p2a: Politoed|76/100 psn|[from] psn
|upkeep
|turn|21
|
|t:|1707806940
|switch|p1a: Politoed|Politoed, F|100/100
|move|p2a: Politoed|Psychic|p1a: Politoed
|-crit|p1a: Politoed
|-damage|p1a: Politoed|58/100
|
|-weather|RainDance|[upkeep]
|-heal|p1a: Politoed|64/100|[from] item: Leftovers
|-damage|p2a: Politoed|63/100 psn|[from] psn
|upkeep
|turn|22
|
|t:|1707806946
|switch|p2a: Starmie|Starmie|58/100
|-status|p2a: Starmie|psn
|move|p1a: Politoed|Protect||[still]
|-fail|p1a: Politoed
|
|-weather|RainDance|[upkeep]
|-heal|p1a: Politoed|71/100|[from] item: Leftovers
|-damage|p2a: Starmie|46/100 psn|[from] psn
|upkeep
|turn|23
|
|t:|1707806950
|move|p1a: Politoed|Protect|p1a: Politoed
|-singleturn|p1a: Politoed|Protect
|move|p2a: Starmie|Thunder|p1a: Politoed
|-activate|p1a: Politoed|move: Protect
|
|-weather|RainDance|[upkeep]
|-heal|p1a: Politoed|77/100|[from] item: Leftovers
|-damage|p2a: Starmie|34/100 psn|[from] psn
|upkeep
|turn|24
|
|t:|1707806958
|switch|p1a: Tentacruel|Tentacruel, F|41/100
|move|p2a: Starmie|Thunder|p1a: Tentacruel
|-supereffective|p1a: Tentacruel
|-damage|p1a: Tentacruel|0 fnt
|faint|p1a: Tentacruel
|-damage|p2a: Starmie|24/100 psn|[from] item: Life Orb
|
|-weather|RainDance|[upkeep]
|-damage|p2a: Starmie|12/100 psn|[from] psn
|upkeep
|
|t:|1707806960
|switch|p1a: Landorus|Landorus-Therian, M|100/100
|-ability|p1a: Landorus|Intimidate|boost
|-unboost|p2a: Starmie|atk|1
|turn|25
|
|t:|1707806964
|move|p1a: Landorus|U-turn|p2a: Starmie
|-supereffective|p2a: Starmie
|-damage|p2a: Starmie|0 fnt
|faint|p2a: Starmie
|
|t:|1707806967
|switch|p1a: Tornadus|Tornadus, M|94/100|[from] U-turn
|
|-weather|RainDance|[upkeep]
|upkeep
|
|t:|1707806969
|switch|p2a: Politoed|Politoed, F|63/100 psn
|turn|26
|
|t:|1707806971
|move|p2a: Politoed|Surf|p1a: Tornadus
|-damage|p1a: Tornadus|18/100
|move|p1a: Tornadus|Hurricane|p2a: Politoed
|-damage|p2a: Politoed|0 fnt
|faint|p2a: Politoed
|
|win|el janitor
|raw|el janitor's rating: 1395 &rarr; <strong>1422</strong><br />(+27 for winning)
|raw|testbwou's rating: 1522 &rarr; <strong>1495</strong><br />(-27 for losing)
|c|☆testbwou|gg
|l|☆testbwou
|player|p2|
|c|☆el janitor|gg
|c|☆el janitor|crit did matter confirmed
|c|☆el janitor|smoked
