|uhtml|medal-msg|<div class="broadcast-blue">Curious what those medals under the avatar are? PS now has Ladder Seasons! For more information, check out the <a href="https://www.smogon.com/forums/threads/3740067/">thread on Smogon.</a></div>
|uhtml|medal-msg|<div class="broadcast-blue">Curious what those medals under the avatar are? PS now has Ladder Seasons! For more information, check out the <a href="https://www.smogon.com/forums/threads/3740067/">thread on Smogon.</a></div>
|j|☆xingqiba
|j|☆BookofConke
|t:|1713420098
|gametype|singles
|player|p1|xingqiba|wallace|1376
|player|p2|BookofConke|silver-masters|1470
|teamsize|p1|6
|teamsize|p2|6
|gen|5
|tier|[Gen 5] OU
|rated|
|rule|Species Clause: Limit one of each Pokémon
|rule|OHKO Clause: OHKO moves are banned
|rule|Moody Clause: Moody is banned
|rule|Evasion Items Clause: Evasion items are banned
|rule|Evasion Moves Clause: Evasion moves are banned
|rule|Endless Battle Clause: Forcing endless battles is banned
|rule|HP Percentage Mod: HP is shown in percentages
|rule|Evasion Abilities Clause: Evasion abilities are banned
|rule|Sleep Moves Clause: Sleep-inducing moves are banned
|rule|Swagger Clause: Swagger is banned
|rule|Baton Pass Stat Clause: No Baton Passer may have a way to boost its stats
|clearpoke
|poke|p1|Metagross|item
|poke|p1|Dusclops, F|item
|poke|p1|Landorus-Therian, M|item
|poke|p1|Excadrill, F|item
|poke|p1|Tyranitar, M|item
|poke|p1|Latios, M|item
|poke|p2|Kyurem-Black|item
|poke|p2|Latios, M|item
|poke|p2|Garchomp, M|item
|poke|p2|Magnezone|item
|poke|p2|Reuniclus, F|item
|poke|p2|Jirachi|item
|teampreview
|inactive|Battle timer is ON: inactive players will automatically lose when time's up. (requested by xingqiba)
|
|t:|1713420111
|start
|switch|p1a: Metagross|Metagross|100/100
|switch|p2a: Kyurem|Kyurem-Black|100/100
|-ability|p2a: Kyurem|Teravolt
|turn|1
|
|t:|1713420129
|move|p2a: Kyurem|Fusion Bolt|p1a: Metagross
|-damage|p1a: Metagross|50/100
|move|p1a: Metagross|Stealth Rock|p2a: Kyurem
|-sidestart|p2: BookofConke|move: Stealth Rock
|
|upkeep
|turn|2
|
|t:|1713420141
|switch|p2a: Latios|Latios, M|100/100
|-damage|p2a: Latios|88/100|[from] Stealth Rock
|switch|p1a: Dusclops|Dusclops, F|100/100
|-ability|p1a: Dusclops|Pressure
|
|upkeep
|turn|3
|
|t:|1713420153
|move|p2a: Latios|Trick|p1a: Dusclops
|-activate|p2a: Latios|move: Trick|[of] p1a: Dusclops
|-item|p1a: Dusclops|Choice Specs|[from] move: Trick
|-item|p2a: Latios|Eviolite|[from] move: Trick
|move|p1a: Dusclops|Gravity|p1a: Dusclops
|-fieldstart|move: Gravity
|
|upkeep
|turn|4
|
|t:|1713420172
|switch|p2a: Kyurem|Kyurem-Black|100/100
|-damage|p2a: Kyurem|76/100|[from] Stealth Rock
|-ability|p2a: Kyurem|Teravolt
|switch|p1a: Tyranitar|Tyranitar, M|100/100
|-weather|Sandstorm|[from] ability: Sand Stream|[of] p1a: Tyranitar
|
|-weather|Sandstorm|[upkeep]
|-damage|p2a: Kyurem|70/100|[from] Sandstorm
|upkeep
|turn|5
|
|t:|1713420184
|move|p2a: Kyurem|Outrage|p1a: Tyranitar
|-crit|p1a: Tyranitar
|-damage|p1a: Tyranitar|0 fnt
|faint|p1a: Tyranitar
|
|-weather|Sandstorm|[upkeep]
|-damage|p2a: Kyurem|63/100|[from] Sandstorm
|upkeep
|
|t:|1713420192
|switch|p1a: Excadrill|Excadrill, F|100/100
|turn|6
|
|t:|1713420196
|move|p1a: Excadrill|Earthquake|p2a: Kyurem
|-damage|p2a: Kyurem|6/100
|move|p2a: Kyurem|Outrage|p1a: Excadrill|[from]lockedmove
|-resisted|p1a: Excadrill
|-crit|p1a: Excadrill
|-damage|p1a: Excadrill|0 fnt
|faint|p1a: Excadrill
|-start|p2a: Kyurem|confusion|[fatigue]
|
|-weather|Sandstorm|[upkeep]
|-damage|p2a: Kyurem|0 fnt|[from] Sandstorm
|faint|p2a: Kyurem
|upkeep
|
|t:|1713420214
|switch|p1a: Latios|Latios, M|100/100
|switch|p2a: Latios|Latios, M|88/100
|-damage|p2a: Latios|76/100|[from] Stealth Rock
|turn|7
|
|t:|1713420221
|switch|p2a: Jirachi|Jirachi|100/100
|-damage|p2a: Jirachi|94/100|[from] Stealth Rock
|move|p1a: Latios|Draco Meteor|p2a: Jirachi
|-resisted|p2a: Jirachi
|-damage|p2a: Jirachi|71/100
|-unboost|p1a: Latios|spa|2
|
|-weather|Sandstorm|[upkeep]
|-damage|p1a: Latios|95/100|[from] Sandstorm
|-heal|p2a: Jirachi|77/100|[from] item: Leftovers
|-fieldend|move: Gravity
|upkeep
|turn|8
|
|t:|1713420237
|switch|p1a: Dusclops|Dusclops, F|100/100
|-ability|p1a: Dusclops|Pressure
|move|p2a: Jirachi|Stealth Rock|p1a: Dusclops
|-sidestart|p1: xingqiba|move: Stealth Rock
|
|-weather|Sandstorm|[upkeep]
|-damage|p1a: Dusclops|95/100|[from] Sandstorm
|-heal|p2a: Jirachi|83/100|[from] item: Leftovers
|upkeep
|turn|9
|inactive|BookofConke has 120 seconds left.
|
|t:|1713420265
|move|p2a: Jirachi|U-turn|p1a: Dusclops
|-resisted|p1a: Dusclops
|-crit|p1a: Dusclops
|-damage|p1a: Dusclops|81/100
|inactive|BookofConke has 120 seconds left.
|
|t:|1713420281
|switch|p2a: Latios|Latios, M|76/100|[from] U-turn
|-damage|p2a: Latios|64/100|[from] Stealth Rock
|move|p1a: Dusclops|Night Shade|p2a: Latios
|-damage|p2a: Latios|30/100
|
|-weather|Sandstorm|[upkeep]
|-damage|p2a: Latios|24/100|[from] Sandstorm
|-damage|p1a: Dusclops|75/100|[from] Sandstorm
|upkeep
|turn|10
|
|t:|1713420292
|move|p2a: Latios|Draco Meteor|p1a: Dusclops
|-damage|p1a: Dusclops|24/100
|-unboost|p2a: Latios|spa|2
|move|p1a: Dusclops|Night Shade|p2a: Latios
|-damage|p2a: Latios|0 fnt
|faint|p2a: Latios
|
|-weather|Sandstorm|[upkeep]
|-damage|p1a: Dusclops|18/100|[from] Sandstorm
|upkeep
|inactive|BookofConke has 90 seconds left.
|
|t:|1713420329
|switch|p2a: Magnezone|Magnezone|100/100
|-damage|p2a: Magnezone|94/100|[from] Stealth Rock
|turn|11
|inactive|BookofConke has 90 seconds left.
|
|t:|1713420336
|move|p2a: Magnezone|Hidden Power|p1a: Dusclops
|-damage|p1a: Dusclops|0 fnt
|faint|p1a: Dusclops
|
|-weather|Sandstorm|[upkeep]
|upkeep
|
|t:|1713420344
|switch|p1a: Landorus|Landorus-Therian, M|100/100
|-damage|p1a: Landorus|88/100|[from] Stealth Rock
|-ability|p1a: Landorus|Intimidate|boost
|-unboost|p2a: Magnezone|atk|1
|turn|12
|
|t:|1713420357
|move|p2a: Magnezone|Hidden Power|p1a: Landorus
|-damage|p1a: Landorus|62/100
|move|p1a: Landorus|Earthquake|p2a: Magnezone
|-supereffective|p2a: Magnezone
|-damage|p2a: Magnezone|0 fnt
|faint|p2a: Magnezone
|
|-weather|Sandstorm|[upkeep]
|upkeep
|inactive|BookofConke has 90 seconds left.
|
|t:|1713420378
|switch|p2a: Reuniclus|Reuniclus, F|100/100
|turn|13
|
|t:|1713420383
|move|p1a: Landorus|Earthquake|p2a: Reuniclus
|-damage|p2a: Reuniclus|41/100
|move|p2a: Reuniclus|Trick Room|p2a: Reuniclus
|-fieldstart|move: Trick Room|[of] p2a: Reuniclus
|
|-weather|Sandstorm|[upkeep]
|upkeep
|turn|14
|
|t:|1713420393
|switch|p1a: Metagross|Metagross|50/100
|-damage|p1a: Metagross|44/100|[from] Stealth Rock
|move|p2a: Reuniclus|Hidden Power|p1a: Metagross
|-resisted|p1a: Metagross
|-damage|p1a: Metagross|27/100
|
|-weather|Sandstorm|[upkeep]
|upkeep
|turn|15
|
|t:|1713420403
|move|p2a: Reuniclus|Focus Blast|p1a: Metagross
|-damage|p1a: Metagross|0 fnt
|faint|p1a: Metagross
|
|-weather|Sandstorm|[upkeep]
|upkeep
|
|t:|1713420409
|switch|p1a: Latios|Latios, M|95/100
|-damage|p1a: Latios|82/100|[from] Stealth Rock
|turn|16
|
|t:|1713420422
|move|p2a: Reuniclus|Hidden Power|p1a: Latios
|-supereffective|p1a: Latios
|-damage|p1a: Latios|13/100
|move|p1a: Latios|Draco Meteor|p2a: Reuniclus
|-damage|p2a: Reuniclus|0 fnt
|-unboost|p1a: Latios|spa|2
|faint|p2a: Reuniclus
|
|-weather|Sandstorm|[upkeep]
|-damage|p1a: Latios|7/100|[from] Sandstorm
|upkeep
|
|t:|1713420438
|switch|p2a: Garchomp|Garchomp, M|100/100
|-damage|p2a: Garchomp|94/100|[from] Stealth Rock
|turn|17
|
|t:|1713420452
|move|p2a: Garchomp|Outrage|p1a: Latios
|-supereffective|p1a: Latios
|-damage|p1a: Latios|0 fnt
|faint|p1a: Latios
|
|-weather|Sandstorm|[upkeep]
|-fieldend|move: Trick Room
|upkeep
|
|t:|1713420459
|switch|p1a: Landorus|Landorus-Therian, M|62/100
|-damage|p1a: Landorus|50/100|[from] Stealth Rock
|-ability|p1a: Landorus|Intimidate|boost
|-unboost|p2a: Garchomp|atk|1
|turn|18
|
|t:|1713420465
|move|p2a: Garchomp|Outrage|p1a: Landorus|[from]lockedmove
|-damage|p1a: Landorus|6/100
|move|p1a: Landorus|Earthquake|p2a: Garchomp
|-damage|p2a: Garchomp|34/100
|
|-weather|Sandstorm|[upkeep]
|upkeep
|turn|19
|inactive|BookofConke has 120 seconds left.
|-enditem|p1a: Landorus|Custap Berry|[eat]
|-activate|p1a: Landorus|item: Custap Berry|[consumed]
|
|t:|1713420473
|move|p1a: Landorus|Earthquake|p2a: Garchomp
|-damage|p2a: Garchomp|0 fnt
|faint|p2a: Garchomp
|
|-weather|Sandstorm|[upkeep]
|upkeep
|inactive|BookofConke has 120 seconds left.
|
|t:|1713420479
|switch|p2a: Jirachi|Jirachi|83/100
|-damage|p2a: Jirachi|77/100|[from] Stealth Rock
|turn|20
|
|t:|1713420484
|move|p2a: Jirachi|Iron Head|p1a: Landorus
|-damage|p1a: Landorus|0 fnt
|faint|p1a: Landorus
|
|win|BookofConke
|raw|xingqiba's rating: 1376 &rarr; <strong>1361</strong><br />(-15 for losing)
|raw|BookofConke's rating: 1470 &rarr; <strong>1485</strong><br />(+15 for winning)
|l|☆xingqiba
|player|p1|
