|j|☆av2336
|j|☆Blossummm
|t:|1716490993
|gametype|singles
|player|p1|av2336|pokemaniac-gen3rs|1368
|player|p2|Blossummm|roxie|1327
|teamsize|p1|6
|teamsize|p2|6
|gen|5
|tier|[Gen 5] OU
|rated|
|rule|Species Clause: Limit one of each Pokémon
|rule|OHKO Clause: OHKO moves are banned
|rule|Moody Clause: Moody is banned
|rule|Evasion Items Clause: Evasion items are banned
|rule|Evasion Moves Clause: Evasion moves are banned
|rule|Endless Battle Clause: Forcing endless battles is banned
|rule|HP Percentage Mod: HP is shown in percentages
|rule|Evasion Abilities Clause: Evasion abilities are banned
|rule|Sleep Moves Clause: Sleep-inducing moves are banned
|rule|Swagger Clause: Swagger is banned
|rule|Baton Pass Stat Clause: No Baton Passer may have a way to boost its stats
|clearpoke
|poke|p1|Bronzong|item
|poke|p1|Dusclops, F|item
|poke|p1|Reuniclus, F|item
|poke|p1|Marowak, M|item
|poke|p1|Conkeldurr, F|item
|poke|p1|Crawdaunt, F|item
|poke|p2|Tyranitar, F|item
|poke|p2|Excadrill, F|item
|poke|p2|Keldeo|item
|poke|p2|Latios, M|item
|poke|p2|Ferrothorn, F|item
|poke|p2|Landorus-Therian, M|item
|teampreview
|inactive|Battle timer is ON: inactive players will automatically lose when time's up. (requested by av2336)
|
|t:|1716491004
|start
|switch|p1a: Bronzong|Bronzong|100/100
|switch|p2a: Keldeo|Keldeo|100/100
|turn|1
|
|t:|1716491008
|move|p2a: Keldeo|Scald|p1a: Bronzong
|-damage|p1a: Bronzong|66/100
|move|p1a: Bronzong|Trick Room|p1a: Bronzong
|-fieldstart|move: Trick Room|[of] p1a: Bronzong
|
|upkeep
|turn|2
|
|t:|1716491014
|move|p1a: Bronzong|Stealth Rock|p2a: Keldeo
|-sidestart|p2: Blossummm|move: Stealth Rock
|move|p2a: Keldeo|Scald|p1a: Bronzong
|-damage|p1a: Bronzong|35/100
|-status|p1a: Bronzong|brn
|
|-damage|p1a: Bronzong|23/100 brn|[from] brn
|upkeep
|turn|3
|
|t:|1716491019
|move|p2a: Keldeo|Protect|p2a: Keldeo
|-singleturn|p2a: Keldeo|Protect
|move|p1a: Bronzong|Explosion|p2a: Keldeo
|-activate|p2a: Keldeo|move: Protect
|faint|p1a: Bronzong
|
|upkeep
|
|t:|1716491021
|switch|p1a: Conkeldurr|Conkeldurr, F|100/100
|turn|4
|
|t:|1716491026
|move|p1a: Conkeldurr|Thunder Punch|p2a: Keldeo
|-supereffective|p2a: Keldeo
|-damage|p2a: Keldeo|0 fnt
|faint|p2a: Keldeo
|
|upkeep
|j| CertamenMeum
|
|t:|1716491046
|switch|p2a: Tyranitar|Tyranitar, F, shiny|100/100
|-damage|p2a: Tyranitar|88/100|[from] Stealth Rock
|-weather|Sandstorm|[from] ability: Sand Stream|[of] p2a: Tyranitar
|turn|5
|
|t:|1716491053
|move|p1a: Conkeldurr|Drain Punch|p2a: Tyranitar
|-supereffective|p2a: Tyranitar
|-enditem|p2a: Tyranitar|Chople Berry|[eat]
|-enditem|p2a: Tyranitar|Chople Berry|[weaken]
|-damage|p2a: Tyranitar|0 fnt
|faint|p2a: Tyranitar
|-damage|p1a: Conkeldurr|91/100|[from] item: Life Orb
|
|-weather|Sandstorm|[upkeep]
|-damage|p1a: Conkeldurr|85/100|[from] Sandstorm
|-fieldend|move: Trick Room
|upkeep
|
|t:|1716491077
|switch|p2a: Excadrill|Excadrill, F|100/100
|-damage|p2a: Excadrill|97/100|[from] Stealth Rock
|turn|6
|
|t:|1716491084
|move|p2a: Excadrill|Earthquake|p1a: Conkeldurr
|-damage|p1a: Conkeldurr|15/100
|move|p1a: Conkeldurr|Drain Punch|p2a: Excadrill
|-supereffective|p2a: Excadrill
|-damage|p2a: Excadrill|0 fnt
|-heal|p1a: Conkeldurr|58/100|[from] drain|[of] p2a: Excadrill
|faint|p2a: Excadrill
|-damage|p1a: Conkeldurr|48/100|[from] item: Life Orb
|
|-weather|Sandstorm|[upkeep]
|-damage|p1a: Conkeldurr|42/100|[from] Sandstorm
|upkeep
|
|t:|1716491093
|switch|p2a: Latios|Latios, M|100/100
|-damage|p2a: Latios|88/100|[from] Stealth Rock
|turn|7
|
|t:|1716491097
|switch|p1a: Dusclops|Dusclops, F|100/100
|-ability|p1a: Dusclops|Pressure
|move|p2a: Latios|Dragon Pulse|p1a: Dusclops
|-damage|p1a: Dusclops|60/100
|
|-weather|Sandstorm|[upkeep]
|-damage|p2a: Latios|82/100|[from] Sandstorm
|-damage|p1a: Dusclops|54/100|[from] Sandstorm
|upkeep
|turn|8
|
|t:|1716491105
|move|p2a: Latios|Dragon Pulse|p1a: Dusclops
|-damage|p1a: Dusclops|20/100
|move|p1a: Dusclops|Trick Room|p1a: Dusclops
|-fieldstart|move: Trick Room|[of] p1a: Dusclops
|
|-weather|Sandstorm|[upkeep]
|-damage|p1a: Dusclops|14/100|[from] Sandstorm
|-damage|p2a: Latios|76/100|[from] Sandstorm
|upkeep
|turn|9
|
|t:|1716491110
|move|p1a: Dusclops|Destiny Bond|p1a: Dusclops
|-singlemove|p1a: Dusclops|Destiny Bond
|move|p2a: Latios|Dragon Pulse|p1a: Dusclops
|-damage|p1a: Dusclops|0 fnt
|faint|p1a: Dusclops
|-activate|p1a: Dusclops|move: Destiny Bond
|faint|p2a: Latios
|
|-weather|Sandstorm|[upkeep]
|upkeep
|
|t:|1716491131
|switch|p1a: Reuniclus|Reuniclus, F|100/100
|switch|p2a: Ferrothorn|Ferrothorn, F|100/100
|-damage|p2a: Ferrothorn|95/100|[from] Stealth Rock
|turn|10
|
|t:|1716491134
|move|p2a: Ferrothorn|Power Whip|p1a: Reuniclus
|-damage|p1a: Reuniclus|57/100
|move|p1a: Reuniclus|Focus Blast|p2a: Ferrothorn|[miss]
|-miss|p1a: Reuniclus|p2a: Ferrothorn
|
|-weather|Sandstorm|[upkeep]
|upkeep
|turn|11
|
|t:|1716491138
|move|p2a: Ferrothorn|Power Whip|p1a: Reuniclus
|-damage|p1a: Reuniclus|17/100
|move|p1a: Reuniclus|Focus Blast|p2a: Ferrothorn
|-supereffective|p2a: Ferrothorn
|-damage|p2a: Ferrothorn|11/100
|
|-weather|Sandstorm|[upkeep]
|upkeep
|turn|12
|
|t:|1716491142
|move|p2a: Ferrothorn|Power Whip|p1a: Reuniclus
|-damage|p1a: Reuniclus|0 fnt
|faint|p1a: Reuniclus
|
|-weather|Sandstorm|[upkeep]
|-fieldend|move: Trick Room
|upkeep
|
|t:|1716491155
|switch|p1a: Marowak|Marowak, M|100/100
|turn|13
|
|t:|1716491167
|move|p1a: Marowak|Fire Punch|p2a: Ferrothorn
|-supereffective|p2a: Ferrothorn
|-damage|p2a: Ferrothorn|0 fnt
|-damage|p1a: Marowak|88/100|[from] ability: Iron Barbs|[of] p2a: Ferrothorn
|faint|p2a: Ferrothorn
|
|-weather|Sandstorm|[upkeep]
|upkeep
|
|t:|1716491170
|switch|p2a: Landorus|Landorus-Therian, M|100/100
|-damage|p2a: Landorus|88/100|[from] Stealth Rock
|-ability|p2a: Landorus|Intimidate|boost
|-unboost|p1a: Marowak|atk|1
|turn|14
|
|t:|1716491178
|move|p2a: Landorus|Earthquake|p1a: Marowak
|-damage|p1a: Marowak|45/100
|move|p1a: Marowak|Double-Edge|p2a: Landorus
|-damage|p2a: Landorus|50/100
|
|-weather|Sandstorm|[upkeep]
|-heal|p2a: Landorus|56/100|[from] item: Leftovers
|upkeep
|turn|15
|
|t:|1716491189
|move|p2a: Landorus|Earthquake|p1a: Marowak
|-damage|p1a: Marowak|0 fnt
|faint|p1a: Marowak
|
|-weather|Sandstorm|[upkeep]
|-heal|p2a: Landorus|63/100|[from] item: Leftovers
|upkeep
|
|t:|1716491192
|switch|p1a: Crawdaunt|Crawdaunt, F|100/100
|turn|16
|
|t:|1716491195
|move|p2a: Landorus|Earthquake|p1a: Crawdaunt
|-damage|p1a: Crawdaunt|49/100
|move|p1a: Crawdaunt|Waterfall|p2a: Landorus
|-supereffective|p2a: Landorus
|-damage|p2a: Landorus|0 fnt
|faint|p2a: Landorus
|-damage|p1a: Crawdaunt|39/100|[from] item: Life Orb
|
|win|av2336
|raw|av2336's rating: 1368 &rarr; <strong>1386</strong><br />(+18 for winning)
|raw|Blossummm's rating: 1327 &rarr; <strong>1309</strong><br />(-18 for losing)
