|j|☆IU is my wife
|j|☆Blossummm
|t:|1711674166
|gametype|singles
|player|p1|IU is my wife|102|1304
|player|p2|Blossummm|roxie|1343
|teamsize|p1|6
|teamsize|p2|6
|gen|5
|tier|[Gen 5] OU
|rated|
|rule|Species Clause: Limit one of each Pokémon
|rule|OHKO Clause: OHKO moves are banned
|rule|Moody Clause: Moody is banned
|rule|Evasion Items Clause: Evasion items are banned
|rule|Evasion Moves Clause: Evasion moves are banned
|rule|Endless Battle Clause: Forcing endless battles is banned
|rule|HP Percentage Mod: HP is shown in percentages
|rule|Evasion Abilities Clause: Evasion abilities are banned
|rule|Sleep Moves Clause: Sleep-inducing moves are banned
|rule|Swagger Clause: Swagger is banned
|rule|Baton Pass Stat Clause: No Baton Passer may have a way to boost its stats
|clearpoke
|poke|p1|Jirachi|item
|poke|p1|Dragonite, M|item
|poke|p1|Rotom-Wash|item
|poke|p1|Landorus-Therian, M|item
|poke|p1|Gengar, M|item
|poke|p1|Infernape, F|item
|poke|p2|Politoed, F|item
|poke|p2|Kyurem-Black|item
|poke|p2|Starmie|item
|poke|p2|Ferrothorn, F|item
|poke|p2|Garchomp, F|item
|poke|p2|Latios, M|item
|teampreview
|inactive|Battle timer is ON: inactive players will automatically lose when time's up. (requested by Blossummm)
|inactive|IU is my wife has 120 seconds left.
|
|t:|1711674214
|start
|switch|p1a: Rotom|Rotom-Wash|100/100
|switch|p2a: Kyurem|Kyurem-Black|100/100
|-ability|p2a: Kyurem|Teravolt
|turn|1
|
|t:|1711674221
|move|p2a: Kyurem|Substitute|p2a: Kyurem
|-start|p2a: Kyurem|Substitute
|-damage|p2a: Kyurem|76/100
|move|p1a: Rotom|Volt Switch|p2a: Kyurem
|-resisted|p2a: Kyurem
|-crit|p2a: Kyurem
|-end|p2a: Kyurem|Substitute
|
|t:|1711674237
|switch|p1a: Infernape|Infernape, F|100/100|[from] Volt Switch
|
|upkeep
|turn|2
|inactive|Blossummm has 120 seconds left.
|
|t:|1711674276
|switch|p2a: Latios|Latios, M|100/100
|move|p1a: Infernape|Overheat|p2a: Latios
|-resisted|p2a: Latios
|-damage|p2a: Latios|74/100
|-unboost|p1a: Infernape|spa|2
|
|upkeep
|turn|3
|inactive|Blossummm has 120 seconds left.
|
|t:|1711674288
|switch|p1a: Jirachi|Jirachi|100/100
|move|p2a: Latios|Psyshock|p1a: Jirachi
|-resisted|p1a: Jirachi
|-damage|p1a: Jirachi|94/100
|
|-heal|p1a: Jirachi|99/100|[from] item: Leftovers
|upkeep
|turn|4
|
|t:|1711674298
|switch|p2a: Politoed|Politoed, F|100/100
|-weather|RainDance|[from] ability: Drizzle|[of] p2a: Politoed
|move|p1a: Jirachi|Stealth Rock|p2a: Politoed
|-sidestart|p2: Blossummm|move: Stealth Rock
|
|-weather|RainDance|[upkeep]
|-heal|p1a: Jirachi|100/100|[from] item: Leftovers
|upkeep
|turn|5
|
|t:|1711674311
|move|p1a: Jirachi|Body Slam|p2a: Politoed
|-damage|p2a: Politoed|80/100
|-status|p2a: Politoed|par
|move|p2a: Politoed|Scald|p1a: Jirachi
|-damage|p1a: Jirachi|71/100
|-status|p1a: Jirachi|brn
|
|-weather|RainDance|[upkeep]
|-heal|p1a: Jirachi|78/100 brn|[from] item: Leftovers
|-heal|p2a: Politoed|86/100 par|[from] item: Leftovers
|-damage|p1a: Jirachi|65/100 brn|[from] brn
|upkeep
|turn|6
|
|t:|1711674325
|switch|p2a: Ferrothorn|Ferrothorn, F|100/100
|-damage|p2a: Ferrothorn|95/100|[from] Stealth Rock
|move|p1a: Jirachi|Wish|p1a: Jirachi
|
|-weather|RainDance|[upkeep]
|-heal|p1a: Jirachi|71/100 brn|[from] item: Leftovers
|-heal|p2a: Ferrothorn|100/100|[from] item: Leftovers
|-damage|p1a: Jirachi|59/100 brn|[from] brn
|upkeep
|turn|7
|
|t:|1711674336
|switch|p1a: Infernape|Infernape, F|100/100
|move|p2a: Ferrothorn|Spikes|p1a: Infernape
|-sidestart|p1: IU is my wife|Spikes
|
|-weather|RainDance|[upkeep]
|upkeep
|turn|8
|
|t:|1711674353
|switch|p2a: Garchomp|Garchomp, F|100/100
|-damage|p2a: Garchomp|94/100|[from] Stealth Rock
|move|p1a: Infernape|Close Combat|p2a: Garchomp
|-damage|p2a: Garchomp|48/100
|-unboost|p1a: Infernape|def|1
|-unboost|p1a: Infernape|spd|1
|-damage|p1a: Infernape|88/100|[from] ability: Rough Skin|[of] p2a: Garchomp
|
|-weather|RainDance|[upkeep]
|upkeep
|turn|9
|
|t:|1711674368
|switch|p2a: Latios|Latios, M|74/100
|-damage|p2a: Latios|61/100|[from] Stealth Rock
|move|p1a: Infernape|Hidden Power|p2a: Latios
|-supereffective|p2a: Latios
|-damage|p2a: Latios|13/100
|
|-weather|RainDance|[upkeep]
|upkeep
|turn|10
|
|t:|1711674377
|switch|p1a: Jirachi|Jirachi|59/100 brn
|-damage|p1a: Jirachi|46/100 brn|[from] Spikes
|move|p2a: Latios|Draco Meteor|p1a: Jirachi
|-resisted|p1a: Jirachi
|-damage|p1a: Jirachi|15/100 brn
|-unboost|p2a: Latios|spa|2
|
|-weather|RainDance|[upkeep]
|-heal|p1a: Jirachi|21/100 brn|[from] item: Leftovers
|-damage|p1a: Jirachi|9/100 brn|[from] brn
|upkeep
|turn|11
|
|t:|1711674388
|move|p2a: Latios|Draco Meteor|p1a: Jirachi
|-resisted|p1a: Jirachi
|-crit|p1a: Jirachi
|-damage|p1a: Jirachi|0 fnt
|-unboost|p2a: Latios|spa|2
|faint|p1a: Jirachi
|
|-weather|RainDance|[upkeep]
|upkeep
|
|t:|1711674410
|switch|p1a: Dragonite|Dragonite, M|100/100
|turn|12
|
|t:|1711674420
|switch|p2a: Starmie|Starmie|100/100
|-damage|p2a: Starmie|88/100|[from] Stealth Rock
|-item|p2a: Starmie|Air Balloon
|move|p1a: Dragonite|Dragon Dance|p1a: Dragonite
|-boost|p1a: Dragonite|atk|1
|-boost|p1a: Dragonite|spe|1
|
|-weather|RainDance|[upkeep]
|upkeep
|turn|13
|
|t:|1711674436
|move|p1a: Dragonite|Dragon Dance|p1a: Dragonite
|-boost|p1a: Dragonite|atk|1
|-boost|p1a: Dragonite|spe|1
|move|p2a: Starmie|Rapid Spin|p1a: Dragonite
|-damage|p1a: Dragonite|98/100
|-sideend|p2: Blossummm|Stealth Rock|[from] move: Rapid Spin|[of] p2a: Starmie
|
|-weather|RainDance|[upkeep]
|upkeep
|turn|14
|
|t:|1711674445
|move|p1a: Dragonite|Extreme Speed|p2a: Starmie
|-damage|p2a: Starmie|0 fnt
|-enditem|p2a: Starmie|Air Balloon
|faint|p2a: Starmie
|
|-weather|RainDance|[upkeep]
|upkeep
|inactive|Blossummm has 120 seconds left.
|
|t:|1711674483
|switch|p2a: Ferrothorn|Ferrothorn, F|100/100
|turn|15
|inactive|IU is my wife has 120 seconds left.
|
|t:|1711674526
|move|p1a: Dragonite|Fire Punch|p2a: Ferrothorn
|-supereffective|p2a: Ferrothorn
|-damage|p2a: Ferrothorn|18/100
|-damage|p1a: Dragonite|86/100|[from] ability: Iron Barbs|[of] p2a: Ferrothorn
|move|p2a: Ferrothorn|Gyro Ball|p1a: Dragonite
|-damage|p1a: Dragonite|27/100
|
|-weather|RainDance|[upkeep]
|-heal|p2a: Ferrothorn|24/100|[from] item: Leftovers
|upkeep
|turn|16
|inactive|Blossummm has 120 seconds left.
|
|t:|1711674546
|switch|p2a: Garchomp|Garchomp, F|48/100
|move|p1a: Dragonite|Fire Punch|p2a: Garchomp
|-resisted|p2a: Garchomp
|-damage|p2a: Garchomp|33/100
|-status|p2a: Garchomp|brn
|-damage|p1a: Dragonite|15/100|[from] ability: Rough Skin|[of] p2a: Garchomp
|
|-weather|RainDance|[upkeep]
|-damage|p2a: Garchomp|20/100 brn|[from] brn
|upkeep
|turn|17
|inactive|IU is my wife has 120 seconds left.
|inactive|Blossummm has 120 seconds left.
|
|t:|1711674566
|move|p1a: Dragonite|Extreme Speed|p2a: Garchomp
|-damage|p2a: Garchomp|0 fnt
|-damage|p1a: Dragonite|3/100|[from] ability: Rough Skin|[of] p2a: Garchomp
|faint|p2a: Garchomp
|
|-weather|RainDance|[upkeep]
|upkeep
|
|t:|1711674572
|switch|p2a: Ferrothorn|Ferrothorn, F|24/100
|turn|18
|
|t:|1711674582
|move|p1a: Dragonite|Outrage|p2a: Ferrothorn
|-resisted|p2a: Ferrothorn
|-damage|p2a: Ferrothorn|0 fnt
|-damage|p1a: Dragonite|0 fnt|[from] ability: Iron Barbs|[of] p2a: Ferrothorn
|faint|p1a: Dragonite
|faint|p2a: Ferrothorn
|
|-weather|RainDance|[upkeep]
|upkeep
|inactive|IU is my wife has 120 seconds left.
|inactive|Blossummm has 120 seconds left.
|inactive|IU is my wife has 90 seconds left.
|
|t:|1711674627
|switch|p1a: Infernape|Infernape, F|88/100
|switch|p2a: Kyurem|Kyurem-Black|76/100
|-damage|p1a: Infernape|76/100|[from] Spikes
|-ability|p2a: Kyurem|Teravolt
|turn|19
|inactive|Blossummm has 120 seconds left.
|
|t:|1711674651
|move|p1a: Infernape|Close Combat|p2a: Kyurem
|-supereffective|p2a: Kyurem
|-damage|p2a: Kyurem|0 fnt
|-unboost|p1a: Infernape|def|1
|-unboost|p1a: Infernape|spd|1
|faint|p2a: Kyurem
|
|-weather|RainDance|[upkeep]
|upkeep
|
|t:|1711674655
|switch|p2a: Latios|Latios, M|13/100
|turn|20
|
|t:|1711674663
|switch|p1a: Gengar|Gengar, M|100/100
|move|p2a: Latios|Surf|p1a: Gengar
|-crit|p1a: Gengar
|-damage|p1a: Gengar|0 fnt
|faint|p1a: Gengar
|
|-weather|RainDance|[upkeep]
|upkeep
|
|t:|1711674673
|switch|p1a: Rotom|Rotom-Wash|100/100
|turn|21
|
|t:|1711674677
|switch|p2a: Politoed|Politoed, F|86/100 par
|move|p1a: Rotom|Volt Switch|p2a: Politoed
|-supereffective|p2a: Politoed
|-damage|p2a: Politoed|14/100 par
|
|t:|1711674687
|switch|p1a: Infernape|Infernape, F|76/100|[from] Volt Switch
|-damage|p1a: Infernape|64/100|[from] Spikes
|
|-weather|RainDance|[upkeep]
|-heal|p2a: Politoed|20/100 par|[from] item: Leftovers
|upkeep
|turn|22
|
|t:|1711674695
|move|p1a: Infernape|Close Combat|p2a: Politoed
|-damage|p2a: Politoed|0 fnt
|-unboost|p1a: Infernape|def|1
|-unboost|p1a: Infernape|spd|1
|faint|p2a: Politoed
|
|-weather|RainDance|[upkeep]
|upkeep
|
|t:|1711674699
|switch|p2a: Latios|Latios, M|13/100
|turn|23
|
|t:|1711674705
|move|p2a: Latios|Surf|p1a: Infernape
|-supereffective|p1a: Infernape
|-damage|p1a: Infernape|0 fnt
|faint|p1a: Infernape
|
|-weather|RainDance|[upkeep]
|upkeep
|
|t:|1711674707
|switch|p1a: Landorus|Landorus-Therian, M|100/100
|-ability|p1a: Landorus|Intimidate|boost
|-unboost|p2a: Latios|atk|1
|turn|24
|
|t:|1711674712
|move|p2a: Latios|Surf|p1a: Landorus
|-supereffective|p1a: Landorus
|-damage|p1a: Landorus|0 fnt
|faint|p1a: Landorus
|
|-weather|RainDance|[upkeep]
|upkeep
|
|t:|1711674714
|switch|p1a: Rotom|Rotom-Wash|100/100
|turn|25
|
|t:|1711674720
|move|p2a: Latios|Surf|p1a: Rotom
|-resisted|p1a: Rotom
|-damage|p1a: Rotom|76/100
|move|p1a: Rotom|Volt Switch|p2a: Latios
|-resisted|p2a: Latios
|-damage|p2a: Latios|0 fnt
|faint|p2a: Latios
|
|win|IU is my wife
|raw|IU is my wife's rating: 1304 &rarr; <strong>1326</strong><br />(+22 for winning)
|raw|Blossummm's rating: 1343 &rarr; <strong>1321</strong><br />(-22 for losing)
|l|☆Blossummm
|player|p2|
