|j|sheik23
|j|M.I.A XXXO
|player|p1|sheik23|274
|player|p2|M.I.A XXXO|146
|gametype|singles
|gen|5
|tier|[Gen 5] OU
|rated
|seed|
|rule|Evasion Abilities Clause: Evasion abilities are banned
|rule|Baton Pass Clause: Limit one Baton Passer, can't pass Spe and other stats simultaneously
|rule|Swagger Clause: Swagger is banned
|clearpoke
|poke|p1|Garchomp, M|item
|poke|p1|Dragonite, F|item
|poke|p1|Starmie|item
|poke|p1|Scizor, F|item
|poke|p1|Breloom, M|item
|poke|p1|Volcarona, F|item
|poke|p2|Scizor, M|item
|poke|p2|Magnezone|item
|poke|p2|Landorus-Therian, M|item
|poke|p2|Starmie|item
|poke|p2|Dragonite, F|item
|poke|p2|Garchomp, F|item
|rule|Sleep Clause Mod: Limit one foe put to sleep
|rule|Species Clause: Limit one of each Pokémon
|rule|OHKO Clause: OHKO moves are banned
|rule|Moody Clause: Moody is banned
|rule|Evasion Moves Clause: Evasion moves are banned
|rule|Endless Battle Clause: Forcing endless battles is banned
|rule|HP Percentage Mod: HP is shown in percentages
|teampreview
|choice||
|
|start
|switch|p1a: Garchomp|Garchomp, M|100/100
|switch|p2a: Landorus-T|Landorus-Therian, M|100/100
|-ability|p2a: Landorus-T|Intimidate|boost
|-unboost|p1a: Garchomp|atk|1
|turn|1
|choice||
|
|move|p2a: Landorus-T|Hidden Power|p1a: Garchomp
|-supereffective|p1a: Garchomp
|-enditem|p1a: Garchomp|Yache Berry|[eat]
|-enditem|p1a: Garchomp|Yache Berry|[weaken]
|-damage|p1a: Garchomp|61/100
|move|p1a: Garchomp|Stealth Rock|p2a: Landorus-T
|-sidestart|p2: M.I.A XXXO|move: Stealth Rock
|
|turn|2
|choice||
|
|switch|p2a: Starmie|Starmie|100/100
|-damage|p2a: Starmie|88/100|[from] Stealth Rock
|switch|p1a: Starmie|Starmie|100/100
|
|turn|3
|choice||
|
|move|p1a: Starmie|Thunder|p2a: Starmie
|-supereffective|p2a: Starmie
|-damage|p2a: Starmie|0 fnt
|faint|p2a: Starmie
|
|c|★M.I.A XXXO|oO
|choice||
|
|switch|p2a: Scizor|Scizor, M|100/100
|-damage|p2a: Scizor|88/100|[from] Stealth Rock
|turn|4
|choice||
|
|switch|p1a: Volcarona|Volcarona, F|100/100
|move|p2a: Scizor|U-turn|p1a: Volcarona
|-resisted|p1a: Volcarona
|-damage|p1a: Volcarona|78/100
|choice||
|
|switch|p2a: Landorus-T|Landorus-Therian, M|100/100
|-damage|p2a: Landorus-T|88/100|[from] Stealth Rock
|-ability|p2a: Landorus-T|Intimidate|boost
|-unboost|p1a: Volcarona|atk|1
|
|turn|5
|choice||
|
|move|p2a: Landorus-T|Earthquake|p1a: Volcarona
|-crit|p1a: Volcarona
|-damage|p1a: Volcarona|0 fnt
|faint|p1a: Volcarona
|
|choice||
|
|switch|p1a: Dragonite|Dragonite, F|100/100
|turn|6
|choice||
|
|switch|p2a: Garchomp|Garchomp, F|100/100
|-damage|p2a: Garchomp|94/100|[from] Stealth Rock
|move|p1a: Dragonite|Dragon Dance|p1a: Dragonite
|-boost|p1a: Dragonite|atk|1
|-boost|p1a: Dragonite|spe|1
|
|turn|7
|choice||
|
|move|p1a: Dragonite|Outrage|p2a: Garchomp
|-supereffective|p2a: Garchomp
|-damage|p2a: Garchomp|0 fnt
|-damage|p1a: Dragonite|88/100|[from] ability: Rough Skin|[of] p2a: Garchomp
|faint|p2a: Garchomp
|
|choice||
|
|switch|p2a: Landorus-T|Landorus-Therian, M|88/100
|-damage|p2a: Landorus-T|76/100|[from] Stealth Rock
|-ability|p2a: Landorus-T|Intimidate|boost
|-unboost|p1a: Dragonite|atk|1
|turn|8
|choice||
|
|move|p2a: Landorus-T|Hidden Power|p1a: Dragonite
|-supereffective|p1a: Dragonite
|-damage|p1a: Dragonite|17/100
|move|p1a: Dragonite|Outrage|p2a: Landorus-T|[from]lockedmove
|-damage|p2a: Landorus-T|0 fnt
|faint|p2a: Landorus-T
|
|choice||
|
|switch|p2a: Scizor|Scizor, M|88/100
|-damage|p2a: Scizor|76/100|[from] Stealth Rock
|turn|9
|choice||
|
|move|p2a: Scizor|Bullet Punch|p1a: Dragonite
|-damage|p1a: Dragonite|0 fnt
|faint|p1a: Dragonite
|
|-heal|p2a: Scizor|82/100|[from] item: Leftovers
|choice||
|
|switch|p1a: Garchomp|Garchomp, M|61/100
|turn|10
|choice||
|
|move|p1a: Garchomp|Earthquake|p2a: Scizor
|-damage|p2a: Scizor|29/100
|move|p2a: Scizor|U-turn|p1a: Garchomp
|-damage|p1a: Garchomp|25/100
|-damage|p2a: Scizor|17/100|[from] ability: Rough Skin|[of] p1a: Garchomp
|choice||
|
|switch|p2a: Dragonite|Dragonite, F|100/100
|-damage|p2a: Dragonite|76/100|[from] Stealth Rock
|
|turn|11
|choice||
|
|move|p2a: Dragonite|Extreme Speed|p1a: Garchomp
|-damage|p1a: Garchomp|0 fnt
|-damage|p2a: Dragonite|63/100|[from] ability: Rough Skin|[of] p1a: Garchomp
|faint|p1a: Garchomp
|
|choice||
|
|switch|p1a: Scizor|Scizor, F|100/100
|turn|12
|choice||
|
|switch|p2a: Scizor|Scizor, M|17/100
|-damage|p2a: Scizor|5/100|[from] Stealth Rock
|move|p1a: Scizor|Superpower|p2a: Scizor
|-damage|p2a: Scizor|0 fnt
|-unboost|p1a: Scizor|atk|1
|-unboost|p1a: Scizor|def|1
|-damage|p1a: Scizor|91/100|[from] item: Life Orb
|faint|p2a: Scizor
|
|choice||
|
|switch|p2a: Magnezone|Magnezone|100/100
|-damage|p2a: Magnezone|94/100|[from] Stealth Rock
|turn|13
|choice||
|
|move|p1a: Scizor|Bullet Punch|p2a: Magnezone
|-resisted|p2a: Magnezone
|-damage|p2a: Magnezone|86/100
|-damage|p1a: Scizor|81/100|[from] item: Life Orb
|move|p2a: Magnezone|Hidden Power|p1a: Scizor
|-supereffective|p1a: Scizor
|-damage|p1a: Scizor|0 fnt
|faint|p1a: Scizor
|
|choice||
|
|switch|p1a: Breloom|Breloom, M|100/100
|turn|14
|choice||
|
|move|p1a: Breloom|Spore|p2a: Magnezone
|-status|p2a: Magnezone|slp
|cant|p2a: Magnezone|slp
|
|turn|15
|choice||
|
|move|p1a: Breloom|Low Sweep|p2a: Magnezone
|-supereffective|p2a: Magnezone
|-damage|p2a: Magnezone|0 fnt
|faint|p2a: Magnezone
|
|choice||
|
|switch|p2a: Dragonite|Dragonite, F|63/100
|-damage|p2a: Dragonite|38/100|[from] Stealth Rock
|turn|16
|choice||
|
|move|p2a: Dragonite|Extreme Speed|p1a: Breloom
|-damage|p1a: Breloom|31/100
|move|p1a: Breloom|Low Sweep|p2a: Dragonite
|-resisted|p2a: Dragonite
|-damage|p2a: Dragonite|9/100
|-unboost|p2a: Dragonite|spe|1
|
|turn|17
|choice||
|
|move|p2a: Dragonite|Extreme Speed|p1a: Breloom
|-damage|p1a: Breloom|0 fnt
|faint|p1a: Breloom
|
|choice||
|
|switch|p1a: Starmie|Starmie|100/100
|turn|18
|c|★M.I.A XXXO|ch bless me
|choice||
|
|move|p2a: Dragonite|Extreme Speed|p1a: Starmie
|-damage|p1a: Starmie|26/100
|move|p1a: Starmie|Ice Beam|p2a: Dragonite
|-supereffective|p2a: Dragonite
|-damage|p2a: Dragonite|0 fnt
|faint|p2a: Dragonite
|
|win|sheik23
|player|p1
|player|p2
|raw|sheik23's rating: 1296 &rarr; <strong>1332</strong><br />(+36 for winning)
|raw|M.I.A XXXO's rating: 1468 &rarr; <strong>1439</strong><br />(-29 for losing)
|l|M.I.A XXXO