|j|☆Tangyz
|j|☆baixiaohen
|t:|1743842164
|gametype|singles
|player|p1|Tangyz|shadowtriad|1354
|player|p2|baixiaohen|red|1411
|teamsize|p1|6
|teamsize|p2|6
|gen|5
|tier|[Gen 5] OU
|rated|
|rule|Species Clause: Limit one of each Pokémon
|rule|OHKO Clause: OHKO moves are banned
|rule|Moody Clause: Moody is banned
|rule|Evasion Items Clause: Evasion items are banned
|rule|Evasion Moves Clause: Evasion moves are banned
|rule|Endless Battle Clause: Forcing endless battles is banned
|rule|HP Percentage Mod: HP is shown in percentages
|rule|Evasion Abilities Clause: Evasion abilities are banned
|rule|Sleep Moves Clause: Sleep-inducing moves are banned
|rule|Swagger Clause: Swagger is banned
|rule|Baton Pass Stat Clause: No Baton Passer may have a way to boost its stats
|clearpoke
|poke|p1|Politoed, F|item
|poke|p1|Latios, M|item
|poke|p1|Ferrothorn, M|item
|poke|p1|Keldeo|item
|poke|p1|Excadrill, F|item
|poke|p1|Thundurus-Therian, M|item
|poke|p2|Keldeo-Resolute|item
|poke|p2|Latios, M|item
|poke|p2|Jirachi|item
|poke|p2|Rotom-Wash|item
|poke|p2|Mamoswine, M|item
|poke|p2|Starmie|item
|teampreview
|inactive|Battle timer is ON: inactive players will automatically lose when time's up. (requested by Tangyz)
|inactive|baixiaohen also wants the timer to be on.
|
|t:|1743842194
|start
|switch|p1a: Politoed|Politoed, F, shiny|100/100
|switch|p2a: Rotom|Rotom-Wash|100/100
|-weather|RainDance|[from] ability: Drizzle|[of] p1a: Politoed
|turn|1
|
|t:|1743842200
|switch|p1a: Latios|Latios, M, shiny|100/100
|move|p2a: Rotom|Will-O-Wisp|p1a: Latios
|-status|p1a: Latios|brn
|
|-weather|RainDance|[upkeep]
|-damage|p1a: Latios|88/100 brn|[from] brn
|upkeep
|turn|2
|
|t:|1743842211
|switch|p1a: Excadrill|Excadrill, F|100/100
|-ability|p1a: Excadrill|Mold Breaker
|move|p2a: Rotom|Volt Switch|p1a: Excadrill
|-immune|p1a: Excadrill
|
|-weather|RainDance|[upkeep]
|upkeep
|turn|3
|
|t:|1743842216
|move|p1a: Excadrill|Earthquake|p2a: Rotom
|-supereffective|p2a: Rotom
|-damage|p2a: Rotom|0 fnt
|faint|p2a: Rotom
|
|-weather|RainDance|[upkeep]
|upkeep
|
|t:|1743842226
|switch|p2a: Latios|Latios, M|100/100
|turn|4
|
|t:|1743842235
|switch|p1a: Politoed|Politoed, F, shiny|100/100
|move|p2a: Latios|Trick|p1a: Politoed
|-activate|p2a: Latios|move: Trick|[of] p1a: Politoed
|-item|p1a: Politoed|Choice Scarf|[from] move: Trick
|-item|p2a: Latios|Leftovers|[from] move: Trick
|
|-weather|RainDance|[upkeep]
|upkeep
|turn|5
|
|t:|1743842249
|move|p2a: Latios|Energy Ball|p1a: Politoed
|-supereffective|p1a: Politoed
|-damage|p1a: Politoed|49/100
|move|p1a: Politoed|Scald|p2a: Latios
|-resisted|p2a: Latios
|-damage|p2a: Latios|82/100
|
|-weather|RainDance|[upkeep]
|-heal|p2a: Latios|88/100|[from] item: Leftovers
|upkeep
|turn|6
|
|t:|1743842262
|switch|p2a: Mamoswine|Mamoswine, M|100/100
|switch|p1a: Ferrothorn|Ferrothorn, M|100/100
|
|-weather|RainDance|[upkeep]
|upkeep
|turn|7
|
|t:|1743842266
|move|p2a: Mamoswine|Superpower|p1a: Ferrothorn
|-supereffective|p1a: Ferrothorn
|-damage|p1a: Ferrothorn|13/100
|-unboost|p2a: Mamoswine|atk|1
|-unboost|p2a: Mamoswine|def|1
|-damage|p2a: Mamoswine|88/100|[from] ability: Iron Barbs|[of] p1a: Ferrothorn
|-damage|p2a: Mamoswine|78/100|[from] item: Life Orb
|move|p1a: Ferrothorn|Gyro Ball|p2a: Mamoswine
|-supereffective|p2a: Mamoswine
|-damage|p2a: Mamoswine|0 fnt
|faint|p2a: Mamoswine
|
|-weather|RainDance|[upkeep]
|upkeep
|
|t:|1743842280
|switch|p2a: Keldeo|Keldeo-Resolute|100/100
|turn|8
|
|t:|1743842287
|switch|p1a: Politoed|Politoed, F, shiny|49/100
|move|p2a: Keldeo|Calm Mind|p2a: Keldeo
|-boost|p2a: Keldeo|spa|1
|-boost|p2a: Keldeo|spd|1
|
|-weather|RainDance|[upkeep]
|upkeep
|turn|9
|
|t:|1743842292
|move|p2a: Keldeo|Secret Sword|p1a: Politoed
|-damage|p1a: Politoed|0 fnt
|faint|p1a: Politoed
|
|-weather|RainDance|[upkeep]
|upkeep
|
|t:|1743842303
|switch|p1a: Latios|Latios, M, shiny|88/100 brn
|turn|10
|
|t:|1743842308
|move|p1a: Latios|Draco Meteor|p2a: Keldeo
|-damage|p2a: Keldeo|15/100
|-unboost|p1a: Latios|spa|2
|move|p2a: Keldeo|Hidden Power|p1a: Latios
|-supereffective|p1a: Latios
|-damage|p1a: Latios|8/100 brn
|
|-weather|RainDance|[upkeep]
|-heal|p2a: Keldeo|21/100|[from] item: Leftovers
|-damage|p1a: Latios|0 fnt|[from] brn
|faint|p1a: Latios
|upkeep
|
|t:|1743842311
|switch|p1a: Excadrill|Excadrill, F|100/100
|-ability|p1a: Excadrill|Mold Breaker
|turn|11
|
|t:|1743842320
|move|p1a: Excadrill|Earthquake|p2a: Keldeo
|-damage|p2a: Keldeo|0 fnt
|faint|p2a: Keldeo
|
|-weather|RainDance|[upkeep]
|upkeep
|
|t:|1743842323
|switch|p2a: Starmie|Starmie|100/100
|turn|12
|
|t:|1743842341
|switch|p1a: Ferrothorn|Ferrothorn, M|13/100
|move|p2a: Starmie|Trick|p1a: Ferrothorn
|-activate|p2a: Starmie|move: Trick|[of] p1a: Ferrothorn
|-item|p1a: Ferrothorn|Choice Scarf|[from] move: Trick
|-item|p2a: Starmie|Lum Berry|[from] move: Trick
|
|-weather|RainDance|[upkeep]
|upkeep
|turn|13
|
|t:|1743842351
|move|p2a: Starmie|Scald|p1a: Ferrothorn
|-resisted|p1a: Ferrothorn
|-damage|p1a: Ferrothorn|0 fnt
|faint|p1a: Ferrothorn
|
|-weather|RainDance|[upkeep]
|upkeep
|
|t:|1743842354
|switch|p1a: Thundurus|Thundurus-Therian, M, shiny|100/100
|turn|14
|
|t:|1743842365
|switch|p2a: Jirachi|Jirachi|100/100
|move|p1a: Thundurus|Thunder|p2a: Jirachi
|-damage|p2a: Jirachi|60/100
|
|-weather|RainDance|[upkeep]
|-heal|p2a: Jirachi|66/100|[from] item: Leftovers
|upkeep
|turn|15
|
|t:|1743842370
|move|p1a: Thundurus|Thunder|p2a: Jirachi
|-damage|p2a: Jirachi|28/100
|-status|p2a: Jirachi|par
|move|p2a: Jirachi|Body Slam|p1a: Thundurus
|-damage|p1a: Thundurus|69/100
|
|-weather|RainDance|[upkeep]
|-heal|p1a: Thundurus|75/100|[from] item: Leftovers
|-heal|p2a: Jirachi|34/100 par|[from] item: Leftovers
|upkeep
|turn|16
|
|t:|1743842372
|move|p1a: Thundurus|Thunder|p2a: Jirachi
|-damage|p2a: Jirachi|0 fnt
|faint|p2a: Jirachi
|
|-weather|RainDance|[upkeep]
|-heal|p1a: Thundurus|81/100|[from] item: Leftovers
|upkeep
|
|t:|1743842377
|switch|p2a: Latios|Latios, M|88/100
|turn|17
|
|t:|1743842387
|switch|p1a: Excadrill|Excadrill, F|100/100
|-ability|p1a: Excadrill|Mold Breaker
|move|p2a: Latios|Psychic|p1a: Excadrill
|-resisted|p1a: Excadrill
|-damage|p1a: Excadrill|72/100
|
|-weather|RainDance|[upkeep]
|-heal|p2a: Latios|94/100|[from] item: Leftovers
|upkeep
|turn|18
|
|t:|1743842401
|move|p1a: Excadrill|Earthquake|p2a: Latios
|-damage|p2a: Latios|12/100
|move|p2a: Latios|Draco Meteor|p1a: Excadrill
|-resisted|p1a: Excadrill
|-damage|p1a: Excadrill|23/100
|-unboost|p2a: Latios|spa|2
|
|-weather|RainDance|[upkeep]
|-heal|p2a: Latios|18/100|[from] item: Leftovers
|upkeep
|turn|19
|
|t:|1743842408
|move|p1a: Excadrill|Earthquake|p2a: Latios
|-damage|p2a: Latios|0 fnt
|faint|p2a: Latios
|
|-weather|RainDance|[upkeep]
|upkeep
|
|t:|1743842410
|switch|p2a: Starmie|Starmie|100/100
|turn|20
|
|t:|1743842415
|move|p1a: Excadrill|Earthquake|p2a: Starmie
|-damage|p2a: Starmie|51/100
|move|p2a: Starmie|Scald|p1a: Excadrill
|-supereffective|p1a: Excadrill
|-damage|p1a: Excadrill|0 fnt
|faint|p1a: Excadrill
|
|-weather|RainDance|[upkeep]
|upkeep
|
|t:|1743842417
|switch|p1a: Thundurus|Thundurus-Therian, M, shiny|81/100
|turn|21
|
|t:|1743842420
|move|p1a: Thundurus|Thunder|p2a: Starmie
|-supereffective|p2a: Starmie
|-damage|p2a: Starmie|0 fnt
|faint|p2a: Starmie
|
|win|Tangyz
|raw|Tangyz's rating: 1354 &rarr; <strong>1377</strong><br />(+23 for winning)
|raw|baixiaohen's rating: 1411 &rarr; <strong>1388</strong><br />(-23 for losing)
|c|☆Tangyz|gg
