|j|☆Empyreal Paradigm
|j|☆5am in Stockholm
|player|p1|Empyreal Paradigm|148
|player|p2|5am in Stockholm|144
|teamsize|p1|6
|teamsize|p2|6
|gametype|singles
|gen|5
|tier|[Gen 5] OU
|rated|
|rule|Sleep Clause Mod: Limit one foe put to sleep
|rule|Species Clause: Limit one of each Pokémon
|rule|OHKO Clause: OHKO moves are banned
|rule|Moody Clause: Moody is banned
|rule|Evasion Moves Clause: Evasion moves are banned
|rule|Endless Battle Clause: Forcing endless battles is banned
|rule|HP Percentage Mod: HP is shown in percentages
|rule|Evasion Abilities Clause: Evasion abilities are banned
|rule|Baton Pass Clause: Limit one Baton Passer, can't pass Spe and other stats simultaneously
|rule|Swagger Clause: Swagger is banned
|clearpoke
|poke|p1|Politoed, F|item
|poke|p1|Tentacruel, M|item
|poke|p1|Skarmory, M|item
|poke|p1|Ludicolo, F|item
|poke|p1|Gliscor, M|item
|poke|p1|Jirachi|item
|poke|p2|Breloom, M|item
|poke|p2|Skarmory, M|item
|poke|p2|Gastrodon-East, M|item
|poke|p2|Tyranitar, M|item
|poke|p2|Mew|item
|poke|p2|Garchomp, M|item
|teampreview
|inactive|Battle timer is ON: inactive players will automatically lose when time's up. (requested by 5am in Stockholm)
|inactive|Empyreal Paradigm has 120 seconds left.
|
|start
|switch|p1a: Gliscor|Gliscor, M|100/100
|switch|p2a: Loom|Breloom, M|100/100
|turn|1
|
|move|p1a: Gliscor|Protect|p1a: Gliscor
|-singleturn|p1a: Gliscor|Protect
|move|p2a: Loom|Bullet Seed|p1a: Gliscor
|-activate|p1a: Gliscor|move: Protect
|
|-status|p1a: Gliscor|tox|[from] item: Toxic Orb
|upkeep
|turn|2
|j| lkjhgfrdeswa
|inactive|Empyreal Paradigm has 120 seconds left.
|
|switch|p1a: Skarmory|Skarmory, M|100/100
|move|p2a: Loom|Bullet Seed|p1a: Skarmory
|-resisted|p1a: Skarmory
|-damage|p1a: Skarmory|97/100
|-resisted|p1a: Skarmory
|-damage|p1a: Skarmory|93/100
|-hitcount|p1a: Skarmory|2
|
|upkeep
|turn|3
|
|switch|p2a: Skarm|Skarmory, M|100/100
|move|p1a: Skarmory|Spikes|p2a: Skarm
|-sidestart|p2: 5am in Stockholm|Spikes
|
|upkeep
|turn|4
|inactive|Empyreal Paradigm has 120 seconds left.
|
|switch|p1a: Politoed|Politoed, F|100/100
|-weather|RainDance|[from] ability: Drizzle|[of] p1a: Politoed
|move|p2a: Skarm|Stealth Rock|p1a: Politoed
|-sidestart|p1: Empyreal Paradigm|move: Stealth Rock
|
|-weather|RainDance|[upkeep]
|upkeep
|turn|5
|l|☆5am in Stockholm
|inactive|5am in Stockholm disconnected and has a minute to reconnect!
|player|p2|
|inactive|5am in Stockholm has 30 seconds to reconnect!
|inactive|5am in Stockholm has 20 seconds to reconnect!
|inactive|5am in Stockholm has 15 seconds to reconnect!
|inactive|5am in Stockholm has 10 seconds to reconnect!
|j|☆5am in Stockholm
|inactive|5am in Stockholm reconnected and has 80 seconds left.
|player|p2|5am in Stockholm|144
|
|switch|p2a: Gastro|Gastrodon-East, M|100/100
|-damage|p2a: Gastro|88/100|[from] Spikes
|move|p1a: Politoed|Toxic|p2a: Gastro
|-status|p2a: Gastro|tox
|
|-weather|RainDance|[upkeep]
|-heal|p2a: Gastro|94/100 tox|[from] item: Leftovers
|-damage|p2a: Gastro|88/100 tox|[from] psn
|upkeep
|turn|6
|inactive|Empyreal Paradigm has 120 seconds left.
|
|switch|p1a: Ludicolo|Ludicolo, F|100/100
|-damage|p1a: Ludicolo|88/100|[from] Stealth Rock
|switch|p2a: Loom|Breloom, M|100/100
|-damage|p2a: Loom|88/100|[from] Spikes
|
|-weather|RainDance|[upkeep]
|-heal|p1a: Ludicolo|94/100|[from] ability: Rain Dish
|-heal|p1a: Ludicolo|99/100|[from] item: Leftovers
|upkeep
|turn|7
|
|move|p1a: Ludicolo|Protect|p1a: Ludicolo
|-singleturn|p1a: Ludicolo|Protect
|move|p2a: Loom|Low Sweep|p1a: Ludicolo
|-activate|p1a: Ludicolo|move: Protect
|
|-weather|RainDance|[upkeep]
|-heal|p1a: Ludicolo|100/100|[from] ability: Rain Dish
|upkeep
|turn|8
|
|switch|p1a: Gliscor|Gliscor, M|100/100 tox
|-damage|p1a: Gliscor|88/100 tox|[from] Stealth Rock
|move|p2a: Loom|Low Sweep|p1a: Gliscor
|-resisted|p1a: Gliscor
|-damage|p1a: Gliscor|60/100 tox
|-unboost|p1a: Gliscor|spe|1
|
|-weather|RainDance|[upkeep]
|-heal|p1a: Gliscor|73/100 tox|[from] ability: Poison Heal
|upkeep
|turn|9
|inactive|5am in Stockholm has 90 seconds left.
|
|switch|p2a: Skarm|Skarmory, M|100/100
|move|p1a: Gliscor|Swords Dance|p1a: Gliscor
|-boost|p1a: Gliscor|atk|2
|
|-weather|RainDance|[upkeep]
|-heal|p1a: Gliscor|85/100 tox|[from] ability: Poison Heal
|upkeep
|turn|10
|inactive|5am in Stockholm has 90 seconds left.
|
|move|p1a: Gliscor|Facade|p2a: Skarm
|-resisted|p2a: Skarm
|-damage|p2a: Skarm|81/100
|-damage|p1a: Gliscor|69/100 tox|[from] item: Rocky Helmet|[of] p2a: Skarm
|move|p2a: Skarm|Spikes|p1a: Gliscor
|-sidestart|p1: Empyreal Paradigm|Spikes
|
|-weather|RainDance|[upkeep]
|-heal|p1a: Gliscor|81/100 tox|[from] ability: Poison Heal
|upkeep
|turn|11
|inactive|5am in Stockholm has 90 seconds left.
|l|☆5am in Stockholm
|inactive|5am in Stockholm disconnected and has a minute to reconnect!
|player|p2|
|j|☆5am in Stockholm
|inactive|5am in Stockholm reconnected and has 80 seconds left.
|player|p2|5am in Stockholm|144
|
|switch|p1a: Tentacruel|Tentacruel, M|100/100
|-damage|p1a: Tentacruel|88/100|[from] Spikes
|-damage|p1a: Tentacruel|76/100|[from] Stealth Rock
|move|p2a: Skarm|Spikes|p1a: Tentacruel
|-sidestart|p1: Empyreal Paradigm|Spikes
|
|-weather|RainDance|[upkeep]
|-heal|p1a: Tentacruel|82/100|[from] ability: Rain Dish
|-heal|p1a: Tentacruel|88/100|[from] item: Black Sludge
|upkeep
|turn|12
|inactive|Empyreal Paradigm has 120 seconds left.
|
|switch|p2a: Mew|Mew|100/100
|-damage|p2a: Mew|88/100|[from] Spikes
|move|p1a: Tentacruel|Rapid Spin|p2a: Mew
|-damage|p2a: Mew|86/100
|-sideend|p1: Empyreal Paradigm|Spikes|[from] move: Rapid Spin|[of] p1a: Tentacruel
|-sideend|p1: Empyreal Paradigm|Stealth Rock|[from] move: Rapid Spin|[of] p1a: Tentacruel
|
|-weather|RainDance|[upkeep]
|-heal|p1a: Tentacruel|94/100|[from] ability: Rain Dish
|-heal|p1a: Tentacruel|99/100|[from] item: Black Sludge
|-heal|p2a: Mew|92/100|[from] item: Leftovers
|upkeep
|turn|13
|
|move|p1a: Tentacruel|Toxic Spikes|p2a: Mew
|-sidestart|p2: 5am in Stockholm|move: Toxic Spikes
|move|p2a: Mew|Nasty Plot|p2a: Mew
|-boost|p2a: Mew|spa|2
|
|-weather|RainDance|[upkeep]
|-heal|p1a: Tentacruel|100/100|[from] ability: Rain Dish
|-heal|p2a: Mew|98/100|[from] item: Leftovers
|upkeep
|turn|14
|inactive|Empyreal Paradigm has 120 seconds left.
|
|switch|p1a: Jirachi|Jirachi|100/100
|move|p2a: Mew|Psychic|p1a: Jirachi
|-resisted|p1a: Jirachi
|-damage|p1a: Jirachi|85/100
|
|-weather|RainDance|[upkeep]
|-heal|p1a: Jirachi|91/100|[from] item: Leftovers
|-heal|p2a: Mew|100/100|[from] item: Leftovers
|upkeep
|turn|15
|
|move|p1a: Jirachi|Iron Head|p2a: Mew
|-damage|p2a: Mew|77/100
|move|p2a: Mew|Aura Sphere|p1a: Jirachi
|-damage|p1a: Jirachi|48/100
|
|-weather|RainDance|[upkeep]
|-heal|p1a: Jirachi|54/100|[from] item: Leftovers
|-heal|p2a: Mew|83/100|[from] item: Leftovers
|upkeep
|turn|16
|
|switch|p2a: Skarm|Skarmory, M|81/100
|move|p1a: Jirachi|Wish|p1a: Jirachi
|
|-weather|RainDance|[upkeep]
|-heal|p1a: Jirachi|61/100|[from] item: Leftovers
|upkeep
|turn|17
|j| BlackFriday00
|
|move|p1a: Jirachi|Protect|p1a: Jirachi
|-singleturn|p1a: Jirachi|Protect
|move|p2a: Skarm|Spikes|p1a: Jirachi
|-sidestart|p1: Empyreal Paradigm|Spikes
|
|-weather|RainDance|[upkeep]
|-heal|p1a: Jirachi|100/100|[from] move: Wish|[wisher] Jirachi
|upkeep
|turn|18
|-message|5am in Stockholm forfeited.
|
|win|Empyreal Paradigm
|l|☆5am in Stockholm
|l| BlackFriday00
|raw|Empyreal Paradigm's rating: 1554 &rarr; <strong>1562</strong><br />(+8 for winning)
|raw|5am in Stockholm's rating: 1325 &rarr; <strong>1317</strong><br />(-8 for losing)
