|j|☆SK8HEAD
|j|☆helloworld29388
|t:|1705660060
|gametype|singles
|player|p1|SK8HEAD|265|1327
|player|p2|helloworld29388|266|1359
|teamsize|p1|6
|teamsize|p2|6
|gen|5
|tier|[Gen 5] OU
|rated|
|rule|Species Clause: Limit one of each Pokémon
|rule|OHKO Clause: OHKO moves are banned
|rule|Moody Clause: Moody is banned
|rule|Evasion Items Clause: Evasion items are banned
|rule|Evasion Moves Clause: Evasion moves are banned
|rule|Endless Battle Clause: Forcing endless battles is banned
|rule|HP Percentage Mod: HP is shown in percentages
|rule|Evasion Abilities Clause: Evasion abilities are banned
|rule|Sleep Moves Clause: Sleep-inducing moves are banned
|rule|Swagger Clause: Swagger is banned
|rule|Baton Pass Stat Clause: No Baton Passer may have a way to boost its stats
|clearpoke
|poke|p1|Hydreigon, M|item
|poke|p1|Skarmory, M|item
|poke|p1|Ferrothorn, M|item
|poke|p1|Rotom-Wash|item
|poke|p1|Tyranitar, F|item
|poke|p1|Landorus-Therian, M|item
|poke|p2|Garchomp, F|item
|poke|p2|Dragonite, M|item
|poke|p2|Scizor, M|item
|poke|p2|Lucario, M|item
|poke|p2|Breloom, F|item
|poke|p2|Starmie|item
|teampreview
|c|☆SK8HEAD|gl
|c|☆helloworld29388|hf
|
|t:|1705660077
|start
|switch|p1a: Landorus|Landorus-Therian, M|100/100
|switch|p2a: Garchomp|Garchomp, F, shiny|100/100
|-ability|p1a: Landorus|Intimidate|boost
|-unboost|p2a: Garchomp|atk|1
|turn|1
|
|t:|1705660080
|move|p1a: Landorus|Hidden Power|p2a: Garchomp
|-supereffective|p2a: Garchomp
|-damage|p2a: Garchomp|31/100
|move|p2a: Garchomp|Stealth Rock|p1a: Landorus
|-sidestart|p1: SK8HEAD|move: Stealth Rock
|
|upkeep
|turn|2
|
|t:|1705660082
|switch|p2a: Scizor|Scizor, M, shiny|100/100
|move|p1a: Landorus|Hidden Power|p2a: Scizor
|-resisted|p2a: Scizor
|-damage|p2a: Scizor|88/100
|
|upkeep
|turn|3
|
|t:|1705660086
|switch|p1a: Skarmory|Skarmory, M|100/100
|-damage|p1a: Skarmory|88/100|[from] Stealth Rock
|move|p2a: Scizor|Swords Dance|p2a: Scizor
|-boost|p2a: Scizor|atk|2
|
|upkeep
|turn|4
|inactive|Battle timer is ON: inactive players will automatically lose when time's up. (requested by SK8HEAD)
|
|t:|1705660100
|move|p2a: Scizor|Superpower|p1a: Skarmory
|-damage|p1a: Skarmory|0 fnt
|-unboost|p2a: Scizor|atk|1
|-unboost|p2a: Scizor|def|1
|-damage|p2a: Scizor|71/100|[from] item: Rocky Helmet|[of] p1a: Skarmory
|faint|p1a: Skarmory
|-damage|p2a: Scizor|61/100|[from] item: Life Orb
|
|upkeep
|
|t:|1705660114
|switch|p1a: Landorus|Landorus-Therian, M|100/100
|-damage|p1a: Landorus|88/100|[from] Stealth Rock
|-ability|p1a: Landorus|Intimidate|boost
|-unboost|p2a: Scizor|atk|1
|turn|5
|
|t:|1705660120
|switch|p2a: Garchomp|Garchomp, F, shiny|31/100
|move|p1a: Landorus|U-turn|p2a: Garchomp
|-damage|p2a: Garchomp|7/100
|-damage|p1a: Landorus|76/100|[from] ability: Rough Skin|[of] p2a: Garchomp
|
|t:|1705660127
|switch|p1a: Ferrothorn|Ferrothorn, M|100/100|[from] U-turn
|-damage|p1a: Ferrothorn|94/100|[from] Stealth Rock
|
|upkeep
|turn|6
|
|t:|1705660129
|switch|p1a: Landorus|Landorus-Therian, M|76/100
|-damage|p1a: Landorus|63/100|[from] Stealth Rock
|-ability|p1a: Landorus|Intimidate|boost
|-unboost|p2a: Garchomp|atk|1
|move|p2a: Garchomp|Earthquake|p1a: Landorus
|-immune|p1a: Landorus
|
|upkeep
|turn|7
|
|t:|1705660131
|move|p1a: Landorus|U-turn|p2a: Garchomp
|-damage|p2a: Garchomp|0 fnt
|-damage|p1a: Landorus|51/100|[from] ability: Rough Skin|[of] p2a: Garchomp
|faint|p2a: Garchomp
|
|t:|1705660139
|switch|p1a: Rotom|Rotom-Wash|100/100|[from] U-turn
|-damage|p1a: Rotom|88/100|[from] Stealth Rock
|
|-heal|p1a: Rotom|94/100|[from] item: Leftovers
|upkeep
|
|t:|1705660141
|switch|p2a: Breloom|Breloom, F, shiny|100/100
|turn|8
|
|t:|1705660145
|switch|p1a: Ferrothorn|Ferrothorn, M|94/100
|-damage|p1a: Ferrothorn|88/100|[from] Stealth Rock
|move|p2a: Breloom|Swords Dance|p2a: Breloom
|-boost|p2a: Breloom|atk|2
|
|upkeep
|turn|9
|
|t:|1705660148
|move|p2a: Breloom|Low Sweep|p1a: Ferrothorn
|-supereffective|p1a: Ferrothorn
|-damage|p1a: Ferrothorn|0 fnt
|-damage|p2a: Breloom|88/100|[from] ability: Iron Barbs|[of] p1a: Ferrothorn
|faint|p1a: Ferrothorn
|
|upkeep
|
|t:|1705660155
|switch|p1a: Landorus|Landorus-Therian, M|51/100
|-damage|p1a: Landorus|38/100|[from] Stealth Rock
|-ability|p1a: Landorus|Intimidate|boost
|-unboost|p2a: Breloom|atk|1
|turn|10
|
|t:|1705660175
|switch|p2a: Scizor|Scizor, M, shiny|61/100
|move|p1a: Landorus|Hidden Power|p2a: Scizor
|-resisted|p2a: Scizor
|-damage|p2a: Scizor|49/100
|
|upkeep
|turn|11
|
|t:|1705660198
|switch|p1a: Rotom|Rotom-Wash|94/100
|-damage|p1a: Rotom|82/100|[from] Stealth Rock
|move|p2a: Scizor|Swords Dance|p2a: Scizor
|-boost|p2a: Scizor|atk|2
|
|-heal|p1a: Rotom|88/100|[from] item: Leftovers
|upkeep
|turn|12
|
|t:|1705660199
|move|p2a: Scizor|Superpower|p1a: Rotom
|-damage|p1a: Rotom|0 fnt
|-unboost|p2a: Scizor|atk|1
|-unboost|p2a: Scizor|def|1
|faint|p1a: Rotom
|-damage|p2a: Scizor|39/100|[from] item: Life Orb
|
|upkeep
|
|t:|1705660203
|switch|p1a: Landorus|Landorus-Therian, M|38/100
|-damage|p1a: Landorus|26/100|[from] Stealth Rock
|-ability|p1a: Landorus|Intimidate|boost
|-unboost|p2a: Scizor|atk|1
|turn|13
|
|t:|1705660205
|move|p2a: Scizor|Bullet Punch|p1a: Landorus
|-damage|p1a: Landorus|0 fnt
|faint|p1a: Landorus
|-damage|p2a: Scizor|29/100|[from] item: Life Orb
|
|upkeep
|
|t:|1705660210
|switch|p1a: Hydreigon|Hydreigon, M|100/100
|-damage|p1a: Hydreigon|88/100|[from] Stealth Rock
|turn|14
|
|t:|1705660213
|switch|p2a: Dragonite|Dragonite, M, shiny|100/100
|move|p1a: Hydreigon|Fire Blast|p2a: Dragonite|[miss]
|-miss|p1a: Hydreigon|p2a: Dragonite
|
|upkeep
|turn|15
|
|t:|1705660217
|switch|p1a: Tyranitar|Tyranitar, F|100/100
|-damage|p1a: Tyranitar|88/100|[from] Stealth Rock
|-weather|Sandstorm|[from] ability: Sand Stream|[of] p1a: Tyranitar
|move|p2a: Dragonite|Dragon Dance|p2a: Dragonite
|-boost|p2a: Dragonite|atk|1
|-boost|p2a: Dragonite|spe|1
|
|-weather|Sandstorm|[upkeep]
|-damage|p2a: Dragonite|94/100|[from] Sandstorm
|upkeep
|turn|16
|
|t:|1705660219
|move|p2a: Dragonite|Outrage|p1a: Tyranitar
|-damage|p1a: Tyranitar|9/100
|move|p1a: Tyranitar|Stone Edge|p2a: Dragonite
|-supereffective|p2a: Dragonite
|-damage|p2a: Dragonite|0 fnt
|faint|p2a: Dragonite
|
|-weather|Sandstorm|[upkeep]
|upkeep
|c|☆helloworld29388|cb tar????
|
|t:|1705660231
|switch|p2a: Scizor|Scizor, M, shiny|29/100
|turn|17
|c|☆SK8HEAD|yuh hes goated
|c|☆helloworld29388|BRUH RESPECT
|c|☆helloworld29388|THAT SETS GOATED
|c|☆SK8HEAD|i have awful mu vs u
|c|☆helloworld29388|yea
|c|☆helloworld29388|its unfort
|inactive|SK8HEAD has 120 seconds left.
|c|☆SK8HEAD|but hes the goat
|c|☆helloworld29388|i just have hella priority
|c|☆helloworld29388|i think cb tars amazing
|c|☆SK8HEAD|ye me 2
|c|☆helloworld29388|i have like 2 cb tar teams
|c|☆SK8HEAD|pursuits toed for 60
|c|☆helloworld29388|you have discord?
|inactive|SK8HEAD has 90 seconds left.
|c|☆SK8HEAD|nah im busy lately
|c|☆SK8HEAD|u can add me on here tho
|c|☆helloworld29388|word
|inactive|SK8HEAD has 60 seconds left.
|c|☆helloworld29388|do you know a guy name skouley
|c|☆helloworld29388|lab ho
|c|☆SK8HEAD|whats ur main called
|c|☆helloworld29388|idk
|c|☆SK8HEAD|YEAH
|c|☆helloworld29388|i dont have a main
|c|☆SK8HEAD|LAB HO
|c|☆helloworld29388|yo word
|c|☆SK8HEAD|u him bro?
|c|☆helloworld29388|nah
|inactive|SK8HEAD has 30 seconds left.
|inactive|SK8HEAD has 20 seconds left.
|inactive|SK8HEAD has 15 seconds left.
|c|☆SK8HEAD|ah ye but he chill asf
|inactive|SK8HEAD has 10 seconds left.
|c|☆helloworld29388|word
|inactiveoff|Battle timer is now OFF.
|c|☆SK8HEAD|i got sum ojama ho variations from him
|c|☆helloworld29388|tryna drop the paste for them?
|c|☆helloworld29388|ojama the goat
|c|☆SK8HEAD|dont got em rn
|c|☆helloworld29388|word
|c|☆SK8HEAD|this an alt
|c|☆helloworld29388|whats your main
|c|☆SK8HEAD|only got 5 mid teams of mine
|c|☆SK8HEAD|usually go by ekstacy
|c|☆SK8HEAD|or helpurself
|c|☆helloworld29388|yea that guys cool asf
|c|☆SK8HEAD|what ur main dawg
|c|☆helloworld29388|i have non bra
|c|☆SK8HEAD|alt names?
|c|☆helloworld29388|uh
|c|☆helloworld29388|helloworld29
|c|☆SK8HEAD|gotta have seen u on ladder smtimes
|c|☆helloworld29388|helloworld29 is my only account
|c|☆helloworld29388|other than this
|c|☆SK8HEAD|got u
|c|☆SK8HEAD|wanna reup?
|c|☆SK8HEAD|diff team
|c|☆helloworld29388|maybe
|c|☆helloworld29388|after this sure
|c|☆SK8HEAD|ayt
|
|t:|1705660564
|move|p2a: Scizor|Bullet Punch|p1a: Tyranitar
|-supereffective|p1a: Tyranitar
|-damage|p1a: Tyranitar|0 fnt
|faint|p1a: Tyranitar
|-damage|p2a: Scizor|19/100|[from] item: Life Orb
|
|-weather|Sandstorm|[upkeep]
|upkeep
|
|t:|1705660566
|switch|p1a: Hydreigon|Hydreigon, M|88/100
|-damage|p1a: Hydreigon|76/100|[from] Stealth Rock
|turn|18
|
|t:|1705660569
|switch|p2a: Starmie|Starmie, shiny|100/100
|-item|p2a: Starmie|Air Balloon
|move|p1a: Hydreigon|Fire Blast|p2a: Starmie
|-resisted|p2a: Starmie
|-damage|p2a: Starmie|55/100
|-enditem|p2a: Starmie|Air Balloon
|
|-weather|Sandstorm|[upkeep]
|-damage|p2a: Starmie|49/100|[from] Sandstorm
|-damage|p1a: Hydreigon|70/100|[from] Sandstorm
|upkeep
|turn|19
|
|t:|1705660571
|move|p2a: Starmie|Ice Beam|p1a: Hydreigon
|-supereffective|p1a: Hydreigon
|-damage|p1a: Hydreigon|3/100
|move|p1a: Hydreigon|Fire Blast|p2a: Starmie|[miss]
|-miss|p1a: Hydreigon|p2a: Starmie
|
|-weather|Sandstorm|[upkeep]
|-damage|p2a: Starmie|43/100|[from] Sandstorm
|-damage|p1a: Hydreigon|0 fnt|[from] Sandstorm
|faint|p1a: Hydreigon
|
|win|helloworld29388
|upkeep
|raw|SK8HEAD's rating: 1327 &rarr; <strong>1309</strong><br />(-18 for losing)
|raw|helloworld29388's rating: 1359 &rarr; <strong>1377</strong><br />(+18 for winning)
