|j|☆karakalla_95
|j|☆av2336
|t:|1716571749
|gametype|singles
|player|p1|karakalla_95|266|1327
|player|p2|av2336|pokemaniac-gen3rs|1494
|teamsize|p1|6
|teamsize|p2|6
|gen|5
|tier|[Gen 5] OU
|rated|
|rule|Species Clause: Limit one of each Pokémon
|rule|OHKO Clause: OHKO moves are banned
|rule|Moody Clause: Moody is banned
|rule|Evasion Items Clause: Evasion items are banned
|rule|Evasion Moves Clause: Evasion moves are banned
|rule|Endless Battle Clause: Forcing endless battles is banned
|rule|HP Percentage Mod: HP is shown in percentages
|rule|Evasion Abilities Clause: Evasion abilities are banned
|rule|Sleep Moves Clause: Sleep-inducing moves are banned
|rule|Swagger Clause: Swagger is banned
|rule|Baton Pass Stat Clause: No Baton Passer may have a way to boost its stats
|clearpoke
|poke|p1|Salamence, M|item
|poke|p1|Dragonite, M|item
|poke|p1|Garchomp, F|item
|poke|p1|Magnezone|item
|poke|p1|Latios, M|item
|poke|p1|Metagross|item
|poke|p2|Omastar, M|item
|poke|p2|Latios, M|item
|poke|p2|Jirachi|item
|poke|p2|Dugtrio, F|item
|poke|p2|Gyarados, F|item
|poke|p2|Conkeldurr, M|item
|teampreview
|inactive|Battle timer is ON: inactive players will automatically lose when time's up. (requested by av2336)
|
|t:|1716571770
|start
|switch|p1a: Metagross|Metagross|100/100
|switch|p2a: Dugtrio|Dugtrio, F|100/100
|turn|1
|
|t:|1716571783
|move|p2a: Dugtrio|Earthquake|p1a: Metagross
|-supereffective|p1a: Metagross
|-damage|p1a: Metagross|44/100
|move|p1a: Metagross|Meteor Mash|p2a: Dugtrio|[miss]
|-miss|p1a: Metagross|p2a: Dugtrio
|
|upkeep
|turn|2
|j| CertamenMeum
|
|t:|1716571793
|move|p1a: Metagross|Bullet Punch|p2a: Dugtrio
|-damage|p2a: Dugtrio|31/100
|move|p2a: Dugtrio|Stealth Rock|p1a: Metagross
|-sidestart|p1: karakalla_95|move: Stealth Rock
|
|upkeep
|turn|3
|
|t:|1716571800
|move|p1a: Metagross|Bullet Punch|p2a: Dugtrio
|-damage|p2a: Dugtrio|0 fnt
|faint|p2a: Dugtrio
|
|upkeep
|
|t:|1716571808
|switch|p2a: Gyarados|Gyarados, F|100/100
|-ability|p2a: Gyarados|Intimidate|boost
|-fail|p1a: Metagross|unboost|[from] ability: Clear Body|[of] p1a: Metagross
|turn|4
|
|t:|1716571815
|move|p2a: Gyarados|Substitute|p2a: Gyarados
|-start|p2a: Gyarados|Substitute
|-damage|p2a: Gyarados|76/100
|move|p1a: Metagross|Explosion|p2a: Gyarados
|-end|p2a: Gyarados|Substitute
|faint|p1a: Metagross
|
|-heal|p2a: Gyarados|82/100|[from] item: Leftovers
|upkeep
|
|t:|1716571828
|switch|p1a: Magnezone|Magnezone|100/100
|-damage|p1a: Magnezone|94/100|[from] Stealth Rock
|turn|5
|
|t:|1716571849
|switch|p2a: Latios|Latios, M|100/100
|move|p1a: Magnezone|Volt Switch|p2a: Latios
|-resisted|p2a: Latios
|-damage|p2a: Latios|81/100
|
|t:|1716571864
|switch|p1a: Dragonite|Dragonite, M|100/100|[from] Volt Switch
|-damage|p1a: Dragonite|76/100|[from] Stealth Rock
|
|upkeep
|turn|6
|
|t:|1716571872
|move|p2a: Latios|Draco Meteor|p1a: Dragonite
|-supereffective|p1a: Dragonite
|-damage|p1a: Dragonite|0 fnt
|-unboost|p2a: Latios|spa|2
|faint|p1a: Dragonite
|
|upkeep
|
|t:|1716571886
|switch|p1a: Latios|Latios, M|100/100
|-damage|p1a: Latios|88/100|[from] Stealth Rock
|turn|7
|
|t:|1716571890
|switch|p2a: Jirachi|Jirachi|100/100
|move|p1a: Latios|Draco Meteor|p2a: Jirachi|[miss]
|-miss|p1a: Latios|p2a: Jirachi
|
|upkeep
|turn|8
|
|t:|1716571900
|move|p2a: Jirachi|U-turn|p1a: Latios
|-supereffective|p1a: Latios
|-damage|p1a: Latios|37/100
|
|t:|1716571918
|switch|p2a: Latios|Latios, M|81/100|[from] U-turn
|move|p1a: Latios|Draco Meteor|p2a: Latios
|-supereffective|p2a: Latios
|-damage|p2a: Latios|0 fnt
|-unboost|p1a: Latios|spa|2
|faint|p2a: Latios
|
|upkeep
|
|t:|1716571931
|switch|p2a: Conkeldurr|Conkeldurr, M|100/100
|turn|9
|
|t:|1716571935
|move|p1a: Latios|Draco Meteor|p2a: Conkeldurr|[miss]
|-miss|p1a: Latios|p2a: Conkeldurr
|move|p2a: Conkeldurr|Bulk Up|p2a: Conkeldurr
|-boost|p2a: Conkeldurr|atk|1
|-boost|p2a: Conkeldurr|def|1
|
|upkeep
|turn|10
|
|t:|1716571941
|move|p1a: Latios|Draco Meteor|p2a: Conkeldurr
|-damage|p2a: Conkeldurr|57/100
|-unboost|p1a: Latios|spa|2
|move|p2a: Conkeldurr|Bulk Up|p2a: Conkeldurr
|-boost|p2a: Conkeldurr|atk|1
|-boost|p2a: Conkeldurr|def|1
|
|-heal|p2a: Conkeldurr|63/100|[from] item: Leftovers
|upkeep
|turn|11
|
|t:|1716571960
|switch|p1a: Salamence|Salamence, M|100/100
|-damage|p1a: Salamence|76/100|[from] Stealth Rock
|move|p2a: Conkeldurr|Drain Punch|p1a: Salamence
|-resisted|p1a: Salamence
|-damage|p1a: Salamence|31/100
|-heal|p2a: Conkeldurr|81/100|[from] drain|[of] p1a: Salamence
|
|-heal|p2a: Conkeldurr|87/100|[from] item: Leftovers
|upkeep
|turn|12
|
|t:|1716571970
|move|p1a: Salamence|Outrage|p2a: Conkeldurr
|-damage|p2a: Conkeldurr|61/100
|move|p2a: Conkeldurr|Drain Punch|p1a: Salamence
|-resisted|p1a: Salamence
|-damage|p1a: Salamence|0 fnt
|-heal|p2a: Conkeldurr|73/100|[from] drain|[of] p1a: Salamence
|faint|p1a: Salamence
|
|-heal|p2a: Conkeldurr|79/100|[from] item: Leftovers
|upkeep
|
|t:|1716571985
|switch|p1a: Latios|Latios, M|37/100
|-damage|p1a: Latios|25/100|[from] Stealth Rock
|turn|13
|
|t:|1716571990
|switch|p2a: Jirachi|Jirachi|100/100
|move|p1a: Latios|Draco Meteor|p2a: Jirachi
|-resisted|p2a: Jirachi
|-damage|p2a: Jirachi|53/100
|-unboost|p1a: Latios|spa|2
|
|upkeep
|turn|14
|
|t:|1716571998
|move|p2a: Jirachi|U-turn|p1a: Latios
|-supereffective|p1a: Latios
|-damage|p1a: Latios|0 fnt
|faint|p1a: Latios
|
|t:|1716572006
|switch|p2a: Gyarados|Gyarados, F|82/100|[from] U-turn
|
|-heal|p2a: Gyarados|88/100|[from] item: Leftovers
|upkeep
|
|t:|1716572014
|switch|p1a: Magnezone|Magnezone|94/100
|-damage|p1a: Magnezone|88/100|[from] Stealth Rock
|turn|15
|
|t:|1716572031
|move|p1a: Magnezone|Thunderbolt|p2a: Gyarados
|-supereffective|p2a: Gyarados
|-damage|p2a: Gyarados|0 fnt
|faint|p2a: Gyarados
|
|upkeep
|
|t:|1716572036
|switch|p2a: Conkeldurr|Conkeldurr, M|79/100
|turn|16
|
|t:|1716572043
|move|p1a: Magnezone|Thunderbolt|p2a: Conkeldurr
|-damage|p2a: Conkeldurr|39/100
|move|p2a: Conkeldurr|Drain Punch|p1a: Magnezone
|-supereffective|p1a: Magnezone
|-crit|p1a: Magnezone
|-damage|p1a: Magnezone|0 fnt
|-heal|p2a: Conkeldurr|69/100|[from] drain|[of] p1a: Magnezone
|faint|p1a: Magnezone
|
|-heal|p2a: Conkeldurr|75/100|[from] item: Leftovers
|upkeep
|
|t:|1716572054
|switch|p1a: Garchomp|Garchomp, F|100/100
|-damage|p1a: Garchomp|94/100|[from] Stealth Rock
|turn|17
|
|t:|1716572060
|move|p1a: Garchomp|Earthquake|p2a: Conkeldurr
|-crit|p2a: Conkeldurr
|-damage|p2a: Conkeldurr|0 fnt
|faint|p2a: Conkeldurr
|
|upkeep
|
|t:|1716572071
|switch|p2a: Omastar|Omastar, M|100/100
|turn|18
|
|t:|1716572075
|move|p1a: Garchomp|Earthquake|p2a: Omastar
|-supereffective|p2a: Omastar
|-damage|p2a: Omastar|0 fnt
|faint|p2a: Omastar
|
|upkeep
|
|t:|1716572078
|switch|p2a: Jirachi|Jirachi|53/100
|turn|19
|
|t:|1716572082
|move|p1a: Garchomp|Earthquake|p2a: Jirachi
|-supereffective|p2a: Jirachi
|-damage|p2a: Jirachi|0 fnt
|faint|p2a: Jirachi
|
|win|karakalla_95
|raw|karakalla_95's rating: 1327 &rarr; <strong>1356</strong><br />(+29 for winning)
|raw|av2336's rating: 1494 &rarr; <strong>1465</strong><br />(-29 for losing)
