|j|☆ismokeherb
|j|☆TheRareCandyDealer
|player|p1|ismokeherb|200|1349
|player|p2|TheRareCandyDealer|dragontamer|1409
|teamsize|p1|6
|teamsize|p2|6
|gametype|singles
|gen|5
|tier|[Gen 5] OU
|rated|
|clearpoke
|poke|p1|Politoed, F|item
|poke|p1|Jirachi|item
|poke|p1|Jolteon, M|item
|poke|p1|Ferrothorn, F|item
|poke|p1|Tentacruel, M|item
|poke|p1|Dragonite, F|item
|poke|p2|Tornadus, M|item
|poke|p2|Cloyster, F|item
|poke|p2|Ferrothorn, M|item
|poke|p2|Dragonite, F|item
|poke|p2|Starmie|item
|poke|p2|Keldeo-Resolute|item
|rule|Species Clause: Limit one of each Pokémon
|rule|OHKO Clause: OHKO moves are banned
|rule|Moody Clause: Moody is banned
|rule|Evasion Moves Clause: Evasion moves are banned
|rule|Endless Battle Clause: Forcing endless battles is banned
|rule|HP Percentage Mod: HP is shown in percentages
|rule|Evasion Abilities Clause: Evasion abilities are banned
|rule|Baton Pass Clause: Limit one Baton Passer, can't pass Spe and other stats simultaneously
|rule|Sleep Clause: Sleep-inducing moves are banned
|rule|Swagger Clause: Swagger is banned
|teampreview
|
|start
|switch|p1a: Uh OH! Stinky|Politoed, F|100/100
|switch|p2a: Beyblade|Starmie|100/100
|-weather|RainDance|[from] ability: Drizzle|[of] p1a: Uh OH! Stinky
|turn|1
|
|switch|p1a: A Wall|Ferrothorn, F|100/100
|move|p2a: Beyblade|Thunderbolt|p1a: A Wall
|-resisted|p1a: A Wall
|-damage|p1a: A Wall|88/100
|
|-weather|RainDance|[upkeep]
|upkeep
|turn|2
|
|switch|p2a: Touch Me|Ferrothorn, M|100/100
|move|p1a: A Wall|Power Whip|p2a: Touch Me
|-resisted|p2a: Touch Me
|-damage|p2a: Touch Me|94/100
|-damage|p1a: A Wall|76/100|[from] ability: Iron Barbs|[of] p2a: Touch Me
|
|-weather|RainDance|[upkeep]
|-heal|p2a: Touch Me|99/100|[from] item: Leftovers
|upkeep
|turn|3
|
|move|p1a: A Wall|Stealth Rock|p2a: Touch Me
|-sidestart|p2: TheRareCandyDealer|move: Stealth Rock
|move|p2a: Touch Me|Thunder Wave|p1a: A Wall
|-status|p1a: A Wall|par
|
|-weather|RainDance|[upkeep]
|-heal|p2a: Touch Me|100/100|[from] item: Leftovers
|upkeep
|turn|4
|
|move|p2a: Touch Me|Stealth Rock|p1a: A Wall
|-sidestart|p1: ismokeherb|move: Stealth Rock
|cant|p1a: A Wall|par
|
|-weather|RainDance|[upkeep]
|upkeep
|turn|5
|
|move|p2a: Touch Me|Spikes|p1a: A Wall
|-sidestart|p1: ismokeherb|Spikes
|move|p1a: A Wall|Spikes|p2a: Touch Me
|-sidestart|p2: TheRareCandyDealer|Spikes
|
|-weather|RainDance|[upkeep]
|upkeep
|turn|6
|
|switch|p2a: Beyblade|Starmie|100/100
|-damage|p2a: Beyblade|88/100|[from] Spikes
|-damage|p2a: Beyblade|76/100|[from] Stealth Rock
|switch|p1a: Poop Dealer|Tentacruel, M, shiny|100/100
|-damage|p1a: Poop Dealer|88/100|[from] Stealth Rock
|-damage|p1a: Poop Dealer|76/100|[from] Spikes
|
|-weather|RainDance|[upkeep]
|-heal|p1a: Poop Dealer|82/100|[from] ability: Rain Dish
|-heal|p2a: Beyblade|82/100|[from] item: Leftovers
|-heal|p1a: Poop Dealer|88/100|[from] item: Black Sludge
|upkeep
|turn|7
|
|switch|p1a: Electric Pivot|Jolteon, M|100/100
|-damage|p1a: Electric Pivot|88/100|[from] Stealth Rock
|-damage|p1a: Electric Pivot|76/100|[from] Spikes
|move|p2a: Beyblade|Rapid Spin|p1a: Electric Pivot
|-damage|p1a: Electric Pivot|70/100
|-sideend|p2: TheRareCandyDealer|Spikes|[from] move: Rapid Spin|[of] p2a: Beyblade
|-sideend|p2: TheRareCandyDealer|Stealth Rock|[from] move: Rapid Spin|[of] p2a: Beyblade
|
|-weather|RainDance|[upkeep]
|-heal|p2a: Beyblade|88/100|[from] item: Leftovers
|upkeep
|turn|8
|
|switch|p2a: Touch Me|Ferrothorn, M|100/100
|move|p1a: Electric Pivot|Thunder|p2a: Touch Me
|-resisted|p2a: Touch Me
|-damage|p2a: Touch Me|70/100
|
|-weather|RainDance|[upkeep]
|-heal|p2a: Touch Me|77/100|[from] item: Leftovers
|upkeep
|turn|9
|
|switch|p1a: Poop Dealer|Tentacruel, M, shiny|88/100
|-damage|p1a: Poop Dealer|76/100|[from] Spikes
|-damage|p1a: Poop Dealer|63/100|[from] Stealth Rock
|move|p2a: Touch Me|Spikes|p1a: Poop Dealer
|-sidestart|p1: ismokeherb|Spikes
|
|-weather|RainDance|[upkeep]
|-heal|p1a: Poop Dealer|69/100|[from] ability: Rain Dish
|-heal|p1a: Poop Dealer|75/100|[from] item: Black Sludge
|-heal|p2a: Touch Me|83/100|[from] item: Leftovers
|upkeep
|turn|10
|
|move|p1a: Poop Dealer|Rapid Spin|p2a: Touch Me
|-resisted|p2a: Touch Me
|-damage|p2a: Touch Me|82/100
|-damage|p1a: Poop Dealer|63/100|[from] ability: Iron Barbs|[of] p2a: Touch Me
|-sideend|p1: ismokeherb|Spikes|[from] move: Rapid Spin|[of] p1a: Poop Dealer
|-sideend|p1: ismokeherb|Stealth Rock|[from] move: Rapid Spin|[of] p1a: Poop Dealer
|move|p2a: Touch Me|Thunder Wave|p1a: Poop Dealer
|-status|p1a: Poop Dealer|par
|
|-weather|RainDance|[upkeep]
|-heal|p1a: Poop Dealer|69/100 par|[from] ability: Rain Dish
|-heal|p1a: Poop Dealer|75/100 par|[from] item: Black Sludge
|-heal|p2a: Touch Me|88/100|[from] item: Leftovers
|upkeep
|turn|11
|
|switch|p1a: Electric Pivot|Jolteon, M|70/100
|move|p2a: Touch Me|Stealth Rock|p1a: Electric Pivot
|-sidestart|p1: ismokeherb|move: Stealth Rock
|
|-weather|RainDance|[upkeep]
|-heal|p2a: Touch Me|95/100|[from] item: Leftovers
|upkeep
|turn|12
|
|move|p1a: Electric Pivot|Hidden Power|p2a: Touch Me
|-damage|p2a: Touch Me|72/100
|move|p2a: Touch Me|Spikes|p1a: Electric Pivot
|-sidestart|p1: ismokeherb|Spikes
|
|-weather|RainDance|[upkeep]
|-heal|p2a: Touch Me|78/100|[from] item: Leftovers
|upkeep
|turn|13
|
|switch|p2a: Polish the Pearl|Cloyster, F|100/100
|move|p1a: Electric Pivot|Hidden Power|p2a: Polish the Pearl
|-resisted|p2a: Polish the Pearl
|-damage|p2a: Polish the Pearl|77/100
|
|-weather|RainDance|[upkeep]
|upkeep
|turn|14
|
|switch|p1a: 60%|Jirachi|100/100
|-damage|p1a: 60%|94/100|[from] Stealth Rock
|-damage|p1a: 60%|82/100|[from] Spikes
|move|p2a: Polish the Pearl|Shell Smash|p2a: Polish the Pearl
|-unboost|p2a: Polish the Pearl|def|1
|-unboost|p2a: Polish the Pearl|spd|1
|-boost|p2a: Polish the Pearl|atk|2
|-boost|p2a: Polish the Pearl|spa|2
|-boost|p2a: Polish the Pearl|spe|2
|
|-weather|RainDance|[upkeep]
|upkeep
|turn|15
|
|move|p2a: Polish the Pearl|Hydro Pump|p1a: 60%
|-damage|p1a: 60%|0 fnt
|-damage|p2a: Polish the Pearl|67/100|[from] item: Life Orb
|faint|p1a: 60%
|
|-weather|RainDance|[upkeep]
|upkeep
|-message|ismokeherb forfeited.
|
|win|TheRareCandyDealer
|l|☆ismokeherb
|raw|ismokeherb's rating: 1332 &rarr; <strong>1316</strong><br />(-16 for losing)
|raw|TheRareCandyDealer's rating: 1409 &rarr; <strong>1424</strong><br />(+15 for winning)
