|j|☆1994hfll2018
|j|☆InterMilano
|player|p1|1994hfll2018|cyrus|1338
|player|p2|InterMilano|2|1408
|teamsize|p1|6
|teamsize|p2|6
|gametype|singles
|gen|5
|tier|[Gen 5] OU
|rated|
|clearpoke
|poke|p1|Politoed, M|item
|poke|p1|Ferrothorn, M|item
|poke|p1|Gastrodon, M|item
|poke|p1|Tentacruel, M|item
|poke|p1|Hydreigon, M|item
|poke|p1|Starmie|item
|poke|p2|Tyranitar, M|item
|poke|p2|Landorus-Therian, M|item
|poke|p2|Garchomp, M|item
|poke|p2|Rotom-Wash|item
|poke|p2|Jirachi|item
|poke|p2|Keldeo|item
|rule|Species Clause: Limit one of each Pokémon
|rule|OHKO Clause: OHKO moves are banned
|rule|Moody Clause: Moody is banned
|rule|Evasion Moves Clause: Evasion moves are banned
|rule|Endless Battle Clause: Forcing endless battles is banned
|rule|HP Percentage Mod: HP is shown in percentages
|rule|Evasion Abilities Clause: Evasion abilities are banned
|rule|Baton Pass Clause: Limit one Baton Passer, can't pass Spe and other stats simultaneously
|rule|Sleep Clause: Sleep-inducing moves are banned
|rule|Swagger Clause: Swagger is banned
|teampreview
|
|start
|switch|p1a: Politoed|Politoed, M|100/100
|switch|p2a: Jirachi|Jirachi|100/100
|-weather|RainDance|[from] ability: Drizzle|[of] p1a: Politoed
|turn|1
|inactive|Battle timer is ON: inactive players will automatically lose when time's up. (requested by 1994hfll2018)
|
|switch|p2a: Rotom|Rotom-Wash|100/100
|move|p1a: Politoed|Surf|p2a: Rotom
|-resisted|p2a: Rotom
|-damage|p2a: Rotom|73/100
|
|-weather|RainDance|[upkeep]
|-heal|p2a: Rotom|79/100|[from] item: Leftovers
|upkeep
|turn|2
|
|switch|p1a: Gastrodon|Gastrodon, M|100/100
|move|p2a: Rotom|Volt Switch|p1a: Gastrodon
|-immune|p1a: Gastrodon
|
|-weather|RainDance|[upkeep]
|-heal|p2a: Rotom|85/100|[from] item: Leftovers
|upkeep
|turn|3
|j| Dr. Dildeaux
|
|move|p2a: Rotom|Will-O-Wisp|p1a: Gastrodon
|-status|p1a: Gastrodon|brn
|move|p1a: Gastrodon|Toxic|p2a: Rotom
|-status|p2a: Rotom|tox
|
|-weather|RainDance|[upkeep]
|-heal|p2a: Rotom|91/100 tox|[from] item: Leftovers
|-damage|p2a: Rotom|85/100 tox|[from] psn
|-damage|p1a: Gastrodon|88/100 brn|[from] brn
|upkeep
|turn|4
|
|switch|p2a: Jirachi|Jirachi|100/100
|move|p1a: Gastrodon|Scald|p2a: Jirachi
|-damage|p2a: Jirachi|62/100
|
|-weather|RainDance|[upkeep]
|-heal|p2a: Jirachi|68/100|[from] item: Leftovers
|-heal|p1a: Gastrodon|94/100 brn|[from] item: Leftovers
|-damage|p1a: Gastrodon|82/100 brn|[from] brn
|upkeep
|turn|5
|inactive|1994hfll2018 has 120 seconds left.
|
|move|p2a: Jirachi|Grass Knot|p1a: Gastrodon
|-supereffective|p1a: Gastrodon
|-damage|p1a: Gastrodon|19/100 brn
|move|p1a: Gastrodon|Earth Power|p2a: Jirachi
|-supereffective|p2a: Jirachi
|-damage|p2a: Jirachi|13/100
|
|-weather|RainDance|[upkeep]
|-heal|p2a: Jirachi|19/100|[from] item: Leftovers
|-heal|p1a: Gastrodon|25/100 brn|[from] item: Leftovers
|-damage|p1a: Gastrodon|13/100 brn|[from] brn
|upkeep
|turn|6
|inactive|1994hfll2018 has 120 seconds left.
|inactive|InterMilano has 120 seconds left.
|j| Pukalud
|
|move|p2a: Jirachi|Grass Knot|p1a: Gastrodon
|-supereffective|p1a: Gastrodon
|-damage|p1a: Gastrodon|0 fnt
|faint|p1a: Gastrodon
|
|-weather|RainDance|[upkeep]
|-heal|p2a: Jirachi|25/100|[from] item: Leftovers
|upkeep
|
|switch|p1a: Hydreigon|Hydreigon, M|100/100
|turn|7
|j| TheKnicksMakeMeSad
|inactive|InterMilano has 120 seconds left.
|inactive|InterMilano has 90 seconds left.
|
|switch|p2a: Keldeo|Keldeo|100/100
|move|p1a: Hydreigon|Dark Pulse|p2a: Keldeo
|-resisted|p2a: Keldeo
|-damage|p2a: Keldeo|66/100
|-ability|p2a: Keldeo|Justified|boost
|-boost|p2a: Keldeo|atk|1
|-damage|p1a: Hydreigon|91/100|[from] item: Life Orb
|
|-weather|RainDance|[upkeep]
|upkeep
|turn|8
|inactive|1994hfll2018 has 120 seconds left.
|inactive|InterMilano has 90 seconds left.
|inactive|InterMilano has 60 seconds left.
|
|switch|p1a: Tentacruel|Tentacruel, M|100/100
|move|p2a: Keldeo|Secret Sword|p1a: Tentacruel
|-enditem|p2a: Keldeo|Fighting Gem|[from] gem
|-resisted|p1a: Tentacruel
|-damage|p1a: Tentacruel|56/100
|
|-weather|RainDance|[upkeep]
|-heal|p1a: Tentacruel|62/100|[from] ability: Rain Dish
|-heal|p1a: Tentacruel|68/100|[from] item: Black Sludge
|upkeep
|turn|9
|inactive|InterMilano has 60 seconds left.
|
|switch|p2a: Jirachi|Jirachi|25/100
|move|p1a: Tentacruel|Knock Off|p2a: Jirachi
|-damage|p2a: Jirachi|22/100
|-enditem|p2a: Jirachi|Leftovers|[from] move: Knock Off|[of] p1a: Tentacruel
|
|-weather|RainDance|[upkeep]
|-heal|p1a: Tentacruel|74/100|[from] ability: Rain Dish
|-heal|p1a: Tentacruel|80/100|[from] item: Black Sludge
|upkeep
|turn|10
|inactive|InterMilano has 60 seconds left.
|
|move|p2a: Jirachi|Psychic|p1a: Tentacruel
|-supereffective|p1a: Tentacruel
|-damage|p1a: Tentacruel|26/100
|-unboost|p1a: Tentacruel|spd|1
|move|p1a: Tentacruel|Scald|p2a: Jirachi
|-damage|p2a: Jirachi|0 fnt
|faint|p2a: Jirachi
|
|-weather|RainDance|[upkeep]
|-heal|p1a: Tentacruel|32/100|[from] ability: Rain Dish
|-heal|p1a: Tentacruel|38/100|[from] item: Black Sludge
|upkeep
|inactive|InterMilano has 30 seconds left.
|inactive|InterMilano has 20 seconds left.
|
|switch|p2a: Tyranitar|Tyranitar, M|100/100
|-weather|Sandstorm|[from] ability: Sand Stream|[of] p2a: Tyranitar
|turn|11
|inactive|InterMilano has 30 seconds left this turn.
|inactive|1994hfll2018 has 120 seconds left.
|
|switch|p1a: Ferrothorn|Ferrothorn, M|100/100
|move|p2a: Tyranitar|Crunch|p1a: Ferrothorn
|-resisted|p1a: Ferrothorn
|-damage|p1a: Ferrothorn|88/100
|-damage|p2a: Tyranitar|88/100|[from] ability: Iron Barbs|[of] p1a: Ferrothorn
|-damage|p2a: Tyranitar|72/100|[from] item: Rocky Helmet|[of] p1a: Ferrothorn
|
|-weather|Sandstorm|[upkeep]
|upkeep
|turn|12
|
|switch|p2a: Keldeo|Keldeo|66/100
|move|p1a: Ferrothorn|Stealth Rock|p2a: Keldeo
|-sidestart|p2: InterMilano|move: Stealth Rock
|
|-weather|Sandstorm|[upkeep]
|-damage|p2a: Keldeo|60/100|[from] Sandstorm
|upkeep
|turn|13
|inactive|1994hfll2018 has 120 seconds left.
|
|move|p2a: Keldeo|Secret Sword|p1a: Ferrothorn
|-supereffective|p1a: Ferrothorn
|-damage|p1a: Ferrothorn|37/100
|move|p1a: Ferrothorn|Power Whip|p2a: Keldeo
|-supereffective|p2a: Keldeo
|-damage|p2a: Keldeo|0 fnt
|faint|p2a: Keldeo
|
|-weather|Sandstorm|[upkeep]
|upkeep
|
|switch|p2a: Tyranitar|Tyranitar, M|72/100
|-damage|p2a: Tyranitar|59/100|[from] Stealth Rock
|turn|14
|inactive|1994hfll2018 has 90 seconds left.
|
|move|p2a: Tyranitar|Superpower|p1a: Ferrothorn
|-supereffective|p1a: Ferrothorn
|-damage|p1a: Ferrothorn|0 fnt
|-unboost|p2a: Tyranitar|atk|1
|-unboost|p2a: Tyranitar|def|1
|-damage|p2a: Tyranitar|47/100|[from] ability: Iron Barbs|[of] p1a: Ferrothorn
|-damage|p2a: Tyranitar|31/100|[from] item: Rocky Helmet|[of] p1a: Ferrothorn
|faint|p1a: Ferrothorn
|
|-weather|Sandstorm|[upkeep]
|upkeep
|
|switch|p1a: Politoed|Politoed, M|100/100
|-weather|RainDance|[from] ability: Drizzle|[of] p1a: Politoed
|turn|15
|
|switch|p2a: Rotom|Rotom-Wash|85/100 tox
|-damage|p2a: Rotom|73/100 tox|[from] Stealth Rock
|move|p1a: Politoed|Surf|p2a: Rotom
|-resisted|p2a: Rotom
|-damage|p2a: Rotom|47/100 tox
|
|-weather|RainDance|[upkeep]
|-heal|p2a: Rotom|53/100 tox|[from] item: Leftovers
|-damage|p2a: Rotom|47/100 tox|[from] psn
|upkeep
|turn|16
|
|switch|p1a: Hydreigon|Hydreigon, M|91/100
|move|p2a: Rotom|Volt Switch|p1a: Hydreigon
|-resisted|p1a: Hydreigon
|-damage|p1a: Hydreigon|75/100
|
|switch|p2a: Tyranitar|Tyranitar, M|31/100|[from]move: Volt Switch
|-damage|p2a: Tyranitar|18/100|[from] Stealth Rock
|-weather|Sandstorm|[from] ability: Sand Stream|[of] p2a: Tyranitar
|
|-weather|Sandstorm|[upkeep]
|-damage|p1a: Hydreigon|69/100|[from] Sandstorm
|upkeep
|turn|17
|inactive|1994hfll2018 has 60 seconds left.
|inactive|1994hfll2018 has 30 seconds left.
|c| TheKnicksMakeMeSad|That amphibious team is kinda dope ngl
|inactive|1994hfll2018 has 20 seconds left.
|inactive|1994hfll2018 has 15 seconds left.
|
|switch|p1a: Tentacruel|Tentacruel, M|38/100
|move|p2a: Tyranitar|Superpower|p1a: Tentacruel
|-resisted|p1a: Tentacruel
|-damage|p1a: Tentacruel|11/100
|-unboost|p2a: Tyranitar|atk|1
|-unboost|p2a: Tyranitar|def|1
|
|-weather|Sandstorm|[upkeep]
|-damage|p1a: Tentacruel|5/100|[from] Sandstorm
|-heal|p1a: Tentacruel|11/100|[from] item: Black Sludge
|upkeep
|turn|18
|inactive|1994hfll2018 has 25 seconds left this turn.
|inactive|1994hfll2018 has 20 seconds left.
|c|☆InterMilano|No mine is doper
|inactive|1994hfll2018 has 15 seconds left.
|c| TheKnicksMakeMeSad|Sand but can do in water
|inactive|1994hfll2018 has 10 seconds left.
|inactive|1994hfll2018 has 5 seconds left.
|c| TheKnicksMakeMeSad|I was talking to you bb
|
|move|p2a: Tyranitar|Superpower|p1a: Tentacruel
|-resisted|p1a: Tentacruel
|-damage|p1a: Tentacruel|0 fnt
|-unboost|p2a: Tyranitar|atk|1
|-unboost|p2a: Tyranitar|def|1
|faint|p1a: Tentacruel
|
|-weather|Sandstorm|[upkeep]
|upkeep
|inactive|1994hfll2018 has 10 seconds left this turn.
|inactive|1994hfll2018 has 5 seconds left.
|
|switch|p1a: Starmie|Starmie|100/100
|turn|19
|inactive|1994hfll2018 has 15 seconds left this turn.
|c|☆InterMilano|Oh sorry ?
|c| TheKnicksMakeMeSad|Other guy has more of my fav mons but from a design perspective your team is objectively doper
|inactive|InterMilano has 30 seconds left.
|inactive|InterMilano has 20 seconds left.
|inactive|InterMilano has 15 seconds left.
|inactive|InterMilano has 10 seconds left.
|
|switch|p2a: Rotom|Rotom-Wash|47/100 tox
|-damage|p2a: Rotom|35/100 tox|[from] Stealth Rock
|move|p1a: Starmie|Surf|p2a: Rotom
|-resisted|p2a: Rotom
|-damage|p2a: Rotom|16/100 tox
|
|-weather|Sandstorm|[upkeep]
|-damage|p1a: Starmie|94/100|[from] Sandstorm
|-damage|p2a: Rotom|10/100 tox|[from] Sandstorm
|-heal|p2a: Rotom|16/100 tox|[from] item: Leftovers
|-damage|p2a: Rotom|10/100 tox|[from] psn
|upkeep
|turn|20
|inactive|1994hfll2018 has 25 seconds left this turn.
|inactive|InterMilano has 20 seconds left this turn.
|inactive|1994hfll2018 has 20 seconds left.
|inactive|InterMilano has 15 seconds left.
|inactive|1994hfll2018 has 15 seconds left.
|
|move|p1a: Starmie|Surf|p2a: Rotom
|-resisted|p2a: Rotom
|-damage|p2a: Rotom|0 fnt
|faint|p2a: Rotom
|
|-weather|Sandstorm|[upkeep]
|-damage|p1a: Starmie|88/100|[from] Sandstorm
|upkeep
|inactive|1994hfll2018 has 20 seconds left this turn.
|inactive|InterMilano has 20 seconds left this turn.
|
|switch|p2a: Tyranitar|Tyranitar, M|18/100
|-damage|p2a: Tyranitar|6/100|[from] Stealth Rock
|turn|21
|inactive|1994hfll2018 has 30 seconds left this turn.
|inactive|InterMilano has 30 seconds left this turn.
|c| TheKnicksMakeMeSad|Yall turn the timer off you're making me sweat
|inactive|1994hfll2018 has 20 seconds left.
|
|move|p2a: Tyranitar|Crunch|p1a: Starmie
|-supereffective|p1a: Starmie
|-damage|p1a: Starmie|0 fnt
|faint|p1a: Starmie
|
|-weather|Sandstorm|[upkeep]
|upkeep
|inactive|1994hfll2018 has 25 seconds left this turn.
|inactive|1994hfll2018 has 20 seconds left.
|
|switch|p1a: Politoed|Politoed, M|100/100
|-weather|RainDance|[from] ability: Drizzle|[of] p1a: Politoed
|turn|22
|inactive|1994hfll2018 has 30 seconds left this turn.
|c| TheKnicksMakeMeSad|I wanna hook yall up to a mf ekg
|inactive|1994hfll2018 has 20 seconds left.
|inactive|1994hfll2018 has 15 seconds left.
|inactive|1994hfll2018 has 10 seconds left.
|inactive|1994hfll2018 has 5 seconds left.
|
|switch|p1a: Hydreigon|Hydreigon, M|69/100
|move|p2a: Tyranitar|Crunch|p1a: Hydreigon
|-resisted|p1a: Hydreigon
|-damage|p1a: Hydreigon|46/100
|
|-weather|RainDance|[upkeep]
|upkeep
|turn|23
|inactive|1994hfll2018 has 15 seconds left this turn.
|inactive|1994hfll2018 has 10 seconds left.
|
|move|p2a: Tyranitar|Crunch|p1a: Hydreigon
|-resisted|p1a: Hydreigon
|-damage|p1a: Hydreigon|21/100
|move|p1a: Hydreigon|Dark Pulse|p2a: Tyranitar
|-resisted|p2a: Tyranitar
|-damage|p2a: Tyranitar|0 fnt
|-damage|p1a: Hydreigon|11/100|[from] item: Life Orb
|faint|p2a: Tyranitar
|
|-weather|RainDance|[upkeep]
|upkeep
|inactive|1994hfll2018 has 15 seconds left this turn.
|inactive|InterMilano has 30 seconds left.
|inactive|InterMilano has 20 seconds left.
|
|switch|p2a: Garchomp|Garchomp, M|100/100
|-damage|p2a: Garchomp|94/100|[from] Stealth Rock
|turn|24
|inactive|1994hfll2018 has 25 seconds left this turn.
|inactive|InterMilano has 30 seconds left this turn.
|inactive|1994hfll2018 has 20 seconds left.
|
|move|p2a: Garchomp|Outrage|p1a: Hydreigon
|-supereffective|p1a: Hydreigon
|-damage|p1a: Hydreigon|0 fnt
|faint|p1a: Hydreigon
|
|-weather|RainDance|[upkeep]
|upkeep
|inactive|1994hfll2018 has 25 seconds left this turn.
|inactive|1994hfll2018 has 20 seconds left.
|
|switch|p1a: Politoed|Politoed, M|100/100
|turn|25
|inactive|1994hfll2018 has 30 seconds left this turn.
|
|move|p1a: Politoed|Ice Beam|p2a: Garchomp
|-supereffective|p2a: Garchomp
|-enditem|p2a: Garchomp|Yache Berry|[eat]
|-enditem|p2a: Garchomp|Yache Berry|[weaken]
|-damage|p2a: Garchomp|28/100
|move|p2a: Garchomp|Outrage|p1a: Politoed|[from]lockedmove
|-damage|p1a: Politoed|3/100
|-start|p2a: Garchomp|confusion|[fatigue]
|
|-weather|RainDance|[upkeep]
|upkeep
|turn|26
|
|move|p1a: Politoed|Ice Beam|p2a: Garchomp
|-supereffective|p2a: Garchomp
|-damage|p2a: Garchomp|0 fnt
|faint|p2a: Garchomp
|
|-weather|RainDance|[upkeep]
|upkeep
|
|switch|p2a: Landorus|Landorus-Therian, M|100/100
|-damage|p2a: Landorus|88/100|[from] Stealth Rock
|-ability|p2a: Landorus|Intimidate|boost
|-unboost|p1a: Politoed|atk|1
|turn|27
|
|move|p1a: Politoed|Ice Beam|p2a: Landorus
|-supereffective|p2a: Landorus
|-damage|p2a: Landorus|0 fnt
|faint|p2a: Landorus
|
|win|1994hfll2018
|c|☆InterMilano|Gg
|c| TheKnicksMakeMeSad|Omg
|c| Dr. Dildeaux|close match
|raw|1994hfll2018's rating: 1338 &rarr; <strong>1362</strong><br />(+24 for winning)
|raw|InterMilano's rating: 1409 &rarr; <strong>1385</strong><br />(-24 for losing)
|c| Dr. Dildeaux|that thing scarfed?
|c|☆1994hfll2018|yes
|c|☆InterMilano|Which thing
|c| Dr. Dildeaux|toed
|c| Dr. Dildeaux|that explains it
|l|☆InterMilano
|c| TheKnicksMakeMeSad|Better love story than twighlight
