|j|☆pahvi
|j|☆nidiedi
|t:|1724506946
|gametype|singles
|player|p1|pahvi|cyclistf-gen4|1308
|player|p2|nidiedi|169|1487
|teamsize|p1|6
|teamsize|p2|6
|gen|5
|tier|[Gen 5] OU
|rated|
|rule|Species Clause: Limit one of each Pokémon
|rule|OHKO Clause: OHKO moves are banned
|rule|Moody Clause: Moody is banned
|rule|Evasion Items Clause: Evasion items are banned
|rule|Evasion Moves Clause: Evasion moves are banned
|rule|Endless Battle Clause: Forcing endless battles is banned
|rule|HP Percentage Mod: HP is shown in percentages
|rule|Evasion Abilities Clause: Evasion abilities are banned
|rule|Sleep Moves Clause: Sleep-inducing moves are banned
|rule|Swagger Clause: Swagger is banned
|rule|Baton Pass Stat Clause: No Baton Passer may have a way to boost its stats
|clearpoke
|poke|p1|Ninetales, F|item
|poke|p1|Victini|item
|poke|p1|Darmanitan, M|item
|poke|p1|Volcarona, M|item
|poke|p1|Xatu, M|item
|poke|p1|Gliscor, M|item
|poke|p2|Heatran, F|item
|poke|p2|Latios, M|item
|poke|p2|Breloom, M|item
|poke|p2|Landorus-Therian, M|item
|poke|p2|Excadrill, M|item
|poke|p2|Ninetales, M|item
|teampreview
|inactive|Battle timer is ON: inactive players will automatically lose when time's up. (requested by nidiedi)
|inactive|nidiedi has 120 seconds left.
|
|t:|1724506982
|start
|switch|p1a: Gliscor|Gliscor, M|100/100
|switch|p2a: Landorus|Landorus-Therian, M|100/100
|-ability|p2a: Landorus|Intimidate|boost
|-unboost|p1a: Gliscor|atk|1
|turn|1
|
|t:|1724506987
|move|p2a: Landorus|U-turn|p1a: Gliscor
|-resisted|p1a: Gliscor
|-damage|p1a: Gliscor|91/100
|
|t:|1724507011
|switch|p2a: Breloom|Breloom, M|100/100|[from] U-turn
|move|p1a: Gliscor|Stealth Rock|p2a: Breloom
|-sidestart|p2: nidiedi|move: Stealth Rock
|
|-status|p1a: Gliscor|tox|[from] item: Toxic Orb
|-status|p2a: Breloom|tox|[from] item: Toxic Orb
|upkeep
|turn|2
|
|t:|1724507025
|switch|p1a: Xatu|Xatu, M|100/100
|move|p2a: Breloom|Drain Punch|p1a: Xatu
|-resisted|p1a: Xatu
|-damage|p1a: Xatu|92/100
|-damage|p2a: Breloom|84/100 tox|[from] item: Rocky Helmet|[of] p1a: Xatu
|
|-heal|p2a: Breloom|96/100 tox|[from] ability: Poison Heal
|upkeep
|turn|3
|
|t:|1724507034
|move|p1a: Xatu|U-turn|p2a: Breloom
|-crit|p2a: Breloom
|-damage|p2a: Breloom|66/100 tox
|
|t:|1724507036
|switch|p1a: Ninetales|Ninetales, F|100/100|[from] U-turn
|-weather|SunnyDay|[from] ability: Drought|[of] p1a: Ninetales
|move|p2a: Breloom|Bulk Up|p2a: Breloom
|-boost|p2a: Breloom|atk|1
|-boost|p2a: Breloom|def|1
|
|-weather|SunnyDay|[upkeep]
|-heal|p2a: Breloom|79/100 tox|[from] ability: Poison Heal
|upkeep
|turn|4
|
|t:|1724507043
|move|p2a: Breloom|Protect|p2a: Breloom
|-singleturn|p2a: Breloom|Protect
|move|p1a: Ninetales|Flamethrower|p2a: Breloom
|-activate|p2a: Breloom|move: Protect
|
|-weather|SunnyDay|[upkeep]
|-heal|p2a: Breloom|91/100 tox|[from] ability: Poison Heal
|upkeep
|turn|5
|
|t:|1724507055
|switch|p1a: Victini|Victini|100/100
|switch|p2a: Heatran|Heatran, F|100/100
|-damage|p2a: Heatran|88/100|[from] Stealth Rock
|-item|p2a: Heatran|Air Balloon
|
|-weather|SunnyDay|[upkeep]
|upkeep
|turn|6
|
|t:|1724507063
|switch|p2a: Landorus|Landorus-Therian, M|100/100
|-damage|p2a: Landorus|88/100|[from] Stealth Rock
|-ability|p2a: Landorus|Intimidate|boost
|-unboost|p1a: Victini|atk|1
|move|p1a: Victini|U-turn|p2a: Landorus
|-resisted|p2a: Landorus
|-damage|p2a: Landorus|77/100
|
|t:|1724507071
|switch|p1a: Darmanitan|Darmanitan, M|100/100|[from] U-turn
|
|-weather|SunnyDay|[upkeep]
|upkeep
|turn|7
|
|t:|1724507094
|move|p1a: Darmanitan|U-turn|p2a: Landorus
|-resisted|p2a: Landorus
|-damage|p2a: Landorus|64/100
|
|t:|1724507095
|switch|p1a: Xatu|Xatu, M|92/100|[from] U-turn
|move|p2a: Landorus|Earthquake|p1a: Xatu
|-immune|p1a: Xatu
|
|-weather|SunnyDay|[upkeep]
|upkeep
|turn|8
|
|t:|1724507103
|switch|p2a: Excadrill|Excadrill, M|100/100
|-damage|p2a: Excadrill|97/100|[from] Stealth Rock
|-ability|p2a: Excadrill|Mold Breaker
|move|p1a: Xatu|U-turn|p2a: Excadrill
|-resisted|p2a: Excadrill
|-damage|p2a: Excadrill|89/100
|
|t:|1724507108
|switch|p1a: Darmanitan|Darmanitan, M|100/100|[from] U-turn
|
|-weather|SunnyDay|[upkeep]
|-heal|p2a: Excadrill|95/100|[from] item: Leftovers
|upkeep
|turn|9
|
|t:|1724507118
|move|p2a: Excadrill|Protect|p2a: Excadrill
|-singleturn|p2a: Excadrill|Protect
|move|p1a: Darmanitan|U-turn|p2a: Excadrill
|-activate|p2a: Excadrill|move: Protect
|
|-weather|SunnyDay|[upkeep]
|-heal|p2a: Excadrill|100/100|[from] item: Leftovers
|upkeep
|turn|10
|
|t:|1724507129
|switch|p1a: Gliscor|Gliscor, M|91/100 tox
|move|p2a: Excadrill|Stealth Rock|p1a: Gliscor
|-sidestart|p1: pahvi|move: Stealth Rock
|
|-weather|SunnyDay|[upkeep]
|-heal|p1a: Gliscor|100/100 tox|[from] ability: Poison Heal
|upkeep
|turn|11
|-message|pahvi forfeited.
|
|win|nidiedi
|raw|pahvi's rating: 1308 &rarr; <strong>1297</strong><br />(-11 for losing)
|raw|nidiedi's rating: 1487 &rarr; <strong>1498</strong><br />(+11 for winning)
|l|☆pahvi
|player|p1|
