|j|☆porrompompom
|j|☆kobepayne
|player|p1|porrompompom|101|1636
|player|p2|kobepayne|dahlia|1569
|teamsize|p1|6
|teamsize|p2|6
|gametype|singles
|gen|5
|tier|[Gen 5] OU
|rated|
|clearpoke
|poke|p1|Ninetales, F|item
|poke|p1|Heatran, F|item
|poke|p1|Cresselia, F|item
|poke|p1|Forretress, M|item
|poke|p1|Quagsire, M|item
|poke|p1|Chansey, F|item
|poke|p2|Tyranitar, F|item
|poke|p2|Garchomp, M|item
|poke|p2|Rotom-Wash|item
|poke|p2|Landorus-Therian, M|item
|poke|p2|Ferrothorn, F|item
|poke|p2|Alakazam, M|item
|rule|Species Clause: Limit one of each Pokémon
|rule|OHKO Clause: OHKO moves are banned
|rule|Moody Clause: Moody is banned
|rule|Evasion Moves Clause: Evasion moves are banned
|rule|Endless Battle Clause: Forcing endless battles is banned
|rule|HP Percentage Mod: HP is shown in percentages
|rule|Evasion Abilities Clause: Evasion abilities are banned
|rule|Baton Pass Clause: Limit one Baton Passer, can't pass Spe and other stats simultaneously
|rule|Sleep Clause: Sleep-inducing moves are banned
|rule|Swagger Clause: Swagger is banned
|teampreview
|inactive|Battle timer is ON: inactive players will automatically lose when time's up. (requested by kobepayne)
|
|start
|switch|p1a: Forretress|Forretress, M|100/100
|switch|p2a: Garchomp|Garchomp, M|100/100
|turn|1
|
|switch|p1a: Cresselia|Cresselia, F|100/100
|move|p2a: Garchomp|Fire Blast|p1a: Cresselia|[miss]
|-miss|p2a: Garchomp|p1a: Cresselia
|
|upkeep
|turn|2
|j| swewr
|inactive|kobepayne has 120 seconds left.
|
|switch|p2a: Rotom|Rotom-Wash|100/100
|switch|p1a: Chansey|Chansey, F|100/100
|
|upkeep
|turn|3
|
|move|p2a: Rotom|Volt Switch|p1a: Chansey
|-damage|p1a: Chansey|93/100
|
|switch|p2a: Tyranitar|Tyranitar, F|100/100|[from]move: Volt Switch
|-weather|Sandstorm|[from] ability: Sand Stream|[of] p2a: Tyranitar
|move|p1a: Chansey|Stealth Rock|p2a: Tyranitar
|-sidestart|p2: kobepayne|move: Stealth Rock
|
|-weather|Sandstorm|[upkeep]
|-damage|p1a: Chansey|86/100|[from] Sandstorm
|upkeep
|turn|4
|
|switch|p1a: Forretress|Forretress, M|100/100
|move|p2a: Tyranitar|Crunch|p1a: Forretress
|-resisted|p1a: Forretress
|-damage|p1a: Forretress|89/100
|
|-weather|Sandstorm|[upkeep]
|-heal|p1a: Forretress|95/100|[from] item: Leftovers
|upkeep
|turn|5
|
|switch|p2a: Garchomp|Garchomp, M|100/100
|-damage|p2a: Garchomp|94/100|[from] Stealth Rock
|switch|p1a: Ninetales|Ninetales, F|100/100
|-weather|SunnyDay|[from] ability: Drought|[of] p1a: Ninetales
|
|-weather|SunnyDay|[upkeep]
|upkeep
|turn|6
|
|switch|p1a: Cresselia|Cresselia, F|100/100
|move|p2a: Garchomp|Earthquake|p1a: Cresselia
|-immune|p1a: Cresselia|[from] ability: Levitate
|
|-weather|SunnyDay|[upkeep]
|upkeep
|turn|7
|
|switch|p2a: Tyranitar|Tyranitar, F|100/100
|-damage|p2a: Tyranitar|88/100|[from] Stealth Rock
|-weather|Sandstorm|[from] ability: Sand Stream|[of] p2a: Tyranitar
|switch|p1a: Chansey|Chansey, F|86/100
|
|-weather|Sandstorm|[upkeep]
|-damage|p1a: Chansey|80/100|[from] Sandstorm
|upkeep
|turn|8
|inactive|kobepayne has 120 seconds left.
|
|switch|p2a: Garchomp|Garchomp, M|94/100
|-damage|p2a: Garchomp|88/100|[from] Stealth Rock
|move|p1a: Chansey|Soft-Boiled|p1a: Chansey
|-heal|p1a: Chansey|100/100
|
|-weather|Sandstorm|[upkeep]
|-damage|p1a: Chansey|94/100|[from] Sandstorm
|upkeep
|turn|9
|
|switch|p1a: Cresselia|Cresselia, F|100/100
|move|p2a: Garchomp|Stealth Rock|p1a: Cresselia
|-sidestart|p1: porrompompom|move: Stealth Rock
|
|-weather|Sandstorm|[upkeep]
|-damage|p1a: Cresselia|94/100|[from] Sandstorm
|-heal|p1a: Cresselia|100/100|[from] item: Leftovers
|upkeep
|turn|10
|
|switch|p2a: Alakazam|Alakazam, M|100/100
|move|p1a: Cresselia|Psychic|p2a: Alakazam
|-resisted|p2a: Alakazam
|-crit|p2a: Alakazam
|-damage|p2a: Alakazam|61/100
|
|-weather|Sandstorm|[upkeep]
|-damage|p1a: Cresselia|94/100|[from] Sandstorm
|-heal|p1a: Cresselia|100/100|[from] item: Leftovers
|upkeep
|turn|11
|
|switch|p2a: Ferrothorn|Ferrothorn, F|100/100
|-damage|p2a: Ferrothorn|94/100|[from] Stealth Rock
|switch|p1a: Chansey|Chansey, F|94/100
|-damage|p1a: Chansey|82/100|[from] Stealth Rock
|
|-weather|Sandstorm|[upkeep]
|-damage|p1a: Chansey|76/100|[from] Sandstorm
|-heal|p2a: Ferrothorn|100/100|[from] item: Leftovers
|upkeep
|turn|12
|
|switch|p1a: Forretress|Forretress, M|95/100
|-damage|p1a: Forretress|83/100|[from] Stealth Rock
|move|p2a: Ferrothorn|Knock Off|p1a: Forretress
|-resisted|p1a: Forretress
|-damage|p1a: Forretress|82/100
|-enditem|p1a: Forretress|Leftovers|[from] move: Knock Off|[of] p2a: Ferrothorn
|
|-weather|Sandstorm|[upkeep]
|upkeep
|turn|13
|
|switch|p2a: Garchomp|Garchomp, M|88/100
|-damage|p2a: Garchomp|82/100|[from] Stealth Rock
|move|p1a: Forretress|Rapid Spin|p2a: Garchomp
|-damage|p2a: Garchomp|79/100
|-damage|p1a: Forretress|69/100|[from] ability: Rough Skin|[of] p2a: Garchomp
|-sideend|p1: porrompompom|Stealth Rock|[from] move: Rapid Spin|[of] p1a: Forretress
|
|-weather|Sandstorm|[upkeep]
|upkeep
|turn|14
|
|switch|p1a: Cresselia|Cresselia, F|100/100
|move|p2a: Garchomp|Stealth Rock|p1a: Cresselia
|-sidestart|p1: porrompompom|move: Stealth Rock
|
|-weather|Sandstorm|[upkeep]
|-damage|p1a: Cresselia|94/100|[from] Sandstorm
|-heal|p1a: Cresselia|100/100|[from] item: Leftovers
|upkeep
|turn|15
|
|switch|p2a: Ferrothorn|Ferrothorn, F|100/100
|-damage|p2a: Ferrothorn|94/100|[from] Stealth Rock
|move|p1a: Cresselia|Psychic|p2a: Ferrothorn
|-resisted|p2a: Ferrothorn
|-damage|p2a: Ferrothorn|86/100
|
|-weather|Sandstorm|[upkeep]
|-damage|p1a: Cresselia|94/100|[from] Sandstorm
|-heal|p1a: Cresselia|100/100|[from] item: Leftovers
|-heal|p2a: Ferrothorn|92/100|[from] item: Leftovers
|upkeep
|turn|16
|
|switch|p1a: Forretress|Forretress, M|69/100
|-damage|p1a: Forretress|57/100|[from] Stealth Rock
|move|p2a: Ferrothorn|Thunder Wave|p1a: Forretress
|-status|p1a: Forretress|par
|
|-weather|Sandstorm|[upkeep]
|-heal|p2a: Ferrothorn|98/100|[from] item: Leftovers
|upkeep
|turn|17
|
|switch|p2a: Garchomp|Garchomp, M|79/100
|-damage|p2a: Garchomp|72/100|[from] Stealth Rock
|cant|p1a: Forretress|par
|
|-weather|Sandstorm|[upkeep]
|upkeep
|turn|18
|
|switch|p1a: Cresselia|Cresselia, F|100/100
|-damage|p1a: Cresselia|88/100|[from] Stealth Rock
|move|p2a: Garchomp|Fire Blast|p1a: Cresselia
|-damage|p1a: Cresselia|64/100
|-damage|p2a: Garchomp|63/100|[from] item: Life Orb
|
|-weather|Sandstorm|[upkeep]
|-damage|p1a: Cresselia|58/100|[from] Sandstorm
|-heal|p1a: Cresselia|64/100|[from] item: Leftovers
|upkeep
|turn|19
|
|move|p2a: Garchomp|Draco Meteor|p1a: Cresselia
|-damage|p1a: Cresselia|23/100
|-unboost|p2a: Garchomp|spa|2
|-damage|p2a: Garchomp|53/100|[from] item: Life Orb
|move|p1a: Cresselia|Moonlight|p1a: Cresselia
|-heal|p1a: Cresselia|48/100
|
|-weather|Sandstorm|[upkeep]
|-damage|p1a: Cresselia|42/100|[from] Sandstorm
|-heal|p1a: Cresselia|48/100|[from] item: Leftovers
|upkeep
|turn|20
|
|switch|p2a: Tyranitar|Tyranitar, F|88/100
|-damage|p2a: Tyranitar|76/100|[from] Stealth Rock
|move|p1a: Cresselia|Moonlight|p1a: Cresselia
|-heal|p1a: Cresselia|73/100
|
|-weather|Sandstorm|[upkeep]
|-damage|p1a: Cresselia|67/100|[from] Sandstorm
|-heal|p1a: Cresselia|73/100|[from] item: Leftovers
|upkeep
|turn|21
|
|move|p1a: Cresselia|Reflect|p1a: Cresselia
|-sidestart|p1: porrompompom|Reflect
|move|p2a: Tyranitar|Crunch|p1a: Cresselia
|-supereffective|p1a: Cresselia
|-damage|p1a: Cresselia|54/100
|
|-weather|Sandstorm|[upkeep]
|-damage|p1a: Cresselia|48/100|[from] Sandstorm
|-heal|p1a: Cresselia|54/100|[from] item: Leftovers
|upkeep
|turn|22
|
|switch|p1a: Quagsire|Quagsire, M|100/100
|-damage|p1a: Quagsire|94/100|[from] Stealth Rock
|move|p2a: Tyranitar|Crunch|p1a: Quagsire
|-damage|p1a: Quagsire|80/100
|-damage|p2a: Tyranitar|59/100|[from] item: Rocky Helmet|[of] p1a: Quagsire
|
|-weather|Sandstorm|[upkeep]
|upkeep
|turn|23
|
|switch|p2a: Rotom|Rotom-Wash|100/100
|-damage|p2a: Rotom|88/100|[from] Stealth Rock
|switch|p1a: Ninetales|Ninetales, F|100/100
|-damage|p1a: Ninetales|76/100|[from] Stealth Rock
|-weather|SunnyDay|[from] ability: Drought|[of] p1a: Ninetales
|
|-weather|SunnyDay|[upkeep]
|-heal|p1a: Ninetales|82/100|[from] item: Leftovers
|-heal|p2a: Rotom|94/100|[from] item: Leftovers
|upkeep
|turn|24
|
|move|p1a: Ninetales|Protect|p1a: Ninetales
|-singleturn|p1a: Ninetales|Protect
|move|p2a: Rotom|Volt Switch|p1a: Ninetales
|-activate|p1a: Ninetales|move: Protect
|
|-weather|SunnyDay|[upkeep]
|-heal|p1a: Ninetales|88/100|[from] item: Leftovers
|-heal|p2a: Rotom|99/100|[from] item: Leftovers
|upkeep
|turn|25
|
|switch|p1a: Quagsire|Quagsire, M|80/100
|-damage|p1a: Quagsire|74/100|[from] Stealth Rock
|switch|p2a: Alakazam|Alakazam, M|61/100
|
|-weather|SunnyDay|[upkeep]
|-sideend|p1: porrompompom|Reflect
|upkeep
|turn|26
|
|switch|p2a: Garchomp|Garchomp, M|53/100
|-damage|p2a: Garchomp|47/100|[from] Stealth Rock
|switch|p1a: Cresselia|Cresselia, F|54/100
|-damage|p1a: Cresselia|42/100|[from] Stealth Rock
|
|-weather|SunnyDay|[upkeep]
|-heal|p1a: Cresselia|48/100|[from] item: Leftovers
|upkeep
|turn|27
|
|move|p2a: Garchomp|Draco Meteor|p1a: Cresselia
|-damage|p1a: Cresselia|2/100
|-unboost|p2a: Garchomp|spa|2
|-damage|p2a: Garchomp|37/100|[from] item: Life Orb
|move|p1a: Cresselia|Moonlight|p1a: Cresselia
|-heal|p1a: Cresselia|69/100
|
|-weather|SunnyDay|[upkeep]
|-heal|p1a: Cresselia|75/100|[from] item: Leftovers
|upkeep
|turn|28
|
|switch|p2a: Tyranitar|Tyranitar, F|59/100
|-damage|p2a: Tyranitar|47/100|[from] Stealth Rock
|-weather|Sandstorm|[from] ability: Sand Stream|[of] p2a: Tyranitar
|move|p1a: Cresselia|Ice Beam|p2a: Tyranitar
|-damage|p2a: Tyranitar|38/100
|
|-weather|Sandstorm|[upkeep]
|-damage|p1a: Cresselia|69/100|[from] Sandstorm
|-heal|p1a: Cresselia|75/100|[from] item: Leftovers
|upkeep
|turn|29
|inactive|kobepayne has 120 seconds left.
|
|move|p1a: Cresselia|Reflect|p1a: Cresselia
|-sidestart|p1: porrompompom|Reflect
|move|p2a: Tyranitar|Crunch|p1a: Cresselia
|-supereffective|p1a: Cresselia
|-damage|p1a: Cresselia|54/100
|
|-weather|Sandstorm|[upkeep]
|-damage|p1a: Cresselia|48/100|[from] Sandstorm
|-heal|p1a: Cresselia|54/100|[from] item: Leftovers
|upkeep
|turn|30
|
|move|p1a: Cresselia|Moonlight|p1a: Cresselia
|-heal|p1a: Cresselia|80/100
|move|p2a: Tyranitar|Pursuit|p1a: Cresselia
|-supereffective|p1a: Cresselia
|-damage|p1a: Cresselia|69/100
|
|-weather|Sandstorm|[upkeep]
|-damage|p1a: Cresselia|63/100|[from] Sandstorm
|-heal|p1a: Cresselia|69/100|[from] item: Leftovers
|upkeep
|turn|31
|
|-activate|p1a: Cresselia|move: Pursuit
|move|p2a: Tyranitar|Pursuit|p1a: Cresselia|[from]Pursuit
|-supereffective|p1a: Cresselia
|-damage|p1a: Cresselia|48/100
|switch|p1a: Ninetales|Ninetales, F|88/100
|-damage|p1a: Ninetales|63/100|[from] Stealth Rock
|-weather|SunnyDay|[from] ability: Drought|[of] p1a: Ninetales
|
|-weather|SunnyDay|[upkeep]
|-heal|p1a: Ninetales|69/100|[from] item: Leftovers
|upkeep
|turn|32
|
|switch|p1a: Forretress|Forretress, M|57/100 par
|-damage|p1a: Forretress|44/100 par|[from] Stealth Rock
|switch|p2a: Garchomp|Garchomp, M|37/100
|-damage|p2a: Garchomp|31/100|[from] Stealth Rock
|
|-weather|SunnyDay|[upkeep]
|upkeep
|turn|33
|inactive|porrompompom has 120 seconds left.
|inactive|porrompompom has 90 seconds left.
|
|switch|p1a: Chansey|Chansey, F|76/100
|-damage|p1a: Chansey|63/100|[from] Stealth Rock
|move|p2a: Garchomp|Fire Blast|p1a: Chansey
|-damage|p1a: Chansey|47/100
|-damage|p2a: Garchomp|21/100|[from] item: Life Orb
|
|-weather|SunnyDay|[upkeep]
|-sideend|p1: porrompompom|Reflect
|upkeep
|turn|34
|
|move|p2a: Garchomp|Earthquake|p1a: Chansey
|-damage|p1a: Chansey|9/100
|-damage|p2a: Garchomp|11/100|[from] item: Life Orb
|move|p1a: Chansey|Soft-Boiled|p1a: Chansey
|-heal|p1a: Chansey|59/100
|
|-weather|SunnyDay|[upkeep]
|upkeep
|turn|35
|
|switch|p2a: Ferrothorn|Ferrothorn, F|98/100
|-damage|p2a: Ferrothorn|92/100|[from] Stealth Rock
|move|p1a: Chansey|Soft-Boiled|p1a: Chansey
|-heal|p1a: Chansey|100/100
|
|-weather|SunnyDay|[upkeep]
|-heal|p2a: Ferrothorn|98/100|[from] item: Leftovers
|upkeep
|turn|36
|
|switch|p1a: Forretress|Forretress, M|44/100 par
|-damage|p1a: Forretress|32/100 par|[from] Stealth Rock
|switch|p2a: Landorus|Landorus-Therian, M|100/100
|-damage|p2a: Landorus|88/100|[from] Stealth Rock
|-ability|p2a: Landorus|Intimidate|boost
|-unboost|p1a: Forretress|atk|1
|
|-weather|SunnyDay|[upkeep]
|upkeep
|turn|37
|
|move|p2a: Landorus|Stone Edge|p1a: Forretress
|-crit|p1a: Forretress
|-damage|p1a: Forretress|0 fnt
|faint|p1a: Forretress
|
|-weather|SunnyDay|[upkeep]
|upkeep
|c|☆porrompompom|bitch nooooo
|c|☆porrompompom|that was a fucking pain split
|inactive|porrompompom has 120 seconds left.
|
|switch|p1a: Cresselia|Cresselia, F|48/100
|-damage|p1a: Cresselia|36/100|[from] Stealth Rock
|turn|38
|inactive|kobepayne has 120 seconds left.
|
|switch|p2a: Tyranitar|Tyranitar, F|38/100
|-damage|p2a: Tyranitar|26/100|[from] Stealth Rock
|-weather|Sandstorm|[from] ability: Sand Stream|[of] p2a: Tyranitar
|move|p1a: Cresselia|Moonlight|p1a: Cresselia
|-heal|p1a: Cresselia|61/100
|
|-weather|Sandstorm|[upkeep]
|-damage|p1a: Cresselia|55/100|[from] Sandstorm
|-heal|p1a: Cresselia|61/100|[from] item: Leftovers
|upkeep
|turn|39
|
|switch|p1a: Quagsire|Quagsire, M|74/100
|-damage|p1a: Quagsire|68/100|[from] Stealth Rock
|move|p2a: Tyranitar|Crunch|p1a: Quagsire
|-damage|p1a: Quagsire|40/100
|-damage|p2a: Tyranitar|10/100|[from] item: Rocky Helmet|[of] p1a: Quagsire
|
|-weather|Sandstorm|[upkeep]
|upkeep
|turn|40
|
|move|p2a: Tyranitar|Ice Beam|p1a: Quagsire
|-damage|p1a: Quagsire|14/100
|move|p1a: Quagsire|Recover|p1a: Quagsire
|-heal|p1a: Quagsire|65/100
|
|-weather|Sandstorm|[upkeep]
|upkeep
|turn|41
|
|move|p2a: Tyranitar|Ice Beam|p1a: Quagsire
|-damage|p1a: Quagsire|39/100
|move|p1a: Quagsire|Recover|p1a: Quagsire
|-heal|p1a: Quagsire|90/100
|
|-weather|Sandstorm|[upkeep]
|upkeep
|turn|42
|
|move|p2a: Tyranitar|Ice Beam|p1a: Quagsire
|-damage|p1a: Quagsire|62/100
|move|p1a: Quagsire|Toxic|p2a: Tyranitar
|-status|p2a: Tyranitar|tox
|
|-weather|Sandstorm|[upkeep]
|-damage|p2a: Tyranitar|4/100 tox|[from] psn
|upkeep
|turn|43
|
|move|p2a: Tyranitar|Ice Beam|p1a: Quagsire
|-damage|p1a: Quagsire|34/100
|move|p1a: Quagsire|Recover|p1a: Quagsire
|-heal|p1a: Quagsire|84/100
|
|-weather|Sandstorm|[upkeep]
|-damage|p2a: Tyranitar|0 fnt|[from] psn
|faint|p2a: Tyranitar
|upkeep
|
|switch|p2a: Alakazam|Alakazam, M|61/100
|turn|44
|
|switch|p2a: Ferrothorn|Ferrothorn, F|98/100
|-damage|p2a: Ferrothorn|92/100|[from] Stealth Rock
|switch|p1a: Chansey|Chansey, F|100/100
|-damage|p1a: Chansey|88/100|[from] Stealth Rock
|
|-weather|Sandstorm|[upkeep]
|-damage|p1a: Chansey|82/100|[from] Sandstorm
|-heal|p2a: Ferrothorn|98/100|[from] item: Leftovers
|upkeep
|turn|45
|
|switch|p1a: Ninetales|Ninetales, F|69/100
|-damage|p1a: Ninetales|44/100|[from] Stealth Rock
|-weather|SunnyDay|[from] ability: Drought|[of] p1a: Ninetales
|move|p2a: Ferrothorn|Spikes|p1a: Ninetales
|-sidestart|p1: porrompompom|Spikes
|
|-weather|SunnyDay|[upkeep]
|-heal|p1a: Ninetales|50/100|[from] item: Leftovers
|-heal|p2a: Ferrothorn|100/100|[from] item: Leftovers
|upkeep
|turn|46
|
|switch|p2a: Rotom|Rotom-Wash|99/100
|-damage|p2a: Rotom|88/100|[from] Stealth Rock
|move|p1a: Ninetales|Overheat|p2a: Rotom
|-resisted|p2a: Rotom
|-damage|p2a: Rotom|63/100
|-unboost|p1a: Ninetales|spa|2
|
|-weather|SunnyDay|[upkeep]
|-heal|p1a: Ninetales|56/100|[from] item: Leftovers
|-heal|p2a: Rotom|69/100|[from] item: Leftovers
|upkeep
|turn|47
|
|move|p1a: Ninetales|Protect|p1a: Ninetales
|-singleturn|p1a: Ninetales|Protect
|move|p2a: Rotom|Hydro Pump|p1a: Ninetales
|-activate|p1a: Ninetales|move: Protect
|
|-weather|SunnyDay|[upkeep]
|-heal|p1a: Ninetales|62/100|[from] item: Leftovers
|-heal|p2a: Rotom|75/100|[from] item: Leftovers
|upkeep
|turn|48
|
|switch|p1a: Quagsire|Quagsire, M|84/100
|-damage|p1a: Quagsire|78/100|[from] Stealth Rock
|-damage|p1a: Quagsire|65/100|[from] Spikes
|switch|p2a: Ferrothorn|Ferrothorn, F|100/100
|-damage|p2a: Ferrothorn|94/100|[from] Stealth Rock
|
|-weather|SunnyDay|[upkeep]
|-heal|p2a: Ferrothorn|100/100|[from] item: Leftovers
|upkeep
|turn|49
|
|switch|p1a: Heatran|Heatran, F|100/100
|-damage|p1a: Heatran|88/100|[from] Spikes
|-damage|p1a: Heatran|76/100|[from] Stealth Rock
|move|p2a: Ferrothorn|Spikes|p1a: Heatran
|-sidestart|p1: porrompompom|Spikes
|
|-weather|SunnyDay|[upkeep]
|-heal|p1a: Heatran|82/100|[from] item: Leftovers
|upkeep
|turn|50
|
|switch|p2a: Rotom|Rotom-Wash|75/100
|-damage|p2a: Rotom|63/100|[from] Stealth Rock
|move|p1a: Heatran|Earth Power|p2a: Rotom
|-immune|p2a: Rotom|[from] ability: Levitate
|
|-weather|SunnyDay|[upkeep]
|-heal|p2a: Rotom|69/100|[from] item: Leftovers
|-heal|p1a: Heatran|88/100|[from] item: Leftovers
|upkeep
|turn|51
|
|move|p1a: Heatran|Protect|p1a: Heatran
|-singleturn|p1a: Heatran|Protect
|move|p2a: Rotom|Volt Switch|p1a: Heatran
|-activate|p1a: Heatran|move: Protect
|
|-weather|SunnyDay|[upkeep]
|-heal|p2a: Rotom|75/100|[from] item: Leftovers
|-heal|p1a: Heatran|94/100|[from] item: Leftovers
|upkeep
|turn|52
|
|move|p2a: Rotom|Volt Switch|p1a: Heatran
|-damage|p1a: Heatran|79/100
|
|switch|p2a: Garchomp|Garchomp, M|11/100|[from]move: Volt Switch
|-damage|p2a: Garchomp|5/100|[from] Stealth Rock
|move|p1a: Heatran|Toxic|p2a: Garchomp
|-status|p2a: Garchomp|tox
|
|-weather|SunnyDay|[upkeep]
|-heal|p1a: Heatran|85/100|[from] item: Leftovers
|-damage|p2a: Garchomp|0 fnt|[from] psn
|faint|p2a: Garchomp
|upkeep
|
|switch|p2a: Landorus|Landorus-Therian, M|88/100
|-damage|p2a: Landorus|76/100|[from] Stealth Rock
|-ability|p2a: Landorus|Intimidate|boost
|-unboost|p1a: Heatran|atk|1
|turn|53
|
|move|p1a: Heatran|Protect|p1a: Heatran
|-singleturn|p1a: Heatran|Protect
|move|p2a: Landorus|Earthquake|p1a: Heatran
|-activate|p1a: Heatran|move: Protect
|
|-weather|SunnyDay|[upkeep]
|-heal|p1a: Heatran|92/100|[from] item: Leftovers
|upkeep
|turn|54
|
|switch|p2a: Ferrothorn|Ferrothorn, F|100/100
|-damage|p2a: Ferrothorn|94/100|[from] Stealth Rock
|switch|p1a: Cresselia|Cresselia, F|61/100
|-damage|p1a: Cresselia|49/100|[from] Stealth Rock
|
|-weather|SunnyDay|[upkeep]
|-heal|p1a: Cresselia|55/100|[from] item: Leftovers
|-heal|p2a: Ferrothorn|100/100|[from] item: Leftovers
|upkeep
|turn|55
|
|move|p1a: Cresselia|Moonlight|p1a: Cresselia
|-heal|p1a: Cresselia|100/100
|move|p2a: Ferrothorn|Spikes|p1a: Cresselia
|-sidestart|p1: porrompompom|Spikes
|
|-weather|SunnyDay|[upkeep]
|upkeep
|turn|56
|
|switch|p1a: Ninetales|Ninetales, F|62/100
|-damage|p1a: Ninetales|37/100|[from] Stealth Rock
|-damage|p1a: Ninetales|12/100|[from] Spikes
|move|p2a: Ferrothorn|Knock Off|p1a: Ninetales
|-damage|p1a: Ninetales|7/100
|-enditem|p1a: Ninetales|Leftovers|[from] move: Knock Off|[of] p2a: Ferrothorn
|
|-weather|SunnyDay|[upkeep]
|upkeep
|turn|57
|
|switch|p2a: Rotom|Rotom-Wash|75/100
|-damage|p2a: Rotom|63/100|[from] Stealth Rock
|move|p1a: Ninetales|Overheat|p2a: Rotom
|-resisted|p2a: Rotom
|-damage|p2a: Rotom|40/100
|-unboost|p1a: Ninetales|spa|2
|
|-weather|SunnyDay|[upkeep]
|-heal|p2a: Rotom|46/100|[from] item: Leftovers
|upkeep
|turn|58
|
|move|p1a: Ninetales|Overheat|p2a: Rotom
|-resisted|p2a: Rotom
|-crit|p2a: Rotom
|-damage|p2a: Rotom|0 fnt
|-unboost|p1a: Ninetales|spa|2
|faint|p2a: Rotom
|
|-weather|SunnyDay|[upkeep]
|upkeep
|
|switch|p2a: Alakazam|Alakazam, M|61/100
|turn|59
|l| swewr
|
|move|p2a: Alakazam|Psychic|p1a: Ninetales
|-damage|p1a: Ninetales|0 fnt
|faint|p1a: Ninetales
|
|-weather|SunnyDay|[upkeep]
|upkeep
|
|switch|p1a: Chansey|Chansey, F|82/100
|-damage|p1a: Chansey|69/100|[from] Stealth Rock
|-damage|p1a: Chansey|44/100|[from] Spikes
|turn|60
|
|move|p2a: Alakazam|Psychic|p1a: Chansey
|-damage|p1a: Chansey|28/100
|move|p1a: Chansey|Soft-Boiled|p1a: Chansey
|-heal|p1a: Chansey|78/100
|
|-weather|SunnyDay|[upkeep]
|upkeep
|turn|61
|
|switch|p2a: Ferrothorn|Ferrothorn, F|100/100
|-damage|p2a: Ferrothorn|94/100|[from] Stealth Rock
|move|p1a: Chansey|Soft-Boiled|p1a: Chansey
|-heal|p1a: Chansey|100/100
|
|-weather|SunnyDay|[upkeep]
|-heal|p2a: Ferrothorn|100/100|[from] item: Leftovers
|upkeep
|turn|62
|
|switch|p1a: Quagsire|Quagsire, M|65/100
|-damage|p1a: Quagsire|59/100|[from] Stealth Rock
|-damage|p1a: Quagsire|34/100|[from] Spikes
|switch|p2a: Landorus|Landorus-Therian, M|76/100
|-damage|p2a: Landorus|63/100|[from] Stealth Rock
|-ability|p2a: Landorus|Intimidate|boost
|-unboost|p1a: Quagsire|atk|1
|
|-weather|SunnyDay|[upkeep]
|upkeep
|turn|63
|
|switch|p2a: Alakazam|Alakazam, M|61/100
|switch|p1a: Cresselia|Cresselia, F|100/100
|-damage|p1a: Cresselia|88/100|[from] Stealth Rock
|
|-weather|SunnyDay|[upkeep]
|-heal|p1a: Cresselia|94/100|[from] item: Leftovers
|upkeep
|turn|64
|
|move|p2a: Alakazam|Substitute|p2a: Alakazam
|-start|p2a: Alakazam|Substitute
|-damage|p2a: Alakazam|36/100
|move|p1a: Cresselia|Ice Beam|p2a: Alakazam
|-end|p2a: Alakazam|Substitute
|
|-weather|SunnyDay|[upkeep]
|-heal|p1a: Cresselia|99/100|[from] item: Leftovers
|upkeep
|turn|65
|
|switch|p2a: Ferrothorn|Ferrothorn, F|100/100
|-damage|p2a: Ferrothorn|94/100|[from] Stealth Rock
|move|p1a: Cresselia|Ice Beam|p2a: Ferrothorn
|-damage|p2a: Ferrothorn|83/100
|
|-weather|SunnyDay|[upkeep]
|-heal|p1a: Cresselia|100/100|[from] item: Leftovers
|-heal|p2a: Ferrothorn|89/100|[from] item: Leftovers
|upkeep
|turn|66
|
|switch|p1a: Quagsire|Quagsire, M|34/100
|-damage|p1a: Quagsire|9/100|[from] Spikes
|-damage|p1a: Quagsire|3/100|[from] Stealth Rock
|move|p2a: Ferrothorn|Thunder Wave|p1a: Quagsire
|-immune|p1a: Quagsire
|
|-weather|SunnyDay|[upkeep]
|-heal|p2a: Ferrothorn|95/100|[from] item: Leftovers
|upkeep
|turn|67
|
|move|p1a: Quagsire|Recover|p1a: Quagsire
|-heal|p1a: Quagsire|53/100
|move|p2a: Ferrothorn|Power Whip|p1a: Quagsire
|-supereffective|p1a: Quagsire
|-damage|p1a: Quagsire|0 fnt
|-damage|p2a: Ferrothorn|79/100|[from] item: Rocky Helmet|[of] p1a: Quagsire
|faint|p1a: Quagsire
|
|-weather|SunnyDay|[upkeep]
|-heal|p2a: Ferrothorn|85/100|[from] item: Leftovers
|upkeep
|
|switch|p1a: Heatran|Heatran, F|92/100
|-damage|p1a: Heatran|79/100|[from] Stealth Rock
|-damage|p1a: Heatran|54/100|[from] Spikes
|turn|68
|
|move|p1a: Heatran|Magma Storm|p2a: Ferrothorn|[miss]
|-miss|p1a: Heatran|p2a: Ferrothorn
|move|p2a: Ferrothorn|Knock Off|p1a: Heatran
|-resisted|p1a: Heatran
|-damage|p1a: Heatran|52/100
|-enditem|p1a: Heatran|Leftovers|[from] move: Knock Off|[of] p2a: Ferrothorn
|
|-weather|SunnyDay|[upkeep]
|-heal|p2a: Ferrothorn|91/100|[from] item: Leftovers
|upkeep
|turn|69
|c|☆porrompompom|sure
|c|☆kobepayne|sry im sacking this
|c|☆kobepayne|im fairly certain u win
|
|move|p1a: Heatran|Magma Storm|p2a: Ferrothorn
|-supereffective|p2a: Ferrothorn
|-damage|p2a: Ferrothorn|0 fnt
|faint|p2a: Ferrothorn
|
|-weather|SunnyDay|[upkeep]
|upkeep
|
|switch|p2a: Landorus|Landorus-Therian, M|63/100
|-damage|p2a: Landorus|51/100|[from] Stealth Rock
|-ability|p2a: Landorus|Intimidate|boost
|-unboost|p1a: Heatran|atk|1
|turn|70
|c|☆porrompompom|now yes, can't break cress
|
|move|p2a: Landorus|Earthquake|p1a: Heatran
|-supereffective|p1a: Heatran
|-damage|p1a: Heatran|0 fnt
|faint|p1a: Heatran
|
|-weather|SunnyDay|[upkeep]
|upkeep
|
|switch|p1a: Cresselia|Cresselia, F|100/100
|-damage|p1a: Cresselia|88/100|[from] Stealth Rock
|turn|71
|c|☆kobepayne|gg
|inactive|kobepayne has 120 seconds left.
|-message|kobepayne forfeited.
|
|win|porrompompom
|l|☆kobepayne
|raw|porrompompom's rating: 1636 &rarr; <strong>1652</strong><br />(+16 for winning)
|raw|kobepayne's rating: 1569 &rarr; <strong>1552</strong><br />(-17 for losing)
