|join|bhreth
|join|dtw
|player|p1|bhreth|102
|player|p2|dtw|169
|gametype|singles
|gen|5
|tier|[Gen 5] OU
|rated
|rule|Evasion Abilities Clause: Evasion abilities are banned
|clearpoke
|poke|p1|Jirachi
|poke|p1|Azelf
|poke|p1|Alakazam, F
|poke|p1|Haxorus, F
|poke|p1|Latios, M
|poke|p1|Slowbro, M
|poke|p2|Dugtrio, M
|poke|p2|Tyranitar, F
|poke|p2|Hydreigon, F
|poke|p2|Skarmory, F
|poke|p2|Breloom, F
|poke|p2|Alakazam, M
|rule|Sleep Clause Mod: Limit one foe put to sleep
|rule|Species Clause: Limit one of each Pokemon
|rule|OHKO Clause: OHKO moves are banned
|rule|Moody Clause: Moody is banned
|rule|Evasion Moves Clause: Evasion moves are banned
|rule|Endless Battle Clause: Forcing endless battles is banned.
|rule|HP Percentage Mod: HP is reported as percentages
|teampreview
|
|start
|switch|p1a: Azelf|Azelf|291/291
|switch|p2a: Skarmory|Skarmory, F|334/334
|turn|1
|
|move|p1a: Azelf|Flamethrower|p2a: Skarmory
|-supereffective|p2a: Skarmory
|-damage|p2a: Skarmory|75/334
|move|p2a: Skarmory|Stealth Rock|p1a: Azelf
|-sidestart|p1: bhreth|move: Stealth Rock
|
|turn|2
|-enditem|p2a: Skarmory|Custap Berry|[eat]
|-activate|p2a: Skarmory|Custap Berry
|
|move|p2a: Skarmory|Spikes|p1a: Azelf
|-sidestart|p1: bhreth|Spikes
|move|p1a: Azelf|Flamethrower|p2a: Skarmory
|-supereffective|p2a: Skarmory
|-damage|p2a: Skarmory|0 fnt
|faint|p2a: Skarmory
|
|
|switch|p2a: Tyranitar|Tyranitar, F|342/342
|-weather|Sandstorm|[from] ability: Sand Stream|[of] p2a: Tyranitar
|turn|3
|
|move|p2a: Tyranitar|Pursuit|p1a: Azelf|[from]Pursuit
|-supereffective|p1a: Azelf
|-damage|p1a: Azelf|0 fnt
|faint|p1a: Azelf
|
|-weather|Sandstorm|[upkeep]
|chat|bhreth|T-T
|chat|bhreth|pursuit is da worst
|chat|dtw|i feel you
|
|switch|p1a: Alakazam|Alakazam, F|252/252
|turn|4
|chat|dtw|on the other hand i hate fighting type attacks
|
|switch|p2a: Breloom|Breloom, F|264/264
|move|p1a: Alakazam|Focus Blast|p2a: Breloom|[miss]
|-miss|p1a: Alakazam|p2a: Breloom
|
|-weather|Sandstorm|[upkeep]
|-damage|p2a: Breloom|248/264|[from] sandstorm
|-status|p2a: Breloom|tox|[from] item: Toxic Orb
|turn|5
|
|move|p1a: Alakazam|Psychic|p2a: Breloom
|-supereffective|p2a: Breloom
|-damage|p2a: Breloom|0 fnt
|faint|p2a: Breloom
|
|-weather|Sandstorm|[upkeep]
|
|switch|p2a: Dugtrio|Dugtrio, M|211/211
|turn|6
|
|move|p2a: Dugtrio|Earthquake|p1a: Alakazam
|-damage|p1a: Alakazam|21/252
|move|p1a: Alakazam|Psychic|p2a: Dugtrio
|-enditem|p2a: Dugtrio|Focus Sash
|-damage|p2a: Dugtrio|1/211
|
|-weather|Sandstorm|[upkeep]
|turn|7
|
|move|p2a: Dugtrio|Sucker Punch|p1a: Alakazam
|-supereffective|p1a: Alakazam
|-damage|p1a: Alakazam|0 fnt
|faint|p1a: Alakazam
|
|-weather|Sandstorm|[upkeep]
|
|switch|p1a: Slowbro|Slowbro, M|394/394
|-damage|p1a: Slowbro|345/394|[from] Stealth Rock
|-damage|p1a: Slowbro|296/394|[from] Spikes
|turn|8
|
|switch|p2a: Alakazam|Alakazam, M|251/251
|move|p1a: Slowbro|Scald|p2a: Alakazam
|-damage|p2a: Alakazam|139/251
|-status|p2a: Alakazam|brn
|
|-weather|Sandstorm|[upkeep]
|-damage|p1a: Slowbro|272/394|[from] sandstorm
|-heal|p1a: Slowbro|296/394|[from] item: Leftovers
|turn|9
|
|switch|p1a: Jirachi|Jirachi|404/404
|-damage|p1a: Jirachi|354/404|[from] Spikes
|-damage|p1a: Jirachi|329/404|[from] Stealth Rock
|move|p2a: Alakazam|Signal Beam|p1a: Jirachi
|-damage|p1a: Jirachi|258/404
|
|-weather|Sandstorm|[upkeep]
|-heal|p1a: Jirachi|283/404|[from] item: Leftovers
|turn|10
|
|move|p2a: Alakazam|Focus Blast|p1a: Jirachi|[miss]
|-miss|p2a: Alakazam|p1a: Jirachi
|move|p1a: Jirachi|Stealth Rock|p2a: Alakazam
|-sidestart|p2: dtw|move: Stealth Rock
|
|-weather|Sandstorm|[upkeep]
|-heal|p1a: Jirachi|308/404|[from] item: Leftovers
|turn|11
|
|move|p2a: Alakazam|Focus Blast|p1a: Jirachi
|-damage|p1a: Jirachi|207/404
|move|p1a: Jirachi|Iron Head|p2a: Alakazam
|-damage|p2a: Alakazam|0 fnt
|faint|p2a: Alakazam
|
|-weather|Sandstorm|[upkeep]
|-heal|p1a: Jirachi|232/404|[from] item: Leftovers
|
|switch|p2a: Hydreigon|Hydreigon, F|325/325
|-damage|p2a: Hydreigon|285/325|[from] Stealth Rock
|turn|12
|
|move|p2a: Hydreigon|Fire Blast|p1a: Jirachi
|-supereffective|p1a: Jirachi
|-damage|p1a: Jirachi|0 fnt
|-damage|p2a: Hydreigon|253/325|[from] item: Life Orb
|faint|p1a: Jirachi
|
|-weather|Sandstorm|[upkeep]
|-damage|p2a: Hydreigon|233/325|[from] sandstorm
|
|switch|p1a: Latios|Latios, M|302/302
|-damage|p1a: Latios|265/302|[from] Stealth Rock
|turn|13
|
|switch|p2a: Dugtrio|Dugtrio, M|1/211
|-damage|p2a: Dugtrio|0 fnt|[from] Stealth Rock
|faint|p2a: Dugtrio
|move|p1a: Latios|Draco Meteor|p2: Dugtrio|[notarget]
|-notarget
|
|-weather|Sandstorm|[upkeep]
|-damage|p1a: Latios|247/302|[from] sandstorm
|
|switch|p2a: Tyranitar|Tyranitar, F|342/342
|-damage|p2a: Tyranitar|300/342|[from] Stealth Rock
|turn|14
|
|move|p1a: Latios|Draco Meteor|p2a: Tyranitar
|-damage|p2a: Tyranitar|119/342
|-unboost|p1a: Latios|spa|2
|move|p2a: Tyranitar|Crunch|p1a: Latios
|-supereffective|p1a: Latios
|-damage|p1a: Latios|0 fnt
|faint|p1a: Latios
|
|-weather|Sandstorm|[upkeep]
|chat|dtw|oh it was choice- scarfed.
|chat|dtw|i thought it was specs
|chat|bhreth|mhm
|
|switch|p1a: Haxorus|Haxorus, F|302/302
|-damage|p1a: Haxorus|265/302|[from] Stealth Rock
|-damage|p1a: Haxorus|228/302|[from] Spikes
|-ability|p1a: Haxorus|Mold Breaker
|turn|15
|
|move|p2a: Tyranitar|Crunch|p1a: Haxorus
|-damage|p1a: Haxorus|65/302
|move|p1a: Haxorus|Earthquake|p2a: Tyranitar
|-supereffective|p2a: Tyranitar
|-damage|p2a: Tyranitar|0 fnt
|faint|p2a: Tyranitar
|
|-weather|Sandstorm|[upkeep]
|-damage|p1a: Haxorus|47/302|[from] sandstorm
|
|switch|p2a: Hydreigon|Hydreigon, F|233/325
|-damage|p2a: Hydreigon|193/325|[from] Stealth Rock
|turn|16
|chat|bhreth|oh you are scarfed
|chat|dtw|yep
|
|move|p2a: Hydreigon|Superpower|p1a: Haxorus
|-damage|p1a: Haxorus|0 fnt
|-unboost|p2a: Hydreigon|atk|1
|-unboost|p2a: Hydreigon|def|1
|-damage|p2a: Hydreigon|161/325|[from] item: Life Orb
|faint|p1a: Haxorus
|
|-weather|Sandstorm|[upkeep]
|-damage|p2a: Hydreigon|141/325|[from] sandstorm
|
|switch|p1a: Slowbro|Slowbro, M|394/394
|-damage|p1a: Slowbro|345/394|[from] Stealth Rock
|-damage|p1a: Slowbro|296/394|[from] Spikes
|turn|17
|
|move|p2a: Hydreigon|Draco Meteor|p1a: Slowbro
|-damage|p1a: Slowbro|0 fnt
|-unboost|p2a: Hydreigon|spa|2
|-damage|p2a: Hydreigon|109/325|[from] item: Life Orb
|faint|p1a: Slowbro
|
|win|dtw
|raw|Ladder updating...
|raw|bhreth's rating: 1444 &rarr; <strong>1422</strong><br />(-22 for losing)
|raw|dtw's rating: 1410 &rarr; <strong>1432</strong><br />(+22 for winning)
|chat|bhreth|gg
|chat|dtw|gg