|j|☆spliffdiff
|j|☆HydreigonSpammer
|t:|1735057125
|gametype|singles
|player|p1|spliffdiff|101|1385
|player|p2|HydreigonSpammer|janitor|1418
|teamsize|p1|6
|teamsize|p2|6
|gen|5
|tier|[Gen 5] OU
|rated|
|rule|Species Clause: Limit one of each Pokémon
|rule|OHKO Clause: OHKO moves are banned
|rule|Moody Clause: Moody is banned
|rule|Evasion Items Clause: Evasion items are banned
|rule|Evasion Moves Clause: Evasion moves are banned
|rule|Endless Battle Clause: Forcing endless battles is banned
|rule|HP Percentage Mod: HP is shown in percentages
|rule|Evasion Abilities Clause: Evasion abilities are banned
|rule|Sleep Moves Clause: Sleep-inducing moves are banned
|rule|Swagger Clause: Swagger is banned
|rule|Baton Pass Stat Clause: No Baton Passer may have a way to boost its stats
|clearpoke
|poke|p1|Honchkrow, F|item
|poke|p1|Terrakion|item
|poke|p1|Garchomp, M|item
|poke|p1|Conkeldurr, M|item
|poke|p1|Keldeo-Resolute|item
|poke|p1|Breloom, M|item
|poke|p2|Politoed, F|item
|poke|p2|Ferrothorn, M|item
|poke|p2|Thundurus-Therian, M|item
|poke|p2|Keldeo|item
|poke|p2|Tornadus, M|item
|poke|p2|Jirachi|item
|teampreview
|inactive|Battle timer is ON: inactive players will automatically lose when time's up. (requested by spliffdiff)
|
|t:|1735057141
|start
|switch|p1a: Terrakion|Terrakion|100/100
|switch|p2a: Politoed|Politoed, F|100/100
|-weather|RainDance|[from] ability: Drizzle|[of] p2a: Politoed
|turn|1
|
|t:|1735057153
|move|p1a: Terrakion|Stealth Rock|p2a: Politoed
|-sidestart|p2: HydreigonSpammer|move: Stealth Rock
|move|p2a: Politoed|Scald|p1a: Terrakion
|-supereffective|p1a: Terrakion
|-crit|p1a: Terrakion
|-enditem|p1a: Terrakion|Focus Sash
|-damage|p1a: Terrakion|1/100
|
|-weather|RainDance|[upkeep]
|upkeep
|turn|2
|
|t:|1735057166
|switch|p2a: Ferrothorn|Ferrothorn, M|100/100
|-damage|p2a: Ferrothorn|94/100|[from] Stealth Rock
|move|p1a: Terrakion|Close Combat|p2a: Ferrothorn
|-supereffective|p2a: Ferrothorn
|-damage|p2a: Ferrothorn|3/100
|-unboost|p1a: Terrakion|def|1
|-unboost|p1a: Terrakion|spd|1
|-damage|p1a: Terrakion|0 fnt|[from] ability: Iron Barbs|[of] p2a: Ferrothorn
|faint|p1a: Terrakion
|
|-weather|RainDance|[upkeep]
|-heal|p2a: Ferrothorn|10/100|[from] item: Leftovers
|upkeep
|
|t:|1735057187
|switch|p1a: Conkeldurr|Conkeldurr, M|100/100
|turn|3
|
|t:|1735057191
|move|p1a: Conkeldurr|Drain Punch|p2a: Ferrothorn
|-supereffective|p2a: Ferrothorn
|-damage|p2a: Ferrothorn|0 fnt
|-damage|p1a: Conkeldurr|88/100|[from] ability: Iron Barbs|[of] p2a: Ferrothorn
|faint|p2a: Ferrothorn
|
|-weather|RainDance|[upkeep]
|upkeep
|
|t:|1735057221
|switch|p2a: Keldeo|Keldeo|100/100
|-damage|p2a: Keldeo|94/100|[from] Stealth Rock
|turn|4
|
|t:|1735057231
|move|p2a: Keldeo|Hydro Pump|p1a: Conkeldurr
|-damage|p1a: Conkeldurr|0 fnt
|faint|p1a: Conkeldurr
|
|-weather|RainDance|[upkeep]
|upkeep
|
|t:|1735057236
|switch|p1a: Breloom|Breloom, M|100/100
|turn|5
|
|t:|1735057249
|switch|p2a: Jirachi|Jirachi|100/100
|-damage|p2a: Jirachi|94/100|[from] Stealth Rock
|move|p1a: Breloom|Bullet Seed|p2a: Jirachi
|-resisted|p2a: Jirachi
|-damage|p2a: Jirachi|85/100
|-resisted|p2a: Jirachi
|-damage|p2a: Jirachi|76/100
|-resisted|p2a: Jirachi
|-damage|p2a: Jirachi|67/100
|-resisted|p2a: Jirachi
|-damage|p2a: Jirachi|58/100
|-hitcount|p2a: Jirachi|4
|
|-weather|RainDance|[upkeep]
|-heal|p2a: Jirachi|64/100|[from] item: Leftovers
|upkeep
|turn|6
|
|t:|1735057275
|move|p2a: Jirachi|Stealth Rock|p1a: Breloom
|-sidestart|p1: spliffdiff|move: Stealth Rock
|move|p1a: Breloom|Drain Punch|p2a: Jirachi
|-damage|p2a: Jirachi|30/100
|
|-weather|RainDance|[upkeep]
|-heal|p2a: Jirachi|36/100|[from] item: Leftovers
|upkeep
|turn|7
|
|t:|1735057283
|move|p2a: Jirachi|Iron Head|p1a: Breloom
|-damage|p1a: Breloom|58/100
|cant|p1a: Breloom|flinch
|
|-weather|RainDance|[upkeep]
|-heal|p2a: Jirachi|43/100|[from] item: Leftovers
|upkeep
|turn|8
|
|t:|1735057288
|move|p1a: Breloom|Mach Punch|p2a: Jirachi
|-damage|p2a: Jirachi|16/100
|move|p2a: Jirachi|Iron Head|p1a: Breloom
|-damage|p1a: Breloom|17/100
|
|-weather|RainDance|[upkeep]
|-heal|p2a: Jirachi|22/100|[from] item: Leftovers
|upkeep
|turn|9
|
|t:|1735057295
|move|p1a: Breloom|Mach Punch|p2a: Jirachi
|-damage|p2a: Jirachi|0 fnt
|faint|p2a: Jirachi
|
|-weather|RainDance|[upkeep]
|upkeep
|
|t:|1735057308
|switch|p2a: Tornadus|Tornadus, M|100/100
|-damage|p2a: Tornadus|76/100|[from] Stealth Rock
|turn|10
|
|t:|1735057313
|move|p1a: Breloom|Mach Punch|p2a: Tornadus
|-resisted|p2a: Tornadus
|-damage|p2a: Tornadus|47/100
|move|p2a: Tornadus|Hurricane|p1a: Breloom
|-supereffective|p1a: Breloom
|-damage|p1a: Breloom|0 fnt
|faint|p1a: Breloom
|
|-weather|RainDance|[upkeep]
|upkeep
|
|t:|1735057323
|switch|p1a: Garchomp|Garchomp, M|100/100
|-damage|p1a: Garchomp|94/100|[from] Stealth Rock
|turn|11
|
|t:|1735057330
|switch|p2a: Politoed|Politoed, F|100/100
|-damage|p2a: Politoed|88/100|[from] Stealth Rock
|move|p1a: Garchomp|Rock Slide|p2a: Politoed
|-damage|p2a: Politoed|67/100
|-enditem|p2a: Politoed|Eject Button
|
|t:|1735057342
|switch|p2a: Keldeo|Keldeo|94/100
|-damage|p2a: Keldeo|88/100|[from] Stealth Rock
|
|-weather|RainDance|[upkeep]
|upkeep
|turn|12
|
|t:|1735057356
|move|p2a: Keldeo|Hidden Power|p1a: Garchomp
|-supereffective|p1a: Garchomp
|-enditem|p1a: Garchomp|Yache Berry|[eat]
|-enditem|p1a: Garchomp|Yache Berry|[weaken]
|-damage|p1a: Garchomp|22/100
|move|p1a: Garchomp|Outrage|p2a: Keldeo
|-crit|p2a: Keldeo
|-damage|p2a: Keldeo|0 fnt
|faint|p2a: Keldeo
|
|-weather|RainDance|[upkeep]
|upkeep
|inactive|HydreigonSpammer has 120 seconds left.
|
|t:|1735057383
|switch|p2a: Politoed|Politoed, F|67/100
|-damage|p2a: Politoed|54/100|[from] Stealth Rock
|turn|13
|
|t:|1735057390
|move|p1a: Garchomp|Outrage|p2a: Politoed|[from]lockedmove
|-damage|p2a: Politoed|9/100
|-start|p1a: Garchomp|confusion|[fatigue]
|move|p2a: Politoed|Ice Beam|p1a: Garchomp
|-supereffective|p1a: Garchomp
|-damage|p1a: Garchomp|0 fnt
|faint|p1a: Garchomp
|
|-weather|RainDance|[upkeep]
|upkeep
|
|t:|1735057400
|switch|p1a: Keldeo|Keldeo-Resolute|100/100
|-damage|p1a: Keldeo|94/100|[from] Stealth Rock
|turn|14
|
|t:|1735057409
|move|p1a: Keldeo|Secret Sword|p2a: Politoed
|-damage|p2a: Politoed|0 fnt
|faint|p2a: Politoed
|
|-weather|RainDance|[upkeep]
|upkeep
|
|t:|1735057413
|switch|p2a: Tornadus|Tornadus, M|47/100
|-damage|p2a: Tornadus|22/100|[from] Stealth Rock
|turn|15
|
|t:|1735057426
|switch|p1a: Honchkrow|Honchkrow, F|100/100
|-damage|p1a: Honchkrow|76/100|[from] Stealth Rock
|move|p2a: Tornadus|Hurricane|p1a: Honchkrow
|-crit|p1a: Honchkrow
|-damage|p1a: Honchkrow|0 fnt
|faint|p1a: Honchkrow
|
|-weather|RainDance|[upkeep]
|upkeep
|
|t:|1735057437
|switch|p1a: Keldeo|Keldeo-Resolute|94/100
|-damage|p1a: Keldeo|88/100|[from] Stealth Rock
|turn|16
|
|t:|1735057441
|move|p2a: Tornadus|Hurricane|p1a: Keldeo
|-supereffective|p1a: Keldeo
|-damage|p1a: Keldeo|0 fnt
|faint|p1a: Keldeo
|
|win|HydreigonSpammer
|raw|spliffdiff's rating: 1385 &rarr; <strong>1367</strong><br />(-18 for losing)
|raw|HydreigonSpammer's rating: 1418 &rarr; <strong>1436</strong><br />(+18 for winning)
