|j|☆refsunpersons
|j|☆Ar. Layne
|player|p1|refsunpersons|123
|player|p2|Ar. Layne|256
|teamsize|p1|6
|teamsize|p2|6
|gametype|singles
|gen|5
|tier|[Gen 5] OU
|rated|
|rule|Sleep Clause Mod: Limit one foe put to sleep
|rule|Species Clause: Limit one of each Pokémon
|rule|OHKO Clause: OHKO moves are banned
|rule|Moody Clause: Moody is banned
|rule|Evasion Moves Clause: Evasion moves are banned
|rule|Endless Battle Clause: Forcing endless battles is banned
|rule|HP Percentage Mod: HP is shown in percentages
|rule|Evasion Abilities Clause: Evasion abilities are banned
|rule|Baton Pass Clause: Limit one Baton Passer, can't pass Spe and other stats simultaneously
|rule|Swagger Clause: Swagger is banned
|clearpoke
|poke|p1|Jirachi|item
|poke|p1|Latios, M|item
|poke|p1|Ninetales, F|item
|poke|p1|Donphan, F|item
|poke|p1|Volcarona, M|item
|poke|p1|Porygon2|item
|poke|p2|Ferrothorn, M|item
|poke|p2|Jellicent, M|item
|poke|p2|Roserade, M|item
|poke|p2|Politoed, F|item
|poke|p2|Reuniclus, M|item
|poke|p2|Donphan, F|item
|teampreview
|inactive|Battle timer is ON: inactive players will automatically lose when time's up. (requested by Ar. Layne)
|c|☆refsunpersons|gl hf
|
|start
|switch|p1a: Jirachi|Jirachi|100/100
|switch|p2a: Donphan|Donphan, F|100/100
|turn|1
|
|move|p1a: Jirachi|Flash Cannon|p2a: Donphan
|-damage|p2a: Donphan|53/100
|move|p2a: Donphan|Stealth Rock|p1a: Jirachi
|-sidestart|p1: refsunpersons|move: Stealth Rock
|
|-heal|p2a: Donphan|59/100|[from] item: Leftovers
|upkeep
|turn|2
|
|switch|p1a: Latios|Latios, M|100/100
|-damage|p1a: Latios|88/100|[from] Stealth Rock
|switch|p2a: Politoed|Politoed, F|100/100
|-weather|RainDance|[from] ability: Drizzle|[of] p2a: Politoed
|
|-weather|RainDance|[upkeep]
|upkeep
|turn|3
|
|switch|p2a: Ferrothorn|Ferrothorn, M|100/100
|switch|p1a: Ninetales|Ninetales, F|100/100
|-damage|p1a: Ninetales|76/100|[from] Stealth Rock
|-weather|SunnyDay|[from] ability: Drought|[of] p1a: Ninetales
|-item|p1a: Ninetales|Air Balloon
|
|-weather|SunnyDay|[upkeep]
|upkeep
|turn|4
|
|switch|p1a: Jirachi|Jirachi|100/100
|-damage|p1a: Jirachi|94/100|[from] Stealth Rock
|switch|p2a: Politoed|Politoed, F|100/100
|-weather|RainDance|[from] ability: Drizzle|[of] p2a: Politoed
|
|-weather|RainDance|[upkeep]
|upkeep
|turn|5
|
|switch|p2a: Ferrothorn|Ferrothorn, M|100/100
|move|p1a: Jirachi|Calm Mind|p1a: Jirachi
|-boost|p1a: Jirachi|spa|1
|-boost|p1a: Jirachi|spd|1
|
|-weather|RainDance|[upkeep]
|upkeep
|turn|6
|
|move|p1a: Jirachi|Hidden Power|p2a: Ferrothorn
|-supereffective|p2a: Ferrothorn
|-damage|p2a: Ferrothorn|46/100
|move|p2a: Ferrothorn|Leech Seed|p1a: Jirachi
|-start|p1a: Jirachi|move: Leech Seed
|
|-weather|RainDance|[upkeep]
|-heal|p2a: Ferrothorn|52/100|[from] item: Leftovers
|-damage|p1a: Jirachi|82/100|[from] Leech Seed|[of] p2a: Ferrothorn
|-heal|p2a: Ferrothorn|64/100|[silent]
|upkeep
|turn|7
|
|switch|p2a: Politoed|Politoed, F|100/100
|move|p1a: Jirachi|Calm Mind|p1a: Jirachi
|-boost|p1a: Jirachi|spa|1
|-boost|p1a: Jirachi|spd|1
|
|-weather|RainDance|[upkeep]
|-damage|p1a: Jirachi|70/100|[from] Leech Seed|[of] p2a: Politoed
|upkeep
|turn|8
|
|move|p2a: Politoed|Encore|p1a: Jirachi
|-start|p1a: Jirachi|Encore
|move|p1a: Jirachi|Calm Mind|p1a: Jirachi
|-boost|p1a: Jirachi|spa|1
|-boost|p1a: Jirachi|spd|1
|
|-weather|RainDance|[upkeep]
|-damage|p1a: Jirachi|57/100|[from] Leech Seed|[of] p2a: Politoed
|upkeep
|turn|9
|
|switch|p2a: Donphan|Donphan, F|59/100
|switch|p1a: Ninetales|Ninetales, F|76/100
|-damage|p1a: Ninetales|51/100|[from] Stealth Rock
|-weather|SunnyDay|[from] ability: Drought|[of] p1a: Ninetales
|-item|p1a: Ninetales|Air Balloon
|
|-weather|SunnyDay|[upkeep]
|-heal|p2a: Donphan|65/100|[from] item: Leftovers
|upkeep
|turn|10
|
|switch|p2a: Politoed|Politoed, F|100/100
|-weather|RainDance|[from] ability: Drizzle|[of] p2a: Politoed
|move|p1a: Ninetales|Sunny Day|p1a: Ninetales
|-weather|SunnyDay
|
|-weather|SunnyDay|[upkeep]
|upkeep
|turn|11
|
|switch|p2a: Roserade|Roserade, M|100/100
|switch|p1a: Latios|Latios, M|88/100
|-damage|p1a: Latios|76/100|[from] Stealth Rock
|
|-weather|SunnyDay|[upkeep]
|upkeep
|turn|12
|
|switch|p2a: Politoed|Politoed, F|100/100
|-weather|RainDance|[from] ability: Drizzle|[of] p2a: Politoed
|move|p1a: Latios|Hidden Power|p2a: Politoed
|-resisted|p2a: Politoed
|-damage|p2a: Politoed|92/100
|-damage|p1a: Latios|66/100|[from] item: Life Orb
|
|-weather|RainDance|[upkeep]
|upkeep
|turn|13
|
|switch|p2a: Ferrothorn|Ferrothorn, M|64/100
|switch|p1a: Jirachi|Jirachi|57/100
|-damage|p1a: Jirachi|51/100|[from] Stealth Rock
|
|-weather|RainDance|[upkeep]
|-heal|p2a: Ferrothorn|70/100|[from] item: Leftovers
|upkeep
|turn|14
|
|move|p1a: Jirachi|Hidden Power|p2a: Ferrothorn
|-supereffective|p2a: Ferrothorn
|-damage|p2a: Ferrothorn|33/100
|move|p2a: Ferrothorn|Leech Seed|p1a: Jirachi
|-start|p1a: Jirachi|move: Leech Seed
|
|-weather|RainDance|[upkeep]
|-heal|p2a: Ferrothorn|39/100|[from] item: Leftovers
|-damage|p1a: Jirachi|39/100|[from] Leech Seed|[of] p2a: Ferrothorn
|-heal|p2a: Ferrothorn|51/100|[silent]
|upkeep
|turn|15
|
|switch|p1a: Ninetales|Ninetales, F|51/100
|-damage|p1a: Ninetales|26/100|[from] Stealth Rock
|-weather|SunnyDay|[from] ability: Drought|[of] p1a: Ninetales
|-item|p1a: Ninetales|Air Balloon
|move|p2a: Ferrothorn|Spikes|p1a: Ninetales
|-sidestart|p1: refsunpersons|Spikes
|
|-weather|SunnyDay|[upkeep]
|-heal|p2a: Ferrothorn|57/100|[from] item: Leftovers
|upkeep
|turn|16
|
|switch|p2a: Politoed|Politoed, F|92/100
|-weather|RainDance|[from] ability: Drizzle|[of] p2a: Politoed
|move|p1a: Ninetales|Sunny Day|p1a: Ninetales
|-weather|SunnyDay
|
|-weather|SunnyDay|[upkeep]
|upkeep
|turn|17
|
|switch|p2a: Roserade|Roserade, M|100/100
|move|p1a: Ninetales|Solar Beam||[still]
|-prepare|p1a: Ninetales|Solar Beam|p2a: Roserade
|-anim|p1a: Ninetales|Solar Beam|p2a: Roserade
|-resisted|p2a: Roserade
|-damage|p2a: Roserade|94/100
|
|-weather|SunnyDay|[upkeep]
|-heal|p2a: Roserade|100/100|[from] item: Black Sludge
|upkeep
|turn|18
|
|move|p1a: Ninetales|Sunny Day||[still]
|-fail|p1a: Ninetales
|move|p2a: Roserade|Toxic Spikes|p1a: Ninetales
|-sidestart|p1: refsunpersons|move: Toxic Spikes
|
|-weather|SunnyDay|[upkeep]
|upkeep
|turn|19
|
|switch|p1a: Volcarona|Volcarona, M|100/100
|-damage|p1a: Volcarona|88/100|[from] Spikes
|-damage|p1a: Volcarona|38/100|[from] Stealth Rock
|-status|p1a: Volcarona|psn
|switch|p2a: Politoed|Politoed, F|92/100
|-weather|RainDance|[from] ability: Drizzle|[of] p2a: Politoed
|
|-weather|RainDance|[upkeep]
|-damage|p1a: Volcarona|26/100 psn|[from] psn
|upkeep
|turn|20
|
|move|p2a: Politoed|Surf|p1a: Volcarona
|-supereffective|p1a: Volcarona
|-damage|p1a: Volcarona|0 fnt
|faint|p1a: Volcarona
|
|-weather|RainDance|[upkeep]
|upkeep
|c|☆refsunpersons|gg
|-message|refsunpersons forfeited.
|
|win|Ar. Layne
|l|☆refsunpersons
|raw|refsunpersons's rating: 1359 &rarr; <strong>1344</strong><br />(-15 for losing)
|raw|Ar. Layne's rating: 1443 &rarr; <strong>1458</strong><br />(+15 for winning)
