|j|☆minutemaid13
|j|☆grantpokemon
|t:|1707540199
|gametype|singles
|player|p1|minutemaid13|1|1317
|player|p2|grantpokemon|265|1340
|teamsize|p1|6
|teamsize|p2|6
|gen|5
|tier|[Gen 5] OU
|rated|
|rule|Species Clause: Limit one of each Pokémon
|rule|OHKO Clause: OHKO moves are banned
|rule|Moody Clause: Moody is banned
|rule|Evasion Items Clause: Evasion items are banned
|rule|Evasion Moves Clause: Evasion moves are banned
|rule|Endless Battle Clause: Forcing endless battles is banned
|rule|HP Percentage Mod: HP is shown in percentages
|rule|Evasion Abilities Clause: Evasion abilities are banned
|rule|Sleep Moves Clause: Sleep-inducing moves are banned
|rule|Swagger Clause: Swagger is banned
|rule|Baton Pass Stat Clause: No Baton Passer may have a way to boost its stats
|clearpoke
|poke|p1|Skarmory, M|item
|poke|p1|Chansey, F|item
|poke|p1|Celebi|mail
|poke|p1|Alakazam, M|item
|poke|p1|Gliscor, M|item
|poke|p1|Keldeo|item
|poke|p2|Ursaring, F|item
|poke|p2|Slowking, F|item
|poke|p2|Reuniclus, M|item
|poke|p2|Dragonite, F|item
|poke|p2|Scizor, F|item
|poke|p2|Honchkrow, F|item
|teampreview
|
|t:|1707540205
|start
|switch|p1a: Chansey|Chansey, F|100/100
|switch|p2a: Reuniclus|Reuniclus, M|100/100
|turn|1
|
|t:|1707540214
|move|p1a: Chansey|Stealth Rock|p2a: Reuniclus
|-sidestart|p2: grantpokemon|move: Stealth Rock
|move|p2a: Reuniclus|Trick Room|p2a: Reuniclus
|-fieldstart|move: Trick Room|[of] p2a: Reuniclus
|
|upkeep
|turn|2
|
|t:|1707540220
|switch|p2a: Honchkrow|Honchkrow, F|100/100
|-damage|p2a: Honchkrow|76/100|[from] Stealth Rock
|move|p1a: Chansey|Seismic Toss|p2a: Honchkrow
|-damage|p2a: Honchkrow|51/100
|
|upkeep
|turn|3
|
|t:|1707540228
|switch|p1a: Skarmory|Skarmory, M|100/100
|move|p2a: Honchkrow|Brave Bird|p1a: Skarmory
|-resisted|p1a: Skarmory
|-damage|p1a: Skarmory|79/100
|-damage|p2a: Honchkrow|45/100|[from] Recoil
|
|upkeep
|turn|4
|
|t:|1707540237
|move|p1a: Skarmory|Brave Bird|p2a: Honchkrow
|-crit|p2a: Honchkrow
|-damage|p2a: Honchkrow|0 fnt
|faint|p2a: Honchkrow
|-damage|p1a: Skarmory|62/100|[from] Recoil
|
|upkeep
|
|t:|1707540246
|switch|p2a: Dragonite|Dragonite, F|100/100
|-damage|p2a: Dragonite|76/100|[from] Stealth Rock
|turn|5
|
|t:|1707540251
|switch|p1a: Gliscor|Gliscor, M, shiny|100/100
|move|p2a: Dragonite|Dragon Dance|p2a: Dragonite
|-boost|p2a: Dragonite|atk|1
|-boost|p2a: Dragonite|spe|1
|
|-fieldend|move: Trick Room
|-status|p1a: Gliscor|tox|[from] item: Toxic Orb
|upkeep
|turn|6
|
|t:|1707540259
|move|p2a: Dragonite|Outrage|p1a: Gliscor
|-damage|p1a: Gliscor|27/100 tox
|move|p1a: Gliscor|Knock Off|p2a: Dragonite
|-damage|p2a: Dragonite|70/100
|-enditem|p2a: Dragonite|Lum Berry|[from] move: Knock Off|[of] p1a: Gliscor
|
|-heal|p1a: Gliscor|40/100 tox|[from] ability: Poison Heal
|upkeep
|turn|7
|
|t:|1707540268
|switch|p1a: Skarmory|Skarmory, M|62/100
|move|p2a: Dragonite|Outrage|p1a: Skarmory|[from]lockedmove
|-resisted|p1a: Skarmory
|-damage|p1a: Skarmory|27/100
|-start|p2a: Dragonite|confusion|[fatigue]
|
|upkeep
|turn|8
|
|t:|1707540275
|-activate|p2a: Dragonite|confusion
|move|p2a: Dragonite|Outrage|p1a: Skarmory
|-resisted|p1a: Skarmory
|-crit|p1a: Skarmory
|-damage|p1a: Skarmory|0 fnt
|faint|p1a: Skarmory
|
|upkeep
|
|t:|1707540278
|switch|p1a: Alakazam|Alakazam, M|100/100
|turn|9
|
|t:|1707540282
|-activate|p2a: Dragonite|confusion
|-damage|p2a: Dragonite|44/100|[from] confusion
|move|p1a: Alakazam|Hidden Power|p2a: Dragonite
|-supereffective|p2a: Dragonite
|-damage|p2a: Dragonite|0 fnt
|faint|p2a: Dragonite
|
|upkeep
|
|t:|1707540290
|switch|p2a: Reuniclus|Reuniclus, M|100/100
|turn|10
|
|t:|1707540303
|switch|p1a: Gliscor|Gliscor, M, shiny|40/100 tox
|move|p2a: Reuniclus|Trick Room|p2a: Reuniclus
|-fieldstart|move: Trick Room|[of] p2a: Reuniclus
|
|-heal|p1a: Gliscor|52/100 tox|[from] ability: Poison Heal
|upkeep
|turn|11
|
|t:|1707540310
|move|p1a: Gliscor|Protect|p1a: Gliscor
|-singleturn|p1a: Gliscor|Protect
|move|p2a: Reuniclus|Calm Mind|p2a: Reuniclus
|-boost|p2a: Reuniclus|spa|1
|-boost|p2a: Reuniclus|spd|1
|
|-heal|p1a: Gliscor|65/100 tox|[from] ability: Poison Heal
|upkeep
|turn|12
|
|t:|1707540320
|switch|p1a: Chansey|Chansey, F|100/100
|move|p2a: Reuniclus|Psychic|p1a: Chansey
|-damage|p1a: Chansey|88/100
|
|upkeep
|turn|13
|
|t:|1707540327
|switch|p2a: Scizor|Scizor, F|100/100
|-damage|p2a: Scizor|88/100|[from] Stealth Rock
|move|p1a: Chansey|Seismic Toss|p2a: Scizor
|-damage|p2a: Scizor|59/100
|
|upkeep
|turn|14
|
|t:|1707540350
|switch|p1a: Gliscor|Gliscor, M, shiny|65/100 tox
|move|p2a: Scizor|Swords Dance|p2a: Scizor
|-boost|p2a: Scizor|atk|2
|
|-heal|p1a: Gliscor|77/100 tox|[from] ability: Poison Heal
|-fieldend|move: Trick Room
|upkeep
|turn|15
|
|t:|1707540359
|move|p1a: Gliscor|Earthquake|p2a: Scizor
|-damage|p2a: Scizor|29/100
|move|p2a: Scizor|Swords Dance|p2a: Scizor
|-boost|p2a: Scizor|atk|2
|
|-heal|p1a: Gliscor|90/100 tox|[from] ability: Poison Heal
|upkeep
|turn|16
|
|t:|1707540366
|move|p1a: Gliscor|Protect|p1a: Gliscor
|-singleturn|p1a: Gliscor|Protect
|move|p2a: Scizor|Bullet Punch|p1a: Gliscor
|-activate|p1a: Gliscor|move: Protect
|
|-heal|p1a: Gliscor|100/100 tox|[from] ability: Poison Heal
|upkeep
|turn|17
|
|t:|1707540372
|move|p2a: Scizor|Bullet Punch|p1a: Gliscor
|-damage|p1a: Gliscor|32/100 tox
|move|p1a: Gliscor|Earthquake|p2a: Scizor
|-damage|p2a: Scizor|0 fnt
|faint|p2a: Scizor
|
|-heal|p1a: Gliscor|45/100 tox|[from] ability: Poison Heal
|upkeep
|
|t:|1707540380
|switch|p2a: Reuniclus|Reuniclus, M|100/100
|turn|18
|
|t:|1707540383
|move|p1a: Gliscor|U-turn|p2a: Reuniclus
|-supereffective|p2a: Reuniclus
|-damage|p2a: Reuniclus|77/100
|
|t:|1707540386
|switch|p1a: Celebi|Celebi|100/100|[from] U-turn
|move|p2a: Reuniclus|Calm Mind|p2a: Reuniclus
|-boost|p2a: Reuniclus|spa|1
|-boost|p2a: Reuniclus|spd|1
|
|-heal|p2a: Reuniclus|83/100|[from] item: Leftovers
|upkeep
|turn|19
|
|t:|1707540393
|move|p1a: Celebi|U-turn|p2a: Reuniclus
|-supereffective|p2a: Reuniclus
|-damage|p2a: Reuniclus|62/100
|
|t:|1707540397
|switch|p1a: Chansey|Chansey, F|88/100|[from] U-turn
|move|p2a: Reuniclus|Calm Mind|p2a: Reuniclus
|-boost|p2a: Reuniclus|spa|1
|-boost|p2a: Reuniclus|spd|1
|
|-heal|p2a: Reuniclus|68/100|[from] item: Leftovers
|upkeep
|turn|20
|
|t:|1707540405
|move|p1a: Chansey|Seismic Toss|p2a: Reuniclus
|-damage|p2a: Reuniclus|45/100
|move|p2a: Reuniclus|Focus Blast|p1a: Chansey
|-supereffective|p1a: Chansey
|-damage|p1a: Chansey|59/100
|
|-heal|p2a: Reuniclus|51/100|[from] item: Leftovers
|upkeep
|turn|21
|
|t:|1707540413
|move|p1a: Chansey|Seismic Toss|p2a: Reuniclus
|-damage|p2a: Reuniclus|27/100
|move|p2a: Reuniclus|Trick Room|p2a: Reuniclus
|-fieldstart|move: Trick Room|[of] p2a: Reuniclus
|
|-heal|p2a: Reuniclus|34/100|[from] item: Leftovers
|upkeep
|turn|22
|
|t:|1707540419
|move|p2a: Reuniclus|Focus Blast|p1a: Chansey
|-supereffective|p1a: Chansey
|-damage|p1a: Chansey|28/100
|move|p1a: Chansey|Seismic Toss|p2a: Reuniclus
|-damage|p2a: Reuniclus|10/100
|
|-heal|p2a: Reuniclus|16/100|[from] item: Leftovers
|upkeep
|turn|23
|
|t:|1707540426
|move|p2a: Reuniclus|Focus Blast|p1a: Chansey|[miss]
|-miss|p2a: Reuniclus|p1a: Chansey
|move|p1a: Chansey|Seismic Toss|p2a: Reuniclus
|-damage|p2a: Reuniclus|0 fnt
|faint|p2a: Reuniclus
|
|upkeep
|inactive|Battle timer is ON: inactive players will automatically lose when time's up. (requested by minutemaid13)
|
|t:|1707540434
|switch|p2a: Slowking|Slowking, F|100/100
|-damage|p2a: Slowking|88/100|[from] Stealth Rock
|turn|24
|
|t:|1707540439
|move|p2a: Slowking|Psyshock|p1a: Chansey
|-damage|p1a: Chansey|0 fnt
|faint|p1a: Chansey
|
|-heal|p2a: Slowking|94/100|[from] item: Leftovers
|upkeep
|
|t:|1707540443
|switch|p1a: Celebi|Celebi|100/100
|turn|25
|
|t:|1707540457
|move|p2a: Slowking|Surf|p1a: Celebi
|-resisted|p1a: Celebi
|-crit|p1a: Celebi
|-damage|p1a: Celebi|74/100
|move|p1a: Celebi|Giga Drain|p2a: Slowking
|-supereffective|p2a: Slowking
|-damage|p2a: Slowking|53/100
|-heal|p1a: Celebi|95/100|[from] drain|[of] p2a: Slowking
|
|-heal|p2a: Slowking|59/100|[from] item: Leftovers
|-fieldend|move: Trick Room
|upkeep
|turn|26
|
|t:|1707540466
|move|p1a: Celebi|Giga Drain|p2a: Slowking
|-supereffective|p2a: Slowking
|-damage|p2a: Slowking|20/100
|-heal|p1a: Celebi|100/100|[from] drain|[of] p2a: Slowking
|move|p2a: Slowking|Trick Room|p2a: Slowking
|-fieldstart|move: Trick Room|[of] p2a: Slowking
|
|-heal|p2a: Slowking|26/100|[from] item: Leftovers
|upkeep
|turn|27
|
|t:|1707540474
|move|p2a: Slowking|Surf|p1a: Celebi
|-resisted|p1a: Celebi
|-damage|p1a: Celebi|88/100
|move|p1a: Celebi|U-turn|p2a: Slowking
|-supereffective|p2a: Slowking
|-damage|p2a: Slowking|0 fnt
|faint|p2a: Slowking
|
|t:|1707540484
|switch|p1a: Gliscor|Gliscor, M, shiny|45/100 tox|[from] U-turn
|
|-heal|p1a: Gliscor|57/100 tox|[from] ability: Poison Heal
|upkeep
|
|t:|1707540489
|switch|p2a: Ursaring|Ursaring, F|100/100
|-damage|p2a: Ursaring|88/100|[from] Stealth Rock
|turn|28
|
|t:|1707540498
|move|p2a: Ursaring|Facade|p1a: Gliscor
|-damage|p1a: Gliscor|31/100 tox
|move|p1a: Gliscor|Knock Off|p2a: Ursaring
|-damage|p2a: Ursaring|83/100
|-enditem|p2a: Ursaring|Flame Orb|[from] move: Knock Off|[of] p1a: Gliscor
|
|-heal|p1a: Gliscor|44/100 tox|[from] ability: Poison Heal
|upkeep
|turn|29
|
|t:|1707540506
|move|p2a: Ursaring|Facade|p1a: Gliscor
|-damage|p1a: Gliscor|16/100 tox
|move|p1a: Gliscor|Earthquake|p2a: Ursaring
|-damage|p2a: Ursaring|47/100
|
|-heal|p1a: Gliscor|28/100 tox|[from] ability: Poison Heal
|upkeep
|turn|30
|
|t:|1707540513
|move|p1a: Gliscor|Protect|p1a: Gliscor
|-singleturn|p1a: Gliscor|Protect
|move|p2a: Ursaring|Facade|p1a: Gliscor
|-activate|p1a: Gliscor|move: Protect
|
|-heal|p1a: Gliscor|41/100 tox|[from] ability: Poison Heal
|-fieldend|move: Trick Room
|upkeep
|turn|31
|
|t:|1707540520
|move|p1a: Gliscor|Earthquake|p2a: Ursaring
|-damage|p2a: Ursaring|8/100
|move|p2a: Ursaring|Facade|p1a: Gliscor
|-damage|p1a: Gliscor|16/100 tox
|
|-heal|p1a: Gliscor|29/100 tox|[from] ability: Poison Heal
|upkeep
|turn|32
|
|t:|1707540527
|move|p1a: Gliscor|Protect|p1a: Gliscor
|-singleturn|p1a: Gliscor|Protect
|move|p2a: Ursaring|Facade|p1a: Gliscor
|-activate|p1a: Gliscor|move: Protect
|
|-heal|p1a: Gliscor|41/100 tox|[from] ability: Poison Heal
|upkeep
|turn|33
|
|t:|1707540534
|move|p1a: Gliscor|Earthquake|p2a: Ursaring
|-damage|p2a: Ursaring|0 fnt
|faint|p2a: Ursaring
|
|win|minutemaid13
|raw|minutemaid13's rating: 1317 &rarr; <strong>1338</strong><br />(+21 for winning)
|raw|grantpokemon's rating: 1340 &rarr; <strong>1319</strong><br />(-21 for losing)
