|j|☆HydreigonSpammer
|j|☆DaBusta
|t:|1733944192
|gametype|singles
|player|p1|HydreigonSpammer|veteranf|1311
|player|p2|DaBusta|fisherman|1323
|teamsize|p1|6
|teamsize|p2|6
|gen|5
|tier|[Gen 5] OU
|rated|
|rule|Species Clause: Limit one of each Pokémon
|rule|OHKO Clause: OHKO moves are banned
|rule|Moody Clause: Moody is banned
|rule|Evasion Items Clause: Evasion items are banned
|rule|Evasion Moves Clause: Evasion moves are banned
|rule|Endless Battle Clause: Forcing endless battles is banned
|rule|HP Percentage Mod: HP is shown in percentages
|rule|Evasion Abilities Clause: Evasion abilities are banned
|rule|Sleep Moves Clause: Sleep-inducing moves are banned
|rule|Swagger Clause: Swagger is banned
|rule|Baton Pass Stat Clause: No Baton Passer may have a way to boost its stats
|clearpoke
|poke|p1|Politoed, F|item
|poke|p1|Volcarona, F|item
|poke|p1|Garchomp, F|item
|poke|p1|Latios, M|item
|poke|p1|Tornadus, M|item
|poke|p1|Starmie|item
|poke|p2|Politoed, F|item
|poke|p2|Gyarados, M|item
|poke|p2|Jolteon, F|item
|poke|p2|Latios, M|item
|poke|p2|Ferrothorn, M|item
|poke|p2|Landorus-Therian, M|item
|teampreview
|
|t:|1733944218
|start
|switch|p1a: Garchomp|Garchomp, F|100/100
|switch|p2a: Politoed|Politoed, F|100/100
|-weather|RainDance|[from] ability: Drizzle|[of] p2a: Politoed
|turn|1
|
|t:|1733944224
|move|p1a: Garchomp|Stealth Rock|p2a: Politoed
|-sidestart|p2: DaBusta|move: Stealth Rock
|move|p2a: Politoed|Scald|p1a: Garchomp
|-damage|p1a: Garchomp|56/100
|
|-weather|RainDance|[upkeep]
|upkeep
|turn|2
|
|t:|1733944233
|move|p1a: Garchomp|Earthquake|p2a: Politoed
|-damage|p2a: Politoed|57/100
|move|p2a: Politoed|Toxic|p1a: Garchomp
|-status|p1a: Garchomp|tox
|
|-weather|RainDance|[upkeep]
|-heal|p2a: Politoed|63/100|[from] item: Leftovers
|-damage|p1a: Garchomp|50/100 tox|[from] psn
|upkeep
|turn|3
|
|t:|1733944238
|switch|p2a: Ferrothorn|Ferrothorn, M|100/100
|-damage|p2a: Ferrothorn|94/100|[from] Stealth Rock
|move|p1a: Garchomp|Swords Dance|p1a: Garchomp
|-boost|p1a: Garchomp|atk|2
|
|-weather|RainDance|[upkeep]
|-heal|p2a: Ferrothorn|100/100|[from] item: Leftovers
|-damage|p1a: Garchomp|37/100 tox|[from] psn
|upkeep
|turn|4
|
|t:|1733944244
|move|p1a: Garchomp|Earthquake|p2a: Ferrothorn
|-crit|p2a: Ferrothorn
|-damage|p2a: Ferrothorn|0 fnt
|faint|p2a: Ferrothorn
|
|-weather|RainDance|[upkeep]
|-damage|p1a: Garchomp|19/100 tox|[from] psn
|upkeep
|
|t:|1733944269
|switch|p2a: Landorus|Landorus-Therian, M|100/100
|-damage|p2a: Landorus|88/100|[from] Stealth Rock
|-ability|p2a: Landorus|Intimidate|boost
|-unboost|p1a: Garchomp|atk|1
|turn|5
|
|t:|1733944275
|move|p1a: Garchomp|Aqua Tail|p2a: Landorus
|-supereffective|p2a: Landorus
|-damage|p2a: Landorus|0 fnt
|faint|p2a: Landorus
|
|-weather|RainDance|[upkeep]
|-damage|p1a: Garchomp|0 fnt|[from] psn
|faint|p1a: Garchomp
|upkeep
|
|t:|1733944283
|switch|p1a: Latios|Latios, M|100/100
|switch|p2a: Latios|Latios, M|100/100
|-damage|p2a: Latios|88/100|[from] Stealth Rock
|turn|6
|
|t:|1733944297
|switch|p1a: Politoed|Politoed, F|100/100
|move|p2a: Latios|Dragon Pulse|p1a: Politoed
|-damage|p1a: Politoed|53/100
|
|-weather|RainDance|[upkeep]
|upkeep
|turn|7
|
|t:|1733944308
|switch|p2a: Jolteon|Jolteon, F|100/100
|-damage|p2a: Jolteon|88/100|[from] Stealth Rock
|move|p1a: Politoed|Ice Beam|p2a: Jolteon
|-damage|p2a: Jolteon|54/100
|
|-weather|RainDance|[upkeep]
|upkeep
|turn|8
|
|t:|1733944323
|move|p2a: Jolteon|Thunder|p1a: Politoed
|-supereffective|p1a: Politoed
|-damage|p1a: Politoed|0 fnt
|faint|p1a: Politoed
|-damage|p2a: Jolteon|44/100|[from] item: Life Orb
|
|-weather|RainDance|[upkeep]
|upkeep
|
|t:|1733944339
|switch|p1a: Latios|Latios, M|100/100
|turn|9
|
|t:|1733944346
|switch|p2a: Politoed|Politoed, F|63/100
|-damage|p2a: Politoed|50/100|[from] Stealth Rock
|move|p1a: Latios|Draco Meteor|p2a: Politoed
|-damage|p2a: Politoed|0 fnt
|-unboost|p1a: Latios|spa|2
|faint|p2a: Politoed
|
|-weather|RainDance|[upkeep]
|upkeep
|
|t:|1733944356
|switch|p2a: Latios|Latios, M|88/100
|-damage|p2a: Latios|76/100|[from] Stealth Rock
|turn|10
|
|t:|1733944369
|switch|p1a: Tornadus|Tornadus, M|100/100
|move|p2a: Latios|Dragon Pulse|p1a: Tornadus
|-damage|p1a: Tornadus|31/100
|
|-weather|RainDance|[upkeep]
|upkeep
|turn|11
|
|t:|1733944375
|move|p2a: Latios|Dragon Pulse|p1a: Tornadus
|-damage|p1a: Tornadus|0 fnt
|faint|p1a: Tornadus
|
|-weather|RainDance|[upkeep]
|upkeep
|
|t:|1733944382
|switch|p1a: Volcarona|Volcarona, F|100/100
|turn|12
|
|t:|1733944403
|switch|p2a: Gyarados|Gyarados, M|100/100
|-damage|p2a: Gyarados|76/100|[from] Stealth Rock
|move|p1a: Volcarona|Bug Buzz|p2a: Gyarados
|-resisted|p2a: Gyarados
|-damage|p2a: Gyarados|43/100
|-damage|p1a: Volcarona|91/100|[from] item: Life Orb
|
|-weather|RainDance|[upkeep]
|upkeep
|turn|13
|
|t:|1733944413
|move|p1a: Volcarona|Hurricane|p2a: Gyarados
|-damage|p2a: Gyarados|0 fnt
|faint|p2a: Gyarados
|-damage|p1a: Volcarona|81/100|[from] item: Life Orb
|
|-weather|RainDance|[upkeep]
|upkeep
|
|t:|1733944416
|switch|p2a: Jolteon|Jolteon, F|44/100
|-damage|p2a: Jolteon|31/100|[from] Stealth Rock
|turn|14
|
|t:|1733944432
|switch|p1a: Starmie|Starmie|100/100
|move|p2a: Jolteon|Thunder|p1a: Starmie
|-supereffective|p1a: Starmie
|-damage|p1a: Starmie|0 fnt
|faint|p1a: Starmie
|-damage|p2a: Jolteon|22/100|[from] item: Life Orb
|
|-weather|RainDance|[upkeep]
|upkeep
|
|t:|1733944445
|switch|p1a: Latios|Latios, M|100/100
|turn|15
|
|t:|1733944453
|move|p1a: Latios|Draco Meteor|p2a: Jolteon
|-damage|p2a: Jolteon|0 fnt
|-unboost|p1a: Latios|spa|2
|faint|p2a: Jolteon
|
|-weather|RainDance|[upkeep]
|upkeep
|
|t:|1733944456
|switch|p2a: Latios|Latios, M|76/100
|-damage|p2a: Latios|64/100|[from] Stealth Rock
|turn|16
|
|t:|1733944460
|move|p1a: Latios|Draco Meteor|p2a: Latios
|-supereffective|p2a: Latios
|-damage|p2a: Latios|0 fnt
|-unboost|p1a: Latios|spa|2
|faint|p2a: Latios
|
|win|HydreigonSpammer
|raw|HydreigonSpammer's rating: 1311 &rarr; <strong>1332</strong><br />(+21 for winning)
|raw|DaBusta's rating: 1323 &rarr; <strong>1302</strong><br />(-21 for losing)
|l|☆DaBusta
|player|p2|
