|j|☆markus3362
|j|☆IKYWT
|player|p1|markus3362|164
|teamsize|p1|6
|player|p2|IKYWT|101
|teamsize|p2|6
|gametype|singles
|gen|5
|tier|[Gen 5] OU
|rated|
|rule|Sleep Clause Mod: Limit one foe put to sleep
|rule|Species Clause: Limit one of each Pokémon
|rule|OHKO Clause: OHKO moves are banned
|rule|Moody Clause: Moody is banned
|rule|Evasion Moves Clause: Evasion moves are banned
|rule|Endless Battle Clause: Forcing endless battles is banned
|rule|HP Percentage Mod: HP is shown in percentages
|rule|Evasion Abilities Clause: Evasion abilities are banned
|rule|Baton Pass Clause: Limit one Baton Passer, can't pass Spe and other stats simultaneously
|rule|Swagger Clause: Swagger is banned
|clearpoke
|poke|p1|Skarmory, F|item
|poke|p1|Slowbro, F|item
|poke|p1|Xatu, M|item
|poke|p1|Dugtrio, F|item
|poke|p1|Chansey, F|item
|poke|p1|Excadrill, M|item
|poke|p2|Politoed, M|item
|poke|p2|Ferrothorn, M|item
|poke|p2|Tentacruel, F|item
|poke|p2|Jirachi|item
|poke|p2|Tornadus, M|item
|poke|p2|Kyurem|item
|teampreview
|inactive|Battle timer is ON: inactive players will automatically lose when time's up. (requested by markus3362)
|inactive|markus3362 has 135 seconds left.
|
|start
|switch|p1a: Chansey|Chansey, F|100/100
|switch|p2a: Politoed|Politoed, M|100/100
|-weather|RainDance|[from] ability: Drizzle|[of] p2a: Politoed
|turn|1
|
|switch|p2a: Tentacruel|Tentacruel, F|100/100
|move|p1a: Chansey|Stealth Rock|p2a: Tentacruel
|-sidestart|p2: IKYWT|move: Stealth Rock
|
|-weather|RainDance|[upkeep]
|upkeep
|turn|2
|
|move|p2a: Tentacruel|Rapid Spin|p1a: Chansey
|-damage|p1a: Chansey|99/100
|-sideend|p2: IKYWT|Stealth Rock|[from] move: Rapid Spin|[of] p2a: Tentacruel
|move|p1a: Chansey|Thunder Wave|p2a: Tentacruel
|-status|p2a: Tentacruel|par
|
|-weather|RainDance|[upkeep]
|upkeep
|turn|3
|
|move|p1a: Chansey|Stealth Rock|p2a: Tentacruel
|-sidestart|p2: IKYWT|move: Stealth Rock
|move|p2a: Tentacruel|Scald|p1a: Chansey
|-damage|p1a: Chansey|88/100
|
|-weather|RainDance|[upkeep]
|upkeep
|turn|4
|
|move|p1a: Chansey|Seismic Toss|p2a: Tentacruel
|-damage|p2a: Tentacruel|73/100 par
|move|p2a: Tentacruel|Rapid Spin|p1a: Chansey
|-damage|p1a: Chansey|86/100
|-sideend|p2: IKYWT|Stealth Rock|[from] move: Rapid Spin|[of] p2a: Tentacruel
|
|-weather|RainDance|[upkeep]
|-heal|p2a: Tentacruel|79/100 par|[from] ability: Rain Dish
|-heal|p2a: Tentacruel|85/100 par|[from] item: Black Sludge
|upkeep
|turn|5
|
|move|p1a: Chansey|Stealth Rock|p2a: Tentacruel
|-sidestart|p2: IKYWT|move: Stealth Rock
|move|p2a: Tentacruel|Toxic Spikes|p1a: Chansey
|-sidestart|p1: markus3362|move: Toxic Spikes
|
|-weather|RainDance|[upkeep]
|-heal|p2a: Tentacruel|91/100 par|[from] ability: Rain Dish
|-heal|p2a: Tentacruel|97/100 par|[from] item: Black Sludge
|upkeep
|turn|6
|
|move|p1a: Chansey|Seismic Toss|p2a: Tentacruel
|-damage|p2a: Tentacruel|70/100 par
|move|p2a: Tentacruel|Rapid Spin|p1a: Chansey
|-damage|p1a: Chansey|84/100
|-sideend|p2: IKYWT|Stealth Rock|[from] move: Rapid Spin|[of] p2a: Tentacruel
|
|-weather|RainDance|[upkeep]
|-heal|p2a: Tentacruel|76/100 par|[from] ability: Rain Dish
|-heal|p2a: Tentacruel|82/100 par|[from] item: Black Sludge
|upkeep
|turn|7
|
|move|p1a: Chansey|Stealth Rock|p2a: Tentacruel
|-sidestart|p2: IKYWT|move: Stealth Rock
|cant|p2a: Tentacruel|par
|
|-weather|RainDance|[upkeep]
|-heal|p2a: Tentacruel|88/100 par|[from] ability: Rain Dish
|-heal|p2a: Tentacruel|94/100 par|[from] item: Black Sludge
|upkeep
|turn|8
|
|move|p1a: Chansey|Seismic Toss|p2a: Tentacruel
|-damage|p2a: Tentacruel|66/100 par
|cant|p2a: Tentacruel|par
|
|-weather|RainDance|[upkeep]
|-heal|p2a: Tentacruel|72/100 par|[from] ability: Rain Dish
|-heal|p2a: Tentacruel|78/100 par|[from] item: Black Sludge
|upkeep
|turn|9
|
|move|p1a: Chansey|Seismic Toss|p2a: Tentacruel
|-damage|p2a: Tentacruel|51/100 par
|move|p2a: Tentacruel|Rapid Spin|p1a: Chansey
|-damage|p1a: Chansey|82/100
|-sideend|p2: IKYWT|Stealth Rock|[from] move: Rapid Spin|[of] p2a: Tentacruel
|
|-weather|RainDance|[upkeep]
|-heal|p2a: Tentacruel|57/100 par|[from] ability: Rain Dish
|-heal|p2a: Tentacruel|63/100 par|[from] item: Black Sludge
|upkeep
|turn|10
|
|move|p1a: Chansey|Seismic Toss|p2a: Tentacruel
|-damage|p2a: Tentacruel|35/100 par
|move|p2a: Tentacruel|Toxic Spikes|p1a: Chansey
|-sidestart|p1: markus3362|move: Toxic Spikes
|
|-weather|RainDance|[upkeep]
|-heal|p2a: Tentacruel|42/100 par|[from] ability: Rain Dish
|-heal|p2a: Tentacruel|48/100 par|[from] item: Black Sludge
|upkeep
|turn|11
|
|move|p1a: Chansey|Stealth Rock|p2a: Tentacruel
|-sidestart|p2: IKYWT|move: Stealth Rock
|move|p2a: Tentacruel|Rapid Spin|p1a: Chansey
|-damage|p1a: Chansey|81/100
|-sideend|p2: IKYWT|Stealth Rock|[from] move: Rapid Spin|[of] p2a: Tentacruel
|
|-weather|RainDance|[upkeep]
|-heal|p2a: Tentacruel|54/100 par|[from] ability: Rain Dish
|-heal|p2a: Tentacruel|60/100 par|[from] item: Black Sludge
|upkeep
|turn|12
|
|move|p2a: Tentacruel|Protect|p2a: Tentacruel
|-singleturn|p2a: Tentacruel|Protect
|move|p1a: Chansey|Stealth Rock|p2a: Tentacruel
|-sidestart|p2: IKYWT|move: Stealth Rock
|
|-weather|RainDance|[upkeep]
|-heal|p2a: Tentacruel|66/100 par|[from] ability: Rain Dish
|-heal|p2a: Tentacruel|72/100 par|[from] item: Black Sludge
|upkeep
|turn|13
|
|move|p1a: Chansey|Seismic Toss|p2a: Tentacruel
|-damage|p2a: Tentacruel|44/100 par
|cant|p2a: Tentacruel|par
|
|-weather|RainDance|[upkeep]
|-heal|p2a: Tentacruel|50/100 par|[from] ability: Rain Dish
|-heal|p2a: Tentacruel|56/100 par|[from] item: Black Sludge
|upkeep
|turn|14
|
|move|p1a: Chansey|Seismic Toss|p2a: Tentacruel
|-damage|p2a: Tentacruel|29/100 par
|move|p2a: Tentacruel|Rapid Spin|p1a: Chansey
|-damage|p1a: Chansey|79/100
|-sideend|p2: IKYWT|Stealth Rock|[from] move: Rapid Spin|[of] p2a: Tentacruel
|
|-weather|RainDance|[upkeep]
|-heal|p2a: Tentacruel|35/100 par|[from] ability: Rain Dish
|-heal|p2a: Tentacruel|41/100 par|[from] item: Black Sludge
|upkeep
|turn|15
|
|move|p1a: Chansey|Seismic Toss|p2a: Tentacruel
|-damage|p2a: Tentacruel|13/100 par
|move|p2a: Tentacruel|Scald|p1a: Chansey
|-damage|p1a: Chansey|68/100
|
|-weather|RainDance|[upkeep]
|-heal|p2a: Tentacruel|20/100 par|[from] ability: Rain Dish
|-heal|p2a: Tentacruel|26/100 par|[from] item: Black Sludge
|upkeep
|turn|16
|
|cant|p2a: Tentacruel|par
|move|p1a: Chansey|Stealth Rock|p2a: Tentacruel
|-sidestart|p2: IKYWT|move: Stealth Rock
|
|-weather|RainDance|[upkeep]
|-heal|p2a: Tentacruel|32/100 par|[from] ability: Rain Dish
|-heal|p2a: Tentacruel|38/100 par|[from] item: Black Sludge
|upkeep
|turn|17
|
|move|p2a: Tentacruel|Protect|p2a: Tentacruel
|-singleturn|p2a: Tentacruel|Protect
|move|p1a: Chansey|Seismic Toss|p2a: Tentacruel
|-activate|p2a: Tentacruel|move: Protect
|
|-weather|RainDance|[upkeep]
|-heal|p2a: Tentacruel|44/100 par|[from] ability: Rain Dish
|-heal|p2a: Tentacruel|50/100 par|[from] item: Black Sludge
|upkeep
|turn|18
|
|move|p1a: Chansey|Seismic Toss|p2a: Tentacruel
|-damage|p2a: Tentacruel|22/100 par
|cant|p2a: Tentacruel|par
|
|-weather|RainDance|[upkeep]
|-heal|p2a: Tentacruel|28/100 par|[from] ability: Rain Dish
|-heal|p2a: Tentacruel|34/100 par|[from] item: Black Sludge
|upkeep
|turn|19
|
|move|p2a: Tentacruel|Protect|p2a: Tentacruel
|-singleturn|p2a: Tentacruel|Protect
|move|p1a: Chansey|Seismic Toss|p2a: Tentacruel
|-activate|p2a: Tentacruel|move: Protect
|
|-weather|RainDance|[upkeep]
|-heal|p2a: Tentacruel|40/100 par|[from] ability: Rain Dish
|-heal|p2a: Tentacruel|47/100 par|[from] item: Black Sludge
|upkeep
|turn|20
|
|move|p1a: Chansey|Seismic Toss|p2a: Tentacruel
|-damage|p2a: Tentacruel|19/100 par
|move|p2a: Tentacruel|Rapid Spin|p1a: Chansey
|-damage|p1a: Chansey|66/100
|-sideend|p2: IKYWT|Stealth Rock|[from] move: Rapid Spin|[of] p2a: Tentacruel
|
|-weather|RainDance|[upkeep]
|-heal|p2a: Tentacruel|25/100 par|[from] ability: Rain Dish
|-heal|p2a: Tentacruel|31/100 par|[from] item: Black Sludge
|upkeep
|turn|21
|
|move|p1a: Chansey|Stealth Rock|p2a: Tentacruel
|-sidestart|p2: IKYWT|move: Stealth Rock
|move|p2a: Tentacruel|Scald|p1a: Chansey
|-damage|p1a: Chansey|55/100
|
|-weather|RainDance|[upkeep]
|-heal|p2a: Tentacruel|37/100 par|[from] ability: Rain Dish
|-heal|p2a: Tentacruel|43/100 par|[from] item: Black Sludge
|upkeep
|turn|22
|
|move|p2a: Tentacruel|Protect|p2a: Tentacruel
|-singleturn|p2a: Tentacruel|Protect
|move|p1a: Chansey|Seismic Toss|p2a: Tentacruel
|-activate|p2a: Tentacruel|move: Protect
|
|-weather|RainDance|[upkeep]
|-heal|p2a: Tentacruel|49/100 par|[from] ability: Rain Dish
|-heal|p2a: Tentacruel|55/100 par|[from] item: Black Sludge
|upkeep
|turn|23
|
|move|p1a: Chansey|Seismic Toss|p2a: Tentacruel
|-damage|p2a: Tentacruel|28/100 par
|move|p2a: Tentacruel|Rapid Spin|p1a: Chansey
|-damage|p1a: Chansey|53/100
|-sideend|p2: IKYWT|Stealth Rock|[from] move: Rapid Spin|[of] p2a: Tentacruel
|
|-weather|RainDance|[upkeep]
|-heal|p2a: Tentacruel|34/100 par|[from] ability: Rain Dish
|-heal|p2a: Tentacruel|40/100 par|[from] item: Black Sludge
|upkeep
|turn|24
|
|move|p1a: Chansey|Seismic Toss|p2a: Tentacruel
|-damage|p2a: Tentacruel|12/100 par
|move|p2a: Tentacruel|Scald|p1a: Chansey
|-crit|p1a: Chansey
|-damage|p1a: Chansey|30/100
|-status|p1a: Chansey|brn
|
|-weather|RainDance|[upkeep]
|-heal|p2a: Tentacruel|18/100 par|[from] ability: Rain Dish
|-heal|p2a: Tentacruel|24/100 par|[from] item: Black Sludge
|-damage|p1a: Chansey|18/100 brn|[from] brn
|upkeep
|turn|25
|
|move|p2a: Tentacruel|Protect|p2a: Tentacruel
|-singleturn|p2a: Tentacruel|Protect
|move|p1a: Chansey|Soft-Boiled|p1a: Chansey
|-heal|p1a: Chansey|68/100 brn
|
|-weather|RainDance|[upkeep]
|-heal|p2a: Tentacruel|31/100 par|[from] ability: Rain Dish
|-heal|p2a: Tentacruel|37/100 par|[from] item: Black Sludge
|-damage|p1a: Chansey|56/100 brn|[from] brn
|upkeep
|turn|26
|
|move|p1a: Chansey|Soft-Boiled|p1a: Chansey
|-heal|p1a: Chansey|100/100 brn
|cant|p2a: Tentacruel|par
|
|-weather|RainDance|[upkeep]
|-heal|p2a: Tentacruel|43/100 par|[from] ability: Rain Dish
|-heal|p2a: Tentacruel|49/100 par|[from] item: Black Sludge
|-damage|p1a: Chansey|88/100 brn|[from] brn
|upkeep
|turn|27
|
|-curestatus|p1a: Chansey|brn|[from] ability: Natural Cure
|switch|p1a: Skarmory|Skarmory, F|100/100
|move|p2a: Tentacruel|Scald|p1a: Skarmory
|-damage|p1a: Skarmory|55/100
|
|-weather|RainDance|[upkeep]
|-heal|p2a: Tentacruel|55/100 par|[from] ability: Rain Dish
|-heal|p1a: Skarmory|61/100|[from] item: Leftovers
|-heal|p2a: Tentacruel|61/100 par|[from] item: Black Sludge
|upkeep
|turn|28
|
|cant|p2a: Tentacruel|par
|move|p1a: Skarmory|Whirlwind|p2a: Tentacruel
|drag|p2a: Kyurem|Kyurem|100/100
|-ability|p2a: Kyurem|Pressure
|
|-weather|RainDance|[upkeep]
|-heal|p1a: Skarmory|67/100|[from] item: Leftovers
|upkeep
|turn|29
|
|move|p2a: Kyurem|Ice Beam|p1a: Skarmory
|-damage|p1a: Skarmory|4/100
|move|p1a: Skarmory|Roost|p1a: Skarmory
|-heal|p1a: Skarmory|55/100
|
|-weather|RainDance|[upkeep]
|-heal|p1a: Skarmory|61/100|[from] item: Leftovers
|upkeep
|turn|30
|
|switch|p1a: Chansey|Chansey, F|88/100
|-status|p1a: Chansey|tox
|move|p2a: Kyurem|Ice Beam|p1a: Chansey
|-damage|p1a: Chansey|72/100 tox
|
|-weather|RainDance|[upkeep]
|-damage|p1a: Chansey|66/100 tox|[from] psn
|upkeep
|turn|31
|
|move|p2a: Kyurem|Substitute|p2a: Kyurem
|-start|p2a: Kyurem|Substitute
|-damage|p2a: Kyurem|75/100
|move|p1a: Chansey|Stealth Rock|p2a: Kyurem
|-sidestart|p2: IKYWT|move: Stealth Rock
|
|-weather|RainDance|[upkeep]
|-heal|p2a: Kyurem|82/100|[from] item: Leftovers
|-damage|p1a: Chansey|54/100 tox|[from] psn
|upkeep
|turn|32
|
|move|p2a: Kyurem|Ice Beam|p1a: Chansey
|-damage|p1a: Chansey|38/100 tox
|move|p1a: Chansey|Soft-Boiled|p1a: Chansey
|-heal|p1a: Chansey|88/100 tox
|
|-weather|RainDance|[upkeep]
|-heal|p2a: Kyurem|88/100|[from] item: Leftovers
|-damage|p1a: Chansey|70/100 tox|[from] psn
|upkeep
|turn|33
|
|-curestatus|p1a: Chansey|tox|[from] ability: Natural Cure
|switch|p1a: Slowbro|Slowbro, F|100/100
|-status|p1a: Slowbro|tox
|move|p2a: Kyurem|Earth Power|p1a: Slowbro
|-damage|p1a: Slowbro|69/100 tox
|
|-weather|RainDance|[upkeep]
|-heal|p2a: Kyurem|94/100|[from] item: Leftovers
|-heal|p1a: Slowbro|75/100 tox|[from] item: Leftovers
|-damage|p1a: Slowbro|69/100 tox|[from] psn
|upkeep
|turn|34
|
|move|p2a: Kyurem|Earth Power|p1a: Slowbro
|-damage|p1a: Slowbro|37/100 tox
|move|p1a: Slowbro|Slack Off|p1a: Slowbro
|-heal|p1a: Slowbro|87/100 tox
|
|-weather|RainDance|[upkeep]
|-heal|p2a: Kyurem|99/100|[from] item: Leftovers
|-heal|p1a: Slowbro|93/100 tox|[from] item: Leftovers
|-damage|p1a: Slowbro|80/100 tox|[from] psn
|upkeep
|turn|35
|
|switch|p1a: Chansey|Chansey, F|70/100
|-status|p1a: Chansey|tox
|move|p2a: Kyurem|Earth Power|p1a: Chansey
|-damage|p1a: Chansey|61/100 tox
|-unboost|p1a: Chansey|spd|1
|
|-weather|RainDance|[upkeep]
|-heal|p2a: Kyurem|100/100|[from] item: Leftovers
|-damage|p1a: Chansey|55/100 tox|[from] psn
|upkeep
|turn|36
|
|move|p2a: Kyurem|Ice Beam|p1a: Chansey
|-damage|p1a: Chansey|33/100 tox
|move|p1a: Chansey|Soft-Boiled|p1a: Chansey
|-heal|p1a: Chansey|83/100 tox
|
|-weather|RainDance|[upkeep]
|-damage|p1a: Chansey|71/100 tox|[from] psn
|upkeep
|turn|37
|
|-curestatus|p1a: Chansey|tox|[from] ability: Natural Cure
|switch|p1a: Slowbro|Slowbro, F|100/100 tox
|move|p2a: Kyurem|Earth Power|p1a: Slowbro
|-damage|p1a: Slowbro|67/100 tox
|
|-weather|RainDance|[upkeep]
|-heal|p1a: Slowbro|73/100 tox|[from] item: Leftovers
|-damage|p1a: Slowbro|67/100 tox|[from] psn
|upkeep
|turn|38
|
|switch|p1a: Chansey|Chansey, F|71/100
|-status|p1a: Chansey|tox
|move|p2a: Kyurem|Earth Power|p1a: Chansey
|-damage|p1a: Chansey|61/100 tox
|
|-weather|RainDance|[upkeep]
|-damage|p1a: Chansey|55/100 tox|[from] psn
|upkeep
|turn|39
|
|move|p2a: Kyurem|Earth Power|p1a: Chansey
|-damage|p1a: Chansey|46/100 tox
|move|p1a: Chansey|Soft-Boiled|p1a: Chansey
|-heal|p1a: Chansey|96/100 tox
|
|-weather|RainDance|[upkeep]
|-damage|p1a: Chansey|84/100 tox|[from] psn
|upkeep
|turn|40
|
|-curestatus|p1a: Chansey|tox|[from] ability: Natural Cure
|switch|p1a: Slowbro|Slowbro, F|99/100 tox
|move|p2a: Kyurem|Ice Beam|p1a: Slowbro
|-resisted|p1a: Slowbro
|-damage|p1a: Slowbro|77/100 tox
|
|-weather|RainDance|[upkeep]
|-heal|p1a: Slowbro|83/100 tox|[from] item: Leftovers
|-damage|p1a: Slowbro|77/100 tox|[from] psn
|upkeep
|turn|41
|
|move|p2a: Kyurem|Earth Power|p1a: Slowbro
|-damage|p1a: Slowbro|46/100 tox
|move|p1a: Slowbro|Slack Off|p1a: Slowbro
|-heal|p1a: Slowbro|96/100 tox
|
|-weather|RainDance|[upkeep]
|-heal|p1a: Slowbro|100/100 tox|[from] item: Leftovers
|-damage|p1a: Slowbro|88/100 tox|[from] psn
|upkeep
|turn|42
|
|switch|p1a: Chansey|Chansey, F|84/100
|-status|p1a: Chansey|tox
|move|p2a: Kyurem|Earth Power|p1a: Chansey
|-damage|p1a: Chansey|75/100 tox
|
|-weather|RainDance|[upkeep]
|-damage|p1a: Chansey|69/100 tox|[from] psn
|upkeep
|turn|43
|
|-curestatus|p1a: Chansey|tox|[from] ability: Natural Cure
|switch|p1a: Slowbro|Slowbro, F|100/100 tox
|move|p2a: Kyurem|Ice Beam|p1a: Slowbro
|-resisted|p1a: Slowbro
|-damage|p1a: Slowbro|74/100 tox
|
|-weather|RainDance|[upkeep]
|-heal|p1a: Slowbro|80/100 tox|[from] item: Leftovers
|-damage|p1a: Slowbro|74/100 tox|[from] psn
|upkeep
|turn|44
|
|switch|p1a: Chansey|Chansey, F|69/100
|-status|p1a: Chansey|tox
|move|p2a: Kyurem|Earth Power|p1a: Chansey
|-damage|p1a: Chansey|59/100 tox
|
|-weather|RainDance|[upkeep]
|-damage|p1a: Chansey|53/100 tox|[from] psn
|upkeep
|turn|45
|
|switch|p2a: Tentacruel|Tentacruel, F|61/100 par
|-damage|p2a: Tentacruel|48/100 par|[from] Stealth Rock
|move|p1a: Chansey|Soft-Boiled|p1a: Chansey
|-heal|p1a: Chansey|100/100 tox
|
|-weather|RainDance|[upkeep]
|-heal|p2a: Tentacruel|54/100 par|[from] ability: Rain Dish
|-heal|p2a: Tentacruel|61/100 par|[from] item: Black Sludge
|-damage|p1a: Chansey|88/100 tox|[from] psn
|upkeep
|turn|46
|
|-curestatus|p1a: Chansey|tox|[from] ability: Natural Cure
|switch|p1a: Excadrill|Excadrill, M|100/100
|move|p2a: Tentacruel|Rapid Spin|p1a: Excadrill
|-resisted|p1a: Excadrill
|-damage|p1a: Excadrill|99/100
|-sideend|p2: IKYWT|Stealth Rock|[from] move: Rapid Spin|[of] p2a: Tentacruel
|
|-weather|RainDance|[upkeep]
|-heal|p2a: Tentacruel|67/100 par|[from] ability: Rain Dish
|-heal|p1a: Excadrill|100/100|[from] item: Leftovers
|-heal|p2a: Tentacruel|73/100 par|[from] item: Black Sludge
|upkeep
|turn|47
|
|move|p1a: Excadrill|Earthquake|p2a: Tentacruel
|-supereffective|p2a: Tentacruel
|-damage|p2a: Tentacruel|0 fnt
|faint|p2a: Tentacruel
|
|-weather|RainDance|[upkeep]
|upkeep
|
|switch|p2a: Politoed|Politoed, M|100/100
|turn|48
|
|move|p1a: Excadrill|Protect|p1a: Excadrill
|-singleturn|p1a: Excadrill|Protect
|move|p2a: Politoed|Surf|p1a: Excadrill
|-activate|p1a: Excadrill|move: Protect
|
|-weather|RainDance|[upkeep]
|upkeep
|turn|49
|
|switch|p1a: Chansey|Chansey, F|88/100
|-status|p1a: Chansey|tox
|move|p2a: Politoed|Surf|p1a: Chansey
|-damage|p1a: Chansey|69/100 tox
|
|-weather|RainDance|[upkeep]
|-damage|p1a: Chansey|63/100 tox|[from] psn
|upkeep
|turn|50
|
|move|p2a: Politoed|Surf|p1a: Chansey
|-damage|p1a: Chansey|45/100 tox
|move|p1a: Chansey|Stealth Rock|p2a: Politoed
|-sidestart|p2: IKYWT|move: Stealth Rock
|
|-weather|RainDance|[upkeep]
|-damage|p1a: Chansey|33/100 tox|[from] psn
|upkeep
|turn|51
|
|move|p2a: Politoed|Surf|p1a: Chansey
|-damage|p1a: Chansey|15/100 tox
|move|p1a: Chansey|Soft-Boiled|p1a: Chansey
|-heal|p1a: Chansey|65/100 tox
|
|-weather|RainDance|[upkeep]
|-damage|p1a: Chansey|47/100 tox|[from] psn
|upkeep
|turn|52
|
|move|p2a: Politoed|Surf|p1a: Chansey
|-damage|p1a: Chansey|30/100 tox
|move|p1a: Chansey|Soft-Boiled|p1a: Chansey
|-heal|p1a: Chansey|80/100 tox
|
|-weather|RainDance|[upkeep]
|-damage|p1a: Chansey|55/100 tox|[from] psn
|upkeep
|turn|53
|
|-curestatus|p1a: Chansey|tox|[from] ability: Natural Cure
|switch|p1a: Slowbro|Slowbro, F|100/100 tox
|move|p2a: Politoed|Surf|p1a: Slowbro
|-resisted|p1a: Slowbro
|-damage|p1a: Slowbro|69/100 tox
|
|-weather|RainDance|[upkeep]
|-heal|p1a: Slowbro|75/100 tox|[from] item: Leftovers
|-damage|p1a: Slowbro|69/100 tox|[from] psn
|upkeep
|turn|54
|
|switch|p1a: Chansey|Chansey, F|55/100
|-status|p1a: Chansey|tox
|move|p2a: Politoed|Surf|p1a: Chansey
|-damage|p1a: Chansey|37/100 tox
|
|-weather|RainDance|[upkeep]
|-damage|p1a: Chansey|31/100 tox|[from] psn
|upkeep
|turn|55
|
|switch|p2a: Ferrothorn|Ferrothorn, M|100/100
|-damage|p2a: Ferrothorn|94/100|[from] Stealth Rock
|move|p1a: Chansey|Soft-Boiled|p1a: Chansey
|-heal|p1a: Chansey|81/100 tox
|
|-weather|RainDance|[upkeep]
|-heal|p2a: Ferrothorn|100/100|[from] item: Leftovers
|-damage|p1a: Chansey|68/100 tox|[from] psn
|upkeep
|turn|56
|
|-curestatus|p1a: Chansey|tox|[from] ability: Natural Cure
|switch|p1a: Xatu|Xatu, M|100/100
|move|p2a: Ferrothorn|Gyro Ball|p1a: Xatu
|-damage|p1a: Xatu|57/100
|-damage|p2a: Ferrothorn|84/100|[from] item: Rocky Helmet|[of] p1a: Xatu
|
|-weather|RainDance|[upkeep]
|-heal|p2a: Ferrothorn|90/100|[from] item: Leftovers
|upkeep
|turn|57
|
|move|p1a: Xatu|Roost|p1a: Xatu
|-heal|p1a: Xatu|100/100
|move|p2a: Ferrothorn|Power Whip|p1a: Xatu|[miss]
|-miss|p2a: Ferrothorn|p1a: Xatu
|
|-weather|RainDance|[upkeep]
|-heal|p2a: Ferrothorn|97/100|[from] item: Leftovers
|upkeep
|turn|58
|
|move|p1a: Xatu|Night Shade|p2a: Ferrothorn
|-damage|p2a: Ferrothorn|68/100
|move|p2a: Ferrothorn|Gyro Ball|p1a: Xatu
|-crit|p1a: Xatu
|-damage|p1a: Xatu|16/100
|-damage|p2a: Ferrothorn|52/100|[from] item: Rocky Helmet|[of] p1a: Xatu
|
|-weather|RainDance|[upkeep]
|-heal|p2a: Ferrothorn|58/100|[from] item: Leftovers
|upkeep
|turn|59
|
|move|p1a: Xatu|Roost|p1a: Xatu
|-heal|p1a: Xatu|66/100
|move|p2a: Ferrothorn|Power Whip|p1a: Xatu
|-damage|p1a: Xatu|28/100
|-damage|p2a: Ferrothorn|41/100|[from] item: Rocky Helmet|[of] p1a: Xatu
|
|-weather|RainDance|[upkeep]
|-heal|p2a: Ferrothorn|48/100|[from] item: Leftovers
|upkeep
|turn|60
|
|switch|p2a: Tornadus|Tornadus, M|100/100
|-damage|p2a: Tornadus|76/100|[from] Stealth Rock
|move|p1a: Xatu|Roost|p1a: Xatu
|-heal|p1a: Xatu|79/100
|
|-weather|RainDance|[upkeep]
|upkeep
|turn|61
|inactive|markus3362 has 135 seconds left.
|inactive|markus3362 has 120 seconds left.
|
|switch|p1a: Skarmory|Skarmory, F|61/100
|move|p2a: Tornadus|Hurricane|p1a: Skarmory
|-resisted|p1a: Skarmory
|-damage|p1a: Skarmory|0 fnt
|faint|p1a: Skarmory
|
|-weather|RainDance|[upkeep]
|upkeep
|
|switch|p1a: Excadrill|Excadrill, M|100/100
|turn|62
|
|switch|p2a: Politoed|Politoed, M|100/100
|-damage|p2a: Politoed|88/100|[from] Stealth Rock
|move|p1a: Excadrill|Rapid Spin|p2a: Politoed
|-damage|p2a: Politoed|79/100
|-sideend|p1: markus3362|Toxic Spikes|[from] move: Rapid Spin|[of] p1a: Excadrill
|
|-weather|RainDance|[upkeep]
|upkeep
|turn|63
|
|move|p1a: Excadrill|Protect|p1a: Excadrill
|-singleturn|p1a: Excadrill|Protect
|move|p2a: Politoed|Hydro Pump|p1a: Excadrill
|-activate|p1a: Excadrill|move: Protect
|
|-weather|RainDance|[upkeep]
|upkeep
|turn|64
|
|switch|p1a: Slowbro|Slowbro, F|100/100 tox
|move|p2a: Politoed|Hydro Pump|p1a: Slowbro
|-resisted|p1a: Slowbro
|-damage|p1a: Slowbro|65/100 tox
|
|-weather|RainDance|[upkeep]
|-heal|p1a: Slowbro|72/100 tox|[from] item: Leftovers
|-damage|p1a: Slowbro|65/100 tox|[from] psn
|upkeep
|turn|65
|
|switch|p1a: Chansey|Chansey, F|68/100
|move|p2a: Politoed|Hydro Pump|p1a: Chansey|[miss]
|-miss|p2a: Politoed|p1a: Chansey
|
|-weather|RainDance|[upkeep]
|upkeep
|turn|66
|
|switch|p2a: Ferrothorn|Ferrothorn, M|48/100
|-damage|p2a: Ferrothorn|41/100|[from] Stealth Rock
|move|p1a: Chansey|Soft-Boiled|p1a: Chansey
|-heal|p1a: Chansey|100/100
|
|-weather|RainDance|[upkeep]
|-heal|p2a: Ferrothorn|48/100|[from] item: Leftovers
|upkeep
|turn|67
|
|switch|p1a: Xatu|Xatu, M|79/100
|move|p2a: Ferrothorn|Gyro Ball|p1a: Xatu
|-damage|p1a: Xatu|37/100
|-damage|p2a: Ferrothorn|31/100|[from] item: Rocky Helmet|[of] p1a: Xatu
|
|-weather|RainDance|[upkeep]
|-heal|p2a: Ferrothorn|37/100|[from] item: Leftovers
|upkeep
|turn|68
|
|switch|p2a: Tornadus|Tornadus, M|76/100
|-damage|p2a: Tornadus|51/100|[from] Stealth Rock
|move|p1a: Xatu|Roost|p1a: Xatu
|-heal|p1a: Xatu|87/100
|
|-weather|RainDance|[upkeep]
|upkeep
|turn|69
|
|switch|p1a: Chansey|Chansey, F|100/100
|move|p2a: Tornadus|Hurricane|p1a: Chansey
|-damage|p1a: Chansey|73/100
|
|-weather|RainDance|[upkeep]
|upkeep
|turn|70
|
|move|p2a: Tornadus|Hurricane|p1a: Chansey
|-damage|p1a: Chansey|45/100
|-start|p1a: Chansey|confusion
|-activate|p1a: Chansey|confusion
|move|p1a: Chansey|Soft-Boiled|p1a: Chansey
|-heal|p1a: Chansey|95/100
|
|-weather|RainDance|[upkeep]
|upkeep
|turn|71
|
|move|p2a: Tornadus|Hurricane|p1a: Chansey
|-damage|p1a: Chansey|66/100
|-activate|p1a: Chansey|confusion
|move|p1a: Chansey|Seismic Toss|p2a: Tornadus
|-damage|p2a: Tornadus|18/100
|
|-weather|RainDance|[upkeep]
|upkeep
|turn|72
|
|move|p2a: Tornadus|Hurricane|p1a: Chansey
|-damage|p1a: Chansey|40/100
|-activate|p1a: Chansey|confusion
|-damage|p1a: Chansey|39/100|[from] confusion
|
|-weather|RainDance|[upkeep]
|upkeep
|turn|73
|
|switch|p1a: Excadrill|Excadrill, M|100/100
|move|p2a: Tornadus|Hurricane|p1a: Excadrill
|-resisted|p1a: Excadrill
|-damage|p1a: Excadrill|65/100
|
|-weather|RainDance|[upkeep]
|-heal|p1a: Excadrill|71/100|[from] item: Leftovers
|upkeep
|turn|74
|
|move|p2a: Tornadus|Hurricane|p1a: Excadrill
|-resisted|p1a: Excadrill
|-crit|p1a: Excadrill
|-damage|p1a: Excadrill|4/100
|-start|p1a: Excadrill|confusion
|-activate|p1a: Excadrill|confusion
|-damage|p1a: Excadrill|0 fnt|[from] confusion
|faint|p1a: Excadrill
|
|-weather|RainDance|[upkeep]
|upkeep
|
|switch|p1a: Dugtrio|Dugtrio, F|100/100
|turn|75
|
|move|p1a: Dugtrio|Rock Tomb|p2a: Tornadus
|-supereffective|p2a: Tornadus
|-damage|p2a: Tornadus|0 fnt
|faint|p2a: Tornadus
|
|-weather|RainDance|[upkeep]
|upkeep
|
|switch|p2a: Ferrothorn|Ferrothorn, M|37/100
|-damage|p2a: Ferrothorn|31/100|[from] Stealth Rock
|turn|76
|
|switch|p1a: Xatu|Xatu, M|87/100
|move|p2a: Ferrothorn|Gyro Ball|p1a: Xatu
|-damage|p1a: Xatu|45/100
|-damage|p2a: Ferrothorn|15/100|[from] item: Rocky Helmet|[of] p1a: Xatu
|
|-weather|RainDance|[upkeep]
|-heal|p2a: Ferrothorn|21/100|[from] item: Leftovers
|upkeep
|turn|77
|
|switch|p2a: Politoed|Politoed, M|79/100
|-damage|p2a: Politoed|67/100|[from] Stealth Rock
|move|p1a: Xatu|Roost|p1a: Xatu
|-heal|p1a: Xatu|95/100
|
|-weather|RainDance|[upkeep]
|upkeep
|turn|78
|
|switch|p1a: Slowbro|Slowbro, F|99/100 tox
|move|p2a: Politoed|Hydro Pump|p1a: Slowbro
|-resisted|p1a: Slowbro
|-crit|p1a: Slowbro
|-damage|p1a: Slowbro|29/100 tox
|
|-weather|RainDance|[upkeep]
|-heal|p1a: Slowbro|35/100 tox|[from] item: Leftovers
|-damage|p1a: Slowbro|29/100 tox|[from] psn
|upkeep
|turn|79
|
|switch|p1a: Chansey|Chansey, F|39/100
|move|p2a: Politoed|Hydro Pump|p1a: Chansey
|-damage|p1a: Chansey|16/100
|
|-weather|RainDance|[upkeep]
|upkeep
|turn|80
|
|move|p2a: Politoed|Hydro Pump|p1a: Chansey
|-damage|p1a: Chansey|0 fnt
|faint|p1a: Chansey
|
|-weather|RainDance|[upkeep]
|upkeep
|
|switch|p1a: Slowbro|Slowbro, F|62/100 tox
|turn|81
|
|switch|p2a: Ferrothorn|Ferrothorn, M|21/100
|-damage|p2a: Ferrothorn|15/100|[from] Stealth Rock
|move|p1a: Slowbro|Slack Off|p1a: Slowbro
|-heal|p1a: Slowbro|100/100 tox
|
|-weather|RainDance|[upkeep]
|-heal|p2a: Ferrothorn|21/100|[from] item: Leftovers
|-damage|p1a: Slowbro|94/100 tox|[from] psn
|upkeep
|turn|82
|
|switch|p1a: Xatu|Xatu, M|95/100
|move|p2a: Ferrothorn|Gyro Ball|p1a: Xatu
|-crit|p1a: Xatu
|-damage|p1a: Xatu|6/100
|-damage|p2a: Ferrothorn|4/100|[from] item: Rocky Helmet|[of] p1a: Xatu
|
|-weather|RainDance|[upkeep]
|-heal|p2a: Ferrothorn|11/100|[from] item: Leftovers
|upkeep
|turn|83
|
|move|p1a: Xatu|Roost|p1a: Xatu
|-heal|p1a: Xatu|56/100
|move|p2a: Ferrothorn|Gyro Ball|p1a: Xatu
|-damage|p1a: Xatu|14/100
|-damage|p2a: Ferrothorn|0 fnt|[from] item: Rocky Helmet|[of] p1a: Xatu
|faint|p2a: Ferrothorn
|
|-weather|RainDance|[upkeep]
|upkeep
|
|switch|p2a: Politoed|Politoed, M|67/100
|-damage|p2a: Politoed|54/100|[from] Stealth Rock
|turn|84
|
|switch|p1a: Slowbro|Slowbro, F|100/100 tox
|move|p2a: Politoed|Surf|p1a: Slowbro
|-resisted|p1a: Slowbro
|-damage|p1a: Slowbro|71/100 tox
|
|-weather|RainDance|[upkeep]
|-heal|p1a: Slowbro|77/100 tox|[from] item: Leftovers
|-damage|p1a: Slowbro|71/100 tox|[from] psn
|upkeep
|turn|85
|
|move|p2a: Politoed|Surf|p1a: Slowbro
|-resisted|p1a: Slowbro
|-damage|p1a: Slowbro|41/100 tox
|move|p1a: Slowbro|Thunder Wave|p2a: Politoed
|-status|p2a: Politoed|par
|
|-weather|RainDance|[upkeep]
|-heal|p1a: Slowbro|47/100 tox|[from] item: Leftovers
|-damage|p1a: Slowbro|35/100 tox|[from] psn
|upkeep
|turn|86
|
|move|p2a: Politoed|Surf|p1a: Slowbro
|-resisted|p1a: Slowbro
|-damage|p1a: Slowbro|4/100 tox
|move|p1a: Slowbro|Slack Off|p1a: Slowbro
|-heal|p1a: Slowbro|54/100 tox
|
|-weather|RainDance|[upkeep]
|-heal|p1a: Slowbro|60/100 tox|[from] item: Leftovers
|-damage|p1a: Slowbro|42/100 tox|[from] psn
|upkeep
|turn|87
|
|move|p2a: Politoed|Surf|p1a: Slowbro
|-resisted|p1a: Slowbro
|-damage|p1a: Slowbro|10/100 tox
|move|p1a: Slowbro|Slack Off|p1a: Slowbro
|-heal|p1a: Slowbro|60/100 tox
|
|-weather|RainDance|[upkeep]
|-heal|p1a: Slowbro|66/100 tox|[from] item: Leftovers
|-damage|p1a: Slowbro|41/100 tox|[from] psn
|upkeep
|turn|88
|
|switch|p2a: Kyurem|Kyurem|100/100
|-damage|p2a: Kyurem|75/100|[from] Stealth Rock
|-ability|p2a: Kyurem|Pressure
|move|p1a: Slowbro|Psyshock|p2a: Kyurem
|-damage|p2a: Kyurem|50/100
|
|-weather|RainDance|[upkeep]
|-heal|p2a: Kyurem|56/100|[from] item: Leftovers
|-heal|p1a: Slowbro|47/100 tox|[from] item: Leftovers
|-damage|p1a: Slowbro|17/100 tox|[from] psn
|upkeep
|turn|89
|
|switch|p1a: Dugtrio|Dugtrio, F|100/100
|move|p2a: Kyurem|Substitute|p2a: Kyurem
|-start|p2a: Kyurem|Substitute
|-damage|p2a: Kyurem|31/100
|
|-weather|RainDance|[upkeep]
|-heal|p2a: Kyurem|37/100|[from] item: Leftovers
|upkeep
|turn|90
|
|move|p1a: Dugtrio|Earthquake|p2a: Kyurem
|-end|p2a: Kyurem|Substitute
|move|p2a: Kyurem|Roost|p2a: Kyurem
|-heal|p2a: Kyurem|87/100
|
|-weather|RainDance|[upkeep]
|-heal|p2a: Kyurem|94/100|[from] item: Leftovers
|upkeep
|turn|91
|
|switch|p1a: Slowbro|Slowbro, F|50/100 tox
|move|p2a: Kyurem|Ice Beam|p1a: Slowbro
|-resisted|p1a: Slowbro
|-damage|p1a: Slowbro|25/100 tox
|
|-weather|RainDance|[upkeep]
|-heal|p2a: Kyurem|99/100|[from] item: Leftovers
|-heal|p1a: Slowbro|31/100 tox|[from] item: Leftovers
|-damage|p1a: Slowbro|25/100 tox|[from] psn
|upkeep
|turn|92
|
|switch|p1a: Dugtrio|Dugtrio, F|100/100
|move|p2a: Kyurem|Substitute|p2a: Kyurem
|-start|p2a: Kyurem|Substitute
|-damage|p2a: Kyurem|75/100
|
|-weather|RainDance|[upkeep]
|-heal|p2a: Kyurem|81/100|[from] item: Leftovers
|upkeep
|turn|93
|
|move|p1a: Dugtrio|Earthquake|p2a: Kyurem
|-end|p2a: Kyurem|Substitute
|move|p2a: Kyurem|Ice Beam|p1a: Dugtrio
|-supereffective|p1a: Dugtrio
|-crit|p1a: Dugtrio
|-enditem|p1a: Dugtrio|Focus Sash
|-damage|p1a: Dugtrio|1/100
|
|-weather|RainDance|[upkeep]
|-heal|p2a: Kyurem|87/100|[from] item: Leftovers
|upkeep
|turn|94
|
|move|p1a: Dugtrio|Reversal|p2a: Kyurem
|-supereffective|p2a: Kyurem
|-damage|p2a: Kyurem|0 fnt
|faint|p2a: Kyurem
|
|-weather|RainDance|[upkeep]
|upkeep
|
|switch|p2a: Jirachi|Jirachi|100/100
|-damage|p2a: Jirachi|94/100|[from] Stealth Rock
|turn|95
|
|move|p1a: Dugtrio|Earthquake|p2a: Jirachi
|-supereffective|p2a: Jirachi
|-damage|p2a: Jirachi|18/100
|move|p2a: Jirachi|Psychic|p1a: Dugtrio
|-damage|p1a: Dugtrio|0 fnt
|faint|p1a: Dugtrio
|
|-weather|RainDance|[upkeep]
|-heal|p2a: Jirachi|24/100|[from] item: Leftovers
|upkeep
|
|switch|p1a: Slowbro|Slowbro, F|58/100 tox
|turn|96
|
|move|p2a: Jirachi|Thunder|p1a: Slowbro
|-supereffective|p1a: Slowbro
|-damage|p1a: Slowbro|0 fnt
|faint|p1a: Slowbro
|
|-weather|RainDance|[upkeep]
|-heal|p2a: Jirachi|30/100|[from] item: Leftovers
|upkeep
|
|switch|p1a: Xatu|Xatu, M|14/100
|turn|97
|
|move|p2a: Jirachi|Thunder|p1a: Xatu
|-supereffective|p1a: Xatu
|-damage|p1a: Xatu|0 fnt
|faint|p1a: Xatu
|
|win|IKYWT
|raw|markus3362's rating: 1476 &rarr; <strong>1452</strong><br />(-24 for losing)
|raw|IKYWT's rating: 1402 &rarr; <strong>1426</strong><br />(+24 for winning)
|l|☆IKYWT
|l|☆markus3362
|j|☆IKYWT
