|j|☆Reborn Avalon
|j|☆transqueer foxkin
|player|p1|Reborn Avalon|285
|player|p2|transqueer foxkin|17
|teamsize|p1|6
|teamsize|p2|6
|gametype|singles
|gen|5
|tier|[Gen 5] OU
|rated|
|rule|Sleep Clause Mod: Limit one foe put to sleep
|rule|Species Clause: Limit one of each Pokémon
|rule|OHKO Clause: OHKO moves are banned
|rule|Moody Clause: Moody is banned
|rule|Evasion Moves Clause: Evasion moves are banned
|rule|Endless Battle Clause: Forcing endless battles is banned
|rule|HP Percentage Mod: HP is shown in percentages
|rule|Evasion Abilities Clause: Evasion abilities are banned
|rule|Baton Pass Clause: Limit one Baton Passer, can't pass Spe and other stats simultaneously
|rule|Swagger Clause: Swagger is banned
|clearpoke
|poke|p1|Heracross, F|item
|poke|p1|Heatran, F|item
|poke|p1|Gastrodon, M|item
|poke|p1|Tyranitar, M|item
|poke|p1|Latios, M|item
|poke|p1|Forretress, F|item
|poke|p2|Tyranitar, M|item
|poke|p2|Infernape, M|item
|poke|p2|Reuniclus, M|item
|poke|p2|Latios, M|item
|poke|p2|Ferrothorn, M|item
|poke|p2|Landorus-Therian, M|item
|teampreview
|inactive|Battle timer is ON: inactive players will automatically lose when time's up. (requested by Reborn Avalon)
|
|start
|switch|p1a: Gastrodon|Gastrodon, M|100/100
|switch|p2a: Infernape|Infernape, M|100/100
|turn|1
|
|move|p2a: Infernape|U-turn|p1a: Gastrodon
|-damage|p1a: Gastrodon|79/100
|
|switch|p2a: Ferrothorn|Ferrothorn, M|100/100
|move|p1a: Gastrodon|Scald|p2a: Ferrothorn
|-resisted|p2a: Ferrothorn
|-damage|p2a: Ferrothorn|91/100
|
|-heal|p1a: Gastrodon|85/100|[from] item: Leftovers
|-heal|p2a: Ferrothorn|97/100|[from] item: Leftovers
|upkeep
|turn|2
|inactive|Reborn Avalon has 120 seconds left.
|
|switch|p1a: Heatran|Heatran, F|100/100
|move|p2a: Ferrothorn|Spikes|p1a: Heatran
|-sidestart|p1: Reborn Avalon|Spikes
|
|-heal|p2a: Ferrothorn|100/100|[from] item: Leftovers
|upkeep
|turn|3
|
|switch|p2a: Latios|Latios, M|100/100
|move|p1a: Heatran|Fire Blast|p2a: Latios
|-resisted|p2a: Latios
|-damage|p2a: Latios|68/100
|
|upkeep
|turn|4
|
|switch|p1a: Gastrodon|Gastrodon, M|85/100
|-damage|p1a: Gastrodon|73/100|[from] Spikes
|move|p2a: Latios|Earthquake|p1a: Gastrodon
|-damage|p1a: Gastrodon|52/100
|
|-heal|p1a: Gastrodon|58/100|[from] item: Leftovers
|upkeep
|turn|5
|
|switch|p2a: Tyranitar|Tyranitar, M|100/100
|-weather|Sandstorm|[from] ability: Sand Stream|[of] p2a: Tyranitar
|move|p1a: Gastrodon|Scald|p2a: Tyranitar
|-supereffective|p2a: Tyranitar
|-damage|p2a: Tyranitar|78/100
|
|-weather|Sandstorm|[upkeep]
|-heal|p1a: Gastrodon|65/100|[from] item: Leftovers
|upkeep
|turn|6
|inactive|Reborn Avalon has 120 seconds left.
|
|move|p2a: Tyranitar|Stealth Rock|p1a: Gastrodon
|-sidestart|p1: Reborn Avalon|move: Stealth Rock
|move|p1a: Gastrodon|Recover|p1a: Gastrodon
|-heal|p1a: Gastrodon|100/100
|
|-weather|Sandstorm|[upkeep]
|upkeep
|turn|7
|
|switch|p2a: Ferrothorn|Ferrothorn, M|100/100
|move|p1a: Gastrodon|Scald|p2a: Ferrothorn
|-resisted|p2a: Ferrothorn
|-damage|p2a: Ferrothorn|92/100
|
|-weather|Sandstorm|[upkeep]
|-heal|p2a: Ferrothorn|98/100|[from] item: Leftovers
|upkeep
|turn|8
|
|move|p1a: Gastrodon|Scald|p2a: Ferrothorn
|-resisted|p2a: Ferrothorn
|-damage|p2a: Ferrothorn|88/100
|move|p2a: Ferrothorn|Spikes|p1a: Gastrodon
|-sidestart|p1: Reborn Avalon|Spikes
|
|-weather|Sandstorm|[upkeep]
|-heal|p2a: Ferrothorn|94/100|[from] item: Leftovers
|upkeep
|turn|9
|
|move|p1a: Gastrodon|Scald|p2a: Ferrothorn
|-resisted|p2a: Ferrothorn
|-damage|p2a: Ferrothorn|85/100
|-status|p2a: Ferrothorn|brn
|move|p2a: Ferrothorn|Spikes|p1a: Gastrodon
|-sidestart|p1: Reborn Avalon|Spikes
|
|-weather|Sandstorm|[upkeep]
|-heal|p2a: Ferrothorn|91/100 brn|[from] item: Leftovers
|-damage|p2a: Ferrothorn|79/100 brn|[from] brn
|upkeep
|turn|10
|
|switch|p1a: Forretress|Forretress, F|100/100
|-damage|p1a: Forretress|88/100|[from] Stealth Rock
|-damage|p1a: Forretress|63/100|[from] Spikes
|move|p2a: Ferrothorn|Power Whip|p1a: Forretress
|-resisted|p1a: Forretress
|-damage|p1a: Forretress|60/100
|
|-weather|Sandstorm|[upkeep]
|-heal|p2a: Ferrothorn|85/100 brn|[from] item: Leftovers
|-heal|p1a: Forretress|67/100|[from] item: Leftovers
|-damage|p2a: Ferrothorn|73/100 brn|[from] brn
|upkeep
|turn|11
|
|switch|p2a: Infernape|Infernape, M|100/100
|move|p1a: Forretress|Rapid Spin|p2a: Infernape
|-damage|p2a: Infernape|94/100
|-sideend|p1: Reborn Avalon|Spikes|[from] move: Rapid Spin|[of] p1a: Forretress
|-sideend|p1: Reborn Avalon|Stealth Rock|[from] move: Rapid Spin|[of] p1a: Forretress
|
|-weather|Sandstorm|[upkeep]
|-damage|p2a: Infernape|88/100|[from] Sandstorm
|-heal|p1a: Forretress|73/100|[from] item: Leftovers
|upkeep
|turn|12
|
|switch|p1a: Latios|Latios, M|100/100
|move|p2a: Infernape|Close Combat|p1a: Latios
|-resisted|p1a: Latios
|-damage|p1a: Latios|43/100
|-unboost|p2a: Infernape|def|1
|-unboost|p2a: Infernape|spd|1
|
|-weather|Sandstorm|[upkeep]
|-damage|p1a: Latios|37/100|[from] Sandstorm
|-damage|p2a: Infernape|81/100|[from] Sandstorm
|upkeep
|turn|13
|j| Avtomat
|
|switch|p2a: Tyranitar|Tyranitar, M|78/100
|move|p1a: Latios|Roost|p1a: Latios
|-heal|p1a: Latios|87/100
|
|-weather|Sandstorm|[upkeep]
|-damage|p1a: Latios|81/100|[from] Sandstorm
|upkeep
|turn|14
|
|move|p1a: Latios|Surf|p2a: Tyranitar
|-supereffective|p2a: Tyranitar
|-damage|p2a: Tyranitar|34/100
|-damage|p1a: Latios|71/100|[from] item: Life Orb
|move|p2a: Tyranitar|Pursuit|p1a: Latios
|-supereffective|p1a: Latios
|-damage|p1a: Latios|13/100
|
|-weather|Sandstorm|[upkeep]
|-damage|p1a: Latios|7/100|[from] Sandstorm
|upkeep
|turn|15
|
|move|p1a: Latios|Draco Meteor|p2a: Tyranitar
|-damage|p2a: Tyranitar|0 fnt
|-unboost|p1a: Latios|spa|2
|-damage|p1a: Latios|0 fnt|[from] item: Life Orb
|faint|p2a: Tyranitar
|faint|p1a: Latios
|
|-weather|Sandstorm|[upkeep]
|upkeep
|inactive|Reborn Avalon has 120 seconds left.
|
|switch|p1a: Forretress|Forretress, F|73/100
|switch|p2a: Landorus|Landorus-Therian, M|100/100
|-ability|p2a: Landorus|Intimidate|boost
|-unboost|p1a: Forretress|atk|1
|turn|16
|
|move|p2a: Landorus|Earthquake|p1a: Forretress
|-damage|p1a: Forretress|41/100
|move|p1a: Forretress|Spikes|p2a: Landorus
|-sidestart|p2: transqueer foxkin|Spikes
|
|-weather|Sandstorm|[upkeep]
|-heal|p1a: Forretress|47/100|[from] item: Leftovers
|upkeep
|turn|17
|
|move|p2a: Landorus|Earthquake|p1a: Forretress
|-damage|p1a: Forretress|14/100
|move|p1a: Forretress|Spikes|p2a: Landorus
|-sidestart|p2: transqueer foxkin|Spikes
|
|-weather|Sandstorm|[upkeep]
|-heal|p1a: Forretress|20/100|[from] item: Leftovers
|upkeep
|turn|18
|
|move|p2a: Landorus|Earthquake|p1a: Forretress
|-damage|p1a: Forretress|0 fnt
|faint|p1a: Forretress
|
|-weather|Sandstorm|[upkeep]
|upkeep
|
|switch|p1a: Gastrodon|Gastrodon, M|100/100
|turn|19
|
|switch|p2a: Ferrothorn|Ferrothorn, M|73/100 brn
|-damage|p2a: Ferrothorn|56/100 brn|[from] Spikes
|move|p1a: Gastrodon|Scald|p2a: Ferrothorn
|-resisted|p2a: Ferrothorn
|-damage|p2a: Ferrothorn|47/100 brn
|
|-weather|Sandstorm|[upkeep]
|-heal|p2a: Ferrothorn|53/100 brn|[from] item: Leftovers
|-damage|p2a: Ferrothorn|41/100 brn|[from] brn
|upkeep
|turn|20
|
|switch|p1a: Heatran|Heatran, F|100/100
|move|p2a: Ferrothorn|Spikes|p1a: Heatran
|-sidestart|p1: Reborn Avalon|Spikes
|
|-weather|Sandstorm|[upkeep]
|-heal|p2a: Ferrothorn|47/100 brn|[from] item: Leftovers
|-damage|p2a: Ferrothorn|34/100 brn|[from] brn
|upkeep
|turn|21
|
|move|p2a: Ferrothorn|Protect|p2a: Ferrothorn
|-singleturn|p2a: Ferrothorn|Protect
|move|p1a: Heatran|Fire Blast|p2a: Ferrothorn
|-activate|p2a: Ferrothorn|move: Protect
|
|-weather|Sandstorm|[upkeep]
|-heal|p2a: Ferrothorn|41/100 brn|[from] item: Leftovers
|-damage|p2a: Ferrothorn|28/100 brn|[from] brn
|upkeep
|turn|22
|
|move|p1a: Heatran|Fire Blast|p2a: Ferrothorn|[miss]
|-miss|p1a: Heatran|p2a: Ferrothorn
|move|p2a: Ferrothorn|Leech Seed|p1a: Heatran|[miss]
|-miss|p2a: Ferrothorn|p1a: Heatran
|
|-weather|Sandstorm|[upkeep]
|-heal|p2a: Ferrothorn|34/100 brn|[from] item: Leftovers
|-damage|p2a: Ferrothorn|22/100 brn|[from] brn
|upkeep
|turn|23
|
|move|p2a: Ferrothorn|Protect|p2a: Ferrothorn
|-singleturn|p2a: Ferrothorn|Protect
|move|p1a: Heatran|Fire Blast|p2a: Ferrothorn
|-activate|p2a: Ferrothorn|move: Protect
|
|-weather|Sandstorm|[upkeep]
|-heal|p2a: Ferrothorn|28/100 brn|[from] item: Leftovers
|-damage|p2a: Ferrothorn|16/100 brn|[from] brn
|upkeep
|turn|24
|
|move|p1a: Heatran|Fire Blast|p2a: Ferrothorn
|-supereffective|p2a: Ferrothorn
|-damage|p2a: Ferrothorn|0 fnt
|faint|p2a: Ferrothorn
|
|-weather|Sandstorm|[upkeep]
|upkeep
|
|switch|p2a: Latios|Latios, M|68/100
|turn|25
|
|move|p1a: Heatran|Fire Blast|p2a: Latios
|-resisted|p2a: Latios
|-damage|p2a: Latios|38/100
|move|p2a: Latios|Recover|p2a: Latios
|-heal|p2a: Latios|89/100
|
|-weather|Sandstorm|[upkeep]
|-damage|p2a: Latios|83/100|[from] Sandstorm
|upkeep
|turn|26
|
|move|p1a: Heatran|Fire Blast|p2a: Latios
|-resisted|p2a: Latios
|-damage|p2a: Latios|53/100
|move|p2a: Latios|Recover|p2a: Latios
|-heal|p2a: Latios|100/100
|
|-weather|Sandstorm|[upkeep]
|-damage|p2a: Latios|95/100|[from] Sandstorm
|upkeep
|turn|27
|
|switch|p1a: Gastrodon|Gastrodon, M|100/100
|-damage|p1a: Gastrodon|88/100|[from] Spikes
|move|p2a: Latios|Recover|p2a: Latios
|-heal|p2a: Latios|100/100
|
|-weather|Sandstorm|[upkeep]
|-damage|p2a: Latios|95/100|[from] Sandstorm
|-heal|p1a: Gastrodon|94/100|[from] item: Leftovers
|upkeep
|turn|28
|
|switch|p2a: Reuniclus|Reuniclus, M|100/100
|move|p1a: Gastrodon|Toxic|p2a: Reuniclus
|-status|p2a: Reuniclus|tox
|
|-weather|Sandstorm|[upkeep]
|-heal|p1a: Gastrodon|99/100|[from] item: Leftovers
|upkeep
|turn|29
|
|switch|p1a: Tyranitar|Tyranitar, M|100/100
|-damage|p1a: Tyranitar|88/100|[from] Spikes
|move|p2a: Reuniclus|Calm Mind|p2a: Reuniclus
|-boost|p2a: Reuniclus|spa|1
|-boost|p2a: Reuniclus|spd|1
|
|-weather|Sandstorm|[upkeep]
|upkeep
|turn|30
|
|switch|p2a: Infernape|Infernape, M|81/100
|-damage|p2a: Infernape|65/100|[from] Spikes
|move|p1a: Tyranitar|Crunch|p2a: Infernape
|-resisted|p2a: Infernape
|-damage|p2a: Infernape|35/100
|-unboost|p2a: Infernape|def|1
|
|-weather|Sandstorm|[upkeep]
|-damage|p2a: Infernape|28/100|[from] Sandstorm
|upkeep
|turn|31
|
|switch|p1a: Gastrodon|Gastrodon, M|99/100
|-damage|p1a: Gastrodon|88/100|[from] Spikes
|move|p2a: Infernape|Close Combat|p1a: Gastrodon
|-damage|p1a: Gastrodon|33/100
|-unboost|p2a: Infernape|def|1
|-unboost|p2a: Infernape|spd|1
|
|-weather|Sandstorm|[upkeep]
|-damage|p2a: Infernape|22/100|[from] Sandstorm
|-heal|p1a: Gastrodon|39/100|[from] item: Leftovers
|upkeep
|turn|32
|
|move|p2a: Infernape|Close Combat|p1a: Gastrodon
|-damage|p1a: Gastrodon|0 fnt
|-unboost|p2a: Infernape|def|1
|-unboost|p2a: Infernape|spd|1
|faint|p1a: Gastrodon
|
|-weather|Sandstorm|[upkeep]
|-damage|p2a: Infernape|16/100|[from] Sandstorm
|upkeep
|
|switch|p1a: Heatran|Heatran, F|100/100
|-damage|p1a: Heatran|88/100|[from] Spikes
|turn|33
|
|switch|p2a: Reuniclus|Reuniclus, M|100/100 tox
|move|p1a: Heatran|Hidden Power|p2a: Reuniclus
|-damage|p2a: Reuniclus|80/100 tox
|
|-weather|Sandstorm|[upkeep]
|-heal|p2a: Reuniclus|87/100 tox|[from] item: Leftovers
|upkeep
|turn|34
|
|switch|p1a: Tyranitar|Tyranitar, M|88/100
|-damage|p1a: Tyranitar|76/100|[from] Spikes
|move|p2a: Reuniclus|Thunder|p1a: Tyranitar
|-damage|p1a: Tyranitar|60/100
|
|-weather|Sandstorm|[upkeep]
|-heal|p2a: Reuniclus|93/100 tox|[from] item: Leftovers
|upkeep
|turn|35
|
|-activate|p2a: Reuniclus|move: Pursuit
|move|p1a: Tyranitar|Pursuit|p2a: Reuniclus|[from]Pursuit
|-supereffective|p2a: Reuniclus
|-damage|p2a: Reuniclus|38/100 tox
|switch|p2a: Infernape|Infernape, M|16/100
|-damage|p2a: Infernape|0 fnt|[from] Spikes
|faint|p2a: Infernape
|
|-weather|Sandstorm|[upkeep]
|upkeep
|
|switch|p2a: Landorus|Landorus-Therian, M|100/100
|-ability|p2a: Landorus|Intimidate|boost
|-unboost|p1a: Tyranitar|atk|1
|turn|36
|inactive|Reborn Avalon has 120 seconds left.
|
|move|p2a: Landorus|Earthquake|p1a: Tyranitar
|-supereffective|p1a: Tyranitar
|-damage|p1a: Tyranitar|0 fnt
|faint|p1a: Tyranitar
|
|-weather|Sandstorm|[upkeep]
|upkeep
|
|switch|p1a: Heracross|Heracross, F|100/100
|-damage|p1a: Heracross|88/100|[from] Spikes
|turn|37
|
|move|p2a: Landorus|Earthquake|p1a: Heracross
|-resisted|p1a: Heracross
|-damage|p1a: Heracross|50/100
|move|p1a: Heracross|Megahorn|p2a: Landorus
|-resisted|p2a: Landorus
|-damage|p2a: Landorus|58/100
|
|-weather|Sandstorm|[upkeep]
|-damage|p1a: Heracross|44/100|[from] Sandstorm
|upkeep
|turn|38
|
|switch|p1a: Heatran|Heatran, F|88/100
|-damage|p1a: Heatran|76/100|[from] Spikes
|move|p2a: Landorus|Earthquake|p1a: Heatran
|-supereffective|p1a: Heatran
|-damage|p1a: Heatran|0 fnt
|faint|p1a: Heatran
|
|-weather|Sandstorm|[upkeep]
|upkeep
|
|switch|p1a: Heracross|Heracross, F|44/100
|-damage|p1a: Heracross|32/100|[from] Spikes
|turn|39
|
|move|p2a: Landorus|Earthquake|p1a: Heracross
|-resisted|p1a: Heracross
|-damage|p1a: Heracross|0 fnt
|faint|p1a: Heracross
|
|win|transqueer foxkin
|l|☆Reborn Avalon
|raw|Reborn Avalon's rating: 1310 &rarr; <strong>1291</strong><br />(-19 for losing)
|raw|transqueer foxkin's rating: 1320 &rarr; <strong>1340</strong><br />(+20 for winning)
