|j|☆BWRbartys
|j|☆BookofConke
|t:|1719942490
|gametype|singles
|player|p1|BWRbartys|acetrainer-gen4dp|1560
|player|p2|BookofConke|silver|1479
|teamsize|p1|6
|teamsize|p2|6
|gen|5
|tier|[Gen 5] OU
|rated|
|rule|Species Clause: Limit one of each Pokémon
|rule|OHKO Clause: OHKO moves are banned
|rule|Moody Clause: Moody is banned
|rule|Evasion Items Clause: Evasion items are banned
|rule|Evasion Moves Clause: Evasion moves are banned
|rule|Endless Battle Clause: Forcing endless battles is banned
|rule|HP Percentage Mod: HP is shown in percentages
|rule|Evasion Abilities Clause: Evasion abilities are banned
|rule|Sleep Moves Clause: Sleep-inducing moves are banned
|rule|Swagger Clause: Swagger is banned
|rule|Baton Pass Stat Clause: No Baton Passer may have a way to boost its stats
|clearpoke
|poke|p1|Tyranitar, M|item
|poke|p1|Gliscor, F|item
|poke|p1|Excadrill, F|item
|poke|p1|Mamoswine, M|item
|poke|p1|Keldeo|item
|poke|p1|Amoonguss, M|item
|poke|p2|Abomasnow, M|item
|poke|p2|Kyurem-Black|item
|poke|p2|Latios, M|item
|poke|p2|Garchomp, F|item
|poke|p2|Starmie|item
|poke|p2|Jirachi|item
|teampreview
|
|t:|1719942528
|start
|switch|p1a: Keldeo|Keldeo|100/100
|switch|p2a: Abomasnow|Abomasnow, M|100/100
|-weather|Hail|[from] ability: Snow Warning|[of] p2a: Abomasnow
|turn|1
|
|t:|1719942539
|move|p1a: Keldeo|Secret Sword|p2a: Abomasnow
|-supereffective|p2a: Abomasnow
|-enditem|p2a: Abomasnow|Focus Sash
|-damage|p2a: Abomasnow|1/100
|move|p2a: Abomasnow|Wood Hammer|p1a: Keldeo
|-supereffective|p1a: Keldeo
|-damage|p1a: Keldeo|2/100
|-damage|p2a: Abomasnow|0 fnt|[from] Recoil
|faint|p2a: Abomasnow
|
|-weather|Hail|[upkeep]
|-damage|p1a: Keldeo|0 fnt|[from] Hail
|faint|p1a: Keldeo
|upkeep
|
|t:|1719942554
|switch|p1a: Gliscor|Gliscor, F|100/100
|switch|p2a: Kyurem|Kyurem-Black|100/100
|-ability|p2a: Kyurem|Teravolt
|turn|2
|
|t:|1719942569
|switch|p1a: Tyranitar|Tyranitar, M|100/100
|-weather|Sandstorm|[from] ability: Sand Stream|[of] p1a: Tyranitar
|move|p2a: Kyurem|Substitute|p2a: Kyurem
|-start|p2a: Kyurem|Substitute
|-damage|p2a: Kyurem|76/100
|
|-weather|Sandstorm|[upkeep]
|-damage|p2a: Kyurem|69/100|[from] Sandstorm
|upkeep
|turn|3
|
|t:|1719942589
|move|p2a: Kyurem|Outrage|p1a: Tyranitar
|-damage|p1a: Tyranitar|30/100
|move|p1a: Tyranitar|Crunch|p2a: Kyurem
|-end|p2a: Kyurem|Substitute
|
|-weather|Sandstorm|[upkeep]
|-damage|p2a: Kyurem|63/100|[from] Sandstorm
|upkeep
|turn|4
|
|t:|1719942598
|switch|p1a: Excadrill|Excadrill, F|100/100
|move|p2a: Kyurem|Outrage|p1a: Excadrill|[from]lockedmove
|-resisted|p1a: Excadrill
|-damage|p1a: Excadrill|47/100
|
|-weather|Sandstorm|[upkeep]
|-damage|p2a: Kyurem|57/100|[from] Sandstorm
|-heal|p1a: Excadrill|53/100|[from] item: Leftovers
|upkeep
|turn|5
|
|t:|1719942607
|move|p1a: Excadrill|Protect|p1a: Excadrill
|-singleturn|p1a: Excadrill|Protect
|move|p2a: Kyurem|Outrage|p1a: Excadrill|[from]lockedmove
|-activate|p1a: Excadrill|move: Protect
|-start|p2a: Kyurem|confusion|[fatigue]
|
|-weather|Sandstorm|[upkeep]
|-damage|p2a: Kyurem|51/100|[from] Sandstorm
|-heal|p1a: Excadrill|59/100|[from] item: Leftovers
|upkeep
|turn|6
|
|t:|1719942649
|switch|p2a: Starmie|Starmie|100/100
|-item|p2a: Starmie|Air Balloon
|move|p1a: Excadrill|Iron Head|p2a: Starmie
|-resisted|p2a: Starmie
|-damage|p2a: Starmie|58/100
|-enditem|p2a: Starmie|Air Balloon
|
|-weather|Sandstorm|[upkeep]
|-damage|p2a: Starmie|52/100|[from] Sandstorm
|-heal|p1a: Excadrill|65/100|[from] item: Leftovers
|upkeep
|turn|7
|
|t:|1719942668
|switch|p2a: Jirachi|Jirachi|100/100
|move|p1a: Excadrill|Protect||[still]
|-fail|p1a: Excadrill
|
|-weather|Sandstorm|[upkeep]
|-heal|p1a: Excadrill|71/100|[from] item: Leftovers
|upkeep
|turn|8
|
|t:|1719942679
|switch|p2a: Latios|Latios, M|100/100
|move|p1a: Excadrill|Earthquake|p2a: Latios
|-immune|p2a: Latios|[from] ability: Levitate
|
|-weather|Sandstorm|[upkeep]
|-damage|p2a: Latios|95/100|[from] Sandstorm
|-heal|p1a: Excadrill|77/100|[from] item: Leftovers
|upkeep
|turn|9
|
|t:|1719942693
|move|p2a: Latios|Calm Mind|p2a: Latios
|-boost|p2a: Latios|spa|1
|-boost|p2a: Latios|spd|1
|move|p1a: Excadrill|Iron Head|p2a: Latios
|-damage|p2a: Latios|23/100
|
|-weather|Sandstorm|[upkeep]
|-damage|p2a: Latios|17/100|[from] Sandstorm
|-heal|p1a: Excadrill|83/100|[from] item: Leftovers
|upkeep
|turn|10
|
|t:|1719942704
|switch|p1a: Tyranitar|Tyranitar, M|30/100
|move|p2a: Latios|Surf|p1a: Tyranitar
|-supereffective|p1a: Tyranitar
|-damage|p1a: Tyranitar|0 fnt
|faint|p1a: Tyranitar
|
|-weather|Sandstorm|[upkeep]
|-damage|p2a: Latios|11/100|[from] Sandstorm
|upkeep
|
|t:|1719942709
|switch|p1a: Mamoswine|Mamoswine, M|100/100
|turn|11
|
|t:|1719942719
|switch|p2a: Jirachi|Jirachi|100/100
|move|p1a: Mamoswine|Ice Shard|p2a: Jirachi
|-resisted|p2a: Jirachi
|-crit|p2a: Jirachi
|-damage|p2a: Jirachi|82/100
|
|-weather|Sandstorm|[upkeep]
|-heal|p2a: Jirachi|88/100|[from] item: Leftovers
|upkeep
|turn|12
|
|t:|1719942728
|move|p2a: Jirachi|Wish|p2a: Jirachi
|move|p1a: Mamoswine|Earthquake|p2a: Jirachi
|-supereffective|p2a: Jirachi
|-damage|p2a: Jirachi|0 fnt
|faint|p2a: Jirachi
|
|-weather|Sandstorm|[upkeep]
|upkeep
|
|t:|1719942752
|switch|p2a: Kyurem|Kyurem-Black|51/100
|-ability|p2a: Kyurem|Teravolt
|turn|13
|
|t:|1719942779
|switch|p1a: Gliscor|Gliscor, F|100/100
|move|p2a: Kyurem|Freeze Shock||[still]
|-prepare|p2a: Kyurem|Freeze Shock
|-enditem|p2a: Kyurem|Power Herb
|-anim|p2a: Kyurem|Freeze Shock|p1a: Gliscor
|-supereffective|p1a: Gliscor
|-damage|p1a: Gliscor|0 fnt
|faint|p1a: Gliscor
|
|-weather|Sandstorm|[upkeep]
|-damage|p2a: Kyurem|45/100|[from] Sandstorm
|-heal|p2a: Kyurem|95/100|[from] move: Wish|[wisher] Jirachi
|upkeep
|
|t:|1719942784
|switch|p1a: Excadrill|Excadrill, F|83/100
|turn|14
|
|t:|1719942798
|switch|p2a: Latios|Latios, M|11/100
|move|p1a: Excadrill|Iron Head|p2a: Latios
|-damage|p2a: Latios|0 fnt
|faint|p2a: Latios
|
|-weather|Sandstorm|[upkeep]
|-heal|p1a: Excadrill|89/100|[from] item: Leftovers
|upkeep
|
|t:|1719942817
|switch|p2a: Garchomp|Garchomp, F|100/100
|turn|15
|
|t:|1719942821
|switch|p1a: Amoonguss|Amoonguss, M|100/100
|move|p2a: Garchomp|Earthquake|p1a: Amoonguss
|-damage|p1a: Amoonguss|46/100
|
|-weather|Sandstorm|[upkeep]
|-damage|p1a: Amoonguss|39/100|[from] Sandstorm
|-heal|p1a: Amoonguss|46/100|[from] item: Black Sludge
|upkeep
|turn|16
|
|t:|1719942830
|switch|p1a: Mamoswine|Mamoswine, M|100/100
|move|p2a: Garchomp|Earthquake|p1a: Mamoswine
|-damage|p1a: Mamoswine|38/100
|
|-weather|Sandstorm|[upkeep]
|-heal|p1a: Mamoswine|44/100|[from] item: Leftovers
|upkeep
|turn|17
|
|t:|1719942850
|switch|p2a: Starmie|Starmie|52/100
|move|p1a: Mamoswine|Ice Shard|p2a: Starmie
|-resisted|p2a: Starmie
|-damage|p2a: Starmie|36/100
|
|-weather|Sandstorm|[upkeep]
|-damage|p2a: Starmie|30/100|[from] Sandstorm
|-heal|p1a: Mamoswine|50/100|[from] item: Leftovers
|upkeep
|turn|18
|
|t:|1719942876
|switch|p1a: Amoonguss|Amoonguss, M|79/100
|move|p2a: Starmie|Hydro Pump|p1a: Amoonguss
|-resisted|p1a: Amoonguss
|-damage|p1a: Amoonguss|53/100
|
|-weather|Sandstorm|[upkeep]
|-damage|p2a: Starmie|24/100|[from] Sandstorm
|-damage|p1a: Amoonguss|47/100|[from] Sandstorm
|-heal|p1a: Amoonguss|53/100|[from] item: Black Sludge
|upkeep
|turn|19
|
|t:|1719942895
|move|p2a: Starmie|Ice Beam|p1a: Amoonguss
|-supereffective|p1a: Amoonguss
|-damage|p1a: Amoonguss|15/100
|move|p1a: Amoonguss|Giga Drain|p2a: Starmie
|-supereffective|p2a: Starmie
|-damage|p2a: Starmie|0 fnt
|-heal|p1a: Amoonguss|22/100|[from] drain|[of] p2a: Starmie
|faint|p2a: Starmie
|
|-weather|Sandstorm|[upkeep]
|-damage|p1a: Amoonguss|16/100|[from] Sandstorm
|-heal|p1a: Amoonguss|22/100|[from] item: Black Sludge
|upkeep
|
|t:|1719942909
|switch|p2a: Garchomp|Garchomp, F|100/100
|turn|20
|
|t:|1719942916
|move|p2a: Garchomp|Earthquake|p1a: Amoonguss
|-damage|p1a: Amoonguss|0 fnt
|faint|p1a: Amoonguss
|
|-weather|Sandstorm|[upkeep]
|upkeep
|
|t:|1719942918
|switch|p1a: Mamoswine|Mamoswine, M|50/100
|turn|21
|
|t:|1719942930
|move|p1a: Mamoswine|Ice Shard|p2a: Garchomp
|-supereffective|p2a: Garchomp
|-damage|p2a: Garchomp|13/100
|move|p2a: Garchomp|Earthquake|p1a: Mamoswine
|-damage|p1a: Mamoswine|0 fnt
|faint|p1a: Mamoswine
|
|-weather|Sandstorm|[upkeep]
|upkeep
|
|t:|1719942933
|switch|p1a: Excadrill|Excadrill, F|89/100
|turn|22
|
|t:|1719942938
|move|p1a: Excadrill|Protect|p1a: Excadrill
|-singleturn|p1a: Excadrill|Protect
|move|p2a: Garchomp|Earthquake|p1a: Excadrill
|-activate|p1a: Excadrill|move: Protect
|
|-weather|Sandstorm|[upkeep]
|-heal|p1a: Excadrill|96/100|[from] item: Leftovers
|upkeep
|turn|23
|
|t:|1719942945
|move|p2a: Garchomp|Earthquake|p1a: Excadrill
|-supereffective|p1a: Excadrill
|-damage|p1a: Excadrill|0 fnt
|faint|p1a: Excadrill
|
|win|BookofConke
|raw|BWRbartys's rating: 1560 &rarr; <strong>1535</strong><br />(-25 for losing)
|raw|BookofConke's rating: 1479 &rarr; <strong>1504</strong><br />(+25 for winning)
|l|☆BWRbartys
|player|p1|
