|j|☆Bulging Biceps Bro
|j|☆irgendwasmitmeeem
|t:|1705760510
|gametype|singles
|player|p1|Bulging Biceps Bro|bruno|1303
|player|p2|irgendwasmitmeeem|scott|1515
|teamsize|p1|6
|teamsize|p2|6
|gen|5
|tier|[Gen 5] OU
|rated|
|rule|Species Clause: Limit one of each Pokémon
|rule|OHKO Clause: OHKO moves are banned
|rule|Moody Clause: Moody is banned
|rule|Evasion Items Clause: Evasion items are banned
|rule|Evasion Moves Clause: Evasion moves are banned
|rule|Endless Battle Clause: Forcing endless battles is banned
|rule|HP Percentage Mod: HP is shown in percentages
|rule|Evasion Abilities Clause: Evasion abilities are banned
|rule|Sleep Moves Clause: Sleep-inducing moves are banned
|rule|Swagger Clause: Swagger is banned
|rule|Baton Pass Stat Clause: No Baton Passer may have a way to boost its stats
|clearpoke
|poke|p1|Tyranitar, M|item
|poke|p1|Latios, M|item
|poke|p1|Reuniclus, M|item
|poke|p1|Landorus-Therian, M|item
|poke|p1|Ferrothorn, F|item
|poke|p1|Jellicent, F|item
|poke|p2|Politoed, F|item
|poke|p2|Starmie|item
|poke|p2|Keldeo|item
|poke|p2|Latios, M|item
|poke|p2|Tornadus, M|item
|poke|p2|Ferrothorn, M|item
|teampreview
|inactive|Battle timer is ON: inactive players will automatically lose when time's up. (requested by Bulging Biceps Bro)
|
|t:|1705760562
|start
|switch|p1a: Latios|Latios, M|100/100
|switch|p2a: Politoed|Politoed, F, shiny|100/100
|-weather|RainDance|[from] ability: Drizzle|[of] p2a: Politoed
|turn|1
|
|t:|1705760566
|switch|p2a: Ferrothorn|Ferrothorn, M, shiny|100/100
|move|p1a: Latios|Trick|p2a: Ferrothorn
|-activate|p1a: Latios|move: Trick|[of] p2a: Ferrothorn
|-item|p2a: Ferrothorn|Choice Specs|[from] move: Trick
|-item|p1a: Latios|Leftovers|[from] move: Trick
|
|-weather|RainDance|[upkeep]
|upkeep
|turn|2
|
|t:|1705760573
|switch|p1a: Reuniclus|Reuniclus, M|100/100
|move|p2a: Ferrothorn|Stealth Rock|p1a: Reuniclus
|-sidestart|p1: Bulging Biceps Bro|move: Stealth Rock
|
|-weather|RainDance|[upkeep]
|upkeep
|turn|3
|
|t:|1705760576
|switch|p2a: Starmie|Starmie|100/100
|move|p1a: Reuniclus|Calm Mind|p1a: Reuniclus
|-boost|p1a: Reuniclus|spa|1
|-boost|p1a: Reuniclus|spd|1
|
|-weather|RainDance|[upkeep]
|upkeep
|turn|4
|
|t:|1705760578
|move|p2a: Starmie|Trick|p1a: Reuniclus
|-activate|p2a: Starmie|move: Trick|[of] p1a: Reuniclus
|-item|p1a: Reuniclus|Choice Specs|[from] move: Trick
|-item|p2a: Starmie|Leftovers|[from] move: Trick
|move|p1a: Reuniclus|Calm Mind|p1a: Reuniclus
|-boost|p1a: Reuniclus|spa|1
|-boost|p1a: Reuniclus|spd|1
|
|-weather|RainDance|[upkeep]
|upkeep
|turn|5
|c|☆Bulging Biceps Bro|uno reverse
|c|☆irgendwasmitmeeem|xDDD
|
|t:|1705760594
|switch|p2a: Tornadus|Tornadus, M|100/100
|switch|p1a: Ferrothorn|Ferrothorn, F|100/100
|-damage|p1a: Ferrothorn|94/100|[from] Stealth Rock
|
|-weather|RainDance|[upkeep]
|upkeep
|turn|6
|
|t:|1705760599
|move|p2a: Tornadus|Focus Blast|p1a: Ferrothorn
|-supereffective|p1a: Ferrothorn
|-damage|p1a: Ferrothorn|18/100
|move|p1a: Ferrothorn|Power Whip|p2a: Tornadus
|-resisted|p2a: Tornadus
|-damage|p2a: Tornadus|72/100
|
|-weather|RainDance|[upkeep]
|upkeep
|turn|7
|
|t:|1705760604
|switch|p2a: Latios|Latios, M, shiny|100/100
|move|p1a: Ferrothorn|Protect||[still]
|-fail|p1a: Ferrothorn
|
|-weather|RainDance|[upkeep]
|upkeep
|turn|8
|
|t:|1705760607
|move|p2a: Latios|Draco Meteor|p1a: Ferrothorn|[miss]
|-miss|p2a: Latios|p1a: Ferrothorn
|move|p1a: Ferrothorn|Leech Seed|p2a: Latios
|-start|p2a: Latios|move: Leech Seed
|
|-weather|RainDance|[upkeep]
|-damage|p2a: Latios|88/100|[from] Leech Seed|[of] p1a: Ferrothorn
|-heal|p1a: Ferrothorn|29/100|[silent]
|upkeep
|turn|9
|
|t:|1705760612
|move|p1a: Ferrothorn|Protect|p1a: Ferrothorn
|-singleturn|p1a: Ferrothorn|Protect
|move|p2a: Latios|Draco Meteor|p1a: Ferrothorn
|-activate|p1a: Ferrothorn|move: Protect
|
|-weather|RainDance|[upkeep]
|-damage|p2a: Latios|76/100|[from] Leech Seed|[of] p1a: Ferrothorn
|-heal|p1a: Ferrothorn|40/100|[silent]
|upkeep
|turn|10
|
|t:|1705760617
|switch|p2a: Tornadus|Tornadus, M|72/100
|move|p1a: Ferrothorn|Spikes|p2a: Tornadus
|-sidestart|p2: irgendwasmitmeeem|Spikes
|
|-weather|RainDance|[upkeep]
|upkeep
|turn|11
|
|t:|1705760620
|move|p2a: Tornadus|Hurricane|p1a: Ferrothorn
|-damage|p1a: Ferrothorn|0 fnt
|faint|p1a: Ferrothorn
|
|-weather|RainDance|[upkeep]
|upkeep
|
|t:|1705760635
|switch|p1a: Reuniclus|Reuniclus, M|100/100
|turn|12
|
|t:|1705760639
|switch|p2a: Ferrothorn|Ferrothorn, M, shiny|100/100
|-damage|p2a: Ferrothorn|88/100|[from] Spikes
|move|p1a: Reuniclus|Psychic|p2a: Ferrothorn
|-resisted|p2a: Ferrothorn
|-damage|p2a: Ferrothorn|69/100
|
|-weather|RainDance|[upkeep]
|upkeep
|turn|13
|
|t:|1705760662
|switch|p1a: Landorus|Landorus-Therian, M|100/100
|-damage|p1a: Landorus|88/100|[from] Stealth Rock
|-ability|p1a: Landorus|Intimidate|boost
|-unboost|p2a: Ferrothorn|atk|1
|move|p2a: Ferrothorn|Gyro Ball|p1a: Landorus
|-damage|p1a: Landorus|50/100
|
|-weather|RainDance|[upkeep]
|upkeep
|turn|14
|
|t:|1705760670
|move|p1a: Landorus|Stealth Rock|p2a: Ferrothorn
|-sidestart|p2: irgendwasmitmeeem|move: Stealth Rock
|move|p2a: Ferrothorn|Gyro Ball|p1a: Landorus
|-damage|p1a: Landorus|13/100
|
|-weather|RainDance|[upkeep]
|upkeep
|turn|15
|
|t:|1705760676
|switch|p1a: Reuniclus|Reuniclus, M|100/100
|move|p2a: Ferrothorn|Gyro Ball|p1a: Reuniclus
|-damage|p1a: Reuniclus|92/100
|
|-weather|RainDance|[upkeep]
|upkeep
|turn|16
|
|t:|1705760693
|switch|p2a: Starmie|Starmie|100/100
|-damage|p2a: Starmie|88/100|[from] Spikes
|-damage|p2a: Starmie|76/100|[from] Stealth Rock
|move|p1a: Reuniclus|Focus Blast|p2a: Starmie|[miss]
|-miss|p1a: Reuniclus|p2a: Starmie
|
|-weather|RainDance|[upkeep]
|-heal|p2a: Starmie|82/100|[from] item: Leftovers
|upkeep
|turn|17
|
|t:|1705760707
|switch|p1a: Landorus|Landorus-Therian, M|13/100
|-damage|p1a: Landorus|0 fnt|[from] Stealth Rock
|faint|p1a: Landorus
|move|p2a: Starmie|Psyshock|p1: Landorus|[notarget]
|-fail|p2a: Starmie
|
|-weather|RainDance|[upkeep]
|-heal|p2a: Starmie|88/100|[from] item: Leftovers
|upkeep
|
|t:|1705760714
|switch|p1a: Tyranitar|Tyranitar, M, shiny|100/100
|-damage|p1a: Tyranitar|88/100|[from] Stealth Rock
|-weather|Sandstorm|[from] ability: Sand Stream|[of] p1a: Tyranitar
|turn|18
|
|t:|1705760718
|move|p2a: Starmie|Rapid Spin|p1a: Tyranitar
|-resisted|p1a: Tyranitar
|-damage|p1a: Tyranitar|87/100
|-sideend|p2: irgendwasmitmeeem|Spikes|[from] move: Rapid Spin|[of] p2a: Starmie
|-sideend|p2: irgendwasmitmeeem|Stealth Rock|[from] move: Rapid Spin|[of] p2a: Starmie
|move|p1a: Tyranitar|Crunch|p2a: Starmie
|-supereffective|p2a: Starmie
|-damage|p2a: Starmie|0 fnt
|faint|p2a: Starmie
|
|-weather|Sandstorm|[upkeep]
|upkeep
|
|t:|1705760721
|switch|p2a: Politoed|Politoed, F, shiny|100/100
|-weather|RainDance|[from] ability: Drizzle|[of] p2a: Politoed
|turn|19
|
|t:|1705760723
|switch|p1a: Jellicent|Jellicent, F|100/100
|-damage|p1a: Jellicent|88/100|[from] Stealth Rock
|move|p2a: Politoed|Hidden Power|p1a: Jellicent
|-supereffective|p1a: Jellicent
|-damage|p1a: Jellicent|50/100
|
|-weather|RainDance|[upkeep]
|-heal|p1a: Jellicent|56/100|[from] item: Leftovers
|upkeep
|turn|20
|
|t:|1705760727
|move|p2a: Politoed|Hidden Power|p1a: Jellicent
|-supereffective|p1a: Jellicent
|-damage|p1a: Jellicent|19/100
|move|p1a: Jellicent|Recover|p1a: Jellicent
|-heal|p1a: Jellicent|69/100
|
|-weather|RainDance|[upkeep]
|-heal|p1a: Jellicent|75/100|[from] item: Leftovers
|upkeep
|turn|21
|
|t:|1705760734
|switch|p2a: Ferrothorn|Ferrothorn, M, shiny|69/100
|move|p1a: Jellicent|Recover|p1a: Jellicent
|-heal|p1a: Jellicent|100/100
|
|-weather|RainDance|[upkeep]
|upkeep
|turn|22
|
|t:|1705760739
|switch|p2a: Tornadus|Tornadus, M|72/100
|move|p1a: Jellicent|Will-O-Wisp|p2a: Tornadus|[miss]
|-miss|p1a: Jellicent|p2a: Tornadus
|
|-weather|RainDance|[upkeep]
|upkeep
|turn|23
|
|t:|1705760743
|move|p2a: Tornadus|Hurricane|p1a: Jellicent
|-damage|p1a: Jellicent|45/100
|-start|p1a: Jellicent|confusion
|-activate|p1a: Jellicent|confusion
|-damage|p1a: Jellicent|40/100|[from] confusion
|
|-weather|RainDance|[upkeep]
|-heal|p1a: Jellicent|47/100|[from] item: Leftovers
|upkeep
|turn|24
|
|t:|1705760750
|switch|p2a: Politoed|Politoed, F, shiny|100/100
|switch|p1a: Reuniclus|Reuniclus, M|92/100
|
|-weather|RainDance|[upkeep]
|upkeep
|turn|25
|
|t:|1705760759
|switch|p1a: Jellicent|Jellicent, F|47/100
|-damage|p1a: Jellicent|34/100|[from] Stealth Rock
|move|p2a: Politoed|Scald|p1a: Jellicent
|-heal|p1a: Jellicent|59/100|[from] ability: Water Absorb|[of] p2a: Politoed
|
|-weather|RainDance|[upkeep]
|-heal|p1a: Jellicent|65/100|[from] item: Leftovers
|upkeep
|turn|26
|
|t:|1705760762
|switch|p2a: Ferrothorn|Ferrothorn, M, shiny|69/100
|move|p1a: Jellicent|Recover|p1a: Jellicent
|-heal|p1a: Jellicent|100/100
|
|-weather|RainDance|[upkeep]
|upkeep
|turn|27
|
|t:|1705760764
|move|p1a: Jellicent|Will-O-Wisp|p2a: Ferrothorn
|-status|p2a: Ferrothorn|brn
|move|p2a: Ferrothorn|Power Whip|p1a: Jellicent
|-supereffective|p1a: Jellicent
|-damage|p1a: Jellicent|58/100
|
|-weather|RainDance|[upkeep]
|-heal|p1a: Jellicent|64/100|[from] item: Leftovers
|-damage|p2a: Ferrothorn|57/100 brn|[from] brn
|upkeep
|turn|28
|
|t:|1705760769
|switch|p2a: Latios|Latios, M, shiny|76/100
|move|p1a: Jellicent|Recover|p1a: Jellicent
|-heal|p1a: Jellicent|100/100
|
|-weather|RainDance|[upkeep]
|upkeep
|turn|29
|
|t:|1705760779
|move|p2a: Latios|Draco Meteor|p1a: Jellicent
|-damage|p1a: Jellicent|23/100
|-unboost|p2a: Latios|spa|2
|move|p1a: Jellicent|Scald|p2a: Latios
|-resisted|p2a: Latios
|-damage|p2a: Latios|58/100
|-status|p2a: Latios|brn
|
|-weather|RainDance|[upkeep]
|-heal|p1a: Jellicent|29/100|[from] item: Leftovers
|-damage|p2a: Latios|46/100 brn|[from] brn
|upkeep
|turn|30
|
|t:|1705760788
|switch|p2a: Politoed|Politoed, F, shiny|100/100
|move|p1a: Jellicent|Recover|p1a: Jellicent
|-heal|p1a: Jellicent|79/100
|
|-weather|RainDance|[upkeep]
|-heal|p1a: Jellicent|86/100|[from] item: Leftovers
|upkeep
|turn|31
|
|t:|1705760792
|move|p2a: Politoed|Hidden Power|p1a: Jellicent
|-supereffective|p1a: Jellicent
|-damage|p1a: Jellicent|45/100
|move|p1a: Jellicent|Will-O-Wisp|p2a: Politoed
|-status|p2a: Politoed|brn
|
|-weather|RainDance|[upkeep]
|-heal|p1a: Jellicent|51/100|[from] item: Leftovers
|-damage|p2a: Politoed|88/100 brn|[from] brn
|upkeep
|turn|32
|
|t:|1705760796
|move|p2a: Politoed|Hidden Power|p1a: Jellicent
|-supereffective|p1a: Jellicent
|-damage|p1a: Jellicent|9/100
|move|p1a: Jellicent|Recover|p1a: Jellicent
|-heal|p1a: Jellicent|59/100
|
|-weather|RainDance|[upkeep]
|-heal|p1a: Jellicent|65/100|[from] item: Leftovers
|-damage|p2a: Politoed|76/100 brn|[from] brn
|upkeep
|turn|33
|
|t:|1705760798
|move|p2a: Politoed|Hidden Power|p1a: Jellicent
|-supereffective|p1a: Jellicent
|-damage|p1a: Jellicent|27/100
|move|p1a: Jellicent|Recover|p1a: Jellicent
|-heal|p1a: Jellicent|77/100
|
|-weather|RainDance|[upkeep]
|-heal|p1a: Jellicent|83/100|[from] item: Leftovers
|-damage|p2a: Politoed|63/100 brn|[from] brn
|upkeep
|turn|34
|
|t:|1705760801
|move|p2a: Politoed|Hidden Power|p1a: Jellicent
|-supereffective|p1a: Jellicent
|-damage|p1a: Jellicent|46/100
|move|p1a: Jellicent|Recover|p1a: Jellicent
|-heal|p1a: Jellicent|96/100
|
|-weather|RainDance|[upkeep]
|-heal|p1a: Jellicent|100/100|[from] item: Leftovers
|-damage|p2a: Politoed|51/100 brn|[from] brn
|upkeep
|turn|35
|
|t:|1705760807
|switch|p2a: Ferrothorn|Ferrothorn, M, shiny|57/100 brn
|move|p1a: Jellicent|Scald|p2a: Ferrothorn
|-resisted|p2a: Ferrothorn
|-damage|p2a: Ferrothorn|45/100 brn
|
|-weather|RainDance|[upkeep]
|-damage|p2a: Ferrothorn|33/100 brn|[from] brn
|upkeep
|turn|36
|
|t:|1705760816
|move|p1a: Jellicent|Recover||[still]
|-fail|p1a: Jellicent|heal
|move|p2a: Ferrothorn|Spikes|p1a: Jellicent
|-sidestart|p1: Bulging Biceps Bro|Spikes
|
|-weather|RainDance|[upkeep]
|-damage|p2a: Ferrothorn|20/100 brn|[from] brn
|upkeep
|turn|37
|
|t:|1705760819
|move|p1a: Jellicent|Taunt|p2a: Ferrothorn
|-start|p2a: Ferrothorn|move: Taunt
|cant|p2a: Ferrothorn|move: Taunt|Spikes
|
|-weather|RainDance|[upkeep]
|-damage|p2a: Ferrothorn|8/100 brn|[from] brn
|upkeep
|turn|38
|
|t:|1705760823
|move|p1a: Jellicent|Scald|p2a: Ferrothorn
|-resisted|p2a: Ferrothorn
|-damage|p2a: Ferrothorn|0 fnt
|faint|p2a: Ferrothorn
|
|-weather|RainDance|[upkeep]
|upkeep
|
|t:|1705760826
|switch|p2a: Tornadus|Tornadus, M|72/100
|turn|39
|
|t:|1705760830
|move|p2a: Tornadus|Hurricane|p1a: Jellicent
|-damage|p1a: Jellicent|43/100
|-start|p1a: Jellicent|confusion
|-activate|p1a: Jellicent|confusion
|move|p1a: Jellicent|Scald|p2a: Tornadus
|-damage|p2a: Tornadus|18/100
|
|-weather|RainDance|[upkeep]
|-heal|p1a: Jellicent|49/100|[from] item: Leftovers
|upkeep
|turn|40
|
|t:|1705760838
|switch|p1a: Reuniclus|Reuniclus, M|92/100
|move|p2a: Tornadus|Hurricane|p1a: Reuniclus
|-crit|p1a: Reuniclus
|-damage|p1a: Reuniclus|0 fnt
|faint|p1a: Reuniclus
|
|-weather|RainDance|[upkeep]
|upkeep
|
|t:|1705760847
|switch|p1a: Tyranitar|Tyranitar, M, shiny|87/100
|-damage|p1a: Tyranitar|75/100|[from] Stealth Rock
|-damage|p1a: Tyranitar|62/100|[from] Spikes
|-weather|Sandstorm|[from] ability: Sand Stream|[of] p1a: Tyranitar
|turn|41
|
|t:|1705760852
|switch|p2a: Keldeo|Keldeo|100/100
|switch|p1a: Jellicent|Jellicent, F|49/100
|-damage|p1a: Jellicent|36/100|[from] Stealth Rock
|-damage|p1a: Jellicent|24/100|[from] Spikes
|
|-weather|Sandstorm|[upkeep]
|-damage|p2a: Keldeo|94/100|[from] Sandstorm
|-damage|p1a: Jellicent|18/100|[from] Sandstorm
|-heal|p1a: Jellicent|24/100|[from] item: Leftovers
|upkeep
|turn|42
|
|t:|1705760862
|switch|p2a: Latios|Latios, M, shiny|46/100 brn
|move|p1a: Jellicent|Recover|p1a: Jellicent
|-heal|p1a: Jellicent|74/100
|
|-weather|Sandstorm|[upkeep]
|-damage|p2a: Latios|40/100 brn|[from] Sandstorm
|-damage|p1a: Jellicent|68/100|[from] Sandstorm
|-heal|p1a: Jellicent|74/100|[from] item: Leftovers
|-damage|p2a: Latios|28/100 brn|[from] brn
|upkeep
|turn|43
|
|t:|1705760867
|move|p2a: Latios|Draco Meteor|p1a: Jellicent
|-damage|p1a: Jellicent|0 fnt
|-unboost|p2a: Latios|spa|2
|faint|p1a: Jellicent
|
|-weather|Sandstorm|[upkeep]
|-damage|p2a: Latios|22/100 brn|[from] Sandstorm
|-damage|p2a: Latios|10/100 brn|[from] brn
|upkeep
|
|t:|1705760871
|switch|p1a: Tyranitar|Tyranitar, M, shiny|62/100
|-damage|p1a: Tyranitar|50/100|[from] Stealth Rock
|-damage|p1a: Tyranitar|37/100|[from] Spikes
|turn|44
|
|t:|1705760874
|move|p2a: Latios|Draco Meteor|p1a: Tyranitar|[miss]
|-miss|p2a: Latios|p1a: Tyranitar
|move|p1a: Tyranitar|Pursuit|p2a: Latios
|-supereffective|p2a: Latios
|-damage|p2a: Latios|0 fnt
|faint|p2a: Latios
|
|-weather|Sandstorm|[upkeep]
|upkeep
|
|t:|1705760877
|switch|p2a: Politoed|Politoed, F, shiny|51/100 brn
|-weather|RainDance|[from] ability: Drizzle|[of] p2a: Politoed
|turn|45
|
|t:|1705760881
|move|p2a: Politoed|Scald|p1a: Tyranitar
|-supereffective|p1a: Tyranitar
|-damage|p1a: Tyranitar|0 fnt
|faint|p1a: Tyranitar
|
|-weather|RainDance|[upkeep]
|-damage|p2a: Politoed|38/100 brn|[from] brn
|upkeep
|
|t:|1705760889
|switch|p1a: Latios|Latios, M|100/100
|-damage|p1a: Latios|88/100|[from] Stealth Rock
|turn|46
|
|t:|1705760893
|move|p1a: Latios|Surf|p2a: Politoed
|-resisted|p2a: Politoed
|-damage|p2a: Politoed|13/100 brn
|move|p2a: Politoed|Scald|p1a: Latios
|-resisted|p1a: Latios
|-damage|p1a: Latios|50/100
|
|-weather|RainDance|[upkeep]
|-heal|p1a: Latios|56/100|[from] item: Leftovers
|-damage|p2a: Politoed|0 fnt|[from] brn
|faint|p2a: Politoed
|upkeep
|
|t:|1705760896
|switch|p2a: Tornadus|Tornadus, M|18/100
|turn|47
|
|t:|1705760899
|move|p2a: Tornadus|Hurricane|p1a: Latios
|-damage|p1a: Latios|0 fnt
|faint|p1a: Latios
|
|win|irgendwasmitmeeem
|raw|Bulging Biceps Bro's rating: 1303 &rarr; <strong>1294</strong><br />(-9 for losing)
|raw|irgendwasmitmeeem's rating: 1522 &rarr; <strong>1531</strong><br />(+9 for winning)
|c|☆Bulging Biceps Bro|gg
