|join|Lost Mementos
|join|Tom Shanks
|player|p1|Lost Mementos|166
|player|p2|Tom Shanks|290
|gametype|singles
|gen|5
|tier|[Gen 5] OU
|rated
|rule|Evasion Abilities Clause: Evasion abilities are banned
|clearpoke
|poke|p1|Jirachi
|poke|p1|Garchomp, M
|poke|p1|Starmie
|poke|p1|Terrakion
|poke|p1|Breloom, F
|poke|p1|Dragonite, F
|poke|p2|Azelf
|poke|p2|Snorlax, F
|poke|p2|Landorus-Therian, M
|poke|p2|Liepard, M
|poke|p2|Gigalith, M
|poke|p2|Metagross
|rule|Sleep Clause Mod: Limit one foe put to sleep
|rule|Species Clause: Limit one of each Pokemon
|rule|OHKO Clause: OHKO moves are banned
|rule|Moody Clause: Moody is banned
|rule|Evasion Moves Clause: Evasion moves are banned
|rule|Endless Battle Clause: Forcing endless battles is banned.
|rule|HP Percentage Mod: HP is reported as percentages
|teampreview
|
|start
|switch|p1a: Jirachi|Jirachi|342/342
|switch|p2a: JIHAD|Gigalith, M|312/312
|turn|1
|
|move|p1a: Jirachi|Stealth Rock|p2a: JIHAD
|-sidestart|p2: Tom Shanks|move: Stealth Rock
|move|p2a: JIHAD|Stealth Rock|p1a: Jirachi
|-sidestart|p1: Lost Mementos|move: Stealth Rock
|
|turn|2
|
|move|p1a: Jirachi|Grass Knot|p2a: JIHAD
|-supereffective|p2a: JIHAD
|-activate|p2a: JIHAD|Sturdy
|-damage|p2a: JIHAD|1/312
|move|p2a: JIHAD|Earthquake|p1a: Jirachi
|-supereffective|p1a: Jirachi
|-enditem|p1a: Jirachi|Shuca Berry|[eat]
|-damage|p1a: Jirachi|208/342
|
|turn|3
|-enditem|p2a: JIHAD|Custap Berry|[eat]
|-activate|p2a: JIHAD|Custap Berry
|
|move|p2a: JIHAD|Earthquake|p1a: Jirachi
|-supereffective|p1a: Jirachi
|-damage|p1a: Jirachi|0 fnt
|faint|p1a: Jirachi
|
|
|switch|p1a: Starmie|Starmie|261/261
|-damage|p1a: Starmie|229/261|[from] Stealth Rock
|turn|4
|
|move|p1a: Starmie|Rapid Spin|p2a: JIHAD
|-resisted|p2a: JIHAD
|-damage|p2a: JIHAD|0 fnt
|-sideend|p1: Lost Mementos|Stealth Rock|[from] move: Rapid Spin|[of] p1a: Starmie
|-damage|p1a: Starmie|203/261|[from] item: Life Orb
|faint|p2a: JIHAD
|
|
|switch|p2a: FKN IDK|Azelf|292/292
|-damage|p2a: FKN IDK|256/292|[from] Stealth Rock
|turn|5
|
|move|p2a: FKN IDK|Thunderbolt|p1a: Starmie
|-supereffective|p1a: Starmie
|-damage|p1a: Starmie|0 fnt
|faint|p1a: Starmie
|
|
|switch|p1a: Breloom|Breloom, F|262/262
|turn|6
|
|move|p2a: FKN IDK|Flamethrower|p1a: Breloom
|-supereffective|p1a: Breloom
|-enditem|p1a: Breloom|Focus Sash
|-damage|p1a: Breloom|1/262
|move|p1a: Breloom|Bullet Seed|p2a: FKN IDK
|-damage|p2a: FKN IDK|162/292
|-damage|p2a: FKN IDK|74/292
|-damage|p2a: FKN IDK|0 fnt
|-hitcount|p2a: FKN IDK|3
|faint|p2a: FKN IDK
|
|
|switch|p2a: AL QAEDA|Landorus-Therian, M|319/319
|-damage|p2a: AL QAEDA|280/319|[from] Stealth Rock
|-ability|p2a: AL QAEDA|Intimidate|[of] p1a: Breloom
|-unboost|p1a: Breloom|atk|1
|turn|7
|
|move|p2a: AL QAEDA|Hidden Power|p1a: Breloom
|-supereffective|p1a: Breloom
|-damage|p1a: Breloom|0 fnt
|faint|p1a: Breloom
|
|
|switch|p1a: Terrakion|Terrakion|323/323
|turn|8
|
|switch|p2a: ALALALALALALALA|Metagross|301/301
|-damage|p2a: ALALALALALALALA|283/301|[from] Stealth Rock
|move|p1a: Terrakion|Substitute|p1a: Terrakion
|-start|p1a: Terrakion|Substitute
|-damage|p1a: Terrakion|243/323
|
|turn|9
|
|move|p1a: Terrakion|Swords Dance|p1a: Terrakion
|-boost|p1a: Terrakion|atk|2
|move|p2a: ALALALALALALALA|Meteor Mash|p1a: Terrakion
|-supereffective|p1a: Terrakion
|-end|p1a: Terrakion|Substitute
|
|turn|10
|
|switch|p2a: AL QAEDA|Landorus-Therian, M|280/319
|-damage|p2a: AL QAEDA|241/319|[from] Stealth Rock
|-ability|p2a: AL QAEDA|Intimidate|[of] p1a: Terrakion
|-unboost|p1a: Terrakion|atk|1
|move|p1a: Terrakion|Substitute|p1a: Terrakion
|-start|p1a: Terrakion|Substitute
|-damage|p1a: Terrakion|163/323
|
|turn|11
|
|move|p1a: Terrakion|Stone Edge|p2a: AL QAEDA
|-enditem|p1a: Terrakion|Rock Gem|[from] gem|[move] Stone Edge
|-damage|p2a: AL QAEDA|0 fnt
|faint|p2a: AL QAEDA
|
|
|switch|p2a: ALALALALALALALA|Metagross|283/301
|-damage|p2a: ALALALALALALALA|265/301|[from] Stealth Rock
|turn|12
|
|move|p1a: Terrakion|Close Combat|p2a: ALALALALALALALA
|-damage|p2a: ALALALALALALALA|49/301
|-unboost|p1a: Terrakion|def|1
|-unboost|p1a: Terrakion|spd|1
|move|p2a: ALALALALALALALA|Meteor Mash|p1a: Terrakion
|-supereffective|p1a: Terrakion
|-end|p1a: Terrakion|Substitute
|
|turn|13
|
|move|p1a: Terrakion|Close Combat|p2a: ALALALALALALALA
|-damage|p2a: ALALALALALALALA|0 fnt
|-unboost|p1a: Terrakion|def|1
|-unboost|p1a: Terrakion|spd|1
|faint|p2a: ALALALALALALALA
|
|
|switch|p2a: NINJA STONES|Liepard, M|332/332
|-damage|p2a: NINJA STONES|291/332|[from] Stealth Rock
|turn|14
|
|switch|p1a: Garchomp|Garchomp, M|358/358
|move|p2a: NINJA STONES|Swagger|p1a: Garchomp
|-boost|p1a: Garchomp|atk|2
|-start|p1a: Garchomp|confusion
|
|-heal|p2a: NINJA STONES|311/332|[from] item: Leftovers
|turn|15
|
|move|p2a: NINJA STONES|Substitute|p2a: NINJA STONES
|-start|p2a: NINJA STONES|Substitute
|-damage|p2a: NINJA STONES|228/332
|-activate|p1a: Garchomp|confusion
|move|p1a: Garchomp|Earthquake|p2a: NINJA STONES
|-end|p2a: NINJA STONES|Substitute
|
|-heal|p2a: NINJA STONES|248/332|[from] item: Leftovers
|turn|16
|
|move|p2a: NINJA STONES|Swagger|p1a: Garchomp
|-boost|p1a: Garchomp|atk|2
|-activate|p1a: Garchomp|confusion
|-damage|p1a: Garchomp|201/358|[from] confusion
|
|-heal|p2a: NINJA STONES|268/332|[from] item: Leftovers
|turn|17
|
|move|p2a: NINJA STONES|Substitute|p2a: NINJA STONES
|-start|p2a: NINJA STONES|Substitute
|-damage|p2a: NINJA STONES|185/332
|-activate|p1a: Garchomp|confusion
|-damage|p1a: Garchomp|62/358|[from] confusion
|
|-heal|p2a: NINJA STONES|205/332|[from] item: Leftovers
|turn|18
|
|move|p2a: NINJA STONES|Swagger|p1a: Garchomp
|-boost|p1a: Garchomp|atk|2
|-end|p1a: Garchomp|confusion
|move|p1a: Garchomp|Earthquake|p2a: NINJA STONES
|-end|p2a: NINJA STONES|Substitute
|
|-heal|p2a: NINJA STONES|225/332|[from] item: Leftovers
|turn|19
|
|move|p2a: NINJA STONES|Swagger|p1a: Garchomp
|-start|p1a: Garchomp|confusion
|-activate|p1a: Garchomp|confusion
|-damage|p1a: Garchomp|0 fnt|[from] confusion
|faint|p1a: Garchomp
|
|-heal|p2a: NINJA STONES|245/332|[from] item: Leftovers
|chat|Lost Mementos|-.-
|
|switch|p1a: Terrakion|Terrakion|163/323
|turn|20
|
|move|p2a: NINJA STONES|Swagger|p1a: Terrakion
|-boost|p1a: Terrakion|atk|2
|-start|p1a: Terrakion|confusion
|-activate|p1a: Terrakion|confusion
|-damage|p1a: Terrakion|57/323|[from] confusion
|
|-heal|p2a: NINJA STONES|265/332|[from] item: Leftovers
|turn|21
|
|move|p2a: NINJA STONES|Thunder Wave|p1a: Terrakion
|-status|p1a: Terrakion|par
|-activate|p1a: Terrakion|confusion
|-damage|p1a: Terrakion|0 fnt|[from] confusion
|faint|p1a: Terrakion
|
|-heal|p2a: NINJA STONES|285/332|[from] item: Leftovers
|
|switch|p1a: Dragonite|Dragonite, F|324/324
|turn|22
|
|move|p2a: NINJA STONES|Thunder Wave|p1a: Dragonite
|-status|p1a: Dragonite|par
|-enditem|p1a: Dragonite|Lum Berry|[eat]
|-curestatus|p1a: Dragonite|par
|move|p1a: Dragonite|Outrage|p2a: NINJA STONES
|-damage|p2a: NINJA STONES|9/332
|
|-heal|p2a: NINJA STONES|29/332|[from] item: Leftovers
|turn|23
|
|move|p2a: NINJA STONES|Thunder Wave|p1a: Dragonite
|-status|p1a: Dragonite|par
|cant|p1a: Dragonite|par
|
|-end|p1a: Dragonite|rampage
|-start|p1a: Dragonite|confusion
|-heal|p2a: NINJA STONES|49/332|[from] item: Leftovers
|turn|24
|chat|Lost Mementos|._.
|
|cant|p1a: Dragonite|par
|move|p2a: NINJA STONES|Swagger|p1a: Dragonite
|-boost|p1a: Dragonite|atk|2
|
|-heal|p2a: NINJA STONES|69/332|[from] item: Leftovers
|turn|25
|
|-activate|p1a: Dragonite|confusion
|move|p1a: Dragonite|Extreme Speed|p2a: NINJA STONES
|-damage|p2a: NINJA STONES|0 fnt
|faint|p2a: NINJA STONES
|
|
|switch|p2a: USELESS MAYBE|Snorlax, F|462/462
|-damage|p2a: USELESS MAYBE|405/462|[from] Stealth Rock
|turn|26
|
|move|p2a: USELESS MAYBE|Crunch|p1a: Dragonite
|-damage|p1a: Dragonite|274/324 par
|cant|p1a: Dragonite|par
|
|-heal|p2a: USELESS MAYBE|433/462|[from] item: Leftovers
|turn|27
|chat|Tom Shanks|well this is interesting
|
|move|p2a: USELESS MAYBE|Crunch|p1a: Dragonite
|-damage|p1a: Dragonite|179/324 par
|-activate|p1a: Dragonite|confusion
|-damage|p1a: Dragonite|65/324 par|[from] confusion
|
|-heal|p2a: USELESS MAYBE|461/462|[from] item: Leftovers
|turn|28
|
|move|p2a: USELESS MAYBE|Crunch|p1a: Dragonite
|-damage|p1a: Dragonite|0 fnt
|faint|p1a: Dragonite
|
|win|Tom Shanks
|raw|Ladder updating...
|raw|Lost Mementos's rating: 1537 &rarr; <strong>1504</strong><br />(-33 for losing)
|raw|Tom Shanks's rating: 1271 &rarr; <strong>1312</strong><br />(+41 for winning)
|chat|Lost Mementos|"g"g
|chat|Tom Shanks|gg
|leave|Lost Mementos
|player|p1
|chat|Tom Shanks|LOL