|j|☆geezer kid
|j|☆mikotrana
|t:|1598446268
|player|p1|geezer kid|1|1611
|player|p2|mikotrana|swimmer-gen4dp|1342
|teamsize|p1|6
|teamsize|p2|6
|gametype|singles
|gen|5
|tier|[Gen 5] OU
|rated|
|clearpoke
|poke|p1|Starmie|item
|poke|p1|Landorus-Therian, M|item
|poke|p1|Ferrothorn, F|item
|poke|p1|Garchomp, F|item
|poke|p1|Tyranitar, F|item
|poke|p1|Alakazam, F|item
|poke|p2|Chansey, F|item
|poke|p2|Reuniclus, F|item
|poke|p2|Cloyster, M|item
|poke|p2|Hydreigon, F|item
|poke|p2|Conkeldurr, M|item
|poke|p2|Ditto|item
|rule|Species Clause: Limit one of each Pokémon
|rule|OHKO Clause: OHKO moves are banned
|rule|Moody Clause: Moody is banned
|rule|Evasion Moves Clause: Evasion moves are banned
|rule|Endless Battle Clause: Forcing endless battles is banned
|rule|HP Percentage Mod: HP is shown in percentages
|rule|Evasion Abilities Clause: Evasion abilities are banned
|rule|Baton Pass Clause: Limit one Baton Passer, can't pass Spe and other stats simultaneously
|rule|Sleep Clause: Sleep-inducing moves are banned
|rule|Swagger Clause: Swagger is banned
|teampreview
|
|t:|1598446300
|start
|switch|p1a: Ferrothorn|Ferrothorn, F|100/100
|switch|p2a: Hydreigon|Hydreigon, F|100/100
|turn|1
|
|t:|1598446313
|switch|p1a: Starmie|Starmie|100/100
|move|p2a: Hydreigon|Flamethrower|p1a: Starmie
|-resisted|p1a: Starmie
|-crit|p1a: Starmie
|-damage|p1a: Starmie|60/100
|
|-heal|p1a: Starmie|66/100|[from] item: Leftovers
|upkeep
|turn|2
|
|t:|1598446322
|switch|p2a: Chansey|Chansey, F|100/100
|switch|p1a: Tyranitar|Tyranitar, F|100/100
|-weather|Sandstorm|[from] ability: Sand Stream|[of] p1a: Tyranitar
|
|-weather|Sandstorm|[upkeep]
|-damage|p2a: Chansey|94/100|[from] Sandstorm
|upkeep
|turn|3
|
|t:|1598446331
|move|p1a: Tyranitar|Stealth Rock|p2a: Chansey
|-sidestart|p2: mikotrana|move: Stealth Rock
|move|p2a: Chansey|Thunder Wave|p1a: Tyranitar
|-status|p1a: Tyranitar|par
|
|-weather|Sandstorm|[upkeep]
|-damage|p2a: Chansey|88/100|[from] Sandstorm
|upkeep
|turn|4
|
|t:|1598446340
|switch|p2a: Conkeldurr|Conkeldurr, M|100/100
|-damage|p2a: Conkeldurr|94/100|[from] Stealth Rock
|switch|p1a: Ferrothorn|Ferrothorn, F|100/100
|
|-weather|Sandstorm|[upkeep]
|-damage|p2a: Conkeldurr|88/100|[from] Sandstorm
|upkeep
|turn|5
|
|t:|1598446348
|move|p2a: Conkeldurr|Drain Punch|p1a: Ferrothorn
|-supereffective|p1a: Ferrothorn
|-damage|p1a: Ferrothorn|11/100
|-heal|p2a: Conkeldurr|100/100|[from] drain|[of] p1a: Ferrothorn
|-damage|p2a: Conkeldurr|88/100|[from] ability: Iron Barbs|[of] p1a: Ferrothorn
|-damage|p2a: Conkeldurr|78/100|[from] item: Life Orb
|move|p1a: Ferrothorn|Leech Seed|p2a: Conkeldurr
|-start|p2a: Conkeldurr|move: Leech Seed
|
|-weather|Sandstorm|[upkeep]
|-damage|p2a: Conkeldurr|72/100|[from] Sandstorm
|-heal|p1a: Ferrothorn|17/100|[from] item: Leftovers
|-damage|p2a: Conkeldurr|60/100|[from] Leech Seed|[of] p1a: Ferrothorn
|-heal|p1a: Ferrothorn|32/100|[silent]
|upkeep
|turn|6
|
|t:|1598446361
|move|p1a: Ferrothorn|Protect|p1a: Ferrothorn
|-singleturn|p1a: Ferrothorn|Protect
|move|p2a: Conkeldurr|Drain Punch|p1a: Ferrothorn
|-activate|p1a: Ferrothorn|move: Protect
|
|-weather|Sandstorm|[upkeep]
|-damage|p2a: Conkeldurr|54/100|[from] Sandstorm
|-heal|p1a: Ferrothorn|38/100|[from] item: Leftovers
|-damage|p2a: Conkeldurr|42/100|[from] Leech Seed|[of] p1a: Ferrothorn
|-heal|p1a: Ferrothorn|52/100|[silent]
|upkeep
|turn|7
|
|t:|1598446382
|switch|p1a: Landorus|Landorus-Therian, M|100/100
|-ability|p1a: Landorus|Intimidate|boost
|-unboost|p2a: Conkeldurr|atk|1
|move|p2a: Conkeldurr|Ice Punch|p1a: Landorus
|-supereffective|p1a: Landorus
|-damage|p1a: Landorus|0 fnt
|-damage|p2a: Conkeldurr|32/100|[from] item: Life Orb
|faint|p1a: Landorus
|
|-weather|Sandstorm|[upkeep]
|-damage|p2a: Conkeldurr|26/100|[from] Sandstorm
|upkeep
|
|t:|1598446414
|switch|p1a: Starmie|Starmie|66/100
|turn|8
|
|t:|1598446418
|switch|p2a: Chansey|Chansey, F|88/100
|-damage|p2a: Chansey|76/100|[from] Stealth Rock
|move|p1a: Starmie|Scald|p2a: Chansey
|-damage|p2a: Chansey|67/100
|
|-weather|Sandstorm|[upkeep]
|-damage|p1a: Starmie|60/100|[from] Sandstorm
|-damage|p2a: Chansey|61/100|[from] Sandstorm
|-heal|p1a: Starmie|66/100|[from] item: Leftovers
|upkeep
|turn|9
|
|t:|1598446431
|move|p1a: Starmie|Toxic|p2a: Chansey
|-status|p2a: Chansey|tox
|move|p2a: Chansey|Soft-Boiled|p2a: Chansey
|-heal|p2a: Chansey|100/100 tox
|
|-weather|Sandstorm|[upkeep]
|-damage|p1a: Starmie|60/100|[from] Sandstorm
|-damage|p2a: Chansey|94/100 tox|[from] Sandstorm
|-heal|p1a: Starmie|66/100|[from] item: Leftovers
|-damage|p2a: Chansey|88/100 tox|[from] psn
|upkeep
|turn|10
|
|t:|1598446449
|move|p1a: Starmie|Recover|p1a: Starmie
|-heal|p1a: Starmie|100/100
|move|p2a: Chansey|Seismic Toss|p1a: Starmie
|-damage|p1a: Starmie|70/100
|
|-weather|Sandstorm|[upkeep]
|-damage|p1a: Starmie|63/100|[from] Sandstorm
|-damage|p2a: Chansey|82/100 tox|[from] Sandstorm
|-heal|p1a: Starmie|70/100|[from] item: Leftovers
|-damage|p2a: Chansey|70/100 tox|[from] psn
|upkeep
|turn|11
|
|t:|1598446459
|switch|p1a: Ferrothorn|Ferrothorn, F|52/100
|move|p2a: Chansey|Thunder Wave|p1a: Ferrothorn
|-status|p1a: Ferrothorn|par
|
|-weather|Sandstorm|[upkeep]
|-damage|p2a: Chansey|64/100 tox|[from] Sandstorm
|-heal|p1a: Ferrothorn|59/100 par|[from] item: Leftovers
|-damage|p2a: Chansey|45/100 tox|[from] psn
|upkeep
|turn|12
|
|t:|1598446470
|switch|p2a: Hydreigon|Hydreigon, F|100/100
|-damage|p2a: Hydreigon|88/100|[from] Stealth Rock
|move|p1a: Ferrothorn|Spikes|p2a: Hydreigon
|-sidestart|p2: mikotrana|Spikes
|
|-weather|Sandstorm|[upkeep]
|-damage|p2a: Hydreigon|82/100|[from] Sandstorm
|-heal|p1a: Ferrothorn|65/100 par|[from] item: Leftovers
|upkeep
|turn|13
|
|t:|1598446479
|cant|p1a: Ferrothorn|par
|move|p2a: Hydreigon|Flamethrower|p1a: Ferrothorn
|-supereffective|p1a: Ferrothorn
|-damage|p1a: Ferrothorn|0 fnt
|faint|p1a: Ferrothorn
|
|-weather|Sandstorm|[upkeep]
|-damage|p2a: Hydreigon|76/100|[from] Sandstorm
|upkeep
|
|t:|1598446500
|switch|p1a: Tyranitar|Tyranitar, F|100/100 par
|turn|14
|
|t:|1598446531
|-activate|p2a: Hydreigon|move: Pursuit
|cant|p1a: Tyranitar|par
|switch|p2a: Ditto|Ditto|100/100
|-damage|p2a: Ditto|88/100|[from] Spikes
|-damage|p2a: Ditto|76/100|[from] Stealth Rock
|-transform|p2a: Ditto|p1a: Tyranitar|[from] ability: Imposter
|
|-weather|Sandstorm|[upkeep]
|upkeep
|turn|15
|
|t:|1598446546
|switch|p2a: Hydreigon|Hydreigon, F|76/100
|-damage|p2a: Hydreigon|64/100|[from] Stealth Rock
|move|p1a: Tyranitar|Crunch|p2a: Hydreigon
|-resisted|p2a: Hydreigon
|-damage|p2a: Hydreigon|43/100
|-unboost|p2a: Hydreigon|def|1
|
|-weather|Sandstorm|[upkeep]
|-damage|p2a: Hydreigon|36/100|[from] Sandstorm
|upkeep
|turn|16
|
|t:|1598446559
|switch|p1a: Garchomp|Garchomp, F|100/100
|move|p2a: Hydreigon|U-turn|p1a: Garchomp
|-damage|p1a: Garchomp|84/100
|-damage|p2a: Hydreigon|24/100|[from] ability: Rough Skin|[of] p1a: Garchomp
|
|t:|1598446565
|switch|p2a: Cloyster|Cloyster, M|100/100|[from]move: U-turn
|-damage|p2a: Cloyster|76/100|[from] Stealth Rock
|-damage|p2a: Cloyster|63/100|[from] Spikes
|
|-weather|Sandstorm|[upkeep]
|-damage|p2a: Cloyster|57/100|[from] Sandstorm
|upkeep
|turn|17
|
|t:|1598446587
|move|p2a: Cloyster|Ice Shard|p1a: Garchomp
|-supereffective|p1a: Garchomp
|-damage|p1a: Garchomp|0 fnt
|faint|p1a: Garchomp
|
|-weather|Sandstorm|[upkeep]
|-damage|p2a: Cloyster|51/100|[from] Sandstorm
|upkeep
|
|t:|1598446604
|switch|p1a: Starmie|Starmie|70/100
|turn|18
|
|t:|1598446616
|switch|p2a: Ditto|Ditto|76/100
|-damage|p2a: Ditto|63/100|[from] Stealth Rock
|-damage|p2a: Ditto|51/100|[from] Spikes
|-transform|p2a: Ditto|p1a: Starmie|[from] ability: Imposter
|move|p1a: Starmie|Scald|p2a: Ditto
|-resisted|p2a: Ditto
|-damage|p2a: Ditto|34/100
|
|-weather|Sandstorm|[upkeep]
|-damage|p2a: Ditto|28/100|[from] Sandstorm
|-damage|p1a: Starmie|63/100|[from] Sandstorm
|-heal|p1a: Starmie|70/100|[from] item: Leftovers
|upkeep
|turn|19
|
|t:|1598446633
|move|p2a: Ditto|Rapid Spin|p1a: Starmie
|-crit|p1a: Starmie
|-damage|p1a: Starmie|63/100
|-sideend|p2: mikotrana|Spikes|[from] move: Rapid Spin|[of] p2a: Ditto
|-sideend|p2: mikotrana|Stealth Rock|[from] move: Rapid Spin|[of] p2a: Ditto
|move|p1a: Starmie|Scald|p2a: Ditto
|-resisted|p2a: Ditto
|-damage|p2a: Ditto|11/100
|
|-weather|Sandstorm|[upkeep]
|-damage|p2a: Ditto|5/100|[from] Sandstorm
|-damage|p1a: Starmie|57/100|[from] Sandstorm
|-heal|p1a: Starmie|63/100|[from] item: Leftovers
|upkeep
|turn|20
|
|t:|1598446652
|move|p2a: Ditto|Rapid Spin|p1a: Starmie
|-damage|p1a: Starmie|60/100
|move|p1a: Starmie|Recover|p1a: Starmie
|-heal|p1a: Starmie|100/100
|
|-weather|Sandstorm|[upkeep]
|-damage|p2a: Ditto|0 fnt|[from] Sandstorm
|-damage|p1a: Starmie|94/100|[from] Sandstorm
|faint|p2a: Ditto
|-heal|p1a: Starmie|100/100|[from] item: Leftovers
|upkeep
|
|t:|1598446657
|switch|p2a: Hydreigon|Hydreigon, F|24/100
|turn|21
|l|☆geezer kid
|player|p1|
|j|☆geezer kid
|player|p1|geezer kid|1
|
|t:|1598446690
|switch|p1a: Tyranitar|Tyranitar, F|100/100 par
|move|p2a: Hydreigon|U-turn|p1a: Tyranitar
|-supereffective|p1a: Tyranitar
|-damage|p1a: Tyranitar|77/100 par
|
|t:|1598446723
|switch|p2a: Cloyster|Cloyster, M|51/100|[from]move: U-turn
|
|-weather|Sandstorm|[upkeep]
|-damage|p2a: Cloyster|44/100|[from] Sandstorm
|upkeep
|turn|22
|
|t:|1598446730
|move|p2a: Cloyster|Icicle Spear|p1a: Tyranitar
|-damage|p1a: Tyranitar|64/100 par
|-damage|p1a: Tyranitar|50/100 par
|-damage|p1a: Tyranitar|37/100 par
|-damage|p1a: Tyranitar|22/100 par
|-damage|p1a: Tyranitar|9/100 par
|-hitcount|p1a: Tyranitar|5
|move|p1a: Tyranitar|Fire Blast|p2a: Cloyster
|-damage|p2a: Cloyster|0 fnt
|faint|p2a: Cloyster
|
|-weather|Sandstorm|[upkeep]
|upkeep
|
|t:|1598446754
|switch|p2a: Hydreigon|Hydreigon, F|24/100
|turn|23
|
|t:|1598446763
|move|p2a: Hydreigon|U-turn|p1a: Tyranitar
|-supereffective|p1a: Tyranitar
|-damage|p1a: Tyranitar|0 fnt
|faint|p1a: Tyranitar
|
|t:|1598446768
|switch|p2a: Reuniclus|Reuniclus, F|100/100|[from]move: U-turn
|
|-weather|Sandstorm|[upkeep]
|upkeep
|
|t:|1598446772
|switch|p1a: Alakazam|Alakazam, F, shiny|100/100
|turn|24
|
|t:|1598446776
|move|p1a: Alakazam|Shadow Ball|p2a: Reuniclus
|-supereffective|p2a: Reuniclus
|-damage|p2a: Reuniclus|46/100
|-unboost|p2a: Reuniclus|spd|1
|move|p2a: Reuniclus|Shadow Ball|p1a: Alakazam
|-supereffective|p1a: Alakazam
|-damage|p1a: Alakazam|27/100
|
|-weather|Sandstorm|[upkeep]
|-heal|p2a: Reuniclus|52/100|[from] item: Leftovers
|upkeep
|turn|25
|
|t:|1598446787
|switch|p2a: Chansey|Chansey, F|45/100
|move|p1a: Alakazam|Shadow Ball|p2a: Chansey
|-immune|p2a: Chansey
|
|-weather|Sandstorm|[upkeep]
|-damage|p2a: Chansey|39/100|[from] Sandstorm
|upkeep
|turn|26
|
|t:|1598446795
|switch|p1a: Starmie|Starmie|100/100
|move|p2a: Chansey|Thunder Wave|p1a: Starmie
|-status|p1a: Starmie|par
|
|-weather|Sandstorm|[upkeep]
|-damage|p2a: Chansey|33/100|[from] Sandstorm
|-damage|p1a: Starmie|94/100 par|[from] Sandstorm
|-heal|p1a: Starmie|100/100 par|[from] item: Leftovers
|upkeep
|turn|27
|
|t:|1598446805
|move|p2a: Chansey|Soft-Boiled|p2a: Chansey
|-heal|p2a: Chansey|83/100
|cant|p1a: Starmie|par
|
|-weather|Sandstorm|[upkeep]
|-damage|p2a: Chansey|77/100|[from] Sandstorm
|-damage|p1a: Starmie|94/100 par|[from] Sandstorm
|-heal|p1a: Starmie|100/100 par|[from] item: Leftovers
|upkeep
|turn|28
|
|t:|1598446812
|move|p2a: Chansey|Seismic Toss|p1a: Starmie
|-damage|p1a: Starmie|70/100 par
|cant|p1a: Starmie|par
|
|-weather|Sandstorm|[upkeep]
|-damage|p2a: Chansey|71/100|[from] Sandstorm
|-damage|p1a: Starmie|63/100 par|[from] Sandstorm
|-heal|p1a: Starmie|70/100 par|[from] item: Leftovers
|upkeep
|turn|29
|
|t:|1598446821
|move|p2a: Chansey|Seismic Toss|p1a: Starmie
|-damage|p1a: Starmie|39/100 par
|move|p1a: Starmie|Toxic|p2a: Chansey
|-status|p2a: Chansey|tox
|
|-weather|Sandstorm|[upkeep]
|-damage|p2a: Chansey|65/100 tox|[from] Sandstorm
|-damage|p1a: Starmie|33/100 par|[from] Sandstorm
|-heal|p1a: Starmie|39/100 par|[from] item: Leftovers
|-damage|p2a: Chansey|59/100 tox|[from] psn
|upkeep
|turn|30
|
|t:|1598446841
|-curestatus|p2a: Chansey|tox|[from] ability: Natural Cure
|switch|p2a: Hydreigon|Hydreigon, F|24/100
|move|p1a: Starmie|Recover|p1a: Starmie
|-heal|p1a: Starmie|89/100 par
|
|-weather|Sandstorm|[upkeep]
|-damage|p2a: Hydreigon|18/100|[from] Sandstorm
|-damage|p1a: Starmie|83/100 par|[from] Sandstorm
|-heal|p1a: Starmie|89/100 par|[from] item: Leftovers
|upkeep
|turn|31
|c|☆geezer kid|oh well
|-message|geezer kid forfeited.
|
|win|mikotrana
|l|☆geezer kid
|raw|geezer kid's rating: 1611 &rarr; <strong>1578</strong><br />(-33 for losing)
|raw|mikotrana's rating: 1342 &rarr; <strong>1375</strong><br />(+33 for winning)
