|j|☆CroCoeur
|j|☆TimidKiwi
|player|p1|CroCoeur|161
|player|p2|TimidKiwi|197
|teamsize|p1|6
|teamsize|p2|6
|gametype|singles
|gen|5
|tier|[Gen 5] OU
|rated|
|rule|Sleep Clause Mod: Limit one foe put to sleep
|rule|Species Clause: Limit one of each Pokémon
|rule|OHKO Clause: OHKO moves are banned
|rule|Moody Clause: Moody is banned
|rule|Evasion Moves Clause: Evasion moves are banned
|rule|Endless Battle Clause: Forcing endless battles is banned
|rule|HP Percentage Mod: HP is shown in percentages
|rule|Evasion Abilities Clause: Evasion abilities are banned
|rule|Baton Pass Clause: Limit one Baton Passer, can't pass Spe and other stats simultaneously
|rule|Swagger Clause: Swagger is banned
|clearpoke
|poke|p1|Azelf|item
|poke|p1|Froslass, F|item
|poke|p1|Jellicent, M|item
|poke|p1|Skarmory, F|item
|poke|p1|Salamence, M|item
|poke|p1|Volcarona, F|item
|poke|p2|Politoed, M|item
|poke|p2|Keldeo-Resolute|item
|poke|p2|Ferrothorn, M|item
|poke|p2|Kyurem-Black|item
|poke|p2|Breloom, M|item
|poke|p2|Jirachi|item
|teampreview
|
|start
|switch|p1a: Azelf|Azelf|100/100
|switch|p2a: Politoed|Politoed, M, shiny|100/100
|-weather|RainDance|[from] ability: Drizzle|[of] p2a: Politoed
|turn|1
|
|move|p1a: Azelf|Stealth Rock|p2a: Politoed
|-sidestart|p2: TimidKiwi|move: Stealth Rock
|move|p2a: Politoed|Scald|p1a: Azelf
|-damage|p1a: Azelf|17/100
|-status|p1a: Azelf|brn
|
|-weather|RainDance|[upkeep]
|-damage|p1a: Azelf|5/100 brn|[from] brn
|upkeep
|turn|2
|
|move|p1a: Azelf|Thunder|p2a: Politoed
|-supereffective|p2a: Politoed
|-damage|p2a: Politoed|10/100
|-status|p2a: Politoed|par
|move|p2a: Politoed|Scald|p1a: Azelf
|-damage|p1a: Azelf|0 fnt
|faint|p1a: Azelf
|
|-weather|RainDance|[upkeep]
|upkeep
|
|switch|p1a: Froslass|Froslass, F|100/100
|turn|3
|
|move|p1a: Froslass|Ice Beam|p2a: Politoed
|-resisted|p2a: Politoed
|-damage|p2a: Politoed|0 fnt
|faint|p2a: Politoed
|
|-weather|RainDance|[upkeep]
|upkeep
|inactive|Battle timer is ON: inactive players will automatically lose when time's up. (requested by CroCoeur)
|
|switch|p2a: Ferrothorn|Ferrothorn, M|100/100
|-damage|p2a: Ferrothorn|94/100|[from] Stealth Rock
|turn|4
|
|move|p1a: Froslass|Taunt|p2a: Ferrothorn
|-start|p2a: Ferrothorn|move: Taunt
|move|p2a: Ferrothorn|Gyro Ball|p1a: Froslass
|-supereffective|p1a: Froslass
|-enditem|p1a: Froslass|Focus Sash
|-damage|p1a: Froslass|1/100
|-start|p2a: Ferrothorn|Disable|Gyro Ball|[from] ability: Cursed Body|[of] p1a: Froslass
|
|-weather|RainDance|[upkeep]
|upkeep
|turn|5
|inactive|TimidKiwi has 135 seconds left.
|
|switch|p2a: Jirachi|Jirachi|100/100
|-damage|p2a: Jirachi|94/100|[from] Stealth Rock
|move|p1a: Froslass|Destiny Bond|p1a: Froslass
|-singlemove|p1a: Froslass|Destiny Bond
|
|-weather|RainDance|[upkeep]
|-heal|p2a: Jirachi|100/100|[from] item: Leftovers
|upkeep
|turn|6
|
|move|p1a: Froslass|Taunt|p2a: Jirachi
|-start|p2a: Jirachi|move: Taunt
|cant|p2a: Jirachi|move: Taunt|Substitute
|
|-weather|RainDance|[upkeep]
|upkeep
|turn|7
|
|switch|p2a: Keldeo|Keldeo-Resolute|100/100
|-damage|p2a: Keldeo|94/100|[from] Stealth Rock
|move|p1a: Froslass|Spikes|p2a: Keldeo
|-sidestart|p2: TimidKiwi|Spikes
|
|-weather|RainDance|[upkeep]
|upkeep
|turn|8
|
|move|p2a: Keldeo|Hidden Power|p1a: Froslass
|-damage|p1a: Froslass|0 fnt
|-start|p2a: Keldeo|Disable|Hidden Power|[from] ability: Cursed Body|[of] p1a: Froslass
|faint|p1a: Froslass
|
|-weather|RainDance|[upkeep]
|upkeep
|inactive|CroCoeur has 135 seconds left.
|
|switch|p1a: Volcarona|Volcarona, F|100/100
|turn|9
|
|switch|p2a: Kyurem|Kyurem-Black|100/100
|-damage|p2a: Kyurem|88/100|[from] Spikes
|-damage|p2a: Kyurem|63/100|[from] Stealth Rock
|-ability|p2a: Kyurem|Teravolt
|move|p1a: Volcarona|Quiver Dance|p1a: Volcarona
|-boost|p1a: Volcarona|spa|1
|-boost|p1a: Volcarona|spd|1
|-boost|p1a: Volcarona|spe|1
|
|-weather|RainDance|[upkeep]
|upkeep
|turn|10
|inactive|CroCoeur has 135 seconds left.
|
|move|p1a: Volcarona|Fiery Dance|p2a: Kyurem
|-damage|p2a: Kyurem|20/100
|-damage|p1a: Volcarona|91/100|[from] item: Life Orb
|move|p2a: Kyurem|Outrage|p1a: Volcarona
|-damage|p1a: Volcarona|0 fnt
|faint|p1a: Volcarona
|
|-weather|RainDance|[upkeep]
|upkeep
|
|switch|p1a: Skarmory|Skarmory, F|100/100
|turn|11
|
|move|p2a: Kyurem|Outrage|p1a: Skarmory|[from]lockedmove
|-resisted|p1a: Skarmory
|-damage|p1a: Skarmory|78/100
|-start|p2a: Kyurem|confusion|[fatigue]
|move|p1a: Skarmory|Substitute|p1a: Skarmory
|-start|p1a: Skarmory|Substitute
|-damage|p1a: Skarmory|53/100
|
|-weather|RainDance|[upkeep]
|-heal|p1a: Skarmory|59/100|[from] item: Leftovers
|upkeep
|turn|12
|
|-activate|p2a: Kyurem|confusion
|move|p2a: Kyurem|Fusion Bolt|p1a: Skarmory
|-supereffective|p1a: Skarmory
|-end|p1a: Skarmory|Substitute
|move|p1a: Skarmory|Roost|p1a: Skarmory
|-heal|p1a: Skarmory|100/100
|
|-weather|RainDance|[upkeep]
|upkeep
|turn|13
|
|-activate|p2a: Kyurem|confusion
|-damage|p2a: Kyurem|2/100|[from] confusion
|move|p1a: Skarmory|Whirlwind|p2a: Kyurem
|drag|p2a: Jirachi|Jirachi|100/100
|-damage|p2a: Jirachi|88/100|[from] Spikes
|-damage|p2a: Jirachi|82/100|[from] Stealth Rock
|
|-weather|RainDance|[upkeep]
|-heal|p2a: Jirachi|88/100|[from] item: Leftovers
|upkeep
|turn|14
|
|move|p2a: Jirachi|Thunder|p1a: Skarmory
|-supereffective|p1a: Skarmory
|-damage|p1a: Skarmory|26/100
|move|p1a: Skarmory|Substitute|p1a: Skarmory
|-start|p1a: Skarmory|Substitute
|-damage|p1a: Skarmory|2/100
|
|-weather|RainDance|[upkeep]
|-heal|p2a: Jirachi|94/100|[from] item: Leftovers
|-heal|p1a: Skarmory|8/100|[from] item: Leftovers
|upkeep
|turn|15
|
|move|p2a: Jirachi|Thunder|p1a: Skarmory
|-supereffective|p1a: Skarmory
|-end|p1a: Skarmory|Substitute
|move|p1a: Skarmory|Whirlwind|p2a: Jirachi
|drag|p2a: Ferrothorn|Ferrothorn, M|94/100
|-damage|p2a: Ferrothorn|82/100|[from] Spikes
|-damage|p2a: Ferrothorn|75/100|[from] Stealth Rock
|
|-weather|RainDance|[upkeep]
|-heal|p1a: Skarmory|14/100|[from] item: Leftovers
|upkeep
|turn|16
|inactive|CroCoeur has 135 seconds left.
|
|move|p1a: Skarmory|Roost|p1a: Skarmory
|-heal|p1a: Skarmory|64/100
|move|p2a: Ferrothorn|Stealth Rock|p1a: Skarmory
|-sidestart|p1: CroCoeur|move: Stealth Rock
|
|-weather|RainDance|[upkeep]
|-heal|p1a: Skarmory|70/100|[from] item: Leftovers
|upkeep
|turn|17
|
|switch|p2a: Jirachi|Jirachi|94/100
|-damage|p2a: Jirachi|82/100|[from] Spikes
|-damage|p2a: Jirachi|76/100|[from] Stealth Rock
|move|p1a: Skarmory|Substitute|p1a: Skarmory
|-start|p1a: Skarmory|Substitute
|-damage|p1a: Skarmory|45/100
|
|-weather|RainDance|[upkeep]
|-heal|p2a: Jirachi|82/100|[from] item: Leftovers
|-heal|p1a: Skarmory|52/100|[from] item: Leftovers
|upkeep
|turn|18
|
|move|p2a: Jirachi|Thunder|p1a: Skarmory
|-supereffective|p1a: Skarmory
|-end|p1a: Skarmory|Substitute
|move|p1a: Skarmory|Whirlwind|p2a: Jirachi
|drag|p2a: Kyurem|Kyurem-Black|2/100
|-damage|p2a: Kyurem|0 fnt|[from] Spikes
|faint|p2a: Kyurem
|
|-weather|RainDance|[upkeep]
|-heal|p1a: Skarmory|58/100|[from] item: Leftovers
|upkeep
|
|switch|p2a: Jirachi|Jirachi|82/100
|-damage|p2a: Jirachi|70/100|[from] Spikes
|-damage|p2a: Jirachi|63/100|[from] Stealth Rock
|turn|19
|
|move|p2a: Jirachi|Thunder|p1a: Skarmory
|-supereffective|p1a: Skarmory
|-damage|p1a: Skarmory|0 fnt
|faint|p1a: Skarmory
|
|-weather|RainDance|[upkeep]
|-heal|p2a: Jirachi|70/100|[from] item: Leftovers
|upkeep
|
|switch|p1a: Salamence|Salamence, M|100/100
|-damage|p1a: Salamence|75/100|[from] Stealth Rock
|turn|20
|
|move|p2a: Jirachi|Thunder|p1a: Salamence
|-damage|p1a: Salamence|39/100
|move|p1a: Salamence|Earthquake|p2a: Jirachi
|-supereffective|p2a: Jirachi
|-damage|p2a: Jirachi|11/100
|
|-weather|RainDance|[upkeep]
|-heal|p2a: Jirachi|17/100|[from] item: Leftovers
|upkeep
|turn|21
|
|move|p2a: Jirachi|Thunder|p1a: Salamence
|-damage|p1a: Salamence|6/100
|move|p1a: Salamence|Dragon Dance|p1a: Salamence
|-boost|p1a: Salamence|atk|1
|-boost|p1a: Salamence|spe|1
|
|-weather|RainDance|[upkeep]
|-heal|p2a: Jirachi|23/100|[from] item: Leftovers
|upkeep
|turn|22
|inactive|TimidKiwi has 135 seconds left.
|
|switch|p2a: Ferrothorn|Ferrothorn, M|75/100
|-damage|p2a: Ferrothorn|69/100|[from] Stealth Rock
|-damage|p2a: Ferrothorn|57/100|[from] Spikes
|move|p1a: Salamence|Earthquake|p2a: Ferrothorn
|-damage|p2a: Ferrothorn|18/100
|
|-weather|RainDance|[upkeep]
|upkeep
|turn|23
|
|move|p1a: Salamence|Earthquake|p2a: Ferrothorn
|-damage|p2a: Ferrothorn|0 fnt
|faint|p2a: Ferrothorn
|-ability|p1a: Salamence|Moxie|boost
|-boost|p1a: Salamence|atk|1
|
|-weather|RainDance|[upkeep]
|upkeep
|
|switch|p2a: Keldeo|Keldeo-Resolute|94/100
|-damage|p2a: Keldeo|88/100|[from] Stealth Rock
|-damage|p2a: Keldeo|76/100|[from] Spikes
|turn|24
|
|move|p2a: Keldeo|Surf|p1a: Salamence
|-resisted|p1a: Salamence
|-damage|p1a: Salamence|0 fnt
|faint|p1a: Salamence
|
|-weather|RainDance|[upkeep]
|upkeep
|
|switch|p1a: Jellicent|Jellicent, M|100/100
|-damage|p1a: Jellicent|88/100|[from] Stealth Rock
|turn|25
|
|switch|p2a: Jirachi|Jirachi|23/100
|-damage|p2a: Jirachi|11/100|[from] Spikes
|-damage|p2a: Jirachi|4/100|[from] Stealth Rock
|move|p1a: Jellicent|Will-O-Wisp|p2a: Jirachi
|-status|p2a: Jirachi|brn
|
|-weather|RainDance|[upkeep]
|-heal|p2a: Jirachi|11/100 brn|[from] item: Leftovers
|-heal|p1a: Jellicent|94/100|[from] item: Leftovers
|-damage|p2a: Jirachi|0 fnt|[from] brn
|upkeep
|faint|p2a: Jirachi
|
|switch|p2a: Breloom|Breloom, M|100/100
|-damage|p2a: Breloom|88/100|[from] Spikes
|-damage|p2a: Breloom|82/100|[from] Stealth Rock
|turn|26
|
|move|p2a: Breloom|Spore|p1a: Jellicent
|-status|p1a: Jellicent|slp
|cant|p1a: Jellicent|slp
|
|-weather|RainDance|[upkeep]
|-heal|p1a: Jellicent|100/100 slp|[from] item: Leftovers
|upkeep
|turn|27
|
|move|p2a: Breloom|Bullet Seed|p1a: Jellicent
|-supereffective|p1a: Jellicent
|-damage|p1a: Jellicent|58/100 slp
|-supereffective|p1a: Jellicent
|-damage|p1a: Jellicent|19/100 slp
|-supereffective|p1a: Jellicent
|-damage|p1a: Jellicent|0 fnt
|-hitcount|p1a: Jellicent|3
|-damage|p2a: Breloom|72/100|[from] item: Life Orb
|faint|p1a: Jellicent
|
|win|TimidKiwi
|c|☆TimidKiwi|nice game
|raw|CroCoeur's rating: 1309 &rarr; <strong>1295</strong><br />(-14 for losing)
|raw|TimidKiwi's rating: 1422 &rarr; <strong>1435</strong><br />(+13 for winning)
|c|☆CroCoeur|wp
