|j|☆Crimsonbacon38
|j|☆BluuError%
|t:|1730605362
|gametype|singles
|player|p1|Crimsonbacon38|barry|1368
|player|p2|BluuError%|depotagent|1329
|teamsize|p1|6
|teamsize|p2|6
|gen|5
|tier|[Gen 5] OU
|rated|
|rule|Species Clause: Limit one of each Pokémon
|rule|OHKO Clause: OHKO moves are banned
|rule|Moody Clause: Moody is banned
|rule|Evasion Items Clause: Evasion items are banned
|rule|Evasion Moves Clause: Evasion moves are banned
|rule|Endless Battle Clause: Forcing endless battles is banned
|rule|HP Percentage Mod: HP is shown in percentages
|rule|Evasion Abilities Clause: Evasion abilities are banned
|rule|Sleep Moves Clause: Sleep-inducing moves are banned
|rule|Swagger Clause: Swagger is banned
|rule|Baton Pass Stat Clause: No Baton Passer may have a way to boost its stats
|clearpoke
|poke|p1|Tyranitar, M|item
|poke|p1|Excadrill, F|item
|poke|p1|Garchomp, M|item
|poke|p1|Keldeo|item
|poke|p1|Latios, M|item
|poke|p1|Skarmory, F|item
|poke|p2|Alakazam, F|item
|poke|p2|Dragonite, M|item
|poke|p2|Forretress, M|item
|poke|p2|Jirachi|item
|poke|p2|Breloom, F|item
|poke|p2|Hydreigon, F|item
|teampreview
|
|t:|1730605370
|start
|switch|p1a: Tyranitar|Tyranitar, M|100/100
|switch|p2a: Forretress|Forretress, M|100/100
|-weather|Sandstorm|[from] ability: Sand Stream|[of] p1a: Tyranitar
|turn|1
|inactive|Battle timer is ON: inactive players will automatically lose when time's up. (requested by BluuError%)
|
|t:|1730605375
|switch|p1a: Garchomp|Garchomp, M|100/100
|move|p2a: Forretress|Stealth Rock|p1a: Garchomp
|-sidestart|p1: Crimsonbacon38|move: Stealth Rock
|
|-weather|Sandstorm|[upkeep]
|upkeep
|turn|2
|
|t:|1730605380
|move|p1a: Garchomp|Stealth Rock|p2a: Forretress
|-sidestart|p2: BluuError%|move: Stealth Rock
|move|p2a: Forretress|Spikes|p1a: Garchomp
|-sidestart|p1: Crimsonbacon38|Spikes
|
|-weather|Sandstorm|[upkeep]
|upkeep
|turn|3
|
|t:|1730605387
|move|p1a: Garchomp|Swords Dance|p1a: Garchomp
|-boost|p1a: Garchomp|atk|2
|move|p2a: Forretress|Spikes|p1a: Garchomp
|-sidestart|p1: Crimsonbacon38|Spikes
|
|-weather|Sandstorm|[upkeep]
|upkeep
|turn|4
|
|t:|1730605394
|move|p1a: Garchomp|Earthquake|p2a: Forretress
|-damage|p2a: Forretress|25/100
|move|p2a: Forretress|Spikes|p1a: Garchomp
|-sidestart|p1: Crimsonbacon38|Spikes
|
|-weather|Sandstorm|[upkeep]
|upkeep
|turn|5
|-enditem|p2a: Forretress|Custap Berry|[eat]
|-activate|p2a: Forretress|item: Custap Berry|[consumed]
|
|t:|1730605401
|move|p2a: Forretress|Explosion|p1a: Garchomp
|-damage|p1a: Garchomp|32/100
|faint|p2a: Forretress
|move|p1a: Garchomp|Outrage|p2: Forretress|[notarget]
|-fail|p1a: Garchomp
|
|-weather|Sandstorm|[upkeep]
|-heal|p1a: Garchomp|39/100|[from] item: Leftovers
|upkeep
|
|t:|1730605413
|switch|p2a: Alakazam|Alakazam, F|100/100
|turn|6
|
|t:|1730605419
|switch|p1a: Skarmory|Skarmory, F|100/100
|-damage|p1a: Skarmory|88/100|[from] Stealth Rock
|move|p2a: Alakazam|Hidden Power|p1a: Skarmory
|-damage|p1a: Skarmory|65/100
|
|-weather|Sandstorm|[upkeep]
|upkeep
|turn|7
|
|t:|1730605425
|switch|p2a: Hydreigon|Hydreigon, F|100/100
|-damage|p2a: Hydreigon|88/100|[from] Stealth Rock
|move|p1a: Skarmory|Brave Bird|p2a: Hydreigon
|-damage|p2a: Hydreigon|45/100
|-damage|p1a: Skarmory|51/100|[from] Recoil
|
|-weather|Sandstorm|[upkeep]
|-damage|p2a: Hydreigon|39/100|[from] Sandstorm
|upkeep
|turn|8
|
|t:|1730605433
|move|p2a: Hydreigon|Earth Power|p1a: Skarmory
|-immune|p1a: Skarmory
|move|p1a: Skarmory|Brave Bird|p2a: Hydreigon
|-damage|p2a: Hydreigon|3/100
|-damage|p1a: Skarmory|39/100|[from] Recoil
|
|-weather|Sandstorm|[upkeep]
|-damage|p2a: Hydreigon|0 fnt|[from] Sandstorm
|faint|p2a: Hydreigon
|upkeep
|
|t:|1730605439
|switch|p2a: Dragonite|Dragonite, M|100/100
|-damage|p2a: Dragonite|76/100|[from] Stealth Rock
|turn|9
|
|t:|1730605447
|switch|p1a: Latios|Latios, M|100/100
|-damage|p1a: Latios|88/100|[from] Stealth Rock
|move|p2a: Dragonite|Dragon Dance|p2a: Dragonite
|-boost|p2a: Dragonite|atk|1
|-boost|p2a: Dragonite|spe|1
|
|-weather|Sandstorm|[upkeep]
|-damage|p1a: Latios|82/100|[from] Sandstorm
|-damage|p2a: Dragonite|70/100|[from] Sandstorm
|upkeep
|turn|10
|
|t:|1730605470
|move|p1a: Latios|Draco Meteor|p2a: Dragonite
|-supereffective|p2a: Dragonite
|-damage|p2a: Dragonite|0 fnt
|-unboost|p1a: Latios|spa|2
|faint|p2a: Dragonite
|
|-weather|Sandstorm|[upkeep]
|-damage|p1a: Latios|76/100|[from] Sandstorm
|upkeep
|
|t:|1730605475
|switch|p2a: Jirachi|Jirachi|100/100
|-damage|p2a: Jirachi|94/100|[from] Stealth Rock
|turn|11
|-message|BluuError% forfeited.
|
|win|Crimsonbacon38
|raw|Crimsonbacon38's rating: 1368 &rarr; <strong>1386</strong><br />(+18 for winning)
|raw|BluuError%'s rating: 1329 &rarr; <strong>1311</strong><br />(-18 for losing)
|l|☆BluuError%
|player|p2|
