|j|☆DarkNight2703
|j|☆fabriiic703477
|player|p1|DarkNight2703|ghetsis|1447
|player|p2|fabriiic703477|hilbert|1326
|teamsize|p1|6
|teamsize|p2|6
|gametype|singles
|gen|5
|tier|[Gen 5] OU
|rated|
|clearpoke
|poke|p1|Lucario, M|item
|poke|p1|Ferrothorn, F|item
|poke|p1|Landorus-Therian, M|item
|poke|p1|Alakazam, M|item
|poke|p1|Thundurus-Therian, M|item
|poke|p1|Scizor, M|item
|poke|p2|Espeon, M|item
|poke|p2|Volcarona, M|item
|poke|p2|Lucario, F|item
|poke|p2|Serperior, F|item
|poke|p2|Dragonite, M|item
|poke|p2|Porygon-Z|item
|rule|Species Clause: Limit one of each Pokémon
|rule|OHKO Clause: OHKO moves are banned
|rule|Moody Clause: Moody is banned
|rule|Evasion Moves Clause: Evasion moves are banned
|rule|Endless Battle Clause: Forcing endless battles is banned
|rule|HP Percentage Mod: HP is shown in percentages
|rule|Evasion Abilities Clause: Evasion abilities are banned
|rule|Baton Pass Clause: Limit one Baton Passer, can't pass Spe and other stats simultaneously
|rule|Sleep Clause: Sleep-inducing moves are banned
|rule|Swagger Clause: Swagger is banned
|teampreview
|inactive|Battle timer is ON: inactive players will automatically lose when time's up. (requested by fabriiic703477)
|
|start
|switch|p1a: Eloud|Thundurus-Therian, M|100/100
|switch|p2a: Porygon-Z|Porygon-Z|100/100
|-ability|p2a: Porygon-Z|Download|boost
|-boost|p2a: Porygon-Z|atk|1
|turn|1
|
|move|p2a: Porygon-Z|Ice Beam|p1a: Eloud
|-supereffective|p1a: Eloud
|-damage|p1a: Eloud|18/100
|move|p1a: Eloud|Volt Switch|p2a: Porygon-Z
|-damage|p2a: Porygon-Z|37/100
|
|switch|p1a: Iron Bug|Scizor, M|100/100|[from]move: Volt Switch
|
|upkeep
|turn|2
|
|switch|p2a: Volcarona|Volcarona, M|100/100
|move|p1a: Iron Bug|Swords Dance|p1a: Iron Bug
|-boost|p1a: Iron Bug|atk|2
|
|upkeep
|turn|3
|
|move|p1a: Iron Bug|Bullet Punch|p2a: Volcarona
|-resisted|p2a: Volcarona
|-damage|p2a: Volcarona|46/100
|move|p2a: Volcarona|Fiery Dance|p1a: Iron Bug
|-supereffective|p1a: Iron Bug
|-damage|p1a: Iron Bug|0 fnt
|-boost|p2a: Volcarona|spa|1
|faint|p1a: Iron Bug
|
|upkeep
|
|switch|p1a: Mr. Junini|Alakazam, M|100/100
|turn|4
|
|move|p1a: Mr. Junini|Psyshock|p2a: Volcarona
|-damage|p2a: Volcarona|0 fnt
|faint|p2a: Volcarona
|
|upkeep
|
|switch|p2a: Lucario|Lucario, F|100/100
|turn|5
|
|move|p2a: Lucario|Extreme Speed|p1a: Mr. Junini
|-damage|p1a: Mr. Junini|33/100
|move|p1a: Mr. Junini|Hidden Power|p2a: Lucario
|-supereffective|p2a: Lucario
|-damage|p2a: Lucario|17/100
|
|upkeep
|turn|6
|
|switch|p1a: Ferrothorn|Ferrothorn, F|100/100
|move|p2a: Lucario|Extreme Speed|p1a: Ferrothorn
|-resisted|p1a: Ferrothorn
|-damage|p1a: Ferrothorn|92/100
|-damage|p2a: Lucario|5/100|[from] ability: Iron Barbs|[of] p1a: Ferrothorn
|-damage|p2a: Lucario|0 fnt|[from] item: Rocky Helmet|[of] p1a: Ferrothorn
|faint|p2a: Lucario
|
|upkeep
|
|switch|p2a: Espeon|Espeon, M|100/100
|turn|7
|
|move|p2a: Espeon|Calm Mind|p2a: Espeon
|-boost|p2a: Espeon|spa|1
|-boost|p2a: Espeon|spd|1
|move|p1a: Ferrothorn|Gyro Ball|p2a: Espeon
|-damage|p2a: Espeon|1/100
|
|upkeep
|turn|8
|
|move|p2a: Espeon|Hidden Power|p1a: Ferrothorn
|-supereffective|p1a: Ferrothorn
|-damage|p1a: Ferrothorn|0 fnt
|faint|p1a: Ferrothorn
|
|upkeep
|
|switch|p1a: Eloud|Thundurus-Therian, M|18/100
|turn|9
|
|move|p1a: Eloud|Volt Switch|p2a: Espeon
|-damage|p2a: Espeon|0 fnt
|faint|p2a: Espeon
|
|switch|p1a: Mr. Junini|Alakazam, M|33/100|[from]move: Volt Switch
|
|upkeep
|
|switch|p2a: Porygon-Z|Porygon-Z|37/100
|-ability|p2a: Porygon-Z|Download|boost
|-boost|p2a: Porygon-Z|atk|1
|turn|10
|
|move|p2a: Porygon-Z|Tri Attack|p1a: Mr. Junini
|-damage|p1a: Mr. Junini|0 fnt
|faint|p1a: Mr. Junini
|
|upkeep
|
|switch|p1a: Acario|Lucario, M|100/100
|turn|11
|
|switch|p2a: Serperior|Serperior, F|100/100
|move|p1a: Acario|Agility|p1a: Acario
|-boost|p1a: Acario|spe|2
|
|upkeep
|turn|12
|
|move|p1a: Acario|Hidden Power|p2a: Serperior
|-supereffective|p2a: Serperior
|-damage|p2a: Serperior|36/100
|move|p2a: Serperior|Glare|p1a: Acario
|-status|p1a: Acario|par
|
|upkeep
|turn|13
|
|move|p2a: Serperior|Giga Drain|p1a: Acario
|-resisted|p1a: Acario
|-damage|p1a: Acario|78/100 par
|-heal|p2a: Serperior|47/100|[from] drain|[of] p1a: Acario
|move|p1a: Acario|Hidden Power|p2a: Serperior
|-supereffective|p2a: Serperior
|-damage|p2a: Serperior|0 fnt
|faint|p2a: Serperior
|
|upkeep
|
|switch|p2a: Dragonite|Dragonite, M|100/100
|turn|14
|
|move|p2a: Dragonite|Earthquake|p1a: Acario
|-supereffective|p1a: Acario
|-damage|p1a: Acario|0 fnt
|faint|p1a: Acario
|
|upkeep
|
|switch|p1a: Tloud|Landorus-Therian, M|100/100
|-ability|p1a: Tloud|Intimidate|boost
|-unboost|p2a: Dragonite|atk|1
|turn|15
|
|move|p1a: Tloud|Rock Slide|p2a: Dragonite
|-supereffective|p2a: Dragonite
|-damage|p2a: Dragonite|66/100
|move|p2a: Dragonite|Dragon Dance|p2a: Dragonite
|-boost|p2a: Dragonite|atk|1
|-boost|p2a: Dragonite|spe|1
|
|upkeep
|turn|16
|
|move|p2a: Dragonite|Outrage|p1a: Tloud
|-damage|p1a: Tloud|26/100
|move|p1a: Tloud|Rock Slide|p2a: Dragonite
|-supereffective|p2a: Dragonite
|-damage|p2a: Dragonite|0 fnt
|faint|p2a: Dragonite
|
|upkeep
|
|switch|p2a: Porygon-Z|Porygon-Z|37/100
|-ability|p2a: Porygon-Z|Download|boost
|-boost|p2a: Porygon-Z|spa|1
|turn|17
|
|move|p2a: Porygon-Z|Ice Beam|p1a: Tloud
|-supereffective|p1a: Tloud
|-damage|p1a: Tloud|0 fnt
|faint|p1a: Tloud
|
|upkeep
|
|switch|p1a: Eloud|Thundurus-Therian, M|18/100
|turn|18
|
|move|p2a: Porygon-Z|Ice Beam|p1a: Eloud
|-supereffective|p1a: Eloud
|-damage|p1a: Eloud|0 fnt
|faint|p1a: Eloud
|
|win|fabriiic703477
|l|☆DarkNight2703
|raw|DarkNight2703's rating: 1447 &rarr; <strong>1420</strong><br />(-27 for losing)
|raw|fabriiic703477's rating: 1326 &rarr; <strong>1353</strong><br />(+27 for winning)
