|j|☆byur3m
|j|☆Hazess
|t:|1730481294
|gametype|singles
|player|p1|byur3m|shadowtriad|1385
|player|p2|Hazess|hilbert|1391
|teamsize|p1|6
|teamsize|p2|6
|gen|5
|tier|[Gen 5] OU
|rated|
|rule|Species Clause: Limit one of each Pokémon
|rule|OHKO Clause: OHKO moves are banned
|rule|Moody Clause: Moody is banned
|rule|Evasion Items Clause: Evasion items are banned
|rule|Evasion Moves Clause: Evasion moves are banned
|rule|Endless Battle Clause: Forcing endless battles is banned
|rule|HP Percentage Mod: HP is shown in percentages
|rule|Evasion Abilities Clause: Evasion abilities are banned
|rule|Sleep Moves Clause: Sleep-inducing moves are banned
|rule|Swagger Clause: Swagger is banned
|rule|Baton Pass Stat Clause: No Baton Passer may have a way to boost its stats
|clearpoke
|poke|p1|Mesprit|item
|poke|p1|Dragonite, M|item
|poke|p1|Breloom, F|item
|poke|p1|Scizor, F|item
|poke|p1|Starmie|item
|poke|p1|Conkeldurr, M|item
|poke|p2|Infernape, M|item
|poke|p2|Latios, M|item
|poke|p2|Garchomp, M|item
|poke|p2|Starmie|item
|poke|p2|Jirachi|item
|poke|p2|Thundurus-Therian, M|item
|teampreview
|inactive|Battle timer is ON: inactive players will automatically lose when time's up. (requested by Hazess)
|
|t:|1730481339
|start
|switch|p1a: Mesprit|Mesprit|100/100
|switch|p2a: Jirachi|Jirachi|100/100
|turn|1
|
|t:|1730481346
|move|p2a: Jirachi|Iron Head|p1a: Mesprit
|-damage|p1a: Mesprit|79/100
|cant|p1a: Mesprit|flinch
|
|upkeep
|turn|2
|
|t:|1730481353
|move|p2a: Jirachi|Iron Head|p1a: Mesprit
|-damage|p1a: Mesprit|59/100
|cant|p1a: Mesprit|flinch
|
|upkeep
|turn|3
|
|t:|1730481357
|move|p2a: Jirachi|Iron Head|p1a: Mesprit
|-damage|p1a: Mesprit|37/100
|cant|p1a: Mesprit|flinch
|
|upkeep
|turn|4
|
|t:|1730481362
|move|p2a: Jirachi|Iron Head|p1a: Mesprit
|-damage|p1a: Mesprit|14/100
|cant|p1a: Mesprit|flinch
|
|upkeep
|turn|5
|
|t:|1730481367
|move|p2a: Jirachi|Iron Head|p1a: Mesprit
|-crit|p1a: Mesprit
|-damage|p1a: Mesprit|0 fnt
|faint|p1a: Mesprit
|
|upkeep
|j| UnumGenus
|
|t:|1730481377
|switch|p1a: Dragonite|Dragonite, M|100/100
|turn|6
|
|t:|1730481380
|move|p2a: Jirachi|Iron Head|p1a: Dragonite
|-damage|p1a: Dragonite|82/100
|cant|p1a: Dragonite|flinch
|
|-heal|p1a: Dragonite|89/100|[from] item: Leftovers
|upkeep
|turn|7
|
|t:|1730481386
|move|p2a: Jirachi|Iron Head|p1a: Dragonite
|-damage|p1a: Dragonite|52/100
|cant|p1a: Dragonite|flinch
|
|-heal|p1a: Dragonite|58/100|[from] item: Leftovers
|upkeep
|turn|8
|
|t:|1730481392
|move|p2a: Jirachi|Iron Head|p1a: Dragonite
|-damage|p1a: Dragonite|21/100
|cant|p1a: Dragonite|flinch
|
|-heal|p1a: Dragonite|27/100|[from] item: Leftovers
|upkeep
|turn|9
|
|t:|1730481401
|switch|p1a: Conkeldurr|Conkeldurr, M|100/100
|move|p2a: Jirachi|Iron Head|p1a: Conkeldurr
|-damage|p1a: Conkeldurr|73/100
|
|-heal|p1a: Conkeldurr|79/100|[from] item: Leftovers
|upkeep
|turn|10
|
|t:|1730481410
|move|p2a: Jirachi|Iron Head|p1a: Conkeldurr
|-damage|p1a: Conkeldurr|50/100
|move|p1a: Conkeldurr|Drain Punch|p2a: Jirachi
|-damage|p2a: Jirachi|69/100
|-heal|p1a: Conkeldurr|65/100|[from] drain|[of] p2a: Jirachi
|
|-heal|p1a: Conkeldurr|71/100|[from] item: Leftovers
|upkeep
|turn|11
|c|☆byur3m|yay i got a move off
|l| UnumGenus
|
|t:|1730481426
|move|p2a: Jirachi|Iron Head|p1a: Conkeldurr
|-damage|p1a: Conkeldurr|44/100
|move|p1a: Conkeldurr|Drain Punch|p2a: Jirachi
|-damage|p2a: Jirachi|37/100
|-heal|p1a: Conkeldurr|59/100|[from] drain|[of] p2a: Jirachi
|
|-heal|p1a: Conkeldurr|65/100|[from] item: Leftovers
|upkeep
|turn|12
|
|t:|1730481434
|move|p2a: Jirachi|Iron Head|p1a: Conkeldurr
|-damage|p1a: Conkeldurr|35/100
|cant|p1a: Conkeldurr|flinch
|
|-heal|p1a: Conkeldurr|41/100|[from] item: Leftovers
|upkeep
|turn|13
|
|t:|1730481441
|move|p2a: Jirachi|Iron Head|p1a: Conkeldurr
|-damage|p1a: Conkeldurr|10/100
|cant|p1a: Conkeldurr|flinch
|
|-heal|p1a: Conkeldurr|16/100|[from] item: Leftovers
|upkeep
|turn|14
|
|t:|1730481447
|move|p1a: Conkeldurr|Mach Punch|p2a: Jirachi
|-damage|p2a: Jirachi|19/100
|move|p2a: Jirachi|Iron Head|p1a: Conkeldurr
|-damage|p1a: Conkeldurr|0 fnt
|faint|p1a: Conkeldurr
|
|upkeep
|
|t:|1730481459
|switch|p1a: Starmie|Starmie|100/100
|-item|p1a: Starmie|Air Balloon
|turn|15
|
|t:|1730481463
|move|p2a: Jirachi|Iron Head|p1a: Starmie
|-resisted|p1a: Starmie
|-damage|p1a: Starmie|74/100
|-enditem|p1a: Starmie|Air Balloon
|move|p1a: Starmie|Hydro Pump|p2a: Jirachi
|-damage|p2a: Jirachi|0 fnt
|faint|p2a: Jirachi
|
|upkeep
|
|t:|1730481491
|switch|p2a: Latios|Latios, M|100/100
|turn|16
|
|t:|1730481496
|switch|p2a: Cranberry|Infernape, M, shiny|100/100
|move|p1a: Starmie|Ice Beam|p2a: Cranberry
|-resisted|p2a: Cranberry
|-damage|p2a: Cranberry|76/100
|
|upkeep
|turn|17
|
|t:|1730481502
|move|p2a: Cranberry|Fake Out|p1a: Starmie
|-damage|p1a: Starmie|52/100
|-damage|p2a: Cranberry|66/100|[from] item: Life Orb
|cant|p1a: Starmie|flinch
|
|upkeep
|turn|18
|
|t:|1730481508
|switch|p2a: Latios|Latios, M|100/100
|move|p1a: Starmie|Hydro Pump|p2a: Latios|[miss]
|-miss|p1a: Starmie|p2a: Latios
|
|upkeep
|turn|19
|
|t:|1730481514
|move|p2a: Latios|Dragon Pulse|p1a: Starmie
|-damage|p1a: Starmie|0 fnt
|faint|p1a: Starmie
|
|upkeep
|
|t:|1730481529
|switch|p1a: Scizor|Scizor, F|100/100
|turn|20
|
|t:|1730481545
|-activate|p2a: Latios|move: Pursuit
|move|p1a: Scizor|Pursuit|p2a: Latios|[from]Pursuit
|-supereffective|p2a: Latios
|-damage|p2a: Latios|13/100
|switch|p2a: Thundurus|Thundurus-Therian, M|100/100
|
|upkeep
|turn|21
|
|t:|1730481555
|move|p2a: Thundurus|Thunder|p1a: Scizor
|-damage|p1a: Scizor|3/100
|-status|p1a: Scizor|par
|-enditem|p1a: Scizor|Lum Berry|[eat]
|-curestatus|p1a: Scizor|par|[msg]
|move|p1a: Scizor|Swords Dance|p1a: Scizor
|-boost|p1a: Scizor|atk|2
|
|upkeep
|turn|22
|
|t:|1730481564
|move|p1a: Scizor|Bullet Punch|p2a: Thundurus
|-resisted|p2a: Thundurus
|-damage|p2a: Thundurus|52/100
|move|p2a: Thundurus|Hidden Power|p1a: Scizor
|-resisted|p1a: Scizor
|-damage|p1a: Scizor|0 fnt
|faint|p1a: Scizor
|
|-heal|p2a: Thundurus|58/100|[from] item: Leftovers
|upkeep
|
|t:|1730481573
|switch|p1a: Dragonite|Dragonite, M|27/100
|turn|23
|
|t:|1730481578
|move|p2a: Thundurus|Hidden Power|p1a: Dragonite
|-supereffective|p1a: Dragonite
|-crit|p1a: Dragonite
|-damage|p1a: Dragonite|0 fnt
|faint|p1a: Dragonite
|
|-heal|p2a: Thundurus|64/100|[from] item: Leftovers
|upkeep
|
|t:|1730481584
|switch|p1a: Breloom|Breloom, F|100/100
|turn|24
|
|t:|1730481589
|move|p2a: Thundurus|Hidden Power|p1a: Breloom
|-supereffective|p1a: Breloom
|-damage|p1a: Breloom|0 fnt
|faint|p1a: Breloom
|
|win|Hazess
|raw|byur3m's rating: 1385 &rarr; <strong>1365</strong><br />(-20 for losing)
|raw|Hazess's rating: 1391 &rarr; <strong>1411</strong><br />(+20 for winning)
|l|☆byur3m
|player|p1|
