|j|☆Gh0st of Perdition
|j|☆porrompompom
|player|p1|Gh0st of Perdition|acetrainer-gen2|1617
|player|p2|porrompompom|1|1639
|teamsize|p1|6
|teamsize|p2|6
|gametype|singles
|gen|5
|tier|[Gen 5] OU
|rated|
|clearpoke
|poke|p1|Landorus-Therian, M|item
|poke|p1|Ninetales, F|item
|poke|p1|Excadrill, F|item
|poke|p1|Victini|item
|poke|p1|Rotom-Wash|item
|poke|p1|Latias, F|item
|poke|p2|Hippowdon, M|item
|poke|p2|Forretress, M|item
|poke|p2|Chansey, F|item
|poke|p2|Jellicent, M|item
|poke|p2|Quagsire, M|item
|poke|p2|Xatu, M|item
|rule|Species Clause: Limit one of each Pokémon
|rule|OHKO Clause: OHKO moves are banned
|rule|Moody Clause: Moody is banned
|rule|Evasion Moves Clause: Evasion moves are banned
|rule|Endless Battle Clause: Forcing endless battles is banned
|rule|HP Percentage Mod: HP is shown in percentages
|rule|Evasion Abilities Clause: Evasion abilities are banned
|rule|Baton Pass Clause: Limit one Baton Passer, can't pass Spe and other stats simultaneously
|rule|Sleep Clause: Sleep-inducing moves are banned
|rule|Swagger Clause: Swagger is banned
|teampreview
|c|☆porrompompom|uhhh cool team
|c|☆Gh0st of Perdition|ty
|
|start
|switch|p1a: Ninetales|Ninetales, F|100/100
|switch|p2a: Hippowdon|Hippowdon, M|100/100
|-weather|SunnyDay|[from] ability: Drought|[of] p1a: Ninetales
|-weather|Sandstorm|[from] ability: Sand Stream|[of] p2a: Hippowdon
|turn|1
|
|move|p1a: Ninetales|Will-O-Wisp|p2a: Hippowdon
|-status|p2a: Hippowdon|brn
|move|p2a: Hippowdon|Earthquake|p1a: Ninetales
|-supereffective|p1a: Ninetales
|-damage|p1a: Ninetales|53/100
|
|-weather|Sandstorm|[upkeep]
|-damage|p1a: Ninetales|47/100|[from] Sandstorm
|-heal|p1a: Ninetales|53/100|[from] item: Leftovers
|-damage|p2a: Hippowdon|88/100 brn|[from] brn
|upkeep
|turn|2
|
|move|p1a: Ninetales|Overheat|p2a: Hippowdon
|-damage|p2a: Hippowdon|61/100 brn
|-unboost|p1a: Ninetales|spa|2
|move|p2a: Hippowdon|Stealth Rock|p1a: Ninetales
|-sidestart|p1: Gh0st of Perdition|move: Stealth Rock
|
|-weather|Sandstorm|[upkeep]
|-damage|p1a: Ninetales|47/100|[from] Sandstorm
|-heal|p1a: Ninetales|53/100|[from] item: Leftovers
|-heal|p2a: Hippowdon|67/100 brn|[from] item: Leftovers
|-damage|p2a: Hippowdon|54/100 brn|[from] brn
|upkeep
|turn|3
|
|switch|p1a: Rotom|Rotom-Wash|100/100
|-damage|p1a: Rotom|88/100|[from] Stealth Rock
|move|p2a: Hippowdon|Slack Off|p2a: Hippowdon
|-heal|p2a: Hippowdon|100/100 brn
|
|-weather|Sandstorm|[upkeep]
|-damage|p1a: Rotom|82/100|[from] Sandstorm
|-heal|p1a: Rotom|88/100|[from] item: Leftovers
|-damage|p2a: Hippowdon|88/100 brn|[from] brn
|upkeep
|turn|4
|
|switch|p2a: Chansey|Chansey, F|100/100
|move|p1a: Rotom|Hidden Power|p2a: Chansey
|-damage|p2a: Chansey|95/100
|
|-weather|Sandstorm|[upkeep]
|-damage|p1a: Rotom|82/100|[from] Sandstorm
|-damage|p2a: Chansey|89/100|[from] Sandstorm
|-heal|p1a: Rotom|88/100|[from] item: Leftovers
|upkeep
|turn|5
|
|move|p1a: Rotom|Volt Switch|p2a: Chansey
|-damage|p2a: Chansey|81/100
|
|switch|p1a: Excadrill|Excadrill, F|100/100|[from]move: Volt Switch
|-damage|p1a: Excadrill|97/100|[from] Stealth Rock
|move|p2a: Chansey|Aromatherapy|p2a: Chansey
|-activate|p2a: Chansey|move: Aromatherapy
|-curestatus|p2: Hippowdon|brn|[msg]
|
|-weather|Sandstorm|[upkeep]
|-damage|p2a: Chansey|75/100|[from] Sandstorm
|-heal|p1a: Excadrill|100/100|[from] item: Leftovers
|upkeep
|turn|6
|
|switch|p2a: Jellicent|Jellicent, M|100/100
|move|p1a: Excadrill|Earthquake|p2a: Jellicent
|-damage|p2a: Jellicent|50/100
|
|-weather|Sandstorm|[upkeep]
|-damage|p2a: Jellicent|43/100|[from] Sandstorm
|-heal|p2a: Jellicent|50/100|[from] item: Leftovers
|upkeep
|turn|7
|
|switch|p2a: Hippowdon|Hippowdon, M|88/100
|move|p1a: Excadrill|Earthquake|p2a: Hippowdon
|-crit|p2a: Hippowdon
|-damage|p2a: Hippowdon|0 fnt
|faint|p2a: Hippowdon
|
|-weather|Sandstorm|[upkeep]
|upkeep
|c|☆porrompompom|bop
|c|☆Gh0st of Perdition|oof, i'm sry mate, this one is stupid af
|
|switch|p2a: Quagsire|Quagsire, M|100/100
|turn|8
|
|move|p1a: Excadrill|Protect|p1a: Excadrill
|-singleturn|p1a: Excadrill|Protect
|move|p2a: Quagsire|Toxic|p1a: Excadrill
|-activate|p1a: Excadrill|move: Protect
|
|-weather|Sandstorm|[upkeep]
|upkeep
|turn|9
|
|switch|p1a: Ninetales|Ninetales, F|53/100
|-damage|p1a: Ninetales|29/100|[from] Stealth Rock
|-weather|SunnyDay|[from] ability: Drought|[of] p1a: Ninetales
|move|p2a: Quagsire|Scald|p1a: Ninetales
|-supereffective|p1a: Ninetales
|-crit|p1a: Ninetales
|-damage|p1a: Ninetales|0 fnt
|faint|p1a: Ninetales
|
|-weather|SunnyDay|[upkeep]
|upkeep
|
|switch|p1a: Latias|Latias, F|100/100
|-damage|p1a: Latias|88/100|[from] Stealth Rock
|turn|10
|
|switch|p2a: Forretress|Forretress, M|100/100
|move|p1a: Latias|Trick|p2a: Forretress
|-activate|p1a: Latias|move: Trick|[of] p2a: Forretress
|-item|p2a: Forretress|Choice Scarf|[from] move: Trick
|-item|p1a: Latias|Leftovers|[from] move: Trick
|
|-weather|SunnyDay|[upkeep]
|-heal|p1a: Latias|94/100|[from] item: Leftovers
|upkeep
|turn|11
|
|switch|p1a: Excadrill|Excadrill, F|100/100
|-damage|p1a: Excadrill|97/100|[from] Stealth Rock
|move|p2a: Forretress|Toxic|p1a: Excadrill
|-immune|p1a: Excadrill
|
|-weather|SunnyDay|[upkeep]
|-heal|p1a: Excadrill|100/100|[from] item: Leftovers
|upkeep
|turn|12
|
|switch|p2a: Jellicent|Jellicent, M|50/100
|move|p1a: Excadrill|Earthquake|p2a: Jellicent
|-damage|p2a: Jellicent|6/100
|
|-weather|SunnyDay|[upkeep]
|-heal|p2a: Jellicent|13/100|[from] item: Leftovers
|upkeep
|turn|13
|
|switch|p2a: Xatu|Xatu, M|100/100
|move|p1a: Excadrill|Earthquake|p2a: Xatu
|-immune|p2a: Xatu
|
|-weather|SunnyDay|[upkeep]
|upkeep
|turn|14
|j| bislawoglwj
|
|move|p1a: Excadrill|Rapid Spin|p2a: Xatu
|-damage|p2a: Xatu|93/100
|-damage|p1a: Excadrill|84/100|[from] item: Rocky Helmet|[of] p2a: Xatu
|-sideend|p1: Gh0st of Perdition|Stealth Rock|[from] move: Rapid Spin|[of] p1a: Excadrill
|move|p2a: Xatu|Heat Wave|p1a: Excadrill
|-supereffective|p1a: Excadrill
|-damage|p1a: Excadrill|0 fnt
|faint|p1a: Excadrill
|
|-weather|SunnyDay|[upkeep]
|upkeep
|
|switch|p1a: Victini|Victini|100/100
|turn|15
|
|switch|p2a: Forretress|Forretress, M|100/100
|move|p1a: Victini|V-create|p2a: Forretress
|-supereffective|p2a: Forretress
|-ability|p2a: Forretress|Sturdy
|-damage|p2a: Forretress|1/100
|-unboost|p1a: Victini|spe|1
|-unboost|p1a: Victini|def|1
|-unboost|p1a: Victini|spd|1
|
|-weather|SunnyDay|[upkeep]
|upkeep
|turn|16
|
|move|p1a: Victini|V-create|p2a: Forretress
|-supereffective|p2a: Forretress
|-damage|p2a: Forretress|0 fnt
|-unboost|p1a: Victini|spe|1
|-unboost|p1a: Victini|def|1
|-unboost|p1a: Victini|spd|1
|faint|p2a: Forretress
|
|-weather|SunnyDay|[upkeep]
|upkeep
|l| bislawoglwj
|
|switch|p2a: Jellicent|Jellicent, M|13/100
|turn|17
|
|switch|p1a: Landorus|Landorus-Therian, M|100/100
|-ability|p1a: Landorus|Intimidate|boost
|-unboost|p2a: Jellicent|atk|1
|move|p2a: Jellicent|Recover|p2a: Jellicent
|-heal|p2a: Jellicent|63/100
|
|-weather|SunnyDay|[upkeep]
|-heal|p2a: Jellicent|69/100|[from] item: Leftovers
|upkeep
|turn|18
|
|move|p1a: Landorus|U-turn|p2a: Jellicent
|-resisted|p2a: Jellicent
|-damage|p2a: Jellicent|60/100
|
|switch|p1a: Victini|Victini|100/100|[from]move: U-turn
|move|p2a: Jellicent|Will-O-Wisp|p1a: Victini
|-immune|p1a: Victini
|
|-weather|SunnyDay|[upkeep]
|-heal|p2a: Jellicent|66/100|[from] item: Leftovers
|upkeep
|turn|19
|
|switch|p2a: Quagsire|Quagsire, M|100/100
|move|p1a: Victini|V-create|p2a: Quagsire
|-resisted|p2a: Quagsire
|-crit|p2a: Quagsire
|-damage|p2a: Quagsire|0 fnt
|-unboost|p1a: Victini|spe|1
|-unboost|p1a: Victini|def|1
|-unboost|p1a: Victini|spd|1
|faint|p2a: Quagsire
|
|-weather|SunnyDay|[upkeep]
|upkeep
|
|switch|p2a: Jellicent|Jellicent, M|66/100
|turn|20
|
|move|p1a: Victini|V-create|p2a: Jellicent
|-resisted|p2a: Jellicent
|-damage|p2a: Jellicent|0 fnt
|-unboost|p1a: Victini|spe|1
|-unboost|p1a: Victini|def|1
|-unboost|p1a: Victini|spd|1
|faint|p2a: Jellicent
|
|-weather|SunnyDay|[upkeep]
|upkeep
|
|switch|p2a: Chansey|Chansey, F|75/100
|turn|21
|
|move|p1a: Victini|V-create|p2a: Chansey
|-crit|p2a: Chansey
|-damage|p2a: Chansey|0 fnt
|-unboost|p1a: Victini|spe|1
|-unboost|p1a: Victini|def|1
|-unboost|p1a: Victini|spd|1
|faint|p2a: Chansey
|
|-weather|SunnyDay|[upkeep]
|upkeep
|
|switch|p2a: Xatu|Xatu, M|93/100
|turn|22
|
|switch|p1a: Rotom|Rotom-Wash|88/100
|move|p2a: Xatu|U-turn|p1a: Rotom
|-damage|p1a: Rotom|76/100
|
|-weather|SunnyDay|[upkeep]
|-heal|p1a: Rotom|82/100|[from] item: Leftovers
|upkeep
|turn|23
|
|move|p2a: Xatu|U-turn|p1a: Rotom
|-damage|p1a: Rotom|70/100
|move|p1a: Rotom|Volt Switch|p2a: Xatu
|-supereffective|p2a: Xatu
|-damage|p2a: Xatu|17/100
|
|switch|p1a: Victini|Victini|100/100|[from]move: Volt Switch
|
|-weather|SunnyDay|[upkeep]
|upkeep
|turn|24
|
|move|p1a: Victini|V-create|p2a: Xatu
|-damage|p2a: Xatu|0 fnt
|-unboost|p1a: Victini|spe|1
|-unboost|p1a: Victini|def|1
|-unboost|p1a: Victini|spd|1
|-damage|p1a: Victini|84/100|[from] item: Rocky Helmet|[of] p2a: Xatu
|faint|p2a: Xatu
|
|win|Gh0st of Perdition
|l|☆porrompompom
|raw|Gh0st of Perdition's rating: 1617 &rarr; <strong>1639</strong><br />(+22 for winning)
|raw|porrompompom's rating: 1639 &rarr; <strong>1617</strong><br />(-22 for losing)
|l|☆Gh0st of Perdition
|j|☆Gh0st of Perdition
|player|p1|Gh0st of Perdition|acetrainer-gen2
