|j|☆spliffdiff
|j|☆lijkjlkjlkjlkjlk
|t:|1724335728
|gametype|singles
|player|p1|spliffdiff|scientist-gen4|1325
|player|p2|lijkjlkjlkjlkjlk|bugcatcher-gen4dp|1376
|teamsize|p1|6
|teamsize|p2|6
|gen|5
|tier|[Gen 5] OU
|rated|
|rule|Species Clause: Limit one of each Pokémon
|rule|OHKO Clause: OHKO moves are banned
|rule|Moody Clause: Moody is banned
|rule|Evasion Items Clause: Evasion items are banned
|rule|Evasion Moves Clause: Evasion moves are banned
|rule|Endless Battle Clause: Forcing endless battles is banned
|rule|HP Percentage Mod: HP is shown in percentages
|rule|Evasion Abilities Clause: Evasion abilities are banned
|rule|Sleep Moves Clause: Sleep-inducing moves are banned
|rule|Swagger Clause: Swagger is banned
|rule|Baton Pass Stat Clause: No Baton Passer may have a way to boost its stats
|clearpoke
|poke|p1|Terrakion|item
|poke|p1|Garchomp, M|item
|poke|p1|Keldeo-Resolute|item
|poke|p1|Scizor, F|item
|poke|p1|Conkeldurr, M|item
|poke|p1|Starmie|item
|poke|p2|Bronzong|item
|poke|p2|Porygon2|item
|poke|p2|Reuniclus, F|item
|poke|p2|Chandelure, M|item
|poke|p2|Crawdaunt, M|item
|poke|p2|Terrakion|item
|teampreview
|inactive|Battle timer is ON: inactive players will automatically lose when time's up. (requested by spliffdiff)
|inactive|lijkjlkjlkjlkjlk has 120 seconds left.
|
|t:|1724335781
|start
|switch|p1a: Terrakion|Terrakion|100/100
|switch|p2a: Bronzong|Bronzong|100/100
|turn|1
|
|t:|1724335787
|move|p1a: Terrakion|Taunt|p2a: Bronzong
|-start|p2a: Bronzong|move: Taunt
|-enditem|p2a: Bronzong|Mental Herb
|-end|p2a: Bronzong|move: Taunt
|move|p2a: Bronzong|Trick Room|p2a: Bronzong
|-fieldstart|move: Trick Room|[of] p2a: Bronzong
|
|upkeep
|turn|2
|
|t:|1724335793
|move|p2a: Bronzong|Stealth Rock|p1a: Terrakion
|-sidestart|p1: spliffdiff|move: Stealth Rock
|move|p1a: Terrakion|Stealth Rock|p2a: Bronzong
|-sidestart|p2: lijkjlkjlkjlkjlk|move: Stealth Rock
|
|upkeep
|turn|3
|
|t:|1724335797
|move|p2a: Bronzong|Gyro Ball|p1a: Terrakion
|-supereffective|p1a: Terrakion
|-enditem|p1a: Terrakion|Focus Sash
|-damage|p1a: Terrakion|1/100
|move|p1a: Terrakion|Close Combat|p2a: Bronzong
|-damage|p2a: Bronzong|43/100
|-unboost|p1a: Terrakion|def|1
|-unboost|p1a: Terrakion|spd|1
|
|upkeep
|turn|4
|
|t:|1724335805
|move|p2a: Bronzong|Gyro Ball|p1a: Terrakion
|-supereffective|p1a: Terrakion
|-damage|p1a: Terrakion|0 fnt
|faint|p1a: Terrakion
|
|upkeep
|
|t:|1724335812
|switch|p1a: Keldeo|Keldeo-Resolute|100/100
|-damage|p1a: Keldeo|94/100|[from] Stealth Rock
|turn|5
|
|t:|1724335817
|move|p2a: Bronzong|Explosion|p1a: Keldeo
|-damage|p1a: Keldeo|6/100
|faint|p2a: Bronzong
|move|p1a: Keldeo|Surf|p2: Bronzong|[notarget]
|-fail|p1a: Keldeo
|
|-fieldend|move: Trick Room
|upkeep
|
|t:|1724335822
|switch|p2a: Terrakion|Terrakion|100/100
|-damage|p2a: Terrakion|94/100|[from] Stealth Rock
|turn|6
|
|t:|1724335835
|move|p2a: Terrakion|Quick Attack|p1a: Keldeo
|-crit|p1a: Keldeo
|-damage|p1a: Keldeo|0 fnt
|faint|p1a: Keldeo
|
|upkeep
|
|t:|1724335840
|switch|p1a: Starmie|Starmie|100/100
|-damage|p1a: Starmie|88/100|[from] Stealth Rock
|turn|7
|
|t:|1724335864
|switch|p2a: Crawdaunt|Crawdaunt, M|100/100
|-damage|p2a: Crawdaunt|88/100|[from] Stealth Rock
|move|p1a: Starmie|Psychic|p2a: Crawdaunt
|-immune|p2a: Crawdaunt
|
|-heal|p1a: Starmie|94/100|[from] item: Leftovers
|upkeep
|turn|8
|
|t:|1724335874
|switch|p1a: Scizor|Scizor, F|100/100
|-damage|p1a: Scizor|88/100|[from] Stealth Rock
|move|p2a: Crawdaunt|Crunch|p1a: Scizor
|-resisted|p1a: Scizor
|-damage|p1a: Scizor|40/100
|-unboost|p1a: Scizor|def|1
|
|upkeep
|turn|9
|
|t:|1724335884
|move|p1a: Scizor|Bullet Punch|p2a: Crawdaunt
|-resisted|p2a: Crawdaunt
|-damage|p2a: Crawdaunt|59/100
|move|p2a: Crawdaunt|Crunch|p1a: Scizor
|-resisted|p1a: Scizor
|-damage|p1a: Scizor|0 fnt
|faint|p1a: Scizor
|
|upkeep
|
|t:|1724335890
|switch|p1a: Conkeldurr|Conkeldurr, M|100/100
|-damage|p1a: Conkeldurr|94/100|[from] Stealth Rock
|turn|10
|
|t:|1724335900
|move|p1a: Conkeldurr|Drain Punch|p2a: Crawdaunt
|-supereffective|p2a: Crawdaunt
|-damage|p2a: Crawdaunt|0 fnt
|-heal|p1a: Conkeldurr|100/100|[from] drain|[of] p2a: Crawdaunt
|faint|p2a: Crawdaunt
|
|upkeep
|inactive|lijkjlkjlkjlkjlk has 120 seconds left.
|
|t:|1724335927
|switch|p2a: Chandelure|Chandelure, M|100/100
|-damage|p2a: Chandelure|76/100|[from] Stealth Rock
|-item|p2a: Chandelure|Air Balloon
|turn|11
|
|t:|1724335933
|switch|p1a: Garchomp|Garchomp, M|100/100
|-damage|p1a: Garchomp|94/100|[from] Stealth Rock
|move|p2a: Chandelure|Fire Blast|p1a: Garchomp|[miss]
|-miss|p2a: Chandelure|p1a: Garchomp
|
|upkeep
|turn|12
|
|t:|1724335940
|move|p1a: Garchomp|Rock Slide|p2a: Chandelure
|-supereffective|p2a: Chandelure
|-damage|p2a: Chandelure|19/100
|-enditem|p2a: Chandelure|Air Balloon
|move|p2a: Chandelure|Trick Room|p2a: Chandelure
|-fieldstart|move: Trick Room|[of] p2a: Chandelure
|
|upkeep
|turn|13
|
|t:|1724335948
|move|p2a: Chandelure|Shadow Ball|p1a: Garchomp
|-crit|p1a: Garchomp
|-damage|p1a: Garchomp|0 fnt
|faint|p1a: Garchomp
|
|upkeep
|
|t:|1724335952
|switch|p1a: Conkeldurr|Conkeldurr, M|100/100
|-damage|p1a: Conkeldurr|94/100|[from] Stealth Rock
|turn|14
|
|t:|1724335960
|move|p1a: Conkeldurr|Ice Punch|p2a: Chandelure
|-resisted|p2a: Chandelure
|-damage|p2a: Chandelure|4/100
|move|p2a: Chandelure|Shadow Ball|p1a: Conkeldurr
|-damage|p1a: Conkeldurr|20/100
|
|upkeep
|turn|15
|
|t:|1724335963
|move|p1a: Conkeldurr|Ice Punch|p2a: Chandelure
|-resisted|p2a: Chandelure
|-damage|p2a: Chandelure|0 fnt
|faint|p2a: Chandelure
|
|upkeep
|
|t:|1724335969
|switch|p2a: Reuniclus|Reuniclus, F|100/100
|turn|16
|
|t:|1724335977
|move|p2a: Reuniclus|Psyshock|p1a: Conkeldurr
|-supereffective|p1a: Conkeldurr
|-damage|p1a: Conkeldurr|0 fnt
|faint|p1a: Conkeldurr
|
|-fieldend|move: Trick Room
|upkeep
|
|t:|1724335980
|switch|p1a: Starmie|Starmie|94/100
|-damage|p1a: Starmie|82/100|[from] Stealth Rock
|turn|17
|
|t:|1724335983
|move|p1a: Starmie|Hydro Pump|p2a: Reuniclus|[miss]
|-miss|p1a: Starmie|p2a: Reuniclus
|move|p2a: Reuniclus|Shadow Ball|p1a: Starmie
|-supereffective|p1a: Starmie
|-damage|p1a: Starmie|0 fnt
|faint|p1a: Starmie
|
|win|lijkjlkjlkjlkjlk
|raw|spliffdiff's rating: 1325 &rarr; <strong>1308</strong><br />(-17 for losing)
|raw|lijkjlkjlkjlkjlk's rating: 1376 &rarr; <strong>1393</strong><br />(+17 for winning)
