|j|☆ChrisCross1990
|j|☆Bronzongsunderbell
|t:|1744211695
|gametype|singles
|player|p1|ChrisCross1990|102|1434
|player|p2|Bronzongsunderbell|170|1276
|teamsize|p1|6
|teamsize|p2|6
|gen|5
|tier|[Gen 5] OU
|rated|
|rule|Species Clause: Limit one of each Pokémon
|rule|OHKO Clause: OHKO moves are banned
|rule|Moody Clause: Moody is banned
|rule|Evasion Items Clause: Evasion items are banned
|rule|Evasion Moves Clause: Evasion moves are banned
|rule|Endless Battle Clause: Forcing endless battles is banned
|rule|HP Percentage Mod: HP is shown in percentages
|rule|Evasion Abilities Clause: Evasion abilities are banned
|rule|Sleep Moves Clause: Sleep-inducing moves are banned
|rule|Swagger Clause: Swagger is banned
|rule|Baton Pass Stat Clause: No Baton Passer may have a way to boost its stats
|clearpoke
|poke|p1|Landorus-Therian, M|item
|poke|p1|Metagross|item
|poke|p1|Celebi|item
|poke|p1|Conkeldurr, M|item
|poke|p1|Donphan, F|item
|poke|p1|Ditto|item
|poke|p2|Abomasnow, M|item
|poke|p2|Kyurem-Black|item
|poke|p2|Forretress, M|item
|poke|p2|Blissey, F|item
|poke|p2|Landorus-Therian, M|item
|poke|p2|Jellicent, F|item
|teampreview
|inactive|Battle timer is ON: inactive players will automatically lose when time's up. (requested by ChrisCross1990)
|inactive|Bronzongsunderbell has 120 seconds left.
|
|t:|1744211740
|start
|switch|p1a: Ditto|Ditto|100/100
|switch|p2a: Landorus|Landorus-Therian, M|100/100
|-ability|p2a: Landorus|Intimidate|boost
|-unboost|p1a: Ditto|atk|1
|-transform|p1a: Ditto|p2a: Landorus|[from] ability: Imposter
|-ability|p1a: Ditto|Intimidate|boost
|-unboost|p2a: Landorus|atk|1
|turn|1
|
|t:|1744211760
|switch|p2a: Forretress|Forretress, M|100/100
|switch|p1a: Metagross|Metagross|100/100
|
|upkeep
|turn|2
|
|t:|1744211769
|switch|p1a: Conkeldurr|Conkeldurr, M|100/100
|move|p2a: Forretress|Spikes|p1a: Conkeldurr
|-sidestart|p1: ChrisCross1990|Spikes
|
|upkeep
|turn|3
|
|t:|1744211775
|move|p1a: Conkeldurr|Drain Punch|p2a: Forretress
|-damage|p2a: Forretress|65/100
|-damage|p1a: Conkeldurr|84/100|[from] item: Rocky Helmet|[of] p2a: Forretress
|move|p2a: Forretress|Volt Switch|p1a: Conkeldurr
|-damage|p1a: Conkeldurr|72/100
|
|t:|1744211790
|switch|p2a: Landorus|Landorus-Therian, M|100/100|[from] Volt Switch
|-ability|p2a: Landorus|Intimidate|boost
|-unboost|p1a: Conkeldurr|atk|1
|
|-heal|p1a: Conkeldurr|78/100|[from] item: Leftovers
|upkeep
|turn|4
|
|t:|1744211808
|move|p2a: Landorus|U-turn|p1a: Conkeldurr
|-resisted|p1a: Conkeldurr
|-damage|p1a: Conkeldurr|67/100
|
|t:|1744211812
|switch|p2a: Forretress|Forretress, M|65/100|[from] U-turn
|move|p1a: Conkeldurr|Ice Punch|p2a: Forretress
|-resisted|p2a: Forretress
|-damage|p2a: Forretress|59/100
|-status|p2a: Forretress|frz
|-damage|p1a: Conkeldurr|50/100|[from] item: Rocky Helmet|[of] p2a: Forretress
|
|-heal|p1a: Conkeldurr|57/100|[from] item: Leftovers
|upkeep
|turn|5
|
|t:|1744211834
|switch|p2a: Landorus|Landorus-Therian, M|100/100
|-ability|p2a: Landorus|Intimidate|boost
|-unboost|p1a: Conkeldurr|atk|1
|move|p1a: Conkeldurr|Bulk Up|p1a: Conkeldurr
|-boost|p1a: Conkeldurr|atk|1
|-boost|p1a: Conkeldurr|def|1
|
|-heal|p1a: Conkeldurr|63/100|[from] item: Leftovers
|upkeep
|turn|6
|
|t:|1744211845
|move|p2a: Landorus|U-turn|p1a: Conkeldurr
|-resisted|p1a: Conkeldurr
|-damage|p1a: Conkeldurr|57/100
|
|t:|1744211852
|switch|p2a: Jellicent|Jellicent, F|100/100|[from] U-turn
|-item|p2a: Jellicent|Air Balloon
|move|p1a: Conkeldurr|Bulk Up|p1a: Conkeldurr
|-boost|p1a: Conkeldurr|atk|1
|-boost|p1a: Conkeldurr|def|1
|
|-heal|p1a: Conkeldurr|63/100|[from] item: Leftovers
|upkeep
|turn|7
|
|t:|1744211864
|switch|p1a: Celebi|Celebi|100/100
|-damage|p1a: Celebi|88/100|[from] Spikes
|move|p2a: Jellicent|Will-O-Wisp|p1a: Celebi|[miss]
|-miss|p2a: Jellicent|p1a: Celebi
|
|-heal|p1a: Celebi|94/100|[from] item: Leftovers
|upkeep
|turn|8
|
|t:|1744211875
|switch|p2a: Abomasnow|Abomasnow, M|100/100
|-weather|Hail|[from] ability: Snow Warning|[of] p2a: Abomasnow
|move|p1a: Celebi|Stealth Rock|p2a: Abomasnow
|-sidestart|p2: Bronzongsunderbell|move: Stealth Rock
|
|-weather|Hail|[upkeep]
|-damage|p1a: Celebi|88/100|[from] Hail
|-heal|p1a: Celebi|94/100|[from] item: Leftovers
|upkeep
|turn|9
|
|t:|1744211896
|switch|p1a: Metagross|Metagross|100/100
|-damage|p1a: Metagross|88/100|[from] Spikes
|move|p2a: Abomasnow|Blizzard|p1a: Metagross
|-resisted|p1a: Metagross
|-damage|p1a: Metagross|64/100
|-status|p1a: Metagross|frz
|
|-weather|Hail|[upkeep]
|-damage|p1a: Metagross|58/100 frz|[from] Hail
|upkeep
|turn|10
|
|t:|1744211907
|switch|p2a: Landorus|Landorus-Therian, M|100/100
|-damage|p2a: Landorus|88/100|[from] Stealth Rock
|-ability|p2a: Landorus|Intimidate|boost
|-fail|p1a: Metagross|unboost|[from] ability: Clear Body|[of] p1a: Metagross
|cant|p1a: Metagross|frz
|
|-weather|Hail|[upkeep]
|-damage|p2a: Landorus|82/100|[from] Hail
|-damage|p1a: Metagross|52/100 frz|[from] Hail
|upkeep
|turn|11
|inactive|ChrisCross1990 has 120 seconds left.
|
|t:|1744211930
|move|p2a: Landorus|Stealth Rock|p1a: Metagross
|-sidestart|p1: ChrisCross1990|move: Stealth Rock
|-curestatus|p1a: Metagross|frz|[msg]
|move|p1a: Metagross|Explosion|p2a: Landorus
|-damage|p2a: Landorus|0 fnt
|faint|p1a: Metagross
|faint|p2a: Landorus
|
|-weather|Hail|[upkeep]
|upkeep
|inactive|ChrisCross1990 has 120 seconds left.
|
|t:|1744211955
|switch|p2a: Kyurem|Kyurem-Black|100/100
|switch|p1a: Donphan|Donphan, F|100/100
|-damage|p2a: Kyurem|76/100|[from] Stealth Rock
|-ability|p2a: Kyurem|Teravolt
|-damage|p1a: Donphan|88/100|[from] Spikes
|-damage|p1a: Donphan|82/100|[from] Stealth Rock
|turn|12
|
|t:|1744211965
|move|p2a: Kyurem|Substitute|p2a: Kyurem
|-start|p2a: Kyurem|Substitute
|-damage|p2a: Kyurem|51/100
|move|p1a: Donphan|Rapid Spin|p2a: Kyurem
|-activate|p2a: Kyurem|Substitute|[damage]
|-sideend|p1: ChrisCross1990|Spikes|[from] move: Rapid Spin|[of] p1a: Donphan
|-sideend|p1: ChrisCross1990|Stealth Rock|[from] move: Rapid Spin|[of] p1a: Donphan
|
|-weather|Hail|[upkeep]
|-damage|p1a: Donphan|75/100|[from] Hail
|-heal|p1a: Donphan|82/100|[from] item: Leftovers
|upkeep
|turn|13
|
|t:|1744211987
|switch|p1a: Ditto|Ditto|100/100
|move|p2a: Kyurem|Ice Beam|p1a: Ditto
|-crit|p1a: Ditto
|-damage|p1a: Ditto|0 fnt
|faint|p1a: Ditto
|
|-weather|Hail|[upkeep]
|upkeep
|
|t:|1744212000
|switch|p1a: Conkeldurr|Conkeldurr, M|63/100
|turn|14
|
|t:|1744212005
|move|p1a: Conkeldurr|Mach Punch|p2a: Kyurem
|-supereffective|p2a: Kyurem
|-end|p2a: Kyurem|Substitute
|move|p2a: Kyurem|Outrage|p1a: Conkeldurr
|-damage|p1a: Conkeldurr|9/100
|
|-weather|Hail|[upkeep]
|-damage|p1a: Conkeldurr|3/100|[from] Hail
|-heal|p1a: Conkeldurr|9/100|[from] item: Leftovers
|upkeep
|turn|15
|
|t:|1744212015
|move|p1a: Conkeldurr|Mach Punch|p2a: Kyurem
|-supereffective|p2a: Kyurem
|-enditem|p2a: Kyurem|Chople Berry|[eat]
|-enditem|p2a: Kyurem|Chople Berry|[weaken]
|-damage|p2a: Kyurem|21/100
|move|p2a: Kyurem|Outrage|p1a: Conkeldurr|[from] lockedmove
|-damage|p1a: Conkeldurr|0 fnt
|faint|p1a: Conkeldurr
|
|-weather|Hail|[upkeep]
|upkeep
|
|t:|1744212026
|switch|p1a: Donphan|Donphan, F|82/100
|turn|16
|
|t:|1744212030
|move|p1a: Donphan|Ice Shard|p2a: Kyurem
|-damage|p2a: Kyurem|8/100
|move|p2a: Kyurem|Outrage|p1a: Donphan|[from] lockedmove
|-damage|p1a: Donphan|34/100
|-start|p2a: Kyurem|confusion|[fatigue]
|
|-weather|Hail|[upkeep]
|-damage|p1a: Donphan|28/100|[from] Hail
|-heal|p1a: Donphan|34/100|[from] item: Leftovers
|upkeep
|turn|17
|
|t:|1744212044
|switch|p2a: Forretress|Forretress, M|59/100 frz
|-damage|p2a: Forretress|46/100 frz|[from] Stealth Rock
|move|p1a: Donphan|Ice Shard|p2a: Forretress
|-resisted|p2a: Forretress
|-damage|p2a: Forretress|42/100 frz
|
|-weather|Hail|[upkeep]
|-damage|p1a: Donphan|28/100|[from] Hail
|-heal|p1a: Donphan|34/100|[from] item: Leftovers
|upkeep
|turn|18
|
|t:|1744212055
|move|p1a: Donphan|Earthquake|p2a: Forretress
|-damage|p2a: Forretress|12/100 frz
|cant|p2a: Forretress|frz
|
|-weather|Hail|[upkeep]
|-damage|p1a: Donphan|28/100|[from] Hail
|-heal|p1a: Donphan|34/100|[from] item: Leftovers
|upkeep
|turn|19
|
|t:|1744212064
|move|p1a: Donphan|Earthquake|p2a: Forretress
|-crit|p2a: Forretress
|-damage|p2a: Forretress|0 fnt
|faint|p2a: Forretress
|
|-weather|Hail|[upkeep]
|-damage|p1a: Donphan|28/100|[from] Hail
|-heal|p1a: Donphan|34/100|[from] item: Leftovers
|upkeep
|
|t:|1744212085
|switch|p2a: Abomasnow|Abomasnow, M|100/100
|-damage|p2a: Abomasnow|76/100|[from] Stealth Rock
|turn|20
|
|t:|1744212091
|move|p2a: Abomasnow|Blizzard|p1a: Donphan
|-supereffective|p1a: Donphan
|-damage|p1a: Donphan|0 fnt
|faint|p1a: Donphan
|
|-weather|Hail|[upkeep]
|upkeep
|
|t:|1744212096
|switch|p1a: Landorus|Landorus-Therian, M|100/100
|-ability|p1a: Landorus|Intimidate|boost
|-unboost|p2a: Abomasnow|atk|1
|turn|21
|
|t:|1744212102
|switch|p2a: Kyurem|Kyurem-Black|8/100
|-damage|p2a: Kyurem|0 fnt|[from] Stealth Rock
|faint|p2a: Kyurem
|move|p1a: Landorus|U-turn|p2: Kyurem|[notarget]
|-fail|p1a: Landorus
|
|-weather|Hail|[upkeep]
|-damage|p1a: Landorus|95/100|[from] Hail
|-heal|p1a: Landorus|100/100|[from] item: Leftovers
|upkeep
|
|t:|1744212117
|switch|p2a: Abomasnow|Abomasnow, M|76/100
|-damage|p2a: Abomasnow|51/100|[from] Stealth Rock
|turn|22
|
|t:|1744212121
|move|p2a: Abomasnow|Blizzard|p1a: Landorus
|-supereffective|p1a: Landorus
|-damage|p1a: Landorus|0 fnt
|faint|p1a: Landorus
|
|-weather|Hail|[upkeep]
|upkeep
|
|t:|1744212126
|switch|p1a: Celebi|Celebi|94/100
|turn|23
|
|t:|1744212130
|move|p2a: Abomasnow|Blizzard|p1a: Celebi
|-supereffective|p1a: Celebi
|-damage|p1a: Celebi|46/100
|move|p1a: Celebi|Thunder Wave|p2a: Abomasnow
|-status|p2a: Abomasnow|par
|
|-weather|Hail|[upkeep]
|-damage|p1a: Celebi|40/100|[from] Hail
|-heal|p1a: Celebi|46/100|[from] item: Leftovers
|upkeep
|turn|24
|
|t:|1744212140
|move|p1a: Celebi|Giga Drain|p2a: Abomasnow
|-resisted|p2a: Abomasnow
|-damage|p2a: Abomasnow|35/100 par
|-heal|p1a: Celebi|52/100|[from] drain|[of] p2a: Abomasnow
|move|p2a: Abomasnow|Blizzard|p1a: Celebi
|-supereffective|p1a: Celebi
|-damage|p1a: Celebi|0 fnt
|faint|p1a: Celebi
|
|win|Bronzongsunderbell
|raw|ChrisCross1990's rating: 1434 &rarr; <strong>1405</strong><br />(-29 for losing)
|raw|Bronzongsunderbell's rating: 1276 &rarr; <strong>1312</strong><br />(+36 for winning)
