|j|☆Giovanna G
|j|☆dark web uzi
|player|p1|Giovanna G|lady-gen4|1447
|player|p2|dark web uzi|roxie|1430
|teamsize|p1|6
|teamsize|p2|6
|gametype|singles
|gen|5
|tier|[Gen 5] OU
|rated|
|clearpoke
|poke|p1|Latios, M|item
|poke|p1|Tyranitar, M|item
|poke|p1|Landorus-Therian, M|item
|poke|p1|Ferrothorn, F|item
|poke|p1|Keldeo|item
|poke|p1|Volcarona, M|item
|poke|p2|Shelmet, F|item
|poke|p2|Landorus-Therian, M|item
|poke|p2|Dragonite, M|item
|poke|p2|Politoed, M|item
|poke|p2|Toxicroak, M|item
|poke|p2|Starmie|item
|rule|Species Clause: Limit one of each Pokémon
|rule|OHKO Clause: OHKO moves are banned
|rule|Moody Clause: Moody is banned
|rule|Evasion Moves Clause: Evasion moves are banned
|rule|Endless Battle Clause: Forcing endless battles is banned
|rule|HP Percentage Mod: HP is shown in percentages
|rule|Evasion Abilities Clause: Evasion abilities are banned
|rule|Baton Pass Clause: Limit one Baton Passer, can't pass Spe and other stats simultaneously
|rule|Sleep Clause: Sleep-inducing moves are banned
|rule|Swagger Clause: Swagger is banned
|teampreview
|
|start
|switch|p1a: Landorus|Landorus-Therian, M|100/100
|switch|p2a: Landorus|Landorus-Therian, M|100/100
|-ability|p2a: Landorus|Intimidate|boost
|-unboost|p1a: Landorus|atk|1
|-ability|p1a: Landorus|Intimidate|boost
|-unboost|p2a: Landorus|atk|1
|turn|1
|
|switch|p1a: Volcarona|Volcarona, M|100/100
|move|p2a: Landorus|Stealth Rock|p1a: Volcarona
|-sidestart|p1: Giovanna G|move: Stealth Rock
|
|upkeep
|turn|2
|
|switch|p2a: Politoed|Politoed, M|100/100
|-weather|RainDance|[from] ability: Drizzle|[of] p2a: Politoed
|move|p1a: Volcarona|Quiver Dance|p1a: Volcarona
|-boost|p1a: Volcarona|spa|1
|-boost|p1a: Volcarona|spd|1
|-boost|p1a: Volcarona|spe|1
|
|-weather|RainDance|[upkeep]
|upkeep
|turn|3
|
|switch|p2a: yessirskii|Shelmet, F|100/100
|move|p1a: Volcarona|Giga Drain|p2a: yessirskii
|-resisted|p2a: yessirskii
|-damage|p2a: yessirskii|77/100
|
|-weather|RainDance|[upkeep]
|upkeep
|turn|4
|
|move|p1a: Volcarona|Fiery Dance|p2a: yessirskii
|-supereffective|p2a: yessirskii
|-damage|p2a: yessirskii|2/100
|move|p2a: yessirskii|Encore|p1a: Volcarona
|-start|p1a: Volcarona|Encore
|
|-weather|RainDance|[upkeep]
|upkeep
|turn|5
|
|move|p1a: Volcarona|Fiery Dance|p2a: yessirskii
|-supereffective|p2a: yessirskii
|-damage|p2a: yessirskii|0 fnt
|-boost|p1a: Volcarona|spa|1
|faint|p2a: yessirskii
|
|-weather|RainDance|[upkeep]
|upkeep
|
|switch|p2a: Starmie|Starmie|100/100
|turn|6
|
|move|p1a: Volcarona|Fiery Dance|p2a: Starmie
|-resisted|p2a: Starmie
|-damage|p2a: Starmie|67/100
|-boost|p1a: Volcarona|spa|1
|move|p2a: Starmie|Surf|p1a: Volcarona
|-supereffective|p1a: Volcarona
|-damage|p1a: Volcarona|0 fnt
|-damage|p2a: Starmie|57/100|[from] item: Life Orb
|faint|p1a: Volcarona
|
|-weather|RainDance|[upkeep]
|upkeep
|
|switch|p1a: Tyranitar|Tyranitar, M|100/100
|-damage|p1a: Tyranitar|88/100|[from] Stealth Rock
|-weather|Sandstorm|[from] ability: Sand Stream|[of] p1a: Tyranitar
|turn|7
|
|move|p2a: Starmie|Surf|p1a: Tyranitar
|-supereffective|p1a: Tyranitar
|-crit|p1a: Tyranitar
|-damage|p1a: Tyranitar|0 fnt
|-damage|p2a: Starmie|47/100|[from] item: Life Orb
|faint|p1a: Tyranitar
|
|-weather|Sandstorm|[upkeep]
|-damage|p2a: Starmie|41/100|[from] Sandstorm
|upkeep
|
|switch|p1a: Ferrothorn|Ferrothorn, F|100/100
|-damage|p1a: Ferrothorn|94/100|[from] Stealth Rock
|turn|8
|
|switch|p2a: Politoed|Politoed, M|100/100
|-weather|RainDance|[from] ability: Drizzle|[of] p2a: Politoed
|move|p1a: Ferrothorn|Stealth Rock|p2a: Politoed
|-sidestart|p2: dark web uzi|move: Stealth Rock
|
|-weather|RainDance|[upkeep]
|-heal|p1a: Ferrothorn|100/100|[from] item: Leftovers
|upkeep
|turn|9
|
|move|p2a: Politoed|Encore|p1a: Ferrothorn
|-start|p1a: Ferrothorn|Encore
|move|p1a: Ferrothorn|Stealth Rock||[still]
|-fail|p1a: Ferrothorn
|
|-weather|RainDance|[upkeep]
|upkeep
|turn|10
|
|switch|p1a: Keldeo|Keldeo|100/100
|-damage|p1a: Keldeo|94/100|[from] Stealth Rock
|move|p2a: Politoed|Toxic|p1a: Keldeo
|-status|p1a: Keldeo|tox
|
|-weather|RainDance|[upkeep]
|-damage|p1a: Keldeo|88/100 tox|[from] psn
|upkeep
|turn|11
|
|switch|p1a: Ferrothorn|Ferrothorn, F|100/100
|-damage|p1a: Ferrothorn|94/100|[from] Stealth Rock
|move|p2a: Politoed|Protect||[still]
|-fail|p2a: Politoed
|
|-weather|RainDance|[upkeep]
|-heal|p1a: Ferrothorn|100/100|[from] item: Leftovers
|upkeep
|turn|12
|
|move|p2a: Politoed|Scald|p1a: Ferrothorn
|-resisted|p1a: Ferrothorn
|-damage|p1a: Ferrothorn|86/100
|move|p1a: Ferrothorn|Spikes|p2a: Politoed
|-sidestart|p2: dark web uzi|Spikes
|
|-weather|RainDance|[upkeep]
|-heal|p1a: Ferrothorn|93/100|[from] item: Leftovers
|upkeep
|turn|13
|
|move|p2a: Politoed|Encore|p1a: Ferrothorn
|-start|p1a: Ferrothorn|Encore
|move|p1a: Ferrothorn|Spikes|p2a: Politoed
|-sidestart|p2: dark web uzi|Spikes
|
|-weather|RainDance|[upkeep]
|-heal|p1a: Ferrothorn|99/100|[from] item: Leftovers
|upkeep
|turn|14
|
|switch|p2a: Starmie|Starmie|41/100
|-damage|p2a: Starmie|28/100|[from] Stealth Rock
|-damage|p2a: Starmie|12/100|[from] Spikes
|switch|p1a: Keldeo|Keldeo|88/100 tox
|-damage|p1a: Keldeo|82/100 tox|[from] Stealth Rock
|
|-weather|RainDance|[upkeep]
|-damage|p1a: Keldeo|76/100 tox|[from] psn
|upkeep
|turn|15
|
|move|p2a: Starmie|Rapid Spin|p1a: Keldeo
|-damage|p1a: Keldeo|72/100 tox
|-sideend|p2: dark web uzi|Spikes|[from] move: Rapid Spin|[of] p2a: Starmie
|-sideend|p2: dark web uzi|Stealth Rock|[from] move: Rapid Spin|[of] p2a: Starmie
|-damage|p2a: Starmie|2/100|[from] item: Life Orb
|move|p1a: Keldeo|Hidden Power|p2a: Starmie
|-supereffective|p2a: Starmie
|-damage|p2a: Starmie|0 fnt
|-damage|p1a: Keldeo|62/100 tox|[from] item: Life Orb
|faint|p2a: Starmie
|
|-weather|RainDance|[upkeep]
|-damage|p1a: Keldeo|49/100 tox|[from] psn
|upkeep
|inactive|Battle timer is ON: inactive players will automatically lose when time's up. (requested by Giovanna G)
|
|switch|p2a: Landorus|Landorus-Therian, M|100/100
|-ability|p2a: Landorus|Intimidate|boost
|-unboost|p1a: Keldeo|atk|1
|turn|16
|
|move|p2a: Landorus|U-turn|p1a: Keldeo
|-resisted|p1a: Keldeo
|-damage|p1a: Keldeo|35/100 tox
|
|switch|p2a: Politoed|Politoed, M|100/100|[from]move: U-turn
|move|p1a: Keldeo|Icy Wind|p2a: Politoed|[miss]
|-miss|p1a: Keldeo|p2a: Politoed
|
|-weather|RainDance|[upkeep]
|-damage|p1a: Keldeo|16/100 tox|[from] psn
|upkeep
|turn|17
|
|switch|p1a: Ferrothorn|Ferrothorn, F|99/100
|-damage|p1a: Ferrothorn|93/100|[from] Stealth Rock
|move|p2a: Politoed|Protect||[still]
|-fail|p2a: Politoed
|
|-weather|RainDance|[upkeep]
|-heal|p1a: Ferrothorn|99/100|[from] item: Leftovers
|upkeep
|turn|18
|
|switch|p2a: Toxicroak|Toxicroak, M, shiny|100/100
|move|p1a: Ferrothorn|Stealth Rock|p2a: Toxicroak
|-sidestart|p2: dark web uzi|move: Stealth Rock
|
|-weather|RainDance|[upkeep]
|-heal|p1a: Ferrothorn|100/100|[from] item: Leftovers
|upkeep
|turn|19
|
|switch|p1a: Landorus|Landorus-Therian, M|100/100
|-damage|p1a: Landorus|88/100|[from] Stealth Rock
|-ability|p1a: Landorus|Intimidate|boost
|-unboost|p2a: Toxicroak|atk|1
|move|p2a: Toxicroak|Swords Dance|p2a: Toxicroak
|-boost|p2a: Toxicroak|atk|2
|
|-weather|RainDance|[upkeep]
|upkeep
|turn|20
|
|switch|p2a: Landorus|Landorus-Therian, M|100/100
|-damage|p2a: Landorus|88/100|[from] Stealth Rock
|-ability|p2a: Landorus|Intimidate|boost
|-unboost|p1a: Landorus|atk|1
|move|p1a: Landorus|Earthquake|p2a: Landorus
|-immune|p2a: Landorus
|
|-weather|RainDance|[upkeep]
|upkeep
|turn|21
|
|switch|p1a: Keldeo|Keldeo|16/100 tox
|-damage|p1a: Keldeo|10/100 tox|[from] Stealth Rock
|move|p2a: Landorus|U-turn|p1a: Keldeo
|-resisted|p1a: Keldeo
|-damage|p1a: Keldeo|0 fnt
|faint|p1a: Keldeo
|
|switch|p2a: Toxicroak|Toxicroak, M, shiny|100/100|[from]move: U-turn
|-damage|p2a: Toxicroak|94/100|[from] Stealth Rock
|
|-weather|RainDance|[upkeep]
|-heal|p2a: Toxicroak|100/100|[from] ability: Dry Skin
|upkeep
|
|switch|p1a: Landorus|Landorus-Therian, M|88/100
|-damage|p1a: Landorus|76/100|[from] Stealth Rock
|-ability|p1a: Landorus|Intimidate|boost
|-unboost|p2a: Toxicroak|atk|1
|turn|22
|
|switch|p2a: Politoed|Politoed, M|100/100
|-damage|p2a: Politoed|88/100|[from] Stealth Rock
|move|p1a: Landorus|U-turn|p2a: Politoed
|-damage|p2a: Politoed|69/100
|
|switch|p1a: Ferrothorn|Ferrothorn, F|100/100|[from]move: U-turn
|-damage|p1a: Ferrothorn|94/100|[from] Stealth Rock
|
|-weather|RainDance|[upkeep]
|-heal|p2a: Politoed|75/100|[from] item: Leftovers
|-heal|p1a: Ferrothorn|100/100|[from] item: Leftovers
|upkeep
|turn|23
|
|switch|p2a: Toxicroak|Toxicroak, M, shiny|100/100
|-damage|p2a: Toxicroak|94/100|[from] Stealth Rock
|move|p1a: Ferrothorn|Spikes|p2a: Toxicroak
|-sidestart|p2: dark web uzi|Spikes
|
|-weather|RainDance|[upkeep]
|-heal|p2a: Toxicroak|100/100|[from] ability: Dry Skin
|upkeep
|turn|24
|
|switch|p1a: Landorus|Landorus-Therian, M|76/100
|-damage|p1a: Landorus|63/100|[from] Stealth Rock
|-ability|p1a: Landorus|Intimidate|boost
|-unboost|p2a: Toxicroak|atk|1
|move|p2a: Toxicroak|Ice Punch|p1a: Landorus
|-supereffective|p1a: Landorus
|-damage|p1a: Landorus|0 fnt
|-damage|p2a: Toxicroak|91/100|[from] item: Life Orb
|faint|p1a: Landorus
|
|-weather|RainDance|[upkeep]
|-heal|p2a: Toxicroak|100/100|[from] ability: Dry Skin
|upkeep
|
|switch|p1a: Latios|Latios, M|100/100
|-damage|p1a: Latios|88/100|[from] Stealth Rock
|turn|25
|
|switch|p2a: Politoed|Politoed, M|75/100
|-damage|p2a: Politoed|63/100|[from] Spikes
|-damage|p2a: Politoed|50/100|[from] Stealth Rock
|move|p1a: Latios|Psychic|p2a: Politoed
|-damage|p2a: Politoed|6/100
|
|-weather|RainDance|[upkeep]
|-heal|p2a: Politoed|13/100|[from] item: Leftovers
|upkeep
|turn|26
|
|move|p1a: Latios|Psychic|p2a: Politoed
|-damage|p2a: Politoed|0 fnt
|faint|p2a: Politoed
|
|-weather|RainDance|[upkeep]
|upkeep
|
|switch|p2a: Dragonite|Dragonite, M|100/100
|-damage|p2a: Dragonite|76/100|[from] Stealth Rock
|turn|27
|
|switch|p1a: Ferrothorn|Ferrothorn, F|100/100
|-damage|p1a: Ferrothorn|94/100|[from] Stealth Rock
|move|p2a: Dragonite|Roost|p2a: Dragonite
|-heal|p2a: Dragonite|100/100
|-singleturn|p2a: Dragonite|move: Roost
|
|-weather|RainDance|[upkeep]
|-heal|p1a: Ferrothorn|100/100|[from] item: Leftovers
|upkeep
|turn|28
|
|move|p2a: Dragonite|Substitute|p2a: Dragonite
|-start|p2a: Dragonite|Substitute
|-damage|p2a: Dragonite|76/100
|move|p1a: Ferrothorn|Gyro Ball|p2a: Dragonite
|-end|p2a: Dragonite|Substitute
|
|-weather|RainDance|[upkeep]
|-heal|p2a: Dragonite|82/100|[from] item: Leftovers
|upkeep
|turn|29
|
|move|p2a: Dragonite|Roost|p2a: Dragonite
|-heal|p2a: Dragonite|100/100
|-singleturn|p2a: Dragonite|move: Roost
|move|p1a: Ferrothorn|Gyro Ball|p2a: Dragonite
|-damage|p2a: Dragonite|80/100
|
|-weather|RainDance|[upkeep]
|-heal|p2a: Dragonite|87/100|[from] item: Leftovers
|upkeep
|turn|30
|
|move|p2a: Dragonite|Substitute|p2a: Dragonite
|-start|p2a: Dragonite|Substitute
|-damage|p2a: Dragonite|62/100
|move|p1a: Ferrothorn|Spikes|p2a: Dragonite
|-sidestart|p2: dark web uzi|Spikes
|
|-weather|RainDance|[upkeep]
|-heal|p2a: Dragonite|68/100|[from] item: Leftovers
|upkeep
|turn|31
|
|move|p2a: Dragonite|Roost|p2a: Dragonite
|-heal|p2a: Dragonite|100/100
|-singleturn|p2a: Dragonite|move: Roost
|move|p1a: Ferrothorn|Power Whip|p2a: Dragonite
|-resisted|p2a: Dragonite
|-activate|p2a: Dragonite|Substitute|[damage]
|
|-weather|RainDance|[upkeep]
|upkeep
|turn|32
|
|move|p2a: Dragonite|Dragon Dance|p2a: Dragonite
|-boost|p2a: Dragonite|atk|1
|-boost|p2a: Dragonite|spe|1
|move|p1a: Ferrothorn|Gyro Ball|p2a: Dragonite
|-end|p2a: Dragonite|Substitute
|
|-weather|RainDance|[upkeep]
|upkeep
|turn|33
|
|move|p2a: Dragonite|Dragon Dance|p2a: Dragonite
|-boost|p2a: Dragonite|atk|1
|-boost|p2a: Dragonite|spe|1
|move|p1a: Ferrothorn|Gyro Ball|p2a: Dragonite
|-damage|p2a: Dragonite|81/100
|
|-weather|RainDance|[upkeep]
|-heal|p2a: Dragonite|87/100|[from] item: Leftovers
|upkeep
|turn|34
|
|move|p2a: Dragonite|Substitute|p2a: Dragonite
|-start|p2a: Dragonite|Substitute
|-damage|p2a: Dragonite|62/100
|move|p1a: Ferrothorn|Gyro Ball|p2a: Dragonite
|-end|p2a: Dragonite|Substitute
|
|-weather|RainDance|[upkeep]
|-heal|p2a: Dragonite|69/100|[from] item: Leftovers
|upkeep
|turn|35
|
|move|p2a: Dragonite|Roost|p2a: Dragonite
|-heal|p2a: Dragonite|100/100
|-singleturn|p2a: Dragonite|move: Roost
|move|p1a: Ferrothorn|Gyro Ball|p2a: Dragonite
|-damage|p2a: Dragonite|80/100
|
|-weather|RainDance|[upkeep]
|-heal|p2a: Dragonite|86/100|[from] item: Leftovers
|upkeep
|turn|36
|
|move|p2a: Dragonite|Substitute|p2a: Dragonite
|-start|p2a: Dragonite|Substitute
|-damage|p2a: Dragonite|61/100
|move|p1a: Ferrothorn|Gyro Ball|p2a: Dragonite
|-end|p2a: Dragonite|Substitute
|
|-weather|RainDance|[upkeep]
|-heal|p2a: Dragonite|67/100|[from] item: Leftovers
|upkeep
|turn|37
|
|switch|p1a: Latios|Latios, M|88/100
|-damage|p1a: Latios|76/100|[from] Stealth Rock
|move|p2a: Dragonite|Roost|p2a: Dragonite
|-heal|p2a: Dragonite|100/100
|-singleturn|p2a: Dragonite|move: Roost
|
|-weather|RainDance|[upkeep]
|upkeep
|turn|38
|
|switch|p1a: Ferrothorn|Ferrothorn, F|100/100
|-damage|p1a: Ferrothorn|94/100|[from] Stealth Rock
|move|p2a: Dragonite|Dragon Claw|p1a: Ferrothorn
|-resisted|p1a: Ferrothorn
|-damage|p1a: Ferrothorn|69/100
|-damage|p2a: Dragonite|88/100|[from] ability: Iron Barbs|[of] p1a: Ferrothorn
|
|-weather|RainDance|[upkeep]
|-heal|p2a: Dragonite|94/100|[from] item: Leftovers
|-heal|p1a: Ferrothorn|75/100|[from] item: Leftovers
|upkeep
|turn|39
|-message|Giovanna G forfeited.
|
|win|dark web uzi
|l|☆Giovanna G
|raw|Giovanna G's rating: 1463 &rarr; <strong>1439</strong><br />(-24 for losing)
|raw|dark web uzi's rating: 1400 &rarr; <strong>1424</strong><br />(+24 for winning)
