|j|☆Onlyusemebladee
|j|☆Blossummm
|t:|1715061987
|gametype|singles
|player|p1|Onlyusemebladee|erika-gen2|1361
|player|p2|Blossummm|roxie|1460
|teamsize|p1|6
|teamsize|p2|6
|gen|5
|tier|[Gen 5] OU
|rated|
|rule|Species Clause: Limit one of each Pokémon
|rule|OHKO Clause: OHKO moves are banned
|rule|Moody Clause: Moody is banned
|rule|Evasion Items Clause: Evasion items are banned
|rule|Evasion Moves Clause: Evasion moves are banned
|rule|Endless Battle Clause: Forcing endless battles is banned
|rule|HP Percentage Mod: HP is shown in percentages
|rule|Evasion Abilities Clause: Evasion abilities are banned
|rule|Sleep Moves Clause: Sleep-inducing moves are banned
|rule|Swagger Clause: Swagger is banned
|rule|Baton Pass Stat Clause: No Baton Passer may have a way to boost its stats
|clearpoke
|poke|p1|Tyranitar, F|item
|poke|p1|Breloom, M|item
|poke|p1|Latios, M|item
|poke|p1|Landorus-Therian, M|item
|poke|p1|Excadrill, F|item
|poke|p1|Rotom-Wash|item
|poke|p2|Tyranitar, F|item
|poke|p2|Alakazam, F|item
|poke|p2|Latios, M|item
|poke|p2|Ferrothorn, F|item
|poke|p2|Keldeo|item
|poke|p2|Landorus-Therian, M|item
|teampreview
|inactive|Battle timer is ON: inactive players will automatically lose when time's up. (requested by Onlyusemebladee)
|
|t:|1715062016
|start
|switch|p1a: Breloom|Breloom, M|100/100
|switch|p2a: Ferrothorn|Ferrothorn, F|100/100
|turn|1
|
|t:|1715062029
|move|p1a: Breloom|Protect|p1a: Breloom
|-singleturn|p1a: Breloom|Protect
|move|p2a: Ferrothorn|Knock Off|p1a: Breloom
|-activate|p1a: Breloom|move: Protect
|
|-status|p1a: Breloom|tox|[from] item: Toxic Orb
|upkeep
|turn|2
|
|t:|1715062037
|switch|p2a: Landorus|Landorus-Therian, M|100/100
|-ability|p2a: Landorus|Intimidate|boost
|-unboost|p1a: Breloom|atk|1
|move|p1a: Breloom|Swords Dance|p1a: Breloom
|-boost|p1a: Breloom|atk|2
|
|upkeep
|turn|3
|
|t:|1715062045
|move|p2a: Landorus|Stealth Rock|p1a: Breloom
|-sidestart|p1: Onlyusemebladee|move: Stealth Rock
|move|p1a: Breloom|Seed Bomb|p2a: Landorus
|-damage|p2a: Landorus|55/100
|
|-heal|p2a: Landorus|61/100|[from] item: Leftovers
|upkeep
|turn|4
|
|t:|1715062052
|move|p2a: Landorus|Hidden Power|p1a: Breloom
|-supereffective|p1a: Breloom
|-damage|p1a: Breloom|66/100 tox
|move|p1a: Breloom|Seed Bomb|p2a: Landorus
|-damage|p2a: Landorus|14/100
|
|-heal|p2a: Landorus|20/100|[from] item: Leftovers
|-heal|p1a: Breloom|79/100 tox|[from] ability: Poison Heal
|upkeep
|turn|5
|
|t:|1715062059
|move|p1a: Breloom|Protect|p1a: Breloom
|-singleturn|p1a: Breloom|Protect
|move|p2a: Landorus|Hidden Power|p1a: Breloom
|-activate|p1a: Breloom|move: Protect
|
|-heal|p2a: Landorus|26/100|[from] item: Leftovers
|-heal|p1a: Breloom|91/100 tox|[from] ability: Poison Heal
|upkeep
|turn|6
|
|t:|1715062063
|move|p2a: Landorus|U-turn|p1a: Breloom
|-damage|p1a: Breloom|64/100 tox
|
|t:|1715062074
|switch|p2a: Ferrothorn|Ferrothorn, F|100/100|[from] U-turn
|move|p1a: Breloom|Seed Bomb|p2a: Ferrothorn
|-resisted|p2a: Ferrothorn
|-damage|p2a: Ferrothorn|91/100
|
|-heal|p1a: Breloom|76/100 tox|[from] ability: Poison Heal
|upkeep
|turn|7
|
|t:|1715062083
|switch|p2a: Landorus|Landorus-Therian, M|26/100
|-ability|p2a: Landorus|Intimidate|boost
|-unboost|p1a: Breloom|atk|1
|move|p1a: Breloom|Drain Punch|p2a: Landorus
|-resisted|p2a: Landorus
|-damage|p2a: Landorus|11/100
|-heal|p1a: Breloom|85/100 tox|[from] drain|[of] p2a: Landorus
|
|-heal|p2a: Landorus|17/100|[from] item: Leftovers
|-heal|p1a: Breloom|97/100 tox|[from] ability: Poison Heal
|upkeep
|turn|8
|
|t:|1715062094
|move|p2a: Landorus|U-turn|p1a: Breloom
|-damage|p1a: Breloom|66/100 tox
|inactive|Blossummm has 120 seconds left.
|
|t:|1715062131
|switch|p2a: Ferrothorn|Ferrothorn, F|91/100|[from] U-turn
|move|p1a: Breloom|Seed Bomb|p2a: Ferrothorn
|-resisted|p2a: Ferrothorn
|-damage|p2a: Ferrothorn|85/100
|
|-heal|p1a: Breloom|79/100 tox|[from] ability: Poison Heal
|upkeep
|turn|9
|inactive|Blossummm has 90 seconds left.
|
|t:|1715062166
|switch|p2a: Landorus|Landorus-Therian, M|17/100
|-ability|p2a: Landorus|Intimidate|boost
|-unboost|p1a: Breloom|atk|1
|move|p1a: Breloom|Drain Punch|p2a: Landorus
|-resisted|p2a: Landorus
|-damage|p2a: Landorus|8/100
|-heal|p1a: Breloom|84/100 tox|[from] drain|[of] p2a: Landorus
|
|-heal|p2a: Landorus|14/100|[from] item: Leftovers
|-heal|p1a: Breloom|96/100 tox|[from] ability: Poison Heal
|upkeep
|turn|10
|inactive|Blossummm has 90 seconds left.
|
|t:|1715062180
|move|p2a: Landorus|U-turn|p1a: Breloom
|-damage|p1a: Breloom|68/100 tox
|
|t:|1715062185
|switch|p2a: Latios|Latios, M|100/100|[from] U-turn
|move|p1a: Breloom|Swords Dance|p1a: Breloom
|-boost|p1a: Breloom|atk|2
|
|-heal|p1a: Breloom|81/100 tox|[from] ability: Poison Heal
|upkeep
|turn|11
|
|t:|1715062192
|move|p1a: Breloom|Protect|p1a: Breloom
|-singleturn|p1a: Breloom|Protect
|move|p2a: Latios|Draco Meteor|p1a: Breloom
|-activate|p1a: Breloom|move: Protect
|
|-heal|p1a: Breloom|93/100 tox|[from] ability: Poison Heal
|upkeep
|turn|12
|
|t:|1715062205
|switch|p2a: Landorus|Landorus-Therian, M|14/100
|-ability|p2a: Landorus|Intimidate|boost
|-unboost|p1a: Breloom|atk|1
|switch|p1a: Excadrill|Excadrill, F|100/100
|-damage|p1a: Excadrill|97/100|[from] Stealth Rock
|
|-heal|p2a: Landorus|20/100|[from] item: Leftovers
|-heal|p1a: Excadrill|100/100|[from] item: Leftovers
|upkeep
|turn|13
|
|t:|1715062215
|switch|p1a: Rotom|Rotom-Wash|100/100
|-damage|p1a: Rotom|88/100|[from] Stealth Rock
|move|p2a: Landorus|Earthquake|p1a: Rotom
|-immune|p1a: Rotom|[from] ability: Levitate
|
|-heal|p2a: Landorus|26/100|[from] item: Leftovers
|-heal|p1a: Rotom|94/100|[from] item: Leftovers
|upkeep
|turn|14
|
|t:|1715062222
|move|p2a: Landorus|U-turn|p1a: Rotom
|-damage|p1a: Rotom|71/100
|
|t:|1715062226
|switch|p2a: Ferrothorn|Ferrothorn, F|85/100|[from] U-turn
|move|p1a: Rotom|Hydro Pump|p2a: Ferrothorn
|-resisted|p2a: Ferrothorn
|-damage|p2a: Ferrothorn|70/100
|
|-heal|p1a: Rotom|77/100|[from] item: Leftovers
|upkeep
|turn|15
|
|t:|1715062233
|move|p1a: Rotom|Volt Switch|p2a: Ferrothorn
|-resisted|p2a: Ferrothorn
|-damage|p2a: Ferrothorn|61/100
|
|t:|1715062236
|switch|p1a: Breloom|Breloom, M|93/100 tox|[from] Volt Switch
|-damage|p1a: Breloom|87/100 tox|[from] Stealth Rock
|move|p2a: Ferrothorn|Power Whip|p1a: Breloom
|-resisted|p1a: Breloom
|-damage|p1a: Breloom|60/100 tox
|
|-heal|p1a: Breloom|73/100 tox|[from] ability: Poison Heal
|upkeep
|turn|16
|inactive|Blossummm has 120 seconds left.
|
|t:|1715062261
|switch|p2a: Landorus|Landorus-Therian, M|26/100
|-ability|p2a: Landorus|Intimidate|boost
|-unboost|p1a: Breloom|atk|1
|move|p1a: Breloom|Drain Punch|p2a: Landorus
|-resisted|p2a: Landorus
|-damage|p2a: Landorus|17/100
|-heal|p1a: Breloom|78/100 tox|[from] drain|[of] p2a: Landorus
|
|-heal|p2a: Landorus|23/100|[from] item: Leftovers
|-heal|p1a: Breloom|90/100 tox|[from] ability: Poison Heal
|upkeep
|turn|17
|
|t:|1715062270
|move|p2a: Landorus|U-turn|p1a: Breloom
|-damage|p1a: Breloom|64/100 tox
|inactive|Blossummm has 120 seconds left.
|
|t:|1715062282
|switch|p2a: Latios|Latios, M|100/100|[from] U-turn
|move|p1a: Breloom|Drain Punch|p2a: Latios
|-resisted|p2a: Latios
|-damage|p2a: Latios|85/100
|-heal|p1a: Breloom|71/100 tox|[from] drain|[of] p2a: Latios
|
|-heal|p1a: Breloom|83/100 tox|[from] ability: Poison Heal
|upkeep
|turn|18
|
|t:|1715062291
|move|p1a: Breloom|Protect|p1a: Breloom
|-singleturn|p1a: Breloom|Protect
|move|p2a: Latios|Draco Meteor|p1a: Breloom
|-activate|p1a: Breloom|move: Protect
|
|-heal|p1a: Breloom|96/100 tox|[from] ability: Poison Heal
|upkeep
|turn|19
|
|t:|1715062297
|switch|p1a: Excadrill|Excadrill, F|100/100
|-damage|p1a: Excadrill|97/100|[from] Stealth Rock
|move|p2a: Latios|Draco Meteor|p1a: Excadrill|[miss]
|-miss|p2a: Latios|p1a: Excadrill
|
|-heal|p1a: Excadrill|100/100|[from] item: Leftovers
|upkeep
|turn|20
|
|t:|1715062312
|switch|p2a: Keldeo|Keldeo|100/100
|move|p1a: Excadrill|Rapid Spin|p2a: Keldeo
|-damage|p2a: Keldeo|93/100
|-sideend|p1: Onlyusemebladee|Stealth Rock|[from] move: Rapid Spin|[of] p1a: Excadrill
|
|-heal|p2a: Keldeo|99/100|[from] item: Leftovers
|upkeep
|turn|21
|
|t:|1715062318
|switch|p1a: Latios|Latios, M|100/100
|move|p2a: Keldeo|Taunt|p1a: Latios
|-start|p1a: Latios|move: Taunt
|
|-heal|p2a: Keldeo|100/100|[from] item: Leftovers
|upkeep
|turn|22
|
|t:|1715062337
|switch|p1a: Landorus|Landorus-Therian, M|100/100
|-ability|p1a: Landorus|Intimidate|boost
|-unboost|p2a: Keldeo|atk|1
|switch|p2a: Tyranitar|Tyranitar, F, shiny|100/100
|-weather|Sandstorm|[from] ability: Sand Stream|[of] p2a: Tyranitar
|
|-weather|Sandstorm|[upkeep]
|upkeep
|turn|23
|
|t:|1715062350
|switch|p2a: Landorus|Landorus-Therian, M|23/100
|-ability|p2a: Landorus|Intimidate|boost
|-unboost|p1a: Landorus|atk|1
|move|p1a: Landorus|Stealth Rock|p2a: Landorus
|-sidestart|p2: Blossummm|move: Stealth Rock
|
|-weather|Sandstorm|[upkeep]
|-heal|p2a: Landorus|29/100|[from] item: Leftovers
|upkeep
|turn|24
|
|t:|1715062363
|switch|p1a: Rotom|Rotom-Wash|77/100
|move|p2a: Landorus|Hidden Power|p1a: Rotom
|-resisted|p1a: Rotom
|-damage|p1a: Rotom|71/100
|
|-weather|Sandstorm|[upkeep]
|-damage|p1a: Rotom|65/100|[from] Sandstorm
|-heal|p2a: Landorus|35/100|[from] item: Leftovers
|-heal|p1a: Rotom|71/100|[from] item: Leftovers
|upkeep
|turn|25
|
|t:|1715062370
|move|p2a: Landorus|U-turn|p1a: Rotom
|-damage|p1a: Rotom|49/100
|
|t:|1715062377
|switch|p2a: Ferrothorn|Ferrothorn, F|61/100|[from] U-turn
|-damage|p2a: Ferrothorn|55/100|[from] Stealth Rock
|move|p1a: Rotom|Hydro Pump|p2a: Ferrothorn
|-resisted|p2a: Ferrothorn
|-damage|p2a: Ferrothorn|41/100
|
|-weather|Sandstorm|[upkeep]
|-damage|p1a: Rotom|43/100|[from] Sandstorm
|-heal|p1a: Rotom|49/100|[from] item: Leftovers
|upkeep
|turn|26
|
|t:|1715062384
|move|p1a: Rotom|Volt Switch|p2a: Ferrothorn
|-resisted|p2a: Ferrothorn
|-damage|p2a: Ferrothorn|32/100
|
|t:|1715062386
|switch|p1a: Breloom|Breloom, M|96/100 tox|[from] Volt Switch
|move|p2a: Ferrothorn|Spikes|p1a: Breloom
|-sidestart|p1: Onlyusemebladee|Spikes
|
|-weather|Sandstorm|[upkeep]
|-damage|p1a: Breloom|90/100 tox|[from] Sandstorm
|-heal|p1a: Breloom|100/100 tox|[from] ability: Poison Heal
|upkeep
|turn|27
|
|t:|1715062399
|switch|p2a: Landorus|Landorus-Therian, M|35/100
|-damage|p2a: Landorus|23/100|[from] Stealth Rock
|-ability|p2a: Landorus|Intimidate|boost
|-unboost|p1a: Breloom|atk|1
|move|p1a: Breloom|Swords Dance|p1a: Breloom
|-boost|p1a: Breloom|atk|2
|
|-weather|Sandstorm|[upkeep]
|-damage|p1a: Breloom|94/100 tox|[from] Sandstorm
|-heal|p2a: Landorus|29/100|[from] item: Leftovers
|-heal|p1a: Breloom|100/100 tox|[from] ability: Poison Heal
|upkeep
|turn|28
|
|t:|1715062405
|move|p2a: Landorus|U-turn|p1a: Breloom
|-damage|p1a: Breloom|71/100 tox
|
|t:|1715062417
|switch|p2a: Latios|Latios, M|85/100|[from] U-turn
|-damage|p2a: Latios|73/100|[from] Stealth Rock
|move|p1a: Breloom|Seed Bomb|p2a: Latios
|-resisted|p2a: Latios
|-damage|p2a: Latios|37/100
|
|-weather|Sandstorm|[upkeep]
|-damage|p2a: Latios|31/100|[from] Sandstorm
|-damage|p1a: Breloom|65/100 tox|[from] Sandstorm
|-heal|p1a: Breloom|77/100 tox|[from] ability: Poison Heal
|upkeep
|turn|29
|
|t:|1715062422
|switch|p2a: Alakazam|Alakazam, F|100/100
|move|p1a: Breloom|Protect||[still]
|-fail|p1a: Breloom
|
|-weather|Sandstorm|[upkeep]
|-damage|p1a: Breloom|71/100 tox|[from] Sandstorm
|-heal|p1a: Breloom|84/100 tox|[from] ability: Poison Heal
|upkeep
|turn|30
|
|t:|1715062428
|move|p1a: Breloom|Protect|p1a: Breloom
|-singleturn|p1a: Breloom|Protect
|move|p2a: Alakazam|Psychic|p1a: Breloom
|-activate|p1a: Breloom|move: Protect
|
|-weather|Sandstorm|[upkeep]
|-damage|p1a: Breloom|77/100 tox|[from] Sandstorm
|-heal|p1a: Breloom|90/100 tox|[from] ability: Poison Heal
|upkeep
|turn|31
|
|t:|1715062443
|switch|p1a: Rotom|Rotom-Wash|49/100
|move|p2a: Alakazam|Hidden Power|p1a: Rotom
|-resisted|p1a: Rotom
|-damage|p1a: Rotom|37/100
|
|-weather|Sandstorm|[upkeep]
|-damage|p1a: Rotom|31/100|[from] Sandstorm
|-heal|p1a: Rotom|37/100|[from] item: Leftovers
|upkeep
|turn|32
|
|t:|1715062447
|move|p2a: Alakazam|Psychic|p1a: Rotom
|-damage|p1a: Rotom|0 fnt
|faint|p1a: Rotom
|
|-weather|Sandstorm|[upkeep]
|upkeep
|
|t:|1715062454
|switch|p1a: Excadrill|Excadrill, F|100/100
|-damage|p1a: Excadrill|88/100|[from] Spikes
|turn|33
|
|t:|1715062459
|move|p2a: Alakazam|Hidden Power|p1a: Excadrill
|-supereffective|p1a: Excadrill
|-damage|p1a: Excadrill|7/100
|move|p1a: Excadrill|Rapid Spin|p2a: Alakazam
|-damage|p2a: Alakazam|84/100
|-sideend|p1: Onlyusemebladee|Spikes|[from] move: Rapid Spin|[of] p1a: Excadrill
|
|-weather|Sandstorm|[upkeep]
|-heal|p1a: Excadrill|14/100|[from] item: Leftovers
|upkeep
|turn|34
|
|t:|1715062464
|move|p1a: Excadrill|Protect|p1a: Excadrill
|-singleturn|p1a: Excadrill|Protect
|move|p2a: Alakazam|Hidden Power|p1a: Excadrill
|-activate|p1a: Excadrill|move: Protect
|
|-weather|Sandstorm|[upkeep]
|-heal|p1a: Excadrill|20/100|[from] item: Leftovers
|upkeep
|turn|35
|
|t:|1715062477
|move|p2a: Alakazam|Grass Knot|p1a: Excadrill
|-damage|p1a: Excadrill|0 fnt
|faint|p1a: Excadrill
|
|-weather|Sandstorm|[upkeep]
|upkeep
|
|t:|1715062479
|switch|p1a: Tyranitar|Tyranitar, F|100/100
|turn|36
|
|t:|1715062484
|move|p2a: Alakazam|Grass Knot|p1a: Tyranitar
|-supereffective|p1a: Tyranitar
|-damage|p1a: Tyranitar|52/100
|move|p1a: Tyranitar|Pursuit|p2a: Alakazam
|-supereffective|p2a: Alakazam
|-damage|p2a: Alakazam|0 fnt
|faint|p2a: Alakazam
|
|-weather|Sandstorm|[upkeep]
|upkeep
|
|t:|1715062497
|switch|p2a: Keldeo|Keldeo|100/100
|-damage|p2a: Keldeo|94/100|[from] Stealth Rock
|turn|37
|
|t:|1715062505
|switch|p1a: Latios|Latios, M|100/100
|move|p2a: Keldeo|Secret Sword|p1a: Latios
|-resisted|p1a: Latios
|-damage|p1a: Latios|72/100
|
|-weather|Sandstorm|[upkeep]
|-damage|p1a: Latios|66/100|[from] Sandstorm
|-damage|p2a: Keldeo|88/100|[from] Sandstorm
|-heal|p2a: Keldeo|94/100|[from] item: Leftovers
|upkeep
|turn|38
|
|t:|1715062513
|switch|p2a: Tyranitar|Tyranitar, F, shiny|100/100
|-damage|p2a: Tyranitar|88/100|[from] Stealth Rock
|move|p1a: Latios|Draco Meteor|p2a: Tyranitar
|-damage|p2a: Tyranitar|56/100
|-unboost|p1a: Latios|spa|2
|
|-weather|Sandstorm|[upkeep]
|-damage|p1a: Latios|60/100|[from] Sandstorm
|upkeep
|turn|39
|
|t:|1715062520
|move|p1a: Latios|Draco Meteor|p2a: Tyranitar
|-damage|p2a: Tyranitar|41/100
|-unboost|p1a: Latios|spa|2
|move|p2a: Tyranitar|Pursuit|p1a: Latios
|-supereffective|p1a: Latios
|-damage|p1a: Latios|4/100
|
|-weather|Sandstorm|[upkeep]
|-damage|p1a: Latios|0 fnt|[from] Sandstorm
|faint|p1a: Latios
|upkeep
|
|t:|1715062534
|switch|p1a: Landorus|Landorus-Therian, M|100/100
|-ability|p1a: Landorus|Intimidate|boost
|-unboost|p2a: Tyranitar|atk|1
|turn|40
|
|t:|1715062543
|switch|p2a: Landorus|Landorus-Therian, M|29/100
|-damage|p2a: Landorus|16/100|[from] Stealth Rock
|-ability|p2a: Landorus|Intimidate|boost
|-unboost|p1a: Landorus|atk|1
|move|p1a: Landorus|U-turn|p2a: Landorus
|-resisted|p2a: Landorus
|-damage|p2a: Landorus|10/100
|
|t:|1715062547
|switch|p1a: Breloom|Breloom, M|90/100 tox|[from] U-turn
|
|-weather|Sandstorm|[upkeep]
|-damage|p1a: Breloom|84/100 tox|[from] Sandstorm
|-heal|p2a: Landorus|16/100|[from] item: Leftovers
|-heal|p1a: Breloom|96/100 tox|[from] ability: Poison Heal
|upkeep
|turn|41
|
|t:|1715062561
|move|p2a: Landorus|U-turn|p1a: Breloom
|-damage|p1a: Breloom|69/100 tox
|
|t:|1715062570
|switch|p2a: Latios|Latios, M|31/100|[from] U-turn
|-damage|p2a: Latios|19/100|[from] Stealth Rock
|move|p1a: Breloom|Seed Bomb|p2a: Latios
|-resisted|p2a: Latios
|-damage|p2a: Latios|0 fnt
|faint|p2a: Latios
|
|-weather|Sandstorm|[upkeep]
|-damage|p1a: Breloom|62/100 tox|[from] Sandstorm
|-heal|p1a: Breloom|75/100 tox|[from] ability: Poison Heal
|upkeep
|inactive|Blossummm has 120 seconds left.
|
|t:|1715062598
|switch|p2a: Keldeo|Keldeo|94/100
|-damage|p2a: Keldeo|88/100|[from] Stealth Rock
|turn|42
|
|t:|1715062615
|move|p1a: Breloom|Protect|p1a: Breloom
|-singleturn|p1a: Breloom|Protect
|move|p2a: Keldeo|Secret Sword|p1a: Breloom
|-activate|p1a: Breloom|move: Protect
|
|-weather|Sandstorm|[upkeep]
|-damage|p2a: Keldeo|82/100|[from] Sandstorm
|-damage|p1a: Breloom|69/100 tox|[from] Sandstorm
|-heal|p2a: Keldeo|88/100|[from] item: Leftovers
|-heal|p1a: Breloom|81/100 tox|[from] ability: Poison Heal
|upkeep
|turn|43
|inactive|Onlyusemebladee has 120 seconds left.
|inactive|Onlyusemebladee has 90 seconds left.
|
|t:|1715062671
|move|p2a: Keldeo|Secret Sword|p1a: Breloom
|-damage|p1a: Breloom|23/100 tox
|move|p1a: Breloom|Seed Bomb|p2a: Keldeo
|-supereffective|p2a: Keldeo
|-damage|p2a: Keldeo|2/100
|
|-weather|Sandstorm|[upkeep]
|-damage|p2a: Keldeo|0 fnt|[from] Sandstorm
|-damage|p1a: Breloom|16/100 tox|[from] Sandstorm
|faint|p2a: Keldeo
|-heal|p1a: Breloom|29/100 tox|[from] ability: Poison Heal
|upkeep
|
|t:|1715062682
|switch|p2a: Landorus|Landorus-Therian, M|16/100
|-damage|p2a: Landorus|3/100|[from] Stealth Rock
|-ability|p2a: Landorus|Intimidate|boost
|-unboost|p1a: Breloom|atk|1
|turn|44
|
|t:|1715062689
|move|p1a: Breloom|Protect|p1a: Breloom
|-singleturn|p1a: Breloom|Protect
|move|p2a: Landorus|Hidden Power|p1a: Breloom
|-activate|p1a: Breloom|move: Protect
|
|-weather|Sandstorm|[upkeep]
|-damage|p1a: Breloom|23/100 tox|[from] Sandstorm
|-heal|p2a: Landorus|9/100|[from] item: Leftovers
|-heal|p1a: Breloom|35/100 tox|[from] ability: Poison Heal
|upkeep
|turn|45
|
|t:|1715062693
|move|p2a: Landorus|Hidden Power|p1a: Breloom
|-supereffective|p1a: Breloom
|-damage|p1a: Breloom|0 fnt
|faint|p1a: Breloom
|
|-weather|Sandstorm|[upkeep]
|-heal|p2a: Landorus|15/100|[from] item: Leftovers
|upkeep
|
|t:|1715062696
|switch|p1a: Landorus|Landorus-Therian, M|100/100
|-ability|p1a: Landorus|Intimidate|boost
|-unboost|p2a: Landorus|atk|1
|turn|46
|
|t:|1715062700
|move|p2a: Landorus|Hidden Power|p1a: Landorus
|-supereffective|p1a: Landorus
|-damage|p1a: Landorus|19/100
|move|p1a: Landorus|Hidden Power|p2a: Landorus
|-supereffective|p2a: Landorus
|-damage|p2a: Landorus|0 fnt
|faint|p2a: Landorus
|
|-weather|Sandstorm|[upkeep]
|-heal|p1a: Landorus|25/100|[from] item: Leftovers
|upkeep
|
|t:|1715062709
|switch|p2a: Ferrothorn|Ferrothorn, F|32/100
|-damage|p2a: Ferrothorn|26/100|[from] Stealth Rock
|turn|47
|
|t:|1715062712
|move|p1a: Landorus|Earthquake|p2a: Ferrothorn
|-damage|p2a: Ferrothorn|0 fnt
|faint|p2a: Ferrothorn
|
|-weather|Sandstorm|[upkeep]
|-heal|p1a: Landorus|31/100|[from] item: Leftovers
|upkeep
|
|t:|1715062715
|switch|p2a: Tyranitar|Tyranitar, F, shiny|41/100
|-damage|p2a: Tyranitar|28/100|[from] Stealth Rock
|turn|48
|
|t:|1715062718
|move|p1a: Landorus|Earthquake|p2a: Tyranitar
|-supereffective|p2a: Tyranitar
|-damage|p2a: Tyranitar|0 fnt
|faint|p2a: Tyranitar
|
|win|Onlyusemebladee
|raw|Onlyusemebladee's rating: 1361 &rarr; <strong>1387</strong><br />(+26 for winning)
|raw|Blossummm's rating: 1460 &rarr; <strong>1434</strong><br />(-26 for losing)
|l|☆Onlyusemebladee
|player|p1|
