|j|☆BWVC BookofConke
|j|☆seanb143
|t:|1709259878
|gametype|singles
|player|p1|BWVC BookofConke|silver|1391
|player|p2|seanb143|emmet|1451
|teamsize|p1|6
|teamsize|p2|6
|gen|5
|tier|[Gen 5] OU
|rated|
|rule|Species Clause: Limit one of each Pokémon
|rule|OHKO Clause: OHKO moves are banned
|rule|Moody Clause: Moody is banned
|rule|Evasion Items Clause: Evasion items are banned
|rule|Evasion Moves Clause: Evasion moves are banned
|rule|Endless Battle Clause: Forcing endless battles is banned
|rule|HP Percentage Mod: HP is shown in percentages
|rule|Evasion Abilities Clause: Evasion abilities are banned
|rule|Sleep Moves Clause: Sleep-inducing moves are banned
|rule|Swagger Clause: Swagger is banned
|rule|Baton Pass Stat Clause: No Baton Passer may have a way to boost its stats
|clearpoke
|poke|p1|Politoed, F|item
|poke|p1|Ferrothorn, F|item
|poke|p1|Tentacruel, M|item
|poke|p1|Jirachi|item
|poke|p1|Latios, M|item
|poke|p1|Thundurus-Therian, M|item
|poke|p2|Ninetales, M|item
|poke|p2|Conkeldurr, M|item
|poke|p2|Starmie|item
|poke|p2|Gliscor, F|item
|poke|p2|Heatran, F|item
|poke|p2|Honchkrow, F|item
|teampreview
|inactive|Battle timer is ON: inactive players will automatically lose when time's up. (requested by seanb143)
|inactive|BWVC BookofConke has 120 seconds left.
|inactive|seanb143 has 120 seconds left.
|inactive|seanb143 has 90 seconds left.
|inactive|seanb143 has 60 seconds left.
|
|t:|1709259987
|start
|switch|p1a: Thundurus|Thundurus-Therian, M|100/100
|switch|p2a: Gliscor|Gliscor, F, shiny|100/100
|turn|1
|
|t:|1709259999
|switch|p2a: Ninetales|Ninetales, M, shiny|100/100
|-weather|SunnyDay|[from] ability: Drought|[of] p2a: Ninetales
|move|p1a: Thundurus|Taunt|p2a: Ninetales
|-start|p2a: Ninetales|move: Taunt
|
|-weather|SunnyDay|[upkeep]
|upkeep
|turn|2
|
|t:|1709260009
|switch|p1a: Politoed|Politoed, F|100/100
|-weather|RainDance|[from] ability: Drizzle|[of] p1a: Politoed
|switch|p2a: Gliscor|Gliscor, F, shiny|100/100
|
|-weather|RainDance|[upkeep]
|-status|p2a: Gliscor|tox|[from] item: Toxic Orb
|upkeep
|turn|3
|
|t:|1709260036
|move|p1a: Politoed|Scald|p2a: Gliscor
|-supereffective|p2a: Gliscor
|-damage|p2a: Gliscor|13/100 tox
|move|p2a: Gliscor|U-turn|p1a: Politoed
|-damage|p1a: Politoed|83/100
|inactive|seanb143 has 120 seconds left.
|
|t:|1709260042
|switch|p2a: Ninetales|Ninetales, M, shiny|100/100|[from] U-turn
|-weather|SunnyDay|[from] ability: Drought|[of] p2a: Ninetales
|
|-weather|SunnyDay|[upkeep]
|upkeep
|turn|4
|
|t:|1709260052
|switch|p1a: Tentacruel|Tentacruel, M|100/100
|move|p2a: Ninetales|Will-O-Wisp|p1a: Tentacruel|[miss]
|-miss|p2a: Ninetales|p1a: Tentacruel
|
|-weather|SunnyDay|[upkeep]
|upkeep
|turn|5
|
|t:|1709260060
|switch|p1a: Politoed|Politoed, F|83/100
|-weather|RainDance|[from] ability: Drizzle|[of] p1a: Politoed
|move|p2a: Ninetales|Will-O-Wisp|p1a: Politoed|[miss]
|-miss|p2a: Ninetales|p1a: Politoed
|
|-weather|RainDance|[upkeep]
|upkeep
|turn|6
|
|t:|1709260072
|move|p1a: Politoed|Toxic|p2a: Ninetales
|-status|p2a: Ninetales|tox
|move|p2a: Ninetales|Sunny Day|p2a: Ninetales
|-weather|SunnyDay
|
|-weather|SunnyDay|[upkeep]
|-damage|p2a: Ninetales|94/100 tox|[from] psn
|upkeep
|turn|7
|
|t:|1709260088
|switch|p1a: Tentacruel|Tentacruel, M|100/100
|move|p2a: Ninetales|Will-O-Wisp|p1a: Tentacruel
|-status|p1a: Tentacruel|brn
|
|-weather|SunnyDay|[upkeep]
|-heal|p2a: Ninetales|100/100 tox|[from] item: Leftovers
|-damage|p2a: Ninetales|88/100 tox|[from] psn
|-damage|p1a: Tentacruel|88/100 brn|[from] brn
|upkeep
|turn|8
|j| Neko no Ensekan
|
|t:|1709260103
|switch|p1a: Politoed|Politoed, F|83/100
|-weather|RainDance|[from] ability: Drizzle|[of] p1a: Politoed
|move|p2a: Ninetales|Will-O-Wisp|p1a: Politoed
|-status|p1a: Politoed|brn
|
|-weather|RainDance|[upkeep]
|-heal|p2a: Ninetales|94/100 tox|[from] item: Leftovers
|-damage|p2a: Ninetales|76/100 tox|[from] psn
|-damage|p1a: Politoed|70/100 brn|[from] brn
|upkeep
|turn|9
|
|t:|1709260121
|switch|p2a: Conkeldurr|Conkeldurr, M, shiny|100/100
|move|p1a: Politoed|Scald|p2a: Conkeldurr
|-damage|p2a: Conkeldurr|58/100
|-status|p2a: Conkeldurr|brn
|
|-weather|RainDance|[upkeep]
|-heal|p2a: Conkeldurr|65/100 brn|[from] item: Leftovers
|-damage|p1a: Politoed|58/100 brn|[from] brn
|-damage|p2a: Conkeldurr|52/100 brn|[from] brn
|upkeep
|turn|10
|
|t:|1709260141
|switch|p1a: Latios|Latios, M|100/100
|move|p2a: Conkeldurr|Drain Punch|p1a: Latios
|-resisted|p1a: Latios
|-damage|p1a: Latios|57/100
|-heal|p2a: Conkeldurr|68/100 brn|[from] drain|[of] p1a: Latios
|
|-weather|RainDance|[upkeep]
|-heal|p2a: Conkeldurr|74/100 brn|[from] item: Leftovers
|-damage|p2a: Conkeldurr|62/100 brn|[from] brn
|upkeep
|turn|11
|
|t:|1709260154
|move|p2a: Conkeldurr|Mach Punch|p1a: Latios
|-resisted|p1a: Latios
|-damage|p1a: Latios|34/100
|move|p1a: Latios|Surf|p2a: Conkeldurr
|-damage|p2a: Conkeldurr|0 fnt
|faint|p2a: Conkeldurr
|
|-weather|RainDance|[upkeep]
|upkeep
|
|t:|1709260162
|switch|p2a: Ninetales|Ninetales, M, shiny|76/100 tox
|-weather|SunnyDay|[from] ability: Drought|[of] p2a: Ninetales
|turn|12
|
|t:|1709260182
|switch|p1a: Politoed|Politoed, F|58/100 brn
|-weather|RainDance|[from] ability: Drizzle|[of] p1a: Politoed
|switch|p2a: Starmie|Starmie, shiny|100/100
|
|-weather|RainDance|[upkeep]
|-damage|p1a: Politoed|45/100 brn|[from] brn
|upkeep
|turn|13
|
|t:|1709260193
|switch|p1a: Ferrothorn|Ferrothorn, F|100/100
|switch|p2a: Ninetales|Ninetales, M, shiny|76/100 tox
|-weather|SunnyDay|[from] ability: Drought|[of] p2a: Ninetales
|
|-weather|SunnyDay|[upkeep]
|-heal|p2a: Ninetales|82/100 tox|[from] item: Leftovers
|-damage|p2a: Ninetales|76/100 tox|[from] psn
|upkeep
|turn|14
|inactive|BWVC BookofConke has 120 seconds left.
|
|t:|1709260219
|switch|p2a: Honchkrow|Honchkrow, F, shiny|100/100
|switch|p1a: Jirachi|Jirachi|100/100
|
|-weather|SunnyDay|[upkeep]
|upkeep
|turn|15
|
|t:|1709260228
|switch|p1a: Ferrothorn|Ferrothorn, F|100/100
|move|p2a: Honchkrow|Thunder Wave|p1a: Ferrothorn
|-status|p1a: Ferrothorn|par
|
|-weather|SunnyDay|[upkeep]
|upkeep
|turn|16
|inactive|BWVC BookofConke has 120 seconds left.
|
|t:|1709260240
|switch|p2a: Gliscor|Gliscor, F, shiny|13/100 tox
|move|p1a: Ferrothorn|Stealth Rock|p2a: Gliscor
|-sidestart|p2: seanb143|move: Stealth Rock
|
|-weather|SunnyDay|[upkeep]
|-heal|p2a: Gliscor|25/100 tox|[from] ability: Poison Heal
|upkeep
|turn|17
|inactive|BWVC BookofConke has 120 seconds left.
|
|t:|1709260258
|move|p2a: Gliscor|Stealth Rock|p1a: Ferrothorn
|-sidestart|p1: BWVC BookofConke|move: Stealth Rock
|move|p1a: Ferrothorn|Power Whip|p2a: Gliscor|[miss]
|-miss|p1a: Ferrothorn|p2a: Gliscor
|
|-weather|SunnyDay|[upkeep]
|-heal|p2a: Gliscor|38/100 tox|[from] ability: Poison Heal
|upkeep
|turn|18
|
|t:|1709260269
|move|p2a: Gliscor|Knock Off|p1a: Ferrothorn
|-resisted|p1a: Ferrothorn
|-damage|p1a: Ferrothorn|99/100 par
|-damage|p2a: Gliscor|25/100 tox|[from] ability: Iron Barbs|[of] p1a: Ferrothorn
|-enditem|p1a: Ferrothorn|Leftovers|[from] move: Knock Off|[of] p2a: Gliscor
|move|p1a: Ferrothorn|Knock Off|p2a: Gliscor
|-damage|p2a: Gliscor|23/100 tox
|-enditem|p2a: Gliscor|Toxic Orb|[from] move: Knock Off|[of] p1a: Ferrothorn
|
|-weather|SunnyDay|[upkeep]
|-heal|p2a: Gliscor|35/100 tox|[from] ability: Poison Heal
|upkeep
|turn|19
|
|t:|1709260282
|switch|p1a: Tentacruel|Tentacruel, M|88/100 brn
|-damage|p1a: Tentacruel|76/100 brn|[from] Stealth Rock
|move|p2a: Gliscor|Earthquake|p1a: Tentacruel
|-supereffective|p1a: Tentacruel
|-damage|p1a: Tentacruel|0 fnt
|faint|p1a: Tentacruel
|
|-weather|SunnyDay|[upkeep]
|-heal|p2a: Gliscor|48/100 tox|[from] ability: Poison Heal
|upkeep
|
|t:|1709260302
|switch|p1a: Politoed|Politoed, F|45/100 brn
|-damage|p1a: Politoed|33/100 brn|[from] Stealth Rock
|-weather|RainDance|[from] ability: Drizzle|[of] p1a: Politoed
|turn|20
|inactive|BWVC BookofConke has 90 seconds left.
|
|t:|1709260317
|move|p1a: Politoed|Scald|p2a: Gliscor
|-supereffective|p2a: Gliscor
|-damage|p2a: Gliscor|0 fnt
|faint|p2a: Gliscor
|
|-weather|RainDance|[upkeep]
|-damage|p1a: Politoed|20/100 brn|[from] brn
|upkeep
|
|t:|1709260323
|switch|p2a: Starmie|Starmie, shiny|100/100
|-damage|p2a: Starmie|88/100|[from] Stealth Rock
|turn|21
|inactive|BWVC BookofConke has 90 seconds left.
|
|t:|1709260356
|switch|p1a: Jirachi|Jirachi|100/100
|-damage|p1a: Jirachi|94/100|[from] Stealth Rock
|move|p2a: Starmie|Rapid Spin|p1a: Jirachi
|-resisted|p1a: Jirachi
|-damage|p1a: Jirachi|93/100
|-sideend|p2: seanb143|Stealth Rock|[from] move: Rapid Spin|[of] p2a: Starmie
|
|-weather|RainDance|[upkeep]
|-heal|p1a: Jirachi|99/100|[from] item: Leftovers
|upkeep
|turn|22
|
|t:|1709260372
|switch|p2a: Ninetales|Ninetales, M, shiny|76/100 tox
|-weather|SunnyDay|[from] ability: Drought|[of] p2a: Ninetales
|move|p1a: Jirachi|Substitute|p1a: Jirachi
|-start|p1a: Jirachi|Substitute
|-damage|p1a: Jirachi|74/100
|
|-weather|SunnyDay|[upkeep]
|-heal|p1a: Jirachi|80/100|[from] item: Leftovers
|-heal|p2a: Ninetales|82/100 tox|[from] item: Leftovers
|-damage|p2a: Ninetales|76/100 tox|[from] psn
|upkeep
|turn|23
|
|t:|1709260385
|switch|p2a: Heatran|Heatran, F, shiny|100/100
|-item|p2a: Heatran|Air Balloon
|move|p1a: Jirachi|Water Pulse|p2a: Heatran
|-supereffective|p2a: Heatran
|-damage|p2a: Heatran|86/100
|-start|p2a: Heatran|confusion
|-enditem|p2a: Heatran|Air Balloon
|
|-weather|SunnyDay|[upkeep]
|-heal|p1a: Jirachi|86/100|[from] item: Leftovers
|upkeep
|turn|24
|
|t:|1709260396
|move|p1a: Jirachi|Thunder|p2a: Heatran|[miss]
|-miss|p1a: Jirachi|p2a: Heatran
|-activate|p2a: Heatran|confusion
|move|p2a: Heatran|Flame Charge|p1a: Jirachi
|-supereffective|p1a: Jirachi
|-end|p1a: Jirachi|Substitute
|-boost|p2a: Heatran|spe|1
|
|-weather|SunnyDay|[upkeep]
|-heal|p1a: Jirachi|93/100|[from] item: Leftovers
|upkeep
|turn|25
|
|t:|1709260408
|-activate|p2a: Heatran|confusion
|-damage|p2a: Heatran|76/100|[from] confusion
|move|p1a: Jirachi|Thunder|p2a: Heatran
|-damage|p2a: Heatran|45/100
|-status|p2a: Heatran|par
|
|-weather|SunnyDay|[upkeep]
|-heal|p1a: Jirachi|99/100|[from] item: Leftovers
|upkeep
|turn|26
|
|t:|1709260423
|move|p1a: Jirachi|Substitute|p1a: Jirachi
|-start|p1a: Jirachi|Substitute
|-damage|p1a: Jirachi|74/100
|-activate|p2a: Heatran|confusion
|-damage|p2a: Heatran|35/100 par|[from] confusion
|
|-weather|SunnyDay|[upkeep]
|-heal|p1a: Jirachi|80/100|[from] item: Leftovers
|upkeep
|turn|27
|
|t:|1709260440
|move|p1a: Jirachi|Thunder|p2a: Heatran
|-damage|p2a: Heatran|4/100 par
|-end|p2a: Heatran|confusion
|move|p2a: Heatran|Earth Power|p1a: Jirachi
|-supereffective|p1a: Jirachi
|-end|p1a: Jirachi|Substitute
|
|-weather|SunnyDay|[upkeep]
|-heal|p1a: Jirachi|86/100|[from] item: Leftovers
|upkeep
|turn|28
|inactive|BWVC BookofConke has 60 seconds left.
|
|t:|1709260456
|move|p1a: Jirachi|Water Pulse|p2a: Heatran
|-supereffective|p2a: Heatran
|-damage|p2a: Heatran|0 fnt
|faint|p2a: Heatran
|
|-weather|SunnyDay|[upkeep]
|-heal|p1a: Jirachi|92/100|[from] item: Leftovers
|upkeep
|
|t:|1709260461
|switch|p2a: Ninetales|Ninetales, M, shiny|76/100 tox
|turn|29
|
|t:|1709260473
|switch|p1a: Politoed|Politoed, F|20/100 brn
|-damage|p1a: Politoed|8/100 brn|[from] Stealth Rock
|-weather|RainDance|[from] ability: Drizzle|[of] p1a: Politoed
|move|p2a: Ninetales|Flamethrower|p1a: Politoed
|-resisted|p1a: Politoed
|-damage|p1a: Politoed|1/100 brn
|
|-weather|RainDance|[upkeep]
|-heal|p2a: Ninetales|82/100 tox|[from] item: Leftovers
|-damage|p2a: Ninetales|76/100 tox|[from] psn
|-damage|p1a: Politoed|0 fnt|[from] brn
|faint|p1a: Politoed
|upkeep
|inactive|BWVC BookofConke has 60 seconds left.
|
|t:|1709260507
|switch|p1a: Thundurus|Thundurus-Therian, M|100/100
|-damage|p1a: Thundurus|76/100|[from] Stealth Rock
|turn|30
|
|t:|1709260512
|switch|p2a: Starmie|Starmie, shiny|88/100
|move|p1a: Thundurus|Thunder|p2a: Starmie
|-supereffective|p2a: Starmie
|-damage|p2a: Starmie|0 fnt
|faint|p2a: Starmie
|
|-weather|RainDance|[upkeep]
|-heal|p1a: Thundurus|82/100|[from] item: Leftovers
|upkeep
|
|t:|1709260514
|switch|p2a: Ninetales|Ninetales, M, shiny|76/100 tox
|-weather|SunnyDay|[from] ability: Drought|[of] p2a: Ninetales
|turn|31
|inactive|BWVC BookofConke has 60 seconds left.
|
|t:|1709260544
|move|p1a: Thundurus|Thunder|p2a: Ninetales
|-damage|p2a: Ninetales|4/100 tox
|move|p2a: Ninetales|Pain Split|p1a: Thundurus
|-sethp|p1a: Thundurus|43/100|[from] move: Pain Split|[silent]
|-sethp|p2a: Ninetales|38/100 tox|[from] move: Pain Split
|
|-weather|SunnyDay|[upkeep]
|-heal|p1a: Thundurus|50/100|[from] item: Leftovers
|-heal|p2a: Ninetales|44/100 tox|[from] item: Leftovers
|-damage|p2a: Ninetales|38/100 tox|[from] psn
|upkeep
|turn|32
|j| Neighthan Trainer
|
|t:|1709260561
|move|p1a: Thundurus|Thunder|p2a: Ninetales|[miss]
|-miss|p1a: Thundurus|p2a: Ninetales
|move|p2a: Ninetales|Flamethrower|p1a: Thundurus
|-damage|p1a: Thundurus|0 fnt
|faint|p1a: Thundurus
|
|-weather|SunnyDay|[upkeep]
|-heal|p2a: Ninetales|44/100 tox|[from] item: Leftovers
|-damage|p2a: Ninetales|32/100 tox|[from] psn
|upkeep
|
|t:|1709260570
|switch|p1a: Latios|Latios, M|34/100
|-damage|p1a: Latios|22/100|[from] Stealth Rock
|turn|33
|inactive|BWVC BookofConke has 30 seconds left.
|
|t:|1709260590
|switch|p2a: Honchkrow|Honchkrow, F, shiny|100/100
|move|p1a: Latios|Draco Meteor|p2a: Honchkrow|[miss]
|-miss|p1a: Latios|p2a: Honchkrow
|
|-weather|SunnyDay|[upkeep]
|upkeep
|turn|34
|inactive|BWVC BookofConke has 30 seconds left.
|
|t:|1709260602
|-activate|p1a: Latios|move: Pursuit
|move|p2a: Honchkrow|Pursuit|p1a: Latios|[from]Pursuit
|-supereffective|p1a: Latios
|-crit|p1a: Latios
|-damage|p1a: Latios|0 fnt
|faint|p1a: Latios
|-ability|p2a: Honchkrow|Moxie|boost
|-boost|p2a: Honchkrow|atk|1
|-hint|A Pokemon can't switch between when it runs out of HP and when it faints
|
|-weather|SunnyDay|[upkeep]
|upkeep
|inactive|BWVC BookofConke has 30 seconds left.
|
|t:|1709260614
|switch|p1a: Ferrothorn|Ferrothorn, F|99/100 par
|-damage|p1a: Ferrothorn|93/100 par|[from] Stealth Rock
|turn|35
|inactive|BWVC BookofConke has 30 seconds left.
|
|t:|1709260621
|move|p2a: Honchkrow|Brave Bird|p1a: Ferrothorn
|-damage|p1a: Ferrothorn|16/100 par
|-damage|p2a: Honchkrow|88/100|[from] ability: Iron Barbs|[of] p1a: Ferrothorn
|-damage|p2a: Honchkrow|66/100|[from] Recoil
|cant|p1a: Ferrothorn|par
|
|-weather|SunnyDay|[upkeep]
|-heal|p2a: Honchkrow|72/100|[from] item: Leftovers
|upkeep
|turn|36
|
|t:|1709260630
|move|p2a: Honchkrow|Brave Bird|p1a: Ferrothorn
|-damage|p1a: Ferrothorn|0 fnt
|-damage|p2a: Honchkrow|60/100|[from] ability: Iron Barbs|[of] p1a: Ferrothorn
|faint|p1a: Ferrothorn
|-ability|p2a: Honchkrow|Moxie|boost
|-boost|p2a: Honchkrow|atk|1
|-damage|p2a: Honchkrow|55/100|[from] Recoil
|
|-weather|SunnyDay|[upkeep]
|-heal|p2a: Honchkrow|62/100|[from] item: Leftovers
|upkeep
|
|t:|1709260639
|switch|p1a: Jirachi|Jirachi|92/100
|-damage|p1a: Jirachi|86/100|[from] Stealth Rock
|turn|37
|inactive|BWVC BookofConke has 30 seconds left.
|
|t:|1709260654
|move|p1a: Jirachi|Thunder|p2a: Honchkrow|[miss]
|-miss|p1a: Jirachi|p2a: Honchkrow
|move|p2a: Honchkrow|Pursuit|p1a: Jirachi
|-damage|p1a: Jirachi|49/100
|
|-weather|SunnyDay|[upkeep]
|-heal|p1a: Jirachi|55/100|[from] item: Leftovers
|-heal|p2a: Honchkrow|68/100|[from] item: Leftovers
|upkeep
|turn|38
|
|t:|1709260663
|move|p2a: Honchkrow|Sucker Punch|p1a: Jirachi
|-damage|p1a: Jirachi|0 fnt
|faint|p1a: Jirachi
|-ability|p2a: Honchkrow|Moxie|boost
|-boost|p2a: Honchkrow|atk|1
|
|win|seanb143
|raw|BWVC BookofConke's rating: 1391 &rarr; <strong>1374</strong><br />(-17 for losing)
|raw|seanb143's rating: 1451 &rarr; <strong>1468</strong><br />(+17 for winning)
