|j|☆The Daisuke
|j|☆Luquincito
|player|p1|The Daisuke|152
|player|p2|Luquincito|238
|teamsize|p1|6
|teamsize|p2|6
|gametype|singles
|gen|5
|tier|[Gen 5] OU
|rated|
|rule|Sleep Clause Mod: Limit one foe put to sleep
|rule|Species Clause: Limit one of each Pokémon
|rule|OHKO Clause: OHKO moves are banned
|rule|Moody Clause: Moody is banned
|rule|Evasion Moves Clause: Evasion moves are banned
|rule|Endless Battle Clause: Forcing endless battles is banned
|rule|HP Percentage Mod: HP is shown in percentages
|rule|Evasion Abilities Clause: Evasion abilities are banned
|rule|Baton Pass Clause: Limit one Baton Passer, can't pass Spe and other stats simultaneously
|rule|Swagger Clause: Swagger is banned
|clearpoke
|poke|p1|Tyranitar, M|item
|poke|p1|Rotom-Wash|item
|poke|p1|Reuniclus, M|item
|poke|p1|Gengar, M|item
|poke|p1|Garchomp, F|item
|poke|p1|Ferrothorn, M|item
|poke|p2|Garchomp, M|item
|poke|p2|Ferrothorn, F|item
|poke|p2|Gengar, F|item
|poke|p2|Conkeldurr, M|item
|poke|p2|Jellicent, F|item
|poke|p2|Reuniclus, M|item
|teampreview
|inactive|Battle timer is ON: inactive players will automatically lose when time's up. (requested by The Daisuke)
|
|start
|switch|p1a: Garchomp|Garchomp, F|100/100
|switch|p2a: Garchomp|Garchomp, M|100/100
|turn|1
|
|move|p2a: Garchomp|Outrage|p1a: Garchomp
|-supereffective|p1a: Garchomp
|-damage|p1a: Garchomp|0 fnt
|-damage|p2a: Garchomp|88/100|[from] ability: Rough Skin|[of] p1a: Garchomp
|-damage|p2a: Garchomp|72/100|[from] item: Rocky Helmet|[of] p1a: Garchomp
|faint|p1a: Garchomp
|
|upkeep
|
|switch|p1a: Ferrothorn|Ferrothorn, M|100/100
|turn|2
|
|move|p2a: Garchomp|Outrage|p1a: Ferrothorn|[from]lockedmove
|-resisted|p1a: Ferrothorn
|-crit|p1a: Ferrothorn
|-damage|p1a: Ferrothorn|61/100
|-damage|p2a: Garchomp|59/100|[from] ability: Iron Barbs|[of] p1a: Ferrothorn
|move|p1a: Ferrothorn|Spikes|p2a: Garchomp
|-sidestart|p2: Luquincito|Spikes
|
|-heal|p1a: Ferrothorn|68/100|[from] item: Leftovers
|upkeep
|turn|3
|
|move|p1a: Ferrothorn|Protect|p1a: Ferrothorn
|-singleturn|p1a: Ferrothorn|Protect
|move|p2a: Garchomp|Outrage|p1a: Ferrothorn|[from]lockedmove
|-activate|p1a: Ferrothorn|move: Protect
|-start|p2a: Garchomp|confusion|[fatigue]
|
|-heal|p1a: Ferrothorn|74/100|[from] item: Leftovers
|upkeep
|turn|4
|
|switch|p2a: Conkeldurr|Conkeldurr, M|100/100
|-damage|p2a: Conkeldurr|88/100|[from] Spikes
|move|p1a: Ferrothorn|Spikes|p2a: Conkeldurr
|-sidestart|p2: Luquincito|Spikes
|
|-heal|p2a: Conkeldurr|94/100|[from] item: Leftovers
|-heal|p1a: Ferrothorn|80/100|[from] item: Leftovers
|upkeep
|turn|5
|
|move|p1a: Ferrothorn|Protect|p1a: Ferrothorn
|-singleturn|p1a: Ferrothorn|Protect
|move|p2a: Conkeldurr|Bulk Up|p2a: Conkeldurr
|-boost|p2a: Conkeldurr|atk|1
|-boost|p2a: Conkeldurr|def|1
|
|-heal|p2a: Conkeldurr|100/100|[from] item: Leftovers
|-heal|p1a: Ferrothorn|86/100|[from] item: Leftovers
|upkeep
|turn|6
|
|move|p2a: Conkeldurr|Bulk Up|p2a: Conkeldurr
|-boost|p2a: Conkeldurr|atk|1
|-boost|p2a: Conkeldurr|def|1
|move|p1a: Ferrothorn|Leech Seed|p2a: Conkeldurr
|-start|p2a: Conkeldurr|move: Leech Seed
|
|-heal|p1a: Ferrothorn|93/100|[from] item: Leftovers
|-damage|p2a: Conkeldurr|88/100|[from] Leech Seed|[of] p1a: Ferrothorn
|-heal|p1a: Ferrothorn|100/100|[silent]
|upkeep
|turn|7
|
|switch|p1a: Gengar|Gengar, M, shiny|100/100
|move|p2a: Conkeldurr|Drain Punch|p1a: Gengar
|-immune|p1a: Gengar
|
|-heal|p2a: Conkeldurr|94/100|[from] item: Leftovers
|-damage|p2a: Conkeldurr|82/100|[from] Leech Seed|[of] p1a: Gengar
|upkeep
|turn|8
|
|move|p1a: Gengar|Substitute|p1a: Gengar
|-start|p1a: Gengar|Substitute
|-damage|p1a: Gengar|76/100
|move|p2a: Conkeldurr|Ice Punch|p1a: Gengar
|-end|p1a: Gengar|Substitute
|
|-heal|p1a: Gengar|82/100|[from] item: Black Sludge
|-heal|p2a: Conkeldurr|88/100|[from] item: Leftovers
|-damage|p2a: Conkeldurr|75/100|[from] Leech Seed|[of] p1a: Gengar
|-heal|p1a: Gengar|96/100|[silent]
|upkeep
|turn|9
|
|move|p1a: Gengar|Substitute|p1a: Gengar
|-start|p1a: Gengar|Substitute
|-damage|p1a: Gengar|71/100
|move|p2a: Conkeldurr|Ice Punch|p1a: Gengar
|-end|p1a: Gengar|Substitute
|
|-heal|p1a: Gengar|77/100|[from] item: Black Sludge
|-heal|p2a: Conkeldurr|82/100|[from] item: Leftovers
|-damage|p2a: Conkeldurr|69/100|[from] Leech Seed|[of] p1a: Gengar
|-heal|p1a: Gengar|91/100|[silent]
|upkeep
|turn|10
|
|switch|p2a: Ferrothorn|Ferrothorn, F|100/100
|-damage|p2a: Ferrothorn|84/100|[from] Spikes
|move|p1a: Gengar|Substitute|p1a: Gengar
|-start|p1a: Gengar|Substitute
|-damage|p1a: Gengar|66/100
|
|-heal|p1a: Gengar|72/100|[from] item: Black Sludge
|-heal|p2a: Ferrothorn|90/100|[from] item: Leftovers
|upkeep
|turn|11
|
|move|p1a: Gengar|Will-O-Wisp|p2a: Ferrothorn
|-status|p2a: Ferrothorn|brn
|move|p2a: Ferrothorn|Gyro Ball|p1a: Gengar
|-end|p1a: Gengar|Substitute
|
|-heal|p1a: Gengar|78/100|[from] item: Black Sludge
|-heal|p2a: Ferrothorn|97/100 brn|[from] item: Leftovers
|-damage|p2a: Ferrothorn|84/100 brn|[from] brn
|upkeep
|turn|12
|
|move|p1a: Gengar|Taunt|p2a: Ferrothorn
|-start|p2a: Ferrothorn|move: Taunt
|cant|p2a: Ferrothorn|move: Taunt|Stealth Rock
|
|-heal|p1a: Gengar|84/100|[from] item: Black Sludge
|-heal|p2a: Ferrothorn|90/100 brn|[from] item: Leftovers
|-damage|p2a: Ferrothorn|78/100 brn|[from] brn
|upkeep
|turn|13
|
|move|p1a: Gengar|Substitute|p1a: Gengar
|-start|p1a: Gengar|Substitute
|-damage|p1a: Gengar|59/100
|move|p2a: Ferrothorn|Gyro Ball|p1a: Gengar
|-end|p1a: Gengar|Substitute
|
|-heal|p1a: Gengar|66/100|[from] item: Black Sludge
|-heal|p2a: Ferrothorn|84/100 brn|[from] item: Leftovers
|-damage|p2a: Ferrothorn|72/100 brn|[from] brn
|upkeep
|turn|14
|
|switch|p1a: Ferrothorn|Ferrothorn, M|100/100
|move|p2a: Ferrothorn|Gyro Ball|p1a: Ferrothorn
|-resisted|p1a: Ferrothorn
|-damage|p1a: Ferrothorn|99/100
|-damage|p2a: Ferrothorn|59/100 brn|[from] ability: Iron Barbs|[of] p1a: Ferrothorn
|
|-heal|p2a: Ferrothorn|65/100 brn|[from] item: Leftovers
|-heal|p1a: Ferrothorn|100/100|[from] item: Leftovers
|-damage|p2a: Ferrothorn|53/100 brn|[from] brn
|-end|p2a: Ferrothorn|move: Taunt
|upkeep
|turn|15
|
|move|p2a: Ferrothorn|Stealth Rock|p1a: Ferrothorn
|-sidestart|p1: The Daisuke|move: Stealth Rock
|move|p1a: Ferrothorn|Spikes|p2a: Ferrothorn
|-sidestart|p2: Luquincito|Spikes
|
|-heal|p2a: Ferrothorn|59/100 brn|[from] item: Leftovers
|-damage|p2a: Ferrothorn|47/100 brn|[from] brn
|upkeep
|turn|16
|
|switch|p1a: Reuniclus|Reuniclus, M|100/100
|switch|p2a: Garchomp|Garchomp, M|59/100
|-damage|p2a: Garchomp|34/100|[from] Spikes
|
|upkeep
|turn|17
|
|switch|p1a: Ferrothorn|Ferrothorn, M|100/100
|-damage|p1a: Ferrothorn|94/100|[from] Stealth Rock
|move|p2a: Garchomp|Dragon Claw|p1a: Ferrothorn
|-resisted|p1a: Ferrothorn
|-damage|p1a: Ferrothorn|81/100
|-damage|p2a: Garchomp|22/100|[from] ability: Iron Barbs|[of] p1a: Ferrothorn
|
|-heal|p1a: Ferrothorn|87/100|[from] item: Leftovers
|upkeep
|turn|18
|
|switch|p2a: Gengar|Gengar, F|100/100
|switch|p1a: Reuniclus|Reuniclus, M|100/100
|
|upkeep
|turn|19
|
|move|p2a: Gengar|Shadow Ball|p1a: Reuniclus
|-supereffective|p1a: Reuniclus
|-damage|p1a: Reuniclus|8/100
|-unboost|p1a: Reuniclus|spd|1
|move|p1a: Reuniclus|Trick Room|p1a: Reuniclus
|-fieldstart|move: Trick Room|[of] p1a: Reuniclus
|
|upkeep
|turn|20
|
|switch|p2a: Reuniclus|Reuniclus, M|100/100
|move|p1a: Reuniclus|Psychic|p2a: Reuniclus
|-resisted|p2a: Reuniclus
|-damage|p2a: Reuniclus|76/100
|
|-heal|p2a: Reuniclus|82/100|[from] item: Leftovers
|upkeep
|turn|21
|
|move|p1a: Reuniclus|Shadow Ball|p2a: Reuniclus
|-supereffective|p2a: Reuniclus
|-damage|p2a: Reuniclus|13/100
|move|p2a: Reuniclus|Calm Mind|p2a: Reuniclus
|-boost|p2a: Reuniclus|spa|1
|-boost|p2a: Reuniclus|spd|1
|
|-heal|p2a: Reuniclus|19/100|[from] item: Leftovers
|upkeep
|turn|22
|
|move|p1a: Reuniclus|Shadow Ball|p2a: Reuniclus
|-supereffective|p2a: Reuniclus
|-damage|p2a: Reuniclus|0 fnt
|faint|p2a: Reuniclus
|
|upkeep
|
|switch|p2a: Ferrothorn|Ferrothorn, F|47/100 brn
|-damage|p2a: Ferrothorn|22/100 brn|[from] Spikes
|turn|23
|
|move|p2a: Ferrothorn|Power Whip|p1a: Reuniclus
|-damage|p1a: Reuniclus|0 fnt
|faint|p1a: Reuniclus
|
|-heal|p2a: Ferrothorn|28/100 brn|[from] item: Leftovers
|-damage|p2a: Ferrothorn|15/100 brn|[from] brn
|-fieldend|move: Trick Room
|upkeep
|
|switch|p1a: Rotom|Rotom-Wash|100/100
|-damage|p1a: Rotom|88/100|[from] Stealth Rock
|turn|24
|
|move|p1a: Rotom|Volt Switch|p2a: Ferrothorn
|-resisted|p2a: Ferrothorn
|-damage|p2a: Ferrothorn|6/100 brn
|
|switch|p1a: Ferrothorn|Ferrothorn, M|87/100
|-damage|p1a: Ferrothorn|81/100|[from] Stealth Rock
|move|p2a: Ferrothorn|Power Whip|p1a: Ferrothorn|[miss]
|-miss|p2a: Ferrothorn|p1a: Ferrothorn
|
|-heal|p2a: Ferrothorn|12/100 brn|[from] item: Leftovers
|-heal|p1a: Ferrothorn|87/100|[from] item: Leftovers
|-damage|p2a: Ferrothorn|0 fnt|[from] brn
|faint|p2a: Ferrothorn
|upkeep
|
|switch|p2a: Conkeldurr|Conkeldurr, M|69/100
|-damage|p2a: Conkeldurr|44/100|[from] Spikes
|turn|25
|
|move|p2a: Conkeldurr|Drain Punch|p1a: Ferrothorn
|-supereffective|p1a: Ferrothorn
|-damage|p1a: Ferrothorn|32/100
|-heal|p2a: Conkeldurr|72/100|[from] drain|[of] p1a: Ferrothorn
|-damage|p2a: Conkeldurr|59/100|[from] ability: Iron Barbs|[of] p1a: Ferrothorn
|move|p1a: Ferrothorn|Leech Seed|p2a: Conkeldurr
|-start|p2a: Conkeldurr|move: Leech Seed
|
|-heal|p2a: Conkeldurr|66/100|[from] item: Leftovers
|-heal|p1a: Ferrothorn|38/100|[from] item: Leftovers
|-damage|p2a: Conkeldurr|53/100|[from] Leech Seed|[of] p1a: Ferrothorn
|-heal|p1a: Ferrothorn|50/100|[silent]
|upkeep
|turn|26
|
|switch|p2a: Gengar|Gengar, F|100/100
|move|p1a: Ferrothorn|Protect||[still]
|-fail|p1a: Ferrothorn
|
|-heal|p1a: Ferrothorn|57/100|[from] item: Leftovers
|upkeep
|turn|27
|
|move|p1a: Ferrothorn|Protect|p1a: Ferrothorn
|-singleturn|p1a: Ferrothorn|Protect
|move|p2a: Gengar|Focus Blast|p1a: Ferrothorn
|-activate|p1a: Ferrothorn|move: Protect
|
|-heal|p1a: Ferrothorn|63/100|[from] item: Leftovers
|upkeep
|turn|28
|
|move|p2a: Gengar|Focus Blast|p1a: Ferrothorn
|-supereffective|p1a: Ferrothorn
|-damage|p1a: Ferrothorn|0 fnt
|faint|p1a: Ferrothorn
|
|upkeep
|
|switch|p1a: Tyranitar|Tyranitar, M|100/100
|-damage|p1a: Tyranitar|88/100|[from] Stealth Rock
|-weather|Sandstorm|[from] ability: Sand Stream|[of] p1a: Tyranitar
|turn|29
|
|move|p1a: Tyranitar|Crunch|p2a: Gengar
|-supereffective|p2a: Gengar
|-damage|p2a: Gengar|0 fnt
|faint|p2a: Gengar
|
|-weather|Sandstorm|[upkeep]
|upkeep
|
|switch|p2a: Conkeldurr|Conkeldurr, M|53/100
|-damage|p2a: Conkeldurr|28/100|[from] Spikes
|turn|30
|
|switch|p1a: Gengar|Gengar, M, shiny|66/100
|-damage|p1a: Gengar|53/100|[from] Stealth Rock
|move|p2a: Conkeldurr|Drain Punch|p1a: Gengar
|-immune|p1a: Gengar
|
|-weather|Sandstorm|[upkeep]
|-damage|p1a: Gengar|47/100|[from] Sandstorm
|-damage|p2a: Conkeldurr|22/100|[from] Sandstorm
|-heal|p1a: Gengar|53/100|[from] item: Black Sludge
|-heal|p2a: Conkeldurr|28/100|[from] item: Leftovers
|upkeep
|turn|31
|
|move|p1a: Gengar|Shadow Ball|p2a: Conkeldurr
|-damage|p2a: Conkeldurr|0 fnt
|faint|p2a: Conkeldurr
|
|-weather|Sandstorm|[upkeep]
|-damage|p1a: Gengar|47/100|[from] Sandstorm
|-heal|p1a: Gengar|53/100|[from] item: Black Sludge
|upkeep
|
|switch|p2a: Garchomp|Garchomp, M|22/100
|-damage|p2a: Garchomp|0 fnt|[from] Spikes
|faint|p2a: Garchomp
|
|switch|p2a: Jellicent|Jellicent, F|100/100
|-damage|p2a: Jellicent|75/100|[from] Spikes
|turn|32
|
|move|p1a: Gengar|Shadow Ball|p2a: Jellicent
|-supereffective|p2a: Jellicent
|-damage|p2a: Jellicent|33/100
|move|p2a: Jellicent|Shadow Ball|p1a: Gengar
|-supereffective|p1a: Gengar
|-damage|p1a: Gengar|0 fnt
|faint|p1a: Gengar
|
|-weather|Sandstorm|[upkeep]
|-damage|p2a: Jellicent|27/100|[from] Sandstorm
|-heal|p2a: Jellicent|33/100|[from] item: Leftovers
|upkeep
|
|switch|p1a: Tyranitar|Tyranitar, M|88/100
|-damage|p1a: Tyranitar|76/100|[from] Stealth Rock
|turn|33
|
|move|p1a: Tyranitar|Crunch|p2a: Jellicent
|-supereffective|p2a: Jellicent
|-damage|p2a: Jellicent|0 fnt
|faint|p2a: Jellicent
|
|win|The Daisuke
|raw|The Daisuke's rating: 1573 &rarr; <strong>1581</strong><br />(+8 for winning)
|raw|Luquincito's rating: 1330 &rarr; <strong>1322</strong><br />(-8 for losing)
