|join|bossaru2
|join|stuyjcp
|player|p1|bossaru2|293
|player|p2|stuyjcp|169
|gametype|singles
|gen|5
|tier|[Gen 5] OU
|rated
|rule|Evasion Abilities Clause: Evasion abilities are banned
|clearpoke
|poke|p1|Tyranitar, M
|poke|p1|Stoutland, F
|poke|p1|Forretress, M
|poke|p1|Salamence, F
|poke|p1|Gliscor, F
|poke|p1|Breloom, F
|poke|p2|Skarmory, F
|poke|p2|Umbreon, M
|poke|p2|Espeon, M
|poke|p2|Jolteon, F
|poke|p2|Metagross
|poke|p2|Chandelure, M
|rule|Sleep Clause Mod: Limit one foe put to sleep
|rule|Species Clause: Limit one of each Pokemon
|rule|OHKO Clause: OHKO moves are banned
|rule|Moody Clause: Moody is banned
|rule|Evasion Moves Clause: Evasion moves are banned
|rule|Endless Battle Clause: Forcing endless battles is banned.
|rule|HP Percentage Mod: HP is reported as percentages
|teampreview
|
|start
|switch|p1a: Tyranitar|Tyranitar, M|342/342
|switch|p2a: Skarmory|Skarmory, F|271/271
|-weather|Sandstorm|[from] ability: Sand Stream|[of] p1a: Tyranitar
|turn|1
|
|switch|p1a: Breloom|Breloom, F|262/262
|move|p2a: Skarmory|Stealth Rock|p1a: Breloom
|-sidestart|p1: bossaru2|move: Stealth Rock
|
|-weather|Sandstorm|[upkeep]
|-damage|p1a: Breloom|246/262|[from] sandstorm
|turn|2
|
|switch|p2a: Espeon|Espeon, M|272/272
|move|p1a: Breloom|Spore|p2a: Espeon
|move|p2a: Espeon|Spore|p1a: Breloom|[from]Magic Bounce
|-status|p1a: Breloom|slp
|
|-weather|Sandstorm|[upkeep]
|-damage|p2a: Espeon|255/272|[from] sandstorm
|-damage|p1a: Breloom|230/262 slp|[from] sandstorm
|turn|3
|
|move|p2a: Espeon|Psyshock|p1a: Breloom
|-supereffective|p1a: Breloom
|-damage|p1a: Breloom|0 fnt
|-damage|p2a: Espeon|228/272|[from] item: Life Orb
|faint|p1a: Breloom
|
|-weather|Sandstorm|[upkeep]
|-damage|p2a: Espeon|211/272|[from] sandstorm
|
|switch|p1a: Gliscor|Gliscor, F|337/337
|-damage|p1a: Gliscor|295/337|[from] Stealth Rock
|turn|4
|
|move|p2a: Espeon|Psyshock|p1a: Gliscor
|-damage|p1a: Gliscor|139/337
|-damage|p2a: Espeon|184/272|[from] item: Life Orb
|move|p1a: Gliscor|Earthquake|p2a: Espeon
|-damage|p2a: Espeon|0 fnt
|faint|p2a: Espeon
|
|-weather|Sandstorm|[upkeep]
|-status|p1a: Gliscor|tox|[from] item: Toxic Orb
|
|switch|p2a: Jolteon|Jolteon, F|271/271
|turn|5
|
|move|p1a: Gliscor|Protect|p1a: Gliscor
|-singleturn|p1a: Gliscor|Protect
|move|p2a: Jolteon|Hidden Power|p1a: Gliscor
|-activate|p1a: Gliscor|Protect
|
|-weather|Sandstorm|[upkeep]
|-damage|p2a: Jolteon|255/271|[from] sandstorm
|-heal|p1a: Gliscor|181/337 tox|[from] ability: Poison Heal
|turn|6
|
|switch|p1a: Tyranitar|Tyranitar, M|342/342
|-damage|p1a: Tyranitar|300/342|[from] Stealth Rock
|move|p2a: Jolteon|Hidden Power|p1a: Tyranitar
|-damage|p1a: Tyranitar|230/342
|
|-weather|Sandstorm|[upkeep]
|-damage|p2a: Jolteon|239/271|[from] sandstorm
|turn|7
|
|switch|p2a: Metagross|Metagross|302/302
|move|p1a: Tyranitar|Fire Punch|p2a: Metagross
|-crit|p2a: Metagross
|-supereffective|p2a: Metagross
|-damage|p2a: Metagross|14/302
|
|-weather|Sandstorm|[upkeep]
|turn|8
|
|move|p1a: Tyranitar|Fire Punch|p2a: Metagross
|-supereffective|p2a: Metagross
|-damage|p2a: Metagross|0 fnt
|faint|p2a: Metagross
|
|-weather|Sandstorm|[upkeep]
|
|switch|p2a: Chandelure|Chandelure, M|262/262
|turn|9
|
|switch|p1a: Forretress|Forretress, M|354/354
|-damage|p1a: Forretress|310/354|[from] Stealth Rock
|move|p2a: Chandelure|Hidden Power|p1a: Forretress
|-damage|p1a: Forretress|158/354
|
|-weather|Sandstorm|[upkeep]
|-damage|p2a: Chandelure|246/262|[from] sandstorm
|-heal|p2a: Chandelure|262/262|[from] item: Leftovers
|-heal|p1a: Forretress|180/354|[from] item: Leftovers
|turn|10
|
|move|p2a: Chandelure|Fire Blast|p1a: Forretress
|-supereffective|p1a: Forretress
|-damage|p1a: Forretress|0 fnt
|faint|p1a: Forretress
|
|-weather|Sandstorm|[upkeep]
|-damage|p2a: Chandelure|246/262|[from] sandstorm
|-heal|p2a: Chandelure|262/262|[from] item: Leftovers
|
|switch|p1a: Tyranitar|Tyranitar, M|230/342
|-damage|p1a: Tyranitar|188/342|[from] Stealth Rock
|turn|11
|
|move|p1a: Tyranitar|Crunch|p2a: Chandelure
|-supereffective|p2a: Chandelure
|-damage|p2a: Chandelure|0 fnt
|faint|p2a: Chandelure
|
|-weather|Sandstorm|[upkeep]
|
|switch|p2a: Umbreon|Umbreon, M|394/394
|turn|12
|
|switch|p1a: Gliscor|Gliscor, F|181/337 tox
|-damage|p1a: Gliscor|139/337 tox|[from] Stealth Rock
|move|p2a: Umbreon|Yawn|p1a: Gliscor
|-fail|p1a: Gliscor
|
|-weather|Sandstorm|[upkeep]
|-damage|p2a: Umbreon|370/394|[from] sandstorm
|-heal|p2a: Umbreon|394/394|[from] item: Leftovers
|-heal|p1a: Gliscor|181/337 tox|[from] ability: Poison Heal
|turn|13
|
|move|p1a: Gliscor|Swords Dance|p1a: Gliscor
|-boost|p1a: Gliscor|atk|2
|move|p2a: Umbreon|Foul Play|p1a: Gliscor
|-damage|p1a: Gliscor|0 fnt
|faint|p1a: Gliscor
|
|-weather|Sandstorm|[upkeep]
|-damage|p2a: Umbreon|370/394|[from] sandstorm
|-heal|p2a: Umbreon|394/394|[from] item: Leftovers
|
|switch|p1a: Stoutland|Stoutland, F|311/311
|-damage|p1a: Stoutland|273/311|[from] Stealth Rock
|turn|14
|
|move|p1a: Stoutland|Superpower|p2a: Umbreon
|-supereffective|p2a: Umbreon
|-damage|p2a: Umbreon|128/394
|-unboost|p1a: Stoutland|atk|1
|-unboost|p1a: Stoutland|def|1
|move|p2a: Umbreon|Yawn|p1a: Stoutland
|-start|p1a: Stoutland|move: Yawn|[of] p2a: Umbreon
|
|-weather|Sandstorm|[upkeep]
|-damage|p2a: Umbreon|104/394|[from] sandstorm
|-heal|p2a: Umbreon|128/394|[from] item: Leftovers
|turn|15
|
|move|p1a: Stoutland|Superpower|p2a: Umbreon
|-supereffective|p2a: Umbreon
|-damage|p2a: Umbreon|0 fnt
|-unboost|p1a: Stoutland|atk|1
|-unboost|p1a: Stoutland|def|1
|faint|p2a: Umbreon
|
|-status|p1a: Stoutland|slp
|-weather|Sandstorm|[upkeep]
|
|switch|p2a: Jolteon|Jolteon, F|239/271
|turn|16
|
|cant|p1a: Stoutland|slp
|move|p2a: Jolteon|Volt Switch|p1a: Stoutland
|-damage|p1a: Stoutland|98/311 slp
|
|switch|p2a: Skarmory|Skarmory, F|271/271
|
|-weather|Sandstorm|[upkeep]
|turn|17
|
|cant|p1a: Stoutland|slp
|move|p2a: Skarmory|Spikes|p1a: Stoutland
|-sidestart|p1: bossaru2|Spikes
|
|-weather|Sandstorm|[upkeep]
|turn|18
|
|cant|p1a: Stoutland|slp
|move|p2a: Skarmory|Spikes|p1a: Stoutland
|-sidestart|p1: bossaru2|Spikes
|
|-weather|Sandstorm|[upkeep]
|turn|19
|
|-curestatus|p1a: Stoutland|slp
|move|p1a: Stoutland|Fire Fang|p2a: Skarmory
|-supereffective|p2a: Skarmory
|-damage|p2a: Skarmory|204/271
|move|p2a: Skarmory|Brave Bird|p1a: Stoutland
|-damage|p1a: Stoutland|0 fnt
|-damage|p2a: Skarmory|172/271|[from] recoil|[of] p1a: Stoutland
|faint|p1a: Stoutland
|
|-weather|Sandstorm|[upkeep]
|
|switch|p1a: Tyranitar|Tyranitar, M|188/342
|-damage|p1a: Tyranitar|146/342|[from] Stealth Rock
|-damage|p1a: Tyranitar|89/342|[from] Spikes
|turn|20
|
|move|p1a: Tyranitar|Fire Punch|p2a: Skarmory
|-supereffective|p2a: Skarmory
|-damage|p2a: Skarmory|42/271
|move|p2a: Skarmory|Roost|p2a: Skarmory
|-heal|p2a: Skarmory|178/271
|
|-weather|Sandstorm|[upkeep]
|turn|21
|
|move|p1a: Tyranitar|Fire Punch|p2a: Skarmory
|-supereffective|p2a: Skarmory
|-damage|p2a: Skarmory|42/271
|move|p2a: Skarmory|Brave Bird|p1a: Tyranitar
|-resisted|p1a: Tyranitar
|-damage|p1a: Tyranitar|23/342
|-damage|p2a: Skarmory|20/271|[from] recoil|[of] p1a: Tyranitar
|
|-weather|Sandstorm|[upkeep]
|turn|22
|-enditem|p2a: Skarmory|Custap Berry|[eat]
|-activate|p2a: Skarmory|Custap Berry
|
|move|p2a: Skarmory|Brave Bird|p1a: Tyranitar
|-resisted|p1a: Tyranitar
|-damage|p1a: Tyranitar|0 fnt
|-damage|p2a: Skarmory|12/271|[from] recoil|[of] p1a: Tyranitar
|faint|p1a: Tyranitar
|
|-weather|Sandstorm|[upkeep]
|
|switch|p1a: Salamence|Salamence, F|331/331
|-damage|p1a: Salamence|249/331|[from] Stealth Rock
|turn|23
|
|move|p1a: Salamence|Dragon Claw|p2a: Skarmory
|-resisted|p2a: Skarmory
|-damage|p2a: Skarmory|0 fnt
|faint|p2a: Skarmory
|-boost|p1a: Salamence|atk|1|[from] ability: Moxie
|
|-weather|Sandstorm|[upkeep]
|-damage|p1a: Salamence|229/331|[from] sandstorm
|
|switch|p2a: Jolteon|Jolteon, F|239/271
|turn|24
|
|move|p1a: Salamence|Dragon Claw|p2a: Jolteon
|-damage|p2a: Jolteon|0 fnt
|faint|p2a: Jolteon
|-boost|p1a: Salamence|atk|1|[from] ability: Moxie
|
|win|bossaru2
|raw|Ladder updating...
|raw|bossaru2's rating: 1394 &rarr; <strong>1409</strong><br />(+15 for winning)
|raw|stuyjcp's rating: 1309 &rarr; <strong>1294</strong><br />(-15 for losing)