|j|☆cinema staff fan
|j|☆reshirampage
|t:|1744212841
|gametype|singles
|player|p1|cinema staff fan|101|1371
|player|p2|reshirampage|nate|1436
|teamsize|p1|6
|teamsize|p2|6
|gen|5
|tier|[Gen 5] OU
|rated|
|rule|Species Clause: Limit one of each Pokémon
|rule|OHKO Clause: OHKO moves are banned
|rule|Moody Clause: Moody is banned
|rule|Evasion Items Clause: Evasion items are banned
|rule|Evasion Moves Clause: Evasion moves are banned
|rule|Endless Battle Clause: Forcing endless battles is banned
|rule|HP Percentage Mod: HP is shown in percentages
|rule|Evasion Abilities Clause: Evasion abilities are banned
|rule|Sleep Moves Clause: Sleep-inducing moves are banned
|rule|Swagger Clause: Swagger is banned
|rule|Baton Pass Stat Clause: No Baton Passer may have a way to boost its stats
|clearpoke
|poke|p1|Politoed, M|item
|poke|p1|Tornadus, M|item
|poke|p1|Starmie|item
|poke|p1|Landorus-Therian, M|item
|poke|p1|Salamence, M|item
|poke|p1|Ferrothorn, F|item
|poke|p2|Politoed, M|item
|poke|p2|Tentacruel, M|item
|poke|p2|Ferrothorn, M|item
|poke|p2|Keldeo-Resolute|item
|poke|p2|Thundurus-Therian, M|item
|poke|p2|Latios, M|item
|teampreview
|inactive|Battle timer is ON: inactive players will automatically lose when time's up. (requested by cinema staff fan)
|
|t:|1744212871
|start
|switch|p1a: Tornadus|Tornadus, M|100/100
|switch|p2a: Politoed|Politoed, M|100/100
|-weather|RainDance|[from] ability: Drizzle|[of] p2a: Politoed
|turn|1
|
|t:|1744212877
|move|p1a: Tornadus|Hurricane|p2a: Politoed
|-damage|p2a: Politoed|55/100
|move|p2a: Politoed|Scald|p1a: Tornadus
|-damage|p1a: Tornadus|50/100
|
|-weather|RainDance|[upkeep]
|-heal|p1a: Tornadus|56/100|[from] item: Leftovers
|-heal|p2a: Politoed|61/100|[from] item: Leftovers
|upkeep
|turn|2
|
|t:|1744212896
|move|p1a: Tornadus|U-turn|p2a: Politoed
|-crit|p2a: Politoed
|-damage|p2a: Politoed|27/100
|
|t:|1744212898
|switch|p1a: Starmie|Starmie|100/100|[from] U-turn
|move|p2a: Politoed|Scald|p1a: Starmie
|-resisted|p1a: Starmie
|-damage|p1a: Starmie|72/100
|
|-weather|RainDance|[upkeep]
|-heal|p1a: Starmie|78/100|[from] item: Leftovers
|-heal|p2a: Politoed|33/100|[from] item: Leftovers
|upkeep
|turn|3
|
|t:|1744212916
|switch|p1a: Tornadus|Tornadus, M|56/100
|switch|p2a: Ferrothorn|Ferrothorn, M|100/100
|
|-weather|RainDance|[upkeep]
|-heal|p1a: Tornadus|62/100|[from] item: Leftovers
|upkeep
|turn|4
|
|t:|1744212932
|move|p1a: Tornadus|Focus Blast|p2a: Ferrothorn
|-supereffective|p2a: Ferrothorn
|-damage|p2a: Ferrothorn|52/100
|move|p2a: Ferrothorn|Stealth Rock|p1a: Tornadus
|-sidestart|p1: cinema staff fan|move: Stealth Rock
|
|-weather|RainDance|[upkeep]
|-heal|p1a: Tornadus|68/100|[from] item: Leftovers
|-heal|p2a: Ferrothorn|58/100|[from] item: Leftovers
|upkeep
|turn|5
|
|t:|1744212943
|switch|p2a: Tentacruel|Tentacruel, M|100/100
|move|p1a: Tornadus|Hurricane|p2a: Tentacruel
|-damage|p2a: Tentacruel|48/100
|
|-weather|RainDance|[upkeep]
|-heal|p2a: Tentacruel|54/100|[from] ability: Rain Dish
|-heal|p1a: Tornadus|74/100|[from] item: Leftovers
|-heal|p2a: Tentacruel|60/100|[from] item: Black Sludge
|upkeep
|turn|6
|inactive|reshirampage has 120 seconds left.
|
|t:|1744212964
|move|p1a: Tornadus|Hurricane|p2a: Tentacruel
|-damage|p2a: Tentacruel|12/100
|move|p2a: Tentacruel|Toxic|p1a: Tornadus
|-status|p1a: Tornadus|tox
|
|-weather|RainDance|[upkeep]
|-heal|p2a: Tentacruel|18/100|[from] ability: Rain Dish
|-heal|p1a: Tornadus|80/100 tox|[from] item: Leftovers
|-heal|p2a: Tentacruel|24/100|[from] item: Black Sludge
|-damage|p1a: Tornadus|74/100 tox|[from] psn
|upkeep
|turn|7
|
|t:|1744212972
|move|p2a: Tentacruel|Protect|p2a: Tentacruel
|-singleturn|p2a: Tentacruel|Protect
|move|p1a: Tornadus|Tailwind|p1a: Tornadus
|-sidestart|p1: cinema staff fan|move: Tailwind
|
|-weather|RainDance|[upkeep]
|-heal|p2a: Tentacruel|30/100|[from] ability: Rain Dish
|-heal|p1a: Tornadus|80/100 tox|[from] item: Leftovers
|-heal|p2a: Tentacruel|36/100|[from] item: Black Sludge
|-damage|p1a: Tornadus|68/100 tox|[from] psn
|upkeep
|turn|8
|
|t:|1744212978
|switch|p2a: Thundurus|Thundurus-Therian, M|100/100
|move|p1a: Tornadus|Hurricane|p2a: Thundurus
|-resisted|p2a: Thundurus
|-damage|p2a: Thundurus|61/100
|-start|p2a: Thundurus|confusion
|
|-weather|RainDance|[upkeep]
|-heal|p1a: Tornadus|74/100 tox|[from] item: Leftovers
|-heal|p2a: Thundurus|67/100|[from] item: Leftovers
|-damage|p1a: Tornadus|56/100 tox|[from] psn
|upkeep
|turn|9
|
|t:|1744212986
|move|p1a: Tornadus|U-turn|p2a: Thundurus
|-resisted|p2a: Thundurus
|-damage|p2a: Thundurus|57/100
|
|t:|1744212988
|switch|p1a: Ferrothorn|Ferrothorn, F|100/100|[from] U-turn
|-damage|p1a: Ferrothorn|94/100|[from] Stealth Rock
|-activate|p2a: Thundurus|confusion
|-damage|p2a: Thundurus|47/100|[from] confusion
|
|-weather|RainDance|[upkeep]
|-heal|p2a: Thundurus|53/100|[from] item: Leftovers
|-heal|p1a: Ferrothorn|100/100|[from] item: Leftovers
|upkeep
|turn|10
|
|t:|1744213008
|switch|p2a: Politoed|Politoed, M|33/100
|move|p1a: Ferrothorn|Stealth Rock|p2a: Politoed
|-sidestart|p2: reshirampage|move: Stealth Rock
|
|-weather|RainDance|[upkeep]
|-heal|p2a: Politoed|39/100|[from] item: Leftovers
|-sideend|p1: cinema staff fan|move: Tailwind
|upkeep
|turn|11
|
|t:|1744213012
|move|p2a: Politoed|Encore|p1a: Ferrothorn
|-start|p1a: Ferrothorn|Encore
|move|p1a: Ferrothorn|Stealth Rock||[still]
|-fail|p1a: Ferrothorn
|
|-weather|RainDance|[upkeep]
|-heal|p2a: Politoed|45/100|[from] item: Leftovers
|upkeep
|turn|12
|
|t:|1744213021
|switch|p1a: Politoed|Politoed, M|100/100
|-damage|p1a: Politoed|88/100|[from] Stealth Rock
|move|p2a: Politoed|Scald|p1a: Politoed
|-resisted|p1a: Politoed
|-damage|p1a: Politoed|73/100
|-status|p1a: Politoed|brn
|
|-weather|RainDance|[upkeep]
|-heal|p2a: Politoed|51/100|[from] item: Leftovers
|-heal|p1a: Politoed|79/100 brn|[from] item: Leftovers
|-damage|p1a: Politoed|66/100 brn|[from] brn
|upkeep
|turn|13
|
|t:|1744213030
|switch|p2a: Ferrothorn|Ferrothorn, M|58/100
|-damage|p2a: Ferrothorn|52/100|[from] Stealth Rock
|move|p1a: Politoed|Scald|p2a: Ferrothorn
|-resisted|p2a: Ferrothorn
|-damage|p2a: Ferrothorn|39/100
|
|-weather|RainDance|[upkeep]
|-heal|p1a: Politoed|73/100 brn|[from] item: Leftovers
|-heal|p2a: Ferrothorn|45/100|[from] item: Leftovers
|-damage|p1a: Politoed|60/100 brn|[from] brn
|upkeep
|turn|14
|
|t:|1744213040
|move|p1a: Politoed|Scald|p2a: Ferrothorn
|-resisted|p2a: Ferrothorn
|-damage|p2a: Ferrothorn|33/100
|-status|p2a: Ferrothorn|brn
|move|p2a: Ferrothorn|Knock Off|p1a: Politoed
|-damage|p1a: Politoed|58/100 brn
|-enditem|p1a: Politoed|Leftovers|[from] move: Knock Off|[of] p2a: Ferrothorn
|
|-weather|RainDance|[upkeep]
|-heal|p2a: Ferrothorn|40/100 brn|[from] item: Leftovers
|-damage|p1a: Politoed|46/100 brn|[from] brn
|-damage|p2a: Ferrothorn|27/100 brn|[from] brn
|upkeep
|turn|15
|
|t:|1744213049
|switch|p2a: Politoed|Politoed, M|51/100
|-damage|p2a: Politoed|39/100|[from] Stealth Rock
|move|p1a: Politoed|Refresh|p1a: Politoed
|-curestatus|p1a: Politoed|brn|[msg]
|
|-weather|RainDance|[upkeep]
|-heal|p2a: Politoed|45/100|[from] item: Leftovers
|upkeep
|turn|16
|
|t:|1744213053
|move|p2a: Politoed|Scald|p1a: Politoed
|-resisted|p1a: Politoed
|-damage|p1a: Politoed|29/100
|move|p1a: Politoed|Toxic|p2a: Politoed
|-status|p2a: Politoed|tox
|
|-weather|RainDance|[upkeep]
|-heal|p2a: Politoed|51/100 tox|[from] item: Leftovers
|-damage|p2a: Politoed|45/100 tox|[from] psn
|upkeep
|turn|17
|
|t:|1744213059
|move|p1a: Politoed|Protect|p1a: Politoed
|-singleturn|p1a: Politoed|Protect
|move|p2a: Politoed|Toxic|p1a: Politoed
|-activate|p1a: Politoed|move: Protect
|
|-weather|RainDance|[upkeep]
|-heal|p2a: Politoed|51/100 tox|[from] item: Leftovers
|-damage|p2a: Politoed|39/100 tox|[from] psn
|upkeep
|turn|18
|
|t:|1744213070
|switch|p2a: Tentacruel|Tentacruel, M|36/100
|-damage|p2a: Tentacruel|23/100|[from] Stealth Rock
|move|p1a: Politoed|Scald|p2a: Tentacruel
|-resisted|p2a: Tentacruel
|-damage|p2a: Tentacruel|8/100
|-status|p2a: Tentacruel|brn
|
|-weather|RainDance|[upkeep]
|-heal|p2a: Tentacruel|14/100 brn|[from] ability: Rain Dish
|-heal|p2a: Tentacruel|20/100 brn|[from] item: Black Sludge
|-damage|p2a: Tentacruel|7/100 brn|[from] brn
|upkeep
|turn|19
|
|t:|1744213074
|move|p2a: Tentacruel|Rapid Spin|p1a: Politoed
|-crit|p1a: Politoed
|-damage|p1a: Politoed|26/100
|-sideend|p2: reshirampage|Stealth Rock|[from] move: Rapid Spin|[of] p2a: Tentacruel
|move|p1a: Politoed|Scald|p2a: Tentacruel
|-resisted|p2a: Tentacruel
|-damage|p2a: Tentacruel|0 fnt
|faint|p2a: Tentacruel
|
|-weather|RainDance|[upkeep]
|upkeep
|
|t:|1744213082
|switch|p2a: Thundurus|Thundurus-Therian, M|53/100
|turn|20
|
|t:|1744213087
|move|p2a: Thundurus|Thunder|p1a: Politoed
|-supereffective|p1a: Politoed
|-damage|p1a: Politoed|0 fnt
|faint|p1a: Politoed
|
|-weather|RainDance|[upkeep]
|-heal|p2a: Thundurus|60/100|[from] item: Leftovers
|upkeep
|
|t:|1744213099
|switch|p1a: Ferrothorn|Ferrothorn, F|100/100
|-damage|p1a: Ferrothorn|94/100|[from] Stealth Rock
|turn|21
|
|t:|1744213120
|move|p2a: Thundurus|Substitute|p2a: Thundurus
|-start|p2a: Thundurus|Substitute
|-damage|p2a: Thundurus|35/100
|move|p1a: Ferrothorn|Stealth Rock|p2a: Thundurus
|-sidestart|p2: reshirampage|move: Stealth Rock
|
|-weather|RainDance|[upkeep]
|-heal|p2a: Thundurus|41/100|[from] item: Leftovers
|-heal|p1a: Ferrothorn|100/100|[from] item: Leftovers
|upkeep
|turn|22
|
|t:|1744213128
|move|p2a: Thundurus|Focus Blast|p1a: Ferrothorn|[miss]
|-miss|p2a: Thundurus|p1a: Ferrothorn
|move|p1a: Ferrothorn|Gyro Ball|p2a: Thundurus
|-resisted|p2a: Thundurus
|-crit|p2a: Thundurus
|-end|p2a: Thundurus|Substitute
|
|-weather|RainDance|[upkeep]
|-heal|p2a: Thundurus|47/100|[from] item: Leftovers
|upkeep
|turn|23
|
|t:|1744213134
|move|p2a: Thundurus|Substitute|p2a: Thundurus
|-start|p2a: Thundurus|Substitute
|-damage|p2a: Thundurus|22/100
|move|p1a: Ferrothorn|Gyro Ball|p2a: Thundurus
|-resisted|p2a: Thundurus
|-end|p2a: Thundurus|Substitute
|
|-weather|RainDance|[upkeep]
|-heal|p2a: Thundurus|28/100|[from] item: Leftovers
|upkeep
|turn|24
|
|t:|1744213139
|move|p2a: Thundurus|Focus Blast|p1a: Ferrothorn
|-supereffective|p1a: Ferrothorn
|-damage|p1a: Ferrothorn|47/100
|move|p1a: Ferrothorn|Gyro Ball|p2a: Thundurus
|-resisted|p2a: Thundurus
|-damage|p2a: Thundurus|0 fnt
|faint|p2a: Thundurus
|
|-weather|RainDance|[upkeep]
|-heal|p1a: Ferrothorn|53/100|[from] item: Leftovers
|upkeep
|
|t:|1744213149
|switch|p2a: Keldeo|Keldeo-Resolute|100/100
|-damage|p2a: Keldeo|94/100|[from] Stealth Rock
|turn|25
|
|t:|1744213152
|move|p2a: Keldeo|Secret Sword|p1a: Ferrothorn
|-supereffective|p1a: Ferrothorn
|-damage|p1a: Ferrothorn|0 fnt
|faint|p1a: Ferrothorn
|
|-weather|RainDance|[upkeep]
|upkeep
|
|t:|1744213157
|switch|p1a: Starmie|Starmie|78/100
|-damage|p1a: Starmie|66/100|[from] Stealth Rock
|turn|26
|
|t:|1744213166
|switch|p2a: Politoed|Politoed, M|39/100 tox
|-damage|p2a: Politoed|27/100 tox|[from] Stealth Rock
|move|p1a: Starmie|Thunder|p2a: Politoed
|-supereffective|p2a: Politoed
|-damage|p2a: Politoed|0 fnt
|faint|p2a: Politoed
|
|-weather|RainDance|[upkeep]
|-heal|p1a: Starmie|72/100|[from] item: Leftovers
|upkeep
|
|t:|1744213174
|switch|p2a: Latios|Latios, M|100/100
|-damage|p2a: Latios|88/100|[from] Stealth Rock
|turn|27
|
|t:|1744213182
|move|p1a: Starmie|Ice Beam|p2a: Latios
|-supereffective|p2a: Latios
|-damage|p2a: Latios|34/100
|move|p2a: Latios|Dragon Pulse|p1a: Starmie
|-damage|p1a: Starmie|0 fnt
|faint|p1a: Starmie
|
|-weather|RainDance|[upkeep]
|upkeep
|
|t:|1744213188
|switch|p1a: Landorus|Landorus-Therian, M|100/100
|-damage|p1a: Landorus|88/100|[from] Stealth Rock
|-ability|p1a: Landorus|Intimidate|boost
|-unboost|p2a: Latios|atk|1
|turn|28
|
|t:|1744213193
|switch|p2a: Ferrothorn|Ferrothorn, M|27/100 brn
|-damage|p2a: Ferrothorn|21/100 brn|[from] Stealth Rock
|move|p1a: Landorus|U-turn|p2a: Ferrothorn
|-damage|p2a: Ferrothorn|0 fnt
|-damage|p1a: Landorus|76/100|[from] ability: Iron Barbs|[of] p2a: Ferrothorn
|faint|p2a: Ferrothorn
|
|t:|1744213197
|switch|p1a: Tornadus|Tornadus, M|56/100 tox|[from] U-turn
|-damage|p1a: Tornadus|32/100 tox|[from] Stealth Rock
|
|-weather|RainDance|[upkeep]
|-heal|p1a: Tornadus|38/100 tox|[from] item: Leftovers
|-damage|p1a: Tornadus|32/100 tox|[from] psn
|upkeep
|
|t:|1744213200
|switch|p2a: Keldeo|Keldeo-Resolute|94/100
|-damage|p2a: Keldeo|88/100|[from] Stealth Rock
|turn|29
|
|t:|1744213205
|move|p1a: Tornadus|Tailwind|p1a: Tornadus
|-sidestart|p1: cinema staff fan|move: Tailwind
|move|p2a: Keldeo|Hidden Power|p1a: Tornadus
|-supereffective|p1a: Tornadus
|-damage|p1a: Tornadus|0 fnt
|faint|p1a: Tornadus
|
|-weather|RainDance|[upkeep]
|upkeep
|
|t:|1744213222
|switch|p1a: Landorus|Landorus-Therian, M|76/100
|-damage|p1a: Landorus|64/100|[from] Stealth Rock
|-ability|p1a: Landorus|Intimidate|boost
|-unboost|p2a: Keldeo|atk|1
|turn|30
|
|t:|1744213245
|move|p1a: Landorus|U-turn|p2a: Keldeo
|-resisted|p2a: Keldeo
|-damage|p2a: Keldeo|73/100
|
|t:|1744213246
|switch|p1a: Salamence|Salamence, M|100/100|[from] U-turn
|-damage|p1a: Salamence|76/100|[from] Stealth Rock
|move|p2a: Keldeo|Hidden Power|p1a: Salamence
|-supereffective|p1a: Salamence
|-damage|p1a: Salamence|0 fnt
|faint|p1a: Salamence
|
|-weather|RainDance|[upkeep]
|upkeep
|
|t:|1744213247
|switch|p1a: Landorus|Landorus-Therian, M|64/100
|-damage|p1a: Landorus|52/100|[from] Stealth Rock
|-ability|p1a: Landorus|Intimidate|boost
|-unboost|p2a: Keldeo|atk|1
|turn|31
|
|t:|1744213261
|move|p1a: Landorus|Earthquake|p2a: Keldeo
|-damage|p2a: Keldeo|3/100
|move|p2a: Keldeo|Hidden Power|p1a: Landorus
|-supereffective|p1a: Landorus
|-damage|p1a: Landorus|0 fnt
|faint|p1a: Landorus
|
|win|reshirampage
|raw|cinema staff fan's rating: 1371 &rarr; <strong>1355</strong><br />(-16 for losing)
|raw|reshirampage's rating: 1436 &rarr; <strong>1452</strong><br />(+16 for winning)
|l|☆reshirampage
|player|p2|
