|j|☆G4416143
|j|☆A Naughty Boy
|player|p1|G4416143|277
|player|p2|A Naughty Boy|209
|teamsize|p1|6
|teamsize|p2|6
|gametype|singles
|gen|5
|tier|[Gen 5] OU
|rated|
|rule|Sleep Clause Mod: Limit one foe put to sleep
|rule|Species Clause: Limit one of each Pokémon
|rule|OHKO Clause: OHKO moves are banned
|rule|Moody Clause: Moody is banned
|rule|Evasion Moves Clause: Evasion moves are banned
|rule|Endless Battle Clause: Forcing endless battles is banned
|rule|HP Percentage Mod: HP is shown in percentages
|rule|Evasion Abilities Clause: Evasion abilities are banned
|rule|Baton Pass Clause: Limit one Baton Passer, can't pass Spe and other stats simultaneously
|rule|Swagger Clause: Swagger is banned
|clearpoke
|poke|p1|Dragonite, M|item
|poke|p1|Latios, M|item
|poke|p1|Mamoswine, M|item
|poke|p1|Magnezone|item
|poke|p1|Haxorus, M|item
|poke|p1|Jirachi|item
|poke|p2|Aerodactyl, M|item
|poke|p2|Magnezone|item
|poke|p2|Gyarados, F|item
|poke|p2|Salamence, F|item
|poke|p2|Latios, M|item
|poke|p2|Garchomp, M|item
|teampreview
|c|☆A Naughty Boy|Glhf
|c|☆G4416143|u2
|
|start
|switch|p1a: Mamoswine|Mamoswine, M|100/100
|switch|p2a: Aerodactyl|Aerodactyl, M|100/100
|-ability|p2a: Aerodactyl|Pressure
|turn|1
|
|move|p1a: Mamoswine|Ice Shard|p2a: Aerodactyl
|-supereffective|p2a: Aerodactyl
|-damage|p2a: Aerodactyl|34/100
|move|p2a: Aerodactyl|Stealth Rock|p1a: Mamoswine
|-sidestart|p1: G4416143|move: Stealth Rock
|
|upkeep
|turn|2
|
|move|p1a: Mamoswine|Ice Shard|p2a: Aerodactyl
|-supereffective|p2a: Aerodactyl
|-damage|p2a: Aerodactyl|0
|faint|p2a: Aerodactyl
|
|upkeep
|
|switch|p2a: Gyarados|Gyarados, F|100/100
|turn|3
|
|move|p2a: Gyarados|Dragon Dance|p2a: Gyarados
|-boost|p2a: Gyarados|atk|1
|-boost|p2a: Gyarados|spe|1
|move|p1a: Mamoswine|Stealth Rock|p2a: Gyarados
|-sidestart|p2: A Naughty Boy|move: Stealth Rock
|
|upkeep
|turn|4
|
|move|p2a: Gyarados|Dragon Dance|p2a: Gyarados
|-boost|p2a: Gyarados|atk|1
|-boost|p2a: Gyarados|spe|1
|move|p1a: Mamoswine|Endeavor|p2a: Gyarados
|-immune|p2a: Gyarados|[msg]
|
|upkeep
|turn|5
|
|move|p2a: Gyarados|Waterfall|p1a: Mamoswine
|-supereffective|p1a: Mamoswine
|-enditem|p1a: Mamoswine|Focus Sash
|-damage|p1a: Mamoswine|1/100
|move|p1a: Mamoswine|Endeavor|p2a: Gyarados
|-damage|p2a: Gyarados|1/100
|
|upkeep
|turn|6
|
|move|p1a: Mamoswine|Ice Shard|p2a: Gyarados
|-damage|p2a: Gyarados|0
|faint|p2a: Gyarados
|
|upkeep
|
|switch|p2a: Latios|Latios, M|100/100
|-damage|p2a: Latios|88/100|[from] Stealth Rock
|turn|7
|
|move|p1a: Mamoswine|Ice Shard|p2a: Latios
|-supereffective|p2a: Latios
|-damage|p2a: Latios|30/100
|move|p2a: Latios|Ice Beam|p1a: Mamoswine
|-damage|p1a: Mamoswine|0
|faint|p1a: Mamoswine
|
|upkeep
|
|switch|p1a: Jirachi|Jirachi|100/100
|-damage|p1a: Jirachi|94/100|[from] Stealth Rock
|turn|8
|
|switch|p2a: Magnezone|Magnezone|100/100
|-damage|p2a: Magnezone|94/100|[from] Stealth Rock
|move|p1a: Jirachi|U-turn|p2a: Magnezone
|-resisted|p2a: Magnezone
|-damage|p2a: Magnezone|86/100
|
|switch|p1a: Haxorus|Haxorus, M, shiny|100/100
|-damage|p1a: Haxorus|88/100|[from] Stealth Rock
|-ability|p1a: Haxorus|Mold Breaker
|
|upkeep
|turn|9
|j| Pilif
|
|switch|p2a: Latios|Latios, M|30/100
|-damage|p2a: Latios|18/100|[from] Stealth Rock
|move|p1a: Haxorus|Outrage|p2a: Latios
|-supereffective|p2a: Latios
|-damage|p2a: Latios|0
|faint|p2a: Latios
|
|upkeep
|
|switch|p2a: Magnezone|Magnezone|86/100
|-damage|p2a: Magnezone|80/100|[from] Stealth Rock
|turn|10
|
|move|p1a: Haxorus|Outrage|p2a: Magnezone|[from]lockedmove
|-resisted|p2a: Magnezone
|-damage|p2a: Magnezone|45/100
|move|p2a: Magnezone|Flash Cannon|p1a: Haxorus
|-damage|p1a: Haxorus|0
|faint|p1a: Haxorus
|
|upkeep
|
|switch|p1a: Magnezone|Magnezone|100/100
|-damage|p1a: Magnezone|95/100|[from] Stealth Rock
|turn|11
|
|move|p1a: Magnezone|Substitute|p1a: Magnezone
|-start|p1a: Magnezone|Substitute
|-damage|p1a: Magnezone|70/100
|move|p2a: Magnezone|Flash Cannon|p1a: Magnezone
|-resisted|p1a: Magnezone
|-activate|p1a: Magnezone|Substitute|[damage]
|
|-heal|p1a: Magnezone|76/100|[from] item: Leftovers
|upkeep
|turn|12
|
|move|p1a: Magnezone|Hidden Power|p2a: Magnezone
|-supereffective|p2a: Magnezone
|-damage|p2a: Magnezone|0
|faint|p2a: Magnezone
|
|-heal|p1a: Magnezone|82/100|[from] item: Leftovers
|upkeep
|
|switch|p2a: Garchomp|Garchomp, M|100/100
|-damage|p2a: Garchomp|94/100|[from] Stealth Rock
|turn|13
|
|move|p2a: Garchomp|Earthquake|p1a: Magnezone
|-supereffective|p1a: Magnezone
|-end|p1a: Magnezone|Substitute
|move|p1a: Magnezone|Flash Cannon|p2a: Garchomp
|-damage|p2a: Garchomp|44/100
|
|-heal|p1a: Magnezone|88/100|[from] item: Leftovers
|upkeep
|turn|14
|
|switch|p1a: Latios|Latios, M|100/100
|-damage|p1a: Latios|88/100|[from] Stealth Rock
|move|p2a: Garchomp|Earthquake|p1a: Latios
|-immune|p1a: Latios|[msg]|[from] ability: Levitate
|
|upkeep
|turn|15
|
|move|p2a: Garchomp|Earthquake|p1a: Latios
|-immune|p1a: Latios|[msg]|[from] ability: Levitate
|move|p1a: Latios|Draco Meteor|p2a: Garchomp
|-supereffective|p2a: Garchomp
|-damage|p2a: Garchomp|0
|-unboost|p1a: Latios|spa|2
|faint|p2a: Garchomp
|
|upkeep
|l| Pilif
|
|switch|p2a: Salamence|Salamence, F|100/100
|-damage|p2a: Salamence|76/100|[from] Stealth Rock
|turn|16
|c|☆A Naughty Boy|Gg
|c|☆G4416143|gg
|
|switch|p1a: Magnezone|Magnezone|88/100
|-damage|p1a: Magnezone|82/100|[from] Stealth Rock
|move|p2a: Salamence|Outrage|p1a: Magnezone
|-resisted|p1a: Magnezone
|-damage|p1a: Magnezone|50/100
|
|-heal|p1a: Magnezone|56/100|[from] item: Leftovers
|upkeep
|turn|17
|
|move|p2a: Salamence|Outrage|p1a: Magnezone|[from]lockedmove
|-resisted|p1a: Magnezone
|-damage|p1a: Magnezone|25/100
|-start|p2a: Salamence|confusion|[fatigue]
|move|p1a: Magnezone|Thunderbolt|p2a: Salamence
|-damage|p2a: Salamence|10/100
|
|-heal|p1a: Magnezone|31/100|[from] item: Leftovers
|upkeep
|turn|18
|
|-activate|p2a: Salamence|confusion
|move|p2a: Salamence|Outrage|p1a: Magnezone
|-resisted|p1a: Magnezone
|-damage|p1a: Magnezone|3/100
|move|p1a: Magnezone|Thunderbolt|p2a: Salamence
|-damage|p2a: Salamence|0
|faint|p2a: Salamence
|
|win|G4416143
|l|☆A Naughty Boy
|raw|G4416143's rating: 1345 &rarr; <strong>1371</strong><br />(+26 for winning)
|raw|A Naughty Boy's rating: 1441 &rarr; <strong>1416</strong><br />(-25 for losing)
