|j|☆Hazess
|j|☆nidiedi
|t:|1724332429
|gametype|singles
|player|p1|Hazess|hilbert|1388
|player|p2|nidiedi|169|1470
|teamsize|p1|6
|teamsize|p2|6
|gen|5
|tier|[Gen 5] OU
|rated|
|rule|Species Clause: Limit one of each Pokémon
|rule|OHKO Clause: OHKO moves are banned
|rule|Moody Clause: Moody is banned
|rule|Evasion Items Clause: Evasion items are banned
|rule|Evasion Moves Clause: Evasion moves are banned
|rule|Endless Battle Clause: Forcing endless battles is banned
|rule|HP Percentage Mod: HP is shown in percentages
|rule|Evasion Abilities Clause: Evasion abilities are banned
|rule|Sleep Moves Clause: Sleep-inducing moves are banned
|rule|Swagger Clause: Swagger is banned
|rule|Baton Pass Stat Clause: No Baton Passer may have a way to boost its stats
|clearpoke
|poke|p1|Infernape, M|item
|poke|p1|Dragonite, M|item
|poke|p1|Garchomp, M|item
|poke|p1|Starmie|item
|poke|p1|Jirachi|item
|poke|p1|Thundurus-Therian, M|item
|poke|p2|Volcarona, F|item
|poke|p2|Salamence, M|item
|poke|p2|Xatu, F|item
|poke|p2|Ninetales, M|item
|poke|p2|Excadrill, F|item
|poke|p2|Heatran, F|item
|teampreview
|inactive|Battle timer is ON: inactive players will automatically lose when time's up. (requested by nidiedi)
|
|t:|1724332457
|start
|switch|p1a: Jirachi|Jirachi|100/100
|switch|p2a: Salamence|Salamence, M|100/100
|turn|1
|
|t:|1724332468
|move|p1a: Jirachi|U-turn|p2a: Salamence
|-resisted|p2a: Salamence
|-damage|p2a: Salamence|89/100
|
|t:|1724332472
|switch|p1a: Starmie|Starmie|100/100|[from] U-turn
|-item|p1a: Starmie|Air Balloon
|move|p2a: Salamence|Earthquake|p1a: Starmie
|-immune|p1a: Starmie
|
|upkeep
|turn|2
|
|t:|1724332479
|switch|p2a: Ninetales|Ninetales, M|100/100
|-weather|SunnyDay|[from] ability: Drought|[of] p2a: Ninetales
|move|p1a: Starmie|Ice Beam|p2a: Ninetales
|-resisted|p2a: Ninetales
|-damage|p2a: Ninetales|82/100
|-enditem|p2a: Ninetales|Eject Button
|
|t:|1724332499
|switch|p2a: Volcarona|Volcarona, F|100/100
|
|-weather|SunnyDay|[upkeep]
|upkeep
|turn|3
|inactive|nidiedi has 120 seconds left.
|
|t:|1724332521
|switch|p1a: Garchomp|Garchomp, M|100/100
|move|p2a: Volcarona|Flamethrower|p1a: Garchomp
|-resisted|p1a: Garchomp
|-damage|p1a: Garchomp|52/100
|
|-weather|SunnyDay|[upkeep]
|upkeep
|turn|4
|inactive|nidiedi has 120 seconds left.
|
|t:|1724332539
|switch|p2a: ru|Xatu, F|100/100
|move|p1a: Garchomp|Stealth Rock|p2a: ru
|move|p2a: ru|Stealth Rock|p1a: Garchomp|[from]ability: Magic Bounce
|-sidestart|p1: Hazess|move: Stealth Rock
|
|-weather|SunnyDay|[upkeep]
|upkeep
|turn|5
|inactive|nidiedi has 120 seconds left.
|
|t:|1724332551
|switch|p1a: Starmie|Starmie|100/100
|-damage|p1a: Starmie|88/100|[from] Stealth Rock
|-item|p1a: Starmie|Air Balloon
|move|p2a: ru|Reflect|p2a: ru
|-sidestart|p2: nidiedi|Reflect
|
|-weather|SunnyDay|[upkeep]
|upkeep
|turn|6
|inactive|nidiedi has 120 seconds left.
|
|t:|1724332564
|move|p1a: Starmie|Rapid Spin|p2a: ru
|-damage|p2a: ru|99/100
|-damage|p1a: Starmie|72/100|[from] item: Rocky Helmet|[of] p2a: ru
|-sideend|p1: Hazess|Stealth Rock|[from] move: Rapid Spin|[of] p1a: Starmie
|move|p2a: ru|U-turn|p1a: Starmie
|-supereffective|p1a: Starmie
|-damage|p1a: Starmie|32/100
|-enditem|p1a: Starmie|Air Balloon
|
|t:|1724332569
|switch|p2a: Volcarona|Volcarona, F|100/100|[from] U-turn
|
|-weather|SunnyDay|[upkeep]
|upkeep
|turn|7
|inactive|nidiedi has 120 seconds left.
|
|t:|1724332584
|switch|p1a: Dragonite|Dragonite, M|100/100
|move|p2a: Volcarona|Quiver Dance|p2a: Volcarona
|-boost|p2a: Volcarona|spa|1
|-boost|p2a: Volcarona|spd|1
|-boost|p2a: Volcarona|spe|1
|
|-weather|SunnyDay|[upkeep]
|upkeep
|turn|8
|inactive|nidiedi has 120 seconds left.
|
|t:|1724332599
|move|p2a: Volcarona|Hidden Power|p1a: Dragonite
|-supereffective|p1a: Dragonite
|-damage|p1a: Dragonite|9/100
|move|p1a: Dragonite|Outrage|p2a: Volcarona
|-damage|p2a: Volcarona|47/100
|
|-weather|SunnyDay|[upkeep]
|upkeep
|turn|9
|
|t:|1724332606
|move|p2a: Volcarona|Hidden Power|p1a: Dragonite
|-supereffective|p1a: Dragonite
|-damage|p1a: Dragonite|0 fnt
|faint|p1a: Dragonite
|
|-weather|SunnyDay|[upkeep]
|-sideend|p2: nidiedi|Reflect
|upkeep
|
|t:|1724332614
|switch|p1a: Cranberry|Infernape, M, shiny|100/100
|turn|10
|
|t:|1724332624
|move|p1a: Cranberry|Fake Out|p2a: Volcarona
|-damage|p2a: Volcarona|25/100
|-damage|p1a: Cranberry|91/100|[from] item: Life Orb
|cant|p2a: Volcarona|flinch
|
|-weather|SunnyDay|[upkeep]
|upkeep
|turn|11
|
|t:|1724332633
|move|p2a: Volcarona|Flamethrower|p1a: Cranberry
|-resisted|p1a: Cranberry
|-damage|p1a: Cranberry|0 fnt
|faint|p1a: Cranberry
|
|-weather|SunnyDay|[upkeep]
|upkeep
|
|t:|1724332641
|switch|p1a: Jirachi|Jirachi|100/100
|turn|12
|
|t:|1724332652
|switch|p2a: Excadrill|Excadrill, F|100/100
|-ability|p2a: Excadrill|Mold Breaker
|move|p1a: Jirachi|Iron Head|p2a: Excadrill
|-resisted|p2a: Excadrill
|-damage|p2a: Excadrill|80/100
|
|-weather|SunnyDay|[upkeep]
|-heal|p2a: Excadrill|87/100|[from] item: Leftovers
|upkeep
|turn|13
|inactive|nidiedi has 120 seconds left.
|
|t:|1724332692
|switch|p1a: Thundurus|Thundurus-Therian, M|100/100
|move|p2a: Excadrill|Stealth Rock|p1a: Thundurus
|-sidestart|p1: Hazess|move: Stealth Rock
|
|-weather|SunnyDay|[upkeep]
|-heal|p2a: Excadrill|93/100|[from] item: Leftovers
|upkeep
|turn|14
|
|t:|1724332702
|switch|p2a: Volcarona|Volcarona, F|25/100
|move|p1a: Thundurus|Focus Blast|p2a: Volcarona
|-resisted|p2a: Volcarona
|-damage|p2a: Volcarona|2/100
|
|-weather|SunnyDay|[upkeep]
|upkeep
|turn|15
|inactive|nidiedi has 120 seconds left.
|
|t:|1724332710
|move|p1a: Thundurus|Agility|p1a: Thundurus
|-boost|p1a: Thundurus|spe|2
|move|p2a: Volcarona|Flamethrower|p1a: Thundurus
|-damage|p1a: Thundurus|6/100
|
|-weather|SunnyDay|[upkeep]
|-heal|p1a: Thundurus|12/100|[from] item: Leftovers
|upkeep
|turn|16
|
|t:|1724332718
|move|p1a: Thundurus|Hidden Power|p2a: Volcarona
|-resisted|p2a: Volcarona
|-damage|p2a: Volcarona|0 fnt
|faint|p2a: Volcarona
|
|-weather|SunnyDay|[upkeep]
|-heal|p1a: Thundurus|18/100|[from] item: Leftovers
|upkeep
|inactive|nidiedi has 120 seconds left.
|
|t:|1724332732
|switch|p2a: ru|Xatu, F|99/100
|turn|17
|inactive|nidiedi has 120 seconds left.
|
|t:|1724332743
|move|p1a: Thundurus|Thunder|p2a: ru|[miss]
|-miss|p1a: Thundurus|p2a: ru
|move|p2a: ru|Night Shade|p1a: Thundurus
|-damage|p1a: Thundurus|0 fnt
|faint|p1a: Thundurus
|
|-weather|SunnyDay|[upkeep]
|upkeep
|-message|Hazess forfeited.
|
|win|nidiedi
|raw|Hazess's rating: 1363 &rarr; <strong>1349</strong><br />(-14 for losing)
|raw|nidiedi's rating: 1470 &rarr; <strong>1484</strong><br />(+14 for winning)
|l|☆Hazess
|player|p1|
