|j|☆GerMoj
|j|☆LeoShakur
|player|p1|GerMoj|266
|player|p2|LeoShakur|171
|teamsize|p1|6
|teamsize|p2|6
|gametype|singles
|gen|5
|tier|[Gen 5] OU
|rated|
|rule|Sleep Clause Mod: Limit one foe put to sleep
|rule|Species Clause: Limit one of each Pokémon
|rule|OHKO Clause: OHKO moves are banned
|rule|Moody Clause: Moody is banned
|rule|Evasion Moves Clause: Evasion moves are banned
|rule|Endless Battle Clause: Forcing endless battles is banned
|rule|HP Percentage Mod: HP is shown in percentages
|rule|Evasion Abilities Clause: Evasion abilities are banned
|rule|Baton Pass Clause: Limit one Baton Passer, can't pass Spe and other stats simultaneously
|rule|Swagger Clause: Swagger is banned
|clearpoke
|poke|p1|Politoed, M|item
|poke|p1|Donphan, M|item
|poke|p1|Ferrothorn, F|item
|poke|p1|Jirachi|item
|poke|p1|Tornadus, M|item
|poke|p1|Moltres|item
|poke|p2|Politoed, M|item
|poke|p2|Ferrothorn, M|item
|poke|p2|Tornadus, M|item
|poke|p2|Kyurem|item
|poke|p2|Excadrill, M|item
|poke|p2|Latios, M|item
|teampreview
|inactive|Battle timer is ON: inactive players will automatically lose when time's up. (requested by LeoShakur)
|
|start
|switch|p1a: Don Gero|Politoed, M|100/100
|switch|p2a: Politoed|Politoed, M|100/100
|-weather|RainDance|[from] ability: Drizzle|[of] p2a: Politoed
|turn|1
|
|move|p2a: Politoed|Toxic|p1a: Don Gero
|-status|p1a: Don Gero|tox
|move|p1a: Don Gero|Scald|p2a: Politoed
|-resisted|p2a: Politoed
|-damage|p2a: Politoed|84/100
|
|-weather|RainDance|[upkeep]
|-heal|p2a: Politoed|91/100|[from] item: Leftovers
|-damage|p1a: Don Gero|94/100 tox|[from] psn
|upkeep
|turn|2
|j| EG Multi
|
|switch|p2a: Ferrothorn|Ferrothorn, M|100/100
|move|p1a: Don Gero|Refresh|p1a: Don Gero
|-curestatus|p1a: Don Gero|tox|[msg]
|
|-weather|RainDance|[upkeep]
|-heal|p1a: Don Gero|100/100|[from] item: Leftovers
|upkeep
|turn|3
|j| Alfredo_Rivero✘
|
|switch|p1a: Kvothe|Moltres|100/100
|-ability|p1a: Kvothe|Pressure
|move|p2a: Ferrothorn|Stealth Rock|p1a: Kvothe
|-sidestart|p1: GerMoj|move: Stealth Rock
|
|-weather|RainDance|[upkeep]
|upkeep
|turn|4
|
|switch|p2a: Kyurem|Kyurem|100/100
|-ability|p2a: Kyurem|Pressure
|move|p1a: Kvothe|Hurricane|p2a: Kyurem
|-damage|p2a: Kyurem|12/100
|
|-weather|RainDance|[upkeep]
|upkeep
|turn|5
|c| Alfredo_Rivero✘|LeoShakur cwl
|
|switch|p1a: Don Gero|Politoed, M|100/100
|-damage|p1a: Don Gero|88/100|[from] Stealth Rock
|move|p2a: Kyurem|Draco Meteor|p1a: Don Gero
|-damage|p1a: Don Gero|0 fnt
|-unboost|p2a: Kyurem|spa|2
|faint|p1a: Don Gero
|
|-weather|RainDance|[upkeep]
|upkeep
|c|☆LeoShakur|hello alfredo
|
|switch|p1a: Lord Bulbo|Donphan, M|100/100
|-damage|p1a: Lord Bulbo|94/100|[from] Stealth Rock
|turn|6
|c| Alfredo_Rivero✘|:D
|
|switch|p2a: Tornadus|Tornadus, M|100/100
|move|p1a: Lord Bulbo|Stealth Rock|p2a: Tornadus
|-sidestart|p2: LeoShakur|move: Stealth Rock
|
|-weather|RainDance|[upkeep]
|-heal|p1a: Lord Bulbo|100/100|[from] item: Leftovers
|upkeep
|turn|7
|
|move|p2a: Tornadus|Hurricane|p1a: Lord Bulbo
|-ability|p1a: Lord Bulbo|Sturdy
|-damage|p1a: Lord Bulbo|1/100
|move|p1a: Lord Bulbo|Rapid Spin|p2a: Tornadus
|-damage|p2a: Tornadus|92/100
|-sideend|p1: GerMoj|Stealth Rock|[from] move: Rapid Spin|[of] p1a: Lord Bulbo
|
|-weather|RainDance|[upkeep]
|-heal|p1a: Lord Bulbo|7/100|[from] item: Leftovers
|upkeep
|turn|8
|
|move|p1a: Lord Bulbo|Ice Shard|p2a: Tornadus
|-supereffective|p2a: Tornadus
|-damage|p2a: Tornadus|62/100
|move|p2a: Tornadus|Hurricane|p1a: Lord Bulbo
|-crit|p1a: Lord Bulbo
|-damage|p1a: Lord Bulbo|0 fnt
|faint|p1a: Lord Bulbo
|
|-weather|RainDance|[upkeep]
|upkeep
|
|switch|p1a: Vaati|Jirachi|100/100
|turn|9
|l| EG Multi
|
|switch|p2a: Excadrill|Excadrill, M|100/100
|-damage|p2a: Excadrill|98/100|[from] Stealth Rock
|-item|p2a: Excadrill|Air Balloon
|switch|p1a: Cyclos|Tornadus, M|100/100
|
|-weather|RainDance|[upkeep]
|upkeep
|turn|10
|
|move|p1a: Cyclos|Superpower|p2a: Excadrill
|-supereffective|p2a: Excadrill
|-damage|p2a: Excadrill|11/100
|-enditem|p2a: Excadrill|Air Balloon
|-unboost|p1a: Cyclos|atk|1
|-unboost|p1a: Cyclos|def|1
|move|p2a: Excadrill|Rapid Spin|p1a: Cyclos
|-damage|p1a: Cyclos|84/100
|-sideend|p2: LeoShakur|Stealth Rock|[from] move: Rapid Spin|[of] p2a: Excadrill
|
|-weather|RainDance|[upkeep]
|upkeep
|turn|11
|
|move|p1a: Cyclos|Superpower|p2a: Excadrill
|-supereffective|p2a: Excadrill
|-damage|p2a: Excadrill|0 fnt
|-unboost|p1a: Cyclos|atk|1
|-unboost|p1a: Cyclos|def|1
|faint|p2a: Excadrill
|
|-weather|RainDance|[upkeep]
|upkeep
|
|switch|p2a: Ferrothorn|Ferrothorn, M|100/100
|turn|12
|
|move|p1a: Cyclos|Hurricane|p2a: Ferrothorn
|-damage|p2a: Ferrothorn|49/100
|move|p2a: Ferrothorn|Stealth Rock|p1a: Cyclos
|-sidestart|p1: GerMoj|move: Stealth Rock
|
|-weather|RainDance|[upkeep]
|-heal|p2a: Ferrothorn|55/100|[from] item: Leftovers
|upkeep
|turn|13
|j| EG Multi
|
|switch|p2a: Kyurem|Kyurem|12/100
|-ability|p2a: Kyurem|Pressure
|move|p1a: Cyclos|Hurricane|p2a: Kyurem
|-damage|p2a: Kyurem|0 fnt
|faint|p2a: Kyurem
|
|-weather|RainDance|[upkeep]
|upkeep
|
|switch|p2a: Latios|Latios, M|100/100
|turn|14
|l| Alfredo_Rivero✘
|
|move|p1a: Cyclos|Tailwind|p1a: Cyclos
|-sidestart|p1: GerMoj|move: Tailwind
|move|p2a: Latios|Surf|p1a: Cyclos
|-damage|p1a: Cyclos|13/100
|
|-weather|RainDance|[upkeep]
|upkeep
|turn|15
|
|move|p1a: Cyclos|Hurricane|p2a: Latios
|-damage|p2a: Latios|18/100
|move|p2a: Latios|Surf|p1a: Cyclos
|-damage|p1a: Cyclos|0 fnt
|faint|p1a: Cyclos
|
|-weather|RainDance|[upkeep]
|upkeep
|
|switch|p1a: Kvothe|Moltres|100/100
|-damage|p1a: Kvothe|50/100|[from] Stealth Rock
|-ability|p1a: Kvothe|Pressure
|turn|16
|
|move|p1a: Kvothe|Hurricane|p2a: Latios
|-damage|p2a: Latios|0 fnt
|faint|p2a: Latios
|
|-weather|RainDance|[upkeep]
|upkeep
|
|switch|p2a: Politoed|Politoed, M|91/100
|turn|17
|
|move|p2a: Politoed|Protect|p2a: Politoed
|-singleturn|p2a: Politoed|Protect
|move|p1a: Kvothe|Hurricane|p2a: Politoed
|-activate|p2a: Politoed|move: Protect
|
|-weather|RainDance|[upkeep]
|-heal|p2a: Politoed|97/100|[from] item: Leftovers
|-sideend|p1: GerMoj|move: Tailwind
|upkeep
|turn|18
|j| Alfredo_Rivero✘
|l| EG Multi
|
|switch|p2a: Ferrothorn|Ferrothorn, M|55/100
|move|p1a: Kvothe|Hurricane|p2a: Ferrothorn
|-damage|p2a: Ferrothorn|0 fnt
|faint|p2a: Ferrothorn
|
|-weather|RainDance|[upkeep]
|upkeep
|
|switch|p2a: Tornadus|Tornadus, M|62/100
|turn|19
|j| EG Multi
|
|switch|p1a: Vaati|Jirachi|100/100
|-damage|p1a: Vaati|94/100|[from] Stealth Rock
|move|p2a: Tornadus|Hurricane|p1a: Vaati
|-resisted|p1a: Vaati
|-damage|p1a: Vaati|59/100
|
|-weather|RainDance|[upkeep]
|-heal|p1a: Vaati|65/100|[from] item: Leftovers
|upkeep
|turn|20
|
|switch|p2a: Politoed|Politoed, M|97/100
|move|p1a: Vaati|Wish|p1a: Vaati
|
|-weather|RainDance|[upkeep]
|-heal|p1a: Vaati|72/100|[from] item: Leftovers
|-heal|p2a: Politoed|100/100|[from] item: Leftovers
|upkeep
|turn|21
|
|move|p1a: Vaati|Protect|p1a: Vaati
|-singleturn|p1a: Vaati|Protect
|move|p2a: Politoed|Scald|p1a: Vaati
|-activate|p1a: Vaati|move: Protect
|
|-weather|RainDance|[upkeep]
|-heal|p1a: Vaati|100/100|[from] move: Wish|[wisher] Vaati
|upkeep
|turn|22
|
|move|p1a: Vaati|Thunder|p2a: Politoed
|-supereffective|p2a: Politoed
|-damage|p2a: Politoed|54/100
|-status|p2a: Politoed|par
|cant|p2a: Politoed|par
|
|-weather|RainDance|[upkeep]
|-heal|p2a: Politoed|60/100 par|[from] item: Leftovers
|upkeep
|turn|23
|
|switch|p1a: Peahat|Ferrothorn, F|100/100
|-damage|p1a: Peahat|94/100|[from] Stealth Rock
|move|p2a: Politoed|Scald|p1a: Peahat
|-resisted|p1a: Peahat
|-damage|p1a: Peahat|81/100
|
|-weather|RainDance|[upkeep]
|-heal|p1a: Peahat|87/100|[from] item: Leftovers
|-heal|p2a: Politoed|66/100 par|[from] item: Leftovers
|upkeep
|turn|24
|
|switch|p2a: Tornadus|Tornadus, M|62/100
|move|p1a: Peahat|Leech Seed|p2a: Tornadus
|-start|p2a: Tornadus|move: Leech Seed
|
|-weather|RainDance|[upkeep]
|-heal|p1a: Peahat|93/100|[from] item: Leftovers
|-damage|p2a: Tornadus|49/100|[from] Leech Seed|[of] p1a: Peahat
|-heal|p1a: Peahat|100/100|[silent]
|upkeep
|turn|25
|
|move|p1a: Peahat|Protect|p1a: Peahat
|-singleturn|p1a: Peahat|Protect
|move|p2a: Tornadus|Focus Blast|p1a: Peahat
|-activate|p1a: Peahat|move: Protect
|
|-weather|RainDance|[upkeep]
|-damage|p2a: Tornadus|37/100|[from] Leech Seed|[of] p1a: Peahat
|upkeep
|turn|26
|
|switch|p1a: Kvothe|Moltres|50/100
|-damage|p1a: Kvothe|0 fnt|[from] Stealth Rock
|faint|p1a: Kvothe
|move|p2a: Tornadus|Focus Blast|p1: Kvothe|[notarget]
|-notarget
|
|-weather|RainDance|[upkeep]
|upkeep
|
|switch|p1a: Vaati|Jirachi|100/100
|-damage|p1a: Vaati|94/100|[from] Stealth Rock
|turn|27
|
|switch|p2a: Politoed|Politoed, M|66/100 par
|move|p1a: Vaati|Thunder|p2a: Politoed
|-supereffective|p2a: Politoed
|-damage|p2a: Politoed|20/100 par
|
|-weather|RainDance|[upkeep]
|-heal|p1a: Vaati|100/100|[from] item: Leftovers
|-heal|p2a: Politoed|26/100 par|[from] item: Leftovers
|upkeep
|turn|28
|
|move|p1a: Vaati|Thunder|p2a: Politoed
|-supereffective|p2a: Politoed
|-damage|p2a: Politoed|0 fnt
|faint|p2a: Politoed
|
|-weather|RainDance|[upkeep]
|upkeep
|-message|LeoShakur forfeited.
|
|win|GerMoj
|l|☆LeoShakur
|raw|GerMoj's rating: 1307 &rarr; <strong>1329</strong><br />(+22 for winning)
|raw|LeoShakur's rating: 1346 &rarr; <strong>1324</strong><br />(-22 for losing)
|l| EG Multi
