|j|☆xpeps_10
|j|☆133fcsq
|t:|1737086270
|gametype|singles
|player|p1|xpeps_10|gentleman-gen4|1323
|player|p2|133fcsq|102|1352
|teamsize|p1|6
|teamsize|p2|6
|gen|5
|tier|[Gen 5] OU
|rated|
|rule|Species Clause: Limit one of each Pokémon
|rule|OHKO Clause: OHKO moves are banned
|rule|Moody Clause: Moody is banned
|rule|Evasion Items Clause: Evasion items are banned
|rule|Evasion Moves Clause: Evasion moves are banned
|rule|Endless Battle Clause: Forcing endless battles is banned
|rule|HP Percentage Mod: HP is shown in percentages
|rule|Evasion Abilities Clause: Evasion abilities are banned
|rule|Sleep Moves Clause: Sleep-inducing moves are banned
|rule|Swagger Clause: Swagger is banned
|rule|Baton Pass Stat Clause: No Baton Passer may have a way to boost its stats
|clearpoke
|poke|p1|Politoed, F|item
|poke|p1|Thundurus-Therian, M|item
|poke|p1|Starmie|item
|poke|p1|Weavile, M|item
|poke|p1|Ferrothorn, M|item
|poke|p1|Excadrill, M|item
|poke|p2|Latios, M|item
|poke|p2|Skarmory, F|item
|poke|p2|Excadrill, M|item
|poke|p2|Tyranitar, M|item
|poke|p2|Keldeo|item
|poke|p2|Terrakion|item
|teampreview
|inactive|Battle timer is ON: inactive players will automatically lose when time's up. (requested by xpeps_10)
|
|t:|1737086276
|start
|switch|p1a: Politoed|Politoed, F|100/100
|switch|p2a: Skarmory|Skarmory, F|100/100
|-weather|RainDance|[from] ability: Drizzle|[of] p1a: Politoed
|turn|1
|
|t:|1737086291
|move|p2a: Skarmory|Stealth Rock|p1a: Politoed
|-sidestart|p1: xpeps_10|move: Stealth Rock
|move|p1a: Politoed|Surf|p2a: Skarmory
|-ability|p2a: Skarmory|Sturdy
|-damage|p2a: Skarmory|1/100
|
|-weather|RainDance|[upkeep]
|upkeep
|turn|2
|-enditem|p2a: Skarmory|Custap Berry|[eat]
|-activate|p2a: Skarmory|item: Custap Berry|[consumed]
|
|t:|1737086295
|move|p2a: Skarmory|Spikes|p1a: Politoed
|-sidestart|p1: xpeps_10|Spikes
|move|p1a: Politoed|Surf|p2a: Skarmory
|-damage|p2a: Skarmory|0 fnt
|faint|p2a: Skarmory
|
|-weather|RainDance|[upkeep]
|upkeep
|
|t:|1737086308
|switch|p2a: Tyranitar|Tyranitar, M|100/100
|-weather|Sandstorm|[from] ability: Sand Stream|[of] p2a: Tyranitar
|turn|3
|
|t:|1737086311
|move|p1a: Politoed|Surf|p2a: Tyranitar
|-supereffective|p2a: Tyranitar
|-damage|p2a: Tyranitar|39/100
|move|p2a: Tyranitar|Pursuit|p1a: Politoed
|-damage|p1a: Politoed|75/100
|
|-weather|Sandstorm|[upkeep]
|-damage|p1a: Politoed|69/100|[from] Sandstorm
|upkeep
|turn|4
|
|t:|1737086319
|switch|p1a: Ferrothorn|Ferrothorn, M|100/100
|-damage|p1a: Ferrothorn|94/100|[from] Stealth Rock
|-damage|p1a: Ferrothorn|82/100|[from] Spikes
|switch|p2a: Latios|Latios, M|100/100
|
|-weather|Sandstorm|[upkeep]
|-damage|p2a: Latios|95/100|[from] Sandstorm
|-heal|p1a: Ferrothorn|88/100|[from] item: Leftovers
|upkeep
|turn|5
|
|t:|1737086323
|move|p2a: Latios|Trick|p1a: Ferrothorn
|-activate|p2a: Latios|move: Trick|[of] p1a: Ferrothorn
|-item|p1a: Ferrothorn|Choice Specs|[from] move: Trick
|-item|p2a: Latios|Leftovers|[from] move: Trick
|move|p1a: Ferrothorn|Stealth Rock|p2a: Latios
|-sidestart|p2: 133fcsq|move: Stealth Rock
|
|-weather|Sandstorm|[upkeep]
|-damage|p2a: Latios|89/100|[from] Sandstorm
|-heal|p2a: Latios|95/100|[from] item: Leftovers
|upkeep
|turn|6
|
|t:|1737086330
|switch|p2a: Excadrill|Excadrill, M|100/100
|-damage|p2a: Excadrill|97/100|[from] Stealth Rock
|move|p1a: Ferrothorn|Stealth Rock||[still]
|-fail|p1a: Ferrothorn
|
|-weather|Sandstorm|[upkeep]
|-heal|p2a: Excadrill|100/100|[from] item: Leftovers
|upkeep
|turn|7
|
|t:|1737086334
|switch|p1a: Politoed|Politoed, F|69/100
|-damage|p1a: Politoed|57/100|[from] Stealth Rock
|-damage|p1a: Politoed|45/100|[from] Spikes
|-weather|RainDance|[from] ability: Drizzle|[of] p1a: Politoed
|move|p2a: Excadrill|Rapid Spin|p1a: Politoed
|-damage|p1a: Politoed|36/100
|-sideend|p2: 133fcsq|Stealth Rock|[from] move: Rapid Spin|[of] p2a: Excadrill
|
|-weather|RainDance|[upkeep]
|upkeep
|turn|8
|
|t:|1737086344
|switch|p2a: Keldeo|Keldeo|100/100
|switch|p1a: Starmie|Starmie|100/100
|-damage|p1a: Starmie|88/100|[from] Stealth Rock
|-item|p1a: Starmie|Air Balloon
|
|-weather|RainDance|[upkeep]
|upkeep
|turn|9
|
|t:|1737086351
|move|p1a: Starmie|Rapid Spin|p2a: Keldeo
|-damage|p2a: Keldeo|97/100
|-sideend|p1: xpeps_10|Spikes|[from] move: Rapid Spin|[of] p1a: Starmie
|-sideend|p1: xpeps_10|Stealth Rock|[from] move: Rapid Spin|[of] p1a: Starmie
|move|p2a: Keldeo|Scald|p1a: Starmie
|-resisted|p1a: Starmie
|-damage|p1a: Starmie|40/100
|-status|p1a: Starmie|brn
|-enditem|p1a: Starmie|Air Balloon
|
|-weather|RainDance|[upkeep]
|-heal|p2a: Keldeo|100/100|[from] item: Leftovers
|-damage|p1a: Starmie|28/100 brn|[from] brn
|upkeep
|turn|10
|
|t:|1737086380
|move|p1a: Starmie|Surf|p2a: Keldeo
|-resisted|p2a: Keldeo
|-damage|p2a: Keldeo|68/100
|move|p2a: Keldeo|Scald|p1a: Starmie
|-resisted|p1a: Starmie
|-crit|p1a: Starmie
|-damage|p1a: Starmie|0 fnt
|faint|p1a: Starmie
|
|-weather|RainDance|[upkeep]
|-heal|p2a: Keldeo|74/100|[from] item: Leftovers
|upkeep
|
|t:|1737086388
|switch|p1a: Thundurus|Thundurus-Therian, M|100/100
|turn|11
|
|t:|1737086391
|switch|p2a: Tyranitar|Tyranitar, M|39/100
|-weather|Sandstorm|[from] ability: Sand Stream|[of] p2a: Tyranitar
|move|p1a: Thundurus|Agility|p1a: Thundurus
|-boost|p1a: Thundurus|spe|2
|
|-weather|Sandstorm|[upkeep]
|-damage|p1a: Thundurus|94/100|[from] Sandstorm
|upkeep
|turn|12
|
|t:|1737086395
|move|p1a: Thundurus|Focus Blast|p2a: Tyranitar
|-supereffective|p2a: Tyranitar
|-enditem|p2a: Tyranitar|Chople Berry|[eat]
|-enditem|p2a: Tyranitar|Chople Berry|[weaken]
|-damage|p2a: Tyranitar|0 fnt
|faint|p2a: Tyranitar
|
|-weather|Sandstorm|[upkeep]
|-damage|p1a: Thundurus|88/100|[from] Sandstorm
|upkeep
|
|t:|1737086402
|switch|p2a: Terrakion|Terrakion|100/100
|turn|13
|
|t:|1737086405
|move|p1a: Thundurus|Focus Blast|p2a: Terrakion
|-supereffective|p2a: Terrakion
|-damage|p2a: Terrakion|31/100
|move|p2a: Terrakion|Rock Slide|p1a: Thundurus
|-supereffective|p1a: Thundurus
|-damage|p1a: Thundurus|0 fnt
|faint|p1a: Thundurus
|
|-weather|Sandstorm|[upkeep]
|upkeep
|
|t:|1737086410
|switch|p1a: Politoed|Politoed, F|36/100
|-weather|RainDance|[from] ability: Drizzle|[of] p1a: Politoed
|turn|14
|
|t:|1737086417
|move|p2a: Terrakion|Rock Slide|p1a: Politoed
|-damage|p1a: Politoed|0 fnt
|faint|p1a: Politoed
|
|-weather|RainDance|[upkeep]
|upkeep
|
|t:|1737086422
|switch|p1a: Excadrill|Excadrill, M|100/100
|-ability|p1a: Excadrill|Mold Breaker
|turn|15
|
|t:|1737086427
|switch|p2a: Latios|Latios, M|95/100
|move|p1a: Excadrill|Earthquake|p2a: Latios
|-damage|p2a: Latios|14/100
|
|-weather|RainDance|[upkeep]
|-heal|p2a: Latios|20/100|[from] item: Leftovers
|upkeep
|turn|16
|
|t:|1737086432
|move|p1a: Excadrill|Earthquake|p2a: Latios
|-damage|p2a: Latios|0 fnt
|faint|p2a: Latios
|
|-weather|RainDance|[upkeep]
|upkeep
|
|t:|1737086436
|switch|p2a: Terrakion|Terrakion|31/100
|turn|17
|
|t:|1737086441
|switch|p1a: Ferrothorn|Ferrothorn, M|88/100
|move|p2a: Terrakion|Close Combat|p1a: Ferrothorn
|-supereffective|p1a: Ferrothorn
|-damage|p1a: Ferrothorn|0 fnt
|-unboost|p2a: Terrakion|def|1
|-unboost|p2a: Terrakion|spd|1
|-damage|p2a: Terrakion|19/100|[from] ability: Iron Barbs|[of] p1a: Ferrothorn
|faint|p1a: Ferrothorn
|
|-weather|RainDance|[upkeep]
|upkeep
|
|t:|1737086444
|switch|p1a: Weavile|Weavile, M|100/100
|-ability|p1a: Weavile|Pressure
|turn|18
|
|t:|1737086454
|switch|p2a: Excadrill|Excadrill, M|100/100
|move|p1a: Weavile|Ice Shard|p2a: Excadrill
|-damage|p2a: Excadrill|74/100
|
|-weather|RainDance|[upkeep]
|-heal|p2a: Excadrill|80/100|[from] item: Leftovers
|upkeep
|turn|19
|
|t:|1737086458
|move|p1a: Weavile|Low Kick|p2a: Excadrill
|-supereffective|p2a: Excadrill
|-damage|p2a: Excadrill|24/100
|move|p2a: Excadrill|Iron Head|p1a: Weavile
|-supereffective|p1a: Weavile
|-damage|p1a: Weavile|0 fnt
|faint|p1a: Weavile
|
|-weather|RainDance|[upkeep]
|-heal|p2a: Excadrill|30/100|[from] item: Leftovers
|upkeep
|
|t:|1737086461
|switch|p1a: Excadrill|Excadrill, M|100/100
|-ability|p1a: Excadrill|Mold Breaker
|turn|20
|
|t:|1737086464
|move|p1a: Excadrill|Earthquake|p2a: Excadrill
|-supereffective|p2a: Excadrill
|-damage|p2a: Excadrill|0 fnt
|faint|p2a: Excadrill
|
|-weather|RainDance|[upkeep]
|upkeep
|
|t:|1737086466
|switch|p2a: Terrakion|Terrakion|19/100
|turn|21
|
|t:|1737086469
|move|p2a: Terrakion|Close Combat|p1a: Excadrill
|-supereffective|p1a: Excadrill
|-damage|p1a: Excadrill|0 fnt
|-unboost|p2a: Terrakion|def|1
|-unboost|p2a: Terrakion|spd|1
|faint|p1a: Excadrill
|
|win|133fcsq
|raw|xpeps_10's rating: 1323 &rarr; <strong>1306</strong><br />(-17 for losing)
|raw|133fcsq's rating: 1370 &rarr; <strong>1387</strong><br />(+17 for winning)
