|j|☆porrompompom
|j|☆cherif18
|player|p1|porrompompom|101|1610
|player|p2|cherif18|ghetsis|1435
|teamsize|p1|6
|teamsize|p2|6
|gametype|singles
|gen|5
|tier|[Gen 5] OU
|rated|
|clearpoke
|poke|p1|Mew|item
|poke|p1|Hydreigon, M|item
|poke|p1|Landorus-Therian, M|item
|poke|p1|Ferrothorn, M|item
|poke|p1|Porygon2|item
|poke|p1|Starmie|item
|poke|p2|Mamoswine, M|item
|poke|p2|Latios, M|item
|poke|p2|Scizor, F|item
|poke|p2|Kyurem-Black|item
|poke|p2|Salamence, M|item
|poke|p2|Magnezone|item
|rule|Species Clause: Limit one of each Pokémon
|rule|OHKO Clause: OHKO moves are banned
|rule|Moody Clause: Moody is banned
|rule|Evasion Moves Clause: Evasion moves are banned
|rule|Endless Battle Clause: Forcing endless battles is banned
|rule|HP Percentage Mod: HP is shown in percentages
|rule|Evasion Abilities Clause: Evasion abilities are banned
|rule|Baton Pass Clause: Limit one Baton Passer, can't pass Spe and other stats simultaneously
|rule|Sleep Clause: Sleep-inducing moves are banned
|rule|Swagger Clause: Swagger is banned
|teampreview
|
|start
|switch|p1a: Starmie|Starmie|100/100
|switch|p2a: Latios|Latios, M|100/100
|turn|1
|
|switch|p1a: Ferrothorn|Ferrothorn, M|100/100
|move|p2a: Latios|Draco Meteor|p1a: Ferrothorn
|-resisted|p1a: Ferrothorn
|-damage|p1a: Ferrothorn|57/100
|-unboost|p2a: Latios|spa|2
|
|-heal|p1a: Ferrothorn|63/100|[from] item: Leftovers
|upkeep
|turn|2
|
|switch|p2a: Magnezone|Magnezone|100/100
|switch|p1a: Porygon2|Porygon2|100/100
|-ability|p1a: Porygon2|Magnet Pull|[from] ability: Trace|[of] p2a: Magnezone
|
|upkeep
|turn|3
|
|move|p2a: Magnezone|Flash Cannon|p1a: Porygon2
|-damage|p1a: Porygon2|56/100
|move|p1a: Porygon2|Thunder Wave|p2a: Magnezone
|-status|p2a: Magnezone|par
|
|upkeep
|turn|4
|
|move|p1a: Porygon2|Recover|p1a: Porygon2
|-heal|p1a: Porygon2|100/100
|move|p2a: Magnezone|Flash Cannon|p1a: Porygon2
|-damage|p1a: Porygon2|58/100
|
|upkeep
|turn|5
|
|move|p1a: Porygon2|Recover|p1a: Porygon2
|-heal|p1a: Porygon2|100/100
|move|p2a: Magnezone|Flash Cannon|p1a: Porygon2
|-damage|p1a: Porygon2|55/100
|
|upkeep
|turn|6
|
|move|p1a: Porygon2|Recover|p1a: Porygon2
|-heal|p1a: Porygon2|100/100
|cant|p2a: Magnezone|par
|
|upkeep
|turn|7
|
|move|p1a: Porygon2|Ice Beam|p2a: Magnezone
|-resisted|p2a: Magnezone
|-crit|p2a: Magnezone
|-damage|p2a: Magnezone|71/100 par
|move|p2a: Magnezone|Flash Cannon|p1a: Porygon2
|-damage|p1a: Porygon2|58/100
|
|upkeep
|turn|8
|
|move|p1a: Porygon2|Recover|p1a: Porygon2
|-heal|p1a: Porygon2|100/100
|cant|p2a: Magnezone|par
|
|upkeep
|turn|9
|
|move|p1a: Porygon2|Ice Beam|p2a: Magnezone
|-resisted|p2a: Magnezone
|-damage|p2a: Magnezone|57/100 par
|move|p2a: Magnezone|Flash Cannon|p1a: Porygon2
|-damage|p1a: Porygon2|57/100
|
|upkeep
|turn|10
|
|move|p1a: Porygon2|Recover|p1a: Porygon2
|-heal|p1a: Porygon2|100/100
|move|p2a: Magnezone|Flash Cannon|p1a: Porygon2
|-damage|p1a: Porygon2|59/100
|-unboost|p1a: Porygon2|spd|1
|
|upkeep
|turn|11
|
|switch|p1a: Starmie|Starmie|100/100
|cant|p2a: Magnezone|par
|
|upkeep
|turn|12
|
|switch|p2a: Mamoswine|Mamoswine, M|100/100
|move|p1a: Starmie|Toxic|p2a: Mamoswine|[miss]
|-miss|p1a: Starmie|p2a: Mamoswine
|
|upkeep
|turn|13
|
|move|p1a: Starmie|Scald|p2a: Mamoswine
|-supereffective|p2a: Mamoswine
|-damage|p2a: Mamoswine|27/100
|move|p2a: Mamoswine|Endeavor|p1a: Starmie
|-damage|p1a: Starmie|30/100
|
|-heal|p1a: Starmie|36/100|[from] item: Leftovers
|upkeep
|turn|14
|
|move|p1a: Starmie|Scald|p2a: Mamoswine
|-supereffective|p2a: Mamoswine
|-crit|p2a: Mamoswine
|-damage|p2a: Mamoswine|0 fnt
|faint|p2a: Mamoswine
|
|-heal|p1a: Starmie|43/100|[from] item: Leftovers
|upkeep
|
|switch|p2a: Scizor|Scizor, F|100/100
|turn|15
|
|move|p1a: Starmie|Scald|p2a: Scizor
|-damage|p2a: Scizor|70/100
|move|p2a: Scizor|U-turn|p1a: Starmie
|-supereffective|p1a: Starmie
|-damage|p1a: Starmie|0 fnt
|faint|p1a: Starmie
|
|switch|p2a: Latios|Latios, M|100/100|[from]move: U-turn
|
|upkeep
|
|switch|p1a: Landorus|Landorus-Therian, M|100/100
|-ability|p1a: Landorus|Intimidate|boost
|-unboost|p2a: Latios|atk|1
|turn|16
|
|move|p1a: Landorus|U-turn|p2a: Latios
|-supereffective|p2a: Latios
|-damage|p2a: Latios|28/100
|
|switch|p1a: Ferrothorn|Ferrothorn, M|63/100|[from]move: U-turn
|move|p2a: Latios|Hidden Power|p1a: Ferrothorn
|-supereffective|p1a: Ferrothorn
|-damage|p1a: Ferrothorn|0 fnt
|faint|p1a: Ferrothorn
|
|upkeep
|
|switch|p1a: Porygon2|Porygon2|59/100
|-ability|p1a: Porygon2|Levitate|[from] ability: Trace|[of] p2a: Latios
|turn|17
|
|switch|p2a: Kyurem|Kyurem-Black|100/100
|-ability|p2a: Kyurem|Teravolt
|move|p1a: Porygon2|Thunder Wave|p2a: Kyurem
|-status|p2a: Kyurem|par
|
|upkeep
|turn|18
|
|switch|p1a: Landorus|Landorus-Therian, M|100/100
|-ability|p1a: Landorus|Intimidate|boost
|-unboost|p2a: Kyurem|atk|1
|move|p2a: Kyurem|Outrage|p1a: Landorus
|-damage|p1a: Landorus|9/100
|
|upkeep
|turn|19
|j| lalban
|
|move|p1a: Landorus|Earthquake|p2a: Kyurem
|-damage|p2a: Kyurem|50/100 par
|move|p2a: Kyurem|Outrage|p1a: Landorus|[from]lockedmove
|-damage|p1a: Landorus|0 fnt
|-start|p2a: Kyurem|confusion|[fatigue]
|faint|p1a: Landorus
|
|upkeep
|
|switch|p1a: Mew|Mew|100/100
|turn|20
|l| lalban
|
|switch|p2a: Latios|Latios, M|28/100
|move|p1a: Mew|Barrier|p1a: Mew
|-boost|p1a: Mew|def|2
|
|upkeep
|turn|21
|
|switch|p1a: Porygon2|Porygon2|59/100
|-ability|p1a: Porygon2|Levitate|[from] ability: Trace|[of] p2a: Latios
|move|p2a: Latios|Draco Meteor|p1a: Porygon2|[miss]
|-miss|p2a: Latios|p1a: Porygon2
|
|upkeep
|turn|22
|
|move|p2a: Latios|Draco Meteor|p1a: Porygon2
|-damage|p1a: Porygon2|0 fnt
|-unboost|p2a: Latios|spa|2
|faint|p1a: Porygon2
|
|upkeep
|
|switch|p1a: Mew|Mew|100/100
|turn|23
|
|switch|p2a: Magnezone|Magnezone|57/100 par
|move|p1a: Mew|Barrier|p1a: Mew
|-boost|p1a: Mew|def|2
|
|upkeep
|turn|24
|
|move|p1a: Mew|Calm Mind|p1a: Mew
|-boost|p1a: Mew|spa|1
|-boost|p1a: Mew|spd|1
|cant|p2a: Magnezone|par
|
|upkeep
|turn|25
|
|move|p1a: Mew|Calm Mind|p1a: Mew
|-boost|p1a: Mew|spa|1
|-boost|p1a: Mew|spd|1
|move|p2a: Magnezone|Thunderbolt|p1a: Mew
|-damage|p1a: Mew|64/100
|
|-heal|p1a: Mew|70/100|[from] item: Leftovers
|upkeep
|turn|26
|
|switch|p2a: Scizor|Scizor, F|70/100
|move|p1a: Mew|Calm Mind|p1a: Mew
|-boost|p1a: Mew|spa|1
|-boost|p1a: Mew|spd|1
|
|-heal|p1a: Mew|76/100|[from] item: Leftovers
|upkeep
|turn|27
|inactive|Battle timer is ON: inactive players will automatically lose when time's up. (requested by cherif18)
|c|☆porrompompom|no crits god, it's only thing i'm asking for now
|
|move|p1a: Mew|Barrier|p1a: Mew
|-boost|p1a: Mew|def|2
|move|p2a: Scizor|U-turn|p1a: Mew
|-supereffective|p1a: Mew
|-damage|p1a: Mew|43/100
|
|switch|p2a: Kyurem|Kyurem-Black|50/100 par|[from]move: U-turn
|-ability|p2a: Kyurem|Teravolt
|
|-heal|p1a: Mew|50/100|[from] item: Leftovers
|upkeep
|turn|28
|
|move|p1a: Mew|Barrier|p1a: Mew
|-boost|p1a: Mew|def|2
|move|p2a: Kyurem|Outrage|p1a: Mew
|-damage|p1a: Mew|23/100
|
|-heal|p1a: Mew|29/100|[from] item: Leftovers
|upkeep
|turn|29
|
|move|p1a: Mew|Baton Pass|p1a: Mew
|
|switch|p1a: Hydreigon|Hydreigon, M|100/100|[from]move: Baton Pass
|move|p2a: Kyurem|Outrage|p1a: Hydreigon|[from]lockedmove
|-supereffective|p1a: Hydreigon
|-damage|p1a: Hydreigon|41/100
|
|-heal|p1a: Hydreigon|47/100|[from] item: Leftovers
|upkeep
|turn|30
|
|move|p1a: Hydreigon|Roost|p1a: Hydreigon
|-heal|p1a: Hydreigon|97/100
|-singleturn|p1a: Hydreigon|move: Roost
|move|p2a: Kyurem|Outrage|p1a: Hydreigon|[from]lockedmove
|-supereffective|p1a: Hydreigon
|-damage|p1a: Hydreigon|42/100
|-start|p2a: Kyurem|confusion|[fatigue]
|
|-heal|p1a: Hydreigon|48/100|[from] item: Leftovers
|upkeep
|turn|31
|
|move|p1a: Hydreigon|Roost|p1a: Hydreigon
|-heal|p1a: Hydreigon|98/100
|-singleturn|p1a: Hydreigon|move: Roost
|-activate|p2a: Kyurem|confusion
|move|p2a: Kyurem|Outrage|p1a: Hydreigon
|-supereffective|p1a: Hydreigon
|-damage|p1a: Hydreigon|38/100
|
|-heal|p1a: Hydreigon|45/100|[from] item: Leftovers
|upkeep
|turn|32
|
|move|p1a: Hydreigon|Roost|p1a: Hydreigon
|-heal|p1a: Hydreigon|95/100
|-singleturn|p1a: Hydreigon|move: Roost
|-end|p2a: Kyurem|confusion
|move|p2a: Kyurem|Outrage|p1a: Hydreigon|[from]lockedmove
|-supereffective|p1a: Hydreigon
|-damage|p1a: Hydreigon|35/100
|
|-heal|p1a: Hydreigon|42/100|[from] item: Leftovers
|upkeep
|turn|33
|
|move|p1a: Hydreigon|Roost|p1a: Hydreigon
|-heal|p1a: Hydreigon|92/100
|-singleturn|p1a: Hydreigon|move: Roost
|cant|p2a: Kyurem|par
|
|-heal|p1a: Hydreigon|98/100|[from] item: Leftovers
|-start|p2a: Kyurem|confusion|[fatigue]
|upkeep
|turn|34
|
|move|p1a: Hydreigon|Dragon Pulse|p2a: Kyurem
|-supereffective|p2a: Kyurem
|-damage|p2a: Kyurem|0 fnt
|faint|p2a: Kyurem
|
|-heal|p1a: Hydreigon|100/100|[from] item: Leftovers
|upkeep
|
|switch|p2a: Scizor|Scizor, F|70/100
|turn|35
|
|move|p1a: Hydreigon|Focus Blast|p2a: Scizor
|-damage|p2a: Scizor|0 fnt
|faint|p2a: Scizor
|
|upkeep
|
|switch|p2a: Latios|Latios, M|28/100
|turn|36
|
|move|p2a: Latios|Draco Meteor|p1a: Hydreigon|[miss]
|-miss|p2a: Latios|p1a: Hydreigon
|move|p1a: Hydreigon|Roost||[still]
|-fail|p1a: Hydreigon|heal
|
|upkeep
|turn|37
|
|move|p2a: Latios|Draco Meteor|p1a: Hydreigon
|-supereffective|p1a: Hydreigon
|-damage|p1a: Hydreigon|13/100
|-unboost|p2a: Latios|spa|2
|move|p1a: Hydreigon|Roost|p1a: Hydreigon
|-heal|p1a: Hydreigon|63/100
|-singleturn|p1a: Hydreigon|move: Roost
|
|-heal|p1a: Hydreigon|69/100|[from] item: Leftovers
|upkeep
|turn|38
|j| lalban
|
|move|p2a: Latios|Draco Meteor|p1a: Hydreigon
|-supereffective|p1a: Hydreigon
|-damage|p1a: Hydreigon|26/100
|-unboost|p2a: Latios|spa|2
|move|p1a: Hydreigon|Roost|p1a: Hydreigon
|-heal|p1a: Hydreigon|76/100
|-singleturn|p1a: Hydreigon|move: Roost
|
|-heal|p1a: Hydreigon|82/100|[from] item: Leftovers
|upkeep
|turn|39
|
|move|p2a: Latios|Draco Meteor|p1a: Hydreigon|[miss]
|-miss|p2a: Latios|p1a: Hydreigon
|move|p1a: Hydreigon|Dragon Pulse|p2a: Latios
|-supereffective|p2a: Latios
|-damage|p2a: Latios|0 fnt
|faint|p2a: Latios
|
|-heal|p1a: Hydreigon|89/100|[from] item: Leftovers
|upkeep
|
|switch|p2a: Salamence|Salamence, M|100/100
|turn|40
|
|move|p2a: Salamence|Outrage|p1a: Hydreigon
|-supereffective|p1a: Hydreigon
|-damage|p1a: Hydreigon|57/100
|move|p1a: Hydreigon|Dragon Pulse|p2a: Salamence
|-supereffective|p2a: Salamence
|-damage|p2a: Salamence|0 fnt
|faint|p2a: Salamence
|
|-heal|p1a: Hydreigon|63/100|[from] item: Leftovers
|upkeep
|
|switch|p2a: Magnezone|Magnezone|57/100 par
|turn|41
|-message|cherif18 forfeited.
|
|win|porrompompom
|l|☆cherif18
|raw|porrompompom's rating: 1617 &rarr; <strong>1627</strong><br />(+10 for winning)
|raw|cherif18's rating: 1435 &rarr; <strong>1425</strong><br />(-10 for losing)
