|j|☆scrublord999
|j|☆blossummm
|t:|1717113103
|gametype|singles
|player|p1|scrublord999|burglar|1357
|player|p2|blossummm|bianca|1463
|teamsize|p1|6
|teamsize|p2|6
|gen|5
|tier|[Gen 5] OU
|rated|
|rule|Species Clause: Limit one of each Pokémon
|rule|OHKO Clause: OHKO moves are banned
|rule|Moody Clause: Moody is banned
|rule|Evasion Items Clause: Evasion items are banned
|rule|Evasion Moves Clause: Evasion moves are banned
|rule|Endless Battle Clause: Forcing endless battles is banned
|rule|HP Percentage Mod: HP is shown in percentages
|rule|Evasion Abilities Clause: Evasion abilities are banned
|rule|Sleep Moves Clause: Sleep-inducing moves are banned
|rule|Swagger Clause: Swagger is banned
|rule|Baton Pass Stat Clause: No Baton Passer may have a way to boost its stats
|clearpoke
|poke|p1|Abomasnow, F|item
|poke|p1|Forretress, M|item
|poke|p1|Jellicent, M|item
|poke|p1|Heatran, F|item
|poke|p1|Mamoswine, M|item
|poke|p1|Latios, M|item
|poke|p2|Skarmory, F|item
|poke|p2|Latios, M|item
|poke|p2|Jellicent, F|item
|poke|p2|Tyranitar, F|item
|poke|p2|Alakazam, F|item
|poke|p2|Garchomp, F|item
|teampreview
|inactive|Battle timer is ON: inactive players will automatically lose when time's up. (requested by scrublord999)
|
|t:|1717113119
|start
|switch|p1a: Abomasnow|Abomasnow, F|100/100
|switch|p2a: Skarmory|Skarmory, F|100/100
|-weather|Hail|[from] ability: Snow Warning|[of] p1a: Abomasnow
|turn|1
|
|t:|1717113125
|move|p1a: Abomasnow|Blizzard|p2a: Skarmory
|-damage|p2a: Skarmory|13/100
|move|p2a: Skarmory|Stealth Rock|p1a: Abomasnow
|-sidestart|p1: scrublord999|move: Stealth Rock
|
|-weather|Hail|[upkeep]
|-damage|p2a: Skarmory|7/100|[from] Hail
|upkeep
|turn|2
|-enditem|p2a: Skarmory|Custap Berry|[eat]
|-activate|p2a: Skarmory|item: Custap Berry|[consumed]
|
|t:|1717113132
|move|p2a: Skarmory|Spikes|p1a: Abomasnow
|-sidestart|p1: scrublord999|Spikes
|move|p1a: Abomasnow|Blizzard|p2a: Skarmory
|-damage|p2a: Skarmory|0 fnt
|faint|p2a: Skarmory
|
|-weather|Hail|[upkeep]
|upkeep
|
|t:|1717113158
|switch|p2a: Tyranitar|Tyranitar, F, shiny|100/100
|-weather|Sandstorm|[from] ability: Sand Stream|[of] p2a: Tyranitar
|turn|3
|
|t:|1717113169
|switch|p1a: Forretress|Forretress, M|100/100
|-damage|p1a: Forretress|88/100|[from] Stealth Rock
|-damage|p1a: Forretress|76/100|[from] Spikes
|move|p2a: Tyranitar|Superpower|p1a: Forretress
|-damage|p1a: Forretress|55/100
|-unboost|p2a: Tyranitar|atk|1
|-unboost|p2a: Tyranitar|def|1
|
|-weather|Sandstorm|[upkeep]
|-heal|p1a: Forretress|62/100|[from] item: Leftovers
|upkeep
|turn|4
|
|t:|1717113175
|switch|p2a: Jellicent|Jellicent, F|100/100
|move|p1a: Forretress|Stealth Rock|p2a: Jellicent
|-sidestart|p2: blossummm|move: Stealth Rock
|
|-weather|Sandstorm|[upkeep]
|-damage|p2a: Jellicent|94/100|[from] Sandstorm
|-heal|p2a: Jellicent|100/100|[from] item: Leftovers
|-heal|p1a: Forretress|68/100|[from] item: Leftovers
|upkeep
|turn|5
|
|t:|1717113181
|move|p2a: Jellicent|Will-O-Wisp|p1a: Forretress
|-status|p1a: Forretress|brn
|move|p1a: Forretress|Volt Switch|p2a: Jellicent
|-supereffective|p2a: Jellicent
|-damage|p2a: Jellicent|86/100
|
|t:|1717113187
|switch|p1a: Abomasnow|Abomasnow, F|100/100|[from] Volt Switch
|-damage|p1a: Abomasnow|76/100|[from] Stealth Rock
|-damage|p1a: Abomasnow|63/100|[from] Spikes
|-weather|Hail|[from] ability: Snow Warning|[of] p1a: Abomasnow
|
|-weather|Hail|[upkeep]
|-damage|p2a: Jellicent|79/100|[from] Hail
|-heal|p2a: Jellicent|86/100|[from] item: Leftovers
|upkeep
|turn|6
|
|t:|1717113203
|move|p1a: Abomasnow|Giga Drain|p2a: Jellicent
|-supereffective|p2a: Jellicent
|-crit|p2a: Jellicent
|-damage|p2a: Jellicent|0 fnt
|-heal|p1a: Abomasnow|100/100|[from] drain|[of] p2a: Jellicent
|faint|p2a: Jellicent
|
|-weather|Hail|[upkeep]
|upkeep
|c|☆scrublord999|sheesh
|inactive|blossummm has 120 seconds left.
|
|t:|1717113227
|switch|p2a: Alakazam|Alakazam, F|100/100
|turn|7
|
|t:|1717113247
|switch|p1a: Jellicent|Jellicent, M|100/100
|-damage|p1a: Jellicent|88/100|[from] Stealth Rock
|-damage|p1a: Jellicent|76/100|[from] Spikes
|move|p2a: Alakazam|Hidden Power|p1a: Jellicent
|-resisted|p1a: Jellicent
|-damage|p1a: Jellicent|67/100
|
|-weather|Hail|[upkeep]
|-damage|p1a: Jellicent|61/100|[from] Hail
|upkeep
|turn|8
|
|t:|1717113251
|move|p2a: Alakazam|Grass Knot|p1a: Jellicent
|-supereffective|p1a: Jellicent
|-damage|p1a: Jellicent|5/100
|move|p1a: Jellicent|Scald|p2a: Alakazam
|-damage|p2a: Alakazam|66/100
|
|-weather|Hail|[upkeep]
|-damage|p1a: Jellicent|0 fnt|[from] Hail
|faint|p1a: Jellicent
|upkeep
|
|t:|1717113261
|switch|p1a: Mamoswine|Mamoswine, M|100/100
|-damage|p1a: Mamoswine|88/100|[from] Stealth Rock
|-damage|p1a: Mamoswine|76/100|[from] Spikes
|turn|9
|
|t:|1717113265
|move|p1a: Mamoswine|Ice Shard|p2a: Alakazam
|-crit|p2a: Alakazam
|-damage|p2a: Alakazam|0 fnt
|faint|p2a: Alakazam
|-damage|p1a: Mamoswine|66/100|[from] item: Life Orb
|
|-weather|Hail|[upkeep]
|upkeep
|c|☆scrublord999|i dont think that crit matters
|c|☆scrublord999|but
|c|☆scrublord999|XD
|c|☆blossummm|idk my zam has some bulk
|inactive|blossummm has 120 seconds left.
|c|☆scrublord999|hp or defense invested?
|c|☆blossummm|defense
|c|☆blossummm|iirc
|c|☆scrublord999|mm
|
|t:|1717113314
|switch|p2a: Latios|Latios, M|100/100
|-damage|p2a: Latios|88/100|[from] Stealth Rock
|turn|10
|inactive|scrublord999 has 120 seconds left.
|
|t:|1717113370
|move|p1a: Mamoswine|Ice Shard|p2a: Latios
|-supereffective|p2a: Latios
|-damage|p2a: Latios|8/100
|-damage|p1a: Mamoswine|56/100|[from] item: Life Orb
|move|p2a: Latios|Surf|p1a: Mamoswine
|-supereffective|p1a: Mamoswine
|-damage|p1a: Mamoswine|0 fnt
|faint|p1a: Mamoswine
|
|-weather|Hail|[upkeep]
|-damage|p2a: Latios|2/100|[from] Hail
|upkeep
|
|t:|1717113377
|switch|p1a: Forretress|Forretress, M|68/100 brn
|-damage|p1a: Forretress|55/100 brn|[from] Stealth Rock
|-damage|p1a: Forretress|43/100 brn|[from] Spikes
|turn|11
|
|t:|1717113382
|move|p2a: Latios|Hidden Power|p1a: Forretress
|-supereffective|p1a: Forretress
|-damage|p1a: Forretress|0 fnt
|faint|p1a: Forretress
|
|-weather|Hail|[upkeep]
|-damage|p2a: Latios|0 fnt|[from] Hail
|faint|p2a: Latios
|upkeep
|j| Neighthan Trainer
|
|t:|1717113402
|switch|p2a: Tyranitar|Tyranitar, F, shiny|100/100
|switch|p1a: Latios|Latios, M|100/100
|-damage|p1a: Latios|88/100|[from] Stealth Rock
|-damage|p2a: Tyranitar|88/100|[from] Stealth Rock
|-weather|Sandstorm|[from] ability: Sand Stream|[of] p2a: Tyranitar
|turn|12
|
|t:|1717113407
|move|p1a: Latios|Surf|p2a: Tyranitar
|-supereffective|p2a: Tyranitar
|-crit|p2a: Tyranitar
|-damage|p2a: Tyranitar|31/100
|move|p2a: Tyranitar|Crunch|p1a: Latios
|-supereffective|p1a: Latios
|-damage|p1a: Latios|0 fnt
|faint|p1a: Latios
|
|-weather|Sandstorm|[upkeep]
|upkeep
|
|t:|1717113412
|switch|p1a: Abomasnow|Abomasnow, F|100/100
|-damage|p1a: Abomasnow|76/100|[from] Stealth Rock
|-damage|p1a: Abomasnow|63/100|[from] Spikes
|-weather|Hail|[from] ability: Snow Warning|[of] p1a: Abomasnow
|turn|13
|
|t:|1717113420
|move|p1a: Abomasnow|Giga Drain|p2a: Tyranitar
|-supereffective|p2a: Tyranitar
|-damage|p2a: Tyranitar|0 fnt
|-heal|p1a: Abomasnow|82/100|[from] drain|[of] p2a: Tyranitar
|faint|p2a: Tyranitar
|
|-weather|Hail|[upkeep]
|upkeep
|c|☆scrublord999|another crit
|c|☆scrublord999|lmao
|
|t:|1717113439
|switch|p2a: Garchomp|Garchomp, F|100/100
|-damage|p2a: Garchomp|94/100|[from] Stealth Rock
|turn|14
|
|t:|1717113453
|switch|p1a: Heatran|Heatran, F|100/100
|-damage|p1a: Heatran|88/100|[from] Stealth Rock
|-item|p1a: Heatran|Air Balloon
|move|p2a: Garchomp|Outrage|p1a: Heatran
|-resisted|p1a: Heatran
|-damage|p1a: Heatran|57/100
|-enditem|p1a: Heatran|Air Balloon
|
|-weather|Hail|[upkeep]
|-damage|p2a: Garchomp|88/100|[from] Hail
|-damage|p1a: Heatran|51/100|[from] Hail
|upkeep
|turn|15
|
|t:|1717113457
|move|p2a: Garchomp|Outrage|p1a: Heatran|[from]lockedmove
|-resisted|p1a: Heatran
|-crit|p1a: Heatran
|-damage|p1a: Heatran|0 fnt
|faint|p1a: Heatran
|-start|p2a: Garchomp|confusion|[fatigue]
|
|-weather|Hail|[upkeep]
|-damage|p2a: Garchomp|82/100|[from] Hail
|upkeep
|
|t:|1717113461
|switch|p1a: Abomasnow|Abomasnow, F|82/100
|-damage|p1a: Abomasnow|57/100|[from] Stealth Rock
|-damage|p1a: Abomasnow|45/100|[from] Spikes
|turn|16
|
|t:|1717113465
|-activate|p2a: Garchomp|confusion
|-damage|p2a: Garchomp|68/100|[from] confusion
|move|p1a: Abomasnow|Blizzard|p2a: Garchomp
|-supereffective|p2a: Garchomp
|-damage|p2a: Garchomp|0 fnt
|faint|p2a: Garchomp
|
|win|scrublord999
|raw|scrublord999's rating: 1357 &rarr; <strong>1383</strong><br />(+26 for winning)
|raw|blossummm's rating: 1463 &rarr; <strong>1437</strong><br />(-26 for losing)
|c|☆scrublord999|ah lmao
|c|☆scrublord999|gg
