|j|☆UnumGenus
|j|☆Jellium
|t:|1720484948
|gametype|singles
|player|p1|UnumGenus|102|1273
|player|p2|Jellium|scientist-gen4|1420
|teamsize|p1|6
|teamsize|p2|6
|gen|5
|tier|[Gen 5] OU
|rated|
|rule|Species Clause: Limit one of each Pokémon
|rule|OHKO Clause: OHKO moves are banned
|rule|Moody Clause: Moody is banned
|rule|Evasion Items Clause: Evasion items are banned
|rule|Evasion Moves Clause: Evasion moves are banned
|rule|Endless Battle Clause: Forcing endless battles is banned
|rule|HP Percentage Mod: HP is shown in percentages
|rule|Evasion Abilities Clause: Evasion abilities are banned
|rule|Sleep Moves Clause: Sleep-inducing moves are banned
|rule|Swagger Clause: Swagger is banned
|rule|Baton Pass Stat Clause: No Baton Passer may have a way to boost its stats
|clearpoke
|poke|p1|Terrakion|item
|poke|p1|Hitmontop, M|item
|poke|p1|Keldeo|item
|poke|p1|Conkeldurr, F|item
|poke|p1|Lucario, F|item
|poke|p1|Scrafty, M|item
|poke|p2|Tyranitar, F|item
|poke|p2|Rotom-Wash|item
|poke|p2|Landorus-Therian, M|item
|poke|p2|Jirachi|item
|poke|p2|Garchomp, M|item
|poke|p2|Latios, M|item
|teampreview
|inactive|Battle timer is ON: inactive players will automatically lose when time's up. (requested by UnumGenus)
|inactive|Jellium has 120 seconds left.
|
|t:|1720484984
|start
|switch|p1a: Terrakion|Terrakion|100/100
|switch|p2a: Genie Lion|Landorus-Therian, M|100/100
|-ability|p2a: Genie Lion|Intimidate|boost
|-unboost|p1a: Terrakion|atk|1
|turn|1
|
|t:|1720484991
|move|p2a: Genie Lion|Earthquake|p1a: Terrakion
|-supereffective|p1a: Terrakion
|-enditem|p1a: Terrakion|Focus Sash
|-damage|p1a: Terrakion|1/100
|move|p1a: Terrakion|Stealth Rock|p2a: Genie Lion
|-sidestart|p2: Jellium|move: Stealth Rock
|
|upkeep
|turn|2
|
|t:|1720484998
|switch|p1a: Hitmontop|Hitmontop, M|100/100
|-ability|p1a: Hitmontop|Intimidate|boost
|-unboost|p2a: Genie Lion|atk|1
|move|p2a: Genie Lion|Earthquake|p1a: Hitmontop
|-damage|p1a: Hitmontop|60/100
|
|-heal|p1a: Hitmontop|66/100|[from] item: Leftovers
|upkeep
|turn|3
|
|t:|1720485026
|switch|p2a: Worm from Dune|Garchomp, M|100/100
|-damage|p2a: Worm from Dune|94/100|[from] Stealth Rock
|move|p1a: Hitmontop|Toxic|p2a: Worm from Dune
|-status|p2a: Worm from Dune|tox
|
|-heal|p1a: Hitmontop|72/100|[from] item: Leftovers
|-damage|p2a: Worm from Dune|88/100 tox|[from] psn
|upkeep
|turn|4
|
|t:|1720485038
|move|p2a: Worm from Dune|Stealth Rock|p1a: Hitmontop
|-sidestart|p1: UnumGenus|move: Stealth Rock
|move|p1a: Hitmontop|Close Combat|p2a: Worm from Dune
|-damage|p2a: Worm from Dune|44/100 tox
|-unboost|p1a: Hitmontop|def|1
|-unboost|p1a: Hitmontop|spd|1
|-damage|p1a: Hitmontop|60/100|[from] ability: Rough Skin|[of] p2a: Worm from Dune
|
|-heal|p1a: Hitmontop|66/100|[from] item: Leftovers
|-damage|p2a: Worm from Dune|32/100 tox|[from] psn
|upkeep
|turn|5
|
|t:|1720485054
|move|p1a: Hitmontop|Mach Punch|p2a: Worm from Dune
|-damage|p2a: Worm from Dune|17/100 tox
|-damage|p1a: Hitmontop|53/100|[from] ability: Rough Skin|[of] p2a: Worm from Dune
|move|p2a: Worm from Dune|Earthquake|p1a: Hitmontop
|-damage|p1a: Hitmontop|0 fnt
|faint|p1a: Hitmontop
|-damage|p2a: Worm from Dune|7/100 tox|[from] item: Life Orb
|
|-damage|p2a: Worm from Dune|0 fnt|[from] psn
|faint|p2a: Worm from Dune
|upkeep
|
|t:|1720485070
|switch|p2a: Genie Lion|Landorus-Therian, M|100/100
|switch|p1a: Conkeldurr|Conkeldurr, F|100/100
|-damage|p2a: Genie Lion|88/100|[from] Stealth Rock
|-ability|p2a: Genie Lion|Intimidate|boost
|-unboost|p1a: Conkeldurr|atk|1
|-damage|p1a: Conkeldurr|94/100|[from] Stealth Rock
|turn|6
|
|t:|1720485080
|switch|p1a: Terrakion|Terrakion|1/100
|-damage|p1a: Terrakion|0 fnt|[from] Stealth Rock
|faint|p1a: Terrakion
|move|p2a: Genie Lion|U-turn|p1: Terrakion|[notarget]
|-fail|p2a: Genie Lion
|
|upkeep
|
|t:|1720485092
|switch|p1a: Keldeo|Keldeo|100/100
|-damage|p1a: Keldeo|94/100|[from] Stealth Rock
|turn|7
|
|t:|1720485102
|switch|p2a: Blue Oyster Cult|Tyranitar, F|100/100
|-damage|p2a: Blue Oyster Cult|88/100|[from] Stealth Rock
|-weather|Sandstorm|[from] ability: Sand Stream|[of] p2a: Blue Oyster Cult
|move|p1a: Keldeo|Substitute|p1a: Keldeo
|-start|p1a: Keldeo|Substitute
|-damage|p1a: Keldeo|69/100
|
|-weather|Sandstorm|[upkeep]
|-damage|p1a: Keldeo|63/100|[from] Sandstorm
|-heal|p1a: Keldeo|69/100|[from] item: Leftovers
|upkeep
|turn|8
|
|t:|1720485120
|switch|p2a: Starscream|Latios, M|100/100
|-damage|p2a: Starscream|88/100|[from] Stealth Rock
|move|p1a: Keldeo|Calm Mind|p1a: Keldeo
|-boost|p1a: Keldeo|spa|1
|-boost|p1a: Keldeo|spd|1
|
|-weather|Sandstorm|[upkeep]
|-damage|p2a: Starscream|82/100|[from] Sandstorm
|-damage|p1a: Keldeo|63/100|[from] Sandstorm
|-heal|p1a: Keldeo|69/100|[from] item: Leftovers
|upkeep
|turn|9
|
|t:|1720485132
|move|p2a: Starscream|Draco Meteor|p1a: Keldeo|[miss]
|-miss|p2a: Starscream|p1a: Keldeo
|move|p1a: Keldeo|Calm Mind|p1a: Keldeo
|-boost|p1a: Keldeo|spa|1
|-boost|p1a: Keldeo|spd|1
|
|-weather|Sandstorm|[upkeep]
|-damage|p2a: Starscream|76/100|[from] Sandstorm
|-damage|p1a: Keldeo|63/100|[from] Sandstorm
|-heal|p1a: Keldeo|69/100|[from] item: Leftovers
|upkeep
|turn|10
|
|t:|1720485142
|move|p2a: Starscream|Draco Meteor|p1a: Keldeo
|-end|p1a: Keldeo|Substitute
|-unboost|p2a: Starscream|spa|2
|move|p1a: Keldeo|Calm Mind|p1a: Keldeo
|-boost|p1a: Keldeo|spa|1
|-boost|p1a: Keldeo|spd|1
|
|-weather|Sandstorm|[upkeep]
|-damage|p2a: Starscream|70/100|[from] Sandstorm
|-damage|p1a: Keldeo|63/100|[from] Sandstorm
|-heal|p1a: Keldeo|69/100|[from] item: Leftovers
|upkeep
|turn|11
|
|t:|1720485159
|switch|p2a: Samsung|Rotom-Wash|100/100
|-damage|p2a: Samsung|88/100|[from] Stealth Rock
|move|p1a: Keldeo|Substitute|p1a: Keldeo
|-start|p1a: Keldeo|Substitute
|-damage|p1a: Keldeo|45/100
|
|-weather|Sandstorm|[upkeep]
|-damage|p1a: Keldeo|38/100|[from] Sandstorm
|-damage|p2a: Samsung|82/100|[from] Sandstorm
|-heal|p1a: Keldeo|45/100|[from] item: Leftovers
|-heal|p2a: Samsung|88/100|[from] item: Leftovers
|upkeep
|turn|12
|
|t:|1720485169
|move|p1a: Keldeo|Scald|p2a: Samsung
|-resisted|p2a: Samsung
|-damage|p2a: Samsung|37/100
|move|p2a: Samsung|Volt Switch|p1a: Keldeo
|-supereffective|p1a: Keldeo
|-end|p1a: Keldeo|Substitute
|
|t:|1720485182
|switch|p2a: Genie Lion|Landorus-Therian, M|88/100|[from] Volt Switch
|-damage|p2a: Genie Lion|76/100|[from] Stealth Rock
|-ability|p2a: Genie Lion|Intimidate|boost
|-unboost|p1a: Keldeo|atk|1
|
|-weather|Sandstorm|[upkeep]
|-damage|p1a: Keldeo|38/100|[from] Sandstorm
|-heal|p1a: Keldeo|45/100|[from] item: Leftovers
|upkeep
|turn|13
|
|t:|1720485192
|move|p2a: Genie Lion|Earthquake|p1a: Keldeo
|-damage|p1a: Keldeo|6/100
|move|p1a: Keldeo|Scald|p2a: Genie Lion
|-supereffective|p2a: Genie Lion
|-damage|p2a: Genie Lion|0 fnt
|faint|p2a: Genie Lion
|
|-weather|Sandstorm|[upkeep]
|-damage|p1a: Keldeo|0 fnt|[from] Sandstorm
|faint|p1a: Keldeo
|upkeep
|
|t:|1720485207
|switch|p2a: Samsung|Rotom-Wash|37/100
|switch|p1a: Scrafty|Scrafty, M|100/100
|-damage|p2a: Samsung|25/100|[from] Stealth Rock
|-damage|p1a: Scrafty|95/100|[from] Stealth Rock
|turn|14
|
|t:|1720485213
|move|p2a: Samsung|Pain Split|p1a: Scrafty
|-sethp|p1a: Scrafty|60/100|[from] move: Pain Split|[silent]
|-sethp|p2a: Samsung|57/100|[from] move: Pain Split
|move|p1a: Scrafty|Dragon Dance|p1a: Scrafty
|-boost|p1a: Scrafty|atk|1
|-boost|p1a: Scrafty|spe|1
|
|-weather|Sandstorm|[upkeep]
|-damage|p1a: Scrafty|54/100|[from] Sandstorm
|-damage|p2a: Samsung|51/100|[from] Sandstorm
|-heal|p1a: Scrafty|60/100|[from] item: Leftovers
|-heal|p2a: Samsung|57/100|[from] item: Leftovers
|upkeep
|turn|15
|
|t:|1720485225
|move|p1a: Scrafty|Drain Punch|p2a: Samsung
|-damage|p2a: Samsung|0 fnt
|-heal|p1a: Scrafty|90/100|[from] drain|[of] p2a: Samsung
|faint|p2a: Samsung
|
|-weather|Sandstorm|[upkeep]
|-damage|p1a: Scrafty|84/100|[from] Sandstorm
|-heal|p1a: Scrafty|90/100|[from] item: Leftovers
|upkeep
|
|t:|1720485245
|switch|p2a: Starscream|Latios, M|70/100
|-damage|p2a: Starscream|58/100|[from] Stealth Rock
|turn|16
|
|t:|1720485249
|move|p2a: Starscream|Trick|p1a: Scrafty
|-activate|p2a: Starscream|move: Trick|[of] p1a: Scrafty
|-item|p1a: Scrafty|Choice Specs|[from] move: Trick
|-item|p2a: Starscream|Leftovers|[from] move: Trick
|move|p1a: Scrafty|Crunch|p2a: Starscream
|-supereffective|p2a: Starscream
|-damage|p2a: Starscream|0 fnt
|faint|p2a: Starscream
|
|-weather|Sandstorm|[upkeep]
|-damage|p1a: Scrafty|84/100|[from] Sandstorm
|upkeep
|
|t:|1720485253
|switch|p2a: Steel Asshole|Jirachi|100/100
|-damage|p2a: Steel Asshole|94/100|[from] Stealth Rock
|turn|17
|
|t:|1720485263
|move|p2a: Steel Asshole|Thunder|p1a: Scrafty
|-crit|p1a: Scrafty
|-damage|p1a: Scrafty|19/100
|-status|p1a: Scrafty|par
|move|p1a: Scrafty|Crunch|p2a: Steel Asshole
|-damage|p2a: Steel Asshole|31/100
|
|-weather|Sandstorm|[upkeep]
|-damage|p1a: Scrafty|13/100 par|[from] Sandstorm
|-activate|p1a: Scrafty|ability: Shed Skin
|-curestatus|p1a: Scrafty|par|[msg]
|upkeep
|turn|18
|
|t:|1720485276
|move|p2a: Steel Asshole|Iron Head|p1a: Scrafty
|-damage|p1a: Scrafty|0 fnt
|faint|p1a: Scrafty
|
|-weather|Sandstorm|[upkeep]
|upkeep
|
|t:|1720485281
|switch|p1a: Conkeldurr|Conkeldurr, F|94/100
|-damage|p1a: Conkeldurr|88/100|[from] Stealth Rock
|turn|19
|
|t:|1720485290
|move|p2a: Steel Asshole|Iron Head|p1a: Conkeldurr
|-damage|p1a: Conkeldurr|60/100
|cant|p1a: Conkeldurr|flinch
|
|-weather|Sandstorm|[upkeep]
|-damage|p1a: Conkeldurr|54/100|[from] Sandstorm
|-heal|p1a: Conkeldurr|60/100|[from] item: Leftovers
|upkeep
|turn|20
|
|t:|1720485298
|move|p1a: Conkeldurr|Mach Punch|p2a: Steel Asshole
|-damage|p2a: Steel Asshole|0 fnt
|faint|p2a: Steel Asshole
|
|-weather|Sandstorm|[upkeep]
|-damage|p1a: Conkeldurr|54/100|[from] Sandstorm
|-heal|p1a: Conkeldurr|60/100|[from] item: Leftovers
|upkeep
|
|t:|1720485301
|switch|p2a: Blue Oyster Cult|Tyranitar, F|88/100
|-damage|p2a: Blue Oyster Cult|76/100|[from] Stealth Rock
|turn|21
|
|t:|1720485310
|move|p1a: Conkeldurr|Mach Punch|p2a: Blue Oyster Cult
|-supereffective|p2a: Blue Oyster Cult
|-enditem|p2a: Blue Oyster Cult|Chople Berry|[eat]
|-enditem|p2a: Blue Oyster Cult|Chople Berry|[weaken]
|-damage|p2a: Blue Oyster Cult|28/100
|move|p2a: Blue Oyster Cult|Ice Punch|p1a: Conkeldurr
|-damage|p1a: Conkeldurr|36/100
|
|-weather|Sandstorm|[upkeep]
|-damage|p1a: Conkeldurr|30/100|[from] Sandstorm
|-heal|p1a: Conkeldurr|36/100|[from] item: Leftovers
|upkeep
|turn|22
|-message|Jellium forfeited.
|
|win|UnumGenus
|raw|UnumGenus's rating: 1273 &rarr; <strong>1308</strong><br />(+35 for winning)
|raw|Jellium's rating: 1420 &rarr; <strong>1392</strong><br />(-28 for losing)
|l|☆Jellium
|player|p2|
