|j|☆ZBUEB
|j|☆daddy_days2
|t:|1746398922
|gametype|singles
|player|p1|ZBUEB|102|1343
|player|p2|daddy_days2|benga|1406
|teamsize|p1|6
|teamsize|p2|6
|gen|5
|tier|[Gen 5] OU
|rated|
|rule|Species Clause: Limit one of each Pokémon
|rule|OHKO Clause: OHKO moves are banned
|rule|Moody Clause: Moody is banned
|rule|Evasion Items Clause: Evasion items are banned
|rule|Evasion Moves Clause: Evasion moves are banned
|rule|Endless Battle Clause: Forcing endless battles is banned
|rule|HP Percentage Mod: HP is shown in percentages
|rule|Evasion Abilities Clause: Evasion abilities are banned
|rule|Sleep Moves Clause: Sleep-inducing moves are banned
|rule|Swagger Clause: Swagger is banned
|rule|Baton Pass Stat Clause: No Baton Passer may have a way to boost its stats
|clearpoke
|poke|p1|Lucario, F|item
|poke|p1|Azelf|item
|poke|p1|Dragonite, M|item
|poke|p1|Garchomp, M|item
|poke|p1|Starmie|item
|poke|p1|Volcarona, M|item
|poke|p2|Kyurem-Black|item
|poke|p2|Garchomp, M|item
|poke|p2|Conkeldurr, M|item
|poke|p2|Starmie|item
|poke|p2|Bisharp, F|item
|poke|p2|Scyther, M|item
|teampreview
|inactive|Battle timer is ON: inactive players will automatically lose when time's up. (requested by ZBUEB)
|
|t:|1746398957
|start
|switch|p1a: Azelf|Azelf|100/100
|switch|p2a: Blade|Scyther, M|100/100
|turn|1
|
|t:|1746398963
|move|p2a: Blade|U-turn|p1a: Azelf
|-supereffective|p1a: Azelf
|-enditem|p1a: Azelf|Focus Sash
|-damage|p1a: Azelf|1/100
|
|t:|1746398968
|switch|p2a: Starlight|Starmie|100/100|[from] U-turn
|move|p1a: Azelf|Stealth Rock|p2a: Starlight
|-sidestart|p2: daddy_days2|move: Stealth Rock
|
|upkeep
|turn|2
|
|t:|1746398974
|move|p2a: Starlight|Rapid Spin|p1a: Azelf
|-crit|p1a: Azelf
|-damage|p1a: Azelf|0 fnt
|-sideend|p2: daddy_days2|Stealth Rock|[from] move: Rapid Spin|[of] p2a: Starlight
|faint|p1a: Azelf
|
|upkeep
|
|t:|1746398993
|switch|p1a: Dragonite|Dragonite, M|100/100
|turn|3
|
|t:|1746399017
|move|p2a: Starlight|Thunder Wave|p1a: Dragonite
|-status|p1a: Dragonite|par
|-enditem|p1a: Dragonite|Lum Berry|[eat]
|-curestatus|p1a: Dragonite|par|[msg]
|move|p1a: Dragonite|Dragon Dance|p1a: Dragonite
|-boost|p1a: Dragonite|atk|1
|-boost|p1a: Dragonite|spe|1
|
|upkeep
|turn|4
|
|t:|1746399025
|move|p1a: Dragonite|Outrage|p2a: Starlight
|-damage|p2a: Starlight|0 fnt
|faint|p2a: Starlight
|
|upkeep
|
|t:|1746399032
|switch|p2a: Shrekster|Conkeldurr, M|100/100
|turn|5
|
|t:|1746399036
|move|p1a: Dragonite|Outrage|p2a: Shrekster|[from] lockedmove
|-damage|p2a: Shrekster|16/100
|move|p2a: Shrekster|Ice Punch|p1a: Dragonite
|-supereffective|p1a: Dragonite
|-crit|p1a: Dragonite
|-damage|p1a: Dragonite|0 fnt
|faint|p1a: Dragonite
|
|-heal|p2a: Shrekster|22/100|[from] item: Leftovers
|upkeep
|
|t:|1746399043
|switch|p1a: Volcarona|Volcarona, M|100/100
|turn|6
|
|t:|1746399049
|move|p1a: Volcarona|Quiver Dance|p1a: Volcarona
|-boost|p1a: Volcarona|spa|1
|-boost|p1a: Volcarona|spd|1
|-boost|p1a: Volcarona|spe|1
|move|p2a: Shrekster|Thunder Punch|p1a: Volcarona
|-damage|p1a: Volcarona|45/100
|
|-heal|p2a: Shrekster|28/100|[from] item: Leftovers
|upkeep
|turn|7
|
|t:|1746399059
|move|p2a: Shrekster|Mach Punch|p1a: Volcarona
|-resisted|p1a: Volcarona
|-damage|p1a: Volcarona|23/100
|move|p1a: Volcarona|Flamethrower|p2a: Shrekster
|-damage|p2a: Shrekster|0 fnt
|faint|p2a: Shrekster
|
|upkeep
|
|t:|1746399077
|switch|p2a: Adolf|Bisharp, F|100/100
|-item|p2a: Adolf|Air Balloon
|turn|8
|
|t:|1746399082
|move|p2a: Adolf|Sucker Punch||[still]
|-fail|p2a: Adolf
|move|p1a: Volcarona|Quiver Dance|p1a: Volcarona
|-boost|p1a: Volcarona|spa|1
|-boost|p1a: Volcarona|spd|1
|-boost|p1a: Volcarona|spe|1
|
|upkeep
|turn|9
|
|t:|1746399090
|move|p2a: Adolf|Sucker Punch||[still]
|-fail|p2a: Adolf
|move|p1a: Volcarona|Quiver Dance|p1a: Volcarona
|-boost|p1a: Volcarona|spa|1
|-boost|p1a: Volcarona|spd|1
|-boost|p1a: Volcarona|spe|1
|
|upkeep
|turn|10
|
|t:|1746399097
|move|p2a: Adolf|Sucker Punch|p1a: Volcarona
|-damage|p1a: Volcarona|0 fnt
|faint|p1a: Volcarona
|
|upkeep
|
|t:|1746399101
|switch|p1a: Lucario|Lucario, F|100/100
|turn|11
|
|t:|1746399106
|move|p1a: Lucario|Swords Dance|p1a: Lucario
|-boost|p1a: Lucario|atk|2
|move|p2a: Adolf|Brick Break|p1a: Lucario
|-supereffective|p1a: Lucario
|-damage|p1a: Lucario|14/100
|
|upkeep
|turn|12
|
|t:|1746399113
|switch|p2a: Painkiller|Garchomp, M|100/100
|move|p1a: Lucario|Extreme Speed|p2a: Painkiller
|-damage|p2a: Painkiller|60/100
|-damage|p1a: Lucario|1/100|[from] ability: Rough Skin|[of] p2a: Painkiller
|-damage|p1a: Lucario|0 fnt|[from] item: Rocky Helmet|[of] p2a: Painkiller
|faint|p1a: Lucario
|
|upkeep
|
|t:|1746399116
|switch|p1a: Starmie|Starmie|100/100
|-item|p1a: Starmie|Air Balloon
|turn|13
|
|t:|1746399130
|switch|p2a: Adolf|Bisharp, F|100/100
|-item|p2a: Adolf|Air Balloon
|move|p1a: Starmie|Surf|p2a: Adolf
|-damage|p2a: Adolf|30/100
|-enditem|p2a: Adolf|Air Balloon
|
|upkeep
|turn|14
|
|t:|1746399138
|-activate|p1a: Starmie|move: Pursuit
|move|p2a: Adolf|Pursuit|p1a: Starmie|[from] Pursuit
|-supereffective|p1a: Starmie
|-damage|p1a: Starmie|0 fnt
|-enditem|p1a: Starmie|Air Balloon
|faint|p1a: Starmie
|-hint|A Pokemon can't switch between when it runs out of HP and when it faints
|
|upkeep
|-message|ZBUEB forfeited.
|
|win|daddy_days2
|raw|ZBUEB's rating: 1343 &rarr; <strong>1327</strong><br />(-16 for losing)
|raw|daddy_days2's rating: 1406 &rarr; <strong>1422</strong><br />(+16 for winning)
|l|☆ZBUEB
|player|p1|
