|j|☆SuperClever
|j|☆thbigstuff27
|t:|1721637945
|gametype|singles
|player|p1|SuperClever|red|1315
|player|p2|thbigstuff27|iris-gen5bw2|1429
|teamsize|p1|6
|teamsize|p2|6
|gen|5
|tier|[Gen 5] OU
|rated|
|rule|Species Clause: Limit one of each Pokémon
|rule|OHKO Clause: OHKO moves are banned
|rule|Moody Clause: Moody is banned
|rule|Evasion Items Clause: Evasion items are banned
|rule|Evasion Moves Clause: Evasion moves are banned
|rule|Endless Battle Clause: Forcing endless battles is banned
|rule|HP Percentage Mod: HP is shown in percentages
|rule|Evasion Abilities Clause: Evasion abilities are banned
|rule|Sleep Moves Clause: Sleep-inducing moves are banned
|rule|Swagger Clause: Swagger is banned
|rule|Baton Pass Stat Clause: No Baton Passer may have a way to boost its stats
|clearpoke
|poke|p1|Latios, M|item
|poke|p1|Keldeo|item
|poke|p1|Landorus-Therian, M|item
|poke|p1|Tyranitar, F|item
|poke|p1|Volcarona, F|item
|poke|p1|Starmie|item
|poke|p2|Jirachi|item
|poke|p2|Politoed, M|item
|poke|p2|Landorus-Therian, M|item
|poke|p2|Starmie|item
|poke|p2|Dragonite, M|item
|poke|p2|Latios, M|item
|teampreview
|inactive|Battle timer is ON: inactive players will automatically lose when time's up. (requested by SuperClever)
|
|t:|1721637974
|start
|switch|p1a: Starmie|Starmie, shiny|100/100
|switch|p2a: Landorus|Landorus-Therian, M|100/100
|-ability|p2a: Landorus|Intimidate|boost
|-unboost|p1a: Starmie|atk|1
|turn|1
|inactive|SuperClever has 120 seconds left.
|
|t:|1721638010
|move|p2a: Landorus|U-turn|p1a: Starmie
|-supereffective|p1a: Starmie
|-damage|p1a: Starmie|55/100
|
|t:|1721638023
|switch|p2a: Politoed|Politoed, M|100/100|[from] U-turn
|-weather|RainDance|[from] ability: Drizzle|[of] p2a: Politoed
|move|p1a: Starmie|Trick|p2a: Politoed
|-activate|p1a: Starmie|move: Trick|[of] p2a: Politoed
|-item|p2a: Politoed|Choice Scarf|[from] move: Trick
|-item|p1a: Starmie|Leftovers|[from] move: Trick
|
|-weather|RainDance|[upkeep]
|-heal|p1a: Starmie|62/100|[from] item: Leftovers
|upkeep
|turn|2
|inactive|SuperClever has 120 seconds left.
|
|t:|1721638036
|move|p1a: Starmie|Scald|p2a: Politoed
|-resisted|p2a: Politoed
|-damage|p2a: Politoed|82/100
|move|p2a: Politoed|Scald|p1a: Starmie
|-resisted|p1a: Starmie
|-damage|p1a: Starmie|38/100
|-status|p1a: Starmie|brn
|
|-weather|RainDance|[upkeep]
|-heal|p1a: Starmie|45/100 brn|[from] item: Leftovers
|-damage|p1a: Starmie|32/100 brn|[from] brn
|upkeep
|turn|3
|inactive|SuperClever has 120 seconds left.
|
|t:|1721638049
|move|p1a: Starmie|Recover|p1a: Starmie
|-heal|p1a: Starmie|82/100 brn
|move|p2a: Politoed|Scald|p1a: Starmie
|-resisted|p1a: Starmie
|-damage|p1a: Starmie|61/100 brn
|
|-weather|RainDance|[upkeep]
|-heal|p1a: Starmie|67/100 brn|[from] item: Leftovers
|-damage|p1a: Starmie|55/100 brn|[from] brn
|upkeep
|turn|4
|
|t:|1721638058
|switch|p2a: Landorus|Landorus-Therian, M|100/100
|-ability|p2a: Landorus|Intimidate|boost
|-unboost|p1a: Starmie|atk|1
|move|p1a: Starmie|Recover|p1a: Starmie
|-heal|p1a: Starmie|100/100 brn
|
|-weather|RainDance|[upkeep]
|-damage|p1a: Starmie|88/100 brn|[from] brn
|upkeep
|turn|5
|
|t:|1721638067
|-curestatus|p1a: Starmie|brn|[from] ability: Natural Cure
|switch|p1a: Landorus|Landorus-Therian, M, shiny|100/100
|-ability|p1a: Landorus|Intimidate|boost
|-unboost|p2a: Landorus|atk|1
|move|p2a: Landorus|U-turn|p1a: Landorus
|-resisted|p1a: Landorus
|-damage|p1a: Landorus|93/100
|
|t:|1721638078
|switch|p2a: Latios|Latios, M|100/100|[from] U-turn
|
|-weather|RainDance|[upkeep]
|-heal|p1a: Landorus|99/100|[from] item: Leftovers
|upkeep
|turn|6
|
|t:|1721638098
|move|p2a: Latios|Surf|p1a: Landorus
|-supereffective|p1a: Landorus
|-damage|p1a: Landorus|19/100
|move|p1a: Landorus|Stealth Rock|p2a: Latios
|-sidestart|p2: thbigstuff27|move: Stealth Rock
|
|-weather|RainDance|[upkeep]
|-heal|p1a: Landorus|25/100|[from] item: Leftovers
|upkeep
|turn|7
|
|t:|1721638107
|switch|p1a: Starmie|Starmie, shiny|88/100
|move|p2a: Latios|Surf|p1a: Starmie
|-resisted|p1a: Starmie
|-damage|p1a: Starmie|55/100
|
|-weather|RainDance|[upkeep]
|-heal|p1a: Starmie|61/100|[from] item: Leftovers
|upkeep
|turn|8
|
|t:|1721638125
|switch|p2a: Starmie|Starmie|100/100
|-damage|p2a: Starmie|88/100|[from] Stealth Rock
|move|p1a: Starmie|Scald|p2a: Starmie
|-resisted|p2a: Starmie
|-damage|p2a: Starmie|58/100
|
|-weather|RainDance|[upkeep]
|-heal|p2a: Starmie|64/100|[from] item: Leftovers
|-heal|p1a: Starmie|67/100|[from] item: Leftovers
|upkeep
|turn|9
|inactive|SuperClever has 120 seconds left.
|
|t:|1721638153
|move|p2a: Starmie|Thunder|p1a: Starmie
|-supereffective|p1a: Starmie
|-damage|p1a: Starmie|0 fnt
|faint|p1a: Starmie
|
|-weather|RainDance|[upkeep]
|-heal|p2a: Starmie|70/100|[from] item: Leftovers
|upkeep
|
|t:|1721638161
|switch|p1a: Tyranitar|Tyranitar, F, shiny|100/100
|-weather|Sandstorm|[from] ability: Sand Stream|[of] p1a: Tyranitar
|turn|10
|inactive|SuperClever has 120 seconds left.
|
|t:|1721638167
|move|p2a: Starmie|Rapid Spin|p1a: Tyranitar
|-resisted|p1a: Tyranitar
|-damage|p1a: Tyranitar|99/100
|-sideend|p2: thbigstuff27|Stealth Rock|[from] move: Rapid Spin|[of] p2a: Starmie
|move|p1a: Tyranitar|Dragon Dance|p1a: Tyranitar
|-boost|p1a: Tyranitar|atk|1
|-boost|p1a: Tyranitar|spe|1
|
|-weather|Sandstorm|[upkeep]
|-damage|p2a: Starmie|64/100|[from] Sandstorm
|-heal|p2a: Starmie|70/100|[from] item: Leftovers
|upkeep
|turn|11
|inactive|SuperClever has 120 seconds left.
|
|t:|1721638177
|switch|p2a: Landorus|Landorus-Therian, M|100/100
|-ability|p2a: Landorus|Intimidate|boost
|-unboost|p1a: Tyranitar|atk|1
|move|p1a: Tyranitar|Dragon Dance|p1a: Tyranitar
|-boost|p1a: Tyranitar|atk|1
|-boost|p1a: Tyranitar|spe|1
|
|-weather|Sandstorm|[upkeep]
|upkeep
|turn|12
|inactive|SuperClever has 120 seconds left.
|
|t:|1721638191
|move|p1a: Tyranitar|Ice Punch|p2a: Landorus
|-supereffective|p2a: Landorus
|-damage|p2a: Landorus|0 fnt
|faint|p2a: Landorus
|
|-weather|Sandstorm|[upkeep]
|upkeep
|
|t:|1721638194
|switch|p2a: Politoed|Politoed, M|82/100
|-weather|RainDance|[from] ability: Drizzle|[of] p2a: Politoed
|turn|13
|
|t:|1721638201
|move|p1a: Tyranitar|Stone Edge|p2a: Politoed
|-damage|p2a: Politoed|21/100
|move|p2a: Politoed|Toxic|p1a: Tyranitar
|-status|p1a: Tyranitar|tox
|-enditem|p1a: Tyranitar|Lum Berry|[eat]
|-curestatus|p1a: Tyranitar|tox|[msg]
|
|-weather|RainDance|[upkeep]
|upkeep
|turn|14
|
|t:|1721638211
|move|p1a: Tyranitar|Stone Edge|p2a: Politoed
|-damage|p2a: Politoed|0 fnt
|faint|p2a: Politoed
|
|-weather|RainDance|[upkeep]
|upkeep
|
|t:|1721638218
|switch|p2a: Jirachi|Jirachi|100/100
|turn|15
|
|t:|1721638228
|move|p1a: Tyranitar|Fire Punch|p2a: Jirachi
|-supereffective|p2a: Jirachi
|-damage|p2a: Jirachi|65/100
|-status|p2a: Jirachi|brn
|move|p2a: Jirachi|Water Pulse|p1a: Tyranitar
|-supereffective|p1a: Tyranitar
|-damage|p1a: Tyranitar|37/100
|
|-weather|RainDance|[upkeep]
|-heal|p2a: Jirachi|71/100 brn|[from] item: Leftovers
|-damage|p2a: Jirachi|58/100 brn|[from] brn
|upkeep
|turn|16
|
|t:|1721638239
|move|p1a: Tyranitar|Fire Punch|p2a: Jirachi
|-supereffective|p2a: Jirachi
|-damage|p2a: Jirachi|24/100 brn
|move|p2a: Jirachi|Water Pulse|p1a: Tyranitar
|-supereffective|p1a: Tyranitar
|-damage|p1a: Tyranitar|0 fnt
|faint|p1a: Tyranitar
|
|-weather|RainDance|[upkeep]
|-heal|p2a: Jirachi|30/100 brn|[from] item: Leftovers
|-damage|p2a: Jirachi|17/100 brn|[from] brn
|upkeep
|inactive|SuperClever has 120 seconds left.
|inactive|SuperClever has 90 seconds left.
|
|t:|1721638312
|switch|p1a: Keldeo|Keldeo|100/100
|turn|17
|
|t:|1721638320
|switch|p2a: Starmie|Starmie|70/100
|move|p1a: Keldeo|Scald|p2a: Starmie
|-resisted|p2a: Starmie
|-damage|p2a: Starmie|0 fnt
|faint|p2a: Starmie
|
|-weather|RainDance|[upkeep]
|upkeep
|
|t:|1721638329
|switch|p2a: Dragonite|Dragonite, M|100/100
|turn|18
|
|t:|1721638333
|move|p1a: Keldeo|Scald|p2a: Dragonite
|-resisted|p2a: Dragonite
|-damage|p2a: Dragonite|75/100
|move|p2a: Dragonite|Outrage|p1a: Keldeo
|-damage|p1a: Keldeo|26/100
|
|-weather|RainDance|[upkeep]
|upkeep
|turn|19
|
|t:|1721638341
|move|p1a: Keldeo|Scald|p2a: Dragonite
|-resisted|p2a: Dragonite
|-damage|p2a: Dragonite|24/100
|-status|p2a: Dragonite|brn
|-enditem|p2a: Dragonite|Lum Berry|[eat]
|-curestatus|p2a: Dragonite|brn|[msg]
|move|p2a: Dragonite|Outrage|p1a: Keldeo|[from]lockedmove
|-damage|p1a: Keldeo|0 fnt
|faint|p1a: Keldeo
|-start|p2a: Dragonite|confusion|[fatigue]
|
|-weather|RainDance|[upkeep]
|upkeep
|inactive|SuperClever has 90 seconds left.
|
|t:|1721638377
|switch|p1a: Latios|Latios, M, shiny|100/100
|turn|20
|
|t:|1721638383
|switch|p2a: Jirachi|Jirachi|17/100 brn
|move|p1a: Latios|Psyshock|p2a: Jirachi
|-resisted|p2a: Jirachi
|-damage|p2a: Jirachi|4/100 brn
|
|-weather|RainDance|[upkeep]
|-heal|p2a: Jirachi|10/100 brn|[from] item: Leftovers
|-damage|p2a: Jirachi|0 fnt|[from] brn
|faint|p2a: Jirachi
|upkeep
|
|t:|1721638389
|switch|p2a: Latios|Latios, M|100/100
|turn|21
|inactive|SuperClever has 60 seconds left.
|
|t:|1721638432
|move|p1a: Latios|Psyshock|p2a: Latios
|-resisted|p2a: Latios
|-damage|p2a: Latios|57/100
|move|p2a: Latios|Surf|p1a: Latios
|-resisted|p1a: Latios
|-damage|p1a: Latios|70/100
|
|-weather|RainDance|[upkeep]
|upkeep
|turn|22
|
|t:|1721638443
|move|p1a: Latios|Psyshock|p2a: Latios
|-resisted|p2a: Latios
|-crit|p2a: Latios
|-damage|p2a: Latios|0 fnt
|faint|p2a: Latios
|
|-weather|RainDance|[upkeep]
|upkeep
|inactive|thbigstuff27 has 120 seconds left.
|c|☆thbigstuff27|no was not scarfed so i won
|c|☆thbigstuff27|bruh
|
|t:|1721638494
|switch|p2a: Dragonite|Dragonite, M|24/100
|turn|23
|
|t:|1721638497
|move|p2a: Dragonite|Extreme Speed|p1a: Latios
|-damage|p1a: Latios|28/100
|move|p1a: Latios|Psyshock|p2a: Dragonite
|-damage|p2a: Dragonite|0 fnt
|faint|p2a: Dragonite
|
|win|SuperClever
|raw|SuperClever's rating: 1315 &rarr; <strong>1341</strong><br />(+26 for winning)
|raw|thbigstuff27's rating: 1429 &rarr; <strong>1403</strong><br />(-26 for losing)
|l|☆thbigstuff27
|player|p2|
