|j|☆fffffffffffwe
|j|☆the great gazump
|t:|1706743165
|gametype|singles
|player|p1|fffffffffffwe|2|1378
|player|p2|the great gazump|102|1557
|teamsize|p1|6
|teamsize|p2|6
|gen|5
|tier|[Gen 5] OU
|rated|
|rule|Species Clause: Limit one of each Pokémon
|rule|OHKO Clause: OHKO moves are banned
|rule|Moody Clause: Moody is banned
|rule|Evasion Items Clause: Evasion items are banned
|rule|Evasion Moves Clause: Evasion moves are banned
|rule|Endless Battle Clause: Forcing endless battles is banned
|rule|HP Percentage Mod: HP is shown in percentages
|rule|Evasion Abilities Clause: Evasion abilities are banned
|rule|Sleep Moves Clause: Sleep-inducing moves are banned
|rule|Swagger Clause: Swagger is banned
|rule|Baton Pass Stat Clause: No Baton Passer may have a way to boost its stats
|clearpoke
|poke|p1|Keldeo-Resolute|item
|poke|p1|Politoed, M|item
|poke|p1|Scizor, M|item
|poke|p1|Thundurus-Therian, M|item
|poke|p1|Ferrothorn, M|item
|poke|p1|Starmie|item
|poke|p2|Abomasnow, F|item
|poke|p2|Gliscor, M|item
|poke|p2|Forretress, F|item
|poke|p2|Blissey, F|item
|poke|p2|Latios, M|item
|poke|p2|Reuniclus, M|item
|teampreview
|inactive|Battle timer is ON: inactive players will automatically lose when time's up. (requested by the great gazump)
|
|t:|1706743186
|start
|switch|p1a: Scizor|Scizor, M|100/100
|switch|p2a: Gliscor|Gliscor, M|100/100
|turn|1
|
|t:|1706743202
|switch|p1a: Thundurus|Thundurus-Therian, M|100/100
|move|p2a: Gliscor|Stealth Rock|p1a: Thundurus
|-sidestart|p1: fffffffffffwe|move: Stealth Rock
|
|-status|p2a: Gliscor|tox|[from] item: Toxic Orb
|upkeep
|turn|2
|
|t:|1706743209
|switch|p2a: Blissey|Blissey, F|100/100
|move|p1a: Thundurus|Volt Switch|p2a: Blissey
|-crit|p2a: Blissey
|-damage|p2a: Blissey|72/100
|
|t:|1706743221
|switch|p1a: Starmie|Starmie|100/100|[from] Volt Switch
|-damage|p1a: Starmie|88/100|[from] Stealth Rock
|
|-heal|p2a: Blissey|78/100|[from] item: Leftovers
|upkeep
|turn|3
|
|t:|1706743227
|switch|p2a: Abomasnow|Abomasnow, F|100/100
|-weather|Hail|[from] ability: Snow Warning|[of] p2a: Abomasnow
|move|p1a: Starmie|Trick|p2a: Abomasnow
|-activate|p1a: Starmie|move: Trick|[of] p2a: Abomasnow
|-item|p2a: Abomasnow|Choice Scarf|[from] move: Trick
|-item|p1a: Starmie|Leftovers|[from] move: Trick
|
|-weather|Hail|[upkeep]
|-damage|p1a: Starmie|82/100|[from] Hail
|-heal|p1a: Starmie|88/100|[from] item: Leftovers
|upkeep
|turn|4
|
|t:|1706743242
|switch|p1a: Ferrothorn|Ferrothorn, M|100/100
|-damage|p1a: Ferrothorn|94/100|[from] Stealth Rock
|switch|p2a: Blissey|Blissey, F|78/100
|
|-weather|Hail|[upkeep]
|-damage|p2a: Blissey|72/100|[from] Hail
|-damage|p1a: Ferrothorn|88/100|[from] Hail
|-heal|p2a: Blissey|78/100|[from] item: Leftovers
|-heal|p1a: Ferrothorn|94/100|[from] item: Leftovers
|upkeep
|turn|5
|
|t:|1706743253
|switch|p2a: Forretress|Forretress, F|100/100
|move|p1a: Ferrothorn|Stealth Rock|p2a: Forretress
|-sidestart|p2: the great gazump|move: Stealth Rock
|
|-weather|Hail|[upkeep]
|-damage|p1a: Ferrothorn|88/100|[from] Hail
|-heal|p1a: Ferrothorn|94/100|[from] item: Leftovers
|upkeep
|turn|6
|
|t:|1706743268
|switch|p1a: Politoed|Politoed, M|100/100
|-damage|p1a: Politoed|88/100|[from] Stealth Rock
|-weather|RainDance|[from] ability: Drizzle|[of] p1a: Politoed
|move|p2a: Forretress|Rapid Spin|p1a: Politoed
|-damage|p1a: Politoed|83/100
|-sideend|p2: the great gazump|Stealth Rock|[from] move: Rapid Spin|[of] p2a: Forretress
|
|-weather|RainDance|[upkeep]
|upkeep
|turn|7
|
|t:|1706743279
|switch|p2a: Blissey|Blissey, F|78/100
|move|p1a: Politoed|Hydro Pump|p2a: Blissey|[miss]
|-miss|p1a: Politoed|p2a: Blissey
|
|-weather|RainDance|[upkeep]
|-heal|p2a: Blissey|84/100|[from] item: Leftovers
|upkeep
|turn|8
|
|t:|1706743291
|switch|p1a: Thundurus|Thundurus-Therian, M|100/100
|-damage|p1a: Thundurus|76/100|[from] Stealth Rock
|move|p2a: Blissey|Thunder Wave|p1a: Thundurus
|-heal|p1a: Thundurus|100/100|[from] ability: Volt Absorb|[of] p2a: Blissey
|
|-weather|RainDance|[upkeep]
|-heal|p2a: Blissey|90/100|[from] item: Leftovers
|upkeep
|turn|9
|
|t:|1706743300
|move|p1a: Thundurus|Focus Blast|p2a: Blissey|[miss]
|-miss|p1a: Thundurus|p2a: Blissey
|move|p2a: Blissey|Ice Beam|p1a: Thundurus
|-supereffective|p1a: Thundurus
|-enditem|p1a: Thundurus|Yache Berry|[eat]
|-enditem|p1a: Thundurus|Yache Berry|[weaken]
|-damage|p1a: Thundurus|77/100
|
|-weather|RainDance|[upkeep]
|-heal|p2a: Blissey|96/100|[from] item: Leftovers
|upkeep
|turn|10
|
|t:|1706743309
|move|p1a: Thundurus|Volt Switch|p2a: Blissey
|-damage|p2a: Blissey|82/100
|
|t:|1706743312
|switch|p1a: Scizor|Scizor, M|100/100|[from] Volt Switch
|-damage|p1a: Scizor|88/100|[from] Stealth Rock
|move|p2a: Blissey|Seismic Toss|p1a: Scizor
|-damage|p1a: Scizor|52/100
|
|-weather|RainDance|[upkeep]
|-heal|p2a: Blissey|88/100|[from] item: Leftovers
|upkeep
|turn|11
|
|t:|1706743320
|-activate|p2a: Blissey|move: Pursuit
|move|p1a: Scizor|Pursuit|p2a: Blissey|[from]Pursuit
|-damage|p2a: Blissey|50/100
|switch|p2a: Forretress|Forretress, F|100/100
|
|-weather|RainDance|[upkeep]
|upkeep
|turn|12
|
|t:|1706743331
|switch|p1a: Keldeo|Keldeo-Resolute|100/100
|-damage|p1a: Keldeo|94/100|[from] Stealth Rock
|switch|p2a: Abomasnow|Abomasnow, F|100/100
|-weather|Hail|[from] ability: Snow Warning|[of] p2a: Abomasnow
|
|-weather|Hail|[upkeep]
|-damage|p1a: Keldeo|88/100|[from] Hail
|upkeep
|turn|13
|
|t:|1706743340
|move|p2a: Abomasnow|Protect|p2a: Abomasnow
|-singleturn|p2a: Abomasnow|Protect
|move|p1a: Keldeo|Secret Sword|p2a: Abomasnow
|-activate|p2a: Abomasnow|move: Protect
|
|-weather|Hail|[upkeep]
|-damage|p1a: Keldeo|82/100|[from] Hail
|upkeep
|turn|14
|
|t:|1706743362
|switch|p1a: Politoed|Politoed, M|83/100
|-damage|p1a: Politoed|71/100|[from] Stealth Rock
|-weather|RainDance|[from] ability: Drizzle|[of] p1a: Politoed
|switch|p2a: Latios|Latios, M|100/100
|
|-weather|RainDance|[upkeep]
|upkeep
|turn|15
|
|t:|1706743373
|switch|p2a: Abomasnow|Abomasnow, F|100/100
|-weather|Hail|[from] ability: Snow Warning|[of] p2a: Abomasnow
|switch|p1a: Ferrothorn|Ferrothorn, M|94/100
|-damage|p1a: Ferrothorn|88/100|[from] Stealth Rock
|
|-weather|Hail|[upkeep]
|-damage|p1a: Ferrothorn|82/100|[from] Hail
|-heal|p1a: Ferrothorn|88/100|[from] item: Leftovers
|upkeep
|turn|16
|
|t:|1706743389
|switch|p2a: Forretress|Forretress, F|100/100
|switch|p1a: Keldeo|Keldeo-Resolute|82/100
|-damage|p1a: Keldeo|76/100|[from] Stealth Rock
|
|-weather|Hail|[upkeep]
|-damage|p1a: Keldeo|70/100|[from] Hail
|upkeep
|turn|17
|
|t:|1706743396
|switch|p2a: Latios|Latios, M|100/100
|move|p1a: Keldeo|Hydro Pump|p2a: Latios
|-resisted|p2a: Latios
|-damage|p2a: Latios|50/100
|
|-weather|Hail|[upkeep]
|-damage|p2a: Latios|44/100|[from] Hail
|-damage|p1a: Keldeo|63/100|[from] Hail
|upkeep
|turn|18
|
|t:|1706743407
|switch|p1a: Ferrothorn|Ferrothorn, M|88/100
|-damage|p1a: Ferrothorn|82/100|[from] Stealth Rock
|move|p2a: Latios|Roost|p2a: Latios
|-heal|p2a: Latios|94/100
|-singleturn|p2a: Latios|move: Roost
|
|-weather|Hail|[upkeep]
|-damage|p2a: Latios|88/100|[from] Hail
|-damage|p1a: Ferrothorn|75/100|[from] Hail
|-heal|p1a: Ferrothorn|82/100|[from] item: Leftovers
|upkeep
|turn|19
|
|t:|1706743418
|switch|p2a: Forretress|Forretress, F|100/100
|switch|p1a: Politoed|Politoed, M|71/100
|-damage|p1a: Politoed|58/100|[from] Stealth Rock
|-weather|RainDance|[from] ability: Drizzle|[of] p1a: Politoed
|
|-weather|RainDance|[upkeep]
|upkeep
|turn|20
|
|t:|1706743426
|switch|p2a: Abomasnow|Abomasnow, F|100/100
|-weather|Hail|[from] ability: Snow Warning|[of] p2a: Abomasnow
|move|p1a: Politoed|Hydro Pump|p2a: Abomasnow
|-resisted|p2a: Abomasnow
|-damage|p2a: Abomasnow|73/100
|
|-weather|Hail|[upkeep]
|-damage|p1a: Politoed|52/100|[from] Hail
|upkeep
|turn|21
|
|t:|1706743437
|switch|p1a: Ferrothorn|Ferrothorn, M|82/100
|-damage|p1a: Ferrothorn|75/100|[from] Stealth Rock
|move|p2a: Abomasnow|Blizzard|p1a: Ferrothorn
|-damage|p1a: Ferrothorn|50/100
|-status|p1a: Ferrothorn|frz
|
|-weather|Hail|[upkeep]
|-damage|p1a: Ferrothorn|44/100 frz|[from] Hail
|-heal|p1a: Ferrothorn|50/100 frz|[from] item: Leftovers
|upkeep
|turn|22
|
|t:|1706743452
|switch|p2a: Gliscor|Gliscor, M|100/100 tox
|cant|p1a: Ferrothorn|frz
|
|-weather|Hail|[upkeep]
|-damage|p2a: Gliscor|94/100 tox|[from] Hail
|-damage|p1a: Ferrothorn|44/100 frz|[from] Hail
|-heal|p1a: Ferrothorn|50/100 frz|[from] item: Leftovers
|-heal|p2a: Gliscor|100/100 tox|[from] ability: Poison Heal
|upkeep
|turn|23
|
|t:|1706743462
|switch|p2a: Blissey|Blissey, F|50/100
|cant|p1a: Ferrothorn|frz
|
|-weather|Hail|[upkeep]
|-damage|p2a: Blissey|44/100|[from] Hail
|-damage|p1a: Ferrothorn|44/100 frz|[from] Hail
|-heal|p2a: Blissey|50/100|[from] item: Leftovers
|-heal|p1a: Ferrothorn|50/100 frz|[from] item: Leftovers
|upkeep
|turn|24
|
|t:|1706743471
|move|p2a: Blissey|Soft-Boiled|p2a: Blissey
|-heal|p2a: Blissey|99/100
|cant|p1a: Ferrothorn|frz
|
|-weather|Hail|[upkeep]
|-damage|p2a: Blissey|94/100|[from] Hail
|-damage|p1a: Ferrothorn|44/100 frz|[from] Hail
|-heal|p2a: Blissey|99/100|[from] item: Leftovers
|-heal|p1a: Ferrothorn|50/100 frz|[from] item: Leftovers
|upkeep
|turn|25
|-message|fffffffffffwe forfeited.
|
|win|the great gazump
|raw|fffffffffffwe's rating: 1378 &rarr; <strong>1367</strong><br />(-11 for losing)
|raw|the great gazump's rating: 1557 &rarr; <strong>1568</strong><br />(+11 for winning)
|l|☆fffffffffffwe
|player|p1|
