|j|☆Chimp34
|j|☆refsunpersons
|player|p1|Chimp34|226
|player|p2|refsunpersons|123
|teamsize|p1|6
|teamsize|p2|6
|gametype|singles
|gen|5
|tier|[Gen 5] OU
|rated|
|rule|Sleep Clause Mod: Limit one foe put to sleep
|rule|Species Clause: Limit one of each Pokémon
|rule|OHKO Clause: OHKO moves are banned
|rule|Moody Clause: Moody is banned
|rule|Evasion Moves Clause: Evasion moves are banned
|rule|Endless Battle Clause: Forcing endless battles is banned
|rule|HP Percentage Mod: HP is shown in percentages
|rule|Evasion Abilities Clause: Evasion abilities are banned
|rule|Baton Pass Clause: Limit one Baton Passer, can't pass Spe and other stats simultaneously
|rule|Swagger Clause: Swagger is banned
|clearpoke
|poke|p1|Terrakion|item
|poke|p1|Alakazam, F|item
|poke|p1|Tyranitar, M|item
|poke|p1|Keldeo|item
|poke|p1|Latios, M|item
|poke|p1|Landorus-Therian, M|item
|poke|p2|Landorus-Therian, M|item
|poke|p2|Ninetales, M|item
|poke|p2|Volcarona, M|item
|poke|p2|Latios, M|item
|poke|p2|Porygon2|item
|poke|p2|Excadrill, F|item
|teampreview
|c|☆refsunpersons|gl hf
|c|☆Chimp34|u2
|
|start
|switch|p1a: Latios|Latios, M|100/100
|switch|p2a: Landorus|Landorus-Therian, M|100/100
|-ability|p2a: Landorus|Intimidate|boost
|-unboost|p1a: Latios|atk|1
|turn|1
|
|move|p2a: Landorus|U-turn|p1a: Latios
|-supereffective|p1a: Latios
|-damage|p1a: Latios|31/100
|
|switch|p2a: Porygon2|Porygon2|100/100
|-ability|p2a: Porygon2|Levitate|[from] ability: Trace|[of] p1a: Latios
|move|p1a: Latios|Surf|p2a: Porygon2
|-damage|p2a: Porygon2|79/100
|-damage|p1a: Latios|21/100|[from] item: Life Orb
|
|upkeep
|turn|2
|
|switch|p1a: Terrakion|Terrakion|100/100
|move|p2a: Porygon2|Toxic|p1a: Terrakion
|-status|p1a: Terrakion|tox
|
|-damage|p1a: Terrakion|94/100 tox|[from] psn
|upkeep
|turn|3
|
|switch|p1a: Keldeo|Keldeo|100/100
|switch|p2a: Landorus|Landorus-Therian, M|100/100
|-ability|p2a: Landorus|Intimidate|boost
|-unboost|p1a: Keldeo|atk|1
|
|upkeep
|turn|4
|
|switch|p2a: Latios|Latios, M|100/100
|move|p1a: Keldeo|Icy Wind|p2a: Latios
|-supereffective|p2a: Latios
|-damage|p2a: Latios|37/100
|-unboost|p2a: Latios|spe|1
|
|upkeep
|turn|5
|
|switch|p1a: Tyranitar|Tyranitar, M|100/100
|-weather|Sandstorm|[from] ability: Sand Stream|[of] p1a: Tyranitar
|switch|p2a: Ninetales|Ninetales, M, shiny|100/100
|-weather|SunnyDay|[from] ability: Drought|[of] p2a: Ninetales
|
|-weather|SunnyDay|[upkeep]
|upkeep
|turn|6
|
|switch|p1a: Latios|Latios, M|21/100
|move|p2a: Ninetales|Solar Beam||[still]
|-prepare|p2a: Ninetales|Solar Beam|p1a: Latios
|-anim|p2a: Ninetales|Solar Beam|p1a: Latios
|-resisted|p1a: Latios
|-damage|p1a: Latios|5/100
|
|-weather|SunnyDay|[upkeep]
|upkeep
|turn|7
|
|switch|p2a: Porygon2|Porygon2|79/100
|-ability|p2a: Porygon2|Levitate|[from] ability: Trace|[of] p1a: Latios
|move|p1a: Latios|Draco Meteor|p2a: Porygon2
|-damage|p2a: Porygon2|35/100
|-unboost|p1a: Latios|spa|2
|-damage|p1a: Latios|0 fnt|[from] item: Life Orb
|faint|p1a: Latios
|
|-weather|SunnyDay|[upkeep]
|upkeep
|
|switch|p1a: Tyranitar|Tyranitar, M|100/100
|-weather|Sandstorm|[from] ability: Sand Stream|[of] p1a: Tyranitar
|turn|8
|
|move|p2a: Porygon2|Toxic|p1a: Tyranitar
|-status|p1a: Tyranitar|tox
|move|p1a: Tyranitar|Stealth Rock|p2a: Porygon2
|-sidestart|p2: refsunpersons|move: Stealth Rock
|
|-weather|Sandstorm|[upkeep]
|-damage|p2a: Porygon2|29/100|[from] Sandstorm
|-damage|p1a: Tyranitar|94/100 tox|[from] psn
|upkeep
|turn|9
|
|switch|p1a: Terrakion|Terrakion|94/100 tox
|move|p2a: Porygon2|Recover|p2a: Porygon2
|-heal|p2a: Porygon2|79/100
|
|-weather|Sandstorm|[upkeep]
|-damage|p2a: Porygon2|72/100|[from] Sandstorm
|-damage|p1a: Terrakion|88/100 tox|[from] psn
|upkeep
|turn|10
|
|switch|p2a: Landorus|Landorus-Therian, M|100/100
|-damage|p2a: Landorus|88/100|[from] Stealth Rock
|-ability|p2a: Landorus|Intimidate|boost
|-unboost|p1a: Terrakion|atk|1
|move|p1a: Terrakion|Stone Edge|p2a: Landorus
|-crit|p2a: Landorus
|-damage|p2a: Landorus|0 fnt
|-damage|p1a: Terrakion|78/100 tox|[from] item: Life Orb
|faint|p2a: Landorus
|
|-weather|Sandstorm|[upkeep]
|-damage|p1a: Terrakion|66/100 tox|[from] psn
|upkeep
|
|switch|p2a: Latios|Latios, M|37/100
|-damage|p2a: Latios|24/100|[from] Stealth Rock
|turn|11
|
|switch|p1a: Tyranitar|Tyranitar, M|94/100 tox
|move|p2a: Latios|Earthquake|p1a: Tyranitar
|-supereffective|p1a: Tyranitar
|-damage|p1a: Tyranitar|52/100 tox
|-damage|p2a: Latios|14/100|[from] item: Life Orb
|
|-weather|Sandstorm|[upkeep]
|-damage|p2a: Latios|8/100|[from] Sandstorm
|-damage|p1a: Tyranitar|46/100 tox|[from] psn
|upkeep
|turn|12
|
|move|p2a: Latios|Roost|p2a: Latios
|-heal|p2a: Latios|59/100
|move|p1a: Tyranitar|Pursuit|p2a: Latios
|-supereffective|p2a: Latios
|-crit|p2a: Latios
|-damage|p2a: Latios|0 fnt
|faint|p2a: Latios
|
|-weather|Sandstorm|[upkeep]
|-damage|p1a: Tyranitar|34/100 tox|[from] psn
|upkeep
|
|switch|p2a: Excadrill|Excadrill, F|100/100
|-damage|p2a: Excadrill|97/100|[from] Stealth Rock
|-ability|p2a: Excadrill|Mold Breaker
|turn|13
|
|move|p2a: Excadrill|Rapid Spin|p1a: Tyranitar
|-resisted|p1a: Tyranitar
|-damage|p1a: Tyranitar|31/100 tox
|-sideend|p2: refsunpersons|Stealth Rock|[from] move: Rapid Spin|[of] p2a: Excadrill
|move|p1a: Tyranitar|Stealth Rock|p2a: Excadrill
|-sidestart|p2: refsunpersons|move: Stealth Rock
|
|-weather|Sandstorm|[upkeep]
|-heal|p2a: Excadrill|100/100|[from] item: Leftovers
|-damage|p1a: Tyranitar|13/100 tox|[from] psn
|upkeep
|turn|14
|
|move|p2a: Excadrill|Rapid Spin|p1a: Tyranitar
|-resisted|p1a: Tyranitar
|-damage|p1a: Tyranitar|10/100 tox
|-sideend|p2: refsunpersons|Stealth Rock|[from] move: Rapid Spin|[of] p2a: Excadrill
|move|p1a: Tyranitar|Stealth Rock|p2a: Excadrill
|-sidestart|p2: refsunpersons|move: Stealth Rock
|
|-weather|Sandstorm|[upkeep]
|-damage|p1a: Tyranitar|0 fnt|[from] psn
|faint|p1a: Tyranitar
|upkeep
|
|switch|p1a: Keldeo|Keldeo|100/100
|turn|15
|
|switch|p2a: Ninetales|Ninetales, M, shiny|100/100
|-damage|p2a: Ninetales|76/100|[from] Stealth Rock
|-weather|SunnyDay|[from] ability: Drought|[of] p2a: Ninetales
|move|p1a: Keldeo|Secret Sword|p2a: Ninetales
|-damage|p2a: Ninetales|0 fnt
|faint|p2a: Ninetales
|
|-weather|SunnyDay|[upkeep]
|upkeep
|
|switch|p2a: Volcarona|Volcarona, M|100/100
|-damage|p2a: Volcarona|51/100|[from] Stealth Rock
|turn|16
|
|switch|p1a: Terrakion|Terrakion|66/100 tox
|move|p2a: Volcarona|Quiver Dance|p2a: Volcarona
|-boost|p2a: Volcarona|spa|1
|-boost|p2a: Volcarona|spd|1
|-boost|p2a: Volcarona|spe|1
|
|-weather|SunnyDay|[upkeep]
|-damage|p1a: Terrakion|60/100 tox|[from] psn
|upkeep
|turn|17
|
|move|p2a: Volcarona|Flamethrower|p1a: Terrakion
|-resisted|p1a: Terrakion
|-damage|p1a: Terrakion|0 fnt
|faint|p1a: Terrakion
|
|-weather|SunnyDay|[upkeep]
|upkeep
|
|switch|p1a: Keldeo|Keldeo|100/100
|turn|18
|
|move|p2a: Volcarona|Quiver Dance|p2a: Volcarona
|-boost|p2a: Volcarona|spa|1
|-boost|p2a: Volcarona|spd|1
|-boost|p2a: Volcarona|spe|1
|move|p1a: Keldeo|Hydro Pump|p2a: Volcarona
|-supereffective|p2a: Volcarona
|-damage|p2a: Volcarona|7/100
|
|-weather|SunnyDay|[upkeep]
|upkeep
|turn|19
|
|move|p2a: Volcarona|Rest|p2a: Volcarona
|-status|p2a: Volcarona|slp
|-heal|p2a: Volcarona|100/100 slp|[silent]
|-status|p2a: Volcarona|slp|[from] move: Rest
|-enditem|p2a: Volcarona|Chesto Berry|[eat]
|-curestatus|p2a: Volcarona|slp|[msg]
|move|p1a: Keldeo|Hydro Pump|p2a: Volcarona
|-supereffective|p2a: Volcarona
|-damage|p2a: Volcarona|58/100
|
|-weather|SunnyDay|[upkeep]
|upkeep
|turn|20
|
|move|p2a: Volcarona|Flamethrower|p1a: Keldeo
|-resisted|p1a: Keldeo
|-damage|p1a: Keldeo|6/100
|move|p1a: Keldeo|Hydro Pump|p2a: Volcarona
|-supereffective|p2a: Volcarona
|-damage|p2a: Volcarona|20/100
|
|-weather|SunnyDay|[upkeep]
|upkeep
|turn|21
|
|switch|p1a: Landorus|Landorus-Therian, M|100/100
|-ability|p1a: Landorus|Intimidate|boost
|-unboost|p2a: Volcarona|atk|1
|move|p2a: Volcarona|Flamethrower|p1a: Landorus
|-damage|p1a: Landorus|0 fnt
|faint|p1a: Landorus
|
|-weather|SunnyDay|[upkeep]
|upkeep
|
|switch|p1a: Alakazam|Alakazam, F|100/100
|turn|22
|
|move|p2a: Volcarona|Rest|p2a: Volcarona
|-status|p2a: Volcarona|slp
|-heal|p2a: Volcarona|100/100 slp|[silent]
|-status|p2a: Volcarona|slp|[from] move: Rest
|move|p1a: Alakazam|Psychic|p2a: Volcarona
|-damage|p2a: Volcarona|79/100 slp
|-unboost|p2a: Volcarona|spd|1
|
|-weather|SunnyDay|[upkeep]
|upkeep
|turn|23
|
|cant|p2a: Volcarona|slp
|move|p1a: Alakazam|Psychic|p2a: Volcarona
|-damage|p2a: Volcarona|49/100 slp
|
|-weather|SunnyDay|[upkeep]
|upkeep
|turn|24
|
|cant|p2a: Volcarona|slp
|move|p1a: Alakazam|Encore|p2a: Volcarona
|-start|p2a: Volcarona|Encore
|
|-weather|SunnyDay|[upkeep]
|upkeep
|turn|25
|
|-curestatus|p2a: Volcarona|slp|[msg]
|move|p2a: Volcarona|Rest|p2a: Volcarona
|-status|p2a: Volcarona|slp
|-heal|p2a: Volcarona|100/100 slp|[silent]
|-status|p2a: Volcarona|slp|[from] move: Rest
|move|p1a: Alakazam|Psychic|p2a: Volcarona
|-damage|p2a: Volcarona|69/100 slp
|
|-weather|SunnyDay|[upkeep]
|upkeep
|turn|26
|
|cant|p2a: Volcarona|slp
|move|p1a: Alakazam|Psychic|p2a: Volcarona
|-damage|p2a: Volcarona|40/100 slp
|
|-weather|SunnyDay|[upkeep]
|upkeep
|turn|27
|
|cant|p2a: Volcarona|slp
|move|p1a: Alakazam|Encore||[still]
|-fail|p1a: Alakazam
|
|-weather|SunnyDay|[upkeep]
|-end|p2a: Volcarona|Encore
|upkeep
|turn|28
|
|-curestatus|p2a: Volcarona|slp|[msg]
|move|p2a: Volcarona|Bug Buzz|p1a: Alakazam
|-supereffective|p1a: Alakazam
|-enditem|p1a: Alakazam|Focus Sash
|-damage|p1a: Alakazam|1/100
|move|p1a: Alakazam|Psychic|p2a: Volcarona
|-damage|p2a: Volcarona|9/100
|
|-weather|SunnyDay|[upkeep]
|upkeep
|turn|29
|
|move|p2a: Volcarona|Bug Buzz|p1a: Alakazam
|-supereffective|p1a: Alakazam
|-damage|p1a: Alakazam|0 fnt
|faint|p1a: Alakazam
|
|-weather|SunnyDay|[upkeep]
|upkeep
|c|☆refsunpersons|gg wp
|
|switch|p1a: Keldeo|Keldeo|6/100
|turn|30
|
|move|p2a: Volcarona|Flamethrower|p1a: Keldeo
|-resisted|p1a: Keldeo
|-damage|p1a: Keldeo|0 fnt
|faint|p1a: Keldeo
|
|win|refsunpersons
|raw|Chimp34's rating: 1413 &rarr; <strong>1391</strong><br />(-22 for losing)
|raw|refsunpersons's rating: 1371 &rarr; <strong>1394</strong><br />(+23 for winning)
