|j|☆aioso
|j|☆Claude's Journey
|t:|1746853188
|gametype|singles
|player|p1|aioso|266|1414
|player|p2|Claude's Journey|lass-gen1rb|1316
|teamsize|p1|6
|teamsize|p2|6
|gen|5
|tier|[Gen 5] OU
|rated|
|rule|Species Clause: Limit one of each Pokémon
|rule|OHKO Clause: OHKO moves are banned
|rule|Moody Clause: Moody is banned
|rule|Evasion Items Clause: Evasion items are banned
|rule|Evasion Moves Clause: Evasion moves are banned
|rule|Endless Battle Clause: Forcing endless battles is banned
|rule|HP Percentage Mod: HP is shown in percentages
|rule|Evasion Abilities Clause: Evasion abilities are banned
|rule|Sleep Moves Clause: Sleep-inducing moves are banned
|rule|Swagger Clause: Swagger is banned
|rule|Baton Pass Stat Clause: No Baton Passer may have a way to boost its stats
|clearpoke
|poke|p1|Alakazam, F|item
|poke|p1|Abomasnow, M|item
|poke|p1|Gliscor, F|item
|poke|p1|Forretress, F|item
|poke|p1|Jellicent, M|item
|poke|p1|Blissey, F|item
|poke|p2|Politoed, F|item
|poke|p2|Ferrothorn, M|item
|poke|p2|Dragonite, M|item
|poke|p2|Excadrill, M|item
|poke|p2|Latios, M|item
|poke|p2|Keldeo-Resolute|item
|teampreview
|
|t:|1746853201
|start
|switch|p1a: Forretress|Forretress, F|100/100
|switch|p2a: Keldeo|Keldeo-Resolute|100/100
|-item|p2a: Keldeo|Air Balloon
|turn|1
|
|t:|1746853228
|move|p2a: Keldeo|Hydro Pump|p1a: Forretress
|-damage|p1a: Forretress|40/100
|move|p1a: Forretress|Spikes|p2a: Keldeo
|-sidestart|p2: Claude's Journey|Spikes
|
|-heal|p1a: Forretress|47/100|[from] item: Leftovers
|upkeep
|turn|2
|
|t:|1746853237
|switch|p1a: Jellicent|Jellicent, M|100/100
|move|p2a: Keldeo|Hydro Pump|p1a: Jellicent
|-immune|p1a: Jellicent|[from] ability: Water Absorb
|
|upkeep
|turn|3
|
|t:|1746853243
|switch|p2a: Ferrothorn|Ferrothorn, M|100/100
|-damage|p2a: Ferrothorn|88/100|[from] Spikes
|move|p1a: Jellicent|Will-O-Wisp|p2a: Ferrothorn|[miss]
|-miss|p1a: Jellicent|p2a: Ferrothorn
|
|upkeep
|turn|4
|
|t:|1746853247
|move|p1a: Jellicent|Taunt|p2a: Ferrothorn
|-start|p2a: Ferrothorn|move: Taunt
|move|p2a: Ferrothorn|Power Whip|p1a: Jellicent
|-supereffective|p1a: Jellicent
|-damage|p1a: Jellicent|22/100
|
|-heal|p1a: Jellicent|28/100|[from] item: Leftovers
|upkeep
|turn|5
|
|t:|1746853251
|switch|p1a: Forretress|Forretress, F|47/100
|move|p2a: Ferrothorn|Power Whip|p1a: Forretress
|-resisted|p1a: Forretress
|-damage|p1a: Forretress|40/100
|
|-heal|p1a: Forretress|46/100|[from] item: Leftovers
|upkeep
|turn|6
|
|t:|1746853265
|switch|p2a: Politoed|Politoed, F|100/100
|-damage|p2a: Politoed|88/100|[from] Spikes
|-weather|RainDance|[from] ability: Drizzle|[of] p2a: Politoed
|move|p1a: Forretress|Earthquake|p2a: Politoed
|-damage|p2a: Politoed|72/100
|
|-weather|RainDance|[upkeep]
|-heal|p2a: Politoed|78/100|[from] item: Leftovers
|-heal|p1a: Forretress|52/100|[from] item: Leftovers
|upkeep
|turn|7
|
|t:|1746853272
|switch|p2a: Dragonite|Dragonite, M|100/100
|switch|p1a: Jellicent|Jellicent, M|28/100
|
|-weather|RainDance|[upkeep]
|-heal|p1a: Jellicent|34/100|[from] item: Leftovers
|upkeep
|turn|8
|
|t:|1746853281
|switch|p1a: Abomasnow|Abomasnow, M|100/100
|-weather|Hail|[from] ability: Snow Warning|[of] p1a: Abomasnow
|move|p2a: Dragonite|Hurricane|p1a: Abomasnow
|-supereffective|p1a: Abomasnow
|-damage|p1a: Abomasnow|0 fnt
|faint|p1a: Abomasnow
|-damage|p2a: Dragonite|91/100|[from] item: Life Orb
|
|-weather|Hail|[upkeep]
|-damage|p2a: Dragonite|84/100|[from] Hail
|upkeep
|
|t:|1746853286
|switch|p1a: Blissey|Blissey, F|100/100
|turn|9
|
|t:|1746853293
|switch|p2a: Politoed|Politoed, F|78/100
|-damage|p2a: Politoed|66/100|[from] Spikes
|-weather|RainDance|[from] ability: Drizzle|[of] p2a: Politoed
|move|p1a: Blissey|Stealth Rock|p2a: Politoed
|-sidestart|p2: Claude's Journey|move: Stealth Rock
|
|-weather|RainDance|[upkeep]
|-heal|p2a: Politoed|72/100|[from] item: Leftovers
|upkeep
|turn|10
|
|t:|1746853298
|switch|p2a: Excadrill|Excadrill, M|100/100
|-damage|p2a: Excadrill|88/100|[from] Spikes
|-damage|p2a: Excadrill|85/100|[from] Stealth Rock
|-ability|p2a: Excadrill|Mold Breaker
|switch|p1a: Jellicent|Jellicent, M|34/100
|
|-weather|RainDance|[upkeep]
|-heal|p2a: Excadrill|91/100|[from] item: Leftovers
|-heal|p1a: Jellicent|40/100|[from] item: Leftovers
|upkeep
|turn|11
|
|t:|1746853304
|switch|p2a: Dragonite|Dragonite, M|84/100
|-damage|p2a: Dragonite|60/100|[from] Stealth Rock
|move|p1a: Jellicent|Recover|p1a: Jellicent
|-heal|p1a: Jellicent|90/100
|
|-weather|RainDance|[upkeep]
|-heal|p1a: Jellicent|97/100|[from] item: Leftovers
|upkeep
|turn|12
|
|t:|1746853307
|switch|p1a: Blissey|Blissey, F|100/100
|move|p2a: Dragonite|Thunder|p1a: Blissey
|-damage|p1a: Blissey|84/100
|-status|p1a: Blissey|par
|-damage|p2a: Dragonite|50/100|[from] item: Life Orb
|
|-weather|RainDance|[upkeep]
|-heal|p1a: Blissey|90/100 par|[from] item: Leftovers
|upkeep
|turn|13
|
|t:|1746853313
|move|p2a: Dragonite|Waterfall|p1a: Blissey
|-damage|p1a: Blissey|42/100 par
|-damage|p2a: Dragonite|40/100|[from] item: Life Orb
|move|p1a: Blissey|Thunder Wave|p2a: Dragonite
|-status|p2a: Dragonite|par
|
|-weather|RainDance|[upkeep]
|-heal|p1a: Blissey|48/100 par|[from] item: Leftovers
|upkeep
|turn|14
|
|t:|1746853317
|-curestatus|p1a: Blissey|par|[from] ability: Natural Cure
|switch|p1a: Jellicent|Jellicent, M|97/100
|move|p2a: Dragonite|Thunder|p1a: Jellicent
|-supereffective|p1a: Jellicent
|-damage|p1a: Jellicent|17/100
|-damage|p2a: Dragonite|30/100 par|[from] item: Life Orb
|
|-weather|RainDance|[upkeep]
|-heal|p1a: Jellicent|23/100|[from] item: Leftovers
|upkeep
|turn|15
|
|t:|1746853327
|move|p1a: Jellicent|Recover|p1a: Jellicent
|-heal|p1a: Jellicent|73/100
|move|p2a: Dragonite|Hurricane|p1a: Jellicent
|-damage|p1a: Jellicent|12/100
|-start|p1a: Jellicent|confusion
|-damage|p2a: Dragonite|20/100 par|[from] item: Life Orb
|
|-weather|RainDance|[upkeep]
|-heal|p1a: Jellicent|18/100|[from] item: Leftovers
|upkeep
|turn|16
|
|t:|1746853338
|switch|p1a: Blissey|Blissey, F|48/100
|move|p2a: Dragonite|Waterfall|p1a: Blissey
|-damage|p1a: Blissey|3/100
|-damage|p2a: Dragonite|10/100 par|[from] item: Life Orb
|
|-weather|RainDance|[upkeep]
|-heal|p1a: Blissey|10/100|[from] item: Leftovers
|upkeep
|turn|17
|
|t:|1746853346
|switch|p1a: Jellicent|Jellicent, M|18/100
|cant|p2a: Dragonite|par
|
|-weather|RainDance|[upkeep]
|-heal|p1a: Jellicent|25/100|[from] item: Leftovers
|upkeep
|turn|18
|
|t:|1746853354
|move|p1a: Jellicent|Recover|p1a: Jellicent
|-heal|p1a: Jellicent|75/100
|move|p2a: Dragonite|Thunder|p1a: Jellicent
|-supereffective|p1a: Jellicent
|-damage|p1a: Jellicent|0 fnt
|faint|p1a: Jellicent
|-damage|p2a: Dragonite|0 fnt|[from] item: Life Orb
|faint|p2a: Dragonite
|
|-weather|RainDance|[upkeep]
|upkeep
|
|t:|1746853370
|switch|p1a: Alakazam|Alakazam, F|100/100
|switch|p2a: Latios|Latios, M|100/100
|-damage|p2a: Latios|88/100|[from] Stealth Rock
|turn|19
|
|t:|1746853378
|move|p2a: Latios|Trick|p1a: Alakazam
|-activate|p2a: Latios|move: Trick|[of] p1a: Alakazam
|-item|p1a: Alakazam|Choice Scarf|[from] move: Trick
|-item|p2a: Latios|Life Orb|[from] move: Trick
|move|p1a: Alakazam|Signal Beam|p2a: Latios
|-supereffective|p2a: Latios
|-damage|p2a: Latios|35/100
|
|-weather|RainDance|[upkeep]
|upkeep
|turn|20
|
|t:|1746853384
|switch|p2a: Excadrill|Excadrill, M|91/100
|-damage|p2a: Excadrill|79/100|[from] Spikes
|-damage|p2a: Excadrill|75/100|[from] Stealth Rock
|-ability|p2a: Excadrill|Mold Breaker
|move|p1a: Alakazam|Signal Beam|p2a: Excadrill
|-resisted|p2a: Excadrill
|-damage|p2a: Excadrill|65/100
|
|-weather|RainDance|[upkeep]
|-heal|p2a: Excadrill|71/100|[from] item: Leftovers
|upkeep
|turn|21
|
|t:|1746853389
|switch|p1a: Gliscor|Gliscor, F|100/100
|move|p2a: Excadrill|Rapid Spin|p1a: Gliscor
|-damage|p1a: Gliscor|96/100
|-sideend|p2: Claude's Journey|Spikes|[from] move: Rapid Spin|[of] p2a: Excadrill
|-sideend|p2: Claude's Journey|Stealth Rock|[from] move: Rapid Spin|[of] p2a: Excadrill
|
|-weather|RainDance|[upkeep]
|-heal|p2a: Excadrill|77/100|[from] item: Leftovers
|-status|p1a: Gliscor|tox|[from] item: Toxic Orb
|upkeep
|turn|22
|
|t:|1746853398
|switch|p2a: Politoed|Politoed, F|72/100
|move|p1a: Gliscor|Facade|p2a: Politoed
|-damage|p2a: Politoed|47/100
|
|-weather|RainDance|[upkeep]
|-heal|p2a: Politoed|53/100|[from] item: Leftovers
|-heal|p1a: Gliscor|100/100 tox|[from] ability: Poison Heal
|upkeep
|turn|23
|
|t:|1746853403
|move|p1a: Gliscor|Protect|p1a: Gliscor
|-singleturn|p1a: Gliscor|Protect
|move|p2a: Politoed|Ice Beam|p1a: Gliscor
|-activate|p1a: Gliscor|move: Protect
|
|-weather|RainDance|[upkeep]
|-heal|p2a: Politoed|59/100|[from] item: Leftovers
|upkeep
|turn|24
|
|t:|1746853414
|switch|p1a: Forretress|Forretress, F|52/100
|move|p2a: Politoed|Ice Beam|p1a: Forretress
|-resisted|p1a: Forretress
|-damage|p1a: Forretress|41/100
|
|-weather|RainDance|[upkeep]
|-heal|p2a: Politoed|66/100|[from] item: Leftovers
|-heal|p1a: Forretress|47/100|[from] item: Leftovers
|upkeep
|turn|25
|
|t:|1746853420
|move|p2a: Politoed|Scald|p1a: Forretress
|-damage|p1a: Forretress|4/100
|-status|p1a: Forretress|brn
|move|p1a: Forretress|Volt Switch|p2a: Politoed
|-supereffective|p2a: Politoed
|-damage|p2a: Politoed|46/100
|
|t:|1746853423
|switch|p1a: Blissey|Blissey, F|10/100|[from] Volt Switch
|
|-weather|RainDance|[upkeep]
|-heal|p2a: Politoed|53/100|[from] item: Leftovers
|-heal|p1a: Blissey|16/100|[from] item: Leftovers
|upkeep
|turn|26
|
|t:|1746853429
|switch|p2a: Keldeo|Keldeo-Resolute|100/100
|-item|p2a: Keldeo|Air Balloon
|move|p1a: Blissey|Soft-Boiled|p1a: Blissey
|-heal|p1a: Blissey|66/100
|
|-weather|RainDance|[upkeep]
|-heal|p1a: Blissey|72/100|[from] item: Leftovers
|upkeep
|turn|27
|
|t:|1746853434
|move|p2a: Keldeo|Secret Sword|p1a: Blissey
|-supereffective|p1a: Blissey
|-damage|p1a: Blissey|0 fnt
|faint|p1a: Blissey
|
|-weather|RainDance|[upkeep]
|upkeep
|
|t:|1746853438
|switch|p1a: Alakazam|Alakazam, F|100/100
|turn|28
|
|t:|1746853445
|switch|p2a: Excadrill|Excadrill, M|77/100
|-ability|p2a: Excadrill|Mold Breaker
|move|p1a: Alakazam|Psychic|p2a: Excadrill
|-resisted|p2a: Excadrill
|-damage|p2a: Excadrill|60/100
|
|-weather|RainDance|[upkeep]
|-heal|p2a: Excadrill|67/100|[from] item: Leftovers
|upkeep
|turn|29
|-message|aioso forfeited.
|
|win|Claude's Journey
|raw|aioso's rating: 1414 &rarr; <strong>1389</strong><br />(-25 for losing)
|raw|Claude&apos;s Journey's rating: 1316 &rarr; <strong>1341</strong><br />(+25 for winning)
|l|☆aioso
|player|p1|
