|j|☆JesusKun69
|j|☆HydreigonSpammer
|t:|1735167726
|gametype|singles
|player|p1|JesusKun69|evelyn|1398
|player|p2|HydreigonSpammer|clerk|1290
|teamsize|p1|6
|teamsize|p2|6
|gen|5
|tier|[Gen 5] OU
|rated|
|rule|Species Clause: Limit one of each Pokémon
|rule|OHKO Clause: OHKO moves are banned
|rule|Moody Clause: Moody is banned
|rule|Evasion Items Clause: Evasion items are banned
|rule|Evasion Moves Clause: Evasion moves are banned
|rule|Endless Battle Clause: Forcing endless battles is banned
|rule|HP Percentage Mod: HP is shown in percentages
|rule|Evasion Abilities Clause: Evasion abilities are banned
|rule|Sleep Moves Clause: Sleep-inducing moves are banned
|rule|Swagger Clause: Swagger is banned
|rule|Baton Pass Stat Clause: No Baton Passer may have a way to boost its stats
|clearpoke
|poke|p1|Yanmega, M|item
|poke|p1|Volcarona, M|item
|poke|p1|Terrakion|item
|poke|p1|Keldeo-Resolute|item
|poke|p1|Scizor, M|item
|poke|p1|Donphan, M|item
|poke|p2|Ferrothorn, M|item
|poke|p2|Latios, M|item
|poke|p2|Dragonite, M|item
|poke|p2|Garchomp, M|item
|poke|p2|Salamence, M|item
|poke|p2|Magnezone|item
|teampreview
|
|t:|1735167768
|start
|switch|p1a: bug hater|Terrakion|100/100
|switch|p2a: Ferrothorn|Ferrothorn, M|100/100
|turn|1
|
|t:|1735167789
|move|p1a: bug hater|Taunt|p2a: Ferrothorn
|-start|p2a: Ferrothorn|move: Taunt
|move|p2a: Ferrothorn|Seed Bomb|p1a: bug hater
|-supereffective|p1a: bug hater
|-damage|p1a: bug hater|42/100
|
|upkeep
|turn|2
|
|t:|1735167800
|move|p1a: bug hater|Stealth Rock|p2a: Ferrothorn
|-sidestart|p2: HydreigonSpammer|move: Stealth Rock
|move|p2a: Ferrothorn|Seed Bomb|p1a: bug hater
|-supereffective|p1a: bug hater
|-damage|p1a: bug hater|0 fnt
|faint|p1a: bug hater
|
|upkeep
|
|t:|1735167807
|switch|p1a: bug 3|Scizor, M|100/100
|turn|3
|
|t:|1735167824
|move|p1a: bug 3|Superpower|p2a: Ferrothorn
|-supereffective|p2a: Ferrothorn
|-damage|p2a: Ferrothorn|27/100
|-unboost|p1a: bug 3|atk|1
|-unboost|p1a: bug 3|def|1
|-damage|p1a: bug 3|88/100|[from] ability: Iron Barbs|[of] p2a: Ferrothorn
|-damage|p1a: bug 3|78/100|[from] item: Life Orb
|move|p2a: Ferrothorn|Knock Off|p1a: bug 3
|-resisted|p1a: bug 3
|-damage|p1a: bug 3|74/100
|-enditem|p1a: bug 3|Life Orb|[from] move: Knock Off|[of] p2a: Ferrothorn
|
|-heal|p2a: Ferrothorn|33/100|[from] item: Leftovers
|-end|p2a: Ferrothorn|move: Taunt
|upkeep
|turn|4
|
|t:|1735167832
|move|p1a: bug 3|Superpower|p2a: Ferrothorn
|-supereffective|p2a: Ferrothorn
|-damage|p2a: Ferrothorn|0 fnt
|-unboost|p1a: bug 3|atk|1
|-unboost|p1a: bug 3|def|1
|-damage|p1a: bug 3|62/100|[from] ability: Iron Barbs|[of] p2a: Ferrothorn
|faint|p2a: Ferrothorn
|
|upkeep
|
|t:|1735167851
|switch|p2a: Magnezone|Magnezone|100/100
|-damage|p2a: Magnezone|94/100|[from] Stealth Rock
|turn|5
|
|t:|1735167855
|move|p2a: Magnezone|Thunderbolt|p1a: bug 3
|-damage|p1a: bug 3|0 fnt
|faint|p1a: bug 3
|
|upkeep
|
|t:|1735167858
|switch|p1a: wife beater|Donphan, M|100/100
|turn|6
|
|t:|1735167898
|switch|p2a: Salamence|Salamence, M|100/100
|-damage|p2a: Salamence|76/100|[from] Stealth Rock
|move|p1a: wife beater|Ice Shard|p2a: Salamence
|-supereffective|p2a: Salamence
|-damage|p2a: Salamence|12/100
|
|upkeep
|turn|7
|
|t:|1735167904
|move|p1a: wife beater|Ice Shard|p2a: Salamence
|-supereffective|p2a: Salamence
|-damage|p2a: Salamence|0 fnt
|faint|p2a: Salamence
|
|upkeep
|
|t:|1735167919
|switch|p2a: Garchomp|Garchomp, M|100/100
|-damage|p2a: Garchomp|94/100|[from] Stealth Rock
|turn|8
|
|t:|1735167930
|move|p2a: Garchomp|Outrage|p1a: wife beater
|-damage|p1a: wife beater|35/100
|move|p1a: wife beater|Earthquake|p2a: Garchomp
|-damage|p2a: Garchomp|48/100
|
|-heal|p1a: wife beater|41/100|[from] item: Leftovers
|upkeep
|turn|9
|
|t:|1735167935
|move|p1a: wife beater|Ice Shard|p2a: Garchomp
|-supereffective|p2a: Garchomp
|-damage|p2a: Garchomp|0 fnt
|faint|p2a: Garchomp
|
|-heal|p1a: wife beater|47/100|[from] item: Leftovers
|upkeep
|
|t:|1735167950
|switch|p2a: Latios|Latios, M|100/100
|-damage|p2a: Latios|88/100|[from] Stealth Rock
|turn|10
|
|t:|1735167953
|move|p1a: wife beater|Ice Shard|p2a: Latios
|-supereffective|p2a: Latios
|-damage|p2a: Latios|52/100
|move|p2a: Latios|Surf|p1a: wife beater
|-supereffective|p1a: wife beater
|-damage|p1a: wife beater|0 fnt
|faint|p1a: wife beater
|
|upkeep
|
|t:|1735167958
|switch|p1a: bug apologist|Keldeo-Resolute|100/100
|turn|11
|
|t:|1735167966
|switch|p2a: Magnezone|Magnezone|94/100
|-damage|p2a: Magnezone|88/100|[from] Stealth Rock
|move|p1a: bug apologist|Icy Wind|p2a: Magnezone
|-resisted|p2a: Magnezone
|-damage|p2a: Magnezone|76/100
|-unboost|p2a: Magnezone|spe|1
|
|upkeep
|turn|12
|
|t:|1735167972
|move|p1a: bug apologist|Secret Sword|p2a: Magnezone
|-supereffective|p2a: Magnezone
|-damage|p2a: Magnezone|0 fnt
|faint|p2a: Magnezone
|
|upkeep
|j| Blaise BWOU
|
|t:|1735167978
|switch|p2a: Latios|Latios, M|52/100
|-damage|p2a: Latios|40/100|[from] Stealth Rock
|turn|13
|
|t:|1735167984
|move|p2a: Latios|Draco Meteor|p1a: bug apologist
|-damage|p1a: bug apologist|11/100
|-unboost|p2a: Latios|spa|2
|move|p1a: bug apologist|Icy Wind|p2a: Latios
|-supereffective|p2a: Latios
|-damage|p2a: Latios|0 fnt
|faint|p2a: Latios
|
|upkeep
|
|t:|1735167988
|switch|p2a: Dragonite|Dragonite, M|100/100
|-damage|p2a: Dragonite|76/100|[from] Stealth Rock
|turn|14
|
|t:|1735167996
|move|p2a: Dragonite|Extreme Speed|p1a: bug apologist
|-damage|p1a: bug apologist|0 fnt
|faint|p1a: bug apologist
|
|upkeep
|
|t:|1735167998
|switch|p1a: bug 1|Yanmega, M|100/100
|turn|15
|
|t:|1735168005
|move|p1a: bug 1|Bug Buzz|p2a: Dragonite
|-resisted|p2a: Dragonite
|-damage|p2a: Dragonite|1/100
|move|p2a: Dragonite|Dragon Dance|p2a: Dragonite
|-boost|p2a: Dragonite|atk|1
|-boost|p2a: Dragonite|spe|1
|
|upkeep
|turn|16
|
|t:|1735168011
|switch|p1a: bug 2|Volcarona, M|100/100
|move|p2a: Dragonite|Outrage|p1a: bug 2
|-damage|p1a: bug 2|0 fnt
|faint|p1a: bug 2
|
|upkeep
|
|t:|1735168017
|switch|p1a: bug 1|Yanmega, M|100/100
|turn|17
|
|t:|1735168020
|move|p2a: Dragonite|Outrage|p1a: bug 1|[from]lockedmove
|-damage|p1a: bug 1|0 fnt
|faint|p1a: bug 1
|
|win|HydreigonSpammer
|raw|JesusKun69's rating: 1398 &rarr; <strong>1372</strong><br />(-26 for losing)
|raw|HydreigonSpammer's rating: 1290 &rarr; <strong>1323</strong><br />(+33 for winning)
