|j|☆Jkonek
|j|☆lujialelele
|t:|1725174956
|gametype|singles
|player|p1|Jkonek|n|1355
|player|p2|lujialelele|1|1310
|teamsize|p1|6
|teamsize|p2|6
|gen|5
|tier|[Gen 5] OU
|rated|
|rule|Species Clause: Limit one of each Pokémon
|rule|OHKO Clause: OHKO moves are banned
|rule|Moody Clause: Moody is banned
|rule|Evasion Items Clause: Evasion items are banned
|rule|Evasion Moves Clause: Evasion moves are banned
|rule|Endless Battle Clause: Forcing endless battles is banned
|rule|HP Percentage Mod: HP is shown in percentages
|rule|Evasion Abilities Clause: Evasion abilities are banned
|rule|Sleep Moves Clause: Sleep-inducing moves are banned
|rule|Swagger Clause: Swagger is banned
|rule|Baton Pass Stat Clause: No Baton Passer may have a way to boost its stats
|clearpoke
|poke|p1|Tyranitar, M|item
|poke|p1|Alakazam, M|item
|poke|p1|Garchomp, M|item
|poke|p1|Ferrothorn, M|item
|poke|p1|Landorus-Therian, M|item
|poke|p1|Magnezone|item
|poke|p2|Magnezone|item
|poke|p2|Politoed, F|item
|poke|p2|Gligar, M|item
|poke|p2|Gastrodon, M|item
|poke|p2|Garchomp, M|item
|poke|p2|Starmie|item
|teampreview
|inactive|Battle timer is ON: inactive players will automatically lose when time's up. (requested by Jkonek)
|
|t:|1725174983
|start
|switch|p1a: Landorus|Landorus-Therian, M|100/100
|switch|p2a: Garchomp|Garchomp, M|100/100
|-ability|p1a: Landorus|Intimidate|boost
|-unboost|p2a: Garchomp|atk|1
|turn|1
|
|t:|1725174992
|switch|p2a: Gligar|Gligar, M|100/100
|move|p1a: Landorus|Hidden Power|p2a: Gligar
|-supereffective|p2a: Gligar
|-damage|p2a: Gligar|32/100
|
|upkeep
|turn|2
|
|t:|1725175010
|switch|p1a: Garchomp|Garchomp, M|100/100
|move|p2a: Gligar|Protect||[still]
|-fail|p2a: Gligar
|
|upkeep
|turn|3
|
|t:|1725175019
|move|p1a: Garchomp|Draco Meteor|p2a: Gligar
|-damage|p2a: Gligar|0 fnt
|-unboost|p1a: Garchomp|spa|2
|faint|p2a: Gligar
|
|upkeep
|
|t:|1725175030
|switch|p2a: Starmie|Starmie|100/100
|turn|4
|
|t:|1725175038
|switch|p1a: Ferrothorn|Ferrothorn, M|100/100
|move|p2a: Starmie|Ice Beam|p1a: Ferrothorn
|-damage|p1a: Ferrothorn|76/100
|-status|p1a: Ferrothorn|frz
|
|upkeep
|turn|5
|
|t:|1725175049
|switch|p2a: Garchomp|Garchomp, M|100/100
|switch|p1a: Garchomp|Garchomp, M|100/100
|
|upkeep
|turn|6
|
|t:|1725175058
|move|p1a: Garchomp|Draco Meteor|p2a: Garchomp
|-supereffective|p2a: Garchomp
|-crit|p2a: Garchomp
|-enditem|p2a: Garchomp|Focus Sash
|-damage|p2a: Garchomp|1/100
|-unboost|p1a: Garchomp|spa|2
|move|p2a: Garchomp|Swords Dance|p2a: Garchomp
|-boost|p2a: Garchomp|atk|2
|
|upkeep
|turn|7
|
|t:|1725175075
|switch|p2a: Magnezone|Magnezone|100/100
|move|p1a: Garchomp|Draco Meteor|p2a: Magnezone
|-resisted|p2a: Magnezone
|-damage|p2a: Magnezone|85/100
|-unboost|p1a: Garchomp|spa|2
|
|upkeep
|turn|8
|
|t:|1725175084
|move|p1a: Garchomp|Stealth Rock|p2a: Magnezone
|-sidestart|p2: lujialelele|move: Stealth Rock
|move|p2a: Magnezone|Hidden Power|p1a: Garchomp
|-supereffective|p1a: Garchomp
|-damage|p1a: Garchomp|0 fnt
|faint|p1a: Garchomp
|
|upkeep
|
|t:|1725175097
|switch|p1a: Landorus|Landorus-Therian, M|100/100
|-ability|p1a: Landorus|Intimidate|boost
|-unboost|p2a: Magnezone|atk|1
|turn|9
|
|t:|1725175110
|switch|p2a: Politoed|Politoed, F|100/100
|-damage|p2a: Politoed|88/100|[from] Stealth Rock
|-weather|RainDance|[from] ability: Drizzle|[of] p2a: Politoed
|move|p1a: Landorus|Earthquake|p2a: Politoed
|-damage|p2a: Politoed|26/100
|
|-weather|RainDance|[upkeep]
|upkeep
|turn|10
|
|t:|1725175120
|switch|p2a: Garchomp|Garchomp, M|1/100
|-damage|p2a: Garchomp|0 fnt|[from] Stealth Rock
|faint|p2a: Garchomp
|move|p1a: Landorus|Earthquake|p2: Garchomp|[notarget]
|-fail|p1a: Landorus
|
|-weather|RainDance|[upkeep]
|upkeep
|
|t:|1725175127
|switch|p2a: Starmie|Starmie|100/100
|-damage|p2a: Starmie|88/100|[from] Stealth Rock
|turn|11
|
|t:|1725175134
|switch|p1a: Ferrothorn|Ferrothorn, M|76/100 frz
|move|p2a: Starmie|Hydro Pump|p1a: Ferrothorn
|-resisted|p1a: Ferrothorn
|-damage|p1a: Ferrothorn|44/100 frz
|
|-weather|RainDance|[upkeep]
|-heal|p2a: Starmie|94/100|[from] item: Leftovers
|upkeep
|turn|12
|
|t:|1725175149
|switch|p1a: Tyranitar|Tyranitar, M|100/100
|-weather|Sandstorm|[from] ability: Sand Stream|[of] p1a: Tyranitar
|move|p2a: Starmie|Hydro Pump|p1a: Tyranitar
|-supereffective|p1a: Tyranitar
|-damage|p1a: Tyranitar|37/100
|
|-weather|Sandstorm|[upkeep]
|-damage|p2a: Starmie|88/100|[from] Sandstorm
|-heal|p2a: Starmie|94/100|[from] item: Leftovers
|upkeep
|turn|13
|
|t:|1725175169
|move|p1a: Tyranitar|Stone Edge|p2a: Starmie|[miss]
|-miss|p1a: Tyranitar|p2a: Starmie
|move|p2a: Starmie|Hydro Pump|p1a: Tyranitar
|-supereffective|p1a: Tyranitar
|-damage|p1a: Tyranitar|0 fnt
|faint|p1a: Tyranitar
|
|-weather|Sandstorm|[upkeep]
|-damage|p2a: Starmie|88/100|[from] Sandstorm
|-heal|p2a: Starmie|94/100|[from] item: Leftovers
|upkeep
|inactive|Jkonek has 120 seconds left.
|
|t:|1725175187
|switch|p1a: Alakazam|Alakazam, M|100/100
|turn|14
|
|t:|1725175196
|switch|p2a: Magnezone|Magnezone|85/100
|-damage|p2a: Magnezone|79/100|[from] Stealth Rock
|move|p1a: Alakazam|Shadow Ball|p2a: Magnezone
|-resisted|p2a: Magnezone
|-damage|p2a: Magnezone|63/100
|-unboost|p2a: Magnezone|spd|1
|
|-weather|Sandstorm|[upkeep]
|upkeep
|turn|15
|
|t:|1725175211
|move|p1a: Alakazam|Hidden Power|p2a: Magnezone
|-supereffective|p2a: Magnezone
|-damage|p2a: Magnezone|0 fnt
|faint|p2a: Magnezone
|
|-weather|Sandstorm|[upkeep]
|upkeep
|
|t:|1725175223
|switch|p2a: Gastrodon|Gastrodon, M|100/100
|-damage|p2a: Gastrodon|94/100|[from] Stealth Rock
|turn|16
|
|t:|1725175237
|switch|p1a: Ferrothorn|Ferrothorn, M|44/100 frz
|move|p2a: Gastrodon|Earth Power|p1a: Ferrothorn
|-damage|p1a: Ferrothorn|11/100 frz
|
|-weather|Sandstorm|[upkeep]
|-heal|p2a: Gastrodon|100/100|[from] item: Leftovers
|upkeep
|turn|17
|
|t:|1725175249
|move|p2a: Gastrodon|Earth Power|p1a: Ferrothorn
|-damage|p1a: Ferrothorn|0 fnt
|faint|p1a: Ferrothorn
|
|-weather|Sandstorm|[upkeep]
|upkeep
|
|t:|1725175263
|switch|p1a: Landorus|Landorus-Therian, M|100/100
|-ability|p1a: Landorus|Intimidate|boost
|-unboost|p2a: Gastrodon|atk|1
|turn|18
|
|t:|1725175270
|move|p1a: Landorus|Explosion|p2a: Gastrodon
|-damage|p2a: Gastrodon|0 fnt
|faint|p1a: Landorus
|faint|p2a: Gastrodon
|
|-weather|Sandstorm|[upkeep]
|upkeep
|
|t:|1725175284
|switch|p1a: Magnezone|Magnezone|100/100
|switch|p2a: Politoed|Politoed, F|26/100
|-damage|p2a: Politoed|14/100|[from] Stealth Rock
|-weather|RainDance|[from] ability: Drizzle|[of] p2a: Politoed
|turn|19
|
|t:|1725175292
|move|p2a: Politoed|Hydro Pump|p1a: Magnezone
|-damage|p1a: Magnezone|11/100
|move|p1a: Magnezone|Volt Switch|p2a: Politoed
|-supereffective|p2a: Politoed
|-damage|p2a: Politoed|0 fnt
|faint|p2a: Politoed
|
|t:|1725175297
|switch|p1a: Alakazam|Alakazam, M|100/100|[from] Volt Switch
|
|-weather|RainDance|[upkeep]
|upkeep
|
|t:|1725175301
|switch|p2a: Starmie|Starmie|94/100
|-damage|p2a: Starmie|82/100|[from] Stealth Rock
|turn|20
|
|t:|1725175312
|move|p1a: Alakazam|Shadow Ball|p2a: Starmie
|-supereffective|p2a: Starmie
|-damage|p2a: Starmie|0 fnt
|faint|p2a: Starmie
|
|win|Jkonek
|raw|Jkonek's rating: 1355 &rarr; <strong>1372</strong><br />(+17 for winning)
|raw|lujialelele's rating: 1310 &rarr; <strong>1293</strong><br />(-17 for losing)
|l|☆lujialelele
|player|p2|
