|j|☆Moonscales
|j|☆smiletoad
|player|p1|Moonscales|209
|player|p2|smiletoad|2
|teamsize|p1|6
|teamsize|p2|6
|gametype|singles
|gen|5
|tier|[Gen 5] OU
|rated|
|rule|Sleep Clause Mod: Limit one foe put to sleep
|rule|Species Clause: Limit one of each Pokémon
|rule|OHKO Clause: OHKO moves are banned
|rule|Moody Clause: Moody is banned
|rule|Evasion Moves Clause: Evasion moves are banned
|rule|Endless Battle Clause: Forcing endless battles is banned
|rule|HP Percentage Mod: HP is shown in percentages
|rule|Evasion Abilities Clause: Evasion abilities are banned
|rule|Baton Pass Clause: Limit one Baton Passer, can't pass Spe and other stats simultaneously
|rule|Swagger Clause: Swagger is banned
|clearpoke
|poke|p1|Scizor, M|item
|poke|p1|Magnezone|item
|poke|p1|Landorus-Therian, M|item
|poke|p1|Starmie|item
|poke|p1|Dragonite, M|item
|poke|p1|Garchomp, F|item
|poke|p2|Tyranitar, M|item
|poke|p2|Thundurus-Therian, M|item
|poke|p2|Slowking, M|item
|poke|p2|Breloom, F|item
|poke|p2|Gothitelle, M|item
|poke|p2|Skarmory, M|item
|teampreview
|
|start
|switch|p1a: Scizor|Scizor, M|100/100
|switch|p2a: Tyranitar|Tyranitar, M|100/100
|-weather|Sandstorm|[from] ability: Sand Stream|[of] p2a: Tyranitar
|turn|1
|
|move|p1a: Scizor|U-turn|p2a: Tyranitar
|-supereffective|p2a: Tyranitar
|-enditem|p2a: Tyranitar|Tanga Berry|[eat]
|-enditem|p2a: Tyranitar|Tanga Berry|[weaken]
|-damage|p2a: Tyranitar|76/100
|
|switch|p1a: Landorus|Landorus-Therian, M|100/100
|-ability|p1a: Landorus|Intimidate|boost
|-unboost|p2a: Tyranitar|atk|1
|move|p2a: Tyranitar|Fire Blast|p1a: Landorus
|-damage|p1a: Landorus|63/100
|
|-weather|Sandstorm|[upkeep]
|upkeep
|turn|2
|
|switch|p2a: Skarmory|Skarmory, M|100/100
|move|p1a: Landorus|Earthquake|p2a: Skarmory
|-immune|p2a: Skarmory|[msg]
|
|-weather|Sandstorm|[upkeep]
|upkeep
|turn|3
|inactive|Battle timer is ON: inactive players will automatically lose when time's up. (requested by Moonscales)
|
|switch|p1a: Magnezone|Magnezone, shiny|100/100
|switch|p2a: Breloom|Breloom, F|100/100
|
|-weather|Sandstorm|[upkeep]
|-damage|p2a: Breloom|95/100|[from] Sandstorm
|upkeep
|turn|4
|
|switch|p1a: Starmie|Starmie, shiny|100/100
|move|p2a: Breloom|Low Sweep|p1a: Starmie
|-resisted|p1a: Starmie
|-crit|p1a: Starmie
|-damage|p1a: Starmie|0 fnt
|faint|p1a: Starmie
|
|-weather|Sandstorm|[upkeep]
|-damage|p2a: Breloom|89/100|[from] Sandstorm
|upkeep
|c|☆Moonscales|what
|
|switch|p1a: Garchomp|Garchomp, F|100/100
|turn|5
|
|move|p1a: Garchomp|Stealth Rock|p2a: Breloom
|-sidestart|p2: smiletoad|move: Stealth Rock
|move|p2a: Breloom|Low Sweep|p1a: Garchomp
|-damage|p1a: Garchomp|18/100
|-damage|p2a: Breloom|76/100|[from] ability: Rough Skin|[of] p1a: Garchomp
|-unboost|p1a: Garchomp|spe|1
|
|-weather|Sandstorm|[upkeep]
|-damage|p2a: Breloom|70/100|[from] Sandstorm
|upkeep
|turn|6
|
|switch|p1a: Landorus|Landorus-Therian, M|63/100
|-ability|p1a: Landorus|Intimidate|boost
|-unboost|p2a: Breloom|atk|1
|move|p2a: Breloom|Low Sweep|p1a: Landorus
|-resisted|p1a: Landorus
|-damage|p1a: Landorus|33/100
|-unboost|p1a: Landorus|spe|1
|
|-weather|Sandstorm|[upkeep]
|-damage|p2a: Breloom|64/100|[from] Sandstorm
|upkeep
|turn|7
|
|switch|p2a: Skarmory|Skarmory, M|100/100
|-damage|p2a: Skarmory|88/100|[from] Stealth Rock
|move|p1a: Landorus|U-turn|p2a: Skarmory
|-resisted|p2a: Skarmory
|-damage|p2a: Skarmory|84/100
|
|switch|p1a: Magnezone|Magnezone, shiny|100/100
|
|-weather|Sandstorm|[upkeep]
|-heal|p2a: Skarmory|90/100|[from] item: Leftovers
|upkeep
|turn|8
|
|move|p1a: Magnezone|Thunderbolt|p2a: Skarmory
|-supereffective|p2a: Skarmory
|-damage|p2a: Skarmory|0 fnt
|faint|p2a: Skarmory
|
|-weather|Sandstorm|[upkeep]
|upkeep
|inactive|smiletoad has 135 seconds left.
|inactive|smiletoad has 120 seconds left.
|
|switch|p2a: Breloom|Breloom, F|64/100
|-damage|p2a: Breloom|58/100|[from] Stealth Rock
|turn|9
|
|move|p1a: Magnezone|Thunderbolt|p2a: Breloom
|-resisted|p2a: Breloom
|-damage|p2a: Breloom|0 fnt
|faint|p2a: Breloom
|
|-weather|Sandstorm|[upkeep]
|upkeep
|
|switch|p2a: Thundurus|Thundurus-Therian, M|100/100
|-damage|p2a: Thundurus|76/100|[from] Stealth Rock
|turn|10
|
|switch|p1a: Landorus|Landorus-Therian, M|33/100
|-ability|p1a: Landorus|Intimidate|boost
|-unboost|p2a: Thundurus|atk|1
|move|p2a: Thundurus|Hidden Power|p1a: Landorus
|-supereffective|p1a: Landorus
|-damage|p1a: Landorus|0 fnt
|faint|p1a: Landorus
|
|-weather|Sandstorm|[upkeep]
|-damage|p2a: Thundurus|70/100|[from] Sandstorm
|-heal|p2a: Thundurus|76/100|[from] item: Leftovers
|upkeep
|
|switch|p1a: Garchomp|Garchomp, F|18/100
|turn|11
|inactive|smiletoad has 135 seconds left.
|
|switch|p2a: Tyranitar|Tyranitar, M|76/100
|-damage|p2a: Tyranitar|63/100|[from] Stealth Rock
|move|p1a: Garchomp|Outrage|p2a: Tyranitar
|-damage|p2a: Tyranitar|16/100
|
|-weather|Sandstorm|[upkeep]
|upkeep
|turn|12
|
|move|p1a: Garchomp|Outrage|p2a: Tyranitar|[from]lockedmove
|-damage|p2a: Tyranitar|0 fnt
|-start|p1a: Garchomp|confusion|[fatigue]
|faint|p2a: Tyranitar
|-enditem|p1a: Garchomp|Lum Berry|[eat]
|-end|p1a: Garchomp|confusion
|
|-weather|Sandstorm|[upkeep]
|upkeep
|
|switch|p2a: Gothitelle|Gothitelle, M|100/100
|-damage|p2a: Gothitelle|88/100|[from] Stealth Rock
|turn|13
|
|move|p2a: Gothitelle|Hidden Power|p1a: Garchomp
|-supereffective|p1a: Garchomp
|-damage|p1a: Garchomp|0 fnt
|faint|p1a: Garchomp
|
|-weather|Sandstorm|[upkeep]
|-damage|p2a: Gothitelle|82/100|[from] Sandstorm
|upkeep
|
|switch|p1a: Scizor|Scizor, M|100/100
|turn|14
|
|switch|p2a: Thundurus|Thundurus-Therian, M|76/100
|-damage|p2a: Thundurus|51/100|[from] Stealth Rock
|move|p1a: Scizor|Swords Dance|p1a: Scizor
|-boost|p1a: Scizor|atk|2
|
|-weather|Sandstorm|[upkeep]
|-damage|p2a: Thundurus|45/100|[from] Sandstorm
|-heal|p2a: Thundurus|51/100|[from] item: Leftovers
|upkeep
|turn|15
|
|move|p1a: Scizor|Bullet Punch|p2a: Thundurus
|-resisted|p2a: Thundurus
|-damage|p2a: Thundurus|8/100
|move|p2a: Thundurus|Volt Switch|p1a: Scizor
|-damage|p1a: Scizor|62/100
|inactive|smiletoad has 135 seconds left.
|
|switch|p2a: Gothitelle|Gothitelle, M|82/100
|-damage|p2a: Gothitelle|70/100|[from] Stealth Rock
|
|-weather|Sandstorm|[upkeep]
|-damage|p2a: Gothitelle|63/100|[from] Sandstorm
|-heal|p1a: Scizor|68/100|[from] item: Leftovers
|upkeep
|turn|16
|
|move|p2a: Gothitelle|Thunderbolt|p1a: Scizor
|-damage|p1a: Scizor|42/100
|move|p1a: Scizor|U-turn|p2a: Gothitelle
|-supereffective|p2a: Gothitelle
|-damage|p2a: Gothitelle|0 fnt
|faint|p2a: Gothitelle
|-message|smiletoad forfeited.
|
|win|Moonscales
|raw|Moonscales's rating: 1371 &rarr; <strong>1390</strong><br />(+19 for winning)
|raw|smiletoad's rating: 1358 &rarr; <strong>1339</strong><br />(-19 for losing)
|l|☆Moonscales
|l|☆smiletoad
|j|☆Moonscales
