|j|☆Commbacckk
|j|☆sleepexc
|t:|1727068171
|gametype|singles
|player|p1|Commbacckk|170|1395
|player|p2|sleepexc|pokekid|1267
|teamsize|p1|6
|teamsize|p2|6
|gen|5
|tier|[Gen 5] OU
|rated|
|rule|Species Clause: Limit one of each Pokémon
|rule|OHKO Clause: OHKO moves are banned
|rule|Moody Clause: Moody is banned
|rule|Evasion Items Clause: Evasion items are banned
|rule|Evasion Moves Clause: Evasion moves are banned
|rule|Endless Battle Clause: Forcing endless battles is banned
|rule|HP Percentage Mod: HP is shown in percentages
|rule|Evasion Abilities Clause: Evasion abilities are banned
|rule|Sleep Moves Clause: Sleep-inducing moves are banned
|rule|Swagger Clause: Swagger is banned
|rule|Baton Pass Stat Clause: No Baton Passer may have a way to boost its stats
|clearpoke
|poke|p1|Hippowdon, M|item
|poke|p1|Ferrothorn, F|item
|poke|p1|Magnezone|item
|poke|p1|Latios, M|item
|poke|p1|Excadrill, F|item
|poke|p1|Reuniclus, M|item
|poke|p2|Rotom-Wash|item
|poke|p2|Garchomp, M|item
|poke|p2|Starmie|item
|poke|p2|Scizor, F|item
|poke|p2|Dragonite, M|item
|poke|p2|Reuniclus, M|item
|teampreview
|
|t:|1727068191
|start
|switch|p1a: Ferrothorn|Ferrothorn, F|100/100
|switch|p2a: Garchomp|Garchomp, M|100/100
|turn|1
|inactive|Battle timer is ON: inactive players will automatically lose when time's up. (requested by Commbacckk)
|
|t:|1727068198
|move|p2a: Garchomp|Flamethrower|p1a: Ferrothorn
|-supereffective|p1a: Ferrothorn
|-damage|p1a: Ferrothorn|14/100
|-damage|p2a: Garchomp|91/100|[from] item: Life Orb
|move|p1a: Ferrothorn|Leech Seed|p2a: Garchomp
|-start|p2a: Garchomp|move: Leech Seed
|
|-heal|p1a: Ferrothorn|20/100|[from] item: Leftovers
|-damage|p2a: Garchomp|78/100|[from] Leech Seed|[of] p1a: Ferrothorn
|-heal|p1a: Ferrothorn|34/100|[silent]
|upkeep
|turn|2
|
|t:|1727068208
|move|p1a: Ferrothorn|Protect|p1a: Ferrothorn
|-singleturn|p1a: Ferrothorn|Protect
|move|p2a: Garchomp|Stealth Rock|p1a: Ferrothorn
|-sidestart|p1: Commbacckk|move: Stealth Rock
|
|-heal|p1a: Ferrothorn|40/100|[from] item: Leftovers
|-damage|p2a: Garchomp|66/100|[from] Leech Seed|[of] p1a: Ferrothorn
|-heal|p1a: Ferrothorn|54/100|[silent]
|upkeep
|turn|3
|
|t:|1727068223
|switch|p2a: Rotom|Rotom-Wash|100/100
|switch|p1a: Hippowdon|Hippowdon, M|100/100
|-damage|p1a: Hippowdon|94/100|[from] Stealth Rock
|-weather|Sandstorm|[from] ability: Sand Stream|[of] p1a: Hippowdon
|
|-weather|Sandstorm|[upkeep]
|-damage|p2a: Rotom|94/100|[from] Sandstorm
|-heal|p2a: Rotom|100/100|[from] item: Leftovers
|-heal|p1a: Hippowdon|100/100|[from] item: Leftovers
|upkeep
|turn|4
|
|t:|1727068244
|switch|p1a: Latios|Latios, M|100/100
|-damage|p1a: Latios|88/100|[from] Stealth Rock
|move|p2a: Rotom|Will-O-Wisp|p1a: Latios
|-status|p1a: Latios|brn
|
|-weather|Sandstorm|[upkeep]
|-damage|p1a: Latios|82/100 brn|[from] Sandstorm
|-damage|p2a: Rotom|94/100|[from] Sandstorm
|-heal|p2a: Rotom|100/100|[from] item: Leftovers
|-damage|p1a: Latios|70/100 brn|[from] brn
|upkeep
|turn|5
|inactive|sleepexc has 120 seconds left.
|
|t:|1727068264
|switch|p2a: Scizor|Scizor, F|100/100
|move|p1a: Latios|Draco Meteor|p2a: Scizor
|-resisted|p2a: Scizor
|-damage|p2a: Scizor|22/100
|-unboost|p1a: Latios|spa|2
|
|-weather|Sandstorm|[upkeep]
|-damage|p1a: Latios|64/100 brn|[from] Sandstorm
|-damage|p1a: Latios|52/100 brn|[from] brn
|upkeep
|turn|6
|inactive|sleepexc has 120 seconds left.
|
|t:|1727068283
|switch|p2a: Reuniclus|Reuniclus, M|100/100
|move|p1a: Latios|Draco Meteor|p2a: Reuniclus
|-damage|p2a: Reuniclus|54/100
|-unboost|p1a: Latios|spa|2
|
|-weather|Sandstorm|[upkeep]
|-damage|p1a: Latios|46/100 brn|[from] Sandstorm
|-heal|p2a: Reuniclus|60/100|[from] item: Leftovers
|-damage|p1a: Latios|33/100 brn|[from] brn
|upkeep
|turn|7
|inactive|sleepexc has 120 seconds left.
|
|t:|1727068304
|switch|p1a: Hippowdon|Hippowdon, M|100/100
|-damage|p1a: Hippowdon|94/100|[from] Stealth Rock
|move|p2a: Reuniclus|Recover|p2a: Reuniclus
|-heal|p2a: Reuniclus|100/100
|
|-weather|Sandstorm|[upkeep]
|-heal|p1a: Hippowdon|100/100|[from] item: Leftovers
|upkeep
|turn|8
|inactive|sleepexc has 90 seconds left.
|
|t:|1727068342
|switch|p2a: Rotom|Rotom-Wash|100/100
|move|p1a: Hippowdon|Stealth Rock|p2a: Rotom
|-sidestart|p2: sleepexc|move: Stealth Rock
|
|-weather|Sandstorm|[upkeep]
|-damage|p2a: Rotom|94/100|[from] Sandstorm
|-heal|p2a: Rotom|100/100|[from] item: Leftovers
|upkeep
|turn|9
|
|t:|1727068352
|switch|p1a: Reuniclus|Reuniclus, M|100/100
|move|p2a: Rotom|Hydro Pump|p1a: Reuniclus
|-damage|p1a: Reuniclus|62/100
|
|-weather|Sandstorm|[upkeep]
|-damage|p2a: Rotom|94/100|[from] Sandstorm
|-heal|p2a: Rotom|100/100|[from] item: Leftovers
|-heal|p1a: Reuniclus|68/100|[from] item: Leftovers
|upkeep
|turn|10
|inactive|sleepexc has 90 seconds left.
|
|t:|1727068362
|move|p2a: Rotom|Volt Switch|p1a: Reuniclus
|-damage|p1a: Reuniclus|46/100
|inactive|sleepexc has 90 seconds left.
|
|t:|1727068374
|switch|p2a: Scizor|Scizor, F|22/100|[from] Volt Switch
|-damage|p2a: Scizor|10/100|[from] Stealth Rock
|move|p1a: Reuniclus|Recover|p1a: Reuniclus
|-heal|p1a: Reuniclus|96/100
|
|-weather|Sandstorm|[upkeep]
|-heal|p1a: Reuniclus|100/100|[from] item: Leftovers
|upkeep
|turn|11
|inactive|sleepexc has 90 seconds left.
|
|t:|1727068383
|switch|p1a: Ferrothorn|Ferrothorn, F|54/100
|-damage|p1a: Ferrothorn|48/100|[from] Stealth Rock
|move|p2a: Scizor|U-turn|p1a: Ferrothorn
|-damage|p1a: Ferrothorn|10/100
|-damage|p2a: Scizor|0 fnt|[from] ability: Iron Barbs|[of] p1a: Ferrothorn
|faint|p2a: Scizor
|
|-weather|Sandstorm|[upkeep]
|-heal|p1a: Ferrothorn|16/100|[from] item: Leftovers
|upkeep
|inactive|sleepexc has 90 seconds left.
|inactive|sleepexc has 60 seconds left.
|
|t:|1727068427
|switch|p2a: Garchomp|Garchomp, M|66/100
|-damage|p2a: Garchomp|60/100|[from] Stealth Rock
|turn|12
|inactive|sleepexc has 60 seconds left.
|
|t:|1727068439
|move|p2a: Garchomp|Earthquake|p1a: Ferrothorn
|-damage|p1a: Ferrothorn|0 fnt
|faint|p1a: Ferrothorn
|-damage|p2a: Garchomp|50/100|[from] item: Life Orb
|
|-weather|Sandstorm|[upkeep]
|upkeep
|
|t:|1727068445
|switch|p1a: Hippowdon|Hippowdon, M|100/100
|-damage|p1a: Hippowdon|94/100|[from] Stealth Rock
|turn|13
|
|t:|1727068454
|move|p2a: Garchomp|Draco Meteor|p1a: Hippowdon|[miss]
|-miss|p2a: Garchomp|p1a: Hippowdon
|move|p1a: Hippowdon|Whirlwind|p2a: Garchomp
|drag|p2a: Dragonite|Dragonite, M|100/100
|-damage|p2a: Dragonite|75/100|[from] Stealth Rock
|
|-weather|Sandstorm|[upkeep]
|-damage|p2a: Dragonite|69/100|[from] Sandstorm
|-heal|p2a: Dragonite|75/100|[from] item: Leftovers
|-heal|p1a: Hippowdon|100/100|[from] item: Leftovers
|upkeep
|turn|14
|inactive|sleepexc has 60 seconds left.
|
|t:|1727068486
|move|p2a: Dragonite|Dragon Claw|p1a: Hippowdon
|-damage|p1a: Hippowdon|70/100
|move|p1a: Hippowdon|Whirlwind|p2a: Dragonite
|drag|p2a: Starmie|Starmie|100/100
|-damage|p2a: Starmie|88/100|[from] Stealth Rock
|
|-weather|Sandstorm|[upkeep]
|-damage|p2a: Starmie|82/100|[from] Sandstorm
|-heal|p1a: Hippowdon|76/100|[from] item: Leftovers
|upkeep
|turn|15
|
|t:|1727068495
|switch|p1a: Reuniclus|Reuniclus, M|100/100
|move|p2a: Starmie|Rapid Spin|p1a: Reuniclus
|-damage|p1a: Reuniclus|96/100
|-sideend|p2: sleepexc|Stealth Rock|[from] move: Rapid Spin|[of] p2a: Starmie
|-damage|p2a: Starmie|72/100|[from] item: Life Orb
|
|-weather|Sandstorm|[upkeep]
|-damage|p2a: Starmie|66/100|[from] Sandstorm
|-heal|p1a: Reuniclus|100/100|[from] item: Leftovers
|upkeep
|turn|16
|
|t:|1727068509
|switch|p2a: Reuniclus|Reuniclus, M|100/100
|move|p1a: Reuniclus|Calm Mind|p1a: Reuniclus
|-boost|p1a: Reuniclus|spa|1
|-boost|p1a: Reuniclus|spd|1
|
|-weather|Sandstorm|[upkeep]
|upkeep
|turn|17
|
|t:|1727068515
|move|p1a: Reuniclus|Thunder|p2a: Reuniclus|[miss]
|-miss|p1a: Reuniclus|p2a: Reuniclus
|move|p2a: Reuniclus|Calm Mind|p2a: Reuniclus
|-boost|p2a: Reuniclus|spa|1
|-boost|p2a: Reuniclus|spd|1
|
|-weather|Sandstorm|[upkeep]
|upkeep
|turn|18
|inactive|sleepexc has 60 seconds left.
|
|t:|1727068524
|switch|p1a: Hippowdon|Hippowdon, M|76/100
|-damage|p1a: Hippowdon|70/100|[from] Stealth Rock
|move|p2a: Reuniclus|Signal Beam|p1a: Hippowdon
|-crit|p1a: Hippowdon
|-damage|p1a: Hippowdon|17/100
|
|-weather|Sandstorm|[upkeep]
|-heal|p1a: Hippowdon|23/100|[from] item: Leftovers
|upkeep
|turn|19
|inactive|sleepexc has 60 seconds left.
|inactive|sleepexc has 30 seconds left.
|
|t:|1727068565
|move|p1a: Hippowdon|Slack Off|p1a: Hippowdon
|-heal|p1a: Hippowdon|73/100
|move|p2a: Reuniclus|Signal Beam|p1a: Hippowdon
|-damage|p1a: Hippowdon|46/100
|
|-weather|Sandstorm|[upkeep]
|-heal|p1a: Hippowdon|52/100|[from] item: Leftovers
|upkeep
|turn|20
|inactive|sleepexc has 30 seconds left.
|
|t:|1727068579
|move|p1a: Hippowdon|Slack Off|p1a: Hippowdon
|-heal|p1a: Hippowdon|100/100
|move|p2a: Reuniclus|Calm Mind|p2a: Reuniclus
|-boost|p2a: Reuniclus|spa|1
|-boost|p2a: Reuniclus|spd|1
|
|-weather|Sandstorm|[upkeep]
|upkeep
|turn|21
|
|t:|1727068586
|move|p2a: Reuniclus|Signal Beam|p1a: Hippowdon
|-damage|p1a: Hippowdon|68/100
|move|p1a: Hippowdon|Whirlwind|p2a: Reuniclus
|drag|p2a: Dragonite|Dragonite, M|75/100
|
|-weather|Sandstorm|[upkeep]
|-damage|p2a: Dragonite|69/100|[from] Sandstorm
|-heal|p2a: Dragonite|75/100|[from] item: Leftovers
|-heal|p1a: Hippowdon|74/100|[from] item: Leftovers
|upkeep
|turn|22
|j| dybehme
|
|t:|1727068596
|move|p2a: Dragonite|Dragon Dance|p2a: Dragonite
|-boost|p2a: Dragonite|atk|1
|-boost|p2a: Dragonite|spe|1
|move|p1a: Hippowdon|Stealth Rock|p2a: Dragonite
|-sidestart|p2: sleepexc|move: Stealth Rock
|
|-weather|Sandstorm|[upkeep]
|-damage|p2a: Dragonite|69/100|[from] Sandstorm
|-heal|p2a: Dragonite|75/100|[from] item: Leftovers
|-heal|p1a: Hippowdon|80/100|[from] item: Leftovers
|upkeep
|turn|23
|
|t:|1727068604
|move|p2a: Dragonite|Dragon Claw|p1a: Hippowdon
|-damage|p1a: Hippowdon|36/100
|move|p1a: Hippowdon|Whirlwind|p2a: Dragonite
|drag|p2a: Reuniclus|Reuniclus, M|100/100
|
|-weather|Sandstorm|[upkeep]
|-heal|p1a: Hippowdon|43/100|[from] item: Leftovers
|upkeep
|turn|24
|
|t:|1727068614
|move|p1a: Hippowdon|Slack Off|p1a: Hippowdon
|-heal|p1a: Hippowdon|93/100
|move|p2a: Reuniclus|Calm Mind|p2a: Reuniclus
|-boost|p2a: Reuniclus|spa|1
|-boost|p2a: Reuniclus|spd|1
|
|-weather|Sandstorm|[upkeep]
|-heal|p1a: Hippowdon|99/100|[from] item: Leftovers
|upkeep
|turn|25
|
|t:|1727068622
|move|p2a: Reuniclus|Psyshock|p1a: Hippowdon
|-damage|p1a: Hippowdon|68/100
|move|p1a: Hippowdon|Whirlwind|p2a: Reuniclus
|drag|p2a: Starmie|Starmie|66/100
|-damage|p2a: Starmie|54/100|[from] Stealth Rock
|
|-weather|Sandstorm|[upkeep]
|-damage|p2a: Starmie|48/100|[from] Sandstorm
|-heal|p1a: Hippowdon|74/100|[from] item: Leftovers
|upkeep
|turn|26
|inactive|sleepexc has 60 seconds left.
|j| ha6ha6
|
|t:|1727068640
|switch|p1a: Magnezone|Magnezone|100/100
|-damage|p1a: Magnezone|94/100|[from] Stealth Rock
|-item|p1a: Magnezone|Air Balloon
|move|p2a: Starmie|Surf|p1a: Magnezone
|-crit|p1a: Magnezone
|-damage|p1a: Magnezone|0 fnt
|-enditem|p1a: Magnezone|Air Balloon
|faint|p1a: Magnezone
|-damage|p2a: Starmie|38/100|[from] item: Life Orb
|
|-weather|Sandstorm|[upkeep]
|-damage|p2a: Starmie|32/100|[from] Sandstorm
|upkeep
|
|t:|1727068642
|switch|p1a: Excadrill|Excadrill, F|100/100
|-damage|p1a: Excadrill|97/100|[from] Stealth Rock
|turn|27
|inactive|sleepexc has 60 seconds left.
|
|t:|1727068664
|switch|p2a: Garchomp|Garchomp, M|50/100
|-damage|p2a: Garchomp|44/100|[from] Stealth Rock
|move|p1a: Excadrill|Rock Slide|p2a: Garchomp
|-resisted|p2a: Garchomp
|-damage|p2a: Garchomp|26/100
|
|-weather|Sandstorm|[upkeep]
|upkeep
|turn|28
|
|t:|1727068675
|switch|p1a: Reuniclus|Reuniclus, M|100/100
|move|p2a: Garchomp|Earthquake|p1a: Reuniclus
|-damage|p1a: Reuniclus|63/100
|-damage|p2a: Garchomp|17/100|[from] item: Life Orb
|
|-weather|Sandstorm|[upkeep]
|-heal|p1a: Reuniclus|69/100|[from] item: Leftovers
|upkeep
|turn|29
|inactive|sleepexc has 60 seconds left.
|inactive|sleepexc has 30 seconds left.
|
|t:|1727068710
|move|p2a: Garchomp|Earthquake|p1a: Reuniclus
|-damage|p1a: Reuniclus|28/100
|-damage|p2a: Garchomp|7/100|[from] item: Life Orb
|move|p1a: Reuniclus|Recover|p1a: Reuniclus
|-heal|p1a: Reuniclus|78/100
|
|-weather|Sandstorm|[upkeep]
|-heal|p1a: Reuniclus|84/100|[from] item: Leftovers
|upkeep
|turn|30
|inactive|sleepexc has 30 seconds left.
|
|t:|1727068730
|switch|p2a: Reuniclus|Reuniclus, M|100/100
|move|p1a: Reuniclus|Recover|p1a: Reuniclus
|-heal|p1a: Reuniclus|100/100
|
|-weather|Sandstorm|[upkeep]
|upkeep
|turn|31
|inactive|sleepexc has 30 seconds left.
|inactive|sleepexc has 20 seconds left.
|
|t:|1727068754
|switch|p1a: Hippowdon|Hippowdon, M|74/100
|-damage|p1a: Hippowdon|68/100|[from] Stealth Rock
|switch|p2a: Starmie|Starmie|32/100
|-damage|p2a: Starmie|20/100|[from] Stealth Rock
|
|-weather|Sandstorm|[upkeep]
|-damage|p2a: Starmie|13/100|[from] Sandstorm
|-heal|p1a: Hippowdon|74/100|[from] item: Leftovers
|upkeep
|turn|32
|inactive|sleepexc has 30 seconds left this turn.
|inactive|sleepexc has 20 seconds left.
|inactive|sleepexc has 15 seconds left.
|
|t:|1727068771
|move|p2a: Starmie|Rapid Spin|p1a: Hippowdon
|-damage|p1a: Hippowdon|72/100
|-sideend|p2: sleepexc|Stealth Rock|[from] move: Rapid Spin|[of] p2a: Starmie
|-damage|p2a: Starmie|4/100|[from] item: Life Orb
|move|p1a: Hippowdon|Earthquake|p2a: Starmie
|-damage|p2a: Starmie|0 fnt
|faint|p2a: Starmie
|
|-weather|Sandstorm|[upkeep]
|-heal|p1a: Hippowdon|78/100|[from] item: Leftovers
|upkeep
|inactive|sleepexc has 20 seconds left this turn.
|inactive|sleepexc has 15 seconds left.
|inactive|sleepexc has 10 seconds left.
|
|t:|1727068783
|switch|p2a: Rotom|Rotom-Wash|100/100
|turn|33
|inactive|sleepexc has 20 seconds left this turn.
|inactive|sleepexc has 15 seconds left.
|
|t:|1727068795
|switch|p1a: Reuniclus|Reuniclus, M|100/100
|move|p2a: Rotom|Volt Switch|p1a: Reuniclus
|-damage|p1a: Reuniclus|75/100
|inactive|sleepexc has 20 seconds left this turn.
|inactive|sleepexc has 15 seconds left.
|
|t:|1727068802
|switch|p2a: Dragonite|Dragonite, M|75/100|[from] Volt Switch
|
|-weather|Sandstorm|[upkeep]
|-damage|p2a: Dragonite|69/100|[from] Sandstorm
|-heal|p2a: Dragonite|75/100|[from] item: Leftovers
|-heal|p1a: Reuniclus|81/100|[from] item: Leftovers
|upkeep
|turn|34
|inactive|sleepexc has 25 seconds left this turn.
|l| ha6ha6
|inactive|sleepexc has 20 seconds left.
|
|t:|1727068811
|move|p2a: Dragonite|Dragon Dance|p2a: Dragonite
|-boost|p2a: Dragonite|atk|1
|-boost|p2a: Dragonite|spe|1
|move|p1a: Reuniclus|Hidden Power|p2a: Dragonite
|-supereffective|p2a: Dragonite
|-damage|p2a: Dragonite|0 fnt
|faint|p2a: Dragonite
|
|-weather|Sandstorm|[upkeep]
|-heal|p1a: Reuniclus|87/100|[from] item: Leftovers
|upkeep
|inactive|sleepexc has 25 seconds left this turn.
|inactive|sleepexc has 20 seconds left.
|inactive|sleepexc has 15 seconds left.
|
|t:|1727068822
|switch|p2a: Reuniclus|Reuniclus, M|100/100
|turn|35
|inactive|sleepexc has 25 seconds left this turn.
|
|t:|1727068825
|switch|p1a: Hippowdon|Hippowdon, M|78/100
|-damage|p1a: Hippowdon|72/100|[from] Stealth Rock
|move|p2a: Reuniclus|Calm Mind|p2a: Reuniclus
|-boost|p2a: Reuniclus|spa|1
|-boost|p2a: Reuniclus|spd|1
|
|-weather|Sandstorm|[upkeep]
|-heal|p1a: Hippowdon|78/100|[from] item: Leftovers
|upkeep
|turn|36
|inactive|sleepexc has 30 seconds left.
|
|t:|1727068840
|move|p1a: Hippowdon|Stealth Rock|p2a: Reuniclus
|-sidestart|p2: sleepexc|move: Stealth Rock
|move|p2a: Reuniclus|Psyshock|p1a: Hippowdon
|-crit|p1a: Hippowdon
|-damage|p1a: Hippowdon|17/100
|
|-weather|Sandstorm|[upkeep]
|-heal|p1a: Hippowdon|23/100|[from] item: Leftovers
|upkeep
|turn|37
|inactive|sleepexc has 30 seconds left.
|
|t:|1727068847
|move|p1a: Hippowdon|Slack Off|p1a: Hippowdon
|-heal|p1a: Hippowdon|73/100
|move|p2a: Reuniclus|Calm Mind|p2a: Reuniclus
|-boost|p2a: Reuniclus|spa|1
|-boost|p2a: Reuniclus|spd|1
|
|-weather|Sandstorm|[upkeep]
|-heal|p1a: Hippowdon|79/100|[from] item: Leftovers
|upkeep
|turn|38
|
|t:|1727068854
|move|p2a: Reuniclus|Psyshock|p1a: Hippowdon
|-damage|p1a: Hippowdon|37/100
|move|p1a: Hippowdon|Whirlwind|p2a: Reuniclus
|drag|p2a: Garchomp|Garchomp, M|7/100
|-damage|p2a: Garchomp|1/100|[from] Stealth Rock
|
|-weather|Sandstorm|[upkeep]
|-heal|p1a: Hippowdon|43/100|[from] item: Leftovers
|upkeep
|turn|39
|
|t:|1727068863
|switch|p1a: Excadrill|Excadrill, F|97/100
|-damage|p1a: Excadrill|94/100|[from] Stealth Rock
|move|p2a: Garchomp|Draco Meteor|p1a: Excadrill
|-resisted|p1a: Excadrill
|-damage|p1a: Excadrill|57/100
|-unboost|p2a: Garchomp|spa|2
|-damage|p2a: Garchomp|0 fnt|[from] item: Life Orb
|faint|p2a: Garchomp
|
|-weather|Sandstorm|[upkeep]
|upkeep
|inactive|sleepexc has 30 seconds left.
|inactive|sleepexc has 20 seconds left.
|inactive|sleepexc has 15 seconds left.
|
|t:|1727068893
|switch|p2a: Rotom|Rotom-Wash|100/100
|-damage|p2a: Rotom|88/100|[from] Stealth Rock
|turn|40
|inactive|sleepexc has 25 seconds left this turn.
|inactive|sleepexc has 20 seconds left.
|
|t:|1727068903
|move|p1a: Excadrill|Rock Slide|p2a: Rotom
|-damage|p2a: Rotom|57/100
|move|p2a: Rotom|Volt Switch|p1a: Excadrill
|-immune|p1a: Excadrill
|
|-weather|Sandstorm|[upkeep]
|-damage|p2a: Rotom|51/100|[from] Sandstorm
|-heal|p2a: Rotom|57/100|[from] item: Leftovers
|upkeep
|turn|41
|inactive|sleepexc has 30 seconds left this turn.
|
|t:|1727068915
|move|p1a: Excadrill|Rock Slide|p2a: Rotom
|-damage|p2a: Rotom|25/100
|move|p2a: Rotom|Pain Split|p1a: Excadrill
|-sethp|p1a: Excadrill|39/100|[from] move: Pain Split|[silent]
|-sethp|p2a: Rotom|46/100|[from] move: Pain Split
|
|-weather|Sandstorm|[upkeep]
|-damage|p2a: Rotom|40/100|[from] Sandstorm
|-heal|p2a: Rotom|46/100|[from] item: Leftovers
|upkeep
|turn|42
|inactive|sleepexc has 30 seconds left.
|
|t:|1727068926
|move|p1a: Excadrill|Rock Slide|p2a: Rotom
|-damage|p2a: Rotom|16/100
|move|p2a: Rotom|Hydro Pump|p1a: Excadrill
|-supereffective|p1a: Excadrill
|-damage|p1a: Excadrill|0 fnt
|faint|p1a: Excadrill
|
|-weather|Sandstorm|[upkeep]
|-damage|p2a: Rotom|9/100|[from] Sandstorm
|-heal|p2a: Rotom|16/100|[from] item: Leftovers
|upkeep
|inactive|sleepexc has 30 seconds left this turn.
|
|t:|1727068935
|switch|p1a: Reuniclus|Reuniclus, M|87/100
|turn|43
|inactive|sleepexc has 30 seconds left.
|inactive|sleepexc has 20 seconds left.
|
|t:|1727068958
|switch|p2a: Reuniclus|Reuniclus, M|100/100
|move|p1a: Reuniclus|Calm Mind|p1a: Reuniclus
|-boost|p1a: Reuniclus|spa|1
|-boost|p1a: Reuniclus|spd|1
|
|-weather|Sandstorm|[upkeep]
|-heal|p1a: Reuniclus|93/100|[from] item: Leftovers
|upkeep
|turn|44
|inactive|sleepexc has 30 seconds left this turn.
|
|t:|1727068967
|switch|p1a: Hippowdon|Hippowdon, M|43/100
|-damage|p1a: Hippowdon|37/100|[from] Stealth Rock
|move|p2a: Reuniclus|Calm Mind|p2a: Reuniclus
|-boost|p2a: Reuniclus|spa|1
|-boost|p2a: Reuniclus|spd|1
|
|-weather|Sandstorm|[upkeep]
|-heal|p1a: Hippowdon|43/100|[from] item: Leftovers
|upkeep
|turn|45
|inactive|sleepexc has 30 seconds left.
|inactive|sleepexc has 20 seconds left.
|
|t:|1727068983
|move|p1a: Hippowdon|Earthquake|p2a: Reuniclus
|-damage|p2a: Reuniclus|71/100
|move|p2a: Reuniclus|Calm Mind|p2a: Reuniclus
|-boost|p2a: Reuniclus|spa|1
|-boost|p2a: Reuniclus|spd|1
|
|-weather|Sandstorm|[upkeep]
|-heal|p1a: Hippowdon|50/100|[from] item: Leftovers
|-heal|p2a: Reuniclus|78/100|[from] item: Leftovers
|upkeep
|turn|46
|inactive|sleepexc has 30 seconds left this turn.
|inactive|sleepexc has 20 seconds left.
|
|t:|1727068995
|switch|p1a: Latios|Latios, M|33/100 brn
|-damage|p1a: Latios|21/100 brn|[from] Stealth Rock
|move|p2a: Reuniclus|Psyshock|p1a: Latios
|-resisted|p1a: Latios
|-damage|p1a: Latios|0 fnt
|faint|p1a: Latios
|
|-weather|Sandstorm|[upkeep]
|-heal|p2a: Reuniclus|84/100|[from] item: Leftovers
|upkeep
|inactive|sleepexc has 25 seconds left this turn.
|
|t:|1727068997
|switch|p1a: Reuniclus|Reuniclus, M|93/100
|turn|47
|inactive|sleepexc has 30 seconds left.
|
|t:|1727069006
|move|p1a: Reuniclus|Calm Mind|p1a: Reuniclus
|-boost|p1a: Reuniclus|spa|1
|-boost|p1a: Reuniclus|spd|1
|move|p2a: Reuniclus|Calm Mind|p2a: Reuniclus
|-boost|p2a: Reuniclus|spa|1
|-boost|p2a: Reuniclus|spd|1
|
|-weather|Sandstorm|[upkeep]
|-heal|p1a: Reuniclus|99/100|[from] item: Leftovers
|-heal|p2a: Reuniclus|90/100|[from] item: Leftovers
|upkeep
|turn|48
|
|t:|1727069027
|move|p1a: Reuniclus|Calm Mind|p1a: Reuniclus
|-boost|p1a: Reuniclus|spa|1
|-boost|p1a: Reuniclus|spd|1
|move|p2a: Reuniclus|Calm Mind|p2a: Reuniclus
|-boost|p2a: Reuniclus|spa|1
|-boost|p2a: Reuniclus|spd|1
|
|-weather|Sandstorm|[upkeep]
|-heal|p1a: Reuniclus|100/100|[from] item: Leftovers
|-heal|p2a: Reuniclus|96/100|[from] item: Leftovers
|upkeep
|turn|49
|
|t:|1727069036
|move|p1a: Reuniclus|Calm Mind|p1a: Reuniclus
|-boost|p1a: Reuniclus|spa|1
|-boost|p1a: Reuniclus|spd|1
|move|p2a: Reuniclus|Calm Mind|p2a: Reuniclus
|-boost|p2a: Reuniclus|spa|1
|-boost|p2a: Reuniclus|spd|1
|
|-weather|Sandstorm|[upkeep]
|-heal|p2a: Reuniclus|100/100|[from] item: Leftovers
|upkeep
|turn|50
|
|t:|1727069045
|move|p1a: Reuniclus|Thunder|p2a: Reuniclus|[miss]
|-miss|p1a: Reuniclus|p2a: Reuniclus
|move|p2a: Reuniclus|Psyshock|p1a: Reuniclus
|-resisted|p1a: Reuniclus
|-damage|p1a: Reuniclus|57/100
|
|-weather|Sandstorm|[upkeep]
|-heal|p1a: Reuniclus|63/100|[from] item: Leftovers
|upkeep
|turn|51
|
|t:|1727069053
|move|p1a: Reuniclus|Thunder|p2a: Reuniclus
|-damage|p2a: Reuniclus|81/100
|-status|p2a: Reuniclus|par
|move|p2a: Reuniclus|Calm Mind|p2a: Reuniclus
|-boost|p2a: Reuniclus|spa|1
|-boost|p2a: Reuniclus|spd|1
|
|-weather|Sandstorm|[upkeep]
|-heal|p1a: Reuniclus|69/100|[from] item: Leftovers
|-heal|p2a: Reuniclus|88/100 par|[from] item: Leftovers
|upkeep
|turn|52
|
|t:|1727069063
|move|p1a: Reuniclus|Calm Mind|p1a: Reuniclus
|-boost|p1a: Reuniclus|spa|1
|-boost|p1a: Reuniclus|spd|1
|cant|p2a: Reuniclus|par
|
|-weather|Sandstorm|[upkeep]
|-heal|p1a: Reuniclus|75/100|[from] item: Leftovers
|-heal|p2a: Reuniclus|94/100 par|[from] item: Leftovers
|upkeep
|turn|53
|
|t:|1727069071
|move|p1a: Reuniclus|Calm Mind|p1a: Reuniclus
|-boost|p1a: Reuniclus|spa|1
|-boost|p1a: Reuniclus|spd|1
|move|p2a: Reuniclus|Psyshock|p1a: Reuniclus
|-resisted|p1a: Reuniclus
|-damage|p1a: Reuniclus|30/100
|
|-weather|Sandstorm|[upkeep]
|-heal|p1a: Reuniclus|36/100|[from] item: Leftovers
|-heal|p2a: Reuniclus|99/100 par|[from] item: Leftovers
|upkeep
|turn|54
|inactive|sleepexc has 60 seconds left.
|
|t:|1727069083
|move|p1a: Reuniclus|Recover|p1a: Reuniclus
|-heal|p1a: Reuniclus|86/100
|move|p2a: Reuniclus|Signal Beam|p1a: Reuniclus
|-supereffective|p1a: Reuniclus
|-damage|p1a: Reuniclus|46/100
|-start|p1a: Reuniclus|confusion
|
|-weather|Sandstorm|[upkeep]
|-heal|p1a: Reuniclus|52/100|[from] item: Leftovers
|-heal|p2a: Reuniclus|100/100 par|[from] item: Leftovers
|upkeep
|turn|55
|inactive|sleepexc has 60 seconds left.
|
|t:|1727069093
|-activate|p1a: Reuniclus|confusion
|-damage|p1a: Reuniclus|48/100|[from] confusion
|cant|p2a: Reuniclus|par
|
|-weather|Sandstorm|[upkeep]
|-heal|p1a: Reuniclus|54/100|[from] item: Leftovers
|upkeep
|turn|56
|inactive|sleepexc has 60 seconds left.
|
|t:|1727069099
|-activate|p1a: Reuniclus|confusion
|-damage|p1a: Reuniclus|51/100|[from] confusion
|move|p2a: Reuniclus|Signal Beam|p1a: Reuniclus
|-supereffective|p1a: Reuniclus
|-damage|p1a: Reuniclus|3/100
|
|-weather|Sandstorm|[upkeep]
|-heal|p1a: Reuniclus|9/100|[from] item: Leftovers
|upkeep
|turn|57
|
|t:|1727069108
|-activate|p1a: Reuniclus|confusion
|-damage|p1a: Reuniclus|6/100|[from] confusion
|move|p2a: Reuniclus|Signal Beam|p1a: Reuniclus
|-supereffective|p1a: Reuniclus
|-damage|p1a: Reuniclus|0 fnt
|faint|p1a: Reuniclus
|
|-weather|Sandstorm|[upkeep]
|upkeep
|
|t:|1727069112
|switch|p1a: Hippowdon|Hippowdon, M|50/100
|-damage|p1a: Hippowdon|43/100|[from] Stealth Rock
|turn|58
|
|t:|1727069118
|move|p2a: Reuniclus|Psyshock|p1a: Hippowdon
|-damage|p1a: Hippowdon|0 fnt
|faint|p1a: Hippowdon
|
|win|sleepexc
|raw|Commbacckk's rating: 1397 &rarr; <strong>1370</strong><br />(-27 for losing)
|raw|sleepexc's rating: 1267 &rarr; <strong>1301</strong><br />(+34 for winning)
|l|☆Commbacckk
|player|p1|
|l| dybehme
