|j|☆firelit nights
|j|☆funkyjems
|player|p1|firelit nights|158
|player|p2|funkyjems|2
|teamsize|p1|6
|teamsize|p2|6
|gametype|singles
|gen|5
|tier|[Gen 5] OU
|rated|
|rule|Sleep Clause Mod: Limit one foe put to sleep
|rule|Species Clause: Limit one of each Pokémon
|rule|OHKO Clause: OHKO moves are banned
|rule|Moody Clause: Moody is banned
|rule|Evasion Moves Clause: Evasion moves are banned
|rule|Endless Battle Clause: Forcing endless battles is banned
|rule|HP Percentage Mod: HP is shown in percentages
|rule|Evasion Abilities Clause: Evasion abilities are banned
|rule|Baton Pass Clause: Limit one Baton Passer, can't pass Spe and other stats simultaneously
|rule|Swagger Clause: Swagger is banned
|clearpoke
|poke|p1|Metagross|item
|poke|p1|Mew|item
|poke|p1|Volbeat, M|item
|poke|p1|Kingdra, F|item
|poke|p1|Latios, M|item
|poke|p1|Gothitelle, M|item
|poke|p2|Garchomp, F|item
|poke|p2|Excadrill, M|item
|poke|p2|Magnezone|item
|poke|p2|Salamence, F|item
|poke|p2|Jirachi|item
|poke|p2|Keldeo|item
|teampreview
|inactive|Battle timer is ON: inactive players will automatically lose when time's up. (requested by funkyjems)
|c|☆firelit nights|gl hf
|
|start
|switch|p1a: Mew|Mew|404/404
|switch|p2a: Garchomp|Garchomp, F|357/357
|turn|1
|
|move|p2a: Garchomp|Stealth Rock|p1a: Mew
|-sidestart|p1: firelit nights|move: Stealth Rock
|move|p1a: Mew|Reflect|p1a: Mew
|-sidestart|p1: firelit nights|Reflect
|
|upkeep
|turn|2
|
|move|p2a: Garchomp|Swords Dance|p2a: Garchomp
|-boost|p2a: Garchomp|atk|2
|move|p1a: Mew|Light Screen|p1a: Mew
|-sidestart|p1: firelit nights|move: Light Screen
|
|upkeep
|turn|3
|
|move|p2a: Garchomp|Earthquake|p1a: Mew
|-damage|p1a: Mew|221/404
|move|p1a: Mew|Explosion|p2a: Garchomp
|-damage|p2a: Garchomp|159/357
|faint|p1a: Mew
|
|upkeep
|
|switch|p1a: Latios|Latios, M|304/304
|-damage|p1a: Latios|266/304|[from] Stealth Rock
|turn|4
|
|switch|p1a: Volbeat|Volbeat, M|333/333
|-damage|p1a: Volbeat|250/333|[from] Stealth Rock
|switch|p2a: Jirachi|Jirachi|404/404
|
|upkeep
|turn|5
|
|move|p1a: Volbeat|Substitute|p1a: Volbeat
|-start|p1a: Volbeat|Substitute
|-damage|p1a: Volbeat|167/333
|move|p2a: Jirachi|Body Slam|p1a: Volbeat
|-activate|p1a: Volbeat|Substitute|[damage]
|
|upkeep
|turn|6
|
|move|p1a: Volbeat|Tail Glow|p1a: Volbeat
|-boost|p1a: Volbeat|spa|3
|move|p2a: Jirachi|U-turn|p1a: Volbeat
|-activate|p1a: Volbeat|Substitute|[damage]
|
|switch|p2a: Excadrill|Excadrill, M|361/361
|-ability|p2a: Excadrill|Mold Breaker
|
|upkeep
|turn|7
|
|move|p1a: Volbeat|Rain Dance|p1a: Volbeat
|-weather|RainDance
|move|p2a: Excadrill|Rapid Spin|p1a: Volbeat
|-activate|p1a: Volbeat|Substitute|[damage]
|
|-weather|RainDance|[upkeep]
|upkeep
|turn|8
|-message|funkyjems forfeited.
|
|win|firelit nights
|l|☆funkyjems
|raw|firelit nights's rating: 1386 &rarr; <strong>1402</strong><br />(+16 for winning)
|raw|funkyjems's rating: 1310 &rarr; <strong>1295</strong><br />(-15 for losing)
