|j|☆Pilif
|j|☆T3h Meme
|player|p1|Pilif|265|1369
|player|p2|T3h Meme|steven|1326
|teamsize|p1|6
|teamsize|p2|6
|gametype|singles
|gen|5
|tier|[Gen 5] OU
|rated|
|clearpoke
|poke|p1|Breloom, M|item
|poke|p1|Moltres|item
|poke|p1|Ninetales, F|item
|poke|p1|Rotom-Wash|item
|poke|p1|Quagsire, M|item
|poke|p1|Excadrill, M|item
|poke|p2|Espeon, M|item
|poke|p2|Magnezone|item
|poke|p2|Politoed, F|item
|poke|p2|Gyarados, F|item
|poke|p2|Keldeo|item
|poke|p2|Breloom, M|item
|rule|Species Clause: Limit one of each Pokémon
|rule|OHKO Clause: OHKO moves are banned
|rule|Moody Clause: Moody is banned
|rule|Evasion Moves Clause: Evasion moves are banned
|rule|Endless Battle Clause: Forcing endless battles is banned
|rule|HP Percentage Mod: HP is shown in percentages
|rule|Evasion Abilities Clause: Evasion abilities are banned
|rule|Baton Pass Clause: Limit one Baton Passer, can't pass Spe and other stats simultaneously
|rule|Sleep Clause: Sleep-inducing moves are banned
|rule|Swagger Clause: Swagger is banned
|teampreview
|
|start
|switch|p1a: Ninetales|Ninetales, F|100/100
|switch|p2a: Keldeo|Keldeo|100/100
|-weather|SunnyDay|[from] ability: Drought|[of] p1a: Ninetales
|turn|1
|inactive|Battle timer is ON: inactive players will automatically lose when time's up. (requested by Pilif)
|
|switch|p1a: Rotom|Rotom-Wash|100/100
|move|p2a: Keldeo|Hydro Pump|p1a: Rotom
|-resisted|p1a: Rotom
|-damage|p1a: Rotom|90/100
|
|-weather|SunnyDay|[upkeep]
|-heal|p1a: Rotom|96/100|[from] item: Leftovers
|upkeep
|turn|2
|
|switch|p2a: Espeon|Espeon, M, shiny|100/100
|move|p1a: Rotom|Volt Switch|p2a: Espeon
|-damage|p2a: Espeon|73/100
|
|switch|p1a: Moltres|Moltres|100/100|[from]move: Volt Switch
|-ability|p1a: Moltres|Pressure
|
|-weather|SunnyDay|[upkeep]
|upkeep
|turn|3
|
|move|p2a: Espeon|Light Screen|p2a: Espeon
|-sidestart|p2: T3h Meme|move: Light Screen
|move|p1a: Moltres|Fire Blast|p2a: Espeon
|-damage|p2a: Espeon|0 fnt
|faint|p2a: Espeon
|
|-weather|SunnyDay|[upkeep]
|upkeep
|
|switch|p2a: Politoed|Politoed, F|100/100
|-weather|RainDance|[from] ability: Drizzle|[of] p2a: Politoed
|turn|4
|
|switch|p1a: Rotom|Rotom-Wash|96/100
|move|p2a: Politoed|Scald|p1a: Rotom
|-resisted|p1a: Rotom
|-damage|p1a: Rotom|81/100
|-status|p1a: Rotom|brn
|
|-weather|RainDance|[upkeep]
|-heal|p1a: Rotom|87/100 brn|[from] item: Leftovers
|-damage|p1a: Rotom|75/100 brn|[from] brn
|upkeep
|turn|5
|inactive|Pilif has 120 seconds left.
|
|move|p2a: Politoed|Protect|p2a: Politoed
|-singleturn|p2a: Politoed|Protect
|move|p1a: Rotom|Will-O-Wisp|p2a: Politoed
|-activate|p2a: Politoed|move: Protect
|
|-weather|RainDance|[upkeep]
|-heal|p1a: Rotom|81/100 brn|[from] item: Leftovers
|-damage|p1a: Rotom|69/100 brn|[from] brn
|upkeep
|turn|6
|inactive|Pilif has 120 seconds left.
|
|move|p1a: Rotom|Volt Switch|p2a: Politoed
|-supereffective|p2a: Politoed
|-damage|p2a: Politoed|82/100
|
|switch|p1a: Ninetales|Ninetales, F|100/100|[from]move: Volt Switch
|-weather|SunnyDay|[from] ability: Drought|[of] p1a: Ninetales
|move|p2a: Politoed|Scald|p1a: Ninetales
|-supereffective|p1a: Ninetales
|-damage|p1a: Ninetales|76/100
|
|-weather|SunnyDay|[upkeep]
|-heal|p1a: Ninetales|82/100|[from] item: Leftovers
|-heal|p2a: Politoed|88/100|[from] item: Leftovers
|upkeep
|turn|7
|inactive|Pilif has 120 seconds left.
|inactive|Pilif has 90 seconds left.
|
|switch|p1a: Moltres|Moltres|100/100
|-ability|p1a: Moltres|Pressure
|move|p2a: Politoed|Protect||[still]
|-fail|p2a: Politoed
|
|-weather|SunnyDay|[upkeep]
|-heal|p2a: Politoed|94/100|[from] item: Leftovers
|upkeep
|turn|8
|
|move|p1a: Moltres|Hurricane|p2a: Politoed
|-damage|p2a: Politoed|59/100
|-start|p2a: Politoed|confusion
|-activate|p2a: Politoed|confusion
|-damage|p2a: Politoed|53/100|[from] confusion
|
|-weather|SunnyDay|[upkeep]
|-heal|p2a: Politoed|59/100|[from] item: Leftovers
|upkeep
|turn|9
|
|switch|p1a: Rotom|Rotom-Wash|69/100 brn
|-activate|p2a: Politoed|confusion
|move|p2a: Politoed|Protect||[still]
|-fail|p2a: Politoed
|
|-weather|SunnyDay|[upkeep]
|-heal|p1a: Rotom|75/100 brn|[from] item: Leftovers
|-heal|p2a: Politoed|66/100|[from] item: Leftovers
|-damage|p1a: Rotom|62/100 brn|[from] brn
|upkeep
|turn|10
|
|switch|p2a: Breloom|Breloom, M|100/100
|move|p1a: Rotom|Will-O-Wisp|p2a: Breloom
|-status|p2a: Breloom|brn
|
|-weather|SunnyDay|[upkeep]
|-heal|p1a: Rotom|69/100 brn|[from] item: Leftovers
|-damage|p1a: Rotom|56/100 brn|[from] brn
|-damage|p2a: Breloom|88/100 brn|[from] brn
|-sideend|p2: T3h Meme|move: Light Screen
|upkeep
|turn|11
|
|move|p2a: Breloom|Mach Punch|p1a: Rotom
|-damage|p1a: Rotom|27/100 brn
|move|p1a: Rotom|Volt Switch|p2a: Breloom
|-resisted|p2a: Breloom
|-damage|p2a: Breloom|68/100 brn
|
|switch|p1a: Moltres|Moltres|100/100|[from]move: Volt Switch
|-ability|p1a: Moltres|Pressure
|
|-weather|SunnyDay|[upkeep]
|-damage|p2a: Breloom|56/100 brn|[from] brn
|upkeep
|turn|12
|
|switch|p2a: Politoed|Politoed, F|66/100
|-weather|RainDance|[from] ability: Drizzle|[of] p2a: Politoed
|move|p1a: Moltres|Hurricane|p2a: Politoed
|-damage|p2a: Politoed|0 fnt
|faint|p2a: Politoed
|
|-weather|RainDance|[upkeep]
|upkeep
|
|switch|p2a: Keldeo|Keldeo|100/100
|turn|13
|
|switch|p1a: Ninetales|Ninetales, F|82/100
|-weather|SunnyDay|[from] ability: Drought|[of] p1a: Ninetales
|move|p2a: Keldeo|Hydro Pump|p1a: Ninetales
|-supereffective|p1a: Ninetales
|-damage|p1a: Ninetales|25/100
|
|-weather|SunnyDay|[upkeep]
|-heal|p1a: Ninetales|31/100|[from] item: Leftovers
|upkeep
|turn|14
|inactive|Pilif has 60 seconds left.
|
|move|p2a: Keldeo|Hydro Pump|p1a: Ninetales
|-supereffective|p1a: Ninetales
|-crit|p1a: Ninetales
|-damage|p1a: Ninetales|0 fnt
|faint|p1a: Ninetales
|
|-weather|SunnyDay|[upkeep]
|upkeep
|
|switch|p1a: Breloom|Breloom, M|100/100
|turn|15
|
|switch|p2a: Gyarados|Gyarados, F, shiny|100/100
|move|p1a: Breloom|Force Palm|p2a: Gyarados
|-resisted|p2a: Gyarados
|-crit|p2a: Gyarados
|-damage|p2a: Gyarados|29/100
|-status|p2a: Gyarados|par
|-enditem|p2a: Gyarados|Lum Berry|[eat]
|-curestatus|p2a: Gyarados|par|[msg]
|-damage|p1a: Breloom|91/100|[from] item: Life Orb
|
|-weather|SunnyDay|[upkeep]
|upkeep
|turn|16
|inactive|Pilif has 30 seconds left.
|
|switch|p1a: Quagsire|Quagsire, M|100/100
|move|p2a: Gyarados|Outrage|p1a: Quagsire
|-damage|p1a: Quagsire|74/100
|
|-weather|SunnyDay|[upkeep]
|-heal|p1a: Quagsire|80/100|[from] item: Leftovers
|upkeep
|turn|17
|inactive|Pilif has 30 seconds left.
|
|move|p2a: Gyarados|Outrage|p1a: Quagsire|[from]lockedmove
|-damage|p1a: Quagsire|50/100
|move|p1a: Quagsire|Scald|p2a: Gyarados
|-resisted|p2a: Gyarados
|-damage|p2a: Gyarados|24/100
|
|-weather|SunnyDay|[upkeep]
|-heal|p1a: Quagsire|56/100|[from] item: Leftovers
|upkeep
|turn|18
|inactive|Pilif has 30 seconds left.
|
|move|p2a: Gyarados|Outrage|p1a: Quagsire|[from]lockedmove
|-damage|p1a: Quagsire|30/100
|-start|p2a: Gyarados|confusion|[fatigue]
|move|p1a: Quagsire|Scald|p2a: Gyarados
|-resisted|p2a: Gyarados
|-crit|p2a: Gyarados
|-damage|p2a: Gyarados|14/100
|-status|p2a: Gyarados|brn
|
|-weather|SunnyDay|[upkeep]
|-heal|p1a: Quagsire|37/100|[from] item: Leftovers
|-damage|p2a: Gyarados|2/100 brn|[from] brn
|upkeep
|turn|19
|inactive|Pilif has 30 seconds left.
|
|-activate|p2a: Gyarados|confusion
|move|p2a: Gyarados|Earthquake|p1a: Quagsire
|-damage|p1a: Quagsire|25/100
|move|p1a: Quagsire|Recover|p1a: Quagsire
|-heal|p1a: Quagsire|75/100
|
|-weather|SunnyDay|[upkeep]
|-heal|p1a: Quagsire|81/100|[from] item: Leftovers
|-damage|p2a: Gyarados|0 fnt|[from] brn
|faint|p2a: Gyarados
|upkeep
|
|switch|p2a: Breloom|Breloom, M|56/100 brn
|turn|20
|
|switch|p1a: Rotom|Rotom-Wash|27/100 brn
|move|p2a: Breloom|Stone Edge|p1a: Rotom
|-damage|p1a: Rotom|0 fnt
|faint|p1a: Rotom
|
|-weather|SunnyDay|[upkeep]
|-damage|p2a: Breloom|44/100 brn|[from] brn
|upkeep
|inactive|Pilif has 30 seconds left.
|
|switch|p1a: Breloom|Breloom, M|91/100
|turn|21
|
|switch|p2a: Keldeo|Keldeo|100/100
|move|p1a: Breloom|Force Palm|p2a: Keldeo
|-damage|p2a: Keldeo|34/100
|-damage|p1a: Breloom|81/100|[from] item: Life Orb
|
|-weather|SunnyDay|[upkeep]
|upkeep
|turn|22
|
|switch|p1a: Moltres|Moltres|100/100
|-ability|p1a: Moltres|Pressure
|move|p2a: Keldeo|Hidden Power|p1a: Moltres
|-damage|p1a: Moltres|72/100
|
|-weather|SunnyDay|[upkeep]
|upkeep
|turn|23
|
|switch|p2a: Magnezone|Magnezone|100/100
|move|p1a: Moltres|Fire Blast|p2a: Magnezone
|-supereffective|p2a: Magnezone
|-damage|p2a: Magnezone|0 fnt
|faint|p2a: Magnezone
|
|-weather|SunnyDay|[upkeep]
|upkeep
|
|switch|p2a: Keldeo|Keldeo|34/100
|turn|24
|inactive|Pilif has 30 seconds left.
|
|switch|p1a: Quagsire|Quagsire, M|81/100
|move|p2a: Keldeo|Hydro Pump|p1a: Quagsire
|-damage|p1a: Quagsire|43/100
|
|-weather|SunnyDay|[upkeep]
|-heal|p1a: Quagsire|49/100|[from] item: Leftovers
|upkeep
|turn|25
|inactive|Pilif has 30 seconds left.
|
|switch|p2a: Breloom|Breloom, M|44/100 brn
|move|p1a: Quagsire|Recover|p1a: Quagsire
|-heal|p1a: Quagsire|99/100
|
|-weather|SunnyDay|[upkeep]
|-heal|p1a: Quagsire|100/100|[from] item: Leftovers
|-damage|p2a: Breloom|31/100 brn|[from] brn
|upkeep
|turn|26
|inactive|Pilif has 30 seconds left.
|
|switch|p1a: Breloom|Breloom, M|81/100
|move|p2a: Breloom|Stone Edge|p1a: Breloom|[miss]
|-miss|p2a: Breloom|p1a: Breloom
|
|-weather|SunnyDay|[upkeep]
|-damage|p2a: Breloom|19/100 brn|[from] brn
|upkeep
|turn|27
|
|switch|p2a: Keldeo|Keldeo|34/100
|move|p1a: Breloom|Force Palm|p2a: Keldeo
|-damage|p2a: Keldeo|0 fnt
|-damage|p1a: Breloom|71/100|[from] item: Life Orb
|faint|p2a: Keldeo
|
|-weather|SunnyDay|[upkeep]
|upkeep
|
|switch|p2a: Breloom|Breloom, M|19/100 brn
|turn|28
|
|move|p2a: Breloom|Mach Punch|p1a: Breloom
|-damage|p1a: Breloom|32/100
|move|p1a: Breloom|Force Palm|p2a: Breloom
|-damage|p2a: Breloom|0 fnt
|-damage|p1a: Breloom|22/100|[from] item: Life Orb
|faint|p2a: Breloom
|
|win|Pilif
|raw|Pilif's rating: 1369 &rarr; <strong>1387</strong><br />(+18 for winning)
|raw|T3h Meme's rating: 1326 &rarr; <strong>1309</strong><br />(-17 for losing)
|c|☆T3h Meme|Gg
|l|☆T3h Meme
