|j|☆WeR#4Hay!
|j|☆Cinema Staff Fan
|t:|1745790461
|gametype|singles
|player|p1|WeR#4Hay!|1|1509
|player|p2|Cinema Staff Fan|miku-water|1392
|teamsize|p1|6
|teamsize|p2|6
|gen|5
|tier|[Gen 5] OU
|rated|
|rule|Species Clause: Limit one of each Pokémon
|rule|OHKO Clause: OHKO moves are banned
|rule|Moody Clause: Moody is banned
|rule|Evasion Items Clause: Evasion items are banned
|rule|Evasion Moves Clause: Evasion moves are banned
|rule|Endless Battle Clause: Forcing endless battles is banned
|rule|HP Percentage Mod: HP is shown in percentages
|rule|Evasion Abilities Clause: Evasion abilities are banned
|rule|Sleep Moves Clause: Sleep-inducing moves are banned
|rule|Swagger Clause: Swagger is banned
|rule|Baton Pass Stat Clause: No Baton Passer may have a way to boost its stats
|clearpoke
|poke|p1|Breloom, M|item
|poke|p1|Heatran, M|item
|poke|p1|Rotom-Wash|item
|poke|p1|Jirachi|item
|poke|p1|Latias, F|item
|poke|p1|Landorus-Therian, M|item
|poke|p2|Kyurem-Black|item
|poke|p2|Tyranitar, M|item
|poke|p2|Gastrodon-East, F|item
|poke|p2|Forretress, M|item
|poke|p2|Keldeo|item
|poke|p2|Landorus-Therian, M|item
|teampreview
|inactive|Battle timer is ON: inactive players will automatically lose when time's up. (requested by Cinema Staff Fan)
|inactive|WeR#4Hay! has 120 seconds left.
|inactive|Cinema Staff Fan has 120 seconds left.
|
|t:|1745790495
|start
|switch|p1a: Hanako Ueda|Latias, F|100/100
|switch|p2a: Kyurem|Kyurem-Black|100/100
|-ability|p2a: Kyurem|Teravolt
|turn|1
|
|t:|1745790499
|switch|p1a: Masaaki Iwane|Breloom, M|100/100
|switch|p2a: Forretress|Forretress, M|100/100
|
|upkeep
|turn|2
|
|t:|1745790504
|move|p1a: Masaaki Iwane|Superpower|p2a: Forretress
|-damage|p2a: Forretress|22/100
|-unboost|p1a: Masaaki Iwane|atk|1
|-unboost|p1a: Masaaki Iwane|def|1
|move|p2a: Forretress|Stealth Rock|p1a: Masaaki Iwane
|-sidestart|p1: WeR#4Hay!|move: Stealth Rock
|
|-heal|p2a: Forretress|28/100|[from] item: Leftovers
|upkeep
|turn|3
|
|t:|1745790509
|switch|p1a: Aito Ohashi|Rotom-Wash|100/100
|-damage|p1a: Aito Ohashi|88/100|[from] Stealth Rock
|switch|p2a: Gastrodon|Gastrodon-East, F|100/100
|
|-heal|p1a: Aito Ohashi|94/100|[from] item: Leftovers
|upkeep
|turn|4
|
|t:|1745790516
|switch|p1a: Masaaki Iwane|Breloom, M|100/100
|-damage|p1a: Masaaki Iwane|94/100|[from] Stealth Rock
|move|p2a: Gastrodon|Toxic|p1a: Masaaki Iwane
|-status|p1a: Masaaki Iwane|tox
|
|-damage|p1a: Masaaki Iwane|88/100 tox|[from] psn
|upkeep
|turn|5
|
|t:|1745790523
|switch|p2a: Forretress|Forretress, M|28/100
|move|p1a: Masaaki Iwane|Bullet Seed|p2a: Forretress
|-resisted|p2a: Forretress
|-damage|p2a: Forretress|23/100
|-resisted|p2a: Forretress
|-damage|p2a: Forretress|17/100
|-resisted|p2a: Forretress
|-damage|p2a: Forretress|11/100
|-hitcount|p2a: Forretress|3
|
|-heal|p2a: Forretress|17/100|[from] item: Leftovers
|-damage|p1a: Masaaki Iwane|76/100 tox|[from] psn
|upkeep
|turn|6
|
|t:|1745790532
|move|p1a: Masaaki Iwane|Bullet Seed|p2a: Forretress
|-resisted|p2a: Forretress
|-damage|p2a: Forretress|12/100
|-resisted|p2a: Forretress
|-damage|p2a: Forretress|7/100
|-resisted|p2a: Forretress
|-damage|p2a: Forretress|1/100
|-resisted|p2a: Forretress
|-crit|p2a: Forretress
|-damage|p2a: Forretress|0 fnt
|faint|p2a: Forretress
|-hitcount|p2: Forretress|4
|
|-damage|p1a: Masaaki Iwane|58/100 tox|[from] psn
|upkeep
|
|t:|1745790541
|switch|p2a: Keldeo|Keldeo|100/100
|turn|7
|
|t:|1745790547
|switch|p1a: Satoshi Nakano|Jirachi|100/100
|-damage|p1a: Satoshi Nakano|94/100|[from] Stealth Rock
|move|p2a: Keldeo|Surf|p1a: Satoshi Nakano
|-damage|p1a: Satoshi Nakano|49/100
|
|upkeep
|turn|8
|
|t:|1745790552
|move|p2a: Keldeo|Surf|p1a: Satoshi Nakano
|-damage|p1a: Satoshi Nakano|0 fnt
|faint|p1a: Satoshi Nakano
|
|upkeep
|
|t:|1745790555
|switch|p1a: Hanako Ueda|Latias, F|100/100
|-damage|p1a: Hanako Ueda|88/100|[from] Stealth Rock
|turn|9
|
|t:|1745790558
|switch|p1a: Masaaki Iwane|Breloom, M|58/100 tox
|-damage|p1a: Masaaki Iwane|51/100 tox|[from] Stealth Rock
|switch|p2a: Tyranitar|Tyranitar, M|100/100
|-weather|Sandstorm|[from] ability: Sand Stream|[of] p2a: Tyranitar
|
|-weather|Sandstorm|[upkeep]
|-damage|p1a: Masaaki Iwane|45/100 tox|[from] Sandstorm
|-damage|p1a: Masaaki Iwane|39/100 tox|[from] psn
|upkeep
|turn|10
|
|t:|1745790564
|switch|p2a: Kyurem|Kyurem-Black|100/100
|-ability|p2a: Kyurem|Teravolt
|move|p1a: Masaaki Iwane|Bullet Seed|p2a: Kyurem
|-resisted|p2a: Kyurem
|-damage|p2a: Kyurem|87/100
|-resisted|p2a: Kyurem
|-damage|p2a: Kyurem|72/100
|-hitcount|p2a: Kyurem|2
|
|-weather|Sandstorm|[upkeep]
|-damage|p2a: Kyurem|66/100|[from] Sandstorm
|-damage|p1a: Masaaki Iwane|33/100 tox|[from] Sandstorm
|-damage|p1a: Masaaki Iwane|21/100 tox|[from] psn
|upkeep
|turn|11
|
|t:|1745790574
|switch|p1a: Takeshi Maenami|Heatran, M|100/100
|-damage|p1a: Takeshi Maenami|88/100|[from] Stealth Rock
|-item|p1a: Takeshi Maenami|Air Balloon
|move|p2a: Kyurem|Fusion Bolt|p1a: Takeshi Maenami
|-damage|p1a: Takeshi Maenami|19/100
|-enditem|p1a: Takeshi Maenami|Air Balloon
|
|-weather|Sandstorm|[upkeep]
|-damage|p2a: Kyurem|60/100|[from] Sandstorm
|upkeep
|turn|12
|
|t:|1745790579
|switch|p2a: Gastrodon|Gastrodon-East, F|100/100
|switch|p1a: Yusuke Oshida|Landorus-Therian, M|100/100
|-damage|p1a: Yusuke Oshida|88/100|[from] Stealth Rock
|-ability|p1a: Yusuke Oshida|Intimidate|boost
|-unboost|p2a: Gastrodon|atk|1
|
|-weather|Sandstorm|[upkeep]
|upkeep
|turn|13
|-message|WeR#4Hay! forfeited.
|
|win|Cinema Staff Fan
|raw|WeR#4Hay!'s rating: 1509 &rarr; <strong>1483</strong><br />(-26 for losing)
|raw|Cinema Staff Fan's rating: 1392 &rarr; <strong>1418</strong><br />(+26 for winning)
|l|☆WeR#4Hay!
|player|p1|
