|j|☆Prof. Fouge
|j|☆fluuuuuu
|player|p1|Prof. Fouge|224
|player|p2|fluuuuuu|47
|teamsize|p1|6
|teamsize|p2|6
|gametype|singles
|gen|5
|tier|[Gen 5] OU
|rated|
|rule|Sleep Clause Mod: Limit one foe put to sleep
|rule|Species Clause: Limit one of each Pokémon
|rule|OHKO Clause: OHKO moves are banned
|rule|Moody Clause: Moody is banned
|rule|Evasion Moves Clause: Evasion moves are banned
|rule|Endless Battle Clause: Forcing endless battles is banned
|rule|HP Percentage Mod: HP is shown in percentages
|rule|Evasion Abilities Clause: Evasion abilities are banned
|rule|Baton Pass Clause: Limit one Baton Passer, can't pass Spe and other stats simultaneously
|rule|Swagger Clause: Swagger is banned
|clearpoke
|poke|p1|Tyranitar, M|item
|poke|p1|Excadrill, M|item
|poke|p1|Terrakion|item
|poke|p1|Rotom-Wash|item
|poke|p1|Landorus-Therian, M|item
|poke|p1|Latios, M|item
|poke|p2|Starmie|item
|poke|p2|Victini|item
|poke|p2|Abomasnow, M|item
|poke|p2|Landorus-Therian, M|item
|poke|p2|Scizor, M|item
|poke|p2|Keldeo|item
|teampreview
|
|start
|switch|p1a: Tyranitar|Tyranitar, M|100/100
|switch|p2a: Keldeo|Keldeo|100/100
|-weather|Sandstorm|[from] ability: Sand Stream|[of] p1a: Tyranitar
|turn|1
|
|switch|p1a: Latios|Latios, M|100/100
|move|p2a: Keldeo|Calm Mind|p2a: Keldeo
|-boost|p2a: Keldeo|spa|1
|-boost|p2a: Keldeo|spd|1
|
|-weather|Sandstorm|[upkeep]
|-damage|p1a: Latios|95/100|[from] Sandstorm
|-damage|p2a: Keldeo|94/100|[from] Sandstorm
|upkeep
|turn|2
|
|switch|p2a: Scizor|Scizor, M|100/100
|move|p1a: Latios|Psyshock|p2a: Scizor
|-resisted|p2a: Scizor
|-damage|p2a: Scizor|61/100
|
|-weather|Sandstorm|[upkeep]
|-damage|p1a: Latios|89/100|[from] Sandstorm
|upkeep
|turn|3
|
|-activate|p1a: Latios|move: Pursuit
|move|p2a: Scizor|Pursuit|p1a: Latios|[from]Pursuit
|-supereffective|p1a: Latios
|-damage|p1a: Latios|9/100
|switch|p1a: Landorus|Landorus-Therian, M|100/100
|-ability|p1a: Landorus|Intimidate|boost
|-unboost|p2a: Scizor|atk|1
|
|-weather|Sandstorm|[upkeep]
|upkeep
|turn|4
|
|switch|p2a: Keldeo|Keldeo|94/100
|move|p1a: Landorus|Hidden Power|p2a: Keldeo
|-resisted|p2a: Keldeo
|-damage|p2a: Keldeo|85/100
|
|-weather|Sandstorm|[upkeep]
|-damage|p2a: Keldeo|79/100|[from] Sandstorm
|upkeep
|turn|5
|
|move|p2a: Keldeo|Hydro Pump|p1a: Landorus
|-supereffective|p1a: Landorus
|-damage|p1a: Landorus|0 fnt
|faint|p1a: Landorus
|
|-weather|Sandstorm|[upkeep]
|-damage|p2a: Keldeo|73/100|[from] Sandstorm
|upkeep
|
|switch|p1a: Rotom|Rotom-Wash|100/100
|turn|6
|
|switch|p2a: Victini|Victini|100/100
|move|p1a: Rotom|Volt Switch|p2a: Victini
|-damage|p2a: Victini|77/100
|
|switch|p1a: Terrakion|Terrakion|100/100
|
|-weather|Sandstorm|[upkeep]
|-damage|p2a: Victini|71/100|[from] Sandstorm
|upkeep
|turn|7
|
|switch|p2a: Landorus|Landorus-Therian, M|100/100
|-ability|p2a: Landorus|Intimidate|boost
|-unboost|p1a: Terrakion|atk|1
|move|p1a: Terrakion|Stone Edge|p2a: Landorus|[miss]
|-miss|p1a: Terrakion|p2a: Landorus
|
|-weather|Sandstorm|[upkeep]
|upkeep
|turn|8
|
|move|p1a: Terrakion|Close Combat|p2a: Landorus
|-resisted|p2a: Landorus
|-damage|p2a: Landorus|79/100
|-unboost|p1a: Terrakion|def|1
|-unboost|p1a: Terrakion|spd|1
|-damage|p1a: Terrakion|91/100|[from] item: Life Orb
|move|p2a: Landorus|U-turn|p1a: Terrakion
|-resisted|p1a: Terrakion
|-damage|p1a: Terrakion|69/100
|
|switch|p2a: Starmie|Starmie|100/100
|
|-weather|Sandstorm|[upkeep]
|-damage|p2a: Starmie|94/100|[from] Sandstorm
|-heal|p2a: Starmie|100/100|[from] item: Leftovers
|upkeep
|turn|9
|
|switch|p1a: Latios|Latios, M|9/100
|move|p2a: Starmie|Scald|p1a: Latios
|-resisted|p1a: Latios
|-damage|p1a: Latios|0 fnt
|faint|p1a: Latios
|
|-weather|Sandstorm|[upkeep]
|-damage|p2a: Starmie|94/100|[from] Sandstorm
|-heal|p2a: Starmie|100/100|[from] item: Leftovers
|upkeep
|
|switch|p1a: Rotom|Rotom-Wash|100/100
|turn|10
|
|switch|p2a: Abomasnow|Abomasnow, M|100/100
|-weather|Hail|[from] ability: Snow Warning|[of] p2a: Abomasnow
|move|p1a: Rotom|Volt Switch|p2a: Abomasnow
|-resisted|p2a: Abomasnow
|-damage|p2a: Abomasnow|86/100
|
|switch|p1a: Terrakion|Terrakion|69/100
|
|-weather|Hail|[upkeep]
|-damage|p1a: Terrakion|63/100|[from] Hail
|upkeep
|turn|11
|
|move|p1a: Terrakion|Close Combat|p2a: Abomasnow
|-supereffective|p2a: Abomasnow
|-damage|p2a: Abomasnow|0 fnt
|-unboost|p1a: Terrakion|def|1
|-unboost|p1a: Terrakion|spd|1
|-damage|p1a: Terrakion|53/100|[from] item: Life Orb
|faint|p2a: Abomasnow
|
|-weather|Hail|[upkeep]
|-damage|p1a: Terrakion|46/100|[from] Hail
|upkeep
|
|switch|p2a: Scizor|Scizor, M|61/100
|turn|12
|
|switch|p1a: Rotom|Rotom-Wash|100/100
|move|p2a: Scizor|Superpower|p1a: Rotom
|-damage|p1a: Rotom|59/100
|-unboost|p2a: Scizor|atk|1
|-unboost|p2a: Scizor|def|1
|
|-weather|Hail|[upkeep]
|-damage|p2a: Scizor|55/100|[from] Hail
|-damage|p1a: Rotom|53/100|[from] Hail
|-heal|p1a: Rotom|59/100|[from] item: Leftovers
|upkeep
|turn|13
|
|switch|p2a: Victini|Victini|71/100
|move|p1a: Rotom|Volt Switch|p2a: Victini
|-damage|p2a: Victini|45/100
|
|switch|p1a: Tyranitar|Tyranitar, M|100/100
|-weather|Sandstorm|[from] ability: Sand Stream|[of] p1a: Tyranitar
|
|-weather|Sandstorm|[upkeep]
|-damage|p2a: Victini|39/100|[from] Sandstorm
|upkeep
|turn|14
|
|move|p2a: Victini|Brick Break|p1a: Tyranitar
|-supereffective|p1a: Tyranitar
|-enditem|p1a: Tyranitar|Chople Berry|[eat]
|-enditem|p1a: Tyranitar|Chople Berry|[weaken]
|-damage|p1a: Tyranitar|45/100
|move|p1a: Tyranitar|Crunch|p2a: Victini
|-supereffective|p2a: Victini
|-damage|p2a: Victini|0 fnt
|faint|p2a: Victini
|
|-weather|Sandstorm|[upkeep]
|upkeep
|
|switch|p2a: Landorus|Landorus-Therian, M|79/100
|-ability|p2a: Landorus|Intimidate|boost
|-unboost|p1a: Tyranitar|atk|1
|turn|15
|
|move|p2a: Landorus|Earthquake|p1a: Tyranitar
|-supereffective|p1a: Tyranitar
|-damage|p1a: Tyranitar|0 fnt
|faint|p1a: Tyranitar
|
|-weather|Sandstorm|[upkeep]
|-heal|p2a: Landorus|85/100|[from] item: Leftovers
|upkeep
|
|switch|p1a: Rotom|Rotom-Wash|59/100
|turn|16
|
|switch|p2a: Starmie|Starmie|100/100
|move|p1a: Rotom|Hydro Pump|p2a: Starmie
|-resisted|p2a: Starmie
|-crit|p2a: Starmie
|-damage|p2a: Starmie|46/100
|
|-weather|Sandstorm|[upkeep]
|-damage|p2a: Starmie|40/100|[from] Sandstorm
|-damage|p1a: Rotom|53/100|[from] Sandstorm
|-heal|p2a: Starmie|46/100|[from] item: Leftovers
|-heal|p1a: Rotom|59/100|[from] item: Leftovers
|upkeep
|turn|17
|
|move|p2a: Starmie|Recover|p2a: Starmie
|-heal|p2a: Starmie|96/100
|move|p1a: Rotom|Volt Switch|p2a: Starmie
|-supereffective|p2a: Starmie
|-damage|p2a: Starmie|40/100
|
|switch|p1a: Excadrill|Excadrill, M|100/100
|
|-weather|Sandstorm|[upkeep]
|-damage|p2a: Starmie|34/100|[from] Sandstorm
|-heal|p2a: Starmie|40/100|[from] item: Leftovers
|upkeep
|turn|18
|
|move|p1a: Excadrill|Rock Slide|p2a: Starmie
|-damage|p2a: Starmie|0 fnt
|faint|p2a: Starmie
|
|-weather|Sandstorm|[upkeep]
|upkeep
|
|switch|p2a: Keldeo|Keldeo|73/100
|turn|19
|
|switch|p1a: Terrakion|Terrakion|46/100
|move|p2a: Keldeo|Secret Sword|p1a: Terrakion
|-enditem|p2a: Keldeo|Fighting Gem|[from] gem|[move] Secret Sword
|-supereffective|p1a: Terrakion
|-damage|p1a: Terrakion|0 fnt
|faint|p1a: Terrakion
|
|-weather|Sandstorm|[upkeep]
|-damage|p2a: Keldeo|66/100|[from] Sandstorm
|upkeep
|
|switch|p1a: Rotom|Rotom-Wash|59/100
|turn|20
|
|move|p2a: Keldeo|Secret Sword|p1a: Rotom
|-damage|p1a: Rotom|9/100
|move|p1a: Rotom|Volt Switch|p2a: Keldeo
|-supereffective|p2a: Keldeo
|-damage|p2a: Keldeo|14/100
|
|switch|p1a: Excadrill|Excadrill, M|100/100
|
|-weather|Sandstorm|[upkeep]
|-damage|p2a: Keldeo|8/100|[from] Sandstorm
|upkeep
|turn|21
|
|move|p1a: Excadrill|Iron Head|p2a: Keldeo
|-resisted|p2a: Keldeo
|-damage|p2a: Keldeo|0 fnt
|faint|p2a: Keldeo
|
|-weather|Sandstorm|[upkeep]
|upkeep
|
|switch|p2a: Landorus|Landorus-Therian, M|85/100
|-ability|p2a: Landorus|Intimidate|boost
|-unboost|p1a: Excadrill|atk|1
|turn|22
|
|switch|p1a: Rotom|Rotom-Wash|9/100
|move|p2a: Landorus|U-turn|p1a: Rotom
|-damage|p1a: Rotom|0 fnt
|faint|p1a: Rotom
|
|switch|p2a: Scizor|Scizor, M|55/100
|
|-weather|Sandstorm|[upkeep]
|upkeep
|
|switch|p1a: Excadrill|Excadrill, M|100/100
|turn|23
|
|move|p1a: Excadrill|Iron Head|p2a: Scizor
|-resisted|p2a: Scizor
|-damage|p2a: Scizor|19/100
|cant|p2a: Scizor|flinch
|
|-weather|Sandstorm|[upkeep]
|upkeep
|turn|24
|
|move|p1a: Excadrill|Iron Head|p2a: Scizor
|-resisted|p2a: Scizor
|-damage|p2a: Scizor|0 fnt
|faint|p2a: Scizor
|
|-weather|Sandstorm|[upkeep]
|upkeep
|
|switch|p2a: Landorus|Landorus-Therian, M|85/100
|-ability|p2a: Landorus|Intimidate|boost
|-unboost|p1a: Excadrill|atk|1
|turn|25
|
|move|p1a: Excadrill|Iron Head|p2a: Landorus
|-damage|p2a: Landorus|57/100
|move|p2a: Landorus|Earthquake|p1a: Excadrill
|-supereffective|p1a: Excadrill
|-damage|p1a: Excadrill|0 fnt
|faint|p1a: Excadrill
|
|win|fluuuuuu
|raw|Prof. Fouge's rating: 1420 &rarr; <strong>1396</strong><br />(-24 for losing)
|raw|fluuuuuu's rating: 1361 &rarr; <strong>1384</strong><br />(+23 for winning)
|c|☆fluuuuuu|gg
|l|☆Prof. Fouge
