|j|☆LeafStoned
|j|☆sidalin
|t:|1725672090
|gametype|singles
|player|p1|LeafStoned|266|1375
|player|p2|sidalin|265|1362
|teamsize|p1|6
|teamsize|p2|6
|gen|5
|tier|[Gen 5] OU
|rated|
|rule|Species Clause: Limit one of each Pokémon
|rule|OHKO Clause: OHKO moves are banned
|rule|Moody Clause: Moody is banned
|rule|Evasion Items Clause: Evasion items are banned
|rule|Evasion Moves Clause: Evasion moves are banned
|rule|Endless Battle Clause: Forcing endless battles is banned
|rule|HP Percentage Mod: HP is shown in percentages
|rule|Evasion Abilities Clause: Evasion abilities are banned
|rule|Sleep Moves Clause: Sleep-inducing moves are banned
|rule|Swagger Clause: Swagger is banned
|rule|Baton Pass Stat Clause: No Baton Passer may have a way to boost its stats
|clearpoke
|poke|p1|Politoed, M|item
|poke|p1|Thundurus-Therian, M|item
|poke|p1|Ferrothorn, M|item
|poke|p1|Excadrill, F|item
|poke|p1|Lapras, F|item
|poke|p1|Latios, M|item
|poke|p2|Terrakion|item
|poke|p2|Landorus-Therian, M|item
|poke|p2|Reuniclus, F|item
|poke|p2|Roserade, F|item
|poke|p2|Rotom-Wash|item
|poke|p2|Excadrill, M|item
|teampreview
|
|t:|1725672121
|start
|switch|p1a: Politoed|Politoed, M|100/100
|switch|p2a: Rotom|Rotom-Wash|100/100
|-weather|RainDance|[from] ability: Drizzle|[of] p1a: Politoed
|turn|1
|
|t:|1725672124
|move|p1a: Politoed|Protect|p1a: Politoed
|-singleturn|p1a: Politoed|Protect
|move|p2a: Rotom|Will-O-Wisp|p1a: Politoed
|-activate|p1a: Politoed|move: Protect
|
|-weather|RainDance|[upkeep]
|upkeep
|turn|2
|
|t:|1725672134
|switch|p1a: Lapras|Lapras, F|100/100
|move|p2a: Rotom|Will-O-Wisp|p1a: Lapras
|-status|p1a: Lapras|brn
|
|-weather|RainDance|[upkeep]
|-activate|p1a: Lapras|ability: Hydration
|-curestatus|p1a: Lapras|brn|[msg]
|upkeep
|turn|3
|
|t:|1725672138
|switch|p1a: Thundurus|Thundurus-Therian, M|100/100
|move|p2a: Rotom|Volt Switch|p1a: Thundurus
|-immune|p1a: Thundurus|[from] ability: Volt Absorb
|
|-weather|RainDance|[upkeep]
|upkeep
|turn|4
|
|t:|1725672149
|move|p1a: Thundurus|Agility|p1a: Thundurus
|-boost|p1a: Thundurus|spe|2
|move|p2a: Rotom|Will-O-Wisp|p1a: Thundurus
|-status|p1a: Thundurus|brn
|
|-weather|RainDance|[upkeep]
|-damage|p1a: Thundurus|88/100 brn|[from] brn
|upkeep
|turn|5
|
|t:|1725672154
|move|p1a: Thundurus|Thunder|p2a: Rotom
|-damage|p2a: Rotom|47/100
|move|p2a: Rotom|Hydro Pump|p1a: Thundurus|[miss]
|-miss|p2a: Rotom|p1a: Thundurus
|
|-weather|RainDance|[upkeep]
|-heal|p1a: Thundurus|94/100 brn|[from] item: Leftovers
|-heal|p2a: Rotom|53/100|[from] item: Leftovers
|-damage|p1a: Thundurus|82/100 brn|[from] brn
|upkeep
|turn|6
|
|t:|1725672160
|switch|p2a: Excadrill|Excadrill, M|100/100
|-ability|p2a: Excadrill|Mold Breaker
|move|p1a: Thundurus|Thunder|p2a: Excadrill
|-immune|p2a: Excadrill
|
|-weather|RainDance|[upkeep]
|-heal|p1a: Thundurus|88/100 brn|[from] item: Leftovers
|-damage|p1a: Thundurus|75/100 brn|[from] brn
|upkeep
|turn|7
|
|t:|1725672162
|switch|p2a: Roserade|Roserade, F|100/100
|move|p1a: Thundurus|Focus Blast|p2a: Roserade
|-resisted|p2a: Roserade
|-damage|p2a: Roserade|80/100
|
|-weather|RainDance|[upkeep]
|-heal|p1a: Thundurus|81/100 brn|[from] item: Leftovers
|-heal|p2a: Roserade|87/100|[from] item: Black Sludge
|-damage|p1a: Thundurus|69/100 brn|[from] brn
|upkeep
|turn|8
|
|t:|1725672169
|move|p1a: Thundurus|Hidden Power|p2a: Roserade
|-supereffective|p2a: Roserade
|-damage|p2a: Roserade|36/100
|move|p2a: Roserade|Spikes|p1a: Thundurus
|-sidestart|p1: LeafStoned|Spikes
|
|-weather|RainDance|[upkeep]
|-heal|p1a: Thundurus|75/100 brn|[from] item: Leftovers
|-heal|p2a: Roserade|43/100|[from] item: Black Sludge
|-damage|p1a: Thundurus|63/100 brn|[from] brn
|upkeep
|turn|9
|
|t:|1725672174
|switch|p2a: Rotom|Rotom-Wash|53/100
|move|p1a: Thundurus|Hidden Power|p2a: Rotom
|-resisted|p2a: Rotom
|-damage|p2a: Rotom|44/100
|
|-weather|RainDance|[upkeep]
|-heal|p1a: Thundurus|69/100 brn|[from] item: Leftovers
|-heal|p2a: Rotom|50/100|[from] item: Leftovers
|-damage|p1a: Thundurus|56/100 brn|[from] brn
|upkeep
|turn|10
|
|t:|1725672176
|switch|p2a: Roserade|Roserade, F|43/100
|move|p1a: Thundurus|Thunder|p2a: Roserade
|-resisted|p2a: Roserade
|-damage|p2a: Roserade|13/100
|
|-weather|RainDance|[upkeep]
|-heal|p1a: Thundurus|62/100 brn|[from] item: Leftovers
|-heal|p2a: Roserade|19/100|[from] item: Black Sludge
|-damage|p1a: Thundurus|50/100 brn|[from] brn
|upkeep
|turn|11
|
|t:|1725672179
|switch|p2a: Rotom|Rotom-Wash|50/100
|move|p1a: Thundurus|Thunder|p2a: Rotom
|-damage|p2a: Rotom|0 fnt
|faint|p2a: Rotom
|
|-weather|RainDance|[upkeep]
|-heal|p1a: Thundurus|56/100 brn|[from] item: Leftovers
|-damage|p1a: Thundurus|44/100 brn|[from] brn
|upkeep
|
|t:|1725672183
|switch|p2a: Excadrill|Excadrill, M|100/100
|-ability|p2a: Excadrill|Mold Breaker
|turn|12
|
|t:|1725672184
|move|p2a: Excadrill|Protect|p2a: Excadrill
|-singleturn|p2a: Excadrill|Protect
|move|p1a: Thundurus|Focus Blast|p2a: Excadrill
|-activate|p2a: Excadrill|move: Protect
|
|-weather|RainDance|[upkeep]
|-heal|p1a: Thundurus|50/100 brn|[from] item: Leftovers
|-damage|p1a: Thundurus|37/100 brn|[from] brn
|upkeep
|turn|13
|
|t:|1725672190
|switch|p2a: Roserade|Roserade, F|19/100
|move|p1a: Thundurus|Focus Blast|p2a: Roserade|[miss]
|-miss|p1a: Thundurus|p2a: Roserade
|
|-weather|RainDance|[upkeep]
|-heal|p1a: Thundurus|43/100 brn|[from] item: Leftovers
|-heal|p2a: Roserade|26/100|[from] item: Black Sludge
|-damage|p1a: Thundurus|31/100 brn|[from] brn
|upkeep
|turn|14
|
|t:|1725672194
|switch|p2a: Excadrill|Excadrill, M|100/100
|-ability|p2a: Excadrill|Mold Breaker
|move|p1a: Thundurus|Hidden Power|p2a: Excadrill
|-damage|p2a: Excadrill|80/100
|
|-weather|RainDance|[upkeep]
|-heal|p1a: Thundurus|37/100 brn|[from] item: Leftovers
|-heal|p2a: Excadrill|86/100|[from] item: Leftovers
|-damage|p1a: Thundurus|25/100 brn|[from] brn
|upkeep
|turn|15
|
|t:|1725672201
|switch|p1a: Excadrill|Excadrill, F|100/100
|-damage|p1a: Excadrill|88/100|[from] Spikes
|-ability|p1a: Excadrill|Mold Breaker
|move|p2a: Excadrill|Protect||[still]
|-fail|p2a: Excadrill
|
|-weather|RainDance|[upkeep]
|-heal|p2a: Excadrill|92/100|[from] item: Leftovers
|upkeep
|turn|16
|
|t:|1725672210
|move|p2a: Excadrill|Protect|p2a: Excadrill
|-singleturn|p2a: Excadrill|Protect
|move|p1a: Excadrill|Earthquake|p2a: Excadrill
|-activate|p2a: Excadrill|move: Protect
|
|-weather|RainDance|[upkeep]
|-heal|p2a: Excadrill|98/100|[from] item: Leftovers
|upkeep
|turn|17
|
|t:|1725672213
|switch|p2a: Landorus|Landorus-Therian, M|100/100
|-ability|p2a: Landorus|Intimidate|boost
|-unboost|p1a: Excadrill|atk|1
|move|p1a: Excadrill|Earthquake|p2a: Landorus
|-immune|p2a: Landorus
|
|-weather|RainDance|[upkeep]
|upkeep
|turn|18
|
|t:|1725672216
|switch|p1a: Thundurus|Thundurus-Therian, M|25/100 brn
|move|p2a: Landorus|U-turn|p1a: Thundurus
|-resisted|p1a: Thundurus
|-damage|p1a: Thundurus|11/100 brn
|
|t:|1725672220
|switch|p2a: Roserade|Roserade, F|26/100|[from] U-turn
|
|-weather|RainDance|[upkeep]
|-heal|p1a: Thundurus|17/100 brn|[from] item: Leftovers
|-heal|p2a: Roserade|32/100|[from] item: Black Sludge
|-damage|p1a: Thundurus|4/100 brn|[from] brn
|upkeep
|turn|19
|
|t:|1725672224
|move|p1a: Thundurus|Focus Blast|p2a: Roserade
|-resisted|p2a: Roserade
|-damage|p2a: Roserade|11/100
|move|p2a: Roserade|Rest|p2a: Roserade
|-status|p2a: Roserade|slp|[from] move: Rest
|-heal|p2a: Roserade|100/100 slp|[silent]
|
|-weather|RainDance|[upkeep]
|-heal|p1a: Thundurus|10/100 brn|[from] item: Leftovers
|-damage|p1a: Thundurus|0 fnt|[from] brn
|faint|p1a: Thundurus
|upkeep
|
|t:|1725672230
|switch|p1a: Excadrill|Excadrill, F|88/100
|-damage|p1a: Excadrill|76/100|[from] Spikes
|-ability|p1a: Excadrill|Mold Breaker
|turn|20
|
|t:|1725672236
|-curestatus|p2a: Roserade|slp|[from] ability: Natural Cure
|switch|p2a: Landorus|Landorus-Therian, M|100/100
|-ability|p2a: Landorus|Intimidate|boost
|-unboost|p1a: Excadrill|atk|1
|move|p1a: Excadrill|Rapid Spin|p2a: Landorus
|-damage|p2a: Landorus|96/100
|-damage|p1a: Excadrill|59/100|[from] item: Rocky Helmet|[of] p2a: Landorus
|-sideend|p1: LeafStoned|Spikes|[from] move: Rapid Spin|[of] p1a: Excadrill
|
|-weather|RainDance|[upkeep]
|upkeep
|turn|21
|
|t:|1725672245
|switch|p1a: Lapras|Lapras, F|100/100
|move|p2a: Landorus|Stealth Rock|p1a: Lapras
|-sidestart|p1: LeafStoned|move: Stealth Rock
|
|-weather|RainDance|[upkeep]
|upkeep
|turn|22
|
|t:|1725672251
|switch|p2a: Reuniclus|Reuniclus, F|100/100
|move|p1a: Lapras|Waterfall|p2a: Reuniclus
|-damage|p2a: Reuniclus|57/100
|
|-weather|RainDance|[upkeep]
|upkeep
|turn|23
|
|t:|1725672256
|move|p1a: Lapras|Curse|p1a: Lapras
|-unboost|p1a: Lapras|spe|1
|-boost|p1a: Lapras|atk|1
|-boost|p1a: Lapras|def|1
|move|p2a: Reuniclus|Trick Room|p2a: Reuniclus
|-fieldstart|move: Trick Room|[of] p2a: Reuniclus
|
|-weather|RainDance|[upkeep]
|upkeep
|turn|24
|
|t:|1725672264
|move|p2a: Reuniclus|Focus Blast|p1a: Lapras
|-supereffective|p1a: Lapras
|-damage|p1a: Lapras|23/100
|move|p1a: Lapras|Rest|p1a: Lapras
|-status|p1a: Lapras|slp|[from] move: Rest
|-heal|p1a: Lapras|100/100 slp|[silent]
|
|-weather|RainDance|[upkeep]
|-activate|p1a: Lapras|ability: Hydration
|-curestatus|p1a: Lapras|slp|[msg]
|upkeep
|turn|25
|
|t:|1725672281
|move|p2a: Reuniclus|Focus Blast|p1a: Lapras|[miss]
|-miss|p2a: Reuniclus|p1a: Lapras
|move|p1a: Lapras|Rest|p1a: Lapras
|-fail|p1a: Lapras|heal
|
|-weather|RainDance|[upkeep]
|upkeep
|turn|26
|
|t:|1725672288
|move|p2a: Reuniclus|Focus Blast|p1a: Lapras
|-supereffective|p1a: Lapras
|-damage|p1a: Lapras|31/100
|move|p1a: Lapras|Rest|p1a: Lapras
|-status|p1a: Lapras|slp|[from] move: Rest
|-heal|p1a: Lapras|100/100 slp|[silent]
|
|-weather|RainDance|[upkeep]
|-activate|p1a: Lapras|ability: Hydration
|-curestatus|p1a: Lapras|slp|[msg]
|upkeep
|turn|27
|
|t:|1725672301
|move|p2a: Reuniclus|Focus Blast|p1a: Lapras
|-supereffective|p1a: Lapras
|-damage|p1a: Lapras|18/100
|move|p1a: Lapras|Curse|p1a: Lapras
|-unboost|p1a: Lapras|spe|1
|-boost|p1a: Lapras|atk|1
|-boost|p1a: Lapras|def|1
|
|-weather|RainDance|[upkeep]
|-heal|p1a: Lapras|24/100|[from] item: Leftovers
|-fieldend|move: Trick Room
|upkeep
|turn|28
|
|t:|1725672306
|switch|p2a: Roserade|Roserade, F|100/100
|move|p1a: Lapras|Rest|p1a: Lapras
|-status|p1a: Lapras|slp|[from] move: Rest
|-heal|p1a: Lapras|100/100 slp|[silent]
|
|-weather|RainDance|[upkeep]
|-activate|p1a: Lapras|ability: Hydration
|-curestatus|p1a: Lapras|slp|[msg]
|upkeep
|turn|29
|
|t:|1725672312
|move|p1a: Lapras|Ice Shard|p2a: Roserade
|-supereffective|p2a: Roserade
|-damage|p2a: Roserade|1/100
|move|p2a: Roserade|Energy Ball|p1a: Lapras
|-supereffective|p1a: Lapras
|-damage|p1a: Lapras|49/100
|
|-weather|RainDance|[upkeep]
|-heal|p2a: Roserade|8/100|[from] item: Black Sludge
|-heal|p1a: Lapras|55/100|[from] item: Leftovers
|upkeep
|turn|30
|
|t:|1725672327
|move|p1a: Lapras|Ice Shard|p2a: Roserade
|-supereffective|p2a: Roserade
|-damage|p2a: Roserade|0 fnt
|faint|p2a: Roserade
|
|-weather|RainDance|[upkeep]
|-heal|p1a: Lapras|61/100|[from] item: Leftovers
|upkeep
|
|t:|1725672328
|switch|p2a: Terrakion|Terrakion|100/100
|turn|31
|
|t:|1725672340
|switch|p1a: Latios|Latios, M|100/100
|-damage|p1a: Latios|88/100|[from] Stealth Rock
|move|p2a: Terrakion|Close Combat|p1a: Latios
|-resisted|p1a: Latios
|-damage|p1a: Latios|20/100
|-unboost|p2a: Terrakion|def|1
|-unboost|p2a: Terrakion|spd|1
|
|-weather|RainDance|[upkeep]
|upkeep
|turn|32
|
|t:|1725672347
|switch|p2a: Excadrill|Excadrill, M|98/100
|-ability|p2a: Excadrill|Mold Breaker
|move|p1a: Latios|Surf|p2a: Excadrill
|-supereffective|p2a: Excadrill
|-damage|p2a: Excadrill|26/100
|
|-weather|RainDance|[upkeep]
|-heal|p2a: Excadrill|32/100|[from] item: Leftovers
|upkeep
|turn|33
|
|t:|1725672350
|move|p2a: Excadrill|Protect|p2a: Excadrill
|-singleturn|p2a: Excadrill|Protect
|move|p1a: Latios|Surf|p2a: Excadrill
|-activate|p2a: Excadrill|move: Protect
|
|-weather|RainDance|[upkeep]
|-heal|p2a: Excadrill|38/100|[from] item: Leftovers
|upkeep
|turn|34
|
|t:|1725672352
|move|p1a: Latios|Surf|p2a: Excadrill
|-supereffective|p2a: Excadrill
|-damage|p2a: Excadrill|0 fnt
|faint|p2a: Excadrill
|
|-weather|RainDance|[upkeep]
|upkeep
|
|t:|1725672353
|switch|p2a: Reuniclus|Reuniclus, F|57/100
|turn|35
|inactive|Battle timer is ON: inactive players will automatically lose when time's up. (requested by LeafStoned)
|
|t:|1725672358
|switch|p1a: Politoed|Politoed, M|100/100
|-damage|p1a: Politoed|88/100|[from] Stealth Rock
|move|p2a: Reuniclus|Trick Room|p2a: Reuniclus
|-fieldstart|move: Trick Room|[of] p2a: Reuniclus
|
|-weather|RainDance|[upkeep]
|-heal|p1a: Politoed|94/100|[from] item: Leftovers
|upkeep
|turn|36
|
|t:|1725672362
|move|p1a: Politoed|Protect|p1a: Politoed
|-singleturn|p1a: Politoed|Protect
|move|p2a: Reuniclus|Psychic|p1a: Politoed
|-activate|p1a: Politoed|move: Protect
|
|-weather|RainDance|[upkeep]
|-heal|p1a: Politoed|99/100|[from] item: Leftovers
|upkeep
|turn|37
|
|t:|1725672367
|move|p2a: Reuniclus|Psychic|p1a: Politoed
|-damage|p1a: Politoed|37/100
|move|p1a: Politoed|Encore|p2a: Reuniclus
|-start|p2a: Reuniclus|Encore
|
|-weather|RainDance|[upkeep]
|-heal|p1a: Politoed|43/100|[from] item: Leftovers
|upkeep
|turn|38
|
|t:|1725672371
|move|p1a: Politoed|Protect|p1a: Politoed
|-singleturn|p1a: Politoed|Protect
|move|p2a: Reuniclus|Psychic|p1a: Politoed
|-activate|p1a: Politoed|move: Protect
|
|-weather|RainDance|[upkeep]
|-heal|p1a: Politoed|49/100|[from] item: Leftovers
|upkeep
|turn|39
|
|t:|1725672377
|switch|p2a: Terrakion|Terrakion|100/100
|switch|p1a: Ferrothorn|Ferrothorn, M|100/100
|-damage|p1a: Ferrothorn|95/100|[from] Stealth Rock
|
|-weather|RainDance|[upkeep]
|-heal|p1a: Ferrothorn|100/100|[from] item: Leftovers
|-fieldend|move: Trick Room
|upkeep
|turn|40
|
|t:|1725672382
|move|p2a: Terrakion|Close Combat|p1a: Ferrothorn
|-supereffective|p1a: Ferrothorn
|-damage|p1a: Ferrothorn|0 fnt
|-unboost|p2a: Terrakion|def|1
|-unboost|p2a: Terrakion|spd|1
|-damage|p2a: Terrakion|88/100|[from] ability: Iron Barbs|[of] p1a: Ferrothorn
|faint|p1a: Ferrothorn
|
|-weather|RainDance|[upkeep]
|upkeep
|
|t:|1725672386
|switch|p1a: Latios|Latios, M|20/100
|-damage|p1a: Latios|8/100|[from] Stealth Rock
|turn|41
|
|t:|1725672390
|switch|p2a: Landorus|Landorus-Therian, M|96/100
|-ability|p2a: Landorus|Intimidate|boost
|-unboost|p1a: Latios|atk|1
|move|p1a: Latios|Surf|p2a: Landorus
|-supereffective|p2a: Landorus
|-crit|p2a: Landorus
|-damage|p2a: Landorus|0 fnt
|faint|p2a: Landorus
|
|-weather|RainDance|[upkeep]
|upkeep
|
|t:|1725672393
|switch|p2a: Reuniclus|Reuniclus, F|57/100
|turn|42
|
|t:|1725672399
|move|p1a: Latios|Surf|p2a: Reuniclus
|-damage|p2a: Reuniclus|12/100
|move|p2a: Reuniclus|Shadow Ball|p1a: Latios
|-supereffective|p1a: Latios
|-damage|p1a: Latios|0 fnt
|faint|p1a: Latios
|
|-weather|RainDance|[upkeep]
|upkeep
|
|t:|1725672405
|switch|p1a: Excadrill|Excadrill, F|59/100
|-damage|p1a: Excadrill|56/100|[from] Stealth Rock
|-ability|p1a: Excadrill|Mold Breaker
|turn|43
|
|t:|1725672420
|move|p1a: Excadrill|Iron Head|p2a: Reuniclus
|-damage|p2a: Reuniclus|0 fnt
|faint|p2a: Reuniclus
|
|-weather|RainDance|[upkeep]
|upkeep
|
|t:|1725672422
|switch|p2a: Terrakion|Terrakion|88/100
|turn|44
|
|t:|1725672423
|move|p1a: Excadrill|Iron Head|p2a: Terrakion
|-supereffective|p2a: Terrakion
|-damage|p2a: Terrakion|0 fnt
|faint|p2a: Terrakion
|
|win|LeafStoned
|raw|LeafStoned's rating: 1375 &rarr; <strong>1394</strong><br />(+19 for winning)
|raw|sidalin's rating: 1362 &rarr; <strong>1343</strong><br />(-19 for losing)
|l|☆LeafStoned
|player|p1|
