|j|☆gengaster
|j|☆unpersons
|player|p1|gengaster|89
|player|p2|unpersons|1
|teamsize|p1|6
|teamsize|p2|6
|gametype|singles
|gen|5
|tier|[Gen 5] OU
|rated|
|rule|Sleep Clause Mod: Limit one foe put to sleep
|rule|Species Clause: Limit one of each Pokémon
|rule|OHKO Clause: OHKO moves are banned
|rule|Moody Clause: Moody is banned
|rule|Evasion Moves Clause: Evasion moves are banned
|rule|Endless Battle Clause: Forcing endless battles is banned
|rule|HP Percentage Mod: HP is shown in percentages
|rule|Evasion Abilities Clause: Evasion abilities are banned
|rule|Baton Pass Clause: Limit one Baton Passer, can't pass Spe and other stats simultaneously
|rule|Swagger Clause: Swagger is banned
|clearpoke
|poke|p1|Garchomp, M|item
|poke|p1|Magnezone|item
|poke|p1|Jirachi|item
|poke|p1|Dragonite, M|item
|poke|p1|Starmie|item
|poke|p1|Latios, M|item
|poke|p2|Tyranitar, F|item
|poke|p2|Magnezone|item
|poke|p2|Amoonguss, M|item
|poke|p2|Bronzong|item
|poke|p2|Landorus-Therian, M|item
|poke|p2|Kingdra, F|item
|teampreview
|c|☆unpersons|gl hf
|
|start
|switch|p1a: Jirachi|Jirachi|100/100
|switch|p2a: Magnezone|Magnezone|100/100
|turn|1
|
|move|p1a: Jirachi|U-turn|p2a: Magnezone
|-resisted|p2a: Magnezone
|-damage|p2a: Magnezone|91/100
|
|switch|p1a: Garchomp|Garchomp, M|100/100
|move|p2a: Magnezone|Thunder Wave|p1a: Garchomp
|-immune|p1a: Garchomp|[msg]
|
|upkeep
|turn|2
|
|move|p1a: Garchomp|Stealth Rock|p2a: Magnezone
|-sidestart|p2: unpersons|move: Stealth Rock
|move|p2a: Magnezone|Flash Cannon|p1a: Garchomp
|-crit|p1a: Garchomp
|-damage|p1a: Garchomp|0 fnt
|faint|p1a: Garchomp
|
|upkeep
|c|☆unpersons|whoa sorry
|c|☆gengaster|Fdp
|c|☆unpersons|does that stand for fuck da police
|
|switch|p1a: Magnezone|Magnezone|100/100
|turn|3
|inactive|Battle timer is ON: inactive players will automatically lose when time's up. (requested by gengaster)
|
|move|p2a: Magnezone|Thunder Wave|p1a: Magnezone
|-status|p1a: Magnezone|par
|move|p1a: Magnezone|Hidden Power|p2a: Magnezone
|-supereffective|p2a: Magnezone
|-damage|p2a: Magnezone|0 fnt
|faint|p2a: Magnezone
|
|upkeep
|
|switch|p2a: Kingdra|Kingdra, F|100/100
|-damage|p2a: Kingdra|88/100|[from] Stealth Rock
|turn|4
|
|switch|p1a: Jirachi|Jirachi|100/100
|move|p2a: Kingdra|Rain Dance|p2a: Kingdra
|-weather|RainDance
|
|-weather|RainDance|[upkeep]
|upkeep
|turn|5
|
|move|p2a: Kingdra|Hydro Pump|p1a: Jirachi
|-damage|p1a: Jirachi|0 fnt
|-damage|p2a: Kingdra|78/100|[from] item: Life Orb
|faint|p1a: Jirachi
|
|-weather|RainDance|[upkeep]
|upkeep
|
|switch|p1a: Starmie|Starmie|100/100
|turn|6
|
|move|p2a: Kingdra|Draco Meteor|p1a: Starmie|[miss]
|-miss|p2a: Kingdra|p1a: Starmie
|move|p1a: Starmie|Toxic|p2a: Kingdra
|-status|p2a: Kingdra|tox
|
|-weather|RainDance|[upkeep]
|-damage|p2a: Kingdra|72/100 tox|[from] psn
|upkeep
|turn|7
|
|move|p2a: Kingdra|Hydro Pump|p1a: Starmie
|-resisted|p1a: Starmie
|-damage|p1a: Starmie|34/100
|-damage|p2a: Kingdra|62/100 tox|[from] item: Life Orb
|move|p1a: Starmie|Scald|p2a: Kingdra
|-resisted|p2a: Kingdra
|-damage|p2a: Kingdra|49/100 tox
|
|-weather|RainDance|[upkeep]
|-heal|p1a: Starmie|40/100|[from] item: Leftovers
|-damage|p2a: Kingdra|37/100 tox|[from] psn
|upkeep
|turn|8
|
|move|p2a: Kingdra|Hydro Pump|p1a: Starmie|[miss]
|-miss|p2a: Kingdra|p1a: Starmie
|move|p1a: Starmie|Scald|p2a: Kingdra
|-resisted|p2a: Kingdra
|-damage|p2a: Kingdra|25/100 tox
|
|-weather|none
|-heal|p1a: Starmie|47/100|[from] item: Leftovers
|-damage|p2a: Kingdra|7/100 tox|[from] psn
|upkeep
|turn|9
|
|move|p1a: Starmie|Recover|p1a: Starmie
|-heal|p1a: Starmie|97/100
|move|p2a: Kingdra|Hydro Pump|p1a: Starmie
|-resisted|p1a: Starmie
|-damage|p1a: Starmie|53/100
|-damage|p2a: Kingdra|0 fnt|[from] item: Life Orb
|faint|p2a: Kingdra
|
|-heal|p1a: Starmie|60/100|[from] item: Leftovers
|upkeep
|
|switch|p2a: Tyranitar|Tyranitar, F|100/100
|-damage|p2a: Tyranitar|88/100|[from] Stealth Rock
|-weather|Sandstorm|[from] ability: Sand Stream|[of] p2a: Tyranitar
|turn|10
|
|move|p1a: Starmie|Scald|p2a: Tyranitar
|-supereffective|p2a: Tyranitar
|-damage|p2a: Tyranitar|61/100
|-status|p2a: Tyranitar|brn
|-enditem|p2a: Tyranitar|Lum Berry|[eat]
|-curestatus|p2a: Tyranitar|brn|[msg]
|move|p2a: Tyranitar|Stealth Rock|p1a: Starmie
|-sidestart|p1: gengaster|move: Stealth Rock
|
|-weather|Sandstorm|[upkeep]
|-damage|p1a: Starmie|53/100|[from] Sandstorm
|-heal|p1a: Starmie|60/100|[from] item: Leftovers
|upkeep
|turn|11
|
|move|p1a: Starmie|Rapid Spin|p2a: Tyranitar
|-resisted|p2a: Tyranitar
|-damage|p2a: Tyranitar|60/100
|-sideend|p1: gengaster|Stealth Rock|[from] move: Rapid Spin|[of] p1a: Starmie
|move|p2a: Tyranitar|Crunch|p1a: Starmie
|-supereffective|p1a: Starmie
|-damage|p1a: Starmie|0 fnt
|faint|p1a: Starmie
|
|-weather|Sandstorm|[upkeep]
|upkeep
|
|switch|p1a: Dragonite|Dragonite, M|100/100
|turn|12
|inactive|gengaster has 120 seconds left.
|
|move|p1a: Dragonite|Earthquake|p2a: Tyranitar
|-supereffective|p2a: Tyranitar
|-damage|p2a: Tyranitar|0 fnt
|faint|p2a: Tyranitar
|
|-weather|Sandstorm|[upkeep]
|-damage|p1a: Dragonite|94/100|[from] Sandstorm
|upkeep
|
|switch|p2a: Bronzong|Bronzong|100/100
|-damage|p2a: Bronzong|94/100|[from] Stealth Rock
|turn|13
|
|switch|p1a: Magnezone|Magnezone|100/100 par
|move|p2a: Bronzong|Earthquake|p1a: Magnezone
|-supereffective|p1a: Magnezone
|-damage|p1a: Magnezone|16/100 par
|
|-weather|Sandstorm|[upkeep]
|-heal|p2a: Bronzong|100/100|[from] item: Leftovers
|upkeep
|turn|14
|
|move|p2a: Bronzong|Earthquake|p1a: Magnezone
|-supereffective|p1a: Magnezone
|-damage|p1a: Magnezone|0 fnt
|faint|p1a: Magnezone
|
|-weather|Sandstorm|[upkeep]
|upkeep
|
|switch|p1a: Dragonite|Dragonite, M|94/100
|turn|15
|
|move|p1a: Dragonite|Outrage|p2a: Bronzong
|-resisted|p2a: Bronzong
|-damage|p2a: Bronzong|60/100
|move|p2a: Bronzong|Toxic|p1a: Dragonite
|-status|p1a: Dragonite|tox
|
|-weather|Sandstorm|[upkeep]
|-damage|p1a: Dragonite|88/100 tox|[from] Sandstorm
|-heal|p2a: Bronzong|66/100|[from] item: Leftovers
|-damage|p1a: Dragonite|82/100 tox|[from] psn
|upkeep
|turn|16
|
|move|p2a: Bronzong|Protect|p2a: Bronzong
|-singleturn|p2a: Bronzong|Protect
|move|p1a: Dragonite|Outrage|p2a: Bronzong|[from]lockedmove
|-activate|p2a: Bronzong|move: Protect
|
|-weather|Sandstorm|[upkeep]
|-damage|p1a: Dragonite|76/100 tox|[from] Sandstorm
|-heal|p2a: Bronzong|72/100|[from] item: Leftovers
|-damage|p1a: Dragonite|63/100 tox|[from] psn
|upkeep
|turn|17
|
|switch|p2a: Amoonguss|Amoonguss, M|100/100
|-damage|p2a: Amoonguss|88/100|[from] Stealth Rock
|move|p1a: Dragonite|Outrage|p2a: Amoonguss
|-damage|p2a: Amoonguss|0 fnt
|faint|p2a: Amoonguss
|
|-weather|Sandstorm|[upkeep]
|-damage|p1a: Dragonite|57/100 tox|[from] Sandstorm
|-damage|p1a: Dragonite|39/100 tox|[from] psn
|upkeep
|
|switch|p2a: Landorus|Landorus-Therian, M|100/100
|-damage|p2a: Landorus|88/100|[from] Stealth Rock
|-ability|p2a: Landorus|Intimidate|boost
|-unboost|p1a: Dragonite|atk|1
|turn|18
|
|move|p2a: Landorus|Stone Edge|p1a: Dragonite
|-supereffective|p1a: Dragonite
|-damage|p1a: Dragonite|0 fnt
|faint|p1a: Dragonite
|
|-weather|Sandstorm|[upkeep]
|upkeep
|
|switch|p1a: Latios|Latios, M|100/100
|turn|19
|
|move|p2a: Landorus|Stone Edge|p1a: Latios
|-damage|p1a: Latios|51/100
|move|p1a: Latios|Surf|p2a: Landorus
|-supereffective|p2a: Landorus
|-damage|p2a: Landorus|0 fnt
|faint|p2a: Landorus
|
|-weather|Sandstorm|[upkeep]
|-damage|p1a: Latios|45/100|[from] Sandstorm
|upkeep
|
|switch|p2a: Bronzong|Bronzong|72/100
|-damage|p2a: Bronzong|66/100|[from] Stealth Rock
|turn|20
|
|move|p2a: Bronzong|Protect|p2a: Bronzong
|-singleturn|p2a: Bronzong|Protect
|move|p1a: Latios|Surf|p2a: Bronzong
|-activate|p2a: Bronzong|move: Protect
|
|-weather|Sandstorm|[upkeep]
|-damage|p1a: Latios|39/100|[from] Sandstorm
|-heal|p2a: Bronzong|72/100|[from] item: Leftovers
|upkeep
|turn|21
|
|move|p1a: Latios|Surf|p2a: Bronzong
|-damage|p2a: Bronzong|38/100
|move|p2a: Bronzong|Gyro Ball|p1a: Latios
|-damage|p1a: Latios|0 fnt
|faint|p1a: Latios
|
|win|unpersons
|c|☆unpersons|gg wp
|raw|gengaster's rating: 1451 &rarr; <strong>1431</strong><br />(-20 for losing)
|raw|unpersons's rating: 1445 &rarr; <strong>1466</strong><br />(+21 for winning)
|c|☆gengaster|Pd
|c|☆unpersons|?
