|j|☆fangqiang
|j|☆BookofConke
|t:|1718597397
|gametype|singles
|player|p1|fangqiang|lance|1316
|player|p2|BookofConke|silver-masters|1524
|teamsize|p1|6
|teamsize|p2|6
|gen|5
|tier|[Gen 5] OU
|rated|
|rule|Species Clause: Limit one of each Pokémon
|rule|OHKO Clause: OHKO moves are banned
|rule|Moody Clause: Moody is banned
|rule|Evasion Items Clause: Evasion items are banned
|rule|Evasion Moves Clause: Evasion moves are banned
|rule|Endless Battle Clause: Forcing endless battles is banned
|rule|HP Percentage Mod: HP is shown in percentages
|rule|Evasion Abilities Clause: Evasion abilities are banned
|rule|Sleep Moves Clause: Sleep-inducing moves are banned
|rule|Swagger Clause: Swagger is banned
|rule|Baton Pass Stat Clause: No Baton Passer may have a way to boost its stats
|clearpoke
|poke|p1|Tentacruel, M|item
|poke|p1|Thundurus-Therian, M|item
|poke|p1|Latios, M|item
|poke|p1|Jirachi|item
|poke|p1|Politoed, F|item
|poke|p1|Ferrothorn, F|item
|poke|p2|Kyurem-Black|item
|poke|p2|Latios, M|item
|poke|p2|Terrakion|item
|poke|p2|Garchomp, M|item
|poke|p2|Starmie|item
|poke|p2|Jirachi|item
|teampreview
|inactive|Battle timer is ON: inactive players will automatically lose when time's up. (requested by fangqiang)
|
|t:|1718597418
|start
|switch|p1a: Politoed|Politoed, F|100/100
|switch|p2a: Kyurem|Kyurem-Black|100/100
|-ability|p2a: Kyurem|Teravolt
|-weather|RainDance|[from] ability: Drizzle|[of] p1a: Politoed
|turn|1
|
|t:|1718597428
|switch|p1a: Ferrothorn|Ferrothorn, F, shiny|100/100
|move|p2a: Kyurem|Substitute|p2a: Kyurem
|-start|p2a: Kyurem|Substitute
|-damage|p2a: Kyurem|76/100
|
|-weather|RainDance|[upkeep]
|upkeep
|turn|2
|
|t:|1718597437
|move|p2a: Kyurem|Freeze Shock||[still]
|-prepare|p2a: Kyurem|Freeze Shock
|-enditem|p2a: Kyurem|Power Herb
|-anim|p2a: Kyurem|Freeze Shock|p1a: Ferrothorn
|-damage|p1a: Ferrothorn|26/100
|move|p1a: Ferrothorn|Gyro Ball|p2a: Kyurem
|-supereffective|p2a: Kyurem
|-end|p2a: Kyurem|Substitute
|
|-weather|RainDance|[upkeep]
|upkeep
|turn|3
|inactive|BookofConke has 120 seconds left.
|
|t:|1718597483
|move|p2a: Kyurem|Substitute|p2a: Kyurem
|-start|p2a: Kyurem|Substitute
|-damage|p2a: Kyurem|51/100
|move|p1a: Ferrothorn|Gyro Ball|p2a: Kyurem
|-supereffective|p2a: Kyurem
|-end|p2a: Kyurem|Substitute
|
|-weather|RainDance|[upkeep]
|upkeep
|turn|4
|
|t:|1718597494
|switch|p2a: Jirachi|Jirachi|100/100
|move|p1a: Ferrothorn|Stealth Rock|p2a: Jirachi
|-sidestart|p2: BookofConke|move: Stealth Rock
|
|-weather|RainDance|[upkeep]
|upkeep
|turn|5
|
|t:|1718597502
|move|p2a: Jirachi|Wish|p2a: Jirachi
|move|p1a: Ferrothorn|Spikes|p2a: Jirachi
|-sidestart|p2: BookofConke|Spikes
|
|-weather|RainDance|[upkeep]
|upkeep
|turn|6
|
|t:|1718597514
|switch|p2a: Latios|Latios, M|100/100
|-damage|p2a: Latios|88/100|[from] Stealth Rock
|move|p1a: Ferrothorn|Gyro Ball|p2a: Latios
|-crit|p2a: Latios
|-damage|p2a: Latios|0 fnt
|faint|p2a: Latios
|
|-weather|RainDance|[upkeep]
|upkeep
|
|t:|1718597533
|switch|p2a: Garchomp|Garchomp, M|100/100
|-damage|p2a: Garchomp|94/100|[from] Stealth Rock
|-damage|p2a: Garchomp|82/100|[from] Spikes
|turn|7
|
|t:|1718597547
|move|p2a: Garchomp|Swords Dance|p2a: Garchomp
|-boost|p2a: Garchomp|atk|2
|move|p1a: Ferrothorn|Gyro Ball|p2a: Garchomp
|-damage|p2a: Garchomp|13/100
|-damage|p1a: Ferrothorn|14/100|[from] ability: Rough Skin|[of] p2a: Garchomp
|
|-weather|RainDance|[upkeep]
|upkeep
|turn|8
|
|t:|1718597561
|move|p2a: Garchomp|Earthquake|p1a: Ferrothorn
|-damage|p1a: Ferrothorn|0 fnt
|faint|p1a: Ferrothorn
|
|-weather|RainDance|[upkeep]
|upkeep
|
|t:|1718597570
|switch|p1a: Latios|Latios, M|100/100
|turn|9
|
|t:|1718597578
|switch|p2a: Jirachi|Jirachi|100/100
|-damage|p2a: Jirachi|94/100|[from] Stealth Rock
|-damage|p2a: Jirachi|82/100|[from] Spikes
|move|p1a: Latios|Surf|p2a: Jirachi
|-damage|p2a: Jirachi|46/100
|
|-weather|RainDance|[upkeep]
|-heal|p2a: Jirachi|52/100|[from] item: Leftovers
|upkeep
|turn|10
|
|t:|1718597589
|switch|p1a: Jirachi|Jirachi|100/100
|move|p2a: Jirachi|Wish|p2a: Jirachi
|
|-weather|RainDance|[upkeep]
|-heal|p2a: Jirachi|59/100|[from] item: Leftovers
|upkeep
|turn|11
|
|t:|1718597601
|move|p1a: Jirachi|Substitute|p1a: Jirachi
|-start|p1a: Jirachi|Substitute
|-damage|p1a: Jirachi|75/100
|move|p2a: Jirachi|U-turn|p1a: Jirachi
|-activate|p1a: Jirachi|Substitute|[damage]
|
|t:|1718597610
|switch|p2a: Kyurem|Kyurem-Black|51/100|[from] U-turn
|-damage|p2a: Kyurem|26/100|[from] Stealth Rock
|-damage|p2a: Kyurem|13/100|[from] Spikes
|-ability|p2a: Kyurem|Teravolt
|
|-weather|RainDance|[upkeep]
|-heal|p2a: Kyurem|63/100|[from] move: Wish|[wisher] Jirachi
|-heal|p1a: Jirachi|82/100|[from] item: Leftovers
|upkeep
|turn|12
|
|t:|1718597629
|move|p1a: Jirachi|Calm Mind|p1a: Jirachi
|-boost|p1a: Jirachi|spa|1
|-boost|p1a: Jirachi|spd|1
|move|p2a: Kyurem|Fusion Bolt|p1a: Jirachi
|-end|p1a: Jirachi|Substitute
|
|-weather|RainDance|[upkeep]
|-heal|p1a: Jirachi|88/100|[from] item: Leftovers
|upkeep
|turn|13
|
|t:|1718597643
|move|p1a: Jirachi|Thunder|p2a: Kyurem
|-resisted|p2a: Kyurem
|-damage|p2a: Kyurem|46/100
|-status|p2a: Kyurem|par
|cant|p2a: Kyurem|par
|
|-weather|RainDance|[upkeep]
|-heal|p1a: Jirachi|94/100|[from] item: Leftovers
|upkeep
|turn|14
|
|t:|1718597658
|move|p1a: Jirachi|Substitute|p1a: Jirachi
|-start|p1a: Jirachi|Substitute
|-damage|p1a: Jirachi|69/100
|move|p2a: Kyurem|Fusion Bolt|p1a: Jirachi
|-end|p1a: Jirachi|Substitute
|
|-weather|RainDance|[upkeep]
|-heal|p1a: Jirachi|75/100|[from] item: Leftovers
|upkeep
|turn|15
|
|t:|1718597672
|move|p1a: Jirachi|Thunder|p2a: Kyurem
|-resisted|p2a: Kyurem
|-damage|p2a: Kyurem|26/100 par
|move|p2a: Kyurem|Fusion Bolt|p1a: Jirachi
|-damage|p1a: Jirachi|41/100
|
|-weather|RainDance|[upkeep]
|-heal|p1a: Jirachi|47/100|[from] item: Leftovers
|upkeep
|turn|16
|
|t:|1718597683
|move|p1a: Jirachi|Thunder|p2a: Kyurem
|-resisted|p2a: Kyurem
|-damage|p2a: Kyurem|9/100 par
|move|p2a: Kyurem|Freeze Shock||[still]
|-prepare|p2a: Kyurem|Freeze Shock
|
|-weather|RainDance|[upkeep]
|-heal|p1a: Jirachi|53/100|[from] item: Leftovers
|upkeep
|turn|17
|
|t:|1718597692
|move|p1a: Jirachi|Thunder|p2a: Kyurem
|-resisted|p2a: Kyurem
|-crit|p2a: Kyurem
|-damage|p2a: Kyurem|0 fnt
|faint|p2a: Kyurem
|
|-weather|RainDance|[upkeep]
|-heal|p1a: Jirachi|59/100|[from] item: Leftovers
|upkeep
|
|t:|1718597712
|switch|p2a: Terrakion|Terrakion|100/100
|-damage|p2a: Terrakion|94/100|[from] Stealth Rock
|-damage|p2a: Terrakion|82/100|[from] Spikes
|turn|18
|
|t:|1718597725
|switch|p1a: Politoed|Politoed, F|100/100
|move|p2a: Terrakion|Close Combat|p1a: Politoed
|-damage|p1a: Politoed|29/100
|-unboost|p2a: Terrakion|def|1
|-unboost|p2a: Terrakion|spd|1
|-enditem|p1a: Politoed|Eject Button
|
|t:|1718597733
|switch|p1a: Latios|Latios, M|100/100
|
|-weather|RainDance|[upkeep]
|upkeep
|turn|19
|
|t:|1718597740
|switch|p2a: Garchomp|Garchomp, M|13/100
|-damage|p2a: Garchomp|7/100|[from] Stealth Rock
|-damage|p2a: Garchomp|0 fnt|[from] Spikes
|faint|p2a: Garchomp
|move|p1a: Latios|Surf|p2: Garchomp|[notarget]
|-fail|p1a: Latios
|
|-weather|RainDance|[upkeep]
|upkeep
|
|t:|1718597752
|switch|p2a: Starmie|Starmie|100/100
|-damage|p2a: Starmie|88/100|[from] Stealth Rock
|-item|p2a: Starmie|Air Balloon
|turn|20
|
|t:|1718597778
|switch|p1a: Jirachi|Jirachi|59/100
|move|p2a: Starmie|Rapid Spin|p1a: Jirachi
|-resisted|p1a: Jirachi
|-damage|p1a: Jirachi|58/100
|-sideend|p2: BookofConke|Spikes|[from] move: Rapid Spin|[of] p2a: Starmie
|-sideend|p2: BookofConke|Stealth Rock|[from] move: Rapid Spin|[of] p2a: Starmie
|
|-weather|RainDance|[upkeep]
|-heal|p1a: Jirachi|64/100|[from] item: Leftovers
|upkeep
|turn|21
|
|t:|1718597793
|move|p2a: Starmie|Hydro Pump|p1a: Jirachi|[miss]
|-miss|p2a: Starmie|p1a: Jirachi
|move|p1a: Jirachi|Substitute|p1a: Jirachi
|-start|p1a: Jirachi|Substitute
|-damage|p1a: Jirachi|39/100
|
|-weather|RainDance|[upkeep]
|-heal|p1a: Jirachi|45/100|[from] item: Leftovers
|upkeep
|turn|22
|
|t:|1718597802
|move|p2a: Starmie|Hydro Pump|p1a: Jirachi|[miss]
|-miss|p2a: Starmie|p1a: Jirachi
|move|p1a: Jirachi|Thunder|p2a: Starmie
|-supereffective|p2a: Starmie
|-damage|p2a: Starmie|11/100
|-enditem|p2a: Starmie|Air Balloon
|
|-weather|RainDance|[upkeep]
|-heal|p1a: Jirachi|51/100|[from] item: Leftovers
|upkeep
|turn|23
|
|t:|1718597814
|move|p2a: Starmie|Hydro Pump|p1a: Jirachi|[miss]
|-miss|p2a: Starmie|p1a: Jirachi
|move|p1a: Jirachi|Thunder|p2a: Starmie
|-supereffective|p2a: Starmie
|-damage|p2a: Starmie|0 fnt
|faint|p2a: Starmie
|
|-weather|RainDance|[upkeep]
|-heal|p1a: Jirachi|58/100|[from] item: Leftovers
|upkeep
|c|☆BookofConke|Nice
|
|t:|1718597833
|switch|p2a: Terrakion|Terrakion|82/100
|turn|24
|c|☆fangqiang|haha
|
|t:|1718597851
|move|p2a: Terrakion|Close Combat|p1a: Jirachi
|-end|p1a: Jirachi|Substitute
|-unboost|p2a: Terrakion|def|1
|-unboost|p2a: Terrakion|spd|1
|move|p1a: Jirachi|Hidden Power|p2a: Terrakion
|-damage|p2a: Terrakion|56/100
|
|-weather|RainDance|[upkeep]
|-heal|p1a: Jirachi|64/100|[from] item: Leftovers
|upkeep
|turn|25
|
|t:|1718597867
|switch|p2a: Jirachi|Jirachi|59/100
|switch|p1a: Politoed|Politoed, F|29/100
|
|-weather|RainDance|[upkeep]
|-heal|p2a: Jirachi|65/100|[from] item: Leftovers
|upkeep
|turn|26
|
|t:|1718597878
|move|p2a: Jirachi|Wish|p2a: Jirachi
|move|p1a: Politoed|Encore|p2a: Jirachi
|-start|p2a: Jirachi|Encore
|
|-weather|RainDance|[upkeep]
|-heal|p2a: Jirachi|71/100|[from] item: Leftovers
|upkeep
|turn|27
|
|t:|1718597887
|switch|p2a: Terrakion|Terrakion|56/100
|switch|p1a: Latios|Latios, M|100/100
|
|-weather|RainDance|[upkeep]
|-heal|p2a: Terrakion|100/100|[from] move: Wish|[wisher] Jirachi
|upkeep
|turn|28
|inactive|BookofConke has 90 seconds left.
|
|t:|1718597921
|switch|p1a: Jirachi|Jirachi|64/100
|switch|p2a: Jirachi|Jirachi|71/100
|
|-weather|RainDance|[upkeep]
|-heal|p1a: Jirachi|70/100|[from] item: Leftovers
|-heal|p2a: Jirachi|77/100|[from] item: Leftovers
|upkeep
|turn|29
|inactive|BookofConke has 90 seconds left.
|
|t:|1718597933
|move|p1a: Jirachi|Substitute|p1a: Jirachi
|-start|p1a: Jirachi|Substitute
|-damage|p1a: Jirachi|45/100
|move|p2a: Jirachi|Thunder|p1a: Jirachi
|-activate|p1a: Jirachi|Substitute|[damage]
|
|-weather|RainDance|[upkeep]
|-heal|p1a: Jirachi|51/100|[from] item: Leftovers
|-heal|p2a: Jirachi|83/100|[from] item: Leftovers
|upkeep
|turn|30
|inactive|BookofConke has 90 seconds left.
|
|t:|1718597957
|move|p1a: Jirachi|Calm Mind|p1a: Jirachi
|-boost|p1a: Jirachi|spa|1
|-boost|p1a: Jirachi|spd|1
|move|p2a: Jirachi|U-turn|p1a: Jirachi
|-end|p1a: Jirachi|Substitute
|
|t:|1718597964
|switch|p2a: Terrakion|Terrakion|100/100|[from] U-turn
|
|-weather|RainDance|[upkeep]
|-heal|p1a: Jirachi|57/100|[from] item: Leftovers
|upkeep
|turn|31
|
|t:|1718597975
|switch|p1a: Politoed|Politoed, F|29/100
|move|p2a: Terrakion|Close Combat|p1a: Politoed
|-damage|p1a: Politoed|0 fnt
|-unboost|p2a: Terrakion|def|1
|-unboost|p2a: Terrakion|spd|1
|faint|p1a: Politoed
|
|-weather|RainDance|[upkeep]
|upkeep
|
|t:|1718597986
|switch|p1a: Latios|Latios, M|100/100
|turn|32
|
|t:|1718597990
|switch|p2a: Jirachi|Jirachi|83/100
|move|p1a: Latios|Trick|p2a: Jirachi
|-activate|p1a: Latios|move: Trick|[of] p2a: Jirachi
|-item|p2a: Jirachi|Choice Scarf|[from] move: Trick
|-item|p1a: Latios|Leftovers|[from] move: Trick
|
|-weather|RainDance|[upkeep]
|upkeep
|turn|33
|inactive|BookofConke has 90 seconds left.
|
|t:|1718598010
|switch|p1a: Jirachi|Jirachi|57/100
|move|p2a: Jirachi|Iron Head|p1a: Jirachi
|-resisted|p1a: Jirachi
|-damage|p1a: Jirachi|46/100
|
|-weather|RainDance|[upkeep]
|-heal|p1a: Jirachi|52/100|[from] item: Leftovers
|upkeep
|turn|34
|
|t:|1718598020
|move|p2a: Jirachi|Iron Head|p1a: Jirachi
|-resisted|p1a: Jirachi
|-damage|p1a: Jirachi|41/100
|move|p1a: Jirachi|Substitute|p1a: Jirachi
|-start|p1a: Jirachi|Substitute
|-damage|p1a: Jirachi|16/100
|
|-weather|RainDance|[upkeep]
|-heal|p1a: Jirachi|22/100|[from] item: Leftovers
|upkeep
|turn|35
|
|t:|1718598032
|switch|p2a: Terrakion|Terrakion|100/100
|move|p1a: Jirachi|Calm Mind|p1a: Jirachi
|-boost|p1a: Jirachi|spa|1
|-boost|p1a: Jirachi|spd|1
|
|-weather|RainDance|[upkeep]
|-heal|p1a: Jirachi|28/100|[from] item: Leftovers
|upkeep
|turn|36
|
|t:|1718598044
|move|p2a: Terrakion|Close Combat|p1a: Jirachi
|-end|p1a: Jirachi|Substitute
|-unboost|p2a: Terrakion|def|1
|-unboost|p2a: Terrakion|spd|1
|move|p1a: Jirachi|Hidden Power|p2a: Terrakion
|-damage|p2a: Terrakion|62/100
|
|-weather|RainDance|[upkeep]
|-heal|p1a: Jirachi|34/100|[from] item: Leftovers
|upkeep
|turn|37
|
|t:|1718598058
|switch|p1a: Thundurus|Thundurus-Therian, M|100/100
|move|p2a: Terrakion|Close Combat|p1a: Thundurus
|-resisted|p1a: Thundurus
|-damage|p1a: Thundurus|60/100
|-unboost|p2a: Terrakion|def|1
|-unboost|p2a: Terrakion|spd|1
|
|-weather|RainDance|[upkeep]
|-heal|p1a: Thundurus|66/100|[from] item: Leftovers
|upkeep
|turn|38
|
|t:|1718598069
|switch|p2a: Jirachi|Jirachi|83/100
|move|p1a: Thundurus|Thunder|p2a: Jirachi
|-damage|p2a: Jirachi|36/100
|
|-weather|RainDance|[upkeep]
|-heal|p1a: Thundurus|72/100|[from] item: Leftovers
|upkeep
|turn|39
|
|t:|1718598081
|move|p2a: Jirachi|U-turn|p1a: Thundurus
|-resisted|p1a: Thundurus
|-damage|p1a: Thundurus|63/100
|
|t:|1718598085
|switch|p2a: Terrakion|Terrakion|62/100|[from] U-turn
|move|p1a: Thundurus|Thunder|p2a: Terrakion
|-damage|p2a: Terrakion|0 fnt
|faint|p2a: Terrakion
|
|-weather|RainDance|[upkeep]
|-heal|p1a: Thundurus|69/100|[from] item: Leftovers
|upkeep
|c|☆fangqiang|gg
|inactive|BookofConke has 90 seconds left.
|c|☆BookofConke|Wow that's a slow Thund
|c|☆BookofConke|Holy Mother of Moly
|
|t:|1718598110
|switch|p2a: Jirachi|Jirachi|36/100
|turn|40
|
|t:|1718598120
|move|p2a: Jirachi|Iron Head|p1a: Thundurus
|-resisted|p1a: Thundurus
|-damage|p1a: Thundurus|53/100
|move|p1a: Thundurus|Thunder|p2a: Jirachi
|-damage|p2a: Jirachi|0 fnt
|faint|p2a: Jirachi
|
|win|fangqiang
|raw|fangqiang's rating: 1316 &rarr; <strong>1347</strong><br />(+31 for winning)
|raw|BookofConke's rating: 1524 &rarr; <strong>1493</strong><br />(-31 for losing)
|c|☆BookofConke|OH I was Trick Scarfed right LOL
|c|☆fangqiang|i am chinese
|c|☆BookofConke|Whoops
