|j|☆Crimsonbacon38
|j|☆Tito Fierro
|t:|1722633129
|gametype|singles
|player|p1|Crimsonbacon38|barry|1333
|player|p2|Tito Fierro|ethan|1355
|teamsize|p1|6
|teamsize|p2|6
|gen|5
|tier|[Gen 5] OU
|rated|
|rule|Species Clause: Limit one of each Pokémon
|rule|OHKO Clause: OHKO moves are banned
|rule|Moody Clause: Moody is banned
|rule|Evasion Items Clause: Evasion items are banned
|rule|Evasion Moves Clause: Evasion moves are banned
|rule|Endless Battle Clause: Forcing endless battles is banned
|rule|HP Percentage Mod: HP is shown in percentages
|rule|Evasion Abilities Clause: Evasion abilities are banned
|rule|Sleep Moves Clause: Sleep-inducing moves are banned
|rule|Swagger Clause: Swagger is banned
|rule|Baton Pass Stat Clause: No Baton Passer may have a way to boost its stats
|clearpoke
|poke|p1|Tyranitar, M|item
|poke|p1|Excadrill, M|item
|poke|p1|Garchomp, F|item
|poke|p1|Scizor, F|item
|poke|p1|Jirachi|item
|poke|p1|Latios, M|item
|poke|p2|Alakazam, F|item
|poke|p2|Skarmory, F|item
|poke|p2|Tyranitar, M|item
|poke|p2|Garchomp, M|item
|poke|p2|Jellicent, M|item
|poke|p2|Scizor, M|item
|teampreview
|
|t:|1722633153
|start
|switch|p1a: Jirachi|Jirachi|100/100
|switch|p2a: Skarmory|Skarmory, F|100/100
|turn|1
|
|t:|1722633173
|move|p2a: Skarmory|Stealth Rock|p1a: Jirachi
|-sidestart|p1: Crimsonbacon38|move: Stealth Rock
|move|p1a: Jirachi|Stealth Rock|p2a: Skarmory
|-sidestart|p2: Tito Fierro|move: Stealth Rock
|
|upkeep
|turn|2
|
|t:|1722633179
|move|p2a: Skarmory|Spikes|p1a: Jirachi
|-sidestart|p1: Crimsonbacon38|Spikes
|move|p1a: Jirachi|U-turn|p2a: Skarmory
|-resisted|p2a: Skarmory
|-damage|p2a: Skarmory|97/100
|
|t:|1722633189
|switch|p1a: Excadrill|Excadrill, M|100/100|[from] U-turn
|-damage|p1a: Excadrill|97/100|[from] Stealth Rock
|-damage|p1a: Excadrill|85/100|[from] Spikes
|
|-heal|p1a: Excadrill|91/100|[from] item: Leftovers
|upkeep
|turn|3
|
|t:|1722633200
|switch|p2a: Jellicent|Jellicent, M|100/100
|-damage|p2a: Jellicent|88/100|[from] Stealth Rock
|move|p1a: Excadrill|Swords Dance|p1a: Excadrill
|-boost|p1a: Excadrill|atk|2
|
|-heal|p1a: Excadrill|97/100|[from] item: Leftovers
|-heal|p2a: Jellicent|94/100|[from] item: Leftovers
|upkeep
|turn|4
|
|t:|1722633206
|move|p1a: Excadrill|Earthquake|p2a: Jellicent
|-damage|p2a: Jellicent|13/100
|move|p2a: Jellicent|Will-O-Wisp|p1a: Excadrill
|-status|p1a: Excadrill|brn
|
|-heal|p1a: Excadrill|100/100 brn|[from] item: Leftovers
|-heal|p2a: Jellicent|20/100|[from] item: Leftovers
|-damage|p1a: Excadrill|88/100 brn|[from] brn
|upkeep
|turn|5
|
|t:|1722633215
|move|p1a: Excadrill|Iron Head|p2a: Jellicent
|-resisted|p2a: Jellicent
|-damage|p2a: Jellicent|4/100
|move|p2a: Jellicent|Recover|p2a: Jellicent
|-heal|p2a: Jellicent|54/100
|
|-heal|p1a: Excadrill|94/100 brn|[from] item: Leftovers
|-heal|p2a: Jellicent|61/100|[from] item: Leftovers
|-damage|p1a: Excadrill|82/100 brn|[from] brn
|upkeep
|turn|6
|
|t:|1722633230
|move|p1a: Excadrill|Earthquake|p2a: Jellicent
|-damage|p2a: Jellicent|18/100
|move|p2a: Jellicent|Recover|p2a: Jellicent
|-heal|p2a: Jellicent|68/100
|
|-heal|p1a: Excadrill|88/100 brn|[from] item: Leftovers
|-heal|p2a: Jellicent|75/100|[from] item: Leftovers
|-damage|p1a: Excadrill|76/100 brn|[from] brn
|upkeep
|turn|7
|
|t:|1722633241
|move|p1a: Excadrill|Swords Dance|p1a: Excadrill
|-boost|p1a: Excadrill|atk|2
|move|p2a: Jellicent|Night Shade|p1a: Excadrill
|-damage|p1a: Excadrill|50/100 brn
|
|-heal|p1a: Excadrill|56/100 brn|[from] item: Leftovers
|-heal|p2a: Jellicent|81/100|[from] item: Leftovers
|-damage|p1a: Excadrill|43/100 brn|[from] brn
|upkeep
|turn|8
|
|t:|1722633252
|move|p1a: Excadrill|Swords Dance|p1a: Excadrill
|-boost|p1a: Excadrill|atk|2
|move|p2a: Jellicent|Night Shade|p1a: Excadrill
|-damage|p1a: Excadrill|17/100 brn
|
|-heal|p1a: Excadrill|24/100 brn|[from] item: Leftovers
|-heal|p2a: Jellicent|87/100|[from] item: Leftovers
|-damage|p1a: Excadrill|11/100 brn|[from] brn
|upkeep
|turn|9
|
|t:|1722633275
|move|p1a: Excadrill|Earthquake|p2a: Jellicent
|-damage|p2a: Jellicent|5/100
|move|p2a: Jellicent|Night Shade|p1a: Excadrill
|-damage|p1a: Excadrill|0 fnt
|faint|p1a: Excadrill
|
|-heal|p2a: Jellicent|12/100|[from] item: Leftovers
|upkeep
|
|t:|1722633280
|switch|p1a: Scizor|Scizor, F|100/100
|-damage|p1a: Scizor|88/100|[from] Stealth Rock
|-damage|p1a: Scizor|76/100|[from] Spikes
|turn|10
|
|t:|1722633287
|move|p1a: Scizor|U-turn|p2a: Jellicent
|-resisted|p2a: Jellicent
|-damage|p2a: Jellicent|0 fnt
|faint|p2a: Jellicent
|
|t:|1722633290
|switch|p1a: Latios|Latios, M|100/100|[from] U-turn
|-damage|p1a: Latios|88/100|[from] Stealth Rock
|
|upkeep
|
|t:|1722633296
|switch|p2a: Tyranitar|Tyranitar, M|100/100
|-damage|p2a: Tyranitar|88/100|[from] Stealth Rock
|-weather|Sandstorm|[from] ability: Sand Stream|[of] p2a: Tyranitar
|turn|11
|
|t:|1722633304
|move|p1a: Latios|Draco Meteor|p2a: Tyranitar
|-damage|p2a: Tyranitar|57/100
|-unboost|p1a: Latios|spa|2
|-enditem|p1a: Latios|White Herb
|-clearnegativeboost|p1a: Latios|[silent]
|move|p2a: Tyranitar|Crunch|p1a: Latios
|-supereffective|p1a: Latios
|-crit|p1a: Latios
|-damage|p1a: Latios|0 fnt
|faint|p1a: Latios
|
|-weather|Sandstorm|[upkeep]
|upkeep
|
|t:|1722633312
|switch|p1a: Scizor|Scizor, F|76/100
|-damage|p1a: Scizor|63/100|[from] Stealth Rock
|-damage|p1a: Scizor|51/100|[from] Spikes
|turn|12
|
|t:|1722633321
|switch|p2a: Skarmory|Skarmory, F|97/100
|-damage|p2a: Skarmory|85/100|[from] Stealth Rock
|move|p1a: Scizor|Superpower|p2a: Skarmory
|-damage|p2a: Skarmory|22/100
|-unboost|p1a: Scizor|atk|1
|-unboost|p1a: Scizor|def|1
|
|-weather|Sandstorm|[upkeep]
|upkeep
|turn|13
|-enditem|p2a: Skarmory|Custap Berry|[eat]
|-activate|p2a: Skarmory|item: Custap Berry|[consumed]
|
|t:|1722633355
|move|p2a: Skarmory|Brave Bird|p1a: Scizor
|-damage|p1a: Scizor|0 fnt
|faint|p1a: Scizor
|-damage|p2a: Skarmory|5/100|[from] Recoil
|
|-weather|Sandstorm|[upkeep]
|upkeep
|
|t:|1722633380
|switch|p1a: Tyranitar|Tyranitar, M|100/100
|-damage|p1a: Tyranitar|88/100|[from] Stealth Rock
|-damage|p1a: Tyranitar|76/100|[from] Spikes
|turn|14
|
|t:|1722633386
|move|p1a: Tyranitar|Crunch|p2a: Skarmory
|-resisted|p2a: Skarmory
|-damage|p2a: Skarmory|0 fnt
|faint|p2a: Skarmory
|
|-weather|Sandstorm|[upkeep]
|upkeep
|
|t:|1722633400
|switch|p2a: Scizor|Scizor, M|100/100
|-damage|p2a: Scizor|88/100|[from] Stealth Rock
|turn|15
|
|t:|1722633411
|switch|p1a: Jirachi|Jirachi|100/100
|-damage|p1a: Jirachi|94/100|[from] Stealth Rock
|-damage|p1a: Jirachi|82/100|[from] Spikes
|move|p2a: Scizor|U-turn|p1a: Jirachi
|-damage|p1a: Jirachi|48/100
|
|t:|1722633418
|switch|p2a: Garchomp|Garchomp, M|100/100|[from] U-turn
|-damage|p2a: Garchomp|94/100|[from] Stealth Rock
|
|-weather|Sandstorm|[upkeep]
|-heal|p1a: Jirachi|54/100|[from] item: Leftovers
|upkeep
|turn|16
|
|t:|1722633448
|move|p2a: Garchomp|Earthquake|p1a: Jirachi
|-supereffective|p1a: Jirachi
|-damage|p1a: Jirachi|0 fnt
|faint|p1a: Jirachi
|
|-weather|Sandstorm|[upkeep]
|upkeep
|
|t:|1722633449
|switch|p1a: Tyranitar|Tyranitar, M|76/100
|-damage|p1a: Tyranitar|64/100|[from] Stealth Rock
|-damage|p1a: Tyranitar|51/100|[from] Spikes
|turn|17
|
|t:|1722633460
|move|p1a: Tyranitar|Ice Beam|p2a: Garchomp
|-supereffective|p2a: Garchomp
|-damage|p2a: Garchomp|0 fnt
|faint|p2a: Garchomp
|
|-weather|Sandstorm|[upkeep]
|upkeep
|
|t:|1722633469
|switch|p2a: Tyranitar|Tyranitar, M|57/100
|-damage|p2a: Tyranitar|45/100|[from] Stealth Rock
|turn|18
|
|t:|1722633481
|move|p1a: Tyranitar|Ice Beam|p2a: Tyranitar
|-damage|p2a: Tyranitar|35/100
|move|p2a: Tyranitar|Ice Beam|p1a: Tyranitar
|-damage|p1a: Tyranitar|39/100
|
|-weather|Sandstorm|[upkeep]
|upkeep
|turn|19
|
|t:|1722633488
|move|p1a: Tyranitar|Ice Beam|p2a: Tyranitar
|-damage|p2a: Tyranitar|26/100
|move|p2a: Tyranitar|Superpower|p1a: Tyranitar
|-supereffective|p1a: Tyranitar
|-damage|p1a: Tyranitar|0 fnt
|-unboost|p2a: Tyranitar|atk|1
|-unboost|p2a: Tyranitar|def|1
|faint|p1a: Tyranitar
|
|-weather|Sandstorm|[upkeep]
|upkeep
|
|t:|1722633490
|switch|p1a: Garchomp|Garchomp, F|100/100
|-damage|p1a: Garchomp|94/100|[from] Stealth Rock
|-damage|p1a: Garchomp|82/100|[from] Spikes
|turn|20
|
|t:|1722633493
|move|p1a: Garchomp|Dual Chop|p2a: Tyranitar
|-damage|p2a: Tyranitar|1/100
|-damage|p2a: Tyranitar|0 fnt
|faint|p2a: Tyranitar
|-hitcount|p2: Tyranitar|2
|
|-weather|Sandstorm|[upkeep]
|upkeep
|
|t:|1722633502
|switch|p2a: Alakazam|Alakazam, F|100/100
|turn|21
|
|t:|1722633506
|move|p1a: Garchomp|Dual Chop|p2a: Alakazam
|-damage|p2a: Alakazam|46/100
|-damage|p2a: Alakazam|0 fnt
|faint|p2a: Alakazam
|-hitcount|p2: Alakazam|2
|
|-weather|Sandstorm|[upkeep]
|upkeep
|
|t:|1722633510
|switch|p2a: Scizor|Scizor, M|88/100
|-damage|p2a: Scizor|76/100|[from] Stealth Rock
|turn|22
|
|t:|1722633519
|move|p2a: Scizor|Bullet Punch|p1a: Garchomp
|-damage|p1a: Garchomp|52/100
|-damage|p2a: Scizor|63/100|[from] ability: Rough Skin|[of] p1a: Garchomp
|move|p1a: Garchomp|Dual Chop|p2a: Scizor
|-resisted|p2a: Scizor
|-crit|p2a: Scizor
|-damage|p2a: Scizor|37/100
|-resisted|p2a: Scizor
|-damage|p2a: Scizor|24/100
|-hitcount|p2a: Scizor|2
|
|-weather|Sandstorm|[upkeep]
|upkeep
|turn|23
|
|t:|1722633530
|move|p2a: Scizor|Bullet Punch|p1a: Garchomp
|-damage|p1a: Garchomp|18/100
|-damage|p2a: Scizor|12/100|[from] ability: Rough Skin|[of] p1a: Garchomp
|move|p1a: Garchomp|Dual Chop|p2a: Scizor
|-resisted|p2a: Scizor
|-damage|p2a: Scizor|0 fnt
|faint|p2a: Scizor
|-hitcount|p2: Scizor|1
|
|win|Crimsonbacon38
|raw|Crimsonbacon38's rating: 1333 &rarr; <strong>1354</strong><br />(+21 for winning)
|raw|Tito Fierro's rating: 1355 &rarr; <strong>1334</strong><br />(-21 for losing)
