|j|☆spliffdiff
|j|☆HydreigonSpammer
|t:|1733760588
|gametype|singles
|player|p1|spliffdiff|265|1364
|player|p2|HydreigonSpammer|veteranf|1437
|teamsize|p1|6
|teamsize|p2|6
|gen|5
|tier|[Gen 5] OU
|rated|
|rule|Species Clause: Limit one of each Pokémon
|rule|OHKO Clause: OHKO moves are banned
|rule|Moody Clause: Moody is banned
|rule|Evasion Items Clause: Evasion items are banned
|rule|Evasion Moves Clause: Evasion moves are banned
|rule|Endless Battle Clause: Forcing endless battles is banned
|rule|HP Percentage Mod: HP is shown in percentages
|rule|Evasion Abilities Clause: Evasion abilities are banned
|rule|Sleep Moves Clause: Sleep-inducing moves are banned
|rule|Swagger Clause: Swagger is banned
|rule|Baton Pass Stat Clause: No Baton Passer may have a way to boost its stats
|clearpoke
|poke|p1|Honchkrow, M|item
|poke|p1|Terrakion|item
|poke|p1|Garchomp, M|item
|poke|p1|Conkeldurr, M|item
|poke|p1|Keldeo-Resolute|item
|poke|p1|Gengar, F|item
|poke|p2|Abomasnow, M|item
|poke|p2|Kyurem|item
|poke|p2|Reuniclus, M|item
|poke|p2|Mamoswine, M|item
|poke|p2|Alakazam, F|item
|poke|p2|Walrein, F|item
|teampreview
|inactive|Battle timer is ON: inactive players will automatically lose when time's up. (requested by spliffdiff)
|inactive|HydreigonSpammer has 120 seconds left.
|inactive|HydreigonSpammer has 90 seconds left.
|
|t:|1733760664
|start
|switch|p1a: Terrakion|Terrakion|100/100
|switch|p2a: Mamoswine|Mamoswine, M|100/100
|turn|1
|
|t:|1733760672
|move|p1a: Terrakion|Close Combat|p2a: Mamoswine
|-supereffective|p2a: Mamoswine
|-enditem|p2a: Mamoswine|Focus Sash
|-damage|p2a: Mamoswine|1/100
|-unboost|p1a: Terrakion|def|1
|-unboost|p1a: Terrakion|spd|1
|move|p2a: Mamoswine|Earthquake|p1a: Terrakion
|-supereffective|p1a: Terrakion
|-enditem|p1a: Terrakion|Focus Sash
|-damage|p1a: Terrakion|1/100
|
|upkeep
|turn|2
|
|t:|1733760690
|switch|p1a: Keldeo|Keldeo-Resolute|100/100
|move|p2a: Mamoswine|Ice Shard|p1a: Keldeo
|-resisted|p1a: Keldeo
|-damage|p1a: Keldeo|88/100
|
|upkeep
|turn|3
|inactive|HydreigonSpammer has 120 seconds left.
|
|t:|1733760718
|switch|p2a: Abomasnow|Abomasnow, M|100/100
|-weather|Hail|[from] ability: Snow Warning|[of] p2a: Abomasnow
|move|p1a: Keldeo|Surf|p2a: Abomasnow
|-resisted|p2a: Abomasnow
|-damage|p2a: Abomasnow|77/100
|
|-weather|Hail|[upkeep]
|-damage|p1a: Keldeo|82/100|[from] Hail
|-heal|p2a: Abomasnow|83/100|[from] item: Leftovers
|upkeep
|turn|4
|inactive|HydreigonSpammer has 120 seconds left.
|
|t:|1733760734
|move|p1a: Keldeo|Secret Sword|p2a: Abomasnow
|-supereffective|p2a: Abomasnow
|-damage|p2a: Abomasnow|0 fnt
|faint|p2a: Abomasnow
|
|-weather|Hail|[upkeep]
|-damage|p1a: Keldeo|75/100|[from] Hail
|upkeep
|
|t:|1733760746
|switch|p2a: Alakazam|Alakazam, F|100/100
|turn|5
|
|t:|1733760754
|move|p2a: Alakazam|Psyshock|p1a: Keldeo
|-supereffective|p1a: Keldeo
|-enditem|p1a: Keldeo|Payapa Berry|[eat]
|-enditem|p1a: Keldeo|Payapa Berry|[weaken]
|-damage|p1a: Keldeo|25/100
|move|p1a: Keldeo|Surf|p2a: Alakazam
|-damage|p2a: Alakazam|25/100
|
|-weather|Hail|[upkeep]
|-damage|p1a: Keldeo|19/100|[from] Hail
|upkeep
|turn|6
|inactive|HydreigonSpammer has 120 seconds left.
|
|t:|1733760765
|switch|p1a: Honchkrow|Honchkrow, M|100/100
|move|p2a: Alakazam|Psyshock|p1a: Honchkrow
|-immune|p1a: Honchkrow
|
|-weather|Hail|[upkeep]
|-damage|p1a: Honchkrow|94/100|[from] Hail
|upkeep
|turn|7
|inactive|HydreigonSpammer has 120 seconds left.
|
|t:|1733760777
|-activate|p2a: Alakazam|move: Pursuit
|move|p1a: Honchkrow|Pursuit|p2a: Alakazam|[from]Pursuit
|-supereffective|p2a: Alakazam
|-damage|p2a: Alakazam|0 fnt
|faint|p2a: Alakazam
|-hint|A Pokemon can't switch between when it runs out of HP and when it faints
|
|-weather|Hail|[upkeep]
|-damage|p1a: Honchkrow|88/100|[from] Hail
|upkeep
|
|t:|1733760781
|switch|p2a: Mamoswine|Mamoswine, M|1/100
|turn|8
|
|t:|1733760789
|switch|p1a: Terrakion|Terrakion|1/100
|move|p2a: Mamoswine|Stealth Rock|p1a: Terrakion
|-sidestart|p1: spliffdiff|move: Stealth Rock
|
|-weather|Hail|[upkeep]
|-damage|p1a: Terrakion|0 fnt|[from] Hail
|faint|p1a: Terrakion
|upkeep
|
|t:|1733760802
|switch|p1a: Conkeldurr|Conkeldurr, M|100/100
|-damage|p1a: Conkeldurr|94/100|[from] Stealth Rock
|turn|9
|
|t:|1733760807
|move|p1a: Conkeldurr|Mach Punch|p2a: Mamoswine
|-supereffective|p2a: Mamoswine
|-damage|p2a: Mamoswine|0 fnt
|faint|p2a: Mamoswine
|
|-weather|Hail|[upkeep]
|-damage|p1a: Conkeldurr|88/100|[from] Hail
|upkeep
|
|t:|1733760810
|switch|p2a: Reuniclus|Reuniclus, M|100/100
|turn|10
|
|t:|1733760820
|switch|p1a: Keldeo|Keldeo-Resolute|19/100
|-damage|p1a: Keldeo|13/100|[from] Stealth Rock
|move|p2a: Reuniclus|Psyshock|p1a: Keldeo
|-supereffective|p1a: Keldeo
|-damage|p1a: Keldeo|0 fnt
|faint|p1a: Keldeo
|
|-weather|Hail|[upkeep]
|upkeep
|
|t:|1733760837
|switch|p1a: Honchkrow|Honchkrow, M|88/100
|-damage|p1a: Honchkrow|63/100|[from] Stealth Rock
|turn|11
|inactive|HydreigonSpammer has 120 seconds left.
|inactive|HydreigonSpammer has 90 seconds left.
|
|t:|1733760910
|-activate|p2a: Reuniclus|move: Pursuit
|move|p1a: Honchkrow|Pursuit|p2a: Reuniclus|[from]Pursuit
|-supereffective|p2a: Reuniclus
|-damage|p2a: Reuniclus|39/100
|switch|p2a: Kyurem|Kyurem|100/100
|-ability|p2a: Kyurem|Pressure
|
|-weather|Hail|[upkeep]
|-damage|p1a: Honchkrow|57/100|[from] Hail
|upkeep
|turn|12
|
|t:|1733760932
|move|p2a: Kyurem|Ice Beam|p1a: Honchkrow
|-supereffective|p1a: Honchkrow
|-damage|p1a: Honchkrow|0 fnt
|faint|p1a: Honchkrow
|
|-weather|Hail|[upkeep]
|upkeep
|
|t:|1733760942
|switch|p1a: Garchomp|Garchomp, M|100/100
|-damage|p1a: Garchomp|94/100|[from] Stealth Rock
|turn|13
|
|t:|1733760951
|move|p1a: Garchomp|Outrage|p2a: Kyurem
|-supereffective|p2a: Kyurem
|-damage|p2a: Kyurem|0 fnt
|faint|p2a: Kyurem
|
|-weather|Hail|[upkeep]
|-damage|p1a: Garchomp|88/100|[from] Hail
|upkeep
|
|t:|1733760964
|switch|p2a: Walrein|Walrein, F|100/100
|turn|14
|
|t:|1733760968
|move|p1a: Garchomp|Outrage|p2a: Walrein|[from]lockedmove
|-damage|p2a: Walrein|48/100
|-start|p1a: Garchomp|confusion|[fatigue]
|move|p2a: Walrein|Ice Beam|p1a: Garchomp
|-supereffective|p1a: Garchomp
|-damage|p1a: Garchomp|0 fnt
|faint|p1a: Garchomp
|
|-weather|Hail|[upkeep]
|-heal|p2a: Walrein|54/100|[from] ability: Ice Body
|-heal|p2a: Walrein|60/100|[from] item: Leftovers
|upkeep
|
|t:|1733760982
|switch|p1a: Conkeldurr|Conkeldurr, M|88/100
|-damage|p1a: Conkeldurr|82/100|[from] Stealth Rock
|turn|15
|inactive|HydreigonSpammer has 90 seconds left.
|
|t:|1733761003
|switch|p2a: Reuniclus|Reuniclus, M|39/100
|move|p1a: Conkeldurr|Drain Punch|p2a: Reuniclus
|-resisted|p2a: Reuniclus
|-damage|p2a: Reuniclus|24/100
|-heal|p1a: Conkeldurr|91/100|[from] drain|[of] p2a: Reuniclus
|
|-weather|Hail|[upkeep]
|-damage|p1a: Conkeldurr|85/100|[from] Hail
|-heal|p2a: Reuniclus|30/100|[from] item: Leftovers
|upkeep
|turn|16
|inactive|HydreigonSpammer has 90 seconds left.
|
|t:|1733761017
|switch|p1a: Gengar|Gengar, F|100/100
|-damage|p1a: Gengar|88/100|[from] Stealth Rock
|move|p2a: Reuniclus|Psyshock|p1a: Gengar
|-supereffective|p1a: Gengar
|-damage|p1a: Gengar|0 fnt
|faint|p1a: Gengar
|
|-weather|Hail|[upkeep]
|-heal|p2a: Reuniclus|37/100|[from] item: Leftovers
|upkeep
|
|t:|1733761028
|switch|p1a: Conkeldurr|Conkeldurr, M|85/100
|-damage|p1a: Conkeldurr|78/100|[from] Stealth Rock
|turn|17
|
|t:|1733761033
|move|p1a: Conkeldurr|Drain Punch|p2a: Reuniclus
|-resisted|p2a: Reuniclus
|-damage|p2a: Reuniclus|22/100
|-heal|p1a: Conkeldurr|87/100|[from] drain|[of] p2a: Reuniclus
|move|p2a: Reuniclus|Recover|p2a: Reuniclus
|-heal|p2a: Reuniclus|72/100
|
|-weather|Hail|[upkeep]
|-damage|p1a: Conkeldurr|81/100|[from] Hail
|-heal|p2a: Reuniclus|78/100|[from] item: Leftovers
|upkeep
|turn|18
|
|t:|1733761045
|move|p1a: Conkeldurr|Ice Punch|p2a: Reuniclus
|-damage|p2a: Reuniclus|57/100
|move|p2a: Reuniclus|Psyshock|p1a: Conkeldurr
|-supereffective|p1a: Conkeldurr
|-damage|p1a: Conkeldurr|31/100
|
|-weather|Hail|[upkeep]
|-damage|p1a: Conkeldurr|25/100|[from] Hail
|-heal|p2a: Reuniclus|63/100|[from] item: Leftovers
|upkeep
|turn|19
|
|t:|1733761056
|move|p1a: Conkeldurr|Ice Punch|p2a: Reuniclus
|-damage|p2a: Reuniclus|43/100
|move|p2a: Reuniclus|Psyshock|p1a: Conkeldurr
|-supereffective|p1a: Conkeldurr
|-damage|p1a: Conkeldurr|0 fnt
|faint|p1a: Conkeldurr
|
|win|HydreigonSpammer
|raw|spliffdiff's rating: 1364 &rarr; <strong>1348</strong><br />(-16 for losing)
|raw|HydreigonSpammer's rating: 1437 &rarr; <strong>1453</strong><br />(+16 for winning)
