|j|☆BUMBACLAAT
|j|☆GrinchsBankAccount
|player|p1|BUMBACLAAT|200|1329
|player|p2|GrinchsBankAccount|officeworker|1281
|teamsize|p1|6
|teamsize|p2|6
|gametype|singles
|gen|5
|tier|[Gen 5] OU
|rated|
|rule|Sleep Clause Mod: Limit one foe put to sleep
|rule|Species Clause: Limit one of each Pokémon
|rule|OHKO Clause: OHKO moves are banned
|rule|Moody Clause: Moody is banned
|rule|Evasion Moves Clause: Evasion moves are banned
|rule|Endless Battle Clause: Forcing endless battles is banned
|rule|HP Percentage Mod: HP is shown in percentages
|rule|Evasion Abilities Clause: Evasion abilities are banned
|rule|Baton Pass Clause: Limit one Baton Passer, can't pass Spe and other stats simultaneously
|rule|Swagger Clause: Swagger is banned
|clearpoke
|poke|p1|Bronzong|item
|poke|p1|Garchomp, M|item
|poke|p1|Haxorus, F|item
|poke|p1|Dragonite, M|item
|poke|p1|Starmie|item
|poke|p1|Dusclops, F|item
|poke|p2|Girafarig, F|item
|poke|p2|Terrakion|item
|poke|p2|Skarmory, F|item
|poke|p2|Venusaur, F|item
|poke|p2|Blastoise, M|item
|poke|p2|Eelektross, F|item
|teampreview
|inactive|Battle timer is ON: inactive players will automatically lose when time's up. (requested by GrinchsBankAccount)
|inactive|BUMBACLAAT has 120 seconds left.
|c|☆BUMBACLAAT|dt! girafarig
|c|☆BUMBACLAAT|!dt girafarig
|raw|<div class="message"><ul class="utilichart"><li class="result"><span class="col numcol">NU</span> <span class="col iconcol"><psicon pokemon="girafarig"/></span> <span class="col pokemonnamecol" style="white-space:nowrap"><a href="https://dex.pokemonshowdown.com/pokemon/girafarig" target="_blank">Girafarig</a></span> <span class="col typecol"><img src="https://play.pokemonshowdown.com/sprites/types/Normal.png" alt="Normal" height="14" width="32"><img src="https://play.pokemonshowdown.com/sprites/types/Psychic.png" alt="Psychic" height="14" width="32"></span> <span style="float:left;min-height:26px"><span class="col twoabilitycol">Inner Focus<br />Early Bird</span><span class="col abilitycol"><em>Sap Sipper</em></span></span><span style="float:left;min-height:26px"><span class="col statcol"><em>HP</em><br />70</span> <span class="col statcol"><em>Atk</em><br />80</span> <span class="col statcol"><em>Def</em><br />65</span> <span class="col statcol"><em>SpA</em><br />90</span> <span class="col statcol"><em>SpD</em><br />65</span> <span class="col statcol"><em>Spe</em><br />85</span> <span class="col bstcol"><em>BST<br />455</em></span> </span></li><li style="clear:both"></li></ul></div>
|raw|<font size="1"><font color="#686868">Dex#:</font> 203&nbsp;|&ThickSpace;<font color="#686868">Gen:</font> 2&nbsp;|&ThickSpace;<font color="#686868">Height:</font> 1.5 m&nbsp;|&ThickSpace;<font color="#686868">Weight:</font> 41.5 kg <em>(60 BP)</em>&nbsp;|&ThickSpace;<font color="#686868">Dex Colour:</font> Yellow&nbsp;|&ThickSpace;<font color="#686868">Egg Group(s):</font> Field&nbsp;|&ThickSpace;<font color="#686868">Does Not Evolve</font></font>

|c|☆GrinchsBankAccount|pft lol
|inactive|BUMBACLAAT has 90 seconds left.
|c|☆GrinchsBankAccount|It's a sad day when people actually have to look up Girafarig
|
|start
|switch|p1a: Starmie|Starmie, shiny|100/100
|switch|p2a: Eelektross|Eelektross, F|100/100
|turn|1
|
|switch|p1a: Garchomp|Garchomp, M|100/100
|move|p2a: Eelektross|Volt Switch|p1a: Garchomp
|-immune|p1a: Garchomp
|
|upkeep
|turn|2
|
|switch|p1a: Dusclops|Dusclops, F, shiny|100/100
|-ability|p1a: Dusclops|Pressure
|move|p2a: Eelektross|Toxic|p1a: Dusclops
|-status|p1a: Dusclops|tox
|
|-damage|p1a: Dusclops|95/100 tox|[from] psn
|upkeep
|turn|3
|
|move|p2a: Eelektross|Volt Switch|p1a: Dusclops
|-damage|p1a: Dusclops|83/100 tox
|
|switch|p2a: Girafarig|Girafarig, F|100/100|[from]move: Volt Switch
|move|p1a: Dusclops|Will-O-Wisp|p2a: Girafarig
|-status|p2a: Girafarig|brn
|
|-damage|p2a: Girafarig|88/100 brn|[from] brn
|-damage|p1a: Dusclops|71/100 tox|[from] psn
|upkeep
|turn|4
|
|move|p2a: Girafarig|Psyshock|p1a: Dusclops
|-damage|p1a: Dusclops|48/100 tox
|move|p1a: Dusclops|Rest|p1a: Dusclops
|-status|p1a: Dusclops|slp|[from] move: Rest
|-heal|p1a: Dusclops|100/100 slp|[silent]
|
|-damage|p2a: Girafarig|76/100 brn|[from] brn
|upkeep
|turn|5
|
|switch|p2a: Terrakion|Terrakion|100/100
|switch|p1a: Bronzong|Bronzong|100/100
|
|upkeep
|turn|6
|j| Mannat
|
|switch|p2a: Skarmory|Skarmory, F|100/100
|move|p1a: Bronzong|Gyro Ball|p2a: Skarmory
|-resisted|p2a: Skarmory
|-damage|p2a: Skarmory|94/100
|-damage|p1a: Bronzong|84/100|[from] item: Rocky Helmet|[of] p2a: Skarmory
|
|-heal|p1a: Bronzong|90/100|[from] item: Leftovers
|upkeep
|turn|7
|
|move|p2a: Skarmory|Stealth Rock|p1a: Bronzong
|-sidestart|p1: BUMBACLAAT|move: Stealth Rock
|move|p1a: Bronzong|Stealth Rock|p2a: Skarmory
|-sidestart|p2: GrinchsBankAccount|move: Stealth Rock
|
|-heal|p1a: Bronzong|96/100|[from] item: Leftovers
|upkeep
|turn|8
|l| Mannat
|
|switch|p2a: Venusaur|Venusaur, F|100/100
|-damage|p2a: Venusaur|88/100|[from] Stealth Rock
|move|p1a: Bronzong|Hypnosis|p2a: Venusaur|[miss]
|-miss|p1a: Bronzong|p2a: Venusaur
|
|-heal|p1a: Bronzong|100/100|[from] item: Leftovers
|upkeep
|turn|9
|
|switch|p2a: Girafarig|Girafarig, F|76/100 brn
|-damage|p2a: Girafarig|63/100 brn|[from] Stealth Rock
|move|p1a: Bronzong|Hypnosis||[still]
|-fail|p1a: Bronzong
|
|-damage|p2a: Girafarig|51/100 brn|[from] brn
|upkeep
|turn|10
|
|move|p2a: Girafarig|Hidden Power|p1a: Bronzong
|-supereffective|p1a: Bronzong
|-damage|p1a: Bronzong|73/100
|move|p1a: Bronzong|Hypnosis||[still]
|-fail|p1a: Bronzong
|
|-heal|p1a: Bronzong|79/100|[from] item: Leftovers
|-damage|p2a: Girafarig|38/100 brn|[from] brn
|upkeep
|turn|11
|
|switch|p1a: Starmie|Starmie, shiny|100/100
|-damage|p1a: Starmie|88/100|[from] Stealth Rock
|move|p2a: Girafarig|Hidden Power|p1a: Starmie
|-resisted|p1a: Starmie
|-damage|p1a: Starmie|72/100
|
|-heal|p1a: Starmie|79/100|[from] item: Leftovers
|-damage|p2a: Girafarig|26/100 brn|[from] brn
|upkeep
|turn|12
|
|move|p1a: Starmie|Rapid Spin|p2a: Girafarig
|-damage|p2a: Girafarig|21/100 brn
|-sideend|p1: BUMBACLAAT|Stealth Rock|[from] move: Rapid Spin|[of] p1a: Starmie
|move|p2a: Girafarig|Signal Beam|p1a: Starmie
|-supereffective|p1a: Starmie
|-damage|p1a: Starmie|25/100
|
|-heal|p1a: Starmie|31/100|[from] item: Leftovers
|-damage|p2a: Girafarig|8/100 brn|[from] brn
|upkeep
|turn|13
|
|move|p1a: Starmie|Scald|p2a: Girafarig
|-damage|p2a: Girafarig|0 fnt
|faint|p2a: Girafarig
|
|-heal|p1a: Starmie|37/100|[from] item: Leftovers
|upkeep
|
|switch|p2a: Venusaur|Venusaur, F|88/100
|-damage|p2a: Venusaur|76/100|[from] Stealth Rock
|turn|14
|
|switch|p1a: Bronzong|Bronzong|79/100
|move|p2a: Venusaur|Giga Drain|p1a: Bronzong
|-resisted|p1a: Bronzong
|-damage|p1a: Bronzong|69/100
|-heal|p2a: Venusaur|82/100|[from] drain|[of] p1a: Bronzong
|
|-heal|p1a: Bronzong|75/100|[from] item: Leftovers
|upkeep
|turn|15
|
|move|p2a: Venusaur|Giga Drain|p1a: Bronzong
|-resisted|p1a: Bronzong
|-damage|p1a: Bronzong|64/100
|-heal|p2a: Venusaur|88/100|[from] drain|[of] p1a: Bronzong
|move|p1a: Bronzong|Hypnosis|p2a: Venusaur|[miss]
|-miss|p1a: Bronzong|p2a: Venusaur
|
|-heal|p1a: Bronzong|71/100|[from] item: Leftovers
|upkeep
|turn|16
|
|switch|p2a: Skarmory|Skarmory, F|94/100
|-damage|p2a: Skarmory|82/100|[from] Stealth Rock
|move|p1a: Bronzong|Hypnosis|p2a: Skarmory|[miss]
|-miss|p1a: Bronzong|p2a: Skarmory
|
|-heal|p1a: Bronzong|77/100|[from] item: Leftovers
|upkeep
|turn|17
|
|switch|p1a: Starmie|Starmie, shiny|37/100
|move|p2a: Skarmory|Brave Bird|p1a: Starmie
|-damage|p1a: Starmie|0 fnt
|-damage|p2a: Skarmory|70/100|[from] Recoil
|faint|p1a: Starmie
|
|upkeep
|
|switch|p1a: Haxorus|Haxorus, F, shiny|100/100
|-ability|p1a: Haxorus|Mold Breaker
|turn|18
|
|move|p1a: Haxorus|Swords Dance|p1a: Haxorus
|-boost|p1a: Haxorus|atk|2
|move|p2a: Skarmory|Stealth Rock|p1a: Haxorus
|-sidestart|p1: BUMBACLAAT|move: Stealth Rock
|
|upkeep
|turn|19
|
|move|p1a: Haxorus|Superpower|p2a: Skarmory
|-damage|p2a: Skarmory|16/100
|-damage|p1a: Haxorus|84/100|[from] item: Rocky Helmet|[of] p2a: Skarmory
|-unboost|p1a: Haxorus|atk|1
|-unboost|p1a: Haxorus|def|1
|move|p2a: Skarmory|Whirlwind|p1a: Haxorus
|drag|p1a: Bronzong|Bronzong|77/100
|-damage|p1a: Bronzong|71/100|[from] Stealth Rock
|
|-heal|p1a: Bronzong|77/100|[from] item: Leftovers
|upkeep
|turn|20
|
|move|p2a: Skarmory|Roost|p2a: Skarmory
|-heal|p2a: Skarmory|66/100
|-singleturn|p2a: Skarmory|move: Roost
|move|p1a: Bronzong|Hypnosis|p2a: Skarmory
|-status|p2a: Skarmory|slp|[from] move: Hypnosis
|
|-heal|p1a: Bronzong|83/100|[from] item: Leftovers
|upkeep
|turn|21
|
|cant|p2a: Skarmory|slp
|move|p1a: Bronzong|Gyro Ball|p2a: Skarmory
|-resisted|p2a: Skarmory
|-damage|p2a: Skarmory|60/100 slp
|-damage|p1a: Bronzong|66/100|[from] item: Rocky Helmet|[of] p2a: Skarmory
|
|-heal|p1a: Bronzong|73/100|[from] item: Leftovers
|upkeep
|turn|22
|
|switch|p1a: Garchomp|Garchomp, M|100/100
|-damage|p1a: Garchomp|94/100|[from] Stealth Rock
|cant|p2a: Skarmory|slp
|
|upkeep
|turn|23
|
|move|p1a: Garchomp|Fire Blast|p2a: Skarmory
|-supereffective|p2a: Skarmory
|-damage|p2a: Skarmory|0 fnt
|faint|p2a: Skarmory
|
|upkeep
|
|switch|p2a: Blastoise|Blastoise, M|100/100
|-damage|p2a: Blastoise|88/100|[from] Stealth Rock
|turn|24
|
|switch|p1a: Dusclops|Dusclops, F, shiny|100/100 slp
|-damage|p1a: Dusclops|88/100 slp|[from] Stealth Rock
|-ability|p1a: Dusclops|Pressure
|switch|p2a: Terrakion|Terrakion|100/100
|-damage|p2a: Terrakion|94/100|[from] Stealth Rock
|
|upkeep
|turn|25
|
|switch|p1a: Bronzong|Bronzong|73/100
|-damage|p1a: Bronzong|66/100|[from] Stealth Rock
|move|p2a: Terrakion|Substitute|p2a: Terrakion
|-start|p2a: Terrakion|Substitute
|-damage|p2a: Terrakion|69/100
|
|-heal|p1a: Bronzong|73/100|[from] item: Leftovers
|upkeep
|turn|26
|
|move|p2a: Terrakion|Swords Dance|p2a: Terrakion
|-boost|p2a: Terrakion|atk|2
|move|p1a: Bronzong|Gyro Ball|p2a: Terrakion
|-supereffective|p2a: Terrakion
|-end|p2a: Terrakion|Substitute
|
|-heal|p1a: Bronzong|79/100|[from] item: Leftovers
|upkeep
|turn|27
|
|move|p2a: Terrakion|Close Combat|p1a: Bronzong
|-damage|p1a: Bronzong|0 fnt
|-unboost|p2a: Terrakion|def|1
|-unboost|p2a: Terrakion|spd|1
|faint|p1a: Bronzong
|
|upkeep
|
|switch|p1a: Garchomp|Garchomp, M|94/100
|-damage|p1a: Garchomp|88/100|[from] Stealth Rock
|turn|28
|
|switch|p2a: Blastoise|Blastoise, M|88/100
|-damage|p2a: Blastoise|76/100|[from] Stealth Rock
|move|p1a: Garchomp|Outrage|p2a: Blastoise
|-damage|p2a: Blastoise|21/100
|
|-heal|p2a: Blastoise|27/100|[from] item: Leftovers
|upkeep
|turn|29
|
|move|p1a: Garchomp|Outrage|p2a: Blastoise|[from]lockedmove
|-damage|p2a: Blastoise|0 fnt
|-start|p1a: Garchomp|confusion|[fatigue]
|faint|p2a: Blastoise
|
|upkeep
|
|switch|p2a: Venusaur|Venusaur, F|88/100
|-damage|p2a: Venusaur|76/100|[from] Stealth Rock
|turn|30
|
|switch|p1a: Haxorus|Haxorus, F, shiny|84/100
|-damage|p1a: Haxorus|71/100|[from] Stealth Rock
|-ability|p1a: Haxorus|Mold Breaker
|move|p2a: Venusaur|Hidden Power|p1a: Haxorus
|-supereffective|p1a: Haxorus
|-damage|p1a: Haxorus|13/100
|
|upkeep
|turn|31
|
|move|p2a: Venusaur|Hidden Power|p1a: Haxorus
|-supereffective|p1a: Haxorus
|-damage|p1a: Haxorus|0 fnt
|faint|p1a: Haxorus
|
|upkeep
|
|switch|p1a: Dusclops|Dusclops, F, shiny|88/100 slp
|-damage|p1a: Dusclops|76/100 slp|[from] Stealth Rock
|-ability|p1a: Dusclops|Pressure
|turn|32
|
|switch|p2a: Terrakion|Terrakion|69/100
|-damage|p2a: Terrakion|63/100|[from] Stealth Rock
|cant|p1a: Dusclops|slp
|move|p1a: Dusclops|Sleep Talk|p1a: Dusclops
|move|p1a: Dusclops|Night Shade|p2a: Terrakion|[from]Sleep Talk
|-damage|p2a: Terrakion|32/100
|
|upkeep
|turn|33
|
|move|p2a: Terrakion|Substitute|p2a: Terrakion
|-start|p2a: Terrakion|Substitute
|-damage|p2a: Terrakion|7/100
|cant|p1a: Dusclops|slp
|move|p1a: Dusclops|Sleep Talk|p1a: Dusclops
|move|p1a: Dusclops|Will-O-Wisp||[from]Sleep Talk|[still]
|-fail|p1a: Dusclops
|
|upkeep
|turn|34
|
|move|p2a: Terrakion|Swords Dance|p2a: Terrakion
|-boost|p2a: Terrakion|atk|2
|-curestatus|p1a: Dusclops|slp|[msg]
|move|p1a: Dusclops|Night Shade|p2a: Terrakion
|-end|p2a: Terrakion|Substitute
|
|upkeep
|turn|35
|
|switch|p1a: Dragonite|Dragonite, M|100/100
|-damage|p1a: Dragonite|76/100|[from] Stealth Rock
|move|p2a: Terrakion|Rock Slide|p1a: Dragonite
|-supereffective|p1a: Dragonite
|-crit|p1a: Dragonite
|-damage|p1a: Dragonite|0 fnt
|faint|p1a: Dragonite
|
|upkeep
|
|switch|p1a: Garchomp|Garchomp, M|88/100
|-damage|p1a: Garchomp|82/100|[from] Stealth Rock
|turn|36
|
|move|p1a: Garchomp|Outrage|p2a: Terrakion
|-damage|p2a: Terrakion|0 fnt
|faint|p2a: Terrakion
|
|upkeep
|
|switch|p2a: Venusaur|Venusaur, F|76/100
|-damage|p2a: Venusaur|63/100|[from] Stealth Rock
|turn|37
|
|move|p1a: Garchomp|Outrage|p2a: Venusaur|[from]lockedmove
|-damage|p2a: Venusaur|0 fnt
|-start|p1a: Garchomp|confusion|[fatigue]
|faint|p2a: Venusaur
|
|upkeep
|-message|GrinchsBankAccount forfeited.
|
|win|BUMBACLAAT
|l|☆GrinchsBankAccount
|raw|BUMBACLAAT's rating: 1351 &rarr; <strong>1369</strong><br />(+18 for winning)
|raw|GrinchsBankAccount's rating: 1324 &rarr; <strong>1306</strong><br />(-18 for losing)
