|j|☆August Moon
|j|☆MCDTeach
|player|p1|August Moon|101
|teamsize|p1|6
|player|p2|MCDTeach|87
|teamsize|p2|6
|gametype|singles
|gen|5
|tier|[Gen 5] OU
|rated|
|rule|Sleep Clause Mod: Limit one foe put to sleep
|rule|Species Clause: Limit one of each Pokémon
|rule|OHKO Clause: OHKO moves are banned
|rule|Moody Clause: Moody is banned
|rule|Evasion Moves Clause: Evasion moves are banned
|rule|Endless Battle Clause: Forcing endless battles is banned
|rule|HP Percentage Mod: HP is shown in percentages
|rule|Evasion Abilities Clause: Evasion abilities are banned
|rule|Baton Pass Clause: Limit one Baton Passer, can't pass Spe and other stats simultaneously
|rule|Swagger Clause: Swagger is banned
|clearpoke
|poke|p1|Tyranitar, M|item
|poke|p1|Landorus-Therian, M|item
|poke|p1|Terrakion|item
|poke|p1|Excadrill, M|item
|poke|p1|Amoonguss, M|item
|poke|p1|Latios, M|item
|poke|p2|Hippowdon, F|item
|poke|p2|Jirachi|item
|poke|p2|Gliscor, F|item
|poke|p2|Ferrothorn, F|item
|poke|p2|Slowking, F|item
|poke|p2|Terrakion|item
|teampreview
|
|start
|switch|p1a: Landorus|Landorus-Therian, M|100/100
|switch|p2a: VERTIGO|Ferrothorn, F|100/100
|-ability|p1a: Landorus|Intimidate|boost
|-unboost|p2a: VERTIGO|atk|1
|turn|1
|
|move|p1a: Landorus|Earthquake|p2a: VERTIGO
|-damage|p2a: VERTIGO|68/100
|move|p2a: VERTIGO|Spikes|p1a: Landorus
|-sidestart|p1: August Moon|Spikes
|
|-heal|p2a: VERTIGO|74/100|[from] item: Leftovers
|upkeep
|turn|2
|
|move|p1a: Landorus|Earthquake|p2a: VERTIGO
|-damage|p2a: VERTIGO|44/100
|move|p2a: VERTIGO|Leech Seed|p1a: Landorus
|-start|p1a: Landorus|move: Leech Seed
|
|-heal|p2a: VERTIGO|50/100|[from] item: Leftovers
|-damage|p1a: Landorus|88/100|[from] Leech Seed|[of] p2a: VERTIGO
|-heal|p2a: VERTIGO|64/100|[silent]
|upkeep
|turn|3
|
|switch|p1a: Amoonguss|Amoonguss, M|100/100
|-damage|p1a: Amoonguss|88/100|[from] Spikes
|move|p2a: VERTIGO|Spikes|p1a: Amoonguss
|-sidestart|p1: August Moon|Spikes
|
|-heal|p1a: Amoonguss|94/100|[from] item: Black Sludge
|-heal|p2a: VERTIGO|70/100|[from] item: Leftovers
|upkeep
|turn|4
|
|move|p2a: VERTIGO|Protect|p2a: VERTIGO
|-singleturn|p2a: VERTIGO|Protect
|move|p1a: Amoonguss|Spore|p2a: VERTIGO
|-activate|p2a: VERTIGO|move: Protect
|
|-heal|p1a: Amoonguss|100/100|[from] item: Black Sludge
|-heal|p2a: VERTIGO|76/100|[from] item: Leftovers
|upkeep
|turn|5
|
|move|p1a: Amoonguss|Spore|p2a: VERTIGO
|-status|p2a: VERTIGO|slp
|cant|p2a: VERTIGO|slp
|
|-heal|p2a: VERTIGO|83/100 slp|[from] item: Leftovers
|upkeep
|turn|6
|
|switch|p2a: YOUNG BLOOD|Jirachi|100/100
|move|p1a: Amoonguss|Hidden Power|p2a: YOUNG BLOOD
|-supereffective|p2a: YOUNG BLOOD
|-damage|p2a: YOUNG BLOOD|71/100
|
|-heal|p2a: YOUNG BLOOD|77/100|[from] item: Leftovers
|upkeep
|turn|7
|
|switch|p1a: Excadrill|Excadrill, M|100/100
|-damage|p1a: Excadrill|84/100|[from] Spikes
|move|p2a: YOUNG BLOOD|Psychic|p1a: Excadrill
|-resisted|p1a: Excadrill
|-damage|p1a: Excadrill|56/100
|
|-heal|p2a: YOUNG BLOOD|83/100|[from] item: Leftovers
|upkeep
|turn|8
|inactive|Battle timer is ON: inactive players will automatically lose when time's up. (requested by MCDTeach)
|inactive|MCDTeach has 135 seconds left.
|
|switch|p2a: HEADS WILL ROLL|Hippowdon, F|100/100
|-weather|Sandstorm|[from] ability: Sand Stream|[of] p2a: HEADS WILL ROLL
|move|p1a: Excadrill|Rapid Spin|p2a: HEADS WILL ROLL
|-damage|p2a: HEADS WILL ROLL|96/100
|-sideend|p1: August Moon|Spikes|[from] move: Rapid Spin|[of] p1a: Excadrill
|
|-weather|Sandstorm|[upkeep]
|-heal|p2a: HEADS WILL ROLL|100/100|[from] item: Leftovers
|upkeep
|turn|9
|
|switch|p1a: Amoonguss|Amoonguss, M|100/100
|move|p2a: HEADS WILL ROLL|Stealth Rock|p1a: Amoonguss
|-sidestart|p1: August Moon|move: Stealth Rock
|
|-weather|Sandstorm|[upkeep]
|-damage|p1a: Amoonguss|94/100|[from] sandstorm
|-heal|p1a: Amoonguss|100/100|[from] item: Black Sludge
|upkeep
|turn|10
|inactive|MCDTeach has 135 seconds left.
|
|switch|p2a: YOUNG BLOOD|Jirachi|83/100
|move|p1a: Amoonguss|Giga Drain|p2a: YOUNG BLOOD
|-resisted|p2a: YOUNG BLOOD
|-damage|p2a: YOUNG BLOOD|71/100
|
|-weather|Sandstorm|[upkeep]
|-damage|p1a: Amoonguss|94/100|[from] sandstorm
|-heal|p2a: YOUNG BLOOD|77/100|[from] item: Leftovers
|-heal|p1a: Amoonguss|100/100|[from] item: Black Sludge
|upkeep
|turn|11
|
|switch|p1a: Tyranitar|Tyranitar, M|100/100
|-damage|p1a: Tyranitar|88/100|[from] Stealth Rock
|move|p2a: YOUNG BLOOD|Energy Ball|p1a: Tyranitar
|-supereffective|p1a: Tyranitar
|-damage|p1a: Tyranitar|65/100
|
|-weather|Sandstorm|[upkeep]
|-heal|p2a: YOUNG BLOOD|83/100|[from] item: Leftovers
|upkeep
|turn|12
|inactive|MCDTeach has 135 seconds left.
|
|switch|p2a: HEADS WILL ROLL|Hippowdon, F|100/100
|move|p1a: Tyranitar|Stealth Rock|p2a: HEADS WILL ROLL
|-sidestart|p2: MCDTeach|move: Stealth Rock
|
|-weather|Sandstorm|[upkeep]
|upkeep
|turn|13
|
|switch|p1a: Latios|Latios, M|100/100
|-damage|p1a: Latios|88/100|[from] Stealth Rock
|move|p2a: HEADS WILL ROLL|Whirlwind|p1a: Latios
|drag|p1a: Terrakion|Terrakion|100/100
|-damage|p1a: Terrakion|94/100|[from] Stealth Rock
|
|-weather|Sandstorm|[upkeep]
|upkeep
|turn|14
|
|switch|p1a: Latios|Latios, M|88/100
|-damage|p1a: Latios|76/100|[from] Stealth Rock
|move|p2a: HEADS WILL ROLL|Earthquake|p1a: Latios
|-immune|p1a: Latios|[msg]|[from] ability: Levitate
|
|-weather|Sandstorm|[upkeep]
|-damage|p1a: Latios|70/100|[from] sandstorm
|upkeep
|turn|15
|
|switch|p2a: VERTIGO|Ferrothorn, F|83/100 slp
|-damage|p2a: VERTIGO|76/100 slp|[from] Stealth Rock
|move|p1a: Latios|Trick|p2a: VERTIGO
|-activate|p1a: Latios|move: Trick|[of] p2a: VERTIGO
|-item|p2a: VERTIGO|Choice Specs|[from] move: Trick
|-item|p1a: Latios|Leftovers|[from] move: Trick
|
|-weather|Sandstorm|[upkeep]
|-damage|p1a: Latios|64/100|[from] sandstorm
|-heal|p1a: Latios|70/100|[from] item: Leftovers
|upkeep
|turn|16
|
|switch|p1a: Landorus|Landorus-Therian, M|88/100
|-damage|p1a: Landorus|76/100|[from] Stealth Rock
|-ability|p1a: Landorus|Intimidate|boost
|-unboost|p2a: VERTIGO|atk|1
|switch|p2a: FORTUNE DAYS|Slowking, F|100/100
|-damage|p2a: FORTUNE DAYS|88/100|[from] Stealth Rock
|
|-weather|Sandstorm|[upkeep]
|-damage|p2a: FORTUNE DAYS|82/100|[from] sandstorm
|-heal|p2a: FORTUNE DAYS|88/100|[from] item: Leftovers
|upkeep
|turn|17
|
|move|p1a: Landorus|U-turn|p2a: FORTUNE DAYS
|-supereffective|p2a: FORTUNE DAYS
|-damage|p2a: FORTUNE DAYS|50/100
|
|switch|p1a: Tyranitar|Tyranitar, M|65/100
|-damage|p1a: Tyranitar|52/100|[from] Stealth Rock
|move|p2a: FORTUNE DAYS|Scald|p1a: Tyranitar
|-supereffective|p1a: Tyranitar
|-crit|p1a: Tyranitar
|-damage|p1a: Tyranitar|0 fnt
|faint|p1a: Tyranitar
|
|-weather|Sandstorm|[upkeep]
|-damage|p2a: FORTUNE DAYS|44/100|[from] sandstorm
|-heal|p2a: FORTUNE DAYS|50/100|[from] item: Leftovers
|upkeep
|inactive|August Moon has 135 seconds left.
|inactive|August Moon has 120 seconds left.
|
|switch|p1a: Excadrill|Excadrill, M|56/100
|-damage|p1a: Excadrill|53/100|[from] Stealth Rock
|turn|18
|
|switch|p2a: HEADS WILL ROLL|Hippowdon, F|100/100
|-damage|p2a: HEADS WILL ROLL|94/100|[from] Stealth Rock
|move|p1a: Excadrill|Earthquake|p2a: HEADS WILL ROLL
|-damage|p2a: HEADS WILL ROLL|55/100
|
|-weather|Sandstorm|[upkeep]
|-heal|p2a: HEADS WILL ROLL|61/100|[from] item: Leftovers
|upkeep
|turn|19
|
|switch|p1a: Latios|Latios, M|70/100
|-damage|p1a: Latios|58/100|[from] Stealth Rock
|move|p2a: HEADS WILL ROLL|Slack Off|p2a: HEADS WILL ROLL
|-heal|p2a: HEADS WILL ROLL|100/100
|
|-weather|Sandstorm|[upkeep]
|-damage|p1a: Latios|52/100|[from] sandstorm
|-heal|p1a: Latios|58/100|[from] item: Leftovers
|upkeep
|turn|20
|
|switch|p2a: VERTIGO|Ferrothorn, F|76/100 slp
|-damage|p2a: VERTIGO|70/100 slp|[from] Stealth Rock
|move|p1a: Latios|Surf|p2a: VERTIGO
|-resisted|p2a: VERTIGO
|-damage|p2a: VERTIGO|59/100 slp
|
|-weather|Sandstorm|[upkeep]
|-damage|p1a: Latios|52/100|[from] sandstorm
|-heal|p1a: Latios|58/100|[from] item: Leftovers
|upkeep
|turn|21
|
|switch|p1a: Terrakion|Terrakion|94/100
|-damage|p1a: Terrakion|88/100|[from] Stealth Rock
|cant|p2a: VERTIGO|slp
|
|-weather|Sandstorm|[upkeep]
|upkeep
|turn|22
|inactive|MCDTeach has 135 seconds left.
|
|switch|p2a: FORTUNE DAYS|Slowking, F|83/100
|-damage|p2a: FORTUNE DAYS|71/100|[from] Stealth Rock
|move|p1a: Terrakion|Close Combat|p2a: FORTUNE DAYS
|-resisted|p2a: FORTUNE DAYS
|-damage|p2a: FORTUNE DAYS|36/100
|-unboost|p1a: Terrakion|def|1
|-unboost|p1a: Terrakion|spd|1
|-damage|p1a: Terrakion|78/100|[from] item: Life Orb
|
|-weather|Sandstorm|[upkeep]
|-damage|p2a: FORTUNE DAYS|30/100|[from] sandstorm
|-heal|p2a: FORTUNE DAYS|36/100|[from] item: Leftovers
|upkeep
|turn|23
|
|move|p1a: Terrakion|Stone Edge|p2a: FORTUNE DAYS
|-damage|p2a: FORTUNE DAYS|0 fnt
|-damage|p1a: Terrakion|68/100|[from] item: Life Orb
|faint|p2a: FORTUNE DAYS
|
|-weather|Sandstorm|[upkeep]
|upkeep
|
|switch|p2a: POWER|Terrakion|100/100
|-damage|p2a: POWER|94/100|[from] Stealth Rock
|turn|24
|inactive|August Moon has 135 seconds left.
|
|switch|p1a: Landorus|Landorus-Therian, M|76/100
|-damage|p1a: Landorus|63/100|[from] Stealth Rock
|-ability|p1a: Landorus|Intimidate|boost
|-unboost|p2a: POWER|atk|1
|move|p2a: POWER|Close Combat|p1a: Landorus
|-resisted|p1a: Landorus
|-damage|p1a: Landorus|48/100
|-damage|p2a: POWER|78/100|[from] item: Rocky Helmet|[of] p1a: Landorus
|-unboost|p2a: POWER|def|1
|-unboost|p2a: POWER|spd|1
|
|-weather|Sandstorm|[upkeep]
|upkeep
|turn|25
|inactive|August Moon has 135 seconds left.
|
|switch|p2a: HEADS WILL ROLL|Hippowdon, F|100/100
|-damage|p2a: HEADS WILL ROLL|94/100|[from] Stealth Rock
|move|p1a: Landorus|U-turn|p2a: HEADS WILL ROLL
|-damage|p2a: HEADS WILL ROLL|83/100
|
|switch|p1a: Latios|Latios, M|58/100
|-damage|p1a: Latios|45/100|[from] Stealth Rock
|
|-weather|Sandstorm|[upkeep]
|-damage|p1a: Latios|39/100|[from] sandstorm
|-heal|p1a: Latios|45/100|[from] item: Leftovers
|-heal|p2a: HEADS WILL ROLL|90/100|[from] item: Leftovers
|upkeep
|turn|26
|inactive|MCDTeach has 135 seconds left.
|
|move|p1a: Latios|Surf|p2a: HEADS WILL ROLL
|-supereffective|p2a: HEADS WILL ROLL
|-damage|p2a: HEADS WILL ROLL|25/100
|move|p2a: HEADS WILL ROLL|Whirlwind|p1a: Latios
|drag|p1a: Landorus|Landorus-Therian, M|48/100
|-damage|p1a: Landorus|36/100|[from] Stealth Rock
|-ability|p1a: Landorus|Intimidate|boost
|-unboost|p2a: HEADS WILL ROLL|atk|1
|
|-weather|Sandstorm|[upkeep]
|-heal|p2a: HEADS WILL ROLL|31/100|[from] item: Leftovers
|upkeep
|turn|27
|inactive|August Moon has 135 seconds left.
|inactive|August Moon has 120 seconds left.
|inactive|August Moon has 105 seconds left.
|
|move|p1a: Landorus|Hidden Power|p2a: HEADS WILL ROLL
|-supereffective|p2a: HEADS WILL ROLL
|-damage|p2a: HEADS WILL ROLL|0 fnt
|faint|p2a: HEADS WILL ROLL
|
|-weather|Sandstorm|[upkeep]
|upkeep
|
|switch|p2a: YOUNG BLOOD|Jirachi|83/100
|-damage|p2a: YOUNG BLOOD|77/100|[from] Stealth Rock
|turn|28
|inactive|August Moon has 135 seconds left.
|inactive|August Moon has 120 seconds left.
|inactive|August Moon has 105 seconds left.
|
|switch|p1a: Excadrill|Excadrill, M|53/100
|-damage|p1a: Excadrill|50/100|[from] Stealth Rock
|move|p2a: YOUNG BLOOD|Icy Wind|p1a: Excadrill
|-damage|p1a: Excadrill|28/100
|-unboost|p1a: Excadrill|spe|1
|
|-weather|Sandstorm|[upkeep]
|-heal|p2a: YOUNG BLOOD|83/100|[from] item: Leftovers
|upkeep
|turn|29
|inactive|August Moon has 135 seconds left.
|
|switch|p1a: Latios|Latios, M|45/100
|-damage|p1a: Latios|33/100|[from] Stealth Rock
|move|p2a: YOUNG BLOOD|Hidden Power|p1a: Latios
|-resisted|p1a: Latios
|-damage|p1a: Latios|21/100
|
|-weather|Sandstorm|[upkeep]
|-damage|p1a: Latios|15/100|[from] sandstorm
|-heal|p1a: Latios|21/100|[from] item: Leftovers
|-heal|p2a: YOUNG BLOOD|90/100|[from] item: Leftovers
|upkeep
|turn|30
|
|move|p1a: Latios|Surf|p2a: YOUNG BLOOD
|-damage|p2a: YOUNG BLOOD|54/100
|move|p2a: YOUNG BLOOD|Icy Wind|p1a: Latios
|-supereffective|p1a: Latios
|-damage|p1a: Latios|0 fnt
|faint|p1a: Latios
|
|-weather|Sandstorm|[upkeep]
|-heal|p2a: YOUNG BLOOD|61/100|[from] item: Leftovers
|upkeep
|
|switch|p1a: Terrakion|Terrakion|68/100
|-damage|p1a: Terrakion|62/100|[from] Stealth Rock
|turn|31
|inactive|MCDTeach has 135 seconds left.
|
|switch|p2a: ODYSSEY|Gliscor, F|100/100
|-damage|p2a: ODYSSEY|88/100|[from] Stealth Rock
|move|p1a: Terrakion|Close Combat|p2a: ODYSSEY
|-resisted|p2a: ODYSSEY
|-damage|p2a: ODYSSEY|52/100
|-unboost|p1a: Terrakion|def|1
|-unboost|p1a: Terrakion|spd|1
|-damage|p1a: Terrakion|52/100|[from] item: Life Orb
|
|-weather|Sandstorm|[upkeep]
|upkeep
|turn|32
|inactive|August Moon has 135 seconds left.
|
|move|p1a: Terrakion|Stone Edge|p2a: ODYSSEY|[miss]
|-miss|p1a: Terrakion|p2a: ODYSSEY
|move|p2a: ODYSSEY|Earthquake|p1a: Terrakion
|-supereffective|p1a: Terrakion
|-damage|p1a: Terrakion|0 fnt
|faint|p1a: Terrakion
|
|-weather|Sandstorm|[upkeep]
|upkeep
|
|switch|p1a: Landorus|Landorus-Therian, M|36/100
|-damage|p1a: Landorus|23/100|[from] Stealth Rock
|-ability|p1a: Landorus|Intimidate|boost
|-fail|p2a: ODYSSEY|unboost|Attack|[from] ability: Hyper Cutter|[of] p2a: ODYSSEY
|turn|33
|inactive|MCDTeach has 135 seconds left.
|
|switch|p2a: YOUNG BLOOD|Jirachi|61/100
|-damage|p2a: YOUNG BLOOD|54/100|[from] Stealth Rock
|move|p1a: Landorus|Gravity|p1a: Landorus
|-fieldstart|move: Gravity
|
|-weather|Sandstorm|[upkeep]
|-heal|p2a: YOUNG BLOOD|61/100|[from] item: Leftovers
|upkeep
|turn|34
|
|move|p2a: YOUNG BLOOD|Icy Wind|p1a: Landorus
|-supereffective|p1a: Landorus
|-damage|p1a: Landorus|0 fnt
|faint|p1a: Landorus
|
|-weather|Sandstorm|[upkeep]
|-heal|p2a: YOUNG BLOOD|67/100|[from] item: Leftovers
|upkeep
|
|switch|p1a: Excadrill|Excadrill, M|28/100
|-damage|p1a: Excadrill|25/100|[from] Stealth Rock
|turn|35
|inactive|MCDTeach has 135 seconds left.
|
|switch|p2a: ODYSSEY|Gliscor, F|52/100
|-damage|p2a: ODYSSEY|40/100|[from] Stealth Rock
|move|p1a: Excadrill|Earthquake|p2a: ODYSSEY
|-damage|p2a: ODYSSEY|0 fnt
|faint|p2a: ODYSSEY
|
|-weather|Sandstorm|[upkeep]
|upkeep
|
|switch|p2a: POWER|Terrakion|78/100
|-damage|p2a: POWER|72/100|[from] Stealth Rock
|turn|36
|
|switch|p1a: Amoonguss|Amoonguss, M|100/100
|-damage|p1a: Amoonguss|88/100|[from] Stealth Rock
|move|p2a: POWER|Stone Edge|p1a: Amoonguss
|-damage|p1a: Amoonguss|36/100
|
|-weather|Sandstorm|[upkeep]
|-damage|p1a: Amoonguss|29/100|[from] sandstorm
|-heal|p1a: Amoonguss|36/100|[from] item: Black Sludge
|upkeep
|turn|37
|
|switch|p2a: YOUNG BLOOD|Jirachi|67/100
|-damage|p2a: YOUNG BLOOD|61/100|[from] Stealth Rock
|move|p1a: Amoonguss|Giga Drain|p2a: YOUNG BLOOD
|-resisted|p2a: YOUNG BLOOD
|-damage|p2a: YOUNG BLOOD|49/100
|-heal|p1a: Amoonguss|40/100|[from] drain|[of] p2a: YOUNG BLOOD
|
|-weather|Sandstorm|[upkeep]
|-damage|p1a: Amoonguss|34/100|[from] sandstorm
|-heal|p2a: YOUNG BLOOD|55/100|[from] item: Leftovers
|-heal|p1a: Amoonguss|40/100|[from] item: Black Sludge
|-fieldend|move: Gravity
|upkeep
|turn|38
|
|move|p2a: YOUNG BLOOD|Psychic|p1a: Amoonguss
|-supereffective|p1a: Amoonguss
|-damage|p1a: Amoonguss|0 fnt
|faint|p1a: Amoonguss
|
|-weather|Sandstorm|[upkeep]
|-heal|p2a: YOUNG BLOOD|61/100|[from] item: Leftovers
|upkeep
|
|switch|p1a: Excadrill|Excadrill, M|25/100
|-damage|p1a: Excadrill|22/100|[from] Stealth Rock
|turn|39
|
|move|p1a: Excadrill|Earthquake|p2a: YOUNG BLOOD
|-supereffective|p2a: YOUNG BLOOD
|-damage|p2a: YOUNG BLOOD|0 fnt
|faint|p2a: YOUNG BLOOD
|
|-weather|Sandstorm|[upkeep]
|upkeep
|
|switch|p2a: POWER|Terrakion|72/100
|-damage|p2a: POWER|66/100|[from] Stealth Rock
|turn|40
|
|move|p2a: POWER|Close Combat|p1a: Excadrill
|-supereffective|p1a: Excadrill
|-damage|p1a: Excadrill|0 fnt
|-unboost|p2a: POWER|def|1
|-unboost|p2a: POWER|spd|1
|faint|p1a: Excadrill
|
|win|MCDTeach
|raw|August Moon's rating: 1559 &rarr; <strong>1532</strong><br />(-27 for losing)
|raw|MCDTeach's rating: 1449 &rarr; <strong>1475</strong><br />(+26 for winning)
|c|☆MCDTeach|gg
