|j|☆Saturnette
|j|☆zenadark
|t:|1729298942
|gametype|singles
|player|p1|Saturnette|102|1368
|player|p2|zenadark|#stt5noadkokoroyal|1365
|teamsize|p1|6
|teamsize|p2|6
|gen|5
|tier|[Gen 5] OU
|rated|
|rule|Species Clause: Limit one of each Pokémon
|rule|OHKO Clause: OHKO moves are banned
|rule|Moody Clause: Moody is banned
|rule|Evasion Items Clause: Evasion items are banned
|rule|Evasion Moves Clause: Evasion moves are banned
|rule|Endless Battle Clause: Forcing endless battles is banned
|rule|HP Percentage Mod: HP is shown in percentages
|rule|Evasion Abilities Clause: Evasion abilities are banned
|rule|Sleep Moves Clause: Sleep-inducing moves are banned
|rule|Swagger Clause: Swagger is banned
|rule|Baton Pass Stat Clause: No Baton Passer may have a way to boost its stats
|clearpoke
|poke|p1|Salamence, M|item
|poke|p1|Kyurem-Black|item
|poke|p1|Garchomp, M|item
|poke|p1|Scizor, M|item
|poke|p1|Alakazam, F|item
|poke|p1|Magnezone|item
|poke|p2|Keldeo-Resolute|item
|poke|p2|Politoed, M|item
|poke|p2|Scizor, F|item
|poke|p2|Thundurus-Therian, M|item
|poke|p2|Ferrothorn, F|item
|poke|p2|Starmie|item
|teampreview
|
|t:|1729298957
|start
|switch|p1a: Garchomp|Garchomp, M, shiny|100/100
|switch|p2a: Politoed|Politoed, M, shiny|100/100
|-weather|RainDance|[from] ability: Drizzle|[of] p2a: Politoed
|turn|1
|
|t:|1729298975
|move|p1a: Garchomp|Stealth Rock|p2a: Politoed
|-sidestart|p2: zenadark|move: Stealth Rock
|move|p2a: Politoed|Hydro Pump|p1a: Garchomp
|-enditem|p1a: Garchomp|Focus Sash
|-damage|p1a: Garchomp|1/100
|
|-weather|RainDance|[upkeep]
|upkeep
|turn|2
|
|t:|1729298988
|switch|p2a: Ferrothorn|Ferrothorn, F|100/100
|-damage|p2a: Ferrothorn|94/100|[from] Stealth Rock
|move|p1a: Garchomp|Earthquake|p2a: Ferrothorn
|-damage|p2a: Ferrothorn|58/100
|
|-weather|RainDance|[upkeep]
|upkeep
|turn|3
|
|t:|1729299000
|move|p1a: Garchomp|Earthquake|p2a: Ferrothorn
|-damage|p2a: Ferrothorn|21/100
|move|p2a: Ferrothorn|Stealth Rock|p1a: Garchomp
|-sidestart|p1: Saturnette|move: Stealth Rock
|
|-weather|RainDance|[upkeep]
|upkeep
|turn|4
|
|t:|1729299009
|move|p1a: Garchomp|Earthquake|p2a: Ferrothorn
|-damage|p2a: Ferrothorn|0 fnt
|faint|p2a: Ferrothorn
|
|-weather|RainDance|[upkeep]
|upkeep
|
|t:|1729299013
|switch|p2a: Starmie|Starmie, shiny|100/100
|-damage|p2a: Starmie|88/100|[from] Stealth Rock
|turn|5
|
|t:|1729299017
|move|p2a: Starmie|Rapid Spin|p1a: Garchomp
|-damage|p1a: Garchomp|0 fnt
|-damage|p2a: Starmie|76/100|[from] ability: Rough Skin|[of] p1a: Garchomp
|-sideend|p2: zenadark|Stealth Rock|[from] move: Rapid Spin|[of] p2a: Starmie
|faint|p1a: Garchomp
|
|-weather|RainDance|[upkeep]
|upkeep
|
|t:|1729299021
|switch|p1a: Magnezone|Magnezone, shiny|100/100
|-damage|p1a: Magnezone|94/100|[from] Stealth Rock
|-item|p1a: Magnezone|Air Balloon
|turn|6
|
|t:|1729299026
|switch|p2a: Thundurus|Thundurus-Therian, M|100/100
|move|p1a: Magnezone|Flash Cannon|p2a: Thundurus
|-resisted|p2a: Thundurus
|-damage|p2a: Thundurus|69/100
|
|-weather|RainDance|[upkeep]
|upkeep
|turn|7
|
|t:|1729299029
|move|p2a: Thundurus|Focus Blast|p1a: Magnezone|[miss]
|-miss|p2a: Thundurus|p1a: Magnezone
|move|p1a: Magnezone|Flash Cannon|p2a: Thundurus
|-resisted|p2a: Thundurus
|-damage|p2a: Thundurus|39/100
|
|-weather|RainDance|[upkeep]
|upkeep
|turn|8
|
|t:|1729299034
|move|p2a: Thundurus|Focus Blast|p1a: Magnezone
|-supereffective|p1a: Magnezone
|-damage|p1a: Magnezone|0 fnt
|-enditem|p1a: Magnezone|Air Balloon
|faint|p1a: Magnezone
|
|-weather|RainDance|[upkeep]
|upkeep
|
|t:|1729299038
|switch|p1a: Scizor|Scizor, M, shiny|100/100
|-damage|p1a: Scizor|88/100|[from] Stealth Rock
|turn|9
|
|t:|1729299041
|move|p2a: Thundurus|Thunder|p1a: Scizor
|-damage|p1a: Scizor|0 fnt
|faint|p1a: Scizor
|
|-weather|RainDance|[upkeep]
|upkeep
|
|t:|1729299048
|switch|p1a: Alakazam|Alakazam, F, shiny|100/100
|turn|10
|
|t:|1729299052
|move|p1a: Alakazam|Psychic|p2a: Thundurus
|-damage|p2a: Thundurus|0 fnt
|faint|p2a: Thundurus
|
|-weather|RainDance|[upkeep]
|upkeep
|
|t:|1729299055
|switch|p2a: Scizor|Scizor, F|100/100
|turn|11
|
|t:|1729299059
|move|p1a: Alakazam|Focus Blast|p2a: Scizor|[miss]
|-miss|p1a: Alakazam|p2a: Scizor
|move|p2a: Scizor|U-turn|p1a: Alakazam
|-supereffective|p1a: Alakazam
|-enditem|p1a: Alakazam|Focus Sash
|-damage|p1a: Alakazam|1/100
|
|t:|1729299065
|switch|p2a: Starmie|Starmie, shiny|76/100|[from] U-turn
|
|-weather|RainDance|[upkeep]
|upkeep
|turn|12
|
|t:|1729299072
|move|p2a: Starmie|Ice Beam|p1a: Alakazam
|-damage|p1a: Alakazam|0 fnt
|faint|p1a: Alakazam
|
|-weather|RainDance|[upkeep]
|upkeep
|
|t:|1729299081
|switch|p1a: Kyurem|Kyurem-Black, shiny|100/100
|-damage|p1a: Kyurem|76/100|[from] Stealth Rock
|-ability|p1a: Kyurem|Teravolt
|turn|13
|
|t:|1729299086
|move|p2a: Starmie|Ice Beam|p1a: Kyurem
|-damage|p1a: Kyurem|47/100
|move|p1a: Kyurem|Fusion Bolt|p2a: Starmie
|-supereffective|p2a: Starmie
|-crit|p2a: Starmie
|-damage|p2a: Starmie|0 fnt
|faint|p2a: Starmie
|
|-weather|RainDance|[upkeep]
|upkeep
|
|t:|1729299089
|switch|p2a: Scizor|Scizor, F|100/100
|turn|14
|
|t:|1729299092
|move|p2a: Scizor|Bullet Punch|p1a: Kyurem
|-supereffective|p1a: Kyurem
|-damage|p1a: Kyurem|0 fnt
|faint|p1a: Kyurem
|
|-weather|RainDance|[upkeep]
|upkeep
|
|t:|1729299095
|switch|p1a: Salamence|Salamence, M, shiny|100/100
|-damage|p1a: Salamence|76/100|[from] Stealth Rock
|turn|15
|
|t:|1729299099
|move|p2a: Scizor|Bullet Punch|p1a: Salamence
|-damage|p1a: Salamence|7/100
|move|p1a: Salamence|Outrage|p2a: Scizor
|-resisted|p2a: Scizor
|-damage|p2a: Scizor|59/100
|
|-weather|RainDance|[upkeep]
|upkeep
|turn|16
|
|t:|1729299104
|move|p2a: Scizor|Bullet Punch|p1a: Salamence
|-damage|p1a: Salamence|0 fnt
|faint|p1a: Salamence
|
|win|zenadark
|raw|Saturnette's rating: 1368 &rarr; <strong>1348</strong><br />(-20 for losing)
|raw|zenadark's rating: 1365 &rarr; <strong>1385</strong><br />(+20 for winning)
|l|☆Saturnette
|player|p1|
|l|☆zenadark
|player|p2|
|j|☆Saturnette
|player|p1|Saturnette|102|
