|j|‽dhklserdtfyguhi
|j|☆BWRlastaltIswear
|t:|1719594200
|gametype|singles
|player|p1|dhklserdtfyguhi|acetrainer-gen4dp|1264
|player|p2|BWRlastaltIswear|medium|1366
|teamsize|p1|6
|teamsize|p2|6
|gen|5
|tier|[Gen 5] OU
|rated|
|rule|Species Clause: Limit one of each Pokémon
|rule|OHKO Clause: OHKO moves are banned
|rule|Moody Clause: Moody is banned
|rule|Evasion Items Clause: Evasion items are banned
|rule|Evasion Moves Clause: Evasion moves are banned
|rule|Endless Battle Clause: Forcing endless battles is banned
|rule|HP Percentage Mod: HP is shown in percentages
|rule|Evasion Abilities Clause: Evasion abilities are banned
|rule|Sleep Moves Clause: Sleep-inducing moves are banned
|rule|Swagger Clause: Swagger is banned
|rule|Baton Pass Stat Clause: No Baton Passer may have a way to boost its stats
|clearpoke
|poke|p1|Tyranitar, F|item
|poke|p1|Gliscor, M|item
|poke|p1|Skarmory, M|item
|poke|p1|Latios, M|item
|poke|p1|Reuniclus, M|item
|poke|p1|Alakazam, F|item
|poke|p2|Tornadus, M|item
|poke|p2|Breloom, M|item
|poke|p2|Politoed, F|item
|poke|p2|Jirachi|item
|poke|p2|Tentacruel, F|item
|poke|p2|Landorus-Therian, M|item
|teampreview
|inactive|Battle timer is ON: inactive players will automatically lose when time's up. (requested by BWRlastaltIswear)
|
|t:|1719594210
|start
|switch|p1a: Gliscor|Gliscor, M|100/100
|switch|p2a: Breloom|Breloom, M|100/100
|turn|1
|
|t:|1719594214
|move|p2a: Breloom|Protect|p2a: Breloom
|-singleturn|p2a: Breloom|Protect
|move|p1a: Gliscor|Stealth Rock|p2a: Breloom
|-sidestart|p2: BWRlastaltIswear|move: Stealth Rock
|
|-status|p1a: Gliscor|tox|[from] item: Toxic Orb
|-status|p2a: Breloom|tox|[from] item: Toxic Orb
|upkeep
|turn|2
|
|t:|1719594217
|switch|p1a: Skarmory|Skarmory, M|100/100
|move|p2a: Breloom|Swords Dance|p2a: Breloom
|-boost|p2a: Breloom|atk|2
|
|upkeep
|turn|3
|
|t:|1719594226
|switch|p2a: Tentacruel|Tentacruel, F|100/100
|-damage|p2a: Tentacruel|88/100|[from] Stealth Rock
|move|p1a: Skarmory|Brave Bird|p2a: Tentacruel
|-crit|p2a: Tentacruel
|-damage|p2a: Tentacruel|1/100
|-damage|p1a: Skarmory|69/100|[from] Recoil
|
|-heal|p2a: Tentacruel|7/100|[from] item: Black Sludge
|-heal|p1a: Skarmory|75/100|[from] item: Leftovers
|upkeep
|turn|4
|
|t:|1719594238
|move|p2a: Tentacruel|Protect|p2a: Tentacruel
|-singleturn|p2a: Tentacruel|Protect
|move|p1a: Skarmory|Brave Bird|p2a: Tentacruel
|-activate|p2a: Tentacruel|move: Protect
|
|-heal|p2a: Tentacruel|13/100|[from] item: Black Sludge
|-heal|p1a: Skarmory|81/100|[from] item: Leftovers
|upkeep
|turn|5
|
|t:|1719594242
|move|p2a: Tentacruel|Rapid Spin|p1a: Skarmory
|-resisted|p1a: Skarmory
|-damage|p1a: Skarmory|80/100
|-sideend|p2: BWRlastaltIswear|Stealth Rock|[from] move: Rapid Spin|[of] p2a: Tentacruel
|move|p1a: Skarmory|Brave Bird|p2a: Tentacruel
|-damage|p2a: Tentacruel|0 fnt
|faint|p2a: Tentacruel
|-damage|p1a: Skarmory|75/100|[from] Recoil
|
|-heal|p1a: Skarmory|81/100|[from] item: Leftovers
|upkeep
|
|t:|1719594245
|switch|p2a: Politoed|Politoed, F, shiny|100/100
|-weather|RainDance|[from] ability: Drizzle|[of] p2a: Politoed
|turn|6
|
|t:|1719594247
|switch|p1a: Tyranitar|Tyranitar, F|100/100
|-weather|Sandstorm|[from] ability: Sand Stream|[of] p1a: Tyranitar
|move|p2a: Politoed|Hydro Pump|p1a: Tyranitar
|-supereffective|p1a: Tyranitar
|-crit|p1a: Tyranitar
|-damage|p1a: Tyranitar|0 fnt
|faint|p1a: Tyranitar
|
|-weather|Sandstorm|[upkeep]
|-damage|p2a: Politoed|94/100|[from] Sandstorm
|upkeep
|
|t:|1719594252
|switch|p1a: Latios|Latios, M|100/100
|turn|7
|
|t:|1719594261
|move|p1a: Latios|Thunder Wave|p2a: Politoed
|-status|p2a: Politoed|par
|move|p2a: Politoed|Hydro Pump|p1a: Latios
|-resisted|p1a: Latios
|-crit|p1a: Latios
|-damage|p1a: Latios|17/100
|
|-weather|Sandstorm|[upkeep]
|-damage|p1a: Latios|11/100|[from] Sandstorm
|-damage|p2a: Politoed|88/100 par|[from] Sandstorm
|upkeep
|turn|8
|
|t:|1719594272
|move|p1a: Latios|Recover|p1a: Latios
|-heal|p1a: Latios|62/100
|move|p2a: Politoed|Hydro Pump|p1a: Latios
|-resisted|p1a: Latios
|-damage|p1a: Latios|17/100
|
|-weather|Sandstorm|[upkeep]
|-damage|p1a: Latios|11/100|[from] Sandstorm
|-damage|p2a: Politoed|82/100 par|[from] Sandstorm
|upkeep
|turn|9
|
|t:|1719594281
|switch|p2a: Jirachi|Jirachi|100/100
|move|p1a: Latios|Recover|p1a: Latios
|-heal|p1a: Latios|62/100
|
|-weather|Sandstorm|[upkeep]
|-damage|p1a: Latios|56/100|[from] Sandstorm
|upkeep
|turn|10
|
|t:|1719594285
|move|p1a: Latios|Thunder Wave|p2a: Jirachi
|-status|p2a: Jirachi|par
|move|p2a: Jirachi|Body Slam|p1a: Latios
|-damage|p1a: Latios|30/100
|
|-weather|Sandstorm|[upkeep]
|-damage|p1a: Latios|24/100|[from] Sandstorm
|upkeep
|turn|11
|
|t:|1719594287
|move|p1a: Latios|Recover|p1a: Latios
|-heal|p1a: Latios|75/100
|move|p2a: Jirachi|Stealth Rock|p1a: Latios
|-sidestart|p1: dhklserdtfyguhi|move: Stealth Rock
|
|-weather|Sandstorm|[upkeep]
|-damage|p1a: Latios|69/100|[from] Sandstorm
|upkeep
|turn|12
|
|t:|1719594291
|switch|p1a: Gliscor|Gliscor, M|100/100 tox
|-damage|p1a: Gliscor|88/100 tox|[from] Stealth Rock
|move|p2a: Jirachi|Body Slam|p1a: Gliscor
|-damage|p1a: Gliscor|73/100 tox
|
|-weather|Sandstorm|[upkeep]
|-heal|p1a: Gliscor|85/100 tox|[from] ability: Poison Heal
|upkeep
|turn|13
|
|t:|1719594294
|switch|p2a: Politoed|Politoed, F, shiny|82/100 par
|-weather|RainDance|[from] ability: Drizzle|[of] p2a: Politoed
|move|p1a: Gliscor|Stealth Rock|p2a: Politoed
|-sidestart|p2: BWRlastaltIswear|move: Stealth Rock
|
|-weather|RainDance|[upkeep]
|-heal|p1a: Gliscor|98/100 tox|[from] ability: Poison Heal
|upkeep
|turn|14
|
|t:|1719594300
|move|p1a: Gliscor|Protect|p1a: Gliscor
|-singleturn|p1a: Gliscor|Protect
|move|p2a: Politoed|Ice Beam|p1a: Gliscor
|-activate|p1a: Gliscor|move: Protect
|
|-weather|RainDance|[upkeep]
|-heal|p1a: Gliscor|100/100 tox|[from] ability: Poison Heal
|upkeep
|turn|15
|
|t:|1719594303
|switch|p1a: Reuniclus|Reuniclus, M|100/100
|move|p2a: Politoed|Ice Beam|p1a: Reuniclus
|-damage|p1a: Reuniclus|59/100
|
|-weather|RainDance|[upkeep]
|-heal|p1a: Reuniclus|65/100|[from] item: Leftovers
|upkeep
|turn|16
|
|t:|1719594308
|switch|p2a: Jirachi|Jirachi|100/100 par
|-damage|p2a: Jirachi|94/100 par|[from] Stealth Rock
|move|p1a: Reuniclus|Recover|p1a: Reuniclus
|-heal|p1a: Reuniclus|100/100
|
|-weather|RainDance|[upkeep]
|-heal|p2a: Jirachi|100/100 par|[from] item: Leftovers
|upkeep
|turn|17
|
|t:|1719594312
|switch|p1a: Gliscor|Gliscor, M|100/100 tox
|-damage|p1a: Gliscor|88/100 tox|[from] Stealth Rock
|switch|p2a: Politoed|Politoed, F, shiny|82/100 par
|-damage|p2a: Politoed|69/100 par|[from] Stealth Rock
|
|-weather|RainDance|[upkeep]
|-heal|p1a: Gliscor|100/100 tox|[from] ability: Poison Heal
|upkeep
|turn|18
|
|t:|1719594321
|switch|p2a: Tornadus|Tornadus, M|100/100
|-damage|p2a: Tornadus|76/100|[from] Stealth Rock
|move|p1a: Gliscor|Protect||[still]
|-fail|p1a: Gliscor
|
|-weather|RainDance|[upkeep]
|upkeep
|turn|19
|
|t:|1719594327
|move|p2a: Tornadus|Hurricane|p1a: Gliscor
|-damage|p1a: Gliscor|22/100 tox
|-start|p1a: Gliscor|confusion
|-activate|p1a: Gliscor|confusion
|-damage|p1a: Gliscor|16/100 tox|[from] confusion
|
|-weather|RainDance|[upkeep]
|-heal|p1a: Gliscor|28/100 tox|[from] ability: Poison Heal
|upkeep
|turn|20
|
|t:|1719594333
|-activate|p1a: Gliscor|confusion
|move|p1a: Gliscor|Protect|p1a: Gliscor
|-singleturn|p1a: Gliscor|Protect
|move|p2a: Tornadus|Hurricane|p1a: Gliscor
|-activate|p1a: Gliscor|move: Protect
|
|-weather|RainDance|[upkeep]
|-heal|p1a: Gliscor|41/100 tox|[from] ability: Poison Heal
|upkeep
|turn|21
|
|t:|1719594335
|move|p2a: Tornadus|Hurricane|p1a: Gliscor
|-damage|p1a: Gliscor|0 fnt
|faint|p1a: Gliscor
|
|-weather|RainDance|[upkeep]
|upkeep
|
|t:|1719594336
|switch|p1a: Alakazam|Alakazam, F|100/100
|turn|22
|
|t:|1719594339
|switch|p2a: Jirachi|Jirachi|100/100 par
|-damage|p2a: Jirachi|94/100 par|[from] Stealth Rock
|move|p1a: Alakazam|Psyshock|p2a: Jirachi
|-resisted|p2a: Jirachi
|-damage|p2a: Jirachi|85/100 par
|
|-weather|RainDance|[upkeep]
|-heal|p2a: Jirachi|91/100 par|[from] item: Leftovers
|upkeep
|turn|23
|
|t:|1719594345
|switch|p1a: Skarmory|Skarmory, M|81/100
|-damage|p1a: Skarmory|69/100|[from] Stealth Rock
|move|p2a: Jirachi|Body Slam|p1a: Skarmory
|-resisted|p1a: Skarmory
|-damage|p1a: Skarmory|61/100
|-status|p1a: Skarmory|par
|
|-weather|RainDance|[upkeep]
|-heal|p2a: Jirachi|97/100 par|[from] item: Leftovers
|-heal|p1a: Skarmory|67/100 par|[from] item: Leftovers
|upkeep
|turn|24
|
|t:|1719594349
|switch|p2a: Politoed|Politoed, F, shiny|69/100 par
|-damage|p2a: Politoed|57/100 par|[from] Stealth Rock
|move|p1a: Skarmory|Spikes|p2a: Politoed
|-sidestart|p2: BWRlastaltIswear|Spikes
|
|-weather|RainDance|[upkeep]
|-heal|p1a: Skarmory|73/100 par|[from] item: Leftovers
|upkeep
|turn|25
|
|t:|1719594354
|switch|p1a: Latios|Latios, M|69/100
|-damage|p1a: Latios|56/100|[from] Stealth Rock
|move|p2a: Politoed|Hydro Pump|p1a: Latios
|-resisted|p1a: Latios
|-damage|p1a: Latios|0 fnt
|faint|p1a: Latios
|
|-weather|RainDance|[upkeep]
|upkeep
|
|t:|1719594359
|switch|p1a: Reuniclus|Reuniclus, M|100/100
|turn|26
|
|t:|1719594361
|move|p1a: Reuniclus|Calm Mind|p1a: Reuniclus
|-boost|p1a: Reuniclus|spa|1
|-boost|p1a: Reuniclus|spd|1
|move|p2a: Politoed|Hydro Pump|p1a: Reuniclus|[miss]
|-miss|p2a: Politoed|p1a: Reuniclus
|
|-weather|RainDance|[upkeep]
|upkeep
|turn|27
|
|t:|1719594367
|switch|p2a: Jirachi|Jirachi|97/100 par
|-damage|p2a: Jirachi|91/100 par|[from] Stealth Rock
|-damage|p2a: Jirachi|79/100 par|[from] Spikes
|move|p1a: Reuniclus|Calm Mind|p1a: Reuniclus
|-boost|p1a: Reuniclus|spa|1
|-boost|p1a: Reuniclus|spd|1
|
|-weather|RainDance|[upkeep]
|-heal|p2a: Jirachi|85/100 par|[from] item: Leftovers
|upkeep
|turn|28
|
|t:|1719594371
|move|p1a: Reuniclus|Calm Mind|p1a: Reuniclus
|-boost|p1a: Reuniclus|spa|1
|-boost|p1a: Reuniclus|spd|1
|move|p2a: Jirachi|Body Slam|p1a: Reuniclus
|-damage|p1a: Reuniclus|88/100
|-status|p1a: Reuniclus|par
|
|-weather|RainDance|[upkeep]
|-heal|p2a: Jirachi|91/100 par|[from] item: Leftovers
|-heal|p1a: Reuniclus|94/100 par|[from] item: Leftovers
|upkeep
|turn|29
|
|t:|1719594376
|move|p2a: Jirachi|Iron Head|p1a: Reuniclus
|-damage|p1a: Reuniclus|75/100 par
|move|p1a: Reuniclus|Psyshock|p2a: Jirachi
|-resisted|p2a: Jirachi
|-damage|p2a: Jirachi|73/100 par
|
|-weather|RainDance|[upkeep]
|-heal|p2a: Jirachi|79/100 par|[from] item: Leftovers
|-heal|p1a: Reuniclus|81/100 par|[from] item: Leftovers
|upkeep
|turn|30
|
|t:|1719594380
|move|p2a: Jirachi|Iron Head|p1a: Reuniclus
|-damage|p1a: Reuniclus|62/100 par
|cant|p1a: Reuniclus|flinch
|
|-weather|RainDance|[upkeep]
|-heal|p2a: Jirachi|85/100 par|[from] item: Leftovers
|-heal|p1a: Reuniclus|68/100 par|[from] item: Leftovers
|upkeep
|turn|31
|
|t:|1719594384
|move|p2a: Jirachi|Iron Head|p1a: Reuniclus
|-damage|p1a: Reuniclus|48/100 par
|cant|p1a: Reuniclus|flinch
|
|-weather|RainDance|[upkeep]
|-heal|p2a: Jirachi|91/100 par|[from] item: Leftovers
|-heal|p1a: Reuniclus|54/100 par|[from] item: Leftovers
|upkeep
|turn|32
|
|t:|1719594389
|move|p2a: Jirachi|Iron Head|p1a: Reuniclus
|-damage|p1a: Reuniclus|36/100 par
|cant|p1a: Reuniclus|flinch
|
|-weather|RainDance|[upkeep]
|-heal|p2a: Jirachi|97/100 par|[from] item: Leftovers
|-heal|p1a: Reuniclus|42/100 par|[from] item: Leftovers
|upkeep
|turn|33
|
|t:|1719594392
|move|p2a: Jirachi|Iron Head|p1a: Reuniclus
|-damage|p1a: Reuniclus|23/100 par
|move|p1a: Reuniclus|Recover|p1a: Reuniclus
|-heal|p1a: Reuniclus|73/100 par
|
|-weather|RainDance|[upkeep]
|-heal|p2a: Jirachi|100/100 par|[from] item: Leftovers
|-heal|p1a: Reuniclus|80/100 par|[from] item: Leftovers
|upkeep
|turn|34
|
|t:|1719594399
|move|p2a: Jirachi|Iron Head|p1a: Reuniclus
|-damage|p1a: Reuniclus|59/100 par
|cant|p1a: Reuniclus|flinch
|
|-weather|RainDance|[upkeep]
|-heal|p1a: Reuniclus|66/100 par|[from] item: Leftovers
|upkeep
|turn|35
|
|t:|1719594403
|move|p2a: Jirachi|Iron Head|p1a: Reuniclus
|-damage|p1a: Reuniclus|47/100 par
|cant|p1a: Reuniclus|flinch
|
|-weather|RainDance|[upkeep]
|-heal|p1a: Reuniclus|53/100 par|[from] item: Leftovers
|upkeep
|turn|36
|
|t:|1719594406
|cant|p2a: Jirachi|par
|move|p1a: Reuniclus|Recover|p1a: Reuniclus
|-heal|p1a: Reuniclus|100/100 par
|
|-weather|RainDance|[upkeep]
|upkeep
|turn|37
|
|t:|1719594416
|switch|p2a: Politoed|Politoed, F, shiny|57/100 par
|-damage|p2a: Politoed|44/100 par|[from] Stealth Rock
|-damage|p2a: Politoed|32/100 par|[from] Spikes
|cant|p1a: Reuniclus|par
|
|-weather|RainDance|[upkeep]
|upkeep
|turn|38
|
|t:|1719594423
|move|p2a: Politoed|Encore|p1a: Reuniclus
|-start|p1a: Reuniclus|Encore
|move|p1a: Reuniclus|Recover||[still]
|-fail|p1a: Reuniclus|heal
|
|-weather|RainDance|[upkeep]
|upkeep
|turn|39
|
|t:|1719594429
|switch|p2a: Landorus|Landorus-Therian, M|100/100
|-damage|p2a: Landorus|88/100|[from] Stealth Rock
|-ability|p2a: Landorus|Intimidate|boost
|-unboost|p1a: Reuniclus|atk|1
|move|p1a: Reuniclus|Recover||[still]
|-fail|p1a: Reuniclus|heal
|
|-weather|RainDance|[upkeep]
|upkeep
|turn|40
|
|t:|1719594435
|move|p2a: Landorus|U-turn|p1a: Reuniclus
|-supereffective|p1a: Reuniclus
|-damage|p1a: Reuniclus|67/100 par
|
|t:|1719594438
|switch|p2a: Jirachi|Jirachi|100/100 par|[from] U-turn
|-damage|p2a: Jirachi|94/100 par|[from] Stealth Rock
|-damage|p2a: Jirachi|82/100 par|[from] Spikes
|move|p1a: Reuniclus|Recover|p1a: Reuniclus
|-heal|p1a: Reuniclus|100/100 par
|
|-weather|RainDance|[upkeep]
|-heal|p2a: Jirachi|88/100 par|[from] item: Leftovers
|-end|p1a: Reuniclus|Encore
|upkeep
|turn|41
|
|t:|1719594440
|move|p2a: Jirachi|Iron Head|p1a: Reuniclus
|-damage|p1a: Reuniclus|80/100 par
|cant|p1a: Reuniclus|flinch
|
|-weather|RainDance|[upkeep]
|-heal|p2a: Jirachi|94/100 par|[from] item: Leftovers
|-heal|p1a: Reuniclus|86/100 par|[from] item: Leftovers
|upkeep
|turn|42
|
|t:|1719594445
|move|p2a: Jirachi|Body Slam|p1a: Reuniclus
|-damage|p1a: Reuniclus|72/100 par
|move|p1a: Reuniclus|Calm Mind|p1a: Reuniclus
|-boost|p1a: Reuniclus|spa|1
|-boost|p1a: Reuniclus|spd|1
|
|-weather|RainDance|[upkeep]
|-heal|p2a: Jirachi|100/100 par|[from] item: Leftovers
|-heal|p1a: Reuniclus|79/100 par|[from] item: Leftovers
|upkeep
|turn|43
|
|t:|1719594449
|move|p2a: Jirachi|Wish|p2a: Jirachi
|move|p1a: Reuniclus|Calm Mind|p1a: Reuniclus
|-boost|p1a: Reuniclus|spa|1
|-boost|p1a: Reuniclus|spd|1
|
|-weather|RainDance|[upkeep]
|-heal|p1a: Reuniclus|85/100 par|[from] item: Leftovers
|upkeep
|turn|44
|
|t:|1719594452
|cant|p2a: Jirachi|par
|move|p1a: Reuniclus|Psyshock|p2a: Jirachi
|-resisted|p2a: Jirachi
|-damage|p2a: Jirachi|78/100 par
|
|-weather|RainDance|[upkeep]
|-heal|p2a: Jirachi|100/100 par|[from] move: Wish|[wisher] Jirachi
|-heal|p1a: Reuniclus|91/100 par|[from] item: Leftovers
|upkeep
|turn|45
|
|t:|1719594456
|move|p2a: Jirachi|Body Slam|p1a: Reuniclus
|-damage|p1a: Reuniclus|78/100 par
|cant|p1a: Reuniclus|par
|
|-weather|RainDance|[upkeep]
|-heal|p1a: Reuniclus|84/100 par|[from] item: Leftovers
|upkeep
|turn|46
|
|t:|1719594461
|cant|p2a: Jirachi|par
|move|p1a: Reuniclus|Psyshock|p2a: Jirachi
|-resisted|p2a: Jirachi
|-damage|p2a: Jirachi|75/100 par
|
|-weather|RainDance|[upkeep]
|-heal|p2a: Jirachi|81/100 par|[from] item: Leftovers
|-heal|p1a: Reuniclus|90/100 par|[from] item: Leftovers
|upkeep
|turn|47
|
|t:|1719594463
|move|p2a: Jirachi|Wish|p2a: Jirachi
|move|p1a: Reuniclus|Psyshock|p2a: Jirachi
|-resisted|p2a: Jirachi
|-damage|p2a: Jirachi|55/100 par
|
|-weather|RainDance|[upkeep]
|-heal|p2a: Jirachi|61/100 par|[from] item: Leftovers
|-heal|p1a: Reuniclus|96/100 par|[from] item: Leftovers
|upkeep
|turn|48
|
|t:|1719594467
|move|p2a: Jirachi|Stealth Rock||[still]
|-fail|p2a: Jirachi
|move|p1a: Reuniclus|Calm Mind|p1a: Reuniclus
|-boost|p1a: Reuniclus|spa|1
|-boost|p1a: Reuniclus|spd|1
|
|-weather|RainDance|[upkeep]
|-heal|p2a: Jirachi|100/100 par|[from] move: Wish|[wisher] Jirachi
|-heal|p1a: Reuniclus|100/100 par|[from] item: Leftovers
|upkeep
|turn|49
|
|t:|1719594471
|move|p2a: Jirachi|Body Slam|p1a: Reuniclus
|-damage|p1a: Reuniclus|87/100 par
|move|p1a: Reuniclus|Psyshock|p2a: Jirachi
|-resisted|p2a: Jirachi
|-damage|p2a: Jirachi|71/100 par
|
|-weather|RainDance|[upkeep]
|-heal|p2a: Jirachi|77/100 par|[from] item: Leftovers
|-heal|p1a: Reuniclus|93/100 par|[from] item: Leftovers
|upkeep
|turn|50
|
|t:|1719594475
|cant|p2a: Jirachi|par
|move|p1a: Reuniclus|Psyshock|p2a: Jirachi
|-resisted|p2a: Jirachi
|-damage|p2a: Jirachi|50/100 par
|
|-weather|RainDance|[upkeep]
|-heal|p2a: Jirachi|57/100 par|[from] item: Leftovers
|-heal|p1a: Reuniclus|99/100 par|[from] item: Leftovers
|upkeep
|turn|51
|
|t:|1719594479
|move|p2a: Jirachi|Wish|p2a: Jirachi
|move|p1a: Reuniclus|Psyshock|p2a: Jirachi
|-resisted|p2a: Jirachi
|-damage|p2a: Jirachi|28/100 par
|
|-weather|RainDance|[upkeep]
|-heal|p2a: Jirachi|35/100 par|[from] item: Leftovers
|-heal|p1a: Reuniclus|100/100 par|[from] item: Leftovers
|upkeep
|turn|52
|
|t:|1719594483
|cant|p2a: Jirachi|par
|move|p1a: Reuniclus|Psyshock|p2a: Jirachi
|-resisted|p2a: Jirachi
|-damage|p2a: Jirachi|7/100 par
|
|-weather|RainDance|[upkeep]
|-heal|p2a: Jirachi|57/100 par|[from] move: Wish|[wisher] Jirachi
|-heal|p2a: Jirachi|64/100 par|[from] item: Leftovers
|upkeep
|turn|53
|
|t:|1719594487
|move|p2a: Jirachi|Wish|p2a: Jirachi
|move|p1a: Reuniclus|Psyshock|p2a: Jirachi
|-resisted|p2a: Jirachi
|-damage|p2a: Jirachi|38/100 par
|
|-weather|RainDance|[upkeep]
|-heal|p2a: Jirachi|44/100 par|[from] item: Leftovers
|upkeep
|turn|54
|
|t:|1719594491
|move|p2a: Jirachi|Iron Head|p1a: Reuniclus
|-crit|p1a: Reuniclus
|-damage|p1a: Reuniclus|59/100 par
|cant|p1a: Reuniclus|flinch
|
|-weather|RainDance|[upkeep]
|-heal|p2a: Jirachi|94/100 par|[from] move: Wish|[wisher] Jirachi
|-heal|p2a: Jirachi|99/100 par|[from] item: Leftovers
|-heal|p1a: Reuniclus|65/100 par|[from] item: Leftovers
|upkeep
|turn|55
|
|t:|1719594496
|move|p2a: Jirachi|Iron Head|p1a: Reuniclus
|-damage|p1a: Reuniclus|45/100 par
|cant|p1a: Reuniclus|flinch
|
|-weather|RainDance|[upkeep]
|-heal|p2a: Jirachi|100/100 par|[from] item: Leftovers
|-heal|p1a: Reuniclus|51/100 par|[from] item: Leftovers
|upkeep
|turn|56
|
|t:|1719594500
|move|p2a: Jirachi|Iron Head|p1a: Reuniclus
|-damage|p1a: Reuniclus|30/100 par
|cant|p1a: Reuniclus|flinch
|
|-weather|RainDance|[upkeep]
|-heal|p1a: Reuniclus|36/100 par|[from] item: Leftovers
|upkeep
|turn|57
|
|t:|1719594504
|move|p2a: Jirachi|Iron Head|p1a: Reuniclus
|-damage|p1a: Reuniclus|15/100 par
|cant|p1a: Reuniclus|flinch
|
|-weather|RainDance|[upkeep]
|-heal|p1a: Reuniclus|21/100 par|[from] item: Leftovers
|upkeep
|turn|58
|
|t:|1719594510
|cant|p2a: Jirachi|par
|move|p1a: Reuniclus|Recover|p1a: Reuniclus
|-heal|p1a: Reuniclus|71/100 par
|
|-weather|RainDance|[upkeep]
|-heal|p1a: Reuniclus|77/100 par|[from] item: Leftovers
|upkeep
|turn|59
|
|t:|1719594519
|move|p2a: Jirachi|Stealth Rock||[still]
|-fail|p2a: Jirachi
|move|p1a: Reuniclus|Psyshock|p2a: Jirachi
|-resisted|p2a: Jirachi
|-damage|p2a: Jirachi|74/100 par
|
|-weather|RainDance|[upkeep]
|-heal|p2a: Jirachi|80/100 par|[from] item: Leftovers
|-heal|p1a: Reuniclus|83/100 par|[from] item: Leftovers
|upkeep
|turn|60
|
|t:|1719594522
|move|p2a: Jirachi|Stealth Rock||[still]
|-fail|p2a: Jirachi
|move|p1a: Reuniclus|Hidden Power|p2a: Jirachi
|-resisted|p2a: Jirachi
|-damage|p2a: Jirachi|58/100 par
|
|-weather|RainDance|[upkeep]
|-heal|p2a: Jirachi|64/100 par|[from] item: Leftovers
|-heal|p1a: Reuniclus|89/100 par|[from] item: Leftovers
|upkeep
|turn|61
|
|t:|1719594524
|cant|p2a: Jirachi|par
|move|p1a: Reuniclus|Hidden Power|p2a: Jirachi
|-resisted|p2a: Jirachi
|-damage|p2a: Jirachi|40/100 par
|
|-weather|RainDance|[upkeep]
|-heal|p2a: Jirachi|46/100 par|[from] item: Leftovers
|-heal|p1a: Reuniclus|96/100 par|[from] item: Leftovers
|upkeep
|turn|62
|
|t:|1719594528
|move|p2a: Jirachi|Wish|p2a: Jirachi
|move|p1a: Reuniclus|Psyshock|p2a: Jirachi
|-resisted|p2a: Jirachi
|-damage|p2a: Jirachi|18/100 par
|
|-weather|RainDance|[upkeep]
|-heal|p2a: Jirachi|24/100 par|[from] item: Leftovers
|-heal|p1a: Reuniclus|100/100 par|[from] item: Leftovers
|upkeep
|turn|63
|
|t:|1719594532
|cant|p2a: Jirachi|par
|move|p1a: Reuniclus|Psyshock|p2a: Jirachi
|-resisted|p2a: Jirachi
|-crit|p2a: Jirachi
|-damage|p2a: Jirachi|0 fnt
|faint|p2a: Jirachi
|
|-weather|RainDance|[upkeep]
|upkeep
|
|t:|1719594544
|switch|p2a: Landorus|Landorus-Therian, M|88/100
|-damage|p2a: Landorus|76/100|[from] Stealth Rock
|-ability|p2a: Landorus|Intimidate|boost
|-unboost|p1a: Reuniclus|atk|1
|turn|64
|
|t:|1719594547
|move|p2a: Landorus|Earthquake|p1a: Reuniclus
|-damage|p1a: Reuniclus|64/100 par
|move|p1a: Reuniclus|Psyshock|p2a: Landorus
|-damage|p2a: Landorus|0 fnt
|faint|p2a: Landorus
|
|-weather|RainDance|[upkeep]
|-heal|p1a: Reuniclus|70/100 par|[from] item: Leftovers
|upkeep
|
|t:|1719594551
|switch|p2a: Breloom|Breloom, M|100/100 tox
|-damage|p2a: Breloom|94/100 tox|[from] Stealth Rock
|-damage|p2a: Breloom|82/100 tox|[from] Spikes
|turn|65
|
|t:|1719594559
|move|p2a: Breloom|Protect|p2a: Breloom
|-singleturn|p2a: Breloom|Protect
|move|p1a: Reuniclus|Psyshock|p2a: Breloom
|-activate|p2a: Breloom|move: Protect
|
|-weather|RainDance|[upkeep]
|-heal|p1a: Reuniclus|76/100 par|[from] item: Leftovers
|-heal|p2a: Breloom|94/100 tox|[from] ability: Poison Heal
|upkeep
|turn|66
|
|t:|1719594564
|switch|p2a: Politoed|Politoed, F, shiny|32/100 par
|-damage|p2a: Politoed|20/100 par|[from] Stealth Rock
|-damage|p2a: Politoed|7/100 par|[from] Spikes
|move|p1a: Reuniclus|Psyshock|p2a: Politoed
|-damage|p2a: Politoed|0 fnt
|faint|p2a: Politoed
|
|-weather|RainDance|[upkeep]
|-heal|p1a: Reuniclus|82/100 par|[from] item: Leftovers
|upkeep
|
|t:|1719594572
|switch|p2a: Breloom|Breloom, M|94/100 tox
|-damage|p2a: Breloom|88/100 tox|[from] Stealth Rock
|-damage|p2a: Breloom|75/100 tox|[from] Spikes
|turn|67
|
|t:|1719594574
|move|p2a: Breloom|Protect|p2a: Breloom
|-singleturn|p2a: Breloom|Protect
|cant|p1a: Reuniclus|par
|
|-weather|RainDance|[upkeep]
|-heal|p1a: Reuniclus|88/100 par|[from] item: Leftovers
|-heal|p2a: Breloom|88/100 tox|[from] ability: Poison Heal
|upkeep
|turn|68
|
|t:|1719594583
|move|p2a: Breloom|Facade|p1a: Reuniclus
|-damage|p1a: Reuniclus|61/100 par
|cant|p1a: Reuniclus|par
|
|-weather|RainDance|[upkeep]
|-heal|p1a: Reuniclus|67/100 par|[from] item: Leftovers
|-heal|p2a: Breloom|100/100 tox|[from] ability: Poison Heal
|upkeep
|turn|69
|
|t:|1719594592
|move|p2a: Breloom|Protect|p2a: Breloom
|-singleturn|p2a: Breloom|Protect
|cant|p1a: Reuniclus|par
|
|-weather|RainDance|[upkeep]
|-heal|p1a: Reuniclus|73/100 par|[from] item: Leftovers
|upkeep
|turn|70
|
|t:|1719594596
|move|p2a: Breloom|Facade|p1a: Reuniclus
|-damage|p1a: Reuniclus|46/100 par
|move|p1a: Reuniclus|Psyshock|p2a: Breloom
|-supereffective|p2a: Breloom
|-damage|p2a: Breloom|0 fnt
|faint|p2a: Breloom
|
|-weather|RainDance|[upkeep]
|-heal|p1a: Reuniclus|52/100 par|[from] item: Leftovers
|upkeep
|
|t:|1719594604
|switch|p2a: Tornadus|Tornadus, M|76/100
|-damage|p2a: Tornadus|51/100|[from] Stealth Rock
|turn|71
|
|t:|1719594606
|move|p2a: Tornadus|Hurricane|p1a: Reuniclus
|-damage|p1a: Reuniclus|33/100 par
|move|p1a: Reuniclus|Hidden Power|p2a: Tornadus
|-supereffective|p2a: Tornadus
|-damage|p2a: Tornadus|0 fnt
|faint|p2a: Tornadus
|
|win|dhklserdtfyguhi
|raw|dhklserdtfyguhi's rating: 1264 &rarr; <strong>1296</strong><br />(+32 for winning)
|raw|BWRlastaltIswear's rating: 1366 &rarr; <strong>1340</strong><br />(-26 for losing)
|l|☆BWRlastaltIswear
|player|p2|
