|j|☆leleenabbo
|j|☆shioshishio
|t:|1598705983
|player|p1|leleenabbo|hiker-gen2|1428
|player|p2|shioshishio|schoolkid|1558
|teamsize|p1|6
|teamsize|p2|6
|gametype|singles
|gen|5
|tier|[Gen 5] OU
|rated|
|clearpoke
|poke|p1|Mamoswine, M|item
|poke|p1|Magnezone|item
|poke|p1|Kyurem-Black|item
|poke|p1|Latios, M|item
|poke|p1|Scizor, M|item
|poke|p1|Dragonite, M|item
|poke|p2|Politoed, M|item
|poke|p2|Thundurus-Therian, M|item
|poke|p2|Ferrothorn, M|item
|poke|p2|Tentacruel, M|item
|poke|p2|Scizor, M|item
|poke|p2|Keldeo-Resolute|item
|rule|Species Clause: Limit one of each Pokémon
|rule|OHKO Clause: OHKO moves are banned
|rule|Moody Clause: Moody is banned
|rule|Evasion Moves Clause: Evasion moves are banned
|rule|Endless Battle Clause: Forcing endless battles is banned
|rule|HP Percentage Mod: HP is shown in percentages
|rule|Evasion Abilities Clause: Evasion abilities are banned
|rule|Baton Pass Clause: Limit one Baton Passer, can't pass Spe and other stats simultaneously
|rule|Sleep Clause: Sleep-inducing moves are banned
|rule|Swagger Clause: Swagger is banned
|teampreview
|c|☆shioshishio|hf
|c|☆leleenabbo|u2
|
|t:|1598706010
|start
|switch|p1a: RADIO ITALIANA|Kyurem-Black, shiny|100/100
|switch|p2a: Manaka|Keldeo-Resolute|100/100
|-ability|p1a: RADIO ITALIANA|Teravolt
|turn|1
|
|t:|1598706015
|move|p1a: RADIO ITALIANA|Fusion Bolt|p2a: Manaka
|-supereffective|p2a: Manaka
|-damage|p2a: Manaka|0 fnt
|faint|p2a: Manaka
|
|upkeep
|
|t:|1598706019
|switch|p2a: Kaname|Ferrothorn, M|100/100
|turn|2
|
|t:|1598706033
|switch|p1a: +idraggedu-|Magnezone, shiny|100/100
|move|p2a: Kaname|Stealth Rock|p1a: +idraggedu-
|-sidestart|p1: leleenabbo|move: Stealth Rock
|
|upkeep
|turn|3
|
|t:|1598706038
|move|p1a: +idraggedu-|Hidden Power|p2a: Kaname
|-supereffective|p2a: Kaname
|-damage|p2a: Kaname|0 fnt
|faint|p2a: Kaname
|
|upkeep
|
|t:|1598706043
|switch|p2a: Akari|Politoed, M|100/100
|-weather|RainDance|[from] ability: Drizzle|[of] p2a: Akari
|turn|4
|inactive|Battle timer is ON: inactive players will automatically lose when time's up. (requested by shioshishio)
|
|t:|1598706103
|move|p2a: Akari|Surf|p1a: +idraggedu-
|-damage|p1a: +idraggedu-|21/100
|move|p1a: +idraggedu-|Hidden Power|p2a: Akari
|-resisted|p2a: Akari
|-damage|p2a: Akari|91/100
|
|-weather|RainDance|[upkeep]
|upkeep
|turn|5
|
|t:|1598706111
|switch|p1a: TRIANGOLO|Latios, M|100/100
|-damage|p1a: TRIANGOLO|88/100|[from] Stealth Rock
|move|p2a: Akari|Surf|p1a: TRIANGOLO
|-resisted|p1a: TRIANGOLO
|-damage|p1a: TRIANGOLO|58/100
|
|-weather|RainDance|[upkeep]
|upkeep
|turn|6
|j| Rain Deathless
|
|t:|1598706120
|switch|p2a: Chisaki|Tentacruel, M|100/100
|move|p1a: TRIANGOLO|Dragon Pulse|p2a: Chisaki
|-damage|p2a: Chisaki|64/100
|
|-weather|RainDance|[upkeep]
|-heal|p2a: Chisaki|70/100|[from] ability: Rain Dish
|-heal|p2a: Chisaki|76/100|[from] item: Black Sludge
|upkeep
|turn|7
|inactive|leleenabbo has 120 seconds left.
|
|t:|1598706151
|switch|p1a: +idraggedu-|Magnezone, shiny|21/100
|-damage|p1a: +idraggedu-|15/100|[from] Stealth Rock
|move|p2a: Chisaki|Scald|p1a: +idraggedu-
|-damage|p1a: +idraggedu-|0 fnt
|faint|p1a: +idraggedu-
|
|-weather|RainDance|[upkeep]
|-heal|p2a: Chisaki|82/100|[from] ability: Rain Dish
|-heal|p2a: Chisaki|88/100|[from] item: Black Sludge
|upkeep
|inactive|leleenabbo has 120 seconds left.
|
|t:|1598706176
|switch|p1a: RADIO ITALIANA|Kyurem-Black, shiny|100/100
|-damage|p1a: RADIO ITALIANA|76/100|[from] Stealth Rock
|-ability|p1a: RADIO ITALIANA|Teravolt
|turn|8
|c|☆leleenabbo|r d watch what changed
|
|t:|1598706187
|move|p2a: Chisaki|Protect|p2a: Chisaki
|-singleturn|p2a: Chisaki|Protect
|move|p1a: RADIO ITALIANA|Outrage|p2a: Chisaki
|-activate|p2a: Chisaki|move: Protect
|
|-weather|RainDance|[upkeep]
|-heal|p2a: Chisaki|94/100|[from] ability: Rain Dish
|-heal|p2a: Chisaki|99/100|[from] item: Black Sludge
|upkeep
|turn|9
|c|☆leleenabbo|its scarf kyub and band scizor
|c| Rain Deathless|im watching the game
|c|☆leleenabbo|its the best team ever dude tf u want??
|
|t:|1598706208
|move|p1a: RADIO ITALIANA|Outrage|p2a: Chisaki
|-damage|p2a: Chisaki|7/100
|move|p2a: Chisaki|Scald|p1a: RADIO ITALIANA
|-resisted|p1a: RADIO ITALIANA
|-damage|p1a: RADIO ITALIANA|60/100
|
|-weather|RainDance|[upkeep]
|-heal|p2a: Chisaki|13/100|[from] ability: Rain Dish
|-heal|p2a: Chisaki|19/100|[from] item: Black Sludge
|upkeep
|turn|10
|c| Rain Deathless|its separate from the fact that youre a dumb ass
|
|t:|1598706213
|move|p2a: Chisaki|Protect|p2a: Chisaki
|-singleturn|p2a: Chisaki|Protect
|move|p1a: RADIO ITALIANA|Outrage|p2a: Chisaki|[from]lockedmove
|-activate|p2a: Chisaki|move: Protect
|
|-weather|RainDance|[upkeep]
|-heal|p2a: Chisaki|25/100|[from] ability: Rain Dish
|-heal|p2a: Chisaki|31/100|[from] item: Black Sludge
|upkeep
|turn|11
|c| Rain Deathless|yep sure LOL
|
|t:|1598706219
|move|p1a: RADIO ITALIANA|Outrage|p2a: Chisaki
|-crit|p2a: Chisaki
|-damage|p2a: Chisaki|0 fnt
|faint|p2a: Chisaki
|
|-weather|RainDance|[upkeep]
|upkeep
|
|t:|1598706222
|switch|p2a: Tsumugu|Scizor, M|100/100
|turn|12
|c| Rain Deathless|best team obv
|inactive|leleenabbo has 120 seconds left.
|
|t:|1598706229
|move|p2a: Tsumugu|Bullet Punch|p1a: RADIO ITALIANA
|-supereffective|p1a: RADIO ITALIANA
|-damage|p1a: RADIO ITALIANA|0 fnt
|faint|p1a: RADIO ITALIANA
|
|-weather|RainDance|[upkeep]
|upkeep
|inactive|leleenabbo has 120 seconds left.
|c| Rain Deathless|lost to my main rain god variant tho
|c|☆leleenabbo|before the change
|c| Rain Deathless|cool
|c|☆leleenabbo|i only lsot cause scizor was scarf u even said it
|c| Rain Deathless|ill change variants too lol
|c| Rain Deathless|yeah
|c|☆leleenabbo|yeah def poli > scarf poli
|inactive|leleenabbo has 90 seconds left.
|c|☆leleenabbo|big change
|c| Rain Deathless|fuckin dumb scarf
|c| Rain Deathless|yeah
|
|t:|1598706280
|switch|p1a: Dragoon|Dragonite, M, shiny|100/100
|-damage|p1a: Dragoon|76/100|[from] Stealth Rock
|turn|13
|c| Rain Deathless|i like bulk toed sets too
|c|☆shioshishio|scarf zor is trash why do you play that :v
|c|☆leleenabbo|OMG
|c|☆leleenabbo|dude i dont anymore
|c| Rain Deathless|specs/scarf is used on teams that shouldnt run it
|inactive|leleenabbo has 60 seconds left.
|c| Rain Deathless|he ran scarf scizor on me
|c| Rain Deathless|and got mad
|c|☆leleenabbo|????????????
|c| Rain Deathless|says hes #2 on ladder and has trophies
|
|t:|1598706319
|move|p2a: Tsumugu|Bullet Punch|p1a: Dragoon
|-damage|p1a: Dragoon|22/100
|move|p1a: Dragoon|Outrage|p2a: Tsumugu
|-resisted|p2a: Tsumugu
|-damage|p2a: Tsumugu|38/100
|
|-weather|RainDance|[upkeep]
|upkeep
|turn|14
|
|t:|1598706323
|move|p2a: Tsumugu|Bullet Punch|p1a: Dragoon
|-damage|p1a: Dragoon|0 fnt
|faint|p1a: Dragoon
|
|-weather|RainDance|[upkeep]
|upkeep
|c| Rain Deathless|im sure hes not lying
|inactive|leleenabbo has 60 seconds left.
|c| Rain Deathless|but hes still garb
|c|☆leleenabbo|cause thats true
|c|☆leleenabbo|im also multilingual
|c| Rain Deathless|thats cool
|c|☆leleenabbo|u know american and british
|
|t:|1598706343
|switch|p1a: I CAN FLY I SWEAR|Scizor, M, shiny|100/100
|-damage|p1a: I CAN FLY I SWEAR|88/100|[from] Stealth Rock
|turn|15
|c| Rain Deathless|unfortunately i am not
|c| Rain Deathless|nice fallacy tho
|
|t:|1598706352
|switch|p2a: Hikari|Thundurus-Therian, M|100/100
|move|p1a: I CAN FLY I SWEAR|Bullet Punch|p2a: Hikari
|-resisted|p2a: Hikari
|-crit|p2a: Hikari
|-damage|p2a: Hikari|38/100
|
|-weather|RainDance|[upkeep]
|-heal|p2a: Hikari|44/100|[from] item: Leftovers
|upkeep
|turn|16
|c| Rain Deathless|ahhhh
|
|t:|1598706358
|move|p1a: I CAN FLY I SWEAR|Bullet Punch|p2a: Hikari
|-resisted|p2a: Hikari
|-damage|p2a: Hikari|12/100
|move|p2a: Hikari|Focus Blast|p1a: I CAN FLY I SWEAR|[miss]
|-miss|p2a: Hikari|p1a: I CAN FLY I SWEAR
|
|-weather|RainDance|[upkeep]
|-heal|p2a: Hikari|18/100|[from] item: Leftovers
|upkeep
|turn|17
|c| Rain Deathless|youre british?
|c| Rain Deathless|no wonder i hate you
|
|t:|1598706366
|move|p1a: I CAN FLY I SWEAR|Bullet Punch|p2a: Hikari
|-resisted|p2a: Hikari
|-damage|p2a: Hikari|0 fnt
|faint|p2a: Hikari
|
|-weather|RainDance|[upkeep]
|upkeep
|
|t:|1598706367
|switch|p2a: Akari|Politoed, M|91/100
|turn|18
|c| Rain Deathless|im irish and italian
|c|☆leleenabbo|when did i say that
|
|t:|1598706389
|switch|p1a: TRIANGOLO|Latios, M|58/100
|-damage|p1a: TRIANGOLO|46/100|[from] Stealth Rock
|move|p2a: Akari|Surf|p1a: TRIANGOLO
|-resisted|p1a: TRIANGOLO
|-damage|p1a: TRIANGOLO|16/100
|
|-weather|RainDance|[upkeep]
|upkeep
|turn|19
|c| Rain Deathless|i see you
|
|t:|1598706397
|move|p1a: TRIANGOLO|Draco Meteor|p2a: Akari
|-damage|p2a: Akari|20/100
|-unboost|p1a: TRIANGOLO|spa|2
|move|p2a: Akari|Surf|p1a: TRIANGOLO
|-resisted|p1a: TRIANGOLO
|-damage|p1a: TRIANGOLO|0 fnt
|faint|p1a: TRIANGOLO
|
|-weather|RainDance|[upkeep]
|upkeep
|c|☆leleenabbo|im not british
|c|☆shioshishio|gg ig
|c|☆leleenabbo|u know american and british thas what i said
|inactive|leleenabbo has 60 seconds left.
|c|☆shioshishio|idk why you stayed on zor
|c| Rain Deathless|shut up and win
|
|t:|1598706427
|switch|p1a: I CAN FLY I SWEAR|Scizor, M, shiny|88/100
|-damage|p1a: I CAN FLY I SWEAR|76/100|[from] Stealth Rock
|turn|20
|
|t:|1598706431
|move|p1a: I CAN FLY I SWEAR|Bullet Punch|p2a: Akari
|-resisted|p2a: Akari
|-damage|p2a: Akari|0 fnt
|faint|p2a: Akari
|
|-weather|RainDance|[upkeep]
|upkeep
|c|☆shioshishio|vs thundy
|c| Rain Deathless|hes garb thats why
|
|t:|1598706435
|switch|p2a: Tsumugu|Scizor, M|38/100
|turn|21
|c|☆leleenabbo|cause im max spdef dude wtf
|
|t:|1598706445
|move|p1a: I CAN FLY I SWEAR|Bullet Punch|p2a: Tsumugu
|-resisted|p2a: Tsumugu
|-damage|p2a: Tsumugu|10/100
|move|p2a: Tsumugu|Superpower|p1a: I CAN FLY I SWEAR
|-damage|p1a: I CAN FLY I SWEAR|6/100
|-unboost|p2a: Tsumugu|atk|1
|-unboost|p2a: Tsumugu|def|1
|
|-weather|RainDance|[upkeep]
|upkeep
|turn|22
|
|t:|1598706450
|move|p1a: I CAN FLY I SWEAR|Bullet Punch|p2a: Tsumugu
|-resisted|p2a: Tsumugu
|-crit|p2a: Tsumugu
|-damage|p2a: Tsumugu|0 fnt
|faint|p2a: Tsumugu
|
|win|leleenabbo
|raw|leleenabbo's rating: 1415 &rarr; <strong>1442</strong><br />(+27 for winning)
|raw|shioshishio's rating: 1558 &rarr; <strong>1530</strong><br />(-28 for losing)
