|uhtml|medal-msg|<div class="broadcast-blue">Curious what those medals under the avatar are? PS now has Ladder Seasons! For more information, check out the <a href="https://www.smogon.com/forums/threads/3740067/">thread on Smogon.</a></div>
|uhtml|medal-msg|<div class="broadcast-blue">Curious what those medals under the avatar are? PS now has Ladder Seasons! For more information, check out the <a href="https://www.smogon.com/forums/threads/3740067/">thread on Smogon.</a></div>
|j|☆IU is my wife
|j|‽kinetic koko
|t:|1712496114
|gametype|singles
|player|p1|IU is my wife|1|1289
|player|p2|kinetic koko|2|1422
|teamsize|p1|6
|teamsize|p2|6
|gen|5
|tier|[Gen 5] OU
|rated|
|rule|Species Clause: Limit one of each Pokémon
|rule|OHKO Clause: OHKO moves are banned
|rule|Moody Clause: Moody is banned
|rule|Evasion Items Clause: Evasion items are banned
|rule|Evasion Moves Clause: Evasion moves are banned
|rule|Endless Battle Clause: Forcing endless battles is banned
|rule|HP Percentage Mod: HP is shown in percentages
|rule|Evasion Abilities Clause: Evasion abilities are banned
|rule|Sleep Moves Clause: Sleep-inducing moves are banned
|rule|Swagger Clause: Swagger is banned
|rule|Baton Pass Stat Clause: No Baton Passer may have a way to boost its stats
|clearpoke
|poke|p1|Jirachi|item
|poke|p1|Dragonite, M|item
|poke|p1|Rotom-Wash|item
|poke|p1|Landorus-Therian, M|item
|poke|p1|Gengar, F|item
|poke|p1|Infernape, M|item
|poke|p2|Jirachi|item
|poke|p2|Landorus-Therian, M|item
|poke|p2|Seismitoad, M|item
|poke|p2|Magnezone|item
|poke|p2|Celebi|item
|poke|p2|Excadrill, F|item
|teampreview
|inactive|Battle timer is ON: inactive players will automatically lose when time's up. (requested by kinetic koko)
|
|t:|1712496126
|start
|switch|p1a: Infernape|Infernape, M|100/100
|switch|p2a: Seismitoad|Seismitoad, M|100/100
|turn|1
|inactive|kinetic koko has 120 seconds left.
|
|t:|1712496182
|move|p1a: Infernape|U-turn|p2a: Seismitoad
|-damage|p2a: Seismitoad|86/100
|
|t:|1712496185
|switch|p1a: Rotom|Rotom-Wash|100/100|[from] U-turn
|move|p2a: Seismitoad|Stealth Rock|p1a: Rotom
|-sidestart|p1: IU is my wife|move: Stealth Rock
|
|-heal|p2a: Seismitoad|93/100|[from] item: Leftovers
|upkeep
|turn|2
|
|t:|1712496189
|move|p2a: Seismitoad|Protect|p2a: Seismitoad
|-singleturn|p2a: Seismitoad|Protect
|move|p1a: Rotom|Hidden Power|p2a: Seismitoad
|-activate|p2a: Seismitoad|move: Protect
|
|-heal|p2a: Seismitoad|99/100|[from] item: Leftovers
|upkeep
|turn|3
|
|t:|1712496192
|switch|p2a: Celebi|Celebi|100/100
|move|p1a: Rotom|Hidden Power|p2a: Celebi
|-resisted|p2a: Celebi
|-damage|p2a: Celebi|87/100
|
|-heal|p2a: Celebi|94/100|[from] item: Leftovers
|upkeep
|turn|4
|
|t:|1712496198
|switch|p1a: Landorus|Landorus-Therian, M|100/100
|-damage|p1a: Landorus|88/100|[from] Stealth Rock
|-ability|p1a: Landorus|Intimidate|boost
|-unboost|p2a: Celebi|atk|1
|move|p2a: Celebi|Giga Drain|p1a: Landorus
|-damage|p1a: Landorus|54/100
|-heal|p2a: Celebi|100/100|[from] drain|[of] p1a: Landorus
|
|upkeep
|turn|5
|
|t:|1712496204
|switch|p2a: Seismitoad|Seismitoad, M|99/100
|move|p1a: Landorus|U-turn|p2a: Seismitoad
|-damage|p2a: Seismitoad|80/100
|
|t:|1712496209
|switch|p1a: Gengar|Gengar, F|100/100|[from] U-turn
|-damage|p1a: Gengar|88/100|[from] Stealth Rock
|
|-heal|p1a: Gengar|94/100|[from] item: Black Sludge
|-heal|p2a: Seismitoad|86/100|[from] item: Leftovers
|upkeep
|turn|6
|
|t:|1712496216
|move|p2a: Seismitoad|Protect|p2a: Seismitoad
|-singleturn|p2a: Seismitoad|Protect
|move|p1a: Gengar|Substitute|p1a: Gengar
|-start|p1a: Gengar|Substitute
|-damage|p1a: Gengar|69/100
|
|-heal|p1a: Gengar|76/100|[from] item: Black Sludge
|-heal|p2a: Seismitoad|92/100|[from] item: Leftovers
|upkeep
|turn|7
|
|t:|1712496221
|move|p1a: Gengar|Shadow Ball|p2a: Seismitoad
|-crit|p2a: Seismitoad
|-damage|p2a: Seismitoad|0 fnt
|faint|p2a: Seismitoad
|
|-heal|p1a: Gengar|82/100|[from] item: Black Sludge
|upkeep
|
|t:|1712496225
|switch|p2a: Magnezone|Magnezone|100/100
|turn|8
|
|t:|1712496229
|move|p2a: Magnezone|Volt Switch|p1a: Gengar
|-end|p1a: Gengar|Substitute
|
|t:|1712496251
|switch|p2a: Jirachi|Jirachi|100/100|[from] Volt Switch
|move|p1a: Gengar|Focus Blast|p2a: Jirachi
|-damage|p2a: Jirachi|73/100
|
|-heal|p1a: Gengar|88/100|[from] item: Black Sludge
|-heal|p2a: Jirachi|79/100|[from] item: Leftovers
|upkeep
|turn|9
|
|t:|1712496254
|move|p1a: Gengar|Substitute|p1a: Gengar
|-start|p1a: Gengar|Substitute
|-damage|p1a: Gengar|63/100
|move|p2a: Jirachi|Wish|p2a: Jirachi
|
|-heal|p1a: Gengar|69/100|[from] item: Black Sludge
|-heal|p2a: Jirachi|85/100|[from] item: Leftovers
|upkeep
|turn|10
|
|t:|1712496275
|move|p1a: Gengar|Shadow Ball|p2a: Jirachi
|-damage|p2a: Jirachi|58/100
|move|p2a: Jirachi|Iron Head|p1a: Gengar
|-end|p1a: Gengar|Substitute
|
|-heal|p2a: Jirachi|100/100|[from] move: Wish|[wisher] Jirachi
|-heal|p1a: Gengar|75/100|[from] item: Black Sludge
|upkeep
|turn|11
|
|t:|1712496291
|switch|p1a: Rotom|Rotom-Wash|100/100
|-damage|p1a: Rotom|88/100|[from] Stealth Rock
|move|p2a: Jirachi|Wish|p2a: Jirachi
|
|upkeep
|turn|12
|
|t:|1712496302
|switch|p2a: Celebi|Celebi|100/100
|move|p1a: Rotom|Hydro Pump|p2a: Celebi|[miss]
|-miss|p1a: Rotom|p2a: Celebi
|
|upkeep
|turn|13
|
|t:|1712496319
|switch|p2a: Landorus|Landorus-Therian, M|100/100
|-ability|p2a: Landorus|Intimidate|boost
|-unboost|p1a: Rotom|atk|1
|switch|p1a: Infernape|Infernape, M|100/100
|-damage|p1a: Infernape|88/100|[from] Stealth Rock
|
|upkeep
|turn|14
|
|t:|1712496331
|move|p1a: Infernape|Hidden Power|p2a: Landorus
|-supereffective|p2a: Landorus
|-damage|p2a: Landorus|0 fnt
|faint|p2a: Landorus
|
|upkeep
|j| leni klum
|inactive|kinetic koko has 120 seconds left.
|inactive|kinetic koko has 90 seconds left.
|
|t:|1712496393
|switch|p2a: Magnezone|Magnezone|100/100
|turn|15
|
|t:|1712496408
|switch|p1a: Landorus|Landorus-Therian, M|54/100
|-damage|p1a: Landorus|42/100|[from] Stealth Rock
|-ability|p1a: Landorus|Intimidate|boost
|-unboost|p2a: Magnezone|atk|1
|move|p2a: Magnezone|Thunderbolt|p1a: Landorus
|-immune|p1a: Landorus
|
|upkeep
|turn|16
|
|t:|1712496423
|switch|p2a: Celebi|Celebi|100/100
|move|p1a: Landorus|U-turn|p2a: Celebi
|-supereffective|p2a: Celebi
|-damage|p2a: Celebi|10/100
|
|t:|1712496434
|switch|p1a: Gengar|Gengar, F|75/100|[from] U-turn
|-damage|p1a: Gengar|63/100|[from] Stealth Rock
|
|-heal|p1a: Gengar|69/100|[from] item: Black Sludge
|-heal|p2a: Celebi|16/100|[from] item: Leftovers
|upkeep
|turn|17
|
|t:|1712496441
|switch|p2a: Jirachi|Jirachi|100/100
|move|p1a: Gengar|Substitute|p1a: Gengar
|-start|p1a: Gengar|Substitute
|-damage|p1a: Gengar|44/100
|
|-heal|p1a: Gengar|50/100|[from] item: Black Sludge
|upkeep
|turn|18
|j| tiktok mafia
|
|t:|1712496447
|move|p1a: Gengar|Shadow Ball|p2a: Jirachi
|-damage|p2a: Jirachi|74/100
|move|p2a: Jirachi|Iron Head|p1a: Gengar
|-end|p1a: Gengar|Substitute
|
|-heal|p1a: Gengar|56/100|[from] item: Black Sludge
|-heal|p2a: Jirachi|80/100|[from] item: Leftovers
|upkeep
|turn|19
|inactive|kinetic koko has 120 seconds left.
|
|t:|1712496456
|move|p1a: Gengar|Shadow Ball|p2a: Jirachi
|-damage|p2a: Jirachi|53/100
|move|p2a: Jirachi|Wish|p2a: Jirachi
|
|-heal|p1a: Gengar|63/100|[from] item: Black Sludge
|-heal|p2a: Jirachi|60/100|[from] item: Leftovers
|upkeep
|turn|20
|
|t:|1712496462
|move|p1a: Gengar|Disable|p2a: Jirachi
|-start|p2a: Jirachi|Disable|Wish
|move|p2a: Jirachi|Iron Head|p1a: Gengar
|-damage|p1a: Gengar|10/100
|
|-heal|p2a: Jirachi|100/100|[from] move: Wish|[wisher] Jirachi
|-heal|p1a: Gengar|17/100|[from] item: Black Sludge
|upkeep
|turn|21
|
|t:|1712496468
|move|p1a: Gengar|Shadow Ball|p2a: Jirachi
|-damage|p2a: Jirachi|75/100
|move|p2a: Jirachi|Iron Head|p1a: Gengar
|-damage|p1a: Gengar|0 fnt
|faint|p1a: Gengar
|
|-heal|p2a: Jirachi|81/100|[from] item: Leftovers
|upkeep
|
|t:|1712496472
|switch|p1a: Infernape|Infernape, M|88/100
|-damage|p1a: Infernape|76/100|[from] Stealth Rock
|turn|22
|
|t:|1712496480
|move|p2a: Jirachi|Protect|p2a: Jirachi
|-singleturn|p2a: Jirachi|Protect
|move|p1a: Infernape|Overheat|p2a: Jirachi
|-activate|p2a: Jirachi|move: Protect
|
|-heal|p2a: Jirachi|87/100|[from] item: Leftovers
|upkeep
|turn|23
|
|t:|1712496488
|switch|p2a: Magnezone|Magnezone|100/100
|move|p1a: Infernape|Overheat|p2a: Magnezone
|-supereffective|p2a: Magnezone
|-damage|p2a: Magnezone|0 fnt
|-unboost|p1a: Infernape|spa|2
|faint|p2a: Magnezone
|
|upkeep
|
|t:|1712496493
|switch|p2a: Jirachi|Jirachi|87/100
|turn|24
|
|t:|1712496504
|switch|p1a: Landorus|Landorus-Therian, M|42/100
|-damage|p1a: Landorus|30/100|[from] Stealth Rock
|-ability|p1a: Landorus|Intimidate|boost
|-unboost|p2a: Jirachi|atk|1
|move|p2a: Jirachi|Body Slam|p1a: Landorus
|-damage|p1a: Landorus|15/100
|
|-heal|p2a: Jirachi|94/100|[from] item: Leftovers
|upkeep
|turn|25
|
|t:|1712496509
|move|p2a: Jirachi|Protect|p2a: Jirachi
|-singleturn|p2a: Jirachi|Protect
|move|p1a: Landorus|U-turn|p2a: Jirachi
|-activate|p2a: Jirachi|move: Protect
|
|-heal|p2a: Jirachi|99/100|[from] item: Leftovers
|upkeep
|turn|26
|
|t:|1712496523
|move|p1a: Landorus|U-turn|p2a: Jirachi
|-damage|p2a: Jirachi|79/100
|
|t:|1712496528
|switch|p1a: Rotom|Rotom-Wash|88/100|[from] U-turn
|-damage|p1a: Rotom|76/100|[from] Stealth Rock
|move|p2a: Jirachi|Wish|p2a: Jirachi
|
|-heal|p2a: Jirachi|85/100|[from] item: Leftovers
|upkeep
|turn|27
|j| GDX5ou
|
|t:|1712496545
|move|p2a: Jirachi|Body Slam|p1a: Rotom
|-damage|p1a: Rotom|63/100
|-status|p1a: Rotom|par
|move|p1a: Rotom|Trick|p2a: Jirachi
|-activate|p1a: Rotom|move: Trick|[of] p2a: Jirachi
|-item|p2a: Jirachi|Choice Specs|[from] move: Trick
|-item|p1a: Rotom|Leftovers|[from] move: Trick
|
|-heal|p2a: Jirachi|100/100|[from] move: Wish|[wisher] Jirachi
|-heal|p1a: Rotom|68/100 par|[from] item: Leftovers
|upkeep
|turn|28
|-message|kinetic koko forfeited.
|
|win|IU is my wife
|raw|IU is my wife's rating: 1289 &rarr; <strong>1324</strong><br />(+35 for winning)
|raw|kinetic koko's rating: 1444 &rarr; <strong>1416</strong><br />(-28 for losing)
|l|‽kinetic koko
|player|p2|
|j|‽kinetic koko
|player|p2|kinetic koko|2|
