|j|☆for burp rooster
|j|☆big ups pal
|t:|1706102790
|gametype|singles
|player|p1|for burp rooster|miku-fire|1392
|player|p2|big ups pal|clair-gen2|1405
|teamsize|p1|6
|teamsize|p2|6
|gen|5
|tier|[Gen 5] OU
|rated|
|rule|Species Clause: Limit one of each Pokémon
|rule|OHKO Clause: OHKO moves are banned
|rule|Moody Clause: Moody is banned
|rule|Evasion Items Clause: Evasion items are banned
|rule|Evasion Moves Clause: Evasion moves are banned
|rule|Endless Battle Clause: Forcing endless battles is banned
|rule|HP Percentage Mod: HP is shown in percentages
|rule|Evasion Abilities Clause: Evasion abilities are banned
|rule|Sleep Moves Clause: Sleep-inducing moves are banned
|rule|Swagger Clause: Swagger is banned
|rule|Baton Pass Stat Clause: No Baton Passer may have a way to boost its stats
|clearpoke
|poke|p1|Politoed, F|item
|poke|p1|Scizor, F|item
|poke|p1|Latios, M|item
|poke|p1|Ferrothorn, F|item
|poke|p1|Starmie|item
|poke|p1|Thundurus-Therian, M|item
|poke|p2|Politoed, F|item
|poke|p2|Breloom, M|item
|poke|p2|Keldeo|item
|poke|p2|Tentacruel, M|item
|poke|p2|Thundurus-Therian, M|item
|poke|p2|Bronzong|item
|teampreview
|c|☆for burp rooster|glhf
|c|☆big ups pal|yt
|inactive|Battle timer is ON: inactive players will automatically lose when time's up. (requested by for burp rooster)
|
|t:|1706102843
|start
|switch|p1a: Scizor|Scizor, F|100/100
|switch|p2a: Breloom|Breloom, M, shiny|100/100
|turn|1
|
|t:|1706102863
|move|p1a: Scizor|U-turn|p2a: Breloom
|-damage|p2a: Breloom|28/100
|
|t:|1706102876
|switch|p1a: Thundurus|Thundurus-Therian, M|100/100|[from] U-turn
|move|p2a: Breloom|Swords Dance|p2a: Breloom
|-boost|p2a: Breloom|atk|2
|
|-status|p2a: Breloom|tox|[from] item: Toxic Orb
|upkeep
|turn|2
|inactive|big ups pal has 120 seconds left.
|
|t:|1706102916
|move|p2a: Breloom|Protect|p2a: Breloom
|-singleturn|p2a: Breloom|Protect
|move|p1a: Thundurus|Hidden Power|p2a: Breloom
|-activate|p2a: Breloom|move: Protect
|
|-heal|p2a: Breloom|40/100 tox|[from] ability: Poison Heal
|upkeep
|turn|3
|
|t:|1706102921
|switch|p2a: Bronzong|Bronzong|100/100
|move|p1a: Thundurus|Hidden Power|p2a: Bronzong
|-resisted|p2a: Bronzong
|-damage|p2a: Bronzong|92/100
|
|-heal|p2a: Bronzong|98/100|[from] item: Leftovers
|upkeep
|turn|4
|inactive|big ups pal has 120 seconds left.
|
|t:|1706102932
|switch|p1a: Ferrothorn|Ferrothorn, F|100/100
|move|p2a: Bronzong|Toxic|p1a: Ferrothorn
|-immune|p1a: Ferrothorn
|
|-heal|p2a: Bronzong|100/100|[from] item: Leftovers
|upkeep
|turn|5
|
|t:|1706102938
|switch|p2a: Breloom|Breloom, M, shiny|40/100 tox
|move|p1a: Ferrothorn|Stealth Rock|p2a: Breloom
|-sidestart|p2: big ups pal|move: Stealth Rock
|
|-heal|p2a: Breloom|53/100 tox|[from] ability: Poison Heal
|upkeep
|turn|6
|
|t:|1706102942
|switch|p1a: Latios|Latios, M|100/100
|move|p2a: Breloom|Swords Dance|p2a: Breloom
|-boost|p2a: Breloom|atk|2
|
|-heal|p2a: Breloom|65/100 tox|[from] ability: Poison Heal
|upkeep
|turn|7
|
|t:|1706102946
|move|p2a: Breloom|Protect|p2a: Breloom
|-singleturn|p2a: Breloom|Protect
|move|p1a: Latios|Psyshock|p2a: Breloom
|-activate|p2a: Breloom|move: Protect
|
|-heal|p2a: Breloom|78/100 tox|[from] ability: Poison Heal
|upkeep
|turn|8
|
|t:|1706102949
|switch|p2a: Bronzong|Bronzong|100/100
|-damage|p2a: Bronzong|94/100|[from] Stealth Rock
|move|p1a: Latios|Psyshock|p2a: Bronzong
|-resisted|p2a: Bronzong
|-damage|p2a: Bronzong|87/100
|
|-heal|p2a: Bronzong|93/100|[from] item: Leftovers
|upkeep
|turn|9
|
|t:|1706102958
|switch|p1a: Scizor|Scizor, F|100/100
|move|p2a: Bronzong|Toxic|p1a: Scizor
|-immune|p1a: Scizor
|
|-heal|p2a: Bronzong|99/100|[from] item: Leftovers
|upkeep
|turn|10
|
|t:|1706102964
|move|p1a: Scizor|U-turn|p2a: Bronzong
|-damage|p2a: Bronzong|55/100
|
|t:|1706102966
|switch|p1a: Ferrothorn|Ferrothorn, F|100/100|[from] U-turn
|move|p2a: Bronzong|Stealth Rock|p1a: Ferrothorn
|-sidestart|p1: for burp rooster|move: Stealth Rock
|
|-heal|p2a: Bronzong|61/100|[from] item: Leftovers
|upkeep
|turn|11
|
|t:|1706102970
|switch|p2a: Breloom|Breloom, M, shiny|78/100 tox
|-damage|p2a: Breloom|72/100 tox|[from] Stealth Rock
|move|p1a: Ferrothorn|Knock Off|p2a: Breloom
|-resisted|p2a: Breloom
|-damage|p2a: Breloom|69/100 tox
|-enditem|p2a: Breloom|Toxic Orb|[from] move: Knock Off|[of] p1a: Ferrothorn
|
|-heal|p2a: Breloom|81/100 tox|[from] ability: Poison Heal
|upkeep
|turn|12
|
|t:|1706102974
|switch|p1a: Latios|Latios, M|100/100
|-damage|p1a: Latios|88/100|[from] Stealth Rock
|move|p2a: Breloom|Swords Dance|p2a: Breloom
|-boost|p2a: Breloom|atk|2
|
|-heal|p2a: Breloom|94/100 tox|[from] ability: Poison Heal
|upkeep
|turn|13
|
|t:|1706102977
|move|p2a: Breloom|Protect|p2a: Breloom
|-singleturn|p2a: Breloom|Protect
|move|p1a: Latios|Psyshock|p2a: Breloom
|-activate|p2a: Breloom|move: Protect
|
|-heal|p2a: Breloom|100/100 tox|[from] ability: Poison Heal
|upkeep
|turn|14
|
|t:|1706102992
|switch|p2a: Bronzong|Bronzong|61/100
|-damage|p2a: Bronzong|55/100|[from] Stealth Rock
|move|p1a: Latios|Psyshock|p2a: Bronzong
|-resisted|p2a: Bronzong
|-damage|p2a: Bronzong|48/100
|
|-heal|p2a: Bronzong|54/100|[from] item: Leftovers
|upkeep
|turn|15
|
|t:|1706103002
|switch|p1a: Scizor|Scizor, F|100/100
|-damage|p1a: Scizor|88/100|[from] Stealth Rock
|move|p2a: Bronzong|Earthquake|p1a: Scizor
|-damage|p1a: Scizor|64/100
|
|-heal|p2a: Bronzong|60/100|[from] item: Leftovers
|upkeep
|turn|16
|inactive|big ups pal has 120 seconds left.
|
|t:|1706103054
|switch|p2a: Tentacruel|Tentacruel, M|100/100
|-damage|p2a: Tentacruel|88/100|[from] Stealth Rock
|move|p1a: Scizor|U-turn|p2a: Tentacruel
|-resisted|p2a: Tentacruel
|-damage|p2a: Tentacruel|50/100
|inactive|for burp rooster has 120 seconds left.
|
|t:|1706103087
|switch|p1a: Ferrothorn|Ferrothorn, F|100/100|[from] U-turn
|-damage|p1a: Ferrothorn|94/100|[from] Stealth Rock
|
|-heal|p2a: Tentacruel|56/100|[from] item: Black Sludge
|upkeep
|turn|17
|
|t:|1706103094
|switch|p1a: Latios|Latios, M|88/100
|-damage|p1a: Latios|76/100|[from] Stealth Rock
|move|p2a: Tentacruel|Protect||[still]
|-fail|p2a: Tentacruel
|
|-heal|p2a: Tentacruel|62/100|[from] item: Black Sludge
|upkeep
|turn|18
|
|t:|1706103106
|move|p2a: Tentacruel|Protect|p2a: Tentacruel
|-singleturn|p2a: Tentacruel|Protect
|move|p1a: Latios|Psyshock|p2a: Tentacruel
|-activate|p2a: Tentacruel|move: Protect
|
|-heal|p2a: Tentacruel|68/100|[from] item: Black Sludge
|upkeep
|turn|19
|
|t:|1706103112
|switch|p2a: Bronzong|Bronzong|60/100
|-damage|p2a: Bronzong|54/100|[from] Stealth Rock
|move|p1a: Latios|Psyshock|p2a: Bronzong
|-resisted|p2a: Bronzong
|-damage|p2a: Bronzong|46/100
|
|-heal|p2a: Bronzong|52/100|[from] item: Leftovers
|upkeep
|turn|20
|
|t:|1706103122
|switch|p1a: Politoed|Politoed, F|100/100
|-damage|p1a: Politoed|88/100|[from] Stealth Rock
|-weather|RainDance|[from] ability: Drizzle|[of] p1a: Politoed
|move|p2a: Bronzong|Toxic|p1a: Politoed
|-status|p1a: Politoed|tox
|
|-weather|RainDance|[upkeep]
|-heal|p2a: Bronzong|58/100|[from] item: Leftovers
|-damage|p1a: Politoed|82/100 tox|[from] psn
|upkeep
|turn|21
|
|t:|1706103131
|switch|p2a: Breloom|Breloom, M, shiny|100/100 tox
|-damage|p2a: Breloom|94/100 tox|[from] Stealth Rock
|move|p1a: Politoed|Hydro Pump|p2a: Breloom
|-resisted|p2a: Breloom
|-damage|p2a: Breloom|34/100 tox
|
|-weather|RainDance|[upkeep]
|-damage|p1a: Politoed|69/100 tox|[from] psn
|-heal|p2a: Breloom|46/100 tox|[from] ability: Poison Heal
|upkeep
|turn|22
|
|t:|1706103143
|move|p2a: Breloom|Protect|p2a: Breloom
|-singleturn|p2a: Breloom|Protect
|move|p1a: Politoed|Hydro Pump|p2a: Breloom
|-activate|p2a: Breloom|move: Protect
|
|-weather|RainDance|[upkeep]
|-damage|p1a: Politoed|51/100 tox|[from] psn
|-heal|p2a: Breloom|59/100 tox|[from] ability: Poison Heal
|upkeep
|turn|23
|inactive|big ups pal has 120 seconds left.
|
|t:|1706103168
|switch|p2a: Politoed|Politoed, F|100/100
|-damage|p2a: Politoed|88/100|[from] Stealth Rock
|move|p1a: Politoed|Hydro Pump|p2a: Politoed
|-resisted|p2a: Politoed
|-damage|p2a: Politoed|40/100
|
|-weather|RainDance|[upkeep]
|-heal|p2a: Politoed|46/100|[from] item: Leftovers
|-damage|p1a: Politoed|26/100 tox|[from] psn
|upkeep
|turn|24
|
|t:|1706103176
|switch|p1a: Starmie|Starmie|100/100
|-damage|p1a: Starmie|88/100|[from] Stealth Rock
|-item|p1a: Starmie|Air Balloon
|move|p2a: Politoed|Scald|p1a: Starmie
|-resisted|p1a: Starmie
|-damage|p1a: Starmie|61/100
|-status|p1a: Starmie|brn
|-enditem|p1a: Starmie|Air Balloon
|
|-weather|RainDance|[upkeep]
|-heal|p2a: Politoed|52/100|[from] item: Leftovers
|-damage|p1a: Starmie|48/100 brn|[from] brn
|upkeep
|turn|25
|
|t:|1706103184
|move|p2a: Politoed|Protect|p2a: Politoed
|-singleturn|p2a: Politoed|Protect
|move|p1a: Starmie|Rapid Spin|p2a: Politoed
|-activate|p2a: Politoed|move: Protect
|
|-weather|RainDance|[upkeep]
|-heal|p2a: Politoed|58/100|[from] item: Leftovers
|-damage|p1a: Starmie|36/100 brn|[from] brn
|upkeep
|turn|26
|
|t:|1706103186
|move|p1a: Starmie|Rapid Spin|p2a: Politoed
|-damage|p2a: Politoed|57/100
|-sideend|p1: for burp rooster|Stealth Rock|[from] move: Rapid Spin|[of] p1a: Starmie
|move|p2a: Politoed|Scald|p1a: Starmie
|-resisted|p1a: Starmie
|-crit|p1a: Starmie
|-damage|p1a: Starmie|0 fnt
|faint|p1a: Starmie
|
|-weather|RainDance|[upkeep]
|-heal|p2a: Politoed|64/100|[from] item: Leftovers
|upkeep
|
|t:|1706103190
|switch|p1a: Thundurus|Thundurus-Therian, M|100/100
|turn|27
|
|t:|1706103196
|move|p1a: Thundurus|Agility|p1a: Thundurus
|-boost|p1a: Thundurus|spe|2
|move|p2a: Politoed|Scald|p1a: Thundurus
|-damage|p1a: Thundurus|55/100
|
|-weather|RainDance|[upkeep]
|-heal|p1a: Thundurus|61/100|[from] item: Leftovers
|-heal|p2a: Politoed|70/100|[from] item: Leftovers
|upkeep
|turn|28
|
|t:|1706103199
|move|p1a: Thundurus|Thunder|p2a: Politoed
|-supereffective|p2a: Politoed
|-damage|p2a: Politoed|0 fnt
|faint|p2a: Politoed
|
|-weather|RainDance|[upkeep]
|-heal|p1a: Thundurus|68/100|[from] item: Leftovers
|upkeep
|inactive|big ups pal has 120 seconds left.
|
|t:|1706103237
|switch|p2a: Bronzong|Bronzong|58/100
|-damage|p2a: Bronzong|52/100|[from] Stealth Rock
|turn|29
|
|t:|1706103261
|move|p1a: Thundurus|Thunder|p2a: Bronzong
|-damage|p2a: Bronzong|8/100
|move|p2a: Bronzong|Toxic|p1a: Thundurus
|-status|p1a: Thundurus|tox
|
|-weather|RainDance|[upkeep]
|-heal|p1a: Thundurus|74/100 tox|[from] item: Leftovers
|-heal|p2a: Bronzong|14/100|[from] item: Leftovers
|-damage|p1a: Thundurus|68/100 tox|[from] psn
|upkeep
|turn|30
|
|t:|1706103275
|switch|p2a: Thundurus|Thundurus-Therian, M|100/100
|-damage|p2a: Thundurus|76/100|[from] Stealth Rock
|move|p1a: Thundurus|Focus Blast|p2a: Thundurus|[miss]
|-miss|p1a: Thundurus|p2a: Thundurus
|
|-weather|RainDance|[upkeep]
|-heal|p1a: Thundurus|74/100 tox|[from] item: Leftovers
|-heal|p2a: Thundurus|82/100|[from] item: Leftovers
|-damage|p1a: Thundurus|61/100 tox|[from] psn
|upkeep
|turn|31
|
|t:|1706103280
|move|p1a: Thundurus|Hidden Power|p2a: Thundurus
|-supereffective|p2a: Thundurus
|-damage|p2a: Thundurus|23/100
|move|p2a: Thundurus|Hidden Power|p1a: Thundurus
|-supereffective|p1a: Thundurus
|-damage|p1a: Thundurus|0 fnt
|faint|p1a: Thundurus
|
|-weather|RainDance|[upkeep]
|-heal|p2a: Thundurus|29/100|[from] item: Leftovers
|upkeep
|
|t:|1706103288
|switch|p1a: Latios|Latios, M|76/100
|turn|32
|
|t:|1706103302
|move|p1a: Latios|Psyshock|p2a: Thundurus
|-damage|p2a: Thundurus|0 fnt
|faint|p2a: Thundurus
|
|-weather|RainDance|[upkeep]
|upkeep
|
|t:|1706103310
|switch|p2a: Bronzong|Bronzong|14/100
|-damage|p2a: Bronzong|8/100|[from] Stealth Rock
|turn|33
|
|t:|1706103333
|switch|p1a: Scizor|Scizor, F|64/100
|move|p2a: Bronzong|Toxic|p1a: Scizor
|-immune|p1a: Scizor
|
|-weather|RainDance|[upkeep]
|-heal|p2a: Bronzong|14/100|[from] item: Leftovers
|upkeep
|turn|34
|
|t:|1706103347
|switch|p2a: Tentacruel|Tentacruel, M|68/100
|-damage|p2a: Tentacruel|56/100|[from] Stealth Rock
|move|p1a: Scizor|U-turn|p2a: Tentacruel
|-resisted|p2a: Tentacruel
|-damage|p2a: Tentacruel|19/100
|
|t:|1706103351
|switch|p1a: Latios|Latios, M|76/100|[from] U-turn
|
|-weather|RainDance|[upkeep]
|-heal|p2a: Tentacruel|25/100|[from] ability: Rain Dish
|-heal|p2a: Tentacruel|32/100|[from] item: Black Sludge
|upkeep
|turn|35
|
|t:|1706103354
|move|p2a: Tentacruel|Protect|p2a: Tentacruel
|-singleturn|p2a: Tentacruel|Protect
|move|p1a: Latios|Psyshock|p2a: Tentacruel
|-activate|p2a: Tentacruel|move: Protect
|
|-weather|RainDance|[upkeep]
|-heal|p2a: Tentacruel|38/100|[from] ability: Rain Dish
|-heal|p2a: Tentacruel|44/100|[from] item: Black Sludge
|upkeep
|turn|36
|inactive|big ups pal has 120 seconds left.
|
|t:|1706103399
|switch|p2a: Bronzong|Bronzong|14/100
|-damage|p2a: Bronzong|8/100|[from] Stealth Rock
|move|p1a: Latios|Psyshock|p2a: Bronzong
|-resisted|p2a: Bronzong
|-damage|p2a: Bronzong|0 fnt
|faint|p2a: Bronzong
|
|-weather|RainDance|[upkeep]
|upkeep
|
|t:|1706103408
|switch|p2a: Breloom|Breloom, M, shiny|59/100 tox
|-damage|p2a: Breloom|53/100 tox|[from] Stealth Rock
|turn|37
|
|t:|1706103417
|move|p2a: Breloom|Protect|p2a: Breloom
|-singleturn|p2a: Breloom|Protect
|move|p1a: Latios|Psyshock|p2a: Breloom
|-activate|p2a: Breloom|move: Protect
|
|-weather|RainDance|[upkeep]
|-heal|p2a: Breloom|65/100 tox|[from] ability: Poison Heal
|upkeep
|turn|38
|inactive|big ups pal has 120 seconds left.
|
|t:|1706103453
|move|p2a: Breloom|Protect|p2a: Breloom
|-singleturn|p2a: Breloom|Protect
|move|p1a: Latios|Psyshock|p2a: Breloom
|-activate|p2a: Breloom|move: Protect
|
|-weather|RainDance|[upkeep]
|-heal|p2a: Breloom|78/100 tox|[from] ability: Poison Heal
|upkeep
|turn|39
|
|t:|1706103460
|switch|p2a: Keldeo|Keldeo|100/100
|-damage|p2a: Keldeo|94/100|[from] Stealth Rock
|move|p1a: Latios|Psyshock|p2a: Keldeo
|-supereffective|p2a: Keldeo
|-damage|p2a: Keldeo|0 fnt
|faint|p2a: Keldeo
|
|-weather|RainDance|[upkeep]
|upkeep
|
|t:|1706103464
|switch|p2a: Tentacruel|Tentacruel, M|44/100
|-damage|p2a: Tentacruel|31/100|[from] Stealth Rock
|turn|40
|
|t:|1706103469
|move|p2a: Tentacruel|Protect|p2a: Tentacruel
|-singleturn|p2a: Tentacruel|Protect
|move|p1a: Latios|Psyshock|p2a: Tentacruel
|-activate|p2a: Tentacruel|move: Protect
|
|-weather|RainDance|[upkeep]
|-heal|p2a: Tentacruel|37/100|[from] ability: Rain Dish
|-heal|p2a: Tentacruel|43/100|[from] item: Black Sludge
|upkeep
|turn|41
|
|t:|1706103472
|move|p2a: Tentacruel|Protect||[still]
|-fail|p2a: Tentacruel
|move|p1a: Latios|Psyshock|p2a: Tentacruel
|-supereffective|p2a: Tentacruel
|-damage|p2a: Tentacruel|0 fnt
|faint|p2a: Tentacruel
|
|-weather|RainDance|[upkeep]
|upkeep
|
|t:|1706103476
|switch|p2a: Breloom|Breloom, M, shiny|78/100 tox
|-damage|p2a: Breloom|71/100 tox|[from] Stealth Rock
|turn|42
|
|t:|1706103477
|move|p2a: Breloom|Protect|p2a: Breloom
|-singleturn|p2a: Breloom|Protect
|move|p1a: Latios|Psyshock|p2a: Breloom
|-activate|p2a: Breloom|move: Protect
|
|-weather|RainDance|[upkeep]
|-heal|p2a: Breloom|84/100 tox|[from] ability: Poison Heal
|upkeep
|turn|43
|
|t:|1706103479
|move|p2a: Breloom|Protect|p2a: Breloom
|-singleturn|p2a: Breloom|Protect
|move|p1a: Latios|Psyshock|p2a: Breloom
|-activate|p2a: Breloom|move: Protect
|
|-weather|RainDance|[upkeep]
|-heal|p2a: Breloom|96/100 tox|[from] ability: Poison Heal
|upkeep
|turn|44
|
|t:|1706103484
|switch|p1a: Scizor|Scizor, F|64/100
|move|p2a: Breloom|Swords Dance|p2a: Breloom
|-boost|p2a: Breloom|atk|2
|
|-weather|RainDance|[upkeep]
|-heal|p2a: Breloom|100/100 tox|[from] ability: Poison Heal
|upkeep
|turn|45
|
|t:|1706103491
|move|p2a: Breloom|Protect|p2a: Breloom
|-singleturn|p2a: Breloom|Protect
|move|p1a: Scizor|Superpower|p2a: Breloom
|-activate|p2a: Breloom|move: Protect
|
|-weather|RainDance|[upkeep]
|upkeep
|turn|46
|
|t:|1706103497
|move|p1a: Scizor|Superpower|p2a: Breloom
|-damage|p2a: Breloom|16/100 tox
|-unboost|p1a: Scizor|atk|1
|-unboost|p1a: Scizor|def|1
|move|p2a: Breloom|Drain Punch|p1a: Scizor
|-damage|p1a: Scizor|0 fnt
|-heal|p2a: Breloom|45/100 tox|[from] drain|[of] p1a: Scizor
|faint|p1a: Scizor
|
|-weather|RainDance|[upkeep]
|-heal|p2a: Breloom|58/100 tox|[from] ability: Poison Heal
|upkeep
|
|t:|1706103505
|switch|p1a: Latios|Latios, M|76/100
|turn|47
|
|t:|1706103512
|move|p2a: Breloom|Protect|p2a: Breloom
|-singleturn|p2a: Breloom|Protect
|move|p1a: Latios|Draco Meteor|p2a: Breloom
|-activate|p2a: Breloom|move: Protect
|
|-weather|RainDance|[upkeep]
|-heal|p2a: Breloom|70/100 tox|[from] ability: Poison Heal
|upkeep
|turn|48
|
|t:|1706103521
|move|p2a: Breloom|Protect|p2a: Breloom
|-singleturn|p2a: Breloom|Protect
|move|p1a: Latios|Draco Meteor|p2a: Breloom
|-activate|p2a: Breloom|move: Protect
|
|-weather|RainDance|[upkeep]
|-heal|p2a: Breloom|83/100 tox|[from] ability: Poison Heal
|upkeep
|turn|49
|
|t:|1706103526
|move|p1a: Latios|Draco Meteor|p2a: Breloom
|-damage|p2a: Breloom|5/100 tox
|-unboost|p1a: Latios|spa|2
|move|p2a: Breloom|Facade|p1a: Latios
|-damage|p1a: Latios|0 fnt
|faint|p1a: Latios
|
|-weather|RainDance|[upkeep]
|-heal|p2a: Breloom|17/100 tox|[from] ability: Poison Heal
|upkeep
|
|t:|1706103530
|switch|p1a: Politoed|Politoed, F|26/100 tox
|turn|50
|
|t:|1706103535
|move|p2a: Breloom|Protect|p2a: Breloom
|-singleturn|p2a: Breloom|Protect
|move|p1a: Politoed|Ice Beam|p2a: Breloom
|-activate|p2a: Breloom|move: Protect
|
|-weather|RainDance|[upkeep]
|-damage|p1a: Politoed|20/100 tox|[from] psn
|-heal|p2a: Breloom|30/100 tox|[from] ability: Poison Heal
|upkeep
|turn|51
|
|t:|1706103538
|move|p1a: Politoed|Ice Beam|p2a: Breloom
|-supereffective|p2a: Breloom
|-damage|p2a: Breloom|0 fnt
|faint|p2a: Breloom
|
|win|for burp rooster
|raw|for burp rooster's rating: 1392 &rarr; <strong>1413</strong><br />(+21 for winning)
|raw|big ups pal's rating: 1405 &rarr; <strong>1384</strong><br />(-21 for losing)
|c|☆for burp rooster|gg
|c|☆for burp rooster|almost
|c|☆big ups pal|gg
|c|☆big ups pal|Mann
|l|☆big ups pal
|player|p2|
