|j|☆palworld_is_god
|j|☆el janitor
|t:|1707255631
|gametype|singles
|player|p1|palworld_is_god|102|1412
|player|p2|el janitor|265|1520
|teamsize|p1|6
|teamsize|p2|6
|gen|5
|tier|[Gen 5] OU
|rated|
|rule|Species Clause: Limit one of each Pokémon
|rule|OHKO Clause: OHKO moves are banned
|rule|Moody Clause: Moody is banned
|rule|Evasion Items Clause: Evasion items are banned
|rule|Evasion Moves Clause: Evasion moves are banned
|rule|Endless Battle Clause: Forcing endless battles is banned
|rule|HP Percentage Mod: HP is shown in percentages
|rule|Evasion Abilities Clause: Evasion abilities are banned
|rule|Sleep Moves Clause: Sleep-inducing moves are banned
|rule|Swagger Clause: Swagger is banned
|rule|Baton Pass Stat Clause: No Baton Passer may have a way to boost its stats
|clearpoke
|poke|p1|Jirachi|item
|poke|p1|Alakazam, F|item
|poke|p1|Ferrothorn, M|item
|poke|p1|Reuniclus, M|item
|poke|p1|Rotom-Wash|item
|poke|p1|Gliscor, F|item
|poke|p2|Dragonite, F|item
|poke|p2|Politoed, M|item
|poke|p2|Tentacruel, F|item
|poke|p2|Breloom, F|item
|poke|p2|Latios, M|item
|poke|p2|Mamoswine, F|item
|teampreview
|inactive|Battle timer is ON: inactive players will automatically lose when time's up. (requested by el janitor)
|inactive|palworld_is_god also wants the timer to be on.
|
|t:|1707255657
|start
|switch|p1a: Rotom|Rotom-Wash|100/100
|switch|p2a: Politoed|Politoed, M, shiny|100/100
|-weather|RainDance|[from] ability: Drizzle|[of] p2a: Politoed
|turn|1
|
|t:|1707255663
|move|p2a: Politoed|Protect|p2a: Politoed
|-singleturn|p2a: Politoed|Protect
|move|p1a: Rotom|Discharge|p2a: Politoed
|-activate|p2a: Politoed|move: Protect
|
|-weather|RainDance|[upkeep]
|upkeep
|turn|2
|
|t:|1707255670
|move|p1a: Rotom|Discharge|p2a: Politoed
|-supereffective|p2a: Politoed
|-damage|p2a: Politoed|31/100
|move|p2a: Politoed|Scald|p1a: Rotom
|-resisted|p1a: Rotom
|-damage|p1a: Rotom|74/100
|
|-weather|RainDance|[upkeep]
|-heal|p1a: Rotom|80/100|[from] item: Leftovers
|-heal|p2a: Politoed|37/100|[from] item: Leftovers
|upkeep
|turn|3
|
|t:|1707255681
|switch|p2a: Mamoswine|Mamoswine, F|100/100
|move|p1a: Rotom|Hydro Pump|p2a: Mamoswine
|-supereffective|p2a: Mamoswine
|-crit|p2a: Mamoswine
|-enditem|p2a: Mamoswine|Focus Sash
|-damage|p2a: Mamoswine|1/100
|
|-weather|RainDance|[upkeep]
|-heal|p1a: Rotom|86/100|[from] item: Leftovers
|upkeep
|turn|4
|
|t:|1707255691
|move|p1a: Rotom|Hidden Power|p2a: Mamoswine
|-supereffective|p2a: Mamoswine
|-damage|p2a: Mamoswine|0 fnt
|faint|p2a: Mamoswine
|
|-weather|RainDance|[upkeep]
|-heal|p1a: Rotom|93/100|[from] item: Leftovers
|upkeep
|
|t:|1707255694
|switch|p2a: Latios|Latios, M|100/100
|turn|5
|
|t:|1707255702
|switch|p1a: Ferrothorn|Ferrothorn, M|100/100
|move|p2a: Latios|Draco Meteor|p1a: Ferrothorn
|-resisted|p1a: Ferrothorn
|-damage|p1a: Ferrothorn|77/100
|-unboost|p2a: Latios|spa|2
|
|-weather|RainDance|[upkeep]
|-heal|p1a: Ferrothorn|83/100|[from] item: Leftovers
|upkeep
|turn|6
|
|t:|1707255711
|switch|p2a: Breloom|Breloom, F|100/100
|move|p1a: Ferrothorn|Thunder Wave|p2a: Breloom
|-status|p2a: Breloom|par
|
|-weather|RainDance|[upkeep]
|-heal|p1a: Ferrothorn|89/100|[from] item: Leftovers
|upkeep
|turn|7
|
|t:|1707255722
|switch|p1a: Jirachi|Jirachi|100/100
|move|p2a: Breloom|Superpower|p1a: Jirachi
|-damage|p1a: Jirachi|0 fnt
|-unboost|p2a: Breloom|atk|1
|-unboost|p2a: Breloom|def|1
|faint|p1a: Jirachi
|
|-weather|RainDance|[upkeep]
|upkeep
|
|t:|1707255731
|switch|p1a: Reuniclus|Reuniclus, M|100/100
|turn|8
|c|☆el janitor|full fake stall
|c|☆el janitor|bet trick room?
|
|t:|1707255744
|switch|p2a: Politoed|Politoed, M, shiny|37/100
|move|p1a: Reuniclus|Calm Mind|p1a: Reuniclus
|-boost|p1a: Reuniclus|spa|1
|-boost|p1a: Reuniclus|spd|1
|
|-weather|RainDance|[upkeep]
|-heal|p2a: Politoed|44/100|[from] item: Leftovers
|upkeep
|turn|9
|c|☆el janitor|worse
|
|t:|1707255751
|switch|p1a: Rotom|Rotom-Wash|93/100
|move|p2a: Politoed|Encore||[still]
|-fail|p2a: Politoed
|
|-weather|RainDance|[upkeep]
|-heal|p1a: Rotom|99/100|[from] item: Leftovers
|-heal|p2a: Politoed|50/100|[from] item: Leftovers
|upkeep
|turn|10
|
|t:|1707255759
|move|p2a: Politoed|Protect|p2a: Politoed
|-singleturn|p2a: Politoed|Protect
|move|p1a: Rotom|Discharge|p2a: Politoed
|-activate|p2a: Politoed|move: Protect
|
|-weather|RainDance|[upkeep]
|-heal|p1a: Rotom|100/100|[from] item: Leftovers
|-heal|p2a: Politoed|56/100|[from] item: Leftovers
|upkeep
|turn|11
|
|t:|1707255766
|switch|p2a: Tentacruel|Tentacruel, F|100/100
|move|p1a: Rotom|Discharge|p2a: Tentacruel
|-supereffective|p2a: Tentacruel
|-damage|p2a: Tentacruel|34/100
|
|-weather|RainDance|[upkeep]
|-heal|p2a: Tentacruel|40/100|[from] ability: Rain Dish
|-heal|p2a: Tentacruel|46/100|[from] item: Black Sludge
|upkeep
|turn|12
|
|t:|1707255779
|switch|p2a: Latios|Latios, M|100/100
|move|p1a: Rotom|Discharge|p2a: Latios
|-resisted|p2a: Latios
|-damage|p2a: Latios|80/100
|
|-weather|RainDance|[upkeep]
|upkeep
|turn|13
|
|t:|1707255786
|switch|p2a: Breloom|Breloom, F|100/100 par
|move|p1a: Rotom|Thunder Wave|p2a: Breloom
|-fail|p2a: Breloom|par
|
|-weather|RainDance|[upkeep]
|upkeep
|turn|14
|
|t:|1707255792
|move|p1a: Rotom|Hidden Power|p2a: Breloom
|-supereffective|p2a: Breloom
|-damage|p2a: Breloom|56/100 par
|move|p2a: Breloom|Bullet Seed|p1a: Rotom
|-supereffective|p1a: Rotom
|-damage|p1a: Rotom|22/100
|-supereffective|p1a: Rotom
|-damage|p1a: Rotom|0 fnt
|faint|p1a: Rotom
|-hitcount|p1: Rotom|2
|
|-weather|RainDance|[upkeep]
|upkeep
|
|t:|1707255801
|switch|p1a: Alakazam|Alakazam, F|100/100
|turn|15
|
|t:|1707255808
|switch|p2a: Politoed|Politoed, M, shiny|56/100
|move|p1a: Alakazam|Psyshock|p2a: Politoed
|-damage|p2a: Politoed|21/100
|
|-weather|RainDance|[upkeep]
|-heal|p2a: Politoed|27/100|[from] item: Leftovers
|upkeep
|turn|16
|
|t:|1707255815
|move|p2a: Politoed|Protect|p2a: Politoed
|-singleturn|p2a: Politoed|Protect
|move|p1a: Alakazam|Psyshock|p2a: Politoed
|-activate|p2a: Politoed|move: Protect
|
|-weather|RainDance|[upkeep]
|-heal|p2a: Politoed|34/100|[from] item: Leftovers
|upkeep
|turn|17
|
|t:|1707255822
|move|p1a: Alakazam|Psyshock|p2a: Politoed
|-damage|p2a: Politoed|3/100
|move|p2a: Politoed|Scald|p1a: Alakazam
|-damage|p1a: Alakazam|38/100
|-status|p1a: Alakazam|brn
|
|-weather|RainDance|[upkeep]
|-heal|p2a: Politoed|9/100|[from] item: Leftovers
|upkeep
|turn|18
|
|t:|1707255833
|move|p2a: Politoed|Protect|p2a: Politoed
|-singleturn|p2a: Politoed|Protect
|move|p1a: Alakazam|Psyshock|p2a: Politoed
|-activate|p2a: Politoed|move: Protect
|
|-weather|RainDance|[upkeep]
|-heal|p2a: Politoed|15/100|[from] item: Leftovers
|upkeep
|turn|19
|
|t:|1707255840
|switch|p2a: Latios|Latios, M|80/100
|move|p1a: Alakazam|Psyshock|p2a: Latios
|-resisted|p2a: Latios
|-damage|p2a: Latios|52/100
|
|-weather|RainDance|[upkeep]
|upkeep
|turn|20
|
|t:|1707255849
|switch|p1a: Ferrothorn|Ferrothorn, M|89/100
|move|p2a: Latios|Draco Meteor|p1a: Ferrothorn
|-resisted|p1a: Ferrothorn
|-damage|p1a: Ferrothorn|62/100
|-unboost|p2a: Latios|spa|2
|
|-weather|RainDance|[upkeep]
|-heal|p1a: Ferrothorn|68/100|[from] item: Leftovers
|upkeep
|turn|21
|
|t:|1707255857
|switch|p2a: Breloom|Breloom, F|56/100 par
|switch|p1a: Alakazam|Alakazam, F|38/100 brn
|
|-weather|RainDance|[upkeep]
|upkeep
|turn|22
|
|t:|1707255863
|switch|p1a: Gliscor|Gliscor, F|100/100
|cant|p2a: Breloom|par
|
|-weather|RainDance|[upkeep]
|-status|p1a: Gliscor|tox|[from] item: Toxic Orb
|upkeep
|turn|23
|
|t:|1707255875
|switch|p2a: Politoed|Politoed, M, shiny|15/100
|move|p1a: Gliscor|Facade|p2a: Politoed
|-damage|p2a: Politoed|0 fnt
|faint|p2a: Politoed
|
|-weather|RainDance|[upkeep]
|upkeep
|
|t:|1707255877
|switch|p2a: Dragonite|Dragonite, F|100/100
|turn|24
|
|t:|1707255883
|move|p2a: Dragonite|Dragon Dance|p2a: Dragonite
|-boost|p2a: Dragonite|atk|1
|-boost|p2a: Dragonite|spe|1
|move|p1a: Gliscor|Facade|p2a: Dragonite
|-damage|p2a: Dragonite|88/100
|
|-weather|RainDance|[upkeep]
|-heal|p2a: Dragonite|94/100|[from] item: Leftovers
|upkeep
|turn|25
|
|t:|1707255893
|move|p2a: Dragonite|Substitute|p2a: Dragonite
|-start|p2a: Dragonite|Substitute
|-damage|p2a: Dragonite|69/100
|move|p1a: Gliscor|Facade|p2a: Dragonite
|-end|p2a: Dragonite|Substitute
|
|-weather|RainDance|[upkeep]
|-heal|p2a: Dragonite|75/100|[from] item: Leftovers
|upkeep
|turn|26
|
|t:|1707255900
|move|p2a: Dragonite|Dragon Dance|p2a: Dragonite
|-boost|p2a: Dragonite|atk|1
|-boost|p2a: Dragonite|spe|1
|move|p1a: Gliscor|Facade|p2a: Dragonite
|-damage|p2a: Dragonite|51/100
|
|-weather|RainDance|[upkeep]
|-heal|p2a: Dragonite|57/100|[from] item: Leftovers
|upkeep
|turn|27
|
|t:|1707255910
|move|p2a: Dragonite|Roost|p2a: Dragonite
|-heal|p2a: Dragonite|100/100
|-singleturn|p2a: Dragonite|move: Roost
|move|p1a: Gliscor|Facade|p2a: Dragonite
|-damage|p2a: Dragonite|87/100
|
|-weather|RainDance|[upkeep]
|-heal|p2a: Dragonite|94/100|[from] item: Leftovers
|upkeep
|turn|28
|
|t:|1707255939
|move|p2a: Dragonite|Substitute|p2a: Dragonite
|-start|p2a: Dragonite|Substitute
|-damage|p2a: Dragonite|69/100
|move|p1a: Gliscor|Swords Dance|p1a: Gliscor
|-boost|p1a: Gliscor|atk|2
|
|-weather|RainDance|[upkeep]
|-heal|p2a: Dragonite|75/100|[from] item: Leftovers
|upkeep
|turn|29
|
|t:|1707255950
|move|p2a: Dragonite|Dragon Dance|p2a: Dragonite
|-boost|p2a: Dragonite|atk|1
|-boost|p2a: Dragonite|spe|1
|move|p1a: Gliscor|Facade|p2a: Dragonite
|-end|p2a: Dragonite|Substitute
|
|-weather|RainDance|[upkeep]
|-heal|p2a: Dragonite|81/100|[from] item: Leftovers
|upkeep
|turn|30
|
|t:|1707255957
|move|p2a: Dragonite|Dragon Dance|p2a: Dragonite
|-boost|p2a: Dragonite|atk|1
|-boost|p2a: Dragonite|spe|1
|move|p1a: Gliscor|Facade|p2a: Dragonite
|-damage|p2a: Dragonite|30/100
|
|-weather|RainDance|[upkeep]
|-heal|p2a: Dragonite|36/100|[from] item: Leftovers
|upkeep
|turn|31
|
|t:|1707255967
|move|p2a: Dragonite|Roost|p2a: Dragonite
|-heal|p2a: Dragonite|86/100
|-singleturn|p2a: Dragonite|move: Roost
|move|p1a: Gliscor|Facade|p2a: Dragonite
|-damage|p2a: Dragonite|36/100
|
|-weather|RainDance|[upkeep]
|-heal|p2a: Dragonite|42/100|[from] item: Leftovers
|upkeep
|turn|32
|
|t:|1707255975
|move|p2a: Dragonite|Roost|p2a: Dragonite
|-heal|p2a: Dragonite|92/100
|-singleturn|p2a: Dragonite|move: Roost
|move|p1a: Gliscor|Facade|p2a: Dragonite
|-damage|p2a: Dragonite|42/100
|
|-weather|RainDance|[upkeep]
|-heal|p2a: Dragonite|49/100|[from] item: Leftovers
|upkeep
|turn|33
|
|t:|1707255986
|move|p2a: Dragonite|Roost|p2a: Dragonite
|-heal|p2a: Dragonite|99/100
|-singleturn|p2a: Dragonite|move: Roost
|move|p1a: Gliscor|Swords Dance|p1a: Gliscor
|-boost|p1a: Gliscor|atk|2
|
|-weather|RainDance|[upkeep]
|-heal|p2a: Dragonite|100/100|[from] item: Leftovers
|upkeep
|turn|34
|
|t:|1707255994
|move|p2a: Dragonite|Dragon Claw|p1a: Gliscor
|-damage|p1a: Gliscor|10/100 tox
|move|p1a: Gliscor|Earthquake|p2a: Dragonite
|-immune|p2a: Dragonite
|
|-weather|RainDance|[upkeep]
|-heal|p1a: Gliscor|23/100 tox|[from] ability: Poison Heal
|upkeep
|turn|35
|-message|palworld_is_god forfeited.
|
|win|el janitor
|raw|palworld_is_god's rating: 1412 &rarr; <strong>1398</strong><br />(-14 for losing)
|raw|el janitor's rating: 1520 &rarr; <strong>1534</strong><br />(+14 for winning)
|l|☆palworld_is_god
|player|p1|
