|j|☆emilundso
|j|☆nidiedi
|t:|1724419780
|gametype|singles
|player|p1|emilundso|roxie|1409
|player|p2|nidiedi|1|1484
|teamsize|p1|6
|teamsize|p2|6
|gen|5
|tier|[Gen 5] OU
|rated|
|rule|Species Clause: Limit one of each Pokémon
|rule|OHKO Clause: OHKO moves are banned
|rule|Moody Clause: Moody is banned
|rule|Evasion Items Clause: Evasion items are banned
|rule|Evasion Moves Clause: Evasion moves are banned
|rule|Endless Battle Clause: Forcing endless battles is banned
|rule|HP Percentage Mod: HP is shown in percentages
|rule|Evasion Abilities Clause: Evasion abilities are banned
|rule|Sleep Moves Clause: Sleep-inducing moves are banned
|rule|Swagger Clause: Swagger is banned
|rule|Baton Pass Stat Clause: No Baton Passer may have a way to boost its stats
|clearpoke
|poke|p1|Mamoswine, M|item
|poke|p1|Latios, M|item
|poke|p1|Scizor, F|item
|poke|p1|Latias, F|item
|poke|p1|Terrakion|item
|poke|p1|Magnezone|item
|poke|p2|Volcarona, F|item
|poke|p2|Salamence, M|item
|poke|p2|Xatu, M|item
|poke|p2|Ninetales, F|item
|poke|p2|Excadrill, M|item
|poke|p2|Heatran, M|item
|teampreview
|inactive|Battle timer is ON: inactive players will automatically lose when time's up. (requested by nidiedi)
|inactive|nidiedi has 120 seconds left.
|
|t:|1724419814
|start
|switch|p1a: Mamoswine|Mamoswine, M|100/100
|switch|p2a: Salamence|Salamence, M|100/100
|turn|1
|
|t:|1724419838
|move|p2a: Salamence|Dragon Claw|p1a: Mamoswine
|-damage|p1a: Mamoswine|51/100
|move|p1a: Mamoswine|Stealth Rock|p2a: Salamence
|-sidestart|p2: nidiedi|move: Stealth Rock
|
|upkeep
|turn|2
|
|t:|1724419851
|switch|p2a: Ninetales|Ninetales, F|100/100
|-damage|p2a: Ninetales|76/100|[from] Stealth Rock
|-weather|SunnyDay|[from] ability: Drought|[of] p2a: Ninetales
|move|p1a: Mamoswine|Ice Shard|p2a: Ninetales
|-resisted|p2a: Ninetales
|-damage|p2a: Ninetales|63/100
|-enditem|p2a: Ninetales|Eject Button
|inactive|nidiedi has 120 seconds left.
|
|t:|1724419870
|switch|p2a: Heatran|Heatran, M|100/100
|-damage|p2a: Heatran|88/100|[from] Stealth Rock
|-item|p2a: Heatran|Air Balloon
|
|-weather|SunnyDay|[upkeep]
|upkeep
|turn|3
|inactive|nidiedi has 120 seconds left.
|
|t:|1724419888
|move|p1a: Mamoswine|Ice Shard|p2a: Heatran
|-resisted|p2a: Heatran
|-damage|p2a: Heatran|82/100
|-enditem|p2a: Heatran|Air Balloon
|move|p2a: Heatran|Flame Charge|p1a: Mamoswine
|-supereffective|p1a: Mamoswine
|-crit|p1a: Mamoswine
|-damage|p1a: Mamoswine|0 fnt
|-boost|p2a: Heatran|spe|1
|faint|p1a: Mamoswine
|
|-weather|SunnyDay|[upkeep]
|upkeep
|
|t:|1724419900
|switch|p1a: Terrakion|Terrakion|100/100
|turn|4
|
|t:|1724419909
|move|p1a: Terrakion|Close Combat|p2a: Heatran
|-supereffective|p2a: Heatran
|-damage|p2a: Heatran|0 fnt
|-unboost|p1a: Terrakion|def|1
|-unboost|p1a: Terrakion|spd|1
|faint|p2a: Heatran
|
|-weather|SunnyDay|[upkeep]
|upkeep
|inactive|nidiedi has 120 seconds left.
|
|t:|1724419920
|switch|p2a: ru|Xatu, M|100/100
|-damage|p2a: ru|76/100|[from] Stealth Rock
|turn|5
|inactive|nidiedi has 120 seconds left.
|
|t:|1724419943
|switch|p1a: Scizor|Scizor, F|100/100
|switch|p2a: Excadrill|Excadrill, M|100/100
|-damage|p2a: Excadrill|97/100|[from] Stealth Rock
|-ability|p2a: Excadrill|Mold Breaker
|
|-weather|SunnyDay|[upkeep]
|-heal|p2a: Excadrill|100/100|[from] item: Leftovers
|upkeep
|turn|6
|
|t:|1724419954
|move|p2a: Excadrill|Rapid Spin|p1a: Scizor
|-resisted|p1a: Scizor
|-damage|p1a: Scizor|97/100
|-sideend|p2: nidiedi|Stealth Rock|[from] move: Rapid Spin|[of] p2a: Excadrill
|move|p1a: Scizor|Superpower|p2a: Excadrill
|-supereffective|p2a: Excadrill
|-damage|p2a: Excadrill|0 fnt
|-unboost|p1a: Scizor|atk|1
|-unboost|p1a: Scizor|def|1
|faint|p2a: Excadrill
|
|-weather|SunnyDay|[upkeep]
|upkeep
|
|t:|1724419979
|switch|p2a: Volcarona|Volcarona, F|100/100
|turn|7
|
|t:|1724419988
|switch|p1a: Terrakion|Terrakion|100/100
|move|p2a: Volcarona|Fire Blast|p1a: Terrakion
|-resisted|p1a: Terrakion
|-damage|p1a: Terrakion|43/100
|
|-weather|SunnyDay|[upkeep]
|upkeep
|turn|8
|
|t:|1724420001
|move|p1a: Terrakion|Rock Slide|p2a: Volcarona|[miss]
|-miss|p1a: Terrakion|p2a: Volcarona
|move|p2a: Volcarona|Fire Blast|p1a: Terrakion
|-resisted|p1a: Terrakion
|-damage|p1a: Terrakion|0 fnt
|faint|p1a: Terrakion
|
|-weather|SunnyDay|[upkeep]
|upkeep
|
|t:|1724420010
|switch|p1a: Latios|Latios, M|100/100
|turn|9
|
|t:|1724420025
|switch|p2a: ru|Xatu, M|76/100
|move|p1a: Latios|Draco Meteor|p2a: ru
|-damage|p2a: ru|0 fnt
|-unboost|p1a: Latios|spa|2
|faint|p2a: ru
|
|-weather|SunnyDay|[upkeep]
|upkeep
|
|t:|1724420031
|switch|p2a: Volcarona|Volcarona, F|100/100
|turn|10
|j| My name is Blaise
|
|t:|1724420052
|move|p1a: Latios|Draco Meteor|p2a: Volcarona|[miss]
|-miss|p1a: Latios|p2a: Volcarona
|move|p2a: Volcarona|Quiver Dance|p2a: Volcarona
|-boost|p2a: Volcarona|spa|1
|-boost|p2a: Volcarona|spd|1
|-boost|p2a: Volcarona|spe|1
|
|-weather|SunnyDay|[upkeep]
|upkeep
|turn|11
|c|☆emilundso|fuck this skibidi ass game
|inactive|emilundso has 120 seconds left.
|
|t:|1724420072
|move|p2a: Volcarona|Quiver Dance|p2a: Volcarona
|-boost|p2a: Volcarona|spa|1
|-boost|p2a: Volcarona|spd|1
|-boost|p2a: Volcarona|spe|1
|move|p1a: Latios|Draco Meteor|p2a: Volcarona
|-damage|p2a: Volcarona|74/100
|-unboost|p1a: Latios|spa|2
|
|-weather|SunnyDay|[upkeep]
|upkeep
|turn|12
|inactive|emilundso has 120 seconds left.
|inactive|nidiedi has 120 seconds left.
|c|☆nidiedi|sry
|
|t:|1724420098
|switch|p1a: Latias|Latias, F|100/100
|move|p2a: Volcarona|Quiver Dance|p2a: Volcarona
|-boost|p2a: Volcarona|spa|1
|-boost|p2a: Volcarona|spd|1
|-boost|p2a: Volcarona|spe|1
|
|-weather|SunnyDay|[upkeep]
|upkeep
|turn|13
|c|☆emilundso|all good
|inactive|emilundso has 120 seconds left.
|
|t:|1724420108
|move|p2a: Volcarona|Hidden Power|p1a: Latias
|-supereffective|p1a: Latias
|-damage|p1a: Latias|0 fnt
|faint|p1a: Latias
|
|-weather|SunnyDay|[upkeep]
|upkeep
|inactive|emilundso has 120 seconds left.
|
|t:|1724420114
|switch|p1a: Scizor|Scizor, F|97/100
|turn|14
|
|t:|1724420118
|move|p1a: Scizor|Quick Attack|p2a: Volcarona
|-damage|p2a: Volcarona|26/100
|-status|p1a: Scizor|brn|[from] ability: Flame Body|[of] p2a: Volcarona
|move|p2a: Volcarona|Fire Blast|p1a: Scizor
|-supereffective|p1a: Scizor
|-damage|p1a: Scizor|0 fnt
|faint|p1a: Scizor
|
|-weather|SunnyDay|[upkeep]
|upkeep
|
|t:|1724420127
|switch|p1a: Latios|Latios, M|100/100
|turn|15
|
|t:|1724420132
|move|p2a: Volcarona|Hidden Power|p1a: Latios
|-supereffective|p1a: Latios
|-damage|p1a: Latios|0 fnt
|faint|p1a: Latios
|
|-weather|SunnyDay|[upkeep]
|upkeep
|
|t:|1724420138
|switch|p1a: Magnezone|Magnezone|100/100
|turn|16
|
|t:|1724420144
|move|p2a: Volcarona|Giga Drain|p1a: Magnezone
|-resisted|p1a: Magnezone
|-damage|p1a: Magnezone|52/100
|-heal|p2a: Volcarona|46/100|[from] drain|[of] p1a: Magnezone
|move|p1a: Magnezone|Thunderbolt|p2a: Volcarona
|-damage|p2a: Volcarona|17/100
|-status|p2a: Volcarona|par
|
|-weather|SunnyDay|[upkeep]
|upkeep
|turn|17
|
|t:|1724420154
|move|p1a: Magnezone|Thunderbolt|p2a: Volcarona
|-damage|p2a: Volcarona|0 fnt
|faint|p2a: Volcarona
|
|-weather|SunnyDay|[upkeep]
|upkeep
|
|t:|1724420157
|switch|p2a: Salamence|Salamence, M|100/100
|turn|18
|
|t:|1724420160
|move|p2a: Salamence|Earthquake|p1a: Magnezone
|-supereffective|p1a: Magnezone
|-damage|p1a: Magnezone|0 fnt
|faint|p1a: Magnezone
|-ability|p2a: Salamence|Moxie|boost
|-boost|p2a: Salamence|atk|1
|
|win|nidiedi
|raw|emilundso's rating: 1409 &rarr; <strong>1393</strong><br />(-16 for losing)
|raw|nidiedi's rating: 1484 &rarr; <strong>1500</strong><br />(+16 for winning)
|l|☆emilundso
|player|p1|
