|j|☆poltronito
|j|☆Sayona's Smile
|player|p1|poltronito|unknown|1571
|player|p2|Sayona's Smile|170|1457
|teamsize|p1|6
|teamsize|p2|6
|gametype|singles
|gen|5
|tier|[Gen 5] OU
|rated|
|clearpoke
|poke|p1|Tyranitar, M|item
|poke|p1|Excadrill, F|item
|poke|p1|Amoonguss, M|item
|poke|p1|Garchomp, F|item
|poke|p1|Rotom-Wash|item
|poke|p1|Gliscor, M|item
|poke|p2|Tyranitar, M|item
|poke|p2|Mienshao, M|item
|poke|p2|Jellicent, F|item
|poke|p2|Latios, M|item
|poke|p2|Gliscor, M|item
|poke|p2|Ferrothorn, M|item
|rule|Species Clause: Limit one of each Pokémon
|rule|OHKO Clause: OHKO moves are banned
|rule|Moody Clause: Moody is banned
|rule|Evasion Moves Clause: Evasion moves are banned
|rule|Endless Battle Clause: Forcing endless battles is banned
|rule|HP Percentage Mod: HP is shown in percentages
|rule|Evasion Abilities Clause: Evasion abilities are banned
|rule|Baton Pass Clause: Limit one Baton Passer, can't pass Spe and other stats simultaneously
|rule|Sleep Clause: Sleep-inducing moves are banned
|rule|Swagger Clause: Swagger is banned
|teampreview
|inactive|Battle timer is ON: inactive players will automatically lose when time's up. (requested by Sayona's Smile)
|
|start
|switch|p1a: Rotom|Rotom-Wash|100/100
|switch|p2a: Tyranitar|Tyranitar, M|100/100
|-weather|Sandstorm|[from] ability: Sand Stream|[of] p2a: Tyranitar
|turn|1
|
|switch|p2a: Ferrothorn|Ferrothorn, M|100/100
|move|p1a: Rotom|Will-O-Wisp|p2a: Ferrothorn
|-status|p2a: Ferrothorn|brn
|
|-weather|Sandstorm|[upkeep]
|-damage|p1a: Rotom|95/100|[from] Sandstorm
|-heal|p1a: Rotom|100/100|[from] item: Leftovers
|-damage|p2a: Ferrothorn|88/100 brn|[from] brn
|upkeep
|turn|2
|
|move|p1a: Rotom|Volt Switch|p2a: Ferrothorn
|-resisted|p2a: Ferrothorn
|-damage|p2a: Ferrothorn|79/100 brn
|
|switch|p1a: Excadrill|Excadrill, F|100/100|[from]move: Volt Switch
|move|p2a: Ferrothorn|Spikes|p1a: Excadrill
|-sidestart|p1: poltronito|Spikes
|
|-weather|Sandstorm|[upkeep]
|-heal|p2a: Ferrothorn|85/100 brn|[from] item: Leftovers
|-damage|p2a: Ferrothorn|73/100 brn|[from] brn
|upkeep
|turn|3
|
|switch|p2a: Gliscor|Gliscor, M, shiny|100/100
|move|p1a: Excadrill|Earthquake|p2a: Gliscor
|-immune|p2a: Gliscor
|
|-weather|Sandstorm|[upkeep]
|-status|p2a: Gliscor|tox|[from] item: Toxic Orb
|upkeep
|turn|4
|
|switch|p1a: Amoonguss|Amoonguss, M|100/100
|-damage|p1a: Amoonguss|88/100|[from] Spikes
|switch|p2a: Latios|Latios, M|100/100
|
|-weather|Sandstorm|[upkeep]
|-damage|p2a: Latios|95/100|[from] Sandstorm
|-damage|p1a: Amoonguss|82/100|[from] Sandstorm
|-heal|p1a: Amoonguss|88/100|[from] item: Black Sludge
|upkeep
|turn|5
|
|move|p2a: Latios|Surf|p1a: Amoonguss
|-resisted|p1a: Amoonguss
|-damage|p1a: Amoonguss|74/100
|-damage|p2a: Latios|85/100|[from] item: Life Orb
|move|p1a: Amoonguss|Stun Spore|p2a: Latios
|-status|p2a: Latios|par
|
|-weather|Sandstorm|[upkeep]
|-damage|p1a: Amoonguss|68/100|[from] Sandstorm
|-damage|p2a: Latios|79/100 par|[from] Sandstorm
|-heal|p1a: Amoonguss|74/100|[from] item: Black Sludge
|upkeep
|turn|6
|
|switch|p1a: Tyranitar|Tyranitar, M|100/100
|-damage|p1a: Tyranitar|88/100|[from] Spikes
|move|p2a: Latios|Draco Meteor|p1a: Tyranitar
|-damage|p1a: Tyranitar|43/100
|-unboost|p2a: Latios|spa|2
|-damage|p2a: Latios|69/100 par|[from] item: Life Orb
|
|-weather|Sandstorm|[upkeep]
|-damage|p2a: Latios|63/100 par|[from] Sandstorm
|upkeep
|turn|7
|
|switch|p2a: Tyranitar|Tyranitar, M|100/100
|move|p1a: Tyranitar|Stealth Rock|p2a: Tyranitar
|-sidestart|p2: Sayona's Smile|move: Stealth Rock
|
|-weather|Sandstorm|[upkeep]
|upkeep
|turn|8
|
|switch|p1a: Rotom|Rotom-Wash|100/100
|move|p2a: Tyranitar|Superpower|p1a: Rotom
|-damage|p1a: Rotom|58/100
|-unboost|p2a: Tyranitar|atk|1
|-unboost|p2a: Tyranitar|def|1
|
|-weather|Sandstorm|[upkeep]
|-damage|p1a: Rotom|52/100|[from] Sandstorm
|-heal|p1a: Rotom|58/100|[from] item: Leftovers
|upkeep
|turn|9
|
|move|p1a: Rotom|Volt Switch|p2a: Tyranitar
|-damage|p2a: Tyranitar|88/100
|
|switch|p1a: Excadrill|Excadrill, F|100/100|[from]move: Volt Switch
|-damage|p1a: Excadrill|88/100|[from] Spikes
|move|p2a: Tyranitar|Stealth Rock|p1a: Excadrill
|-sidestart|p1: poltronito|move: Stealth Rock
|
|-weather|Sandstorm|[upkeep]
|-heal|p1a: Excadrill|94/100|[from] item: Leftovers
|upkeep
|turn|10
|
|switch|p2a: Jellicent|Jellicent, F|100/100
|-damage|p2a: Jellicent|88/100|[from] Stealth Rock
|move|p1a: Excadrill|Rapid Spin|p2a: Jellicent
|-immune|p2a: Jellicent
|
|-weather|Sandstorm|[upkeep]
|-damage|p2a: Jellicent|82/100|[from] Sandstorm
|-heal|p1a: Excadrill|99/100|[from] item: Leftovers
|-heal|p2a: Jellicent|88/100|[from] item: Leftovers
|upkeep
|turn|11
|
|switch|p1a: Amoonguss|Amoonguss, M|100/100
|-damage|p1a: Amoonguss|88/100|[from] Spikes
|-damage|p1a: Amoonguss|76/100|[from] Stealth Rock
|move|p2a: Jellicent|Will-O-Wisp|p1a: Amoonguss
|-status|p1a: Amoonguss|brn
|
|-weather|Sandstorm|[upkeep]
|-damage|p2a: Jellicent|82/100|[from] Sandstorm
|-damage|p1a: Amoonguss|69/100 brn|[from] Sandstorm
|-heal|p2a: Jellicent|88/100|[from] item: Leftovers
|-heal|p1a: Amoonguss|76/100 brn|[from] item: Black Sludge
|-damage|p1a: Amoonguss|63/100 brn|[from] brn
|upkeep
|turn|12
|
|switch|p2a: Latios|Latios, M|63/100 par
|-damage|p2a: Latios|50/100 par|[from] Stealth Rock
|switch|p1a: Rotom|Rotom-Wash|58/100
|-damage|p1a: Rotom|46/100|[from] Stealth Rock
|
|-weather|Sandstorm|[upkeep]
|-damage|p1a: Rotom|40/100|[from] Sandstorm
|-damage|p2a: Latios|44/100 par|[from] Sandstorm
|-heal|p1a: Rotom|46/100|[from] item: Leftovers
|upkeep
|turn|13
|
|move|p1a: Rotom|Volt Switch|p2a: Latios
|-resisted|p2a: Latios
|-damage|p2a: Latios|32/100 par
|
|switch|p1a: Tyranitar|Tyranitar, M|43/100|[from]move: Volt Switch
|-damage|p1a: Tyranitar|30/100|[from] Stealth Rock
|-damage|p1a: Tyranitar|18/100|[from] Spikes
|move|p2a: Latios|Draco Meteor|p1a: Tyranitar
|-damage|p1a: Tyranitar|0 fnt
|-unboost|p2a: Latios|spa|2
|-damage|p2a: Latios|22/100 par|[from] item: Life Orb
|faint|p1a: Tyranitar
|
|-weather|Sandstorm|[upkeep]
|-damage|p2a: Latios|16/100 par|[from] Sandstorm
|upkeep
|
|switch|p1a: Excadrill|Excadrill, F|99/100
|-damage|p1a: Excadrill|88/100|[from] Spikes
|-damage|p1a: Excadrill|85/100|[from] Stealth Rock
|turn|14
|
|switch|p2a: Jellicent|Jellicent, F|88/100
|-damage|p2a: Jellicent|76/100|[from] Stealth Rock
|move|p1a: Excadrill|Rapid Spin|p2a: Jellicent
|-immune|p2a: Jellicent
|
|-weather|Sandstorm|[upkeep]
|-damage|p2a: Jellicent|69/100|[from] Sandstorm
|-heal|p1a: Excadrill|91/100|[from] item: Leftovers
|-heal|p2a: Jellicent|76/100|[from] item: Leftovers
|upkeep
|turn|15
|
|move|p1a: Excadrill|Earthquake|p2a: Jellicent
|-damage|p2a: Jellicent|18/100
|move|p2a: Jellicent|Scald|p1a: Excadrill
|-supereffective|p1a: Excadrill
|-damage|p1a: Excadrill|30/100
|-status|p1a: Excadrill|brn
|
|-weather|Sandstorm|[upkeep]
|-damage|p2a: Jellicent|12/100|[from] Sandstorm
|-heal|p1a: Excadrill|37/100 brn|[from] item: Leftovers
|-heal|p2a: Jellicent|18/100|[from] item: Leftovers
|-damage|p1a: Excadrill|24/100 brn|[from] brn
|upkeep
|turn|16
|
|move|p1a: Excadrill|Rapid Spin|p2a: Jellicent
|-immune|p2a: Jellicent
|move|p2a: Jellicent|Scald|p1a: Excadrill
|-supereffective|p1a: Excadrill
|-damage|p1a: Excadrill|0 fnt
|faint|p1a: Excadrill
|
|-weather|Sandstorm|[upkeep]
|-damage|p2a: Jellicent|12/100|[from] Sandstorm
|-heal|p2a: Jellicent|18/100|[from] item: Leftovers
|upkeep
|
|switch|p1a: Gliscor|Gliscor, M|100/100
|-damage|p1a: Gliscor|88/100|[from] Stealth Rock
|turn|17
|j| shadowomni
|
|move|p1a: Gliscor|Earthquake|p2a: Jellicent
|-damage|p2a: Jellicent|0 fnt
|faint|p2a: Jellicent
|
|-weather|Sandstorm|[upkeep]
|-status|p1a: Gliscor|tox|[from] item: Toxic Orb
|upkeep
|
|switch|p2a: Mienshao|Mienshao, M|100/100
|-damage|p2a: Mienshao|95/100|[from] Stealth Rock
|turn|18
|
|move|p1a: Gliscor|Protect|p1a: Gliscor
|-singleturn|p1a: Gliscor|Protect
|move|p2a: Mienshao|Hidden Power|p1a: Gliscor
|-activate|p1a: Gliscor|move: Protect
|
|-weather|Sandstorm|[upkeep]
|-damage|p2a: Mienshao|89/100|[from] Sandstorm
|-heal|p1a: Gliscor|100/100 tox|[from] ability: Poison Heal
|upkeep
|turn|19
|
|switch|p1a: Rotom|Rotom-Wash|46/100
|-damage|p1a: Rotom|34/100|[from] Stealth Rock
|move|p2a: Mienshao|Hidden Power|p1a: Rotom
|-resisted|p1a: Rotom
|-damage|p1a: Rotom|27/100
|
|-weather|Sandstorm|[upkeep]
|-damage|p2a: Mienshao|83/100|[from] Sandstorm
|-damage|p1a: Rotom|21/100|[from] Sandstorm
|-heal|p1a: Rotom|27/100|[from] item: Leftovers
|upkeep
|turn|20
|
|switch|p2a: Latios|Latios, M|16/100 par
|-damage|p2a: Latios|4/100 par|[from] Stealth Rock
|move|p1a: Rotom|Volt Switch|p2a: Latios
|-resisted|p2a: Latios
|-damage|p2a: Latios|0 fnt
|faint|p2a: Latios
|l| shadowomni
|
|switch|p1a: Gliscor|Gliscor, M|100/100 tox|[from]move: Volt Switch
|-damage|p1a: Gliscor|88/100 tox|[from] Stealth Rock
|
|-weather|Sandstorm|[upkeep]
|-heal|p1a: Gliscor|100/100 tox|[from] ability: Poison Heal
|upkeep
|
|switch|p2a: Gliscor|Gliscor, M, shiny|100/100 tox
|-damage|p2a: Gliscor|88/100 tox|[from] Stealth Rock
|turn|21
|
|move|p1a: Gliscor|Swords Dance|p1a: Gliscor
|-boost|p1a: Gliscor|atk|2
|move|p2a: Gliscor|Ice Fang|p1a: Gliscor
|-supereffective|p1a: Gliscor
|-damage|p1a: Gliscor|62/100 tox
|
|-weather|Sandstorm|[upkeep]
|-heal|p1a: Gliscor|75/100 tox|[from] ability: Poison Heal
|-heal|p2a: Gliscor|100/100 tox|[from] ability: Poison Heal
|upkeep
|turn|22
|
|switch|p2a: Ferrothorn|Ferrothorn, M|73/100 brn
|-damage|p2a: Ferrothorn|67/100 brn|[from] Stealth Rock
|move|p1a: Gliscor|Protect||[still]
|-fail|p1a: Gliscor
|
|-weather|Sandstorm|[upkeep]
|-heal|p2a: Ferrothorn|73/100 brn|[from] item: Leftovers
|-heal|p1a: Gliscor|87/100 tox|[from] ability: Poison Heal
|-damage|p2a: Ferrothorn|60/100 brn|[from] brn
|upkeep
|turn|23
|
|move|p1a: Gliscor|Earthquake|p2a: Ferrothorn
|-damage|p2a: Ferrothorn|17/100 brn
|move|p2a: Ferrothorn|Spikes|p1a: Gliscor
|-sidestart|p1: poltronito|Spikes
|
|-weather|Sandstorm|[upkeep]
|-heal|p2a: Ferrothorn|23/100 brn|[from] item: Leftovers
|-heal|p1a: Gliscor|99/100 tox|[from] ability: Poison Heal
|-damage|p2a: Ferrothorn|11/100 brn|[from] brn
|upkeep
|turn|24
|
|move|p1a: Gliscor|Earthquake|p2a: Ferrothorn
|-damage|p2a: Ferrothorn|0 fnt
|faint|p2a: Ferrothorn
|
|-weather|Sandstorm|[upkeep]
|-heal|p1a: Gliscor|100/100 tox|[from] ability: Poison Heal
|upkeep
|
|switch|p2a: Gliscor|Gliscor, M, shiny|100/100 tox
|-damage|p2a: Gliscor|88/100 tox|[from] Stealth Rock
|turn|25
|
|move|p1a: Gliscor|Swords Dance|p1a: Gliscor
|-boost|p1a: Gliscor|atk|2
|move|p2a: Gliscor|Ice Fang|p1a: Gliscor
|-supereffective|p1a: Gliscor
|-damage|p1a: Gliscor|63/100 tox
|
|-weather|Sandstorm|[upkeep]
|-heal|p1a: Gliscor|76/100 tox|[from] ability: Poison Heal
|-heal|p2a: Gliscor|100/100 tox|[from] ability: Poison Heal
|upkeep
|turn|26
|
|move|p1a: Gliscor|Protect|p1a: Gliscor
|-singleturn|p1a: Gliscor|Protect
|move|p2a: Gliscor|Ice Fang|p1a: Gliscor
|-activate|p1a: Gliscor|move: Protect
|
|-weather|Sandstorm|[upkeep]
|-heal|p1a: Gliscor|88/100 tox|[from] ability: Poison Heal
|upkeep
|turn|27
|
|move|p1a: Gliscor|Facade|p2a: Gliscor
|-damage|p2a: Gliscor|34/100 tox
|move|p2a: Gliscor|Ice Fang|p1a: Gliscor
|-supereffective|p1a: Gliscor
|-damage|p1a: Gliscor|49/100 tox
|
|-weather|Sandstorm|[upkeep]
|-heal|p1a: Gliscor|61/100 tox|[from] ability: Poison Heal
|-heal|p2a: Gliscor|47/100 tox|[from] ability: Poison Heal
|upkeep
|turn|28
|
|move|p1a: Gliscor|Protect|p1a: Gliscor
|-singleturn|p1a: Gliscor|Protect
|move|p2a: Gliscor|Roost|p2a: Gliscor
|-heal|p2a: Gliscor|97/100 tox
|-singleturn|p2a: Gliscor|move: Roost
|
|-weather|Sandstorm|[upkeep]
|-heal|p1a: Gliscor|73/100 tox|[from] ability: Poison Heal
|-heal|p2a: Gliscor|100/100 tox|[from] ability: Poison Heal
|upkeep
|turn|29
|
|move|p1a: Gliscor|Facade|p2a: Gliscor
|-damage|p2a: Gliscor|30/100 tox
|move|p2a: Gliscor|Ice Fang|p1a: Gliscor|[miss]
|-miss|p2a: Gliscor|p1a: Gliscor
|
|-weather|Sandstorm|[upkeep]
|-heal|p1a: Gliscor|86/100 tox|[from] ability: Poison Heal
|-heal|p2a: Gliscor|43/100 tox|[from] ability: Poison Heal
|upkeep
|turn|30
|c|☆Sayona's Smile|ofc
|
|move|p1a: Gliscor|Facade|p2a: Gliscor
|-damage|p2a: Gliscor|0 fnt
|faint|p2a: Gliscor
|
|-weather|Sandstorm|[upkeep]
|-heal|p1a: Gliscor|98/100 tox|[from] ability: Poison Heal
|upkeep
|
|switch|p2a: Mienshao|Mienshao, M|100/100
|-damage|p2a: Mienshao|95/100|[from] Stealth Rock
|turn|31
|
|move|p1a: Gliscor|Protect|p1a: Gliscor
|-singleturn|p1a: Gliscor|Protect
|move|p2a: Mienshao|Hidden Power|p1a: Gliscor
|-activate|p1a: Gliscor|move: Protect
|
|-weather|Sandstorm|[upkeep]
|-damage|p2a: Mienshao|89/100|[from] Sandstorm
|-heal|p1a: Gliscor|100/100 tox|[from] ability: Poison Heal
|upkeep
|turn|32
|
|move|p2a: Mienshao|Hidden Power|p1a: Gliscor
|-supereffective|p1a: Gliscor
|-damage|p1a: Gliscor|28/100 tox
|move|p1a: Gliscor|Earthquake|p2a: Mienshao
|-damage|p2a: Mienshao|0 fnt
|faint|p2a: Mienshao
|
|-weather|Sandstorm|[upkeep]
|-heal|p1a: Gliscor|41/100 tox|[from] ability: Poison Heal
|upkeep
|c|☆Sayona's Smile|luv hax
|l|☆Sayona's Smile
|inactive|Sayona's Smile disconnected and has a minute to reconnect!
|player|p2|
|inactive|Sayona's Smile has 30 seconds to reconnect!
|inactive|Sayona's Smile has 20 seconds to reconnect!
|inactive|Sayona's Smile has 15 seconds to reconnect!
|inactive|Sayona's Smile has 10 seconds to reconnect!
|inactive|Sayona's Smile has 5 seconds to reconnect!
|-message|Sayona's Smile lost due to inactivity.
|
|win|poltronito
|raw|poltronito's rating: 1571 &rarr; <strong>1584</strong><br />(+13 for winning)
|raw|Sayona&apos;s Smile's rating: 1458 &rarr; <strong>1444</strong><br />(-14 for losing)
