|j|☆weak sleeper
|j|☆AClockworkOrange
|player|p1|weak sleeper|#zinnia
|player|p2|AClockworkOrange|170
|teamsize|p1|6
|teamsize|p2|6
|gametype|singles
|gen|5
|tier|[Gen 5] OU
|rated|
|rule|Sleep Clause Mod: Limit one foe put to sleep
|rule|Species Clause: Limit one of each Pokémon
|rule|OHKO Clause: OHKO moves are banned
|rule|Moody Clause: Moody is banned
|rule|Evasion Moves Clause: Evasion moves are banned
|rule|Endless Battle Clause: Forcing endless battles is banned
|rule|HP Percentage Mod: HP is shown in percentages
|rule|Evasion Abilities Clause: Evasion abilities are banned
|rule|Baton Pass Clause: Limit one Baton Passer, can't pass Spe and other stats simultaneously
|rule|Swagger Clause: Swagger is banned
|clearpoke
|poke|p1|Cresselia, F|item
|poke|p1|Ninetales, M|item
|poke|p1|Diglett, F|item
|poke|p1|Xatu, M|item
|poke|p1|Victini|item
|poke|p1|Chansey, F|item
|poke|p2|Ninetales, M|item
|poke|p2|Volcarona, M|item
|poke|p2|Haxorus, F|item
|poke|p2|Meloetta|item
|poke|p2|Donphan, F|item
|poke|p2|Breloom, F|item
|teampreview
|inactive|Battle timer is ON: inactive players will automatically lose when time's up. (requested by weak sleeper)
|
|start
|switch|p1a: God|Diglett, F|100/100
|switch|p2a: Meloetta|Meloetta|100/100
|turn|1
|
|switch|p1a: Chansey|Chansey, F|100/100
|move|p2a: Meloetta|Relic Song|p1a: Chansey
|-damage|p1a: Chansey|89/100
|-formechange|p2a: Meloetta|Meloetta-Pirouette|[msg]
|
|upkeep
|turn|2
|inactive|AClockworkOrange has 135 seconds left.
|
|switch|p1a: Victini|Victini|100/100
|move|p2a: Meloetta|Close Combat|p1a: Victini
|-resisted|p1a: Victini
|-damage|p1a: Victini|72/100
|-unboost|p2a: Meloetta|def|1
|-unboost|p2a: Meloetta|spd|1
|
|upkeep
|turn|3
|
|switch|p2a: Ninetales|Ninetales, M|100/100
|-weather|SunnyDay|[from] ability: Drought|[of] p2a: Ninetales
|-item|p2a: Ninetales|Air Balloon
|move|p1a: Victini|V-create|p2a: Ninetales
|-resisted|p2a: Ninetales
|-damage|p2a: Ninetales|6/100
|-enditem|p2a: Ninetales|Air Balloon
|-unboost|p1a: Victini|spe|1
|-unboost|p1a: Victini|def|1
|-unboost|p1a: Victini|spd|1
|
|-weather|SunnyDay|[upkeep]
|upkeep
|turn|4
|
|switch|p1a: Chansey|Chansey, F|89/100
|move|p2a: Ninetales|Fire Blast|p1a: Chansey
|-damage|p1a: Chansey|66/100
|
|-weather|SunnyDay|[upkeep]
|upkeep
|turn|5
|inactive|AClockworkOrange has 135 seconds left.
|
|switch|p2a: Breloom|Breloom, F|100/100
|move|p1a: Chansey|Stealth Rock|p2a: Breloom
|-sidestart|p2: AClockworkOrange|move: Stealth Rock
|
|-weather|SunnyDay|[upkeep]
|upkeep
|turn|6
|
|-singleturn|p2a: Breloom|move: Focus Punch
|switch|p1a: Xatu|Xatu, M|100/100
|move|p2a: Breloom|Focus Punch|p1a: Xatu
|-enditem|p2a: Breloom|Fighting Gem|[from] gem|[move] Focus Punch
|-resisted|p1a: Xatu
|-damage|p1a: Xatu|69/100
|-damage|p2a: Breloom|84/100|[from] item: Rocky Helmet|[of] p1a: Xatu
|
|-weather|SunnyDay|[upkeep]
|upkeep
|turn|7
|
|move|p2a: Breloom|Bullet Seed|p1a: Xatu
|-resisted|p1a: Xatu
|-damage|p1a: Xatu|58/100
|-resisted|p1a: Xatu
|-damage|p1a: Xatu|48/100
|-hitcount|p1a: Xatu|2
|move|p1a: Xatu|Toxic|p2a: Breloom
|-status|p2a: Breloom|tox
|
|-weather|SunnyDay|[upkeep]
|-damage|p2a: Breloom|78/100 tox|[from] psn
|upkeep
|turn|8
|
|-singleturn|p2a: Breloom|move: Focus Punch
|move|p1a: Xatu|Roost|p1a: Xatu
|-heal|p1a: Xatu|98/100
|move|p2a: Breloom|Focus Punch|p1a: Xatu
|-resisted|p1a: Xatu
|-damage|p1a: Xatu|61/100
|-damage|p2a: Breloom|61/100 tox|[from] item: Rocky Helmet|[of] p1a: Xatu
|
|-weather|SunnyDay|[upkeep]
|-damage|p2a: Breloom|49/100 tox|[from] psn
|upkeep
|turn|9
|inactive|AClockworkOrange has 135 seconds left.
|
|switch|p2a: Donphan|Donphan, F|100/100
|-damage|p2a: Donphan|94/100|[from] Stealth Rock
|move|p1a: Xatu|Toxic|p2a: Donphan
|-status|p2a: Donphan|tox
|
|-weather|SunnyDay|[upkeep]
|-heal|p2a: Donphan|100/100 tox|[from] item: Leftovers
|-damage|p2a: Donphan|94/100 tox|[from] psn
|upkeep
|turn|10
|
|move|p1a: Xatu|Roost|p1a: Xatu
|-heal|p1a: Xatu|100/100
|move|p2a: Donphan|Rapid Spin|p1a: Xatu
|-damage|p1a: Xatu|95/100
|-damage|p2a: Donphan|78/100 tox|[from] item: Rocky Helmet|[of] p1a: Xatu
|-sideend|p2: AClockworkOrange|Stealth Rock|[from] move: Rapid Spin|[of] p2a: Donphan
|
|-weather|SunnyDay|[upkeep]
|-heal|p2a: Donphan|84/100 tox|[from] item: Leftovers
|-damage|p2a: Donphan|71/100 tox|[from] psn
|upkeep
|turn|11
|
|switch|p2a: Ninetales|Ninetales, M|6/100
|move|p1a: Xatu|Toxic|p2a: Ninetales
|-status|p2a: Ninetales|tox
|
|-weather|SunnyDay|[upkeep]
|-damage|p2a: Ninetales|0 fnt|[from] psn
|upkeep
|faint|p2a: Ninetales
|inactive|AClockworkOrange has 135 seconds left.
|
|switch|p2a: Haxorus|Haxorus, F|100/100
|-ability|p2a: Haxorus|Mold Breaker
|turn|12
|
|switch|p1a: Cresselia|Cresselia, F|100/100
|move|p2a: Haxorus|Dragon Dance|p2a: Haxorus
|-boost|p2a: Haxorus|atk|1
|-boost|p2a: Haxorus|spe|1
|
|-weather|SunnyDay|[upkeep]
|upkeep
|turn|13
|
|move|p2a: Haxorus|Swords Dance|p2a: Haxorus
|-boost|p2a: Haxorus|atk|2
|move|p1a: Cresselia|Ice Beam|p2a: Haxorus
|-supereffective|p2a: Haxorus
|-damage|p2a: Haxorus|45/100
|
|-weather|SunnyDay|[upkeep]
|upkeep
|turn|14
|
|move|p2a: Haxorus|Outrage|p1a: Cresselia
|-crit|p1a: Cresselia
|-damage|p1a: Cresselia|0 fnt
|faint|p1a: Cresselia
|
|-weather|SunnyDay|[upkeep]
|upkeep
|
|switch|p1a: Victini|Victini|72/100
|turn|15
|
|move|p1a: Victini|V-create|p2a: Haxorus
|-resisted|p2a: Haxorus
|-damage|p2a: Haxorus|0 fnt
|-unboost|p1a: Victini|spe|1
|-unboost|p1a: Victini|def|1
|-unboost|p1a: Victini|spd|1
|faint|p2a: Haxorus
|
|-weather|SunnyDay|[upkeep]
|upkeep
|
|switch|p2a: Donphan|Donphan, F|71/100 tox
|turn|16
|inactive|weak sleeper has 135 seconds left.
|inactive|AClockworkOrange has 135 seconds left.
|
|switch|p1a: Xatu|Xatu, M|95/100
|move|p2a: Donphan|Ice Shard|p1a: Xatu
|-supereffective|p1a: Xatu
|-damage|p1a: Xatu|77/100
|
|-weather|SunnyDay|[upkeep]
|-heal|p2a: Donphan|78/100 tox|[from] item: Leftovers
|-damage|p2a: Donphan|71/100 tox|[from] psn
|upkeep
|turn|17
|
|move|p2a: Donphan|Ice Shard|p1a: Xatu
|-supereffective|p1a: Xatu
|-damage|p1a: Xatu|58/100
|move|p1a: Xatu|Night Shade|p2a: Donphan
|-damage|p2a: Donphan|45/100 tox
|
|-weather|SunnyDay|[upkeep]
|-heal|p2a: Donphan|52/100 tox|[from] item: Leftovers
|-damage|p2a: Donphan|39/100 tox|[from] psn
|upkeep
|turn|18
|
|move|p1a: Xatu|Roost|p1a: Xatu
|-heal|p1a: Xatu|100/100
|move|p2a: Donphan|Earthquake|p1a: Xatu
|-damage|p1a: Xatu|65/100
|
|-weather|SunnyDay|[upkeep]
|-heal|p2a: Donphan|45/100 tox|[from] item: Leftovers
|-damage|p2a: Donphan|27/100 tox|[from] psn
|upkeep
|turn|19
|
|move|p2a: Donphan|Ice Shard|p1a: Xatu
|-supereffective|p1a: Xatu
|-damage|p1a: Xatu|46/100
|move|p1a: Xatu|Roost|p1a: Xatu
|-heal|p1a: Xatu|96/100
|
|-weather|SunnyDay|[upkeep]
|-heal|p2a: Donphan|33/100 tox|[from] item: Leftovers
|-damage|p2a: Donphan|8/100 tox|[from] psn
|upkeep
|turn|20
|
|move|p2a: Donphan|Ice Shard|p1a: Xatu
|-supereffective|p1a: Xatu
|-damage|p1a: Xatu|77/100
|move|p1a: Xatu|Night Shade|p2a: Donphan
|-damage|p2a: Donphan|0 fnt
|faint|p2a: Donphan
|
|-weather|SunnyDay|[upkeep]
|upkeep
|
|switch|p2a: Volcarona|Volcarona, M|100/100
|turn|21
|inactive|weak sleeper has 135 seconds left.
|
|switch|p1a: Victini|Victini|72/100
|move|p2a: Volcarona|Quiver Dance|p2a: Volcarona
|-boost|p2a: Volcarona|spa|1
|-boost|p2a: Volcarona|spd|1
|-boost|p2a: Volcarona|spe|1
|
|-weather|SunnyDay|[upkeep]
|upkeep
|turn|22
|
|switch|p2a: Breloom|Breloom, F|49/100 tox
|move|p1a: Victini|V-create|p2a: Breloom
|-supereffective|p2a: Breloom
|-damage|p2a: Breloom|0 fnt
|-unboost|p1a: Victini|spe|1
|-unboost|p1a: Victini|def|1
|-unboost|p1a: Victini|spd|1
|faint|p2a: Breloom
|
|-weather|SunnyDay|[upkeep]
|upkeep
|
|switch|p2a: Meloetta|Meloetta|100/100
|turn|23
|inactive|weak sleeper has 135 seconds left.
|
|switch|p1a: Xatu|Xatu, M|77/100
|move|p2a: Meloetta|Relic Song|p1a: Xatu
|-damage|p1a: Xatu|23/100
|-status|p1a: Xatu|slp
|-formechange|p2a: Meloetta|Meloetta-Pirouette|[msg]
|
|-weather|SunnyDay|[upkeep]
|upkeep
|turn|24
|
|move|p2a: Meloetta|Relic Song|p1a: Xatu
|-damage|p1a: Xatu|0 fnt
|-formechange|p2a: Meloetta|Meloetta|[msg]
|faint|p1a: Xatu
|
|-weather|SunnyDay|[upkeep]
|upkeep
|
|switch|p1a: Chansey|Chansey, F|66/100
|turn|25
|
|move|p2a: Meloetta|Relic Song|p1a: Chansey
|-damage|p1a: Chansey|53/100
|-formechange|p2a: Meloetta|Meloetta-Pirouette|[msg]
|move|p1a: Chansey|Soft-Boiled|p1a: Chansey
|-heal|p1a: Chansey|100/100
|
|-weather|SunnyDay|[upkeep]
|upkeep
|turn|26
|inactive|AClockworkOrange has 135 seconds left.
|
|move|p2a: Meloetta|Relic Song|p1a: Chansey
|-damage|p1a: Chansey|91/100
|-formechange|p2a: Meloetta|Meloetta|[msg]
|move|p1a: Chansey|Stealth Rock|p2a: Meloetta
|-sidestart|p2: AClockworkOrange|move: Stealth Rock
|
|-weather|SunnyDay|[upkeep]
|upkeep
|turn|27
|inactive|AClockworkOrange has 135 seconds left.
|inactive|AClockworkOrange has 120 seconds left.
|
|move|p2a: Meloetta|Relic Song|p1a: Chansey
|-damage|p1a: Chansey|80/100
|-formechange|p2a: Meloetta|Meloetta-Pirouette|[msg]
|move|p1a: Chansey|Toxic|p2a: Meloetta
|-status|p2a: Meloetta|tox
|
|-weather|SunnyDay|[upkeep]
|-damage|p2a: Meloetta|94/100 tox|[from] psn
|upkeep
|turn|28
|
|switch|p1a: Ninetales|Ninetales, M, shiny|100/100
|move|p2a: Meloetta|Close Combat|p1a: Ninetales
|-damage|p1a: Ninetales|38/100
|-unboost|p2a: Meloetta|def|1
|-unboost|p2a: Meloetta|spd|1
|
|-weather|SunnyDay|[upkeep]
|-heal|p1a: Ninetales|44/100|[from] item: Leftovers
|-damage|p2a: Meloetta|82/100 tox|[from] psn
|upkeep
|turn|29
|
|move|p1a: Ninetales|Protect|p1a: Ninetales
|-singleturn|p1a: Ninetales|Protect
|move|p2a: Meloetta|Close Combat|p1a: Ninetales
|-activate|p1a: Ninetales|move: Protect
|
|-weather|SunnyDay|[upkeep]
|-heal|p1a: Ninetales|50/100|[from] item: Leftovers
|-damage|p2a: Meloetta|64/100 tox|[from] psn
|upkeep
|turn|30
|
|move|p2a: Meloetta|Close Combat|p1a: Ninetales
|-damage|p1a: Ninetales|0 fnt
|-unboost|p2a: Meloetta|def|1
|-unboost|p2a: Meloetta|spd|1
|faint|p1a: Ninetales
|
|-weather|SunnyDay|[upkeep]
|-damage|p2a: Meloetta|39/100 tox|[from] psn
|upkeep
|inactive|weak sleeper has 135 seconds left.
|
|switch|p1a: Victini|Victini|72/100
|turn|31
|inactive|weak sleeper has 135 seconds left.
|
|move|p1a: Victini|V-create|p2a: Meloetta
|-damage|p2a: Meloetta|0 fnt
|-unboost|p1a: Victini|spe|1
|-unboost|p1a: Victini|def|1
|-unboost|p1a: Victini|spd|1
|faint|p2a: Meloetta
|
|-weather|SunnyDay|[upkeep]
|upkeep
|
|switch|p2a: Volcarona|Volcarona, M|100/100
|-damage|p2a: Volcarona|51/100|[from] Stealth Rock
|turn|32
|c|☆AClockworkOrange|gg
|
|move|p1a: Victini|V-create|p2a: Volcarona
|-damage|p2a: Volcarona|0 fnt
|-unboost|p1a: Victini|spe|1
|-unboost|p1a: Victini|def|1
|-unboost|p1a: Victini|spd|1
|faint|p2a: Volcarona
|
|win|weak sleeper
|raw|weak sleeper's rating: 1283 &rarr; <strong>1311</strong><br />(+28 for winning)
|raw|AClockworkOrange's rating: 1331 &rarr; <strong>1309</strong><br />(-22 for losing)
|l|☆AClockworkOrange
|c|☆weak sleeper|gg
