|j|☆Chomp29
|j|☆duckies librarian
|t:|1708152930
|gametype|singles
|player|p1|Chomp29|brock|1620
|player|p2|duckies librarian|acetrainerf-gen4dp|1522
|teamsize|p1|6
|teamsize|p2|6
|gen|5
|tier|[Gen 5] OU
|rated|
|rule|Species Clause: Limit one of each Pokémon
|rule|OHKO Clause: OHKO moves are banned
|rule|Moody Clause: Moody is banned
|rule|Evasion Items Clause: Evasion items are banned
|rule|Evasion Moves Clause: Evasion moves are banned
|rule|Endless Battle Clause: Forcing endless battles is banned
|rule|HP Percentage Mod: HP is shown in percentages
|rule|Evasion Abilities Clause: Evasion abilities are banned
|rule|Sleep Moves Clause: Sleep-inducing moves are banned
|rule|Swagger Clause: Swagger is banned
|rule|Baton Pass Stat Clause: No Baton Passer may have a way to boost its stats
|clearpoke
|poke|p1|Jellicent, M|item
|poke|p1|Alakazam, M|item
|poke|p1|Heatran, F|item
|poke|p1|Latios, M|item
|poke|p1|Tyranitar, M|item
|poke|p1|Skarmory, M|item
|poke|p2|Scizor, M|item
|poke|p2|Ferrothorn, M|item
|poke|p2|Starmie|item
|poke|p2|Cloyster, F|item
|poke|p2|Dragonite, M|item
|poke|p2|Thundurus-Therian, M|item
|teampreview
|inactive|Battle timer is ON: inactive players will automatically lose when time's up. (requested by duckies librarian)
|
|t:|1708152952
|start
|switch|p1a: Heatran|Heatran, F|100/100
|switch|p2a: Thundurus|Thundurus-Therian, M|100/100
|turn|1
|
|t:|1708152956
|move|p2a: Thundurus|Thunderbolt|p1a: Heatran
|-damage|p1a: Heatran|53/100
|move|p1a: Heatran|Lava Plume|p2a: Thundurus
|-damage|p2a: Thundurus|55/100
|
|-heal|p1a: Heatran|59/100|[from] item: Leftovers
|upkeep
|turn|2
|
|t:|1708152961
|move|p1a: Heatran|Protect|p1a: Heatran
|-singleturn|p1a: Heatran|Protect
|move|p2a: Thundurus|Thunderbolt|p1a: Heatran
|-activate|p1a: Heatran|move: Protect
|
|-heal|p1a: Heatran|65/100|[from] item: Leftovers
|upkeep
|turn|3
|
|t:|1708152967
|move|p2a: Thundurus|Focus Blast|p1a: Heatran|[miss]
|-miss|p2a: Thundurus|p1a: Heatran
|move|p1a: Heatran|Stealth Rock|p2a: Thundurus
|-sidestart|p2: duckies librarian|move: Stealth Rock
|
|-heal|p1a: Heatran|71/100|[from] item: Leftovers
|upkeep
|turn|4
|
|t:|1708152970
|move|p1a: Heatran|Protect|p1a: Heatran
|-singleturn|p1a: Heatran|Protect
|move|p2a: Thundurus|Thunderbolt|p1a: Heatran
|-activate|p1a: Heatran|move: Protect
|
|-heal|p1a: Heatran|77/100|[from] item: Leftovers
|upkeep
|turn|5
|
|t:|1708152979
|switch|p1a: Latios|Latios, M|100/100
|move|p2a: Thundurus|Thunderbolt|p1a: Latios
|-resisted|p1a: Latios
|-damage|p1a: Latios|71/100
|
|upkeep
|turn|6
|
|t:|1708152982
|switch|p1a: Heatran|Heatran, F|77/100
|switch|p2a: Ferrothorn|Ferrothorn, M|100/100
|-damage|p2a: Ferrothorn|95/100|[from] Stealth Rock
|
|-heal|p1a: Heatran|83/100|[from] item: Leftovers
|upkeep
|turn|7
|
|t:|1708152986
|switch|p2a: Thundurus|Thundurus-Therian, M|55/100
|-damage|p2a: Thundurus|30/100|[from] Stealth Rock
|-enditem|p2a: Thundurus|Sitrus Berry|[eat]
|-heal|p2a: Thundurus|55/100|[from] item: Sitrus Berry
|move|p1a: Heatran|Lava Plume|p2a: Thundurus
|-damage|p2a: Thundurus|11/100
|-status|p2a: Thundurus|brn
|
|-heal|p1a: Heatran|89/100|[from] item: Leftovers
|-damage|p2a: Thundurus|0 fnt|[from] brn
|faint|p2a: Thundurus
|upkeep
|
|t:|1708152992
|switch|p2a: Starmie|Starmie|100/100
|-damage|p2a: Starmie|88/100|[from] Stealth Rock
|-item|p2a: Starmie|Air Balloon
|turn|8
|
|t:|1708152994
|move|p1a: Heatran|Protect|p1a: Heatran
|-singleturn|p1a: Heatran|Protect
|move|p2a: Starmie|Hydro Pump|p1a: Heatran
|-activate|p1a: Heatran|move: Protect
|
|-heal|p1a: Heatran|96/100|[from] item: Leftovers
|upkeep
|turn|9
|
|t:|1708153011
|switch|p1a: Tyranitar|Tyranitar, M|100/100
|-weather|Sandstorm|[from] ability: Sand Stream|[of] p1a: Tyranitar
|move|p2a: Starmie|Thunder|p1a: Tyranitar|[miss]
|-miss|p2a: Starmie|p1a: Tyranitar
|
|-weather|Sandstorm|[upkeep]
|-damage|p2a: Starmie|82/100|[from] Sandstorm
|upkeep
|turn|10
|
|t:|1708153014
|move|p1a: Tyranitar|Crunch|p2a: Starmie
|-supereffective|p2a: Starmie
|-damage|p2a: Starmie|0 fnt
|-enditem|p2a: Starmie|Air Balloon
|faint|p2a: Starmie
|
|-weather|Sandstorm|[upkeep]
|upkeep
|
|t:|1708153017
|switch|p2a: Cloyster|Cloyster, F|100/100
|-damage|p2a: Cloyster|76/100|[from] Stealth Rock
|turn|11
|
|t:|1708153022
|move|p1a: Tyranitar|Crunch|p2a: Cloyster
|-damage|p2a: Cloyster|42/100
|move|p2a: Cloyster|Shell Smash|p2a: Cloyster
|-unboost|p2a: Cloyster|def|1
|-unboost|p2a: Cloyster|spd|1
|-boost|p2a: Cloyster|atk|2
|-boost|p2a: Cloyster|spa|2
|-boost|p2a: Cloyster|spe|2
|
|-weather|Sandstorm|[upkeep]
|-damage|p2a: Cloyster|35/100|[from] Sandstorm
|upkeep
|turn|12
|
|t:|1708153028
|move|p2a: Cloyster|Icicle Spear|p1a: Tyranitar
|-damage|p1a: Tyranitar|73/100
|-crit|p1a: Tyranitar
|-damage|p1a: Tyranitar|20/100
|-damage|p1a: Tyranitar|0 fnt
|faint|p1a: Tyranitar
|-hitcount|p1: Tyranitar|3
|
|-weather|Sandstorm|[upkeep]
|-damage|p2a: Cloyster|29/100|[from] Sandstorm
|upkeep
|
|t:|1708153039
|switch|p1a: Jellicent|Jellicent, M|100/100
|-item|p1a: Jellicent|Air Balloon
|turn|13
|
|t:|1708153042
|move|p2a: Cloyster|Rock Blast|p1a: Jellicent
|-damage|p1a: Jellicent|83/100
|-enditem|p1a: Jellicent|Air Balloon
|-damage|p1a: Jellicent|67/100
|-crit|p1a: Jellicent
|-damage|p1a: Jellicent|33/100
|-damage|p1a: Jellicent|14/100
|-damage|p1a: Jellicent|0 fnt
|faint|p1a: Jellicent
|-hitcount|p1: Jellicent|5
|
|-weather|Sandstorm|[upkeep]
|-damage|p2a: Cloyster|23/100|[from] Sandstorm
|upkeep
|
|t:|1708153047
|switch|p1a: Heatran|Heatran, F|96/100
|turn|14
|
|t:|1708153050
|move|p1a: Heatran|Protect|p1a: Heatran
|-singleturn|p1a: Heatran|Protect
|move|p2a: Cloyster|Rock Blast|p1a: Heatran
|-activate|p1a: Heatran|move: Protect
|
|-weather|Sandstorm|[upkeep]
|-damage|p2a: Cloyster|17/100|[from] Sandstorm
|-heal|p1a: Heatran|100/100|[from] item: Leftovers
|upkeep
|turn|15
|
|t:|1708153059
|switch|p1a: Skarmory|Skarmory, M|100/100
|move|p2a: Cloyster|Rock Blast|p1a: Skarmory
|-damage|p1a: Skarmory|86/100
|-damage|p1a: Skarmory|71/100
|-damage|p1a: Skarmory|57/100
|-damage|p1a: Skarmory|43/100
|-damage|p1a: Skarmory|29/100
|-hitcount|p1a: Skarmory|5
|
|-weather|Sandstorm|[upkeep]
|-damage|p2a: Cloyster|10/100|[from] Sandstorm
|-heal|p1a: Skarmory|35/100|[from] item: Leftovers
|upkeep
|turn|16
|
|t:|1708153068
|move|p2a: Cloyster|Rock Blast|p1a: Skarmory
|-crit|p1a: Skarmory
|-damage|p1a: Skarmory|5/100
|-damage|p1a: Skarmory|0 fnt
|faint|p1a: Skarmory
|-hitcount|p1: Skarmory|2
|
|-weather|Sandstorm|[upkeep]
|-damage|p2a: Cloyster|4/100|[from] Sandstorm
|upkeep
|
|t:|1708153071
|switch|p1a: Heatran|Heatran, F|100/100
|turn|17
|
|t:|1708153074
|move|p1a: Heatran|Protect|p1a: Heatran
|-singleturn|p1a: Heatran|Protect
|move|p2a: Cloyster|Rock Blast|p1a: Heatran
|-activate|p1a: Heatran|move: Protect
|
|-weather|Sandstorm|[upkeep]
|-damage|p2a: Cloyster|0 fnt|[from] Sandstorm
|faint|p2a: Cloyster
|upkeep
|
|t:|1708153076
|switch|p2a: Dragonite|Dragonite, M|100/100
|-damage|p2a: Dragonite|76/100|[from] Stealth Rock
|turn|18
|
|t:|1708153088
|switch|p1a: Latios|Latios, M|71/100
|move|p2a: Dragonite|Superpower|p1a: Latios
|-resisted|p1a: Latios
|-damage|p1a: Latios|22/100
|-unboost|p2a: Dragonite|atk|1
|-unboost|p2a: Dragonite|def|1
|
|-weather|Sandstorm|[upkeep]
|-damage|p1a: Latios|16/100|[from] Sandstorm
|-damage|p2a: Dragonite|69/100|[from] Sandstorm
|upkeep
|turn|19
|j| SKT T1 Motherfaker
|
|t:|1708153100
|switch|p1a: Heatran|Heatran, F|100/100
|switch|p2a: Scizor|Scizor, M|100/100
|-damage|p2a: Scizor|88/100|[from] Stealth Rock
|
|-weather|Sandstorm|[upkeep]
|upkeep
|turn|20
|
|t:|1708153105
|switch|p2a: Dragonite|Dragonite, M|69/100
|-damage|p2a: Dragonite|44/100|[from] Stealth Rock
|move|p1a: Heatran|Lava Plume|p2a: Dragonite
|-resisted|p2a: Dragonite
|-damage|p2a: Dragonite|25/100
|
|-weather|Sandstorm|[upkeep]
|-damage|p2a: Dragonite|19/100|[from] Sandstorm
|upkeep
|turn|21
|
|t:|1708153112
|move|p1a: Heatran|Protect|p1a: Heatran
|-singleturn|p1a: Heatran|Protect
|move|p2a: Dragonite|Superpower|p1a: Heatran
|-activate|p1a: Heatran|move: Protect
|
|-weather|Sandstorm|[upkeep]
|-damage|p2a: Dragonite|13/100|[from] Sandstorm
|upkeep
|turn|22
|
|t:|1708153118
|move|p1a: Heatran|Lava Plume|p2a: Dragonite
|-resisted|p2a: Dragonite
|-damage|p2a: Dragonite|0 fnt
|faint|p2a: Dragonite
|
|-weather|Sandstorm|[upkeep]
|upkeep
|-message|duckies librarian forfeited.
|
|win|Chomp29
|raw|Chomp29's rating: 1620 &rarr; <strong>1635</strong><br />(+15 for winning)
|raw|duckies librarian's rating: 1522 &rarr; <strong>1507</strong><br />(-15 for losing)
|l|☆duckies librarian
|player|p2|
|l|☆Chomp29
|player|p1|
