|j|☆Dovahhkiin64
|j|☆ReallyFunTeams
|t:|1707176103
|gametype|singles
|player|p1|Dovahhkiin64|n|1325
|player|p2|ReallyFunTeams|janitor|1339
|teamsize|p1|6
|teamsize|p2|6
|gen|5
|tier|[Gen 5] OU
|rated|
|rule|Species Clause: Limit one of each Pokémon
|rule|OHKO Clause: OHKO moves are banned
|rule|Moody Clause: Moody is banned
|rule|Evasion Items Clause: Evasion items are banned
|rule|Evasion Moves Clause: Evasion moves are banned
|rule|Endless Battle Clause: Forcing endless battles is banned
|rule|HP Percentage Mod: HP is shown in percentages
|rule|Evasion Abilities Clause: Evasion abilities are banned
|rule|Sleep Moves Clause: Sleep-inducing moves are banned
|rule|Swagger Clause: Swagger is banned
|rule|Baton Pass Stat Clause: No Baton Passer may have a way to boost its stats
|clearpoke
|poke|p1|Excadrill, F|item
|poke|p1|Dragonite, M|item
|poke|p1|Terrakion|item
|poke|p1|Gyarados, M|item
|poke|p1|Golurk|item
|poke|p1|Gengar, F|item
|poke|p2|Dragonite, M|item
|poke|p2|Scizor, M|item
|poke|p2|Forretress, F|item
|poke|p2|Ferrothorn, M|item
|poke|p2|Alakazam, M|item
|poke|p2|Rotom-Wash|item
|teampreview
|inactive|Battle timer is ON: inactive players will automatically lose when time's up. (requested by ReallyFunTeams)
|
|t:|1707176112
|start
|switch|p1a: Gengar|Gengar, F|100/100
|switch|p2a: Rotom|Rotom-Wash|100/100
|turn|1
|
|t:|1707176120
|move|p1a: Gengar|Shadow Ball|p2a: Rotom
|-damage|p2a: Rotom|56/100
|-damage|p1a: Gengar|91/100|[from] item: Life Orb
|move|p2a: Rotom|Will-O-Wisp|p1a: Gengar|[miss]
|-miss|p2a: Rotom|p1a: Gengar
|
|-heal|p2a: Rotom|63/100|[from] item: Leftovers
|upkeep
|turn|2
|
|t:|1707176141
|move|p1a: Gengar|Shadow Ball|p2a: Rotom
|-damage|p2a: Rotom|19/100
|-damage|p1a: Gengar|81/100|[from] item: Life Orb
|move|p2a: Rotom|Volt Switch|p1a: Gengar
|-damage|p1a: Gengar|40/100
|
|t:|1707176154
|switch|p2a: Alakazam|Alakazam, M|100/100|[from] Volt Switch
|
|upkeep
|turn|3
|
|t:|1707176168
|switch|p1a: Excadrill|Excadrill, F|100/100
|-ability|p1a: Excadrill|Mold Breaker
|move|p2a: Alakazam|Psychic|p1a: Excadrill
|-resisted|p1a: Excadrill
|-damage|p1a: Excadrill|71/100
|
|-heal|p1a: Excadrill|77/100|[from] item: Leftovers
|upkeep
|turn|4
|
|t:|1707176179
|move|p2a: Alakazam|Focus Blast|p1a: Excadrill|[miss]
|-miss|p2a: Alakazam|p1a: Excadrill
|move|p1a: Excadrill|Earthquake|p2a: Alakazam
|-enditem|p2a: Alakazam|Focus Sash
|-damage|p2a: Alakazam|1/100
|
|-heal|p1a: Excadrill|83/100|[from] item: Leftovers
|upkeep
|turn|5
|
|t:|1707176189
|switch|p2a: Dragonite|Dragonite, M|100/100
|move|p1a: Excadrill|Rapid Spin|p2a: Dragonite
|-damage|p2a: Dragonite|93/100
|
|-heal|p1a: Excadrill|89/100|[from] item: Leftovers
|upkeep
|turn|6
|
|t:|1707176196
|move|p1a: Excadrill|Rock Slide|p2a: Dragonite
|-supereffective|p2a: Dragonite
|-damage|p2a: Dragonite|36/100
|move|p2a: Dragonite|Dragon Dance|p2a: Dragonite
|-boost|p2a: Dragonite|atk|1
|-boost|p2a: Dragonite|spe|1
|
|-heal|p1a: Excadrill|95/100|[from] item: Leftovers
|upkeep
|turn|7
|
|t:|1707176205
|switch|p1a: Gengar|Gengar, F|40/100
|move|p2a: Dragonite|Earthquake|p1a: Gengar
|-immune|p1a: Gengar|[from] ability: Levitate
|
|upkeep
|turn|8
|
|t:|1707176210
|move|p2a: Dragonite|Outrage|p1a: Gengar
|-damage|p1a: Gengar|0 fnt
|faint|p1a: Gengar
|
|upkeep
|
|t:|1707176215
|switch|p1a: Excadrill|Excadrill, F|95/100
|-ability|p1a: Excadrill|Mold Breaker
|turn|9
|
|t:|1707176223
|move|p2a: Dragonite|Outrage|p1a: Excadrill|[from]lockedmove
|-resisted|p1a: Excadrill
|-damage|p1a: Excadrill|14/100
|-start|p2a: Dragonite|confusion|[fatigue]
|-enditem|p2a: Dragonite|Lum Berry|[eat]
|-end|p2a: Dragonite|confusion
|move|p1a: Excadrill|Rock Slide|p2a: Dragonite
|-supereffective|p2a: Dragonite
|-crit|p2a: Dragonite
|-damage|p2a: Dragonite|0 fnt
|faint|p2a: Dragonite
|
|-heal|p1a: Excadrill|20/100|[from] item: Leftovers
|upkeep
|
|t:|1707176235
|switch|p2a: Scizor|Scizor, M|100/100
|turn|10
|
|t:|1707176248
|move|p1a: Excadrill|Stealth Rock|p2a: Scizor
|-sidestart|p2: ReallyFunTeams|move: Stealth Rock
|move|p2a: Scizor|U-turn|p1a: Excadrill
|-resisted|p1a: Excadrill
|-damage|p1a: Excadrill|0 fnt
|faint|p1a: Excadrill
|
|t:|1707176254
|switch|p2a: Forretress|Forretress, F|100/100|[from] U-turn
|-damage|p2a: Forretress|88/100|[from] Stealth Rock
|
|upkeep
|
|t:|1707176259
|switch|p1a: Golurk|Golurk|100/100
|turn|11
|
|t:|1707176263
|move|p1a: Golurk|Fire Punch|p2a: Forretress
|-supereffective|p2a: Forretress
|-damage|p2a: Forretress|0 fnt
|faint|p2a: Forretress
|
|upkeep
|
|t:|1707176274
|switch|p2a: Rotom|Rotom-Wash|19/100
|-damage|p2a: Rotom|6/100|[from] Stealth Rock
|turn|12
|
|t:|1707176281
|switch|p1a: Dragonite|Dragonite, M|100/100
|move|p2a: Rotom|Will-O-Wisp|p1a: Dragonite
|-status|p1a: Dragonite|brn
|-enditem|p1a: Dragonite|Lum Berry|[eat]
|-curestatus|p1a: Dragonite|brn|[msg]
|
|-heal|p2a: Rotom|12/100|[from] item: Leftovers
|upkeep
|turn|13
|
|t:|1707176294
|move|p1a: Dragonite|Extreme Speed|p2a: Rotom
|-damage|p2a: Rotom|0 fnt
|faint|p2a: Rotom
|
|upkeep
|
|t:|1707176299
|switch|p2a: Ferrothorn|Ferrothorn, M|100/100
|-damage|p2a: Ferrothorn|94/100|[from] Stealth Rock
|turn|14
|
|t:|1707176306
|switch|p1a: Terrakion|Terrakion|100/100
|move|p2a: Ferrothorn|Curse|p2a: Ferrothorn
|-unboost|p2a: Ferrothorn|spe|1
|-boost|p2a: Ferrothorn|atk|1
|-boost|p2a: Ferrothorn|def|1
|
|-heal|p2a: Ferrothorn|100/100|[from] item: Leftovers
|upkeep
|turn|15
|
|t:|1707176315
|move|p1a: Terrakion|Close Combat|p2a: Ferrothorn
|-supereffective|p2a: Ferrothorn
|-damage|p2a: Ferrothorn|12/100
|-unboost|p1a: Terrakion|def|1
|-unboost|p1a: Terrakion|spd|1
|-damage|p1a: Terrakion|88/100|[from] ability: Iron Barbs|[of] p2a: Ferrothorn
|-damage|p1a: Terrakion|78/100|[from] item: Life Orb
|move|p2a: Ferrothorn|Leech Seed|p1a: Terrakion
|-start|p1a: Terrakion|move: Leech Seed
|
|-heal|p2a: Ferrothorn|18/100|[from] item: Leftovers
|-damage|p1a: Terrakion|66/100|[from] Leech Seed|[of] p2a: Ferrothorn
|-heal|p2a: Ferrothorn|29/100|[silent]
|upkeep
|turn|16
|
|t:|1707176330
|move|p2a: Ferrothorn|Protect|p2a: Ferrothorn
|-singleturn|p2a: Ferrothorn|Protect
|move|p1a: Terrakion|Close Combat|p2a: Ferrothorn
|-activate|p2a: Ferrothorn|move: Protect
|
|-heal|p2a: Ferrothorn|36/100|[from] item: Leftovers
|-damage|p1a: Terrakion|54/100|[from] Leech Seed|[of] p2a: Ferrothorn
|-heal|p2a: Ferrothorn|47/100|[silent]
|upkeep
|turn|17
|
|t:|1707176342
|move|p2a: Ferrothorn|Protect|p2a: Ferrothorn
|-singleturn|p2a: Ferrothorn|Protect
|move|p1a: Terrakion|Close Combat|p2a: Ferrothorn
|-activate|p2a: Ferrothorn|move: Protect
|
|-heal|p2a: Ferrothorn|53/100|[from] item: Leftovers
|-damage|p1a: Terrakion|41/100|[from] Leech Seed|[of] p2a: Ferrothorn
|-heal|p2a: Ferrothorn|65/100|[silent]
|upkeep
|turn|18
|
|t:|1707176350
|move|p2a: Ferrothorn|Protect||[still]
|-fail|p2a: Ferrothorn
|move|p1a: Terrakion|Close Combat|p2a: Ferrothorn
|-supereffective|p2a: Ferrothorn
|-crit|p2a: Ferrothorn
|-damage|p2a: Ferrothorn|0 fnt
|-unboost|p1a: Terrakion|def|1
|-unboost|p1a: Terrakion|spd|1
|-damage|p1a: Terrakion|29/100|[from] ability: Iron Barbs|[of] p2a: Ferrothorn
|faint|p2a: Ferrothorn
|-damage|p1a: Terrakion|19/100|[from] item: Life Orb
|
|upkeep
|
|t:|1707176361
|switch|p2a: Alakazam|Alakazam, M|1/100
|turn|19
|
|t:|1707176365
|move|p2a: Alakazam|Psychic|p1a: Terrakion
|-supereffective|p1a: Terrakion
|-damage|p1a: Terrakion|0 fnt
|faint|p1a: Terrakion
|
|upkeep
|
|t:|1707176372
|switch|p1a: Dragonite|Dragonite, M|100/100
|turn|20
|
|t:|1707176376
|switch|p2a: Scizor|Scizor, M|100/100
|-damage|p2a: Scizor|88/100|[from] Stealth Rock
|move|p1a: Dragonite|Extreme Speed|p2a: Scizor
|-resisted|p2a: Scizor
|-damage|p2a: Scizor|69/100
|
|upkeep
|turn|21
|
|t:|1707176386
|move|p2a: Scizor|Bullet Punch|p1a: Dragonite
|-damage|p1a: Dragonite|73/100
|move|p1a: Dragonite|Dragon Dance|p1a: Dragonite
|-boost|p1a: Dragonite|atk|1
|-boost|p1a: Dragonite|spe|1
|
|upkeep
|turn|22
|
|t:|1707176392
|move|p2a: Scizor|Bullet Punch|p1a: Dragonite
|-damage|p1a: Dragonite|14/100
|move|p1a: Dragonite|Earthquake|p2a: Scizor
|-damage|p2a: Scizor|0 fnt
|faint|p2a: Scizor
|
|upkeep
|-message|ReallyFunTeams forfeited.
|
|win|Dovahhkiin64
|raw|Dovahhkiin64's rating: 1325 &rarr; <strong>1346</strong><br />(+21 for winning)
|raw|ReallyFunTeams's rating: 1339 &rarr; <strong>1318</strong><br />(-21 for losing)
|l|☆ReallyFunTeams
|player|p2|
|c|☆Dovahhkiin64|gg
