|j|Veteran Sogeking
|j|Kidogo
|player|p1|Veteran Sogeking|266
|teamsize|p1|6
|player|p2|Kidogo|2
|teamsize|p2|6
|gametype|singles
|gen|5
|tier|[Gen 5] OU
|rated
|seed|26041,9860,54364,56340
|rule|Sleep Clause Mod: Limit one foe put to sleep
|rule|Species Clause: Limit one of each Pokémon
|rule|OHKO Clause: OHKO moves are banned
|rule|Moody Clause: Moody is banned
|rule|Evasion Moves Clause: Evasion moves are banned
|rule|Endless Battle Clause: Forcing endless battles is banned
|rule|HP Percentage Mod: HP is shown in percentages
|rule|Evasion Abilities Clause: Evasion abilities are banned
|rule|Baton Pass Clause: Limit one Baton Passer, can't pass Spe and other stats simultaneously
|rule|Swagger Clause: Swagger is banned
|clearpoke
|poke|p1|Gastrodon, M|item
|poke|p1|Tyranitar, M|item
|poke|p1|Starmie|item
|poke|p1|Heatran, M|item
|poke|p1|Gliscor, F|item
|poke|p1|Skarmory, M|item
|poke|p2|Politoed, F|item
|poke|p2|Keldeo|item
|poke|p2|Thundurus-Therian, M|item
|poke|p2|Jirachi|item
|poke|p2|Terrakion|item
|poke|p2|Celebi|item
|teampreview
|c|☆Kidogo|gl lol
|inactive|Battle timer is ON: inactive players will automatically lose when time's up. (requested by Kidogo)
|c|☆Veteran Sogeking|gl hf
|choice|team 5, team 2, team 3, team 4, team 1, team 6|team 1, team 2, team 3, team 4, team 5, team 6
|
|start
|switch|p1a: Gliscor|Gliscor, F|354/354
|switch|p2a: Politoed|Politoed, F|331/331
|-weather|RainDance|[from] ability: Drizzle|[of] p2a: Politoed
|turn|1
|choice|move protect|switch 3
|
|switch|p2a: Thundurus|Thundurus-Therian, M|336/336
|move|p1a: Gliscor|Protect|p1a: Gliscor
|-fail|p1a: Gliscor
|
|-weather|RainDance|[upkeep]
|-status|p1a: Gliscor|tox|[from] item: Toxic Orb
|upkeep
|turn|2
|choice|switch 5|move hiddenpower
|
|switch|p1a: Gastrodon|Gastrodon, M|426/426
|move|p2a: Thundurus|Hidden Power|p1a: Gastrodon
|-damage|p1a: Gastrodon|341/426
|
|-weather|RainDance|[upkeep]
|-heal|p1a: Gastrodon|367/426|[from] item: Leftovers
|upkeep
|turn|3
|choice|switch 2|switch 6
|
|switch|p2a: Celebi|Celebi|400/400
|switch|p1a: Tyranitar|Tyranitar, M|342/342
|-weather|Sandstorm|[from] ability: Sand Stream|[of] p1a: Tyranitar
|
|-weather|Sandstorm|[upkeep]
|-damage|p2a: Celebi|375/400|[from] sandstorm
|-heal|p2a: Celebi|400/400|[from] item: Leftovers
|upkeep
|turn|4
|choice|move crunch|switch 5
|
|switch|p2a: Terrakion|Terrakion|324/324
|move|p1a: Tyranitar|Crunch|p2a: Terrakion
|-resisted|p2a: Terrakion
|-damage|p2a: Terrakion|240/324
|-ability|p2a: Terrakion|Justified|boost
|-boost|p2a: Terrakion|atk|1
|
|-weather|Sandstorm|[upkeep]
|upkeep
|turn|5
|inactive|Kidogo has 120 seconds left.
|choice|switch 3|move stealthrock
|
|switch|p1a: Starmie|Starmie|323/323
|move|p2a: Terrakion|Stealth Rock|p1a: Starmie
|-sidestart|p1: Veteran Sogeking|move: Stealth Rock
|
|-weather|Sandstorm|[upkeep]
|-damage|p1a: Starmie|303/323|[from] sandstorm
|-heal|p1a: Starmie|323/323|[from] item: Leftovers
|upkeep
|turn|6
|choice|move rapidspin|move stoneedge
|
|move|p1a: Starmie|Rapid Spin|p2a: Terrakion
|-resisted|p2a: Terrakion
|-damage|p2a: Terrakion|234/324
|-sideend|p1: Veteran Sogeking|Stealth Rock|[from] move: Rapid Spin|[of] p1a: Starmie
|move|p2a: Terrakion|Stone Edge|p1a: Starmie
|-damage|p1a: Starmie|4/323
|
|-weather|Sandstorm|[upkeep]
|-damage|p1a: Starmie|0 fnt|[from] sandstorm
|upkeep
|faint|p1a: Starmie
|choice|switch 3|
|
|switch|p1a: Tyranitar|Tyranitar, M|342/342
|turn|7
|choice|move superpower|switch 4
|
|switch|p2a: Jirachi|Jirachi|400/400
|move|p1a: Tyranitar|Superpower|p2a: Jirachi
|-damage|p2a: Jirachi|246/400
|-unboost|p1a: Tyranitar|atk|1
|-unboost|p1a: Tyranitar|def|1
|
|-weather|Sandstorm|[upkeep]
|-heal|p2a: Jirachi|271/400|[from] item: Leftovers
|upkeep
|turn|8
|choice|switch 4|move uturn
|
|switch|p1a: Heatran|Heatran, M|386/386
|move|p2a: Jirachi|U-turn|p1a: Heatran
|-resisted|p1a: Heatran
|-damage|p1a: Heatran|372/386
|choice||switch 4
|
|switch|p2a: Terrakion|Terrakion|234/324
|
|-weather|Sandstorm|[upkeep]
|-heal|p1a: Heatran|386/386|[from] item: Leftovers
|upkeep
|turn|9
|choice|move stealthrock|move taunt
|
|move|p2a: Terrakion|Taunt|p1a: Heatran
|-start|p1a: Heatran|move: Taunt
|cant|p1a: Heatran|move: Taunt|Stealth Rock
|
|-weather|Sandstorm|[upkeep]
|upkeep
|turn|10
|choice|move lavaplume|move stealthrock
|
|move|p2a: Terrakion|Stealth Rock|p1a: Heatran
|-sidestart|p1: Veteran Sogeking|move: Stealth Rock
|move|p1a: Heatran|Lava Plume|p2a: Terrakion
|-resisted|p2a: Terrakion
|-damage|p2a: Terrakion|189/324
|
|-weather|Sandstorm|[upkeep]
|upkeep
|turn|11
|choice|switch 5|switch 3
|
|switch|p2a: Politoed|Politoed, F|331/331
|-weather|RainDance|[from] ability: Drizzle|[of] p2a: Politoed
|switch|p1a: Gliscor|Gliscor, F|354/354 tox
|-damage|p1a: Gliscor|310/354 tox|[from] Stealth Rock
|
|-weather|RainDance|[upkeep]
|-heal|p1a: Gliscor|354/354 tox|[from] ability: Poison Heal
|upkeep
|turn|12
|choice|move protect|move hiddenpower
|
|move|p1a: Gliscor|Protect|p1a: Gliscor
|-singleturn|p1a: Gliscor|Protect
|move|p2a: Politoed|Hidden Power|p1a: Gliscor
|-activate|p1a: Gliscor|move: Protect
|
|-weather|RainDance|[upkeep]
|upkeep
|turn|13
|choice|move toxic|switch 3
|
|switch|p2a: Terrakion|Terrakion|189/324
|move|p1a: Gliscor|Toxic|p2a: Terrakion
|-status|p2a: Terrakion|tox
|
|-weather|RainDance|[upkeep]
|-damage|p2a: Terrakion|169/324 tox|[from] psn
|upkeep
|turn|14
|choice|move protect|switch 5
|
|switch|p2a: Celebi|Celebi|400/400
|move|p1a: Gliscor|Protect|p1a: Gliscor
|-fail|p1a: Gliscor
|
|-weather|RainDance|[upkeep]
|upkeep
|turn|15
|choice|switch 6|move batonpass
|
|switch|p1a: Skarmory|Skarmory, M|334/334
|-damage|p1a: Skarmory|293/334|[from] Stealth Rock
|move|p2a: Celebi|Baton Pass|p2a: Celebi
|choice||switch 3
|
|switch|p2a: Politoed|Politoed, F|331/331
|
|-weather|RainDance|[upkeep]
|-heal|p1a: Skarmory|313/334|[from] item: Leftovers
|upkeep
|turn|16
|choice|move spikes|move hydropump
|
|move|p2a: Politoed|Hydro Pump|p1a: Skarmory|[miss]
|-miss|p2a: Politoed|p1a: Skarmory
|move|p1a: Skarmory|Spikes|p2a: Politoed
|-sidestart|p2: Kidogo|Spikes
|
|-weather|RainDance|[upkeep]
|-heal|p1a: Skarmory|333/334|[from] item: Leftovers
|upkeep
|turn|17
|c|☆Kidogo|meh
|choice|move spikes|move hydropump
|
|move|p2a: Politoed|Hydro Pump|p1a: Skarmory
|-damage|p1a: Skarmory|0 fnt
|faint|p1a: Skarmory
|
|-weather|RainDance|[upkeep]
|upkeep
|choice|switch 2|
|
|switch|p1a: Gastrodon|Gastrodon, M|367/426
|-damage|p1a: Gastrodon|341/426|[from] Stealth Rock
|turn|18
|choice|switch 4|move hydropump
|
|switch|p1a: Tyranitar|Tyranitar, M|342/342
|-damage|p1a: Tyranitar|300/342|[from] Stealth Rock
|-weather|Sandstorm|[from] ability: Sand Stream|[of] p1a: Tyranitar
|move|p2a: Politoed|Hydro Pump|p1a: Tyranitar
|-supereffective|p1a: Tyranitar
|-damage|p1a: Tyranitar|0 fnt
|faint|p1a: Tyranitar
|
|-weather|Sandstorm|[upkeep]
|-damage|p2a: Politoed|311/331|[from] sandstorm
|upkeep
|c|☆Kidogo|:p
|-message|Veteran Sogeking forfeited.
|
|win|Kidogo
|l|Veteran Sogeking
|raw|Veteran Sogeking's rating: 1423 &rarr; <strong>1407</strong><br />(-16 for losing)
|raw|Kidogo's rating: 1499 &rarr; <strong>1515</strong><br />(+16 for winning)
|l|Kidogo
|j|Kidogo