|j|☆Nalorium
|j|☆pkonob31
|player|p1|Nalorium|twins-gen4dp|1519
|player|p2|pkonob31|erika|1316
|teamsize|p1|6
|teamsize|p2|6
|gametype|singles
|gen|5
|tier|[Gen 5] OU
|rated|
|clearpoke
|poke|p1|Politoed, F|item
|poke|p1|Kyurem-Black|item
|poke|p1|Tentacruel, M|item
|poke|p1|Ferrothorn, M|item
|poke|p1|Landorus-Therian, M|item
|poke|p1|Tornadus, M|item
|poke|p2|Moltres|item
|poke|p2|Celebi|item
|poke|p2|Politoed, M|item
|poke|p2|Tentacruel, F|item
|poke|p2|Scizor, F|item
|poke|p2|Garchomp, F|item
|rule|Species Clause: Limit one of each Pokémon
|rule|OHKO Clause: OHKO moves are banned
|rule|Moody Clause: Moody is banned
|rule|Evasion Moves Clause: Evasion moves are banned
|rule|Endless Battle Clause: Forcing endless battles is banned
|rule|HP Percentage Mod: HP is shown in percentages
|rule|Evasion Abilities Clause: Evasion abilities are banned
|rule|Baton Pass Clause: Limit one Baton Passer, can't pass Spe and other stats simultaneously
|rule|Sleep Clause: Sleep-inducing moves are banned
|rule|Swagger Clause: Swagger is banned
|teampreview
|
|start
|switch|p1a: Landorus|Landorus-Therian, M|100/100
|switch|p2a: Celebi|Celebi|100/100
|-ability|p1a: Landorus|Intimidate|boost
|-unboost|p2a: Celebi|atk|1
|turn|1
|inactive|Battle timer is ON: inactive players will automatically lose when time's up. (requested by pkonob31)
|
|switch|p2a: Scizor|Scizor, F|100/100
|move|p1a: Landorus|Stone Edge|p2a: Scizor
|-damage|p2a: Scizor|64/100
|
|upkeep
|turn|2
|
|switch|p2a: Garchomp|Garchomp, F|100/100
|move|p1a: Landorus|Stone Edge|p2a: Garchomp
|-resisted|p2a: Garchomp
|-damage|p2a: Garchomp|83/100
|
|-heal|p2a: Garchomp|90/100|[from] item: Leftovers
|upkeep
|turn|3
|
|switch|p1a: Politoed|Politoed, F|100/100
|-weather|RainDance|[from] ability: Drizzle|[of] p1a: Politoed
|move|p2a: Garchomp|Stealth Rock|p1a: Politoed
|-sidestart|p1: Nalorium|move: Stealth Rock
|
|-weather|RainDance|[upkeep]
|-heal|p2a: Garchomp|96/100|[from] item: Leftovers
|upkeep
|turn|4
|
|switch|p2a: Tentacruel|Tentacruel, F|100/100
|switch|p1a: Landorus|Landorus-Therian, M|100/100
|-damage|p1a: Landorus|88/100|[from] Stealth Rock
|-ability|p1a: Landorus|Intimidate|boost
|-unboost|p2a: Tentacruel|atk|1
|
|-weather|RainDance|[upkeep]
|upkeep
|turn|5
|
|move|p2a: Tentacruel|Protect|p2a: Tentacruel
|-singleturn|p2a: Tentacruel|Protect
|move|p1a: Landorus|U-turn|p2a: Tentacruel
|-activate|p2a: Tentacruel|move: Protect
|
|-weather|RainDance|[upkeep]
|upkeep
|turn|6
|
|move|p1a: Landorus|U-turn|p2a: Tentacruel
|-resisted|p2a: Tentacruel
|-damage|p2a: Tentacruel|90/100
|
|switch|p1a: Tentacruel|Tentacruel, M|100/100|[from]move: U-turn
|-damage|p1a: Tentacruel|88/100|[from] Stealth Rock
|move|p2a: Tentacruel|Toxic|p1a: Tentacruel
|-immune|p1a: Tentacruel
|
|-weather|RainDance|[upkeep]
|-heal|p1a: Tentacruel|94/100|[from] ability: Rain Dish
|-heal|p2a: Tentacruel|96/100|[from] ability: Rain Dish
|-heal|p1a: Tentacruel|99/100|[from] item: Black Sludge
|-heal|p2a: Tentacruel|100/100|[from] item: Black Sludge
|upkeep
|turn|7
|
|switch|p2a: Garchomp|Garchomp, F|96/100
|move|p1a: Tentacruel|Rapid Spin|p2a: Garchomp
|-damage|p2a: Garchomp|92/100
|-damage|p1a: Tentacruel|88/100|[from] ability: Rough Skin|[of] p2a: Garchomp
|-sideend|p1: Nalorium|Stealth Rock|[from] move: Rapid Spin|[of] p1a: Tentacruel
|
|-weather|RainDance|[upkeep]
|-heal|p1a: Tentacruel|94/100|[from] ability: Rain Dish
|-heal|p2a: Garchomp|99/100|[from] item: Leftovers
|-heal|p1a: Tentacruel|99/100|[from] item: Black Sludge
|upkeep
|turn|8
|
|switch|p1a: Landorus|Landorus-Therian, M|88/100
|-ability|p1a: Landorus|Intimidate|boost
|-unboost|p2a: Garchomp|atk|1
|move|p2a: Garchomp|Swords Dance|p2a: Garchomp
|-boost|p2a: Garchomp|atk|2
|
|-weather|RainDance|[upkeep]
|-heal|p2a: Garchomp|100/100|[from] item: Leftovers
|upkeep
|turn|9
|
|move|p1a: Landorus|Earthquake|p2a: Garchomp
|-damage|p2a: Garchomp|47/100
|move|p2a: Garchomp|Dragon Claw|p1a: Landorus
|-damage|p1a: Landorus|26/100
|
|-weather|RainDance|[upkeep]
|-heal|p2a: Garchomp|53/100|[from] item: Leftovers
|upkeep
|turn|10
|
|switch|p2a: Moltres|Moltres|100/100
|-ability|p2a: Moltres|Pressure
|move|p1a: Landorus|Earthquake|p2a: Moltres
|-immune|p2a: Moltres
|
|-weather|RainDance|[upkeep]
|upkeep
|turn|11
|
|switch|p1a: Politoed|Politoed, F|100/100
|move|p2a: Moltres|Hurricane|p1a: Politoed
|-damage|p1a: Politoed|41/100
|-start|p1a: Politoed|confusion
|
|-weather|RainDance|[upkeep]
|upkeep
|turn|12
|
|move|p2a: Moltres|Hurricane|p1a: Politoed
|-damage|p1a: Politoed|0 fnt
|faint|p1a: Politoed
|
|-weather|RainDance|[upkeep]
|upkeep
|
|switch|p1a: Kyurem|Kyurem-Black|100/100
|-ability|p1a: Kyurem|Teravolt
|turn|13
|
|move|p2a: Moltres|Hurricane|p1a: Kyurem
|-damage|p1a: Kyurem|40/100
|-start|p1a: Kyurem|confusion
|-activate|p1a: Kyurem|confusion
|-damage|p1a: Kyurem|25/100|[from] confusion
|-enditem|p1a: Kyurem|Salac Berry|[eat]
|-boost|p1a: Kyurem|spe|1|[from] item: Salac Berry
|
|-weather|RainDance|[upkeep]
|upkeep
|turn|14
|
|switch|p2a: Politoed|Politoed, M|100/100
|-activate|p1a: Kyurem|confusion
|-damage|p1a: Kyurem|9/100|[from] confusion
|
|-weather|RainDance|[upkeep]
|upkeep
|turn|15
|
|-activate|p1a: Kyurem|confusion
|-damage|p1a: Kyurem|0 fnt|[from] confusion
|faint|p1a: Kyurem
|move|p2a: Politoed|Surf|p1: Kyurem|[notarget]
|-fail|p2a: Politoed
|
|-weather|RainDance|[upkeep]
|upkeep
|
|switch|p1a: Tornadus|Tornadus, M|100/100
|turn|16
|
|move|p1a: Tornadus|Hurricane|p2a: Politoed
|-damage|p2a: Politoed|17/100
|-start|p2a: Politoed|confusion
|-activate|p2a: Politoed|confusion
|move|p2a: Politoed|Surf|p1a: Tornadus
|-damage|p1a: Tornadus|0 fnt
|faint|p1a: Tornadus
|
|-weather|RainDance|[upkeep]
|upkeep
|
|switch|p1a: Landorus|Landorus-Therian, M|26/100
|-ability|p1a: Landorus|Intimidate|boost
|-unboost|p2a: Politoed|atk|1
|turn|17
|
|move|p1a: Landorus|U-turn|p2a: Politoed
|-damage|p2a: Politoed|0 fnt
|faint|p2a: Politoed
|
|switch|p1a: Tentacruel|Tentacruel, M|99/100|[from]move: U-turn
|
|-weather|RainDance|[upkeep]
|-heal|p1a: Tentacruel|100/100|[from] ability: Rain Dish
|upkeep
|
|switch|p2a: Garchomp|Garchomp, F|53/100
|turn|18
|c|☆Nalorium|Imposible
|c|☆Nalorium|At least say sorry
|
|move|p2a: Garchomp|Dragon Claw|p1a: Tentacruel
|-damage|p1a: Tentacruel|48/100
|move|p1a: Tentacruel|Scald|p2a: Garchomp
|-damage|p2a: Garchomp|13/100
|
|-weather|RainDance|[upkeep]
|-heal|p1a: Tentacruel|54/100|[from] ability: Rain Dish
|-heal|p2a: Garchomp|19/100|[from] item: Leftovers
|-heal|p1a: Tentacruel|61/100|[from] item: Black Sludge
|upkeep
|turn|19
|
|switch|p1a: Ferrothorn|Ferrothorn, M|100/100
|move|p2a: Garchomp|Earthquake|p1a: Ferrothorn
|-damage|p1a: Ferrothorn|65/100
|
|-weather|RainDance|[upkeep]
|-heal|p2a: Garchomp|25/100|[from] item: Leftovers
|-heal|p1a: Ferrothorn|71/100|[from] item: Leftovers
|upkeep
|turn|20
|
|switch|p2a: Celebi|Celebi|100/100
|move|p1a: Ferrothorn|Power Whip|p2a: Celebi
|-resisted|p2a: Celebi
|-damage|p2a: Celebi|84/100
|
|-weather|RainDance|[upkeep]
|-heal|p2a: Celebi|91/100|[from] item: Leftovers
|-heal|p1a: Ferrothorn|77/100|[from] item: Leftovers
|upkeep
|turn|21
|
|move|p2a: Celebi|Nasty Plot|p2a: Celebi
|-boost|p2a: Celebi|spa|2
|move|p1a: Ferrothorn|Stealth Rock|p2a: Celebi
|-sidestart|p2: pkonob31|move: Stealth Rock
|
|-weather|RainDance|[upkeep]
|-heal|p2a: Celebi|97/100|[from] item: Leftovers
|-heal|p1a: Ferrothorn|83/100|[from] item: Leftovers
|upkeep
|turn|22
|
|move|p2a: Celebi|Baton Pass|p2a: Celebi
|
|switch|p2a: Moltres|Moltres|100/100|[from]move: Baton Pass
|-damage|p2a: Moltres|51/100|[from] Stealth Rock
|-ability|p2a: Moltres|Pressure
|move|p1a: Ferrothorn|Spikes|p2a: Moltres
|-sidestart|p2: pkonob31|Spikes
|
|-weather|RainDance|[upkeep]
|-heal|p1a: Ferrothorn|90/100|[from] item: Leftovers
|upkeep
|turn|23
|
|move|p2a: Moltres|Hurricane|p1a: Ferrothorn
|-crit|p1a: Ferrothorn
|-damage|p1a: Ferrothorn|0 fnt
|faint|p1a: Ferrothorn
|
|-weather|RainDance|[upkeep]
|upkeep
|
|switch|p1a: Landorus|Landorus-Therian, M|26/100
|-ability|p1a: Landorus|Intimidate|boost
|-unboost|p2a: Moltres|atk|1
|turn|24
|
|switch|p2a: Garchomp|Garchomp, F|25/100
|-damage|p2a: Garchomp|19/100|[from] Stealth Rock
|-damage|p2a: Garchomp|6/100|[from] Spikes
|move|p1a: Landorus|Stone Edge|p2a: Garchomp
|-resisted|p2a: Garchomp
|-damage|p2a: Garchomp|0 fnt
|faint|p2a: Garchomp
|
|-weather|RainDance|[upkeep]
|upkeep
|
|switch|p2a: Scizor|Scizor, F|64/100
|-damage|p2a: Scizor|52/100|[from] Stealth Rock
|-damage|p2a: Scizor|40/100|[from] Spikes
|turn|25
|
|switch|p1a: Tentacruel|Tentacruel, M|61/100
|move|p2a: Scizor|Bullet Punch|p1a: Tentacruel
|-resisted|p1a: Tentacruel
|-damage|p1a: Tentacruel|30/100
|
|-weather|RainDance|[upkeep]
|-heal|p1a: Tentacruel|36/100|[from] ability: Rain Dish
|-heal|p1a: Tentacruel|42/100|[from] item: Black Sludge
|upkeep
|turn|26
|
|switch|p1a: Landorus|Landorus-Therian, M|26/100
|-ability|p1a: Landorus|Intimidate|boost
|-unboost|p2a: Scizor|atk|1
|switch|p2a: Celebi|Celebi|97/100
|-damage|p2a: Celebi|84/100|[from] Stealth Rock
|-damage|p2a: Celebi|72/100|[from] Spikes
|
|-weather|RainDance|[upkeep]
|-heal|p2a: Celebi|78/100|[from] item: Leftovers
|upkeep
|turn|27
|
|move|p1a: Landorus|U-turn|p2a: Celebi
|-supereffective|p2a: Celebi
|-crit|p2a: Celebi
|-damage|p2a: Celebi|0 fnt
|faint|p2a: Celebi
|
|switch|p1a: Tentacruel|Tentacruel, M|42/100|[from]move: U-turn
|
|-weather|RainDance|[upkeep]
|-heal|p1a: Tentacruel|48/100|[from] ability: Rain Dish
|-heal|p1a: Tentacruel|54/100|[from] item: Black Sludge
|upkeep
|
|switch|p2a: Moltres|Moltres|51/100
|-damage|p2a: Moltres|1/100|[from] Stealth Rock
|-ability|p2a: Moltres|Pressure
|turn|28
|
|move|p1a: Tentacruel|Protect|p1a: Tentacruel
|-singleturn|p1a: Tentacruel|Protect
|move|p2a: Moltres|Hurricane|p1a: Tentacruel
|-activate|p1a: Tentacruel|move: Protect
|
|-weather|RainDance|[upkeep]
|-heal|p1a: Tentacruel|60/100|[from] ability: Rain Dish
|-heal|p1a: Tentacruel|66/100|[from] item: Black Sludge
|upkeep
|turn|29
|
|move|p2a: Moltres|Hurricane|p1a: Tentacruel
|-damage|p1a: Tentacruel|14/100
|move|p1a: Tentacruel|Scald|p2a: Moltres
|-supereffective|p2a: Moltres
|-damage|p2a: Moltres|0 fnt
|faint|p2a: Moltres
|
|-weather|RainDance|[upkeep]
|-heal|p1a: Tentacruel|20/100|[from] ability: Rain Dish
|-heal|p1a: Tentacruel|26/100|[from] item: Black Sludge
|upkeep
|
|switch|p2a: Scizor|Scizor, F|40/100
|-damage|p2a: Scizor|28/100|[from] Stealth Rock
|-damage|p2a: Scizor|15/100|[from] Spikes
|turn|30
|
|move|p1a: Tentacruel|Protect|p1a: Tentacruel
|-singleturn|p1a: Tentacruel|Protect
|move|p2a: Scizor|Bullet Punch|p1a: Tentacruel
|-activate|p1a: Tentacruel|move: Protect
|
|-weather|RainDance|[upkeep]
|-heal|p1a: Tentacruel|32/100|[from] ability: Rain Dish
|-heal|p1a: Tentacruel|38/100|[from] item: Black Sludge
|upkeep
|turn|31
|
|move|p2a: Scizor|Bullet Punch|p1a: Tentacruel
|-resisted|p1a: Tentacruel
|-damage|p1a: Tentacruel|7/100
|move|p1a: Tentacruel|Scald|p2a: Scizor
|-damage|p2a: Scizor|0 fnt
|faint|p2a: Scizor
|
|-weather|RainDance|[upkeep]
|-heal|p1a: Tentacruel|13/100|[from] ability: Rain Dish
|-heal|p1a: Tentacruel|19/100|[from] item: Black Sludge
|upkeep
|
|switch|p2a: Tentacruel|Tentacruel, F|100/100
|-damage|p2a: Tentacruel|88/100|[from] Spikes
|-damage|p2a: Tentacruel|76/100|[from] Stealth Rock
|turn|32
|
|move|p1a: Tentacruel|Protect|p1a: Tentacruel
|-singleturn|p1a: Tentacruel|Protect
|move|p2a: Tentacruel|Scald|p1a: Tentacruel
|-activate|p1a: Tentacruel|move: Protect
|
|-weather|RainDance|[upkeep]
|-heal|p1a: Tentacruel|25/100|[from] ability: Rain Dish
|-heal|p2a: Tentacruel|82/100|[from] ability: Rain Dish
|-heal|p1a: Tentacruel|31/100|[from] item: Black Sludge
|-heal|p2a: Tentacruel|88/100|[from] item: Black Sludge
|upkeep
|turn|33
|
|move|p1a: Tentacruel|Scald|p2a: Tentacruel
|-resisted|p2a: Tentacruel
|-damage|p2a: Tentacruel|74/100
|move|p2a: Tentacruel|Scald|p1a: Tentacruel
|-resisted|p1a: Tentacruel
|-damage|p1a: Tentacruel|19/100
|-status|p1a: Tentacruel|brn
|
|-weather|RainDance|[upkeep]
|-heal|p1a: Tentacruel|25/100 brn|[from] ability: Rain Dish
|-heal|p2a: Tentacruel|80/100|[from] ability: Rain Dish
|-heal|p1a: Tentacruel|31/100 brn|[from] item: Black Sludge
|-heal|p2a: Tentacruel|86/100|[from] item: Black Sludge
|-damage|p1a: Tentacruel|18/100 brn|[from] brn
|upkeep
|turn|34
|
|move|p2a: Tentacruel|Protect|p2a: Tentacruel
|-singleturn|p2a: Tentacruel|Protect
|move|p1a: Tentacruel|Scald|p2a: Tentacruel
|-activate|p2a: Tentacruel|move: Protect
|
|-weather|RainDance|[upkeep]
|-heal|p1a: Tentacruel|24/100 brn|[from] ability: Rain Dish
|-heal|p2a: Tentacruel|92/100|[from] ability: Rain Dish
|-heal|p1a: Tentacruel|31/100 brn|[from] item: Black Sludge
|-heal|p2a: Tentacruel|98/100|[from] item: Black Sludge
|-damage|p1a: Tentacruel|18/100 brn|[from] brn
|upkeep
|turn|35
|
|move|p1a: Tentacruel|Scald|p2a: Tentacruel
|-resisted|p2a: Tentacruel
|-damage|p2a: Tentacruel|84/100
|move|p2a: Tentacruel|Rapid Spin|p1a: Tentacruel
|-damage|p1a: Tentacruel|15/100 brn
|-sideend|p2: pkonob31|Spikes|[from] move: Rapid Spin|[of] p2a: Tentacruel
|-sideend|p2: pkonob31|Stealth Rock|[from] move: Rapid Spin|[of] p2a: Tentacruel
|
|-weather|RainDance|[upkeep]
|-heal|p1a: Tentacruel|21/100 brn|[from] ability: Rain Dish
|-heal|p2a: Tentacruel|90/100|[from] ability: Rain Dish
|-heal|p1a: Tentacruel|27/100 brn|[from] item: Black Sludge
|-heal|p2a: Tentacruel|96/100|[from] item: Black Sludge
|-damage|p1a: Tentacruel|14/100 brn|[from] brn
|upkeep
|turn|36
|
|move|p1a: Tentacruel|Scald|p2a: Tentacruel
|-resisted|p2a: Tentacruel
|-crit|p2a: Tentacruel
|-damage|p2a: Tentacruel|69/100
|-status|p2a: Tentacruel|brn
|move|p2a: Tentacruel|Scald|p1a: Tentacruel
|-resisted|p1a: Tentacruel
|-damage|p1a: Tentacruel|0 fnt
|faint|p1a: Tentacruel
|
|-weather|RainDance|[upkeep]
|-heal|p2a: Tentacruel|75/100 brn|[from] ability: Rain Dish
|-heal|p2a: Tentacruel|81/100 brn|[from] item: Black Sludge
|-damage|p2a: Tentacruel|68/100 brn|[from] brn
|upkeep
|
|switch|p1a: Landorus|Landorus-Therian, M|26/100
|-ability|p1a: Landorus|Intimidate|boost
|-unboost|p2a: Tentacruel|atk|1
|turn|37
|
|move|p1a: Landorus|Earthquake|p2a: Tentacruel
|-supereffective|p2a: Tentacruel
|-damage|p2a: Tentacruel|0 fnt
|faint|p2a: Tentacruel
|
|win|Nalorium
|l|☆pkonob31
|raw|Nalorium's rating: 1519 &rarr; <strong>1528</strong><br />(+9 for winning)
|raw|pkonob31's rating: 1316 &rarr; <strong>1307</strong><br />(-9 for losing)
