|join|dtw
|join|Ryan O'Connor
|player|p1|dtw|1
|player|p2|Ryan O'Connor|286
|gametype|singles
|gen|5
|tier|[Gen 5] OU
|rated
|rule|Evasion Abilities Clause: Evasion abilities are banned
|clearpoke
|poke|p1|Politoed, M
|poke|p1|Breloom, M
|poke|p1|Ferrothorn, F
|poke|p1|Gyarados, F
|poke|p1|Starmie
|poke|p1|Gengar, M
|poke|p2|Skarmory, M
|poke|p2|Starmie
|poke|p2|Scizor, M
|poke|p2|Salamence, M
|poke|p2|Latios, M
|poke|p2|Landorus-Therian, M
|rule|Sleep Clause Mod: Limit one foe put to sleep
|rule|Species Clause: Limit one of each Pokemon
|rule|OHKO Clause: OHKO moves are banned
|rule|Moody Clause: Moody is banned
|rule|Evasion Moves Clause: Evasion moves are banned
|rule|Endless Battle Clause: Forcing endless battles is banned.
|rule|HP Percentage Mod: HP is reported as percentages
|teampreview
|
|start
|switch|p1a: Gyarados|Gyarados, F|352/352
|switch|p2a: X. Shaqiri|Scizor, M|333/333
|-ability|p1a: Gyarados|Intimidate|[of] p2a: X. Shaqiri
|-unboost|p2a: X. Shaqiri|atk|1
|turn|1
|
|move|p1a: Gyarados|Dragon Dance|p1a: Gyarados
|-boost|p1a: Gyarados|atk|1
|-boost|p1a: Gyarados|spe|1
|move|p2a: X. Shaqiri|U-turn|p1a: Gyarados
|-resisted|p1a: Gyarados
|-damage|p1a: Gyarados|269/352
|
|switch|p2a: M. Götze|Skarmory, M|272/272
|
|-heal|p1a: Gyarados|291/352|[from] item: Leftovers
|turn|2
|
|move|p1a: Gyarados|Taunt|p2a: M. Götze
|-start|p2a: M. Götze|move: Taunt
|move|p2a: M. Götze|Brave Bird|p1a: Gyarados
|-damage|p1a: Gyarados|92/352
|-damage|p2a: M. Götze|206/272|[from] recoil|[of] p1a: Gyarados
|
|-heal|p1a: Gyarados|114/352|[from] item: Leftovers
|turn|3
|
|switch|p1a: Ferrothorn|Ferrothorn, F|352/352
|move|p2a: M. Götze|Brave Bird|p1a: Ferrothorn
|-damage|p1a: Ferrothorn|247/352
|-damage|p2a: M. Götze|171/272|[from] recoil|[of] p1a: Ferrothorn
|-damage|p2a: M. Götze|137/272|[from] ability: Iron Barbs|[of] p1a: Ferrothorn
|-damage|p2a: M. Götze|92/272|[from] item: Rocky Helmet|[of] p1a: Ferrothorn
|
|turn|4
|
|switch|p2a: I. Gündoğan|Starmie|268/268
|move|p1a: Ferrothorn|Stealth Rock|p2a: I. Gündoğan
|-sidestart|p2: Ryan O'Connor|move: Stealth Rock
|
|turn|5
|
|move|p2a: I. Gündoğan|Hydro Pump|p1a: Ferrothorn
|-resisted|p1a: Ferrothorn
|-damage|p1a: Ferrothorn|165/352
|-damage|p2a: I. Gündoğan|242/268|[from] item: Life Orb
|move|p1a: Ferrothorn|Bulldoze|p2a: I. Gündoğan
|-damage|p2a: I. Gündoğan|187/268
|-unboost|p2a: I. Gündoğan|spe|1
|
|turn|6
|
|move|p2a: I. Gündoğan|Hidden Power|p1a: Ferrothorn
|-supereffective|p1a: Ferrothorn
|-damage|p1a: Ferrothorn|0 fnt
|-damage|p2a: I. Gündoğan|161/268|[from] item: Life Orb
|faint|p1a: Ferrothorn
|
|
|switch|p1a: Gengar|Gengar, M|262/262
|turn|7
|
|switch|p1a: Breloom|Breloom, M|262/262
|switch|p2a: X. Shaqiri|Scizor, M|333/333
|-damage|p2a: X. Shaqiri|292/333|[from] Stealth Rock
|
|turn|8
|
|switch|p2a: M. Götze|Skarmory, M|92/272
|-damage|p2a: M. Götze|58/272|[from] Stealth Rock
|move|p1a: Breloom|Spore|p2a: M. Götze
|-status|p2a: M. Götze|slp
|
|turn|9
|
|switch|p2a: M. Mandžukić|Salamence, M|331/331
|-damage|p2a: M. Mandžukić|249/331|[from] Stealth Rock
|move|p1a: Breloom|Swords Dance|p1a: Breloom
|-boost|p1a: Breloom|atk|2
|
|turn|10
|
|move|p1a: Breloom|Mach Punch|p2a: M. Mandžukić
|-resisted|p2a: M. Mandžukić
|-damage|p2a: M. Mandžukić|120/331
|move|p2a: M. Mandžukić|Fire Blast|p1a: Breloom
|-supereffective|p1a: Breloom
|-enditem|p1a: Breloom|Focus Sash
|-damage|p1a: Breloom|1/262
|-damage|p2a: M. Mandžukić|87/331|[from] item: Life Orb
|
|turn|11
|
|move|p1a: Breloom|Mach Punch|p2a: M. Mandžukić
|-resisted|p2a: M. Mandžukić
|-damage|p2a: M. Mandžukić|0 fnt
|faint|p2a: M. Mandžukić
|
|
|switch|p2a: M. Reus|Latios, M|304/304
|-damage|p2a: M. Reus|266/304|[from] Stealth Rock
|turn|12
|
|move|p1a: Breloom|Mach Punch|p2a: M. Reus
|-resisted|p2a: M. Reus
|-damage|p2a: M. Reus|119/304
|move|p2a: M. Reus|Psyshock|p1a: Breloom
|-supereffective|p1a: Breloom
|-damage|p1a: Breloom|0 fnt
|faint|p1a: Breloom
|
|
|switch|p1a: Politoed|Politoed, M|384/384
|-weather|RainDance|[from] ability: Drizzle|[of] p1a: Politoed
|turn|13
|
|move|p2a: M. Reus|Draco Meteor|p1a: Politoed
|-damage|p1a: Politoed|132/384
|-unboost|p2a: M. Reus|spa|2
|move|p1a: Politoed|Scald|p2a: M. Reus
|-resisted|p2a: M. Reus
|-damage|p2a: M. Reus|62/304
|-status|p2a: M. Reus|brn
|
|-weather|RainDance|[upkeep]
|-heal|p1a: Politoed|156/384|[from] item: Leftovers
|-damage|p2a: M. Reus|24/304 brn|[from] brn
|turn|14
|
|move|p2a: M. Reus|Draco Meteor|p1a: Politoed
|-damage|p1a: Politoed|39/384
|-unboost|p2a: M. Reus|spa|2
|move|p1a: Politoed|Scald|p2a: M. Reus
|-crit|p2a: M. Reus
|-resisted|p2a: M. Reus
|-damage|p2a: M. Reus|0 fnt
|faint|p2a: M. Reus
|
|-weather|RainDance|[upkeep]
|-heal|p1a: Politoed|63/384|[from] item: Leftovers
|
|switch|p2a: I. Gündoğan|Starmie|161/268
|-damage|p2a: I. Gündoğan|128/268|[from] Stealth Rock
|turn|15
|
|move|p2a: I. Gündoğan|Thunderbolt|p1a: Politoed
|-supereffective|p1a: Politoed
|-damage|p1a: Politoed|0 fnt
|-damage|p2a: I. Gündoğan|102/268|[from] item: Life Orb
|faint|p1a: Politoed
|
|-weather|RainDance|[upkeep]
|
|switch|p1a: Starmie|Starmie|261/261
|turn|16
|
|switch|p2a: M. Götze|Skarmory, M|58/272 slp
|-damage|p2a: M. Götze|24/272 slp|[from] Stealth Rock
|move|p1a: Starmie|Thunder|p2a: M. Götze
|-supereffective|p2a: M. Götze
|-damage|p2a: M. Götze|0 fnt
|-damage|p1a: Starmie|235/261|[from] item: Life Orb
|faint|p2a: M. Götze
|
|-weather|RainDance|[upkeep]
|
|switch|p2a: X. Shaqiri|Scizor, M|292/333
|-damage|p2a: X. Shaqiri|251/333|[from] Stealth Rock
|turn|17
|
|move|p2a: X. Shaqiri|Bullet Punch|p1a: Starmie
|-resisted|p1a: Starmie
|-damage|p1a: Starmie|130/261
|move|p1a: Starmie|Hydro Pump|p2a: X. Shaqiri
|-damage|p2a: X. Shaqiri|0 fnt
|-damage|p1a: Starmie|104/261|[from] item: Life Orb
|faint|p2a: X. Shaqiri
|
|-weather|RainDance|[upkeep]
|
|switch|p2a: R. Lewandowski|Landorus-Therian, M|321/321
|-damage|p2a: R. Lewandowski|281/321|[from] Stealth Rock
|-ability|p2a: R. Lewandowski|Intimidate|[of] p1a: Starmie
|-unboost|p1a: Starmie|atk|1
|turn|18
|
|move|p1a: Starmie|Ice Beam|p2a: R. Lewandowski
|-supereffective|p2a: R. Lewandowski
|-damage|p2a: R. Lewandowski|0 fnt
|-damage|p1a: Starmie|78/261|[from] item: Life Orb
|faint|p2a: R. Lewandowski
|
|-weather|RainDance|[upkeep]
|-message|Ryan O'Connor forfeited.
|
|win|dtw
|raw|Ladder updating...
|raw|dtw's rating: 1335 &rarr; <strong>1360</strong><br />(+25 for winning)
|raw|Ryan O&apos;Connor's rating: 1435 &rarr; <strong>1409</strong><br />(-26 for losing)
|leave|Ryan O'Connor
|player|p2