|j|☆chadbro
|j|☆chotto matte
|player|p1|chadbro|265
|player|p2|chotto matte|287
|teamsize|p1|6
|teamsize|p2|6
|gametype|singles
|gen|5
|tier|[Gen 5] OU
|rated|
|rule|Sleep Clause Mod: Limit one foe put to sleep
|rule|Species Clause: Limit one of each Pokémon
|rule|OHKO Clause: OHKO moves are banned
|rule|Moody Clause: Moody is banned
|rule|Evasion Moves Clause: Evasion moves are banned
|rule|Endless Battle Clause: Forcing endless battles is banned
|rule|HP Percentage Mod: HP is shown in percentages
|rule|Evasion Abilities Clause: Evasion abilities are banned
|rule|Baton Pass Clause: Limit one Baton Passer, can't pass Spe and other stats simultaneously
|rule|Swagger Clause: Swagger is banned
|clearpoke
|poke|p1|Tyranitar, M|item
|poke|p1|Magnezone|item
|poke|p1|Terrakion|item
|poke|p1|Latios, M|item
|poke|p1|Scizor, M|item
|poke|p1|Landorus-Therian, M|item
|poke|p2|Politoed, F|item
|poke|p2|Parasect, F|item
|poke|p2|Jirachi|item
|poke|p2|Tentacruel, M|item
|poke|p2|Zapdos|item
|poke|p2|Terrakion|item
|teampreview
|
|start
|switch|p1a: Pat Riely|Tyranitar, M|403/403
|switch|p2a: Politoed|Politoed, F|384/384
|-weather|RainDance|[from] ability: Drizzle|[of] p2a: Politoed
|-weather|Sandstorm|[from] ability: Sand Stream|[of] p1a: Pat Riely
|turn|1
|
|move|p2a: Politoed|Hydro Pump|p1a: Pat Riely
|-supereffective|p1a: Pat Riely
|-damage|p1a: Pat Riely|107/403
|move|p1a: Pat Riely|Stealth Rock|p2a: Politoed
|-sidestart|p2: chotto matte|move: Stealth Rock
|
|-weather|Sandstorm|[upkeep]
|-damage|p2a: Politoed|360/384|[from] Sandstorm
|-heal|p1a: Pat Riely|132/403|[from] item: Leftovers
|upkeep
|turn|2
|
|switch|p2a: Jirachi|Jirachi|404/404
|-damage|p2a: Jirachi|379/404|[from] Stealth Rock
|switch|p1a: Bosh|Latios, M, shiny|301/301
|
|-weather|Sandstorm|[upkeep]
|-damage|p1a: Bosh|283/301|[from] Sandstorm
|-heal|p2a: Jirachi|404/404|[from] item: Leftovers
|upkeep
|turn|3
|
|switch|p1a: Bron Bron|Landorus-Therian, M|382/382
|-ability|p1a: Bron Bron|Intimidate|boost
|-unboost|p2a: Jirachi|atk|1
|move|p2a: Jirachi|U-turn|p1a: Bron Bron
|-resisted|p1a: Bron Bron
|-damage|p1a: Bron Bron|363/382
|
|switch|p2a: Tentacruel|Tentacruel, M|362/362
|-damage|p2a: Tentacruel|317/362|[from] Stealth Rock
|
|-weather|Sandstorm|[upkeep]
|-damage|p2a: Tentacruel|295/362|[from] Sandstorm
|-heal|p2a: Tentacruel|317/362|[from] item: Black Sludge
|upkeep
|turn|4
|
|move|p2a: Tentacruel|Protect|p2a: Tentacruel
|-singleturn|p2a: Tentacruel|Protect
|move|p1a: Bron Bron|Earthquake|p2a: Tentacruel
|-activate|p2a: Tentacruel|move: Protect
|
|-weather|Sandstorm|[upkeep]
|-damage|p2a: Tentacruel|295/362|[from] Sandstorm
|-heal|p2a: Tentacruel|317/362|[from] item: Black Sludge
|upkeep
|turn|5
|
|switch|p1a: Bosh|Latios, M, shiny|283/301
|move|p2a: Tentacruel|Rapid Spin|p1a: Bosh
|-damage|p1a: Bosh|272/301
|-sideend|p2: chotto matte|Stealth Rock|[from] move: Rapid Spin|[of] p2a: Tentacruel
|
|-weather|Sandstorm|[upkeep]
|-damage|p1a: Bosh|254/301|[from] Sandstorm
|-damage|p2a: Tentacruel|295/362|[from] Sandstorm
|-heal|p2a: Tentacruel|317/362|[from] item: Black Sludge
|upkeep
|turn|6
|
|switch|p2a: Jirachi|Jirachi|404/404
|move|p1a: Bosh|Psyshock|p2a: Jirachi
|-resisted|p2a: Jirachi
|-damage|p2a: Jirachi|370/404
|
|-weather|Sandstorm|[upkeep]
|-damage|p1a: Bosh|236/301|[from] Sandstorm
|-heal|p2a: Jirachi|395/404|[from] item: Leftovers
|upkeep
|turn|7
|
|switch|p1a: Bron Bron|Landorus-Therian, M|363/382
|-ability|p1a: Bron Bron|Intimidate|boost
|-unboost|p2a: Jirachi|atk|1
|move|p2a: Jirachi|U-turn|p1a: Bron Bron
|-resisted|p1a: Bron Bron
|-damage|p1a: Bron Bron|341/382
|
|switch|p2a: Politoed|Politoed, F|360/384
|-weather|RainDance|[from] ability: Drizzle|[of] p2a: Politoed
|
|-weather|RainDance|[upkeep]
|upkeep
|turn|8
|
|switch|p1a: Bosh|Latios, M, shiny|236/301
|move|p2a: Politoed|Ice Beam|p1a: Bosh
|-supereffective|p1a: Bosh
|-damage|p1a: Bosh|0 fnt
|faint|p1a: Bosh
|
|-weather|RainDance|[upkeep]
|upkeep
|
|switch|p1a: Ray Allen|Magnezone|283/283
|turn|9
|
|switch|p2a: Parasect|Parasect, F|323/323
|move|p1a: Ray Allen|Substitute|p1a: Ray Allen
|-start|p1a: Ray Allen|Substitute
|-damage|p1a: Ray Allen|213/283
|
|-weather|RainDance|[upkeep]
|-heal|p1a: Ray Allen|230/283|[from] item: Leftovers
|upkeep
|turn|10
|
|move|p1a: Ray Allen|Hidden Power|p2a: Parasect
|-supereffective|p2a: Parasect
|-damage|p2a: Parasect|55/323
|move|p2a: Parasect|X-Scissor|p1a: Ray Allen
|-resisted|p1a: Ray Allen
|-activate|p1a: Ray Allen|Substitute|[damage]
|
|-weather|RainDance|[upkeep]
|-heal|p2a: Parasect|95/323|[from] ability: Dry Skin
|-heal|p1a: Ray Allen|247/283|[from] item: Leftovers
|-heal|p2a: Parasect|115/323|[from] item: Leftovers
|upkeep
|turn|11
|
|switch|p2a: Tentacruel|Tentacruel, M|317/362
|move|p1a: Ray Allen|Charge Beam|p2a: Tentacruel
|-supereffective|p2a: Tentacruel
|-damage|p2a: Tentacruel|161/362
|
|-weather|RainDance|[upkeep]
|-heal|p2a: Tentacruel|183/362|[from] ability: Rain Dish
|-heal|p2a: Tentacruel|205/362|[from] item: Black Sludge
|-heal|p1a: Ray Allen|264/283|[from] item: Leftovers
|upkeep
|turn|12
|
|move|p2a: Tentacruel|Scald|p1a: Ray Allen
|-end|p1a: Ray Allen|Substitute
|move|p1a: Ray Allen|Charge Beam|p2a: Tentacruel
|-supereffective|p2a: Tentacruel
|-damage|p2a: Tentacruel|37/362
|-boost|p1a: Ray Allen|spa|1
|
|-weather|RainDance|[upkeep]
|-heal|p2a: Tentacruel|59/362|[from] ability: Rain Dish
|-heal|p2a: Tentacruel|81/362|[from] item: Black Sludge
|-heal|p1a: Ray Allen|281/283|[from] item: Leftovers
|upkeep
|turn|13
|
|move|p2a: Tentacruel|Scald|p1a: Ray Allen
|-damage|p1a: Ray Allen|155/283
|move|p1a: Ray Allen|Substitute|p1a: Ray Allen
|-start|p1a: Ray Allen|Substitute
|-damage|p1a: Ray Allen|85/283
|
|-weather|RainDance|[upkeep]
|-heal|p2a: Tentacruel|103/362|[from] ability: Rain Dish
|-heal|p2a: Tentacruel|125/362|[from] item: Black Sludge
|-heal|p1a: Ray Allen|102/283|[from] item: Leftovers
|upkeep
|turn|14
|
|move|p2a: Tentacruel|Scald|p1a: Ray Allen
|-end|p1a: Ray Allen|Substitute
|move|p1a: Ray Allen|Charge Beam|p2a: Tentacruel
|-supereffective|p2a: Tentacruel
|-damage|p2a: Tentacruel|0 fnt
|-boost|p1a: Ray Allen|spa|1
|faint|p2a: Tentacruel
|
|-weather|RainDance|[upkeep]
|-heal|p1a: Ray Allen|119/283|[from] item: Leftovers
|upkeep
|
|switch|p2a: Terrakion|Terrakion|323/323
|turn|15
|
|switch|p1a: Bron Bron|Landorus-Therian, M|341/382
|-ability|p1a: Bron Bron|Intimidate|boost
|-unboost|p2a: Terrakion|atk|1
|move|p2a: Terrakion|Hidden Power|p1a: Bron Bron
|-supereffective|p1a: Bron Bron
|-damage|p1a: Bron Bron|109/382
|
|-weather|RainDance|[upkeep]
|upkeep
|turn|16
|
|switch|p2a: Zapdos|Zapdos|382/382
|-ability|p2a: Zapdos|Pressure
|switch|p1a: D.Wade|Terrakion|323/323
|
|-weather|RainDance|[upkeep]
|upkeep
|turn|17
|
|switch|p2a: Jirachi|Jirachi|395/404
|move|p1a: D.Wade|Stone Edge|p2a: Jirachi
|-resisted|p2a: Jirachi
|-damage|p2a: Jirachi|306/404
|
|-weather|RainDance|[upkeep]
|-heal|p2a: Jirachi|331/404|[from] item: Leftovers
|upkeep
|turn|18
|
|switch|p1a: Ray Allen|Magnezone|119/283
|move|p2a: Jirachi|U-turn|p1a: Ray Allen
|-resisted|p1a: Ray Allen
|-damage|p1a: Ray Allen|96/283
|
|switch|p2a: Terrakion|Terrakion|323/323
|
|-weather|RainDance|[upkeep]
|-heal|p1a: Ray Allen|113/283|[from] item: Leftovers
|upkeep
|turn|19
|
|move|p2a: Terrakion|Close Combat|p1a: Ray Allen
|-supereffective|p1a: Ray Allen
|-damage|p1a: Ray Allen|0 fnt
|-unboost|p2a: Terrakion|def|1
|-unboost|p2a: Terrakion|spd|1
|faint|p1a: Ray Allen
|
|-weather|RainDance|[upkeep]
|upkeep
|
|switch|p1a: D.Wade|Terrakion|323/323
|turn|20
|
|switch|p2a: Parasect|Parasect, F|115/323
|move|p1a: D.Wade|Close Combat|p2a: Parasect
|-resisted|p2a: Parasect
|-damage|p2a: Parasect|31/323
|-unboost|p1a: D.Wade|def|1
|-unboost|p1a: D.Wade|spd|1
|
|-weather|RainDance|[upkeep]
|-heal|p2a: Parasect|71/323|[from] ability: Dry Skin
|-heal|p2a: Parasect|91/323|[from] item: Leftovers
|upkeep
|turn|21
|
|switch|p1a: Pat Riely|Tyranitar, M|132/403
|-weather|Sandstorm|[from] ability: Sand Stream|[of] p1a: Pat Riely
|move|p2a: Parasect|Spore|p1a: Pat Riely
|-status|p1a: Pat Riely|slp|[from] move: Spore
|
|-weather|Sandstorm|[upkeep]
|-damage|p2a: Parasect|71/323|[from] Sandstorm
|-heal|p1a: Pat Riely|157/403 slp|[from] item: Leftovers
|-heal|p2a: Parasect|91/323|[from] item: Leftovers
|upkeep
|turn|22
|
|switch|p1a: Miller|Scizor, M, shiny|343/343
|move|p2a: Parasect|Stun Spore|p1a: Miller|[miss]
|-miss|p2a: Parasect|p1a: Miller
|
|-weather|Sandstorm|[upkeep]
|-damage|p2a: Parasect|71/323|[from] Sandstorm
|-heal|p2a: Parasect|91/323|[from] item: Leftovers
|upkeep
|turn|23
|
|switch|p2a: Zapdos|Zapdos|382/382
|-ability|p2a: Zapdos|Pressure
|move|p1a: Miller|U-turn|p2a: Zapdos
|-resisted|p2a: Zapdos
|-damage|p2a: Zapdos|271/382
|
|switch|p1a: D.Wade|Terrakion|323/323
|
|-weather|Sandstorm|[upkeep]
|-damage|p2a: Zapdos|248/382|[from] Sandstorm
|-heal|p2a: Zapdos|271/382|[from] item: Leftovers
|upkeep
|turn|24
|
|move|p1a: D.Wade|Close Combat|p2a: Zapdos
|-resisted|p2a: Zapdos
|-damage|p2a: Zapdos|151/382
|-unboost|p1a: D.Wade|def|1
|-unboost|p1a: D.Wade|spd|1
|move|p2a: Zapdos|Roost|p2a: Zapdos
|-heal|p2a: Zapdos|342/382
|-singleturn|p2a: Zapdos|move: Roost
|
|-weather|Sandstorm|[upkeep]
|-damage|p2a: Zapdos|319/382|[from] Sandstorm
|-heal|p2a: Zapdos|342/382|[from] item: Leftovers
|upkeep
|turn|25
|
|switch|p1a: Miller|Scizor, M, shiny|343/343
|move|p2a: Zapdos|Substitute|p2a: Zapdos
|-start|p2a: Zapdos|Substitute
|-damage|p2a: Zapdos|247/382
|
|-weather|Sandstorm|[upkeep]
|-damage|p2a: Zapdos|224/382|[from] Sandstorm
|-heal|p2a: Zapdos|247/382|[from] item: Leftovers
|upkeep
|turn|26
|
|switch|p1a: D.Wade|Terrakion|323/323
|move|p2a: Zapdos|Thunderbolt|p1a: D.Wade
|-damage|p1a: D.Wade|229/323
|
|-weather|Sandstorm|[upkeep]
|-damage|p2a: Zapdos|224/382|[from] Sandstorm
|-heal|p2a: Zapdos|247/382|[from] item: Leftovers
|upkeep
|turn|27
|
|move|p1a: D.Wade|Stone Edge|p2a: Zapdos
|-supereffective|p2a: Zapdos
|-crit|p2a: Zapdos
|-end|p2a: Zapdos|Substitute
|move|p2a: Zapdos|Thunderbolt|p1a: D.Wade
|-damage|p1a: D.Wade|123/323
|
|-weather|Sandstorm|[upkeep]
|-damage|p2a: Zapdos|224/382|[from] Sandstorm
|-heal|p2a: Zapdos|247/382|[from] item: Leftovers
|upkeep
|turn|28
|
|switch|p2a: Jirachi|Jirachi|331/404
|move|p1a: D.Wade|Stone Edge|p2a: Jirachi
|-resisted|p2a: Jirachi
|-damage|p2a: Jirachi|243/404
|
|-weather|Sandstorm|[upkeep]
|-heal|p2a: Jirachi|268/404|[from] item: Leftovers
|upkeep
|turn|29
|
|move|p1a: D.Wade|Stone Edge|p2a: Jirachi|[miss]
|-miss|p1a: D.Wade|p2a: Jirachi
|move|p2a: Jirachi|U-turn|p1a: D.Wade
|-resisted|p1a: D.Wade
|-damage|p1a: D.Wade|93/323
|-message|chadbro forfeited.
|
|win|chotto matte
|l|☆chadbro
|raw|chadbro's rating: 1467 &rarr; <strong>1440</strong><br />(-27 for losing)
|raw|chotto matte's rating: 1337 &rarr; <strong>1364</strong><br />(+27 for winning)
