|join|JeT´aimeYS
|join|ashiemore
|player|p1|JeT´aimeYS|285
|player|p2|ashiemore|168
|gametype|singles
|gen|5
|tier|[Gen 5] OU
|rated
|rule|Evasion Abilities Clause: Evasion abilities are banned
|clearpoke
|poke|p1|Breloom, M
|poke|p1|Latios, M, shiny
|poke|p1|Terrakion, shiny
|poke|p1|Tyranitar, M
|poke|p1|Keldeo
|poke|p1|Scizor, M
|poke|p2|Chansey, F
|poke|p2|Landorus-Therian, M
|poke|p2|Tentacruel, F
|poke|p2|Latias, F
|poke|p2|Skarmory, F
|poke|p2|Breloom, F
|rule|Sleep Clause Mod: Limit one foe put to sleep
|rule|Species Clause: Limit one of each Pokemon
|rule|OHKO Clause: OHKO moves are banned
|rule|Moody Clause: Moody is banned
|rule|Evasion Moves Clause: Evasion moves are banned
|rule|Endless Battle Clause: Forcing endless battles is banned.
|rule|HP Percentage Mod: HP is reported as percentages
|teampreview
|
|start
|switch|p1a: Latios|Latios, M, shiny|302/302
|switch|p2a: Breloom|Breloom, F|262/262
|turn|1
|
|switch|p2a: Chansey|Chansey, F|704/704
|move|p1a: Latios|Psyshock|p2a: Chansey
|-damage|p2a: Chansey|441/704
|-damage|p1a: Latios|272/302|[from] item: Life Orb
|
|turn|2
|
|switch|p1a: Tyranitar|Tyranitar, M|386/386
|-weather|Sandstorm|[from] ability: Sand Stream|[of] p1a: Tyranitar
|move|p2a: Chansey|Thunder Wave|p1a: Tyranitar
|-status|p1a: Tyranitar|par
|
|-weather|Sandstorm|[upkeep]
|-damage|p2a: Chansey|397/704|[from] sandstorm
|turn|3
|
|move|p1a: Tyranitar|Pursuit|p2a: Chansey|[from]Pursuit
|-damage|p2a: Chansey|57/704
|switch|p2a: Landorus-Therian|Landorus-Therian, M|381/381
|-ability|p2a: Landorus-Therian|Intimidate|[of] p1a: Tyranitar
|-unboost|p1a: Tyranitar|atk|1
|
|-weather|Sandstorm|[upkeep]
|turn|4
|
|switch|p1a: Breloom|Breloom, M|262/262
|move|p2a: Landorus-Therian|U-turn|p1a: Breloom
|-damage|p1a: Breloom|167/262
|
|switch|p2a: Breloom|Breloom, F|262/262
|
|-weather|Sandstorm|[upkeep]
|-damage|p1a: Breloom|151/262|[from] sandstorm
|-damage|p2a: Breloom|246/262|[from] sandstorm
|turn|5
|
|move|p2a: Breloom|Mach Punch|p1a: Breloom
|-damage|p1a: Breloom|0 fnt
|-damage|p2a: Breloom|220/262|[from] item: Life Orb
|faint|p1a: Breloom
|
|-weather|Sandstorm|[upkeep]
|-damage|p2a: Breloom|204/262|[from] sandstorm
|
|switch|p1a: Latios|Latios, M, shiny|272/302
|turn|6
|
|switch|p2a: Skarmory|Skarmory, F|334/334
|move|p1a: Latios|Hidden Power|p2a: Skarmory
|-supereffective|p2a: Skarmory
|-damage|p2a: Skarmory|30/334
|-damage|p1a: Latios|242/302|[from] item: Life Orb
|
|-weather|Sandstorm|[upkeep]
|-damage|p1a: Latios|224/302|[from] sandstorm
|turn|7
|
|move|p1a: Latios|Draco Meteor|p2a: Skarmory
|-resisted|p2a: Skarmory
|-damage|p2a: Skarmory|0 fnt
|-unboost|p1a: Latios|spa|2
|-damage|p1a: Latios|194/302|[from] item: Life Orb
|faint|p2a: Skarmory
|
|-weather|Sandstorm|[upkeep]
|-damage|p1a: Latios|176/302|[from] sandstorm
|
|switch|p2a: Latias|Latias, F|363/363
|turn|8
|
|switch|p1a: Tyranitar|Tyranitar, M|386/386 par
|switch|p2a: Landorus-Therian|Landorus-Therian, M|381/381
|-ability|p2a: Landorus-Therian|Intimidate|[of] p1a: Tyranitar
|-unboost|p1a: Tyranitar|atk|1
|
|-weather|Sandstorm|[upkeep]
|turn|9
|
|switch|p1a: Scizor|Scizor, M|344/344
|move|p2a: Landorus-Therian|Earthquake|p1a: Scizor
|-damage|p1a: Scizor|173/344
|
|-weather|Sandstorm|[upkeep]
|-heal|p1a: Scizor|194/344|[from] item: Leftovers
|turn|10
|
|switch|p2a: Tentacruel|Tentacruel, F|364/364
|move|p1a: Scizor|Swords Dance|p1a: Scizor
|-boost|p1a: Scizor|atk|2
|
|-weather|Sandstorm|[upkeep]
|-damage|p2a: Tentacruel|342/364|[from] sandstorm
|-heal|p2a: Tentacruel|364/364|[from] item: Leftovers
|-heal|p1a: Scizor|215/344|[from] item: Leftovers
|turn|11
|
|move|p2a: Tentacruel|Scald|p1a: Scizor
|-damage|p1a: Scizor|136/344
|-status|p1a: Scizor|brn
|move|p1a: Scizor|Bug Bite|p2a: Tentacruel
|-resisted|p2a: Tentacruel
|-damage|p2a: Tentacruel|298/364
|
|-weather|Sandstorm|[upkeep]
|-damage|p2a: Tentacruel|276/364|[from] sandstorm
|-heal|p2a: Tentacruel|298/364|[from] item: Leftovers
|-heal|p1a: Scizor|157/344 brn|[from] item: Leftovers
|-damage|p1a: Scizor|114/344 brn|[from] brn
|turn|12
|
|switch|p2a: Landorus-Therian|Landorus-Therian, M|381/381
|-ability|p2a: Landorus-Therian|Intimidate|[of] p1a: Scizor
|-unboost|p1a: Scizor|atk|1
|move|p1a: Scizor|Bug Bite|p2a: Landorus-Therian
|-resisted|p2a: Landorus-Therian
|-damage|p2a: Landorus-Therian|333/381
|
|-weather|Sandstorm|[upkeep]
|-heal|p2a: Landorus-Therian|356/381|[from] item: Leftovers
|-heal|p1a: Scizor|135/344 brn|[from] item: Leftovers
|-damage|p1a: Scizor|92/344 brn|[from] brn
|turn|13
|
|move|p1a: Scizor|Bullet Punch|p2a: Landorus-Therian
|-damage|p2a: Landorus-Therian|284/381
|move|p2a: Landorus-Therian|U-turn|p1a: Scizor
|-resisted|p1a: Scizor
|-damage|p1a: Scizor|53/344 brn
|
|switch|p2a: Breloom|Breloom, F|204/262
|
|-weather|Sandstorm|[upkeep]
|-damage|p2a: Breloom|188/262|[from] sandstorm
|-heal|p1a: Scizor|74/344 brn|[from] item: Leftovers
|-damage|p1a: Scizor|31/344 brn|[from] brn
|turn|14
|
|move|p2a: Breloom|Mach Punch|p1a: Scizor
|-damage|p1a: Scizor|0 fnt
|-damage|p2a: Breloom|162/262|[from] item: Life Orb
|faint|p1a: Scizor
|
|-weather|Sandstorm|[upkeep]
|-damage|p2a: Breloom|146/262|[from] sandstorm
|
|switch|p1a: Keldeo|Keldeo|323/323
|turn|15
|
|switch|p2a: Tentacruel|Tentacruel, F|298/364
|move|p1a: Keldeo|Secret Sword|p2a: Tentacruel
|-resisted|p2a: Tentacruel
|-damage|p2a: Tentacruel|193/364
|
|-weather|Sandstorm|[upkeep]
|-damage|p1a: Keldeo|303/323|[from] sandstorm
|-damage|p2a: Tentacruel|171/364|[from] sandstorm
|-heal|p2a: Tentacruel|193/364|[from] item: Leftovers
|turn|16
|
|move|p1a: Keldeo|Secret Sword|p2a: Tentacruel
|-resisted|p2a: Tentacruel
|-damage|p2a: Tentacruel|86/364
|move|p2a: Tentacruel|Toxic|p1a: Keldeo
|-status|p1a: Keldeo|tox
|
|-weather|Sandstorm|[upkeep]
|-damage|p1a: Keldeo|283/323 tox|[from] sandstorm
|-damage|p2a: Tentacruel|64/364|[from] sandstorm
|-heal|p2a: Tentacruel|86/364|[from] item: Leftovers
|-damage|p1a: Keldeo|263/323 tox|[from] psn
|turn|17
|
|switch|p1a: Terrakion|Terrakion, shiny|323/323
|switch|p2a: Landorus-Therian|Landorus-Therian, M|284/381
|-ability|p2a: Landorus-Therian|Intimidate|[of] p1a: Terrakion
|-unboost|p1a: Terrakion|atk|1
|
|-weather|Sandstorm|[upkeep]
|-heal|p2a: Landorus-Therian|307/381|[from] item: Leftovers
|turn|18
|
|move|p1a: Terrakion|Swords Dance|p1a: Terrakion
|-boost|p1a: Terrakion|atk|2
|move|p2a: Landorus-Therian|Earthquake|p1a: Terrakion
|-supereffective|p1a: Terrakion
|-enditem|p1a: Terrakion|Focus Sash
|-damage|p1a: Terrakion|1/323
|
|-weather|Sandstorm|[upkeep]
|-heal|p2a: Landorus-Therian|330/381|[from] item: Leftovers
|turn|19
|
|switch|p2a: Chansey|Chansey, F|57/704
|move|p1a: Terrakion|Stone Edge|p2a: Chansey
|-crit|p2a: Chansey
|-damage|p2a: Chansey|0 fnt
|faint|p2a: Chansey
|
|-weather|Sandstorm|[upkeep]
|
|switch|p2a: Breloom|Breloom, F|146/262
|turn|20
|
|switch|p1a: Tyranitar|Tyranitar, M|386/386 par
|move|p2a: Breloom|Mach Punch|p1a: Tyranitar
|-supereffective|p1a: Tyranitar
|-damage|p1a: Tyranitar|0 fnt
|-damage|p2a: Breloom|120/262|[from] item: Life Orb
|faint|p1a: Tyranitar
|
|-weather|Sandstorm|[upkeep]
|-damage|p2a: Breloom|104/262|[from] sandstorm
|
|switch|p1a: Keldeo|Keldeo|263/323 tox
|turn|21
|
|move|p2a: Breloom|Mach Punch|p1a: Keldeo
|-damage|p1a: Keldeo|98/323 tox
|-damage|p2a: Breloom|78/262|[from] item: Life Orb
|move|p1a: Keldeo|Hydro Pump|p2a: Breloom|[miss]
|-miss|p1a: Keldeo|p2a: Breloom
|
|-weather|Sandstorm|[upkeep]
|-damage|p1a: Keldeo|78/323 tox|[from] sandstorm
|-damage|p2a: Breloom|62/262|[from] sandstorm
|-damage|p1a: Keldeo|58/323 tox|[from] psn
|turn|22
|
|move|p2a: Breloom|Mach Punch|p1a: Keldeo
|-crit|p1a: Keldeo
|-damage|p1a: Keldeo|0 fnt
|-damage|p2a: Breloom|36/262|[from] item: Life Orb
|faint|p1a: Keldeo
|
|-weather|Sandstorm|[upkeep]
|-damage|p2a: Breloom|20/262|[from] sandstorm
|
|switch|p1a: Terrakion|Terrakion, shiny|1/323
|turn|23
|
|move|p2a: Breloom|Mach Punch|p1a: Terrakion
|-supereffective|p1a: Terrakion
|-damage|p1a: Terrakion|0 fnt
|-damage|p2a: Breloom|0 fnt|[from] item: Life Orb
|faint|p1a: Terrakion
|faint|p2a: Breloom
|
|-weather|Sandstorm|[upkeep]
|
|switch|p1a: Latios|Latios, M, shiny|176/302
|switch|p2a: Landorus-Therian|Landorus-Therian, M|330/381
|-ability|p2a: Landorus-Therian|Intimidate|[of] p1a: Latios
|-unboost|p1a: Latios|atk|1
|turn|24
|
|move|p1a: Latios|Surf|p2a: Landorus-Therian
|-supereffective|p2a: Landorus-Therian
|-damage|p2a: Landorus-Therian|0 fnt
|-damage|p1a: Latios|146/302|[from] item: Life Orb
|faint|p2a: Landorus-Therian
|
|-weather|Sandstorm|[upkeep]
|-damage|p1a: Latios|128/302|[from] sandstorm
|
|switch|p2a: Latias|Latias, F|363/363
|turn|25
|
|switch|p2a: Tentacruel|Tentacruel, F|86/364
|move|p1a: Latios|Draco Meteor|p2a: Tentacruel
|-damage|p2a: Tentacruel|0 fnt
|-unboost|p1a: Latios|spa|2
|-damage|p1a: Latios|98/302|[from] item: Life Orb
|faint|p2a: Tentacruel
|
|-weather|Sandstorm|[upkeep]
|-damage|p1a: Latios|80/302|[from] sandstorm
|
|switch|p2a: Latias|Latias, F|363/363
|turn|26
|
|move|p1a: Latios|Draco Meteor|p2a: Latias
|-supereffective|p2a: Latias
|-damage|p2a: Latias|95/363
|-unboost|p1a: Latios|spa|2
|-damage|p1a: Latios|50/302|[from] item: Life Orb
|move|p2a: Latias|Dragon Pulse|p1a: Latios
|-supereffective|p1a: Latios
|-damage|p1a: Latios|0 fnt
|faint|p1a: Latios
|
|win|ashiemore
|raw|Ladder updating...
|raw|JeT´aimeYS's rating: 1484 &rarr; <strong>1457</strong><br />(-27 for losing)
|raw|ashiemore's rating: 1365 &rarr; <strong>1392</strong><br />(+27 for winning)
|chat|ashiemore|gg
|chat|JeT´aimeYS|gg
|leave|JeT´aimeYS
|player|p1