|j|☆siummmette
|j|☆Sj1997
|t:|1707408398
|gametype|singles
|player|p1|siummmette|colress|1305
|player|p2|Sj1997|n|1352
|teamsize|p1|6
|teamsize|p2|6
|gen|5
|tier|[Gen 5] OU
|rated|
|rule|Species Clause: Limit one of each Pokémon
|rule|OHKO Clause: OHKO moves are banned
|rule|Moody Clause: Moody is banned
|rule|Evasion Items Clause: Evasion items are banned
|rule|Evasion Moves Clause: Evasion moves are banned
|rule|Endless Battle Clause: Forcing endless battles is banned
|rule|HP Percentage Mod: HP is shown in percentages
|rule|Evasion Abilities Clause: Evasion abilities are banned
|rule|Sleep Moves Clause: Sleep-inducing moves are banned
|rule|Swagger Clause: Swagger is banned
|rule|Baton Pass Stat Clause: No Baton Passer may have a way to boost its stats
|clearpoke
|poke|p1|Hydreigon, M|item
|poke|p1|Terrakion|item
|poke|p1|Celebi|item
|poke|p1|Jellicent, F|item
|poke|p1|Hippowdon, F|item
|poke|p1|Skarmory, F|item
|poke|p2|Ninetales, F|item
|poke|p2|Darmanitan, M|item
|poke|p2|Volcarona, F|item
|poke|p2|Roserade, F|item
|poke|p2|Excadrill, M|item
|poke|p2|Xatu, F|item
|teampreview
|inactive|Battle timer is ON: inactive players will automatically lose when time's up. (requested by siummmette)
|
|t:|1707408407
|start
|switch|p1a: Hydreigon|Hydreigon, M|100/100
|switch|p2a: Ninetales|Ninetales, F|100/100
|-weather|SunnyDay|[from] ability: Drought|[of] p2a: Ninetales
|turn|1
|
|t:|1707408416
|move|p2a: Ninetales|Protect|p2a: Ninetales
|-singleturn|p2a: Ninetales|Protect
|move|p1a: Hydreigon|Dark Pulse|p2a: Ninetales
|-activate|p2a: Ninetales|move: Protect
|
|-weather|SunnyDay|[upkeep]
|upkeep
|turn|2
|
|t:|1707408428
|switch|p1a: Hippowdon|Hippowdon, F|100/100
|-weather|Sandstorm|[from] ability: Sand Stream|[of] p1a: Hippowdon
|move|p2a: Ninetales|Disable||[still]
|-fail|p2a: Ninetales
|
|-weather|Sandstorm|[upkeep]
|-damage|p2a: Ninetales|94/100|[from] Sandstorm
|-heal|p2a: Ninetales|100/100|[from] item: Leftovers
|upkeep
|turn|3
|
|t:|1707408439
|switch|p1a: Hydreigon|Hydreigon, M|100/100
|move|p2a: Ninetales|Will-O-Wisp|p1a: Hydreigon|[miss]
|-miss|p2a: Ninetales|p1a: Hydreigon
|
|-weather|Sandstorm|[upkeep]
|-damage|p2a: Ninetales|94/100|[from] Sandstorm
|-damage|p1a: Hydreigon|94/100|[from] Sandstorm
|-heal|p2a: Ninetales|100/100|[from] item: Leftovers
|upkeep
|turn|4
|
|t:|1707408449
|move|p2a: Ninetales|Protect|p2a: Ninetales
|-singleturn|p2a: Ninetales|Protect
|move|p1a: Hydreigon|Dark Pulse|p2a: Ninetales
|-activate|p2a: Ninetales|move: Protect
|
|-weather|Sandstorm|[upkeep]
|-damage|p2a: Ninetales|94/100|[from] Sandstorm
|-damage|p1a: Hydreigon|88/100|[from] Sandstorm
|-heal|p2a: Ninetales|100/100|[from] item: Leftovers
|upkeep
|turn|5
|
|t:|1707408460
|move|p2a: Ninetales|Disable|p1a: Hydreigon
|-start|p1a: Hydreigon|Disable|Dark Pulse
|cant|p1a: Hydreigon|Disable|Dark Pulse
|
|-weather|Sandstorm|[upkeep]
|-damage|p2a: Ninetales|94/100|[from] Sandstorm
|-damage|p1a: Hydreigon|82/100|[from] Sandstorm
|-heal|p2a: Ninetales|100/100|[from] item: Leftovers
|upkeep
|turn|6
|
|t:|1707408470
|move|p2a: Ninetales|Flamethrower|p1a: Hydreigon
|-resisted|p1a: Hydreigon
|-damage|p1a: Hydreigon|67/100
|move|p1a: Hydreigon|Draco Meteor|p2a: Ninetales
|-damage|p2a: Ninetales|7/100
|-unboost|p1a: Hydreigon|spa|2
|-damage|p1a: Hydreigon|57/100|[from] item: Life Orb
|
|-weather|Sandstorm|[upkeep]
|-damage|p2a: Ninetales|1/100|[from] Sandstorm
|-damage|p1a: Hydreigon|51/100|[from] Sandstorm
|-heal|p2a: Ninetales|7/100|[from] item: Leftovers
|upkeep
|turn|7
|
|t:|1707408488
|switch|p2a: Roserade|Roserade, F|100/100
|move|p1a: Hydreigon|Roost|p1a: Hydreigon
|-heal|p1a: Hydreigon|100/100
|-singleturn|p1a: Hydreigon|move: Roost
|
|-weather|Sandstorm|[upkeep]
|-damage|p1a: Hydreigon|94/100|[from] Sandstorm
|-damage|p2a: Roserade|94/100|[from] Sandstorm
|upkeep
|turn|8
|
|t:|1707408501
|switch|p1a: Skarmory|Skarmory, F|100/100
|move|p2a: Roserade|Toxic Spikes|p1a: Skarmory
|-sidestart|p1: siummmette|move: Toxic Spikes
|
|-weather|Sandstorm|[upkeep]
|-damage|p2a: Roserade|88/100|[from] Sandstorm
|upkeep
|turn|9
|
|t:|1707408510
|switch|p2a: Xatu|Xatu, F|100/100
|move|p1a: Skarmory|Brave Bird|p2a: Xatu
|-crit|p2a: Xatu
|-damage|p2a: Xatu|11/100
|-damage|p1a: Skarmory|71/100|[from] Recoil
|
|-weather|Sandstorm|[upkeep]
|-damage|p2a: Xatu|5/100|[from] Sandstorm
|-heal|p2a: Xatu|11/100|[from] item: Leftovers
|upkeep
|turn|10
|
|t:|1707408522
|move|p2a: Xatu|Roost|p2a: Xatu
|-heal|p2a: Xatu|61/100
|-singleturn|p2a: Xatu|move: Roost
|move|p1a: Skarmory|Brave Bird|p2a: Xatu
|-damage|p2a: Xatu|9/100
|-damage|p1a: Skarmory|54/100|[from] Recoil
|
|-weather|Sandstorm|[upkeep]
|-damage|p2a: Xatu|3/100|[from] Sandstorm
|-heal|p2a: Xatu|9/100|[from] item: Leftovers
|upkeep
|turn|11
|
|t:|1707408536
|move|p2a: Xatu|Heat Wave|p1a: Skarmory|[miss]
|-miss|p2a: Xatu|p1a: Skarmory
|move|p1a: Skarmory|Brave Bird|p2a: Xatu
|-crit|p2a: Xatu
|-damage|p2a: Xatu|0 fnt
|faint|p2a: Xatu
|-damage|p1a: Skarmory|51/100|[from] Recoil
|
|-weather|Sandstorm|[upkeep]
|upkeep
|
|t:|1707408549
|switch|p2a: Ninetales|Ninetales, F|7/100
|-weather|SunnyDay|[from] ability: Drought|[of] p2a: Ninetales
|turn|12
|
|t:|1707408558
|switch|p1a: Hippowdon|Hippowdon, F|100/100
|-status|p1a: Hippowdon|psn
|-weather|Sandstorm|[from] ability: Sand Stream|[of] p1a: Hippowdon
|move|p2a: Ninetales|Flamethrower|p1a: Hippowdon
|-damage|p1a: Hippowdon|80/100 psn
|
|-weather|Sandstorm|[upkeep]
|-damage|p2a: Ninetales|1/100|[from] Sandstorm
|-heal|p2a: Ninetales|7/100|[from] item: Leftovers
|-heal|p1a: Hippowdon|87/100 psn|[from] item: Leftovers
|-damage|p1a: Hippowdon|74/100 psn|[from] psn
|upkeep
|turn|13
|
|t:|1707408574
|switch|p2a: Roserade|Roserade, F|88/100
|move|p1a: Hippowdon|Stealth Rock|p2a: Roserade
|-sidestart|p2: Sj1997|move: Stealth Rock
|
|-weather|Sandstorm|[upkeep]
|-damage|p2a: Roserade|82/100|[from] Sandstorm
|-heal|p1a: Hippowdon|80/100 psn|[from] item: Leftovers
|-damage|p1a: Hippowdon|68/100 psn|[from] psn
|upkeep
|turn|14
|
|t:|1707408586
|move|p2a: Roserade|Spikes|p1a: Hippowdon
|-sidestart|p1: siummmette|Spikes
|move|p1a: Hippowdon|Earthquake|p2a: Roserade
|-damage|p2a: Roserade|0 fnt
|faint|p2a: Roserade
|
|-weather|Sandstorm|[upkeep]
|-heal|p1a: Hippowdon|74/100 psn|[from] item: Leftovers
|-damage|p1a: Hippowdon|62/100 psn|[from] psn
|upkeep
|
|t:|1707408596
|switch|p2a: Excadrill|Excadrill, M|100/100
|-damage|p2a: Excadrill|97/100|[from] Stealth Rock
|-ability|p2a: Excadrill|Mold Breaker
|-item|p2a: Excadrill|Air Balloon
|turn|15
|
|t:|1707408604
|move|p2a: Excadrill|Rapid Spin|p1a: Hippowdon
|-damage|p1a: Hippowdon|57/100 psn
|-sideend|p2: Sj1997|Stealth Rock|[from] move: Rapid Spin|[of] p2a: Excadrill
|move|p1a: Hippowdon|Whirlwind|p2a: Excadrill
|drag|p2a: Volcarona|Volcarona, F|100/100
|
|-weather|Sandstorm|[upkeep]
|-damage|p2a: Volcarona|94/100|[from] Sandstorm
|-heal|p1a: Hippowdon|63/100 psn|[from] item: Leftovers
|-damage|p1a: Hippowdon|50/100 psn|[from] psn
|upkeep
|turn|16
|
|t:|1707408616
|switch|p1a: Terrakion|Terrakion|100/100
|-status|p1a: Terrakion|psn
|-damage|p1a: Terrakion|88/100 psn|[from] Spikes
|move|p2a: Volcarona|Quiver Dance|p2a: Volcarona
|-boost|p2a: Volcarona|spa|1
|-boost|p2a: Volcarona|spd|1
|-boost|p2a: Volcarona|spe|1
|
|-weather|Sandstorm|[upkeep]
|-damage|p2a: Volcarona|88/100|[from] Sandstorm
|-damage|p1a: Terrakion|76/100 psn|[from] psn
|upkeep
|turn|17
|
|t:|1707408629
|move|p1a: Terrakion|Stone Edge|p2a: Volcarona
|-supereffective|p2a: Volcarona
|-damage|p2a: Volcarona|0 fnt
|faint|p2a: Volcarona
|
|-weather|Sandstorm|[upkeep]
|-damage|p1a: Terrakion|63/100 psn|[from] psn
|upkeep
|
|t:|1707408647
|switch|p2a: Excadrill|Excadrill, M|97/100
|-ability|p2a: Excadrill|Mold Breaker
|-item|p2a: Excadrill|Air Balloon
|turn|18
|
|t:|1707408656
|switch|p1a: Hydreigon|Hydreigon, M|94/100
|move|p2a: Excadrill|Iron Head|p1a: Hydreigon
|-damage|p1a: Hydreigon|47/100
|
|-weather|Sandstorm|[upkeep]
|-damage|p1a: Hydreigon|41/100|[from] Sandstorm
|upkeep
|turn|19
|
|t:|1707408673
|move|p1a: Hydreigon|Fire Blast|p2a: Excadrill|[miss]
|-miss|p1a: Hydreigon|p2a: Excadrill
|move|p2a: Excadrill|Earthquake|p1a: Hydreigon
|-damage|p1a: Hydreigon|0 fnt
|faint|p1a: Hydreigon
|
|-weather|Sandstorm|[upkeep]
|upkeep
|
|t:|1707408683
|switch|p1a: Skarmory|Skarmory, F|51/100
|turn|20
|
|t:|1707408688
|move|p2a: Excadrill|Stealth Rock|p1a: Skarmory
|-sidestart|p1: siummmette|move: Stealth Rock
|move|p1a: Skarmory|Spikes|p2a: Excadrill
|-sidestart|p2: Sj1997|Spikes
|
|-weather|Sandstorm|[upkeep]
|upkeep
|turn|21
|
|t:|1707408701
|move|p2a: Excadrill|Rapid Spin|p1a: Skarmory
|-resisted|p1a: Skarmory
|-damage|p1a: Skarmory|48/100
|-damage|p2a: Excadrill|81/100|[from] item: Rocky Helmet|[of] p1a: Skarmory
|-sideend|p2: Sj1997|Spikes|[from] move: Rapid Spin|[of] p2a: Excadrill
|move|p1a: Skarmory|Roost|p1a: Skarmory
|-heal|p1a: Skarmory|98/100
|-singleturn|p1a: Skarmory|move: Roost
|
|-weather|Sandstorm|[upkeep]
|upkeep
|turn|22
|
|t:|1707408712
|switch|p2a: Ninetales|Ninetales, F|7/100
|-weather|SunnyDay|[from] ability: Drought|[of] p2a: Ninetales
|move|p1a: Skarmory|Spikes|p2a: Ninetales
|-sidestart|p2: Sj1997|Spikes
|
|-weather|SunnyDay|[upkeep]
|-heal|p2a: Ninetales|13/100|[from] item: Leftovers
|upkeep
|turn|23
|
|t:|1707408725
|move|p2a: Ninetales|Flamethrower|p1a: Skarmory
|-supereffective|p1a: Skarmory
|-damage|p1a: Skarmory|21/100
|move|p1a: Skarmory|Brave Bird|p2a: Ninetales
|-damage|p2a: Ninetales|0 fnt
|faint|p2a: Ninetales
|-damage|p1a: Skarmory|16/100|[from] Recoil
|
|-weather|SunnyDay|[upkeep]
|upkeep
|
|t:|1707408748
|switch|p2a: Darmanitan|Darmanitan, M|100/100
|-damage|p2a: Darmanitan|88/100|[from] Spikes
|turn|24
|
|t:|1707408758
|move|p2a: Darmanitan|Flare Blitz|p1a: Skarmory
|-supereffective|p1a: Skarmory
|-damage|p1a: Skarmory|0 fnt
|-damage|p2a: Darmanitan|72/100|[from] item: Rocky Helmet|[of] p1a: Skarmory
|faint|p1a: Skarmory
|-damage|p2a: Darmanitan|67/100|[from] Recoil
|
|-weather|SunnyDay|[upkeep]
|upkeep
|
|t:|1707408762
|switch|p1a: Jellicent|Jellicent, F|100/100
|-status|p1a: Jellicent|psn
|-damage|p1a: Jellicent|88/100 psn|[from] Spikes
|-damage|p1a: Jellicent|76/100 psn|[from] Stealth Rock
|turn|25
|
|t:|1707408773
|switch|p1a: Hippowdon|Hippowdon, F|50/100 psn
|-damage|p1a: Hippowdon|38/100 psn|[from] Spikes
|-damage|p1a: Hippowdon|32/100 psn|[from] Stealth Rock
|-weather|Sandstorm|[from] ability: Sand Stream|[of] p1a: Hippowdon
|move|p2a: Darmanitan|Flare Blitz|p1a: Hippowdon
|-damage|p1a: Hippowdon|0 fnt
|faint|p1a: Hippowdon
|-damage|p2a: Darmanitan|54/100|[from] Recoil
|
|-weather|Sandstorm|[upkeep]
|-damage|p2a: Darmanitan|48/100|[from] Sandstorm
|upkeep
|
|t:|1707408787
|switch|p1a: Jellicent|Jellicent, F|76/100 psn
|-damage|p1a: Jellicent|63/100 psn|[from] Spikes
|-damage|p1a: Jellicent|51/100 psn|[from] Stealth Rock
|turn|26
|
|t:|1707408792
|move|p2a: Darmanitan|Flare Blitz|p1a: Jellicent
|-resisted|p1a: Jellicent
|-damage|p1a: Jellicent|8/100 psn
|-damage|p2a: Darmanitan|32/100|[from] Recoil
|move|p1a: Jellicent|Recover|p1a: Jellicent
|-heal|p1a: Jellicent|58/100 psn
|
|-weather|Sandstorm|[upkeep]
|-damage|p2a: Darmanitan|26/100|[from] Sandstorm
|-damage|p1a: Jellicent|52/100 psn|[from] Sandstorm
|-heal|p1a: Jellicent|58/100 psn|[from] item: Leftovers
|-damage|p1a: Jellicent|45/100 psn|[from] psn
|upkeep
|turn|27
|
|t:|1707408806
|switch|p2a: Excadrill|Excadrill, M|81/100
|-ability|p2a: Excadrill|Mold Breaker
|-item|p2a: Excadrill|Air Balloon
|move|p1a: Jellicent|Recover|p1a: Jellicent
|-heal|p1a: Jellicent|96/100 psn
|
|-weather|Sandstorm|[upkeep]
|-damage|p1a: Jellicent|89/100 psn|[from] Sandstorm
|-heal|p1a: Jellicent|96/100 psn|[from] item: Leftovers
|-damage|p1a: Jellicent|83/100 psn|[from] psn
|upkeep
|turn|28
|
|t:|1707408822
|move|p2a: Excadrill|Earthquake|p1a: Jellicent
|-damage|p1a: Jellicent|28/100 psn
|move|p1a: Jellicent|Will-O-Wisp|p2a: Excadrill|[miss]
|-miss|p1a: Jellicent|p2a: Excadrill
|
|-weather|Sandstorm|[upkeep]
|-damage|p1a: Jellicent|22/100 psn|[from] Sandstorm
|-heal|p1a: Jellicent|28/100 psn|[from] item: Leftovers
|-damage|p1a: Jellicent|15/100 psn|[from] psn
|upkeep
|turn|29
|
|t:|1707408838
|move|p2a: Excadrill|Earthquake|p1a: Jellicent
|-damage|p1a: Jellicent|0 fnt
|faint|p1a: Jellicent
|
|-weather|Sandstorm|[upkeep]
|upkeep
|
|t:|1707408840
|switch|p1a: Terrakion|Terrakion|63/100 psn
|-damage|p1a: Terrakion|51/100 psn|[from] Spikes
|-damage|p1a: Terrakion|45/100 psn|[from] Stealth Rock
|turn|30
|
|t:|1707408851
|move|p1a: Terrakion|Close Combat|p2a: Excadrill
|-supereffective|p2a: Excadrill
|-damage|p2a: Excadrill|0 fnt
|-unboost|p1a: Terrakion|def|1
|-unboost|p1a: Terrakion|spd|1
|-enditem|p2a: Excadrill|Air Balloon
|faint|p2a: Excadrill
|
|-weather|Sandstorm|[upkeep]
|-damage|p1a: Terrakion|33/100 psn|[from] psn
|upkeep
|
|t:|1707408862
|switch|p2a: Darmanitan|Darmanitan, M|26/100
|-damage|p2a: Darmanitan|14/100|[from] Spikes
|turn|31
|
|t:|1707408872
|move|p1a: Terrakion|Close Combat|p2a: Darmanitan
|-damage|p2a: Darmanitan|0 fnt
|-unboost|p1a: Terrakion|def|1
|-unboost|p1a: Terrakion|spd|1
|faint|p2a: Darmanitan
|
|win|siummmette
|raw|siummmette's rating: 1305 &rarr; <strong>1328</strong><br />(+23 for winning)
|raw|Sj1997's rating: 1352 &rarr; <strong>1329</strong><br />(-23 for losing)
|l|☆Sj1997
|player|p2|
