|j|☆Rinamarokirurai!
|j|☆thooooori
|t:|1704822492
|gametype|singles
|player|p1|Rinamarokirurai!|lyra|1334
|player|p2|thooooori|1|1359
|teamsize|p1|6
|teamsize|p2|6
|gen|5
|tier|[Gen 5] OU
|rated|
|rule|Species Clause: Limit one of each Pokémon
|rule|OHKO Clause: OHKO moves are banned
|rule|Moody Clause: Moody is banned
|rule|Evasion Items Clause: Evasion items are banned
|rule|Evasion Moves Clause: Evasion moves are banned
|rule|Endless Battle Clause: Forcing endless battles is banned
|rule|HP Percentage Mod: HP is shown in percentages
|rule|Evasion Abilities Clause: Evasion abilities are banned
|rule|Sleep Moves Clause: Sleep-inducing moves are banned
|rule|Swagger Clause: Swagger is banned
|rule|Baton Pass Stat Clause: No Baton Passer may have a way to boost its stats
|clearpoke
|poke|p1|Tyranitar, M|item
|poke|p1|Gliscor, F|item
|poke|p1|Ferrothorn, M|item
|poke|p1|Magnezone|item
|poke|p1|Latios, M|item
|poke|p1|Terrakion|item
|poke|p2|Garchomp, F|item
|poke|p2|Conkeldurr, F|item
|poke|p2|Breloom, F|item
|poke|p2|Weavile, M|item
|poke|p2|Latios, M|item
|poke|p2|Scizor, M|item
|teampreview
|inactive|Battle timer is ON: inactive players will automatically lose when time's up. (requested by Rinamarokirurai!)
|
|t:|1704822517
|start
|switch|p1a: Ferrothorn|Ferrothorn, M|100/100
|switch|p2a: Garchomp|Garchomp, F|100/100
|turn|1
|
|t:|1704822523
|move|p2a: Garchomp|Fire Blast|p1a: Ferrothorn
|-supereffective|p1a: Ferrothorn
|-crit|p1a: Ferrothorn
|-damage|p1a: Ferrothorn|0 fnt
|faint|p1a: Ferrothorn
|-damage|p2a: Garchomp|91/100|[from] item: Life Orb
|
|upkeep
|
|t:|1704822531
|switch|p1a: Latios|Latios, M|100/100
|turn|2
|
|t:|1704822551
|switch|p1a: Gliscor|Gliscor, F|100/100
|move|p2a: Garchomp|Draco Meteor|p1a: Gliscor|[miss]
|-miss|p2a: Garchomp|p1a: Gliscor
|
|-status|p1a: Gliscor|tox|[from] item: Toxic Orb
|upkeep
|turn|3
|
|t:|1704822564
|move|p2a: Garchomp|Stealth Rock|p1a: Gliscor
|-sidestart|p1: Rinamarokirurai!|move: Stealth Rock
|move|p1a: Gliscor|Swords Dance|p1a: Gliscor
|-boost|p1a: Gliscor|atk|2
|
|upkeep
|turn|4
|
|t:|1704822575
|move|p2a: Garchomp|Draco Meteor|p1a: Gliscor
|-damage|p1a: Gliscor|39/100 tox
|-unboost|p2a: Garchomp|spa|2
|-damage|p2a: Garchomp|81/100|[from] item: Life Orb
|move|p1a: Gliscor|Earthquake|p2a: Garchomp
|-damage|p2a: Garchomp|2/100
|
|-heal|p1a: Gliscor|52/100 tox|[from] ability: Poison Heal
|upkeep
|turn|5
|
|t:|1704822594
|move|p1a: Gliscor|Protect|p1a: Gliscor
|-singleturn|p1a: Gliscor|Protect
|move|p2a: Garchomp|Draco Meteor|p1a: Gliscor
|-activate|p1a: Gliscor|move: Protect
|
|-heal|p1a: Gliscor|64/100 tox|[from] ability: Poison Heal
|upkeep
|turn|6
|
|t:|1704822602
|move|p2a: Garchomp|Draco Meteor|p1a: Gliscor
|-damage|p1a: Gliscor|33/100 tox
|-unboost|p2a: Garchomp|spa|2
|-damage|p2a: Garchomp|0 fnt|[from] item: Life Orb
|faint|p2a: Garchomp
|move|p1a: Gliscor|Swords Dance|p1a: Gliscor
|-boost|p1a: Gliscor|atk|2
|
|-heal|p1a: Gliscor|46/100 tox|[from] ability: Poison Heal
|upkeep
|
|t:|1704822625
|switch|p2a: Weavile|Weavile, M|100/100
|-ability|p2a: Weavile|Pressure
|turn|7
|
|t:|1704822630
|move|p2a: Weavile|Ice Shard|p1a: Gliscor
|-supereffective|p1a: Gliscor
|-damage|p1a: Gliscor|0 fnt
|faint|p1a: Gliscor
|-damage|p2a: Weavile|91/100|[from] item: Life Orb
|
|upkeep
|
|t:|1704822632
|switch|p1a: Tyranitar|Tyranitar, M|100/100
|-damage|p1a: Tyranitar|88/100|[from] Stealth Rock
|-weather|Sandstorm|[from] ability: Sand Stream|[of] p1a: Tyranitar
|turn|8
|
|t:|1704822654
|move|p2a: Weavile|Low Kick|p1a: Tyranitar
|-supereffective|p1a: Tyranitar
|-enditem|p1a: Tyranitar|Chople Berry|[eat]
|-enditem|p1a: Tyranitar|Chople Berry|[weaken]
|-damage|p1a: Tyranitar|10/100
|-damage|p2a: Weavile|81/100|[from] item: Life Orb
|move|p1a: Tyranitar|Thunder Wave|p2a: Weavile
|-status|p2a: Weavile|par
|
|-weather|Sandstorm|[upkeep]
|-damage|p2a: Weavile|75/100 par|[from] Sandstorm
|upkeep
|turn|9
|
|t:|1704822664
|switch|p1a: Magnezone|Magnezone|100/100
|-damage|p1a: Magnezone|94/100|[from] Stealth Rock
|move|p2a: Weavile|Ice Shard|p1a: Magnezone
|-resisted|p1a: Magnezone
|-damage|p1a: Magnezone|81/100
|-damage|p2a: Weavile|65/100 par|[from] item: Life Orb
|
|-weather|Sandstorm|[upkeep]
|-damage|p2a: Weavile|59/100 par|[from] Sandstorm
|-heal|p1a: Magnezone|87/100|[from] item: Leftovers
|upkeep
|turn|10
|inactive|thooooori has 120 seconds left.
|
|t:|1704822686
|switch|p2a: Latios|Latios, M|100/100
|move|p1a: Magnezone|Substitute|p1a: Magnezone
|-start|p1a: Magnezone|Substitute
|-damage|p1a: Magnezone|62/100
|
|-weather|Sandstorm|[upkeep]
|-damage|p2a: Latios|95/100|[from] Sandstorm
|-heal|p1a: Magnezone|68/100|[from] item: Leftovers
|upkeep
|turn|11
|inactive|thooooori has 120 seconds left.
|
|t:|1704822698
|move|p2a: Latios|Surf|p1a: Magnezone
|-end|p1a: Magnezone|Substitute
|move|p1a: Magnezone|Hidden Power|p2a: Latios
|-supereffective|p2a: Latios
|-damage|p2a: Latios|46/100
|
|-weather|Sandstorm|[upkeep]
|-damage|p2a: Latios|40/100|[from] Sandstorm
|-heal|p1a: Magnezone|74/100|[from] item: Leftovers
|upkeep
|turn|12
|inactive|thooooori has 120 seconds left.
|
|t:|1704822708
|move|p2a: Latios|Surf|p1a: Magnezone
|-damage|p1a: Magnezone|10/100
|move|p1a: Magnezone|Hidden Power|p2a: Latios
|-supereffective|p2a: Latios
|-damage|p2a: Latios|0 fnt
|faint|p2a: Latios
|
|-weather|Sandstorm|[upkeep]
|-heal|p1a: Magnezone|16/100|[from] item: Leftovers
|upkeep
|inactive|thooooori has 120 seconds left.
|inactive|thooooori has 90 seconds left.
|
|t:|1704822744
|switch|p2a: Conkeldurr|Conkeldurr, F|100/100
|turn|13
|
|t:|1704822748
|switch|p1a: Latios|Latios, M|100/100
|-damage|p1a: Latios|88/100|[from] Stealth Rock
|move|p2a: Conkeldurr|Mach Punch|p1a: Latios
|-resisted|p1a: Latios
|-damage|p1a: Latios|73/100
|
|-weather|Sandstorm|[upkeep]
|-damage|p1a: Latios|67/100|[from] Sandstorm
|-damage|p2a: Conkeldurr|94/100|[from] Sandstorm
|-status|p2a: Conkeldurr|brn|[from] item: Flame Orb
|upkeep
|turn|14
|
|t:|1704822767
|move|p2a: Conkeldurr|Mach Punch|p1a: Latios
|-resisted|p1a: Latios
|-damage|p1a: Latios|44/100
|move|p1a: Latios|Surf|p2a: Conkeldurr
|-damage|p2a: Conkeldurr|58/100 brn
|
|-weather|Sandstorm|[upkeep]
|-damage|p1a: Latios|38/100|[from] Sandstorm
|-damage|p2a: Conkeldurr|52/100 brn|[from] Sandstorm
|-damage|p2a: Conkeldurr|40/100 brn|[from] brn
|upkeep
|turn|15
|-message|Rinamarokirurai! forfeited.
|
|win|thooooori
|raw|Rinamarokirurai!'s rating: 1334 &rarr; <strong>1315</strong><br />(-19 for losing)
|raw|thooooori's rating: 1359 &rarr; <strong>1378</strong><br />(+19 for winning)
