|j|☆Koopaqueenbowsette
|j|☆av2336
|t:|1716501371
|gametype|singles
|player|p1|Koopaqueenbowsette|cynthia-gen4|1403
|player|p2|av2336|pokemaniac-gen3rs|1432
|teamsize|p1|6
|teamsize|p2|6
|gen|5
|tier|[Gen 5] OU
|rated|
|rule|Species Clause: Limit one of each Pokémon
|rule|OHKO Clause: OHKO moves are banned
|rule|Moody Clause: Moody is banned
|rule|Evasion Items Clause: Evasion items are banned
|rule|Evasion Moves Clause: Evasion moves are banned
|rule|Endless Battle Clause: Forcing endless battles is banned
|rule|HP Percentage Mod: HP is shown in percentages
|rule|Evasion Abilities Clause: Evasion abilities are banned
|rule|Sleep Moves Clause: Sleep-inducing moves are banned
|rule|Swagger Clause: Swagger is banned
|rule|Baton Pass Stat Clause: No Baton Passer may have a way to boost its stats
|clearpoke
|poke|p1|Garchomp, F|item
|poke|p1|Dragonite, F|item
|poke|p1|Scizor, F|item
|poke|p1|Breloom, F|item
|poke|p1|Volcarona, F|item
|poke|p1|Starmie|item
|poke|p2|Bronzong|item
|poke|p2|Gallade, M|item
|poke|p2|Jellicent, M|item
|poke|p2|Conkeldurr, M|item
|poke|p2|Reuniclus, F|item
|poke|p2|Dragonite, M|item
|teampreview
|inactive|Battle timer is ON: inactive players will automatically lose when time's up. (requested by av2336)
|
|t:|1716501389
|start
|switch|p1a: Shark Lesbian|Garchomp, F|100/100
|switch|p2a: Bronzong|Bronzong|100/100
|turn|1
|
|t:|1716501397
|move|p1a: Shark Lesbian|Stealth Rock|p2a: Bronzong
|-sidestart|p2: av2336|move: Stealth Rock
|move|p2a: Bronzong|Stealth Rock|p1a: Shark Lesbian
|-sidestart|p1: Koopaqueenbowsette|move: Stealth Rock
|
|upkeep
|turn|2
|
|t:|1716501405
|move|p1a: Shark Lesbian|Swords Dance|p1a: Shark Lesbian
|-boost|p1a: Shark Lesbian|atk|2
|move|p2a: Bronzong|Trick Room|p2a: Bronzong
|-fieldstart|move: Trick Room|[of] p2a: Bronzong
|
|upkeep
|turn|3
|
|t:|1716501415
|move|p2a: Bronzong|Explosion|p1a: Shark Lesbian
|-damage|p1a: Shark Lesbian|33/100
|faint|p2a: Bronzong
|move|p1a: Shark Lesbian|Swords Dance|p1a: Shark Lesbian
|-boost|p1a: Shark Lesbian|atk|2
|
|upkeep
|
|t:|1716501425
|switch|p2a: Conkeldurr|Conkeldurr, M|100/100
|-damage|p2a: Conkeldurr|94/100|[from] Stealth Rock
|turn|4
|
|t:|1716501434
|move|p2a: Conkeldurr|Ice Punch|p1a: Shark Lesbian
|-supereffective|p1a: Shark Lesbian
|-damage|p1a: Shark Lesbian|0 fnt
|-damage|p2a: Conkeldurr|82/100|[from] ability: Rough Skin|[of] p1a: Shark Lesbian
|faint|p1a: Shark Lesbian
|-damage|p2a: Conkeldurr|72/100|[from] item: Life Orb
|
|upkeep
|
|t:|1716501452
|switch|p1a: A Gun|Scizor, F|100/100
|-damage|p1a: A Gun|88/100|[from] Stealth Rock
|turn|5
|
|t:|1716501456
|move|p1a: A Gun|Bullet Punch|p2a: Conkeldurr
|-damage|p2a: Conkeldurr|30/100
|-damage|p1a: A Gun|78/100|[from] item: Life Orb
|move|p2a: Conkeldurr|Drain Punch|p1a: A Gun
|-damage|p1a: A Gun|0 fnt
|-heal|p2a: Conkeldurr|58/100|[from] drain|[of] p1a: A Gun
|faint|p1a: A Gun
|-damage|p2a: Conkeldurr|48/100|[from] item: Life Orb
|
|upkeep
|
|t:|1716501466
|switch|p1a: Breloom|Breloom, F|100/100
|-damage|p1a: Breloom|94/100|[from] Stealth Rock
|turn|6
|
|t:|1716501469
|move|p1a: Breloom|Mach Punch|p2a: Conkeldurr
|-damage|p2a: Conkeldurr|12/100
|-damage|p1a: Breloom|84/100|[from] item: Life Orb
|move|p2a: Conkeldurr|Ice Punch|p1a: Breloom
|-supereffective|p1a: Breloom
|-damage|p1a: Breloom|0 fnt
|faint|p1a: Breloom
|-damage|p2a: Conkeldurr|2/100|[from] item: Life Orb
|
|-fieldend|move: Trick Room
|upkeep
|
|t:|1716501473
|switch|p1a: them|Starmie|100/100
|-damage|p1a: them|88/100|[from] Stealth Rock
|-item|p1a: them|Air Balloon
|turn|7
|j| Sol Survivor
|
|t:|1716501479
|move|p2a: Conkeldurr|Mach Punch|p1a: them
|-resisted|p1a: them
|-damage|p1a: them|58/100
|-enditem|p1a: them|Air Balloon
|-damage|p2a: Conkeldurr|0 fnt|[from] item: Life Orb
|faint|p2a: Conkeldurr
|move|p1a: them|Thunder|p2: Conkeldurr|[notarget]
|-fail|p1a: them
|
|upkeep
|
|t:|1716501490
|switch|p2a: Jellicent|Jellicent, M|100/100
|-damage|p2a: Jellicent|88/100|[from] Stealth Rock
|-item|p2a: Jellicent|Air Balloon
|turn|8
|
|t:|1716501493
|move|p1a: them|Thunder|p2a: Jellicent
|-supereffective|p2a: Jellicent
|-damage|p2a: Jellicent|27/100
|-enditem|p2a: Jellicent|Air Balloon
|move|p2a: Jellicent|Trick Room|p2a: Jellicent
|-fieldstart|move: Trick Room|[of] p2a: Jellicent
|
|upkeep
|turn|9
|
|t:|1716501507
|move|p2a: Jellicent|Shadow Ball|p1a: them
|-supereffective|p1a: them
|-damage|p1a: them|0 fnt
|faint|p1a: them
|
|upkeep
|
|t:|1716501512
|switch|p1a: Bowsette|Dragonite, F|100/100
|-damage|p1a: Bowsette|76/100|[from] Stealth Rock
|turn|10
|
|t:|1716501518
|move|p2a: Jellicent|Ice Beam|p1a: Bowsette
|-supereffective|p1a: Bowsette
|-damage|p1a: Bowsette|0 fnt
|faint|p1a: Bowsette
|
|upkeep
|
|t:|1716501521
|switch|p1a: Mothra|Volcarona, F|100/100
|-damage|p1a: Mothra|51/100|[from] Stealth Rock
|turn|11
|
|t:|1716501523
|move|p2a: Jellicent|Surf|p1a: Mothra
|-supereffective|p1a: Mothra
|-crit|p1a: Mothra
|-damage|p1a: Mothra|0 fnt
|faint|p1a: Mothra
|
|win|av2336
|raw|Koopaqueenbowsette's rating: 1403 &rarr; <strong>1385</strong><br />(-18 for losing)
|raw|av2336's rating: 1432 &rarr; <strong>1450</strong><br />(+18 for winning)
