|j|☆Gen5OU.AntiMeta
|j|☆HydreigonSpammer
|t:|1734374955
|gametype|singles
|player|p1|Gen5OU.AntiMeta|cyrus|1441
|player|p2|HydreigonSpammer|veteranf|1498
|teamsize|p1|6
|teamsize|p2|6
|gen|5
|tier|[Gen 5] OU
|rated|
|rule|Species Clause: Limit one of each Pokémon
|rule|OHKO Clause: OHKO moves are banned
|rule|Moody Clause: Moody is banned
|rule|Evasion Items Clause: Evasion items are banned
|rule|Evasion Moves Clause: Evasion moves are banned
|rule|Endless Battle Clause: Forcing endless battles is banned
|rule|HP Percentage Mod: HP is shown in percentages
|rule|Evasion Abilities Clause: Evasion abilities are banned
|rule|Sleep Moves Clause: Sleep-inducing moves are banned
|rule|Swagger Clause: Swagger is banned
|rule|Baton Pass Stat Clause: No Baton Passer may have a way to boost its stats
|clearpoke
|poke|p1|Blissey, F|item
|poke|p1|Mamoswine, F|item
|poke|p1|Hitmontop, M|item
|poke|p1|Zapdos|item
|poke|p1|Breloom, M|item
|poke|p1|Landorus-Therian, M|item
|poke|p2|Tyranitar, M|item
|poke|p2|Rotom-Wash|item
|poke|p2|Breloom, F|item
|poke|p2|Landorus-Therian, M|item
|poke|p2|Latios, M|item
|poke|p2|Skarmory, M|item
|teampreview
|inactive|Battle timer is ON: inactive players will automatically lose when time's up. (requested by Gen5OU.AntiMeta)
|
|t:|1734374963
|start
|switch|p1a: da vinchi.|Zapdos, shiny|100/100
|switch|p2a: Landorus|Landorus-Therian, M|100/100
|-ability|p2a: Landorus|Intimidate|boost
|-unboost|p1a: da vinchi.|atk|1
|-ability|p1a: da vinchi.|Pressure
|turn|1
|
|t:|1734374972
|switch|p2a: Latios|Latios, M|100/100
|move|p1a: da vinchi.|Hidden Power|p2a: Latios
|-supereffective|p2a: Latios
|-damage|p2a: Latios|43/100
|
|upkeep
|turn|2
|
|t:|1734374981
|switch|p1a: alpha.|Blissey, F, shiny|100/100
|move|p2a: Latios|Recover|p2a: Latios
|-heal|p2a: Latios|94/100
|
|upkeep
|turn|3
|
|t:|1734374994
|switch|p2a: Rotom|Rotom-Wash|100/100
|move|p1a: alpha.|Stealth Rock|p2a: Rotom
|-sidestart|p2: HydreigonSpammer|move: Stealth Rock
|
|upkeep
|turn|4
|
|t:|1734375000
|move|p2a: Rotom|Volt Switch|p1a: alpha.
|-damage|p1a: alpha.|91/100
|
|t:|1734375003
|switch|p2a: Landorus|Landorus-Therian, M|100/100|[from] Volt Switch
|-damage|p2a: Landorus|88/100|[from] Stealth Rock
|-ability|p2a: Landorus|Intimidate|boost
|-unboost|p1a: alpha.|atk|1
|move|p1a: alpha.|Thunder Wave|p2a: Landorus
|-immune|p2a: Landorus
|
|-heal|p2a: Landorus|94/100|[from] item: Leftovers
|-heal|p1a: alpha.|97/100|[from] item: Leftovers
|upkeep
|turn|5
|
|t:|1734375013
|switch|p1a: da vinchi.|Zapdos, shiny|100/100
|-ability|p1a: da vinchi.|Pressure
|move|p2a: Landorus|Stealth Rock|p1a: da vinchi.
|-sidestart|p1: Gen5OU.AntiMeta|move: Stealth Rock
|
|-heal|p2a: Landorus|99/100|[from] item: Leftovers
|upkeep
|turn|6
|
|t:|1734375021
|switch|p2a: Tyranitar|Tyranitar, M|100/100
|-damage|p2a: Tyranitar|88/100|[from] Stealth Rock
|-weather|Sandstorm|[from] ability: Sand Stream|[of] p2a: Tyranitar
|move|p1a: da vinchi.|Hidden Power|p2a: Tyranitar
|-damage|p2a: Tyranitar|75/100
|
|-weather|Sandstorm|[upkeep]
|-damage|p1a: da vinchi.|94/100|[from] Sandstorm
|-heal|p1a: da vinchi.|100/100|[from] item: Leftovers
|upkeep
|turn|7
|
|t:|1734375026
|move|p1a: da vinchi.|Volt Switch|p2a: Tyranitar
|-damage|p2a: Tyranitar|55/100
|-activate|p1a: da vinchi.|move: Pursuit
|move|p2a: Tyranitar|Pursuit|p1a: da vinchi.|[from]Pursuit
|-damage|p1a: da vinchi.|55/100
|
|t:|1734375032
|switch|p1a: the equaliser.|Hitmontop, M, shiny|100/100|[from] Volt Switch
|-damage|p1a: the equaliser.|94/100|[from] Stealth Rock
|-ability|p1a: the equaliser.|Intimidate|boost
|-unboost|p2a: Tyranitar|atk|1
|
|-weather|Sandstorm|[upkeep]
|-damage|p1a: the equaliser.|88/100|[from] Sandstorm
|-heal|p1a: the equaliser.|94/100|[from] item: Leftovers
|upkeep
|turn|8
|
|t:|1734375039
|switch|p2a: Skarmory|Skarmory, M|100/100
|-damage|p2a: Skarmory|88/100|[from] Stealth Rock
|move|p1a: the equaliser.|Rapid Spin|p2a: Skarmory
|-resisted|p2a: Skarmory
|-damage|p2a: Skarmory|87/100
|-damage|p1a: the equaliser.|78/100|[from] item: Rocky Helmet|[of] p2a: Skarmory
|-sideend|p1: Gen5OU.AntiMeta|Stealth Rock|[from] move: Rapid Spin|[of] p1a: the equaliser.
|
|-weather|Sandstorm|[upkeep]
|-damage|p1a: the equaliser.|72/100|[from] Sandstorm
|-heal|p1a: the equaliser.|78/100|[from] item: Leftovers
|upkeep
|turn|9
|
|t:|1734375044
|switch|p1a: da vinchi.|Zapdos, shiny|55/100
|-ability|p1a: da vinchi.|Pressure
|move|p2a: Skarmory|Spikes|p1a: da vinchi.
|-sidestart|p1: Gen5OU.AntiMeta|Spikes
|
|-weather|Sandstorm|[upkeep]
|-damage|p1a: da vinchi.|49/100|[from] Sandstorm
|-heal|p1a: da vinchi.|55/100|[from] item: Leftovers
|upkeep
|turn|10
|
|t:|1734375051
|switch|p2a: Rotom|Rotom-Wash|100/100
|-damage|p2a: Rotom|88/100|[from] Stealth Rock
|move|p1a: da vinchi.|Volt Switch|p2a: Rotom
|-damage|p2a: Rotom|57/100
|
|t:|1734375062
|switch|p1a: alpha.|Blissey, F, shiny|97/100|[from] Volt Switch
|-damage|p1a: alpha.|85/100|[from] Spikes
|
|-weather|Sandstorm|[upkeep]
|-damage|p2a: Rotom|51/100|[from] Sandstorm
|-damage|p1a: alpha.|79/100|[from] Sandstorm
|-heal|p2a: Rotom|57/100|[from] item: Leftovers
|-heal|p1a: alpha.|85/100|[from] item: Leftovers
|upkeep
|turn|11
|
|t:|1734375067
|move|p2a: Rotom|Pain Split|p1a: alpha.
|-sethp|p1a: alpha.|55/100|[from] move: Pain Split|[silent]
|-sethp|p2a: Rotom|100/100|[from] move: Pain Split
|move|p1a: alpha.|Seismic Toss|p2a: Rotom
|-damage|p2a: Rotom|67/100
|
|-weather|Sandstorm|[upkeep]
|-damage|p2a: Rotom|62/100|[from] Sandstorm
|-damage|p1a: alpha.|48/100|[from] Sandstorm
|-heal|p2a: Rotom|67/100|[from] item: Leftovers
|-heal|p1a: alpha.|55/100|[from] item: Leftovers
|upkeep
|turn|12
|
|t:|1734375073
|move|p2a: Rotom|Volt Switch|p1a: alpha.
|-damage|p1a: alpha.|46/100
|
|t:|1734375077
|switch|p2a: Landorus|Landorus-Therian, M|99/100|[from] Volt Switch
|-damage|p2a: Landorus|88/100|[from] Stealth Rock
|-ability|p2a: Landorus|Intimidate|boost
|-unboost|p1a: alpha.|atk|1
|move|p1a: alpha.|Soft-Boiled|p1a: alpha.
|-heal|p1a: alpha.|96/100
|
|-weather|Sandstorm|[upkeep]
|-damage|p1a: alpha.|90/100|[from] Sandstorm
|-heal|p2a: Landorus|94/100|[from] item: Leftovers
|-heal|p1a: alpha.|96/100|[from] item: Leftovers
|upkeep
|turn|13
|
|t:|1734375083
|switch|p1a: el loco|Landorus-Therian, M, shiny|100/100
|-ability|p1a: el loco|Intimidate|boost
|-unboost|p2a: Landorus|atk|1
|move|p2a: Landorus|Stealth Rock|p1a: el loco
|-sidestart|p1: Gen5OU.AntiMeta|move: Stealth Rock
|
|-weather|Sandstorm|[upkeep]
|-heal|p2a: Landorus|99/100|[from] item: Leftovers
|upkeep
|turn|14
|
|t:|1734375090
|switch|p2a: Skarmory|Skarmory, M|87/100
|-damage|p2a: Skarmory|74/100|[from] Stealth Rock
|move|p1a: el loco|U-turn|p2a: Skarmory
|-resisted|p2a: Skarmory
|-damage|p2a: Skarmory|69/100
|-damage|p1a: el loco|84/100|[from] item: Rocky Helmet|[of] p2a: Skarmory
|
|t:|1734375093
|switch|p1a: da vinchi.|Zapdos, shiny|55/100|[from] U-turn
|-damage|p1a: da vinchi.|30/100|[from] Stealth Rock
|-ability|p1a: da vinchi.|Pressure
|
|-weather|Sandstorm|[upkeep]
|-damage|p1a: da vinchi.|24/100|[from] Sandstorm
|-heal|p1a: da vinchi.|30/100|[from] item: Leftovers
|upkeep
|turn|15
|
|t:|1734375102
|switch|p2a: Tyranitar|Tyranitar, M|55/100
|-damage|p2a: Tyranitar|43/100|[from] Stealth Rock
|move|p1a: da vinchi.|Roost|p1a: da vinchi.
|-heal|p1a: da vinchi.|80/100
|-singleturn|p1a: da vinchi.|move: Roost
|
|-weather|Sandstorm|[upkeep]
|-damage|p1a: da vinchi.|74/100|[from] Sandstorm
|-heal|p1a: da vinchi.|80/100|[from] item: Leftovers
|upkeep
|turn|16
|
|t:|1734375107
|move|p1a: da vinchi.|Volt Switch|p2a: Tyranitar
|-damage|p2a: Tyranitar|24/100
|
|t:|1734375111
|switch|p1a: the equaliser.|Hitmontop, M, shiny|78/100|[from] Volt Switch
|-damage|p1a: the equaliser.|65/100|[from] Spikes
|-damage|p1a: the equaliser.|59/100|[from] Stealth Rock
|-ability|p1a: the equaliser.|Intimidate|boost
|-unboost|p2a: Tyranitar|atk|1
|move|p2a: Tyranitar|Ice Beam|p1a: the equaliser.
|-damage|p1a: the equaliser.|36/100
|
|-weather|Sandstorm|[upkeep]
|-damage|p1a: the equaliser.|29/100|[from] Sandstorm
|-heal|p1a: the equaliser.|36/100|[from] item: Leftovers
|upkeep
|turn|17
|
|t:|1734375123
|move|p1a: the equaliser.|Rapid Spin|p2a: Tyranitar
|-resisted|p2a: Tyranitar
|-damage|p2a: Tyranitar|22/100
|-sideend|p1: Gen5OU.AntiMeta|Spikes|[from] move: Rapid Spin|[of] p1a: the equaliser.
|-sideend|p1: Gen5OU.AntiMeta|Stealth Rock|[from] move: Rapid Spin|[of] p1a: the equaliser.
|move|p2a: Tyranitar|Ice Beam|p1a: the equaliser.
|-damage|p1a: the equaliser.|14/100
|-status|p1a: the equaliser.|frz
|
|-weather|Sandstorm|[upkeep]
|-damage|p1a: the equaliser.|8/100 frz|[from] Sandstorm
|-heal|p1a: the equaliser.|14/100 frz|[from] item: Leftovers
|upkeep
|turn|18
|
|t:|1734375137
|switch|p1a: xio ling.|Mamoswine, F, shiny|100/100
|move|p2a: Tyranitar|Ice Beam|p1a: xio ling.
|-damage|p1a: xio ling.|84/100
|
|-weather|Sandstorm|[upkeep]
|upkeep
|turn|19
|
|t:|1734375151
|switch|p2a: Skarmory|Skarmory, M|69/100
|-damage|p2a: Skarmory|57/100|[from] Stealth Rock
|move|p1a: xio ling.|Ice Shard|p2a: Skarmory
|-damage|p2a: Skarmory|32/100
|
|-weather|Sandstorm|[upkeep]
|upkeep
|turn|20
|
|t:|1734375159
|move|p1a: xio ling.|Ice Shard|p2a: Skarmory
|-damage|p2a: Skarmory|7/100
|move|p2a: Skarmory|Roost|p2a: Skarmory
|-heal|p2a: Skarmory|57/100
|-singleturn|p2a: Skarmory|move: Roost
|
|-weather|Sandstorm|[upkeep]
|upkeep
|turn|21
|
|t:|1734375164
|switch|p1a: da vinchi.|Zapdos, shiny|80/100
|-ability|p1a: da vinchi.|Pressure
|move|p2a: Skarmory|Spikes|p1a: da vinchi.
|-sidestart|p1: Gen5OU.AntiMeta|Spikes
|
|-weather|Sandstorm|[upkeep]
|-damage|p1a: da vinchi.|74/100|[from] Sandstorm
|-heal|p1a: da vinchi.|80/100|[from] item: Leftovers
|upkeep
|turn|22
|
|t:|1734375176
|switch|p2a: Tyranitar|Tyranitar, M|22/100
|-damage|p2a: Tyranitar|9/100|[from] Stealth Rock
|move|p1a: da vinchi.|Volt Switch|p2a: Tyranitar
|-damage|p2a: Tyranitar|0 fnt
|faint|p2a: Tyranitar
|
|t:|1734375182
|switch|p1a: el loco|Landorus-Therian, M, shiny|84/100|[from] Volt Switch
|
|-weather|Sandstorm|[upkeep]
|-heal|p1a: el loco|90/100|[from] item: Leftovers
|upkeep
|
|t:|1734375209
|switch|p2a: Breloom|Breloom, F|100/100
|-damage|p2a: Breloom|94/100|[from] Stealth Rock
|turn|23
|
|t:|1734375233
|move|p2a: Breloom|Protect|p2a: Breloom
|-singleturn|p2a: Breloom|Protect
|move|p1a: el loco|U-turn|p2a: Breloom
|-activate|p2a: Breloom|move: Protect
|
|-weather|Sandstorm|[upkeep]
|-damage|p2a: Breloom|88/100|[from] Sandstorm
|-heal|p1a: el loco|96/100|[from] item: Leftovers
|-status|p2a: Breloom|tox|[from] item: Toxic Orb
|upkeep
|turn|24
|
|t:|1734375247
|move|p1a: el loco|U-turn|p2a: Breloom
|-damage|p2a: Breloom|50/100 tox
|
|t:|1734375251
|switch|p1a: the equaliser.|Hitmontop, M, shiny|14/100 frz|[from] U-turn
|-damage|p1a: the equaliser.|1/100 frz|[from] Spikes
|-ability|p1a: the equaliser.|Intimidate|boost
|-unboost|p2a: Breloom|atk|1
|move|p2a: Breloom|Drain Punch|p1a: the equaliser.
|-damage|p1a: the equaliser.|0 fnt
|-heal|p2a: Breloom|50/100 tox|[from] drain|[of] p1a: the equaliser.
|faint|p1a: the equaliser.
|
|-weather|Sandstorm|[upkeep]
|-damage|p2a: Breloom|44/100 tox|[from] Sandstorm
|-heal|p2a: Breloom|57/100 tox|[from] ability: Poison Heal
|upkeep
|
|t:|1734375254
|switch|p1a: xio ling.|Mamoswine, F, shiny|84/100
|-damage|p1a: xio ling.|72/100|[from] Spikes
|turn|25
|
|t:|1734375261
|move|p2a: Breloom|Protect|p2a: Breloom
|-singleturn|p2a: Breloom|Protect
|move|p1a: xio ling.|Ice Shard|p2a: Breloom
|-activate|p2a: Breloom|move: Protect
|
|-weather|Sandstorm|[upkeep]
|-damage|p2a: Breloom|50/100 tox|[from] Sandstorm
|-heal|p2a: Breloom|63/100 tox|[from] ability: Poison Heal
|upkeep
|turn|26
|
|t:|1734375274
|switch|p1a: da vinchi.|Zapdos, shiny|80/100
|-ability|p1a: da vinchi.|Pressure
|switch|p2a: Rotom|Rotom-Wash|67/100
|-damage|p2a: Rotom|55/100|[from] Stealth Rock
|
|-weather|Sandstorm|[upkeep]
|-damage|p1a: da vinchi.|74/100|[from] Sandstorm
|-damage|p2a: Rotom|49/100|[from] Sandstorm
|-heal|p1a: da vinchi.|80/100|[from] item: Leftovers
|-heal|p2a: Rotom|55/100|[from] item: Leftovers
|upkeep
|turn|27
|
|t:|1734375279
|move|p1a: da vinchi.|Volt Switch|p2a: Rotom
|-damage|p2a: Rotom|23/100
|
|t:|1734375283
|switch|p1a: alpha.|Blissey, F, shiny|96/100|[from] Volt Switch
|-damage|p1a: alpha.|83/100|[from] Spikes
|move|p2a: Rotom|Pain Split|p1a: alpha.
|-sethp|p1a: alpha.|47/100|[from] move: Pain Split|[silent]
|-sethp|p2a: Rotom|100/100|[from] move: Pain Split
|
|-weather|Sandstorm|[upkeep]
|-damage|p2a: Rotom|95/100|[from] Sandstorm
|-damage|p1a: alpha.|41/100|[from] Sandstorm
|-heal|p2a: Rotom|100/100|[from] item: Leftovers
|-heal|p1a: alpha.|47/100|[from] item: Leftovers
|upkeep
|turn|28
|
|t:|1734375292
|move|p2a: Rotom|Volt Switch|p1a: alpha.
|-damage|p1a: alpha.|37/100
|
|t:|1734375295
|switch|p2a: Landorus|Landorus-Therian, M|99/100|[from] Volt Switch
|-damage|p2a: Landorus|88/100|[from] Stealth Rock
|-ability|p2a: Landorus|Intimidate|boost
|-unboost|p1a: alpha.|atk|1
|move|p1a: alpha.|Seismic Toss|p2a: Landorus
|-damage|p2a: Landorus|61/100
|
|-weather|Sandstorm|[upkeep]
|-damage|p1a: alpha.|31/100|[from] Sandstorm
|-heal|p2a: Landorus|67/100|[from] item: Leftovers
|-heal|p1a: alpha.|37/100|[from] item: Leftovers
|upkeep
|turn|29
|
|t:|1734375299
|move|p2a: Landorus|Stealth Rock|p1a: alpha.
|-sidestart|p1: Gen5OU.AntiMeta|move: Stealth Rock
|move|p1a: alpha.|Seismic Toss|p2a: Landorus
|-damage|p2a: Landorus|41/100
|
|-weather|Sandstorm|[upkeep]
|-damage|p1a: alpha.|31/100|[from] Sandstorm
|-heal|p2a: Landorus|47/100|[from] item: Leftovers
|-heal|p1a: alpha.|37/100|[from] item: Leftovers
|upkeep
|turn|30
|
|t:|1734375303
|move|p2a: Landorus|Earthquake|p1a: alpha.
|-damage|p1a: alpha.|0 fnt
|faint|p1a: alpha.
|
|-weather|Sandstorm|[upkeep]
|-heal|p2a: Landorus|53/100|[from] item: Leftovers
|upkeep
|
|t:|1734375306
|switch|p1a: da vinchi.|Zapdos, shiny|80/100
|-damage|p1a: da vinchi.|55/100|[from] Stealth Rock
|-ability|p1a: da vinchi.|Pressure
|turn|31
|
|t:|1734375320
|switch|p2a: Breloom|Breloom, F|63/100 tox
|-damage|p2a: Breloom|57/100 tox|[from] Stealth Rock
|move|p1a: da vinchi.|Roost|p1a: da vinchi.
|-heal|p1a: da vinchi.|100/100
|-singleturn|p1a: da vinchi.|move: Roost
|
|-weather|Sandstorm|[upkeep]
|-damage|p1a: da vinchi.|94/100|[from] Sandstorm
|-damage|p2a: Breloom|50/100 tox|[from] Sandstorm
|-heal|p1a: da vinchi.|100/100|[from] item: Leftovers
|-heal|p2a: Breloom|63/100 tox|[from] ability: Poison Heal
|upkeep
|turn|32
|
|t:|1734375324
|move|p2a: Breloom|Protect|p2a: Breloom
|-singleturn|p2a: Breloom|Protect
|move|p1a: da vinchi.|Heat Wave|p2a: Breloom
|-activate|p2a: Breloom|move: Protect
|
|-weather|Sandstorm|[upkeep]
|-damage|p1a: da vinchi.|94/100|[from] Sandstorm
|-damage|p2a: Breloom|57/100 tox|[from] Sandstorm
|-heal|p1a: da vinchi.|100/100|[from] item: Leftovers
|-heal|p2a: Breloom|69/100 tox|[from] ability: Poison Heal
|upkeep
|turn|33
|
|t:|1734375335
|move|p1a: da vinchi.|Hidden Power|p2a: Breloom
|-supereffective|p2a: Breloom
|-damage|p2a: Breloom|12/100 tox
|move|p2a: Breloom|Swords Dance|p2a: Breloom
|-boost|p2a: Breloom|atk|2
|
|-weather|Sandstorm|[upkeep]
|-damage|p1a: da vinchi.|94/100|[from] Sandstorm
|-damage|p2a: Breloom|6/100 tox|[from] Sandstorm
|-heal|p1a: da vinchi.|100/100|[from] item: Leftovers
|-heal|p2a: Breloom|19/100 tox|[from] ability: Poison Heal
|upkeep
|turn|34
|
|t:|1734375339
|move|p2a: Breloom|Protect|p2a: Breloom
|-singleturn|p2a: Breloom|Protect
|move|p1a: da vinchi.|Hidden Power|p2a: Breloom
|-activate|p2a: Breloom|move: Protect
|
|-weather|Sandstorm|[upkeep]
|-damage|p1a: da vinchi.|94/100|[from] Sandstorm
|-damage|p2a: Breloom|12/100 tox|[from] Sandstorm
|-heal|p1a: da vinchi.|100/100|[from] item: Leftovers
|-heal|p2a: Breloom|25/100 tox|[from] ability: Poison Heal
|upkeep
|turn|35
|
|t:|1734375351
|switch|p2a: Rotom|Rotom-Wash|100/100
|-damage|p2a: Rotom|88/100|[from] Stealth Rock
|move|p1a: da vinchi.|Hidden Power|p2a: Rotom
|-resisted|p2a: Rotom
|-damage|p2a: Rotom|78/100
|
|-weather|Sandstorm|[upkeep]
|-damage|p1a: da vinchi.|94/100|[from] Sandstorm
|-damage|p2a: Rotom|72/100|[from] Sandstorm
|-heal|p1a: da vinchi.|100/100|[from] item: Leftovers
|-heal|p2a: Rotom|78/100|[from] item: Leftovers
|upkeep
|turn|36
|
|t:|1734375365
|move|p1a: da vinchi.|Heat Wave|p2a: Rotom
|-resisted|p2a: Rotom
|-damage|p2a: Rotom|64/100
|move|p2a: Rotom|Will-O-Wisp|p1a: da vinchi.
|-status|p1a: da vinchi.|brn
|
|-weather|Sandstorm|[upkeep]
|-damage|p1a: da vinchi.|94/100 brn|[from] Sandstorm
|-damage|p2a: Rotom|58/100|[from] Sandstorm
|-heal|p1a: da vinchi.|100/100 brn|[from] item: Leftovers
|-heal|p2a: Rotom|64/100|[from] item: Leftovers
|-damage|p1a: da vinchi.|88/100 brn|[from] brn
|upkeep
|turn|37
|
|t:|1734375375
|move|p1a: da vinchi.|Heat Wave|p2a: Rotom
|-resisted|p2a: Rotom
|-damage|p2a: Rotom|47/100
|move|p2a: Rotom|Volt Switch|p1a: da vinchi.
|-damage|p1a: da vinchi.|63/100 brn
|
|t:|1734375379
|switch|p2a: Latios|Latios, M|94/100|[from] Volt Switch
|-damage|p2a: Latios|81/100|[from] Stealth Rock
|
|-weather|Sandstorm|[upkeep]
|-damage|p2a: Latios|75/100|[from] Sandstorm
|-damage|p1a: da vinchi.|57/100 brn|[from] Sandstorm
|-heal|p1a: da vinchi.|63/100 brn|[from] item: Leftovers
|-damage|p1a: da vinchi.|51/100 brn|[from] brn
|upkeep
|turn|38
|
|t:|1734375390
|move|p2a: Latios|Draco Meteor|p1a: da vinchi.
|-damage|p1a: da vinchi.|0 fnt
|-unboost|p2a: Latios|spa|2
|faint|p1a: da vinchi.
|
|-weather|Sandstorm|[upkeep]
|-damage|p2a: Latios|69/100|[from] Sandstorm
|upkeep
|
|t:|1734375398
|switch|p1a: el loco|Landorus-Therian, M, shiny|96/100
|-damage|p1a: el loco|84/100|[from] Stealth Rock
|-ability|p1a: el loco|Intimidate|boost
|-unboost|p2a: Latios|atk|1
|turn|39
|
|t:|1734375405
|switch|p2a: Breloom|Breloom, F|25/100 tox
|-damage|p2a: Breloom|19/100 tox|[from] Stealth Rock
|move|p1a: el loco|U-turn|p2a: Breloom
|-damage|p2a: Breloom|0 fnt
|faint|p2a: Breloom
|
|t:|1734375410
|switch|p1a: aries god of war.|Breloom, M, shiny|100/100|[from] U-turn
|-damage|p1a: aries god of war.|88/100|[from] Spikes
|-damage|p1a: aries god of war.|82/100|[from] Stealth Rock
|
|-weather|Sandstorm|[upkeep]
|-damage|p1a: aries god of war.|76/100|[from] Sandstorm
|upkeep
|
|t:|1734375422
|switch|p2a: Landorus|Landorus-Therian, M|53/100
|-damage|p2a: Landorus|41/100|[from] Stealth Rock
|-ability|p2a: Landorus|Intimidate|boost
|-unboost|p1a: aries god of war.|atk|1
|turn|40
|
|t:|1734375433
|switch|p1a: el loco|Landorus-Therian, M, shiny|84/100
|-damage|p1a: el loco|71/100|[from] Stealth Rock
|-ability|p1a: el loco|Intimidate|boost
|-unboost|p2a: Landorus|atk|1
|move|p2a: Landorus|Hidden Power|p1a: el loco
|-supereffective|p1a: el loco
|-damage|p1a: el loco|0 fnt
|faint|p1a: el loco
|
|-weather|Sandstorm|[upkeep]
|-heal|p2a: Landorus|47/100|[from] item: Leftovers
|upkeep
|
|t:|1734375436
|switch|p1a: xio ling.|Mamoswine, F, shiny|72/100
|-damage|p1a: xio ling.|60/100|[from] Spikes
|-damage|p1a: xio ling.|47/100|[from] Stealth Rock
|turn|41
|
|t:|1734375452
|switch|p2a: Rotom|Rotom-Wash|47/100
|-damage|p2a: Rotom|35/100|[from] Stealth Rock
|move|p1a: xio ling.|Icicle Crash|p2a: Rotom
|-resisted|p2a: Rotom
|-damage|p2a: Rotom|0 fnt
|faint|p2a: Rotom
|
|-weather|Sandstorm|[upkeep]
|upkeep
|inactive|HydreigonSpammer has 120 seconds left.
|
|t:|1734375489
|switch|p2a: Latios|Latios, M|69/100
|-damage|p2a: Latios|57/100|[from] Stealth Rock
|turn|42
|
|t:|1734375494
|switch|p1a: aries god of war.|Breloom, M, shiny|76/100
|-damage|p1a: aries god of war.|63/100|[from] Spikes
|-damage|p1a: aries god of war.|57/100|[from] Stealth Rock
|move|p2a: Latios|Surf|p1a: aries god of war.
|-resisted|p1a: aries god of war.
|-damage|p1a: aries god of war.|32/100
|
|-weather|Sandstorm|[upkeep]
|-damage|p2a: Latios|51/100|[from] Sandstorm
|-damage|p1a: aries god of war.|26/100|[from] Sandstorm
|upkeep
|turn|43
|inactive|HydreigonSpammer has 120 seconds left.
|
|t:|1734375504
|move|p2a: Latios|Surf|p1a: aries god of war.
|-resisted|p1a: aries god of war.
|-damage|p1a: aries god of war.|0 fnt
|faint|p1a: aries god of war.
|
|-weather|Sandstorm|[upkeep]
|-damage|p2a: Latios|45/100|[from] Sandstorm
|upkeep
|
|t:|1734375507
|switch|p1a: xio ling.|Mamoswine, F, shiny|47/100
|-damage|p1a: xio ling.|35/100|[from] Spikes
|-damage|p1a: xio ling.|22/100|[from] Stealth Rock
|turn|44
|
|t:|1734375511
|switch|p2a: Landorus|Landorus-Therian, M|47/100
|-damage|p2a: Landorus|35/100|[from] Stealth Rock
|-ability|p2a: Landorus|Intimidate|boost
|-unboost|p1a: xio ling.|atk|1
|move|p1a: xio ling.|Ice Shard|p2a: Landorus
|-supereffective|p2a: Landorus
|-crit|p2a: Landorus
|-damage|p2a: Landorus|0 fnt
|faint|p2a: Landorus
|
|-weather|Sandstorm|[upkeep]
|upkeep
|
|t:|1734375513
|switch|p2a: Skarmory|Skarmory, M|57/100
|-damage|p2a: Skarmory|45/100|[from] Stealth Rock
|turn|45
|
|t:|1734375516
|move|p1a: xio ling.|Ice Shard|p2a: Skarmory
|-damage|p2a: Skarmory|26/100
|move|p2a: Skarmory|Roost|p2a: Skarmory
|-heal|p2a: Skarmory|76/100
|-singleturn|p2a: Skarmory|move: Roost
|
|-weather|Sandstorm|[upkeep]
|upkeep
|turn|46
|-message|Gen5OU.AntiMeta forfeited.
|
|win|HydreigonSpammer
|raw|Gen5OU.AntiMeta's rating: 1451 &rarr; <strong>1434</strong><br />(-17 for losing)
|raw|HydreigonSpammer's rating: 1498 &rarr; <strong>1515</strong><br />(+17 for winning)
|l|☆Gen5OU.AntiMeta
|player|p1|
