|j|☆Spheric Skunk
|j|☆Jellium
|t:|1719282490
|gametype|singles
|player|p1|Spheric Skunk|2|1308
|player|p2|Jellium|scientist-gen4|1352
|teamsize|p1|6
|teamsize|p2|6
|gen|5
|tier|[Gen 5] OU
|rated|
|rule|Species Clause: Limit one of each Pokémon
|rule|OHKO Clause: OHKO moves are banned
|rule|Moody Clause: Moody is banned
|rule|Evasion Items Clause: Evasion items are banned
|rule|Evasion Moves Clause: Evasion moves are banned
|rule|Endless Battle Clause: Forcing endless battles is banned
|rule|HP Percentage Mod: HP is shown in percentages
|rule|Evasion Abilities Clause: Evasion abilities are banned
|rule|Sleep Moves Clause: Sleep-inducing moves are banned
|rule|Swagger Clause: Swagger is banned
|rule|Baton Pass Stat Clause: No Baton Passer may have a way to boost its stats
|clearpoke
|poke|p1|Politoed, F|item
|poke|p1|Kyurem-Black|item
|poke|p1|Starmie|item
|poke|p1|Ferrothorn, M|item
|poke|p1|Garchomp, F|item
|poke|p1|Latios, M|item
|poke|p2|Tyranitar, F|item
|poke|p2|Jellicent, F|item
|poke|p2|Skarmory, M|item
|poke|p2|Landorus-Therian, M|item
|poke|p2|Lucario, F|item
|poke|p2|Alakazam, M|item
|teampreview
|
|t:|1719282503
|start
|switch|p1a: Politoed|Politoed, F|100/100
|switch|p2a: Skarmory|Skarmory, M, shiny|100/100
|-weather|RainDance|[from] ability: Drizzle|[of] p1a: Politoed
|turn|1
|
|t:|1719282506
|move|p2a: Skarmory|Stealth Rock|p1a: Politoed
|-sidestart|p1: Spheric Skunk|move: Stealth Rock
|move|p1a: Politoed|Scald|p2a: Skarmory
|-damage|p2a: Skarmory|33/100
|-status|p2a: Skarmory|brn
|
|-weather|RainDance|[upkeep]
|-damage|p2a: Skarmory|20/100 brn|[from] brn
|upkeep
|turn|2
|-enditem|p2a: Skarmory|Custap Berry|[eat]
|-activate|p2a: Skarmory|item: Custap Berry|[consumed]
|
|t:|1719282513
|move|p2a: Skarmory|Spikes|p1a: Politoed
|-sidestart|p1: Spheric Skunk|Spikes
|move|p1a: Politoed|Toxic||[still]
|-fail|p1a: Politoed
|
|-weather|RainDance|[upkeep]
|-damage|p2a: Skarmory|8/100 brn|[from] brn
|upkeep
|turn|3
|
|t:|1719282524
|move|p2a: Skarmory|Brave Bird|p1a: Politoed
|-damage|p1a: Politoed|78/100
|-damage|p2a: Skarmory|0 fnt|[from] Recoil
|faint|p2a: Skarmory
|move|p1a: Politoed|Scald|p2: Skarmory|[notarget]
|-fail|p1a: Politoed
|
|-weather|RainDance|[upkeep]
|-heal|p1a: Politoed|85/100|[from] item: Leftovers
|upkeep
|
|t:|1719282534
|switch|p2a: Tyranitar|Tyranitar, F, shiny|100/100
|-weather|Sandstorm|[from] ability: Sand Stream|[of] p2a: Tyranitar
|turn|4
|
|t:|1719282541
|switch|p2a: Lucario|Lucario, F, shiny|100/100
|switch|p1a: Ferrothorn|Ferrothorn, M|100/100
|-damage|p1a: Ferrothorn|95/100|[from] Stealth Rock
|-damage|p1a: Ferrothorn|82/100|[from] Spikes
|
|-weather|Sandstorm|[upkeep]
|-heal|p1a: Ferrothorn|88/100|[from] item: Leftovers
|upkeep
|turn|5
|
|t:|1719282549
|switch|p1a: Garchomp|Garchomp, F|100/100
|-damage|p1a: Garchomp|94/100|[from] Stealth Rock
|-damage|p1a: Garchomp|82/100|[from] Spikes
|move|p2a: Lucario|Close Combat|p1a: Garchomp
|-damage|p1a: Garchomp|0 fnt
|-unboost|p2a: Lucario|def|1
|-unboost|p2a: Lucario|spd|1
|-damage|p2a: Lucario|88/100|[from] ability: Rough Skin|[of] p1a: Garchomp
|faint|p1a: Garchomp
|-damage|p2a: Lucario|78/100|[from] item: Life Orb
|
|-weather|Sandstorm|[upkeep]
|upkeep
|
|t:|1719282553
|switch|p1a: Politoed|Politoed, F|85/100
|-damage|p1a: Politoed|72/100|[from] Stealth Rock
|-damage|p1a: Politoed|60/100|[from] Spikes
|-weather|RainDance|[from] ability: Drizzle|[of] p1a: Politoed
|turn|6
|
|t:|1719282564
|move|p2a: Lucario|Close Combat|p1a: Politoed
|-damage|p1a: Politoed|0 fnt
|-unboost|p2a: Lucario|def|1
|-unboost|p2a: Lucario|spd|1
|faint|p1a: Politoed
|-damage|p2a: Lucario|68/100|[from] item: Life Orb
|
|-weather|RainDance|[upkeep]
|upkeep
|-message|Spheric Skunk forfeited.
|
|win|Jellium
|raw|Spheric Skunk's rating: 1308 &rarr; <strong>1291</strong><br />(-17 for losing)
|raw|Jellium's rating: 1352 &rarr; <strong>1369</strong><br />(+17 for winning)
|l|☆Spheric Skunk
|player|p1|
