|j|☆ChrisCross1990
|j|☆Xalvadore
|t:|1743117288
|gametype|singles
|player|p1|ChrisCross1990|wallace|1323
|player|p2|Xalvadore|101|1336
|teamsize|p1|6
|teamsize|p2|6
|gen|5
|tier|[Gen 5] OU
|rated|
|rule|Species Clause: Limit one of each Pokémon
|rule|OHKO Clause: OHKO moves are banned
|rule|Moody Clause: Moody is banned
|rule|Evasion Items Clause: Evasion items are banned
|rule|Evasion Moves Clause: Evasion moves are banned
|rule|Endless Battle Clause: Forcing endless battles is banned
|rule|HP Percentage Mod: HP is shown in percentages
|rule|Evasion Abilities Clause: Evasion abilities are banned
|rule|Sleep Moves Clause: Sleep-inducing moves are banned
|rule|Swagger Clause: Swagger is banned
|rule|Baton Pass Stat Clause: No Baton Passer may have a way to boost its stats
|clearpoke
|poke|p1|Metagross|item
|poke|p1|Dragonite, M|item
|poke|p1|Keldeo|item
|poke|p1|Scizor, F|item
|poke|p1|Donphan, M|item
|poke|p1|Celebi|item
|poke|p2|Alakazam, F|item
|poke|p2|Skarmory, M|item
|poke|p2|Tyranitar, M|item
|poke|p2|Mamoswine, M|item
|poke|p2|Jellicent, M|item
|poke|p2|Excadrill, F|item
|teampreview
|
|t:|1743117293
|start
|switch|p1a: Keldeo|Keldeo|100/100
|switch|p2a: Skarmory|Skarmory, M|100/100
|turn|1
|
|t:|1743117298
|move|p1a: Keldeo|Hydro Pump|p2a: Skarmory|[miss]
|-miss|p1a: Keldeo|p2a: Skarmory
|move|p2a: Skarmory|Stealth Rock|p1a: Keldeo
|-sidestart|p1: ChrisCross1990|move: Stealth Rock
|
|upkeep
|turn|2
|
|t:|1743117305
|switch|p1a: Donphan|Donphan, M|100/100
|-damage|p1a: Donphan|94/100|[from] Stealth Rock
|move|p2a: Skarmory|Spikes|p1a: Donphan
|-sidestart|p1: ChrisCross1990|Spikes
|
|-heal|p1a: Donphan|100/100|[from] item: Leftovers
|upkeep
|turn|3
|
|t:|1743117313
|switch|p2a: Jellicent|Jellicent, M|100/100
|-item|p2a: Jellicent|Air Balloon
|move|p1a: Donphan|Knock Off|p2a: Jellicent
|-supereffective|p2a: Jellicent
|-damage|p2a: Jellicent|89/100
|-enditem|p2a: Jellicent|Air Balloon
|
|upkeep
|turn|4
|
|t:|1743117326
|switch|p1a: Celebi|Celebi|100/100
|-damage|p1a: Celebi|88/100|[from] Stealth Rock
|-damage|p1a: Celebi|76/100|[from] Spikes
|move|p2a: Jellicent|Will-O-Wisp|p1a: Celebi
|-status|p1a: Celebi|brn
|
|-heal|p1a: Celebi|82/100 brn|[from] item: Leftovers
|-damage|p1a: Celebi|69/100 brn|[from] brn
|upkeep
|turn|5
|
|t:|1743117353
|move|p1a: Celebi|Hidden Power|p2a: Jellicent
|-resisted|p2a: Jellicent
|-damage|p2a: Jellicent|80/100
|move|p2a: Jellicent|Night Shade|p1a: Celebi
|-damage|p1a: Celebi|44/100 brn
|
|-heal|p1a: Celebi|50/100 brn|[from] item: Leftovers
|-damage|p1a: Celebi|38/100 brn|[from] brn
|upkeep
|turn|6
|
|t:|1743117363
|switch|p2a: Tyranitar|Tyranitar, M|100/100
|-weather|Sandstorm|[from] ability: Sand Stream|[of] p2a: Tyranitar
|move|p1a: Celebi|Rest|p1a: Celebi
|-status|p1a: Celebi|slp|[from] move: Rest
|-heal|p1a: Celebi|100/100 slp|[silent]
|
|-weather|Sandstorm|[upkeep]
|-damage|p1a: Celebi|94/100 slp|[from] Sandstorm
|-heal|p1a: Celebi|100/100 slp|[from] item: Leftovers
|upkeep
|turn|7
|
|t:|1743117375
|-activate|p1a: Celebi|move: Pursuit
|move|p2a: Tyranitar|Pursuit|p1a: Celebi|[from] Pursuit
|-supereffective|p1a: Celebi
|-damage|p1a: Celebi|36/100 slp
|-curestatus|p1a: Celebi|slp|[from] ability: Natural Cure
|switch|p1a: Scizor|Scizor, F|100/100
|-damage|p1a: Scizor|88/100|[from] Stealth Rock
|-damage|p1a: Scizor|75/100|[from] Spikes
|
|-weather|Sandstorm|[upkeep]
|-heal|p1a: Scizor|82/100|[from] item: Leftovers
|upkeep
|turn|8
|
|t:|1743117387
|move|p1a: Scizor|Superpower|p2a: Tyranitar
|-supereffective|p2a: Tyranitar
|-enditem|p2a: Tyranitar|Chople Berry|[eat]
|-enditem|p2a: Tyranitar|Chople Berry|[weaken]
|-damage|p2a: Tyranitar|25/100
|-unboost|p1a: Scizor|atk|1
|-unboost|p1a: Scizor|def|1
|move|p2a: Tyranitar|Fire Blast|p1a: Scizor
|-supereffective|p1a: Scizor
|-damage|p1a: Scizor|0 fnt
|faint|p1a: Scizor
|
|-weather|Sandstorm|[upkeep]
|upkeep
|
|t:|1743117402
|switch|p1a: Keldeo|Keldeo|100/100
|-damage|p1a: Keldeo|94/100|[from] Stealth Rock
|-damage|p1a: Keldeo|82/100|[from] Spikes
|turn|9
|
|t:|1743117408
|switch|p2a: Jellicent|Jellicent, M|80/100
|move|p1a: Keldeo|Hydro Pump|p2a: Jellicent
|-heal|p2a: Jellicent|100/100|[from] ability: Water Absorb|[of] p1a: Keldeo
|
|-weather|Sandstorm|[upkeep]
|-damage|p1a: Keldeo|76/100|[from] Sandstorm
|-damage|p2a: Jellicent|94/100|[from] Sandstorm
|upkeep
|turn|10
|
|t:|1743117416
|switch|p1a: Celebi|Celebi|36/100
|-damage|p1a: Celebi|24/100|[from] Stealth Rock
|-damage|p1a: Celebi|12/100|[from] Spikes
|move|p2a: Jellicent|Night Shade|p1a: Celebi
|-damage|p1a: Celebi|0 fnt
|faint|p1a: Celebi
|
|-weather|Sandstorm|[upkeep]
|-damage|p2a: Jellicent|88/100|[from] Sandstorm
|upkeep
|
|t:|1743117431
|switch|p1a: Metagross|Metagross|100/100
|-damage|p1a: Metagross|94/100|[from] Stealth Rock
|-damage|p1a: Metagross|82/100|[from] Spikes
|turn|11
|
|t:|1743117436
|move|p2a: Jellicent|Will-O-Wisp|p1a: Metagross|[miss]
|-miss|p2a: Jellicent|p1a: Metagross
|move|p1a: Metagross|Pursuit|p2a: Jellicent
|-supereffective|p2a: Jellicent
|-damage|p2a: Jellicent|46/100
|
|-weather|Sandstorm|[upkeep]
|-damage|p2a: Jellicent|39/100|[from] Sandstorm
|upkeep
|turn|12
|
|t:|1743117444
|switch|p1a: Keldeo|Keldeo|76/100
|-damage|p1a: Keldeo|70/100|[from] Stealth Rock
|-damage|p1a: Keldeo|57/100|[from] Spikes
|move|p2a: Jellicent|Will-O-Wisp|p1a: Keldeo|[miss]
|-miss|p2a: Jellicent|p1a: Keldeo
|
|-weather|Sandstorm|[upkeep]
|-damage|p1a: Keldeo|51/100|[from] Sandstorm
|-damage|p2a: Jellicent|33/100|[from] Sandstorm
|upkeep
|turn|13
|
|t:|1743117461
|switch|p2a: Skarmory|Skarmory, M|100/100
|move|p1a: Keldeo|Hidden Power|p2a: Skarmory
|-supereffective|p2a: Skarmory
|-crit|p2a: Skarmory
|-ability|p2a: Skarmory|Sturdy
|-damage|p2a: Skarmory|1/100
|
|-weather|Sandstorm|[upkeep]
|-damage|p1a: Keldeo|45/100|[from] Sandstorm
|upkeep
|turn|14
|-enditem|p2a: Skarmory|Custap Berry|[eat]
|-activate|p2a: Skarmory|item: Custap Berry|[consumed]
|
|t:|1743117470
|move|p2a: Skarmory|Brave Bird|p1a: Keldeo
|-supereffective|p1a: Keldeo
|-damage|p1a: Keldeo|0 fnt
|faint|p1a: Keldeo
|-damage|p2a: Skarmory|0 fnt|[from] Recoil
|faint|p2a: Skarmory
|
|-weather|Sandstorm|[upkeep]
|upkeep
|
|t:|1743117488
|switch|p1a: Donphan|Donphan, M|100/100
|switch|p2a: Alakazam|Alakazam, F|100/100
|-damage|p1a: Donphan|94/100|[from] Stealth Rock
|-damage|p1a: Donphan|82/100|[from] Spikes
|turn|15
|
|t:|1743117495
|move|p2a: Alakazam|Grass Knot|p1a: Donphan
|-supereffective|p1a: Donphan
|-damage|p1a: Donphan|0 fnt
|faint|p1a: Donphan
|
|-weather|Sandstorm|[upkeep]
|upkeep
|
|t:|1743117502
|switch|p1a: Dragonite|Dragonite, M|100/100
|-damage|p1a: Dragonite|76/100|[from] Stealth Rock
|turn|16
|
|t:|1743117506
|move|p2a: Alakazam|Psychic|p1a: Dragonite
|-damage|p1a: Dragonite|15/100
|move|p1a: Dragonite|Dragon Dance|p1a: Dragonite
|-boost|p1a: Dragonite|atk|1
|-boost|p1a: Dragonite|spe|1
|
|-weather|Sandstorm|[upkeep]
|-damage|p1a: Dragonite|9/100|[from] Sandstorm
|-heal|p1a: Dragonite|15/100|[from] item: Leftovers
|upkeep
|turn|17
|-message|ChrisCross1990 forfeited.
|
|win|Xalvadore
|raw|ChrisCross1990's rating: 1323 &rarr; <strong>1304</strong><br />(-19 for losing)
|raw|Xalvadore's rating: 1336 &rarr; <strong>1355</strong><br />(+19 for winning)
|l|☆ChrisCross1990
|player|p1|
|c|☆Xalvadore|gg
