|j|☆Gh0st of Perdition
|j|☆GinAntonic
|player|p1|Gh0st of Perdition|pokefanf-gen4|1539
|player|p2|GinAntonic|ninjaboy|1324
|teamsize|p1|6
|teamsize|p2|6
|gametype|singles
|gen|5
|tier|[Gen 5] OU
|rated|
|clearpoke
|poke|p1|Mamoswine, M|item
|poke|p1|Tyranitar, F|item
|poke|p1|Amoonguss, F|item
|poke|p1|Excadrill, M|item
|poke|p1|Rotom-Wash|item
|poke|p1|Garchomp, F|item
|poke|p2|Politoed, F|item
|poke|p2|Dragonite, M|item
|poke|p2|Thundurus-Therian, M|item
|poke|p2|Tentacruel, M|item
|poke|p2|Ferrothorn, F|item
|poke|p2|Toxicroak, F|item
|rule|Species Clause: Limit one of each Pokémon
|rule|OHKO Clause: OHKO moves are banned
|rule|Moody Clause: Moody is banned
|rule|Evasion Moves Clause: Evasion moves are banned
|rule|Endless Battle Clause: Forcing endless battles is banned
|rule|HP Percentage Mod: HP is shown in percentages
|rule|Evasion Abilities Clause: Evasion abilities are banned
|rule|Baton Pass Clause: Limit one Baton Passer, can't pass Spe and other stats simultaneously
|rule|Sleep Clause: Sleep-inducing moves are banned
|rule|Swagger Clause: Swagger is banned
|teampreview
|
|start
|switch|p1a: Rotom|Rotom-Wash|100/100
|switch|p2a: Politoed|Politoed, F|100/100
|-weather|RainDance|[from] ability: Drizzle|[of] p2a: Politoed
|turn|1
|
|switch|p2a: Thundurus|Thundurus-Therian, M|100/100
|move|p1a: Rotom|Will-O-Wisp|p2a: Thundurus
|-status|p2a: Thundurus|brn
|
|-weather|RainDance|[upkeep]
|-damage|p2a: Thundurus|88/100 brn|[from] brn
|upkeep
|turn|2
|
|switch|p1a: Amoonguss|Amoonguss, F|100/100
|move|p2a: Thundurus|Psychic|p1a: Amoonguss
|-supereffective|p1a: Amoonguss
|-damage|p1a: Amoonguss|47/100
|
|-weather|RainDance|[upkeep]
|-heal|p1a: Amoonguss|53/100|[from] item: Black Sludge
|-damage|p2a: Thundurus|76/100 brn|[from] brn
|upkeep
|turn|3
|
|switch|p1a: Tyranitar|Tyranitar, F|100/100
|-weather|Sandstorm|[from] ability: Sand Stream|[of] p1a: Tyranitar
|move|p2a: Thundurus|Psychic|p1a: Tyranitar
|-immune|p1a: Tyranitar
|
|-weather|Sandstorm|[upkeep]
|-damage|p2a: Thundurus|70/100 brn|[from] Sandstorm
|-damage|p2a: Thundurus|57/100 brn|[from] brn
|upkeep
|turn|4
|
|-activate|p2a: Thundurus|move: Pursuit
|move|p1a: Tyranitar|Pursuit|p2a: Thundurus|[from]Pursuit
|-damage|p2a: Thundurus|0 fnt
|-hint|A Pokemon can't switch between when it runs out of HP and when it faints
|faint|p2a: Thundurus
|
|-weather|Sandstorm|[upkeep]
|upkeep
|
|switch|p2a: Politoed|Politoed, F|100/100
|-weather|RainDance|[from] ability: Drizzle|[of] p2a: Politoed
|turn|5
|
|switch|p1a: Amoonguss|Amoonguss, F|86/100
|move|p2a: Politoed|Focus Blast|p1a: Amoonguss
|-resisted|p1a: Amoonguss
|-damage|p1a: Amoonguss|74/100
|
|-weather|RainDance|[upkeep]
|-heal|p1a: Amoonguss|81/100|[from] item: Black Sludge
|upkeep
|turn|6
|
|switch|p2a: Ferrothorn|Ferrothorn, F|100/100
|switch|p1a: Tyranitar|Tyranitar, F|100/100
|-weather|Sandstorm|[from] ability: Sand Stream|[of] p1a: Tyranitar
|
|-weather|Sandstorm|[upkeep]
|upkeep
|turn|7
|
|move|p1a: Tyranitar|Fire Blast|p2a: Ferrothorn
|-supereffective|p2a: Ferrothorn
|-damage|p2a: Ferrothorn|20/100
|move|p2a: Ferrothorn|Power Whip|p1a: Tyranitar
|-supereffective|p1a: Tyranitar
|-damage|p1a: Tyranitar|37/100
|
|-weather|Sandstorm|[upkeep]
|upkeep
|turn|8
|
|move|p1a: Tyranitar|Earthquake|p2a: Ferrothorn
|-damage|p2a: Ferrothorn|0 fnt
|faint|p2a: Ferrothorn
|
|-weather|Sandstorm|[upkeep]
|upkeep
|
|switch|p2a: Politoed|Politoed, F|100/100
|-weather|RainDance|[from] ability: Drizzle|[of] p2a: Politoed
|turn|9
|
|switch|p1a: Rotom|Rotom-Wash|100/100
|move|p2a: Politoed|Surf|p1a: Rotom
|-resisted|p1a: Rotom
|-damage|p1a: Rotom|77/100
|
|-weather|RainDance|[upkeep]
|-heal|p1a: Rotom|83/100|[from] item: Leftovers
|upkeep
|turn|10
|
|switch|p2a: Tentacruel|Tentacruel, M|100/100
|move|p1a: Rotom|Volt Switch|p2a: Tentacruel
|-supereffective|p2a: Tentacruel
|-damage|p2a: Tentacruel|70/100
|
|switch|p1a: Garchomp|Garchomp, F|100/100|[from]move: Volt Switch
|
|-weather|RainDance|[upkeep]
|-heal|p2a: Tentacruel|76/100|[from] ability: Rain Dish
|-heal|p2a: Tentacruel|82/100|[from] item: Black Sludge
|upkeep
|turn|11
|
|move|p2a: Tentacruel|Protect|p2a: Tentacruel
|-singleturn|p2a: Tentacruel|Protect
|move|p1a: Garchomp|Stealth Rock|p2a: Tentacruel
|-sidestart|p2: GinAntonic|move: Stealth Rock
|
|-weather|RainDance|[upkeep]
|-heal|p2a: Tentacruel|88/100|[from] ability: Rain Dish
|-heal|p2a: Tentacruel|94/100|[from] item: Black Sludge
|upkeep
|turn|12
|
|move|p1a: Garchomp|Earthquake|p2a: Tentacruel
|-supereffective|p2a: Tentacruel
|-damage|p2a: Tentacruel|0 fnt
|-damage|p1a: Garchomp|91/100|[from] item: Life Orb
|faint|p2a: Tentacruel
|
|-weather|RainDance|[upkeep]
|upkeep
|-message|GinAntonic forfeited.
|
|win|Gh0st of Perdition
|l|☆GinAntonic
|raw|Gh0st of Perdition's rating: 1539 &rarr; <strong>1548</strong><br />(+9 for winning)
|raw|GinAntonic's rating: 1324 &rarr; <strong>1315</strong><br />(-9 for losing)
