|uhtml|medal-msg|<div class="broadcast-blue">Curious what those medals under the avatar are? PS now has Ladder Seasons! For more information, check out the <a href="https://www.smogon.com/forums/threads/3740067/">thread on Smogon.</a></div>
|uhtml|medal-msg|<div class="broadcast-blue">Curious what those medals under the avatar are? PS now has Ladder Seasons! For more information, check out the <a href="https://www.smogon.com/forums/threads/3740067/">thread on Smogon.</a></div>
|j|☆torinoko city
|j|☆repinho2711
|t:|1712893720
|gametype|singles
|player|p1|torinoko city|miku-flying|1527
|player|p2|repinho2711|ethan|1456
|teamsize|p1|6
|teamsize|p2|6
|gen|5
|tier|[Gen 5] OU
|rated|
|rule|Species Clause: Limit one of each Pokémon
|rule|OHKO Clause: OHKO moves are banned
|rule|Moody Clause: Moody is banned
|rule|Evasion Items Clause: Evasion items are banned
|rule|Evasion Moves Clause: Evasion moves are banned
|rule|Endless Battle Clause: Forcing endless battles is banned
|rule|HP Percentage Mod: HP is shown in percentages
|rule|Evasion Abilities Clause: Evasion abilities are banned
|rule|Sleep Moves Clause: Sleep-inducing moves are banned
|rule|Swagger Clause: Swagger is banned
|rule|Baton Pass Stat Clause: No Baton Passer may have a way to boost its stats
|clearpoke
|poke|p1|Abomasnow, M|item
|poke|p1|Forretress, M|item
|poke|p1|Blissey, F|item
|poke|p1|Gliscor, F|item
|poke|p1|Latios, M|item
|poke|p1|Reuniclus, M|item
|poke|p2|Scizor, M|item
|poke|p2|Donphan, M|item
|poke|p2|Milotic, M|item
|poke|p2|Dragonite, M|item
|poke|p2|Virizion|item
|poke|p2|Gengar, M|item
|teampreview
|inactive|Battle timer is ON: inactive players will automatically lose when time's up. (requested by torinoko city)
|
|t:|1712893731
|start
|switch|p1a: Gliscor|Gliscor, F|100/100
|switch|p2a: Gengar|Gengar, M|100/100
|turn|1
|
|t:|1712893737
|move|p1a: Gliscor|Protect|p1a: Gliscor
|-singleturn|p1a: Gliscor|Protect
|move|p2a: Gengar|Will-O-Wisp|p1a: Gliscor
|-activate|p1a: Gliscor|move: Protect
|
|-status|p1a: Gliscor|tox|[from] item: Toxic Orb
|upkeep
|turn|2
|
|t:|1712893747
|switch|p1a: Blissey|Blissey, F|100/100
|move|p2a: Gengar|Will-O-Wisp|p1a: Blissey|[miss]
|-miss|p2a: Gengar|p1a: Blissey
|
|upkeep
|turn|3
|
|t:|1712893753
|switch|p1a: Gliscor|Gliscor, F|100/100 tox
|move|p2a: Gengar|Taunt|p1a: Gliscor
|-start|p1a: Gliscor|move: Taunt
|
|upkeep
|turn|4
|
|t:|1712893761
|switch|p1a: Abomasnow|Abomasnow, M|100/100
|-weather|Hail|[from] ability: Snow Warning|[of] p1a: Abomasnow
|move|p2a: Gengar|Shadow Ball|p1a: Abomasnow
|-damage|p1a: Abomasnow|40/100
|-damage|p2a: Gengar|91/100|[from] item: Life Orb
|
|-weather|Hail|[upkeep]
|-damage|p2a: Gengar|84/100|[from] Hail
|-heal|p1a: Abomasnow|46/100|[from] item: Leftovers
|upkeep
|turn|5
|
|t:|1712893774
|switch|p1a: Blissey|Blissey, F|100/100
|move|p2a: Gengar|Shadow Ball|p1a: Blissey
|-immune|p1a: Blissey
|
|-weather|Hail|[upkeep]
|-damage|p2a: Gengar|78/100|[from] Hail
|-damage|p1a: Blissey|94/100|[from] Hail
|-heal|p1a: Blissey|100/100|[from] item: Leftovers
|upkeep
|turn|6
|j| Neighthan Trainer
|
|t:|1712893784
|move|p2a: Gengar|Taunt|p1a: Blissey
|-start|p1a: Blissey|move: Taunt
|move|p1a: Blissey|Seismic Toss|p2a: Gengar
|-immune|p2a: Gengar
|
|-weather|Hail|[upkeep]
|-damage|p2a: Gengar|72/100|[from] Hail
|-damage|p1a: Blissey|94/100|[from] Hail
|-heal|p1a: Blissey|100/100|[from] item: Leftovers
|upkeep
|turn|7
|
|t:|1712893795
|switch|p1a: Reuniclus|Reuniclus, M|100/100
|move|p2a: Gengar|Will-O-Wisp|p1a: Reuniclus
|-status|p1a: Reuniclus|brn
|
|-weather|Hail|[upkeep]
|-damage|p2a: Gengar|66/100|[from] Hail
|upkeep
|turn|8
|
|t:|1712893803
|switch|p2a: Donphan|Donphan, M|100/100
|switch|p1a: Forretress|Forretress, M|100/100
|
|-weather|Hail|[upkeep]
|-damage|p2a: Donphan|94/100|[from] Hail
|-damage|p1a: Forretress|94/100|[from] Hail
|-heal|p2a: Donphan|100/100|[from] item: Leftovers
|-heal|p1a: Forretress|100/100|[from] item: Leftovers
|upkeep
|turn|9
|
|t:|1712893814
|move|p2a: Donphan|Earthquake|p1a: Forretress
|-crit|p1a: Forretress
|-damage|p1a: Forretress|50/100
|move|p1a: Forretress|Spikes|p2a: Donphan
|-sidestart|p2: repinho2711|Spikes
|
|-weather|Hail|[upkeep]
|-damage|p2a: Donphan|94/100|[from] Hail
|-damage|p1a: Forretress|44/100|[from] Hail
|-heal|p2a: Donphan|100/100|[from] item: Leftovers
|-heal|p1a: Forretress|50/100|[from] item: Leftovers
|upkeep
|turn|10
|
|t:|1712893826
|switch|p2a: Gengar|Gengar, M|66/100
|switch|p1a: Latios|Latios, M|100/100
|
|-weather|Hail|[upkeep]
|-damage|p1a: Latios|95/100|[from] Hail
|-damage|p2a: Gengar|60/100|[from] Hail
|upkeep
|turn|11
|
|t:|1712893835
|switch|p1a: Blissey|Blissey, F|100/100
|move|p2a: Gengar|Shadow Ball|p1a: Blissey
|-immune|p1a: Blissey
|
|-weather|Hail|[upkeep]
|-damage|p2a: Gengar|54/100|[from] Hail
|-damage|p1a: Blissey|94/100|[from] Hail
|-heal|p1a: Blissey|100/100|[from] item: Leftovers
|upkeep
|turn|12
|
|t:|1712893845
|move|p2a: Gengar|Will-O-Wisp|p1a: Blissey
|-status|p1a: Blissey|brn
|move|p1a: Blissey|Wish|p1a: Blissey
|
|-weather|Hail|[upkeep]
|-damage|p2a: Gengar|48/100|[from] Hail
|-damage|p1a: Blissey|94/100 brn|[from] Hail
|-heal|p1a: Blissey|100/100 brn|[from] item: Leftovers
|-damage|p1a: Blissey|88/100 brn|[from] brn
|upkeep
|turn|13
|
|t:|1712893856
|-curestatus|p1a: Blissey|brn|[from] ability: Natural Cure
|switch|p1a: Forretress|Forretress, M|50/100
|move|p2a: Gengar|Shadow Ball|p1a: Forretress
|-resisted|p1a: Forretress
|-damage|p1a: Forretress|11/100
|-damage|p2a: Gengar|38/100|[from] item: Life Orb
|
|-weather|Hail|[upkeep]
|-damage|p2a: Gengar|32/100|[from] Hail
|-damage|p1a: Forretress|5/100|[from] Hail
|-heal|p1a: Forretress|100/100|[from] move: Wish|[wisher] Blissey
|upkeep
|turn|14
|
|t:|1712893869
|switch|p1a: Blissey|Blissey, F|88/100
|move|p2a: Gengar|Will-O-Wisp|p1a: Blissey
|-status|p1a: Blissey|brn
|
|-weather|Hail|[upkeep]
|-damage|p2a: Gengar|25/100|[from] Hail
|-damage|p1a: Blissey|82/100 brn|[from] Hail
|-heal|p1a: Blissey|88/100 brn|[from] item: Leftovers
|-damage|p1a: Blissey|76/100 brn|[from] brn
|upkeep
|turn|15
|
|t:|1712893880
|-curestatus|p1a: Blissey|brn|[from] ability: Natural Cure
|switch|p1a: Forretress|Forretress, M|100/100
|move|p2a: Gengar|Taunt|p1a: Forretress
|-start|p1a: Forretress|move: Taunt
|
|-weather|Hail|[upkeep]
|-damage|p2a: Gengar|19/100|[from] Hail
|-damage|p1a: Forretress|94/100|[from] Hail
|-heal|p1a: Forretress|100/100|[from] item: Leftovers
|upkeep
|turn|16
|
|t:|1712893891
|switch|p1a: Reuniclus|Reuniclus, M|100/100 brn
|move|p2a: Gengar|Will-O-Wisp|p1a: Reuniclus
|-fail|p1a: Reuniclus|brn
|
|-weather|Hail|[upkeep]
|-damage|p2a: Gengar|13/100|[from] Hail
|upkeep
|turn|17
|-message|repinho2711 forfeited.
|
|win|torinoko city
|raw|torinoko city's rating: 1527 &rarr; <strong>1543</strong><br />(+16 for winning)
|raw|repinho2711's rating: 1456 &rarr; <strong>1440</strong><br />(-16 for losing)
|l|☆repinho2711
|player|p2|
