|j|☆bwc candyland
|j|☆Laone.L.ous
|t:|1714445419
|gametype|singles
|player|p1|bwc candyland|#splxvwolfpack2|1468
|player|p2|Laone.L.ous|1|1354
|teamsize|p1|6
|teamsize|p2|6
|gen|5
|tier|[Gen 5] OU
|rated|
|rule|Species Clause: Limit one of each Pokémon
|rule|OHKO Clause: OHKO moves are banned
|rule|Moody Clause: Moody is banned
|rule|Evasion Items Clause: Evasion items are banned
|rule|Evasion Moves Clause: Evasion moves are banned
|rule|Endless Battle Clause: Forcing endless battles is banned
|rule|HP Percentage Mod: HP is shown in percentages
|rule|Evasion Abilities Clause: Evasion abilities are banned
|rule|Sleep Moves Clause: Sleep-inducing moves are banned
|rule|Swagger Clause: Swagger is banned
|rule|Baton Pass Stat Clause: No Baton Passer may have a way to boost its stats
|clearpoke
|poke|p1|Hippowdon, M|item
|poke|p1|Slowbro, M|item
|poke|p1|Xatu, M|item
|poke|p1|Excadrill, F|item
|poke|p1|Blissey, F|item
|poke|p1|Ditto|item
|poke|p2|Mew|item
|poke|p2|Volcarona, F|item
|poke|p2|Scizor, F|item
|poke|p2|Starmie|item
|poke|p2|Ditto|item
|poke|p2|Dragonite, F|item
|teampreview
|inactive|Battle timer is ON: inactive players will automatically lose when time's up. (requested by Laone.L.ous)
|
|t:|1714445425
|start
|switch|p1a: Ditto|Ditto|100/100
|switch|p2a: Scizor|Scizor, F|100/100
|-transform|p1a: Ditto|p2a: Scizor|[from] ability: Imposter
|turn|1
|
|t:|1714445429
|move|p1a: Ditto|U-turn|p2a: Scizor
|-resisted|p2a: Scizor
|-damage|p2a: Scizor|78/100
|
|t:|1714445432
|switch|p1a: Hippowdon|Hippowdon, M|100/100|[from] U-turn
|-weather|Sandstorm|[from] ability: Sand Stream|[of] p1a: Hippowdon
|move|p2a: Scizor|U-turn|p1a: Hippowdon
|-damage|p1a: Hippowdon|63/100
|
|t:|1714445448
|switch|p2a: Mew|Mew|100/100|[from] U-turn
|
|-weather|Sandstorm|[upkeep]
|-damage|p2a: Mew|94/100|[from] Sandstorm
|-heal|p2a: Mew|100/100|[from] item: Leftovers
|-heal|p1a: Hippowdon|70/100|[from] item: Leftovers
|upkeep
|turn|2
|
|t:|1714445452
|switch|p1a: Xatu|Xatu, M|100/100
|move|p2a: Mew|Taunt|p1a: Xatu
|move|p1a: Xatu|Taunt|p2a: Mew|[from]ability: Magic Bounce
|-start|p2a: Mew|move: Taunt
|
|-weather|Sandstorm|[upkeep]
|-damage|p2a: Mew|94/100|[from] Sandstorm
|-damage|p1a: Xatu|94/100|[from] Sandstorm
|-heal|p2a: Mew|100/100|[from] item: Leftovers
|-heal|p1a: Xatu|100/100|[from] item: Leftovers
|upkeep
|turn|3
|
|t:|1714445459
|switch|p2a: Ditto|Ditto, shiny|100/100
|-transform|p2a: Ditto|p1a: Xatu|[from] ability: Imposter
|move|p1a: Xatu|Reflect|p1a: Xatu
|-sidestart|p1: bwc candyland|Reflect
|
|-weather|Sandstorm|[upkeep]
|-damage|p2a: Ditto|94/100|[from] Sandstorm
|-damage|p1a: Xatu|94/100|[from] Sandstorm
|-heal|p1a: Xatu|100/100|[from] item: Leftovers
|upkeep
|turn|4
|
|t:|1714445465
|move|p2a: Ditto|Reflect|p2a: Ditto
|-sidestart|p2: Laone.L.ous|Reflect
|move|p1a: Xatu|U-turn|p2a: Ditto
|-damage|p2a: Ditto|87/100
|
|t:|1714445471
|switch|p1a: Hippowdon|Hippowdon, M|70/100|[from] U-turn
|
|-weather|Sandstorm|[upkeep]
|-damage|p2a: Ditto|81/100|[from] Sandstorm
|-heal|p1a: Hippowdon|76/100|[from] item: Leftovers
|upkeep
|turn|5
|-activate|p2a: Ditto|item: Quick Claw
|
|t:|1714445481
|switch|p1a: Xatu|Xatu, M|100/100
|move|p2a: Ditto|Roost|p2a: Ditto
|-heal|p2a: Ditto|100/100
|-singleturn|p2a: Ditto|move: Roost
|
|-weather|Sandstorm|[upkeep]
|-damage|p2a: Ditto|94/100|[from] Sandstorm
|-damage|p1a: Xatu|94/100|[from] Sandstorm
|-heal|p1a: Xatu|100/100|[from] item: Leftovers
|upkeep
|turn|6
|
|t:|1714445488
|move|p2a: Ditto|U-turn|p1a: Xatu
|-damage|p1a: Xatu|94/100
|
|t:|1714445492
|switch|p2a: Scizor|Scizor, F|78/100|[from] U-turn
|move|p1a: Xatu|U-turn|p2a: Scizor
|-resisted|p2a: Scizor
|-damage|p2a: Scizor|75/100
|
|t:|1714445496
|switch|p1a: Hippowdon|Hippowdon, M|76/100|[from] U-turn
|
|-weather|Sandstorm|[upkeep]
|-heal|p1a: Hippowdon|82/100|[from] item: Leftovers
|upkeep
|turn|7
|
|t:|1714445500
|move|p2a: Scizor|U-turn|p1a: Hippowdon
|-damage|p1a: Hippowdon|65/100
|
|t:|1714445504
|switch|p2a: Starmie|Starmie, shiny|100/100|[from] U-turn
|move|p1a: Hippowdon|Stealth Rock|p2a: Starmie
|-sidestart|p2: Laone.L.ous|move: Stealth Rock
|
|-weather|Sandstorm|[upkeep]
|-damage|p2a: Starmie|95/100|[from] Sandstorm
|-heal|p2a: Starmie|100/100|[from] item: Leftovers
|-heal|p1a: Hippowdon|71/100|[from] item: Leftovers
|-sideend|p1: bwc candyland|Reflect
|upkeep
|turn|8
|
|t:|1714445509
|switch|p1a: Blissey|Blissey, F|100/100
|move|p2a: Starmie|Scald|p1a: Blissey
|-damage|p1a: Blissey|90/100
|-status|p1a: Blissey|brn
|
|-weather|Sandstorm|[upkeep]
|-damage|p2a: Starmie|95/100|[from] Sandstorm
|-damage|p1a: Blissey|84/100 brn|[from] Sandstorm
|-heal|p2a: Starmie|100/100|[from] item: Leftovers
|-heal|p1a: Blissey|90/100 brn|[from] item: Leftovers
|-damage|p1a: Blissey|77/100 brn|[from] brn
|-sideend|p2: Laone.L.ous|Reflect
|upkeep
|turn|9
|
|t:|1714445513
|move|p2a: Starmie|Rapid Spin|p1a: Blissey
|-damage|p1a: Blissey|75/100 brn
|-sideend|p2: Laone.L.ous|Stealth Rock|[from] move: Rapid Spin|[of] p2a: Starmie
|move|p1a: Blissey|Thunder Wave|p2a: Starmie
|-status|p2a: Starmie|par
|
|-weather|Sandstorm|[upkeep]
|-damage|p1a: Blissey|69/100 brn|[from] Sandstorm
|-damage|p2a: Starmie|95/100 par|[from] Sandstorm
|-heal|p1a: Blissey|75/100 brn|[from] item: Leftovers
|-heal|p2a: Starmie|100/100 par|[from] item: Leftovers
|-damage|p1a: Blissey|63/100 brn|[from] brn
|upkeep
|turn|10
|
|t:|1714445520
|-curestatus|p1a: Blissey|brn|[from] ability: Natural Cure
|switch|p1a: Slowbro|Slowbro, M|100/100
|-curestatus|p2a: Starmie|par|[from] ability: Natural Cure
|switch|p2a: Mew|Mew|100/100
|
|-weather|Sandstorm|[upkeep]
|-damage|p2a: Mew|94/100|[from] Sandstorm
|-damage|p1a: Slowbro|94/100|[from] Sandstorm
|-heal|p2a: Mew|100/100|[from] item: Leftovers
|upkeep
|turn|11
|
|t:|1714445524
|switch|p2a: Scizor|Scizor, F|75/100
|switch|p1a: Xatu|Xatu, M|94/100
|
|-weather|Sandstorm|[upkeep]
|-damage|p1a: Xatu|88/100|[from] Sandstorm
|-heal|p1a: Xatu|94/100|[from] item: Leftovers
|upkeep
|turn|12
|
|t:|1714445530
|move|p1a: Xatu|Reflect|p1a: Xatu
|-sidestart|p1: bwc candyland|Reflect
|move|p2a: Scizor|Pursuit|p1a: Xatu
|-supereffective|p1a: Xatu
|-damage|p1a: Xatu|59/100
|
|-weather|Sandstorm|[upkeep]
|-damage|p1a: Xatu|53/100|[from] Sandstorm
|-heal|p1a: Xatu|59/100|[from] item: Leftovers
|upkeep
|turn|13
|
|t:|1714445535
|move|p1a: Xatu|Night Shade|p2a: Scizor
|-damage|p2a: Scizor|45/100
|move|p2a: Scizor|Pursuit|p1a: Xatu
|-supereffective|p1a: Xatu
|-damage|p1a: Xatu|27/100
|
|-weather|Sandstorm|[upkeep]
|-damage|p1a: Xatu|21/100|[from] Sandstorm
|-heal|p1a: Xatu|27/100|[from] item: Leftovers
|upkeep
|turn|14
|
|t:|1714445538
|move|p1a: Xatu|Roost|p1a: Xatu
|-heal|p1a: Xatu|77/100
|-singleturn|p1a: Xatu|move: Roost
|move|p2a: Scizor|Pursuit|p1a: Xatu
|-supereffective|p1a: Xatu
|-damage|p1a: Xatu|45/100
|
|-weather|Sandstorm|[upkeep]
|-damage|p1a: Xatu|39/100|[from] Sandstorm
|-heal|p1a: Xatu|45/100|[from] item: Leftovers
|upkeep
|turn|15
|
|t:|1714445542
|move|p1a: Xatu|Night Shade|p2a: Scizor
|-damage|p2a: Scizor|15/100
|move|p2a: Scizor|Pursuit|p1a: Xatu
|-supereffective|p1a: Xatu
|-damage|p1a: Xatu|11/100
|
|-weather|Sandstorm|[upkeep]
|-damage|p1a: Xatu|5/100|[from] Sandstorm
|-heal|p1a: Xatu|11/100|[from] item: Leftovers
|upkeep
|turn|16
|
|t:|1714445544
|move|p1a: Xatu|Roost|p1a: Xatu
|-heal|p1a: Xatu|61/100
|-singleturn|p1a: Xatu|move: Roost
|move|p2a: Scizor|Pursuit|p1a: Xatu
|-supereffective|p1a: Xatu
|-damage|p1a: Xatu|30/100
|
|-weather|Sandstorm|[upkeep]
|-damage|p1a: Xatu|24/100|[from] Sandstorm
|-heal|p1a: Xatu|30/100|[from] item: Leftovers
|-sideend|p1: bwc candyland|Reflect
|upkeep
|turn|17
|
|t:|1714445549
|switch|p2a: Ditto|Ditto, shiny|94/100
|-transform|p2a: Ditto|p1a: Xatu|[from] ability: Imposter
|move|p1a: Xatu|Roost|p1a: Xatu
|-heal|p1a: Xatu|80/100
|-singleturn|p1a: Xatu|move: Roost
|
|-weather|Sandstorm|[upkeep]
|-damage|p1a: Xatu|74/100|[from] Sandstorm
|-damage|p2a: Ditto|88/100|[from] Sandstorm
|-heal|p1a: Xatu|80/100|[from] item: Leftovers
|upkeep
|turn|18
|-activate|p2a: Ditto|item: Quick Claw
|
|t:|1714445556
|move|p2a: Ditto|Night Shade|p1a: Xatu
|-damage|p1a: Xatu|50/100
|move|p1a: Xatu|Reflect|p1a: Xatu
|-sidestart|p1: bwc candyland|Reflect
|
|-weather|Sandstorm|[upkeep]
|-damage|p2a: Ditto|82/100|[from] Sandstorm
|-damage|p1a: Xatu|44/100|[from] Sandstorm
|-heal|p1a: Xatu|50/100|[from] item: Leftovers
|upkeep
|turn|19
|
|t:|1714445561
|move|p1a: Xatu|Roost|p1a: Xatu
|-heal|p1a: Xatu|99/100
|-singleturn|p1a: Xatu|move: Roost
|move|p2a: Ditto|Reflect|p2a: Ditto
|-sidestart|p2: Laone.L.ous|Reflect
|
|-weather|Sandstorm|[upkeep]
|-damage|p2a: Ditto|76/100|[from] Sandstorm
|-damage|p1a: Xatu|94/100|[from] Sandstorm
|-heal|p1a: Xatu|99/100|[from] item: Leftovers
|upkeep
|turn|20
|
|t:|1714445563
|move|p1a: Xatu|U-turn|p2a: Ditto
|-damage|p2a: Ditto|70/100
|
|t:|1714445565
|switch|p1a: Slowbro|Slowbro, M|100/100|[from] U-turn
|move|p2a: Ditto|U-turn|p1a: Slowbro
|-supereffective|p1a: Slowbro
|-damage|p1a: Slowbro|92/100
|-damage|p2a: Ditto|53/100|[from] item: Rocky Helmet|[of] p1a: Slowbro
|
|t:|1714445569
|switch|p2a: Scizor|Scizor, F|15/100|[from] U-turn
|
|-weather|Sandstorm|[upkeep]
|-damage|p1a: Slowbro|86/100|[from] Sandstorm
|upkeep
|turn|21
|
|t:|1714445571
|move|p2a: Scizor|U-turn|p1a: Slowbro
|-supereffective|p1a: Slowbro
|-damage|p1a: Slowbro|52/100
|-damage|p2a: Scizor|0 fnt|[from] item: Rocky Helmet|[of] p1a: Slowbro
|faint|p2a: Scizor
|move|p1a: Slowbro|Scald|p2: Scizor|[notarget]
|-fail|p1a: Slowbro
|
|-weather|Sandstorm|[upkeep]
|-damage|p1a: Slowbro|46/100|[from] Sandstorm
|upkeep
|
|t:|1714445577
|switch|p2a: Volcarona|Volcarona, F, shiny|100/100
|turn|22
|
|t:|1714445580
|switch|p1a: Blissey|Blissey, F|63/100
|move|p2a: Volcarona|Quiver Dance|p2a: Volcarona
|-boost|p2a: Volcarona|spa|1
|-boost|p2a: Volcarona|spd|1
|-boost|p2a: Volcarona|spe|1
|
|-weather|Sandstorm|[upkeep]
|-damage|p2a: Volcarona|94/100|[from] Sandstorm
|-damage|p1a: Blissey|56/100|[from] Sandstorm
|-heal|p1a: Blissey|63/100|[from] item: Leftovers
|-sideend|p1: bwc candyland|Reflect
|upkeep
|turn|23
|
|t:|1714445586
|move|p2a: Volcarona|Fiery Dance|p1a: Blissey
|-damage|p1a: Blissey|35/100
|move|p1a: Blissey|Soft-Boiled|p1a: Blissey
|-heal|p1a: Blissey|85/100
|
|-weather|Sandstorm|[upkeep]
|-damage|p2a: Volcarona|88/100|[from] Sandstorm
|-damage|p1a: Blissey|79/100|[from] Sandstorm
|-heal|p1a: Blissey|85/100|[from] item: Leftovers
|-sideend|p2: Laone.L.ous|Reflect
|upkeep
|turn|24
|
|t:|1714445591
|move|p2a: Volcarona|Fiery Dance|p1a: Blissey
|-damage|p1a: Blissey|62/100
|-boost|p2a: Volcarona|spa|1
|move|p1a: Blissey|Thunder Wave|p2a: Volcarona
|-status|p2a: Volcarona|par
|-enditem|p2a: Volcarona|Lum Berry|[eat]
|-curestatus|p2a: Volcarona|par|[msg]
|
|-weather|Sandstorm|[upkeep]
|-damage|p2a: Volcarona|82/100|[from] Sandstorm
|-damage|p1a: Blissey|55/100|[from] Sandstorm
|-heal|p1a: Blissey|62/100|[from] item: Leftovers
|upkeep
|turn|25
|
|t:|1714445596
|move|p2a: Volcarona|Fiery Dance|p1a: Blissey
|-damage|p1a: Blissey|28/100
|-boost|p2a: Volcarona|spa|1
|move|p1a: Blissey|Thunder Wave|p2a: Volcarona
|-status|p2a: Volcarona|par
|
|-weather|Sandstorm|[upkeep]
|-damage|p1a: Blissey|22/100|[from] Sandstorm
|-damage|p2a: Volcarona|76/100 par|[from] Sandstorm
|-heal|p1a: Blissey|28/100|[from] item: Leftovers
|upkeep
|turn|26
|
|t:|1714445601
|move|p1a: Blissey|Soft-Boiled|p1a: Blissey
|-heal|p1a: Blissey|78/100
|move|p2a: Volcarona|Fiery Dance|p1a: Blissey
|-damage|p1a: Blissey|36/100
|-boost|p2a: Volcarona|spa|1
|
|-weather|Sandstorm|[upkeep]
|-damage|p1a: Blissey|30/100|[from] Sandstorm
|-damage|p2a: Volcarona|70/100 par|[from] Sandstorm
|-heal|p1a: Blissey|36/100|[from] item: Leftovers
|upkeep
|turn|27
|
|t:|1714445605
|move|p1a: Blissey|Soft-Boiled|p1a: Blissey
|-heal|p1a: Blissey|86/100
|cant|p2a: Volcarona|par
|
|-weather|Sandstorm|[upkeep]
|-damage|p1a: Blissey|80/100|[from] Sandstorm
|-damage|p2a: Volcarona|64/100 par|[from] Sandstorm
|-heal|p1a: Blissey|86/100|[from] item: Leftovers
|upkeep
|turn|28
|
|t:|1714445607
|move|p1a: Blissey|Flash|p2a: Volcarona
|-unboost|p2a: Volcarona|accuracy|1
|move|p2a: Volcarona|Fiery Dance|p1a: Blissey
|-crit|p1a: Blissey
|-damage|p1a: Blissey|0 fnt
|faint|p1a: Blissey
|
|-weather|Sandstorm|[upkeep]
|-damage|p2a: Volcarona|58/100 par|[from] Sandstorm
|upkeep
|
|t:|1714445612
|switch|p1a: Excadrill|Excadrill, F|100/100
|turn|29
|
|t:|1714445619
|move|p1a: Excadrill|Rock Slide|p2a: Volcarona
|-supereffective|p2a: Volcarona
|-crit|p2a: Volcarona
|-damage|p2a: Volcarona|0 fnt
|faint|p2a: Volcarona
|
|-weather|Sandstorm|[upkeep]
|upkeep
|
|t:|1714445622
|switch|p2a: Ditto|Ditto, shiny|53/100
|-transform|p2a: Ditto|p1a: Excadrill|[from] ability: Imposter
|turn|30
|-activate|p2a: Ditto|item: Quick Claw
|
|t:|1714445627
|switch|p1a: Slowbro|Slowbro, M|79/100
|move|p2a: Ditto|Rock Slide|p1a: Slowbro
|-damage|p1a: Slowbro|57/100
|
|-weather|Sandstorm|[upkeep]
|-damage|p1a: Slowbro|51/100|[from] Sandstorm
|upkeep
|turn|31
|
|t:|1714445635
|switch|p2a: Starmie|Starmie, shiny|100/100
|switch|p1a: Xatu|Xatu, M|99/100
|
|-weather|Sandstorm|[upkeep]
|-damage|p2a: Starmie|95/100|[from] Sandstorm
|-damage|p1a: Xatu|94/100|[from] Sandstorm
|-heal|p2a: Starmie|100/100|[from] item: Leftovers
|-heal|p1a: Xatu|99/100|[from] item: Leftovers
|upkeep
|turn|32
|
|t:|1714445641
|switch|p1a: Ditto|Ditto|100/100
|-transform|p1a: Ditto|p2a: Starmie|[from] ability: Imposter
|move|p2a: Starmie|Scald|p1a: Ditto
|-resisted|p1a: Ditto
|-damage|p1a: Ditto|81/100
|
|-weather|Sandstorm|[upkeep]
|-damage|p1a: Ditto|75/100|[from] Sandstorm
|-damage|p2a: Starmie|95/100|[from] Sandstorm
|-heal|p2a: Starmie|100/100|[from] item: Leftovers
|upkeep
|turn|33
|
|t:|1714445647
|switch|p1a: Slowbro|Slowbro, M|84/100
|move|p2a: Starmie|Thunder Wave|p1a: Slowbro
|-status|p1a: Slowbro|par
|
|-weather|Sandstorm|[upkeep]
|-damage|p2a: Starmie|95/100|[from] Sandstorm
|-damage|p1a: Slowbro|78/100 par|[from] Sandstorm
|-heal|p2a: Starmie|100/100|[from] item: Leftovers
|upkeep
|turn|34
|
|t:|1714445651
|switch|p2a: Ditto|Ditto, shiny|53/100
|-transform|p2a: Ditto|p1a: Slowbro|[from] ability: Imposter
|move|p1a: Slowbro|Scald|p2a: Ditto
|-resisted|p2a: Ditto
|-damage|p2a: Ditto|33/100
|
|-weather|Sandstorm|[upkeep]
|-damage|p2a: Ditto|27/100|[from] Sandstorm
|-damage|p1a: Slowbro|72/100 par|[from] Sandstorm
|upkeep
|turn|35
|
|t:|1714445658
|move|p2a: Ditto|Slack Off|p2a: Ditto
|-heal|p2a: Ditto|77/100
|cant|p1a: Slowbro|par
|
|-weather|Sandstorm|[upkeep]
|-damage|p2a: Ditto|71/100|[from] Sandstorm
|-damage|p1a: Slowbro|66/100 par|[from] Sandstorm
|upkeep
|turn|36
|
|t:|1714445665
|move|p2a: Ditto|Ice Beam|p1a: Slowbro
|-resisted|p1a: Slowbro
|-damage|p1a: Slowbro|53/100 par
|move|p1a: Slowbro|Scald|p2a: Ditto
|-resisted|p2a: Ditto
|-damage|p2a: Ditto|52/100
|
|-weather|Sandstorm|[upkeep]
|-damage|p2a: Ditto|46/100|[from] Sandstorm
|-damage|p1a: Slowbro|47/100 par|[from] Sandstorm
|upkeep
|turn|37
|
|t:|1714445671
|move|p2a: Ditto|Slack Off|p2a: Ditto
|-heal|p2a: Ditto|96/100
|cant|p1a: Slowbro|par
|
|-weather|Sandstorm|[upkeep]
|-damage|p2a: Ditto|90/100|[from] Sandstorm
|-damage|p1a: Slowbro|41/100 par|[from] Sandstorm
|upkeep
|turn|38
|
|t:|1714445678
|switch|p2a: Mew|Mew|100/100
|move|p1a: Slowbro|Slack Off|p1a: Slowbro
|-heal|p1a: Slowbro|91/100 par
|
|-weather|Sandstorm|[upkeep]
|-damage|p2a: Mew|94/100|[from] Sandstorm
|-damage|p1a: Slowbro|85/100 par|[from] Sandstorm
|-heal|p2a: Mew|100/100|[from] item: Leftovers
|upkeep
|turn|39
|
|t:|1714445684
|switch|p1a: Xatu|Xatu, M|99/100
|move|p2a: Mew|Taunt|p1a: Xatu
|move|p1a: Xatu|Taunt|p2a: Mew|[from]ability: Magic Bounce
|-start|p2a: Mew|move: Taunt
|
|-weather|Sandstorm|[upkeep]
|-damage|p2a: Mew|94/100|[from] Sandstorm
|-damage|p1a: Xatu|94/100|[from] Sandstorm
|-heal|p2a: Mew|100/100|[from] item: Leftovers
|-heal|p1a: Xatu|99/100|[from] item: Leftovers
|upkeep
|turn|40
|
|t:|1714445688
|switch|p2a: Ditto|Ditto, shiny|100/100
|-transform|p2a: Ditto|p1a: Xatu|[from] ability: Imposter
|move|p1a: Xatu|U-turn|p2a: Ditto
|-damage|p2a: Ditto|88/100
|
|t:|1714445691
|switch|p1a: Excadrill|Excadrill, F|100/100|[from] U-turn
|
|-weather|Sandstorm|[upkeep]
|-damage|p2a: Ditto|82/100|[from] Sandstorm
|upkeep
|turn|41
|-activate|p2a: Ditto|item: Quick Claw
|
|t:|1714445698
|move|p2a: Ditto|Reflect|p2a: Ditto
|-sidestart|p2: Laone.L.ous|Reflect
|move|p1a: Excadrill|Rock Slide|p2a: Ditto
|-supereffective|p2a: Ditto
|-damage|p2a: Ditto|29/100
|
|-weather|Sandstorm|[upkeep]
|-damage|p2a: Ditto|22/100|[from] Sandstorm
|upkeep
|turn|42
|
|t:|1714445703
|move|p1a: Excadrill|Rock Slide|p2a: Ditto
|-supereffective|p2a: Ditto
|-damage|p2a: Ditto|0 fnt
|faint|p2a: Ditto
|
|-weather|Sandstorm|[upkeep]
|upkeep
|
|t:|1714445709
|switch|p2a: Starmie|Starmie, shiny|100/100
|turn|43
|
|t:|1714445713
|switch|p1a: Slowbro|Slowbro, M|100/100 par
|move|p2a: Starmie|Thunder Wave|p1a: Slowbro
|-fail|p1a: Slowbro|par
|
|-weather|Sandstorm|[upkeep]
|-damage|p2a: Starmie|95/100|[from] Sandstorm
|-damage|p1a: Slowbro|94/100 par|[from] Sandstorm
|-heal|p2a: Starmie|100/100|[from] item: Leftovers
|upkeep
|turn|44
|
|t:|1714445717
|move|p2a: Starmie|Scald|p1a: Slowbro
|-resisted|p1a: Slowbro
|-damage|p1a: Slowbro|80/100 par
|move|p1a: Slowbro|Scald|p2a: Starmie
|-resisted|p2a: Starmie
|-damage|p2a: Starmie|83/100
|
|-weather|Sandstorm|[upkeep]
|-damage|p2a: Starmie|77/100|[from] Sandstorm
|-damage|p1a: Slowbro|74/100 par|[from] Sandstorm
|-heal|p2a: Starmie|83/100|[from] item: Leftovers
|upkeep
|turn|45
|
|t:|1714445722
|switch|p2a: Dragonite|Dragonite, F|100/100
|move|p1a: Slowbro|Scald|p2a: Dragonite
|-resisted|p2a: Dragonite
|-damage|p2a: Dragonite|93/100
|
|-weather|Sandstorm|[upkeep]
|-damage|p2a: Dragonite|87/100|[from] Sandstorm
|-damage|p1a: Slowbro|68/100 par|[from] Sandstorm
|-sideend|p2: Laone.L.ous|Reflect
|upkeep
|turn|46
|
|t:|1714445729
|move|p2a: Dragonite|Dragon Dance|p2a: Dragonite
|-boost|p2a: Dragonite|atk|1
|-boost|p2a: Dragonite|spe|1
|move|p1a: Slowbro|Ice Beam|p2a: Dragonite
|-supereffective|p2a: Dragonite
|-damage|p2a: Dragonite|0 fnt
|faint|p2a: Dragonite
|
|-weather|Sandstorm|[upkeep]
|-damage|p1a: Slowbro|62/100 par|[from] Sandstorm
|upkeep
|
|t:|1714445734
|switch|p2a: Mew|Mew|100/100
|turn|47
|-message|Laone.L.ous forfeited.
|
|win|bwc candyland
|raw|bwc candyland's rating: 1468 &rarr; <strong>1482</strong><br />(+14 for winning)
|raw|Laone.L.ous's rating: 1354 &rarr; <strong>1340</strong><br />(-14 for losing)
|l|☆Laone.L.ous
|player|p2|
|c|☆bwc candyland|gg
