|j|☆Torvik en place
|j|☆nidiedi
|t:|1721980779
|gametype|singles
|player|p1|Torvik en place|gambler|1423
|player|p2|nidiedi|101|1386
|teamsize|p1|6
|teamsize|p2|6
|gen|5
|tier|[Gen 5] OU
|rated|
|rule|Species Clause: Limit one of each Pokémon
|rule|OHKO Clause: OHKO moves are banned
|rule|Moody Clause: Moody is banned
|rule|Evasion Items Clause: Evasion items are banned
|rule|Evasion Moves Clause: Evasion moves are banned
|rule|Endless Battle Clause: Forcing endless battles is banned
|rule|HP Percentage Mod: HP is shown in percentages
|rule|Evasion Abilities Clause: Evasion abilities are banned
|rule|Sleep Moves Clause: Sleep-inducing moves are banned
|rule|Swagger Clause: Swagger is banned
|rule|Baton Pass Stat Clause: No Baton Passer may have a way to boost its stats
|clearpoke
|poke|p1|Politoed, M|item
|poke|p1|Ferrothorn, F|item
|poke|p1|Tentacruel, M|item
|poke|p1|Tornadus, M|item
|poke|p1|Latios, M|item
|poke|p1|Jirachi|item
|poke|p2|Xatu, F|item
|poke|p2|Blissey, F|mail
|poke|p2|Dragonite, F|item
|poke|p2|Cresselia, F|item
|poke|p2|Excadrill, M|item
|poke|p2|Ninetales, F|item
|teampreview
|inactive|Battle timer is ON: inactive players will automatically lose when time's up. (requested by nidiedi)
|inactive|Torvik en place has 120 seconds left.
|
|t:|1721980820
|start
|switch|p1a: Politoed|Politoed, M|100/100
|switch|p2a: Blissey|Blissey, F|100/100
|-weather|RainDance|[from] ability: Drizzle|[of] p1a: Politoed
|turn|1
|
|t:|1721980836
|switch|p1a: Tentacruel|Tentacruel, M|100/100
|move|p2a: Blissey|Stealth Rock|p1a: Tentacruel
|-sidestart|p1: Torvik en place|move: Stealth Rock
|
|-weather|RainDance|[upkeep]
|upkeep
|turn|2
|
|t:|1721980849
|switch|p2a: Ninetales|Ninetales, F|100/100
|-weather|SunnyDay|[from] ability: Drought|[of] p2a: Ninetales
|move|p1a: Tentacruel|Rapid Spin|p2a: Ninetales
|-crit|p2a: Ninetales
|-damage|p2a: Ninetales|94/100
|-sideend|p1: Torvik en place|Stealth Rock|[from] move: Rapid Spin|[of] p1a: Tentacruel
|
|-weather|SunnyDay|[upkeep]
|-heal|p2a: Ninetales|99/100|[from] item: Leftovers
|upkeep
|turn|3
|
|t:|1721980860
|move|p1a: Tentacruel|Scald|p2a: Ninetales
|-supereffective|p2a: Ninetales
|-damage|p2a: Ninetales|77/100
|move|p2a: Ninetales|Will-O-Wisp|p1a: Tentacruel
|-status|p1a: Tentacruel|brn
|
|-weather|SunnyDay|[upkeep]
|-heal|p2a: Ninetales|83/100|[from] item: Leftovers
|-damage|p1a: Tentacruel|88/100 brn|[from] brn
|upkeep
|turn|4
|
|t:|1721980877
|switch|p2a: Blissey|Blissey, F|100/100
|move|p1a: Tentacruel|Scald|p2a: Blissey
|-damage|p2a: Blissey|97/100
|-status|p2a: Blissey|brn
|
|-weather|SunnyDay|[upkeep]
|-heal|p1a: Tentacruel|94/100 brn|[from] item: Black Sludge
|-damage|p1a: Tentacruel|82/100 brn|[from] brn
|-damage|p2a: Blissey|84/100 brn|[from] brn
|upkeep
|turn|5
|
|t:|1721980895
|switch|p1a: Ferrothorn|Ferrothorn, F|100/100
|move|p2a: Blissey|Stealth Rock|p1a: Ferrothorn
|-sidestart|p1: Torvik en place|move: Stealth Rock
|
|-weather|SunnyDay|[upkeep]
|-damage|p2a: Blissey|72/100 brn|[from] brn
|upkeep
|turn|6
|
|t:|1721980905
|-curestatus|p2a: Blissey|brn|[from] ability: Natural Cure
|switch|p2a: Xatu|Xatu, F|100/100
|move|p1a: Ferrothorn|Gyro Ball|p2a: Xatu
|-crit|p2a: Xatu
|-damage|p2a: Xatu|0 fnt
|-damage|p1a: Ferrothorn|84/100|[from] item: Rocky Helmet|[of] p2a: Xatu
|faint|p2a: Xatu
|
|-weather|SunnyDay|[upkeep]
|-heal|p1a: Ferrothorn|90/100|[from] item: Leftovers
|upkeep
|
|t:|1721980927
|switch|p2a: Dragonite|Dragonite, F|100/100
|turn|7
|
|t:|1721980942
|switch|p1a: Politoed|Politoed, M|100/100
|-damage|p1a: Politoed|88/100|[from] Stealth Rock
|-weather|RainDance|[from] ability: Drizzle|[of] p1a: Politoed
|move|p2a: Dragonite|Substitute|p2a: Dragonite
|-start|p2a: Dragonite|Substitute
|-damage|p2a: Dragonite|76/100
|
|-weather|RainDance|[upkeep]
|-heal|p2a: Dragonite|82/100|[from] item: Leftovers
|-heal|p1a: Politoed|94/100|[from] item: Leftovers
|upkeep
|turn|8
|
|t:|1721980971
|move|p2a: Dragonite|Dragon Claw|p1a: Politoed
|-damage|p1a: Politoed|65/100
|move|p1a: Politoed|Encore|p2a: Dragonite
|-start|p2a: Dragonite|Encore
|
|-weather|RainDance|[upkeep]
|-heal|p2a: Dragonite|88/100|[from] item: Leftovers
|-heal|p1a: Politoed|72/100|[from] item: Leftovers
|upkeep
|turn|9
|
|t:|1721980991
|switch|p2a: Ninetales|Ninetales, F|83/100
|-weather|SunnyDay|[from] ability: Drought|[of] p2a: Ninetales
|switch|p1a: Ferrothorn|Ferrothorn, F|90/100
|-damage|p1a: Ferrothorn|84/100|[from] Stealth Rock
|
|-weather|SunnyDay|[upkeep]
|-heal|p2a: Ninetales|89/100|[from] item: Leftovers
|-heal|p1a: Ferrothorn|90/100|[from] item: Leftovers
|upkeep
|turn|10
|
|t:|1721981001
|switch|p1a: Tentacruel|Tentacruel, M|82/100 brn
|-damage|p1a: Tentacruel|69/100 brn|[from] Stealth Rock
|move|p2a: Ninetales|Will-O-Wisp|p1a: Tentacruel|[miss]
|-miss|p2a: Ninetales|p1a: Tentacruel
|
|-weather|SunnyDay|[upkeep]
|-heal|p1a: Tentacruel|75/100 brn|[from] item: Black Sludge
|-heal|p2a: Ninetales|95/100|[from] item: Leftovers
|-damage|p1a: Tentacruel|63/100 brn|[from] brn
|upkeep
|turn|11
|inactive|nidiedi has 120 seconds left.
|
|t:|1721981021
|switch|p2a: Blissey|Blissey, F|72/100
|move|p1a: Tentacruel|Rapid Spin|p2a: Blissey
|-damage|p2a: Blissey|71/100
|-sideend|p1: Torvik en place|Stealth Rock|[from] move: Rapid Spin|[of] p1a: Tentacruel
|
|-weather|SunnyDay|[upkeep]
|-heal|p1a: Tentacruel|69/100 brn|[from] item: Black Sludge
|-damage|p1a: Tentacruel|57/100 brn|[from] brn
|upkeep
|turn|12
|inactive|nidiedi has 120 seconds left.
|
|t:|1721981036
|switch|p1a: Ferrothorn|Ferrothorn, F|90/100
|switch|p2a: Dragonite|Dragonite, F|88/100
|
|-weather|SunnyDay|[upkeep]
|-heal|p2a: Dragonite|94/100|[from] item: Leftovers
|-heal|p1a: Ferrothorn|97/100|[from] item: Leftovers
|upkeep
|turn|13
|inactive|nidiedi has 120 seconds left.
|
|t:|1721981050
|switch|p1a: Politoed|Politoed, M|72/100
|-weather|RainDance|[from] ability: Drizzle|[of] p1a: Politoed
|move|p2a: Dragonite|Substitute|p2a: Dragonite
|-start|p2a: Dragonite|Substitute
|-damage|p2a: Dragonite|69/100
|
|-weather|RainDance|[upkeep]
|-heal|p2a: Dragonite|76/100|[from] item: Leftovers
|-heal|p1a: Politoed|78/100|[from] item: Leftovers
|upkeep
|turn|14
|
|t:|1721981057
|move|p2a: Dragonite|Dragon Claw|p1a: Politoed
|-damage|p1a: Politoed|50/100
|move|p1a: Politoed|Encore|p2a: Dragonite
|-start|p2a: Dragonite|Encore
|
|-weather|RainDance|[upkeep]
|-heal|p2a: Dragonite|82/100|[from] item: Leftovers
|-heal|p1a: Politoed|57/100|[from] item: Leftovers
|upkeep
|turn|15
|
|t:|1721981069
|switch|p1a: Ferrothorn|Ferrothorn, F|97/100
|move|p2a: Dragonite|Dragon Claw|p1a: Ferrothorn
|-resisted|p1a: Ferrothorn
|-damage|p1a: Ferrothorn|84/100
|-damage|p2a: Dragonite|69/100|[from] ability: Iron Barbs|[of] p1a: Ferrothorn
|
|-weather|RainDance|[upkeep]
|-heal|p2a: Dragonite|76/100|[from] item: Leftovers
|-heal|p1a: Ferrothorn|90/100|[from] item: Leftovers
|upkeep
|turn|16
|inactive|nidiedi has 120 seconds left.
|
|t:|1721981084
|move|p2a: Dragonite|Dragon Claw|p1a: Ferrothorn
|-resisted|p1a: Ferrothorn
|-damage|p1a: Ferrothorn|77/100
|-damage|p2a: Dragonite|63/100|[from] ability: Iron Barbs|[of] p1a: Ferrothorn
|move|p1a: Ferrothorn|Stealth Rock|p2a: Dragonite
|-sidestart|p2: nidiedi|move: Stealth Rock
|
|-weather|RainDance|[upkeep]
|-heal|p2a: Dragonite|69/100|[from] item: Leftovers
|-heal|p1a: Ferrothorn|84/100|[from] item: Leftovers
|upkeep
|turn|17
|
|t:|1721981095
|move|p2a: Dragonite|Dragon Claw|p1a: Ferrothorn
|-resisted|p1a: Ferrothorn
|-damage|p1a: Ferrothorn|71/100
|-damage|p2a: Dragonite|57/100|[from] ability: Iron Barbs|[of] p1a: Ferrothorn
|move|p1a: Ferrothorn|Gyro Ball|p2a: Dragonite
|-end|p2a: Dragonite|Substitute
|
|-weather|RainDance|[upkeep]
|-heal|p2a: Dragonite|63/100|[from] item: Leftovers
|-heal|p1a: Ferrothorn|77/100|[from] item: Leftovers
|-end|p2a: Dragonite|Encore
|upkeep
|turn|18
|
|t:|1721981112
|switch|p1a: Latios|Latios, M|100/100
|move|p2a: Dragonite|Substitute|p2a: Dragonite
|-start|p2a: Dragonite|Substitute
|-damage|p2a: Dragonite|38/100
|
|-weather|RainDance|[upkeep]
|-heal|p2a: Dragonite|44/100|[from] item: Leftovers
|upkeep
|turn|19
|
|t:|1721981124
|switch|p1a: Politoed|Politoed, M|57/100
|move|p2a: Dragonite|Roost|p2a: Dragonite
|-heal|p2a: Dragonite|95/100
|-singleturn|p2a: Dragonite|move: Roost
|
|-weather|RainDance|[upkeep]
|-heal|p2a: Dragonite|100/100|[from] item: Leftovers
|-heal|p1a: Politoed|63/100|[from] item: Leftovers
|upkeep
|turn|20
|
|t:|1721981129
|move|p2a: Dragonite|Dragon Claw|p1a: Politoed
|-damage|p1a: Politoed|33/100
|move|p1a: Politoed|Encore|p2a: Dragonite
|-start|p2a: Dragonite|Encore
|
|-weather|RainDance|[upkeep]
|-heal|p1a: Politoed|39/100|[from] item: Leftovers
|upkeep
|turn|21
|
|t:|1721981135
|switch|p1a: Ferrothorn|Ferrothorn, F|77/100
|move|p2a: Dragonite|Dragon Claw|p1a: Ferrothorn
|-resisted|p1a: Ferrothorn
|-crit|p1a: Ferrothorn
|-damage|p1a: Ferrothorn|53/100
|-damage|p2a: Dragonite|88/100|[from] ability: Iron Barbs|[of] p1a: Ferrothorn
|
|-weather|RainDance|[upkeep]
|-heal|p2a: Dragonite|94/100|[from] item: Leftovers
|-heal|p1a: Ferrothorn|59/100|[from] item: Leftovers
|upkeep
|turn|22
|
|t:|1721981149
|switch|p2a: Ninetales|Ninetales, F|95/100
|-damage|p2a: Ninetales|70/100|[from] Stealth Rock
|-weather|SunnyDay|[from] ability: Drought|[of] p2a: Ninetales
|move|p1a: Ferrothorn|Gyro Ball|p2a: Ninetales
|-resisted|p2a: Ninetales
|-crit|p2a: Ninetales
|-damage|p2a: Ninetales|8/100
|
|-weather|SunnyDay|[upkeep]
|-heal|p2a: Ninetales|14/100|[from] item: Leftovers
|-heal|p1a: Ferrothorn|66/100|[from] item: Leftovers
|upkeep
|turn|23
|c|☆nidiedi|2ct
|c|☆Torvik en place|cancer team so its ok
|inactive|nidiedi has 120 seconds left.
|
|t:|1721981185
|switch|p1a: Politoed|Politoed, M|39/100
|-weather|RainDance|[from] ability: Drizzle|[of] p1a: Politoed
|move|p2a: Ninetales|Will-O-Wisp|p1a: Politoed|[miss]
|-miss|p2a: Ninetales|p1a: Politoed
|
|-weather|RainDance|[upkeep]
|-heal|p2a: Ninetales|20/100|[from] item: Leftovers
|-heal|p1a: Politoed|46/100|[from] item: Leftovers
|upkeep
|turn|24
|inactive|nidiedi has 120 seconds left.
|
|t:|1721981201
|switch|p2a: Blissey|Blissey, F|71/100
|-damage|p2a: Blissey|58/100|[from] Stealth Rock
|move|p1a: Politoed|Scald|p2a: Blissey
|-damage|p2a: Blissey|44/100
|
|-weather|RainDance|[upkeep]
|-heal|p1a: Politoed|52/100|[from] item: Leftovers
|upkeep
|turn|25
|
|t:|1721981223
|move|p1a: Politoed|Scald|p2a: Blissey
|-damage|p2a: Blissey|33/100
|move|p2a: Blissey|Soft-Boiled|p2a: Blissey
|-heal|p2a: Blissey|83/100
|
|-weather|RainDance|[upkeep]
|-heal|p1a: Politoed|58/100|[from] item: Leftovers
|upkeep
|turn|26
|
|t:|1721981233
|move|p1a: Politoed|Encore|p2a: Blissey
|-start|p2a: Blissey|Encore
|move|p2a: Blissey|Soft-Boiled|p2a: Blissey
|-heal|p2a: Blissey|100/100
|
|-weather|RainDance|[upkeep]
|-heal|p1a: Politoed|64/100|[from] item: Leftovers
|upkeep
|turn|27
|inactive|nidiedi has 120 seconds left.
|
|t:|1721981256
|switch|p2a: Cresselia|Cresselia, F|100/100
|-damage|p2a: Cresselia|88/100|[from] Stealth Rock
|move|p1a: Politoed|Scald|p2a: Cresselia
|-damage|p2a: Cresselia|65/100
|-status|p2a: Cresselia|brn
|
|-weather|RainDance|[upkeep]
|-heal|p2a: Cresselia|71/100 brn|[from] item: Leftovers
|-heal|p1a: Politoed|71/100|[from] item: Leftovers
|-damage|p2a: Cresselia|59/100 brn|[from] brn
|upkeep
|turn|28
|
|t:|1721981274
|switch|p2a: Blissey|Blissey, F|100/100
|-damage|p2a: Blissey|88/100|[from] Stealth Rock
|switch|p1a: Jirachi|Jirachi|100/100
|
|-weather|RainDance|[upkeep]
|upkeep
|turn|29
|c|☆nidiedi|good luck
|
|t:|1721981300
|switch|p1a: Ferrothorn|Ferrothorn, F|66/100
|move|p2a: Blissey|Stealth Rock|p1a: Ferrothorn
|-sidestart|p1: Torvik en place|move: Stealth Rock
|
|-weather|RainDance|[upkeep]
|-heal|p1a: Ferrothorn|72/100|[from] item: Leftovers
|upkeep
|turn|30
|
|t:|1721981308
|switch|p2a: Excadrill|Excadrill, M|100/100
|-damage|p2a: Excadrill|97/100|[from] Stealth Rock
|-ability|p2a: Excadrill|Mold Breaker
|move|p1a: Ferrothorn|Spikes|p2a: Excadrill
|-sidestart|p2: nidiedi|Spikes
|
|-weather|RainDance|[upkeep]
|-heal|p2a: Excadrill|100/100|[from] item: Leftovers
|-heal|p1a: Ferrothorn|78/100|[from] item: Leftovers
|upkeep
|turn|31
|
|t:|1721981313
|move|p2a: Excadrill|Rapid Spin|p1a: Ferrothorn
|-resisted|p1a: Ferrothorn
|-damage|p1a: Ferrothorn|76/100
|-damage|p2a: Excadrill|88/100|[from] ability: Iron Barbs|[of] p1a: Ferrothorn
|-sideend|p2: nidiedi|Spikes|[from] move: Rapid Spin|[of] p2a: Excadrill
|-sideend|p2: nidiedi|Stealth Rock|[from] move: Rapid Spin|[of] p2a: Excadrill
|move|p1a: Ferrothorn|Power Whip|p2a: Excadrill|[miss]
|-miss|p1a: Ferrothorn|p2a: Excadrill
|
|-weather|RainDance|[upkeep]
|-heal|p2a: Excadrill|94/100|[from] item: Leftovers
|-heal|p1a: Ferrothorn|82/100|[from] item: Leftovers
|upkeep
|turn|32
|
|t:|1721981332
|switch|p2a: Dragonite|Dragonite, F|94/100
|move|p1a: Ferrothorn|Stealth Rock|p2a: Dragonite
|-sidestart|p2: nidiedi|move: Stealth Rock
|
|-weather|RainDance|[upkeep]
|-heal|p2a: Dragonite|100/100|[from] item: Leftovers
|-heal|p1a: Ferrothorn|88/100|[from] item: Leftovers
|upkeep
|turn|33
|
|t:|1721981346
|switch|p1a: Politoed|Politoed, M|71/100
|-damage|p1a: Politoed|58/100|[from] Stealth Rock
|move|p2a: Dragonite|Substitute|p2a: Dragonite
|-start|p2a: Dragonite|Substitute
|-damage|p2a: Dragonite|76/100
|
|-weather|RainDance|[upkeep]
|-heal|p2a: Dragonite|82/100|[from] item: Leftovers
|-heal|p1a: Politoed|64/100|[from] item: Leftovers
|upkeep
|turn|34
|
|t:|1721981351
|move|p2a: Dragonite|Dragon Claw|p1a: Politoed
|-damage|p1a: Politoed|35/100
|move|p1a: Politoed|Encore|p2a: Dragonite
|-start|p2a: Dragonite|Encore
|
|-weather|RainDance|[upkeep]
|-heal|p2a: Dragonite|88/100|[from] item: Leftovers
|-heal|p1a: Politoed|42/100|[from] item: Leftovers
|upkeep
|turn|35
|
|t:|1721981368
|switch|p2a: Excadrill|Excadrill, M|94/100
|-damage|p2a: Excadrill|91/100|[from] Stealth Rock
|-ability|p2a: Excadrill|Mold Breaker
|switch|p1a: Jirachi|Jirachi|100/100
|-damage|p1a: Jirachi|94/100|[from] Stealth Rock
|
|-weather|RainDance|[upkeep]
|-heal|p1a: Jirachi|100/100|[from] item: Leftovers
|-heal|p2a: Excadrill|97/100|[from] item: Leftovers
|upkeep
|turn|36
|
|t:|1721981375
|move|p1a: Jirachi|Water Pulse|p2a: Excadrill
|-supereffective|p2a: Excadrill
|-damage|p2a: Excadrill|49/100
|move|p2a: Excadrill|Earthquake|p1a: Jirachi
|-supereffective|p1a: Jirachi
|-damage|p1a: Jirachi|21/100
|
|-weather|RainDance|[upkeep]
|-heal|p1a: Jirachi|27/100|[from] item: Leftovers
|-heal|p2a: Excadrill|55/100|[from] item: Leftovers
|upkeep
|turn|37
|
|t:|1721981384
|move|p2a: Excadrill|Protect|p2a: Excadrill
|-singleturn|p2a: Excadrill|Protect
|move|p1a: Jirachi|Water Pulse|p2a: Excadrill
|-activate|p2a: Excadrill|move: Protect
|
|-weather|RainDance|[upkeep]
|-heal|p1a: Jirachi|34/100|[from] item: Leftovers
|-heal|p2a: Excadrill|61/100|[from] item: Leftovers
|upkeep
|turn|38
|inactive|nidiedi has 120 seconds left.
|
|t:|1721981416
|switch|p2a: Blissey|Blissey, F|88/100
|-damage|p2a: Blissey|76/100|[from] Stealth Rock
|move|p1a: Jirachi|Water Pulse|p2a: Blissey
|-damage|p2a: Blissey|68/100
|
|-weather|RainDance|[upkeep]
|-heal|p1a: Jirachi|40/100|[from] item: Leftovers
|upkeep
|turn|39
|inactive|nidiedi has 90 seconds left.
|
|t:|1721981431
|switch|p1a: Ferrothorn|Ferrothorn, F|88/100
|-damage|p1a: Ferrothorn|82/100|[from] Stealth Rock
|move|p2a: Blissey|Soft-Boiled|p2a: Blissey
|-heal|p2a: Blissey|100/100
|
|-weather|RainDance|[upkeep]
|-heal|p1a: Ferrothorn|88/100|[from] item: Leftovers
|upkeep
|turn|40
|inactive|nidiedi has 90 seconds left.
|
|t:|1721981459
|switch|p2a: Dragonite|Dragonite, F|88/100
|-damage|p2a: Dragonite|63/100|[from] Stealth Rock
|move|p1a: Ferrothorn|Spikes|p2a: Dragonite
|-sidestart|p2: nidiedi|Spikes
|
|-weather|RainDance|[upkeep]
|-heal|p2a: Dragonite|69/100|[from] item: Leftovers
|-heal|p1a: Ferrothorn|95/100|[from] item: Leftovers
|upkeep
|turn|41
|
|t:|1721981477
|switch|p1a: Tornadus|Tornadus, M|100/100
|-damage|p1a: Tornadus|76/100|[from] Stealth Rock
|move|p2a: Dragonite|Substitute|p2a: Dragonite
|-start|p2a: Dragonite|Substitute
|-damage|p2a: Dragonite|44/100
|
|-weather|RainDance|[upkeep]
|-heal|p1a: Tornadus|82/100|[from] item: Leftovers
|-heal|p2a: Dragonite|51/100|[from] item: Leftovers
|upkeep
|turn|42
|
|t:|1721981488
|move|p1a: Tornadus|Hurricane|p2a: Dragonite
|-end|p2a: Dragonite|Substitute
|move|p2a: Dragonite|Dragon Dance|p2a: Dragonite
|-boost|p2a: Dragonite|atk|1
|-boost|p2a: Dragonite|spe|1
|
|-weather|RainDance|[upkeep]
|-heal|p2a: Dragonite|57/100|[from] item: Leftovers
|-heal|p1a: Tornadus|88/100|[from] item: Leftovers
|upkeep
|turn|43
|
|t:|1721981502
|move|p1a: Tornadus|Protect|p1a: Tornadus
|-singleturn|p1a: Tornadus|Protect
|move|p2a: Dragonite|Roost|p2a: Dragonite
|-heal|p2a: Dragonite|100/100
|-singleturn|p2a: Dragonite|move: Roost
|
|-weather|RainDance|[upkeep]
|-heal|p1a: Tornadus|94/100|[from] item: Leftovers
|upkeep
|turn|44
|
|t:|1721981517
|move|p2a: Dragonite|Dragon Dance|p2a: Dragonite
|-boost|p2a: Dragonite|atk|1
|-boost|p2a: Dragonite|spe|1
|move|p1a: Tornadus|Hurricane|p2a: Dragonite
|-damage|p2a: Dragonite|78/100
|
|-weather|RainDance|[upkeep]
|-heal|p2a: Dragonite|84/100|[from] item: Leftovers
|-heal|p1a: Tornadus|99/100|[from] item: Leftovers
|upkeep
|turn|45
|
|t:|1721981527
|move|p2a: Dragonite|Dragon Claw|p1a: Tornadus
|-damage|p1a: Tornadus|0 fnt
|faint|p1a: Tornadus
|
|-weather|RainDance|[upkeep]
|-heal|p2a: Dragonite|90/100|[from] item: Leftovers
|upkeep
|
|t:|1721981534
|switch|p1a: Ferrothorn|Ferrothorn, F|95/100
|-damage|p1a: Ferrothorn|88/100|[from] Stealth Rock
|turn|46
|
|t:|1721981539
|move|p2a: Dragonite|Substitute|p2a: Dragonite
|-start|p2a: Dragonite|Substitute
|-damage|p2a: Dragonite|65/100
|move|p1a: Ferrothorn|Gyro Ball|p2a: Dragonite
|-end|p2a: Dragonite|Substitute
|
|-weather|RainDance|[upkeep]
|-heal|p2a: Dragonite|71/100|[from] item: Leftovers
|-heal|p1a: Ferrothorn|95/100|[from] item: Leftovers
|upkeep
|turn|47
|
|t:|1721981545
|move|p2a: Dragonite|Substitute|p2a: Dragonite
|-start|p2a: Dragonite|Substitute
|-damage|p2a: Dragonite|46/100
|move|p1a: Ferrothorn|Gyro Ball|p2a: Dragonite
|-end|p2a: Dragonite|Substitute
|
|-weather|RainDance|[upkeep]
|-heal|p2a: Dragonite|53/100|[from] item: Leftovers
|-heal|p1a: Ferrothorn|100/100|[from] item: Leftovers
|upkeep
|turn|48
|
|t:|1721981550
|move|p2a: Dragonite|Roost|p2a: Dragonite
|-heal|p2a: Dragonite|100/100
|-singleturn|p2a: Dragonite|move: Roost
|move|p1a: Ferrothorn|Gyro Ball|p2a: Dragonite
|-damage|p2a: Dragonite|75/100
|
|-weather|RainDance|[upkeep]
|-heal|p2a: Dragonite|81/100|[from] item: Leftovers
|upkeep
|turn|49
|
|t:|1721981558
|move|p2a: Dragonite|Substitute|p2a: Dragonite
|-start|p2a: Dragonite|Substitute
|-damage|p2a: Dragonite|56/100
|move|p1a: Ferrothorn|Gyro Ball|p2a: Dragonite
|-end|p2a: Dragonite|Substitute
|
|-weather|RainDance|[upkeep]
|-heal|p2a: Dragonite|62/100|[from] item: Leftovers
|upkeep
|turn|50
|inactive|nidiedi has 120 seconds left.
|
|t:|1721981566
|move|p2a: Dragonite|Roost|p2a: Dragonite
|-heal|p2a: Dragonite|100/100
|-singleturn|p2a: Dragonite|move: Roost
|move|p1a: Ferrothorn|Gyro Ball|p2a: Dragonite
|-damage|p2a: Dragonite|73/100
|
|-weather|RainDance|[upkeep]
|-heal|p2a: Dragonite|80/100|[from] item: Leftovers
|upkeep
|turn|51
|
|t:|1721981579
|move|p2a: Dragonite|Substitute|p2a: Dragonite
|-start|p2a: Dragonite|Substitute
|-damage|p2a: Dragonite|55/100
|move|p1a: Ferrothorn|Spikes|p2a: Dragonite
|-sidestart|p2: nidiedi|Spikes
|
|-weather|RainDance|[upkeep]
|-heal|p2a: Dragonite|61/100|[from] item: Leftovers
|upkeep
|turn|52
|c|☆Torvik en place|so skilled
|
|t:|1721981587
|move|p2a: Dragonite|Dragon Dance|p2a: Dragonite
|-boost|p2a: Dragonite|atk|1
|-boost|p2a: Dragonite|spe|1
|move|p1a: Ferrothorn|Spikes|p2a: Dragonite
|-sidestart|p2: nidiedi|Spikes
|
|-weather|RainDance|[upkeep]
|-heal|p2a: Dragonite|67/100|[from] item: Leftovers
|upkeep
|turn|53
|
|t:|1721981599
|switch|p1a: Tentacruel|Tentacruel, M|57/100 brn
|-damage|p1a: Tentacruel|44/100 brn|[from] Stealth Rock
|move|p2a: Dragonite|Dragon Dance|p2a: Dragonite
|-boost|p2a: Dragonite|atk|1
|-boost|p2a: Dragonite|spe|1
|
|-weather|RainDance|[upkeep]
|-heal|p1a: Tentacruel|50/100 brn|[from] ability: Rain Dish
|-heal|p2a: Dragonite|73/100|[from] item: Leftovers
|-heal|p1a: Tentacruel|56/100 brn|[from] item: Black Sludge
|-damage|p1a: Tentacruel|44/100 brn|[from] brn
|upkeep
|turn|54
|
|t:|1721981605
|move|p2a: Dragonite|Dragon Claw|p1a: Tentacruel
|-damage|p1a: Tentacruel|0 fnt
|faint|p1a: Tentacruel
|
|-weather|RainDance|[upkeep]
|-heal|p2a: Dragonite|80/100|[from] item: Leftovers
|upkeep
|-message|Torvik en place forfeited.
|
|win|nidiedi
|raw|Torvik en place's rating: 1423 &rarr; <strong>1401</strong><br />(-22 for losing)
|raw|nidiedi's rating: 1386 &rarr; <strong>1408</strong><br />(+22 for winning)
|l|☆Torvik en place
|player|p1|
