|j|☆repinho2711
|j|☆LeafStoned
|t:|1706511170
|gametype|singles
|player|p1|repinho2711|ethan|1351
|player|p2|LeafStoned|266|1308
|teamsize|p1|6
|teamsize|p2|6
|gen|5
|tier|[Gen 5] OU
|rated|
|rule|Species Clause: Limit one of each Pokémon
|rule|OHKO Clause: OHKO moves are banned
|rule|Moody Clause: Moody is banned
|rule|Evasion Items Clause: Evasion items are banned
|rule|Evasion Moves Clause: Evasion moves are banned
|rule|Endless Battle Clause: Forcing endless battles is banned
|rule|HP Percentage Mod: HP is shown in percentages
|rule|Evasion Abilities Clause: Evasion abilities are banned
|rule|Sleep Moves Clause: Sleep-inducing moves are banned
|rule|Swagger Clause: Swagger is banned
|rule|Baton Pass Stat Clause: No Baton Passer may have a way to boost its stats
|clearpoke
|poke|p1|Donphan, M|item
|poke|p1|Porygon-Z|item
|poke|p1|Scizor, M|item
|poke|p1|Aerodactyl, M|item
|poke|p1|Slowking, M|item
|poke|p1|Ambipom, M|item
|poke|p2|Tyranitar, M|item
|poke|p2|Mamoswine, F|item
|poke|p2|Keldeo|item
|poke|p2|Amoonguss, F|item
|poke|p2|Gliscor, F|item
|poke|p2|Excadrill, F|item
|teampreview
|inactive|Battle timer is ON: inactive players will automatically lose when time's up. (requested by LeafStoned)
|j| CrownedAegislash
|
|t:|1706511199
|start
|switch|p1a: Ambipom|Ambipom, M|100/100
|switch|p2a: Gliscor|Gliscor, F|100/100
|turn|1
|
|t:|1706511209
|switch|p1a: Donphan|Donphan, M, shiny|100/100
|move|p2a: Gliscor|Stealth Rock|p1a: Donphan
|-sidestart|p1: repinho2711|move: Stealth Rock
|
|-status|p2a: Gliscor|tox|[from] item: Toxic Orb
|upkeep
|turn|2
|
|t:|1706511216
|move|p2a: Gliscor|U-turn|p1a: Donphan
|-damage|p1a: Donphan|90/100
|
|t:|1706511221
|switch|p2a: Amoonguss|Amoonguss, F|100/100|[from] U-turn
|move|p1a: Donphan|Stealth Rock|p2a: Amoonguss
|-sidestart|p2: LeafStoned|move: Stealth Rock
|
|-heal|p1a: Donphan|96/100|[from] item: Leftovers
|upkeep
|turn|3
|
|t:|1706511231
|switch|p1a: Slowking|Slowking, M|100/100
|-damage|p1a: Slowking|88/100|[from] Stealth Rock
|move|p2a: Amoonguss|Stun Spore|p1a: Slowking
|-status|p1a: Slowking|par
|
|-heal|p1a: Slowking|94/100 par|[from] item: Leftovers
|upkeep
|turn|4
|
|t:|1706511243
|switch|p2a: Gliscor|Gliscor, F|100/100 tox
|-damage|p2a: Gliscor|88/100 tox|[from] Stealth Rock
|cant|p1a: Slowking|par
|
|-heal|p1a: Slowking|100/100 par|[from] item: Leftovers
|-heal|p2a: Gliscor|100/100 tox|[from] ability: Poison Heal
|upkeep
|turn|5
|
|t:|1706511253
|move|p2a: Gliscor|U-turn|p1a: Slowking
|-supereffective|p1a: Slowking
|-damage|p1a: Slowking|67/100 par
|
|t:|1706511256
|switch|p2a: Tyranitar|Tyranitar, M|100/100|[from] U-turn
|-damage|p2a: Tyranitar|88/100|[from] Stealth Rock
|-weather|Sandstorm|[from] ability: Sand Stream|[of] p2a: Tyranitar
|move|p1a: Slowking|Surf|p2a: Tyranitar
|-supereffective|p2a: Tyranitar
|-damage|p2a: Tyranitar|53/100
|
|-weather|Sandstorm|[upkeep]
|-damage|p1a: Slowking|61/100 par|[from] Sandstorm
|-heal|p1a: Slowking|67/100 par|[from] item: Leftovers
|upkeep
|turn|6
|j| Avnuva
|
|t:|1706511269
|move|p2a: Tyranitar|Pursuit|p1a: Slowking
|-supereffective|p1a: Slowking
|-damage|p1a: Slowking|22/100 par
|move|p1a: Slowking|Surf|p2a: Tyranitar
|-supereffective|p2a: Tyranitar
|-damage|p2a: Tyranitar|20/100
|
|-weather|Sandstorm|[upkeep]
|-damage|p1a: Slowking|16/100 par|[from] Sandstorm
|-heal|p1a: Slowking|22/100 par|[from] item: Leftovers
|upkeep
|turn|7
|c| Avnuva|who's winning?
|
|t:|1706511280
|-activate|p1a: Slowking|move: Pursuit
|move|p2a: Tyranitar|Pursuit|p1a: Slowking|[from]Pursuit
|-supereffective|p1a: Slowking
|-damage|p1a: Slowking|0 fnt
|faint|p1a: Slowking
|-hint|A Pokemon can't switch between when it runs out of HP and when it faints
|
|-weather|Sandstorm|[upkeep]
|upkeep
|
|t:|1706511288
|switch|p1a: Donphan|Donphan, M, shiny|96/100
|-damage|p1a: Donphan|90/100|[from] Stealth Rock
|turn|8
|
|t:|1706511292
|move|p2a: Tyranitar|Ice Beam|p1a: Donphan
|-supereffective|p1a: Donphan
|-crit|p1a: Donphan
|-damage|p1a: Donphan|0 fnt
|faint|p1a: Donphan
|
|-weather|Sandstorm|[upkeep]
|upkeep
|-message|repinho2711 forfeited.
|
|win|LeafStoned
|raw|repinho2711's rating: 1351 &rarr; <strong>1329</strong><br />(-22 for losing)
|raw|LeafStoned's rating: 1308 &rarr; <strong>1330</strong><br />(+22 for winning)
|l|☆repinho2711
|player|p1|
|l|☆LeafStoned
|player|p2|
