|j|☆EG Jhonx
|j|☆qscf331
|t:|1743133750
|gametype|singles
|player|p1|EG Jhonx|#gscpl5ladderbayleefsaints|1349
|player|p2|qscf331|102|1442
|teamsize|p1|6
|teamsize|p2|6
|gen|5
|tier|[Gen 5] OU
|rated|
|rule|Species Clause: Limit one of each Pokémon
|rule|OHKO Clause: OHKO moves are banned
|rule|Moody Clause: Moody is banned
|rule|Evasion Items Clause: Evasion items are banned
|rule|Evasion Moves Clause: Evasion moves are banned
|rule|Endless Battle Clause: Forcing endless battles is banned
|rule|HP Percentage Mod: HP is shown in percentages
|rule|Evasion Abilities Clause: Evasion abilities are banned
|rule|Sleep Moves Clause: Sleep-inducing moves are banned
|rule|Swagger Clause: Swagger is banned
|rule|Baton Pass Stat Clause: No Baton Passer may have a way to boost its stats
|clearpoke
|poke|p1|Politoed, F|item
|poke|p1|Dragonite, M|item
|poke|p1|Celebi|item
|poke|p1|Starmie|item
|poke|p1|Bronzong|item
|poke|p1|Conkeldurr, F|item
|poke|p2|Politoed, M|item
|poke|p2|Keldeo|item
|poke|p2|Latios, M|item
|poke|p2|Starmie|item
|poke|p2|Thundurus-Therian, M|item
|poke|p2|Jirachi|item
|teampreview
|c|☆EG Jhonx|hf
|inactive|Battle timer is ON: inactive players will automatically lose when time's up. (requested by EG Jhonx)
|inactive|qscf331 has 120 seconds left.
|inactive|qscf331 has 90 seconds left.
|inactive|qscf331 has 60 seconds left.
|
|t:|1743134042
|start
|switch|p1a: Starmie|Starmie|100/100
|switch|p2a: Jirachi|Jirachi|100/100
|turn|1
|
|t:|1743134071
|move|p1a: Starmie|Hydro Pump|p2a: Jirachi
|-damage|p2a: Jirachi|55/100
|move|p2a: Jirachi|Thunder|p1a: Starmie
|-supereffective|p1a: Starmie
|-damage|p1a: Starmie|19/100
|
|-heal|p2a: Jirachi|61/100|[from] item: Leftovers
|upkeep
|turn|2
|
|t:|1743134084
|move|p1a: Starmie|Hydro Pump|p2a: Jirachi
|-damage|p2a: Jirachi|12/100
|move|p2a: Jirachi|U-turn|p1a: Starmie
|-supereffective|p1a: Starmie
|-damage|p1a: Starmie|0 fnt
|faint|p1a: Starmie
|
|t:|1743134091
|switch|p2a: Politoed|Politoed, M|100/100|[from] U-turn
|-weather|RainDance|[from] ability: Drizzle|[of] p2a: Politoed
|
|-weather|RainDance|[upkeep]
|upkeep
|
|t:|1743134104
|switch|p1a: Celebi|Celebi|100/100
|turn|3
|inactive|qscf331 has 120 seconds left.
|
|t:|1743134121
|switch|p2a: Thundurus|Thundurus-Therian, M|100/100
|move|p1a: Celebi|Leaf Storm|p2a: Thundurus
|-resisted|p2a: Thundurus
|-damage|p2a: Thundurus|48/100
|-unboost|p1a: Celebi|spa|2
|-damage|p1a: Celebi|91/100|[from] item: Life Orb
|
|-weather|RainDance|[upkeep]
|-heal|p2a: Thundurus|54/100|[from] item: Leftovers
|upkeep
|turn|4
|
|t:|1743134145
|switch|p2a: Jirachi|Jirachi|12/100
|move|p1a: Celebi|Trick Room|p1a: Celebi
|-fieldstart|move: Trick Room|[of] p1a: Celebi
|
|-weather|RainDance|[upkeep]
|-heal|p2a: Jirachi|19/100|[from] item: Leftovers
|upkeep
|turn|5
|
|t:|1743134149
|switch|p1a: Politoed|Politoed, F|100/100
|move|p2a: Jirachi|Stealth Rock|p1a: Politoed
|-sidestart|p1: EG Jhonx|move: Stealth Rock
|
|-weather|RainDance|[upkeep]
|-heal|p2a: Jirachi|25/100|[from] item: Leftovers
|upkeep
|turn|6
|
|t:|1743134165
|switch|p2a: Politoed|Politoed, M|100/100
|move|p1a: Politoed|Scald|p2a: Politoed
|-resisted|p2a: Politoed
|-damage|p2a: Politoed|67/100
|
|-weather|RainDance|[upkeep]
|-heal|p2a: Politoed|73/100|[from] item: Leftovers
|upkeep
|turn|7
|
|t:|1743134172
|move|p1a: Politoed|Scald|p2a: Politoed
|-resisted|p2a: Politoed
|-damage|p2a: Politoed|39/100
|move|p2a: Politoed|Scald|p1a: Politoed
|-resisted|p1a: Politoed
|-damage|p1a: Politoed|83/100
|
|-weather|RainDance|[upkeep]
|-heal|p2a: Politoed|46/100|[from] item: Leftovers
|upkeep
|turn|8
|
|t:|1743134177
|move|p2a: Politoed|Protect|p2a: Politoed
|-singleturn|p2a: Politoed|Protect
|move|p1a: Politoed|Scald|p2a: Politoed
|-activate|p2a: Politoed|move: Protect
|
|-weather|RainDance|[upkeep]
|-heal|p2a: Politoed|52/100|[from] item: Leftovers
|-fieldend|move: Trick Room
|upkeep
|turn|9
|
|t:|1743134193
|move|p2a: Politoed|Scald|p1a: Politoed
|-resisted|p1a: Politoed
|-damage|p1a: Politoed|67/100
|move|p1a: Politoed|Scald|p2a: Politoed
|-resisted|p2a: Politoed
|-damage|p2a: Politoed|14/100
|
|-weather|RainDance|[upkeep]
|-heal|p2a: Politoed|20/100|[from] item: Leftovers
|upkeep
|turn|10
|
|t:|1743134207
|move|p2a: Politoed|Protect|p2a: Politoed
|-singleturn|p2a: Politoed|Protect
|move|p1a: Politoed|Scald|p2a: Politoed
|-activate|p2a: Politoed|move: Protect
|
|-weather|RainDance|[upkeep]
|-heal|p2a: Politoed|26/100|[from] item: Leftovers
|upkeep
|turn|11
|inactive|EG Jhonx has 120 seconds left.
|
|t:|1743134245
|switch|p2a: Starmie|Starmie|100/100
|-item|p2a: Starmie|Air Balloon
|move|p1a: Politoed|Scald|p2a: Starmie
|-resisted|p2a: Starmie
|-damage|p2a: Starmie|45/100
|-enditem|p2a: Starmie|Air Balloon
|
|-weather|RainDance|[upkeep]
|upkeep
|turn|12
|
|t:|1743134258
|move|p2a: Starmie|Thunderbolt|p1a: Politoed
|-supereffective|p1a: Politoed
|-damage|p1a: Politoed|16/100
|move|p1a: Politoed|Scald|p2a: Starmie
|-resisted|p2a: Starmie
|-damage|p2a: Starmie|0 fnt
|faint|p2a: Starmie
|
|-weather|RainDance|[upkeep]
|upkeep
|
|t:|1743134267
|switch|p2a: Jirachi|Jirachi|25/100
|turn|13
|inactive|EG Jhonx has 120 seconds left.
|
|t:|1743134282
|move|p2a: Jirachi|Thunder|p1a: Politoed
|-supereffective|p1a: Politoed
|-damage|p1a: Politoed|0 fnt
|faint|p1a: Politoed
|
|-weather|RainDance|[upkeep]
|-heal|p2a: Jirachi|31/100|[from] item: Leftovers
|upkeep
|
|t:|1743134286
|switch|p1a: Bronzong|Bronzong|100/100
|-damage|p1a: Bronzong|94/100|[from] Stealth Rock
|turn|14
|
|t:|1743134291
|move|p2a: Jirachi|Thunder|p1a: Bronzong
|-damage|p1a: Bronzong|69/100
|move|p1a: Bronzong|Trick Room|p1a: Bronzong
|-fieldstart|move: Trick Room|[of] p1a: Bronzong
|
|-weather|RainDance|[upkeep]
|-heal|p2a: Jirachi|37/100|[from] item: Leftovers
|upkeep
|turn|15
|inactive|EG Jhonx has 120 seconds left.
|
|t:|1743134311
|move|p1a: Bronzong|Explosion|p2a: Jirachi
|-resisted|p2a: Jirachi
|-damage|p2a: Jirachi|10/100
|faint|p1a: Bronzong
|move|p2a: Jirachi|Thunder|p1: Bronzong|[notarget]
|-fail|p2a: Jirachi
|
|-weather|RainDance|[upkeep]
|-heal|p2a: Jirachi|16/100|[from] item: Leftovers
|upkeep
|
|t:|1743134314
|switch|p1a: Conkeldurr|Conkeldurr, F|100/100
|-damage|p1a: Conkeldurr|94/100|[from] Stealth Rock
|turn|16
|
|t:|1743134318
|move|p1a: Conkeldurr|Thunder Punch|p2a: Jirachi
|-damage|p2a: Jirachi|0 fnt
|faint|p2a: Jirachi
|
|-weather|RainDance|[upkeep]
|upkeep
|
|t:|1743134323
|switch|p2a: Politoed|Politoed, M|26/100
|turn|17
|
|t:|1743134331
|move|p2a: Politoed|Protect|p2a: Politoed
|-singleturn|p2a: Politoed|Protect
|move|p1a: Conkeldurr|Thunder Punch|p2a: Politoed
|-activate|p2a: Politoed|move: Protect
|
|-weather|RainDance|[upkeep]
|-heal|p2a: Politoed|32/100|[from] item: Leftovers
|upkeep
|turn|18
|
|t:|1743134339
|move|p1a: Conkeldurr|Hammer Arm|p2a: Politoed
|-damage|p2a: Politoed|0 fnt
|-unboost|p1a: Conkeldurr|spe|1
|faint|p2a: Politoed
|-damage|p1a: Conkeldurr|85/100|[from] item: Life Orb
|
|-weather|RainDance|[upkeep]
|-fieldend|move: Trick Room
|upkeep
|
|t:|1743134343
|switch|p2a: Keldeo|Keldeo|100/100
|turn|19
|
|t:|1743134352
|switch|p1a: Dragonite|Dragonite, M|100/100
|-damage|p1a: Dragonite|76/100|[from] Stealth Rock
|move|p2a: Keldeo|Hydro Pump|p1a: Dragonite
|-resisted|p1a: Dragonite
|-damage|p1a: Dragonite|12/100
|
|-weather|RainDance|[upkeep]
|upkeep
|turn|20
|
|t:|1743134355
|move|p1a: Dragonite|Extreme Speed|p2a: Keldeo
|-damage|p2a: Keldeo|44/100
|move|p2a: Keldeo|Hydro Pump|p1a: Dragonite
|-resisted|p1a: Dragonite
|-damage|p1a: Dragonite|0 fnt
|faint|p1a: Dragonite
|
|-weather|RainDance|[upkeep]
|upkeep
|
|t:|1743134358
|switch|p1a: Celebi|Celebi|91/100
|-damage|p1a: Celebi|78/100|[from] Stealth Rock
|turn|21
|
|t:|1743134362
|switch|p2a: Latios|Latios, M|100/100
|move|p1a: Celebi|Trick Room|p1a: Celebi
|-fieldstart|move: Trick Room|[of] p1a: Celebi
|
|-weather|RainDance|[upkeep]
|upkeep
|turn|22
|
|t:|1743134375
|move|p1a: Celebi|Healing Wish|p1a: Celebi
|faint|p1a: Celebi
|move|p2a: Latios|Draco Meteor|p1: Celebi|[notarget]
|-fail|p2a: Latios
|
|-weather|RainDance|[upkeep]
|upkeep
|
|t:|1743134380
|switch|p1a: Conkeldurr|Conkeldurr, F|85/100
|-heal|p1a: Conkeldurr|100/100|[from] move: Healing Wish
|-damage|p1a: Conkeldurr|94/100|[from] Stealth Rock
|turn|23
|
|t:|1743134384
|switch|p2a: Keldeo|Keldeo|44/100
|move|p1a: Conkeldurr|Ice Punch|p2a: Keldeo
|-resisted|p2a: Keldeo
|-damage|p2a: Keldeo|15/100
|
|-weather|RainDance|[upkeep]
|upkeep
|turn|24
|
|t:|1743134408
|switch|p2a: Latios|Latios, M|100/100
|move|p1a: Conkeldurr|Ice Punch|p2a: Latios
|-supereffective|p2a: Latios
|-damage|p2a: Latios|0 fnt
|faint|p2a: Latios
|
|-weather|RainDance|[upkeep]
|upkeep
|
|t:|1743134410
|switch|p2a: Keldeo|Keldeo|15/100
|turn|25
|
|t:|1743134416
|move|p1a: Conkeldurr|Ice Punch|p2a: Keldeo
|-resisted|p2a: Keldeo
|-damage|p2a: Keldeo|0 fnt
|faint|p2a: Keldeo
|
|-weather|RainDance|[upkeep]
|-fieldend|move: Trick Room
|upkeep
|
|t:|1743134424
|switch|p2a: Thundurus|Thundurus-Therian, M|54/100
|turn|26
|
|t:|1743134426
|move|p2a: Thundurus|Thunder|p1a: Conkeldurr
|-crit|p1a: Conkeldurr
|-damage|p1a: Conkeldurr|0 fnt
|faint|p1a: Conkeldurr
|
|win|qscf331
|raw|EG Jhonx's rating: 1361 &rarr; <strong>1346</strong><br />(-15 for losing)
|raw|qscf331's rating: 1442 &rarr; <strong>1457</strong><br />(+15 for winning)
|c|☆EG Jhonx|gg
