|j|☆gamerno1
|j|☆Clawdia Chauchat
|t:|1705235479
|gametype|singles
|player|p1|gamerno1|policeman-gen4|1406
|player|p2|Clawdia Chauchat|winona|1443
|teamsize|p1|6
|teamsize|p2|6
|gen|5
|tier|[Gen 5] OU
|rated|
|rule|Species Clause: Limit one of each Pokémon
|rule|OHKO Clause: OHKO moves are banned
|rule|Moody Clause: Moody is banned
|rule|Evasion Items Clause: Evasion items are banned
|rule|Evasion Moves Clause: Evasion moves are banned
|rule|Endless Battle Clause: Forcing endless battles is banned
|rule|HP Percentage Mod: HP is shown in percentages
|rule|Evasion Abilities Clause: Evasion abilities are banned
|rule|Sleep Moves Clause: Sleep-inducing moves are banned
|rule|Swagger Clause: Swagger is banned
|rule|Baton Pass Stat Clause: No Baton Passer may have a way to boost its stats
|clearpoke
|poke|p1|Mamoswine, F|item
|poke|p1|Lucario, F|item
|poke|p1|Gyarados, M|item
|poke|p1|Haxorus, M|item
|poke|p1|Mew|item
|poke|p1|Uxie|item
|poke|p2|Tyranitar, F|item
|poke|p2|Latios, M|item
|poke|p2|Hydreigon, F|item
|poke|p2|Skarmory, F|item
|poke|p2|Rotom-Wash|item
|poke|p2|Landorus-Therian, M|item
|teampreview
|
|t:|1705235494
|start
|switch|p1a: Mew|Mew|100/100
|switch|p2a: Joshua Graham|Landorus-Therian, M, shiny|100/100
|-ability|p2a: Joshua Graham|Intimidate|boost
|-unboost|p1a: Mew|atk|1
|turn|1
|
|t:|1705235520
|move|p2a: Joshua Graham|Stealth Rock|p1a: Mew
|-sidestart|p1: gamerno1|move: Stealth Rock
|move|p1a: Mew|Reflect|p1a: Mew
|-sidestart|p1: gamerno1|Reflect
|
|upkeep
|turn|2
|
|t:|1705235529
|switch|p2a: Atlas|Tyranitar, F, shiny|100/100
|-weather|Sandstorm|[from] ability: Sand Stream|[of] p2a: Atlas
|move|p1a: Mew|Stealth Rock|p2a: Atlas
|-sidestart|p2: Clawdia Chauchat|move: Stealth Rock
|
|-weather|Sandstorm|[upkeep]
|-damage|p1a: Mew|94/100|[from] Sandstorm
|upkeep
|turn|3
|
|t:|1705235542
|switch|p1a: Lucario|Lucario, F|100/100
|-damage|p1a: Lucario|98/100|[from] Stealth Rock
|switch|p2a: Colorado River|Hydreigon, F|100/100
|-damage|p2a: Colorado River|88/100|[from] Stealth Rock
|
|-weather|Sandstorm|[upkeep]
|-damage|p2a: Colorado River|82/100|[from] Sandstorm
|-heal|p2a: Colorado River|88/100|[from] item: Leftovers
|upkeep
|turn|4
|inactive|Battle timer is ON: inactive players will automatically lose when time's up. (requested by Clawdia Chauchat)
|
|t:|1705235561
|switch|p1a: Mew|Mew|94/100
|-damage|p1a: Mew|82/100|[from] Stealth Rock
|move|p2a: Colorado River|Fire Blast|p1a: Mew
|-damage|p1a: Mew|49/100
|
|-weather|Sandstorm|[upkeep]
|-damage|p1a: Mew|43/100|[from] Sandstorm
|-damage|p2a: Colorado River|82/100|[from] Sandstorm
|-heal|p2a: Colorado River|88/100|[from] item: Leftovers
|upkeep
|turn|5
|inactive|Clawdia Chauchat has 120 seconds left.
|
|t:|1705235612
|move|p1a: Mew|Light Screen|p1a: Mew
|-sidestart|p1: gamerno1|move: Light Screen
|move|p2a: Colorado River|Draco Meteor|p1a: Mew
|-damage|p1a: Mew|12/100
|-unboost|p2a: Colorado River|spa|2
|
|-weather|Sandstorm|[upkeep]
|-damage|p1a: Mew|6/100|[from] Sandstorm
|-damage|p2a: Colorado River|82/100|[from] Sandstorm
|-heal|p2a: Colorado River|88/100|[from] item: Leftovers
|upkeep
|turn|6
|
|t:|1705235626
|switch|p2a: Zurich Is Stained|Skarmory, F, shiny|100/100
|-damage|p2a: Zurich Is Stained|88/100|[from] Stealth Rock
|move|p1a: Mew|Taunt|p2a: Zurich Is Stained
|-start|p2a: Zurich Is Stained|move: Taunt
|
|-weather|Sandstorm|[upkeep]
|-damage|p1a: Mew|0 fnt|[from] Sandstorm
|faint|p1a: Mew
|-heal|p2a: Zurich Is Stained|94/100|[from] item: Leftovers
|upkeep
|inactive|gamerno1 has 120 seconds left.
|
|t:|1705235667
|switch|p1a: Haxorus|Haxorus, M|100/100
|-damage|p1a: Haxorus|88/100|[from] Stealth Rock
|-ability|p1a: Haxorus|Mold Breaker
|turn|7
|inactive|Clawdia Chauchat has 120 seconds left.
|
|t:|1705235687
|switch|p2a: Joshua Graham|Landorus-Therian, M, shiny|100/100
|-damage|p2a: Joshua Graham|88/100|[from] Stealth Rock
|-ability|p2a: Joshua Graham|Intimidate|boost
|-unboost|p1a: Haxorus|atk|1
|move|p1a: Haxorus|Dragon Dance|p1a: Haxorus
|-boost|p1a: Haxorus|atk|1
|-boost|p1a: Haxorus|spe|1
|
|-weather|Sandstorm|[upkeep]
|-damage|p1a: Haxorus|82/100|[from] Sandstorm
|upkeep
|turn|8
|
|t:|1705235697
|move|p1a: Haxorus|Dragon Dance|p1a: Haxorus
|-boost|p1a: Haxorus|atk|1
|-boost|p1a: Haxorus|spe|1
|move|p2a: Joshua Graham|U-turn|p1a: Haxorus
|-crit|p1a: Haxorus
|-damage|p1a: Haxorus|23/100
|
|t:|1705235721
|switch|p2a: Zurich Is Stained|Skarmory, F, shiny|94/100|[from] U-turn
|-damage|p2a: Zurich Is Stained|82/100|[from] Stealth Rock
|
|-weather|Sandstorm|[upkeep]
|-damage|p1a: Haxorus|17/100|[from] Sandstorm
|-heal|p2a: Zurich Is Stained|88/100|[from] item: Leftovers
|-sideend|p1: gamerno1|Reflect
|upkeep
|turn|9
|inactive|gamerno1 has 120 seconds left.
|
|t:|1705235729
|switch|p2a: Joshua Graham|Landorus-Therian, M, shiny|88/100
|-damage|p2a: Joshua Graham|76/100|[from] Stealth Rock
|-ability|p2a: Joshua Graham|Intimidate|boost
|-unboost|p1a: Haxorus|atk|1
|move|p1a: Haxorus|Superpower|p2a: Joshua Graham
|-resisted|p2a: Joshua Graham
|-damage|p2a: Joshua Graham|56/100
|-unboost|p1a: Haxorus|atk|1
|-unboost|p1a: Haxorus|def|1
|
|-weather|Sandstorm|[upkeep]
|-damage|p1a: Haxorus|10/100|[from] Sandstorm
|upkeep
|turn|10
|
|t:|1705235748
|move|p1a: Haxorus|Dragon Claw|p2a: Joshua Graham
|-damage|p2a: Joshua Graham|31/100
|move|p2a: Joshua Graham|U-turn|p1a: Haxorus
|-damage|p1a: Haxorus|0 fnt
|faint|p1a: Haxorus
|
|t:|1705235751
|switch|p2a: Zurich Is Stained|Skarmory, F, shiny|88/100|[from] U-turn
|-damage|p2a: Zurich Is Stained|76/100|[from] Stealth Rock
|
|-weather|Sandstorm|[upkeep]
|-heal|p2a: Zurich Is Stained|82/100|[from] item: Leftovers
|upkeep
|
|t:|1705235762
|switch|p1a: Lucario|Lucario, F|98/100
|-damage|p1a: Lucario|95/100|[from] Stealth Rock
|turn|11
|inactive|Clawdia Chauchat has 120 seconds left.
|
|t:|1705235775
|move|p1a: Lucario|Close Combat|p2a: Zurich Is Stained
|-damage|p2a: Zurich Is Stained|23/100
|-unboost|p1a: Lucario|def|1
|-unboost|p1a: Lucario|spd|1
|-damage|p1a: Lucario|85/100|[from] item: Life Orb
|move|p2a: Zurich Is Stained|Whirlwind|p1a: Lucario
|drag|p1a: Mamoswine|Mamoswine, F|100/100
|-damage|p1a: Mamoswine|88/100|[from] Stealth Rock
|
|-weather|Sandstorm|[upkeep]
|-heal|p2a: Zurich Is Stained|29/100|[from] item: Leftovers
|upkeep
|turn|12
|inactive|Clawdia Chauchat has 120 seconds left.
|
|t:|1705235790
|switch|p2a: Joshua Graham|Landorus-Therian, M, shiny|31/100
|-damage|p2a: Joshua Graham|19/100|[from] Stealth Rock
|-ability|p2a: Joshua Graham|Intimidate|boost
|-unboost|p1a: Mamoswine|atk|1
|move|p1a: Mamoswine|Superpower|p2a: Joshua Graham
|-resisted|p2a: Joshua Graham
|-damage|p2a: Joshua Graham|4/100
|-unboost|p1a: Mamoswine|atk|1
|-unboost|p1a: Mamoswine|def|1
|-damage|p1a: Mamoswine|78/100|[from] item: Life Orb
|
|-weather|Sandstorm|[upkeep]
|-sideend|p1: gamerno1|move: Light Screen
|upkeep
|turn|13
|inactive|Clawdia Chauchat has 120 seconds left.
|
|t:|1705235810
|switch|p1a: Uxie|Uxie|100/100
|-damage|p1a: Uxie|88/100|[from] Stealth Rock
|move|p2a: Joshua Graham|U-turn|p1a: Uxie
|-supereffective|p1a: Uxie
|-damage|p1a: Uxie|60/100
|inactive|Clawdia Chauchat has 120 seconds left.
|
|t:|1705235834
|switch|p2a: Atlas|Tyranitar, F, shiny|100/100|[from] U-turn
|-damage|p2a: Atlas|88/100|[from] Stealth Rock
|
|-weather|Sandstorm|[upkeep]
|-damage|p1a: Uxie|54/100|[from] Sandstorm
|upkeep
|turn|14
|
|t:|1705235842
|move|p1a: Uxie|Reflect|p1a: Uxie
|-sidestart|p1: gamerno1|Reflect
|move|p2a: Atlas|Crunch|p1a: Uxie
|-supereffective|p1a: Uxie
|-damage|p1a: Uxie|33/100
|
|-weather|Sandstorm|[upkeep]
|-damage|p1a: Uxie|27/100|[from] Sandstorm
|upkeep
|turn|15
|inactive|Clawdia Chauchat has 120 seconds left.
|
|t:|1705235870
|move|p1a: Uxie|Light Screen|p1a: Uxie
|-sidestart|p1: gamerno1|move: Light Screen
|move|p2a: Atlas|Crunch|p1a: Uxie
|-supereffective|p1a: Uxie
|-damage|p1a: Uxie|3/100
|-unboost|p1a: Uxie|def|1
|
|-weather|Sandstorm|[upkeep]
|-damage|p1a: Uxie|0 fnt|[from] Sandstorm
|faint|p1a: Uxie
|upkeep
|inactive|gamerno1 has 120 seconds left.
|
|t:|1705235901
|switch|p1a: Mamoswine|Mamoswine, F|78/100
|-damage|p1a: Mamoswine|66/100|[from] Stealth Rock
|turn|16
|
|t:|1705235918
|switch|p2a: Zurich Is Stained|Skarmory, F, shiny|29/100
|-damage|p2a: Zurich Is Stained|17/100|[from] Stealth Rock
|move|p1a: Mamoswine|Earthquake|p2a: Zurich Is Stained
|-immune|p2a: Zurich Is Stained
|
|-weather|Sandstorm|[upkeep]
|-heal|p2a: Zurich Is Stained|23/100|[from] item: Leftovers
|upkeep
|turn|17
|
|t:|1705235937
|switch|p2a: Joshua Graham|Landorus-Therian, M, shiny|4/100
|-damage|p2a: Joshua Graham|0 fnt|[from] Stealth Rock
|faint|p2a: Joshua Graham
|move|p1a: Mamoswine|Icicle Crash|p2: Joshua Graham|[notarget]
|-fail|p1a: Mamoswine
|
|-weather|Sandstorm|[upkeep]
|upkeep
|
|t:|1705235938
|switch|p2a: Live At Bush Hall|Rotom-Wash, shiny|100/100
|-damage|p2a: Live At Bush Hall|88/100|[from] Stealth Rock
|turn|18
|
|t:|1705235947
|move|p1a: Mamoswine|Superpower|p2a: Live At Bush Hall
|-damage|p2a: Live At Bush Hall|46/100
|-unboost|p1a: Mamoswine|atk|1
|-unboost|p1a: Mamoswine|def|1
|-damage|p1a: Mamoswine|56/100|[from] item: Life Orb
|move|p2a: Live At Bush Hall|Will-O-Wisp|p1a: Mamoswine
|-status|p1a: Mamoswine|brn
|
|-weather|Sandstorm|[upkeep]
|-damage|p2a: Live At Bush Hall|39/100|[from] Sandstorm
|-heal|p2a: Live At Bush Hall|46/100|[from] item: Leftovers
|-damage|p1a: Mamoswine|43/100 brn|[from] brn
|upkeep
|turn|19
|
|t:|1705235971
|move|p1a: Mamoswine|Superpower|p2a: Live At Bush Hall
|-damage|p2a: Live At Bush Hall|31/100
|-unboost|p1a: Mamoswine|atk|1
|-unboost|p1a: Mamoswine|def|1
|-damage|p1a: Mamoswine|33/100 brn|[from] item: Life Orb
|move|p2a: Live At Bush Hall|Pain Split|p1a: Mamoswine
|-sethp|p1a: Mamoswine|30/100 brn|[from] move: Pain Split|[silent]
|-sethp|p2a: Live At Bush Hall|35/100|[from] move: Pain Split
|
|-weather|Sandstorm|[upkeep]
|-damage|p2a: Live At Bush Hall|29/100|[from] Sandstorm
|-heal|p2a: Live At Bush Hall|35/100|[from] item: Leftovers
|-damage|p1a: Mamoswine|17/100 brn|[from] brn
|upkeep
|turn|20
|
|t:|1705235985
|move|p1a: Mamoswine|Superpower|p2a: Live At Bush Hall
|-damage|p2a: Live At Bush Hall|25/100
|-unboost|p1a: Mamoswine|atk|1
|-unboost|p1a: Mamoswine|def|1
|-damage|p1a: Mamoswine|7/100 brn|[from] item: Life Orb
|move|p2a: Live At Bush Hall|Will-O-Wisp|p1a: Mamoswine
|-fail|p1a: Mamoswine|brn
|
|-weather|Sandstorm|[upkeep]
|-damage|p2a: Live At Bush Hall|19/100|[from] Sandstorm
|-heal|p2a: Live At Bush Hall|25/100|[from] item: Leftovers
|-damage|p1a: Mamoswine|0 fnt|[from] brn
|faint|p1a: Mamoswine
|upkeep
|
|t:|1705235994
|switch|p1a: Lucario|Lucario, F|85/100
|-damage|p1a: Lucario|82/100|[from] Stealth Rock
|turn|21
|
|t:|1705236008
|switch|p2a: Zurich Is Stained|Skarmory, F, shiny|23/100
|-damage|p2a: Zurich Is Stained|11/100|[from] Stealth Rock
|move|p1a: Lucario|Extreme Speed|p2a: Zurich Is Stained
|-resisted|p2a: Zurich Is Stained
|-damage|p2a: Zurich Is Stained|0 fnt
|faint|p2a: Zurich Is Stained
|-damage|p1a: Lucario|72/100|[from] item: Life Orb
|
|-weather|Sandstorm|[upkeep]
|-sideend|p1: gamerno1|Reflect
|upkeep
|
|t:|1705236015
|switch|p2a: Colorado River|Hydreigon, F|88/100
|-damage|p2a: Colorado River|76/100|[from] Stealth Rock
|turn|22
|
|t:|1705236021
|move|p2a: Colorado River|Fire Blast|p1a: Lucario
|-supereffective|p1a: Lucario
|-damage|p1a: Lucario|10/100
|move|p1a: Lucario|Close Combat|p2a: Colorado River
|-supereffective|p2a: Colorado River
|-damage|p2a: Colorado River|0 fnt
|-unboost|p1a: Lucario|def|1
|-unboost|p1a: Lucario|spd|1
|faint|p2a: Colorado River
|-damage|p1a: Lucario|0 fnt|[from] item: Life Orb
|faint|p1a: Lucario
|
|-weather|Sandstorm|[upkeep]
|-sideend|p1: gamerno1|move: Light Screen
|upkeep
|inactive|Clawdia Chauchat has 120 seconds left.
|
|t:|1705236041
|switch|p2a: Atlas|Tyranitar, F, shiny|88/100
|switch|p1a: Gyarados|Gyarados, M|100/100
|-damage|p1a: Gyarados|76/100|[from] Stealth Rock
|-damage|p2a: Atlas|76/100|[from] Stealth Rock
|turn|23
|
|t:|1705236055
|move|p1a: Gyarados|Waterfall|p2a: Atlas
|-supereffective|p2a: Atlas
|-damage|p2a: Atlas|13/100
|move|p2a: Atlas|Rock Slide|p1a: Gyarados|[miss]
|-miss|p2a: Atlas|p1a: Gyarados
|
|-weather|Sandstorm|[upkeep]
|-damage|p1a: Gyarados|69/100|[from] Sandstorm
|-heal|p1a: Gyarados|76/100|[from] item: Leftovers
|upkeep
|turn|24
|
|t:|1705236065
|move|p1a: Gyarados|Waterfall|p2a: Atlas
|-supereffective|p2a: Atlas
|-damage|p2a: Atlas|0 fnt
|faint|p2a: Atlas
|-ability|p1a: Gyarados|Moxie|boost
|-boost|p1a: Gyarados|atk|1
|
|-weather|Sandstorm|[upkeep]
|-damage|p1a: Gyarados|69/100|[from] Sandstorm
|-heal|p1a: Gyarados|76/100|[from] item: Leftovers
|upkeep
|
|t:|1705236066
|switch|p2a: Concorde I Miss U|Latios, M|100/100
|-damage|p2a: Concorde I Miss U|88/100|[from] Stealth Rock
|turn|25
|
|t:|1705236079
|move|p2a: Concorde I Miss U|Draco Meteor|p1a: Gyarados
|-damage|p1a: Gyarados|8/100
|-unboost|p2a: Concorde I Miss U|spa|2
|move|p1a: Gyarados|Dragon Dance|p1a: Gyarados
|-boost|p1a: Gyarados|atk|1
|-boost|p1a: Gyarados|spe|1
|
|-weather|Sandstorm|[upkeep]
|-damage|p1a: Gyarados|1/100|[from] Sandstorm
|-damage|p2a: Concorde I Miss U|82/100|[from] Sandstorm
|-heal|p1a: Gyarados|8/100|[from] item: Leftovers
|-heal|p2a: Concorde I Miss U|88/100|[from] item: Leftovers
|upkeep
|turn|26
|inactive|Clawdia Chauchat has 120 seconds left.
|
|t:|1705236110
|move|p1a: Gyarados|Bounce||[still]
|-prepare|p1a: Gyarados|Bounce
|move|p2a: Concorde I Miss U|Psyshock|p1a: Gyarados|[miss]
|-miss|p2a: Concorde I Miss U|p1a: Gyarados
|
|-weather|Sandstorm|[upkeep]
|-damage|p1a: Gyarados|1/100|[from] Sandstorm
|-damage|p2a: Concorde I Miss U|82/100|[from] Sandstorm
|-heal|p1a: Gyarados|8/100|[from] item: Leftovers
|-heal|p2a: Concorde I Miss U|88/100|[from] item: Leftovers
|upkeep
|turn|27
|
|t:|1705236118
|move|p1a: Gyarados|Bounce|p2a: Concorde I Miss U|[from]lockedmove
|-damage|p2a: Concorde I Miss U|0 fnt
|faint|p2a: Concorde I Miss U
|-ability|p1a: Gyarados|Moxie|boost
|-boost|p1a: Gyarados|atk|1
|
|-weather|Sandstorm|[upkeep]
|-damage|p1a: Gyarados|1/100|[from] Sandstorm
|-heal|p1a: Gyarados|8/100|[from] item: Leftovers
|upkeep
|c|☆gamerno1|gg
|c|☆gamerno1|close
|inactive|Clawdia Chauchat has 120 seconds left.
|-message|Clawdia Chauchat forfeited.
|
|win|gamerno1
|raw|gamerno1's rating: 1406 &rarr; <strong>1429</strong><br />(+23 for winning)
|raw|Clawdia Chauchat's rating: 1452 &rarr; <strong>1429</strong><br />(-23 for losing)
|l|☆Clawdia Chauchat
|player|p2|
