|uhtml|medal-msg|<div class="broadcast-blue">Curious what those medals under the avatar are? PS now has Ladder Seasons! For more information, check out the <a href="https://www.smogon.com/forums/threads/3740067/">thread on Smogon.</a></div>
|uhtml|medal-msg|<div class="broadcast-blue">Curious what those medals under the avatar are? PS now has Ladder Seasons! For more information, check out the <a href="https://www.smogon.com/forums/threads/3740067/">thread on Smogon.</a></div>
|j|☆Alice Kazumi
|j|☆BookofConke
|t:|1713605392
|gametype|singles
|player|p1|Alice Kazumi|veteranf|1452
|player|p2|BookofConke|silver|1474
|teamsize|p1|6
|teamsize|p2|6
|gen|5
|tier|[Gen 5] OU
|rated|
|rule|Species Clause: Limit one of each Pokémon
|rule|OHKO Clause: OHKO moves are banned
|rule|Moody Clause: Moody is banned
|rule|Evasion Items Clause: Evasion items are banned
|rule|Evasion Moves Clause: Evasion moves are banned
|rule|Endless Battle Clause: Forcing endless battles is banned
|rule|HP Percentage Mod: HP is shown in percentages
|rule|Evasion Abilities Clause: Evasion abilities are banned
|rule|Sleep Moves Clause: Sleep-inducing moves are banned
|rule|Swagger Clause: Swagger is banned
|rule|Baton Pass Stat Clause: No Baton Passer may have a way to boost its stats
|clearpoke
|poke|p1|Tyranitar, F|item
|poke|p1|Landorus-Therian, M|item
|poke|p1|Excadrill, F|item
|poke|p1|Garchomp, F|item
|poke|p1|Celebi|item
|poke|p1|Rotom-Wash|item
|poke|p2|Kyurem-Black|item
|poke|p2|Latios, M|item
|poke|p2|Garchomp, M|item
|poke|p2|Magnezone|item
|poke|p2|Reuniclus, F|item
|poke|p2|Jirachi|item
|teampreview
|inactive|Battle timer is ON: inactive players will automatically lose when time's up. (requested by Alice Kazumi)
|
|t:|1713605415
|start
|switch|p1a: Landorus|Landorus-Therian, M|100/100
|switch|p2a: Kyurem|Kyurem-Black|100/100
|-ability|p1a: Landorus|Intimidate|boost
|-unboost|p2a: Kyurem|atk|1
|-ability|p2a: Kyurem|Teravolt
|turn|1
|
|t:|1713605426
|switch|p1a: Rotom|Rotom-Wash|100/100
|move|p2a: Kyurem|Ice Beam|p1a: Rotom
|-resisted|p1a: Rotom
|-damage|p1a: Rotom|84/100
|
|-heal|p1a: Rotom|91/100|[from] item: Leftovers
|upkeep
|turn|2
|
|t:|1713605436
|switch|p2a: Jirachi|Jirachi|100/100
|move|p1a: Rotom|Will-O-Wisp|p2a: Jirachi
|-status|p2a: Jirachi|brn
|
|-heal|p1a: Rotom|97/100|[from] item: Leftovers
|-damage|p2a: Jirachi|88/100 brn|[from] brn
|upkeep
|turn|3
|
|t:|1713605446
|move|p2a: Jirachi|Stealth Rock|p1a: Rotom
|-sidestart|p1: Alice Kazumi|move: Stealth Rock
|move|p1a: Rotom|Volt Switch|p2a: Jirachi
|-damage|p2a: Jirachi|73/100 brn
|
|t:|1713605448
|switch|p1a: Celebi|Celebi|100/100|[from] Volt Switch
|-damage|p1a: Celebi|88/100|[from] Stealth Rock
|
|-heal|p1a: Celebi|94/100|[from] item: Leftovers
|-heal|p2a: Jirachi|79/100 brn|[from] item: Leftovers
|-damage|p2a: Jirachi|67/100 brn|[from] brn
|upkeep
|turn|4
|
|t:|1713605457
|move|p1a: Celebi|Stealth Rock|p2a: Jirachi
|-sidestart|p2: BookofConke|move: Stealth Rock
|move|p2a: Jirachi|U-turn|p1a: Celebi
|-supereffective|p1a: Celebi
|-damage|p1a: Celebi|69/100
|inactive|BookofConke has 120 seconds left.
|
|t:|1713605492
|switch|p2a: Kyurem|Kyurem-Black|100/100|[from] U-turn
|-damage|p2a: Kyurem|76/100|[from] Stealth Rock
|-ability|p2a: Kyurem|Teravolt
|
|-heal|p1a: Celebi|75/100|[from] item: Leftovers
|upkeep
|turn|5
|inactive|BookofConke has 120 seconds left.
|
|t:|1713605505
|move|p2a: Kyurem|Dragon Claw|p1a: Celebi
|-damage|p1a: Celebi|9/100
|move|p1a: Celebi|Recover|p1a: Celebi
|-heal|p1a: Celebi|59/100
|
|-heal|p1a: Celebi|65/100|[from] item: Leftovers
|upkeep
|turn|6
|
|t:|1713605512
|switch|p1a: Excadrill|Excadrill, F|100/100
|-damage|p1a: Excadrill|98/100|[from] Stealth Rock
|move|p2a: Kyurem|Dragon Claw|p1a: Excadrill
|-resisted|p1a: Excadrill
|-damage|p1a: Excadrill|44/100
|
|-heal|p1a: Excadrill|50/100|[from] item: Leftovers
|upkeep
|turn|7
|
|t:|1713605524
|move|p2a: Kyurem|Dragon Claw|p1a: Excadrill
|-resisted|p1a: Excadrill
|-damage|p1a: Excadrill|0 fnt
|faint|p1a: Excadrill
|
|upkeep
|
|t:|1713605531
|switch|p1a: Rotom|Rotom-Wash|97/100
|-damage|p1a: Rotom|84/100|[from] Stealth Rock
|turn|8
|j| raphouuuuuu
|
|t:|1713605545
|switch|p2a: Jirachi|Jirachi|67/100 brn
|-damage|p2a: Jirachi|61/100 brn|[from] Stealth Rock
|move|p1a: Rotom|Volt Switch|p2a: Jirachi
|-damage|p2a: Jirachi|45/100 brn
|
|t:|1713605547
|switch|p1a: Landorus|Landorus-Therian, M|100/100|[from] Volt Switch
|-damage|p1a: Landorus|88/100|[from] Stealth Rock
|-ability|p1a: Landorus|Intimidate|boost
|-unboost|p2a: Jirachi|atk|1
|
|-heal|p1a: Landorus|94/100|[from] item: Leftovers
|-heal|p2a: Jirachi|51/100 brn|[from] item: Leftovers
|-damage|p2a: Jirachi|39/100 brn|[from] brn
|upkeep
|turn|9
|inactive|BookofConke has 120 seconds left.
|
|t:|1713605589
|move|p1a: Landorus|Substitute|p1a: Landorus
|-start|p1a: Landorus|Substitute
|-damage|p1a: Landorus|69/100
|move|p2a: Jirachi|Body Slam|p1a: Landorus
|-activate|p1a: Landorus|Substitute|[damage]
|
|-heal|p1a: Landorus|75/100|[from] item: Leftovers
|-heal|p2a: Jirachi|45/100 brn|[from] item: Leftovers
|-damage|p2a: Jirachi|32/100 brn|[from] brn
|upkeep
|turn|10
|
|t:|1713605604
|switch|p2a: Latios|Latios, M|100/100
|-damage|p2a: Latios|88/100|[from] Stealth Rock
|move|p1a: Landorus|Earthquake|p2a: Latios
|-immune|p2a: Latios|[from] ability: Levitate
|
|-heal|p1a: Landorus|81/100|[from] item: Leftovers
|upkeep
|turn|11
|
|t:|1713605613
|move|p2a: Latios|Surf|p1a: Landorus
|-supereffective|p1a: Landorus
|-end|p1a: Landorus|Substitute
|move|p1a: Landorus|Smack Down|p2a: Latios
|-damage|p2a: Latios|62/100
|-start|p2a: Latios|Smack Down
|
|-heal|p1a: Landorus|87/100|[from] item: Leftovers
|upkeep
|turn|12
|
|t:|1713605632
|switch|p2a: Garchomp|Garchomp, M|100/100
|-damage|p2a: Garchomp|94/100|[from] Stealth Rock
|switch|p1a: Tyranitar|Tyranitar, F|100/100
|-damage|p1a: Tyranitar|88/100|[from] Stealth Rock
|-weather|Sandstorm|[from] ability: Sand Stream|[of] p1a: Tyranitar
|
|-weather|Sandstorm|[upkeep]
|upkeep
|turn|13
|
|t:|1713605656
|switch|p1a: Rotom|Rotom-Wash|84/100
|-damage|p1a: Rotom|72/100|[from] Stealth Rock
|move|p2a: Garchomp|Outrage|p1a: Rotom
|-damage|p1a: Rotom|24/100
|
|-weather|Sandstorm|[upkeep]
|-damage|p1a: Rotom|17/100|[from] Sandstorm
|-heal|p1a: Rotom|24/100|[from] item: Leftovers
|upkeep
|turn|14
|
|t:|1713605665
|move|p2a: Garchomp|Outrage|p1a: Rotom|[from]lockedmove
|-damage|p1a: Rotom|0 fnt
|faint|p1a: Rotom
|-start|p2a: Garchomp|confusion|[fatigue]
|
|-weather|Sandstorm|[upkeep]
|upkeep
|
|t:|1713605668
|switch|p1a: Garchomp|Garchomp, F|100/100
|-damage|p1a: Garchomp|94/100|[from] Stealth Rock
|turn|15
|
|t:|1713605677
|switch|p2a: Jirachi|Jirachi|32/100 brn
|-damage|p2a: Jirachi|26/100 brn|[from] Stealth Rock
|move|p1a: Garchomp|Outrage|p2a: Jirachi
|-resisted|p2a: Jirachi
|-damage|p2a: Jirachi|0 fnt
|faint|p2a: Jirachi
|
|-weather|Sandstorm|[upkeep]
|upkeep
|
|t:|1713605691
|switch|p2a: Reuniclus|Reuniclus, F|100/100
|turn|16
|
|t:|1713605694
|move|p1a: Garchomp|Outrage|p2a: Reuniclus|[from]lockedmove
|-damage|p2a: Reuniclus|38/100
|move|p2a: Reuniclus|Hidden Power|p1a: Garchomp
|-supereffective|p1a: Garchomp
|-damage|p1a: Garchomp|0 fnt
|faint|p1a: Garchomp
|
|-weather|Sandstorm|[upkeep]
|upkeep
|
|t:|1713605702
|switch|p1a: Tyranitar|Tyranitar, F|88/100
|-damage|p1a: Tyranitar|76/100|[from] Stealth Rock
|turn|17
|
|t:|1713605709
|move|p1a: Tyranitar|Crunch|p2a: Reuniclus
|-supereffective|p2a: Reuniclus
|-damage|p2a: Reuniclus|0 fnt
|faint|p2a: Reuniclus
|
|-weather|Sandstorm|[upkeep]
|upkeep
|inactive|BookofConke has 120 seconds left.
|
|t:|1713605724
|switch|p2a: Kyurem|Kyurem-Black|76/100
|-damage|p2a: Kyurem|51/100|[from] Stealth Rock
|-ability|p2a: Kyurem|Teravolt
|turn|18
|
|t:|1713605736
|move|p2a: Kyurem|Outrage|p1a: Tyranitar
|-damage|p1a: Tyranitar|0 fnt
|faint|p1a: Tyranitar
|
|-weather|Sandstorm|[upkeep]
|-damage|p2a: Kyurem|45/100|[from] Sandstorm
|upkeep
|-message|Alice Kazumi forfeited.
|
|win|BookofConke
|raw|Alice Kazumi's rating: 1452 &rarr; <strong>1433</strong><br />(-19 for losing)
|raw|BookofConke's rating: 1474 &rarr; <strong>1493</strong><br />(+19 for winning)
|l|☆Alice Kazumi
|player|p1|
