|j|☆u1412036
|j|☆jyyh
|player|p1|u1412036|101
|player|p2|jyyh|163
|teamsize|p1|6
|teamsize|p2|6
|gametype|singles
|gen|5
|tier|[Gen 5] OU
|rated|
|rule|Sleep Clause Mod: Limit one foe put to sleep
|rule|Species Clause: Limit one of each Pokémon
|rule|OHKO Clause: OHKO moves are banned
|rule|Moody Clause: Moody is banned
|rule|Evasion Moves Clause: Evasion moves are banned
|rule|Endless Battle Clause: Forcing endless battles is banned
|rule|HP Percentage Mod: HP is shown in percentages
|rule|Evasion Abilities Clause: Evasion abilities are banned
|rule|Baton Pass Clause: Limit one Baton Passer, can't pass Spe and other stats simultaneously
|rule|Swagger Clause: Swagger is banned
|clearpoke
|poke|p1|Kyurem-Black|item
|poke|p1|Magnezone|item
|poke|p1|Terrakion|item
|poke|p1|Dragonite, F|item
|poke|p1|Latios, M|item
|poke|p1|Scizor, M|item
|poke|p2|Gengar, F|item
|poke|p2|Magnezone|item
|poke|p2|Conkeldurr, F|item
|poke|p2|Landorus-Therian, M|item
|poke|p2|Rotom-Wash|item
|poke|p2|Jirachi|item
|teampreview
|
|start
|switch|p1a: Purger|Terrakion|100/100
|switch|p2a: Magnezone|Magnezone|100/100
|turn|1
|
|move|p2a: Magnezone|Volt Switch|p1a: Purger
|-damage|p1a: Purger|61/100
|
|switch|p2a: Landorus|Landorus-Therian, M|100/100
|-ability|p2a: Landorus|Intimidate|boost
|-unboost|p1a: Purger|atk|1
|move|p1a: Purger|Stealth Rock|p2a: Landorus
|-sidestart|p2: jyyh|move: Stealth Rock
|
|upkeep
|turn|2
|
|switch|p1a: BKC|Kyurem-Black|100/100
|-ability|p1a: BKC|Teravolt
|move|p2a: Landorus|U-turn|p1a: BKC
|-damage|p1a: BKC|77/100
|
|switch|p2a: Jirachi|Jirachi|100/100
|-damage|p2a: Jirachi|94/100|[from] Stealth Rock
|
|-heal|p2a: Jirachi|100/100|[from] item: Leftovers
|upkeep
|turn|3
|inactive|Battle timer is ON: inactive players will automatically lose when time's up. (requested by jyyh)
|
|move|p1a: BKC|Earth Power|p2a: Jirachi
|-supereffective|p2a: Jirachi
|-damage|p2a: Jirachi|56/100
|-damage|p1a: BKC|67/100|[from] item: Life Orb
|move|p2a: Jirachi|Stealth Rock|p1a: BKC
|-sidestart|p1: u1412036|move: Stealth Rock
|
|-heal|p2a: Jirachi|62/100|[from] item: Leftovers
|upkeep
|turn|4
|inactive|jyyh has 135 seconds left.
|
|move|p1a: BKC|Earth Power|p2a: Jirachi
|-supereffective|p2a: Jirachi
|-damage|p2a: Jirachi|17/100
|-damage|p1a: BKC|57/100|[from] item: Life Orb
|move|p2a: Jirachi|Iron Head|p1a: BKC
|-supereffective|p1a: BKC
|-damage|p1a: BKC|6/100
|
|-heal|p2a: Jirachi|24/100|[from] item: Leftovers
|upkeep
|turn|5
|inactive|u1412036 has 135 seconds left.
|inactive|u1412036 has 120 seconds left.
|
|switch|p2a: Rotom|Rotom-Wash|100/100
|-damage|p2a: Rotom|88/100|[from] Stealth Rock
|move|p1a: BKC|Earth Power|p2a: Rotom
|-supereffective|p2a: Rotom
|-damage|p2a: Rotom|10/100
|-damage|p1a: BKC|0 fnt|[from] item: Life Orb
|faint|p1a: BKC
|
|-heal|p2a: Rotom|16/100|[from] item: Leftovers
|upkeep
|inactive|u1412036 has 135 seconds left.
|c|☆jyyh|i keep forgetting about Teravolt holy shit
|inactive|u1412036 has 120 seconds left.
|
|switch|p1a: Stone_Cold|Dragonite, F|100/100
|-damage|p1a: Stone_Cold|76/100|[from] Stealth Rock
|turn|6
|
|move|p1a: Stone_Cold|Dragon Dance|p1a: Stone_Cold
|-boost|p1a: Stone_Cold|atk|1
|-boost|p1a: Stone_Cold|spe|1
|move|p2a: Rotom|Thunder Wave|p1a: Stone_Cold
|-status|p1a: Stone_Cold|par
|-enditem|p1a: Stone_Cold|Lum Berry|[eat]
|-curestatus|p1a: Stone_Cold|par|[msg]
|
|-heal|p2a: Rotom|22/100|[from] item: Leftovers
|upkeep
|turn|7
|
|move|p1a: Stone_Cold|Extreme Speed|p2a: Rotom
|-damage|p2a: Rotom|0 fnt
|faint|p2a: Rotom
|
|upkeep
|
|switch|p2a: Landorus|Landorus-Therian, M|100/100
|-damage|p2a: Landorus|88/100|[from] Stealth Rock
|-ability|p2a: Landorus|Intimidate|boost
|-unboost|p1a: Stone_Cold|atk|1
|turn|8
|inactive|u1412036 has 135 seconds left.
|
|move|p2a: Landorus|Hidden Power|p1a: Stone_Cold
|-supereffective|p1a: Stone_Cold
|-damage|p1a: Stone_Cold|5/100
|move|p1a: Stone_Cold|Outrage|p2a: Landorus
|-damage|p2a: Landorus|12/100
|
|upkeep
|turn|9
|
|move|p2a: Landorus|Hidden Power|p1a: Stone_Cold
|-supereffective|p1a: Stone_Cold
|-damage|p1a: Stone_Cold|0 fnt
|faint|p1a: Stone_Cold
|
|upkeep
|inactive|u1412036 has 135 seconds left.
|inactive|u1412036 has 120 seconds left.
|inactive|u1412036 has 105 seconds left.
|
|switch|p1a: Purger|Terrakion|61/100
|-damage|p1a: Purger|54/100|[from] Stealth Rock
|turn|10
|
|move|p2a: Landorus|Hidden Power|p1a: Purger
|-damage|p1a: Purger|36/100
|move|p1a: Purger|Stone Edge|p2a: Landorus
|-crit|p2a: Landorus
|-damage|p2a: Landorus|0 fnt
|faint|p2a: Landorus
|
|upkeep
|inactive|jyyh has 135 seconds left.
|
|switch|p2a: Gengar|Gengar, F|100/100
|-damage|p2a: Gengar|88/100|[from] Stealth Rock
|turn|11
|inactive|u1412036 has 135 seconds left.
|
|switch|p1a: CTC|Magnezone|100/100
|-damage|p1a: CTC|95/100|[from] Stealth Rock
|move|p2a: Gengar|Substitute|p2a: Gengar
|-start|p2a: Gengar|Substitute
|-damage|p2a: Gengar|63/100
|
|-heal|p2a: Gengar|69/100|[from] item: Black Sludge
|upkeep
|turn|12
|
|move|p2a: Gengar|Focus Blast|p1a: CTC
|-supereffective|p1a: CTC
|-damage|p1a: CTC|0 fnt
|faint|p1a: CTC
|
|-heal|p2a: Gengar|76/100|[from] item: Black Sludge
|upkeep
|
|switch|p1a: Scizor|Scizor, M|100/100
|-damage|p1a: Scizor|88/100|[from] Stealth Rock
|turn|13
|
|move|p2a: Gengar|Focus Blast|p1a: Scizor|[miss]
|-miss|p2a: Gengar|p1a: Scizor
|move|p1a: Scizor|Acrobatics|p2a: Gengar
|-enditem|p1a: Scizor|Flying Gem|[from] gem|[move] Acrobatics
|-end|p2a: Gengar|Substitute
|
|-heal|p2a: Gengar|82/100|[from] item: Black Sludge
|upkeep
|turn|14
|
|switch|p2a: Magnezone|Magnezone|100/100
|-damage|p2a: Magnezone|94/100|[from] Stealth Rock
|move|p1a: Scizor|Acrobatics|p2a: Magnezone
|-resisted|p2a: Magnezone
|-damage|p2a: Magnezone|84/100
|
|upkeep
|turn|15
|inactive|jyyh has 135 seconds left.
|
|move|p2a: Magnezone|Thunderbolt|p1a: Scizor
|-damage|p1a: Scizor|19/100
|move|p1a: Scizor|Superpower|p2a: Magnezone
|-supereffective|p2a: Magnezone
|-damage|p2a: Magnezone|0 fnt
|-unboost|p1a: Scizor|atk|1
|-unboost|p1a: Scizor|def|1
|faint|p2a: Magnezone
|
|upkeep
|inactive|jyyh has 135 seconds left.
|
|switch|p2a: Conkeldurr|Conkeldurr, F|100/100
|-damage|p2a: Conkeldurr|94/100|[from] Stealth Rock
|turn|16
|
|move|p1a: Scizor|Swords Dance|p1a: Scizor
|-boost|p1a: Scizor|atk|2
|move|p2a: Conkeldurr|Bulk Up|p2a: Conkeldurr
|-boost|p2a: Conkeldurr|atk|1
|-boost|p2a: Conkeldurr|def|1
|
|-heal|p2a: Conkeldurr|100/100|[from] item: Leftovers
|upkeep
|turn|17
|
|move|p2a: Conkeldurr|Mach Punch|p1a: Scizor
|-damage|p1a: Scizor|0 fnt
|faint|p1a: Scizor
|
|upkeep
|
|switch|p1a: IDM Hugo|Latios, M|100/100
|-damage|p1a: IDM Hugo|88/100|[from] Stealth Rock
|turn|18
|
|move|p1a: IDM Hugo|Psyshock|p2a: Conkeldurr
|-supereffective|p2a: Conkeldurr
|-damage|p2a: Conkeldurr|46/100
|move|p2a: Conkeldurr|Ice Punch|p1a: IDM Hugo
|-supereffective|p1a: IDM Hugo
|-damage|p1a: IDM Hugo|0 fnt
|faint|p1a: IDM Hugo
|
|-heal|p2a: Conkeldurr|52/100|[from] item: Leftovers
|upkeep
|
|switch|p1a: Purger|Terrakion|36/100
|-damage|p1a: Purger|30/100|[from] Stealth Rock
|turn|19
|c|☆jyyh|gg
|
|move|p2a: Conkeldurr|Mach Punch|p1a: Purger
|-supereffective|p1a: Purger
|-damage|p1a: Purger|0 fnt
|faint|p1a: Purger
|
|win|jyyh
|raw|u1412036's rating: 1342 &rarr; <strong>1320</strong><br />(-22 for losing)
|raw|jyyh's rating: 1317 &rarr; <strong>1339</strong><br />(+22 for winning)
