|j|☆daddy_days2
|j|☆xpeps_10
|t:|1741797078
|gametype|singles
|player|p1|daddy_days2|benga|1415
|player|p2|xpeps_10|gentleman-gen4|1338
|teamsize|p1|6
|teamsize|p2|6
|gen|5
|tier|[Gen 5] OU
|rated|
|rule|Species Clause: Limit one of each Pokémon
|rule|OHKO Clause: OHKO moves are banned
|rule|Moody Clause: Moody is banned
|rule|Evasion Items Clause: Evasion items are banned
|rule|Evasion Moves Clause: Evasion moves are banned
|rule|Endless Battle Clause: Forcing endless battles is banned
|rule|HP Percentage Mod: HP is shown in percentages
|rule|Evasion Abilities Clause: Evasion abilities are banned
|rule|Sleep Moves Clause: Sleep-inducing moves are banned
|rule|Swagger Clause: Swagger is banned
|rule|Baton Pass Stat Clause: No Baton Passer may have a way to boost its stats
|clearpoke
|poke|p1|Kyurem-Black|item
|poke|p1|Garchomp, M|item
|poke|p1|Conkeldurr, M|item
|poke|p1|Starmie|item
|poke|p1|Bisharp, F|item
|poke|p1|Scyther, M|item
|poke|p2|Politoed, F|item
|poke|p2|Thundurus-Therian, M|item
|poke|p2|Starmie|item
|poke|p2|Scizor, M|item
|poke|p2|Skarmory, M|item
|poke|p2|Jellicent, F|item
|teampreview
|inactive|Battle timer is ON: inactive players will automatically lose when time's up. (requested by xpeps_10)
|
|t:|1741797097
|start
|switch|p1a: Insane Dwayne|Kyurem-Black|100/100
|switch|p2a: Skarmory|Skarmory, M|100/100
|-ability|p1a: Insane Dwayne|Teravolt
|turn|1
|
|t:|1741797104
|move|p1a: Insane Dwayne|Fusion Bolt|p2a: Skarmory
|-supereffective|p2a: Skarmory
|-damage|p2a: Skarmory|0 fnt
|faint|p2a: Skarmory
|
|upkeep
|
|t:|1741797108
|switch|p2a: Scizor|Scizor, M|100/100
|turn|2
|
|t:|1741797113
|switch|p1a: Painkiller|Garchomp, M|100/100
|move|p2a: Scizor|U-turn|p1a: Painkiller
|-damage|p1a: Painkiller|62/100
|-damage|p2a: Scizor|88/100|[from] ability: Rough Skin|[of] p1a: Painkiller
|-damage|p2a: Scizor|72/100|[from] item: Rocky Helmet|[of] p1a: Painkiller
|
|t:|1741797118
|switch|p2a: Starmie|Starmie, shiny|100/100|[from] U-turn
|-item|p2a: Starmie|Air Balloon
|
|upkeep
|turn|3
|
|t:|1741797126
|switch|p1a: Adolf|Bisharp, F|100/100
|-item|p1a: Adolf|Air Balloon
|move|p2a: Starmie|Ice Beam|p1a: Adolf
|-resisted|p1a: Adolf
|-damage|p1a: Adolf|74/100
|-enditem|p1a: Adolf|Air Balloon
|
|upkeep
|turn|4
|
|t:|1741797135
|move|p2a: Starmie|Surf|p1a: Adolf
|-damage|p1a: Adolf|16/100
|move|p1a: Adolf|Pursuit|p2a: Starmie
|-supereffective|p2a: Starmie
|-damage|p2a: Starmie|38/100
|-enditem|p2a: Starmie|Air Balloon
|
|upkeep
|turn|5
|
|t:|1741797143
|-activate|p2a: Starmie|move: Pursuit
|move|p1a: Adolf|Pursuit|p2a: Starmie|[from] Pursuit
|-supereffective|p2a: Starmie
|-damage|p2a: Starmie|0 fnt
|faint|p2a: Starmie
|-hint|A Pokemon can't switch between when it runs out of HP and when it faints
|
|upkeep
|
|t:|1741797145
|switch|p2a: Politoed|Politoed, F, shiny|100/100
|-weather|RainDance|[from] ability: Drizzle|[of] p2a: Politoed
|turn|6
|
|t:|1741797155
|move|p1a: Adolf|Sucker Punch|p2a: Politoed
|-damage|p2a: Politoed|47/100
|move|p2a: Politoed|Surf|p1a: Adolf
|-damage|p1a: Adolf|0 fnt
|faint|p1a: Adolf
|
|-weather|RainDance|[upkeep]
|upkeep
|
|t:|1741797167
|switch|p1a: Insane Dwayne|Kyurem-Black|100/100
|-ability|p1a: Insane Dwayne|Teravolt
|turn|7
|
|t:|1741797171
|move|p1a: Insane Dwayne|Fusion Bolt|p2a: Politoed
|-supereffective|p2a: Politoed
|-damage|p2a: Politoed|0 fnt
|faint|p2a: Politoed
|
|-weather|RainDance|[upkeep]
|upkeep
|
|t:|1741797180
|switch|p2a: Scizor|Scizor, M|72/100
|turn|8
|
|t:|1741797183
|switch|p1a: Painkiller|Garchomp, M|62/100
|move|p2a: Scizor|U-turn|p1a: Painkiller
|-damage|p1a: Painkiller|28/100
|-damage|p2a: Scizor|59/100|[from] ability: Rough Skin|[of] p1a: Painkiller
|-damage|p2a: Scizor|43/100|[from] item: Rocky Helmet|[of] p1a: Painkiller
|
|t:|1741797192
|switch|p2a: Thundurus|Thundurus-Therian, M|100/100|[from] U-turn
|
|-weather|RainDance|[upkeep]
|upkeep
|turn|9
|
|t:|1741797201
|move|p2a: Thundurus|Agility|p2a: Thundurus
|-boost|p2a: Thundurus|spe|2
|move|p1a: Painkiller|Dragon Tail|p2a: Thundurus|[miss]
|-miss|p1a: Painkiller|p2a: Thundurus
|
|-weather|RainDance|[upkeep]
|upkeep
|turn|10
|
|t:|1741797219
|move|p2a: Thundurus|Hidden Power|p1a: Painkiller
|-supereffective|p1a: Painkiller
|-damage|p1a: Painkiller|0 fnt
|faint|p1a: Painkiller
|
|-weather|RainDance|[upkeep]
|upkeep
|
|t:|1741797227
|switch|p1a: Insane Dwayne|Kyurem-Black|100/100
|-ability|p1a: Insane Dwayne|Teravolt
|turn|11
|
|t:|1741797238
|switch|p2a: Jellicent|Jellicent, F|100/100
|move|p1a: Insane Dwayne|Outrage|p2a: Jellicent
|-damage|p2a: Jellicent|0 fnt
|faint|p2a: Jellicent
|
|-weather|RainDance|[upkeep]
|upkeep
|
|t:|1741797240
|switch|p2a: Scizor|Scizor, M|43/100
|turn|12
|
|t:|1741797249
|move|p2a: Scizor|Bullet Punch|p1a: Insane Dwayne
|-supereffective|p1a: Insane Dwayne
|-damage|p1a: Insane Dwayne|11/100
|move|p1a: Insane Dwayne|Outrage|p2a: Scizor|[from] lockedmove
|-resisted|p2a: Scizor
|-damage|p2a: Scizor|0 fnt
|faint|p2a: Scizor
|
|-weather|RainDance|[upkeep]
|upkeep
|
|t:|1741797256
|switch|p2a: Thundurus|Thundurus-Therian, M|100/100
|turn|13
|
|t:|1741797261
|move|p1a: Insane Dwayne|Outrage|p2a: Thundurus|[from] lockedmove
|-damage|p2a: Thundurus|0 fnt
|faint|p2a: Thundurus
|-start|p1a: Insane Dwayne|confusion|[fatigue]
|
|win|daddy_days2
|raw|daddy_days2's rating: 1415 &rarr; <strong>1431</strong><br />(+16 for winning)
|raw|xpeps_10's rating: 1338 &rarr; <strong>1322</strong><br />(-16 for losing)
|l|☆xpeps_10
|player|p2|
|c|☆daddy_days2|gg
