|j|☆eurosvgc
|j|☆radiomahir903fm
|t:|1701815551
|gametype|singles
|player|p1|eurosvgc|170|1319
|player|p2|radiomahir903fm|iris|1336
|teamsize|p1|6
|teamsize|p2|6
|gen|5
|tier|[Gen 5] OU
|rated|
|rule|Species Clause: Limit one of each Pokémon
|rule|OHKO Clause: OHKO moves are banned
|rule|Moody Clause: Moody is banned
|rule|Evasion Items Clause: Evasion items are banned
|rule|Evasion Moves Clause: Evasion moves are banned
|rule|Endless Battle Clause: Forcing endless battles is banned
|rule|HP Percentage Mod: HP is shown in percentages
|rule|Evasion Abilities Clause: Evasion abilities are banned
|rule|Sleep Moves Clause: Sleep-inducing moves are banned
|rule|Swagger Clause: Swagger is banned
|rule|Baton Pass Stat Clause: No Baton Passer may have a way to boost its stats
|clearpoke
|poke|p1|Tyranitar, F|item
|poke|p1|Alakazam, M|item
|poke|p1|Scizor, F|item
|poke|p1|Landorus-Therian, M|item
|poke|p1|Jellicent, F|item
|poke|p1|Heatran, M|item
|poke|p2|Garchomp, M|item
|poke|p2|Terrakion|item
|poke|p2|Starmie|item
|poke|p2|Dragonite, M|item
|poke|p2|Scizor, M|item
|poke|p2|Breloom, M|item
|teampreview
|inactive|Battle timer is ON: inactive players will automatically lose when time's up. (requested by eurosvgc)
|
|t:|1701815630
|start
|switch|p1a: Landorus|Landorus-Therian, M|100/100
|switch|p2a: Terrakion|Terrakion|100/100
|-ability|p1a: Landorus|Intimidate|boost
|-unboost|p2a: Terrakion|atk|1
|turn|1
|
|t:|1701815634
|move|p2a: Terrakion|Taunt|p1a: Landorus
|-start|p1a: Landorus|move: Taunt
|cant|p1a: Landorus|move: Taunt|Stealth Rock
|
|upkeep
|turn|2
|
|t:|1701815637
|move|p2a: Terrakion|Stealth Rock|p1a: Landorus
|-sidestart|p1: eurosvgc|move: Stealth Rock
|move|p1a: Landorus|Earthquake|p2a: Terrakion
|-supereffective|p2a: Terrakion
|-enditem|p2a: Terrakion|Focus Sash
|-damage|p2a: Terrakion|1/100
|
|upkeep
|turn|3
|
|t:|1701815642
|switch|p2a: Starmie|Starmie|100/100
|-item|p2a: Starmie|Air Balloon
|move|p1a: Landorus|U-turn|p2a: Starmie
|-supereffective|p2a: Starmie
|-damage|p2a: Starmie|39/100
|-enditem|p2a: Starmie|Air Balloon
|
|t:|1701815645
|switch|p1a: Alakazam|Alakazam, M|100/100|[from] U-turn
|
|upkeep
|turn|4
|
|t:|1701815648
|switch|p2a: Scizor|Scizor, M|100/100
|move|p1a: Alakazam|Shadow Ball|p2a: Scizor
|-resisted|p2a: Scizor
|-damage|p2a: Scizor|79/100
|
|upkeep
|turn|5
|
|t:|1701815652
|move|p1a: Alakazam|Hidden Power|p2a: Scizor
|-supereffective|p2a: Scizor
|-damage|p2a: Scizor|0 fnt
|faint|p2a: Scizor
|
|upkeep
|
|t:|1701815656
|switch|p2a: Garchomp|Garchomp, M|100/100
|turn|6
|
|t:|1701815663
|switch|p1a: Landorus|Landorus-Therian, M|100/100
|-damage|p1a: Landorus|88/100|[from] Stealth Rock
|-ability|p1a: Landorus|Intimidate|boost
|-unboost|p2a: Garchomp|atk|1
|move|p2a: Garchomp|Earthquake|p1a: Landorus
|-immune|p1a: Landorus
|
|-heal|p1a: Landorus|94/100|[from] item: Leftovers
|upkeep
|turn|7
|
|t:|1701815666
|move|p1a: Landorus|Stealth Rock|p2a: Garchomp
|-sidestart|p2: radiomahir903fm|move: Stealth Rock
|move|p2a: Garchomp|Swords Dance|p2a: Garchomp
|-boost|p2a: Garchomp|atk|2
|
|-heal|p1a: Landorus|99/100|[from] item: Leftovers
|upkeep
|turn|8
|
|t:|1701815669
|move|p1a: Landorus|Hidden Power|p2a: Garchomp
|-supereffective|p2a: Garchomp
|-damage|p2a: Garchomp|24/100
|move|p2a: Garchomp|Outrage|p1a: Landorus
|-damage|p1a: Landorus|4/100
|
|-heal|p1a: Landorus|10/100|[from] item: Leftovers
|upkeep
|turn|9
|
|t:|1701815674
|move|p1a: Landorus|Hidden Power|p2a: Garchomp
|-supereffective|p2a: Garchomp
|-damage|p2a: Garchomp|0 fnt
|faint|p2a: Garchomp
|
|-heal|p1a: Landorus|16/100|[from] item: Leftovers
|upkeep
|
|t:|1701815678
|switch|p2a: Starmie|Starmie|39/100
|-damage|p2a: Starmie|27/100|[from] Stealth Rock
|turn|10
|
|t:|1701815688
|move|p2a: Starmie|Thunder|p1a: Landorus
|-immune|p1a: Landorus
|move|p1a: Landorus|U-turn|p2a: Starmie
|-supereffective|p2a: Starmie
|-damage|p2a: Starmie|0 fnt
|faint|p2a: Starmie
|-message|radiomahir903fm forfeited.
|
|win|eurosvgc
|raw|eurosvgc's rating: 1319 &rarr; <strong>1340</strong><br />(+21 for winning)
|raw|radiomahir903fm's rating: 1336 &rarr; <strong>1315</strong><br />(-21 for losing)
|l|☆radiomahir903fm
