|uhtml|medal-msg|<div class="broadcast-blue">Curious what those medals under the avatar are? PS now has Ladder Seasons! For more information, check out the <a href="https://www.smogon.com/forums/threads/3740067/">thread on Smogon.</a></div>
|uhtml|medal-msg|<div class="broadcast-blue">Curious what those medals under the avatar are? PS now has Ladder Seasons! For more information, check out the <a href="https://www.smogon.com/forums/threads/3740067/">thread on Smogon.</a></div>
|j|☆Draco Bombers
|j|☆leoperi99
|t:|1712778354
|gametype|singles
|player|p1|Draco Bombers|silver-gen2kanto|1296
|player|p2|leoperi99|juggler-gen2|1432
|teamsize|p1|6
|teamsize|p2|6
|gen|5
|tier|[Gen 5] OU
|rated|
|rule|Species Clause: Limit one of each Pokémon
|rule|OHKO Clause: OHKO moves are banned
|rule|Moody Clause: Moody is banned
|rule|Evasion Items Clause: Evasion items are banned
|rule|Evasion Moves Clause: Evasion moves are banned
|rule|Endless Battle Clause: Forcing endless battles is banned
|rule|HP Percentage Mod: HP is shown in percentages
|rule|Evasion Abilities Clause: Evasion abilities are banned
|rule|Sleep Moves Clause: Sleep-inducing moves are banned
|rule|Swagger Clause: Swagger is banned
|rule|Baton Pass Stat Clause: No Baton Passer may have a way to boost its stats
|clearpoke
|poke|p1|Cloyster, M|item
|poke|p1|Garchomp, F|item
|poke|p1|Starmie|item
|poke|p1|Scizor, M|item
|poke|p1|Breloom, M|item
|poke|p1|Latios, M|item
|poke|p2|Excadrill, F|item
|poke|p2|Politoed, F|item
|poke|p2|Ferrothorn, M|item
|poke|p2|Keldeo|item
|poke|p2|Starmie|item
|poke|p2|Thundurus-Therian, M|item
|teampreview
|c|☆Draco Bombers|hi leoperi
|c|☆Draco Bombers|whats up
|c|☆leoperi99|sup
|
|t:|1712778400
|start
|switch|p1a: The Saga Begins|Garchomp, F|100/100
|switch|p2a: Politoed|Politoed, F|100/100
|-weather|RainDance|[from] ability: Drizzle|[of] p2a: Politoed
|turn|1
|inactive|Battle timer is ON: inactive players will automatically lose when time's up. (requested by leoperi99)
|j| Don Briano
|
|t:|1712778415
|move|p1a: The Saga Begins|Stealth Rock|p2a: Politoed
|-sidestart|p2: leoperi99|move: Stealth Rock
|move|p2a: Politoed|Encore|p1a: The Saga Begins
|-start|p1a: The Saga Begins|Encore
|
|-weather|RainDance|[upkeep]
|upkeep
|turn|2
|
|t:|1712778426
|switch|p1a: Yoda|Breloom, M, shiny|100/100
|move|p2a: Politoed|Ice Beam|p1a: Yoda
|-supereffective|p1a: Yoda
|-damage|p1a: Yoda|16/100
|
|-weather|RainDance|[upkeep]
|upkeep
|turn|3
|j| torinoko city
|
|t:|1712778437
|move|p1a: Yoda|Bullet Seed|p2a: Politoed
|-supereffective|p2a: Politoed
|-damage|p2a: Politoed|68/100
|-supereffective|p2a: Politoed
|-damage|p2a: Politoed|34/100
|-supereffective|p2a: Politoed
|-damage|p2a: Politoed|0 fnt
|faint|p2a: Politoed
|-hitcount|p2: Politoed|3
|
|-weather|RainDance|[upkeep]
|upkeep
|j| Silexius
|j| Xiapi Castle
|n| Pursuing Lu Bu|xiapicastle
|
|t:|1712778447
|switch|p2a: Thundurus|Thundurus-Therian, M, shiny|100/100
|-damage|p2a: Thundurus|75/100|[from] Stealth Rock
|turn|4
|
|t:|1712778456
|move|p2a: Thundurus|Agility|p2a: Thundurus
|-boost|p2a: Thundurus|spe|2
|move|p1a: Yoda|Low Sweep|p2a: Thundurus
|-resisted|p2a: Thundurus
|-damage|p2a: Thundurus|37/100
|-unboost|p2a: Thundurus|spe|1
|
|-weather|RainDance|[upkeep]
|upkeep
|turn|5
|
|t:|1712778472
|move|p1a: Yoda|Mach Punch|p2a: Thundurus
|-resisted|p2a: Thundurus
|-damage|p2a: Thundurus|13/100
|move|p2a: Thundurus|Hidden Power|p1a: Yoda
|-supereffective|p1a: Yoda
|-damage|p1a: Yoda|0 fnt
|faint|p1a: Yoda
|
|-weather|RainDance|[upkeep]
|upkeep
|
|t:|1712778479
|switch|p1a: Trigger Happy|Scizor, M, shiny|100/100
|turn|6
|
|t:|1712778493
|move|p1a: Trigger Happy|Bullet Punch|p2a: Thundurus
|-resisted|p2a: Thundurus
|-damage|p2a: Thundurus|0 fnt
|faint|p2a: Thundurus
|-damage|p1a: Trigger Happy|91/100|[from] item: Life Orb
|
|-weather|RainDance|[upkeep]
|upkeep
|l| Silexius
|inactive|leoperi99 has 120 seconds left.
|
|t:|1712778528
|switch|p2a: Keldeo|Keldeo|100/100
|-damage|p2a: Keldeo|94/100|[from] Stealth Rock
|turn|7
|
|t:|1712778553
|switch|p1a: eBay|Latios, M|100/100
|move|p2a: Keldeo|Surf|p1a: eBay
|-resisted|p1a: eBay
|-damage|p1a: eBay|44/100
|
|-weather|RainDance|[upkeep]
|upkeep
|turn|8
|inactive|Draco Bombers has 120 seconds left.
|
|t:|1712778579
|switch|p2a: Ferrothorn|Ferrothorn, M|100/100
|-damage|p2a: Ferrothorn|94/100|[from] Stealth Rock
|move|p1a: eBay|Hidden Power|p2a: Ferrothorn
|-supereffective|p2a: Ferrothorn
|-damage|p2a: Ferrothorn|48/100
|
|-weather|RainDance|[upkeep]
|upkeep
|turn|9
|
|t:|1712778588
|move|p1a: eBay|Hidden Power|p2a: Ferrothorn
|-supereffective|p2a: Ferrothorn
|-damage|p2a: Ferrothorn|0 fnt
|faint|p2a: Ferrothorn
|
|-weather|RainDance|[upkeep]
|upkeep
|
|t:|1712778597
|switch|p2a: Starmie|Starmie|100/100
|-damage|p2a: Starmie|88/100|[from] Stealth Rock
|-item|p2a: Starmie|Air Balloon
|turn|10
|inactive|Draco Bombers has 120 seconds left.
|
|t:|1712778615
|switch|p1a: Trigger Happy|Scizor, M, shiny|91/100
|move|p2a: Starmie|Ice Beam|p1a: Trigger Happy
|-resisted|p1a: Trigger Happy
|-damage|p1a: Trigger Happy|69/100
|
|-weather|RainDance|[upkeep]
|upkeep
|turn|11
|inactive|Draco Bombers has 120 seconds left.
|
|t:|1712778626
|move|p1a: Trigger Happy|Quick Attack|p2a: Starmie
|-damage|p2a: Starmie|45/100
|-enditem|p2a: Starmie|Air Balloon
|-damage|p1a: Trigger Happy|59/100|[from] item: Life Orb
|move|p2a: Starmie|Hydro Pump|p1a: Trigger Happy
|-damage|p1a: Trigger Happy|0 fnt
|faint|p1a: Trigger Happy
|
|-weather|RainDance|[upkeep]
|upkeep
|inactive|Draco Bombers has 120 seconds left.
|
|t:|1712778645
|switch|p1a: The Saga Begins|Garchomp, F|100/100
|turn|12
|
|t:|1712778654
|move|p2a: Starmie|Ice Beam|p1a: The Saga Begins
|-supereffective|p1a: The Saga Begins
|-enditem|p1a: The Saga Begins|Focus Sash
|-damage|p1a: The Saga Begins|1/100
|move|p1a: The Saga Begins|Earthquake|p2a: Starmie
|-damage|p2a: Starmie|0 fnt
|faint|p2a: Starmie
|
|-weather|RainDance|[upkeep]
|upkeep
|
|t:|1712778659
|switch|p2a: Keldeo|Keldeo|94/100
|-damage|p2a: Keldeo|88/100|[from] Stealth Rock
|turn|13
|
|t:|1712778664
|move|p2a: Keldeo|Surf|p1a: The Saga Begins
|-crit|p1a: The Saga Begins
|-damage|p1a: The Saga Begins|0 fnt
|faint|p1a: The Saga Begins
|
|-weather|RainDance|[upkeep]
|upkeep
|inactive|Draco Bombers has 120 seconds left.
|
|t:|1712778676
|switch|p1a: Can't Watch This|Starmie|100/100
|-item|p1a: Can't Watch This|Air Balloon
|turn|14
|
|t:|1712778681
|switch|p2a: Excadrill|Excadrill, F, shiny|100/100
|-damage|p2a: Excadrill|97/100|[from] Stealth Rock
|-ability|p2a: Excadrill|Mold Breaker
|move|p1a: Can't Watch This|Thunderbolt|p2a: Excadrill
|-immune|p2a: Excadrill
|
|-weather|RainDance|[upkeep]
|upkeep
|turn|15
|inactive|Draco Bombers has 120 seconds left.
|
|t:|1712778705
|move|p2a: Excadrill|Rock Slide|p1a: Can't Watch This|[miss]
|-miss|p2a: Excadrill|p1a: Can't Watch This
|move|p1a: Can't Watch This|Hydro Pump|p2a: Excadrill
|-supereffective|p2a: Excadrill
|-damage|p2a: Excadrill|0 fnt
|faint|p2a: Excadrill
|
|-weather|RainDance|[upkeep]
|upkeep
|-message|leoperi99 forfeited.
|
|win|Draco Bombers
|raw|Draco Bombers's rating: 1296 &rarr; <strong>1330</strong><br />(+34 for winning)
|raw|leoperi99's rating: 1432 &rarr; <strong>1405</strong><br />(-27 for losing)
|c|☆leoperi99|gg
|l|☆leoperi99
|player|p2|
|c|☆Draco Bombers|Gg
|l| torinoko city
|l| Don Briano
|l| Pursuing Lu Bu
|j| inietto tungsteno
