|j|☆Sevelon
|j|☆Gh0st of Perdition
|player|p1|Sevelon|jupiter|1458
|player|p2|Gh0st of Perdition|guitarist-gen4|1507
|teamsize|p1|6
|teamsize|p2|6
|gametype|singles
|gen|5
|tier|[Gen 5] OU
|rated|
|clearpoke
|poke|p1|Politoed, F|item
|poke|p1|Thundurus-Therian, M|item
|poke|p1|Latios, M|item
|poke|p1|Jirachi|item
|poke|p1|Starmie|item
|poke|p1|Ferrothorn, F|item
|poke|p2|Politoed, M|item
|poke|p2|Ferrothorn, M|item
|poke|p2|Toxicroak, M|item
|poke|p2|Thundurus-Therian, M|item
|poke|p2|Excadrill, F|item
|poke|p2|Kyurem|item
|rule|Species Clause: Limit one of each Pokémon
|rule|OHKO Clause: OHKO moves are banned
|rule|Moody Clause: Moody is banned
|rule|Evasion Moves Clause: Evasion moves are banned
|rule|Endless Battle Clause: Forcing endless battles is banned
|rule|HP Percentage Mod: HP is shown in percentages
|rule|Evasion Abilities Clause: Evasion abilities are banned
|rule|Baton Pass Clause: Limit one Baton Passer, can't pass Spe and other stats simultaneously
|rule|Sleep Clause: Sleep-inducing moves are banned
|rule|Swagger Clause: Swagger is banned
|teampreview
|inactive|Battle timer is ON: inactive players will automatically lose when time's up. (requested by Sevelon)
|
|start
|switch|p1a: Ferrothorn|Ferrothorn, F|100/100
|switch|p2a: Ferrothorn|Ferrothorn, M|100/100
|turn|1
|
|move|p2a: Ferrothorn|Stealth Rock|p1a: Ferrothorn
|-sidestart|p1: Sevelon|move: Stealth Rock
|move|p1a: Ferrothorn|Stealth Rock|p2a: Ferrothorn
|-sidestart|p2: Gh0st of Perdition|move: Stealth Rock
|
|upkeep
|turn|2
|
|move|p1a: Ferrothorn|Spikes|p2a: Ferrothorn
|-sidestart|p2: Gh0st of Perdition|Spikes
|move|p2a: Ferrothorn|Spikes|p1a: Ferrothorn
|-sidestart|p1: Sevelon|Spikes
|
|upkeep
|turn|3
|
|move|p2a: Ferrothorn|Spikes|p1a: Ferrothorn
|-sidestart|p1: Sevelon|Spikes
|move|p1a: Ferrothorn|Spikes|p2a: Ferrothorn
|-sidestart|p2: Gh0st of Perdition|Spikes
|
|upkeep
|turn|4
|
|move|p2a: Ferrothorn|Spikes|p1a: Ferrothorn
|-sidestart|p1: Sevelon|Spikes
|move|p1a: Ferrothorn|Spikes|p2a: Ferrothorn
|-sidestart|p2: Gh0st of Perdition|Spikes
|
|upkeep
|turn|5
|
|move|p2a: Ferrothorn|Power Whip|p1a: Ferrothorn
|-resisted|p1a: Ferrothorn
|-damage|p1a: Ferrothorn|94/100
|-damage|p2a: Ferrothorn|88/100|[from] ability: Iron Barbs|[of] p1a: Ferrothorn
|move|p1a: Ferrothorn|Gyro Ball|p2a: Ferrothorn
|-resisted|p2a: Ferrothorn
|-damage|p2a: Ferrothorn|85/100
|-damage|p1a: Ferrothorn|81/100|[from] ability: Iron Barbs|[of] p2a: Ferrothorn
|
|-heal|p1a: Ferrothorn|88/100|[from] item: Leftovers
|upkeep
|turn|6
|
|move|p2a: Ferrothorn|Leech Seed|p1a: Ferrothorn
|-immune|p1a: Ferrothorn
|move|p1a: Ferrothorn|Power Whip|p2a: Ferrothorn
|-resisted|p2a: Ferrothorn
|-damage|p2a: Ferrothorn|78/100
|-damage|p1a: Ferrothorn|75/100|[from] ability: Iron Barbs|[of] p2a: Ferrothorn
|
|-heal|p1a: Ferrothorn|81/100|[from] item: Leftovers
|upkeep
|turn|7
|
|switch|p2a: Thundurus|Thundurus-Therian, M|100/100
|-damage|p2a: Thundurus|76/100|[from] Stealth Rock
|move|p1a: Ferrothorn|Power Whip|p2a: Thundurus|[miss]
|-miss|p1a: Ferrothorn|p2a: Thundurus
|
|-heal|p2a: Thundurus|82/100|[from] item: Leftovers
|-heal|p1a: Ferrothorn|88/100|[from] item: Leftovers
|upkeep
|turn|8
|
|switch|p1a: Jirachi|Jirachi|100/100
|-damage|p1a: Jirachi|94/100|[from] Stealth Rock
|-damage|p1a: Jirachi|69/100|[from] Spikes
|move|p2a: Thundurus|Substitute|p2a: Thundurus
|-start|p2a: Thundurus|Substitute
|-damage|p2a: Thundurus|57/100
|
|-heal|p2a: Thundurus|63/100|[from] item: Leftovers
|-heal|p1a: Jirachi|75/100|[from] item: Leftovers
|upkeep
|turn|9
|
|move|p2a: Thundurus|Thunder|p1a: Jirachi
|-damage|p1a: Jirachi|28/100
|move|p1a: Jirachi|Psyshock|p2a: Thundurus
|-end|p2a: Thundurus|Substitute
|
|-heal|p2a: Thundurus|69/100|[from] item: Leftovers
|-heal|p1a: Jirachi|34/100|[from] item: Leftovers
|upkeep
|turn|10
|
|move|p2a: Thundurus|Thunder|p1a: Jirachi|[miss]
|-miss|p2a: Thundurus|p1a: Jirachi
|move|p1a: Jirachi|Psyshock|p2a: Thundurus
|-crit|p2a: Thundurus
|-damage|p2a: Thundurus|5/100
|
|-heal|p2a: Thundurus|11/100|[from] item: Leftovers
|-heal|p1a: Jirachi|40/100|[from] item: Leftovers
|upkeep
|turn|11
|
|move|p2a: Thundurus|Thunder|p1a: Jirachi
|-damage|p1a: Jirachi|0 fnt
|faint|p1a: Jirachi
|
|-heal|p2a: Thundurus|18/100|[from] item: Leftovers
|upkeep
|
|switch|p1a: Latios|Latios, M|100/100
|-damage|p1a: Latios|88/100|[from] Stealth Rock
|turn|12
|
|switch|p2a: Toxicroak|Toxicroak, M|100/100
|-damage|p2a: Toxicroak|94/100|[from] Stealth Rock
|-damage|p2a: Toxicroak|69/100|[from] Spikes
|move|p1a: Latios|Surf|p2a: Toxicroak
|-heal|p2a: Toxicroak|94/100|[from] ability: Dry Skin|[of] p1a: Latios
|
|-heal|p2a: Toxicroak|100/100|[from] item: Black Sludge
|upkeep
|turn|13
|
|switch|p1a: Starmie|Starmie|100/100
|-damage|p1a: Starmie|76/100|[from] Spikes
|-damage|p1a: Starmie|63/100|[from] Stealth Rock
|move|p2a: Toxicroak|Substitute|p2a: Toxicroak
|-start|p2a: Toxicroak|Substitute
|-damage|p2a: Toxicroak|75/100
|
|-heal|p2a: Toxicroak|82/100|[from] item: Black Sludge
|upkeep
|turn|14
|inactive|Gh0st of Perdition has 120 seconds left.
|inactive|Gh0st of Perdition has 90 seconds left.
|
|move|p1a: Starmie|Rapid Spin|p2a: Toxicroak
|-activate|p2a: Toxicroak|Substitute|[damage]
|-sideend|p1: Sevelon|Spikes|[from] move: Rapid Spin|[of] p1a: Starmie
|-sideend|p1: Sevelon|Stealth Rock|[from] move: Rapid Spin|[of] p1a: Starmie
|-damage|p1a: Starmie|53/100|[from] item: Life Orb
|move|p2a: Toxicroak|Toxic|p1a: Starmie|[miss]
|-miss|p2a: Toxicroak|p1a: Starmie
|
|-heal|p2a: Toxicroak|88/100|[from] item: Black Sludge
|upkeep
|turn|15
|inactive|Gh0st of Perdition has 90 seconds left.
|
|move|p2a: Toxicroak|Protect|p2a: Toxicroak
|-singleturn|p2a: Toxicroak|Protect
|move|p1a: Starmie|Ice Beam|p2a: Toxicroak
|-activate|p2a: Toxicroak|move: Protect
|
|-heal|p2a: Toxicroak|94/100|[from] item: Black Sludge
|upkeep
|turn|16
|
|move|p1a: Starmie|Ice Beam|p2a: Toxicroak
|-end|p2a: Toxicroak|Substitute
|-damage|p1a: Starmie|43/100|[from] item: Life Orb
|move|p2a: Toxicroak|Substitute|p2a: Toxicroak
|-start|p2a: Toxicroak|Substitute
|-damage|p2a: Toxicroak|69/100
|
|-heal|p2a: Toxicroak|75/100|[from] item: Black Sludge
|upkeep
|turn|17
|
|move|p2a: Toxicroak|Protect|p2a: Toxicroak
|-singleturn|p2a: Toxicroak|Protect
|move|p1a: Starmie|Ice Beam|p2a: Toxicroak
|-activate|p2a: Toxicroak|move: Protect
|
|-heal|p2a: Toxicroak|82/100|[from] item: Black Sludge
|upkeep
|turn|18
|
|move|p1a: Starmie|Ice Beam|p2a: Toxicroak
|-end|p2a: Toxicroak|Substitute
|-damage|p1a: Starmie|33/100|[from] item: Life Orb
|move|p2a: Toxicroak|Substitute|p2a: Toxicroak
|-start|p2a: Toxicroak|Substitute
|-damage|p2a: Toxicroak|57/100
|
|-heal|p2a: Toxicroak|63/100|[from] item: Black Sludge
|upkeep
|turn|19
|
|switch|p1a: Latios|Latios, M|88/100
|move|p2a: Toxicroak|Protect||[still]
|-fail|p2a: Toxicroak
|
|-heal|p2a: Toxicroak|69/100|[from] item: Black Sludge
|upkeep
|turn|20
|
|move|p2a: Toxicroak|Protect|p2a: Toxicroak
|-singleturn|p2a: Toxicroak|Protect
|move|p1a: Latios|Psyshock|p2a: Toxicroak
|-activate|p2a: Toxicroak|move: Protect
|
|-heal|p2a: Toxicroak|75/100|[from] item: Black Sludge
|upkeep
|turn|21
|
|move|p1a: Latios|Psyshock|p2a: Toxicroak
|-supereffective|p2a: Toxicroak
|-end|p2a: Toxicroak|Substitute
|move|p2a: Toxicroak|Drain Punch|p1a: Latios
|-resisted|p1a: Latios
|-damage|p1a: Latios|69/100
|-heal|p2a: Toxicroak|83/100|[from] drain|[of] p1a: Latios
|
|-heal|p2a: Toxicroak|90/100|[from] item: Black Sludge
|upkeep
|turn|22
|
|switch|p2a: Thundurus|Thundurus-Therian, M|18/100
|-damage|p2a: Thundurus|0 fnt|[from] Stealth Rock
|faint|p2a: Thundurus
|move|p1a: Latios|Psyshock|p2: Thundurus|[notarget]
|-fail|p1a: Latios
|
|upkeep
|
|switch|p2a: Excadrill|Excadrill, F|100/100
|-damage|p2a: Excadrill|97/100|[from] Stealth Rock
|-damage|p2a: Excadrill|73/100|[from] Spikes
|-ability|p2a: Excadrill|Mold Breaker
|turn|23
|
|switch|p1a: Ferrothorn|Ferrothorn, F|88/100
|move|p2a: Excadrill|Rapid Spin|p1a: Ferrothorn
|-resisted|p1a: Ferrothorn
|-damage|p1a: Ferrothorn|85/100
|-damage|p2a: Excadrill|60/100|[from] ability: Iron Barbs|[of] p1a: Ferrothorn
|-sideend|p2: Gh0st of Perdition|Spikes|[from] move: Rapid Spin|[of] p2a: Excadrill
|-sideend|p2: Gh0st of Perdition|Stealth Rock|[from] move: Rapid Spin|[of] p2a: Excadrill
|
|-heal|p2a: Excadrill|66/100|[from] item: Leftovers
|-heal|p1a: Ferrothorn|91/100|[from] item: Leftovers
|upkeep
|turn|24
|
|switch|p2a: Ferrothorn|Ferrothorn, M|78/100
|move|p1a: Ferrothorn|Stealth Rock|p2a: Ferrothorn
|-sidestart|p2: Gh0st of Perdition|move: Stealth Rock
|
|-heal|p1a: Ferrothorn|98/100|[from] item: Leftovers
|upkeep
|turn|25
|
|move|p2a: Ferrothorn|Stealth Rock|p1a: Ferrothorn
|-sidestart|p1: Sevelon|move: Stealth Rock
|move|p1a: Ferrothorn|Spikes|p2a: Ferrothorn
|-sidestart|p2: Gh0st of Perdition|Spikes
|
|-heal|p1a: Ferrothorn|100/100|[from] item: Leftovers
|upkeep
|turn|26
|
|move|p2a: Ferrothorn|Spikes|p1a: Ferrothorn
|-sidestart|p1: Sevelon|Spikes
|move|p1a: Ferrothorn|Spikes|p2a: Ferrothorn
|-sidestart|p2: Gh0st of Perdition|Spikes
|
|upkeep
|turn|27
|
|move|p1a: Ferrothorn|Spikes|p2a: Ferrothorn
|-sidestart|p2: Gh0st of Perdition|Spikes
|move|p2a: Ferrothorn|Spikes|p1a: Ferrothorn
|-sidestart|p1: Sevelon|Spikes
|
|upkeep
|turn|28
|
|switch|p1a: Starmie|Starmie|33/100
|-damage|p1a: Starmie|17/100|[from] Spikes
|-damage|p1a: Starmie|5/100|[from] Stealth Rock
|move|p2a: Ferrothorn|Spikes|p1a: Starmie
|-sidestart|p1: Sevelon|Spikes
|
|upkeep
|turn|29
|
|move|p1a: Starmie|Rapid Spin|p2a: Ferrothorn
|-resisted|p2a: Ferrothorn
|-damage|p2a: Ferrothorn|76/100
|-damage|p1a: Starmie|0 fnt|[from] ability: Iron Barbs|[of] p2a: Ferrothorn
|faint|p1a: Starmie
|move|p2a: Ferrothorn|Leech Seed|p1: Starmie|[notarget]
|-fail|p2a: Ferrothorn
|
|upkeep
|
|switch|p1a: Politoed|Politoed, F|100/100
|-damage|p1a: Politoed|75/100|[from] Spikes
|-damage|p1a: Politoed|63/100|[from] Stealth Rock
|-weather|RainDance|[from] ability: Drizzle|[of] p1a: Politoed
|turn|30
|
|move|p1a: Politoed|Focus Blast|p2a: Ferrothorn|[miss]
|-miss|p1a: Politoed|p2a: Ferrothorn
|move|p2a: Ferrothorn|Power Whip|p1a: Politoed
|-supereffective|p1a: Politoed
|-damage|p1a: Politoed|0 fnt
|faint|p1a: Politoed
|
|-weather|RainDance|[upkeep]
|upkeep
|
|switch|p1a: Thundurus|Thundurus-Therian, M|100/100
|-damage|p1a: Thundurus|76/100|[from] Stealth Rock
|turn|31
|
|move|p1a: Thundurus|Focus Blast|p2a: Ferrothorn|[miss]
|-miss|p1a: Thundurus|p2a: Ferrothorn
|move|p2a: Ferrothorn|Power Whip|p1a: Thundurus
|-resisted|p1a: Thundurus
|-damage|p1a: Thundurus|46/100
|
|-weather|RainDance|[upkeep]
|upkeep
|turn|32
|
|move|p1a: Thundurus|Focus Blast|p2a: Ferrothorn
|-supereffective|p2a: Ferrothorn
|-crit|p2a: Ferrothorn
|-damage|p2a: Ferrothorn|0 fnt
|-damage|p1a: Thundurus|36/100|[from] item: Life Orb
|faint|p2a: Ferrothorn
|
|-weather|RainDance|[upkeep]
|upkeep
|
|switch|p2a: Politoed|Politoed, M|100/100
|-damage|p2a: Politoed|76/100|[from] Spikes
|-damage|p2a: Politoed|63/100|[from] Stealth Rock
|turn|33
|
|move|p2a: Politoed|Ice Beam|p1a: Thundurus
|-supereffective|p1a: Thundurus
|-damage|p1a: Thundurus|0 fnt
|faint|p1a: Thundurus
|
|-weather|RainDance|[upkeep]
|upkeep
|
|switch|p1a: Ferrothorn|Ferrothorn, F|100/100
|-damage|p1a: Ferrothorn|94/100|[from] Stealth Rock
|-damage|p1a: Ferrothorn|69/100|[from] Spikes
|turn|34
|
|switch|p2a: Kyurem|Kyurem|100/100
|-damage|p2a: Kyurem|76/100|[from] Spikes
|-damage|p2a: Kyurem|51/100|[from] Stealth Rock
|-ability|p2a: Kyurem|Pressure
|move|p1a: Ferrothorn|Gyro Ball|p2a: Kyurem
|-supereffective|p2a: Kyurem
|-damage|p2a: Kyurem|0 fnt
|faint|p2a: Kyurem
|
|-weather|RainDance|[upkeep]
|-heal|p1a: Ferrothorn|75/100|[from] item: Leftovers
|upkeep
|
|switch|p2a: Excadrill|Excadrill, F|66/100
|-damage|p2a: Excadrill|63/100|[from] Stealth Rock
|-damage|p2a: Excadrill|38/100|[from] Spikes
|-ability|p2a: Excadrill|Mold Breaker
|turn|35
|
|move|p2a: Excadrill|Rapid Spin|p1a: Ferrothorn
|-resisted|p1a: Ferrothorn
|-damage|p1a: Ferrothorn|73/100
|-damage|p2a: Excadrill|26/100|[from] ability: Iron Barbs|[of] p1a: Ferrothorn
|-sideend|p2: Gh0st of Perdition|Spikes|[from] move: Rapid Spin|[of] p2a: Excadrill
|-sideend|p2: Gh0st of Perdition|Stealth Rock|[from] move: Rapid Spin|[of] p2a: Excadrill
|move|p1a: Ferrothorn|Power Whip|p2a: Excadrill
|-damage|p2a: Excadrill|0 fnt
|faint|p2a: Excadrill
|
|-weather|RainDance|[upkeep]
|-heal|p1a: Ferrothorn|79/100|[from] item: Leftovers
|upkeep
|
|switch|p2a: Toxicroak|Toxicroak, M|90/100
|turn|36
|
|move|p2a: Toxicroak|Substitute|p2a: Toxicroak
|-start|p2a: Toxicroak|Substitute
|-damage|p2a: Toxicroak|65/100
|move|p1a: Ferrothorn|Gyro Ball|p2a: Toxicroak
|-end|p2a: Toxicroak|Substitute
|
|-weather|RainDance|[upkeep]
|-heal|p2a: Toxicroak|77/100|[from] ability: Dry Skin
|-heal|p2a: Toxicroak|83/100|[from] item: Black Sludge
|-heal|p1a: Ferrothorn|85/100|[from] item: Leftovers
|upkeep
|turn|37
|
|move|p2a: Toxicroak|Substitute|p2a: Toxicroak
|-start|p2a: Toxicroak|Substitute
|-damage|p2a: Toxicroak|58/100
|move|p1a: Ferrothorn|Power Whip|p2a: Toxicroak
|-resisted|p2a: Toxicroak
|-activate|p2a: Toxicroak|Substitute|[damage]
|
|-weather|RainDance|[upkeep]
|-heal|p2a: Toxicroak|71/100|[from] ability: Dry Skin
|-heal|p2a: Toxicroak|77/100|[from] item: Black Sludge
|-heal|p1a: Ferrothorn|92/100|[from] item: Leftovers
|upkeep
|turn|38
|
|move|p2a: Toxicroak|Drain Punch|p1a: Ferrothorn
|-supereffective|p1a: Ferrothorn
|-damage|p1a: Ferrothorn|55/100
|-heal|p2a: Toxicroak|95/100|[from] drain|[of] p1a: Ferrothorn
|-damage|p2a: Toxicroak|82/100|[from] ability: Iron Barbs|[of] p1a: Ferrothorn
|move|p1a: Ferrothorn|Power Whip|p2a: Toxicroak
|-resisted|p2a: Toxicroak
|-end|p2a: Toxicroak|Substitute
|
|-weather|RainDance|[upkeep]
|-heal|p2a: Toxicroak|95/100|[from] ability: Dry Skin
|-heal|p2a: Toxicroak|100/100|[from] item: Black Sludge
|-heal|p1a: Ferrothorn|62/100|[from] item: Leftovers
|upkeep
|turn|39
|
|move|p2a: Toxicroak|Substitute|p2a: Toxicroak
|-start|p2a: Toxicroak|Substitute
|-damage|p2a: Toxicroak|75/100
|move|p1a: Ferrothorn|Gyro Ball|p2a: Toxicroak
|-end|p2a: Toxicroak|Substitute
|
|-weather|RainDance|[upkeep]
|-heal|p2a: Toxicroak|88/100|[from] ability: Dry Skin
|-heal|p2a: Toxicroak|94/100|[from] item: Black Sludge
|-heal|p1a: Ferrothorn|68/100|[from] item: Leftovers
|upkeep
|turn|40
|
|move|p2a: Toxicroak|Substitute|p2a: Toxicroak
|-start|p2a: Toxicroak|Substitute
|-damage|p2a: Toxicroak|69/100
|move|p1a: Ferrothorn|Gyro Ball|p2a: Toxicroak
|-end|p2a: Toxicroak|Substitute
|
|-weather|RainDance|[upkeep]
|-heal|p2a: Toxicroak|82/100|[from] ability: Dry Skin
|-heal|p2a: Toxicroak|88/100|[from] item: Black Sludge
|-heal|p1a: Ferrothorn|74/100|[from] item: Leftovers
|upkeep
|turn|41
|
|move|p2a: Toxicroak|Substitute|p2a: Toxicroak
|-start|p2a: Toxicroak|Substitute
|-damage|p2a: Toxicroak|63/100
|move|p1a: Ferrothorn|Gyro Ball|p2a: Toxicroak
|-end|p2a: Toxicroak|Substitute
|
|-weather|RainDance|[upkeep]
|-heal|p2a: Toxicroak|75/100|[from] ability: Dry Skin
|-heal|p2a: Toxicroak|82/100|[from] item: Black Sludge
|-heal|p1a: Ferrothorn|80/100|[from] item: Leftovers
|upkeep
|turn|42
|
|move|p2a: Toxicroak|Substitute|p2a: Toxicroak
|-start|p2a: Toxicroak|Substitute
|-damage|p2a: Toxicroak|57/100
|move|p1a: Ferrothorn|Gyro Ball|p2a: Toxicroak
|-end|p2a: Toxicroak|Substitute
|
|-weather|RainDance|[upkeep]
|-heal|p2a: Toxicroak|69/100|[from] ability: Dry Skin
|-heal|p2a: Toxicroak|75/100|[from] item: Black Sludge
|-heal|p1a: Ferrothorn|87/100|[from] item: Leftovers
|upkeep
|turn|43
|
|switch|p1a: Latios|Latios, M|69/100
|-damage|p1a: Latios|57/100|[from] Stealth Rock
|move|p2a: Toxicroak|Substitute|p2a: Toxicroak
|-start|p2a: Toxicroak|Substitute
|-damage|p2a: Toxicroak|50/100
|
|-weather|RainDance|[upkeep]
|-heal|p2a: Toxicroak|63/100|[from] ability: Dry Skin
|-heal|p2a: Toxicroak|69/100|[from] item: Black Sludge
|upkeep
|turn|44
|
|move|p2a: Toxicroak|Protect|p2a: Toxicroak
|-singleturn|p2a: Toxicroak|Protect
|move|p1a: Latios|Psyshock|p2a: Toxicroak
|-activate|p2a: Toxicroak|move: Protect
|
|-weather|RainDance|[upkeep]
|-heal|p2a: Toxicroak|82/100|[from] ability: Dry Skin
|-heal|p2a: Toxicroak|88/100|[from] item: Black Sludge
|upkeep
|turn|45
|inactive|Gh0st of Perdition has 120 seconds left.
|
|move|p1a: Latios|Psyshock|p2a: Toxicroak
|-supereffective|p2a: Toxicroak
|-crit|p2a: Toxicroak
|-end|p2a: Toxicroak|Substitute
|move|p2a: Toxicroak|Substitute|p2a: Toxicroak
|-start|p2a: Toxicroak|Substitute
|-damage|p2a: Toxicroak|63/100
|
|-weather|RainDance|[upkeep]
|-heal|p2a: Toxicroak|75/100|[from] ability: Dry Skin
|-heal|p2a: Toxicroak|82/100|[from] item: Black Sludge
|upkeep
|turn|46
|
|move|p2a: Toxicroak|Protect|p2a: Toxicroak
|-singleturn|p2a: Toxicroak|Protect
|move|p1a: Latios|Psyshock|p2a: Toxicroak
|-activate|p2a: Toxicroak|move: Protect
|
|-weather|RainDance|[upkeep]
|-heal|p2a: Toxicroak|94/100|[from] ability: Dry Skin
|-heal|p2a: Toxicroak|100/100|[from] item: Black Sludge
|upkeep
|turn|47
|
|move|p1a: Latios|Psyshock|p2a: Toxicroak
|-supereffective|p2a: Toxicroak
|-end|p2a: Toxicroak|Substitute
|move|p2a: Toxicroak|Substitute|p2a: Toxicroak
|-start|p2a: Toxicroak|Substitute
|-damage|p2a: Toxicroak|75/100
|
|-weather|RainDance|[upkeep]
|-heal|p2a: Toxicroak|88/100|[from] ability: Dry Skin
|-heal|p2a: Toxicroak|94/100|[from] item: Black Sludge
|upkeep
|turn|48
|
|move|p2a: Toxicroak|Protect|p2a: Toxicroak
|-singleturn|p2a: Toxicroak|Protect
|move|p1a: Latios|Psyshock|p2a: Toxicroak
|-activate|p2a: Toxicroak|move: Protect
|
|-weather|RainDance|[upkeep]
|-heal|p2a: Toxicroak|100/100|[from] ability: Dry Skin
|upkeep
|turn|49
|
|move|p1a: Latios|Psyshock|p2a: Toxicroak
|-supereffective|p2a: Toxicroak
|-end|p2a: Toxicroak|Substitute
|move|p2a: Toxicroak|Substitute|p2a: Toxicroak
|-start|p2a: Toxicroak|Substitute
|-damage|p2a: Toxicroak|75/100
|
|-weather|RainDance|[upkeep]
|-heal|p2a: Toxicroak|88/100|[from] ability: Dry Skin
|-heal|p2a: Toxicroak|94/100|[from] item: Black Sludge
|upkeep
|turn|50
|
|move|p2a: Toxicroak|Protect|p2a: Toxicroak
|-singleturn|p2a: Toxicroak|Protect
|move|p1a: Latios|Psyshock|p2a: Toxicroak
|-activate|p2a: Toxicroak|move: Protect
|
|-weather|RainDance|[upkeep]
|-heal|p2a: Toxicroak|100/100|[from] ability: Dry Skin
|upkeep
|turn|51
|-message|Sevelon forfeited.
|
|win|Gh0st of Perdition
|l|☆Sevelon
|raw|Sevelon's rating: 1458 &rarr; <strong>1441</strong><br />(-17 for losing)
|raw|Gh0st of Perdition's rating: 1507 &rarr; <strong>1525</strong><br />(+18 for winning)
