|j|☆Charliereall
|j|☆pondygator2
|t:|1738817498
|gametype|singles
|player|p1|Charliereall|teamrocket|1359
|player|p2|pondygator2|266|1315
|teamsize|p1|6
|teamsize|p2|6
|gen|5
|tier|[Gen 5] OU
|rated|
|rule|Species Clause: Limit one of each Pokémon
|rule|OHKO Clause: OHKO moves are banned
|rule|Moody Clause: Moody is banned
|rule|Evasion Items Clause: Evasion items are banned
|rule|Evasion Moves Clause: Evasion moves are banned
|rule|Endless Battle Clause: Forcing endless battles is banned
|rule|HP Percentage Mod: HP is shown in percentages
|rule|Evasion Abilities Clause: Evasion abilities are banned
|rule|Sleep Moves Clause: Sleep-inducing moves are banned
|rule|Swagger Clause: Swagger is banned
|rule|Baton Pass Stat Clause: No Baton Passer may have a way to boost its stats
|clearpoke
|poke|p1|Abomasnow, M|item
|poke|p1|Gliscor, F|item
|poke|p1|Forretress, F|item
|poke|p1|Blissey, F|item
|poke|p1|Latios, M|item
|poke|p1|Reuniclus, F|item
|poke|p2|Hippowdon, M|item
|poke|p2|Ferrothorn, F|item
|poke|p2|Magnezone|item
|poke|p2|Latios, M|item
|poke|p2|Excadrill, M|item
|poke|p2|Reuniclus, F|item
|teampreview
|inactive|Battle timer is ON: inactive players will automatically lose when time's up. (requested by Charliereall)
|inactive|Charliereall has 120 seconds left.
|inactive|Charliereall has 90 seconds left.
|
|t:|1738817568
|start
|switch|p1a: Gliscor|Gliscor, F|100/100
|switch|p2a: Hippowdon|Hippowdon, M|100/100
|-weather|Sandstorm|[from] ability: Sand Stream|[of] p2a: Hippowdon
|turn|1
|
|t:|1738817588
|move|p1a: Gliscor|Stealth Rock|p2a: Hippowdon
|-sidestart|p2: pondygator2|move: Stealth Rock
|move|p2a: Hippowdon|Stealth Rock|p1a: Gliscor
|-sidestart|p1: Charliereall|move: Stealth Rock
|
|-weather|Sandstorm|[upkeep]
|-status|p1a: Gliscor|tox|[from] item: Toxic Orb
|upkeep
|turn|2
|
|t:|1738817607
|move|p1a: Gliscor|Knock Off|p2a: Hippowdon
|-damage|p2a: Hippowdon|97/100
|-enditem|p2a: Hippowdon|Leftovers|[from] move: Knock Off|[of] p1a: Gliscor
|move|p2a: Hippowdon|Whirlwind|p1a: Gliscor
|drag|p1a: Abomasnow|Abomasnow, M|100/100
|-damage|p1a: Abomasnow|76/100|[from] Stealth Rock
|-weather|Hail|[from] ability: Snow Warning|[of] p1a: Abomasnow
|
|-weather|Hail|[upkeep]
|-damage|p2a: Hippowdon|91/100|[from] Hail
|-heal|p1a: Abomasnow|82/100|[from] item: Leftovers
|upkeep
|turn|3
|inactive|Charliereall has 120 seconds left.
|
|t:|1738817649
|switch|p2a: Ferrothorn|Ferrothorn, F|100/100
|-damage|p2a: Ferrothorn|94/100|[from] Stealth Rock
|move|p1a: Abomasnow|Blizzard|p2a: Ferrothorn
|-damage|p2a: Ferrothorn|60/100
|
|-weather|Hail|[upkeep]
|-damage|p2a: Ferrothorn|54/100|[from] Hail
|-heal|p1a: Abomasnow|88/100|[from] item: Leftovers
|-heal|p2a: Ferrothorn|60/100|[from] item: Leftovers
|upkeep
|turn|4
|inactive|Charliereall has 90 seconds left.
|
|t:|1738817667
|move|p1a: Abomasnow|Protect|p1a: Abomasnow
|-singleturn|p1a: Abomasnow|Protect
|move|p2a: Ferrothorn|Protect||[still]
|-fail|p2a: Ferrothorn
|
|-weather|Hail|[upkeep]
|-damage|p2a: Ferrothorn|54/100|[from] Hail
|-heal|p1a: Abomasnow|94/100|[from] item: Leftovers
|-heal|p2a: Ferrothorn|60/100|[from] item: Leftovers
|upkeep
|turn|5
|inactive|Charliereall has 90 seconds left.
|inactive|Charliereall has 60 seconds left.
|
|t:|1738817709
|move|p2a: Ferrothorn|Protect|p2a: Ferrothorn
|-singleturn|p2a: Ferrothorn|Protect
|move|p1a: Abomasnow|Blizzard|p2a: Ferrothorn
|-activate|p2a: Ferrothorn|move: Protect
|
|-weather|Hail|[upkeep]
|-damage|p2a: Ferrothorn|54/100|[from] Hail
|-heal|p1a: Abomasnow|99/100|[from] item: Leftovers
|-heal|p2a: Ferrothorn|60/100|[from] item: Leftovers
|upkeep
|turn|6
|
|t:|1738817724
|move|p1a: Abomasnow|Blizzard|p2a: Ferrothorn
|-damage|p2a: Ferrothorn|25/100
|move|p2a: Ferrothorn|Spikes|p1a: Abomasnow
|-sidestart|p1: Charliereall|Spikes
|
|-weather|Hail|[upkeep]
|-damage|p2a: Ferrothorn|19/100|[from] Hail
|-heal|p1a: Abomasnow|100/100|[from] item: Leftovers
|-heal|p2a: Ferrothorn|25/100|[from] item: Leftovers
|upkeep
|turn|7
|
|t:|1738817736
|switch|p2a: Magnezone|Magnezone|100/100
|-damage|p2a: Magnezone|94/100|[from] Stealth Rock
|-item|p2a: Magnezone|Air Balloon
|move|p1a: Abomasnow|Ice Shard|p2a: Magnezone
|-resisted|p2a: Magnezone
|-damage|p2a: Magnezone|88/100
|-enditem|p2a: Magnezone|Air Balloon
|
|-weather|Hail|[upkeep]
|-damage|p2a: Magnezone|82/100|[from] Hail
|upkeep
|turn|8
|
|t:|1738817749
|move|p1a: Abomasnow|Protect|p1a: Abomasnow
|-singleturn|p1a: Abomasnow|Protect
|move|p2a: Magnezone|Hidden Power|p1a: Abomasnow
|-activate|p1a: Abomasnow|move: Protect
|
|-weather|Hail|[upkeep]
|-damage|p2a: Magnezone|76/100|[from] Hail
|upkeep
|turn|9
|inactive|Charliereall has 60 seconds left.
|
|t:|1738817770
|switch|p1a: Gliscor|Gliscor, F|100/100 tox
|-damage|p1a: Gliscor|88/100 tox|[from] Stealth Rock
|move|p2a: Magnezone|Thunder Wave|p1a: Gliscor
|-immune|p1a: Gliscor
|
|-weather|Hail|[upkeep]
|-damage|p1a: Gliscor|82/100 tox|[from] Hail
|-damage|p2a: Magnezone|70/100|[from] Hail
|-heal|p1a: Gliscor|94/100 tox|[from] ability: Poison Heal
|upkeep
|turn|10
|inactive|Charliereall has 60 seconds left.
|
|t:|1738817783
|switch|p2a: Hippowdon|Hippowdon, M|91/100
|-damage|p2a: Hippowdon|85/100|[from] Stealth Rock
|-weather|Sandstorm|[from] ability: Sand Stream|[of] p2a: Hippowdon
|move|p1a: Gliscor|Knock Off|p2a: Hippowdon
|-crit|p2a: Hippowdon
|-damage|p2a: Hippowdon|79/100
|
|-weather|Sandstorm|[upkeep]
|-heal|p1a: Gliscor|100/100 tox|[from] ability: Poison Heal
|upkeep
|turn|11
|
|t:|1738817795
|switch|p1a: Abomasnow|Abomasnow, M|100/100
|-damage|p1a: Abomasnow|76/100|[from] Stealth Rock
|-damage|p1a: Abomasnow|63/100|[from] Spikes
|-weather|Hail|[from] ability: Snow Warning|[of] p1a: Abomasnow
|move|p2a: Hippowdon|Whirlwind|p1a: Abomasnow
|drag|p1a: Reuniclus|Reuniclus, F|100/100
|
|-weather|Hail|[upkeep]
|-damage|p2a: Hippowdon|73/100|[from] Hail
|upkeep
|turn|12
|inactive|Charliereall has 60 seconds left.
|
|t:|1738817815
|switch|p2a: Excadrill|Excadrill, M|100/100
|-damage|p2a: Excadrill|97/100|[from] Stealth Rock
|move|p1a: Reuniclus|Psyshock|p2a: Excadrill
|-resisted|p2a: Excadrill
|-damage|p2a: Excadrill|73/100
|
|-weather|Hail|[upkeep]
|-damage|p2a: Excadrill|67/100|[from] Hail
|upkeep
|turn|13
|inactive|Charliereall has 60 seconds left.
|
|t:|1738817827
|switch|p1a: Latios|Latios, M|100/100
|-damage|p1a: Latios|88/100|[from] Stealth Rock
|move|p2a: Excadrill|Iron Head|p1a: Latios
|-damage|p1a: Latios|22/100
|
|-weather|Hail|[upkeep]
|-damage|p2a: Excadrill|61/100|[from] Hail
|-damage|p1a: Latios|16/100|[from] Hail
|upkeep
|turn|14
|
|t:|1738817845
|switch|p2a: Hippowdon|Hippowdon, M|73/100
|-damage|p2a: Hippowdon|67/100|[from] Stealth Rock
|-weather|Sandstorm|[from] ability: Sand Stream|[of] p2a: Hippowdon
|move|p1a: Latios|Surf|p2a: Hippowdon
|-supereffective|p2a: Hippowdon
|-damage|p2a: Hippowdon|10/100
|
|-weather|Sandstorm|[upkeep]
|-damage|p1a: Latios|10/100|[from] Sandstorm
|upkeep
|turn|15
|inactive|pondygator2 has 120 seconds left.
|
|t:|1738817862
|switch|p2a: Ferrothorn|Ferrothorn, F|25/100
|-damage|p2a: Ferrothorn|19/100|[from] Stealth Rock
|move|p1a: Latios|Roost|p1a: Latios
|-heal|p1a: Latios|60/100
|-singleturn|p1a: Latios|move: Roost
|
|-weather|Sandstorm|[upkeep]
|-damage|p1a: Latios|54/100|[from] Sandstorm
|-heal|p2a: Ferrothorn|25/100|[from] item: Leftovers
|upkeep
|turn|16
|inactive|pondygator2 has 120 seconds left.
|inactive|Charliereall has 60 seconds left.
|inactive|Charliereall has 30 seconds left.
|inactive|Charliereall has 20 seconds left.
|
|t:|1738817924
|switch|p1a: Reuniclus|Reuniclus, F|100/100
|move|p2a: Ferrothorn|Leech Seed|p1a: Reuniclus
|-start|p1a: Reuniclus|move: Leech Seed
|
|-weather|Sandstorm|[upkeep]
|-heal|p2a: Ferrothorn|31/100|[from] item: Leftovers
|upkeep
|turn|17
|inactive|Charliereall has 30 seconds left this turn.
|inactive|pondygator2 has 120 seconds left.
|
|t:|1738817942
|switch|p2a: Latios|Latios, M|100/100
|-damage|p2a: Latios|88/100|[from] Stealth Rock
|move|p1a: Reuniclus|Calm Mind|p1a: Reuniclus
|-boost|p1a: Reuniclus|spa|1
|-boost|p1a: Reuniclus|spd|1
|
|-weather|Sandstorm|[upkeep]
|-damage|p2a: Latios|82/100|[from] Sandstorm
|upkeep
|turn|18
|inactive|pondygator2 has 120 seconds left.
|inactive|Charliereall has 30 seconds left.
|
|t:|1738817956
|switch|p1a: Latios|Latios, M|54/100
|-damage|p1a: Latios|42/100|[from] Stealth Rock
|move|p2a: Latios|Draco Meteor|p1a: Latios
|-supereffective|p1a: Latios
|-damage|p1a: Latios|0 fnt
|-unboost|p2a: Latios|spa|2
|faint|p1a: Latios
|
|-weather|Sandstorm|[upkeep]
|-damage|p2a: Latios|76/100|[from] Sandstorm
|upkeep
|inactive|Charliereall has 30 seconds left.
|inactive|Charliereall has 20 seconds left.
|inactive|Charliereall has 15 seconds left.
|
|t:|1738817977
|switch|p1a: Reuniclus|Reuniclus, F|100/100
|turn|19
|inactive|Charliereall has 25 seconds left this turn.
|
|t:|1738817986
|switch|p2a: Excadrill|Excadrill, M|61/100
|-damage|p2a: Excadrill|58/100|[from] Stealth Rock
|move|p1a: Reuniclus|Calm Mind|p1a: Reuniclus
|-boost|p1a: Reuniclus|spa|1
|-boost|p1a: Reuniclus|spd|1
|
|-weather|Sandstorm|[upkeep]
|upkeep
|turn|20
|inactive|Charliereall has 30 seconds left.
|inactive|Charliereall has 20 seconds left.
|
|t:|1738818002
|move|p2a: Excadrill|Iron Head|p1a: Reuniclus
|-damage|p1a: Reuniclus|55/100
|move|p1a: Reuniclus|Focus Blast|p2a: Excadrill
|-supereffective|p2a: Excadrill
|-damage|p2a: Excadrill|0 fnt
|faint|p2a: Excadrill
|
|-weather|Sandstorm|[upkeep]
|-heal|p1a: Reuniclus|61/100|[from] item: Leftovers
|upkeep
|inactive|Charliereall has 25 seconds left this turn.
|
|t:|1738818021
|switch|p2a: Magnezone|Magnezone|70/100
|-damage|p2a: Magnezone|64/100|[from] Stealth Rock
|turn|21
|inactive|Charliereall has 30 seconds left.
|inactive|Charliereall has 20 seconds left.
|inactive|Charliereall has 15 seconds left.
|inactive|Charliereall has 10 seconds left.
|
|t:|1738818048
|move|p2a: Magnezone|Thunder Wave|p1a: Reuniclus
|-status|p1a: Reuniclus|par
|move|p1a: Reuniclus|Calm Mind|p1a: Reuniclus
|-boost|p1a: Reuniclus|spa|1
|-boost|p1a: Reuniclus|spd|1
|
|-weather|Sandstorm|[upkeep]
|-heal|p1a: Reuniclus|67/100 par|[from] item: Leftovers
|upkeep
|turn|22
|inactive|Charliereall has 20 seconds left this turn.
|inactive|Charliereall has 15 seconds left.
|
|t:|1738818062
|move|p2a: Magnezone|Thunderbolt|p1a: Reuniclus
|-damage|p1a: Reuniclus|44/100 par
|move|p1a: Reuniclus|Calm Mind|p1a: Reuniclus
|-boost|p1a: Reuniclus|spa|1
|-boost|p1a: Reuniclus|spd|1
|
|-weather|Sandstorm|[upkeep]
|-heal|p1a: Reuniclus|50/100 par|[from] item: Leftovers
|upkeep
|turn|23
|inactive|Charliereall has 25 seconds left this turn.
|
|t:|1738818072
|move|p2a: Magnezone|Thunderbolt|p1a: Reuniclus
|-damage|p1a: Reuniclus|32/100 par
|cant|p1a: Reuniclus|par
|
|-weather|Sandstorm|[upkeep]
|-heal|p1a: Reuniclus|38/100 par|[from] item: Leftovers
|upkeep
|turn|24
|
|t:|1738818081
|move|p2a: Magnezone|Thunderbolt|p1a: Reuniclus
|-damage|p1a: Reuniclus|19/100 par
|move|p1a: Reuniclus|Recover|p1a: Reuniclus
|-heal|p1a: Reuniclus|69/100 par
|
|-weather|Sandstorm|[upkeep]
|-heal|p1a: Reuniclus|75/100 par|[from] item: Leftovers
|upkeep
|turn|25
|
|t:|1738818092
|move|p2a: Magnezone|Thunderbolt|p1a: Reuniclus
|-damage|p1a: Reuniclus|57/100 par
|move|p1a: Reuniclus|Calm Mind|p1a: Reuniclus
|-boost|p1a: Reuniclus|spa|1
|-boost|p1a: Reuniclus|spd|1
|
|-weather|Sandstorm|[upkeep]
|-heal|p1a: Reuniclus|63/100 par|[from] item: Leftovers
|upkeep
|turn|26
|
|t:|1738818103
|move|p2a: Magnezone|Thunderbolt|p1a: Reuniclus
|-damage|p1a: Reuniclus|47/100 par
|move|p1a: Reuniclus|Recover|p1a: Reuniclus
|-heal|p1a: Reuniclus|97/100 par
|
|-weather|Sandstorm|[upkeep]
|-heal|p1a: Reuniclus|100/100 par|[from] item: Leftovers
|upkeep
|turn|27
|
|t:|1738818112
|move|p2a: Magnezone|Thunderbolt|p1a: Reuniclus
|-damage|p1a: Reuniclus|86/100 par
|move|p1a: Reuniclus|Focus Blast|p2a: Magnezone
|-supereffective|p2a: Magnezone
|-damage|p2a: Magnezone|0 fnt
|faint|p2a: Magnezone
|
|-weather|Sandstorm|[upkeep]
|-heal|p1a: Reuniclus|92/100 par|[from] item: Leftovers
|upkeep
|
|t:|1738818127
|switch|p2a: Ferrothorn|Ferrothorn, F|31/100
|-damage|p2a: Ferrothorn|25/100|[from] Stealth Rock
|turn|28
|
|t:|1738818133
|move|p2a: Ferrothorn|Power Whip|p1a: Reuniclus
|-damage|p1a: Reuniclus|67/100 par
|move|p1a: Reuniclus|Psyshock|p2a: Ferrothorn
|-resisted|p2a: Ferrothorn
|-damage|p2a: Ferrothorn|0 fnt
|faint|p2a: Ferrothorn
|
|-weather|Sandstorm|[upkeep]
|-heal|p1a: Reuniclus|73/100 par|[from] item: Leftovers
|upkeep
|
|t:|1738818139
|switch|p2a: Hippowdon|Hippowdon, M|10/100
|-damage|p2a: Hippowdon|3/100|[from] Stealth Rock
|turn|29
|
|t:|1738818148
|move|p2a: Hippowdon|Earthquake|p1a: Reuniclus
|-damage|p1a: Reuniclus|45/100 par
|move|p1a: Reuniclus|Psyshock|p2a: Hippowdon
|-damage|p2a: Hippowdon|0 fnt
|faint|p2a: Hippowdon
|
|-weather|Sandstorm|[upkeep]
|-heal|p1a: Reuniclus|51/100 par|[from] item: Leftovers
|upkeep
|
|t:|1738818167
|switch|p2a: Latios|Latios, M|76/100
|-damage|p2a: Latios|64/100|[from] Stealth Rock
|turn|30
|
|t:|1738818173
|move|p2a: Latios|Trick|p1a: Reuniclus
|-activate|p2a: Latios|move: Trick|[of] p1a: Reuniclus
|-item|p1a: Reuniclus|Choice Specs|[from] move: Trick
|-item|p2a: Latios|Leftovers|[from] move: Trick
|move|p1a: Reuniclus|Recover|p1a: Reuniclus
|-heal|p1a: Reuniclus|100/100 par
|
|-weather|Sandstorm|[upkeep]
|-damage|p2a: Latios|58/100|[from] Sandstorm
|-heal|p2a: Latios|64/100|[from] item: Leftovers
|upkeep
|turn|31
|inactive|Charliereall has 90 seconds left.
|
|t:|1738818191
|switch|p1a: Blissey|Blissey, F|100/100
|-damage|p1a: Blissey|88/100|[from] Stealth Rock
|-damage|p1a: Blissey|76/100|[from] Spikes
|move|p2a: Latios|Recover|p2a: Latios
|-heal|p2a: Latios|100/100
|
|-weather|Sandstorm|[upkeep]
|-damage|p2a: Latios|95/100|[from] Sandstorm
|-damage|p1a: Blissey|69/100|[from] Sandstorm
|-heal|p2a: Latios|100/100|[from] item: Leftovers
|-heal|p1a: Blissey|76/100|[from] item: Leftovers
|upkeep
|turn|32
|inactive|Charliereall has 90 seconds left.
|
|t:|1738818208
|switch|p2a: Reuniclus|Reuniclus, F|100/100
|move|p1a: Blissey|Thunder Wave|p2a: Reuniclus
|-status|p2a: Reuniclus|par
|
|-weather|Sandstorm|[upkeep]
|-damage|p1a: Blissey|69/100|[from] Sandstorm
|-heal|p1a: Blissey|76/100|[from] item: Leftovers
|upkeep
|turn|33
|inactive|Charliereall has 90 seconds left.
|
|t:|1738818234
|switch|p1a: Abomasnow|Abomasnow, M|63/100
|-damage|p1a: Abomasnow|39/100|[from] Stealth Rock
|-damage|p1a: Abomasnow|26/100|[from] Spikes
|-weather|Hail|[from] ability: Snow Warning|[of] p1a: Abomasnow
|move|p2a: Reuniclus|Calm Mind|p2a: Reuniclus
|-boost|p2a: Reuniclus|spa|1
|-boost|p2a: Reuniclus|spd|1
|
|-weather|Hail|[upkeep]
|-heal|p1a: Abomasnow|32/100|[from] item: Leftovers
|upkeep
|turn|34
|
|t:|1738818252
|move|p1a: Abomasnow|Giga Drain|p2a: Reuniclus
|-damage|p2a: Reuniclus|80/100 par
|-heal|p1a: Abomasnow|44/100|[from] drain|[of] p2a: Reuniclus
|move|p2a: Reuniclus|Calm Mind|p2a: Reuniclus
|-boost|p2a: Reuniclus|spa|1
|-boost|p2a: Reuniclus|spd|1
|
|-weather|Hail|[upkeep]
|-heal|p1a: Abomasnow|50/100|[from] item: Leftovers
|-heal|p2a: Reuniclus|87/100 par|[from] item: Leftovers
|upkeep
|turn|35
|-message|Charliereall forfeited.
|
|win|pondygator2
|raw|Charliereall's rating: 1359 &rarr; <strong>1336</strong><br />(-23 for losing)
|raw|pondygator2's rating: 1315 &rarr; <strong>1338</strong><br />(+23 for winning)
|l|☆Charliereall
|player|p1|
