|j|☆anglemort33
|j|☆nidiedi
|t:|1724513158
|gametype|singles
|player|p1|anglemort33|266|1331
|player|p2|nidiedi|169|1522
|teamsize|p1|6
|teamsize|p2|6
|gen|5
|tier|[Gen 5] OU
|rated|
|rule|Species Clause: Limit one of each Pokémon
|rule|OHKO Clause: OHKO moves are banned
|rule|Moody Clause: Moody is banned
|rule|Evasion Items Clause: Evasion items are banned
|rule|Evasion Moves Clause: Evasion moves are banned
|rule|Endless Battle Clause: Forcing endless battles is banned
|rule|HP Percentage Mod: HP is shown in percentages
|rule|Evasion Abilities Clause: Evasion abilities are banned
|rule|Sleep Moves Clause: Sleep-inducing moves are banned
|rule|Swagger Clause: Swagger is banned
|rule|Baton Pass Stat Clause: No Baton Passer may have a way to boost its stats
|clearpoke
|poke|p1|Tyranitar, F|item
|poke|p1|Skarmory, M|item
|poke|p1|Jellicent, F|item
|poke|p1|Latios, M|item
|poke|p1|Alakazam, M|item
|poke|p1|Gliscor, F|item
|poke|p2|Heatran, F|item
|poke|p2|Latios, M|item
|poke|p2|Breloom, M|item
|poke|p2|Landorus-Therian, M|item
|poke|p2|Excadrill, F|item
|poke|p2|Ninetales, M|item
|teampreview
|inactive|Battle timer is ON: inactive players will automatically lose when time's up. (requested by nidiedi)
|inactive|nidiedi has 120 seconds left.
|
|t:|1724513191
|start
|switch|p1a: ICANT|Gliscor, F|100/100
|switch|p2a: Ninetales|Ninetales, M|100/100
|-weather|SunnyDay|[from] ability: Drought|[of] p2a: Ninetales
|turn|1
|
|t:|1724513201
|move|p2a: Ninetales|Will-O-Wisp|p1a: ICANT
|-status|p1a: ICANT|brn
|move|p1a: ICANT|Stealth Rock|p2a: Ninetales
|-sidestart|p2: nidiedi|move: Stealth Rock
|
|-weather|SunnyDay|[upkeep]
|-damage|p1a: ICANT|88/100 brn|[from] brn
|upkeep
|turn|2
|
|t:|1724513217
|move|p2a: Ninetales|Will-O-Wisp|p1a: ICANT|[miss]
|-miss|p2a: Ninetales|p1a: ICANT
|move|p1a: ICANT|Earthquake|p2a: Ninetales
|-supereffective|p2a: Ninetales
|-damage|p2a: Ninetales|62/100
|-enditem|p2a: Ninetales|Eject Button
|inactive|nidiedi has 120 seconds left.
|
|t:|1724513244
|switch|p2a: Breloom|Breloom, M|100/100
|-damage|p2a: Breloom|94/100|[from] Stealth Rock
|
|-weather|SunnyDay|[upkeep]
|-damage|p1a: ICANT|75/100 brn|[from] brn
|-status|p2a: Breloom|tox|[from] item: Toxic Orb
|upkeep
|turn|3
|inactive|nidiedi has 120 seconds left.
|
|t:|1724513261
|move|p1a: ICANT|U-turn|p2a: Breloom
|-damage|p2a: Breloom|84/100 tox
|
|t:|1724513280
|switch|p1a: OkaygeBusiness|Jellicent, F|100/100|[from] U-turn
|move|p2a: Breloom|Drain Punch|p1a: OkaygeBusiness
|-immune|p1a: OkaygeBusiness
|
|-weather|SunnyDay|[upkeep]
|-heal|p2a: Breloom|96/100 tox|[from] ability: Poison Heal
|upkeep
|turn|4
|inactive|nidiedi has 120 seconds left.
|
|t:|1724513297
|switch|p1a: Bedge|Tyranitar, F|100/100
|-weather|Sandstorm|[from] ability: Sand Stream|[of] p1a: Bedge
|move|p2a: Breloom|Protect||[still]
|-fail|p2a: Breloom
|
|-weather|Sandstorm|[upkeep]
|-damage|p2a: Breloom|90/100 tox|[from] Sandstorm
|-heal|p2a: Breloom|100/100 tox|[from] ability: Poison Heal
|upkeep
|turn|5
|
|t:|1724513311
|switch|p1a: OkaygeBusiness|Jellicent, F|100/100
|move|p2a: Breloom|Drain Punch|p1a: OkaygeBusiness
|-immune|p1a: OkaygeBusiness
|
|-weather|Sandstorm|[upkeep]
|-damage|p1a: OkaygeBusiness|94/100|[from] Sandstorm
|-damage|p2a: Breloom|94/100 tox|[from] Sandstorm
|-heal|p1a: OkaygeBusiness|100/100|[from] item: Leftovers
|-heal|p2a: Breloom|100/100 tox|[from] ability: Poison Heal
|upkeep
|turn|6
|inactive|anglemort33 has 120 seconds left.
|inactive|nidiedi has 120 seconds left.
|
|t:|1724513331
|move|p1a: OkaygeBusiness|Taunt|p2a: Breloom
|-start|p2a: Breloom|move: Taunt
|move|p2a: Breloom|Seed Bomb|p1a: OkaygeBusiness
|-supereffective|p1a: OkaygeBusiness
|-damage|p1a: OkaygeBusiness|30/100
|
|-weather|Sandstorm|[upkeep]
|-damage|p1a: OkaygeBusiness|24/100|[from] Sandstorm
|-damage|p2a: Breloom|94/100 tox|[from] Sandstorm
|-heal|p1a: OkaygeBusiness|30/100|[from] item: Leftovers
|-heal|p2a: Breloom|100/100 tox|[from] ability: Poison Heal
|upkeep
|turn|7
|inactive|anglemort33 has 120 seconds left.
|inactive|nidiedi has 120 seconds left.
|
|t:|1724513349
|switch|p1a: KEKW|Skarmory, M|100/100
|move|p2a: Breloom|Seed Bomb|p1a: KEKW
|-resisted|p1a: KEKW
|-damage|p1a: KEKW|94/100
|
|-weather|Sandstorm|[upkeep]
|-damage|p2a: Breloom|94/100 tox|[from] Sandstorm
|-heal|p1a: KEKW|99/100|[from] item: Leftovers
|-heal|p2a: Breloom|100/100 tox|[from] ability: Poison Heal
|upkeep
|turn|8
|inactive|nidiedi has 120 seconds left.
|j| AyoDucc
|
|t:|1724513378
|switch|p2a: Excadrill|Excadrill, F|100/100
|-damage|p2a: Excadrill|97/100|[from] Stealth Rock
|-ability|p2a: Excadrill|Mold Breaker
|move|p1a: KEKW|Brave Bird|p2a: Excadrill
|-resisted|p2a: Excadrill
|-damage|p2a: Excadrill|75/100
|-damage|p1a: KEKW|91/100|[from] Recoil
|
|-weather|Sandstorm|[upkeep]
|-heal|p2a: Excadrill|82/100|[from] item: Leftovers
|-heal|p1a: KEKW|97/100|[from] item: Leftovers
|upkeep
|turn|9
|inactive|anglemort33 has 120 seconds left.
|inactive|anglemort33 has 90 seconds left.
|
|t:|1724513414
|switch|p1a: ICANT|Gliscor, F|75/100 brn
|move|p2a: Excadrill|Stealth Rock|p1a: ICANT
|-sidestart|p1: anglemort33|move: Stealth Rock
|
|-weather|Sandstorm|[upkeep]
|-heal|p2a: Excadrill|88/100|[from] item: Leftovers
|-damage|p1a: ICANT|63/100 brn|[from] brn
|upkeep
|turn|10
|
|t:|1724513427
|move|p2a: Excadrill|Protect|p2a: Excadrill
|-singleturn|p2a: Excadrill|Protect
|move|p1a: ICANT|Earthquake|p2a: Excadrill
|-activate|p2a: Excadrill|move: Protect
|
|-weather|Sandstorm|[upkeep]
|-heal|p2a: Excadrill|94/100|[from] item: Leftovers
|-damage|p1a: ICANT|50/100 brn|[from] brn
|upkeep
|turn|11
|
|t:|1724513433
|move|p2a: Excadrill|Rapid Spin|p1a: ICANT
|-damage|p1a: ICANT|47/100 brn
|-sideend|p2: nidiedi|Stealth Rock|[from] move: Rapid Spin|[of] p2a: Excadrill
|move|p1a: ICANT|Earthquake|p2a: Excadrill
|-supereffective|p2a: Excadrill
|-crit|p2a: Excadrill
|-damage|p2a: Excadrill|3/100
|
|-weather|Sandstorm|[upkeep]
|-heal|p2a: Excadrill|9/100|[from] item: Leftovers
|-damage|p1a: ICANT|34/100 brn|[from] brn
|upkeep
|turn|12
|inactive|nidiedi has 90 seconds left.
|inactive|nidiedi has 60 seconds left.
|
|t:|1724513491
|switch|p2a: Ninetales|Ninetales, M|62/100
|-weather|SunnyDay|[from] ability: Drought|[of] p2a: Ninetales
|move|p1a: ICANT|Stealth Rock|p2a: Ninetales
|-sidestart|p2: nidiedi|move: Stealth Rock
|
|-weather|SunnyDay|[upkeep]
|-damage|p1a: ICANT|22/100 brn|[from] brn
|upkeep
|turn|13
|
|t:|1724513499
|move|p2a: Ninetales|Flamethrower|p1a: ICANT
|-damage|p1a: ICANT|0 fnt
|faint|p1a: ICANT
|
|-weather|SunnyDay|[upkeep]
|upkeep
|
|t:|1724513518
|switch|p1a: Bedge|Tyranitar, F|100/100
|-damage|p1a: Bedge|88/100|[from] Stealth Rock
|-weather|Sandstorm|[from] ability: Sand Stream|[of] p1a: Bedge
|turn|14
|
|t:|1724513535
|switch|p1a: Wokege|Latios, M|100/100
|-damage|p1a: Wokege|88/100|[from] Stealth Rock
|move|p2a: Ninetales|Will-O-Wisp|p1a: Wokege
|-status|p1a: Wokege|brn
|
|-weather|Sandstorm|[upkeep]
|-damage|p1a: Wokege|82/100 brn|[from] Sandstorm
|-damage|p2a: Ninetales|56/100|[from] Sandstorm
|-damage|p1a: Wokege|70/100 brn|[from] brn
|upkeep
|turn|15
|inactive|nidiedi has 60 seconds left.
|
|t:|1724513564
|switch|p2a: Excadrill|Excadrill, F|9/100
|-damage|p2a: Excadrill|6/100|[from] Stealth Rock
|-ability|p2a: Excadrill|Mold Breaker
|move|p1a: Wokege|Surf|p2a: Excadrill
|-supereffective|p2a: Excadrill
|-crit|p2a: Excadrill
|-damage|p2a: Excadrill|0 fnt
|faint|p2a: Excadrill
|
|-weather|Sandstorm|[upkeep]
|-damage|p1a: Wokege|64/100 brn|[from] Sandstorm
|-damage|p1a: Wokege|52/100 brn|[from] brn
|upkeep
|inactive|nidiedi has 60 seconds left.
|inactive|nidiedi has 30 seconds left.
|
|t:|1724513607
|switch|p2a: Latios|Latios, M|100/100
|-damage|p2a: Latios|88/100|[from] Stealth Rock
|turn|16
|inactive|nidiedi has 30 seconds left.
|
|t:|1724513618
|switch|p1a: KEKW|Skarmory, M|97/100
|-damage|p1a: KEKW|85/100|[from] Stealth Rock
|switch|p2a: Landorus|Landorus-Therian, M|100/100
|-damage|p2a: Landorus|88/100|[from] Stealth Rock
|-ability|p2a: Landorus|Intimidate|boost
|-unboost|p1a: KEKW|atk|1
|
|-weather|Sandstorm|[upkeep]
|-heal|p1a: KEKW|91/100|[from] item: Leftovers
|upkeep
|turn|17
|
|t:|1724513631
|move|p2a: Landorus|U-turn|p1a: KEKW
|-resisted|p1a: KEKW
|-damage|p1a: KEKW|86/100
|inactive|nidiedi has 30 seconds left.
|
|t:|1724513643
|switch|p2a: Ninetales|Ninetales, M|56/100|[from] U-turn
|-damage|p2a: Ninetales|31/100|[from] Stealth Rock
|-weather|SunnyDay|[from] ability: Drought|[of] p2a: Ninetales
|move|p1a: KEKW|Whirlwind|p2a: Ninetales
|drag|p2a: Heatran|Heatran, F|100/100
|-damage|p2a: Heatran|88/100|[from] Stealth Rock
|-item|p2a: Heatran|Air Balloon
|
|-weather|SunnyDay|[upkeep]
|-heal|p1a: KEKW|92/100|[from] item: Leftovers
|upkeep
|turn|18
|inactive|nidiedi has 30 seconds left.
|inactive|anglemort33 has 90 seconds left.
|inactive|anglemort33 has 60 seconds left.
|
|t:|1724513701
|move|p2a: Heatran|Earth Power|p1a: KEKW
|-immune|p1a: KEKW
|move|p1a: KEKW|Whirlwind|p2a: Heatran
|drag|p2a: Latios|Latios, M|88/100
|-damage|p2a: Latios|76/100|[from] Stealth Rock
|
|-weather|SunnyDay|[upkeep]
|-heal|p1a: KEKW|98/100|[from] item: Leftovers
|upkeep
|turn|19
|inactive|nidiedi has 30 seconds left.
|inactive|anglemort33 has 60 seconds left.
|l| AyoDucc
|
|t:|1724513726
|switch|p1a: Bedge|Tyranitar, F|88/100
|-damage|p1a: Bedge|76/100|[from] Stealth Rock
|-weather|Sandstorm|[from] ability: Sand Stream|[of] p1a: Bedge
|move|p2a: Latios|Thunderbolt|p1a: Bedge
|-damage|p1a: Bedge|54/100
|-status|p1a: Bedge|par
|-damage|p2a: Latios|66/100|[from] item: Life Orb
|
|-weather|Sandstorm|[upkeep]
|-damage|p2a: Latios|60/100|[from] Sandstorm
|upkeep
|turn|20
|inactive|nidiedi has 30 seconds left.
|inactive|nidiedi has 20 seconds left.
|
|t:|1724513744
|move|p2a: Latios|Dragon Pulse|p1a: Bedge
|-damage|p1a: Bedge|25/100 par
|-damage|p2a: Latios|50/100|[from] item: Life Orb
|move|p1a: Bedge|Crunch|p2a: Latios
|-supereffective|p2a: Latios
|-damage|p2a: Latios|0 fnt
|faint|p2a: Latios
|
|-weather|Sandstorm|[upkeep]
|upkeep
|inactive|nidiedi has 25 seconds left this turn.
|inactive|nidiedi has 20 seconds left.
|inactive|nidiedi has 15 seconds left.
|inactive|nidiedi has 10 seconds left.
|
|t:|1724513760
|switch|p2a: Landorus|Landorus-Therian, M|88/100
|-damage|p2a: Landorus|76/100|[from] Stealth Rock
|-ability|p2a: Landorus|Intimidate|boost
|-unboost|p1a: Bedge|atk|1
|turn|21
|inactive|nidiedi has 20 seconds left this turn.
|
|t:|1724513767
|switch|p1a: KEKW|Skarmory, M|98/100
|-damage|p1a: KEKW|85/100|[from] Stealth Rock
|move|p2a: Landorus|U-turn|p1a: KEKW
|-resisted|p1a: KEKW
|-damage|p1a: KEKW|80/100
|inactive|nidiedi has 25 seconds left this turn.
|inactive|nidiedi has 20 seconds left.
|
|t:|1724513772
|switch|p2a: Heatran|Heatran, F|88/100|[from] U-turn
|-damage|p2a: Heatran|76/100|[from] Stealth Rock
|-item|p2a: Heatran|Air Balloon
|
|-weather|Sandstorm|[upkeep]
|-heal|p1a: KEKW|86/100|[from] item: Leftovers
|upkeep
|turn|22
|inactive|nidiedi has 30 seconds left this turn.
|inactive|anglemort33 has 60 seconds left.
|inactive|nidiedi has 20 seconds left.
|
|t:|1724513789
|switch|p1a: OkaygeBusiness|Jellicent, F|30/100
|-damage|p1a: OkaygeBusiness|18/100|[from] Stealth Rock
|move|p2a: Heatran|Fire Blast|p1a: OkaygeBusiness
|-resisted|p1a: OkaygeBusiness
|-damage|p1a: OkaygeBusiness|0 fnt
|faint|p1a: OkaygeBusiness
|
|-weather|Sandstorm|[upkeep]
|upkeep
|inactive|nidiedi has 25 seconds left this turn.
|
|t:|1724513805
|switch|p1a: Wokege|Latios, M|52/100 brn
|-damage|p1a: Wokege|39/100 brn|[from] Stealth Rock
|turn|23
|inactive|nidiedi has 30 seconds left.
|inactive|nidiedi has 20 seconds left.
|inactive|nidiedi has 15 seconds left.
|inactive|nidiedi has 10 seconds left.
|inactive|nidiedi has 5 seconds left.
|
|t:|1724513835
|move|p1a: Wokege|Surf|p2a: Heatran
|-supereffective|p2a: Heatran
|-damage|p2a: Heatran|8/100
|-enditem|p2a: Heatran|Air Balloon
|move|p2a: Heatran|Hidden Power|p1a: Wokege
|-supereffective|p1a: Wokege
|-damage|p1a: Wokege|0 fnt
|faint|p1a: Wokege
|
|-weather|Sandstorm|[upkeep]
|upkeep
|inactive|nidiedi has 10 seconds left this turn.
|
|t:|1724513851
|switch|p1a: Starege|Alakazam, M|100/100
|turn|24
|inactive|nidiedi has 20 seconds left this turn.
|inactive|nidiedi has 15 seconds left.
|
|t:|1724513861
|switch|p2a: Breloom|Breloom, M|100/100 tox
|-damage|p2a: Breloom|94/100 tox|[from] Stealth Rock
|move|p1a: Starege|Psyshock|p2a: Breloom
|-supereffective|p2a: Breloom
|-damage|p2a: Breloom|0 fnt
|faint|p2a: Breloom
|
|-weather|Sandstorm|[upkeep]
|upkeep
|inactive|nidiedi has 20 seconds left this turn.
|inactive|nidiedi has 15 seconds left.
|
|t:|1724513866
|switch|p2a: Landorus|Landorus-Therian, M|76/100
|-damage|p2a: Landorus|64/100|[from] Stealth Rock
|-ability|p2a: Landorus|Intimidate|boost
|-unboost|p1a: Starege|atk|1
|turn|25
|inactive|nidiedi has 25 seconds left this turn.
|inactive|anglemort33 has 60 seconds left.
|
|t:|1724513880
|switch|p1a: KEKW|Skarmory, M|86/100
|-damage|p1a: KEKW|74/100|[from] Stealth Rock
|move|p2a: Landorus|U-turn|p1a: KEKW
|-resisted|p1a: KEKW
|-damage|p1a: KEKW|68/100
|inactive|nidiedi has 30 seconds left this turn.
|
|t:|1724513888
|switch|p2a: Ninetales|Ninetales, M|31/100|[from] U-turn
|-damage|p2a: Ninetales|7/100|[from] Stealth Rock
|-weather|SunnyDay|[from] ability: Drought|[of] p2a: Ninetales
|
|-weather|SunnyDay|[upkeep]
|-heal|p1a: KEKW|74/100|[from] item: Leftovers
|upkeep
|turn|26
|inactive|nidiedi has 30 seconds left.
|inactive|anglemort33 has 60 seconds left.
|inactive|nidiedi has 20 seconds left.
|inactive|anglemort33 has 30 seconds left.
|inactive|anglemort33 has 20 seconds left.
|inactive|anglemort33 has 15 seconds left.
|inactive|anglemort33 has 10 seconds left.
|
|t:|1724513949
|switch|p1a: Bedge|Tyranitar, F|25/100 par
|-damage|p1a: Bedge|13/100 par|[from] Stealth Rock
|-weather|Sandstorm|[from] ability: Sand Stream|[of] p1a: Bedge
|move|p2a: Ninetales|Flamethrower|p1a: Bedge
|-resisted|p1a: Bedge
|-damage|p1a: Bedge|6/100 par
|
|-weather|Sandstorm|[upkeep]
|-damage|p2a: Ninetales|0 fnt|[from] Sandstorm
|faint|p2a: Ninetales
|upkeep
|inactive|anglemort33 has 15 seconds left this turn.
|inactive|nidiedi has 25 seconds left this turn.
|inactive|nidiedi has 20 seconds left.
|inactive|nidiedi has 15 seconds left.
|
|t:|1724513959
|switch|p2a: Landorus|Landorus-Therian, M|64/100
|-damage|p2a: Landorus|51/100|[from] Stealth Rock
|-ability|p2a: Landorus|Intimidate|boost
|-unboost|p1a: Bedge|atk|1
|turn|27
|inactive|anglemort33 has 25 seconds left this turn.
|inactive|nidiedi has 25 seconds left this turn.
|inactive|anglemort33 has 20 seconds left.
|inactive|nidiedi has 20 seconds left.
|inactive|anglemort33 has 15 seconds left.
|inactive|anglemort33 has 10 seconds left.
|
|t:|1724513976
|move|p2a: Landorus|Rock Slide|p1a: Bedge
|-damage|p1a: Bedge|0 fnt
|faint|p1a: Bedge
|
|-weather|Sandstorm|[upkeep]
|upkeep
|inactive|anglemort33 has 15 seconds left this turn.
|inactive|nidiedi has 25 seconds left this turn.
|inactive|anglemort33 has 10 seconds left.
|
|t:|1724513983
|switch|p1a: Starege|Alakazam, M|100/100
|turn|28
|inactive|anglemort33 has 20 seconds left this turn.
|
|t:|1724513988
|move|p2a: Landorus|Rock Slide|p1a: Starege
|-damage|p1a: Starege|25/100
|move|p1a: Starege|Hidden Power|p2a: Landorus
|-supereffective|p2a: Landorus
|-damage|p2a: Landorus|0 fnt
|faint|p2a: Landorus
|
|-weather|Sandstorm|[upkeep]
|upkeep
|inactive|anglemort33 has 25 seconds left this turn.
|
|t:|1724513992
|switch|p2a: Heatran|Heatran, F|8/100
|-damage|p2a: Heatran|0 fnt|[from] Stealth Rock
|faint|p2a: Heatran
|
|win|anglemort33
|inactive|anglemort33 has 30 seconds left this turn.
|raw|anglemort33's rating: 1331 &rarr; <strong>1361</strong><br />(+30 for winning)
|raw|nidiedi's rating: 1522 &rarr; <strong>1492</strong><br />(-30 for losing)
