|j|☆mais enjoyer
|j|☆LeafStoned
|t:|1727360463
|gametype|singles
|player|p1|mais enjoyer|n-masters|1361
|player|p2|LeafStoned|102|1452
|teamsize|p1|6
|teamsize|p2|6
|gen|5
|tier|[Gen 5] OU
|rated|
|rule|Species Clause: Limit one of each Pokémon
|rule|OHKO Clause: OHKO moves are banned
|rule|Moody Clause: Moody is banned
|rule|Evasion Items Clause: Evasion items are banned
|rule|Evasion Moves Clause: Evasion moves are banned
|rule|Endless Battle Clause: Forcing endless battles is banned
|rule|HP Percentage Mod: HP is shown in percentages
|rule|Evasion Abilities Clause: Evasion abilities are banned
|rule|Sleep Moves Clause: Sleep-inducing moves are banned
|rule|Swagger Clause: Swagger is banned
|rule|Baton Pass Stat Clause: No Baton Passer may have a way to boost its stats
|clearpoke
|poke|p1|Politoed, F|item
|poke|p1|Starmie|item
|poke|p1|Thundurus-Therian, M|item
|poke|p1|Garchomp, F|item
|poke|p1|Ferrothorn, M|item
|poke|p1|Keldeo|item
|poke|p2|Scrafty, F|item
|poke|p2|Latios, M|item
|poke|p2|Breloom, F|item
|poke|p2|Jirachi|item
|poke|p2|Starmie|item
|poke|p2|Volcarona, M|item
|teampreview
|inactive|Battle timer is ON: inactive players will automatically lose when time's up. (requested by mais enjoyer)
|inactive|LeafStoned has 120 seconds left.
|
|t:|1727360504
|start
|switch|p1a: Politoed|Politoed, F|100/100
|switch|p2a: Jirachi|Jirachi|100/100
|-weather|RainDance|[from] ability: Drizzle|[of] p1a: Politoed
|turn|1
|
|t:|1727360509
|move|p2a: Jirachi|Stealth Rock|p1a: Politoed
|-sidestart|p1: mais enjoyer|move: Stealth Rock
|move|p1a: Politoed|Scald|p2a: Jirachi
|-damage|p2a: Jirachi|67/100
|
|-weather|RainDance|[upkeep]
|upkeep
|turn|2
|
|t:|1727360516
|move|p2a: Jirachi|Body Slam|p1a: Politoed
|-damage|p1a: Politoed|77/100
|-status|p1a: Politoed|par
|-enditem|p1a: Politoed|Eject Button
|
|t:|1727360528
|switch|p1a: Keldeo|Keldeo|100/100
|-damage|p1a: Keldeo|94/100|[from] Stealth Rock
|
|-weather|RainDance|[upkeep]
|upkeep
|turn|3
|
|t:|1727360539
|move|p1a: Keldeo|Surf|p2a: Jirachi
|-damage|p2a: Jirachi|0 fnt
|faint|p2a: Jirachi
|
|-weather|RainDance|[upkeep]
|upkeep
|
|t:|1727360541
|switch|p2a: Latios|Latios, M|100/100
|turn|4
|
|t:|1727360546
|switch|p1a: Ferrothorn|Ferrothorn, M|100/100
|-damage|p1a: Ferrothorn|94/100|[from] Stealth Rock
|move|p2a: Latios|Light Screen|p2a: Latios
|-sidestart|p2: LeafStoned|move: Light Screen
|
|-weather|RainDance|[upkeep]
|upkeep
|turn|5
|
|t:|1727360556
|switch|p2a: Scrafty|Scrafty, F|100/100
|move|p1a: Ferrothorn|Gyro Ball|p2a: Scrafty
|-damage|p2a: Scrafty|48/100
|-enditem|p2a: Scrafty|Sitrus Berry|[eat]
|-heal|p2a: Scrafty|73/100|[from] item: Sitrus Berry
|
|-weather|RainDance|[upkeep]
|upkeep
|turn|6
|
|t:|1727360567
|move|p2a: Scrafty|Dragon Dance|p2a: Scrafty
|-boost|p2a: Scrafty|atk|1
|-boost|p2a: Scrafty|spe|1
|move|p1a: Ferrothorn|Gyro Ball|p2a: Scrafty
|-damage|p2a: Scrafty|19/100
|
|-weather|RainDance|[upkeep]
|upkeep
|turn|7
|
|t:|1727360571
|move|p2a: Scrafty|Drain Punch|p1a: Ferrothorn
|-supereffective|p1a: Ferrothorn
|-enditem|p1a: Ferrothorn|Chople Berry|[eat]
|-enditem|p1a: Ferrothorn|Chople Berry|[weaken]
|-damage|p1a: Ferrothorn|61/100
|-heal|p2a: Scrafty|40/100|[from] drain|[of] p1a: Ferrothorn
|-damage|p2a: Scrafty|28/100|[from] ability: Iron Barbs|[of] p1a: Ferrothorn
|move|p1a: Ferrothorn|Gyro Ball|p2a: Scrafty
|-damage|p2a: Scrafty|0 fnt
|faint|p2a: Scrafty
|
|-weather|RainDance|[upkeep]
|upkeep
|
|t:|1727360579
|switch|p2a: Breloom|Breloom, F|100/100
|turn|8
|j| UnumGenus
|
|t:|1727360595
|move|p2a: Breloom|Swords Dance|p2a: Breloom
|-boost|p2a: Breloom|atk|2
|move|p1a: Ferrothorn|Stealth Rock|p2a: Breloom
|-sidestart|p2: LeafStoned|move: Stealth Rock
|
|-weather|RainDance|[upkeep]
|-status|p2a: Breloom|tox|[from] item: Toxic Orb
|upkeep
|turn|9
|
|t:|1727360602
|move|p2a: Breloom|Swords Dance|p2a: Breloom
|-boost|p2a: Breloom|atk|2
|move|p1a: Ferrothorn|Gyro Ball|p2a: Breloom
|-damage|p2a: Breloom|52/100 tox
|
|-weather|RainDance|[upkeep]
|-heal|p2a: Breloom|64/100 tox|[from] ability: Poison Heal
|upkeep
|turn|10
|
|t:|1727360607
|move|p2a: Breloom|Drain Punch|p1a: Ferrothorn
|-supereffective|p1a: Ferrothorn
|-damage|p1a: Ferrothorn|0 fnt
|-heal|p2a: Breloom|97/100 tox|[from] drain|[of] p1a: Ferrothorn
|-damage|p2a: Breloom|85/100 tox|[from] ability: Iron Barbs|[of] p1a: Ferrothorn
|faint|p1a: Ferrothorn
|
|-weather|RainDance|[upkeep]
|-heal|p2a: Breloom|97/100 tox|[from] ability: Poison Heal
|upkeep
|
|t:|1727360625
|switch|p1a: Garchomp|Garchomp, F|100/100
|-damage|p1a: Garchomp|94/100|[from] Stealth Rock
|turn|11
|
|t:|1727360630
|move|p1a: Garchomp|Outrage|p2a: Breloom
|-damage|p2a: Breloom|17/100 tox
|move|p2a: Breloom|Drain Punch|p1a: Garchomp
|-damage|p1a: Garchomp|0 fnt
|-heal|p2a: Breloom|69/100 tox|[from] drain|[of] p1a: Garchomp
|-damage|p2a: Breloom|57/100 tox|[from] ability: Rough Skin|[of] p1a: Garchomp
|faint|p1a: Garchomp
|
|-weather|RainDance|[upkeep]
|-heal|p2a: Breloom|69/100 tox|[from] ability: Poison Heal
|-sideend|p2: LeafStoned|move: Light Screen
|upkeep
|
|t:|1727360643
|switch|p1a: Keldeo|Keldeo|94/100
|-damage|p1a: Keldeo|88/100|[from] Stealth Rock
|turn|12
|
|t:|1727360647
|move|p2a: Breloom|Mach Punch|p1a: Keldeo
|-damage|p1a: Keldeo|12/100
|move|p1a: Keldeo|Secret Sword|p2a: Breloom
|-damage|p2a: Breloom|0 fnt
|faint|p2a: Breloom
|
|-weather|RainDance|[upkeep]
|upkeep
|
|t:|1727360657
|switch|p2a: Starmie|Starmie|100/100
|-damage|p2a: Starmie|88/100|[from] Stealth Rock
|turn|13
|
|t:|1727360663
|switch|p1a: Politoed|Politoed, F|77/100 par
|-damage|p1a: Politoed|64/100 par|[from] Stealth Rock
|move|p2a: Starmie|Thunder Wave|p1a: Politoed
|-fail|p1a: Politoed|par
|
|-weather|RainDance|[upkeep]
|upkeep
|turn|14
|
|t:|1727360674
|move|p2a: Starmie|Rapid Spin|p1a: Politoed
|-damage|p1a: Politoed|62/100 par
|-sideend|p2: LeafStoned|Stealth Rock|[from] move: Rapid Spin|[of] p2a: Starmie
|cant|p1a: Politoed|par
|
|-weather|RainDance|[upkeep]
|upkeep
|turn|15
|
|t:|1727360681
|switch|p2a: Latios|Latios, M|100/100
|move|p1a: Politoed|Toxic|p2a: Latios
|-status|p2a: Latios|tox
|
|-weather|RainDance|[upkeep]
|-damage|p2a: Latios|94/100 tox|[from] psn
|upkeep
|turn|16
|
|t:|1727360685
|move|p2a: Latios|Light Screen|p2a: Latios
|-sidestart|p2: LeafStoned|move: Light Screen
|cant|p1a: Politoed|par
|
|-weather|RainDance|[upkeep]
|-damage|p2a: Latios|82/100 tox|[from] psn
|upkeep
|turn|17
|
|t:|1727360693
|move|p2a: Latios|Draco Meteor|p1a: Politoed
|-damage|p1a: Politoed|16/100 par
|-unboost|p2a: Latios|spa|2
|move|p1a: Politoed|Toxic|p2a: Latios
|-fail|p2a: Latios|tox
|
|-weather|RainDance|[upkeep]
|-damage|p2a: Latios|64/100 tox|[from] psn
|upkeep
|turn|18
|
|t:|1727360701
|move|p2a: Latios|Draco Meteor|p1a: Politoed
|-damage|p1a: Politoed|0 fnt
|-unboost|p2a: Latios|spa|2
|faint|p1a: Politoed
|
|-weather|RainDance|[upkeep]
|-damage|p2a: Latios|40/100 tox|[from] psn
|upkeep
|
|t:|1727360704
|switch|p1a: Starmie|Starmie|100/100
|-damage|p1a: Starmie|88/100|[from] Stealth Rock
|-item|p1a: Starmie|Air Balloon
|turn|19
|
|t:|1727360707
|move|p1a: Starmie|Rapid Spin|p2a: Latios
|-damage|p2a: Latios|37/100 tox
|-sideend|p1: mais enjoyer|Stealth Rock|[from] move: Rapid Spin|[of] p1a: Starmie
|move|p2a: Latios|Memento|p1a: Starmie
|-unboost|p1a: Starmie|atk|2
|-unboost|p1a: Starmie|spa|2
|faint|p2a: Latios
|
|-weather|RainDance|[upkeep]
|upkeep
|
|t:|1727360711
|switch|p2a: Volcarona|Volcarona, M|100/100
|turn|20
|
|t:|1727360721
|move|p1a: Starmie|Hydro Pump|p2a: Volcarona
|-supereffective|p2a: Volcarona
|-damage|p2a: Volcarona|66/100
|move|p2a: Volcarona|Quiver Dance|p2a: Volcarona
|-boost|p2a: Volcarona|spa|1
|-boost|p2a: Volcarona|spd|1
|-boost|p2a: Volcarona|spe|1
|
|-weather|RainDance|[upkeep]
|upkeep
|turn|21
|j| Blaise BWOU
|
|t:|1727360726
|move|p2a: Volcarona|Quiver Dance|p2a: Volcarona
|-boost|p2a: Volcarona|spa|1
|-boost|p2a: Volcarona|spd|1
|-boost|p2a: Volcarona|spe|1
|move|p1a: Starmie|Thunder|p2a: Volcarona
|-damage|p2a: Volcarona|60/100
|
|-weather|RainDance|[upkeep]
|upkeep
|turn|22
|
|t:|1727360735
|move|p2a: Volcarona|Giga Drain|p1a: Starmie
|-supereffective|p1a: Starmie
|-damage|p1a: Starmie|0 fnt
|-heal|p2a: Volcarona|94/100|[from] drain|[of] p1a: Starmie
|-enditem|p1a: Starmie|Air Balloon
|faint|p1a: Starmie
|
|-weather|RainDance|[upkeep]
|upkeep
|
|t:|1727360738
|switch|p1a: Thundurus|Thundurus-Therian, M|100/100
|turn|23
|
|t:|1727360745
|move|p2a: Volcarona|Bug Buzz|p1a: Thundurus
|-resisted|p1a: Thundurus
|-damage|p1a: Thundurus|42/100
|move|p1a: Thundurus|Thunder|p2a: Volcarona
|-damage|p2a: Volcarona|77/100
|
|-weather|RainDance|[upkeep]
|-sideend|p2: LeafStoned|move: Light Screen
|upkeep
|turn|24
|j| ha6ha6
|
|t:|1727360752
|move|p2a: Volcarona|Bug Buzz|p1a: Thundurus
|-resisted|p1a: Thundurus
|-damage|p1a: Thundurus|0 fnt
|faint|p1a: Thundurus
|
|-weather|RainDance|[upkeep]
|upkeep
|
|t:|1727360759
|switch|p1a: Keldeo|Keldeo|12/100
|turn|25
|c|☆mais enjoyer|gg
|
|t:|1727360763
|move|p2a: Volcarona|Giga Drain|p1a: Keldeo
|-supereffective|p1a: Keldeo
|-damage|p1a: Keldeo|0 fnt
|-heal|p2a: Volcarona|82/100|[from] drain|[of] p1a: Keldeo
|faint|p1a: Keldeo
|
|win|LeafStoned
|raw|mais enjoyer's rating: 1361 &rarr; <strong>1346</strong><br />(-15 for losing)
|raw|LeafStoned's rating: 1452 &rarr; <strong>1467</strong><br />(+15 for winning)
|l| ha6ha6
|c|☆LeafStoned|Gg
|l|☆mais enjoyer
|player|p1|
|l| UnumGenus
|l|☆LeafStoned
|player|p2|
