|j|☆BLJ Mario
|j|☆the great gazump
|t:|1717283334
|gametype|singles
|player|p1|BLJ Mario|blue-gen2|1350
|player|p2|the great gazump|266|1555
|teamsize|p1|6
|teamsize|p2|6
|gen|5
|tier|[Gen 5] OU
|rated|
|rule|Species Clause: Limit one of each Pokémon
|rule|OHKO Clause: OHKO moves are banned
|rule|Moody Clause: Moody is banned
|rule|Evasion Items Clause: Evasion items are banned
|rule|Evasion Moves Clause: Evasion moves are banned
|rule|Endless Battle Clause: Forcing endless battles is banned
|rule|HP Percentage Mod: HP is shown in percentages
|rule|Evasion Abilities Clause: Evasion abilities are banned
|rule|Sleep Moves Clause: Sleep-inducing moves are banned
|rule|Swagger Clause: Swagger is banned
|rule|Baton Pass Stat Clause: No Baton Passer may have a way to boost its stats
|clearpoke
|poke|p1|Volcarona, F|item
|poke|p1|Starmie|item
|poke|p1|Terrakion|item
|poke|p1|Jirachi|item
|poke|p1|Dragonite, F|item
|poke|p1|Scizor, M|item
|poke|p2|Skarmory, F|item
|poke|p2|Jellicent, M|item
|poke|p2|Abomasnow, M|item
|poke|p2|Latios, M|item
|poke|p2|Reuniclus, F|item
|poke|p2|Garchomp, M|item
|teampreview
|inactive|Battle timer is ON: inactive players will automatically lose when time's up. (requested by the great gazump)
|j| Happy timmy
|l| Happy timmy
|c|☆BLJ Mario|wsg bruv
|inactive|the great gazump has 120 seconds left.
|
|t:|1717283388
|start
|switch|p1a: Terrakion|Terrakion|100/100
|switch|p2a: Skarmory|Skarmory, F|100/100
|turn|1
|
|t:|1717283399
|switch|p2a: Abomasnow|Abomasnow, M|100/100
|-weather|Hail|[from] ability: Snow Warning|[of] p2a: Abomasnow
|move|p1a: Terrakion|Taunt|p2a: Abomasnow
|-start|p2a: Abomasnow|move: Taunt
|
|-weather|Hail|[upkeep]
|-damage|p1a: Terrakion|94/100|[from] Hail
|upkeep
|turn|2
|
|t:|1717283417
|switch|p1a: Jirachi|Jirachi|100/100
|switch|p2a: Latios|Latios, M|100/100
|
|-weather|Hail|[upkeep]
|-damage|p1a: Jirachi|94/100|[from] Hail
|-damage|p2a: Latios|95/100|[from] Hail
|upkeep
|turn|3
|
|t:|1717283428
|move|p1a: Jirachi|U-turn|p2a: Latios
|-supereffective|p2a: Latios
|-damage|p2a: Latios|38/100
|
|t:|1717283449
|switch|p1a: Scizor|Scizor, M|100/100|[from] U-turn
|move|p2a: Latios|Roost|p2a: Latios
|-heal|p2a: Latios|88/100
|-singleturn|p2a: Latios|move: Roost
|
|-weather|Hail|[upkeep]
|-damage|p2a: Latios|82/100|[from] Hail
|-damage|p1a: Scizor|94/100|[from] Hail
|upkeep
|turn|4
|
|t:|1717283469
|move|p2a: Latios|Surf|p1a: Scizor
|-damage|p1a: Scizor|43/100
|move|p1a: Scizor|Pursuit|p2a: Latios
|-supereffective|p2a: Latios
|-enditem|p2a: Latios|Colbur Berry|[eat]
|-enditem|p2a: Latios|Colbur Berry|[weaken]
|-damage|p2a: Latios|44/100
|-damage|p1a: Scizor|33/100|[from] item: Life Orb
|
|-weather|Hail|[upkeep]
|-damage|p2a: Latios|38/100|[from] Hail
|-damage|p1a: Scizor|27/100|[from] Hail
|upkeep
|turn|5
|
|t:|1717283475
|switch|p2a: Skarmory|Skarmory, F|100/100
|move|p1a: Scizor|Bullet Punch|p2a: Skarmory
|-resisted|p2a: Skarmory
|-damage|p2a: Skarmory|81/100
|-damage|p1a: Scizor|17/100|[from] item: Life Orb
|
|-weather|Hail|[upkeep]
|-damage|p2a: Skarmory|75/100|[from] Hail
|-damage|p1a: Scizor|11/100|[from] Hail
|upkeep
|turn|6
|
|t:|1717283494
|move|p2a: Skarmory|Stealth Rock|p1a: Scizor
|-sidestart|p1: BLJ Mario|move: Stealth Rock
|move|p1a: Scizor|Swords Dance|p1a: Scizor
|-boost|p1a: Scizor|atk|2
|
|-weather|Hail|[upkeep]
|-damage|p2a: Skarmory|69/100|[from] Hail
|-damage|p1a: Scizor|5/100|[from] Hail
|upkeep
|turn|7
|
|t:|1717283505
|move|p1a: Scizor|Bullet Punch|p2a: Skarmory
|-resisted|p2a: Skarmory
|-damage|p2a: Skarmory|30/100
|-damage|p1a: Scizor|0 fnt|[from] item: Life Orb
|faint|p1a: Scizor
|move|p2a: Skarmory|Brave Bird|p1: Scizor|[notarget]
|-fail|p2a: Skarmory
|
|-weather|Hail|[upkeep]
|-damage|p2a: Skarmory|24/100|[from] Hail
|upkeep
|inactive|BLJ Mario has 120 seconds left.
|
|t:|1717283533
|switch|p1a: Terrakion|Terrakion|94/100
|-damage|p1a: Terrakion|88/100|[from] Stealth Rock
|turn|8
|-enditem|p2a: Skarmory|Custap Berry|[eat]
|-activate|p2a: Skarmory|item: Custap Berry|[consumed]
|
|t:|1717283542
|move|p2a: Skarmory|Taunt|p1a: Terrakion
|-start|p1a: Terrakion|move: Taunt
|move|p1a: Terrakion|Stone Edge|p2a: Skarmory
|-damage|p2a: Skarmory|0 fnt
|faint|p2a: Skarmory
|
|-weather|Hail|[upkeep]
|-damage|p1a: Terrakion|82/100|[from] Hail
|upkeep
|
|t:|1717283555
|switch|p2a: Latios|Latios, M|38/100
|turn|9
|
|t:|1717283562
|switch|p1a: Jirachi|Jirachi|94/100
|-damage|p1a: Jirachi|88/100|[from] Stealth Rock
|move|p2a: Latios|Surf|p1a: Jirachi
|-damage|p1a: Jirachi|54/100
|
|-weather|Hail|[upkeep]
|-damage|p1a: Jirachi|48/100|[from] Hail
|-damage|p2a: Latios|32/100|[from] Hail
|upkeep
|turn|10
|
|t:|1717283576
|switch|p2a: Jellicent|Jellicent, M|100/100
|-item|p2a: Jellicent|Air Balloon
|move|p1a: Jirachi|U-turn|p2a: Jellicent
|-resisted|p2a: Jellicent
|-damage|p2a: Jellicent|92/100
|-enditem|p2a: Jellicent|Air Balloon
|
|t:|1717283590
|switch|p1a: Terrakion|Terrakion|82/100|[from] U-turn
|-damage|p1a: Terrakion|76/100|[from] Stealth Rock
|
|-weather|Hail|[upkeep]
|-damage|p1a: Terrakion|70/100|[from] Hail
|-damage|p2a: Jellicent|86/100|[from] Hail
|upkeep
|turn|11
|
|t:|1717283611
|move|p1a: Terrakion|Stealth Rock|p2a: Jellicent
|-sidestart|p2: the great gazump|move: Stealth Rock
|move|p2a: Jellicent|Recover|p2a: Jellicent
|-heal|p2a: Jellicent|100/100
|
|-weather|Hail|[upkeep]
|-damage|p1a: Terrakion|63/100|[from] Hail
|-damage|p2a: Jellicent|94/100|[from] Hail
|upkeep
|turn|12
|
|t:|1717283615
|move|p1a: Terrakion|Taunt|p2a: Jellicent
|-start|p2a: Jellicent|move: Taunt
|cant|p2a: Jellicent|move: Taunt|Recover
|
|-weather|Hail|[upkeep]
|-damage|p1a: Terrakion|57/100|[from] Hail
|-damage|p2a: Jellicent|88/100|[from] Hail
|upkeep
|turn|13
|inactive|the great gazump has 120 seconds left.
|
|t:|1717283645
|move|p1a: Terrakion|Stone Edge|p2a: Jellicent
|-damage|p2a: Jellicent|46/100
|move|p2a: Jellicent|Shadow Ball|p1a: Terrakion
|-damage|p1a: Terrakion|30/100
|-unboost|p1a: Terrakion|spd|1
|
|-weather|Hail|[upkeep]
|-damage|p1a: Terrakion|24/100|[from] Hail
|-damage|p2a: Jellicent|40/100|[from] Hail
|upkeep
|turn|14
|inactive|BLJ Mario has 120 seconds left.
|
|t:|1717283698
|move|p1a: Terrakion|Close Combat|p2a: Jellicent
|-immune|p2a: Jellicent
|move|p2a: Jellicent|Shadow Ball|p1a: Terrakion
|-damage|p1a: Terrakion|0 fnt
|faint|p1a: Terrakion
|
|-weather|Hail|[upkeep]
|-damage|p2a: Jellicent|34/100|[from] Hail
|-end|p2a: Jellicent|move: Taunt
|upkeep
|inactive|BLJ Mario has 90 seconds left.
|inactive|BLJ Mario has 60 seconds left.
|
|t:|1717283746
|switch|p1a: Starmie|Starmie, shiny|100/100
|-damage|p1a: Starmie|88/100|[from] Stealth Rock
|-item|p1a: Starmie|Air Balloon
|turn|15
|
|t:|1717283752
|move|p1a: Starmie|Thunder|p2a: Jellicent
|-supereffective|p2a: Jellicent
|-damage|p2a: Jellicent|0 fnt
|faint|p2a: Jellicent
|
|-weather|Hail|[upkeep]
|-damage|p1a: Starmie|82/100|[from] Hail
|upkeep
|
|t:|1717283754
|switch|p2a: Garchomp|Garchomp, M|100/100
|-damage|p2a: Garchomp|94/100|[from] Stealth Rock
|turn|16
|
|t:|1717283771
|move|p1a: Starmie|Rapid Spin|p2a: Garchomp
|-damage|p2a: Garchomp|91/100
|-damage|p1a: Starmie|70/100|[from] ability: Rough Skin|[of] p2a: Garchomp
|-sideend|p1: BLJ Mario|Stealth Rock|[from] move: Rapid Spin|[of] p1a: Starmie
|move|p2a: Garchomp|Outrage|p1a: Starmie
|-damage|p1a: Starmie|0 fnt
|-enditem|p1a: Starmie|Air Balloon
|faint|p1a: Starmie
|
|-weather|Hail|[upkeep]
|-damage|p2a: Garchomp|85/100|[from] Hail
|upkeep
|
|t:|1717283776
|switch|p1a: Jirachi|Jirachi|48/100
|turn|17
|
|t:|1717283784
|move|p1a: Jirachi|Iron Head|p2a: Garchomp
|-damage|p2a: Garchomp|48/100
|-damage|p1a: Jirachi|36/100|[from] ability: Rough Skin|[of] p2a: Garchomp
|cant|p2a: Garchomp|flinch
|
|-weather|Hail|[upkeep]
|-damage|p1a: Jirachi|30/100|[from] Hail
|-damage|p2a: Garchomp|42/100|[from] Hail
|upkeep
|turn|18
|
|t:|1717283793
|move|p1a: Jirachi|Iron Head|p2a: Garchomp
|-damage|p2a: Garchomp|8/100
|-damage|p1a: Jirachi|17/100|[from] ability: Rough Skin|[of] p2a: Garchomp
|move|p2a: Garchomp|Earthquake|p1a: Jirachi
|-supereffective|p1a: Jirachi
|-damage|p1a: Jirachi|0 fnt
|faint|p1a: Jirachi
|
|-weather|Hail|[upkeep]
|-damage|p2a: Garchomp|2/100|[from] Hail
|upkeep
|inactive|BLJ Mario has 60 seconds left.
|
|t:|1717283835
|switch|p1a: Dragonite|Dragonite, F, shiny|100/100
|turn|19
|inactive|BLJ Mario has 30 seconds left.
|
|t:|1717283861
|move|p2a: Garchomp|Outrage|p1a: Dragonite
|-supereffective|p1a: Dragonite
|-damage|p1a: Dragonite|31/100
|move|p1a: Dragonite|Dragon Dance|p1a: Dragonite
|-boost|p1a: Dragonite|atk|1
|-boost|p1a: Dragonite|spe|1
|
|-weather|Hail|[upkeep]
|-damage|p1a: Dragonite|25/100|[from] Hail
|-damage|p2a: Garchomp|0 fnt|[from] Hail
|faint|p2a: Garchomp
|upkeep
|inactive|the great gazump has 120 seconds left.
|
|t:|1717283891
|switch|p2a: Reuniclus|Reuniclus, F|100/100
|turn|20
|
|t:|1717283897
|move|p1a: Dragonite|Outrage|p2a: Reuniclus
|-damage|p2a: Reuniclus|0 fnt
|faint|p2a: Reuniclus
|
|-weather|Hail|[upkeep]
|-damage|p1a: Dragonite|19/100|[from] Hail
|upkeep
|inactive|the great gazump has 120 seconds left.
|
|t:|1717283917
|switch|p2a: Abomasnow|Abomasnow, M|100/100
|-damage|p2a: Abomasnow|76/100|[from] Stealth Rock
|turn|21
|
|t:|1717283921
|move|p1a: Dragonite|Outrage|p2a: Abomasnow|[from]lockedmove
|-damage|p2a: Abomasnow|0 fnt
|faint|p2a: Abomasnow
|-start|p1a: Dragonite|confusion|[fatigue]
|-enditem|p1a: Dragonite|Lum Berry|[eat]
|-end|p1a: Dragonite|confusion
|
|-weather|Hail|[upkeep]
|-damage|p1a: Dragonite|13/100|[from] Hail
|upkeep
|
|t:|1717283923
|switch|p2a: Latios|Latios, M|32/100
|-damage|p2a: Latios|20/100|[from] Stealth Rock
|turn|22
|c|☆the great gazump|gg
|
|t:|1717283926
|move|p1a: Dragonite|Outrage|p2a: Latios
|-supereffective|p2a: Latios
|-damage|p2a: Latios|0 fnt
|faint|p2a: Latios
|
|win|BLJ Mario
|raw|BLJ Mario's rating: 1350 &rarr; <strong>1381</strong><br />(+31 for winning)
|raw|the great gazump's rating: 1555 &rarr; <strong>1524</strong><br />(-31 for losing)
|c|☆BLJ Mario|Gg
|l|☆the great gazump
|player|p2|
|c|☆BLJ Mario|have a good day peng
