|j|☆RedWarrior34215
|j|☆EnWrynn
|player|p1|RedWarrior34215|163
|player|p2|EnWrynn|165
|teamsize|p1|6
|teamsize|p2|6
|gametype|singles
|gen|5
|tier|[Gen 5] OU
|rated|
|rule|Sleep Clause Mod: Limit one foe put to sleep
|rule|Species Clause: Limit one of each Pokémon
|rule|OHKO Clause: OHKO moves are banned
|rule|Moody Clause: Moody is banned
|rule|Evasion Moves Clause: Evasion moves are banned
|rule|Endless Battle Clause: Forcing endless battles is banned
|rule|HP Percentage Mod: HP is shown in percentages
|rule|Evasion Abilities Clause: Evasion abilities are banned
|rule|Baton Pass Clause: Limit one Baton Passer, can't pass Spe and other stats simultaneously
|rule|Swagger Clause: Swagger is banned
|clearpoke
|poke|p1|Mamoswine, M|item
|poke|p1|Latios, M|item
|poke|p1|Scizor, F|item
|poke|p1|Kyurem-Black|item
|poke|p1|Salamence, M|item
|poke|p1|Magnezone|item
|poke|p2|Terrakion|item
|poke|p2|Tangrowth, M|item
|poke|p2|Jirachi|item
|poke|p2|Latios, M|item
|poke|p2|Dragonite, M|item
|poke|p2|Excadrill, F|item
|teampreview
|
|start
|switch|p1a: Magnezone|Magnezone|100/100
|switch|p2a: Jirachi|Jirachi|100/100
|turn|1
|
|move|p2a: Jirachi|Thunder|p1a: Magnezone|[miss]
|-miss|p2a: Jirachi|p1a: Magnezone
|move|p1a: Magnezone|Thunderbolt|p2a: Jirachi
|-damage|p2a: Jirachi|21/100
|
|upkeep
|turn|2
|
|move|p2a: Jirachi|Stealth Rock|p1a: Magnezone
|-sidestart|p1: RedWarrior34215|move: Stealth Rock
|move|p1a: Magnezone|Thunderbolt|p2a: Jirachi
|-damage|p2a: Jirachi|0 fnt
|faint|p2a: Jirachi
|
|upkeep
|c|☆EnWrynn|gg duck you
|
|switch|p2a: Excadrill|Excadrill, F|100/100
|-ability|p2a: Excadrill|Mold Breaker
|turn|3
|
|switch|p1a: Salamence|Salamence, M|100/100
|-damage|p1a: Salamence|76/100|[from] Stealth Rock
|move|p2a: Excadrill|Earthquake|p1a: Salamence
|-immune|p1a: Salamence|[msg]
|
|upkeep
|turn|4
|
|switch|p2a: Tangrowth|Tangrowth, M|100/100
|move|p1a: Salamence|Fire Blast|p2a: Tangrowth
|-supereffective|p2a: Tangrowth
|-damage|p2a: Tangrowth|25/100
|
|upkeep
|turn|5
|
|switch|p2a: Dragonite|Dragonite, M|100/100
|move|p1a: Salamence|Fire Blast|p2a: Dragonite
|-resisted|p2a: Dragonite
|-damage|p2a: Dragonite|94/100
|
|upkeep
|turn|6
|
|switch|p1a: Mamoswine|Mamoswine, M|100/100
|-damage|p1a: Mamoswine|88/100|[from] Stealth Rock
|switch|p2a: Tangrowth|Tangrowth, M|58/100
|
|upkeep
|turn|7
|
|switch|p1a: Kyurem|Kyurem-Black|100/100
|-damage|p1a: Kyurem|75/100|[from] Stealth Rock
|-ability|p1a: Kyurem|Teravolt
|switch|p2a: Excadrill|Excadrill, F|100/100
|-ability|p2a: Excadrill|Mold Breaker
|
|upkeep
|turn|8
|
|move|p2a: Excadrill|Earthquake|p1a: Kyurem
|-damage|p1a: Kyurem|29/100
|move|p1a: Kyurem|Ice Beam|p2a: Excadrill
|-damage|p2a: Excadrill|53/100
|
|upkeep
|turn|9
|
|switch|p2a: Tangrowth|Tangrowth, M|91/100
|move|p1a: Kyurem|Ice Beam|p2a: Tangrowth
|-supereffective|p2a: Tangrowth
|-damage|p2a: Tangrowth|0 fnt
|faint|p2a: Tangrowth
|
|upkeep
|
|switch|p2a: Terrakion|Terrakion|100/100
|turn|10
|
|move|p2a: Terrakion|Stone Edge|p1a: Kyurem
|-supereffective|p1a: Kyurem
|-crit|p1a: Kyurem
|-damage|p1a: Kyurem|0 fnt
|faint|p1a: Kyurem
|
|upkeep
|inactive|Battle timer is ON: inactive players will automatically lose when time's up. (requested by EnWrynn)
|
|switch|p1a: Latios|Latios, M|100/100
|-damage|p1a: Latios|88/100|[from] Stealth Rock
|turn|11
|j| ah-cot'cha
|inactive|EnWrynn has 135 seconds left.
|
|switch|p2a: Excadrill|Excadrill, F|53/100
|-ability|p2a: Excadrill|Mold Breaker
|move|p1a: Latios|Psychic|p2a: Excadrill
|-resisted|p2a: Excadrill
|-damage|p2a: Excadrill|3/100
|
|upkeep
|turn|12
|inactive|RedWarrior34215 has 135 seconds left.
|
|move|p2a: Excadrill|Earthquake|p1a: Latios
|-damage|p1a: Latios|22/100
|move|p1a: Latios|Psychic|p2a: Excadrill
|-resisted|p2a: Excadrill
|-damage|p2a: Excadrill|0 fnt
|faint|p2a: Excadrill
|
|upkeep
|
|switch|p2a: Dragonite|Dragonite, M|94/100
|turn|13
|inactive|RedWarrior34215 has 135 seconds left.
|
|move|p1a: Latios|Psychic|p2a: Dragonite
|-damage|p2a: Dragonite|10/100
|move|p2a: Dragonite|Dragon Dance|p2a: Dragonite
|-boost|p2a: Dragonite|atk|1
|-boost|p2a: Dragonite|spe|1
|
|upkeep
|turn|14
|
|move|p2a: Dragonite|Extreme Speed|p1a: Latios
|-damage|p1a: Latios|0 fnt
|faint|p1a: Latios
|
|upkeep
|inactive|RedWarrior34215 has 135 seconds left.
|
|switch|p1a: Mamoswine|Mamoswine, M|88/100
|-damage|p1a: Mamoswine|76/100|[from] Stealth Rock
|turn|15
|
|move|p2a: Dragonite|Extreme Speed|p1a: Mamoswine
|-damage|p1a: Mamoswine|19/100
|move|p1a: Mamoswine|Ice Shard|p2a: Dragonite
|-supereffective|p2a: Dragonite
|-enditem|p2a: Dragonite|Yache Berry|[eat]
|-enditem|p2a: Dragonite|Yache Berry|[weaken]
|-damage|p2a: Dragonite|0 fnt
|faint|p2a: Dragonite
|
|upkeep
|
|switch|p2a: Terrakion|Terrakion|100/100
|turn|16
|
|move|p1a: Mamoswine|Ice Shard|p2a: Terrakion
|-damage|p2a: Terrakion|71/100
|move|p2a: Terrakion|Close Combat|p1a: Mamoswine
|-supereffective|p1a: Mamoswine
|-damage|p1a: Mamoswine|0 fnt
|-unboost|p2a: Terrakion|def|1
|-unboost|p2a: Terrakion|spd|1
|faint|p1a: Mamoswine
|
|upkeep
|
|switch|p1a: Scizor|Scizor, F|100/100
|-damage|p1a: Scizor|88/100|[from] Stealth Rock
|turn|17
|j| Draco22star
|
|move|p1a: Scizor|Bullet Punch|p2a: Terrakion
|-supereffective|p2a: Terrakion
|-damage|p2a: Terrakion|0 fnt
|faint|p2a: Terrakion
|
|upkeep
|
|switch|p2a: Latios|Latios, M|100/100
|turn|18
|
|move|p1a: Scizor|Bullet Punch|p2a: Latios
|-damage|p2a: Latios|34/100
|move|p2a: Latios|Hidden Power|p1a: Scizor
|-supereffective|p1a: Scizor
|-damage|p1a: Scizor|0 fnt
|faint|p1a: Scizor
|
|upkeep
|-message|EnWrynn forfeited.
|
|win|RedWarrior34215
|l|☆EnWrynn
|raw|RedWarrior34215's rating: 1331 &rarr; <strong>1354</strong><br />(+23 for winning)
|raw|EnWrynn's rating: 1390 &rarr; <strong>1367</strong><br />(-23 for losing)
|l|☆RedWarrior34215
|l| Draco22star
