|uhtml|medal-msg|<div class="broadcast-blue">Curious what those medals under the avatar are? PS now has Ladder Seasons! For more information, check out the <a href="https://www.smogon.com/forums/threads/3740067/">thread on Smogon.</a></div>
|uhtml|medal-msg|<div class="broadcast-blue">Curious what those medals under the avatar are? PS now has Ladder Seasons! For more information, check out the <a href="https://www.smogon.com/forums/threads/3740067/">thread on Smogon.</a></div>
|j|☆sk8head
|j|☆Clawdia Chauchat
|t:|1712750863
|gametype|singles
|player|p1|sk8head|102|1358
|player|p2|Clawdia Chauchat|winona|1385
|teamsize|p1|6
|teamsize|p2|6
|gen|5
|tier|[Gen 5] OU
|rated|
|rule|Species Clause: Limit one of each Pokémon
|rule|OHKO Clause: OHKO moves are banned
|rule|Moody Clause: Moody is banned
|rule|Evasion Items Clause: Evasion items are banned
|rule|Evasion Moves Clause: Evasion moves are banned
|rule|Endless Battle Clause: Forcing endless battles is banned
|rule|HP Percentage Mod: HP is shown in percentages
|rule|Evasion Abilities Clause: Evasion abilities are banned
|rule|Sleep Moves Clause: Sleep-inducing moves are banned
|rule|Swagger Clause: Swagger is banned
|rule|Baton Pass Stat Clause: No Baton Passer may have a way to boost its stats
|clearpoke
|poke|p1|Gyarados, F|item
|poke|p1|Politoed, F|item
|poke|p1|Tentacruel, F|item
|poke|p1|Mamoswine, M|item
|poke|p1|Thundurus-Therian, M|item
|poke|p1|Ferrothorn, M|item
|poke|p2|Hippowdon, F|item
|poke|p2|Clefable, M|item
|poke|p2|Garchomp, M|item
|poke|p2|Skarmory, M|item
|poke|p2|Latias, F|item
|poke|p2|Jellicent, F|item
|teampreview
|c|☆sk8head|gl
|c|☆Clawdia Chauchat|u2!
|
|t:|1712750888
|start
|switch|p1a: Thundurus|Thundurus-Therian, M|100/100
|switch|p2a: Clefable|Clefable, M|100/100
|turn|1
|
|t:|1712750891
|move|p1a: Thundurus|Focus Blast|p2a: Clefable
|-supereffective|p2a: Clefable
|-damage|p2a: Clefable|45/100
|move|p2a: Clefable|Seismic Toss|p1a: Thundurus
|-damage|p1a: Thundurus|68/100
|
|-heal|p1a: Thundurus|74/100|[from] item: Leftovers
|-heal|p2a: Clefable|51/100|[from] item: Leftovers
|upkeep
|turn|2
|
|t:|1712750899
|switch|p1a: Mamoswine|Mamoswine, M|100/100
|switch|p2a: Latias|Latias, F|100/100
|
|upkeep
|turn|3
|
|t:|1712750952
|switch|p2a: Jellicent|Jellicent, F|100/100
|-item|p2a: Jellicent|Air Balloon
|move|p1a: Mamoswine|Icicle Crash|p2a: Jellicent
|-resisted|p2a: Jellicent
|-damage|p2a: Jellicent|80/100
|-enditem|p2a: Jellicent|Air Balloon
|
|upkeep
|turn|4
|c|☆sk8head|lost like 2 games to fakes in a row rn
|
|t:|1712750980
|move|p1a: Mamoswine|Substitute|p1a: Mamoswine
|-start|p1a: Mamoswine|Substitute
|-damage|p1a: Mamoswine|76/100
|move|p2a: Jellicent|Will-O-Wisp||[still]
|-fail|p2a: Jellicent
|
|upkeep
|turn|5
|c|☆sk8head|tryna get them points back
|
|t:|1712750989
|move|p1a: Mamoswine|Earthquake|p2a: Jellicent
|-damage|p2a: Jellicent|37/100
|move|p2a: Jellicent|Scald|p1a: Mamoswine
|-supereffective|p1a: Mamoswine
|-end|p1a: Mamoswine|Substitute
|
|upkeep
|turn|6
|c|☆Clawdia Chauchat|hahaha
|
|t:|1712750996
|switch|p2a: Skarmory|Skarmory, M|100/100
|move|p1a: Mamoswine|Earthquake|p2a: Skarmory
|-immune|p2a: Skarmory
|
|upkeep
|turn|7
|c|☆Clawdia Chauchat|yeah thats tuff
|c|☆Clawdia Chauchat|losing to the same mf twice
|c|☆sk8head|its okay im gettin back up
|c|☆sk8head|this time rocketing to no.1
|c|☆sk8head|fuck it we ball
|c|☆sk8head|youre victim no.1
|
|t:|1712751047
|switch|p1a: Politoed|Politoed, F|100/100
|-weather|RainDance|[from] ability: Drizzle|[of] p1a: Politoed
|move|p2a: Skarmory|Roar|p1a: Politoed
|drag|p1a: Gyarados|Gyarados, F|100/100
|
|-weather|RainDance|[upkeep]
|upkeep
|turn|8
|
|t:|1712751052
|switch|p2a: Garchomp|Garchomp, M|100/100
|move|p1a: Gyarados|Waterfall|p2a: Garchomp
|-damage|p2a: Garchomp|39/100
|-damage|p1a: Gyarados|88/100|[from] ability: Rough Skin|[of] p2a: Garchomp
|
|-weather|RainDance|[upkeep]
|-heal|p1a: Gyarados|94/100|[from] item: Leftovers
|upkeep
|turn|9
|
|t:|1712751059
|switch|p1a: Ferrothorn|Ferrothorn, M|100/100
|move|p2a: Garchomp|Rock Slide|p1a: Ferrothorn
|-resisted|p1a: Ferrothorn
|-damage|p1a: Ferrothorn|91/100
|
|-weather|RainDance|[upkeep]
|-heal|p1a: Ferrothorn|97/100|[from] item: Leftovers
|upkeep
|turn|10
|
|t:|1712751066
|switch|p2a: Clefable|Clefable, M|51/100
|switch|p1a: Gyarados|Gyarados, F|94/100
|
|-weather|RainDance|[upkeep]
|-heal|p1a: Gyarados|100/100|[from] item: Leftovers
|-heal|p2a: Clefable|57/100|[from] item: Leftovers
|upkeep
|turn|11
|
|t:|1712751070
|switch|p2a: Jellicent|Jellicent, F|37/100
|move|p1a: Gyarados|Substitute|p1a: Gyarados
|-start|p1a: Gyarados|Substitute
|-damage|p1a: Gyarados|76/100
|
|-weather|RainDance|[upkeep]
|-heal|p1a: Gyarados|82/100|[from] item: Leftovers
|upkeep
|turn|12
|inactive|Battle timer is ON: inactive players will automatically lose when time's up. (requested by sk8head)
|c|☆sk8head|dont mind timer
|c|☆sk8head|i just like keeping it
|c|☆sk8head|for aesthetics
|c|☆Clawdia Chauchat|yea i got tha
|c|☆Clawdia Chauchat|get that
|
|t:|1712751127
|move|p1a: Gyarados|Dragon Dance|p1a: Gyarados
|-boost|p1a: Gyarados|atk|1
|-boost|p1a: Gyarados|spe|1
|move|p2a: Jellicent|Recover|p2a: Jellicent
|-heal|p2a: Jellicent|87/100
|
|-weather|RainDance|[upkeep]
|-heal|p1a: Gyarados|88/100|[from] item: Leftovers
|upkeep
|turn|13
|
|t:|1712751135
|move|p1a: Gyarados|Bounce||[still]
|-prepare|p1a: Gyarados|Bounce
|move|p2a: Jellicent|Night Shade|p1a: Gyarados|[miss]
|-miss|p2a: Jellicent|p1a: Gyarados
|
|-weather|RainDance|[upkeep]
|-heal|p1a: Gyarados|94/100|[from] item: Leftovers
|upkeep
|turn|14
|
|t:|1712751159
|switch|p2a: Hippowdon|Hippowdon, F|100/100
|-weather|Sandstorm|[from] ability: Sand Stream|[of] p2a: Hippowdon
|move|p1a: Gyarados|Bounce|p2a: Hippowdon|[from]lockedmove
|-damage|p2a: Hippowdon|62/100
|
|-weather|Sandstorm|[upkeep]
|-damage|p1a: Gyarados|88/100|[from] Sandstorm
|-heal|p1a: Gyarados|94/100|[from] item: Leftovers
|-heal|p2a: Hippowdon|68/100|[from] item: Leftovers
|upkeep
|turn|15
|
|t:|1712751162
|switch|p2a: Jellicent|Jellicent, F|87/100
|move|p1a: Gyarados|Waterfall|p2a: Jellicent
|-heal|p2a: Jellicent|100/100|[from] ability: Water Absorb|[of] p1a: Gyarados
|
|-weather|Sandstorm|[upkeep]
|-damage|p1a: Gyarados|88/100|[from] Sandstorm
|-damage|p2a: Jellicent|94/100|[from] Sandstorm
|-heal|p1a: Gyarados|94/100|[from] item: Leftovers
|upkeep
|turn|16
|c|☆sk8head|ah
|c|☆sk8head|negating leftees
|
|t:|1712751173
|switch|p2a: Hippowdon|Hippowdon, F|68/100
|move|p1a: Gyarados|Bounce||[still]
|-prepare|p1a: Gyarados|Bounce
|
|-weather|Sandstorm|[upkeep]
|-damage|p1a: Gyarados|88/100|[from] Sandstorm
|-heal|p1a: Gyarados|94/100|[from] item: Leftovers
|-heal|p2a: Hippowdon|74/100|[from] item: Leftovers
|upkeep
|turn|17
|
|t:|1712751181
|move|p1a: Gyarados|Bounce|p2a: Hippowdon|[from]lockedmove|[miss]
|-miss|p1a: Gyarados|p2a: Hippowdon
|move|p2a: Hippowdon|Stealth Rock|p1a: Gyarados
|-sidestart|p1: sk8head|move: Stealth Rock
|
|-weather|Sandstorm|[upkeep]
|-damage|p1a: Gyarados|88/100|[from] Sandstorm
|-heal|p1a: Gyarados|94/100|[from] item: Leftovers
|-heal|p2a: Hippowdon|80/100|[from] item: Leftovers
|upkeep
|turn|18
|j| radaty
|
|t:|1712751188
|switch|p2a: Garchomp|Garchomp, M|39/100
|move|p1a: Gyarados|Dragon Dance|p1a: Gyarados
|-boost|p1a: Gyarados|atk|1
|-boost|p1a: Gyarados|spe|1
|
|-weather|Sandstorm|[upkeep]
|-damage|p1a: Gyarados|88/100|[from] Sandstorm
|-heal|p1a: Gyarados|94/100|[from] item: Leftovers
|upkeep
|turn|19
|
|t:|1712751193
|switch|p2a: Jellicent|Jellicent, F|94/100
|move|p1a: Gyarados|Waterfall|p2a: Jellicent
|-heal|p2a: Jellicent|100/100|[from] ability: Water Absorb|[of] p1a: Gyarados
|
|-weather|Sandstorm|[upkeep]
|-damage|p1a: Gyarados|88/100|[from] Sandstorm
|-damage|p2a: Jellicent|94/100|[from] Sandstorm
|-heal|p1a: Gyarados|94/100|[from] item: Leftovers
|upkeep
|turn|20
|
|t:|1712751198
|move|p1a: Gyarados|Bounce||[still]
|-prepare|p1a: Gyarados|Bounce
|move|p2a: Jellicent|Night Shade|p1a: Gyarados|[miss]
|-miss|p2a: Jellicent|p1a: Gyarados
|
|-weather|Sandstorm|[upkeep]
|-damage|p1a: Gyarados|88/100|[from] Sandstorm
|-damage|p2a: Jellicent|88/100|[from] Sandstorm
|-heal|p1a: Gyarados|94/100|[from] item: Leftovers
|upkeep
|turn|21
|j| lzgboys
|
|t:|1712751201
|switch|p2a: Skarmory|Skarmory, M|100/100
|move|p1a: Gyarados|Bounce|p2a: Skarmory|[from]lockedmove
|-resisted|p2a: Skarmory
|-damage|p2a: Skarmory|65/100
|
|-weather|Sandstorm|[upkeep]
|-damage|p1a: Gyarados|88/100|[from] Sandstorm
|-heal|p1a: Gyarados|94/100|[from] item: Leftovers
|-heal|p2a: Skarmory|71/100|[from] item: Leftovers
|upkeep
|turn|22
|
|t:|1712751216
|switch|p2a: Jellicent|Jellicent, F|88/100
|move|p1a: Gyarados|Bounce||[still]
|-prepare|p1a: Gyarados|Bounce
|
|-weather|Sandstorm|[upkeep]
|-damage|p1a: Gyarados|88/100|[from] Sandstorm
|-damage|p2a: Jellicent|82/100|[from] Sandstorm
|-heal|p1a: Gyarados|94/100|[from] item: Leftovers
|upkeep
|turn|23
|c|☆sk8head|gg
|
|t:|1712751221
|switch|p2a: Skarmory|Skarmory, M|71/100
|move|p1a: Gyarados|Bounce|p2a: Skarmory|[from]lockedmove
|-resisted|p2a: Skarmory
|-damage|p2a: Skarmory|37/100
|
|-weather|Sandstorm|[upkeep]
|-damage|p1a: Gyarados|88/100|[from] Sandstorm
|-heal|p1a: Gyarados|94/100|[from] item: Leftovers
|-heal|p2a: Skarmory|43/100|[from] item: Leftovers
|upkeep
|turn|24
|c|☆sk8head|im takin this one home
|
|t:|1712751229
|switch|p2a: Jellicent|Jellicent, F|82/100
|move|p1a: Gyarados|Bounce||[still]
|-prepare|p1a: Gyarados|Bounce
|
|-weather|Sandstorm|[upkeep]
|-damage|p1a: Gyarados|88/100|[from] Sandstorm
|-damage|p2a: Jellicent|76/100|[from] Sandstorm
|-heal|p1a: Gyarados|94/100|[from] item: Leftovers
|upkeep
|turn|25
|c|☆Clawdia Chauchat|lol
|c|☆Clawdia Chauchat|talk yo shit
|
|t:|1712751243
|switch|p2a: Garchomp|Garchomp, M|39/100
|move|p1a: Gyarados|Bounce|p2a: Garchomp|[from]lockedmove
|-damage|p2a: Garchomp|0 fnt
|-damage|p1a: Gyarados|82/100|[from] ability: Rough Skin|[of] p2a: Garchomp
|faint|p2a: Garchomp
|-ability|p1a: Gyarados|Moxie|boost
|-boost|p1a: Gyarados|atk|1
|
|-weather|Sandstorm|[upkeep]
|-damage|p1a: Gyarados|76/100|[from] Sandstorm
|-heal|p1a: Gyarados|82/100|[from] item: Leftovers
|upkeep
|
|t:|1712751249
|switch|p2a: Jellicent|Jellicent, F|76/100
|turn|26
|
|t:|1712751261
|switch|p2a: Skarmory|Skarmory, M|43/100
|move|p1a: Gyarados|Dragon Dance|p1a: Gyarados
|-boost|p1a: Gyarados|atk|1
|-boost|p1a: Gyarados|spe|1
|
|-weather|Sandstorm|[upkeep]
|-damage|p1a: Gyarados|76/100|[from] Sandstorm
|-heal|p1a: Gyarados|82/100|[from] item: Leftovers
|-heal|p2a: Skarmory|49/100|[from] item: Leftovers
|upkeep
|turn|27
|
|t:|1712751266
|switch|p2a: Jellicent|Jellicent, F|76/100
|move|p1a: Gyarados|Waterfall|p2a: Jellicent
|-heal|p2a: Jellicent|100/100|[from] ability: Water Absorb|[of] p1a: Gyarados
|
|-weather|Sandstorm|[upkeep]
|-damage|p1a: Gyarados|76/100|[from] Sandstorm
|-damage|p2a: Jellicent|94/100|[from] Sandstorm
|-heal|p1a: Gyarados|82/100|[from] item: Leftovers
|upkeep
|turn|28
|
|t:|1712751272
|switch|p2a: Skarmory|Skarmory, M|49/100
|move|p1a: Gyarados|Bounce||[still]
|-prepare|p1a: Gyarados|Bounce
|
|-weather|Sandstorm|[upkeep]
|-damage|p1a: Gyarados|76/100|[from] Sandstorm
|-heal|p1a: Gyarados|82/100|[from] item: Leftovers
|-heal|p2a: Skarmory|55/100|[from] item: Leftovers
|upkeep
|turn|29
|
|t:|1712751280
|move|p1a: Gyarados|Bounce|p2a: Skarmory|[from]lockedmove|[miss]
|-miss|p1a: Gyarados|p2a: Skarmory
|move|p2a: Skarmory|Roost|p2a: Skarmory
|-heal|p2a: Skarmory|100/100
|-singleturn|p2a: Skarmory|move: Roost
|
|-weather|Sandstorm|[upkeep]
|-damage|p1a: Gyarados|76/100|[from] Sandstorm
|-heal|p1a: Gyarados|82/100|[from] item: Leftovers
|upkeep
|turn|30
|
|t:|1712751286
|switch|p2a: Jellicent|Jellicent, F|94/100
|move|p1a: Gyarados|Bounce||[still]
|-prepare|p1a: Gyarados|Bounce
|
|-weather|Sandstorm|[upkeep]
|-damage|p1a: Gyarados|76/100|[from] Sandstorm
|-damage|p2a: Jellicent|88/100|[from] Sandstorm
|-heal|p1a: Gyarados|82/100|[from] item: Leftovers
|upkeep
|turn|31
|
|t:|1712751289
|switch|p2a: Skarmory|Skarmory, M|100/100
|move|p1a: Gyarados|Bounce|p2a: Skarmory|[from]lockedmove
|-resisted|p2a: Skarmory
|-damage|p2a: Skarmory|46/100
|
|-weather|Sandstorm|[upkeep]
|-damage|p1a: Gyarados|76/100|[from] Sandstorm
|-heal|p1a: Gyarados|82/100|[from] item: Leftovers
|-heal|p2a: Skarmory|52/100|[from] item: Leftovers
|upkeep
|turn|32
|c|☆sk8head|yo i see the vision
|
|t:|1712751306
|switch|p2a: Jellicent|Jellicent, F|88/100
|move|p1a: Gyarados|Dragon Dance|p1a: Gyarados
|-boost|p1a: Gyarados|atk|1
|-boost|p1a: Gyarados|spe|1
|
|-weather|Sandstorm|[upkeep]
|-damage|p1a: Gyarados|76/100|[from] Sandstorm
|-damage|p2a: Jellicent|82/100|[from] Sandstorm
|-heal|p1a: Gyarados|82/100|[from] item: Leftovers
|upkeep
|turn|33
|c|☆Clawdia Chauchat|lol
|
|t:|1712751323
|switch|p2a: Skarmory|Skarmory, M|52/100
|move|p1a: Gyarados|Dragon Dance|p1a: Gyarados
|-boost|p1a: Gyarados|atk|1
|-boost|p1a: Gyarados|spe|1
|
|-weather|Sandstorm|[upkeep]
|-damage|p1a: Gyarados|76/100|[from] Sandstorm
|-heal|p1a: Gyarados|82/100|[from] item: Leftovers
|-heal|p2a: Skarmory|58/100|[from] item: Leftovers
|upkeep
|turn|34
|
|t:|1712751329
|switch|p2a: Jellicent|Jellicent, F|82/100
|move|p1a: Gyarados|Waterfall|p2a: Jellicent
|-heal|p2a: Jellicent|100/100|[from] ability: Water Absorb|[of] p1a: Gyarados
|
|-weather|Sandstorm|[upkeep]
|-damage|p1a: Gyarados|76/100|[from] Sandstorm
|-damage|p2a: Jellicent|94/100|[from] Sandstorm
|-heal|p1a: Gyarados|82/100|[from] item: Leftovers
|upkeep
|turn|35
|
|t:|1712751335
|move|p1a: Gyarados|Waterfall|p2a: Jellicent
|-heal|p2a: Jellicent|100/100|[from] ability: Water Absorb|[of] p1a: Gyarados
|move|p2a: Jellicent|Night Shade|p1a: Gyarados
|-end|p1a: Gyarados|Substitute
|
|-weather|Sandstorm|[upkeep]
|-damage|p1a: Gyarados|76/100|[from] Sandstorm
|-damage|p2a: Jellicent|94/100|[from] Sandstorm
|-heal|p1a: Gyarados|82/100|[from] item: Leftovers
|upkeep
|turn|36
|
|t:|1712751341
|switch|p2a: Skarmory|Skarmory, M|58/100
|move|p1a: Gyarados|Bounce||[still]
|-prepare|p1a: Gyarados|Bounce
|
|-weather|Sandstorm|[upkeep]
|-damage|p1a: Gyarados|76/100|[from] Sandstorm
|-heal|p1a: Gyarados|82/100|[from] item: Leftovers
|-heal|p2a: Skarmory|64/100|[from] item: Leftovers
|upkeep
|turn|37
|
|t:|1712751346
|move|p1a: Gyarados|Bounce|p2a: Skarmory|[from]lockedmove|[miss]
|-miss|p1a: Gyarados|p2a: Skarmory
|move|p2a: Skarmory|Roost|p2a: Skarmory
|-heal|p2a: Skarmory|100/100
|-singleturn|p2a: Skarmory|move: Roost
|
|-weather|Sandstorm|[upkeep]
|-damage|p1a: Gyarados|76/100|[from] Sandstorm
|-heal|p1a: Gyarados|82/100|[from] item: Leftovers
|upkeep
|turn|38
|c|☆sk8head|nah
|c|☆sk8head|i missed 3 off my 8
|c|☆sk8head|this is fraud
|c|☆Clawdia Chauchat|yeah my b
|c|☆Clawdia Chauchat|but i kinda pulled some plays
|inactive|sk8head has 120 seconds left.
|c|☆sk8head|yea i see that
|c|☆sk8head|but i mean its visible to me
|c|☆sk8head|but skarm shoulda died twice by now
|inactive|sk8head has 90 seconds left.
|
|t:|1712751411
|switch|p1a: Thundurus|Thundurus-Therian, M|74/100
|-damage|p1a: Thundurus|49/100|[from] Stealth Rock
|switch|p2a: Jellicent|Jellicent, F|94/100
|
|-weather|Sandstorm|[upkeep]
|-damage|p1a: Thundurus|43/100|[from] Sandstorm
|-damage|p2a: Jellicent|88/100|[from] Sandstorm
|-heal|p1a: Thundurus|49/100|[from] item: Leftovers
|upkeep
|turn|39
|
|t:|1712751416
|switch|p1a: Politoed|Politoed, F|100/100
|-damage|p1a: Politoed|88/100|[from] Stealth Rock
|-weather|RainDance|[from] ability: Drizzle|[of] p1a: Politoed
|switch|p2a: Latias|Latias, F|100/100
|
|-weather|RainDance|[upkeep]
|-heal|p1a: Politoed|94/100|[from] item: Leftovers
|upkeep
|turn|40
|
|t:|1712751421
|switch|p2a: Jellicent|Jellicent, F|88/100
|move|p1a: Politoed|Encore||[still]
|-fail|p1a: Politoed
|
|-weather|RainDance|[upkeep]
|-heal|p1a: Politoed|100/100|[from] item: Leftovers
|upkeep
|turn|41
|
|t:|1712751425
|switch|p1a: Tentacruel|Tentacruel, F|100/100
|-damage|p1a: Tentacruel|88/100|[from] Stealth Rock
|move|p2a: Jellicent|Will-O-Wisp|p1a: Tentacruel|[miss]
|-miss|p2a: Jellicent|p1a: Tentacruel
|
|-weather|RainDance|[upkeep]
|-heal|p1a: Tentacruel|94/100|[from] ability: Rain Dish
|-heal|p1a: Tentacruel|99/100|[from] item: Black Sludge
|upkeep
|turn|42
|
|t:|1712751429
|move|p1a: Tentacruel|Toxic Spikes|p2a: Jellicent
|-sidestart|p2: Clawdia Chauchat|move: Toxic Spikes
|move|p2a: Jellicent|Will-O-Wisp|p1a: Tentacruel
|-status|p1a: Tentacruel|brn
|
|-weather|RainDance|[upkeep]
|-heal|p1a: Tentacruel|100/100 brn|[from] ability: Rain Dish
|-damage|p1a: Tentacruel|88/100 brn|[from] brn
|upkeep
|turn|43
|
|t:|1712751433
|switch|p2a: Hippowdon|Hippowdon, F|80/100
|-status|p2a: Hippowdon|psn
|-weather|Sandstorm|[from] ability: Sand Stream|[of] p2a: Hippowdon
|move|p1a: Tentacruel|Toxic Spikes|p2a: Hippowdon
|-sidestart|p2: Clawdia Chauchat|move: Toxic Spikes
|
|-weather|Sandstorm|[upkeep]
|-damage|p1a: Tentacruel|82/100 brn|[from] Sandstorm
|-heal|p1a: Tentacruel|88/100 brn|[from] item: Black Sludge
|-heal|p2a: Hippowdon|86/100 psn|[from] item: Leftovers
|-damage|p2a: Hippowdon|74/100 psn|[from] psn
|-damage|p1a: Tentacruel|76/100 brn|[from] brn
|upkeep
|turn|44
|
|t:|1712751444
|move|p1a: Tentacruel|Rapid Spin|p2a: Hippowdon
|-damage|p2a: Hippowdon|73/100 psn
|-sideend|p1: sk8head|Stealth Rock|[from] move: Rapid Spin|[of] p1a: Tentacruel
|move|p2a: Hippowdon|Stealth Rock|p1a: Tentacruel
|-sidestart|p1: sk8head|move: Stealth Rock
|
|-weather|Sandstorm|[upkeep]
|-damage|p1a: Tentacruel|70/100 brn|[from] Sandstorm
|-heal|p1a: Tentacruel|76/100 brn|[from] item: Black Sludge
|-heal|p2a: Hippowdon|80/100 psn|[from] item: Leftovers
|-damage|p2a: Hippowdon|67/100 psn|[from] psn
|-damage|p1a: Tentacruel|63/100 brn|[from] brn
|upkeep
|turn|45
|
|t:|1712751450
|switch|p1a: Politoed|Politoed, F|100/100
|-damage|p1a: Politoed|88/100|[from] Stealth Rock
|-weather|RainDance|[from] ability: Drizzle|[of] p1a: Politoed
|move|p2a: Hippowdon|Earthquake|p1a: Politoed
|-damage|p1a: Politoed|45/100
|
|-weather|RainDance|[upkeep]
|-heal|p1a: Politoed|51/100|[from] item: Leftovers
|-heal|p2a: Hippowdon|73/100 psn|[from] item: Leftovers
|-damage|p2a: Hippowdon|61/100 psn|[from] psn
|upkeep
|turn|46
|
|t:|1712751454
|switch|p1a: Tentacruel|Tentacruel, F|63/100 brn
|-damage|p1a: Tentacruel|51/100 brn|[from] Stealth Rock
|switch|p2a: Clefable|Clefable, M|57/100
|-status|p2a: Clefable|tox
|
|-weather|RainDance|[upkeep]
|-heal|p1a: Tentacruel|57/100 brn|[from] ability: Rain Dish
|-heal|p1a: Tentacruel|63/100 brn|[from] item: Black Sludge
|-heal|p2a: Clefable|63/100 tox|[from] item: Leftovers
|-damage|p1a: Tentacruel|51/100 brn|[from] brn
|upkeep
|turn|47
|
|t:|1712751462
|move|p1a: Tentacruel|Rapid Spin|p2a: Clefable
|-damage|p2a: Clefable|61/100 tox
|-sideend|p1: sk8head|Stealth Rock|[from] move: Rapid Spin|[of] p1a: Tentacruel
|move|p2a: Clefable|Knock Off|p1a: Tentacruel
|-damage|p1a: Tentacruel|47/100 brn
|-enditem|p1a: Tentacruel|Black Sludge|[from] move: Knock Off|[of] p2a: Clefable
|
|-weather|RainDance|[upkeep]
|-heal|p1a: Tentacruel|53/100 brn|[from] ability: Rain Dish
|-heal|p2a: Clefable|68/100 tox|[from] item: Leftovers
|-damage|p1a: Tentacruel|40/100 brn|[from] brn
|upkeep
|turn|48
|
|t:|1712751477
|switch|p1a: Mamoswine|Mamoswine, M|76/100
|switch|p2a: Skarmory|Skarmory, M|100/100
|
|-weather|RainDance|[upkeep]
|upkeep
|turn|49
|
|t:|1712751481
|move|p1a: Mamoswine|Icicle Crash|p2a: Skarmory
|-damage|p2a: Skarmory|57/100
|move|p2a: Skarmory|Roar|p1a: Mamoswine
|drag|p1a: Tentacruel|Tentacruel, F|40/100 brn
|
|-weather|RainDance|[upkeep]
|-heal|p1a: Tentacruel|46/100 brn|[from] ability: Rain Dish
|-heal|p2a: Skarmory|63/100|[from] item: Leftovers
|-damage|p1a: Tentacruel|34/100 brn|[from] brn
|upkeep
|turn|50
|
|t:|1712751487
|switch|p2a: Clefable|Clefable, M|68/100 tox
|move|p1a: Tentacruel|Scald|p2a: Clefable
|-damage|p2a: Clefable|44/100 tox
|
|-weather|RainDance|[upkeep]
|-heal|p1a: Tentacruel|40/100 brn|[from] ability: Rain Dish
|-heal|p2a: Clefable|50/100 tox|[from] item: Leftovers
|-damage|p1a: Tentacruel|28/100 brn|[from] brn
|upkeep
|turn|51
|
|t:|1712751493
|switch|p1a: Mamoswine|Mamoswine, M|76/100
|move|p2a: Clefable|Knock Off|p1a: Mamoswine
|-damage|p1a: Mamoswine|71/100
|-enditem|p1a: Mamoswine|Never-Melt Ice|[from] move: Knock Off|[of] p2a: Clefable
|
|-weather|RainDance|[upkeep]
|-heal|p2a: Clefable|56/100 tox|[from] item: Leftovers
|upkeep
|turn|52
|inactive|Clawdia Chauchat has 120 seconds left.
|
|t:|1712751530
|switch|p2a: Skarmory|Skarmory, M|63/100
|move|p1a: Mamoswine|Earthquake|p2a: Skarmory
|-immune|p2a: Skarmory
|
|-weather|RainDance|[upkeep]
|-heal|p2a: Skarmory|69/100|[from] item: Leftovers
|upkeep
|turn|53
|inactive|Clawdia Chauchat has 120 seconds left.
|
|t:|1712751537
|move|p1a: Mamoswine|Icicle Crash|p2a: Skarmory
|-damage|p2a: Skarmory|35/100
|move|p2a: Skarmory|Spikes|p1a: Mamoswine
|-sidestart|p1: sk8head|Spikes
|
|-weather|RainDance|[upkeep]
|-heal|p2a: Skarmory|41/100|[from] item: Leftovers
|upkeep
|turn|54
|c|☆sk8head|i didnt mean to be arrogant there btw
|c|☆sk8head|your mu is jus bad
|
|t:|1712751545
|move|p1a: Mamoswine|Icicle Crash|p2a: Skarmory
|-damage|p2a: Skarmory|0 fnt
|faint|p2a: Skarmory
|
|-weather|RainDance|[upkeep]
|upkeep
|c|☆Clawdia Chauchat|hahaha no worries
|
|t:|1712751549
|switch|p2a: Jellicent|Jellicent, F|88/100
|-status|p2a: Jellicent|tox
|turn|55
|
|t:|1712751556
|switch|p1a: Gyarados|Gyarados, F|82/100
|move|p2a: Jellicent|Scald|p1a: Gyarados
|-resisted|p1a: Gyarados
|-damage|p1a: Gyarados|64/100
|
|-weather|RainDance|[upkeep]
|-heal|p1a: Gyarados|70/100|[from] item: Leftovers
|-damage|p2a: Jellicent|82/100 tox|[from] psn
|upkeep
|turn|56
|
|t:|1712751563
|move|p1a: Gyarados|Substitute|p1a: Gyarados
|-start|p1a: Gyarados|Substitute
|-damage|p1a: Gyarados|45/100
|move|p2a: Jellicent|Night Shade|p1a: Gyarados
|-end|p1a: Gyarados|Substitute
|
|-weather|RainDance|[upkeep]
|-heal|p1a: Gyarados|51/100|[from] item: Leftovers
|-damage|p2a: Jellicent|70/100 tox|[from] psn
|upkeep
|turn|57
|c|☆sk8head|gyara is lebron
|c|☆sk8head|walled but for what?
|
|t:|1712751580
|move|p1a: Gyarados|Substitute|p1a: Gyarados
|-start|p1a: Gyarados|Substitute
|-damage|p1a: Gyarados|27/100
|move|p2a: Jellicent|Night Shade|p1a: Gyarados
|-end|p1a: Gyarados|Substitute
|
|-weather|RainDance|[upkeep]
|-heal|p1a: Gyarados|33/100|[from] item: Leftovers
|-damage|p2a: Jellicent|51/100 tox|[from] psn
|upkeep
|turn|58
|
|t:|1712751585
|move|p1a: Gyarados|Substitute|p1a: Gyarados
|-start|p1a: Gyarados|Substitute
|-damage|p1a: Gyarados|8/100
|move|p2a: Jellicent|Night Shade|p1a: Gyarados
|-end|p1a: Gyarados|Substitute
|
|-weather|RainDance|[upkeep]
|-heal|p1a: Gyarados|14/100|[from] item: Leftovers
|-damage|p2a: Jellicent|26/100 tox|[from] psn
|upkeep
|turn|59
|
|t:|1712751595
|move|p1a: Gyarados|Dragon Dance|p1a: Gyarados
|-boost|p1a: Gyarados|atk|1
|-boost|p1a: Gyarados|spe|1
|move|p2a: Jellicent|Recover|p2a: Jellicent
|-heal|p2a: Jellicent|76/100 tox
|
|-weather|RainDance|[upkeep]
|-heal|p1a: Gyarados|20/100|[from] item: Leftovers
|-damage|p2a: Jellicent|45/100 tox|[from] psn
|upkeep
|turn|60
|
|t:|1712751604
|move|p1a: Gyarados|Dragon Dance|p1a: Gyarados
|-boost|p1a: Gyarados|atk|1
|-boost|p1a: Gyarados|spe|1
|move|p2a: Jellicent|Night Shade|p1a: Gyarados
|-damage|p1a: Gyarados|0 fnt
|faint|p1a: Gyarados
|
|-weather|RainDance|[upkeep]
|-damage|p2a: Jellicent|8/100 tox|[from] psn
|upkeep
|
|t:|1712751609
|switch|p1a: Mamoswine|Mamoswine, M|71/100
|-damage|p1a: Mamoswine|59/100|[from] Spikes
|turn|61
|
|t:|1712751613
|move|p1a: Mamoswine|Earthquake|p2a: Jellicent
|-damage|p2a: Jellicent|0 fnt
|faint|p2a: Jellicent
|
|-weather|RainDance|[upkeep]
|upkeep
|
|t:|1712751617
|switch|p2a: Latias|Latias, F|100/100
|turn|62
|
|t:|1712751619
|switch|p1a: Ferrothorn|Ferrothorn, M|97/100
|-damage|p1a: Ferrothorn|85/100|[from] Spikes
|move|p2a: Latias|Dragon Pulse|p1a: Ferrothorn
|-resisted|p1a: Ferrothorn
|-damage|p1a: Ferrothorn|75/100
|
|-weather|RainDance|[upkeep]
|-heal|p1a: Ferrothorn|81/100|[from] item: Leftovers
|upkeep
|turn|63
|
|t:|1712751628
|switch|p2a: Hippowdon|Hippowdon, F|61/100 psn
|-weather|Sandstorm|[from] ability: Sand Stream|[of] p2a: Hippowdon
|move|p1a: Ferrothorn|Knock Off|p2a: Hippowdon
|-damage|p2a: Hippowdon|58/100 psn
|-enditem|p2a: Hippowdon|Leftovers|[from] move: Knock Off|[of] p1a: Ferrothorn
|
|-weather|Sandstorm|[upkeep]
|-heal|p1a: Ferrothorn|88/100|[from] item: Leftovers
|-damage|p2a: Hippowdon|46/100 psn|[from] psn
|upkeep
|turn|64
|j| brainoffnothoughts
|
|t:|1712751633
|switch|p1a: Politoed|Politoed, F|51/100
|-damage|p1a: Politoed|39/100|[from] Spikes
|-weather|RainDance|[from] ability: Drizzle|[of] p1a: Politoed
|move|p2a: Hippowdon|Stealth Rock|p1a: Politoed
|-sidestart|p1: sk8head|move: Stealth Rock
|
|-weather|RainDance|[upkeep]
|-heal|p1a: Politoed|45/100|[from] item: Leftovers
|-damage|p2a: Hippowdon|34/100 psn|[from] psn
|upkeep
|turn|65
|
|t:|1712751638
|switch|p1a: Tentacruel|Tentacruel, F|28/100 brn
|-damage|p1a: Tentacruel|15/100 brn|[from] Spikes
|-damage|p1a: Tentacruel|3/100 brn|[from] Stealth Rock
|switch|p2a: Clefable|Clefable, M|56/100 tox
|
|-weather|RainDance|[upkeep]
|-heal|p1a: Tentacruel|9/100 brn|[from] ability: Rain Dish
|-heal|p2a: Clefable|62/100 tox|[from] item: Leftovers
|-damage|p1a: Tentacruel|0 fnt|[from] brn
|faint|p1a: Tentacruel
|upkeep
|l| brainoffnothoughts
|
|t:|1712751646
|switch|p1a: Mamoswine|Mamoswine, M|59/100
|-damage|p1a: Mamoswine|46/100|[from] Spikes
|-damage|p1a: Mamoswine|34/100|[from] Stealth Rock
|turn|66
|
|t:|1712751649
|switch|p2a: Hippowdon|Hippowdon, F|34/100 psn
|-weather|Sandstorm|[from] ability: Sand Stream|[of] p2a: Hippowdon
|move|p1a: Mamoswine|Icicle Crash|p2a: Hippowdon
|-supereffective|p2a: Hippowdon
|-damage|p2a: Hippowdon|0 fnt
|faint|p2a: Hippowdon
|
|-weather|Sandstorm|[upkeep]
|upkeep
|
|t:|1712751652
|switch|p2a: Latias|Latias, F|100/100
|turn|67
|
|t:|1712751654
|switch|p1a: Ferrothorn|Ferrothorn, M|88/100
|-damage|p1a: Ferrothorn|75/100|[from] Spikes
|-damage|p1a: Ferrothorn|69/100|[from] Stealth Rock
|move|p2a: Latias|Dragon Pulse|p1a: Ferrothorn
|-resisted|p1a: Ferrothorn
|-crit|p1a: Ferrothorn
|-damage|p1a: Ferrothorn|47/100
|
|-weather|Sandstorm|[upkeep]
|-damage|p2a: Latias|94/100|[from] Sandstorm
|-heal|p2a: Latias|100/100|[from] item: Leftovers
|-heal|p1a: Ferrothorn|53/100|[from] item: Leftovers
|upkeep
|turn|68
|c|☆sk8head|yo
|c|☆sk8head|I LOSE LMFAO
|inactive|sk8head has 120 seconds left.
|c|☆sk8head|this is so fraudulent hell nawwww
|
|t:|1712751693
|switch|p2a: Clefable|Clefable, M|62/100 tox
|move|p1a: Ferrothorn|Power Whip|p2a: Clefable
|-damage|p2a: Clefable|19/100 tox
|
|-weather|Sandstorm|[upkeep]
|-heal|p2a: Clefable|25/100 tox|[from] item: Leftovers
|-heal|p1a: Ferrothorn|60/100|[from] item: Leftovers
|upkeep
|turn|69
|c|☆Clawdia Chauchat|got played boi
|inactive|sk8head has 120 seconds left.
|
|t:|1712751706
|switch|p1a: Mamoswine|Mamoswine, M|34/100
|-damage|p1a: Mamoswine|21/100|[from] Spikes
|-damage|p1a: Mamoswine|9/100|[from] Stealth Rock
|move|p2a: Clefable|Soft-Boiled|p2a: Clefable
|-heal|p2a: Clefable|75/100 tox
|
|-weather|Sandstorm|[upkeep]
|-heal|p2a: Clefable|81/100 tox|[from] item: Leftovers
|upkeep
|turn|70
|inactive|sk8head has 120 seconds left.
|
|t:|1712751714
|move|p1a: Mamoswine|Earthquake|p2a: Clefable
|-crit|p2a: Clefable
|-damage|p2a: Clefable|0 fnt
|faint|p2a: Clefable
|
|-weather|Sandstorm|[upkeep]
|upkeep
|
|t:|1712751716
|switch|p2a: Latias|Latias, F|100/100
|turn|71
|
|t:|1712751721
|move|p1a: Mamoswine|Ice Shard|p2a: Latias
|-supereffective|p2a: Latias
|-damage|p2a: Latias|54/100
|move|p2a: Latias|Dragon Pulse|p1a: Mamoswine
|-damage|p1a: Mamoswine|0 fnt
|faint|p1a: Mamoswine
|
|-weather|Sandstorm|[upkeep]
|-damage|p2a: Latias|48/100|[from] Sandstorm
|-heal|p2a: Latias|54/100|[from] item: Leftovers
|upkeep
|
|t:|1712751735
|switch|p1a: Thundurus|Thundurus-Therian, M|49/100
|-damage|p1a: Thundurus|24/100|[from] Stealth Rock
|turn|72
|
|t:|1712751738
|move|p2a: Latias|Dragon Pulse|p1a: Thundurus
|-damage|p1a: Thundurus|0 fnt
|faint|p1a: Thundurus
|
|-weather|Sandstorm|[upkeep]
|-damage|p2a: Latias|48/100|[from] Sandstorm
|-heal|p2a: Latias|54/100|[from] item: Leftovers
|upkeep
|c|☆sk8head|hell naw
|c|☆sk8head|certified hippo clef skarm moment
|inactive|sk8head has 120 seconds left.
|
|t:|1712751765
|switch|p1a: Ferrothorn|Ferrothorn, M|60/100
|-damage|p1a: Ferrothorn|47/100|[from] Spikes
|-damage|p1a: Ferrothorn|41/100|[from] Stealth Rock
|turn|73
|c|☆Clawdia Chauchat|lol
|
|t:|1712751770
|move|p2a: Latias|Calm Mind|p2a: Latias
|-boost|p2a: Latias|spa|1
|-boost|p2a: Latias|spd|1
|move|p1a: Ferrothorn|Knock Off|p2a: Latias
|-supereffective|p2a: Latias
|-damage|p2a: Latias|46/100
|-enditem|p2a: Latias|Leftovers|[from] move: Knock Off|[of] p1a: Ferrothorn
|
|-weather|Sandstorm|[upkeep]
|-damage|p2a: Latias|40/100|[from] Sandstorm
|-heal|p1a: Ferrothorn|47/100|[from] item: Leftovers
|upkeep
|turn|74
|
|t:|1712751774
|switch|p1a: Politoed|Politoed, F|45/100
|-damage|p1a: Politoed|33/100|[from] Spikes
|-damage|p1a: Politoed|20/100|[from] Stealth Rock
|-weather|RainDance|[from] ability: Drizzle|[of] p1a: Politoed
|move|p2a: Latias|Recover|p2a: Latias
|-heal|p2a: Latias|90/100
|
|-weather|RainDance|[upkeep]
|-heal|p1a: Politoed|26/100|[from] item: Leftovers
|upkeep
|turn|75
|
|t:|1712751778
|move|p2a: Latias|Dragon Pulse|p1a: Politoed
|-damage|p1a: Politoed|0 fnt
|faint|p1a: Politoed
|
|-weather|RainDance|[upkeep]
|upkeep
|
|t:|1712751780
|switch|p1a: Ferrothorn|Ferrothorn, M|47/100
|-damage|p1a: Ferrothorn|35/100|[from] Spikes
|-damage|p1a: Ferrothorn|28/100|[from] Stealth Rock
|turn|76
|
|t:|1712751783
|move|p2a: Latias|Dragon Pulse|p1a: Ferrothorn
|-resisted|p1a: Ferrothorn
|-damage|p1a: Ferrothorn|12/100
|move|p1a: Ferrothorn|Power Whip|p2a: Latias
|-resisted|p2a: Latias
|-damage|p2a: Latias|71/100
|
|-weather|RainDance|[upkeep]
|-heal|p1a: Ferrothorn|18/100|[from] item: Leftovers
|upkeep
|turn|77
|c|☆sk8head|noooooooo
|c|☆sk8head|my first win
|c|☆Clawdia Chauchat|hahaha
|c|☆Clawdia Chauchat|gg
|c|☆sk8head|now we are back to 1300s hell
|c|☆sk8head|gg
|
|t:|1712751804
|move|p2a: Latias|Dragon Pulse|p1a: Ferrothorn
|-resisted|p1a: Ferrothorn
|-damage|p1a: Ferrothorn|2/100
|move|p1a: Ferrothorn|Power Whip|p2a: Latias
|-resisted|p2a: Latias
|-damage|p2a: Latias|50/100
|
|-weather|RainDance|[upkeep]
|-heal|p1a: Ferrothorn|8/100|[from] item: Leftovers
|upkeep
|turn|78
|
|t:|1712751808
|move|p2a: Latias|Dragon Pulse|p1a: Ferrothorn
|-resisted|p1a: Ferrothorn
|-damage|p1a: Ferrothorn|0 fnt
|faint|p1a: Ferrothorn
|
|win|Clawdia Chauchat
|raw|sk8head's rating: 1358 &rarr; <strong>1339</strong><br />(-19 for losing)
|raw|Clawdia Chauchat's rating: 1368 &rarr; <strong>1387</strong><br />(+19 for winning)
|l|☆sk8head
|player|p1|
