|j|☆reshirampage
|j|☆Cinema Staff Fan
|t:|1746022201
|gametype|singles
|player|p1|reshirampage|nate|1514
|player|p2|Cinema Staff Fan|miku-water|1413
|teamsize|p1|6
|teamsize|p2|6
|gen|5
|tier|[Gen 5] OU
|rated|
|rule|Species Clause: Limit one of each Pokémon
|rule|OHKO Clause: OHKO moves are banned
|rule|Moody Clause: Moody is banned
|rule|Evasion Items Clause: Evasion items are banned
|rule|Evasion Moves Clause: Evasion moves are banned
|rule|Endless Battle Clause: Forcing endless battles is banned
|rule|HP Percentage Mod: HP is shown in percentages
|rule|Evasion Abilities Clause: Evasion abilities are banned
|rule|Sleep Moves Clause: Sleep-inducing moves are banned
|rule|Swagger Clause: Swagger is banned
|rule|Baton Pass Stat Clause: No Baton Passer may have a way to boost its stats
|clearpoke
|poke|p1|Landorus-Therian, M|item
|poke|p1|Tyranitar, F|item
|poke|p1|Ferrothorn, M|item
|poke|p1|Terrakion|item
|poke|p1|Alakazam, M|item
|poke|p1|Rotom-Wash|item
|poke|p2|Conkeldurr, M|item
|poke|p2|Tyranitar, M|item
|poke|p2|Gastrodon-East, F|item
|poke|p2|Forretress, F|item
|poke|p2|Keldeo|item
|poke|p2|Landorus-Therian, M|item
|teampreview
|inactive|Battle timer is ON: inactive players will automatically lose when time's up. (requested by Cinema Staff Fan)
|
|t:|1746022215
|start
|switch|p1a: Rotom|Rotom-Wash, shiny|100/100
|switch|p2a: Strength|Conkeldurr, M|100/100
|turn|1
|
|t:|1746022226
|switch|p2a: Achtung Baby|Gastrodon-East, F|100/100
|move|p1a: Rotom|Volt Switch|p2a: Achtung Baby
|-immune|p2a: Achtung Baby
|
|upkeep
|turn|2
|
|t:|1746022235
|switch|p1a: Ferrothorn|Ferrothorn, M|100/100
|move|p2a: Achtung Baby|Toxic|p1a: Ferrothorn|[miss]
|-miss|p2a: Achtung Baby|p1a: Ferrothorn
|
|upkeep
|turn|3
|
|t:|1746022242
|switch|p2a: Strength|Conkeldurr, M|100/100
|move|p1a: Ferrothorn|Knock Off|p2a: Strength
|-resisted|p2a: Strength
|-damage|p2a: Strength|99/100
|-enditem|p2a: Strength|Life Orb|[from] move: Knock Off|[of] p1a: Ferrothorn
|
|upkeep
|turn|4
|
|t:|1746022247
|move|p2a: Strength|Drain Punch|p1a: Ferrothorn
|-supereffective|p1a: Ferrothorn
|-damage|p1a: Ferrothorn|24/100
|-heal|p2a: Strength|100/100|[from] drain|[of] p1a: Ferrothorn
|-damage|p2a: Strength|88/100|[from] ability: Iron Barbs|[of] p1a: Ferrothorn
|move|p1a: Ferrothorn|Leech Seed|p2a: Strength
|-start|p2a: Strength|move: Leech Seed
|
|-heal|p1a: Ferrothorn|30/100|[from] item: Leftovers
|-damage|p2a: Strength|76/100|[from] Leech Seed|[of] p1a: Ferrothorn
|-heal|p1a: Ferrothorn|43/100|[silent]
|upkeep
|turn|5
|
|t:|1746022255
|switch|p1a: Landorus|Landorus-Therian, M|100/100
|-ability|p1a: Landorus|Intimidate|boost
|-unboost|p2a: Strength|atk|1
|move|p2a: Strength|Ice Punch|p1a: Landorus
|-supereffective|p1a: Landorus
|-damage|p1a: Landorus|10/100
|-status|p1a: Landorus|frz
|
|-damage|p2a: Strength|63/100|[from] Leech Seed|[of] p1a: Landorus
|-heal|p1a: Landorus|23/100 frz|[silent]
|upkeep
|turn|6
|
|t:|1746022264
|switch|p1a: Rotom|Rotom-Wash, shiny|100/100
|move|p2a: Strength|Ice Punch|p1a: Rotom
|-resisted|p1a: Rotom
|-damage|p1a: Rotom|89/100
|
|-heal|p1a: Rotom|95/100|[from] item: Leftovers
|-damage|p2a: Strength|51/100|[from] Leech Seed|[of] p1a: Rotom
|-heal|p1a: Rotom|100/100|[silent]
|upkeep
|turn|7
|
|t:|1746022271
|switch|p1a: Ferrothorn|Ferrothorn, M|43/100
|switch|p2a: Achtung Baby|Gastrodon-East, F|100/100
|
|-heal|p1a: Ferrothorn|50/100|[from] item: Leftovers
|upkeep
|turn|8
|
|t:|1746022281
|switch|p2a: Strength|Conkeldurr, M|51/100
|move|p1a: Ferrothorn|Leech Seed|p2a: Strength
|-start|p2a: Strength|move: Leech Seed
|
|-heal|p1a: Ferrothorn|56/100|[from] item: Leftovers
|-damage|p2a: Strength|39/100|[from] Leech Seed|[of] p1a: Ferrothorn
|-heal|p1a: Ferrothorn|69/100|[silent]
|upkeep
|turn|9
|
|t:|1746022291
|switch|p1a: Rotom|Rotom-Wash, shiny|100/100
|move|p2a: Strength|Drain Punch|p1a: Rotom
|-damage|p1a: Rotom|52/100
|-heal|p2a: Strength|58/100|[from] drain|[of] p1a: Rotom
|
|-heal|p1a: Rotom|58/100|[from] item: Leftovers
|-damage|p2a: Strength|46/100|[from] Leech Seed|[of] p1a: Rotom
|-heal|p1a: Rotom|73/100|[silent]
|upkeep
|turn|10
|
|t:|1746022305
|switch|p2a: Achtung Baby|Gastrodon-East, F|100/100
|move|p1a: Rotom|Volt Switch|p2a: Achtung Baby
|-immune|p2a: Achtung Baby
|
|-heal|p1a: Rotom|79/100|[from] item: Leftovers
|upkeep
|turn|11
|
|t:|1746022309
|switch|p1a: Ferrothorn|Ferrothorn, M|69/100
|move|p2a: Achtung Baby|Scald|p1a: Ferrothorn
|-resisted|p1a: Ferrothorn
|-damage|p1a: Ferrothorn|61/100
|
|-heal|p1a: Ferrothorn|67/100|[from] item: Leftovers
|upkeep
|turn|12
|
|t:|1746022317
|switch|p2a: White Album|Keldeo|100/100
|move|p1a: Ferrothorn|Power Whip|p2a: White Album
|-supereffective|p2a: White Album
|-damage|p2a: White Album|14/100
|
|-heal|p1a: Ferrothorn|73/100|[from] item: Leftovers
|upkeep
|turn|13
|inactive|reshirampage has 120 seconds left.
|
|t:|1746022360
|switch|p1a: Tyranitar|Tyranitar, F|100/100
|-weather|Sandstorm|[from] ability: Sand Stream|[of] p1a: Tyranitar
|move|p2a: White Album|Secret Sword|p1a: Tyranitar
|-supereffective|p1a: Tyranitar
|-enditem|p1a: Tyranitar|Chople Berry|[eat]
|-enditem|p1a: Tyranitar|Chople Berry|[weaken]
|-damage|p1a: Tyranitar|0 fnt
|faint|p1a: Tyranitar
|
|-weather|Sandstorm|[upkeep]
|-damage|p2a: White Album|8/100|[from] Sandstorm
|upkeep
|
|t:|1746022380
|switch|p1a: Terrakion|Terrakion|100/100
|turn|14
|
|t:|1746022382
|move|p1a: Terrakion|Quick Attack|p2a: White Album
|-damage|p2a: White Album|0 fnt
|faint|p2a: White Album
|-damage|p1a: Terrakion|91/100|[from] item: Life Orb
|
|-weather|Sandstorm|[upkeep]
|upkeep
|
|t:|1746022391
|switch|p2a: Mr.President|Landorus-Therian, M|100/100
|-ability|p2a: Mr.President|Intimidate|boost
|-unboost|p1a: Terrakion|atk|1
|turn|15
|inactive|reshirampage has 120 seconds left.
|
|t:|1746022397
|switch|p1a: Landorus|Landorus-Therian, M|23/100 frz
|-ability|p1a: Landorus|Intimidate|boost
|-unboost|p2a: Mr.President|atk|1
|move|p2a: Mr.President|U-turn|p1a: Landorus
|-resisted|p1a: Landorus
|-damage|p1a: Landorus|14/100 frz
|
|t:|1746022403
|switch|p2a: Tusk|Forretress, F|100/100|[from] U-turn
|
|-weather|Sandstorm|[upkeep]
|upkeep
|turn|16
|
|t:|1746022410
|switch|p1a: Alakazam|Alakazam, M, shiny|100/100
|move|p2a: Tusk|Stealth Rock|p1a: Alakazam
|-sidestart|p1: reshirampage|move: Stealth Rock
|
|-weather|Sandstorm|[upkeep]
|upkeep
|turn|17
|
|t:|1746022417
|move|p1a: Alakazam|Encore|p2a: Tusk
|-start|p2a: Tusk|Encore
|move|p2a: Tusk|Stealth Rock||[still]
|-fail|p2a: Tusk
|
|-weather|Sandstorm|[upkeep]
|upkeep
|turn|18
|
|t:|1746022421
|switch|p2a: Achtung Baby|Gastrodon-East, F|100/100
|move|p1a: Alakazam|Focus Blast|p2a: Achtung Baby|[miss]
|-miss|p1a: Alakazam|p2a: Achtung Baby
|
|-weather|Sandstorm|[upkeep]
|upkeep
|turn|19
|
|t:|1746022426
|switch|p1a: Ferrothorn|Ferrothorn, M|73/100
|-damage|p1a: Ferrothorn|67/100|[from] Stealth Rock
|switch|p2a: Tusk|Forretress, F|100/100
|
|-weather|Sandstorm|[upkeep]
|-heal|p1a: Ferrothorn|73/100|[from] item: Leftovers
|upkeep
|turn|20
|
|t:|1746022433
|move|p1a: Ferrothorn|Power Whip|p2a: Tusk|[miss]
|-miss|p1a: Ferrothorn|p2a: Tusk
|move|p2a: Tusk|Volt Switch|p1a: Ferrothorn
|-resisted|p1a: Ferrothorn
|-damage|p1a: Ferrothorn|69/100
|
|t:|1746022440
|switch|p2a: Strength|Conkeldurr, M|46/100|[from] Volt Switch
|
|-weather|Sandstorm|[upkeep]
|-damage|p2a: Strength|40/100|[from] Sandstorm
|-heal|p1a: Ferrothorn|75/100|[from] item: Leftovers
|upkeep
|turn|21
|
|t:|1746022444
|switch|p1a: Landorus|Landorus-Therian, M|14/100 frz
|-damage|p1a: Landorus|2/100 frz|[from] Stealth Rock
|-ability|p1a: Landorus|Intimidate|boost
|-unboost|p2a: Strength|atk|1
|move|p2a: Strength|Drain Punch|p1a: Landorus
|-resisted|p1a: Landorus
|-damage|p1a: Landorus|0 fnt
|-heal|p2a: Strength|41/100|[from] drain|[of] p1a: Landorus
|faint|p1a: Landorus
|
|-weather|Sandstorm|[upkeep]
|-damage|p2a: Strength|35/100|[from] Sandstorm
|upkeep
|
|t:|1746022449
|switch|p1a: Alakazam|Alakazam, M, shiny|100/100
|turn|22
|
|t:|1746022458
|switch|p2a: Tusk|Forretress, F|100/100
|move|p1a: Alakazam|Psychic|p2a: Tusk
|-resisted|p2a: Tusk
|-damage|p2a: Tusk|76/100
|
|-weather|Sandstorm|[upkeep]
|-heal|p2a: Tusk|82/100|[from] item: Leftovers
|upkeep
|turn|23
|
|t:|1746022468
|move|p1a: Alakazam|Focus Blast|p2a: Tusk
|-damage|p2a: Tusk|40/100
|move|p2a: Tusk|Volt Switch|p1a: Alakazam
|-damage|p1a: Alakazam|82/100
|
|t:|1746022471
|switch|p2a: Sandman|Tyranitar, M|100/100|[from] Volt Switch
|
|-weather|Sandstorm|[upkeep]
|upkeep
|turn|24
|
|t:|1746022476
|move|p1a: Alakazam|Focus Blast|p2a: Sandman
|-supereffective|p2a: Sandman
|-enditem|p2a: Sandman|Chople Berry|[eat]
|-enditem|p2a: Sandman|Chople Berry|[weaken]
|-damage|p2a: Sandman|62/100
|move|p2a: Sandman|Pursuit|p1a: Alakazam
|-supereffective|p1a: Alakazam
|-damage|p1a: Alakazam|0 fnt
|faint|p1a: Alakazam
|
|-weather|Sandstorm|[upkeep]
|upkeep
|
|t:|1746022488
|switch|p1a: Terrakion|Terrakion|91/100
|-damage|p1a: Terrakion|84/100|[from] Stealth Rock
|turn|25
|
|t:|1746022495
|move|p1a: Terrakion|Close Combat|p2a: Sandman
|-supereffective|p2a: Sandman
|-damage|p2a: Sandman|0 fnt
|-unboost|p1a: Terrakion|def|1
|-unboost|p1a: Terrakion|spd|1
|faint|p2a: Sandman
|-damage|p1a: Terrakion|74/100|[from] item: Life Orb
|
|-weather|Sandstorm|[upkeep]
|upkeep
|
|t:|1746022500
|switch|p2a: Mr.President|Landorus-Therian, M|100/100
|-ability|p2a: Mr.President|Intimidate|boost
|-unboost|p1a: Terrakion|atk|1
|turn|26
|
|t:|1746022518
|switch|p1a: Rotom|Rotom-Wash, shiny|79/100
|-damage|p1a: Rotom|67/100|[from] Stealth Rock
|move|p2a: Mr.President|Earthquake|p1a: Rotom
|-immune|p1a: Rotom|[from] ability: Levitate
|
|-weather|Sandstorm|[upkeep]
|-damage|p1a: Rotom|61/100|[from] Sandstorm
|-heal|p1a: Rotom|67/100|[from] item: Leftovers
|upkeep
|turn|27
|
|t:|1746022525
|switch|p2a: Achtung Baby|Gastrodon-East, F|100/100
|move|p1a: Rotom|Will-O-Wisp|p2a: Achtung Baby|[miss]
|-miss|p1a: Rotom|p2a: Achtung Baby
|
|-weather|Sandstorm|[upkeep]
|-damage|p1a: Rotom|61/100|[from] Sandstorm
|-heal|p1a: Rotom|67/100|[from] item: Leftovers
|upkeep
|turn|28
|
|t:|1746022529
|move|p1a: Rotom|Will-O-Wisp|p2a: Achtung Baby
|-status|p2a: Achtung Baby|brn
|move|p2a: Achtung Baby|Scald|p1a: Rotom
|-resisted|p1a: Rotom
|-damage|p1a: Rotom|55/100
|
|-weather|Sandstorm|[upkeep]
|-damage|p1a: Rotom|49/100|[from] Sandstorm
|-heal|p1a: Rotom|55/100|[from] item: Leftovers
|-damage|p2a: Achtung Baby|88/100 brn|[from] brn
|upkeep
|turn|29
|
|t:|1746022534
|move|p1a: Rotom|Pain Split|p2a: Achtung Baby
|-sethp|p2a: Achtung Baby|64/100 brn|[from] move: Pain Split|[silent]
|-sethp|p1a: Rotom|89/100|[from] move: Pain Split
|move|p2a: Achtung Baby|Scald|p1a: Rotom
|-resisted|p1a: Rotom
|-damage|p1a: Rotom|78/100
|
|-weather|Sandstorm|[upkeep]
|-damage|p1a: Rotom|72/100|[from] Sandstorm
|-heal|p1a: Rotom|78/100|[from] item: Leftovers
|-heal|p2a: Achtung Baby|70/100 brn|[from] item: Leftovers
|-damage|p2a: Achtung Baby|57/100 brn|[from] brn
|upkeep
|turn|30
|
|t:|1746022538
|switch|p1a: Ferrothorn|Ferrothorn, M|75/100
|-damage|p1a: Ferrothorn|69/100|[from] Stealth Rock
|move|p2a: Achtung Baby|Toxic|p1a: Ferrothorn
|-immune|p1a: Ferrothorn
|
|-weather|Sandstorm|[upkeep]
|-heal|p2a: Achtung Baby|63/100 brn|[from] item: Leftovers
|-heal|p1a: Ferrothorn|75/100|[from] item: Leftovers
|-damage|p2a: Achtung Baby|51/100 brn|[from] brn
|upkeep
|turn|31
|
|t:|1746022545
|move|p2a: Achtung Baby|Scald|p1a: Ferrothorn
|-resisted|p1a: Ferrothorn
|-damage|p1a: Ferrothorn|66/100
|-status|p1a: Ferrothorn|brn
|move|p1a: Ferrothorn|Leech Seed|p2a: Achtung Baby
|-start|p2a: Achtung Baby|move: Leech Seed
|
|-weather|Sandstorm|[upkeep]
|-heal|p2a: Achtung Baby|57/100 brn|[from] item: Leftovers
|-heal|p1a: Ferrothorn|72/100 brn|[from] item: Leftovers
|-damage|p2a: Achtung Baby|45/100 brn|[from] Leech Seed|[of] p1a: Ferrothorn
|-heal|p1a: Ferrothorn|87/100 brn|[silent]
|-damage|p2a: Achtung Baby|32/100 brn|[from] brn
|-damage|p1a: Ferrothorn|75/100 brn|[from] brn
|upkeep
|turn|32
|
|t:|1746022556
|move|p2a: Achtung Baby|Recover|p2a: Achtung Baby
|-heal|p2a: Achtung Baby|82/100 brn
|move|p1a: Ferrothorn|Spikes|p2a: Achtung Baby
|-sidestart|p2: Cinema Staff Fan|Spikes
|
|-weather|Sandstorm|[upkeep]
|-heal|p2a: Achtung Baby|88/100 brn|[from] item: Leftovers
|-heal|p1a: Ferrothorn|81/100 brn|[from] item: Leftovers
|-damage|p2a: Achtung Baby|76/100 brn|[from] Leech Seed|[of] p1a: Ferrothorn
|-heal|p1a: Ferrothorn|96/100 brn|[silent]
|-damage|p2a: Achtung Baby|63/100 brn|[from] brn
|-damage|p1a: Ferrothorn|83/100 brn|[from] brn
|upkeep
|turn|33
|
|t:|1746022573
|switch|p2a: Strength|Conkeldurr, M|35/100
|-damage|p2a: Strength|22/100|[from] Spikes
|switch|p1a: Terrakion|Terrakion|74/100
|-damage|p1a: Terrakion|68/100|[from] Stealth Rock
|
|-weather|Sandstorm|[upkeep]
|-damage|p2a: Strength|16/100|[from] Sandstorm
|upkeep
|turn|34
|
|t:|1746022578
|move|p1a: Terrakion|Quick Attack|p2a: Strength
|-damage|p2a: Strength|0 fnt
|faint|p2a: Strength
|-damage|p1a: Terrakion|58/100|[from] item: Life Orb
|
|-weather|Sandstorm|[upkeep]
|upkeep
|
|t:|1746022587
|switch|p2a: Mr.President|Landorus-Therian, M|100/100
|-ability|p2a: Mr.President|Intimidate|boost
|-unboost|p1a: Terrakion|atk|1
|turn|35
|
|t:|1746022600
|switch|p1a: Ferrothorn|Ferrothorn, M|83/100 brn
|-damage|p1a: Ferrothorn|77/100 brn|[from] Stealth Rock
|move|p2a: Mr.President|Earthquake|p1a: Ferrothorn
|-damage|p1a: Ferrothorn|43/100 brn
|
|-weather|Sandstorm|[upkeep]
|-heal|p1a: Ferrothorn|49/100 brn|[from] item: Leftovers
|-damage|p1a: Ferrothorn|37/100 brn|[from] brn
|upkeep
|turn|36
|
|t:|1746022607
|switch|p2a: Achtung Baby|Gastrodon-East, F|63/100 brn
|-damage|p2a: Achtung Baby|51/100 brn|[from] Spikes
|switch|p1a: Rotom|Rotom-Wash, shiny|78/100
|-damage|p1a: Rotom|66/100|[from] Stealth Rock
|
|-weather|Sandstorm|[upkeep]
|-damage|p1a: Rotom|60/100|[from] Sandstorm
|-heal|p1a: Rotom|66/100|[from] item: Leftovers
|-heal|p2a: Achtung Baby|57/100 brn|[from] item: Leftovers
|-damage|p2a: Achtung Baby|45/100 brn|[from] brn
|upkeep
|turn|37
|
|t:|1746022613
|switch|p1a: Ferrothorn|Ferrothorn, M|37/100 brn
|-damage|p1a: Ferrothorn|30/100 brn|[from] Stealth Rock
|move|p2a: Achtung Baby|Recover|p2a: Achtung Baby
|-heal|p2a: Achtung Baby|95/100 brn
|
|-weather|Sandstorm|[upkeep]
|-heal|p2a: Achtung Baby|100/100 brn|[from] item: Leftovers
|-heal|p1a: Ferrothorn|37/100 brn|[from] item: Leftovers
|-damage|p2a: Achtung Baby|88/100 brn|[from] brn
|-damage|p1a: Ferrothorn|24/100 brn|[from] brn
|upkeep
|turn|38
|
|t:|1746022617
|move|p2a: Achtung Baby|Scald|p1a: Ferrothorn
|-resisted|p1a: Ferrothorn
|-damage|p1a: Ferrothorn|16/100 brn
|move|p1a: Ferrothorn|Leech Seed|p2a: Achtung Baby
|-start|p2a: Achtung Baby|move: Leech Seed
|
|-weather|Sandstorm|[upkeep]
|-heal|p2a: Achtung Baby|94/100 brn|[from] item: Leftovers
|-heal|p1a: Ferrothorn|22/100 brn|[from] item: Leftovers
|-damage|p2a: Achtung Baby|82/100 brn|[from] Leech Seed|[of] p1a: Ferrothorn
|-heal|p1a: Ferrothorn|37/100 brn|[silent]
|-damage|p2a: Achtung Baby|69/100 brn|[from] brn
|-damage|p1a: Ferrothorn|24/100 brn|[from] brn
|upkeep
|turn|39
|
|t:|1746022621
|switch|p2a: Mr.President|Landorus-Therian, M|100/100
|-ability|p2a: Mr.President|Intimidate|boost
|-unboost|p1a: Ferrothorn|atk|1
|move|p1a: Ferrothorn|Knock Off|p2a: Mr.President
|-damage|p2a: Mr.President|99/100
|-enditem|p2a: Mr.President|Choice Scarf|[from] move: Knock Off|[of] p1a: Ferrothorn
|
|-weather|Sandstorm|[upkeep]
|-heal|p1a: Ferrothorn|31/100 brn|[from] item: Leftovers
|-damage|p1a: Ferrothorn|18/100 brn|[from] brn
|upkeep
|turn|40
|
|t:|1746022630
|switch|p1a: Rotom|Rotom-Wash, shiny|66/100
|-damage|p1a: Rotom|54/100|[from] Stealth Rock
|move|p2a: Mr.President|U-turn|p1a: Rotom
|-damage|p1a: Rotom|29/100
|
|t:|1746022637
|switch|p2a: Tusk|Forretress, F|40/100|[from] U-turn
|-damage|p2a: Tusk|28/100|[from] Spikes
|
|-weather|Sandstorm|[upkeep]
|-damage|p1a: Rotom|23/100|[from] Sandstorm
|-heal|p1a: Rotom|29/100|[from] item: Leftovers
|-heal|p2a: Tusk|34/100|[from] item: Leftovers
|upkeep
|turn|41
|
|t:|1746022644
|switch|p1a: Ferrothorn|Ferrothorn, M|18/100 brn
|-damage|p1a: Ferrothorn|12/100 brn|[from] Stealth Rock
|move|p2a: Tusk|Volt Switch|p1a: Ferrothorn
|-resisted|p1a: Ferrothorn
|-damage|p1a: Ferrothorn|8/100 brn
|
|t:|1746022649
|switch|p2a: Mr.President|Landorus-Therian, M|99/100|[from] Volt Switch
|-ability|p2a: Mr.President|Intimidate|boost
|-unboost|p1a: Ferrothorn|atk|1
|
|-weather|Sandstorm|[upkeep]
|-heal|p1a: Ferrothorn|14/100 brn|[from] item: Leftovers
|-damage|p1a: Ferrothorn|2/100 brn|[from] brn
|upkeep
|turn|42
|
|t:|1746022656
|move|p2a: Mr.President|U-turn|p1a: Ferrothorn
|-damage|p1a: Ferrothorn|0 fnt
|-damage|p2a: Mr.President|87/100|[from] ability: Iron Barbs|[of] p1a: Ferrothorn
|faint|p1a: Ferrothorn
|
|t:|1746022669
|switch|p2a: Achtung Baby|Gastrodon-East, F|69/100 brn|[from] U-turn
|-damage|p2a: Achtung Baby|57/100 brn|[from] Spikes
|
|-weather|Sandstorm|[upkeep]
|-heal|p2a: Achtung Baby|63/100 brn|[from] item: Leftovers
|-damage|p2a: Achtung Baby|50/100 brn|[from] brn
|upkeep
|
|t:|1746022671
|switch|p1a: Terrakion|Terrakion|58/100
|-damage|p1a: Terrakion|52/100|[from] Stealth Rock
|turn|43
|
|t:|1746022683
|switch|p2a: Tusk|Forretress, F|34/100
|-damage|p2a: Tusk|22/100|[from] Spikes
|move|p1a: Terrakion|Close Combat|p2a: Tusk
|-damage|p2a: Tusk|0 fnt
|-unboost|p1a: Terrakion|def|1
|-unboost|p1a: Terrakion|spd|1
|faint|p2a: Tusk
|-damage|p1a: Terrakion|42/100|[from] item: Life Orb
|
|-weather|Sandstorm|[upkeep]
|upkeep
|
|t:|1746022686
|switch|p2a: Mr.President|Landorus-Therian, M|87/100
|-ability|p2a: Mr.President|Intimidate|boost
|-unboost|p1a: Terrakion|atk|1
|turn|44
|inactive|reshirampage has 120 seconds left.
|
|t:|1746022726
|move|p1a: Terrakion|Hidden Power|p2a: Mr.President
|-supereffective|p2a: Mr.President
|-damage|p2a: Mr.President|0 fnt
|faint|p2a: Mr.President
|-damage|p1a: Terrakion|32/100|[from] item: Life Orb
|
|-weather|Sandstorm|[upkeep]
|upkeep
|inactive|Cinema Staff Fan has 120 seconds left.
|
|t:|1746022746
|switch|p2a: Achtung Baby|Gastrodon-East, F|50/100 brn
|-damage|p2a: Achtung Baby|38/100 brn|[from] Spikes
|turn|45
|inactive|reshirampage has 120 seconds left.
|
|t:|1746022776
|move|p1a: Terrakion|Close Combat|p2a: Achtung Baby
|-damage|p2a: Achtung Baby|0 fnt
|-unboost|p1a: Terrakion|def|1
|-unboost|p1a: Terrakion|spd|1
|faint|p2a: Achtung Baby
|-damage|p1a: Terrakion|22/100|[from] item: Life Orb
|
|win|reshirampage
|raw|reshirampage's rating: 1514 &rarr; <strong>1528</strong><br />(+14 for winning)
|raw|Cinema Staff Fan's rating: 1413 &rarr; <strong>1399</strong><br />(-14 for losing)
