|j|☆fdsfadsfds
|j|☆nidiedi
|t:|1724471615
|gametype|singles
|player|p1|fdsfadsfds|misty|1366
|player|p2|nidiedi|169|1489
|teamsize|p1|6
|teamsize|p2|6
|gen|5
|tier|[Gen 5] OU
|rated|
|rule|Species Clause: Limit one of each Pokémon
|rule|OHKO Clause: OHKO moves are banned
|rule|Moody Clause: Moody is banned
|rule|Evasion Items Clause: Evasion items are banned
|rule|Evasion Moves Clause: Evasion moves are banned
|rule|Endless Battle Clause: Forcing endless battles is banned
|rule|HP Percentage Mod: HP is shown in percentages
|rule|Evasion Abilities Clause: Evasion abilities are banned
|rule|Sleep Moves Clause: Sleep-inducing moves are banned
|rule|Swagger Clause: Swagger is banned
|rule|Baton Pass Stat Clause: No Baton Passer may have a way to boost its stats
|clearpoke
|poke|p1|Golurk|item
|poke|p1|Xatu, M|item
|poke|p1|Ferrothorn, F|item
|poke|p1|Jirachi|item
|poke|p1|Terrakion|item
|poke|p1|Keldeo|item
|poke|p2|Volcarona, F|item
|poke|p2|Salamence, F|item
|poke|p2|Xatu, M|item
|poke|p2|Ninetales, M|item
|poke|p2|Excadrill, F|item
|poke|p2|Heatran, M|item
|teampreview
|inactive|Battle timer is ON: inactive players will automatically lose when time's up. (requested by nidiedi)
|inactive|fdsfadsfds also wants the timer to be on.
|inactive|fdsfadsfds has 120 seconds left.
|inactive|nidiedi has 120 seconds left.
|
|t:|1724471653
|start
|switch|p1a: Golurk|Golurk|100/100
|switch|p2a: Ninetales|Ninetales, M|100/100
|-weather|SunnyDay|[from] ability: Drought|[of] p2a: Ninetales
|turn|1
|
|t:|1724471668
|switch|p2a: ru|Xatu, M|100/100
|move|p1a: Golurk|Earthquake|p2a: ru
|-immune|p2a: ru
|
|-weather|SunnyDay|[upkeep]
|upkeep
|turn|2
|
|t:|1724471682
|switch|p1a: Xatu|Xatu, M|100/100
|move|p2a: ru|Reflect|p2a: ru
|-sidestart|p2: nidiedi|Reflect
|
|-weather|SunnyDay|[upkeep]
|upkeep
|turn|3
|
|t:|1724471688
|move|p2a: ru|Night Shade|p1a: Xatu
|-damage|p1a: Xatu|71/100
|move|p1a: Xatu|U-turn|p2a: ru
|-damage|p2a: ru|94/100
|-damage|p1a: Xatu|54/100|[from] item: Rocky Helmet|[of] p2a: ru
|
|t:|1724471698
|switch|p1a: Terrakion|Terrakion|100/100|[from] U-turn
|
|-weather|SunnyDay|[upkeep]
|upkeep
|turn|4
|
|t:|1724471709
|move|p1a: Terrakion|Rock Slide|p2a: ru
|-supereffective|p2a: ru
|-damage|p2a: ru|57/100
|cant|p2a: ru|flinch
|
|-weather|SunnyDay|[upkeep]
|upkeep
|turn|5
|
|t:|1724471717
|move|p1a: Terrakion|Rock Slide|p2a: ru
|-supereffective|p2a: ru
|-damage|p2a: ru|16/100
|cant|p2a: ru|flinch
|
|-weather|SunnyDay|[upkeep]
|upkeep
|turn|6
|
|t:|1724471729
|switch|p2a: Excadrill|Excadrill, F|100/100
|-ability|p2a: Excadrill|Mold Breaker
|move|p1a: Terrakion|Rock Slide|p2a: Excadrill
|-resisted|p2a: Excadrill
|-damage|p2a: Excadrill|94/100
|
|-weather|SunnyDay|[upkeep]
|-sideend|p2: nidiedi|Reflect
|upkeep
|turn|7
|
|t:|1724471753
|switch|p1a: Ferrothorn|Ferrothorn, F|100/100
|move|p2a: Excadrill|Earthquake|p1a: Ferrothorn
|-damage|p1a: Ferrothorn|75/100
|
|-weather|SunnyDay|[upkeep]
|-heal|p1a: Ferrothorn|81/100|[from] item: Leftovers
|upkeep
|turn|8
|
|t:|1724471764
|switch|p2a: ru|Xatu, M|16/100
|move|p1a: Ferrothorn|Gyro Ball|p2a: ru
|-damage|p2a: ru|0 fnt
|-damage|p1a: Ferrothorn|65/100|[from] item: Rocky Helmet|[of] p2a: ru
|faint|p2a: ru
|
|-weather|SunnyDay|[upkeep]
|-heal|p1a: Ferrothorn|71/100|[from] item: Leftovers
|upkeep
|inactive|nidiedi has 120 seconds left.
|
|t:|1724471790
|switch|p2a: Volcarona|Volcarona, F|100/100
|turn|9
|
|t:|1724471793
|switch|p1a: Terrakion|Terrakion|100/100
|move|p2a: Volcarona|Fire Blast|p1a: Terrakion
|-resisted|p1a: Terrakion
|-crit|p1a: Terrakion
|-damage|p1a: Terrakion|0 fnt
|faint|p1a: Terrakion
|
|-weather|SunnyDay|[upkeep]
|upkeep
|
|t:|1724471799
|switch|p1a: Golurk|Golurk|100/100
|turn|10
|inactive|nidiedi has 120 seconds left.
|
|t:|1724471828
|switch|p2a: Ninetales|Ninetales, M|100/100
|move|p1a: Golurk|Earthquake|p2a: Ninetales
|-supereffective|p2a: Ninetales
|-crit|p2a: Ninetales
|-damage|p2a: Ninetales|0 fnt
|faint|p2a: Ninetales
|
|-weather|SunnyDay|[upkeep]
|upkeep
|
|t:|1724471851
|switch|p2a: Heatran|Heatran, M|100/100
|-item|p2a: Heatran|Air Balloon
|turn|11
|
|t:|1724471866
|switch|p1a: Xatu|Xatu, M|54/100
|move|p2a: Heatran|Flame Charge|p1a: Xatu
|-damage|p1a: Xatu|35/100
|-boost|p2a: Heatran|spe|1
|
|-weather|SunnyDay|[upkeep]
|-heal|p1a: Xatu|41/100|[from] item: Leftovers
|upkeep
|turn|12
|inactive|nidiedi has 90 seconds left.
|
|t:|1724471882
|move|p2a: Heatran|Hidden Power|p1a: Xatu
|-supereffective|p1a: Xatu
|-damage|p1a: Xatu|0 fnt
|faint|p1a: Xatu
|
|-weather|SunnyDay|[upkeep]
|upkeep
|
|t:|1724471887
|switch|p1a: Keldeo|Keldeo|100/100
|turn|13
|
|t:|1724471891
|move|p2a: Heatran|Fire Blast|p1a: Keldeo
|-resisted|p1a: Keldeo
|-damage|p1a: Keldeo|36/100
|move|p1a: Keldeo|Secret Sword|p2a: Heatran
|-supereffective|p2a: Heatran
|-damage|p2a: Heatran|0 fnt
|-enditem|p2a: Heatran|Air Balloon
|faint|p2a: Heatran
|
|-weather|SunnyDay|[upkeep]
|upkeep
|
|t:|1724471907
|switch|p2a: Volcarona|Volcarona, F|100/100
|turn|14
|
|t:|1724471913
|switch|p1a: Golurk|Golurk|100/100
|move|p2a: Volcarona|Quiver Dance|p2a: Volcarona
|-boost|p2a: Volcarona|spa|1
|-boost|p2a: Volcarona|spd|1
|-boost|p2a: Volcarona|spe|1
|
|-weather|SunnyDay|[upkeep]
|upkeep
|turn|15
|
|t:|1724471920
|move|p2a: Volcarona|Fire Blast|p1a: Golurk
|-damage|p1a: Golurk|0 fnt
|faint|p1a: Golurk
|
|-weather|SunnyDay|[upkeep]
|upkeep
|
|t:|1724471925
|switch|p1a: Keldeo|Keldeo|36/100
|turn|16
|-message|fdsfadsfds forfeited.
|
|win|nidiedi
|raw|fdsfadsfds's rating: 1366 &rarr; <strong>1353</strong><br />(-13 for losing)
|raw|nidiedi's rating: 1489 &rarr; <strong>1502</strong><br />(+13 for winning)
|l|☆fdsfadsfds
|player|p1|
