|j|☆Dababy's Hitman
|j|☆anthony45321
|t:|1715128057
|gametype|singles
|player|p1|Dababy's Hitman|blue-gen2|1333
|player|p2|anthony45321|101|1272
|teamsize|p1|6
|teamsize|p2|6
|gen|5
|tier|[Gen 5] OU
|rated|
|rule|Species Clause: Limit one of each Pokémon
|rule|OHKO Clause: OHKO moves are banned
|rule|Moody Clause: Moody is banned
|rule|Evasion Items Clause: Evasion items are banned
|rule|Evasion Moves Clause: Evasion moves are banned
|rule|Endless Battle Clause: Forcing endless battles is banned
|rule|HP Percentage Mod: HP is shown in percentages
|rule|Evasion Abilities Clause: Evasion abilities are banned
|rule|Sleep Moves Clause: Sleep-inducing moves are banned
|rule|Swagger Clause: Swagger is banned
|rule|Baton Pass Stat Clause: No Baton Passer may have a way to boost its stats
|clearpoke
|poke|p1|Tyranitar, F|item
|poke|p1|Rotom-Wash|item
|poke|p1|Landorus-Therian, M|item
|poke|p1|Terrakion|item
|poke|p1|Excadrill, F|item
|poke|p1|Celebi|item
|poke|p2|Politoed, M|item
|poke|p2|Tentacruel, M|item
|poke|p2|Ferrothorn, F|item
|poke|p2|Keldeo-Resolute|item
|poke|p2|Jellicent, M|item
|poke|p2|Kingler, M|item
|teampreview
|
|t:|1715128071
|start
|switch|p1a: Celebi|Celebi|100/100
|switch|p2a: Politoed|Politoed, M|100/100
|-weather|RainDance|[from] ability: Drizzle|[of] p2a: Politoed
|turn|1
|
|t:|1715128082
|switch|p2a: Ferrothorn|Ferrothorn, F|100/100
|move|p1a: Celebi|Substitute|p1a: Celebi
|-start|p1a: Celebi|Substitute
|-damage|p1a: Celebi|76/100
|
|-weather|RainDance|[upkeep]
|-heal|p1a: Celebi|82/100|[from] item: Leftovers
|upkeep
|turn|2
|
|t:|1715128095
|move|p1a: Celebi|Baton Pass|p1a: Celebi
|
|t:|1715128115
|switch|p1a: Terrakion|Terrakion|100/100|[from] Baton Pass
|move|p2a: Ferrothorn|Stealth Rock|p1a: Terrakion
|-sidestart|p1: Dababy's Hitman|move: Stealth Rock
|
|-weather|RainDance|[upkeep]
|upkeep
|turn|3
|
|t:|1715128127
|switch|p2a: Jellicent|Jellicent, M|100/100
|move|p1a: Terrakion|Close Combat|p2a: Jellicent
|-immune|p2a: Jellicent
|
|-weather|RainDance|[upkeep]
|upkeep
|turn|4
|
|t:|1715128139
|switch|p1a: Celebi|Celebi|82/100
|-damage|p1a: Celebi|69/100|[from] Stealth Rock
|move|p2a: Jellicent|Hex|p1a: Celebi
|-supereffective|p1a: Celebi
|-damage|p1a: Celebi|51/100
|
|-weather|RainDance|[upkeep]
|-heal|p1a: Celebi|57/100|[from] item: Leftovers
|upkeep
|turn|5
|
|t:|1715128151
|move|p1a: Celebi|Recover|p1a: Celebi
|-heal|p1a: Celebi|100/100
|move|p2a: Jellicent|Hex|p1a: Celebi
|-supereffective|p1a: Celebi
|-damage|p1a: Celebi|83/100
|
|-weather|RainDance|[upkeep]
|-heal|p1a: Celebi|89/100|[from] item: Leftovers
|upkeep
|turn|6
|
|t:|1715128168
|move|p1a: Celebi|Substitute|p1a: Celebi
|-start|p1a: Celebi|Substitute
|-damage|p1a: Celebi|64/100
|move|p2a: Jellicent|Will-O-Wisp||[still]
|-fail|p2a: Jellicent
|
|-weather|RainDance|[upkeep]
|-heal|p1a: Celebi|70/100|[from] item: Leftovers
|upkeep
|turn|7
|
|t:|1715128180
|move|p1a: Celebi|Baton Pass|p1a: Celebi
|inactive|Battle timer is ON: inactive players will automatically lose when time's up. (requested by anthony45321)
|
|t:|1715128202
|switch|p1a: Tyranitar|Tyranitar, F|100/100|[from] Baton Pass
|-damage|p1a: Tyranitar|88/100|[from] Stealth Rock
|-weather|Sandstorm|[from] ability: Sand Stream|[of] p1a: Tyranitar
|move|p2a: Jellicent|Hex|p1a: Tyranitar
|-resisted|p1a: Tyranitar
|-crit|p1a: Tyranitar
|-activate|p1a: Tyranitar|Substitute|[damage]
|
|-weather|Sandstorm|[upkeep]
|-damage|p2a: Jellicent|94/100|[from] Sandstorm
|-heal|p2a: Jellicent|100/100|[from] item: Leftovers
|upkeep
|turn|8
|inactive|anthony45321 has 120 seconds left.
|j| Sol Survivor
|
|t:|1715128243
|-activate|p2a: Jellicent|move: Pursuit
|move|p1a: Tyranitar|Pursuit|p2a: Jellicent|[from]Pursuit
|-supereffective|p2a: Jellicent
|-damage|p2a: Jellicent|24/100
|switch|p2a: Ferrothorn|Ferrothorn, F|100/100
|
|-weather|Sandstorm|[upkeep]
|upkeep
|turn|9
|
|t:|1715128253
|move|p1a: Tyranitar|Superpower|p2a: Ferrothorn
|-supereffective|p2a: Ferrothorn
|-damage|p2a: Ferrothorn|40/100
|-unboost|p1a: Tyranitar|atk|1
|-unboost|p1a: Tyranitar|def|1
|-damage|p1a: Tyranitar|76/100|[from] ability: Iron Barbs|[of] p2a: Ferrothorn
|move|p2a: Ferrothorn|Power Whip|p1a: Tyranitar
|-supereffective|p1a: Tyranitar
|-end|p1a: Tyranitar|Substitute
|
|-weather|Sandstorm|[upkeep]
|-heal|p2a: Ferrothorn|46/100|[from] item: Leftovers
|upkeep
|turn|10
|inactive|anthony45321 has 120 seconds left.
|
|t:|1715128266
|switch|p1a: Landorus|Landorus-Therian, M|100/100
|-damage|p1a: Landorus|88/100|[from] Stealth Rock
|-ability|p1a: Landorus|Intimidate|boost
|-unboost|p2a: Ferrothorn|atk|1
|switch|p2a: Jellicent|Jellicent, M|24/100
|
|-weather|Sandstorm|[upkeep]
|-damage|p2a: Jellicent|18/100|[from] Sandstorm
|-heal|p1a: Landorus|94/100|[from] item: Leftovers
|-heal|p2a: Jellicent|24/100|[from] item: Leftovers
|upkeep
|turn|11
|inactive|anthony45321 has 120 seconds left.
|
|t:|1715128281
|move|p1a: Landorus|Earthquake|p2a: Jellicent
|-damage|p2a: Jellicent|0 fnt
|faint|p2a: Jellicent
|
|-weather|Sandstorm|[upkeep]
|-heal|p1a: Landorus|99/100|[from] item: Leftovers
|upkeep
|
|t:|1715128284
|switch|p2a: Politoed|Politoed, M|100/100
|-weather|RainDance|[from] ability: Drizzle|[of] p2a: Politoed
|turn|12
|inactive|anthony45321 has 120 seconds left.
|
|t:|1715128299
|move|p1a: Landorus|U-turn|p2a: Politoed
|-damage|p2a: Politoed|73/100
|
|t:|1715128306
|switch|p1a: Rotom|Rotom-Wash|100/100|[from] U-turn
|-damage|p1a: Rotom|88/100|[from] Stealth Rock
|move|p2a: Politoed|Waterfall|p1a: Rotom
|-resisted|p1a: Rotom
|-damage|p1a: Rotom|57/100
|
|-weather|RainDance|[upkeep]
|-heal|p1a: Rotom|64/100|[from] item: Leftovers
|upkeep
|turn|13
|inactive|anthony45321 has 120 seconds left.
|
|t:|1715128316
|switch|p2a: Ferrothorn|Ferrothorn, F|46/100
|move|p1a: Rotom|Volt Switch|p2a: Ferrothorn
|-resisted|p2a: Ferrothorn
|-damage|p2a: Ferrothorn|38/100
|inactive|Dababy's Hitman has 120 seconds left.
|
|t:|1715128348
|switch|p1a: Terrakion|Terrakion|100/100|[from] Volt Switch
|-damage|p1a: Terrakion|94/100|[from] Stealth Rock
|
|-weather|RainDance|[upkeep]
|-heal|p2a: Ferrothorn|45/100|[from] item: Leftovers
|upkeep
|turn|14
|
|t:|1715128359
|switch|p2a: Tentacruel|Tentacruel, M|100/100
|move|p1a: Terrakion|Close Combat|p2a: Tentacruel
|-resisted|p2a: Tentacruel
|-damage|p2a: Tentacruel|61/100
|-unboost|p1a: Terrakion|def|1
|-unboost|p1a: Terrakion|spd|1
|
|-weather|RainDance|[upkeep]
|-heal|p2a: Tentacruel|67/100|[from] ability: Rain Dish
|-heal|p2a: Tentacruel|74/100|[from] item: Black Sludge
|upkeep
|turn|15
|inactive|Dababy's Hitman has 120 seconds left.
|
|t:|1715128375
|switch|p1a: Celebi|Celebi|70/100
|-damage|p1a: Celebi|58/100|[from] Stealth Rock
|move|p2a: Tentacruel|Toxic|p1a: Celebi
|-status|p1a: Celebi|tox
|
|-weather|RainDance|[upkeep]
|-heal|p2a: Tentacruel|80/100|[from] ability: Rain Dish
|-heal|p2a: Tentacruel|86/100|[from] item: Black Sludge
|-heal|p1a: Celebi|64/100 tox|[from] item: Leftovers
|-damage|p1a: Celebi|58/100 tox|[from] psn
|upkeep
|turn|16
|
|t:|1715128391
|move|p2a: Tentacruel|Scald|p1a: Celebi
|-resisted|p1a: Celebi
|-damage|p1a: Celebi|48/100 tox
|move|p1a: Celebi|Recover|p1a: Celebi
|-heal|p1a: Celebi|98/100 tox
|
|-weather|RainDance|[upkeep]
|-heal|p2a: Tentacruel|92/100|[from] ability: Rain Dish
|-heal|p2a: Tentacruel|98/100|[from] item: Black Sludge
|-heal|p1a: Celebi|100/100 tox|[from] item: Leftovers
|-damage|p1a: Celebi|88/100 tox|[from] psn
|upkeep
|turn|17
|
|t:|1715128404
|switch|p2a: Kingler|Kingler, M|100/100
|move|p1a: Celebi|Psychic|p2a: Kingler
|-damage|p2a: Kingler|25/100
|
|-weather|RainDance|[upkeep]
|-heal|p1a: Celebi|94/100 tox|[from] item: Leftovers
|-damage|p1a: Celebi|76/100 tox|[from] psn
|upkeep
|turn|18
|inactive|anthony45321 has 120 seconds left.
|
|t:|1715128432
|-curestatus|p1a: Celebi|tox|[from] ability: Natural Cure
|switch|p1a: Rotom|Rotom-Wash|64/100
|-damage|p1a: Rotom|51/100|[from] Stealth Rock
|move|p2a: Kingler|Crabhammer|p1a: Rotom
|-resisted|p1a: Rotom
|-damage|p1a: Rotom|7/100
|-damage|p2a: Kingler|15/100|[from] item: Life Orb
|
|-weather|RainDance|[upkeep]
|-heal|p1a: Rotom|14/100|[from] item: Leftovers
|upkeep
|turn|19
|
|t:|1715128446
|switch|p2a: Ferrothorn|Ferrothorn, F|45/100
|move|p1a: Rotom|Volt Switch|p2a: Ferrothorn
|-resisted|p2a: Ferrothorn
|-damage|p2a: Ferrothorn|36/100
|inactive|Dababy's Hitman has 120 seconds left.
|
|t:|1715128460
|switch|p1a: Excadrill|Excadrill, F|100/100|[from] Volt Switch
|-damage|p1a: Excadrill|97/100|[from] Stealth Rock
|
|-weather|RainDance|[upkeep]
|-heal|p1a: Excadrill|100/100|[from] item: Leftovers
|-heal|p2a: Ferrothorn|42/100|[from] item: Leftovers
|upkeep
|turn|20
|inactive|anthony45321 has 120 seconds left.
|
|t:|1715128470
|move|p1a: Excadrill|Earthquake|p2a: Ferrothorn
|-damage|p2a: Ferrothorn|7/100
|move|p2a: Ferrothorn|Power Whip|p1a: Excadrill
|-damage|p1a: Excadrill|44/100
|
|-weather|RainDance|[upkeep]
|-heal|p1a: Excadrill|50/100|[from] item: Leftovers
|-heal|p2a: Ferrothorn|13/100|[from] item: Leftovers
|upkeep
|turn|21
|inactive|anthony45321 has 120 seconds left.
|
|t:|1715128479
|switch|p2a: Keldeo|Keldeo-Resolute|100/100
|move|p1a: Excadrill|Earthquake|p2a: Keldeo
|-damage|p2a: Keldeo|44/100
|
|-weather|RainDance|[upkeep]
|-heal|p1a: Excadrill|56/100|[from] item: Leftovers
|upkeep
|turn|22
|inactive|anthony45321 has 120 seconds left.
|
|t:|1715128503
|switch|p1a: Rotom|Rotom-Wash|14/100
|-damage|p1a: Rotom|1/100|[from] Stealth Rock
|move|p2a: Keldeo|Hydro Pump|p1a: Rotom|[miss]
|-miss|p2a: Keldeo|p1a: Rotom
|
|-weather|RainDance|[upkeep]
|-heal|p1a: Rotom|7/100|[from] item: Leftovers
|upkeep
|turn|23
|
|t:|1715128510
|move|p2a: Keldeo|Hydro Pump|p1a: Rotom
|-resisted|p1a: Rotom
|-damage|p1a: Rotom|0 fnt
|faint|p1a: Rotom
|
|-weather|RainDance|[upkeep]
|upkeep
|
|t:|1715128515
|switch|p1a: Celebi|Celebi|76/100
|-damage|p1a: Celebi|63/100|[from] Stealth Rock
|turn|24
|inactive|anthony45321 has 120 seconds left.
|
|t:|1715128529
|switch|p2a: Tentacruel|Tentacruel, M|98/100
|move|p1a: Celebi|Psychic|p2a: Tentacruel
|-supereffective|p2a: Tentacruel
|-damage|p2a: Tentacruel|51/100
|-unboost|p2a: Tentacruel|spd|1
|
|-weather|RainDance|[upkeep]
|-heal|p2a: Tentacruel|58/100|[from] ability: Rain Dish
|-heal|p2a: Tentacruel|64/100|[from] item: Black Sludge
|-heal|p1a: Celebi|69/100|[from] item: Leftovers
|upkeep
|turn|25
|inactive|anthony45321 has 120 seconds left.
|
|t:|1715128542
|move|p2a: Tentacruel|Protect|p2a: Tentacruel
|-singleturn|p2a: Tentacruel|Protect
|move|p1a: Celebi|Psychic|p2a: Tentacruel
|-activate|p2a: Tentacruel|move: Protect
|
|-weather|RainDance|[upkeep]
|-heal|p2a: Tentacruel|70/100|[from] ability: Rain Dish
|-heal|p2a: Tentacruel|76/100|[from] item: Black Sludge
|-heal|p1a: Celebi|76/100|[from] item: Leftovers
|upkeep
|turn|26
|inactive|anthony45321 has 120 seconds left.
|
|t:|1715128566
|move|p2a: Tentacruel|Toxic|p1a: Celebi
|-status|p1a: Celebi|tox
|move|p1a: Celebi|Psychic|p2a: Tentacruel
|-supereffective|p2a: Tentacruel
|-damage|p2a: Tentacruel|3/100
|
|-weather|RainDance|[upkeep]
|-heal|p2a: Tentacruel|9/100|[from] ability: Rain Dish
|-heal|p2a: Tentacruel|15/100|[from] item: Black Sludge
|-heal|p1a: Celebi|82/100 tox|[from] item: Leftovers
|-damage|p1a: Celebi|76/100 tox|[from] psn
|upkeep
|turn|27
|
|t:|1715128580
|move|p2a: Tentacruel|Protect|p2a: Tentacruel
|-singleturn|p2a: Tentacruel|Protect
|move|p1a: Celebi|Baton Pass|p1a: Celebi
|
|t:|1715128585
|-curestatus|p1a: Celebi|tox|[from] ability: Natural Cure
|switch|p1a: Tyranitar|Tyranitar, F|76/100|[from] Baton Pass
|-damage|p1a: Tyranitar|63/100|[from] Stealth Rock
|-weather|Sandstorm|[from] ability: Sand Stream|[of] p1a: Tyranitar
|
|-weather|Sandstorm|[upkeep]
|-damage|p2a: Tentacruel|9/100|[from] Sandstorm
|-heal|p2a: Tentacruel|15/100|[from] item: Black Sludge
|upkeep
|turn|28
|
|t:|1715128595
|move|p2a: Tentacruel|Scald|p1a: Tyranitar
|-supereffective|p1a: Tyranitar
|-damage|p1a: Tyranitar|44/100
|-status|p1a: Tyranitar|brn
|move|p1a: Tyranitar|Pursuit|p2a: Tentacruel
|-damage|p2a: Tentacruel|7/100
|
|-weather|Sandstorm|[upkeep]
|-damage|p2a: Tentacruel|0 fnt|[from] Sandstorm
|faint|p2a: Tentacruel
|-damage|p1a: Tyranitar|32/100 brn|[from] brn
|upkeep
|inactive|anthony45321 has 120 seconds left.
|
|t:|1715128632
|switch|p2a: Kingler|Kingler, M|15/100
|turn|29
|
|t:|1715128662
|switch|p1a: Celebi|Celebi|76/100
|-damage|p1a: Celebi|63/100|[from] Stealth Rock
|move|p2a: Kingler|Rock Slide|p1a: Celebi
|-damage|p1a: Celebi|25/100
|
|-weather|Sandstorm|[upkeep]
|-damage|p2a: Kingler|9/100|[from] Sandstorm
|-damage|p1a: Celebi|18/100|[from] Sandstorm
|-heal|p1a: Celebi|25/100|[from] item: Leftovers
|upkeep
|turn|30
|inactive|Dababy's Hitman has 120 seconds left.
|inactive|Dababy's Hitman has 90 seconds left.
|
|t:|1715128725
|switch|p1a: Excadrill|Excadrill, F|56/100
|-damage|p1a: Excadrill|53/100|[from] Stealth Rock
|move|p2a: Kingler|Rock Slide|p1a: Excadrill
|-resisted|p1a: Excadrill
|-damage|p1a: Excadrill|36/100
|
|-weather|Sandstorm|[upkeep]
|-damage|p2a: Kingler|3/100|[from] Sandstorm
|-heal|p1a: Excadrill|42/100|[from] item: Leftovers
|upkeep
|turn|31
|
|t:|1715128735
|switch|p2a: Politoed|Politoed, M|73/100
|-weather|RainDance|[from] ability: Drizzle|[of] p2a: Politoed
|move|p1a: Excadrill|Rapid Spin|p2a: Politoed
|-damage|p2a: Politoed|64/100
|-sideend|p1: Dababy's Hitman|Stealth Rock|[from] move: Rapid Spin|[of] p1a: Excadrill
|
|-weather|RainDance|[upkeep]
|-heal|p1a: Excadrill|48/100|[from] item: Leftovers
|upkeep
|turn|32
|inactive|anthony45321 has 120 seconds left.
|
|t:|1715128751
|switch|p2a: Ferrothorn|Ferrothorn, F|13/100
|move|p1a: Excadrill|Earthquake|p2a: Ferrothorn
|-damage|p2a: Ferrothorn|0 fnt
|faint|p2a: Ferrothorn
|
|-weather|RainDance|[upkeep]
|-heal|p1a: Excadrill|55/100|[from] item: Leftovers
|upkeep
|
|t:|1715128753
|switch|p2a: Keldeo|Keldeo-Resolute|44/100
|turn|33
|inactive|anthony45321 has 120 seconds left.
|
|t:|1715128761
|move|p2a: Keldeo|Hydro Pump|p1a: Excadrill
|-supereffective|p1a: Excadrill
|-damage|p1a: Excadrill|0 fnt
|faint|p1a: Excadrill
|
|-weather|RainDance|[upkeep]
|upkeep
|inactive|Dababy's Hitman has 90 seconds left.
|
|t:|1715128772
|switch|p1a: Terrakion|Terrakion|94/100
|turn|34
|inactive|Dababy's Hitman has 90 seconds left.
|
|t:|1715128778
|move|p2a: Keldeo|Hydro Pump|p1a: Terrakion
|-supereffective|p1a: Terrakion
|-damage|p1a: Terrakion|0 fnt
|faint|p1a: Terrakion
|
|-weather|RainDance|[upkeep]
|upkeep
|
|t:|1715128783
|switch|p1a: Tyranitar|Tyranitar, F|32/100 brn
|-weather|Sandstorm|[from] ability: Sand Stream|[of] p1a: Tyranitar
|turn|35
|inactive|Dababy's Hitman has 90 seconds left.
|
|t:|1715128811
|move|p2a: Keldeo|Hydro Pump|p1a: Tyranitar
|-supereffective|p1a: Tyranitar
|-damage|p1a: Tyranitar|0 fnt
|faint|p1a: Tyranitar
|
|-weather|Sandstorm|[upkeep]
|-damage|p2a: Keldeo|38/100|[from] Sandstorm
|upkeep
|
|t:|1715128817
|switch|p1a: Landorus|Landorus-Therian, M|99/100
|-ability|p1a: Landorus|Intimidate|boost
|-unboost|p2a: Keldeo|atk|1
|turn|36
|
|t:|1715128826
|switch|p2a: Politoed|Politoed, M|64/100
|-weather|RainDance|[from] ability: Drizzle|[of] p2a: Politoed
|move|p1a: Landorus|Earthquake|p2a: Politoed
|-damage|p2a: Politoed|0 fnt
|faint|p2a: Politoed
|
|-weather|RainDance|[upkeep]
|-heal|p1a: Landorus|100/100|[from] item: Leftovers
|upkeep
|
|t:|1715128828
|switch|p2a: Keldeo|Keldeo-Resolute|38/100
|turn|37
|
|t:|1715128837
|move|p2a: Keldeo|Hidden Power|p1a: Landorus
|-supereffective|p1a: Landorus
|-damage|p1a: Landorus|0 fnt
|faint|p1a: Landorus
|
|-weather|RainDance|[upkeep]
|upkeep
|
|t:|1715128843
|switch|p1a: Celebi|Celebi|25/100
|turn|38
|
|t:|1715128845
|move|p2a: Keldeo|Hidden Power|p1a: Celebi
|-supereffective|p1a: Celebi
|-damage|p1a: Celebi|0 fnt
|faint|p1a: Celebi
|
|win|anthony45321
|raw|Dababy&apos;s Hitman's rating: 1333 &rarr; <strong>1310</strong><br />(-23 for losing)
|raw|anthony45321's rating: 1272 &rarr; <strong>1301</strong><br />(+29 for winning)
|l|☆Dababy's Hitman
|player|p1|
