|uhtml|medal-msg|<div class="broadcast-blue">Curious what those medals under the avatar are? PS now has Ladder Seasons! For more information, check out the <a href="https://www.smogon.com/forums/threads/3740067/">thread on Smogon.</a></div>
|uhtml|medal-msg|<div class="broadcast-blue">Curious what those medals under the avatar are? PS now has Ladder Seasons! For more information, check out the <a href="https://www.smogon.com/forums/threads/3740067/">thread on Smogon.</a></div>
|j|☆snof2
|j|☆BVRZUM
|t:|1713216648
|gametype|singles
|player|p1|snof2|1|1473
|player|p2|BVRZUM|hilbert|1308
|teamsize|p1|6
|teamsize|p2|6
|gen|5
|tier|[Gen 5] OU
|rated|
|rule|Species Clause: Limit one of each Pokémon
|rule|OHKO Clause: OHKO moves are banned
|rule|Moody Clause: Moody is banned
|rule|Evasion Items Clause: Evasion items are banned
|rule|Evasion Moves Clause: Evasion moves are banned
|rule|Endless Battle Clause: Forcing endless battles is banned
|rule|HP Percentage Mod: HP is shown in percentages
|rule|Evasion Abilities Clause: Evasion abilities are banned
|rule|Sleep Moves Clause: Sleep-inducing moves are banned
|rule|Swagger Clause: Swagger is banned
|rule|Baton Pass Stat Clause: No Baton Passer may have a way to boost its stats
|clearpoke
|poke|p1|Politoed, M|item
|poke|p1|Ferrothorn, M|item
|poke|p1|Thundurus-Therian, M|item
|poke|p1|Latios, M|item
|poke|p1|Gengar, F|item
|poke|p1|Keldeo|item
|poke|p2|Garchomp, M|item
|poke|p2|Volcarona, F|item
|poke|p2|Dragonite, M|item
|poke|p2|Breloom, M|item
|poke|p2|Starmie|item
|poke|p2|Scizor, M|item
|teampreview
|
|t:|1713216659
|start
|switch|p1a: Politoed|Politoed, M|100/100
|switch|p2a: Garchomp|Garchomp, M|100/100
|-weather|RainDance|[from] ability: Drizzle|[of] p1a: Politoed
|turn|1
|
|t:|1713216666
|move|p2a: Garchomp|Stealth Rock|p1a: Politoed
|-sidestart|p1: snof2|move: Stealth Rock
|move|p1a: Politoed|Encore|p2a: Garchomp
|-start|p2a: Garchomp|Encore
|
|-weather|RainDance|[upkeep]
|upkeep
|turn|2
|
|t:|1713216670
|switch|p2a: Breloom|Breloom, M|100/100
|switch|p1a: Thundurus|Thundurus-Therian, M|100/100
|-damage|p1a: Thundurus|76/100|[from] Stealth Rock
|
|-weather|RainDance|[upkeep]
|-heal|p1a: Thundurus|82/100|[from] item: Leftovers
|upkeep
|turn|3
|
|t:|1713216676
|move|p1a: Thundurus|Hidden Power|p2a: Breloom
|-supereffective|p2a: Breloom
|-damage|p2a: Breloom|4/100
|move|p2a: Breloom|Bullet Seed|p1a: Thundurus
|-resisted|p1a: Thundurus
|-damage|p1a: Thundurus|65/100
|-resisted|p1a: Thundurus
|-damage|p1a: Thundurus|50/100
|-resisted|p1a: Thundurus
|-damage|p1a: Thundurus|35/100
|-hitcount|p1a: Thundurus|3
|-damage|p2a: Breloom|0 fnt|[from] item: Life Orb
|faint|p2a: Breloom
|
|-weather|RainDance|[upkeep]
|-heal|p1a: Thundurus|41/100|[from] item: Leftovers
|upkeep
|
|t:|1713216681
|switch|p2a: Starmie|Starmie, shiny|100/100
|-item|p2a: Starmie|Air Balloon
|turn|4
|
|t:|1713216686
|switch|p1a: Ferrothorn|Ferrothorn, M|100/100
|-damage|p1a: Ferrothorn|94/100|[from] Stealth Rock
|move|p2a: Starmie|Ice Beam|p1a: Ferrothorn
|-damage|p1a: Ferrothorn|72/100
|
|-weather|RainDance|[upkeep]
|-heal|p1a: Ferrothorn|78/100|[from] item: Leftovers
|upkeep
|turn|5
|
|t:|1713216699
|switch|p2a: Scizor|Scizor, M|100/100
|move|p1a: Ferrothorn|Stealth Rock|p2a: Scizor
|-sidestart|p2: BVRZUM|move: Stealth Rock
|
|-weather|RainDance|[upkeep]
|-heal|p1a: Ferrothorn|85/100|[from] item: Leftovers
|upkeep
|turn|6
|
|t:|1713216711
|switch|p1a: Gengar|Gengar, F|100/100
|-damage|p1a: Gengar|88/100|[from] Stealth Rock
|move|p2a: Scizor|Swords Dance|p2a: Scizor
|-boost|p2a: Scizor|atk|2
|
|-weather|RainDance|[upkeep]
|-heal|p1a: Gengar|94/100|[from] item: Black Sludge
|upkeep
|turn|7
|
|t:|1713216722
|move|p1a: Gengar|Will-O-Wisp|p2a: Scizor
|-status|p2a: Scizor|brn
|move|p2a: Scizor|Pursuit|p1a: Gengar
|-supereffective|p1a: Gengar
|-damage|p1a: Gengar|1/100
|-damage|p2a: Scizor|91/100 brn|[from] item: Life Orb
|
|-weather|RainDance|[upkeep]
|-heal|p1a: Gengar|7/100|[from] item: Black Sludge
|-damage|p2a: Scizor|78/100 brn|[from] brn
|upkeep
|turn|8
|
|t:|1713216729
|move|p2a: Scizor|Bullet Punch|p1a: Gengar
|-damage|p1a: Gengar|0 fnt
|faint|p1a: Gengar
|-damage|p2a: Scizor|68/100 brn|[from] item: Life Orb
|
|-weather|RainDance|[upkeep]
|-damage|p2a: Scizor|56/100 brn|[from] brn
|upkeep
|
|t:|1713216755
|switch|p1a: Politoed|Politoed, M|100/100
|-damage|p1a: Politoed|88/100|[from] Stealth Rock
|turn|9
|
|t:|1713216759
|move|p2a: Scizor|Swords Dance|p2a: Scizor
|-boost|p2a: Scizor|atk|2
|move|p1a: Politoed|Scald|p2a: Scizor
|-damage|p2a: Scizor|0 fnt
|faint|p2a: Scizor
|
|-weather|RainDance|[upkeep]
|-heal|p1a: Politoed|94/100|[from] item: Leftovers
|upkeep
|
|t:|1713216763
|switch|p2a: Starmie|Starmie, shiny|100/100
|-damage|p2a: Starmie|88/100|[from] Stealth Rock
|-item|p2a: Starmie|Air Balloon
|turn|10
|
|t:|1713216771
|move|p2a: Starmie|Rapid Spin|p1a: Politoed
|-damage|p1a: Politoed|91/100
|-sideend|p2: BVRZUM|Stealth Rock|[from] move: Rapid Spin|[of] p2a: Starmie
|move|p1a: Politoed|Encore|p2a: Starmie
|-start|p2a: Starmie|Encore
|
|-weather|RainDance|[upkeep]
|-heal|p1a: Politoed|97/100|[from] item: Leftovers
|upkeep
|turn|11
|
|t:|1713216786
|switch|p2a: Garchomp|Garchomp, M|100/100
|switch|p1a: Thundurus|Thundurus-Therian, M|41/100
|-damage|p1a: Thundurus|16/100|[from] Stealth Rock
|
|-weather|RainDance|[upkeep]
|-heal|p1a: Thundurus|22/100|[from] item: Leftovers
|upkeep
|turn|12
|
|t:|1713216790
|move|p2a: Garchomp|Outrage|p1a: Thundurus
|-damage|p1a: Thundurus|0 fnt
|faint|p1a: Thundurus
|
|-weather|RainDance|[upkeep]
|upkeep
|
|t:|1713216797
|switch|p1a: Ferrothorn|Ferrothorn, M|85/100
|-damage|p1a: Ferrothorn|78/100|[from] Stealth Rock
|turn|13
|
|t:|1713216806
|move|p2a: Garchomp|Outrage|p1a: Ferrothorn|[from]lockedmove
|-resisted|p1a: Ferrothorn
|-damage|p1a: Ferrothorn|54/100
|-damage|p2a: Garchomp|88/100|[from] ability: Iron Barbs|[of] p1a: Ferrothorn
|-start|p2a: Garchomp|confusion|[fatigue]
|move|p1a: Ferrothorn|Leech Seed|p2a: Garchomp
|-start|p2a: Garchomp|move: Leech Seed
|
|-weather|RainDance|[upkeep]
|-heal|p1a: Ferrothorn|60/100|[from] item: Leftovers
|-damage|p2a: Garchomp|76/100|[from] Leech Seed|[of] p1a: Ferrothorn
|-heal|p1a: Ferrothorn|73/100|[silent]
|upkeep
|turn|14
|
|t:|1713216814
|switch|p2a: Volcarona|Volcarona, F, shiny|100/100
|move|p1a: Ferrothorn|Stealth Rock|p2a: Volcarona
|-sidestart|p2: BVRZUM|move: Stealth Rock
|
|-weather|RainDance|[upkeep]
|-heal|p1a: Ferrothorn|79/100|[from] item: Leftovers
|upkeep
|turn|15
|
|t:|1713216819
|move|p2a: Volcarona|Quiver Dance|p2a: Volcarona
|-boost|p2a: Volcarona|spa|1
|-boost|p2a: Volcarona|spd|1
|-boost|p2a: Volcarona|spe|1
|move|p1a: Ferrothorn|Leech Seed|p2a: Volcarona
|-start|p2a: Volcarona|move: Leech Seed
|
|-weather|RainDance|[upkeep]
|-heal|p1a: Ferrothorn|85/100|[from] item: Leftovers
|-damage|p2a: Volcarona|88/100|[from] Leech Seed|[of] p1a: Ferrothorn
|-heal|p1a: Ferrothorn|97/100|[silent]
|upkeep
|turn|16
|
|t:|1713216824
|switch|p1a: Politoed|Politoed, M|97/100
|-damage|p1a: Politoed|85/100|[from] Stealth Rock
|move|p2a: Volcarona|Fire Blast|p1a: Politoed|[miss]
|-miss|p2a: Volcarona|p1a: Politoed
|
|-weather|RainDance|[upkeep]
|-heal|p1a: Politoed|91/100|[from] item: Leftovers
|-damage|p2a: Volcarona|76/100|[from] Leech Seed|[of] p1a: Politoed
|-heal|p1a: Politoed|100/100|[silent]
|upkeep
|turn|17
|
|t:|1713216836
|move|p2a: Volcarona|Bug Buzz|p1a: Politoed
|-damage|p1a: Politoed|22/100
|move|p1a: Politoed|Toxic|p2a: Volcarona
|-status|p2a: Volcarona|tox
|
|-weather|RainDance|[upkeep]
|-heal|p1a: Politoed|28/100|[from] item: Leftovers
|-damage|p2a: Volcarona|63/100 tox|[from] Leech Seed|[of] p1a: Politoed
|-heal|p1a: Politoed|39/100|[silent]
|-damage|p2a: Volcarona|57/100 tox|[from] psn
|upkeep
|turn|18
|
|t:|1713216847
|move|p1a: Politoed|Protect|p1a: Politoed
|-singleturn|p1a: Politoed|Protect
|move|p2a: Volcarona|Bug Buzz|p1a: Politoed
|-activate|p1a: Politoed|move: Protect
|
|-weather|RainDance|[upkeep]
|-heal|p1a: Politoed|45/100|[from] item: Leftovers
|-damage|p2a: Volcarona|45/100 tox|[from] Leech Seed|[of] p1a: Politoed
|-heal|p1a: Politoed|55/100|[silent]
|-damage|p2a: Volcarona|32/100 tox|[from] psn
|upkeep
|turn|19
|
|t:|1713216882
|move|p1a: Politoed|Protect|p1a: Politoed
|-singleturn|p1a: Politoed|Protect
|move|p2a: Volcarona|Bug Buzz|p1a: Politoed
|-activate|p1a: Politoed|move: Protect
|
|-weather|RainDance|[upkeep]
|-heal|p1a: Politoed|62/100|[from] item: Leftovers
|-damage|p2a: Volcarona|20/100 tox|[from] Leech Seed|[of] p1a: Politoed
|-heal|p1a: Politoed|72/100|[silent]
|-damage|p2a: Volcarona|2/100 tox|[from] psn
|upkeep
|turn|20
|
|t:|1713216898
|move|p1a: Politoed|Protect||[still]
|-fail|p1a: Politoed
|move|p2a: Volcarona|Bug Buzz|p1a: Politoed
|-damage|p1a: Politoed|0 fnt
|faint|p1a: Politoed
|
|-weather|RainDance|[upkeep]
|-damage|p2a: Volcarona|0 fnt|[from] psn
|faint|p2a: Volcarona
|upkeep
|
|t:|1713216910
|switch|p2a: Starmie|Starmie, shiny|88/100
|switch|p1a: Ferrothorn|Ferrothorn, M|97/100
|-damage|p2a: Starmie|76/100|[from] Stealth Rock
|-item|p2a: Starmie|Air Balloon
|-damage|p1a: Ferrothorn|91/100|[from] Stealth Rock
|turn|21
|
|t:|1713216916
|move|p2a: Starmie|Rapid Spin|p1a: Ferrothorn
|-resisted|p1a: Ferrothorn
|-damage|p1a: Ferrothorn|89/100
|-damage|p2a: Starmie|64/100|[from] ability: Iron Barbs|[of] p1a: Ferrothorn
|-sideend|p2: BVRZUM|Stealth Rock|[from] move: Rapid Spin|[of] p2a: Starmie
|move|p1a: Ferrothorn|Power Whip|p2a: Starmie
|-supereffective|p2a: Starmie
|-damage|p2a: Starmie|0 fnt
|-enditem|p2a: Starmie|Air Balloon
|faint|p2a: Starmie
|
|-weather|RainDance|[upkeep]
|-heal|p1a: Ferrothorn|95/100|[from] item: Leftovers
|upkeep
|
|t:|1713216919
|switch|p2a: Dragonite|Dragonite, M, shiny|100/100
|turn|22
|
|t:|1713216921
|move|p2a: Dragonite|Dragon Dance|p2a: Dragonite
|-boost|p2a: Dragonite|atk|1
|-boost|p2a: Dragonite|spe|1
|move|p1a: Ferrothorn|Leech Seed|p2a: Dragonite
|-start|p2a: Dragonite|move: Leech Seed
|
|-weather|RainDance|[upkeep]
|-heal|p1a: Ferrothorn|100/100|[from] item: Leftovers
|-damage|p2a: Dragonite|88/100|[from] Leech Seed|[of] p1a: Ferrothorn
|upkeep
|turn|23
|
|t:|1713216932
|move|p2a: Dragonite|Fire Punch|p1a: Ferrothorn
|-supereffective|p1a: Ferrothorn
|-damage|p1a: Ferrothorn|38/100
|-damage|p2a: Dragonite|76/100|[from] ability: Iron Barbs|[of] p1a: Ferrothorn
|move|p1a: Ferrothorn|Power Whip|p2a: Dragonite
|-resisted|p2a: Dragonite
|-crit|p2a: Dragonite
|-damage|p2a: Dragonite|53/100
|
|-weather|RainDance|[upkeep]
|-heal|p1a: Ferrothorn|44/100|[from] item: Leftovers
|-damage|p2a: Dragonite|41/100|[from] Leech Seed|[of] p1a: Ferrothorn
|-heal|p1a: Ferrothorn|56/100|[silent]
|upkeep
|turn|24
|
|t:|1713216941
|move|p2a: Dragonite|Fire Punch|p1a: Ferrothorn
|-supereffective|p1a: Ferrothorn
|-damage|p1a: Ferrothorn|0 fnt
|-damage|p2a: Dragonite|29/100|[from] ability: Iron Barbs|[of] p1a: Ferrothorn
|faint|p1a: Ferrothorn
|
|-weather|RainDance|[upkeep]
|upkeep
|
|t:|1713216945
|switch|p1a: Keldeo|Keldeo|100/100
|-damage|p1a: Keldeo|94/100|[from] Stealth Rock
|turn|25
|
|t:|1713216986
|move|p1a: Keldeo|Hidden Power|p2a: Dragonite
|-supereffective|p2a: Dragonite
|-damage|p2a: Dragonite|0 fnt
|faint|p2a: Dragonite
|
|-weather|RainDance|[upkeep]
|upkeep
|
|t:|1713216989
|switch|p2a: Garchomp|Garchomp, M|76/100
|turn|26
|c|☆snof2|gg
|
|t:|1713216992
|move|p1a: Keldeo|Hidden Power|p2a: Garchomp
|-supereffective|p2a: Garchomp
|-damage|p2a: Garchomp|0 fnt
|faint|p2a: Garchomp
|
|win|snof2
|raw|snof2's rating: 1473 &rarr; <strong>1484</strong><br />(+11 for winning)
|raw|BVRZUM's rating: 1308 &rarr; <strong>1297</strong><br />(-11 for losing)
