|j|☆BWVC BookofConke
|j|☆blossummm
|t:|1717087808
|gametype|singles
|player|p1|BWVC BookofConke|silver|1454
|player|p2|blossummm|bianca|1387
|teamsize|p1|6
|teamsize|p2|6
|gen|5
|tier|[Gen 5] OU
|rated|
|rule|Species Clause: Limit one of each Pokémon
|rule|OHKO Clause: OHKO moves are banned
|rule|Moody Clause: Moody is banned
|rule|Evasion Items Clause: Evasion items are banned
|rule|Evasion Moves Clause: Evasion moves are banned
|rule|Endless Battle Clause: Forcing endless battles is banned
|rule|HP Percentage Mod: HP is shown in percentages
|rule|Evasion Abilities Clause: Evasion abilities are banned
|rule|Sleep Moves Clause: Sleep-inducing moves are banned
|rule|Swagger Clause: Swagger is banned
|rule|Baton Pass Stat Clause: No Baton Passer may have a way to boost its stats
|clearpoke
|poke|p1|Abomasnow, M|item
|poke|p1|Kyurem-Black|item
|poke|p1|Latios, M|item
|poke|p1|Garchomp, M|item
|poke|p1|Starmie|item
|poke|p1|Jirachi|item
|poke|p2|Skarmory, F|item
|poke|p2|Latios, M|item
|poke|p2|Jellicent, F|item
|poke|p2|Tyranitar, F|item
|poke|p2|Alakazam, F|item
|poke|p2|Garchomp, F|item
|teampreview
|
|t:|1717087836
|start
|switch|p1a: Kyurem|Kyurem-Black|100/100
|switch|p2a: Skarmory|Skarmory, F|100/100
|-ability|p1a: Kyurem|Teravolt
|turn|1
|
|t:|1717087847
|move|p1a: Kyurem|Substitute|p1a: Kyurem
|-start|p1a: Kyurem|Substitute
|-damage|p1a: Kyurem|76/100
|move|p2a: Skarmory|Stealth Rock|p1a: Kyurem
|-sidestart|p1: BWVC BookofConke|move: Stealth Rock
|
|upkeep
|turn|2
|
|t:|1717087857
|move|p1a: Kyurem|Fusion Bolt|p2a: Skarmory
|-supereffective|p2a: Skarmory
|-damage|p2a: Skarmory|8/100
|move|p2a: Skarmory|Spikes|p1a: Kyurem
|-sidestart|p1: BWVC BookofConke|Spikes
|
|upkeep
|turn|3
|-enditem|p2a: Skarmory|Custap Berry|[eat]
|-activate|p2a: Skarmory|item: Custap Berry|[consumed]
|
|t:|1717087866
|move|p2a: Skarmory|Brave Bird|p1a: Kyurem
|-end|p1a: Kyurem|Substitute
|-damage|p2a: Skarmory|0 fnt|[from] Recoil|[of] p1a: Kyurem
|faint|p2a: Skarmory
|move|p1a: Kyurem|Fusion Bolt|p2: Skarmory|[notarget]
|-fail|p1a: Kyurem
|
|upkeep
|
|t:|1717087895
|switch|p2a: Latios|Latios, M|100/100
|turn|4
|
|t:|1717087905
|switch|p1a: Jirachi|Jirachi|100/100
|-damage|p1a: Jirachi|94/100|[from] Stealth Rock
|-damage|p1a: Jirachi|82/100|[from] Spikes
|move|p2a: Latios|Hidden Power|p1a: Jirachi
|-supereffective|p1a: Jirachi
|-damage|p1a: Jirachi|46/100
|
|-heal|p1a: Jirachi|52/100|[from] item: Leftovers
|upkeep
|turn|5
|
|t:|1717087929
|move|p2a: Latios|Hidden Power|p1a: Jirachi
|-supereffective|p1a: Jirachi
|-damage|p1a: Jirachi|17/100
|move|p1a: Jirachi|U-turn|p2a: Latios
|-supereffective|p2a: Latios
|-damage|p2a: Latios|56/100
|
|t:|1717087979
|switch|p1a: Garchomp|Garchomp, M|100/100|[from] U-turn
|-damage|p1a: Garchomp|94/100|[from] Stealth Rock
|-damage|p1a: Garchomp|82/100|[from] Spikes
|
|upkeep
|turn|6
|
|t:|1717088000
|move|p1a: Garchomp|Outrage|p2a: Latios
|-supereffective|p2a: Latios
|-damage|p2a: Latios|0 fnt
|faint|p2a: Latios
|
|upkeep
|
|t:|1717088025
|switch|p2a: Jellicent|Jellicent, F|100/100
|turn|7
|
|t:|1717088029
|move|p1a: Garchomp|Outrage|p2a: Jellicent|[from]lockedmove
|-damage|p2a: Jellicent|53/100
|-start|p1a: Garchomp|confusion|[fatigue]
|move|p2a: Jellicent|Scald|p1a: Garchomp
|-damage|p1a: Garchomp|56/100
|-status|p1a: Garchomp|brn
|
|-heal|p2a: Jellicent|60/100|[from] item: Leftovers
|-damage|p1a: Garchomp|43/100 brn|[from] brn
|upkeep
|turn|8
|
|t:|1717088067
|-activate|p1a: Garchomp|confusion
|-damage|p1a: Garchomp|28/100 brn|[from] confusion
|move|p2a: Jellicent|Recover|p2a: Jellicent
|-heal|p2a: Jellicent|100/100
|
|-damage|p1a: Garchomp|16/100 brn|[from] brn
|upkeep
|turn|9
|
|t:|1717088088
|-activate|p1a: Garchomp|confusion
|move|p1a: Garchomp|Outrage|p2a: Jellicent
|-damage|p2a: Jellicent|77/100
|move|p2a: Jellicent|Scald|p1a: Garchomp
|-damage|p1a: Garchomp|0 fnt
|faint|p1a: Garchomp
|
|-heal|p2a: Jellicent|84/100|[from] item: Leftovers
|upkeep
|
|t:|1717088107
|switch|p1a: Kyurem|Kyurem-Black|76/100
|-damage|p1a: Kyurem|51/100|[from] Stealth Rock
|-damage|p1a: Kyurem|38/100|[from] Spikes
|-ability|p1a: Kyurem|Teravolt
|turn|10
|
|t:|1717088114
|move|p1a: Kyurem|Substitute|p1a: Kyurem
|-start|p1a: Kyurem|Substitute
|-damage|p1a: Kyurem|13/100
|move|p2a: Jellicent|Scald|p1a: Kyurem
|-resisted|p1a: Kyurem
|-activate|p1a: Kyurem|Substitute|[damage]
|
|-heal|p2a: Jellicent|90/100|[from] item: Leftovers
|upkeep
|turn|11
|
|t:|1717088125
|move|p1a: Kyurem|Fusion Bolt|p2a: Jellicent
|-supereffective|p2a: Jellicent
|-damage|p2a: Jellicent|17/100
|move|p2a: Jellicent|Scald|p1a: Kyurem
|-resisted|p1a: Kyurem
|-activate|p1a: Kyurem|Substitute|[damage]
|
|-heal|p2a: Jellicent|23/100|[from] item: Leftovers
|upkeep
|turn|12
|
|t:|1717088148
|move|p1a: Kyurem|Fusion Bolt|p2a: Jellicent
|-supereffective|p2a: Jellicent
|-damage|p2a: Jellicent|0 fnt
|faint|p2a: Jellicent
|
|upkeep
|
|t:|1717088159
|switch|p2a: Tyranitar|Tyranitar, F, shiny|100/100
|-weather|Sandstorm|[from] ability: Sand Stream|[of] p2a: Tyranitar
|turn|13
|
|t:|1717088166
|move|p1a: Kyurem|Freeze Shock||[still]
|-prepare|p1a: Kyurem|Freeze Shock
|-enditem|p1a: Kyurem|Power Herb
|-anim|p1a: Kyurem|Freeze Shock|p2a: Tyranitar
|-damage|p2a: Tyranitar|26/100
|move|p2a: Tyranitar|Crunch|p1a: Kyurem
|-end|p1a: Kyurem|Substitute
|
|-weather|Sandstorm|[upkeep]
|-damage|p1a: Kyurem|7/100|[from] Sandstorm
|upkeep
|turn|14
|
|t:|1717088177
|move|p1a: Kyurem|Outrage|p2a: Tyranitar
|-damage|p2a: Tyranitar|0 fnt
|faint|p2a: Tyranitar
|
|-weather|Sandstorm|[upkeep]
|-damage|p1a: Kyurem|1/100|[from] Sandstorm
|upkeep
|
|t:|1717088196
|switch|p2a: Alakazam|Alakazam, F|100/100
|turn|15
|
|t:|1717088200
|move|p2a: Alakazam|Psychic|p1a: Kyurem
|-damage|p1a: Kyurem|0 fnt
|faint|p1a: Kyurem
|
|-weather|Sandstorm|[upkeep]
|upkeep
|
|t:|1717088249
|switch|p1a: Latios|Latios, M|100/100
|-damage|p1a: Latios|88/100|[from] Stealth Rock
|turn|16
|
|t:|1717088258
|move|p2a: Alakazam|Shadow Ball|p1a: Latios
|-supereffective|p1a: Latios
|-crit|p1a: Latios
|-damage|p1a: Latios|0 fnt
|faint|p1a: Latios
|
|-weather|Sandstorm|[upkeep]
|upkeep
|c|☆BWVC BookofConke|Ugh
|c|☆BWVC BookofConke|Exactly what you needed
|
|t:|1717088276
|switch|p1a: Starmie|Starmie|100/100
|-damage|p1a: Starmie|88/100|[from] Stealth Rock
|-item|p1a: Starmie|Air Balloon
|turn|17
|
|t:|1717088301
|move|p2a: Alakazam|Shadow Ball|p1a: Starmie
|-supereffective|p1a: Starmie
|-damage|p1a: Starmie|0 fnt
|-enditem|p1a: Starmie|Air Balloon
|faint|p1a: Starmie
|
|-weather|Sandstorm|[upkeep]
|upkeep
|
|t:|1717088311
|switch|p1a: Abomasnow|Abomasnow, M|100/100
|-damage|p1a: Abomasnow|76/100|[from] Stealth Rock
|-damage|p1a: Abomasnow|63/100|[from] Spikes
|-weather|Hail|[from] ability: Snow Warning|[of] p1a: Abomasnow
|turn|18
|c|☆blossummm|im life orb
|c|☆blossummm|im pretty sure crit didnt matter
|c|☆BWVC BookofConke|Oh yeah
|c|☆BWVC BookofConke|If LO
|c|☆BWVC BookofConke|Then yep gg
|c|☆blossummm|gg
|c|☆BWVC BookofConke|I did not have an out
|
|t:|1717088379
|move|p2a: Alakazam|Hidden Power|p1a: Abomasnow
|-supereffective|p1a: Abomasnow
|-damage|p1a: Abomasnow|0 fnt
|faint|p1a: Abomasnow
|
|-weather|Hail|[upkeep]
|upkeep
|
|t:|1717088386
|switch|p1a: Jirachi|Jirachi|17/100
|-damage|p1a: Jirachi|11/100|[from] Stealth Rock
|-damage|p1a: Jirachi|0 fnt|[from] Spikes
|faint|p1a: Jirachi
|
|win|blossummm
|raw|BWVC BookofConke's rating: 1454 &rarr; <strong>1430</strong><br />(-24 for losing)
|raw|blossummm's rating: 1387 &rarr; <strong>1411</strong><br />(+24 for winning)
