|j|☆basco
|j|☆Ultimate Avalon
|player|p1|basco|169
|player|p2|Ultimate Avalon|70
|teamsize|p1|6
|teamsize|p2|6
|gametype|singles
|gen|5
|tier|[Gen 5] OU
|rated|
|rule|Sleep Clause Mod: Limit one foe put to sleep
|rule|Species Clause: Limit one of each Pokémon
|rule|OHKO Clause: OHKO moves are banned
|rule|Moody Clause: Moody is banned
|rule|Evasion Moves Clause: Evasion moves are banned
|rule|Endless Battle Clause: Forcing endless battles is banned
|rule|HP Percentage Mod: HP is shown in percentages
|rule|Evasion Abilities Clause: Evasion abilities are banned
|rule|Baton Pass Clause: Limit one Baton Passer, can't pass Spe and other stats simultaneously
|rule|Swagger Clause: Swagger is banned
|clearpoke
|poke|p1|Tyranitar, M|item
|poke|p1|Magnezone|item
|poke|p1|Terrakion|item
|poke|p1|Latios, M|item
|poke|p1|Scizor, M|item
|poke|p1|Landorus-Therian, M|item
|poke|p2|Thundurus-Therian, M|item
|poke|p2|Volcarona, F|item
|poke|p2|Politoed, M|item
|poke|p2|Starmie|item
|poke|p2|Keldeo|item
|poke|p2|Tornadus, M|item
|teampreview
|c|☆Ultimate Avalon|gl hf
|inactive|Battle timer is ON: inactive players will automatically lose when time's up. (requested by Ultimate Avalon)
|c|☆basco|u2
|
|start
|switch|p1a: Pat Riely|Tyranitar, M|100/100
|switch|p2a: Politoed|Politoed, M|100/100
|-weather|RainDance|[from] ability: Drizzle|[of] p2a: Politoed
|-weather|Sandstorm|[from] ability: Sand Stream|[of] p1a: Pat Riely
|turn|1
|
|move|p2a: Politoed|Toxic|p1a: Pat Riely
|-status|p1a: Pat Riely|tox
|move|p1a: Pat Riely|Stealth Rock|p2a: Politoed
|-sidestart|p2: Ultimate Avalon|move: Stealth Rock
|
|-weather|Sandstorm|[upkeep]
|-damage|p2a: Politoed|94/100|[from] Sandstorm
|-heal|p2a: Politoed|100/100|[from] item: Leftovers
|-damage|p1a: Pat Riely|94/100 tox|[from] psn
|upkeep
|turn|2
|
|-activate|p2a: Politoed|move: Pursuit
|move|p1a: Pat Riely|Pursuit|p2a: Politoed|[from]Pursuit
|-damage|p2a: Politoed|73/100
|switch|p2a: Keldeo|Keldeo|100/100
|-damage|p2a: Keldeo|94/100|[from] Stealth Rock
|
|-weather|Sandstorm|[upkeep]
|-damage|p2a: Keldeo|88/100|[from] Sandstorm
|-heal|p1a: Pat Riely|100/100 tox|[from] item: Leftovers
|-damage|p1a: Pat Riely|88/100 tox|[from] psn
|upkeep
|turn|3
|
|switch|p1a: Bosh|Latios, M, shiny|100/100
|move|p2a: Keldeo|Hidden Power|p1a: Bosh
|-supereffective|p1a: Bosh
|-damage|p1a: Bosh|53/100
|
|-weather|Sandstorm|[upkeep]
|-damage|p2a: Keldeo|82/100|[from] Sandstorm
|-damage|p1a: Bosh|47/100|[from] Sandstorm
|upkeep
|turn|4
|
|switch|p1a: Miller|Scizor, M, shiny|100/100
|move|p2a: Keldeo|Hidden Power|p1a: Miller
|-resisted|p1a: Miller
|-damage|p1a: Miller|86/100
|
|-weather|Sandstorm|[upkeep]
|-damage|p2a: Keldeo|76/100|[from] Sandstorm
|upkeep
|turn|5
|
|switch|p2a: Politoed|Politoed, M|73/100
|-damage|p2a: Politoed|60/100|[from] Stealth Rock
|-weather|RainDance|[from] ability: Drizzle|[of] p2a: Politoed
|move|p1a: Miller|U-turn|p2a: Politoed
|-damage|p2a: Politoed|11/100
|
|switch|p1a: Pat Riely|Tyranitar, M|88/100 tox
|-weather|Sandstorm|[from] ability: Sand Stream|[of] p1a: Pat Riely
|
|-weather|Sandstorm|[upkeep]
|-damage|p2a: Politoed|5/100|[from] Sandstorm
|-heal|p2a: Politoed|11/100|[from] item: Leftovers
|-heal|p1a: Pat Riely|94/100 tox|[from] item: Leftovers
|-damage|p1a: Pat Riely|88/100 tox|[from] psn
|upkeep
|turn|6
|
|move|p2a: Politoed|Scald|p1a: Pat Riely
|-supereffective|p1a: Pat Riely
|-damage|p1a: Pat Riely|66/100 tox
|move|p1a: Pat Riely|Pursuit|p2a: Politoed
|-damage|p2a: Politoed|0 fnt
|faint|p2a: Politoed
|
|-weather|Sandstorm|[upkeep]
|-heal|p1a: Pat Riely|72/100 tox|[from] item: Leftovers
|-damage|p1a: Pat Riely|60/100 tox|[from] psn
|upkeep
|
|switch|p2a: Starmie|Starmie|100/100
|-damage|p2a: Starmie|88/100|[from] Stealth Rock
|turn|7
|
|move|p2a: Starmie|Hydro Pump|p1a: Pat Riely
|-supereffective|p1a: Pat Riely
|-damage|p1a: Pat Riely|3/100 tox
|-damage|p2a: Starmie|78/100|[from] item: Life Orb
|move|p1a: Pat Riely|Pursuit|p2a: Starmie
|-supereffective|p2a: Starmie
|-damage|p2a: Starmie|23/100
|
|-weather|Sandstorm|[upkeep]
|-damage|p2a: Starmie|17/100|[from] Sandstorm
|-heal|p1a: Pat Riely|9/100 tox|[from] item: Leftovers
|-damage|p1a: Pat Riely|0 fnt|[from] psn
|faint|p1a: Pat Riely
|upkeep
|
|switch|p1a: D.Wade|Terrakion|100/100
|turn|8
|
|move|p1a: D.Wade|Close Combat|p2a: Starmie
|-resisted|p2a: Starmie
|-damage|p2a: Starmie|0 fnt
|-unboost|p1a: D.Wade|def|1
|-unboost|p1a: D.Wade|spd|1
|faint|p2a: Starmie
|
|-weather|Sandstorm|[upkeep]
|upkeep
|
|switch|p2a: Keldeo|Keldeo|76/100
|-damage|p2a: Keldeo|70/100|[from] Stealth Rock
|turn|9
|
|switch|p1a: Ray Allen|Magnezone|100/100
|move|p2a: Keldeo|Surf|p1a: Ray Allen
|-damage|p1a: Ray Allen|35/100
|
|-weather|Sandstorm|[upkeep]
|-damage|p2a: Keldeo|63/100|[from] Sandstorm
|-heal|p1a: Ray Allen|41/100|[from] item: Leftovers
|upkeep
|turn|10
|
|move|p2a: Keldeo|Surf|p1a: Ray Allen
|-damage|p1a: Ray Allen|0 fnt
|faint|p1a: Ray Allen
|
|-weather|Sandstorm|[upkeep]
|-damage|p2a: Keldeo|57/100|[from] Sandstorm
|upkeep
|
|switch|p1a: Bosh|Latios, M, shiny|47/100
|turn|11
|
|switch|p2a: Volcarona|Volcarona, F|100/100
|-damage|p2a: Volcarona|51/100|[from] Stealth Rock
|move|p1a: Bosh|Psyshock|p2a: Volcarona
|-damage|p2a: Volcarona|0 fnt
|faint|p2a: Volcarona
|
|-weather|Sandstorm|[upkeep]
|-damage|p1a: Bosh|41/100|[from] Sandstorm
|upkeep
|
|switch|p2a: Thundurus|Thundurus-Therian, M|100/100
|-damage|p2a: Thundurus|76/100|[from] Stealth Rock
|turn|12
|
|switch|p1a: Bron Bron|Landorus-Therian, M|100/100
|-ability|p1a: Bron Bron|Intimidate|boost
|-unboost|p2a: Thundurus|atk|1
|move|p2a: Thundurus|U-turn|p1a: Bron Bron
|-resisted|p1a: Bron Bron
|-damage|p1a: Bron Bron|95/100
|
|switch|p2a: Keldeo|Keldeo|57/100
|-damage|p2a: Keldeo|51/100|[from] Stealth Rock
|
|-weather|Sandstorm|[upkeep]
|-damage|p2a: Keldeo|45/100|[from] Sandstorm
|upkeep
|turn|13
|
|move|p2a: Keldeo|Surf|p1a: Bron Bron
|-supereffective|p1a: Bron Bron
|-damage|p1a: Bron Bron|0 fnt
|faint|p1a: Bron Bron
|
|-weather|Sandstorm|[upkeep]
|-damage|p2a: Keldeo|39/100|[from] Sandstorm
|upkeep
|
|switch|p1a: Bosh|Latios, M, shiny|41/100
|turn|14
|inactive|Ultimate Avalon has 120 seconds left.
|inactive|Ultimate Avalon has 90 seconds left.
|
|switch|p2a: Thundurus|Thundurus-Therian, M|76/100
|-damage|p2a: Thundurus|51/100|[from] Stealth Rock
|move|p1a: Bosh|Psyshock|p2a: Thundurus
|-damage|p2a: Thundurus|0 fnt
|faint|p2a: Thundurus
|
|-weather|Sandstorm|[upkeep]
|-damage|p1a: Bosh|35/100|[from] Sandstorm
|upkeep
|
|switch|p2a: Tornadus|Tornadus, M|100/100
|-damage|p2a: Tornadus|76/100|[from] Stealth Rock
|turn|15
|
|move|p2a: Tornadus|Air Slash|p1a: Bosh
|-damage|p1a: Bosh|0 fnt
|faint|p1a: Bosh
|
|-weather|Sandstorm|[upkeep]
|-damage|p2a: Tornadus|70/100|[from] Sandstorm
|upkeep
|
|switch|p1a: D.Wade|Terrakion|100/100
|turn|16
|
|move|p1a: D.Wade|Stone Edge|p2a: Tornadus|[miss]
|-miss|p1a: D.Wade|p2a: Tornadus
|move|p2a: Tornadus|Air Slash|p1a: D.Wade
|-damage|p1a: D.Wade|54/100
|
|-weather|Sandstorm|[upkeep]
|-damage|p2a: Tornadus|64/100|[from] Sandstorm
|upkeep
|turn|17
|
|move|p1a: D.Wade|Stone Edge|p2a: Tornadus
|-supereffective|p2a: Tornadus
|-damage|p2a: Tornadus|0 fnt
|faint|p2a: Tornadus
|
|-weather|Sandstorm|[upkeep]
|upkeep
|
|switch|p2a: Keldeo|Keldeo|39/100
|-damage|p2a: Keldeo|33/100|[from] Stealth Rock
|turn|18
|
|move|p2a: Keldeo|Surf|p1a: D.Wade
|-supereffective|p1a: D.Wade
|-damage|p1a: D.Wade|0 fnt
|faint|p1a: D.Wade
|
|-weather|Sandstorm|[upkeep]
|-damage|p2a: Keldeo|26/100|[from] Sandstorm
|upkeep
|
|switch|p1a: Miller|Scizor, M, shiny|86/100
|turn|19
|
|move|p1a: Miller|Bullet Punch|p2a: Keldeo
|-resisted|p2a: Keldeo
|-damage|p2a: Keldeo|0 fnt
|faint|p2a: Keldeo
|
|win|basco
|c|☆Ultimate Avalon|ggs fam
|raw|basco's rating: 1366 &rarr; <strong>1388</strong><br />(+22 for winning)
|raw|Ultimate Avalon's rating: 1391 &rarr; <strong>1369</strong><br />(-22 for losing)
|l|☆Ultimate Avalon
|c|☆basco|gg sir
