|j|☆magialice
|j|☆av2336
|t:|1716573896
|gametype|singles
|player|p1|magialice|miku-flying|1483
|player|p2|av2336|pokemaniac-gen3rs|1415
|teamsize|p1|6
|teamsize|p2|6
|gen|5
|tier|[Gen 5] OU
|rated|
|rule|Species Clause: Limit one of each Pokémon
|rule|OHKO Clause: OHKO moves are banned
|rule|Moody Clause: Moody is banned
|rule|Evasion Items Clause: Evasion items are banned
|rule|Evasion Moves Clause: Evasion moves are banned
|rule|Endless Battle Clause: Forcing endless battles is banned
|rule|HP Percentage Mod: HP is shown in percentages
|rule|Evasion Abilities Clause: Evasion abilities are banned
|rule|Sleep Moves Clause: Sleep-inducing moves are banned
|rule|Swagger Clause: Swagger is banned
|rule|Baton Pass Stat Clause: No Baton Passer may have a way to boost its stats
|clearpoke
|poke|p1|Abomasnow, F|item
|poke|p1|Mamoswine, M|item
|poke|p1|Omastar, F|item
|poke|p1|Salamence, F|item
|poke|p1|Starmie|item
|poke|p1|Jirachi|item
|poke|p2|Bronzong|item
|poke|p2|Gallade, M|item
|poke|p2|Jellicent, M|item
|poke|p2|Conkeldurr, M|item
|poke|p2|Reuniclus, M|item
|poke|p2|Dragonite, M|item
|teampreview
|inactive|Battle timer is ON: inactive players will automatically lose when time's up. (requested by av2336)
|inactive|magialice also wants the timer to be on.
|
|t:|1716573899
|start
|switch|p1a: Abomasnow|Abomasnow, F, shiny|100/100
|switch|p2a: Bronzong|Bronzong|100/100
|-weather|Hail|[from] ability: Snow Warning|[of] p1a: Abomasnow
|turn|1
|
|t:|1716573903
|switch|p1a: Jirachi|Jirachi|100/100
|move|p2a: Bronzong|Stealth Rock|p1a: Jirachi
|-sidestart|p1: magialice|move: Stealth Rock
|
|-weather|Hail|[upkeep]
|-damage|p1a: Jirachi|94/100|[from] Hail
|-damage|p2a: Bronzong|94/100|[from] Hail
|upkeep
|turn|2
|inactive|av2336 has 120 seconds left.
|
|t:|1716573949
|move|p1a: Jirachi|Stealth Rock|p2a: Bronzong
|-sidestart|p2: av2336|move: Stealth Rock
|move|p2a: Bronzong|Trick Room|p2a: Bronzong
|-fieldstart|move: Trick Room|[of] p2a: Bronzong
|
|-weather|Hail|[upkeep]
|-damage|p2a: Bronzong|88/100|[from] Hail
|-damage|p1a: Jirachi|88/100|[from] Hail
|upkeep
|turn|3
|
|t:|1716573957
|switch|p2a: Conkeldurr|Conkeldurr, M|100/100
|-damage|p2a: Conkeldurr|94/100|[from] Stealth Rock
|move|p1a: Jirachi|Body Slam|p2a: Conkeldurr
|-damage|p2a: Conkeldurr|77/100
|-status|p2a: Conkeldurr|par
|
|-weather|Hail|[upkeep]
|-damage|p2a: Conkeldurr|71/100 par|[from] Hail
|-damage|p1a: Jirachi|82/100|[from] Hail
|upkeep
|turn|4
|
|t:|1716573961
|move|p2a: Conkeldurr|Drain Punch|p1a: Jirachi
|-damage|p1a: Jirachi|29/100
|-heal|p2a: Conkeldurr|97/100 par|[from] drain|[of] p1a: Jirachi
|-damage|p2a: Conkeldurr|80/100 par|[from] item: Rocky Helmet|[of] p1a: Jirachi
|-damage|p2a: Conkeldurr|70/100 par|[from] item: Life Orb
|move|p1a: Jirachi|Body Slam|p2a: Conkeldurr
|-damage|p2a: Conkeldurr|53/100 par
|
|-weather|Hail|[upkeep]
|-damage|p2a: Conkeldurr|47/100 par|[from] Hail
|-damage|p1a: Jirachi|23/100|[from] Hail
|upkeep
|turn|5
|inactive|av2336 has 120 seconds left.
|j| CertamenMeum
|inactive|av2336 has 90 seconds left.
|inactive|av2336 has 60 seconds left.
|
|t:|1716574040
|move|p2a: Conkeldurr|Drain Punch|p1a: Jirachi
|-damage|p1a: Jirachi|0 fnt
|-heal|p2a: Conkeldurr|58/100 par|[from] drain|[of] p1a: Jirachi
|-damage|p2a: Conkeldurr|42/100 par|[from] item: Rocky Helmet|[of] p1a: Jirachi
|faint|p1a: Jirachi
|-damage|p2a: Conkeldurr|32/100 par|[from] item: Life Orb
|
|-weather|Hail|[upkeep]
|-damage|p2a: Conkeldurr|26/100 par|[from] Hail
|upkeep
|
|t:|1716574050
|switch|p1a: Starmie|Starmie|100/100
|-damage|p1a: Starmie|88/100|[from] Stealth Rock
|-item|p1a: Starmie|Air Balloon
|turn|6
|inactive|av2336 has 60 seconds left.
|
|t:|1716574063
|cant|p2a: Conkeldurr|par
|move|p1a: Starmie|Rapid Spin|p2a: Conkeldurr
|-damage|p2a: Conkeldurr|22/100 par
|-sideend|p1: magialice|Stealth Rock|[from] move: Rapid Spin|[of] p1a: Starmie
|
|-weather|Hail|[upkeep]
|-damage|p2a: Conkeldurr|16/100 par|[from] Hail
|-damage|p1a: Starmie|82/100|[from] Hail
|-fieldend|move: Trick Room
|upkeep
|turn|7
|
|t:|1716574067
|move|p2a: Conkeldurr|Mach Punch|p1a: Starmie
|-resisted|p1a: Starmie
|-damage|p1a: Starmie|52/100
|-enditem|p1a: Starmie|Air Balloon
|-damage|p2a: Conkeldurr|7/100 par|[from] item: Life Orb
|move|p1a: Starmie|Thunderbolt|p2a: Conkeldurr
|-damage|p2a: Conkeldurr|0 fnt
|faint|p2a: Conkeldurr
|
|-weather|Hail|[upkeep]
|-damage|p1a: Starmie|46/100|[from] Hail
|upkeep
|
|t:|1716574070
|switch|p2a: Bronzong|Bronzong|88/100
|-damage|p2a: Bronzong|82/100|[from] Stealth Rock
|turn|8
|
|t:|1716574077
|move|p1a: Starmie|Hydro Pump|p2a: Bronzong
|-damage|p2a: Bronzong|31/100
|move|p2a: Bronzong|Trick Room|p2a: Bronzong
|-fieldstart|move: Trick Room|[of] p2a: Bronzong
|
|-weather|Hail|[upkeep]
|-damage|p2a: Bronzong|25/100|[from] Hail
|-damage|p1a: Starmie|40/100|[from] Hail
|upkeep
|turn|9
|
|t:|1716574081
|move|p2a: Bronzong|Stealth Rock|p1a: Starmie
|-sidestart|p1: magialice|move: Stealth Rock
|move|p1a: Starmie|Hydro Pump|p2a: Bronzong
|-damage|p2a: Bronzong|0 fnt
|faint|p2a: Bronzong
|
|-weather|Hail|[upkeep]
|-damage|p1a: Starmie|34/100|[from] Hail
|upkeep
|inactive|av2336 has 90 seconds left.
|
|t:|1716574105
|switch|p2a: Reuniclus|Reuniclus, M|100/100
|turn|10
|
|t:|1716574108
|move|p2a: Reuniclus|Shadow Ball|p1a: Starmie
|-supereffective|p1a: Starmie
|-crit|p1a: Starmie
|-damage|p1a: Starmie|0 fnt
|faint|p1a: Starmie
|
|-weather|Hail|[upkeep]
|upkeep
|
|t:|1716574112
|switch|p1a: Abomasnow|Abomasnow, F, shiny|100/100
|-damage|p1a: Abomasnow|76/100|[from] Stealth Rock
|turn|11
|
|t:|1716574117
|move|p2a: Reuniclus|Psychic|p1a: Abomasnow
|-damage|p1a: Abomasnow|0 fnt
|faint|p1a: Abomasnow
|
|-weather|Hail|[upkeep]
|upkeep
|
|t:|1716574123
|switch|p1a: Omastar|Omastar, F|100/100
|-damage|p1a: Omastar|88/100|[from] Stealth Rock
|turn|12
|
|t:|1716574133
|move|p2a: Reuniclus|Psychic|p1a: Omastar
|-damage|p1a: Omastar|0 fnt
|faint|p1a: Omastar
|
|-weather|Hail|[upkeep]
|-fieldend|move: Trick Room
|upkeep
|
|t:|1716574135
|switch|p1a: Mamoswine|Mamoswine, M|100/100
|-damage|p1a: Mamoswine|88/100|[from] Stealth Rock
|turn|13
|
|t:|1716574139
|move|p1a: Mamoswine|Icicle Crash|p2a: Reuniclus
|-crit|p2a: Reuniclus
|-damage|p2a: Reuniclus|0 fnt
|faint|p2a: Reuniclus
|
|-weather|Hail|[upkeep]
|upkeep
|
|t:|1716574142
|switch|p2a: Jellicent|Jellicent, M|100/100
|-damage|p2a: Jellicent|88/100|[from] Stealth Rock
|-item|p2a: Jellicent|Air Balloon
|turn|14
|
|t:|1716574145
|move|p1a: Mamoswine|Icicle Crash|p2a: Jellicent
|-resisted|p2a: Jellicent
|-damage|p2a: Jellicent|53/100
|-enditem|p2a: Jellicent|Air Balloon
|cant|p2a: Jellicent|flinch
|
|-weather|Hail|[upkeep]
|-damage|p2a: Jellicent|47/100|[from] Hail
|upkeep
|turn|15
|
|t:|1716574151
|move|p1a: Mamoswine|Earthquake|p2a: Jellicent
|-damage|p2a: Jellicent|0 fnt
|faint|p2a: Jellicent
|
|-weather|Hail|[upkeep]
|upkeep
|c|☆av2336|...
|
|t:|1716574163
|switch|p2a: Gallade|Gallade, M|100/100
|-damage|p2a: Gallade|94/100|[from] Stealth Rock
|turn|16
|
|t:|1716574170
|move|p1a: Mamoswine|Icicle Crash|p2a: Gallade
|-damage|p2a: Gallade|19/100
|cant|p2a: Gallade|flinch
|
|-weather|Hail|[upkeep]
|-damage|p2a: Gallade|13/100|[from] Hail
|upkeep
|turn|17
|-message|av2336 forfeited.
|
|win|magialice
|raw|magialice's rating: 1483 &rarr; <strong>1500</strong><br />(+17 for winning)
|raw|av2336's rating: 1436 &rarr; <strong>1419</strong><br />(-17 for losing)
