|j|☆woahhgh
|j|☆Jaajgko
|t:|1749301045
|gametype|singles
|player|p1|woahhgh|265|1308
|player|p2|Jaajgko|266|1425
|teamsize|p1|6
|teamsize|p2|6
|gen|5
|tier|[Gen 5] OU
|rated|
|rule|Species Clause: Limit one of each Pokémon
|rule|OHKO Clause: OHKO moves are banned
|rule|Moody Clause: Moody is banned
|rule|Evasion Items Clause: Evasion items are banned
|rule|Evasion Moves Clause: Evasion moves are banned
|rule|Endless Battle Clause: Forcing endless battles is banned
|rule|HP Percentage Mod: HP is shown in percentages
|rule|Evasion Abilities Clause: Evasion abilities are banned
|rule|Sleep Moves Clause: Sleep-inducing moves are banned
|rule|Swagger Clause: Swagger is banned
|rule|Baton Pass Stat Clause: No Baton Passer may have a way to boost its stats
|clearpoke
|poke|p1|Scizor, F|item
|poke|p1|Keldeo|item
|poke|p1|Mamoswine, M|item
|poke|p1|Politoed, F|item
|poke|p1|Ferrothorn, M|item
|poke|p1|Starmie|item
|poke|p2|Forretress, M|item
|poke|p2|Magnezone|item
|poke|p2|Gliscor, F|item
|poke|p2|Chansey, F|item
|poke|p2|Slowbro, M|item
|poke|p2|Garchomp, M|item
|teampreview
|
|t:|1749301061
|start
|switch|p1a: Politoed|Politoed, F|100/100
|switch|p2a: Chansey|Chansey, F|100/100
|-weather|RainDance|[from] ability: Drizzle|[of] p1a: Politoed
|turn|1
|j| Crowned Crystals ♔
|
|t:|1749301067
|move|p1a: Politoed|Perish Song|p1a: Politoed
|-start|p1a: Politoed|perish3|[silent]
|-start|p2a: Chansey|perish3|[silent]
|-fieldactivate|move: Perish Song
|move|p2a: Chansey|Stealth Rock|p1a: Politoed
|-sidestart|p1: woahhgh|move: Stealth Rock
|
|-weather|RainDance|[upkeep]
|-start|p1a: Politoed|perish3
|-start|p2a: Chansey|perish3
|upkeep
|turn|2
|
|t:|1749301070
|switch|p2a: Slowbro|Slowbro, M|100/100
|move|p1a: Politoed|Encore||[still]
|-fail|p1a: Politoed
|
|-weather|RainDance|[upkeep]
|-start|p1a: Politoed|perish2
|upkeep
|turn|3
|
|t:|1749301076
|switch|p1a: Scizor|Scizor, F|100/100
|-damage|p1a: Scizor|88/100|[from] Stealth Rock
|move|p2a: Slowbro|Scald|p1a: Scizor
|-damage|p1a: Scizor|23/100
|
|-weather|RainDance|[upkeep]
|upkeep
|turn|4
|
|t:|1749301084
|-activate|p2a: Slowbro|move: Pursuit
|move|p1a: Scizor|Pursuit|p2a: Slowbro|[from] Pursuit
|-supereffective|p2a: Slowbro
|-damage|p2a: Slowbro|65/100
|switch|p2a: Gliscor|Gliscor, F|100/100
|
|-weather|RainDance|[upkeep]
|-status|p2a: Gliscor|tox|[from] item: Toxic Orb
|upkeep
|turn|5
|
|t:|1749301091
|switch|p1a: Starmie|Starmie, shiny|100/100
|-damage|p1a: Starmie|88/100|[from] Stealth Rock
|-item|p1a: Starmie|Air Balloon
|switch|p2a: Garchomp|Garchomp, M|100/100
|
|-weather|RainDance|[upkeep]
|upkeep
|turn|6
|
|t:|1749301096
|switch|p2a: Chansey|Chansey, F|100/100
|move|p1a: Starmie|Ice Beam|p2a: Chansey
|-damage|p2a: Chansey|92/100
|
|-weather|RainDance|[upkeep]
|upkeep
|turn|7
|
|t:|1749301100
|move|p1a: Starmie|Rapid Spin|p2a: Chansey
|-damage|p2a: Chansey|90/100
|-sideend|p1: woahhgh|Stealth Rock|[from] move: Rapid Spin|[of] p1a: Starmie
|move|p2a: Chansey|Seismic Toss|p1a: Starmie
|-damage|p1a: Starmie|50/100
|-enditem|p1a: Starmie|Air Balloon
|
|-weather|RainDance|[upkeep]
|upkeep
|turn|8
|
|t:|1749301105
|switch|p1a: Keldeo|Keldeo|100/100
|move|p2a: Chansey|Stealth Rock|p1a: Keldeo
|-sidestart|p1: woahhgh|move: Stealth Rock
|
|-weather|RainDance|[upkeep]
|upkeep
|turn|9
|
|t:|1749301109
|switch|p1a: Mamoswine|Mamoswine, M|100/100
|-damage|p1a: Mamoswine|88/100|[from] Stealth Rock
|switch|p2a: Slowbro|Slowbro, M|99/100
|
|-weather|RainDance|[upkeep]
|-heal|p2a: Slowbro|100/100|[from] item: Leftovers
|upkeep
|turn|10
|
|t:|1749301113
|switch|p1a: Ferrothorn|Ferrothorn, M, shiny|100/100
|-damage|p1a: Ferrothorn|95/100|[from] Stealth Rock
|move|p2a: Slowbro|Scald|p1a: Ferrothorn
|-resisted|p1a: Ferrothorn
|-damage|p1a: Ferrothorn|77/100
|
|-weather|RainDance|[upkeep]
|upkeep
|turn|11
|
|t:|1749301116
|switch|p2a: Magnezone|Magnezone|100/100
|move|p1a: Ferrothorn|Thunder Wave|p2a: Magnezone
|-status|p2a: Magnezone|par
|
|-weather|RainDance|[upkeep]
|upkeep
|turn|12
|
|t:|1749301119
|move|p2a: Magnezone|Hidden Power|p1a: Ferrothorn
|-supereffective|p1a: Ferrothorn
|-damage|p1a: Ferrothorn|36/100
|move|p1a: Ferrothorn|Stealth Rock|p2a: Magnezone
|-sidestart|p2: Jaajgko|move: Stealth Rock
|
|-weather|RainDance|[upkeep]
|upkeep
|turn|13
|
|t:|1749301124
|cant|p2a: Magnezone|par
|move|p1a: Ferrothorn|Leech Seed|p2a: Magnezone
|-start|p2a: Magnezone|move: Leech Seed
|
|-weather|RainDance|[upkeep]
|-damage|p2a: Magnezone|88/100 par|[from] Leech Seed|[of] p1a: Ferrothorn
|-heal|p1a: Ferrothorn|46/100|[silent]
|upkeep
|turn|14
|
|t:|1749301127
|cant|p2a: Magnezone|par
|move|p1a: Ferrothorn|Power Whip|p2a: Magnezone
|-resisted|p2a: Magnezone
|-damage|p2a: Magnezone|68/100 par
|
|-weather|RainDance|[upkeep]
|-damage|p2a: Magnezone|55/100 par|[from] Leech Seed|[of] p1a: Ferrothorn
|-heal|p1a: Ferrothorn|55/100|[silent]
|upkeep
|turn|15
|
|t:|1749301130
|move|p2a: Magnezone|Hidden Power|p1a: Ferrothorn
|-supereffective|p1a: Ferrothorn
|-damage|p1a: Ferrothorn|17/100
|move|p1a: Ferrothorn|Power Whip|p2a: Magnezone
|-resisted|p2a: Magnezone
|-damage|p2a: Magnezone|35/100 par
|
|-weather|RainDance|[upkeep]
|-damage|p2a: Magnezone|23/100 par|[from] Leech Seed|[of] p1a: Ferrothorn
|-heal|p1a: Ferrothorn|27/100|[silent]
|upkeep
|turn|16
|
|t:|1749301132
|move|p2a: Magnezone|Hidden Power|p1a: Ferrothorn
|-supereffective|p1a: Ferrothorn
|-crit|p1a: Ferrothorn
|-damage|p1a: Ferrothorn|0 fnt
|faint|p1a: Ferrothorn
|
|-weather|RainDance|[upkeep]
|upkeep
|
|t:|1749301133
|switch|p1a: Mamoswine|Mamoswine, M|88/100
|-damage|p1a: Mamoswine|76/100|[from] Stealth Rock
|turn|17
|
|t:|1749301137
|switch|p2a: Slowbro|Slowbro, M|100/100
|-damage|p2a: Slowbro|88/100|[from] Stealth Rock
|move|p1a: Mamoswine|Substitute|p1a: Mamoswine
|-start|p1a: Mamoswine|Substitute
|-damage|p1a: Mamoswine|51/100
|
|-weather|RainDance|[upkeep]
|-heal|p2a: Slowbro|94/100|[from] item: Leftovers
|upkeep
|turn|18
|
|t:|1749301143
|move|p1a: Mamoswine|Earthquake|p2a: Slowbro
|-damage|p2a: Slowbro|62/100
|move|p2a: Slowbro|Scald|p1a: Mamoswine
|-supereffective|p1a: Mamoswine
|-end|p1a: Mamoswine|Substitute
|
|-weather|RainDance|[upkeep]
|-heal|p2a: Slowbro|68/100|[from] item: Leftovers
|upkeep
|turn|19
|
|t:|1749301148
|switch|p1a: Starmie|Starmie, shiny|50/100
|-damage|p1a: Starmie|38/100|[from] Stealth Rock
|move|p2a: Slowbro|Scald|p1a: Starmie
|-resisted|p1a: Starmie
|-damage|p1a: Starmie|6/100
|
|-weather|RainDance|[upkeep]
|-heal|p2a: Slowbro|74/100|[from] item: Leftovers
|upkeep
|turn|20
|
|t:|1749301153
|switch|p2a: Chansey|Chansey, F|90/100
|-damage|p2a: Chansey|77/100|[from] Stealth Rock
|move|p1a: Starmie|Rapid Spin|p2a: Chansey
|-damage|p2a: Chansey|76/100
|-sideend|p1: woahhgh|Stealth Rock|[from] move: Rapid Spin|[of] p1a: Starmie
|
|-weather|RainDance|[upkeep]
|upkeep
|turn|21
|
|t:|1749301158
|switch|p1a: Politoed|Politoed, F|100/100
|move|p2a: Chansey|Stealth Rock|p1a: Politoed
|-sidestart|p1: woahhgh|move: Stealth Rock
|
|-weather|RainDance|[upkeep]
|upkeep
|turn|22
|
|t:|1749301161
|switch|p1a: Starmie|Starmie, shiny|6/100
|-damage|p1a: Starmie|0 fnt|[from] Stealth Rock
|faint|p1a: Starmie
|move|p2a: Chansey|Soft-Boiled|p2a: Chansey
|-heal|p2a: Chansey|100/100
|
|-weather|RainDance|[upkeep]
|upkeep
|
|t:|1749301162
|switch|p1a: Keldeo|Keldeo|100/100
|-damage|p1a: Keldeo|94/100|[from] Stealth Rock
|turn|23
|
|t:|1749301165
|switch|p2a: Magnezone|Magnezone|23/100 par
|-damage|p2a: Magnezone|17/100 par|[from] Stealth Rock
|move|p1a: Keldeo|Hydro Pump|p2a: Magnezone
|-damage|p2a: Magnezone|0 fnt
|faint|p2a: Magnezone
|
|-weather|RainDance|[upkeep]
|upkeep
|
|t:|1749301170
|switch|p2a: Chansey|Chansey, F|100/100
|-damage|p2a: Chansey|88/100|[from] Stealth Rock
|turn|24
|
|t:|1749301172
|switch|p2a: Forretress|Forretress, M|100/100
|-damage|p2a: Forretress|88/100|[from] Stealth Rock
|move|p1a: Keldeo|Hydro Pump|p2a: Forretress|[miss]
|-miss|p1a: Keldeo|p2a: Forretress
|
|-weather|RainDance|[upkeep]
|-heal|p2a: Forretress|94/100|[from] item: Leftovers
|upkeep
|turn|25
|
|t:|1749301180
|switch|p2a: Gliscor|Gliscor, F|100/100 tox
|-damage|p2a: Gliscor|88/100 tox|[from] Stealth Rock
|move|p1a: Keldeo|Hydro Pump|p2a: Gliscor
|-supereffective|p2a: Gliscor
|-damage|p2a: Gliscor|0 fnt
|faint|p2a: Gliscor
|
|-weather|RainDance|[upkeep]
|upkeep
|
|t:|1749301181
|switch|p2a: Chansey|Chansey, F|88/100
|-damage|p2a: Chansey|76/100|[from] Stealth Rock
|turn|26
|
|t:|1749301184
|move|p1a: Keldeo|Hydro Pump|p2a: Chansey|[miss]
|-miss|p1a: Keldeo|p2a: Chansey
|move|p2a: Chansey|Soft-Boiled|p2a: Chansey
|-heal|p2a: Chansey|100/100
|
|-weather|RainDance|[upkeep]
|upkeep
|turn|27
|
|t:|1749301186
|move|p1a: Keldeo|Hydro Pump|p2a: Chansey
|-damage|p2a: Chansey|60/100
|move|p2a: Chansey|Toxic|p1a: Keldeo
|-status|p1a: Keldeo|tox
|
|-weather|RainDance|[upkeep]
|-damage|p1a: Keldeo|88/100 tox|[from] psn
|upkeep
|turn|28
|
|t:|1749301192
|switch|p1a: Mamoswine|Mamoswine, M|51/100
|-damage|p1a: Mamoswine|38/100|[from] Stealth Rock
|switch|p2a: Forretress|Forretress, M|94/100
|-damage|p2a: Forretress|82/100|[from] Stealth Rock
|
|-weather|RainDance|[upkeep]
|-heal|p2a: Forretress|88/100|[from] item: Leftovers
|upkeep
|turn|29
|
|t:|1749301195
|move|p1a: Mamoswine|Substitute|p1a: Mamoswine
|-start|p1a: Mamoswine|Substitute
|-damage|p1a: Mamoswine|13/100
|move|p2a: Forretress|Rapid Spin|p1a: Mamoswine
|-activate|p1a: Mamoswine|Substitute|[damage]
|-sideend|p2: Jaajgko|Stealth Rock|[from] move: Rapid Spin|[of] p2a: Forretress
|
|-weather|RainDance|[upkeep]
|-heal|p2a: Forretress|94/100|[from] item: Leftovers
|upkeep
|turn|30
|
|t:|1749301198
|move|p1a: Mamoswine|Earthquake|p2a: Forretress
|-damage|p2a: Forretress|65/100
|move|p2a: Forretress|Earthquake|p1a: Mamoswine
|-end|p1a: Mamoswine|Substitute
|
|-weather|RainDance|[upkeep]
|-heal|p2a: Forretress|72/100|[from] item: Leftovers
|upkeep
|turn|31
|
|t:|1749301204
|move|p1a: Mamoswine|Icicle Crash|p2a: Forretress
|-resisted|p2a: Forretress
|-damage|p2a: Forretress|56/100
|cant|p2a: Forretress|flinch
|
|-weather|RainDance|[upkeep]
|-heal|p2a: Forretress|63/100|[from] item: Leftovers
|upkeep
|turn|32
|
|t:|1749301208
|move|p1a: Mamoswine|Earthquake|p2a: Forretress
|-damage|p2a: Forretress|28/100
|move|p2a: Forretress|Spikes|p1a: Mamoswine
|-sidestart|p1: woahhgh|Spikes
|
|-weather|RainDance|[upkeep]
|-heal|p2a: Forretress|35/100|[from] item: Leftovers
|upkeep
|turn|33
|
|t:|1749301212
|move|p1a: Mamoswine|Earthquake|p2a: Forretress
|-damage|p2a: Forretress|3/100
|move|p2a: Forretress|Earthquake|p1a: Mamoswine
|-damage|p1a: Mamoswine|0 fnt
|faint|p1a: Mamoswine
|
|-weather|RainDance|[upkeep]
|-heal|p2a: Forretress|10/100|[from] item: Leftovers
|upkeep
|
|t:|1749301215
|switch|p1a: Scizor|Scizor, F|23/100
|-damage|p1a: Scizor|10/100|[from] Stealth Rock
|-damage|p1a: Scizor|0 fnt|[from] Spikes
|faint|p1a: Scizor
|
|t:|1749301217
|switch|p1a: Politoed|Politoed, F|100/100
|-damage|p1a: Politoed|88/100|[from] Stealth Rock
|-damage|p1a: Politoed|75/100|[from] Spikes
|turn|34
|
|t:|1749301223
|move|p1a: Politoed|Scald|p2a: Forretress
|-damage|p2a: Forretress|0 fnt
|faint|p2a: Forretress
|
|-weather|RainDance|[upkeep]
|-heal|p1a: Politoed|82/100|[from] item: Leftovers
|upkeep
|
|t:|1749301224
|switch|p2a: Chansey|Chansey, F|60/100
|turn|35
|
|t:|1749301229
|move|p1a: Politoed|Protect|p1a: Politoed
|-singleturn|p1a: Politoed|Protect
|move|p2a: Chansey|Soft-Boiled|p2a: Chansey
|-heal|p2a: Chansey|100/100
|
|-weather|RainDance|[upkeep]
|-heal|p1a: Politoed|88/100|[from] item: Leftovers
|upkeep
|turn|36
|
|t:|1749301231
|switch|p2a: Slowbro|Slowbro, M|100/100
|move|p1a: Politoed|Encore||[still]
|-fail|p1a: Politoed
|
|-weather|RainDance|[upkeep]
|-heal|p1a: Politoed|94/100|[from] item: Leftovers
|upkeep
|turn|37
|
|t:|1749301234
|switch|p2a: Chansey|Chansey, F|100/100
|move|p1a: Politoed|Protect||[still]
|-fail|p1a: Politoed
|
|-weather|RainDance|[upkeep]
|-heal|p1a: Politoed|100/100|[from] item: Leftovers
|upkeep
|turn|38
|
|t:|1749301237
|move|p1a: Politoed|Perish Song|p1a: Politoed
|-start|p1a: Politoed|perish3|[silent]
|-start|p2a: Chansey|perish3|[silent]
|-fieldactivate|move: Perish Song
|move|p2a: Chansey|Toxic|p1a: Politoed
|-status|p1a: Politoed|tox
|
|-weather|RainDance|[upkeep]
|-damage|p1a: Politoed|94/100 tox|[from] psn
|-start|p1a: Politoed|perish3
|-start|p2a: Chansey|perish3
|upkeep
|turn|39
|
|t:|1749301241
|switch|p1a: Keldeo|Keldeo|88/100 tox
|-damage|p1a: Keldeo|82/100 tox|[from] Stealth Rock
|-damage|p1a: Keldeo|70/100 tox|[from] Spikes
|switch|p2a: Garchomp|Garchomp, M|100/100
|
|-weather|RainDance|[upkeep]
|-damage|p1a: Keldeo|63/100 tox|[from] psn
|upkeep
|turn|40
|
|t:|1749301243
|move|p2a: Garchomp|Protect|p2a: Garchomp
|-singleturn|p2a: Garchomp|Protect
|move|p1a: Keldeo|Hydro Pump|p2a: Garchomp
|-activate|p2a: Garchomp|move: Protect
|
|-weather|RainDance|[upkeep]
|-damage|p1a: Keldeo|51/100 tox|[from] psn
|upkeep
|turn|41
|
|t:|1749301250
|switch|p2a: Chansey|Chansey, F|100/100
|move|p1a: Keldeo|Hydro Pump|p2a: Chansey
|-damage|p2a: Chansey|54/100
|
|-weather|RainDance|[upkeep]
|-damage|p1a: Keldeo|32/100 tox|[from] psn
|upkeep
|turn|42
|
|t:|1749301254
|switch|p1a: Politoed|Politoed, F|94/100 tox
|-damage|p1a: Politoed|82/100 tox|[from] Stealth Rock
|-damage|p1a: Politoed|69/100 tox|[from] Spikes
|move|p2a: Chansey|Soft-Boiled|p2a: Chansey
|-heal|p2a: Chansey|100/100
|
|-weather|RainDance|[upkeep]
|-heal|p1a: Politoed|75/100 tox|[from] item: Leftovers
|-damage|p1a: Politoed|69/100 tox|[from] psn
|upkeep
|turn|43
|-message|woahhgh forfeited.
|
|win|Jaajgko
|raw|woahhgh's rating: 1308 &rarr; <strong>1294</strong><br />(-14 for losing)
|raw|Jaajgko's rating: 1425 &rarr; <strong>1439</strong><br />(+14 for winning)
|l|☆woahhgh
|player|p1|
|l|☆Jaajgko
|player|p2|
