|j|☆Radli9
|j|☆SLlFER
|player|p1|Radli9|candice|1392
|player|p2|SLlFER|boarder|1267
|teamsize|p1|6
|teamsize|p2|6
|gametype|singles
|gen|5
|tier|[Gen 5] OU
|rated|
|clearpoke
|poke|p1|Forretress, F|item
|poke|p1|Scizor, M|item
|poke|p1|Magnezone|item
|poke|p1|Kyurem-Black|item
|poke|p1|Mamoswine, M|item
|poke|p1|Latios, M|item
|poke|p2|Politoed, M|item
|poke|p2|Starmie|item
|poke|p2|Ferrothorn, M|item
|poke|p2|Toxicroak, M|item
|poke|p2|Latios, M|item
|poke|p2|Gyarados, M|item
|rule|Species Clause: Limit one of each Pokémon
|rule|OHKO Clause: OHKO moves are banned
|rule|Moody Clause: Moody is banned
|rule|Evasion Moves Clause: Evasion moves are banned
|rule|Endless Battle Clause: Forcing endless battles is banned
|rule|HP Percentage Mod: HP is shown in percentages
|rule|Evasion Abilities Clause: Evasion abilities are banned
|rule|Baton Pass Clause: Limit one Baton Passer, can't pass Spe and other stats simultaneously
|rule|Sleep Clause: Sleep-inducing moves are banned
|rule|Swagger Clause: Swagger is banned
|teampreview
|inactive|Battle timer is ON: inactive players will automatically lose when time's up. (requested by Radli9)
|inactive|SLlFER has 120 seconds left.
|
|start
|switch|p1a: Forretress|Forretress, F|100/100
|switch|p2a: Gyarados|Gyarados, M|100/100
|-ability|p2a: Gyarados|Intimidate|boost
|-unboost|p1a: Forretress|atk|1
|turn|1
|
|move|p2a: Gyarados|Substitute|p2a: Gyarados
|-start|p2a: Gyarados|Substitute
|-damage|p2a: Gyarados|76/100
|move|p1a: Forretress|Stealth Rock|p2a: Gyarados
|-sidestart|p2: SLlFER|move: Stealth Rock
|
|-heal|p2a: Gyarados|82/100|[from] item: Leftovers
|upkeep
|turn|2
|
|switch|p1a: Magnezone|Magnezone|100/100
|move|p2a: Gyarados|Dragon Dance|p2a: Gyarados
|-boost|p2a: Gyarados|atk|1
|-boost|p2a: Gyarados|spe|1
|
|-heal|p2a: Gyarados|88/100|[from] item: Leftovers
|upkeep
|turn|3
|
|move|p2a: Gyarados|Waterfall|p1a: Magnezone
|-damage|p1a: Magnezone|33/100
|move|p1a: Magnezone|Thunderbolt|p2a: Gyarados
|-supereffective|p2a: Gyarados
|-end|p2a: Gyarados|Substitute
|
|-heal|p2a: Gyarados|94/100|[from] item: Leftovers
|upkeep
|turn|4
|
|move|p2a: Gyarados|Waterfall|p1a: Magnezone
|-damage|p1a: Magnezone|0 fnt
|faint|p1a: Magnezone
|
|-heal|p2a: Gyarados|100/100|[from] item: Leftovers
|upkeep
|
|switch|p1a: Latios|Latios, M|100/100
|turn|5
|
|switch|p2a: Ferrothorn|Ferrothorn, M|100/100
|-damage|p2a: Ferrothorn|94/100|[from] Stealth Rock
|move|p1a: Latios|Draco Meteor|p2a: Ferrothorn
|-resisted|p2a: Ferrothorn
|-damage|p2a: Ferrothorn|52/100
|-unboost|p1a: Latios|spa|2
|
|-heal|p2a: Ferrothorn|58/100|[from] item: Leftovers
|upkeep
|turn|6
|
|switch|p1a: Scizor|Scizor, M|100/100
|move|p2a: Ferrothorn|Leech Seed|p1a: Scizor
|-start|p1a: Scizor|move: Leech Seed
|
|-heal|p2a: Ferrothorn|64/100|[from] item: Leftovers
|-damage|p1a: Scizor|88/100|[from] Leech Seed|[of] p2a: Ferrothorn
|-heal|p2a: Ferrothorn|76/100|[silent]
|upkeep
|turn|7
|
|switch|p2a: Starmie|Starmie|100/100
|-damage|p2a: Starmie|88/100|[from] Stealth Rock
|move|p1a: Scizor|Superpower|p2a: Starmie
|-resisted|p2a: Starmie
|-damage|p2a: Starmie|41/100
|-unboost|p1a: Scizor|atk|1
|-unboost|p1a: Scizor|def|1
|
|-heal|p2a: Starmie|47/100|[from] item: Leftovers
|-damage|p1a: Scizor|75/100|[from] Leech Seed|[of] p2a: Starmie
|-heal|p2a: Starmie|63/100|[silent]
|upkeep
|turn|8
|
|switch|p1a: Kyurem|Kyurem-Black|100/100
|-ability|p1a: Kyurem|Teravolt
|move|p2a: Starmie|Rapid Spin|p1a: Kyurem
|-crit|p1a: Kyurem
|-damage|p1a: Kyurem|94/100
|-sideend|p2: SLlFER|Stealth Rock|[from] move: Rapid Spin|[of] p2a: Starmie
|
|-heal|p2a: Starmie|69/100|[from] item: Leftovers
|upkeep
|turn|9
|
|switch|p2a: Ferrothorn|Ferrothorn, M|76/100
|move|p1a: Kyurem|Fusion Bolt|p2a: Ferrothorn
|-resisted|p2a: Ferrothorn
|-damage|p2a: Ferrothorn|62/100
|
|-heal|p2a: Ferrothorn|69/100|[from] item: Leftovers
|upkeep
|turn|10
|
|switch|p1a: Scizor|Scizor, M|75/100
|move|p2a: Ferrothorn|Leech Seed|p1a: Scizor
|-start|p1a: Scizor|move: Leech Seed
|
|-heal|p2a: Ferrothorn|75/100|[from] item: Leftovers
|-damage|p1a: Scizor|63/100|[from] Leech Seed|[of] p2a: Ferrothorn
|-heal|p2a: Ferrothorn|87/100|[silent]
|upkeep
|turn|11
|
|switch|p2a: Gyarados|Gyarados, M|100/100
|-ability|p2a: Gyarados|Intimidate|boost
|-unboost|p1a: Scizor|atk|1
|move|p1a: Scizor|U-turn|p2a: Gyarados
|-resisted|p2a: Gyarados
|-damage|p2a: Gyarados|75/100
|
|switch|p1a: Latios|Latios, M|100/100|[from]move: U-turn
|
|-heal|p2a: Gyarados|81/100|[from] item: Leftovers
|upkeep
|turn|12
|j| asdafdas
|
|switch|p2a: Ferrothorn|Ferrothorn, M|87/100
|move|p1a: Latios|Hidden Power|p2a: Ferrothorn
|-supereffective|p2a: Ferrothorn
|-damage|p2a: Ferrothorn|0 fnt
|faint|p2a: Ferrothorn
|
|upkeep
|
|switch|p2a: Politoed|Politoed, M|100/100
|-weather|RainDance|[from] ability: Drizzle|[of] p2a: Politoed
|turn|13
|
|switch|p1a: Forretress|Forretress, F|100/100
|move|p2a: Politoed|Scald|p1a: Forretress
|-damage|p1a: Forretress|24/100
|
|-weather|RainDance|[upkeep]
|-heal|p1a: Forretress|30/100|[from] item: Leftovers
|upkeep
|turn|14
|
|move|p2a: Politoed|Scald|p1a: Forretress
|-damage|p1a: Forretress|0 fnt
|faint|p1a: Forretress
|
|-weather|RainDance|[upkeep]
|upkeep
|
|switch|p1a: Kyurem|Kyurem-Black|94/100
|-ability|p1a: Kyurem|Teravolt
|turn|15
|
|move|p1a: Kyurem|Fusion Bolt|p2a: Politoed
|-supereffective|p2a: Politoed
|-damage|p2a: Politoed|0 fnt
|faint|p2a: Politoed
|
|-weather|RainDance|[upkeep]
|upkeep
|
|switch|p2a: Latios|Latios, M|100/100
|turn|16
|
|switch|p1a: Scizor|Scizor, M|63/100
|move|p2a: Latios|Draco Meteor|p1a: Scizor
|-resisted|p1a: Scizor
|-damage|p1a: Scizor|18/100
|-unboost|p2a: Latios|spa|2
|
|-weather|RainDance|[upkeep]
|upkeep
|turn|17
|
|switch|p2a: Gyarados|Gyarados, M|81/100
|-ability|p2a: Gyarados|Intimidate|boost
|-unboost|p1a: Scizor|atk|1
|move|p1a: Scizor|Bullet Punch|p2a: Gyarados
|-resisted|p2a: Gyarados
|-damage|p2a: Gyarados|60/100
|
|-weather|RainDance|[upkeep]
|-heal|p2a: Gyarados|67/100|[from] item: Leftovers
|upkeep
|turn|18
|
|switch|p1a: Kyurem|Kyurem-Black|94/100
|-ability|p1a: Kyurem|Teravolt
|move|p2a: Gyarados|Substitute|p2a: Gyarados
|-start|p2a: Gyarados|Substitute
|-damage|p2a: Gyarados|42/100
|
|-weather|RainDance|[upkeep]
|-heal|p2a: Gyarados|48/100|[from] item: Leftovers
|upkeep
|turn|19
|
|move|p1a: Kyurem|Fusion Bolt|p2a: Gyarados
|-supereffective|p2a: Gyarados
|-end|p2a: Gyarados|Substitute
|move|p2a: Gyarados|Bounce||[still]
|-prepare|p2a: Gyarados|Bounce|p1a: Kyurem
|
|-weather|RainDance|[upkeep]
|-heal|p2a: Gyarados|54/100|[from] item: Leftovers
|upkeep
|turn|20
|
|switch|p1a: Scizor|Scizor, M|18/100
|move|p2a: Gyarados|Bounce|p1a: Scizor|[from]lockedmove
|-damage|p1a: Scizor|0 fnt
|faint|p1a: Scizor
|
|-weather|RainDance|[upkeep]
|-heal|p2a: Gyarados|60/100|[from] item: Leftovers
|upkeep
|
|switch|p1a: Kyurem|Kyurem-Black|94/100
|-ability|p1a: Kyurem|Teravolt
|turn|21
|inactive|SLlFER has 120 seconds left.
|inactive|SLlFER has 90 seconds left.
|
|move|p1a: Kyurem|Dragon Claw|p2a: Gyarados
|-damage|p2a: Gyarados|0 fnt
|faint|p2a: Gyarados
|
|-weather|RainDance|[upkeep]
|upkeep
|inactive|SLlFER has 90 seconds left.
|
|switch|p2a: Latios|Latios, M|100/100
|turn|22
|
|move|p2a: Latios|Draco Meteor|p1a: Kyurem
|-supereffective|p1a: Kyurem
|-damage|p1a: Kyurem|0 fnt
|-unboost|p2a: Latios|spa|2
|faint|p1a: Kyurem
|
|-weather|RainDance|[upkeep]
|upkeep
|
|switch|p1a: Mamoswine|Mamoswine, M|100/100
|turn|23
|
|switch|p2a: Starmie|Starmie|69/100
|move|p1a: Mamoswine|Ice Shard|p2a: Starmie
|-resisted|p2a: Starmie
|-damage|p2a: Starmie|48/100
|
|-weather|RainDance|[upkeep]
|-heal|p2a: Starmie|54/100|[from] item: Leftovers
|upkeep
|turn|24
|
|switch|p1a: Latios|Latios, M|100/100
|move|p2a: Starmie|Hydro Pump|p1a: Latios|[miss]
|-miss|p2a: Starmie|p1a: Latios
|
|-weather|RainDance|[upkeep]
|-heal|p2a: Starmie|60/100|[from] item: Leftovers
|upkeep
|turn|25
|inactive|SLlFER has 120 seconds left.
|
|move|p2a: Starmie|Ice Beam|p1a: Latios
|-supereffective|p1a: Latios
|-damage|p1a: Latios|46/100
|move|p1a: Latios|Draco Meteor|p2a: Starmie
|-damage|p2a: Starmie|0 fnt
|-unboost|p1a: Latios|spa|2
|faint|p2a: Starmie
|
|-weather|RainDance|[upkeep]
|upkeep
|
|switch|p2a: Toxicroak|Toxicroak, M|100/100
|turn|26
|
|switch|p1a: Mamoswine|Mamoswine, M|100/100
|move|p2a: Toxicroak|Substitute|p2a: Toxicroak
|-start|p2a: Toxicroak|Substitute
|-damage|p2a: Toxicroak|75/100
|
|-weather|RainDance|[upkeep]
|-heal|p2a: Toxicroak|88/100|[from] ability: Dry Skin
|upkeep
|turn|27
|
|-singleturn|p2a: Toxicroak|move: Focus Punch
|move|p1a: Mamoswine|Earthquake|p2a: Toxicroak
|-supereffective|p2a: Toxicroak
|-end|p2a: Toxicroak|Substitute
|move|p2a: Toxicroak|Focus Punch|p1a: Mamoswine
|-supereffective|p1a: Mamoswine
|-damage|p1a: Mamoswine|0 fnt
|-damage|p2a: Toxicroak|78/100|[from] item: Life Orb
|faint|p1a: Mamoswine
|
|-weather|RainDance|[upkeep]
|-heal|p2a: Toxicroak|91/100|[from] ability: Dry Skin
|upkeep
|
|switch|p1a: Latios|Latios, M|46/100
|turn|28
|
|move|p2a: Toxicroak|Sucker Punch|p1a: Latios
|-supereffective|p1a: Latios
|-damage|p1a: Latios|0 fnt
|-damage|p2a: Toxicroak|81/100|[from] item: Life Orb
|faint|p1a: Latios
|
|win|SLlFER
|c|☆SLlFER|gg
|l|☆Radli9
|raw|Radli9's rating: 1392 &rarr; <strong>1365</strong><br />(-27 for losing)
|raw|SLlFER's rating: 1267 &rarr; <strong>1301</strong><br />(+34 for winning)
