|uhtml|medal-msg|<div class="broadcast-blue">Curious what those medals under the avatar are? PS now has Ladder Seasons! For more information, check out the <a href="https://www.smogon.com/forums/threads/3740067/">thread on Smogon.</a></div>
|uhtml|medal-msg|<div class="broadcast-blue">Curious what those medals under the avatar are? PS now has Ladder Seasons! For more information, check out the <a href="https://www.smogon.com/forums/threads/3740067/">thread on Smogon.</a></div>
|j|☆estalos
|j|☆LeafStoned
|t:|1713757550
|gametype|singles
|player|p1|estalos|170|1334
|player|p2|LeafStoned|2|1352
|teamsize|p1|6
|teamsize|p2|6
|gen|5
|tier|[Gen 5] OU
|rated|
|rule|Species Clause: Limit one of each Pokémon
|rule|OHKO Clause: OHKO moves are banned
|rule|Moody Clause: Moody is banned
|rule|Evasion Items Clause: Evasion items are banned
|rule|Evasion Moves Clause: Evasion moves are banned
|rule|Endless Battle Clause: Forcing endless battles is banned
|rule|HP Percentage Mod: HP is shown in percentages
|rule|Evasion Abilities Clause: Evasion abilities are banned
|rule|Sleep Moves Clause: Sleep-inducing moves are banned
|rule|Swagger Clause: Swagger is banned
|rule|Baton Pass Stat Clause: No Baton Passer may have a way to boost its stats
|clearpoke
|poke|p1|Cloyster, M|item
|poke|p1|Skarmory, F|item
|poke|p1|Starmie|item
|poke|p1|Scizor, F|item
|poke|p1|Volcarona, F|item
|poke|p1|Landorus-Therian, M|item
|poke|p2|Abomasnow, M|item
|poke|p2|Starmie|item
|poke|p2|Gliscor, M|item
|poke|p2|Dusclops, M|item
|poke|p2|Volcarona, F|item
|poke|p2|Clefable, M|item
|teampreview
|
|t:|1713757573
|start
|switch|p1a: Skarmory|Skarmory, F|100/100
|switch|p2a: Starmie|Starmie|100/100
|turn|1
|
|t:|1713757577
|move|p2a: Starmie|Reflect|p2a: Starmie
|-sidestart|p2: LeafStoned|Reflect
|move|p1a: Skarmory|Stealth Rock|p2a: Starmie
|-sidestart|p2: LeafStoned|move: Stealth Rock
|
|upkeep
|turn|2
|
|t:|1713757583
|switch|p1a: Volcarona|Volcarona, F|100/100
|move|p2a: Starmie|Scald|p1a: Volcarona
|-supereffective|p1a: Volcarona
|-damage|p1a: Volcarona|48/100
|
|upkeep
|turn|3
|
|t:|1713757590
|switch|p1a: Starmie|Starmie|100/100
|-item|p1a: Starmie|Air Balloon
|move|p2a: Starmie|Scald|p1a: Starmie
|-resisted|p1a: Starmie
|-damage|p1a: Starmie|81/100
|-enditem|p1a: Starmie|Air Balloon
|
|upkeep
|turn|4
|
|t:|1713757596
|switch|p2a: Clefable|Clefable, M|100/100
|move|p1a: Starmie|Thunderbolt|p2a: Clefable
|-damage|p2a: Clefable|76/100
|
|-heal|p2a: Clefable|82/100|[from] item: Leftovers
|upkeep
|turn|5
|
|t:|1713757613
|switch|p1a: Landorus|Landorus-Therian, M|100/100
|-ability|p1a: Landorus|Intimidate|boost
|-unboost|p2a: Clefable|atk|1
|move|p2a: Clefable|Seismic Toss|p1a: Landorus
|-damage|p1a: Landorus|70/100
|
|-heal|p2a: Clefable|88/100|[from] item: Leftovers
|-sideend|p2: LeafStoned|Reflect
|upkeep
|turn|6
|inactive|Battle timer is ON: inactive players will automatically lose when time's up. (requested by LeafStoned)
|
|t:|1713757621
|switch|p2a: Gliscor|Gliscor, M|100/100
|-damage|p2a: Gliscor|88/100|[from] Stealth Rock
|move|p1a: Landorus|Swords Dance|p1a: Landorus
|-boost|p1a: Landorus|atk|2
|
|-status|p2a: Gliscor|tox|[from] item: Toxic Orb
|upkeep
|turn|7
|
|t:|1713757631
|move|p1a: Landorus|Stone Edge|p2a: Gliscor
|-damage|p2a: Gliscor|40/100 tox
|move|p2a: Gliscor|U-turn|p1a: Landorus
|-resisted|p1a: Landorus
|-damage|p1a: Landorus|61/100
|
|t:|1713757637
|switch|p2a: Abomasnow|Abomasnow, M|100/100|[from] U-turn
|-damage|p2a: Abomasnow|76/100|[from] Stealth Rock
|-weather|Hail|[from] ability: Snow Warning|[of] p2a: Abomasnow
|
|-weather|Hail|[upkeep]
|-damage|p1a: Landorus|54/100|[from] Hail
|upkeep
|turn|8
|
|t:|1713757639
|move|p2a: Abomasnow|Ice Shard|p1a: Landorus
|-supereffective|p1a: Landorus
|-damage|p1a: Landorus|0 fnt
|faint|p1a: Landorus
|
|-weather|Hail|[upkeep]
|upkeep
|
|t:|1713757642
|switch|p1a: Scizor|Scizor, F|100/100
|turn|9
|
|t:|1713757653
|-activate|p2a: Abomasnow|move: Pursuit
|move|p1a: Scizor|Pursuit|p2a: Abomasnow|[from]Pursuit
|-crit|p2a: Abomasnow
|-damage|p2a: Abomasnow|0 fnt
|faint|p2a: Abomasnow
|-damage|p1a: Scizor|91/100|[from] item: Life Orb
|-hint|A Pokemon can't switch between when it runs out of HP and when it faints
|
|-weather|Hail|[upkeep]
|-damage|p1a: Scizor|84/100|[from] Hail
|upkeep
|
|t:|1713757662
|switch|p2a: Starmie|Starmie|100/100
|-damage|p2a: Starmie|88/100|[from] Stealth Rock
|turn|10
|
|t:|1713757667
|move|p2a: Starmie|Reflect|p2a: Starmie
|-sidestart|p2: LeafStoned|Reflect
|move|p1a: Scizor|Pursuit|p2a: Starmie
|-supereffective|p2a: Starmie
|-damage|p2a: Starmie|57/100
|-damage|p1a: Scizor|75/100|[from] item: Life Orb
|
|-weather|Hail|[upkeep]
|-damage|p2a: Starmie|51/100|[from] Hail
|-damage|p1a: Scizor|68/100|[from] Hail
|-heal|p2a: Starmie|57/100|[from] item: Leftovers
|upkeep
|turn|11
|
|t:|1713757673
|move|p2a: Starmie|Scald|p1a: Scizor
|-damage|p1a: Scizor|32/100
|move|p1a: Scizor|Pursuit|p2a: Starmie
|-supereffective|p2a: Starmie
|-damage|p2a: Starmie|26/100
|-damage|p1a: Scizor|22/100|[from] item: Life Orb
|
|-weather|Hail|[upkeep]
|-damage|p2a: Starmie|20/100|[from] Hail
|-damage|p1a: Scizor|16/100|[from] Hail
|-heal|p2a: Starmie|26/100|[from] item: Leftovers
|upkeep
|turn|12
|
|t:|1713757679
|move|p1a: Scizor|Bullet Punch|p2a: Starmie
|-resisted|p2a: Starmie
|-damage|p2a: Starmie|15/100
|-damage|p1a: Scizor|6/100|[from] item: Life Orb
|move|p2a: Starmie|Recover|p2a: Starmie
|-heal|p2a: Starmie|65/100
|
|-weather|Hail|[upkeep]
|-damage|p2a: Starmie|59/100|[from] Hail
|-damage|p1a: Scizor|0 fnt|[from] Hail
|faint|p1a: Scizor
|-heal|p2a: Starmie|65/100|[from] item: Leftovers
|upkeep
|
|t:|1713757685
|switch|p1a: Starmie|Starmie|81/100
|turn|13
|
|t:|1713757700
|switch|p2a: Clefable|Clefable, M|88/100
|move|p1a: Starmie|Thunderbolt|p2a: Clefable
|-crit|p2a: Clefable
|-damage|p2a: Clefable|42/100
|
|-weather|Hail|[upkeep]
|-damage|p1a: Starmie|75/100|[from] Hail
|-heal|p2a: Clefable|48/100|[from] item: Leftovers
|upkeep
|turn|14
|
|t:|1713757705
|move|p1a: Starmie|Hydro Pump|p2a: Clefable
|-damage|p2a: Clefable|12/100
|move|p2a: Clefable|Soft-Boiled|p2a: Clefable
|-heal|p2a: Clefable|62/100
|
|-weather|Hail|[upkeep]
|-damage|p1a: Starmie|69/100|[from] Hail
|-heal|p2a: Clefable|68/100|[from] item: Leftovers
|-sideend|p2: LeafStoned|Reflect
|upkeep
|turn|15
|
|t:|1713757710
|switch|p1a: Skarmory|Skarmory, F|100/100
|move|p2a: Clefable|Soft-Boiled|p2a: Clefable
|-heal|p2a: Clefable|100/100
|
|-weather|Hail|[upkeep]
|-damage|p1a: Skarmory|95/100|[from] Hail
|upkeep
|turn|16
|
|t:|1713757715
|move|p1a: Skarmory|Spikes|p2a: Clefable
|-sidestart|p2: LeafStoned|Spikes
|move|p2a: Clefable|Thunder Wave|p1a: Skarmory
|-status|p1a: Skarmory|par
|
|-weather|Hail|[upkeep]
|-damage|p1a: Skarmory|89/100 par|[from] Hail
|upkeep
|turn|17
|
|t:|1713757720
|move|p2a: Clefable|Knock Off|p1a: Skarmory
|-resisted|p1a: Skarmory
|-damage|p1a: Skarmory|87/100 par
|-enditem|p1a: Skarmory|Custap Berry|[from] move: Knock Off|[of] p2a: Clefable
|move|p1a: Skarmory|Brave Bird|p2a: Clefable
|-crit|p2a: Clefable
|-damage|p2a: Clefable|0 fnt
|faint|p2a: Clefable
|-damage|p1a: Skarmory|39/100 par|[from] Recoil
|
|-weather|Hail|[upkeep]
|-damage|p1a: Skarmory|33/100 par|[from] Hail
|upkeep
|
|t:|1713757725
|switch|p2a: Starmie|Starmie|65/100
|-damage|p2a: Starmie|53/100|[from] Stealth Rock
|-damage|p2a: Starmie|40/100|[from] Spikes
|turn|18
|
|t:|1713757730
|move|p2a: Starmie|Rapid Spin|p1a: Skarmory
|-resisted|p1a: Skarmory
|-crit|p1a: Skarmory
|-damage|p1a: Skarmory|30/100 par
|-sideend|p2: LeafStoned|Spikes|[from] move: Rapid Spin|[of] p2a: Starmie
|-sideend|p2: LeafStoned|Stealth Rock|[from] move: Rapid Spin|[of] p2a: Starmie
|move|p1a: Skarmory|Brave Bird|p2a: Starmie
|-damage|p2a: Starmie|0 fnt
|faint|p2a: Starmie
|-damage|p1a: Skarmory|15/100 par|[from] Recoil
|
|-weather|Hail|[upkeep]
|-damage|p1a: Skarmory|9/100 par|[from] Hail
|upkeep
|
|t:|1713757742
|switch|p2a: Volcarona|Volcarona, F|100/100
|turn|19
|
|t:|1713757768
|switch|p2a: Gliscor|Gliscor, M|40/100 tox
|move|p1a: Skarmory|Brave Bird|p2a: Gliscor
|-damage|p2a: Gliscor|12/100 tox
|-damage|p1a: Skarmory|0 fnt|[from] Recoil
|faint|p1a: Skarmory
|
|-weather|Hail|[upkeep]
|-damage|p2a: Gliscor|6/100 tox|[from] Hail
|-heal|p2a: Gliscor|19/100 tox|[from] ability: Poison Heal
|upkeep
|
|t:|1713757774
|switch|p1a: Starmie|Starmie|69/100
|turn|20
|
|t:|1713757779
|switch|p1a: Volcarona|Volcarona, F|48/100
|switch|p2a: Dusclops|Dusclops, M|100/100
|-ability|p2a: Dusclops|Pressure
|
|-weather|Hail|[upkeep]
|-damage|p1a: Volcarona|42/100|[from] Hail
|-damage|p2a: Dusclops|94/100|[from] Hail
|upkeep
|turn|21
|
|t:|1713757785
|move|p1a: Volcarona|Quiver Dance|p1a: Volcarona
|-boost|p1a: Volcarona|spa|1
|-boost|p1a: Volcarona|spd|1
|-boost|p1a: Volcarona|spe|1
|move|p2a: Dusclops|Night Shade|p1a: Volcarona
|-damage|p1a: Volcarona|11/100
|
|-weather|Hail|[upkeep]
|-damage|p1a: Volcarona|5/100|[from] Hail
|-damage|p2a: Dusclops|88/100|[from] Hail
|upkeep
|turn|22
|
|t:|1713757788
|move|p1a: Volcarona|Fire Blast|p2a: Dusclops|[miss]
|-miss|p1a: Volcarona|p2a: Dusclops
|move|p2a: Dusclops|Confuse Ray|p1a: Volcarona
|-start|p1a: Volcarona|confusion
|
|-weather|Hail|[upkeep]
|-damage|p1a: Volcarona|0 fnt|[from] Hail
|-damage|p2a: Dusclops|82/100|[from] Hail
|faint|p1a: Volcarona
|upkeep
|
|t:|1713757791
|switch|p1a: Cloyster|Cloyster, M|100/100
|turn|23
|l|☆LeafStoned
|inactive|LeafStoned disconnected and has a minute to reconnect!
|player|p2|
|j|☆LeafStoned
|inactive|LeafStoned reconnected and has 140 seconds left.
|player|p2|LeafStoned|2|
|
|t:|1713757814
|move|p1a: Cloyster|Shell Smash|p1a: Cloyster
|-unboost|p1a: Cloyster|def|1
|-unboost|p1a: Cloyster|spd|1
|-boost|p1a: Cloyster|atk|2
|-boost|p1a: Cloyster|spa|2
|-boost|p1a: Cloyster|spe|2
|move|p2a: Dusclops|Confuse Ray|p1a: Cloyster
|-start|p1a: Cloyster|confusion
|
|-weather|Hail|[upkeep]
|-damage|p2a: Dusclops|76/100|[from] Hail
|upkeep
|turn|24
|
|t:|1713757818
|-activate|p1a: Cloyster|confusion
|move|p1a: Cloyster|Icicle Spear|p2a: Dusclops
|-damage|p2a: Dusclops|59/100
|-damage|p2a: Dusclops|41/100
|-damage|p2a: Dusclops|24/100
|-damage|p2a: Dusclops|9/100
|-crit|p2a: Dusclops
|-damage|p2a: Dusclops|0 fnt
|faint|p2a: Dusclops
|-hitcount|p2: Dusclops|5
|
|-weather|Hail|[upkeep]
|upkeep
|
|t:|1713757823
|switch|p2a: Volcarona|Volcarona, F|100/100
|turn|25
|
|t:|1713757845
|-activate|p1a: Cloyster|confusion
|-damage|p1a: Cloyster|69/100|[from] confusion
|move|p2a: Volcarona|Quiver Dance|p2a: Volcarona
|-boost|p2a: Volcarona|spa|1
|-boost|p2a: Volcarona|spd|1
|-boost|p2a: Volcarona|spe|1
|
|-weather|Hail|[upkeep]
|-damage|p2a: Volcarona|94/100|[from] Hail
|upkeep
|turn|26
|
|t:|1713757848
|-activate|p1a: Cloyster|confusion
|move|p1a: Cloyster|Rock Blast|p2a: Volcarona
|-supereffective|p2a: Volcarona
|-damage|p2a: Volcarona|11/100
|-supereffective|p2a: Volcarona
|-damage|p2a: Volcarona|0 fnt
|faint|p2a: Volcarona
|-hitcount|p2: Volcarona|2
|
|-weather|Hail|[upkeep]
|upkeep
|
|t:|1713757852
|switch|p2a: Gliscor|Gliscor, M|19/100 tox
|turn|27
|-message|LeafStoned forfeited.
|
|win|estalos
|raw|estalos's rating: 1334 &rarr; <strong>1355</strong><br />(+21 for winning)
|raw|LeafStoned's rating: 1352 &rarr; <strong>1331</strong><br />(-21 for losing)
|l|☆LeafStoned
|player|p2|
