|j|☆yaozu
|j|☆Claude's Journey
|t:|1746552718
|gametype|singles
|player|p1|yaozu|greta|1274
|player|p2|Claude's Journey|lass-gen1rb|1323
|teamsize|p1|6
|teamsize|p2|6
|gen|5
|tier|[Gen 5] OU
|rated|
|rule|Species Clause: Limit one of each Pokémon
|rule|OHKO Clause: OHKO moves are banned
|rule|Moody Clause: Moody is banned
|rule|Evasion Items Clause: Evasion items are banned
|rule|Evasion Moves Clause: Evasion moves are banned
|rule|Endless Battle Clause: Forcing endless battles is banned
|rule|HP Percentage Mod: HP is shown in percentages
|rule|Evasion Abilities Clause: Evasion abilities are banned
|rule|Sleep Moves Clause: Sleep-inducing moves are banned
|rule|Swagger Clause: Swagger is banned
|rule|Baton Pass Stat Clause: No Baton Passer may have a way to boost its stats
|clearpoke
|poke|p1|Terrakion|item
|poke|p1|Keldeo|item
|poke|p1|Tyranitar, M|item
|poke|p1|Landorus-Therian, M|item
|poke|p1|Jellicent, M|item
|poke|p1|Alakazam, F|item
|poke|p2|Politoed, F|item
|poke|p2|Ferrothorn, F|item
|poke|p2|Volcarona, F|item
|poke|p2|Excadrill, M|item
|poke|p2|Latios, M|item
|poke|p2|Azumarill, F|item
|teampreview
|
|t:|1746552739
|start
|switch|p1a: Tyranitar|Tyranitar, M|100/100
|switch|p2a: Politoed|Politoed, F|100/100
|-weather|RainDance|[from] ability: Drizzle|[of] p2a: Politoed
|-weather|Sandstorm|[from] ability: Sand Stream|[of] p1a: Tyranitar
|turn|1
|
|t:|1746552796
|move|p2a: Politoed|Protect|p2a: Politoed
|-singleturn|p2a: Politoed|Protect
|move|p1a: Tyranitar|Pursuit|p2a: Politoed
|-activate|p2a: Politoed|move: Protect
|
|-weather|Sandstorm|[upkeep]
|-damage|p2a: Politoed|94/100|[from] Sandstorm
|-heal|p2a: Politoed|100/100|[from] item: Leftovers
|upkeep
|turn|2
|
|t:|1746552807
|move|p2a: Politoed|Encore|p1a: Tyranitar
|-start|p1a: Tyranitar|Encore
|move|p1a: Tyranitar|Pursuit|p2a: Politoed
|-damage|p2a: Politoed|87/100
|
|-weather|Sandstorm|[upkeep]
|-damage|p2a: Politoed|81/100|[from] Sandstorm
|-heal|p2a: Politoed|87/100|[from] item: Leftovers
|upkeep
|turn|3
|
|t:|1746552810
|switch|p1a: Jellicent|Jellicent, M, shiny|100/100
|move|p2a: Politoed|Scald|p1a: Jellicent
|-immune|p1a: Jellicent|[from] ability: Water Absorb
|
|-weather|Sandstorm|[upkeep]
|-damage|p2a: Politoed|81/100|[from] Sandstorm
|-damage|p1a: Jellicent|94/100|[from] Sandstorm
|-heal|p2a: Politoed|87/100|[from] item: Leftovers
|-heal|p1a: Jellicent|100/100|[from] item: Leftovers
|upkeep
|turn|4
|
|t:|1746552835
|switch|p2a: Ferrothorn|Ferrothorn, F|100/100
|move|p1a: Jellicent|Will-O-Wisp|p2a: Ferrothorn
|-status|p2a: Ferrothorn|brn
|-enditem|p2a: Ferrothorn|Lum Berry|[eat]
|-curestatus|p2a: Ferrothorn|brn|[msg]
|
|-weather|Sandstorm|[upkeep]
|-damage|p1a: Jellicent|94/100|[from] Sandstorm
|-heal|p1a: Jellicent|100/100|[from] item: Leftovers
|upkeep
|turn|5
|
|t:|1746552841
|move|p1a: Jellicent|Taunt|p2a: Ferrothorn
|-start|p2a: Ferrothorn|move: Taunt
|cant|p2a: Ferrothorn|move: Taunt|Stealth Rock
|
|-weather|Sandstorm|[upkeep]
|-damage|p1a: Jellicent|94/100|[from] Sandstorm
|-heal|p1a: Jellicent|100/100|[from] item: Leftovers
|upkeep
|turn|6
|
|t:|1746552844
|move|p1a: Jellicent|Will-O-Wisp|p2a: Ferrothorn
|-status|p2a: Ferrothorn|brn
|move|p2a: Ferrothorn|Power Whip|p1a: Jellicent
|-supereffective|p1a: Jellicent
|-damage|p1a: Jellicent|71/100
|
|-weather|Sandstorm|[upkeep]
|-damage|p1a: Jellicent|65/100|[from] Sandstorm
|-heal|p1a: Jellicent|71/100|[from] item: Leftovers
|-damage|p2a: Ferrothorn|88/100 brn|[from] brn
|upkeep
|turn|7
|
|t:|1746552860
|switch|p1a: Alakazam|Alakazam, F|100/100
|move|p2a: Ferrothorn|Power Whip|p1a: Alakazam
|-damage|p1a: Alakazam|47/100
|
|-weather|Sandstorm|[upkeep]
|-damage|p2a: Ferrothorn|75/100 brn|[from] brn
|-end|p2a: Ferrothorn|move: Taunt
|upkeep
|turn|8
|
|t:|1746552879
|move|p1a: Alakazam|Hidden Power|p2a: Ferrothorn
|-supereffective|p2a: Ferrothorn
|-damage|p2a: Ferrothorn|4/100 brn
|move|p2a: Ferrothorn|Power Whip|p1a: Alakazam
|-damage|p1a: Alakazam|0 fnt
|faint|p1a: Alakazam
|
|-weather|Sandstorm|[upkeep]
|-damage|p2a: Ferrothorn|0 fnt|[from] brn
|faint|p2a: Ferrothorn
|upkeep
|
|t:|1746552892
|switch|p1a: Terrakion|Terrakion|100/100
|switch|p2a: Azumarill|Azumarill, F|100/100
|turn|9
|
|t:|1746552913
|move|p1a: Terrakion|Close Combat|p2a: Azumarill
|-damage|p2a: Azumarill|1/100
|-unboost|p1a: Terrakion|def|1
|-unboost|p1a: Terrakion|spd|1
|-damage|p1a: Terrakion|91/100|[from] item: Life Orb
|move|p2a: Azumarill|Aqua Tail|p1a: Terrakion
|-supereffective|p1a: Terrakion
|-damage|p1a: Terrakion|0 fnt
|faint|p1a: Terrakion
|
|-weather|Sandstorm|[upkeep]
|-damage|p2a: Azumarill|0 fnt|[from] Sandstorm
|faint|p2a: Azumarill
|upkeep
|
|t:|1746552926
|switch|p1a: Keldeo|Keldeo|100/100
|switch|p2a: Latios|Latios, M|100/100
|turn|10
|
|t:|1746552930
|switch|p1a: Tyranitar|Tyranitar, M|100/100
|move|p2a: Latios|Draco Meteor|p1a: Tyranitar
|-damage|p1a: Tyranitar|69/100
|-unboost|p2a: Latios|spa|2
|
|-weather|Sandstorm|[upkeep]
|-damage|p2a: Latios|95/100|[from] Sandstorm
|upkeep
|turn|11
|
|t:|1746552934
|-activate|p2a: Latios|move: Pursuit
|move|p1a: Tyranitar|Pursuit|p2a: Latios|[from] Pursuit
|-supereffective|p2a: Latios
|-enditem|p2a: Latios|Colbur Berry|[eat]
|-enditem|p2a: Latios|Colbur Berry|[weaken]
|-damage|p2a: Latios|46/100
|switch|p2a: Politoed|Politoed, F|87/100
|-weather|RainDance|[from] ability: Drizzle|[of] p2a: Politoed
|
|-weather|RainDance|[upkeep]
|-heal|p2a: Politoed|93/100|[from] item: Leftovers
|upkeep
|turn|12
|
|t:|1746552940
|switch|p2a: Volcarona|Volcarona, F|100/100
|switch|p1a: Jellicent|Jellicent, M, shiny|71/100
|
|-weather|RainDance|[upkeep]
|-heal|p1a: Jellicent|78/100|[from] item: Leftovers
|upkeep
|turn|13
|
|t:|1746552943
|move|p2a: Volcarona|Quiver Dance|p2a: Volcarona
|-boost|p2a: Volcarona|spa|1
|-boost|p2a: Volcarona|spd|1
|-boost|p2a: Volcarona|spe|1
|move|p1a: Jellicent|Scald|p2a: Volcarona
|-supereffective|p2a: Volcarona
|-damage|p2a: Volcarona|50/100
|
|-weather|RainDance|[upkeep]
|-heal|p1a: Jellicent|84/100|[from] item: Leftovers
|upkeep
|turn|14
|
|t:|1746552947
|move|p2a: Volcarona|Hurricane|p1a: Jellicent
|-damage|p1a: Jellicent|17/100
|-damage|p2a: Volcarona|40/100|[from] item: Life Orb
|move|p1a: Jellicent|Scald|p2a: Volcarona
|-supereffective|p2a: Volcarona
|-damage|p2a: Volcarona|0 fnt
|faint|p2a: Volcarona
|
|-weather|RainDance|[upkeep]
|-heal|p1a: Jellicent|23/100|[from] item: Leftovers
|upkeep
|
|t:|1746552953
|switch|p2a: Latios|Latios, M|46/100
|turn|15
|
|t:|1746552972
|switch|p2a: Excadrill|Excadrill, M|100/100
|-ability|p2a: Excadrill|Mold Breaker
|switch|p1a: Tyranitar|Tyranitar, M|69/100
|-weather|Sandstorm|[from] ability: Sand Stream|[of] p1a: Tyranitar
|
|-weather|Sandstorm|[upkeep]
|upkeep
|turn|16
|
|t:|1746552980
|switch|p1a: Landorus|Landorus-Therian, M|100/100
|-ability|p1a: Landorus|Intimidate|boost
|-unboost|p2a: Excadrill|atk|1
|move|p2a: Excadrill|Swords Dance|p2a: Excadrill
|-boost|p2a: Excadrill|atk|2
|
|-weather|Sandstorm|[upkeep]
|upkeep
|turn|17
|
|t:|1746552992
|move|p1a: Landorus|Earthquake|p2a: Excadrill
|-supereffective|p2a: Excadrill
|-damage|p2a: Excadrill|0 fnt
|faint|p2a: Excadrill
|
|-weather|Sandstorm|[upkeep]
|upkeep
|-message|Claude's Journey forfeited.
|
|win|yaozu
|raw|yaozu's rating: 1274 &rarr; <strong>1304</strong><br />(+30 for winning)
|raw|Claude&apos;s Journey's rating: 1344 &rarr; <strong>1320</strong><br />(-24 for losing)
|l|☆Claude's Journey
|player|p2|
