|j|☆Aurum38
|j|☆Crest 3d White
|t:|1598241829
|player|p1|Aurum38|1|1458
|player|p2|Crest 3d White|selene|1300
|teamsize|p1|6
|teamsize|p2|6
|gametype|singles
|gen|5
|tier|[Gen 5] OU
|rated|
|clearpoke
|poke|p1|Jirachi|item
|poke|p1|Keldeo|item
|poke|p1|Politoed, F|item
|poke|p1|Ferrothorn, M|item
|poke|p1|Tentacruel, F|item
|poke|p1|Thundurus-Therian, M|item
|poke|p2|Celebi|item
|poke|p2|Magnezone|item
|poke|p2|Landorus-Therian, M|item
|poke|p2|Tyranitar, F|item
|poke|p2|Excadrill, M|item
|poke|p2|Milotic, F|item
|rule|Species Clause: Limit one of each Pokémon
|rule|OHKO Clause: OHKO moves are banned
|rule|Moody Clause: Moody is banned
|rule|Evasion Moves Clause: Evasion moves are banned
|rule|Endless Battle Clause: Forcing endless battles is banned
|rule|HP Percentage Mod: HP is shown in percentages
|rule|Evasion Abilities Clause: Evasion abilities are banned
|rule|Baton Pass Clause: Limit one Baton Passer, can't pass Spe and other stats simultaneously
|rule|Sleep Clause: Sleep-inducing moves are banned
|rule|Swagger Clause: Swagger is banned
|teampreview
|
|t:|1598241846
|start
|switch|p1a: Thundurus|Thundurus-Therian, M|100/100
|switch|p2a: Muzy|Milotic, F, shiny|100/100
|turn|1
|c|☆Crest 3d White|ope
|
|t:|1598241857
|switch|p2a: Tabby|Celebi|100/100
|move|p1a: Thundurus|U-turn|p2a: Tabby
|-supereffective|p2a: Tabby
|-damage|p2a: Tabby|47/100
|
|t:|1598241872
|switch|p1a: Jirachi|Jirachi|100/100|[from]move: U-turn
|
|-heal|p2a: Tabby|54/100|[from] item: Leftovers
|upkeep
|turn|2
|c|☆Crest 3d White|if thats scarf thats dope af
|
|t:|1598241891
|switch|p1a: Thundurus|Thundurus-Therian, M|100/100
|move|p2a: Tabby|Recover|p2a: Tabby
|-heal|p2a: Tabby|100/100
|
|upkeep
|turn|3
|
|t:|1598241895
|move|p1a: Thundurus|U-turn|p2a: Tabby
|-supereffective|p2a: Tabby
|-damage|p2a: Tabby|46/100
|
|t:|1598241900
|switch|p1a: Politoed|Politoed, F|100/100|[from]move: U-turn
|-weather|RainDance|[from] ability: Drizzle|[of] p1a: Politoed
|move|p2a: Tabby|Baton Pass|p2a: Tabby
|
|t:|1598241906
|switch|p2a: Setter|Tyranitar, F|100/100|[from]move: Baton Pass
|-weather|Sandstorm|[from] ability: Sand Stream|[of] p2a: Setter
|
|-weather|Sandstorm|[upkeep]
|-damage|p1a: Politoed|94/100|[from] Sandstorm
|-heal|p1a: Politoed|100/100|[from] item: Leftovers
|upkeep
|turn|4
|
|t:|1598241918
|switch|p2a: Muzy|Milotic, F, shiny|100/100
|move|p1a: Politoed|Protect||[still]
|-fail|p1a: Politoed
|
|-weather|Sandstorm|[upkeep]
|-damage|p2a: Muzy|94/100|[from] Sandstorm
|-damage|p1a: Politoed|94/100|[from] Sandstorm
|-heal|p2a: Muzy|100/100|[from] item: Leftovers
|-heal|p1a: Politoed|100/100|[from] item: Leftovers
|upkeep
|turn|5
|
|t:|1598241922
|move|p2a: Muzy|Scald|p1a: Politoed
|-resisted|p1a: Politoed
|-damage|p1a: Politoed|88/100
|move|p1a: Politoed|Toxic|p2a: Muzy
|-status|p2a: Muzy|tox
|
|-weather|Sandstorm|[upkeep]
|-damage|p2a: Muzy|94/100 tox|[from] Sandstorm
|-damage|p1a: Politoed|82/100|[from] Sandstorm
|-heal|p2a: Muzy|100/100 tox|[from] item: Leftovers
|-heal|p1a: Politoed|88/100|[from] item: Leftovers
|-damage|p2a: Muzy|94/100 tox|[from] psn
|upkeep
|turn|6
|
|t:|1598241932
|move|p1a: Politoed|Protect|p1a: Politoed
|-singleturn|p1a: Politoed|Protect
|move|p2a: Muzy|Refresh|p2a: Muzy
|-curestatus|p2a: Muzy|tox|[msg]
|
|-weather|Sandstorm|[upkeep]
|-damage|p2a: Muzy|88/100|[from] Sandstorm
|-damage|p1a: Politoed|82/100|[from] Sandstorm
|-heal|p2a: Muzy|94/100|[from] item: Leftovers
|-heal|p1a: Politoed|88/100|[from] item: Leftovers
|upkeep
|turn|7
|
|t:|1598241939
|move|p2a: Muzy|Scald|p1a: Politoed
|-resisted|p1a: Politoed
|-damage|p1a: Politoed|76/100
|move|p1a: Politoed|Encore|p2a: Muzy
|-start|p2a: Muzy|Encore
|
|-weather|Sandstorm|[upkeep]
|-damage|p2a: Muzy|88/100|[from] Sandstorm
|-damage|p1a: Politoed|70/100|[from] Sandstorm
|-heal|p2a: Muzy|94/100|[from] item: Leftovers
|-heal|p1a: Politoed|76/100|[from] item: Leftovers
|upkeep
|turn|8
|
|t:|1598241951
|switch|p1a: Tentacruel|Tentacruel, F|100/100
|move|p2a: Muzy|Scald|p1a: Tentacruel
|-resisted|p1a: Tentacruel
|-damage|p1a: Tentacruel|89/100
|
|-weather|Sandstorm|[upkeep]
|-damage|p1a: Tentacruel|83/100|[from] Sandstorm
|-damage|p2a: Muzy|88/100|[from] Sandstorm
|-heal|p1a: Tentacruel|89/100|[from] item: Black Sludge
|-heal|p2a: Muzy|94/100|[from] item: Leftovers
|upkeep
|turn|9
|
|t:|1598241958
|switch|p1a: Politoed|Politoed, F|76/100
|-weather|RainDance|[from] ability: Drizzle|[of] p1a: Politoed
|move|p2a: Muzy|Scald|p1a: Politoed
|-resisted|p1a: Politoed
|-damage|p1a: Politoed|59/100
|
|-weather|RainDance|[upkeep]
|-heal|p2a: Muzy|100/100|[from] item: Leftovers
|-heal|p1a: Politoed|65/100|[from] item: Leftovers
|upkeep
|turn|10
|
|t:|1598241963
|move|p2a: Muzy|Scald|p1a: Politoed
|-resisted|p1a: Politoed
|-damage|p1a: Politoed|47/100
|move|p1a: Politoed|Toxic|p2a: Muzy
|-status|p2a: Muzy|tox
|
|-weather|RainDance|[upkeep]
|-heal|p1a: Politoed|53/100|[from] item: Leftovers
|-damage|p2a: Muzy|94/100 tox|[from] psn
|-end|p2a: Muzy|Encore
|upkeep
|turn|11
|
|t:|1598241968
|move|p1a: Politoed|Protect|p1a: Politoed
|-singleturn|p1a: Politoed|Protect
|move|p2a: Muzy|Refresh|p2a: Muzy
|-curestatus|p2a: Muzy|tox|[msg]
|
|-weather|RainDance|[upkeep]
|-heal|p2a: Muzy|100/100|[from] item: Leftovers
|-heal|p1a: Politoed|59/100|[from] item: Leftovers
|upkeep
|turn|12
|
|t:|1598241978
|move|p2a: Muzy|Scald|p1a: Politoed
|-resisted|p1a: Politoed
|-damage|p1a: Politoed|41/100
|move|p1a: Politoed|Toxic|p2a: Muzy
|-status|p2a: Muzy|tox
|
|-weather|RainDance|[upkeep]
|-heal|p1a: Politoed|47/100|[from] item: Leftovers
|-damage|p2a: Muzy|94/100 tox|[from] psn
|upkeep
|turn|13
|
|t:|1598241981
|move|p2a: Muzy|Refresh|p2a: Muzy
|-curestatus|p2a: Muzy|tox|[msg]
|move|p1a: Politoed|Encore|p2a: Muzy
|-start|p2a: Muzy|Encore
|
|-weather|RainDance|[upkeep]
|-heal|p2a: Muzy|100/100|[from] item: Leftovers
|-heal|p1a: Politoed|53/100|[from] item: Leftovers
|upkeep
|turn|14
|
|t:|1598241990
|switch|p2a: Tabby|Celebi|46/100
|move|p1a: Politoed|Scald|p2a: Tabby
|-resisted|p2a: Tabby
|-damage|p2a: Tabby|34/100
|
|-weather|RainDance|[upkeep]
|-heal|p2a: Tabby|41/100|[from] item: Leftovers
|-heal|p1a: Politoed|59/100|[from] item: Leftovers
|upkeep
|turn|15
|
|t:|1598241995
|move|p1a: Politoed|Protect|p1a: Politoed
|-singleturn|p1a: Politoed|Protect
|move|p2a: Tabby|Baton Pass|p2a: Tabby
|
|t:|1598241998
|switch|p2a: Setter|Tyranitar, F|100/100|[from]move: Baton Pass
|-weather|Sandstorm|[from] ability: Sand Stream|[of] p2a: Setter
|
|-weather|Sandstorm|[upkeep]
|-damage|p1a: Politoed|53/100|[from] Sandstorm
|-heal|p1a: Politoed|59/100|[from] item: Leftovers
|upkeep
|turn|16
|l|☆Aurum38
|player|p1|
|j|☆Aurum38
|player|p1|Aurum38|1
|inactive|Battle timer is ON: inactive players will automatically lose when time's up. (requested by Crest 3d White)
|inactiveoff|Battle timer is now OFF.
|
|t:|1598242068
|switch|p1a: Ferrothorn|Ferrothorn, M|100/100
|move|p2a: Setter|Rock Slide|p1a: Ferrothorn
|-resisted|p1a: Ferrothorn
|-damage|p1a: Ferrothorn|88/100
|
|-weather|Sandstorm|[upkeep]
|-heal|p1a: Ferrothorn|94/100|[from] item: Leftovers
|upkeep
|turn|17
|
|t:|1598242087
|switch|p2a: Kylok|Magnezone, shiny|100/100
|-item|p2a: Kylok|Air Balloon
|move|p1a: Ferrothorn|Thunder Wave|p2a: Kylok
|-status|p2a: Kylok|par
|
|-weather|Sandstorm|[upkeep]
|-heal|p1a: Ferrothorn|99/100|[from] item: Leftovers
|upkeep
|turn|18
|
|t:|1598242102
|move|p1a: Ferrothorn|Spikes|p2a: Kylok
|-sidestart|p2: Crest 3d White|Spikes
|cant|p2a: Kylok|par
|
|-weather|Sandstorm|[upkeep]
|-heal|p1a: Ferrothorn|100/100|[from] item: Leftovers
|upkeep
|turn|19
|
|t:|1598242105
|move|p1a: Ferrothorn|Spikes|p2a: Kylok
|-sidestart|p2: Crest 3d White|Spikes
|move|p2a: Kylok|Hidden Power|p1a: Ferrothorn
|-supereffective|p1a: Ferrothorn
|-damage|p1a: Ferrothorn|30/100
|
|-weather|Sandstorm|[upkeep]
|-heal|p1a: Ferrothorn|36/100|[from] item: Leftovers
|upkeep
|turn|20
|
|t:|1598242109
|move|p1a: Ferrothorn|Spikes|p2a: Kylok
|-sidestart|p2: Crest 3d White|Spikes
|move|p2a: Kylok|Hidden Power|p1a: Ferrothorn
|-supereffective|p1a: Ferrothorn
|-damage|p1a: Ferrothorn|0 fnt
|faint|p1a: Ferrothorn
|
|-weather|Sandstorm|[upkeep]
|upkeep
|
|t:|1598242113
|switch|p1a: Politoed|Politoed, F|59/100
|-weather|RainDance|[from] ability: Drizzle|[of] p1a: Politoed
|turn|21
|
|t:|1598242121
|move|p1a: Politoed|Protect|p1a: Politoed
|-singleturn|p1a: Politoed|Protect
|move|p2a: Kylok|Sunny Day|p2a: Kylok
|-weather|SunnyDay
|
|-weather|SunnyDay|[upkeep]
|-heal|p1a: Politoed|65/100|[from] item: Leftovers
|upkeep
|turn|22
|l|☆Crest 3d White
|player|p2|
|j|☆Crest 3d White
|player|p2|Crest 3d White|selene
|
|t:|1598242256
|switch|p1a: Thundurus|Thundurus-Therian, M|100/100
|move|p2a: Kylok|Hidden Power|p1a: Thundurus
|-damage|p1a: Thundurus|54/100
|
|-weather|SunnyDay|[upkeep]
|upkeep
|turn|23
|
|t:|1598242265
|switch|p2a: Tabby|Celebi|41/100
|-damage|p2a: Tabby|16/100|[from] Spikes
|move|p1a: Thundurus|Focus Blast|p2a: Tabby
|-resisted|p2a: Tabby
|-damage|p2a: Tabby|1/100
|
|-weather|SunnyDay|[upkeep]
|-heal|p2a: Tabby|8/100|[from] item: Leftovers
|upkeep
|turn|24
|
|t:|1598242269
|move|p1a: Thundurus|Focus Blast|p2a: Tabby
|-resisted|p2a: Tabby
|-damage|p2a: Tabby|0 fnt
|faint|p2a: Tabby
|
|-weather|SunnyDay|[upkeep]
|upkeep
|
|t:|1598242303
|switch|p2a: MARINE|Landorus-Therian, M|100/100
|-ability|p2a: MARINE|Intimidate|boost
|-unboost|p1a: Thundurus|atk|1
|turn|25
|
|t:|1598242313
|switch|p1a: Keldeo|Keldeo|100/100
|move|p2a: MARINE|U-turn|p1a: Keldeo
|-resisted|p1a: Keldeo
|-damage|p1a: Keldeo|87/100
|
|t:|1598242318
|switch|p2a: Muzy|Milotic, F, shiny|100/100|[from]move: U-turn
|-damage|p2a: Muzy|76/100|[from] Spikes
|
|-weather|none
|-heal|p2a: Muzy|82/100|[from] item: Leftovers
|upkeep
|turn|26
|
|t:|1598242323
|move|p1a: Keldeo|Hidden Power|p2a: Muzy
|-supereffective|p2a: Muzy
|-damage|p2a: Muzy|32/100
|move|p2a: Muzy|Scald|p1a: Keldeo
|-resisted|p1a: Keldeo
|-damage|p1a: Keldeo|71/100
|-status|p1a: Keldeo|brn
|
|-heal|p2a: Muzy|38/100|[from] item: Leftovers
|-damage|p1a: Keldeo|59/100 brn|[from] brn
|upkeep
|turn|27
|
|t:|1598242341
|switch|p1a: Politoed|Politoed, F|65/100
|-weather|RainDance|[from] ability: Drizzle|[of] p1a: Politoed
|switch|p2a: MARINE|Landorus-Therian, M|100/100
|-ability|p2a: MARINE|Intimidate|boost
|-unboost|p1a: Politoed|atk|1
|
|-weather|RainDance|[upkeep]
|-heal|p1a: Politoed|71/100|[from] item: Leftovers
|upkeep
|turn|28
|
|t:|1598242350
|move|p2a: MARINE|Stealth Rock|p1a: Politoed
|-sidestart|p1: Aurum38|move: Stealth Rock
|move|p1a: Politoed|Scald|p2a: MARINE
|-supereffective|p2a: MARINE
|-damage|p2a: MARINE|10/100
|
|-weather|RainDance|[upkeep]
|-heal|p1a: Politoed|77/100|[from] item: Leftovers
|upkeep
|turn|29
|
|t:|1598242358
|move|p2a: MARINE|Earthquake|p1a: Politoed
|-damage|p1a: Politoed|38/100
|move|p1a: Politoed|Scald|p2a: MARINE
|-supereffective|p2a: MARINE
|-damage|p2a: MARINE|0 fnt
|faint|p2a: MARINE
|
|-weather|RainDance|[upkeep]
|-heal|p1a: Politoed|44/100|[from] item: Leftovers
|upkeep
|
|t:|1598242366
|switch|p2a: Setter|Tyranitar, F|100/100
|-damage|p2a: Setter|75/100|[from] Spikes
|-weather|Sandstorm|[from] ability: Sand Stream|[of] p2a: Setter
|turn|30
|
|t:|1598242373
|switch|p1a: Jirachi|Jirachi|100/100
|-damage|p1a: Jirachi|94/100|[from] Stealth Rock
|move|p2a: Setter|Crunch|p1a: Jirachi
|-damage|p1a: Jirachi|60/100
|
|-weather|Sandstorm|[upkeep]
|-heal|p1a: Jirachi|66/100|[from] item: Leftovers
|upkeep
|turn|31
|
|t:|1598242386
|switch|p2a: Daikun|Excadrill, M|100/100
|-damage|p2a: Daikun|76/100|[from] Spikes
|-ability|p2a: Daikun|Mold Breaker
|move|p1a: Jirachi|Wish|p1a: Jirachi
|
|-weather|Sandstorm|[upkeep]
|-heal|p1a: Jirachi|72/100|[from] item: Leftovers
|upkeep
|turn|32
|
|t:|1598242404
|switch|p1a: Thundurus|Thundurus-Therian, M|54/100
|-damage|p1a: Thundurus|29/100|[from] Stealth Rock
|move|p2a: Daikun|Rock Slide|p1a: Thundurus
|-supereffective|p1a: Thundurus
|-damage|p1a: Thundurus|0 fnt
|faint|p1a: Thundurus
|
|-weather|Sandstorm|[upkeep]
|upkeep
|
|t:|1598242411
|switch|p1a: Politoed|Politoed, F|44/100
|-damage|p1a: Politoed|32/100|[from] Stealth Rock
|-weather|RainDance|[from] ability: Drizzle|[of] p1a: Politoed
|turn|33
|
|t:|1598242428
|switch|p2a: Setter|Tyranitar, F|75/100
|-damage|p2a: Setter|50/100|[from] Spikes
|-weather|Sandstorm|[from] ability: Sand Stream|[of] p2a: Setter
|move|p1a: Politoed|Scald|p2a: Setter
|-supereffective|p2a: Setter
|-damage|p2a: Setter|25/100
|
|-weather|Sandstorm|[upkeep]
|-damage|p1a: Politoed|26/100|[from] Sandstorm
|-heal|p1a: Politoed|32/100|[from] item: Leftovers
|upkeep
|turn|34
|
|t:|1598242436
|move|p1a: Politoed|Scald|p2a: Setter
|-supereffective|p2a: Setter
|-damage|p2a: Setter|0 fnt
|faint|p2a: Setter
|
|-weather|Sandstorm|[upkeep]
|-damage|p1a: Politoed|26/100|[from] Sandstorm
|-heal|p1a: Politoed|32/100|[from] item: Leftovers
|upkeep
|
|t:|1598242439
|switch|p2a: Daikun|Excadrill, M|76/100
|-damage|p2a: Daikun|51/100|[from] Spikes
|-ability|p2a: Daikun|Mold Breaker
|turn|35
|
|t:|1598242443
|move|p2a: Daikun|Earthquake|p1a: Politoed
|-damage|p1a: Politoed|0 fnt
|faint|p1a: Politoed
|
|-weather|Sandstorm|[upkeep]
|upkeep
|
|t:|1598242446
|switch|p1a: Keldeo|Keldeo|59/100 brn
|-damage|p1a: Keldeo|53/100 brn|[from] Stealth Rock
|turn|36
|
|t:|1598242450
|switch|p2a: Kylok|Magnezone, shiny|100/100 par
|-item|p2a: Kylok|Air Balloon
|move|p1a: Keldeo|Secret Sword|p2a: Kylok
|-supereffective|p2a: Kylok
|-damage|p2a: Kylok|0 fnt
|-enditem|p2a: Kylok|Air Balloon
|faint|p2a: Kylok
|
|-weather|Sandstorm|[upkeep]
|-damage|p1a: Keldeo|47/100 brn|[from] Sandstorm
|-damage|p1a: Keldeo|34/100 brn|[from] brn
|upkeep
|
|t:|1598242458
|switch|p2a: Daikun|Excadrill, M|51/100
|-damage|p2a: Daikun|26/100|[from] Spikes
|-ability|p2a: Daikun|Mold Breaker
|turn|37
|
|t:|1598242460
|move|p2a: Daikun|Earthquake|p1a: Keldeo
|-damage|p1a: Keldeo|0 fnt
|faint|p1a: Keldeo
|
|-weather|Sandstorm|[upkeep]
|upkeep
|
|t:|1598242468
|switch|p1a: Tentacruel|Tentacruel, F|89/100
|-damage|p1a: Tentacruel|77/100|[from] Stealth Rock
|turn|38
|
|t:|1598242471
|move|p2a: Daikun|Earthquake|p1a: Tentacruel
|-supereffective|p1a: Tentacruel
|-damage|p1a: Tentacruel|0 fnt
|faint|p1a: Tentacruel
|
|-weather|Sandstorm|[upkeep]
|upkeep
|
|t:|1598242474
|switch|p1a: Jirachi|Jirachi|72/100
|-damage|p1a: Jirachi|66/100|[from] Stealth Rock
|turn|39
|
|t:|1598242478
|move|p2a: Daikun|Earthquake|p1a: Jirachi
|-supereffective|p1a: Jirachi
|-damage|p1a: Jirachi|0 fnt
|faint|p1a: Jirachi
|
|win|Crest 3d White
|c|☆Crest 3d White|gg
|raw|Aurum38's rating: 1459 &rarr; <strong>1430</strong><br />(-29 for losing)
|raw|Crest 3d White's rating: 1300 &rarr; <strong>1335</strong><br />(+35 for winning)
|l|☆Aurum38
