|j|☆SchmooMaster
|j|☆Piecrumb
|t:|1707411649
|gametype|singles
|player|p1|SchmooMaster|hilbert|1267
|player|p2|Piecrumb|1|1536
|teamsize|p1|6
|teamsize|p2|6
|gen|5
|tier|[Gen 5] OU
|rated|
|rule|Species Clause: Limit one of each Pokémon
|rule|OHKO Clause: OHKO moves are banned
|rule|Moody Clause: Moody is banned
|rule|Evasion Items Clause: Evasion items are banned
|rule|Evasion Moves Clause: Evasion moves are banned
|rule|Endless Battle Clause: Forcing endless battles is banned
|rule|HP Percentage Mod: HP is shown in percentages
|rule|Evasion Abilities Clause: Evasion abilities are banned
|rule|Sleep Moves Clause: Sleep-inducing moves are banned
|rule|Swagger Clause: Swagger is banned
|rule|Baton Pass Stat Clause: No Baton Passer may have a way to boost its stats
|clearpoke
|poke|p1|Terrakion|item
|poke|p1|Garchomp, F|item
|poke|p1|Scizor, M|item
|poke|p1|Starmie|item
|poke|p1|Dragonite, M|item
|poke|p1|Breloom, F|item
|poke|p2|Jirachi|item
|poke|p2|Gyarados, M|item
|poke|p2|Politoed, M|item
|poke|p2|Lucario, M|item
|poke|p2|Excadrill, F|item
|poke|p2|Celebi|item
|teampreview
|
|t:|1707411675
|start
|switch|p1a: Terrakion|Terrakion|100/100
|switch|p2a: Politoed|Politoed, M|100/100
|-weather|RainDance|[from] ability: Drizzle|[of] p2a: Politoed
|turn|1
|
|t:|1707411681
|move|p1a: Terrakion|Stealth Rock|p2a: Politoed
|-sidestart|p2: Piecrumb|move: Stealth Rock
|move|p2a: Politoed|Scald|p1a: Terrakion
|-supereffective|p1a: Terrakion
|-damage|p1a: Terrakion|9/100
|
|-weather|RainDance|[upkeep]
|upkeep
|turn|2
|
|t:|1707411692
|switch|p1a: Starmie|Starmie|100/100
|-item|p1a: Starmie|Air Balloon
|move|p2a: Politoed|Scald|p1a: Starmie
|-resisted|p1a: Starmie
|-damage|p1a: Starmie|72/100
|-enditem|p1a: Starmie|Air Balloon
|
|-weather|RainDance|[upkeep]
|upkeep
|turn|3
|
|t:|1707411709
|switch|p2a: Celebi|Celebi|100/100
|-damage|p2a: Celebi|88/100|[from] Stealth Rock
|move|p1a: Starmie|Thunder|p2a: Celebi
|-resisted|p2a: Celebi
|-damage|p2a: Celebi|73/100
|
|-weather|RainDance|[upkeep]
|-heal|p2a: Celebi|79/100|[from] item: Leftovers
|upkeep
|turn|4
|
|t:|1707411721
|move|p1a: Starmie|Ice Beam|p2a: Celebi
|-supereffective|p2a: Celebi
|-damage|p2a: Celebi|48/100
|move|p2a: Celebi|Grass Knot|p1a: Starmie
|-supereffective|p1a: Starmie
|-damage|p1a: Starmie|0 fnt
|faint|p1a: Starmie
|
|-weather|RainDance|[upkeep]
|-heal|p2a: Celebi|54/100|[from] item: Leftovers
|upkeep
|
|t:|1707411733
|switch|p1a: Scizor|Scizor, M|100/100
|turn|5
|
|t:|1707411752
|-activate|p2a: Celebi|move: Pursuit
|move|p1a: Scizor|Pursuit|p2a: Celebi|[from]Pursuit
|-supereffective|p2a: Celebi
|-crit|p2a: Celebi
|-damage|p2a: Celebi|0 fnt
|faint|p2a: Celebi
|-damage|p1a: Scizor|91/100|[from] item: Life Orb
|-hint|A Pokemon can't switch between when it runs out of HP and when it faints
|
|-weather|RainDance|[upkeep]
|upkeep
|
|t:|1707411757
|switch|p2a: Excadrill|Excadrill, F|100/100
|-damage|p2a: Excadrill|98/100|[from] Stealth Rock
|-ability|p2a: Excadrill|Mold Breaker
|turn|6
|
|t:|1707411764
|move|p2a: Excadrill|Rapid Spin|p1a: Scizor
|-resisted|p1a: Scizor
|-damage|p1a: Scizor|87/100
|-sideend|p2: Piecrumb|Stealth Rock|[from] move: Rapid Spin|[of] p2a: Excadrill
|move|p1a: Scizor|Swords Dance|p1a: Scizor
|-boost|p1a: Scizor|atk|2
|
|-weather|RainDance|[upkeep]
|-heal|p2a: Excadrill|100/100|[from] item: Leftovers
|upkeep
|turn|7
|
|t:|1707411777
|move|p2a: Excadrill|Earthquake|p1a: Scizor
|-damage|p1a: Scizor|42/100
|move|p1a: Scizor|Superpower|p2a: Excadrill
|-supereffective|p2a: Excadrill
|-damage|p2a: Excadrill|0 fnt
|-unboost|p1a: Scizor|atk|1
|-unboost|p1a: Scizor|def|1
|faint|p2a: Excadrill
|-damage|p1a: Scizor|32/100|[from] item: Life Orb
|
|-weather|RainDance|[upkeep]
|upkeep
|
|t:|1707411803
|switch|p2a: Jirachi|Jirachi|100/100
|turn|8
|
|t:|1707411829
|move|p1a: Scizor|Bullet Punch|p2a: Jirachi
|-resisted|p2a: Jirachi
|-damage|p2a: Jirachi|68/100
|-damage|p1a: Scizor|22/100|[from] item: Life Orb
|move|p2a: Jirachi|Thunder|p1a: Scizor
|-damage|p1a: Scizor|0 fnt
|faint|p1a: Scizor
|
|-weather|RainDance|[upkeep]
|upkeep
|
|t:|1707411844
|switch|p1a: Garchomp|Garchomp, F|100/100
|turn|9
|
|t:|1707411857
|switch|p2a: Gyarados|Gyarados, M|100/100
|move|p1a: Garchomp|Earthquake|p2a: Gyarados
|-immune|p2a: Gyarados
|
|-weather|RainDance|[upkeep]
|upkeep
|turn|10
|
|t:|1707411864
|move|p2a: Gyarados|Ice Fang|p1a: Garchomp
|-supereffective|p1a: Garchomp
|-enditem|p1a: Garchomp|Yache Berry|[eat]
|-enditem|p1a: Garchomp|Yache Berry|[weaken]
|-damage|p1a: Garchomp|55/100
|-damage|p2a: Gyarados|88/100|[from] ability: Rough Skin|[of] p1a: Garchomp
|move|p1a: Garchomp|Swords Dance|p1a: Garchomp
|-boost|p1a: Garchomp|atk|2
|
|-weather|RainDance|[upkeep]
|upkeep
|turn|11
|
|t:|1707411875
|move|p2a: Gyarados|Ice Fang|p1a: Garchomp|[miss]
|-miss|p2a: Gyarados|p1a: Garchomp
|move|p1a: Garchomp|Outrage|p2a: Gyarados
|-damage|p2a: Gyarados|0 fnt
|faint|p2a: Gyarados
|
|-weather|RainDance|[upkeep]
|upkeep
|
|t:|1707411908
|switch|p2a: Jirachi|Jirachi|68/100
|turn|12
|
|t:|1707411913
|move|p1a: Garchomp|Outrage|p2a: Jirachi|[from]lockedmove
|-resisted|p2a: Jirachi
|-damage|p2a: Jirachi|0 fnt
|faint|p2a: Jirachi
|
|-weather|RainDance|[upkeep]
|upkeep
|
|t:|1707411925
|switch|p2a: Politoed|Politoed, M|100/100
|turn|13
|
|t:|1707411928
|move|p1a: Garchomp|Outrage|p2a: Politoed|[from]lockedmove
|-damage|p2a: Politoed|0 fnt
|faint|p2a: Politoed
|-start|p1a: Garchomp|confusion|[fatigue]
|
|-weather|RainDance|[upkeep]
|upkeep
|
|t:|1707411931
|switch|p2a: Lucario|Lucario, M|100/100
|turn|14
|
|t:|1707411936
|-activate|p1a: Garchomp|confusion
|-damage|p1a: Garchomp|23/100|[from] confusion
|move|p2a: Lucario|Swords Dance|p2a: Lucario
|-boost|p2a: Lucario|atk|2
|
|-weather|RainDance|[upkeep]
|upkeep
|turn|15
|
|t:|1707411984
|-end|p1a: Garchomp|confusion
|move|p1a: Garchomp|Earthquake|p2a: Lucario
|-supereffective|p2a: Lucario
|-damage|p2a: Lucario|0 fnt
|faint|p2a: Lucario
|
|win|SchmooMaster
|raw|SchmooMaster's rating: 1267 &rarr; <strong>1308</strong><br />(+41 for winning)
|raw|Piecrumb's rating: 1536 &rarr; <strong>1503</strong><br />(-33 for losing)
|l|☆Piecrumb
|player|p2|
|c|☆SchmooMaster|ggwp
