|j|☆spam_dash_attack
|j|☆closecombat41
|player|p1|spam_dash_attack|fantina|1320
|player|p2|closecombat41|101|1436
|teamsize|p1|6
|teamsize|p2|6
|gametype|singles
|gen|5
|tier|[Gen 5] OU
|rated|
|clearpoke
|poke|p1|Mamoswine, M|item
|poke|p1|Latios, M|item
|poke|p1|Scizor, F|item
|poke|p1|Kyurem-Black|item
|poke|p1|Salamence, M|item
|poke|p1|Magnezone|item
|poke|p2|Landorus-Therian, M|item
|poke|p2|Tyranitar, F|item
|poke|p2|Terrakion|item
|poke|p2|Ferrothorn, F|item
|poke|p2|Rotom-Wash|item
|poke|p2|Alakazam, M|item
|rule|Species Clause: Limit one of each Pokémon
|rule|OHKO Clause: OHKO moves are banned
|rule|Moody Clause: Moody is banned
|rule|Evasion Moves Clause: Evasion moves are banned
|rule|Endless Battle Clause: Forcing endless battles is banned
|rule|HP Percentage Mod: HP is shown in percentages
|rule|Evasion Abilities Clause: Evasion abilities are banned
|rule|Baton Pass Clause: Limit one Baton Passer, can't pass Spe and other stats simultaneously
|rule|Sleep Clause: Sleep-inducing moves are banned
|rule|Swagger Clause: Swagger is banned
|teampreview
|inactive|Battle timer is ON: inactive players will automatically lose when time's up. (requested by spam_dash_attack)
|
|start
|switch|p1a: Mamoswine|Mamoswine, M|100/100
|switch|p2a: Rotom|Rotom-Wash|100/100
|turn|1
|
|move|p1a: Mamoswine|Stealth Rock|p2a: Rotom
|-sidestart|p2: closecombat41|move: Stealth Rock
|move|p2a: Rotom|Will-O-Wisp|p1a: Mamoswine
|-status|p1a: Mamoswine|brn
|
|-damage|p1a: Mamoswine|88/100 brn|[from] brn
|upkeep
|turn|2
|
|move|p1a: Mamoswine|Ice Shard|p2a: Rotom
|-resisted|p2a: Rotom
|-damage|p2a: Rotom|95/100
|move|p2a: Rotom|Hydro Pump|p1a: Mamoswine
|-supereffective|p1a: Mamoswine
|-damage|p1a: Mamoswine|0 fnt
|faint|p1a: Mamoswine
|
|-heal|p2a: Rotom|100/100|[from] item: Leftovers
|upkeep
|
|switch|p1a: Scizor|Scizor, F|100/100
|turn|3
|
|move|p2a: Rotom|Will-O-Wisp|p1a: Scizor|[miss]
|-miss|p2a: Rotom|p1a: Scizor
|move|p1a: Scizor|U-turn|p2a: Rotom
|-damage|p2a: Rotom|38/100
|
|switch|p1a: Salamence|Salamence, M|100/100|[from]move: U-turn
|
|-heal|p2a: Rotom|44/100|[from] item: Leftovers
|upkeep
|turn|4
|
|move|p1a: Salamence|Fire Blast|p2a: Rotom
|-resisted|p2a: Rotom
|-damage|p2a: Rotom|33/100
|move|p2a: Rotom|Volt Switch|p1a: Salamence
|-damage|p1a: Salamence|72/100
|
|switch|p2a: Alakazam|Alakazam, M|100/100|[from]move: Volt Switch
|
|upkeep
|turn|5
|
|switch|p2a: Ferrothorn|Ferrothorn, F|100/100
|-damage|p2a: Ferrothorn|94/100|[from] Stealth Rock
|move|p1a: Salamence|Fire Blast|p2a: Ferrothorn
|-supereffective|p2a: Ferrothorn
|-damage|p2a: Ferrothorn|22/100
|
|-heal|p2a: Ferrothorn|28/100|[from] item: Leftovers
|upkeep
|turn|6
|
|switch|p2a: Tyranitar|Tyranitar, F|100/100
|-damage|p2a: Tyranitar|88/100|[from] Stealth Rock
|-weather|Sandstorm|[from] ability: Sand Stream|[of] p2a: Tyranitar
|move|p1a: Salamence|Fire Blast|p2a: Tyranitar
|-resisted|p2a: Tyranitar
|-damage|p2a: Tyranitar|81/100
|
|-weather|Sandstorm|[upkeep]
|-damage|p1a: Salamence|66/100|[from] Sandstorm
|upkeep
|turn|7
|c|☆spam_dash_attack|society
|
|switch|p1a: Scizor|Scizor, F|100/100
|move|p2a: Tyranitar|Crunch|p1a: Scizor
|-resisted|p1a: Scizor
|-damage|p1a: Scizor|79/100
|
|-weather|Sandstorm|[upkeep]
|upkeep
|turn|8
|
|switch|p2a: Rotom|Rotom-Wash|33/100
|-damage|p2a: Rotom|21/100|[from] Stealth Rock
|move|p1a: Scizor|U-turn|p2a: Rotom
|-damage|p2a: Rotom|0 fnt
|faint|p2a: Rotom
|
|switch|p1a: Kyurem|Kyurem-Black|100/100|[from]move: U-turn
|-ability|p1a: Kyurem|Teravolt
|
|-weather|Sandstorm|[upkeep]
|-damage|p1a: Kyurem|94/100|[from] Sandstorm
|upkeep
|
|switch|p2a: Terrakion|Terrakion|100/100
|-damage|p2a: Terrakion|94/100|[from] Stealth Rock
|turn|9
|
|switch|p1a: Latios|Latios, M|100/100
|move|p2a: Terrakion|Close Combat|p1a: Latios
|-resisted|p1a: Latios
|-damage|p1a: Latios|35/100
|-unboost|p2a: Terrakion|def|1
|-unboost|p2a: Terrakion|spd|1
|
|-weather|Sandstorm|[upkeep]
|-damage|p1a: Latios|29/100|[from] Sandstorm
|upkeep
|turn|10
|
|switch|p2a: Ferrothorn|Ferrothorn, F|28/100
|-damage|p2a: Ferrothorn|22/100|[from] Stealth Rock
|move|p1a: Latios|Surf|p2a: Ferrothorn
|-resisted|p2a: Ferrothorn
|-damage|p2a: Ferrothorn|4/100
|
|-weather|Sandstorm|[upkeep]
|-damage|p1a: Latios|23/100|[from] Sandstorm
|-heal|p2a: Ferrothorn|11/100|[from] item: Leftovers
|upkeep
|turn|11
|
|move|p1a: Latios|Surf|p2a: Ferrothorn
|-resisted|p2a: Ferrothorn
|-damage|p2a: Ferrothorn|0 fnt
|faint|p2a: Ferrothorn
|
|-weather|Sandstorm|[upkeep]
|-damage|p1a: Latios|17/100|[from] Sandstorm
|upkeep
|
|switch|p2a: Tyranitar|Tyranitar, F|81/100
|-damage|p2a: Tyranitar|69/100|[from] Stealth Rock
|turn|12
|
|move|p1a: Latios|Surf|p2a: Tyranitar
|-supereffective|p2a: Tyranitar
|-damage|p2a: Tyranitar|21/100
|move|p2a: Tyranitar|Stealth Rock|p1a: Latios
|-sidestart|p1: spam_dash_attack|move: Stealth Rock
|
|-weather|Sandstorm|[upkeep]
|-damage|p1a: Latios|11/100|[from] Sandstorm
|upkeep
|turn|13
|
|move|p1a: Latios|Surf|p2a: Tyranitar
|-supereffective|p2a: Tyranitar
|-damage|p2a: Tyranitar|0 fnt
|faint|p2a: Tyranitar
|
|-weather|Sandstorm|[upkeep]
|-damage|p1a: Latios|5/100|[from] Sandstorm
|upkeep
|
|switch|p2a: Landorus|Landorus-Therian, M|100/100
|-damage|p2a: Landorus|88/100|[from] Stealth Rock
|-ability|p2a: Landorus|Intimidate|boost
|-unboost|p1a: Latios|atk|1
|turn|14
|
|move|p2a: Landorus|U-turn|p1a: Latios
|-supereffective|p1a: Latios
|-damage|p1a: Latios|0 fnt
|faint|p1a: Latios
|
|switch|p2a: Terrakion|Terrakion|94/100|[from]move: U-turn
|-damage|p2a: Terrakion|88/100|[from] Stealth Rock
|
|-weather|Sandstorm|[upkeep]
|upkeep
|
|switch|p1a: Scizor|Scizor, F|79/100
|-damage|p1a: Scizor|66/100|[from] Stealth Rock
|turn|15
|
|switch|p2a: Landorus|Landorus-Therian, M|88/100
|-damage|p2a: Landorus|75/100|[from] Stealth Rock
|-ability|p2a: Landorus|Intimidate|boost
|-unboost|p1a: Scizor|atk|1
|move|p1a: Scizor|Bullet Punch|p2a: Landorus
|-damage|p2a: Landorus|37/100
|
|-weather|Sandstorm|[upkeep]
|upkeep
|turn|16
|
|switch|p1a: Salamence|Salamence, M|66/100
|-damage|p1a: Salamence|41/100|[from] Stealth Rock
|move|p2a: Landorus|Earthquake|p1a: Salamence
|-immune|p1a: Salamence
|
|-weather|Sandstorm|[upkeep]
|-damage|p1a: Salamence|35/100|[from] Sandstorm
|upkeep
|turn|17
|
|switch|p2a: Terrakion|Terrakion|88/100
|-damage|p2a: Terrakion|82/100|[from] Stealth Rock
|move|p1a: Salamence|Outrage|p2a: Terrakion
|-damage|p2a: Terrakion|6/100
|
|-weather|Sandstorm|[upkeep]
|-damage|p1a: Salamence|29/100|[from] Sandstorm
|upkeep
|turn|18
|
|move|p1a: Salamence|Outrage|p2a: Terrakion|[from]lockedmove
|-damage|p2a: Terrakion|0 fnt
|-start|p1a: Salamence|confusion|[fatigue]
|faint|p2a: Terrakion
|-ability|p1a: Salamence|Moxie|boost
|-boost|p1a: Salamence|atk|1
|
|-weather|Sandstorm|[upkeep]
|-damage|p1a: Salamence|23/100|[from] Sandstorm
|upkeep
|
|switch|p2a: Alakazam|Alakazam, M|100/100
|turn|19
|
|-activate|p1a: Salamence|confusion
|move|p1a: Salamence|Outrage|p2a: Alakazam
|-enditem|p2a: Alakazam|Focus Sash
|-damage|p2a: Alakazam|1/100
|move|p2a: Alakazam|Psychic|p1a: Salamence
|-damage|p1a: Salamence|0 fnt
|faint|p1a: Salamence
|
|-weather|Sandstorm|[upkeep]
|upkeep
|
|switch|p1a: Scizor|Scizor, F|66/100
|-damage|p1a: Scizor|54/100|[from] Stealth Rock
|turn|20
|
|move|p1a: Scizor|Bullet Punch|p2a: Alakazam
|-damage|p2a: Alakazam|0 fnt
|faint|p2a: Alakazam
|
|-weather|Sandstorm|[upkeep]
|upkeep
|-message|closecombat41 forfeited.
|
|win|spam_dash_attack
|l|☆closecombat41
|raw|spam_dash_attack's rating: 1308 &rarr; <strong>1334</strong><br />(+26 for winning)
|raw|closecombat41's rating: 1419 &rarr; <strong>1392</strong><br />(-27 for losing)
