|j|☆R0SS
|j|☆Alpha Kittens
|player|p1|R0SS|52
|player|p2|Alpha Kittens|153
|teamsize|p1|6
|teamsize|p2|6
|gametype|singles
|gen|5
|tier|[Gen 5] OU
|rated|
|rule|Sleep Clause Mod: Limit one foe put to sleep
|rule|Species Clause: Limit one of each Pokémon
|rule|OHKO Clause: OHKO moves are banned
|rule|Moody Clause: Moody is banned
|rule|Evasion Moves Clause: Evasion moves are banned
|rule|Endless Battle Clause: Forcing endless battles is banned
|rule|HP Percentage Mod: HP is shown in percentages
|rule|Evasion Abilities Clause: Evasion abilities are banned
|rule|Baton Pass Clause: Limit one Baton Passer, can't pass Spe and other stats simultaneously
|rule|Swagger Clause: Swagger is banned
|clearpoke
|poke|p1|Amoonguss, M|item
|poke|p1|Gothitelle, M|item
|poke|p1|Sableye, M|item
|poke|p1|Forretress, F|item
|poke|p1|Chansey, F|item
|poke|p1|Skarmory, F|item
|poke|p2|Skarmory, M|item
|poke|p2|Chandelure, F|item
|poke|p2|Tentacruel, M|item
|poke|p2|Breloom, M|item
|poke|p2|Thundurus-Therian, M|item
|poke|p2|Kyurem-Black|item
|teampreview
|c|☆Alpha Kittens|gl hf
|c|☆R0SS|u2
|inactive|Battle timer is ON: inactive players will automatically lose when time's up. (requested by R0SS)
|
|start
|switch|p1a: Sableye|Sableye, M|100/100
|switch|p2a: Chandelure|Chandelure, F|100/100
|turn|1
|
|switch|p2a: Tentacruel|Tentacruel, M|100/100
|switch|p1a: Chansey|Chansey, F|100/100
|
|upkeep
|turn|2
|
|switch|p1a: Gothitelle|Gothitelle, M|100/100
|move|p2a: Tentacruel|Toxic Spikes|p1a: Gothitelle
|-sidestart|p1: R0SS|move: Toxic Spikes
|
|upkeep
|turn|3
|
|move|p1a: Gothitelle|Psyshock|p2a: Tentacruel
|-supereffective|p2a: Tentacruel
|-crit|p2a: Tentacruel
|-damage|p2a: Tentacruel|0 fnt
|faint|p2a: Tentacruel
|
|upkeep
|inactive|Alpha Kittens has 135 seconds left.
|
|switch|p2a: Chandelure|Chandelure, F|100/100
|turn|4
|inactive|Alpha Kittens has 135 seconds left.
|
|switch|p1a: Chansey|Chansey, F|100/100
|-status|p1a: Chansey|psn
|move|p2a: Chandelure|Substitute|p2a: Chandelure
|-start|p2a: Chandelure|Substitute
|-damage|p2a: Chandelure|76/100
|
|-heal|p2a: Chandelure|82/100|[from] item: Leftovers
|-damage|p1a: Chansey|88/100 psn|[from] psn
|upkeep
|turn|5
|
|move|p2a: Chandelure|Flamethrower|p1a: Chansey
|-damage|p1a: Chansey|72/100 psn
|move|p1a: Chansey|Heal Bell|p1a: Chansey
|-activate|p1a: Chansey|move: Heal Bell
|-curestatus|p1a: Chansey|psn|[msg]
|
|-heal|p2a: Chandelure|88/100|[from] item: Leftovers
|upkeep
|turn|6
|
|move|p2a: Chandelure|Flamethrower|p1a: Chansey
|-damage|p1a: Chansey|58/100
|-status|p1a: Chansey|brn
|move|p1a: Chansey|Soft-Boiled|p1a: Chansey
|-heal|p1a: Chansey|100/100 brn
|
|-heal|p2a: Chandelure|94/100|[from] item: Leftovers
|-damage|p1a: Chansey|88/100 brn|[from] brn
|upkeep
|turn|7
|inactive|R0SS has 135 seconds left.
|
|switch|p2a: Thundurus|Thundurus-Therian, M|100/100
|move|p1a: Chansey|Thunder Wave|p2a: Thundurus
|-immune|p2a: Thundurus|[msg]|[from] ability: Volt Absorb
|
|-damage|p1a: Chansey|76/100 brn|[from] brn
|upkeep
|turn|8
|
|switch|p1a: Gothitelle|Gothitelle, M|100/100
|-status|p1a: Gothitelle|psn
|move|p2a: Thundurus|Nasty Plot|p2a: Thundurus
|-boost|p2a: Thundurus|spa|2
|
|-damage|p1a: Gothitelle|88/100 psn|[from] psn
|upkeep
|turn|9
|
|move|p1a: Gothitelle|Trick|p2a: Thundurus
|-activate|p1a: Gothitelle|move: Trick|[of] p2a: Thundurus
|-item|p2a: Thundurus|Choice Scarf|[from] move: Trick
|-item|p1a: Gothitelle|Life Orb|[from] move: Trick
|move|p2a: Thundurus|Thunderbolt|p1a: Gothitelle
|-damage|p1a: Gothitelle|0 fnt
|faint|p1a: Gothitelle
|
|upkeep
|
|switch|p1a: Amoonguss|Amoonguss, M|100/100
|-sideend|p1: R0SS|move: Toxic Spikes|[of] p1a: Amoonguss
|turn|10
|
|move|p2a: Thundurus|Thunderbolt|p1a: Amoonguss
|-resisted|p1a: Amoonguss
|-damage|p1a: Amoonguss|44/100
|move|p1a: Amoonguss|Spore|p2a: Thundurus
|-status|p2a: Thundurus|slp
|
|-heal|p1a: Amoonguss|51/100|[from] item: Black Sludge
|upkeep
|turn|11
|
|switch|p1a: Chansey|Chansey, F|76/100
|cant|p2a: Thundurus|slp
|
|upkeep
|turn|12
|
|-curestatus|p2a: Thundurus|slp|[msg]
|move|p2a: Thundurus|Thunderbolt|p1a: Chansey
|-damage|p1a: Chansey|45/100
|move|p1a: Chansey|Seismic Toss|p2a: Thundurus
|-damage|p2a: Thundurus|68/100
|
|upkeep
|turn|13
|
|switch|p2a: Breloom|Breloom, M|100/100
|move|p1a: Chansey|Soft-Boiled|p1a: Chansey
|-heal|p1a: Chansey|95/100
|
|upkeep
|turn|14
|
|switch|p1a: Skarmory|Skarmory, F|100/100
|move|p2a: Breloom|Spore|p1a: Skarmory
|-status|p1a: Skarmory|slp
|
|upkeep
|turn|15
|
|switch|p2a: Thundurus|Thundurus-Therian, M|68/100
|switch|p1a: Amoonguss|Amoonguss, M|84/100
|
|-heal|p1a: Amoonguss|90/100|[from] item: Black Sludge
|upkeep
|turn|16
|
|move|p2a: Thundurus|Hidden Power|p1a: Amoonguss
|-supereffective|p1a: Amoonguss
|-damage|p1a: Amoonguss|37/100
|move|p1a: Amoonguss|Hidden Power|p2a: Thundurus
|-supereffective|p2a: Thundurus
|-damage|p2a: Thundurus|28/100
|
|-heal|p1a: Amoonguss|43/100|[from] item: Black Sludge
|upkeep
|turn|17
|
|switch|p2a: Breloom|Breloom, M|100/100
|switch|p1a: Forretress|Forretress, F|100/100
|
|upkeep
|turn|18
|
|move|p2a: Breloom|Low Sweep|p1a: Forretress
|-damage|p1a: Forretress|55/100
|-unboost|p1a: Forretress|spe|1
|-damage|p2a: Breloom|91/100|[from] item: Life Orb
|move|p1a: Forretress|Volt Switch|p2a: Breloom
|-resisted|p2a: Breloom
|-damage|p2a: Breloom|80/100
|
|switch|p1a: Amoonguss|Amoonguss, M|76/100
|
|-heal|p1a: Amoonguss|82/100|[from] item: Black Sludge
|upkeep
|turn|19
|
|switch|p2a: Thundurus|Thundurus-Therian, M|28/100
|move|p1a: Amoonguss|Stun Spore|p2a: Thundurus
|-status|p2a: Thundurus|par
|
|-heal|p1a: Amoonguss|89/100|[from] item: Black Sludge
|upkeep
|turn|20
|
|switch|p1a: Chansey|Chansey, F|95/100
|move|p2a: Thundurus|Hidden Power|p1a: Chansey
|-damage|p1a: Chansey|87/100
|
|upkeep
|turn|21
|
|switch|p1a: Forretress|Forretress, F|55/100
|move|p2a: Thundurus|Hidden Power|p1a: Forretress
|-resisted|p1a: Forretress
|-damage|p1a: Forretress|42/100
|
|-heal|p1a: Forretress|48/100|[from] item: Leftovers
|upkeep
|turn|22
|
|move|p1a: Forretress|Stealth Rock|p2a: Thundurus
|-sidestart|p2: Alpha Kittens|move: Stealth Rock
|move|p2a: Thundurus|Hidden Power|p1a: Forretress
|-resisted|p1a: Forretress
|-damage|p1a: Forretress|34/100
|
|-heal|p1a: Forretress|40/100|[from] item: Leftovers
|upkeep
|turn|23
|
|switch|p2a: Chandelure|Chandelure, F|94/100
|-damage|p2a: Chandelure|69/100|[from] Stealth Rock
|move|p1a: Forretress|Hidden Power|p2a: Chandelure
|-resisted|p2a: Chandelure
|-damage|p2a: Chandelure|62/100
|
|-heal|p2a: Chandelure|68/100|[from] item: Leftovers
|-heal|p1a: Forretress|46/100|[from] item: Leftovers
|upkeep
|turn|24
|inactive|Alpha Kittens has 135 seconds left.
|inactive|Alpha Kittens has 120 seconds left.
|inactive|Alpha Kittens has 105 seconds left.
|
|switch|p2a: Breloom|Breloom, M|80/100
|-damage|p2a: Breloom|74/100|[from] Stealth Rock
|switch|p1a: Chansey|Chansey, F|87/100
|
|upkeep
|turn|25
|
|switch|p1a: Amoonguss|Amoonguss, M|100/100
|move|p2a: Breloom|Bullet Seed|p1a: Amoonguss
|-resisted|p1a: Amoonguss
|-damage|p1a: Amoonguss|95/100
|-resisted|p1a: Amoonguss
|-damage|p1a: Amoonguss|90/100
|-hitcount|p1a: Amoonguss|2
|-damage|p2a: Breloom|64/100|[from] item: Life Orb
|
|-heal|p1a: Amoonguss|96/100|[from] item: Black Sludge
|upkeep
|turn|26
|
|switch|p2a: Thundurus|Thundurus-Therian, M|28/100 par
|-damage|p2a: Thundurus|3/100 par|[from] Stealth Rock
|switch|p1a: Sableye|Sableye, M|100/100
|
|upkeep
|turn|27
|
|move|p1a: Sableye|Night Shade|p2a: Thundurus
|-damage|p2a: Thundurus|0 fnt
|faint|p2a: Thundurus
|
|upkeep
|
|switch|p2a: Skarmory|Skarmory, M|100/100
|-damage|p2a: Skarmory|88/100|[from] Stealth Rock
|turn|28
|
|move|p1a: Sableye|Taunt|p2a: Skarmory
|-start|p2a: Skarmory|move: Taunt
|cant|p2a: Skarmory|move: Taunt|Stealth Rock
|
|-heal|p2a: Skarmory|94/100|[from] item: Leftovers
|upkeep
|turn|29
|
|move|p1a: Sableye|Will-O-Wisp|p2a: Skarmory
|-status|p2a: Skarmory|brn
|move|p2a: Skarmory|Brave Bird|p1a: Sableye
|-damage|p1a: Sableye|78/100
|-damage|p2a: Skarmory|88/100 brn|[from] Recoil
|
|-heal|p2a: Skarmory|94/100 brn|[from] item: Leftovers
|-heal|p1a: Sableye|84/100|[from] item: Leftovers
|-damage|p2a: Skarmory|82/100 brn|[from] brn
|upkeep
|turn|30
|
|move|p2a: Skarmory|Brave Bird|p1a: Sableye
|-damage|p1a: Sableye|63/100
|-damage|p2a: Skarmory|75/100 brn|[from] Recoil
|move|p1a: Sableye|Night Shade|p2a: Skarmory
|-damage|p2a: Skarmory|44/100 brn
|
|-heal|p2a: Skarmory|50/100 brn|[from] item: Leftovers
|-heal|p1a: Sableye|69/100|[from] item: Leftovers
|-damage|p2a: Skarmory|38/100 brn|[from] brn
|-end|p2a: Skarmory|move: Taunt
|upkeep
|turn|31
|
|switch|p2a: Kyurem|Kyurem-Black|100/100
|-damage|p2a: Kyurem|76/100|[from] Stealth Rock
|-ability|p2a: Kyurem|Teravolt
|move|p1a: Sableye|Taunt|p2a: Kyurem
|-start|p2a: Kyurem|move: Taunt
|
|-heal|p1a: Sableye|75/100|[from] item: Leftovers
|upkeep
|turn|32
|
|switch|p2a: Chandelure|Chandelure, F|68/100
|-damage|p2a: Chandelure|43/100|[from] Stealth Rock
|move|p1a: Sableye|Will-O-Wisp|p2a: Chandelure
|-start|p2a: Chandelure|ability: Flash Fire
|
|-heal|p2a: Chandelure|49/100|[from] item: Leftovers
|-heal|p1a: Sableye|81/100|[from] item: Leftovers
|upkeep
|turn|33
|
|switch|p1a: Chansey|Chansey, F|87/100
|move|p2a: Chandelure|Flamethrower|p1a: Chansey
|-damage|p1a: Chansey|64/100
|
|-heal|p2a: Chandelure|55/100|[from] item: Leftovers
|upkeep
|turn|34
|
|move|p2a: Chandelure|Substitute|p2a: Chandelure
|-start|p2a: Chandelure|Substitute
|-damage|p2a: Chandelure|31/100
|move|p1a: Chansey|Soft-Boiled|p1a: Chansey
|-heal|p1a: Chansey|100/100
|
|-heal|p2a: Chandelure|37/100|[from] item: Leftovers
|upkeep
|turn|35
|
|move|p2a: Chandelure|Hidden Power|p1a: Chansey
|-supereffective|p1a: Chansey
|-damage|p1a: Chansey|85/100
|move|p1a: Chansey|Heal Bell|p1a: Chansey
|-activate|p1a: Chansey|move: Heal Bell
|-curestatus|p1: Skarmory|slp|[msg]
|
|-heal|p2a: Chandelure|43/100|[from] item: Leftovers
|upkeep
|turn|36
|
|move|p2a: Chandelure|Flamethrower|p1a: Chansey
|-damage|p1a: Chansey|64/100
|move|p1a: Chansey|Thunder Wave|p2a: Chandelure
|-fail|p2a: Chandelure
|
|-heal|p2a: Chandelure|49/100|[from] item: Leftovers
|upkeep
|turn|37
|
|move|p2a: Chandelure|Hidden Power|p1a: Chansey
|-supereffective|p1a: Chansey
|-damage|p1a: Chansey|49/100
|move|p1a: Chansey|Thunder Wave|p2a: Chandelure
|-fail|p2a: Chandelure
|
|-heal|p2a: Chandelure|55/100|[from] item: Leftovers
|upkeep
|turn|38
|
|move|p2a: Chandelure|Hidden Power|p1a: Chansey
|-supereffective|p1a: Chansey
|-damage|p1a: Chansey|36/100
|move|p1a: Chansey|Soft-Boiled|p1a: Chansey
|-heal|p1a: Chansey|86/100
|
|-heal|p2a: Chandelure|61/100|[from] item: Leftovers
|upkeep
|turn|39
|inactive|Alpha Kittens has 135 seconds left.
|
|move|p2a: Chandelure|Hidden Power|p1a: Chansey
|-supereffective|p1a: Chansey
|-damage|p1a: Chansey|70/100
|move|p1a: Chansey|Thunder Wave|p2a: Chandelure
|-fail|p2a: Chandelure
|
|-heal|p2a: Chandelure|67/100|[from] item: Leftovers
|upkeep
|turn|40
|inactive|Alpha Kittens has 135 seconds left.
|
|move|p2a: Chandelure|Flamethrower|p1a: Chansey
|-damage|p1a: Chansey|47/100
|move|p1a: Chansey|Thunder Wave|p2a: Chandelure
|-fail|p2a: Chandelure
|
|-heal|p2a: Chandelure|73/100|[from] item: Leftovers
|upkeep
|turn|41
|
|move|p2a: Chandelure|Flamethrower|p1a: Chansey
|-damage|p1a: Chansey|26/100
|move|p1a: Chansey|Soft-Boiled|p1a: Chansey
|-heal|p1a: Chansey|76/100
|
|-heal|p2a: Chandelure|80/100|[from] item: Leftovers
|upkeep
|turn|42
|
|move|p2a: Chandelure|Flamethrower|p1a: Chansey
|-damage|p1a: Chansey|56/100
|move|p1a: Chansey|Thunder Wave|p2a: Chandelure
|-fail|p2a: Chandelure
|
|-heal|p2a: Chandelure|86/100|[from] item: Leftovers
|upkeep
|turn|43
|
|move|p2a: Chandelure|Flamethrower|p1a: Chansey
|-damage|p1a: Chansey|36/100
|move|p1a: Chansey|Soft-Boiled|p1a: Chansey
|-heal|p1a: Chansey|86/100
|
|-heal|p2a: Chandelure|92/100|[from] item: Leftovers
|upkeep
|turn|44
|
|move|p2a: Chandelure|Flamethrower|p1a: Chansey
|-damage|p1a: Chansey|64/100
|move|p1a: Chansey|Thunder Wave|p2a: Chandelure
|-fail|p2a: Chandelure
|
|-heal|p2a: Chandelure|98/100|[from] item: Leftovers
|upkeep
|turn|45
|
|move|p2a: Chandelure|Flamethrower|p1a: Chansey
|-damage|p1a: Chansey|41/100
|move|p1a: Chansey|Soft-Boiled|p1a: Chansey
|-heal|p1a: Chansey|91/100
|
|-heal|p2a: Chandelure|100/100|[from] item: Leftovers
|upkeep
|turn|46
|
|move|p2a: Chandelure|Flamethrower|p1a: Chansey
|-damage|p1a: Chansey|68/100
|move|p1a: Chansey|Thunder Wave|p2a: Chandelure
|-fail|p2a: Chandelure
|
|upkeep
|turn|47
|
|move|p2a: Chandelure|Flamethrower|p1a: Chansey
|-crit|p1a: Chansey
|-damage|p1a: Chansey|27/100
|move|p1a: Chansey|Thunder Wave|p2a: Chandelure
|-fail|p2a: Chandelure
|
|upkeep
|turn|48
|
|move|p2a: Chandelure|Flamethrower|p1a: Chansey
|-damage|p1a: Chansey|4/100
|move|p1a: Chansey|Soft-Boiled|p1a: Chansey
|-heal|p1a: Chansey|54/100
|
|upkeep
|turn|49
|
|move|p2a: Chandelure|Flamethrower|p1a: Chansey
|-damage|p1a: Chansey|32/100
|move|p1a: Chansey|Soft-Boiled|p1a: Chansey
|-heal|p1a: Chansey|82/100
|
|upkeep
|turn|50
|
|move|p2a: Chandelure|Hidden Power|p1a: Chansey
|-supereffective|p1a: Chansey
|-damage|p1a: Chansey|68/100
|move|p1a: Chansey|Thunder Wave|p2a: Chandelure
|-fail|p2a: Chandelure
|
|upkeep
|turn|51
|
|move|p2a: Chandelure|Hidden Power|p1a: Chansey
|-supereffective|p1a: Chansey
|-damage|p1a: Chansey|53/100
|move|p1a: Chansey|Thunder Wave|p2a: Chandelure
|-fail|p2a: Chandelure
|
|upkeep
|turn|52
|
|-end|p2a: Chandelure|ability: Flash Fire|[silent]
|switch|p2a: Skarmory|Skarmory, M|38/100 brn
|-damage|p2a: Skarmory|26/100 brn|[from] Stealth Rock
|move|p1a: Chansey|Soft-Boiled|p1a: Chansey
|-heal|p1a: Chansey|100/100
|
|-heal|p2a: Skarmory|32/100 brn|[from] item: Leftovers
|-damage|p2a: Skarmory|20/100 brn|[from] brn
|upkeep
|turn|53
|
|switch|p1a: Forretress|Forretress, F|46/100
|move|p2a: Skarmory|Roost|p2a: Skarmory
|-heal|p2a: Skarmory|70/100 brn
|
|-heal|p2a: Skarmory|76/100 brn|[from] item: Leftovers
|-heal|p1a: Forretress|53/100|[from] item: Leftovers
|-damage|p2a: Skarmory|64/100 brn|[from] brn
|upkeep
|turn|54
|
|move|p2a: Skarmory|Stealth Rock|p1a: Forretress
|-sidestart|p1: R0SS|move: Stealth Rock
|move|p1a: Forretress|Volt Switch|p2a: Skarmory
|-supereffective|p2a: Skarmory
|-damage|p2a: Skarmory|42/100 brn
|
|switch|p1a: Skarmory|Skarmory, F|100/100
|-damage|p1a: Skarmory|88/100|[from] Stealth Rock
|
|-heal|p2a: Skarmory|48/100 brn|[from] item: Leftovers
|-damage|p2a: Skarmory|36/100 brn|[from] brn
|upkeep
|turn|55
|
|move|p1a: Skarmory|Spikes|p2a: Skarmory
|-sidestart|p2: Alpha Kittens|Spikes
|move|p2a: Skarmory|Roost|p2a: Skarmory
|-heal|p2a: Skarmory|86/100 brn
|
|-heal|p2a: Skarmory|92/100 brn|[from] item: Leftovers
|-damage|p2a: Skarmory|80/100 brn|[from] brn
|upkeep
|turn|56
|
|move|p1a: Skarmory|Spikes|p2a: Skarmory
|-sidestart|p2: Alpha Kittens|Spikes
|move|p2a: Skarmory|Whirlwind|p1a: Skarmory
|drag|p1a: Forretress|Forretress, F|53/100
|-damage|p1a: Forretress|40/100|[from] Stealth Rock
|
|-heal|p2a: Skarmory|86/100 brn|[from] item: Leftovers
|-heal|p1a: Forretress|46/100|[from] item: Leftovers
|-damage|p2a: Skarmory|74/100 brn|[from] brn
|upkeep
|turn|57
|
|move|p2a: Skarmory|Brave Bird|p1a: Forretress
|-damage|p1a: Forretress|35/100
|-damage|p2a: Skarmory|69/100 brn|[from] Recoil
|move|p1a: Forretress|Rapid Spin|p2a: Skarmory
|-resisted|p2a: Skarmory
|-damage|p2a: Skarmory|68/100 brn
|-sideend|p1: R0SS|Stealth Rock|[from] move: Rapid Spin|[of] p1a: Forretress
|
|-heal|p2a: Skarmory|74/100 brn|[from] item: Leftovers
|-heal|p1a: Forretress|41/100|[from] item: Leftovers
|-damage|p2a: Skarmory|62/100 brn|[from] brn
|upkeep
|turn|58
|
|move|p2a: Skarmory|Stealth Rock|p1a: Forretress
|-sidestart|p1: R0SS|move: Stealth Rock
|move|p1a: Forretress|Volt Switch|p2a: Skarmory
|-supereffective|p2a: Skarmory
|-damage|p2a: Skarmory|39/100 brn
|
|switch|p1a: Skarmory|Skarmory, F|88/100
|-damage|p1a: Skarmory|76/100|[from] Stealth Rock
|
|-heal|p2a: Skarmory|45/100 brn|[from] item: Leftovers
|-damage|p2a: Skarmory|33/100 brn|[from] brn
|upkeep
|turn|59
|
|move|p2a: Skarmory|Roost|p2a: Skarmory
|-heal|p2a: Skarmory|83/100 brn
|move|p1a: Skarmory|Whirlwind|p2a: Skarmory
|drag|p2a: Kyurem|Kyurem-Black|76/100
|-damage|p2a: Kyurem|59/100|[from] Spikes
|-damage|p2a: Kyurem|34/100|[from] Stealth Rock
|-ability|p2a: Kyurem|Teravolt
|
|upkeep
|turn|60
|
|move|p2a: Kyurem|Fusion Bolt|p1a: Skarmory
|-supereffective|p1a: Skarmory
|-damage|p1a: Skarmory|25/100
|move|p1a: Skarmory|Spikes|p2a: Kyurem
|-sidestart|p2: Alpha Kittens|Spikes
|
|upkeep
|turn|61
|
|move|p2a: Kyurem|Fusion Bolt|p1a: Skarmory
|-supereffective|p1a: Skarmory
|-crit|p1a: Skarmory
|-damage|p1a: Skarmory|0 fnt
|faint|p1a: Skarmory
|
|upkeep
|
|switch|p1a: Amoonguss|Amoonguss, M|100/100
|-damage|p1a: Amoonguss|88/100|[from] Stealth Rock
|turn|62
|
|move|p2a: Kyurem|Fusion Bolt|p1a: Amoonguss
|-resisted|p1a: Amoonguss
|-damage|p1a: Amoonguss|72/100
|move|p1a: Amoonguss|Stun Spore|p2a: Kyurem
|-status|p2a: Kyurem|par
|
|-heal|p1a: Amoonguss|79/100|[from] item: Black Sludge
|upkeep
|turn|63
|
|cant|p2a: Kyurem|par
|move|p1a: Amoonguss|Hidden Power|p2a: Kyurem
|-damage|p2a: Kyurem|19/100 par
|
|-heal|p1a: Amoonguss|85/100|[from] item: Black Sludge
|upkeep
|turn|64
|
|move|p2a: Kyurem|Fusion Bolt|p1a: Amoonguss
|-resisted|p1a: Amoonguss
|-damage|p1a: Amoonguss|68/100
|move|p1a: Amoonguss|Hidden Power|p2a: Kyurem
|-damage|p2a: Kyurem|5/100 par
|
|-heal|p1a: Amoonguss|74/100|[from] item: Black Sludge
|upkeep
|turn|65
|
|move|p2a: Kyurem|Fusion Bolt|p1a: Amoonguss
|-resisted|p1a: Amoonguss
|-damage|p1a: Amoonguss|57/100
|move|p1a: Amoonguss|Hidden Power|p2a: Kyurem
|-damage|p2a: Kyurem|0 fnt
|faint|p2a: Kyurem
|
|-heal|p1a: Amoonguss|63/100|[from] item: Black Sludge
|upkeep
|
|switch|p2a: Skarmory|Skarmory, M|83/100 brn
|-damage|p2a: Skarmory|71/100 brn|[from] Stealth Rock
|turn|66
|
|switch|p1a: Forretress|Forretress, F|41/100
|-damage|p1a: Forretress|29/100|[from] Stealth Rock
|move|p2a: Skarmory|Brave Bird|p1a: Forretress
|-damage|p1a: Forretress|17/100
|-damage|p2a: Skarmory|67/100 brn|[from] Recoil
|
|-heal|p2a: Skarmory|73/100 brn|[from] item: Leftovers
|-heal|p1a: Forretress|23/100|[from] item: Leftovers
|-damage|p2a: Skarmory|60/100 brn|[from] brn
|upkeep
|turn|67
|
|move|p2a: Skarmory|Brave Bird|p1a: Forretress
|-damage|p1a: Forretress|11/100
|-damage|p2a: Skarmory|56/100 brn|[from] Recoil
|move|p1a: Forretress|Volt Switch|p2a: Skarmory
|-supereffective|p2a: Skarmory
|-damage|p2a: Skarmory|35/100 brn
|
|switch|p1a: Sableye|Sableye, M|81/100
|-damage|p1a: Sableye|69/100|[from] Stealth Rock
|
|-heal|p2a: Skarmory|41/100 brn|[from] item: Leftovers
|-heal|p1a: Sableye|75/100|[from] item: Leftovers
|-damage|p2a: Skarmory|29/100 brn|[from] brn
|upkeep
|turn|68
|
|move|p1a: Sableye|Taunt|p2a: Skarmory
|-start|p2a: Skarmory|move: Taunt
|move|p2a: Skarmory|Brave Bird|p1a: Sableye
|-damage|p1a: Sableye|52/100
|-damage|p2a: Skarmory|22/100 brn|[from] Recoil
|
|-heal|p2a: Skarmory|28/100 brn|[from] item: Leftovers
|-heal|p1a: Sableye|58/100|[from] item: Leftovers
|-damage|p2a: Skarmory|16/100 brn|[from] brn
|upkeep
|turn|69
|
|switch|p2a: Chandelure|Chandelure, F|100/100
|-damage|p2a: Chandelure|76/100|[from] Spikes
|-damage|p2a: Chandelure|51/100|[from] Stealth Rock
|move|p1a: Sableye|Recover|p1a: Sableye
|-heal|p1a: Sableye|100/100
|
|-heal|p2a: Chandelure|57/100|[from] item: Leftovers
|upkeep
|turn|70
|
|move|p2a: Chandelure|Shadow Ball|p1a: Sableye
|-damage|p1a: Sableye|53/100
|move|p1a: Sableye|Night Shade|p2a: Chandelure
|-damage|p2a: Chandelure|19/100
|
|-heal|p2a: Chandelure|25/100|[from] item: Leftovers
|-heal|p1a: Sableye|59/100|[from] item: Leftovers
|upkeep
|turn|71
|inactive|Alpha Kittens has 135 seconds left.
|inactive|R0SS has 135 seconds left.
|
|move|p1a: Sableye|Recover|p1a: Sableye
|-heal|p1a: Sableye|100/100
|move|p2a: Chandelure|Flamethrower|p1a: Sableye
|-damage|p1a: Sableye|36/100
|
|-heal|p2a: Chandelure|31/100|[from] item: Leftovers
|-heal|p1a: Sableye|42/100|[from] item: Leftovers
|upkeep
|turn|72
|
|move|p1a: Sableye|Recover|p1a: Sableye
|-heal|p1a: Sableye|92/100
|move|p2a: Chandelure|Flamethrower|p1a: Sableye
|-damage|p1a: Sableye|29/100
|
|-heal|p2a: Chandelure|37/100|[from] item: Leftovers
|-heal|p1a: Sableye|35/100|[from] item: Leftovers
|upkeep
|turn|73
|
|move|p1a: Sableye|Recover|p1a: Sableye
|-heal|p1a: Sableye|85/100
|move|p2a: Chandelure|Shadow Ball|p1a: Sableye
|-damage|p1a: Sableye|33/100
|
|-heal|p2a: Chandelure|43/100|[from] item: Leftovers
|-heal|p1a: Sableye|39/100|[from] item: Leftovers
|upkeep
|turn|74
|
|move|p1a: Sableye|Recover|p1a: Sableye
|-heal|p1a: Sableye|89/100
|move|p2a: Chandelure|Shadow Ball|p1a: Sableye
|-damage|p1a: Sableye|36/100
|
|-heal|p2a: Chandelure|49/100|[from] item: Leftovers
|-heal|p1a: Sableye|43/100|[from] item: Leftovers
|upkeep
|turn|75
|
|move|p1a: Sableye|Recover|p1a: Sableye
|-heal|p1a: Sableye|93/100
|move|p2a: Chandelure|Shadow Ball|p1a: Sableye
|-damage|p1a: Sableye|43/100
|
|-heal|p2a: Chandelure|55/100|[from] item: Leftovers
|-heal|p1a: Sableye|50/100|[from] item: Leftovers
|upkeep
|turn|76
|
|move|p1a: Sableye|Recover|p1a: Sableye
|-heal|p1a: Sableye|99/100
|move|p2a: Chandelure|Flamethrower|p1a: Sableye
|-damage|p1a: Sableye|43/100
|
|-heal|p2a: Chandelure|62/100|[from] item: Leftovers
|-heal|p1a: Sableye|50/100|[from] item: Leftovers
|upkeep
|turn|77
|
|move|p1a: Sableye|Recover|p1a: Sableye
|-heal|p1a: Sableye|99/100
|move|p2a: Chandelure|Shadow Ball|p1a: Sableye
|-damage|p1a: Sableye|53/100
|
|-heal|p2a: Chandelure|68/100|[from] item: Leftovers
|-heal|p1a: Sableye|59/100|[from] item: Leftovers
|upkeep
|turn|78
|
|move|p1a: Sableye|Recover|p1a: Sableye
|-heal|p1a: Sableye|100/100
|move|p2a: Chandelure|Shadow Ball|p1a: Sableye
|-damage|p1a: Sableye|53/100
|-unboost|p1a: Sableye|spd|1
|
|-heal|p2a: Chandelure|74/100|[from] item: Leftovers
|-heal|p1a: Sableye|59/100|[from] item: Leftovers
|upkeep
|turn|79
|
|move|p1a: Sableye|Taunt|p2a: Chandelure
|-start|p2a: Chandelure|move: Taunt
|move|p2a: Chandelure|Shadow Ball|p1a: Sableye
|-damage|p1a: Sableye|0 fnt
|faint|p1a: Sableye
|
|-heal|p2a: Chandelure|80/100|[from] item: Leftovers
|upkeep
|
|switch|p1a: Chansey|Chansey, F|100/100
|-damage|p1a: Chansey|88/100|[from] Stealth Rock
|turn|80
|
|switch|p2a: Breloom|Breloom, M|64/100
|-damage|p2a: Breloom|39/100|[from] Spikes
|-damage|p2a: Breloom|33/100|[from] Stealth Rock
|move|p1a: Chansey|Seismic Toss|p2a: Breloom
|-damage|p2a: Breloom|0 fnt
|faint|p2a: Breloom
|
|upkeep
|
|switch|p2a: Skarmory|Skarmory, M|16/100 brn
|-damage|p2a: Skarmory|4/100 brn|[from] Stealth Rock
|turn|81
|
|move|p2a: Skarmory|Roost|p2a: Skarmory
|-heal|p2a: Skarmory|54/100 brn
|move|p1a: Chansey|Seismic Toss|p2a: Skarmory
|-damage|p2a: Skarmory|23/100 brn
|
|-heal|p2a: Skarmory|29/100 brn|[from] item: Leftovers
|-damage|p2a: Skarmory|17/100 brn|[from] brn
|upkeep
|turn|82
|
|move|p2a: Skarmory|Roost|p2a: Skarmory
|-heal|p2a: Skarmory|67/100 brn
|move|p1a: Chansey|Seismic Toss|p2a: Skarmory
|-damage|p2a: Skarmory|37/100 brn
|
|-heal|p2a: Skarmory|43/100 brn|[from] item: Leftovers
|-damage|p2a: Skarmory|30/100 brn|[from] brn
|upkeep
|turn|83
|
|move|p2a: Skarmory|Roost|p2a: Skarmory
|-heal|p2a: Skarmory|81/100 brn
|move|p1a: Chansey|Seismic Toss|p2a: Skarmory
|-damage|p2a: Skarmory|50/100 brn
|
|-heal|p2a: Skarmory|56/100 brn|[from] item: Leftovers
|-damage|p2a: Skarmory|44/100 brn|[from] brn
|upkeep
|turn|84
|
|move|p1a: Chansey|Seismic Toss|p2a: Skarmory
|-damage|p2a: Skarmory|13/100 brn
|move|p2a: Skarmory|Whirlwind|p1a: Chansey
|drag|p1a: Forretress|Forretress, F|11/100
|-damage|p1a: Forretress|0 fnt|[from] Stealth Rock
|faint|p1a: Forretress
|
|-heal|p2a: Skarmory|19/100 brn|[from] item: Leftovers
|-damage|p2a: Skarmory|7/100 brn|[from] brn
|upkeep
|
|switch|p1a: Chansey|Chansey, F|88/100
|-damage|p1a: Chansey|76/100|[from] Stealth Rock
|turn|85
|
|move|p2a: Skarmory|Roost|p2a: Skarmory
|-heal|p2a: Skarmory|57/100 brn
|move|p1a: Chansey|Seismic Toss|p2a: Skarmory
|-damage|p2a: Skarmory|27/100 brn
|
|-heal|p2a: Skarmory|33/100 brn|[from] item: Leftovers
|-damage|p2a: Skarmory|21/100 brn|[from] brn
|upkeep
|turn|86
|
|move|p2a: Skarmory|Roost|p2a: Skarmory
|-heal|p2a: Skarmory|71/100 brn
|move|p1a: Chansey|Seismic Toss|p2a: Skarmory
|-damage|p2a: Skarmory|40/100 brn
|
|-heal|p2a: Skarmory|46/100 brn|[from] item: Leftovers
|-damage|p2a: Skarmory|34/100 brn|[from] brn
|upkeep
|turn|87
|
|move|p2a: Skarmory|Roost|p2a: Skarmory
|-heal|p2a: Skarmory|84/100 brn
|move|p1a: Chansey|Seismic Toss|p2a: Skarmory
|-damage|p2a: Skarmory|54/100 brn
|
|-heal|p2a: Skarmory|60/100 brn|[from] item: Leftovers
|-damage|p2a: Skarmory|48/100 brn|[from] brn
|upkeep
|turn|88
|
|move|p1a: Chansey|Seismic Toss|p2a: Skarmory
|-damage|p2a: Skarmory|17/100 brn
|move|p2a: Skarmory|Whirlwind|p1a: Chansey
|drag|p1a: Amoonguss|Amoonguss, M|97/100
|-damage|p1a: Amoonguss|84/100|[from] Stealth Rock
|
|-heal|p2a: Skarmory|23/100 brn|[from] item: Leftovers
|-heal|p1a: Amoonguss|90/100|[from] item: Black Sludge
|-damage|p2a: Skarmory|11/100 brn|[from] brn
|upkeep
|turn|89
|
|move|p2a: Skarmory|Roost|p2a: Skarmory
|-heal|p2a: Skarmory|61/100 brn
|move|p1a: Amoonguss|Hidden Power|p2a: Skarmory
|-resisted|p2a: Skarmory
|-damage|p2a: Skarmory|54/100 brn
|
|-heal|p2a: Skarmory|60/100 brn|[from] item: Leftovers
|-heal|p1a: Amoonguss|97/100|[from] item: Black Sludge
|-damage|p2a: Skarmory|48/100 brn|[from] brn
|upkeep
|turn|90
|inactive|Alpha Kittens has 135 seconds left.
|
|move|p2a: Skarmory|Roost|p2a: Skarmory
|-heal|p2a: Skarmory|98/100 brn
|move|p1a: Amoonguss|Hidden Power|p2a: Skarmory
|-resisted|p2a: Skarmory
|-damage|p2a: Skarmory|90/100 brn
|
|-heal|p2a: Skarmory|96/100 brn|[from] item: Leftovers
|-heal|p1a: Amoonguss|100/100|[from] item: Black Sludge
|-damage|p2a: Skarmory|84/100 brn|[from] brn
|upkeep
|turn|91
|
|move|p2a: Skarmory|Brave Bird|p1a: Amoonguss
|-supereffective|p1a: Amoonguss
|-damage|p1a: Amoonguss|72/100
|-damage|p2a: Skarmory|71/100 brn|[from] Recoil
|move|p1a: Amoonguss|Stun Spore|p2a: Skarmory|[miss]
|-miss|p1a: Amoonguss|p2a: Skarmory
|
|-heal|p2a: Skarmory|78/100 brn|[from] item: Leftovers
|-heal|p1a: Amoonguss|78/100|[from] item: Black Sludge
|-damage|p2a: Skarmory|65/100 brn|[from] brn
|upkeep
|turn|92
|inactive|Alpha Kittens has 135 seconds left.
|
|switch|p1a: Chansey|Chansey, F|76/100
|-damage|p1a: Chansey|63/100|[from] Stealth Rock
|move|p2a: Skarmory|Stealth Rock|p1a: Chansey
|-fail|p2a: Skarmory
|
|-heal|p2a: Skarmory|71/100 brn|[from] item: Leftovers
|-damage|p2a: Skarmory|59/100 brn|[from] brn
|upkeep
|turn|93
|
|switch|p2a: Chandelure|Chandelure, F|80/100
|-damage|p2a: Chandelure|55/100|[from] Spikes
|-damage|p2a: Chandelure|30/100|[from] Stealth Rock
|move|p1a: Chansey|Soft-Boiled|p1a: Chansey
|-heal|p1a: Chansey|100/100
|
|-heal|p2a: Chandelure|36/100|[from] item: Leftovers
|upkeep
|turn|94
|
|move|p2a: Chandelure|Substitute|p2a: Chandelure
|-start|p2a: Chandelure|Substitute
|-damage|p2a: Chandelure|12/100
|move|p1a: Chansey|Thunder Wave|p2a: Chandelure
|-fail|p2a: Chandelure
|
|-heal|p2a: Chandelure|18/100|[from] item: Leftovers
|upkeep
|turn|95
|
|move|p2a: Chandelure|Hidden Power|p1a: Chansey
|-supereffective|p1a: Chansey
|-damage|p1a: Chansey|85/100
|move|p1a: Chansey|Thunder Wave|p2a: Chandelure
|-fail|p2a: Chandelure
|
|-heal|p2a: Chandelure|24/100|[from] item: Leftovers
|upkeep
|turn|96
|
|move|p2a: Chandelure|Hidden Power|p1a: Chansey
|-supereffective|p1a: Chansey
|-damage|p1a: Chansey|71/100
|move|p1a: Chansey|Thunder Wave|p2a: Chandelure
|-fail|p2a: Chandelure
|
|-heal|p2a: Chandelure|30/100|[from] item: Leftovers
|upkeep
|turn|97
|
|move|p2a: Chandelure|Hidden Power|p1a: Chansey
|-supereffective|p1a: Chansey
|-damage|p1a: Chansey|56/100
|move|p1a: Chansey|Thunder Wave|p2a: Chandelure
|-fail|p2a: Chandelure
|
|-heal|p2a: Chandelure|36/100|[from] item: Leftovers
|upkeep
|turn|98
|j| steven psychic
|
|move|p2a: Chandelure|Flamethrower|p1a: Chansey
|-damage|p1a: Chansey|41/100
|move|p1a: Chansey|Thunder Wave|p2a: Chandelure
|-fail|p2a: Chandelure
|
|-heal|p2a: Chandelure|42/100|[from] item: Leftovers
|upkeep
|turn|99
|
|move|p2a: Chandelure|Hidden Power|p1a: Chansey
|-supereffective|p1a: Chansey
|-damage|p1a: Chansey|27/100
|move|p1a: Chansey|Soft-Boiled|p1a: Chansey
|-heal|p1a: Chansey|77/100
|
|-heal|p2a: Chandelure|48/100|[from] item: Leftovers
|upkeep
|turn|100
|
|move|p2a: Chandelure|Hidden Power|p1a: Chansey
|-supereffective|p1a: Chansey
|-damage|p1a: Chansey|64/100
|move|p1a: Chansey|Thunder Wave|p2a: Chandelure
|-fail|p2a: Chandelure
|
|-heal|p2a: Chandelure|54/100|[from] item: Leftovers
|upkeep
|turn|101
|
|move|p2a: Chandelure|Hidden Power|p1a: Chansey
|-supereffective|p1a: Chansey
|-damage|p1a: Chansey|50/100
|move|p1a: Chansey|Thunder Wave|p2a: Chandelure
|-fail|p2a: Chandelure
|
|-heal|p2a: Chandelure|60/100|[from] item: Leftovers
|upkeep
|turn|102
|
|move|p2a: Chandelure|Hidden Power|p1a: Chansey
|-supereffective|p1a: Chansey
|-damage|p1a: Chansey|35/100
|move|p1a: Chansey|Soft-Boiled|p1a: Chansey
|-heal|p1a: Chansey|85/100
|
|-heal|p2a: Chandelure|67/100|[from] item: Leftovers
|upkeep
|turn|103
|
|move|p2a: Chandelure|Hidden Power|p1a: Chansey
|-supereffective|p1a: Chansey
|-damage|p1a: Chansey|71/100
|move|p1a: Chansey|Thunder Wave|p2a: Chandelure
|-fail|p2a: Chandelure
|
|-heal|p2a: Chandelure|73/100|[from] item: Leftovers
|upkeep
|turn|104
|
|move|p2a: Chandelure|Flamethrower|p1a: Chansey
|-damage|p1a: Chansey|55/100
|move|p1a: Chansey|Thunder Wave|p2a: Chandelure
|-fail|p2a: Chandelure
|
|-heal|p2a: Chandelure|79/100|[from] item: Leftovers
|upkeep
|turn|105
|
|move|p2a: Chandelure|Hidden Power|p1a: Chansey
|-supereffective|p1a: Chansey
|-damage|p1a: Chansey|42/100
|move|p1a: Chansey|Thunder Wave|p2a: Chandelure
|-fail|p2a: Chandelure
|
|-heal|p2a: Chandelure|85/100|[from] item: Leftovers
|upkeep
|turn|106
|
|move|p2a: Chandelure|Flamethrower|p1a: Chansey
|-damage|p1a: Chansey|28/100
|move|p1a: Chansey|Soft-Boiled|p1a: Chansey
|-heal|p1a: Chansey|78/100
|
|-heal|p2a: Chandelure|91/100|[from] item: Leftovers
|upkeep
|turn|107
|
|move|p2a: Chandelure|Hidden Power|p1a: Chansey
|-supereffective|p1a: Chansey
|-damage|p1a: Chansey|62/100
|move|p1a: Chansey|Thunder Wave|p2a: Chandelure
|-fail|p2a: Chandelure
|
|-heal|p2a: Chandelure|97/100|[from] item: Leftovers
|upkeep
|turn|108
|
|move|p2a: Chandelure|Hidden Power|p1a: Chansey
|-supereffective|p1a: Chansey
|-damage|p1a: Chansey|47/100
|move|p1a: Chansey|Thunder Wave|p2a: Chandelure
|-fail|p2a: Chandelure
|
|-heal|p2a: Chandelure|100/100|[from] item: Leftovers
|upkeep
|turn|109
|
|move|p2a: Chandelure|Hidden Power|p1a: Chansey
|-supereffective|p1a: Chansey
|-damage|p1a: Chansey|34/100
|move|p1a: Chansey|Soft-Boiled|p1a: Chansey
|-heal|p1a: Chansey|84/100
|
|upkeep
|turn|110
|
|switch|p1a: Amoonguss|Amoonguss, M|100/100
|-damage|p1a: Amoonguss|88/100|[from] Stealth Rock
|move|p2a: Chandelure|Hidden Power|p1a: Amoonguss
|-resisted|p1a: Amoonguss
|-damage|p1a: Amoonguss|75/100
|
|-heal|p1a: Amoonguss|82/100|[from] item: Black Sludge
|upkeep
|turn|111
|
|switch|p1a: Chansey|Chansey, F|84/100
|-damage|p1a: Chansey|71/100|[from] Stealth Rock
|move|p2a: Chandelure|Shadow Ball|p1a: Chansey
|-immune|p1a: Chansey|[msg]
|
|upkeep
|turn|112
|
|switch|p1a: Amoonguss|Amoonguss, M|100/100
|-damage|p1a: Amoonguss|88/100|[from] Stealth Rock
|move|p2a: Chandelure|Flamethrower|p1a: Amoonguss
|-supereffective|p1a: Amoonguss
|-damage|p1a: Amoonguss|1/100
|
|-heal|p1a: Amoonguss|8/100|[from] item: Black Sludge
|upkeep
|turn|113
|
|switch|p1a: Chansey|Chansey, F|71/100
|-damage|p1a: Chansey|59/100|[from] Stealth Rock
|move|p2a: Chandelure|Hidden Power|p1a: Chansey
|-supereffective|p1a: Chansey
|-damage|p1a: Chansey|44/100
|
|upkeep
|turn|114
|
|move|p2a: Chandelure|Hidden Power|p1a: Chansey
|-supereffective|p1a: Chansey
|-damage|p1a: Chansey|30/100
|move|p1a: Chansey|Soft-Boiled|p1a: Chansey
|-heal|p1a: Chansey|80/100
|
|upkeep
|turn|115
|
|switch|p1a: Amoonguss|Amoonguss, M|41/100
|-damage|p1a: Amoonguss|29/100|[from] Stealth Rock
|move|p2a: Chandelure|Hidden Power|p1a: Amoonguss
|-resisted|p1a: Amoonguss
|-damage|p1a: Amoonguss|18/100
|
|-heal|p1a: Amoonguss|24/100|[from] item: Black Sludge
|upkeep
|turn|116
|
|switch|p1a: Chansey|Chansey, F|80/100
|-damage|p1a: Chansey|68/100|[from] Stealth Rock
|move|p2a: Chandelure|Hidden Power|p1a: Chansey
|-supereffective|p1a: Chansey
|-damage|p1a: Chansey|52/100
|
|upkeep
|turn|117
|
|switch|p1a: Amoonguss|Amoonguss, M|57/100
|-damage|p1a: Amoonguss|45/100|[from] Stealth Rock
|move|p2a: Chandelure|Flamethrower|p1a: Amoonguss
|-supereffective|p1a: Amoonguss
|-damage|p1a: Amoonguss|0 fnt
|faint|p1a: Amoonguss
|
|upkeep
|c|☆Alpha Kittens|gg
|-message|R0SS forfeited.
|
|win|Alpha Kittens
|l|☆R0SS
|raw|R0SS's rating: 1386 &rarr; <strong>1359</strong><br />(-27 for losing)
|raw|Alpha Kittens's rating: 1262 &rarr; <strong>1296</strong><br />(+34 for winning)
