|j|☆tr in b&w
|j|☆SkillfullBeing
|t:|1732488559
|gametype|singles
|player|p1|tr in b&w|102|1374
|player|p2|SkillfullBeing|nate|1347
|teamsize|p1|6
|teamsize|p2|6
|gen|5
|tier|[Gen 5] OU
|rated|
|rule|Species Clause: Limit one of each Pokémon
|rule|OHKO Clause: OHKO moves are banned
|rule|Moody Clause: Moody is banned
|rule|Evasion Items Clause: Evasion items are banned
|rule|Evasion Moves Clause: Evasion moves are banned
|rule|Endless Battle Clause: Forcing endless battles is banned
|rule|HP Percentage Mod: HP is shown in percentages
|rule|Evasion Abilities Clause: Evasion abilities are banned
|rule|Sleep Moves Clause: Sleep-inducing moves are banned
|rule|Swagger Clause: Swagger is banned
|rule|Baton Pass Stat Clause: No Baton Passer may have a way to boost its stats
|clearpoke
|poke|p1|Jellicent, M|item
|poke|p1|Reuniclus, M|item
|poke|p1|Ferrothorn, F|item
|poke|p1|Mesprit|item
|poke|p1|Heatran, F|item
|poke|p1|Tyranitar, F|item
|poke|p2|Jirachi|item
|poke|p2|Magnezone|item
|poke|p2|Garchomp, F|item
|poke|p2|Kyurem-Black|item
|poke|p2|Latios, M|item
|poke|p2|Starmie|item
|teampreview
|inactive|Battle timer is ON: inactive players will automatically lose when time's up. (requested by SkillfullBeing)
|
|t:|1732488572
|start
|switch|p1a: Heatran|Heatran, F|100/100
|switch|p2a: Kyurem|Kyurem-Black|100/100
|-ability|p2a: Kyurem|Teravolt
|-item|p1a: Heatran|Air Balloon
|turn|1
|
|t:|1732488582
|move|p2a: Kyurem|Fusion Bolt|p1a: Heatran
|-damage|p1a: Heatran|35/100
|-enditem|p1a: Heatran|Air Balloon
|move|p1a: Heatran|Magma Storm|p2a: Kyurem|[miss]
|-miss|p1a: Heatran|p2a: Kyurem
|
|upkeep
|turn|2
|
|t:|1732488591
|switch|p1a: Ferrothorn|Ferrothorn, F|100/100
|move|p2a: Kyurem|Fusion Bolt|p1a: Ferrothorn
|-resisted|p1a: Ferrothorn
|-crit|p1a: Ferrothorn
|-damage|p1a: Ferrothorn|45/100
|
|upkeep
|turn|3
|c|☆tr in b&w|Jesus fucking crist
|
|t:|1732488607
|switch|p1a: Tyranitar|Tyranitar, F|100/100
|-weather|Sandstorm|[from] ability: Sand Stream|[of] p1a: Tyranitar
|move|p2a: Kyurem|Fusion Bolt|p1a: Tyranitar
|-damage|p1a: Tyranitar|41/100
|
|-weather|Sandstorm|[upkeep]
|-damage|p2a: Kyurem|94/100|[from] Sandstorm
|upkeep
|turn|4
|
|t:|1732488616
|move|p2a: Kyurem|Fusion Bolt|p1a: Tyranitar
|-damage|p1a: Tyranitar|0 fnt
|faint|p1a: Tyranitar
|
|-weather|Sandstorm|[upkeep]
|-damage|p2a: Kyurem|88/100|[from] Sandstorm
|upkeep
|
|t:|1732488617
|switch|p1a: Mesprit|Mesprit|100/100
|turn|5
|
|t:|1732488619
|move|p2a: Kyurem|Fusion Bolt|p1a: Mesprit
|-damage|p1a: Mesprit|44/100
|move|p1a: Mesprit|Trick Room|p1a: Mesprit
|-fieldstart|move: Trick Room|[of] p1a: Mesprit
|
|-weather|Sandstorm|[upkeep]
|-damage|p1a: Mesprit|38/100|[from] Sandstorm
|-damage|p2a: Kyurem|82/100|[from] Sandstorm
|upkeep
|turn|6
|
|t:|1732488623
|switch|p2a: Jirachi|Jirachi|100/100
|move|p1a: Mesprit|Healing Wish|p1a: Mesprit
|faint|p1a: Mesprit
|
|-weather|Sandstorm|[upkeep]
|upkeep
|
|t:|1732488625
|switch|p1a: Heatran|Heatran, F|35/100
|-heal|p1a: Heatran|100/100|[from] move: Healing Wish
|turn|7
|
|t:|1732488633
|move|p1a: Heatran|Magma Storm|p2a: Jirachi
|-supereffective|p2a: Jirachi
|-damage|p2a: Jirachi|3/100
|-activate|p2a: Jirachi|move: Magma Storm|[of] p1a: Heatran
|move|p2a: Jirachi|Stealth Rock|p1a: Heatran
|-sidestart|p1: tr in b&w|move: Stealth Rock
|
|-weather|Sandstorm|[upkeep]
|-heal|p2a: Jirachi|9/100|[from] item: Leftovers
|-damage|p2a: Jirachi|3/100|[from] move: Magma Storm|[partiallytrapped]
|upkeep
|turn|8
|
|t:|1732488640
|move|p1a: Heatran|Earth Power|p2a: Jirachi
|-supereffective|p2a: Jirachi
|-damage|p2a: Jirachi|0 fnt
|faint|p2a: Jirachi
|
|-weather|Sandstorm|[upkeep]
|upkeep
|
|t:|1732488645
|switch|p2a: Starmie|Starmie|100/100
|-item|p2a: Starmie|Air Balloon
|turn|9
|
|t:|1732488648
|switch|p1a: Jellicent|Jellicent, M|100/100
|-damage|p1a: Jellicent|88/100|[from] Stealth Rock
|-item|p1a: Jellicent|Air Balloon
|move|p2a: Starmie|Hydro Pump|p1a: Jellicent
|-heal|p1a: Jellicent|100/100|[from] ability: Water Absorb|[of] p2a: Starmie
|
|-weather|Sandstorm|[upkeep]
|-damage|p1a: Jellicent|94/100|[from] Sandstorm
|-damage|p2a: Starmie|94/100|[from] Sandstorm
|-fieldend|move: Trick Room
|upkeep
|turn|10
|
|t:|1732488651
|move|p2a: Starmie|Thunder|p1a: Jellicent
|-supereffective|p1a: Jellicent
|-damage|p1a: Jellicent|55/100
|-enditem|p1a: Jellicent|Air Balloon
|move|p1a: Jellicent|Trick Room|p1a: Jellicent
|-fieldstart|move: Trick Room|[of] p1a: Jellicent
|
|-weather|Sandstorm|[upkeep]
|-damage|p1a: Jellicent|49/100|[from] Sandstorm
|-damage|p2a: Starmie|88/100|[from] Sandstorm
|upkeep
|turn|11
|
|t:|1732488661
|switch|p2a: Magnezone|Magnezone|100/100
|-item|p2a: Magnezone|Air Balloon
|move|p1a: Jellicent|Recover|p1a: Jellicent
|-heal|p1a: Jellicent|99/100
|
|-weather|Sandstorm|[upkeep]
|-damage|p1a: Jellicent|93/100|[from] Sandstorm
|upkeep
|turn|12
|j| CertamenMeum
|
|t:|1732488667
|switch|p1a: Heatran|Heatran, F|100/100
|-damage|p1a: Heatran|88/100|[from] Stealth Rock
|move|p2a: Magnezone|Thunderbolt|p1a: Heatran
|-damage|p1a: Heatran|45/100
|
|-weather|Sandstorm|[upkeep]
|upkeep
|turn|13
|
|t:|1732488673
|switch|p2a: Starmie|Starmie|88/100
|-item|p2a: Starmie|Air Balloon
|move|p1a: Heatran|Magma Storm|p2a: Starmie|[miss]
|-miss|p1a: Heatran|p2a: Starmie
|
|-weather|Sandstorm|[upkeep]
|-damage|p2a: Starmie|82/100|[from] Sandstorm
|upkeep
|turn|14
|c|☆tr in b&w|Ajajdjwwjbsjdkwvwhebenwnene
|c|☆tr in b&w|wmdhfujenwndjdkkwme
|c|☆tr in b&w|fjene
|c|☆tr in b&w|geyoem meld emekie
|c|☆tr in b&w|jisa
|c|☆tr in b&w|Mack she wmckxkshw w
|c|☆tr in b&w|djcuebw
|c|☆tr in b&w|w
|c|☆tr in b&w|ducuehe
|c|☆tr in b&w|w
|c|☆tr in b&w|dcutdbwnwkwke
|c|☆tr in b&w|f firiri r rm
|c|☆tr in b&w|fieuwgwbw
|c|☆tr in b&w|meuddhwhusiwkqbsbs fm
|c|☆tr in b&w|e bc xisjwnwnmd
|c|☆tr in b&w|rjfbe
|c|☆tr in b&w|djdjehwhb be f
|c|☆tr in b&w|fnfhdsyhwbebrbdne
|inactive|tr in b&w has 120 seconds left.
|c|☆tr in b&w|e fbdjsiaoqownfbf r rmfjdiswonee
|c|☆tr in b&w|DnemeoeosowPwkjwjsnxb d
|c|☆tr in b&w|w
|c|☆tr in b&w|f cnndnemdndnneenjwowosoxushbwbebdjkqkqms d
|c|☆tr in b&w|fm
|inactive|tr in b&w has 90 seconds left.
|c|☆tr in b&w|I hope every single one of you bitches
|c|☆tr in b&w|burns alive
|inactive|tr in b&w has 60 seconds left.
|c|☆SkillfullBeing|Ok
|inactive|tr in b&w has 30 seconds left.
|inactive|tr in b&w has 20 seconds left.
|inactive|tr in b&w has 15 seconds left.
|inactive|tr in b&w has 10 seconds left.
|inactive|tr in b&w has 5 seconds left.
|-message|tr in b&w lost due to inactivity.
|
|win|SkillfullBeing
|raw|tr in b&amp;w's rating: 1374 &rarr; <strong>1353</strong><br />(-21 for losing)
|raw|SkillfullBeing's rating: 1365 &rarr; <strong>1386</strong><br />(+21 for winning)
|l|☆SkillfullBeing
|player|p2|
