|j|☆TheDetails
|j|☆Pythagorean Python
|player|p1|TheDetails|170|1403
|player|p2|Pythagorean Python|159|1492
|teamsize|p1|6
|teamsize|p2|6
|gametype|singles
|gen|5
|tier|[Gen 5] OU
|rated|
|clearpoke
|poke|p1|Tyranitar, F|item
|poke|p1|Latios, M|item
|poke|p1|Rotom-Wash|item
|poke|p1|Ferrothorn, M|item
|poke|p1|Landorus-Therian, M|item
|poke|p1|Garchomp, F|item
|poke|p2|Salamence, M|item
|poke|p2|Garchomp, M|item
|poke|p2|Meloetta|item
|poke|p2|Raikou|item
|poke|p2|Mienshao, F|item
|poke|p2|Jirachi|item
|rule|Species Clause: Limit one of each Pokémon
|rule|OHKO Clause: OHKO moves are banned
|rule|Moody Clause: Moody is banned
|rule|Evasion Moves Clause: Evasion moves are banned
|rule|Endless Battle Clause: Forcing endless battles is banned
|rule|HP Percentage Mod: HP is shown in percentages
|rule|Evasion Abilities Clause: Evasion abilities are banned
|rule|Baton Pass Clause: Limit one Baton Passer, can't pass Spe and other stats simultaneously
|rule|Sleep Clause: Sleep-inducing moves are banned
|rule|Swagger Clause: Swagger is banned
|teampreview
|inactive|Battle timer is ON: inactive players will automatically lose when time's up. (requested by Pythagorean Python)
|
|start
|switch|p1a: Landorus|Landorus-Therian, M|100/100
|switch|p2a: Mienshao|Mienshao, F|100/100
|-ability|p1a: Landorus|Intimidate|boost
|-unboost|p2a: Mienshao|atk|1
|turn|1
|
|move|p2a: Mienshao|Hidden Power|p1a: Landorus
|-supereffective|p1a: Landorus
|-damage|p1a: Landorus|10/100
|move|p1a: Landorus|Hidden Power|p2a: Mienshao
|-damage|p2a: Mienshao|63/100
|
|upkeep
|turn|2
|
|switch|p1a: Ferrothorn|Ferrothorn, M|100/100
|move|p2a: Mienshao|U-turn|p1a: Ferrothorn
|-damage|p1a: Ferrothorn|91/100
|-damage|p2a: Mienshao|51/100|[from] ability: Iron Barbs|[of] p1a: Ferrothorn
|
|switch|p2a: Jirachi|Jirachi|100/100|[from]move: U-turn
|
|-heal|p1a: Ferrothorn|97/100|[from] item: Leftovers
|upkeep
|turn|3
|
|move|p2a: Jirachi|Stealth Rock|p1a: Ferrothorn
|-sidestart|p1: TheDetails|move: Stealth Rock
|move|p1a: Ferrothorn|Knock Off|p2a: Jirachi
|-damage|p2a: Jirachi|96/100
|-enditem|p2a: Jirachi|Leftovers|[from] move: Knock Off|[of] p1a: Ferrothorn
|
|-heal|p1a: Ferrothorn|100/100|[from] item: Leftovers
|upkeep
|turn|4
|
|move|p2a: Jirachi|Fire Punch|p1a: Ferrothorn
|-supereffective|p1a: Ferrothorn
|-damage|p1a: Ferrothorn|46/100
|-damage|p2a: Jirachi|84/100|[from] ability: Iron Barbs|[of] p1a: Ferrothorn
|move|p1a: Ferrothorn|Spikes|p2a: Jirachi
|-sidestart|p2: Pythagorean Python|Spikes
|
|-heal|p1a: Ferrothorn|52/100|[from] item: Leftovers
|upkeep
|turn|5
|
|switch|p1a: Rotom|Rotom-Wash|100/100
|-damage|p1a: Rotom|88/100|[from] Stealth Rock
|move|p2a: Jirachi|Fire Punch|p1a: Rotom
|-resisted|p1a: Rotom
|-damage|p1a: Rotom|77/100
|
|-heal|p1a: Rotom|83/100|[from] item: Leftovers
|upkeep
|turn|6
|
|switch|p2a: Salamence|Salamence, M|100/100
|-ability|p2a: Salamence|Intimidate|boost
|-unboost|p1a: Rotom|atk|1
|move|p1a: Rotom|Will-O-Wisp|p2a: Salamence
|-status|p2a: Salamence|brn
|
|-heal|p1a: Rotom|89/100|[from] item: Leftovers
|-damage|p2a: Salamence|88/100 brn|[from] brn
|upkeep
|turn|7
|
|move|p2a: Salamence|Draco Meteor|p1a: Rotom
|-damage|p1a: Rotom|38/100
|-unboost|p2a: Salamence|spa|2
|move|p1a: Rotom|Volt Switch|p2a: Salamence
|-damage|p2a: Salamence|56/100 brn
|
|switch|p1a: Ferrothorn|Ferrothorn, M|52/100|[from]move: Volt Switch
|-damage|p1a: Ferrothorn|46/100|[from] Stealth Rock
|
|-heal|p1a: Ferrothorn|52/100|[from] item: Leftovers
|-damage|p2a: Salamence|44/100 brn|[from] brn
|upkeep
|turn|8
|
|move|p2a: Salamence|Fire Blast|p1a: Ferrothorn
|-supereffective|p1a: Ferrothorn
|-damage|p1a: Ferrothorn|0 fnt
|faint|p1a: Ferrothorn
|
|-damage|p2a: Salamence|31/100 brn|[from] brn
|upkeep
|
|switch|p1a: Latios|Latios, M|100/100
|-damage|p1a: Latios|88/100|[from] Stealth Rock
|turn|9
|
|move|p1a: Latios|Dragon Pulse|p2a: Salamence
|-supereffective|p2a: Salamence
|-damage|p2a: Salamence|0 fnt
|faint|p2a: Salamence
|
|upkeep
|
|switch|p2a: Jirachi|Jirachi|84/100
|-damage|p2a: Jirachi|71/100|[from] Spikes
|turn|10
|inactive|TheDetails has 120 seconds left.
|
|switch|p1a: Tyranitar|Tyranitar, F|100/100
|-damage|p1a: Tyranitar|88/100|[from] Stealth Rock
|-weather|Sandstorm|[from] ability: Sand Stream|[of] p1a: Tyranitar
|move|p2a: Jirachi|Iron Head|p1a: Tyranitar
|-supereffective|p1a: Tyranitar
|-damage|p1a: Tyranitar|29/100
|
|-weather|Sandstorm|[upkeep]
|upkeep
|turn|11
|inactive|TheDetails has 120 seconds left.
|
|move|p2a: Jirachi|Iron Head|p1a: Tyranitar
|-supereffective|p1a: Tyranitar
|-damage|p1a: Tyranitar|0 fnt
|faint|p1a: Tyranitar
|
|-weather|Sandstorm|[upkeep]
|upkeep
|
|switch|p1a: Garchomp|Garchomp, F, shiny|100/100
|-damage|p1a: Garchomp|94/100|[from] Stealth Rock
|turn|12
|inactive|TheDetails has 120 seconds left.
|
|move|p1a: Garchomp|Stealth Rock|p2a: Jirachi
|-sidestart|p2: Pythagorean Python|move: Stealth Rock
|move|p2a: Jirachi|Iron Head|p1a: Garchomp
|-damage|p1a: Garchomp|60/100
|-damage|p2a: Jirachi|59/100|[from] ability: Rough Skin|[of] p1a: Garchomp
|
|-weather|Sandstorm|[upkeep]
|upkeep
|turn|13
|inactive|TheDetails has 120 seconds left.
|
|switch|p1a: Latios|Latios, M|88/100
|-damage|p1a: Latios|76/100|[from] Stealth Rock
|move|p2a: Jirachi|Iron Head|p1a: Latios
|-damage|p1a: Latios|28/100
|
|-weather|Sandstorm|[upkeep]
|-damage|p1a: Latios|22/100|[from] Sandstorm
|upkeep
|turn|14
|
|move|p1a: Latios|Surf|p2a: Jirachi
|-damage|p2a: Jirachi|12/100
|move|p2a: Jirachi|Iron Head|p1a: Latios
|-damage|p1a: Latios|0 fnt
|faint|p1a: Latios
|
|-weather|Sandstorm|[upkeep]
|upkeep
|
|switch|p1a: Garchomp|Garchomp, F, shiny|60/100
|-damage|p1a: Garchomp|54/100|[from] Stealth Rock
|turn|15
|
|move|p1a: Garchomp|Earthquake|p2a: Jirachi
|-supereffective|p2a: Jirachi
|-damage|p2a: Jirachi|0 fnt
|faint|p2a: Jirachi
|
|-weather|Sandstorm|[upkeep]
|upkeep
|
|switch|p2a: Garchomp|Garchomp, M|100/100
|-damage|p2a: Garchomp|94/100|[from] Stealth Rock
|-damage|p2a: Garchomp|82/100|[from] Spikes
|turn|16
|
|switch|p1a: Landorus|Landorus-Therian, M|10/100
|-damage|p1a: Landorus|0 fnt|[from] Stealth Rock
|faint|p1a: Landorus
|move|p2a: Garchomp|Outrage|p1: Landorus|[notarget]
|-fail|p2a: Garchomp
|
|-weather|Sandstorm|[upkeep]
|upkeep
|
|switch|p1a: Garchomp|Garchomp, F, shiny|54/100
|-damage|p1a: Garchomp|48/100|[from] Stealth Rock
|turn|17
|
|move|p1a: Garchomp|Dual Chop|p2a: Garchomp
|-supereffective|p2a: Garchomp
|-damage|p2a: Garchomp|42/100
|-damage|p1a: Garchomp|35/100|[from] ability: Rough Skin|[of] p2a: Garchomp
|-supereffective|p2a: Garchomp
|-damage|p2a: Garchomp|3/100
|-damage|p1a: Garchomp|23/100|[from] ability: Rough Skin|[of] p2a: Garchomp
|-hitcount|p2a: Garchomp|2
|move|p2a: Garchomp|Outrage|p1a: Garchomp
|-supereffective|p1a: Garchomp
|-damage|p1a: Garchomp|0 fnt
|-damage|p2a: Garchomp|0 fnt|[from] ability: Rough Skin|[of] p1a: Garchomp
|faint|p2a: Garchomp
|faint|p1a: Garchomp
|
|-weather|Sandstorm|[upkeep]
|upkeep
|inactive|Pythagorean Python has 120 seconds left.
|
|switch|p2a: Mienshao|Mienshao, F|51/100
|switch|p1a: Rotom|Rotom-Wash|38/100
|-damage|p2a: Mienshao|45/100|[from] Stealth Rock
|-damage|p2a: Mienshao|33/100|[from] Spikes
|-damage|p1a: Rotom|26/100|[from] Stealth Rock
|turn|18
|
|move|p2a: Mienshao|High Jump Kick|p1a: Rotom
|-crit|p1a: Rotom
|-damage|p1a: Rotom|0 fnt
|faint|p1a: Rotom
|
|win|Pythagorean Python
|raw|TheDetails's rating: 1403 &rarr; <strong>1388</strong><br />(-15 for losing)
|raw|Pythagorean Python's rating: 1492 &rarr; <strong>1507</strong><br />(+15 for winning)
|l|☆TheDetails
|c|☆Pythagorean Python|gg
