|j|☆irgendwasmitmeeem
|j|☆Ausodidsomething
|t:|1705760112
|gametype|singles
|player|p1|irgendwasmitmeeem|scott|1474
|player|p2|Ausodidsomething|hiker-gen4|1402
|teamsize|p1|6
|teamsize|p2|6
|gen|5
|tier|[Gen 5] OU
|rated|
|rule|Species Clause: Limit one of each Pokémon
|rule|OHKO Clause: OHKO moves are banned
|rule|Moody Clause: Moody is banned
|rule|Evasion Items Clause: Evasion items are banned
|rule|Evasion Moves Clause: Evasion moves are banned
|rule|Endless Battle Clause: Forcing endless battles is banned
|rule|HP Percentage Mod: HP is shown in percentages
|rule|Evasion Abilities Clause: Evasion abilities are banned
|rule|Sleep Moves Clause: Sleep-inducing moves are banned
|rule|Swagger Clause: Swagger is banned
|rule|Baton Pass Stat Clause: No Baton Passer may have a way to boost its stats
|clearpoke
|poke|p1|Politoed, M|item
|poke|p1|Starmie|item
|poke|p1|Keldeo|item
|poke|p1|Latios, M|item
|poke|p1|Tornadus, M|item
|poke|p1|Ferrothorn, M|item
|poke|p2|Garchomp, M|item
|poke|p2|Dragonite, M|item
|poke|p2|Magnezone|item
|poke|p2|Latios, M|item
|poke|p2|Scizor, M|item
|poke|p2|Starmie|item
|teampreview
|inactive|Battle timer is ON: inactive players will automatically lose when time's up. (requested by irgendwasmitmeeem)
|
|t:|1705760145
|start
|switch|p1a: Politoed|Politoed, M, shiny|100/100
|switch|p2a: Garchomp|Garchomp, M|100/100
|-weather|RainDance|[from] ability: Drizzle|[of] p1a: Politoed
|turn|1
|
|t:|1705760151
|move|p2a: Garchomp|Stealth Rock|p1a: Politoed
|-sidestart|p1: irgendwasmitmeeem|move: Stealth Rock
|move|p1a: Politoed|Hydro Pump|p2a: Garchomp
|-damage|p2a: Garchomp|0 fnt
|faint|p2a: Garchomp
|
|-weather|RainDance|[upkeep]
|upkeep
|
|t:|1705760158
|switch|p2a: Starmie|Starmie|100/100
|turn|2
|
|t:|1705760165
|switch|p1a: Ferrothorn|Ferrothorn, M, shiny|100/100
|-damage|p1a: Ferrothorn|94/100|[from] Stealth Rock
|move|p2a: Starmie|Thunderbolt|p1a: Ferrothorn
|-resisted|p1a: Ferrothorn
|-damage|p1a: Ferrothorn|86/100
|-status|p1a: Ferrothorn|par
|
|-weather|RainDance|[upkeep]
|-heal|p1a: Ferrothorn|93/100 par|[from] item: Leftovers
|upkeep
|turn|3
|
|t:|1705760175
|switch|p2a: Magnezone|Magnezone|100/100
|-item|p2a: Magnezone|Air Balloon
|switch|p1a: Starmie|Starmie|100/100
|-damage|p1a: Starmie|88/100|[from] Stealth Rock
|
|-weather|RainDance|[upkeep]
|upkeep
|turn|4
|
|t:|1705760183
|move|p1a: Starmie|Hydro Pump|p2a: Magnezone
|-damage|p2a: Magnezone|0 fnt
|-enditem|p2a: Magnezone|Air Balloon
|faint|p2a: Magnezone
|
|-weather|RainDance|[upkeep]
|upkeep
|
|t:|1705760189
|switch|p2a: Scizor|Scizor, M|100/100
|turn|5
|inactive|irgendwasmitmeeem has 120 seconds left.
|
|t:|1705760219
|move|p1a: Starmie|Hydro Pump|p2a: Scizor|[miss]
|-miss|p1a: Starmie|p2a: Scizor
|move|p2a: Scizor|Pursuit|p1a: Starmie
|-supereffective|p1a: Starmie
|-damage|p1a: Starmie|0 fnt
|faint|p1a: Starmie
|
|-weather|RainDance|[upkeep]
|upkeep
|inactive|irgendwasmitmeeem has 120 seconds left.
|
|t:|1705760232
|switch|p1a: Ferrothorn|Ferrothorn, M, shiny|93/100 par
|-damage|p1a: Ferrothorn|86/100 par|[from] Stealth Rock
|turn|6
|
|t:|1705760243
|switch|p2a: Dragonite|Dragonite, M|100/100
|move|p1a: Ferrothorn|Stealth Rock|p2a: Dragonite
|-sidestart|p2: Ausodidsomething|move: Stealth Rock
|
|-weather|RainDance|[upkeep]
|-heal|p1a: Ferrothorn|93/100 par|[from] item: Leftovers
|upkeep
|turn|7
|inactive|Ausodidsomething has 120 seconds left.
|
|t:|1705760276
|move|p2a: Dragonite|Dragon Dance|p2a: Dragonite
|-boost|p2a: Dragonite|atk|1
|-boost|p2a: Dragonite|spe|1
|move|p1a: Ferrothorn|Gyro Ball|p2a: Dragonite
|-crit|p2a: Dragonite
|-damage|p2a: Dragonite|51/100
|
|-weather|RainDance|[upkeep]
|-heal|p1a: Ferrothorn|99/100 par|[from] item: Leftovers
|upkeep
|turn|8
|
|t:|1705760284
|move|p2a: Dragonite|Earthquake|p1a: Ferrothorn
|-damage|p1a: Ferrothorn|57/100 par
|cant|p1a: Ferrothorn|par
|
|-weather|RainDance|[upkeep]
|-heal|p1a: Ferrothorn|63/100 par|[from] item: Leftovers
|upkeep
|turn|9
|
|t:|1705760290
|move|p2a: Dragonite|Dragon Dance|p2a: Dragonite
|-boost|p2a: Dragonite|atk|1
|-boost|p2a: Dragonite|spe|1
|cant|p1a: Ferrothorn|par
|
|-weather|RainDance|[upkeep]
|-heal|p1a: Ferrothorn|70/100 par|[from] item: Leftovers
|upkeep
|turn|10
|inactive|Ausodidsomething has 120 seconds left.
|
|t:|1705760311
|move|p2a: Dragonite|Dragon Dance|p2a: Dragonite
|-boost|p2a: Dragonite|atk|1
|-boost|p2a: Dragonite|spe|1
|move|p1a: Ferrothorn|Gyro Ball|p2a: Dragonite
|-damage|p2a: Dragonite|0 fnt
|faint|p2a: Dragonite
|
|-weather|RainDance|[upkeep]
|-heal|p1a: Ferrothorn|76/100 par|[from] item: Leftovers
|upkeep
|inactive|Ausodidsomething has 120 seconds left.
|c|☆irgendwasmitmeeem|hahaha
|-message|Ausodidsomething forfeited.
|
|win|irgendwasmitmeeem
|raw|irgendwasmitmeeem's rating: 1474 &rarr; <strong>1490</strong><br />(+16 for winning)
|raw|Ausodidsomething's rating: 1402 &rarr; <strong>1386</strong><br />(-16 for losing)
|l|☆Ausodidsomething
|player|p2|
