|join|Julian
|join|Level 56
|player|p1|Julian|169
|player|p2|Level 56|291
|gametype|singles
|gen|5
|tier|[Gen 5] OU
|rated
|rule|Evasion Abilities Clause: Evasion abilities are banned
|clearpoke
|poke|p1|Politoed, F
|poke|p1|Moltres
|poke|p1|Amoonguss, F, shiny
|poke|p1|Tentacruel, M
|poke|p1|Jirachi
|poke|p1|Tornadus, M
|poke|p2|Skarmory, F
|poke|p2|Terrakion
|poke|p2|Scizor, F
|poke|p2|Latios, M
|poke|p2|Breloom, M
|poke|p2|Suicune
|rule|Sleep Clause Mod: Limit one foe put to sleep
|rule|Species Clause: Limit one of each Pokemon
|rule|OHKO Clause: OHKO moves are banned
|rule|Moody Clause: Moody is banned
|rule|Evasion Moves Clause: Evasion moves are banned
|rule|Endless Battle Clause: Forcing endless battles is banned.
|rule|HP Percentage Mod: HP is reported as percentages
|teampreview
|join|LurkingBird
|
|start
|switch|p1a: Tentacruel|Tentacruel, M|364/364
|switch|p2a: Skarmory|Skarmory, F|271/271
|turn|1
|
|move|p1a: Tentacruel|Scald|p2a: Skarmory
|-damage|p2a: Skarmory|168/271
|move|p2a: Skarmory|Stealth Rock|p1a: Tentacruel
|-sidestart|p1: Julian|move: Stealth Rock
|
|turn|2
|
|move|p1a: Tentacruel|Rapid Spin|p2a: Skarmory
|-resisted|p2a: Skarmory
|-damage|p2a: Skarmory|164/271
|-sideend|p1: Julian|Stealth Rock|[from] move: Rapid Spin|[of] p1a: Tentacruel
|move|p2a: Skarmory|Brave Bird|p1a: Tentacruel
|-crit|p1a: Tentacruel
|-damage|p1a: Tentacruel|63/364
|-damage|p2a: Skarmory|65/271|[from] recoil|[of] p1a: Tentacruel
|
|-heal|p1a: Tentacruel|85/364|[from] item: Black Sludge
|turn|3
|-enditem|p2a: Skarmory|Custap Berry|[eat]
|-activate|p2a: Skarmory|Custap Berry
|
|move|p2a: Skarmory|Stealth Rock|p1a: Tentacruel
|-sidestart|p1: Julian|move: Stealth Rock
|move|p1a: Tentacruel|Rapid Spin|p2a: Skarmory
|-crit|p2a: Skarmory
|-resisted|p2a: Skarmory
|-damage|p2a: Skarmory|56/271
|-sideend|p1: Julian|Stealth Rock|[from] move: Rapid Spin|[of] p1a: Tentacruel
|
|-heal|p1a: Tentacruel|107/364|[from] item: Black Sludge
|turn|4
|
|move|p1a: Tentacruel|Scald|p2a: Skarmory
|-damage|p2a: Skarmory|0 fnt
|faint|p2a: Skarmory
|
|-heal|p1a: Tentacruel|129/364|[from] item: Black Sludge
|
|switch|p2a: Latios|Latios, M|301/301
|turn|5
|
|switch|p2a: Scizor|Scizor, F|281/281
|move|p1a: Tentacruel|Protect|p1a: Tentacruel
|-fail|p1a: Tentacruel
|
|-heal|p1a: Tentacruel|151/364|[from] item: Black Sludge
|turn|6
|
|move|p1a: Tentacruel|Protect|p1a: Tentacruel
|-singleturn|p1a: Tentacruel|Protect
|move|p2a: Scizor|U-turn|p1a: Tentacruel
|-activate|p1a: Tentacruel|Protect
|
|-heal|p1a: Tentacruel|173/364|[from] item: Black Sludge
|turn|7
|
|switch|p1a: Moltres|Moltres|321/321
|-ability|p1a: Moltres|Pressure
|move|p2a: Scizor|U-turn|p1a: Moltres
|-crit|p1a: Moltres
|-resisted|p1a: Moltres
|-damage|p1a: Moltres|213/321
|
|switch|p2a: Terrakion|Terrakion|323/323
|
|turn|8
|
|switch|p1a: Politoed|Politoed, F|322/322
|-weather|RainDance|[from] ability: Drizzle|[of] p1a: Politoed
|move|p2a: Terrakion|Close Combat|p1a: Politoed
|-damage|p1a: Politoed|28/322
|-unboost|p2a: Terrakion|def|1
|-unboost|p2a: Terrakion|spd|1
|
|-weather|RainDance|[upkeep]
|turn|9
|
|switch|p1a: Amoonguss|Amoonguss, F, shiny|432/432
|move|p2a: Terrakion|Close Combat|p1a: Amoonguss
|-resisted|p1a: Amoonguss
|-damage|p1a: Amoonguss|268/432
|-unboost|p2a: Terrakion|def|1
|-unboost|p2a: Terrakion|spd|1
|
|-weather|RainDance|[upkeep]
|-heal|p1a: Amoonguss|295/432|[from] item: Black Sludge
|turn|10
|
|switch|p2a: Scizor|Scizor, F|281/281
|move|p1a: Amoonguss|Spore|p2a: Scizor
|-status|p2a: Scizor|slp
|
|-weather|RainDance|[upkeep]
|-heal|p1a: Amoonguss|322/432|[from] item: Black Sludge
|turn|11
|
|switch|p1a: Moltres|Moltres|213/321
|-ability|p1a: Moltres|Pressure
|cant|p2a: Scizor|slp
|
|-weather|RainDance|[upkeep]
|turn|12
|
|move|p1a: Moltres|Hurricane|p2a: Scizor
|-damage|p2a: Scizor|0 fnt
|faint|p2a: Scizor
|
|-weather|RainDance|[upkeep]
|
|switch|p2a: Latios|Latios, M|301/301
|turn|13
|
|switch|p1a: Jirachi|Jirachi|404/404
|move|p2a: Latios|Surf|p1a: Jirachi
|-damage|p1a: Jirachi|276/404
|
|-weather|RainDance|[upkeep]
|-heal|p1a: Jirachi|301/404|[from] item: Leftovers
|turn|14
|
|switch|p2a: Suicune|Suicune|371/371
|-ability|p2a: Suicune|Pressure
|move|p1a: Jirachi|Stealth Rock|p2a: Suicune
|-sidestart|p2: Level 56|move: Stealth Rock
|
|-weather|RainDance|[upkeep]
|-heal|p1a: Jirachi|326/404|[from] item: Leftovers
|turn|15
|
|move|p1a: Jirachi|Wish|p1a: Jirachi
|move|p2a: Suicune|Calm Mind|p2a: Suicune
|-boost|p2a: Suicune|spa|1
|-boost|p2a: Suicune|spd|1
|
|-weather|RainDance|[upkeep]
|-heal|p1a: Jirachi|351/404|[from] item: Leftovers
|turn|16
|
|switch|p1a: Politoed|Politoed, F|28/322
|move|p2a: Suicune|Scald|p1a: Politoed
|-resisted|p1a: Politoed
|-damage|p1a: Politoed|0 fnt
|faint|p1a: Politoed
|
|-weather|RainDance|[upkeep]
|
|switch|p1a: Amoonguss|Amoonguss, F, shiny|432/432
|turn|17
|
|move|p2a: Suicune|Scald|p1a: Amoonguss
|-resisted|p1a: Amoonguss
|-damage|p1a: Amoonguss|346/432
|move|p1a: Amoonguss|Spore|p2a: Suicune
|-status|p2a: Suicune|slp
|
|-weather|RainDance|[upkeep]
|-heal|p1a: Amoonguss|373/432|[from] item: Black Sludge
|turn|18
|
|switch|p1a: Tentacruel|Tentacruel, M|173/364
|cant|p2a: Suicune|slp
|move|p2a: Suicune|Sleep Talk|p2a: Suicune
|move|p2a: Suicune|Rest|p2a: Suicune|[from]Sleep Talk
|-fail|p2a: Suicune
|
|-weather|RainDance|[upkeep]
|-heal|p1a: Tentacruel|195/364|[from] ability: Rain Dish
|-heal|p1a: Tentacruel|217/364|[from] item: Black Sludge
|turn|19
|
|move|p1a: Tentacruel|Protect|p1a: Tentacruel
|-singleturn|p1a: Tentacruel|Protect
|-curestatus|p2a: Suicune|slp
|move|p2a: Suicune|Sleep Talk|p2a: Suicune
|-fail|p2a: Suicune
|
|-weather|RainDance|[upkeep]
|-heal|p1a: Tentacruel|239/364|[from] ability: Rain Dish
|-heal|p1a: Tentacruel|261/364|[from] item: Black Sludge
|turn|20
|
|move|p1a: Tentacruel|Scald|p2a: Suicune
|-resisted|p2a: Suicune
|-damage|p2a: Suicune|340/371
|move|p2a: Suicune|Calm Mind|p2a: Suicune
|-boost|p2a: Suicune|spa|1
|-boost|p2a: Suicune|spd|1
|
|-weather|RainDance|[upkeep]
|-heal|p1a: Tentacruel|283/364|[from] ability: Rain Dish
|-heal|p1a: Tentacruel|305/364|[from] item: Black Sludge
|-heal|p2a: Suicune|363/371|[from] item: Leftovers
|turn|21
|chat|LurkingBird|:/
|
|move|p1a: Tentacruel|Protect|p1a: Tentacruel
|-singleturn|p1a: Tentacruel|Protect
|move|p2a: Suicune|Scald|p1a: Tentacruel
|-activate|p1a: Tentacruel|Protect
|
|-weather|RainDance|[upkeep]
|-heal|p1a: Tentacruel|327/364|[from] ability: Rain Dish
|-heal|p1a: Tentacruel|349/364|[from] item: Black Sludge
|-heal|p2a: Suicune|371/371|[from] item: Leftovers
|turn|22
|chat|Julian|should be easy to stall 24 scalds
|
|move|p1a: Tentacruel|Scald|p2a: Suicune
|-crit|p2a: Suicune
|-resisted|p2a: Suicune
|-damage|p2a: Suicune|287/371
|-status|p2a: Suicune|brn
|move|p2a: Suicune|Scald|p1a: Tentacruel
|-resisted|p1a: Tentacruel
|-damage|p1a: Tentacruel|238/364
|
|-weather|RainDance|[upkeep]
|-heal|p1a: Tentacruel|260/364|[from] ability: Rain Dish
|-heal|p1a: Tentacruel|282/364|[from] item: Black Sludge
|-heal|p2a: Suicune|310/371 brn|[from] item: Leftovers
|-damage|p2a: Suicune|264/371 brn|[from] brn
|turn|23
|
|move|p1a: Tentacruel|Protect|p1a: Tentacruel
|-singleturn|p1a: Tentacruel|Protect
|move|p2a: Suicune|Calm Mind|p2a: Suicune
|-boost|p2a: Suicune|spa|1
|-boost|p2a: Suicune|spd|1
|
|-weather|RainDance|[upkeep]
|-heal|p1a: Tentacruel|304/364|[from] ability: Rain Dish
|-heal|p1a: Tentacruel|326/364|[from] item: Black Sludge
|-heal|p2a: Suicune|287/371 brn|[from] item: Leftovers
|-damage|p2a: Suicune|241/371 brn|[from] brn
|turn|24
|
|switch|p1a: Amoonguss|Amoonguss, F, shiny|432/432
|move|p2a: Suicune|Calm Mind|p2a: Suicune
|-boost|p2a: Suicune|spa|1
|-boost|p2a: Suicune|spd|1
|
|-weather|RainDance|[upkeep]
|-heal|p2a: Suicune|264/371 brn|[from] item: Leftovers
|-damage|p2a: Suicune|218/371 brn|[from] brn
|turn|25
|
|move|p2a: Suicune|Scald|p1a: Amoonguss
|-resisted|p1a: Amoonguss
|-damage|p1a: Amoonguss|278/432
|-status|p1a: Amoonguss|brn
|move|p1a: Amoonguss|Giga Drain|p2a: Suicune
|-supereffective|p2a: Suicune
|-damage|p2a: Suicune|180/371 brn
|-heal|p1a: Amoonguss|297/432 brn|[from] drain|[of] p2a: Suicune
|
|-weather|RainDance|[upkeep]
|-heal|p2a: Suicune|203/371 brn|[from] item: Leftovers
|-heal|p1a: Amoonguss|324/432 brn|[from] item: Black Sludge
|-damage|p2a: Suicune|157/371 brn|[from] brn
|-damage|p1a: Amoonguss|270/432 brn|[from] brn
|turn|26
|
|move|p2a: Suicune|Rest|p2a: Suicune
|-status|p2a: Suicune|slp
|-heal|p2a: Suicune|371/371 slp|[silent]
|-status|p2a: Suicune|slp|[from] move: Rest
|move|p1a: Amoonguss|Giga Drain|p2a: Suicune
|-supereffective|p2a: Suicune
|-damage|p2a: Suicune|323/371 slp
|-heal|p1a: Amoonguss|294/432 brn|[from] drain|[of] p2a: Suicune
|
|-weather|RainDance|[upkeep]
|-heal|p2a: Suicune|346/371 slp|[from] item: Leftovers
|-heal|p1a: Amoonguss|321/432 brn|[from] item: Black Sludge
|-damage|p1a: Amoonguss|267/432 brn|[from] brn
|turn|27
|
|switch|p1a: Tentacruel|Tentacruel, M|326/364
|cant|p2a: Suicune|slp
|move|p2a: Suicune|Sleep Talk|p2a: Suicune
|move|p2a: Suicune|Calm Mind|p2a: Suicune|[from]Sleep Talk
|-boost|p2a: Suicune|spa|1
|-boost|p2a: Suicune|spd|1
|
|-weather|RainDance|[upkeep]
|-heal|p1a: Tentacruel|348/364|[from] ability: Rain Dish
|-heal|p1a: Tentacruel|364/364|[from] item: Black Sludge
|-heal|p2a: Suicune|369/371 slp|[from] item: Leftovers
|turn|28
|
|move|p1a: Tentacruel|Scald|p2a: Suicune
|-resisted|p2a: Suicune
|-damage|p2a: Suicune|355/371 slp
|cant|p2a: Suicune|slp
|move|p2a: Suicune|Sleep Talk|p2a: Suicune
|move|p2a: Suicune|Rest|p2a: Suicune|[from]Sleep Talk
|-fail|p2a: Suicune
|
|-weather|RainDance|[upkeep]
|-heal|p2a: Suicune|371/371 slp|[from] item: Leftovers
|turn|29
|
|move|p1a: Tentacruel|Rapid Spin|p2a: Suicune
|-damage|p2a: Suicune|364/371 slp
|-curestatus|p2a: Suicune|slp
|move|p2a: Suicune|Scald|p1a: Tentacruel
|-resisted|p1a: Tentacruel
|-damage|p1a: Tentacruel|181/364
|
|-weather|RainDance|[upkeep]
|-heal|p1a: Tentacruel|203/364|[from] ability: Rain Dish
|-heal|p1a: Tentacruel|225/364|[from] item: Black Sludge
|-heal|p2a: Suicune|371/371|[from] item: Leftovers
|turn|30
|
|move|p1a: Tentacruel|Toxic|p2a: Suicune
|-status|p2a: Suicune|tox
|move|p2a: Suicune|Calm Mind|p2a: Suicune
|-boost|p2a: Suicune|spa|1
|-boost|p2a: Suicune|spd|1
|
|-weather|RainDance|[upkeep]
|-heal|p1a: Tentacruel|247/364|[from] ability: Rain Dish
|-heal|p1a: Tentacruel|269/364|[from] item: Black Sludge
|-damage|p2a: Suicune|348/371 tox|[from] psn
|turn|31
|
|move|p1a: Tentacruel|Scald|p2a: Suicune
|-resisted|p2a: Suicune
|-damage|p2a: Suicune|336/371 tox
|move|p2a: Suicune|Scald|p1a: Tentacruel
|-resisted|p1a: Tentacruel
|-damage|p1a: Tentacruel|49/364
|-status|p1a: Tentacruel|brn
|
|-weather|RainDance|[upkeep]
|-heal|p1a: Tentacruel|71/364 brn|[from] ability: Rain Dish
|-heal|p1a: Tentacruel|93/364 brn|[from] item: Black Sludge
|-heal|p2a: Suicune|359/371 tox|[from] item: Leftovers
|-damage|p1a: Tentacruel|48/364 brn|[from] brn
|-damage|p2a: Suicune|313/371 tox|[from] psn
|turn|32
|chat|Level 56|GG
|
|move|p1a: Tentacruel|Protect|p1a: Tentacruel
|-singleturn|p1a: Tentacruel|Protect
|move|p2a: Suicune|Rest|p2a: Suicune
|-status|p2a: Suicune|slp
|-heal|p2a: Suicune|371/371 slp|[silent]
|-status|p2a: Suicune|slp|[from] move: Rest
|
|-weather|RainDance|[upkeep]
|-heal|p1a: Tentacruel|70/364 brn|[from] ability: Rain Dish
|-heal|p1a: Tentacruel|92/364 brn|[from] item: Black Sludge
|-damage|p1a: Tentacruel|47/364 brn|[from] brn
|turn|33
|chat|Julian|if i lose to a freaking suicune
|chat|Julian|in ou
|
|move|p1a: Tentacruel|Scald|p2a: Suicune
|-resisted|p2a: Suicune
|-damage|p2a: Suicune|360/371 slp
|cant|p2a: Suicune|slp
|
|-weather|RainDance|[upkeep]
|-heal|p1a: Tentacruel|69/364 brn|[from] ability: Rain Dish
|-heal|p1a: Tentacruel|91/364 brn|[from] item: Black Sludge
|-heal|p2a: Suicune|371/371 slp|[from] item: Leftovers
|-damage|p1a: Tentacruel|46/364 brn|[from] brn
|turn|34
|
|switch|p1a: Amoonguss|Amoonguss, F, shiny|411/432 brn
|cant|p2a: Suicune|slp
|
|-weather|RainDance|[upkeep]
|-heal|p1a: Amoonguss|432/432 brn|[from] item: Black Sludge
|-damage|p1a: Amoonguss|378/432 brn|[from] brn
|turn|35
|chat|Level 56|so what ?
|chat|Julian|i suck obviously
|
|-curestatus|p2a: Suicune|slp
|move|p2a: Suicune|Scald|p1a: Amoonguss
|-resisted|p1a: Amoonguss
|-damage|p1a: Amoonguss|182/432 brn
|move|p1a: Amoonguss|Giga Drain|p2a: Suicune
|-crit|p2a: Suicune
|-supereffective|p2a: Suicune
|-damage|p2a: Suicune|125/371
|-heal|p1a: Amoonguss|305/432 brn|[from] drain|[of] p2a: Suicune
|
|-weather|RainDance|[upkeep]
|-heal|p2a: Suicune|148/371|[from] item: Leftovers
|-heal|p1a: Amoonguss|332/432 brn|[from] item: Black Sludge
|-damage|p1a: Amoonguss|278/432 brn|[from] brn
|turn|36
|chat|LurkingBird| I guess no one told you about the dangers of calm mind suicune :/
|chat|Julian|no its just not something you should be prepared for
|chat|Julian|seeing as it probably sweeps 1/100 games
|
|move|p2a: Suicune|Rest|p2a: Suicune
|-status|p2a: Suicune|slp
|-heal|p2a: Suicune|371/371 slp|[silent]
|-status|p2a: Suicune|slp|[from] move: Rest
|move|p1a: Amoonguss|Spore|p2a: Suicune
|-fail|p2a: Suicune|slp
|
|-weather|RainDance|[upkeep]
|-heal|p1a: Amoonguss|305/432 brn|[from] item: Black Sludge
|-damage|p1a: Amoonguss|251/432 brn|[from] brn
|turn|37
|
|switch|p1a: Tentacruel|Tentacruel, M|46/364 brn
|cant|p2a: Suicune|slp
|move|p2a: Suicune|Sleep Talk|p2a: Suicune
|move|p2a: Suicune|Scald|p1a: Tentacruel|[from]Sleep Talk
|-resisted|p1a: Tentacruel
|-damage|p1a: Tentacruel|0 fnt
|faint|p1a: Tentacruel
|
|-weather|RainDance|[upkeep]
|
|switch|p1a: Tornadus|Tornadus, M|299/299
|turn|38
|
|move|p1a: Tornadus|Superpower|p2a: Suicune
|-damage|p2a: Suicune|274/371 slp
|-unboost|p1a: Tornadus|atk|1
|-unboost|p1a: Tornadus|def|1
|-damage|p1a: Tornadus|270/299|[from] item: Life Orb
|cant|p2a: Suicune|slp
|
|-weather|RainDance|[upkeep]
|-heal|p2a: Suicune|297/371 slp|[from] item: Leftovers
|turn|39
|
|switch|p1a: Amoonguss|Amoonguss, F, shiny|395/432 brn
|-curestatus|p2a: Suicune|slp
|move|p2a: Suicune|Scald|p1a: Amoonguss
|-resisted|p1a: Amoonguss
|-damage|p1a: Amoonguss|167/432 brn
|
|-weather|RainDance|[upkeep]
|-heal|p2a: Suicune|320/371|[from] item: Leftovers
|-heal|p1a: Amoonguss|194/432 brn|[from] item: Black Sludge
|-damage|p1a: Amoonguss|140/432 brn|[from] brn
|turn|40
|chat|Level 56|such power
|
|move|p2a: Suicune|Scald|p1a: Amoonguss
|-resisted|p1a: Amoonguss
|-damage|p1a: Amoonguss|0 fnt
|faint|p1a: Amoonguss
|
|-weather|RainDance|[upkeep]
|-heal|p2a: Suicune|343/371|[from] item: Leftovers
|
|switch|p1a: Jirachi|Jirachi|351/404
|turn|41
|
|move|p1a: Jirachi|Thunder|p2a: Suicune
|-supereffective|p2a: Suicune
|-damage|p2a: Suicune|305/371
|-status|p2a: Suicune|par
|move|p2a: Suicune|Scald|p1a: Jirachi
|-damage|p1a: Jirachi|0 fnt
|faint|p1a: Jirachi
|
|-weather|RainDance|[upkeep]
|-heal|p2a: Suicune|328/371 par|[from] item: Leftovers
|chat|Level 56|lol
|
|switch|p1a: Moltres|Moltres|213/321
|-ability|p1a: Moltres|Pressure
|turn|42
|chat|Julian|lol nice rank mate
|
|move|p1a: Moltres|Hurricane|p2a: Suicune
|-damage|p2a: Suicune|255/371 par
|move|p2a: Suicune|Scald|p1a: Moltres
|-supereffective|p1a: Moltres
|-damage|p1a: Moltres|0 fnt
|faint|p1a: Moltres
|
|-weather|RainDance|[upkeep]
|-heal|p2a: Suicune|278/371 par|[from] item: Leftovers
|
|switch|p1a: Tornadus|Tornadus, M|270/299
|turn|43
|
|move|p1a: Tornadus|Hurricane|p2a: Suicune
|-damage|p2a: Suicune|227/371 par
|-damage|p1a: Tornadus|241/299|[from] item: Life Orb
|move|p2a: Suicune|Scald|p1a: Tornadus
|-damage|p1a: Tornadus|0 fnt
|faint|p1a: Tornadus
|
|win|Level 56
|raw|Ladder updating...
|raw|Julian's rating: 1549 &rarr; <strong>1517</strong><br />(-32 for losing)
|raw|Level 56's rating: 1327 &rarr; <strong>1358</strong><br />(+31 for winning)
|leave|Julian
|player|p1
|chat|Level 56|GG