|j|☆Crowned Crystals ♔
|j|☆d. hasek
|t:|1724636760
|gametype|singles
|player|p1|Crowned Crystals ♔|265|1565
|player|p2|d. hasek|cynthia|1453
|teamsize|p1|6
|teamsize|p2|6
|gen|5
|tier|[Gen 5] OU
|rated|
|rule|Species Clause: Limit one of each Pokémon
|rule|OHKO Clause: OHKO moves are banned
|rule|Moody Clause: Moody is banned
|rule|Evasion Items Clause: Evasion items are banned
|rule|Evasion Moves Clause: Evasion moves are banned
|rule|Endless Battle Clause: Forcing endless battles is banned
|rule|HP Percentage Mod: HP is shown in percentages
|rule|Evasion Abilities Clause: Evasion abilities are banned
|rule|Sleep Moves Clause: Sleep-inducing moves are banned
|rule|Swagger Clause: Swagger is banned
|rule|Baton Pass Stat Clause: No Baton Passer may have a way to boost its stats
|clearpoke
|poke|p1|Politoed, M|item
|poke|p1|Keldeo|item
|poke|p1|Scizor, M|item
|poke|p1|Thundurus-Therian, M|item
|poke|p1|Ferrothorn, M|item
|poke|p1|Starmie|item
|poke|p2|Garchomp, M|item
|poke|p2|Scizor, M|item
|poke|p2|Starmie|item
|poke|p2|Lucario, F|item
|poke|p2|Dragonite, M|item
|poke|p2|Thundurus-Therian, M|item
|teampreview
|inactive|Battle timer is ON: inactive players will automatically lose when time's up. (requested by d. hasek)
|inactive|Crowned Crystals ♔ also wants the timer to be on.
|
|t:|1724636784
|start
|switch|p1a: Thundurus|Thundurus-Therian, M|100/100
|switch|p2a: Thundurus|Thundurus-Therian, M|100/100
|turn|1
|
|t:|1724636788
|move|p1a: Thundurus|Hidden Power|p2a: Thundurus
|-supereffective|p2a: Thundurus
|-damage|p2a: Thundurus|43/100
|move|p2a: Thundurus|Hidden Power|p1a: Thundurus
|-supereffective|p1a: Thundurus
|-damage|p1a: Thundurus|32/100
|
|-heal|p1a: Thundurus|39/100|[from] item: Leftovers
|-heal|p2a: Thundurus|50/100|[from] item: Leftovers
|upkeep
|turn|2
|
|t:|1724636793
|move|p1a: Thundurus|Hidden Power|p2a: Thundurus
|-supereffective|p2a: Thundurus
|-damage|p2a: Thundurus|0 fnt
|faint|p2a: Thundurus
|
|-heal|p1a: Thundurus|45/100|[from] item: Leftovers
|upkeep
|
|t:|1724636799
|switch|p2a: 26/01/24|Lucario, F, shiny|100/100
|turn|3
|
|t:|1724636813
|switch|p1a: Politoed|Politoed, M, shiny|100/100
|-weather|RainDance|[from] ability: Drizzle|[of] p1a: Politoed
|move|p2a: 26/01/24|Extreme Speed|p1a: Politoed
|-damage|p1a: Politoed|74/100
|-damage|p2a: 26/01/24|91/100|[from] item: Life Orb
|
|-weather|RainDance|[upkeep]
|upkeep
|turn|4
|
|t:|1724636820
|move|p2a: 26/01/24|Swords Dance|p2a: 26/01/24
|-boost|p2a: 26/01/24|atk|2
|move|p1a: Politoed|Scald|p2a: 26/01/24
|-damage|p2a: 26/01/24|25/100
|-status|p2a: 26/01/24|brn
|
|-weather|RainDance|[upkeep]
|-damage|p2a: 26/01/24|13/100 brn|[from] brn
|upkeep
|turn|5
|
|t:|1724636828
|move|p2a: 26/01/24|Close Combat|p1a: Politoed
|-damage|p1a: Politoed|15/100
|-unboost|p2a: 26/01/24|def|1
|-unboost|p2a: 26/01/24|spd|1
|-damage|p2a: 26/01/24|3/100 brn|[from] item: Life Orb
|move|p1a: Politoed|Rest|p1a: Politoed
|-status|p1a: Politoed|slp|[from] move: Rest
|-heal|p1a: Politoed|100/100 slp|[silent]
|-enditem|p1a: Politoed|Chesto Berry|[eat]
|-curestatus|p1a: Politoed|slp|[msg]
|
|-weather|RainDance|[upkeep]
|-damage|p2a: 26/01/24|0 fnt|[from] brn
|faint|p2a: 26/01/24
|upkeep
|-message|d. hasek forfeited.
|
|win|Crowned Crystals ♔
|raw|Crowned Crystals ♔'s rating: 1565 &rarr; <strong>1579</strong><br />(+14 for winning)
|raw|d. hasek's rating: 1453 &rarr; <strong>1439</strong><br />(-14 for losing)
|l|☆d. hasek
|player|p2|
|c|☆Crowned Crystals ♔|/log Crowned Crystals ♔ made this room public.
