|j|☆bwr spyro190
|j|☆Hasoc
|t:|1723902503
|gametype|singles
|player|p1|bwr spyro190|bugcatcher-gen4dp|1392
|player|p2|Hasoc|veteran|1385
|teamsize|p1|6
|teamsize|p2|6
|gen|5
|tier|[Gen 5] OU
|rated|
|rule|Species Clause: Limit one of each Pokémon
|rule|OHKO Clause: OHKO moves are banned
|rule|Moody Clause: Moody is banned
|rule|Evasion Items Clause: Evasion items are banned
|rule|Evasion Moves Clause: Evasion moves are banned
|rule|Endless Battle Clause: Forcing endless battles is banned
|rule|HP Percentage Mod: HP is shown in percentages
|rule|Evasion Abilities Clause: Evasion abilities are banned
|rule|Sleep Moves Clause: Sleep-inducing moves are banned
|rule|Swagger Clause: Swagger is banned
|rule|Baton Pass Stat Clause: No Baton Passer may have a way to boost its stats
|clearpoke
|poke|p1|Volcarona, F|item
|poke|p1|Garchomp, F|item
|poke|p1|Starmie|item
|poke|p1|Scizor, F|item
|poke|p1|Dragonite, F|item
|poke|p1|Breloom, F|item
|poke|p2|Tyranitar, F|item
|poke|p2|Landorus-Therian, M|item
|poke|p2|Garchomp, M|item
|poke|p2|Excadrill, F|item
|poke|p2|Alakazam, M|item
|poke|p2|Latios, M|item
|teampreview
|inactive|Battle timer is ON: inactive players will automatically lose when time's up. (requested by Hasoc)
|
|t:|1723902521
|start
|switch|p1a: Berry Lum|Breloom, F|100/100
|switch|p2a: Landorus|Landorus-Therian, M|100/100
|-ability|p2a: Landorus|Intimidate|boost
|-unboost|p1a: Berry Lum|atk|1
|turn|1
|
|t:|1723902528
|move|p2a: Landorus|Stealth Rock|p1a: Berry Lum
|-sidestart|p1: bwr spyro190|move: Stealth Rock
|move|p1a: Berry Lum|Swords Dance|p1a: Berry Lum
|-boost|p1a: Berry Lum|atk|2
|
|upkeep
|turn|2
|
|t:|1723902533
|switch|p2a: Latios|Latios, M|100/100
|move|p1a: Berry Lum|Bullet Seed|p2a: Latios
|-resisted|p2a: Latios
|-damage|p2a: Latios|81/100
|-resisted|p2a: Latios
|-damage|p2a: Latios|61/100
|-hitcount|p2a: Latios|2
|
|upkeep
|turn|3
|
|t:|1723902537
|switch|p1a: Shezor|Scizor, F|100/100
|-damage|p1a: Shezor|88/100|[from] Stealth Rock
|move|p2a: Latios|Draco Meteor|p1a: Shezor
|-resisted|p1a: Shezor
|-damage|p1a: Shezor|38/100
|-unboost|p2a: Latios|spa|2
|
|upkeep
|turn|4
|
|t:|1723902543
|-activate|p2a: Latios|move: Pursuit
|move|p1a: Shezor|Pursuit|p2a: Latios|[from]Pursuit
|-supereffective|p2a: Latios
|-damage|p2a: Latios|0 fnt
|faint|p2a: Latios
|-damage|p1a: Shezor|29/100|[from] item: Life Orb
|-hint|A Pokemon can't switch between when it runs out of HP and when it faints
|
|upkeep
|
|t:|1723902548
|switch|p2a: Landorus|Landorus-Therian, M|100/100
|-ability|p2a: Landorus|Intimidate|boost
|-unboost|p1a: Shezor|atk|1
|turn|5
|
|t:|1723902558
|move|p1a: Shezor|Bullet Punch|p2a: Landorus
|-damage|p2a: Landorus|66/100
|-damage|p1a: Shezor|19/100|[from] item: Life Orb
|move|p2a: Landorus|U-turn|p1a: Shezor
|-resisted|p1a: Shezor
|-damage|p1a: Shezor|4/100
|
|t:|1723902565
|switch|p2a: Garchomp|Garchomp, M|100/100|[from] U-turn
|
|upkeep
|turn|6
|
|t:|1723902570
|move|p1a: Shezor|Bullet Punch|p2a: Garchomp
|-damage|p2a: Garchomp|72/100
|-damage|p1a: Shezor|0 fnt|[from] ability: Rough Skin|[of] p2a: Garchomp
|faint|p1a: Shezor
|move|p2a: Garchomp|Swords Dance|p2a: Garchomp
|-boost|p2a: Garchomp|atk|2
|
|upkeep
|
|t:|1723902578
|switch|p1a: Margot Robbie|Starmie|100/100
|-damage|p1a: Margot Robbie|88/100|[from] Stealth Rock
|-item|p1a: Margot Robbie|Air Balloon
|turn|7
|
|t:|1723902581
|move|p1a: Margot Robbie|Ice Beam|p2a: Garchomp
|-supereffective|p2a: Garchomp
|-damage|p2a: Garchomp|0 fnt
|faint|p2a: Garchomp
|
|upkeep
|
|t:|1723902583
|switch|p2a: Tyranitar|Tyranitar, F, shiny|100/100
|-weather|Sandstorm|[from] ability: Sand Stream|[of] p2a: Tyranitar
|turn|8
|
|t:|1723902590
|move|p1a: Margot Robbie|Rapid Spin|p2a: Tyranitar
|-resisted|p2a: Tyranitar
|-damage|p2a: Tyranitar|99/100
|-sideend|p1: bwr spyro190|Stealth Rock|[from] move: Rapid Spin|[of] p1a: Margot Robbie
|move|p2a: Tyranitar|Crunch|p1a: Margot Robbie
|-supereffective|p1a: Margot Robbie
|-damage|p1a: Margot Robbie|0 fnt
|-enditem|p1a: Margot Robbie|Air Balloon
|faint|p1a: Margot Robbie
|
|-weather|Sandstorm|[upkeep]
|upkeep
|
|t:|1723902597
|switch|p1a: Berry Lum|Breloom, F|100/100
|turn|9
|
|t:|1723902601
|move|p1a: Berry Lum|Low Sweep|p2a: Tyranitar
|-supereffective|p2a: Tyranitar
|-enditem|p2a: Tyranitar|Chople Berry|[eat]
|-enditem|p2a: Tyranitar|Chople Berry|[weaken]
|-damage|p2a: Tyranitar|4/100
|-unboost|p2a: Tyranitar|spe|1
|move|p2a: Tyranitar|Superpower|p1a: Berry Lum
|-damage|p1a: Berry Lum|30/100
|-unboost|p2a: Tyranitar|atk|1
|-unboost|p2a: Tyranitar|def|1
|
|-weather|Sandstorm|[upkeep]
|-damage|p1a: Berry Lum|24/100|[from] Sandstorm
|upkeep
|turn|10
|
|t:|1723902613
|switch|p2a: Landorus|Landorus-Therian, M|66/100
|-ability|p2a: Landorus|Intimidate|boost
|-unboost|p1a: Berry Lum|atk|1
|move|p1a: Berry Lum|Low Sweep|p2a: Landorus
|-resisted|p2a: Landorus
|-damage|p2a: Landorus|44/100
|-unboost|p2a: Landorus|spe|1
|
|-weather|Sandstorm|[upkeep]
|-damage|p1a: Berry Lum|18/100|[from] Sandstorm
|upkeep
|turn|11
|
|t:|1723902621
|move|p2a: Landorus|U-turn|p1a: Berry Lum
|-damage|p1a: Berry Lum|0 fnt
|faint|p1a: Berry Lum
|
|t:|1723902623
|switch|p2a: Excadrill|Excadrill, F|100/100|[from] U-turn
|-item|p2a: Excadrill|Air Balloon
|
|-weather|Sandstorm|[upkeep]
|upkeep
|inactive|bwr spyro190 has 120 seconds left.
|
|t:|1723902658
|switch|p1a: Millennium|Volcarona, F|100/100
|turn|12
|
|t:|1723902662
|move|p1a: Millennium|Quiver Dance|p1a: Millennium
|-boost|p1a: Millennium|spa|1
|-boost|p1a: Millennium|spd|1
|-boost|p1a: Millennium|spe|1
|move|p2a: Excadrill|Rock Slide|p1a: Millennium
|-supereffective|p1a: Millennium
|-damage|p1a: Millennium|0 fnt
|faint|p1a: Millennium
|
|-weather|Sandstorm|[upkeep]
|upkeep
|inactive|bwr spyro190 has 120 seconds left.
|
|t:|1723902682
|switch|p1a: Dragon Hate|Dragonite, F|100/100
|turn|13
|
|t:|1723902685
|move|p2a: Excadrill|Iron Head|p1a: Dragon Hate
|-damage|p1a: Dragon Hate|72/100
|move|p1a: Dragon Hate|Dragon Dance|p1a: Dragon Hate
|-boost|p1a: Dragon Hate|atk|1
|-boost|p1a: Dragon Hate|spe|1
|
|-weather|Sandstorm|[upkeep]
|-damage|p1a: Dragon Hate|66/100|[from] Sandstorm
|upkeep
|turn|14
|
|t:|1723902688
|move|p1a: Dragon Hate|Fire Punch|p2a: Excadrill
|-supereffective|p2a: Excadrill
|-damage|p2a: Excadrill|0 fnt
|-enditem|p2a: Excadrill|Air Balloon
|faint|p2a: Excadrill
|
|-weather|Sandstorm|[upkeep]
|-damage|p1a: Dragon Hate|59/100|[from] Sandstorm
|upkeep
|
|t:|1723902691
|switch|p2a: Landorus|Landorus-Therian, M|44/100
|-ability|p2a: Landorus|Intimidate|boost
|-unboost|p1a: Dragon Hate|atk|1
|turn|15
|
|t:|1723902697
|move|p1a: Dragon Hate|Extreme Speed|p2a: Landorus
|-damage|p2a: Landorus|9/100
|move|p2a: Landorus|U-turn|p1a: Dragon Hate
|-resisted|p1a: Dragon Hate
|-damage|p1a: Dragon Hate|45/100
|
|t:|1723902699
|switch|p2a: Tyranitar|Tyranitar, F, shiny|4/100|[from] U-turn
|
|-weather|Sandstorm|[upkeep]
|-damage|p1a: Dragon Hate|39/100|[from] Sandstorm
|upkeep
|turn|16
|
|t:|1723902705
|switch|p2a: Landorus|Landorus-Therian, M|9/100
|-ability|p2a: Landorus|Intimidate|boost
|-unboost|p1a: Dragon Hate|atk|1
|move|p1a: Dragon Hate|Extreme Speed|p2a: Landorus
|-damage|p2a: Landorus|0 fnt
|faint|p2a: Landorus
|
|-weather|Sandstorm|[upkeep]
|-damage|p1a: Dragon Hate|33/100|[from] Sandstorm
|upkeep
|
|t:|1723902707
|switch|p2a: Alakazam|Alakazam, M|100/100
|turn|17
|
|t:|1723902714
|move|p1a: Dragon Hate|Outrage|p2a: Alakazam
|-damage|p2a: Alakazam|0 fnt
|faint|p2a: Alakazam
|
|-weather|Sandstorm|[upkeep]
|-damage|p1a: Dragon Hate|27/100|[from] Sandstorm
|upkeep
|-message|Hasoc forfeited.
|
|win|bwr spyro190
|raw|bwr spyro190's rating: 1392 &rarr; <strong>1412</strong><br />(+20 for winning)
|raw|Hasoc's rating: 1385 &rarr; <strong>1365</strong><br />(-20 for losing)
|l|☆Hasoc
|player|p2|
|c|☆bwr spyro190|gg
