|join|WeForneMon
|join|Korby
|player|p1|WeForneMon|281
|player|p2|Korby|252
|gametype|singles
|gen|5
|tier|[Gen 5] OU
|rated
|rule|Evasion Abilities Clause: Evasion abilities are banned
|clearpoke
|poke|p1|Victini
|poke|p1|Garchomp, M
|poke|p1|Ninetales, F
|poke|p1|Starmie
|poke|p1|Venusaur, M
|poke|p1|Gengar, F
|poke|p2|Riolu, F
|poke|p2|Mew
|poke|p2|Ferrothorn, F
|poke|p2|Hydreigon, F
|poke|p2|Alakazam, M
|poke|p2|Scizor, M
|rule|Sleep Clause Mod: Limit one foe put to sleep
|rule|Species Clause: Limit one of each Pokemon
|rule|OHKO Clause: OHKO moves are banned
|rule|Moody Clause: Moody is banned
|rule|Evasion Moves Clause: Evasion moves are banned
|rule|Endless Battle Clause: Forcing endless battles is banned.
|rule|HP Percentage Mod: HP is reported as percentages
|teampreview
|
|start
|switch|p1a: Starmie|Starmie|261/261
|switch|p2a: Mew|Mew|341/341
|turn|1
|
|switch|p1a: Victini|Victini|341/341
|move|p2a: Mew|Swords Dance|p2a: Mew
|-boost|p2a: Mew|atk|2
|
|turn|2
|
|move|p2a: Mew|Sucker Punch|p1a: Victini
|-supereffective|p1a: Victini
|-damage|p1a: Victini|0 fnt
|-damage|p2a: Mew|307/341|[from] item: Life Orb
|faint|p1a: Victini
|
|
|switch|p1a: Gengar|Gengar, F|261/261
|turn|3
|
|move|p1a: Gengar|Shadow Ball|p2a: Mew
|-supereffective|p2a: Mew
|-damage|p2a: Mew|43/341
|move|p2a: Mew|Zen Headbutt|p1a: Gengar
|-supereffective|p1a: Gengar
|-enditem|p1a: Gengar|Focus Sash
|-damage|p1a: Gengar|1/261
|-damage|p2a: Mew|9/341|[from] item: Life Orb
|
|turn|4
|
|switch|p1a: Garchomp|Garchomp, M|357/357
|move|p2a: Mew|Sucker Punch|p1a: Garchomp
|-fail|p1a: Garchomp
|
|turn|5
|
|move|p1a: Garchomp|Stealth Rock|p2a: Mew
|-sidestart|p2: Korby|move: Stealth Rock
|move|p2a: Mew|Zen Headbutt|p1a: Garchomp
|-damage|p1a: Garchomp|37/357
|-damage|p2a: Mew|0 fnt|[from] ability: Rough Skin|[of] p1a: Garchomp
|faint|p2a: Mew
|
|
|switch|p2a: Alakazam|Alakazam, M|252/252
|turn|6
|
|move|p2a: Alakazam|Psychic|p1a: Garchomp
|-damage|p1a: Garchomp|0 fnt
|faint|p1a: Garchomp
|
|
|switch|p1a: Ninetales|Ninetales, F|337/337
|-weather|SunnyDay|[from] ability: Drought|[of] p1a: Ninetales
|turn|7
|
|switch|p2a: Hydreigon|Hydreigon, F|325/325
|-damage|p2a: Hydreigon|285/325|[from] Stealth Rock
|move|p1a: Ninetales|Flamethrower|p2a: Hydreigon
|-resisted|p2a: Hydreigon
|-damage|p2a: Hydreigon|214/325
|-status|p2a: Hydreigon|brn
|
|-weather|SunnyDay|[upkeep]
|-damage|p2a: Hydreigon|174/325 brn|[from] brn
|turn|8
|
|switch|p1a: Starmie|Starmie|261/261
|move|p2a: Hydreigon|Draco Meteor|p1a: Starmie
|-damage|p1a: Starmie|0 fnt
|-unboost|p2a: Hydreigon|spa|2
|-damage|p2a: Hydreigon|142/325 brn|[from] item: Life Orb
|faint|p1a: Starmie
|
|-weather|SunnyDay|[upkeep]
|-damage|p2a: Hydreigon|102/325 brn|[from] brn
|
|switch|p1a: Venusaur|Venusaur, M|319/319
|turn|9
|
|move|p1a: Venusaur|Sludge Bomb|p2a: Hydreigon
|-damage|p2a: Hydreigon|0 fnt
|-damage|p1a: Venusaur|288/319|[from] item: Life Orb
|faint|p2a: Hydreigon
|
|-weather|SunnyDay|[upkeep]
|
|switch|p2a: Alakazam|Alakazam, M|252/252
|turn|10
|
|switch|p1a: Ninetales|Ninetales, F|337/337
|switch|p2a: Ferrothorn|Ferrothorn, F|352/352
|-damage|p2a: Ferrothorn|330/352|[from] Stealth Rock
|
|-weather|SunnyDay|[upkeep]
|-heal|p2a: Ferrothorn|352/352|[from] item: Leftovers
|turn|11
|
|move|p1a: Ninetales|Flamethrower|p2a: Ferrothorn
|-supereffective|p2a: Ferrothorn
|-damage|p2a: Ferrothorn|0 fnt
|faint|p2a: Ferrothorn
|
|-weather|SunnyDay|[upkeep]
|-message|Korby forfeited.
|
|win|WeForneMon
|raw|Ladder updating...
|leave|Korby
|player|p2
|raw|WeForneMon's rating: 1325 &rarr; <strong>1349</strong><br />(+24 for winning)
|raw|Korby's rating: 1399 &rarr; <strong>1375</strong><br />(-24 for losing)