|j|☆night bliz
|j|☆Croaset
|t:|1731444368
|gametype|singles
|player|p1|night bliz|veteran|1392
|player|p2|Croaset|elesa|1272
|teamsize|p1|6
|teamsize|p2|6
|gen|5
|tier|[Gen 5] OU
|rated|
|rule|Species Clause: Limit one of each Pokémon
|rule|OHKO Clause: OHKO moves are banned
|rule|Moody Clause: Moody is banned
|rule|Evasion Items Clause: Evasion items are banned
|rule|Evasion Moves Clause: Evasion moves are banned
|rule|Endless Battle Clause: Forcing endless battles is banned
|rule|HP Percentage Mod: HP is shown in percentages
|rule|Evasion Abilities Clause: Evasion abilities are banned
|rule|Sleep Moves Clause: Sleep-inducing moves are banned
|rule|Swagger Clause: Swagger is banned
|rule|Baton Pass Stat Clause: No Baton Passer may have a way to boost its stats
|clearpoke
|poke|p1|Hippowdon, F|item
|poke|p1|Ferrothorn, M|item
|poke|p1|Magnezone|item
|poke|p1|Latios, M|item
|poke|p1|Excadrill, F|item
|poke|p1|Reuniclus, F|item
|poke|p2|Reuniclus, F|item
|poke|p2|Skarmory, F|item
|poke|p2|Latios, M|item
|poke|p2|Tyranitar, F|item
|poke|p2|Dragonite, M|item
|poke|p2|Latias, F|item
|teampreview
|inactive|Battle timer is ON: inactive players will automatically lose when time's up. (requested by Croaset)
|
|t:|1731444396
|start
|switch|p1a: Magnezone|Magnezone|100/100
|switch|p2a: Latios|Latios, M|100/100
|-item|p1a: Magnezone|Air Balloon
|turn|1
|
|t:|1731444401
|move|p2a: Latios|Thunder Wave|p1a: Magnezone
|-status|p1a: Magnezone|par
|move|p1a: Magnezone|Thunder Wave|p2a: Latios
|-status|p2a: Latios|par
|
|upkeep
|turn|2
|
|t:|1731444412
|switch|p1a: Ferrothorn|Ferrothorn, M|100/100
|move|p2a: Latios|Surf|p1a: Ferrothorn
|-resisted|p1a: Ferrothorn
|-damage|p1a: Ferrothorn|89/100
|
|-heal|p1a: Ferrothorn|95/100|[from] item: Leftovers
|upkeep
|turn|3
|
|t:|1731444414
|move|p2a: Latios|Thunder Wave|p1a: Ferrothorn
|-status|p1a: Ferrothorn|par
|move|p1a: Ferrothorn|Leech Seed|p2a: Latios
|-start|p2a: Latios|move: Leech Seed
|
|-heal|p1a: Ferrothorn|100/100 par|[from] item: Leftovers
|-damage|p2a: Latios|88/100 par|[from] Leech Seed|[of] p1a: Ferrothorn
|upkeep
|turn|4
|
|t:|1731444417
|switch|p2a: Dragonite|Dragonite, M|100/100
|move|p1a: Ferrothorn|Spikes|p2a: Dragonite
|-sidestart|p2: Croaset|Spikes
|
|upkeep
|turn|5
|
|t:|1731444421
|switch|p1a: Hippowdon|Hippowdon, F|100/100
|-weather|Sandstorm|[from] ability: Sand Stream|[of] p1a: Hippowdon
|move|p2a: Dragonite|Dragon Dance|p2a: Dragonite
|-boost|p2a: Dragonite|atk|1
|-boost|p2a: Dragonite|spe|1
|
|-weather|Sandstorm|[upkeep]
|-damage|p2a: Dragonite|94/100|[from] Sandstorm
|upkeep
|turn|6
|
|t:|1731444424
|move|p2a: Dragonite|Dragon Claw|p1a: Hippowdon
|-damage|p1a: Hippowdon|57/100
|move|p1a: Hippowdon|Whirlwind|p2a: Dragonite
|drag|p2a: Reuniclus|Reuniclus, F, shiny|100/100
|
|-weather|Sandstorm|[upkeep]
|-heal|p1a: Hippowdon|63/100|[from] item: Leftovers
|upkeep
|turn|7
|
|t:|1731444432
|move|p1a: Hippowdon|Stealth Rock|p2a: Reuniclus
|-sidestart|p2: Croaset|move: Stealth Rock
|move|p2a: Reuniclus|Calm Mind|p2a: Reuniclus
|-boost|p2a: Reuniclus|spa|1
|-boost|p2a: Reuniclus|spd|1
|
|-weather|Sandstorm|[upkeep]
|-heal|p1a: Hippowdon|69/100|[from] item: Leftovers
|upkeep
|turn|8
|
|t:|1731444436
|switch|p1a: Latios|Latios, M|100/100
|move|p2a: Reuniclus|Signal Beam|p1a: Latios
|-supereffective|p1a: Latios
|-damage|p1a: Latios|29/100
|
|-weather|Sandstorm|[upkeep]
|-damage|p1a: Latios|23/100|[from] Sandstorm
|upkeep
|turn|9
|
|t:|1731444442
|switch|p2a: Tyranitar|Tyranitar, F|100/100
|-damage|p2a: Tyranitar|88/100|[from] Spikes
|-damage|p2a: Tyranitar|76/100|[from] Stealth Rock
|move|p1a: Latios|Trick|p2a: Tyranitar
|-activate|p1a: Latios|move: Trick|[of] p2a: Tyranitar
|-item|p2a: Tyranitar|Choice Specs|[from] move: Trick
|-item|p1a: Latios|Chople Berry|[from] move: Trick
|
|-weather|Sandstorm|[upkeep]
|-damage|p1a: Latios|17/100|[from] Sandstorm
|upkeep
|turn|10
|
|t:|1731444445
|move|p1a: Latios|Surf|p2a: Tyranitar
|-supereffective|p2a: Tyranitar
|-damage|p2a: Tyranitar|45/100
|move|p2a: Tyranitar|Pursuit|p1a: Latios
|-supereffective|p1a: Latios
|-damage|p1a: Latios|0 fnt
|faint|p1a: Latios
|
|-weather|Sandstorm|[upkeep]
|upkeep
|
|t:|1731444448
|switch|p1a: Excadrill|Excadrill, F|100/100
|turn|11
|
|t:|1731444454
|switch|p2a: Skarmory|Skarmory, F|100/100
|-damage|p2a: Skarmory|88/100|[from] Stealth Rock
|move|p1a: Excadrill|Iron Head|p2a: Skarmory
|-resisted|p2a: Skarmory
|-crit|p2a: Skarmory
|-damage|p2a: Skarmory|54/100
|
|-weather|Sandstorm|[upkeep]
|-heal|p2a: Skarmory|60/100|[from] item: Leftovers
|upkeep
|turn|12
|
|t:|1731444461
|switch|p1a: Magnezone|Magnezone|100/100 par
|-item|p1a: Magnezone|Air Balloon
|move|p2a: Skarmory|Roost|p2a: Skarmory
|-heal|p2a: Skarmory|100/100
|-singleturn|p2a: Skarmory|move: Roost
|
|-weather|Sandstorm|[upkeep]
|upkeep
|turn|13
|
|t:|1731444464
|move|p1a: Magnezone|Thunderbolt|p2a: Skarmory
|-supereffective|p2a: Skarmory
|-ability|p2a: Skarmory|Sturdy
|-damage|p2a: Skarmory|1/100
|move|p2a: Skarmory|Whirlwind|p1a: Magnezone
|drag|p1a: Hippowdon|Hippowdon, F|69/100
|
|-weather|Sandstorm|[upkeep]
|-heal|p2a: Skarmory|7/100|[from] item: Leftovers
|-heal|p1a: Hippowdon|75/100|[from] item: Leftovers
|upkeep
|turn|14
|
|t:|1731444469
|switch|p1a: Magnezone|Magnezone|100/100 par
|-item|p1a: Magnezone|Air Balloon
|move|p2a: Skarmory|Roost|p2a: Skarmory
|-heal|p2a: Skarmory|57/100
|-singleturn|p2a: Skarmory|move: Roost
|
|-weather|Sandstorm|[upkeep]
|-heal|p2a: Skarmory|63/100|[from] item: Leftovers
|upkeep
|turn|15
|
|t:|1731444471
|move|p2a: Skarmory|Roost|p2a: Skarmory
|-heal|p2a: Skarmory|100/100
|-singleturn|p2a: Skarmory|move: Roost
|move|p1a: Magnezone|Thunderbolt|p2a: Skarmory
|-damage|p2a: Skarmory|35/100
|
|-weather|Sandstorm|[upkeep]
|-heal|p2a: Skarmory|41/100|[from] item: Leftovers
|upkeep
|turn|16
|
|t:|1731444475
|cant|p1a: Magnezone|par
|move|p2a: Skarmory|Whirlwind|p1a: Magnezone
|drag|p1a: Hippowdon|Hippowdon, F|75/100
|
|-weather|Sandstorm|[upkeep]
|-heal|p2a: Skarmory|47/100|[from] item: Leftovers
|-heal|p1a: Hippowdon|81/100|[from] item: Leftovers
|upkeep
|turn|17
|
|t:|1731444479
|switch|p2a: Dragonite|Dragonite, M|94/100
|-damage|p2a: Dragonite|69/100|[from] Stealth Rock
|switch|p1a: Magnezone|Magnezone|100/100 par
|-item|p1a: Magnezone|Air Balloon
|
|-weather|Sandstorm|[upkeep]
|-damage|p2a: Dragonite|63/100|[from] Sandstorm
|upkeep
|turn|18
|
|t:|1731444484
|move|p2a: Dragonite|Dragon Dance|p2a: Dragonite
|-boost|p2a: Dragonite|atk|1
|-boost|p2a: Dragonite|spe|1
|move|p1a: Magnezone|Thunder Wave|p2a: Dragonite
|-status|p2a: Dragonite|par
|-enditem|p2a: Dragonite|Lum Berry|[eat]
|-curestatus|p2a: Dragonite|par|[msg]
|
|-weather|Sandstorm|[upkeep]
|-damage|p2a: Dragonite|57/100|[from] Sandstorm
|upkeep
|turn|19
|
|t:|1731444490
|switch|p1a: Hippowdon|Hippowdon, F|81/100
|move|p2a: Dragonite|Fire Punch|p1a: Hippowdon
|-damage|p1a: Hippowdon|52/100
|
|-weather|Sandstorm|[upkeep]
|-damage|p2a: Dragonite|51/100|[from] Sandstorm
|-heal|p1a: Hippowdon|58/100|[from] item: Leftovers
|upkeep
|turn|20
|
|t:|1731444495
|move|p2a: Dragonite|Dragon Claw|p1a: Hippowdon
|-crit|p1a: Hippowdon
|-damage|p1a: Hippowdon|0 fnt
|faint|p1a: Hippowdon
|
|-weather|Sandstorm|[upkeep]
|-damage|p2a: Dragonite|45/100|[from] Sandstorm
|upkeep
|
|t:|1731444499
|switch|p1a: Excadrill|Excadrill, F|100/100
|turn|21
|
|t:|1731444523
|switch|p2a: Latios|Latios, M|88/100 par
|-damage|p2a: Latios|76/100 par|[from] Stealth Rock
|move|p1a: Excadrill|Rock Slide|p2a: Latios
|-damage|p2a: Latios|25/100 par
|
|-weather|Sandstorm|[upkeep]
|-damage|p2a: Latios|19/100 par|[from] Sandstorm
|upkeep
|turn|22
|
|t:|1731444531
|switch|p1a: Ferrothorn|Ferrothorn, M|100/100 par
|cant|p2a: Latios|par
|
|-weather|Sandstorm|[upkeep]
|-damage|p2a: Latios|13/100 par|[from] Sandstorm
|upkeep
|turn|23
|
|t:|1731444548
|switch|p2a: Reuniclus|Reuniclus, F, shiny|100/100
|cant|p1a: Ferrothorn|par
|
|-weather|Sandstorm|[upkeep]
|upkeep
|turn|24
|
|t:|1731444552
|switch|p1a: Magnezone|Magnezone|100/100 par
|-item|p1a: Magnezone|Air Balloon
|move|p2a: Reuniclus|Acid Armor|p2a: Reuniclus
|-boost|p2a: Reuniclus|def|2
|
|-weather|Sandstorm|[upkeep]
|upkeep
|turn|25
|
|t:|1731444561
|switch|p2a: Latios|Latios, M|13/100 par
|-damage|p2a: Latios|0 fnt|[from] Stealth Rock
|faint|p2a: Latios
|move|p1a: Magnezone|Thunder Wave|p2: Latios|[notarget]
|-fail|p1a: Magnezone
|
|-weather|Sandstorm|[upkeep]
|upkeep
|
|t:|1731444562
|switch|p2a: Latias|Latias, F|100/100
|-damage|p2a: Latias|88/100|[from] Stealth Rock
|turn|26
|
|t:|1731444565
|switch|p1a: Ferrothorn|Ferrothorn, M|100/100 par
|move|p2a: Latias|Dragon Pulse|p1a: Ferrothorn
|-resisted|p1a: Ferrothorn
|-damage|p1a: Ferrothorn|89/100 par
|
|-weather|Sandstorm|[upkeep]
|-damage|p2a: Latias|82/100|[from] Sandstorm
|-heal|p1a: Ferrothorn|95/100 par|[from] item: Leftovers
|upkeep
|turn|27
|
|t:|1731444569
|switch|p1a: Excadrill|Excadrill, F|100/100
|move|p2a: Latias|Healing Wish|p2a: Latias
|faint|p2a: Latias
|
|-weather|Sandstorm|[upkeep]
|upkeep
|
|t:|1731444572
|switch|p2a: Dragonite|Dragonite, M|45/100
|-heal|p2a: Dragonite|100/100|[from] move: Healing Wish
|-damage|p2a: Dragonite|75/100|[from] Stealth Rock
|turn|28
|
|t:|1731444578
|move|p1a: Excadrill|Rock Slide|p2a: Dragonite
|-supereffective|p2a: Dragonite
|-crit|p2a: Dragonite
|-damage|p2a: Dragonite|0 fnt
|faint|p2a: Dragonite
|
|-weather|Sandstorm|[upkeep]
|upkeep
|
|t:|1731444585
|switch|p2a: Reuniclus|Reuniclus, F, shiny|100/100
|turn|29
|
|t:|1731444591
|switch|p1a: Magnezone|Magnezone|100/100 par
|-item|p1a: Magnezone|Air Balloon
|move|p2a: Reuniclus|Calm Mind|p2a: Reuniclus
|-boost|p2a: Reuniclus|spa|1
|-boost|p2a: Reuniclus|spd|1
|
|-weather|Sandstorm|[upkeep]
|upkeep
|turn|30
|
|t:|1731444592
|move|p2a: Reuniclus|Calm Mind|p2a: Reuniclus
|-boost|p2a: Reuniclus|spa|1
|-boost|p2a: Reuniclus|spd|1
|move|p1a: Magnezone|Thunder Wave|p2a: Reuniclus
|-status|p2a: Reuniclus|par
|
|-weather|Sandstorm|[upkeep]
|upkeep
|turn|31
|
|t:|1731444595
|switch|p1a: Reuniclus|Reuniclus, F|100/100
|move|p2a: Reuniclus|Acid Armor|p2a: Reuniclus
|-boost|p2a: Reuniclus|def|2
|
|-weather|Sandstorm|[upkeep]
|upkeep
|turn|32
|
|t:|1731444599
|move|p1a: Reuniclus|Calm Mind|p1a: Reuniclus
|-boost|p1a: Reuniclus|spa|1
|-boost|p1a: Reuniclus|spd|1
|move|p2a: Reuniclus|Signal Beam|p1a: Reuniclus
|-supereffective|p1a: Reuniclus
|-damage|p1a: Reuniclus|48/100
|
|-weather|Sandstorm|[upkeep]
|-heal|p1a: Reuniclus|54/100|[from] item: Leftovers
|upkeep
|turn|33
|
|t:|1731444604
|move|p1a: Reuniclus|Calm Mind|p1a: Reuniclus
|-boost|p1a: Reuniclus|spa|1
|-boost|p1a: Reuniclus|spd|1
|move|p2a: Reuniclus|Signal Beam|p1a: Reuniclus
|-supereffective|p1a: Reuniclus
|-damage|p1a: Reuniclus|17/100
|
|-weather|Sandstorm|[upkeep]
|-heal|p1a: Reuniclus|23/100|[from] item: Leftovers
|upkeep
|turn|34
|
|t:|1731444609
|move|p1a: Reuniclus|Recover|p1a: Reuniclus
|-heal|p1a: Reuniclus|73/100
|move|p2a: Reuniclus|Signal Beam|p1a: Reuniclus
|-supereffective|p1a: Reuniclus
|-damage|p1a: Reuniclus|37/100
|
|-weather|Sandstorm|[upkeep]
|-heal|p1a: Reuniclus|43/100|[from] item: Leftovers
|upkeep
|turn|35
|
|t:|1731444615
|move|p1a: Reuniclus|Calm Mind|p1a: Reuniclus
|-boost|p1a: Reuniclus|spa|1
|-boost|p1a: Reuniclus|spd|1
|move|p2a: Reuniclus|Calm Mind|p2a: Reuniclus
|-boost|p2a: Reuniclus|spa|1
|-boost|p2a: Reuniclus|spd|1
|
|-weather|Sandstorm|[upkeep]
|-heal|p1a: Reuniclus|49/100|[from] item: Leftovers
|upkeep
|turn|36
|
|t:|1731444617
|move|p1a: Reuniclus|Calm Mind|p1a: Reuniclus
|-boost|p1a: Reuniclus|spa|1
|-boost|p1a: Reuniclus|spd|1
|cant|p2a: Reuniclus|par
|
|-weather|Sandstorm|[upkeep]
|-heal|p1a: Reuniclus|55/100|[from] item: Leftovers
|upkeep
|turn|37
|
|t:|1731444619
|move|p1a: Reuniclus|Calm Mind|p1a: Reuniclus
|-boost|p1a: Reuniclus|spa|1
|-boost|p1a: Reuniclus|spd|1
|move|p2a: Reuniclus|Acid Armor|p2a: Reuniclus
|-boost|p2a: Reuniclus|def|2
|
|-weather|Sandstorm|[upkeep]
|-heal|p1a: Reuniclus|61/100|[from] item: Leftovers
|upkeep
|turn|38
|
|t:|1731444621
|move|p1a: Reuniclus|Calm Mind|p1a: Reuniclus
|-boost|p1a: Reuniclus|spa|1
|-boost|p1a: Reuniclus|spd|1
|move|p2a: Reuniclus|Acid Armor|p2a: Reuniclus
|-boost|p2a: Reuniclus|def|2
|
|-weather|Sandstorm|[upkeep]
|-heal|p1a: Reuniclus|67/100|[from] item: Leftovers
|upkeep
|turn|39
|
|t:|1731444623
|move|p1a: Reuniclus|Recover|p1a: Reuniclus
|-heal|p1a: Reuniclus|100/100
|move|p2a: Reuniclus|Calm Mind|p2a: Reuniclus
|-boost|p2a: Reuniclus|spa|1
|-boost|p2a: Reuniclus|spd|1
|
|-weather|Sandstorm|[upkeep]
|upkeep
|turn|40
|
|t:|1731444625
|move|p1a: Reuniclus|Thunder|p2a: Reuniclus
|-damage|p2a: Reuniclus|57/100 par
|move|p2a: Reuniclus|Calm Mind|p2a: Reuniclus
|-boost|p2a: Reuniclus|spa|1
|-boost|p2a: Reuniclus|spd|1
|
|-weather|Sandstorm|[upkeep]
|-heal|p2a: Reuniclus|63/100 par|[from] item: Leftovers
|upkeep
|turn|41
|
|t:|1731444627
|move|p1a: Reuniclus|Thunder|p2a: Reuniclus|[miss]
|-miss|p1a: Reuniclus|p2a: Reuniclus
|cant|p2a: Reuniclus|par
|
|-weather|Sandstorm|[upkeep]
|-heal|p2a: Reuniclus|70/100 par|[from] item: Leftovers
|upkeep
|turn|42
|
|t:|1731444629
|move|p1a: Reuniclus|Thunder|p2a: Reuniclus
|-damage|p2a: Reuniclus|33/100 par
|move|p2a: Reuniclus|Recover|p2a: Reuniclus
|-heal|p2a: Reuniclus|83/100 par
|
|-weather|Sandstorm|[upkeep]
|-heal|p2a: Reuniclus|89/100 par|[from] item: Leftovers
|upkeep
|turn|43
|
|t:|1731444632
|move|p1a: Reuniclus|Thunder|p2a: Reuniclus|[miss]
|-miss|p1a: Reuniclus|p2a: Reuniclus
|move|p2a: Reuniclus|Calm Mind|p2a: Reuniclus
|-boost|p2a: Reuniclus|spa|1
|-boost|p2a: Reuniclus|spd|1
|
|-weather|Sandstorm|[upkeep]
|-heal|p2a: Reuniclus|95/100 par|[from] item: Leftovers
|upkeep
|turn|44
|
|t:|1731444634
|move|p1a: Reuniclus|Thunder|p2a: Reuniclus|[miss]
|-miss|p1a: Reuniclus|p2a: Reuniclus
|move|p2a: Reuniclus|Recover|p2a: Reuniclus
|-heal|p2a: Reuniclus|100/100 par
|
|-weather|Sandstorm|[upkeep]
|upkeep
|turn|45
|
|t:|1731444637
|move|p1a: Reuniclus|Thunder|p2a: Reuniclus|[miss]
|-miss|p1a: Reuniclus|p2a: Reuniclus
|move|p2a: Reuniclus|Signal Beam|p1a: Reuniclus
|-supereffective|p1a: Reuniclus
|-damage|p1a: Reuniclus|62/100
|-start|p1a: Reuniclus|confusion
|
|-weather|Sandstorm|[upkeep]
|-heal|p1a: Reuniclus|68/100|[from] item: Leftovers
|upkeep
|turn|46
|
|t:|1731444639
|-activate|p1a: Reuniclus|confusion
|-damage|p1a: Reuniclus|65/100|[from] confusion
|move|p2a: Reuniclus|Signal Beam|p1a: Reuniclus
|-supereffective|p1a: Reuniclus
|-damage|p1a: Reuniclus|27/100
|
|-weather|Sandstorm|[upkeep]
|-heal|p1a: Reuniclus|34/100|[from] item: Leftovers
|upkeep
|turn|47
|
|t:|1731444641
|-activate|p1a: Reuniclus|confusion
|-damage|p1a: Reuniclus|30/100|[from] confusion
|move|p2a: Reuniclus|Signal Beam|p1a: Reuniclus
|-supereffective|p1a: Reuniclus
|-damage|p1a: Reuniclus|0 fnt
|faint|p1a: Reuniclus
|
|-weather|Sandstorm|[upkeep]
|upkeep
|
|t:|1731444644
|switch|p1a: Excadrill|Excadrill, F|100/100
|turn|48
|
|t:|1731444647
|move|p1a: Excadrill|Iron Head|p2a: Reuniclus
|-damage|p2a: Reuniclus|89/100 par
|cant|p2a: Reuniclus|par
|
|-weather|Sandstorm|[upkeep]
|-heal|p2a: Reuniclus|95/100 par|[from] item: Leftovers
|upkeep
|turn|49
|
|t:|1731444650
|move|p1a: Excadrill|Iron Head|p2a: Reuniclus
|-damage|p2a: Reuniclus|84/100 par
|move|p2a: Reuniclus|Signal Beam|p1a: Excadrill
|-resisted|p1a: Excadrill
|-damage|p1a: Excadrill|45/100
|
|-weather|Sandstorm|[upkeep]
|-heal|p2a: Reuniclus|91/100 par|[from] item: Leftovers
|upkeep
|turn|50
|
|t:|1731444652
|move|p1a: Excadrill|Iron Head|p2a: Reuniclus
|-damage|p2a: Reuniclus|79/100 par
|move|p2a: Reuniclus|Signal Beam|p1a: Excadrill
|-resisted|p1a: Excadrill
|-damage|p1a: Excadrill|0 fnt
|faint|p1a: Excadrill
|
|-weather|Sandstorm|[upkeep]
|-heal|p2a: Reuniclus|85/100 par|[from] item: Leftovers
|upkeep
|-message|night bliz forfeited.
|
|win|Croaset
|raw|night bliz's rating: 1392 &rarr; <strong>1365</strong><br />(-27 for losing)
|raw|Croaset's rating: 1272 &rarr; <strong>1305</strong><br />(+33 for winning)
|l|☆night bliz
|player|p1|
