|j|☆daddy_days
|j|☆StillOwesMeaSoda
|t:|1736464202
|gametype|singles
|player|p1|daddy_days|hugh|1316
|player|p2|StillOwesMeaSoda|266|1420
|teamsize|p1|6
|teamsize|p2|6
|gen|5
|tier|[Gen 5] OU
|rated|
|rule|Species Clause: Limit one of each Pokémon
|rule|OHKO Clause: OHKO moves are banned
|rule|Moody Clause: Moody is banned
|rule|Evasion Items Clause: Evasion items are banned
|rule|Evasion Moves Clause: Evasion moves are banned
|rule|Endless Battle Clause: Forcing endless battles is banned
|rule|HP Percentage Mod: HP is shown in percentages
|rule|Evasion Abilities Clause: Evasion abilities are banned
|rule|Sleep Moves Clause: Sleep-inducing moves are banned
|rule|Swagger Clause: Swagger is banned
|rule|Baton Pass Stat Clause: No Baton Passer may have a way to boost its stats
|clearpoke
|poke|p1|Scyther, M|item
|poke|p1|Alakazam, F|item
|poke|p1|Starmie|item
|poke|p1|Garchomp, F|item
|poke|p1|Kyurem-Black|item
|poke|p1|Gyarados, F|item
|poke|p2|Chansey, F|item
|poke|p2|Tentacruel, M|item
|poke|p2|Ferrothorn, F|item
|poke|p2|Politoed, M|item
|poke|p2|Gliscor, F|item
|poke|p2|Scizor, M|item
|teampreview
|
|t:|1736464231
|start
|switch|p1a: Delete Button|Kyurem-Black|100/100
|switch|p2a: Gliscor|Gliscor, F|100/100
|-ability|p1a: Delete Button|Teravolt
|turn|1
|
|t:|1736464239
|move|p2a: Gliscor|Protect|p2a: Gliscor
|-singleturn|p2a: Gliscor|Protect
|move|p1a: Delete Button|Outrage|p2a: Gliscor
|-activate|p2a: Gliscor|move: Protect
|
|-status|p2a: Gliscor|tox|[from] item: Toxic Orb
|upkeep
|turn|2
|
|t:|1736464248
|switch|p2a: Ferrothorn|Ferrothorn, F|100/100
|move|p1a: Delete Button|Outrage|p2a: Ferrothorn
|-resisted|p2a: Ferrothorn
|-damage|p2a: Ferrothorn|61/100
|-damage|p1a: Delete Button|88/100|[from] ability: Iron Barbs|[of] p2a: Ferrothorn
|
|-heal|p2a: Ferrothorn|68/100|[from] item: Leftovers
|upkeep
|turn|3
|
|t:|1736464258
|move|p1a: Delete Button|Outrage|p2a: Ferrothorn|[from]lockedmove
|-resisted|p2a: Ferrothorn
|-damage|p2a: Ferrothorn|33/100
|-damage|p1a: Delete Button|76/100|[from] ability: Iron Barbs|[of] p2a: Ferrothorn
|-start|p1a: Delete Button|confusion|[fatigue]
|move|p2a: Ferrothorn|Gyro Ball|p1a: Delete Button
|-supereffective|p1a: Delete Button
|-damage|p1a: Delete Button|0 fnt
|faint|p1a: Delete Button
|
|-heal|p2a: Ferrothorn|39/100|[from] item: Leftovers
|upkeep
|j| Finch Ruins OU
|
|t:|1736464277
|switch|p1a: Alakazam|Alakazam, F|100/100
|turn|4
|
|t:|1736464282
|switch|p2a: Scizor|Scizor, M|100/100
|move|p1a: Alakazam|Focus Blast|p2a: Scizor|[miss]
|-miss|p1a: Alakazam|p2a: Scizor
|
|upkeep
|turn|5
|
|t:|1736464289
|-activate|p1a: Alakazam|move: Pursuit
|move|p2a: Scizor|Pursuit|p1a: Alakazam|[from]Pursuit
|-supereffective|p1a: Alakazam
|-enditem|p1a: Alakazam|Focus Sash
|-damage|p1a: Alakazam|1/100
|switch|p1a: Pain|Garchomp, F|100/100
|
|upkeep
|turn|6
|
|t:|1736464298
|switch|p2a: Politoed|Politoed, M|100/100
|-weather|RainDance|[from] ability: Drizzle|[of] p2a: Politoed
|move|p1a: Pain|Stealth Rock|p2a: Politoed
|-sidestart|p2: StillOwesMeaSoda|move: Stealth Rock
|
|-weather|RainDance|[upkeep]
|upkeep
|turn|7
|
|t:|1736464307
|switch|p1a: Starmie|Starmie|100/100
|move|p2a: Politoed|Scald|p1a: Starmie
|-resisted|p1a: Starmie
|-damage|p1a: Starmie|79/100
|
|-weather|RainDance|[upkeep]
|-heal|p1a: Starmie|85/100|[from] item: Leftovers
|upkeep
|turn|8
|
|t:|1736464316
|switch|p2a: Chansey|Chansey, F|100/100
|-damage|p2a: Chansey|88/100|[from] Stealth Rock
|move|p1a: Starmie|Thunderbolt|p2a: Chansey
|-damage|p2a: Chansey|82/100
|
|-weather|RainDance|[upkeep]
|-heal|p1a: Starmie|91/100|[from] item: Leftovers
|upkeep
|turn|9
|
|t:|1736464327
|switch|p1a: Gyarados|Gyarados, F|100/100
|-ability|p1a: Gyarados|Intimidate|boost
|-unboost|p2a: Chansey|atk|1
|move|p2a: Chansey|Stealth Rock|p1a: Gyarados
|-sidestart|p1: daddy_days|move: Stealth Rock
|
|-weather|RainDance|[upkeep]
|upkeep
|turn|10
|
|t:|1736464335
|switch|p2a: Politoed|Politoed, M|100/100
|-damage|p2a: Politoed|88/100|[from] Stealth Rock
|move|p1a: Gyarados|Dragon Dance|p1a: Gyarados
|-boost|p1a: Gyarados|atk|1
|-boost|p1a: Gyarados|spe|1
|
|-weather|RainDance|[upkeep]
|-heal|p2a: Politoed|94/100|[from] item: Leftovers
|upkeep
|turn|11
|
|t:|1736464346
|move|p1a: Gyarados|Earthquake|p2a: Politoed
|-crit|p2a: Politoed
|-damage|p2a: Politoed|5/100
|move|p2a: Politoed|Encore|p1a: Gyarados
|-start|p1a: Gyarados|Encore
|
|-weather|RainDance|[upkeep]
|-heal|p2a: Politoed|12/100|[from] item: Leftovers
|upkeep
|turn|12
|
|t:|1736464365
|switch|p2a: Gliscor|Gliscor, F|100/100 tox
|-damage|p2a: Gliscor|88/100 tox|[from] Stealth Rock
|move|p1a: Gyarados|Earthquake|p2a: Gliscor
|-immune|p2a: Gliscor
|
|-weather|RainDance|[upkeep]
|-heal|p2a: Gliscor|100/100 tox|[from] ability: Poison Heal
|upkeep
|turn|13
|l| Finch Ruins OU
|
|t:|1736464380
|move|p1a: Gyarados|Earthquake|p2a: Gliscor
|-immune|p2a: Gliscor
|move|p2a: Gliscor|Knock Off|p1a: Gyarados
|-damage|p1a: Gyarados|95/100
|-enditem|p1a: Gyarados|Lum Berry|[from] move: Knock Off|[of] p2a: Gliscor
|
|-weather|RainDance|[upkeep]
|upkeep
|turn|14
|
|t:|1736464401
|switch|p2a: Chansey|Chansey, F|82/100
|-damage|p2a: Chansey|70/100|[from] Stealth Rock
|move|p1a: Gyarados|Earthquake|p2a: Chansey
|-damage|p2a: Chansey|31/100
|
|-weather|RainDance|[upkeep]
|-end|p1a: Gyarados|Encore
|upkeep
|turn|15
|
|t:|1736464411
|move|p1a: Gyarados|Waterfall|p2a: Chansey
|-damage|p2a: Chansey|0 fnt
|faint|p2a: Chansey
|
|-weather|RainDance|[upkeep]
|upkeep
|
|t:|1736464415
|switch|p2a: Ferrothorn|Ferrothorn, F|39/100
|-damage|p2a: Ferrothorn|33/100|[from] Stealth Rock
|turn|16
|
|t:|1736464422
|move|p1a: Gyarados|Earthquake|p2a: Ferrothorn
|-crit|p2a: Ferrothorn
|-damage|p2a: Ferrothorn|0 fnt
|faint|p2a: Ferrothorn
|
|-weather|RainDance|[upkeep]
|upkeep
|
|t:|1736464426
|switch|p2a: Scizor|Scizor, M|100/100
|-damage|p2a: Scizor|88/100|[from] Stealth Rock
|turn|17
|j| Finch Ruins OU
|
|t:|1736464431
|move|p2a: Scizor|Quick Attack|p1a: Gyarados
|-damage|p1a: Gyarados|55/100
|move|p1a: Gyarados|Waterfall|p2a: Scizor
|-damage|p2a: Scizor|0 fnt
|faint|p2a: Scizor
|
|-weather|RainDance|[upkeep]
|upkeep
|-message|StillOwesMeaSoda forfeited.
|
|win|daddy_days
|raw|daddy_days's rating: 1316 &rarr; <strong>1342</strong><br />(+26 for winning)
|raw|StillOwesMeaSoda's rating: 1420 &rarr; <strong>1394</strong><br />(-26 for losing)
|l|☆StillOwesMeaSoda
|player|p2|
|l|☆daddy_days
|player|p1|
