|j|☆onionbunion
|j|☆BlueHairedLass
|t:|1743478897
|gametype|singles
|player|p1|onionbunion|gentleman-gen1rb|1462
|player|p2|BlueHairedLass|lass-gen1rb|1359
|teamsize|p1|6
|teamsize|p2|6
|gen|5
|tier|[Gen 5] OU
|rated|
|rule|Species Clause: Limit one of each Pokémon
|rule|OHKO Clause: OHKO moves are banned
|rule|Moody Clause: Moody is banned
|rule|Evasion Items Clause: Evasion items are banned
|rule|Evasion Moves Clause: Evasion moves are banned
|rule|Endless Battle Clause: Forcing endless battles is banned
|rule|HP Percentage Mod: HP is shown in percentages
|rule|Evasion Abilities Clause: Evasion abilities are banned
|rule|Sleep Moves Clause: Sleep-inducing moves are banned
|rule|Swagger Clause: Swagger is banned
|rule|Baton Pass Stat Clause: No Baton Passer may have a way to boost its stats
|clearpoke
|poke|p1|Ferrothorn, F|item
|poke|p1|Jellicent, F|item
|poke|p1|Latios, M|item
|poke|p1|Landorus-Therian, M|item
|poke|p1|Clefable, M|item
|poke|p1|Alakazam, M|item
|poke|p2|Breloom, F|item
|poke|p2|Landorus-Therian, M|item
|poke|p2|Latios, M|item
|poke|p2|Rotom-Wash|item
|poke|p2|Jirachi|item
|poke|p2|Magnezone|item
|teampreview
|j| lzgboys
|inactive|Battle timer is ON: inactive players will automatically lose when time's up. (requested by onionbunion)
|inactive|BlueHairedLass has 120 seconds left.
|
|t:|1743479004
|start
|switch|p1a: Landorus|Landorus-Therian, M|100/100
|switch|p2a: Landorus|Landorus-Therian, M|100/100
|-ability|p2a: Landorus|Intimidate|boost
|-unboost|p1a: Landorus|atk|1
|-ability|p1a: Landorus|Intimidate|boost
|-unboost|p2a: Landorus|atk|1
|turn|1
|l| lzgboys
|j| lzgboys
|
|t:|1743479021
|move|p2a: Landorus|Stealth Rock|p1a: Landorus
|-sidestart|p1: onionbunion|move: Stealth Rock
|move|p1a: Landorus|Stealth Rock|p2a: Landorus
|-sidestart|p2: BlueHairedLass|move: Stealth Rock
|
|upkeep
|turn|2
|
|t:|1743479025
|move|p2a: Landorus|Hidden Power|p1a: Landorus
|-supereffective|p1a: Landorus
|-damage|p1a: Landorus|49/100
|move|p1a: Landorus|Hidden Power|p2a: Landorus
|-supereffective|p2a: Landorus
|-damage|p2a: Landorus|18/100
|
|-heal|p2a: Landorus|24/100|[from] item: Leftovers
|-heal|p1a: Landorus|55/100|[from] item: Leftovers
|upkeep
|turn|3
|
|t:|1743479050
|move|p2a: Landorus|Hidden Power|p1a: Landorus
|-supereffective|p1a: Landorus
|-damage|p1a: Landorus|6/100
|move|p1a: Landorus|Hidden Power|p2a: Landorus
|-supereffective|p2a: Landorus
|-damage|p2a: Landorus|0 fnt
|faint|p2a: Landorus
|
|-heal|p1a: Landorus|12/100|[from] item: Leftovers
|upkeep
|inactive|BlueHairedLass has 120 seconds left.
|
|t:|1743479090
|switch|p2a: Breloom|Breloom, F, shiny|100/100
|-damage|p2a: Breloom|94/100|[from] Stealth Rock
|turn|4
|inactive|onionbunion has 120 seconds left.
|
|t:|1743479113
|move|p2a: Breloom|Bullet Seed|p1a: Landorus
|-damage|p1a: Landorus|0 fnt
|faint|p1a: Landorus
|-hitcount|p1: Landorus|1
|
|upkeep
|inactive|onionbunion has 120 seconds left.
|
|t:|1743479123
|switch|p1a: Alakazam|Alakazam, M|100/100
|turn|5
|
|t:|1743479128
|switch|p2a: Jirachi|Jirachi|100/100
|-damage|p2a: Jirachi|94/100|[from] Stealth Rock
|move|p1a: Alakazam|Psychic|p2a: Jirachi
|-resisted|p2a: Jirachi
|-damage|p2a: Jirachi|86/100
|
|-heal|p2a: Jirachi|92/100|[from] item: Leftovers
|upkeep
|turn|6
|j| yoymate
|
|t:|1743479142
|switch|p1a: Jellicent|Jellicent, F|100/100
|-damage|p1a: Jellicent|88/100|[from] Stealth Rock
|move|p2a: Jirachi|U-turn|p1a: Jellicent
|-resisted|p1a: Jellicent
|-damage|p1a: Jellicent|82/100
|inactive|BlueHairedLass has 120 seconds left.
|inactive|BlueHairedLass has 90 seconds left.
|
|t:|1743479207
|switch|p2a: Breloom|Breloom, F, shiny|94/100|[from] U-turn
|-damage|p2a: Breloom|88/100|[from] Stealth Rock
|
|-heal|p1a: Jellicent|88/100|[from] item: Leftovers
|upkeep
|turn|7
|l| yoymate
|inactive|onionbunion has 120 seconds left.
|
|t:|1743479242
|switch|p1a: Latios|Latios, M|100/100
|-damage|p1a: Latios|88/100|[from] Stealth Rock
|move|p2a: Breloom|Superpower|p1a: Latios
|-resisted|p1a: Latios
|-damage|p1a: Latios|18/100
|-unboost|p2a: Breloom|atk|1
|-unboost|p2a: Breloom|def|1
|
|upkeep
|turn|8
|
|t:|1743479248
|switch|p2a: Jirachi|Jirachi|92/100
|-damage|p2a: Jirachi|86/100|[from] Stealth Rock
|move|p1a: Latios|Recover|p1a: Latios
|-heal|p1a: Latios|69/100
|
|-heal|p2a: Jirachi|92/100|[from] item: Leftovers
|upkeep
|turn|9
|
|t:|1743479257
|switch|p1a: Ferrothorn|Ferrothorn, F|100/100
|-damage|p1a: Ferrothorn|94/100|[from] Stealth Rock
|move|p2a: Jirachi|Body Slam|p1a: Ferrothorn
|-resisted|p1a: Ferrothorn
|-damage|p1a: Ferrothorn|87/100
|-status|p1a: Ferrothorn|par
|-damage|p2a: Jirachi|80/100|[from] ability: Iron Barbs|[of] p1a: Ferrothorn
|
|-heal|p2a: Jirachi|86/100|[from] item: Leftovers
|-heal|p1a: Ferrothorn|94/100 par|[from] item: Leftovers
|upkeep
|turn|10
|inactive|onionbunion has 120 seconds left.
|
|t:|1743479264
|switch|p2a: Magnezone|Magnezone|100/100
|-damage|p2a: Magnezone|94/100|[from] Stealth Rock
|-item|p2a: Magnezone|Air Balloon
|move|p1a: Ferrothorn|Spikes|p2a: Magnezone
|-sidestart|p2: BlueHairedLass|Spikes
|
|-heal|p1a: Ferrothorn|99/100 par|[from] item: Leftovers
|upkeep
|turn|11
|
|t:|1743479270
|move|p2a: Magnezone|Hidden Power|p1a: Ferrothorn
|-supereffective|p1a: Ferrothorn
|-damage|p1a: Ferrothorn|32/100 par
|move|p1a: Ferrothorn|Leech Seed|p2a: Magnezone
|-start|p2a: Magnezone|move: Leech Seed
|
|-heal|p1a: Ferrothorn|38/100 par|[from] item: Leftovers
|-damage|p2a: Magnezone|82/100|[from] Leech Seed|[of] p1a: Ferrothorn
|-heal|p1a: Ferrothorn|48/100 par|[silent]
|upkeep
|turn|12
|
|t:|1743479277
|move|p2a: Magnezone|Hidden Power|p1a: Ferrothorn
|-supereffective|p1a: Ferrothorn
|-damage|p1a: Ferrothorn|0 fnt
|faint|p1a: Ferrothorn
|
|upkeep
|
|t:|1743479295
|switch|p1a: Alakazam|Alakazam, M|100/100
|turn|13
|l| lzgboys
|
|t:|1743479312
|move|p1a: Alakazam|Focus Blast|p2a: Magnezone
|-supereffective|p2a: Magnezone
|-damage|p2a: Magnezone|0 fnt
|-enditem|p2a: Magnezone|Air Balloon
|faint|p2a: Magnezone
|
|upkeep
|
|t:|1743479314
|switch|p2a: Jirachi|Jirachi|86/100
|-damage|p2a: Jirachi|80/100|[from] Stealth Rock
|-damage|p2a: Jirachi|67/100|[from] Spikes
|turn|14
|inactive|onionbunion has 120 seconds left.
|
|t:|1743479360
|switch|p1a: Jellicent|Jellicent, F|88/100
|-damage|p1a: Jellicent|76/100|[from] Stealth Rock
|move|p2a: Jirachi|U-turn|p1a: Jellicent
|-resisted|p1a: Jellicent
|-damage|p1a: Jellicent|69/100
|
|t:|1743479364
|switch|p2a: Breloom|Breloom, F, shiny|88/100|[from] U-turn
|-damage|p2a: Breloom|82/100|[from] Stealth Rock
|-damage|p2a: Breloom|70/100|[from] Spikes
|
|-heal|p1a: Jellicent|75/100|[from] item: Leftovers
|upkeep
|turn|15
|
|t:|1743479373
|move|p2a: Breloom|Bullet Seed|p1a: Jellicent
|-supereffective|p1a: Jellicent
|-damage|p1a: Jellicent|18/100
|-supereffective|p1a: Jellicent
|-damage|p1a: Jellicent|0 fnt
|faint|p1a: Jellicent
|-hitcount|p1: Jellicent|2
|
|upkeep
|
|t:|1743479377
|switch|p1a: Alakazam|Alakazam, M|100/100
|turn|16
|inactive|onionbunion has 120 seconds left.
|
|t:|1743479393
|switch|p2a: Jirachi|Jirachi|67/100
|-damage|p2a: Jirachi|61/100|[from] Stealth Rock
|-damage|p2a: Jirachi|49/100|[from] Spikes
|move|p1a: Alakazam|Shadow Ball|p2a: Jirachi
|-damage|p2a: Jirachi|25/100
|
|-heal|p2a: Jirachi|31/100|[from] item: Leftovers
|upkeep
|turn|17
|inactive|onionbunion has 120 seconds left.
|
|t:|1743479403
|move|p1a: Alakazam|Focus Blast|p2a: Jirachi
|-damage|p2a: Jirachi|1/100
|move|p2a: Jirachi|Body Slam|p1a: Alakazam
|-damage|p1a: Alakazam|59/100
|-status|p1a: Alakazam|par
|
|-heal|p2a: Jirachi|7/100|[from] item: Leftovers
|upkeep
|turn|18
|inactive|onionbunion has 120 seconds left.
|
|t:|1743479422
|switch|p1a: Clefable|Clefable, M|100/100
|move|p2a: Jirachi|Iron Head|p1a: Clefable
|-damage|p1a: Clefable|75/100
|
|-heal|p2a: Jirachi|13/100|[from] item: Leftovers
|-heal|p1a: Clefable|81/100|[from] item: Leftovers
|upkeep
|turn|19
|
|t:|1743479426
|move|p2a: Jirachi|Body Slam|p1a: Clefable
|-damage|p1a: Clefable|63/100
|-status|p1a: Clefable|par
|cant|p1a: Clefable|par
|
|-heal|p2a: Jirachi|19/100|[from] item: Leftovers
|-heal|p1a: Clefable|69/100 par|[from] item: Leftovers
|upkeep
|turn|20
|
|t:|1743479433
|move|p2a: Jirachi|Iron Head|p1a: Clefable
|-damage|p1a: Clefable|42/100 par
|cant|p1a: Clefable|flinch
|
|-heal|p2a: Jirachi|25/100|[from] item: Leftovers
|-heal|p1a: Clefable|48/100 par|[from] item: Leftovers
|upkeep
|turn|21
|
|t:|1743479437
|move|p2a: Jirachi|Iron Head|p1a: Clefable
|-damage|p1a: Clefable|23/100 par
|cant|p1a: Clefable|flinch
|
|-heal|p2a: Jirachi|32/100|[from] item: Leftovers
|-heal|p1a: Clefable|29/100 par|[from] item: Leftovers
|upkeep
|turn|22
|
|t:|1743479441
|move|p2a: Jirachi|Iron Head|p1a: Clefable
|-damage|p1a: Clefable|4/100 par
|cant|p1a: Clefable|par
|
|-heal|p2a: Jirachi|38/100|[from] item: Leftovers
|-heal|p1a: Clefable|10/100 par|[from] item: Leftovers
|upkeep
|turn|23
|
|t:|1743479446
|move|p2a: Jirachi|Iron Head|p1a: Clefable
|-damage|p1a: Clefable|0 fnt
|faint|p1a: Clefable
|
|-heal|p2a: Jirachi|44/100|[from] item: Leftovers
|upkeep
|
|t:|1743479448
|switch|p1a: Latios|Latios, M|69/100
|-damage|p1a: Latios|56/100|[from] Stealth Rock
|turn|24
|
|t:|1743479454
|move|p1a: Latios|Surf|p2a: Jirachi
|-damage|p2a: Jirachi|22/100
|move|p2a: Jirachi|Body Slam|p1a: Latios
|-damage|p1a: Latios|30/100
|-status|p1a: Latios|par
|
|-heal|p2a: Jirachi|28/100|[from] item: Leftovers
|upkeep
|turn|25
|-message|onionbunion forfeited.
|
|win|BlueHairedLass
|raw|onionbunion's rating: 1462 &rarr; <strong>1436</strong><br />(-26 for losing)
|raw|BlueHairedLass's rating: 1359 &rarr; <strong>1385</strong><br />(+26 for winning)
|l|☆onionbunion
|player|p1|
