|j|☆sk8head
|j|☆the king of bel
|t:|1709547652
|gametype|singles
|player|p1|sk8head|169|1423
|player|p2|the king of bel|266|1393
|teamsize|p1|6
|teamsize|p2|6
|gen|5
|tier|[Gen 5] OU
|rated|
|rule|Species Clause: Limit one of each Pokémon
|rule|OHKO Clause: OHKO moves are banned
|rule|Moody Clause: Moody is banned
|rule|Evasion Items Clause: Evasion items are banned
|rule|Evasion Moves Clause: Evasion moves are banned
|rule|Endless Battle Clause: Forcing endless battles is banned
|rule|HP Percentage Mod: HP is shown in percentages
|rule|Evasion Abilities Clause: Evasion abilities are banned
|rule|Sleep Moves Clause: Sleep-inducing moves are banned
|rule|Swagger Clause: Swagger is banned
|rule|Baton Pass Stat Clause: No Baton Passer may have a way to boost its stats
|clearpoke
|poke|p1|Latios, M|item
|poke|p1|Scizor, M|item
|poke|p1|Aerodactyl, F|item
|poke|p1|Garchomp, F|item
|poke|p1|Kyurem-Black|item
|poke|p1|Landorus-Therian, M|item
|poke|p2|Alakazam, M|item
|poke|p2|Reuniclus, F|item
|poke|p2|Tyranitar, F|item
|poke|p2|Hydreigon, F|item
|poke|p2|Landorus-Therian, M|item
|poke|p2|Rotom-Wash|item
|teampreview
|c|☆sk8head|gl
|
|t:|1709547661
|start
|switch|p1a: Aerodactyl|Aerodactyl, F|100/100
|switch|p2a: Tyranitar|Tyranitar, F|100/100
|-ability|p1a: Aerodactyl|Unnerve
|-weather|Sandstorm|[from] ability: Sand Stream|[of] p2a: Tyranitar
|turn|1
|
|t:|1709547665
|move|p1a: Aerodactyl|Taunt|p2a: Tyranitar
|-start|p2a: Tyranitar|move: Taunt
|move|p2a: Tyranitar|Ice Beam|p1a: Aerodactyl
|-supereffective|p1a: Aerodactyl
|-damage|p1a: Aerodactyl|63/100
|
|-weather|Sandstorm|[upkeep]
|upkeep
|turn|2
|
|t:|1709547676
|move|p1a: Aerodactyl|Stealth Rock|p2a: Tyranitar
|-sidestart|p2: the king of bel|move: Stealth Rock
|move|p2a: Tyranitar|Superpower|p1a: Aerodactyl
|-damage|p1a: Aerodactyl|0 fnt
|-unboost|p2a: Tyranitar|atk|1
|-unboost|p2a: Tyranitar|def|1
|faint|p1a: Aerodactyl
|
|-weather|Sandstorm|[upkeep]
|upkeep
|
|t:|1709547694
|switch|p1a: Landorus|Landorus-Therian, M|100/100
|-ability|p1a: Landorus|Intimidate|boost
|-unboost|p2a: Tyranitar|atk|1
|turn|3
|
|t:|1709547701
|switch|p2a: Landorus|Landorus-Therian, M, shiny|100/100
|-damage|p2a: Landorus|88/100|[from] Stealth Rock
|-ability|p2a: Landorus|Intimidate|boost
|-unboost|p1a: Landorus|atk|1
|move|p1a: Landorus|Rock Polish|p1a: Landorus
|-boost|p1a: Landorus|spe|2
|
|-weather|Sandstorm|[upkeep]
|upkeep
|turn|4
|
|t:|1709547703
|move|p1a: Landorus|Hidden Power|p2a: Landorus
|-supereffective|p2a: Landorus
|-damage|p2a: Landorus|0 fnt
|faint|p2a: Landorus
|-damage|p1a: Landorus|90/100|[from] item: Life Orb
|
|-weather|Sandstorm|[upkeep]
|upkeep
|
|t:|1709547707
|switch|p2a: Rotom|Rotom-Wash|100/100
|-damage|p2a: Rotom|88/100|[from] Stealth Rock
|turn|5
|
|t:|1709547710
|move|p1a: Landorus|Explosion|p2a: Rotom
|-damage|p2a: Rotom|0 fnt
|faint|p1a: Landorus
|faint|p2a: Rotom
|
|-weather|Sandstorm|[upkeep]
|upkeep
|
|t:|1709547715
|switch|p1a: Garchomp|Garchomp, F|100/100
|switch|p2a: Tyranitar|Tyranitar, F|100/100
|-damage|p2a: Tyranitar|88/100|[from] Stealth Rock
|turn|6
|
|t:|1709547719
|move|p1a: Garchomp|Earthquake|p2a: Tyranitar
|-supereffective|p2a: Tyranitar
|-damage|p2a: Tyranitar|0 fnt
|faint|p2a: Tyranitar
|
|-weather|Sandstorm|[upkeep]
|upkeep
|
|t:|1709547722
|switch|p2a: Alakazam|Alakazam, M|100/100
|turn|7
|
|t:|1709547758
|move|p2a: Alakazam|Hidden Power|p1a: Garchomp
|-supereffective|p1a: Garchomp
|-enditem|p1a: Garchomp|Focus Sash
|-damage|p1a: Garchomp|1/100
|move|p1a: Garchomp|Earthquake|p2a: Alakazam
|-enditem|p2a: Alakazam|Focus Sash
|-damage|p2a: Alakazam|1/100
|
|-weather|Sandstorm|[upkeep]
|upkeep
|turn|8
|
|t:|1709547762
|move|p2a: Alakazam|Psyshock|p1a: Garchomp
|-damage|p1a: Garchomp|0 fnt
|faint|p1a: Garchomp
|
|-weather|Sandstorm|[upkeep]
|upkeep
|inactive|Battle timer is ON: inactive players will automatically lose when time's up. (requested by the king of bel)
|
|t:|1709547823
|switch|p1a: Scizor|Scizor, M|100/100
|turn|9
|inactive|the king of bel has 120 seconds left.
|
|t:|1709547856
|move|p1a: Scizor|Bullet Punch|p2a: Alakazam
|-damage|p2a: Alakazam|0 fnt
|faint|p2a: Alakazam
|
|-weather|Sandstorm|[upkeep]
|upkeep
|
|t:|1709547858
|switch|p2a: Hydreigon|Hydreigon, F, shiny|100/100
|-damage|p2a: Hydreigon|88/100|[from] Stealth Rock
|turn|10
|
|t:|1709547863
|switch|p1a: Latios|Latios, M|100/100
|move|p2a: Hydreigon|Fire Blast|p1a: Latios
|-resisted|p1a: Latios
|-damage|p1a: Latios|64/100
|
|-weather|Sandstorm|[upkeep]
|-damage|p1a: Latios|58/100|[from] Sandstorm
|-damage|p2a: Hydreigon|82/100|[from] Sandstorm
|upkeep
|turn|11
|
|t:|1709547867
|switch|p2a: Reuniclus|Reuniclus, F, shiny|100/100
|move|p1a: Latios|Draco Meteor|p2a: Reuniclus
|-damage|p2a: Reuniclus|15/100
|-unboost|p1a: Latios|spa|2
|-damage|p1a: Latios|48/100|[from] item: Life Orb
|
|-weather|Sandstorm|[upkeep]
|-damage|p1a: Latios|42/100|[from] Sandstorm
|upkeep
|turn|12
|
|t:|1709547870
|move|p1a: Latios|Draco Meteor|p2a: Reuniclus
|-damage|p2a: Reuniclus|0 fnt
|-unboost|p1a: Latios|spa|2
|faint|p2a: Reuniclus
|-damage|p1a: Latios|32/100|[from] item: Life Orb
|
|-weather|Sandstorm|[upkeep]
|-damage|p1a: Latios|26/100|[from] Sandstorm
|upkeep
|-message|the king of bel forfeited.
|
|win|sk8head
|raw|sk8head's rating: 1423 &rarr; <strong>1441</strong><br />(+18 for winning)
|raw|the king of bel's rating: 1393 &rarr; <strong>1375</strong><br />(-18 for losing)
|l|☆the king of bel
|player|p2|
