|uhtml|medal-msg|<div class="broadcast-blue">Curious what those medals under the avatar are? PS now has Ladder Seasons! For more information, check out the <a href="https://www.smogon.com/forums/threads/3740067/">thread on Smogon.</a></div>
|uhtml|medal-msg|<div class="broadcast-blue">Curious what those medals under the avatar are? PS now has Ladder Seasons! For more information, check out the <a href="https://www.smogon.com/forums/threads/3740067/">thread on Smogon.</a></div>
|j|☆stanloona2024
|j|☆deepfriedtacos
|t:|1713304420
|gametype|singles
|player|p1|stanloona2024|pokekid|1305
|player|p2|deepfriedtacos|benga|1375
|teamsize|p1|6
|teamsize|p2|6
|gen|5
|tier|[Gen 5] OU
|rated|
|rule|Species Clause: Limit one of each Pokémon
|rule|OHKO Clause: OHKO moves are banned
|rule|Moody Clause: Moody is banned
|rule|Evasion Items Clause: Evasion items are banned
|rule|Evasion Moves Clause: Evasion moves are banned
|rule|Endless Battle Clause: Forcing endless battles is banned
|rule|HP Percentage Mod: HP is shown in percentages
|rule|Evasion Abilities Clause: Evasion abilities are banned
|rule|Sleep Moves Clause: Sleep-inducing moves are banned
|rule|Swagger Clause: Swagger is banned
|rule|Baton Pass Stat Clause: No Baton Passer may have a way to boost its stats
|clearpoke
|poke|p1|Magnezone|item
|poke|p1|Garchomp, M|item
|poke|p1|Dragonite, F|item
|poke|p1|Breloom, F|item
|poke|p1|Weavile, M|item
|poke|p1|Starmie|item
|poke|p2|Gengar, M|item
|poke|p2|Politoed, M|item
|poke|p2|Ferrothorn, M|item
|poke|p2|Tentacruel, M|item
|poke|p2|Latios, M|item
|poke|p2|Toxicroak, M|item
|teampreview
|inactive|Battle timer is ON: inactive players will automatically lose when time's up. (requested by deepfriedtacos)
|
|t:|1713304430
|start
|switch|p1a: Magnezone|Magnezone|100/100
|switch|p2a: Politoed|Politoed, M|100/100
|-weather|RainDance|[from] ability: Drizzle|[of] p2a: Politoed
|-item|p1a: Magnezone|Air Balloon
|turn|1
|
|t:|1713304440
|move|p2a: Politoed|Scald|p1a: Magnezone
|-damage|p1a: Magnezone|58/100
|-enditem|p1a: Magnezone|Air Balloon
|move|p1a: Magnezone|Thunderbolt|p2a: Politoed
|-supereffective|p2a: Politoed
|-damage|p2a: Politoed|11/100
|
|-weather|RainDance|[upkeep]
|-heal|p2a: Politoed|17/100|[from] item: Leftovers
|upkeep
|turn|2
|
|t:|1713304448
|move|p2a: Politoed|Scald|p1a: Magnezone
|-damage|p1a: Magnezone|17/100
|move|p1a: Magnezone|Volt Switch|p2a: Politoed
|-supereffective|p2a: Politoed
|-crit|p2a: Politoed
|-damage|p2a: Politoed|0 fnt
|faint|p2a: Politoed
|
|t:|1713304461
|switch|p1a: Garchomp|Garchomp, M|100/100|[from] Volt Switch
|
|-weather|RainDance|[upkeep]
|upkeep
|
|t:|1713304465
|switch|p2a: Latios|Latios, M|100/100
|turn|3
|
|t:|1713304476
|switch|p1a: Magnezone|Magnezone|17/100
|move|p2a: Latios|Draco Meteor|p1a: Magnezone
|-resisted|p1a: Magnezone
|-damage|p1a: Magnezone|0 fnt
|-unboost|p2a: Latios|spa|2
|faint|p1a: Magnezone
|
|-weather|RainDance|[upkeep]
|upkeep
|
|t:|1713304477
|switch|p1a: Weavile|Weavile, M|100/100
|-ability|p1a: Weavile|Pressure
|turn|4
|
|t:|1713304491
|move|p2a: Latios|Draco Meteor|p1a: Weavile
|-damage|p1a: Weavile|54/100
|-unboost|p2a: Latios|spa|2
|move|p1a: Weavile|Pursuit|p2a: Latios
|-supereffective|p2a: Latios
|-damage|p2a: Latios|18/100
|
|-weather|RainDance|[upkeep]
|upkeep
|turn|5
|
|t:|1713304494
|move|p2a: Latios|Draco Meteor|p1a: Weavile
|-damage|p1a: Weavile|17/100
|-unboost|p2a: Latios|spa|2
|move|p1a: Weavile|Pursuit|p2a: Latios
|-supereffective|p2a: Latios
|-damage|p2a: Latios|0 fnt
|faint|p2a: Latios
|
|-weather|RainDance|[upkeep]
|upkeep
|
|t:|1713304500
|switch|p2a: Tentacruel|Tentacruel, M|100/100
|turn|6
|
|t:|1713304504
|switch|p1a: Starmie|Starmie|100/100
|-item|p1a: Starmie|Air Balloon
|move|p2a: Tentacruel|Scald|p1a: Starmie
|-resisted|p1a: Starmie
|-damage|p1a: Starmie|76/100
|-enditem|p1a: Starmie|Air Balloon
|
|-weather|RainDance|[upkeep]
|upkeep
|turn|7
|
|t:|1713304508
|switch|p2a: Ferrothorn|Ferrothorn, M|100/100
|move|p1a: Starmie|Thunderbolt|p2a: Ferrothorn
|-resisted|p2a: Ferrothorn
|-damage|p2a: Ferrothorn|90/100
|
|-weather|RainDance|[upkeep]
|-heal|p2a: Ferrothorn|97/100|[from] item: Leftovers
|upkeep
|turn|8
|
|t:|1713304513
|switch|p1a: Breloom|Breloom, F|100/100
|move|p2a: Ferrothorn|Leech Seed|p1a: Breloom
|-immune|p1a: Breloom
|
|-weather|RainDance|[upkeep]
|-heal|p2a: Ferrothorn|100/100|[from] item: Leftovers
|upkeep
|turn|9
|
|t:|1713304516
|switch|p2a: Gengar|Gengar, M|100/100
|move|p1a: Breloom|Bullet Seed|p2a: Gengar
|-resisted|p2a: Gengar
|-damage|p2a: Gengar|74/100
|-resisted|p2a: Gengar
|-damage|p2a: Gengar|45/100
|-resisted|p2a: Gengar
|-damage|p2a: Gengar|18/100
|-resisted|p2a: Gengar
|-damage|p2a: Gengar|0 fnt
|faint|p2a: Gengar
|-hitcount|p2: Gengar|4
|
|-weather|RainDance|[upkeep]
|upkeep
|
|t:|1713304521
|switch|p2a: Toxicroak|Toxicroak, M|100/100
|turn|10
|
|t:|1713304525
|switch|p1a: Weavile|Weavile, M|17/100
|-ability|p1a: Weavile|Pressure
|move|p2a: Toxicroak|Ice Punch|p1a: Weavile
|-resisted|p1a: Weavile
|-damage|p1a: Weavile|0 fnt
|faint|p1a: Weavile
|
|-weather|RainDance|[upkeep]
|upkeep
|
|t:|1713304526
|switch|p1a: Garchomp|Garchomp, M|100/100
|turn|11
|
|t:|1713304528
|switch|p2a: Ferrothorn|Ferrothorn, M|100/100
|move|p1a: Garchomp|Earthquake|p2a: Ferrothorn
|-damage|p2a: Ferrothorn|37/100
|
|-weather|RainDance|[upkeep]
|-heal|p2a: Ferrothorn|44/100|[from] item: Leftovers
|upkeep
|turn|12
|-message|deepfriedtacos forfeited.
|
|win|stanloona2024
|raw|stanloona2024's rating: 1305 &rarr; <strong>1329</strong><br />(+24 for winning)
|raw|deepfriedtacos's rating: 1375 &rarr; <strong>1351</strong><br />(-24 for losing)
|l|☆deepfriedtacos
|player|p2|
