|j|☆PoopInMyPants69
|j|☆Bonginator
|player|p1|PoopInMyPants69|veteran-gen4|1349
|player|p2|Bonginator|lucas|1503
|teamsize|p1|6
|teamsize|p2|6
|gametype|singles
|gen|5
|tier|[Gen 5] OU
|rated|
|clearpoke
|poke|p1|Hydreigon, M|item
|poke|p1|Ferrothorn, M|item
|poke|p1|Tyranitar, M|item
|poke|p1|Jirachi|item
|poke|p1|Excadrill, F|item
|poke|p1|Terrakion|item
|poke|p2|Skarmory, M|item
|poke|p2|Gastrodon, F|item
|poke|p2|Gengar, F|item
|poke|p2|Tyranitar, F|item
|poke|p2|Reuniclus, M|item
|poke|p2|Latios, M|item
|rule|Species Clause: Limit one of each Pokémon
|rule|OHKO Clause: OHKO moves are banned
|rule|Moody Clause: Moody is banned
|rule|Evasion Moves Clause: Evasion moves are banned
|rule|Endless Battle Clause: Forcing endless battles is banned
|rule|HP Percentage Mod: HP is shown in percentages
|rule|Evasion Abilities Clause: Evasion abilities are banned
|rule|Baton Pass Clause: Limit one Baton Passer, can't pass Spe and other stats simultaneously
|rule|Sleep Clause: Sleep-inducing moves are banned
|rule|Swagger Clause: Swagger is banned
|teampreview
|
|start
|switch|p1a: Hydreigon|Hydreigon, M|100/100
|switch|p2a: Gengar|Gengar, F|100/100
|turn|1
|
|switch|p2a: Skarmory|Skarmory, M|100/100
|move|p1a: Hydreigon|Dark Pulse|p2a: Skarmory
|-resisted|p2a: Skarmory
|-damage|p2a: Skarmory|77/100
|-damage|p1a: Hydreigon|91/100|[from] item: Life Orb
|
|upkeep
|turn|2
|inactive|Battle timer is ON: inactive players will automatically lose when time's up. (requested by Bonginator)
|
|switch|p2a: Tyranitar|Tyranitar, F|100/100
|-weather|Sandstorm|[from] ability: Sand Stream|[of] p2a: Tyranitar
|move|p1a: Hydreigon|Flamethrower|p2a: Tyranitar
|-resisted|p2a: Tyranitar
|-damage|p2a: Tyranitar|89/100
|-damage|p1a: Hydreigon|81/100|[from] item: Life Orb
|
|-weather|Sandstorm|[upkeep]
|-damage|p1a: Hydreigon|75/100|[from] Sandstorm
|upkeep
|turn|3
|inactive|PoopInMyPants69 has 120 seconds left.
|
|switch|p1a: Terrakion|Terrakion|100/100
|move|p2a: Tyranitar|Fire Blast|p1a: Terrakion
|-resisted|p1a: Terrakion
|-damage|p1a: Terrakion|89/100
|
|-weather|Sandstorm|[upkeep]
|-heal|p1a: Terrakion|95/100|[from] item: Leftovers
|upkeep
|turn|4
|
|switch|p2a: Gengar|Gengar, F|100/100
|move|p1a: Terrakion|Substitute|p1a: Terrakion
|-start|p1a: Terrakion|Substitute
|-damage|p1a: Terrakion|70/100
|
|-weather|Sandstorm|[upkeep]
|-damage|p2a: Gengar|94/100|[from] Sandstorm
|-heal|p2a: Gengar|100/100|[from] item: Black Sludge
|-heal|p1a: Terrakion|77/100|[from] item: Leftovers
|upkeep
|turn|5
|
|move|p2a: Gengar|Shadow Ball|p1a: Terrakion
|-end|p1a: Terrakion|Substitute
|move|p1a: Terrakion|Stone Edge|p2a: Gengar|[miss]
|-miss|p1a: Terrakion|p2a: Gengar
|
|-weather|Sandstorm|[upkeep]
|-damage|p2a: Gengar|94/100|[from] Sandstorm
|-heal|p2a: Gengar|100/100|[from] item: Black Sludge
|-heal|p1a: Terrakion|83/100|[from] item: Leftovers
|upkeep
|turn|6
|
|move|p2a: Gengar|Will-O-Wisp|p1a: Terrakion
|-status|p1a: Terrakion|brn
|move|p1a: Terrakion|Stone Edge|p2a: Gengar
|-damage|p2a: Gengar|48/100
|
|-weather|Sandstorm|[upkeep]
|-damage|p2a: Gengar|42/100|[from] Sandstorm
|-heal|p2a: Gengar|48/100|[from] item: Black Sludge
|-heal|p1a: Terrakion|89/100 brn|[from] item: Leftovers
|-damage|p1a: Terrakion|77/100 brn|[from] brn
|upkeep
|turn|7
|
|switch|p2a: Skarmory|Skarmory, M|77/100
|switch|p1a: Jirachi|Jirachi|100/100
|
|-weather|Sandstorm|[upkeep]
|upkeep
|turn|8
|inactive|PoopInMyPants69 has 90 seconds left.
|
|move|p1a: Jirachi|U-turn|p2a: Skarmory
|-resisted|p2a: Skarmory
|-crit|p2a: Skarmory
|-damage|p2a: Skarmory|69/100
|inactive|PoopInMyPants69 has 60 seconds left.
|
|switch|p1a: Excadrill|Excadrill, F|100/100|[from]move: U-turn
|move|p2a: Skarmory|Spikes|p1a: Excadrill
|-sidestart|p1: PoopInMyPants69|Spikes
|
|-weather|Sandstorm|[upkeep]
|upkeep
|turn|9
|
|move|p1a: Excadrill|Rapid Spin|p2a: Skarmory
|-resisted|p2a: Skarmory
|-damage|p2a: Skarmory|67/100
|-sideend|p1: PoopInMyPants69|Spikes|[from] move: Rapid Spin|[of] p1a: Excadrill
|move|p2a: Skarmory|Whirlwind|p1a: Excadrill
|drag|p1a: Hydreigon|Hydreigon, M|75/100
|
|-weather|Sandstorm|[upkeep]
|-damage|p1a: Hydreigon|68/100|[from] Sandstorm
|upkeep
|turn|10
|inactive|PoopInMyPants69 has 60 seconds left.
|
|switch|p2a: Tyranitar|Tyranitar, F|89/100
|move|p1a: Hydreigon|Flamethrower|p2a: Tyranitar
|-resisted|p2a: Tyranitar
|-damage|p2a: Tyranitar|78/100
|-status|p2a: Tyranitar|brn
|-damage|p1a: Hydreigon|59/100|[from] item: Life Orb
|
|-weather|Sandstorm|[upkeep]
|-damage|p1a: Hydreigon|52/100|[from] Sandstorm
|-damage|p2a: Tyranitar|65/100 brn|[from] brn
|upkeep
|turn|11
|inactive|PoopInMyPants69 has 60 seconds left.
|inactive|PoopInMyPants69 has 30 seconds left.
|
|switch|p1a: Tyranitar|Tyranitar, M|100/100
|move|p2a: Tyranitar|Stealth Rock|p1a: Tyranitar
|-sidestart|p1: PoopInMyPants69|move: Stealth Rock
|
|-weather|Sandstorm|[upkeep]
|-damage|p2a: Tyranitar|53/100 brn|[from] brn
|upkeep
|turn|12
|inactive|PoopInMyPants69 has 30 seconds left.
|inactive|PoopInMyPants69 has 20 seconds left.
|inactive|PoopInMyPants69 has 15 seconds left.
|
|switch|p2a: Gastrodon|Gastrodon, F|100/100
|move|p1a: Tyranitar|Stealth Rock|p2a: Gastrodon
|-sidestart|p2: Bonginator|move: Stealth Rock
|
|-weather|Sandstorm|[upkeep]
|upkeep
|turn|13
|inactive|PoopInMyPants69 has 25 seconds left this turn.
|inactive|PoopInMyPants69 has 20 seconds left.
|inactive|PoopInMyPants69 has 15 seconds left.
|inactive|PoopInMyPants69 has 10 seconds left.
|
|switch|p1a: Ferrothorn|Ferrothorn, M|100/100
|-damage|p1a: Ferrothorn|94/100|[from] Stealth Rock
|move|p2a: Gastrodon|Scald|p1a: Ferrothorn
|-resisted|p1a: Ferrothorn
|-damage|p1a: Ferrothorn|82/100
|
|-weather|Sandstorm|[upkeep]
|-heal|p1a: Ferrothorn|89/100|[from] item: Leftovers
|upkeep
|turn|14
|inactive|PoopInMyPants69 has 20 seconds left this turn.
|inactive|PoopInMyPants69 has 15 seconds left.
|
|switch|p2a: Skarmory|Skarmory, M|67/100
|-damage|p2a: Skarmory|54/100|[from] Stealth Rock
|move|p1a: Ferrothorn|Leech Seed|p2a: Skarmory|[miss]
|-miss|p1a: Ferrothorn|p2a: Skarmory
|
|-weather|Sandstorm|[upkeep]
|-heal|p1a: Ferrothorn|95/100|[from] item: Leftovers
|upkeep
|turn|15
|inactive|PoopInMyPants69 has 25 seconds left this turn.
|inactive|PoopInMyPants69 has 20 seconds left.
|inactive|Bonginator has 120 seconds left.
|
|switch|p1a: Excadrill|Excadrill, F|100/100
|-damage|p1a: Excadrill|97/100|[from] Stealth Rock
|move|p2a: Skarmory|Spikes|p1a: Excadrill
|-sidestart|p1: PoopInMyPants69|Spikes
|
|-weather|Sandstorm|[upkeep]
|-heal|p1a: Excadrill|100/100|[from] item: Leftovers
|upkeep
|turn|16
|inactive|PoopInMyPants69 has 30 seconds left this turn.
|
|switch|p2a: Gengar|Gengar, F|48/100
|-damage|p2a: Gengar|36/100|[from] Stealth Rock
|move|p1a: Excadrill|Earthquake|p2a: Gengar
|-immune|p2a: Gengar|[from] ability: Levitate
|
|-weather|Sandstorm|[upkeep]
|-damage|p2a: Gengar|30/100|[from] Sandstorm
|-heal|p2a: Gengar|36/100|[from] item: Black Sludge
|upkeep
|turn|17
|inactive|PoopInMyPants69 has 30 seconds left.
|
|move|p2a: Gengar|Focus Blast|p1a: Excadrill
|-supereffective|p1a: Excadrill
|-damage|p1a: Excadrill|13/100
|move|p1a: Excadrill|Rock Slide|p2a: Gengar
|-damage|p2a: Gengar|0 fnt
|faint|p2a: Gengar
|
|-weather|Sandstorm|[upkeep]
|-heal|p1a: Excadrill|19/100|[from] item: Leftovers
|upkeep
|inactive|PoopInMyPants69 has 30 seconds left this turn.
|c|☆PoopInMyPants69|forgot about levitate
|inactive|Bonginator has 120 seconds left.
|
|switch|p2a: Latios|Latios, M|100/100
|-damage|p2a: Latios|88/100|[from] Stealth Rock
|turn|18
|inactive|PoopInMyPants69 has 30 seconds left.
|
|switch|p1a: Tyranitar|Tyranitar, M|100/100
|-damage|p1a: Tyranitar|88/100|[from] Spikes
|-damage|p1a: Tyranitar|76/100|[from] Stealth Rock
|move|p2a: Latios|Surf|p1a: Tyranitar
|-supereffective|p1a: Tyranitar
|-damage|p1a: Tyranitar|47/100
|
|-weather|Sandstorm|[upkeep]
|-damage|p2a: Latios|82/100|[from] Sandstorm
|-heal|p1a: Tyranitar|53/100|[from] item: Leftovers
|upkeep
|turn|19
|
|move|p2a: Latios|Surf|p1a: Tyranitar
|-supereffective|p1a: Tyranitar
|-damage|p1a: Tyranitar|28/100
|move|p1a: Tyranitar|Pursuit|p2a: Latios
|-supereffective|p2a: Latios
|-crit|p2a: Latios
|-damage|p2a: Latios|0 fnt
|faint|p2a: Latios
|
|-weather|Sandstorm|[upkeep]
|-heal|p1a: Tyranitar|34/100|[from] item: Leftovers
|upkeep
|
|switch|p2a: Skarmory|Skarmory, M|54/100
|-damage|p2a: Skarmory|42/100|[from] Stealth Rock
|turn|20
|
|move|p1a: Tyranitar|Stone Edge|p2a: Skarmory
|-damage|p2a: Skarmory|7/100
|move|p2a: Skarmory|Whirlwind|p1a: Tyranitar
|drag|p1a: Excadrill|Excadrill, F|19/100
|-damage|p1a: Excadrill|6/100|[from] Spikes
|-damage|p1a: Excadrill|3/100|[from] Stealth Rock
|
|-weather|Sandstorm|[upkeep]
|-heal|p1a: Excadrill|9/100|[from] item: Leftovers
|upkeep
|turn|21
|inactive|Bonginator has 120 seconds left.
|
|move|p1a: Excadrill|Rock Slide|p2a: Skarmory
|-crit|p2a: Skarmory
|-damage|p2a: Skarmory|0 fnt
|faint|p2a: Skarmory
|
|-weather|Sandstorm|[upkeep]
|-heal|p1a: Excadrill|16/100|[from] item: Leftovers
|upkeep
|
|switch|p2a: Reuniclus|Reuniclus, M|100/100
|turn|22
|
|move|p1a: Excadrill|Toxic|p2a: Reuniclus
|-status|p2a: Reuniclus|tox
|move|p2a: Reuniclus|Trick Room|p2a: Reuniclus
|-fieldstart|move: Trick Room|[of] p2a: Reuniclus
|
|-weather|Sandstorm|[upkeep]
|-heal|p1a: Excadrill|22/100|[from] item: Leftovers
|upkeep
|turn|23
|inactive|PoopInMyPants69 has 60 seconds left.
|
|move|p2a: Reuniclus|Psychic|p1a: Excadrill
|-resisted|p1a: Excadrill
|-damage|p1a: Excadrill|0 fnt
|faint|p1a: Excadrill
|
|-weather|Sandstorm|[upkeep]
|upkeep
|
|switch|p1a: Ferrothorn|Ferrothorn, M|95/100
|-damage|p1a: Ferrothorn|82/100|[from] Spikes
|-damage|p1a: Ferrothorn|76/100|[from] Stealth Rock
|turn|24
|inactive|PoopInMyPants69 has 60 seconds left.
|inactive|Bonginator has 120 seconds left.
|
|move|p1a: Ferrothorn|Leech Seed|p2a: Reuniclus|[miss]
|-miss|p1a: Ferrothorn|p2a: Reuniclus
|move|p2a: Reuniclus|Focus Blast|p1a: Ferrothorn
|-supereffective|p1a: Ferrothorn
|-damage|p1a: Ferrothorn|0 fnt
|faint|p1a: Ferrothorn
|
|-weather|Sandstorm|[upkeep]
|upkeep
|
|switch|p1a: Tyranitar|Tyranitar, M|34/100
|-damage|p1a: Tyranitar|22/100|[from] Spikes
|-damage|p1a: Tyranitar|9/100|[from] Stealth Rock
|turn|25
|
|move|p2a: Reuniclus|Focus Blast|p1a: Tyranitar|[miss]
|-miss|p2a: Reuniclus|p1a: Tyranitar
|move|p1a: Tyranitar|Pursuit|p2a: Reuniclus
|-supereffective|p2a: Reuniclus
|-damage|p2a: Reuniclus|66/100 tox
|
|-weather|Sandstorm|[upkeep]
|-heal|p1a: Tyranitar|16/100|[from] item: Leftovers
|upkeep
|turn|26
|
|move|p2a: Reuniclus|Focus Blast|p1a: Tyranitar|[miss]
|-miss|p2a: Reuniclus|p1a: Tyranitar
|move|p1a: Tyranitar|Crunch|p2a: Reuniclus
|-supereffective|p2a: Reuniclus
|-crit|p2a: Reuniclus
|-damage|p2a: Reuniclus|0 fnt
|faint|p2a: Reuniclus
|
|-weather|Sandstorm|[upkeep]
|-heal|p1a: Tyranitar|22/100|[from] item: Leftovers
|-fieldend|move: Trick Room
|upkeep
|
|switch|p2a: Gastrodon|Gastrodon, F|100/100
|-damage|p2a: Gastrodon|94/100|[from] Stealth Rock
|turn|27
|
|move|p1a: Tyranitar|Crunch|p2a: Gastrodon
|-damage|p2a: Gastrodon|68/100
|move|p2a: Gastrodon|Scald|p1a: Tyranitar
|-supereffective|p1a: Tyranitar
|-damage|p1a: Tyranitar|0 fnt
|faint|p1a: Tyranitar
|
|-weather|Sandstorm|[upkeep]
|-heal|p2a: Gastrodon|74/100|[from] item: Leftovers
|upkeep
|
|switch|p1a: Hydreigon|Hydreigon, M|52/100
|-damage|p1a: Hydreigon|40/100|[from] Stealth Rock
|turn|28
|
|switch|p2a: Tyranitar|Tyranitar, F|53/100 brn
|-damage|p2a: Tyranitar|41/100 brn|[from] Stealth Rock
|move|p1a: Hydreigon|Draco Meteor|p2a: Tyranitar|[miss]
|-miss|p1a: Hydreigon|p2a: Tyranitar
|
|-weather|Sandstorm|[upkeep]
|-damage|p1a: Hydreigon|34/100|[from] Sandstorm
|-damage|p2a: Tyranitar|28/100 brn|[from] brn
|upkeep
|turn|29
|
|move|p1a: Hydreigon|Draco Meteor|p2a: Tyranitar
|-damage|p2a: Tyranitar|0 fnt
|-unboost|p1a: Hydreigon|spa|2
|-damage|p1a: Hydreigon|24/100|[from] item: Life Orb
|faint|p2a: Tyranitar
|
|-weather|Sandstorm|[upkeep]
|-damage|p1a: Hydreigon|18/100|[from] Sandstorm
|upkeep
|
|switch|p2a: Gastrodon|Gastrodon, F|74/100
|-damage|p2a: Gastrodon|68/100|[from] Stealth Rock
|turn|30
|inactive|Bonginator has 120 seconds left.
|inactive|Bonginator has 90 seconds left.
|
|move|p1a: Hydreigon|Roost|p1a: Hydreigon
|-heal|p1a: Hydreigon|68/100
|-singleturn|p1a: Hydreigon|move: Roost
|move|p2a: Gastrodon|Recover|p2a: Gastrodon
|-heal|p2a: Gastrodon|100/100
|
|-weather|Sandstorm|[upkeep]
|-damage|p1a: Hydreigon|62/100|[from] Sandstorm
|upkeep
|turn|31
|
|move|p1a: Hydreigon|Roost|p1a: Hydreigon
|-heal|p1a: Hydreigon|100/100
|-singleturn|p1a: Hydreigon|move: Roost
|move|p2a: Gastrodon|Toxic|p1a: Hydreigon
|-status|p1a: Hydreigon|tox
|
|-weather|Sandstorm|[upkeep]
|-damage|p1a: Hydreigon|94/100 tox|[from] Sandstorm
|-damage|p1a: Hydreigon|88/100 tox|[from] psn
|upkeep
|turn|32
|inactive|PoopInMyPants69 has 60 seconds left.
|j| waterfalls1
|
|switch|p1a: Jirachi|Jirachi|100/100
|-damage|p1a: Jirachi|94/100|[from] Stealth Rock
|-damage|p1a: Jirachi|82/100|[from] Spikes
|move|p2a: Gastrodon|Ice Beam|p1a: Jirachi
|-resisted|p1a: Jirachi
|-damage|p1a: Jirachi|71/100
|
|-weather|Sandstorm|[upkeep]
|upkeep
|turn|33
|c|☆PoopInMyPants69|i have trick
|inactive|Bonginator has 90 seconds left.
|inactive|Bonginator has 60 seconds left.
|inactive|Bonginator has 30 seconds left.
|inactive|Bonginator has 20 seconds left.
|inactive|Bonginator has 15 seconds left.
|inactive|Bonginator has 10 seconds left.
|inactive|Bonginator has 5 seconds left.
|-message|Bonginator lost due to inactivity.
|
|win|PoopInMyPants69
|c|☆PoopInMyPants69|gg
|raw|PoopInMyPants69's rating: 1349 &rarr; <strong>1377</strong><br />(+28 for winning)
|raw|Bonginator's rating: 1503 &rarr; <strong>1474</strong><br />(-29 for losing)
