|j|☆Crowned Crystals ♔
|j|☆574rm4n
|t:|1717548347
|gametype|singles
|player|p1|Crowned Crystals ♔|lucas|1494
|player|p2|574rm4n|lance|1475
|teamsize|p1|6
|teamsize|p2|6
|gen|5
|tier|[Gen 5] OU
|rated|
|rule|Species Clause: Limit one of each Pokémon
|rule|OHKO Clause: OHKO moves are banned
|rule|Moody Clause: Moody is banned
|rule|Evasion Items Clause: Evasion items are banned
|rule|Evasion Moves Clause: Evasion moves are banned
|rule|Endless Battle Clause: Forcing endless battles is banned
|rule|HP Percentage Mod: HP is shown in percentages
|rule|Evasion Abilities Clause: Evasion abilities are banned
|rule|Sleep Moves Clause: Sleep-inducing moves are banned
|rule|Swagger Clause: Swagger is banned
|rule|Baton Pass Stat Clause: No Baton Passer may have a way to boost its stats
|clearpoke
|poke|p1|Aerodactyl, F|item
|poke|p1|Garchomp, F|item
|poke|p1|Dragonite, M|item
|poke|p1|Scizor, M|item
|poke|p1|Starmie|item
|poke|p1|Jirachi|item
|poke|p2|Landorus-Therian, M|item
|poke|p2|Rotom-Wash|item
|poke|p2|Tyranitar, M|item
|poke|p2|Keldeo-Resolute|item
|poke|p2|Celebi|item
|poke|p2|Excadrill, M|item
|teampreview
|c|☆574rm4n|hf
|inactive|Battle timer is ON: inactive players will automatically lose when time's up. (requested by Crowned Crystals ♔)
|c|☆Crowned Crystals ♔|You too!
|
|t:|1717548364
|start
|switch|p1a: Waltuh|Aerodactyl, F|100/100
|switch|p2a: Rotom|Rotom-Wash|100/100
|turn|1
|
|t:|1717548371
|move|p1a: Waltuh|Stealth Rock|p2a: Rotom
|-sidestart|p2: 574rm4n|move: Stealth Rock
|move|p2a: Rotom|Volt Switch|p1a: Waltuh
|-supereffective|p1a: Waltuh
|-damage|p1a: Waltuh|26/100
|
|t:|1717548400
|switch|p2a: Celebi|Celebi|100/100|[from] Volt Switch
|-damage|p2a: Celebi|88/100|[from] Stealth Rock
|
|-heal|p2a: Celebi|94/100|[from] item: Leftovers
|upkeep
|turn|2
|
|t:|1717548408
|switch|p1a: Da Baby|Jirachi|100/100
|move|p2a: Celebi|Grass Knot|p1a: Da Baby
|-resisted|p1a: Da Baby
|-damage|p1a: Da Baby|97/100
|
|-heal|p2a: Celebi|100/100|[from] item: Leftovers
|upkeep
|turn|3
|
|t:|1717548424
|move|p1a: Da Baby|U-turn|p2a: Celebi
|-supereffective|p2a: Celebi
|-crit|p2a: Celebi
|-damage|p2a: Celebi|0 fnt
|faint|p2a: Celebi
|
|t:|1717548439
|switch|p1a: Chomp29|Garchomp, F|100/100|[from] U-turn
|
|upkeep
|inactive|574rm4n has 120 seconds left.
|
|t:|1717548464
|switch|p2a: Keldeo|Keldeo-Resolute|100/100
|-damage|p2a: Keldeo|94/100|[from] Stealth Rock
|turn|4
|
|t:|1717548468
|switch|p1a: Book of Mie|Starmie|100/100
|-item|p1a: Book of Mie|Air Balloon
|move|p2a: Keldeo|Surf|p1a: Book of Mie
|-resisted|p1a: Book of Mie
|-damage|p1a: Book of Mie|44/100
|-enditem|p1a: Book of Mie|Air Balloon
|
|upkeep
|turn|5
|inactive|Crowned Crystals ♔ has 120 seconds left.
|
|t:|1717548499
|switch|p2a: Tyranitar|Tyranitar, M|100/100
|-damage|p2a: Tyranitar|88/100|[from] Stealth Rock
|-weather|Sandstorm|[from] ability: Sand Stream|[of] p2a: Tyranitar
|move|p1a: Book of Mie|Hydro Pump|p2a: Tyranitar|[miss]
|-miss|p1a: Book of Mie|p2a: Tyranitar
|
|-weather|Sandstorm|[upkeep]
|-damage|p1a: Book of Mie|38/100|[from] Sandstorm
|upkeep
|turn|6
|inactive|Crowned Crystals ♔ has 120 seconds left.
|
|t:|1717548521
|move|p1a: Book of Mie|Hydro Pump|p2a: Tyranitar
|-supereffective|p2a: Tyranitar
|-damage|p2a: Tyranitar|34/100
|move|p2a: Tyranitar|Pursuit|p1a: Book of Mie
|-supereffective|p1a: Book of Mie
|-damage|p1a: Book of Mie|0 fnt
|faint|p1a: Book of Mie
|
|-weather|Sandstorm|[upkeep]
|upkeep
|
|t:|1717548536
|switch|p1a: Da Baby|Jirachi|97/100
|turn|7
|
|t:|1717548548
|move|p1a: Da Baby|U-turn|p2a: Tyranitar
|-supereffective|p2a: Tyranitar
|-damage|p2a: Tyranitar|0 fnt
|faint|p2a: Tyranitar
|
|t:|1717548562
|switch|p1a: Chomp29|Garchomp, F|100/100|[from] U-turn
|
|-weather|Sandstorm|[upkeep]
|upkeep
|
|t:|1717548579
|switch|p2a: Rotom|Rotom-Wash|100/100
|-damage|p2a: Rotom|88/100|[from] Stealth Rock
|turn|8
|
|t:|1717548587
|move|p1a: Chomp29|Swords Dance|p1a: Chomp29
|-boost|p1a: Chomp29|atk|2
|move|p2a: Rotom|Will-O-Wisp|p1a: Chomp29
|-status|p1a: Chomp29|brn
|
|-weather|Sandstorm|[upkeep]
|-damage|p2a: Rotom|82/100|[from] Sandstorm
|-heal|p2a: Rotom|88/100|[from] item: Leftovers
|-damage|p1a: Chomp29|88/100 brn|[from] brn
|upkeep
|turn|9
|inactive|Crowned Crystals ♔ has 120 seconds left.
|
|t:|1717548594
|move|p1a: Chomp29|Outrage|p2a: Rotom
|-damage|p2a: Rotom|34/100
|move|p2a: Rotom|Hydro Pump|p1a: Chomp29
|-damage|p1a: Chomp29|38/100 brn
|
|-weather|Sandstorm|[upkeep]
|-damage|p2a: Rotom|28/100|[from] Sandstorm
|-heal|p2a: Rotom|34/100|[from] item: Leftovers
|-damage|p1a: Chomp29|26/100 brn|[from] brn
|upkeep
|turn|10
|
|t:|1717548601
|switch|p2a: Landorus|Landorus-Therian, M|100/100
|-damage|p2a: Landorus|88/100|[from] Stealth Rock
|-ability|p2a: Landorus|Intimidate|boost
|-unboost|p1a: Chomp29|atk|1
|move|p1a: Chomp29|Outrage|p2a: Landorus|[from]lockedmove
|-damage|p2a: Landorus|36/100
|-start|p1a: Chomp29|confusion|[fatigue]
|
|-weather|Sandstorm|[upkeep]
|-damage|p1a: Chomp29|14/100 brn|[from] brn
|upkeep
|turn|11
|
|t:|1717548618
|move|p2a: Landorus|Earthquake|p1a: Chomp29
|-damage|p1a: Chomp29|0 fnt
|faint|p1a: Chomp29
|
|-weather|Sandstorm|[upkeep]
|upkeep
|
|t:|1717548624
|switch|p1a: Cow Cuh|Dragonite, M|100/100
|turn|12
|
|t:|1717548631
|switch|p2a: Keldeo|Keldeo-Resolute|94/100
|-damage|p2a: Keldeo|88/100|[from] Stealth Rock
|move|p1a: Cow Cuh|Dragon Dance|p1a: Cow Cuh
|-boost|p1a: Cow Cuh|atk|1
|-boost|p1a: Cow Cuh|spe|1
|
|-weather|Sandstorm|[upkeep]
|-damage|p1a: Cow Cuh|94/100|[from] Sandstorm
|-damage|p2a: Keldeo|82/100|[from] Sandstorm
|-heal|p1a: Cow Cuh|100/100|[from] item: Leftovers
|upkeep
|turn|13
|
|t:|1717548637
|move|p1a: Cow Cuh|Outrage|p2a: Keldeo
|-damage|p2a: Keldeo|0 fnt
|faint|p2a: Keldeo
|
|-weather|Sandstorm|[upkeep]
|-damage|p1a: Cow Cuh|94/100|[from] Sandstorm
|-heal|p1a: Cow Cuh|100/100|[from] item: Leftovers
|upkeep
|
|t:|1717548641
|switch|p2a: Landorus|Landorus-Therian, M|36/100
|-damage|p2a: Landorus|23/100|[from] Stealth Rock
|-ability|p2a: Landorus|Intimidate|boost
|-unboost|p1a: Cow Cuh|atk|1
|turn|14
|
|t:|1717548645
|move|p2a: Landorus|U-turn|p1a: Cow Cuh
|-resisted|p1a: Cow Cuh
|-damage|p1a: Cow Cuh|94/100
|
|t:|1717548648
|switch|p2a: Rotom|Rotom-Wash|34/100|[from] U-turn
|-damage|p2a: Rotom|22/100|[from] Stealth Rock
|move|p1a: Cow Cuh|Outrage|p2a: Rotom|[from]lockedmove
|-damage|p2a: Rotom|0 fnt
|faint|p2a: Rotom
|-start|p1a: Cow Cuh|confusion|[fatigue]
|
|-weather|Sandstorm|[upkeep]
|-damage|p1a: Cow Cuh|88/100|[from] Sandstorm
|-heal|p1a: Cow Cuh|94/100|[from] item: Leftovers
|upkeep
|
|t:|1717548650
|switch|p2a: Excadrill|Excadrill, M|100/100
|-damage|p2a: Excadrill|97/100|[from] Stealth Rock
|turn|15
|
|t:|1717548654
|switch|p1a: Waltuh|Aerodactyl, F|26/100
|move|p2a: Excadrill|Iron Head|p1a: Waltuh
|-supereffective|p1a: Waltuh
|-damage|p1a: Waltuh|0 fnt
|faint|p1a: Waltuh
|
|-weather|Sandstorm|[upkeep]
|-heal|p2a: Excadrill|100/100|[from] item: Leftovers
|upkeep
|
|t:|1717548659
|switch|p1a: Mario for SPL|Scizor, M|100/100
|turn|16
|
|t:|1717548665
|switch|p2a: Landorus|Landorus-Therian, M|23/100
|-damage|p2a: Landorus|11/100|[from] Stealth Rock
|-ability|p2a: Landorus|Intimidate|boost
|-unboost|p1a: Mario for SPL|atk|1
|move|p1a: Mario for SPL|Superpower|p2a: Landorus
|-resisted|p2a: Landorus
|-damage|p2a: Landorus|0 fnt
|-unboost|p1a: Mario for SPL|atk|1
|-unboost|p1a: Mario for SPL|def|1
|faint|p2a: Landorus
|-damage|p1a: Mario for SPL|91/100|[from] item: Life Orb
|
|-weather|Sandstorm|[upkeep]
|upkeep
|
|t:|1717548674
|switch|p2a: Excadrill|Excadrill, M|100/100
|-damage|p2a: Excadrill|97/100|[from] Stealth Rock
|turn|17
|
|t:|1717548680
|switch|p1a: Cow Cuh|Dragonite, M|94/100
|move|p2a: Excadrill|Swords Dance|p2a: Excadrill
|-boost|p2a: Excadrill|atk|2
|
|-weather|Sandstorm|[upkeep]
|-damage|p1a: Cow Cuh|88/100|[from] Sandstorm
|-heal|p2a: Excadrill|100/100|[from] item: Leftovers
|-heal|p1a: Cow Cuh|94/100|[from] item: Leftovers
|upkeep
|turn|18
|
|t:|1717548700
|switch|p1a: Da Baby|Jirachi|97/100
|move|p2a: Excadrill|Iron Head|p1a: Da Baby
|-resisted|p1a: Da Baby
|-damage|p1a: Da Baby|46/100
|
|-weather|Sandstorm|[upkeep]
|upkeep
|turn|19
|
|t:|1717548709
|move|p1a: Da Baby|Trick|p2a: Excadrill
|-activate|p1a: Da Baby|move: Trick|[of] p2a: Excadrill
|-item|p2a: Excadrill|Choice Scarf|[from] move: Trick
|-item|p1a: Da Baby|Leftovers|[from] move: Trick
|move|p2a: Excadrill|Earthquake|p1a: Da Baby
|-supereffective|p1a: Da Baby
|-damage|p1a: Da Baby|0 fnt
|faint|p1a: Da Baby
|
|-weather|Sandstorm|[upkeep]
|upkeep
|
|t:|1717548714
|switch|p1a: Cow Cuh|Dragonite, M|94/100
|turn|20
|c|☆574rm4n|gg
|c|☆Crowned Crystals ♔|gg
|-message|574rm4n forfeited.
|
|win|Crowned Crystals ♔
|raw|Crowned Crystals ♔'s rating: 1494 &rarr; <strong>1513</strong><br />(+19 for winning)
|raw|574rm4n's rating: 1475 &rarr; <strong>1456</strong><br />(-19 for losing)
|l|☆574rm4n
|player|p2|
|c|☆Crowned Crystals ♔|/log Crowned Crystals ♔ made this room public.
