|j|☆SpacemanSpiff7
|j|☆Killerfishsandiego
|t:|1729873240
|gametype|singles
|player|p1|SpacemanSpiff7|265|1407
|player|p2|Killerfishsandiego|266|1457
|teamsize|p1|6
|teamsize|p2|6
|gen|5
|tier|[Gen 5] OU
|rated|
|rule|Species Clause: Limit one of each Pokémon
|rule|OHKO Clause: OHKO moves are banned
|rule|Moody Clause: Moody is banned
|rule|Evasion Items Clause: Evasion items are banned
|rule|Evasion Moves Clause: Evasion moves are banned
|rule|Endless Battle Clause: Forcing endless battles is banned
|rule|HP Percentage Mod: HP is shown in percentages
|rule|Evasion Abilities Clause: Evasion abilities are banned
|rule|Sleep Moves Clause: Sleep-inducing moves are banned
|rule|Swagger Clause: Swagger is banned
|rule|Baton Pass Stat Clause: No Baton Passer may have a way to boost its stats
|clearpoke
|poke|p1|Garchomp, M|item
|poke|p1|Scizor, F|item
|poke|p1|Tyranitar, M|item
|poke|p1|Excadrill, M|item
|poke|p1|Reuniclus, F|item
|poke|p1|Rotom-Wash|item
|poke|p2|Tyranitar, M|item
|poke|p2|Rotom-Heat|item
|poke|p2|Terrakion|item
|poke|p2|Alakazam, F|item
|poke|p2|Jellicent, F|item
|poke|p2|Forretress, L99, F|item
|teampreview
|inactive|Battle timer is ON: inactive players will automatically lose when time's up. (requested by SpacemanSpiff7)
|inactive|Killerfishsandiego has 120 seconds left.
|inactive|Killerfishsandiego has 90 seconds left.
|inactive|Killerfishsandiego has 60 seconds left.
|
|t:|1729873370
|start
|switch|p1a: Rotom|Rotom-Wash|100/100
|switch|p2a: Forretress|Forretress, L99, F|100/100
|turn|1
|
|t:|1729873380
|move|p1a: Rotom|Volt Switch|p2a: Forretress
|-damage|p2a: Forretress|72/100
|
|t:|1729873384
|switch|p1a: Excadrill|Excadrill, M|100/100|[from] Volt Switch
|-ability|p1a: Excadrill|Mold Breaker
|move|p2a: Forretress|Stealth Rock|p1a: Excadrill
|-sidestart|p1: SpacemanSpiff7|move: Stealth Rock
|
|upkeep
|turn|2
|
|t:|1729873391
|switch|p2a: Jellicent|Jellicent, F|100/100
|-item|p2a: Jellicent|Air Balloon
|move|p1a: Excadrill|Earthquake|p2a: Jellicent
|-immune|p2a: Jellicent
|
|upkeep
|turn|3
|
|t:|1729873401
|switch|p1a: Reuniclus|Reuniclus, F|100/100
|move|p2a: Jellicent|Hydro Pump|p1a: Reuniclus
|-damage|p1a: Reuniclus|57/100
|
|-heal|p1a: Reuniclus|63/100|[from] item: Leftovers
|upkeep
|turn|4
|
|t:|1729873418
|move|p2a: Jellicent|Shadow Ball|p1a: Reuniclus
|-supereffective|p1a: Reuniclus
|-damage|p1a: Reuniclus|0 fnt
|faint|p1a: Reuniclus
|
|upkeep
|
|t:|1729873434
|switch|p1a: Tyranitar|Tyranitar, M|100/100
|-damage|p1a: Tyranitar|88/100|[from] Stealth Rock
|-weather|Sandstorm|[from] ability: Sand Stream|[of] p1a: Tyranitar
|turn|5
|
|t:|1729873441
|move|p2a: Jellicent|Hydro Pump|p1a: Tyranitar
|-supereffective|p1a: Tyranitar
|-damage|p1a: Tyranitar|42/100
|move|p1a: Tyranitar|Crunch|p2a: Jellicent
|-supereffective|p2a: Jellicent
|-damage|p2a: Jellicent|15/100
|-enditem|p2a: Jellicent|Air Balloon
|
|-weather|Sandstorm|[upkeep]
|-damage|p2a: Jellicent|9/100|[from] Sandstorm
|upkeep
|turn|6
|
|t:|1729873454
|move|p2a: Jellicent|Hydro Pump|p1a: Tyranitar|[miss]
|-miss|p2a: Jellicent|p1a: Tyranitar
|move|p1a: Tyranitar|Pursuit|p2a: Jellicent
|-supereffective|p2a: Jellicent
|-damage|p2a: Jellicent|0 fnt
|faint|p2a: Jellicent
|
|-weather|Sandstorm|[upkeep]
|upkeep
|
|t:|1729873457
|switch|p2a: Terrakion|Terrakion|100/100
|turn|7
|
|t:|1729873464
|move|p2a: Terrakion|Close Combat|p1a: Tyranitar
|-supereffective|p1a: Tyranitar
|-damage|p1a: Tyranitar|0 fnt
|-unboost|p2a: Terrakion|def|1
|-unboost|p2a: Terrakion|spd|1
|faint|p1a: Tyranitar
|
|-weather|Sandstorm|[upkeep]
|upkeep
|j| night suwu
|
|t:|1729873473
|switch|p1a: Scizor|Scizor, F|100/100
|-damage|p1a: Scizor|88/100|[from] Stealth Rock
|turn|8
|
|t:|1729873479
|switch|p2a: Rotom|Rotom-Heat|100/100
|move|p1a: Scizor|Bullet Punch|p2a: Rotom
|-resisted|p2a: Rotom
|-damage|p2a: Rotom|87/100
|
|-weather|Sandstorm|[upkeep]
|-damage|p2a: Rotom|81/100|[from] Sandstorm
|-heal|p2a: Rotom|87/100|[from] item: Leftovers
|upkeep
|turn|9
|
|t:|1729873491
|switch|p1a: Rotom|Rotom-Wash|100/100
|-damage|p1a: Rotom|88/100|[from] Stealth Rock
|move|p2a: Rotom|Hidden Power|p1a: Rotom
|-resisted|p1a: Rotom
|-damage|p1a: Rotom|78/100
|
|-weather|Sandstorm|[upkeep]
|-damage|p2a: Rotom|81/100|[from] Sandstorm
|-damage|p1a: Rotom|72/100|[from] Sandstorm
|-heal|p2a: Rotom|87/100|[from] item: Leftovers
|-heal|p1a: Rotom|78/100|[from] item: Leftovers
|upkeep
|turn|10
|
|t:|1729873504
|switch|p2a: Forretress|Forretress, L99, F|72/100
|move|p1a: Rotom|Hydro Pump|p2a: Forretress
|-damage|p2a: Forretress|26/100
|
|-weather|Sandstorm|[upkeep]
|-damage|p1a: Rotom|72/100|[from] Sandstorm
|-heal|p1a: Rotom|78/100|[from] item: Leftovers
|upkeep
|turn|11
|
|t:|1729873520
|move|p1a: Rotom|Volt Switch|p2a: Forretress
|-damage|p2a: Forretress|0 fnt
|faint|p2a: Forretress
|
|t:|1729873533
|switch|p1a: Scizor|Scizor, F|88/100|[from] Volt Switch
|-damage|p1a: Scizor|76/100|[from] Stealth Rock
|
|-weather|Sandstorm|[upkeep]
|upkeep
|
|t:|1729873537
|switch|p2a: Rotom|Rotom-Heat|87/100
|turn|12
|
|t:|1729873543
|switch|p1a: Garchomp|Garchomp, M|100/100
|-damage|p1a: Garchomp|94/100|[from] Stealth Rock
|move|p2a: Rotom|Volt Switch|p1a: Garchomp
|-immune|p1a: Garchomp
|
|-weather|Sandstorm|[upkeep]
|-damage|p2a: Rotom|81/100|[from] Sandstorm
|-heal|p2a: Rotom|87/100|[from] item: Leftovers
|upkeep
|turn|13
|inactive|Killerfishsandiego has 120 seconds left.
|
|t:|1729873588
|switch|p2a: Tyranitar|Tyranitar, M|100/100
|move|p1a: Garchomp|Stealth Rock|p2a: Tyranitar
|-sidestart|p2: Killerfishsandiego|move: Stealth Rock
|
|-weather|Sandstorm|[upkeep]
|upkeep
|turn|14
|
|t:|1729873597
|move|p1a: Garchomp|Earthquake|p2a: Tyranitar
|-supereffective|p2a: Tyranitar
|-damage|p2a: Tyranitar|29/100
|move|p2a: Tyranitar|Dragon Tail|p1a: Garchomp
|-supereffective|p1a: Garchomp
|-damage|p1a: Garchomp|52/100
|-damage|p2a: Tyranitar|17/100|[from] ability: Rough Skin|[of] p1a: Garchomp
|drag|p1a: Scizor|Scizor, F|76/100
|-damage|p1a: Scizor|64/100|[from] Stealth Rock
|
|-weather|Sandstorm|[upkeep]
|upkeep
|turn|15
|
|t:|1729873608
|move|p1a: Scizor|Bullet Punch|p2a: Tyranitar
|-supereffective|p2a: Tyranitar
|-damage|p2a: Tyranitar|0 fnt
|faint|p2a: Tyranitar
|
|-weather|Sandstorm|[upkeep]
|upkeep
|
|t:|1729873612
|switch|p2a: Rotom|Rotom-Heat|87/100
|-damage|p2a: Rotom|62/100|[from] Stealth Rock
|turn|16
|
|t:|1729873617
|switch|p1a: Garchomp|Garchomp, M|52/100
|-damage|p1a: Garchomp|46/100|[from] Stealth Rock
|move|p2a: Rotom|Overheat|p1a: Garchomp
|-resisted|p1a: Garchomp
|-crit|p1a: Garchomp
|-damage|p1a: Garchomp|0 fnt
|-unboost|p2a: Rotom|spa|2
|faint|p1a: Garchomp
|
|-weather|Sandstorm|[upkeep]
|-damage|p2a: Rotom|56/100|[from] Sandstorm
|-heal|p2a: Rotom|62/100|[from] item: Leftovers
|upkeep
|l| night suwu
|
|t:|1729873638
|switch|p1a: Rotom|Rotom-Wash|78/100
|-damage|p1a: Rotom|66/100|[from] Stealth Rock
|turn|17
|
|t:|1729873668
|move|p2a: Rotom|Volt Switch|p1a: Rotom
|-damage|p1a: Rotom|51/100
|inactive|Killerfishsandiego has 120 seconds left.
|j| radaty
|
|t:|1729873686
|switch|p2a: Alakazam|Alakazam, F|100/100|[from] Volt Switch
|move|p1a: Rotom|Hydro Pump|p2a: Alakazam
|-damage|p2a: Alakazam|35/100
|
|-weather|Sandstorm|[upkeep]
|-damage|p1a: Rotom|45/100|[from] Sandstorm
|-heal|p1a: Rotom|51/100|[from] item: Leftovers
|upkeep
|turn|18
|inactive|Killerfishsandiego has 120 seconds left.
|
|t:|1729873700
|move|p2a: Alakazam|Psyshock|p1a: Rotom
|-damage|p1a: Rotom|15/100
|move|p1a: Rotom|Volt Switch|p2a: Alakazam
|-crit|p2a: Alakazam
|-damage|p2a: Alakazam|0 fnt
|faint|p2a: Alakazam
|
|t:|1729873710
|switch|p1a: Excadrill|Excadrill, M|100/100|[from] Volt Switch
|-damage|p1a: Excadrill|97/100|[from] Stealth Rock
|-ability|p1a: Excadrill|Mold Breaker
|
|-weather|Sandstorm|[upkeep]
|-heal|p1a: Excadrill|100/100|[from] item: Leftovers
|upkeep
|
|t:|1729873713
|switch|p2a: Terrakion|Terrakion|100/100
|-damage|p2a: Terrakion|94/100|[from] Stealth Rock
|turn|19
|
|t:|1729873725
|move|p2a: Terrakion|Close Combat|p1a: Excadrill
|-supereffective|p1a: Excadrill
|-damage|p1a: Excadrill|0 fnt
|-unboost|p2a: Terrakion|def|1
|-unboost|p2a: Terrakion|spd|1
|faint|p1a: Excadrill
|
|-weather|Sandstorm|[upkeep]
|upkeep
|
|t:|1729873734
|switch|p1a: Scizor|Scizor, F|64/100
|-damage|p1a: Scizor|52/100|[from] Stealth Rock
|turn|20
|
|t:|1729873741
|move|p1a: Scizor|Bullet Punch|p2a: Terrakion
|-supereffective|p2a: Terrakion
|-damage|p2a: Terrakion|0 fnt
|faint|p2a: Terrakion
|
|-weather|Sandstorm|[upkeep]
|upkeep
|
|t:|1729873743
|switch|p2a: Rotom|Rotom-Heat|62/100
|-damage|p2a: Rotom|37/100|[from] Stealth Rock
|turn|21
|
|t:|1729873749
|move|p1a: Scizor|Bullet Punch|p2a: Rotom
|-resisted|p2a: Rotom
|-damage|p2a: Rotom|23/100
|move|p2a: Rotom|Overheat|p1a: Scizor
|-supereffective|p1a: Scizor
|-damage|p1a: Scizor|0 fnt
|-unboost|p2a: Rotom|spa|2
|faint|p1a: Scizor
|
|-weather|Sandstorm|[upkeep]
|-damage|p2a: Rotom|17/100|[from] Sandstorm
|-heal|p2a: Rotom|23/100|[from] item: Leftovers
|upkeep
|
|t:|1729873760
|switch|p1a: Rotom|Rotom-Wash|15/100
|-damage|p1a: Rotom|3/100|[from] Stealth Rock
|turn|22
|
|t:|1729873764
|move|p2a: Rotom|Volt Switch|p1a: Rotom
|-damage|p1a: Rotom|0 fnt
|faint|p1a: Rotom
|
|win|Killerfishsandiego
|raw|SpacemanSpiff7's rating: 1407 &rarr; <strong>1390</strong><br />(-17 for losing)
|raw|Killerfishsandiego's rating: 1457 &rarr; <strong>1474</strong><br />(+17 for winning)
|c|☆SpacemanSpiff7|gg
|l|☆SpacemanSpiff7
|player|p1|
|c|☆Killerfishsandiego|gg i almost threw
