|j|☆HALOCENE
|j|☆lolbw
|player|p1|HALOCENE|guitarist-gen4|1451
|player|p2|lolbw|dawn|1338
|teamsize|p1|6
|teamsize|p2|6
|gametype|singles
|gen|5
|tier|[Gen 5] OU
|rated|
|clearpoke
|poke|p1|Tyranitar, M|item
|poke|p1|Latios, M|item
|poke|p1|Rotom-Wash|item
|poke|p1|Garchomp, M|item
|poke|p1|Skarmory, M|item
|poke|p1|Reuniclus, M|item
|poke|p2|Politoed, M|item
|poke|p2|Breloom, M|item
|poke|p2|Tentacruel, M|item
|poke|p2|Jirachi|item
|poke|p2|Landorus-Therian, M|item
|poke|p2|Keldeo-Resolute|item
|rule|Species Clause: Limit one of each Pokémon
|rule|OHKO Clause: OHKO moves are banned
|rule|Moody Clause: Moody is banned
|rule|Evasion Moves Clause: Evasion moves are banned
|rule|Endless Battle Clause: Forcing endless battles is banned
|rule|HP Percentage Mod: HP is shown in percentages
|rule|Evasion Abilities Clause: Evasion abilities are banned
|rule|Baton Pass Clause: Limit one Baton Passer, can't pass Spe and other stats simultaneously
|rule|Sleep Clause: Sleep-inducing moves are banned
|rule|Swagger Clause: Swagger is banned
|teampreview
|inactive|Battle timer is ON: inactive players will automatically lose when time's up. (requested by lolbw)
|
|start
|switch|p1a: Rotom|Rotom-Wash|100/100
|switch|p2a: Breloom|Breloom, M|100/100
|turn|1
|
|switch|p1a: Latios|Latios, M|100/100
|move|p2a: Breloom|Protect||[still]
|-fail|p2a: Breloom
|
|-status|p2a: Breloom|tox|[from] item: Toxic Orb
|upkeep
|turn|2
|
|move|p2a: Breloom|Protect|p2a: Breloom
|-singleturn|p2a: Breloom|Protect
|move|p1a: Latios|Calm Mind|p1a: Latios
|-boost|p1a: Latios|spa|1
|-boost|p1a: Latios|spd|1
|
|upkeep
|turn|3
|
|switch|p2a: Jirachi|Jirachi|100/100
|move|p1a: Latios|Surf|p2a: Jirachi
|-crit|p2a: Jirachi
|-damage|p2a: Jirachi|31/100
|
|-heal|p2a: Jirachi|37/100|[from] item: Leftovers
|upkeep
|turn|4
|c|☆lolbw|nice
|
|move|p1a: Latios|Calm Mind|p1a: Latios
|-boost|p1a: Latios|spa|1
|-boost|p1a: Latios|spd|1
|move|p2a: Jirachi|Body Slam|p1a: Latios
|-damage|p1a: Latios|73/100
|
|-heal|p2a: Jirachi|43/100|[from] item: Leftovers
|upkeep
|turn|5
|
|move|p1a: Latios|Surf|p2a: Jirachi
|-damage|p2a: Jirachi|0 fnt
|faint|p2a: Jirachi
|
|upkeep
|
|switch|p2a: Landorus|Landorus-Therian, M|100/100
|-ability|p2a: Landorus|Intimidate|boost
|-unboost|p1a: Latios|atk|1
|turn|6
|
|switch|p1a: Skarmory|Skarmory, M|100/100
|move|p2a: Landorus|U-turn|p1a: Skarmory
|-resisted|p1a: Skarmory
|-damage|p1a: Skarmory|97/100
|-damage|p2a: Landorus|84/100|[from] item: Rocky Helmet|[of] p1a: Skarmory
|
|switch|p2a: Politoed|Politoed, M|100/100|[from]move: U-turn
|-weather|RainDance|[from] ability: Drizzle|[of] p2a: Politoed
|
|-weather|RainDance|[upkeep]
|upkeep
|turn|7
|
|switch|p1a: Rotom|Rotom-Wash|100/100
|move|p2a: Politoed|Scald|p1a: Rotom
|-resisted|p1a: Rotom
|-damage|p1a: Rotom|85/100
|-status|p1a: Rotom|brn
|
|-weather|RainDance|[upkeep]
|-heal|p1a: Rotom|91/100 brn|[from] item: Leftovers
|-damage|p1a: Rotom|79/100 brn|[from] brn
|upkeep
|turn|8
|
|switch|p2a: Breloom|Breloom, M|100/100 tox
|move|p1a: Rotom|Volt Switch|p2a: Breloom
|-resisted|p2a: Breloom
|-damage|p2a: Breloom|86/100 tox
|
|switch|p1a: Latios|Latios, M|73/100|[from]move: Volt Switch
|
|-weather|RainDance|[upkeep]
|-heal|p2a: Breloom|98/100 tox|[from] ability: Poison Heal
|upkeep
|turn|9
|
|switch|p2a: Landorus|Landorus-Therian, M|84/100
|-ability|p2a: Landorus|Intimidate|boost
|-unboost|p1a: Latios|atk|1
|move|p1a: Latios|Draco Meteor|p2a: Landorus
|-enditem|p1a: Latios|Dragon Gem|[from] gem
|-damage|p2a: Landorus|0 fnt
|-unboost|p1a: Latios|spa|2
|faint|p2a: Landorus
|
|-weather|RainDance|[upkeep]
|upkeep
|
|switch|p2a: Keldeo|Keldeo-Resolute|100/100
|turn|10
|
|move|p1a: Latios|Calm Mind|p1a: Latios
|-boost|p1a: Latios|spa|1
|-boost|p1a: Latios|spd|1
|move|p2a: Keldeo|Hydro Pump|p1a: Latios|[miss]
|-miss|p2a: Keldeo|p1a: Latios
|
|-weather|RainDance|[upkeep]
|upkeep
|turn|11
|-message|lolbw forfeited.
|
|win|HALOCENE
|l|☆lolbw
|raw|HALOCENE's rating: 1451 &rarr; <strong>1464</strong><br />(+13 for winning)
|raw|lolbw's rating: 1339 &rarr; <strong>1325</strong><br />(-14 for losing)
