|j|☆TimidKiwi
|j|☆alenpa
|player|p1|TimidKiwi|197
|player|p2|alenpa|262
|teamsize|p1|6
|teamsize|p2|6
|gametype|singles
|gen|5
|tier|[Gen 5] OU
|rated|
|rule|Sleep Clause Mod: Limit one foe put to sleep
|rule|Species Clause: Limit one of each Pokémon
|rule|OHKO Clause: OHKO moves are banned
|rule|Moody Clause: Moody is banned
|rule|Evasion Moves Clause: Evasion moves are banned
|rule|Endless Battle Clause: Forcing endless battles is banned
|rule|HP Percentage Mod: HP is shown in percentages
|rule|Evasion Abilities Clause: Evasion abilities are banned
|rule|Baton Pass Clause: Limit one Baton Passer, can't pass Spe and other stats simultaneously
|rule|Swagger Clause: Swagger is banned
|clearpoke
|poke|p1|Politoed, M|item
|poke|p1|Ferrothorn, M|item
|poke|p1|Keldeo-Resolute|item
|poke|p1|Kyurem-Black|item
|poke|p1|Breloom, F|item
|poke|p1|Jirachi|item
|poke|p2|Conkeldurr, F|item
|poke|p2|Raikou|item
|poke|p2|Garchomp, F|item
|poke|p2|Hydreigon, M|item
|poke|p2|Jirachi|item
|poke|p2|Gengar, F|item
|teampreview
|inactive|Battle timer is ON: inactive players will automatically lose when time's up. (requested by TimidKiwi)
|
|start
|switch|p1a: Politoed|Politoed, M, shiny|100/100
|switch|p2a: Raikou|Raikou|100/100
|-ability|p2a: Raikou|Pressure
|-weather|RainDance|[from] ability: Drizzle|[of] p1a: Politoed
|turn|1
|
|switch|p1a: Ferrothorn|Ferrothorn, M|100/100
|move|p2a: Raikou|Substitute|p2a: Raikou
|-start|p2a: Raikou|Substitute
|-damage|p2a: Raikou|76/100
|
|-weather|RainDance|[upkeep]
|-heal|p2a: Raikou|82/100|[from] item: Leftovers
|upkeep
|turn|2
|
|move|p2a: Raikou|Calm Mind|p2a: Raikou
|-boost|p2a: Raikou|spa|1
|-boost|p2a: Raikou|spd|1
|move|p1a: Ferrothorn|Gyro Ball|p2a: Raikou
|-resisted|p2a: Raikou
|-end|p2a: Raikou|Substitute
|
|-weather|RainDance|[upkeep]
|-heal|p2a: Raikou|88/100|[from] item: Leftovers
|upkeep
|turn|3
|
|move|p2a: Raikou|Hidden Power|p1a: Ferrothorn
|-damage|p1a: Ferrothorn|77/100
|move|p1a: Ferrothorn|Gyro Ball|p2a: Raikou
|-resisted|p2a: Raikou
|-damage|p2a: Raikou|55/100
|
|-weather|RainDance|[upkeep]
|-heal|p2a: Raikou|62/100|[from] item: Leftovers
|upkeep
|turn|4
|
|switch|p2a: Jirachi|Jirachi|100/100
|move|p1a: Ferrothorn|Leech Seed|p2a: Jirachi
|-start|p2a: Jirachi|move: Leech Seed
|
|-weather|RainDance|[upkeep]
|-damage|p2a: Jirachi|88/100|[from] Leech Seed|[of] p1a: Ferrothorn
|-heal|p1a: Ferrothorn|91/100|[silent]
|upkeep
|turn|5
|j| Dayanne or Mavis
|
|switch|p2a: Raikou|Raikou|62/100
|-ability|p2a: Raikou|Pressure
|move|p1a: Ferrothorn|Stealth Rock|p2a: Raikou
|-sidestart|p2: alenpa|move: Stealth Rock
|
|-weather|RainDance|[upkeep]
|-heal|p2a: Raikou|68/100|[from] item: Leftovers
|upkeep
|turn|6
|inactive|alenpa has 135 seconds left.
|
|switch|p2a: Conkeldurr|Conkeldurr, F|100/100
|-damage|p2a: Conkeldurr|94/100|[from] Stealth Rock
|move|p1a: Ferrothorn|Gyro Ball|p2a: Conkeldurr
|-damage|p2a: Conkeldurr|68/100
|
|-weather|RainDance|[upkeep]
|upkeep
|turn|7
|
|switch|p1a: Keldeo|Keldeo-Resolute|100/100
|move|p2a: Conkeldurr|Drain Punch|p1a: Keldeo
|-damage|p1a: Keldeo|15/100
|-heal|p2a: Conkeldurr|100/100|[from] drain|[of] p1a: Keldeo
|-damage|p2a: Conkeldurr|91/100|[from] item: Life Orb
|
|-weather|RainDance|[upkeep]
|upkeep
|turn|8
|
|move|p2a: Conkeldurr|Mach Punch|p1a: Keldeo
|-damage|p1a: Keldeo|0 fnt
|-damage|p2a: Conkeldurr|81/100|[from] item: Life Orb
|faint|p1a: Keldeo
|
|-weather|RainDance|[upkeep]
|upkeep
|
|switch|p1a: Politoed|Politoed, M, shiny|100/100
|turn|9
|
|switch|p2a: Hydreigon|Hydreigon, M|100/100
|-damage|p2a: Hydreigon|88/100|[from] Stealth Rock
|move|p1a: Politoed|Scald|p2a: Hydreigon
|-resisted|p2a: Hydreigon
|-damage|p2a: Hydreigon|58/100
|
|-weather|RainDance|[upkeep]
|upkeep
|turn|10
|
|move|p1a: Politoed|Scald|p2a: Hydreigon
|-resisted|p2a: Hydreigon
|-damage|p2a: Hydreigon|29/100
|-status|p2a: Hydreigon|brn
|move|p2a: Hydreigon|Focus Blast|p1a: Politoed
|-damage|p1a: Politoed|38/100
|
|-weather|RainDance|[upkeep]
|-damage|p2a: Hydreigon|17/100 brn|[from] brn
|upkeep
|turn|11
|inactive|alenpa has 135 seconds left.
|
|move|p1a: Politoed|Scald|p2a: Hydreigon
|-resisted|p2a: Hydreigon
|-damage|p2a: Hydreigon|0 fnt
|faint|p2a: Hydreigon
|
|-weather|RainDance|[upkeep]
|upkeep
|inactive|alenpa has 135 seconds left.
|
|switch|p2a: Conkeldurr|Conkeldurr, F|81/100
|-damage|p2a: Conkeldurr|75/100|[from] Stealth Rock
|turn|12
|
|move|p2a: Conkeldurr|Mach Punch|p1a: Politoed
|-damage|p1a: Politoed|0 fnt
|-damage|p2a: Conkeldurr|65/100|[from] item: Life Orb
|faint|p1a: Politoed
|
|-weather|RainDance|[upkeep]
|upkeep
|
|switch|p1a: Jirachi|Jirachi|100/100
|turn|13
|
|switch|p2a: Garchomp|Garchomp, F|100/100
|-damage|p2a: Garchomp|94/100|[from] Stealth Rock
|move|p1a: Jirachi|Psychic|p2a: Garchomp
|-damage|p2a: Garchomp|53/100
|
|-weather|RainDance|[upkeep]
|upkeep
|turn|14
|
|switch|p1a: Ferrothorn|Ferrothorn, M|91/100
|move|p2a: Garchomp|Earthquake|p1a: Ferrothorn
|-damage|p1a: Ferrothorn|58/100
|
|-weather|RainDance|[upkeep]
|upkeep
|turn|15
|
|move|p2a: Garchomp|Fire Blast|p1a: Ferrothorn
|-supereffective|p1a: Ferrothorn
|-damage|p1a: Ferrothorn|25/100
|move|p1a: Ferrothorn|Leech Seed|p2a: Garchomp
|-start|p2a: Garchomp|move: Leech Seed
|
|-weather|RainDance|[upkeep]
|-damage|p2a: Garchomp|41/100|[from] Leech Seed|[of] p1a: Ferrothorn
|-heal|p1a: Ferrothorn|37/100|[silent]
|upkeep
|turn|16
|
|switch|p2a: Jirachi|Jirachi|88/100
|-damage|p2a: Jirachi|82/100|[from] Stealth Rock
|move|p1a: Ferrothorn|Gyro Ball|p2a: Jirachi
|-resisted|p2a: Jirachi
|-damage|p2a: Jirachi|62/100
|
|-weather|RainDance|[upkeep]
|-heal|p2a: Jirachi|68/100|[from] item: Leftovers
|upkeep
|turn|17
|
|move|p2a: Jirachi|Substitute|p2a: Jirachi
|-start|p2a: Jirachi|Substitute
|-damage|p2a: Jirachi|43/100
|move|p1a: Ferrothorn|Leech Seed|p2a: Jirachi
|-fail|p2a: Jirachi
|
|-weather|RainDance|[upkeep]
|-heal|p2a: Jirachi|49/100|[from] item: Leftovers
|upkeep
|turn|18
|
|switch|p1a: Kyurem|Kyurem-Black|100/100
|-ability|p1a: Kyurem|Teravolt
|move|p2a: Jirachi|Fire Punch|p1a: Kyurem
|-damage|p1a: Kyurem|91/100
|
|-weather|RainDance|[upkeep]
|-heal|p2a: Jirachi|55/100|[from] item: Leftovers
|upkeep
|turn|19
|
|move|p1a: Kyurem|Substitute|p1a: Kyurem
|-start|p1a: Kyurem|Substitute
|-damage|p1a: Kyurem|66/100
|move|p2a: Jirachi|Iron Head|p1a: Kyurem
|-supereffective|p1a: Kyurem
|-end|p1a: Kyurem|Substitute
|
|-weather|RainDance|[upkeep]
|-heal|p2a: Jirachi|61/100|[from] item: Leftovers
|upkeep
|turn|20
|
|switch|p1a: Ferrothorn|Ferrothorn, M|37/100
|move|p2a: Jirachi|Iron Head|p1a: Ferrothorn
|-resisted|p1a: Ferrothorn
|-damage|p1a: Ferrothorn|25/100
|-damage|p2a: Jirachi|49/100|[from] ability: Iron Barbs|[of] p1a: Ferrothorn
|-damage|p2a: Jirachi|32/100|[from] item: Rocky Helmet|[of] p1a: Ferrothorn
|
|-weather|RainDance|[upkeep]
|-heal|p2a: Jirachi|38/100|[from] item: Leftovers
|upkeep
|turn|21
|
|switch|p1a: Kyurem|Kyurem-Black|66/100
|-ability|p1a: Kyurem|Teravolt
|move|p2a: Jirachi|Fire Punch|p1a: Kyurem
|-damage|p1a: Kyurem|57/100
|
|-weather|RainDance|[upkeep]
|-heal|p2a: Jirachi|45/100|[from] item: Leftovers
|upkeep
|turn|22
|
|move|p1a: Kyurem|Fusion Bolt|p2a: Jirachi
|-end|p2a: Jirachi|Substitute
|move|p2a: Jirachi|Iron Head|p1a: Kyurem
|-supereffective|p1a: Kyurem
|-damage|p1a: Kyurem|3/100
|
|-weather|RainDance|[upkeep]
|-heal|p2a: Jirachi|51/100|[from] item: Leftovers
|upkeep
|turn|23
|inactive|alenpa has 135 seconds left.
|
|move|p1a: Kyurem|Freeze Shock|p2a: Jirachi|[still]
|-prepare|p1a: Kyurem|Freeze Shock|p2a: Jirachi
|-enditem|p1a: Kyurem|Power Herb
|-anim|p1a: Kyurem|Freeze Shock|p2a: Jirachi
|-resisted|p2a: Jirachi
|-damage|p2a: Jirachi|5/100
|-status|p2a: Jirachi|par
|move|p2a: Jirachi|Fire Punch|p1a: Kyurem
|-damage|p1a: Kyurem|0 fnt
|faint|p1a: Kyurem
|
|-weather|RainDance|[upkeep]
|-heal|p2a: Jirachi|12/100 par|[from] item: Leftovers
|upkeep
|
|switch|p1a: Jirachi|Jirachi|100/100
|turn|24
|
|move|p1a: Jirachi|Substitute|p1a: Jirachi
|-start|p1a: Jirachi|Substitute
|-damage|p1a: Jirachi|75/100
|cant|p2a: Jirachi|par
|
|-weather|RainDance|[upkeep]
|-heal|p1a: Jirachi|82/100|[from] item: Leftovers
|-heal|p2a: Jirachi|18/100 par|[from] item: Leftovers
|upkeep
|turn|25
|
|move|p1a: Jirachi|Calm Mind|p1a: Jirachi
|-boost|p1a: Jirachi|spa|1
|-boost|p1a: Jirachi|spd|1
|cant|p2a: Jirachi|par
|
|-weather|RainDance|[upkeep]
|-heal|p1a: Jirachi|88/100|[from] item: Leftovers
|-heal|p2a: Jirachi|24/100 par|[from] item: Leftovers
|upkeep
|turn|26
|
|move|p1a: Jirachi|Calm Mind|p1a: Jirachi
|-boost|p1a: Jirachi|spa|1
|-boost|p1a: Jirachi|spd|1
|move|p2a: Jirachi|Fire Punch|p1a: Jirachi
|-supereffective|p1a: Jirachi
|-activate|p1a: Jirachi|Substitute|[damage]
|
|-weather|RainDance|[upkeep]
|-heal|p1a: Jirachi|94/100|[from] item: Leftovers
|-heal|p2a: Jirachi|30/100 par|[from] item: Leftovers
|upkeep
|turn|27
|
|move|p1a: Jirachi|Calm Mind|p1a: Jirachi
|-boost|p1a: Jirachi|spa|1
|-boost|p1a: Jirachi|spd|1
|move|p2a: Jirachi|Fire Punch|p1a: Jirachi
|-supereffective|p1a: Jirachi
|-end|p1a: Jirachi|Substitute
|
|-weather|RainDance|[upkeep]
|-heal|p1a: Jirachi|99/100|[from] item: Leftovers
|-heal|p2a: Jirachi|36/100 par|[from] item: Leftovers
|upkeep
|turn|28
|
|switch|p2a: Conkeldurr|Conkeldurr, F|65/100
|-damage|p2a: Conkeldurr|59/100|[from] Stealth Rock
|move|p1a: Jirachi|Substitute|p1a: Jirachi
|-start|p1a: Jirachi|Substitute
|-damage|p1a: Jirachi|75/100
|
|-weather|RainDance|[upkeep]
|-heal|p1a: Jirachi|81/100|[from] item: Leftovers
|upkeep
|turn|29
|
|move|p2a: Conkeldurr|Mach Punch|p1a: Jirachi
|-activate|p1a: Jirachi|Substitute|[damage]
|-damage|p2a: Conkeldurr|49/100|[from] item: Life Orb
|move|p1a: Jirachi|Psychic|p2a: Conkeldurr
|-supereffective|p2a: Conkeldurr
|-damage|p2a: Conkeldurr|0 fnt
|faint|p2a: Conkeldurr
|
|-weather|RainDance|[upkeep]
|-heal|p1a: Jirachi|88/100|[from] item: Leftovers
|upkeep
|
|switch|p2a: Raikou|Raikou|68/100
|-damage|p2a: Raikou|55/100|[from] Stealth Rock
|-ability|p2a: Raikou|Pressure
|turn|30
|
|move|p2a: Raikou|Calm Mind|p2a: Raikou
|-boost|p2a: Raikou|spa|1
|-boost|p2a: Raikou|spd|1
|move|p1a: Jirachi|Substitute|p1a: Jirachi
|-fail|p1a: Jirachi|move: Substitute
|
|-weather|RainDance|[upkeep]
|-heal|p2a: Raikou|62/100|[from] item: Leftovers
|-heal|p1a: Jirachi|94/100|[from] item: Leftovers
|upkeep
|turn|31
|
|move|p2a: Raikou|Thunderbolt|p1a: Jirachi
|-end|p1a: Jirachi|Substitute
|move|p1a: Jirachi|Psychic|p2a: Raikou
|-damage|p2a: Raikou|5/100
|-unboost|p2a: Raikou|spd|1
|
|-weather|RainDance|[upkeep]
|-heal|p2a: Raikou|11/100|[from] item: Leftovers
|-heal|p1a: Jirachi|99/100|[from] item: Leftovers
|upkeep
|turn|32
|
|move|p2a: Raikou|Thunderbolt|p1a: Jirachi
|-damage|p1a: Jirachi|77/100
|move|p1a: Jirachi|Substitute|p1a: Jirachi
|-start|p1a: Jirachi|Substitute
|-damage|p1a: Jirachi|52/100
|
|-weather|RainDance|[upkeep]
|-heal|p2a: Raikou|17/100|[from] item: Leftovers
|-heal|p1a: Jirachi|58/100|[from] item: Leftovers
|upkeep
|turn|33
|
|move|p2a: Raikou|Thunderbolt|p1a: Jirachi
|-activate|p1a: Jirachi|Substitute|[damage]
|move|p1a: Jirachi|Psychic|p2a: Raikou
|-crit|p2a: Raikou
|-damage|p2a: Raikou|0 fnt
|faint|p2a: Raikou
|
|-weather|RainDance|[upkeep]
|-heal|p1a: Jirachi|64/100|[from] item: Leftovers
|upkeep
|inactive|alenpa has 135 seconds left.
|
|switch|p2a: Garchomp|Garchomp, F|41/100
|-damage|p2a: Garchomp|35/100|[from] Stealth Rock
|turn|34
|
|move|p2a: Garchomp|Earthquake|p1a: Jirachi
|-supereffective|p1a: Jirachi
|-end|p1a: Jirachi|Substitute
|move|p1a: Jirachi|Psychic|p2a: Garchomp
|-damage|p2a: Garchomp|0 fnt
|faint|p2a: Garchomp
|
|-weather|RainDance|[upkeep]
|-heal|p1a: Jirachi|70/100|[from] item: Leftovers
|upkeep
|
|switch|p2a: Gengar|Gengar, F|100/100
|-damage|p2a: Gengar|88/100|[from] Stealth Rock
|turn|35
|
|move|p2a: Gengar|Focus Blast|p1a: Jirachi|[miss]
|-miss|p2a: Gengar|p1a: Jirachi
|move|p1a: Jirachi|Psychic|p2a: Gengar
|-supereffective|p2a: Gengar
|-damage|p2a: Gengar|0 fnt
|faint|p2a: Gengar
|
|-weather|RainDance|[upkeep]
|-heal|p1a: Jirachi|76/100|[from] item: Leftovers
|upkeep
|
|switch|p2a: Jirachi|Jirachi|36/100 par
|-damage|p2a: Jirachi|30/100 par|[from] Stealth Rock
|turn|36
|c|☆TimidKiwi|gg
|
|move|p1a: Jirachi|Thunder|p2a: Jirachi
|-damage|p2a: Jirachi|0 fnt
|faint|p2a: Jirachi
|
|win|TimidKiwi
|raw|TimidKiwi's rating: 1407 &rarr; <strong>1429</strong><br />(+22 for winning)
|raw|alenpa's rating: 1435 &rarr; <strong>1414</strong><br />(-21 for losing)
