|join|16kims1
|join|Pedro-P
|player|p1|16kims1|169
|player|p2|Pedro-P|56
|gametype|singles
|gen|5
|tier|[Gen 5] OU
|rated
|rule|Evasion Abilities Clause: Evasion abilities are banned
|clearpoke
|poke|p1|Politoed, M, shiny
|poke|p1|Tornadus, M
|poke|p1|Vaporeon, F, shiny
|poke|p1|Thundurus-Therian, M
|poke|p1|Keldeo
|poke|p1|Azumarill, F
|poke|p2|Gliscor, M
|poke|p2|Tyranitar, F
|poke|p2|Jirachi
|poke|p2|Keldeo
|poke|p2|Forretress, F
|poke|p2|Celebi
|rule|Sleep Clause Mod: Limit one foe put to sleep
|rule|Species Clause: Limit one of each Pokemon
|rule|OHKO Clause: OHKO moves are banned
|rule|Moody Clause: Moody is banned
|rule|Evasion Moves Clause: Evasion moves are banned
|rule|Endless Battle Clause: Forcing endless battles is banned.
|rule|HP Percentage Mod: HP is reported as percentages
|teampreview
|
|start
|switch|p1a: Politoed|Politoed, M, shiny|384/384
|switch|p2a: Celebi|Celebi|399/399
|-weather|RainDance|[from] ability: Drizzle|[of] p1a: Politoed
|turn|1
|
|switch|p1a: Tornadus|Tornadus, M|300/300
|move|p2a: Celebi|Leaf Storm|p1a: Tornadus
|-resisted|p1a: Tornadus
|-damage|p1a: Tornadus|132/300
|-unboost|p2a: Celebi|spa|2
|-damage|p2a: Celebi|360/399|[from] item: Life Orb
|
|-weather|RainDance|[upkeep]
|turn|2
|
|switch|p2a: Tyranitar|Tyranitar, F|404/404
|-weather|Sandstorm|[from] ability: Sand Stream|[of] p2a: Tyranitar
|move|p1a: Tornadus|Focus Blast|p2a: Tyranitar|[miss]
|-miss|p1a: Tornadus|p2a: Tyranitar
|
|-weather|Sandstorm|[upkeep]
|-damage|p1a: Tornadus|114/300|[from] sandstorm
|turn|3
|
|switch|p2a: Keldeo|Keldeo|324/324
|move|p1a: Tornadus|Focus Blast|p2a: Keldeo
|-damage|p2a: Keldeo|160/324
|
|-weather|Sandstorm|[upkeep]
|-damage|p1a: Tornadus|96/300|[from] sandstorm
|-damage|p2a: Keldeo|140/324|[from] sandstorm
|turn|4
|
|move|p1a: Tornadus|Focus Blast|p2a: Keldeo
|-damage|p2a: Keldeo|0 fnt
|faint|p2a: Keldeo
|
|-weather|Sandstorm|[upkeep]
|-damage|p1a: Tornadus|78/300|[from] sandstorm
|
|switch|p2a: Gliscor|Gliscor, M|292/292
|turn|5
|
|switch|p1a: Azumarill|Azumarill, F|403/403
|move|p2a: Gliscor|Substitute|p2a: Gliscor
|-start|p2a: Gliscor|Substitute
|-damage|p2a: Gliscor|219/292
|
|-weather|Sandstorm|[upkeep]
|-damage|p1a: Azumarill|378/403|[from] sandstorm
|turn|6
|
|move|p2a: Gliscor|Acrobatics|p1a: Azumarill
|-enditem|p2a: Gliscor|Flying Gem|[from] gem|[move] Acrobatics
|-damage|p1a: Azumarill|90/403
|move|p1a: Azumarill|Ice Punch|p2a: Gliscor
|-supereffective|p2a: Gliscor
|-end|p2a: Gliscor|Substitute
|-damage|p1a: Azumarill|50/403|[from] item: Life Orb
|
|-weather|Sandstorm|[upkeep]
|-damage|p1a: Azumarill|25/403|[from] sandstorm
|turn|7
|
|switch|p2a: Celebi|Celebi|360/399
|move|p1a: Azumarill|Aqua Jet|p2a: Celebi
|-resisted|p2a: Celebi
|-damage|p2a: Celebi|298/399
|-damage|p1a: Azumarill|0 fnt|[from] item: Life Orb
|faint|p1a: Azumarill
|
|-weather|Sandstorm|[upkeep]
|-damage|p2a: Celebi|274/399|[from] sandstorm
|
|switch|p1a: Tornadus|Tornadus, M|78/300
|turn|8
|
|switch|p2a: Tyranitar|Tyranitar, F|404/404
|move|p1a: Tornadus|Hurricane|p2a: Tyranitar
|-resisted|p2a: Tyranitar
|-damage|p2a: Tyranitar|351/404
|
|-weather|Sandstorm|[upkeep]
|-damage|p1a: Tornadus|60/300|[from] sandstorm
|turn|9
|
|move|p2a: Tyranitar|Pursuit|p1a: Tornadus|[from]Pursuit
|-damage|p1a: Tornadus|0 fnt
|faint|p1a: Tornadus
|
|-weather|Sandstorm|[upkeep]
|
|switch|p1a: Politoed|Politoed, M, shiny|384/384
|-weather|RainDance|[from] ability: Drizzle|[of] p1a: Politoed
|turn|10
|
|switch|p2a: Celebi|Celebi|274/399
|move|p1a: Politoed|Hydro Pump|p2a: Celebi
|-resisted|p2a: Celebi
|-damage|p2a: Celebi|54/399
|
|-weather|RainDance|[upkeep]
|turn|11
|
|switch|p1a: Thundurus-Therian|Thundurus-Therian, M|300/300
|move|p2a: Celebi|Recover|p2a: Celebi
|-heal|p2a: Celebi|254/399
|
|-weather|RainDance|[upkeep]
|turn|12
|
|switch|p2a: Tyranitar|Tyranitar, F|351/404
|-weather|Sandstorm|[from] ability: Sand Stream|[of] p2a: Tyranitar
|move|p1a: Thundurus-Therian|Hidden Power|p2a: Tyranitar
|-damage|p2a: Tyranitar|308/404
|
|-weather|Sandstorm|[upkeep]
|-damage|p1a: Thundurus-Therian|282/300|[from] sandstorm
|turn|13
|
|switch|p1a: Keldeo|Keldeo|323/323
|move|p2a: Tyranitar|Stealth Rock|p1a: Keldeo
|-sidestart|p1: 16kims1|move: Stealth Rock
|
|-weather|Sandstorm|[upkeep]
|-damage|p1a: Keldeo|303/323|[from] sandstorm
|turn|14
|
|switch|p2a: Celebi|Celebi|254/399
|move|p1a: Keldeo|Scald|p2a: Celebi
|-resisted|p2a: Celebi
|-damage|p2a: Celebi|168/399
|-damage|p1a: Keldeo|271/323|[from] item: Life Orb
|
|-weather|Sandstorm|[upkeep]
|-damage|p1a: Keldeo|251/323|[from] sandstorm
|-damage|p2a: Celebi|144/399|[from] sandstorm
|turn|15
|
|move|p1a: Keldeo|Hidden Power|p2a: Celebi
|-supereffective|p2a: Celebi
|-damage|p2a: Celebi|0 fnt
|-damage|p1a: Keldeo|219/323|[from] item: Life Orb
|faint|p2a: Celebi
|
|-weather|Sandstorm|[upkeep]
|-damage|p1a: Keldeo|199/323|[from] sandstorm
|
|switch|p2a: Jirachi|Jirachi|404/404
|turn|16
|
|move|p1a: Keldeo|Scald|p2a: Jirachi
|-damage|p2a: Jirachi|256/404
|-damage|p1a: Keldeo|167/323|[from] item: Life Orb
|move|p2a: Jirachi|Body Slam|p1a: Keldeo
|-damage|p1a: Keldeo|99/323
|-status|p1a: Keldeo|par
|
|-weather|Sandstorm|[upkeep]
|-damage|p1a: Keldeo|79/323 par|[from] sandstorm
|-heal|p2a: Jirachi|281/404|[from] item: Leftovers
|turn|17
|
|move|p2a: Jirachi|Iron Head|p1a: Keldeo
|-resisted|p1a: Keldeo
|-damage|p1a: Keldeo|32/323 par
|cant|p1a: Keldeo|flinch
|
|-weather|Sandstorm|[upkeep]
|-damage|p1a: Keldeo|12/323 par|[from] sandstorm
|-heal|p2a: Jirachi|306/404|[from] item: Leftovers
|turn|18
|
|move|p2a: Jirachi|Body Slam|p1a: Keldeo
|-crit|p1a: Keldeo
|-damage|p1a: Keldeo|0 fnt
|faint|p1a: Keldeo
|
|-weather|Sandstorm|[upkeep]
|-heal|p2a: Jirachi|331/404|[from] item: Leftovers
|
|switch|p1a: Politoed|Politoed, M, shiny|384/384
|-damage|p1a: Politoed|336/384|[from] Stealth Rock
|-weather|RainDance|[from] ability: Drizzle|[of] p1a: Politoed
|turn|19
|
|switch|p2a: Tyranitar|Tyranitar, F|308/404
|-weather|Sandstorm|[from] ability: Sand Stream|[of] p2a: Tyranitar
|move|p1a: Politoed|Hydro Pump|p2a: Tyranitar|[miss]
|-miss|p1a: Politoed|p2a: Tyranitar
|
|-weather|Sandstorm|[upkeep]
|-damage|p1a: Politoed|312/384|[from] sandstorm
|turn|20
|
|move|p1a: Politoed|Hydro Pump|p2a: Tyranitar|[miss]
|-miss|p1a: Politoed|p2a: Tyranitar
|move|p2a: Tyranitar|Rock Slide|p1a: Politoed
|-damage|p1a: Politoed|179/384
|
|-weather|Sandstorm|[upkeep]
|-damage|p1a: Politoed|155/384|[from] sandstorm
|turn|21
|
|move|p1a: Politoed|Hydro Pump|p2a: Tyranitar
|-supereffective|p2a: Tyranitar
|-damage|p2a: Tyranitar|36/404
|move|p2a: Tyranitar|Rock Slide|p1a: Politoed
|-damage|p1a: Politoed|10/384
|
|-weather|Sandstorm|[upkeep]
|-damage|p1a: Politoed|0 fnt|[from] sandstorm
|faint|p1a: Politoed
|
|switch|p1a: Vaporeon|Vaporeon, F, shiny|464/464
|-damage|p1a: Vaporeon|406/464|[from] Stealth Rock
|turn|22
|
|move|p1a: Vaporeon|Scald|p2a: Tyranitar
|-supereffective|p2a: Tyranitar
|-damage|p2a: Tyranitar|0 fnt
|faint|p2a: Tyranitar
|
|-weather|Sandstorm|[upkeep]
|-damage|p1a: Vaporeon|377/464|[from] sandstorm
|-heal|p1a: Vaporeon|406/464|[from] item: Leftovers
|
|switch|p2a: Jirachi|Jirachi|331/404
|turn|23
|
|move|p2a: Jirachi|Body Slam|p1a: Vaporeon
|-damage|p1a: Vaporeon|341/464
|move|p1a: Vaporeon|Scald|p2a: Jirachi
|-damage|p2a: Jirachi|252/404
|
|-weather|Sandstorm|[upkeep]
|-damage|p1a: Vaporeon|312/464|[from] sandstorm
|-heal|p2a: Jirachi|277/404|[from] item: Leftovers
|-heal|p1a: Vaporeon|341/464|[from] item: Leftovers
|turn|24
|
|move|p2a: Jirachi|Body Slam|p1a: Vaporeon
|-damage|p1a: Vaporeon|275/464
|-status|p1a: Vaporeon|par
|move|p1a: Vaporeon|Scald|p2a: Jirachi
|-damage|p2a: Jirachi|205/404
|
|-weather|Sandstorm|[upkeep]
|-damage|p1a: Vaporeon|246/464 par|[from] sandstorm
|-heal|p2a: Jirachi|230/404|[from] item: Leftovers
|-heal|p1a: Vaporeon|275/464 par|[from] item: Leftovers
|turn|25
|
|move|p2a: Jirachi|Iron Head|p1a: Vaporeon
|-resisted|p1a: Vaporeon
|-damage|p1a: Vaporeon|228/464 par
|cant|p1a: Vaporeon|par
|
|-weather|Sandstorm|[upkeep]
|-damage|p1a: Vaporeon|199/464 par|[from] sandstorm
|-heal|p2a: Jirachi|255/404|[from] item: Leftovers
|-heal|p1a: Vaporeon|228/464 par|[from] item: Leftovers
|turn|26
|
|move|p2a: Jirachi|Iron Head|p1a: Vaporeon
|-resisted|p1a: Vaporeon
|-damage|p1a: Vaporeon|180/464 par
|cant|p1a: Vaporeon|flinch
|
|-weather|Sandstorm|[upkeep]
|-damage|p1a: Vaporeon|151/464 par|[from] sandstorm
|-heal|p2a: Jirachi|280/404|[from] item: Leftovers
|-heal|p1a: Vaporeon|180/464 par|[from] item: Leftovers
|turn|27
|
|move|p2a: Jirachi|Body Slam|p1a: Vaporeon
|-damage|p1a: Vaporeon|111/464 par
|move|p1a: Vaporeon|Rest|p1a: Vaporeon
|-status|p1a: Vaporeon|slp
|-heal|p1a: Vaporeon|464/464 slp|[silent]
|-status|p1a: Vaporeon|slp|[from] move: Rest
|
|-weather|Sandstorm|[upkeep]
|-damage|p1a: Vaporeon|435/464 slp|[from] sandstorm
|-heal|p2a: Jirachi|305/404|[from] item: Leftovers
|-heal|p1a: Vaporeon|464/464 slp|[from] item: Leftovers
|turn|28
|
|move|p2a: Jirachi|Wish|p2a: Jirachi
|cant|p1a: Vaporeon|slp
|
|-weather|Sandstorm|[upkeep]
|-damage|p1a: Vaporeon|435/464 slp|[from] sandstorm
|-heal|p2a: Jirachi|330/404|[from] item: Leftovers
|-heal|p1a: Vaporeon|464/464 slp|[from] item: Leftovers
|turn|29
|
|switch|p2a: Forretress|Forretress, F|354/354
|cant|p1a: Vaporeon|slp
|
|-weather|Sandstorm|[upkeep]
|-damage|p1a: Vaporeon|435/464 slp|[from] sandstorm
|-heal|p1a: Vaporeon|464/464 slp|[from] item: Leftovers
|turn|30
|
|-curestatus|p1a: Vaporeon|slp
|move|p1a: Vaporeon|Scald|p2a: Forretress
|-damage|p2a: Forretress|207/354
|move|p2a: Forretress|Volt Switch|p1a: Vaporeon
|-supereffective|p1a: Vaporeon
|-damage|p1a: Vaporeon|394/464
|
|switch|p2a: Jirachi|Jirachi|330/404
|
|-weather|Sandstorm|[upkeep]
|-damage|p1a: Vaporeon|365/464|[from] sandstorm
|-heal|p2a: Jirachi|355/404|[from] item: Leftovers
|-heal|p1a: Vaporeon|394/464|[from] item: Leftovers
|turn|31
|
|move|p2a: Jirachi|Body Slam|p1a: Vaporeon
|-damage|p1a: Vaporeon|330/464
|-status|p1a: Vaporeon|par
|move|p1a: Vaporeon|Scald|p2a: Jirachi
|-damage|p2a: Jirachi|282/404
|-status|p2a: Jirachi|brn
|
|-weather|Sandstorm|[upkeep]
|-damage|p1a: Vaporeon|301/464 par|[from] sandstorm
|-heal|p2a: Jirachi|307/404 brn|[from] item: Leftovers
|-heal|p1a: Vaporeon|330/464 par|[from] item: Leftovers
|-damage|p2a: Jirachi|257/404 brn|[from] brn
|turn|32
|
|move|p2a: Jirachi|Wish|p2a: Jirachi
|move|p1a: Vaporeon|Scald|p2a: Jirachi
|-damage|p2a: Jirachi|187/404 brn
|
|-weather|Sandstorm|[upkeep]
|-damage|p1a: Vaporeon|301/464 par|[from] sandstorm
|-heal|p2a: Jirachi|212/404 brn|[from] item: Leftovers
|-heal|p1a: Vaporeon|330/464 par|[from] item: Leftovers
|-damage|p2a: Jirachi|162/404 brn|[from] brn
|turn|33
|
|move|p2a: Jirachi|Iron Head|p1a: Vaporeon
|-resisted|p1a: Vaporeon
|-damage|p1a: Vaporeon|306/464 par
|cant|p1a: Vaporeon|flinch
|
|-weather|Sandstorm|[upkeep]
|-damage|p1a: Vaporeon|277/464 par|[from] sandstorm
|-heal|p2a: Jirachi|364/404 brn|[from] move: Wish|[wisher] Jirachi
|-heal|p2a: Jirachi|389/404 brn|[from] item: Leftovers
|-heal|p1a: Vaporeon|306/464 par|[from] item: Leftovers
|-damage|p2a: Jirachi|339/404 brn|[from] brn
|turn|34
|
|move|p2a: Jirachi|Wish|p2a: Jirachi
|move|p1a: Vaporeon|Scald|p2a: Jirachi
|-damage|p2a: Jirachi|264/404 brn
|
|-weather|Sandstorm|[upkeep]
|-damage|p1a: Vaporeon|277/464 par|[from] sandstorm
|-heal|p2a: Jirachi|289/404 brn|[from] item: Leftovers
|-heal|p1a: Vaporeon|306/464 par|[from] item: Leftovers
|-damage|p2a: Jirachi|239/404 brn|[from] brn
|turn|35
|
|switch|p2a: Gliscor|Gliscor, M|219/292
|move|p1a: Vaporeon|Rest|p1a: Vaporeon
|-status|p1a: Vaporeon|slp
|-heal|p1a: Vaporeon|464/464 slp|[silent]
|-status|p1a: Vaporeon|slp|[from] move: Rest
|
|-weather|Sandstorm|[upkeep]
|-damage|p1a: Vaporeon|435/464 slp|[from] sandstorm
|-heal|p2a: Gliscor|292/292|[from] move: Wish|[wisher] Jirachi
|-heal|p1a: Vaporeon|464/464 slp|[from] item: Leftovers
|turn|36
|
|move|p2a: Gliscor|Substitute|p2a: Gliscor
|-start|p2a: Gliscor|Substitute
|-damage|p2a: Gliscor|219/292
|cant|p1a: Vaporeon|slp
|
|-weather|Sandstorm|[upkeep]
|-damage|p1a: Vaporeon|435/464 slp|[from] sandstorm
|-heal|p1a: Vaporeon|464/464 slp|[from] item: Leftovers
|turn|37
|
|move|p2a: Gliscor|Swords Dance|p2a: Gliscor
|-boost|p2a: Gliscor|atk|2
|cant|p1a: Vaporeon|slp
|
|-weather|Sandstorm|[upkeep]
|-damage|p1a: Vaporeon|435/464 slp|[from] sandstorm
|-heal|p1a: Vaporeon|464/464 slp|[from] item: Leftovers
|turn|38
|
|move|p2a: Gliscor|Acrobatics|p1a: Vaporeon
|-damage|p1a: Vaporeon|143/464 slp
|-curestatus|p1a: Vaporeon|slp
|move|p1a: Vaporeon|Roar|p2a: Gliscor
|drag|p2a: Jirachi|Jirachi|239/404 brn
|
|-weather|Sandstorm|[upkeep]
|-damage|p1a: Vaporeon|114/464|[from] sandstorm
|-heal|p2a: Jirachi|264/404 brn|[from] item: Leftovers
|-heal|p1a: Vaporeon|143/464|[from] item: Leftovers
|-damage|p2a: Jirachi|214/404 brn|[from] brn
|turn|39
|
|move|p2a: Jirachi|Body Slam|p1a: Vaporeon
|-damage|p1a: Vaporeon|110/464
|move|p1a: Vaporeon|Rest|p1a: Vaporeon
|-status|p1a: Vaporeon|slp
|-heal|p1a: Vaporeon|464/464 slp|[silent]
|-status|p1a: Vaporeon|slp|[from] move: Rest
|
|-weather|Sandstorm|[upkeep]
|-damage|p1a: Vaporeon|435/464 slp|[from] sandstorm
|-heal|p2a: Jirachi|239/404 brn|[from] item: Leftovers
|-heal|p1a: Vaporeon|464/464 slp|[from] item: Leftovers
|-damage|p2a: Jirachi|189/404 brn|[from] brn
|turn|40
|
|move|p2a: Jirachi|Wish|p2a: Jirachi
|cant|p1a: Vaporeon|slp
|
|-weather|Sandstorm|[upkeep]
|-damage|p1a: Vaporeon|435/464 slp|[from] sandstorm
|-heal|p2a: Jirachi|214/404 brn|[from] item: Leftovers
|-heal|p1a: Vaporeon|464/464 slp|[from] item: Leftovers
|-damage|p2a: Jirachi|164/404 brn|[from] brn
|turn|41
|
|move|p2a: Jirachi|Body Slam|p1a: Vaporeon
|-damage|p1a: Vaporeon|430/464 slp
|cant|p1a: Vaporeon|slp
|
|-weather|Sandstorm|[upkeep]
|-damage|p1a: Vaporeon|401/464 slp|[from] sandstorm
|-heal|p2a: Jirachi|366/404 brn|[from] move: Wish|[wisher] Jirachi
|-heal|p2a: Jirachi|391/404 brn|[from] item: Leftovers
|-heal|p1a: Vaporeon|430/464 slp|[from] item: Leftovers
|-damage|p2a: Jirachi|341/404 brn|[from] brn
|turn|42
|
|move|p2a: Jirachi|Wish|p2a: Jirachi
|-curestatus|p1a: Vaporeon|slp
|move|p1a: Vaporeon|Scald|p2a: Jirachi
|-damage|p2a: Jirachi|262/404 brn
|
|-weather|Sandstorm|[upkeep]
|-damage|p1a: Vaporeon|401/464|[from] sandstorm
|-heal|p2a: Jirachi|287/404 brn|[from] item: Leftovers
|-heal|p1a: Vaporeon|430/464|[from] item: Leftovers
|-damage|p2a: Jirachi|237/404 brn|[from] brn
|turn|43
|
|move|p2a: Jirachi|Body Slam|p1a: Vaporeon
|-damage|p1a: Vaporeon|396/464
|-status|p1a: Vaporeon|par
|move|p1a: Vaporeon|Scald|p2a: Jirachi
|-damage|p2a: Jirachi|156/404 brn
|
|-weather|Sandstorm|[upkeep]
|-damage|p1a: Vaporeon|367/464 par|[from] sandstorm
|-heal|p2a: Jirachi|358/404 brn|[from] move: Wish|[wisher] Jirachi
|-heal|p2a: Jirachi|383/404 brn|[from] item: Leftovers
|-heal|p1a: Vaporeon|396/464 par|[from] item: Leftovers
|-damage|p2a: Jirachi|333/404 brn|[from] brn
|turn|44
|
|switch|p1a: Thundurus-Therian|Thundurus-Therian, M|282/300
|-damage|p1a: Thundurus-Therian|207/300|[from] Stealth Rock
|move|p2a: Jirachi|Wish|p2a: Jirachi
|
|-weather|Sandstorm|[upkeep]
|-damage|p1a: Thundurus-Therian|189/300|[from] sandstorm
|-heal|p2a: Jirachi|358/404 brn|[from] item: Leftovers
|-damage|p2a: Jirachi|308/404 brn|[from] brn
|turn|45
|
|move|p1a: Thundurus-Therian|Hidden Power|p2a: Jirachi
|-resisted|p2a: Jirachi
|-damage|p2a: Jirachi|275/404 brn
|move|p2a: Jirachi|Body Slam|p1a: Thundurus-Therian
|-damage|p1a: Thundurus-Therian|146/300
|-status|p1a: Thundurus-Therian|par
|
|-weather|Sandstorm|[upkeep]
|-damage|p1a: Thundurus-Therian|128/300 par|[from] sandstorm
|-heal|p2a: Jirachi|404/404 brn|[from] move: Wish|[wisher] Jirachi
|-damage|p2a: Jirachi|354/404 brn|[from] brn
|turn|46
|-message|16kims1 forfeited.
|
|win|Pedro-P
|raw|Ladder updating...
|leave|16kims1
|player|p1
|raw|16kims1's rating: 1460 &rarr; <strong>1436</strong><br />(-24 for losing)
|raw|Pedro-P's rating: 1383 &rarr; <strong>1407</strong><br />(+24 for winning)