|j|☆testaccount5ou
|j|☆Candid pictures
|player|p1|testaccount5ou|102|1256
|player|p2|Candid pictures|265|1468
|teamsize|p1|6
|teamsize|p2|6
|gametype|singles
|gen|5
|tier|[Gen 5] OU
|rated|
|clearpoke
|poke|p1|Garchomp, F|item
|poke|p1|Alakazam, F|item
|poke|p1|Jellicent, F|item
|poke|p1|Scizor, F|item
|poke|p1|Tyranitar, F|item
|poke|p1|Eelektross, M|item
|poke|p2|Mamoswine, M|item
|poke|p2|Politoed, M|item
|poke|p2|Tornadus, M|item
|poke|p2|Tentacruel, F|item
|poke|p2|Latios, M|item
|poke|p2|Ferrothorn, F|item
|rule|Species Clause: Limit one of each Pokémon
|rule|OHKO Clause: OHKO moves are banned
|rule|Moody Clause: Moody is banned
|rule|Evasion Moves Clause: Evasion moves are banned
|rule|Endless Battle Clause: Forcing endless battles is banned
|rule|HP Percentage Mod: HP is shown in percentages
|rule|Evasion Abilities Clause: Evasion abilities are banned
|rule|Baton Pass Clause: Limit one Baton Passer, can't pass Spe and other stats simultaneously
|rule|Sleep Clause: Sleep-inducing moves are banned
|rule|Swagger Clause: Swagger is banned
|teampreview
|inactive|Battle timer is ON: inactive players will automatically lose when time's up. (requested by Candid pictures)
|
|start
|switch|p1a: Eelektross|Eelektross, M|100/100
|switch|p2a: Politoed|Politoed, M|100/100
|-weather|RainDance|[from] ability: Drizzle|[of] p2a: Politoed
|turn|1
|
|switch|p2a: Ferrothorn|Ferrothorn, F|100/100
|move|p1a: Eelektross|Flamethrower|p2a: Ferrothorn
|-supereffective|p2a: Ferrothorn
|-damage|p2a: Ferrothorn|52/100
|
|-weather|RainDance|[upkeep]
|upkeep
|turn|2
|
|move|p1a: Eelektross|Flamethrower|p2a: Ferrothorn
|-supereffective|p2a: Ferrothorn
|-damage|p2a: Ferrothorn|3/100
|move|p2a: Ferrothorn|Stealth Rock|p1a: Eelektross
|-sidestart|p1: testaccount5ou|move: Stealth Rock
|
|-weather|RainDance|[upkeep]
|upkeep
|turn|3
|
|switch|p2a: Latios|Latios, M|100/100
|move|p1a: Eelektross|Giga Drain|p2a: Latios
|-resisted|p2a: Latios
|-damage|p2a: Latios|89/100
|
|-weather|RainDance|[upkeep]
|upkeep
|turn|4
|
|switch|p1a: Tyranitar|Tyranitar, F|100/100
|-damage|p1a: Tyranitar|88/100|[from] Stealth Rock
|-weather|Sandstorm|[from] ability: Sand Stream|[of] p1a: Tyranitar
|move|p2a: Latios|Surf|p1a: Tyranitar
|-supereffective|p1a: Tyranitar
|-damage|p1a: Tyranitar|61/100
|
|-weather|Sandstorm|[upkeep]
|-damage|p2a: Latios|83/100|[from] Sandstorm
|-heal|p1a: Tyranitar|67/100|[from] item: Leftovers
|upkeep
|turn|5
|j| KOUWOZ
|
|-activate|p2a: Latios|move: Pursuit
|move|p1a: Tyranitar|Pursuit|p2a: Latios|[from]Pursuit
|-supereffective|p2a: Latios
|-damage|p2a: Latios|0 fnt
|-hint|A Pokemon can't switch between when it runs out of HP and when it faints
|faint|p2a: Latios
|
|-weather|Sandstorm|[upkeep]
|-heal|p1a: Tyranitar|73/100|[from] item: Leftovers
|upkeep
|
|switch|p2a: Mamoswine|Mamoswine, M|100/100
|turn|6
|inactive|testaccount5ou has 120 seconds left.
|
|switch|p1a: Scizor|Scizor, F|100/100
|-damage|p1a: Scizor|88/100|[from] Stealth Rock
|move|p2a: Mamoswine|Earthquake|p1a: Scizor
|-damage|p1a: Scizor|9/100
|
|-weather|Sandstorm|[upkeep]
|upkeep
|turn|7
|inactive|testaccount5ou has 120 seconds left.
|
|switch|p2a: Ferrothorn|Ferrothorn, F|3/100
|move|p1a: Scizor|Bullet Punch|p2a: Ferrothorn
|-resisted|p2a: Ferrothorn
|-damage|p2a: Ferrothorn|0 fnt
|-damage|p1a: Scizor|0 fnt|[from] ability: Iron Barbs|[of] p2a: Ferrothorn
|faint|p1a: Scizor
|faint|p2a: Ferrothorn
|
|-weather|Sandstorm|[upkeep]
|upkeep
|inactive|testaccount5ou has 120 seconds left.
|
|switch|p1a: Tyranitar|Tyranitar, F|73/100
|switch|p2a: Politoed|Politoed, M|100/100
|-weather|RainDance|[from] ability: Drizzle|[of] p2a: Politoed
|-damage|p1a: Tyranitar|61/100|[from] Stealth Rock
|-weather|Sandstorm|[from] ability: Sand Stream|[of] p1a: Tyranitar
|turn|8
|inactive|testaccount5ou has 120 seconds left.
|
|switch|p1a: Jellicent|Jellicent, F|100/100
|-damage|p1a: Jellicent|88/100|[from] Stealth Rock
|move|p2a: Politoed|Scald|p1a: Jellicent
|-heal|p1a: Jellicent|100/100|[from] ability: Water Absorb|[of] p2a: Politoed
|
|-weather|Sandstorm|[upkeep]
|-damage|p1a: Jellicent|94/100|[from] Sandstorm
|-damage|p2a: Politoed|94/100|[from] Sandstorm
|-heal|p2a: Politoed|100/100|[from] item: Leftovers
|upkeep
|turn|9
|
|move|p1a: Jellicent|Water Spout|p2a: Politoed
|-resisted|p2a: Politoed
|-damage|p2a: Politoed|58/100
|move|p2a: Politoed|Toxic|p1a: Jellicent|[miss]
|-miss|p2a: Politoed|p1a: Jellicent
|
|-weather|Sandstorm|[upkeep]
|-damage|p1a: Jellicent|88/100|[from] Sandstorm
|-damage|p2a: Politoed|51/100|[from] Sandstorm
|-heal|p2a: Politoed|58/100|[from] item: Leftovers
|upkeep
|turn|10
|
|switch|p1a: Eelektross|Eelektross, M|100/100
|-damage|p1a: Eelektross|88/100|[from] Stealth Rock
|move|p2a: Politoed|Protect||[still]
|-fail|p2a: Politoed
|
|-weather|Sandstorm|[upkeep]
|-damage|p2a: Politoed|51/100|[from] Sandstorm
|-damage|p1a: Eelektross|82/100|[from] Sandstorm
|-heal|p2a: Politoed|58/100|[from] item: Leftovers
|-heal|p1a: Eelektross|88/100|[from] item: Leftovers
|upkeep
|turn|11
|
|move|p2a: Politoed|Protect|p2a: Politoed
|-singleturn|p2a: Politoed|Protect
|move|p1a: Eelektross|Thunderbolt|p2a: Politoed
|-activate|p2a: Politoed|move: Protect
|
|-weather|Sandstorm|[upkeep]
|-damage|p2a: Politoed|51/100|[from] Sandstorm
|-damage|p1a: Eelektross|82/100|[from] Sandstorm
|-heal|p2a: Politoed|58/100|[from] item: Leftovers
|-heal|p1a: Eelektross|88/100|[from] item: Leftovers
|upkeep
|turn|12
|
|switch|p2a: Tentacruel|Tentacruel, F|100/100
|move|p1a: Eelektross|Thunderbolt|p2a: Tentacruel
|-supereffective|p2a: Tentacruel
|-damage|p2a: Tentacruel|31/100
|
|-weather|Sandstorm|[upkeep]
|-damage|p2a: Tentacruel|24/100|[from] Sandstorm
|-damage|p1a: Eelektross|82/100|[from] Sandstorm
|-heal|p2a: Tentacruel|31/100|[from] item: Black Sludge
|-heal|p1a: Eelektross|88/100|[from] item: Leftovers
|upkeep
|turn|13
|
|move|p2a: Tentacruel|Scald|p1a: Eelektross
|-crit|p1a: Eelektross
|-damage|p1a: Eelektross|36/100
|-status|p1a: Eelektross|brn
|move|p1a: Eelektross|Thunderbolt|p2a: Tentacruel
|-supereffective|p2a: Tentacruel
|-damage|p2a: Tentacruel|0 fnt
|faint|p2a: Tentacruel
|
|-weather|Sandstorm|[upkeep]
|-damage|p1a: Eelektross|30/100 brn|[from] Sandstorm
|-heal|p1a: Eelektross|36/100 brn|[from] item: Leftovers
|-damage|p1a: Eelektross|24/100 brn|[from] brn
|upkeep
|
|switch|p2a: Politoed|Politoed, M|58/100
|-weather|RainDance|[from] ability: Drizzle|[of] p2a: Politoed
|turn|14
|
|switch|p1a: Jellicent|Jellicent, F|88/100
|-damage|p1a: Jellicent|75/100|[from] Stealth Rock
|move|p2a: Politoed|Scald|p1a: Jellicent
|-heal|p1a: Jellicent|100/100|[from] ability: Water Absorb|[of] p2a: Politoed
|
|-weather|RainDance|[upkeep]
|-heal|p2a: Politoed|64/100|[from] item: Leftovers
|upkeep
|turn|15
|
|move|p2a: Politoed|Protect|p2a: Politoed
|-singleturn|p2a: Politoed|Protect
|move|p1a: Jellicent|Water Spout|p2a: Politoed
|-activate|p2a: Politoed|move: Protect
|
|-weather|RainDance|[upkeep]
|-heal|p2a: Politoed|70/100|[from] item: Leftovers
|upkeep
|turn|16
|
|move|p1a: Jellicent|Water Spout|p2a: Politoed
|-resisted|p2a: Politoed
|-damage|p2a: Politoed|10/100
|move|p2a: Politoed|Toxic|p1a: Jellicent
|-status|p1a: Jellicent|tox
|
|-weather|RainDance|[upkeep]
|-heal|p2a: Politoed|16/100|[from] item: Leftovers
|-damage|p1a: Jellicent|94/100 tox|[from] psn
|upkeep
|turn|17
|
|move|p2a: Politoed|Protect|p2a: Politoed
|-singleturn|p2a: Politoed|Protect
|move|p1a: Jellicent|Water Spout|p2a: Politoed
|-activate|p2a: Politoed|move: Protect
|
|-weather|RainDance|[upkeep]
|-heal|p2a: Politoed|23/100|[from] item: Leftovers
|-damage|p1a: Jellicent|82/100 tox|[from] psn
|upkeep
|turn|18
|inactive|testaccount5ou has 120 seconds left.
|
|move|p2a: Politoed|Protect||[still]
|-fail|p2a: Politoed
|move|p1a: Jellicent|Water Spout|p2a: Politoed
|-resisted|p2a: Politoed
|-damage|p2a: Politoed|0 fnt
|faint|p2a: Politoed
|
|-weather|RainDance|[upkeep]
|-damage|p1a: Jellicent|63/100 tox|[from] psn
|upkeep
|
|switch|p2a: Tornadus|Tornadus, M|100/100
|turn|19
|inactive|testaccount5ou has 120 seconds left.
|
|switch|p1a: Eelektross|Eelektross, M|24/100 brn
|-damage|p1a: Eelektross|11/100 brn|[from] Stealth Rock
|move|p2a: Tornadus|Hurricane|p1a: Eelektross
|-resisted|p1a: Eelektross
|-crit|p1a: Eelektross
|-damage|p1a: Eelektross|0 fnt
|faint|p1a: Eelektross
|
|-weather|RainDance|[upkeep]
|upkeep
|inactive|testaccount5ou has 120 seconds left.
|inactive|testaccount5ou has 90 seconds left.
|
|switch|p1a: Garchomp|Garchomp, F|100/100
|-damage|p1a: Garchomp|94/100|[from] Stealth Rock
|turn|20
|
|switch|p1a: Tyranitar|Tyranitar, F|61/100
|-damage|p1a: Tyranitar|49/100|[from] Stealth Rock
|-weather|Sandstorm|[from] ability: Sand Stream|[of] p1a: Tyranitar
|move|p2a: Tornadus|Tailwind|p2a: Tornadus
|-sidestart|p2: Candid pictures|move: Tailwind
|
|-weather|Sandstorm|[upkeep]
|-damage|p2a: Tornadus|94/100|[from] Sandstorm
|-heal|p1a: Tyranitar|55/100|[from] item: Leftovers
|upkeep
|turn|21
|inactive|testaccount5ou has 90 seconds left.
|
|move|p2a: Tornadus|U-turn|p1a: Tyranitar
|-supereffective|p1a: Tyranitar
|-damage|p1a: Tyranitar|29/100
|
|switch|p2a: Mamoswine|Mamoswine, M|100/100|[from]move: U-turn
|move|p1a: Tyranitar|Crunch|p2a: Mamoswine
|-damage|p2a: Mamoswine|60/100
|
|-weather|Sandstorm|[upkeep]
|-heal|p1a: Tyranitar|35/100|[from] item: Leftovers
|upkeep
|turn|22
|inactive|testaccount5ou has 90 seconds left.
|
|move|p2a: Mamoswine|Earthquake|p1a: Tyranitar
|-supereffective|p1a: Tyranitar
|-damage|p1a: Tyranitar|0 fnt
|faint|p1a: Tyranitar
|
|-weather|Sandstorm|[upkeep]
|upkeep
|
|switch|p1a: Jellicent|Jellicent, F|63/100 tox
|-damage|p1a: Jellicent|50/100 tox|[from] Stealth Rock
|turn|23
|
|move|p2a: Mamoswine|Earthquake|p1a: Jellicent
|-damage|p1a: Jellicent|0 fnt
|faint|p1a: Jellicent
|
|-weather|Sandstorm|[upkeep]
|-sideend|p2: Candid pictures|move: Tailwind
|upkeep
|
|switch|p1a: Alakazam|Alakazam, F|100/100
|turn|24
|inactive|testaccount5ou has 90 seconds left.
|
|switch|p2a: Tornadus|Tornadus, M|94/100
|move|p1a: Alakazam|Hidden Power|p2a: Tornadus
|-supereffective|p2a: Tornadus
|-damage|p2a: Tornadus|0 fnt
|faint|p2a: Tornadus
|
|-weather|Sandstorm|[upkeep]
|upkeep
|
|switch|p2a: Mamoswine|Mamoswine, M|60/100
|turn|25
|
|move|p2a: Mamoswine|Ice Shard|p1a: Alakazam
|-damage|p1a: Alakazam|16/100
|move|p1a: Alakazam|Focus Blast|p2a: Mamoswine
|-supereffective|p2a: Mamoswine
|-damage|p2a: Mamoswine|0 fnt
|faint|p2a: Mamoswine
|
|win|testaccount5ou
|raw|testaccount5ou's rating: 1256 &rarr; <strong>1295</strong><br />(+39 for winning)
|raw|Candid pictures's rating: 1480 &rarr; <strong>1448</strong><br />(-32 for losing)
|c|☆testaccount5ou|gg
|c|☆Candid pictures|Nice luck
|c|☆Candid pictures|“gg”
|l| KOUWOZ
|c|☆testaccount5ou|lol had to guess what you were doing
