|j|☆TheFireWithin100
|j|☆baixiaohen
|t:|1739892959
|gametype|singles
|player|p1|TheFireWithin100|266|1308
|player|p2|baixiaohen|steven|1353
|teamsize|p1|6
|teamsize|p2|6
|gen|5
|tier|[Gen 5] OU
|rated|
|rule|Species Clause: Limit one of each Pokémon
|rule|OHKO Clause: OHKO moves are banned
|rule|Moody Clause: Moody is banned
|rule|Evasion Items Clause: Evasion items are banned
|rule|Evasion Moves Clause: Evasion moves are banned
|rule|Endless Battle Clause: Forcing endless battles is banned
|rule|HP Percentage Mod: HP is shown in percentages
|rule|Evasion Abilities Clause: Evasion abilities are banned
|rule|Sleep Moves Clause: Sleep-inducing moves are banned
|rule|Swagger Clause: Swagger is banned
|rule|Baton Pass Stat Clause: No Baton Passer may have a way to boost its stats
|clearpoke
|poke|p1|Rampardos, M|item
|poke|p1|Empoleon, M|item
|poke|p1|Gastrodon, F|item
|poke|p1|Rotom-Mow|item
|poke|p1|Excadrill, M|item
|poke|p1|Infernape, M|item
|poke|p2|Infernape, M|item
|poke|p2|Dragonite, M|item
|poke|p2|Toxicroak, M|item
|poke|p2|Starmie|item
|poke|p2|Gliscor, F|item
|poke|p2|Scizor, F|item
|teampreview
|
|t:|1739892983
|start
|switch|p1a: Empoleon|Empoleon, M|100/100
|switch|p2a: Gliscor|Gliscor, F|100/100
|turn|1
|
|t:|1739892999
|switch|p1a: Rotom|Rotom-Mow|100/100
|move|p2a: Gliscor|Protect||[still]
|-fail|p2a: Gliscor
|
|-status|p2a: Gliscor|tox|[from] item: Toxic Orb
|upkeep
|turn|2
|
|t:|1739893010
|move|p2a: Gliscor|Protect|p2a: Gliscor
|-singleturn|p2a: Gliscor|Protect
|move|p1a: Rotom|Hidden Power|p2a: Gliscor
|-activate|p2a: Gliscor|move: Protect
|
|upkeep
|turn|3
|
|t:|1739893026
|move|p1a: Rotom|Volt Switch|p2a: Gliscor
|-immune|p2a: Gliscor
|move|p2a: Gliscor|Stealth Rock|p1a: Rotom
|-sidestart|p1: TheFireWithin100|move: Stealth Rock
|
|upkeep
|turn|4
|j| Hauntaholics
|
|t:|1739893038
|move|p2a: Gliscor|Protect|p2a: Gliscor
|-singleturn|p2a: Gliscor|Protect
|move|p1a: Rotom|Volt Switch|p2a: Gliscor
|-immune|p2a: Gliscor
|
|upkeep
|turn|5
|
|t:|1739893045
|move|p1a: Rotom|Hidden Power|p2a: Gliscor
|-supereffective|p2a: Gliscor
|-damage|p2a: Gliscor|16/100 tox
|move|p2a: Gliscor|Knock Off|p1a: Rotom
|-damage|p1a: Rotom|94/100
|-enditem|p1a: Rotom|Leftovers|[from] move: Knock Off|[of] p2a: Gliscor
|
|-heal|p2a: Gliscor|29/100 tox|[from] ability: Poison Heal
|upkeep
|turn|6
|j| Amphi N enjoyer
|
|t:|1739893071
|move|p2a: Gliscor|Protect|p2a: Gliscor
|-singleturn|p2a: Gliscor|Protect
|move|p1a: Rotom|Hidden Power|p2a: Gliscor
|-activate|p2a: Gliscor|move: Protect
|
|-heal|p2a: Gliscor|41/100 tox|[from] ability: Poison Heal
|upkeep
|turn|7
|
|t:|1739893085
|switch|p2a: Toxicroak|Toxicroak, M|100/100
|move|p1a: Rotom|Volt Switch|p2a: Toxicroak
|-damage|p2a: Toxicroak|56/100
|
|t:|1739893116
|switch|p1a: Infernape|Infernape, M|100/100|[from] Volt Switch
|-damage|p1a: Infernape|88/100|[from] Stealth Rock
|
|upkeep
|turn|8
|
|t:|1739893130
|switch|p2a: Starmie|Starmie|100/100
|move|p1a: Infernape|Fire Blast|p2a: Starmie
|-resisted|p2a: Starmie
|-damage|p2a: Starmie|76/100
|
|-heal|p2a: Starmie|82/100|[from] item: Leftovers
|upkeep
|turn|9
|
|t:|1739893147
|switch|p1a: Gastrodon|Gastrodon, F|100/100
|-damage|p1a: Gastrodon|94/100|[from] Stealth Rock
|move|p2a: Starmie|Scald|p1a: Gastrodon
|-ability|p1a: Gastrodon|Storm Drain|boost
|-boost|p1a: Gastrodon|spa|1
|
|-heal|p2a: Starmie|88/100|[from] item: Leftovers
|upkeep
|turn|10
|inactive|Battle timer is ON: inactive players will automatically lose when time's up. (requested by baixiaohen)
|
|t:|1739893182
|switch|p2a: Toxicroak|Toxicroak, M|56/100
|switch|p1a: Rampardos|Rampardos, M|100/100
|-damage|p1a: Rampardos|88/100|[from] Stealth Rock
|-ability|p1a: Rampardos|Mold Breaker
|
|upkeep
|turn|11
|
|t:|1739893202
|move|p1a: Rampardos|Earthquake|p2a: Toxicroak
|-supereffective|p2a: Toxicroak
|-damage|p2a: Toxicroak|0 fnt
|faint|p2a: Toxicroak
|
|upkeep
|
|t:|1739893219
|switch|p2a: Infernape|Infernape, M|100/100
|turn|12
|
|t:|1739893228
|move|p1a: Rampardos|Earthquake|p2a: Infernape
|-supereffective|p2a: Infernape
|-damage|p2a: Infernape|0 fnt
|faint|p2a: Infernape
|
|upkeep
|
|t:|1739893231
|switch|p2a: Gliscor|Gliscor, F|41/100 tox
|turn|13
|
|t:|1739893240
|switch|p1a: Rotom|Rotom-Mow|94/100
|-damage|p1a: Rotom|81/100|[from] Stealth Rock
|move|p2a: Gliscor|Knock Off|p1a: Rotom
|-damage|p1a: Rotom|76/100
|
|-heal|p2a: Gliscor|54/100 tox|[from] ability: Poison Heal
|upkeep
|turn|14
|
|t:|1739893252
|move|p2a: Gliscor|Protect|p2a: Gliscor
|-singleturn|p2a: Gliscor|Protect
|move|p1a: Rotom|Hidden Power|p2a: Gliscor
|-activate|p2a: Gliscor|move: Protect
|
|-heal|p2a: Gliscor|66/100 tox|[from] ability: Poison Heal
|upkeep
|turn|15
|
|t:|1739893260
|move|p1a: Rotom|Volt Switch|p2a: Gliscor
|-immune|p2a: Gliscor
|move|p2a: Gliscor|Knock Off|p1a: Rotom
|-damage|p1a: Rotom|69/100
|
|-heal|p2a: Gliscor|79/100 tox|[from] ability: Poison Heal
|upkeep
|turn|16
|
|t:|1739893274
|move|p2a: Gliscor|Protect|p2a: Gliscor
|-singleturn|p2a: Gliscor|Protect
|move|p1a: Rotom|Volt Switch|p2a: Gliscor
|-immune|p2a: Gliscor
|
|-heal|p2a: Gliscor|91/100 tox|[from] ability: Poison Heal
|upkeep
|turn|17
|
|t:|1739893282
|switch|p2a: Starmie|Starmie|88/100
|move|p1a: Rotom|Hidden Power|p2a: Starmie
|-resisted|p2a: Starmie
|-damage|p2a: Starmie|75/100
|
|-heal|p2a: Starmie|82/100|[from] item: Leftovers
|upkeep
|turn|18
|
|t:|1739893293
|switch|p2a: Gliscor|Gliscor, F|91/100 tox
|move|p1a: Rotom|Thunder Wave|p2a: Gliscor
|-immune|p2a: Gliscor
|
|-heal|p2a: Gliscor|100/100 tox|[from] ability: Poison Heal
|upkeep
|turn|19
|
|t:|1739893302
|switch|p2a: Starmie|Starmie|82/100
|move|p1a: Rotom|Hidden Power|p2a: Starmie
|-resisted|p2a: Starmie
|-damage|p2a: Starmie|68/100
|
|-heal|p2a: Starmie|74/100|[from] item: Leftovers
|upkeep
|turn|20
|
|t:|1739893313
|switch|p2a: Gliscor|Gliscor, F|100/100 tox
|move|p1a: Rotom|Thunder Wave|p2a: Gliscor
|-immune|p2a: Gliscor
|
|upkeep
|turn|21
|
|t:|1739893321
|switch|p2a: Scizor|Scizor, F|100/100
|move|p1a: Rotom|Volt Switch|p2a: Scizor
|-damage|p2a: Scizor|61/100
|
|t:|1739893330
|switch|p1a: Gastrodon|Gastrodon, F|94/100|[from] Volt Switch
|-damage|p1a: Gastrodon|88/100|[from] Stealth Rock
|
|upkeep
|turn|22
|
|t:|1739893336
|move|p2a: Scizor|U-turn|p1a: Gastrodon
|-damage|p1a: Gastrodon|47/100
|-damage|p2a: Scizor|45/100|[from] item: Rocky Helmet|[of] p1a: Gastrodon
|
|t:|1739893354
|switch|p2a: Gliscor|Gliscor, F|100/100 tox|[from] U-turn
|move|p1a: Gastrodon|Scald|p2a: Gliscor
|-supereffective|p2a: Gliscor
|-damage|p2a: Gliscor|41/100 tox
|
|-heal|p2a: Gliscor|53/100 tox|[from] ability: Poison Heal
|upkeep
|turn|23
|
|t:|1739893364
|move|p2a: Gliscor|Knock Off|p1a: Gastrodon
|-damage|p1a: Gastrodon|44/100
|-damage|p2a: Gliscor|37/100 tox|[from] item: Rocky Helmet|[of] p1a: Gastrodon
|-enditem|p1a: Gastrodon|Rocky Helmet|[from] move: Knock Off|[of] p2a: Gliscor
|move|p1a: Gastrodon|Recover|p1a: Gastrodon
|-heal|p1a: Gastrodon|94/100
|
|-heal|p2a: Gliscor|49/100 tox|[from] ability: Poison Heal
|upkeep
|turn|24
|
|t:|1739893376
|move|p2a: Gliscor|Protect|p2a: Gliscor
|-singleturn|p2a: Gliscor|Protect
|move|p1a: Gastrodon|Scald|p2a: Gliscor
|-activate|p2a: Gliscor|move: Protect
|
|-heal|p2a: Gliscor|62/100 tox|[from] ability: Poison Heal
|upkeep
|turn|25
|
|t:|1739893389
|switch|p2a: Starmie|Starmie|74/100
|move|p1a: Gastrodon|Ice Beam|p2a: Starmie
|-resisted|p2a: Starmie
|-damage|p2a: Starmie|61/100
|
|-heal|p2a: Starmie|67/100|[from] item: Leftovers
|upkeep
|turn|26
|
|t:|1739893399
|switch|p2a: Gliscor|Gliscor, F|62/100 tox
|move|p1a: Gastrodon|Toxic|p2a: Gliscor
|-fail|p2a: Gliscor|tox
|
|-heal|p2a: Gliscor|74/100 tox|[from] ability: Poison Heal
|upkeep
|turn|27
|
|t:|1739893408
|move|p2a: Gliscor|Protect|p2a: Gliscor
|-singleturn|p2a: Gliscor|Protect
|move|p1a: Gastrodon|Scald|p2a: Gliscor
|-activate|p2a: Gliscor|move: Protect
|
|-heal|p2a: Gliscor|87/100 tox|[from] ability: Poison Heal
|upkeep
|turn|28
|
|t:|1739893417
|switch|p2a: Starmie|Starmie|67/100
|move|p1a: Gastrodon|Scald|p2a: Starmie
|-resisted|p2a: Starmie
|-damage|p2a: Starmie|52/100
|-status|p2a: Starmie|brn
|
|-heal|p2a: Starmie|59/100 brn|[from] item: Leftovers
|-damage|p2a: Starmie|46/100 brn|[from] brn
|upkeep
|turn|29
|
|t:|1739893431
|move|p2a: Starmie|Recover|p2a: Starmie
|-heal|p2a: Starmie|96/100 brn
|move|p1a: Gastrodon|Ice Beam|p2a: Starmie
|-resisted|p2a: Starmie
|-damage|p2a: Starmie|83/100 brn
|
|-heal|p2a: Starmie|89/100 brn|[from] item: Leftovers
|-damage|p2a: Starmie|77/100 brn|[from] brn
|upkeep
|turn|30
|
|t:|1739893442
|-curestatus|p2a: Starmie|brn|[from] ability: Natural Cure
|switch|p2a: Gliscor|Gliscor, F|87/100 tox
|move|p1a: Gastrodon|Scald|p2a: Gliscor
|-supereffective|p2a: Gliscor
|-damage|p2a: Gliscor|37/100 tox
|
|-heal|p2a: Gliscor|49/100 tox|[from] ability: Poison Heal
|upkeep
|turn|31
|
|t:|1739893469
|move|p2a: Gliscor|Protect|p2a: Gliscor
|-singleturn|p2a: Gliscor|Protect
|move|p1a: Gastrodon|Ice Beam|p2a: Gliscor
|-activate|p2a: Gliscor|move: Protect
|
|-heal|p2a: Gliscor|62/100 tox|[from] ability: Poison Heal
|upkeep
|turn|32
|inactive|TheFireWithin100 has 120 seconds left.
|
|t:|1739893492
|switch|p2a: Starmie|Starmie|77/100
|switch|p1a: Rotom|Rotom-Mow|69/100
|-damage|p1a: Rotom|57/100|[from] Stealth Rock
|
|-heal|p2a: Starmie|83/100|[from] item: Leftovers
|upkeep
|turn|33
|inactive|TheFireWithin100 has 120 seconds left.
|
|t:|1739893505
|move|p2a: Starmie|Scald|p1a: Rotom
|-resisted|p1a: Rotom
|-damage|p1a: Rotom|38/100
|move|p1a: Rotom|Leaf Storm|p2a: Starmie
|-supereffective|p2a: Starmie
|-damage|p2a: Starmie|0 fnt
|-unboost|p1a: Rotom|spa|2
|faint|p2a: Starmie
|
|upkeep
|
|t:|1739893513
|switch|p2a: Dragonite|Dragonite, M|100/100
|turn|34
|
|t:|1739893521
|move|p1a: Rotom|Thunder Wave|p2a: Dragonite
|-status|p2a: Dragonite|par
|-enditem|p2a: Dragonite|Lum Berry|[eat]
|-curestatus|p2a: Dragonite|par|[msg]
|move|p2a: Dragonite|Dragon Dance|p2a: Dragonite
|-boost|p2a: Dragonite|atk|1
|-boost|p2a: Dragonite|spe|1
|
|upkeep
|turn|35
|
|t:|1739893533
|move|p2a: Dragonite|Extreme Speed|p1a: Rotom
|-damage|p1a: Rotom|0 fnt
|faint|p1a: Rotom
|
|upkeep
|inactive|TheFireWithin100 has 120 seconds left.
|
|t:|1739893555
|switch|p1a: Gastrodon|Gastrodon, F|94/100
|-damage|p1a: Gastrodon|88/100|[from] Stealth Rock
|turn|36
|inactive|TheFireWithin100 has 120 seconds left.
|
|t:|1739893565
|move|p2a: Dragonite|Outrage|p1a: Gastrodon
|-damage|p1a: Gastrodon|5/100
|move|p1a: Gastrodon|Scald|p2a: Dragonite
|-resisted|p2a: Dragonite
|-damage|p2a: Dragonite|94/100
|-status|p2a: Dragonite|brn
|
|-damage|p2a: Dragonite|81/100 brn|[from] brn
|upkeep
|turn|37
|inactive|TheFireWithin100 has 120 seconds left.
|
|t:|1739893577
|move|p2a: Dragonite|Outrage|p1a: Gastrodon|[from] lockedmove
|-damage|p1a: Gastrodon|0 fnt
|faint|p1a: Gastrodon
|
|-damage|p2a: Dragonite|69/100 brn|[from] brn
|upkeep
|inactive|TheFireWithin100 has 120 seconds left.
|
|t:|1739893596
|switch|p1a: Empoleon|Empoleon, M|100/100
|-damage|p1a: Empoleon|94/100|[from] Stealth Rock
|turn|38
|
|t:|1739893603
|move|p2a: Dragonite|Outrage|p1a: Empoleon|[from] lockedmove
|-resisted|p1a: Empoleon
|-damage|p1a: Empoleon|69/100
|-start|p2a: Dragonite|confusion|[fatigue]
|move|p1a: Empoleon|Ice Beam|p2a: Dragonite
|-supereffective|p2a: Dragonite
|-damage|p2a: Dragonite|0 fnt
|faint|p2a: Dragonite
|
|-heal|p1a: Empoleon|75/100|[from] item: Leftovers
|upkeep
|
|t:|1739893609
|switch|p2a: Gliscor|Gliscor, F|62/100 tox
|turn|39
|inactive|TheFireWithin100 has 120 seconds left.
|
|t:|1739893621
|move|p2a: Gliscor|Earthquake|p1a: Empoleon
|-supereffective|p1a: Empoleon
|-damage|p1a: Empoleon|4/100
|move|p1a: Empoleon|Ice Beam|p2a: Gliscor
|-supereffective|p2a: Gliscor
|-damage|p2a: Gliscor|0 fnt
|faint|p2a: Gliscor
|
|-heal|p1a: Empoleon|10/100|[from] item: Leftovers
|upkeep
|
|t:|1739893627
|switch|p2a: Scizor|Scizor, F|45/100
|turn|40
|
|t:|1739893635
|move|p2a: Scizor|U-turn|p1a: Empoleon
|-resisted|p1a: Empoleon
|-crit|p1a: Empoleon
|-damage|p1a: Empoleon|0 fnt
|faint|p1a: Empoleon
|
|upkeep
|-message|baixiaohen forfeited.
|
|win|TheFireWithin100
|raw|TheFireWithin100's rating: 1308 &rarr; <strong>1331</strong><br />(+23 for winning)
|raw|baixiaohen's rating: 1353 &rarr; <strong>1330</strong><br />(-23 for losing)
|l|☆baixiaohen
|player|p2|
|l| Hauntaholics
