|j|☆HydreigonSpammer
|j|☆lingluojunm
|t:|1735267989
|gametype|singles
|player|p1|HydreigonSpammer|acetrainer|1325
|player|p2|lingluojunm|102|1357
|teamsize|p1|6
|teamsize|p2|6
|gen|5
|tier|[Gen 5] OU
|rated|
|rule|Species Clause: Limit one of each Pokémon
|rule|OHKO Clause: OHKO moves are banned
|rule|Moody Clause: Moody is banned
|rule|Evasion Items Clause: Evasion items are banned
|rule|Evasion Moves Clause: Evasion moves are banned
|rule|Endless Battle Clause: Forcing endless battles is banned
|rule|HP Percentage Mod: HP is shown in percentages
|rule|Evasion Abilities Clause: Evasion abilities are banned
|rule|Sleep Moves Clause: Sleep-inducing moves are banned
|rule|Swagger Clause: Swagger is banned
|rule|Baton Pass Stat Clause: No Baton Passer may have a way to boost its stats
|clearpoke
|poke|p1|Machamp, F|item
|poke|p1|Tyranitar, M|item
|poke|p1|Latios, M|item
|poke|p1|Cofagrigus, F|item
|poke|p1|Heatran, F|item
|poke|p1|Scolipede, F|item
|poke|p2|Mamoswine, M|item
|poke|p2|Dragonite, M|item
|poke|p2|Scizor, M|item
|poke|p2|Breloom, M|item
|poke|p2|Spiritomb, M|item
|poke|p2|Alakazam, M|item
|teampreview
|inactive|Battle timer is ON: inactive players will automatically lose when time's up. (requested by lingluojunm)
|
|t:|1735268004
|start
|switch|p1a: DPP OU|Machamp, F, shiny|100/100
|switch|p2a: Mamoswine|Mamoswine, M|100/100
|turn|1
|
|t:|1735268015
|move|p1a: DPP OU|Dynamic Punch|p2a: Mamoswine
|-supereffective|p2a: Mamoswine
|-enditem|p2a: Mamoswine|Focus Sash
|-damage|p2a: Mamoswine|1/100
|-start|p2a: Mamoswine|confusion
|-activate|p2a: Mamoswine|confusion
|move|p2a: Mamoswine|Stealth Rock|p1a: DPP OU
|-sidestart|p1: HydreigonSpammer|move: Stealth Rock
|
|upkeep
|turn|2
|
|t:|1735268025
|move|p1a: DPP OU|Dynamic Punch|p2a: Mamoswine
|-supereffective|p2a: Mamoswine
|-damage|p2a: Mamoswine|0 fnt
|faint|p2a: Mamoswine
|
|upkeep
|
|t:|1735268030
|switch|p2a: Spiritomb|Spiritomb, M|100/100
|turn|3
|
|t:|1735268034
|switch|p1a: I can fly|Heatran, F|100/100
|-damage|p1a: I can fly|88/100|[from] Stealth Rock
|-item|p1a: I can fly|Air Balloon
|move|p2a: Spiritomb|Trick|p1a: I can fly
|-activate|p2a: Spiritomb|move: Trick|[of] p1a: I can fly
|-item|p1a: I can fly|Choice Band|[from] move: Trick
|-item|p2a: Spiritomb|Air Balloon
|-item|p2a: Spiritomb|Air Balloon|[from] move: Trick
|
|upkeep
|turn|4
|
|t:|1735268050
|move|p2a: Spiritomb|Sucker Punch||[still]
|-fail|p2a: Spiritomb
|move|p1a: I can fly|Stealth Rock|p2a: Spiritomb
|-sidestart|p2: lingluojunm|move: Stealth Rock
|
|upkeep
|turn|5
|
|t:|1735268054
|-activate|p1a: I can fly|move: Pursuit
|move|p2a: Spiritomb|Pursuit|p1a: I can fly|[from]Pursuit
|-resisted|p1a: I can fly
|-damage|p1a: I can fly|69/100
|switch|p1a: Ballsbreaker|Scolipede, F, shiny|100/100
|-damage|p1a: Ballsbreaker|76/100|[from] Stealth Rock
|
|upkeep
|turn|6
|
|t:|1735268068
|move|p2a: Spiritomb|Shadow Sneak|p1a: Ballsbreaker
|-damage|p1a: Ballsbreaker|51/100
|move|p1a: Ballsbreaker|Spikes|p2a: Spiritomb
|-sidestart|p2: lingluojunm|Spikes
|
|upkeep
|turn|7
|
|t:|1735268074
|move|p2a: Spiritomb|Shadow Sneak|p1a: Ballsbreaker
|-damage|p1a: Ballsbreaker|25/100
|move|p1a: Ballsbreaker|Spikes|p2a: Spiritomb
|-sidestart|p2: lingluojunm|Spikes
|
|upkeep
|turn|8
|
|t:|1735268083
|move|p2a: Spiritomb|Shadow Sneak|p1a: Ballsbreaker
|-damage|p1a: Ballsbreaker|0 fnt
|faint|p1a: Ballsbreaker
|
|upkeep
|
|t:|1735268088
|switch|p1a: LatiosISEZ|Tyranitar, M|100/100
|-damage|p1a: LatiosISEZ|88/100|[from] Stealth Rock
|-weather|Sandstorm|[from] ability: Sand Stream|[of] p1a: LatiosISEZ
|turn|9
|
|t:|1735268098
|-activate|p2a: Spiritomb|move: Pursuit
|move|p1a: LatiosISEZ|Pursuit|p2a: Spiritomb|[from]Pursuit
|-damage|p2a: Spiritomb|59/100
|-enditem|p2a: Spiritomb|Air Balloon
|switch|p2a: Dragonite|Dragonite, M|100/100
|-damage|p2a: Dragonite|75/100|[from] Stealth Rock
|
|-weather|Sandstorm|[upkeep]
|-damage|p2a: Dragonite|69/100|[from] Sandstorm
|upkeep
|turn|10
|
|t:|1735268109
|move|p2a: Dragonite|Outrage|p1a: LatiosISEZ
|-damage|p1a: LatiosISEZ|41/100
|move|p1a: LatiosISEZ|Ice Beam|p2a: Dragonite
|-supereffective|p2a: Dragonite
|-damage|p2a: Dragonite|0 fnt
|faint|p2a: Dragonite
|
|-weather|Sandstorm|[upkeep]
|upkeep
|
|t:|1735268116
|switch|p2a: Breloom|Breloom, M|100/100
|-damage|p2a: Breloom|94/100|[from] Stealth Rock
|-damage|p2a: Breloom|78/100|[from] Spikes
|turn|11
|
|t:|1735268124
|switch|p1a: Wednesday|Cofagrigus, F, shiny|100/100
|-damage|p1a: Wednesday|88/100|[from] Stealth Rock
|move|p2a: Breloom|Mach Punch|p1a: Wednesday
|-immune|p1a: Wednesday
|
|-weather|Sandstorm|[upkeep]
|-damage|p2a: Breloom|72/100|[from] Sandstorm
|-damage|p1a: Wednesday|82/100|[from] Sandstorm
|-heal|p1a: Wednesday|88/100|[from] item: Leftovers
|upkeep
|turn|12
|
|t:|1735268135
|move|p2a: Breloom|Swords Dance|p2a: Breloom
|-boost|p2a: Breloom|atk|2
|move|p1a: Wednesday|Shadow Ball|p2a: Breloom
|-crit|p2a: Breloom
|-damage|p2a: Breloom|0 fnt
|faint|p2a: Breloom
|
|-weather|Sandstorm|[upkeep]
|-damage|p1a: Wednesday|82/100|[from] Sandstorm
|-heal|p1a: Wednesday|88/100|[from] item: Leftovers
|upkeep
|
|t:|1735268145
|switch|p2a: Scizor|Scizor, M|100/100
|-damage|p2a: Scizor|88/100|[from] Stealth Rock
|-damage|p2a: Scizor|72/100|[from] Spikes
|turn|13
|
|t:|1735268165
|switch|p1a: LatiosISEZ|Tyranitar, M|41/100
|-damage|p1a: LatiosISEZ|29/100|[from] Stealth Rock
|move|p2a: Scizor|Swords Dance|p2a: Scizor
|-boost|p2a: Scizor|atk|2
|
|-weather|Sandstorm|[upkeep]
|upkeep
|turn|14
|
|t:|1735268172
|move|p2a: Scizor|Bullet Punch|p1a: LatiosISEZ
|-supereffective|p1a: LatiosISEZ
|-damage|p1a: LatiosISEZ|0 fnt
|faint|p1a: LatiosISEZ
|-damage|p2a: Scizor|62/100|[from] item: Life Orb
|
|-weather|Sandstorm|[upkeep]
|upkeep
|
|t:|1735268177
|switch|p1a: I can fly|Heatran, F|69/100
|-damage|p1a: I can fly|57/100|[from] Stealth Rock
|turn|15
|
|t:|1735268183
|move|p1a: I can fly|Flamethrower|p2a: Scizor
|-supereffective|p2a: Scizor
|-crit|p2a: Scizor
|-damage|p2a: Scizor|0 fnt
|faint|p2a: Scizor
|
|-weather|Sandstorm|[upkeep]
|upkeep
|
|t:|1735268189
|switch|p2a: Alakazam|Alakazam, M|100/100
|turn|16
|
|t:|1735268193
|move|p2a: Alakazam|Focus Blast|p1a: I can fly
|-supereffective|p1a: I can fly
|-damage|p1a: I can fly|0 fnt
|faint|p1a: I can fly
|
|-weather|Sandstorm|[upkeep]
|upkeep
|
|t:|1735268199
|switch|p1a: Wednesday|Cofagrigus, F, shiny|88/100
|-damage|p1a: Wednesday|76/100|[from] Stealth Rock
|turn|17
|
|t:|1735268207
|move|p2a: Alakazam|Shadow Ball|p1a: Wednesday
|-supereffective|p1a: Wednesday
|-damage|p1a: Wednesday|33/100
|-unboost|p1a: Wednesday|spd|1
|move|p1a: Wednesday|Shadow Ball|p2a: Alakazam
|-supereffective|p2a: Alakazam
|-damage|p2a: Alakazam|19/100
|
|-weather|Sandstorm|[upkeep]
|-damage|p1a: Wednesday|27/100|[from] Sandstorm
|-heal|p1a: Wednesday|33/100|[from] item: Leftovers
|upkeep
|turn|18
|
|t:|1735268222
|move|p2a: Alakazam|Shadow Ball|p1a: Wednesday
|-supereffective|p1a: Wednesday
|-damage|p1a: Wednesday|0 fnt
|faint|p1a: Wednesday
|
|-weather|Sandstorm|[upkeep]
|upkeep
|
|t:|1735268224
|switch|p1a: NotHydreigon|Latios, M, shiny|100/100
|-damage|p1a: NotHydreigon|88/100|[from] Stealth Rock
|turn|19
|
|t:|1735268231
|switch|p2a: Spiritomb|Spiritomb, M|59/100
|-damage|p2a: Spiritomb|47/100|[from] Stealth Rock
|-damage|p2a: Spiritomb|30/100|[from] Spikes
|move|p1a: NotHydreigon|Surf|p2a: Spiritomb
|-damage|p2a: Spiritomb|0 fnt
|faint|p2a: Spiritomb
|-damage|p1a: NotHydreigon|78/100|[from] item: Life Orb
|
|-weather|Sandstorm|[upkeep]
|-damage|p1a: NotHydreigon|72/100|[from] Sandstorm
|upkeep
|
|t:|1735268241
|switch|p2a: Alakazam|Alakazam, M|19/100
|turn|20
|
|t:|1735268247
|move|p2a: Alakazam|Shadow Ball|p1a: NotHydreigon
|-supereffective|p1a: NotHydreigon
|-damage|p1a: NotHydreigon|8/100
|move|p1a: NotHydreigon|Surf|p2a: Alakazam
|-damage|p2a: Alakazam|0 fnt
|faint|p2a: Alakazam
|-damage|p1a: NotHydreigon|0 fnt|[from] item: Life Orb
|faint|p1a: NotHydreigon
|
|win|HydreigonSpammer
|raw|HydreigonSpammer's rating: 1325 &rarr; <strong>1347</strong><br />(+22 for winning)
|raw|lingluojunm's rating: 1357 &rarr; <strong>1335</strong><br />(-22 for losing)
