|j|☆Estuardo19
|j|☆Lefix
|t:|1723402194
|gametype|singles
|player|p1|Estuardo19|lady-gen4|1480
|player|p2|Lefix|n-masters|1354
|teamsize|p1|6
|teamsize|p2|6
|gen|5
|tier|[Gen 5] OU
|rated|
|rule|Species Clause: Limit one of each Pokémon
|rule|OHKO Clause: OHKO moves are banned
|rule|Moody Clause: Moody is banned
|rule|Evasion Items Clause: Evasion items are banned
|rule|Evasion Moves Clause: Evasion moves are banned
|rule|Endless Battle Clause: Forcing endless battles is banned
|rule|HP Percentage Mod: HP is shown in percentages
|rule|Evasion Abilities Clause: Evasion abilities are banned
|rule|Sleep Moves Clause: Sleep-inducing moves are banned
|rule|Swagger Clause: Swagger is banned
|rule|Baton Pass Stat Clause: No Baton Passer may have a way to boost its stats
|clearpoke
|poke|p1|Tyranitar, F|item
|poke|p1|Zapdos|item
|poke|p1|Excadrill, M|item
|poke|p1|Keldeo-Resolute|item
|poke|p1|Latios, M|item
|poke|p1|Amoonguss, F|item
|poke|p2|Politoed, M|item
|poke|p2|Toxicroak, M|item
|poke|p2|Scizor, M|item
|poke|p2|Keldeo-Resolute|item
|poke|p2|Latios, M|item
|poke|p2|Thundurus-Therian, M|item
|teampreview
|inactive|Battle timer is ON: inactive players will automatically lose when time's up. (requested by Lefix)
|inactive|Estuardo19 also wants the timer to be on.
|
|t:|1723402216
|start
|switch|p1a: Amoonguss|Amoonguss, F|100/100
|switch|p2a: Politoed|Politoed, M|100/100
|-weather|RainDance|[from] ability: Drizzle|[of] p2a: Politoed
|turn|1
|
|t:|1723402223
|switch|p2a: Toxicroak|Toxicroak, M, shiny|100/100
|move|p1a: Amoonguss|Giga Drain|p2a: Toxicroak
|-resisted|p2a: Toxicroak
|-damage|p2a: Toxicroak|83/100
|
|-weather|RainDance|[upkeep]
|-heal|p2a: Toxicroak|96/100|[from] ability: Dry Skin
|upkeep
|turn|2
|
|t:|1723402231
|move|p2a: Toxicroak|Swords Dance|p2a: Toxicroak
|-boost|p2a: Toxicroak|atk|2
|move|p1a: Amoonguss|Stun Spore|p2a: Toxicroak
|-status|p2a: Toxicroak|par
|
|-weather|RainDance|[upkeep]
|-heal|p2a: Toxicroak|100/100 par|[from] ability: Dry Skin
|upkeep
|turn|3
|
|t:|1723402239
|switch|p1a: Excadrill|Excadrill, M|100/100
|-ability|p1a: Excadrill|Mold Breaker
|move|p2a: Toxicroak|Swords Dance|p2a: Toxicroak
|-boost|p2a: Toxicroak|atk|2
|
|-weather|RainDance|[upkeep]
|upkeep
|turn|4
|inactive|Lefix has 120 seconds left.
|
|t:|1723402273
|switch|p2a: Latios|Latios, M, shiny|100/100
|move|p1a: Excadrill|Earthquake|p2a: Latios
|-damage|p2a: Latios|30/100
|
|-weather|RainDance|[upkeep]
|upkeep
|turn|5
|inactive|Lefix has 120 seconds left.
|
|t:|1723402297
|switch|p1a: Amoonguss|Amoonguss, F|100/100
|move|p2a: Latios|Surf|p1a: Amoonguss
|-resisted|p1a: Amoonguss
|-damage|p1a: Amoonguss|80/100
|
|-weather|RainDance|[upkeep]
|-heal|p1a: Amoonguss|86/100|[from] item: Black Sludge
|upkeep
|turn|6
|
|t:|1723402307
|switch|p2a: Toxicroak|Toxicroak, M, shiny|100/100 par
|switch|p1a: Tyranitar|Tyranitar, F|100/100
|-weather|Sandstorm|[from] ability: Sand Stream|[of] p1a: Tyranitar
|
|-weather|Sandstorm|[upkeep]
|-damage|p2a: Toxicroak|94/100 par|[from] Sandstorm
|upkeep
|turn|7
|
|t:|1723402314
|switch|p1a: Zapdos|Zapdos|100/100
|-ability|p1a: Zapdos|Pressure
|move|p2a: Toxicroak|Drain Punch|p1a: Zapdos
|-resisted|p1a: Zapdos
|-damage|p1a: Zapdos|80/100
|-heal|p2a: Toxicroak|100/100 par|[from] drain|[of] p1a: Zapdos
|-damage|p2a: Toxicroak|91/100 par|[from] item: Life Orb
|
|-weather|Sandstorm|[upkeep]
|-damage|p1a: Zapdos|74/100|[from] Sandstorm
|-damage|p2a: Toxicroak|85/100 par|[from] Sandstorm
|-heal|p1a: Zapdos|80/100|[from] item: Leftovers
|upkeep
|turn|8
|
|t:|1723402323
|move|p1a: Zapdos|Thunderbolt|p2a: Toxicroak
|-damage|p2a: Toxicroak|19/100 par
|move|p2a: Toxicroak|Ice Punch|p1a: Zapdos
|-supereffective|p1a: Zapdos
|-damage|p1a: Zapdos|30/100
|-damage|p2a: Toxicroak|10/100 par|[from] item: Life Orb
|
|-weather|Sandstorm|[upkeep]
|-damage|p1a: Zapdos|23/100|[from] Sandstorm
|-damage|p2a: Toxicroak|3/100 par|[from] Sandstorm
|-heal|p1a: Zapdos|30/100|[from] item: Leftovers
|upkeep
|turn|9
|
|t:|1723402342
|cant|p2a: Toxicroak|par
|move|p1a: Zapdos|Roost|p1a: Zapdos
|-heal|p1a: Zapdos|80/100
|-singleturn|p1a: Zapdos|move: Roost
|
|-weather|Sandstorm|[upkeep]
|-damage|p1a: Zapdos|74/100|[from] Sandstorm
|-damage|p2a: Toxicroak|0 fnt|[from] Sandstorm
|faint|p2a: Toxicroak
|-heal|p1a: Zapdos|80/100|[from] item: Leftovers
|upkeep
|
|t:|1723402346
|switch|p2a: Politoed|Politoed, M|100/100
|-weather|RainDance|[from] ability: Drizzle|[of] p2a: Politoed
|turn|10
|
|t:|1723402363
|switch|p2a: Thundurus|Thundurus-Therian, M, shiny|100/100
|switch|p1a: Amoonguss|Amoonguss, F|100/100
|
|-weather|RainDance|[upkeep]
|upkeep
|turn|11
|
|t:|1723402372
|move|p2a: Thundurus|Agility|p2a: Thundurus
|-boost|p2a: Thundurus|spe|2
|move|p1a: Amoonguss|Sludge Bomb|p2a: Thundurus
|-damage|p2a: Thundurus|68/100
|
|-weather|RainDance|[upkeep]
|-heal|p2a: Thundurus|74/100|[from] item: Leftovers
|upkeep
|turn|12
|
|t:|1723402377
|switch|p1a: Tyranitar|Tyranitar, F|100/100
|-weather|Sandstorm|[from] ability: Sand Stream|[of] p1a: Tyranitar
|move|p2a: Thundurus|Hidden Power|p1a: Tyranitar
|-damage|p1a: Tyranitar|88/100
|
|-weather|Sandstorm|[upkeep]
|-damage|p2a: Thundurus|68/100|[from] Sandstorm
|-heal|p2a: Thundurus|74/100|[from] item: Leftovers
|upkeep
|turn|13
|
|t:|1723402385
|move|p2a: Thundurus|Focus Blast|p1a: Tyranitar
|-supereffective|p1a: Tyranitar
|-crit|p1a: Tyranitar
|-enditem|p1a: Tyranitar|Chople Berry|[eat]
|-enditem|p1a: Tyranitar|Chople Berry|[weaken]
|-damage|p1a: Tyranitar|2/100
|move|p1a: Tyranitar|Stone Edge|p2a: Thundurus
|-supereffective|p2a: Thundurus
|-damage|p2a: Thundurus|0 fnt
|faint|p2a: Thundurus
|
|-weather|Sandstorm|[upkeep]
|upkeep
|
|t:|1723402398
|switch|p2a: Politoed|Politoed, M|100/100
|-weather|RainDance|[from] ability: Drizzle|[of] p2a: Politoed
|turn|14
|
|t:|1723402405
|switch|p2a: Scizor|Scizor, M, shiny|100/100
|switch|p1a: Amoonguss|Amoonguss, F|100/100
|
|-weather|RainDance|[upkeep]
|upkeep
|turn|15
|
|t:|1723402415
|move|p2a: Scizor|Swords Dance|p2a: Scizor
|-boost|p2a: Scizor|atk|2
|move|p1a: Amoonguss|Hidden Power|p2a: Scizor
|-supereffective|p2a: Scizor
|-damage|p2a: Scizor|58/100
|
|-weather|RainDance|[upkeep]
|upkeep
|turn|16
|
|t:|1723402423
|switch|p1a: Zapdos|Zapdos|80/100
|-ability|p1a: Zapdos|Pressure
|move|p2a: Scizor|Bug Bite|p1a: Zapdos
|-resisted|p1a: Zapdos
|-damage|p1a: Zapdos|27/100
|-damage|p2a: Scizor|48/100|[from] item: Life Orb
|
|-weather|RainDance|[upkeep]
|-heal|p1a: Zapdos|33/100|[from] item: Leftovers
|upkeep
|turn|17
|
|t:|1723402431
|move|p2a: Scizor|Bullet Punch|p1a: Zapdos
|-resisted|p1a: Zapdos
|-damage|p1a: Zapdos|1/100
|-damage|p2a: Scizor|38/100|[from] item: Life Orb
|move|p1a: Zapdos|Heat Wave|p2a: Scizor
|-supereffective|p2a: Scizor
|-damage|p2a: Scizor|0 fnt
|faint|p2a: Scizor
|
|-weather|RainDance|[upkeep]
|-heal|p1a: Zapdos|7/100|[from] item: Leftovers
|upkeep
|
|t:|1723402436
|switch|p2a: Politoed|Politoed, M|100/100
|turn|18
|
|t:|1723402454
|move|p2a: Politoed|Ice Beam|p1a: Zapdos
|-supereffective|p1a: Zapdos
|-damage|p1a: Zapdos|0 fnt
|faint|p1a: Zapdos
|
|-weather|RainDance|[upkeep]
|upkeep
|c|☆Lefix|luckiest  man alive
|c|☆Estuardo19|?
|
|t:|1723402471
|switch|p1a: Keldeo|Keldeo-Resolute|100/100
|turn|19
|c|☆Lefix|1%
|
|t:|1723402478
|switch|p2a: Latios|Latios, M, shiny|30/100
|move|p1a: Keldeo|Scald|p2a: Latios
|-resisted|p2a: Latios
|-damage|p2a: Latios|0 fnt
|faint|p2a: Latios
|
|-weather|RainDance|[upkeep]
|upkeep
|
|t:|1723402490
|switch|p2a: Keldeo|Keldeo-Resolute|100/100
|turn|20
|c|☆Estuardo19|even if i lose zap i still can revenge it with drill
|c|☆Estuardo19|lol
|
|t:|1723402502
|switch|p1a: Tyranitar|Tyranitar, F|2/100
|-weather|Sandstorm|[from] ability: Sand Stream|[of] p1a: Tyranitar
|move|p2a: Keldeo|Secret Sword|p1a: Tyranitar
|-supereffective|p1a: Tyranitar
|-damage|p1a: Tyranitar|0 fnt
|faint|p1a: Tyranitar
|
|-weather|Sandstorm|[upkeep]
|-damage|p2a: Keldeo|94/100|[from] Sandstorm
|upkeep
|
|t:|1723402504
|switch|p1a: Amoonguss|Amoonguss, F|100/100
|turn|21
|
|t:|1723402510
|switch|p2a: Politoed|Politoed, M|100/100
|-weather|RainDance|[from] ability: Drizzle|[of] p2a: Politoed
|move|p1a: Amoonguss|Giga Drain|p2a: Politoed
|-supereffective|p2a: Politoed
|-damage|p2a: Politoed|51/100
|
|-weather|RainDance|[upkeep]
|upkeep
|turn|22
|
|t:|1723402526
|move|p2a: Politoed|Ice Beam|p1a: Amoonguss
|-supereffective|p1a: Amoonguss
|-damage|p1a: Amoonguss|57/100
|move|p1a: Amoonguss|Giga Drain|p2a: Politoed
|-supereffective|p2a: Politoed
|-damage|p2a: Politoed|2/100
|-heal|p1a: Amoonguss|76/100|[from] drain|[of] p2a: Politoed
|
|-weather|RainDance|[upkeep]
|-heal|p1a: Amoonguss|82/100|[from] item: Black Sludge
|upkeep
|turn|23
|
|t:|1723402530
|switch|p1a: Keldeo|Keldeo-Resolute|100/100
|move|p2a: Politoed|Ice Beam|p1a: Keldeo
|-resisted|p1a: Keldeo
|-damage|p1a: Keldeo|85/100
|
|-weather|RainDance|[upkeep]
|-heal|p1a: Keldeo|91/100|[from] item: Leftovers
|upkeep
|turn|24
|
|t:|1723402533
|move|p2a: Politoed|Ice Beam|p1a: Keldeo
|-resisted|p1a: Keldeo
|-damage|p1a: Keldeo|77/100
|move|p1a: Keldeo|Substitute|p1a: Keldeo
|-start|p1a: Keldeo|Substitute
|-damage|p1a: Keldeo|52/100
|
|-weather|RainDance|[upkeep]
|-heal|p1a: Keldeo|58/100|[from] item: Leftovers
|upkeep
|turn|25
|
|t:|1723402537
|move|p2a: Politoed|Ice Beam|p1a: Keldeo
|-resisted|p1a: Keldeo
|-activate|p1a: Keldeo|Substitute|[damage]
|move|p1a: Keldeo|Scald|p2a: Politoed
|-resisted|p2a: Politoed
|-damage|p2a: Politoed|0 fnt
|faint|p2a: Politoed
|
|-weather|RainDance|[upkeep]
|-heal|p1a: Keldeo|64/100|[from] item: Leftovers
|upkeep
|
|t:|1723402541
|switch|p2a: Keldeo|Keldeo-Resolute|94/100
|turn|26
|inactive|Lefix has 120 seconds left.
|
|t:|1723402577
|move|p2a: Keldeo|Surf|p1a: Keldeo
|-resisted|p1a: Keldeo
|-end|p1a: Keldeo|Substitute
|move|p1a: Keldeo|Secret Sword|p2a: Keldeo
|-damage|p2a: Keldeo|41/100
|
|-weather|RainDance|[upkeep]
|-heal|p1a: Keldeo|70/100|[from] item: Leftovers
|upkeep
|turn|27
|
|t:|1723402580
|move|p2a: Keldeo|Surf|p1a: Keldeo
|-resisted|p1a: Keldeo
|-damage|p1a: Keldeo|7/100
|move|p1a: Keldeo|Secret Sword|p2a: Keldeo
|-damage|p2a: Keldeo|0 fnt
|faint|p2a: Keldeo
|
|win|Estuardo19
|raw|Estuardo19's rating: 1480 &rarr; <strong>1493</strong><br />(+13 for winning)
|raw|Lefix's rating: 1354 &rarr; <strong>1341</strong><br />(-13 for losing)
|l|☆Lefix
|player|p2|
