|j|☆chokewayne
|j|☆Clawdia Chauchat
|t:|1747916319
|gametype|singles
|player|p1|chokewayne|2|1531
|player|p2|Clawdia Chauchat|winona|1467
|teamsize|p1|6
|teamsize|p2|6
|gen|5
|tier|[Gen 5] OU
|rated|
|rule|Species Clause: Limit one of each Pokémon
|rule|OHKO Clause: OHKO moves are banned
|rule|Moody Clause: Moody is banned
|rule|Evasion Items Clause: Evasion items are banned
|rule|Evasion Moves Clause: Evasion moves are banned
|rule|Endless Battle Clause: Forcing endless battles is banned
|rule|HP Percentage Mod: HP is shown in percentages
|rule|Evasion Abilities Clause: Evasion abilities are banned
|rule|Sleep Moves Clause: Sleep-inducing moves are banned
|rule|Swagger Clause: Swagger is banned
|rule|Baton Pass Stat Clause: No Baton Passer may have a way to boost its stats
|clearpoke
|poke|p1|Tyranitar, M|item
|poke|p1|Latias, F|item
|poke|p1|Rotom-Wash|item
|poke|p1|Alakazam, M|item
|poke|p1|Landorus-Therian, M|item
|poke|p1|Excadrill, M|item
|poke|p2|Tyranitar, F|item
|poke|p2|Donphan, F|item
|poke|p2|Celebi|item
|poke|p2|Magnezone|item
|poke|p2|Garchomp, M|item
|poke|p2|Jirachi|item
|teampreview
|inactive|Battle timer is ON: inactive players will automatically lose when time's up. (requested by chokewayne)
|
|t:|1747916342
|start
|switch|p1a: Tyranitar|Tyranitar, M|100/100
|switch|p2a: Adrianne Lenker|Tyranitar, F, shiny|100/100
|-weather|Sandstorm|[from] ability: Sand Stream|[of] p2a: Adrianne Lenker
|turn|1
|
|t:|1747916349
|switch|p2a: Fakemink|Donphan, F, shiny|100/100
|move|p1a: Tyranitar|Stealth Rock|p2a: Fakemink
|-sidestart|p2: Clawdia Chauchat|move: Stealth Rock
|
|-weather|Sandstorm|[upkeep]
|upkeep
|turn|2
|
|t:|1747916367
|switch|p1a: Rotom|Rotom-Wash|100/100
|move|p2a: Fakemink|Stealth Rock|p1a: Rotom
|-sidestart|p1: chokewayne|move: Stealth Rock
|
|-weather|Sandstorm|[upkeep]
|-damage|p1a: Rotom|95/100|[from] Sandstorm
|-heal|p1a: Rotom|100/100|[from] item: Leftovers
|upkeep
|turn|3
|
|t:|1747916373
|switch|p2a: The Nose|Magnezone, shiny|100/100
|-damage|p2a: The Nose|94/100|[from] Stealth Rock
|move|p1a: Rotom|Hydro Pump|p2a: The Nose|[miss]
|-miss|p1a: Rotom|p2a: The Nose
|
|-weather|Sandstorm|[upkeep]
|-damage|p1a: Rotom|95/100|[from] Sandstorm
|-heal|p1a: Rotom|100/100|[from] item: Leftovers
|upkeep
|turn|4
|
|t:|1747916378
|switch|p1a: Excadrill|Excadrill, M|100/100
|-damage|p1a: Excadrill|97/100|[from] Stealth Rock
|move|p2a: The Nose|Substitute|p2a: The Nose
|-start|p2a: The Nose|Substitute
|-damage|p2a: The Nose|70/100
|
|-weather|Sandstorm|[upkeep]
|-heal|p1a: Excadrill|100/100|[from] item: Leftovers
|upkeep
|turn|5
|
|t:|1747916382
|move|p1a: Excadrill|Earthquake|p2a: The Nose
|-supereffective|p2a: The Nose
|-end|p2a: The Nose|Substitute
|move|p2a: The Nose|Hidden Power|p1a: Excadrill
|-damage|p1a: Excadrill|67/100
|
|-weather|Sandstorm|[upkeep]
|-heal|p1a: Excadrill|73/100|[from] item: Leftovers
|upkeep
|turn|6
|
|t:|1747916400
|switch|p2a: Fakemink|Donphan, F, shiny|100/100
|-damage|p2a: Fakemink|94/100|[from] Stealth Rock
|move|p1a: Excadrill|Substitute|p1a: Excadrill
|-start|p1a: Excadrill|Substitute
|-damage|p1a: Excadrill|48/100
|
|-weather|Sandstorm|[upkeep]
|-heal|p1a: Excadrill|55/100|[from] item: Leftovers
|-heal|p2a: Fakemink|100/100|[from] item: Leftovers
|upkeep
|turn|7
|
|t:|1747916405
|move|p1a: Excadrill|Iron Head|p2a: Fakemink
|-damage|p2a: Fakemink|64/100
|cant|p2a: Fakemink|flinch
|
|-weather|Sandstorm|[upkeep]
|-heal|p1a: Excadrill|61/100|[from] item: Leftovers
|-heal|p2a: Fakemink|70/100|[from] item: Leftovers
|upkeep
|turn|8
|
|t:|1747916409
|move|p1a: Excadrill|Iron Head|p2a: Fakemink
|-damage|p2a: Fakemink|35/100
|move|p2a: Fakemink|Rapid Spin|p1a: Excadrill
|-resisted|p1a: Excadrill
|-activate|p1a: Excadrill|Substitute|[damage]
|-sideend|p2: Clawdia Chauchat|Stealth Rock|[from] move: Rapid Spin|[of] p2a: Fakemink
|
|-weather|Sandstorm|[upkeep]
|-heal|p1a: Excadrill|67/100|[from] item: Leftovers
|-heal|p2a: Fakemink|42/100|[from] item: Leftovers
|upkeep
|turn|9
|
|t:|1747916415
|switch|p2a: LA Hills Burn|Celebi|100/100
|move|p1a: Excadrill|Earthquake|p2a: LA Hills Burn
|-resisted|p2a: LA Hills Burn
|-damage|p2a: LA Hills Burn|62/100
|
|-weather|Sandstorm|[upkeep]
|-damage|p2a: LA Hills Burn|56/100|[from] Sandstorm
|-heal|p2a: LA Hills Burn|62/100|[from] item: Leftovers
|-heal|p1a: Excadrill|73/100|[from] item: Leftovers
|upkeep
|turn|10
|
|t:|1747916419
|move|p2a: LA Hills Burn|Giga Drain|p1a: Excadrill
|-end|p1a: Excadrill|Substitute
|-heal|p2a: LA Hills Burn|73/100|[from] drain|[of] p1a: Excadrill
|move|p1a: Excadrill|Iron Head|p2a: LA Hills Burn
|-damage|p2a: LA Hills Burn|17/100
|
|-weather|Sandstorm|[upkeep]
|-damage|p2a: LA Hills Burn|11/100|[from] Sandstorm
|-heal|p2a: LA Hills Burn|17/100|[from] item: Leftovers
|-heal|p1a: Excadrill|79/100|[from] item: Leftovers
|upkeep
|turn|11
|
|t:|1747916424
|move|p2a: LA Hills Burn|Giga Drain|p1a: Excadrill
|-damage|p1a: Excadrill|39/100
|-heal|p2a: LA Hills Burn|36/100|[from] drain|[of] p1a: Excadrill
|move|p1a: Excadrill|Iron Head|p2a: LA Hills Burn
|-damage|p2a: LA Hills Burn|0 fnt
|faint|p2a: LA Hills Burn
|
|-weather|Sandstorm|[upkeep]
|-heal|p1a: Excadrill|45/100|[from] item: Leftovers
|upkeep
|
|t:|1747916431
|switch|p2a: Adrianne Lenker|Tyranitar, F, shiny|100/100
|turn|12
|
|t:|1747916434
|switch|p1a: Tyranitar|Tyranitar, M|100/100
|-damage|p1a: Tyranitar|88/100|[from] Stealth Rock
|move|p2a: Adrianne Lenker|Superpower|p1a: Tyranitar
|-supereffective|p1a: Tyranitar
|-enditem|p1a: Tyranitar|Chople Berry|[eat]
|-enditem|p1a: Tyranitar|Chople Berry|[weaken]
|-damage|p1a: Tyranitar|26/100
|-unboost|p2a: Adrianne Lenker|atk|1
|-unboost|p2a: Adrianne Lenker|def|1
|
|-weather|Sandstorm|[upkeep]
|upkeep
|turn|13
|
|t:|1747916438
|switch|p1a: Landorus|Landorus-Therian, M|100/100
|-damage|p1a: Landorus|88/100|[from] Stealth Rock
|-ability|p1a: Landorus|Intimidate|boost
|-unboost|p2a: Adrianne Lenker|atk|1
|move|p2a: Adrianne Lenker|Superpower|p1a: Landorus
|-resisted|p1a: Landorus
|-damage|p1a: Landorus|80/100
|-unboost|p2a: Adrianne Lenker|atk|1
|-unboost|p2a: Adrianne Lenker|def|1
|
|-weather|Sandstorm|[upkeep]
|upkeep
|turn|14
|
|t:|1747916445
|switch|p2a: Fakemink|Donphan, F, shiny|42/100
|move|p1a: Landorus|Earthquake|p2a: Fakemink
|-damage|p2a: Fakemink|13/100
|
|-weather|Sandstorm|[upkeep]
|-heal|p2a: Fakemink|20/100|[from] item: Leftovers
|upkeep
|turn|15
|
|t:|1747916448
|move|p2a: Fakemink|Ice Shard|p1a: Landorus
|-supereffective|p1a: Landorus
|-damage|p1a: Landorus|47/100
|move|p1a: Landorus|Earthquake|p2a: Fakemink
|-damage|p2a: Fakemink|0 fnt
|faint|p2a: Fakemink
|
|-weather|Sandstorm|[upkeep]
|upkeep
|
|t:|1747916458
|switch|p2a: Toru Watanabe|Garchomp, M|100/100
|turn|16
|
|t:|1747916461
|move|p2a: Toru Watanabe|Outrage|p1a: Landorus
|-damage|p1a: Landorus|0 fnt
|faint|p1a: Landorus
|
|-weather|Sandstorm|[upkeep]
|upkeep
|
|t:|1747916474
|switch|p1a: Alakazam|Alakazam, M|100/100
|turn|17
|
|t:|1747916476
|move|p2a: Toru Watanabe|Outrage|p1a: Alakazam|[from] lockedmove
|-enditem|p1a: Alakazam|Focus Sash
|-damage|p1a: Alakazam|1/100
|move|p1a: Alakazam|Hidden Power|p2a: Toru Watanabe
|-supereffective|p2a: Toru Watanabe
|-damage|p2a: Toru Watanabe|0 fnt
|faint|p2a: Toru Watanabe
|
|-weather|Sandstorm|[upkeep]
|upkeep
|
|t:|1747916482
|switch|p2a: Concorde I Miss U|Jirachi|100/100
|turn|18
|
|t:|1747916491
|move|p1a: Alakazam|Focus Blast|p2a: Concorde I Miss U|[miss]
|-miss|p1a: Alakazam|p2a: Concorde I Miss U
|move|p2a: Concorde I Miss U|Psychic|p1a: Alakazam
|-resisted|p1a: Alakazam
|-damage|p1a: Alakazam|0 fnt
|faint|p1a: Alakazam
|
|-weather|Sandstorm|[upkeep]
|upkeep
|
|t:|1747916505
|switch|p1a: Latias|Latias, F|100/100
|-damage|p1a: Latias|88/100|[from] Stealth Rock
|turn|19
|
|t:|1747916519
|switch|p2a: Adrianne Lenker|Tyranitar, F, shiny|100/100
|move|p1a: Latias|Thunder Wave|p2a: Adrianne Lenker
|-status|p2a: Adrianne Lenker|par
|
|-weather|Sandstorm|[upkeep]
|-damage|p1a: Latias|82/100|[from] Sandstorm
|upkeep
|turn|20
|
|t:|1747916523
|move|p1a: Latias|Recover|p1a: Latias
|-heal|p1a: Latias|100/100
|move|p2a: Adrianne Lenker|Crunch|p1a: Latias
|-supereffective|p1a: Latias
|-damage|p1a: Latias|7/100
|-damage|p2a: Adrianne Lenker|84/100 par|[from] item: Rocky Helmet|[of] p1a: Latias
|
|-weather|Sandstorm|[upkeep]
|-damage|p1a: Latias|1/100|[from] Sandstorm
|upkeep
|turn|21
|
|t:|1747916526
|move|p1a: Latias|Recover|p1a: Latias
|-heal|p1a: Latias|51/100
|move|p2a: Adrianne Lenker|Crunch|p1a: Latias
|-supereffective|p1a: Latias
|-damage|p1a: Latias|0 fnt
|-damage|p2a: Adrianne Lenker|68/100 par|[from] item: Rocky Helmet|[of] p1a: Latias
|faint|p1a: Latias
|
|-weather|Sandstorm|[upkeep]
|upkeep
|j| night suwu
|
|t:|1747916532
|switch|p1a: Tyranitar|Tyranitar, M|26/100
|-damage|p1a: Tyranitar|13/100|[from] Stealth Rock
|turn|22
|
|t:|1747916537
|switch|p2a: The Nose|Magnezone, shiny|70/100
|move|p1a: Tyranitar|Stealth Rock|p2a: The Nose
|-sidestart|p2: Clawdia Chauchat|move: Stealth Rock
|
|-weather|Sandstorm|[upkeep]
|upkeep
|turn|23
|
|t:|1747916540
|move|p2a: The Nose|Substitute|p2a: The Nose
|-start|p2a: The Nose|Substitute
|-damage|p2a: The Nose|45/100
|move|p1a: Tyranitar|Superpower|p2a: The Nose
|-supereffective|p2a: The Nose
|-end|p2a: The Nose|Substitute
|-unboost|p1a: Tyranitar|atk|1
|-unboost|p1a: Tyranitar|def|1
|
|-weather|Sandstorm|[upkeep]
|upkeep
|turn|24
|
|t:|1747916551
|move|p2a: The Nose|Substitute|p2a: The Nose
|-start|p2a: The Nose|Substitute
|-damage|p2a: The Nose|20/100
|-enditem|p2a: The Nose|Salac Berry|[eat]
|-boost|p2a: The Nose|spe|1|[from] item: Salac Berry
|move|p1a: Tyranitar|Superpower|p2a: The Nose
|-supereffective|p2a: The Nose
|-end|p2a: The Nose|Substitute
|-unboost|p1a: Tyranitar|atk|1
|-unboost|p1a: Tyranitar|def|1
|
|-weather|Sandstorm|[upkeep]
|upkeep
|turn|25
|
|t:|1747916561
|move|p2a: The Nose|Thunderbolt|p1a: Tyranitar
|-damage|p1a: Tyranitar|0 fnt
|faint|p1a: Tyranitar
|
|-weather|Sandstorm|[upkeep]
|upkeep
|
|t:|1747916564
|switch|p1a: Rotom|Rotom-Wash|100/100
|-damage|p1a: Rotom|88/100|[from] Stealth Rock
|turn|26
|
|t:|1747916566
|move|p2a: The Nose|Thunderbolt|p1a: Rotom
|-damage|p1a: Rotom|41/100
|move|p1a: Rotom|Hydro Pump|p2a: The Nose
|-damage|p2a: The Nose|0 fnt
|faint|p2a: The Nose
|
|-weather|Sandstorm|[upkeep]
|-damage|p1a: Rotom|35/100|[from] Sandstorm
|-heal|p1a: Rotom|41/100|[from] item: Leftovers
|upkeep
|
|t:|1747916572
|switch|p2a: Concorde I Miss U|Jirachi|100/100
|-damage|p2a: Concorde I Miss U|94/100|[from] Stealth Rock
|turn|27
|
|t:|1747916576
|move|p2a: Concorde I Miss U|Psychic|p1a: Rotom
|-damage|p1a: Rotom|0 fnt
|faint|p1a: Rotom
|
|-weather|Sandstorm|[upkeep]
|-heal|p2a: Concorde I Miss U|100/100|[from] item: Leftovers
|upkeep
|
|t:|1747916579
|switch|p1a: Excadrill|Excadrill, M|45/100
|-damage|p1a: Excadrill|42/100|[from] Stealth Rock
|turn|28
|inactive|Clawdia Chauchat has 120 seconds left.
|
|t:|1747916622
|move|p2a: Concorde I Miss U|Hidden Power|p1a: Excadrill
|-supereffective|p1a: Excadrill
|-damage|p1a: Excadrill|0 fnt
|faint|p1a: Excadrill
|
|win|Clawdia Chauchat
|raw|chokewayne's rating: 1531 &rarr; <strong>1507</strong><br />(-24 for losing)
|raw|Clawdia Chauchat's rating: 1467 &rarr; <strong>1491</strong><br />(+24 for winning)
|c|☆Clawdia Chauchat|gg
|l|☆chokewayne
|player|p1|
