|j|☆Melle2402
|j|☆Ujght
|player|p1|Melle2402|101|1466
|player|p2|Ujght|hilbert|1379
|teamsize|p1|6
|teamsize|p2|6
|gametype|singles
|gen|5
|tier|[Gen 5] OU
|rated|
|rule|Species Clause: Limit one of each Pokémon
|rule|OHKO Clause: OHKO moves are banned
|rule|Moody Clause: Moody is banned
|rule|Evasion Moves Clause: Evasion moves are banned
|rule|Endless Battle Clause: Forcing endless battles is banned
|rule|HP Percentage Mod: HP is shown in percentages
|rule|Evasion Abilities Clause: Evasion abilities are banned
|rule|Baton Pass Clause: Limit one Baton Passer, can't pass Spe and other stats simultaneously
|rule|Sleep Clause: Sleep-inducing moves are banned
|rule|Swagger Clause: Swagger is banned
|clearpoke
|poke|p1|Politoed, M|item
|poke|p1|Ferrothorn, M|item
|poke|p1|Tentacruel, M|item
|poke|p1|Thundurus-Therian, M|item
|poke|p1|Garchomp, F|item
|poke|p1|Latios, M|item
|poke|p2|Tyranitar, F|item
|poke|p2|Skarmory, M|item
|poke|p2|Gliscor, M|item
|poke|p2|Starmie|item
|poke|p2|Amoonguss, M|item
|poke|p2|Garchomp, M|item
|teampreview
|inactive|Battle timer is ON: inactive players will automatically lose when time's up. (requested by Melle2402)
|j| SnowDaddy2000
|l| SnowDaddy2000
|
|start
|switch|p1a: Politoed|Politoed, M|100/100
|switch|p2a: Tyranitar|Tyranitar, F|100/100
|-weather|RainDance|[from] ability: Drizzle|[of] p1a: Politoed
|-weather|Sandstorm|[from] ability: Sand Stream|[of] p2a: Tyranitar
|turn|1
|
|switch|p1a: Garchomp|Garchomp, F, shiny|100/100
|switch|p2a: Starmie|Starmie|100/100
|
|-weather|Sandstorm|[upkeep]
|-damage|p2a: Starmie|94/100|[from] Sandstorm
|-heal|p2a: Starmie|100/100|[from] item: Leftovers
|upkeep
|turn|2
|j| DLNineflo
|
|switch|p2a: Skarmory|Skarmory, M|100/100
|switch|p1a: Ferrothorn|Ferrothorn, M|100/100
|
|-weather|Sandstorm|[upkeep]
|upkeep
|turn|3
|
|move|p2a: Skarmory|Spikes|p1a: Ferrothorn
|-sidestart|p1: Melle2402|Spikes
|move|p1a: Ferrothorn|Stealth Rock|p2a: Skarmory
|-sidestart|p2: Ujght|move: Stealth Rock
|
|-weather|Sandstorm|[upkeep]
|upkeep
|turn|4
|
|move|p1a: Ferrothorn|Spikes|p2a: Skarmory
|-sidestart|p2: Ujght|Spikes
|move|p2a: Skarmory|Whirlwind|p1a: Ferrothorn
|drag|p1a: Garchomp|Garchomp, F, shiny|100/100
|-damage|p1a: Garchomp|88/100|[from] Spikes
|
|-weather|Sandstorm|[upkeep]
|upkeep
|turn|5
|
|switch|p1a: Tentacruel|Tentacruel, M|100/100
|-damage|p1a: Tentacruel|88/100|[from] Spikes
|move|p2a: Skarmory|Spikes|p1a: Tentacruel
|-sidestart|p1: Melle2402|Spikes
|
|-weather|Sandstorm|[upkeep]
|-damage|p1a: Tentacruel|82/100|[from] Sandstorm
|-heal|p1a: Tentacruel|88/100|[from] item: Black Sludge
|upkeep
|turn|6
|
|switch|p2a: Starmie|Starmie|100/100
|-damage|p2a: Starmie|88/100|[from] Spikes
|-damage|p2a: Starmie|76/100|[from] Stealth Rock
|move|p1a: Tentacruel|Rapid Spin|p2a: Starmie
|-damage|p2a: Starmie|73/100
|-sideend|p1: Melle2402|Spikes|[from] move: Rapid Spin|[of] p1a: Tentacruel
|
|-weather|Sandstorm|[upkeep]
|-damage|p2a: Starmie|66/100|[from] Sandstorm
|-damage|p1a: Tentacruel|82/100|[from] Sandstorm
|-heal|p2a: Starmie|73/100|[from] item: Leftovers
|-heal|p1a: Tentacruel|88/100|[from] item: Black Sludge
|upkeep
|turn|7
|
|move|p2a: Starmie|Rapid Spin|p1a: Tentacruel
|-damage|p1a: Tentacruel|85/100
|-sideend|p2: Ujght|Spikes|[from] move: Rapid Spin|[of] p2a: Starmie
|-sideend|p2: Ujght|Stealth Rock|[from] move: Rapid Spin|[of] p2a: Starmie
|move|p1a: Tentacruel|Scald|p2a: Starmie
|-resisted|p2a: Starmie
|-damage|p2a: Starmie|59/100
|
|-weather|Sandstorm|[upkeep]
|-damage|p2a: Starmie|53/100|[from] Sandstorm
|-damage|p1a: Tentacruel|79/100|[from] Sandstorm
|-heal|p2a: Starmie|59/100|[from] item: Leftovers
|-heal|p1a: Tentacruel|85/100|[from] item: Black Sludge
|upkeep
|turn|8
|
|switch|p1a: Ferrothorn|Ferrothorn, M|100/100
|move|p2a: Starmie|Scald|p1a: Ferrothorn
|-resisted|p1a: Ferrothorn
|-damage|p1a: Ferrothorn|91/100
|-status|p1a: Ferrothorn|brn
|
|-weather|Sandstorm|[upkeep]
|-damage|p2a: Starmie|53/100|[from] Sandstorm
|-heal|p2a: Starmie|59/100|[from] item: Leftovers
|-heal|p1a: Ferrothorn|97/100 brn|[from] item: Leftovers
|-damage|p1a: Ferrothorn|85/100 brn|[from] brn
|upkeep
|turn|9
|
|move|p2a: Starmie|Reflect Type|p1a: Ferrothorn
|-start|p2a: Starmie|typechange|[from] move: Reflect Type|[of] p1a: Ferrothorn
|move|p1a: Ferrothorn|Stealth Rock|p2a: Starmie
|-sidestart|p2: Ujght|move: Stealth Rock
|
|-weather|Sandstorm|[upkeep]
|-heal|p2a: Starmie|65/100|[from] item: Leftovers
|-heal|p1a: Ferrothorn|91/100 brn|[from] item: Leftovers
|-damage|p1a: Ferrothorn|78/100 brn|[from] brn
|upkeep
|turn|10
|
|switch|p1a: Politoed|Politoed, M|100/100
|-weather|RainDance|[from] ability: Drizzle|[of] p1a: Politoed
|move|p2a: Starmie|Rapid Spin|p1a: Politoed
|-damage|p1a: Politoed|97/100
|-sideend|p2: Ujght|Stealth Rock|[from] move: Rapid Spin|[of] p2a: Starmie
|
|-weather|RainDance|[upkeep]
|-heal|p2a: Starmie|71/100|[from] item: Leftovers
|upkeep
|turn|11
|
|switch|p1a: Ferrothorn|Ferrothorn, M|78/100 brn
|switch|p2a: Amoonguss|Amoonguss, M|100/100
|
|-weather|RainDance|[upkeep]
|-heal|p1a: Ferrothorn|84/100 brn|[from] item: Leftovers
|-damage|p1a: Ferrothorn|72/100 brn|[from] brn
|upkeep
|turn|12
|
|switch|p2a: Tyranitar|Tyranitar, F|100/100
|-weather|Sandstorm|[from] ability: Sand Stream|[of] p2a: Tyranitar
|move|p1a: Ferrothorn|Stealth Rock|p2a: Tyranitar
|-sidestart|p2: Ujght|move: Stealth Rock
|
|-weather|Sandstorm|[upkeep]
|-heal|p1a: Ferrothorn|78/100 brn|[from] item: Leftovers
|-damage|p1a: Ferrothorn|66/100 brn|[from] brn
|upkeep
|turn|13
|
|switch|p1a: Politoed|Politoed, M|97/100
|-weather|RainDance|[from] ability: Drizzle|[of] p1a: Politoed
|move|p2a: Tyranitar|Stealth Rock|p1a: Politoed
|-sidestart|p1: Melle2402|move: Stealth Rock
|
|-weather|RainDance|[upkeep]
|upkeep
|turn|14
|
|switch|p1a: Latios|Latios, M|100/100
|-damage|p1a: Latios|88/100|[from] Stealth Rock
|switch|p2a: Starmie|Starmie|71/100
|-damage|p2a: Starmie|59/100|[from] Stealth Rock
|
|-weather|RainDance|[upkeep]
|-heal|p2a: Starmie|65/100|[from] item: Leftovers
|upkeep
|turn|15
|
|switch|p2a: Amoonguss|Amoonguss, M|100/100
|-damage|p2a: Amoonguss|88/100|[from] Stealth Rock
|move|p1a: Latios|Dragon Pulse|p2a: Amoonguss
|-damage|p2a: Amoonguss|43/100
|
|-weather|RainDance|[upkeep]
|-heal|p2a: Amoonguss|49/100|[from] item: Black Sludge
|upkeep
|turn|16
|
|switch|p1a: Ferrothorn|Ferrothorn, M|66/100 brn
|-damage|p1a: Ferrothorn|60/100 brn|[from] Stealth Rock
|switch|p2a: Skarmory|Skarmory, M|100/100
|-damage|p2a: Skarmory|88/100|[from] Stealth Rock
|
|-weather|RainDance|[upkeep]
|-heal|p2a: Skarmory|94/100|[from] item: Leftovers
|-heal|p1a: Ferrothorn|66/100 brn|[from] item: Leftovers
|-damage|p1a: Ferrothorn|53/100 brn|[from] brn
|upkeep
|turn|17
|
|switch|p1a: Thundurus|Thundurus-Therian, M|100/100
|-damage|p1a: Thundurus|76/100|[from] Stealth Rock
|move|p2a: Skarmory|Spikes|p1a: Thundurus
|-sidestart|p1: Melle2402|Spikes
|
|-weather|RainDance|[upkeep]
|-heal|p2a: Skarmory|99/100|[from] item: Leftovers
|upkeep
|turn|18
|
|switch|p2a: Tyranitar|Tyranitar, F|100/100
|-damage|p2a: Tyranitar|88/100|[from] Stealth Rock
|-weather|Sandstorm|[from] ability: Sand Stream|[of] p2a: Tyranitar
|move|p1a: Thundurus|Hidden Power|p2a: Tyranitar
|-enditem|p1a: Thundurus|Ice Gem|[from] gem|[move] Hidden Power
|-damage|p2a: Tyranitar|67/100
|
|-weather|Sandstorm|[upkeep]
|-damage|p1a: Thundurus|70/100|[from] Sandstorm
|upkeep
|turn|19
|
|switch|p1a: Politoed|Politoed, M|97/100
|-damage|p1a: Politoed|84/100|[from] Spikes
|-damage|p1a: Politoed|72/100|[from] Stealth Rock
|-weather|RainDance|[from] ability: Drizzle|[of] p1a: Politoed
|move|p2a: Tyranitar|Ice Beam|p1a: Politoed
|-resisted|p1a: Politoed
|-damage|p1a: Politoed|60/100
|
|-weather|RainDance|[upkeep]
|upkeep
|turn|20
|
|switch|p2a: Starmie|Starmie|65/100
|-damage|p2a: Starmie|53/100|[from] Stealth Rock
|move|p1a: Politoed|Ice Beam|p2a: Starmie
|-resisted|p2a: Starmie
|-damage|p2a: Starmie|38/100
|
|-weather|RainDance|[upkeep]
|-heal|p2a: Starmie|44/100|[from] item: Leftovers
|upkeep
|turn|21
|
|switch|p1a: Tentacruel|Tentacruel, M|85/100
|-damage|p1a: Tentacruel|73/100|[from] Stealth Rock
|-damage|p1a: Tentacruel|60/100|[from] Spikes
|move|p2a: Starmie|Recover|p2a: Starmie
|-heal|p2a: Starmie|95/100
|
|-weather|RainDance|[upkeep]
|-heal|p1a: Tentacruel|66/100|[from] ability: Rain Dish
|-heal|p2a: Starmie|100/100|[from] item: Leftovers
|-heal|p1a: Tentacruel|72/100|[from] item: Black Sludge
|upkeep
|turn|22
|
|move|p2a: Starmie|Scald|p1a: Tentacruel
|-resisted|p1a: Tentacruel
|-damage|p1a: Tentacruel|56/100
|move|p1a: Tentacruel|Rapid Spin|p2a: Starmie
|-damage|p2a: Starmie|97/100
|-sideend|p1: Melle2402|Spikes|[from] move: Rapid Spin|[of] p1a: Tentacruel
|-sideend|p1: Melle2402|Stealth Rock|[from] move: Rapid Spin|[of] p1a: Tentacruel
|
|-weather|RainDance|[upkeep]
|-heal|p1a: Tentacruel|62/100|[from] ability: Rain Dish
|-heal|p2a: Starmie|100/100|[from] item: Leftovers
|-heal|p1a: Tentacruel|68/100|[from] item: Black Sludge
|upkeep
|turn|23
|
|move|p1a: Tentacruel|Protect|p1a: Tentacruel
|-singleturn|p1a: Tentacruel|Protect
|move|p2a: Starmie|Rapid Spin|p1a: Tentacruel
|-activate|p1a: Tentacruel|move: Protect
|
|-weather|RainDance|[upkeep]
|-heal|p1a: Tentacruel|75/100|[from] ability: Rain Dish
|-heal|p1a: Tentacruel|81/100|[from] item: Black Sludge
|upkeep
|turn|24
|
|move|p2a: Starmie|Rapid Spin|p1a: Tentacruel
|-damage|p1a: Tentacruel|78/100
|-sideend|p2: Ujght|Stealth Rock|[from] move: Rapid Spin|[of] p2a: Starmie
|move|p1a: Tentacruel|Scald|p2a: Starmie
|-resisted|p2a: Starmie
|-damage|p2a: Starmie|78/100
|
|-weather|RainDance|[upkeep]
|-heal|p1a: Tentacruel|84/100|[from] ability: Rain Dish
|-heal|p2a: Starmie|84/100|[from] item: Leftovers
|-heal|p1a: Tentacruel|90/100|[from] item: Black Sludge
|upkeep
|turn|25
|
|switch|p1a: Latios|Latios, M|88/100
|move|p2a: Starmie|Scald|p1a: Latios
|-resisted|p1a: Latios
|-damage|p1a: Latios|66/100
|-status|p1a: Latios|brn
|
|-weather|RainDance|[upkeep]
|-heal|p2a: Starmie|91/100|[from] item: Leftovers
|-damage|p1a: Latios|54/100 brn|[from] brn
|upkeep
|turn|26
|
|switch|p2a: Amoonguss|Amoonguss, M|82/100
|move|p1a: Latios|Draco Meteor|p2a: Amoonguss
|-crit|p2a: Amoonguss
|-damage|p2a: Amoonguss|0 fnt
|-unboost|p1a: Latios|spa|2
|faint|p2a: Amoonguss
|
|-weather|RainDance|[upkeep]
|-damage|p1a: Latios|42/100 brn|[from] brn
|upkeep
|
|switch|p2a: Tyranitar|Tyranitar, F|67/100
|-weather|Sandstorm|[from] ability: Sand Stream|[of] p2a: Tyranitar
|turn|27
|
|-activate|p1a: Latios|move: Pursuit
|move|p2a: Tyranitar|Pursuit|p1a: Latios|[from]Pursuit
|-supereffective|p1a: Latios
|-damage|p1a: Latios|0 fnt
|-hint|A Pokemon can't switch between when it runs out of HP and when it faints
|faint|p1a: Latios
|
|-weather|Sandstorm|[upkeep]
|upkeep
|
|switch|p1a: Politoed|Politoed, M|60/100
|-weather|RainDance|[from] ability: Drizzle|[of] p1a: Politoed
|turn|28
|
|switch|p2a: Starmie|Starmie|91/100
|move|p1a: Politoed|Hydro Pump|p2a: Starmie
|-resisted|p2a: Starmie
|-damage|p2a: Starmie|46/100
|
|-weather|RainDance|[upkeep]
|-heal|p2a: Starmie|52/100|[from] item: Leftovers
|upkeep
|turn|29
|
|switch|p1a: Ferrothorn|Ferrothorn, M|53/100 brn
|move|p2a: Starmie|Recover|p2a: Starmie
|-heal|p2a: Starmie|100/100
|
|-weather|RainDance|[upkeep]
|-heal|p1a: Ferrothorn|59/100 brn|[from] item: Leftovers
|-damage|p1a: Ferrothorn|47/100 brn|[from] brn
|upkeep
|turn|30
|
|move|p2a: Starmie|Reflect Type|p1a: Ferrothorn
|-start|p2a: Starmie|typechange|[from] move: Reflect Type|[of] p1a: Ferrothorn
|move|p1a: Ferrothorn|Stealth Rock|p2a: Starmie
|-sidestart|p2: Ujght|move: Stealth Rock
|
|-weather|RainDance|[upkeep]
|-heal|p1a: Ferrothorn|53/100 brn|[from] item: Leftovers
|-damage|p1a: Ferrothorn|41/100 brn|[from] brn
|upkeep
|turn|31
|
|switch|p1a: Tentacruel|Tentacruel, M|90/100
|move|p2a: Starmie|Rapid Spin|p1a: Tentacruel
|-crit|p1a: Tentacruel
|-damage|p1a: Tentacruel|84/100
|-sideend|p2: Ujght|Stealth Rock|[from] move: Rapid Spin|[of] p2a: Starmie
|
|-weather|RainDance|[upkeep]
|-heal|p1a: Tentacruel|90/100|[from] ability: Rain Dish
|-heal|p1a: Tentacruel|96/100|[from] item: Black Sludge
|upkeep
|turn|32
|
|move|p2a: Starmie|Scald|p1a: Tentacruel
|-resisted|p1a: Tentacruel
|-damage|p1a: Tentacruel|84/100
|move|p1a: Tentacruel|Scald|p2a: Starmie
|-resisted|p2a: Starmie
|-damage|p2a: Starmie|79/100
|
|-weather|RainDance|[upkeep]
|-heal|p1a: Tentacruel|90/100|[from] ability: Rain Dish
|-heal|p2a: Starmie|86/100|[from] item: Leftovers
|-heal|p1a: Tentacruel|96/100|[from] item: Black Sludge
|upkeep
|turn|33
|
|move|p2a: Starmie|Scald|p1a: Tentacruel
|-resisted|p1a: Tentacruel
|-damage|p1a: Tentacruel|84/100
|-status|p1a: Tentacruel|brn
|move|p1a: Tentacruel|Scald|p2a: Starmie
|-resisted|p2a: Starmie
|-damage|p2a: Starmie|66/100
|
|-weather|RainDance|[upkeep]
|-heal|p1a: Tentacruel|90/100 brn|[from] ability: Rain Dish
|-heal|p2a: Starmie|72/100|[from] item: Leftovers
|-heal|p1a: Tentacruel|96/100 brn|[from] item: Black Sludge
|-damage|p1a: Tentacruel|84/100 brn|[from] brn
|upkeep
|turn|34
|c|☆Melle2402|Where are my burns
|
|move|p2a: Starmie|Scald|p1a: Tentacruel
|-resisted|p1a: Tentacruel
|-damage|p1a: Tentacruel|72/100 brn
|move|p1a: Tentacruel|Scald|p2a: Starmie
|-resisted|p2a: Starmie
|-damage|p2a: Starmie|51/100
|
|-weather|RainDance|[upkeep]
|-heal|p1a: Tentacruel|78/100 brn|[from] ability: Rain Dish
|-heal|p2a: Starmie|57/100|[from] item: Leftovers
|-heal|p1a: Tentacruel|84/100 brn|[from] item: Black Sludge
|-damage|p1a: Tentacruel|71/100 brn|[from] brn
|upkeep
|turn|35
|
|move|p2a: Starmie|Recover|p2a: Starmie
|-heal|p2a: Starmie|100/100
|move|p1a: Tentacruel|Scald|p2a: Starmie
|-resisted|p2a: Starmie
|-damage|p2a: Starmie|81/100
|-status|p2a: Starmie|brn
|
|-weather|RainDance|[upkeep]
|-heal|p1a: Tentacruel|78/100 brn|[from] ability: Rain Dish
|-heal|p2a: Starmie|87/100 brn|[from] item: Leftovers
|-heal|p1a: Tentacruel|84/100 brn|[from] item: Black Sludge
|-damage|p2a: Starmie|75/100 brn|[from] brn
|-damage|p1a: Tentacruel|71/100 brn|[from] brn
|upkeep
|turn|36
|
|move|p1a: Tentacruel|Protect|p1a: Tentacruel
|-singleturn|p1a: Tentacruel|Protect
|move|p2a: Starmie|Scald|p1a: Tentacruel
|-activate|p1a: Tentacruel|move: Protect
|
|-weather|RainDance|[upkeep]
|-heal|p1a: Tentacruel|77/100 brn|[from] ability: Rain Dish
|-heal|p2a: Starmie|81/100 brn|[from] item: Leftovers
|-heal|p1a: Tentacruel|83/100 brn|[from] item: Black Sludge
|-damage|p2a: Starmie|69/100 brn|[from] brn
|-damage|p1a: Tentacruel|71/100 brn|[from] brn
|upkeep
|turn|37
|
|switch|p1a: Ferrothorn|Ferrothorn, M|41/100 brn
|move|p2a: Starmie|Scald|p1a: Ferrothorn
|-resisted|p1a: Ferrothorn
|-damage|p1a: Ferrothorn|32/100 brn
|
|-weather|RainDance|[upkeep]
|-heal|p2a: Starmie|75/100 brn|[from] item: Leftovers
|-heal|p1a: Ferrothorn|38/100 brn|[from] item: Leftovers
|-damage|p2a: Starmie|63/100 brn|[from] brn
|-damage|p1a: Ferrothorn|26/100 brn|[from] brn
|upkeep
|turn|38
|
|move|p2a: Starmie|Recover|p2a: Starmie
|-heal|p2a: Starmie|100/100 brn
|move|p1a: Ferrothorn|Stealth Rock|p2a: Starmie
|-sidestart|p2: Ujght|move: Stealth Rock
|
|-weather|RainDance|[upkeep]
|-heal|p1a: Ferrothorn|32/100 brn|[from] item: Leftovers
|-damage|p2a: Starmie|88/100 brn|[from] brn
|-damage|p1a: Ferrothorn|19/100 brn|[from] brn
|upkeep
|turn|39
|
|switch|p1a: Thundurus|Thundurus-Therian, M|70/100
|move|p2a: Starmie|Rapid Spin|p1a: Thundurus
|-damage|p1a: Thundurus|68/100
|-sideend|p2: Ujght|Stealth Rock|[from] move: Rapid Spin|[of] p2a: Starmie
|
|-weather|RainDance|[upkeep]
|-heal|p2a: Starmie|94/100 brn|[from] item: Leftovers
|-damage|p2a: Starmie|82/100 brn|[from] brn
|upkeep
|turn|40
|
|switch|p2a: Tyranitar|Tyranitar, F|67/100
|-weather|Sandstorm|[from] ability: Sand Stream|[of] p2a: Tyranitar
|move|p1a: Thundurus|Focus Blast|p2a: Tyranitar
|-supereffective|p2a: Tyranitar
|-enditem|p2a: Tyranitar|Chople Berry|[eat]
|-enditem|p2a: Tyranitar|Chople Berry|[weaken]
|-damage|p2a: Tyranitar|16/100
|-unboost|p2a: Tyranitar|spd|1
|
|-weather|Sandstorm|[upkeep]
|-damage|p1a: Thundurus|62/100|[from] Sandstorm
|upkeep
|turn|41
|
|move|p1a: Thundurus|Hidden Power|p2a: Tyranitar
|-crit|p2a: Tyranitar
|-damage|p2a: Tyranitar|0 fnt
|faint|p2a: Tyranitar
|
|-weather|Sandstorm|[upkeep]
|-damage|p1a: Thundurus|56/100|[from] Sandstorm
|upkeep
|
|switch|p2a: Garchomp|Garchomp, M|100/100
|turn|42
|
|switch|p1a: Ferrothorn|Ferrothorn, M|19/100 brn
|move|p2a: Garchomp|Outrage|p1a: Ferrothorn
|-resisted|p1a: Ferrothorn
|-damage|p1a: Ferrothorn|0 fnt
|-damage|p2a: Garchomp|88/100|[from] ability: Iron Barbs|[of] p1a: Ferrothorn
|faint|p1a: Ferrothorn
|
|-weather|Sandstorm|[upkeep]
|upkeep
|
|switch|p1a: Tentacruel|Tentacruel, M|71/100 brn
|turn|43
|
|move|p1a: Tentacruel|Protect|p1a: Tentacruel
|-singleturn|p1a: Tentacruel|Protect
|move|p2a: Garchomp|Outrage|p1a: Tentacruel|[from]lockedmove
|-activate|p1a: Tentacruel|move: Protect
|-start|p2a: Garchomp|confusion|[fatigue]
|
|-weather|Sandstorm|[upkeep]
|-damage|p1a: Tentacruel|65/100 brn|[from] Sandstorm
|-heal|p1a: Tentacruel|71/100 brn|[from] item: Black Sludge
|-damage|p1a: Tentacruel|59/100 brn|[from] brn
|upkeep
|turn|44
|
|switch|p2a: Starmie|Starmie|82/100
|move|p1a: Tentacruel|Scald|p2a: Starmie
|-resisted|p2a: Starmie
|-damage|p2a: Starmie|69/100
|
|-weather|Sandstorm|[upkeep]
|-damage|p2a: Starmie|63/100|[from] Sandstorm
|-damage|p1a: Tentacruel|52/100 brn|[from] Sandstorm
|-heal|p2a: Starmie|69/100|[from] item: Leftovers
|-heal|p1a: Tentacruel|59/100 brn|[from] item: Black Sludge
|-damage|p1a: Tentacruel|46/100 brn|[from] brn
|upkeep
|turn|45
|
|switch|p1a: Politoed|Politoed, M|60/100
|-weather|RainDance|[from] ability: Drizzle|[of] p1a: Politoed
|move|p2a: Starmie|Scald|p1a: Politoed
|-resisted|p1a: Politoed
|-damage|p1a: Politoed|39/100
|-status|p1a: Politoed|brn
|
|-weather|RainDance|[upkeep]
|-heal|p2a: Starmie|75/100|[from] item: Leftovers
|-damage|p1a: Politoed|27/100 brn|[from] brn
|upkeep
|turn|46
|
|switch|p1a: Thundurus|Thundurus-Therian, M|56/100
|move|p2a: Starmie|Scald|p1a: Thundurus
|-damage|p1a: Thundurus|0 fnt
|faint|p1a: Thundurus
|
|-weather|RainDance|[upkeep]
|-heal|p2a: Starmie|82/100|[from] item: Leftovers
|upkeep
|
|switch|p1a: Garchomp|Garchomp, F, shiny|88/100
|turn|47
|
|move|p2a: Starmie|Scald|p1a: Garchomp
|-crit|p1a: Garchomp
|-damage|p1a: Garchomp|0 fnt
|faint|p1a: Garchomp
|
|-weather|RainDance|[upkeep]
|-heal|p2a: Starmie|88/100|[from] item: Leftovers
|upkeep
|c|☆Melle2402|Amazing
|c|☆Melle2402|this starmie had a burn rate of 80% and crits now as well
|c|☆Ujght|not that useful
|c|☆Melle2402|w/e
|
|switch|p1a: Tentacruel|Tentacruel, M|46/100 brn
|turn|48
|
|move|p2a: Starmie|Scald|p1a: Tentacruel
|-resisted|p1a: Tentacruel
|-damage|p1a: Tentacruel|28/100 brn
|move|p1a: Tentacruel|Scald|p2a: Starmie
|-resisted|p2a: Starmie
|-damage|p2a: Starmie|66/100
|-status|p2a: Starmie|brn
|
|-weather|RainDance|[upkeep]
|-heal|p1a: Tentacruel|34/100 brn|[from] ability: Rain Dish
|-heal|p2a: Starmie|72/100 brn|[from] item: Leftovers
|-heal|p1a: Tentacruel|40/100 brn|[from] item: Black Sludge
|-damage|p2a: Starmie|59/100 brn|[from] brn
|-damage|p1a: Tentacruel|28/100 brn|[from] brn
|upkeep
|turn|49
|
|move|p2a: Starmie|Recover|p2a: Starmie
|-heal|p2a: Starmie|100/100 brn
|move|p1a: Tentacruel|Scald|p2a: Starmie
|-resisted|p2a: Starmie
|-damage|p2a: Starmie|80/100 brn
|
|-weather|RainDance|[upkeep]
|-heal|p1a: Tentacruel|34/100 brn|[from] ability: Rain Dish
|-heal|p2a: Starmie|86/100 brn|[from] item: Leftovers
|-heal|p1a: Tentacruel|40/100 brn|[from] item: Black Sludge
|-damage|p2a: Starmie|74/100 brn|[from] brn
|-damage|p1a: Tentacruel|28/100 brn|[from] brn
|upkeep
|turn|50
|
|move|p2a: Starmie|Scald|p1a: Tentacruel
|-resisted|p1a: Tentacruel
|-damage|p1a: Tentacruel|12/100 brn
|move|p1a: Tentacruel|Scald|p2a: Starmie
|-resisted|p2a: Starmie
|-damage|p2a: Starmie|52/100 brn
|
|-weather|RainDance|[upkeep]
|-heal|p1a: Tentacruel|18/100 brn|[from] ability: Rain Dish
|-heal|p2a: Starmie|58/100 brn|[from] item: Leftovers
|-heal|p1a: Tentacruel|24/100 brn|[from] item: Black Sludge
|-damage|p2a: Starmie|46/100 brn|[from] brn
|-damage|p1a: Tentacruel|12/100 brn|[from] brn
|upkeep
|turn|51
|
|move|p2a: Starmie|Recover|p2a: Starmie
|-heal|p2a: Starmie|96/100 brn
|move|p1a: Tentacruel|Scald|p2a: Starmie
|-resisted|p2a: Starmie
|-damage|p2a: Starmie|74/100 brn
|
|-weather|RainDance|[upkeep]
|-heal|p1a: Tentacruel|18/100 brn|[from] ability: Rain Dish
|-heal|p2a: Starmie|81/100 brn|[from] item: Leftovers
|-heal|p1a: Tentacruel|24/100 brn|[from] item: Black Sludge
|-damage|p2a: Starmie|68/100 brn|[from] brn
|-damage|p1a: Tentacruel|11/100 brn|[from] brn
|upkeep
|turn|52
|j| LTEZ No 41 st
|
|move|p2a: Starmie|Scald|p1a: Tentacruel
|-resisted|p1a: Tentacruel
|-damage|p1a: Tentacruel|0 fnt
|faint|p1a: Tentacruel
|
|-weather|RainDance|[upkeep]
|-heal|p2a: Starmie|74/100 brn|[from] item: Leftovers
|-damage|p2a: Starmie|62/100 brn|[from] brn
|upkeep
|
|switch|p1a: Politoed|Politoed, M|27/100 brn
|turn|53
|l| LTEZ No 41 st
|
|move|p1a: Politoed|Hydro Pump|p2a: Starmie
|-resisted|p2a: Starmie
|-damage|p2a: Starmie|21/100 brn
|move|p2a: Starmie|Scald|p1a: Politoed
|-resisted|p1a: Politoed
|-damage|p1a: Politoed|4/100 brn
|
|-weather|RainDance|[upkeep]
|-heal|p2a: Starmie|27/100 brn|[from] item: Leftovers
|-damage|p1a: Politoed|0 fnt|[from] brn
|faint|p1a: Politoed
|
|win|Ujght
|upkeep
|c|☆Melle2402|gg i guess
|c|☆Melle2402|but this one sucked
|raw|Melle2402's rating: 1466 &rarr; <strong>1441</strong><br />(-25 for losing)
|raw|Ujght's rating: 1379 &rarr; <strong>1404</strong><br />(+25 for winning)
|c|☆Ujght|gg
|c|☆Ujght|it just makes things fastr
|l|☆Ujght
|l|☆Melle2402
