|j|☆Hazess
|j|☆Sora21098
|t:|1744310949
|gametype|singles
|player|p1|Hazess|hilbert|1369
|player|p2|Sora21098|ethan|1300
|teamsize|p1|6
|teamsize|p2|6
|gen|5
|tier|[Gen 5] OU
|rated|
|rule|Species Clause: Limit one of each Pokémon
|rule|OHKO Clause: OHKO moves are banned
|rule|Moody Clause: Moody is banned
|rule|Evasion Items Clause: Evasion items are banned
|rule|Evasion Moves Clause: Evasion moves are banned
|rule|Endless Battle Clause: Forcing endless battles is banned
|rule|HP Percentage Mod: HP is shown in percentages
|rule|Evasion Abilities Clause: Evasion abilities are banned
|rule|Sleep Moves Clause: Sleep-inducing moves are banned
|rule|Swagger Clause: Swagger is banned
|rule|Baton Pass Stat Clause: No Baton Passer may have a way to boost its stats
|clearpoke
|poke|p1|Infernape, M|item
|poke|p1|Latios, M|item
|poke|p1|Garchomp, M|item
|poke|p1|Starmie|item
|poke|p1|Jirachi|item
|poke|p1|Thundurus-Therian, M|item
|poke|p2|Dragonite, M|item
|poke|p2|Ferrothorn, F|item
|poke|p2|Tentacruel, M|item
|poke|p2|Chansey, F|item
|poke|p2|Forretress, F|
|poke|p2|Jellicent, F|item
|teampreview
|inactive|Battle timer is ON: inactive players will automatically lose when time's up. (requested by Hazess)
|inactive|Hazess has 120 seconds left.
|
|t:|1744310993
|start
|switch|p1a: Starmie|Starmie|100/100
|switch|p2a: Forretress|Forretress, F|100/100
|-item|p1a: Starmie|Air Balloon
|turn|1
|j| le imposteur
|
|t:|1744311008
|move|p1a: Starmie|Thunder|p2a: Forretress
|-damage|p2a: Forretress|52/100
|-status|p2a: Forretress|par
|move|p2a: Forretress|Gyro Ball|p1a: Starmie
|-resisted|p1a: Starmie
|-damage|p1a: Starmie|65/100
|-enditem|p1a: Starmie|Air Balloon
|
|upkeep
|turn|2
|
|t:|1744311036
|switch|p1a: Thundurus|Thundurus-Therian, M|100/100
|switch|p2a: Chansey|Chansey, F|100/100
|
|upkeep
|turn|3
|
|t:|1744311045
|switch|p1a: Latios|Latios, M|100/100
|move|p2a: Chansey|Toxic|p1a: Latios
|-status|p1a: Latios|tox
|
|-damage|p1a: Latios|95/100 tox|[from] psn
|upkeep
|turn|4
|
|t:|1744311056
|move|p1a: Latios|Trick|p2a: Chansey
|-activate|p1a: Latios|move: Trick|[of] p2a: Chansey
|-item|p2a: Chansey|Choice Scarf|[from] move: Trick
|-item|p1a: Latios|Eviolite|[from] move: Trick
|move|p2a: Chansey|Seismic Toss|p1a: Latios
|-damage|p1a: Latios|61/100 tox
|
|-damage|p1a: Latios|49/100 tox|[from] psn
|upkeep
|turn|5
|
|t:|1744311073
|switch|p1a: Jirachi|Jirachi|100/100
|move|p2a: Chansey|Seismic Toss|p1a: Jirachi
|-damage|p1a: Jirachi|74/100
|
|upkeep
|turn|6
|
|t:|1744311081
|move|p1a: Jirachi|U-turn|p2a: Chansey
|-damage|p2a: Chansey|80/100
|
|t:|1744311088
|switch|p1a: Latios|Latios, M|49/100 tox|[from] U-turn
|move|p2a: Chansey|Seismic Toss|p1a: Latios
|-damage|p1a: Latios|16/100 tox
|
|-damage|p1a: Latios|10/100 tox|[from] psn
|upkeep
|turn|7
|
|t:|1744311095
|switch|p1a: Jirachi|Jirachi|74/100
|move|p2a: Chansey|Seismic Toss|p1a: Jirachi
|-damage|p1a: Jirachi|47/100
|
|upkeep
|turn|8
|
|t:|1744311101
|move|p1a: Jirachi|Iron Head|p2a: Chansey
|-damage|p2a: Chansey|50/100
|move|p2a: Chansey|Seismic Toss|p1a: Jirachi
|-damage|p1a: Jirachi|20/100
|
|upkeep
|turn|9
|
|t:|1744311107
|move|p1a: Jirachi|Iron Head|p2a: Chansey
|-damage|p2a: Chansey|16/100
|move|p2a: Chansey|Seismic Toss|p1a: Jirachi
|-damage|p1a: Jirachi|0 fnt
|faint|p1a: Jirachi
|
|upkeep
|
|t:|1744311124
|switch|p1a: Thundurus|Thundurus-Therian, M|100/100
|turn|10
|
|t:|1744311128
|move|p1a: Thundurus|Focus Blast|p2a: Chansey|[miss]
|-miss|p1a: Thundurus|p2a: Chansey
|move|p2a: Chansey|Seismic Toss|p1a: Thundurus
|-damage|p1a: Thundurus|68/100
|
|-heal|p1a: Thundurus|74/100|[from] item: Leftovers
|upkeep
|turn|11
|
|t:|1744311135
|move|p1a: Thundurus|Focus Blast|p2a: Chansey|[miss]
|-miss|p1a: Thundurus|p2a: Chansey
|move|p2a: Chansey|Seismic Toss|p1a: Thundurus
|-damage|p1a: Thundurus|41/100
|
|-heal|p1a: Thundurus|47/100|[from] item: Leftovers
|upkeep
|turn|12
|
|t:|1744311143
|move|p1a: Thundurus|Focus Blast|p2a: Chansey|[miss]
|-miss|p1a: Thundurus|p2a: Chansey
|move|p2a: Chansey|Seismic Toss|p1a: Thundurus
|-damage|p1a: Thundurus|15/100
|
|-heal|p1a: Thundurus|21/100|[from] item: Leftovers
|upkeep
|turn|13
|
|t:|1744311151
|move|p1a: Thundurus|Focus Blast|p2a: Chansey|[miss]
|-miss|p1a: Thundurus|p2a: Chansey
|move|p2a: Chansey|Seismic Toss|p1a: Thundurus
|-damage|p1a: Thundurus|0 fnt
|faint|p1a: Thundurus
|
|upkeep
|-message|Hazess forfeited.
|
|win|Sora21098
|raw|Hazess's rating: 1369 &rarr; <strong>1345</strong><br />(-24 for losing)
|raw|Sora21098's rating: 1300 &rarr; <strong>1330</strong><br />(+30 for winning)
|l|☆Hazess
|player|p1|
