|j|☆ReallyFunTeams
|j|☆when it shutdown
|t:|1706291523
|gametype|singles
|player|p1|ReallyFunTeams|janitor|1391
|player|p2|when it shutdown|rosa|1477
|teamsize|p1|6
|teamsize|p2|6
|gen|5
|tier|[Gen 5] OU
|rated|
|rule|Species Clause: Limit one of each Pokémon
|rule|OHKO Clause: OHKO moves are banned
|rule|Moody Clause: Moody is banned
|rule|Evasion Items Clause: Evasion items are banned
|rule|Evasion Moves Clause: Evasion moves are banned
|rule|Endless Battle Clause: Forcing endless battles is banned
|rule|HP Percentage Mod: HP is shown in percentages
|rule|Evasion Abilities Clause: Evasion abilities are banned
|rule|Sleep Moves Clause: Sleep-inducing moves are banned
|rule|Swagger Clause: Swagger is banned
|rule|Baton Pass Stat Clause: No Baton Passer may have a way to boost its stats
|clearpoke
|poke|p1|Dragonite, M|item
|poke|p1|Scizor, M|item
|poke|p1|Forretress, F|item
|poke|p1|Ferrothorn, M|item
|poke|p1|Alakazam, M|item
|poke|p1|Rotom-Wash|item
|poke|p2|Skarmory, F|item
|poke|p2|Reuniclus, F|item
|poke|p2|Hippowdon, F|item
|poke|p2|Latios, M|item
|poke|p2|Bronzong|item
|poke|p2|Rotom-Wash|item
|teampreview
|inactive|Battle timer is ON: inactive players will automatically lose when time's up. (requested by ReallyFunTeams)
|
|t:|1706291541
|start
|switch|p1a: Rotom|Rotom-Wash|100/100
|switch|p2a: Rotom|Rotom-Wash|100/100
|turn|1
|
|t:|1706291547
|move|p2a: Rotom|Will-O-Wisp|p1a: Rotom
|-status|p1a: Rotom|brn
|move|p1a: Rotom|Toxic|p2a: Rotom
|-status|p2a: Rotom|tox
|
|-damage|p2a: Rotom|95/100 tox|[from] psn
|-damage|p1a: Rotom|88/100 brn|[from] brn
|upkeep
|turn|2
|j| el janitor
|inactive|when it shutdown has 120 seconds left.
|
|t:|1706291593
|move|p2a: Rotom|Volt Switch|p1a: Rotom
|-damage|p1a: Rotom|68/100 brn
|
|t:|1706291597
|switch|p2a: Reuniclus|Reuniclus, F|100/100|[from] Volt Switch
|move|p1a: Rotom|Will-O-Wisp|p2a: Reuniclus|[miss]
|-miss|p1a: Rotom|p2a: Reuniclus
|
|-heal|p1a: Rotom|75/100 brn|[from] item: Leftovers
|-damage|p1a: Rotom|62/100 brn|[from] brn
|upkeep
|turn|3
|
|t:|1706291604
|switch|p2a: Hippowdon|Hippowdon, F|100/100
|-weather|Sandstorm|[from] ability: Sand Stream|[of] p2a: Hippowdon
|move|p1a: Rotom|Volt Switch|p2a: Hippowdon
|-immune|p2a: Hippowdon
|
|-weather|Sandstorm|[upkeep]
|-damage|p1a: Rotom|56/100 brn|[from] Sandstorm
|-heal|p1a: Rotom|62/100 brn|[from] item: Leftovers
|-damage|p1a: Rotom|50/100 brn|[from] brn
|upkeep
|turn|4
|
|t:|1706291615
|switch|p2a: Latios|Latios, M|100/100
|move|p1a: Rotom|Hydro Pump|p2a: Latios
|-resisted|p2a: Latios
|-damage|p2a: Latios|76/100
|
|-weather|Sandstorm|[upkeep]
|-damage|p2a: Latios|70/100|[from] Sandstorm
|-damage|p1a: Rotom|43/100 brn|[from] Sandstorm
|-heal|p1a: Rotom|50/100 brn|[from] item: Leftovers
|-damage|p1a: Rotom|37/100 brn|[from] brn
|upkeep
|turn|5
|l| el janitor
|
|t:|1706291626
|move|p2a: Latios|Draco Meteor|p1a: Rotom
|-damage|p1a: Rotom|0 fnt
|-unboost|p2a: Latios|spa|2
|faint|p1a: Rotom
|
|-weather|Sandstorm|[upkeep]
|-damage|p2a: Latios|64/100|[from] Sandstorm
|upkeep
|
|t:|1706291634
|switch|p1a: Scizor|Scizor, M|100/100
|turn|6
|
|t:|1706291636
|move|p2a: Latios|Thunder Wave|p1a: Scizor
|-status|p1a: Scizor|par
|move|p1a: Scizor|Pursuit|p2a: Latios
|-supereffective|p2a: Latios
|-crit|p2a: Latios
|-enditem|p2a: Latios|Colbur Berry|[eat]
|-enditem|p2a: Latios|Colbur Berry|[weaken]
|-damage|p2a: Latios|0 fnt
|faint|p2a: Latios
|
|-weather|Sandstorm|[upkeep]
|upkeep
|
|t:|1706291642
|switch|p2a: Hippowdon|Hippowdon, F|100/100
|turn|7
|
|t:|1706291654
|switch|p1a: Forretress|Forretress, F|100/100
|move|p2a: Hippowdon|Stealth Rock|p1a: Forretress
|-sidestart|p1: ReallyFunTeams|move: Stealth Rock
|
|-weather|Sandstorm|[upkeep]
|upkeep
|turn|8
|
|t:|1706291664
|switch|p2a: Skarmory|Skarmory, F|100/100
|move|p1a: Forretress|Stealth Rock|p2a: Skarmory
|-sidestart|p2: when it shutdown|move: Stealth Rock
|
|-weather|Sandstorm|[upkeep]
|upkeep
|turn|9
|
|t:|1706291670
|move|p1a: Forretress|Rapid Spin|p2a: Skarmory
|-resisted|p2a: Skarmory
|-damage|p2a: Skarmory|98/100
|-sideend|p1: ReallyFunTeams|Stealth Rock|[from] move: Rapid Spin|[of] p1a: Forretress
|move|p2a: Skarmory|Roar|p1a: Forretress
|drag|p1a: Dragonite|Dragonite, M|100/100
|
|-weather|Sandstorm|[upkeep]
|-damage|p1a: Dragonite|94/100|[from] Sandstorm
|upkeep
|turn|10
|
|t:|1706291683
|switch|p1a: Forretress|Forretress, F|100/100
|move|p2a: Skarmory|Spikes|p1a: Forretress
|-sidestart|p1: ReallyFunTeams|Spikes
|
|-weather|Sandstorm|[upkeep]
|upkeep
|turn|11
|
|t:|1706291693
|move|p1a: Forretress|Rapid Spin|p2a: Skarmory
|-resisted|p2a: Skarmory
|-damage|p2a: Skarmory|97/100
|-sideend|p1: ReallyFunTeams|Spikes|[from] move: Rapid Spin|[of] p1a: Forretress
|move|p2a: Skarmory|Roar|p1a: Forretress
|drag|p1a: Scizor|Scizor, M|100/100 par
|
|-weather|Sandstorm|[upkeep]
|upkeep
|turn|12
|
|t:|1706291701
|switch|p1a: Forretress|Forretress, F|100/100
|move|p2a: Skarmory|Spikes|p1a: Forretress
|-sidestart|p1: ReallyFunTeams|Spikes
|
|-weather|Sandstorm|[upkeep]
|upkeep
|turn|13
|
|t:|1706291707
|move|p2a: Skarmory|Brave Bird|p1a: Forretress
|-damage|p1a: Forretress|72/100
|-damage|p2a: Skarmory|88/100|[from] Recoil
|move|p1a: Forretress|Rapid Spin|p2a: Skarmory
|-resisted|p2a: Skarmory
|-damage|p2a: Skarmory|86/100
|-sideend|p1: ReallyFunTeams|Spikes|[from] move: Rapid Spin|[of] p1a: Forretress
|
|-weather|Sandstorm|[upkeep]
|upkeep
|turn|14
|
|t:|1706291718
|move|p2a: Skarmory|Spikes|p1a: Forretress
|-sidestart|p1: ReallyFunTeams|Spikes
|move|p1a: Forretress|Spikes|p2a: Skarmory
|-sidestart|p2: when it shutdown|Spikes
|
|-weather|Sandstorm|[upkeep]
|upkeep
|turn|15
|
|t:|1706291723
|move|p1a: Forretress|Rapid Spin|p2a: Skarmory
|-resisted|p2a: Skarmory
|-damage|p2a: Skarmory|85/100
|-sideend|p1: ReallyFunTeams|Spikes|[from] move: Rapid Spin|[of] p1a: Forretress
|move|p2a: Skarmory|Roar|p1a: Forretress
|drag|p1a: Scizor|Scizor, M|100/100 par
|
|-weather|Sandstorm|[upkeep]
|upkeep
|turn|16
|
|t:|1706291733
|move|p2a: Skarmory|Spikes|p1a: Scizor
|-sidestart|p1: ReallyFunTeams|Spikes
|move|p1a: Scizor|U-turn|p2a: Skarmory
|-resisted|p2a: Skarmory
|-damage|p2a: Skarmory|75/100
|
|t:|1706291742
|switch|p1a: Ferrothorn|Ferrothorn, M|100/100|[from] U-turn
|-damage|p1a: Ferrothorn|88/100|[from] Spikes
|
|-weather|Sandstorm|[upkeep]
|-heal|p1a: Ferrothorn|94/100|[from] item: Leftovers
|upkeep
|turn|17
|
|t:|1706291749
|move|p2a: Skarmory|Spikes|p1a: Ferrothorn
|-sidestart|p1: ReallyFunTeams|Spikes
|move|p1a: Ferrothorn|Leech Seed|p2a: Skarmory
|-start|p2a: Skarmory|move: Leech Seed
|
|-weather|Sandstorm|[upkeep]
|-heal|p1a: Ferrothorn|100/100|[from] item: Leftovers
|-damage|p2a: Skarmory|63/100|[from] Leech Seed|[of] p1a: Ferrothorn
|upkeep
|turn|18
|
|t:|1706291756
|move|p2a: Skarmory|Spikes|p1a: Ferrothorn
|-sidestart|p1: ReallyFunTeams|Spikes
|move|p1a: Ferrothorn|Curse|p1a: Ferrothorn
|-unboost|p1a: Ferrothorn|spe|1
|-boost|p1a: Ferrothorn|atk|1
|-boost|p1a: Ferrothorn|def|1
|
|-weather|Sandstorm|[upkeep]
|-damage|p2a: Skarmory|51/100|[from] Leech Seed|[of] p1a: Ferrothorn
|upkeep
|turn|19
|
|t:|1706291763
|move|p2a: Skarmory|Roost|p2a: Skarmory
|-heal|p2a: Skarmory|100/100
|-singleturn|p2a: Skarmory|move: Roost
|move|p1a: Ferrothorn|Curse|p1a: Ferrothorn
|-unboost|p1a: Ferrothorn|spe|1
|-boost|p1a: Ferrothorn|atk|1
|-boost|p1a: Ferrothorn|def|1
|
|-weather|Sandstorm|[upkeep]
|-damage|p2a: Skarmory|88/100|[from] Leech Seed|[of] p1a: Ferrothorn
|upkeep
|turn|20
|
|t:|1706291772
|switch|p2a: Reuniclus|Reuniclus, F|100/100
|move|p1a: Ferrothorn|Protect||[still]
|-fail|p1a: Ferrothorn
|
|-weather|Sandstorm|[upkeep]
|upkeep
|turn|21
|
|t:|1706291778
|switch|p2a: Skarmory|Skarmory, F|88/100
|-damage|p2a: Skarmory|76/100|[from] Stealth Rock
|move|p1a: Ferrothorn|Gyro Ball|p2a: Skarmory
|-resisted|p2a: Skarmory
|-damage|p2a: Skarmory|47/100
|
|-weather|Sandstorm|[upkeep]
|upkeep
|turn|22
|
|t:|1706291785
|move|p2a: Skarmory|Roost|p2a: Skarmory
|-heal|p2a: Skarmory|97/100
|-singleturn|p2a: Skarmory|move: Roost
|move|p1a: Ferrothorn|Leech Seed|p2a: Skarmory
|-start|p2a: Skarmory|move: Leech Seed
|
|-weather|Sandstorm|[upkeep]
|-damage|p2a: Skarmory|85/100|[from] Leech Seed|[of] p1a: Ferrothorn
|upkeep
|turn|23
|
|t:|1706291793
|move|p1a: Ferrothorn|Curse|p1a: Ferrothorn
|-unboost|p1a: Ferrothorn|spe|1
|-boost|p1a: Ferrothorn|atk|1
|-boost|p1a: Ferrothorn|def|1
|move|p2a: Skarmory|Roar|p1a: Ferrothorn
|drag|p1a: Alakazam|Alakazam, M|100/100
|
|-weather|Sandstorm|[upkeep]
|-damage|p2a: Skarmory|73/100|[from] Leech Seed|[of] p1a: Alakazam
|upkeep
|turn|24
|
|t:|1706291813
|switch|p2a: Bronzong|Bronzong|100/100
|-damage|p2a: Bronzong|94/100|[from] Stealth Rock
|move|p1a: Alakazam|Focus Blast|p2a: Bronzong|[miss]
|-miss|p1a: Alakazam|p2a: Bronzong
|
|-weather|Sandstorm|[upkeep]
|-heal|p2a: Bronzong|100/100|[from] item: Leftovers
|upkeep
|turn|25
|
|t:|1706291828
|switch|p1a: Ferrothorn|Ferrothorn, M|100/100
|-damage|p1a: Ferrothorn|75/100|[from] Spikes
|move|p2a: Bronzong|Earthquake|p1a: Ferrothorn
|-damage|p1a: Ferrothorn|60/100
|
|-weather|Sandstorm|[upkeep]
|-heal|p1a: Ferrothorn|66/100|[from] item: Leftovers
|upkeep
|turn|26
|
|t:|1706291842
|switch|p2a: Reuniclus|Reuniclus, F|100/100
|switch|p1a: Forretress|Forretress, F|72/100
|-damage|p1a: Forretress|47/100|[from] Spikes
|
|-weather|Sandstorm|[upkeep]
|upkeep
|turn|27
|
|t:|1706291849
|move|p1a: Forretress|Rapid Spin|p2a: Reuniclus
|-damage|p2a: Reuniclus|96/100
|-sideend|p1: ReallyFunTeams|Spikes|[from] move: Rapid Spin|[of] p1a: Forretress
|move|p2a: Reuniclus|Thunder|p1a: Forretress|[miss]
|-miss|p2a: Reuniclus|p1a: Forretress
|
|-weather|Sandstorm|[upkeep]
|-heal|p2a: Reuniclus|100/100|[from] item: Leftovers
|upkeep
|turn|28
|
|t:|1706291871
|switch|p1a: Scizor|Scizor, M|100/100 par
|move|p2a: Reuniclus|Thunder|p1a: Scizor
|-damage|p1a: Scizor|51/100 par
|
|-weather|Sandstorm|[upkeep]
|upkeep
|turn|29
|
|t:|1706291878
|move|p2a: Reuniclus|Thunder|p1a: Scizor
|-damage|p1a: Scizor|4/100 par
|move|p1a: Scizor|Pursuit|p2a: Reuniclus
|-supereffective|p2a: Reuniclus
|-damage|p2a: Reuniclus|49/100
|
|-weather|Sandstorm|[upkeep]
|-heal|p2a: Reuniclus|55/100|[from] item: Leftovers
|upkeep
|turn|30
|
|t:|1706291897
|move|p2a: Reuniclus|Recover|p2a: Reuniclus
|-heal|p2a: Reuniclus|100/100
|cant|p1a: Scizor|par
|
|-weather|Sandstorm|[upkeep]
|upkeep
|turn|31
|
|t:|1706291902
|move|p2a: Reuniclus|Hidden Power|p1a: Scizor
|-resisted|p1a: Scizor
|-damage|p1a: Scizor|0 fnt
|faint|p1a: Scizor
|
|-weather|Sandstorm|[upkeep]
|upkeep
|
|t:|1706291917
|switch|p1a: Ferrothorn|Ferrothorn, M|66/100
|turn|32
|
|t:|1706291923
|switch|p2a: Skarmory|Skarmory, F|73/100
|-damage|p2a: Skarmory|60/100|[from] Stealth Rock
|move|p1a: Ferrothorn|Curse|p1a: Ferrothorn
|-unboost|p1a: Ferrothorn|spe|1
|-boost|p1a: Ferrothorn|atk|1
|-boost|p1a: Ferrothorn|def|1
|
|-weather|Sandstorm|[upkeep]
|-heal|p1a: Ferrothorn|73/100|[from] item: Leftovers
|upkeep
|turn|33
|
|t:|1706291932
|move|p2a: Skarmory|Roost|p2a: Skarmory
|-heal|p2a: Skarmory|100/100
|-singleturn|p2a: Skarmory|move: Roost
|move|p1a: Ferrothorn|Leech Seed|p2a: Skarmory
|-start|p2a: Skarmory|move: Leech Seed
|
|-weather|Sandstorm|[upkeep]
|-heal|p1a: Ferrothorn|79/100|[from] item: Leftovers
|-damage|p2a: Skarmory|88/100|[from] Leech Seed|[of] p1a: Ferrothorn
|-heal|p1a: Ferrothorn|91/100|[silent]
|upkeep
|turn|34
|
|t:|1706291948
|switch|p2a: Reuniclus|Reuniclus, F|100/100
|switch|p1a: Forretress|Forretress, F|47/100
|
|-weather|Sandstorm|[upkeep]
|upkeep
|turn|35
|
|t:|1706291960
|switch|p1a: Ferrothorn|Ferrothorn, M|91/100
|move|p2a: Reuniclus|Thunder|p1a: Ferrothorn
|-resisted|p1a: Ferrothorn
|-damage|p1a: Ferrothorn|80/100
|
|-weather|Sandstorm|[upkeep]
|-heal|p1a: Ferrothorn|86/100|[from] item: Leftovers
|upkeep
|turn|36
|
|t:|1706291967
|switch|p2a: Rotom|Rotom-Wash|95/100 tox
|-damage|p2a: Rotom|82/100 tox|[from] Stealth Rock
|move|p1a: Ferrothorn|Curse|p1a: Ferrothorn
|-unboost|p1a: Ferrothorn|spe|1
|-boost|p1a: Ferrothorn|atk|1
|-boost|p1a: Ferrothorn|def|1
|
|-weather|Sandstorm|[upkeep]
|-damage|p2a: Rotom|76/100 tox|[from] Sandstorm
|-heal|p2a: Rotom|82/100 tox|[from] item: Leftovers
|-heal|p1a: Ferrothorn|93/100|[from] item: Leftovers
|-damage|p2a: Rotom|76/100 tox|[from] psn
|upkeep
|turn|37
|
|t:|1706291980
|move|p1a: Ferrothorn|Protect|p1a: Ferrothorn
|-singleturn|p1a: Ferrothorn|Protect
|move|p2a: Rotom|Will-O-Wisp|p1a: Ferrothorn
|-activate|p1a: Ferrothorn|move: Protect
|
|-weather|Sandstorm|[upkeep]
|-damage|p2a: Rotom|70/100 tox|[from] Sandstorm
|-heal|p2a: Rotom|76/100 tox|[from] item: Leftovers
|-heal|p1a: Ferrothorn|99/100|[from] item: Leftovers
|-damage|p2a: Rotom|65/100 tox|[from] psn
|upkeep
|turn|38
|
|t:|1706291995
|switch|p1a: Alakazam|Alakazam, M|100/100
|move|p2a: Rotom|Will-O-Wisp|p1a: Alakazam
|-status|p1a: Alakazam|brn
|
|-weather|Sandstorm|[upkeep]
|-damage|p2a: Rotom|59/100 tox|[from] Sandstorm
|-heal|p2a: Rotom|65/100 tox|[from] item: Leftovers
|-damage|p2a: Rotom|47/100 tox|[from] psn
|upkeep
|turn|39
|
|t:|1706292006
|move|p1a: Alakazam|Shadow Ball|p2a: Rotom
|-damage|p2a: Rotom|19/100 tox
|-unboost|p2a: Rotom|spd|1
|move|p2a: Rotom|Volt Switch|p1a: Alakazam
|-damage|p1a: Alakazam|64/100 brn
|
|t:|1706292009
|switch|p2a: Bronzong|Bronzong|100/100|[from] Volt Switch
|-damage|p2a: Bronzong|94/100|[from] Stealth Rock
|
|-weather|Sandstorm|[upkeep]
|-heal|p2a: Bronzong|100/100|[from] item: Leftovers
|upkeep
|turn|40
|
|t:|1706292022
|switch|p1a: Ferrothorn|Ferrothorn, M|99/100
|move|p2a: Bronzong|Gyro Ball|p1a: Ferrothorn
|-resisted|p1a: Ferrothorn
|-damage|p1a: Ferrothorn|97/100
|-damage|p2a: Bronzong|88/100|[from] ability: Iron Barbs|[of] p1a: Ferrothorn
|
|-weather|Sandstorm|[upkeep]
|-heal|p2a: Bronzong|94/100|[from] item: Leftovers
|-heal|p1a: Ferrothorn|100/100|[from] item: Leftovers
|upkeep
|turn|41
|
|t:|1706292031
|switch|p2a: Hippowdon|Hippowdon, F|100/100
|-damage|p2a: Hippowdon|94/100|[from] Stealth Rock
|-damage|p2a: Hippowdon|82/100|[from] Spikes
|move|p1a: Ferrothorn|Curse|p1a: Ferrothorn
|-unboost|p1a: Ferrothorn|spe|1
|-boost|p1a: Ferrothorn|atk|1
|-boost|p1a: Ferrothorn|def|1
|
|-weather|Sandstorm|[upkeep]
|-heal|p2a: Hippowdon|88/100|[from] item: Leftovers
|upkeep
|turn|42
|
|t:|1706292041
|move|p2a: Hippowdon|Stealth Rock|p1a: Ferrothorn
|-sidestart|p1: ReallyFunTeams|move: Stealth Rock
|move|p1a: Ferrothorn|Leech Seed|p2a: Hippowdon
|-start|p2a: Hippowdon|move: Leech Seed
|
|-weather|Sandstorm|[upkeep]
|-heal|p2a: Hippowdon|94/100|[from] item: Leftovers
|-damage|p2a: Hippowdon|82/100|[from] Leech Seed|[of] p1a: Ferrothorn
|upkeep
|turn|43
|
|t:|1706292048
|switch|p2a: Skarmory|Skarmory, F|88/100
|-damage|p2a: Skarmory|76/100|[from] Stealth Rock
|move|p1a: Ferrothorn|Curse|p1a: Ferrothorn
|-unboost|p1a: Ferrothorn|spe|1
|-boost|p1a: Ferrothorn|atk|1
|-boost|p1a: Ferrothorn|def|1
|
|-weather|Sandstorm|[upkeep]
|upkeep
|turn|44
|
|t:|1706292056
|move|p1a: Ferrothorn|Leech Seed|p2a: Skarmory
|-start|p2a: Skarmory|move: Leech Seed
|move|p2a: Skarmory|Roar|p1a: Ferrothorn
|drag|p1a: Alakazam|Alakazam, M|64/100 brn
|
|-weather|Sandstorm|[upkeep]
|-damage|p2a: Skarmory|64/100|[from] Leech Seed|[of] p1a: Alakazam
|-heal|p1a: Alakazam|81/100 brn|[silent]
|upkeep
|turn|45
|
|t:|1706292066
|switch|p1a: Forretress|Forretress, F|47/100
|-damage|p1a: Forretress|35/100|[from] Stealth Rock
|switch|p2a: Reuniclus|Reuniclus, F|100/100
|
|-weather|Sandstorm|[upkeep]
|upkeep
|turn|46
|
|t:|1706292073
|move|p1a: Forretress|Rapid Spin|p2a: Reuniclus
|-damage|p2a: Reuniclus|96/100
|-sideend|p1: ReallyFunTeams|Stealth Rock|[from] move: Rapid Spin|[of] p1a: Forretress
|move|p2a: Reuniclus|Thunder|p1a: Forretress
|-damage|p1a: Forretress|0 fnt
|faint|p1a: Forretress
|
|-weather|Sandstorm|[upkeep]
|-heal|p2a: Reuniclus|100/100|[from] item: Leftovers
|upkeep
|
|t:|1706292093
|switch|p1a: Dragonite|Dragonite, M|94/100
|turn|47
|
|t:|1706292096
|move|p1a: Dragonite|Dragon Dance|p1a: Dragonite
|-boost|p1a: Dragonite|atk|1
|-boost|p1a: Dragonite|spe|1
|move|p2a: Reuniclus|Hidden Power|p1a: Dragonite
|-supereffective|p1a: Dragonite
|-damage|p1a: Dragonite|12/100
|
|-weather|Sandstorm|[upkeep]
|-damage|p1a: Dragonite|5/100|[from] Sandstorm
|upkeep
|turn|48
|
|t:|1706292103
|move|p1a: Dragonite|Outrage|p2a: Reuniclus
|-damage|p2a: Reuniclus|24/100
|move|p2a: Reuniclus|Recover|p2a: Reuniclus
|-heal|p2a: Reuniclus|74/100
|
|-weather|Sandstorm|[upkeep]
|-damage|p1a: Dragonite|0 fnt|[from] Sandstorm
|faint|p1a: Dragonite
|-heal|p2a: Reuniclus|80/100|[from] item: Leftovers
|upkeep
|
|t:|1706292113
|switch|p1a: Alakazam|Alakazam, M|81/100 brn
|turn|49
|
|t:|1706292116
|switch|p2a: Bronzong|Bronzong|94/100
|-damage|p2a: Bronzong|88/100|[from] Stealth Rock
|move|p1a: Alakazam|Shadow Ball|p2a: Bronzong
|-damage|p2a: Bronzong|70/100
|
|-weather|Sandstorm|[upkeep]
|-heal|p2a: Bronzong|77/100|[from] item: Leftovers
|upkeep
|turn|50
|
|t:|1706292124
|move|p1a: Alakazam|Shadow Ball|p2a: Bronzong
|-damage|p2a: Bronzong|59/100
|move|p2a: Bronzong|Gyro Ball|p1a: Alakazam
|-damage|p1a: Alakazam|0 fnt
|faint|p1a: Alakazam
|
|-weather|Sandstorm|[upkeep]
|-heal|p2a: Bronzong|65/100|[from] item: Leftovers
|upkeep
|
|t:|1706292132
|switch|p1a: Ferrothorn|Ferrothorn, M|100/100
|turn|51
|
|t:|1706292137
|switch|p2a: Reuniclus|Reuniclus, F|80/100
|move|p1a: Ferrothorn|Curse|p1a: Ferrothorn
|-unboost|p1a: Ferrothorn|spe|1
|-boost|p1a: Ferrothorn|atk|1
|-boost|p1a: Ferrothorn|def|1
|
|-weather|Sandstorm|[upkeep]
|-heal|p2a: Reuniclus|86/100|[from] item: Leftovers
|upkeep
|turn|52
|
|t:|1706292152
|switch|p2a: Skarmory|Skarmory, F|64/100
|-damage|p2a: Skarmory|51/100|[from] Stealth Rock
|move|p1a: Ferrothorn|Curse|p1a: Ferrothorn
|-unboost|p1a: Ferrothorn|spe|1
|-boost|p1a: Ferrothorn|atk|1
|-boost|p1a: Ferrothorn|def|1
|
|-weather|Sandstorm|[upkeep]
|upkeep
|turn|53
|
|t:|1706292167
|move|p2a: Skarmory|Roost|p2a: Skarmory
|-heal|p2a: Skarmory|100/100
|-singleturn|p2a: Skarmory|move: Roost
|move|p1a: Ferrothorn|Leech Seed|p2a: Skarmory
|-start|p2a: Skarmory|move: Leech Seed
|
|-weather|Sandstorm|[upkeep]
|-damage|p2a: Skarmory|88/100|[from] Leech Seed|[of] p1a: Ferrothorn
|upkeep
|turn|54
|
|t:|1706292179
|switch|p2a: Reuniclus|Reuniclus, F|86/100
|move|p1a: Ferrothorn|Curse|p1a: Ferrothorn
|-unboost|p1a: Ferrothorn|spe|1
|-boost|p1a: Ferrothorn|atk|1
|-boost|p1a: Ferrothorn|def|1
|
|-weather|Sandstorm|[upkeep]
|-heal|p2a: Reuniclus|92/100|[from] item: Leftovers
|upkeep
|turn|55
|
|t:|1706292188
|switch|p2a: Bronzong|Bronzong|65/100
|-damage|p2a: Bronzong|59/100|[from] Stealth Rock
|move|p1a: Ferrothorn|Curse|p1a: Ferrothorn
|-unboost|p1a: Ferrothorn|spe|1
|-boost|p1a: Ferrothorn|atk|1
|-boost|p1a: Ferrothorn|def|1
|
|-weather|Sandstorm|[upkeep]
|-heal|p2a: Bronzong|65/100|[from] item: Leftovers
|upkeep
|turn|56
|
|t:|1706292197
|move|p2a: Bronzong|Protect|p2a: Bronzong
|-singleturn|p2a: Bronzong|Protect
|move|p1a: Ferrothorn|Leech Seed|p2a: Bronzong
|-activate|p2a: Bronzong|move: Protect
|
|-weather|Sandstorm|[upkeep]
|-heal|p2a: Bronzong|71/100|[from] item: Leftovers
|upkeep
|turn|57
|
|t:|1706292203
|move|p2a: Bronzong|Protect|p2a: Bronzong
|-singleturn|p2a: Bronzong|Protect
|move|p1a: Ferrothorn|Curse|p1a: Ferrothorn
|-unboost|p1a: Ferrothorn|spe|1
|-boost|p1a: Ferrothorn|atk|1
|-boost|p1a: Ferrothorn|def|1
|
|-weather|Sandstorm|[upkeep]
|-heal|p2a: Bronzong|77/100|[from] item: Leftovers
|upkeep
|turn|58
|
|t:|1706292213
|switch|p2a: Reuniclus|Reuniclus, F|92/100
|move|p1a: Ferrothorn|Curse|p1a: Ferrothorn
|-unboost|p1a: Ferrothorn|spe|1
|-boost|p1a: Ferrothorn|atk|1
|-boost|p1a: Ferrothorn|def|1
|
|-weather|Sandstorm|[upkeep]
|-heal|p2a: Reuniclus|98/100|[from] item: Leftovers
|upkeep
|turn|59
|
|t:|1706292221
|switch|p2a: Bronzong|Bronzong|77/100
|-damage|p2a: Bronzong|71/100|[from] Stealth Rock
|move|p1a: Ferrothorn|Leech Seed|p2a: Bronzong|[miss]
|-miss|p1a: Ferrothorn|p2a: Bronzong
|
|-weather|Sandstorm|[upkeep]
|-heal|p2a: Bronzong|77/100|[from] item: Leftovers
|upkeep
|turn|60
|
|t:|1706292229
|move|p2a: Bronzong|Protect|p2a: Bronzong
|-singleturn|p2a: Bronzong|Protect
|move|p1a: Ferrothorn|Curse|p1a: Ferrothorn
|
|-weather|Sandstorm|[upkeep]
|-heal|p2a: Bronzong|84/100|[from] item: Leftovers
|upkeep
|turn|61
|
|t:|1706292235
|move|p2a: Bronzong|Future Sight|p1a: Ferrothorn
|-start|p2a: Bronzong|move: Future Sight
|move|p1a: Ferrothorn|Leech Seed|p2a: Bronzong
|-start|p2a: Bronzong|move: Leech Seed
|
|-weather|Sandstorm|[upkeep]
|-heal|p2a: Bronzong|90/100|[from] item: Leftovers
|-damage|p2a: Bronzong|77/100|[from] Leech Seed|[of] p1a: Ferrothorn
|upkeep
|turn|62
|
|t:|1706292241
|switch|p2a: Skarmory|Skarmory, F|88/100
|-damage|p2a: Skarmory|76/100|[from] Stealth Rock
|move|p1a: Ferrothorn|Curse|p1a: Ferrothorn
|
|-weather|Sandstorm|[upkeep]
|upkeep
|turn|63
|
|t:|1706292248
|switch|p2a: Reuniclus|Reuniclus, F|98/100
|move|p1a: Ferrothorn|Leech Seed|p2a: Reuniclus
|-start|p2a: Reuniclus|move: Leech Seed
|
|-weather|Sandstorm|[upkeep]
|-end|p1a: Ferrothorn|move: Future Sight
|-resisted|p1a: Ferrothorn
|-damage|p1a: Ferrothorn|92/100
|-heal|p2a: Reuniclus|100/100|[from] item: Leftovers
|-heal|p1a: Ferrothorn|98/100|[from] item: Leftovers
|upkeep
|turn|64
|
|t:|1706292258
|switch|p2a: Skarmory|Skarmory, F|76/100
|-damage|p2a: Skarmory|64/100|[from] Stealth Rock
|move|p1a: Ferrothorn|Gyro Ball|p2a: Skarmory
|-resisted|p2a: Skarmory
|-damage|p2a: Skarmory|11/100
|
|-weather|Sandstorm|[upkeep]
|-heal|p1a: Ferrothorn|100/100|[from] item: Leftovers
|upkeep
|turn|65
|
|t:|1706292269
|move|p2a: Skarmory|Roost|p2a: Skarmory
|-heal|p2a: Skarmory|61/100
|-singleturn|p2a: Skarmory|move: Roost
|move|p1a: Ferrothorn|Gyro Ball|p2a: Skarmory
|-resisted|p2a: Skarmory
|-damage|p2a: Skarmory|7/100
|
|-weather|Sandstorm|[upkeep]
|upkeep
|turn|66
|
|t:|1706292276
|move|p2a: Skarmory|Roost|p2a: Skarmory
|-heal|p2a: Skarmory|57/100
|-singleturn|p2a: Skarmory|move: Roost
|move|p1a: Ferrothorn|Leech Seed|p2a: Skarmory
|-start|p2a: Skarmory|move: Leech Seed
|
|-weather|Sandstorm|[upkeep]
|-damage|p2a: Skarmory|45/100|[from] Leech Seed|[of] p1a: Ferrothorn
|upkeep
|turn|67
|
|t:|1706292284
|switch|p2a: Rotom|Rotom-Wash|19/100 tox
|-damage|p2a: Rotom|6/100 tox|[from] Stealth Rock
|move|p1a: Ferrothorn|Gyro Ball|p2a: Rotom
|-resisted|p2a: Rotom
|-damage|p2a: Rotom|0 fnt
|faint|p2a: Rotom
|
|-weather|Sandstorm|[upkeep]
|upkeep
|
|t:|1706292286
|switch|p2a: Bronzong|Bronzong|77/100
|-damage|p2a: Bronzong|71/100|[from] Stealth Rock
|turn|68
|
|t:|1706292294
|move|p2a: Bronzong|Protect|p2a: Bronzong
|-singleturn|p2a: Bronzong|Protect
|move|p1a: Ferrothorn|Leech Seed|p2a: Bronzong
|-activate|p2a: Bronzong|move: Protect
|
|-weather|Sandstorm|[upkeep]
|-heal|p2a: Bronzong|77/100|[from] item: Leftovers
|upkeep
|turn|69
|
|t:|1706292300
|move|p2a: Bronzong|Protect||[still]
|-fail|p2a: Bronzong
|move|p1a: Ferrothorn|Gyro Ball|p2a: Bronzong
|-resisted|p2a: Bronzong
|-damage|p2a: Bronzong|0 fnt
|faint|p2a: Bronzong
|
|-weather|Sandstorm|[upkeep]
|upkeep
|
|t:|1706292306
|switch|p2a: Skarmory|Skarmory, F|45/100
|-damage|p2a: Skarmory|32/100|[from] Stealth Rock
|turn|70
|
|t:|1706292310
|move|p2a: Skarmory|Roost|p2a: Skarmory
|-heal|p2a: Skarmory|82/100
|-singleturn|p2a: Skarmory|move: Roost
|move|p1a: Ferrothorn|Leech Seed|p2a: Skarmory
|-start|p2a: Skarmory|move: Leech Seed
|
|-weather|Sandstorm|[upkeep]
|-damage|p2a: Skarmory|70/100|[from] Leech Seed|[of] p1a: Ferrothorn
|upkeep
|turn|71
|
|t:|1706292322
|move|p2a: Skarmory|Roost|p2a: Skarmory
|-heal|p2a: Skarmory|100/100
|-singleturn|p2a: Skarmory|move: Roost
|move|p1a: Ferrothorn|Curse|p1a: Ferrothorn
|
|-weather|Sandstorm|[upkeep]
|-damage|p2a: Skarmory|88/100|[from] Leech Seed|[of] p1a: Ferrothorn
|upkeep
|turn|72
|
|t:|1706292331
|switch|p2a: Hippowdon|Hippowdon, F|82/100
|-damage|p2a: Hippowdon|76/100|[from] Stealth Rock
|-damage|p2a: Hippowdon|63/100|[from] Spikes
|move|p1a: Ferrothorn|Protect||[still]
|-fail|p1a: Ferrothorn
|
|-weather|Sandstorm|[upkeep]
|-heal|p2a: Hippowdon|70/100|[from] item: Leftovers
|upkeep
|turn|73
|
|t:|1706292340
|move|p2a: Hippowdon|Slack Off|p2a: Hippowdon
|-heal|p2a: Hippowdon|100/100
|move|p1a: Ferrothorn|Gyro Ball|p2a: Hippowdon
|-damage|p2a: Hippowdon|0 fnt
|faint|p2a: Hippowdon
|
|-weather|Sandstorm|[upkeep]
|upkeep
|
|t:|1706292346
|switch|p2a: Reuniclus|Reuniclus, F|100/100
|turn|74
|
|t:|1706292354
|switch|p2a: Skarmory|Skarmory, F|88/100
|-damage|p2a: Skarmory|76/100|[from] Stealth Rock
|move|p1a: Ferrothorn|Leech Seed|p2a: Skarmory|[miss]
|-miss|p1a: Ferrothorn|p2a: Skarmory
|
|-weather|Sandstorm|[upkeep]
|upkeep
|turn|75
|
|t:|1706292361
|switch|p2a: Reuniclus|Reuniclus, F|100/100
|move|p1a: Ferrothorn|Leech Seed|p2a: Reuniclus
|-start|p2a: Reuniclus|move: Leech Seed
|
|-weather|Sandstorm|[upkeep]
|upkeep
|turn|76
|
|t:|1706292367
|switch|p2a: Skarmory|Skarmory, F|76/100
|-damage|p2a: Skarmory|64/100|[from] Stealth Rock
|move|p1a: Ferrothorn|Gyro Ball|p2a: Skarmory
|-resisted|p2a: Skarmory
|-damage|p2a: Skarmory|4/100
|
|-weather|Sandstorm|[upkeep]
|upkeep
|turn|77
|
|t:|1706292377
|move|p2a: Skarmory|Roost|p2a: Skarmory
|-heal|p2a: Skarmory|54/100
|-singleturn|p2a: Skarmory|move: Roost
|move|p1a: Ferrothorn|Leech Seed|p2a: Skarmory
|-start|p2a: Skarmory|move: Leech Seed
|
|-weather|Sandstorm|[upkeep]
|-damage|p2a: Skarmory|42/100|[from] Leech Seed|[of] p1a: Ferrothorn
|upkeep
|turn|78
|
|t:|1706292385
|move|p2a: Skarmory|Roost|p2a: Skarmory
|-heal|p2a: Skarmory|92/100
|-singleturn|p2a: Skarmory|move: Roost
|move|p1a: Ferrothorn|Gyro Ball|p2a: Skarmory
|-resisted|p2a: Skarmory
|-damage|p2a: Skarmory|35/100
|
|-weather|Sandstorm|[upkeep]
|-damage|p2a: Skarmory|22/100|[from] Leech Seed|[of] p1a: Ferrothorn
|upkeep
|turn|79
|
|t:|1706292393
|move|p1a: Ferrothorn|Protect|p1a: Ferrothorn
|-singleturn|p1a: Ferrothorn|Protect
|move|p2a: Skarmory|Brave Bird|p1a: Ferrothorn
|-activate|p1a: Ferrothorn|move: Protect
|
|-weather|Sandstorm|[upkeep]
|-damage|p2a: Skarmory|10/100|[from] Leech Seed|[of] p1a: Ferrothorn
|upkeep
|turn|80
|
|t:|1706292400
|move|p1a: Ferrothorn|Protect|p1a: Ferrothorn
|-singleturn|p1a: Ferrothorn|Protect
|move|p2a: Skarmory|Brave Bird|p1a: Ferrothorn
|-activate|p1a: Ferrothorn|move: Protect
|
|-weather|Sandstorm|[upkeep]
|-damage|p2a: Skarmory|0 fnt|[from] Leech Seed|[of] p1a: Ferrothorn
|faint|p2a: Skarmory
|upkeep
|
|t:|1706292402
|switch|p2a: Reuniclus|Reuniclus, F|100/100
|turn|81
|
|t:|1706292408
|move|p1a: Ferrothorn|Protect|p1a: Ferrothorn
|-singleturn|p1a: Ferrothorn|Protect
|move|p2a: Reuniclus|Calm Mind|p2a: Reuniclus
|-boost|p2a: Reuniclus|spa|1
|-boost|p2a: Reuniclus|spd|1
|
|-weather|Sandstorm|[upkeep]
|upkeep
|turn|82
|
|t:|1706292414
|move|p1a: Ferrothorn|Protect||[still]
|-fail|p1a: Ferrothorn
|move|p2a: Reuniclus|Calm Mind|p2a: Reuniclus
|-boost|p2a: Reuniclus|spa|1
|-boost|p2a: Reuniclus|spd|1
|
|-weather|Sandstorm|[upkeep]
|upkeep
|turn|83
|
|t:|1706292419
|move|p1a: Ferrothorn|Protect|p1a: Ferrothorn
|-singleturn|p1a: Ferrothorn|Protect
|move|p2a: Reuniclus|Calm Mind|p2a: Reuniclus
|-boost|p2a: Reuniclus|spa|1
|-boost|p2a: Reuniclus|spd|1
|
|-weather|Sandstorm|[upkeep]
|upkeep
|turn|84
|
|t:|1706292425
|move|p1a: Ferrothorn|Protect|p1a: Ferrothorn
|-singleturn|p1a: Ferrothorn|Protect
|move|p2a: Reuniclus|Calm Mind|p2a: Reuniclus
|-boost|p2a: Reuniclus|spa|1
|-boost|p2a: Reuniclus|spd|1
|
|-weather|Sandstorm|[upkeep]
|upkeep
|turn|85
|
|t:|1706292431
|move|p1a: Ferrothorn|Protect||[still]
|-fail|p1a: Ferrothorn
|move|p2a: Reuniclus|Calm Mind|p2a: Reuniclus
|-boost|p2a: Reuniclus|spa|1
|-boost|p2a: Reuniclus|spd|1
|
|-weather|Sandstorm|[upkeep]
|upkeep
|turn|86
|
|t:|1706292436
|move|p1a: Ferrothorn|Protect|p1a: Ferrothorn
|-singleturn|p1a: Ferrothorn|Protect
|move|p2a: Reuniclus|Calm Mind|p2a: Reuniclus
|-boost|p2a: Reuniclus|spa|1
|-boost|p2a: Reuniclus|spd|1
|
|-weather|Sandstorm|[upkeep]
|upkeep
|turn|87
|
|t:|1706292442
|move|p1a: Ferrothorn|Protect||[still]
|-fail|p1a: Ferrothorn
|move|p2a: Reuniclus|Hidden Power|p1a: Ferrothorn
|-damage|p1a: Ferrothorn|50/100
|
|-weather|Sandstorm|[upkeep]
|-heal|p1a: Ferrothorn|56/100|[from] item: Leftovers
|upkeep
|turn|88
|
|t:|1706292448
|move|p1a: Ferrothorn|Protect|p1a: Ferrothorn
|-singleturn|p1a: Ferrothorn|Protect
|move|p2a: Reuniclus|Hidden Power|p1a: Ferrothorn
|-activate|p1a: Ferrothorn|move: Protect
|
|-weather|Sandstorm|[upkeep]
|-heal|p1a: Ferrothorn|62/100|[from] item: Leftovers
|upkeep
|turn|89
|
|t:|1706292454
|move|p1a: Ferrothorn|Protect|p1a: Ferrothorn
|-singleturn|p1a: Ferrothorn|Protect
|move|p2a: Reuniclus|Hidden Power|p1a: Ferrothorn
|-activate|p1a: Ferrothorn|move: Protect
|
|-weather|Sandstorm|[upkeep]
|-heal|p1a: Ferrothorn|69/100|[from] item: Leftovers
|upkeep
|turn|90
|
|t:|1706292461
|move|p1a: Ferrothorn|Protect||[still]
|-fail|p1a: Ferrothorn
|move|p2a: Reuniclus|Hidden Power|p1a: Ferrothorn
|-damage|p1a: Ferrothorn|19/100
|
|-weather|Sandstorm|[upkeep]
|-heal|p1a: Ferrothorn|25/100|[from] item: Leftovers
|upkeep
|turn|91
|
|t:|1706292467
|move|p1a: Ferrothorn|Protect|p1a: Ferrothorn
|-singleturn|p1a: Ferrothorn|Protect
|move|p2a: Reuniclus|Hidden Power|p1a: Ferrothorn
|-activate|p1a: Ferrothorn|move: Protect
|
|-weather|Sandstorm|[upkeep]
|-heal|p1a: Ferrothorn|32/100|[from] item: Leftovers
|upkeep
|turn|92
|
|t:|1706292476
|move|p2a: Reuniclus|Hidden Power|p1a: Ferrothorn
|-damage|p1a: Ferrothorn|0 fnt
|faint|p1a: Ferrothorn
|
|win|when it shutdown
|raw|ReallyFunTeams's rating: 1391 &rarr; <strong>1376</strong><br />(-15 for losing)
|raw|when it shutdown's rating: 1477 &rarr; <strong>1492</strong><br />(+15 for winning)
