|j|☆HydreigonSpammer
|j|☆daddy_days
|t:|1736413972
|gametype|singles
|player|p1|HydreigonSpammer|iris|1482
|player|p2|daddy_days|hugh|1403
|teamsize|p1|6
|teamsize|p2|6
|gen|5
|tier|[Gen 5] OU
|rated|
|rule|Species Clause: Limit one of each Pokémon
|rule|OHKO Clause: OHKO moves are banned
|rule|Moody Clause: Moody is banned
|rule|Evasion Items Clause: Evasion items are banned
|rule|Evasion Moves Clause: Evasion moves are banned
|rule|Endless Battle Clause: Forcing endless battles is banned
|rule|HP Percentage Mod: HP is shown in percentages
|rule|Evasion Abilities Clause: Evasion abilities are banned
|rule|Sleep Moves Clause: Sleep-inducing moves are banned
|rule|Swagger Clause: Swagger is banned
|rule|Baton Pass Stat Clause: No Baton Passer may have a way to boost its stats
|clearpoke
|poke|p1|Conkeldurr, F|item
|poke|p1|Keldeo-Resolute|item
|poke|p1|Gengar, F|item
|poke|p1|Garchomp, F|item
|poke|p1|Terrakion|item
|poke|p1|Hydreigon, F|item
|poke|p2|Scyther, M|item
|poke|p2|Alakazam, F|item
|poke|p2|Starmie|item
|poke|p2|Garchomp, F|item
|poke|p2|Kyurem-Black|item
|poke|p2|Gyarados, M|item
|teampreview
|
|t:|1736414003
|start
|switch|p1a: Terrakion|Terrakion|100/100
|switch|p2a: Garchomp|Garchomp, F|100/100
|turn|1
|
|t:|1736414010
|move|p1a: Terrakion|Hidden Power|p2a: Garchomp
|-supereffective|p2a: Garchomp
|-damage|p2a: Garchomp|40/100
|move|p2a: Garchomp|Stealth Rock|p1a: Terrakion
|-sidestart|p1: HydreigonSpammer|move: Stealth Rock
|
|upkeep
|turn|2
|
|t:|1736414026
|switch|p2a: Gyarados|Gyarados, M|100/100
|-ability|p2a: Gyarados|Intimidate|boost
|-unboost|p1a: Terrakion|atk|1
|move|p1a: Terrakion|Stealth Rock|p2a: Gyarados
|-sidestart|p2: daddy_days|move: Stealth Rock
|
|upkeep
|turn|3
|
|t:|1736414040
|move|p1a: Terrakion|Taunt|p2a: Gyarados
|-start|p2a: Gyarados|move: Taunt
|cant|p2a: Gyarados|move: Taunt|Dragon Dance
|
|upkeep
|turn|4
|
|t:|1736414059
|switch|p1a: Keldeo|Keldeo-Resolute|100/100
|-damage|p1a: Keldeo|94/100|[from] Stealth Rock
|move|p2a: Gyarados|Waterfall|p1a: Keldeo
|-resisted|p1a: Keldeo
|-damage|p1a: Keldeo|71/100
|
|-heal|p1a: Keldeo|77/100|[from] item: Leftovers
|upkeep
|turn|5
|
|t:|1736414069
|switch|p2a: Starmie|Starmie|100/100
|-damage|p2a: Starmie|88/100|[from] Stealth Rock
|move|p1a: Keldeo|Substitute|p1a: Keldeo
|-start|p1a: Keldeo|Substitute
|-damage|p1a: Keldeo|52/100
|
|-heal|p2a: Starmie|94/100|[from] item: Leftovers
|-heal|p1a: Keldeo|58/100|[from] item: Leftovers
|upkeep
|turn|6
|
|t:|1736414080
|move|p2a: Starmie|Thunderbolt|p1a: Keldeo
|-supereffective|p1a: Keldeo
|-end|p1a: Keldeo|Substitute
|move|p1a: Keldeo|Calm Mind|p1a: Keldeo
|-boost|p1a: Keldeo|spa|1
|-boost|p1a: Keldeo|spd|1
|
|-heal|p2a: Starmie|100/100|[from] item: Leftovers
|-heal|p1a: Keldeo|65/100|[from] item: Leftovers
|upkeep
|turn|7
|
|t:|1736414091
|move|p2a: Starmie|Rapid Spin|p1a: Keldeo
|-damage|p1a: Keldeo|61/100
|-sideend|p2: daddy_days|Stealth Rock|[from] move: Rapid Spin|[of] p2a: Starmie
|move|p1a: Keldeo|Hidden Power|p2a: Starmie
|-supereffective|p2a: Starmie
|-damage|p2a: Starmie|8/100
|
|-heal|p2a: Starmie|14/100|[from] item: Leftovers
|-heal|p1a: Keldeo|67/100|[from] item: Leftovers
|upkeep
|turn|8
|
|t:|1736414115
|move|p2a: Starmie|Thunderbolt|p1a: Keldeo
|-supereffective|p1a: Keldeo
|-damage|p1a: Keldeo|33/100
|move|p1a: Keldeo|Hidden Power|p2a: Starmie
|-supereffective|p2a: Starmie
|-damage|p2a: Starmie|0 fnt
|faint|p2a: Starmie
|
|-heal|p1a: Keldeo|39/100|[from] item: Leftovers
|upkeep
|
|t:|1736414130
|switch|p2a: Alakazam|Alakazam, F|100/100
|turn|9
|
|t:|1736414134
|switch|p1a: Hydreigon|Hydreigon, F, shiny|100/100
|-damage|p1a: Hydreigon|88/100|[from] Stealth Rock
|move|p2a: Alakazam|Psyshock|p1a: Hydreigon
|-immune|p1a: Hydreigon
|
|upkeep
|turn|10
|
|t:|1736414143
|move|p1a: Hydreigon|U-turn|p2a: Alakazam
|-supereffective|p2a: Alakazam
|-damage|p2a: Alakazam|30/100
|
|t:|1736414147
|switch|p1a: Keldeo|Keldeo-Resolute|39/100|[from] U-turn
|-damage|p1a: Keldeo|33/100|[from] Stealth Rock
|move|p2a: Alakazam|Focus Blast|p1a: Keldeo
|-damage|p1a: Keldeo|0 fnt
|faint|p1a: Keldeo
|
|upkeep
|
|t:|1736414152
|switch|p1a: Hydreigon|Hydreigon, F, shiny|88/100
|-damage|p1a: Hydreigon|76/100|[from] Stealth Rock
|turn|11
|
|t:|1736414164
|switch|p2a: Garchomp|Garchomp, F|40/100
|move|p1a: Hydreigon|U-turn|p2a: Garchomp
|-damage|p2a: Garchomp|32/100
|-damage|p1a: Hydreigon|64/100|[from] ability: Rough Skin|[of] p2a: Garchomp
|-damage|p1a: Hydreigon|47/100|[from] item: Rocky Helmet|[of] p2a: Garchomp
|
|t:|1736414168
|switch|p1a: Terrakion|Terrakion|100/100|[from] U-turn
|-damage|p1a: Terrakion|94/100|[from] Stealth Rock
|
|upkeep
|turn|12
|
|t:|1736414180
|move|p1a: Terrakion|Stealth Rock|p2a: Garchomp
|-sidestart|p2: daddy_days|move: Stealth Rock
|move|p2a: Garchomp|Earthquake|p1a: Terrakion
|-supereffective|p1a: Terrakion
|-damage|p1a: Terrakion|0 fnt
|faint|p1a: Terrakion
|
|upkeep
|
|t:|1736414194
|switch|p1a: Gengar|Gengar, F|100/100
|-damage|p1a: Gengar|88/100|[from] Stealth Rock
|turn|13
|
|t:|1736414243
|switch|p2a: Kyurem|Kyurem-Black|100/100
|-damage|p2a: Kyurem|76/100|[from] Stealth Rock
|-ability|p2a: Kyurem|Teravolt
|move|p1a: Gengar|Icy Wind|p2a: Kyurem
|-damage|p2a: Kyurem|59/100
|-unboost|p2a: Kyurem|spe|1
|
|-heal|p1a: Gengar|94/100|[from] item: Black Sludge
|upkeep
|turn|14
|
|t:|1736414256
|move|p1a: Gengar|Will-O-Wisp|p2a: Kyurem
|-status|p2a: Kyurem|brn
|move|p2a: Kyurem|Outrage|p1a: Gengar
|-damage|p1a: Gengar|0 fnt
|faint|p1a: Gengar
|
|-damage|p2a: Kyurem|47/100 brn|[from] brn
|upkeep
|
|t:|1736414279
|switch|p1a: Garchomp|Garchomp, F|100/100
|-damage|p1a: Garchomp|94/100|[from] Stealth Rock
|turn|15
|
|t:|1736414284
|move|p1a: Garchomp|Dragon Claw|p2a: Kyurem
|-supereffective|p2a: Kyurem
|-damage|p2a: Kyurem|0 fnt
|faint|p2a: Kyurem
|
|upkeep
|
|t:|1736414360
|switch|p2a: Garchomp|Garchomp, F|32/100
|-damage|p2a: Garchomp|25/100|[from] Stealth Rock
|turn|16
|
|t:|1736414368
|move|p2a: Garchomp|Endure|p2a: Garchomp
|-singleturn|p2a: Garchomp|move: Endure
|move|p1a: Garchomp|Earthquake|p2a: Garchomp
|-activate|p2a: Garchomp|move: Endure
|-damage|p2a: Garchomp|1/100
|
|upkeep
|turn|17
|
|t:|1736414383
|switch|p1a: Conkeldurr|Conkeldurr, F|100/100
|-damage|p1a: Conkeldurr|94/100|[from] Stealth Rock
|move|p2a: Garchomp|Earthquake|p1a: Conkeldurr
|-damage|p1a: Conkeldurr|55/100
|
|-heal|p1a: Conkeldurr|61/100|[from] item: Leftovers
|upkeep
|turn|18
|
|t:|1736414401
|move|p2a: Garchomp|Endure|p2a: Garchomp
|-singleturn|p2a: Garchomp|move: Endure
|move|p1a: Conkeldurr|Mach Punch|p2a: Garchomp
|-activate|p2a: Garchomp|move: Endure
|-damage|p2a: Garchomp|1/100
|-damage|p1a: Conkeldurr|49/100|[from] ability: Rough Skin|[of] p2a: Garchomp
|-damage|p1a: Conkeldurr|32/100|[from] item: Rocky Helmet|[of] p2a: Garchomp
|
|-heal|p1a: Conkeldurr|39/100|[from] item: Leftovers
|upkeep
|turn|19
|
|t:|1736414421
|move|p1a: Conkeldurr|Mach Punch|p2a: Garchomp
|-damage|p2a: Garchomp|0 fnt
|-damage|p1a: Conkeldurr|26/100|[from] ability: Rough Skin|[of] p2a: Garchomp
|-damage|p1a: Conkeldurr|10/100|[from] item: Rocky Helmet|[of] p2a: Garchomp
|faint|p2a: Garchomp
|
|-heal|p1a: Conkeldurr|16/100|[from] item: Leftovers
|upkeep
|
|t:|1736414441
|switch|p2a: Gyarados|Gyarados, M|100/100
|-damage|p2a: Gyarados|76/100|[from] Stealth Rock
|-ability|p2a: Gyarados|Intimidate|boost
|-unboost|p1a: Conkeldurr|atk|1
|turn|20
|
|t:|1736414447
|move|p2a: Gyarados|Dragon Dance|p2a: Gyarados
|-boost|p2a: Gyarados|atk|1
|-boost|p2a: Gyarados|spe|1
|move|p1a: Conkeldurr|Ice Punch|p2a: Gyarados
|-damage|p2a: Gyarados|58/100
|
|-heal|p1a: Conkeldurr|22/100|[from] item: Leftovers
|upkeep
|turn|21
|
|t:|1736414458
|move|p2a: Gyarados|Waterfall|p1a: Conkeldurr
|-damage|p1a: Conkeldurr|0 fnt
|faint|p1a: Conkeldurr
|
|upkeep
|
|t:|1736414476
|switch|p1a: Hydreigon|Hydreigon, F, shiny|47/100
|-damage|p1a: Hydreigon|35/100|[from] Stealth Rock
|turn|22
|
|t:|1736414483
|move|p1a: Hydreigon|Draco Meteor|p2a: Gyarados
|-damage|p2a: Gyarados|0 fnt
|-unboost|p1a: Hydreigon|spa|2
|faint|p2a: Gyarados
|
|upkeep
|
|t:|1736414492
|switch|p2a: Blade|Scyther, M|100/100
|-damage|p2a: Blade|51/100|[from] Stealth Rock
|turn|23
|
|t:|1736414498
|switch|p1a: Garchomp|Garchomp, F|94/100
|-damage|p1a: Garchomp|88/100|[from] Stealth Rock
|move|p2a: Blade|Aerial Ace|p1a: Garchomp
|-crit|p1a: Garchomp
|-damage|p1a: Garchomp|1/100
|-damage|p2a: Blade|38/100|[from] ability: Rough Skin|[of] p1a: Garchomp
|
|upkeep
|turn|24
|
|t:|1736414507
|move|p2a: Blade|Aerial Ace|p1a: Garchomp
|-damage|p1a: Garchomp|0 fnt
|-damage|p2a: Blade|26/100|[from] ability: Rough Skin|[of] p1a: Garchomp
|faint|p1a: Garchomp
|
|upkeep
|
|t:|1736414511
|switch|p1a: Hydreigon|Hydreigon, F, shiny|35/100
|-damage|p1a: Hydreigon|22/100|[from] Stealth Rock
|turn|25
|
|t:|1736414516
|move|p1a: Hydreigon|Dark Pulse|p2a: Blade
|-damage|p2a: Blade|0 fnt
|faint|p2a: Blade
|
|upkeep
|
|t:|1736414522
|switch|p2a: Alakazam|Alakazam, F|30/100
|turn|26
|
|t:|1736414527
|move|p1a: Hydreigon|Dark Pulse|p2a: Alakazam
|-supereffective|p2a: Alakazam
|-damage|p2a: Alakazam|0 fnt
|faint|p2a: Alakazam
|
|win|HydreigonSpammer
|raw|HydreigonSpammer's rating: 1482 &rarr; <strong>1498</strong><br />(+16 for winning)
|raw|daddy_days's rating: 1403 &rarr; <strong>1387</strong><br />(-16 for losing)
