|j|‽MegaStarUniverse
|j|☆javpad1spi
|t:|1726327623
|gametype|singles
|player|p1|MegaStarUniverse|nate|1330
|player|p2|javpad1spi|2|1339
|teamsize|p1|6
|teamsize|p2|6
|gen|5
|tier|[Gen 5] OU
|rated|
|rule|Species Clause: Limit one of each Pokémon
|rule|OHKO Clause: OHKO moves are banned
|rule|Moody Clause: Moody is banned
|rule|Evasion Items Clause: Evasion items are banned
|rule|Evasion Moves Clause: Evasion moves are banned
|rule|Endless Battle Clause: Forcing endless battles is banned
|rule|HP Percentage Mod: HP is shown in percentages
|rule|Evasion Abilities Clause: Evasion abilities are banned
|rule|Sleep Moves Clause: Sleep-inducing moves are banned
|rule|Swagger Clause: Swagger is banned
|rule|Baton Pass Stat Clause: No Baton Passer may have a way to boost its stats
|clearpoke
|poke|p1|Keldeo|item
|poke|p1|Landorus-Therian, M|item
|poke|p1|Tyranitar, M|item
|poke|p1|Rotom-Wash|item
|poke|p1|Ferrothorn, F|item
|poke|p1|Dragonite, M|item
|poke|p2|Mew|item
|poke|p2|Whimsicott, M|item
|poke|p2|Kyurem-Black|item
|poke|p2|Salamence, M|item
|poke|p2|Dragonite, M|item
|poke|p2|Xatu, M|item
|teampreview
|
|t:|1726327645
|start
|switch|p1a: Tyranitar|Tyranitar, M|100/100
|switch|p2a: Mew|Mew|100/100
|-weather|Sandstorm|[from] ability: Sand Stream|[of] p1a: Tyranitar
|turn|1
|inactive|Battle timer is ON: inactive players will automatically lose when time's up. (requested by MegaStarUniverse)
|
|t:|1726327659
|move|p2a: Mew|Stealth Rock|p1a: Tyranitar
|-sidestart|p1: MegaStarUniverse|move: Stealth Rock
|move|p1a: Tyranitar|Crunch|p2a: Mew
|-supereffective|p2a: Mew
|-damage|p2a: Mew|28/100
|
|-weather|Sandstorm|[upkeep]
|-damage|p2a: Mew|22/100|[from] Sandstorm
|upkeep
|turn|2
|
|t:|1726327662
|move|p2a: Mew|Tailwind|p2a: Mew
|-sidestart|p2: javpad1spi|move: Tailwind
|move|p1a: Tyranitar|Stealth Rock|p2a: Mew
|-sidestart|p2: javpad1spi|move: Stealth Rock
|
|-weather|Sandstorm|[upkeep]
|-damage|p2a: Mew|16/100|[from] Sandstorm
|upkeep
|turn|3
|
|t:|1726327668
|move|p1a: Tyranitar|Crunch|p2a: Mew
|-supereffective|p2a: Mew
|-damage|p2a: Mew|0 fnt
|faint|p2a: Mew
|
|-weather|Sandstorm|[upkeep]
|upkeep
|
|t:|1726327670
|switch|p2a: Kyurem|Kyurem-Black|100/100
|-damage|p2a: Kyurem|76/100|[from] Stealth Rock
|-ability|p2a: Kyurem|Teravolt
|turn|4
|
|t:|1726327673
|switch|p1a: Ferrothorn|Ferrothorn, F|100/100
|-damage|p1a: Ferrothorn|94/100|[from] Stealth Rock
|move|p2a: Kyurem|Outrage|p1a: Ferrothorn
|-resisted|p1a: Ferrothorn
|-damage|p1a: Ferrothorn|44/100
|-damage|p2a: Kyurem|63/100|[from] ability: Iron Barbs|[of] p1a: Ferrothorn
|
|-weather|Sandstorm|[upkeep]
|-damage|p2a: Kyurem|57/100|[from] Sandstorm
|upkeep
|turn|5
|j| Togekiss2000
|
|t:|1726327680
|move|p2a: Kyurem|Outrage|p1a: Ferrothorn|[from]lockedmove
|-resisted|p1a: Ferrothorn
|-damage|p1a: Ferrothorn|0 fnt
|-damage|p2a: Kyurem|45/100|[from] ability: Iron Barbs|[of] p1a: Ferrothorn
|faint|p1a: Ferrothorn
|-start|p2a: Kyurem|confusion|[fatigue]
|
|-weather|Sandstorm|[upkeep]
|-damage|p2a: Kyurem|39/100|[from] Sandstorm
|-sideend|p2: javpad1spi|move: Tailwind
|upkeep
|
|t:|1726327690
|switch|p1a: Keldeo|Keldeo|100/100
|-damage|p1a: Keldeo|94/100|[from] Stealth Rock
|turn|6
|
|t:|1726327703
|move|p1a: Keldeo|Secret Sword|p2a: Kyurem
|-supereffective|p2a: Kyurem
|-damage|p2a: Kyurem|0 fnt
|faint|p2a: Kyurem
|
|-weather|Sandstorm|[upkeep]
|-damage|p1a: Keldeo|88/100|[from] Sandstorm
|upkeep
|
|t:|1726327707
|switch|p2a: Xatu|Xatu, M|100/100
|-damage|p2a: Xatu|76/100|[from] Stealth Rock
|turn|7
|
|t:|1726327713
|switch|p1a: Rotom|Rotom-Wash|100/100
|-damage|p1a: Rotom|88/100|[from] Stealth Rock
|move|p2a: Xatu|Tailwind|p2a: Xatu
|-sidestart|p2: javpad1spi|move: Tailwind
|
|-weather|Sandstorm|[upkeep]
|-damage|p2a: Xatu|70/100|[from] Sandstorm
|-damage|p1a: Rotom|82/100|[from] Sandstorm
|-heal|p1a: Rotom|88/100|[from] item: Leftovers
|upkeep
|turn|8
|
|t:|1726327716
|move|p2a: Xatu|U-turn|p1a: Rotom
|-damage|p1a: Rotom|74/100
|
|t:|1726327719
|switch|p2a: Dragonite|Dragonite, M|100/100|[from] U-turn
|-damage|p2a: Dragonite|76/100|[from] Stealth Rock
|move|p1a: Rotom|Volt Switch|p2a: Dragonite
|-damage|p2a: Dragonite|50/100
|j| nb41 st
|
|t:|1726327726
|switch|p1a: Landorus|Landorus-Therian, M|100/100|[from] Volt Switch
|-damage|p1a: Landorus|88/100|[from] Stealth Rock
|-ability|p1a: Landorus|Intimidate|boost
|-unboost|p2a: Dragonite|atk|1
|
|-weather|Sandstorm|[upkeep]
|-damage|p2a: Dragonite|44/100|[from] Sandstorm
|upkeep
|turn|9
|l| nb41 st
|
|t:|1726327730
|move|p2a: Dragonite|Outrage|p1a: Landorus
|-damage|p1a: Landorus|19/100
|-damage|p2a: Dragonite|34/100|[from] item: Life Orb
|move|p1a: Landorus|Hidden Power|p2a: Dragonite
|-supereffective|p2a: Dragonite
|-damage|p2a: Dragonite|0 fnt
|faint|p2a: Dragonite
|
|-weather|Sandstorm|[upkeep]
|upkeep
|
|t:|1726327739
|switch|p2a: Xatu|Xatu, M|70/100
|-damage|p2a: Xatu|45/100|[from] Stealth Rock
|turn|10
|
|t:|1726327743
|move|p2a: Xatu|Roost|p2a: Xatu
|-heal|p2a: Xatu|95/100
|-singleturn|p2a: Xatu|move: Roost
|move|p1a: Landorus|Hidden Power|p2a: Xatu
|-damage|p2a: Xatu|69/100
|
|-weather|Sandstorm|[upkeep]
|-damage|p2a: Xatu|63/100|[from] Sandstorm
|-sideend|p2: javpad1spi|move: Tailwind
|upkeep
|turn|11
|
|t:|1726327769
|switch|p1a: Tyranitar|Tyranitar, M|100/100
|-damage|p1a: Tyranitar|88/100|[from] Stealth Rock
|move|p2a: Xatu|Tailwind|p2a: Xatu
|-sidestart|p2: javpad1spi|move: Tailwind
|
|-weather|Sandstorm|[upkeep]
|-damage|p2a: Xatu|57/100|[from] Sandstorm
|upkeep
|turn|12
|
|t:|1726327772
|move|p2a: Xatu|U-turn|p1a: Tyranitar
|-supereffective|p1a: Tyranitar
|-damage|p1a: Tyranitar|65/100
|-activate|p2a: Xatu|move: Pursuit
|move|p1a: Tyranitar|Pursuit|p2a: Xatu|[from]Pursuit
|-supereffective|p2a: Xatu
|-damage|p2a: Xatu|0 fnt
|-damage|p1a: Tyranitar|49/100|[from] item: Rocky Helmet|[of] p2a: Xatu
|faint|p2a: Xatu
|
|-weather|Sandstorm|[upkeep]
|upkeep
|inactive|javpad1spi has 120 seconds left.
|
|t:|1726327806
|switch|p2a: Salamence|Salamence, M|100/100
|-damage|p2a: Salamence|76/100|[from] Stealth Rock
|turn|13
|
|t:|1726327809
|move|p2a: Salamence|Outrage|p1a: Tyranitar
|-damage|p1a: Tyranitar|0 fnt
|faint|p1a: Tyranitar
|-ability|p2a: Salamence|Moxie|boost
|-boost|p2a: Salamence|atk|1
|
|-weather|Sandstorm|[upkeep]
|-damage|p2a: Salamence|70/100|[from] Sandstorm
|upkeep
|j| nb41 st
|
|t:|1726327816
|switch|p1a: Landorus|Landorus-Therian, M|19/100
|-damage|p1a: Landorus|7/100|[from] Stealth Rock
|-ability|p1a: Landorus|Intimidate|boost
|-unboost|p2a: Salamence|atk|1
|turn|14
|
|t:|1726327820
|move|p2a: Salamence|Outrage|p1a: Landorus|[from]lockedmove
|-damage|p1a: Landorus|0 fnt
|faint|p1a: Landorus
|-ability|p2a: Salamence|Moxie|boost
|-boost|p2a: Salamence|atk|1
|
|-weather|Sandstorm|[upkeep]
|-damage|p2a: Salamence|64/100|[from] Sandstorm
|-sideend|p2: javpad1spi|move: Tailwind
|upkeep
|
|t:|1726327841
|switch|p1a: Keldeo|Keldeo|88/100
|-damage|p1a: Keldeo|82/100|[from] Stealth Rock
|turn|15
|
|t:|1726327861
|move|p1a: Keldeo|Icy Wind|p2a: Salamence
|-supereffective|p2a: Salamence
|-damage|p2a: Salamence|0 fnt
|faint|p2a: Salamence
|
|-weather|Sandstorm|[upkeep]
|-damage|p1a: Keldeo|76/100|[from] Sandstorm
|upkeep
|-message|javpad1spi forfeited.
|
|win|MegaStarUniverse
|raw|MegaStarUniverse's rating: 1330 &rarr; <strong>1351</strong><br />(+21 for winning)
|raw|javpad1spi's rating: 1339 &rarr; <strong>1318</strong><br />(-21 for losing)
|l|☆javpad1spi
|player|p2|
