|join|Tesung
|join|Level 56
|player|p1|Tesung|265
|player|p2|Level 56|291
|gametype|singles
|gen|5
|tier|[Gen 5] OU
|rated
|rule|Evasion Abilities Clause: Evasion abilities are banned
|clearpoke
|poke|p1|Azelf
|poke|p1|Lucario, M
|poke|p1|Scizor, M
|poke|p1|Dragonite, M
|poke|p1|Salamence, F
|poke|p1|Garchomp, M
|poke|p2|Skarmory, M
|poke|p2|Terrakion
|poke|p2|Scizor, M
|poke|p2|Latios, M
|poke|p2|Breloom, M
|poke|p2|Landorus-Therian, M
|rule|Sleep Clause Mod: Limit one foe put to sleep
|rule|Species Clause: Limit one of each Pokemon
|rule|OHKO Clause: OHKO moves are banned
|rule|Moody Clause: Moody is banned
|rule|Evasion Moves Clause: Evasion moves are banned
|rule|Endless Battle Clause: Forcing endless battles is banned.
|rule|HP Percentage Mod: HP is reported as percentages
|teampreview
|chat|Tesung|I have played u in ubers I think
|chat|Level 56|oh tesung hi
|chat|Tesung|Hi
|chat|Level 56|its been a while
|chat|Tesung|Yeah
|chat|Tesung|i haven't been über ing too much
|chat|Tesung|besides spl lol
|chat|Level 56|you're playing in this tier
|chat|Level 56|geodude academy
|
|start
|switch|p1a: Azelf|Azelf|291/291
|switch|p2a: Skarmory|Skarmory, M|271/271
|turn|1
|chat|Tesung|N
|
|move|p1a: Azelf|Stealth Rock|p2a: Skarmory
|-sidestart|p2: Level 56|move: Stealth Rock
|move|p2a: Skarmory|Stealth Rock|p1a: Azelf
|-sidestart|p1: Tesung|move: Stealth Rock
|
|turn|2
|chat|Tesung|R u kidding me
|chat|Tesung|the taunt was so obvious lol
|
|move|p1a: Azelf|Hidden Power|p2a: Skarmory
|-damage|p2a: Skarmory|168/271
|move|p2a: Skarmory|Brave Bird|p1a: Azelf
|-damage|p1a: Azelf|33/291
|-damage|p2a: Skarmory|83/271|[from] recoil|[of] p1a: Azelf
|
|turn|3
|chat|Level 56|just see 
|chat|Level 56|what happens
|
|move|p1a: Azelf|Fire Blast|p2a: Skarmory
|-supereffective|p2a: Skarmory
|-damage|p2a: Skarmory|0 fnt
|faint|p2a: Skarmory
|
|
|switch|p2a: Scizor|Scizor, M|281/281
|-damage|p2a: Scizor|246/281|[from] Stealth Rock
|turn|4
|
|move|p2a: Scizor|Bullet Punch|p1a: Azelf
|-damage|p1a: Azelf|0 fnt
|faint|p1a: Azelf
|
|
|switch|p1a: Scizor|Scizor, M|297/297
|-damage|p1a: Scizor|260/297|[from] Stealth Rock
|turn|5
|
|switch|p2a: Landorus-Therian|Landorus-Therian, M|336/336
|-damage|p2a: Landorus-Therian|294/336|[from] Stealth Rock
|-ability|p2a: Landorus-Therian|Intimidate|[of] p1a: Scizor
|-unboost|p1a: Scizor|atk|1
|move|p1a: Scizor|Swords Dance|p1a: Scizor
|-boost|p1a: Scizor|atk|2
|
|-heal|p2a: Landorus-Therian|315/336|[from] item: Leftovers
|turn|6
|
|move|p2a: Landorus-Therian|Earthquake|p1a: Scizor
|-damage|p1a: Scizor|65/297
|move|p1a: Scizor|Acrobatics|p2a: Landorus-Therian
|-enditem|p1a: Scizor|Flying Gem|[from] gem|[move] Acrobatics
|-damage|p2a: Landorus-Therian|55/336
|
|-heal|p2a: Landorus-Therian|76/336|[from] item: Leftovers
|turn|7
|
|switch|p2a: Scizor|Scizor, M|246/281
|-damage|p2a: Scizor|211/281|[from] Stealth Rock
|move|p1a: Scizor|Bullet Punch|p2a: Scizor
|-resisted|p2a: Scizor
|-damage|p2a: Scizor|130/281
|
|turn|8
|
|move|p2a: Scizor|Bullet Punch|p1a: Scizor
|-resisted|p1a: Scizor
|-damage|p1a: Scizor|0 fnt
|faint|p1a: Scizor
|
|
|switch|p1a: Lucario|Lucario, M|281/281
|-damage|p1a: Lucario|273/281|[from] Stealth Rock
|turn|9
|
|switch|p2a: Landorus-Therian|Landorus-Therian, M|76/336
|-damage|p2a: Landorus-Therian|34/336|[from] Stealth Rock
|-ability|p2a: Landorus-Therian|Intimidate|[of] p1a: Lucario
|-unboost|p1a: Lucario|atk|1
|move|p1a: Lucario|Swords Dance|p1a: Lucario
|-boost|p1a: Lucario|atk|2
|
|-heal|p2a: Landorus-Therian|55/336|[from] item: Leftovers
|turn|10
|
|move|p1a: Lucario|Extreme Speed|p2a: Landorus-Therian
|-damage|p2a: Landorus-Therian|0 fnt
|-damage|p1a: Lucario|245/281|[from] item: Life Orb
|faint|p2a: Landorus-Therian
|
|
|switch|p2a: Terrakion|Terrakion|323/323
|-damage|p2a: Terrakion|303/323|[from] Stealth Rock
|turn|11
|chat|Tesung|If only I has bp
|chat|Level 56|:)
|
|move|p2a: Terrakion|Close Combat|p1a: Lucario
|-supereffective|p1a: Lucario
|-damage|p1a: Lucario|0 fnt
|-unboost|p2a: Terrakion|def|1
|-unboost|p2a: Terrakion|spd|1
|faint|p1a: Lucario
|
|
|switch|p1a: Salamence|Salamence, F|331/331
|-damage|p1a: Salamence|249/331|[from] Stealth Rock
|turn|12
|chat|Level 56|hmmm
|chat|Tesung|;)
|
|switch|p2a: Breloom|Breloom, M|262/262
|-damage|p2a: Breloom|246/262|[from] Stealth Rock
|move|p1a: Salamence|Earthquake|p2a: Breloom
|-resisted|p2a: Breloom
|-damage|p2a: Breloom|162/262
|
|turn|13
|chat|Level 56|lol
|
|switch|p1a: Garchomp|Garchomp, M|358/358
|-damage|p1a: Garchomp|336/358|[from] Stealth Rock
|move|p2a: Breloom|Mach Punch|p1a: Garchomp
|-enditem|p2a: Breloom|Fighting Gem|[from] gem|[move] Mach Punch
|-damage|p1a: Garchomp|165/358
|-damage|p2a: Breloom|130/262|[from] ability: Rough Skin|[of] p1a: Garchomp
|
|turn|14
|chat|Tesung|Gd play lol
|
|move|p2a: Breloom|Mach Punch|p1a: Garchomp
|-damage|p1a: Garchomp|54/358
|-damage|p2a: Breloom|98/262|[from] ability: Rough Skin|[of] p1a: Garchomp
|move|p1a: Garchomp|Swords Dance|p1a: Garchomp
|-boost|p1a: Garchomp|atk|2
|
|turn|15
|
|move|p2a: Breloom|Mach Punch|p1a: Garchomp
|-damage|p1a: Garchomp|0 fnt
|-damage|p2a: Breloom|66/262|[from] ability: Rough Skin|[of] p1a: Garchomp
|faint|p1a: Garchomp
|
|chat|Level 56|lol
|leave|Tesung
|player|p1
|join|Tesung
|chat|Tesung|Wtf
|chat|Tesung|i am here
|chat|Tesung|can u turn off timer plz
|player|p1|Tesung|265
|
|switch|p1a: Dragonite|Dragonite, M|324/324
|-damage|p1a: Dragonite|243/324|[from] Stealth Rock
|turn|16
|
|move|p2a: Breloom|Spore|p1a: Dragonite
|-status|p1a: Dragonite|slp
|-enditem|p1a: Dragonite|Lum Berry|[eat]
|-curestatus|p1a: Dragonite|slp
|move|p1a: Dragonite|Dragon Dance|p1a: Dragonite
|-boost|p1a: Dragonite|atk|1
|-boost|p1a: Dragonite|spe|1
|
|turn|17
|
|move|p1a: Dragonite|Extreme Speed|p2a: Breloom
|-damage|p2a: Breloom|0 fnt
|faint|p2a: Breloom
|
|
|switch|p2a: Terrakion|Terrakion|303/323
|-damage|p2a: Terrakion|283/323|[from] Stealth Rock
|turn|18
|chat|Level 56|sorry
|chat|Tesung|Oh scarf? Gg
|
|move|p2a: Terrakion|Stone Edge|p1a: Dragonite
|-supereffective|p1a: Dragonite
|-damage|p1a: Dragonite|0 fnt
|faint|p1a: Dragonite
|
|
|switch|p1a: Salamence|Salamence, F|249/331
|-damage|p1a: Salamence|167/331|[from] Stealth Rock
|turn|19
|chat|Level 56|GG
|chat|Tesung|Ugh I played bad haha
|
|move|p2a: Terrakion|Stone Edge|p1a: Salamence
|-supereffective|p1a: Salamence
|-damage|p1a: Salamence|0 fnt
|faint|p1a: Salamence
|
|win|Level 56
|raw|Ladder updating...
|raw|Tesung's rating: 1506 &rarr; <strong>1474</strong><br />(-32 for losing)
|raw|Level 56's rating: 1266 &rarr; <strong>1306</strong><br />(+40 for winning)
|leave|Tesung
|player|p1