|uhtml|medal-msg|<div class="broadcast-blue">Curious what those medals under the avatar are? PS now has Ladder Seasons! For more information, check out the <a href="https://www.smogon.com/forums/threads/3740067/">thread on Smogon.</a></div>
|uhtml|medal-msg|<div class="broadcast-blue">Curious what those medals under the avatar are? PS now has Ladder Seasons! For more information, check out the <a href="https://www.smogon.com/forums/threads/3740067/">thread on Smogon.</a></div>
|j|☆estalos
|j|☆AngryPidgeon
|t:|1713834247
|gametype|singles
|player|p1|estalos|1|1354
|player|p2|AngryPidgeon|janine|1416
|teamsize|p1|6
|teamsize|p2|6
|gen|5
|tier|[Gen 5] OU
|rated|
|rule|Species Clause: Limit one of each Pokémon
|rule|OHKO Clause: OHKO moves are banned
|rule|Moody Clause: Moody is banned
|rule|Evasion Items Clause: Evasion items are banned
|rule|Evasion Moves Clause: Evasion moves are banned
|rule|Endless Battle Clause: Forcing endless battles is banned
|rule|HP Percentage Mod: HP is shown in percentages
|rule|Evasion Abilities Clause: Evasion abilities are banned
|rule|Sleep Moves Clause: Sleep-inducing moves are banned
|rule|Swagger Clause: Swagger is banned
|rule|Baton Pass Stat Clause: No Baton Passer may have a way to boost its stats
|clearpoke
|poke|p1|Cloyster, M|item
|poke|p1|Skarmory, F|item
|poke|p1|Starmie|item
|poke|p1|Scizor, F|item
|poke|p1|Volcarona, F|item
|poke|p1|Landorus-Therian, M|item
|poke|p2|Abomasnow, F|item
|poke|p2|Cloyster, M|item
|poke|p2|Alakazam, M|item
|poke|p2|Starmie|item
|poke|p2|Heatran, F|item
|poke|p2|Latios, M|item
|teampreview
|
|t:|1713834292
|start
|switch|p1a: Skarmory|Skarmory, F|100/100
|switch|p2a: Latios|Latios, M|100/100
|turn|1
|
|t:|1713834311
|switch|p2a: Starmie|Starmie|100/100
|move|p1a: Skarmory|Stealth Rock|p2a: Starmie
|-sidestart|p2: AngryPidgeon|move: Stealth Rock
|
|upkeep
|turn|2
|
|t:|1713834318
|switch|p1a: Scizor|Scizor, F|100/100
|move|p2a: Starmie|Rapid Spin|p1a: Scizor
|-resisted|p1a: Scizor
|-crit|p1a: Scizor
|-damage|p1a: Scizor|97/100
|-sideend|p2: AngryPidgeon|Stealth Rock|[from] move: Rapid Spin|[of] p2a: Starmie
|
|upkeep
|turn|3
|
|t:|1713834322
|-activate|p2a: Starmie|move: Pursuit
|move|p1a: Scizor|Pursuit|p2a: Starmie|[from]Pursuit
|-supereffective|p2a: Starmie
|-damage|p2a: Starmie|6/100
|-damage|p1a: Scizor|87/100|[from] item: Life Orb
|switch|p2a: Heatran|Heatran, F|100/100
|
|upkeep
|turn|4
|
|t:|1713834333
|switch|p1a: Starmie|Starmie|100/100
|-item|p1a: Starmie|Air Balloon
|move|p2a: Heatran|Substitute|p2a: Heatran
|-start|p2a: Heatran|Substitute
|-damage|p2a: Heatran|76/100
|
|-heal|p2a: Heatran|82/100|[from] item: Leftovers
|upkeep
|turn|5
|
|t:|1713834339
|move|p2a: Heatran|Protect|p2a: Heatran
|-singleturn|p2a: Heatran|Protect
|move|p1a: Starmie|Thunderbolt|p2a: Heatran
|-activate|p2a: Heatran|move: Protect
|
|-heal|p2a: Heatran|88/100|[from] item: Leftovers
|upkeep
|turn|6
|
|t:|1713834379
|move|p1a: Starmie|Hydro Pump|p2a: Heatran
|-supereffective|p2a: Heatran
|-end|p2a: Heatran|Substitute
|move|p2a: Heatran|Lava Plume|p1a: Starmie
|-resisted|p1a: Starmie
|-damage|p1a: Starmie|73/100
|-status|p1a: Starmie|brn
|-enditem|p1a: Starmie|Air Balloon
|
|-heal|p2a: Heatran|94/100|[from] item: Leftovers
|-damage|p1a: Starmie|61/100 brn|[from] brn
|upkeep
|turn|7
|
|t:|1713834393
|switch|p1a: Landorus|Landorus-Therian, M|100/100
|-ability|p1a: Landorus|Intimidate|boost
|-unboost|p2a: Heatran|atk|1
|move|p2a: Heatran|Protect||[still]
|-fail|p2a: Heatran
|
|-heal|p2a: Heatran|100/100|[from] item: Leftovers
|upkeep
|turn|8
|
|t:|1713834431
|switch|p2a: Abomasnow|Abomasnow, F|100/100
|-weather|Hail|[from] ability: Snow Warning|[of] p2a: Abomasnow
|move|p1a: Landorus|Swords Dance|p1a: Landorus
|-boost|p1a: Landorus|atk|2
|
|-weather|Hail|[upkeep]
|-damage|p1a: Landorus|94/100|[from] Hail
|upkeep
|turn|9
|
|t:|1713834445
|move|p1a: Landorus|Stone Edge|p2a: Abomasnow
|-supereffective|p2a: Abomasnow
|-damage|p2a: Abomasnow|0 fnt
|faint|p2a: Abomasnow
|
|-weather|Hail|[upkeep]
|-damage|p1a: Landorus|88/100|[from] Hail
|upkeep
|
|t:|1713834460
|switch|p2a: Starmie|Starmie|6/100
|turn|10
|
|t:|1713834462
|switch|p1a: Scizor|Scizor, F|87/100
|move|p2a: Starmie|Scald|p1a: Scizor
|-damage|p1a: Scizor|50/100
|
|-weather|Hail|[upkeep]
|-damage|p2a: Starmie|0 fnt|[from] Hail
|-damage|p1a: Scizor|44/100|[from] Hail
|faint|p2a: Starmie
|upkeep
|
|t:|1713834485
|switch|p2a: Latios|Latios, M|100/100
|turn|11
|
|t:|1713834498
|move|p1a: Scizor|Bullet Punch|p2a: Latios
|-damage|p2a: Latios|44/100
|-damage|p1a: Scizor|34/100|[from] item: Life Orb
|move|p2a: Latios|Surf|p1a: Scizor
|-damage|p1a: Scizor|0 fnt
|faint|p1a: Scizor
|
|-weather|Hail|[upkeep]
|-damage|p2a: Latios|38/100|[from] Hail
|upkeep
|
|t:|1713834504
|switch|p1a: Skarmory|Skarmory, F|100/100
|turn|12
|
|t:|1713834517
|move|p2a: Latios|Surf|p1a: Skarmory
|-damage|p1a: Skarmory|10/100
|move|p1a: Skarmory|Stealth Rock|p2a: Latios
|-sidestart|p2: AngryPidgeon|move: Stealth Rock
|
|-weather|Hail|[upkeep]
|-damage|p2a: Latios|32/100|[from] Hail
|-damage|p1a: Skarmory|4/100|[from] Hail
|upkeep
|turn|13
|-enditem|p1a: Skarmory|Custap Berry|[eat]
|-activate|p1a: Skarmory|item: Custap Berry|[consumed]
|
|t:|1713834522
|move|p1a: Skarmory|Brave Bird|p2a: Latios
|-damage|p2a: Latios|0 fnt
|faint|p2a: Latios
|-damage|p1a: Skarmory|0 fnt|[from] Recoil
|faint|p1a: Skarmory
|
|-weather|Hail|[upkeep]
|upkeep
|
|t:|1713834538
|switch|p2a: Alakazam|Alakazam, M|100/100
|switch|p1a: Starmie|Starmie|61/100 brn
|-damage|p2a: Alakazam|88/100|[from] Stealth Rock
|turn|14
|
|t:|1713834542
|move|p2a: Alakazam|Grass Knot|p1a: Starmie
|-supereffective|p1a: Starmie
|-damage|p1a: Starmie|0 fnt
|faint|p1a: Starmie
|-damage|p2a: Alakazam|78/100|[from] item: Life Orb
|
|-weather|Hail|[upkeep]
|-damage|p2a: Alakazam|72/100|[from] Hail
|upkeep
|
|t:|1713834548
|switch|p1a: Volcarona|Volcarona, F|100/100
|turn|15
|
|t:|1713834562
|move|p2a: Alakazam|Psychic|p1a: Volcarona
|-damage|p1a: Volcarona|36/100
|-damage|p2a: Alakazam|62/100|[from] item: Life Orb
|move|p1a: Volcarona|Bug Buzz|p2a: Alakazam
|-supereffective|p2a: Alakazam
|-damage|p2a: Alakazam|0 fnt
|faint|p2a: Alakazam
|
|-weather|Hail|[upkeep]
|-damage|p1a: Volcarona|30/100|[from] Hail
|upkeep
|
|t:|1713834574
|switch|p2a: Heatran|Heatran, F|100/100
|-damage|p2a: Heatran|88/100|[from] Stealth Rock
|turn|16
|
|t:|1713834580
|switch|p1a: Landorus|Landorus-Therian, M|88/100
|-ability|p1a: Landorus|Intimidate|boost
|-unboost|p2a: Heatran|atk|1
|move|p2a: Heatran|Lava Plume|p1a: Landorus
|-damage|p1a: Landorus|52/100
|
|-weather|Hail|[upkeep]
|-damage|p1a: Landorus|46/100|[from] Hail
|-damage|p2a: Heatran|82/100|[from] Hail
|-heal|p2a: Heatran|88/100|[from] item: Leftovers
|upkeep
|turn|17
|
|t:|1713834586
|move|p1a: Landorus|Earthquake|p2a: Heatran
|-supereffective|p2a: Heatran
|-damage|p2a: Heatran|0 fnt
|faint|p2a: Heatran
|
|-weather|Hail|[upkeep]
|-damage|p1a: Landorus|40/100|[from] Hail
|upkeep
|
|t:|1713834588
|switch|p2a: Cloyster|Cloyster, M|100/100
|-damage|p2a: Cloyster|76/100|[from] Stealth Rock
|turn|18
|
|t:|1713834592
|move|p2a: Cloyster|Ice Shard|p1a: Landorus
|-supereffective|p1a: Landorus
|-damage|p1a: Landorus|0 fnt
|faint|p1a: Landorus
|
|-weather|Hail|[upkeep]
|upkeep
|
|t:|1713834595
|switch|p1a: Volcarona|Volcarona, F|30/100
|turn|19
|
|t:|1713834619
|move|p2a: Cloyster|Ice Shard|p1a: Volcarona
|-resisted|p1a: Volcarona
|-damage|p1a: Volcarona|15/100
|move|p1a: Volcarona|Bug Buzz|p2a: Cloyster
|-damage|p2a: Cloyster|0 fnt
|faint|p2a: Cloyster
|
|win|estalos
|raw|estalos's rating: 1354 &rarr; <strong>1378</strong><br />(+24 for winning)
|raw|AngryPidgeon's rating: 1416 &rarr; <strong>1392</strong><br />(-24 for losing)
|l|☆AngryPidgeon
|player|p2|
