|j|☆Manolo1978
|j|☆Spritzalcianuro96
|player|p1|Manolo1978|hiker|1337
|player|p2|Spritzalcianuro96|n|1395
|teamsize|p1|6
|teamsize|p2|6
|gametype|singles
|gen|5
|tier|[Gen 5] OU
|rated|
|rule|Sleep Clause Mod: Limit one foe put to sleep
|rule|Species Clause: Limit one of each Pokémon
|rule|OHKO Clause: OHKO moves are banned
|rule|Moody Clause: Moody is banned
|rule|Evasion Moves Clause: Evasion moves are banned
|rule|Endless Battle Clause: Forcing endless battles is banned
|rule|HP Percentage Mod: HP is shown in percentages
|rule|Evasion Abilities Clause: Evasion abilities are banned
|rule|Baton Pass Clause: Limit one Baton Passer, can't pass Spe and other stats simultaneously
|rule|Swagger Clause: Swagger is banned
|clearpoke
|poke|p1|Garchomp, F|item
|poke|p1|Arcanine, F|item
|poke|p1|Venusaur, F|item
|poke|p1|Empoleon, F|item
|poke|p1|Gengar, M|item
|poke|p1|Weavile, F|item
|poke|p2|Ferrothorn, M|item
|poke|p2|Hydreigon, F|item
|poke|p2|Jellicent, M|item
|poke|p2|Tyranitar, M|item
|poke|p2|Heatran, M|item
|poke|p2|Landorus-Therian, M|item
|teampreview
|
|start
|switch|p1a: Gengar|Gengar, M|100/100
|switch|p2a: Tyranitar|Tyranitar, M|100/100
|-weather|Sandstorm|[from] ability: Sand Stream|[of] p2a: Tyranitar
|turn|1
|
|move|p2a: Tyranitar|Crunch|p1a: Gengar
|-supereffective|p1a: Gengar
|-damage|p1a: Gengar|0 fnt
|faint|p1a: Gengar
|
|-weather|Sandstorm|[upkeep]
|upkeep
|
|switch|p1a: Venusaur|Venusaur, F|100/100
|turn|2
|
|switch|p2a: Heatran|Heatran, M|100/100
|-item|p2a: Heatran|Air Balloon
|move|p1a: Venusaur|Swords Dance|p1a: Venusaur
|-boost|p1a: Venusaur|atk|2
|
|-weather|Sandstorm|[upkeep]
|-damage|p1a: Venusaur|95/100|[from] Sandstorm
|upkeep
|turn|3
|
|move|p2a: Heatran|Lava Plume|p1a: Venusaur
|-supereffective|p1a: Venusaur
|-damage|p1a: Venusaur|0 fnt
|faint|p1a: Venusaur
|
|-weather|Sandstorm|[upkeep]
|upkeep
|
|switch|p1a: Empoleon|Empoleon, F|100/100
|turn|4
|
|move|p2a: Heatran|Stealth Rock|p1a: Empoleon
|-sidestart|p1: Manolo1978|move: Stealth Rock
|move|p1a: Empoleon|Surf|p2a: Heatran
|-supereffective|p2a: Heatran
|-damage|p2a: Heatran|0 fnt
|-enditem|p2a: Heatran|Air Balloon
|faint|p2a: Heatran
|
|-weather|Sandstorm|[upkeep]
|upkeep
|
|switch|p2a: Jellicent|Jellicent, M|100/100
|turn|5
|
|move|p1a: Empoleon|Hidden Power|p2a: Jellicent
|-supereffective|p2a: Jellicent
|-damage|p2a: Jellicent|60/100
|move|p2a: Jellicent|Will-O-Wisp|p1a: Empoleon
|-status|p1a: Empoleon|brn
|
|-weather|Sandstorm|[upkeep]
|-damage|p2a: Jellicent|54/100|[from] Sandstorm
|-damage|p1a: Empoleon|88/100 brn|[from] brn
|upkeep
|turn|6
|
|move|p1a: Empoleon|Hidden Power|p2a: Jellicent
|-supereffective|p2a: Jellicent
|-damage|p2a: Jellicent|18/100
|move|p2a: Jellicent|Recover|p2a: Jellicent
|-heal|p2a: Jellicent|68/100
|
|-weather|Sandstorm|[upkeep]
|-damage|p2a: Jellicent|61/100|[from] Sandstorm
|-heal|p1a: Empoleon|94/100 brn|[from] item: Leftovers
|-damage|p1a: Empoleon|82/100 brn|[from] brn
|upkeep
|turn|7
|
|move|p1a: Empoleon|Hidden Power|p2a: Jellicent
|-supereffective|p2a: Jellicent
|-damage|p2a: Jellicent|23/100
|move|p2a: Jellicent|Recover|p2a: Jellicent
|-heal|p2a: Jellicent|73/100
|
|-weather|Sandstorm|[upkeep]
|-damage|p2a: Jellicent|67/100|[from] Sandstorm
|-heal|p1a: Empoleon|88/100 brn|[from] item: Leftovers
|-damage|p1a: Empoleon|76/100 brn|[from] brn
|upkeep
|turn|8
|
|move|p1a: Empoleon|Hidden Power|p2a: Jellicent
|-supereffective|p2a: Jellicent
|-damage|p2a: Jellicent|28/100
|move|p2a: Jellicent|Recover|p2a: Jellicent
|-heal|p2a: Jellicent|78/100
|
|-weather|Sandstorm|[upkeep]
|-damage|p2a: Jellicent|72/100|[from] Sandstorm
|-heal|p1a: Empoleon|82/100 brn|[from] item: Leftovers
|-damage|p1a: Empoleon|70/100 brn|[from] brn
|upkeep
|turn|9
|
|switch|p2a: Landorus|Landorus-Therian, M|100/100
|-ability|p2a: Landorus|Intimidate|boost
|-unboost|p1a: Empoleon|atk|1
|move|p1a: Empoleon|Hidden Power|p2a: Landorus
|-immune|p2a: Landorus
|
|-weather|Sandstorm|[upkeep]
|-heal|p1a: Empoleon|76/100 brn|[from] item: Leftovers
|-damage|p1a: Empoleon|64/100 brn|[from] brn
|upkeep
|turn|10
|
|move|p2a: Landorus|Earthquake|p1a: Empoleon
|-supereffective|p1a: Empoleon
|-crit|p1a: Empoleon
|-damage|p1a: Empoleon|0 fnt
|faint|p1a: Empoleon
|
|-weather|Sandstorm|[upkeep]
|upkeep
|
|switch|p1a: Weavile|Weavile, F|100/100
|-damage|p1a: Weavile|76/100|[from] Stealth Rock
|turn|11
|
|move|p2a: Landorus|Earthquake|p1a: Weavile
|-damage|p1a: Weavile|0 fnt
|faint|p1a: Weavile
|
|-weather|Sandstorm|[upkeep]
|upkeep
|
|switch|p1a: Garchomp|Garchomp, F|100/100
|-damage|p1a: Garchomp|94/100|[from] Stealth Rock
|turn|12
|
|switch|p2a: Jellicent|Jellicent, M|72/100
|move|p1a: Garchomp|Outrage|p2a: Jellicent
|-damage|p2a: Jellicent|15/100
|
|-weather|Sandstorm|[upkeep]
|-damage|p2a: Jellicent|9/100|[from] Sandstorm
|upkeep
|turn|13
|
|switch|p2a: Ferrothorn|Ferrothorn, M|100/100
|move|p1a: Garchomp|Outrage|p2a: Ferrothorn|[from]lockedmove
|-resisted|p2a: Ferrothorn
|-damage|p2a: Ferrothorn|76/100
|-damage|p1a: Garchomp|82/100|[from] ability: Iron Barbs|[of] p2a: Ferrothorn
|-start|p1a: Garchomp|confusion|[fatigue]
|
|-weather|Sandstorm|[upkeep]
|-heal|p2a: Ferrothorn|82/100|[from] item: Leftovers
|upkeep
|turn|14
|
|switch|p1a: Arcanine|Arcanine, F|100/100
|-damage|p1a: Arcanine|76/100|[from] Stealth Rock
|-ability|p1a: Arcanine|Intimidate|boost
|-unboost|p2a: Ferrothorn|atk|1
|move|p2a: Ferrothorn|Leech Seed|p1a: Arcanine
|-start|p1a: Arcanine|move: Leech Seed
|
|-weather|Sandstorm|[upkeep]
|-damage|p1a: Arcanine|69/100|[from] Sandstorm
|-heal|p2a: Ferrothorn|89/100|[from] item: Leftovers
|-damage|p1a: Arcanine|57/100|[from] Leech Seed|[of] p2a: Ferrothorn
|-heal|p2a: Ferrothorn|99/100|[silent]
|upkeep
|turn|15
|
|switch|p2a: Jellicent|Jellicent, M|9/100
|move|p1a: Arcanine|Flare Blitz|p2a: Jellicent
|-resisted|p2a: Jellicent
|-damage|p2a: Jellicent|0 fnt
|-damage|p1a: Arcanine|53/100|[from] Recoil
|faint|p2a: Jellicent
|
|-weather|Sandstorm|[upkeep]
|-damage|p1a: Arcanine|47/100|[from] Sandstorm
|upkeep
|
|switch|p2a: Landorus|Landorus-Therian, M|100/100
|-ability|p2a: Landorus|Intimidate|boost
|-unboost|p1a: Arcanine|atk|1
|turn|16
|
|switch|p1a: Garchomp|Garchomp, F|82/100
|-damage|p1a: Garchomp|76/100|[from] Stealth Rock
|move|p2a: Landorus|Earthquake|p1a: Garchomp
|-damage|p1a: Garchomp|16/100
|
|-weather|Sandstorm|[upkeep]
|upkeep
|turn|17
|
|move|p1a: Garchomp|Fire Fang|p2a: Landorus|[miss]
|-miss|p1a: Garchomp|p2a: Landorus
|move|p2a: Landorus|Earthquake|p1a: Garchomp
|-damage|p1a: Garchomp|0 fnt
|faint|p1a: Garchomp
|
|-weather|Sandstorm|[upkeep]
|upkeep
|
|switch|p1a: Arcanine|Arcanine, F|47/100
|-damage|p1a: Arcanine|22/100|[from] Stealth Rock
|-ability|p1a: Arcanine|Intimidate|boost
|-unboost|p2a: Landorus|atk|1
|turn|18
|
|move|p2a: Landorus|Earthquake|p1a: Arcanine
|-supereffective|p1a: Arcanine
|-damage|p1a: Arcanine|0 fnt
|faint|p1a: Arcanine
|
|win|Spritzalcianuro96
|l|☆Manolo1978
|raw|Manolo1978's rating: 1337 &rarr; <strong>1321</strong><br />(-16 for losing)
|raw|Spritzalcianuro96's rating: 1395 &rarr; <strong>1412</strong><br />(+17 for winning)
