|j|☆Giovanna G
|j|☆Gh0st of Perdition
|player|p1|Giovanna G|lady-gen4|1565
|player|p2|Gh0st of Perdition|gentleman-gen1rb|1579
|teamsize|p1|6
|teamsize|p2|6
|gametype|singles
|gen|5
|tier|[Gen 5] OU
|rated|
|clearpoke
|poke|p1|Jirachi|item
|poke|p1|Scizor, M|item
|poke|p1|Landorus-Therian, M|item
|poke|p1|Keldeo|item
|poke|p1|Rotom-Wash|item
|poke|p1|Latios, M|item
|poke|p2|Hippowdon, F|item
|poke|p2|Magnezone|item
|poke|p2|Excadrill, F|item
|poke|p2|Aerodactyl, M|item
|poke|p2|Amoonguss, F|item
|poke|p2|Skarmory, F|item
|rule|Species Clause: Limit one of each Pokémon
|rule|OHKO Clause: OHKO moves are banned
|rule|Moody Clause: Moody is banned
|rule|Evasion Moves Clause: Evasion moves are banned
|rule|Endless Battle Clause: Forcing endless battles is banned
|rule|HP Percentage Mod: HP is shown in percentages
|rule|Evasion Abilities Clause: Evasion abilities are banned
|rule|Baton Pass Clause: Limit one Baton Passer, can't pass Spe and other stats simultaneously
|rule|Sleep Clause: Sleep-inducing moves are banned
|rule|Swagger Clause: Swagger is banned
|teampreview
|j| Not Name Fren
|
|start
|switch|p1a: MOST USED|Landorus-Therian, M|100/100
|switch|p2a: Magnezone|Magnezone|100/100
|-ability|p1a: MOST USED|Intimidate|boost
|-unboost|p2a: Magnezone|atk|1
|turn|1
|
|switch|p2a: Skarmory|Skarmory, F|100/100
|move|p1a: MOST USED|Stealth Rock|p2a: Skarmory
|-sidestart|p2: Gh0st of Perdition|move: Stealth Rock
|
|upkeep
|turn|2
|
|move|p1a: MOST USED|U-turn|p2a: Skarmory
|-resisted|p2a: Skarmory
|-damage|p2a: Skarmory|97/100
|-damage|p1a: MOST USED|84/100|[from] item: Rocky Helmet|[of] p2a: Skarmory
|
|switch|p1a: OVERUSED|Rotom-Wash, shiny|100/100|[from]move: U-turn
|move|p2a: Skarmory|Spikes|p1a: OVERUSED
|-sidestart|p1: Giovanna G|Spikes
|
|upkeep
|turn|3
|
|switch|p2a: Amoonguss|Amoonguss, F, shiny|100/100
|-damage|p2a: Amoonguss|88/100|[from] Stealth Rock
|move|p1a: OVERUSED|Trick|p2a: Amoonguss
|-activate|p1a: OVERUSED|move: Trick|[of] p2a: Amoonguss
|-item|p2a: Amoonguss|Choice Specs|[from] move: Trick
|-item|p1a: OVERUSED|Sitrus Berry|[from] move: Trick
|
|upkeep
|turn|4
|
|move|p1a: OVERUSED|Volt Switch|p2a: Amoonguss
|-resisted|p2a: Amoonguss
|-damage|p2a: Amoonguss|77/100
|
|switch|p1a: Scizor|Scizor, M|100/100|[from]move: Volt Switch
|-damage|p1a: Scizor|88/100|[from] Spikes
|move|p2a: Amoonguss|Sludge Bomb|p1a: Scizor
|-immune|p1a: Scizor
|
|upkeep
|turn|5
|
|switch|p2a: Skarmory|Skarmory, F|97/100
|-damage|p2a: Skarmory|85/100|[from] Stealth Rock
|move|p1a: Scizor|U-turn|p2a: Skarmory
|-resisted|p2a: Skarmory
|-damage|p2a: Skarmory|76/100
|-damage|p1a: Scizor|72/100|[from] item: Rocky Helmet|[of] p2a: Skarmory
|
|switch|p1a: OVERUSED|Rotom-Wash, shiny|100/100|[from]move: U-turn
|
|upkeep
|turn|6
|
|switch|p2a: Amoonguss|Amoonguss, F, shiny|100/100
|-damage|p2a: Amoonguss|88/100|[from] Stealth Rock
|move|p1a: OVERUSED|Volt Switch|p2a: Amoonguss
|-resisted|p2a: Amoonguss
|-damage|p2a: Amoonguss|76/100
|c|☆Giovanna G|I remember you
|c|☆Giovanna G|thw guy top of ladder
|
|switch|p1a: HAX NO SKILL|Jirachi|100/100|[from]move: Volt Switch
|-damage|p1a: HAX NO SKILL|88/100|[from] Spikes
|
|-heal|p1a: HAX NO SKILL|94/100|[from] item: Leftovers
|upkeep
|turn|7
|
|switch|p2a: Excadrill|Excadrill, F|100/100
|-damage|p2a: Excadrill|98/100|[from] Stealth Rock
|-ability|p2a: Excadrill|Mold Breaker
|move|p1a: HAX NO SKILL|Substitute|p1a: HAX NO SKILL
|-start|p1a: HAX NO SKILL|Substitute
|-damage|p1a: HAX NO SKILL|69/100
|
|-heal|p1a: HAX NO SKILL|75/100|[from] item: Leftovers
|upkeep
|turn|8
|
|move|p1a: HAX NO SKILL|Hidden Power|p2a: Excadrill
|-damage|p2a: Excadrill|80/100
|move|p2a: Excadrill|Earthquake|p1a: HAX NO SKILL
|-supereffective|p1a: HAX NO SKILL
|-end|p1a: HAX NO SKILL|Substitute
|
|-heal|p1a: HAX NO SKILL|82/100|[from] item: Leftovers
|upkeep
|turn|9
|
|switch|p1a: MOST USED|Landorus-Therian, M|84/100
|-ability|p1a: MOST USED|Intimidate|boost
|-unboost|p2a: Excadrill|atk|1
|move|p2a: Excadrill|Rapid Spin|p1a: MOST USED
|-damage|p1a: MOST USED|80/100
|-sideend|p2: Gh0st of Perdition|Stealth Rock|[from] move: Rapid Spin|[of] p2a: Excadrill
|
|-heal|p1a: MOST USED|86/100|[from] item: Leftovers
|upkeep
|turn|10
|
|switch|p2a: Hippowdon|Hippowdon, F|100/100
|-weather|Sandstorm|[from] ability: Sand Stream|[of] p2a: Hippowdon
|move|p1a: MOST USED|Stealth Rock|p2a: Hippowdon
|-sidestart|p2: Gh0st of Perdition|move: Stealth Rock
|
|-weather|Sandstorm|[upkeep]
|-heal|p1a: MOST USED|92/100|[from] item: Leftovers
|upkeep
|turn|11
|
|move|p1a: MOST USED|Hidden Power|p2a: Hippowdon
|-supereffective|p2a: Hippowdon
|-damage|p2a: Hippowdon|62/100
|move|p2a: Hippowdon|Stealth Rock|p1a: MOST USED
|-sidestart|p1: Giovanna G|move: Stealth Rock
|
|-weather|Sandstorm|[upkeep]
|-heal|p1a: MOST USED|98/100|[from] item: Leftovers
|-heal|p2a: Hippowdon|69/100|[from] item: Leftovers
|upkeep
|turn|12
|
|move|p1a: MOST USED|U-turn|p2a: Hippowdon
|-damage|p2a: Hippowdon|57/100
|
|switch|p1a: OVERUSED|Rotom-Wash, shiny|100/100|[from]move: U-turn
|-damage|p1a: OVERUSED|88/100|[from] Stealth Rock
|move|p2a: Hippowdon|Slack Off|p2a: Hippowdon
|-heal|p2a: Hippowdon|100/100
|
|-weather|Sandstorm|[upkeep]
|-damage|p1a: OVERUSED|82/100|[from] Sandstorm
|upkeep
|turn|13
|
|switch|p2a: Amoonguss|Amoonguss, F, shiny|100/100
|-damage|p2a: Amoonguss|88/100|[from] Stealth Rock
|move|p1a: OVERUSED|Hydro Pump|p2a: Amoonguss|[miss]
|-miss|p1a: OVERUSED|p2a: Amoonguss
|
|-weather|Sandstorm|[upkeep]
|-damage|p1a: OVERUSED|76/100|[from] Sandstorm
|-damage|p2a: Amoonguss|82/100|[from] Sandstorm
|upkeep
|turn|14
|
|move|p1a: OVERUSED|Volt Switch|p2a: Amoonguss
|-resisted|p2a: Amoonguss
|-damage|p2a: Amoonguss|71/100
|
|switch|p1a: Scizor|Scizor, M|72/100|[from]move: Volt Switch
|-damage|p1a: Scizor|59/100|[from] Stealth Rock
|-damage|p1a: Scizor|47/100|[from] Spikes
|move|p2a: Amoonguss|Giga Drain|p1a: Scizor
|-resisted|p1a: Scizor
|-damage|p1a: Scizor|37/100
|-heal|p2a: Amoonguss|75/100|[from] drain|[of] p1a: Scizor
|
|-weather|Sandstorm|[upkeep]
|-damage|p2a: Amoonguss|68/100|[from] Sandstorm
|upkeep
|turn|15
|
|switch|p2a: Skarmory|Skarmory, F|76/100
|-damage|p2a: Skarmory|64/100|[from] Stealth Rock
|move|p1a: Scizor|U-turn|p2a: Skarmory
|-resisted|p2a: Skarmory
|-damage|p2a: Skarmory|56/100
|-damage|p1a: Scizor|21/100|[from] item: Rocky Helmet|[of] p2a: Skarmory
|
|switch|p1a: D'Artagnan|Keldeo|100/100|[from]move: U-turn
|-damage|p1a: D'Artagnan|88/100|[from] Spikes
|-damage|p1a: D'Artagnan|82/100|[from] Stealth Rock
|
|-weather|Sandstorm|[upkeep]
|-damage|p1a: D'Artagnan|76/100|[from] Sandstorm
|upkeep
|turn|16
|
|switch|p2a: Amoonguss|Amoonguss, F, shiny|100/100
|-damage|p2a: Amoonguss|88/100|[from] Stealth Rock
|move|p1a: D'Artagnan|Scald|p2a: Amoonguss
|-resisted|p2a: Amoonguss
|-damage|p2a: Amoonguss|67/100
|
|-weather|Sandstorm|[upkeep]
|-damage|p1a: D'Artagnan|70/100|[from] Sandstorm
|-damage|p2a: Amoonguss|61/100|[from] Sandstorm
|upkeep
|turn|17
|
|switch|p1a: HAX NO SKILL|Jirachi|82/100
|-damage|p1a: HAX NO SKILL|75/100|[from] Stealth Rock
|-damage|p1a: HAX NO SKILL|63/100|[from] Spikes
|move|p2a: Amoonguss|Giga Drain|p1a: HAX NO SKILL
|-resisted|p1a: HAX NO SKILL
|-damage|p1a: HAX NO SKILL|50/100
|-heal|p2a: Amoonguss|67/100|[from] drain|[of] p1a: HAX NO SKILL
|
|-weather|Sandstorm|[upkeep]
|-damage|p2a: Amoonguss|61/100|[from] Sandstorm
|-heal|p1a: HAX NO SKILL|56/100|[from] item: Leftovers
|upkeep
|turn|18
|
|switch|p2a: Excadrill|Excadrill, F|80/100
|-damage|p2a: Excadrill|77/100|[from] Stealth Rock
|-ability|p2a: Excadrill|Mold Breaker
|move|p1a: HAX NO SKILL|Calm Mind|p1a: HAX NO SKILL
|-boost|p1a: HAX NO SKILL|spa|1
|-boost|p1a: HAX NO SKILL|spd|1
|
|-weather|Sandstorm|[upkeep]
|-heal|p1a: HAX NO SKILL|62/100|[from] item: Leftovers
|upkeep
|turn|19
|
|move|p1a: HAX NO SKILL|Hidden Power|p2a: Excadrill
|-damage|p2a: Excadrill|52/100
|move|p2a: Excadrill|Rapid Spin|p1a: HAX NO SKILL
|-resisted|p1a: HAX NO SKILL
|-damage|p1a: HAX NO SKILL|59/100
|-sideend|p2: Gh0st of Perdition|Stealth Rock|[from] move: Rapid Spin|[of] p2a: Excadrill
|
|-weather|Sandstorm|[upkeep]
|-heal|p1a: HAX NO SKILL|65/100|[from] item: Leftovers
|upkeep
|turn|20
|
|switch|p1a: MOST USED|Landorus-Therian, M|98/100
|-damage|p1a: MOST USED|86/100|[from] Stealth Rock
|-ability|p1a: MOST USED|Intimidate|boost
|-unboost|p2a: Excadrill|atk|1
|move|p2a: Excadrill|Earthquake|p1a: MOST USED
|-immune|p1a: MOST USED
|
|-weather|Sandstorm|[upkeep]
|-heal|p1a: MOST USED|92/100|[from] item: Leftovers
|upkeep
|turn|21
|l| Not Name Fren
|j| Not Name Fren
|
|switch|p2a: Skarmory|Skarmory, F|56/100
|move|p1a: MOST USED|Stealth Rock|p2a: Skarmory
|-sidestart|p2: Gh0st of Perdition|move: Stealth Rock
|
|-weather|Sandstorm|[upkeep]
|-heal|p1a: MOST USED|98/100|[from] item: Leftovers
|upkeep
|turn|22
|
|switch|p1a: D'Artagnan|Keldeo|70/100
|-damage|p1a: D'Artagnan|63/100|[from] Stealth Rock
|-damage|p1a: D'Artagnan|51/100|[from] Spikes
|move|p2a: Skarmory|Roost|p2a: Skarmory
|-heal|p2a: Skarmory|100/100
|-singleturn|p2a: Skarmory|move: Roost
|
|-weather|Sandstorm|[upkeep]
|-damage|p1a: D'Artagnan|45/100|[from] Sandstorm
|upkeep
|turn|23
|
|switch|p2a: Amoonguss|Amoonguss, F, shiny|94/100
|-damage|p2a: Amoonguss|82/100|[from] Stealth Rock
|move|p1a: D'Artagnan|Scald|p2a: Amoonguss
|-resisted|p2a: Amoonguss
|-damage|p2a: Amoonguss|62/100
|
|-weather|Sandstorm|[upkeep]
|-damage|p1a: D'Artagnan|39/100|[from] Sandstorm
|-damage|p2a: Amoonguss|56/100|[from] Sandstorm
|upkeep
|turn|24
|
|move|p1a: D'Artagnan|Scald|p2a: Amoonguss
|-resisted|p2a: Amoonguss
|-damage|p2a: Amoonguss|35/100
|move|p2a: Amoonguss|Giga Drain|p1a: D'Artagnan
|-supereffective|p1a: D'Artagnan
|-damage|p1a: D'Artagnan|0 fnt
|-heal|p2a: Amoonguss|49/100|[from] drain|[of] p1a: D'Artagnan
|faint|p1a: D'Artagnan
|
|-weather|Sandstorm|[upkeep]
|-damage|p2a: Amoonguss|43/100|[from] Sandstorm
|upkeep
|
|switch|p1a: RANDOM SET|Latios, M|100/100
|-damage|p1a: RANDOM SET|88/100|[from] Stealth Rock
|turn|25
|
|move|p1a: RANDOM SET|Psychic|p2a: Amoonguss
|-supereffective|p2a: Amoonguss
|-damage|p2a: Amoonguss|0 fnt
|faint|p2a: Amoonguss
|
|-weather|Sandstorm|[upkeep]
|-damage|p1a: RANDOM SET|82/100|[from] Sandstorm
|upkeep
|
|switch|p2a: Magnezone|Magnezone|100/100
|-damage|p2a: Magnezone|94/100|[from] Stealth Rock
|turn|26
|
|switch|p1a: Scizor|Scizor, M|21/100
|-damage|p1a: Scizor|8/100|[from] Spikes
|-damage|p1a: Scizor|0 fnt|[from] Stealth Rock
|faint|p1a: Scizor
|move|p2a: Magnezone|Flash Cannon|p1: Scizor|[notarget]
|-fail|p2a: Magnezone
|
|-weather|Sandstorm|[upkeep]
|upkeep
|
|switch|p1a: OVERUSED|Rotom-Wash, shiny|76/100
|-damage|p1a: OVERUSED|64/100|[from] Stealth Rock
|turn|27
|
|switch|p2a: Excadrill|Excadrill, F|52/100
|-damage|p2a: Excadrill|49/100|[from] Stealth Rock
|-ability|p2a: Excadrill|Mold Breaker
|move|p1a: OVERUSED|Hidden Power|p2a: Excadrill
|-supereffective|p2a: Excadrill
|-damage|p2a: Excadrill|2/100
|
|-weather|Sandstorm|[upkeep]
|-damage|p1a: OVERUSED|58/100|[from] Sandstorm
|upkeep
|turn|28
|
|switch|p1a: MOST USED|Landorus-Therian, M|98/100
|-damage|p1a: MOST USED|85/100|[from] Stealth Rock
|-ability|p1a: MOST USED|Intimidate|boost
|-unboost|p2a: Excadrill|atk|1
|move|p2a: Excadrill|Rock Tomb|p1a: MOST USED
|-damage|p1a: MOST USED|75/100
|-unboost|p1a: MOST USED|spe|1
|
|-weather|Sandstorm|[upkeep]
|-heal|p1a: MOST USED|81/100|[from] item: Leftovers
|upkeep
|turn|29
|
|switch|p2a: Skarmory|Skarmory, F|100/100
|-damage|p2a: Skarmory|88/100|[from] Stealth Rock
|move|p1a: MOST USED|Hidden Power|p2a: Skarmory
|-damage|p2a: Skarmory|67/100
|
|-weather|Sandstorm|[upkeep]
|-heal|p1a: MOST USED|87/100|[from] item: Leftovers
|upkeep
|turn|30
|
|move|p2a: Skarmory|Spikes|p1a: MOST USED
|-sidestart|p1: Giovanna G|Spikes
|move|p1a: MOST USED|Hidden Power|p2a: Skarmory
|-damage|p2a: Skarmory|45/100
|
|-weather|Sandstorm|[upkeep]
|-heal|p1a: MOST USED|93/100|[from] item: Leftovers
|upkeep
|turn|31
|
|move|p2a: Skarmory|Spikes|p1a: MOST USED
|-sidestart|p1: Giovanna G|Spikes
|move|p1a: MOST USED|U-turn|p2a: Skarmory
|-resisted|p2a: Skarmory
|-damage|p2a: Skarmory|41/100
|-damage|p1a: MOST USED|77/100|[from] item: Rocky Helmet|[of] p2a: Skarmory
|
|switch|p1a: OVERUSED|Rotom-Wash, shiny|58/100|[from]move: U-turn
|-damage|p1a: OVERUSED|46/100|[from] Stealth Rock
|-enditem|p1a: OVERUSED|Sitrus Berry|[eat]
|-heal|p1a: OVERUSED|71/100|[from] item: Sitrus Berry
|
|-weather|Sandstorm|[upkeep]
|-damage|p1a: OVERUSED|65/100|[from] Sandstorm
|upkeep
|turn|32
|
|switch|p2a: Excadrill|Excadrill, F|2/100
|-damage|p2a: Excadrill|0 fnt|[from] Stealth Rock
|faint|p2a: Excadrill
|move|p1a: OVERUSED|Hidden Power|p2: Excadrill|[notarget]
|-fail|p1a: OVERUSED
|
|-weather|Sandstorm|[upkeep]
|-damage|p1a: OVERUSED|59/100|[from] Sandstorm
|upkeep
|
|switch|p2a: Magnezone|Magnezone|94/100
|-damage|p2a: Magnezone|88/100|[from] Stealth Rock
|turn|33
|
|move|p2a: Magnezone|Volt Switch|p1a: OVERUSED
|-damage|p1a: OVERUSED|5/100
|
|switch|p2a: Skarmory|Skarmory, F|41/100|[from]move: Volt Switch
|-damage|p2a: Skarmory|29/100|[from] Stealth Rock
|move|p1a: OVERUSED|Hidden Power|p2a: Skarmory
|-supereffective|p2a: Skarmory
|-damage|p2a: Skarmory|0 fnt
|faint|p2a: Skarmory
|
|-weather|Sandstorm|[upkeep]
|-damage|p1a: OVERUSED|0 fnt|[from] Sandstorm
|faint|p1a: OVERUSED
|upkeep
|
|switch|p1a: RANDOM SET|Latios, M|82/100
|switch|p2a: Aerodactyl|Aerodactyl, M|100/100
|-damage|p1a: RANDOM SET|70/100|[from] Stealth Rock
|-damage|p2a: Aerodactyl|76/100|[from] Stealth Rock
|-ability|p2a: Aerodactyl|Pressure
|turn|34
|
|move|p1a: RANDOM SET|Surf|p2a: Aerodactyl
|-supereffective|p2a: Aerodactyl
|-damage|p2a: Aerodactyl|16/100
|move|p2a: Aerodactyl|Roost|p2a: Aerodactyl
|-heal|p2a: Aerodactyl|66/100
|-singleturn|p2a: Aerodactyl|move: Roost
|
|-weather|Sandstorm|[upkeep]
|-damage|p1a: RANDOM SET|64/100|[from] Sandstorm
|-heal|p2a: Aerodactyl|72/100|[from] item: Leftovers
|upkeep
|turn|35
|
|switch|p1a: MOST USED|Landorus-Therian, M|77/100
|-damage|p1a: MOST USED|64/100|[from] Stealth Rock
|-ability|p1a: MOST USED|Intimidate|boost
|-unboost|p2a: Aerodactyl|atk|1
|move|p2a: Aerodactyl|Roost|p2a: Aerodactyl
|-heal|p2a: Aerodactyl|100/100
|-singleturn|p2a: Aerodactyl|move: Roost
|
|-weather|Sandstorm|[upkeep]
|-heal|p1a: MOST USED|70/100|[from] item: Leftovers
|upkeep
|turn|36
|
|switch|p2a: Hippowdon|Hippowdon, F|100/100
|-damage|p2a: Hippowdon|94/100|[from] Stealth Rock
|move|p1a: MOST USED|Hidden Power|p2a: Hippowdon
|-supereffective|p2a: Hippowdon
|-damage|p2a: Hippowdon|60/100
|
|-weather|Sandstorm|[upkeep]
|-heal|p1a: MOST USED|77/100|[from] item: Leftovers
|-heal|p2a: Hippowdon|66/100|[from] item: Leftovers
|upkeep
|turn|37
|
|move|p1a: MOST USED|Hidden Power|p2a: Hippowdon
|-supereffective|p2a: Hippowdon
|-crit|p2a: Hippowdon
|-damage|p2a: Hippowdon|0 fnt
|faint|p2a: Hippowdon
|
|-weather|Sandstorm|[upkeep]
|-heal|p1a: MOST USED|83/100|[from] item: Leftovers
|upkeep
|
|switch|p2a: Aerodactyl|Aerodactyl, M|100/100
|-damage|p2a: Aerodactyl|76/100|[from] Stealth Rock
|-ability|p2a: Aerodactyl|Pressure
|turn|38
|
|move|p2a: Aerodactyl|Rock Slide|p1a: MOST USED
|-damage|p1a: MOST USED|60/100
|move|p1a: MOST USED|U-turn|p2a: Aerodactyl
|-resisted|p2a: Aerodactyl
|-damage|p2a: Aerodactyl|59/100
|
|switch|p1a: HAX NO SKILL|Jirachi|65/100|[from]move: U-turn
|-damage|p1a: HAX NO SKILL|40/100|[from] Spikes
|-damage|p1a: HAX NO SKILL|34/100|[from] Stealth Rock
|
|-weather|Sandstorm|[upkeep]
|-heal|p2a: Aerodactyl|65/100|[from] item: Leftovers
|-heal|p1a: HAX NO SKILL|40/100|[from] item: Leftovers
|upkeep
|turn|39
|
|move|p2a: Aerodactyl|Earthquake|p1a: HAX NO SKILL
|-supereffective|p1a: HAX NO SKILL
|-damage|p1a: HAX NO SKILL|0 fnt
|faint|p1a: HAX NO SKILL
|
|-weather|Sandstorm|[upkeep]
|-heal|p2a: Aerodactyl|71/100|[from] item: Leftovers
|upkeep
|
|switch|p1a: MOST USED|Landorus-Therian, M|60/100
|-damage|p1a: MOST USED|48/100|[from] Stealth Rock
|-ability|p1a: MOST USED|Intimidate|boost
|-unboost|p2a: Aerodactyl|atk|1
|turn|40
|l| Not Name Fren
|
|move|p2a: Aerodactyl|Rock Slide|p1a: MOST USED
|-damage|p1a: MOST USED|32/100
|cant|p1a: MOST USED|flinch
|
|-weather|Sandstorm|[upkeep]
|-heal|p2a: Aerodactyl|77/100|[from] item: Leftovers
|-heal|p1a: MOST USED|38/100|[from] item: Leftovers
|upkeep
|turn|41
|
|move|p2a: Aerodactyl|Rock Slide|p1a: MOST USED
|-damage|p1a: MOST USED|22/100
|cant|p1a: MOST USED|flinch
|
|-weather|Sandstorm|[upkeep]
|-heal|p2a: Aerodactyl|83/100|[from] item: Leftovers
|-heal|p1a: MOST USED|28/100|[from] item: Leftovers
|upkeep
|turn|42
|
|move|p2a: Aerodactyl|Rock Slide|p1a: MOST USED|[miss]
|-miss|p2a: Aerodactyl|p1a: MOST USED
|move|p1a: MOST USED|Hidden Power|p2a: Aerodactyl
|-supereffective|p2a: Aerodactyl
|-damage|p2a: Aerodactyl|52/100
|
|-weather|Sandstorm|[upkeep]
|-heal|p2a: Aerodactyl|59/100|[from] item: Leftovers
|-heal|p1a: MOST USED|34/100|[from] item: Leftovers
|upkeep
|turn|43
|
|move|p2a: Aerodactyl|Rock Slide|p1a: MOST USED
|-damage|p1a: MOST USED|17/100
|move|p1a: MOST USED|Hidden Power|p2a: Aerodactyl
|-supereffective|p2a: Aerodactyl
|-damage|p2a: Aerodactyl|32/100
|
|-weather|Sandstorm|[upkeep]
|-heal|p2a: Aerodactyl|38/100|[from] item: Leftovers
|-heal|p1a: MOST USED|23/100|[from] item: Leftovers
|upkeep
|turn|44
|
|move|p2a: Aerodactyl|Rock Slide|p1a: MOST USED
|-damage|p1a: MOST USED|5/100
|cant|p1a: MOST USED|flinch
|
|-weather|Sandstorm|[upkeep]
|-heal|p2a: Aerodactyl|44/100|[from] item: Leftovers
|-heal|p1a: MOST USED|12/100|[from] item: Leftovers
|upkeep
|turn|45
|
|move|p2a: Aerodactyl|Rock Slide|p1a: MOST USED
|-damage|p1a: MOST USED|0 fnt
|faint|p1a: MOST USED
|
|-weather|Sandstorm|[upkeep]
|-heal|p2a: Aerodactyl|50/100|[from] item: Leftovers
|upkeep
|
|switch|p1a: RANDOM SET|Latios, M|64/100
|-damage|p1a: RANDOM SET|52/100|[from] Stealth Rock
|turn|46
|
|move|p1a: RANDOM SET|Surf|p2a: Aerodactyl
|-supereffective|p2a: Aerodactyl
|-damage|p2a: Aerodactyl|0 fnt
|faint|p2a: Aerodactyl
|
|-weather|Sandstorm|[upkeep]
|-damage|p1a: RANDOM SET|46/100|[from] Sandstorm
|upkeep
|
|switch|p2a: Magnezone|Magnezone|88/100
|-damage|p2a: Magnezone|82/100|[from] Stealth Rock
|turn|47
|
|move|p1a: RANDOM SET|Surf|p2a: Magnezone
|-damage|p2a: Magnezone|42/100
|move|p2a: Magnezone|Flash Cannon|p1a: RANDOM SET
|-damage|p1a: RANDOM SET|0 fnt
|faint|p1a: RANDOM SET
|
|win|Gh0st of Perdition
|c|☆Gh0st of Perdition|Gg !
|l|☆Giovanna G
|raw|Giovanna G's rating: 1540 &rarr; <strong>1522</strong><br />(-18 for losing)
|raw|Gh0st of Perdition's rating: 1580 &rarr; <strong>1598</strong><br />(+18 for winning)
