|j|☆MonoMigui
|j|☆daddy_days
|t:|1739539807
|gametype|singles
|player|p1|MonoMigui|hoopster|1454
|player|p2|daddy_days|hugh|1477
|teamsize|p1|6
|teamsize|p2|6
|gen|5
|tier|[Gen 5] OU
|rated|
|rule|Species Clause: Limit one of each Pokémon
|rule|OHKO Clause: OHKO moves are banned
|rule|Moody Clause: Moody is banned
|rule|Evasion Items Clause: Evasion items are banned
|rule|Evasion Moves Clause: Evasion moves are banned
|rule|Endless Battle Clause: Forcing endless battles is banned
|rule|HP Percentage Mod: HP is shown in percentages
|rule|Evasion Abilities Clause: Evasion abilities are banned
|rule|Sleep Moves Clause: Sleep-inducing moves are banned
|rule|Swagger Clause: Swagger is banned
|rule|Baton Pass Stat Clause: No Baton Passer may have a way to boost its stats
|clearpoke
|poke|p1|Politoed, F|item
|poke|p1|Moltres|item
|poke|p1|Excadrill, M|item
|poke|p1|Metagross|item
|poke|p1|Keldeo|item
|poke|p1|Latios, M|item
|poke|p2|Kyurem-Black|item
|poke|p2|Garchomp, M|item
|poke|p2|Conkeldurr, F|item
|poke|p2|Starmie|item
|poke|p2|Bisharp, M|item
|poke|p2|Scyther, M|item
|teampreview
|
|t:|1739539815
|start
|switch|p1a: Bill Clinton|Politoed, F|100/100
|switch|p2a: Insane Dwayne|Kyurem-Black|100/100
|-ability|p2a: Insane Dwayne|Teravolt
|-weather|RainDance|[from] ability: Drizzle|[of] p1a: Bill Clinton
|turn|1
|
|t:|1739539824
|move|p2a: Insane Dwayne|Outrage|p1a: Bill Clinton
|-damage|p1a: Bill Clinton|11/100
|move|p1a: Bill Clinton|Toxic|p2a: Insane Dwayne
|-status|p2a: Insane Dwayne|tox
|
|-weather|RainDance|[upkeep]
|-heal|p1a: Bill Clinton|17/100|[from] item: Leftovers
|-damage|p2a: Insane Dwayne|94/100 tox|[from] psn
|upkeep
|turn|2
|
|t:|1739539839
|move|p1a: Bill Clinton|Protect|p1a: Bill Clinton
|-singleturn|p1a: Bill Clinton|Protect
|move|p2a: Insane Dwayne|Outrage|p1a: Bill Clinton|[from] lockedmove
|-activate|p1a: Bill Clinton|move: Protect
|-start|p2a: Insane Dwayne|confusion|[fatigue]
|
|-weather|RainDance|[upkeep]
|-heal|p1a: Bill Clinton|23/100|[from] item: Leftovers
|-damage|p2a: Insane Dwayne|82/100 tox|[from] psn
|upkeep
|turn|3
|
|t:|1739539862
|-activate|p2a: Insane Dwayne|confusion
|move|p2a: Insane Dwayne|Outrage|p1a: Bill Clinton
|-damage|p1a: Bill Clinton|0 fnt
|faint|p1a: Bill Clinton
|
|-weather|RainDance|[upkeep]
|-damage|p2a: Insane Dwayne|64/100 tox|[from] psn
|upkeep
|
|t:|1739539872
|switch|p1a: Michael Jackson|Keldeo|100/100
|turn|4
|
|t:|1739539875
|move|p1a: Michael Jackson|Secret Sword|p2a: Insane Dwayne
|-supereffective|p2a: Insane Dwayne
|-damage|p2a: Insane Dwayne|0 fnt
|faint|p2a: Insane Dwayne
|
|-weather|RainDance|[upkeep]
|upkeep
|
|t:|1739539882
|switch|p2a: Blade|Scyther, M|100/100
|turn|5
|
|t:|1739539887
|move|p2a: Blade|U-turn|p1a: Michael Jackson
|-resisted|p1a: Michael Jackson
|-damage|p1a: Michael Jackson|81/100
|
|t:|1739539891
|switch|p2a: Starlight|Starmie|100/100|[from] U-turn
|move|p1a: Michael Jackson|Icy Wind|p2a: Starlight
|-resisted|p2a: Starlight
|-damage|p2a: Starlight|88/100
|-unboost|p2a: Starlight|spe|1
|
|-weather|RainDance|[upkeep]
|-heal|p1a: Michael Jackson|87/100|[from] item: Leftovers
|-heal|p2a: Starlight|94/100|[from] item: Leftovers
|upkeep
|turn|6
|
|t:|1739539903
|switch|p1a: Morpheus|Excadrill, M|100/100
|-ability|p1a: Morpheus|Mold Breaker
|-item|p1a: Morpheus|Air Balloon
|move|p2a: Starlight|Thunder Wave|p1a: Morpheus
|-immune|p1a: Morpheus
|
|-weather|RainDance|[upkeep]
|-heal|p2a: Starlight|100/100|[from] item: Leftovers
|upkeep
|turn|7
|
|t:|1739539917
|switch|p2a: Blade|Scyther, M|100/100
|move|p1a: Morpheus|Earthquake|p2a: Blade
|-immune|p2a: Blade
|
|-weather|RainDance|[upkeep]
|upkeep
|turn|8
|
|t:|1739539925
|move|p2a: Blade|U-turn|p1a: Morpheus
|-resisted|p1a: Morpheus
|-damage|p1a: Morpheus|76/100
|-enditem|p1a: Morpheus|Air Balloon
|
|t:|1739539929
|switch|p2a: Painkiller|Garchomp, M|100/100|[from] U-turn
|move|p1a: Morpheus|Stealth Rock|p2a: Painkiller
|-sidestart|p2: daddy_days|move: Stealth Rock
|
|-weather|RainDance|[upkeep]
|upkeep
|turn|9
|
|t:|1739539937
|switch|p1a: Ricky Martin|Moltres|100/100
|-ability|p1a: Ricky Martin|Pressure
|move|p2a: Painkiller|Stealth Rock|p1a: Ricky Martin
|-sidestart|p1: MonoMigui|move: Stealth Rock
|
|-weather|RainDance|[upkeep]
|upkeep
|turn|10
|
|t:|1739539946
|move|p1a: Ricky Martin|Hurricane|p2a: Painkiller
|-damage|p2a: Painkiller|9/100
|move|p2a: Painkiller|Dragon Tail|p1a: Ricky Martin
|-damage|p1a: Ricky Martin|69/100
|drag|p1a: Klaus Schwab|Metagross|100/100
|-damage|p1a: Klaus Schwab|94/100|[from] Stealth Rock
|
|-weather|RainDance|[upkeep]
|upkeep
|turn|11
|
|t:|1739539957
|move|p2a: Painkiller|Endure|p2a: Painkiller
|-singleturn|p2a: Painkiller|move: Endure
|move|p1a: Klaus Schwab|Ice Punch|p2a: Painkiller
|-supereffective|p2a: Painkiller
|-activate|p2a: Painkiller|move: Endure
|-damage|p2a: Painkiller|1/100
|-damage|p1a: Klaus Schwab|82/100|[from] ability: Rough Skin|[of] p2a: Painkiller
|-damage|p1a: Klaus Schwab|66/100|[from] item: Rocky Helmet|[of] p2a: Painkiller
|
|-weather|RainDance|[upkeep]
|upkeep
|turn|12
|
|t:|1739539968
|move|p2a: Painkiller|Earthquake|p1a: Klaus Schwab
|-supereffective|p1a: Klaus Schwab
|-enditem|p1a: Klaus Schwab|Shuca Berry|[eat]
|-enditem|p1a: Klaus Schwab|Shuca Berry|[weaken]
|-damage|p1a: Klaus Schwab|32/100
|move|p1a: Klaus Schwab|Earthquake|p2a: Painkiller
|-damage|p2a: Painkiller|0 fnt
|faint|p2a: Painkiller
|
|-weather|RainDance|[upkeep]
|upkeep
|
|t:|1739539978
|switch|p2a: Starlight|Starmie|100/100
|-damage|p2a: Starlight|88/100|[from] Stealth Rock
|turn|13
|
|t:|1739539983
|move|p2a: Starlight|Hydro Pump|p1a: Klaus Schwab
|-damage|p1a: Klaus Schwab|0 fnt
|faint|p1a: Klaus Schwab
|
|-weather|RainDance|[upkeep]
|-heal|p2a: Starlight|94/100|[from] item: Leftovers
|upkeep
|
|t:|1739539990
|switch|p1a: Xi Jinping|Latios, M|100/100
|-damage|p1a: Xi Jinping|88/100|[from] Stealth Rock
|turn|14
|
|t:|1739539995
|move|p1a: Xi Jinping|Surf|p2a: Starlight
|-resisted|p2a: Starlight
|-damage|p2a: Starlight|66/100
|move|p2a: Starlight|Rapid Spin|p1a: Xi Jinping
|-damage|p1a: Xi Jinping|84/100
|-sideend|p2: daddy_days|Stealth Rock|[from] move: Rapid Spin|[of] p2a: Starlight
|
|-weather|RainDance|[upkeep]
|-heal|p2a: Starlight|72/100|[from] item: Leftovers
|upkeep
|turn|15
|
|t:|1739540015
|switch|p1a: Michael Jackson|Keldeo|87/100
|-damage|p1a: Michael Jackson|81/100|[from] Stealth Rock
|move|p2a: Starlight|Hydro Pump|p1a: Michael Jackson|[miss]
|-miss|p2a: Starlight|p1a: Michael Jackson
|
|-weather|RainDance|[upkeep]
|-heal|p2a: Starlight|79/100|[from] item: Leftovers
|-heal|p1a: Michael Jackson|87/100|[from] item: Leftovers
|upkeep
|turn|16
|
|t:|1739540026
|move|p2a: Starlight|Psyshock|p1a: Michael Jackson
|-supereffective|p1a: Michael Jackson
|-damage|p1a: Michael Jackson|24/100
|move|p1a: Michael Jackson|Hydro Pump|p2a: Starlight|[miss]
|-miss|p1a: Michael Jackson|p2a: Starlight
|
|-weather|RainDance|[upkeep]
|-heal|p2a: Starlight|85/100|[from] item: Leftovers
|-heal|p1a: Michael Jackson|30/100|[from] item: Leftovers
|upkeep
|turn|17
|
|t:|1739540036
|switch|p1a: Xi Jinping|Latios, M|84/100
|-damage|p1a: Xi Jinping|72/100|[from] Stealth Rock
|move|p2a: Starlight|Psyshock|p1a: Xi Jinping
|-resisted|p1a: Xi Jinping
|-damage|p1a: Xi Jinping|54/100
|
|-weather|RainDance|[upkeep]
|-heal|p2a: Starlight|91/100|[from] item: Leftovers
|upkeep
|turn|18
|
|t:|1739540046
|move|p1a: Xi Jinping|Draco Meteor|p2a: Starlight
|-damage|p2a: Starlight|0 fnt
|-unboost|p1a: Xi Jinping|spa|2
|faint|p2a: Starlight
|
|-weather|RainDance|[upkeep]
|upkeep
|
|t:|1739540054
|switch|p2a: Adolf|Bisharp, M|100/100
|-item|p2a: Adolf|Air Balloon
|turn|19
|
|t:|1739540059
|move|p1a: Xi Jinping|Draco Meteor|p2a: Adolf
|-resisted|p2a: Adolf
|-damage|p2a: Adolf|76/100
|-unboost|p1a: Xi Jinping|spa|2
|-enditem|p2a: Adolf|Air Balloon
|move|p2a: Adolf|Pursuit|p1a: Xi Jinping
|-supereffective|p1a: Xi Jinping
|-damage|p1a: Xi Jinping|0 fnt
|faint|p1a: Xi Jinping
|
|-weather|RainDance|[upkeep]
|upkeep
|
|t:|1739540066
|switch|p1a: Morpheus|Excadrill, M|76/100
|-damage|p1a: Morpheus|73/100|[from] Stealth Rock
|-ability|p1a: Morpheus|Mold Breaker
|turn|20
|
|t:|1739540084
|move|p1a: Morpheus|Rapid Spin|p2a: Adolf
|-resisted|p2a: Adolf
|-crit|p2a: Adolf
|-damage|p2a: Adolf|69/100
|-sideend|p1: MonoMigui|Stealth Rock|[from] move: Rapid Spin|[of] p1a: Morpheus
|move|p2a: Adolf|Brick Break|p1a: Morpheus
|-supereffective|p1a: Morpheus
|-damage|p1a: Morpheus|0 fnt
|faint|p1a: Morpheus
|
|-weather|RainDance|[upkeep]
|upkeep
|
|t:|1739540093
|switch|p1a: Ricky Martin|Moltres|69/100
|-ability|p1a: Ricky Martin|Pressure
|turn|21
|
|t:|1739540099
|move|p2a: Adolf|Sucker Punch|p1a: Ricky Martin
|-damage|p1a: Ricky Martin|17/100
|move|p1a: Ricky Martin|Hurricane|p2a: Adolf
|-resisted|p2a: Adolf
|-damage|p2a: Adolf|1/100
|
|-weather|RainDance|[upkeep]
|upkeep
|turn|22
|
|t:|1739540108
|switch|p1a: Michael Jackson|Keldeo|30/100
|move|p2a: Adolf|Sucker Punch||[still]
|-fail|p2a: Adolf
|
|-weather|RainDance|[upkeep]
|-heal|p1a: Michael Jackson|36/100|[from] item: Leftovers
|upkeep
|turn|23
|
|t:|1739540118
|move|p1a: Michael Jackson|Icy Wind|p2a: Adolf
|-resisted|p2a: Adolf
|-damage|p2a: Adolf|0 fnt
|faint|p2a: Adolf
|
|-weather|RainDance|[upkeep]
|-heal|p1a: Michael Jackson|43/100|[from] item: Leftovers
|upkeep
|
|t:|1739540126
|switch|p2a: Blade|Scyther, M|100/100
|turn|24
|
|t:|1739540129
|move|p2a: Blade|Aerial Ace|p1a: Michael Jackson
|-supereffective|p1a: Michael Jackson
|-crit|p1a: Michael Jackson
|-damage|p1a: Michael Jackson|0 fnt
|faint|p1a: Michael Jackson
|
|-weather|RainDance|[upkeep]
|upkeep
|
|t:|1739540132
|switch|p1a: Ricky Martin|Moltres|17/100
|-ability|p1a: Ricky Martin|Pressure
|turn|25
|c|☆MonoMigui|gg
|
|t:|1739540139
|move|p2a: Blade|Aerial Ace|p1a: Ricky Martin
|-damage|p1a: Ricky Martin|0 fnt
|faint|p1a: Ricky Martin
|
|win|daddy_days
|raw|MonoMigui's rating: 1454 &rarr; <strong>1435</strong><br />(-19 for losing)
|raw|daddy_days's rating: 1477 &rarr; <strong>1496</strong><br />(+19 for winning)
|c|☆daddy_days|gg
