|j|☆yungmacedgod
|j|☆BWR Ashes
|t:|1719607679
|gametype|singles
|player|p1|yungmacedgod|rika|1403
|player|p2|BWR Ashes|skier-gen2|1430
|teamsize|p1|6
|teamsize|p2|6
|gen|5
|tier|[Gen 5] OU
|rated|
|rule|Species Clause: Limit one of each Pokémon
|rule|OHKO Clause: OHKO moves are banned
|rule|Moody Clause: Moody is banned
|rule|Evasion Items Clause: Evasion items are banned
|rule|Evasion Moves Clause: Evasion moves are banned
|rule|Endless Battle Clause: Forcing endless battles is banned
|rule|HP Percentage Mod: HP is shown in percentages
|rule|Evasion Abilities Clause: Evasion abilities are banned
|rule|Sleep Moves Clause: Sleep-inducing moves are banned
|rule|Swagger Clause: Swagger is banned
|rule|Baton Pass Stat Clause: No Baton Passer may have a way to boost its stats
|clearpoke
|poke|p1|Tyranitar, F|item
|poke|p1|Landorus-Therian, M|item
|poke|p1|Excadrill, F|item
|poke|p1|Garchomp, M|item
|poke|p1|Celebi|item
|poke|p1|Rotom-Wash|item
|poke|p2|Politoed, F|item
|poke|p2|Mamoswine, F|item
|poke|p2|Tentacruel, F|item
|poke|p2|Thundurus-Therian, M|item
|poke|p2|Ferrothorn, M|item
|poke|p2|Latios, M|item
|teampreview
|
|t:|1719607720
|start
|switch|p1a: Celebi|Celebi|100/100
|switch|p2a: Thundurus|Thundurus-Therian, M|100/100
|turn|1
|inactive|Battle timer is ON: inactive players will automatically lose when time's up. (requested by yungmacedgod)
|
|t:|1719607725
|move|p2a: Thundurus|Hidden Power|p1a: Celebi
|-supereffective|p1a: Celebi
|-damage|p1a: Celebi|65/100
|move|p1a: Celebi|Stealth Rock|p2a: Thundurus
|-sidestart|p2: BWR Ashes|move: Stealth Rock
|
|-heal|p1a: Celebi|72/100|[from] item: Leftovers
|upkeep
|turn|2
|
|t:|1719607734
|move|p2a: Thundurus|Hidden Power|p1a: Celebi
|-supereffective|p1a: Celebi
|-damage|p1a: Celebi|35/100
|move|p1a: Celebi|Baton Pass|p1a: Celebi
|
|t:|1719607738
|switch|p1a: Tyranitar|Tyranitar, F|100/100|[from] Baton Pass
|-weather|Sandstorm|[from] ability: Sand Stream|[of] p1a: Tyranitar
|
|-weather|Sandstorm|[upkeep]
|-damage|p2a: Thundurus|94/100|[from] Sandstorm
|-heal|p2a: Thundurus|100/100|[from] item: Leftovers
|upkeep
|turn|3
|
|t:|1719607751
|move|p2a: Thundurus|Focus Blast|p1a: Tyranitar
|-supereffective|p1a: Tyranitar
|-enditem|p1a: Tyranitar|Chople Berry|[eat]
|-enditem|p1a: Tyranitar|Chople Berry|[weaken]
|-damage|p1a: Tyranitar|54/100
|move|p1a: Tyranitar|Pursuit|p2a: Thundurus
|-damage|p2a: Thundurus|74/100
|
|-weather|Sandstorm|[upkeep]
|-damage|p2a: Thundurus|68/100|[from] Sandstorm
|-heal|p2a: Thundurus|74/100|[from] item: Leftovers
|upkeep
|turn|4
|
|t:|1719607768
|switch|p1a: Rotom|Rotom-Wash|100/100
|move|p2a: Thundurus|Focus Blast|p1a: Rotom
|-damage|p1a: Rotom|47/100
|
|-weather|Sandstorm|[upkeep]
|-damage|p2a: Thundurus|68/100|[from] Sandstorm
|-damage|p1a: Rotom|41/100|[from] Sandstorm
|-heal|p2a: Thundurus|74/100|[from] item: Leftovers
|-heal|p1a: Rotom|47/100|[from] item: Leftovers
|upkeep
|turn|5
|
|t:|1719607777
|switch|p1a: Garchomp|Garchomp, M|100/100
|move|p2a: Thundurus|Focus Blast|p1a: Garchomp
|-damage|p1a: Garchomp|48/100
|-unboost|p1a: Garchomp|spd|1
|
|-weather|Sandstorm|[upkeep]
|-damage|p2a: Thundurus|68/100|[from] Sandstorm
|-heal|p2a: Thundurus|74/100|[from] item: Leftovers
|upkeep
|turn|6
|
|t:|1719607791
|switch|p2a: Ferrothorn|Ferrothorn, M|100/100
|-damage|p2a: Ferrothorn|94/100|[from] Stealth Rock
|move|p1a: Garchomp|Outrage|p2a: Ferrothorn
|-resisted|p2a: Ferrothorn
|-damage|p2a: Ferrothorn|71/100
|-damage|p1a: Garchomp|36/100|[from] ability: Iron Barbs|[of] p2a: Ferrothorn
|
|-weather|Sandstorm|[upkeep]
|upkeep
|turn|7
|
|t:|1719607796
|move|p1a: Garchomp|Outrage|p2a: Ferrothorn|[from]lockedmove
|-resisted|p2a: Ferrothorn
|-damage|p2a: Ferrothorn|50/100
|-damage|p1a: Garchomp|24/100|[from] ability: Iron Barbs|[of] p2a: Ferrothorn
|move|p2a: Ferrothorn|Stealth Rock|p1a: Garchomp
|-sidestart|p1: yungmacedgod|move: Stealth Rock
|
|-weather|Sandstorm|[upkeep]
|upkeep
|turn|8
|
|t:|1719607802
|move|p1a: Garchomp|Outrage|p2a: Ferrothorn|[from]lockedmove
|-resisted|p2a: Ferrothorn
|-damage|p2a: Ferrothorn|27/100
|-damage|p1a: Garchomp|11/100|[from] ability: Iron Barbs|[of] p2a: Ferrothorn
|-start|p1a: Garchomp|confusion|[fatigue]
|move|p2a: Ferrothorn|Gyro Ball|p1a: Garchomp
|-crit|p1a: Garchomp
|-damage|p1a: Garchomp|0 fnt
|-damage|p2a: Ferrothorn|15/100|[from] ability: Rough Skin|[of] p1a: Garchomp
|faint|p1a: Garchomp
|
|-weather|Sandstorm|[upkeep]
|upkeep
|
|t:|1719607816
|switch|p1a: Celebi|Celebi|35/100
|-damage|p1a: Celebi|23/100|[from] Stealth Rock
|turn|9
|
|t:|1719607819
|move|p1a: Celebi|Recover|p1a: Celebi
|-heal|p1a: Celebi|73/100
|move|p2a: Ferrothorn|Thunder Wave|p1a: Celebi
|-status|p1a: Celebi|par
|
|-weather|Sandstorm|[upkeep]
|-damage|p1a: Celebi|66/100 par|[from] Sandstorm
|-heal|p1a: Celebi|73/100 par|[from] item: Leftovers
|upkeep
|turn|10
|
|t:|1719607823
|switch|p2a: Politoed|Politoed, F|100/100
|-damage|p2a: Politoed|88/100|[from] Stealth Rock
|-weather|RainDance|[from] ability: Drizzle|[of] p2a: Politoed
|move|p1a: Celebi|Baton Pass|p1a: Celebi
|
|t:|1719607833
|-curestatus|p1a: Celebi|par|[from] ability: Natural Cure
|switch|p1a: Rotom|Rotom-Wash|47/100|[from] Baton Pass
|-damage|p1a: Rotom|34/100|[from] Stealth Rock
|
|-weather|RainDance|[upkeep]
|-heal|p1a: Rotom|41/100|[from] item: Leftovers
|-heal|p2a: Politoed|94/100|[from] item: Leftovers
|upkeep
|turn|11
|
|t:|1719607843
|switch|p2a: Ferrothorn|Ferrothorn, M|15/100
|-damage|p2a: Ferrothorn|9/100|[from] Stealth Rock
|move|p1a: Rotom|Will-O-Wisp|p2a: Ferrothorn
|-status|p2a: Ferrothorn|brn
|-enditem|p2a: Ferrothorn|Lum Berry|[eat]
|-curestatus|p2a: Ferrothorn|brn|[msg]
|
|-weather|RainDance|[upkeep]
|-heal|p1a: Rotom|47/100|[from] item: Leftovers
|upkeep
|turn|12
|
|t:|1719607851
|move|p1a: Rotom|Hydro Pump|p2a: Ferrothorn
|-resisted|p2a: Ferrothorn
|-crit|p2a: Ferrothorn
|-damage|p2a: Ferrothorn|0 fnt
|faint|p2a: Ferrothorn
|
|-weather|RainDance|[upkeep]
|-heal|p1a: Rotom|53/100|[from] item: Leftovers
|upkeep
|
|t:|1719607862
|switch|p2a: Thundurus|Thundurus-Therian, M|74/100
|-damage|p2a: Thundurus|49/100|[from] Stealth Rock
|turn|13
|
|t:|1719607873
|switch|p1a: Tyranitar|Tyranitar, F|54/100
|-damage|p1a: Tyranitar|42/100|[from] Stealth Rock
|-weather|Sandstorm|[from] ability: Sand Stream|[of] p1a: Tyranitar
|move|p2a: Thundurus|Thunder|p1a: Tyranitar
|-damage|p1a: Tyranitar|4/100
|-status|p1a: Tyranitar|par
|
|-weather|Sandstorm|[upkeep]
|-damage|p2a: Thundurus|43/100|[from] Sandstorm
|-heal|p2a: Thundurus|49/100|[from] item: Leftovers
|upkeep
|turn|14
|
|t:|1719607877
|switch|p1a: Celebi|Celebi|73/100
|-damage|p1a: Celebi|60/100|[from] Stealth Rock
|move|p2a: Thundurus|Hidden Power|p1a: Celebi
|-supereffective|p1a: Celebi
|-damage|p1a: Celebi|26/100
|
|-weather|Sandstorm|[upkeep]
|-damage|p2a: Thundurus|43/100|[from] Sandstorm
|-damage|p1a: Celebi|20/100|[from] Sandstorm
|-heal|p2a: Thundurus|49/100|[from] item: Leftovers
|-heal|p1a: Celebi|26/100|[from] item: Leftovers
|upkeep
|turn|15
|
|t:|1719607883
|move|p2a: Thundurus|Hidden Power|p1a: Celebi
|-supereffective|p1a: Celebi
|-damage|p1a: Celebi|0 fnt
|faint|p1a: Celebi
|
|-weather|Sandstorm|[upkeep]
|-damage|p2a: Thundurus|43/100|[from] Sandstorm
|-heal|p2a: Thundurus|49/100|[from] item: Leftovers
|upkeep
|
|t:|1719607885
|switch|p1a: Excadrill|Excadrill, F|100/100
|-damage|p1a: Excadrill|98/100|[from] Stealth Rock
|turn|16
|
|t:|1719607899
|move|p2a: Thundurus|Focus Blast|p1a: Excadrill
|-supereffective|p1a: Excadrill
|-damage|p1a: Excadrill|0 fnt
|faint|p1a: Excadrill
|
|-weather|Sandstorm|[upkeep]
|-damage|p2a: Thundurus|43/100|[from] Sandstorm
|-heal|p2a: Thundurus|49/100|[from] item: Leftovers
|upkeep
|-message|yungmacedgod forfeited.
|
|win|BWR Ashes
|raw|yungmacedgod's rating: 1403 &rarr; <strong>1385</strong><br />(-18 for losing)
|raw|BWR Ashes's rating: 1430 &rarr; <strong>1448</strong><br />(+18 for winning)
|l|☆yungmacedgod
|player|p1|
