|j|☆baixiaohen
|j|☆Not Bulit
|t:|1741879786
|gametype|singles
|player|p1|baixiaohen|steven|1340
|player|p2|Not Bulit|veteranf|1382
|teamsize|p1|6
|teamsize|p2|6
|gen|5
|tier|[Gen 5] OU
|rated|
|rule|Species Clause: Limit one of each Pokémon
|rule|OHKO Clause: OHKO moves are banned
|rule|Moody Clause: Moody is banned
|rule|Evasion Items Clause: Evasion items are banned
|rule|Evasion Moves Clause: Evasion moves are banned
|rule|Endless Battle Clause: Forcing endless battles is banned
|rule|HP Percentage Mod: HP is shown in percentages
|rule|Evasion Abilities Clause: Evasion abilities are banned
|rule|Sleep Moves Clause: Sleep-inducing moves are banned
|rule|Swagger Clause: Swagger is banned
|rule|Baton Pass Stat Clause: No Baton Passer may have a way to boost its stats
|clearpoke
|poke|p1|Jirachi|item
|poke|p1|Scizor, F|item
|poke|p1|Celebi|item
|poke|p1|Gyarados, F|item
|poke|p1|Heatran, F|item
|poke|p1|Starmie|item
|poke|p2|Politoed, M|item
|poke|p2|Tentacruel, M|item
|poke|p2|Ferrothorn, F|item
|poke|p2|Keldeo-Resolute|item
|poke|p2|Thundurus-Therian, M|item
|poke|p2|Latios, M|item
|teampreview
|inactive|Battle timer is ON: inactive players will automatically lose when time's up. (requested by baixiaohen)
|
|t:|1741879812
|start
|switch|p1a: Celebi|Celebi|100/100
|switch|p2a: Ferrothorn|Ferrothorn, F|100/100
|turn|1
|
|t:|1741879815
|move|p1a: Celebi|Thunder Wave|p2a: Ferrothorn
|-status|p2a: Ferrothorn|par
|cant|p2a: Ferrothorn|par
|
|upkeep
|turn|2
|
|t:|1741879820
|switch|p1a: Heatran|Heatran, F, shiny|100/100
|move|p2a: Ferrothorn|Stealth Rock|p1a: Heatran
|-sidestart|p1: baixiaohen|move: Stealth Rock
|
|upkeep
|turn|3
|
|t:|1741879826
|switch|p2a: Politoed|Politoed, M|100/100
|-weather|RainDance|[from] ability: Drizzle|[of] p2a: Politoed
|move|p1a: Heatran|Stealth Rock|p2a: Politoed
|-sidestart|p2: Not Bulit|move: Stealth Rock
|
|-weather|RainDance|[upkeep]
|upkeep
|turn|4
|j| NeighthanTrainer
|l| NeighthanTrainer
|
|t:|1741879835
|switch|p1a: Celebi|Celebi|100/100
|-damage|p1a: Celebi|88/100|[from] Stealth Rock
|move|p2a: Politoed|Scald|p1a: Celebi
|-resisted|p1a: Celebi
|-damage|p1a: Celebi|76/100
|-status|p1a: Celebi|brn
|
|-weather|RainDance|[upkeep]
|-heal|p1a: Celebi|82/100 brn|[from] item: Leftovers
|-damage|p1a: Celebi|70/100 brn|[from] brn
|upkeep
|turn|5
|
|t:|1741879843
|move|p2a: Politoed|Protect|p2a: Politoed
|-singleturn|p2a: Politoed|Protect
|move|p1a: Celebi|Giga Drain|p2a: Politoed
|-activate|p2a: Politoed|move: Protect
|
|-weather|RainDance|[upkeep]
|-heal|p1a: Celebi|76/100 brn|[from] item: Leftovers
|-damage|p1a: Celebi|64/100 brn|[from] brn
|upkeep
|turn|6
|
|t:|1741879853
|-curestatus|p1a: Celebi|brn|[from] ability: Natural Cure
|switch|p1a: Jirachi|Jirachi, shiny|100/100
|-damage|p1a: Jirachi|94/100|[from] Stealth Rock
|switch|p2a: Ferrothorn|Ferrothorn, F|100/100 par
|-damage|p2a: Ferrothorn|94/100 par|[from] Stealth Rock
|
|-weather|RainDance|[upkeep]
|-heal|p2a: Ferrothorn|100/100 par|[from] item: Leftovers
|upkeep
|turn|7
|
|t:|1741879859
|move|p1a: Jirachi|Trick|p2a: Ferrothorn
|-activate|p1a: Jirachi|move: Trick|[of] p2a: Ferrothorn
|-item|p2a: Ferrothorn|Choice Scarf|[from] move: Trick
|-item|p1a: Jirachi|Leftovers|[from] move: Trick
|cant|p2a: Ferrothorn|par
|
|-weather|RainDance|[upkeep]
|-heal|p1a: Jirachi|100/100|[from] item: Leftovers
|upkeep
|turn|8
|
|t:|1741879867
|move|p1a: Jirachi|U-turn|p2a: Ferrothorn
|-damage|p2a: Ferrothorn|85/100 par
|-damage|p1a: Jirachi|88/100|[from] ability: Iron Barbs|[of] p2a: Ferrothorn
|
|t:|1741879873
|switch|p1a: Celebi|Celebi|64/100|[from] U-turn
|-damage|p1a: Celebi|51/100|[from] Stealth Rock
|move|p2a: Ferrothorn|Spikes|p1a: Celebi
|-sidestart|p1: baixiaohen|Spikes
|
|-weather|RainDance|[upkeep]
|-heal|p1a: Celebi|57/100|[from] item: Leftovers
|upkeep
|turn|9
|
|t:|1741879881
|switch|p2a: Tentacruel|Tentacruel, M|100/100
|-damage|p2a: Tentacruel|88/100|[from] Stealth Rock
|move|p1a: Celebi|Recover|p1a: Celebi
|-heal|p1a: Celebi|100/100
|
|-weather|RainDance|[upkeep]
|-heal|p2a: Tentacruel|94/100|[from] ability: Rain Dish
|-heal|p2a: Tentacruel|99/100|[from] item: Black Sludge
|upkeep
|turn|10
|
|t:|1741879886
|move|p2a: Tentacruel|Rapid Spin|p1a: Celebi
|-damage|p1a: Celebi|98/100
|-sideend|p2: Not Bulit|Stealth Rock|[from] move: Rapid Spin|[of] p2a: Tentacruel
|move|p1a: Celebi|Thunder Wave|p2a: Tentacruel
|-status|p2a: Tentacruel|par
|
|-weather|RainDance|[upkeep]
|-heal|p2a: Tentacruel|100/100 par|[from] ability: Rain Dish
|-heal|p1a: Celebi|100/100|[from] item: Leftovers
|upkeep
|turn|11
|
|t:|1741879906
|switch|p2a: Thundurus|Thundurus-Therian, M|100/100
|move|p1a: Celebi|Thunder Wave|p2a: Thundurus
|-immune|p2a: Thundurus|[from] ability: Volt Absorb
|
|-weather|RainDance|[upkeep]
|upkeep
|turn|12
|
|t:|1741879912
|move|p2a: Thundurus|Substitute|p2a: Thundurus
|-start|p2a: Thundurus|Substitute
|-damage|p2a: Thundurus|76/100
|move|p1a: Celebi|Psychic|p2a: Thundurus
|-end|p2a: Thundurus|Substitute
|
|-weather|RainDance|[upkeep]
|-heal|p2a: Thundurus|82/100|[from] item: Leftovers
|upkeep
|turn|13
|
|t:|1741879919
|move|p2a: Thundurus|Hidden Power|p1a: Celebi
|-supereffective|p1a: Celebi
|-damage|p1a: Celebi|72/100
|move|p1a: Celebi|Psychic|p2a: Thundurus
|-damage|p2a: Thundurus|45/100
|
|-weather|RainDance|[upkeep]
|-heal|p2a: Thundurus|51/100|[from] item: Leftovers
|-heal|p1a: Celebi|78/100|[from] item: Leftovers
|upkeep
|turn|14
|
|t:|1741879930
|switch|p2a: Ferrothorn|Ferrothorn, F|85/100 par
|move|p1a: Celebi|Psychic|p2a: Ferrothorn
|-resisted|p2a: Ferrothorn
|-damage|p2a: Ferrothorn|75/100 par
|
|-weather|RainDance|[upkeep]
|-heal|p1a: Celebi|84/100|[from] item: Leftovers
|upkeep
|turn|15
|
|t:|1741879944
|move|p1a: Celebi|Psychic|p2a: Ferrothorn
|-resisted|p2a: Ferrothorn
|-damage|p2a: Ferrothorn|65/100 par
|move|p2a: Ferrothorn|Knock Off|p1a: Celebi
|-supereffective|p1a: Celebi
|-damage|p1a: Celebi|77/100
|-enditem|p1a: Celebi|Leftovers|[from] move: Knock Off|[of] p2a: Ferrothorn
|
|-weather|RainDance|[upkeep]
|upkeep
|turn|16
|
|t:|1741879966
|switch|p1a: Starmie|Starmie, shiny|100/100
|-damage|p1a: Starmie|88/100|[from] Stealth Rock
|-damage|p1a: Starmie|76/100|[from] Spikes
|switch|p2a: Tentacruel|Tentacruel, M|100/100 par
|
|-weather|RainDance|[upkeep]
|upkeep
|turn|17
|
|t:|1741879983
|switch|p2a: Ferrothorn|Ferrothorn, F|65/100 par
|move|p1a: Starmie|Rapid Spin|p2a: Ferrothorn
|-resisted|p2a: Ferrothorn
|-damage|p2a: Ferrothorn|64/100 par
|-damage|p1a: Starmie|64/100|[from] ability: Iron Barbs|[of] p2a: Ferrothorn
|-sideend|p1: baixiaohen|Spikes|[from] move: Rapid Spin|[of] p1a: Starmie
|-sideend|p1: baixiaohen|Stealth Rock|[from] move: Rapid Spin|[of] p1a: Starmie
|
|-weather|RainDance|[upkeep]
|upkeep
|turn|18
|
|t:|1741879998
|switch|p1a: Heatran|Heatran, F, shiny|100/100
|move|p2a: Ferrothorn|Knock Off|p1a: Heatran
|-resisted|p1a: Heatran
|-damage|p1a: Heatran|99/100
|-enditem|p1a: Heatran|Leftovers|[from] move: Knock Off|[of] p2a: Ferrothorn
|
|-weather|RainDance|[upkeep]
|upkeep
|turn|19
|
|t:|1741880009
|switch|p2a: Keldeo|Keldeo-Resolute|100/100
|move|p1a: Heatran|Stealth Rock|p2a: Keldeo
|-sidestart|p2: Not Bulit|move: Stealth Rock
|
|-weather|RainDance|[upkeep]
|upkeep
|turn|20
|inactive|Not Bulit has 120 seconds left.
|
|t:|1741880032
|move|p2a: Keldeo|Hydro Pump|p1a: Heatran
|-supereffective|p1a: Heatran
|-damage|p1a: Heatran|0 fnt
|faint|p1a: Heatran
|
|-weather|RainDance|[upkeep]
|upkeep
|
|t:|1741880035
|switch|p1a: Celebi|Celebi|77/100
|turn|21
|
|t:|1741880046
|switch|p2a: Ferrothorn|Ferrothorn, F|64/100 par
|-damage|p2a: Ferrothorn|58/100 par|[from] Stealth Rock
|move|p1a: Celebi|Thunder Wave|p2a: Ferrothorn
|-fail|p2a: Ferrothorn|par
|
|-weather|RainDance|[upkeep]
|upkeep
|turn|22
|
|t:|1741880051
|switch|p1a: Scizor|Scizor, F|100/100
|move|p2a: Ferrothorn|Stealth Rock|p1a: Scizor
|-sidestart|p1: baixiaohen|move: Stealth Rock
|
|-weather|RainDance|[upkeep]
|upkeep
|turn|23
|
|t:|1741880056
|switch|p2a: Keldeo|Keldeo-Resolute|100/100
|-damage|p2a: Keldeo|94/100|[from] Stealth Rock
|move|p1a: Scizor|Swords Dance|p1a: Scizor
|-boost|p1a: Scizor|atk|2
|
|-weather|RainDance|[upkeep]
|upkeep
|turn|24
|
|t:|1741880066
|move|p1a: Scizor|Quick Attack|p2a: Keldeo
|-damage|p2a: Keldeo|30/100
|-damage|p1a: Scizor|91/100|[from] item: Life Orb
|move|p2a: Keldeo|Surf|p1a: Scizor
|-crit|p1a: Scizor
|-damage|p1a: Scizor|0 fnt
|faint|p1a: Scizor
|
|-weather|RainDance|[upkeep]
|upkeep
|
|t:|1741880071
|switch|p1a: Starmie|Starmie, shiny|64/100
|-damage|p1a: Starmie|52/100|[from] Stealth Rock
|turn|25
|
|t:|1741880076
|switch|p2a: Ferrothorn|Ferrothorn, F|58/100 par
|-damage|p2a: Ferrothorn|51/100 par|[from] Stealth Rock
|move|p1a: Starmie|Hydro Pump|p2a: Ferrothorn
|-resisted|p2a: Ferrothorn
|-damage|p2a: Ferrothorn|4/100 par
|
|-weather|RainDance|[upkeep]
|upkeep
|turn|26
|
|t:|1741880084
|move|p1a: Starmie|Hydro Pump|p2a: Ferrothorn
|-resisted|p2a: Ferrothorn
|-damage|p2a: Ferrothorn|0 fnt
|faint|p2a: Ferrothorn
|
|-weather|RainDance|[upkeep]
|upkeep
|
|t:|1741880089
|switch|p2a: Latios|Latios, M|100/100
|-damage|p2a: Latios|88/100|[from] Stealth Rock
|turn|27
|
|t:|1741880097
|move|p1a: Starmie|Hydro Pump|p2a: Latios|[miss]
|-miss|p1a: Starmie|p2a: Latios
|move|p2a: Latios|Surf|p1a: Starmie
|-resisted|p1a: Starmie
|-damage|p1a: Starmie|0 fnt
|faint|p1a: Starmie
|
|-weather|RainDance|[upkeep]
|upkeep
|
|t:|1741880108
|switch|p1a: Celebi|Celebi|77/100
|-damage|p1a: Celebi|64/100|[from] Stealth Rock
|turn|28
|j| lzgboys
|
|t:|1741880117
|switch|p2a: Politoed|Politoed, M|100/100
|-damage|p2a: Politoed|88/100|[from] Stealth Rock
|move|p1a: Celebi|Recover|p1a: Celebi
|-heal|p1a: Celebi|100/100
|
|-weather|RainDance|[upkeep]
|-heal|p2a: Politoed|94/100|[from] item: Leftovers
|upkeep
|turn|29
|
|t:|1741880120
|move|p1a: Celebi|Giga Drain|p2a: Politoed
|-supereffective|p2a: Politoed
|-damage|p2a: Politoed|55/100
|move|p2a: Politoed|Toxic|p1a: Celebi
|-status|p1a: Celebi|tox
|
|-weather|RainDance|[upkeep]
|-heal|p2a: Politoed|61/100|[from] item: Leftovers
|-damage|p1a: Celebi|94/100 tox|[from] psn
|upkeep
|turn|30
|
|t:|1741880127
|switch|p2a: Latios|Latios, M|88/100
|-damage|p2a: Latios|76/100|[from] Stealth Rock
|move|p1a: Celebi|Giga Drain|p2a: Latios
|-resisted|p2a: Latios
|-damage|p2a: Latios|62/100
|-heal|p1a: Celebi|99/100 tox|[from] drain|[of] p2a: Latios
|
|-weather|RainDance|[upkeep]
|-damage|p1a: Celebi|87/100 tox|[from] psn
|upkeep
|turn|31
|
|t:|1741880136
|-curestatus|p1a: Celebi|tox|[from] ability: Natural Cure
|switch|p1a: Jirachi|Jirachi, shiny|88/100
|-damage|p1a: Jirachi|82/100|[from] Stealth Rock
|move|p2a: Latios|Trick|p1a: Jirachi
|-activate|p2a: Latios|move: Trick|[of] p1a: Jirachi
|-item|p1a: Jirachi|Choice Specs|[from] move: Trick
|-item|p2a: Latios|Leftovers|[from] move: Trick
|
|-weather|RainDance|[upkeep]
|-heal|p2a: Latios|68/100|[from] item: Leftovers
|upkeep
|turn|32
|
|t:|1741880150
|switch|p2a: Politoed|Politoed, M|61/100
|-damage|p2a: Politoed|48/100|[from] Stealth Rock
|move|p1a: Jirachi|U-turn|p2a: Politoed
|-damage|p2a: Politoed|28/100
|
|t:|1741880159
|switch|p1a: Celebi|Celebi|87/100|[from] U-turn
|-damage|p1a: Celebi|75/100|[from] Stealth Rock
|
|-weather|RainDance|[upkeep]
|-heal|p2a: Politoed|34/100|[from] item: Leftovers
|upkeep
|turn|33
|
|t:|1741880165
|move|p1a: Celebi|Giga Drain|p2a: Politoed
|-supereffective|p2a: Politoed
|-damage|p2a: Politoed|0 fnt
|-heal|p1a: Celebi|91/100|[from] drain|[of] p2a: Politoed
|faint|p2a: Politoed
|
|-weather|RainDance|[upkeep]
|upkeep
|
|t:|1741880168
|switch|p2a: Latios|Latios, M|68/100
|-damage|p2a: Latios|55/100|[from] Stealth Rock
|turn|34
|
|t:|1741880175
|move|p2a: Latios|Draco Meteor|p1a: Celebi
|-damage|p1a: Celebi|46/100
|-unboost|p2a: Latios|spa|2
|move|p1a: Celebi|Thunder Wave|p2a: Latios
|-status|p2a: Latios|par
|
|-weather|RainDance|[upkeep]
|-heal|p2a: Latios|61/100 par|[from] item: Leftovers
|upkeep
|turn|35
|
|t:|1741880187
|switch|p2a: Tentacruel|Tentacruel, M|100/100 par
|-damage|p2a: Tentacruel|88/100 par|[from] Stealth Rock
|move|p1a: Celebi|Recover|p1a: Celebi
|-heal|p1a: Celebi|96/100
|
|-weather|RainDance|[upkeep]
|-heal|p2a: Tentacruel|94/100 par|[from] ability: Rain Dish
|-heal|p2a: Tentacruel|99/100 par|[from] item: Black Sludge
|upkeep
|turn|36
|
|t:|1741880191
|move|p1a: Celebi|Psychic|p2a: Tentacruel
|-supereffective|p2a: Tentacruel
|-damage|p2a: Tentacruel|52/100 par
|-unboost|p2a: Tentacruel|spd|1
|move|p2a: Tentacruel|Toxic|p1a: Celebi
|-status|p1a: Celebi|tox
|
|-weather|RainDance|[upkeep]
|-heal|p2a: Tentacruel|58/100 par|[from] ability: Rain Dish
|-heal|p2a: Tentacruel|64/100 par|[from] item: Black Sludge
|-damage|p1a: Celebi|90/100 tox|[from] psn
|upkeep
|turn|37
|
|t:|1741880211
|-curestatus|p1a: Celebi|tox|[from] ability: Natural Cure
|switch|p1a: Jirachi|Jirachi, shiny|82/100
|-damage|p1a: Jirachi|76/100|[from] Stealth Rock
|cant|p2a: Tentacruel|par
|
|-weather|RainDance|[upkeep]
|-heal|p2a: Tentacruel|70/100 par|[from] ability: Rain Dish
|-heal|p2a: Tentacruel|76/100 par|[from] item: Black Sludge
|upkeep
|turn|38
|
|t:|1741880215
|move|p1a: Jirachi|Trick|p2a: Tentacruel
|-activate|p1a: Jirachi|move: Trick|[of] p2a: Tentacruel
|-item|p2a: Tentacruel|Choice Specs|[from] move: Trick
|-item|p1a: Jirachi|Black Sludge|[from] move: Trick
|cant|p2a: Tentacruel|par
|
|-weather|RainDance|[upkeep]
|-heal|p2a: Tentacruel|82/100 par|[from] ability: Rain Dish
|-damage|p1a: Jirachi|64/100|[from] item: Black Sludge
|upkeep
|turn|39
|
|t:|1741880225
|move|p1a: Jirachi|U-turn|p2a: Tentacruel
|-resisted|p2a: Tentacruel
|-damage|p2a: Tentacruel|71/100 par
|
|t:|1741880228
|switch|p1a: Celebi|Celebi|90/100|[from] U-turn
|-damage|p1a: Celebi|78/100|[from] Stealth Rock
|cant|p2a: Tentacruel|par
|
|-weather|RainDance|[upkeep]
|-heal|p2a: Tentacruel|77/100 par|[from] ability: Rain Dish
|upkeep
|turn|40
|
|t:|1741880238
|switch|p2a: Latios|Latios, M|61/100 par
|-damage|p2a: Latios|49/100 par|[from] Stealth Rock
|move|p1a: Celebi|Psychic|p2a: Latios
|-resisted|p2a: Latios
|-damage|p2a: Latios|32/100 par
|
|-weather|RainDance|[upkeep]
|-heal|p2a: Latios|38/100 par|[from] item: Leftovers
|upkeep
|turn|41
|
|t:|1741880254
|move|p1a: Celebi|Psychic|p2a: Latios
|-resisted|p2a: Latios
|-damage|p2a: Latios|21/100 par
|cant|p2a: Latios|par
|
|-weather|RainDance|[upkeep]
|-heal|p2a: Latios|27/100 par|[from] item: Leftovers
|upkeep
|turn|42
|
|t:|1741880260
|move|p1a: Celebi|Psychic|p2a: Latios
|-resisted|p2a: Latios
|-damage|p2a: Latios|10/100 par
|move|p2a: Latios|Dragon Pulse|p1a: Celebi
|-crit|p1a: Celebi
|-damage|p1a: Celebi|19/100
|
|-weather|RainDance|[upkeep]
|-heal|p2a: Latios|16/100 par|[from] item: Leftovers
|upkeep
|turn|43
|
|t:|1741880265
|move|p1a: Celebi|Recover|p1a: Celebi
|-heal|p1a: Celebi|69/100
|move|p2a: Latios|Dragon Pulse|p1a: Celebi
|-damage|p1a: Celebi|38/100
|
|-weather|RainDance|[upkeep]
|-heal|p2a: Latios|22/100 par|[from] item: Leftovers
|upkeep
|turn|44
|
|t:|1741880272
|move|p1a: Celebi|Recover|p1a: Celebi
|-heal|p1a: Celebi|88/100
|cant|p2a: Latios|par
|
|-weather|RainDance|[upkeep]
|-heal|p2a: Latios|28/100 par|[from] item: Leftovers
|upkeep
|turn|45
|
|t:|1741880277
|move|p1a: Celebi|Psychic|p2a: Latios
|-resisted|p2a: Latios
|-crit|p2a: Latios
|-damage|p2a: Latios|0 fnt
|faint|p2a: Latios
|
|-weather|RainDance|[upkeep]
|upkeep
|
|t:|1741880286
|switch|p2a: Tentacruel|Tentacruel, M|77/100 par
|-damage|p2a: Tentacruel|64/100 par|[from] Stealth Rock
|turn|46
|
|t:|1741880297
|switch|p1a: Jirachi|Jirachi, shiny|64/100
|-damage|p1a: Jirachi|58/100|[from] Stealth Rock
|move|p2a: Tentacruel|Rapid Spin|p1a: Jirachi
|-resisted|p1a: Jirachi
|-damage|p1a: Jirachi|56/100
|-sideend|p2: Not Bulit|Stealth Rock|[from] move: Rapid Spin|[of] p2a: Tentacruel
|
|-weather|RainDance|[upkeep]
|-heal|p2a: Tentacruel|70/100 par|[from] ability: Rain Dish
|-damage|p1a: Jirachi|44/100|[from] item: Black Sludge
|upkeep
|turn|47
|
|t:|1741880307
|switch|p2a: Keldeo|Keldeo-Resolute|30/100
|move|p1a: Jirachi|Trick|p2a: Keldeo
|-activate|p1a: Jirachi|move: Trick|[of] p2a: Keldeo
|-item|p2a: Keldeo|Black Sludge|[from] move: Trick
|-item|p1a: Jirachi|Choice Scarf|[from] move: Trick
|
|-weather|RainDance|[upkeep]
|-damage|p2a: Keldeo|18/100|[from] item: Black Sludge
|upkeep
|turn|48
|
|t:|1741880318
|move|p1a: Jirachi|Iron Head|p2a: Keldeo
|-resisted|p2a: Keldeo
|-damage|p2a: Keldeo|0 fnt
|faint|p2a: Keldeo
|
|-weather|RainDance|[upkeep]
|upkeep
|
|t:|1741880324
|switch|p2a: Thundurus|Thundurus-Therian, M|51/100
|turn|49
|
|t:|1741880327
|move|p1a: Jirachi|Iron Head|p2a: Thundurus
|-resisted|p2a: Thundurus
|-damage|p2a: Thundurus|29/100
|move|p2a: Thundurus|Thunder|p1a: Jirachi
|-damage|p1a: Jirachi|0 fnt
|faint|p1a: Jirachi
|
|-weather|RainDance|[upkeep]
|-heal|p2a: Thundurus|36/100|[from] item: Leftovers
|upkeep
|
|t:|1741880334
|switch|p1a: Celebi|Celebi|88/100
|-damage|p1a: Celebi|75/100|[from] Stealth Rock
|turn|50
|
|t:|1741880339
|move|p2a: Thundurus|Thunder|p1a: Celebi
|-resisted|p1a: Celebi
|-damage|p1a: Celebi|55/100
|-status|p1a: Celebi|par
|move|p1a: Celebi|Psychic|p2a: Thundurus
|-crit|p2a: Thundurus
|-damage|p2a: Thundurus|0 fnt
|faint|p2a: Thundurus
|
|-weather|RainDance|[upkeep]
|upkeep
|
|t:|1741880345
|switch|p2a: Tentacruel|Tentacruel, M|70/100 par
|turn|51
|
|t:|1741880349
|cant|p2a: Tentacruel|par
|move|p1a: Celebi|Psychic|p2a: Tentacruel
|-supereffective|p2a: Tentacruel
|-crit|p2a: Tentacruel
|-damage|p2a: Tentacruel|0 fnt
|faint|p2a: Tentacruel
|
|win|baixiaohen
|raw|baixiaohen's rating: 1340 &rarr; <strong>1362</strong><br />(+22 for winning)
|raw|Not Bulit's rating: 1382 &rarr; <strong>1360</strong><br />(-22 for losing)
|l|☆Not Bulit
|player|p2|
