|j|☆lijkjlkjlkjlkjlk
|j|‽vustyfans
|t:|1725028248
|gametype|singles
|player|p1|lijkjlkjlkjlkjlk|bugcatcher-gen4dp|1430
|player|p2|vustyfans|170|1612
|teamsize|p1|6
|teamsize|p2|6
|gen|5
|tier|[Gen 5] OU
|rated|
|rule|Species Clause: Limit one of each Pokémon
|rule|OHKO Clause: OHKO moves are banned
|rule|Moody Clause: Moody is banned
|rule|Evasion Items Clause: Evasion items are banned
|rule|Evasion Moves Clause: Evasion moves are banned
|rule|Endless Battle Clause: Forcing endless battles is banned
|rule|HP Percentage Mod: HP is shown in percentages
|rule|Evasion Abilities Clause: Evasion abilities are banned
|rule|Sleep Moves Clause: Sleep-inducing moves are banned
|rule|Swagger Clause: Swagger is banned
|rule|Baton Pass Stat Clause: No Baton Passer may have a way to boost its stats
|clearpoke
|poke|p1|Bronzong|item
|poke|p1|Porygon2|item
|poke|p1|Reuniclus, M|item
|poke|p1|Chandelure, M|item
|poke|p1|Crawdaunt, F|item
|poke|p1|Terrakion|item
|poke|p2|Tyranitar, M|item
|poke|p2|Latias, F|item
|poke|p2|Rotom-Wash|item
|poke|p2|Alakazam, M|item
|poke|p2|Landorus-Therian, M|item
|poke|p2|Excadrill, F|item
|teampreview
|inactive|Battle timer is ON: inactive players will automatically lose when time's up. (requested by lijkjlkjlkjlkjlk)
|
|t:|1725028259
|start
|switch|p1a: Terrakion|Terrakion|100/100
|switch|p2a: Tyranitar|Tyranitar, M|100/100
|-weather|Sandstorm|[from] ability: Sand Stream|[of] p2a: Tyranitar
|turn|1
|
|t:|1725028264
|move|p1a: Terrakion|Close Combat|p2a: Tyranitar
|-supereffective|p2a: Tyranitar
|-enditem|p2a: Tyranitar|Chople Berry|[eat]
|-enditem|p2a: Tyranitar|Chople Berry|[weaken]
|-damage|p2a: Tyranitar|8/100
|-unboost|p1a: Terrakion|def|1
|-unboost|p1a: Terrakion|spd|1
|move|p2a: Tyranitar|Stealth Rock|p1a: Terrakion
|-sidestart|p1: lijkjlkjlkjlkjlk|move: Stealth Rock
|
|-weather|Sandstorm|[upkeep]
|upkeep
|turn|2
|
|t:|1725028273
|move|p1a: Terrakion|Close Combat|p2a: Tyranitar
|-supereffective|p2a: Tyranitar
|-damage|p2a: Tyranitar|0 fnt
|-unboost|p1a: Terrakion|def|1
|-unboost|p1a: Terrakion|spd|1
|faint|p2a: Tyranitar
|
|-weather|Sandstorm|[upkeep]
|upkeep
|
|t:|1725028291
|switch|p2a: Alakazam|Alakazam, M|100/100
|turn|3
|
|t:|1725028304
|switch|p1a: Bronzong|Bronzong|100/100
|-damage|p1a: Bronzong|94/100|[from] Stealth Rock
|move|p2a: Alakazam|Psychic|p1a: Bronzong
|-resisted|p1a: Bronzong
|-damage|p1a: Bronzong|84/100
|
|-weather|Sandstorm|[upkeep]
|upkeep
|turn|4
|
|t:|1725028320
|move|p2a: Alakazam|Focus Blast|p1a: Bronzong
|-damage|p1a: Bronzong|44/100
|move|p1a: Bronzong|Trick Room|p1a: Bronzong
|-fieldstart|move: Trick Room|[of] p1a: Bronzong
|
|-weather|Sandstorm|[upkeep]
|upkeep
|turn|5
|
|t:|1725028328
|switch|p2a: Rotom|Rotom-Wash|100/100
|move|p1a: Bronzong|Stealth Rock|p2a: Rotom
|-sidestart|p2: vustyfans|move: Stealth Rock
|
|-weather|Sandstorm|[upkeep]
|-damage|p2a: Rotom|95/100|[from] Sandstorm
|-heal|p2a: Rotom|100/100|[from] item: Leftovers
|upkeep
|turn|6
|
|t:|1725028340
|switch|p1a: Reuniclus|Reuniclus, M|100/100
|move|p2a: Rotom|Volt Switch|p1a: Reuniclus
|-damage|p1a: Reuniclus|81/100
|
|t:|1725028357
|switch|p2a: Excadrill|Excadrill, F|100/100|[from] Volt Switch
|-damage|p2a: Excadrill|97/100|[from] Stealth Rock
|
|-weather|Sandstorm|[upkeep]
|-heal|p2a: Excadrill|100/100|[from] item: Leftovers
|upkeep
|turn|7
|
|t:|1725028363
|move|p2a: Excadrill|Protect|p2a: Excadrill
|-singleturn|p2a: Excadrill|Protect
|move|p1a: Reuniclus|Focus Blast|p2a: Excadrill
|-activate|p2a: Excadrill|move: Protect
|
|-weather|Sandstorm|[upkeep]
|upkeep
|turn|8
|
|t:|1725028369
|switch|p2a: Landorus|Landorus-Therian, M|100/100
|-damage|p2a: Landorus|88/100|[from] Stealth Rock
|-ability|p2a: Landorus|Intimidate|boost
|-unboost|p1a: Reuniclus|atk|1
|move|p1a: Reuniclus|Focus Blast|p2a: Landorus
|-resisted|p2a: Landorus
|-damage|p2a: Landorus|56/100
|
|-weather|Sandstorm|[upkeep]
|-fieldend|move: Trick Room
|upkeep
|turn|9
|
|t:|1725028377
|switch|p1a: Terrakion|Terrakion|100/100
|-damage|p1a: Terrakion|94/100|[from] Stealth Rock
|move|p2a: Landorus|U-turn|p1a: Terrakion
|-resisted|p1a: Terrakion
|-damage|p1a: Terrakion|81/100
|
|t:|1725028383
|switch|p2a: Alakazam|Alakazam, M|100/100|[from] U-turn
|
|-weather|Sandstorm|[upkeep]
|upkeep
|turn|10
|
|t:|1725028399
|move|p1a: Terrakion|Earthquake|p2a: Alakazam
|-damage|p2a: Alakazam|6/100
|move|p2a: Alakazam|Psychic|p1a: Terrakion
|-supereffective|p1a: Terrakion
|-damage|p1a: Terrakion|9/100
|
|-weather|Sandstorm|[upkeep]
|upkeep
|turn|11
|
|t:|1725028407
|switch|p1a: Reuniclus|Reuniclus, M|81/100
|switch|p2a: Landorus|Landorus-Therian, M|56/100
|-damage|p2a: Landorus|44/100|[from] Stealth Rock
|-ability|p2a: Landorus|Intimidate|boost
|-unboost|p1a: Reuniclus|atk|1
|
|-weather|Sandstorm|[upkeep]
|upkeep
|turn|12
|
|t:|1725028419
|switch|p1a: Bronzong|Bronzong|44/100
|-damage|p1a: Bronzong|38/100|[from] Stealth Rock
|move|p2a: Landorus|U-turn|p1a: Bronzong
|-damage|p1a: Bronzong|24/100
|
|t:|1725028423
|switch|p2a: Excadrill|Excadrill, F|100/100|[from] U-turn
|-damage|p2a: Excadrill|97/100|[from] Stealth Rock
|
|-weather|Sandstorm|[upkeep]
|-heal|p2a: Excadrill|100/100|[from] item: Leftovers
|upkeep
|turn|13
|
|t:|1725028429
|move|p2a: Excadrill|Iron Head|p1a: Bronzong
|-resisted|p1a: Bronzong
|-damage|p1a: Bronzong|4/100
|move|p1a: Bronzong|Trick Room|p1a: Bronzong
|-fieldstart|move: Trick Room|[of] p1a: Bronzong
|
|-weather|Sandstorm|[upkeep]
|upkeep
|turn|14
|
|t:|1725028436
|move|p1a: Bronzong|Explosion|p2a: Excadrill
|-resisted|p2a: Excadrill
|-damage|p2a: Excadrill|62/100
|faint|p1a: Bronzong
|move|p2a: Excadrill|Substitute|p2a: Excadrill
|-start|p2a: Excadrill|Substitute
|-damage|p2a: Excadrill|37/100
|
|-weather|Sandstorm|[upkeep]
|-heal|p2a: Excadrill|43/100|[from] item: Leftovers
|upkeep
|
|t:|1725028446
|switch|p1a: Chandelure|Chandelure, M|100/100
|-damage|p1a: Chandelure|76/100|[from] Stealth Rock
|-item|p1a: Chandelure|Air Balloon
|turn|15
|
|t:|1725028453
|move|p2a: Excadrill|Protect|p2a: Excadrill
|-singleturn|p2a: Excadrill|Protect
|move|p1a: Chandelure|Energy Ball|p2a: Excadrill
|-activate|p2a: Excadrill|move: Protect
|
|-weather|Sandstorm|[upkeep]
|-damage|p1a: Chandelure|70/100|[from] Sandstorm
|-heal|p2a: Excadrill|49/100|[from] item: Leftovers
|upkeep
|turn|16
|
|t:|1725028470
|move|p1a: Chandelure|Fire Blast|p2a: Excadrill
|-supereffective|p2a: Excadrill
|-end|p2a: Excadrill|Substitute
|move|p2a: Excadrill|Substitute|p2a: Excadrill
|-start|p2a: Excadrill|Substitute
|-damage|p2a: Excadrill|24/100
|
|-weather|Sandstorm|[upkeep]
|-damage|p1a: Chandelure|63/100|[from] Sandstorm
|-heal|p2a: Excadrill|30/100|[from] item: Leftovers
|upkeep
|turn|17
|
|t:|1725028484
|move|p1a: Chandelure|Energy Ball|p2a: Excadrill
|-end|p2a: Excadrill|Substitute
|move|p2a: Excadrill|Iron Head|p1a: Chandelure
|-resisted|p1a: Chandelure
|-damage|p1a: Chandelure|26/100
|-status|p2a: Excadrill|brn|[from] ability: Flame Body|[of] p1a: Chandelure
|-enditem|p1a: Chandelure|Air Balloon
|
|-weather|Sandstorm|[upkeep]
|-damage|p1a: Chandelure|20/100|[from] Sandstorm
|-heal|p2a: Excadrill|36/100 brn|[from] item: Leftovers
|-damage|p2a: Excadrill|24/100 brn|[from] brn
|-fieldend|move: Trick Room
|upkeep
|turn|18
|
|t:|1725028503
|move|p2a: Excadrill|Earthquake|p1a: Chandelure
|-supereffective|p1a: Chandelure
|-damage|p1a: Chandelure|0 fnt
|faint|p1a: Chandelure
|
|-weather|Sandstorm|[upkeep]
|-heal|p2a: Excadrill|30/100 brn|[from] item: Leftovers
|-damage|p2a: Excadrill|17/100 brn|[from] brn
|upkeep
|
|t:|1725028513
|switch|p1a: Porygon2|Porygon2|100/100
|-damage|p1a: Porygon2|88/100|[from] Stealth Rock
|-ability|p1a: Porygon2|Download|boost
|-boost|p1a: Porygon2|atk|1
|turn|19
|
|t:|1725028523
|move|p2a: Excadrill|Earthquake|p1a: Porygon2
|-damage|p1a: Porygon2|65/100
|move|p1a: Porygon2|Trick Room|p1a: Porygon2
|-fieldstart|move: Trick Room|[of] p1a: Porygon2
|
|-weather|Sandstorm|[upkeep]
|-damage|p1a: Porygon2|58/100|[from] Sandstorm
|-heal|p2a: Excadrill|23/100 brn|[from] item: Leftovers
|-damage|p2a: Excadrill|11/100 brn|[from] brn
|upkeep
|turn|20
|
|t:|1725028527
|move|p2a: Excadrill|Protect|p2a: Excadrill
|-singleturn|p2a: Excadrill|Protect
|move|p1a: Porygon2|Ice Beam|p2a: Excadrill
|-activate|p2a: Excadrill|move: Protect
|
|-weather|Sandstorm|[upkeep]
|-damage|p1a: Porygon2|52/100|[from] Sandstorm
|-heal|p2a: Excadrill|17/100 brn|[from] item: Leftovers
|-damage|p2a: Excadrill|5/100 brn|[from] brn
|upkeep
|turn|21
|
|t:|1725028532
|move|p2a: Excadrill|Protect||[still]
|-fail|p2a: Excadrill
|move|p1a: Porygon2|Recover|p1a: Porygon2
|-heal|p1a: Porygon2|100/100
|
|-weather|Sandstorm|[upkeep]
|-damage|p1a: Porygon2|94/100|[from] Sandstorm
|-heal|p2a: Excadrill|11/100 brn|[from] item: Leftovers
|-damage|p2a: Excadrill|0 fnt|[from] brn
|faint|p2a: Excadrill
|upkeep
|
|t:|1725028543
|switch|p2a: Latias|Latias, F|100/100
|-damage|p2a: Latias|88/100|[from] Stealth Rock
|turn|22
|
|t:|1725028545
|move|p1a: Porygon2|Ice Beam|p2a: Latias
|-supereffective|p2a: Latias
|-damage|p2a: Latias|48/100
|move|p2a: Latias|Thunder Wave|p1a: Porygon2
|-status|p1a: Porygon2|par
|
|-weather|Sandstorm|[upkeep]
|-damage|p1a: Porygon2|88/100 par|[from] Sandstorm
|-damage|p2a: Latias|42/100|[from] Sandstorm
|upkeep
|turn|23
|
|t:|1725028557
|cant|p1a: Porygon2|par
|move|p2a: Latias|Recover|p2a: Latias
|-heal|p2a: Latias|92/100
|
|-weather|Sandstorm|[upkeep]
|-damage|p1a: Porygon2|82/100 par|[from] Sandstorm
|-damage|p2a: Latias|86/100|[from] Sandstorm
|-fieldend|move: Trick Room
|upkeep
|turn|24
|
|t:|1725028565
|move|p2a: Latias|Ice Beam|p1a: Porygon2
|-damage|p1a: Porygon2|68/100 par
|cant|p1a: Porygon2|par
|
|-weather|Sandstorm|[upkeep]
|-damage|p2a: Latias|80/100|[from] Sandstorm
|-damage|p1a: Porygon2|61/100 par|[from] Sandstorm
|upkeep
|turn|25
|
|t:|1725028574
|switch|p2a: Rotom|Rotom-Wash|100/100
|-damage|p2a: Rotom|88/100|[from] Stealth Rock
|cant|p1a: Porygon2|par
|
|-weather|Sandstorm|[upkeep]
|-damage|p2a: Rotom|82/100|[from] Sandstorm
|-damage|p1a: Porygon2|55/100 par|[from] Sandstorm
|-heal|p2a: Rotom|88/100|[from] item: Leftovers
|upkeep
|turn|26
|
|t:|1725028578
|move|p2a: Rotom|Hydro Pump|p1a: Porygon2|[miss]
|-miss|p2a: Rotom|p1a: Porygon2
|move|p1a: Porygon2|Recover|p1a: Porygon2
|-heal|p1a: Porygon2|100/100 par
|
|-weather|Sandstorm|[upkeep]
|-damage|p2a: Rotom|82/100|[from] Sandstorm
|-damage|p1a: Porygon2|94/100 par|[from] Sandstorm
|-heal|p2a: Rotom|88/100|[from] item: Leftovers
|upkeep
|turn|27
|
|t:|1725028582
|move|p2a: Rotom|Hydro Pump|p1a: Porygon2
|-damage|p1a: Porygon2|70/100 par
|move|p1a: Porygon2|Trick Room|p1a: Porygon2
|-fieldstart|move: Trick Room|[of] p1a: Porygon2
|
|-weather|Sandstorm|[upkeep]
|-damage|p1a: Porygon2|64/100 par|[from] Sandstorm
|-damage|p2a: Rotom|82/100|[from] Sandstorm
|-heal|p2a: Rotom|88/100|[from] item: Leftovers
|upkeep
|turn|28
|
|t:|1725028589
|switch|p1a: Reuniclus|Reuniclus, M|81/100
|move|p2a: Rotom|Hydro Pump|p1a: Reuniclus
|-damage|p1a: Reuniclus|51/100
|
|-weather|Sandstorm|[upkeep]
|-damage|p2a: Rotom|82/100|[from] Sandstorm
|-heal|p2a: Rotom|88/100|[from] item: Leftovers
|upkeep
|turn|29
|
|t:|1725028598
|move|p1a: Reuniclus|Psyshock|p2a: Rotom
|-damage|p2a: Rotom|50/100
|move|p2a: Rotom|Volt Switch|p1a: Reuniclus
|-damage|p1a: Reuniclus|31/100
|
|t:|1725028604
|switch|p2a: Latias|Latias, F|80/100|[from] Volt Switch
|-damage|p2a: Latias|67/100|[from] Stealth Rock
|
|-weather|Sandstorm|[upkeep]
|-damage|p2a: Latias|61/100|[from] Sandstorm
|upkeep
|turn|30
|
|t:|1725028607
|move|p1a: Reuniclus|Shadow Ball|p2a: Latias
|-supereffective|p2a: Latias
|-damage|p2a: Latias|15/100
|move|p2a: Latias|Thunder Wave|p1a: Reuniclus
|-status|p1a: Reuniclus|par
|
|-weather|Sandstorm|[upkeep]
|-damage|p2a: Latias|9/100|[from] Sandstorm
|upkeep
|turn|31
|
|t:|1725028614
|move|p1a: Reuniclus|Psyshock|p2a: Latias
|-resisted|p2a: Latias
|-damage|p2a: Latias|0 fnt
|faint|p2a: Latias
|
|-weather|Sandstorm|[upkeep]
|-fieldend|move: Trick Room
|upkeep
|
|t:|1725028619
|switch|p2a: Landorus|Landorus-Therian, M|44/100
|-damage|p2a: Landorus|31/100|[from] Stealth Rock
|-ability|p2a: Landorus|Intimidate|boost
|-unboost|p1a: Reuniclus|atk|1
|turn|32
|
|t:|1725028627
|move|p2a: Landorus|Earthquake|p1a: Reuniclus
|-damage|p1a: Reuniclus|0 fnt
|faint|p1a: Reuniclus
|
|-weather|Sandstorm|[upkeep]
|upkeep
|
|t:|1725028635
|switch|p1a: Porygon2|Porygon2|64/100 par
|-damage|p1a: Porygon2|51/100 par|[from] Stealth Rock
|-ability|p1a: Porygon2|Download|boost
|-boost|p1a: Porygon2|spa|1
|turn|33
|
|t:|1725028639
|move|p2a: Landorus|Earthquake|p1a: Porygon2
|-crit|p1a: Porygon2
|-damage|p1a: Porygon2|0 fnt
|faint|p1a: Porygon2
|
|-weather|Sandstorm|[upkeep]
|upkeep
|c|☆lijkjlkjlkjlkjlk|shiet
|inactive|lijkjlkjlkjlkjlk has 120 seconds left.
|
|t:|1725028682
|switch|p1a: Crawdaunt|Crawdaunt, F|100/100
|-damage|p1a: Crawdaunt|88/100|[from] Stealth Rock
|turn|34
|
|t:|1725028690
|switch|p2a: Alakazam|Alakazam, M|6/100
|move|p1a: Crawdaunt|Crunch|p2a: Alakazam
|-supereffective|p2a: Alakazam
|-damage|p2a: Alakazam|0 fnt
|faint|p2a: Alakazam
|
|-weather|Sandstorm|[upkeep]
|-damage|p1a: Crawdaunt|82/100|[from] Sandstorm
|upkeep
|
|t:|1725028699
|switch|p2a: Rotom|Rotom-Wash|50/100
|-damage|p2a: Rotom|37/100|[from] Stealth Rock
|turn|35
|
|t:|1725028702
|move|p2a: Rotom|Volt Switch|p1a: Crawdaunt
|-supereffective|p1a: Crawdaunt
|-damage|p1a: Crawdaunt|0 fnt
|faint|p1a: Crawdaunt
|
|t:|1725028705
|switch|p2a: Landorus|Landorus-Therian, M|31/100|[from] Volt Switch
|-damage|p2a: Landorus|19/100|[from] Stealth Rock
|
|-weather|Sandstorm|[upkeep]
|upkeep
|
|t:|1725028709
|switch|p1a: Terrakion|Terrakion|9/100
|-damage|p1a: Terrakion|3/100|[from] Stealth Rock
|turn|36
|
|t:|1725028712
|move|p1a: Terrakion|Close Combat|p2a: Landorus
|-resisted|p2a: Landorus
|-damage|p2a: Landorus|0 fnt
|-unboost|p1a: Terrakion|def|1
|-unboost|p1a: Terrakion|spd|1
|faint|p2a: Landorus
|
|-weather|Sandstorm|[upkeep]
|upkeep
|
|t:|1725028715
|switch|p2a: Rotom|Rotom-Wash|37/100
|-damage|p2a: Rotom|25/100|[from] Stealth Rock
|turn|37
|
|t:|1725028717
|move|p1a: Terrakion|Close Combat|p2a: Rotom
|-damage|p2a: Rotom|0 fnt
|-unboost|p1a: Terrakion|def|1
|-unboost|p1a: Terrakion|spd|1
|faint|p2a: Rotom
|
|win|lijkjlkjlkjlkjlk
|raw|lijkjlkjlkjlkjlk's rating: 1430 &rarr; <strong>1460</strong><br />(+30 for winning)
|raw|vustyfans's rating: 1612 &rarr; <strong>1582</strong><br />(-30 for losing)
|c|☆lijkjlkjlkjlkjlk|ggwp
|l|‽vustyfans
|player|p2|
|c|☆lijkjlkjlkjlkjlk|closest game ever pretty much
