|j|☆primaveraportena
|j|☆mortemio
|player|p1|primaveraportena|168
|player|p2|mortemio|79
|teamsize|p1|6
|teamsize|p2|6
|gametype|singles
|gen|5
|tier|[Gen 5] OU
|rated|
|rule|Sleep Clause Mod: Limit one foe put to sleep
|rule|Species Clause: Limit one of each Pokémon
|rule|OHKO Clause: OHKO moves are banned
|rule|Moody Clause: Moody is banned
|rule|Evasion Moves Clause: Evasion moves are banned
|rule|Endless Battle Clause: Forcing endless battles is banned
|rule|HP Percentage Mod: HP is shown in percentages
|rule|Evasion Abilities Clause: Evasion abilities are banned
|rule|Baton Pass Clause: Limit one Baton Passer, can't pass Spe and other stats simultaneously
|rule|Swagger Clause: Swagger is banned
|clearpoke
|poke|p1|Politoed, M|item
|poke|p1|Latias, F|item
|poke|p1|Ferrothorn, F|item
|poke|p1|Xatu, M|item
|poke|p1|Excadrill, M|item
|poke|p1|Azumarill, M|item
|poke|p2|Smeargle, F|item
|poke|p2|Heatran, F|item
|poke|p2|Cresselia, F|item
|poke|p2|Conkeldurr, F|item
|poke|p2|Bronzong|item
|poke|p2|Porygon2|item
|teampreview
|
|start
|switch|p1a: Politoed|Politoed, M|100/100
|switch|p2a: Porygon2|Porygon2|100/100
|-weather|RainDance|[from] ability: Drizzle|[of] p1a: Politoed
|-ability|p2a: Porygon2|Download|boost
|-boost|p2a: Porygon2|atk|1
|turn|1
|
|switch|p1a: Ferrothorn|Ferrothorn, F|100/100
|move|p2a: Porygon2|Trick Room|p2a: Porygon2
|-fieldstart|move: Trick Room|[of] p2a: Porygon2
|
|-weather|RainDance|[upkeep]
|upkeep
|turn|2
|
|switch|p2a: Conkeldurr|Conkeldurr, F|100/100
|move|p1a: Ferrothorn|Spikes|p2a: Conkeldurr
|-sidestart|p2: mortemio|Spikes
|
|-weather|RainDance|[upkeep]
|upkeep
|turn|3
|
|switch|p1a: Xatu|Xatu, M|100/100
|move|p2a: Conkeldurr|Hammer Arm|p1a: Xatu
|-resisted|p1a: Xatu
|-damage|p1a: Xatu|78/100
|-damage|p2a: Conkeldurr|84/100|[from] item: Rocky Helmet|[of] p1a: Xatu
|-unboost|p2a: Conkeldurr|spe|1
|-damage|p2a: Conkeldurr|74/100|[from] item: Life Orb
|
|-weather|RainDance|[upkeep]
|upkeep
|turn|4
|
|switch|p1a: Ferrothorn|Ferrothorn, F|100/100
|move|p2a: Conkeldurr|Ice Punch|p1a: Ferrothorn
|-damage|p1a: Ferrothorn|69/100
|-damage|p2a: Conkeldurr|62/100|[from] ability: Iron Barbs|[of] p1a: Ferrothorn
|-damage|p2a: Conkeldurr|52/100|[from] item: Life Orb
|
|-weather|RainDance|[upkeep]
|-heal|p1a: Ferrothorn|75/100|[from] item: Leftovers
|upkeep
|turn|5
|
|switch|p1a: Azumarill|Azumarill, M|100/100
|move|p2a: Conkeldurr|Hammer Arm|p1a: Azumarill
|-damage|p1a: Azumarill|6/100
|-unboost|p2a: Conkeldurr|spe|1
|-damage|p2a: Conkeldurr|42/100|[from] item: Life Orb
|
|-weather|RainDance|[upkeep]
|-fieldend|move: Trick Room
|upkeep
|turn|6
|
|switch|p2a: Porygon2|Porygon2|100/100
|-damage|p2a: Porygon2|88/100|[from] Spikes
|-ability|p2a: Porygon2|Download|boost
|-boost|p2a: Porygon2|spa|1
|move|p1a: Azumarill|Aqua Jet|p2a: Porygon2
|-damage|p2a: Porygon2|51/100
|
|-weather|RainDance|[upkeep]
|upkeep
|turn|7
|
|move|p1a: Azumarill|Aqua Jet|p2a: Porygon2
|-damage|p2a: Porygon2|12/100
|move|p2a: Porygon2|Thunderbolt|p1a: Azumarill
|-supereffective|p1a: Azumarill
|-damage|p1a: Azumarill|0 fnt
|faint|p1a: Azumarill
|
|-weather|RainDance|[upkeep]
|upkeep
|
|switch|p1a: Excadrill|Excadrill, M|100/100
|-ability|p1a: Excadrill|Mold Breaker
|turn|8
|
|move|p1a: Excadrill|Earthquake|p2a: Porygon2
|-damage|p2a: Porygon2|0 fnt
|faint|p2a: Porygon2
|
|-weather|RainDance|[upkeep]
|upkeep
|
|switch|p2a: Bronzong|Bronzong|100/100
|turn|9
|
|move|p1a: Excadrill|Earthquake|p2a: Bronzong
|-supereffective|p2a: Bronzong
|-damage|p2a: Bronzong|16/100
|move|p2a: Bronzong|Trick Room|p2a: Bronzong
|-fieldstart|move: Trick Room|[of] p2a: Bronzong
|
|-weather|RainDance|[upkeep]
|upkeep
|turn|10
|
|switch|p1a: Ferrothorn|Ferrothorn, F|75/100
|move|p2a: Bronzong|Earthquake|p1a: Ferrothorn
|-damage|p1a: Ferrothorn|56/100
|
|-weather|RainDance|[upkeep]
|-heal|p1a: Ferrothorn|62/100|[from] item: Leftovers
|upkeep
|turn|11
|
|move|p1a: Ferrothorn|Stealth Rock|p2a: Bronzong
|-sidestart|p2: mortemio|move: Stealth Rock
|move|p2a: Bronzong|Explosion|p1a: Ferrothorn
|-enditem|p2a: Bronzong|Normal Gem|[from] gem|[move] Explosion
|-resisted|p1a: Ferrothorn
|-damage|p1a: Ferrothorn|28/100
|faint|p2a: Bronzong
|
|-weather|RainDance|[upkeep]
|-heal|p1a: Ferrothorn|34/100|[from] item: Leftovers
|upkeep
|
|switch|p2a: Heatran|Heatran, F|100/100
|-damage|p2a: Heatran|88/100|[from] Stealth Rock
|-damage|p2a: Heatran|76/100|[from] Spikes
|turn|12
|
|switch|p1a: Politoed|Politoed, M|100/100
|move|p2a: Heatran|Fire Blast|p1a: Politoed
|-resisted|p1a: Politoed
|-damage|p1a: Politoed|76/100
|-damage|p2a: Heatran|66/100|[from] item: Life Orb
|
|-weather|RainDance|[upkeep]
|upkeep
|turn|13
|
|switch|p1a: Latias|Latias, F|100/100
|move|p2a: Heatran|Hidden Power|p1a: Latias
|-resisted|p1a: Latias
|-damage|p1a: Latias|88/100
|-damage|p2a: Heatran|56/100|[from] item: Life Orb
|
|-weather|RainDance|[upkeep]
|-heal|p1a: Latias|94/100|[from] item: Leftovers
|-fieldend|move: Trick Room
|upkeep
|turn|14
|
|move|p1a: Latias|Calm Mind|p1a: Latias
|-boost|p1a: Latias|spa|1
|-boost|p1a: Latias|spd|1
|move|p2a: Heatran|Flash Cannon|p1a: Latias
|-damage|p1a: Latias|64/100
|-damage|p2a: Heatran|46/100|[from] item: Life Orb
|
|-weather|RainDance|[upkeep]
|-heal|p1a: Latias|70/100|[from] item: Leftovers
|upkeep
|turn|15
|
|switch|p2a: Cresselia|Cresselia, F|100/100
|-damage|p2a: Cresselia|88/100|[from] Stealth Rock
|move|p1a: Latias|Dragon Pulse|p2a: Cresselia
|-damage|p2a: Cresselia|59/100
|
|-weather|RainDance|[upkeep]
|-heal|p1a: Latias|76/100|[from] item: Leftovers
|upkeep
|turn|16
|
|move|p1a: Latias|Calm Mind|p1a: Latias
|-boost|p1a: Latias|spa|1
|-boost|p1a: Latias|spd|1
|move|p2a: Cresselia|Trick Room|p2a: Cresselia
|-fieldstart|move: Trick Room|[of] p2a: Cresselia
|
|-weather|RainDance|[upkeep]
|-heal|p1a: Latias|82/100|[from] item: Leftovers
|upkeep
|turn|17
|
|move|p2a: Cresselia|Lunar Dance|p2a: Cresselia
|faint|p2a: Cresselia
|move|p1a: Latias|Roost|p1a: Latias
|-heal|p1a: Latias|100/100
|-singleturn|p1a: Latias|move: Roost
|
|-weather|RainDance|[upkeep]
|upkeep
|
|switch|p2a: Conkeldurr|Conkeldurr, F|42/100
|-heal|p2a: Conkeldurr|100/100|[from] move: Lunar Dance
|-damage|p2a: Conkeldurr|94/100|[from] Stealth Rock
|-damage|p2a: Conkeldurr|82/100|[from] Spikes
|turn|18
|
|switch|p1a: Ferrothorn|Ferrothorn, F|34/100
|move|p2a: Conkeldurr|Ice Punch|p1a: Ferrothorn
|-damage|p1a: Ferrothorn|4/100
|-damage|p2a: Conkeldurr|70/100|[from] ability: Iron Barbs|[of] p1a: Ferrothorn
|-damage|p2a: Conkeldurr|60/100|[from] item: Life Orb
|
|-weather|RainDance|[upkeep]
|-heal|p1a: Ferrothorn|11/100|[from] item: Leftovers
|upkeep
|turn|19
|
|move|p1a: Ferrothorn|Power Whip|p2a: Conkeldurr|[miss]
|-miss|p1a: Ferrothorn|p2a: Conkeldurr
|move|p2a: Conkeldurr|Hammer Arm|p1a: Ferrothorn
|-supereffective|p1a: Ferrothorn
|-damage|p1a: Ferrothorn|0 fnt
|-damage|p2a: Conkeldurr|47/100|[from] ability: Iron Barbs|[of] p1a: Ferrothorn
|-unboost|p2a: Conkeldurr|spe|1
|-damage|p2a: Conkeldurr|38/100|[from] item: Life Orb
|faint|p1a: Ferrothorn
|
|-weather|RainDance|[upkeep]
|upkeep
|
|switch|p1a: Excadrill|Excadrill, M|100/100
|-ability|p1a: Excadrill|Mold Breaker
|turn|20
|
|switch|p1a: Xatu|Xatu, M|78/100
|move|p2a: Conkeldurr|Hammer Arm|p1a: Xatu
|-resisted|p1a: Xatu
|-damage|p1a: Xatu|54/100
|-damage|p2a: Conkeldurr|21/100|[from] item: Rocky Helmet|[of] p1a: Xatu
|-unboost|p2a: Conkeldurr|spe|1
|-damage|p2a: Conkeldurr|11/100|[from] item: Life Orb
|
|-weather|RainDance|[upkeep]
|-fieldend|move: Trick Room
|upkeep
|turn|21
|
|move|p1a: Xatu|Night Shade|p2a: Conkeldurr
|-damage|p2a: Conkeldurr|0 fnt
|faint|p2a: Conkeldurr
|
|-weather|RainDance|[upkeep]
|upkeep
|-message|mortemio forfeited.
|
|win|primaveraportena
|l|☆mortemio
|raw|primaveraportena's rating: 1375 &rarr; <strong>1394</strong><br />(+19 for winning)
|raw|mortemio's rating: 1362 &rarr; <strong>1342</strong><br />(-20 for losing)
