|j|☆Sirkoda
|j|☆Croaset
|t:|1738164885
|gametype|singles
|player|p1|Sirkoda|169|1308
|player|p2|Croaset|elesa|1459
|teamsize|p1|6
|teamsize|p2|6
|gen|5
|tier|[Gen 5] OU
|rated|
|rule|Species Clause: Limit one of each Pokémon
|rule|OHKO Clause: OHKO moves are banned
|rule|Moody Clause: Moody is banned
|rule|Evasion Items Clause: Evasion items are banned
|rule|Evasion Moves Clause: Evasion moves are banned
|rule|Endless Battle Clause: Forcing endless battles is banned
|rule|HP Percentage Mod: HP is shown in percentages
|rule|Evasion Abilities Clause: Evasion abilities are banned
|rule|Sleep Moves Clause: Sleep-inducing moves are banned
|rule|Swagger Clause: Swagger is banned
|rule|Baton Pass Stat Clause: No Baton Passer may have a way to boost its stats
|clearpoke
|poke|p1|Volcarona, F|item
|poke|p1|Dragonite, M|item
|poke|p1|Jirachi|item
|poke|p1|Garchomp, M|item
|poke|p1|Latias, F|item
|poke|p1|Starmie|item
|poke|p2|Golurk|item
|poke|p2|Tyranitar, F|item
|poke|p2|Jirachi|item
|poke|p2|Skarmory, F|item
|poke|p2|Latias, F|item
|poke|p2|Rotom-Wash|item
|teampreview
|inactive|Battle timer is ON: inactive players will automatically lose when time's up. (requested by Sirkoda)
|inactive|Sirkoda has 120 seconds left.
|
|t:|1738164930
|start
|switch|p1a: Dragonite|Dragonite, M|100/100
|switch|p2a: Rotom|Rotom-Wash|100/100
|turn|1
|
|t:|1738164938
|switch|p1a: Volcarona|Volcarona, F|100/100
|move|p2a: Rotom|Volt Switch|p1a: Volcarona
|-damage|p1a: Volcarona|64/100
|
|t:|1738164943
|switch|p2a: Tyranitar|Tyranitar, F|100/100|[from] Volt Switch
|-weather|Sandstorm|[from] ability: Sand Stream|[of] p2a: Tyranitar
|
|-weather|Sandstorm|[upkeep]
|-damage|p1a: Volcarona|58/100|[from] Sandstorm
|upkeep
|turn|2
|
|t:|1738164948
|switch|p1a: Garchomp|Garchomp, M|100/100
|move|p2a: Tyranitar|Stone Edge|p1a: Garchomp
|-resisted|p1a: Garchomp
|-damage|p1a: Garchomp|77/100
|
|-weather|Sandstorm|[upkeep]
|upkeep
|turn|3
|
|t:|1738164955
|switch|p2a: Rotom|Rotom-Wash|100/100
|move|p1a: Garchomp|Stealth Rock|p2a: Rotom
|-sidestart|p2: Croaset|move: Stealth Rock
|
|-weather|Sandstorm|[upkeep]
|-damage|p2a: Rotom|94/100|[from] Sandstorm
|-heal|p2a: Rotom|100/100|[from] item: Leftovers
|upkeep
|turn|4
|
|t:|1738164962
|move|p1a: Garchomp|Swords Dance|p1a: Garchomp
|-boost|p1a: Garchomp|atk|2
|move|p2a: Rotom|Will-O-Wisp|p1a: Garchomp
|-status|p1a: Garchomp|brn
|-enditem|p1a: Garchomp|Lum Berry|[eat]
|-curestatus|p1a: Garchomp|brn|[msg]
|
|-weather|Sandstorm|[upkeep]
|-damage|p2a: Rotom|94/100|[from] Sandstorm
|-heal|p2a: Rotom|100/100|[from] item: Leftovers
|upkeep
|turn|5
|
|t:|1738164969
|move|p1a: Garchomp|Outrage|p2a: Rotom
|-damage|p2a: Rotom|0 fnt
|faint|p2a: Rotom
|
|-weather|Sandstorm|[upkeep]
|upkeep
|
|t:|1738164973
|switch|p2a: Latias|Latias, F|100/100
|-damage|p2a: Latias|88/100|[from] Stealth Rock
|turn|6
|
|t:|1738164975
|move|p2a: Latias|Draco Meteor|p1a: Garchomp
|-supereffective|p1a: Garchomp
|-damage|p1a: Garchomp|0 fnt
|-unboost|p2a: Latias|spa|2
|faint|p1a: Garchomp
|
|-weather|Sandstorm|[upkeep]
|-damage|p2a: Latias|82/100|[from] Sandstorm
|upkeep
|
|t:|1738164992
|switch|p1a: Dragonite|Dragonite, M|100/100
|turn|7
|
|t:|1738164998
|move|p2a: Latias|Thunder Wave|p1a: Dragonite
|-status|p1a: Dragonite|par
|cant|p1a: Dragonite|par
|
|-weather|Sandstorm|[upkeep]
|-damage|p2a: Latias|76/100|[from] Sandstorm
|-damage|p1a: Dragonite|94/100 par|[from] Sandstorm
|-heal|p1a: Dragonite|100/100 par|[from] item: Leftovers
|upkeep
|turn|8
|
|t:|1738165022
|switch|p2a: Skarmory|Skarmory, F|100/100
|-damage|p2a: Skarmory|88/100|[from] Stealth Rock
|move|p1a: Dragonite|Ice Punch|p2a: Skarmory
|-damage|p2a: Skarmory|72/100
|-status|p2a: Skarmory|frz
|
|-weather|Sandstorm|[upkeep]
|-damage|p1a: Dragonite|94/100 par|[from] Sandstorm
|-heal|p2a: Skarmory|78/100 frz|[from] item: Leftovers
|-heal|p1a: Dragonite|100/100 par|[from] item: Leftovers
|upkeep
|turn|9
|
|t:|1738165029
|cant|p2a: Skarmory|frz
|cant|p1a: Dragonite|par
|
|-weather|Sandstorm|[upkeep]
|-damage|p1a: Dragonite|94/100 par|[from] Sandstorm
|-heal|p2a: Skarmory|84/100 frz|[from] item: Leftovers
|-heal|p1a: Dragonite|100/100 par|[from] item: Leftovers
|upkeep
|turn|10
|
|t:|1738165031
|cant|p2a: Skarmory|frz
|cant|p1a: Dragonite|par
|
|-weather|Sandstorm|[upkeep]
|-damage|p1a: Dragonite|94/100 par|[from] Sandstorm
|-heal|p2a: Skarmory|90/100 frz|[from] item: Leftovers
|-heal|p1a: Dragonite|100/100 par|[from] item: Leftovers
|upkeep
|turn|11
|
|t:|1738165033
|cant|p2a: Skarmory|frz
|cant|p1a: Dragonite|par
|
|-weather|Sandstorm|[upkeep]
|-damage|p1a: Dragonite|94/100 par|[from] Sandstorm
|-heal|p2a: Skarmory|96/100 frz|[from] item: Leftovers
|-heal|p1a: Dragonite|100/100 par|[from] item: Leftovers
|upkeep
|turn|12
|c|☆Sirkoda|What the fuck
|
|t:|1738165042
|cant|p2a: Skarmory|frz
|cant|p1a: Dragonite|par
|
|-weather|Sandstorm|[upkeep]
|-damage|p1a: Dragonite|94/100 par|[from] Sandstorm
|-heal|p2a: Skarmory|100/100 frz|[from] item: Leftovers
|-heal|p1a: Dragonite|100/100 par|[from] item: Leftovers
|upkeep
|turn|13
|c|☆Croaset|incredible game
|
|t:|1738165050
|cant|p2a: Skarmory|frz
|move|p1a: Dragonite|Fire Punch|p2a: Skarmory
|-supereffective|p2a: Skarmory
|-damage|p2a: Skarmory|66/100 frz
|-curestatus|p2a: Skarmory|frz|[msg]
|
|-weather|Sandstorm|[upkeep]
|-damage|p1a: Dragonite|94/100 par|[from] Sandstorm
|-heal|p2a: Skarmory|72/100|[from] item: Leftovers
|-heal|p1a: Dragonite|100/100 par|[from] item: Leftovers
|upkeep
|turn|14
|
|t:|1738165060
|move|p2a: Skarmory|Stealth Rock|p1a: Dragonite
|-sidestart|p1: Sirkoda|move: Stealth Rock
|cant|p1a: Dragonite|par
|
|-weather|Sandstorm|[upkeep]
|-damage|p1a: Dragonite|94/100 par|[from] Sandstorm
|-heal|p2a: Skarmory|78/100|[from] item: Leftovers
|-heal|p1a: Dragonite|100/100 par|[from] item: Leftovers
|upkeep
|turn|15
|
|t:|1738165062
|move|p1a: Dragonite|Fire Punch|p2a: Skarmory
|-supereffective|p2a: Skarmory
|-damage|p2a: Skarmory|41/100
|move|p2a: Skarmory|Whirlwind|p1a: Dragonite
|drag|p1a: Latias|Latias, F|100/100
|-damage|p1a: Latias|88/100|[from] Stealth Rock
|
|-weather|Sandstorm|[upkeep]
|-damage|p1a: Latias|82/100|[from] Sandstorm
|-heal|p2a: Skarmory|47/100|[from] item: Leftovers
|upkeep
|turn|16
|
|t:|1738165067
|move|p1a: Latias|Surf|p2a: Skarmory
|-damage|p2a: Skarmory|0 fnt
|faint|p2a: Skarmory
|
|-weather|Sandstorm|[upkeep]
|-damage|p1a: Latias|76/100|[from] Sandstorm
|upkeep
|
|t:|1738165069
|switch|p2a: Tyranitar|Tyranitar, F|100/100
|-damage|p2a: Tyranitar|88/100|[from] Stealth Rock
|turn|17
|
|t:|1738165075
|move|p1a: Latias|Surf|p2a: Tyranitar
|-supereffective|p2a: Tyranitar
|-damage|p2a: Tyranitar|51/100
|move|p2a: Tyranitar|Thunder Wave|p1a: Latias
|-status|p1a: Latias|par
|
|-weather|Sandstorm|[upkeep]
|-damage|p1a: Latias|70/100 par|[from] Sandstorm
|upkeep
|turn|18
|
|t:|1738165077
|move|p2a: Tyranitar|Crunch|p1a: Latias
|-supereffective|p1a: Latias
|-damage|p1a: Latias|0 fnt
|faint|p1a: Latias
|
|-weather|Sandstorm|[upkeep]
|upkeep
|
|t:|1738165088
|switch|p1a: Jirachi|Jirachi|100/100
|-damage|p1a: Jirachi|94/100|[from] Stealth Rock
|turn|19
|
|t:|1738165095
|switch|p2a: Golurk|Golurk|100/100
|-damage|p2a: Golurk|95/100|[from] Stealth Rock
|move|p1a: Jirachi|Iron Head|p2a: Golurk
|-damage|p2a: Golurk|51/100
|
|-weather|Sandstorm|[upkeep]
|upkeep
|turn|20
|
|t:|1738165102
|move|p1a: Jirachi|Iron Head|p2a: Golurk
|-damage|p2a: Golurk|10/100
|move|p2a: Golurk|Earthquake|p1a: Jirachi
|-supereffective|p1a: Jirachi
|-damage|p1a: Jirachi|2/100
|
|-weather|Sandstorm|[upkeep]
|upkeep
|turn|21
|
|t:|1738165124
|switch|p1a: Dragonite|Dragonite, M|100/100 par
|-damage|p1a: Dragonite|76/100 par|[from] Stealth Rock
|switch|p2a: Jirachi|Jirachi|100/100
|-damage|p2a: Jirachi|94/100|[from] Stealth Rock
|
|-weather|Sandstorm|[upkeep]
|-damage|p1a: Dragonite|70/100 par|[from] Sandstorm
|-heal|p2a: Jirachi|100/100|[from] item: Leftovers
|-heal|p1a: Dragonite|76/100 par|[from] item: Leftovers
|upkeep
|turn|22
|
|t:|1738165129
|move|p2a: Jirachi|Substitute|p2a: Jirachi
|-start|p2a: Jirachi|Substitute
|-damage|p2a: Jirachi|75/100
|move|p1a: Dragonite|Fire Punch|p2a: Jirachi
|-supereffective|p2a: Jirachi
|-end|p2a: Jirachi|Substitute
|
|-weather|Sandstorm|[upkeep]
|-damage|p1a: Dragonite|70/100 par|[from] Sandstorm
|-heal|p2a: Jirachi|82/100|[from] item: Leftovers
|-heal|p1a: Dragonite|76/100 par|[from] item: Leftovers
|upkeep
|turn|23
|
|t:|1738165136
|move|p2a: Jirachi|Substitute|p2a: Jirachi
|-start|p2a: Jirachi|Substitute
|-damage|p2a: Jirachi|57/100
|move|p1a: Dragonite|Fire Punch|p2a: Jirachi
|-supereffective|p2a: Jirachi
|-crit|p2a: Jirachi
|-end|p2a: Jirachi|Substitute
|
|-weather|Sandstorm|[upkeep]
|-damage|p1a: Dragonite|70/100 par|[from] Sandstorm
|-heal|p2a: Jirachi|63/100|[from] item: Leftovers
|-heal|p1a: Dragonite|76/100 par|[from] item: Leftovers
|upkeep
|turn|24
|
|t:|1738165142
|move|p2a: Jirachi|Substitute|p2a: Jirachi
|-start|p2a: Jirachi|Substitute
|-damage|p2a: Jirachi|38/100
|move|p1a: Dragonite|Fire Punch|p2a: Jirachi
|-supereffective|p2a: Jirachi
|-end|p2a: Jirachi|Substitute
|
|-weather|Sandstorm|[upkeep]
|-damage|p1a: Dragonite|70/100 par|[from] Sandstorm
|-heal|p2a: Jirachi|44/100|[from] item: Leftovers
|-heal|p1a: Dragonite|76/100 par|[from] item: Leftovers
|upkeep
|turn|25
|
|t:|1738165146
|move|p2a: Jirachi|Substitute|p2a: Jirachi
|-start|p2a: Jirachi|Substitute
|-damage|p2a: Jirachi|19/100
|move|p1a: Dragonite|Fire Punch|p2a: Jirachi
|-supereffective|p2a: Jirachi
|-end|p2a: Jirachi|Substitute
|
|-weather|Sandstorm|[upkeep]
|-damage|p1a: Dragonite|70/100 par|[from] Sandstorm
|-heal|p2a: Jirachi|25/100|[from] item: Leftovers
|-heal|p1a: Dragonite|76/100 par|[from] item: Leftovers
|upkeep
|turn|26
|
|t:|1738165150
|move|p2a: Jirachi|Iron Head|p1a: Dragonite
|-damage|p1a: Dragonite|44/100 par
|move|p1a: Dragonite|Fire Punch|p2a: Jirachi
|-supereffective|p2a: Jirachi
|-damage|p2a: Jirachi|0 fnt
|faint|p2a: Jirachi
|
|-weather|Sandstorm|[upkeep]
|-damage|p1a: Dragonite|38/100 par|[from] Sandstorm
|-heal|p1a: Dragonite|44/100 par|[from] item: Leftovers
|upkeep
|
|t:|1738165157
|switch|p2a: Tyranitar|Tyranitar, F|51/100
|-damage|p2a: Tyranitar|39/100|[from] Stealth Rock
|turn|27
|
|t:|1738165162
|move|p2a: Tyranitar|Crunch|p1a: Dragonite
|-damage|p1a: Dragonite|7/100 par
|move|p1a: Dragonite|Outrage|p2a: Tyranitar
|-damage|p2a: Tyranitar|0 fnt
|faint|p2a: Tyranitar
|
|-weather|Sandstorm|[upkeep]
|-damage|p1a: Dragonite|0 fnt|[from] Sandstorm
|faint|p1a: Dragonite
|upkeep
|
|t:|1738165171
|switch|p1a: Starmie|Starmie|100/100
|switch|p2a: Latias|Latias, F|76/100
|-damage|p1a: Starmie|88/100|[from] Stealth Rock
|-item|p1a: Starmie|Air Balloon
|-damage|p2a: Latias|64/100|[from] Stealth Rock
|turn|28
|
|t:|1738165178
|move|p1a: Starmie|Ice Beam|p2a: Latias
|-supereffective|p2a: Latias
|-damage|p2a: Latias|23/100
|-status|p2a: Latias|frz
|cant|p2a: Latias|frz
|
|-weather|Sandstorm|[upkeep]
|-damage|p1a: Starmie|82/100|[from] Sandstorm
|-damage|p2a: Latias|17/100 frz|[from] Sandstorm
|upkeep
|turn|29
|
|t:|1738165184
|move|p1a: Starmie|Ice Beam|p2a: Latias
|-supereffective|p2a: Latias
|-damage|p2a: Latias|0 fnt
|faint|p2a: Latias
|
|-weather|Sandstorm|[upkeep]
|-damage|p1a: Starmie|76/100|[from] Sandstorm
|upkeep
|
|t:|1738165185
|switch|p2a: Golurk|Golurk|10/100
|-damage|p2a: Golurk|4/100|[from] Stealth Rock
|turn|30
|
|t:|1738165188
|move|p1a: Starmie|Ice Beam|p2a: Golurk
|-supereffective|p2a: Golurk
|-damage|p2a: Golurk|0 fnt
|faint|p2a: Golurk
|
|win|Sirkoda
|raw|Sirkoda's rating: 1308 &rarr; <strong>1336</strong><br />(+28 for winning)
|raw|Croaset's rating: 1459 &rarr; <strong>1431</strong><br />(-28 for losing)
