|j|☆fyvgkjgbr
|j|☆explosivelithium
|t:|1745621242
|gametype|singles
|player|p1|fyvgkjgbr|richboy|1484
|player|p2|explosivelithium|1|1307
|teamsize|p1|6
|teamsize|p2|6
|gen|5
|tier|[Gen 5] OU
|rated|
|rule|Species Clause: Limit one of each Pokémon
|rule|OHKO Clause: OHKO moves are banned
|rule|Moody Clause: Moody is banned
|rule|Evasion Items Clause: Evasion items are banned
|rule|Evasion Moves Clause: Evasion moves are banned
|rule|Endless Battle Clause: Forcing endless battles is banned
|rule|HP Percentage Mod: HP is shown in percentages
|rule|Evasion Abilities Clause: Evasion abilities are banned
|rule|Sleep Moves Clause: Sleep-inducing moves are banned
|rule|Swagger Clause: Swagger is banned
|rule|Baton Pass Stat Clause: No Baton Passer may have a way to boost its stats
|clearpoke
|poke|p1|Politoed, F|item
|poke|p1|Ferrothorn, F|item
|poke|p1|Tentacruel, F|item
|poke|p1|Keldeo-Resolute|item
|poke|p1|Thundurus-Therian, M|item
|poke|p1|Latios, M|item
|poke|p2|Metagross|item
|poke|p2|Gyarados, F|item
|poke|p2|Azelf|item
|poke|p2|Latios, M|item
|poke|p2|Tyranitar, M|item
|poke|p2|Virizion|item
|teampreview
|inactive|Battle timer is ON: inactive players will automatically lose when time's up. (requested by fyvgkjgbr)
|
|t:|1745621269
|start
|switch|p1a: Politoed|Politoed, F, shiny|100/100
|switch|p2a: Latios|Latios, M|100/100
|-weather|RainDance|[from] ability: Drizzle|[of] p1a: Politoed
|turn|1
|
|t:|1745621289
|switch|p2a: little guy|Azelf|100/100
|move|p1a: Politoed|Protect||[still]
|-fail|p1a: Politoed
|
|-weather|RainDance|[upkeep]
|upkeep
|turn|2
|
|t:|1745621295
|switch|p1a: Ferrothorn|Ferrothorn, F, shiny|100/100
|move|p2a: little guy|Stealth Rock|p1a: Ferrothorn
|-sidestart|p1: fyvgkjgbr|move: Stealth Rock
|
|-weather|RainDance|[upkeep]
|upkeep
|turn|3
|
|t:|1745621313
|move|p2a: little guy|Flamethrower|p1a: Ferrothorn
|-supereffective|p1a: Ferrothorn
|-crit|p1a: Ferrothorn
|-damage|p1a: Ferrothorn|0 fnt
|faint|p1a: Ferrothorn
|-damage|p2a: little guy|91/100|[from] item: Life Orb
|
|-weather|RainDance|[upkeep]
|upkeep
|inactive|fyvgkjgbr has 120 seconds left.
|
|t:|1745621329
|switch|p1a: Thundurus|Thundurus-Therian, M, shiny|100/100
|-damage|p1a: Thundurus|76/100|[from] Stealth Rock
|turn|4
|inactive|fyvgkjgbr has 120 seconds left.
|
|t:|1745621340
|move|p2a: little guy|Hidden Power|p1a: Thundurus
|-supereffective|p1a: Thundurus
|-damage|p1a: Thundurus|0 fnt
|faint|p1a: Thundurus
|-damage|p2a: little guy|81/100|[from] item: Life Orb
|
|-weather|RainDance|[upkeep]
|upkeep
|inactive|fyvgkjgbr has 120 seconds left.
|
|t:|1745621345
|switch|p1a: Latios|Latios, M, shiny|100/100
|-damage|p1a: Latios|88/100|[from] Stealth Rock
|turn|5
|
|t:|1745621348
|switch|p1a: Keldeo|Keldeo-Resolute|100/100
|-damage|p1a: Keldeo|94/100|[from] Stealth Rock
|switch|p2a: I eat dirt|Metagross|100/100
|
|-weather|RainDance|[upkeep]
|upkeep
|turn|6
|
|t:|1745621355
|move|p1a: Keldeo|Surf|p2a: I eat dirt
|-damage|p2a: I eat dirt|0 fnt
|faint|p2a: I eat dirt
|
|-weather|RainDance|[upkeep]
|upkeep
|
|t:|1745621358
|switch|p2a: Latios|Latios, M|100/100
|turn|7
|
|t:|1745621361
|switch|p1a: Tentacruel|Tentacruel, F, shiny|100/100
|-damage|p1a: Tentacruel|88/100|[from] Stealth Rock
|move|p2a: Latios|Psyshock|p1a: Tentacruel
|-supereffective|p1a: Tentacruel
|-damage|p1a: Tentacruel|0 fnt
|faint|p1a: Tentacruel
|
|-weather|RainDance|[upkeep]
|upkeep
|
|t:|1745621365
|switch|p1a: Latios|Latios, M, shiny|88/100
|-damage|p1a: Latios|76/100|[from] Stealth Rock
|turn|8
|
|t:|1745621368
|switch|p1a: Keldeo|Keldeo-Resolute|94/100
|-damage|p1a: Keldeo|88/100|[from] Stealth Rock
|switch|p2a: bow wo|Tyranitar, M|100/100
|-weather|Sandstorm|[from] ability: Sand Stream|[of] p2a: bow wo
|
|-weather|Sandstorm|[upkeep]
|-damage|p1a: Keldeo|82/100|[from] Sandstorm
|upkeep
|turn|9
|
|t:|1745621377
|move|p1a: Keldeo|Secret Sword|p2a: bow wo
|-supereffective|p2a: bow wo
|-enditem|p2a: bow wo|Chople Berry|[eat]
|-enditem|p2a: bow wo|Chople Berry|[weaken]
|-damage|p2a: bow wo|0 fnt
|faint|p2a: bow wo
|
|-weather|Sandstorm|[upkeep]
|-damage|p1a: Keldeo|76/100|[from] Sandstorm
|upkeep
|
|t:|1745621380
|switch|p2a: Virizion|Virizion|100/100
|turn|10
|
|t:|1745621387
|move|p2a: Virizion|Leaf Blade|p1a: Keldeo
|-supereffective|p1a: Keldeo
|-damage|p1a: Keldeo|0 fnt
|faint|p1a: Keldeo
|
|-weather|Sandstorm|[upkeep]
|-damage|p2a: Virizion|94/100|[from] Sandstorm
|upkeep
|
|t:|1745621389
|switch|p1a: Latios|Latios, M, shiny|76/100
|-damage|p1a: Latios|64/100|[from] Stealth Rock
|turn|11
|
|t:|1745621397
|move|p1a: Latios|Draco Meteor|p2a: Virizion
|-damage|p2a: Virizion|37/100
|-unboost|p1a: Latios|spa|2
|move|p2a: Virizion|Close Combat|p1a: Latios
|-resisted|p1a: Latios
|-damage|p1a: Latios|28/100
|-unboost|p2a: Virizion|def|1
|-unboost|p2a: Virizion|spd|1
|
|-weather|Sandstorm|[upkeep]
|-damage|p1a: Latios|22/100|[from] Sandstorm
|-damage|p2a: Virizion|31/100|[from] Sandstorm
|upkeep
|turn|12
|
|t:|1745621403
|move|p1a: Latios|Draco Meteor|p2a: Virizion
|-damage|p2a: Virizion|0 fnt
|-unboost|p1a: Latios|spa|2
|faint|p2a: Virizion
|
|-weather|Sandstorm|[upkeep]
|-damage|p1a: Latios|16/100|[from] Sandstorm
|upkeep
|
|t:|1745621407
|switch|p2a: big guy|Gyarados, F|100/100
|-ability|p2a: big guy|Intimidate|boost
|-unboost|p1a: Latios|atk|1
|turn|13
|
|t:|1745621412
|switch|p1a: Politoed|Politoed, F, shiny|100/100
|-damage|p1a: Politoed|88/100|[from] Stealth Rock
|-weather|RainDance|[from] ability: Drizzle|[of] p1a: Politoed
|move|p2a: big guy|Dragon Dance|p2a: big guy
|-boost|p2a: big guy|atk|1
|-boost|p2a: big guy|spe|1
|
|-weather|RainDance|[upkeep]
|-heal|p1a: Politoed|94/100|[from] item: Leftovers
|upkeep
|turn|14
|
|t:|1745621415
|move|p2a: big guy|Dragon Dance|p2a: big guy
|-boost|p2a: big guy|atk|1
|-boost|p2a: big guy|spe|1
|move|p1a: Politoed|Encore|p2a: big guy
|-start|p2a: big guy|Encore
|
|-weather|RainDance|[upkeep]
|-heal|p1a: Politoed|100/100|[from] item: Leftovers
|upkeep
|turn|15
|
|t:|1745621420
|switch|p1a: Latios|Latios, M, shiny|16/100
|-damage|p1a: Latios|3/100|[from] Stealth Rock
|move|p2a: big guy|Dragon Dance|p2a: big guy
|-boost|p2a: big guy|atk|1
|-boost|p2a: big guy|spe|1
|
|-weather|RainDance|[upkeep]
|upkeep
|turn|16
|
|t:|1745621426
|move|p2a: big guy|Dragon Dance|p2a: big guy
|-boost|p2a: big guy|atk|1
|-boost|p2a: big guy|spe|1
|move|p1a: Latios|Draco Meteor|p2a: big guy
|-crit|p2a: big guy
|-damage|p2a: big guy|0 fnt
|-unboost|p1a: Latios|spa|2
|faint|p2a: big guy
|
|-weather|RainDance|[upkeep]
|upkeep
|
|t:|1745621431
|switch|p2a: Latios|Latios, M|100/100
|turn|17
|
|t:|1745621443
|move|p2a: Latios|Psyshock|p1a: Latios
|-resisted|p1a: Latios
|-damage|p1a: Latios|0 fnt
|faint|p1a: Latios
|
|-weather|RainDance|[upkeep]
|upkeep
|
|t:|1745621446
|switch|p1a: Politoed|Politoed, F, shiny|100/100
|-damage|p1a: Politoed|88/100|[from] Stealth Rock
|turn|18
|
|t:|1745621449
|move|p2a: Latios|Psyshock|p1a: Politoed
|-damage|p1a: Politoed|54/100
|move|p1a: Politoed|Scald|p2a: Latios
|-resisted|p2a: Latios
|-damage|p2a: Latios|83/100
|
|-weather|RainDance|[upkeep]
|-heal|p1a: Politoed|60/100|[from] item: Leftovers
|upkeep
|turn|19
|
|t:|1745621454
|switch|p2a: little guy|Azelf|81/100
|move|p1a: Politoed|Protect||[still]
|-fail|p1a: Politoed
|
|-weather|RainDance|[upkeep]
|-heal|p1a: Politoed|67/100|[from] item: Leftovers
|upkeep
|turn|20
|
|t:|1745621456
|move|p1a: Politoed|Protect|p1a: Politoed
|-singleturn|p1a: Politoed|Protect
|move|p2a: little guy|Thunder|p1a: Politoed
|-activate|p1a: Politoed|move: Protect
|
|-weather|RainDance|[upkeep]
|-heal|p1a: Politoed|73/100|[from] item: Leftovers
|upkeep
|turn|21
|
|t:|1745621459
|move|p2a: little guy|Thunder|p1a: Politoed
|-supereffective|p1a: Politoed
|-damage|p1a: Politoed|0 fnt
|faint|p1a: Politoed
|-damage|p2a: little guy|71/100|[from] item: Life Orb
|
|win|explosivelithium
|raw|fyvgkjgbr's rating: 1484 &rarr; <strong>1455</strong><br />(-29 for losing)
|raw|explosivelithium's rating: 1307 &rarr; <strong>1336</strong><br />(+29 for winning)
