|j|☆Darkortex
|j|☆xpeps_10
|t:|1733168903
|gametype|singles
|player|p1|Darkortex|hilbert|1470
|player|p2|xpeps_10|gentleman-gen4|1441
|teamsize|p1|6
|teamsize|p2|6
|gen|5
|tier|[Gen 5] OU
|rated|
|rule|Species Clause: Limit one of each Pokémon
|rule|OHKO Clause: OHKO moves are banned
|rule|Moody Clause: Moody is banned
|rule|Evasion Items Clause: Evasion items are banned
|rule|Evasion Moves Clause: Evasion moves are banned
|rule|Endless Battle Clause: Forcing endless battles is banned
|rule|HP Percentage Mod: HP is shown in percentages
|rule|Evasion Abilities Clause: Evasion abilities are banned
|rule|Sleep Moves Clause: Sleep-inducing moves are banned
|rule|Swagger Clause: Swagger is banned
|rule|Baton Pass Stat Clause: No Baton Passer may have a way to boost its stats
|clearpoke
|poke|p1|Ninetales, M|item
|poke|p1|Chansey, F|item
|poke|p1|Cresselia, F|item
|poke|p1|Excadrill, M|item
|poke|p1|Xatu, M|item
|poke|p1|Volcarona, F|item
|poke|p2|Politoed, F|item
|poke|p2|Thundurus-Therian, M|item
|poke|p2|Starmie|item
|poke|p2|Ferrothorn, M|item
|poke|p2|Latios, M|item
|poke|p2|Keldeo|item
|teampreview
|inactive|Battle timer is ON: inactive players will automatically lose when time's up. (requested by Darkortex)
|
|t:|1733168930
|start
|switch|p1a: Chansey|Chansey, F|100/100
|switch|p2a: Politoed|Politoed, F, shiny|100/100
|-weather|RainDance|[from] ability: Drizzle|[of] p2a: Politoed
|turn|1
|
|t:|1733168937
|switch|p2a: Ferrothorn|Ferrothorn, M|100/100
|move|p1a: Chansey|Stealth Rock|p2a: Ferrothorn
|-sidestart|p2: xpeps_10|move: Stealth Rock
|
|-weather|RainDance|[upkeep]
|upkeep
|turn|2
|
|t:|1733168943
|switch|p1a: Xatu|Xatu, M|100/100
|move|p2a: Ferrothorn|Knock Off|p1a: Xatu
|-supereffective|p1a: Xatu
|-damage|p1a: Xatu|92/100
|-damage|p2a: Ferrothorn|84/100|[from] item: Rocky Helmet|[of] p1a: Xatu
|-enditem|p1a: Xatu|Rocky Helmet|[from] move: Knock Off|[of] p2a: Ferrothorn
|
|-weather|RainDance|[upkeep]
|upkeep
|turn|3
|
|t:|1733168959
|switch|p2a: Latios|Latios, M|100/100
|-damage|p2a: Latios|88/100|[from] Stealth Rock
|move|p1a: Xatu|Night Shade|p2a: Latios
|-damage|p2a: Latios|55/100
|
|-weather|RainDance|[upkeep]
|upkeep
|turn|4
|
|t:|1733168967
|switch|p1a: Excadrill|Excadrill, M|100/100
|-ability|p1a: Excadrill|Mold Breaker
|move|p2a: Latios|Calm Mind|p2a: Latios
|-boost|p2a: Latios|spa|1
|-boost|p2a: Latios|spd|1
|
|-weather|RainDance|[upkeep]
|upkeep
|turn|5
|
|t:|1733168972
|switch|p1a: Ninetales|Ninetales, M|100/100
|-weather|SunnyDay|[from] ability: Drought|[of] p1a: Ninetales
|move|p2a: Latios|Surf|p1a: Ninetales
|-supereffective|p1a: Ninetales
|-damage|p1a: Ninetales|50/100
|
|-weather|SunnyDay|[upkeep]
|-heal|p1a: Ninetales|56/100|[from] item: Leftovers
|upkeep
|turn|6
|
|t:|1733168986
|switch|p1a: Chansey|Chansey, F|100/100
|move|p2a: Latios|Psyshock|p1a: Chansey
|-damage|p1a: Chansey|60/100
|
|-weather|SunnyDay|[upkeep]
|upkeep
|turn|7
|
|t:|1733168991
|move|p2a: Latios|Psyshock|p1a: Chansey
|-damage|p1a: Chansey|18/100
|move|p1a: Chansey|Soft-Boiled|p1a: Chansey
|-heal|p1a: Chansey|68/100
|
|-weather|SunnyDay|[upkeep]
|upkeep
|turn|8
|
|t:|1733168995
|move|p2a: Latios|Calm Mind|p2a: Latios
|-boost|p2a: Latios|spa|1
|-boost|p2a: Latios|spd|1
|move|p1a: Chansey|Toxic|p2a: Latios
|-status|p2a: Latios|tox
|-enditem|p2a: Latios|Lum Berry|[eat]
|-curestatus|p2a: Latios|tox|[msg]
|
|-weather|SunnyDay|[upkeep]
|upkeep
|turn|9
|
|t:|1733169000
|move|p2a: Latios|Psyshock|p1a: Chansey
|-damage|p1a: Chansey|13/100
|move|p1a: Chansey|Toxic|p2a: Latios|[miss]
|-miss|p1a: Chansey|p2a: Latios
|
|-weather|SunnyDay|[upkeep]
|upkeep
|turn|10
|
|t:|1733169012
|switch|p1a: Cresselia|Cresselia, F|100/100
|move|p2a: Latios|Psyshock|p1a: Cresselia
|-resisted|p1a: Cresselia
|-damage|p1a: Cresselia|80/100
|
|-weather|SunnyDay|[upkeep]
|-heal|p1a: Cresselia|86/100|[from] item: Leftovers
|upkeep
|turn|11
|
|t:|1733169020
|move|p2a: Latios|Draco Meteor|p1a: Cresselia|[miss]
|-miss|p2a: Latios|p1a: Cresselia
|move|p1a: Cresselia|Moonlight|p1a: Cresselia
|-heal|p1a: Cresselia|100/100
|
|-weather|SunnyDay|[upkeep]
|upkeep
|turn|12
|
|t:|1733169029
|move|p2a: Latios|Surf|p1a: Cresselia
|-damage|p1a: Cresselia|80/100
|move|p1a: Cresselia|Moonlight|p1a: Cresselia
|-heal|p1a: Cresselia|100/100
|
|-weather|SunnyDay|[upkeep]
|upkeep
|turn|13
|
|t:|1733169036
|move|p2a: Latios|Calm Mind|p2a: Latios
|-boost|p2a: Latios|spa|1
|-boost|p2a: Latios|spd|1
|move|p1a: Cresselia|Ice Beam|p2a: Latios
|-supereffective|p2a: Latios
|-damage|p2a: Latios|40/100
|
|-weather|SunnyDay|[upkeep]
|upkeep
|turn|14
|
|t:|1733169041
|move|p2a: Latios|Calm Mind|p2a: Latios
|-boost|p2a: Latios|spa|1
|-boost|p2a: Latios|spd|1
|move|p1a: Cresselia|Ice Beam|p2a: Latios
|-supereffective|p2a: Latios
|-damage|p2a: Latios|26/100
|
|-weather|SunnyDay|[upkeep]
|upkeep
|turn|15
|
|t:|1733169044
|move|p2a: Latios|Draco Meteor|p1a: Cresselia
|-damage|p1a: Cresselia|0 fnt
|-unboost|p2a: Latios|spa|2
|faint|p1a: Cresselia
|
|-weather|SunnyDay|[upkeep]
|upkeep
|
|t:|1733169049
|switch|p1a: Excadrill|Excadrill, M|100/100
|-ability|p1a: Excadrill|Mold Breaker
|turn|16
|
|t:|1733169054
|move|p2a: Latios|Surf|p1a: Excadrill
|-supereffective|p1a: Excadrill
|-damage|p1a: Excadrill|28/100
|move|p1a: Excadrill|Earthquake|p2a: Latios
|-damage|p2a: Latios|0 fnt
|faint|p2a: Latios
|
|-weather|SunnyDay|[upkeep]
|-heal|p1a: Excadrill|34/100|[from] item: Leftovers
|upkeep
|
|t:|1733169068
|switch|p2a: Politoed|Politoed, F, shiny|100/100
|-damage|p2a: Politoed|88/100|[from] Stealth Rock
|-weather|RainDance|[from] ability: Drizzle|[of] p2a: Politoed
|turn|17
|
|t:|1733169079
|switch|p1a: Ninetales|Ninetales, M|56/100
|-weather|SunnyDay|[from] ability: Drought|[of] p1a: Ninetales
|move|p2a: Politoed|Scald|p1a: Ninetales
|-supereffective|p1a: Ninetales
|-damage|p1a: Ninetales|33/100
|
|-weather|SunnyDay|[upkeep]
|-heal|p1a: Ninetales|39/100|[from] item: Leftovers
|upkeep
|turn|18
|
|t:|1733169086
|switch|p1a: Chansey|Chansey, F|13/100
|switch|p2a: Ferrothorn|Ferrothorn, M|84/100
|-damage|p2a: Ferrothorn|78/100|[from] Stealth Rock
|
|-weather|SunnyDay|[upkeep]
|upkeep
|turn|19
|
|t:|1733169091
|move|p1a: Chansey|Soft-Boiled|p1a: Chansey
|-heal|p1a: Chansey|63/100
|move|p2a: Ferrothorn|Stealth Rock|p1a: Chansey
|-sidestart|p1: Darkortex|move: Stealth Rock
|
|-weather|SunnyDay|[upkeep]
|upkeep
|turn|20
|
|t:|1733169094
|switch|p1a: Excadrill|Excadrill, M|34/100
|-damage|p1a: Excadrill|31/100|[from] Stealth Rock
|-ability|p1a: Excadrill|Mold Breaker
|move|p2a: Ferrothorn|Knock Off|p1a: Excadrill
|-resisted|p1a: Excadrill
|-damage|p1a: Excadrill|28/100
|-enditem|p1a: Excadrill|Leftovers|[from] move: Knock Off|[of] p2a: Ferrothorn
|
|-weather|SunnyDay|[upkeep]
|upkeep
|turn|21
|
|t:|1733169097
|move|p1a: Excadrill|Rapid Spin|p2a: Ferrothorn
|-resisted|p2a: Ferrothorn
|-damage|p2a: Ferrothorn|75/100
|-damage|p1a: Excadrill|16/100|[from] ability: Iron Barbs|[of] p2a: Ferrothorn
|-sideend|p1: Darkortex|Stealth Rock|[from] move: Rapid Spin|[of] p1a: Excadrill
|move|p2a: Ferrothorn|Power Whip|p1a: Excadrill
|-damage|p1a: Excadrill|0 fnt
|faint|p1a: Excadrill
|
|-weather|SunnyDay|[upkeep]
|upkeep
|
|t:|1733169100
|switch|p1a: Volcarona|Volcarona, F|100/100
|turn|22
|
|t:|1733169103
|move|p1a: Volcarona|Quiver Dance|p1a: Volcarona
|-boost|p1a: Volcarona|spa|1
|-boost|p1a: Volcarona|spd|1
|-boost|p1a: Volcarona|spe|1
|move|p2a: Ferrothorn|Thunder Wave|p1a: Volcarona
|-status|p1a: Volcarona|par
|-enditem|p1a: Volcarona|Lum Berry|[eat]
|-curestatus|p1a: Volcarona|par|[msg]
|
|-weather|SunnyDay|[upkeep]
|upkeep
|turn|23
|
|t:|1733169107
|move|p1a: Volcarona|Flamethrower|p2a: Ferrothorn
|-supereffective|p2a: Ferrothorn
|-damage|p2a: Ferrothorn|0 fnt
|faint|p2a: Ferrothorn
|
|-weather|SunnyDay|[upkeep]
|upkeep
|
|t:|1733169110
|switch|p2a: Politoed|Politoed, F, shiny|88/100
|-damage|p2a: Politoed|75/100|[from] Stealth Rock
|-weather|RainDance|[from] ability: Drizzle|[of] p2a: Politoed
|turn|24
|
|t:|1733169117
|switch|p1a: Ninetales|Ninetales, M|39/100
|-weather|SunnyDay|[from] ability: Drought|[of] p1a: Ninetales
|switch|p2a: Thundurus|Thundurus-Therian, M|100/100
|-damage|p2a: Thundurus|76/100|[from] Stealth Rock
|
|-weather|SunnyDay|[upkeep]
|-heal|p1a: Ninetales|45/100|[from] item: Leftovers
|upkeep
|turn|25
|
|t:|1733169124
|switch|p1a: Chansey|Chansey, F|63/100
|switch|p2a: Politoed|Politoed, F, shiny|75/100
|-damage|p2a: Politoed|63/100|[from] Stealth Rock
|-weather|RainDance|[from] ability: Drizzle|[of] p2a: Politoed
|
|-weather|RainDance|[upkeep]
|upkeep
|turn|26
|
|t:|1733169138
|switch|p2a: Starmie|Starmie, shiny|100/100
|-damage|p2a: Starmie|88/100|[from] Stealth Rock
|-item|p2a: Starmie|Air Balloon
|switch|p1a: Ninetales|Ninetales, M|45/100
|-weather|SunnyDay|[from] ability: Drought|[of] p1a: Ninetales
|
|-weather|SunnyDay|[upkeep]
|-heal|p1a: Ninetales|51/100|[from] item: Leftovers
|upkeep
|turn|27
|
|t:|1733169142
|move|p1a: Ninetales|Protect|p1a: Ninetales
|-singleturn|p1a: Ninetales|Protect
|move|p2a: Starmie|Rapid Spin|p1a: Ninetales
|-activate|p1a: Ninetales|move: Protect
|
|-weather|SunnyDay|[upkeep]
|-heal|p1a: Ninetales|57/100|[from] item: Leftovers
|upkeep
|turn|28
|
|t:|1733169146
|switch|p1a: Chansey|Chansey, F|63/100
|move|p2a: Starmie|Rapid Spin|p1a: Chansey
|-damage|p1a: Chansey|60/100
|-sideend|p2: xpeps_10|Stealth Rock|[from] move: Rapid Spin|[of] p2a: Starmie
|
|-weather|SunnyDay|[upkeep]
|upkeep
|turn|29
|
|t:|1733169153
|move|p2a: Starmie|Ice Beam|p1a: Chansey
|-damage|p1a: Chansey|51/100
|move|p1a: Chansey|Stealth Rock|p2a: Starmie
|-sidestart|p2: xpeps_10|move: Stealth Rock
|
|-weather|SunnyDay|[upkeep]
|upkeep
|turn|30
|
|t:|1733169156
|move|p2a: Starmie|Rapid Spin|p1a: Chansey
|-damage|p1a: Chansey|50/100
|-sideend|p2: xpeps_10|Stealth Rock|[from] move: Rapid Spin|[of] p2a: Starmie
|move|p1a: Chansey|Toxic|p2a: Starmie
|-status|p2a: Starmie|tox
|
|-weather|SunnyDay|[upkeep]
|-damage|p2a: Starmie|82/100 tox|[from] psn
|upkeep
|turn|31
|
|t:|1733169161
|switch|p2a: Keldeo|Keldeo|100/100
|move|p1a: Chansey|Stealth Rock|p2a: Keldeo
|-sidestart|p2: xpeps_10|move: Stealth Rock
|
|-weather|SunnyDay|[upkeep]
|upkeep
|turn|32
|
|t:|1733169170
|switch|p1a: Xatu|Xatu, M|92/100
|move|p2a: Keldeo|Secret Sword|p1a: Xatu
|-resisted|p1a: Xatu
|-crit|p1a: Xatu
|-damage|p1a: Xatu|70/100
|
|-weather|SunnyDay|[upkeep]
|upkeep
|turn|33
|
|t:|1733169175
|switch|p2a: Politoed|Politoed, F, shiny|63/100
|-damage|p2a: Politoed|50/100|[from] Stealth Rock
|-weather|RainDance|[from] ability: Drizzle|[of] p2a: Politoed
|move|p1a: Xatu|U-turn|p2a: Politoed
|-damage|p2a: Politoed|39/100
|-enditem|p2a: Politoed|Eject Button
|
|t:|1733169191
|switch|p2a: Keldeo|Keldeo|100/100
|-damage|p2a: Keldeo|94/100|[from] Stealth Rock
|
|-weather|RainDance|[upkeep]
|upkeep
|turn|34
|
|t:|1733169198
|move|p2a: Keldeo|Secret Sword|p1a: Xatu
|-resisted|p1a: Xatu
|-damage|p1a: Xatu|59/100
|move|p1a: Xatu|U-turn|p2a: Keldeo
|-resisted|p2a: Keldeo
|-damage|p2a: Keldeo|87/100
|
|t:|1733169201
|switch|p1a: Ninetales|Ninetales, M|57/100|[from] U-turn
|-weather|SunnyDay|[from] ability: Drought|[of] p1a: Ninetales
|
|-weather|SunnyDay|[upkeep]
|-heal|p1a: Ninetales|63/100|[from] item: Leftovers
|upkeep
|turn|35
|
|t:|1733169204
|switch|p1a: Xatu|Xatu, M|59/100
|move|p2a: Keldeo|Secret Sword|p1a: Xatu
|-resisted|p1a: Xatu
|-damage|p1a: Xatu|49/100
|
|-weather|SunnyDay|[upkeep]
|upkeep
|turn|36
|
|t:|1733169209
|switch|p2a: Starmie|Starmie, shiny|82/100 tox
|-damage|p2a: Starmie|69/100 tox|[from] Stealth Rock
|-item|p2a: Starmie|Air Balloon
|move|p1a: Xatu|Roost|p1a: Xatu
|-heal|p1a: Xatu|99/100
|-singleturn|p1a: Xatu|move: Roost
|
|-weather|SunnyDay|[upkeep]
|-damage|p2a: Starmie|63/100 tox|[from] psn
|upkeep
|turn|37
|
|t:|1733169216
|switch|p1a: Chansey|Chansey, F|50/100
|move|p2a: Starmie|Rapid Spin|p1a: Chansey
|-damage|p1a: Chansey|47/100
|-sideend|p2: xpeps_10|Stealth Rock|[from] move: Rapid Spin|[of] p2a: Starmie
|
|-weather|SunnyDay|[upkeep]
|-damage|p2a: Starmie|51/100 tox|[from] psn
|upkeep
|turn|38
|
|t:|1733169221
|move|p2a: Starmie|Ice Beam|p1a: Chansey
|-damage|p1a: Chansey|38/100
|move|p1a: Chansey|Stealth Rock|p2a: Starmie
|-sidestart|p2: xpeps_10|move: Stealth Rock
|
|-weather|SunnyDay|[upkeep]
|-damage|p2a: Starmie|33/100 tox|[from] psn
|upkeep
|turn|39
|
|t:|1733169224
|move|p2a: Starmie|Rapid Spin|p1a: Chansey
|-damage|p1a: Chansey|36/100
|-sideend|p2: xpeps_10|Stealth Rock|[from] move: Rapid Spin|[of] p2a: Starmie
|move|p1a: Chansey|Soft-Boiled|p1a: Chansey
|-heal|p1a: Chansey|86/100
|
|-weather|SunnyDay|[upkeep]
|-damage|p2a: Starmie|9/100 tox|[from] psn
|upkeep
|turn|40
|
|t:|1733169231
|switch|p2a: Politoed|Politoed, F, shiny|39/100
|-weather|RainDance|[from] ability: Drizzle|[of] p2a: Politoed
|move|p1a: Chansey|Stealth Rock|p2a: Politoed
|-sidestart|p2: xpeps_10|move: Stealth Rock
|
|-weather|RainDance|[upkeep]
|upkeep
|turn|41
|inactive|Darkortex has 120 seconds left.
|
|t:|1733169282
|switch|p1a: Ninetales|Ninetales, M|63/100
|-weather|SunnyDay|[from] ability: Drought|[of] p1a: Ninetales
|move|p2a: Politoed|Thief|p1a: Ninetales
|-damage|p1a: Ninetales|56/100
|-enditem|p1a: Ninetales|Leftovers|[silent]|[from] move: Thief|[of] p2a: Politoed
|-item|p2a: Politoed|Leftovers|[from] move: Thief|[of] p1a: Ninetales
|
|-weather|SunnyDay|[upkeep]
|-heal|p2a: Politoed|45/100|[from] item: Leftovers
|upkeep
|turn|42
|
|t:|1733169291
|switch|p2a: Starmie|Starmie, shiny|9/100 tox
|-damage|p2a: Starmie|0 fnt|[from] Stealth Rock
|faint|p2a: Starmie
|move|p1a: Ninetales|Will-O-Wisp|p2: Starmie|[notarget]
|-fail|p1a: Ninetales
|
|-weather|SunnyDay|[upkeep]
|upkeep
|
|t:|1733169302
|switch|p2a: Politoed|Politoed, F, shiny|45/100
|-damage|p2a: Politoed|33/100|[from] Stealth Rock
|-weather|RainDance|[from] ability: Drizzle|[of] p2a: Politoed
|turn|43
|
|t:|1733169309
|switch|p1a: Chansey|Chansey, F|86/100
|switch|p2a: Keldeo|Keldeo|87/100
|-damage|p2a: Keldeo|81/100|[from] Stealth Rock
|
|-weather|RainDance|[upkeep]
|upkeep
|turn|44
|
|t:|1733169323
|switch|p1a: Xatu|Xatu, M|99/100
|move|p2a: Keldeo|Surf|p1a: Xatu
|-damage|p1a: Xatu|0 fnt
|faint|p1a: Xatu
|
|-weather|RainDance|[upkeep]
|upkeep
|
|t:|1733169327
|switch|p1a: Ninetales|Ninetales, M|56/100
|-weather|SunnyDay|[from] ability: Drought|[of] p1a: Ninetales
|turn|45
|
|t:|1733169333
|switch|p1a: Volcarona|Volcarona, F|100/100
|move|p2a: Keldeo|Surf|p1a: Volcarona
|-supereffective|p1a: Volcarona
|-damage|p1a: Volcarona|49/100
|
|-weather|SunnyDay|[upkeep]
|upkeep
|turn|46
|
|t:|1733169339
|switch|p1a: Chansey|Chansey, F|86/100
|move|p2a: Keldeo|Surf|p1a: Chansey
|-damage|p1a: Chansey|78/100
|
|-weather|SunnyDay|[upkeep]
|upkeep
|turn|47
|
|t:|1733169344
|switch|p2a: Politoed|Politoed, F, shiny|33/100
|-damage|p2a: Politoed|20/100|[from] Stealth Rock
|-weather|RainDance|[from] ability: Drizzle|[of] p2a: Politoed
|move|p1a: Chansey|Seismic Toss|p2a: Politoed
|-damage|p2a: Politoed|0 fnt
|faint|p2a: Politoed
|
|-weather|RainDance|[upkeep]
|upkeep
|
|t:|1733169353
|switch|p2a: Thundurus|Thundurus-Therian, M|76/100
|-damage|p2a: Thundurus|51/100|[from] Stealth Rock
|turn|48
|
|t:|1733169358
|move|p2a: Thundurus|Agility|p2a: Thundurus
|-boost|p2a: Thundurus|spe|2
|move|p1a: Chansey|Toxic|p2a: Thundurus
|-status|p2a: Thundurus|tox
|
|-weather|RainDance|[upkeep]
|-damage|p2a: Thundurus|44/100 tox|[from] psn
|upkeep
|turn|49
|
|t:|1733169361
|move|p2a: Thundurus|Thunder|p1a: Chansey
|-damage|p1a: Chansey|54/100
|move|p1a: Chansey|Soft-Boiled|p1a: Chansey
|-heal|p1a: Chansey|100/100
|
|-weather|RainDance|[upkeep]
|-damage|p2a: Thundurus|32/100 tox|[from] psn
|upkeep
|turn|50
|
|t:|1733169364
|switch|p2a: Keldeo|Keldeo|81/100
|-damage|p2a: Keldeo|75/100|[from] Stealth Rock
|move|p1a: Chansey|Soft-Boiled||[still]
|-fail|p1a: Chansey|heal
|
|-weather|RainDance|[upkeep]
|upkeep
|turn|51
|
|t:|1733169369
|switch|p1a: Ninetales|Ninetales, M|56/100
|-weather|SunnyDay|[from] ability: Drought|[of] p1a: Ninetales
|move|p2a: Keldeo|Secret Sword|p1a: Ninetales
|-crit|p1a: Ninetales
|-damage|p1a: Ninetales|0 fnt
|faint|p1a: Ninetales
|
|-weather|SunnyDay|[upkeep]
|upkeep
|
|t:|1733169374
|switch|p1a: Volcarona|Volcarona, F|49/100
|turn|52
|
|t:|1733169380
|move|p2a: Keldeo|Secret Sword|p1a: Volcarona
|-resisted|p1a: Volcarona
|-damage|p1a: Volcarona|17/100
|move|p1a: Volcarona|Quiver Dance|p1a: Volcarona
|-boost|p1a: Volcarona|spa|1
|-boost|p1a: Volcarona|spd|1
|-boost|p1a: Volcarona|spe|1
|
|-weather|SunnyDay|[upkeep]
|upkeep
|turn|53
|
|t:|1733169383
|move|p2a: Keldeo|Secret Sword|p1a: Volcarona
|-resisted|p1a: Volcarona
|-damage|p1a: Volcarona|0 fnt
|faint|p1a: Volcarona
|
|-weather|SunnyDay|[upkeep]
|upkeep
|
|t:|1733169387
|switch|p1a: Chansey|Chansey, F|100/100
|turn|54
|
|t:|1733169389
|move|p2a: Keldeo|Secret Sword|p1a: Chansey
|-supereffective|p1a: Chansey
|-damage|p1a: Chansey|47/100
|move|p1a: Chansey|Soft-Boiled|p1a: Chansey
|-heal|p1a: Chansey|97/100
|
|-weather|SunnyDay|[upkeep]
|upkeep
|turn|55
|
|t:|1733169397
|move|p2a: Keldeo|Secret Sword|p1a: Chansey
|-supereffective|p1a: Chansey
|-damage|p1a: Chansey|43/100
|move|p1a: Chansey|Soft-Boiled|p1a: Chansey
|-heal|p1a: Chansey|93/100
|
|-weather|SunnyDay|[upkeep]
|upkeep
|turn|56
|
|t:|1733169402
|switch|p2a: Thundurus|Thundurus-Therian, M|32/100 tox
|-damage|p2a: Thundurus|7/100 tox|[from] Stealth Rock
|move|p1a: Chansey|Soft-Boiled|p1a: Chansey
|-heal|p1a: Chansey|100/100
|
|-weather|SunnyDay|[upkeep]
|-damage|p2a: Thundurus|1/100 tox|[from] psn
|upkeep
|turn|57
|
|t:|1733169413
|move|p2a: Thundurus|Grass Knot|p1a: Chansey
|-damage|p1a: Chansey|92/100
|move|p1a: Chansey|Seismic Toss|p2a: Thundurus
|-damage|p2a: Thundurus|0 fnt
|faint|p2a: Thundurus
|
|-weather|SunnyDay|[upkeep]
|upkeep
|
|t:|1733169423
|switch|p2a: Keldeo|Keldeo|75/100
|-damage|p2a: Keldeo|69/100|[from] Stealth Rock
|turn|58
|
|t:|1733169429
|move|p2a: Keldeo|Secret Sword|p1a: Chansey
|-supereffective|p1a: Chansey
|-damage|p1a: Chansey|36/100
|move|p1a: Chansey|Soft-Boiled|p1a: Chansey
|-heal|p1a: Chansey|86/100
|
|-weather|SunnyDay|[upkeep]
|upkeep
|turn|59
|
|t:|1733169432
|move|p2a: Keldeo|Secret Sword|p1a: Chansey
|-supereffective|p1a: Chansey
|-damage|p1a: Chansey|25/100
|move|p1a: Chansey|Soft-Boiled|p1a: Chansey
|-heal|p1a: Chansey|75/100
|
|-weather|SunnyDay|[upkeep]
|upkeep
|turn|60
|
|t:|1733169440
|move|p2a: Keldeo|Secret Sword|p1a: Chansey
|-supereffective|p1a: Chansey
|-damage|p1a: Chansey|19/100
|move|p1a: Chansey|Soft-Boiled|p1a: Chansey
|-heal|p1a: Chansey|69/100
|
|-weather|SunnyDay|[upkeep]
|upkeep
|turn|61
|
|t:|1733169444
|move|p2a: Keldeo|Secret Sword|p1a: Chansey
|-supereffective|p1a: Chansey
|-damage|p1a: Chansey|11/100
|move|p1a: Chansey|Soft-Boiled|p1a: Chansey
|-heal|p1a: Chansey|61/100
|
|-weather|SunnyDay|[upkeep]
|upkeep
|turn|62
|
|t:|1733169446
|move|p2a: Keldeo|Secret Sword|p1a: Chansey
|-supereffective|p1a: Chansey
|-damage|p1a: Chansey|6/100
|move|p1a: Chansey|Soft-Boiled|p1a: Chansey
|-heal|p1a: Chansey|56/100
|
|-weather|SunnyDay|[upkeep]
|upkeep
|turn|63
|
|t:|1733169456
|move|p2a: Keldeo|Secret Sword|p1a: Chansey
|-supereffective|p1a: Chansey
|-damage|p1a: Chansey|1/100
|move|p1a: Chansey|Soft-Boiled|p1a: Chansey
|-heal|p1a: Chansey|51/100
|
|-weather|SunnyDay|[upkeep]
|upkeep
|turn|64
|
|t:|1733169465
|move|p2a: Keldeo|Secret Sword|p1a: Chansey
|-supereffective|p1a: Chansey
|-damage|p1a: Chansey|0 fnt
|faint|p1a: Chansey
|
|win|xpeps_10
|raw|Darkortex's rating: 1470 &rarr; <strong>1448</strong><br />(-22 for losing)
|raw|xpeps_10's rating: 1441 &rarr; <strong>1463</strong><br />(+22 for winning)
|l|☆Darkortex
|player|p1|
|c|☆xpeps_10|GG
