|j|☆amaniania
|j|☆ImaginewasTaken
|t:|1744860375
|gametype|singles
|player|p1|amaniania|169|1324
|player|p2|ImaginewasTaken|n|1472
|teamsize|p1|6
|teamsize|p2|6
|gen|5
|tier|[Gen 5] OU
|rated|
|rule|Species Clause: Limit one of each Pokémon
|rule|OHKO Clause: OHKO moves are banned
|rule|Moody Clause: Moody is banned
|rule|Evasion Items Clause: Evasion items are banned
|rule|Evasion Moves Clause: Evasion moves are banned
|rule|Endless Battle Clause: Forcing endless battles is banned
|rule|HP Percentage Mod: HP is shown in percentages
|rule|Evasion Abilities Clause: Evasion abilities are banned
|rule|Sleep Moves Clause: Sleep-inducing moves are banned
|rule|Swagger Clause: Swagger is banned
|rule|Baton Pass Stat Clause: No Baton Passer may have a way to boost its stats
|clearpoke
|poke|p1|Tyranitar, F|item
|poke|p1|Landorus-Therian, M|item
|poke|p1|Excadrill, M|item
|poke|p1|Garchomp, M|item
|poke|p1|Celebi|item
|poke|p1|Rotom-Wash|item
|poke|p2|Politoed, M|item
|poke|p2|Starmie|item
|poke|p2|Thundurus-Therian, M|item
|poke|p2|Keldeo|item
|poke|p2|Latios, M|item
|poke|p2|Ferrothorn, F|item
|teampreview
|inactive|Battle timer is ON: inactive players will automatically lose when time's up. (requested by ImaginewasTaken)
|inactive|amaniania has 120 seconds left.
|
|t:|1744860417
|start
|switch|p1a: style at the time|Celebi|100/100
|switch|p2a: The Toed|Politoed, M|100/100
|-weather|RainDance|[from] ability: Drizzle|[of] p2a: The Toed
|turn|1
|
|t:|1744860424
|move|p1a: style at the time|Stealth Rock|p2a: The Toed
|-sidestart|p2: ImaginewasTaken|move: Stealth Rock
|move|p2a: The Toed|Hidden Power|p1a: style at the time
|-supereffective|p1a: style at the time
|-damage|p1a: style at the time|29/100
|
|-weather|RainDance|[upkeep]
|-heal|p1a: style at the time|35/100|[from] item: Leftovers
|upkeep
|turn|2
|
|t:|1744860435
|move|p1a: style at the time|Baton Pass|p1a: style at the time
|
|t:|1744860437
|switch|p1a: mr sparkle|Rotom-Wash|100/100|[from] Baton Pass
|move|p2a: The Toed|Hidden Power|p1a: mr sparkle
|-damage|p1a: mr sparkle|69/100
|
|-weather|RainDance|[upkeep]
|-heal|p1a: mr sparkle|75/100|[from] item: Leftovers
|upkeep
|turn|3
|
|t:|1744860453
|switch|p2a: OHKO??? ZAMN!!!|Thundurus-Therian, M|100/100
|-damage|p2a: OHKO??? ZAMN!!!|76/100|[from] Stealth Rock
|move|p1a: mr sparkle|Hydro Pump|p2a: OHKO??? ZAMN!!!
|-damage|p2a: OHKO??? ZAMN!!!|0 fnt
|faint|p2a: OHKO??? ZAMN!!!
|
|-weather|RainDance|[upkeep]
|-heal|p1a: mr sparkle|81/100|[from] item: Leftovers
|upkeep
|
|t:|1744860467
|switch|p2a: Yeowch!!!|Ferrothorn, F|100/100
|-damage|p2a: Yeowch!!!|94/100|[from] Stealth Rock
|turn|4
|
|t:|1744860479
|move|p1a: mr sparkle|Will-O-Wisp|p2a: Yeowch!!!
|-status|p2a: Yeowch!!!|brn
|move|p2a: Yeowch!!!|Stealth Rock|p1a: mr sparkle
|-sidestart|p1: amaniania|move: Stealth Rock
|
|-weather|RainDance|[upkeep]
|-heal|p1a: mr sparkle|87/100|[from] item: Leftovers
|-heal|p2a: Yeowch!!!|100/100 brn|[from] item: Leftovers
|-damage|p2a: Yeowch!!!|88/100 brn|[from] brn
|upkeep
|turn|5
|
|t:|1744860488
|move|p1a: mr sparkle|Volt Switch|p2a: Yeowch!!!
|-resisted|p2a: Yeowch!!!
|-damage|p2a: Yeowch!!!|77/100 brn
|
|t:|1744860491
|switch|p1a: style at the time|Celebi|35/100|[from] Volt Switch
|-damage|p1a: style at the time|23/100|[from] Stealth Rock
|move|p2a: Yeowch!!!|Spikes|p1a: style at the time
|-sidestart|p1: amaniania|Spikes
|
|-weather|RainDance|[upkeep]
|-heal|p1a: style at the time|29/100|[from] item: Leftovers
|-heal|p2a: Yeowch!!!|83/100 brn|[from] item: Leftovers
|-damage|p2a: Yeowch!!!|71/100 brn|[from] brn
|upkeep
|turn|6
|
|t:|1744860495
|move|p1a: style at the time|Recover|p1a: style at the time
|-heal|p1a: style at the time|79/100
|move|p2a: Yeowch!!!|Gyro Ball|p1a: style at the time
|-damage|p1a: style at the time|58/100
|
|-weather|RainDance|[upkeep]
|-heal|p1a: style at the time|65/100|[from] item: Leftovers
|-heal|p2a: Yeowch!!!|77/100 brn|[from] item: Leftovers
|-damage|p2a: Yeowch!!!|64/100 brn|[from] brn
|upkeep
|turn|7
|
|t:|1744860503
|switch|p2a: Heavy-Hitter|Starmie|100/100
|-damage|p2a: Heavy-Hitter|88/100|[from] Stealth Rock
|move|p1a: style at the time|Recover|p1a: style at the time
|-heal|p1a: style at the time|100/100
|
|-weather|RainDance|[upkeep]
|upkeep
|turn|8
|
|t:|1744860512
|move|p2a: Heavy-Hitter|Surf|p1a: style at the time
|-resisted|p1a: style at the time
|-damage|p1a: style at the time|82/100
|move|p1a: style at the time|Baton Pass|p1a: style at the time
|
|t:|1744860518
|switch|p1a: mr sparkle|Rotom-Wash|87/100|[from] Baton Pass
|-damage|p1a: mr sparkle|75/100|[from] Stealth Rock
|
|-weather|RainDance|[upkeep]
|-heal|p1a: mr sparkle|81/100|[from] item: Leftovers
|upkeep
|turn|9
|
|t:|1744860528
|switch|p2a: Speedy-Boi|Latios, M|100/100
|-damage|p2a: Speedy-Boi|88/100|[from] Stealth Rock
|move|p1a: mr sparkle|Volt Switch|p2a: Speedy-Boi
|-resisted|p2a: Speedy-Boi
|-damage|p2a: Speedy-Boi|75/100
|
|t:|1744860536
|switch|p1a: Clown College|Tyranitar, F|100/100|[from] Volt Switch
|-damage|p1a: Clown College|88/100|[from] Stealth Rock
|-damage|p1a: Clown College|76/100|[from] Spikes
|-weather|Sandstorm|[from] ability: Sand Stream|[of] p1a: Clown College
|
|-weather|Sandstorm|[upkeep]
|-damage|p2a: Speedy-Boi|69/100|[from] Sandstorm
|upkeep
|turn|10
|
|t:|1744860541
|move|p2a: Speedy-Boi|Draco Meteor|p1a: Clown College
|-damage|p1a: Clown College|22/100
|-unboost|p2a: Speedy-Boi|spa|2
|move|p1a: Clown College|Pursuit|p2a: Speedy-Boi
|-supereffective|p2a: Speedy-Boi
|-damage|p2a: Speedy-Boi|16/100
|
|-weather|Sandstorm|[upkeep]
|-damage|p2a: Speedy-Boi|10/100|[from] Sandstorm
|upkeep
|turn|11
|
|t:|1744860552
|switch|p1a: Mr. Plow|Excadrill, M|100/100
|-damage|p1a: Mr. Plow|98/100|[from] Stealth Rock
|-damage|p1a: Mr. Plow|85/100|[from] Spikes
|move|p2a: Speedy-Boi|Draco Meteor|p1a: Mr. Plow
|-resisted|p1a: Mr. Plow
|-damage|p1a: Mr. Plow|56/100
|-unboost|p2a: Speedy-Boi|spa|2
|
|-weather|Sandstorm|[upkeep]
|-damage|p2a: Speedy-Boi|4/100|[from] Sandstorm
|-heal|p1a: Mr. Plow|62/100|[from] item: Leftovers
|upkeep
|turn|12
|
|t:|1744860556
|switch|p2a: Heavy-Hitter|Starmie|88/100
|-damage|p2a: Heavy-Hitter|76/100|[from] Stealth Rock
|move|p1a: Mr. Plow|Rapid Spin|p2a: Heavy-Hitter
|-damage|p2a: Heavy-Hitter|66/100
|-sideend|p1: amaniania|Spikes|[from] move: Rapid Spin|[of] p1a: Mr. Plow
|-sideend|p1: amaniania|Stealth Rock|[from] move: Rapid Spin|[of] p1a: Mr. Plow
|
|-weather|Sandstorm|[upkeep]
|-damage|p2a: Heavy-Hitter|60/100|[from] Sandstorm
|-heal|p1a: Mr. Plow|69/100|[from] item: Leftovers
|upkeep
|turn|13
|
|t:|1744860562
|switch|p1a: style at the time|Celebi|82/100
|move|p2a: Heavy-Hitter|Rapid Spin|p1a: style at the time
|-damage|p1a: style at the time|79/100
|-sideend|p2: ImaginewasTaken|Stealth Rock|[from] move: Rapid Spin|[of] p2a: Heavy-Hitter
|
|-weather|Sandstorm|[upkeep]
|-damage|p2a: Heavy-Hitter|54/100|[from] Sandstorm
|-damage|p1a: style at the time|73/100|[from] Sandstorm
|-heal|p1a: style at the time|79/100|[from] item: Leftovers
|upkeep
|turn|14
|
|t:|1744860566
|move|p2a: Heavy-Hitter|Signal Beam|p1a: style at the time
|-supereffective|p1a: style at the time
|-damage|p1a: style at the time|10/100
|move|p1a: style at the time|Stealth Rock|p2a: Heavy-Hitter
|-sidestart|p2: ImaginewasTaken|move: Stealth Rock
|
|-weather|Sandstorm|[upkeep]
|-damage|p2a: Heavy-Hitter|48/100|[from] Sandstorm
|-damage|p1a: style at the time|4/100|[from] Sandstorm
|-heal|p1a: style at the time|10/100|[from] item: Leftovers
|upkeep
|turn|15
|c|☆amaniania|ow
|
|t:|1744860575
|move|p2a: Heavy-Hitter|Surf|p1a: style at the time
|-resisted|p1a: style at the time
|-damage|p1a: style at the time|0 fnt
|faint|p1a: style at the time
|
|-weather|Sandstorm|[upkeep]
|-damage|p2a: Heavy-Hitter|42/100|[from] Sandstorm
|upkeep
|
|t:|1744860579
|switch|p1a: Frank Grimes|Garchomp, M|100/100
|turn|16
|
|t:|1744860583
|switch|p2a: Yeowch!!!|Ferrothorn, F|64/100 brn
|-damage|p2a: Yeowch!!!|58/100 brn|[from] Stealth Rock
|move|p1a: Frank Grimes|Dual Chop|p2a: Yeowch!!!
|-resisted|p2a: Yeowch!!!
|-crit|p2a: Yeowch!!!
|-damage|p2a: Yeowch!!!|47/100 brn
|-damage|p1a: Frank Grimes|88/100|[from] ability: Iron Barbs|[of] p2a: Yeowch!!!
|-resisted|p2a: Yeowch!!!
|-damage|p2a: Yeowch!!!|41/100 brn
|-damage|p1a: Frank Grimes|76/100|[from] ability: Iron Barbs|[of] p2a: Yeowch!!!
|-hitcount|p2a: Yeowch!!!|2
|
|-weather|Sandstorm|[upkeep]
|-heal|p2a: Yeowch!!!|47/100 brn|[from] item: Leftovers
|-damage|p2a: Yeowch!!!|35/100 brn|[from] brn
|upkeep
|turn|17
|
|t:|1744860595
|switch|p1a: Release the Hounds|Landorus-Therian, M|100/100
|-ability|p1a: Release the Hounds|Intimidate|boost
|-unboost|p2a: Yeowch!!!|atk|1
|move|p2a: Yeowch!!!|Leech Seed|p1a: Release the Hounds
|-start|p1a: Release the Hounds|move: Leech Seed
|
|-weather|Sandstorm|[upkeep]
|-heal|p2a: Yeowch!!!|41/100 brn|[from] item: Leftovers
|-damage|p1a: Release the Hounds|88/100|[from] Leech Seed|[of] p2a: Yeowch!!!
|-heal|p2a: Yeowch!!!|52/100 brn|[silent]
|-damage|p2a: Yeowch!!!|39/100 brn|[from] brn
|upkeep
|turn|18
|
|t:|1744860602
|switch|p1a: Mr. Plow|Excadrill, M|69/100
|move|p2a: Yeowch!!!|Stealth Rock|p1a: Mr. Plow
|-sidestart|p1: amaniania|move: Stealth Rock
|
|-weather|Sandstorm|[upkeep]
|-heal|p1a: Mr. Plow|75/100|[from] item: Leftovers
|-heal|p2a: Yeowch!!!|46/100 brn|[from] item: Leftovers
|-damage|p2a: Yeowch!!!|33/100 brn|[from] brn
|upkeep
|turn|19
|
|t:|1744860606
|move|p1a: Mr. Plow|Earthquake|p2a: Yeowch!!!
|-damage|p2a: Yeowch!!!|0 fnt
|faint|p2a: Yeowch!!!
|
|-weather|Sandstorm|[upkeep]
|-heal|p1a: Mr. Plow|81/100|[from] item: Leftovers
|upkeep
|
|t:|1744860613
|switch|p2a: The Toed|Politoed, M|100/100
|-damage|p2a: The Toed|88/100|[from] Stealth Rock
|-weather|RainDance|[from] ability: Drizzle|[of] p2a: The Toed
|turn|20
|
|t:|1744860623
|switch|p1a: Clown College|Tyranitar, F|22/100
|-damage|p1a: Clown College|10/100|[from] Stealth Rock
|-weather|Sandstorm|[from] ability: Sand Stream|[of] p1a: Clown College
|move|p2a: The Toed|Surf|p1a: Clown College
|-supereffective|p1a: Clown College
|-crit|p1a: Clown College
|-damage|p1a: Clown College|0 fnt
|faint|p1a: Clown College
|
|-weather|Sandstorm|[upkeep]
|-damage|p2a: The Toed|82/100|[from] Sandstorm
|upkeep
|
|t:|1744860630
|switch|p1a: mr sparkle|Rotom-Wash|81/100
|-damage|p1a: mr sparkle|69/100|[from] Stealth Rock
|turn|21
|
|t:|1744860635
|move|p2a: The Toed|Surf|p1a: mr sparkle
|-resisted|p1a: mr sparkle
|-damage|p1a: mr sparkle|36/100
|move|p1a: mr sparkle|Volt Switch|p2a: The Toed
|-supereffective|p2a: The Toed
|-damage|p2a: The Toed|26/100
|j| ddtdh
|
|t:|1744860642
|switch|p1a: Frank Grimes|Garchomp, M|76/100|[from] Volt Switch
|-damage|p1a: Frank Grimes|70/100|[from] Stealth Rock
|
|-weather|Sandstorm|[upkeep]
|-damage|p2a: The Toed|20/100|[from] Sandstorm
|upkeep
|turn|22
|inactive|ImaginewasTaken has 120 seconds left.
|inactive|ImaginewasTaken has 90 seconds left.
|
|t:|1744860707
|switch|p2a: Speedy-Boi|Latios, M|4/100
|-damage|p2a: Speedy-Boi|0 fnt|[from] Stealth Rock
|faint|p2a: Speedy-Boi
|move|p1a: Frank Grimes|Earthquake|p2: Speedy-Boi|[notarget]
|-fail|p1a: Frank Grimes
|
|-weather|Sandstorm|[upkeep]
|upkeep
|j| Bei_Cheng
|
|t:|1744860712
|switch|p2a: The Toed|Politoed, M|20/100
|-damage|p2a: The Toed|7/100|[from] Stealth Rock
|-weather|RainDance|[from] ability: Drizzle|[of] p2a: The Toed
|turn|23
|
|t:|1744860717
|move|p1a: Frank Grimes|Earthquake|p2a: The Toed
|-damage|p2a: The Toed|0 fnt
|faint|p2a: The Toed
|
|-weather|RainDance|[upkeep]
|upkeep
|
|t:|1744860725
|switch|p2a: lil guy V.2|Keldeo|100/100
|-damage|p2a: lil guy V.2|94/100|[from] Stealth Rock
|turn|24
|
|t:|1744860736
|move|p1a: Frank Grimes|Earthquake|p2a: lil guy V.2
|-damage|p2a: lil guy V.2|34/100
|move|p2a: lil guy V.2|Hidden Power|p1a: Frank Grimes
|-supereffective|p1a: Frank Grimes
|-damage|p1a: Frank Grimes|0 fnt
|faint|p1a: Frank Grimes
|
|-weather|RainDance|[upkeep]
|upkeep
|j| Willing Wisper
|
|t:|1744860741
|switch|p1a: mr sparkle|Rotom-Wash|36/100
|-damage|p1a: mr sparkle|24/100|[from] Stealth Rock
|turn|25
|
|t:|1744860758
|switch|p2a: Heavy-Hitter|Starmie|42/100
|-damage|p2a: Heavy-Hitter|30/100|[from] Stealth Rock
|move|p1a: mr sparkle|Volt Switch|p2a: Heavy-Hitter
|-supereffective|p2a: Heavy-Hitter
|-damage|p2a: Heavy-Hitter|0 fnt
|faint|p2a: Heavy-Hitter
|
|t:|1744860765
|switch|p1a: Mr. Plow|Excadrill, M|81/100|[from] Volt Switch
|-damage|p1a: Mr. Plow|78/100|[from] Stealth Rock
|
|-weather|RainDance|[upkeep]
|-heal|p1a: Mr. Plow|84/100|[from] item: Leftovers
|upkeep
|
|t:|1744860768
|switch|p2a: lil guy V.2|Keldeo|34/100
|-damage|p2a: lil guy V.2|27/100|[from] Stealth Rock
|turn|26
|inactive|ImaginewasTaken has 120 seconds left.
|
|t:|1744860778
|move|p2a: lil guy V.2|Surf|p1a: Mr. Plow
|-supereffective|p1a: Mr. Plow
|-damage|p1a: Mr. Plow|0 fnt
|faint|p1a: Mr. Plow
|
|-weather|RainDance|[upkeep]
|upkeep
|
|t:|1744860781
|switch|p1a: Release the Hounds|Landorus-Therian, M|88/100
|-damage|p1a: Release the Hounds|76/100|[from] Stealth Rock
|-ability|p1a: Release the Hounds|Intimidate|boost
|-unboost|p2a: lil guy V.2|atk|1
|turn|27
|
|t:|1744860784
|move|p2a: lil guy V.2|Surf|p1a: Release the Hounds
|-supereffective|p1a: Release the Hounds
|-damage|p1a: Release the Hounds|0 fnt
|faint|p1a: Release the Hounds
|
|-weather|RainDance|[upkeep]
|upkeep
|c|☆amaniania|gg
|
|t:|1744860788
|switch|p1a: mr sparkle|Rotom-Wash|24/100
|-damage|p1a: mr sparkle|11/100|[from] Stealth Rock
|turn|28
|
|t:|1744860790
|move|p2a: lil guy V.2|Surf|p1a: mr sparkle
|-resisted|p1a: mr sparkle
|-crit|p1a: mr sparkle
|-damage|p1a: mr sparkle|0 fnt
|faint|p1a: mr sparkle
|
|win|ImaginewasTaken
|raw|amaniania's rating: 1324 &rarr; <strong>1312</strong><br />(-12 for losing)
|raw|ImaginewasTaken's rating: 1472 &rarr; <strong>1484</strong><br />(+12 for winning)
|l|☆amaniania
|player|p1|
|l|☆ImaginewasTaken
|player|p2|
|l| Bei_Cheng
