|j|☆Rob000
|j|☆stonya
|t:|1710659072
|gametype|singles
|player|p1|Rob000|shadowtriad|1283
|player|p2|stonya|101|1550
|teamsize|p1|6
|teamsize|p2|6
|gen|5
|tier|[Gen 5] OU
|rated|
|rule|Species Clause: Limit one of each Pokémon
|rule|OHKO Clause: OHKO moves are banned
|rule|Moody Clause: Moody is banned
|rule|Evasion Items Clause: Evasion items are banned
|rule|Evasion Moves Clause: Evasion moves are banned
|rule|Endless Battle Clause: Forcing endless battles is banned
|rule|HP Percentage Mod: HP is shown in percentages
|rule|Evasion Abilities Clause: Evasion abilities are banned
|rule|Sleep Moves Clause: Sleep-inducing moves are banned
|rule|Swagger Clause: Swagger is banned
|rule|Baton Pass Stat Clause: No Baton Passer may have a way to boost its stats
|clearpoke
|poke|p1|Magnezone|item
|poke|p1|Hippowdon, M|item
|poke|p1|Latios, M|item
|poke|p1|Excadrill, M|item
|poke|p1|Reuniclus, F|item
|poke|p1|Skarmory, M|item
|poke|p2|Tyranitar, M|item
|poke|p2|Magnezone|item
|poke|p2|Terrakion|item
|poke|p2|Latios, M|item
|poke|p2|Scizor, F|item
|poke|p2|Landorus-Therian, M|item
|teampreview
|inactive|Battle timer is ON: inactive players will automatically lose when time's up. (requested by Rob000)
|
|t:|1710659097
|start
|switch|p1a: Skarmory|Skarmory, M|100/100
|switch|p2a: Pat Riely|Tyranitar, M|100/100
|-weather|Sandstorm|[from] ability: Sand Stream|[of] p2a: Pat Riely
|turn|1
|
|t:|1710659105
|move|p1a: Skarmory|Spikes|p2a: Pat Riely
|-sidestart|p2: stonya|Spikes
|move|p2a: Pat Riely|Stealth Rock|p1a: Skarmory
|-sidestart|p1: Rob000|move: Stealth Rock
|
|-weather|Sandstorm|[upkeep]
|upkeep
|turn|2
|
|t:|1710659110
|switch|p2a: Ray Allen|Magnezone|100/100
|-damage|p2a: Ray Allen|88/100|[from] Spikes
|move|p1a: Skarmory|Spikes|p2a: Ray Allen
|-sidestart|p2: stonya|Spikes
|
|-weather|Sandstorm|[upkeep]
|-heal|p2a: Ray Allen|94/100|[from] item: Leftovers
|upkeep
|turn|3
|
|t:|1710659123
|move|p2a: Ray Allen|Hidden Power|p1a: Skarmory
|-supereffective|p1a: Skarmory
|-crit|p1a: Skarmory
|-damage|p1a: Skarmory|13/100
|move|p1a: Skarmory|Spikes|p2a: Ray Allen
|-sidestart|p2: stonya|Spikes
|
|-weather|Sandstorm|[upkeep]
|-heal|p2a: Ray Allen|99/100|[from] item: Leftovers
|upkeep
|turn|4
|
|t:|1710659133
|move|p2a: Ray Allen|Substitute|p2a: Ray Allen
|-start|p2a: Ray Allen|Substitute
|-damage|p2a: Ray Allen|75/100
|move|p1a: Skarmory|Whirlwind|p2a: Ray Allen
|drag|p2a: D.Wade|Terrakion|100/100
|-damage|p2a: D.Wade|76/100|[from] Spikes
|
|-weather|Sandstorm|[upkeep]
|upkeep
|turn|5
|
|t:|1710659152
|switch|p1a: Reuniclus|Reuniclus, F, shiny|100/100
|move|p2a: D.Wade|Close Combat|p1a: Reuniclus
|-resisted|p1a: Reuniclus
|-damage|p1a: Reuniclus|80/100
|-unboost|p2a: D.Wade|def|1
|-unboost|p2a: D.Wade|spd|1
|
|-weather|Sandstorm|[upkeep]
|-heal|p1a: Reuniclus|86/100|[from] item: Leftovers
|upkeep
|turn|6
|
|t:|1710659162
|switch|p2a: Miller|Scizor, F, shiny|100/100
|-damage|p2a: Miller|76/100|[from] Spikes
|switch|p1a: Hippowdon|Hippowdon, M|100/100
|-damage|p1a: Hippowdon|94/100|[from] Stealth Rock
|
|-weather|Sandstorm|[upkeep]
|-heal|p1a: Hippowdon|100/100|[from] item: Leftovers
|upkeep
|turn|7
|
|t:|1710659175
|move|p2a: Miller|U-turn|p1a: Hippowdon
|-damage|p1a: Hippowdon|59/100
|
|t:|1710659178
|switch|p2a: Bosh|Latios, M, shiny|100/100|[from] U-turn
|move|p1a: Hippowdon|Roar|p2a: Bosh
|drag|p2a: Miller|Scizor, F, shiny|76/100
|-damage|p2a: Miller|51/100|[from] Spikes
|
|-weather|Sandstorm|[upkeep]
|-heal|p1a: Hippowdon|65/100|[from] item: Leftovers
|upkeep
|turn|8
|
|t:|1710659194
|switch|p1a: Skarmory|Skarmory, M|13/100
|-damage|p1a: Skarmory|1/100|[from] Stealth Rock
|move|p2a: Miller|U-turn|p1a: Skarmory
|-resisted|p1a: Skarmory
|-damage|p1a: Skarmory|0 fnt
|-damage|p2a: Miller|34/100|[from] item: Rocky Helmet|[of] p1a: Skarmory
|faint|p1a: Skarmory
|
|t:|1710659201
|switch|p2a: Pat Riely|Tyranitar, M|100/100|[from] U-turn
|-damage|p2a: Pat Riely|76/100|[from] Spikes
|
|-weather|Sandstorm|[upkeep]
|-heal|p2a: Pat Riely|82/100|[from] item: Leftovers
|upkeep
|
|t:|1710659215
|switch|p1a: Hippowdon|Hippowdon, M|65/100
|-damage|p1a: Hippowdon|59/100|[from] Stealth Rock
|turn|9
|
|t:|1710659230
|move|p2a: Pat Riely|Ice Beam|p1a: Hippowdon
|-supereffective|p1a: Hippowdon
|-damage|p1a: Hippowdon|27/100
|move|p1a: Hippowdon|Stealth Rock|p2a: Pat Riely
|-sidestart|p2: stonya|move: Stealth Rock
|
|-weather|Sandstorm|[upkeep]
|-heal|p2a: Pat Riely|88/100|[from] item: Leftovers
|-heal|p1a: Hippowdon|33/100|[from] item: Leftovers
|upkeep
|turn|10
|
|t:|1710659239
|move|p2a: Pat Riely|Ice Beam|p1a: Hippowdon
|-supereffective|p1a: Hippowdon
|-damage|p1a: Hippowdon|1/100
|move|p1a: Hippowdon|Slack Off|p1a: Hippowdon
|-heal|p1a: Hippowdon|51/100
|
|-weather|Sandstorm|[upkeep]
|-heal|p2a: Pat Riely|94/100|[from] item: Leftovers
|-heal|p1a: Hippowdon|57/100|[from] item: Leftovers
|upkeep
|turn|11
|
|t:|1710659248
|switch|p2a: Bosh|Latios, M, shiny|100/100
|-damage|p2a: Bosh|88/100|[from] Stealth Rock
|move|p1a: Hippowdon|Slack Off|p1a: Hippowdon
|-heal|p1a: Hippowdon|100/100
|
|-weather|Sandstorm|[upkeep]
|-damage|p2a: Bosh|82/100|[from] Sandstorm
|upkeep
|turn|12
|
|t:|1710659264
|switch|p1a: Magnezone|Magnezone|100/100
|-damage|p1a: Magnezone|94/100|[from] Stealth Rock
|-item|p1a: Magnezone|Air Balloon
|move|p2a: Bosh|Surf|p1a: Magnezone
|-damage|p1a: Magnezone|52/100
|-enditem|p1a: Magnezone|Air Balloon
|
|-weather|Sandstorm|[upkeep]
|-damage|p2a: Bosh|76/100|[from] Sandstorm
|upkeep
|turn|13
|
|t:|1710659293
|switch|p2a: Bron Bron|Landorus-Therian, M|100/100
|-damage|p2a: Bron Bron|88/100|[from] Stealth Rock
|-ability|p2a: Bron Bron|Intimidate|boost
|-unboost|p1a: Magnezone|atk|1
|move|p1a: Magnezone|Thunder Wave|p2a: Bron Bron
|-immune|p2a: Bron Bron
|
|-weather|Sandstorm|[upkeep]
|upkeep
|turn|14
|
|t:|1710659313
|switch|p1a: Hippowdon|Hippowdon, M|100/100
|-damage|p1a: Hippowdon|94/100|[from] Stealth Rock
|move|p2a: Bron Bron|U-turn|p1a: Hippowdon
|-damage|p1a: Hippowdon|73/100
|
|t:|1710659316
|switch|p2a: Bosh|Latios, M, shiny|76/100|[from] U-turn
|-damage|p2a: Bosh|64/100|[from] Stealth Rock
|
|-weather|Sandstorm|[upkeep]
|-damage|p2a: Bosh|58/100|[from] Sandstorm
|-heal|p1a: Hippowdon|80/100|[from] item: Leftovers
|upkeep
|turn|15
|
|t:|1710659327
|move|p2a: Bosh|Surf|p1a: Hippowdon
|-supereffective|p1a: Hippowdon
|-damage|p1a: Hippowdon|23/100
|move|p1a: Hippowdon|Slack Off|p1a: Hippowdon
|-heal|p1a: Hippowdon|73/100
|
|-weather|Sandstorm|[upkeep]
|-damage|p2a: Bosh|52/100|[from] Sandstorm
|-heal|p1a: Hippowdon|79/100|[from] item: Leftovers
|upkeep
|turn|16
|
|t:|1710659336
|move|p2a: Bosh|Surf|p1a: Hippowdon
|-supereffective|p1a: Hippowdon
|-damage|p1a: Hippowdon|22/100
|move|p1a: Hippowdon|Slack Off|p1a: Hippowdon
|-heal|p1a: Hippowdon|72/100
|
|-weather|Sandstorm|[upkeep]
|-damage|p2a: Bosh|46/100|[from] Sandstorm
|-heal|p1a: Hippowdon|79/100|[from] item: Leftovers
|upkeep
|turn|17
|
|t:|1710659347
|move|p2a: Bosh|Surf|p1a: Hippowdon
|-supereffective|p1a: Hippowdon
|-damage|p1a: Hippowdon|26/100
|move|p1a: Hippowdon|Slack Off|p1a: Hippowdon
|-heal|p1a: Hippowdon|76/100
|
|-weather|Sandstorm|[upkeep]
|-damage|p2a: Bosh|40/100|[from] Sandstorm
|-heal|p1a: Hippowdon|82/100|[from] item: Leftovers
|upkeep
|turn|18
|
|t:|1710659356
|switch|p2a: Bron Bron|Landorus-Therian, M|88/100
|-damage|p2a: Bron Bron|76/100|[from] Stealth Rock
|-ability|p2a: Bron Bron|Intimidate|boost
|-unboost|p1a: Hippowdon|atk|1
|move|p1a: Hippowdon|Slack Off|p1a: Hippowdon
|-heal|p1a: Hippowdon|100/100
|
|-weather|Sandstorm|[upkeep]
|upkeep
|turn|19
|
|t:|1710659366
|move|p2a: Bron Bron|Hidden Power|p1a: Hippowdon
|-supereffective|p1a: Hippowdon
|-damage|p1a: Hippowdon|72/100
|move|p1a: Hippowdon|Roar|p2a: Bron Bron
|drag|p2a: D.Wade|Terrakion|76/100
|-damage|p2a: D.Wade|51/100|[from] Spikes
|-damage|p2a: D.Wade|45/100|[from] Stealth Rock
|
|-weather|Sandstorm|[upkeep]
|-heal|p1a: Hippowdon|78/100|[from] item: Leftovers
|upkeep
|turn|20
|
|t:|1710659382
|move|p2a: D.Wade|Close Combat|p1a: Hippowdon
|-damage|p1a: Hippowdon|33/100
|-unboost|p2a: D.Wade|def|1
|-unboost|p2a: D.Wade|spd|1
|move|p1a: Hippowdon|Earthquake|p2a: D.Wade
|-supereffective|p2a: D.Wade
|-damage|p2a: D.Wade|0 fnt
|faint|p2a: D.Wade
|
|-weather|Sandstorm|[upkeep]
|-heal|p1a: Hippowdon|39/100|[from] item: Leftovers
|upkeep
|
|t:|1710659386
|switch|p2a: Bosh|Latios, M, shiny|40/100
|-damage|p2a: Bosh|28/100|[from] Stealth Rock
|turn|21
|
|t:|1710659395
|switch|p1a: Magnezone|Magnezone|52/100
|-damage|p1a: Magnezone|46/100|[from] Stealth Rock
|move|p2a: Bosh|Draco Meteor|p1a: Magnezone
|-resisted|p1a: Magnezone
|-damage|p1a: Magnezone|0 fnt
|-unboost|p2a: Bosh|spa|2
|faint|p1a: Magnezone
|
|-weather|Sandstorm|[upkeep]
|-damage|p2a: Bosh|22/100|[from] Sandstorm
|upkeep
|
|t:|1710659409
|switch|p1a: Excadrill|Excadrill, M|100/100
|-damage|p1a: Excadrill|97/100|[from] Stealth Rock
|turn|22
|
|t:|1710659417
|switch|p1a: Hippowdon|Hippowdon, M|39/100
|-damage|p1a: Hippowdon|33/100|[from] Stealth Rock
|move|p2a: Bosh|Surf|p1a: Hippowdon
|-supereffective|p1a: Hippowdon
|-damage|p1a: Hippowdon|3/100
|
|-weather|Sandstorm|[upkeep]
|-damage|p2a: Bosh|16/100|[from] Sandstorm
|-heal|p1a: Hippowdon|9/100|[from] item: Leftovers
|upkeep
|turn|23
|
|t:|1710659430
|switch|p1a: Reuniclus|Reuniclus, F, shiny|86/100
|move|p2a: Bosh|Surf|p1a: Reuniclus
|-damage|p1a: Reuniclus|71/100
|
|-weather|Sandstorm|[upkeep]
|-damage|p2a: Bosh|10/100|[from] Sandstorm
|-heal|p1a: Reuniclus|77/100|[from] item: Leftovers
|upkeep
|turn|24
|
|t:|1710659444
|move|p2a: Bosh|Draco Meteor|p1a: Reuniclus
|-damage|p1a: Reuniclus|45/100
|-unboost|p2a: Bosh|spa|2
|move|p1a: Reuniclus|Calm Mind|p1a: Reuniclus
|-boost|p1a: Reuniclus|spa|1
|-boost|p1a: Reuniclus|spd|1
|
|-weather|Sandstorm|[upkeep]
|-damage|p2a: Bosh|4/100|[from] Sandstorm
|-heal|p1a: Reuniclus|51/100|[from] item: Leftovers
|upkeep
|turn|25
|
|t:|1710659454
|move|p2a: Bosh|Draco Meteor|p1a: Reuniclus
|-damage|p1a: Reuniclus|35/100
|-unboost|p2a: Bosh|spa|2
|move|p1a: Reuniclus|Recover|p1a: Reuniclus
|-heal|p1a: Reuniclus|85/100
|
|-weather|Sandstorm|[upkeep]
|-damage|p2a: Bosh|0 fnt|[from] Sandstorm
|faint|p2a: Bosh
|-heal|p1a: Reuniclus|91/100|[from] item: Leftovers
|upkeep
|
|t:|1710659456
|switch|p2a: Miller|Scizor, F, shiny|34/100
|-damage|p2a: Miller|10/100|[from] Spikes
|-damage|p2a: Miller|0 fnt|[from] Stealth Rock
|faint|p2a: Miller
|
|t:|1710659460
|switch|p2a: Bron Bron|Landorus-Therian, M|76/100
|-damage|p2a: Bron Bron|64/100|[from] Stealth Rock
|-ability|p2a: Bron Bron|Intimidate|boost
|-unboost|p1a: Reuniclus|atk|1
|turn|26
|
|t:|1710659487
|move|p2a: Bron Bron|U-turn|p1a: Reuniclus
|-supereffective|p1a: Reuniclus
|-damage|p1a: Reuniclus|46/100
|
|t:|1710659490
|switch|p2a: Ray Allen|Magnezone|75/100|[from] U-turn
|-damage|p2a: Ray Allen|51/100|[from] Spikes
|-damage|p2a: Ray Allen|45/100|[from] Stealth Rock
|move|p1a: Reuniclus|Recover|p1a: Reuniclus
|-heal|p1a: Reuniclus|96/100
|
|-weather|Sandstorm|[upkeep]
|-heal|p2a: Ray Allen|51/100|[from] item: Leftovers
|-heal|p1a: Reuniclus|100/100|[from] item: Leftovers
|upkeep
|turn|27
|-message|stonya forfeited.
|
|win|Rob000
|raw|Rob000's rating: 1283 &rarr; <strong>1324</strong><br />(+41 for winning)
|raw|stonya's rating: 1550 &rarr; <strong>1517</strong><br />(-33 for losing)
|l|☆stonya
|player|p2|
