|j|☆Sharpfang505
|j|☆radaty
|t:|1735487467
|gametype|singles
|player|p1|Sharpfang505|plasmagruntf|1348
|player|p2|radaty|169|1430
|teamsize|p1|6
|teamsize|p2|6
|gen|5
|tier|[Gen 5] OU
|rated|
|rule|Species Clause: Limit one of each Pokémon
|rule|OHKO Clause: OHKO moves are banned
|rule|Moody Clause: Moody is banned
|rule|Evasion Items Clause: Evasion items are banned
|rule|Evasion Moves Clause: Evasion moves are banned
|rule|Endless Battle Clause: Forcing endless battles is banned
|rule|HP Percentage Mod: HP is shown in percentages
|rule|Evasion Abilities Clause: Evasion abilities are banned
|rule|Sleep Moves Clause: Sleep-inducing moves are banned
|rule|Swagger Clause: Swagger is banned
|rule|Baton Pass Stat Clause: No Baton Passer may have a way to boost its stats
|clearpoke
|poke|p1|Ninetales, M|item
|poke|p1|Victini|item
|poke|p1|Darmanitan, M|item
|poke|p1|Kyurem-Black|item
|poke|p1|Forretress, F|item
|poke|p1|Clefable, F|item
|poke|p2|Chansey, F|item
|poke|p2|Xatu, F|item
|poke|p2|Sableye, M|item
|poke|p2|Quagsire, M|item
|poke|p2|Tentacruel, M|item
|poke|p2|Jirachi|item
|teampreview
|inactive|Battle timer is ON: inactive players will automatically lose when time's up. (requested by radaty)
|
|t:|1735487481
|start
|switch|p1a: Glass Joe|Ninetales, M|100/100
|switch|p2a: Chansey|Chansey, F|100/100
|-weather|SunnyDay|[from] ability: Drought|[of] p1a: Glass Joe
|turn|1
|
|t:|1735487498
|switch|p1a: Regret|Darmanitan, M|100/100
|move|p2a: Chansey|Stealth Rock|p1a: Regret
|-sidestart|p1: Sharpfang505|move: Stealth Rock
|
|-weather|SunnyDay|[upkeep]
|upkeep
|turn|2
|
|t:|1735487503
|move|p1a: Regret|Flare Blitz|p2a: Chansey
|-damage|p2a: Chansey|0 fnt
|faint|p2a: Chansey
|-damage|p1a: Regret|40/100|[from] Recoil
|
|-weather|SunnyDay|[upkeep]
|upkeep
|
|t:|1735487506
|switch|p2a: Quagsire|Quagsire, M|100/100
|turn|3
|
|t:|1735487509
|move|p1a: Regret|U-turn|p2a: Quagsire
|-damage|p2a: Quagsire|79/100
|-damage|p1a: Regret|30/100|[from] item: Life Orb
|
|t:|1735487518
|switch|p1a: Clownpiece|Clefable, F|100/100|[from] U-turn
|move|p2a: Quagsire|Earthquake|p1a: Clownpiece
|-damage|p1a: Clownpiece|68/100
|
|-weather|SunnyDay|[upkeep]
|-heal|p1a: Clownpiece|74/100|[from] item: Leftovers
|-heal|p2a: Quagsire|85/100|[from] item: Leftovers
|upkeep
|turn|4
|
|t:|1735487522
|switch|p2a: Jirachi|Jirachi|100/100
|move|p1a: Clownpiece|Knock Off|p2a: Jirachi
|-damage|p2a: Jirachi|98/100
|-enditem|p2a: Jirachi|Leftovers|[from] move: Knock Off|[of] p1a: Clownpiece
|
|-weather|SunnyDay|[upkeep]
|-heal|p1a: Clownpiece|80/100|[from] item: Leftovers
|upkeep
|turn|5
|
|t:|1735487535
|switch|p1a: Life Support|Forretress, F|100/100
|-damage|p1a: Life Support|88/100|[from] Stealth Rock
|move|p2a: Jirachi|Wish|p2a: Jirachi
|
|-weather|SunnyDay|[upkeep]
|-heal|p1a: Life Support|94/100|[from] item: Leftovers
|upkeep
|turn|6
|
|t:|1735487543
|move|p2a: Jirachi|Fire Punch|p1a: Life Support
|-supereffective|p1a: Life Support
|-damage|p1a: Life Support|30/100
|move|p1a: Life Support|Stealth Rock|p2a: Jirachi
|-sidestart|p2: radaty|move: Stealth Rock
|
|-weather|SunnyDay|[upkeep]
|-heal|p2a: Jirachi|100/100|[from] move: Wish|[wisher] Jirachi
|-heal|p1a: Life Support|36/100|[from] item: Leftovers
|upkeep
|turn|7
|c|☆Sharpfang505|that damage is surreal
|inactive|Sharpfang505 has 120 seconds left.
|
|t:|1735487574
|switch|p1a: Glass Joe|Ninetales, M|100/100
|-damage|p1a: Glass Joe|76/100|[from] Stealth Rock
|move|p2a: Jirachi|Wish|p2a: Jirachi
|
|-weather|SunnyDay|[upkeep]
|-heal|p1a: Glass Joe|82/100|[from] item: Leftovers
|upkeep
|turn|8
|inactive|Sharpfang505 has 120 seconds left.
|
|t:|1735487584
|switch|p2a: Tentacruel|Tentacruel, M|100/100
|-damage|p2a: Tentacruel|88/100|[from] Stealth Rock
|move|p1a: Glass Joe|Will-O-Wisp|p2a: Tentacruel
|-status|p2a: Tentacruel|brn
|
|-weather|SunnyDay|[upkeep]
|-heal|p2a: Tentacruel|100/100 brn|[from] move: Wish|[wisher] Jirachi
|-heal|p1a: Glass Joe|88/100|[from] item: Leftovers
|-damage|p2a: Tentacruel|88/100 brn|[from] brn
|upkeep
|turn|9
|inactive|Sharpfang505 has 120 seconds left.
|
|t:|1735487599
|move|p1a: Glass Joe|Flamethrower|p2a: Tentacruel
|-resisted|p2a: Tentacruel
|-damage|p2a: Tentacruel|71/100 brn
|move|p2a: Tentacruel|Rapid Spin|p1a: Glass Joe
|-damage|p1a: Glass Joe|86/100
|-sideend|p2: radaty|Stealth Rock|[from] move: Rapid Spin|[of] p2a: Tentacruel
|
|-weather|SunnyDay|[upkeep]
|-heal|p1a: Glass Joe|92/100|[from] item: Leftovers
|-heal|p2a: Tentacruel|77/100 brn|[from] item: Black Sludge
|-damage|p2a: Tentacruel|65/100 brn|[from] brn
|upkeep
|turn|10
|
|t:|1735487606
|move|p1a: Glass Joe|Flamethrower|p2a: Tentacruel
|-resisted|p2a: Tentacruel
|-damage|p2a: Tentacruel|47/100 brn
|move|p2a: Tentacruel|Scald|p1a: Glass Joe
|-supereffective|p1a: Glass Joe
|-damage|p1a: Glass Joe|69/100
|
|-weather|SunnyDay|[upkeep]
|-heal|p1a: Glass Joe|75/100|[from] item: Leftovers
|-heal|p2a: Tentacruel|53/100 brn|[from] item: Black Sludge
|-damage|p2a: Tentacruel|41/100 brn|[from] brn
|upkeep
|turn|11
|
|t:|1735487615
|move|p1a: Glass Joe|Flamethrower|p2a: Tentacruel
|-resisted|p2a: Tentacruel
|-damage|p2a: Tentacruel|23/100 brn
|move|p2a: Tentacruel|Scald|p1a: Glass Joe
|-supereffective|p1a: Glass Joe
|-damage|p1a: Glass Joe|50/100
|
|-weather|SunnyDay|[upkeep]
|-heal|p1a: Glass Joe|56/100|[from] item: Leftovers
|-heal|p2a: Tentacruel|29/100 brn|[from] item: Black Sludge
|-damage|p2a: Tentacruel|17/100 brn|[from] brn
|upkeep
|turn|12
|-message|radaty forfeited.
|
|win|Sharpfang505
|raw|Sharpfang505's rating: 1348 &rarr; <strong>1373</strong><br />(+25 for winning)
|raw|radaty's rating: 1430 &rarr; <strong>1405</strong><br />(-25 for losing)
|l|☆radaty
|player|p2|
