|j|☆Shiny lugia x
|j|☆cklp6251
|player|p1|Shiny lugia x|teamrocket|1322
|player|p2|cklp6251|242|1280
|teamsize|p1|6
|teamsize|p2|6
|gametype|singles
|gen|5
|tier|[Gen 5] OU
|rated|
|rule|Sleep Clause Mod: Limit one foe put to sleep
|rule|Species Clause: Limit one of each Pokémon
|rule|OHKO Clause: OHKO moves are banned
|rule|Moody Clause: Moody is banned
|rule|Evasion Moves Clause: Evasion moves are banned
|rule|Endless Battle Clause: Forcing endless battles is banned
|rule|HP Percentage Mod: HP is shown in percentages
|rule|Evasion Abilities Clause: Evasion abilities are banned
|rule|Baton Pass Clause: Limit one Baton Passer, can't pass Spe and other stats simultaneously
|rule|Swagger Clause: Swagger is banned
|clearpoke
|poke|p1|Politoed, F|item
|poke|p1|Ferrothorn, F|item
|poke|p1|Scizor, F|item
|poke|p1|Starmie|item
|poke|p1|Tornadus, M|item
|poke|p1|Azumarill, F|item
|poke|p2|Landorus-Therian, M|item
|poke|p2|Rotom-Wash|item
|poke|p2|Gengar, F|item
|poke|p2|Milotic, F|item
|poke|p2|Heatran, F|item
|poke|p2|Venusaur, M|item
|teampreview
|inactive|Battle timer is ON: inactive players will automatically lose when time's up. (requested by Shiny lugia x)
|
|start
|switch|p1a: Insurrection|Politoed, F|100/100
|switch|p2a: Venusaur|Venusaur, M|100/100
|-weather|RainDance|[from] ability: Drizzle|[of] p1a: Insurrection
|turn|1
|
|switch|p1a: The Undertow|Ferrothorn, F|100/100
|move|p2a: Venusaur|Sleep Powder|p1a: The Undertow
|-status|p1a: The Undertow|slp|[from] move: Sleep Powder
|
|-weather|RainDance|[upkeep]
|upkeep
|turn|2
|
|switch|p1a: Visitation|Tornadus, M|100/100
|move|p2a: Venusaur|Hidden Power|p1a: Visitation
|-damage|p1a: Visitation|89/100
|
|-weather|RainDance|[upkeep]
|upkeep
|turn|3
|
|switch|p2a: Rotom|Rotom-Wash|100/100
|move|p1a: Visitation|Hurricane|p2a: Rotom
|-resisted|p2a: Rotom
|-damage|p2a: Rotom|64/100
|-start|p2a: Rotom|confusion
|
|-weather|RainDance|[upkeep]
|-heal|p2a: Rotom|71/100|[from] item: Leftovers
|upkeep
|turn|4
|
|move|p1a: Visitation|Hurricane|p2a: Rotom
|-resisted|p2a: Rotom
|-damage|p2a: Rotom|38/100
|-activate|p2a: Rotom|confusion
|-damage|p2a: Rotom|33/100|[from] confusion
|
|-weather|RainDance|[upkeep]
|-heal|p2a: Rotom|39/100|[from] item: Leftovers
|upkeep
|turn|5
|
|switch|p2a: Heatran|Heatran, F|100/100
|-item|p2a: Heatran|Air Balloon
|move|p1a: Visitation|Hurricane|p2a: Heatran
|-resisted|p2a: Heatran
|-damage|p2a: Heatran|55/100
|-enditem|p2a: Heatran|Air Balloon
|-start|p2a: Heatran|confusion
|
|-weather|RainDance|[upkeep]
|upkeep
|turn|6
|
|move|p1a: Visitation|Hurricane|p2a: Heatran
|-resisted|p2a: Heatran
|-damage|p2a: Heatran|9/100
|-activate|p2a: Heatran|confusion
|move|p2a: Heatran|Hidden Power|p1a: Visitation
|-supereffective|p1a: Visitation
|-damage|p1a: Visitation|23/100
|
|-weather|RainDance|[upkeep]
|upkeep
|turn|7
|
|move|p1a: Visitation|Hurricane|p2a: Heatran
|-resisted|p2a: Heatran
|-damage|p2a: Heatran|0 fnt
|faint|p2a: Heatran
|
|-weather|RainDance|[upkeep]
|upkeep
|
|switch|p2a: Rotom|Rotom-Wash|39/100
|turn|8
|
|switch|p1a: Cheated|Scizor, F|100/100
|move|p2a: Rotom|Volt Switch|p1a: Cheated
|-damage|p1a: Cheated|66/100
|
|switch|p2a: Milotic|Milotic, F|100/100|[from]move: Volt Switch
|
|-weather|RainDance|[upkeep]
|-status|p2a: Milotic|brn|[from] item: Flame Orb
|upkeep
|turn|9
|
|move|p1a: Cheated|U-turn|p2a: Milotic
|-damage|p2a: Milotic|81/100 brn
|
|switch|p1a: Guilty|Starmie|100/100|[from]move: U-turn
|move|p2a: Milotic|Scald|p1a: Guilty
|-resisted|p1a: Guilty
|-damage|p1a: Guilty|68/100
|
|-weather|RainDance|[upkeep]
|-damage|p2a: Milotic|69/100 brn|[from] brn
|upkeep
|turn|10
|
|move|p1a: Guilty|Thunder|p2a: Milotic
|-supereffective|p2a: Milotic
|-damage|p2a: Milotic|14/100 brn
|-damage|p1a: Guilty|58/100|[from] item: Life Orb
|move|p2a: Milotic|Scald|p1a: Guilty
|-resisted|p1a: Guilty
|-damage|p1a: Guilty|30/100
|
|-weather|RainDance|[upkeep]
|-damage|p2a: Milotic|2/100 brn|[from] brn
|upkeep
|turn|11
|
|switch|p2a: Landorus|Landorus-Therian, M|100/100
|-ability|p2a: Landorus|Intimidate|boost
|-unboost|p1a: Guilty|atk|1
|move|p1a: Guilty|Thunder|p2a: Landorus
|-immune|p2a: Landorus
|
|-weather|RainDance|[upkeep]
|upkeep
|turn|12
|
|move|p2a: Landorus|U-turn|p1a: Guilty
|-supereffective|p1a: Guilty
|-damage|p1a: Guilty|0 fnt
|faint|p1a: Guilty
|
|switch|p2a: Rotom|Rotom-Wash|39/100|[from]move: U-turn
|
|-weather|RainDance|[upkeep]
|-heal|p2a: Rotom|45/100|[from] item: Leftovers
|upkeep
|
|switch|p1a: Insurrection|Politoed, F|100/100
|turn|13
|
|move|p2a: Rotom|Volt Switch|p1a: Insurrection
|-supereffective|p1a: Insurrection
|-damage|p1a: Insurrection|48/100
|
|switch|p2a: Venusaur|Venusaur, M|100/100|[from]move: Volt Switch
|move|p1a: Insurrection|Hidden Power|p2a: Venusaur
|-resisted|p2a: Venusaur
|-damage|p2a: Venusaur|97/100
|
|-weather|RainDance|[upkeep]
|-heal|p2a: Venusaur|100/100|[from] item: Black Sludge
|-heal|p1a: Insurrection|54/100|[from] item: Leftovers
|upkeep
|turn|14
|
|switch|p1a: Cheated|Scizor, F|66/100
|move|p2a: Venusaur|Leech Seed|p1a: Cheated
|-start|p1a: Cheated|move: Leech Seed
|
|-weather|RainDance|[upkeep]
|-damage|p1a: Cheated|53/100|[from] Leech Seed|[of] p2a: Venusaur
|upkeep
|turn|15
|
|switch|p2a: Landorus|Landorus-Therian, M|100/100
|-ability|p2a: Landorus|Intimidate|boost
|-unboost|p1a: Cheated|atk|1
|move|p1a: Cheated|U-turn|p2a: Landorus
|-resisted|p2a: Landorus
|-damage|p2a: Landorus|87/100
|
|switch|p1a: King Me|Azumarill, F|100/100|[from]move: U-turn
|
|-weather|RainDance|[upkeep]
|upkeep
|turn|16
|
|switch|p2a: Venusaur|Venusaur, M|100/100
|move|p1a: King Me|Waterfall|p2a: Venusaur
|-resisted|p2a: Venusaur
|-damage|p2a: Venusaur|42/100
|
|-weather|RainDance|[upkeep]
|-heal|p2a: Venusaur|48/100|[from] item: Black Sludge
|upkeep
|turn|17
|
|move|p2a: Venusaur|Leech Seed|p1a: King Me
|-start|p1a: King Me|move: Leech Seed
|move|p1a: King Me|Waterfall|p2a: Venusaur
|-resisted|p2a: Venusaur
|-damage|p2a: Venusaur|0 fnt
|faint|p2a: Venusaur
|
|-weather|RainDance|[upkeep]
|upkeep
|
|switch|p2a: Gengar|Gengar, F|100/100
|turn|18
|
|switch|p1a: Insurrection|Politoed, F|54/100
|move|p2a: Gengar|Disable||[still]
|-fail|p2a: Gengar
|
|-weather|RainDance|[upkeep]
|-heal|p1a: Insurrection|60/100|[from] item: Leftovers
|upkeep
|turn|19
|
|move|p2a: Gengar|Shadow Ball|p1a: Insurrection
|-damage|p1a: Insurrection|20/100
|move|p1a: Insurrection|Scald|p2a: Gengar
|-damage|p2a: Gengar|17/100
|-status|p2a: Gengar|brn
|
|-weather|RainDance|[upkeep]
|-heal|p2a: Gengar|23/100 brn|[from] item: Leftovers
|-heal|p1a: Insurrection|26/100|[from] item: Leftovers
|-damage|p2a: Gengar|10/100 brn|[from] brn
|upkeep
|turn|20
|
|move|p2a: Gengar|Shadow Ball|p1a: Insurrection
|-damage|p1a: Insurrection|0 fnt
|faint|p1a: Insurrection
|
|-weather|RainDance|[upkeep]
|-heal|p2a: Gengar|17/100 brn|[from] item: Leftovers
|-damage|p2a: Gengar|4/100 brn|[from] brn
|upkeep
|
|switch|p1a: Cheated|Scizor, F|53/100
|turn|21
|
|switch|p2a: Landorus|Landorus-Therian, M|87/100
|-ability|p2a: Landorus|Intimidate|boost
|-unboost|p1a: Cheated|atk|1
|move|p1a: Cheated|U-turn|p2a: Landorus
|-resisted|p2a: Landorus
|-damage|p2a: Landorus|73/100
|
|switch|p1a: King Me|Azumarill, F|100/100|[from]move: U-turn
|
|-weather|RainDance|[upkeep]
|upkeep
|turn|22
|
|move|p2a: Landorus|Earthquake|p1a: King Me
|-damage|p1a: King Me|48/100
|move|p1a: King Me|Waterfall|p2a: Landorus
|-supereffective|p2a: Landorus
|-damage|p2a: Landorus|0 fnt
|faint|p2a: Landorus
|
|-weather|RainDance|[upkeep]
|upkeep
|
|switch|p2a: Gengar|Gengar, F|4/100 brn
|turn|23
|
|switch|p1a: The Undertow|Ferrothorn, F|100/100 slp
|move|p2a: Gengar|Shadow Ball|p1a: The Undertow
|-resisted|p1a: The Undertow
|-damage|p1a: The Undertow|87/100 slp
|
|-weather|RainDance|[upkeep]
|-heal|p2a: Gengar|10/100 brn|[from] item: Leftovers
|-heal|p1a: The Undertow|93/100 slp|[from] item: Leftovers
|-damage|p2a: Gengar|0 fnt|[from] brn
|faint|p2a: Gengar
|upkeep
|
|switch|p2a: Milotic|Milotic, F|2/100 brn
|turn|24
|
|switch|p1a: Cheated|Scizor, F|53/100
|move|p2a: Milotic|Recover|p2a: Milotic
|-heal|p2a: Milotic|52/100 brn
|
|-weather|RainDance|[upkeep]
|-damage|p2a: Milotic|39/100 brn|[from] brn
|upkeep
|turn|25
|
|move|p1a: Cheated|U-turn|p2a: Milotic
|-damage|p2a: Milotic|19/100 brn
|
|switch|p1a: King Me|Azumarill, F|48/100|[from]move: U-turn
|move|p2a: Milotic|Recover|p2a: Milotic
|-heal|p2a: Milotic|69/100 brn
|
|-weather|RainDance|[upkeep]
|-damage|p2a: Milotic|56/100 brn|[from] brn
|upkeep
|turn|26
|
|move|p2a: Milotic|Recover|p2a: Milotic
|-heal|p2a: Milotic|100/100 brn
|move|p1a: King Me|Waterfall|p2a: Milotic
|-resisted|p2a: Milotic
|-damage|p2a: Milotic|72/100 brn
|
|-weather|RainDance|[upkeep]
|-damage|p2a: Milotic|59/100 brn|[from] brn
|upkeep
|turn|27
|
|move|p2a: Milotic|Toxic|p1a: King Me
|-status|p1a: King Me|tox
|move|p1a: King Me|Waterfall|p2a: Milotic
|-resisted|p2a: Milotic
|-damage|p2a: Milotic|30/100 brn
|
|-weather|RainDance|[upkeep]
|-damage|p2a: Milotic|18/100 brn|[from] brn
|-damage|p1a: King Me|41/100 tox|[from] psn
|upkeep
|turn|28
|
|switch|p1a: Visitation|Tornadus, M|23/100
|move|p2a: Milotic|Recover|p2a: Milotic
|-heal|p2a: Milotic|68/100 brn
|
|-weather|RainDance|[upkeep]
|-damage|p2a: Milotic|55/100 brn|[from] brn
|upkeep
|turn|29
|
|move|p1a: Visitation|Hurricane|p2a: Milotic
|-damage|p2a: Milotic|0 fnt
|faint|p2a: Milotic
|
|-weather|RainDance|[upkeep]
|upkeep
|
|switch|p2a: Rotom|Rotom-Wash|45/100
|turn|30
|
|move|p1a: Visitation|Hurricane|p2a: Rotom
|-resisted|p2a: Rotom
|-damage|p2a: Rotom|8/100
|move|p2a: Rotom|Volt Switch|p1a: Visitation
|-supereffective|p1a: Visitation
|-damage|p1a: Visitation|0 fnt
|faint|p1a: Visitation
|
|-weather|RainDance|[upkeep]
|-heal|p2a: Rotom|15/100|[from] item: Leftovers
|upkeep
|
|switch|p1a: Cheated|Scizor, F|53/100
|turn|31
|
|move|p1a: Cheated|Bullet Punch|p2a: Rotom
|-resisted|p2a: Rotom
|-damage|p2a: Rotom|7/100
|move|p2a: Rotom|Hydro Pump|p1a: Cheated
|-damage|p1a: Cheated|0 fnt
|faint|p1a: Cheated
|
|-weather|RainDance|[upkeep]
|-heal|p2a: Rotom|13/100|[from] item: Leftovers
|upkeep
|
|switch|p1a: The Undertow|Ferrothorn, F|93/100 slp
|turn|32
|
|move|p2a: Rotom|Pain Split|p1a: The Undertow
|-sethp|p1a: The Undertow|52/100 slp|[from] move: Pain Split|[silent]
|-sethp|p2a: Rotom|59/100|[from] move: Pain Split
|cant|p1a: The Undertow|slp
|
|-weather|RainDance|[upkeep]
|-heal|p2a: Rotom|65/100|[from] item: Leftovers
|-heal|p1a: The Undertow|58/100 slp|[from] item: Leftovers
|upkeep
|turn|33
|
|move|p2a: Rotom|Hydro Pump|p1a: The Undertow|[miss]
|-miss|p2a: Rotom|p1a: The Undertow
|cant|p1a: The Undertow|slp
|
|-weather|RainDance|[upkeep]
|-heal|p2a: Rotom|72/100|[from] item: Leftovers
|-heal|p1a: The Undertow|64/100 slp|[from] item: Leftovers
|upkeep
|turn|34
|
|move|p2a: Rotom|Hydro Pump|p1a: The Undertow
|-resisted|p1a: The Undertow
|-damage|p1a: The Undertow|43/100 slp
|cant|p1a: The Undertow|slp
|
|-weather|RainDance|[upkeep]
|-heal|p2a: Rotom|78/100|[from] item: Leftovers
|-heal|p1a: The Undertow|49/100 slp|[from] item: Leftovers
|upkeep
|turn|35
|
|move|p2a: Rotom|Hydro Pump|p1a: The Undertow
|-resisted|p1a: The Undertow
|-damage|p1a: The Undertow|26/100 slp
|-curestatus|p1a: The Undertow|slp|[msg]
|move|p1a: The Undertow|Power Whip|p2a: Rotom|[miss]
|-miss|p1a: The Undertow|p2a: Rotom
|
|-weather|RainDance|[upkeep]
|-heal|p2a: Rotom|84/100|[from] item: Leftovers
|-heal|p1a: The Undertow|32/100|[from] item: Leftovers
|upkeep
|turn|36
|
|move|p2a: Rotom|Will-O-Wisp|p1a: The Undertow
|-status|p1a: The Undertow|brn
|move|p1a: The Undertow|Power Whip|p2a: Rotom|[miss]
|-miss|p1a: The Undertow|p2a: Rotom
|
|-weather|RainDance|[upkeep]
|-heal|p2a: Rotom|90/100|[from] item: Leftovers
|-heal|p1a: The Undertow|38/100 brn|[from] item: Leftovers
|-damage|p1a: The Undertow|26/100 brn|[from] brn
|upkeep
|turn|37
|
|move|p2a: Rotom|Hydro Pump|p1a: The Undertow
|-resisted|p1a: The Undertow
|-damage|p1a: The Undertow|3/100 brn
|move|p1a: The Undertow|Power Whip|p2a: Rotom
|-supereffective|p2a: Rotom
|-damage|p2a: Rotom|48/100
|
|-weather|RainDance|[upkeep]
|-heal|p2a: Rotom|54/100|[from] item: Leftovers
|-heal|p1a: The Undertow|9/100 brn|[from] item: Leftovers
|-damage|p1a: The Undertow|0 fnt|[from] brn
|faint|p1a: The Undertow
|upkeep
|
|switch|p1a: King Me|Azumarill, F|41/100 tox
|turn|38
|
|move|p2a: Rotom|Volt Switch|p1a: King Me
|-supereffective|p1a: King Me
|-damage|p1a: King Me|0 fnt
|faint|p1a: King Me
|
|win|cklp6251
|c|☆cklp6251|Gg
|raw|Shiny lugia x's rating: 1323 &rarr; <strong>1300</strong><br />(-23 for losing)
|raw|cklp6251's rating: 1280 &rarr; <strong>1308</strong><br />(+28 for winning)
