|j|☆LadderGod1
|j|☆Gen5OU.AntiMeta
|t:|1733049888
|gametype|singles
|player|p1|LadderGod1|170|1329
|player|p2|Gen5OU.AntiMeta|cyrus|1333
|teamsize|p1|6
|teamsize|p2|6
|gen|5
|tier|[Gen 5] OU
|rated|
|rule|Species Clause: Limit one of each Pokémon
|rule|OHKO Clause: OHKO moves are banned
|rule|Moody Clause: Moody is banned
|rule|Evasion Items Clause: Evasion items are banned
|rule|Evasion Moves Clause: Evasion moves are banned
|rule|Endless Battle Clause: Forcing endless battles is banned
|rule|HP Percentage Mod: HP is shown in percentages
|rule|Evasion Abilities Clause: Evasion abilities are banned
|rule|Sleep Moves Clause: Sleep-inducing moves are banned
|rule|Swagger Clause: Swagger is banned
|rule|Baton Pass Stat Clause: No Baton Passer may have a way to boost its stats
|clearpoke
|poke|p1|Ferrothorn, M|item
|poke|p1|Politoed, M|item
|poke|p1|Heatran, F|item
|poke|p1|Salamence, M|item
|poke|p1|Gliscor, M|item
|poke|p1|Hydreigon, M|item
|poke|p2|Blissey, F|item
|poke|p2|Skarmory, M|item
|poke|p2|Hitmontop, M|item
|poke|p2|Ambipom, M|item
|poke|p2|Garchomp, M|item
|poke|p2|Jirachi|item
|teampreview
|inactive|Battle timer is ON: inactive players will automatically lose when time's up. (requested by Gen5OU.AntiMeta)
|inactive|Gen5OU.AntiMeta has 120 seconds left.
|
|t:|1733049929
|start
|switch|p1a: Heatran|Heatran, F|100/100
|switch|p2a: alpha|Blissey, F, shiny|100/100
|-item|p1a: Heatran|Air Balloon
|turn|1
|
|t:|1733049951
|move|p1a: Heatran|Magma Storm|p2a: alpha
|-damage|p2a: alpha|74/100
|-activate|p2a: alpha|move: Magma Storm|[of] p1a: Heatran
|move|p2a: alpha|Thunder Wave|p1a: Heatran
|-status|p1a: Heatran|par
|
|-heal|p2a: alpha|80/100|[from] item: Leftovers
|-damage|p2a: alpha|74/100|[from] move: Magma Storm|[partiallytrapped]
|upkeep
|turn|2
|
|t:|1733049965
|switch|p1a: Ferrothorn|Ferrothorn, M|100/100
|move|p2a: alpha|Stealth Rock|p1a: Ferrothorn
|-sidestart|p1: LadderGod1|move: Stealth Rock
|
|-heal|p2a: alpha|80/100|[from] item: Leftovers
|upkeep
|turn|3
|inactive|Gen5OU.AntiMeta has 120 seconds left.
|j| BRUL3D
|
|t:|1733050006
|move|p2a: alpha|Thunder Wave|p1a: Ferrothorn
|-status|p1a: Ferrothorn|par
|move|p1a: Ferrothorn|Stealth Rock|p2a: alpha
|-sidestart|p2: Gen5OU.AntiMeta|move: Stealth Rock
|
|-heal|p2a: alpha|87/100|[from] item: Leftovers
|upkeep
|turn|4
|inactive|LadderGod1 has 120 seconds left.
|
|t:|1733050044
|switch|p2a: the equaliser|Hitmontop, M, shiny|100/100
|-damage|p2a: the equaliser|94/100|[from] Stealth Rock
|-ability|p2a: the equaliser|Intimidate|boost
|-unboost|p1a: Ferrothorn|atk|1
|move|p1a: Ferrothorn|Leech Seed|p2a: the equaliser
|-start|p2a: the equaliser|move: Leech Seed
|
|-damage|p2a: the equaliser|82/100|[from] Leech Seed|[of] p1a: Ferrothorn
|upkeep
|turn|5
|
|t:|1733050053
|move|p2a: the equaliser|Rapid Spin|p1a: Ferrothorn
|-resisted|p1a: Ferrothorn
|-damage|p1a: Ferrothorn|99/100 par
|-damage|p2a: the equaliser|69/100|[from] ability: Iron Barbs|[of] p1a: Ferrothorn
|-end|p2a: the equaliser|Leech Seed|[from] move: Rapid Spin|[of] p2a: the equaliser
|-sideend|p2: Gen5OU.AntiMeta|Stealth Rock|[from] move: Rapid Spin|[of] p2a: the equaliser
|move|p1a: Ferrothorn|Stealth Rock|p2a: the equaliser
|-sidestart|p2: Gen5OU.AntiMeta|move: Stealth Rock
|
|-heal|p1a: Ferrothorn|100/100 par|[from] item: Leftovers
|upkeep
|turn|6
|inactive|LadderGod1 has 120 seconds left.
|inactive|Gen5OU.AntiMeta has 120 seconds left.
|inactive|Gen5OU.AntiMeta has 90 seconds left.
|
|t:|1733050115
|move|p2a: the equaliser|High Jump Kick|p1a: Ferrothorn
|-supereffective|p1a: Ferrothorn
|-damage|p1a: Ferrothorn|51/100 par
|-damage|p2a: the equaliser|57/100|[from] ability: Iron Barbs|[of] p1a: Ferrothorn
|move|p1a: Ferrothorn|Gyro Ball|p2a: the equaliser
|-damage|p2a: the equaliser|30/100
|-enditem|p2a: the equaliser|Sitrus Berry|[eat]
|-heal|p2a: the equaliser|55/100|[from] item: Sitrus Berry
|
|-heal|p1a: Ferrothorn|57/100 par|[from] item: Leftovers
|upkeep
|turn|7
|inactive|LadderGod1 has 120 seconds left.
|
|t:|1733050131
|switch|p1a: Gliscor|Gliscor, M|100/100
|-damage|p1a: Gliscor|88/100|[from] Stealth Rock
|move|p2a: the equaliser|High Jump Kick|p1a: Gliscor|[miss]
|-miss|p2a: the equaliser|p1a: Gliscor
|-damage|p2a: the equaliser|5/100|[from] highjumpkick
|
|-status|p1a: Gliscor|tox|[from] item: Toxic Orb
|upkeep
|turn|8
|inactive|Gen5OU.AntiMeta has 90 seconds left.
|inactive|Gen5OU.AntiMeta has 60 seconds left.
|inactive|Gen5OU.AntiMeta has 30 seconds left.
|inactive|Gen5OU.AntiMeta has 20 seconds left.
|inactive|Gen5OU.AntiMeta has 15 seconds left.
|inactive|Gen5OU.AntiMeta has 10 seconds left.
|inactive|Gen5OU.AntiMeta has 5 seconds left.
|-message|Gen5OU.AntiMeta lost due to inactivity.
|
|win|LadderGod1
|raw|LadderGod1's rating: 1329 &rarr; <strong>1351</strong><br />(+22 for winning)
|raw|Gen5OU.AntiMeta's rating: 1358 &rarr; <strong>1336</strong><br />(-22 for losing)
