|j|☆Xyzzy 1
|j|‽Blossummm
|t:|1743269820
|gametype|singles
|player|p1|Xyzzy 1|skier|1363
|player|p2|Blossummm|jasmine-gen2|1374
|teamsize|p1|6
|teamsize|p2|6
|gen|5
|tier|[Gen 5] OU
|rated|
|rule|Species Clause: Limit one of each Pokémon
|rule|OHKO Clause: OHKO moves are banned
|rule|Moody Clause: Moody is banned
|rule|Evasion Items Clause: Evasion items are banned
|rule|Evasion Moves Clause: Evasion moves are banned
|rule|Endless Battle Clause: Forcing endless battles is banned
|rule|HP Percentage Mod: HP is shown in percentages
|rule|Evasion Abilities Clause: Evasion abilities are banned
|rule|Sleep Moves Clause: Sleep-inducing moves are banned
|rule|Swagger Clause: Swagger is banned
|rule|Baton Pass Stat Clause: No Baton Passer may have a way to boost its stats
|clearpoke
|poke|p1|Hippowdon, F|item
|poke|p1|Reuniclus, F|item
|poke|p1|Ferrothorn, F|item
|poke|p1|Excadrill, M|item
|poke|p1|Magnezone|item
|poke|p1|Latios, M|item
|poke|p2|Skarmory, F|item
|poke|p2|Jellicent, M|item
|poke|p2|Scizor, M|item
|poke|p2|Garchomp, F|item
|poke|p2|Latios, M|item
|poke|p2|Jirachi|item
|teampreview
|inactive|Battle timer is ON: inactive players will automatically lose when time's up. (requested by Xyzzy 1)
|
|t:|1743269831
|start
|switch|p1a: Hippo|Hippowdon, F|100/100
|switch|p2a: Skarmory|Skarmory, F|100/100
|-weather|Sandstorm|[from] ability: Sand Stream|[of] p1a: Hippo
|turn|1
|inactive|Xyzzy 1 has 120 seconds left.
|
|t:|1743269865
|switch|p1a: Magnezone|Magnezone, shiny|100/100
|move|p2a: Skarmory|Taunt|p1a: Magnezone
|-start|p1a: Magnezone|move: Taunt
|
|-weather|Sandstorm|[upkeep]
|upkeep
|turn|2
|
|t:|1743269872
|move|p1a: Magnezone|Thunderbolt|p2a: Skarmory
|-supereffective|p2a: Skarmory
|-ability|p2a: Skarmory|Sturdy
|-damage|p2a: Skarmory|1/100
|-status|p2a: Skarmory|par
|move|p2a: Skarmory|Stealth Rock|p1a: Magnezone
|-sidestart|p1: Xyzzy 1|move: Stealth Rock
|
|-weather|Sandstorm|[upkeep]
|upkeep
|turn|3
|-enditem|p2a: Skarmory|Custap Berry|[eat]
|-activate|p2a: Skarmory|item: Custap Berry|[consumed]
|
|t:|1743269878
|cant|p2a: Skarmory|par
|move|p1a: Magnezone|Thunderbolt|p2a: Skarmory
|-supereffective|p2a: Skarmory
|-damage|p2a: Skarmory|0 fnt
|faint|p2a: Skarmory
|
|-weather|Sandstorm|[upkeep]
|-end|p1a: Magnezone|move: Taunt
|upkeep
|
|t:|1743269897
|switch|p2a: Garchomp|Garchomp, F|100/100
|turn|4
|
|t:|1743269903
|switch|p1a: Hippo|Hippowdon, F|100/100
|-damage|p1a: Hippo|94/100|[from] Stealth Rock
|move|p2a: Garchomp|Earthquake|p1a: Hippo
|-damage|p1a: Hippo|56/100
|
|-weather|Sandstorm|[upkeep]
|-heal|p1a: Hippo|63/100|[from] item: Leftovers
|upkeep
|turn|5
|
|t:|1743269909
|switch|p2a: Jellicent|Jellicent, M|100/100
|move|p1a: Hippo|Slack Off|p1a: Hippo
|-heal|p1a: Hippo|100/100
|
|-weather|Sandstorm|[upkeep]
|-damage|p2a: Jellicent|94/100|[from] Sandstorm
|upkeep
|turn|6
|
|t:|1743269917
|switch|p1a: Reuniclus|Reuniclus, F, shiny|100/100
|move|p2a: Jellicent|Taunt|p1a: Reuniclus
|-start|p1a: Reuniclus|move: Taunt
|
|-weather|Sandstorm|[upkeep]
|-damage|p2a: Jellicent|88/100|[from] Sandstorm
|upkeep
|turn|7
|
|t:|1743269921
|switch|p1a: Magnezone|Magnezone, shiny|100/100
|-damage|p1a: Magnezone|94/100|[from] Stealth Rock
|move|p2a: Jellicent|Shadow Ball|p1a: Magnezone
|-resisted|p1a: Magnezone
|-damage|p1a: Magnezone|78/100
|
|-weather|Sandstorm|[upkeep]
|-damage|p2a: Jellicent|82/100|[from] Sandstorm
|upkeep
|turn|8
|inactive|Blossummm has 120 seconds left.
|
|t:|1743269964
|switch|p1a: Ferrothorn|Ferrothorn, F|100/100
|-damage|p1a: Ferrothorn|94/100|[from] Stealth Rock
|move|p2a: Jellicent|Recover|p2a: Jellicent
|-heal|p2a: Jellicent|100/100
|
|-weather|Sandstorm|[upkeep]
|-damage|p2a: Jellicent|94/100|[from] Sandstorm
|-heal|p1a: Ferrothorn|100/100|[from] item: Leftovers
|upkeep
|turn|9
|
|t:|1743269978
|switch|p1a: Reuniclus|Reuniclus, F, shiny|100/100
|move|p2a: Jellicent|Will-O-Wisp|p1a: Reuniclus|[miss]
|-miss|p2a: Jellicent|p1a: Reuniclus
|
|-weather|Sandstorm|[upkeep]
|-damage|p2a: Jellicent|88/100|[from] Sandstorm
|upkeep
|turn|10
|
|t:|1743269988
|switch|p1a: Magnezone|Magnezone, shiny|78/100
|-damage|p1a: Magnezone|72/100|[from] Stealth Rock
|move|p2a: Jellicent|Taunt|p1a: Magnezone
|-start|p1a: Magnezone|move: Taunt
|
|-weather|Sandstorm|[upkeep]
|-damage|p2a: Jellicent|82/100|[from] Sandstorm
|upkeep
|turn|11
|
|t:|1743269994
|switch|p2a: Garchomp|Garchomp, F|100/100
|move|p1a: Magnezone|Thunderbolt|p2a: Garchomp
|-immune|p2a: Garchomp
|
|-weather|Sandstorm|[upkeep]
|upkeep
|turn|12
|
|t:|1743270002
|switch|p1a: Hippo|Hippowdon, F|100/100
|-damage|p1a: Hippo|94/100|[from] Stealth Rock
|move|p2a: Garchomp|Earthquake|p1a: Hippo
|-damage|p1a: Hippo|56/100
|
|-weather|Sandstorm|[upkeep]
|-heal|p1a: Hippo|63/100|[from] item: Leftovers
|upkeep
|turn|13
|
|t:|1743270014
|move|p2a: Garchomp|Earthquake|p1a: Hippo
|-damage|p1a: Hippo|27/100
|move|p1a: Hippo|Stealth Rock|p2a: Garchomp
|-sidestart|p2: Blossummm|move: Stealth Rock
|
|-weather|Sandstorm|[upkeep]
|-heal|p1a: Hippo|33/100|[from] item: Leftovers
|upkeep
|turn|14
|j| Andresitoft
|l| Andresitoft
|
|t:|1743270032
|switch|p2a: Jirachi|Jirachi|100/100
|-damage|p2a: Jirachi|94/100|[from] Stealth Rock
|switch|p1a: Ferrothorn|Ferrothorn, F|100/100
|-damage|p1a: Ferrothorn|94/100|[from] Stealth Rock
|
|-weather|Sandstorm|[upkeep]
|-heal|p1a: Ferrothorn|100/100|[from] item: Leftovers
|upkeep
|turn|15
|
|t:|1743270041
|move|p1a: Ferrothorn|Protect|p1a: Ferrothorn
|-singleturn|p1a: Ferrothorn|Protect
|move|p2a: Jirachi|Fire Punch|p1a: Ferrothorn
|-activate|p1a: Ferrothorn|move: Protect
|
|-weather|Sandstorm|[upkeep]
|upkeep
|turn|16
|
|t:|1743270056
|switch|p1a: Hippo|Hippowdon, F|33/100
|-damage|p1a: Hippo|27/100|[from] Stealth Rock
|move|p2a: Jirachi|Fire Punch|p1a: Hippo
|-crit|p1a: Hippo
|-damage|p1a: Hippo|0 fnt
|faint|p1a: Hippo
|
|-weather|Sandstorm|[upkeep]
|upkeep
|
|t:|1743270059
|switch|p1a: Magnezone|Magnezone, shiny|72/100
|-damage|p1a: Magnezone|66/100|[from] Stealth Rock
|turn|17
|
|t:|1743270067
|move|p1a: Magnezone|Thunderbolt|p2a: Jirachi
|-damage|p2a: Jirachi|47/100
|move|p2a: Jirachi|Fire Punch|p1a: Magnezone
|-supereffective|p1a: Magnezone
|-damage|p1a: Magnezone|16/100
|
|-weather|Sandstorm|[upkeep]
|upkeep
|turn|18
|
|t:|1743270080
|move|p1a: Magnezone|Thunderbolt|p2a: Jirachi
|-damage|p2a: Jirachi|0 fnt
|faint|p2a: Jirachi
|
|-weather|Sandstorm|[upkeep]
|upkeep
|
|t:|1743270094
|switch|p2a: Latios|Latios, M|100/100
|-damage|p2a: Latios|88/100|[from] Stealth Rock
|turn|19
|
|t:|1743270105
|move|p1a: Magnezone|Thunderbolt|p2a: Latios
|-resisted|p2a: Latios
|-damage|p2a: Latios|58/100
|move|p2a: Latios|Hidden Power|p1a: Magnezone
|-supereffective|p1a: Magnezone
|-damage|p1a: Magnezone|0 fnt
|faint|p1a: Magnezone
|-damage|p2a: Latios|48/100|[from] item: Life Orb
|
|-weather|Sandstorm|[upkeep]
|-damage|p2a: Latios|42/100|[from] Sandstorm
|upkeep
|
|t:|1743270116
|switch|p1a: Latios|Latios, M|100/100
|-damage|p1a: Latios|88/100|[from] Stealth Rock
|turn|20
|
|t:|1743270126
|switch|p1a: Ferrothorn|Ferrothorn, F|100/100
|-damage|p1a: Ferrothorn|94/100|[from] Stealth Rock
|move|p2a: Latios|Draco Meteor|p1a: Ferrothorn
|-resisted|p1a: Ferrothorn
|-damage|p1a: Ferrothorn|57/100
|-unboost|p2a: Latios|spa|2
|-damage|p2a: Latios|32/100|[from] item: Life Orb
|
|-weather|Sandstorm|[upkeep]
|-damage|p2a: Latios|26/100|[from] Sandstorm
|-heal|p1a: Ferrothorn|63/100|[from] item: Leftovers
|upkeep
|turn|21
|
|t:|1743270132
|switch|p1a: Latios|Latios, M|88/100
|-damage|p1a: Latios|76/100|[from] Stealth Rock
|move|p2a: Latios|Hidden Power|p1a: Latios
|-resisted|p1a: Latios
|-damage|p1a: Latios|67/100
|-damage|p2a: Latios|16/100|[from] item: Life Orb
|
|-weather|Sandstorm|[upkeep]
|-damage|p1a: Latios|61/100|[from] Sandstorm
|-damage|p2a: Latios|10/100|[from] Sandstorm
|upkeep
|turn|22
|
|t:|1743270138
|move|p1a: Latios|Surf|p2a: Latios
|-resisted|p2a: Latios
|-damage|p2a: Latios|0 fnt
|faint|p2a: Latios
|
|-weather|Sandstorm|[upkeep]
|-damage|p1a: Latios|55/100|[from] Sandstorm
|upkeep
|
|t:|1743270147
|switch|p2a: Jellicent|Jellicent, M|82/100
|-damage|p2a: Jellicent|70/100|[from] Stealth Rock
|turn|23
|
|t:|1743270152
|switch|p2a: Scizor|Scizor, M|100/100
|-damage|p2a: Scizor|88/100|[from] Stealth Rock
|move|p1a: Latios|Draco Meteor|p2a: Scizor
|-resisted|p2a: Scizor
|-damage|p2a: Scizor|39/100
|-unboost|p1a: Latios|spa|2
|
|-weather|Sandstorm|[upkeep]
|-damage|p1a: Latios|50/100|[from] Sandstorm
|upkeep
|turn|24
|
|t:|1743270163
|move|p1a: Latios|Thunder Wave|p2a: Scizor
|-status|p2a: Scizor|par
|move|p2a: Scizor|Superpower|p1a: Latios
|-resisted|p1a: Latios
|-damage|p1a: Latios|9/100
|-unboost|p2a: Scizor|atk|1
|-unboost|p2a: Scizor|def|1
|-damage|p2a: Scizor|29/100 par|[from] item: Life Orb
|
|-weather|Sandstorm|[upkeep]
|-damage|p1a: Latios|3/100|[from] Sandstorm
|upkeep
|turn|25
|
|t:|1743270172
|move|p2a: Scizor|Bullet Punch|p1a: Latios
|-damage|p1a: Latios|0 fnt
|faint|p1a: Latios
|-damage|p2a: Scizor|19/100 par|[from] item: Life Orb
|
|-weather|Sandstorm|[upkeep]
|upkeep
|
|t:|1743270181
|switch|p1a: Ferrothorn|Ferrothorn, F|63/100
|-damage|p1a: Ferrothorn|57/100|[from] Stealth Rock
|turn|26
|
|t:|1743270191
|move|p1a: Ferrothorn|Spikes|p2a: Scizor
|-sidestart|p2: Blossummm|Spikes
|cant|p2a: Scizor|par
|
|-weather|Sandstorm|[upkeep]
|-heal|p1a: Ferrothorn|63/100|[from] item: Leftovers
|upkeep
|turn|27
|
|t:|1743270196
|move|p1a: Ferrothorn|Protect|p1a: Ferrothorn
|-singleturn|p1a: Ferrothorn|Protect
|move|p2a: Scizor|Superpower|p1a: Ferrothorn
|-activate|p1a: Ferrothorn|move: Protect
|
|-weather|Sandstorm|[upkeep]
|-heal|p1a: Ferrothorn|70/100|[from] item: Leftovers
|upkeep
|turn|28
|
|t:|1743270203
|move|p1a: Ferrothorn|Spikes|p2a: Scizor
|-sidestart|p2: Blossummm|Spikes
|move|p2a: Scizor|Swords Dance|p2a: Scizor
|-boost|p2a: Scizor|atk|2
|
|-weather|Sandstorm|[upkeep]
|-heal|p1a: Ferrothorn|76/100|[from] item: Leftovers
|upkeep
|turn|29
|
|t:|1743270209
|move|p1a: Ferrothorn|Leech Seed|p2a: Scizor
|-start|p2a: Scizor|move: Leech Seed
|move|p2a: Scizor|Superpower|p1a: Ferrothorn
|-supereffective|p1a: Ferrothorn
|-damage|p1a: Ferrothorn|0 fnt
|-unboost|p2a: Scizor|atk|1
|-unboost|p2a: Scizor|def|1
|-damage|p2a: Scizor|7/100 par|[from] ability: Iron Barbs|[of] p1a: Ferrothorn
|faint|p1a: Ferrothorn
|-damage|p2a: Scizor|0 fnt|[from] item: Life Orb
|faint|p2a: Scizor
|
|-weather|Sandstorm|[upkeep]
|upkeep
|
|t:|1743270223
|switch|p2a: Garchomp|Garchomp, F|100/100
|switch|p1a: Reuniclus|Reuniclus, F, shiny|100/100
|-damage|p2a: Garchomp|94/100|[from] Stealth Rock
|-damage|p2a: Garchomp|78/100|[from] Spikes
|turn|30
|
|t:|1743270227
|switch|p2a: Jellicent|Jellicent, M|70/100
|-damage|p2a: Jellicent|58/100|[from] Stealth Rock
|-damage|p2a: Jellicent|41/100|[from] Spikes
|-enditem|p2a: Jellicent|Sitrus Berry|[eat]
|-heal|p2a: Jellicent|66/100|[from] item: Sitrus Berry
|move|p1a: Reuniclus|Psyshock|p2a: Jellicent
|-damage|p2a: Jellicent|38/100
|
|-weather|Sandstorm|[upkeep]
|-damage|p2a: Jellicent|32/100|[from] Sandstorm
|upkeep
|turn|31
|
|t:|1743270231
|move|p2a: Jellicent|Recover|p2a: Jellicent
|-heal|p2a: Jellicent|82/100
|move|p1a: Reuniclus|Psyshock|p2a: Jellicent
|-damage|p2a: Jellicent|56/100
|
|-weather|Sandstorm|[upkeep]
|-damage|p2a: Jellicent|50/100|[from] Sandstorm
|upkeep
|turn|32
|j| Saakib
|
|t:|1743270241
|move|p2a: Jellicent|Shadow Ball|p1a: Reuniclus
|-supereffective|p1a: Reuniclus
|-damage|p1a: Reuniclus|54/100
|move|p1a: Reuniclus|Psyshock|p2a: Jellicent
|-damage|p2a: Jellicent|25/100
|
|-weather|Sandstorm|[upkeep]
|-damage|p2a: Jellicent|19/100|[from] Sandstorm
|-heal|p1a: Reuniclus|60/100|[from] item: Leftovers
|upkeep
|turn|33
|
|t:|1743270249
|move|p2a: Jellicent|Recover|p2a: Jellicent
|-heal|p2a: Jellicent|69/100
|move|p1a: Reuniclus|Calm Mind|p1a: Reuniclus
|-boost|p1a: Reuniclus|spa|1
|-boost|p1a: Reuniclus|spd|1
|
|-weather|Sandstorm|[upkeep]
|-damage|p2a: Jellicent|63/100|[from] Sandstorm
|-heal|p1a: Reuniclus|66/100|[from] item: Leftovers
|upkeep
|turn|34
|
|t:|1743270253
|move|p2a: Jellicent|Taunt|p1a: Reuniclus
|-start|p1a: Reuniclus|move: Taunt
|move|p1a: Reuniclus|Psyshock|p2a: Jellicent
|-damage|p2a: Jellicent|25/100
|
|-weather|Sandstorm|[upkeep]
|-damage|p2a: Jellicent|19/100|[from] Sandstorm
|-heal|p1a: Reuniclus|72/100|[from] item: Leftovers
|upkeep
|turn|35
|
|t:|1743270259
|move|p2a: Jellicent|Shadow Ball|p1a: Reuniclus
|-supereffective|p1a: Reuniclus
|-damage|p1a: Reuniclus|44/100
|move|p1a: Reuniclus|Psyshock|p2a: Jellicent
|-damage|p2a: Jellicent|0 fnt
|faint|p2a: Jellicent
|
|-weather|Sandstorm|[upkeep]
|-heal|p1a: Reuniclus|50/100|[from] item: Leftovers
|upkeep
|
|t:|1743270263
|switch|p2a: Garchomp|Garchomp, F|78/100
|-damage|p2a: Garchomp|72/100|[from] Stealth Rock
|-damage|p2a: Garchomp|55/100|[from] Spikes
|turn|36
|
|t:|1743270269
|move|p2a: Garchomp|Earthquake|p1a: Reuniclus
|-damage|p1a: Reuniclus|15/100
|move|p1a: Reuniclus|Psyshock|p2a: Garchomp
|-damage|p2a: Garchomp|9/100
|
|-weather|Sandstorm|[upkeep]
|-heal|p1a: Reuniclus|21/100|[from] item: Leftovers
|-end|p1a: Reuniclus|move: Taunt
|upkeep
|turn|37
|
|t:|1743270272
|move|p2a: Garchomp|Earthquake|p1a: Reuniclus
|-damage|p1a: Reuniclus|0 fnt
|faint|p1a: Reuniclus
|
|-weather|Sandstorm|[upkeep]
|upkeep
|
|t:|1743270273
|switch|p1a: Excadrill|Excadrill, M|100/100
|-damage|p1a: Excadrill|97/100|[from] Stealth Rock
|turn|38
|
|t:|1743270279
|move|p2a: Garchomp|Earthquake|p1a: Excadrill
|-supereffective|p1a: Excadrill
|-damage|p1a: Excadrill|0 fnt
|faint|p1a: Excadrill
|
|win|Blossummm
|raw|Xyzzy 1's rating: 1363 &rarr; <strong>1344</strong><br />(-19 for losing)
|raw|Blossummm's rating: 1374 &rarr; <strong>1393</strong><br />(+19 for winning)
|l|☆Xyzzy 1
|player|p1|
