|j|☆Pokemon Master JL
|j|☆Croaset
|t:|1733776816
|gametype|singles
|player|p1|Pokemon Master JL|dawn|1327
|player|p2|Croaset|elesa|1393
|teamsize|p1|6
|teamsize|p2|6
|gen|5
|tier|[Gen 5] OU
|rated|
|rule|Species Clause: Limit one of each Pokémon
|rule|OHKO Clause: OHKO moves are banned
|rule|Moody Clause: Moody is banned
|rule|Evasion Items Clause: Evasion items are banned
|rule|Evasion Moves Clause: Evasion moves are banned
|rule|Endless Battle Clause: Forcing endless battles is banned
|rule|HP Percentage Mod: HP is shown in percentages
|rule|Evasion Abilities Clause: Evasion abilities are banned
|rule|Sleep Moves Clause: Sleep-inducing moves are banned
|rule|Swagger Clause: Swagger is banned
|rule|Baton Pass Stat Clause: No Baton Passer may have a way to boost its stats
|clearpoke
|poke|p1|Lanturn, F|item
|poke|p1|Skarmory, F|item
|poke|p1|Landorus-Therian, M|item
|poke|p1|Chansey, F|item
|poke|p1|Porygon2|item
|poke|p1|Rotom-Wash|item
|poke|p2|Tyranitar, M|item
|poke|p2|Landorus-Therian, M|item
|poke|p2|Conkeldurr, F|item
|poke|p2|Celebi|item
|poke|p2|Excadrill, M|item
|poke|p2|Keldeo|item
|teampreview
|
|t:|1733776824
|start
|switch|p1a: Mariana|Lanturn, F|100/100
|switch|p2a: Scary Monsters|Landorus-Therian, M|100/100
|-ability|p2a: Scary Monsters|Intimidate|boost
|-unboost|p1a: Mariana|atk|1
|turn|1
|
|t:|1733776833
|move|p2a: Scary Monsters|U-turn|p1a: Mariana
|-damage|p1a: Mariana|73/100
|
|t:|1733776834
|switch|p2a: Green Green Grass|Celebi|100/100|[from] U-turn
|move|p1a: Mariana|Substitute|p1a: Mariana
|-start|p1a: Mariana|Substitute
|-damage|p1a: Mariana|48/100
|
|-heal|p1a: Mariana|54/100|[from] item: Leftovers
|upkeep
|turn|2
|
|t:|1733776841
|move|p2a: Green Green Grass|Substitute|p2a: Green Green Grass
|-start|p2a: Green Green Grass|Substitute
|-damage|p2a: Green Green Grass|75/100
|move|p1a: Mariana|Thunder Wave||[still]
|-fail|p1a: Mariana
|
|-heal|p2a: Green Green Grass|82/100|[from] item: Leftovers
|-heal|p1a: Mariana|61/100|[from] item: Leftovers
|upkeep
|turn|3
|
|t:|1733776849
|move|p2a: Green Green Grass|Baton Pass|p2a: Green Green Grass
|
|t:|1733776851
|switch|p2a: Conkeldurr|Conkeldurr, F|100/100|[from] Baton Pass
|move|p1a: Mariana|Charge Beam|p2a: Conkeldurr
|-activate|p2a: Conkeldurr|Substitute|[damage]
|-boost|p1a: Mariana|spa|1
|
|-heal|p1a: Mariana|67/100|[from] item: Leftovers
|upkeep
|turn|4
|
|t:|1733776860
|move|p1a: Mariana|Hydro Pump|p2a: Conkeldurr
|-end|p2a: Conkeldurr|Substitute
|move|p2a: Conkeldurr|Bulk Up|p2a: Conkeldurr
|-boost|p2a: Conkeldurr|atk|1
|-boost|p2a: Conkeldurr|def|1
|
|-heal|p1a: Mariana|73/100|[from] item: Leftovers
|upkeep
|turn|5
|
|t:|1733776869
|move|p1a: Mariana|Thunder Wave|p2a: Conkeldurr
|-status|p2a: Conkeldurr|par
|move|p2a: Conkeldurr|Drain Punch|p1a: Mariana
|-end|p1a: Mariana|Substitute
|
|-heal|p1a: Mariana|79/100|[from] item: Leftovers
|upkeep
|turn|6
|
|t:|1733776879
|move|p1a: Mariana|Substitute|p1a: Mariana
|-start|p1a: Mariana|Substitute
|-damage|p1a: Mariana|54/100
|move|p2a: Conkeldurr|Drain Punch|p1a: Mariana
|-end|p1a: Mariana|Substitute
|
|-heal|p1a: Mariana|60/100|[from] item: Leftovers
|upkeep
|turn|7
|
|t:|1733776887
|move|p1a: Mariana|Substitute|p1a: Mariana
|-start|p1a: Mariana|Substitute
|-damage|p1a: Mariana|36/100
|move|p2a: Conkeldurr|Drain Punch|p1a: Mariana
|-end|p1a: Mariana|Substitute
|
|-heal|p1a: Mariana|42/100|[from] item: Leftovers
|upkeep
|turn|8
|
|t:|1733776894
|move|p1a: Mariana|Substitute|p1a: Mariana
|-start|p1a: Mariana|Substitute
|-damage|p1a: Mariana|17/100
|cant|p2a: Conkeldurr|par
|
|-heal|p1a: Mariana|23/100|[from] item: Leftovers
|upkeep
|turn|9
|
|t:|1733776900
|move|p1a: Mariana|Hydro Pump|p2a: Conkeldurr
|-damage|p2a: Conkeldurr|40/100 par
|move|p2a: Conkeldurr|Drain Punch|p1a: Mariana
|-end|p1a: Mariana|Substitute
|-heal|p2a: Conkeldurr|53/100 par|[from] drain|[of] p1a: Mariana
|
|-heal|p1a: Mariana|29/100|[from] item: Leftovers
|-heal|p2a: Conkeldurr|59/100 par|[from] item: Leftovers
|upkeep
|turn|10
|
|t:|1733776910
|switch|p2a: Green Green Grass|Celebi|82/100
|move|p1a: Mariana|Hydro Pump|p2a: Green Green Grass|[miss]
|-miss|p1a: Mariana|p2a: Green Green Grass
|
|-heal|p2a: Green Green Grass|88/100|[from] item: Leftovers
|-heal|p1a: Mariana|35/100|[from] item: Leftovers
|upkeep
|turn|11
|
|t:|1733776918
|move|p2a: Green Green Grass|Psychic|p1a: Mariana
|-damage|p1a: Mariana|17/100
|move|p1a: Mariana|Thunder Wave|p2a: Green Green Grass
|-status|p2a: Green Green Grass|par
|
|-heal|p1a: Mariana|23/100|[from] item: Leftovers
|-heal|p2a: Green Green Grass|94/100 par|[from] item: Leftovers
|upkeep
|turn|12
|
|t:|1733776929
|switch|p1a: Kenny|Porygon2, shiny|100/100
|-ability|p1a: Kenny|Natural Cure|[from] ability: Trace|[of] p2a: Green Green Grass
|-curestatus|p2a: Green Green Grass|par|[from] ability: Natural Cure
|switch|p2a: Scary Monsters|Landorus-Therian, M|100/100
|-ability|p2a: Scary Monsters|Intimidate|boost
|-unboost|p1a: Kenny|atk|1
|
|upkeep
|turn|13
|inactive|Battle timer is ON: inactive players will automatically lose when time's up. (requested by Croaset)
|
|t:|1733776949
|move|p2a: Scary Monsters|U-turn|p1a: Kenny
|-damage|p1a: Kenny|85/100
|
|t:|1733776957
|switch|p2a: Heavy Weather|Tyranitar, M|100/100|[from] U-turn
|-weather|Sandstorm|[from] ability: Sand Stream|[of] p2a: Heavy Weather
|move|p1a: Kenny|Tri Attack|p2a: Heavy Weather
|-resisted|p2a: Heavy Weather
|-damage|p2a: Heavy Weather|94/100
|
|-weather|Sandstorm|[upkeep]
|-damage|p1a: Kenny|79/100|[from] Sandstorm
|upkeep
|turn|14
|
|t:|1733776967
|move|p2a: Heavy Weather|Crunch|p1a: Kenny
|-damage|p1a: Kenny|54/100
|move|p1a: Kenny|Thunder Wave|p2a: Heavy Weather
|-status|p2a: Heavy Weather|par
|
|-weather|Sandstorm|[upkeep]
|-damage|p1a: Kenny|48/100|[from] Sandstorm
|upkeep
|turn|15
|
|t:|1733776974
|move|p1a: Kenny|Recover|p1a: Kenny
|-heal|p1a: Kenny|98/100
|move|p2a: Heavy Weather|Crunch|p1a: Kenny
|-damage|p1a: Kenny|76/100
|
|-weather|Sandstorm|[upkeep]
|-damage|p1a: Kenny|69/100|[from] Sandstorm
|upkeep
|turn|16
|
|t:|1733776985
|move|p1a: Kenny|Charge Beam|p2a: Heavy Weather
|-damage|p2a: Heavy Weather|89/100 par
|move|p2a: Heavy Weather|Crunch|p1a: Kenny
|-damage|p1a: Kenny|44/100
|
|-weather|Sandstorm|[upkeep]
|-damage|p1a: Kenny|37/100|[from] Sandstorm
|upkeep
|turn|17
|
|t:|1733776992
|move|p1a: Kenny|Recover|p1a: Kenny
|-heal|p1a: Kenny|87/100
|cant|p2a: Heavy Weather|par
|
|-weather|Sandstorm|[upkeep]
|-damage|p1a: Kenny|81/100|[from] Sandstorm
|upkeep
|turn|18
|
|t:|1733776998
|move|p1a: Kenny|Charge Beam|p2a: Heavy Weather
|-damage|p2a: Heavy Weather|84/100 par
|-boost|p1a: Kenny|spa|1
|move|p2a: Heavy Weather|Crunch|p1a: Kenny
|-damage|p1a: Kenny|56/100
|
|-weather|Sandstorm|[upkeep]
|-damage|p1a: Kenny|50/100|[from] Sandstorm
|upkeep
|turn|19
|
|t:|1733777007
|switch|p2a: Green Green Grass|Celebi|94/100
|move|p1a: Kenny|Recover|p1a: Kenny
|-heal|p1a: Kenny|99/100
|
|-weather|Sandstorm|[upkeep]
|-damage|p2a: Green Green Grass|88/100|[from] Sandstorm
|-damage|p1a: Kenny|94/100|[from] Sandstorm
|-heal|p2a: Green Green Grass|94/100|[from] item: Leftovers
|upkeep
|turn|20
|
|t:|1733777015
|move|p2a: Green Green Grass|Substitute|p2a: Green Green Grass
|-start|p2a: Green Green Grass|Substitute
|-damage|p2a: Green Green Grass|69/100
|move|p1a: Kenny|Tri Attack|p2a: Green Green Grass
|-end|p2a: Green Green Grass|Substitute
|
|-weather|Sandstorm|[upkeep]
|-damage|p2a: Green Green Grass|63/100|[from] Sandstorm
|-damage|p1a: Kenny|88/100|[from] Sandstorm
|-heal|p2a: Green Green Grass|69/100|[from] item: Leftovers
|upkeep
|turn|21
|
|t:|1733777024
|move|p2a: Green Green Grass|Substitute|p2a: Green Green Grass
|-start|p2a: Green Green Grass|Substitute
|-damage|p2a: Green Green Grass|44/100
|move|p1a: Kenny|Tri Attack|p2a: Green Green Grass
|-activate|p2a: Green Green Grass|Substitute|[damage]
|
|-weather|Sandstorm|[upkeep]
|-damage|p2a: Green Green Grass|38/100|[from] Sandstorm
|-damage|p1a: Kenny|82/100|[from] Sandstorm
|-heal|p2a: Green Green Grass|44/100|[from] item: Leftovers
|upkeep
|turn|22
|
|t:|1733777033
|move|p2a: Green Green Grass|Baton Pass|p2a: Green Green Grass
|
|t:|1733777043
|switch|p2a: Made in Heaven|Keldeo|100/100|[from] Baton Pass
|move|p1a: Kenny|Tri Attack|p2a: Made in Heaven
|-end|p2a: Made in Heaven|Substitute
|
|-weather|Sandstorm|[upkeep]
|-damage|p2a: Made in Heaven|94/100|[from] Sandstorm
|-damage|p1a: Kenny|75/100|[from] Sandstorm
|-heal|p2a: Made in Heaven|100/100|[from] item: Leftovers
|upkeep
|turn|23
|
|t:|1733777053
|move|p2a: Made in Heaven|Secret Sword|p1a: Kenny
|-supereffective|p1a: Kenny
|-damage|p1a: Kenny|20/100
|move|p1a: Kenny|Thunder Wave|p2a: Made in Heaven
|-status|p2a: Made in Heaven|par
|
|-weather|Sandstorm|[upkeep]
|-damage|p1a: Kenny|14/100|[from] Sandstorm
|-damage|p2a: Made in Heaven|94/100 par|[from] Sandstorm
|-heal|p2a: Made in Heaven|100/100 par|[from] item: Leftovers
|upkeep
|turn|24
|inactive|Pokemon Master JL has 120 seconds left.
|
|t:|1733777088
|move|p1a: Kenny|Tri Attack|p2a: Made in Heaven
|-damage|p2a: Made in Heaven|50/100 par
|move|p2a: Made in Heaven|Secret Sword|p1a: Kenny
|-supereffective|p1a: Kenny
|-damage|p1a: Kenny|0 fnt
|faint|p1a: Kenny
|
|-weather|Sandstorm|[upkeep]
|-damage|p2a: Made in Heaven|44/100 par|[from] Sandstorm
|-heal|p2a: Made in Heaven|50/100 par|[from] item: Leftovers
|upkeep
|inactive|Pokemon Master JL has 90 seconds left.
|inactive|Pokemon Master JL has 60 seconds left.
|
|t:|1733777152
|switch|p1a: Mind Games|Landorus-Therian, M|100/100
|-ability|p1a: Mind Games|Intimidate|boost
|-unboost|p2a: Made in Heaven|atk|1
|turn|25
|
|t:|1733777165
|move|p1a: Mind Games|Substitute|p1a: Mind Games
|-start|p1a: Mind Games|Substitute
|-damage|p1a: Mind Games|76/100
|move|p2a: Made in Heaven|Icy Wind|p1a: Mind Games
|-supereffective|p1a: Mind Games
|-end|p1a: Mind Games|Substitute
|
|-weather|Sandstorm|[upkeep]
|-damage|p2a: Made in Heaven|44/100 par|[from] Sandstorm
|-heal|p1a: Mind Games|82/100|[from] item: Leftovers
|-heal|p2a: Made in Heaven|50/100 par|[from] item: Leftovers
|upkeep
|turn|26
|
|t:|1733777185
|move|p1a: Mind Games|Fly||[still]
|-prepare|p1a: Mind Games|Fly
|cant|p2a: Made in Heaven|par
|
|-weather|Sandstorm|[upkeep]
|-damage|p2a: Made in Heaven|44/100 par|[from] Sandstorm
|-heal|p1a: Mind Games|88/100|[from] item: Leftovers
|-heal|p2a: Made in Heaven|50/100 par|[from] item: Leftovers
|upkeep
|turn|27
|
|t:|1733777196
|switch|p2a: Scary Monsters|Landorus-Therian, M|100/100
|-ability|p2a: Scary Monsters|Intimidate|boost
|-unboost|p1a: Mind Games|atk|1
|move|p1a: Mind Games|Fly|p2a: Scary Monsters|[from]lockedmove
|-damage|p2a: Scary Monsters|71/100
|
|-weather|Sandstorm|[upkeep]
|-heal|p2a: Scary Monsters|77/100|[from] item: Leftovers
|-heal|p1a: Mind Games|94/100|[from] item: Leftovers
|upkeep
|turn|28
|
|t:|1733777207
|switch|p1a: Alethia|Skarmory, F|100/100
|move|p2a: Scary Monsters|Hidden Power|p1a: Alethia
|-damage|p1a: Alethia|75/100
|
|-weather|Sandstorm|[upkeep]
|-heal|p2a: Scary Monsters|83/100|[from] item: Leftovers
|-heal|p1a: Alethia|81/100|[from] item: Leftovers
|upkeep
|turn|29
|
|t:|1733777215
|move|p2a: Scary Monsters|Stealth Rock|p1a: Alethia
|-sidestart|p1: Pokemon Master JL|move: Stealth Rock
|move|p1a: Alethia|Substitute|p1a: Alethia
|-start|p1a: Alethia|Substitute
|-damage|p1a: Alethia|56/100
|
|-weather|Sandstorm|[upkeep]
|-heal|p2a: Scary Monsters|90/100|[from] item: Leftovers
|-heal|p1a: Alethia|62/100|[from] item: Leftovers
|upkeep
|turn|30
|inactive|Pokemon Master JL has 90 seconds left.
|
|t:|1733777228
|move|p2a: Scary Monsters|U-turn|p1a: Alethia
|-resisted|p1a: Alethia
|-activate|p1a: Alethia|Substitute|[damage]
|
|t:|1733777230
|switch|p2a: Ball Breaker|Excadrill, M|100/100|[from] U-turn
|-ability|p2a: Ball Breaker|Mold Breaker
|move|p1a: Alethia|Spikes|p2a: Ball Breaker
|-sidestart|p2: Croaset|Spikes
|
|-weather|Sandstorm|[upkeep]
|-heal|p1a: Alethia|68/100|[from] item: Leftovers
|upkeep
|turn|31
|
|t:|1733777238
|move|p2a: Ball Breaker|Rapid Spin|p1a: Alethia
|-resisted|p1a: Alethia
|-activate|p1a: Alethia|Substitute|[damage]
|-sideend|p2: Croaset|Spikes|[from] move: Rapid Spin|[of] p2a: Ball Breaker
|move|p1a: Alethia|Roost|p1a: Alethia
|-heal|p1a: Alethia|100/100
|-singleturn|p1a: Alethia|move: Roost
|
|-weather|Sandstorm|[upkeep]
|upkeep
|turn|32
|
|t:|1733777247
|move|p2a: Ball Breaker|Rock Slide|p1a: Alethia
|-activate|p1a: Alethia|Substitute|[damage]
|move|p1a: Alethia|Spikes|p2a: Ball Breaker
|-sidestart|p2: Croaset|Spikes
|
|-weather|Sandstorm|[upkeep]
|upkeep
|turn|33
|
|t:|1733777253
|move|p2a: Ball Breaker|Rapid Spin|p1a: Alethia
|-resisted|p1a: Alethia
|-activate|p1a: Alethia|Substitute|[damage]
|-sideend|p2: Croaset|Spikes|[from] move: Rapid Spin|[of] p2a: Ball Breaker
|move|p1a: Alethia|Whirlwind|p2a: Ball Breaker
|drag|p2a: Made in Heaven|Keldeo|50/100 par
|
|-weather|Sandstorm|[upkeep]
|-damage|p2a: Made in Heaven|44/100 par|[from] Sandstorm
|-heal|p2a: Made in Heaven|50/100 par|[from] item: Leftovers
|upkeep
|turn|34
|
|t:|1733777261
|switch|p2a: Ball Breaker|Excadrill, M|100/100
|-ability|p2a: Ball Breaker|Mold Breaker
|move|p1a: Alethia|Spikes|p2a: Ball Breaker
|-sidestart|p2: Croaset|Spikes
|
|-weather|Sandstorm|[upkeep]
|upkeep
|turn|35
|inactive|Pokemon Master JL has 120 seconds left.
|
|t:|1733777268
|move|p2a: Ball Breaker|Rapid Spin|p1a: Alethia
|-resisted|p1a: Alethia
|-crit|p1a: Alethia
|-end|p1a: Alethia|Substitute
|-sideend|p2: Croaset|Spikes|[from] move: Rapid Spin|[of] p2a: Ball Breaker
|move|p1a: Alethia|Whirlwind|p2a: Ball Breaker
|drag|p2a: Made in Heaven|Keldeo|50/100 par
|
|-weather|Sandstorm|[upkeep]
|-damage|p2a: Made in Heaven|44/100 par|[from] Sandstorm
|-heal|p2a: Made in Heaven|50/100 par|[from] item: Leftovers
|upkeep
|turn|36
|
|t:|1733777277
|switch|p2a: Ball Breaker|Excadrill, M|100/100
|-ability|p2a: Ball Breaker|Mold Breaker
|move|p1a: Alethia|Spikes|p2a: Ball Breaker
|-sidestart|p2: Croaset|Spikes
|
|-weather|Sandstorm|[upkeep]
|upkeep
|turn|37
|
|t:|1733777287
|switch|p1a: Mind Games|Landorus-Therian, M|94/100
|-damage|p1a: Mind Games|81/100|[from] Stealth Rock
|-ability|p1a: Mind Games|Intimidate|boost
|-unboost|p2a: Ball Breaker|atk|1
|move|p2a: Ball Breaker|Rapid Spin|p1a: Mind Games
|-damage|p1a: Mind Games|77/100
|-sideend|p2: Croaset|Spikes|[from] move: Rapid Spin|[of] p2a: Ball Breaker
|
|-weather|Sandstorm|[upkeep]
|-heal|p1a: Mind Games|83/100|[from] item: Leftovers
|upkeep
|turn|38
|
|t:|1733777296
|switch|p2a: Scary Monsters|Landorus-Therian, M|90/100
|-ability|p2a: Scary Monsters|Intimidate|boost
|-unboost|p1a: Mind Games|atk|1
|move|p1a: Mind Games|Substitute|p1a: Mind Games
|-start|p1a: Mind Games|Substitute
|-damage|p1a: Mind Games|59/100
|
|-weather|Sandstorm|[upkeep]
|-heal|p2a: Scary Monsters|96/100|[from] item: Leftovers
|-heal|p1a: Mind Games|65/100|[from] item: Leftovers
|upkeep
|turn|39
|
|t:|1733777308
|move|p2a: Scary Monsters|Hidden Power|p1a: Mind Games
|-supereffective|p1a: Mind Games
|-end|p1a: Mind Games|Substitute
|move|p1a: Mind Games|Fly||[still]
|-prepare|p1a: Mind Games|Fly
|
|-weather|Sandstorm|[upkeep]
|-heal|p2a: Scary Monsters|100/100|[from] item: Leftovers
|-heal|p1a: Mind Games|71/100|[from] item: Leftovers
|upkeep
|turn|40
|
|t:|1733777317
|move|p2a: Scary Monsters|Stealth Rock||[still]
|-fail|p2a: Scary Monsters
|move|p1a: Mind Games|Fly|p2a: Scary Monsters|[from]lockedmove|[miss]
|-miss|p1a: Mind Games|p2a: Scary Monsters
|
|-weather|Sandstorm|[upkeep]
|-heal|p1a: Mind Games|77/100|[from] item: Leftovers
|upkeep
|turn|41
|
|t:|1733777327
|switch|p1a: Sarah|Rotom-Wash, shiny|100/100
|-damage|p1a: Sarah|88/100|[from] Stealth Rock
|move|p2a: Scary Monsters|Hidden Power|p1a: Sarah
|-resisted|p1a: Sarah
|-damage|p1a: Sarah|79/100
|
|-weather|Sandstorm|[upkeep]
|-damage|p1a: Sarah|73/100|[from] Sandstorm
|-heal|p1a: Sarah|79/100|[from] item: Leftovers
|upkeep
|turn|42
|
|t:|1733777339
|move|p2a: Scary Monsters|U-turn|p1a: Sarah
|-damage|p1a: Sarah|63/100
|
|t:|1733777350
|switch|p2a: Heavy Weather|Tyranitar, M|84/100 par|[from] U-turn
|move|p1a: Sarah|Substitute|p1a: Sarah
|-start|p1a: Sarah|Substitute
|-damage|p1a: Sarah|38/100
|
|-weather|Sandstorm|[upkeep]
|-damage|p1a: Sarah|32/100|[from] Sandstorm
|-heal|p1a: Sarah|38/100|[from] item: Leftovers
|upkeep
|turn|43
|
|t:|1733777359
|move|p1a: Sarah|Charge Beam|p2a: Heavy Weather
|-damage|p2a: Heavy Weather|76/100 par
|move|p2a: Heavy Weather|Crunch|p1a: Sarah
|-end|p1a: Sarah|Substitute
|
|-weather|Sandstorm|[upkeep]
|-damage|p1a: Sarah|32/100|[from] Sandstorm
|-heal|p1a: Sarah|38/100|[from] item: Leftovers
|upkeep
|turn|44
|
|t:|1733777377
|move|p1a: Sarah|Hydro Pump|p2a: Heavy Weather|[miss]
|-miss|p1a: Sarah|p2a: Heavy Weather
|move|p2a: Heavy Weather|Crunch|p1a: Sarah
|-damage|p1a: Sarah|10/100
|
|-weather|Sandstorm|[upkeep]
|-damage|p1a: Sarah|4/100|[from] Sandstorm
|-heal|p1a: Sarah|10/100|[from] item: Leftovers
|upkeep
|turn|45
|
|t:|1733777386
|move|p1a: Sarah|Hydro Pump|p2a: Heavy Weather
|-supereffective|p2a: Heavy Weather
|-crit|p2a: Heavy Weather
|-damage|p2a: Heavy Weather|9/100 par
|move|p2a: Heavy Weather|Crunch|p1a: Sarah
|-damage|p1a: Sarah|0 fnt
|faint|p1a: Sarah
|
|-weather|Sandstorm|[upkeep]
|upkeep
|
|t:|1733777399
|switch|p1a: Mind Games|Landorus-Therian, M|77/100
|-damage|p1a: Mind Games|64/100|[from] Stealth Rock
|-ability|p1a: Mind Games|Intimidate|boost
|-unboost|p2a: Heavy Weather|atk|1
|turn|46
|
|t:|1733777404
|switch|p2a: Scary Monsters|Landorus-Therian, M|100/100
|-ability|p2a: Scary Monsters|Intimidate|boost
|-unboost|p1a: Mind Games|atk|1
|move|p1a: Mind Games|Substitute|p1a: Mind Games
|-start|p1a: Mind Games|Substitute
|-damage|p1a: Mind Games|40/100
|
|-weather|Sandstorm|[upkeep]
|-heal|p1a: Mind Games|46/100|[from] item: Leftovers
|upkeep
|turn|47
|
|t:|1733777412
|move|p2a: Scary Monsters|Hidden Power|p1a: Mind Games
|-supereffective|p1a: Mind Games
|-end|p1a: Mind Games|Substitute
|move|p1a: Mind Games|Fly||[still]
|-prepare|p1a: Mind Games|Fly
|
|-weather|Sandstorm|[upkeep]
|-heal|p1a: Mind Games|52/100|[from] item: Leftovers
|upkeep
|turn|48
|
|t:|1733777419
|move|p2a: Scary Monsters|Stealth Rock||[still]
|-fail|p2a: Scary Monsters
|move|p1a: Mind Games|Fly|p2a: Scary Monsters|[from]lockedmove
|-damage|p2a: Scary Monsters|70/100
|
|-weather|Sandstorm|[upkeep]
|-heal|p2a: Scary Monsters|76/100|[from] item: Leftovers
|-heal|p1a: Mind Games|58/100|[from] item: Leftovers
|upkeep
|turn|49
|
|t:|1733777428
|switch|p1a: Mariana|Lanturn, F|23/100
|-damage|p1a: Mariana|11/100|[from] Stealth Rock
|move|p2a: Scary Monsters|Hidden Power|p1a: Mariana
|-resisted|p1a: Mariana
|-damage|p1a: Mariana|5/100
|
|-weather|Sandstorm|[upkeep]
|-damage|p1a: Mariana|0 fnt|[from] Sandstorm
|faint|p1a: Mariana
|-heal|p2a: Scary Monsters|82/100|[from] item: Leftovers
|upkeep
|-message|Pokemon Master JL forfeited.
|
|win|Croaset
|raw|Pokemon Master JL's rating: 1327 &rarr; <strong>1311</strong><br />(-16 for losing)
|raw|Croaset's rating: 1393 &rarr; <strong>1409</strong><br />(+16 for winning)
|l|☆Pokemon Master JL
|player|p1|
