|j|☆mudkipslaps
|j|☆lemonite90
|t:|1714769540
|gametype|singles
|player|p1|mudkipslaps|caitlin|1265
|player|p2|lemonite90|265|1334
|teamsize|p1|6
|teamsize|p2|6
|gen|5
|tier|[Gen 5] OU
|rated|
|rule|Species Clause: Limit one of each Pokémon
|rule|OHKO Clause: OHKO moves are banned
|rule|Moody Clause: Moody is banned
|rule|Evasion Items Clause: Evasion items are banned
|rule|Evasion Moves Clause: Evasion moves are banned
|rule|Endless Battle Clause: Forcing endless battles is banned
|rule|HP Percentage Mod: HP is shown in percentages
|rule|Evasion Abilities Clause: Evasion abilities are banned
|rule|Sleep Moves Clause: Sleep-inducing moves are banned
|rule|Swagger Clause: Swagger is banned
|rule|Baton Pass Stat Clause: No Baton Passer may have a way to boost its stats
|clearpoke
|poke|p1|Tyranitar, M|item
|poke|p1|Landorus-Therian, M|item
|poke|p1|Excadrill, F|item
|poke|p1|Garchomp, M|item
|poke|p1|Celebi|item
|poke|p1|Rotom-Wash|item
|poke|p2|Scizor, F|item
|poke|p2|Dragonite, F|item
|poke|p2|Heatran, M|item
|poke|p2|Alakazam, F|item
|poke|p2|Gastrodon, F|item
|poke|p2|Tyranitar, F|item
|teampreview
|inactive|Battle timer is ON: inactive players will automatically lose when time's up. (requested by mudkipslaps)
|
|t:|1714769558
|start
|switch|p1a: Landorus|Landorus-Therian, M|100/100
|switch|p2a: Heatran|Heatran, M|100/100
|-ability|p1a: Landorus|Intimidate|boost
|-unboost|p2a: Heatran|atk|1
|-item|p2a: Heatran|Air Balloon
|turn|1
|
|t:|1714769570
|switch|p1a: Rotom|Rotom-Wash|100/100
|move|p2a: Heatran|Flash Cannon|p1a: Rotom
|-resisted|p1a: Rotom
|-damage|p1a: Rotom|89/100
|
|-heal|p1a: Rotom|95/100|[from] item: Leftovers
|upkeep
|turn|2
|
|t:|1714769579
|switch|p2a: Gastrodon|Gastrodon, F|100/100
|move|p1a: Rotom|Volt Switch|p2a: Gastrodon
|-immune|p2a: Gastrodon
|
|-heal|p1a: Rotom|100/100|[from] item: Leftovers
|upkeep
|turn|3
|
|t:|1714769594
|switch|p1a: Celebi|Celebi|100/100
|move|p2a: Gastrodon|Toxic|p1a: Celebi
|-status|p1a: Celebi|tox
|
|-damage|p1a: Celebi|94/100 tox|[from] psn
|upkeep
|turn|4
|
|t:|1714769602
|move|p1a: Celebi|Baton Pass|p1a: Celebi
|
|t:|1714769620
|-curestatus|p1a: Celebi|tox|[from] ability: Natural Cure
|switch|p1a: Excadrill|Excadrill, F|100/100|[from] Baton Pass
|move|p2a: Gastrodon|Ice Beam|p1a: Excadrill
|-damage|p1a: Excadrill|80/100
|
|-heal|p1a: Excadrill|86/100|[from] item: Leftovers
|upkeep
|turn|5
|
|t:|1714769631
|move|p1a: Excadrill|Iron Head|p2a: Gastrodon
|-resisted|p2a: Gastrodon
|-damage|p2a: Gastrodon|86/100
|cant|p2a: Gastrodon|flinch
|
|-heal|p1a: Excadrill|92/100|[from] item: Leftovers
|-heal|p2a: Gastrodon|92/100|[from] item: Leftovers
|upkeep
|turn|6
|
|t:|1714769643
|switch|p1a: Rotom|Rotom-Wash|100/100
|move|p2a: Gastrodon|Scald|p1a: Rotom
|-resisted|p1a: Rotom
|-damage|p1a: Rotom|88/100
|
|-heal|p1a: Rotom|95/100|[from] item: Leftovers
|-heal|p2a: Gastrodon|98/100|[from] item: Leftovers
|upkeep
|turn|7
|
|t:|1714769656
|move|p1a: Rotom|Will-O-Wisp|p2a: Gastrodon
|-status|p2a: Gastrodon|brn
|move|p2a: Gastrodon|Toxic|p1a: Rotom
|-status|p1a: Rotom|tox
|
|-heal|p1a: Rotom|100/100 tox|[from] item: Leftovers
|-heal|p2a: Gastrodon|100/100 brn|[from] item: Leftovers
|-damage|p1a: Rotom|94/100 tox|[from] psn
|-damage|p2a: Gastrodon|88/100 brn|[from] brn
|upkeep
|turn|8
|
|t:|1714769670
|move|p1a: Rotom|Pain Split|p2a: Gastrodon
|-sethp|p2a: Gastrodon|78/100 brn|[from] move: Pain Split|[silent]
|-sethp|p1a: Rotom|100/100 tox|[from] move: Pain Split
|move|p2a: Gastrodon|Ice Beam|p1a: Rotom
|-resisted|p1a: Rotom
|-damage|p1a: Rotom|90/100 tox
|
|-heal|p1a: Rotom|97/100 tox|[from] item: Leftovers
|-heal|p2a: Gastrodon|84/100 brn|[from] item: Leftovers
|-damage|p1a: Rotom|84/100 tox|[from] psn
|-damage|p2a: Gastrodon|71/100 brn|[from] brn
|upkeep
|turn|9
|
|t:|1714769683
|switch|p1a: Tyranitar|Tyranitar, M|100/100
|-weather|Sandstorm|[from] ability: Sand Stream|[of] p1a: Tyranitar
|move|p2a: Gastrodon|Scald|p1a: Tyranitar
|-supereffective|p1a: Tyranitar
|-crit|p1a: Tyranitar
|-damage|p1a: Tyranitar|47/100
|-status|p1a: Tyranitar|brn
|
|-weather|Sandstorm|[upkeep]
|-heal|p2a: Gastrodon|77/100 brn|[from] item: Leftovers
|-damage|p1a: Tyranitar|35/100 brn|[from] brn
|-damage|p2a: Gastrodon|65/100 brn|[from] brn
|upkeep
|turn|10
|
|t:|1714769697
|move|p1a: Tyranitar|Stealth Rock|p2a: Gastrodon
|-sidestart|p2: lemonite90|move: Stealth Rock
|move|p2a: Gastrodon|Recover|p2a: Gastrodon
|-heal|p2a: Gastrodon|100/100 brn
|
|-weather|Sandstorm|[upkeep]
|-damage|p1a: Tyranitar|22/100 brn|[from] brn
|-damage|p2a: Gastrodon|88/100 brn|[from] brn
|upkeep
|turn|11
|
|t:|1714769706
|move|p1a: Tyranitar|Crunch|p2a: Gastrodon
|-damage|p2a: Gastrodon|72/100 brn
|move|p2a: Gastrodon|Ice Beam|p1a: Tyranitar
|-damage|p1a: Tyranitar|12/100 brn
|
|-weather|Sandstorm|[upkeep]
|-heal|p2a: Gastrodon|78/100 brn|[from] item: Leftovers
|-damage|p1a: Tyranitar|0 fnt|[from] brn
|faint|p1a: Tyranitar
|-damage|p2a: Gastrodon|66/100 brn|[from] brn
|upkeep
|
|t:|1714769725
|switch|p1a: Garchomp|Garchomp, M|100/100
|turn|12
|
|t:|1714769730
|move|p1a: Garchomp|Earthquake|p2a: Gastrodon
|-damage|p2a: Gastrodon|27/100 brn
|move|p2a: Gastrodon|Ice Beam|p1a: Garchomp
|-supereffective|p1a: Garchomp
|-damage|p1a: Garchomp|11/100
|
|-weather|Sandstorm|[upkeep]
|-heal|p2a: Gastrodon|33/100 brn|[from] item: Leftovers
|-damage|p2a: Gastrodon|21/100 brn|[from] brn
|upkeep
|turn|13
|
|t:|1714769741
|move|p1a: Garchomp|Earthquake|p2a: Gastrodon
|-damage|p2a: Gastrodon|0 fnt
|faint|p2a: Gastrodon
|
|-weather|Sandstorm|[upkeep]
|upkeep
|
|t:|1714769750
|switch|p2a: Heatran|Heatran, M|100/100
|-damage|p2a: Heatran|88/100|[from] Stealth Rock
|-item|p2a: Heatran|Air Balloon
|turn|14
|
|t:|1714769760
|switch|p1a: Rotom|Rotom-Wash|84/100 tox
|switch|p2a: Scizor|Scizor, F|100/100
|-damage|p2a: Scizor|88/100|[from] Stealth Rock
|
|-weather|Sandstorm|[upkeep]
|-damage|p1a: Rotom|78/100 tox|[from] Sandstorm
|-heal|p1a: Rotom|84/100 tox|[from] item: Leftovers
|-damage|p1a: Rotom|78/100 tox|[from] psn
|upkeep
|turn|15
|
|t:|1714769772
|move|p1a: Rotom|Will-O-Wisp|p2a: Scizor
|-status|p2a: Scizor|brn
|move|p2a: Scizor|U-turn|p1a: Rotom
|-damage|p1a: Rotom|53/100 tox
|
|t:|1714769792
|switch|p2a: Alakazam|Alakazam, F|100/100|[from] U-turn
|
|-weather|Sandstorm|[upkeep]
|-damage|p1a: Rotom|47/100 tox|[from] Sandstorm
|-heal|p1a: Rotom|53/100 tox|[from] item: Leftovers
|-damage|p1a: Rotom|41/100 tox|[from] psn
|upkeep
|turn|16
|
|t:|1714769804
|move|p2a: Alakazam|Psychic|p1a: Rotom
|-damage|p1a: Rotom|0 fnt
|faint|p1a: Rotom
|
|-weather|Sandstorm|[upkeep]
|upkeep
|
|t:|1714769817
|switch|p1a: Celebi|Celebi|94/100
|turn|17
|
|t:|1714769822
|move|p2a: Alakazam|Shadow Ball|p1a: Celebi
|-supereffective|p1a: Celebi
|-damage|p1a: Celebi|60/100
|-unboost|p1a: Celebi|spd|1
|move|p1a: Celebi|Thunder Wave|p2a: Alakazam
|-status|p2a: Alakazam|par
|
|-weather|Sandstorm|[upkeep]
|-damage|p1a: Celebi|53/100|[from] Sandstorm
|-heal|p1a: Celebi|60/100|[from] item: Leftovers
|upkeep
|turn|18
|
|t:|1714769835
|move|p1a: Celebi|Psychic|p2a: Alakazam
|-resisted|p2a: Alakazam
|-damage|p2a: Alakazam|79/100 par
|move|p2a: Alakazam|Hidden Power|p1a: Celebi
|-supereffective|p1a: Celebi
|-damage|p1a: Celebi|15/100
|
|-weather|Sandstorm|[upkeep]
|-damage|p1a: Celebi|9/100|[from] Sandstorm
|-heal|p1a: Celebi|15/100|[from] item: Leftovers
|upkeep
|turn|19
|
|t:|1714769847
|move|p1a: Celebi|Recover|p1a: Celebi
|-heal|p1a: Celebi|65/100
|move|p2a: Alakazam|Shadow Ball|p1a: Celebi
|-supereffective|p1a: Celebi
|-damage|p1a: Celebi|15/100
|
|-weather|Sandstorm|[upkeep]
|-damage|p1a: Celebi|8/100|[from] Sandstorm
|-heal|p1a: Celebi|15/100|[from] item: Leftovers
|upkeep
|turn|20
|
|t:|1714769858
|move|p1a: Celebi|Recover|p1a: Celebi
|-heal|p1a: Celebi|65/100
|cant|p2a: Alakazam|par
|
|-weather|Sandstorm|[upkeep]
|-damage|p1a: Celebi|58/100|[from] Sandstorm
|-heal|p1a: Celebi|65/100|[from] item: Leftovers
|upkeep
|turn|21
|
|t:|1714769868
|move|p1a: Celebi|Baton Pass|p1a: Celebi
|
|t:|1714769871
|switch|p1a: Landorus|Landorus-Therian, M|100/100|[from] Baton Pass
|-ability|p1a: Landorus|Intimidate|boost
|-unboost|p2a: Alakazam|atk|1
|move|p2a: Alakazam|Hidden Power|p1a: Landorus
|-damage|p1a: Landorus|45/100
|
|-weather|Sandstorm|[upkeep]
|-heal|p1a: Landorus|51/100|[from] item: Leftovers
|upkeep
|turn|22
|
|t:|1714769887
|switch|p2a: Heatran|Heatran, M|88/100
|-damage|p2a: Heatran|76/100|[from] Stealth Rock
|-item|p2a: Heatran|Air Balloon
|move|p1a: Landorus|Substitute|p1a: Landorus
|-start|p1a: Landorus|Substitute
|-damage|p1a: Landorus|26/100
|
|-weather|Sandstorm|[upkeep]
|-heal|p1a: Landorus|32/100|[from] item: Leftovers
|upkeep
|turn|23
|
|t:|1714769899
|move|p1a: Landorus|Smack Down|p2a: Heatran
|-damage|p2a: Heatran|61/100
|-enditem|p2a: Heatran|Air Balloon
|move|p2a: Heatran|Flash Cannon|p1a: Landorus
|-end|p1a: Landorus|Substitute
|
|-weather|Sandstorm|[upkeep]
|-heal|p1a: Landorus|38/100|[from] item: Leftovers
|upkeep
|turn|24
|
|t:|1714769909
|move|p1a: Landorus|Earthquake|p2a: Heatran
|-supereffective|p2a: Heatran
|-damage|p2a: Heatran|0 fnt
|faint|p2a: Heatran
|
|-weather|Sandstorm|[upkeep]
|-heal|p1a: Landorus|44/100|[from] item: Leftovers
|upkeep
|
|t:|1714769918
|switch|p2a: Scizor|Scizor, F|88/100 brn
|-damage|p2a: Scizor|76/100 brn|[from] Stealth Rock
|turn|25
|
|t:|1714769926
|move|p2a: Scizor|Bullet Punch|p1a: Landorus
|-damage|p1a: Landorus|15/100
|move|p1a: Landorus|Substitute|p1a: Landorus
|-fail|p1a: Landorus|move: Substitute|[weak]
|
|-weather|Sandstorm|[upkeep]
|-heal|p1a: Landorus|21/100|[from] item: Leftovers
|-damage|p2a: Scizor|64/100 brn|[from] brn
|upkeep
|turn|26
|
|t:|1714769937
|switch|p1a: Celebi|Celebi|65/100
|move|p2a: Scizor|Bullet Punch|p1a: Celebi
|-damage|p1a: Celebi|43/100
|
|-weather|Sandstorm|[upkeep]
|-damage|p1a: Celebi|36/100|[from] Sandstorm
|-heal|p1a: Celebi|43/100|[from] item: Leftovers
|-damage|p2a: Scizor|52/100 brn|[from] brn
|upkeep
|turn|27
|
|t:|1714769951
|switch|p2a: Tyranitar|Tyranitar, F|100/100
|-damage|p2a: Tyranitar|88/100|[from] Stealth Rock
|move|p1a: Celebi|Recover|p1a: Celebi
|-heal|p1a: Celebi|93/100
|
|-weather|Sandstorm|[upkeep]
|-damage|p1a: Celebi|86/100|[from] Sandstorm
|-heal|p1a: Celebi|93/100|[from] item: Leftovers
|-heal|p2a: Tyranitar|94/100|[from] item: Leftovers
|upkeep
|turn|28
|
|t:|1714769964
|switch|p2a: Scizor|Scizor, F|52/100 brn
|-damage|p2a: Scizor|39/100 brn|[from] Stealth Rock
|move|p1a: Celebi|Thunder Wave||[still]
|-fail|p1a: Celebi
|
|-weather|Sandstorm|[upkeep]
|-damage|p1a: Celebi|86/100|[from] Sandstorm
|-heal|p1a: Celebi|93/100|[from] item: Leftovers
|-damage|p2a: Scizor|27/100 brn|[from] brn
|upkeep
|turn|29
|
|t:|1714769980
|switch|p1a: Excadrill|Excadrill, F|92/100
|move|p2a: Scizor|U-turn|p1a: Excadrill
|-resisted|p1a: Excadrill
|-damage|p1a: Excadrill|70/100
|
|t:|1714769988
|switch|p2a: Dragonite|Dragonite, F|100/100|[from] U-turn
|-damage|p2a: Dragonite|76/100|[from] Stealth Rock
|
|-weather|Sandstorm|[upkeep]
|-damage|p2a: Dragonite|70/100|[from] Sandstorm
|-heal|p1a: Excadrill|76/100|[from] item: Leftovers
|upkeep
|turn|30
|
|t:|1714770001
|switch|p1a: Landorus|Landorus-Therian, M|21/100
|-ability|p1a: Landorus|Intimidate|boost
|-unboost|p2a: Dragonite|atk|1
|move|p2a: Dragonite|Dragon Dance|p2a: Dragonite
|-boost|p2a: Dragonite|atk|1
|-boost|p2a: Dragonite|spe|1
|
|-weather|Sandstorm|[upkeep]
|-damage|p2a: Dragonite|63/100|[from] Sandstorm
|-heal|p1a: Landorus|27/100|[from] item: Leftovers
|upkeep
|turn|31
|
|t:|1714770013
|move|p2a: Dragonite|Ice Punch|p1a: Landorus
|-supereffective|p1a: Landorus
|-damage|p1a: Landorus|0 fnt
|faint|p1a: Landorus
|
|-weather|Sandstorm|[upkeep]
|-damage|p2a: Dragonite|57/100|[from] Sandstorm
|upkeep
|
|t:|1714770029
|switch|p1a: Garchomp|Garchomp, M|11/100
|turn|32
|
|t:|1714770033
|move|p1a: Garchomp|Dual Chop|p2a: Dragonite
|-supereffective|p2a: Dragonite
|-damage|p2a: Dragonite|9/100
|-supereffective|p2a: Dragonite
|-damage|p2a: Dragonite|0 fnt
|faint|p2a: Dragonite
|-hitcount|p2: Dragonite|2
|
|-weather|Sandstorm|[upkeep]
|upkeep
|
|t:|1714770044
|switch|p2a: Scizor|Scizor, F|27/100 brn
|-damage|p2a: Scizor|15/100 brn|[from] Stealth Rock
|turn|33
|
|t:|1714770050
|switch|p1a: Celebi|Celebi|93/100
|move|p2a: Scizor|Bullet Punch|p1a: Celebi
|-damage|p1a: Celebi|71/100
|
|-weather|Sandstorm|[upkeep]
|-damage|p1a: Celebi|65/100|[from] Sandstorm
|-heal|p1a: Celebi|71/100|[from] item: Leftovers
|-damage|p2a: Scizor|3/100 brn|[from] brn
|upkeep
|turn|34
|-message|lemonite90 forfeited.
|
|win|mudkipslaps
|raw|mudkipslaps's rating: 1265 &rarr; <strong>1295</strong><br />(+30 for winning)
|raw|lemonite90's rating: 1334 &rarr; <strong>1310</strong><br />(-24 for losing)
|l|☆lemonite90
|player|p2|
