|j|man
|j|lametears
|player|p1|man|1
|teamsize|p1|6
|player|p2|lametears|126
|teamsize|p2|6
|gametype|singles
|gen|5
|tier|[Gen 5] OU
|rated
|seed|44853,57245,2159,30859
|rule|Sleep Clause Mod: Limit one foe put to sleep
|rule|Species Clause: Limit one of each Pokémon
|rule|OHKO Clause: OHKO moves are banned
|rule|Moody Clause: Moody is banned
|rule|Evasion Moves Clause: Evasion moves are banned
|rule|Endless Battle Clause: Forcing endless battles is banned
|rule|HP Percentage Mod: HP is shown in percentages
|rule|Evasion Abilities Clause: Evasion abilities are banned
|rule|Baton Pass Clause: Limit one Baton Passer, can't pass Spe and other stats simultaneously
|rule|Swagger Clause: Swagger is banned
|clearpoke
|poke|p1|Terrakion|item
|poke|p1|Jirachi|item
|poke|p1|Latios, M|item
|poke|p1|Excadrill, F|item
|poke|p1|Tangrowth, M|item
|poke|p1|Dragonite, F|item
|poke|p2|Garchomp, M|item
|poke|p2|Scizor, M|item
|poke|p2|Kyurem-Black|item
|poke|p2|Jellicent, M|item
|poke|p2|Skarmory, F|item
|poke|p2|Alakazam, M|item
|teampreview
|choice|team 2, team 1, team 3, team 4, team 5, team 6|team 5, team 2, team 3, team 4, team 1, team 6
|
|start
|switch|p1a: Jirachi|Jirachi|351/351
|switch|p2a: Skarmory|Skarmory, F|271/271
|turn|1
|inactive|Battle timer is ON: inactive players will automatically lose when time's up. (requested by lametears)
|choice|move ironhead|move stealthrock
|
|move|p1a: Jirachi|Iron Head|p2a: Skarmory
|-resisted|p2a: Skarmory
|-crit|p2a: Skarmory
|-damage|p2a: Skarmory|197/271
|move|p2a: Skarmory|Stealth Rock|p1a: Jirachi
|-sidestart|p1: man|move: Stealth Rock
|
|upkeep
|turn|2
|choice|move stealthrock|switch 5
|
|switch|p2a: Garchomp|Garchomp, M|357/357
|move|p1a: Jirachi|Stealth Rock|p2a: Garchomp
|-sidestart|p2: lametears|move: Stealth Rock
|
|upkeep
|turn|3
|choice|move icywind|switch 4
|
|switch|p2a: Jellicent|Jellicent, M|403/403
|-damage|p2a: Jellicent|353/403|[from] Stealth Rock
|move|p1a: Jirachi|Icy Wind|p2a: Jellicent
|-resisted|p2a: Jellicent
|-damage|p2a: Jellicent|326/403
|-unboost|p2a: Jellicent|spe|1
|
|-heal|p2a: Jellicent|351/403|[from] item: Leftovers
|upkeep
|turn|4
|choice|move thunder|move willowisp
|
|move|p1a: Jirachi|Thunder|p2a: Jellicent
|-supereffective|p2a: Jellicent
|-crit|p2a: Jellicent
|-damage|p2a: Jellicent|0 fnt
|faint|p2a: Jellicent
|
|upkeep
|c|☆lametears|well
|choice||switch 2
|
|switch|p2a: Scizor|Scizor, M|343/343
|-damage|p2a: Scizor|301/343|[from] Stealth Rock
|turn|5
|choice|switch 6|move swordsdance
|
|switch|p1a: Dragonite|Dragonite, F|323/323
|-damage|p1a: Dragonite|243/323|[from] Stealth Rock
|move|p2a: Scizor|Swords Dance|p2a: Scizor
|-boost|p2a: Scizor|atk|2
|
|-heal|p2a: Scizor|322/343|[from] item: Leftovers
|upkeep
|turn|6
|choice|move firepunch|switch 4
|
|switch|p2a: Garchomp|Garchomp, M|357/357
|-damage|p2a: Garchomp|335/357|[from] Stealth Rock
|move|p1a: Dragonite|Fire Punch|p2a: Garchomp
|-resisted|p2a: Garchomp
|-damage|p2a: Garchomp|281/357
|-damage|p1a: Dragonite|203/323|[from] ability: Rough Skin|[of] p2a: Garchomp
|
|upkeep
|turn|7
|choice|switch 5|move swordsdance
|
|switch|p1a: Tangrowth|Tangrowth, M|403/403
|-damage|p1a: Tangrowth|353/403|[from] Stealth Rock
|move|p2a: Garchomp|Swords Dance|p2a: Garchomp
|-boost|p2a: Garchomp|atk|2
|
|-heal|p1a: Tangrowth|378/403|[from] item: Leftovers
|upkeep
|turn|8
|choice|move sleeppowder|move dualchop
|
|move|p2a: Garchomp|Dual Chop|p1a: Tangrowth
|-damage|p1a: Tangrowth|290/403
|-damage|p1a: Tangrowth|200/403
|-hitcount|p1a: Tangrowth|2
|move|p1a: Tangrowth|Sleep Powder|p2a: Garchomp
|-status|p2a: Garchomp|slp
|-enditem|p2a: Garchomp|Lum Berry|[eat]
|-curestatus|p2a: Garchomp|slp|[msg]
|
|-heal|p1a: Tangrowth|225/403|[from] item: Leftovers
|upkeep
|turn|9
|inactive|lametears has 120 seconds left.
|choice|move sleeppowder|move dualchop
|
|move|p2a: Garchomp|Dual Chop|p1a: Tangrowth
|-damage|p1a: Tangrowth|122/403
|-damage|p1a: Tangrowth|28/403
|-hitcount|p1a: Tangrowth|2
|move|p1a: Tangrowth|Sleep Powder|p2a: Garchomp
|-status|p2a: Garchomp|slp
|
|-heal|p1a: Tangrowth|53/403|[from] item: Leftovers
|upkeep
|turn|10
|choice|move gigadrain|move dualchop
|
|cant|p2a: Garchomp|slp
|move|p1a: Tangrowth|Giga Drain|p2a: Garchomp
|-damage|p2a: Garchomp|169/357 slp
|-heal|p1a: Tangrowth|109/403|[from] drain|[of] p2a: Garchomp
|
|-heal|p1a: Tangrowth|134/403|[from] item: Leftovers
|upkeep
|turn|11
|choice|move hiddenpower|move dualchop
|
|cant|p2a: Garchomp|slp
|move|p1a: Tangrowth|Hidden Power|p2a: Garchomp
|-supereffective|p2a: Garchomp
|-damage|p2a: Garchomp|0 fnt
|faint|p2a: Garchomp
|
|-heal|p1a: Tangrowth|159/403|[from] item: Leftovers
|upkeep
|choice||switch 5
|
|switch|p2a: Skarmory|Skarmory, F|197/271
|-damage|p2a: Skarmory|164/271|[from] Stealth Rock
|turn|12
|choice|switch 3|move bravebird
|
|switch|p1a: Latios|Latios, M|301/301
|-damage|p1a: Latios|264/301|[from] Stealth Rock
|move|p2a: Skarmory|Brave Bird|p1a: Latios
|-damage|p1a: Latios|66/301
|-damage|p2a: Skarmory|99/271|[from] Recoil|[of] p1a: Latios
|
|upkeep
|turn|13
|choice|move hiddenpower|move spikes
|
|move|p1a: Latios|Hidden Power|p2a: Skarmory
|-supereffective|p2a: Skarmory
|-damage|p2a: Skarmory|0 fnt
|faint|p2a: Skarmory
|
|upkeep
|choice||switch 6
|
|switch|p2a: Alakazam|Alakazam, M|251/251
|turn|14
|choice|move hiddenpower|move shadowball
|
|move|p2a: Alakazam|Shadow Ball|p1a: Latios
|-supereffective|p1a: Latios
|-damage|p1a: Latios|0 fnt
|faint|p1a: Latios
|
|upkeep
|choice|switch 6|
|
|switch|p1a: Jirachi|Jirachi|351/351
|-damage|p1a: Jirachi|330/351|[from] Stealth Rock
|turn|15
|choice|move icywind|move thunderwave
|
|move|p2a: Alakazam|Thunder Wave|p1a: Jirachi
|-status|p1a: Jirachi|par
|move|p1a: Jirachi|Icy Wind|p2a: Alakazam
|-damage|p2a: Alakazam|191/251
|-unboost|p2a: Alakazam|spe|1
|
|upkeep
|turn|16
|choice|move ironhead|move focusblast
|
|move|p2a: Alakazam|Focus Blast|p1a: Jirachi
|-damage|p1a: Jirachi|183/351 par
|move|p1a: Jirachi|Iron Head|p2a: Alakazam
|-damage|p2a: Alakazam|0 fnt
|faint|p2a: Alakazam
|
|upkeep
|choice||switch 4
|
|switch|p2a: Scizor|Scizor, M|322/343
|-damage|p2a: Scizor|280/343|[from] Stealth Rock
|turn|17
|choice|move thunder|move swordsdance
|
|move|p2a: Scizor|Swords Dance|p2a: Scizor
|-boost|p2a: Scizor|atk|2
|move|p1a: Jirachi|Thunder|p2a: Scizor
|-damage|p2a: Scizor|174/343
|-status|p2a: Scizor|par
|
|-heal|p2a: Scizor|195/343 par|[from] item: Leftovers
|upkeep
|turn|18
|choice|move ironhead|move roost
|
|move|p1a: Jirachi|Iron Head|p2a: Scizor
|-resisted|p2a: Scizor
|-damage|p2a: Scizor|140/343 par
|move|p2a: Scizor|Roost|p2a: Scizor
|-heal|p2a: Scizor|312/343 par
|
|-heal|p2a: Scizor|333/343 par|[from] item: Leftovers
|upkeep
|turn|19
|choice|move ironhead|move swordsdance
|
|move|p1a: Jirachi|Iron Head|p2a: Scizor
|-resisted|p2a: Scizor
|-damage|p2a: Scizor|285/343 par
|move|p2a: Scizor|Swords Dance|p2a: Scizor
|-boost|p2a: Scizor|atk|2
|
|-heal|p2a: Scizor|306/343 par|[from] item: Leftovers
|upkeep
|turn|20
|choice|move ironhead|move swordsdance
|
|move|p1a: Jirachi|Iron Head|p2a: Scizor
|-resisted|p2a: Scizor
|-damage|p2a: Scizor|253/343 par
|cant|p2a: Scizor|flinch
|
|-heal|p2a: Scizor|274/343 par|[from] item: Leftovers
|upkeep
|turn|21
|choice|move ironhead|move roost
|
|move|p1a: Jirachi|Iron Head|p2a: Scizor
|-resisted|p2a: Scizor
|-damage|p2a: Scizor|223/343 par
|move|p2a: Scizor|Roost|p2a: Scizor
|-heal|p2a: Scizor|343/343 par
|
|upkeep
|turn|22
|choice|move ironhead|move swordsdance
|
|move|p1a: Jirachi|Iron Head|p2a: Scizor
|-resisted|p2a: Scizor
|-damage|p2a: Scizor|292/343 par
|move|p2a: Scizor|Swords Dance|p2a: Scizor
|-boost|p2a: Scizor|atk|2
|
|-heal|p2a: Scizor|313/343 par|[from] item: Leftovers
|upkeep
|turn|23
|choice|move ironhead|move bulletpunch
|
|move|p2a: Scizor|Bullet Punch|p1a: Jirachi
|-resisted|p1a: Jirachi
|-damage|p1a: Jirachi|0 fnt
|faint|p1a: Jirachi
|
|-heal|p2a: Scizor|334/343 par|[from] item: Leftovers
|upkeep
|choice|switch 5|
|
|switch|p1a: Dragonite|Dragonite, F|203/323
|-damage|p1a: Dragonite|123/323|[from] Stealth Rock
|turn|24
|choice|move firepunch|move bulletpunch
|
|move|p2a: Scizor|Bullet Punch|p1a: Dragonite
|-damage|p1a: Dragonite|0 fnt
|faint|p1a: Dragonite
|
|-heal|p2a: Scizor|343/343 par|[from] item: Leftovers
|upkeep
|choice|switch 4|
|
|switch|p1a: Excadrill|Excadrill, F|361/361
|-damage|p1a: Excadrill|350/361|[from] Stealth Rock
|-ability|p1a: Excadrill|Mold Breaker
|turn|25
|choice|move earthquake|move bulletpunch
|
|move|p2a: Scizor|Bullet Punch|p1a: Excadrill
|-resisted|p1a: Excadrill
|-damage|p1a: Excadrill|74/361
|move|p1a: Excadrill|Earthquake|p2a: Scizor
|-damage|p2a: Scizor|133/343 par
|
|-heal|p2a: Scizor|154/343 par|[from] item: Leftovers
|upkeep
|turn|26
|choice|move earthquake|move bulletpunch
|
|move|p2a: Scizor|Bullet Punch|p1a: Excadrill
|-resisted|p1a: Excadrill
|-damage|p1a: Excadrill|0 fnt
|faint|p1a: Excadrill
|
|-heal|p2a: Scizor|175/343 par|[from] item: Leftovers
|upkeep
|choice|switch 2|
|
|switch|p1a: Terrakion|Terrakion|323/323
|-damage|p1a: Terrakion|303/323|[from] Stealth Rock
|turn|27
|choice|move closecombat|move bulletpunch
|
|move|p2a: Scizor|Bullet Punch|p1a: Terrakion
|-supereffective|p1a: Terrakion
|-damage|p1a: Terrakion|0 fnt
|faint|p1a: Terrakion
|
|-heal|p2a: Scizor|196/343 par|[from] item: Leftovers
|upkeep
|choice|switch 3|
|
|switch|p1a: Tangrowth|Tangrowth, M|293/403
|-damage|p1a: Tangrowth|243/403|[from] Stealth Rock
|turn|28
|c|☆man|where para ?
|c|☆lametears|where thunder miss
|c|☆lametears|where no thunder crit
|c|☆man|dumb ass
|c|☆lametears|where rachi para
|c|☆lametears|:D
|c|☆man|i won
|c|☆man|if u did not HAX
|c|☆lametears|i won
|c|☆man|learn to play retardded
|c|☆lametears|if u did not HAX
|inactive|lametears has 120 seconds left.
|c|☆man|?
|c|☆man|u have no understand
|c|☆man|of this game
|c|☆lametears|u have no understand of this game
|choice|move knockoff|move bulletpunch
|
|cant|p2a: Scizor|par
|move|p1a: Tangrowth|Knock Off|p2a: Scizor
|-resisted|p2a: Scizor
|-damage|p2a: Scizor|189/343 par
|-enditem|p2a: Scizor|Leftovers|[from] move: Knock Off|[of] p1a: Tangrowth
|
|-heal|p1a: Tangrowth|268/403|[from] item: Leftovers
|upkeep
|turn|29
|c|☆man|dissconnect
|c|☆lametears|theres the para
|choice|move gigadrain|move uturn
|
|move|p1a: Tangrowth|Giga Drain|p2a: Scizor
|-resisted|p2a: Scizor
|-damage|p2a: Scizor|167/343 par
|-heal|p1a: Tangrowth|279/403|[from] drain|[of] p2a: Scizor
|move|p2a: Scizor|U-turn|p1a: Tangrowth
|-supereffective|p1a: Tangrowth
|-damage|p1a: Tangrowth|0 fnt
|faint|p1a: Tangrowth
|
|win|lametears
|c|☆lametears|gg
|raw|man's rating: 1398 &rarr; <strong>1380</strong><br />(-18 for losing)
|raw|lametears's rating: 1428 &rarr; <strong>1446</strong><br />(+18 for winning)
|c|☆lametears|better player wins once again
|c|☆man|bad Game
|c|☆man|Lol
|c|☆man|u suck cock
|c|☆lametears|damn so a dicksucker beat u
|c|☆man|yeah
|c|☆man|u suck dick
|c|☆lametears|who cares
|c|☆lametears|atleast i win games
|c|☆lametears|:)
|c|☆man|:]
|c|☆man|if u didnt care
|c|☆man|u would not still be here
|c|☆man|leave
|c|☆man|begone wench
|c|☆lametears|oh i do care
|c|☆lametears|its quite fun to see someone embarass himself
|c|☆lametears|:)
|c|☆man|no importa hax
|c|☆man|how is embarrasssing ?
|c|☆man|u r retardded
|c|☆man|nobody is here
|c|☆man|and anonymous
|c|☆man|truly lack understand of this game