|j|☆vvariants
|j|☆ILoveTeamPreview
|t:|1705173156
|gametype|singles
|player|p1|vvariants|lyra|1305
|player|p2|ILoveTeamPreview|zinnia|1510
|teamsize|p1|6
|teamsize|p2|6
|gen|5
|tier|[Gen 5] OU
|rated|
|rule|Species Clause: Limit one of each Pokémon
|rule|OHKO Clause: OHKO moves are banned
|rule|Moody Clause: Moody is banned
|rule|Evasion Items Clause: Evasion items are banned
|rule|Evasion Moves Clause: Evasion moves are banned
|rule|Endless Battle Clause: Forcing endless battles is banned
|rule|HP Percentage Mod: HP is shown in percentages
|rule|Evasion Abilities Clause: Evasion abilities are banned
|rule|Sleep Moves Clause: Sleep-inducing moves are banned
|rule|Swagger Clause: Swagger is banned
|rule|Baton Pass Stat Clause: No Baton Passer may have a way to boost its stats
|clearpoke
|poke|p1|Tyranitar, F|item
|poke|p1|Landorus-Therian, M|item
|poke|p1|Garchomp, M|item
|poke|p1|Jirachi|item
|poke|p1|Latios, M|item
|poke|p1|Rotom-Wash|item
|poke|p2|Tyranitar, F|item
|poke|p2|Slowbro, F|item
|poke|p2|Celebi|item
|poke|p2|Gliscor, F|item
|poke|p2|Excadrill, F|item
|poke|p2|Garchomp, F|item
|teampreview
|inactive|Battle timer is ON: inactive players will automatically lose when time's up. (requested by vvariants)
|
|t:|1705173167
|start
|switch|p1a: Rotom|Rotom-Wash|100/100
|switch|p2a: Gliscor|Gliscor, F|100/100
|turn|1
|
|t:|1705173192
|move|p2a: Gliscor|Protect|p2a: Gliscor
|-singleturn|p2a: Gliscor|Protect
|move|p1a: Rotom|Hydro Pump|p2a: Gliscor
|-activate|p2a: Gliscor|move: Protect
|
|-status|p2a: Gliscor|tox|[from] item: Toxic Orb
|upkeep
|turn|2
|
|t:|1705173194
|switch|p2a: Celebi|Celebi|100/100
|move|p1a: Rotom|Volt Switch|p2a: Celebi
|-resisted|p2a: Celebi
|-crit|p2a: Celebi
|-damage|p2a: Celebi|80/100
|
|t:|1705173198
|switch|p1a: Landorus|Landorus-Therian, M|100/100|[from] Volt Switch
|-ability|p1a: Landorus|Intimidate|boost
|-unboost|p2a: Celebi|atk|1
|
|-heal|p2a: Celebi|87/100|[from] item: Leftovers
|upkeep
|turn|3
|
|t:|1705173200
|switch|p2a: Slowbro|Slowbro, F|100/100
|move|p1a: Landorus|U-turn|p2a: Slowbro
|-supereffective|p2a: Slowbro
|-damage|p2a: Slowbro|72/100
|-damage|p1a: Landorus|84/100|[from] item: Rocky Helmet|[of] p2a: Slowbro
|
|t:|1705173204
|switch|p1a: Garchomp|Garchomp, M|100/100|[from] U-turn
|
|upkeep
|turn|4
|
|t:|1705173207
|switch|p2a: Celebi|Celebi|87/100
|move|p1a: Garchomp|Draco Meteor|p2a: Celebi
|-damage|p2a: Celebi|41/100
|-unboost|p1a: Garchomp|spa|2
|-damage|p1a: Garchomp|91/100|[from] item: Life Orb
|
|-heal|p2a: Celebi|48/100|[from] item: Leftovers
|upkeep
|turn|5
|
|t:|1705173210
|move|p1a: Garchomp|Stealth Rock|p2a: Celebi
|-sidestart|p2: ILoveTeamPreview|move: Stealth Rock
|move|p2a: Celebi|Recover|p2a: Celebi
|-heal|p2a: Celebi|98/100
|
|-heal|p2a: Celebi|100/100|[from] item: Leftovers
|upkeep
|turn|6
|
|t:|1705173214
|switch|p1a: Jirachi|Jirachi|100/100
|move|p2a: Celebi|Baton Pass|p2a: Celebi
|
|t:|1705173216
|switch|p2a: Garchomp|Garchomp, F|100/100|[from] Baton Pass
|-damage|p2a: Garchomp|94/100|[from] Stealth Rock
|
|upkeep
|turn|7
|
|t:|1705173219
|switch|p1a: Landorus|Landorus-Therian, M|84/100
|-ability|p1a: Landorus|Intimidate|boost
|-unboost|p2a: Garchomp|atk|1
|move|p2a: Garchomp|Stealth Rock|p1a: Landorus
|-sidestart|p1: vvariants|move: Stealth Rock
|
|upkeep
|turn|8
|
|t:|1705173225
|switch|p2a: Slowbro|Slowbro, F|100/100
|-damage|p2a: Slowbro|88/100|[from] Stealth Rock
|move|p1a: Landorus|Hidden Power|p2a: Slowbro
|-resisted|p2a: Slowbro
|-damage|p2a: Slowbro|80/100
|
|upkeep
|turn|9
|
|t:|1705173228
|switch|p1a: Jirachi|Jirachi|100/100
|-damage|p1a: Jirachi|94/100|[from] Stealth Rock
|move|p2a: Slowbro|Scald|p1a: Jirachi
|-damage|p1a: Jirachi|67/100
|
|upkeep
|turn|10
|
|t:|1705173231
|switch|p2a: Gliscor|Gliscor, F|100/100 tox
|-damage|p2a: Gliscor|88/100 tox|[from] Stealth Rock
|move|p1a: Jirachi|Thunder|p2a: Gliscor
|-immune|p2a: Gliscor
|
|-heal|p2a: Gliscor|100/100 tox|[from] ability: Poison Heal
|upkeep
|turn|11
|
|t:|1705173233
|move|p1a: Jirachi|Ice Punch|p2a: Gliscor
|-supereffective|p2a: Gliscor
|-damage|p2a: Gliscor|24/100 tox
|move|p2a: Gliscor|Earthquake|p1a: Jirachi
|-supereffective|p1a: Jirachi
|-damage|p1a: Jirachi|0 fnt
|faint|p1a: Jirachi
|
|-heal|p2a: Gliscor|37/100 tox|[from] ability: Poison Heal
|upkeep
|
|t:|1705173239
|switch|p1a: Garchomp|Garchomp, M|91/100
|-damage|p1a: Garchomp|85/100|[from] Stealth Rock
|turn|12
|
|t:|1705173241
|move|p2a: Gliscor|Protect|p2a: Gliscor
|-singleturn|p2a: Gliscor|Protect
|move|p1a: Garchomp|Fire Blast|p2a: Gliscor
|-activate|p2a: Gliscor|move: Protect
|
|-heal|p2a: Gliscor|49/100 tox|[from] ability: Poison Heal
|upkeep
|turn|13
|
|t:|1705173244
|switch|p2a: Celebi|Celebi|100/100
|-damage|p2a: Celebi|88/100|[from] Stealth Rock
|move|p1a: Garchomp|Draco Meteor|p2a: Celebi
|-damage|p2a: Celebi|41/100
|-unboost|p1a: Garchomp|spa|2
|-damage|p1a: Garchomp|75/100|[from] item: Life Orb
|
|-heal|p2a: Celebi|47/100|[from] item: Leftovers
|upkeep
|turn|14
|
|t:|1705173247
|move|p1a: Garchomp|Fire Blast|p2a: Celebi
|-supereffective|p2a: Celebi
|-crit|p2a: Celebi
|-damage|p2a: Celebi|0 fnt
|faint|p2a: Celebi
|-damage|p1a: Garchomp|65/100|[from] item: Life Orb
|
|upkeep
|
|t:|1705173250
|switch|p2a: Tyranitar|Tyranitar, F|100/100
|-damage|p2a: Tyranitar|88/100|[from] Stealth Rock
|-weather|Sandstorm|[from] ability: Sand Stream|[of] p2a: Tyranitar
|turn|15
|
|t:|1705173253
|move|p2a: Tyranitar|Ice Punch|p1a: Garchomp
|-supereffective|p1a: Garchomp
|-damage|p1a: Garchomp|0 fnt
|-damage|p2a: Tyranitar|76/100|[from] ability: Rough Skin|[of] p1a: Garchomp
|faint|p1a: Garchomp
|
|-weather|Sandstorm|[upkeep]
|upkeep
|
|t:|1705173257
|switch|p1a: Rotom|Rotom-Wash|100/100
|-damage|p1a: Rotom|88/100|[from] Stealth Rock
|turn|16
|
|t:|1705173262
|switch|p2a: Garchomp|Garchomp, F|94/100
|-damage|p2a: Garchomp|88/100|[from] Stealth Rock
|move|p1a: Rotom|Volt Switch|p2a: Garchomp
|-immune|p2a: Garchomp
|
|-weather|Sandstorm|[upkeep]
|-damage|p1a: Rotom|82/100|[from] Sandstorm
|-heal|p1a: Rotom|88/100|[from] item: Leftovers
|upkeep
|turn|17
|
|t:|1705173264
|move|p2a: Garchomp|Outrage|p1a: Rotom
|-damage|p1a: Rotom|20/100
|move|p1a: Rotom|Hydro Pump|p2a: Garchomp
|-damage|p2a: Garchomp|21/100
|
|-weather|Sandstorm|[upkeep]
|-damage|p1a: Rotom|14/100|[from] Sandstorm
|-heal|p1a: Rotom|20/100|[from] item: Leftovers
|upkeep
|turn|18
|
|t:|1705173270
|move|p2a: Garchomp|Outrage|p1a: Rotom|[from]lockedmove
|-crit|p1a: Rotom
|-damage|p1a: Rotom|0 fnt
|faint|p1a: Rotom
|
|-weather|Sandstorm|[upkeep]
|upkeep
|
|t:|1705173274
|switch|p1a: Latios|Latios, M|100/100
|-damage|p1a: Latios|88/100|[from] Stealth Rock
|turn|19
|
|t:|1705173277
|move|p1a: Latios|Surf|p2a: Garchomp
|-crit|p2a: Garchomp
|-damage|p2a: Garchomp|0 fnt
|faint|p2a: Garchomp
|
|-weather|Sandstorm|[upkeep]
|-damage|p1a: Latios|82/100|[from] Sandstorm
|upkeep
|
|t:|1705173279
|switch|p2a: Tyranitar|Tyranitar, F|76/100
|-damage|p2a: Tyranitar|64/100|[from] Stealth Rock
|turn|20
|
|t:|1705173281
|move|p2a: Tyranitar|Crunch|p1a: Latios
|-supereffective|p1a: Latios
|-damage|p1a: Latios|0 fnt
|faint|p1a: Latios
|
|-weather|Sandstorm|[upkeep]
|upkeep
|
|t:|1705173283
|switch|p1a: Landorus|Landorus-Therian, M|84/100
|-damage|p1a: Landorus|72/100|[from] Stealth Rock
|-ability|p1a: Landorus|Intimidate|boost
|-unboost|p2a: Tyranitar|atk|1
|turn|21
|
|t:|1705173287
|switch|p2a: Gliscor|Gliscor, F|49/100 tox
|-damage|p2a: Gliscor|37/100 tox|[from] Stealth Rock
|move|p1a: Landorus|U-turn|p2a: Gliscor
|-resisted|p2a: Gliscor
|-damage|p2a: Gliscor|27/100 tox
|
|t:|1705173289
|switch|p1a: Tyranitar|Tyranitar, F|100/100|[from] U-turn
|-damage|p1a: Tyranitar|88/100|[from] Stealth Rock
|
|-weather|Sandstorm|[upkeep]
|-heal|p2a: Gliscor|39/100 tox|[from] ability: Poison Heal
|upkeep
|turn|22
|
|t:|1705173291
|move|p2a: Gliscor|Protect|p2a: Gliscor
|-singleturn|p2a: Gliscor|Protect
|move|p1a: Tyranitar|Ice Punch|p2a: Gliscor
|-activate|p2a: Gliscor|move: Protect
|
|-weather|Sandstorm|[upkeep]
|-heal|p2a: Gliscor|52/100 tox|[from] ability: Poison Heal
|upkeep
|turn|23
|
|t:|1705173294
|switch|p2a: Excadrill|Excadrill, F|100/100
|-damage|p2a: Excadrill|97/100|[from] Stealth Rock
|move|p1a: Tyranitar|Fire Blast|p2a: Excadrill
|-supereffective|p2a: Excadrill
|-damage|p2a: Excadrill|44/100
|
|-weather|Sandstorm|[upkeep]
|-heal|p2a: Excadrill|51/100|[from] item: Leftovers
|upkeep
|turn|24
|
|t:|1705173301
|move|p2a: Excadrill|Iron Head|p1a: Tyranitar
|-supereffective|p1a: Tyranitar
|-damage|p1a: Tyranitar|4/100
|cant|p1a: Tyranitar|flinch
|
|-weather|Sandstorm|[upkeep]
|-heal|p2a: Excadrill|57/100|[from] item: Leftovers
|upkeep
|turn|25
|
|t:|1705173303
|switch|p1a: Landorus|Landorus-Therian, M|72/100
|-damage|p1a: Landorus|59/100|[from] Stealth Rock
|-ability|p1a: Landorus|Intimidate|boost
|-unboost|p2a: Excadrill|atk|1
|move|p2a: Excadrill|Iron Head|p1a: Landorus
|-damage|p1a: Landorus|20/100
|
|-weather|Sandstorm|[upkeep]
|-heal|p2a: Excadrill|63/100|[from] item: Leftovers
|upkeep
|turn|26
|
|t:|1705173307
|switch|p2a: Slowbro|Slowbro, F|100/100
|-damage|p2a: Slowbro|88/100|[from] Stealth Rock
|move|p1a: Landorus|Hidden Power|p2a: Slowbro
|-resisted|p2a: Slowbro
|-damage|p2a: Slowbro|79/100
|
|-weather|Sandstorm|[upkeep]
|-damage|p2a: Slowbro|73/100|[from] Sandstorm
|upkeep
|turn|27
|
|t:|1705173311
|move|p1a: Landorus|Hidden Power|p2a: Slowbro
|-resisted|p2a: Slowbro
|-damage|p2a: Slowbro|64/100
|move|p2a: Slowbro|Scald|p1a: Landorus
|-supereffective|p1a: Landorus
|-damage|p1a: Landorus|0 fnt
|faint|p1a: Landorus
|
|-weather|Sandstorm|[upkeep]
|-damage|p2a: Slowbro|57/100|[from] Sandstorm
|upkeep
|
|t:|1705173313
|switch|p1a: Tyranitar|Tyranitar, F|4/100
|-damage|p1a: Tyranitar|0 fnt|[from] Stealth Rock
|faint|p1a: Tyranitar
|
|win|ILoveTeamPreview
|raw|vvariants's rating: 1305 &rarr; <strong>1296</strong><br />(-9 for losing)
|raw|ILoveTeamPreview's rating: 1510 &rarr; <strong>1519</strong><br />(+9 for winning)
