|j|☆Dean Tyoowon
|j|☆Clawdia Chauchat
|t:|1734545571
|gametype|singles
|player|p1|Dean Tyoowon|gambler|1333
|player|p2|Clawdia Chauchat|winona|1542
|teamsize|p1|6
|teamsize|p2|6
|gen|5
|tier|[Gen 5] OU
|rated|
|rule|Species Clause: Limit one of each Pokémon
|rule|OHKO Clause: OHKO moves are banned
|rule|Moody Clause: Moody is banned
|rule|Evasion Items Clause: Evasion items are banned
|rule|Evasion Moves Clause: Evasion moves are banned
|rule|Endless Battle Clause: Forcing endless battles is banned
|rule|HP Percentage Mod: HP is shown in percentages
|rule|Evasion Abilities Clause: Evasion abilities are banned
|rule|Sleep Moves Clause: Sleep-inducing moves are banned
|rule|Swagger Clause: Swagger is banned
|rule|Baton Pass Stat Clause: No Baton Passer may have a way to boost its stats
|clearpoke
|poke|p1|Gastrodon, F|item
|poke|p1|Skarmory, F|item
|poke|p1|Tyranitar, M|item
|poke|p1|Excadrill, F|item
|poke|p1|Alakazam, M|item
|poke|p1|Gengar, M|item
|poke|p2|Tyranitar, F|item
|poke|p2|Landorus-Therian, M|item
|poke|p2|Skarmory, F|item
|poke|p2|Jirachi|item
|poke|p2|Reuniclus, F|item
|poke|p2|Latias, F|item
|teampreview
|
|t:|1734545578
|start
|switch|p1a: Gengar|Gengar, M|100/100
|switch|p2a: Landorus|Landorus-Therian, M|100/100
|-ability|p2a: Landorus|Intimidate|boost
|-unboost|p1a: Gengar|atk|1
|turn|1
|
|t:|1734545592
|switch|p2a: Tyranitar|Tyranitar, F|100/100
|-weather|Sandstorm|[from] ability: Sand Stream|[of] p2a: Tyranitar
|move|p1a: Gengar|Will-O-Wisp|p2a: Tyranitar
|-status|p2a: Tyranitar|brn
|
|-weather|Sandstorm|[upkeep]
|-damage|p1a: Gengar|94/100|[from] Sandstorm
|-heal|p1a: Gengar|100/100|[from] item: Black Sludge
|-damage|p2a: Tyranitar|88/100 brn|[from] brn
|upkeep
|turn|2
|
|t:|1734545604
|move|p1a: Gengar|Focus Blast|p2a: Tyranitar
|-supereffective|p2a: Tyranitar
|-crit|p2a: Tyranitar
|-enditem|p2a: Tyranitar|Chople Berry|[eat]
|-enditem|p2a: Tyranitar|Chople Berry|[weaken]
|-damage|p2a: Tyranitar|12/100 brn
|move|p2a: Tyranitar|Pursuit|p1a: Gengar
|-supereffective|p1a: Gengar
|-damage|p1a: Gengar|57/100
|
|-weather|Sandstorm|[upkeep]
|-damage|p1a: Gengar|51/100|[from] Sandstorm
|-heal|p1a: Gengar|57/100|[from] item: Black Sludge
|-damage|p2a: Tyranitar|0 fnt|[from] brn
|faint|p2a: Tyranitar
|upkeep
|
|t:|1734545611
|switch|p2a: Latias|Latias, F|100/100
|turn|3
|
|t:|1734545620
|switch|p1a: Tyranitar|Tyranitar, M|100/100
|move|p2a: Latias|Dragon Pulse|p1a: Tyranitar
|-damage|p1a: Tyranitar|79/100
|
|-weather|Sandstorm|[upkeep]
|-damage|p2a: Latias|95/100|[from] Sandstorm
|-heal|p2a: Latias|100/100|[from] item: Leftovers
|upkeep
|turn|4
|
|t:|1734545628
|-activate|p2a: Latias|move: Pursuit
|move|p1a: Tyranitar|Pursuit|p2a: Latias|[from]Pursuit
|-supereffective|p2a: Latias
|-damage|p2a: Latias|0 fnt
|faint|p2a: Latias
|-hint|A Pokemon can't switch between when it runs out of HP and when it faints
|
|-weather|Sandstorm|[upkeep]
|upkeep
|
|t:|1734545636
|switch|p2a: Landorus|Landorus-Therian, M|100/100
|-ability|p2a: Landorus|Intimidate|boost
|-unboost|p1a: Tyranitar|atk|1
|turn|5
|
|t:|1734545641
|switch|p1a: Skarmory|Skarmory, F|100/100
|move|p2a: Landorus|Stealth Rock|p1a: Skarmory
|-sidestart|p1: Dean Tyoowon|move: Stealth Rock
|
|-weather|Sandstorm|[upkeep]
|upkeep
|turn|6
|
|t:|1734545647
|move|p2a: Landorus|U-turn|p1a: Skarmory
|-resisted|p1a: Skarmory
|-damage|p1a: Skarmory|96/100
|-damage|p2a: Landorus|84/100|[from] item: Rocky Helmet|[of] p1a: Skarmory
|
|t:|1734545653
|switch|p2a: Jirachi|Jirachi|100/100|[from] U-turn
|move|p1a: Skarmory|Spikes|p2a: Jirachi
|-sidestart|p2: Clawdia Chauchat|Spikes
|
|-weather|Sandstorm|[upkeep]
|upkeep
|turn|7
|
|t:|1734545658
|move|p2a: Jirachi|Thunder|p1a: Skarmory|[miss]
|-miss|p2a: Jirachi|p1a: Skarmory
|move|p1a: Skarmory|Whirlwind|p2a: Jirachi
|drag|p2a: Landorus|Landorus-Therian, M|84/100
|-ability|p2a: Landorus|Intimidate|boost
|-unboost|p1a: Skarmory|atk|1
|
|-weather|Sandstorm|[upkeep]
|-heal|p2a: Landorus|90/100|[from] item: Leftovers
|upkeep
|turn|8
|
|t:|1734545667
|switch|p2a: Reuniclus|Reuniclus, F|100/100
|move|p1a: Skarmory|Spikes|p2a: Reuniclus
|-sidestart|p2: Clawdia Chauchat|Spikes
|
|-weather|Sandstorm|[upkeep]
|upkeep
|turn|9
|
|t:|1734545673
|move|p2a: Reuniclus|Trick|p1a: Skarmory
|-activate|p2a: Reuniclus|move: Trick|[of] p1a: Skarmory
|-item|p1a: Skarmory|Sticky Barb|[from] move: Trick
|-item|p2a: Reuniclus|Rocky Helmet|[from] move: Trick
|move|p1a: Skarmory|Whirlwind|p2a: Reuniclus
|drag|p2a: Jirachi|Jirachi|100/100
|-damage|p2a: Jirachi|84/100|[from] Spikes
|
|-weather|Sandstorm|[upkeep]
|-heal|p2a: Jirachi|90/100|[from] item: Leftovers
|-damage|p1a: Skarmory|84/100|[from] item: Sticky Barb
|upkeep
|turn|10
|
|t:|1734545683
|move|p2a: Jirachi|Thunder|p1a: Skarmory
|-supereffective|p1a: Skarmory
|-damage|p1a: Skarmory|15/100
|move|p1a: Skarmory|Spikes|p2a: Jirachi
|-sidestart|p2: Clawdia Chauchat|Spikes
|
|-weather|Sandstorm|[upkeep]
|-heal|p2a: Jirachi|96/100|[from] item: Leftovers
|-damage|p1a: Skarmory|3/100|[from] item: Sticky Barb
|upkeep
|turn|11
|
|t:|1734545697
|switch|p1a: Excadrill|Excadrill, F|100/100
|-damage|p1a: Excadrill|97/100|[from] Stealth Rock
|move|p2a: Jirachi|Hidden Power|p1a: Excadrill
|-supereffective|p1a: Excadrill
|-damage|p1a: Excadrill|41/100
|
|-weather|Sandstorm|[upkeep]
|-heal|p2a: Jirachi|100/100|[from] item: Leftovers
|upkeep
|turn|12
|
|t:|1734545706
|switch|p2a: Landorus|Landorus-Therian, M|90/100
|-ability|p2a: Landorus|Intimidate|boost
|-unboost|p1a: Excadrill|atk|1
|move|p1a: Excadrill|Rapid Spin|p2a: Landorus
|-damage|p2a: Landorus|85/100
|-sideend|p1: Dean Tyoowon|Stealth Rock|[from] move: Rapid Spin|[of] p1a: Excadrill
|
|-weather|Sandstorm|[upkeep]
|-heal|p2a: Landorus|91/100|[from] item: Leftovers
|upkeep
|turn|13
|
|t:|1734545716
|switch|p1a: Skarmory|Skarmory, F|3/100
|move|p2a: Landorus|Stealth Rock|p1a: Skarmory
|-sidestart|p1: Dean Tyoowon|move: Stealth Rock
|
|-weather|Sandstorm|[upkeep]
|-heal|p2a: Landorus|97/100|[from] item: Leftovers
|-damage|p1a: Skarmory|0 fnt|[from] item: Sticky Barb
|faint|p1a: Skarmory
|upkeep
|
|t:|1734545726
|switch|p1a: Gengar|Gengar, M|57/100
|-damage|p1a: Gengar|45/100|[from] Stealth Rock
|turn|14
|
|t:|1734545739
|switch|p2a: Skarmory|Skarmory, F|100/100
|move|p1a: Gengar|Will-O-Wisp|p2a: Skarmory|[miss]
|-miss|p1a: Gengar|p2a: Skarmory
|
|-weather|Sandstorm|[upkeep]
|-damage|p1a: Gengar|38/100|[from] Sandstorm
|-heal|p1a: Gengar|45/100|[from] item: Black Sludge
|upkeep
|turn|15
|
|t:|1734545747
|switch|p2a: Reuniclus|Reuniclus, F|100/100
|move|p1a: Gengar|Taunt|p2a: Reuniclus
|-start|p2a: Reuniclus|move: Taunt
|
|-weather|Sandstorm|[upkeep]
|-damage|p1a: Gengar|38/100|[from] Sandstorm
|-heal|p1a: Gengar|45/100|[from] item: Black Sludge
|upkeep
|turn|16
|
|t:|1734545761
|switch|p2a: Landorus|Landorus-Therian, M|97/100
|-ability|p2a: Landorus|Intimidate|boost
|-unboost|p1a: Gengar|atk|1
|move|p1a: Gengar|Shadow Ball|p2a: Landorus
|-damage|p2a: Landorus|49/100
|
|-weather|Sandstorm|[upkeep]
|-damage|p1a: Gengar|38/100|[from] Sandstorm
|-heal|p1a: Gengar|45/100|[from] item: Black Sludge
|-heal|p2a: Landorus|55/100|[from] item: Leftovers
|upkeep
|turn|17
|
|t:|1734545783
|switch|p2a: Jirachi|Jirachi|100/100
|-damage|p2a: Jirachi|76/100|[from] Spikes
|move|p1a: Gengar|Will-O-Wisp|p2a: Jirachi
|-status|p2a: Jirachi|brn
|
|-weather|Sandstorm|[upkeep]
|-damage|p1a: Gengar|38/100|[from] Sandstorm
|-heal|p1a: Gengar|45/100|[from] item: Black Sludge
|-heal|p2a: Jirachi|82/100 brn|[from] item: Leftovers
|-damage|p2a: Jirachi|69/100 brn|[from] brn
|upkeep
|turn|18
|
|t:|1734545795
|move|p1a: Gengar|Shadow Ball|p2a: Jirachi
|-damage|p2a: Jirachi|28/100 brn
|-unboost|p2a: Jirachi|spd|1
|move|p2a: Jirachi|Thunder|p1a: Gengar|[miss]
|-miss|p2a: Jirachi|p1a: Gengar
|
|-weather|Sandstorm|[upkeep]
|-damage|p1a: Gengar|38/100|[from] Sandstorm
|-heal|p1a: Gengar|45/100|[from] item: Black Sludge
|-heal|p2a: Jirachi|34/100 brn|[from] item: Leftovers
|-damage|p2a: Jirachi|22/100 brn|[from] brn
|upkeep
|turn|19
|
|t:|1734545807
|move|p1a: Gengar|Shadow Ball|p2a: Jirachi
|-damage|p2a: Jirachi|0 fnt
|faint|p2a: Jirachi
|
|-weather|Sandstorm|[upkeep]
|-damage|p1a: Gengar|38/100|[from] Sandstorm
|-heal|p1a: Gengar|45/100|[from] item: Black Sludge
|upkeep
|
|t:|1734545815
|switch|p2a: Skarmory|Skarmory, F|100/100
|turn|20
|
|t:|1734545818
|move|p1a: Gengar|Will-O-Wisp|p2a: Skarmory|[miss]
|-miss|p1a: Gengar|p2a: Skarmory
|move|p2a: Skarmory|Brave Bird|p1a: Gengar
|-damage|p1a: Gengar|0 fnt
|faint|p1a: Gengar
|-damage|p2a: Skarmory|89/100|[from] Recoil
|
|-weather|Sandstorm|[upkeep]
|-heal|p2a: Skarmory|95/100|[from] item: Leftovers
|upkeep
|
|t:|1734545829
|switch|p1a: Alakazam|Alakazam, M|100/100
|turn|21
|
|t:|1734545834
|switch|p2a: Reuniclus|Reuniclus, F|100/100
|move|p1a: Alakazam|Focus Blast|p2a: Reuniclus
|-resisted|p2a: Reuniclus
|-damage|p2a: Reuniclus|86/100
|
|-weather|Sandstorm|[upkeep]
|upkeep
|turn|22
|
|t:|1734545846
|switch|p1a: Tyranitar|Tyranitar, M|79/100
|-damage|p1a: Tyranitar|67/100|[from] Stealth Rock
|move|p2a: Reuniclus|Thunder Wave|p1a: Tyranitar
|-status|p1a: Tyranitar|par
|
|-weather|Sandstorm|[upkeep]
|upkeep
|turn|23
|
|t:|1734545854
|-activate|p2a: Reuniclus|move: Pursuit
|move|p1a: Tyranitar|Pursuit|p2a: Reuniclus|[from]Pursuit
|-supereffective|p2a: Reuniclus
|-damage|p2a: Reuniclus|0 fnt
|-damage|p1a: Tyranitar|50/100 par|[from] item: Rocky Helmet|[of] p2a: Reuniclus
|faint|p2a: Reuniclus
|-hint|A Pokemon can't switch between when it runs out of HP and when it faints
|
|-weather|Sandstorm|[upkeep]
|upkeep
|
|t:|1734545858
|switch|p2a: Skarmory|Skarmory, F|95/100
|turn|24
|
|t:|1734545869
|move|p2a: Skarmory|Spikes|p1a: Tyranitar
|-sidestart|p1: Dean Tyoowon|Spikes
|move|p1a: Tyranitar|Fire Blast|p2a: Skarmory
|-supereffective|p2a: Skarmory
|-damage|p2a: Skarmory|17/100
|
|-weather|Sandstorm|[upkeep]
|-heal|p2a: Skarmory|23/100|[from] item: Leftovers
|upkeep
|turn|25
|
|t:|1734545881
|move|p2a: Skarmory|Roost|p2a: Skarmory
|-heal|p2a: Skarmory|73/100
|-singleturn|p2a: Skarmory|move: Roost
|move|p1a: Tyranitar|Fire Blast|p2a: Skarmory
|-supereffective|p2a: Skarmory
|-damage|p2a: Skarmory|6/100
|
|-weather|Sandstorm|[upkeep]
|-heal|p2a: Skarmory|12/100|[from] item: Leftovers
|upkeep
|turn|26
|
|t:|1734545893
|switch|p1a: Alakazam|Alakazam, M|100/100
|move|p2a: Skarmory|Roost|p2a: Skarmory
|-heal|p2a: Skarmory|62/100
|-singleturn|p2a: Skarmory|move: Roost
|
|-weather|Sandstorm|[upkeep]
|-heal|p2a: Skarmory|68/100|[from] item: Leftovers
|upkeep
|turn|27
|
|t:|1734545901
|move|p1a: Alakazam|Encore|p2a: Skarmory
|-start|p2a: Skarmory|Encore
|move|p2a: Skarmory|Roost|p2a: Skarmory
|-heal|p2a: Skarmory|100/100
|-singleturn|p2a: Skarmory|move: Roost
|
|-weather|Sandstorm|[upkeep]
|upkeep
|turn|28
|
|t:|1734545908
|move|p1a: Alakazam|Psychic|p2a: Skarmory
|-resisted|p2a: Skarmory
|-damage|p2a: Skarmory|70/100
|move|p2a: Skarmory|Roost|p2a: Skarmory
|-heal|p2a: Skarmory|100/100
|-singleturn|p2a: Skarmory|move: Roost
|
|-weather|Sandstorm|[upkeep]
|upkeep
|turn|29
|
|t:|1734545916
|move|p1a: Alakazam|Psychic|p2a: Skarmory
|-resisted|p2a: Skarmory
|-damage|p2a: Skarmory|68/100
|move|p2a: Skarmory|Roost|p2a: Skarmory
|-heal|p2a: Skarmory|100/100
|-singleturn|p2a: Skarmory|move: Roost
|
|-weather|Sandstorm|[upkeep]
|-end|p2a: Skarmory|Encore
|upkeep
|turn|30
|
|t:|1734545925
|switch|p2a: Landorus|Landorus-Therian, M|55/100
|-ability|p2a: Landorus|Intimidate|boost
|-unboost|p1a: Alakazam|atk|1
|move|p1a: Alakazam|Encore||[still]
|-fail|p1a: Alakazam
|
|-weather|Sandstorm|[upkeep]
|-heal|p2a: Landorus|61/100|[from] item: Leftovers
|upkeep
|turn|31
|
|t:|1734545936
|switch|p2a: Skarmory|Skarmory, F|100/100
|move|p1a: Alakazam|Hidden Power|p2a: Skarmory
|-damage|p2a: Skarmory|68/100
|
|-weather|Sandstorm|[upkeep]
|-heal|p2a: Skarmory|74/100|[from] item: Leftovers
|upkeep
|turn|32
|
|t:|1734545944
|move|p1a: Alakazam|Focus Blast|p2a: Skarmory
|-damage|p2a: Skarmory|18/100
|move|p2a: Skarmory|Brave Bird|p1a: Alakazam
|-damage|p1a: Alakazam|17/100
|-damage|p2a: Skarmory|0 fnt|[from] Recoil
|faint|p2a: Skarmory
|
|-weather|Sandstorm|[upkeep]
|upkeep
|c|☆Dean Tyoowon|gg
|c|☆Clawdia Chauchat|gg
|-message|Clawdia Chauchat forfeited.
|
|win|Dean Tyoowon
|raw|Dean Tyoowon's rating: 1333 &rarr; <strong>1364</strong><br />(+31 for winning)
|raw|Clawdia Chauchat's rating: 1542 &rarr; <strong>1511</strong><br />(-31 for losing)
|l|☆Clawdia Chauchat
|player|p2|
