|j|☆Claude's Journey
|j|☆picho2205
|t:|1747879574
|gametype|singles
|player|p1|Claude's Journey|lass-gen1rb|1408
|player|p2|picho2205|red|1308
|teamsize|p1|6
|teamsize|p2|6
|gen|5
|tier|[Gen 5] OU
|rated|
|rule|Species Clause: Limit one of each Pokémon
|rule|OHKO Clause: OHKO moves are banned
|rule|Moody Clause: Moody is banned
|rule|Evasion Items Clause: Evasion items are banned
|rule|Evasion Moves Clause: Evasion moves are banned
|rule|Endless Battle Clause: Forcing endless battles is banned
|rule|HP Percentage Mod: HP is shown in percentages
|rule|Evasion Abilities Clause: Evasion abilities are banned
|rule|Sleep Moves Clause: Sleep-inducing moves are banned
|rule|Swagger Clause: Swagger is banned
|rule|Baton Pass Stat Clause: No Baton Passer may have a way to boost its stats
|clearpoke
|poke|p1|Tyranitar, M|item
|poke|p1|Gliscor, F|item
|poke|p1|Forretress, F|item
|poke|p1|Celebi|item
|poke|p1|Magnezone|item
|poke|p1|Milotic, M|item
|poke|p2|Blissey, F|item
|poke|p2|Excadrill, M|item
|poke|p2|Metagross|item
|poke|p2|Dragonite, M|item
|poke|p2|Latios, M|item
|poke|p2|Starmie|item
|teampreview
|inactive|Battle timer is ON: inactive players will automatically lose when time's up. (requested by picho2205)
|
|t:|1747879590
|start
|switch|p1a: Tyranitar|Tyranitar, M|100/100
|switch|p2a: Starmie|Starmie|100/100
|-weather|Sandstorm|[from] ability: Sand Stream|[of] p1a: Tyranitar
|turn|1
|
|t:|1747879597
|move|p1a: Tyranitar|Crunch|p2a: Starmie
|-supereffective|p2a: Starmie
|-damage|p2a: Starmie|0 fnt
|faint|p2a: Starmie
|
|-weather|Sandstorm|[upkeep]
|upkeep
|
|t:|1747879602
|switch|p2a: Metagross|Metagross, shiny|100/100
|turn|2
|
|t:|1747879606
|switch|p1a: Forretress|Forretress, F|100/100
|move|p2a: Metagross|Earthquake|p1a: Forretress
|-damage|p1a: Forretress|76/100
|
|-weather|Sandstorm|[upkeep]
|-heal|p1a: Forretress|82/100|[from] item: Leftovers
|upkeep
|turn|3
|
|t:|1747879617
|switch|p2a: Dragonite|Dragonite, M|100/100
|move|p1a: Forretress|Spikes|p2a: Dragonite
|-sidestart|p2: picho2205|Spikes
|
|-weather|Sandstorm|[upkeep]
|-damage|p2a: Dragonite|94/100|[from] Sandstorm
|-heal|p1a: Forretress|89/100|[from] item: Leftovers
|upkeep
|turn|4
|
|t:|1747879625
|move|p2a: Dragonite|Fire Punch|p1a: Forretress
|-supereffective|p1a: Forretress
|-damage|p1a: Forretress|0 fnt
|faint|p1a: Forretress
|
|-weather|Sandstorm|[upkeep]
|-damage|p2a: Dragonite|88/100|[from] Sandstorm
|upkeep
|
|t:|1747879628
|switch|p1a: Tyranitar|Tyranitar, M|100/100
|turn|5
|
|t:|1747879636
|switch|p2a: Metagross|Metagross, shiny|100/100
|-damage|p2a: Metagross|88/100|[from] Spikes
|move|p1a: Tyranitar|Ice Beam|p2a: Metagross
|-resisted|p2a: Metagross
|-damage|p2a: Metagross|78/100
|
|-weather|Sandstorm|[upkeep]
|upkeep
|turn|6
|
|t:|1747879646
|switch|p1a: Milotic|Milotic, M|100/100
|move|p2a: Metagross|Stealth Rock|p1a: Milotic
|-sidestart|p1: Claude's Journey|move: Stealth Rock
|
|-weather|Sandstorm|[upkeep]
|-damage|p1a: Milotic|94/100|[from] Sandstorm
|-heal|p1a: Milotic|100/100|[from] item: Leftovers
|upkeep
|turn|7
|
|t:|1747879654
|switch|p2a: Blissey|Blissey, F|100/100
|-damage|p2a: Blissey|88/100|[from] Spikes
|move|p1a: Milotic|Dragon Tail|p2a: Blissey
|-damage|p2a: Blissey|81/100
|drag|p2a: Excadrill|Excadrill, M, shiny|100/100
|-damage|p2a: Excadrill|88/100|[from] Spikes
|-ability|p2a: Excadrill|Mold Breaker
|
|-weather|Sandstorm|[upkeep]
|-damage|p1a: Milotic|94/100|[from] Sandstorm
|-heal|p1a: Milotic|100/100|[from] item: Leftovers
|upkeep
|turn|8
|
|t:|1747879667
|move|p2a: Excadrill|Iron Head|p1a: Milotic
|-resisted|p1a: Milotic
|-damage|p1a: Milotic|83/100
|move|p1a: Milotic|Scald|p2a: Excadrill
|-supereffective|p2a: Excadrill
|-damage|p2a: Excadrill|20/100
|
|-weather|Sandstorm|[upkeep]
|-damage|p1a: Milotic|77/100|[from] Sandstorm
|-heal|p1a: Milotic|83/100|[from] item: Leftovers
|upkeep
|turn|9
|
|t:|1747879682
|switch|p2a: Blissey|Blissey, F|81/100
|-damage|p2a: Blissey|69/100|[from] Spikes
|move|p1a: Milotic|Ice Beam|p2a: Blissey
|-damage|p2a: Blissey|61/100
|
|-weather|Sandstorm|[upkeep]
|-damage|p1a: Milotic|77/100|[from] Sandstorm
|-damage|p2a: Blissey|54/100|[from] Sandstorm
|-heal|p1a: Milotic|83/100|[from] item: Leftovers
|-heal|p2a: Blissey|61/100|[from] item: Leftovers
|upkeep
|turn|10
|
|t:|1747879693
|switch|p1a: Celebi|Celebi|100/100
|-damage|p1a: Celebi|88/100|[from] Stealth Rock
|move|p2a: Blissey|Thunder Wave|p1a: Celebi
|-status|p1a: Celebi|par
|
|-weather|Sandstorm|[upkeep]
|-damage|p2a: Blissey|54/100|[from] Sandstorm
|-damage|p1a: Celebi|82/100 par|[from] Sandstorm
|-heal|p2a: Blissey|61/100|[from] item: Leftovers
|-heal|p1a: Celebi|88/100 par|[from] item: Leftovers
|upkeep
|turn|11
|
|t:|1747879705
|move|p2a: Blissey|Flamethrower|p1a: Celebi
|-supereffective|p1a: Celebi
|-damage|p1a: Celebi|66/100 par
|move|p1a: Celebi|Stealth Rock|p2a: Blissey
|-sidestart|p2: picho2205|move: Stealth Rock
|
|-weather|Sandstorm|[upkeep]
|-damage|p2a: Blissey|54/100|[from] Sandstorm
|-damage|p1a: Celebi|60/100 par|[from] Sandstorm
|-heal|p2a: Blissey|61/100|[from] item: Leftovers
|-heal|p1a: Celebi|66/100 par|[from] item: Leftovers
|upkeep
|turn|12
|
|t:|1747879713
|move|p2a: Blissey|Flamethrower|p1a: Celebi
|-supereffective|p1a: Celebi
|-damage|p1a: Celebi|47/100 par
|move|p1a: Celebi|Recover|p1a: Celebi
|-heal|p1a: Celebi|97/100 par
|
|-weather|Sandstorm|[upkeep]
|-damage|p2a: Blissey|54/100|[from] Sandstorm
|-damage|p1a: Celebi|91/100 par|[from] Sandstorm
|-heal|p2a: Blissey|61/100|[from] item: Leftovers
|-heal|p1a: Celebi|97/100 par|[from] item: Leftovers
|upkeep
|turn|13
|
|t:|1747879723
|move|p2a: Blissey|Soft-Boiled|p2a: Blissey
|-heal|p2a: Blissey|100/100
|cant|p1a: Celebi|par
|
|-weather|Sandstorm|[upkeep]
|-damage|p2a: Blissey|94/100|[from] Sandstorm
|-damage|p1a: Celebi|91/100 par|[from] Sandstorm
|-heal|p2a: Blissey|100/100|[from] item: Leftovers
|-heal|p1a: Celebi|97/100 par|[from] item: Leftovers
|upkeep
|turn|14
|
|t:|1747879732
|move|p2a: Blissey|Flamethrower|p1a: Celebi
|-supereffective|p1a: Celebi
|-damage|p1a: Celebi|74/100 par
|move|p1a: Celebi|Baton Pass|p1a: Celebi
|
|t:|1747879734
|-curestatus|p1a: Celebi|par|[from] ability: Natural Cure
|switch|p1a: Gliscor|Gliscor, F|100/100|[from] Baton Pass
|-damage|p1a: Gliscor|88/100|[from] Stealth Rock
|
|-weather|Sandstorm|[upkeep]
|-damage|p2a: Blissey|94/100|[from] Sandstorm
|-heal|p2a: Blissey|100/100|[from] item: Leftovers
|-status|p1a: Gliscor|tox|[from] item: Toxic Orb
|upkeep
|turn|15
|
|t:|1747879745
|move|p1a: Gliscor|Swords Dance|p1a: Gliscor
|-boost|p1a: Gliscor|atk|2
|move|p2a: Blissey|Ice Beam|p1a: Gliscor
|-supereffective|p1a: Gliscor
|-damage|p1a: Gliscor|27/100 tox
|
|-weather|Sandstorm|[upkeep]
|-damage|p2a: Blissey|94/100|[from] Sandstorm
|-heal|p2a: Blissey|100/100|[from] item: Leftovers
|-heal|p1a: Gliscor|39/100 tox|[from] ability: Poison Heal
|upkeep
|turn|16
|
|t:|1747879754
|move|p1a: Gliscor|Facade|p2a: Blissey
|-damage|p2a: Blissey|45/100
|move|p2a: Blissey|Ice Beam|p1a: Gliscor
|-supereffective|p1a: Gliscor
|-damage|p1a: Gliscor|0 fnt
|faint|p1a: Gliscor
|
|-weather|Sandstorm|[upkeep]
|-damage|p2a: Blissey|39/100|[from] Sandstorm
|-heal|p2a: Blissey|45/100|[from] item: Leftovers
|upkeep
|
|t:|1747879757
|switch|p1a: Tyranitar|Tyranitar, M|100/100
|-damage|p1a: Tyranitar|88/100|[from] Stealth Rock
|turn|17
|
|t:|1747879772
|switch|p2a: Excadrill|Excadrill, M, shiny|20/100
|-damage|p2a: Excadrill|8/100|[from] Spikes
|-damage|p2a: Excadrill|5/100|[from] Stealth Rock
|-ability|p2a: Excadrill|Mold Breaker
|move|p1a: Tyranitar|Superpower|p2a: Excadrill
|-supereffective|p2a: Excadrill
|-damage|p2a: Excadrill|0 fnt
|-unboost|p1a: Tyranitar|atk|1
|-unboost|p1a: Tyranitar|def|1
|faint|p2a: Excadrill
|
|-weather|Sandstorm|[upkeep]
|upkeep
|inactive|picho2205 has 120 seconds left.
|
|t:|1747879789
|switch|p2a: Metagross|Metagross, shiny|78/100
|-damage|p2a: Metagross|66/100|[from] Spikes
|-damage|p2a: Metagross|60/100|[from] Stealth Rock
|turn|18
|
|t:|1747879798
|switch|p1a: Magnezone|Magnezone|100/100
|-damage|p1a: Magnezone|94/100|[from] Stealth Rock
|-item|p1a: Magnezone|Air Balloon
|move|p2a: Metagross|Bullet Punch|p1a: Magnezone
|-resisted|p1a: Magnezone
|-damage|p1a: Magnezone|89/100
|-enditem|p1a: Magnezone|Air Balloon
|
|-weather|Sandstorm|[upkeep]
|upkeep
|turn|19
|
|t:|1747879807
|move|p1a: Magnezone|Thunderbolt|p2a: Metagross
|-damage|p2a: Metagross|20/100
|move|p2a: Metagross|Earthquake|p1a: Magnezone
|-supereffective|p1a: Magnezone
|-damage|p1a: Magnezone|0 fnt
|faint|p1a: Magnezone
|
|-weather|Sandstorm|[upkeep]
|upkeep
|
|t:|1747879814
|switch|p1a: Milotic|Milotic, M|83/100
|-damage|p1a: Milotic|71/100|[from] Stealth Rock
|turn|20
|
|t:|1747879825
|switch|p2a: Blissey|Blissey, F|45/100
|-damage|p2a: Blissey|32/100|[from] Spikes
|-damage|p2a: Blissey|20/100|[from] Stealth Rock
|move|p1a: Milotic|Scald|p2a: Blissey
|-damage|p2a: Blissey|9/100
|
|-weather|Sandstorm|[upkeep]
|-damage|p1a: Milotic|64/100|[from] Sandstorm
|-damage|p2a: Blissey|3/100|[from] Sandstorm
|-heal|p1a: Milotic|71/100|[from] item: Leftovers
|-heal|p2a: Blissey|9/100|[from] item: Leftovers
|upkeep
|turn|21
|
|t:|1747879839
|move|p1a: Milotic|Scald|p2a: Blissey
|-damage|p2a: Blissey|0 fnt
|faint|p2a: Blissey
|
|-weather|Sandstorm|[upkeep]
|-damage|p1a: Milotic|64/100|[from] Sandstorm
|-heal|p1a: Milotic|71/100|[from] item: Leftovers
|upkeep
|
|t:|1747879847
|switch|p2a: Latios|Latios, M|100/100
|-damage|p2a: Latios|88/100|[from] Stealth Rock
|turn|22
|
|t:|1747879852
|switch|p1a: Celebi|Celebi|74/100
|-damage|p1a: Celebi|62/100|[from] Stealth Rock
|move|p2a: Latios|Thunderbolt|p1a: Celebi
|-resisted|p1a: Celebi
|-damage|p1a: Celebi|47/100
|-status|p1a: Celebi|par
|
|-weather|Sandstorm|[upkeep]
|-damage|p2a: Latios|82/100|[from] Sandstorm
|-damage|p1a: Celebi|41/100 par|[from] Sandstorm
|-heal|p1a: Celebi|47/100 par|[from] item: Leftovers
|upkeep
|turn|23
|
|t:|1747879865
|switch|p2a: Dragonite|Dragonite, M|88/100
|-damage|p2a: Dragonite|63/100|[from] Stealth Rock
|move|p1a: Celebi|Baton Pass|p1a: Celebi
|
|t:|1747879871
|-curestatus|p1a: Celebi|par|[from] ability: Natural Cure
|switch|p1a: Tyranitar|Tyranitar, M|88/100|[from] Baton Pass
|-damage|p1a: Tyranitar|76/100|[from] Stealth Rock
|
|-weather|Sandstorm|[upkeep]
|-damage|p2a: Dragonite|57/100|[from] Sandstorm
|upkeep
|turn|24
|
|t:|1747879879
|move|p1a: Tyranitar|Ice Beam|p2a: Dragonite
|-supereffective|p2a: Dragonite
|-damage|p2a: Dragonite|0 fnt
|faint|p2a: Dragonite
|
|-weather|Sandstorm|[upkeep]
|upkeep
|
|t:|1747879885
|switch|p2a: Metagross|Metagross, shiny|20/100
|-damage|p2a: Metagross|7/100|[from] Spikes
|-damage|p2a: Metagross|1/100|[from] Stealth Rock
|turn|25
|-enditem|p2a: Metagross|Custap Berry|[eat]
|-activate|p2a: Metagross|item: Custap Berry|[consumed]
|
|t:|1747879890
|switch|p1a: Milotic|Milotic, M|71/100
|-damage|p1a: Milotic|58/100|[from] Stealth Rock
|move|p2a: Metagross|Bullet Punch|p1a: Milotic
|-resisted|p1a: Milotic
|-damage|p1a: Milotic|51/100
|
|-weather|Sandstorm|[upkeep]
|-damage|p1a: Milotic|45/100|[from] Sandstorm
|-heal|p1a: Milotic|51/100|[from] item: Leftovers
|upkeep
|turn|26
|-message|picho2205 forfeited.
|
|win|Claude's Journey
|raw|Claude&apos;s Journey's rating: 1408 &rarr; <strong>1422</strong><br />(+14 for winning)
|raw|picho2205's rating: 1308 &rarr; <strong>1294</strong><br />(-14 for losing)
|l|☆picho2205
|player|p2|
