|j|☆Nael_Sushi-boy
|j|☆thekidswantjustice
|player|p1|Nael_Sushi-boy|cheren|1345
|player|p2|thekidswantjustice|ninjaboy-gen3|1365
|teamsize|p1|6
|teamsize|p2|6
|gametype|singles
|gen|5
|tier|[Gen 5] OU
|rated|
|clearpoke
|poke|p1|Gyarados, M|item
|poke|p1|Hydreigon, F|item
|poke|p1|Scizor, M|item
|poke|p1|Chandelure, F|item
|poke|p1|Porygon2|item
|poke|p1|Cloyster, M|item
|poke|p2|Tyranitar, F|item
|poke|p2|Ferrothorn, M|item
|poke|p2|Jirachi|item
|poke|p2|Latios, M|item
|poke|p2|Rotom-Wash|item
|poke|p2|Landorus-Therian, M|item
|rule|Species Clause: Limit one of each Pokémon
|rule|OHKO Clause: OHKO moves are banned
|rule|Moody Clause: Moody is banned
|rule|Evasion Moves Clause: Evasion moves are banned
|rule|Endless Battle Clause: Forcing endless battles is banned
|rule|HP Percentage Mod: HP is shown in percentages
|rule|Evasion Abilities Clause: Evasion abilities are banned
|rule|Baton Pass Clause: Limit one Baton Passer, can't pass Spe and other stats simultaneously
|rule|Sleep Clause: Sleep-inducing moves are banned
|rule|Swagger Clause: Swagger is banned
|teampreview
|c|☆Nael_Sushi-boy|Good luck and have fun
|inactive|Battle timer is ON: inactive players will automatically lose when time's up. (requested by Nael_Sushi-boy)
|c|☆thekidswantjustice|u2
|
|start
|switch|p1a: Cobble Stone|Cloyster, M|100/100
|switch|p2a: Rotom|Rotom-Wash|100/100
|turn|1
|
|switch|p1a: Beautiful DUWANG|Hydreigon, F|100/100
|move|p2a: Rotom|Volt Switch|p1a: Beautiful DUWANG
|-resisted|p1a: Beautiful DUWANG
|-damage|p1a: Beautiful DUWANG|87/100
|inactive|thekidswantjustice has 120 seconds left.
|
|switch|p2a: Jirachi|Jirachi|100/100|[from]move: Volt Switch
|
|upkeep
|turn|2
|
|move|p1a: Beautiful DUWANG|Flamethrower|p2a: Jirachi
|-supereffective|p2a: Jirachi
|-damage|p2a: Jirachi|25/100
|-status|p2a: Jirachi|brn
|move|p2a: Jirachi|Thunder|p1a: Beautiful DUWANG
|-resisted|p1a: Beautiful DUWANG
|-damage|p1a: Beautiful DUWANG|66/100
|-status|p1a: Beautiful DUWANG|par
|
|-heal|p2a: Jirachi|31/100 brn|[from] item: Leftovers
|-damage|p2a: Jirachi|19/100 brn|[from] brn
|upkeep
|turn|3
|inactive|thekidswantjustice has 120 seconds left.
|inactive|Nael_Sushi-boy has 120 seconds left.
|
|switch|p2a: Landorus|Landorus-Therian, M, shiny|100/100
|-ability|p2a: Landorus|Intimidate|boost
|-unboost|p1a: Beautiful DUWANG|atk|1
|switch|p1a: Porygon63782456776|Porygon2|100/100
|-ability|p1a: Porygon63782456776|Download|boost
|-boost|p1a: Porygon63782456776|spa|1
|
|upkeep
|turn|4
|inactive|Nael_Sushi-boy has 120 seconds left.
|inactive|thekidswantjustice has 120 seconds left.
|
|move|p2a: Landorus|U-turn|p1a: Porygon63782456776
|-damage|p1a: Porygon63782456776|83/100
|
|switch|p2a: Ferrothorn|Ferrothorn, M|100/100|[from]move: U-turn
|move|p1a: Porygon63782456776|Ice Beam|p2a: Ferrothorn
|-damage|p2a: Ferrothorn|69/100
|
|-heal|p2a: Ferrothorn|75/100|[from] item: Leftovers
|upkeep
|turn|5
|
|move|p1a: Porygon63782456776|Ice Beam|p2a: Ferrothorn
|-damage|p2a: Ferrothorn|44/100
|move|p2a: Ferrothorn|Thunder Wave|p1a: Porygon63782456776
|-status|p1a: Porygon63782456776|par
|
|-heal|p2a: Ferrothorn|50/100|[from] item: Leftovers
|upkeep
|turn|6
|inactive|Nael_Sushi-boy has 120 seconds left.
|
|move|p2a: Ferrothorn|Knock Off|p1a: Porygon63782456776
|-damage|p1a: Porygon63782456776|80/100 par
|-enditem|p1a: Porygon63782456776|Eviolite|[from] move: Knock Off|[of] p2a: Ferrothorn
|move|p1a: Porygon63782456776|Ice Beam|p2a: Ferrothorn
|-damage|p2a: Ferrothorn|20/100
|
|-heal|p2a: Ferrothorn|26/100|[from] item: Leftovers
|upkeep
|turn|7
|
|move|p2a: Ferrothorn|Spikes|p1a: Porygon63782456776
|-sidestart|p1: Nael_Sushi-boy|Spikes
|cant|p1a: Porygon63782456776|par
|
|-heal|p2a: Ferrothorn|32/100|[from] item: Leftovers
|upkeep
|turn|8
|
|move|p2a: Ferrothorn|Spikes|p1a: Porygon63782456776
|-sidestart|p1: Nael_Sushi-boy|Spikes
|move|p1a: Porygon63782456776|Ice Beam|p2a: Ferrothorn
|-damage|p2a: Ferrothorn|0 fnt
|faint|p2a: Ferrothorn
|
|upkeep
|inactive|thekidswantjustice has 120 seconds left.
|inactive|thekidswantjustice has 90 seconds left.
|
|switch|p2a: Rotom|Rotom-Wash|100/100
|turn|9
|
|move|p2a: Rotom|Volt Switch|p1a: Porygon63782456776
|-damage|p1a: Porygon63782456776|54/100 par
|
|switch|p2a: Jirachi|Jirachi|19/100 brn|[from]move: Volt Switch
|move|p1a: Porygon63782456776|Thunderbolt|p2a: Jirachi
|-damage|p2a: Jirachi|0 fnt
|faint|p2a: Jirachi
|
|upkeep
|
|switch|p2a: Tyranitar|Tyranitar, F|100/100
|-weather|Sandstorm|[from] ability: Sand Stream|[of] p2a: Tyranitar
|turn|10
|
|move|p2a: Tyranitar|Superpower|p1a: Porygon63782456776
|-supereffective|p1a: Porygon63782456776
|-damage|p1a: Porygon63782456776|0 fnt
|-unboost|p2a: Tyranitar|atk|1
|-unboost|p2a: Tyranitar|def|1
|faint|p1a: Porygon63782456776
|
|-weather|Sandstorm|[upkeep]
|upkeep
|
|switch|p1a: Sca-wryyy|Chandelure, F|100/100
|-damage|p1a: Sca-wryyy|84/100|[from] Spikes
|turn|11
|inactive|thekidswantjustice has 120 seconds left.
|
|move|p1a: Sca-wryyy|Hidden Power|p2a: Tyranitar
|-supereffective|p2a: Tyranitar
|-enditem|p2a: Tyranitar|Chople Berry|[eat]
|-enditem|p2a: Tyranitar|Chople Berry|[weaken]
|-damage|p2a: Tyranitar|69/100
|move|p2a: Tyranitar|Crunch|p1a: Sca-wryyy
|-supereffective|p1a: Sca-wryyy
|-damage|p1a: Sca-wryyy|1/100
|
|-weather|Sandstorm|[upkeep]
|-damage|p1a: Sca-wryyy|0 fnt|[from] Sandstorm
|faint|p1a: Sca-wryyy
|upkeep
|inactive|Nael_Sushi-boy has 120 seconds left.
|
|switch|p1a: Vibe check|Scizor, M|100/100
|-damage|p1a: Vibe check|84/100|[from] Spikes
|turn|12
|
|switch|p2a: Landorus|Landorus-Therian, M, shiny|100/100
|-ability|p2a: Landorus|Intimidate|boost
|-unboost|p1a: Vibe check|atk|1
|move|p1a: Vibe check|Swords Dance|p1a: Vibe check
|-boost|p1a: Vibe check|atk|2
|
|-weather|Sandstorm|[upkeep]
|upkeep
|turn|13
|inactive|thekidswantjustice has 120 seconds left.
|
|move|p2a: Landorus|Earthquake|p1a: Vibe check
|-damage|p1a: Vibe check|31/100
|move|p1a: Vibe check|Swords Dance|p1a: Vibe check
|-boost|p1a: Vibe check|atk|2
|
|-weather|Sandstorm|[upkeep]
|upkeep
|turn|14
|inactive|thekidswantjustice has 120 seconds left.
|
|switch|p2a: Tyranitar|Tyranitar, F|69/100
|move|p1a: Vibe check|Bullet Punch|p2a: Tyranitar
|-supereffective|p2a: Tyranitar
|-crit|p2a: Tyranitar
|-damage|p2a: Tyranitar|0 fnt
|-damage|p1a: Vibe check|21/100|[from] item: Life Orb
|faint|p2a: Tyranitar
|
|-weather|Sandstorm|[upkeep]
|upkeep
|
|switch|p2a: Landorus|Landorus-Therian, M, shiny|100/100
|-ability|p2a: Landorus|Intimidate|boost
|-unboost|p1a: Vibe check|atk|1
|turn|15
|
|move|p1a: Vibe check|Bullet Punch|p2a: Landorus
|-damage|p2a: Landorus|13/100
|-damage|p1a: Vibe check|11/100|[from] item: Life Orb
|move|p2a: Landorus|Earthquake|p1a: Vibe check
|-damage|p1a: Vibe check|0 fnt
|faint|p1a: Vibe check
|
|-weather|Sandstorm|[upkeep]
|upkeep
|inactive|Nael_Sushi-boy has 120 seconds left.
|
|switch|p1a: Long fish|Gyarados, M|100/100
|turn|16
|
|switch|p2a: Rotom|Rotom-Wash|100/100
|move|p1a: Long fish|Dragon Dance|p1a: Long fish
|-boost|p1a: Long fish|atk|1
|-boost|p1a: Long fish|spe|1
|
|-weather|Sandstorm|[upkeep]
|-damage|p1a: Long fish|94/100|[from] Sandstorm
|-damage|p2a: Rotom|95/100|[from] Sandstorm
|-heal|p2a: Rotom|100/100|[from] item: Leftovers
|upkeep
|turn|17
|
|move|p1a: Long fish|Outrage|p2a: Rotom
|-damage|p2a: Rotom|36/100
|move|p2a: Rotom|Volt Switch|p1a: Long fish
|-supereffective|p1a: Long fish
|-damage|p1a: Long fish|0 fnt
|faint|p1a: Long fish
|
|switch|p2a: Landorus|Landorus-Therian, M, shiny|13/100|[from]move: Volt Switch
|
|-weather|Sandstorm|[upkeep]
|upkeep
|
|switch|p1a: Cobble Stone|Cloyster, M|100/100
|-damage|p1a: Cobble Stone|84/100|[from] Spikes
|turn|18
|
|move|p2a: Landorus|Earthquake|p1a: Cobble Stone
|-damage|p1a: Cobble Stone|37/100
|move|p1a: Cobble Stone|Shell Smash|p1a: Cobble Stone
|-unboost|p1a: Cobble Stone|def|1
|-unboost|p1a: Cobble Stone|spd|1
|-boost|p1a: Cobble Stone|atk|2
|-boost|p1a: Cobble Stone|spa|2
|-boost|p1a: Cobble Stone|spe|2
|-enditem|p1a: Cobble Stone|White Herb
|-clearnegativeboost|p1a: Cobble Stone|[silent]
|
|-weather|Sandstorm|[upkeep]
|-damage|p1a: Cobble Stone|31/100|[from] Sandstorm
|upkeep
|turn|19
|
|switch|p2a: Latios|Latios, M|100/100
|move|p1a: Cobble Stone|Icicle Spear|p2a: Latios
|-supereffective|p2a: Latios
|-damage|p2a: Latios|40/100
|-supereffective|p2a: Latios
|-damage|p2a: Latios|0 fnt
|-hitcount|p2a: Latios|2
|faint|p2a: Latios
|
|-weather|Sandstorm|[upkeep]
|-damage|p1a: Cobble Stone|25/100|[from] Sandstorm
|upkeep
|
|switch|p2a: Landorus|Landorus-Therian, M, shiny|13/100
|-ability|p2a: Landorus|Intimidate|boost
|-unboost|p1a: Cobble Stone|atk|1
|turn|20
|
|move|p1a: Cobble Stone|Icicle Spear|p2a: Landorus
|-supereffective|p2a: Landorus
|-crit|p2a: Landorus
|-damage|p2a: Landorus|0 fnt
|-hitcount|p2a: Landorus|1
|faint|p2a: Landorus
|
|-weather|Sandstorm|[upkeep]
|-damage|p1a: Cobble Stone|19/100|[from] Sandstorm
|upkeep
|
|switch|p2a: Rotom|Rotom-Wash|36/100
|turn|21
|
|move|p1a: Cobble Stone|Rock Blast|p2a: Rotom
|-damage|p2a: Rotom|24/100
|-damage|p2a: Rotom|12/100
|-damage|p2a: Rotom|1/100
|-damage|p2a: Rotom|0 fnt
|-hitcount|p2a: Rotom|4
|faint|p2a: Rotom
|
|win|Nael_Sushi-boy
|raw|Nael_Sushi-boy's rating: 1345 &rarr; <strong>1366</strong><br />(+21 for winning)
|raw|thekidswantjustice's rating: 1365 &rarr; <strong>1344</strong><br />(-21 for losing)
|c|☆Nael_Sushi-boy|Gg
|c|☆thekidswantjustice|gg
|l|☆thekidswantjustice
