|j|☆refsunpersons()
|j|☆Jacksoon 5
|player|p1|refsunpersons()|bruno-gen3
|player|p2|Jacksoon 5|karen-gen2
|teamsize|p1|6
|teamsize|p2|6
|gametype|singles
|gen|5
|tier|[Gen 5] OU
|rated|
|rule|Sleep Clause Mod: Limit one foe put to sleep
|rule|Species Clause: Limit one of each Pokémon
|rule|OHKO Clause: OHKO moves are banned
|rule|Moody Clause: Moody is banned
|rule|Evasion Moves Clause: Evasion moves are banned
|rule|Endless Battle Clause: Forcing endless battles is banned
|rule|HP Percentage Mod: HP is shown in percentages
|rule|Evasion Abilities Clause: Evasion abilities are banned
|rule|Baton Pass Clause: Limit one Baton Passer, can't pass Spe and other stats simultaneously
|rule|Swagger Clause: Swagger is banned
|clearpoke
|poke|p1|Garchomp, M|item
|poke|p1|Politoed, M|item
|poke|p1|Tentacruel, F|item
|poke|p1|Jirachi|item
|poke|p1|Breloom, M|item
|poke|p1|Tornadus, M|item
|poke|p2|Garchomp, M|item
|poke|p2|Keldeo-Resolute|item
|poke|p2|Starmie|item
|poke|p2|Thundurus-Therian, M|item
|poke|p2|Jirachi|item
|poke|p2|Latios, M|item
|teampreview
|inactive|Battle timer is ON: inactive players will automatically lose when time's up. (requested by Jacksoon 5)
|c|☆refsunpersons()|gl hf
|
|start
|switch|p1a: Politoed|Politoed, M|100/100
|switch|p2a: Jirachi|Jirachi|100/100
|-weather|RainDance|[from] ability: Drizzle|[of] p1a: Politoed
|turn|1
|
|switch|p1a: Garchomp|Garchomp, M|100/100
|switch|p2a: Latios|Latios, M|100/100
|
|-weather|RainDance|[upkeep]
|upkeep
|turn|2
|
|switch|p2a: Jirachi|Jirachi|100/100
|switch|p1a: Jirachi|Jirachi|100/100
|
|-weather|RainDance|[upkeep]
|upkeep
|turn|3
|
|move|p1a: Jirachi|Body Slam|p2a: Jirachi
|-resisted|p2a: Jirachi
|-damage|p2a: Jirachi|94/100
|-status|p2a: Jirachi|par
|cant|p2a: Jirachi|par
|
|-weather|RainDance|[upkeep]
|upkeep
|turn|4
|
|switch|p1a: Garchomp|Garchomp, M|100/100
|move|p2a: Jirachi|Stealth Rock|p1a: Garchomp
|-sidestart|p1: refsunpersons()|move: Stealth Rock
|
|-weather|RainDance|[upkeep]
|upkeep
|turn|5
|
|move|p1a: Garchomp|Stealth Rock|p2a: Jirachi
|-sidestart|p2: Jacksoon 5|move: Stealth Rock
|move|p2a: Jirachi|Icy Wind|p1a: Garchomp
|-supereffective|p1a: Garchomp
|-damage|p1a: Garchomp|40/100
|-unboost|p1a: Garchomp|spe|1
|
|-weather|RainDance|[upkeep]
|upkeep
|turn|6
|
|move|p1a: Garchomp|Draco Meteor|p2a: Jirachi
|-resisted|p2a: Jirachi
|-damage|p2a: Jirachi|67/100 par
|-unboost|p1a: Garchomp|spa|2
|-damage|p1a: Garchomp|30/100|[from] item: Life Orb
|move|p2a: Jirachi|Thunder|p1a: Garchomp
|-immune|p1a: Garchomp
|
|-weather|RainDance|[upkeep]
|upkeep
|turn|7
|
|switch|p2a: Latios|Latios, M|100/100
|-damage|p2a: Latios|88/100|[from] Stealth Rock
|move|p1a: Garchomp|Earthquake|p2a: Latios
|-immune|p2a: Latios|[from] ability: Levitate
|
|-weather|RainDance|[upkeep]
|upkeep
|turn|8
|
|switch|p1a: Jirachi|Jirachi|100/100
|-damage|p1a: Jirachi|94/100|[from] Stealth Rock
|move|p2a: Latios|Surf|p1a: Jirachi
|-damage|p1a: Jirachi|50/100
|
|-weather|RainDance|[upkeep]
|-heal|p1a: Jirachi|56/100|[from] item: Leftovers
|upkeep
|turn|9
|
|switch|p2a: Jirachi|Jirachi|67/100 par
|-damage|p2a: Jirachi|61/100 par|[from] Stealth Rock
|move|p1a: Jirachi|Wish|p1a: Jirachi
|
|-weather|RainDance|[upkeep]
|-heal|p1a: Jirachi|62/100|[from] item: Leftovers
|upkeep
|turn|10
|
|move|p1a: Jirachi|Iron Head|p2a: Jirachi
|-resisted|p2a: Jirachi
|-damage|p2a: Jirachi|51/100 par
|cant|p2a: Jirachi|flinch
|
|-weather|RainDance|[upkeep]
|-heal|p1a: Jirachi|100/100|[from] move: Wish|[wisher] Jirachi
|upkeep
|turn|11
|
|switch|p1a: Garchomp|Garchomp, M|30/100
|-damage|p1a: Garchomp|24/100|[from] Stealth Rock
|move|p2a: Jirachi|Icy Wind|p1a: Garchomp
|-supereffective|p1a: Garchomp
|-damage|p1a: Garchomp|0 fnt
|faint|p1a: Garchomp
|
|-weather|RainDance|[upkeep]
|upkeep
|
|switch|p1a: Tentacruel|Tentacruel, F|100/100
|-damage|p1a: Tentacruel|88/100|[from] Stealth Rock
|turn|12
|
|move|p1a: Tentacruel|Scald|p2a: Jirachi
|-damage|p2a: Jirachi|25/100 par
|move|p2a: Jirachi|Thunder|p1a: Tentacruel
|-supereffective|p1a: Tentacruel
|-damage|p1a: Tentacruel|47/100
|
|-weather|RainDance|[upkeep]
|-heal|p1a: Tentacruel|54/100|[from] ability: Rain Dish
|-heal|p1a: Tentacruel|60/100|[from] item: Black Sludge
|upkeep
|turn|13
|inactive|refsunpersons() has 120 seconds left.
|
|switch|p2a: Starmie|Starmie|100/100
|-damage|p2a: Starmie|88/100|[from] Stealth Rock
|move|p1a: Tentacruel|Scald|p2a: Starmie
|-resisted|p2a: Starmie
|-damage|p2a: Starmie|62/100
|
|-weather|RainDance|[upkeep]
|-heal|p1a: Tentacruel|66/100|[from] ability: Rain Dish
|-heal|p1a: Tentacruel|72/100|[from] item: Black Sludge
|upkeep
|turn|14
|
|move|p1a: Tentacruel|Protect|p1a: Tentacruel
|-singleturn|p1a: Tentacruel|Protect
|move|p2a: Starmie|Thunder|p1a: Tentacruel
|-activate|p1a: Tentacruel|move: Protect
|
|-weather|RainDance|[upkeep]
|-heal|p1a: Tentacruel|78/100|[from] ability: Rain Dish
|-heal|p1a: Tentacruel|84/100|[from] item: Black Sludge
|upkeep
|turn|15
|inactive|refsunpersons() has 120 seconds left.
|
|switch|p1a: Breloom|Breloom, M|100/100
|-damage|p1a: Breloom|94/100|[from] Stealth Rock
|move|p2a: Starmie|Thunder|p1a: Breloom
|-resisted|p1a: Breloom
|-damage|p1a: Breloom|61/100
|-damage|p2a: Starmie|52/100|[from] item: Life Orb
|
|-weather|RainDance|[upkeep]
|-status|p1a: Breloom|tox|[from] item: Toxic Orb
|upkeep
|turn|16
|inactive|refsunpersons() has 120 seconds left.
|
|switch|p1a: Politoed|Politoed, M|100/100
|-damage|p1a: Politoed|88/100|[from] Stealth Rock
|move|p2a: Starmie|Ice Beam|p1a: Politoed
|-resisted|p1a: Politoed
|-damage|p1a: Politoed|63/100
|-damage|p2a: Starmie|42/100|[from] item: Life Orb
|
|-weather|RainDance|[upkeep]
|upkeep
|turn|17
|
|switch|p2a: Latios|Latios, M|88/100
|-damage|p2a: Latios|76/100|[from] Stealth Rock
|move|p1a: Politoed|Surf|p2a: Latios
|-resisted|p2a: Latios
|-damage|p2a: Latios|43/100
|
|-weather|RainDance|[upkeep]
|upkeep
|turn|18
|
|switch|p1a: Jirachi|Jirachi|100/100
|-damage|p1a: Jirachi|94/100|[from] Stealth Rock
|move|p2a: Latios|Surf|p1a: Jirachi
|-damage|p1a: Jirachi|45/100
|
|-weather|RainDance|[upkeep]
|-heal|p1a: Jirachi|51/100|[from] item: Leftovers
|upkeep
|turn|19
|inactive|Jacksoon 5 has 120 seconds left.
|
|move|p2a: Latios|Surf|p1a: Jirachi
|-damage|p1a: Jirachi|3/100
|move|p1a: Jirachi|Wish|p1a: Jirachi
|
|-weather|RainDance|[upkeep]
|-heal|p1a: Jirachi|10/100|[from] item: Leftovers
|upkeep
|turn|20
|j| LUCK>SKILL
|inactive|Jacksoon 5 has 120 seconds left.
|
|switch|p2a: Garchomp|Garchomp, M|100/100
|-damage|p2a: Garchomp|94/100|[from] Stealth Rock
|move|p1a: Jirachi|Protect||[still]
|-fail|p1a: Jirachi
|
|-weather|RainDance|[upkeep]
|-heal|p1a: Jirachi|60/100|[from] move: Wish|[wisher] Jirachi
|-heal|p1a: Jirachi|66/100|[from] item: Leftovers
|upkeep
|turn|21
|inactive|Jacksoon 5 has 120 seconds left.
|
|switch|p1a: Tornadus|Tornadus, M|100/100
|-damage|p1a: Tornadus|76/100|[from] Stealth Rock
|move|p2a: Garchomp|Earthquake|p1a: Tornadus
|-immune|p1a: Tornadus
|
|-weather|RainDance|[upkeep]
|upkeep
|turn|22
|
|move|p2a: Garchomp|Earthquake|p1a: Tornadus
|-immune|p1a: Tornadus
|move|p1a: Tornadus|Hurricane|p2a: Garchomp
|-damage|p2a: Garchomp|21/100
|
|-weather|RainDance|[upkeep]
|upkeep
|turn|23
|
|move|p2a: Garchomp|Earthquake|p1a: Tornadus
|-immune|p1a: Tornadus
|move|p1a: Tornadus|Hurricane|p2a: Garchomp
|-damage|p2a: Garchomp|0 fnt
|faint|p2a: Garchomp
|
|-weather|RainDance|[upkeep]
|upkeep
|
|switch|p2a: Thundurus|Thundurus-Therian, M|100/100
|-damage|p2a: Thundurus|76/100|[from] Stealth Rock
|turn|24
|
|move|p1a: Tornadus|U-turn|p2a: Thundurus
|-resisted|p2a: Thundurus
|-damage|p2a: Thundurus|64/100
|
|switch|p1a: Breloom|Breloom, M|61/100 tox
|-damage|p1a: Breloom|55/100 tox|[from] Stealth Rock
|move|p2a: Thundurus|Agility|p2a: Thundurus
|-boost|p2a: Thundurus|spe|2
|
|-weather|RainDance|[upkeep]
|-heal|p2a: Thundurus|71/100|[from] item: Leftovers
|-heal|p1a: Breloom|67/100 tox|[from] ability: Poison Heal
|upkeep
|turn|25
|
|move|p2a: Thundurus|Hidden Power|p1a: Breloom
|-supereffective|p1a: Breloom
|-damage|p1a: Breloom|8/100 tox
|move|p1a: Breloom|Spore|p2a: Thundurus
|-status|p2a: Thundurus|slp
|
|-weather|RainDance|[upkeep]
|-heal|p2a: Thundurus|77/100 slp|[from] item: Leftovers
|-heal|p1a: Breloom|21/100 tox|[from] ability: Poison Heal
|upkeep
|turn|26
|
|switch|p1a: Politoed|Politoed, M|63/100
|-damage|p1a: Politoed|50/100|[from] Stealth Rock
|cant|p2a: Thundurus|slp
|
|-weather|RainDance|[upkeep]
|-heal|p2a: Thundurus|83/100 slp|[from] item: Leftovers
|upkeep
|turn|27
|
|switch|p2a: Keldeo|Keldeo-Resolute|100/100
|-damage|p2a: Keldeo|94/100|[from] Stealth Rock
|move|p1a: Politoed|Surf|p2a: Keldeo
|-resisted|p2a: Keldeo
|-damage|p2a: Keldeo|62/100
|
|-weather|RainDance|[upkeep]
|upkeep
|turn|28
|
|switch|p1a: Tentacruel|Tentacruel, F|84/100
|-damage|p1a: Tentacruel|71/100|[from] Stealth Rock
|move|p2a: Keldeo|Calm Mind|p2a: Keldeo
|-boost|p2a: Keldeo|spa|1
|-boost|p2a: Keldeo|spd|1
|
|-weather|RainDance|[upkeep]
|-heal|p1a: Tentacruel|77/100|[from] ability: Rain Dish
|-heal|p1a: Tentacruel|83/100|[from] item: Black Sludge
|upkeep
|turn|29
|
|move|p2a: Keldeo|Calm Mind|p2a: Keldeo
|-boost|p2a: Keldeo|spa|1
|-boost|p2a: Keldeo|spd|1
|move|p1a: Tentacruel|Toxic|p2a: Keldeo
|-status|p2a: Keldeo|tox
|
|-weather|RainDance|[upkeep]
|-heal|p1a: Tentacruel|90/100|[from] ability: Rain Dish
|-heal|p1a: Tentacruel|96/100|[from] item: Black Sludge
|-damage|p2a: Keldeo|56/100 tox|[from] psn
|upkeep
|turn|30
|
|move|p1a: Tentacruel|Protect|p1a: Tentacruel
|-singleturn|p1a: Tentacruel|Protect
|move|p2a: Keldeo|Secret Sword|p1a: Tentacruel
|-activate|p1a: Tentacruel|move: Protect
|
|-weather|RainDance|[upkeep]
|-heal|p1a: Tentacruel|100/100|[from] ability: Rain Dish
|-damage|p2a: Keldeo|43/100 tox|[from] psn
|upkeep
|turn|31
|
|move|p2a: Keldeo|Secret Sword|p1a: Tentacruel
|-enditem|p2a: Keldeo|Fighting Gem|[from] gem|[move] Secret Sword
|-resisted|p1a: Tentacruel
|-damage|p1a: Tentacruel|22/100
|move|p1a: Tentacruel|Rapid Spin|p2a: Keldeo
|-damage|p2a: Keldeo|40/100 tox
|-sideend|p1: refsunpersons()|Stealth Rock|[from] move: Rapid Spin|[of] p1a: Tentacruel
|
|-weather|RainDance|[upkeep]
|-heal|p1a: Tentacruel|29/100|[from] ability: Rain Dish
|-heal|p1a: Tentacruel|35/100|[from] item: Black Sludge
|-damage|p2a: Keldeo|21/100 tox|[from] psn
|upkeep
|turn|32
|
|move|p1a: Tentacruel|Protect|p1a: Tentacruel
|-singleturn|p1a: Tentacruel|Protect
|move|p2a: Keldeo|Secret Sword|p1a: Tentacruel
|-activate|p1a: Tentacruel|move: Protect
|
|-weather|RainDance|[upkeep]
|-heal|p1a: Tentacruel|41/100|[from] ability: Rain Dish
|-heal|p1a: Tentacruel|47/100|[from] item: Black Sludge
|-damage|p2a: Keldeo|0 fnt|[from] psn
|faint|p2a: Keldeo
|upkeep
|
|switch|p2a: Jirachi|Jirachi|25/100 par
|-damage|p2a: Jirachi|18/100 par|[from] Stealth Rock
|turn|33
|-enditem|p2a: Jirachi|Custap Berry|[eat]
|-activate|p2a: Jirachi|item: Custap Berry|[consumed]
|
|cant|p2a: Jirachi|par
|move|p1a: Tentacruel|Scald|p2a: Jirachi
|-damage|p2a: Jirachi|0 fnt
|faint|p2a: Jirachi
|
|-weather|RainDance|[upkeep]
|-heal|p1a: Tentacruel|53/100|[from] ability: Rain Dish
|-heal|p1a: Tentacruel|59/100|[from] item: Black Sludge
|upkeep
|c|☆refsunpersons()|rip
|-message|Jacksoon 5 forfeited.
|
|win|refsunpersons()
|l| LUCK>SKILL
|l|☆Jacksoon 5
|raw|refsunpersons()'s rating: 1284 &rarr; <strong>1324</strong><br />(+40 for winning)
|raw|Jacksoon 5's rating: 1531 &rarr; <strong>1499</strong><br />(-32 for losing)
