|j|☆CzarPokemon
|j|☆The Daisuke
|player|p1|CzarPokemon|269
|player|p2|The Daisuke|152
|teamsize|p1|6
|teamsize|p2|6
|gametype|singles
|gen|5
|tier|[Gen 5] OU
|rated|
|rule|Sleep Clause Mod: Limit one foe put to sleep
|rule|Species Clause: Limit one of each Pokémon
|rule|OHKO Clause: OHKO moves are banned
|rule|Moody Clause: Moody is banned
|rule|Evasion Moves Clause: Evasion moves are banned
|rule|Endless Battle Clause: Forcing endless battles is banned
|rule|HP Percentage Mod: HP is shown in percentages
|rule|Evasion Abilities Clause: Evasion abilities are banned
|rule|Baton Pass Clause: Limit one Baton Passer, can't pass Spe and other stats simultaneously
|rule|Swagger Clause: Swagger is banned
|clearpoke
|poke|p1|Politoed, M|item
|poke|p1|Garchomp, F|item
|poke|p1|Gyarados, M|item
|poke|p1|Latios, M|item
|poke|p1|Starmie|item
|poke|p1|Ferrothorn, F|item
|poke|p2|Politoed, M|item
|poke|p2|Gyarados, M|item
|poke|p2|Garchomp, F|item
|poke|p2|Starmie|item
|poke|p2|Latios, M|item
|poke|p2|Ferrothorn, F|item
|teampreview
|c|☆CzarPokemon|that is my team
|inactive|Battle timer is ON: inactive players will automatically lose when time's up. (requested by CzarPokemon)
|
|start
|switch|p1a: Latios|Latios, M|100/100
|switch|p2a: Starmie|Starmie|100/100
|turn|1
|j| Olden Polynice
|l| Olden Polynice
|inactive|CzarPokemon has 120 seconds left.
|
|switch|p2a: Ferrothorn|Ferrothorn, F|100/100
|switch|p1a: Ferrothorn|Ferrothorn, F|100/100
|
|upkeep
|turn|2
|c|☆CzarPokemon|ef
|
|switch|p1a: Gyarados|Gyarados, M|100/100
|-ability|p1a: Gyarados|Intimidate|boost
|-unboost|p2a: Ferrothorn|atk|1
|move|p2a: Ferrothorn|Stealth Rock|p1a: Gyarados
|-sidestart|p1: CzarPokemon|move: Stealth Rock
|
|upkeep
|turn|3
|
|switch|p2a: Politoed|Politoed, M|100/100
|-weather|RainDance|[from] ability: Drizzle|[of] p2a: Politoed
|move|p1a: Gyarados|Substitute|p1a: Gyarados
|-start|p1a: Gyarados|Substitute
|-damage|p1a: Gyarados|76/100
|
|-weather|RainDance|[upkeep]
|-heal|p1a: Gyarados|82/100|[from] item: Leftovers
|upkeep
|turn|4
|c|☆CzarPokemon|i made this fucking team
|c|☆CzarPokemon|i know how to run it bro
|
|move|p2a: Politoed|Encore|p1a: Gyarados
|-start|p1a: Gyarados|Encore
|move|p1a: Gyarados|Substitute|p1a: Gyarados
|-fail|p1a: Gyarados|move: Substitute
|
|-weather|RainDance|[upkeep]
|-heal|p1a: Gyarados|88/100|[from] item: Leftovers
|upkeep
|turn|5
|c|☆CzarPokemon|u aint going to beat me at my own fuck
|c|☆CzarPokemon|lol
|c|☆CzarPokemon|hahahaha
|
|switch|p2a: Starmie|Starmie|100/100
|switch|p1a: Starmie|Starmie|100/100
|-damage|p1a: Starmie|88/100|[from] Stealth Rock
|
|-weather|RainDance|[upkeep]
|upkeep
|turn|6
|
|move|p1a: Starmie|Thunder|p2a: Starmie
|-supereffective|p2a: Starmie
|-damage|p2a: Starmie|0 fnt
|-damage|p1a: Starmie|78/100|[from] item: Life Orb
|faint|p2a: Starmie
|
|-weather|RainDance|[upkeep]
|upkeep
|c|☆CzarPokemon|THAT IS RIGHT
|c|☆CzarPokemon|LETS GO
|
|switch|p2a: Ferrothorn|Ferrothorn, F|100/100
|turn|7
|c|☆CzarPokemon|I FUCKING WIN NOW
|c|☆CzarPokemon|YEAH
|
|switch|p1a: Gyarados|Gyarados, M|88/100
|-damage|p1a: Gyarados|63/100|[from] Stealth Rock
|-ability|p1a: Gyarados|Intimidate|boost
|-unboost|p2a: Ferrothorn|atk|1
|switch|p2a: Gyarados|Gyarados, M|100/100
|-ability|p2a: Gyarados|Intimidate|boost
|-unboost|p1a: Gyarados|atk|1
|
|-weather|RainDance|[upkeep]
|-heal|p1a: Gyarados|69/100|[from] item: Leftovers
|upkeep
|turn|8
|
|move|p2a: Gyarados|Dragon Dance|p2a: Gyarados
|-boost|p2a: Gyarados|atk|1
|-boost|p2a: Gyarados|spe|1
|move|p1a: Gyarados|Dragon Dance|p1a: Gyarados
|-boost|p1a: Gyarados|atk|1
|-boost|p1a: Gyarados|spe|1
|
|-weather|RainDance|[upkeep]
|-heal|p1a: Gyarados|75/100|[from] item: Leftovers
|upkeep
|turn|9
|
|move|p1a: Gyarados|Dragon Dance|p1a: Gyarados
|-boost|p1a: Gyarados|atk|1
|-boost|p1a: Gyarados|spe|1
|move|p2a: Gyarados|Dragon Dance|p2a: Gyarados
|-boost|p2a: Gyarados|atk|1
|-boost|p2a: Gyarados|spe|1
|
|-weather|RainDance|[upkeep]
|-heal|p1a: Gyarados|81/100|[from] item: Leftovers
|upkeep
|turn|10
|
|move|p2a: Gyarados|Substitute|p2a: Gyarados
|-start|p2a: Gyarados|Substitute
|-damage|p2a: Gyarados|76/100
|move|p1a: Gyarados|Dragon Dance|p1a: Gyarados
|-boost|p1a: Gyarados|atk|1
|-boost|p1a: Gyarados|spe|1
|
|-weather|RainDance|[upkeep]
|-heal|p1a: Gyarados|88/100|[from] item: Leftovers
|-heal|p2a: Gyarados|82/100|[from] item: Leftovers
|upkeep
|turn|11
|
|move|p1a: Gyarados|Waterfall|p2a: Gyarados
|-resisted|p2a: Gyarados
|-end|p2a: Gyarados|Substitute
|move|p2a: Gyarados|Dragon Dance|p2a: Gyarados
|-boost|p2a: Gyarados|atk|1
|-boost|p2a: Gyarados|spe|1
|
|-weather|RainDance|[upkeep]
|-heal|p1a: Gyarados|94/100|[from] item: Leftovers
|-heal|p2a: Gyarados|88/100|[from] item: Leftovers
|upkeep
|turn|12
|
|move|p1a: Gyarados|Waterfall|p2a: Gyarados
|-resisted|p2a: Gyarados
|-crit|p2a: Gyarados
|-damage|p2a: Gyarados|0 fnt
|faint|p2a: Gyarados
|
|-weather|RainDance|[upkeep]
|-heal|p1a: Gyarados|99/100|[from] item: Leftovers
|upkeep
|c|☆CzarPokemon|lmfao
|c|☆CzarPokemon|!calc
|html|<div class="infobox">Pok&eacute;mon Showdown! damage calculator. (Courtesy of Honko)<br />- <a href="https://pokemonshowdown.com/damagecalc/">Damage Calculator</a></div>
|
|switch|p2a: Ferrothorn|Ferrothorn, F|100/100
|turn|13
|inactive|CzarPokemon has 120 seconds left.
|
|move|p1a: Gyarados|Substitute|p1a: Gyarados
|-start|p1a: Gyarados|Substitute
|-damage|p1a: Gyarados|75/100
|move|p2a: Ferrothorn|Leech Seed|p1a: Gyarados
|-fail|p1a: Gyarados
|
|-weather|RainDance|[upkeep]
|-heal|p1a: Gyarados|81/100|[from] item: Leftovers
|upkeep
|turn|14
|c|☆CzarPokemon|bro lmfao
|j| Rising In OU
|-message|The Daisuke forfeited.
|
|win|CzarPokemon
|l|☆The Daisuke
|raw|CzarPokemon's rating: 1307 &rarr; <strong>1336</strong><br />(+29 for winning)
|raw|The Daisuke's rating: 1464 &rarr; <strong>1435</strong><br />(-29 for losing)
|c| Rising In OU|Hey Czar! I posted a ADV team
|c| Rising In OU|If you want to see it
|c|☆CzarPokemon|roa chat bro
