|j|☆BLJ Mario
|j|☆Alexia B.
|t:|1738083748
|gametype|singles
|player|p1|BLJ Mario|#bwplivshojikikeldeos|1625
|player|p2|Alexia B.|cynthia|1468
|teamsize|p1|6
|teamsize|p2|6
|gen|5
|tier|[Gen 5] OU
|rated|
|rule|Species Clause: Limit one of each Pokémon
|rule|OHKO Clause: OHKO moves are banned
|rule|Moody Clause: Moody is banned
|rule|Evasion Items Clause: Evasion items are banned
|rule|Evasion Moves Clause: Evasion moves are banned
|rule|Endless Battle Clause: Forcing endless battles is banned
|rule|HP Percentage Mod: HP is shown in percentages
|rule|Evasion Abilities Clause: Evasion abilities are banned
|rule|Sleep Moves Clause: Sleep-inducing moves are banned
|rule|Swagger Clause: Swagger is banned
|rule|Baton Pass Stat Clause: No Baton Passer may have a way to boost its stats
|clearpoke
|poke|p1|Politoed, M|item
|poke|p1|Excadrill, M|item
|poke|p1|Latios, M|item
|poke|p1|Starmie|item
|poke|p1|Ferrothorn, F|item
|poke|p1|Thundurus-Therian, M|item
|poke|p2|Politoed, M|item
|poke|p2|Jirachi|item
|poke|p2|Blissey, F|item
|poke|p2|Tentacruel, F|item
|poke|p2|Skarmory, F|item
|poke|p2|Mew|item
|teampreview
|inactive|Battle timer is ON: inactive players will automatically lose when time's up. (requested by Alexia B.)
|
|t:|1738083810
|start
|switch|p1a: Ferrothorn|Ferrothorn, F|100/100
|switch|p2a: Mew|Mew|100/100
|turn|1
|inactive|BLJ Mario has 120 seconds left.
|inactive|Alexia B. has 120 seconds left.
|inactive|Alexia B. has 90 seconds left.
|
|t:|1738083877
|switch|p1a: Politoed|Politoed, M, shiny|100/100
|-weather|RainDance|[from] ability: Drizzle|[of] p1a: Politoed
|move|p2a: Mew|Will-O-Wisp|p1a: Politoed|[miss]
|-miss|p2a: Mew|p1a: Politoed
|
|-weather|RainDance|[upkeep]
|upkeep
|turn|2
|
|t:|1738083894
|switch|p2a: Tentacruel|Tentacruel, F|100/100
|move|p1a: Politoed|Scald|p2a: Tentacruel
|-resisted|p2a: Tentacruel
|-damage|p2a: Tentacruel|88/100
|
|-weather|RainDance|[upkeep]
|-heal|p2a: Tentacruel|94/100|[from] ability: Rain Dish
|-heal|p2a: Tentacruel|99/100|[from] item: Black Sludge
|upkeep
|turn|3
|inactive|BLJ Mario has 90 seconds left.
|
|t:|1738083924
|move|p2a: Tentacruel|Toxic|p1a: Politoed
|-status|p1a: Politoed|tox
|move|p1a: Politoed|Encore|p2a: Tentacruel
|-start|p2a: Tentacruel|Encore
|
|-weather|RainDance|[upkeep]
|-heal|p2a: Tentacruel|100/100|[from] ability: Rain Dish
|-damage|p1a: Politoed|94/100 tox|[from] psn
|upkeep
|turn|4
|inactive|BLJ Mario has 90 seconds left.
|
|t:|1738083935
|switch|p2a: Blissey|Blissey, F|100/100
|switch|p1a: Ferrothorn|Ferrothorn, F|100/100
|
|-weather|RainDance|[upkeep]
|upkeep
|turn|5
|
|t:|1738083942
|move|p2a: Blissey|Stealth Rock|p1a: Ferrothorn
|-sidestart|p1: BLJ Mario|move: Stealth Rock
|move|p1a: Ferrothorn|Stealth Rock|p2a: Blissey
|-sidestart|p2: Alexia B.|move: Stealth Rock
|
|-weather|RainDance|[upkeep]
|upkeep
|turn|6
|inactive|Alexia B. has 120 seconds left.
|
|t:|1738083952
|switch|p2a: Mew|Mew|100/100
|-damage|p2a: Mew|88/100|[from] Stealth Rock
|move|p1a: Ferrothorn|Thunder Wave|p2a: Mew
|-status|p2a: Mew|par
|-activate|p2a: Mew|ability: Synchronize
|-status|p1a: Ferrothorn|par
|
|-weather|RainDance|[upkeep]
|upkeep
|turn|7
|inactive|Alexia B. has 120 seconds left.
|
|t:|1738083963
|move|p2a: Mew|Taunt|p1a: Ferrothorn
|-start|p1a: Ferrothorn|move: Taunt
|cant|p1a: Ferrothorn|move: Taunt|Spikes
|
|-weather|RainDance|[upkeep]
|upkeep
|turn|8
|inactive|BLJ Mario has 90 seconds left.
|inactive|BLJ Mario has 60 seconds left.
|
|t:|1738084019
|switch|p2a: Skarmory|Skarmory, F|100/100
|-damage|p2a: Skarmory|88/100|[from] Stealth Rock
|move|p1a: Ferrothorn|Power Whip|p2a: Skarmory
|-resisted|p2a: Skarmory
|-damage|p2a: Skarmory|82/100
|-damage|p1a: Ferrothorn|84/100 par|[from] item: Rocky Helmet|[of] p2a: Skarmory
|
|-weather|RainDance|[upkeep]
|upkeep
|turn|9
|inactive|BLJ Mario has 60 seconds left.
|
|t:|1738084026
|switch|p1a: Starmie|Starmie|100/100
|-damage|p1a: Starmie|88/100|[from] Stealth Rock
|-item|p1a: Starmie|Air Balloon
|move|p2a: Skarmory|Spikes|p1a: Starmie
|-sidestart|p1: BLJ Mario|Spikes
|
|-weather|RainDance|[upkeep]
|upkeep
|turn|10
|
|t:|1738084030
|switch|p2a: Blissey|Blissey, F|100/100
|-damage|p2a: Blissey|88/100|[from] Stealth Rock
|move|p1a: Starmie|Rapid Spin|p2a: Blissey
|-damage|p2a: Blissey|85/100
|-sideend|p1: BLJ Mario|Spikes|[from] move: Rapid Spin|[of] p1a: Starmie
|-sideend|p1: BLJ Mario|Stealth Rock|[from] move: Rapid Spin|[of] p1a: Starmie
|
|-weather|RainDance|[upkeep]
|-heal|p2a: Blissey|91/100|[from] item: Leftovers
|upkeep
|turn|11
|
|t:|1738084035
|switch|p1a: Excadrill|Excadrill, M|100/100
|move|p2a: Blissey|Heal Bell|p2a: Blissey
|-activate|p2a: Blissey|move: Heal Bell
|-curestatus|p2: Mew|par|[msg]
|
|-weather|RainDance|[upkeep]
|-heal|p2a: Blissey|97/100|[from] item: Leftovers
|upkeep
|turn|12
|j| jfme2006
|
|t:|1738084058
|switch|p1a: Latios|Latios, M|100/100
|switch|p2a: Skarmory|Skarmory, F|82/100
|-damage|p2a: Skarmory|70/100|[from] Stealth Rock
|
|-weather|RainDance|[upkeep]
|upkeep
|turn|13
|
|t:|1738084065
|switch|p2a: Tentacruel|Tentacruel, F|100/100
|-damage|p2a: Tentacruel|88/100|[from] Stealth Rock
|move|p1a: Latios|Trick|p2a: Tentacruel
|-activate|p1a: Latios|move: Trick|[of] p2a: Tentacruel
|-item|p2a: Tentacruel|Choice Specs|[from] move: Trick
|-item|p1a: Latios|Black Sludge|[from] move: Trick
|
|-weather|RainDance|[upkeep]
|-heal|p2a: Tentacruel|94/100|[from] ability: Rain Dish
|-damage|p1a: Latios|88/100|[from] item: Black Sludge
|upkeep
|turn|14
|
|t:|1738084088
|switch|p1a: Ferrothorn|Ferrothorn, F|84/100 par
|move|p2a: Tentacruel|Toxic||[still]
|-fail|p2a: Tentacruel
|
|-weather|RainDance|[upkeep]
|-heal|p2a: Tentacruel|99/100|[from] ability: Rain Dish
|upkeep
|turn|15
|inactive|BLJ Mario has 60 seconds left.
|
|t:|1738084108
|switch|p2a: Skarmory|Skarmory, F|70/100
|-damage|p2a: Skarmory|58/100|[from] Stealth Rock
|move|p1a: Ferrothorn|Thunder Wave|p2a: Skarmory
|-status|p2a: Skarmory|par
|
|-weather|RainDance|[upkeep]
|upkeep
|turn|16
|
|t:|1738084116
|switch|p1a: Starmie|Starmie|88/100
|-item|p1a: Starmie|Air Balloon
|move|p2a: Skarmory|Roost|p2a: Skarmory
|-heal|p2a: Skarmory|100/100 par
|-singleturn|p2a: Skarmory|move: Roost
|
|-weather|RainDance|[upkeep]
|upkeep
|turn|17
|
|t:|1738084122
|switch|p1a: Latios|Latios, M|88/100
|switch|p2a: Blissey|Blissey, F|97/100
|-damage|p2a: Blissey|85/100|[from] Stealth Rock
|
|-weather|RainDance|[upkeep]
|-damage|p1a: Latios|76/100|[from] item: Black Sludge
|-heal|p2a: Blissey|91/100|[from] item: Leftovers
|upkeep
|turn|18
|inactive|BLJ Mario has 60 seconds left.
|
|t:|1738084153
|switch|p1a: Thundurus|Thundurus-Therian, M|100/100
|switch|p2a: Tentacruel|Tentacruel, F|99/100
|-damage|p2a: Tentacruel|88/100|[from] Stealth Rock
|
|-weather|RainDance|[upkeep]
|-heal|p2a: Tentacruel|94/100|[from] ability: Rain Dish
|upkeep
|turn|19
|
|t:|1738084162
|move|p1a: Thundurus|Thunder|p2a: Tentacruel
|-supereffective|p2a: Tentacruel
|-damage|p2a: Tentacruel|11/100
|-status|p2a: Tentacruel|par
|move|p2a: Tentacruel|Scald|p1a: Thundurus
|-damage|p1a: Thundurus|45/100
|-status|p1a: Thundurus|brn
|-enditem|p1a: Thundurus|Sitrus Berry|[eat]
|-heal|p1a: Thundurus|70/100 brn|[from] item: Sitrus Berry
|
|-weather|RainDance|[upkeep]
|-heal|p2a: Tentacruel|17/100 par|[from] ability: Rain Dish
|-damage|p1a: Thundurus|57/100 brn|[from] brn
|upkeep
|turn|20
|inactive|BLJ Mario has 60 seconds left.
|
|t:|1738084173
|move|p1a: Thundurus|Thunder|p2a: Tentacruel
|-supereffective|p2a: Tentacruel
|-damage|p2a: Tentacruel|0 fnt
|faint|p2a: Tentacruel
|
|-weather|RainDance|[upkeep]
|-damage|p1a: Thundurus|45/100 brn|[from] brn
|upkeep
|
|t:|1738084177
|switch|p2a: Blissey|Blissey, F|91/100
|-damage|p2a: Blissey|79/100|[from] Stealth Rock
|turn|21
|
|t:|1738084182
|switch|p1a: Excadrill|Excadrill, M|100/100
|move|p2a: Blissey|Stealth Rock|p1a: Excadrill
|-sidestart|p1: BLJ Mario|move: Stealth Rock
|
|-weather|RainDance|[upkeep]
|-heal|p2a: Blissey|85/100|[from] item: Leftovers
|upkeep
|turn|22
|
|t:|1738084189
|switch|p2a: Skarmory|Skarmory, F|100/100 par
|-damage|p2a: Skarmory|88/100 par|[from] Stealth Rock
|move|p1a: Excadrill|Rapid Spin|p2a: Skarmory
|-resisted|p2a: Skarmory
|-damage|p2a: Skarmory|86/100 par
|-damage|p1a: Excadrill|84/100|[from] item: Rocky Helmet|[of] p2a: Skarmory
|-sideend|p1: BLJ Mario|Stealth Rock|[from] move: Rapid Spin|[of] p1a: Excadrill
|
|-weather|RainDance|[upkeep]
|upkeep
|turn|23
|
|t:|1738084203
|switch|p1a: Starmie|Starmie|88/100
|-item|p1a: Starmie|Air Balloon
|cant|p2a: Skarmory|par
|
|-weather|RainDance|[upkeep]
|upkeep
|turn|24
|
|t:|1738084217
|switch|p1a: Latios|Latios, M|76/100
|switch|p2a: Blissey|Blissey, F|85/100
|-damage|p2a: Blissey|72/100|[from] Stealth Rock
|
|-weather|RainDance|[upkeep]
|-damage|p1a: Latios|64/100|[from] item: Black Sludge
|-heal|p2a: Blissey|79/100|[from] item: Leftovers
|upkeep
|turn|25
|
|t:|1738084230
|switch|p2a: Politoed|Politoed, M|100/100
|-damage|p2a: Politoed|88/100|[from] Stealth Rock
|move|p1a: Latios|Trick|p2a: Politoed
|-activate|p1a: Latios|move: Trick|[of] p2a: Politoed
|-item|p2a: Politoed|Black Sludge|[from] move: Trick
|-item|p1a: Latios|Choice Scarf|[from] move: Trick
|
|-weather|RainDance|[upkeep]
|-damage|p2a: Politoed|76/100|[from] item: Black Sludge
|upkeep
|turn|26
|inactive|BLJ Mario has 60 seconds left.
|
|t:|1738084255
|switch|p1a: Politoed|Politoed, M, shiny|94/100 tox
|move|p2a: Politoed|Ice Beam|p1a: Politoed
|-resisted|p1a: Politoed
|-damage|p1a: Politoed|83/100 tox
|
|-weather|RainDance|[upkeep]
|-damage|p2a: Politoed|63/100|[from] item: Black Sludge
|-heal|p1a: Politoed|90/100 tox|[from] item: Leftovers
|-damage|p1a: Politoed|83/100 tox|[from] psn
|upkeep
|turn|27
|inactive|BLJ Mario has 60 seconds left.
|j| Scarhino900
|
|t:|1738084265
|switch|p2a: Blissey|Blissey, F|79/100
|-damage|p2a: Blissey|66/100|[from] Stealth Rock
|move|p1a: Politoed|Scald|p2a: Blissey
|-damage|p2a: Blissey|53/100
|-status|p2a: Blissey|brn
|
|-weather|RainDance|[upkeep]
|-heal|p1a: Politoed|90/100 tox|[from] item: Leftovers
|-heal|p2a: Blissey|59/100 brn|[from] item: Leftovers
|-damage|p1a: Politoed|77/100 tox|[from] psn
|-damage|p2a: Blissey|47/100 brn|[from] brn
|upkeep
|turn|28
|inactive|BLJ Mario has 60 seconds left.
|
|t:|1738084285
|switch|p1a: Excadrill|Excadrill, M|84/100
|move|p2a: Blissey|Stealth Rock|p1a: Excadrill
|-sidestart|p1: BLJ Mario|move: Stealth Rock
|
|-weather|RainDance|[upkeep]
|-heal|p2a: Blissey|53/100 brn|[from] item: Leftovers
|-damage|p2a: Blissey|40/100 brn|[from] brn
|upkeep
|turn|29
|
|t:|1738084296
|switch|p1a: Thundurus|Thundurus-Therian, M|45/100 brn
|-damage|p1a: Thundurus|20/100 brn|[from] Stealth Rock
|-curestatus|p2a: Blissey|brn|[from] ability: Natural Cure
|switch|p2a: Skarmory|Skarmory, F|86/100 par
|-damage|p2a: Skarmory|73/100 par|[from] Stealth Rock
|
|-weather|RainDance|[upkeep]
|-damage|p1a: Thundurus|8/100 brn|[from] brn
|upkeep
|turn|30
|
|t:|1738084304
|switch|p2a: Blissey|Blissey, F|40/100
|-damage|p2a: Blissey|28/100|[from] Stealth Rock
|move|p1a: Thundurus|Thunder|p2a: Blissey
|-damage|p2a: Blissey|0 fnt
|faint|p2a: Blissey
|
|-weather|RainDance|[upkeep]
|-damage|p1a: Thundurus|0 fnt|[from] brn
|faint|p1a: Thundurus
|upkeep
|l| Scarhino900
|inactive|BLJ Mario has 60 seconds left.
|
|t:|1738084323
|switch|p1a: Latios|Latios, M|64/100
|switch|p2a: Mew|Mew|88/100
|-damage|p1a: Latios|51/100|[from] Stealth Rock
|-damage|p2a: Mew|76/100|[from] Stealth Rock
|turn|31
|
|t:|1738084337
|switch|p1a: Politoed|Politoed, M, shiny|77/100 tox
|-damage|p1a: Politoed|65/100 tox|[from] Stealth Rock
|switch|p2a: Politoed|Politoed, M|63/100
|-damage|p2a: Politoed|51/100|[from] Stealth Rock
|
|-weather|RainDance|[upkeep]
|-damage|p2a: Politoed|38/100|[from] item: Black Sludge
|-heal|p1a: Politoed|71/100 tox|[from] item: Leftovers
|-damage|p1a: Politoed|65/100 tox|[from] psn
|upkeep
|turn|32
|
|t:|1738084352
|move|p2a: Politoed|Scald|p1a: Politoed
|-resisted|p1a: Politoed
|-damage|p1a: Politoed|44/100 tox
|move|p1a: Politoed|Toxic|p2a: Politoed
|-status|p2a: Politoed|tox
|
|-weather|RainDance|[upkeep]
|-damage|p2a: Politoed|26/100 tox|[from] item: Black Sludge
|-heal|p1a: Politoed|50/100 tox|[from] item: Leftovers
|-damage|p2a: Politoed|20/100 tox|[from] psn
|-damage|p1a: Politoed|37/100 tox|[from] psn
|upkeep
|turn|33
|
|t:|1738084360
|move|p1a: Politoed|Protect|p1a: Politoed
|-singleturn|p1a: Politoed|Protect
|move|p2a: Politoed|Scald|p1a: Politoed
|-activate|p1a: Politoed|move: Protect
|
|-weather|RainDance|[upkeep]
|-damage|p2a: Politoed|7/100 tox|[from] item: Black Sludge
|-heal|p1a: Politoed|44/100 tox|[from] item: Leftovers
|-damage|p2a: Politoed|0 fnt|[from] psn
|faint|p2a: Politoed
|-damage|p1a: Politoed|25/100 tox|[from] psn
|upkeep
|
|t:|1738084365
|switch|p2a: Jirachi|Jirachi|100/100
|-damage|p2a: Jirachi|94/100|[from] Stealth Rock
|turn|34
|
|t:|1738084368
|move|p2a: Jirachi|Thunder|p1a: Politoed
|-supereffective|p1a: Politoed
|-damage|p1a: Politoed|0 fnt
|faint|p1a: Politoed
|
|-weather|RainDance|[upkeep]
|-heal|p2a: Jirachi|100/100|[from] item: Leftovers
|upkeep
|
|t:|1738084383
|switch|p1a: Latios|Latios, M|51/100
|-damage|p1a: Latios|39/100|[from] Stealth Rock
|turn|35
|
|t:|1738084387
|switch|p2a: Mew|Mew|76/100
|-damage|p2a: Mew|63/100|[from] Stealth Rock
|move|p1a: Latios|Trick|p2a: Mew
|-activate|p1a: Latios|move: Trick|[of] p2a: Mew
|-item|p2a: Mew|Choice Scarf|[from] move: Trick
|-item|p1a: Latios|Wide Lens|[from] move: Trick
|
|-weather|RainDance|[upkeep]
|upkeep
|turn|36
|inactive|BLJ Mario has 60 seconds left.
|
|t:|1738084425
|switch|p1a: Starmie|Starmie|88/100
|-damage|p1a: Starmie|76/100|[from] Stealth Rock
|-item|p1a: Starmie|Air Balloon
|move|p2a: Mew|Soft-Boiled|p2a: Mew
|-heal|p2a: Mew|100/100
|
|-weather|RainDance|[upkeep]
|upkeep
|turn|37
|
|t:|1738084438
|switch|p2a: Jirachi|Jirachi|100/100
|-damage|p2a: Jirachi|94/100|[from] Stealth Rock
|move|p1a: Starmie|Hydro Pump|p2a: Jirachi
|-damage|p2a: Jirachi|5/100
|
|-weather|RainDance|[upkeep]
|-heal|p2a: Jirachi|11/100|[from] item: Leftovers
|upkeep
|turn|38
|
|t:|1738084443
|move|p1a: Starmie|Thunder|p2a: Jirachi
|-damage|p2a: Jirachi|0 fnt
|faint|p2a: Jirachi
|
|-weather|RainDance|[upkeep]
|upkeep
|-message|Alexia B. forfeited.
|
|win|BLJ Mario
|raw|BLJ Mario's rating: 1625 &rarr; <strong>1637</strong><br />(+12 for winning)
|raw|Alexia B.'s rating: 1468 &rarr; <strong>1456</strong><br />(-12 for losing)
|l|☆Alexia B.
|player|p2|
