|j|☆HydreigonSpammer
|j|☆chomp29
|t:|1736671366
|gametype|singles
|player|p1|HydreigonSpammer|iris|1340
|player|p2|chomp29|lucas|1532
|teamsize|p1|6
|teamsize|p2|6
|gen|5
|tier|[Gen 5] OU
|rated|
|rule|Species Clause: Limit one of each Pokémon
|rule|OHKO Clause: OHKO moves are banned
|rule|Moody Clause: Moody is banned
|rule|Evasion Items Clause: Evasion items are banned
|rule|Evasion Moves Clause: Evasion moves are banned
|rule|Endless Battle Clause: Forcing endless battles is banned
|rule|HP Percentage Mod: HP is shown in percentages
|rule|Evasion Abilities Clause: Evasion abilities are banned
|rule|Sleep Moves Clause: Sleep-inducing moves are banned
|rule|Swagger Clause: Swagger is banned
|rule|Baton Pass Stat Clause: No Baton Passer may have a way to boost its stats
|clearpoke
|poke|p1|Gengar, M|item
|poke|p1|Landorus-Therian, M|item
|poke|p1|Rotom-Wash|item
|poke|p1|Alakazam, F|item
|poke|p1|Ferrothorn, F|item
|poke|p1|Gliscor, F|item
|poke|p2|Latios, M|item
|poke|p2|Politoed, F|item
|poke|p2|Ferrothorn, M|item
|poke|p2|Blastoise, M|item
|poke|p2|Rotom-Wash|item
|poke|p2|Landorus-Therian, M|item
|teampreview
|inactive|Battle timer is ON: inactive players will automatically lose when time's up. (requested by chomp29)
|c|☆HydreigonSpammer|hey gl
|c|☆chomp29|Gl
|inactive|chomp29 has 120 seconds left.
|inactive|HydreigonSpammer has 120 seconds left.
|j| damn das crazy
|
|t:|1736671426
|start
|switch|p1a: Landorus|Landorus-Therian, M|100/100
|switch|p2a: Latios|Latios, M|100/100
|-ability|p1a: Landorus|Intimidate|boost
|-unboost|p2a: Latios|atk|1
|turn|1
|
|t:|1736671442
|move|p1a: Landorus|U-turn|p2a: Latios
|-supereffective|p2a: Latios
|-damage|p2a: Latios|36/100
|
|t:|1736671445
|switch|p1a: Gliscor|Gliscor, F|100/100|[from] U-turn
|move|p2a: Latios|Draco Meteor|p1a: Gliscor
|-damage|p1a: Gliscor|21/100
|-unboost|p2a: Latios|spa|2
|
|-status|p1a: Gliscor|tox|[from] item: Toxic Orb
|upkeep
|turn|2
|
|t:|1736671464
|switch|p1a: Ferrothorn|Ferrothorn, F|100/100
|move|p2a: Latios|Recover|p2a: Latios
|-heal|p2a: Latios|86/100
|
|upkeep
|turn|3
|j| StrikerX2k
|l| damn das crazy
|
|t:|1736671483
|switch|p2a: Landorus|Landorus-Therian, M|100/100
|-ability|p2a: Landorus|Intimidate|boost
|-unboost|p1a: Ferrothorn|atk|1
|switch|p1a: Rotom|Rotom-Wash|100/100
|
|upkeep
|turn|4
|
|t:|1736671501
|move|p2a: Landorus|Stealth Rock|p1a: Rotom
|-sidestart|p1: HydreigonSpammer|move: Stealth Rock
|move|p1a: Rotom|Trick|p2a: Landorus
|-activate|p1a: Rotom|move: Trick|[of] p2a: Landorus
|-item|p2a: Landorus|Choice Specs|[from] move: Trick
|-item|p1a: Rotom|Choice Scarf|[from] move: Trick
|
|upkeep
|turn|5
|c|☆HydreigonSpammer|xd
|
|t:|1736671512
|switch|p2a: Ferrothorn|Ferrothorn, M|100/100
|move|p1a: Rotom|Will-O-Wisp|p2a: Ferrothorn
|-status|p2a: Ferrothorn|brn
|
|-damage|p2a: Ferrothorn|88/100 brn|[from] brn
|upkeep
|turn|6
|inactive|HydreigonSpammer has 120 seconds left.
|
|t:|1736671532
|switch|p1a: Ferrothorn|Ferrothorn, F|100/100
|-damage|p1a: Ferrothorn|95/100|[from] Stealth Rock
|move|p2a: Ferrothorn|Power Whip|p1a: Ferrothorn
|-resisted|p1a: Ferrothorn
|-damage|p1a: Ferrothorn|91/100
|-damage|p2a: Ferrothorn|75/100 brn|[from] ability: Iron Barbs|[of] p1a: Ferrothorn
|
|-heal|p2a: Ferrothorn|82/100 brn|[from] item: Leftovers
|-damage|p2a: Ferrothorn|69/100 brn|[from] brn
|upkeep
|turn|7
|
|t:|1736671541
|move|p1a: Ferrothorn|Spikes|p2a: Ferrothorn
|-sidestart|p2: chomp29|Spikes
|move|p2a: Ferrothorn|Spikes|p1a: Ferrothorn
|-sidestart|p1: HydreigonSpammer|Spikes
|
|-heal|p2a: Ferrothorn|75/100 brn|[from] item: Leftovers
|-damage|p2a: Ferrothorn|63/100 brn|[from] brn
|upkeep
|turn|8
|
|t:|1736671546
|move|p1a: Ferrothorn|Spikes|p2a: Ferrothorn
|-sidestart|p2: chomp29|Spikes
|move|p2a: Ferrothorn|Spikes|p1a: Ferrothorn
|-sidestart|p1: HydreigonSpammer|Spikes
|
|-heal|p2a: Ferrothorn|69/100 brn|[from] item: Leftovers
|-damage|p2a: Ferrothorn|57/100 brn|[from] brn
|upkeep
|turn|9
|
|t:|1736671548
|switch|p1a: Gliscor|Gliscor, F|21/100 tox
|-damage|p1a: Gliscor|8/100 tox|[from] Stealth Rock
|move|p2a: Ferrothorn|Spikes|p1a: Gliscor
|-sidestart|p1: HydreigonSpammer|Spikes
|
|-heal|p2a: Ferrothorn|63/100 brn|[from] item: Leftovers
|-heal|p1a: Gliscor|21/100 tox|[from] ability: Poison Heal
|-damage|p2a: Ferrothorn|50/100 brn|[from] brn
|upkeep
|turn|10
|
|t:|1736671554
|move|p1a: Gliscor|Stealth Rock|p2a: Ferrothorn
|-sidestart|p2: chomp29|move: Stealth Rock
|move|p2a: Ferrothorn|Power Whip|p1a: Gliscor
|-damage|p1a: Gliscor|5/100 tox
|
|-heal|p2a: Ferrothorn|57/100 brn|[from] item: Leftovers
|-heal|p1a: Gliscor|17/100 tox|[from] ability: Poison Heal
|-damage|p2a: Ferrothorn|44/100 brn|[from] brn
|upkeep
|turn|11
|j| damn das crazy
|
|t:|1736671560
|switch|p2a: Blastoise|Blastoise, M|100/100
|-damage|p2a: Blastoise|84/100|[from] Spikes
|-damage|p2a: Blastoise|71/100|[from] Stealth Rock
|move|p1a: Gliscor|Earthquake|p2a: Blastoise
|-damage|p2a: Blastoise|42/100
|
|-heal|p2a: Blastoise|49/100|[from] item: Leftovers
|-heal|p1a: Gliscor|30/100 tox|[from] ability: Poison Heal
|upkeep
|turn|12
|
|t:|1736671568
|move|p1a: Gliscor|Toxic|p2a: Blastoise
|-status|p2a: Blastoise|tox
|move|p2a: Blastoise|Scald|p1a: Gliscor
|-supereffective|p1a: Gliscor
|-crit|p1a: Gliscor
|-damage|p1a: Gliscor|0 fnt
|faint|p1a: Gliscor
|
|-heal|p2a: Blastoise|55/100 tox|[from] item: Leftovers
|-damage|p2a: Blastoise|49/100 tox|[from] psn
|upkeep
|
|t:|1736671578
|switch|p1a: Gengar|Gengar, M|100/100
|-damage|p1a: Gengar|88/100|[from] Stealth Rock
|turn|13
|
|t:|1736671608
|move|p1a: Gengar|Energy Ball|p2a: Blastoise
|-supereffective|p2a: Blastoise
|-damage|p2a: Blastoise|0 fnt
|faint|p2a: Blastoise
|-damage|p1a: Gengar|78/100|[from] item: Life Orb
|
|upkeep
|inactive|chomp29 has 120 seconds left.
|
|t:|1736671632
|switch|p2a: Politoed|Politoed, F|100/100
|-damage|p2a: Politoed|84/100|[from] Spikes
|-damage|p2a: Politoed|72/100|[from] Stealth Rock
|-weather|RainDance|[from] ability: Drizzle|[of] p2a: Politoed
|turn|14
|l| damn das crazy
|inactive|chomp29 has 120 seconds left.
|inactive|HydreigonSpammer has 120 seconds left.
|
|t:|1736671662
|switch|p1a: Rotom|Rotom-Wash|100/100
|-damage|p1a: Rotom|88/100|[from] Stealth Rock
|move|p2a: Politoed|Hydro Pump|p1a: Rotom|[miss]
|-miss|p2a: Politoed|p1a: Rotom
|
|-weather|RainDance|[upkeep]
|upkeep
|turn|15
|inactive|chomp29 has 120 seconds left.
|
|t:|1736671677
|switch|p2a: Latios|Latios, M|86/100
|-damage|p2a: Latios|74/100|[from] Stealth Rock
|move|p1a: Rotom|Hydro Pump|p2a: Latios
|-resisted|p2a: Latios
|-damage|p2a: Latios|31/100
|
|-weather|RainDance|[upkeep]
|upkeep
|turn|16
|inactive|chomp29 has 120 seconds left.
|
|t:|1736671692
|move|p1a: Rotom|Hydro Pump|p2a: Latios
|-resisted|p2a: Latios
|-crit|p2a: Latios
|-damage|p2a: Latios|0 fnt
|faint|p2a: Latios
|
|-weather|RainDance|[upkeep]
|upkeep
|inactive|chomp29 has 120 seconds left.
|
|t:|1736671697
|switch|p2a: Rotom|Rotom-Wash|100/100
|-damage|p2a: Rotom|88/100|[from] Stealth Rock
|turn|17
|inactive|HydreigonSpammer has 120 seconds left.
|
|t:|1736671714
|move|p1a: Rotom|Hydro Pump|p2a: Rotom|[miss]
|-miss|p1a: Rotom|p2a: Rotom
|move|p2a: Rotom|Charge Beam|p1a: Rotom
|-damage|p1a: Rotom|60/100
|-boost|p2a: Rotom|spa|1
|
|-weather|RainDance|[upkeep]
|upkeep
|turn|18
|
|t:|1736671724
|move|p1a: Rotom|Hydro Pump|p2a: Rotom|[miss]
|-miss|p1a: Rotom|p2a: Rotom
|move|p2a: Rotom|Substitute|p2a: Rotom
|-start|p2a: Rotom|Substitute
|-damage|p2a: Rotom|63/100
|
|-weather|RainDance|[upkeep]
|upkeep
|turn|19
|
|t:|1736671728
|move|p1a: Rotom|Hydro Pump|p2a: Rotom|[miss]
|-miss|p1a: Rotom|p2a: Rotom
|move|p2a: Rotom|Charge Beam|p1a: Rotom
|-crit|p1a: Rotom
|-damage|p1a: Rotom|0 fnt
|-boost|p2a: Rotom|spa|1
|faint|p1a: Rotom
|
|-weather|RainDance|[upkeep]
|upkeep
|
|t:|1736671735
|switch|p1a: Landorus|Landorus-Therian, M|100/100
|-damage|p1a: Landorus|88/100|[from] Stealth Rock
|-ability|p1a: Landorus|Intimidate|boost
|-immune|p2a: Rotom
|turn|20
|
|t:|1736671746
|move|p1a: Landorus|U-turn|p2a: Rotom
|-end|p2a: Rotom|Substitute
|
|t:|1736671749
|switch|p1a: Ferrothorn|Ferrothorn, F|91/100|[from] U-turn
|-damage|p1a: Ferrothorn|85/100|[from] Stealth Rock
|-damage|p1a: Ferrothorn|60/100|[from] Spikes
|move|p2a: Rotom|Substitute|p2a: Rotom
|-start|p2a: Rotom|Substitute
|-damage|p2a: Rotom|38/100
|
|-weather|RainDance|[upkeep]
|upkeep
|turn|21
|inactive|chomp29 has 120 seconds left.
|
|t:|1736671787
|move|p2a: Rotom|Charge Beam|p1a: Ferrothorn
|-resisted|p1a: Ferrothorn
|-damage|p1a: Ferrothorn|45/100
|-boost|p2a: Rotom|spa|1
|move|p1a: Ferrothorn|Power Whip|p2a: Rotom
|-supereffective|p2a: Rotom
|-crit|p2a: Rotom
|-end|p2a: Rotom|Substitute
|
|-weather|RainDance|[upkeep]
|upkeep
|turn|22
|inactive|chomp29 has 120 seconds left.
|
|t:|1736671793
|move|p2a: Rotom|Substitute|p2a: Rotom
|-start|p2a: Rotom|Substitute
|-damage|p2a: Rotom|13/100
|-enditem|p2a: Rotom|Salac Berry|[eat]
|-boost|p2a: Rotom|spe|1|[from] item: Salac Berry
|move|p1a: Ferrothorn|Power Whip|p2a: Rotom
|-supereffective|p2a: Rotom
|-end|p2a: Rotom|Substitute
|
|-weather|RainDance|[upkeep]
|upkeep
|turn|23
|inactive|chomp29 has 120 seconds left.
|inactive|chomp29 has 90 seconds left.
|inactive|chomp29 has 60 seconds left.
|
|t:|1736671866
|move|p2a: Rotom|Hydro Pump|p1a: Ferrothorn
|-resisted|p1a: Ferrothorn
|-damage|p1a: Ferrothorn|0 fnt
|faint|p1a: Ferrothorn
|
|-weather|RainDance|[upkeep]
|upkeep
|c|☆HydreigonSpammer|you have an experimental team u're just testing i see it
|
|t:|1736671873
|switch|p1a: Landorus|Landorus-Therian, M|88/100
|-damage|p1a: Landorus|76/100|[from] Stealth Rock
|-ability|p1a: Landorus|Intimidate|boost
|-unboost|p2a: Rotom|atk|1
|turn|24
|
|t:|1736671881
|move|p1a: Landorus|U-turn|p2a: Rotom
|-damage|p2a: Rotom|0 fnt
|faint|p2a: Rotom
|
|t:|1736671889
|switch|p1a: Gengar|Gengar, M|78/100|[from] U-turn
|-damage|p1a: Gengar|66/100|[from] Stealth Rock
|
|-weather|RainDance|[upkeep]
|upkeep
|inactive|chomp29 has 60 seconds left.
|
|t:|1736671910
|switch|p2a: Landorus|Landorus-Therian, M|100/100
|-damage|p2a: Landorus|88/100|[from] Stealth Rock
|-ability|p2a: Landorus|Intimidate|boost
|-unboost|p1a: Gengar|atk|1
|turn|25
|
|t:|1736671916
|move|p1a: Gengar|Shadow Ball|p2a: Landorus
|-crit|p2a: Landorus
|-damage|p2a: Landorus|0 fnt
|faint|p2a: Landorus
|-damage|p1a: Gengar|56/100|[from] item: Life Orb
|
|-weather|RainDance|[upkeep]
|upkeep
|
|t:|1736671924
|switch|p2a: Ferrothorn|Ferrothorn, M|44/100 brn
|-damage|p2a: Ferrothorn|28/100 brn|[from] Spikes
|-damage|p2a: Ferrothorn|22/100 brn|[from] Stealth Rock
|turn|26
|
|t:|1736671929
|move|p1a: Gengar|Shadow Ball|p2a: Ferrothorn
|-resisted|p2a: Ferrothorn
|-damage|p2a: Ferrothorn|3/100 brn
|-damage|p1a: Gengar|46/100|[from] item: Life Orb
|move|p2a: Ferrothorn|Thunder Wave|p1a: Gengar
|-status|p1a: Gengar|par
|
|-weather|RainDance|[upkeep]
|-heal|p2a: Ferrothorn|10/100 brn|[from] item: Leftovers
|-damage|p2a: Ferrothorn|0 fnt|[from] brn
|faint|p2a: Ferrothorn
|upkeep
|
|t:|1736671931
|switch|p2a: Politoed|Politoed, F|72/100
|-damage|p2a: Politoed|55/100|[from] Spikes
|-damage|p2a: Politoed|43/100|[from] Stealth Rock
|turn|27
|inactive|chomp29 has 90 seconds left.
|
|t:|1736671947
|move|p2a: Politoed|Hydro Pump|p1a: Gengar
|-damage|p1a: Gengar|0 fnt
|faint|p1a: Gengar
|
|-weather|RainDance|[upkeep]
|upkeep
|
|t:|1736671950
|switch|p1a: Landorus|Landorus-Therian, M|76/100
|-damage|p1a: Landorus|64/100|[from] Stealth Rock
|-ability|p1a: Landorus|Intimidate|boost
|-unboost|p2a: Politoed|atk|1
|turn|28
|
|t:|1736671951
|move|p1a: Landorus|Earthquake|p2a: Politoed
|-damage|p2a: Politoed|0 fnt
|faint|p2a: Politoed
|
|win|HydreigonSpammer
|raw|HydreigonSpammer's rating: 1340 &rarr; <strong>1370</strong><br />(+30 for winning)
|raw|chomp29's rating: 1532 &rarr; <strong>1502</strong><br />(-30 for losing)
