|j|☆gfgfdhdh
|j|☆Goootzinho
|player|p1|gfgfdhdh|lass-gen4dp|1344
|player|p2|Goootzinho|80|1464
|teamsize|p1|6
|teamsize|p2|6
|gametype|singles
|gen|5
|tier|[Gen 5] OU
|rated|
|rule|Sleep Clause Mod: Limit one foe put to sleep
|rule|Species Clause: Limit one of each Pokémon
|rule|OHKO Clause: OHKO moves are banned
|rule|Moody Clause: Moody is banned
|rule|Evasion Moves Clause: Evasion moves are banned
|rule|Endless Battle Clause: Forcing endless battles is banned
|rule|HP Percentage Mod: HP is shown in percentages
|rule|Evasion Abilities Clause: Evasion abilities are banned
|rule|Baton Pass Clause: Limit one Baton Passer, can't pass Spe and other stats simultaneously
|rule|Swagger Clause: Swagger is banned
|clearpoke
|poke|p1|Tyranitar, M|item
|poke|p1|Garchomp, M|item
|poke|p1|Magnezone|item
|poke|p1|Amoonguss, M|item
|poke|p1|Alakazam, F|item
|poke|p1|Landorus-Therian, M|item
|poke|p2|Xatu, M|item
|poke|p2|Ferrothorn, F|item
|poke|p2|Rotom-Wash|item
|poke|p2|Latios, M|item
|poke|p2|Breloom, F|item
|poke|p2|Weavile, M|item
|teampreview
|
|start
|switch|p1a: Tyranitar|Tyranitar, M|100/100
|switch|p2a: Rotom|Rotom-Wash|100/100
|-weather|Sandstorm|[from] ability: Sand Stream|[of] p1a: Tyranitar
|turn|1
|inactive|Battle timer is ON: inactive players will automatically lose when time's up. (requested by gfgfdhdh)
|
|switch|p1a: Amoonguss|Amoonguss, M, shiny|100/100
|move|p2a: Rotom|Hydro Pump|p1a: Amoonguss
|-resisted|p1a: Amoonguss
|-damage|p1a: Amoonguss|80/100
|
|-weather|Sandstorm|[upkeep]
|-damage|p2a: Rotom|94/100|[from] Sandstorm
|-damage|p1a: Amoonguss|74/100|[from] Sandstorm
|-heal|p1a: Amoonguss|80/100|[from] item: Black Sludge
|upkeep
|turn|2
|
|switch|p2a: Xatu|Xatu, M|100/100
|move|p1a: Amoonguss|Spore|p2a: Xatu
|move|p2a: Xatu|Spore|p1a: Amoonguss|[from]Magic Bounce
|-status|p1a: Amoonguss|slp|[from] move: Spore
|
|-weather|Sandstorm|[upkeep]
|-damage|p2a: Xatu|95/100|[from] Sandstorm
|-damage|p1a: Amoonguss|74/100 slp|[from] Sandstorm
|-heal|p1a: Amoonguss|80/100 slp|[from] item: Black Sludge
|upkeep
|turn|3
|
|switch|p1a: Tyranitar|Tyranitar, M|100/100
|move|p2a: Xatu|U-turn|p1a: Tyranitar
|-supereffective|p1a: Tyranitar
|-damage|p1a: Tyranitar|80/100
|
|switch|p2a: Breloom|Breloom, F|100/100|[from]move: U-turn
|
|-weather|Sandstorm|[upkeep]
|-damage|p2a: Breloom|94/100|[from] Sandstorm
|upkeep
|turn|4
|
|switch|p1a: Landorus|Landorus-Therian, M, shiny|100/100
|-ability|p1a: Landorus|Intimidate|boost
|-unboost|p2a: Breloom|atk|1
|move|p2a: Breloom|Bullet Seed|p1a: Landorus
|-damage|p1a: Landorus|90/100
|-crit|p1a: Landorus
|-damage|p1a: Landorus|55/100
|-damage|p1a: Landorus|45/100
|-damage|p1a: Landorus|35/100
|-damage|p1a: Landorus|24/100
|-hitcount|p1a: Landorus|5
|
|-weather|Sandstorm|[upkeep]
|-damage|p2a: Breloom|88/100|[from] Sandstorm
|-heal|p1a: Landorus|30/100|[from] item: Leftovers
|upkeep
|turn|5
|
|switch|p2a: Ferrothorn|Ferrothorn, F|100/100
|move|p1a: Landorus|U-turn|p2a: Ferrothorn
|-damage|p2a: Ferrothorn|87/100
|-damage|p1a: Landorus|17/100|[from] ability: Iron Barbs|[of] p2a: Ferrothorn
|
|switch|p1a: Tyranitar|Tyranitar, M|80/100|[from]move: U-turn
|
|-weather|Sandstorm|[upkeep]
|-heal|p2a: Ferrothorn|93/100|[from] item: Leftovers
|upkeep
|turn|6
|
|switch|p2a: Xatu|Xatu, M|95/100
|move|p1a: Tyranitar|Superpower|p2a: Xatu
|-resisted|p2a: Xatu
|-damage|p2a: Xatu|65/100
|-unboost|p1a: Tyranitar|atk|1
|-unboost|p1a: Tyranitar|def|1
|
|-weather|Sandstorm|[upkeep]
|-damage|p2a: Xatu|60/100|[from] Sandstorm
|upkeep
|turn|7
|j| Sword8laze
|
|switch|p1a: Magnezone|Magnezone, shiny|100/100
|move|p2a: Xatu|U-turn|p1a: Magnezone
|-resisted|p1a: Magnezone
|-damage|p1a: Magnezone|94/100
|inactive|Goootzinho has 120 seconds left.
|
|switch|p2a: Rotom|Rotom-Wash|94/100|[from]move: U-turn
|
|-weather|Sandstorm|[upkeep]
|-damage|p2a: Rotom|88/100|[from] Sandstorm
|upkeep
|turn|8
|
|move|p2a: Rotom|Hydro Pump|p1a: Magnezone
|-damage|p1a: Magnezone|20/100
|move|p1a: Magnezone|Volt Switch|p2a: Rotom
|-damage|p2a: Rotom|20/100
|
|switch|p1a: Garchomp|Garchomp, M, shiny|100/100|[from]move: Volt Switch
|
|-weather|Sandstorm|[upkeep]
|-damage|p2a: Rotom|13/100|[from] Sandstorm
|upkeep
|turn|9
|
|switch|p2a: Xatu|Xatu, M|60/100
|move|p1a: Garchomp|Fire Blast|p2a: Xatu
|-damage|p2a: Xatu|22/100
|
|-weather|Sandstorm|[upkeep]
|-damage|p2a: Xatu|16/100|[from] Sandstorm
|upkeep
|turn|10
|
|move|p1a: Garchomp|Fire Blast|p2a: Xatu
|-damage|p2a: Xatu|0 fnt
|faint|p2a: Xatu
|
|-weather|Sandstorm|[upkeep]
|upkeep
|inactive|Goootzinho has 120 seconds left.
|
|switch|p2a: Latios|Latios, M|100/100
|turn|11
|
|switch|p1a: Magnezone|Magnezone, shiny|20/100
|move|p2a: Latios|Surf|p1a: Magnezone
|-damage|p1a: Magnezone|0 fnt
|faint|p1a: Magnezone
|
|-weather|Sandstorm|[upkeep]
|-damage|p2a: Latios|95/100|[from] Sandstorm
|upkeep
|
|switch|p1a: Tyranitar|Tyranitar, M|80/100
|turn|12
|
|move|p2a: Latios|Surf|p1a: Tyranitar
|-supereffective|p1a: Tyranitar
|-damage|p1a: Tyranitar|20/100
|move|p1a: Tyranitar|Pursuit|p2a: Latios
|-supereffective|p2a: Latios
|-damage|p2a: Latios|0 fnt
|faint|p2a: Latios
|
|-weather|Sandstorm|[upkeep]
|upkeep
|inactive|Goootzinho has 120 seconds left.
|
|switch|p2a: Weavile|Weavile, M|100/100
|-ability|p2a: Weavile|Pressure
|turn|13
|
|move|p2a: Weavile|Swords Dance|p2a: Weavile
|-boost|p2a: Weavile|atk|2
|move|p1a: Tyranitar|Pursuit|p2a: Weavile
|-resisted|p2a: Weavile
|-crit|p2a: Weavile
|-damage|p2a: Weavile|37/100
|
|-weather|Sandstorm|[upkeep]
|-damage|p2a: Weavile|31/100|[from] Sandstorm
|upkeep
|turn|14
|
|move|p2a: Weavile|Low Kick|p1a: Tyranitar
|-supereffective|p1a: Tyranitar
|-damage|p1a: Tyranitar|0 fnt
|faint|p1a: Tyranitar
|
|-weather|Sandstorm|[upkeep]
|-damage|p2a: Weavile|25/100|[from] Sandstorm
|upkeep
|
|switch|p1a: Alakazam|Alakazam, F, shiny|100/100
|turn|15
|inactive|gfgfdhdh has 120 seconds left.
|
|move|p2a: Weavile|Night Slash|p1a: Alakazam
|-supereffective|p1a: Alakazam
|-enditem|p1a: Alakazam|Focus Sash
|-damage|p1a: Alakazam|1/100
|move|p1a: Alakazam|Shadow Ball|p2a: Weavile
|-resisted|p2a: Weavile
|-damage|p2a: Weavile|6/100
|-unboost|p2a: Weavile|spd|1
|
|-weather|Sandstorm|[upkeep]
|-damage|p2a: Weavile|0 fnt|[from] Sandstorm
|faint|p2a: Weavile
|upkeep
|
|switch|p2a: Breloom|Breloom, F|88/100
|turn|16
|
|switch|p1a: Amoonguss|Amoonguss, M, shiny|100/100 slp
|move|p2a: Breloom|Mach Punch|p1a: Amoonguss
|-resisted|p1a: Amoonguss
|-damage|p1a: Amoonguss|84/100 slp
|
|-weather|Sandstorm|[upkeep]
|-damage|p2a: Breloom|82/100|[from] Sandstorm
|-damage|p1a: Amoonguss|78/100 slp|[from] Sandstorm
|-heal|p1a: Amoonguss|84/100 slp|[from] item: Black Sludge
|upkeep
|turn|17
|
|move|p2a: Breloom|Swords Dance|p2a: Breloom
|-boost|p2a: Breloom|atk|2
|cant|p1a: Amoonguss|slp
|
|-weather|Sandstorm|[upkeep]
|-damage|p2a: Breloom|76/100|[from] Sandstorm
|-damage|p1a: Amoonguss|78/100 slp|[from] Sandstorm
|-heal|p1a: Amoonguss|84/100 slp|[from] item: Black Sludge
|upkeep
|turn|18
|
|move|p2a: Breloom|Mach Punch|p1a: Amoonguss
|-resisted|p1a: Amoonguss
|-damage|p1a: Amoonguss|53/100 slp
|-curestatus|p1a: Amoonguss|slp|[msg]
|move|p1a: Amoonguss|Sludge Bomb|p2a: Breloom
|-supereffective|p2a: Breloom
|-damage|p2a: Breloom|0 fnt
|faint|p2a: Breloom
|
|-weather|Sandstorm|[upkeep]
|-damage|p1a: Amoonguss|47/100|[from] Sandstorm
|-heal|p1a: Amoonguss|53/100|[from] item: Black Sludge
|upkeep
|
|switch|p2a: Ferrothorn|Ferrothorn, F|93/100
|turn|19
|-message|Goootzinho forfeited.
|
|win|gfgfdhdh
|l|☆Goootzinho
|l| Sword8laze
|raw|gfgfdhdh's rating: 1344 &rarr; <strong>1371</strong><br />(+27 for winning)
|raw|Goootzinho's rating: 1465 &rarr; <strong>1438</strong><br />(-27 for losing)
