|j|☆leoperi99
|j|☆Clawdia Chauchat
|t:|1711736297
|gametype|singles
|player|p1|leoperi99|red-gen2|1385
|player|p2|Clawdia Chauchat|winona|1437
|teamsize|p1|6
|teamsize|p2|6
|gen|5
|tier|[Gen 5] OU
|rated|
|rule|Species Clause: Limit one of each Pokémon
|rule|OHKO Clause: OHKO moves are banned
|rule|Moody Clause: Moody is banned
|rule|Evasion Items Clause: Evasion items are banned
|rule|Evasion Moves Clause: Evasion moves are banned
|rule|Endless Battle Clause: Forcing endless battles is banned
|rule|HP Percentage Mod: HP is shown in percentages
|rule|Evasion Abilities Clause: Evasion abilities are banned
|rule|Sleep Moves Clause: Sleep-inducing moves are banned
|rule|Swagger Clause: Swagger is banned
|rule|Baton Pass Stat Clause: No Baton Passer may have a way to boost its stats
|clearpoke
|poke|p1|Politoed, M|item
|poke|p1|Tentacruel, F|item
|poke|p1|Ferrothorn, F|item
|poke|p1|Latios, M|item
|poke|p1|Gyarados, F|item
|poke|p1|Kyurem-Black|item
|poke|p2|Kyurem-Black|item
|poke|p2|Starmie|item
|poke|p2|Mew|item
|poke|p2|Jirachi|item
|poke|p2|Heatran, M|item
|poke|p2|Garchomp, M|item
|teampreview
|inactive|Battle timer is ON: inactive players will automatically lose when time's up. (requested by leoperi99)
|c|☆leoperi99|glhf
|c|☆Clawdia Chauchat|u2!
|
|t:|1711736339
|start
|switch|p1a: le frog|Politoed, M, shiny|100/100
|switch|p2a: Cloudbusting|Kyurem-Black, shiny|100/100
|-ability|p2a: Cloudbusting|Teravolt
|-weather|RainDance|[from] ability: Drizzle|[of] p1a: le frog
|turn|1
|
|t:|1711736355
|switch|p1a: Ferrothorn|Ferrothorn, F, shiny|100/100
|move|p2a: Cloudbusting|Substitute|p2a: Cloudbusting
|-start|p2a: Cloudbusting|Substitute
|-damage|p2a: Cloudbusting|75/100
|
|-weather|RainDance|[upkeep]
|-heal|p2a: Cloudbusting|82/100|[from] item: Leftovers
|upkeep
|turn|2
|
|t:|1711736358
|move|p2a: Cloudbusting|Ice Beam|p1a: Ferrothorn
|-damage|p1a: Ferrothorn|68/100
|move|p1a: Ferrothorn|Stealth Rock|p2a: Cloudbusting
|-sidestart|p2: Clawdia Chauchat|move: Stealth Rock
|
|-weather|RainDance|[upkeep]
|-heal|p2a: Cloudbusting|88/100|[from] item: Leftovers
|upkeep
|turn|3
|
|t:|1711736362
|move|p2a: Cloudbusting|Ice Beam|p1a: Ferrothorn
|-damage|p1a: Ferrothorn|38/100
|move|p1a: Ferrothorn|Gyro Ball|p2a: Cloudbusting
|-supereffective|p2a: Cloudbusting
|-end|p2a: Cloudbusting|Substitute
|
|-weather|RainDance|[upkeep]
|-heal|p2a: Cloudbusting|94/100|[from] item: Leftovers
|upkeep
|turn|4
|
|t:|1711736366
|move|p2a: Cloudbusting|Ice Beam|p1a: Ferrothorn
|-damage|p1a: Ferrothorn|5/100
|move|p1a: Ferrothorn|Gyro Ball|p2a: Cloudbusting
|-supereffective|p2a: Cloudbusting
|-damage|p2a: Cloudbusting|7/100
|
|-weather|RainDance|[upkeep]
|-heal|p2a: Cloudbusting|14/100|[from] item: Leftovers
|upkeep
|turn|5
|
|t:|1711736370
|move|p2a: Cloudbusting|Ice Beam|p1a: Ferrothorn
|-damage|p1a: Ferrothorn|0 fnt
|faint|p1a: Ferrothorn
|
|-weather|RainDance|[upkeep]
|-heal|p2a: Cloudbusting|20/100|[from] item: Leftovers
|upkeep
|
|t:|1711736376
|switch|p1a: Tentacruel|Tentacruel, F, shiny|100/100
|turn|6
|
|t:|1711736403
|move|p2a: Cloudbusting|Fusion Bolt|p1a: Tentacruel
|-supereffective|p1a: Tentacruel
|-damage|p1a: Tentacruel|8/100
|move|p1a: Tentacruel|Scald|p2a: Cloudbusting
|-resisted|p2a: Cloudbusting
|-damage|p2a: Cloudbusting|3/100
|-status|p2a: Cloudbusting|brn
|
|-weather|RainDance|[upkeep]
|-heal|p1a: Tentacruel|14/100|[from] ability: Rain Dish
|-heal|p2a: Cloudbusting|9/100 brn|[from] item: Leftovers
|-heal|p1a: Tentacruel|20/100|[from] item: Black Sludge
|-damage|p2a: Cloudbusting|0 fnt|[from] brn
|faint|p2a: Cloudbusting
|upkeep
|
|t:|1711736409
|switch|p2a: Xiu Xiu|Starmie|100/100
|-damage|p2a: Xiu Xiu|88/100|[from] Stealth Rock
|turn|7
|
|t:|1711736412
|move|p1a: Tentacruel|Protect|p1a: Tentacruel
|-singleturn|p1a: Tentacruel|Protect
|move|p2a: Xiu Xiu|Thunder|p1a: Tentacruel
|-activate|p1a: Tentacruel|move: Protect
|
|-weather|RainDance|[upkeep]
|-heal|p1a: Tentacruel|26/100|[from] ability: Rain Dish
|-heal|p2a: Xiu Xiu|94/100|[from] item: Leftovers
|-heal|p1a: Tentacruel|32/100|[from] item: Black Sludge
|upkeep
|turn|8
|
|t:|1711736421
|move|p2a: Xiu Xiu|Rapid Spin|p1a: Tentacruel
|-damage|p1a: Tentacruel|29/100
|-sideend|p2: Clawdia Chauchat|Stealth Rock|[from] move: Rapid Spin|[of] p2a: Xiu Xiu
|move|p1a: Tentacruel|Scald|p2a: Xiu Xiu
|-resisted|p2a: Xiu Xiu
|-damage|p2a: Xiu Xiu|68/100
|
|-weather|RainDance|[upkeep]
|-heal|p1a: Tentacruel|35/100|[from] ability: Rain Dish
|-heal|p2a: Xiu Xiu|74/100|[from] item: Leftovers
|-heal|p1a: Tentacruel|41/100|[from] item: Black Sludge
|upkeep
|turn|9
|
|t:|1711736437
|move|p1a: Tentacruel|Protect|p1a: Tentacruel
|-singleturn|p1a: Tentacruel|Protect
|move|p2a: Xiu Xiu|Thunder|p1a: Tentacruel
|-activate|p1a: Tentacruel|move: Protect
|
|-weather|RainDance|[upkeep]
|-heal|p1a: Tentacruel|47/100|[from] ability: Rain Dish
|-heal|p2a: Xiu Xiu|81/100|[from] item: Leftovers
|-heal|p1a: Tentacruel|53/100|[from] item: Black Sludge
|upkeep
|turn|10
|
|t:|1711736439
|switch|p1a: Kyurem|Kyurem-Black, shiny|100/100
|-ability|p1a: Kyurem|Teravolt
|move|p2a: Xiu Xiu|Thunder|p1a: Kyurem
|-resisted|p1a: Kyurem
|-damage|p1a: Kyurem|86/100
|
|-weather|RainDance|[upkeep]
|-heal|p2a: Xiu Xiu|87/100|[from] item: Leftovers
|-heal|p1a: Kyurem|92/100|[from] item: Leftovers
|upkeep
|turn|11
|
|t:|1711736446
|switch|p2a: Concorde I Miss U|Jirachi|100/100
|move|p1a: Kyurem|Substitute|p1a: Kyurem
|-start|p1a: Kyurem|Substitute
|-damage|p1a: Kyurem|67/100
|
|-weather|RainDance|[upkeep]
|-heal|p1a: Kyurem|73/100|[from] item: Leftovers
|upkeep
|turn|12
|
|t:|1711736455
|move|p1a: Kyurem|Earth Power|p2a: Concorde I Miss U
|-supereffective|p2a: Concorde I Miss U
|-damage|p2a: Concorde I Miss U|57/100
|move|p2a: Concorde I Miss U|Iron Head|p1a: Kyurem
|-supereffective|p1a: Kyurem
|-end|p1a: Kyurem|Substitute
|
|-weather|RainDance|[upkeep]
|-heal|p1a: Kyurem|79/100|[from] item: Leftovers
|-heal|p2a: Concorde I Miss U|63/100|[from] item: Leftovers
|upkeep
|turn|13
|
|t:|1711736460
|switch|p1a: le frog|Politoed, M, shiny|100/100
|move|p2a: Concorde I Miss U|Iron Head|p1a: le frog
|-resisted|p1a: le frog
|-damage|p1a: le frog|91/100
|
|-weather|RainDance|[upkeep]
|-heal|p2a: Concorde I Miss U|69/100|[from] item: Leftovers
|-heal|p1a: le frog|97/100|[from] item: Leftovers
|upkeep
|turn|14
|
|t:|1711736463
|move|p2a: Concorde I Miss U|U-turn|p1a: le frog
|-damage|p1a: le frog|83/100
|
|t:|1711736465
|switch|p2a: Xiu Xiu|Starmie|87/100|[from] U-turn
|move|p1a: le frog|Scald|p2a: Xiu Xiu
|-resisted|p2a: Xiu Xiu
|-damage|p2a: Xiu Xiu|60/100
|
|-weather|RainDance|[upkeep]
|-heal|p2a: Xiu Xiu|66/100|[from] item: Leftovers
|-heal|p1a: le frog|90/100|[from] item: Leftovers
|upkeep
|turn|15
|
|t:|1711736468
|switch|p1a: Kyurem|Kyurem-Black, shiny|79/100
|-ability|p1a: Kyurem|Teravolt
|move|p2a: Xiu Xiu|Thunder|p1a: Kyurem
|-resisted|p1a: Kyurem
|-damage|p1a: Kyurem|64/100
|
|-weather|RainDance|[upkeep]
|-heal|p2a: Xiu Xiu|73/100|[from] item: Leftovers
|-heal|p1a: Kyurem|70/100|[from] item: Leftovers
|upkeep
|turn|16
|
|t:|1711736484
|move|p2a: Xiu Xiu|Thunder|p1a: Kyurem
|-resisted|p1a: Kyurem
|-damage|p1a: Kyurem|55/100
|-status|p1a: Kyurem|par
|move|p1a: Kyurem|Substitute|p1a: Kyurem
|-start|p1a: Kyurem|Substitute
|-damage|p1a: Kyurem|30/100 par
|
|-weather|RainDance|[upkeep]
|-heal|p2a: Xiu Xiu|79/100|[from] item: Leftovers
|-heal|p1a: Kyurem|36/100 par|[from] item: Leftovers
|upkeep
|turn|17
|
|t:|1711736489
|switch|p2a: Concorde I Miss U|Jirachi|69/100
|move|p1a: Kyurem|Fusion Bolt|p2a: Concorde I Miss U
|-damage|p2a: Concorde I Miss U|40/100
|
|-weather|RainDance|[upkeep]
|-heal|p2a: Concorde I Miss U|46/100|[from] item: Leftovers
|-heal|p1a: Kyurem|42/100 par|[from] item: Leftovers
|upkeep
|turn|18
|
|t:|1711736493
|move|p2a: Concorde I Miss U|Iron Head|p1a: Kyurem
|-supereffective|p1a: Kyurem
|-end|p1a: Kyurem|Substitute
|move|p1a: Kyurem|Earth Power|p2a: Concorde I Miss U
|-supereffective|p2a: Concorde I Miss U
|-damage|p2a: Concorde I Miss U|7/100
|
|-weather|RainDance|[upkeep]
|-heal|p2a: Concorde I Miss U|13/100|[from] item: Leftovers
|-heal|p1a: Kyurem|48/100 par|[from] item: Leftovers
|upkeep
|turn|19
|
|t:|1711736513
|switch|p1a: le frog|Politoed, M, shiny|90/100
|move|p2a: Concorde I Miss U|Iron Head|p1a: le frog
|-resisted|p1a: le frog
|-damage|p1a: le frog|79/100
|
|-weather|RainDance|[upkeep]
|-heal|p2a: Concorde I Miss U|19/100|[from] item: Leftovers
|-heal|p1a: le frog|85/100|[from] item: Leftovers
|upkeep
|turn|20
|
|t:|1711736517
|move|p2a: Concorde I Miss U|Wish|p2a: Concorde I Miss U
|move|p1a: le frog|Scald|p2a: Concorde I Miss U
|-crit|p2a: Concorde I Miss U
|-damage|p2a: Concorde I Miss U|0 fnt
|faint|p2a: Concorde I Miss U
|
|-weather|RainDance|[upkeep]
|-heal|p1a: le frog|91/100|[from] item: Leftovers
|upkeep
|
|t:|1711736520
|switch|p2a: Xiu Xiu|Starmie|79/100
|turn|21
|
|t:|1711736522
|move|p1a: le frog|Protect|p1a: le frog
|-singleturn|p1a: le frog|Protect
|move|p2a: Xiu Xiu|Thunder|p1a: le frog
|-activate|p1a: le frog|move: Protect
|
|-weather|RainDance|[upkeep]
|-heal|p2a: Xiu Xiu|100/100|[from] move: Wish|[wisher] Concorde I Miss U
|-heal|p1a: le frog|97/100|[from] item: Leftovers
|upkeep
|turn|22
|
|t:|1711736530
|switch|p1a: Kyurem|Kyurem-Black, shiny|48/100 par
|-ability|p1a: Kyurem|Teravolt
|move|p2a: Xiu Xiu|Thunder|p1a: Kyurem
|-resisted|p1a: Kyurem
|-damage|p1a: Kyurem|31/100 par
|
|-weather|RainDance|[upkeep]
|-heal|p1a: Kyurem|38/100 par|[from] item: Leftovers
|upkeep
|turn|23
|
|t:|1711736558
|move|p2a: Xiu Xiu|Hydro Pump|p1a: Kyurem
|-resisted|p1a: Kyurem
|-damage|p1a: Kyurem|4/100 par
|move|p1a: Kyurem|Fusion Bolt|p2a: Xiu Xiu
|-supereffective|p2a: Xiu Xiu
|-damage|p2a: Xiu Xiu|0 fnt
|faint|p2a: Xiu Xiu
|
|-weather|RainDance|[upkeep]
|-heal|p1a: Kyurem|11/100 par|[from] item: Leftovers
|upkeep
|
|t:|1711736562
|switch|p2a: Simulation Swarm|Heatran, M, shiny|100/100
|turn|24
|
|t:|1711736569
|move|p2a: Simulation Swarm|Lava Plume|p1a: Kyurem
|-damage|p1a: Kyurem|0 fnt
|faint|p1a: Kyurem
|
|-weather|RainDance|[upkeep]
|upkeep
|
|t:|1711736572
|switch|p1a: Gyarados|Gyarados, F, shiny|100/100
|-ability|p1a: Gyarados|Intimidate|boost
|-unboost|p2a: Simulation Swarm|atk|1
|turn|25
|
|t:|1711736596
|switch|p2a: Joe Johnson|Garchomp, M|100/100
|move|p1a: Gyarados|Substitute|p1a: Gyarados
|-start|p1a: Gyarados|Substitute
|-damage|p1a: Gyarados|76/100
|
|-weather|RainDance|[upkeep]
|-heal|p1a: Gyarados|82/100|[from] item: Leftovers
|upkeep
|turn|26
|
|t:|1711736604
|move|p2a: Joe Johnson|Dragon Claw|p1a: Gyarados
|-end|p1a: Gyarados|Substitute
|move|p1a: Gyarados|Dragon Dance|p1a: Gyarados
|-boost|p1a: Gyarados|atk|1
|-boost|p1a: Gyarados|spe|1
|
|-weather|RainDance|[upkeep]
|-heal|p1a: Gyarados|88/100|[from] item: Leftovers
|upkeep
|turn|27
|
|t:|1711736617
|move|p2a: Joe Johnson|Dragon Claw|p1a: Gyarados
|-damage|p1a: Gyarados|35/100
|move|p1a: Gyarados|Waterfall|p2a: Joe Johnson
|-crit|p2a: Joe Johnson
|-damage|p2a: Joe Johnson|0 fnt
|-damage|p1a: Gyarados|23/100|[from] ability: Rough Skin|[of] p2a: Joe Johnson
|faint|p2a: Joe Johnson
|
|-weather|RainDance|[upkeep]
|-heal|p1a: Gyarados|29/100|[from] item: Leftovers
|upkeep
|
|t:|1711736623
|switch|p2a: Kafka Tamura|Mew, shiny|100/100
|turn|28
|
|t:|1711736629
|move|p1a: Gyarados|Waterfall|p2a: Kafka Tamura
|-crit|p2a: Kafka Tamura
|-damage|p2a: Kafka Tamura|0 fnt
|faint|p2a: Kafka Tamura
|
|-weather|RainDance|[upkeep]
|-heal|p1a: Gyarados|35/100|[from] item: Leftovers
|upkeep
|c|☆leoperi99|gg
|-message|Clawdia Chauchat forfeited.
|
|win|leoperi99
|raw|leoperi99's rating: 1385 &rarr; <strong>1409</strong><br />(+24 for winning)
|raw|Clawdia Chauchat's rating: 1451 &rarr; <strong>1427</strong><br />(-24 for losing)
|l|☆Clawdia Chauchat
|player|p2|
