|j|☆Yokao893
|j|☆fourx4
|t:|1708467848
|gametype|singles
|player|p1|Yokao893|hilbert|1431
|player|p2|fourx4|101|1313
|teamsize|p1|6
|teamsize|p2|6
|gen|5
|tier|[Gen 5] OU
|rated|
|rule|Species Clause: Limit one of each Pokémon
|rule|OHKO Clause: OHKO moves are banned
|rule|Moody Clause: Moody is banned
|rule|Evasion Items Clause: Evasion items are banned
|rule|Evasion Moves Clause: Evasion moves are banned
|rule|Endless Battle Clause: Forcing endless battles is banned
|rule|HP Percentage Mod: HP is shown in percentages
|rule|Evasion Abilities Clause: Evasion abilities are banned
|rule|Sleep Moves Clause: Sleep-inducing moves are banned
|rule|Swagger Clause: Swagger is banned
|rule|Baton Pass Stat Clause: No Baton Passer may have a way to boost its stats
|clearpoke
|poke|p1|Jirachi|item
|poke|p1|Kyurem-Black|item
|poke|p1|Latios, M|item
|poke|p1|Magnezone|item
|poke|p1|Dragonite, M|item
|poke|p1|Garchomp, M|item
|poke|p2|Alakazam, M|item
|poke|p2|Reuniclus, M|item
|poke|p2|Tyranitar, M|item
|poke|p2|Hydreigon, M|item
|poke|p2|Landorus-Therian, M|item
|poke|p2|Rotom-Wash|item
|teampreview
|inactive|Battle timer is ON: inactive players will automatically lose when time's up. (requested by Yokao893)
|
|t:|1708467863
|start
|switch|p1a: Alex|Kyurem-Black|100/100
|switch|p2a: Landorus|Landorus-Therian, M, shiny|100/100
|-ability|p2a: Landorus|Intimidate|boost
|-unboost|p1a: Alex|atk|1
|-ability|p1a: Alex|Teravolt
|turn|1
|
|t:|1708467875
|move|p2a: Landorus|Stealth Rock|p1a: Alex
|-sidestart|p1: Yokao893|move: Stealth Rock
|move|p1a: Alex|Ice Beam|p2a: Landorus
|-supereffective|p2a: Landorus
|-damage|p2a: Landorus|0 fnt
|faint|p2a: Landorus
|
|upkeep
|
|t:|1708467882
|switch|p2a: Tyranitar|Tyranitar, M|100/100
|-weather|Sandstorm|[from] ability: Sand Stream|[of] p2a: Tyranitar
|turn|2
|
|t:|1708467888
|switch|p1a: NomNom|Garchomp, M|100/100
|-damage|p1a: NomNom|94/100|[from] Stealth Rock
|move|p2a: Tyranitar|Earthquake|p1a: NomNom
|-damage|p1a: NomNom|61/100
|
|-weather|Sandstorm|[upkeep]
|upkeep
|turn|3
|
|t:|1708467893
|switch|p2a: Hydreigon|Hydreigon, M, shiny|100/100
|move|p1a: NomNom|Substitute|p1a: NomNom
|-start|p1a: NomNom|Substitute
|-damage|p1a: NomNom|36/100
|
|-weather|Sandstorm|[upkeep]
|-damage|p2a: Hydreigon|94/100|[from] Sandstorm
|upkeep
|turn|4
|
|t:|1708467902
|move|p1a: NomNom|Outrage|p2a: Hydreigon
|-supereffective|p2a: Hydreigon
|-damage|p2a: Hydreigon|0 fnt
|faint|p2a: Hydreigon
|
|-weather|Sandstorm|[upkeep]
|upkeep
|
|t:|1708467904
|switch|p2a: Rotom|Rotom-Wash|100/100
|turn|5
|
|t:|1708467909
|move|p1a: NomNom|Outrage|p2a: Rotom|[from]lockedmove
|-damage|p2a: Rotom|27/100
|-start|p1a: NomNom|confusion|[fatigue]
|move|p2a: Rotom|Hydro Pump|p1a: NomNom
|-end|p1a: NomNom|Substitute
|
|-weather|Sandstorm|[upkeep]
|-damage|p2a: Rotom|21/100|[from] Sandstorm
|upkeep
|turn|6
|
|t:|1708467918
|-activate|p1a: NomNom|confusion
|move|p1a: NomNom|Outrage|p2a: Rotom
|-damage|p2a: Rotom|0 fnt
|faint|p2a: Rotom
|
|-weather|Sandstorm|[upkeep]
|upkeep
|
|t:|1708467922
|switch|p2a: Tyranitar|Tyranitar, M|100/100
|turn|7
|
|t:|1708467924
|-activate|p1a: NomNom|confusion
|move|p1a: NomNom|Outrage|p2a: Tyranitar|[from]lockedmove
|-damage|p2a: Tyranitar|42/100
|move|p2a: Tyranitar|Dragon Dance|p2a: Tyranitar
|-boost|p2a: Tyranitar|atk|1
|-boost|p2a: Tyranitar|spe|1
|
|-weather|Sandstorm|[upkeep]
|upkeep
|turn|8
|
|t:|1708467931
|move|p2a: Tyranitar|Earthquake|p1a: NomNom
|-damage|p1a: NomNom|0 fnt
|faint|p1a: NomNom
|
|-weather|Sandstorm|[upkeep]
|upkeep
|
|t:|1708467948
|switch|p1a: Alex|Kyurem-Black|100/100
|-damage|p1a: Alex|76/100|[from] Stealth Rock
|-ability|p1a: Alex|Teravolt
|turn|9
|
|t:|1708467950
|move|p2a: Tyranitar|Stone Edge|p1a: Alex
|-supereffective|p1a: Alex
|-crit|p1a: Alex
|-damage|p1a: Alex|0 fnt
|faint|p1a: Alex
|
|-weather|Sandstorm|[upkeep]
|upkeep
|
|t:|1708467959
|switch|p1a: Footdive!|Jirachi|100/100
|-damage|p1a: Footdive!|94/100|[from] Stealth Rock
|turn|10
|
|t:|1708467961
|move|p2a: Tyranitar|Earthquake|p1a: Footdive!
|-supereffective|p1a: Footdive!
|-damage|p1a: Footdive!|5/100
|move|p1a: Footdive!|U-turn|p2a: Tyranitar
|-supereffective|p2a: Tyranitar
|-crit|p2a: Tyranitar
|-damage|p2a: Tyranitar|0 fnt
|faint|p2a: Tyranitar
|
|t:|1708467965
|switch|p1a: Gorilla Grip|Magnezone|100/100|[from] U-turn
|-damage|p1a: Gorilla Grip|94/100|[from] Stealth Rock
|-item|p1a: Gorilla Grip|Air Balloon
|
|-weather|Sandstorm|[upkeep]
|upkeep
|
|t:|1708467978
|switch|p2a: Alakazam|Alakazam, M|100/100
|turn|11
|
|t:|1708467980
|move|p2a: Alakazam|Focus Blast|p1a: Gorilla Grip
|-supereffective|p1a: Gorilla Grip
|-damage|p1a: Gorilla Grip|0 fnt
|-enditem|p1a: Gorilla Grip|Air Balloon
|faint|p1a: Gorilla Grip
|
|-weather|Sandstorm|[upkeep]
|upkeep
|
|t:|1708467987
|switch|p1a: Magic Man!|Dragonite, M|100/100
|-damage|p1a: Magic Man!|76/100|[from] Stealth Rock
|turn|12
|
|t:|1708467991
|move|p1a: Magic Man!|Extreme Speed|p2a: Alakazam
|-damage|p2a: Alakazam|16/100
|move|p2a: Alakazam|Hidden Power|p1a: Magic Man!
|-supereffective|p1a: Magic Man!
|-damage|p1a: Magic Man!|0 fnt
|faint|p1a: Magic Man!
|
|-weather|Sandstorm|[upkeep]
|upkeep
|
|t:|1708467997
|switch|p1a: B-61|Latios, M|100/100
|-damage|p1a: B-61|88/100|[from] Stealth Rock
|turn|13
|
|t:|1708468010
|move|p1a: B-61|Dragon Pulse|p2a: Alakazam
|-crit|p2a: Alakazam
|-damage|p2a: Alakazam|0 fnt
|faint|p2a: Alakazam
|
|-weather|Sandstorm|[upkeep]
|-damage|p1a: B-61|82/100|[from] Sandstorm
|upkeep
|
|t:|1708468012
|switch|p2a: Reuniclus|Reuniclus, M, shiny|100/100
|turn|14
|
|t:|1708468015
|switch|p1a: Footdive!|Jirachi|5/100
|-damage|p1a: Footdive!|0 fnt|[from] Stealth Rock
|faint|p1a: Footdive!
|move|p2a: Reuniclus|Trick Room|p2a: Reuniclus
|-fieldstart|move: Trick Room|[of] p2a: Reuniclus
|
|-weather|Sandstorm|[upkeep]
|upkeep
|
|t:|1708468017
|switch|p1a: B-61|Latios, M|82/100
|-damage|p1a: B-61|70/100|[from] Stealth Rock
|turn|15
|
|t:|1708468019
|move|p2a: Reuniclus|Signal Beam|p1a: B-61
|-supereffective|p1a: B-61
|-damage|p1a: B-61|0 fnt
|faint|p1a: B-61
|
|win|fourx4
|raw|Yokao893's rating: 1431 &rarr; <strong>1404</strong><br />(-27 for losing)
|raw|fourx4's rating: 1313 &rarr; <strong>1340</strong><br />(+27 for winning)
|l|☆Yokao893
|player|p1|
|c|☆fourx4|gg
