|html|<div class="broadcast-blue"><strong>[Gen 5] OU is currently suspecting Volcarona & Cloyster! For information on how to participate check out the <a href="https://www.smogon.com/forums/threads/re-cloyster-volcarona-in-bw-ou-survey-post-29.3731863/page-2#post-9904362">suspect thread</a>.</strong></div>
|j|☆DJ CRIB DEF
|j|☆irgendwasmitmeeem
|t:|1704117640
|gametype|singles
|player|p1|DJ CRIB DEF|pryce-gen2|1453
|player|p2|irgendwasmitmeeem|lucas|1344
|teamsize|p1|6
|teamsize|p2|6
|gen|5
|tier|[Gen 5] OU
|rated|
|rule|Species Clause: Limit one of each Pokémon
|rule|OHKO Clause: OHKO moves are banned
|rule|Moody Clause: Moody is banned
|rule|Evasion Items Clause: Evasion items are banned
|rule|Evasion Moves Clause: Evasion moves are banned
|rule|Endless Battle Clause: Forcing endless battles is banned
|rule|HP Percentage Mod: HP is shown in percentages
|rule|Evasion Abilities Clause: Evasion abilities are banned
|rule|Sleep Moves Clause: Sleep-inducing moves are banned
|rule|Swagger Clause: Swagger is banned
|rule|Baton Pass Stat Clause: No Baton Passer may have a way to boost its stats
|clearpoke
|poke|p1|Landorus-Therian, M|item
|poke|p1|Garchomp, F|item
|poke|p1|Jirachi|item
|poke|p1|Latios, M|item
|poke|p1|Cloyster, F|item
|poke|p1|Breloom, F|item
|poke|p2|Politoed, F|item
|poke|p2|Excadrill, M|item
|poke|p2|Tentacruel, M|item
|poke|p2|Scizor, M|item
|poke|p2|Latios, M|item
|poke|p2|Tornadus, M|item
|teampreview
|inactive|Battle timer is ON: inactive players will automatically lose when time's up. (requested by DJ CRIB DEF)
|
|t:|1704117653
|start
|switch|p1a: Landorus|Landorus-Therian, M|100/100
|switch|p2a: Politoed|Politoed, F, shiny|100/100
|-ability|p1a: Landorus|Intimidate|boost
|-unboost|p2a: Politoed|atk|1
|-weather|RainDance|[from] ability: Drizzle|[of] p2a: Politoed
|turn|1
|
|t:|1704117666
|switch|p1a: Breloom|Breloom, F|100/100
|move|p2a: Politoed|Scald|p1a: Breloom
|-resisted|p1a: Breloom
|-damage|p1a: Breloom|25/100
|
|-weather|RainDance|[upkeep]
|upkeep
|turn|2
|
|t:|1704117677
|switch|p2a: Scizor|Scizor, M|100/100
|move|p1a: Breloom|Bullet Seed|p2a: Scizor
|-resisted|p2a: Scizor
|-damage|p2a: Scizor|92/100
|-resisted|p2a: Scizor
|-crit|p2a: Scizor
|-damage|p2a: Scizor|74/100
|-resisted|p2a: Scizor
|-damage|p2a: Scizor|66/100
|-resisted|p2a: Scizor
|-damage|p2a: Scizor|57/100
|-hitcount|p2a: Scizor|4
|-damage|p1a: Breloom|15/100|[from] item: Life Orb
|
|-weather|RainDance|[upkeep]
|upkeep
|turn|3
|
|t:|1704117682
|switch|p1a: Garchomp|Garchomp, F|100/100
|move|p2a: Scizor|Bullet Punch|p1a: Garchomp
|-damage|p1a: Garchomp|69/100
|-damage|p2a: Scizor|45/100|[from] ability: Rough Skin|[of] p1a: Garchomp
|
|-weather|RainDance|[upkeep]
|upkeep
|turn|4
|
|t:|1704117689
|switch|p2a: Tornadus|Tornadus, M|100/100
|move|p1a: Garchomp|Dual Chop|p2a: Tornadus
|-crit|p2a: Tornadus
|-damage|p2a: Tornadus|37/100
|-damage|p2a: Tornadus|6/100
|-hitcount|p2a: Tornadus|2
|
|-weather|RainDance|[upkeep]
|-heal|p2a: Tornadus|13/100|[from] item: Leftovers
|upkeep
|turn|5
|
|t:|1704117694
|switch|p1a: Jirachi|Jirachi|100/100
|move|p2a: Tornadus|Protect||[still]
|-fail|p2a: Tornadus
|
|-weather|RainDance|[upkeep]
|-heal|p2a: Tornadus|19/100|[from] item: Leftovers
|upkeep
|turn|6
|
|t:|1704117698
|switch|p2a: Excadrill|Excadrill, M|100/100
|-ability|p2a: Excadrill|Mold Breaker
|move|p1a: Jirachi|U-turn|p2a: Excadrill
|-resisted|p2a: Excadrill
|-damage|p2a: Excadrill|86/100
|
|t:|1704117701
|switch|p1a: Landorus|Landorus-Therian, M|100/100|[from] U-turn
|-ability|p1a: Landorus|Intimidate|boost
|-unboost|p2a: Excadrill|atk|1
|
|-weather|RainDance|[upkeep]
|-heal|p2a: Excadrill|92/100|[from] item: Leftovers
|upkeep
|turn|7
|
|t:|1704117706
|switch|p2a: Tornadus|Tornadus, M|19/100
|move|p1a: Landorus|Stealth Rock|p2a: Tornadus
|-sidestart|p2: irgendwasmitmeeem|move: Stealth Rock
|
|-weather|RainDance|[upkeep]
|-heal|p2a: Tornadus|25/100|[from] item: Leftovers
|upkeep
|turn|8
|
|t:|1704117712
|switch|p1a: Jirachi|Jirachi|100/100
|move|p2a: Tornadus|Hurricane|p1a: Jirachi
|-resisted|p1a: Jirachi
|-crit|p1a: Jirachi
|-damage|p1a: Jirachi|50/100
|-start|p1a: Jirachi|confusion
|
|-weather|RainDance|[upkeep]
|-heal|p2a: Tornadus|31/100|[from] item: Leftovers
|upkeep
|turn|9
|
|t:|1704117717
|move|p2a: Tornadus|Substitute|p2a: Tornadus
|-start|p2a: Tornadus|Substitute
|-damage|p2a: Tornadus|6/100
|-activate|p1a: Jirachi|confusion
|-damage|p1a: Jirachi|37/100|[from] confusion
|
|-weather|RainDance|[upkeep]
|-heal|p2a: Tornadus|13/100|[from] item: Leftovers
|upkeep
|turn|10
|
|t:|1704117722
|-activate|p1a: Jirachi|confusion
|-damage|p1a: Jirachi|26/100|[from] confusion
|move|p2a: Tornadus|Hurricane|p1a: Jirachi
|-resisted|p1a: Jirachi
|-damage|p1a: Jirachi|0 fnt
|faint|p1a: Jirachi
|
|-weather|RainDance|[upkeep]
|-heal|p2a: Tornadus|19/100|[from] item: Leftovers
|upkeep
|
|t:|1704117730
|switch|p1a: Latios|Latios, M|100/100
|turn|11
|
|t:|1704117733
|move|p2a: Tornadus|Protect|p2a: Tornadus
|-singleturn|p2a: Tornadus|Protect
|move|p1a: Latios|Surf|p2a: Tornadus
|-activate|p2a: Tornadus|move: Protect
|
|-weather|RainDance|[upkeep]
|-heal|p2a: Tornadus|25/100|[from] item: Leftovers
|upkeep
|turn|12
|
|t:|1704117736
|move|p2a: Tornadus|Hurricane|p1a: Latios
|-damage|p1a: Latios|38/100
|-start|p1a: Latios|confusion
|-activate|p1a: Latios|confusion
|move|p1a: Latios|Surf|p2a: Tornadus
|-end|p2a: Tornadus|Substitute
|
|-weather|RainDance|[upkeep]
|-heal|p2a: Tornadus|31/100|[from] item: Leftovers
|upkeep
|turn|13
|
|t:|1704117742
|move|p2a: Tornadus|Substitute|p2a: Tornadus
|-start|p2a: Tornadus|Substitute
|-damage|p2a: Tornadus|6/100
|-activate|p1a: Latios|confusion
|move|p1a: Latios|Surf|p2a: Tornadus
|-end|p2a: Tornadus|Substitute
|
|-weather|RainDance|[upkeep]
|-heal|p2a: Tornadus|13/100|[from] item: Leftovers
|upkeep
|turn|14
|
|t:|1704117749
|move|p2a: Tornadus|Protect|p2a: Tornadus
|-singleturn|p2a: Tornadus|Protect
|-activate|p1a: Latios|confusion
|-damage|p1a: Latios|29/100|[from] confusion
|
|-weather|RainDance|[upkeep]
|-heal|p2a: Tornadus|19/100|[from] item: Leftovers
|upkeep
|turn|15
|
|t:|1704117751
|move|p2a: Tornadus|Hurricane|p1a: Latios
|-damage|p1a: Latios|0 fnt
|faint|p1a: Latios
|
|-weather|RainDance|[upkeep]
|-heal|p2a: Tornadus|25/100|[from] item: Leftovers
|upkeep
|
|t:|1704117753
|switch|p1a: Breloom|Breloom, F|15/100
|turn|16
|
|t:|1704117756
|move|p2a: Tornadus|Protect|p2a: Tornadus
|-singleturn|p2a: Tornadus|Protect
|move|p1a: Breloom|Mach Punch|p2a: Tornadus
|-activate|p2a: Tornadus|move: Protect
|
|-weather|RainDance|[upkeep]
|-heal|p2a: Tornadus|31/100|[from] item: Leftovers
|upkeep
|turn|17
|
|t:|1704117760
|move|p1a: Breloom|Mach Punch|p2a: Tornadus
|-resisted|p2a: Tornadus
|-damage|p2a: Tornadus|0 fnt
|faint|p2a: Tornadus
|-damage|p1a: Breloom|5/100|[from] item: Life Orb
|
|-weather|RainDance|[upkeep]
|upkeep
|
|t:|1704117767
|switch|p2a: Scizor|Scizor, M|45/100
|-damage|p2a: Scizor|33/100|[from] Stealth Rock
|turn|18
|
|t:|1704117769
|move|p2a: Scizor|Bullet Punch|p1a: Breloom
|-damage|p1a: Breloom|0 fnt
|faint|p1a: Breloom
|
|-weather|RainDance|[upkeep]
|upkeep
|
|t:|1704117779
|switch|p1a: Garchomp|Garchomp, F|69/100
|turn|19
|
|t:|1704117789
|move|p2a: Scizor|Bullet Punch|p1a: Garchomp
|-damage|p1a: Garchomp|37/100
|-damage|p2a: Scizor|20/100|[from] ability: Rough Skin|[of] p1a: Garchomp
|move|p1a: Garchomp|Earthquake|p2a: Scizor
|-damage|p2a: Scizor|0 fnt
|faint|p2a: Scizor
|
|-weather|RainDance|[upkeep]
|upkeep
|
|t:|1704117796
|switch|p2a: Latios|Latios, M|100/100
|-damage|p2a: Latios|88/100|[from] Stealth Rock
|turn|20
|
|t:|1704117798
|move|p2a: Latios|Surf|p1a: Garchomp
|-damage|p1a: Garchomp|0 fnt
|faint|p1a: Garchomp
|
|-weather|RainDance|[upkeep]
|upkeep
|
|t:|1704117800
|switch|p1a: Landorus|Landorus-Therian, M|100/100
|-ability|p1a: Landorus|Intimidate|boost
|-unboost|p2a: Latios|atk|1
|turn|21
|
|t:|1704117806
|move|p2a: Latios|Surf|p1a: Landorus
|-supereffective|p1a: Landorus
|-enditem|p1a: Landorus|Focus Sash
|-damage|p1a: Landorus|1/100
|move|p1a: Landorus|Explosion|p2a: Latios
|-damage|p2a: Latios|0 fnt
|faint|p1a: Landorus
|faint|p2a: Latios
|
|-weather|RainDance|[upkeep]
|upkeep
|
|t:|1704117812
|switch|p2a: Tentacruel|Tentacruel, M|100/100
|switch|p1a: Cloyster|Cloyster, F|100/100
|-damage|p2a: Tentacruel|88/100|[from] Stealth Rock
|turn|22
|
|t:|1704117816
|move|p2a: Tentacruel|Toxic|p1a: Cloyster
|-status|p1a: Cloyster|tox
|move|p1a: Cloyster|Shell Smash|p1a: Cloyster
|-unboost|p1a: Cloyster|def|1
|-unboost|p1a: Cloyster|spd|1
|-boost|p1a: Cloyster|atk|2
|-boost|p1a: Cloyster|spa|2
|-boost|p1a: Cloyster|spe|2
|
|-weather|RainDance|[upkeep]
|-heal|p2a: Tentacruel|94/100|[from] ability: Rain Dish
|-heal|p2a: Tentacruel|99/100|[from] item: Black Sludge
|-damage|p1a: Cloyster|94/100 tox|[from] psn
|upkeep
|turn|23
|
|t:|1704117818
|move|p2a: Tentacruel|Protect|p2a: Tentacruel
|-singleturn|p2a: Tentacruel|Protect
|move|p1a: Cloyster|Rock Blast|p2a: Tentacruel
|-activate|p2a: Tentacruel|move: Protect
|
|-weather|RainDance|[upkeep]
|-heal|p2a: Tentacruel|100/100|[from] ability: Rain Dish
|-damage|p1a: Cloyster|82/100 tox|[from] psn
|upkeep
|turn|24
|
|t:|1704117828
|switch|p2a: Politoed|Politoed, F, shiny|100/100
|-damage|p2a: Politoed|88/100|[from] Stealth Rock
|move|p1a: Cloyster|Icicle Spear|p2a: Politoed
|-resisted|p2a: Politoed
|-damage|p2a: Politoed|72/100
|-resisted|p2a: Politoed
|-damage|p2a: Politoed|57/100
|-resisted|p2a: Politoed
|-damage|p2a: Politoed|42/100
|-resisted|p2a: Politoed
|-damage|p2a: Politoed|27/100
|-resisted|p2a: Politoed
|-damage|p2a: Politoed|10/100
|-hitcount|p2a: Politoed|5
|
|-weather|RainDance|[upkeep]
|-damage|p1a: Cloyster|63/100 tox|[from] psn
|upkeep
|turn|25
|
|t:|1704117832
|move|p1a: Cloyster|Rock Blast|p2a: Politoed
|-damage|p2a: Politoed|0 fnt
|faint|p2a: Politoed
|-hitcount|p2: Politoed|1
|
|-weather|RainDance|[upkeep]
|-damage|p1a: Cloyster|38/100 tox|[from] psn
|upkeep
|
|t:|1704117833
|switch|p2a: Tentacruel|Tentacruel, M|100/100
|-damage|p2a: Tentacruel|88/100|[from] Stealth Rock
|turn|26
|
|t:|1704117837
|move|p2a: Tentacruel|Protect|p2a: Tentacruel
|-singleturn|p2a: Tentacruel|Protect
|move|p1a: Cloyster|Rock Blast|p2a: Tentacruel
|-activate|p2a: Tentacruel|move: Protect
|
|-weather|RainDance|[upkeep]
|-heal|p2a: Tentacruel|94/100|[from] ability: Rain Dish
|-heal|p2a: Tentacruel|99/100|[from] item: Black Sludge
|-damage|p1a: Cloyster|7/100 tox|[from] psn
|upkeep
|turn|27
|c|☆DJ CRIB DEF|gg
|
|t:|1704117840
|move|p1a: Cloyster|Rock Blast|p2a: Tentacruel
|-damage|p2a: Tentacruel|79/100
|-damage|p2a: Tentacruel|58/100
|-damage|p2a: Tentacruel|37/100
|-damage|p2a: Tentacruel|15/100
|-damage|p2a: Tentacruel|0 fnt
|faint|p2a: Tentacruel
|-hitcount|p2: Tentacruel|5
|
|-weather|RainDance|[upkeep]
|-damage|p1a: Cloyster|0 fnt|[from] psn
|faint|p1a: Cloyster
|
|win|irgendwasmitmeeem
|upkeep
|raw|DJ CRIB DEF's rating: 1453 &rarr; <strong>1427</strong><br />(-26 for losing)
|raw|irgendwasmitmeeem's rating: 1344 &rarr; <strong>1370</strong><br />(+26 for winning)
|l|☆DJ CRIB DEF
