|j|☆TheDetails
|j|☆Mizuhopoke
|player|p1|TheDetails|266|1394
|player|p2|Mizuhopoke|elesa|1346
|teamsize|p1|6
|teamsize|p2|6
|gametype|singles
|gen|5
|tier|[Gen 5] OU
|rated|
|clearpoke
|poke|p1|Tyranitar, M|item
|poke|p1|Latios, M|item
|poke|p1|Rotom-Wash|item
|poke|p1|Ferrothorn, M|item
|poke|p1|Landorus-Therian, M|item
|poke|p1|Garchomp, F|item
|poke|p2|Landorus-Therian, M|item
|poke|p2|Hydreigon, M|item
|poke|p2|Reuniclus, F|item
|poke|p2|Scizor, M|item
|poke|p2|Toxicroak, F|item
|poke|p2|Rotom-Wash|item
|rule|Species Clause: Limit one of each Pokémon
|rule|OHKO Clause: OHKO moves are banned
|rule|Moody Clause: Moody is banned
|rule|Evasion Moves Clause: Evasion moves are banned
|rule|Endless Battle Clause: Forcing endless battles is banned
|rule|HP Percentage Mod: HP is shown in percentages
|rule|Evasion Abilities Clause: Evasion abilities are banned
|rule|Baton Pass Clause: Limit one Baton Passer, can't pass Spe and other stats simultaneously
|rule|Sleep Clause: Sleep-inducing moves are banned
|rule|Swagger Clause: Swagger is banned
|teampreview
|inactive|Battle timer is ON: inactive players will automatically lose when time's up. (requested by Mizuhopoke)
|
|start
|switch|p1a: Landorus|Landorus-Therian, M|100/100
|switch|p2a: Landorus|Landorus-Therian, M, shiny|100/100
|-ability|p1a: Landorus|Intimidate|boost
|-unboost|p2a: Landorus|atk|1
|-ability|p2a: Landorus|Intimidate|boost
|-unboost|p1a: Landorus|atk|1
|turn|1
|
|move|p1a: Landorus|Hidden Power|p2a: Landorus
|-supereffective|p2a: Landorus
|-damage|p2a: Landorus|25/100
|-enditem|p2a: Landorus|Sitrus Berry|[eat]
|-heal|p2a: Landorus|50/100|[from] item: Sitrus Berry
|move|p2a: Landorus|Hidden Power|p1a: Landorus
|-supereffective|p1a: Landorus
|-damage|p1a: Landorus|0 fnt
|faint|p1a: Landorus
|
|upkeep
|
|switch|p1a: Rotom|Rotom-Wash|100/100
|turn|2
|
|move|p1a: Rotom|Hydro Pump|p2a: Landorus|[miss]
|-miss|p1a: Rotom|p2a: Landorus
|move|p2a: Landorus|Stealth Rock|p1a: Rotom
|-sidestart|p1: TheDetails|move: Stealth Rock
|
|upkeep
|turn|3
|
|switch|p2a: Rotom|Rotom-Wash, shiny|100/100
|move|p1a: Rotom|Volt Switch|p2a: Rotom
|-damage|p2a: Rotom|80/100
|
|switch|p1a: Ferrothorn|Ferrothorn, M|100/100|[from]move: Volt Switch
|-damage|p1a: Ferrothorn|94/100|[from] Stealth Rock
|
|-heal|p1a: Ferrothorn|100/100|[from] item: Leftovers
|upkeep
|turn|4
|
|move|p2a: Rotom|Trick|p1a: Ferrothorn
|-activate|p2a: Rotom|move: Trick|[of] p1a: Ferrothorn
|-item|p1a: Ferrothorn|Choice Specs|[from] move: Trick
|-item|p2a: Rotom|Leftovers|[from] move: Trick
|move|p1a: Ferrothorn|Spikes|p2a: Rotom
|-sidestart|p2: Mizuhopoke|Spikes
|
|-heal|p2a: Rotom|86/100|[from] item: Leftovers
|upkeep
|turn|5
|
|switch|p1a: Latios|Latios, M|100/100
|-damage|p1a: Latios|88/100|[from] Stealth Rock
|move|p2a: Rotom|Volt Switch|p1a: Latios
|-resisted|p1a: Latios
|-crit|p1a: Latios
|-damage|p1a: Latios|60/100
|
|switch|p2a: Hydreigon|Hydreigon, M, shiny|100/100|[from]move: Volt Switch
|
|upkeep
|turn|6
|
|move|p2a: Hydreigon|U-turn|p1a: Latios
|-supereffective|p1a: Latios
|-damage|p1a: Latios|21/100
|
|switch|p2a: Scizor|Scizor, M, shiny|100/100|[from]move: U-turn
|-damage|p2a: Scizor|88/100|[from] Spikes
|move|p1a: Latios|Dragon Pulse|p2a: Scizor
|-resisted|p2a: Scizor
|-damage|p2a: Scizor|53/100
|
|upkeep
|turn|7
|
|switch|p1a: Rotom|Rotom-Wash|100/100
|-damage|p1a: Rotom|88/100|[from] Stealth Rock
|move|p2a: Scizor|U-turn|p1a: Rotom
|-damage|p1a: Rotom|30/100
|
|switch|p2a: Hydreigon|Hydreigon, M, shiny|100/100|[from]move: U-turn
|
|-heal|p1a: Rotom|36/100|[from] item: Leftovers
|upkeep
|turn|8
|
|switch|p1a: Tyranitar|Tyranitar, M|100/100
|-damage|p1a: Tyranitar|88/100|[from] Stealth Rock
|-weather|Sandstorm|[from] ability: Sand Stream|[of] p1a: Tyranitar
|move|p2a: Hydreigon|Draco Meteor|p1a: Tyranitar
|-damage|p1a: Tyranitar|54/100
|-unboost|p2a: Hydreigon|spa|2
|
|-weather|Sandstorm|[upkeep]
|-damage|p2a: Hydreigon|94/100|[from] Sandstorm
|upkeep
|turn|9
|
|switch|p2a: Landorus|Landorus-Therian, M, shiny|50/100
|-ability|p2a: Landorus|Intimidate|boost
|-unboost|p1a: Tyranitar|atk|1
|move|p1a: Tyranitar|Crunch|p2a: Landorus
|-damage|p2a: Landorus|32/100
|
|-weather|Sandstorm|[upkeep]
|upkeep
|turn|10
|
|move|p2a: Landorus|U-turn|p1a: Tyranitar
|-supereffective|p1a: Tyranitar
|-damage|p1a: Tyranitar|19/100
|
|switch|p2a: Toxicroak|Toxicroak, F, shiny|100/100|[from]move: U-turn
|-damage|p2a: Toxicroak|88/100|[from] Spikes
|move|p1a: Tyranitar|Stealth Rock|p2a: Toxicroak
|-sidestart|p2: Mizuhopoke|move: Stealth Rock
|
|-weather|Sandstorm|[upkeep]
|-damage|p2a: Toxicroak|82/100|[from] Sandstorm
|-heal|p2a: Toxicroak|88/100|[from] item: Black Sludge
|upkeep
|turn|11
|
|move|p2a: Toxicroak|Substitute|p2a: Toxicroak
|-start|p2a: Toxicroak|Substitute
|-damage|p2a: Toxicroak|63/100
|move|p1a: Tyranitar|Superpower|p2a: Toxicroak
|-resisted|p2a: Toxicroak
|-activate|p2a: Toxicroak|Substitute|[damage]
|-unboost|p1a: Tyranitar|atk|1
|-unboost|p1a: Tyranitar|def|1
|
|-weather|Sandstorm|[upkeep]
|-damage|p2a: Toxicroak|57/100|[from] Sandstorm
|-heal|p2a: Toxicroak|63/100|[from] item: Black Sludge
|upkeep
|turn|12
|
|move|p2a: Toxicroak|Bulk Up|p2a: Toxicroak
|-boost|p2a: Toxicroak|atk|1
|-boost|p2a: Toxicroak|def|1
|move|p1a: Tyranitar|Superpower|p2a: Toxicroak
|-resisted|p2a: Toxicroak
|-activate|p2a: Toxicroak|Substitute|[damage]
|-unboost|p1a: Tyranitar|atk|1
|-unboost|p1a: Tyranitar|def|1
|
|-weather|Sandstorm|[upkeep]
|-damage|p2a: Toxicroak|57/100|[from] Sandstorm
|-heal|p2a: Toxicroak|63/100|[from] item: Black Sludge
|upkeep
|turn|13
|
|move|p2a: Toxicroak|Bulk Up|p2a: Toxicroak
|-boost|p2a: Toxicroak|atk|1
|-boost|p2a: Toxicroak|def|1
|move|p1a: Tyranitar|Superpower|p2a: Toxicroak
|-resisted|p2a: Toxicroak
|-end|p2a: Toxicroak|Substitute
|-unboost|p1a: Tyranitar|atk|1
|-unboost|p1a: Tyranitar|def|1
|
|-weather|Sandstorm|[upkeep]
|-damage|p2a: Toxicroak|57/100|[from] Sandstorm
|-heal|p2a: Toxicroak|63/100|[from] item: Black Sludge
|upkeep
|turn|14
|
|switch|p1a: Garchomp|Garchomp, F, shiny|100/100
|-damage|p1a: Garchomp|94/100|[from] Stealth Rock
|move|p2a: Toxicroak|Substitute|p2a: Toxicroak
|-start|p2a: Toxicroak|Substitute
|-damage|p2a: Toxicroak|38/100
|
|-weather|Sandstorm|[upkeep]
|-damage|p2a: Toxicroak|32/100|[from] Sandstorm
|-heal|p2a: Toxicroak|38/100|[from] item: Black Sludge
|upkeep
|turn|15
|
|move|p1a: Garchomp|Dual Chop|p2a: Toxicroak
|-activate|p2a: Toxicroak|Substitute|[damage]
|-activate|p2a: Toxicroak|Substitute|[damage]
|-hitcount|p2a: Toxicroak|2
|move|p2a: Toxicroak|Ice Punch|p1a: Garchomp
|-supereffective|p1a: Garchomp
|-damage|p1a: Garchomp|0 fnt
|-damage|p2a: Toxicroak|26/100|[from] ability: Rough Skin|[of] p1a: Garchomp
|faint|p1a: Garchomp
|
|-weather|Sandstorm|[upkeep]
|-damage|p2a: Toxicroak|19/100|[from] Sandstorm
|-heal|p2a: Toxicroak|26/100|[from] item: Black Sludge
|upkeep
|
|switch|p1a: Latios|Latios, M|21/100
|-damage|p1a: Latios|8/100|[from] Stealth Rock
|turn|16
|
|move|p1a: Latios|Dragon Pulse|p2a: Toxicroak
|-end|p2a: Toxicroak|Substitute
|move|p2a: Toxicroak|Drain Punch|p1a: Latios
|-resisted|p1a: Latios
|-damage|p1a: Latios|0 fnt
|-heal|p2a: Toxicroak|29/100|[from] drain|[of] p1a: Latios
|faint|p1a: Latios
|
|-weather|Sandstorm|[upkeep]
|-damage|p2a: Toxicroak|23/100|[from] Sandstorm
|-heal|p2a: Toxicroak|29/100|[from] item: Black Sludge
|upkeep
|
|switch|p1a: Rotom|Rotom-Wash|36/100
|-damage|p1a: Rotom|24/100|[from] Stealth Rock
|turn|17
|
|move|p2a: Toxicroak|Drain Punch|p1a: Rotom
|-damage|p1a: Rotom|0 fnt
|-heal|p2a: Toxicroak|38/100|[from] drain|[of] p1a: Rotom
|faint|p1a: Rotom
|
|-weather|Sandstorm|[upkeep]
|-damage|p2a: Toxicroak|32/100|[from] Sandstorm
|-heal|p2a: Toxicroak|38/100|[from] item: Black Sludge
|upkeep
|
|switch|p1a: Ferrothorn|Ferrothorn, M|100/100
|-damage|p1a: Ferrothorn|94/100|[from] Stealth Rock
|turn|18
|
|move|p2a: Toxicroak|Drain Punch|p1a: Ferrothorn
|-supereffective|p1a: Ferrothorn
|-damage|p1a: Ferrothorn|19/100
|-heal|p2a: Toxicroak|74/100|[from] drain|[of] p1a: Ferrothorn
|-damage|p2a: Toxicroak|62/100|[from] ability: Iron Barbs|[of] p1a: Ferrothorn
|move|p1a: Ferrothorn|Gyro Ball|p2a: Toxicroak
|-damage|p2a: Toxicroak|35/100
|
|-weather|Sandstorm|[upkeep]
|-damage|p2a: Toxicroak|29/100|[from] Sandstorm
|-heal|p2a: Toxicroak|35/100|[from] item: Black Sludge
|upkeep
|turn|19
|
|move|p2a: Toxicroak|Drain Punch|p1a: Ferrothorn
|-supereffective|p1a: Ferrothorn
|-damage|p1a: Ferrothorn|0 fnt
|-heal|p2a: Toxicroak|44/100|[from] drain|[of] p1a: Ferrothorn
|-damage|p2a: Toxicroak|31/100|[from] ability: Iron Barbs|[of] p1a: Ferrothorn
|faint|p1a: Ferrothorn
|
|-weather|Sandstorm|[upkeep]
|-damage|p2a: Toxicroak|25/100|[from] Sandstorm
|-heal|p2a: Toxicroak|31/100|[from] item: Black Sludge
|upkeep
|
|switch|p1a: Tyranitar|Tyranitar, M|19/100
|-damage|p1a: Tyranitar|6/100|[from] Stealth Rock
|turn|20
|
|move|p2a: Toxicroak|Drain Punch|p1a: Tyranitar
|-supereffective|p1a: Tyranitar
|-enditem|p1a: Tyranitar|Chople Berry|[eat]
|-enditem|p1a: Tyranitar|Chople Berry|[weaken]
|-damage|p1a: Tyranitar|0 fnt
|-heal|p2a: Toxicroak|34/100|[from] drain|[of] p1a: Tyranitar
|faint|p1a: Tyranitar
|
|win|Mizuhopoke
|l|☆TheDetails
|raw|TheDetails's rating: 1395 &rarr; <strong>1372</strong><br />(-23 for losing)
|raw|Mizuhopoke's rating: 1353 &rarr; <strong>1375</strong><br />(+22 for winning)
