|j|☆ButterfreeUser
|j|☆ninetalesius
|player|p1|ButterfreeUser|142
|player|p2|ninetalesius|4
|teamsize|p1|6
|teamsize|p2|6
|gametype|singles
|gen|5
|tier|[Gen 5] OU
|rated|
|rule|Sleep Clause Mod: Limit one foe put to sleep
|rule|Species Clause: Limit one of each Pokémon
|rule|OHKO Clause: OHKO moves are banned
|rule|Moody Clause: Moody is banned
|rule|Evasion Moves Clause: Evasion moves are banned
|rule|Endless Battle Clause: Forcing endless battles is banned
|rule|HP Percentage Mod: HP is shown in percentages
|rule|Evasion Abilities Clause: Evasion abilities are banned
|rule|Baton Pass Clause: Limit one Baton Passer, can't pass Spe and other stats simultaneously
|rule|Swagger Clause: Swagger is banned
|clearpoke
|poke|p1|Excadrill, M|item
|poke|p1|Jirachi|item
|poke|p1|Suicune|item
|poke|p1|Butterfree, M|item
|poke|p1|Magnezone|item
|poke|p1|Latios, M|item
|poke|p2|Seismitoad, F|item
|poke|p2|Skarmory, F|item
|poke|p2|Breloom, F|item
|poke|p2|Landorus-Therian, M|item
|poke|p2|Tyranitar, M|item
|poke|p2|Excadrill, F|item
|teampreview
|c|☆ButterfreeUser|gl hffff
|c|☆ButterfreeUser|uwu!!
|c|☆ninetalesius|GL
|
|start
|switch|p1a: Jirachi|Jirachi|100/100
|switch|p2a: Breloom|Breloom, F|100/100
|turn|1
|
|move|p1a: Jirachi|U-turn|p2a: Breloom
|-damage|p2a: Breloom|75/100
|
|switch|p1a: Latios|Latios, M|100/100
|move|p2a: Breloom|Substitute|p2a: Breloom
|-start|p2a: Breloom|Substitute
|-damage|p2a: Breloom|50/100
|
|-status|p2a: Breloom|tox|[from] item: Toxic Orb
|upkeep
|turn|2
|
|switch|p2a: Tyranitar|Tyranitar, M|100/100
|-weather|Sandstorm|[from] ability: Sand Stream|[of] p2a: Tyranitar
|move|p1a: Latios|Dragon Pulse|p2a: Tyranitar
|-damage|p2a: Tyranitar|57/100
|
|-weather|Sandstorm|[upkeep]
|-damage|p1a: Latios|95/100|[from] Sandstorm
|upkeep
|turn|3
|
|move|p1a: Latios|Dragon Pulse|p2a: Tyranitar
|-damage|p2a: Tyranitar|13/100
|move|p2a: Tyranitar|Pursuit|p1a: Latios
|-supereffective|p1a: Latios
|-damage|p1a: Latios|2/100
|
|-weather|Sandstorm|[upkeep]
|-damage|p1a: Latios|0 fnt|[from] Sandstorm
|faint|p1a: Latios
|upkeep
|
|switch|p1a: Excadrill|Excadrill, M|100/100
|-ability|p1a: Excadrill|Mold Breaker
|turn|4
|
|switch|p2a: Seismitoad|Seismitoad, F|100/100
|move|p1a: Excadrill|Stealth Rock|p2a: Seismitoad
|-sidestart|p2: ninetalesius|move: Stealth Rock
|
|-weather|Sandstorm|[upkeep]
|upkeep
|turn|5
|
|switch|p1a: Butterfree|Butterfree, M|100/100
|move|p2a: Seismitoad|Stealth Rock|p1a: Butterfree
|-sidestart|p1: ButterfreeUser|move: Stealth Rock
|
|-weather|Sandstorm|[upkeep]
|-damage|p1a: Butterfree|94/100|[from] Sandstorm
|upkeep
|turn|6
|
|switch|p2a: Excadrill|Excadrill, F|100/100
|-damage|p2a: Excadrill|97/100|[from] Stealth Rock
|move|p1a: Butterfree|Sleep Powder|p2a: Excadrill
|-status|p2a: Excadrill|slp
|
|-weather|Sandstorm|[upkeep]
|-damage|p1a: Butterfree|88/100|[from] Sandstorm
|upkeep
|turn|7
|
|switch|p1a: Magnezone|Magnezone|100/100
|-damage|p1a: Magnezone|94/100|[from] Stealth Rock
|-item|p1a: Magnezone|Air Balloon
|cant|p2a: Excadrill|slp
|
|-weather|Sandstorm|[upkeep]
|upkeep
|turn|8
|
|cant|p2a: Excadrill|slp
|move|p1a: Magnezone|Magnet Rise|p1a: Magnezone
|-start|p1a: Magnezone|Magnet Rise
|
|-weather|Sandstorm|[upkeep]
|upkeep
|turn|9
|
|-curestatus|p2a: Excadrill|slp|[msg]
|move|p2a: Excadrill|Rock Slide|p1a: Magnezone
|-resisted|p1a: Magnezone
|-damage|p1a: Magnezone|76/100
|-enditem|p1a: Magnezone|Air Balloon
|cant|p1a: Magnezone|flinch
|
|-weather|Sandstorm|[upkeep]
|upkeep
|turn|10
|
|move|p2a: Excadrill|Rock Slide|p1a: Magnezone
|-resisted|p1a: Magnezone
|-damage|p1a: Magnezone|57/100
|move|p1a: Magnezone|Hidden Power|p2a: Excadrill
|-supereffective|p2a: Excadrill
|-damage|p2a: Excadrill|27/100
|
|-weather|Sandstorm|[upkeep]
|upkeep
|turn|11
|
|move|p2a: Excadrill|Rock Slide|p1a: Magnezone
|-resisted|p1a: Magnezone
|-damage|p1a: Magnezone|38/100
|move|p1a: Magnezone|Hidden Power|p2a: Excadrill
|-supereffective|p2a: Excadrill
|-damage|p2a: Excadrill|0 fnt
|faint|p2a: Excadrill
|
|-weather|Sandstorm|[upkeep]
|upkeep
|
|switch|p2a: Seismitoad|Seismitoad, F|100/100
|-damage|p2a: Seismitoad|94/100|[from] Stealth Rock
|turn|12
|
|switch|p1a: Excadrill|Excadrill, M|100/100
|-damage|p1a: Excadrill|97/100|[from] Stealth Rock
|-ability|p1a: Excadrill|Mold Breaker
|move|p2a: Seismitoad|Scald|p1a: Excadrill
|-supereffective|p1a: Excadrill
|-damage|p1a: Excadrill|65/100
|
|-weather|Sandstorm|[upkeep]
|-heal|p1a: Excadrill|72/100|[from] item: Leftovers
|-heal|p2a: Seismitoad|100/100|[from] item: Leftovers
|upkeep
|turn|13
|
|move|p1a: Excadrill|Rapid Spin|p2a: Seismitoad
|-damage|p2a: Seismitoad|95/100
|-sideend|p1: ButterfreeUser|Stealth Rock|[from] move: Rapid Spin|[of] p1a: Excadrill
|move|p2a: Seismitoad|Scald|p1a: Excadrill
|-supereffective|p1a: Excadrill
|-damage|p1a: Excadrill|38/100
|
|-weather|Sandstorm|[upkeep]
|-heal|p1a: Excadrill|44/100|[from] item: Leftovers
|-heal|p2a: Seismitoad|100/100|[from] item: Leftovers
|upkeep
|turn|14
|
|switch|p1a: Butterfree|Butterfree, M|88/100
|move|p2a: Seismitoad|Stealth Rock|p1a: Butterfree
|-sidestart|p1: ButterfreeUser|move: Stealth Rock
|
|-weather|Sandstorm|[upkeep]
|-damage|p1a: Butterfree|82/100|[from] Sandstorm
|upkeep
|turn|15
|
|move|p1a: Butterfree|Quiver Dance|p1a: Butterfree
|-boost|p1a: Butterfree|spa|1
|-boost|p1a: Butterfree|spd|1
|-boost|p1a: Butterfree|spe|1
|move|p2a: Seismitoad|Scald|p1a: Butterfree
|-damage|p1a: Butterfree|60/100
|
|-weather|Sandstorm|[upkeep]
|-damage|p1a: Butterfree|54/100|[from] Sandstorm
|upkeep
|turn|16
|
|move|p1a: Butterfree|Sleep Powder|p2a: Seismitoad
|-status|p2a: Seismitoad|slp
|cant|p2a: Seismitoad|slp
|
|-weather|Sandstorm|[upkeep]
|-damage|p1a: Butterfree|48/100|[from] Sandstorm
|upkeep
|turn|17
|c|☆ninetalesius|Sleeo power 100% acceso
|
|move|p1a: Butterfree|Quiver Dance|p1a: Butterfree
|-boost|p1a: Butterfree|spa|1
|-boost|p1a: Butterfree|spd|1
|-boost|p1a: Butterfree|spe|1
|-curestatus|p2a: Seismitoad|slp|[msg]
|move|p2a: Seismitoad|Scald|p1a: Butterfree
|-damage|p1a: Butterfree|30/100
|
|-weather|Sandstorm|[upkeep]
|-damage|p1a: Butterfree|23/100|[from] Sandstorm
|upkeep
|turn|18
|
|move|p1a: Butterfree|Bug Buzz|p2a: Seismitoad
|-enditem|p1a: Butterfree|Bug Gem|[from] gem|[move] Bug Buzz
|-damage|p2a: Seismitoad|9/100
|move|p2a: Seismitoad|Scald|p1a: Butterfree
|-damage|p1a: Butterfree|5/100
|
|-weather|Sandstorm|[upkeep]
|-damage|p1a: Butterfree|0 fnt|[from] Sandstorm
|faint|p1a: Butterfree
|-heal|p2a: Seismitoad|15/100|[from] item: Leftovers
|upkeep
|
|switch|p1a: Excadrill|Excadrill, M|44/100
|-damage|p1a: Excadrill|41/100|[from] Stealth Rock
|-ability|p1a: Excadrill|Mold Breaker
|turn|19
|
|switch|p2a: Skarmory|Skarmory, F|100/100
|-damage|p2a: Skarmory|88/100|[from] Stealth Rock
|move|p1a: Excadrill|Earthquake|p2a: Skarmory
|-immune|p2a: Skarmory
|
|-weather|Sandstorm|[upkeep]
|-heal|p1a: Excadrill|47/100|[from] item: Leftovers
|-heal|p2a: Skarmory|94/100|[from] item: Leftovers
|upkeep
|turn|20
|
|switch|p2a: Landorus|Landorus-Therian, M|100/100
|-damage|p2a: Landorus|88/100|[from] Stealth Rock
|-ability|p2a: Landorus|Intimidate|boost
|-unboost|p1a: Excadrill|atk|1
|move|p1a: Excadrill|Rapid Spin|p2a: Landorus
|-damage|p2a: Landorus|84/100
|-sideend|p1: ButterfreeUser|Stealth Rock|[from] move: Rapid Spin|[of] p1a: Excadrill
|
|-weather|Sandstorm|[upkeep]
|-heal|p2a: Landorus|90/100|[from] item: Leftovers
|-heal|p1a: Excadrill|54/100|[from] item: Leftovers
|upkeep
|turn|21
|
|move|p1a: Excadrill|Protect|p1a: Excadrill
|-singleturn|p1a: Excadrill|Protect
|move|p2a: Landorus|Earthquake|p1a: Excadrill
|-activate|p1a: Excadrill|move: Protect
|
|-weather|Sandstorm|[upkeep]
|-heal|p2a: Landorus|96/100|[from] item: Leftovers
|-heal|p1a: Excadrill|60/100|[from] item: Leftovers
|upkeep
|turn|22
|
|switch|p1a: Suicune|Suicune|100/100
|-ability|p1a: Suicune|Pressure
|move|p2a: Landorus|Earthquake|p1a: Suicune
|-damage|p1a: Suicune|68/100
|
|-weather|Sandstorm|[upkeep]
|-damage|p1a: Suicune|62/100|[from] Sandstorm
|-heal|p2a: Landorus|100/100|[from] item: Leftovers
|-heal|p1a: Suicune|68/100|[from] item: Leftovers
|upkeep
|turn|23
|
|switch|p2a: Breloom|Breloom, F|50/100 tox
|-damage|p2a: Breloom|43/100 tox|[from] Stealth Rock
|switch|p1a: Jirachi|Jirachi|100/100
|
|-weather|Sandstorm|[upkeep]
|-damage|p2a: Breloom|37/100 tox|[from] Sandstorm
|-heal|p2a: Breloom|50/100 tox|[from] ability: Poison Heal
|upkeep
|turn|24
|
|switch|p2a: Tyranitar|Tyranitar, M|13/100
|-damage|p2a: Tyranitar|0 fnt|[from] Stealth Rock
|faint|p2a: Tyranitar
|move|p1a: Jirachi|Ice Punch|p2: Tyranitar
|
|-weather|Sandstorm|[upkeep]
|upkeep
|
|switch|p2a: Skarmory|Skarmory, F|94/100
|-damage|p2a: Skarmory|82/100|[from] Stealth Rock
|turn|25
|j| Narga57
|
|switch|p1a: Magnezone|Magnezone|38/100
|move|p2a: Skarmory|Spikes|p1a: Magnezone
|-sidestart|p1: ButterfreeUser|Spikes
|
|-weather|Sandstorm|[upkeep]
|-heal|p2a: Skarmory|88/100|[from] item: Leftovers
|upkeep
|turn|26
|
|move|p1a: Magnezone|Thunderbolt|p2a: Skarmory
|-supereffective|p2a: Skarmory
|-damage|p2a: Skarmory|0 fnt
|faint|p2a: Skarmory
|
|-weather|Sandstorm|[upkeep]
|upkeep
|
|switch|p2a: Landorus|Landorus-Therian, M|100/100
|-damage|p2a: Landorus|88/100|[from] Stealth Rock
|-ability|p2a: Landorus|Intimidate|boost
|-unboost|p1a: Magnezone|atk|1
|turn|27
|
|switch|p1a: Excadrill|Excadrill, M|60/100
|-damage|p1a: Excadrill|47/100|[from] Spikes
|-ability|p1a: Excadrill|Mold Breaker
|move|p2a: Landorus|Substitute|p2a: Landorus
|-start|p2a: Landorus|Substitute
|-damage|p2a: Landorus|64/100
|
|-weather|Sandstorm|[upkeep]
|-heal|p2a: Landorus|69/100|[from] item: Leftovers
|-heal|p1a: Excadrill|54/100|[from] item: Leftovers
|upkeep
|turn|28
|
|move|p2a: Landorus|Earthquake|p1a: Excadrill
|-supereffective|p1a: Excadrill
|-damage|p1a: Excadrill|0 fnt
|faint|p1a: Excadrill
|
|-weather|Sandstorm|[upkeep]
|-heal|p2a: Landorus|75/100|[from] item: Leftovers
|upkeep
|
|switch|p1a: Suicune|Suicune|68/100
|-damage|p1a: Suicune|55/100|[from] Spikes
|-ability|p1a: Suicune|Pressure
|turn|29
|
|move|p2a: Landorus|Earthquake|p1a: Suicune
|-damage|p1a: Suicune|25/100
|move|p1a: Suicune|Rest|p1a: Suicune
|-status|p1a: Suicune|slp
|-heal|p1a: Suicune|100/100 slp|[silent]
|-status|p1a: Suicune|slp|[from] move: Rest
|
|-weather|Sandstorm|[upkeep]
|-damage|p1a: Suicune|94/100 slp|[from] Sandstorm
|-heal|p2a: Landorus|81/100|[from] item: Leftovers
|-heal|p1a: Suicune|100/100 slp|[from] item: Leftovers
|upkeep
|turn|30
|
|switch|p2a: Breloom|Breloom, F|50/100 tox
|-damage|p2a: Breloom|43/100 tox|[from] Stealth Rock
|cant|p1a: Suicune|slp
|move|p1a: Suicune|Sleep Talk|p1a: Suicune
|move|p1a: Suicune|Scald|p2a: Breloom|[from]Sleep Talk
|-resisted|p2a: Breloom
|-damage|p2a: Breloom|30/100 tox
|
|-weather|Sandstorm|[upkeep]
|-damage|p1a: Suicune|94/100 slp|[from] Sandstorm
|-damage|p2a: Breloom|24/100 tox|[from] Sandstorm
|-heal|p1a: Suicune|100/100 slp|[from] item: Leftovers
|-heal|p2a: Breloom|36/100 tox|[from] ability: Poison Heal
|upkeep
|turn|31
|
|switch|p1a: Magnezone|Magnezone|38/100
|-damage|p1a: Magnezone|25/100|[from] Spikes
|move|p2a: Breloom|Drain Punch|p1a: Magnezone
|-supereffective|p1a: Magnezone
|-damage|p1a: Magnezone|0 fnt
|-heal|p2a: Breloom|47/100 tox|[from] drain|[of] p1a: Magnezone
|faint|p1a: Magnezone
|
|-weather|Sandstorm|[upkeep]
|-damage|p2a: Breloom|41/100 tox|[from] Sandstorm
|-heal|p2a: Breloom|54/100 tox|[from] ability: Poison Heal
|upkeep
|
|switch|p1a: Jirachi|Jirachi|100/100
|-damage|p1a: Jirachi|88/100|[from] Spikes
|turn|32
|
|switch|p2a: Landorus|Landorus-Therian, M|81/100
|-damage|p2a: Landorus|69/100|[from] Stealth Rock
|-ability|p2a: Landorus|Intimidate|boost
|-unboost|p1a: Jirachi|atk|1
|move|p1a: Jirachi|Ice Punch|p2a: Landorus
|-supereffective|p2a: Landorus
|-damage|p2a: Landorus|0 fnt
|faint|p2a: Landorus
|
|-weather|Sandstorm|[upkeep]
|upkeep
|
|switch|p2a: Seismitoad|Seismitoad, F|15/100
|-damage|p2a: Seismitoad|9/100|[from] Stealth Rock
|turn|33
|
|move|p1a: Jirachi|Ice Punch|p2a: Seismitoad
|-damage|p2a: Seismitoad|0 fnt
|faint|p2a: Seismitoad
|
|-weather|Sandstorm|[upkeep]
|upkeep
|
|switch|p2a: Breloom|Breloom, F|54/100 tox
|-damage|p2a: Breloom|47/100 tox|[from] Stealth Rock
|turn|34
|
|move|p1a: Jirachi|Ice Punch|p2a: Breloom
|-supereffective|p2a: Breloom
|-crit|p2a: Breloom
|-damage|p2a: Breloom|0 fnt
|faint|p2a: Breloom
|
|win|ButterfreeUser
|raw|ButterfreeUser's rating: 1379 &rarr; <strong>1396</strong><br />(+17 for winning)
|raw|ninetalesius's rating: 1322 &rarr; <strong>1305</strong><br />(-17 for losing)
|c|☆ButterfreeUser|sry
|c|☆ButterfreeUser|gg
|l|☆ninetalesius
