|j|☆samuel173
|j|☆koumite
|player|p1|samuel173|2|1314
|player|p2|koumite|170|1347
|teamsize|p1|6
|teamsize|p2|6
|gametype|singles
|gen|5
|tier|[Gen 5] OU
|rated|
|clearpoke
|poke|p1|Jirachi|item
|poke|p1|Kyurem-Black|item
|poke|p1|Victini|item
|poke|p1|Alomomola, F|item
|poke|p1|Meloetta|item
|poke|p1|Whimsicott, M|item
|poke|p2|Tyranitar, F|item
|poke|p2|Landorus-Therian, M|item
|poke|p2|Garchomp, F|item
|poke|p2|Slowking, M|item
|poke|p2|Jirachi|item
|poke|p2|Ferrothorn, M|item
|rule|Species Clause: Limit one of each Pokémon
|rule|OHKO Clause: OHKO moves are banned
|rule|Moody Clause: Moody is banned
|rule|Evasion Moves Clause: Evasion moves are banned
|rule|Endless Battle Clause: Forcing endless battles is banned
|rule|HP Percentage Mod: HP is shown in percentages
|rule|Evasion Abilities Clause: Evasion abilities are banned
|rule|Baton Pass Clause: Limit one Baton Passer, can't pass Spe and other stats simultaneously
|rule|Sleep Clause: Sleep-inducing moves are banned
|rule|Swagger Clause: Swagger is banned
|teampreview
|
|start
|switch|p1a: Whimsicott|Whimsicott, M|100/100
|switch|p2a: Garchomp|Garchomp, F|100/100
|turn|1
|
|switch|p2a: Landorus|Landorus-Therian, M|100/100
|-ability|p2a: Landorus|Intimidate|boost
|-unboost|p1a: Whimsicott|atk|1
|move|p1a: Whimsicott|Stun Spore|p2a: Landorus
|-status|p2a: Landorus|par
|
|upkeep
|turn|2
|
|switch|p1a: Alomomola|Alomomola, F|100/100
|move|p2a: Landorus|Stealth Rock|p1a: Alomomola
|-sidestart|p1: samuel173|move: Stealth Rock
|
|upkeep
|turn|3
|
|move|p1a: Alomomola|Wish|p1a: Alomomola
|move|p2a: Landorus|U-turn|p1a: Alomomola
|-damage|p1a: Alomomola|89/100
|-damage|p2a: Landorus|84/100 par|[from] item: Rocky Helmet|[of] p1a: Alomomola
|
|switch|p2a: Ferrothorn|Ferrothorn, M|100/100|[from]move: U-turn
|
|upkeep
|turn|4
|
|switch|p1a: Whimsicott|Whimsicott, M|100/100
|-damage|p1a: Whimsicott|88/100|[from] Stealth Rock
|move|p2a: Ferrothorn|Leech Seed|p1a: Whimsicott
|-immune|p1a: Whimsicott
|
|-heal|p1a: Whimsicott|100/100|[from] move: Wish|[wisher] Alomomola
|upkeep
|turn|5
|
|switch|p2a: Landorus|Landorus-Therian, M|84/100 par
|-ability|p2a: Landorus|Intimidate|boost
|-unboost|p1a: Whimsicott|atk|1
|move|p1a: Whimsicott|Stun Spore|p2a: Landorus
|-fail|p2a: Landorus|par
|
|-heal|p2a: Landorus|90/100 par|[from] item: Leftovers
|upkeep
|turn|6
|
|move|p1a: Whimsicott|Knock Off|p2a: Landorus
|-damage|p2a: Landorus|88/100 par
|-enditem|p2a: Landorus|Leftovers|[from] move: Knock Off|[of] p1a: Whimsicott
|move|p2a: Landorus|U-turn|p1a: Whimsicott
|-supereffective|p1a: Whimsicott
|-damage|p1a: Whimsicott|41/100
|
|switch|p2a: Tyranitar|Tyranitar, F|100/100|[from]move: U-turn
|-weather|Sandstorm|[from] ability: Sand Stream|[of] p2a: Tyranitar
|
|-weather|Sandstorm|[upkeep]
|-damage|p1a: Whimsicott|35/100|[from] Sandstorm
|-heal|p1a: Whimsicott|41/100|[from] item: Leftovers
|upkeep
|turn|7
|
|switch|p2a: Landorus|Landorus-Therian, M|88/100 par
|-ability|p2a: Landorus|Intimidate|boost
|-unboost|p1a: Whimsicott|atk|1
|move|p1a: Whimsicott|Cotton Guard|p1a: Whimsicott
|-boost|p1a: Whimsicott|def|3
|
|-weather|Sandstorm|[upkeep]
|-damage|p1a: Whimsicott|35/100|[from] Sandstorm
|-heal|p1a: Whimsicott|41/100|[from] item: Leftovers
|upkeep
|turn|8
|
|switch|p1a: Alomomola|Alomomola, F|100/100
|-damage|p1a: Alomomola|88/100|[from] Stealth Rock
|move|p2a: Landorus|U-turn|p1a: Alomomola
|-damage|p1a: Alomomola|77/100
|-damage|p2a: Landorus|71/100 par|[from] item: Rocky Helmet|[of] p1a: Alomomola
|
|switch|p2a: Ferrothorn|Ferrothorn, M|100/100|[from]move: U-turn
|
|-weather|Sandstorm|[upkeep]
|-damage|p1a: Alomomola|71/100|[from] Sandstorm
|upkeep
|turn|9
|
|move|p1a: Alomomola|Wish|p1a: Alomomola
|move|p2a: Ferrothorn|Spikes|p1a: Alomomola
|-sidestart|p1: samuel173|Spikes
|
|-weather|Sandstorm|[upkeep]
|-damage|p1a: Alomomola|65/100|[from] Sandstorm
|upkeep
|turn|10
|
|switch|p1a: Whimsicott|Whimsicott, M|41/100
|-damage|p1a: Whimsicott|29/100|[from] Spikes
|-damage|p1a: Whimsicott|17/100|[from] Stealth Rock
|move|p2a: Ferrothorn|Spikes|p1a: Whimsicott
|-sidestart|p1: samuel173|Spikes
|
|-weather|Sandstorm|[upkeep]
|-damage|p1a: Whimsicott|10/100|[from] Sandstorm
|-heal|p1a: Whimsicott|93/100|[from] move: Wish|[wisher] Alomomola
|-heal|p1a: Whimsicott|99/100|[from] item: Leftovers
|upkeep
|turn|11
|
|switch|p2a: Landorus|Landorus-Therian, M|71/100 par
|-ability|p2a: Landorus|Intimidate|boost
|-unboost|p1a: Whimsicott|atk|1
|move|p1a: Whimsicott|Leech Seed|p2a: Landorus
|-start|p2a: Landorus|move: Leech Seed
|
|-weather|Sandstorm|[upkeep]
|-damage|p1a: Whimsicott|93/100|[from] Sandstorm
|-heal|p1a: Whimsicott|99/100|[from] item: Leftovers
|-damage|p2a: Landorus|59/100 par|[from] Leech Seed|[of] p1a: Whimsicott
|-heal|p1a: Whimsicott|100/100|[silent]
|upkeep
|turn|12
|
|move|p1a: Whimsicott|Cotton Guard|p1a: Whimsicott
|-boost|p1a: Whimsicott|def|3
|cant|p2a: Landorus|par
|
|-weather|Sandstorm|[upkeep]
|-damage|p1a: Whimsicott|94/100|[from] Sandstorm
|-heal|p1a: Whimsicott|100/100|[from] item: Leftovers
|-damage|p2a: Landorus|47/100 par|[from] Leech Seed|[of] p1a: Whimsicott
|upkeep
|turn|13
|
|move|p1a: Whimsicott|Cotton Guard|p1a: Whimsicott
|-boost|p1a: Whimsicott|def|3
|move|p2a: Landorus|Hidden Power|p1a: Whimsicott
|-supereffective|p1a: Whimsicott
|-damage|p1a: Whimsicott|67/100
|
|-weather|Sandstorm|[upkeep]
|-damage|p1a: Whimsicott|60/100|[from] Sandstorm
|-heal|p1a: Whimsicott|67/100|[from] item: Leftovers
|-damage|p2a: Landorus|35/100 par|[from] Leech Seed|[of] p1a: Whimsicott
|-heal|p1a: Whimsicott|81/100|[silent]
|upkeep
|turn|14
|
|move|p1a: Whimsicott|Knock Off|p2a: Landorus
|-damage|p2a: Landorus|33/100 par
|move|p2a: Landorus|U-turn|p1a: Whimsicott
|-supereffective|p1a: Whimsicott
|-damage|p1a: Whimsicott|67/100
|
|switch|p2a: Jirachi|Jirachi|100/100|[from]move: U-turn
|
|-weather|Sandstorm|[upkeep]
|-damage|p1a: Whimsicott|61/100|[from] Sandstorm
|-heal|p1a: Whimsicott|67/100|[from] item: Leftovers
|upkeep
|turn|15
|
|move|p1a: Whimsicott|Stun Spore|p2a: Jirachi
|-status|p2a: Jirachi|par
|move|p2a: Jirachi|Calm Mind|p2a: Jirachi
|-boost|p2a: Jirachi|spa|1
|-boost|p2a: Jirachi|spd|1
|
|-weather|Sandstorm|[upkeep]
|-damage|p1a: Whimsicott|61/100|[from] Sandstorm
|-heal|p1a: Whimsicott|67/100|[from] item: Leftovers
|upkeep
|turn|16
|
|move|p1a: Whimsicott|Knock Off|p2a: Jirachi
|-damage|p2a: Jirachi|98/100 par
|-enditem|p2a: Jirachi|Leftovers|[from] move: Knock Off|[of] p1a: Whimsicott
|move|p2a: Jirachi|Psychic|p1a: Whimsicott
|-damage|p1a: Whimsicott|14/100
|
|-weather|Sandstorm|[upkeep]
|-damage|p1a: Whimsicott|8/100|[from] Sandstorm
|-heal|p1a: Whimsicott|14/100|[from] item: Leftovers
|upkeep
|turn|17
|
|move|p1a: Whimsicott|Leech Seed|p2a: Jirachi
|-start|p2a: Jirachi|move: Leech Seed
|move|p2a: Jirachi|Psychic|p1a: Whimsicott
|-damage|p1a: Whimsicott|0 fnt
|faint|p1a: Whimsicott
|
|-weather|Sandstorm|[upkeep]
|upkeep
|
|switch|p1a: Victini|Victini|100/100
|-damage|p1a: Victini|76/100|[from] Stealth Rock
|-damage|p1a: Victini|59/100|[from] Spikes
|turn|18
|
|switch|p2a: Landorus|Landorus-Therian, M|33/100 par
|-ability|p2a: Landorus|Intimidate|boost
|-unboost|p1a: Victini|atk|1
|move|p1a: Victini|Flame Charge|p2a: Landorus
|-damage|p2a: Landorus|22/100 par
|-boost|p1a: Victini|spe|1
|
|-weather|Sandstorm|[upkeep]
|-damage|p1a: Victini|53/100|[from] Sandstorm
|-heal|p1a: Victini|59/100|[from] item: Leftovers
|upkeep
|turn|19
|
|move|p1a: Victini|U-turn|p2a: Landorus
|-resisted|p2a: Landorus
|-damage|p2a: Landorus|18/100 par
|
|switch|p1a: Alomomola|Alomomola, F|98/100|[from]move: U-turn
|-damage|p1a: Alomomola|86/100|[from] Stealth Rock
|-damage|p1a: Alomomola|69/100|[from] Spikes
|cant|p2a: Landorus|par
|
|-weather|Sandstorm|[upkeep]
|-damage|p1a: Alomomola|63/100|[from] Sandstorm
|upkeep
|turn|20
|
|move|p1a: Alomomola|Wish|p1a: Alomomola
|move|p2a: Landorus|Earthquake|p1a: Alomomola
|-damage|p1a: Alomomola|38/100
|
|-weather|Sandstorm|[upkeep]
|-damage|p1a: Alomomola|32/100|[from] Sandstorm
|upkeep
|turn|21
|
|switch|p1a: Meloetta|Meloetta|100/100
|-damage|p1a: Meloetta|84/100|[from] Spikes
|-damage|p1a: Meloetta|72/100|[from] Stealth Rock
|cant|p2a: Landorus|par
|
|-weather|Sandstorm|[upkeep]
|-damage|p1a: Meloetta|66/100|[from] Sandstorm
|-heal|p1a: Meloetta|100/100|[from] move: Wish|[wisher] Alomomola
|upkeep
|turn|22
|
|move|p1a: Meloetta|Relic Song|p2a: Landorus
|-crit|p2a: Landorus
|-damage|p2a: Landorus|0 fnt
|-formechange|p1a: Meloetta|Meloetta-Pirouette|[msg]
|faint|p2a: Landorus
|
|-weather|Sandstorm|[upkeep]
|-damage|p1a: Meloetta|94/100|[from] Sandstorm
|-heal|p1a: Meloetta|100/100|[from] item: Leftovers
|upkeep
|
|switch|p2a: Slowking|Slowking, M|100/100
|turn|23
|
|move|p1a: Meloetta|Relic Song|p2a: Slowking
|-crit|p2a: Slowking
|-damage|p2a: Slowking|55/100
|-formechange|p1a: Meloetta|Meloetta|[msg]
|move|p2a: Slowking|Thunder Wave|p1a: Meloetta
|-status|p1a: Meloetta|par
|
|-weather|Sandstorm|[upkeep]
|-damage|p1a: Meloetta|94/100 par|[from] Sandstorm
|-damage|p2a: Slowking|49/100|[from] Sandstorm
|-heal|p1a: Meloetta|100/100 par|[from] item: Leftovers
|-heal|p2a: Slowking|55/100|[from] item: Leftovers
|upkeep
|turn|24
|
|switch|p1a: Alomomola|Alomomola, F|65/100
|-damage|p1a: Alomomola|53/100|[from] Stealth Rock
|-damage|p1a: Alomomola|36/100|[from] Spikes
|switch|p2a: Jirachi|Jirachi|98/100 par
|
|-weather|Sandstorm|[upkeep]
|-damage|p1a: Alomomola|30/100|[from] Sandstorm
|upkeep
|turn|25
|
|move|p1a: Alomomola|Wish|p1a: Alomomola
|move|p2a: Jirachi|Calm Mind|p2a: Jirachi
|-boost|p2a: Jirachi|spa|1
|-boost|p2a: Jirachi|spd|1
|
|-weather|Sandstorm|[upkeep]
|-damage|p1a: Alomomola|24/100|[from] Sandstorm
|upkeep
|turn|26
|
|switch|p1a: Jirachi|Jirachi|100/100
|-damage|p1a: Jirachi|94/100|[from] Stealth Rock
|-item|p1a: Jirachi|Air Balloon
|move|p2a: Jirachi|Psychic|p1a: Jirachi
|-resisted|p1a: Jirachi
|-crit|p1a: Jirachi
|-damage|p1a: Jirachi|67/100
|-enditem|p1a: Jirachi|Air Balloon
|
|-weather|Sandstorm|[upkeep]
|-heal|p1a: Jirachi|100/100|[from] move: Wish|[wisher] Alomomola
|upkeep
|turn|27
|
|move|p1a: Jirachi|Water Pulse|p2a: Jirachi
|-damage|p2a: Jirachi|90/100 par
|move|p2a: Jirachi|Hidden Power|p1a: Jirachi
|-supereffective|p1a: Jirachi
|-damage|p1a: Jirachi|45/100
|
|-weather|Sandstorm|[upkeep]
|upkeep
|turn|28
|
|move|p1a: Jirachi|Iron Head|p2a: Jirachi
|-resisted|p2a: Jirachi
|-damage|p2a: Jirachi|72/100 par
|cant|p2a: Jirachi|flinch
|
|-weather|Sandstorm|[upkeep]
|upkeep
|turn|29
|
|move|p1a: Jirachi|Iron Head|p2a: Jirachi
|-resisted|p2a: Jirachi
|-damage|p2a: Jirachi|55/100 par
|move|p2a: Jirachi|Hidden Power|p1a: Jirachi
|-supereffective|p1a: Jirachi
|-damage|p1a: Jirachi|0 fnt
|faint|p1a: Jirachi
|
|-weather|Sandstorm|[upkeep]
|upkeep
|
|switch|p1a: Kyurem|Kyurem-Black, shiny|100/100
|-damage|p1a: Kyurem|76/100|[from] Stealth Rock
|-damage|p1a: Kyurem|59/100|[from] Spikes
|-ability|p1a: Kyurem|Teravolt
|turn|30
|
|move|p1a: Kyurem|Fusion Bolt|p2a: Jirachi
|-damage|p2a: Jirachi|19/100 par
|move|p2a: Jirachi|Psychic|p1a: Kyurem
|-damage|p1a: Kyurem|0 fnt
|faint|p1a: Kyurem
|
|-weather|Sandstorm|[upkeep]
|upkeep
|
|switch|p1a: Victini|Victini|59/100
|-damage|p1a: Victini|34/100|[from] Stealth Rock
|-damage|p1a: Victini|18/100|[from] Spikes
|turn|31
|
|move|p1a: Victini|Flame Charge|p2a: Jirachi
|-supereffective|p2a: Jirachi
|-damage|p2a: Jirachi|0 fnt
|-boost|p1a: Victini|spe|1
|faint|p2a: Jirachi
|
|-weather|Sandstorm|[upkeep]
|-damage|p1a: Victini|12/100|[from] Sandstorm
|-heal|p1a: Victini|18/100|[from] item: Leftovers
|upkeep
|j| Rodraaa012
|
|switch|p2a: Tyranitar|Tyranitar, F|100/100
|turn|32
|
|move|p1a: Victini|U-turn|p2a: Tyranitar
|-supereffective|p2a: Tyranitar
|-damage|p2a: Tyranitar|59/100
|
|switch|p1a: Alomomola|Alomomola, F|57/100|[from]move: U-turn
|-damage|p1a: Alomomola|40/100|[from] Spikes
|-damage|p1a: Alomomola|28/100|[from] Stealth Rock
|move|p2a: Tyranitar|Crunch|p1a: Alomomola
|-damage|p1a: Alomomola|7/100
|-unboost|p1a: Alomomola|def|1
|-damage|p2a: Tyranitar|43/100|[from] item: Rocky Helmet|[of] p1a: Alomomola
|
|-weather|Sandstorm|[upkeep]
|-damage|p1a: Alomomola|1/100|[from] Sandstorm
|upkeep
|turn|33
|
|move|p2a: Tyranitar|Crunch|p1a: Alomomola
|-damage|p1a: Alomomola|0 fnt
|-damage|p2a: Tyranitar|27/100|[from] item: Rocky Helmet|[of] p1a: Alomomola
|faint|p1a: Alomomola
|
|-weather|Sandstorm|[upkeep]
|upkeep
|
|switch|p1a: Meloetta|Meloetta|100/100 par
|-damage|p1a: Meloetta|88/100 par|[from] Stealth Rock
|-damage|p1a: Meloetta|72/100 par|[from] Spikes
|turn|34
|
|move|p2a: Tyranitar|Crunch|p1a: Meloetta
|-supereffective|p1a: Meloetta
|-damage|p1a: Meloetta|0 fnt
|faint|p1a: Meloetta
|
|-weather|Sandstorm|[upkeep]
|upkeep
|c|☆samuel173|gg
|c|☆koumite|gg
|l|☆samuel173
|player|p1|
|inactive|Battle timer is ON: inactive players will automatically lose when time's up. (requested by koumite)
|c|☆koumite|you could've at least forfeited
|inactive|samuel173 has 30 seconds to reconnect!
|inactive|samuel173 has 20 seconds to reconnect!
|l| Rodraaa012
|inactive|samuel173 has 15 seconds to reconnect!
|inactive|samuel173 has 10 seconds to reconnect!
|inactive|samuel173 has 5 seconds to reconnect!
|-message|samuel173 lost due to inactivity.
|
|win|koumite
|raw|samuel173's rating: 1324 &rarr; <strong>1305</strong><br />(-19 for losing)
|raw|koumite's rating: 1348 &rarr; <strong>1367</strong><br />(+19 for winning)
