|j|☆leoperi99
|j|☆Willthekid65934
|t:|1709932901
|gametype|singles
|player|p1|leoperi99|blue-lgpe|1365
|player|p2|Willthekid65934|steven|1322
|teamsize|p1|6
|teamsize|p2|6
|gen|5
|tier|[Gen 5] OU
|rated|
|rule|Species Clause: Limit one of each Pokémon
|rule|OHKO Clause: OHKO moves are banned
|rule|Moody Clause: Moody is banned
|rule|Evasion Items Clause: Evasion items are banned
|rule|Evasion Moves Clause: Evasion moves are banned
|rule|Endless Battle Clause: Forcing endless battles is banned
|rule|HP Percentage Mod: HP is shown in percentages
|rule|Evasion Abilities Clause: Evasion abilities are banned
|rule|Sleep Moves Clause: Sleep-inducing moves are banned
|rule|Swagger Clause: Swagger is banned
|rule|Baton Pass Stat Clause: No Baton Passer may have a way to boost its stats
|clearpoke
|poke|p1|Moltres|item
|poke|p1|Politoed, F|item
|poke|p1|Tentacruel, F|item
|poke|p1|Blissey, F|item
|poke|p1|Mamoswine, F|item
|poke|p1|Landorus-Therian, M|item
|poke|p2|Gliscor, M|item
|poke|p2|Tyranitar, M|item
|poke|p2|Mamoswine, M|item
|poke|p2|Keldeo|item
|poke|p2|Amoonguss, F|item
|poke|p2|Excadrill, F|item
|teampreview
|inactive|Battle timer is ON: inactive players will automatically lose when time's up. (requested by Willthekid65934)
|
|t:|1709932910
|start
|switch|p1a: Politoed|Politoed, F, shiny|100/100
|switch|p2a: kirin|Keldeo|100/100
|-weather|RainDance|[from] ability: Drizzle|[of] p1a: Politoed
|turn|1
|
|t:|1709932912
|move|p1a: Politoed|Hidden Power|p2a: kirin
|-supereffective|p2a: kirin
|-damage|p2a: kirin|63/100
|move|p2a: kirin|Secret Sword|p1a: Politoed
|-damage|p1a: Politoed|52/100
|
|-weather|RainDance|[upkeep]
|-heal|p2a: kirin|70/100|[from] item: Leftovers
|upkeep
|turn|2
|inactive|Willthekid65934 has 120 seconds left.
|
|t:|1709932968
|switch|p1a: Tentacruel|Tentacruel, F, shiny|100/100
|switch|p2a: Mushroom man|Amoonguss, F|100/100
|
|-weather|RainDance|[upkeep]
|upkeep
|turn|3
|
|t:|1709932995
|switch|p1a: Moltres|Moltres, shiny|100/100
|-ability|p1a: Moltres|Pressure
|move|p2a: Mushroom man|Stun Spore|p1a: Moltres|[miss]
|-miss|p2a: Mushroom man|p1a: Moltres
|
|-weather|RainDance|[upkeep]
|upkeep
|turn|4
|
|t:|1709933009
|switch|p2a: Godzilla|Tyranitar, M|100/100
|-weather|Sandstorm|[from] ability: Sand Stream|[of] p2a: Godzilla
|move|p1a: Moltres|Substitute|p1a: Moltres
|-start|p1a: Moltres|Substitute
|-damage|p1a: Moltres|76/100
|
|-weather|Sandstorm|[upkeep]
|-damage|p1a: Moltres|70/100|[from] Sandstorm
|-heal|p1a: Moltres|76/100|[from] item: Leftovers
|upkeep
|turn|5
|
|t:|1709933014
|move|p1a: Moltres|Will-O-Wisp|p2a: Godzilla
|-status|p2a: Godzilla|brn
|move|p2a: Godzilla|Crunch|p1a: Moltres
|-activate|p1a: Moltres|Substitute|[damage]
|
|-weather|Sandstorm|[upkeep]
|-damage|p1a: Moltres|70/100|[from] Sandstorm
|-heal|p1a: Moltres|76/100|[from] item: Leftovers
|-damage|p2a: Godzilla|88/100 brn|[from] brn
|upkeep
|turn|6
|
|t:|1709933019
|move|p1a: Moltres|Roost|p1a: Moltres
|-heal|p1a: Moltres|100/100
|-singleturn|p1a: Moltres|move: Roost
|move|p2a: Godzilla|Crunch|p1a: Moltres
|-end|p1a: Moltres|Substitute
|
|-weather|Sandstorm|[upkeep]
|-damage|p1a: Moltres|95/100|[from] Sandstorm
|-heal|p1a: Moltres|100/100|[from] item: Leftovers
|-damage|p2a: Godzilla|76/100 brn|[from] brn
|upkeep
|turn|7
|
|t:|1709933024
|switch|p2a: kirin|Keldeo|70/100
|move|p1a: Moltres|Substitute|p1a: Moltres
|-start|p1a: Moltres|Substitute
|-damage|p1a: Moltres|76/100
|
|-weather|Sandstorm|[upkeep]
|-damage|p2a: kirin|63/100|[from] Sandstorm
|-damage|p1a: Moltres|70/100|[from] Sandstorm
|-heal|p2a: kirin|70/100|[from] item: Leftovers
|-heal|p1a: Moltres|76/100|[from] item: Leftovers
|upkeep
|turn|8
|
|t:|1709933028
|move|p2a: kirin|Scald|p1a: Moltres
|-supereffective|p1a: Moltres
|-end|p1a: Moltres|Substitute
|move|p1a: Moltres|Hurricane|p2a: kirin
|-supereffective|p2a: kirin
|-damage|p2a: kirin|0 fnt
|faint|p2a: kirin
|
|-weather|Sandstorm|[upkeep]
|-damage|p1a: Moltres|70/100|[from] Sandstorm
|-heal|p1a: Moltres|76/100|[from] item: Leftovers
|upkeep
|
|t:|1709933045
|switch|p2a: Dracula|Gliscor, M|100/100
|turn|9
|
|t:|1709933059
|move|p2a: Dracula|Protect|p2a: Dracula
|-singleturn|p2a: Dracula|Protect
|move|p1a: Moltres|Substitute|p1a: Moltres
|-start|p1a: Moltres|Substitute
|-damage|p1a: Moltres|51/100
|
|-weather|Sandstorm|[upkeep]
|-damage|p1a: Moltres|45/100|[from] Sandstorm
|-heal|p1a: Moltres|51/100|[from] item: Leftovers
|-status|p2a: Dracula|tox|[from] item: Toxic Orb
|upkeep
|turn|10
|
|t:|1709933063
|move|p1a: Moltres|Roost|p1a: Moltres
|-heal|p1a: Moltres|100/100
|-singleturn|p1a: Moltres|move: Roost
|move|p2a: Dracula|Stealth Rock|p1a: Moltres
|-sidestart|p1: leoperi99|move: Stealth Rock
|
|-weather|Sandstorm|[upkeep]
|-damage|p1a: Moltres|95/100|[from] Sandstorm
|-heal|p1a: Moltres|100/100|[from] item: Leftovers
|upkeep
|turn|11
|
|t:|1709933077
|move|p1a: Moltres|Hurricane|p2a: Dracula
|-damage|p2a: Dracula|54/100 tox
|move|p2a: Dracula|U-turn|p1a: Moltres
|-resisted|p1a: Moltres
|-activate|p1a: Moltres|Substitute|[damage]
|c|☆Willthekid65934|I'm sorry
|c|☆Willthekid65934|Do we spe tie?
|c|☆leoperi99|maybe
|inactive|Willthekid65934 has 120 seconds left.
|
|t:|1709933113
|switch|p2a: Godzilla|Tyranitar, M|76/100 brn|[from] U-turn
|
|-weather|Sandstorm|[upkeep]
|-damage|p1a: Moltres|95/100|[from] Sandstorm
|-heal|p1a: Moltres|100/100|[from] item: Leftovers
|-damage|p2a: Godzilla|63/100 brn|[from] brn
|upkeep
|turn|12
|
|t:|1709933128
|move|p1a: Moltres|Hurricane|p2a: Godzilla|[miss]
|-miss|p1a: Moltres|p2a: Godzilla
|move|p2a: Godzilla|Crunch|p1a: Moltres
|-activate|p1a: Moltres|Substitute|[damage]
|
|-weather|Sandstorm|[upkeep]
|-damage|p1a: Moltres|95/100|[from] Sandstorm
|-heal|p1a: Moltres|100/100|[from] item: Leftovers
|-damage|p2a: Godzilla|51/100 brn|[from] brn
|upkeep
|turn|13
|
|t:|1709933142
|switch|p2a: Mole man|Excadrill, F|100/100
|move|p1a: Moltres|Hurricane|p2a: Mole man
|-resisted|p2a: Mole man
|-damage|p2a: Mole man|74/100
|
|-weather|Sandstorm|[upkeep]
|-damage|p1a: Moltres|95/100|[from] Sandstorm
|-heal|p2a: Mole man|80/100|[from] item: Leftovers
|-heal|p1a: Moltres|100/100|[from] item: Leftovers
|upkeep
|turn|14
|
|t:|1709933150
|move|p2a: Mole man|Protect|p2a: Mole man
|-singleturn|p2a: Mole man|Protect
|move|p1a: Moltres|Will-O-Wisp|p2a: Mole man
|-activate|p2a: Mole man|move: Protect
|
|-weather|Sandstorm|[upkeep]
|-damage|p1a: Moltres|95/100|[from] Sandstorm
|-heal|p2a: Mole man|86/100|[from] item: Leftovers
|-heal|p1a: Moltres|100/100|[from] item: Leftovers
|upkeep
|turn|15
|
|t:|1709933154
|move|p2a: Mole man|Iron Head|p1a: Moltres
|-resisted|p1a: Moltres
|-end|p1a: Moltres|Substitute
|move|p1a: Moltres|Hurricane|p2a: Mole man|[miss]
|-miss|p1a: Moltres|p2a: Mole man
|
|-weather|Sandstorm|[upkeep]
|-damage|p1a: Moltres|95/100|[from] Sandstorm
|-heal|p2a: Mole man|92/100|[from] item: Leftovers
|-heal|p1a: Moltres|100/100|[from] item: Leftovers
|upkeep
|turn|16
|
|t:|1709933160
|move|p2a: Mole man|Iron Head|p1a: Moltres
|-resisted|p1a: Moltres
|-damage|p1a: Moltres|83/100
|move|p1a: Moltres|Substitute|p1a: Moltres
|-start|p1a: Moltres|Substitute
|-damage|p1a: Moltres|58/100
|
|-weather|Sandstorm|[upkeep]
|-damage|p1a: Moltres|52/100|[from] Sandstorm
|-heal|p2a: Mole man|98/100|[from] item: Leftovers
|-heal|p1a: Moltres|58/100|[from] item: Leftovers
|upkeep
|turn|17
|
|t:|1709933166
|move|p2a: Mole man|Protect|p2a: Mole man
|-singleturn|p2a: Mole man|Protect
|move|p1a: Moltres|Will-O-Wisp|p2a: Mole man
|-activate|p2a: Mole man|move: Protect
|
|-weather|Sandstorm|[upkeep]
|-damage|p1a: Moltres|52/100|[from] Sandstorm
|-heal|p2a: Mole man|100/100|[from] item: Leftovers
|-heal|p1a: Moltres|58/100|[from] item: Leftovers
|upkeep
|turn|18
|
|t:|1709933171
|move|p2a: Mole man|Iron Head|p1a: Moltres
|-resisted|p1a: Moltres
|-crit|p1a: Moltres
|-end|p1a: Moltres|Substitute
|move|p1a: Moltres|Roost|p1a: Moltres
|-heal|p1a: Moltres|100/100
|-singleturn|p1a: Moltres|move: Roost
|
|-weather|Sandstorm|[upkeep]
|-damage|p1a: Moltres|95/100|[from] Sandstorm
|-heal|p1a: Moltres|100/100|[from] item: Leftovers
|upkeep
|turn|19
|
|t:|1709933186
|move|p2a: Mole man|Iron Head|p1a: Moltres
|-resisted|p1a: Moltres
|-damage|p1a: Moltres|81/100
|move|p1a: Moltres|Substitute|p1a: Moltres
|-start|p1a: Moltres|Substitute
|-damage|p1a: Moltres|56/100
|
|-weather|Sandstorm|[upkeep]
|-damage|p1a: Moltres|50/100|[from] Sandstorm
|-heal|p1a: Moltres|56/100|[from] item: Leftovers
|upkeep
|turn|20
|
|t:|1709933190
|move|p2a: Mole man|Protect|p2a: Mole man
|-singleturn|p2a: Mole man|Protect
|move|p1a: Moltres|Will-O-Wisp|p2a: Mole man
|-activate|p2a: Mole man|move: Protect
|
|-weather|Sandstorm|[upkeep]
|-damage|p1a: Moltres|50/100|[from] Sandstorm
|-heal|p1a: Moltres|56/100|[from] item: Leftovers
|upkeep
|turn|21
|
|t:|1709933195
|move|p2a: Mole man|Iron Head|p1a: Moltres
|-resisted|p1a: Moltres
|-activate|p1a: Moltres|Substitute|[damage]
|move|p1a: Moltres|Will-O-Wisp|p2a: Mole man|[miss]
|-miss|p1a: Moltres|p2a: Mole man
|
|-weather|Sandstorm|[upkeep]
|-damage|p1a: Moltres|50/100|[from] Sandstorm
|-heal|p1a: Moltres|56/100|[from] item: Leftovers
|upkeep
|turn|22
|
|t:|1709933201
|move|p2a: Mole man|Iron Head|p1a: Moltres
|-resisted|p1a: Moltres
|-crit|p1a: Moltres
|-end|p1a: Moltres|Substitute
|move|p1a: Moltres|Will-O-Wisp|p2a: Mole man
|-status|p2a: Mole man|brn
|
|-weather|Sandstorm|[upkeep]
|-damage|p1a: Moltres|50/100|[from] Sandstorm
|-heal|p1a: Moltres|56/100|[from] item: Leftovers
|-damage|p2a: Mole man|88/100 brn|[from] brn
|upkeep
|turn|23
|
|t:|1709933206
|move|p2a: Mole man|Iron Head|p1a: Moltres
|-resisted|p1a: Moltres
|-damage|p1a: Moltres|46/100
|cant|p1a: Moltres|flinch
|
|-weather|Sandstorm|[upkeep]
|-damage|p1a: Moltres|40/100|[from] Sandstorm
|-heal|p2a: Mole man|94/100 brn|[from] item: Leftovers
|-heal|p1a: Moltres|46/100|[from] item: Leftovers
|-damage|p2a: Mole man|82/100 brn|[from] brn
|upkeep
|turn|24
|
|t:|1709933212
|move|p2a: Mole man|Iron Head|p1a: Moltres
|-resisted|p1a: Moltres
|-damage|p1a: Moltres|37/100
|move|p1a: Moltres|Roost|p1a: Moltres
|-heal|p1a: Moltres|87/100
|-singleturn|p1a: Moltres|move: Roost
|
|-weather|Sandstorm|[upkeep]
|-damage|p1a: Moltres|81/100|[from] Sandstorm
|-heal|p2a: Mole man|88/100 brn|[from] item: Leftovers
|-heal|p1a: Moltres|87/100|[from] item: Leftovers
|-damage|p2a: Mole man|75/100 brn|[from] brn
|upkeep
|turn|25
|
|t:|1709933215
|move|p2a: Mole man|Iron Head|p1a: Moltres
|-resisted|p1a: Moltres
|-damage|p1a: Moltres|78/100
|move|p1a: Moltres|Substitute|p1a: Moltres
|-start|p1a: Moltres|Substitute
|-damage|p1a: Moltres|53/100
|
|-weather|Sandstorm|[upkeep]
|-damage|p1a: Moltres|47/100|[from] Sandstorm
|-heal|p2a: Mole man|82/100 brn|[from] item: Leftovers
|-heal|p1a: Moltres|53/100|[from] item: Leftovers
|-damage|p2a: Mole man|69/100 brn|[from] brn
|upkeep
|turn|26
|
|t:|1709933218
|move|p2a: Mole man|Iron Head|p1a: Moltres
|-resisted|p1a: Moltres
|-activate|p1a: Moltres|Substitute|[damage]
|move|p1a: Moltres|Roost|p1a: Moltres
|-heal|p1a: Moltres|100/100
|-singleturn|p1a: Moltres|move: Roost
|
|-weather|Sandstorm|[upkeep]
|-damage|p1a: Moltres|95/100|[from] Sandstorm
|-heal|p2a: Mole man|75/100 brn|[from] item: Leftovers
|-heal|p1a: Moltres|100/100|[from] item: Leftovers
|-damage|p2a: Mole man|63/100 brn|[from] brn
|upkeep
|turn|27
|
|t:|1709933221
|move|p2a: Mole man|Iron Head|p1a: Moltres
|-resisted|p1a: Moltres
|-activate|p1a: Moltres|Substitute|[damage]
|move|p1a: Moltres|Substitute|p1a: Moltres
|-fail|p1a: Moltres|move: Substitute
|
|-weather|Sandstorm|[upkeep]
|-damage|p1a: Moltres|95/100|[from] Sandstorm
|-heal|p2a: Mole man|69/100 brn|[from] item: Leftovers
|-heal|p1a: Moltres|100/100|[from] item: Leftovers
|-damage|p2a: Mole man|57/100 brn|[from] brn
|upkeep
|turn|28
|
|t:|1709933229
|switch|p2a: Dracula|Gliscor, M|54/100 tox
|move|p1a: Moltres|Substitute|p1a: Moltres
|-fail|p1a: Moltres|move: Substitute
|
|-weather|Sandstorm|[upkeep]
|-damage|p1a: Moltres|95/100|[from] Sandstorm
|-heal|p1a: Moltres|100/100|[from] item: Leftovers
|-heal|p2a: Dracula|66/100 tox|[from] ability: Poison Heal
|upkeep
|turn|29
|
|t:|1709933234
|move|p1a: Moltres|Hurricane|p2a: Dracula
|-damage|p2a: Dracula|17/100 tox
|move|p2a: Dracula|U-turn|p1a: Moltres
|-resisted|p1a: Moltres
|-activate|p1a: Moltres|Substitute|[damage]
|
|t:|1709933244
|switch|p2a: Mole man|Excadrill, F|57/100 brn|[from] U-turn
|
|-weather|Sandstorm|[upkeep]
|-damage|p1a: Moltres|95/100|[from] Sandstorm
|-heal|p2a: Mole man|63/100 brn|[from] item: Leftovers
|-heal|p1a: Moltres|100/100|[from] item: Leftovers
|-damage|p2a: Mole man|50/100 brn|[from] brn
|upkeep
|turn|30
|
|t:|1709933247
|move|p2a: Mole man|Iron Head|p1a: Moltres
|-resisted|p1a: Moltres
|-end|p1a: Moltres|Substitute
|move|p1a: Moltres|Hurricane|p2a: Mole man
|-resisted|p2a: Mole man
|-crit|p2a: Mole man
|-damage|p2a: Mole man|0 fnt
|faint|p2a: Mole man
|
|-weather|Sandstorm|[upkeep]
|-damage|p1a: Moltres|95/100|[from] Sandstorm
|-heal|p1a: Moltres|100/100|[from] item: Leftovers
|upkeep
|
|t:|1709933250
|switch|p2a: Manny|Mamoswine, M|100/100
|turn|31
|
|t:|1709933256
|switch|p1a: Politoed|Politoed, F, shiny|52/100
|-damage|p1a: Politoed|39/100|[from] Stealth Rock
|-weather|RainDance|[from] ability: Drizzle|[of] p1a: Politoed
|move|p2a: Manny|Icicle Crash|p1a: Politoed
|-resisted|p1a: Politoed
|-damage|p1a: Politoed|0 fnt
|faint|p1a: Politoed
|
|-weather|RainDance|[upkeep]
|upkeep
|
|t:|1709933263
|switch|p1a: Tentacruel|Tentacruel, F, shiny|100/100
|-damage|p1a: Tentacruel|88/100|[from] Stealth Rock
|turn|32
|c|☆Willthekid65934|Finally won the weather war
|
|t:|1709933271
|switch|p2a: Godzilla|Tyranitar, M|51/100 brn
|-weather|Sandstorm|[from] ability: Sand Stream|[of] p2a: Godzilla
|move|p1a: Tentacruel|Rapid Spin|p2a: Godzilla
|-resisted|p2a: Godzilla
|-damage|p2a: Godzilla|50/100 brn
|-sideend|p1: leoperi99|Stealth Rock|[from] move: Rapid Spin|[of] p1a: Tentacruel
|
|-weather|Sandstorm|[upkeep]
|-damage|p1a: Tentacruel|82/100|[from] Sandstorm
|-heal|p1a: Tentacruel|88/100|[from] item: Black Sludge
|-damage|p2a: Godzilla|38/100 brn|[from] brn
|upkeep
|turn|33
|
|t:|1709933276
|move|p1a: Tentacruel|Scald|p2a: Godzilla
|-supereffective|p2a: Godzilla
|-crit|p2a: Godzilla
|-damage|p2a: Godzilla|0 fnt
|faint|p2a: Godzilla
|
|-weather|Sandstorm|[upkeep]
|-damage|p1a: Tentacruel|82/100|[from] Sandstorm
|-heal|p1a: Tentacruel|88/100|[from] item: Black Sludge
|upkeep
|
|t:|1709933283
|switch|p2a: Mushroom man|Amoonguss, F|100/100
|turn|34
|c|☆leoperi99|but at what cost
|
|t:|1709933288
|move|p1a: Tentacruel|Scald|p2a: Mushroom man
|-resisted|p2a: Mushroom man
|-damage|p2a: Mushroom man|92/100
|move|p2a: Mushroom man|Stun Spore|p1a: Tentacruel|[miss]
|-miss|p2a: Mushroom man|p1a: Tentacruel
|
|-weather|Sandstorm|[upkeep]
|-damage|p1a: Tentacruel|82/100|[from] Sandstorm
|-damage|p2a: Mushroom man|86/100|[from] Sandstorm
|-heal|p1a: Tentacruel|88/100|[from] item: Black Sludge
|-heal|p2a: Mushroom man|92/100|[from] item: Black Sludge
|upkeep
|turn|35
|c|☆Willthekid65934|Half my team
|
|t:|1709933294
|switch|p1a: Landorus|Landorus-Therian, M, shiny|100/100
|-ability|p1a: Landorus|Intimidate|boost
|-unboost|p2a: Mushroom man|atk|1
|move|p2a: Mushroom man|Stun Spore|p1a: Landorus
|-status|p1a: Landorus|par
|
|-weather|Sandstorm|[upkeep]
|-damage|p2a: Mushroom man|86/100|[from] Sandstorm
|-heal|p2a: Mushroom man|92/100|[from] item: Black Sludge
|upkeep
|turn|36
|
|t:|1709933298
|switch|p2a: Dracula|Gliscor, M|17/100 tox
|cant|p1a: Landorus|par
|
|-weather|Sandstorm|[upkeep]
|-heal|p2a: Dracula|29/100 tox|[from] ability: Poison Heal
|upkeep
|turn|37
|
|t:|1709933305
|move|p2a: Dracula|Protect|p2a: Dracula
|-singleturn|p2a: Dracula|Protect
|cant|p1a: Landorus|par
|
|-weather|Sandstorm|[upkeep]
|-heal|p2a: Dracula|42/100 tox|[from] ability: Poison Heal
|upkeep
|turn|38
|
|t:|1709933324
|move|p2a: Dracula|Stealth Rock|p1a: Landorus
|-sidestart|p1: leoperi99|move: Stealth Rock
|move|p1a: Landorus|Hidden Power|p2a: Dracula
|-supereffective|p2a: Dracula
|-damage|p2a: Dracula|0 fnt
|faint|p2a: Dracula
|
|-weather|Sandstorm|[upkeep]
|upkeep
|c|☆Willthekid65934|I had a feeling hp ice was coming
|
|t:|1709933344
|switch|p2a: Manny|Mamoswine, M|100/100
|turn|39
|
|t:|1709933349
|move|p2a: Manny|Ice Shard|p1a: Landorus
|-supereffective|p1a: Landorus
|-damage|p1a: Landorus|0 fnt
|faint|p1a: Landorus
|
|-weather|Sandstorm|[upkeep]
|upkeep
|
|t:|1709933354
|switch|p1a: Moltres|Moltres, shiny|100/100
|-damage|p1a: Moltres|51/100|[from] Stealth Rock
|-ability|p1a: Moltres|Pressure
|turn|40
|inactive|Willthekid65934 has 120 seconds left.
|c|☆Willthekid65934|I thought i click icicle crash
|c|☆Willthekid65934|Oh well
|
|t:|1709933394
|switch|p2a: Mushroom man|Amoonguss, F|100/100
|move|p1a: Moltres|Will-O-Wisp|p2a: Mushroom man
|-status|p2a: Mushroom man|brn
|
|-weather|Sandstorm|[upkeep]
|-damage|p1a: Moltres|45/100|[from] Sandstorm
|-damage|p2a: Mushroom man|94/100 brn|[from] Sandstorm
|-heal|p1a: Moltres|51/100|[from] item: Leftovers
|-heal|p2a: Mushroom man|100/100 brn|[from] item: Black Sludge
|-damage|p2a: Mushroom man|88/100 brn|[from] brn
|upkeep
|turn|41
|
|t:|1709933399
|move|p1a: Moltres|Substitute|p1a: Moltres
|-start|p1a: Moltres|Substitute
|-damage|p1a: Moltres|26/100
|move|p2a: Mushroom man|Sludge Bomb|p1a: Moltres
|-end|p1a: Moltres|Substitute
|
|-weather|Sandstorm|[upkeep]
|-damage|p1a: Moltres|20/100|[from] Sandstorm
|-damage|p2a: Mushroom man|82/100 brn|[from] Sandstorm
|-heal|p1a: Moltres|26/100|[from] item: Leftovers
|-heal|p2a: Mushroom man|88/100 brn|[from] item: Black Sludge
|-damage|p2a: Mushroom man|76/100 brn|[from] brn
|upkeep
|turn|42
|
|t:|1709933401
|move|p1a: Moltres|Roost|p1a: Moltres
|-heal|p1a: Moltres|76/100
|-singleturn|p1a: Moltres|move: Roost
|move|p2a: Mushroom man|Sludge Bomb|p1a: Moltres
|-damage|p1a: Moltres|46/100
|
|-weather|Sandstorm|[upkeep]
|-damage|p1a: Moltres|40/100|[from] Sandstorm
|-damage|p2a: Mushroom man|70/100 brn|[from] Sandstorm
|-heal|p1a: Moltres|46/100|[from] item: Leftovers
|-heal|p2a: Mushroom man|76/100 brn|[from] item: Black Sludge
|-damage|p2a: Mushroom man|63/100 brn|[from] brn
|upkeep
|turn|43
|
|t:|1709933408
|move|p1a: Moltres|Roost|p1a: Moltres
|-heal|p1a: Moltres|96/100
|-singleturn|p1a: Moltres|move: Roost
|move|p2a: Mushroom man|Sludge Bomb|p1a: Moltres
|-damage|p1a: Moltres|64/100
|
|-weather|Sandstorm|[upkeep]
|-damage|p1a: Moltres|58/100|[from] Sandstorm
|-damage|p2a: Mushroom man|57/100 brn|[from] Sandstorm
|-heal|p1a: Moltres|64/100|[from] item: Leftovers
|-heal|p2a: Mushroom man|63/100 brn|[from] item: Black Sludge
|-damage|p2a: Mushroom man|51/100 brn|[from] brn
|upkeep
|turn|44
|
|t:|1709933411
|move|p1a: Moltres|Hurricane|p2a: Mushroom man
|-supereffective|p2a: Mushroom man
|-damage|p2a: Mushroom man|0 fnt
|faint|p2a: Mushroom man
|
|-weather|Sandstorm|[upkeep]
|-damage|p1a: Moltres|58/100|[from] Sandstorm
|-heal|p1a: Moltres|64/100|[from] item: Leftovers
|upkeep
|
|t:|1709933413
|switch|p2a: Manny|Mamoswine, M|100/100
|turn|45
|
|t:|1709933415
|move|p1a: Moltres|Will-O-Wisp|p2a: Manny|[miss]
|-miss|p1a: Moltres|p2a: Manny
|move|p2a: Manny|Icicle Crash|p1a: Moltres
|-damage|p1a: Moltres|2/100
|
|-weather|Sandstorm|[upkeep]
|-damage|p1a: Moltres|0 fnt|[from] Sandstorm
|faint|p1a: Moltres
|upkeep
|
|t:|1709933420
|switch|p1a: Mamoswine|Mamoswine, F, shiny|100/100
|-damage|p1a: Mamoswine|88/100|[from] Stealth Rock
|turn|46
|
|t:|1709933422
|move|p1a: Mamoswine|Superpower|p2a: Manny
|-supereffective|p2a: Manny
|-damage|p2a: Manny|0 fnt
|-unboost|p1a: Mamoswine|atk|1
|-unboost|p1a: Mamoswine|def|1
|faint|p2a: Manny
|
|win|leoperi99
|raw|leoperi99's rating: 1365 &rarr; <strong>1383</strong><br />(+18 for winning)
|raw|Willthekid65934's rating: 1322 &rarr; <strong>1304</strong><br />(-18 for losing)
|c|☆leoperi99|gg
|c|☆Willthekid65934|Gg
|l|☆leoperi99
|player|p1|
