|j|☆TJJ go
|j|☆porrompompom
|player|p1|TJJ go|7
|player|p2|porrompompom|169
|teamsize|p1|6
|teamsize|p2|6
|gametype|singles
|gen|5
|tier|[Gen 5] OU
|rated|
|rule|Sleep Clause Mod: Limit one foe put to sleep
|rule|Species Clause: Limit one of each Pokémon
|rule|OHKO Clause: OHKO moves are banned
|rule|Moody Clause: Moody is banned
|rule|Evasion Moves Clause: Evasion moves are banned
|rule|Endless Battle Clause: Forcing endless battles is banned
|rule|HP Percentage Mod: HP is shown in percentages
|rule|Evasion Abilities Clause: Evasion abilities are banned
|rule|Baton Pass Clause: Limit one Baton Passer, can't pass Spe and other stats simultaneously
|rule|Swagger Clause: Swagger is banned
|clearpoke
|poke|p1|Tyranitar, F|item
|poke|p1|Excadrill, F|item
|poke|p1|Skarmory, M|item
|poke|p1|Magnezone|item
|poke|p1|Gliscor, M|item
|poke|p1|Latias, F|item
|poke|p2|Ninetales, M|item
|poke|p2|Xatu, F|item
|poke|p2|Donphan, F|item
|poke|p2|Latios, M|item
|poke|p2|Heatran, M|item
|poke|p2|Chansey, F|item
|teampreview
|
|start
|switch|p1a: Tyranitar|Tyranitar, F|100/100
|switch|p2a: Donphan|Donphan, F|100/100
|-weather|Sandstorm|[from] ability: Sand Stream|[of] p1a: Tyranitar
|turn|1
|
|move|p1a: Tyranitar|Ice Punch|p2a: Donphan
|-supereffective|p2a: Donphan
|-damage|p2a: Donphan|51/100
|move|p2a: Donphan|Stealth Rock|p1a: Tyranitar
|-sidestart|p1: TJJ go|move: Stealth Rock
|
|-weather|Sandstorm|[upkeep]
|-heal|p2a: Donphan|57/100|[from] item: Leftovers
|upkeep
|turn|2
|
|switch|p2a: Ninetales|Ninetales, M|100/100
|-weather|SunnyDay|[from] ability: Drought|[of] p2a: Ninetales
|move|p1a: Tyranitar|Ice Punch|p2a: Ninetales
|-resisted|p2a: Ninetales
|-damage|p2a: Ninetales|76/100
|
|-weather|SunnyDay|[upkeep]
|-heal|p2a: Ninetales|82/100|[from] item: Leftovers
|upkeep
|turn|3
|
|switch|p1a: Latias|Latias, F|100/100
|-damage|p1a: Latias|88/100|[from] Stealth Rock
|move|p2a: Ninetales|Will-O-Wisp|p1a: Latias|[miss]
|-miss|p2a: Ninetales|p1a: Latias
|
|-weather|SunnyDay|[upkeep]
|-heal|p2a: Ninetales|88/100|[from] item: Leftovers
|-heal|p1a: Latias|94/100|[from] item: Leftovers
|upkeep
|turn|4
|
|switch|p1a: Tyranitar|Tyranitar, F|100/100
|-damage|p1a: Tyranitar|88/100|[from] Stealth Rock
|-weather|Sandstorm|[from] ability: Sand Stream|[of] p1a: Tyranitar
|move|p2a: Ninetales|Will-O-Wisp|p1a: Tyranitar
|-status|p1a: Tyranitar|brn
|
|-weather|Sandstorm|[upkeep]
|-damage|p2a: Ninetales|82/100|[from] Sandstorm
|-heal|p2a: Ninetales|88/100|[from] item: Leftovers
|-damage|p1a: Tyranitar|76/100 brn|[from] brn
|upkeep
|turn|5
|
|-activate|p2a: Ninetales|move: Pursuit
|move|p1a: Tyranitar|Pursuit|p2a: Ninetales|[from]Pursuit
|-damage|p2a: Ninetales|51/100
|switch|p2a: Donphan|Donphan, F|57/100
|
|-weather|Sandstorm|[upkeep]
|-heal|p2a: Donphan|63/100|[from] item: Leftovers
|-damage|p1a: Tyranitar|63/100 brn|[from] brn
|upkeep
|turn|6
|
|switch|p1a: Gliscor|Gliscor, M|100/100
|-damage|p1a: Gliscor|88/100|[from] Stealth Rock
|switch|p2a: Ninetales|Ninetales, M|51/100
|-weather|SunnyDay|[from] ability: Drought|[of] p2a: Ninetales
|
|-weather|SunnyDay|[upkeep]
|-heal|p2a: Ninetales|57/100|[from] item: Leftovers
|-status|p1a: Gliscor|tox|[from] item: Toxic Orb
|upkeep
|turn|7
|
|switch|p2a: Xatu|Xatu, F|100/100
|move|p1a: Gliscor|Earthquake|p2a: Xatu
|-immune|p2a: Xatu|[msg]
|
|-weather|SunnyDay|[upkeep]
|-heal|p1a: Gliscor|100/100 tox|[from] ability: Poison Heal
|upkeep
|turn|8
|j| Dayanne or Mavis
|
|move|p1a: Gliscor|Facade|p2a: Xatu
|-damage|p2a: Xatu|69/100
|-damage|p1a: Gliscor|84/100 tox|[from] item: Rocky Helmet|[of] p2a: Xatu
|move|p2a: Xatu|U-turn|p1a: Gliscor
|-resisted|p1a: Gliscor
|-damage|p1a: Gliscor|79/100 tox
|
|switch|p2a: Ninetales|Ninetales, M|57/100
|
|-weather|SunnyDay|[upkeep]
|-heal|p2a: Ninetales|63/100|[from] item: Leftovers
|-heal|p1a: Gliscor|92/100 tox|[from] ability: Poison Heal
|upkeep
|turn|9
|
|switch|p2a: Xatu|Xatu, F|69/100
|move|p1a: Gliscor|Earthquake|p2a: Xatu
|-immune|p2a: Xatu|[msg]
|
|-weather|SunnyDay|[upkeep]
|-heal|p1a: Gliscor|100/100 tox|[from] ability: Poison Heal
|upkeep
|turn|10
|
|switch|p1a: Excadrill|Excadrill, F|100/100
|-damage|p1a: Excadrill|97/100|[from] Stealth Rock
|-ability|p1a: Excadrill|Mold Breaker
|move|p2a: Xatu|Roost|p2a: Xatu
|-heal|p2a: Xatu|100/100
|
|-weather|SunnyDay|[upkeep]
|upkeep
|turn|11
|
|move|p1a: Excadrill|Rapid Spin|p2a: Xatu
|-crit|p2a: Xatu
|-damage|p2a: Xatu|87/100
|-damage|p1a: Excadrill|81/100|[from] item: Rocky Helmet|[of] p2a: Xatu
|-sideend|p1: TJJ go|Stealth Rock|[from] move: Rapid Spin|[of] p1a: Excadrill
|move|p2a: Xatu|Heat Wave|p1a: Excadrill
|-supereffective|p1a: Excadrill
|-damage|p1a: Excadrill|0 fnt
|faint|p1a: Excadrill
|
|-weather|SunnyDay|[upkeep]
|upkeep
|
|switch|p1a: Magnezone|Magnezone|100/100
|turn|12
|
|switch|p2a: Chansey|Chansey, F|100/100
|move|p1a: Magnezone|Flash Cannon|p2a: Chansey
|-damage|p2a: Chansey|83/100
|
|-weather|SunnyDay|[upkeep]
|upkeep
|turn|13
|
|switch|p1a: Gliscor|Gliscor, M|100/100 tox
|move|p2a: Chansey|Seismic Toss|p1a: Gliscor
|-damage|p1a: Gliscor|72/100 tox
|
|-weather|SunnyDay|[upkeep]
|-heal|p1a: Gliscor|85/100 tox|[from] ability: Poison Heal
|upkeep
|turn|14
|
|switch|p2a: Xatu|Xatu, F|87/100
|move|p1a: Gliscor|Swords Dance|p1a: Gliscor
|-boost|p1a: Gliscor|atk|2
|
|-weather|SunnyDay|[upkeep]
|-heal|p1a: Gliscor|97/100 tox|[from] ability: Poison Heal
|upkeep
|turn|15
|
|move|p1a: Gliscor|Facade|p2a: Xatu
|-damage|p2a: Xatu|31/100
|-damage|p1a: Gliscor|80/100 tox|[from] item: Rocky Helmet|[of] p2a: Xatu
|move|p2a: Xatu|U-turn|p1a: Gliscor
|-resisted|p1a: Gliscor
|-damage|p1a: Gliscor|76/100 tox
|
|switch|p2a: Latios|Latios, M|100/100
|
|-weather|SunnyDay|[upkeep]
|-heal|p1a: Gliscor|88/100 tox|[from] ability: Poison Heal
|upkeep
|turn|16
|
|switch|p1a: Magnezone|Magnezone|100/100
|move|p2a: Latios|Draco Meteor|p1a: Magnezone
|-resisted|p1a: Magnezone
|-damage|p1a: Magnezone|29/100
|-unboost|p2a: Latios|spa|2
|
|-weather|SunnyDay|[upkeep]
|upkeep
|turn|17
|
|switch|p2a: Donphan|Donphan, F|63/100
|move|p1a: Magnezone|Flash Cannon|p2a: Donphan
|-damage|p2a: Donphan|0 fnt
|faint|p2a: Donphan
|
|-weather|SunnyDay|[upkeep]
|upkeep
|
|switch|p2a: Ninetales|Ninetales, M|63/100
|turn|18
|
|switch|p1a: Tyranitar|Tyranitar, F|63/100 brn
|-weather|Sandstorm|[from] ability: Sand Stream|[of] p1a: Tyranitar
|move|p2a: Ninetales|Flamethrower|p1a: Tyranitar
|-resisted|p1a: Tyranitar
|-damage|p1a: Tyranitar|55/100 brn
|
|-weather|Sandstorm|[upkeep]
|-damage|p2a: Ninetales|57/100|[from] Sandstorm
|-heal|p2a: Ninetales|63/100|[from] item: Leftovers
|-damage|p1a: Tyranitar|43/100 brn|[from] brn
|upkeep
|turn|19
|
|move|p2a: Ninetales|Protect|p2a: Ninetales
|-singleturn|p2a: Ninetales|Protect
|move|p1a: Tyranitar|Earthquake|p2a: Ninetales
|-activate|p2a: Ninetales|move: Protect
|
|-weather|Sandstorm|[upkeep]
|-damage|p2a: Ninetales|57/100|[from] Sandstorm
|-heal|p2a: Ninetales|63/100|[from] item: Leftovers
|-damage|p1a: Tyranitar|30/100 brn|[from] brn
|upkeep
|turn|20
|
|switch|p2a: Xatu|Xatu, F|31/100
|switch|p1a: Latias|Latias, F|94/100
|
|-weather|Sandstorm|[upkeep]
|-damage|p1a: Latias|88/100|[from] Sandstorm
|-damage|p2a: Xatu|25/100|[from] Sandstorm
|-heal|p1a: Latias|94/100|[from] item: Leftovers
|upkeep
|turn|21
|
|switch|p2a: Ninetales|Ninetales, M|63/100
|-weather|SunnyDay|[from] ability: Drought|[of] p2a: Ninetales
|move|p1a: Latias|Surf|p2a: Ninetales
|-supereffective|p2a: Ninetales
|-damage|p2a: Ninetales|32/100
|
|-weather|SunnyDay|[upkeep]
|-heal|p2a: Ninetales|38/100|[from] item: Leftovers
|-heal|p1a: Latias|99/100|[from] item: Leftovers
|upkeep
|turn|22
|
|move|p2a: Ninetales|Protect|p2a: Ninetales
|-singleturn|p2a: Ninetales|Protect
|move|p1a: Latias|Psyshock|p2a: Ninetales
|-activate|p2a: Ninetales|move: Protect
|
|-weather|SunnyDay|[upkeep]
|-heal|p2a: Ninetales|44/100|[from] item: Leftovers
|-heal|p1a: Latias|100/100|[from] item: Leftovers
|upkeep
|turn|23
|
|switch|p2a: Chansey|Chansey, F|83/100
|move|p1a: Latias|Psyshock|p2a: Chansey
|-damage|p2a: Chansey|52/100
|
|-weather|SunnyDay|[upkeep]
|upkeep
|turn|24
|
|switch|p1a: Gliscor|Gliscor, M|88/100 tox
|move|p2a: Chansey|Soft-Boiled|p2a: Chansey
|-heal|p2a: Chansey|100/100
|
|-weather|SunnyDay|[upkeep]
|-heal|p1a: Gliscor|100/100 tox|[from] ability: Poison Heal
|upkeep
|turn|25
|
|switch|p2a: Latios|Latios, M|100/100
|move|p1a: Gliscor|Facade|p2a: Latios
|-damage|p2a: Latios|55/100
|
|-weather|SunnyDay|[upkeep]
|upkeep
|turn|26
|
|switch|p1a: Magnezone|Magnezone|29/100
|move|p2a: Latios|Draco Meteor|p1a: Magnezone
|-resisted|p1a: Magnezone
|-damage|p1a: Magnezone|0 fnt
|-unboost|p2a: Latios|spa|2
|faint|p1a: Magnezone
|
|-weather|SunnyDay|[upkeep]
|upkeep
|
|switch|p1a: Tyranitar|Tyranitar, F|30/100 brn
|-weather|Sandstorm|[from] ability: Sand Stream|[of] p1a: Tyranitar
|turn|27
|
|move|p2a: Latios|Draco Meteor|p1a: Tyranitar
|-damage|p1a: Tyranitar|1/100 brn
|-unboost|p2a: Latios|spa|2
|move|p1a: Tyranitar|Pursuit|p2a: Latios
|-supereffective|p2a: Latios
|-damage|p2a: Latios|5/100
|
|-weather|Sandstorm|[upkeep]
|-damage|p2a: Latios|0 fnt|[from] Sandstorm
|-damage|p1a: Tyranitar|0 fnt|[from] brn
|upkeep
|faint|p2a: Latios
|faint|p1a: Tyranitar
|c|☆porrompompom|sigh
|
|switch|p2a: Ninetales|Ninetales, M|44/100
|switch|p1a: Skarmory|Skarmory, M|100/100
|-weather|SunnyDay|[from] ability: Drought|[of] p2a: Ninetales
|turn|28
|
|move|p2a: Ninetales|Flamethrower|p1a: Skarmory
|-supereffective|p1a: Skarmory
|-ability|p1a: Skarmory|Sturdy
|-damage|p1a: Skarmory|1/100
|move|p1a: Skarmory|Brave Bird|p2a: Ninetales
|-enditem|p1a: Skarmory|Flying Gem|[from] gem|[move] Brave Bird
|-damage|p2a: Ninetales|0 fnt
|-damage|p1a: Skarmory|0 fnt|[from] Recoil
|faint|p2a: Ninetales
|faint|p1a: Skarmory
|
|-weather|SunnyDay|[upkeep]
|upkeep
|
|switch|p2a: Xatu|Xatu, F|25/100
|switch|p1a: Gliscor|Gliscor, M|100/100 tox
|turn|29
|
|move|p1a: Gliscor|Facade|p2a: Xatu
|-damage|p2a: Xatu|0 fnt
|-damage|p1a: Gliscor|84/100 tox|[from] item: Rocky Helmet|[of] p2a: Xatu
|faint|p2a: Xatu
|
|-weather|SunnyDay|[upkeep]
|-heal|p1a: Gliscor|96/100 tox|[from] ability: Poison Heal
|upkeep
|
|switch|p2a: Heatran|Heatran, M|100/100
|-item|p2a: Heatran|Air Balloon
|turn|30
|
|switch|p1a: Latias|Latias, F|100/100
|move|p2a: Heatran|Magma Storm|p1a: Latias|[miss]
|-miss|p2a: Heatran|p1a: Latias
|
|-weather|SunnyDay|[upkeep]
|upkeep
|turn|31
|
|switch|p2a: Chansey|Chansey, F|100/100
|switch|p1a: Gliscor|Gliscor, M|96/100 tox
|
|-weather|SunnyDay|[upkeep]
|-heal|p1a: Gliscor|100/100 tox|[from] ability: Poison Heal
|upkeep
|turn|32
|
|move|p1a: Gliscor|Facade|p2a: Chansey
|-damage|p2a: Chansey|77/100
|move|p2a: Chansey|Seismic Toss|p1a: Gliscor
|-damage|p1a: Gliscor|72/100 tox
|
|-weather|SunnyDay|[upkeep]
|-heal|p1a: Gliscor|85/100 tox|[from] ability: Poison Heal
|upkeep
|turn|33
|
|move|p1a: Gliscor|Facade|p2a: Chansey
|-damage|p2a: Chansey|54/100
|move|p2a: Chansey|Seismic Toss|p1a: Gliscor
|-damage|p1a: Gliscor|56/100 tox
|
|-weather|SunnyDay|[upkeep]
|-heal|p1a: Gliscor|69/100 tox|[from] ability: Poison Heal
|upkeep
|turn|34
|
|switch|p2a: Heatran|Heatran, M|100/100
|-item|p2a: Heatran|Air Balloon
|move|p1a: Gliscor|Swords Dance|p1a: Gliscor
|-boost|p1a: Gliscor|atk|2
|
|-weather|SunnyDay|[upkeep]
|-heal|p1a: Gliscor|81/100 tox|[from] ability: Poison Heal
|upkeep
|turn|35
|
|switch|p1a: Latias|Latias, F|100/100
|move|p2a: Heatran|Magma Storm|p1a: Latias
|-resisted|p1a: Latias
|-damage|p1a: Latias|65/100
|-activate|p1a: Latias|move: Magma Storm|[of] p2a: Heatran
|
|-weather|SunnyDay|[upkeep]
|-heal|p1a: Latias|71/100|[from] item: Leftovers
|-damage|p1a: Latias|65/100|[from] move: Magma Storm|[partiallytrapped]
|upkeep
|turn|36
|
|switch|p2a: Chansey|Chansey, F|54/100
|move|p1a: Latias|Psyshock|p2a: Chansey
|-damage|p2a: Chansey|27/100
|
|-weather|SunnyDay|[upkeep]
|-heal|p1a: Latias|71/100|[from] item: Leftovers
|upkeep
|turn|37
|
|move|p1a: Latias|Psyshock|p2a: Chansey
|-damage|p2a: Chansey|0 fnt
|faint|p2a: Chansey
|
|-weather|SunnyDay|[upkeep]
|-heal|p1a: Latias|77/100|[from] item: Leftovers
|upkeep
|
|switch|p2a: Heatran|Heatran, M|100/100
|-item|p2a: Heatran|Air Balloon
|turn|38
|
|move|p2a: Heatran|Magma Storm|p1a: Latias
|-resisted|p1a: Latias
|-damage|p1a: Latias|41/100
|-activate|p1a: Latias|move: Magma Storm|[of] p2a: Heatran
|move|p1a: Latias|Surf|p2a: Heatran
|-supereffective|p2a: Heatran
|-damage|p2a: Heatran|72/100
|-enditem|p2a: Heatran|Air Balloon
|
|-weather|SunnyDay|[upkeep]
|-heal|p1a: Latias|47/100|[from] item: Leftovers
|-damage|p1a: Latias|41/100|[from] move: Magma Storm|[partiallytrapped]
|upkeep
|turn|39
|
|move|p2a: Heatran|Solar Beam|p1a: Latias|[still]
|-prepare|p2a: Heatran|Solar Beam|p1a: Latias
|-anim|p2a: Heatran|Solar Beam|p1a: Latias
|-resisted|p1a: Latias
|-crit|p1a: Latias
|-damage|p1a: Latias|12/100
|move|p1a: Latias|Recover|p1a: Latias
|-heal|p1a: Latias|62/100
|
|-weather|SunnyDay|[upkeep]
|-heal|p1a: Latias|68/100|[from] item: Leftovers
|-damage|p1a: Latias|62/100|[from] move: Magma Storm|[partiallytrapped]
|upkeep
|turn|40
|
|move|p2a: Heatran|Magma Storm|p1a: Latias|[miss]
|-miss|p2a: Heatran|p1a: Latias
|move|p1a: Latias|Recover|p1a: Latias
|-heal|p1a: Latias|100/100
|
|-weather|SunnyDay|[upkeep]
|-damage|p1a: Latias|94/100|[from] move: Magma Storm|[partiallytrapped]
|upkeep
|turn|41
|
|move|p2a: Heatran|Magma Storm|p1a: Latias
|-resisted|p1a: Latias
|-damage|p1a: Latias|60/100
|move|p1a: Latias|Surf|p2a: Heatran
|-supereffective|p2a: Heatran
|-damage|p2a: Heatran|40/100
|
|-weather|SunnyDay|[upkeep]
|-heal|p1a: Latias|66/100|[from] item: Leftovers
|-damage|p1a: Latias|60/100|[from] move: Magma Storm|[partiallytrapped]
|upkeep
|turn|42
|
|move|p2a: Heatran|Magma Storm|p1a: Latias
|-resisted|p1a: Latias
|-damage|p1a: Latias|25/100
|move|p1a: Latias|Recover|p1a: Latias
|-heal|p1a: Latias|75/100
|
|-weather|SunnyDay|[upkeep]
|-heal|p1a: Latias|81/100|[from] item: Leftovers
|-end|p1a: Latias|Magma Storm|[partiallytrapped]
|upkeep
|turn|43
|
|move|p2a: Heatran|Magma Storm|p1a: Latias|[miss]
|-miss|p2a: Heatran|p1a: Latias
|move|p1a: Latias|Recover|p1a: Latias
|-heal|p1a: Latias|100/100
|
|-weather|SunnyDay|[upkeep]
|upkeep
|turn|44
|
|move|p2a: Heatran|Magma Storm|p1a: Latias
|-resisted|p1a: Latias
|-damage|p1a: Latias|67/100
|-activate|p1a: Latias|move: Magma Storm|[of] p2a: Heatran
|move|p1a: Latias|Surf|p2a: Heatran
|-supereffective|p2a: Heatran
|-damage|p2a: Heatran|9/100
|
|-weather|SunnyDay|[upkeep]
|-heal|p1a: Latias|73/100|[from] item: Leftovers
|-damage|p1a: Latias|67/100|[from] move: Magma Storm|[partiallytrapped]
|upkeep
|turn|45
|
|move|p2a: Heatran|Solar Beam|p1a: Latias|[still]
|-prepare|p2a: Heatran|Solar Beam|p1a: Latias
|-anim|p2a: Heatran|Solar Beam|p1a: Latias
|-resisted|p1a: Latias
|-damage|p1a: Latias|52/100
|move|p1a: Latias|Surf|p2a: Heatran
|-supereffective|p2a: Heatran
|-damage|p2a: Heatran|0 fnt
|faint|p2a: Heatran
|
|win|TJJ go
|raw|TJJ go's rating: 1354 &rarr; <strong>1376</strong><br />(+22 for winning)
|raw|porrompompom's rating: 1389 &rarr; <strong>1367</strong><br />(-22 for losing)
