|j|☆leoperi99
|j|☆the great gazump
|t:|1707175014
|gametype|singles
|player|p1|leoperi99|roxie-masters|1493
|player|p2|the great gazump|102|1516
|teamsize|p1|6
|teamsize|p2|6
|gen|5
|tier|[Gen 5] OU
|rated|
|rule|Species Clause: Limit one of each Pokémon
|rule|OHKO Clause: OHKO moves are banned
|rule|Moody Clause: Moody is banned
|rule|Evasion Items Clause: Evasion items are banned
|rule|Evasion Moves Clause: Evasion moves are banned
|rule|Endless Battle Clause: Forcing endless battles is banned
|rule|HP Percentage Mod: HP is shown in percentages
|rule|Evasion Abilities Clause: Evasion abilities are banned
|rule|Sleep Moves Clause: Sleep-inducing moves are banned
|rule|Swagger Clause: Swagger is banned
|rule|Baton Pass Stat Clause: No Baton Passer may have a way to boost its stats
|clearpoke
|poke|p1|Abomasnow, F|item
|poke|p1|Donphan, M|item
|poke|p1|Kyurem|item
|poke|p1|Slowking, M|item
|poke|p1|Skarmory, M|item
|poke|p1|Latios, M|item
|poke|p2|Abomasnow, F|item
|poke|p2|Gliscor, M|item
|poke|p2|Forretress, F|item
|poke|p2|Blissey, F|item
|poke|p2|Latios, M|item
|poke|p2|Reuniclus, M|item
|teampreview
|inactive|Battle timer is ON: inactive players will automatically lose when time's up. (requested by the great gazump)
|inactive|leoperi99 has 120 seconds left.
|inactive|the great gazump has 120 seconds left.
|
|t:|1707175061
|start
|switch|p1a: Donphan|Donphan, M|100/100
|switch|p2a: Blissey|Blissey, F|100/100
|turn|1
|
|t:|1707175066
|switch|p2a: Abomasnow|Abomasnow, F|100/100
|-weather|Hail|[from] ability: Snow Warning|[of] p2a: Abomasnow
|move|p1a: Donphan|Knock Off|p2a: Abomasnow
|-damage|p2a: Abomasnow|93/100
|-enditem|p2a: Abomasnow|Leftovers|[from] move: Knock Off|[of] p1a: Donphan
|
|-weather|Hail|[upkeep]
|-damage|p1a: Donphan|94/100|[from] Hail
|-heal|p1a: Donphan|100/100|[from] item: Leftovers
|upkeep
|turn|2
|
|t:|1707175074
|switch|p1a: Abomasnow|Abomasnow, F, shiny|100/100
|move|p2a: Abomasnow|Leech Seed|p1a: Abomasnow
|-immune|p1a: Abomasnow
|
|-weather|Hail|[upkeep]
|upkeep
|turn|3
|
|t:|1707175078
|switch|p2a: Blissey|Blissey, F|100/100
|move|p1a: Abomasnow|Blizzard|p2a: Blissey
|-damage|p2a: Blissey|84/100
|-status|p2a: Blissey|frz
|
|-weather|Hail|[upkeep]
|-damage|p2a: Blissey|78/100 frz|[from] Hail
|-heal|p2a: Blissey|84/100 frz|[from] item: Leftovers
|upkeep
|turn|4
|c|☆leoperi99|mb
|
|t:|1707175088
|switch|p1a: Donphan|Donphan, M|100/100
|-curestatus|p2a: Blissey|frz|[from] ability: Natural Cure
|switch|p2a: Abomasnow|Abomasnow, F|93/100
|
|-weather|Hail|[upkeep]
|-damage|p1a: Donphan|94/100|[from] Hail
|-heal|p1a: Donphan|100/100|[from] item: Leftovers
|upkeep
|turn|5
|
|t:|1707175094
|switch|p1a: Abomasnow|Abomasnow, F, shiny|100/100
|move|p2a: Abomasnow|Blizzard|p1a: Abomasnow
|-damage|p1a: Abomasnow|63/100
|
|-weather|Hail|[upkeep]
|-heal|p1a: Abomasnow|69/100|[from] item: Leftovers
|upkeep
|turn|6
|j| crunchup
|
|t:|1707175098
|move|p1a: Abomasnow|Leech Seed|p2a: Abomasnow
|-immune|p2a: Abomasnow
|move|p2a: Abomasnow|Blizzard|p1a: Abomasnow
|-damage|p1a: Abomasnow|28/100
|
|-weather|Hail|[upkeep]
|-heal|p1a: Abomasnow|34/100|[from] item: Leftovers
|upkeep
|turn|7
|
|t:|1707175102
|move|p1a: Abomasnow|Protect|p1a: Abomasnow
|-singleturn|p1a: Abomasnow|Protect
|move|p2a: Abomasnow|Blizzard|p1a: Abomasnow
|-activate|p1a: Abomasnow|move: Protect
|
|-weather|Hail|[upkeep]
|-heal|p1a: Abomasnow|40/100|[from] item: Leftovers
|upkeep
|turn|8
|
|t:|1707175120
|switch|p1a: Slowking|Slowking, M, shiny|100/100
|move|p2a: Abomasnow|Blizzard|p1a: Slowking
|-resisted|p1a: Slowking
|-damage|p1a: Slowking|89/100
|
|-weather|Hail|[upkeep]
|-damage|p1a: Slowking|82/100|[from] Hail
|-heal|p1a: Slowking|89/100|[from] item: Leftovers
|upkeep
|turn|9
|
|t:|1707175124
|switch|p2a: Blissey|Blissey, F|84/100
|move|p1a: Slowking|Thunder Wave|p2a: Blissey
|-status|p2a: Blissey|par
|
|-weather|Hail|[upkeep]
|-damage|p1a: Slowking|82/100|[from] Hail
|-damage|p2a: Blissey|78/100 par|[from] Hail
|-heal|p1a: Slowking|89/100|[from] item: Leftovers
|-heal|p2a: Blissey|84/100 par|[from] item: Leftovers
|upkeep
|turn|10
|
|t:|1707175127
|switch|p1a: Donphan|Donphan, M|100/100
|move|p2a: Blissey|Wish|p2a: Blissey
|
|-weather|Hail|[upkeep]
|-damage|p1a: Donphan|94/100|[from] Hail
|-damage|p2a: Blissey|78/100 par|[from] Hail
|-heal|p1a: Donphan|100/100|[from] item: Leftovers
|-heal|p2a: Blissey|84/100 par|[from] item: Leftovers
|upkeep
|turn|11
|
|t:|1707175129
|-curestatus|p2a: Blissey|par|[from] ability: Natural Cure
|switch|p2a: Abomasnow|Abomasnow, F|93/100
|move|p1a: Donphan|Stealth Rock|p2a: Abomasnow
|-sidestart|p2: the great gazump|move: Stealth Rock
|
|-weather|Hail|[upkeep]
|-damage|p1a: Donphan|94/100|[from] Hail
|-heal|p2a: Abomasnow|100/100|[from] move: Wish|[wisher] Blissey
|-heal|p1a: Donphan|100/100|[from] item: Leftovers
|upkeep
|turn|12
|
|t:|1707175140
|switch|p1a: Slowking|Slowking, M, shiny|100/100
|move|p2a: Abomasnow|Blizzard|p1a: Slowking
|-resisted|p1a: Slowking
|-damage|p1a: Slowking|89/100
|
|-weather|Hail|[upkeep]
|-damage|p1a: Slowking|83/100|[from] Hail
|-heal|p1a: Slowking|89/100|[from] item: Leftovers
|upkeep
|turn|13
|
|t:|1707175154
|switch|p2a: Blissey|Blissey, F|84/100
|-damage|p2a: Blissey|71/100|[from] Stealth Rock
|move|p1a: Slowking|Scald|p2a: Blissey
|-crit|p2a: Blissey
|-damage|p2a: Blissey|49/100
|
|-weather|Hail|[upkeep]
|-damage|p2a: Blissey|43/100|[from] Hail
|-damage|p1a: Slowking|83/100|[from] Hail
|-heal|p2a: Blissey|49/100|[from] item: Leftovers
|-heal|p1a: Slowking|89/100|[from] item: Leftovers
|upkeep
|turn|14
|
|t:|1707175166
|switch|p1a: Skarmory|Skarmory, M|100/100
|move|p2a: Blissey|Thunder Wave|p1a: Skarmory
|-status|p1a: Skarmory|par
|
|-weather|Hail|[upkeep]
|-damage|p2a: Blissey|43/100|[from] Hail
|-damage|p1a: Skarmory|95/100 par|[from] Hail
|-heal|p2a: Blissey|49/100|[from] item: Leftovers
|-heal|p1a: Skarmory|100/100 par|[from] item: Leftovers
|upkeep
|turn|15
|
|t:|1707175168
|move|p2a: Blissey|Soft-Boiled|p2a: Blissey
|-heal|p2a: Blissey|99/100
|move|p1a: Skarmory|Spikes|p2a: Blissey
|-sidestart|p2: the great gazump|Spikes
|
|-weather|Hail|[upkeep]
|-damage|p2a: Blissey|93/100|[from] Hail
|-damage|p1a: Skarmory|95/100 par|[from] Hail
|-heal|p2a: Blissey|99/100|[from] item: Leftovers
|-heal|p1a: Skarmory|100/100 par|[from] item: Leftovers
|upkeep
|turn|16
|
|t:|1707175170
|switch|p2a: Forretress|Forretress, F|100/100
|-damage|p2a: Forretress|88/100|[from] Stealth Rock
|-damage|p2a: Forretress|76/100|[from] Spikes
|move|p1a: Skarmory|Whirlwind|p2a: Forretress
|drag|p2a: Reuniclus|Reuniclus, M|100/100
|
|-weather|Hail|[upkeep]
|-damage|p1a: Skarmory|95/100 par|[from] Hail
|-heal|p1a: Skarmory|100/100 par|[from] item: Leftovers
|upkeep
|turn|17
|
|t:|1707175176
|switch|p1a: Latios but cooler|Kyurem, shiny|100/100
|-ability|p1a: Latios but cooler|Pressure
|move|p2a: Reuniclus|Calm Mind|p2a: Reuniclus
|-boost|p2a: Reuniclus|spa|1
|-boost|p2a: Reuniclus|spd|1
|
|-weather|Hail|[upkeep]
|upkeep
|turn|18
|
|t:|1707175201
|switch|p2a: Blissey|Blissey, F|99/100
|-damage|p2a: Blissey|87/100|[from] Stealth Rock
|-damage|p2a: Blissey|74/100|[from] Spikes
|move|p1a: Latios but cooler|Blizzard|p2a: Blissey
|-damage|p2a: Blissey|41/100
|
|-weather|Hail|[upkeep]
|-damage|p2a: Blissey|35/100|[from] Hail
|-heal|p2a: Blissey|41/100|[from] item: Leftovers
|upkeep
|turn|19
|
|t:|1707175213
|switch|p1a: Skarmory|Skarmory, M|100/100 par
|move|p2a: Blissey|Soft-Boiled|p2a: Blissey
|-heal|p2a: Blissey|91/100
|
|-weather|Hail|[upkeep]
|-damage|p2a: Blissey|85/100|[from] Hail
|-damage|p1a: Skarmory|95/100 par|[from] Hail
|-heal|p2a: Blissey|91/100|[from] item: Leftovers
|-heal|p1a: Skarmory|100/100 par|[from] item: Leftovers
|upkeep
|turn|20
|
|t:|1707175216
|switch|p2a: Forretress|Forretress, F|76/100
|-damage|p2a: Forretress|63/100|[from] Stealth Rock
|-damage|p2a: Forretress|51/100|[from] Spikes
|move|p1a: Skarmory|Whirlwind|p2a: Forretress
|drag|p2a: Reuniclus|Reuniclus, M|100/100
|
|-weather|Hail|[upkeep]
|-damage|p1a: Skarmory|95/100 par|[from] Hail
|-heal|p1a: Skarmory|100/100 par|[from] item: Leftovers
|upkeep
|turn|21
|j| Bulging Biceps Bro
|
|t:|1707175220
|switch|p1a: Latios but cooler|Kyurem, shiny|100/100
|-ability|p1a: Latios but cooler|Pressure
|move|p2a: Reuniclus|Calm Mind|p2a: Reuniclus
|-boost|p2a: Reuniclus|spa|1
|-boost|p2a: Reuniclus|spd|1
|
|-weather|Hail|[upkeep]
|upkeep
|turn|22
|
|t:|1707175223
|move|p1a: Latios but cooler|Blizzard|p2a: Reuniclus
|-damage|p2a: Reuniclus|47/100
|move|p2a: Reuniclus|Focus Blast|p1a: Latios but cooler
|-supereffective|p1a: Latios but cooler
|-damage|p1a: Latios but cooler|13/100
|
|-weather|Hail|[upkeep]
|-heal|p2a: Reuniclus|53/100|[from] item: Leftovers
|upkeep
|turn|23
|
|t:|1707175229
|switch|p2a: Blissey|Blissey, F|91/100
|-damage|p2a: Blissey|79/100|[from] Stealth Rock
|-damage|p2a: Blissey|66/100|[from] Spikes
|move|p1a: Latios but cooler|Blizzard|p2a: Blissey
|-damage|p2a: Blissey|32/100
|
|-weather|Hail|[upkeep]
|-damage|p2a: Blissey|26/100|[from] Hail
|-heal|p2a: Blissey|32/100|[from] item: Leftovers
|upkeep
|turn|24
|inactive|the great gazump has 120 seconds left.
|
|t:|1707175272
|switch|p2a: Gliscor|Gliscor, M|100/100
|-damage|p2a: Gliscor|88/100|[from] Stealth Rock
|move|p1a: Latios but cooler|Blizzard|p2a: Gliscor
|-supereffective|p2a: Gliscor
|-crit|p2a: Gliscor
|-damage|p2a: Gliscor|0 fnt
|faint|p2a: Gliscor
|
|-weather|Hail|[upkeep]
|upkeep
|
|t:|1707175276
|switch|p2a: Latios|Latios, M|100/100
|-damage|p2a: Latios|88/100|[from] Stealth Rock
|turn|25
|inactive|the great gazump has 120 seconds left.
|
|t:|1707175289
|switch|p2a: Blissey|Blissey, F|32/100
|-damage|p2a: Blissey|20/100|[from] Stealth Rock
|-damage|p2a: Blissey|7/100|[from] Spikes
|switch|p1a: Abomasnow|Abomasnow, F, shiny|40/100
|
|-weather|Hail|[upkeep]
|-damage|p2a: Blissey|1/100|[from] Hail
|-heal|p1a: Abomasnow|46/100|[from] item: Leftovers
|-heal|p2a: Blissey|7/100|[from] item: Leftovers
|upkeep
|turn|26
|
|t:|1707175292
|move|p1a: Abomasnow|Blizzard|p2a: Blissey
|-damage|p2a: Blissey|0 fnt
|faint|p2a: Blissey
|
|-weather|Hail|[upkeep]
|-heal|p1a: Abomasnow|52/100|[from] item: Leftovers
|upkeep
|-message|the great gazump forfeited.
|
|win|leoperi99
|raw|leoperi99's rating: 1493 &rarr; <strong>1514</strong><br />(+21 for winning)
|raw|the great gazump's rating: 1516 &rarr; <strong>1495</strong><br />(-21 for losing)
|l|☆the great gazump
|player|p2|
