|join|Sage Hane
|join|Julian
|player|p1|Sage Hane|290
|player|p2|Julian|169
|gametype|singles
|gen|5
|tier|[Gen 5] OU
|rated
|rule|Evasion Abilities Clause: Evasion abilities are banned
|clearpoke
|poke|p1|Chansey, F
|poke|p1|Wobbuffet, F
|poke|p1|Cloyster, F
|poke|p1|Garchomp, F
|poke|p1|Dragonite, F
|poke|p1|Donphan, F
|poke|p2|Garchomp, M
|poke|p2|Jirachi
|poke|p2|Rotom-Wash
|poke|p2|Latias, F
|poke|p2|Tyranitar, M
|poke|p2|Scizor, M
|rule|Sleep Clause Mod: Limit one foe put to sleep
|rule|Species Clause: Limit one of each Pokemon
|rule|OHKO Clause: OHKO moves are banned
|rule|Moody Clause: Moody is banned
|rule|Evasion Moves Clause: Evasion moves are banned
|rule|Endless Battle Clause: Forcing endless battles is banned.
|rule|HP Percentage Mod: HP is reported as percentages
|teampreview
|chat|Sage Hane|hey, we meet again!
|chat|Julian|hi
|chat|Sage Hane|last time!
|
|start
|switch|p1a: Dinolfos|Garchomp, F|359/359
|switch|p2a: Rotom-Wash|Rotom-Wash|299/299
|turn|1
|
|switch|p1a: Aeralfos|Dragonite, F|336/336
|move|p2a: Rotom-Wash|Will-O-Wisp|p1a: Aeralfos
|-status|p1a: Aeralfos|brn
|
|-damage|p1a: Aeralfos|294/336 brn|[from] brn
|turn|2
|
|move|p2a: Rotom-Wash|Volt Switch|p1a: Aeralfos
|-damage|p1a: Aeralfos|225/336 brn
|
|switch|p2a: Tyranitar|Tyranitar, M|404/404
|-weather|Sandstorm|[from] ability: Sand Stream|[of] p2a: Tyranitar
|move|p1a: Aeralfos|Thunder Wave|p2a: Tyranitar
|-status|p2a: Tyranitar|par
|
|-weather|Sandstorm|[upkeep]
|-damage|p1a: Aeralfos|204/336 brn|[from] sandstorm
|-heal|p1a: Aeralfos|225/336 brn|[from] item: Leftovers
|-damage|p1a: Aeralfos|183/336 brn|[from] brn
|turn|3
|chat|Sage Hane|no choice scarf?
|chat|Julian|nu
|
|switch|p1a: Weird Egg|Chansey, F|642/642
|cant|p2a: Tyranitar|par
|
|-weather|Sandstorm|[upkeep]
|-damage|p1a: Weird Egg|602/642|[from] sandstorm
|turn|4
|chat|Sage Hane|you changed your team big time!
|
|move|p1a: Weird Egg|Wish|p1a: Weird Egg
|cant|p2a: Tyranitar|par
|
|-weather|Sandstorm|[upkeep]
|-damage|p1a: Weird Egg|562/642|[from] sandstorm
|turn|5
|chat|Julian|i have a bunch of teams!
|
|switch|p1a: Blue Chu Chu|Wobbuffet, F|528/528
|move|p2a: Tyranitar|Stealth Rock|p1a: Blue Chu Chu
|-sidestart|p1: Sage Hane|move: Stealth Rock
|
|-weather|Sandstorm|[upkeep]
|-damage|p1a: Blue Chu Chu|495/528|[from] sandstorm
|-heal|p1a: Blue Chu Chu|528/528|[from] move: Wish|[wisher] Weird Egg
|turn|6
|chat|Sage Hane|oh
|
|move|p1a: Blue Chu Chu|Encore|p2a: Tyranitar
|-start|p2a: Tyranitar|Encore
|cant|p2a: Tyranitar|par
|
|-weather|Sandstorm|[upkeep]
|-damage|p1a: Blue Chu Chu|495/528|[from] sandstorm
|-heal|p1a: Blue Chu Chu|528/528|[from] item: Leftovers
|turn|7
|chat|Sage Hane|but they all have jirachi?
|
|switch|p1a: Shell Blade|Cloyster, F|241/241
|-damage|p1a: Shell Blade|181/241|[from] Stealth Rock
|cant|p2a: Tyranitar|par
|
|-weather|Sandstorm|[upkeep]
|-damage|p1a: Shell Blade|166/241|[from] sandstorm
|turn|8
|chat|Julian|hmm, not alll…. a lot
|
|switch|p2a: Rotom-Wash|Rotom-Wash|299/299
|move|p1a: Shell Blade|Shell Smash|p1a: Shell Blade
|-boost|p1a: Shell Blade|atk|2
|-boost|p1a: Shell Blade|spa|2
|-boost|p1a: Shell Blade|spe|2
|-unboost|p1a: Shell Blade|def|1
|-unboost|p1a: Shell Blade|spd|1
|
|-weather|Sandstorm|[upkeep]
|-damage|p1a: Shell Blade|151/241|[from] sandstorm
|-damage|p2a: Rotom-Wash|281/299|[from] sandstorm
|-heal|p2a: Rotom-Wash|299/299|[from] item: Leftovers
|turn|9
|chat|Sage Hane|ok
|chat|Julian|its just such a nice pokemon
|chat|Julian|in this generation
|
|move|p1a: Shell Blade|Rock Blast|p2a: Rotom-Wash
|-damage|p2a: Rotom-Wash|251/299
|-damage|p2a: Rotom-Wash|207/299
|-damage|p2a: Rotom-Wash|164/299
|-damage|p2a: Rotom-Wash|118/299
|-damage|p2a: Rotom-Wash|77/299
|-hitcount|p2a: Rotom-Wash|5
|cant|p2a: Rotom-Wash|flinch
|
|-weather|Sandstorm|[upkeep]
|-damage|p1a: Shell Blade|136/241|[from] sandstorm
|-damage|p2a: Rotom-Wash|59/299|[from] sandstorm
|-heal|p2a: Rotom-Wash|77/299|[from] item: Leftovers
|turn|10
|chat|Sage Hane|how bout gen 4?
|chat|Julian|its okay
|
|move|p1a: Shell Blade|Icicle Spear|p2a: Rotom-Wash
|-resisted|p2a: Rotom-Wash
|-damage|p2a: Rotom-Wash|43/299
|-resisted|p2a: Rotom-Wash
|-damage|p2a: Rotom-Wash|10/299
|-crit|p2a: Rotom-Wash
|-resisted|p2a: Rotom-Wash
|-damage|p2a: Rotom-Wash|0 fnt
|-hitcount|p2a: Rotom-Wash|3
|faint|p2a: Rotom-Wash
|
|-weather|Sandstorm|[upkeep]
|-damage|p1a: Shell Blade|121/241|[from] sandstorm
|
|switch|p2a: Scizor|Scizor, M|343/343
|turn|11
|
|switch|p1a: Helmasaurus|Donphan, F|384/384
|-damage|p1a: Helmasaurus|360/384|[from] Stealth Rock
|move|p2a: Scizor|Bullet Punch|p1a: Helmasaurus
|-damage|p1a: Helmasaurus|254/384
|
|-weather|Sandstorm|[upkeep]
|-heal|p1a: Helmasaurus|278/384|[from] item: Leftovers
|turn|12
|
|switch|p2a: Latias|Latias, F|302/302
|move|p1a: Helmasaurus|Stealth Rock|p2a: Latias
|-sidestart|p2: Julian|move: Stealth Rock
|
|-weather|Sandstorm|[upkeep]
|-damage|p2a: Latias|284/302|[from] sandstorm
|-heal|p1a: Helmasaurus|302/384|[from] item: Leftovers
|turn|13
|join|sesquipedalis
|
|switch|p1a: Weird Egg|Chansey, F|562/642
|-damage|p1a: Weird Egg|482/642|[from] Stealth Rock
|move|p2a: Latias|Surf|p1a: Weird Egg
|-damage|p1a: Weird Egg|417/642
|-damage|p2a: Latias|254/302|[from] item: Life Orb
|
|-weather|Sandstorm|[upkeep]
|-damage|p2a: Latias|236/302|[from] sandstorm
|-damage|p1a: Weird Egg|377/642|[from] sandstorm
|turn|14
|
|switch|p2a: Scizor|Scizor, M|343/343
|-damage|p2a: Scizor|301/343|[from] Stealth Rock
|move|p1a: Weird Egg|Soft-Boiled|p1a: Weird Egg
|-heal|p1a: Weird Egg|642/642
|
|-weather|Sandstorm|[upkeep]
|-damage|p1a: Weird Egg|602/642|[from] sandstorm
|turn|15
|chat|Sage Hane|I was scared of trick
|chat|Sage Hane|thank god
|chat|Sage Hane|I mean buddah
|chat|Sage Hane|i don't care
|
|move|p2a: Scizor|U-turn|p1a: Weird Egg
|-damage|p1a: Weird Egg|319/642
|
|switch|p2a: Garchomp|Garchomp, M|357/357
|-damage|p2a: Garchomp|335/357|[from] Stealth Rock
|move|p1a: Weird Egg|Soft-Boiled|p1a: Weird Egg
|-heal|p1a: Weird Egg|640/642
|
|-weather|Sandstorm|[upkeep]
|-damage|p1a: Weird Egg|600/642|[from] sandstorm
|turn|16
|
|move|p2a: Garchomp|Swords Dance|p2a: Garchomp
|-boost|p2a: Garchomp|atk|2
|move|p1a: Weird Egg|Toxic|p2a: Garchomp
|-status|p2a: Garchomp|tox
|
|-weather|Sandstorm|[upkeep]
|-damage|p1a: Weird Egg|560/642|[from] sandstorm
|-damage|p2a: Garchomp|313/357 tox|[from] psn
|turn|17
|
|switch|p1a: Helmasaurus|Donphan, F|302/384
|-damage|p1a: Helmasaurus|278/384|[from] Stealth Rock
|move|p2a: Garchomp|Swords Dance|p2a: Garchomp
|-boost|p2a: Garchomp|atk|2
|
|-weather|Sandstorm|[upkeep]
|-heal|p1a: Helmasaurus|302/384|[from] item: Leftovers
|-damage|p2a: Garchomp|269/357 tox|[from] psn
|turn|18
|
|move|p2a: Garchomp|Outrage|p1a: Helmasaurus
|-damage|p1a: Helmasaurus|0 fnt
|faint|p1a: Helmasaurus
|
|-weather|Sandstorm|[upkeep]
|-damage|p2a: Garchomp|203/357 tox|[from] psn
|
|switch|p1a: Dinolfos|Garchomp, F|359/359
|-damage|p1a: Dinolfos|337/359|[from] Stealth Rock
|turn|19
|
|move|p2a: Garchomp|Outrage|p1a: Dinolfos
|-supereffective|p1a: Dinolfos
|-damage|p1a: Dinolfos|0 fnt
|-damage|p2a: Garchomp|159/357 tox|[from] ability: Rough Skin|[of] p1a: Dinolfos
|faint|p1a: Dinolfos
|
|-weather|Sandstorm|[upkeep]
|-damage|p2a: Garchomp|71/357 tox|[from] psn
|
|switch|p1a: Shell Blade|Cloyster, F|121/241
|-damage|p1a: Shell Blade|61/241|[from] Stealth Rock
|turn|20
|
|move|p2a: Garchomp|Outrage|p1a: Shell Blade
|-crit|p1a: Shell Blade
|-damage|p1a: Shell Blade|0 fnt
|faint|p1a: Shell Blade
|
|-end|p2a: Garchomp|rampage
|-start|p2a: Garchomp|confusion
|-weather|Sandstorm|[upkeep]
|-damage|p2a: Garchomp|0 fnt|[from] psn
|faint|p2a: Garchomp
|chat|Sage Hane|crit!
|
|switch|p2a: Scizor|Scizor, M|301/343
|-damage|p2a: Scizor|259/343|[from] Stealth Rock
|switch|p1a: Weird Egg|Chansey, F|560/642
|-damage|p1a: Weird Egg|480/642|[from] Stealth Rock
|turn|21
|chat|Sage Hane|so nessacary!
|
|move|p2a: Scizor|Superpower|p1a: Weird Egg
|-supereffective|p1a: Weird Egg
|-damage|p1a: Weird Egg|0 fnt
|-unboost|p2a: Scizor|atk|1
|-unboost|p2a: Scizor|def|1
|faint|p1a: Weird Egg
|
|-weather|Sandstorm|[upkeep]
|
|switch|p1a: Blue Chu Chu|Wobbuffet, F|528/528
|-damage|p1a: Blue Chu Chu|462/528|[from] Stealth Rock
|turn|22
|
|move|p2a: Scizor|Superpower|p1a: Blue Chu Chu
|-resisted|p1a: Blue Chu Chu
|-damage|p1a: Blue Chu Chu|375/528
|-unboost|p2a: Scizor|atk|1
|-unboost|p2a: Scizor|def|1
|move|p1a: Blue Chu Chu|Counter|p2a: Scizor
|-damage|p2a: Scizor|85/343
|
|-weather|Sandstorm|[upkeep]
|-damage|p1a: Blue Chu Chu|342/528|[from] sandstorm
|-heal|p1a: Blue Chu Chu|375/528|[from] item: Leftovers
|turn|23
|
|move|p2a: Scizor|Superpower|p1a: Blue Chu Chu
|-resisted|p1a: Blue Chu Chu
|-damage|p1a: Blue Chu Chu|309/528
|-unboost|p2a: Scizor|atk|1
|-unboost|p2a: Scizor|def|1
|move|p1a: Blue Chu Chu|Counter|p2a: Scizor
|-damage|p2a: Scizor|0 fnt
|faint|p2a: Scizor
|
|-weather|Sandstorm|[upkeep]
|-damage|p1a: Blue Chu Chu|276/528|[from] sandstorm
|-heal|p1a: Blue Chu Chu|309/528|[from] item: Leftovers
|chat|Sage Hane|gg
|chat|Julian|gg
|chat|Sage Hane|i lost
|
|switch|p2a: Jirachi|Jirachi|341/341
|-damage|p2a: Jirachi|320/341|[from] Stealth Rock
|turn|24
|
|move|p2a: Jirachi|Iron Head|p1a: Blue Chu Chu
|-damage|p1a: Blue Chu Chu|183/528
|cant|p1a: Blue Chu Chu|flinch
|
|-weather|Sandstorm|[upkeep]
|-damage|p1a: Blue Chu Chu|150/528|[from] sandstorm
|-heal|p1a: Blue Chu Chu|183/528|[from] item: Leftovers
|turn|25
|
|move|p2a: Jirachi|Thunderbolt|p1a: Blue Chu Chu
|-damage|p1a: Blue Chu Chu|85/528
|-status|p1a: Blue Chu Chu|par
|cant|p1a: Blue Chu Chu|par
|
|-weather|Sandstorm|[upkeep]
|-damage|p1a: Blue Chu Chu|52/528 par|[from] sandstorm
|-heal|p1a: Blue Chu Chu|85/528 par|[from] item: Leftovers
|turn|26
|
|move|p2a: Jirachi|Iron Head|p1a: Blue Chu Chu
|-damage|p1a: Blue Chu Chu|0 fnt
|faint|p1a: Blue Chu Chu
|
|-weather|Sandstorm|[upkeep]
|
|switch|p1a: Aeralfos|Dragonite, F|183/336 brn
|-damage|p1a: Aeralfos|99/336 brn|[from] Stealth Rock
|turn|27
|
|move|p2a: Jirachi|Hidden Power|p1a: Aeralfos
|-supereffective|p1a: Aeralfos
|-damage|p1a: Aeralfos|0 fnt
|faint|p1a: Aeralfos
|
|win|Julian
|raw|Ladder updating...
|raw|Sage Hane's rating: 1382 &rarr; <strong>1366</strong><br />(-16 for losing)
|raw|Julian's rating: 1467 &rarr; <strong>1482</strong><br />(+15 for winning)
|leave|Julian
|player|p2
|chat|Sage Hane|gg
|leave|sesquipedalis