|j|☆scanners
|j|☆leoperi99
|t:|1707780968
|gametype|singles
|player|p1|scanners|policeman|1502
|player|p2|leoperi99|wallace-masters|1474
|teamsize|p1|6
|teamsize|p2|6
|gen|5
|tier|[Gen 5] OU
|rated|
|rule|Species Clause: Limit one of each Pokémon
|rule|OHKO Clause: OHKO moves are banned
|rule|Moody Clause: Moody is banned
|rule|Evasion Items Clause: Evasion items are banned
|rule|Evasion Moves Clause: Evasion moves are banned
|rule|Endless Battle Clause: Forcing endless battles is banned
|rule|HP Percentage Mod: HP is shown in percentages
|rule|Evasion Abilities Clause: Evasion abilities are banned
|rule|Sleep Moves Clause: Sleep-inducing moves are banned
|rule|Swagger Clause: Swagger is banned
|rule|Baton Pass Stat Clause: No Baton Passer may have a way to boost its stats
|clearpoke
|poke|p1|Alakazam, M|item
|poke|p1|Skarmory, F|item
|poke|p1|Reuniclus, F|item
|poke|p1|Jellicent, M|item
|poke|p1|Tyranitar, F|item
|poke|p1|Mamoswine, M|item
|poke|p2|Hippowdon, M|item
|poke|p2|Clefable, M|item
|poke|p2|Bronzong|item
|poke|p2|Skarmory, F|item
|poke|p2|Latios, M|item
|poke|p2|Reuniclus, M|item
|teampreview
|inactive|Battle timer is ON: inactive players will automatically lose when time's up. (requested by scanners)
|inactive|leoperi99 has 120 seconds left.
|inactive|leoperi99 has 90 seconds left.
|c|☆leoperi99|glhf
|
|t:|1707781044
|start
|switch|p1a: Skarmory|Skarmory, F|100/100
|switch|p2a: Hippowdon|Hippowdon, M, shiny|100/100
|-weather|Sandstorm|[from] ability: Sand Stream|[of] p2a: Hippowdon
|turn|1
|j| Bjfair13
|c|☆scanners|u2
|
|t:|1707781069
|move|p1a: Skarmory|Taunt|p2a: Hippowdon
|-start|p2a: Hippowdon|move: Taunt
|cant|p2a: Hippowdon|move: Taunt|Stealth Rock
|
|-weather|Sandstorm|[upkeep]
|upkeep
|turn|2
|
|t:|1707781075
|switch|p2a: Clefable|Clefable, M, shiny|100/100
|move|p1a: Skarmory|Stealth Rock|p2a: Clefable
|-sidestart|p2: leoperi99|move: Stealth Rock
|
|-weather|Sandstorm|[upkeep]
|upkeep
|turn|3
|
|t:|1707781078
|move|p1a: Skarmory|Spikes|p2a: Clefable
|-sidestart|p2: leoperi99|Spikes
|move|p2a: Clefable|Knock Off|p1a: Skarmory
|-resisted|p1a: Skarmory
|-damage|p1a: Skarmory|99/100
|-enditem|p1a: Skarmory|Custap Berry|[from] move: Knock Off|[of] p2a: Clefable
|
|-weather|Sandstorm|[upkeep]
|upkeep
|turn|4
|
|t:|1707781082
|move|p1a: Skarmory|Taunt|p2a: Clefable
|-start|p2a: Clefable|move: Taunt
|cant|p2a: Clefable|move: Taunt|Thunder Wave
|
|-weather|Sandstorm|[upkeep]
|upkeep
|turn|5
|
|t:|1707781087
|move|p1a: Skarmory|Spikes|p2a: Clefable
|-sidestart|p2: leoperi99|Spikes
|move|p2a: Clefable|Seismic Toss|p1a: Skarmory
|-damage|p1a: Skarmory|69/100
|
|-weather|Sandstorm|[upkeep]
|upkeep
|turn|6
|
|t:|1707781092
|switch|p2a: Reuniclus|Reuniclus, M, shiny|100/100
|move|p1a: Skarmory|Spikes|p2a: Reuniclus
|-sidestart|p2: leoperi99|Spikes
|
|-weather|Sandstorm|[upkeep]
|upkeep
|turn|7
|
|t:|1707781098
|move|p1a: Skarmory|Taunt|p2a: Reuniclus
|-start|p2a: Reuniclus|move: Taunt
|move|p2a: Reuniclus|Focus Blast|p1a: Skarmory|[miss]
|-miss|p2a: Reuniclus|p1a: Skarmory
|
|-weather|Sandstorm|[upkeep]
|upkeep
|turn|8
|
|t:|1707781102
|switch|p1a: Reuniclus|Reuniclus, F|100/100
|move|p2a: Reuniclus|Focus Blast|p1a: Reuniclus
|-resisted|p1a: Reuniclus
|-damage|p1a: Reuniclus|81/100
|
|-weather|Sandstorm|[upkeep]
|-heal|p1a: Reuniclus|87/100|[from] item: Leftovers
|upkeep
|turn|9
|
|t:|1707781108
|switch|p2a: Bronzong|Bronzong, shiny|100/100
|-damage|p2a: Bronzong|94/100|[from] Stealth Rock
|move|p1a: Reuniclus|Calm Mind|p1a: Reuniclus
|-boost|p1a: Reuniclus|spa|1
|-boost|p1a: Reuniclus|spd|1
|
|-weather|Sandstorm|[upkeep]
|-heal|p1a: Reuniclus|93/100|[from] item: Leftovers
|-heal|p2a: Bronzong|100/100|[from] item: Leftovers
|upkeep
|turn|10
|
|t:|1707781115
|move|p1a: Reuniclus|Focus Blast|p2a: Bronzong
|-damage|p2a: Bronzong|64/100
|move|p2a: Bronzong|Toxic|p1a: Reuniclus
|-status|p1a: Reuniclus|tox
|
|-weather|Sandstorm|[upkeep]
|-heal|p1a: Reuniclus|99/100 tox|[from] item: Leftovers
|-heal|p2a: Bronzong|70/100|[from] item: Leftovers
|upkeep
|turn|11
|
|t:|1707781121
|move|p2a: Bronzong|Protect|p2a: Bronzong
|-singleturn|p2a: Bronzong|Protect
|move|p1a: Reuniclus|Focus Blast|p2a: Bronzong
|-activate|p2a: Bronzong|move: Protect
|
|-weather|Sandstorm|[upkeep]
|-heal|p1a: Reuniclus|100/100 tox|[from] item: Leftovers
|-heal|p2a: Bronzong|76/100|[from] item: Leftovers
|upkeep
|turn|12
|
|t:|1707781124
|move|p1a: Reuniclus|Calm Mind|p1a: Reuniclus
|-boost|p1a: Reuniclus|spa|1
|-boost|p1a: Reuniclus|spd|1
|move|p2a: Bronzong|Skill Swap|p1a: Reuniclus
|-activate|p2a: Bronzong|move: Skill Swap|Magic Guard|Levitate|[of] p1a: Reuniclus
|-endability|p2a: Bronzong|Levitate|[from] move: Skill Swap
|-endability|p1a: Reuniclus|Magic Guard|[from] move: Skill Swap
|
|-weather|Sandstorm|[upkeep]
|-damage|p1a: Reuniclus|94/100 tox|[from] Sandstorm
|-heal|p1a: Reuniclus|100/100 tox|[from] item: Leftovers
|-heal|p2a: Bronzong|82/100|[from] item: Leftovers
|-damage|p1a: Reuniclus|82/100 tox|[from] psn
|upkeep
|turn|13
|
|t:|1707781129
|switch|p1a: Skarmory|Skarmory, F|69/100
|move|p2a: Bronzong|Protect||[still]
|-fail|p2a: Bronzong
|
|-weather|Sandstorm|[upkeep]
|-heal|p2a: Bronzong|89/100|[from] item: Leftovers
|upkeep
|turn|14
|
|t:|1707781134
|switch|p2a: Reuniclus|Reuniclus, M, shiny|100/100
|move|p1a: Skarmory|Whirlwind|p2a: Reuniclus
|drag|p2a: Hippowdon|Hippowdon, M, shiny|100/100
|-damage|p2a: Hippowdon|94/100|[from] Stealth Rock
|-damage|p2a: Hippowdon|69/100|[from] Spikes
|
|-weather|Sandstorm|[upkeep]
|-heal|p2a: Hippowdon|76/100|[from] item: Leftovers
|upkeep
|turn|15
|
|t:|1707781140
|switch|p2a: Latios|Latios, M, shiny|100/100
|-damage|p2a: Latios|88/100|[from] Stealth Rock
|move|p1a: Skarmory|Taunt|p2a: Latios
|-start|p2a: Latios|move: Taunt
|
|-weather|Sandstorm|[upkeep]
|-damage|p2a: Latios|82/100|[from] Sandstorm
|upkeep
|turn|16
|
|t:|1707781144
|switch|p1a: Tyranitar|Tyranitar, F|100/100
|move|p2a: Latios|Surf|p1a: Tyranitar
|-supereffective|p1a: Tyranitar
|-damage|p1a: Tyranitar|54/100
|
|-weather|Sandstorm|[upkeep]
|-damage|p2a: Latios|76/100|[from] Sandstorm
|upkeep
|turn|17
|
|t:|1707781148
|move|p1a: Tyranitar|Crunch|p2a: Latios
|-supereffective|p2a: Latios
|-enditem|p2a: Latios|Colbur Berry|[eat]
|-enditem|p2a: Latios|Colbur Berry|[weaken]
|-damage|p2a: Latios|21/100
|-unboost|p2a: Latios|def|1
|move|p2a: Latios|Surf|p1a: Tyranitar
|-supereffective|p1a: Tyranitar
|-damage|p1a: Tyranitar|11/100
|
|-weather|Sandstorm|[upkeep]
|-damage|p2a: Latios|15/100|[from] Sandstorm
|-end|p2a: Latios|move: Taunt
|upkeep
|turn|18
|
|t:|1707781151
|move|p1a: Tyranitar|Crunch|p2a: Latios
|-supereffective|p2a: Latios
|-damage|p2a: Latios|0 fnt
|faint|p2a: Latios
|
|-weather|Sandstorm|[upkeep]
|upkeep
|c|☆leoperi99|oh yea lol
|c|☆leoperi99|i forgot is scarf
|
|t:|1707781162
|switch|p2a: Hippowdon|Hippowdon, M, shiny|76/100
|-damage|p2a: Hippowdon|69/100|[from] Stealth Rock
|-damage|p2a: Hippowdon|45/100|[from] Spikes
|turn|19
|
|t:|1707781166
|switch|p1a: Skarmory|Skarmory, F|69/100
|move|p2a: Hippowdon|Stealth Rock|p1a: Skarmory
|-sidestart|p1: scanners|move: Stealth Rock
|
|-weather|Sandstorm|[upkeep]
|-heal|p2a: Hippowdon|51/100|[from] item: Leftovers
|upkeep
|turn|20
|
|t:|1707781168
|move|p1a: Skarmory|Taunt|p2a: Hippowdon
|-start|p2a: Hippowdon|move: Taunt
|cant|p2a: Hippowdon|move: Taunt|Slack Off
|
|-weather|Sandstorm|[upkeep]
|-heal|p2a: Hippowdon|57/100|[from] item: Leftovers
|upkeep
|turn|21
|
|t:|1707781172
|move|p2a: Hippowdon|Earthquake|p1a: Skarmory
|-immune|p1a: Skarmory
|move|p1a: Skarmory|Whirlwind|p2a: Hippowdon
|drag|p2a: Bronzong|Bronzong, shiny|89/100
|-damage|p2a: Bronzong|82/100|[from] Stealth Rock
|
|-weather|Sandstorm|[upkeep]
|-heal|p2a: Bronzong|89/100|[from] item: Leftovers
|upkeep
|turn|22
|
|t:|1707781179
|move|p2a: Bronzong|Gyro Ball|p1a: Skarmory
|-resisted|p1a: Skarmory
|-damage|p1a: Skarmory|56/100
|move|p1a: Skarmory|Whirlwind|p2a: Bronzong
|drag|p2a: Clefable|Clefable, M, shiny|100/100
|
|-weather|Sandstorm|[upkeep]
|upkeep
|turn|23
|
|t:|1707781183
|move|p2a: Clefable|Seismic Toss|p1a: Skarmory
|-damage|p1a: Skarmory|27/100
|move|p1a: Skarmory|Whirlwind|p2a: Clefable
|drag|p2a: Reuniclus|Reuniclus, M, shiny|100/100
|
|-weather|Sandstorm|[upkeep]
|upkeep
|turn|24
|
|t:|1707781189
|move|p2a: Reuniclus|Focus Blast|p1a: Skarmory
|-damage|p1a: Skarmory|0 fnt
|faint|p1a: Skarmory
|
|-weather|Sandstorm|[upkeep]
|upkeep
|
|t:|1707781192
|switch|p1a: Mamoswine|Mamoswine, M|100/100
|-damage|p1a: Mamoswine|88/100|[from] Stealth Rock
|turn|25
|
|t:|1707781195
|switch|p2a: Bronzong|Bronzong, shiny|89/100
|-damage|p2a: Bronzong|82/100|[from] Stealth Rock
|move|p1a: Mamoswine|Icicle Crash|p2a: Bronzong|[miss]
|-miss|p1a: Mamoswine|p2a: Bronzong
|
|-weather|Sandstorm|[upkeep]
|-heal|p2a: Bronzong|89/100|[from] item: Leftovers
|upkeep
|turn|26
|
|t:|1707781198
|switch|p1a: Tyranitar|Tyranitar, F|11/100
|-damage|p1a: Tyranitar|0 fnt|[from] Stealth Rock
|faint|p1a: Tyranitar
|move|p2a: Bronzong|Gyro Ball|p1: Tyranitar|[notarget]
|-fail|p2a: Bronzong
|
|-weather|Sandstorm|[upkeep]
|-heal|p2a: Bronzong|95/100|[from] item: Leftovers
|upkeep
|
|t:|1707781203
|switch|p1a: Jellicent|Jellicent, M|100/100
|-damage|p1a: Jellicent|88/100|[from] Stealth Rock
|-item|p1a: Jellicent|Air Balloon
|turn|27
|
|t:|1707781205
|move|p1a: Jellicent|Scald|p2a: Bronzong
|-damage|p2a: Bronzong|77/100
|-status|p2a: Bronzong|brn
|move|p2a: Bronzong|Toxic|p1a: Jellicent
|-status|p1a: Jellicent|tox
|
|-weather|Sandstorm|[upkeep]
|-damage|p1a: Jellicent|82/100 tox|[from] Sandstorm
|-heal|p2a: Bronzong|83/100 brn|[from] item: Leftovers
|-damage|p1a: Jellicent|76/100 tox|[from] psn
|-damage|p2a: Bronzong|71/100 brn|[from] brn
|upkeep
|turn|28
|
|t:|1707781216
|switch|p1a: Mamoswine|Mamoswine, M|88/100
|-damage|p1a: Mamoswine|76/100|[from] Stealth Rock
|switch|p2a: Reuniclus|Reuniclus, M, shiny|100/100
|
|-weather|Sandstorm|[upkeep]
|upkeep
|turn|29
|
|t:|1707781223
|switch|p2a: Skarmory|Skarmory, F, shiny|100/100
|-damage|p2a: Skarmory|88/100|[from] Stealth Rock
|move|p1a: Mamoswine|Substitute|p1a: Mamoswine
|-start|p1a: Mamoswine|Substitute
|-damage|p1a: Mamoswine|51/100
|
|-weather|Sandstorm|[upkeep]
|upkeep
|turn|30
|
|t:|1707781226
|move|p1a: Mamoswine|Icicle Crash|p2a: Skarmory
|-damage|p2a: Skarmory|54/100
|move|p2a: Skarmory|Roost|p2a: Skarmory
|-heal|p2a: Skarmory|100/100
|-singleturn|p2a: Skarmory|move: Roost
|
|-weather|Sandstorm|[upkeep]
|upkeep
|turn|31
|
|t:|1707781230
|move|p1a: Mamoswine|Icicle Crash|p2a: Skarmory
|-damage|p2a: Skarmory|68/100
|cant|p2a: Skarmory|flinch
|
|-weather|Sandstorm|[upkeep]
|upkeep
|turn|32
|
|t:|1707781233
|move|p1a: Mamoswine|Icicle Crash|p2a: Skarmory
|-damage|p2a: Skarmory|35/100
|move|p2a: Skarmory|Roost|p2a: Skarmory
|-heal|p2a: Skarmory|85/100
|-singleturn|p2a: Skarmory|move: Roost
|
|-weather|Sandstorm|[upkeep]
|upkeep
|turn|33
|
|t:|1707781236
|move|p1a: Mamoswine|Icicle Crash|p2a: Skarmory
|-damage|p2a: Skarmory|53/100
|move|p2a: Skarmory|Roost|p2a: Skarmory
|-heal|p2a: Skarmory|100/100
|-singleturn|p2a: Skarmory|move: Roost
|
|-weather|Sandstorm|[upkeep]
|upkeep
|turn|34
|
|t:|1707781239
|move|p1a: Mamoswine|Icicle Crash|p2a: Skarmory
|-damage|p2a: Skarmory|64/100
|move|p2a: Skarmory|Spikes|p1a: Mamoswine
|-sidestart|p1: scanners|Spikes
|
|-weather|Sandstorm|[upkeep]
|upkeep
|turn|35
|
|t:|1707781242
|move|p1a: Mamoswine|Icicle Crash|p2a: Skarmory
|-damage|p2a: Skarmory|31/100
|move|p2a: Skarmory|Roost|p2a: Skarmory
|-heal|p2a: Skarmory|81/100
|-singleturn|p2a: Skarmory|move: Roost
|
|-weather|Sandstorm|[upkeep]
|upkeep
|turn|36
|
|t:|1707781244
|move|p1a: Mamoswine|Icicle Crash|p2a: Skarmory
|-damage|p2a: Skarmory|46/100
|move|p2a: Skarmory|Roost|p2a: Skarmory
|-heal|p2a: Skarmory|96/100
|-singleturn|p2a: Skarmory|move: Roost
|
|-weather|Sandstorm|[upkeep]
|upkeep
|turn|37
|
|t:|1707781248
|move|p1a: Mamoswine|Icicle Crash|p2a: Skarmory
|-crit|p2a: Skarmory
|-damage|p2a: Skarmory|24/100
|move|p2a: Skarmory|Whirlwind|p1a: Mamoswine
|drag|p1a: Reuniclus|Reuniclus, F|82/100 tox
|
|-weather|Sandstorm|[upkeep]
|-heal|p1a: Reuniclus|88/100 tox|[from] item: Leftovers
|upkeep
|turn|38
|
|t:|1707781253
|move|p2a: Skarmory|Roost|p2a: Skarmory
|-heal|p2a: Skarmory|74/100
|-singleturn|p2a: Skarmory|move: Roost
|move|p1a: Reuniclus|Focus Blast|p2a: Skarmory|[miss]
|-miss|p1a: Reuniclus|p2a: Skarmory
|
|-weather|Sandstorm|[upkeep]
|-heal|p1a: Reuniclus|94/100 tox|[from] item: Leftovers
|upkeep
|turn|39
|c|☆leoperi99|ouch
|
|t:|1707781259
|switch|p2a: Reuniclus|Reuniclus, M, shiny|100/100
|move|p1a: Reuniclus|Focus Blast|p2a: Reuniclus
|-resisted|p2a: Reuniclus
|-damage|p2a: Reuniclus|84/100
|
|-weather|Sandstorm|[upkeep]
|-heal|p1a: Reuniclus|100/100 tox|[from] item: Leftovers
|upkeep
|turn|40
|
|t:|1707781261
|move|p1a: Reuniclus|Calm Mind|p1a: Reuniclus
|-boost|p1a: Reuniclus|spa|1
|-boost|p1a: Reuniclus|spd|1
|move|p2a: Reuniclus|Calm Mind|p2a: Reuniclus
|-boost|p2a: Reuniclus|spa|1
|-boost|p2a: Reuniclus|spd|1
|
|-weather|Sandstorm|[upkeep]
|upkeep
|turn|41
|
|t:|1707781263
|move|p2a: Reuniclus|Recover|p2a: Reuniclus
|-heal|p2a: Reuniclus|100/100
|move|p1a: Reuniclus|Calm Mind|p1a: Reuniclus
|-boost|p1a: Reuniclus|spa|1
|-boost|p1a: Reuniclus|spd|1
|
|-weather|Sandstorm|[upkeep]
|upkeep
|turn|42
|
|t:|1707781266
|move|p1a: Reuniclus|Calm Mind|p1a: Reuniclus
|-boost|p1a: Reuniclus|spa|1
|-boost|p1a: Reuniclus|spd|1
|move|p2a: Reuniclus|Calm Mind|p2a: Reuniclus
|-boost|p2a: Reuniclus|spa|1
|-boost|p2a: Reuniclus|spd|1
|
|-weather|Sandstorm|[upkeep]
|upkeep
|turn|43
|
|t:|1707781267
|move|p1a: Reuniclus|Calm Mind|p1a: Reuniclus
|-boost|p1a: Reuniclus|spa|1
|-boost|p1a: Reuniclus|spd|1
|move|p2a: Reuniclus|Calm Mind|p2a: Reuniclus
|-boost|p2a: Reuniclus|spa|1
|-boost|p2a: Reuniclus|spd|1
|
|-weather|Sandstorm|[upkeep]
|upkeep
|turn|44
|
|t:|1707781268
|move|p1a: Reuniclus|Calm Mind|p1a: Reuniclus
|-boost|p1a: Reuniclus|spa|1
|-boost|p1a: Reuniclus|spd|1
|move|p2a: Reuniclus|Calm Mind|p2a: Reuniclus
|-boost|p2a: Reuniclus|spa|1
|-boost|p2a: Reuniclus|spd|1
|
|-weather|Sandstorm|[upkeep]
|upkeep
|turn|45
|
|t:|1707781270
|move|p2a: Reuniclus|Calm Mind|p2a: Reuniclus
|-boost|p2a: Reuniclus|spa|1
|-boost|p2a: Reuniclus|spd|1
|move|p1a: Reuniclus|Calm Mind|p1a: Reuniclus
|-boost|p1a: Reuniclus|spa|1
|-boost|p1a: Reuniclus|spd|1
|
|-weather|Sandstorm|[upkeep]
|upkeep
|turn|46
|
|t:|1707781273
|move|p1a: Reuniclus|Psyshock|p2a: Reuniclus
|-resisted|p2a: Reuniclus
|-damage|p2a: Reuniclus|58/100
|move|p2a: Reuniclus|Calm Mind|p2a: Reuniclus
|-boost|p2a: Reuniclus|spa|1
|-boost|p2a: Reuniclus|spd|1
|
|-weather|Sandstorm|[upkeep]
|upkeep
|turn|47
|
|t:|1707781275
|move|p2a: Reuniclus|Psyshock|p1a: Reuniclus
|-resisted|p1a: Reuniclus
|-damage|p1a: Reuniclus|38/100 tox
|move|p1a: Reuniclus|Psyshock|p2a: Reuniclus
|-resisted|p2a: Reuniclus
|-damage|p2a: Reuniclus|9/100
|
|-weather|Sandstorm|[upkeep]
|-heal|p1a: Reuniclus|44/100 tox|[from] item: Leftovers
|upkeep
|turn|48
|
|t:|1707781278
|move|p1a: Reuniclus|Psyshock|p2a: Reuniclus
|-resisted|p2a: Reuniclus
|-damage|p2a: Reuniclus|0 fnt
|faint|p2a: Reuniclus
|
|-weather|Sandstorm|[upkeep]
|-heal|p1a: Reuniclus|50/100 tox|[from] item: Leftovers
|upkeep
|
|t:|1707781283
|switch|p2a: Hippowdon|Hippowdon, M, shiny|57/100
|-damage|p2a: Hippowdon|51/100|[from] Stealth Rock
|-damage|p2a: Hippowdon|26/100|[from] Spikes
|turn|49
|
|t:|1707781285
|move|p1a: Reuniclus|Psyshock|p2a: Hippowdon
|-damage|p2a: Hippowdon|0 fnt
|faint|p2a: Hippowdon
|
|-weather|Sandstorm|[upkeep]
|-heal|p1a: Reuniclus|56/100 tox|[from] item: Leftovers
|upkeep
|j| eeezeee
|
|t:|1707781287
|switch|p2a: Clefable|Clefable, M, shiny|100/100
|turn|50
|
|t:|1707781289
|move|p2a: Clefable|Knock Off|p1a: Reuniclus
|-supereffective|p1a: Reuniclus
|-damage|p1a: Reuniclus|51/100 tox
|-enditem|p1a: Reuniclus|Leftovers|[from] move: Knock Off|[of] p2a: Clefable
|move|p1a: Reuniclus|Psyshock|p2a: Clefable
|-damage|p2a: Clefable|0 fnt
|faint|p2a: Clefable
|
|-weather|Sandstorm|[upkeep]
|upkeep
|
|t:|1707781293
|switch|p2a: Skarmory|Skarmory, F, shiny|74/100
|-damage|p2a: Skarmory|62/100|[from] Stealth Rock
|turn|51
|
|t:|1707781298
|move|p2a: Skarmory|Brave Bird|p1a: Reuniclus
|-damage|p1a: Reuniclus|26/100 tox
|-damage|p2a: Skarmory|52/100|[from] Recoil
|move|p1a: Reuniclus|Psyshock|p2a: Skarmory
|-resisted|p2a: Skarmory
|-damage|p2a: Skarmory|13/100
|
|-weather|Sandstorm|[upkeep]
|upkeep
|turn|52
|
|t:|1707781303
|move|p1a: Reuniclus|Psyshock|p2a: Skarmory
|-resisted|p2a: Skarmory
|-damage|p2a: Skarmory|0 fnt
|faint|p2a: Skarmory
|
|-weather|Sandstorm|[upkeep]
|upkeep
|-message|leoperi99 forfeited.
|
|win|scanners
|raw|scanners's rating: 1502 &rarr; <strong>1520</strong><br />(+18 for winning)
|raw|leoperi99's rating: 1474 &rarr; <strong>1456</strong><br />(-18 for losing)
|c|☆scanners|gg
|l|☆scanners
|player|p1|
