|j|☆Basstard
|j|☆Fabianosizour
|player|p1|Basstard|ethan|1373
|player|p2|Fabianosizour|red|1322
|teamsize|p1|6
|teamsize|p2|6
|gametype|singles
|gen|5
|tier|[Gen 5] OU
|rated|
|clearpoke
|poke|p1|Excadrill, M|item
|poke|p1|Scizor, F|item
|poke|p1|Gyarados, F|item
|poke|p1|Latios, M|item
|poke|p1|Breloom, M|item
|poke|p1|Alakazam, M|item
|poke|p2|Tyranitar, M|item
|poke|p2|Scizor, M|item
|poke|p2|Tentacruel, M|item
|poke|p2|Hippowdon, M|item
|poke|p2|Ferrothorn, M|item
|poke|p2|Latias, F|item
|rule|Species Clause: Limit one of each Pokémon
|rule|OHKO Clause: OHKO moves are banned
|rule|Moody Clause: Moody is banned
|rule|Evasion Moves Clause: Evasion moves are banned
|rule|Endless Battle Clause: Forcing endless battles is banned
|rule|HP Percentage Mod: HP is shown in percentages
|rule|Evasion Abilities Clause: Evasion abilities are banned
|rule|Baton Pass Clause: Limit one Baton Passer, can't pass Spe and other stats simultaneously
|rule|Sleep Clause: Sleep-inducing moves are banned
|rule|Swagger Clause: Swagger is banned
|teampreview
|c|☆Basstard|you again
|c|☆Basstard|how are you
|
|start
|switch|p1a: Breloom|Breloom, M|100/100
|switch|p2a: Flat Earth|Hippowdon, M, shiny|100/100
|-weather|Sandstorm|[from] ability: Sand Stream|[of] p2a: Flat Earth
|turn|1
|
|move|p1a: Breloom|Bullet Seed|p2a: Flat Earth
|-supereffective|p2a: Flat Earth
|-damage|p2a: Flat Earth|85/100
|-supereffective|p2a: Flat Earth
|-damage|p2a: Flat Earth|70/100
|-supereffective|p2a: Flat Earth
|-damage|p2a: Flat Earth|56/100
|-supereffective|p2a: Flat Earth
|-damage|p2a: Flat Earth|39/100
|-supereffective|p2a: Flat Earth
|-damage|p2a: Flat Earth|25/100
|-hitcount|p2a: Flat Earth|5
|move|p2a: Flat Earth|Stealth Rock|p1a: Breloom
|-sidestart|p1: Basstard|move: Stealth Rock
|
|-weather|Sandstorm|[upkeep]
|-damage|p1a: Breloom|94/100|[from] Sandstorm
|-status|p1a: Breloom|tox|[from] item: Toxic Orb
|upkeep
|turn|2
|
|switch|p2a: Firmament|Latias, F|100/100
|move|p1a: Breloom|Substitute|p1a: Breloom
|-start|p1a: Breloom|Substitute
|-damage|p1a: Breloom|69/100 tox
|
|-weather|Sandstorm|[upkeep]
|-damage|p2a: Firmament|94/100|[from] Sandstorm
|-damage|p1a: Breloom|63/100 tox|[from] Sandstorm
|-heal|p1a: Breloom|76/100 tox|[from] ability: Poison Heal
|upkeep
|turn|3
|
|-singleturn|p1a: Breloom|move: Focus Punch
|move|p2a: Firmament|Psychic|p1a: Breloom
|-supereffective|p1a: Breloom
|-crit|p1a: Breloom
|-end|p1a: Breloom|Substitute
|move|p1a: Breloom|Focus Punch|p2a: Firmament
|-resisted|p2a: Firmament
|-damage|p2a: Firmament|54/100
|
|-weather|Sandstorm|[upkeep]
|-damage|p2a: Firmament|48/100|[from] Sandstorm
|-damage|p1a: Breloom|70/100 tox|[from] Sandstorm
|-heal|p1a: Breloom|82/100 tox|[from] ability: Poison Heal
|upkeep
|turn|4
|
|switch|p1a: Scizor|Scizor, F|100/100
|-damage|p1a: Scizor|88/100|[from] Stealth Rock
|move|p2a: Firmament|Roost|p2a: Firmament
|-heal|p2a: Firmament|98/100
|-singleturn|p2a: Firmament|move: Roost
|
|-weather|Sandstorm|[upkeep]
|-damage|p2a: Firmament|92/100|[from] Sandstorm
|upkeep
|turn|5
|
|move|p2a: Firmament|Hidden Power|p1a: Scizor
|-supereffective|p1a: Scizor
|-damage|p1a: Scizor|12/100
|move|p1a: Scizor|Knock Off|p2a: Firmament
|-supereffective|p2a: Firmament
|-enditem|p2a: Firmament|Colbur Berry|[eat]
|-enditem|p2a: Firmament|Colbur Berry|[weaken]
|-damage|p2a: Firmament|76/100
|
|-weather|Sandstorm|[upkeep]
|-damage|p2a: Firmament|70/100|[from] Sandstorm
|upkeep
|turn|6
|
|move|p2a: Firmament|Draco Meteor|p1a: Scizor
|-resisted|p1a: Scizor
|-damage|p1a: Scizor|0 fnt
|-unboost|p2a: Firmament|spa|2
|faint|p1a: Scizor
|
|-weather|Sandstorm|[upkeep]
|-damage|p2a: Firmament|64/100|[from] Sandstorm
|upkeep
|j| Stranger717
|
|switch|p1a: Excadrill|Excadrill, M|100/100
|-damage|p1a: Excadrill|97/100|[from] Stealth Rock
|-ability|p1a: Excadrill|Mold Breaker
|turn|7
|
|switch|p2a: Tree of Life|Ferrothorn, M|100/100
|move|p1a: Excadrill|Rapid Spin|p2a: Tree of Life
|-resisted|p2a: Tree of Life
|-damage|p2a: Tree of Life|98/100
|-damage|p1a: Excadrill|85/100|[from] ability: Iron Barbs|[of] p2a: Tree of Life
|-sideend|p1: Basstard|Stealth Rock|[from] move: Rapid Spin|[of] p1a: Excadrill
|
|-weather|Sandstorm|[upkeep]
|-heal|p1a: Excadrill|91/100|[from] item: Leftovers
|-heal|p2a: Tree of Life|100/100|[from] item: Leftovers
|upkeep
|turn|8
|
|switch|p1a: Breloom|Breloom, M|82/100 tox
|move|p2a: Tree of Life|Spikes|p1a: Breloom
|-sidestart|p1: Basstard|Spikes
|
|-weather|Sandstorm|[upkeep]
|-damage|p1a: Breloom|76/100 tox|[from] Sandstorm
|-heal|p1a: Breloom|89/100 tox|[from] ability: Poison Heal
|upkeep
|turn|9
|
|-singleturn|p1a: Breloom|move: Focus Punch
|switch|p2a: Water of Flood|Tentacruel, M, shiny|100/100
|move|p1a: Breloom|Focus Punch|p2a: Water of Flood
|-resisted|p2a: Water of Flood
|-damage|p2a: Water of Flood|54/100
|
|-weather|Sandstorm|[upkeep]
|-damage|p2a: Water of Flood|48/100|[from] Sandstorm
|-damage|p1a: Breloom|83/100 tox|[from] Sandstorm
|-heal|p2a: Water of Flood|54/100|[from] item: Black Sludge
|-heal|p1a: Breloom|95/100 tox|[from] ability: Poison Heal
|upkeep
|turn|10
|
|move|p2a: Water of Flood|Sludge Bomb|p1a: Breloom
|-supereffective|p1a: Breloom
|-damage|p1a: Breloom|4/100 tox
|move|p1a: Breloom|Substitute|p1a: Breloom
|-fail|p1a: Breloom|move: Substitute|[weak]
|
|-weather|Sandstorm|[upkeep]
|-damage|p2a: Water of Flood|48/100|[from] Sandstorm
|-damage|p1a: Breloom|0 fnt|[from] Sandstorm
|faint|p1a: Breloom
|-heal|p2a: Water of Flood|54/100|[from] item: Black Sludge
|upkeep
|
|switch|p1a: Gyarados|Gyarados, F|100/100
|-ability|p1a: Gyarados|Intimidate|boost
|-unboost|p2a: Water of Flood|atk|1
|turn|11
|
|switch|p1a: Latios|Latios, M|100/100
|move|p2a: Water of Flood|Haze|p2a: Water of Flood
|-clearallboost
|
|-weather|Sandstorm|[upkeep]
|-damage|p1a: Latios|95/100|[from] Sandstorm
|-damage|p2a: Water of Flood|48/100|[from] Sandstorm
|-heal|p2a: Water of Flood|54/100|[from] item: Black Sludge
|upkeep
|turn|12
|
|switch|p2a: Tree of Life|Ferrothorn, M|100/100
|move|p1a: Latios|Hidden Power|p2a: Tree of Life
|-supereffective|p2a: Tree of Life
|-damage|p2a: Tree of Life|20/100
|-damage|p1a: Latios|85/100|[from] item: Life Orb
|
|-weather|Sandstorm|[upkeep]
|-damage|p1a: Latios|79/100|[from] Sandstorm
|-heal|p2a: Tree of Life|26/100|[from] item: Leftovers
|upkeep
|turn|13
|
|move|p1a: Latios|Draco Meteor|p2a: Tree of Life
|-resisted|p2a: Tree of Life
|-damage|p2a: Tree of Life|0 fnt
|-unboost|p1a: Latios|spa|2
|-damage|p1a: Latios|69/100|[from] item: Life Orb
|faint|p2a: Tree of Life
|
|-weather|Sandstorm|[upkeep]
|-damage|p1a: Latios|63/100|[from] Sandstorm
|upkeep
|
|switch|p2a: Silicon Dust|Tyranitar, M|100/100
|turn|14
|
|switch|p1a: Excadrill|Excadrill, M|91/100
|-damage|p1a: Excadrill|79/100|[from] Spikes
|-ability|p1a: Excadrill|Mold Breaker
|move|p2a: Silicon Dust|Dragon Dance|p2a: Silicon Dust
|-boost|p2a: Silicon Dust|atk|1
|-boost|p2a: Silicon Dust|spe|1
|
|-weather|Sandstorm|[upkeep]
|-heal|p1a: Excadrill|85/100|[from] item: Leftovers
|upkeep
|turn|15
|
|move|p2a: Silicon Dust|Earthquake|p1a: Excadrill
|-supereffective|p1a: Excadrill
|-damage|p1a: Excadrill|0 fnt
|-damage|p2a: Silicon Dust|91/100|[from] item: Life Orb
|faint|p1a: Excadrill
|
|-weather|Sandstorm|[upkeep]
|upkeep
|
|switch|p1a: Gyarados|Gyarados, F|100/100
|-ability|p1a: Gyarados|Intimidate|boost
|-unboost|p2a: Silicon Dust|atk|1
|turn|16
|
|move|p2a: Silicon Dust|Crunch|p1a: Gyarados
|-damage|p1a: Gyarados|35/100
|-unboost|p1a: Gyarados|def|1
|-damage|p2a: Silicon Dust|81/100|[from] item: Life Orb
|move|p1a: Gyarados|Dragon Dance|p1a: Gyarados
|-boost|p1a: Gyarados|atk|1
|-boost|p1a: Gyarados|spe|1
|
|-weather|Sandstorm|[upkeep]
|-damage|p1a: Gyarados|29/100|[from] Sandstorm
|-heal|p1a: Gyarados|35/100|[from] item: Leftovers
|upkeep
|turn|17
|inactive|Battle timer is ON: inactive players will automatically lose when time's up. (requested by Basstard)
|
|switch|p2a: Flat Earth|Hippowdon, M, shiny|25/100
|move|p1a: Gyarados|Waterfall|p2a: Flat Earth
|-supereffective|p2a: Flat Earth
|-damage|p2a: Flat Earth|0 fnt
|-damage|p1a: Gyarados|18/100|[from] item: Rocky Helmet|[of] p2a: Flat Earth
|faint|p2a: Flat Earth
|
|-weather|Sandstorm|[upkeep]
|-damage|p1a: Gyarados|12/100|[from] Sandstorm
|-heal|p1a: Gyarados|18/100|[from] item: Leftovers
|upkeep
|
|switch|p2a: Tree of Silicon|Scizor, M|100/100
|turn|18
|
|move|p2a: Tree of Silicon|Bullet Punch|p1a: Gyarados
|-resisted|p1a: Gyarados
|-damage|p1a: Gyarados|0 fnt
|faint|p1a: Gyarados
|
|-weather|Sandstorm|[upkeep]
|upkeep
|
|switch|p1a: Latios|Latios, M|63/100
|turn|19
|
|switch|p2a: Water of Flood|Tentacruel, M, shiny|54/100
|move|p1a: Latios|Hidden Power|p2a: Water of Flood
|-resisted|p2a: Water of Flood
|-damage|p2a: Water of Flood|43/100
|-damage|p1a: Latios|53/100|[from] item: Life Orb
|
|-weather|Sandstorm|[upkeep]
|-damage|p1a: Latios|47/100|[from] Sandstorm
|-damage|p2a: Water of Flood|37/100|[from] Sandstorm
|-heal|p2a: Water of Flood|43/100|[from] item: Black Sludge
|upkeep
|turn|20
|
|move|p1a: Latios|Draco Meteor|p2a: Water of Flood
|-damage|p2a: Water of Flood|0 fnt
|-unboost|p1a: Latios|spa|2
|-damage|p1a: Latios|37/100|[from] item: Life Orb
|faint|p2a: Water of Flood
|
|-weather|Sandstorm|[upkeep]
|-damage|p1a: Latios|31/100|[from] Sandstorm
|upkeep
|
|switch|p2a: Silicon Dust|Tyranitar, M|81/100
|turn|21
|
|move|p1a: Latios|Draco Meteor|p2a: Silicon Dust
|-damage|p2a: Silicon Dust|46/100
|-unboost|p1a: Latios|spa|2
|-damage|p1a: Latios|21/100|[from] item: Life Orb
|move|p2a: Silicon Dust|Crunch|p1a: Latios
|-supereffective|p1a: Latios
|-damage|p1a: Latios|0 fnt
|-damage|p2a: Silicon Dust|36/100|[from] item: Life Orb
|faint|p1a: Latios
|
|-weather|Sandstorm|[upkeep]
|upkeep
|
|switch|p1a: Alakazam|Alakazam, M|100/100
|turn|22
|
|move|p1a: Alakazam|Focus Blast|p2a: Silicon Dust
|-supereffective|p2a: Silicon Dust
|-damage|p2a: Silicon Dust|0 fnt
|faint|p2a: Silicon Dust
|
|-weather|Sandstorm|[upkeep]
|upkeep
|
|switch|p2a: Firmament|Latias, F|64/100
|turn|23
|
|move|p1a: Alakazam|Hidden Power|p2a: Firmament
|-supereffective|p2a: Firmament
|-damage|p2a: Firmament|33/100
|move|p2a: Firmament|Draco Meteor|p1a: Alakazam
|-damage|p1a: Alakazam|14/100
|-unboost|p2a: Firmament|spa|2
|
|-weather|Sandstorm|[upkeep]
|-damage|p2a: Firmament|27/100|[from] Sandstorm
|upkeep
|turn|24
|c|☆Basstard|gg
|
|move|p1a: Alakazam|Hidden Power|p2a: Firmament
|-supereffective|p2a: Firmament
|-damage|p2a: Firmament|0 fnt
|faint|p2a: Firmament
|
|-weather|Sandstorm|[upkeep]
|upkeep
|
|switch|p2a: Tree of Silicon|Scizor, M|100/100
|turn|25
|
|move|p2a: Tree of Silicon|Bullet Punch|p1a: Alakazam
|-damage|p1a: Alakazam|0 fnt
|faint|p1a: Alakazam
|
|win|Fabianosizour
|c|☆Basstard|luv u
|raw|Basstard's rating: 1374 &rarr; <strong>1351</strong><br />(-23 for losing)
|raw|Fabianosizour's rating: 1322 &rarr; <strong>1345</strong><br />(+23 for winning)
