|j|☆Xalvadore
|j|☆Chamalcan
|t:|1742487275
|gametype|singles
|player|p1|Xalvadore|266|1313
|player|p2|Chamalcan|fisherman-gen4|1332
|teamsize|p1|6
|teamsize|p2|6
|gen|5
|tier|[Gen 5] OU
|rated|
|rule|Species Clause: Limit one of each Pokémon
|rule|OHKO Clause: OHKO moves are banned
|rule|Moody Clause: Moody is banned
|rule|Evasion Items Clause: Evasion items are banned
|rule|Evasion Moves Clause: Evasion moves are banned
|rule|Endless Battle Clause: Forcing endless battles is banned
|rule|HP Percentage Mod: HP is shown in percentages
|rule|Evasion Abilities Clause: Evasion abilities are banned
|rule|Sleep Moves Clause: Sleep-inducing moves are banned
|rule|Swagger Clause: Swagger is banned
|rule|Baton Pass Stat Clause: No Baton Passer may have a way to boost its stats
|clearpoke
|poke|p1|Alakazam, M|item
|poke|p1|Skarmory, F|item
|poke|p1|Tyranitar, F|item
|poke|p1|Mamoswine, M|item
|poke|p1|Jellicent, M|item
|poke|p1|Excadrill, F|item
|poke|p2|Garchomp, M|item
|poke|p2|Magnezone|item
|poke|p2|Dragonite, M|item
|poke|p2|Latios, M|item
|poke|p2|Keldeo|item
|poke|p2|Jirachi|item
|teampreview
|inactive|Battle timer is ON: inactive players will automatically lose when time's up. (requested by Chamalcan)
|
|t:|1742487290
|start
|switch|p1a: Skarmory|Skarmory, F|100/100
|switch|p2a: Jirachi|Jirachi|100/100
|turn|1
|
|t:|1742487294
|move|p2a: Jirachi|Thunder|p1a: Skarmory
|-supereffective|p1a: Skarmory
|-ability|p1a: Skarmory|Sturdy
|-damage|p1a: Skarmory|1/100
|move|p1a: Skarmory|Stealth Rock|p2a: Jirachi
|-sidestart|p2: Chamalcan|move: Stealth Rock
|
|upkeep
|turn|2
|-enditem|p1a: Skarmory|Custap Berry|[eat]
|-activate|p1a: Skarmory|item: Custap Berry|[consumed]
|
|t:|1742487302
|move|p1a: Skarmory|Spikes|p2a: Jirachi
|-sidestart|p2: Chamalcan|Spikes
|move|p2a: Jirachi|Icy Wind|p1a: Skarmory
|-damage|p1a: Skarmory|0 fnt
|faint|p1a: Skarmory
|
|upkeep
|
|t:|1742487307
|switch|p1a: Excadrill|Excadrill, F|100/100
|turn|3
|
|t:|1742487312
|move|p1a: Excadrill|Earthquake|p2a: Jirachi
|-supereffective|p2a: Jirachi
|-enditem|p2a: Jirachi|Shuca Berry|[eat]
|-enditem|p2a: Jirachi|Shuca Berry|[weaken]
|-damage|p2a: Jirachi|47/100
|move|p2a: Jirachi|Icy Wind|p1a: Excadrill
|-damage|p1a: Excadrill|79/100
|-unboost|p1a: Excadrill|spe|1
|
|upkeep
|turn|4
|
|t:|1742487326
|switch|p2a: Dragonite|Dragonite, M|100/100
|-damage|p2a: Dragonite|76/100|[from] Stealth Rock
|switch|p1a: Mamoswine|Mamoswine, M|100/100
|
|upkeep
|turn|5
|
|t:|1742487333
|switch|p2a: Keldeo|Keldeo|100/100
|-damage|p2a: Keldeo|94/100|[from] Stealth Rock
|-damage|p2a: Keldeo|82/100|[from] Spikes
|move|p1a: Mamoswine|Ice Shard|p2a: Keldeo
|-resisted|p2a: Keldeo
|-damage|p2a: Keldeo|67/100
|
|upkeep
|turn|6
|
|t:|1742487340
|switch|p1a: Jellicent|Jellicent, M|100/100
|-item|p1a: Jellicent|Air Balloon
|move|p2a: Keldeo|Hidden Power|p1a: Jellicent
|-supereffective|p1a: Jellicent
|-damage|p1a: Jellicent|47/100
|-enditem|p1a: Jellicent|Air Balloon
|
|upkeep
|turn|7
|
|t:|1742487361
|move|p2a: Keldeo|Hidden Power|p1a: Jellicent
|-supereffective|p1a: Jellicent
|-damage|p1a: Jellicent|0 fnt
|faint|p1a: Jellicent
|
|upkeep
|
|t:|1742487362
|switch|p1a: Alakazam|Alakazam, M|100/100
|turn|8
|j| PSiLilliann
|
|t:|1742487369
|switch|p2a: Magnezone|Magnezone|100/100
|-damage|p2a: Magnezone|94/100|[from] Stealth Rock
|-damage|p2a: Magnezone|82/100|[from] Spikes
|move|p1a: Alakazam|Psychic|p2a: Magnezone
|-resisted|p2a: Magnezone
|-damage|p2a: Magnezone|52/100
|
|upkeep
|turn|9
|
|t:|1742487376
|switch|p1a: Mamoswine|Mamoswine, M|100/100
|move|p2a: Magnezone|Thunder Wave|p1a: Mamoswine
|-immune|p1a: Mamoswine
|
|upkeep
|turn|10
|
|t:|1742487384
|switch|p2a: Jirachi|Jirachi|47/100
|-damage|p2a: Jirachi|41/100|[from] Stealth Rock
|-damage|p2a: Jirachi|28/100|[from] Spikes
|move|p1a: Mamoswine|Substitute|p1a: Mamoswine
|-start|p1a: Mamoswine|Substitute
|-damage|p1a: Mamoswine|76/100
|
|upkeep
|turn|11
|
|t:|1742487391
|move|p2a: Jirachi|Psychic|p1a: Mamoswine
|-end|p1a: Mamoswine|Substitute
|move|p1a: Mamoswine|Earthquake|p2a: Jirachi
|-supereffective|p2a: Jirachi
|-damage|p2a: Jirachi|0 fnt
|faint|p2a: Jirachi
|
|upkeep
|
|t:|1742487399
|switch|p2a: Keldeo|Keldeo|67/100
|-damage|p2a: Keldeo|61/100|[from] Stealth Rock
|-damage|p2a: Keldeo|48/100|[from] Spikes
|turn|12
|
|t:|1742487411
|switch|p1a: Excadrill|Excadrill, F|79/100
|move|p2a: Keldeo|Surf|p1a: Excadrill
|-supereffective|p1a: Excadrill
|-damage|p1a: Excadrill|0 fnt
|faint|p1a: Excadrill
|
|upkeep
|
|t:|1742487415
|switch|p1a: Alakazam|Alakazam, M|100/100
|turn|13
|
|t:|1742487420
|switch|p2a: Latios|Latios, M|100/100
|-damage|p2a: Latios|88/100|[from] Stealth Rock
|move|p1a: Alakazam|Grass Knot|p2a: Latios
|-resisted|p2a: Latios
|-damage|p2a: Latios|71/100
|
|upkeep
|turn|14
|
|t:|1742487437
|switch|p2a: Garchomp|Garchomp, M|100/100
|-damage|p2a: Garchomp|94/100|[from] Stealth Rock
|-damage|p2a: Garchomp|82/100|[from] Spikes
|switch|p1a: Tyranitar|Tyranitar, F|100/100
|-weather|Sandstorm|[from] ability: Sand Stream|[of] p1a: Tyranitar
|
|-weather|Sandstorm|[upkeep]
|upkeep
|turn|15
|
|t:|1742487449
|move|p2a: Garchomp|Earthquake|p1a: Tyranitar
|-supereffective|p1a: Tyranitar
|-damage|p1a: Tyranitar|20/100
|move|p1a: Tyranitar|Crunch|p2a: Garchomp
|-damage|p2a: Garchomp|48/100
|-damage|p1a: Tyranitar|7/100|[from] ability: Rough Skin|[of] p2a: Garchomp
|
|-weather|Sandstorm|[upkeep]
|upkeep
|turn|16
|
|t:|1742487457
|move|p2a: Garchomp|Earthquake|p1a: Tyranitar
|-supereffective|p1a: Tyranitar
|-damage|p1a: Tyranitar|0 fnt
|faint|p1a: Tyranitar
|
|-weather|Sandstorm|[upkeep]
|upkeep
|
|t:|1742487460
|switch|p1a: Mamoswine|Mamoswine, M|76/100
|turn|17
|
|t:|1742487465
|move|p2a: Garchomp|Earthquake|p1a: Mamoswine
|-damage|p1a: Mamoswine|20/100
|move|p1a: Mamoswine|Substitute|p1a: Mamoswine
|-fail|p1a: Mamoswine|move: Substitute|[weak]
|
|-weather|Sandstorm|[upkeep]
|upkeep
|turn|18
|
|t:|1742487470
|move|p1a: Mamoswine|Ice Shard|p2a: Garchomp
|-supereffective|p2a: Garchomp
|-damage|p2a: Garchomp|0 fnt
|faint|p2a: Garchomp
|
|-weather|Sandstorm|[upkeep]
|upkeep
|
|t:|1742487477
|switch|p2a: Keldeo|Keldeo|48/100
|-damage|p2a: Keldeo|42/100|[from] Stealth Rock
|-damage|p2a: Keldeo|30/100|[from] Spikes
|turn|19
|
|t:|1742487481
|move|p1a: Mamoswine|Ice Shard|p2a: Keldeo
|-resisted|p2a: Keldeo
|-damage|p2a: Keldeo|13/100
|move|p2a: Keldeo|Surf|p1a: Mamoswine
|-supereffective|p1a: Mamoswine
|-damage|p1a: Mamoswine|0 fnt
|faint|p1a: Mamoswine
|
|-weather|Sandstorm|[upkeep]
|-damage|p2a: Keldeo|7/100|[from] Sandstorm
|upkeep
|
|t:|1742487484
|switch|p1a: Alakazam|Alakazam, M|100/100
|turn|20
|
|t:|1742487491
|move|p1a: Alakazam|Signal Beam|p2a: Keldeo
|-resisted|p2a: Keldeo
|-damage|p2a: Keldeo|0 fnt
|faint|p2a: Keldeo
|
|-weather|Sandstorm|[upkeep]
|upkeep
|
|t:|1742487496
|switch|p2a: Latios|Latios, M|71/100
|-damage|p2a: Latios|58/100|[from] Stealth Rock
|turn|21
|
|t:|1742487499
|move|p2a: Latios|Thunderbolt|p1a: Alakazam
|-damage|p1a: Alakazam|52/100
|-status|p1a: Alakazam|par
|cant|p1a: Alakazam|par
|
|-weather|Sandstorm|[upkeep]
|-damage|p2a: Latios|52/100|[from] Sandstorm
|upkeep
|turn|22
|
|t:|1742487506
|move|p2a: Latios|Thunderbolt|p1a: Alakazam
|-damage|p1a: Alakazam|4/100 par
|move|p1a: Alakazam|Signal Beam|p2a: Latios
|-supereffective|p2a: Latios
|-damage|p2a: Latios|0 fnt
|faint|p2a: Latios
|
|-weather|Sandstorm|[upkeep]
|upkeep
|
|t:|1742487513
|switch|p2a: Dragonite|Dragonite, M|76/100
|-damage|p2a: Dragonite|51/100|[from] Stealth Rock
|turn|23
|
|t:|1742487517
|move|p2a: Dragonite|Extreme Speed|p1a: Alakazam
|-damage|p1a: Alakazam|0 fnt
|faint|p1a: Alakazam
|
|win|Chamalcan
|raw|Xalvadore's rating: 1313 &rarr; <strong>1294</strong><br />(-19 for losing)
|raw|Chamalcan's rating: 1332 &rarr; <strong>1351</strong><br />(+19 for winning)
|c|☆Xalvadore|gg
