|j|☆WeR#4Hay!
|j|☆stonya
|t:|1702160546
|gametype|singles
|player|p1|WeR#4Hay!|2|1536
|player|p2|stonya|1|1495
|teamsize|p1|6
|teamsize|p2|6
|gen|5
|tier|[Gen 5] OU
|rated|
|rule|Species Clause: Limit one of each Pokémon
|rule|OHKO Clause: OHKO moves are banned
|rule|Moody Clause: Moody is banned
|rule|Evasion Items Clause: Evasion items are banned
|rule|Evasion Moves Clause: Evasion moves are banned
|rule|Endless Battle Clause: Forcing endless battles is banned
|rule|HP Percentage Mod: HP is shown in percentages
|rule|Evasion Abilities Clause: Evasion abilities are banned
|rule|Sleep Moves Clause: Sleep-inducing moves are banned
|rule|Swagger Clause: Swagger is banned
|rule|Baton Pass Stat Clause: No Baton Passer may have a way to boost its stats
|clearpoke
|poke|p1|Tyranitar, F|item
|poke|p1|Mienshao, M|item
|poke|p1|Garchomp, M|item
|poke|p1|Ferrothorn, M|item
|poke|p1|Latios, M|item
|poke|p1|Gliscor, M|item
|poke|p2|Tyranitar, M|item
|poke|p2|Magnezone|item
|poke|p2|Terrakion|item
|poke|p2|Latios, M|item
|poke|p2|Scizor, M|item
|poke|p2|Landorus-Therian, M|item
|teampreview
|j| Milenka
|l| Milenka
|inactive|Battle timer is ON: inactive players will automatically lose when time's up. (requested by WeR#4Hay!)
|inactive|stonya has 120 seconds left.
|inactive|stonya has 90 seconds left.
|
|t:|1702160802
|start
|switch|p1a: Adam Sandler|Gliscor, M|100/100
|switch|p2a: Bron Bron|Landorus-Therian, M|100/100
|-ability|p2a: Bron Bron|Intimidate|boost
|-unboost|p1a: Adam Sandler|atk|1
|turn|1
|
|t:|1702160810
|move|p1a: Adam Sandler|Protect|p1a: Adam Sandler
|-singleturn|p1a: Adam Sandler|Protect
|move|p2a: Bron Bron|Hidden Power|p1a: Adam Sandler
|-activate|p1a: Adam Sandler|move: Protect
|
|-status|p1a: Adam Sandler|tox|[from] item: Toxic Orb
|upkeep
|turn|2
|
|t:|1702160816
|switch|p1a: Tony Stalk|Ferrothorn, M|100/100
|move|p2a: Bron Bron|U-turn|p1a: Tony Stalk
|-damage|p1a: Tony Stalk|83/100
|-damage|p2a: Bron Bron|88/100|[from] ability: Iron Barbs|[of] p1a: Tony Stalk
|
|t:|1702160817
|switch|p2a: Ray Allen|Magnezone|100/100|[from] U-turn
|
|-heal|p1a: Tony Stalk|89/100|[from] item: Leftovers
|upkeep
|turn|3
|
|t:|1702160822
|move|p2a: Ray Allen|Substitute|p2a: Ray Allen
|-start|p2a: Ray Allen|Substitute
|-damage|p2a: Ray Allen|76/100
|move|p1a: Tony Stalk|Stealth Rock|p2a: Ray Allen
|-sidestart|p2: stonya|move: Stealth Rock
|
|-heal|p2a: Ray Allen|82/100|[from] item: Leftovers
|-heal|p1a: Tony Stalk|95/100|[from] item: Leftovers
|upkeep
|turn|4
|
|t:|1702160825
|move|p2a: Ray Allen|Charge Beam|p1a: Tony Stalk
|-resisted|p1a: Tony Stalk
|-damage|p1a: Tony Stalk|86/100
|-boost|p2a: Ray Allen|spa|1
|move|p1a: Tony Stalk|Spikes|p2a: Ray Allen
|-sidestart|p2: stonya|Spikes
|
|-heal|p2a: Ray Allen|88/100|[from] item: Leftovers
|-heal|p1a: Tony Stalk|93/100|[from] item: Leftovers
|upkeep
|turn|5
|
|t:|1702160827
|move|p2a: Ray Allen|Charge Beam|p1a: Tony Stalk
|-resisted|p1a: Tony Stalk
|-damage|p1a: Tony Stalk|79/100
|-boost|p2a: Ray Allen|spa|1
|move|p1a: Tony Stalk|Spikes|p2a: Ray Allen
|-sidestart|p2: stonya|Spikes
|
|-heal|p2a: Ray Allen|94/100|[from] item: Leftovers
|-heal|p1a: Tony Stalk|85/100|[from] item: Leftovers
|upkeep
|turn|6
|
|t:|1702160829
|move|p2a: Ray Allen|Charge Beam|p1a: Tony Stalk
|-resisted|p1a: Tony Stalk
|-damage|p1a: Tony Stalk|66/100
|-boost|p2a: Ray Allen|spa|1
|move|p1a: Tony Stalk|Spikes|p2a: Ray Allen
|-sidestart|p2: stonya|Spikes
|
|-heal|p2a: Ray Allen|99/100|[from] item: Leftovers
|-heal|p1a: Tony Stalk|72/100|[from] item: Leftovers
|upkeep
|turn|7
|
|t:|1702160832
|move|p2a: Ray Allen|Charge Beam|p1a: Tony Stalk
|-resisted|p1a: Tony Stalk
|-damage|p1a: Tony Stalk|48/100
|-boost|p2a: Ray Allen|spa|1
|move|p1a: Tony Stalk|Power Whip|p2a: Ray Allen
|-resisted|p2a: Ray Allen
|-activate|p2a: Ray Allen|Substitute|[damage]
|
|-heal|p2a: Ray Allen|100/100|[from] item: Leftovers
|-heal|p1a: Tony Stalk|54/100|[from] item: Leftovers
|upkeep
|turn|8
|
|t:|1702160835
|move|p2a: Ray Allen|Charge Beam|p1a: Tony Stalk
|-resisted|p1a: Tony Stalk
|-damage|p1a: Tony Stalk|24/100
|-boost|p2a: Ray Allen|spa|1
|move|p1a: Tony Stalk|Power Whip|p2a: Ray Allen
|-resisted|p2a: Ray Allen
|-end|p2a: Ray Allen|Substitute
|
|-heal|p1a: Tony Stalk|30/100|[from] item: Leftovers
|upkeep
|turn|9
|
|t:|1702160838
|move|p2a: Ray Allen|Substitute|p2a: Ray Allen
|-start|p2a: Ray Allen|Substitute
|-damage|p2a: Ray Allen|76/100
|move|p1a: Tony Stalk|Power Whip|p2a: Ray Allen|[miss]
|-miss|p1a: Tony Stalk|p2a: Ray Allen
|
|-heal|p2a: Ray Allen|82/100|[from] item: Leftovers
|-heal|p1a: Tony Stalk|37/100|[from] item: Leftovers
|upkeep
|turn|10
|
|t:|1702160841
|move|p2a: Ray Allen|Hidden Power|p1a: Tony Stalk
|-supereffective|p1a: Tony Stalk
|-damage|p1a: Tony Stalk|0 fnt
|faint|p1a: Tony Stalk
|
|-heal|p2a: Ray Allen|88/100|[from] item: Leftovers
|upkeep
|inactive|WeR#4Hay! has 120 seconds left.
|
|t:|1702160877
|switch|p1a: Dustin Hoffman|Mienshao, M, shiny|100/100
|turn|11
|
|t:|1702160879
|move|p1a: Dustin Hoffman|High Jump Kick|p2a: Ray Allen
|-supereffective|p2a: Ray Allen
|-end|p2a: Ray Allen|Substitute
|-damage|p1a: Dustin Hoffman|91/100|[from] item: Life Orb
|move|p2a: Ray Allen|Flash Cannon|p1a: Dustin Hoffman
|-damage|p1a: Dustin Hoffman|0 fnt
|faint|p1a: Dustin Hoffman
|
|-heal|p2a: Ray Allen|94/100|[from] item: Leftovers
|upkeep
|
|t:|1702160882
|switch|p1a: Adam Sandler|Gliscor, M|100/100 tox
|turn|12
|
|t:|1702160889
|move|p2a: Ray Allen|Flash Cannon|p1a: Adam Sandler
|-damage|p1a: Adam Sandler|0 fnt
|faint|p1a: Adam Sandler
|
|-heal|p2a: Ray Allen|99/100|[from] item: Leftovers
|upkeep
|-message|WeR#4Hay! forfeited.
|
|win|stonya
|raw|WeR#4Hay!'s rating: 1536 &rarr; <strong>1514</strong><br />(-22 for losing)
|raw|stonya's rating: 1495 &rarr; <strong>1517</strong><br />(+22 for winning)
|l|☆WeR#4Hay!
