|j|☆HydreigonSpammer
|j|☆RainyDream sky
|t:|1735896080
|gametype|singles
|player|p1|HydreigonSpammer|iris|1275
|player|p2|RainyDream sky|266|1475
|teamsize|p1|6
|teamsize|p2|6
|gen|5
|tier|[Gen 5] OU
|rated|
|rule|Species Clause: Limit one of each Pokémon
|rule|OHKO Clause: OHKO moves are banned
|rule|Moody Clause: Moody is banned
|rule|Evasion Items Clause: Evasion items are banned
|rule|Evasion Moves Clause: Evasion moves are banned
|rule|Endless Battle Clause: Forcing endless battles is banned
|rule|HP Percentage Mod: HP is shown in percentages
|rule|Evasion Abilities Clause: Evasion abilities are banned
|rule|Sleep Moves Clause: Sleep-inducing moves are banned
|rule|Swagger Clause: Swagger is banned
|rule|Baton Pass Stat Clause: No Baton Passer may have a way to boost its stats
|clearpoke
|poke|p1|Magnezone|item
|poke|p1|Hippowdon, F|item
|poke|p1|Hydreigon, F|item
|poke|p1|Celebi|item
|poke|p1|Latios, M|item
|poke|p1|Dragonite, F|item
|poke|p2|Politoed, M|item
|poke|p2|Scizor, M|item
|poke|p2|Skarmory, F|item
|poke|p2|Starmie|item
|poke|p2|Breloom, M|item
|poke|p2|Garchomp, M|item
|teampreview
|
|t:|1735896098
|start
|switch|p1a: Dragonite|Dragonite, F|100/100
|switch|p2a: Breloom|Breloom, M, shiny|100/100
|turn|1
|inactive|Battle timer is ON: inactive players will automatically lose when time's up. (requested by RainyDream sky)
|
|t:|1735896105
|switch|p2a: Skarmory|Skarmory, F|100/100
|move|p1a: Dragonite|Draco Meteor|p2a: Skarmory
|-resisted|p2a: Skarmory
|-damage|p2a: Skarmory|43/100
|-unboost|p1a: Dragonite|spa|2
|-damage|p1a: Dragonite|91/100|[from] item: Life Orb
|
|upkeep
|turn|2
|
|t:|1735896111
|switch|p2a: Politoed|Politoed, M, shiny|100/100
|-weather|RainDance|[from] ability: Drizzle|[of] p2a: Politoed
|move|p1a: Dragonite|Fire Blast|p2a: Politoed
|-resisted|p2a: Politoed
|-damage|p2a: Politoed|95/100
|-damage|p1a: Dragonite|81/100|[from] item: Life Orb
|
|-weather|RainDance|[upkeep]
|upkeep
|turn|3
|
|t:|1735896123
|switch|p2a: Scizor|Scizor, M|100/100
|switch|p1a: Celebi|Celebi|100/100
|
|-weather|RainDance|[upkeep]
|upkeep
|turn|4
|
|t:|1735896130
|-activate|p1a: Celebi|move: Pursuit
|move|p2a: Scizor|Pursuit|p1a: Celebi|[from]Pursuit
|-supereffective|p1a: Celebi
|-damage|p1a: Celebi|20/100
|switch|p1a: Hippowdon|Hippowdon, F|100/100
|-weather|Sandstorm|[from] ability: Sand Stream|[of] p1a: Hippowdon
|
|-weather|Sandstorm|[upkeep]
|upkeep
|turn|5
|
|t:|1735896136
|switch|p2a: Politoed|Politoed, M, shiny|95/100
|-weather|RainDance|[from] ability: Drizzle|[of] p2a: Politoed
|move|p1a: Hippowdon|Stealth Rock|p2a: Politoed
|-sidestart|p2: RainyDream sky|move: Stealth Rock
|
|-weather|RainDance|[upkeep]
|upkeep
|turn|6
|
|t:|1735896150
|switch|p1a: Celebi|Celebi|20/100
|move|p2a: Politoed|Surf|p1a: Celebi
|-resisted|p1a: Celebi
|-damage|p1a: Celebi|1/100
|
|-weather|RainDance|[upkeep]
|-heal|p1a: Celebi|7/100|[from] item: Leftovers
|upkeep
|turn|7
|
|t:|1735896155
|move|p2a: Politoed|Surf|p1a: Celebi
|-resisted|p1a: Celebi
|-damage|p1a: Celebi|0 fnt
|faint|p1a: Celebi
|
|-weather|RainDance|[upkeep]
|upkeep
|
|t:|1735896161
|switch|p1a: Hydreigon|Hydreigon, F, shiny|100/100
|turn|8
|
|t:|1735896167
|switch|p2a: Skarmory|Skarmory, F|43/100
|-damage|p2a: Skarmory|31/100|[from] Stealth Rock
|move|p1a: Hydreigon|Draco Meteor|p2a: Skarmory
|-resisted|p2a: Skarmory
|-damage|p2a: Skarmory|0 fnt
|-unboost|p1a: Hydreigon|spa|2
|faint|p2a: Skarmory
|
|-weather|RainDance|[upkeep]
|upkeep
|
|t:|1735896175
|switch|p2a: Starmie|Starmie, shiny|100/100
|-damage|p2a: Starmie|88/100|[from] Stealth Rock
|turn|9
|
|t:|1735896187
|switch|p1a: Magnezone|Magnezone|100/100
|move|p2a: Starmie|Rapid Spin|p1a: Magnezone
|-resisted|p1a: Magnezone
|-damage|p1a: Magnezone|98/100
|-sideend|p2: RainyDream sky|Stealth Rock|[from] move: Rapid Spin|[of] p2a: Starmie
|-damage|p2a: Starmie|78/100|[from] item: Life Orb
|
|-weather|RainDance|[upkeep]
|upkeep
|turn|10
|
|t:|1735896208
|switch|p2a: Garchomp|Garchomp, M, shiny|100/100
|move|p1a: Magnezone|Thunderbolt|p2a: Garchomp
|-immune|p2a: Garchomp
|
|-weather|RainDance|[upkeep]
|upkeep
|turn|11
|
|t:|1735896215
|switch|p2a: Breloom|Breloom, M, shiny|100/100
|switch|p1a: Hippowdon|Hippowdon, F|100/100
|-weather|Sandstorm|[from] ability: Sand Stream|[of] p1a: Hippowdon
|
|-weather|Sandstorm|[upkeep]
|-damage|p2a: Breloom|94/100|[from] Sandstorm
|upkeep
|turn|12
|inactive|HydreigonSpammer has 120 seconds left.
|
|t:|1735896244
|switch|p1a: Magnezone|Magnezone|98/100
|move|p2a: Breloom|Bullet Seed|p1a: Magnezone
|-resisted|p1a: Magnezone
|-damage|p1a: Magnezone|85/100
|-resisted|p1a: Magnezone
|-damage|p1a: Magnezone|72/100
|-resisted|p1a: Magnezone
|-damage|p1a: Magnezone|58/100
|-resisted|p1a: Magnezone
|-damage|p1a: Magnezone|44/100
|-resisted|p1a: Magnezone
|-damage|p1a: Magnezone|30/100
|-hitcount|p1a: Magnezone|5
|-damage|p2a: Breloom|84/100|[from] item: Life Orb
|
|-weather|Sandstorm|[upkeep]
|-damage|p2a: Breloom|78/100|[from] Sandstorm
|upkeep
|turn|13
|inactive|HydreigonSpammer has 120 seconds left.
|
|t:|1735896261
|move|p2a: Breloom|Mach Punch|p1a: Magnezone
|-supereffective|p1a: Magnezone
|-enditem|p1a: Magnezone|Chople Berry|[eat]
|-enditem|p1a: Magnezone|Chople Berry|[weaken]
|-damage|p1a: Magnezone|0 fnt
|faint|p1a: Magnezone
|-damage|p2a: Breloom|68/100|[from] item: Life Orb
|
|-weather|Sandstorm|[upkeep]
|-damage|p2a: Breloom|62/100|[from] Sandstorm
|upkeep
|inactive|HydreigonSpammer has 120 seconds left.
|
|t:|1735896270
|switch|p1a: Dragonite|Dragonite, F|81/100
|turn|14
|
|t:|1735896277
|switch|p2a: Politoed|Politoed, M, shiny|95/100
|-weather|RainDance|[from] ability: Drizzle|[of] p2a: Politoed
|move|p1a: Dragonite|Draco Meteor|p2a: Politoed
|-damage|p2a: Politoed|13/100
|-unboost|p1a: Dragonite|spa|2
|-damage|p1a: Dragonite|71/100|[from] item: Life Orb
|
|-weather|RainDance|[upkeep]
|upkeep
|turn|15
|
|t:|1735896280
|move|p1a: Dragonite|Extreme Speed|p2a: Politoed
|-damage|p2a: Politoed|0 fnt
|faint|p2a: Politoed
|-damage|p1a: Dragonite|61/100|[from] item: Life Orb
|
|-weather|RainDance|[upkeep]
|upkeep
|
|t:|1735896286
|switch|p2a: Starmie|Starmie, shiny|78/100
|turn|16
|
|t:|1735896309
|move|p1a: Dragonite|Extreme Speed|p2a: Starmie
|-damage|p2a: Starmie|30/100
|-damage|p1a: Dragonite|51/100|[from] item: Life Orb
|move|p2a: Starmie|Ice Beam|p1a: Dragonite
|-supereffective|p1a: Dragonite
|-damage|p1a: Dragonite|0 fnt
|faint|p1a: Dragonite
|-damage|p2a: Starmie|20/100|[from] item: Life Orb
|
|-weather|RainDance|[upkeep]
|upkeep
|
|t:|1735896317
|switch|p1a: Latios|Latios, M|100/100
|turn|17
|
|t:|1735896335
|move|p1a: Latios|Surf|p2a: Starmie
|-resisted|p2a: Starmie
|-damage|p2a: Starmie|0 fnt
|faint|p2a: Starmie
|
|-weather|RainDance|[upkeep]
|upkeep
|
|t:|1735896338
|switch|p2a: Scizor|Scizor, M|100/100
|turn|18
|
|t:|1735896348
|move|p1a: Latios|Surf|p2a: Scizor
|-crit|p2a: Scizor
|-damage|p2a: Scizor|0 fnt
|faint|p2a: Scizor
|
|-weather|RainDance|[upkeep]
|upkeep
|
|t:|1735896354
|switch|p2a: Garchomp|Garchomp, M, shiny|100/100
|turn|19
|
|t:|1735896358
|switch|p1a: Hippowdon|Hippowdon, F|100/100
|-weather|Sandstorm|[from] ability: Sand Stream|[of] p1a: Hippowdon
|move|p2a: Garchomp|Outrage|p1a: Hippowdon
|-damage|p1a: Hippowdon|66/100
|
|-weather|Sandstorm|[upkeep]
|-heal|p1a: Hippowdon|72/100|[from] item: Leftovers
|upkeep
|turn|20
|
|t:|1735896363
|move|p2a: Garchomp|Outrage|p1a: Hippowdon|[from]lockedmove
|-damage|p1a: Hippowdon|36/100
|move|p1a: Hippowdon|Earthquake|p2a: Garchomp
|-damage|p2a: Garchomp|62/100
|
|-weather|Sandstorm|[upkeep]
|-heal|p1a: Hippowdon|43/100|[from] item: Leftovers
|upkeep
|turn|21
|
|t:|1735896367
|move|p2a: Garchomp|Outrage|p1a: Hippowdon|[from]lockedmove
|-damage|p1a: Hippowdon|7/100
|-start|p2a: Garchomp|confusion|[fatigue]
|move|p1a: Hippowdon|Slack Off|p1a: Hippowdon
|-heal|p1a: Hippowdon|58/100
|
|-weather|Sandstorm|[upkeep]
|-heal|p1a: Hippowdon|64/100|[from] item: Leftovers
|upkeep
|turn|22
|
|t:|1735896377
|switch|p2a: Breloom|Breloom, M, shiny|62/100
|move|p1a: Hippowdon|Whirlwind|p2a: Breloom
|drag|p2a: Garchomp|Garchomp, M, shiny|62/100
|
|-weather|Sandstorm|[upkeep]
|-heal|p1a: Hippowdon|70/100|[from] item: Leftovers
|upkeep
|turn|23
|
|t:|1735896391
|switch|p1a: Hydreigon|Hydreigon, F, shiny|100/100
|move|p2a: Garchomp|Aqua Tail|p1a: Hydreigon
|-resisted|p1a: Hydreigon
|-crit|p1a: Hydreigon
|-damage|p1a: Hydreigon|63/100
|
|-weather|Sandstorm|[upkeep]
|-damage|p1a: Hydreigon|57/100|[from] Sandstorm
|upkeep
|turn|24
|
|t:|1735896402
|move|p2a: Garchomp|Aqua Tail|p1a: Hydreigon
|-resisted|p1a: Hydreigon
|-damage|p1a: Hydreigon|38/100
|move|p1a: Hydreigon|Flamethrower|p2a: Garchomp
|-resisted|p2a: Garchomp
|-damage|p2a: Garchomp|34/100
|
|-weather|Sandstorm|[upkeep]
|-damage|p1a: Hydreigon|32/100|[from] Sandstorm
|upkeep
|turn|25
|
|t:|1735896418
|switch|p2a: Breloom|Breloom, M, shiny|62/100
|move|p1a: Hydreigon|Flamethrower|p2a: Breloom
|-supereffective|p2a: Breloom
|-damage|p2a: Breloom|0 fnt
|faint|p2a: Breloom
|
|-weather|Sandstorm|[upkeep]
|-damage|p1a: Hydreigon|26/100|[from] Sandstorm
|upkeep
|
|t:|1735896422
|switch|p2a: Garchomp|Garchomp, M, shiny|34/100
|turn|26
|
|t:|1735896429
|move|p2a: Garchomp|Outrage|p1a: Hydreigon
|-supereffective|p1a: Hydreigon
|-damage|p1a: Hydreigon|0 fnt
|faint|p1a: Hydreigon
|
|-weather|Sandstorm|[upkeep]
|upkeep
|
|t:|1735896432
|switch|p1a: Hippowdon|Hippowdon, F|70/100
|turn|27
|
|t:|1735896436
|move|p2a: Garchomp|Outrage|p1a: Hippowdon|[from]lockedmove
|-damage|p1a: Hippowdon|39/100
|move|p1a: Hippowdon|Earthquake|p2a: Garchomp
|-damage|p2a: Garchomp|0 fnt
|faint|p2a: Garchomp
|
|win|HydreigonSpammer
|raw|HydreigonSpammer's rating: 1275 &rarr; <strong>1313</strong><br />(+38 for winning)
|raw|RainyDream sky's rating: 1475 &rarr; <strong>1445</strong><br />(-30 for losing)
