|j|☆pokefan310
|j|☆SPDsassmitimauto
|t:|1742651650
|gametype|singles
|player|p1|pokefan310|marley|1309
|player|p2|SPDsassmitimauto|2|1540
|teamsize|p1|6
|teamsize|p2|6
|gen|5
|tier|[Gen 5] OU
|rated|
|rule|Species Clause: Limit one of each Pokémon
|rule|OHKO Clause: OHKO moves are banned
|rule|Moody Clause: Moody is banned
|rule|Evasion Items Clause: Evasion items are banned
|rule|Evasion Moves Clause: Evasion moves are banned
|rule|Endless Battle Clause: Forcing endless battles is banned
|rule|HP Percentage Mod: HP is shown in percentages
|rule|Evasion Abilities Clause: Evasion abilities are banned
|rule|Sleep Moves Clause: Sleep-inducing moves are banned
|rule|Swagger Clause: Swagger is banned
|rule|Baton Pass Stat Clause: No Baton Passer may have a way to boost its stats
|clearpoke
|poke|p1|Abomasnow, F|item
|poke|p1|Mamoswine, F|item
|poke|p1|Kyurem|item
|poke|p1|Excadrill, M|item
|poke|p1|Jirachi|item
|poke|p1|Jellicent, M|item
|poke|p2|Politoed, F|item
|poke|p2|Starmie|item
|poke|p2|Keldeo|item
|poke|p2|Latios, M|item
|poke|p2|Tornadus, M|item
|poke|p2|Ferrothorn, M|item
|teampreview
|inactive|Battle timer is ON: inactive players will automatically lose when time's up. (requested by pokefan310)
|
|t:|1742651670
|start
|switch|p1a: Abomasnow|Abomasnow, F, shiny|100/100
|switch|p2a: Latios|Latios, M|100/100
|-weather|Hail|[from] ability: Snow Warning|[of] p1a: Abomasnow
|turn|1
|
|t:|1742651697
|move|p1a: Abomasnow|Protect|p1a: Abomasnow
|-singleturn|p1a: Abomasnow|Protect
|move|p2a: Latios|Draco Meteor|p1a: Abomasnow
|-activate|p1a: Abomasnow|move: Protect
|
|-weather|Hail|[upkeep]
|-damage|p2a: Latios|94/100|[from] Hail
|upkeep
|turn|2
|
|t:|1742651704
|switch|p1a: Jirachi|Jirachi, shiny|100/100
|move|p2a: Latios|Draco Meteor|p1a: Jirachi
|-resisted|p1a: Jirachi
|-damage|p1a: Jirachi|39/100
|-unboost|p2a: Latios|spa|2
|
|-weather|Hail|[upkeep]
|-damage|p1a: Jirachi|33/100|[from] Hail
|-damage|p2a: Latios|88/100|[from] Hail
|upkeep
|turn|3
|
|t:|1742651717
|switch|p2a: Ferrothorn|Ferrothorn, M|100/100
|move|p1a: Jirachi|U-turn|p2a: Ferrothorn
|-damage|p2a: Ferrothorn|86/100
|-damage|p1a: Jirachi|20/100|[from] ability: Iron Barbs|[of] p2a: Ferrothorn
|
|t:|1742651729
|switch|p1a: Abomasnow|Abomasnow, F, shiny|100/100|[from] U-turn
|
|-weather|Hail|[upkeep]
|-damage|p2a: Ferrothorn|80/100|[from] Hail
|-heal|p2a: Ferrothorn|86/100|[from] item: Leftovers
|upkeep
|turn|4
|
|t:|1742651733
|-singleturn|p1a: Abomasnow|move: Focus Punch
|move|p2a: Ferrothorn|Gyro Ball|p1a: Abomasnow
|-supereffective|p1a: Abomasnow
|-damage|p1a: Abomasnow|3/100
|cant|p1a: Abomasnow|Focus Punch|Focus Punch
|
|-weather|Hail|[upkeep]
|-damage|p2a: Ferrothorn|80/100|[from] Hail
|-heal|p1a: Abomasnow|9/100|[from] item: Leftovers
|-heal|p2a: Ferrothorn|86/100|[from] item: Leftovers
|upkeep
|turn|5
|
|t:|1742651744
|move|p1a: Abomasnow|Ice Shard|p2a: Ferrothorn
|-damage|p2a: Ferrothorn|71/100
|move|p2a: Ferrothorn|Stealth Rock|p1a: Abomasnow
|-sidestart|p1: pokefan310|move: Stealth Rock
|
|-weather|Hail|[upkeep]
|-damage|p2a: Ferrothorn|65/100|[from] Hail
|-heal|p1a: Abomasnow|15/100|[from] item: Leftovers
|-heal|p2a: Ferrothorn|71/100|[from] item: Leftovers
|upkeep
|turn|6
|-message|pokefan310 forfeited.
|
|win|SPDsassmitimauto
|raw|pokefan310's rating: 1309 &rarr; <strong>1301</strong><br />(-8 for losing)
|raw|SPDsassmitimauto's rating: 1540 &rarr; <strong>1548</strong><br />(+8 for winning)
|l|☆pokefan310
|player|p1|
