|j|☆SEUIf
|j|☆Artere Happy
|t:|1715955153
|gametype|singles
|player|p1|SEUIf|ingo-hisui|1332
|player|p2|Artere Happy|medium|1384
|teamsize|p1|6
|teamsize|p2|6
|gen|5
|tier|[Gen 5] OU
|rated|
|rule|Species Clause: Limit one of each Pokémon
|rule|OHKO Clause: OHKO moves are banned
|rule|Moody Clause: Moody is banned
|rule|Evasion Items Clause: Evasion items are banned
|rule|Evasion Moves Clause: Evasion moves are banned
|rule|Endless Battle Clause: Forcing endless battles is banned
|rule|HP Percentage Mod: HP is shown in percentages
|rule|Evasion Abilities Clause: Evasion abilities are banned
|rule|Sleep Moves Clause: Sleep-inducing moves are banned
|rule|Swagger Clause: Swagger is banned
|rule|Baton Pass Stat Clause: No Baton Passer may have a way to boost its stats
|clearpoke
|poke|p1|Kyurem-Black|item
|poke|p1|Dragonite, M|item
|poke|p1|Garchomp, F|item
|poke|p1|Latios, M|item
|poke|p1|Jirachi|item
|poke|p1|Magnezone|item
|poke|p2|Jirachi|item
|poke|p2|Kyurem-Black|item
|poke|p2|Latios, M|item
|poke|p2|Magnezone|item
|poke|p2|Garchomp, F|item
|poke|p2|Reuniclus, M|item
|teampreview
|inactive|Battle timer is ON: inactive players will automatically lose when time's up. (requested by Artere Happy)
|inactive|SEUIf has 120 seconds left.
|
|t:|1715955186
|start
|switch|p1a: Jirachi|Jirachi|100/100
|switch|p2a: Jirachi|Jirachi|100/100
|turn|1
|c|☆Artere Happy|hi
|j| sk8head
|c|☆SEUIf|hi
|j| dct1 staller
|c| sk8head|wow
|
|t:|1715955202
|move|p2a: Jirachi|Energy Ball|p1a: Jirachi
|-resisted|p1a: Jirachi
|-damage|p1a: Jirachi|95/100
|move|p1a: Jirachi|Stealth Rock|p2a: Jirachi
|-sidestart|p2: Artere Happy|move: Stealth Rock
|
|-heal|p1a: Jirachi|100/100|[from] item: Leftovers
|upkeep
|turn|2
|c| sk8head|both of u guys got bland ass dragmags
|l| dct1 staller
|c| sk8head|wheres the sauce
|c|☆Artere Happy|reun?
|c|☆SEUIf|This team is just meant to click the funny dragon moves
|inactive|SEUIf has 120 seconds left.
|c|☆Artere Happy|wait for the reveal of the rachi set btw :p
|
|t:|1715955232
|move|p2a: Jirachi|U-turn|p1a: Jirachi
|-damage|p1a: Jirachi|90/100
|
|t:|1715955236
|switch|p2a: Magnezone|Magnezone|100/100|[from] U-turn
|-damage|p2a: Magnezone|94/100|[from] Stealth Rock
|-item|p2a: Magnezone|Air Balloon
|move|p1a: Jirachi|Icy Wind|p2a: Magnezone
|-resisted|p2a: Magnezone
|-damage|p2a: Magnezone|86/100
|-unboost|p2a: Magnezone|spe|1
|-enditem|p2a: Magnezone|Air Balloon
|
|-heal|p1a: Jirachi|96/100|[from] item: Leftovers
|upkeep
|turn|3
|j| OsakaCastle
|
|t:|1715955243
|switch|p2a: Garchomp|Garchomp, F|100/100
|-damage|p2a: Garchomp|94/100|[from] Stealth Rock
|move|p1a: Jirachi|U-turn|p2a: Garchomp
|-damage|p2a: Garchomp|78/100
|-damage|p1a: Jirachi|83/100|[from] ability: Rough Skin|[of] p2a: Garchomp
|
|t:|1715955255
|switch|p1a: Latios|Latios, M|100/100|[from] U-turn
|
|upkeep
|turn|4
|inactive|SEUIf has 120 seconds left.
|
|t:|1715955273
|switch|p2a: Jirachi|Jirachi|100/100
|-damage|p2a: Jirachi|94/100|[from] Stealth Rock
|move|p1a: Latios|Draco Meteor|p2a: Jirachi
|-resisted|p2a: Jirachi
|-damage|p2a: Jirachi|68/100
|-unboost|p1a: Latios|spa|2
|
|-heal|p2a: Jirachi|74/100|[from] item: Leftovers
|upkeep
|turn|5
|
|t:|1715955280
|switch|p1a: Dragonite|Dragonite, M|100/100
|move|p2a: Jirachi|U-turn|p1a: Dragonite
|-resisted|p1a: Dragonite
|-damage|p1a: Dragonite|96/100
|
|t:|1715955300
|switch|p2a: Garchomp|Garchomp, F|78/100|[from] U-turn
|-damage|p2a: Garchomp|72/100|[from] Stealth Rock
|
|upkeep
|turn|6
|
|t:|1715955319
|move|p1a: Dragonite|Extreme Speed|p2a: Garchomp
|-damage|p2a: Garchomp|27/100
|-damage|p1a: Dragonite|84/100|[from] ability: Rough Skin|[of] p2a: Garchomp
|move|p2a: Garchomp|Stealth Rock|p1a: Dragonite
|-sidestart|p1: SEUIf|move: Stealth Rock
|
|upkeep
|turn|7
|
|t:|1715955325
|switch|p2a: Magnezone|Magnezone|86/100
|-damage|p2a: Magnezone|80/100|[from] Stealth Rock
|move|p1a: Dragonite|Extreme Speed|p2a: Magnezone
|-resisted|p2a: Magnezone
|-damage|p2a: Magnezone|54/100
|
|upkeep
|turn|8
|
|t:|1715955338
|switch|p1a: Garchomp|Garchomp, F|100/100
|-damage|p1a: Garchomp|94/100|[from] Stealth Rock
|move|p2a: Magnezone|Thunderbolt|p1a: Garchomp
|-immune|p1a: Garchomp
|
|upkeep
|turn|9
|
|t:|1715955342
|move|p1a: Garchomp|Earthquake|p2a: Magnezone
|-supereffective|p2a: Magnezone
|-damage|p2a: Magnezone|0 fnt
|faint|p2a: Magnezone
|
|upkeep
|
|t:|1715955348
|switch|p2a: Latios|Latios, M|100/100
|-damage|p2a: Latios|88/100|[from] Stealth Rock
|turn|10
|
|t:|1715955375
|switch|p1a: Magnezone|Magnezone|100/100
|-damage|p1a: Magnezone|94/100|[from] Stealth Rock
|-item|p1a: Magnezone|Air Balloon
|move|p2a: Latios|Surf|p1a: Magnezone
|-damage|p1a: Magnezone|24/100
|-enditem|p1a: Magnezone|Air Balloon
|
|upkeep
|turn|11
|
|t:|1715955386
|move|p2a: Latios|Surf|p1a: Magnezone
|-crit|p1a: Magnezone
|-damage|p1a: Magnezone|0 fnt
|faint|p1a: Magnezone
|
|upkeep
|
|t:|1715955390
|switch|p1a: Dragonite|Dragonite, M|84/100
|-damage|p1a: Dragonite|59/100|[from] Stealth Rock
|turn|12
|
|t:|1715955399
|move|p2a: Latios|Surf|p1a: Dragonite
|-resisted|p1a: Dragonite
|-damage|p1a: Dragonite|35/100
|move|p1a: Dragonite|Earthquake|p2a: Latios
|-immune|p2a: Latios|[from] ability: Levitate
|
|upkeep
|turn|13
|
|t:|1715955406
|switch|p1a: Kyurem|Kyurem-Black|100/100
|-damage|p1a: Kyurem|76/100|[from] Stealth Rock
|-ability|p1a: Kyurem|Teravolt
|move|p2a: Latios|Surf|p1a: Kyurem
|-resisted|p1a: Kyurem
|-damage|p1a: Kyurem|52/100
|
|upkeep
|turn|14
|
|t:|1715955412
|switch|p2a: Garchomp|Garchomp, F|27/100
|-damage|p2a: Garchomp|21/100|[from] Stealth Rock
|move|p1a: Kyurem|Outrage|p2a: Garchomp
|-supereffective|p2a: Garchomp
|-damage|p2a: Garchomp|0 fnt
|-damage|p1a: Kyurem|40/100|[from] ability: Rough Skin|[of] p2a: Garchomp
|faint|p2a: Garchomp
|
|upkeep
|
|t:|1715955421
|switch|p2a: Latios|Latios, M|88/100
|-damage|p2a: Latios|76/100|[from] Stealth Rock
|turn|15
|
|t:|1715955438
|move|p2a: Latios|Dragon Pulse|p1a: Kyurem
|-supereffective|p1a: Kyurem
|-damage|p1a: Kyurem|0 fnt
|faint|p1a: Kyurem
|
|upkeep
|
|t:|1715955440
|switch|p1a: Jirachi|Jirachi|83/100
|-damage|p1a: Jirachi|77/100|[from] Stealth Rock
|turn|16
|
|t:|1715955451
|switch|p2a: Kyurem|Kyurem-Black|100/100
|-damage|p2a: Kyurem|76/100|[from] Stealth Rock
|-ability|p2a: Kyurem|Teravolt
|move|p1a: Jirachi|U-turn|p2a: Kyurem
|-damage|p2a: Kyurem|61/100
|
|t:|1715955461
|switch|p1a: Latios|Latios, M|100/100|[from] U-turn
|-damage|p1a: Latios|88/100|[from] Stealth Rock
|
|upkeep
|turn|17
|
|t:|1715955467
|move|p1a: Latios|Dragon Pulse|p2a: Kyurem
|-supereffective|p2a: Kyurem
|-damage|p2a: Kyurem|0 fnt
|faint|p2a: Kyurem
|
|upkeep
|
|t:|1715955468
|switch|p2a: Jirachi|Jirachi|74/100
|-damage|p2a: Jirachi|68/100|[from] Stealth Rock
|turn|18
|
|t:|1715955486
|switch|p1a: Garchomp|Garchomp, F|94/100
|-damage|p1a: Garchomp|88/100|[from] Stealth Rock
|move|p2a: Jirachi|U-turn|p1a: Garchomp
|-damage|p1a: Garchomp|73/100
|-damage|p2a: Jirachi|56/100|[from] ability: Rough Skin|[of] p1a: Garchomp
|
|t:|1715955490
|switch|p2a: Reuniclus|Reuniclus, M|100/100|[from] U-turn
|
|upkeep
|turn|19
|
|t:|1715955494
|move|p1a: Garchomp|Outrage|p2a: Reuniclus
|-damage|p2a: Reuniclus|41/100
|move|p2a: Reuniclus|Trick Room|p2a: Reuniclus
|-fieldstart|move: Trick Room|[of] p2a: Reuniclus
|
|upkeep
|turn|20
|
|t:|1715955497
|move|p2a: Reuniclus|Psychic|p1a: Garchomp
|-damage|p1a: Garchomp|4/100
|move|p1a: Garchomp|Outrage|p2a: Reuniclus|[from]lockedmove
|-damage|p2a: Reuniclus|0 fnt
|faint|p2a: Reuniclus
|
|upkeep
|
|t:|1715955502
|switch|p2a: Jirachi|Jirachi|56/100
|-damage|p2a: Jirachi|50/100|[from] Stealth Rock
|turn|21
|
|t:|1715955504
|move|p2a: Jirachi|Energy Ball|p1a: Garchomp
|-damage|p1a: Garchomp|0 fnt
|faint|p1a: Garchomp
|
|-heal|p2a: Jirachi|56/100|[from] item: Leftovers
|upkeep
|
|t:|1715955510
|switch|p1a: Jirachi|Jirachi|77/100
|-damage|p1a: Jirachi|71/100|[from] Stealth Rock
|turn|22
|
|t:|1715955516
|move|p1a: Jirachi|Thunder|p2a: Jirachi
|-damage|p2a: Jirachi|36/100
|-status|p2a: Jirachi|par
|move|p2a: Jirachi|U-turn|p1a: Jirachi
|-damage|p1a: Jirachi|60/100
|
|t:|1715955522
|switch|p2a: Latios|Latios, M|76/100|[from] U-turn
|-damage|p2a: Latios|64/100|[from] Stealth Rock
|
|-heal|p1a: Jirachi|66/100|[from] item: Leftovers
|upkeep
|turn|23
|
|t:|1715955528
|move|p1a: Jirachi|Icy Wind|p2a: Latios
|-supereffective|p2a: Latios
|-damage|p2a: Latios|38/100
|-unboost|p2a: Latios|spe|1
|move|p2a: Latios|Surf|p1a: Jirachi
|-damage|p1a: Jirachi|32/100
|
|-heal|p1a: Jirachi|38/100|[from] item: Leftovers
|-fieldend|move: Trick Room
|upkeep
|turn|24
|
|t:|1715955535
|switch|p2a: Jirachi|Jirachi|36/100 par
|-damage|p2a: Jirachi|30/100 par|[from] Stealth Rock
|move|p1a: Jirachi|U-turn|p2a: Jirachi
|-damage|p2a: Jirachi|16/100 par
|c|☆Artere Happy|aaah gg
|
|t:|1715955542
|switch|p1a: Dragonite|Dragonite, M|35/100|[from] U-turn
|-damage|p1a: Dragonite|11/100|[from] Stealth Rock
|
|-heal|p2a: Jirachi|22/100 par|[from] item: Leftovers
|upkeep
|turn|25
|c|☆SEUIf|gg
|
|t:|1715955550
|move|p1a: Dragonite|Extreme Speed|p2a: Jirachi
|-resisted|p2a: Jirachi
|-damage|p2a: Jirachi|4/100 par
|cant|p2a: Jirachi|par
|
|-heal|p2a: Jirachi|10/100 par|[from] item: Leftovers
|upkeep
|turn|26
|c|☆Artere Happy|nooooo
|c|☆SEUIf|never punished
|
|t:|1715955565
|move|p1a: Dragonite|Extreme Speed|p2a: Jirachi
|-resisted|p2a: Jirachi
|-damage|p2a: Jirachi|0 fnt
|faint|p2a: Jirachi
|
|upkeep
|
|t:|1715955567
|switch|p2a: Latios|Latios, M|38/100
|-damage|p2a: Latios|25/100|[from] Stealth Rock
|turn|27
|c|☆SEUIf|gg
|
|t:|1715955573
|move|p1a: Dragonite|Extreme Speed|p2a: Latios
|-damage|p2a: Latios|0 fnt
|faint|p2a: Latios
|
|win|SEUIf
|raw|SEUIf's rating: 1332 &rarr; <strong>1355</strong><br />(+23 for winning)
|raw|Artere Happy's rating: 1384 &rarr; <strong>1361</strong><br />(-23 for losing)
