|j|DireMiralis
|j|mccauley
|player|p1|DireMiralis|201
|player|p2|mccauley|1
|gametype|singles
|gen|5
|tier|[Gen 5] OU
|rated
|seed|
|rule|Evasion Abilities Clause: Evasion abilities are banned
|rule|Baton Pass Clause: Limit one Baton Passer, can't pass Spe and other stats simultaneously
|rule|Swagger Clause: Swagger is banned
|clearpoke
|poke|p1|Azelf|item
|poke|p1|Breloom, F|item
|poke|p1|Scizor, F|item
|poke|p1|Dragonite, M|item
|poke|p1|Salamence, M|item
|poke|p1|Garchomp, M|item
|poke|p2|Dragonite, M|item
|poke|p2|Jirachi|item
|poke|p2|Starmie|item
|poke|p2|Garchomp, F|item
|poke|p2|Kyurem-Black|item
|poke|p2|Magnezone|item
|rule|Sleep Clause Mod: Limit one foe put to sleep
|rule|Species Clause: Limit one of each Pokémon
|rule|OHKO Clause: OHKO moves are banned
|rule|Moody Clause: Moody is banned
|rule|Evasion Moves Clause: Evasion moves are banned
|rule|Endless Battle Clause: Forcing endless battles is banned
|rule|HP Percentage Mod: HP is shown in percentages
|teampreview
|choice||
|
|start
|switch|p1a: Azelf|Azelf|100/100
|switch|p2a: Jirachi|Jirachi|100/100
|turn|1
|choice||
|
|move|p1a: Azelf|Fire Blast|p2a: Jirachi
|-supereffective|p2a: Jirachi
|-damage|p2a: Jirachi|23/100
|move|p2a: Jirachi|Icy Wind|p1a: Azelf
|-crit|p1a: Azelf
|-damage|p1a: Azelf|45/100
|-unboost|p1a: Azelf|spe|1
|
|turn|2
|choice||
|
|move|p2a: Jirachi|Icy Wind|p1a: Azelf
|-damage|p1a: Azelf|18/100
|-unboost|p1a: Azelf|spe|1
|move|p1a: Azelf|Stealth Rock|p2a: Jirachi
|-sidestart|p2: mccauley|move: Stealth Rock
|
|turn|3
|choice||
|
|move|p2a: Jirachi|Stealth Rock|p1a: Azelf
|-sidestart|p1: DireMiralis|move: Stealth Rock
|move|p1a: Azelf|Fire Blast|p2a: Jirachi
|-supereffective|p2a: Jirachi
|-damage|p2a: Jirachi|0 fnt
|faint|p2a: Jirachi
|
|choice||
|
|switch|p2a: Starmie|Starmie|100/100
|-damage|p2a: Starmie|88/100|[from] Stealth Rock
|turn|4
|choice||
|
|move|p2a: Starmie|Thunderbolt|p1a: Azelf
|-damage|p1a: Azelf|0 fnt
|-damage|p2a: Starmie|78/100|[from] item: Life Orb
|faint|p1a: Azelf
|
|choice||
|
|switch|p1a: Salamence|Salamence, M|100/100
|-damage|p1a: Salamence|76/100|[from] Stealth Rock
|turn|5
|choice||
|
|switch|p2a: Magnezone|Magnezone|100/100
|-damage|p2a: Magnezone|95/100|[from] Stealth Rock
|move|p1a: Salamence|Outrage|p2a: Magnezone
|-resisted|p2a: Magnezone
|-damage|p2a: Magnezone|64/100
|
|turn|6
|choice||
|
|move|p1a: Salamence|Outrage|p2a: Magnezone|[from]lockedmove
|-resisted|p2a: Magnezone
|-damage|p2a: Magnezone|32/100
|move|p2a: Magnezone|Thunderbolt|p1a: Salamence
|-damage|p1a: Salamence|0 fnt
|faint|p1a: Salamence
|
|choice||
|
|switch|p1a: Garchomp|Garchomp, M|100/100
|-damage|p1a: Garchomp|94/100|[from] Stealth Rock
|turn|7
|choice||
|
|switch|p2a: Starmie|Starmie|78/100
|-damage|p2a: Starmie|66/100|[from] Stealth Rock
|move|p1a: Garchomp|Substitute|p1a: Garchomp
|-start|p1a: Garchomp|Substitute
|-damage|p1a: Garchomp|69/100
|
|turn|8
|choice||
|
|move|p2a: Starmie|Rapid Spin|p1a: Garchomp
|-activate|p1a: Garchomp|Substitute|[damage]
|-sideend|p2: mccauley|Stealth Rock|[from] move: Rapid Spin|[of] p2a: Starmie
|-damage|p2a: Starmie|56/100|[from] item: Life Orb
|move|p1a: Garchomp|Earthquake|p2a: Starmie
|-damage|p2a: Starmie|0 fnt
|faint|p2a: Starmie
|
|choice||
|
|switch|p2a: Garchomp|Garchomp, F|100/100
|turn|9
|choice||
|
|move|p2a: Garchomp|Dual Chop|p1a: Garchomp
|-supereffective|p1a: Garchomp
|-end|p1a: Garchomp|Substitute
|-supereffective|p1a: Garchomp
|-damage|p1a: Garchomp|31/100
|-damage|p2a: Garchomp|88/100|[from] ability: Rough Skin|[of] p1a: Garchomp
|-hitcount|p1a: Garchomp|2
|move|p1a: Garchomp|Outrage|p2a: Garchomp
|-enditem|p1a: Garchomp|Dragon Gem|[from] gem|[move] Outrage
|-supereffective|p2a: Garchomp
|-damage|p2a: Garchomp|0 fnt
|-damage|p1a: Garchomp|18/100|[from] ability: Rough Skin|[of] p2a: Garchomp
|faint|p2a: Garchomp
|
|choice||
|
|switch|p2a: Magnezone|Magnezone|32/100
|turn|10
|choice||
|
|move|p1a: Garchomp|Outrage|p2a: Magnezone|[from]lockedmove
|-resisted|p2a: Magnezone
|-damage|p2a: Magnezone|0 fnt
|faint|p2a: Magnezone
|
|choice||
|
|switch|p2a: Dragonite|Dragonite, M|100/100
|turn|11
|choice||
|
|move|p2a: Dragonite|Extreme Speed|p1a: Garchomp
|-damage|p1a: Garchomp|0 fnt
|-damage|p2a: Dragonite|88/100|[from] ability: Rough Skin|[of] p1a: Garchomp
|faint|p1a: Garchomp
|
|choice||
|
|switch|p1a: Dragonite|Dragonite, M|100/100
|-damage|p1a: Dragonite|76/100|[from] Stealth Rock
|turn|12
|choice||
|
|move|p2a: Dragonite|Outrage|p1a: Dragonite
|-supereffective|p1a: Dragonite
|-damage|p1a: Dragonite|0 fnt
|faint|p1a: Dragonite
|
|choice||
|
|switch|p1a: Scizor|Scizor, F|100/100
|-damage|p1a: Scizor|88/100|[from] Stealth Rock
|turn|13
|choice||
|
|move|p2a: Dragonite|Outrage|p1a: Scizor|[from]lockedmove
|-resisted|p1a: Scizor
|-damage|p1a: Scizor|49/100
|move|p1a: Scizor|Acrobatics|p2a: Dragonite
|-enditem|p1a: Scizor|Flying Gem|[from] gem|[move] Acrobatics
|-damage|p2a: Dragonite|22/100
|
|turn|14
|choice||
|
|move|p1a: Scizor|Bullet Punch|p2a: Dragonite
|-damage|p2a: Dragonite|0 fnt
|faint|p2a: Dragonite
|
|choice||
|
|switch|p2a: Kyurem|Kyurem-Black|100/100
|-ability|p2a: Kyurem|Teravolt
|turn|15
|choice||
|
|move|p1a: Scizor|Bullet Punch|p2a: Kyurem
|-supereffective|p2a: Kyurem
|-damage|p2a: Kyurem|38/100
|move|p2a: Kyurem|Outrage|p1a: Scizor
|-resisted|p1a: Scizor
|-damage|p1a: Scizor|0 fnt
|faint|p1a: Scizor
|
|choice||
|
|switch|p1a: Breloom|Breloom, F|100/100
|-damage|p1a: Breloom|94/100|[from] Stealth Rock
|turn|16
|choice||
|
|move|p1a: Breloom|Mach Punch|p2a: Kyurem
|-enditem|p1a: Breloom|Fighting Gem|[from] gem|[move] Mach Punch
|-supereffective|p2a: Kyurem
|-damage|p2a: Kyurem|0 fnt
|faint|p2a: Kyurem
|
|win|DireMiralis
|player|p1
|player|p2
|l|mccauley
|raw|DireMiralis's rating: 1411 &rarr; <strong>1430</strong><br />(+19 for winning)
|raw|mccauley's rating: 1392 &rarr; <strong>1373</strong><br />(-19 for losing)