|j|☆esiariesiari
|j|☆SkillfullBeing
|t:|1729037453
|gametype|singles
|player|p1|esiariesiari|cynthia-gen4|1313
|player|p2|SkillfullBeing|nate|1388
|teamsize|p1|6
|teamsize|p2|6
|gen|5
|tier|[Gen 5] OU
|rated|
|rule|Species Clause: Limit one of each Pokémon
|rule|OHKO Clause: OHKO moves are banned
|rule|Moody Clause: Moody is banned
|rule|Evasion Items Clause: Evasion items are banned
|rule|Evasion Moves Clause: Evasion moves are banned
|rule|Endless Battle Clause: Forcing endless battles is banned
|rule|HP Percentage Mod: HP is shown in percentages
|rule|Evasion Abilities Clause: Evasion abilities are banned
|rule|Sleep Moves Clause: Sleep-inducing moves are banned
|rule|Swagger Clause: Swagger is banned
|rule|Baton Pass Stat Clause: No Baton Passer may have a way to boost its stats
|clearpoke
|poke|p1|Ninetales, F|item
|poke|p1|Xatu, F|item
|poke|p1|Gliscor, F|item
|poke|p1|Chansey, F|item
|poke|p1|Forretress, F|item
|poke|p1|Mamoswine, F|item
|poke|p2|Tyranitar, F|item
|poke|p2|Excadrill, F|item
|poke|p2|Celebi|item
|poke|p2|Gastrodon, M|item
|poke|p2|Heatran, F|item
|poke|p2|Latios, M|item
|teampreview
|inactive|Battle timer is ON: inactive players will automatically lose when time's up. (requested by SkillfullBeing)
|
|t:|1729037472
|start
|switch|p1a: o.o|Forretress, F|100/100
|switch|p2a: Heatran|Heatran, F|100/100
|-item|p2a: Heatran|Air Balloon
|turn|1
|
|t:|1729037478
|switch|p1a: O.X|Xatu, F, shiny|100/100
|move|p2a: Heatran|Lava Plume|p1a: O.X
|-damage|p1a: O.X|57/100
|
|upkeep
|turn|2
|
|t:|1729037487
|move|p2a: Heatran|Hidden Power|p1a: O.X
|-supereffective|p1a: O.X
|-damage|p1a: O.X|8/100
|move|p1a: O.X|Roost|p1a: O.X
|-heal|p1a: O.X|58/100
|-singleturn|p1a: O.X|move: Roost
|
|upkeep
|turn|3
|
|t:|1729037494
|move|p2a: Heatran|Lava Plume|p1a: O.X
|-damage|p1a: O.X|10/100
|move|p1a: O.X|U-turn|p2a: Heatran
|-resisted|p2a: Heatran
|-damage|p2a: Heatran|98/100
|-enditem|p2a: Heatran|Air Balloon
|
|t:|1729037500
|switch|p1a: :E|Mamoswine, F|100/100|[from] U-turn
|
|upkeep
|turn|4
|
|t:|1729037508
|move|p2a: Heatran|Protect|p2a: Heatran
|-singleturn|p2a: Heatran|Protect
|move|p1a: :E|Superpower|p2a: Heatran
|-activate|p2a: Heatran|move: Protect
|
|upkeep
|turn|5
|
|t:|1729037511
|switch|p2a: Celebi|Celebi|100/100
|move|p1a: :E|Icicle Crash|p2a: Celebi
|-supereffective|p2a: Celebi
|-damage|p2a: Celebi|3/100
|
|-heal|p2a: Celebi|10/100|[from] item: Leftovers
|upkeep
|turn|6
|
|t:|1729037516
|move|p1a: :E|Ice Shard|p2a: Celebi
|-supereffective|p2a: Celebi
|-damage|p2a: Celebi|0 fnt
|faint|p2a: Celebi
|
|upkeep
|
|t:|1729037519
|switch|p2a: Gastrodon|Gastrodon, M|100/100
|turn|7
|
|t:|1729037526
|switch|p1a: O.X|Xatu, F, shiny|10/100
|move|p2a: Gastrodon|Scald|p1a: O.X
|-damage|p1a: O.X|0 fnt
|faint|p1a: O.X
|
|upkeep
|
|t:|1729037532
|switch|p1a: :D|Chansey, F|100/100
|turn|8
|
|t:|1729037541
|switch|p2a: Excadrill|Excadrill, F|100/100
|-item|p2a: Excadrill|Air Balloon
|move|p1a: :D|Seismic Toss|p2a: Excadrill
|-damage|p2a: Excadrill|74/100
|-enditem|p2a: Excadrill|Air Balloon
|
|upkeep
|turn|9
|
|t:|1729037545
|switch|p1a: :}|Gliscor, F|100/100
|move|p2a: Excadrill|Swords Dance|p2a: Excadrill
|-boost|p2a: Excadrill|atk|2
|
|-status|p1a: :}|tox|[from] item: Toxic Orb
|upkeep
|turn|10
|
|t:|1729037550
|move|p2a: Excadrill|Iron Head|p1a: :}
|-damage|p1a: :}|50/100 tox
|move|p1a: :}|Earthquake|p2a: Excadrill
|-supereffective|p2a: Excadrill
|-damage|p2a: Excadrill|0 fnt
|faint|p2a: Excadrill
|
|-heal|p1a: :}|63/100 tox|[from] ability: Poison Heal
|upkeep
|
|t:|1729037560
|switch|p2a: Gastrodon|Gastrodon, M|100/100
|turn|11
|
|t:|1729037564
|move|p1a: :}|Protect|p1a: :}
|-singleturn|p1a: :}|Protect
|move|p2a: Gastrodon|Ice Beam|p1a: :}
|-activate|p1a: :}|move: Protect
|
|-heal|p1a: :}|75/100 tox|[from] ability: Poison Heal
|upkeep
|turn|12
|
|t:|1729037571
|switch|p1a: :D|Chansey, F|100/100
|move|p2a: Gastrodon|Toxic|p1a: :D|[miss]
|-miss|p2a: Gastrodon|p1a: :D
|
|upkeep
|turn|13
|
|t:|1729037577
|switch|p1a: :}|Gliscor, F|75/100 tox
|move|p2a: Gastrodon|Toxic|p1a: :}
|-fail|p1a: :}|tox
|
|-heal|p1a: :}|88/100 tox|[from] ability: Poison Heal
|upkeep
|turn|14
|
|t:|1729037584
|move|p1a: :}|Protect|p1a: :}
|-singleturn|p1a: :}|Protect
|move|p2a: Gastrodon|Toxic|p1a: :}
|-activate|p1a: :}|move: Protect
|
|-heal|p1a: :}|99/100 tox|[from] ability: Poison Heal
|upkeep
|turn|15
|
|t:|1729037589
|switch|p1a: :D|Chansey, F|100/100
|move|p2a: Gastrodon|Ice Beam|p1a: :D
|-damage|p1a: :D|94/100
|
|upkeep
|turn|16
|
|t:|1729037592
|move|p1a: :D|Toxic|p2a: Gastrodon
|-status|p2a: Gastrodon|tox
|move|p2a: Gastrodon|Toxic|p1a: :D
|-status|p1a: :D|tox
|
|-damage|p1a: :D|88/100 tox|[from] psn
|-damage|p2a: Gastrodon|94/100 tox|[from] psn
|upkeep
|turn|17
|
|t:|1729037596
|move|p1a: :D|Seismic Toss|p2a: Gastrodon
|-damage|p2a: Gastrodon|70/100 tox
|move|p2a: Gastrodon|Ice Beam|p1a: :D
|-damage|p1a: :D|82/100 tox
|
|-heal|p2a: Gastrodon|76/100 tox|[from] item: Leftovers
|-damage|p1a: :D|70/100 tox|[from] psn
|-damage|p2a: Gastrodon|64/100 tox|[from] psn
|upkeep
|turn|18
|
|t:|1729037602
|-curestatus|p1a: :D|tox|[from] ability: Natural Cure
|switch|p1a: :}|Gliscor, F|99/100 tox
|move|p2a: Gastrodon|Recover|p2a: Gastrodon
|-heal|p2a: Gastrodon|100/100 tox
|
|-heal|p1a: :}|100/100 tox|[from] ability: Poison Heal
|-damage|p2a: Gastrodon|82/100 tox|[from] psn
|upkeep
|turn|19
|
|t:|1729037606
|switch|p2a: Latios|Latios, M|100/100
|move|p1a: :}|Protect||[still]
|-fail|p1a: :}
|
|upkeep
|turn|20
|
|t:|1729037612
|switch|p1a: :D|Chansey, F|70/100
|move|p2a: Latios|Surf|p1a: :D
|-damage|p1a: :D|58/100
|
|upkeep
|turn|21
|
|t:|1729037616
|switch|p2a: Tyranitar|Tyranitar, F|100/100
|-weather|Sandstorm|[from] ability: Sand Stream|[of] p2a: Tyranitar
|move|p1a: :D|Soft-Boiled|p1a: :D
|-heal|p1a: :D|100/100
|
|-weather|Sandstorm|[upkeep]
|-damage|p1a: :D|94/100|[from] Sandstorm
|upkeep
|turn|22
|
|t:|1729037625
|switch|p1a: :3|Ninetales, F|100/100
|-weather|SunnyDay|[from] ability: Drought|[of] p1a: :3
|move|p2a: Tyranitar|Stone Edge|p1a: :3
|-supereffective|p1a: :3
|-damage|p1a: :3|9/100
|
|-weather|SunnyDay|[upkeep]
|-heal|p1a: :3|15/100|[from] item: Leftovers
|upkeep
|turn|23
|
|t:|1729037631
|-activate|p1a: :3|move: Pursuit
|move|p2a: Tyranitar|Pursuit|p1a: :3|[from]Pursuit
|-damage|p1a: :3|0 fnt
|faint|p1a: :3
|-hint|A Pokemon can't switch between when it runs out of HP and when it faints
|
|-weather|SunnyDay|[upkeep]
|upkeep
|
|t:|1729037636
|switch|p1a: :E|Mamoswine, F|100/100
|turn|24
|
|t:|1729037640
|switch|p2a: Gastrodon|Gastrodon, M|82/100 tox
|move|p1a: :E|Superpower|p2a: Gastrodon
|-damage|p2a: Gastrodon|50/100 tox
|-unboost|p1a: :E|atk|1
|-unboost|p1a: :E|def|1
|
|-weather|SunnyDay|[upkeep]
|-heal|p2a: Gastrodon|56/100 tox|[from] item: Leftovers
|-damage|p2a: Gastrodon|50/100 tox|[from] psn
|upkeep
|turn|25
|
|t:|1729037654
|switch|p1a: :}|Gliscor, F|100/100 tox
|move|p2a: Gastrodon|Recover|p2a: Gastrodon
|-heal|p2a: Gastrodon|99/100 tox
|
|-weather|SunnyDay|[upkeep]
|-heal|p2a: Gastrodon|100/100 tox|[from] item: Leftovers
|-damage|p2a: Gastrodon|88/100 tox|[from] psn
|upkeep
|turn|26
|
|t:|1729037664
|switch|p2a: Tyranitar|Tyranitar, F|100/100
|-weather|Sandstorm|[from] ability: Sand Stream|[of] p2a: Tyranitar
|move|p1a: :}|Protect||[still]
|-fail|p1a: :}
|
|-weather|Sandstorm|[upkeep]
|upkeep
|turn|27
|
|t:|1729037671
|switch|p2a: Gastrodon|Gastrodon, M|88/100 tox
|move|p1a: :}|Earthquake|p2a: Gastrodon
|-damage|p2a: Gastrodon|65/100 tox
|
|-weather|Sandstorm|[upkeep]
|-heal|p2a: Gastrodon|71/100 tox|[from] item: Leftovers
|-damage|p2a: Gastrodon|65/100 tox|[from] psn
|upkeep
|turn|28
|
|t:|1729037679
|move|p1a: :}|Protect|p1a: :}
|-singleturn|p1a: :}|Protect
|move|p2a: Gastrodon|Recover|p2a: Gastrodon
|-heal|p2a: Gastrodon|100/100 tox
|
|-weather|Sandstorm|[upkeep]
|-damage|p2a: Gastrodon|88/100 tox|[from] psn
|upkeep
|turn|29
|
|t:|1729037686
|switch|p1a: :D|Chansey, F|94/100
|move|p2a: Gastrodon|Ice Beam|p1a: :D
|-damage|p1a: :D|87/100
|
|-weather|Sandstorm|[upkeep]
|-damage|p1a: :D|81/100|[from] Sandstorm
|-heal|p2a: Gastrodon|94/100 tox|[from] item: Leftovers
|-damage|p2a: Gastrodon|76/100 tox|[from] psn
|upkeep
|turn|30
|
|t:|1729037690
|move|p1a: :D|Seismic Toss|p2a: Gastrodon
|-damage|p2a: Gastrodon|52/100 tox
|move|p2a: Gastrodon|Toxic|p1a: :D|[miss]
|-miss|p2a: Gastrodon|p1a: :D
|
|-weather|Sandstorm|[upkeep]
|-damage|p1a: :D|75/100|[from] Sandstorm
|-heal|p2a: Gastrodon|58/100 tox|[from] item: Leftovers
|-damage|p2a: Gastrodon|34/100 tox|[from] psn
|upkeep
|turn|31
|
|t:|1729037695
|move|p1a: :D|Seismic Toss|p2a: Gastrodon
|-damage|p2a: Gastrodon|10/100 tox
|move|p2a: Gastrodon|Recover|p2a: Gastrodon
|-heal|p2a: Gastrodon|60/100 tox
|
|-weather|Sandstorm|[upkeep]
|-damage|p1a: :D|69/100|[from] Sandstorm
|-heal|p2a: Gastrodon|66/100 tox|[from] item: Leftovers
|-damage|p2a: Gastrodon|36/100 tox|[from] psn
|upkeep
|turn|32
|
|t:|1729037699
|switch|p2a: Tyranitar|Tyranitar, F|100/100
|move|p1a: :D|Seismic Toss|p2a: Tyranitar
|-damage|p2a: Tyranitar|75/100
|
|-weather|Sandstorm|[upkeep]
|-damage|p1a: :D|62/100|[from] Sandstorm
|upkeep
|turn|33
|
|t:|1729037704
|-activate|p1a: :D|move: Pursuit
|move|p2a: Tyranitar|Pursuit|p1a: :D|[from]Pursuit
|-damage|p1a: :D|37/100
|switch|p1a: o.o|Forretress, F|100/100
|
|-weather|Sandstorm|[upkeep]
|upkeep
|turn|34
|
|t:|1729037709
|move|p2a: Tyranitar|Thunder Wave|p1a: o.o
|-status|p1a: o.o|par
|cant|p1a: o.o|par
|
|-weather|Sandstorm|[upkeep]
|upkeep
|turn|35
|
|t:|1729037713
|move|p2a: Tyranitar|Stone Edge|p1a: o.o
|-damage|p1a: o.o|76/100 par
|cant|p1a: o.o|par
|
|-weather|Sandstorm|[upkeep]
|-heal|p1a: o.o|83/100 par|[from] item: Leftovers
|upkeep
|turn|36
|
|t:|1729037717
|switch|p2a: Heatran|Heatran, F|98/100
|move|p1a: o.o|Spikes|p2a: Heatran
|-sidestart|p2: SkillfullBeing|Spikes
|
|-weather|Sandstorm|[upkeep]
|-heal|p1a: o.o|89/100 par|[from] item: Leftovers
|upkeep
|turn|37
|
|t:|1729037729
|move|p2a: Heatran|Lava Plume|p1a: o.o
|-supereffective|p1a: o.o
|-damage|p1a: o.o|0 fnt
|faint|p1a: o.o
|
|-weather|Sandstorm|[upkeep]
|upkeep
|
|t:|1729037733
|switch|p1a: :D|Chansey, F|37/100
|turn|38
|
|t:|1729037736
|move|p2a: Heatran|Toxic|p1a: :D|[miss]
|-miss|p2a: Heatran|p1a: :D
|move|p1a: :D|Soft-Boiled|p1a: :D
|-heal|p1a: :D|87/100
|
|-weather|Sandstorm|[upkeep]
|-damage|p1a: :D|81/100|[from] Sandstorm
|upkeep
|turn|39
|
|t:|1729037742
|move|p2a: Heatran|Toxic|p1a: :D
|-status|p1a: :D|tox
|move|p1a: :D|Seismic Toss|p2a: Heatran
|-damage|p2a: Heatran|67/100
|
|-weather|Sandstorm|[upkeep]
|-damage|p1a: :D|75/100 tox|[from] Sandstorm
|-damage|p1a: :D|69/100 tox|[from] psn
|upkeep
|turn|40
|
|t:|1729037746
|move|p2a: Heatran|Protect|p2a: Heatran
|-singleturn|p2a: Heatran|Protect
|move|p1a: :D|Soft-Boiled|p1a: :D
|-heal|p1a: :D|100/100 tox
|
|-weather|Sandstorm|[upkeep]
|-damage|p1a: :D|94/100 tox|[from] Sandstorm
|-damage|p1a: :D|82/100 tox|[from] psn
|upkeep
|turn|41
|
|t:|1729037752
|switch|p2a: Tyranitar|Tyranitar, F|75/100
|-damage|p2a: Tyranitar|63/100|[from] Spikes
|-curestatus|p1a: :D|tox|[from] ability: Natural Cure
|switch|p1a: :}|Gliscor, F|100/100 tox
|
|-weather|Sandstorm|[upkeep]
|upkeep
|turn|42
|
|t:|1729037758
|move|p1a: :}|Knock Off|p2a: Tyranitar
|-resisted|p2a: Tyranitar
|-damage|p2a: Tyranitar|61/100
|-enditem|p2a: Tyranitar|Chople Berry|[from] move: Knock Off|[of] p1a: :}
|move|p2a: Tyranitar|Stone Edge|p1a: :}
|-damage|p1a: :}|72/100 tox
|
|-weather|Sandstorm|[upkeep]
|-heal|p1a: :}|85/100 tox|[from] ability: Poison Heal
|upkeep
|turn|43
|
|t:|1729037765
|move|p1a: :}|Stealth Rock|p2a: Tyranitar
|-sidestart|p2: SkillfullBeing|move: Stealth Rock
|move|p2a: Tyranitar|Crunch|p1a: :}
|-crit|p1a: :}
|-damage|p1a: :}|34/100 tox
|-unboost|p1a: :}|def|1
|
|-weather|Sandstorm|[upkeep]
|-heal|p1a: :}|46/100 tox|[from] ability: Poison Heal
|upkeep
|turn|44
|
|t:|1729037769
|move|p1a: :}|Protect|p1a: :}
|-singleturn|p1a: :}|Protect
|move|p2a: Tyranitar|Crunch|p1a: :}
|-activate|p1a: :}|move: Protect
|
|-weather|Sandstorm|[upkeep]
|-heal|p1a: :}|59/100 tox|[from] ability: Poison Heal
|upkeep
|turn|45
|
|t:|1729037772
|switch|p1a: :E|Mamoswine, F|100/100
|move|p2a: Tyranitar|Crunch|p1a: :E
|-damage|p1a: :E|70/100
|-unboost|p1a: :E|def|1
|
|-weather|Sandstorm|[upkeep]
|upkeep
|turn|46
|
|t:|1729037780
|switch|p2a: Gastrodon|Gastrodon, M|36/100 tox
|-damage|p2a: Gastrodon|24/100 tox|[from] Spikes
|-damage|p2a: Gastrodon|18/100 tox|[from] Stealth Rock
|move|p1a: :E|Icicle Crash|p2a: Gastrodon
|-damage|p2a: Gastrodon|0 fnt
|faint|p2a: Gastrodon
|
|-weather|Sandstorm|[upkeep]
|upkeep
|
|t:|1729037790
|switch|p2a: Latios|Latios, M|100/100
|-damage|p2a: Latios|88/100|[from] Stealth Rock
|turn|47
|
|t:|1729037793
|switch|p1a: :D|Chansey, F|82/100
|move|p2a: Latios|Psyshock|p1a: :D
|-damage|p1a: :D|57/100
|
|-weather|Sandstorm|[upkeep]
|-damage|p2a: Latios|82/100|[from] Sandstorm
|-damage|p1a: :D|51/100|[from] Sandstorm
|upkeep
|turn|48
|
|t:|1729037797
|move|p2a: Latios|Psyshock|p1a: :D
|-damage|p1a: :D|25/100
|move|p1a: :D|Soft-Boiled|p1a: :D
|-heal|p1a: :D|75/100
|
|-weather|Sandstorm|[upkeep]
|-damage|p2a: Latios|76/100|[from] Sandstorm
|-damage|p1a: :D|68/100|[from] Sandstorm
|upkeep
|turn|49
|
|t:|1729037800
|move|p2a: Latios|Psyshock|p1a: :D
|-damage|p1a: :D|41/100
|move|p1a: :D|Soft-Boiled|p1a: :D
|-heal|p1a: :D|91/100
|
|-weather|Sandstorm|[upkeep]
|-damage|p2a: Latios|70/100|[from] Sandstorm
|-damage|p1a: :D|85/100|[from] Sandstorm
|upkeep
|turn|50
|
|t:|1729037803
|switch|p2a: Tyranitar|Tyranitar, F|61/100
|-damage|p2a: Tyranitar|48/100|[from] Spikes
|-damage|p2a: Tyranitar|36/100|[from] Stealth Rock
|move|p1a: :D|Toxic|p2a: Tyranitar
|-status|p2a: Tyranitar|tox
|
|-weather|Sandstorm|[upkeep]
|-damage|p1a: :D|79/100|[from] Sandstorm
|-damage|p2a: Tyranitar|30/100 tox|[from] psn
|upkeep
|turn|51
|
|t:|1729037809
|move|p2a: Tyranitar|Crunch|p1a: :D
|-damage|p1a: :D|55/100
|move|p1a: :D|Seismic Toss|p2a: Tyranitar
|-damage|p2a: Tyranitar|4/100 tox
|
|-weather|Sandstorm|[upkeep]
|-damage|p1a: :D|49/100|[from] Sandstorm
|-damage|p2a: Tyranitar|0 fnt|[from] psn
|faint|p2a: Tyranitar
|upkeep
|-message|SkillfullBeing forfeited.
|
|win|esiariesiari
|raw|esiariesiari's rating: 1313 &rarr; <strong>1337</strong><br />(+24 for winning)
|raw|SkillfullBeing's rating: 1388 &rarr; <strong>1364</strong><br />(-24 for losing)
