|j|☆CamiloTD
|j|☆AstroMigui
|t:|1729321839
|gametype|singles
|player|p1|CamiloTD|magnus|1362
|player|p2|AstroMigui|170|1470
|teamsize|p1|6
|teamsize|p2|6
|gen|5
|tier|[Gen 5] OU
|rated|
|rule|Species Clause: Limit one of each Pokémon
|rule|OHKO Clause: OHKO moves are banned
|rule|Moody Clause: Moody is banned
|rule|Evasion Items Clause: Evasion items are banned
|rule|Evasion Moves Clause: Evasion moves are banned
|rule|Endless Battle Clause: Forcing endless battles is banned
|rule|HP Percentage Mod: HP is shown in percentages
|rule|Evasion Abilities Clause: Evasion abilities are banned
|rule|Sleep Moves Clause: Sleep-inducing moves are banned
|rule|Swagger Clause: Swagger is banned
|rule|Baton Pass Stat Clause: No Baton Passer may have a way to boost its stats
|clearpoke
|poke|p1|Krookodile, M|item
|poke|p1|Bisharp, F|item
|poke|p1|Aerodactyl, M|item
|poke|p1|Tyranitar, M|item
|poke|p1|Quagsire, M|item
|poke|p1|Starmie|item
|poke|p2|Garchomp, F|item
|poke|p2|Dragonite, M|item
|poke|p2|Latios, M|item
|poke|p2|Magnezone|item
|poke|p2|Latias, F|item
|poke|p2|Jirachi|item
|teampreview
|
|t:|1729321874
|start
|switch|p1a: Starmie|Starmie|100/100
|switch|p2a: Jirachi|Jirachi|100/100
|turn|1
|
|t:|1729321895
|move|p1a: Starmie|Scald|p2a: Jirachi
|-damage|p2a: Jirachi|83/100
|move|p2a: Jirachi|Thunder|p1a: Starmie
|-supereffective|p1a: Starmie
|-damage|p1a: Starmie|37/100
|-status|p1a: Starmie|par
|
|-heal|p1a: Starmie|43/100 par|[from] item: Leftovers
|upkeep
|turn|2
|
|t:|1729321911
|-curestatus|p1a: Starmie|par|[from] ability: Natural Cure
|switch|p1a: Tyranitar|Tyranitar, M|100/100
|-weather|Sandstorm|[from] ability: Sand Stream|[of] p1a: Tyranitar
|move|p2a: Jirachi|Stealth Rock|p1a: Tyranitar
|-sidestart|p1: CamiloTD|move: Stealth Rock
|
|-weather|Sandstorm|[upkeep]
|upkeep
|turn|3
|
|t:|1729321921
|move|p1a: Tyranitar|Fire Blast|p2a: Jirachi
|-supereffective|p2a: Jirachi
|-damage|p2a: Jirachi|40/100
|move|p2a: Jirachi|U-turn|p1a: Tyranitar
|-supereffective|p1a: Tyranitar
|-damage|p1a: Tyranitar|72/100
|
|t:|1729321935
|switch|p2a: Garchomp|Garchomp, F|100/100|[from] U-turn
|
|-weather|Sandstorm|[upkeep]
|upkeep
|turn|4
|
|t:|1729321940
|switch|p1a: Quagsire|Quagsire, M|100/100
|-damage|p1a: Quagsire|94/100|[from] Stealth Rock
|move|p2a: Garchomp|Earthquake|p1a: Quagsire
|-damage|p1a: Quagsire|60/100
|
|-weather|Sandstorm|[upkeep]
|-heal|p1a: Quagsire|66/100|[from] item: Leftovers
|upkeep
|turn|5
|
|t:|1729321951
|switch|p2a: Latios|Latios, M|100/100
|move|p1a: Quagsire|Recover|p1a: Quagsire
|-heal|p1a: Quagsire|100/100
|
|-weather|Sandstorm|[upkeep]
|-damage|p2a: Latios|95/100|[from] Sandstorm
|upkeep
|turn|6
|
|t:|1729321956
|switch|p1a: Bisharp|Bisharp, F|100/100
|-damage|p1a: Bisharp|95/100|[from] Stealth Rock
|move|p2a: Latios|Draco Meteor|p1a: Bisharp
|-resisted|p1a: Bisharp
|-damage|p1a: Bisharp|15/100
|-unboost|p2a: Latios|spa|2
|
|-weather|Sandstorm|[upkeep]
|-damage|p2a: Latios|89/100|[from] Sandstorm
|upkeep
|turn|7
|
|t:|1729321976
|switch|p2a: Jirachi|Jirachi|40/100
|move|p1a: Bisharp|Stealth Rock|p2a: Jirachi
|-sidestart|p2: AstroMigui|move: Stealth Rock
|
|-weather|Sandstorm|[upkeep]
|upkeep
|turn|8
|
|t:|1729321982
|move|p1a: Bisharp|Sucker Punch|p2a: Jirachi
|-damage|p2a: Jirachi|2/100
|move|p2a: Jirachi|U-turn|p1a: Bisharp
|-damage|p1a: Bisharp|0 fnt
|faint|p1a: Bisharp
|
|t:|1729321996
|switch|p2a: Dragonite|Dragonite, M|100/100|[from] U-turn
|-damage|p2a: Dragonite|76/100|[from] Stealth Rock
|
|-weather|Sandstorm|[upkeep]
|-damage|p2a: Dragonite|70/100|[from] Sandstorm
|upkeep
|
|t:|1729322002
|switch|p1a: Tyranitar|Tyranitar, M|72/100
|-damage|p1a: Tyranitar|59/100|[from] Stealth Rock
|turn|9
|
|t:|1729322010
|switch|p2a: Magnezone|Magnezone|100/100
|-damage|p2a: Magnezone|94/100|[from] Stealth Rock
|-item|p2a: Magnezone|Air Balloon
|move|p1a: Tyranitar|Ice Beam|p2a: Magnezone
|-resisted|p2a: Magnezone
|-damage|p2a: Magnezone|74/100
|-enditem|p2a: Magnezone|Air Balloon
|
|-weather|Sandstorm|[upkeep]
|upkeep
|turn|10
|
|t:|1729322023
|switch|p1a: Starmie|Starmie|43/100
|-damage|p1a: Starmie|31/100|[from] Stealth Rock
|switch|p2a: Latios|Latios, M|89/100
|-damage|p2a: Latios|76/100|[from] Stealth Rock
|
|-weather|Sandstorm|[upkeep]
|-damage|p2a: Latios|70/100|[from] Sandstorm
|-damage|p1a: Starmie|25/100|[from] Sandstorm
|-heal|p1a: Starmie|31/100|[from] item: Leftovers
|upkeep
|turn|11
|
|t:|1729322035
|switch|p2a: Jirachi|Jirachi|2/100
|-damage|p2a: Jirachi|0 fnt|[from] Stealth Rock
|faint|p2a: Jirachi
|move|p1a: Starmie|Rapid Spin|p2: Jirachi|[notarget]
|-fail|p1a: Starmie
|
|-weather|Sandstorm|[upkeep]
|-damage|p1a: Starmie|25/100|[from] Sandstorm
|-heal|p1a: Starmie|31/100|[from] item: Leftovers
|upkeep
|
|t:|1729322042
|switch|p2a: Dragonite|Dragonite, M|70/100
|-damage|p2a: Dragonite|45/100|[from] Stealth Rock
|turn|12
|
|t:|1729322049
|move|p1a: Starmie|Rapid Spin|p2a: Dragonite
|-damage|p2a: Dragonite|41/100
|-sideend|p1: CamiloTD|Stealth Rock|[from] move: Rapid Spin|[of] p1a: Starmie
|move|p2a: Dragonite|Outrage|p1a: Starmie
|-damage|p1a: Starmie|0 fnt
|faint|p1a: Starmie
|
|-weather|Sandstorm|[upkeep]
|-damage|p2a: Dragonite|35/100|[from] Sandstorm
|upkeep
|
|t:|1729322054
|switch|p1a: Krookodile|Krookodile, M|100/100
|turn|13
|
|t:|1729322056
|move|p1a: Krookodile|Crunch|p2a: Dragonite
|-damage|p2a: Dragonite|0 fnt
|faint|p2a: Dragonite
|-ability|p1a: Krookodile|Moxie|boost
|-boost|p1a: Krookodile|atk|1
|
|-weather|Sandstorm|[upkeep]
|upkeep
|
|t:|1729322079
|switch|p2a: Magnezone|Magnezone|74/100
|-damage|p2a: Magnezone|68/100|[from] Stealth Rock
|turn|14
|
|t:|1729322087
|switch|p2a: Latios|Latios, M|70/100
|-damage|p2a: Latios|58/100|[from] Stealth Rock
|move|p1a: Krookodile|Crunch|p2a: Latios
|-supereffective|p2a: Latios
|-damage|p2a: Latios|0 fnt
|faint|p2a: Latios
|-ability|p1a: Krookodile|Moxie|boost
|-boost|p1a: Krookodile|atk|1
|
|-weather|Sandstorm|[upkeep]
|upkeep
|
|t:|1729322101
|switch|p2a: Magnezone|Magnezone|68/100
|-damage|p2a: Magnezone|62/100|[from] Stealth Rock
|turn|15
|
|t:|1729322105
|move|p1a: Krookodile|Crunch|p2a: Magnezone
|-resisted|p2a: Magnezone
|-damage|p2a: Magnezone|24/100
|move|p2a: Magnezone|Flash Cannon|p1a: Krookodile
|-damage|p1a: Krookodile|33/100
|
|-weather|Sandstorm|[upkeep]
|upkeep
|turn|16
|
|t:|1729322113
|move|p1a: Krookodile|Crunch|p2a: Magnezone
|-resisted|p2a: Magnezone
|-damage|p2a: Magnezone|0 fnt
|faint|p2a: Magnezone
|-ability|p1a: Krookodile|Moxie|boost
|-boost|p1a: Krookodile|atk|1
|
|-weather|Sandstorm|[upkeep]
|upkeep
|
|t:|1729322123
|switch|p2a: Garchomp|Garchomp, F|100/100
|-damage|p2a: Garchomp|94/100|[from] Stealth Rock
|turn|17
|
|t:|1729322128
|move|p2a: Garchomp|Outrage|p1a: Krookodile
|-damage|p1a: Krookodile|0 fnt
|faint|p1a: Krookodile
|
|-weather|Sandstorm|[upkeep]
|upkeep
|
|t:|1729322133
|switch|p1a: Tyranitar|Tyranitar, M|59/100
|turn|18
|
|t:|1729322136
|move|p2a: Garchomp|Outrage|p1a: Tyranitar|[from]lockedmove
|-damage|p1a: Tyranitar|0 fnt
|faint|p1a: Tyranitar
|-start|p2a: Garchomp|confusion|[fatigue]
|
|-weather|Sandstorm|[upkeep]
|upkeep
|
|t:|1729322141
|switch|p1a: Quagsire|Quagsire, M|100/100
|turn|19
|
|t:|1729322144
|-activate|p2a: Garchomp|confusion
|move|p2a: Garchomp|Outrage|p1a: Quagsire
|-damage|p1a: Quagsire|57/100
|move|p1a: Quagsire|Toxic|p2a: Garchomp|[miss]
|-miss|p1a: Quagsire|p2a: Garchomp
|
|-weather|Sandstorm|[upkeep]
|-heal|p1a: Quagsire|63/100|[from] item: Leftovers
|upkeep
|turn|20
|
|t:|1729322149
|-activate|p2a: Garchomp|confusion
|move|p2a: Garchomp|Outrage|p1a: Quagsire|[from]lockedmove
|-damage|p1a: Quagsire|21/100
|move|p1a: Quagsire|Recover|p1a: Quagsire
|-heal|p1a: Quagsire|71/100
|
|-weather|Sandstorm|[upkeep]
|-heal|p1a: Quagsire|77/100|[from] item: Leftovers
|upkeep
|turn|21
|
|t:|1729322155
|-activate|p2a: Garchomp|confusion
|-damage|p2a: Garchomp|79/100|[from] confusion
|move|p1a: Quagsire|Recover|p1a: Quagsire
|-heal|p1a: Quagsire|100/100
|
|-weather|Sandstorm|[upkeep]
|upkeep
|turn|22
|
|t:|1729322160
|switch|p2a: Latias|Latias, F|100/100
|-damage|p2a: Latias|88/100|[from] Stealth Rock
|move|p1a: Quagsire|Toxic|p2a: Latias
|-status|p2a: Latias|tox
|
|-weather|Sandstorm|[upkeep]
|-damage|p2a: Latias|82/100 tox|[from] Sandstorm
|-damage|p2a: Latias|76/100 tox|[from] psn
|upkeep
|turn|23
|
|t:|1729322163
|switch|p1a: Aerodactyl|Aerodactyl, M|100/100
|-ability|p1a: Aerodactyl|Pressure
|move|p2a: Latias|Draco Meteor|p1a: Aerodactyl
|-damage|p1a: Aerodactyl|65/100
|-unboost|p2a: Latias|spa|2
|
|-weather|Sandstorm|[upkeep]
|-damage|p2a: Latias|70/100 tox|[from] Sandstorm
|-heal|p1a: Aerodactyl|71/100|[from] item: Leftovers
|-damage|p2a: Latias|58/100 tox|[from] psn
|upkeep
|turn|24
|
|t:|1729322172
|switch|p2a: Garchomp|Garchomp, F|79/100
|-damage|p2a: Garchomp|73/100|[from] Stealth Rock
|move|p1a: Aerodactyl|Substitute|p1a: Aerodactyl
|-start|p1a: Aerodactyl|Substitute
|-damage|p1a: Aerodactyl|46/100
|
|-weather|Sandstorm|[upkeep]
|-heal|p1a: Aerodactyl|52/100|[from] item: Leftovers
|upkeep
|turn|25
|
|t:|1729322177
|move|p2a: Garchomp|Outrage|p1a: Aerodactyl
|-end|p1a: Aerodactyl|Substitute
|move|p1a: Aerodactyl|Roost|p1a: Aerodactyl
|-heal|p1a: Aerodactyl|100/100
|-singleturn|p1a: Aerodactyl|move: Roost
|
|-weather|Sandstorm|[upkeep]
|upkeep
|turn|26
|
|t:|1729322181
|move|p1a: Aerodactyl|Protect|p1a: Aerodactyl
|-singleturn|p1a: Aerodactyl|Protect
|move|p2a: Garchomp|Outrage|p1a: Aerodactyl|[from]lockedmove
|-activate|p1a: Aerodactyl|move: Protect
|-start|p2a: Garchomp|confusion|[fatigue]
|
|-weather|Sandstorm|[upkeep]
|upkeep
|turn|27
|
|t:|1729322185
|switch|p1a: Quagsire|Quagsire, M|100/100
|-activate|p2a: Garchomp|confusion
|move|p2a: Garchomp|Outrage|p1a: Quagsire
|-damage|p1a: Quagsire|59/100
|
|-weather|Sandstorm|[upkeep]
|-heal|p1a: Quagsire|65/100|[from] item: Leftovers
|upkeep
|turn|28
|
|t:|1729322193
|-activate|p2a: Garchomp|confusion
|move|p2a: Garchomp|Outrage|p1a: Quagsire|[from]lockedmove
|-damage|p1a: Quagsire|24/100
|move|p1a: Quagsire|Recover|p1a: Quagsire
|-heal|p1a: Quagsire|74/100
|
|-weather|Sandstorm|[upkeep]
|-heal|p1a: Quagsire|80/100|[from] item: Leftovers
|upkeep
|turn|29
|
|t:|1729322199
|-end|p2a: Garchomp|confusion
|move|p2a: Garchomp|Outrage|p1a: Quagsire|[from]lockedmove
|-damage|p1a: Quagsire|34/100
|-start|p2a: Garchomp|confusion|[fatigue]
|move|p1a: Quagsire|Toxic|p2a: Garchomp|[miss]
|-miss|p1a: Quagsire|p2a: Garchomp
|
|-weather|Sandstorm|[upkeep]
|-heal|p1a: Quagsire|40/100|[from] item: Leftovers
|upkeep
|turn|30
|
|t:|1729322205
|-activate|p2a: Garchomp|confusion
|-damage|p2a: Garchomp|59/100|[from] confusion
|move|p1a: Quagsire|Recover|p1a: Quagsire
|-heal|p1a: Quagsire|90/100
|
|-weather|Sandstorm|[upkeep]
|-heal|p1a: Quagsire|96/100|[from] item: Leftovers
|upkeep
|turn|31
|c|☆CamiloTD|damn
|
|t:|1729322210
|-activate|p2a: Garchomp|confusion
|move|p2a: Garchomp|Outrage|p1a: Quagsire
|-crit|p1a: Quagsire
|-damage|p1a: Quagsire|16/100
|move|p1a: Quagsire|Toxic|p2a: Garchomp
|-status|p2a: Garchomp|tox
|
|-weather|Sandstorm|[upkeep]
|-heal|p1a: Quagsire|22/100|[from] item: Leftovers
|-damage|p2a: Garchomp|53/100 tox|[from] psn
|upkeep
|turn|32
|
|t:|1729322214
|-end|p2a: Garchomp|confusion
|move|p2a: Garchomp|Outrage|p1a: Quagsire|[from]lockedmove
|-damage|p1a: Quagsire|0 fnt
|faint|p1a: Quagsire
|-start|p2a: Garchomp|confusion|[fatigue]
|
|-weather|Sandstorm|[upkeep]
|-damage|p2a: Garchomp|41/100 tox|[from] psn
|upkeep
|
|t:|1729322217
|switch|p1a: Aerodactyl|Aerodactyl, M|100/100
|-ability|p1a: Aerodactyl|Pressure
|turn|33
|
|t:|1729322219
|-activate|p2a: Garchomp|confusion
|-damage|p2a: Garchomp|26/100 tox|[from] confusion
|move|p1a: Aerodactyl|Substitute|p1a: Aerodactyl
|-start|p1a: Aerodactyl|Substitute
|-damage|p1a: Aerodactyl|75/100
|
|-weather|Sandstorm|[upkeep]
|-heal|p1a: Aerodactyl|82/100|[from] item: Leftovers
|-damage|p2a: Garchomp|8/100 tox|[from] psn
|upkeep
|turn|34
|c|☆CamiloTD|gg
|
|t:|1729322224
|move|p1a: Aerodactyl|Protect|p1a: Aerodactyl
|-singleturn|p1a: Aerodactyl|Protect
|-activate|p2a: Garchomp|confusion
|move|p2a: Garchomp|Outrage|p1a: Aerodactyl
|-activate|p1a: Aerodactyl|move: Protect
|
|-weather|Sandstorm|[upkeep]
|-heal|p1a: Aerodactyl|88/100|[from] item: Leftovers
|-damage|p2a: Garchomp|0 fnt|[from] psn
|faint|p2a: Garchomp
|upkeep
|
|t:|1729322228
|switch|p2a: Latias|Latias, F|58/100 tox
|-damage|p2a: Latias|46/100 tox|[from] Stealth Rock
|turn|35
|
|t:|1729322234
|move|p2a: Latias|Thunderbolt|p1a: Aerodactyl
|-supereffective|p1a: Aerodactyl
|-end|p1a: Aerodactyl|Substitute
|move|p1a: Aerodactyl|Substitute|p1a: Aerodactyl
|-start|p1a: Aerodactyl|Substitute
|-damage|p1a: Aerodactyl|63/100
|
|-weather|Sandstorm|[upkeep]
|-damage|p2a: Latias|40/100 tox|[from] Sandstorm
|-heal|p1a: Aerodactyl|69/100|[from] item: Leftovers
|-damage|p2a: Latias|34/100 tox|[from] psn
|upkeep
|turn|36
|
|t:|1729322237
|move|p1a: Aerodactyl|Protect|p1a: Aerodactyl
|-singleturn|p1a: Aerodactyl|Protect
|move|p2a: Latias|Thunderbolt|p1a: Aerodactyl
|-activate|p1a: Aerodactyl|move: Protect
|
|-weather|Sandstorm|[upkeep]
|-damage|p2a: Latias|28/100 tox|[from] Sandstorm
|-heal|p1a: Aerodactyl|75/100|[from] item: Leftovers
|-damage|p2a: Latias|16/100 tox|[from] psn
|upkeep
|turn|37
|
|t:|1729322240
|move|p2a: Latias|Thunderbolt|p1a: Aerodactyl
|-supereffective|p1a: Aerodactyl
|-end|p1a: Aerodactyl|Substitute
|move|p1a: Aerodactyl|Wing Attack|p2a: Latias
|-damage|p2a: Latias|0 fnt
|faint|p2a: Latias
|
|win|CamiloTD
|raw|CamiloTD's rating: 1362 &rarr; <strong>1388</strong><br />(+26 for winning)
|raw|AstroMigui's rating: 1470 &rarr; <strong>1444</strong><br />(-26 for losing)
