|j|☆yoybbuiyb
|j|☆stonya
|t:|1710108064
|gametype|singles
|player|p1|yoybbuiyb|1|1416
|player|p2|stonya|102|1547
|teamsize|p1|6
|teamsize|p2|6
|gen|5
|tier|[Gen 5] OU
|rated|
|rule|Species Clause: Limit one of each Pokémon
|rule|OHKO Clause: OHKO moves are banned
|rule|Moody Clause: Moody is banned
|rule|Evasion Items Clause: Evasion items are banned
|rule|Evasion Moves Clause: Evasion moves are banned
|rule|Endless Battle Clause: Forcing endless battles is banned
|rule|HP Percentage Mod: HP is shown in percentages
|rule|Evasion Abilities Clause: Evasion abilities are banned
|rule|Sleep Moves Clause: Sleep-inducing moves are banned
|rule|Swagger Clause: Swagger is banned
|rule|Baton Pass Stat Clause: No Baton Passer may have a way to boost its stats
|clearpoke
|poke|p1|Tyranitar, M|item
|poke|p1|Xatu, M|item
|poke|p1|Excadrill, M|item
|poke|p1|Volcarona, M|item
|poke|p1|Rotom-Wash|item
|poke|p1|Latios, M|item
|poke|p2|Tyranitar, M|item
|poke|p2|Magnezone|item
|poke|p2|Terrakion|item
|poke|p2|Latios, M|item
|poke|p2|Scizor, F|item
|poke|p2|Landorus-Therian, M|item
|teampreview
|
|t:|1710108082
|start
|switch|p1a: Latios|Latios, M|100/100
|switch|p2a: Bron Bron|Landorus-Therian, M|100/100
|-ability|p2a: Bron Bron|Intimidate|boost
|-unboost|p1a: Latios|atk|1
|turn|1
|
|t:|1710108091
|switch|p1a: Xatu|Xatu, M|100/100
|switch|p2a: Pat Riely|Tyranitar, M|100/100
|-weather|Sandstorm|[from] ability: Sand Stream|[of] p2a: Pat Riely
|
|-weather|Sandstorm|[upkeep]
|-damage|p1a: Xatu|95/100|[from] Sandstorm
|upkeep
|turn|2
|
|t:|1710108098
|move|p1a: Xatu|Reflect|p1a: Xatu
|-sidestart|p1: yoybbuiyb|Reflect
|move|p2a: Pat Riely|Pursuit|p1a: Xatu
|-supereffective|p1a: Xatu
|-damage|p1a: Xatu|77/100
|-damage|p2a: Pat Riely|84/100|[from] item: Rocky Helmet|[of] p1a: Xatu
|
|-weather|Sandstorm|[upkeep]
|-damage|p1a: Xatu|71/100|[from] Sandstorm
|-heal|p2a: Pat Riely|90/100|[from] item: Leftovers
|upkeep
|turn|3
|
|t:|1710108103
|move|p1a: Xatu|Night Shade|p2a: Pat Riely
|-damage|p2a: Pat Riely|65/100
|move|p2a: Pat Riely|Ice Beam|p1a: Xatu
|-supereffective|p1a: Xatu
|-damage|p1a: Xatu|9/100
|
|-weather|Sandstorm|[upkeep]
|-damage|p1a: Xatu|3/100|[from] Sandstorm
|-heal|p2a: Pat Riely|71/100|[from] item: Leftovers
|upkeep
|turn|4
|
|t:|1710108109
|move|p1a: Xatu|Roost|p1a: Xatu
|-heal|p1a: Xatu|53/100
|-singleturn|p1a: Xatu|move: Roost
|move|p2a: Pat Riely|Pursuit|p1a: Xatu
|-supereffective|p1a: Xatu
|-damage|p1a: Xatu|36/100
|-damage|p2a: Pat Riely|55/100|[from] item: Rocky Helmet|[of] p1a: Xatu
|
|-weather|Sandstorm|[upkeep]
|-damage|p1a: Xatu|30/100|[from] Sandstorm
|-heal|p2a: Pat Riely|61/100|[from] item: Leftovers
|upkeep
|turn|5
|
|t:|1710108118
|move|p1a: Xatu|Roost|p1a: Xatu
|-heal|p1a: Xatu|80/100
|-singleturn|p1a: Xatu|move: Roost
|move|p2a: Pat Riely|Ice Beam|p1a: Xatu
|-damage|p1a: Xatu|48/100
|
|-weather|Sandstorm|[upkeep]
|-damage|p1a: Xatu|42/100|[from] Sandstorm
|-heal|p2a: Pat Riely|67/100|[from] item: Leftovers
|upkeep
|turn|6
|
|t:|1710108124
|move|p1a: Xatu|U-turn|p2a: Pat Riely
|-supereffective|p2a: Pat Riely
|-damage|p2a: Pat Riely|48/100
|
|t:|1710108129
|switch|p1a: Rotom|Rotom-Wash|100/100|[from] U-turn
|move|p2a: Pat Riely|Ice Beam|p1a: Rotom
|-resisted|p1a: Rotom
|-damage|p1a: Rotom|89/100
|
|-weather|Sandstorm|[upkeep]
|-damage|p1a: Rotom|83/100|[from] Sandstorm
|-heal|p1a: Rotom|89/100|[from] item: Leftovers
|-heal|p2a: Pat Riely|54/100|[from] item: Leftovers
|-sideend|p1: yoybbuiyb|Reflect
|upkeep
|turn|7
|
|t:|1710108138
|move|p1a: Rotom|Volt Switch|p2a: Pat Riely
|-crit|p2a: Pat Riely
|-damage|p2a: Pat Riely|32/100
|
|t:|1710108141
|switch|p1a: Xatu|Xatu, M|42/100|[from] Volt Switch
|move|p2a: Pat Riely|Stealth Rock|p1a: Xatu
|move|p1a: Xatu|Stealth Rock|p2a: Pat Riely|[from]ability: Magic Bounce
|-sidestart|p2: stonya|move: Stealth Rock
|
|-weather|Sandstorm|[upkeep]
|-damage|p1a: Xatu|36/100|[from] Sandstorm
|-heal|p2a: Pat Riely|38/100|[from] item: Leftovers
|upkeep
|turn|8
|
|t:|1710108147
|move|p1a: Xatu|Night Shade|p2a: Pat Riely
|-damage|p2a: Pat Riely|14/100
|move|p2a: Pat Riely|Ice Beam|p1a: Xatu
|-supereffective|p1a: Xatu
|-damage|p1a: Xatu|0 fnt
|faint|p1a: Xatu
|
|-weather|Sandstorm|[upkeep]
|-heal|p2a: Pat Riely|20/100|[from] item: Leftovers
|upkeep
|
|t:|1710108168
|switch|p1a: Volcarona|Volcarona, M|100/100
|turn|9
|
|t:|1710108171
|move|p1a: Volcarona|Bug Buzz|p2a: Pat Riely
|-supereffective|p2a: Pat Riely
|-damage|p2a: Pat Riely|0 fnt
|faint|p2a: Pat Riely
|
|-weather|Sandstorm|[upkeep]
|-damage|p1a: Volcarona|94/100|[from] Sandstorm
|upkeep
|
|t:|1710108177
|switch|p2a: Ray Allen|Magnezone|100/100
|-damage|p2a: Ray Allen|94/100|[from] Stealth Rock
|turn|10
|
|t:|1710108186
|switch|p1a: Excadrill|Excadrill, M|100/100
|-ability|p1a: Excadrill|Mold Breaker
|switch|p2a: D.Wade|Terrakion|100/100
|-damage|p2a: D.Wade|94/100|[from] Stealth Rock
|
|-weather|Sandstorm|[upkeep]
|upkeep
|turn|11
|
|t:|1710108193
|switch|p2a: Bron Bron|Landorus-Therian, M|100/100
|-damage|p2a: Bron Bron|88/100|[from] Stealth Rock
|-ability|p2a: Bron Bron|Intimidate|boost
|-unboost|p1a: Excadrill|atk|1
|move|p1a: Excadrill|Earthquake|p2a: Bron Bron
|-immune|p2a: Bron Bron
|
|-weather|Sandstorm|[upkeep]
|upkeep
|turn|12
|
|t:|1710108198
|switch|p1a: Rotom|Rotom-Wash|89/100
|move|p2a: Bron Bron|U-turn|p1a: Rotom
|-damage|p1a: Rotom|68/100
|
|t:|1710108205
|switch|p2a: Bosh|Latios, M, shiny|100/100|[from] U-turn
|-damage|p2a: Bosh|88/100|[from] Stealth Rock
|
|-weather|Sandstorm|[upkeep]
|-damage|p2a: Bosh|82/100|[from] Sandstorm
|-damage|p1a: Rotom|61/100|[from] Sandstorm
|-heal|p1a: Rotom|68/100|[from] item: Leftovers
|upkeep
|turn|13
|
|t:|1710108218
|switch|p1a: Tyranitar|Tyranitar, M|100/100
|move|p2a: Bosh|Energy Ball|p1a: Tyranitar
|-supereffective|p1a: Tyranitar
|-damage|p1a: Tyranitar|69/100
|
|-weather|Sandstorm|[upkeep]
|-damage|p2a: Bosh|76/100|[from] Sandstorm
|upkeep
|turn|14
|
|t:|1710108225
|move|p2a: Bosh|Surf|p1a: Tyranitar
|-supereffective|p1a: Tyranitar
|-damage|p1a: Tyranitar|29/100
|move|p1a: Tyranitar|Pursuit|p2a: Bosh
|-supereffective|p2a: Bosh
|-damage|p2a: Bosh|20/100
|
|-weather|Sandstorm|[upkeep]
|-damage|p2a: Bosh|14/100|[from] Sandstorm
|upkeep
|turn|15
|
|t:|1710108231
|move|p2a: Bosh|Surf|p1a: Tyranitar
|-supereffective|p1a: Tyranitar
|-damage|p1a: Tyranitar|0 fnt
|faint|p1a: Tyranitar
|
|-weather|Sandstorm|[upkeep]
|-damage|p2a: Bosh|8/100|[from] Sandstorm
|upkeep
|
|t:|1710108235
|switch|p1a: Excadrill|Excadrill, M|100/100
|-ability|p1a: Excadrill|Mold Breaker
|turn|16
|
|t:|1710108238
|move|p1a: Excadrill|Iron Head|p2a: Bosh
|-crit|p2a: Bosh
|-damage|p2a: Bosh|0 fnt
|faint|p2a: Bosh
|
|-weather|Sandstorm|[upkeep]
|upkeep
|
|t:|1710108240
|switch|p2a: Ray Allen|Magnezone|94/100
|-damage|p2a: Ray Allen|88/100|[from] Stealth Rock
|turn|17
|
|t:|1710108242
|move|p1a: Excadrill|Iron Head|p2a: Ray Allen
|-resisted|p2a: Ray Allen
|-damage|p2a: Ray Allen|76/100
|move|p2a: Ray Allen|Substitute|p2a: Ray Allen
|-start|p2a: Ray Allen|Substitute
|-damage|p2a: Ray Allen|51/100
|
|-weather|Sandstorm|[upkeep]
|-heal|p2a: Ray Allen|57/100|[from] item: Leftovers
|upkeep
|turn|18
|
|t:|1710108246
|move|p1a: Excadrill|Iron Head|p2a: Ray Allen
|-resisted|p2a: Ray Allen
|-activate|p2a: Ray Allen|Substitute|[damage]
|move|p2a: Ray Allen|Charge Beam|p1a: Excadrill
|-immune|p1a: Excadrill
|
|-weather|Sandstorm|[upkeep]
|-heal|p2a: Ray Allen|63/100|[from] item: Leftovers
|upkeep
|turn|19
|
|t:|1710108251
|move|p1a: Excadrill|Iron Head|p2a: Ray Allen
|-resisted|p2a: Ray Allen
|-activate|p2a: Ray Allen|Substitute|[damage]
|move|p2a: Ray Allen|Substitute|p2a: Ray Allen
|-fail|p2a: Ray Allen|move: Substitute
|
|-weather|Sandstorm|[upkeep]
|-heal|p2a: Ray Allen|69/100|[from] item: Leftovers
|upkeep
|turn|20
|
|t:|1710108253
|move|p1a: Excadrill|Iron Head|p2a: Ray Allen
|-resisted|p2a: Ray Allen
|-end|p2a: Ray Allen|Substitute
|move|p2a: Ray Allen|Substitute|p2a: Ray Allen
|-start|p2a: Ray Allen|Substitute
|-damage|p2a: Ray Allen|44/100
|
|-weather|Sandstorm|[upkeep]
|-heal|p2a: Ray Allen|50/100|[from] item: Leftovers
|upkeep
|turn|21
|
|t:|1710108255
|move|p1a: Excadrill|Iron Head|p2a: Ray Allen
|-resisted|p2a: Ray Allen
|-activate|p2a: Ray Allen|Substitute|[damage]
|move|p2a: Ray Allen|Charge Beam|p1a: Excadrill
|-immune|p1a: Excadrill
|
|-weather|Sandstorm|[upkeep]
|-heal|p2a: Ray Allen|56/100|[from] item: Leftovers
|upkeep
|turn|22
|
|t:|1710108257
|move|p1a: Excadrill|Iron Head|p2a: Ray Allen
|-resisted|p2a: Ray Allen
|-activate|p2a: Ray Allen|Substitute|[damage]
|move|p2a: Ray Allen|Charge Beam|p1a: Excadrill
|-immune|p1a: Excadrill
|
|-weather|Sandstorm|[upkeep]
|-heal|p2a: Ray Allen|62/100|[from] item: Leftovers
|upkeep
|turn|23
|
|t:|1710108258
|move|p1a: Excadrill|Iron Head|p2a: Ray Allen
|-resisted|p2a: Ray Allen
|-end|p2a: Ray Allen|Substitute
|move|p2a: Ray Allen|Substitute|p2a: Ray Allen
|-start|p2a: Ray Allen|Substitute
|-damage|p2a: Ray Allen|38/100
|
|-weather|Sandstorm|[upkeep]
|-heal|p2a: Ray Allen|44/100|[from] item: Leftovers
|upkeep
|turn|24
|
|t:|1710108260
|move|p1a: Excadrill|Iron Head|p2a: Ray Allen
|-resisted|p2a: Ray Allen
|-activate|p2a: Ray Allen|Substitute|[damage]
|move|p2a: Ray Allen|Charge Beam|p1a: Excadrill
|-immune|p1a: Excadrill
|
|-weather|Sandstorm|[upkeep]
|-heal|p2a: Ray Allen|50/100|[from] item: Leftovers
|upkeep
|turn|25
|
|t:|1710108261
|move|p1a: Excadrill|Iron Head|p2a: Ray Allen
|-resisted|p2a: Ray Allen
|-crit|p2a: Ray Allen
|-end|p2a: Ray Allen|Substitute
|move|p2a: Ray Allen|Charge Beam|p1a: Excadrill
|-immune|p1a: Excadrill
|
|-weather|Sandstorm|[upkeep]
|-heal|p2a: Ray Allen|56/100|[from] item: Leftovers
|upkeep
|turn|26
|
|t:|1710108265
|move|p1a: Excadrill|Iron Head|p2a: Ray Allen
|-resisted|p2a: Ray Allen
|-damage|p2a: Ray Allen|43/100
|move|p2a: Ray Allen|Substitute|p2a: Ray Allen
|-start|p2a: Ray Allen|Substitute
|-damage|p2a: Ray Allen|18/100
|
|-weather|Sandstorm|[upkeep]
|-heal|p2a: Ray Allen|24/100|[from] item: Leftovers
|upkeep
|turn|27
|
|t:|1710108269
|move|p1a: Excadrill|Iron Head|p2a: Ray Allen
|-resisted|p2a: Ray Allen
|-activate|p2a: Ray Allen|Substitute|[damage]
|move|p2a: Ray Allen|Hidden Power|p1a: Excadrill
|-supereffective|p1a: Excadrill
|-damage|p1a: Excadrill|33/100
|
|-weather|Sandstorm|[upkeep]
|-heal|p2a: Ray Allen|30/100|[from] item: Leftovers
|upkeep
|turn|28
|j| mais enjoyer
|
|t:|1710108275
|move|p1a: Excadrill|Iron Head|p2a: Ray Allen
|-resisted|p2a: Ray Allen
|-end|p2a: Ray Allen|Substitute
|move|p2a: Ray Allen|Hidden Power|p1a: Excadrill
|-supereffective|p1a: Excadrill
|-damage|p1a: Excadrill|0 fnt
|faint|p1a: Excadrill
|
|-weather|Sandstorm|[upkeep]
|-heal|p2a: Ray Allen|36/100|[from] item: Leftovers
|upkeep
|
|t:|1710108279
|switch|p1a: Volcarona|Volcarona, M|94/100
|turn|29
|
|t:|1710108282
|switch|p2a: D.Wade|Terrakion|94/100
|-damage|p2a: D.Wade|88/100|[from] Stealth Rock
|move|p1a: Volcarona|Quiver Dance|p1a: Volcarona
|-boost|p1a: Volcarona|spa|1
|-boost|p1a: Volcarona|spd|1
|-boost|p1a: Volcarona|spe|1
|
|-weather|Sandstorm|[upkeep]
|-damage|p1a: Volcarona|88/100|[from] Sandstorm
|upkeep
|turn|30
|
|t:|1710108286
|move|p2a: D.Wade|Stone Edge|p1a: Volcarona
|-supereffective|p1a: Volcarona
|-damage|p1a: Volcarona|0 fnt
|faint|p1a: Volcarona
|
|-weather|Sandstorm|[upkeep]
|upkeep
|-message|yoybbuiyb forfeited.
|
|win|stonya
|raw|yoybbuiyb's rating: 1416 &rarr; <strong>1403</strong><br />(-13 for losing)
|raw|stonya's rating: 1547 &rarr; <strong>1560</strong><br />(+13 for winning)
|l|☆yoybbuiyb
|player|p1|
|c|☆stonya|ngl really high rn
|l| mais enjoyer
