|j|☆Pokemon Master JL
|j|☆wisewailmer
|t:|1741217623
|gametype|singles
|player|p1|Pokemon Master JL|dawn|1303
|player|p2|wisewailmer|102|1314
|teamsize|p1|6
|teamsize|p2|6
|gen|5
|tier|[Gen 5] OU
|rated|
|rule|Species Clause: Limit one of each Pokémon
|rule|OHKO Clause: OHKO moves are banned
|rule|Moody Clause: Moody is banned
|rule|Evasion Items Clause: Evasion items are banned
|rule|Evasion Moves Clause: Evasion moves are banned
|rule|Endless Battle Clause: Forcing endless battles is banned
|rule|HP Percentage Mod: HP is shown in percentages
|rule|Evasion Abilities Clause: Evasion abilities are banned
|rule|Sleep Moves Clause: Sleep-inducing moves are banned
|rule|Swagger Clause: Swagger is banned
|rule|Baton Pass Stat Clause: No Baton Passer may have a way to boost its stats
|clearpoke
|poke|p1|Lanturn, F|item
|poke|p1|Skarmory, F|item
|poke|p1|Porygon2|item
|poke|p1|Landorus-Therian, M|item
|poke|p1|Starmie|item
|poke|p1|Rotom-Wash|item
|poke|p2|Tyranitar, M|item
|poke|p2|Starmie|item
|poke|p2|Garchomp, F|item
|poke|p2|Latios, M|item
|poke|p2|Alakazam, F|item
|poke|p2|Scizor, M|item
|teampreview
|
|t:|1741217632
|start
|switch|p1a: Mariana|Lanturn, F|100/100
|switch|p2a: Starmie|Starmie|100/100
|turn|1
|
|t:|1741217641
|move|p2a: Starmie|Hydro Pump|p1a: Mariana|[miss]
|-miss|p2a: Starmie|p1a: Mariana
|move|p1a: Mariana|Thunder Wave|p2a: Starmie
|-status|p2a: Starmie|par
|
|upkeep
|turn|2
|
|t:|1741217649
|-curestatus|p2a: Starmie|par|[from] ability: Natural Cure
|switch|p2a: Tyranitar|Tyranitar, M|100/100
|-weather|Sandstorm|[from] ability: Sand Stream|[of] p2a: Tyranitar
|move|p1a: Mariana|Substitute|p1a: Mariana
|-start|p1a: Mariana|Substitute
|-damage|p1a: Mariana|76/100
|
|-weather|Sandstorm|[upkeep]
|-damage|p1a: Mariana|69/100|[from] Sandstorm
|-heal|p1a: Mariana|76/100|[from] item: Leftovers
|upkeep
|turn|3
|
|t:|1741217659
|move|p1a: Mariana|Thunder Wave|p2a: Tyranitar
|-status|p2a: Tyranitar|par
|cant|p2a: Tyranitar|par
|
|-weather|Sandstorm|[upkeep]
|-damage|p1a: Mariana|69/100|[from] Sandstorm
|-heal|p1a: Mariana|76/100|[from] item: Leftovers
|upkeep
|turn|4
|
|t:|1741217667
|move|p1a: Mariana|Scald|p2a: Tyranitar
|-supereffective|p2a: Tyranitar
|-damage|p2a: Tyranitar|77/100 par
|cant|p2a: Tyranitar|par
|
|-weather|Sandstorm|[upkeep]
|-damage|p1a: Mariana|69/100|[from] Sandstorm
|-heal|p1a: Mariana|76/100|[from] item: Leftovers
|upkeep
|turn|5
|
|t:|1741217676
|move|p1a: Mariana|Scald|p2a: Tyranitar
|-supereffective|p2a: Tyranitar
|-damage|p2a: Tyranitar|54/100 par
|move|p2a: Tyranitar|Rock Slide|p1a: Mariana
|-end|p1a: Mariana|Substitute
|
|-weather|Sandstorm|[upkeep]
|-damage|p1a: Mariana|69/100|[from] Sandstorm
|-heal|p1a: Mariana|76/100|[from] item: Leftovers
|upkeep
|turn|6
|
|t:|1741217686
|switch|p1a: Mind Games|Landorus-Therian, M|100/100
|-ability|p1a: Mind Games|Intimidate|boost
|-unboost|p2a: Tyranitar|atk|1
|cant|p2a: Tyranitar|par
|
|-weather|Sandstorm|[upkeep]
|upkeep
|turn|7
|
|t:|1741217695
|switch|p2a: Scizor|Scizor, M|100/100
|move|p1a: Mind Games|Substitute|p1a: Mind Games
|-start|p1a: Mind Games|Substitute
|-damage|p1a: Mind Games|76/100
|
|-weather|Sandstorm|[upkeep]
|-heal|p1a: Mind Games|82/100|[from] item: Leftovers
|upkeep
|turn|8
|
|t:|1741217702
|move|p2a: Scizor|Bullet Punch|p1a: Mind Games
|-activate|p1a: Mind Games|Substitute|[damage]
|move|p1a: Mind Games|Swords Dance|p1a: Mind Games
|-boost|p1a: Mind Games|atk|2
|
|-weather|Sandstorm|[upkeep]
|-heal|p1a: Mind Games|88/100|[from] item: Leftovers
|upkeep
|turn|9
|
|t:|1741217709
|move|p2a: Scizor|Bullet Punch|p1a: Mind Games
|-end|p1a: Mind Games|Substitute
|move|p1a: Mind Games|Substitute|p1a: Mind Games
|-start|p1a: Mind Games|Substitute
|-damage|p1a: Mind Games|63/100
|
|-weather|Sandstorm|[upkeep]
|-heal|p1a: Mind Games|69/100|[from] item: Leftovers
|upkeep
|turn|10
|
|t:|1741217716
|move|p1a: Mind Games|Earthquake|p2a: Scizor
|-crit|p2a: Scizor
|-damage|p2a: Scizor|0 fnt
|faint|p2a: Scizor
|
|-weather|Sandstorm|[upkeep]
|-heal|p1a: Mind Games|75/100|[from] item: Leftovers
|upkeep
|
|t:|1741217726
|switch|p2a: Latios|Latios, M|100/100
|turn|11
|
|t:|1741217729
|move|p2a: Latios|Surf|p1a: Mind Games
|-supereffective|p1a: Mind Games
|-end|p1a: Mind Games|Substitute
|move|p1a: Mind Games|Fly||[still]
|-prepare|p1a: Mind Games|Fly
|
|-weather|Sandstorm|[upkeep]
|-damage|p2a: Latios|95/100|[from] Sandstorm
|-heal|p1a: Mind Games|81/100|[from] item: Leftovers
|upkeep
|turn|12
|
|t:|1741217740
|switch|p2a: Tyranitar|Tyranitar, M|54/100 par
|move|p1a: Mind Games|Fly|p2a: Tyranitar|[from] lockedmove
|-resisted|p2a: Tyranitar
|-damage|p2a: Tyranitar|20/100 par
|
|-weather|Sandstorm|[upkeep]
|-heal|p1a: Mind Games|87/100|[from] item: Leftovers
|upkeep
|turn|13
|
|t:|1741217748
|move|p1a: Mind Games|Earthquake|p2a: Tyranitar
|-supereffective|p2a: Tyranitar
|-damage|p2a: Tyranitar|0 fnt
|faint|p2a: Tyranitar
|
|-weather|Sandstorm|[upkeep]
|-heal|p1a: Mind Games|93/100|[from] item: Leftovers
|upkeep
|
|t:|1741217752
|switch|p2a: Latios|Latios, M|95/100
|turn|14
|
|t:|1741217756
|switch|p1a: Mariana|Lanturn, F|76/100
|move|p2a: Latios|Surf|p1a: Mariana
|-resisted|p1a: Mariana
|-damage|p1a: Mariana|60/100
|
|-weather|Sandstorm|[upkeep]
|-damage|p2a: Latios|89/100|[from] Sandstorm
|-damage|p1a: Mariana|54/100|[from] Sandstorm
|-heal|p1a: Mariana|60/100|[from] item: Leftovers
|upkeep
|turn|15
|
|t:|1741217767
|switch|p2a: Garchomp|Garchomp, F|100/100
|move|p1a: Mariana|Substitute|p1a: Mariana
|-start|p1a: Mariana|Substitute
|-damage|p1a: Mariana|35/100
|
|-weather|Sandstorm|[upkeep]
|-damage|p1a: Mariana|29/100|[from] Sandstorm
|-heal|p1a: Mariana|35/100|[from] item: Leftovers
|upkeep
|turn|16
|
|t:|1741217775
|move|p2a: Garchomp|Earthquake|p1a: Mariana
|-supereffective|p1a: Mariana
|-end|p1a: Mariana|Substitute
|move|p1a: Mariana|Scald|p2a: Garchomp
|-damage|p2a: Garchomp|77/100
|
|-weather|Sandstorm|[upkeep]
|-damage|p1a: Mariana|29/100|[from] Sandstorm
|-heal|p1a: Mariana|35/100|[from] item: Leftovers
|upkeep
|turn|17
|
|t:|1741217784
|switch|p1a: Alethia|Skarmory, F|100/100
|move|p2a: Garchomp|Earthquake|p1a: Alethia
|-immune|p1a: Alethia
|
|-weather|Sandstorm|[upkeep]
|upkeep
|turn|18
|
|t:|1741217790
|switch|p2a: Alakazam|Alakazam, F|100/100
|move|p1a: Alethia|Substitute|p1a: Alethia
|-start|p1a: Alethia|Substitute
|-damage|p1a: Alethia|76/100
|
|-weather|Sandstorm|[upkeep]
|-heal|p1a: Alethia|82/100|[from] item: Leftovers
|upkeep
|turn|19
|
|t:|1741217804
|move|p2a: Alakazam|Charge Beam|p1a: Alethia
|-supereffective|p1a: Alethia
|-end|p1a: Alethia|Substitute
|-boost|p2a: Alakazam|spa|1
|move|p1a: Alethia|Spikes|p2a: Alakazam
|-sidestart|p2: wisewailmer|Spikes
|
|-weather|Sandstorm|[upkeep]
|-heal|p1a: Alethia|88/100|[from] item: Leftovers
|upkeep
|turn|20
|
|t:|1741217812
|switch|p1a: Mariana|Lanturn, F|35/100
|move|p2a: Alakazam|Charge Beam|p1a: Mariana
|-heal|p1a: Mariana|60/100|[from] ability: Volt Absorb|[of] p2a: Alakazam
|
|-weather|Sandstorm|[upkeep]
|-damage|p1a: Mariana|54/100|[from] Sandstorm
|-heal|p1a: Mariana|60/100|[from] item: Leftovers
|upkeep
|turn|21
|
|t:|1741217821
|move|p2a: Alakazam|Psychic|p1a: Mariana
|-damage|p1a: Mariana|9/100
|-unboost|p1a: Mariana|spd|1
|move|p1a: Mariana|Thunder Wave|p2a: Alakazam
|-status|p2a: Alakazam|par
|
|-weather|Sandstorm|[upkeep]
|-damage|p1a: Mariana|3/100|[from] Sandstorm
|-heal|p1a: Mariana|9/100|[from] item: Leftovers
|upkeep
|turn|22
|
|t:|1741217836
|move|p1a: Mariana|Scald|p2a: Alakazam
|-damage|p2a: Alakazam|65/100 par
|cant|p2a: Alakazam|par
|
|-weather|Sandstorm|[upkeep]
|-damage|p1a: Mariana|3/100|[from] Sandstorm
|-heal|p1a: Mariana|9/100|[from] item: Leftovers
|upkeep
|turn|23
|
|t:|1741217844
|move|p1a: Mariana|Scald|p2a: Alakazam
|-damage|p2a: Alakazam|30/100 par
|move|p2a: Alakazam|Psychic|p1a: Mariana
|-damage|p1a: Mariana|0 fnt
|faint|p1a: Mariana
|
|-weather|Sandstorm|[upkeep]
|upkeep
|
|t:|1741217854
|switch|p1a: Mind Games|Landorus-Therian, M|93/100
|-ability|p1a: Mind Games|Intimidate|boost
|-unboost|p2a: Alakazam|atk|1
|turn|24
|
|t:|1741217858
|move|p1a: Mind Games|Earthquake|p2a: Alakazam
|-damage|p2a: Alakazam|0 fnt
|faint|p2a: Alakazam
|
|-weather|Sandstorm|[upkeep]
|-heal|p1a: Mind Games|99/100|[from] item: Leftovers
|upkeep
|
|t:|1741217864
|switch|p2a: Starmie|Starmie|100/100
|-damage|p2a: Starmie|88/100|[from] Spikes
|turn|25
|
|t:|1741217868
|switch|p1a: Kenny|Porygon2, shiny|100/100
|-ability|p1a: Kenny|Natural Cure|[from] ability: Trace|[of] p2a: Starmie
|move|p2a: Starmie|Ice Beam|p1a: Kenny
|-damage|p1a: Kenny|87/100
|
|-weather|Sandstorm|[upkeep]
|-damage|p2a: Starmie|82/100|[from] Sandstorm
|-damage|p1a: Kenny|80/100|[from] Sandstorm
|-heal|p2a: Starmie|88/100|[from] item: Leftovers
|upkeep
|turn|26
|
|t:|1741217879
|move|p2a: Starmie|Hydro Pump|p1a: Kenny
|-damage|p1a: Kenny|57/100
|move|p1a: Kenny|Thunder Wave|p2a: Starmie
|-status|p2a: Starmie|par
|
|-weather|Sandstorm|[upkeep]
|-damage|p1a: Kenny|51/100|[from] Sandstorm
|-damage|p2a: Starmie|82/100 par|[from] Sandstorm
|-heal|p2a: Starmie|88/100 par|[from] item: Leftovers
|upkeep
|turn|27
|
|t:|1741217891
|-curestatus|p2a: Starmie|par|[from] ability: Natural Cure
|switch|p2a: Garchomp|Garchomp, F|77/100
|-damage|p2a: Garchomp|65/100|[from] Spikes
|move|p1a: Kenny|Recover|p1a: Kenny
|-heal|p1a: Kenny|100/100
|
|-weather|Sandstorm|[upkeep]
|-damage|p1a: Kenny|94/100|[from] Sandstorm
|upkeep
|turn|28
|
|t:|1741217902
|switch|p1a: Alethia|Skarmory, F|88/100
|move|p2a: Garchomp|Outrage|p1a: Alethia
|-resisted|p1a: Alethia
|-damage|p1a: Alethia|70/100
|
|-weather|Sandstorm|[upkeep]
|-heal|p1a: Alethia|76/100|[from] item: Leftovers
|upkeep
|turn|29
|
|t:|1741217910
|move|p2a: Garchomp|Outrage|p1a: Alethia|[from] lockedmove
|-resisted|p1a: Alethia
|-damage|p1a: Alethia|56/100
|-start|p2a: Garchomp|confusion|[fatigue]
|move|p1a: Alethia|Substitute|p1a: Alethia
|-start|p1a: Alethia|Substitute
|-damage|p1a: Alethia|31/100
|
|-weather|Sandstorm|[upkeep]
|-heal|p1a: Alethia|37/100|[from] item: Leftovers
|upkeep
|turn|30
|
|t:|1741217924
|switch|p2a: Starmie|Starmie|88/100
|-damage|p2a: Starmie|76/100|[from] Spikes
|move|p1a: Alethia|Whirlwind|p2a: Starmie
|drag|p2a: Garchomp|Garchomp, F|65/100
|-damage|p2a: Garchomp|52/100|[from] Spikes
|
|-weather|Sandstorm|[upkeep]
|-heal|p1a: Alethia|43/100|[from] item: Leftovers
|upkeep
|turn|31
|
|t:|1741217933
|move|p2a: Garchomp|Fire Fang|p1a: Alethia
|-supereffective|p1a: Alethia
|-end|p1a: Alethia|Substitute
|move|p1a: Alethia|Whirlwind|p2a: Garchomp
|drag|p2a: Starmie|Starmie|76/100
|-damage|p2a: Starmie|64/100|[from] Spikes
|
|-weather|Sandstorm|[upkeep]
|-damage|p2a: Starmie|58/100|[from] Sandstorm
|-heal|p2a: Starmie|64/100|[from] item: Leftovers
|-heal|p1a: Alethia|49/100|[from] item: Leftovers
|upkeep
|turn|32
|
|t:|1741217945
|switch|p1a: Kenny|Porygon2, shiny|94/100
|-ability|p1a: Kenny|Natural Cure|[from] ability: Trace|[of] p2a: Starmie
|move|p2a: Starmie|Rapid Spin|p1a: Kenny
|-damage|p1a: Kenny|92/100
|-sideend|p2: wisewailmer|Spikes|[from] move: Rapid Spin|[of] p2a: Starmie
|
|-weather|Sandstorm|[upkeep]
|-damage|p2a: Starmie|58/100|[from] Sandstorm
|-damage|p1a: Kenny|86/100|[from] Sandstorm
|-heal|p2a: Starmie|64/100|[from] item: Leftovers
|upkeep
|turn|33
|
|t:|1741217956
|move|p2a: Starmie|Ice Beam|p1a: Kenny
|-crit|p1a: Kenny
|-damage|p1a: Kenny|59/100
|move|p1a: Kenny|Tri Attack|p2a: Starmie
|-damage|p2a: Starmie|21/100
|
|-weather|Sandstorm|[upkeep]
|-damage|p2a: Starmie|15/100|[from] Sandstorm
|-damage|p1a: Kenny|52/100|[from] Sandstorm
|-heal|p2a: Starmie|21/100|[from] item: Leftovers
|upkeep
|turn|34
|
|t:|1741217965
|move|p2a: Starmie|Ice Beam|p1a: Kenny
|-damage|p1a: Kenny|38/100
|move|p1a: Kenny|Recover|p1a: Kenny
|-heal|p1a: Kenny|88/100
|
|-weather|Sandstorm|[upkeep]
|-damage|p2a: Starmie|15/100|[from] Sandstorm
|-damage|p1a: Kenny|82/100|[from] Sandstorm
|-heal|p2a: Starmie|21/100|[from] item: Leftovers
|upkeep
|turn|35
|
|t:|1741217975
|move|p2a: Starmie|Ice Beam|p1a: Kenny
|-damage|p1a: Kenny|71/100
|move|p1a: Kenny|Tri Attack|p2a: Starmie
|-damage|p2a: Starmie|0 fnt
|faint|p2a: Starmie
|
|-weather|Sandstorm|[upkeep]
|-damage|p1a: Kenny|64/100|[from] Sandstorm
|upkeep
|
|t:|1741217985
|switch|p2a: Latios|Latios, M|89/100
|turn|36
|
|t:|1741217990
|move|p2a: Latios|Draco Meteor|p1a: Kenny
|-damage|p1a: Kenny|13/100
|-unboost|p2a: Latios|spa|2
|move|p1a: Kenny|Thunder Wave|p2a: Latios
|-status|p2a: Latios|par
|
|-weather|Sandstorm|[upkeep]
|-damage|p1a: Kenny|7/100|[from] Sandstorm
|-damage|p2a: Latios|83/100 par|[from] Sandstorm
|upkeep
|turn|37
|
|t:|1741217999
|move|p1a: Kenny|Recover|p1a: Kenny
|-heal|p1a: Kenny|57/100
|cant|p2a: Latios|par
|
|-weather|Sandstorm|[upkeep]
|-damage|p1a: Kenny|51/100|[from] Sandstorm
|-damage|p2a: Latios|77/100 par|[from] Sandstorm
|upkeep
|turn|38
|
|t:|1741218008
|move|p1a: Kenny|Recover|p1a: Kenny
|-heal|p1a: Kenny|100/100
|cant|p2a: Latios|par
|
|-weather|Sandstorm|[upkeep]
|-damage|p1a: Kenny|94/100|[from] Sandstorm
|-damage|p2a: Latios|71/100 par|[from] Sandstorm
|upkeep
|turn|39
|
|t:|1741218015
|switch|p2a: Garchomp|Garchomp, F|52/100
|move|p1a: Kenny|Charge Beam|p2a: Garchomp
|-immune|p2a: Garchomp
|
|-weather|Sandstorm|[upkeep]
|-damage|p1a: Kenny|88/100|[from] Sandstorm
|upkeep
|turn|40
|
|t:|1741218024
|switch|p1a: Alethia|Skarmory, F|49/100
|move|p2a: Garchomp|Earthquake|p1a: Alethia
|-immune|p1a: Alethia
|
|-weather|Sandstorm|[upkeep]
|-heal|p1a: Alethia|55/100|[from] item: Leftovers
|upkeep
|turn|41
|
|t:|1741218033
|switch|p2a: Latios|Latios, M|71/100 par
|move|p1a: Alethia|Substitute|p1a: Alethia
|-start|p1a: Alethia|Substitute
|-damage|p1a: Alethia|30/100
|
|-weather|Sandstorm|[upkeep]
|-damage|p2a: Latios|65/100 par|[from] Sandstorm
|-heal|p1a: Alethia|36/100|[from] item: Leftovers
|upkeep
|turn|42
|
|t:|1741218041
|move|p1a: Alethia|Spikes|p2a: Latios
|-sidestart|p2: wisewailmer|Spikes
|move|p2a: Latios|Draco Meteor|p1a: Alethia
|-resisted|p1a: Alethia
|-end|p1a: Alethia|Substitute
|-unboost|p2a: Latios|spa|2
|
|-weather|Sandstorm|[upkeep]
|-damage|p2a: Latios|59/100 par|[from] Sandstorm
|-heal|p1a: Alethia|42/100|[from] item: Leftovers
|upkeep
|turn|43
|
|t:|1741218057
|move|p1a: Alethia|Substitute|p1a: Alethia
|-start|p1a: Alethia|Substitute
|-damage|p1a: Alethia|18/100
|move|p2a: Latios|Draco Meteor|p1a: Alethia
|-resisted|p1a: Alethia
|-crit|p1a: Alethia
|-end|p1a: Alethia|Substitute
|-unboost|p2a: Latios|spa|2
|
|-weather|Sandstorm|[upkeep]
|-damage|p2a: Latios|53/100 par|[from] Sandstorm
|-heal|p1a: Alethia|24/100|[from] item: Leftovers
|upkeep
|turn|44
|
|t:|1741218072
|move|p1a: Alethia|Roost|p1a: Alethia
|-heal|p1a: Alethia|74/100
|-singleturn|p1a: Alethia|move: Roost
|move|p2a: Latios|Draco Meteor|p1a: Alethia
|-resisted|p1a: Alethia
|-damage|p1a: Alethia|51/100
|-unboost|p2a: Latios|spa|2
|
|-weather|Sandstorm|[upkeep]
|-damage|p2a: Latios|47/100 par|[from] Sandstorm
|-heal|p1a: Alethia|57/100|[from] item: Leftovers
|upkeep
|turn|45
|
|t:|1741218086
|switch|p2a: Garchomp|Garchomp, F|52/100
|-damage|p2a: Garchomp|40/100|[from] Spikes
|move|p1a: Alethia|Substitute|p1a: Alethia
|-start|p1a: Alethia|Substitute
|-damage|p1a: Alethia|32/100
|
|-weather|Sandstorm|[upkeep]
|-heal|p1a: Alethia|38/100|[from] item: Leftovers
|upkeep
|turn|46
|
|t:|1741218094
|move|p2a: Garchomp|Fire Fang|p1a: Alethia
|-supereffective|p1a: Alethia
|-end|p1a: Alethia|Substitute
|move|p1a: Alethia|Whirlwind|p2a: Garchomp
|drag|p2a: Latios|Latios, M|47/100 par
|
|-weather|Sandstorm|[upkeep]
|-damage|p2a: Latios|41/100 par|[from] Sandstorm
|-heal|p1a: Alethia|44/100|[from] item: Leftovers
|upkeep
|turn|47
|
|t:|1741218108
|move|p1a: Alethia|Substitute|p1a: Alethia
|-start|p1a: Alethia|Substitute
|-damage|p1a: Alethia|19/100
|move|p2a: Latios|Trick||[still]
|-fail|p2a: Latios
|
|-weather|Sandstorm|[upkeep]
|-damage|p2a: Latios|35/100 par|[from] Sandstorm
|-heal|p1a: Alethia|25/100|[from] item: Leftovers
|upkeep
|turn|48
|l|☆wisewailmer
|player|p2|
|inactive|Battle timer is ON: inactive players will automatically lose when time's up. (requested by Pokemon Master JL)
|inactive|wisewailmer has 30 seconds to reconnect!
|inactive|wisewailmer has 20 seconds to reconnect!
|inactive|wisewailmer has 15 seconds to reconnect!
|inactive|wisewailmer has 10 seconds to reconnect!
|inactive|wisewailmer has 5 seconds to reconnect!
|-message|wisewailmer lost due to inactivity.
|
|win|Pokemon Master JL
|raw|Pokemon Master JL's rating: 1303 &rarr; <strong>1324</strong><br />(+21 for winning)
|raw|wisewailmer's rating: 1314 &rarr; <strong>1293</strong><br />(-21 for losing)
|j|☆wisewailmer
|player|p2|wisewailmer|102|
|l|☆wisewailmer
|player|p2|
