|join|Apedingo
|join|ashiemore
|player|p1|Apedingo|242
|player|p2|ashiemore|277
|gametype|singles
|gen|5
|tier|[Gen 5] OU
|rated
|rule|Evasion Abilities Clause: Evasion abilities are banned
|clearpoke
|poke|p1|Garchomp, M
|poke|p1|Scizor, M
|poke|p1|Zapdos
|poke|p1|Keldeo
|poke|p1|Heatran, M
|poke|p1|Rotom-Wash
|poke|p2|Rotom-Wash
|poke|p2|Politoed, F
|poke|p2|Hydreigon, F
|poke|p2|Roserade, M
|poke|p2|Keldeo
|poke|p2|Magnezone
|rule|Sleep Clause Mod: Limit one foe put to sleep
|rule|Species Clause: Limit one of each Pokemon
|rule|OHKO Clause: OHKO moves are banned
|rule|Moody Clause: Moody is banned
|rule|Evasion Moves Clause: Evasion moves are banned
|rule|Endless Battle Clause: Forcing endless battles is banned.
|rule|HP Percentage Mod: HP is reported as percentages
|teampreview
|
|start
|switch|p1a: Mr. Clean|Rotom-Wash|303/303
|switch|p2a: Roserade|Roserade, M|261/261
|turn|1
|
|switch|p2a: Rotom-Wash|Rotom-Wash|242/242
|switch|p1a: Iron Man|Scizor, M|343/343
|
|turn|2
|
|switch|p1a: Mr. Clean|Rotom-Wash|303/303
|move|p2a: Rotom-Wash|Volt Switch|p1a: Mr. Clean
|-damage|p1a: Mr. Clean|177/303
|
|switch|p2a: Keldeo|Keldeo|323/323
|
|-heal|p1a: Mr. Clean|195/303|[from] item: Leftovers
|turn|3
|
|move|p2a: Keldeo|Secret Sword|p1a: Mr. Clean
|-damage|p1a: Mr. Clean|0 fnt
|faint|p1a: Mr. Clean
|
|
|switch|p1a: Electris|Zapdos|383/383
|-ability|p1a: Electris|Pressure
|turn|4
|
|switch|p2a: Roserade|Roserade, M|261/261
|switch|p1a: Njamnjamnjam|Heatran, M|385/385
|
|turn|5
|
|switch|p2a: Politoed|Politoed, F|346/346
|-weather|RainDance|[from] ability: Drizzle|[of] p2a: Politoed
|move|p1a: Njamnjamnjam|Stealth Rock|p2a: Politoed
|-sidestart|p2: ashiemore|move: Stealth Rock
|
|-weather|RainDance|[upkeep]
|turn|6
|
|switch|p1a: Electris|Zapdos|383/383
|-ability|p1a: Electris|Pressure
|move|p2a: Politoed|Hydro Pump|p1a: Electris
|-crit|p1a: Electris
|-damage|p1a: Electris|0 fnt
|faint|p1a: Electris
|
|-weather|RainDance|[upkeep]
|
|switch|p1a: Blueberry Fairypoo|Keldeo|323/323
|turn|7
|
|move|p1a: Blueberry Fairypoo|Secret Sword|p2a: Politoed
|-damage|p2a: Politoed|156/346
|move|p2a: Politoed|Hydro Pump|p1a: Blueberry Fairypoo
|-resisted|p1a: Blueberry Fairypoo
|-damage|p1a: Blueberry Fairypoo|107/323
|
|-weather|RainDance|[upkeep]
|-heal|p1a: Blueberry Fairypoo|127/323|[from] item: Leftovers
|turn|8
|
|move|p1a: Blueberry Fairypoo|Secret Sword|p2a: Politoed
|-damage|p2a: Politoed|0 fnt
|faint|p2a: Politoed
|
|-weather|RainDance|[upkeep]
|-heal|p1a: Blueberry Fairypoo|147/323|[from] item: Leftovers
|
|switch|p2a: Rotom-Wash|Rotom-Wash|242/242
|-damage|p2a: Rotom-Wash|212/242|[from] Stealth Rock
|turn|9
|
|move|p1a: Blueberry Fairypoo|Substitute|p1a: Blueberry Fairypoo
|-start|p1a: Blueberry Fairypoo|Substitute
|-damage|p1a: Blueberry Fairypoo|67/323
|move|p2a: Rotom-Wash|Hydro Pump|p1a: Blueberry Fairypoo
|-resisted|p1a: Blueberry Fairypoo
|-end|p1a: Blueberry Fairypoo|Substitute
|
|-weather|RainDance|[upkeep]
|-heal|p1a: Blueberry Fairypoo|87/323|[from] item: Leftovers
|turn|10
|
|move|p1a: Blueberry Fairypoo|Secret Sword|p2a: Rotom-Wash
|-damage|p2a: Rotom-Wash|61/242
|move|p2a: Rotom-Wash|Hydro Pump|p1a: Blueberry Fairypoo
|-resisted|p1a: Blueberry Fairypoo
|-damage|p1a: Blueberry Fairypoo|0 fnt
|faint|p1a: Blueberry Fairypoo
|
|-weather|RainDance|[upkeep]
|
|switch|p1a: Lobster|Garchomp, M|358/358
|turn|11
|
|move|p1a: Lobster|Dragon Claw|p2a: Rotom-Wash
|-damage|p2a: Rotom-Wash|0 fnt
|faint|p2a: Rotom-Wash
|
|-weather|RainDance|[upkeep]
|
|switch|p2a: Magnezone|Magnezone|325/325
|-damage|p2a: Magnezone|305/325|[from] Stealth Rock
|turn|12
|
|switch|p1a: Njamnjamnjam|Heatran, M|385/385
|move|p2a: Magnezone|Thunder|p1a: Njamnjamnjam
|-damage|p1a: Njamnjamnjam|60/385
|
|-weather|RainDance|[upkeep]
|-heal|p1a: Njamnjamnjam|84/385|[from] item: Leftovers
|turn|13
|
|switch|p2a: Hydreigon|Hydreigon, F|325/325
|-damage|p2a: Hydreigon|285/325|[from] Stealth Rock
|move|p1a: Njamnjamnjam|Earth Power|p2a: Hydreigon
|-immune|p2a: Hydreigon|[msg]
|
|-weather|RainDance|[upkeep]
|-heal|p1a: Njamnjamnjam|108/385|[from] item: Leftovers
|turn|14
|
|move|p2a: Hydreigon|Surf|p1a: Njamnjamnjam
|-supereffective|p1a: Njamnjamnjam
|-damage|p1a: Njamnjamnjam|0 fnt
|faint|p1a: Njamnjamnjam
|
|-weather|RainDance|[upkeep]
|
|switch|p1a: Iron Man|Scizor, M|343/343
|turn|15
|
|switch|p2a: Keldeo|Keldeo|323/323
|-damage|p2a: Keldeo|303/323|[from] Stealth Rock
|move|p1a: Iron Man|Superpower|p2a: Keldeo
|-damage|p2a: Keldeo|118/323
|-unboost|p1a: Iron Man|atk|1
|-unboost|p1a: Iron Man|def|1
|
|-weather|RainDance|[upkeep]
|turn|16
|
|move|p2a: Keldeo|Surf|p1a: Iron Man
|-damage|p1a: Iron Man|0 fnt
|faint|p1a: Iron Man
|
|-weather|RainDance|[upkeep]
|
|switch|p1a: Lobster|Garchomp, M|358/358
|turn|17
|
|move|p1a: Lobster|Outrage|p2a: Keldeo
|-damage|p2a: Keldeo|0 fnt
|faint|p2a: Keldeo
|
|-weather|RainDance|[upkeep]
|
|switch|p2a: Magnezone|Magnezone|305/325
|-damage|p2a: Magnezone|285/325|[from] Stealth Rock
|turn|18
|
|move|p1a: Lobster|Outrage|p2a: Magnezone
|-crit|p2a: Magnezone
|-resisted|p2a: Magnezone
|-damage|p2a: Magnezone|87/325
|move|p2a: Magnezone|Flash Cannon|p1a: Lobster
|-damage|p1a: Lobster|82/358
|
|-end|p1a: Lobster|rampage
|-start|p1a: Lobster|confusion
|-weather|RainDance|[upkeep]
|turn|19
|
|-activate|p1a: Lobster|confusion
|move|p1a: Lobster|Outrage|p2a: Magnezone
|-resisted|p2a: Magnezone
|-damage|p2a: Magnezone|0 fnt
|faint|p2a: Magnezone
|
|-weather|RainDance|[upkeep]
|
|switch|p2a: Roserade|Roserade, M|261/261
|-damage|p2a: Roserade|229/261|[from] Stealth Rock
|turn|20
|
|-activate|p1a: Lobster|confusion
|-damage|p1a: Lobster|28/358|[from] confusion
|move|p2a: Roserade|Giga Drain|p1a: Lobster
|-damage|p1a: Lobster|0 fnt
|-heal|p2a: Roserade|243/261|[from] drain|[of] p1a: Lobster
|faint|p1a: Lobster
|
|win|ashiemore
|raw|Ladder updating...
|raw|Apedingo's rating: 1571 &rarr; <strong>1539</strong><br />(-32 for losing)
|raw|ashiemore's rating: 1324 &rarr; <strong>1357</strong><br />(+33 for winning)
|chat|ashiemore|gg
|chat|Apedingo|gg