|j|☆Af Asho
|j|☆JDaLoverBoy
|player|p1|Af Asho|167
|player|p2|JDaLoverBoy|285
|teamsize|p1|6
|teamsize|p2|6
|gametype|singles
|gen|5
|tier|[Gen 5] OU
|rated|
|rule|Sleep Clause Mod: Limit one foe put to sleep
|rule|Species Clause: Limit one of each Pokémon
|rule|OHKO Clause: OHKO moves are banned
|rule|Moody Clause: Moody is banned
|rule|Evasion Moves Clause: Evasion moves are banned
|rule|Endless Battle Clause: Forcing endless battles is banned
|rule|HP Percentage Mod: HP is shown in percentages
|rule|Evasion Abilities Clause: Evasion abilities are banned
|rule|Baton Pass Clause: Limit one Baton Passer, can't pass Spe and other stats simultaneously
|rule|Swagger Clause: Swagger is banned
|clearpoke
|poke|p1|Tyranitar, M|item
|poke|p1|Landorus-Therian, M|item
|poke|p1|Garchomp, M|item
|poke|p1|Rotom-Wash|item
|poke|p1|Jirachi|item
|poke|p1|Keldeo|item
|poke|p2|Politoed, M|item
|poke|p2|Toxicroak, M|item
|poke|p2|Starmie|item
|poke|p2|Ferrothorn, M|item
|poke|p2|Scizor, F|item
|poke|p2|Volcarona, F|item
|teampreview
|inactive|Battle timer is ON: inactive players will automatically lose when time's up. (requested by Af Asho)
|inactive|JDaLoverBoy has 135 seconds left.
|
|start
|switch|p1a: Garchomp|Garchomp, M|100/100
|switch|p2a: Ferrothorn|Ferrothorn, M|100/100
|turn|1
|
|move|p1a: Garchomp|Substitute|p1a: Garchomp
|-start|p1a: Garchomp|Substitute
|-damage|p1a: Garchomp|76/100
|move|p2a: Ferrothorn|Leech Seed|p1a: Garchomp
|-fail|p1a: Garchomp
|
|upkeep
|turn|2
|
|move|p1a: Garchomp|Swords Dance|p1a: Garchomp
|-boost|p1a: Garchomp|atk|2
|move|p2a: Ferrothorn|Power Whip|p1a: Garchomp
|-end|p1a: Garchomp|Substitute
|
|upkeep
|turn|3
|
|move|p1a: Garchomp|Earthquake|p2a: Ferrothorn
|-damage|p2a: Ferrothorn|24/100
|move|p2a: Ferrothorn|Power Whip|p1a: Garchomp
|-damage|p1a: Garchomp|38/100
|-damage|p2a: Ferrothorn|11/100|[from] ability: Rough Skin|[of] p1a: Garchomp
|
|upkeep
|turn|4
|
|move|p1a: Garchomp|Earthquake|p2a: Ferrothorn
|-damage|p2a: Ferrothorn|0 fnt
|faint|p2a: Ferrothorn
|
|upkeep
|
|switch|p2a: Starmie|Starmie|100/100
|turn|5
|
|switch|p1a: Rotom|Rotom-Wash|100/100
|move|p2a: Starmie|Surf|p1a: Rotom
|-resisted|p1a: Rotom
|-damage|p1a: Rotom|78/100
|-damage|p2a: Starmie|91/100|[from] item: Life Orb
|
|-heal|p1a: Rotom|84/100|[from] item: Leftovers
|upkeep
|turn|6
|
|move|p2a: Starmie|Psyshock|p1a: Rotom
|-damage|p1a: Rotom|42/100
|-damage|p2a: Starmie|81/100|[from] item: Life Orb
|move|p1a: Rotom|Volt Switch|p2a: Starmie
|-supereffective|p2a: Starmie
|-crit|p2a: Starmie
|-damage|p2a: Starmie|0 fnt
|faint|p2a: Starmie
|inactive|Af Asho has 135 seconds left.
|
|switch|p1a: Jirachi|Jirachi|100/100
|
|upkeep
|
|switch|p2a: Volcarona|Volcarona, F|100/100
|turn|7
|
|move|p1a: Jirachi|U-turn|p2a: Volcarona
|-resisted|p2a: Volcarona
|-damage|p2a: Volcarona|89/100
|-status|p1a: Jirachi|brn|[from] ability: Flame Body|[of] p2a: Volcarona
|
|switch|p1a: Landorus|Landorus-Therian, M|100/100
|-ability|p1a: Landorus|Intimidate|boost
|-unboost|p2a: Volcarona|atk|1
|move|p2a: Volcarona|Quiver Dance|p2a: Volcarona
|-boost|p2a: Volcarona|spa|1
|-boost|p2a: Volcarona|spd|1
|-boost|p2a: Volcarona|spe|1
|
|upkeep
|turn|8
|
|move|p2a: Volcarona|Fire Blast|p1a: Landorus
|-damage|p1a: Landorus|0 fnt
|-damage|p2a: Volcarona|79/100|[from] item: Life Orb
|faint|p1a: Landorus
|
|upkeep
|
|switch|p1a: Teo|Keldeo|100/100
|turn|9
|
|move|p2a: Volcarona|Hurricane|p1a: Teo
|-supereffective|p1a: Teo
|-damage|p1a: Teo|0 fnt
|-damage|p2a: Volcarona|69/100|[from] item: Life Orb
|faint|p1a: Teo
|
|upkeep
|
|switch|p1a: Tyranitar|Tyranitar, M|100/100
|-weather|Sandstorm|[from] ability: Sand Stream|[of] p1a: Tyranitar
|turn|10
|
|move|p2a: Volcarona|Bug Buzz|p1a: Tyranitar
|-supereffective|p1a: Tyranitar
|-damage|p1a: Tyranitar|0 fnt
|-damage|p2a: Volcarona|59/100|[from] item: Life Orb
|faint|p1a: Tyranitar
|
|-weather|Sandstorm|[upkeep]
|-damage|p2a: Volcarona|53/100|[from] Sandstorm
|upkeep
|
|switch|p1a: Jirachi|Jirachi|100/100 brn
|turn|11
|
|move|p2a: Volcarona|Fire Blast|p1a: Jirachi
|-supereffective|p1a: Jirachi
|-damage|p1a: Jirachi|0 fnt
|-damage|p2a: Volcarona|43/100|[from] item: Life Orb
|faint|p1a: Jirachi
|
|-weather|Sandstorm|[upkeep]
|-damage|p2a: Volcarona|37/100|[from] Sandstorm
|upkeep
|
|switch|p1a: Garchomp|Garchomp, M|38/100
|turn|12
|
|move|p2a: Volcarona|Bug Buzz|p1a: Garchomp
|-damage|p1a: Garchomp|0 fnt
|-damage|p2a: Volcarona|27/100|[from] item: Life Orb
|faint|p1a: Garchomp
|
|-weather|Sandstorm|[upkeep]
|-damage|p2a: Volcarona|20/100|[from] Sandstorm
|upkeep
|
|switch|p1a: Rotom|Rotom-Wash|42/100
|turn|13
|
|move|p2a: Volcarona|Bug Buzz|p1a: Rotom
|-damage|p1a: Rotom|0 fnt
|-damage|p2a: Volcarona|10/100|[from] item: Life Orb
|faint|p1a: Rotom
|
|win|JDaLoverBoy
|raw|Af Asho's rating: 1418 &rarr; <strong>1398</strong><br />(-20 for losing)
|raw|JDaLoverBoy's rating: 1416 &rarr; <strong>1436</strong><br />(+20 for winning)
|l|☆Af Asho
