|j|☆34k4
|j|☆PreUnPo
|t:|1726539545
|gametype|singles
|player|p1|34k4|lucas|1387
|player|p2|PreUnPo|iono|1492
|teamsize|p1|6
|teamsize|p2|6
|gen|5
|tier|[Gen 5] OU
|rated|
|rule|Species Clause: Limit one of each Pokémon
|rule|OHKO Clause: OHKO moves are banned
|rule|Moody Clause: Moody is banned
|rule|Evasion Items Clause: Evasion items are banned
|rule|Evasion Moves Clause: Evasion moves are banned
|rule|Endless Battle Clause: Forcing endless battles is banned
|rule|HP Percentage Mod: HP is shown in percentages
|rule|Evasion Abilities Clause: Evasion abilities are banned
|rule|Sleep Moves Clause: Sleep-inducing moves are banned
|rule|Swagger Clause: Swagger is banned
|rule|Baton Pass Stat Clause: No Baton Passer may have a way to boost its stats
|clearpoke
|poke|p1|Hydreigon, M|item
|poke|p1|Conkeldurr, M|item
|poke|p1|Scizor, M|item
|poke|p1|Latios, M|item
|poke|p1|Skarmory, M|item
|poke|p1|Keldeo|item
|poke|p2|Garchomp, F|item
|poke|p2|Volcarona, F|item
|poke|p2|Dragonite, M|item
|poke|p2|Breloom, M|item
|poke|p2|Starmie|item
|poke|p2|Scizor, F|item
|teampreview
|inactive|Battle timer is ON: inactive players will automatically lose when time's up. (requested by PreUnPo)
|
|t:|1726539557
|start
|switch|p1a: Conkeldurr|Conkeldurr, M|100/100
|switch|p2a: Volcarona|Volcarona, F|100/100
|turn|1
|
|t:|1726539569
|switch|p2a: Garchomp|Garchomp, F|100/100
|move|p1a: Conkeldurr|Drain Punch|p2a: Garchomp
|-damage|p2a: Garchomp|66/100
|-damage|p1a: Conkeldurr|88/100|[from] ability: Rough Skin|[of] p2a: Garchomp
|
|-heal|p1a: Conkeldurr|94/100|[from] item: Leftovers
|upkeep
|turn|2
|
|t:|1726539579
|move|p2a: Garchomp|Stealth Rock|p1a: Conkeldurr
|-sidestart|p1: 34k4|move: Stealth Rock
|move|p1a: Conkeldurr|Bulk Up|p1a: Conkeldurr
|-boost|p1a: Conkeldurr|atk|1
|-boost|p1a: Conkeldurr|def|1
|
|-heal|p1a: Conkeldurr|99/100|[from] item: Leftovers
|upkeep
|turn|3
|
|t:|1726539583
|move|p2a: Garchomp|Swords Dance|p2a: Garchomp
|-boost|p2a: Garchomp|atk|2
|move|p1a: Conkeldurr|Drain Punch|p2a: Garchomp
|-crit|p2a: Garchomp
|-damage|p2a: Garchomp|0 fnt
|-heal|p1a: Conkeldurr|100/100|[from] drain|[of] p2a: Garchomp
|-damage|p1a: Conkeldurr|88/100|[from] ability: Rough Skin|[of] p2a: Garchomp
|faint|p2a: Garchomp
|
|-heal|p1a: Conkeldurr|94/100|[from] item: Leftovers
|upkeep
|
|t:|1726539612
|switch|p2a: Dragonite|Dragonite, M|100/100
|turn|4
|
|t:|1726539617
|move|p2a: Dragonite|Dragon Dance|p2a: Dragonite
|-boost|p2a: Dragonite|atk|1
|-boost|p2a: Dragonite|spe|1
|move|p1a: Conkeldurr|Payback|p2a: Dragonite
|-damage|p2a: Dragonite|73/100
|
|-heal|p1a: Conkeldurr|99/100|[from] item: Leftovers
|upkeep
|turn|5
|
|t:|1726539627
|move|p2a: Dragonite|Dragon Dance|p2a: Dragonite
|-boost|p2a: Dragonite|atk|1
|-boost|p2a: Dragonite|spe|1
|move|p1a: Conkeldurr|Payback|p2a: Dragonite
|-damage|p2a: Dragonite|19/100
|
|-heal|p1a: Conkeldurr|100/100|[from] item: Leftovers
|upkeep
|turn|6
|
|t:|1726539644
|move|p1a: Conkeldurr|Mach Punch|p2a: Dragonite
|-resisted|p2a: Dragonite
|-crit|p2a: Dragonite
|-damage|p2a: Dragonite|0 fnt
|faint|p2a: Dragonite
|
|upkeep
|
|t:|1726539648
|switch|p2a: Starmie|Starmie|100/100
|-item|p2a: Starmie|Air Balloon
|turn|7
|
|t:|1726539652
|move|p2a: Starmie|Hydro Pump|p1a: Conkeldurr
|-damage|p1a: Conkeldurr|57/100
|move|p1a: Conkeldurr|Payback|p2a: Starmie
|-supereffective|p2a: Starmie
|-damage|p2a: Starmie|0 fnt
|-enditem|p2a: Starmie|Air Balloon
|faint|p2a: Starmie
|
|-heal|p1a: Conkeldurr|63/100|[from] item: Leftovers
|upkeep
|
|t:|1726539659
|switch|p2a: Volcarona|Volcarona, F|100/100
|turn|8
|
|t:|1726539665
|move|p2a: Volcarona|Psychic|p1a: Conkeldurr
|-supereffective|p1a: Conkeldurr
|-damage|p1a: Conkeldurr|14/100
|move|p1a: Conkeldurr|Drain Punch|p2a: Volcarona
|-resisted|p2a: Volcarona
|-crit|p2a: Volcarona
|-damage|p2a: Volcarona|28/100
|-heal|p1a: Conkeldurr|43/100|[from] drain|[of] p2a: Volcarona
|
|-heal|p1a: Conkeldurr|49/100|[from] item: Leftovers
|upkeep
|turn|9
|
|t:|1726539680
|move|p2a: Volcarona|Psychic|p1a: Conkeldurr
|-supereffective|p1a: Conkeldurr
|-damage|p1a: Conkeldurr|0 fnt
|faint|p1a: Conkeldurr
|
|upkeep
|
|t:|1726539695
|switch|p1a: Skarmory|Skarmory, M|100/100
|-damage|p1a: Skarmory|88/100|[from] Stealth Rock
|turn|10
|
|t:|1726539702
|move|p2a: Volcarona|Fire Blast|p1a: Skarmory
|-supereffective|p1a: Skarmory
|-crit|p1a: Skarmory
|-damage|p1a: Skarmory|0 fnt
|faint|p1a: Skarmory
|
|upkeep
|
|t:|1726539710
|switch|p1a: Keldeo|Keldeo|100/100
|-damage|p1a: Keldeo|94/100|[from] Stealth Rock
|turn|11
|
|t:|1726539714
|move|p1a: Keldeo|Hydro Pump|p2a: Volcarona|[miss]
|-miss|p1a: Keldeo|p2a: Volcarona
|move|p2a: Volcarona|Quiver Dance|p2a: Volcarona
|-boost|p2a: Volcarona|spa|1
|-boost|p2a: Volcarona|spd|1
|-boost|p2a: Volcarona|spe|1
|
|upkeep
|turn|12
|
|t:|1726539718
|move|p2a: Volcarona|Psychic|p1a: Keldeo
|-supereffective|p1a: Keldeo
|-damage|p1a: Keldeo|0 fnt
|faint|p1a: Keldeo
|
|upkeep
|
|t:|1726539725
|switch|p1a: Latios|Latios, M|100/100
|-damage|p1a: Latios|88/100|[from] Stealth Rock
|turn|13
|
|t:|1726539736
|move|p2a: Volcarona|Bug Buzz|p1a: Latios
|-supereffective|p1a: Latios
|-crit|p1a: Latios
|-damage|p1a: Latios|0 fnt
|faint|p1a: Latios
|
|upkeep
|
|t:|1726539741
|switch|p1a: Scizor|Scizor, M|100/100
|-damage|p1a: Scizor|88/100|[from] Stealth Rock
|turn|14
|
|t:|1726539745
|move|p1a: Scizor|Bullet Punch|p2a: Volcarona
|-resisted|p2a: Volcarona
|-damage|p2a: Volcarona|0 fnt
|faint|p2a: Volcarona
|-damage|p1a: Scizor|79/100|[from] item: Life Orb
|
|upkeep
|
|t:|1726539757
|switch|p2a: Scizor|Scizor, F|100/100
|turn|15
|
|t:|1726539774
|move|p2a: Scizor|Superpower|p1a: Scizor
|-damage|p1a: Scizor|12/100
|-unboost|p2a: Scizor|atk|1
|-unboost|p2a: Scizor|def|1
|-damage|p2a: Scizor|91/100|[from] item: Life Orb
|move|p1a: Scizor|Swords Dance|p1a: Scizor
|-boost|p1a: Scizor|atk|2
|
|upkeep
|turn|16
|
|t:|1726539786
|move|p2a: Scizor|Bullet Punch|p1a: Scizor
|-resisted|p1a: Scizor
|-damage|p1a: Scizor|0 fnt
|faint|p1a: Scizor
|-damage|p2a: Scizor|81/100|[from] item: Life Orb
|
|upkeep
|
|t:|1726539793
|switch|p1a: Hydreigon|Hydreigon, M|100/100
|-damage|p1a: Hydreigon|88/100|[from] Stealth Rock
|turn|17
|
|t:|1726539799
|move|p2a: Scizor|Bullet Punch|p1a: Hydreigon
|-damage|p1a: Hydreigon|54/100
|-damage|p2a: Scizor|71/100|[from] item: Life Orb
|move|p1a: Hydreigon|Flamethrower|p2a: Scizor
|-supereffective|p2a: Scizor
|-damage|p2a: Scizor|0 fnt
|faint|p2a: Scizor
|-damage|p1a: Hydreigon|44/100|[from] item: Life Orb
|
|upkeep
|
|t:|1726539802
|switch|p2a: Breloom|Breloom, M|100/100
|turn|18
|
|t:|1726539807
|move|p2a: Breloom|Mach Punch|p1a: Hydreigon
|-supereffective|p1a: Hydreigon
|-damage|p1a: Hydreigon|0 fnt
|faint|p1a: Hydreigon
|-damage|p2a: Breloom|91/100|[from] item: Life Orb
|
|win|PreUnPo
|raw|34k4's rating: 1387 &rarr; <strong>1373</strong><br />(-14 for losing)
|raw|PreUnPo's rating: 1492 &rarr; <strong>1506</strong><br />(+14 for winning)
