|j|☆MoonmanToTheTop
|j|☆camellia dream
|t:|1711817539
|gametype|singles
|player|p1|MoonmanToTheTop|lucas|1511
|player|p2|camellia dream|lyra|1362
|teamsize|p1|6
|teamsize|p2|6
|gen|5
|tier|[Gen 5] OU
|rated|
|rule|Species Clause: Limit one of each Pokémon
|rule|OHKO Clause: OHKO moves are banned
|rule|Moody Clause: Moody is banned
|rule|Evasion Items Clause: Evasion items are banned
|rule|Evasion Moves Clause: Evasion moves are banned
|rule|Endless Battle Clause: Forcing endless battles is banned
|rule|HP Percentage Mod: HP is shown in percentages
|rule|Evasion Abilities Clause: Evasion abilities are banned
|rule|Sleep Moves Clause: Sleep-inducing moves are banned
|rule|Swagger Clause: Swagger is banned
|rule|Baton Pass Stat Clause: No Baton Passer may have a way to boost its stats
|clearpoke
|poke|p1|Politoed, M|item
|poke|p1|Lapras, M|item
|poke|p1|Starmie|item
|poke|p1|Lanturn, M|item
|poke|p1|Empoleon, M|item
|poke|p1|Gyarados, M|item
|poke|p2|Hippowdon, M|item
|poke|p2|Skarmory, F|item
|poke|p2|Latios, M|item
|poke|p2|Alakazam, F|item
|poke|p2|Jellicent, M|item
|poke|p2|Clefable, F|item
|teampreview
|inactive|Battle timer is ON: inactive players will automatically lose when time's up. (requested by camellia dream)
|
|t:|1711817567
|start
|switch|p1a: Empoleon|Empoleon, M, shiny|100/100
|switch|p2a: Skarmory|Skarmory, F|100/100
|turn|1
|
|t:|1711817581
|move|p1a: Empoleon|Stealth Rock|p2a: Skarmory
|-sidestart|p2: camellia dream|move: Stealth Rock
|move|p2a: Skarmory|Spikes|p1a: Empoleon
|-sidestart|p1: MoonmanToTheTop|Spikes
|
|upkeep
|turn|2
|
|t:|1711817585
|move|p1a: Empoleon|Scald|p2a: Skarmory
|-damage|p2a: Skarmory|44/100
|-status|p2a: Skarmory|brn
|move|p2a: Skarmory|Spikes|p1a: Empoleon
|-sidestart|p1: MoonmanToTheTop|Spikes
|
|-heal|p2a: Skarmory|50/100 brn|[from] item: Leftovers
|-damage|p2a: Skarmory|38/100 brn|[from] brn
|upkeep
|turn|3
|
|t:|1711817591
|switch|p2a: Clefable|Clefable, F|100/100
|move|p1a: Empoleon|Scald|p2a: Clefable
|-damage|p2a: Clefable|72/100
|
|-heal|p2a: Clefable|78/100|[from] item: Leftovers
|upkeep
|turn|4
|
|t:|1711817595
|move|p1a: Empoleon|Ice Beam|p2a: Clefable
|-damage|p2a: Clefable|57/100
|move|p2a: Clefable|Thunder Wave|p1a: Empoleon
|-status|p1a: Empoleon|par
|
|-heal|p2a: Clefable|63/100|[from] item: Leftovers
|upkeep
|turn|5
|
|t:|1711817598
|move|p2a: Clefable|Knock Off|p1a: Empoleon
|-resisted|p1a: Empoleon
|-damage|p1a: Empoleon|98/100 par
|-enditem|p1a: Empoleon|Focus Sash|[from] move: Knock Off|[of] p2a: Clefable
|cant|p1a: Empoleon|par
|
|-heal|p2a: Clefable|69/100|[from] item: Leftovers
|upkeep
|turn|6
|
|t:|1711817602
|move|p2a: Clefable|Seismic Toss|p1a: Empoleon
|-damage|p1a: Empoleon|68/100 par
|move|p1a: Empoleon|Ice Beam|p2a: Clefable
|-damage|p2a: Clefable|46/100
|-status|p2a: Clefable|frz
|
|-heal|p2a: Clefable|52/100 frz|[from] item: Leftovers
|upkeep
|turn|7
|
|t:|1711817607
|cant|p2a: Clefable|frz
|move|p1a: Empoleon|Scald|p2a: Clefable
|-damage|p2a: Clefable|24/100 frz
|
|-heal|p2a: Clefable|30/100 frz|[from] item: Leftovers
|upkeep
|turn|8
|
|t:|1711817610
|cant|p2a: Clefable|frz
|move|p1a: Empoleon|Scald|p2a: Clefable
|-damage|p2a: Clefable|3/100 frz
|
|-heal|p2a: Clefable|9/100 frz|[from] item: Leftovers
|upkeep
|turn|9
|
|t:|1711817612
|-curestatus|p2a: Clefable|frz|[msg]
|move|p2a: Clefable|Soft-Boiled|p2a: Clefable
|-heal|p2a: Clefable|59/100
|move|p1a: Empoleon|Scald|p2a: Clefable
|-damage|p2a: Clefable|30/100
|
|-heal|p2a: Clefable|36/100|[from] item: Leftovers
|upkeep
|turn|10
|
|t:|1711817614
|move|p2a: Clefable|Soft-Boiled|p2a: Clefable
|-heal|p2a: Clefable|86/100
|move|p1a: Empoleon|Ice Beam|p2a: Clefable
|-damage|p2a: Clefable|65/100
|
|-heal|p2a: Clefable|71/100|[from] item: Leftovers
|upkeep
|turn|11
|
|t:|1711817617
|move|p2a: Clefable|Soft-Boiled|p2a: Clefable
|-heal|p2a: Clefable|100/100
|move|p1a: Empoleon|Ice Beam|p2a: Clefable
|-damage|p2a: Clefable|78/100
|
|-heal|p2a: Clefable|84/100|[from] item: Leftovers
|upkeep
|turn|12
|
|t:|1711817623
|move|p2a: Clefable|Seismic Toss|p1a: Empoleon
|-damage|p1a: Empoleon|38/100 par
|move|p1a: Empoleon|Scald|p2a: Clefable
|-crit|p2a: Clefable
|-damage|p2a: Clefable|33/100
|
|-heal|p2a: Clefable|39/100|[from] item: Leftovers
|upkeep
|turn|13
|
|t:|1711817632
|move|p2a: Clefable|Soft-Boiled|p2a: Clefable
|-heal|p2a: Clefable|89/100
|move|p1a: Empoleon|Scald|p2a: Clefable
|-damage|p2a: Clefable|63/100
|-status|p2a: Clefable|brn
|
|-heal|p2a: Clefable|69/100 brn|[from] item: Leftovers
|upkeep
|turn|14
|
|t:|1711817638
|move|p2a: Clefable|Soft-Boiled|p2a: Clefable
|-heal|p2a: Clefable|100/100 brn
|cant|p1a: Empoleon|par
|
|upkeep
|turn|15
|
|t:|1711817640
|move|p2a: Clefable|Seismic Toss|p1a: Empoleon
|-damage|p1a: Empoleon|8/100 par
|move|p1a: Empoleon|Scald|p2a: Clefable
|-damage|p2a: Clefable|61/100 brn
|
|-heal|p2a: Clefable|67/100 brn|[from] item: Leftovers
|upkeep
|turn|16
|
|t:|1711817643
|move|p2a: Clefable|Soft-Boiled|p2a: Clefable
|-heal|p2a: Clefable|100/100 brn
|cant|p1a: Empoleon|par
|
|upkeep
|turn|17
|
|t:|1711817646
|move|p2a: Clefable|Seismic Toss|p1a: Empoleon
|-damage|p1a: Empoleon|0 fnt
|faint|p1a: Empoleon
|
|upkeep
|
|t:|1711817649
|switch|p1a: Politoed|Politoed, M, shiny|100/100
|-damage|p1a: Politoed|84/100|[from] Spikes
|-weather|RainDance|[from] ability: Drizzle|[of] p1a: Politoed
|turn|18
|
|t:|1711817653
|move|p1a: Politoed|Encore|p2a: Clefable
|-start|p2a: Clefable|Encore
|move|p2a: Clefable|Seismic Toss|p1a: Politoed
|-damage|p1a: Politoed|53/100
|
|-weather|RainDance|[upkeep]
|upkeep
|turn|19
|
|t:|1711817662
|switch|p1a: Gyarados|Gyarados, M|100/100
|-ability|p1a: Gyarados|Intimidate|boost
|-unboost|p2a: Clefable|atk|1
|move|p2a: Clefable|Seismic Toss|p1a: Gyarados
|-damage|p1a: Gyarados|72/100
|
|-weather|RainDance|[upkeep]
|-heal|p1a: Gyarados|78/100|[from] item: Leftovers
|upkeep
|turn|20
|
|t:|1711817672
|switch|p2a: Hippowdon|Hippowdon, M|100/100
|-damage|p2a: Hippowdon|94/100|[from] Stealth Rock
|-weather|Sandstorm|[from] ability: Sand Stream|[of] p2a: Hippowdon
|move|p1a: Gyarados|Dragon Dance|p1a: Gyarados
|-boost|p1a: Gyarados|atk|1
|-boost|p1a: Gyarados|spe|1
|
|-weather|Sandstorm|[upkeep]
|-damage|p1a: Gyarados|72/100|[from] Sandstorm
|-heal|p1a: Gyarados|78/100|[from] item: Leftovers
|-heal|p2a: Hippowdon|100/100|[from] item: Leftovers
|upkeep
|turn|21
|
|t:|1711817676
|switch|p2a: Jellicent|Jellicent, M|100/100
|-damage|p2a: Jellicent|88/100|[from] Stealth Rock
|move|p1a: Gyarados|Waterfall|p2a: Jellicent
|-heal|p2a: Jellicent|100/100|[from] ability: Water Absorb|[of] p1a: Gyarados
|
|-weather|Sandstorm|[upkeep]
|-damage|p1a: Gyarados|72/100|[from] Sandstorm
|-damage|p2a: Jellicent|94/100|[from] Sandstorm
|-heal|p1a: Gyarados|78/100|[from] item: Leftovers
|-heal|p2a: Jellicent|100/100|[from] item: Leftovers
|upkeep
|turn|22
|
|t:|1711817683
|move|p1a: Gyarados|Substitute|p1a: Gyarados
|-start|p1a: Gyarados|Substitute
|-damage|p1a: Gyarados|53/100
|move|p2a: Jellicent|Night Shade|p1a: Gyarados
|-end|p1a: Gyarados|Substitute
|
|-weather|Sandstorm|[upkeep]
|-damage|p1a: Gyarados|47/100|[from] Sandstorm
|-damage|p2a: Jellicent|94/100|[from] Sandstorm
|-heal|p1a: Gyarados|53/100|[from] item: Leftovers
|-heal|p2a: Jellicent|100/100|[from] item: Leftovers
|upkeep
|turn|23
|
|t:|1711817687
|move|p1a: Gyarados|Dragon Dance|p1a: Gyarados
|-boost|p1a: Gyarados|atk|1
|-boost|p1a: Gyarados|spe|1
|move|p2a: Jellicent|Night Shade|p1a: Gyarados
|-damage|p1a: Gyarados|25/100
|
|-weather|Sandstorm|[upkeep]
|-damage|p1a: Gyarados|19/100|[from] Sandstorm
|-damage|p2a: Jellicent|94/100|[from] Sandstorm
|-heal|p1a: Gyarados|25/100|[from] item: Leftovers
|-heal|p2a: Jellicent|100/100|[from] item: Leftovers
|upkeep
|turn|24
|
|t:|1711817690
|move|p1a: Gyarados|Bounce||[still]
|-prepare|p1a: Gyarados|Bounce
|move|p2a: Jellicent|Night Shade|p1a: Gyarados|[miss]
|-miss|p2a: Jellicent|p1a: Gyarados
|
|-weather|Sandstorm|[upkeep]
|-damage|p1a: Gyarados|19/100|[from] Sandstorm
|-damage|p2a: Jellicent|94/100|[from] Sandstorm
|-heal|p1a: Gyarados|25/100|[from] item: Leftovers
|-heal|p2a: Jellicent|100/100|[from] item: Leftovers
|upkeep
|turn|25
|
|t:|1711817692
|move|p1a: Gyarados|Bounce|p2a: Jellicent|[from]lockedmove
|-damage|p2a: Jellicent|38/100
|move|p2a: Jellicent|Recover|p2a: Jellicent
|-heal|p2a: Jellicent|88/100
|
|-weather|Sandstorm|[upkeep]
|-damage|p1a: Gyarados|19/100|[from] Sandstorm
|-damage|p2a: Jellicent|82/100|[from] Sandstorm
|-heal|p1a: Gyarados|25/100|[from] item: Leftovers
|-heal|p2a: Jellicent|88/100|[from] item: Leftovers
|upkeep
|turn|26
|
|t:|1711817700
|move|p1a: Gyarados|Bounce||[still]
|-prepare|p1a: Gyarados|Bounce
|move|p2a: Jellicent|Night Shade|p1a: Gyarados|[miss]
|-miss|p2a: Jellicent|p1a: Gyarados
|
|-weather|Sandstorm|[upkeep]
|-damage|p1a: Gyarados|19/100|[from] Sandstorm
|-damage|p2a: Jellicent|82/100|[from] Sandstorm
|-heal|p1a: Gyarados|25/100|[from] item: Leftovers
|-heal|p2a: Jellicent|88/100|[from] item: Leftovers
|upkeep
|turn|27
|
|t:|1711817702
|move|p1a: Gyarados|Bounce|p2a: Jellicent|[from]lockedmove
|-damage|p2a: Jellicent|20/100
|move|p2a: Jellicent|Night Shade|p1a: Gyarados
|-damage|p1a: Gyarados|0 fnt
|faint|p1a: Gyarados
|
|-weather|Sandstorm|[upkeep]
|-damage|p2a: Jellicent|13/100|[from] Sandstorm
|-heal|p2a: Jellicent|20/100|[from] item: Leftovers
|upkeep
|
|t:|1711817707
|switch|p1a: Starmie|Starmie|100/100
|-damage|p1a: Starmie|84/100|[from] Spikes
|turn|28
|
|t:|1711817710
|switch|p2a: Clefable|Clefable, F|100/100 brn
|move|p1a: Starmie|Thunder|p2a: Clefable
|-damage|p2a: Clefable|60/100 brn
|-damage|p1a: Starmie|74/100|[from] item: Life Orb
|
|-weather|Sandstorm|[upkeep]
|-damage|p1a: Starmie|68/100|[from] Sandstorm
|-heal|p2a: Clefable|66/100 brn|[from] item: Leftovers
|upkeep
|turn|29
|
|t:|1711817713
|switch|p1a: Politoed|Politoed, M, shiny|53/100
|-damage|p1a: Politoed|36/100|[from] Spikes
|-weather|RainDance|[from] ability: Drizzle|[of] p1a: Politoed
|move|p2a: Clefable|Thunder Wave|p1a: Politoed
|-status|p1a: Politoed|par
|
|-weather|RainDance|[upkeep]
|-heal|p2a: Clefable|72/100 brn|[from] item: Leftovers
|upkeep
|turn|30
|
|t:|1711817716
|switch|p1a: Lanturn|Lanturn, M, shiny|100/100
|-damage|p1a: Lanturn|84/100|[from] Spikes
|move|p2a: Clefable|Seismic Toss|p1a: Lanturn
|-damage|p1a: Lanturn|60/100
|
|-weather|RainDance|[upkeep]
|-heal|p1a: Lanturn|67/100|[from] item: Leftovers
|-heal|p2a: Clefable|78/100 brn|[from] item: Leftovers
|upkeep
|turn|31
|
|t:|1711817719
|move|p1a: Lanturn|Surf|p2a: Clefable
|-damage|p2a: Clefable|43/100 brn
|move|p2a: Clefable|Knock Off|p1a: Lanturn
|-damage|p1a: Lanturn|64/100
|-enditem|p1a: Lanturn|Leftovers|[from] move: Knock Off|[of] p2a: Clefable
|
|-weather|RainDance|[upkeep]
|-heal|p2a: Clefable|49/100 brn|[from] item: Leftovers
|upkeep
|turn|32
|
|t:|1711817721
|move|p1a: Lanturn|Surf|p2a: Clefable
|-damage|p2a: Clefable|10/100 brn
|move|p2a: Clefable|Soft-Boiled|p2a: Clefable
|-heal|p2a: Clefable|60/100 brn
|
|-weather|RainDance|[upkeep]
|-heal|p2a: Clefable|66/100 brn|[from] item: Leftovers
|upkeep
|turn|33
|
|t:|1711817724
|move|p1a: Lanturn|Surf|p2a: Clefable
|-damage|p2a: Clefable|31/100 brn
|move|p2a: Clefable|Soft-Boiled|p2a: Clefable
|-heal|p2a: Clefable|81/100 brn
|
|-weather|RainDance|[upkeep]
|-heal|p2a: Clefable|87/100 brn|[from] item: Leftovers
|upkeep
|turn|34
|
|t:|1711817726
|move|p1a: Lanturn|Surf|p2a: Clefable
|-damage|p2a: Clefable|49/100 brn
|move|p2a: Clefable|Seismic Toss|p1a: Lanturn
|-damage|p1a: Lanturn|41/100
|
|-weather|RainDance|[upkeep]
|-heal|p2a: Clefable|55/100 brn|[from] item: Leftovers
|upkeep
|turn|35
|
|t:|1711817728
|move|p1a: Lanturn|Surf|p2a: Clefable
|-damage|p2a: Clefable|18/100 brn
|move|p2a: Clefable|Soft-Boiled|p2a: Clefable
|-heal|p2a: Clefable|68/100 brn
|
|-weather|RainDance|[upkeep]
|-heal|p2a: Clefable|74/100 brn|[from] item: Leftovers
|upkeep
|turn|36
|
|t:|1711817730
|switch|p2a: Jellicent|Jellicent, M|20/100
|-damage|p2a: Jellicent|7/100|[from] Stealth Rock
|move|p1a: Lanturn|Surf|p2a: Jellicent
|-heal|p2a: Jellicent|32/100|[from] ability: Water Absorb|[of] p1a: Lanturn
|
|-weather|RainDance|[upkeep]
|-heal|p2a: Jellicent|38/100|[from] item: Leftovers
|upkeep
|turn|37
|
|t:|1711817734
|switch|p2a: Clefable|Clefable, F|74/100 brn
|move|p1a: Lanturn|Surf|p2a: Clefable
|-damage|p2a: Clefable|37/100 brn
|
|-weather|RainDance|[upkeep]
|-heal|p2a: Clefable|43/100 brn|[from] item: Leftovers
|upkeep
|turn|38
|
|t:|1711817737
|move|p1a: Lanturn|Surf|p2a: Clefable
|-damage|p2a: Clefable|8/100 brn
|move|p2a: Clefable|Soft-Boiled|p2a: Clefable
|-heal|p2a: Clefable|58/100 brn
|
|-weather|RainDance|[upkeep]
|-heal|p2a: Clefable|64/100 brn|[from] item: Leftovers
|upkeep
|turn|39
|
|t:|1711817741
|move|p1a: Lanturn|Surf|p2a: Clefable
|-damage|p2a: Clefable|23/100 brn
|move|p2a: Clefable|Soft-Boiled|p2a: Clefable
|-heal|p2a: Clefable|73/100 brn
|
|-weather|RainDance|[upkeep]
|-heal|p2a: Clefable|79/100 brn|[from] item: Leftovers
|upkeep
|turn|40
|
|t:|1711817743
|switch|p2a: Jellicent|Jellicent, M|38/100
|-damage|p2a: Jellicent|26/100|[from] Stealth Rock
|move|p1a: Lanturn|Surf|p2a: Jellicent
|-heal|p2a: Jellicent|51/100|[from] ability: Water Absorb|[of] p1a: Lanturn
|
|-weather|RainDance|[upkeep]
|-heal|p2a: Jellicent|57/100|[from] item: Leftovers
|upkeep
|turn|41
|
|t:|1711817746
|move|p1a: Lanturn|Thunder|p2a: Jellicent
|-supereffective|p2a: Jellicent
|-damage|p2a: Jellicent|0 fnt
|faint|p2a: Jellicent
|
|-weather|RainDance|[upkeep]
|upkeep
|
|t:|1711817751
|switch|p2a: Alakazam|Alakazam, F|100/100
|turn|42
|
|t:|1711817755
|move|p2a: Alakazam|Psyshock|p1a: Lanturn
|-damage|p1a: Lanturn|0 fnt
|faint|p1a: Lanturn
|
|-weather|RainDance|[upkeep]
|upkeep
|
|t:|1711817758
|switch|p1a: Lapras|Lapras, M|100/100
|-damage|p1a: Lapras|84/100|[from] Spikes
|turn|43
|
|t:|1711817760
|switch|p2a: Hippowdon|Hippowdon, M|100/100
|-damage|p2a: Hippowdon|94/100|[from] Stealth Rock
|-weather|Sandstorm|[from] ability: Sand Stream|[of] p2a: Hippowdon
|move|p1a: Lapras|Curse|p1a: Lapras
|-unboost|p1a: Lapras|spe|1
|-boost|p1a: Lapras|atk|1
|-boost|p1a: Lapras|def|1
|
|-weather|Sandstorm|[upkeep]
|-damage|p1a: Lapras|78/100|[from] Sandstorm
|-heal|p2a: Hippowdon|100/100|[from] item: Leftovers
|-heal|p1a: Lapras|84/100|[from] item: Leftovers
|upkeep
|turn|44
|
|t:|1711817765
|move|p2a: Hippowdon|Stealth Rock|p1a: Lapras
|-sidestart|p1: MoonmanToTheTop|move: Stealth Rock
|move|p1a: Lapras|Waterfall|p2a: Hippowdon
|-supereffective|p2a: Hippowdon
|-damage|p2a: Hippowdon|48/100
|
|-weather|Sandstorm|[upkeep]
|-damage|p1a: Lapras|78/100|[from] Sandstorm
|-heal|p2a: Hippowdon|54/100|[from] item: Leftovers
|-heal|p1a: Lapras|84/100|[from] item: Leftovers
|upkeep
|turn|45
|
|t:|1711817767
|move|p1a: Lapras|Waterfall|p2a: Hippowdon
|-supereffective|p2a: Hippowdon
|-damage|p2a: Hippowdon|2/100
|move|p2a: Hippowdon|Whirlwind|p1a: Lapras
|drag|p1a: Politoed|Politoed, M, shiny|36/100 par
|-damage|p1a: Politoed|20/100 par|[from] Spikes
|-damage|p1a: Politoed|7/100 par|[from] Stealth Rock
|-weather|RainDance|[from] ability: Drizzle|[of] p1a: Politoed
|
|-weather|RainDance|[upkeep]
|-heal|p2a: Hippowdon|9/100|[from] item: Leftovers
|upkeep
|turn|46
|
|t:|1711817773
|move|p2a: Hippowdon|Earthquake|p1a: Politoed
|-crit|p1a: Politoed
|-damage|p1a: Politoed|0 fnt
|faint|p1a: Politoed
|
|-weather|RainDance|[upkeep]
|-heal|p2a: Hippowdon|15/100|[from] item: Leftovers
|upkeep
|
|t:|1711817775
|switch|p1a: Starmie|Starmie|68/100
|-damage|p1a: Starmie|51/100|[from] Spikes
|-damage|p1a: Starmie|39/100|[from] Stealth Rock
|turn|47
|
|t:|1711817785
|switch|p2a: Clefable|Clefable, F|79/100 brn
|move|p1a: Starmie|Rapid Spin|p2a: Clefable
|-damage|p2a: Clefable|73/100 brn
|-sideend|p1: MoonmanToTheTop|Spikes|[from] move: Rapid Spin|[of] p1a: Starmie
|-sideend|p1: MoonmanToTheTop|Stealth Rock|[from] move: Rapid Spin|[of] p1a: Starmie
|-damage|p1a: Starmie|29/100|[from] item: Life Orb
|
|-weather|RainDance|[upkeep]
|-heal|p2a: Clefable|79/100 brn|[from] item: Leftovers
|upkeep
|turn|48
|
|t:|1711817788
|switch|p1a: Lapras|Lapras, M|84/100
|move|p2a: Clefable|Thunder Wave|p1a: Lapras
|-status|p1a: Lapras|par
|
|-weather|RainDance|[upkeep]
|-heal|p2a: Clefable|85/100 brn|[from] item: Leftovers
|-activate|p1a: Lapras|ability: Hydration
|-curestatus|p1a: Lapras|par|[msg]
|-heal|p1a: Lapras|90/100|[from] item: Leftovers
|upkeep
|turn|49
|
|t:|1711817791
|switch|p2a: Hippowdon|Hippowdon, M|15/100
|-damage|p2a: Hippowdon|9/100|[from] Stealth Rock
|-weather|Sandstorm|[from] ability: Sand Stream|[of] p2a: Hippowdon
|move|p1a: Lapras|Curse|p1a: Lapras
|-unboost|p1a: Lapras|spe|1
|-boost|p1a: Lapras|atk|1
|-boost|p1a: Lapras|def|1
|
|-weather|Sandstorm|[upkeep]
|-damage|p1a: Lapras|84/100|[from] Sandstorm
|-heal|p2a: Hippowdon|15/100|[from] item: Leftovers
|-heal|p1a: Lapras|90/100|[from] item: Leftovers
|upkeep
|turn|50
|
|t:|1711817795
|move|p1a: Lapras|Ice Shard|p2a: Hippowdon
|-supereffective|p2a: Hippowdon
|-damage|p2a: Hippowdon|0 fnt
|faint|p2a: Hippowdon
|
|-weather|Sandstorm|[upkeep]
|-damage|p1a: Lapras|84/100|[from] Sandstorm
|-heal|p1a: Lapras|90/100|[from] item: Leftovers
|upkeep
|
|t:|1711817802
|switch|p2a: Clefable|Clefable, F|85/100 brn
|turn|51
|
|t:|1711817810
|move|p2a: Clefable|Thunder Wave|p1a: Lapras
|-status|p1a: Lapras|par
|move|p1a: Lapras|Curse|p1a: Lapras
|-unboost|p1a: Lapras|spe|1
|-boost|p1a: Lapras|atk|1
|-boost|p1a: Lapras|def|1
|
|-weather|Sandstorm|[upkeep]
|-damage|p1a: Lapras|84/100 par|[from] Sandstorm
|-heal|p2a: Clefable|91/100 brn|[from] item: Leftovers
|-heal|p1a: Lapras|90/100 par|[from] item: Leftovers
|upkeep
|turn|52
|
|t:|1711817814
|move|p2a: Clefable|Knock Off|p1a: Lapras
|-damage|p1a: Lapras|90/100 par
|-enditem|p1a: Lapras|Leftovers|[from] move: Knock Off|[of] p2a: Clefable
|move|p1a: Lapras|Curse|p1a: Lapras
|-unboost|p1a: Lapras|spe|1
|-boost|p1a: Lapras|atk|1
|-boost|p1a: Lapras|def|1
|
|-weather|Sandstorm|[upkeep]
|-damage|p1a: Lapras|83/100 par|[from] Sandstorm
|-heal|p2a: Clefable|97/100 brn|[from] item: Leftovers
|upkeep
|turn|53
|
|t:|1711817819
|move|p2a: Clefable|Seismic Toss|p1a: Lapras
|-damage|p1a: Lapras|61/100 par
|cant|p1a: Lapras|par
|
|-weather|Sandstorm|[upkeep]
|-damage|p1a: Lapras|55/100 par|[from] Sandstorm
|-heal|p2a: Clefable|100/100 brn|[from] item: Leftovers
|upkeep
|turn|54
|
|t:|1711817821
|move|p2a: Clefable|Seismic Toss|p1a: Lapras
|-damage|p1a: Lapras|33/100 par
|move|p1a: Lapras|Rest|p1a: Lapras
|-status|p1a: Lapras|slp|[from] move: Rest
|-heal|p1a: Lapras|100/100 slp|[silent]
|
|-weather|Sandstorm|[upkeep]
|-damage|p1a: Lapras|94/100 slp|[from] Sandstorm
|upkeep
|turn|55
|
|t:|1711817823
|move|p2a: Clefable|Seismic Toss|p1a: Lapras
|-damage|p1a: Lapras|72/100 slp
|cant|p1a: Lapras|slp
|
|-weather|Sandstorm|[upkeep]
|-damage|p1a: Lapras|66/100 slp|[from] Sandstorm
|upkeep
|turn|56
|
|t:|1711817825
|move|p2a: Clefable|Seismic Toss|p1a: Lapras
|-damage|p1a: Lapras|43/100 slp
|cant|p1a: Lapras|slp
|
|-weather|Sandstorm|[upkeep]
|-damage|p1a: Lapras|37/100 slp|[from] Sandstorm
|upkeep
|turn|57
|
|t:|1711817828
|move|p2a: Clefable|Seismic Toss|p1a: Lapras
|-damage|p1a: Lapras|15/100 slp
|-curestatus|p1a: Lapras|slp|[msg]
|move|p1a: Lapras|Rest|p1a: Lapras
|-status|p1a: Lapras|slp|[from] move: Rest
|-heal|p1a: Lapras|100/100 slp|[silent]
|
|-weather|Sandstorm|[upkeep]
|-damage|p1a: Lapras|94/100 slp|[from] Sandstorm
|upkeep
|turn|58
|
|t:|1711817830
|move|p2a: Clefable|Seismic Toss|p1a: Lapras
|-damage|p1a: Lapras|72/100 slp
|cant|p1a: Lapras|slp
|
|-weather|Sandstorm|[upkeep]
|-damage|p1a: Lapras|66/100 slp|[from] Sandstorm
|upkeep
|turn|59
|
|t:|1711817833
|move|p2a: Clefable|Seismic Toss|p1a: Lapras
|-damage|p1a: Lapras|43/100 slp
|cant|p1a: Lapras|slp
|
|-weather|Sandstorm|[upkeep]
|-damage|p1a: Lapras|37/100 slp|[from] Sandstorm
|upkeep
|turn|60
|
|t:|1711817835
|move|p2a: Clefable|Seismic Toss|p1a: Lapras
|-damage|p1a: Lapras|15/100 slp
|-curestatus|p1a: Lapras|slp|[msg]
|move|p1a: Lapras|Rest|p1a: Lapras
|-status|p1a: Lapras|slp|[from] move: Rest
|-heal|p1a: Lapras|100/100 slp|[silent]
|
|-weather|Sandstorm|[upkeep]
|-damage|p1a: Lapras|94/100 slp|[from] Sandstorm
|upkeep
|turn|61
|
|t:|1711817837
|move|p2a: Clefable|Seismic Toss|p1a: Lapras
|-damage|p1a: Lapras|72/100 slp
|cant|p1a: Lapras|slp
|
|-weather|Sandstorm|[upkeep]
|-damage|p1a: Lapras|66/100 slp|[from] Sandstorm
|upkeep
|turn|62
|
|t:|1711817839
|move|p2a: Clefable|Seismic Toss|p1a: Lapras
|-damage|p1a: Lapras|43/100 slp
|cant|p1a: Lapras|slp
|
|-weather|Sandstorm|[upkeep]
|-damage|p1a: Lapras|37/100 slp|[from] Sandstorm
|upkeep
|turn|63
|
|t:|1711817841
|move|p2a: Clefable|Seismic Toss|p1a: Lapras
|-damage|p1a: Lapras|15/100 slp
|-curestatus|p1a: Lapras|slp|[msg]
|move|p1a: Lapras|Rest|p1a: Lapras
|-status|p1a: Lapras|slp|[from] move: Rest
|-heal|p1a: Lapras|100/100 slp|[silent]
|
|-weather|Sandstorm|[upkeep]
|-damage|p1a: Lapras|94/100 slp|[from] Sandstorm
|upkeep
|turn|64
|
|t:|1711817843
|move|p2a: Clefable|Seismic Toss|p1a: Lapras
|-damage|p1a: Lapras|72/100 slp
|cant|p1a: Lapras|slp
|
|-weather|Sandstorm|[upkeep]
|-damage|p1a: Lapras|66/100 slp|[from] Sandstorm
|upkeep
|turn|65
|
|t:|1711817848
|move|p2a: Clefable|Seismic Toss|p1a: Lapras
|-damage|p1a: Lapras|43/100 slp
|cant|p1a: Lapras|slp
|
|-weather|Sandstorm|[upkeep]
|-damage|p1a: Lapras|37/100 slp|[from] Sandstorm
|upkeep
|turn|66
|
|t:|1711817850
|move|p2a: Clefable|Seismic Toss|p1a: Lapras
|-damage|p1a: Lapras|15/100 slp
|-curestatus|p1a: Lapras|slp|[msg]
|move|p1a: Lapras|Rest|p1a: Lapras
|-status|p1a: Lapras|slp|[from] move: Rest
|-heal|p1a: Lapras|100/100 slp|[silent]
|
|-weather|Sandstorm|[upkeep]
|-damage|p1a: Lapras|94/100 slp|[from] Sandstorm
|upkeep
|turn|67
|
|t:|1711817855
|switch|p2a: Alakazam|Alakazam, F|100/100
|cant|p1a: Lapras|slp
|
|-weather|Sandstorm|[upkeep]
|-damage|p1a: Lapras|88/100 slp|[from] Sandstorm
|upkeep
|turn|68
|
|t:|1711817857
|move|p2a: Alakazam|Grass Knot|p1a: Lapras
|-supereffective|p1a: Lapras
|-crit|p1a: Lapras
|-damage|p1a: Lapras|0 fnt
|faint|p1a: Lapras
|
|-weather|Sandstorm|[upkeep]
|upkeep
|inactive|MoonmanToTheTop has 120 seconds left.
|inactive|MoonmanToTheTop has 90 seconds left.
|inactive|MoonmanToTheTop has 60 seconds left.
|inactive|MoonmanToTheTop has 30 seconds left.
|inactive|MoonmanToTheTop has 20 seconds left.
|inactive|MoonmanToTheTop has 15 seconds left.
|inactive|MoonmanToTheTop has 10 seconds left.
|inactive|MoonmanToTheTop has 5 seconds left.
|-message|MoonmanToTheTop lost due to inactivity.
|
|win|camellia dream
|raw|MoonmanToTheTop's rating: 1538 &rarr; <strong>1509</strong><br />(-29 for losing)
|raw|camellia dream's rating: 1362 &rarr; <strong>1391</strong><br />(+29 for winning)
