|j|☆sirkoda
|j|☆daddy_days
|t:|1739551599
|gametype|singles
|player|p1|sirkoda|265|1359
|player|p2|daddy_days|hugh|1557
|teamsize|p1|6
|teamsize|p2|6
|gen|5
|tier|[Gen 5] OU
|rated|
|rule|Species Clause: Limit one of each Pokémon
|rule|OHKO Clause: OHKO moves are banned
|rule|Moody Clause: Moody is banned
|rule|Evasion Items Clause: Evasion items are banned
|rule|Evasion Moves Clause: Evasion moves are banned
|rule|Endless Battle Clause: Forcing endless battles is banned
|rule|HP Percentage Mod: HP is shown in percentages
|rule|Evasion Abilities Clause: Evasion abilities are banned
|rule|Sleep Moves Clause: Sleep-inducing moves are banned
|rule|Swagger Clause: Swagger is banned
|rule|Baton Pass Stat Clause: No Baton Passer may have a way to boost its stats
|clearpoke
|poke|p1|Volcarona, F|item
|poke|p1|Garchomp, M|item
|poke|p1|Dragonite, M|item
|poke|p1|Latias, F|item
|poke|p1|Starmie|item
|poke|p1|Jirachi|item
|poke|p2|Kyurem-Black|item
|poke|p2|Garchomp, M|item
|poke|p2|Conkeldurr, F|item
|poke|p2|Starmie|item
|poke|p2|Bisharp, M|item
|poke|p2|Scyther, M|item
|teampreview
|inactive|Battle timer is ON: inactive players will automatically lose when time's up. (requested by daddy_days)
|
|t:|1739551654
|start
|switch|p1a: Dragonite|Dragonite, M|100/100
|switch|p2a: Painkiller|Garchomp, M|100/100
|turn|1
|
|t:|1739551663
|move|p1a: Dragonite|Dragon Dance|p1a: Dragonite
|-boost|p1a: Dragonite|atk|1
|-boost|p1a: Dragonite|spe|1
|move|p2a: Painkiller|Dragon Tail|p1a: Dragonite
|-supereffective|p1a: Dragonite
|-damage|p1a: Dragonite|72/100
|drag|p1a: Garchomp|Garchomp, M|100/100
|
|upkeep
|turn|2
|
|t:|1739551671
|move|p1a: Garchomp|Outrage|p2a: Painkiller
|-supereffective|p2a: Painkiller
|-damage|p2a: Painkiller|23/100
|-damage|p1a: Garchomp|88/100|[from] ability: Rough Skin|[of] p2a: Painkiller
|-damage|p1a: Garchomp|72/100|[from] item: Rocky Helmet|[of] p2a: Painkiller
|move|p2a: Painkiller|Stealth Rock|p1a: Garchomp
|-sidestart|p1: sirkoda|move: Stealth Rock
|
|upkeep
|turn|3
|
|t:|1739551680
|move|p2a: Painkiller|Endure|p2a: Painkiller
|-singleturn|p2a: Painkiller|move: Endure
|move|p1a: Garchomp|Outrage|p2a: Painkiller|[from] lockedmove
|-supereffective|p2a: Painkiller
|-activate|p2a: Painkiller|move: Endure
|-damage|p2a: Painkiller|1/100
|-damage|p1a: Garchomp|59/100|[from] ability: Rough Skin|[of] p2a: Painkiller
|-damage|p1a: Garchomp|43/100|[from] item: Rocky Helmet|[of] p2a: Painkiller
|
|upkeep
|turn|4
|inactive|sirkoda has 120 seconds left.
|
|t:|1739551712
|move|p2a: Painkiller|Endure|p2a: Painkiller
|-singleturn|p2a: Painkiller|move: Endure
|move|p1a: Garchomp|Outrage|p2a: Painkiller|[from] lockedmove
|-supereffective|p2a: Painkiller
|-activate|p2a: Painkiller|move: Endure
|-damage|p2a: Painkiller|1/100
|-damage|p1a: Garchomp|30/100|[from] ability: Rough Skin|[of] p2a: Painkiller
|-damage|p1a: Garchomp|14/100|[from] item: Rocky Helmet|[of] p2a: Painkiller
|-start|p1a: Garchomp|confusion|[fatigue]
|-enditem|p1a: Garchomp|Lum Berry|[eat]
|-end|p1a: Garchomp|confusion
|
|upkeep
|turn|5
|j| WeR#4Hay!
|l| WeR#4Hay!
|inactive|sirkoda has 120 seconds left.
|
|t:|1739551728
|switch|p2a: Blade|Scyther, M|100/100
|move|p1a: Garchomp|Earthquake|p2a: Blade
|-immune|p2a: Blade
|
|upkeep
|turn|6
|
|t:|1739551736
|move|p2a: Blade|Pursuit|p1a: Garchomp
|-damage|p1a: Garchomp|0 fnt
|-damage|p2a: Blade|88/100|[from] ability: Rough Skin|[of] p1a: Garchomp
|faint|p1a: Garchomp
|
|upkeep
|
|t:|1739551749
|switch|p1a: Jirachi|Jirachi|100/100
|-damage|p1a: Jirachi|94/100|[from] Stealth Rock
|turn|7
|
|t:|1739551754
|switch|p2a: Starlight|Starmie|100/100
|move|p1a: Jirachi|Iron Head|p2a: Starlight
|-resisted|p2a: Starlight
|-crit|p2a: Starlight
|-damage|p2a: Starlight|56/100
|
|-heal|p2a: Starlight|62/100|[from] item: Leftovers
|upkeep
|turn|8
|
|t:|1739551763
|move|p1a: Jirachi|Iron Head|p2a: Starlight
|-resisted|p2a: Starlight
|-damage|p2a: Starlight|39/100
|cant|p2a: Starlight|flinch
|
|-heal|p2a: Starlight|45/100|[from] item: Leftovers
|upkeep
|turn|9
|
|t:|1739551771
|move|p1a: Jirachi|Iron Head|p2a: Starlight
|-resisted|p2a: Starlight
|-damage|p2a: Starlight|24/100
|cant|p2a: Starlight|flinch
|
|-heal|p2a: Starlight|30/100|[from] item: Leftovers
|upkeep
|turn|10
|
|t:|1739551779
|move|p1a: Jirachi|Iron Head|p2a: Starlight
|-resisted|p2a: Starlight
|-damage|p2a: Starlight|9/100
|move|p2a: Starlight|Thunder Wave|p1a: Jirachi
|-status|p1a: Jirachi|par
|
|-heal|p2a: Starlight|16/100|[from] item: Leftovers
|upkeep
|turn|11
|
|t:|1739551791
|move|p2a: Starlight|Hydro Pump|p1a: Jirachi
|-crit|p1a: Jirachi
|-damage|p1a: Jirachi|32/100 par
|cant|p1a: Jirachi|par
|
|-heal|p2a: Starlight|22/100|[from] item: Leftovers
|upkeep
|turn|12
|
|t:|1739551799
|move|p2a: Starlight|Hydro Pump|p1a: Jirachi
|-damage|p1a: Jirachi|1/100 par
|move|p1a: Jirachi|Iron Head|p2a: Starlight
|-resisted|p2a: Starlight
|-damage|p2a: Starlight|0 fnt
|faint|p2a: Starlight
|
|upkeep
|
|t:|1739551808
|switch|p2a: Blade|Scyther, M|88/100
|turn|13
|
|t:|1739551811
|move|p2a: Blade|U-turn|p1a: Jirachi
|-damage|p1a: Jirachi|0 fnt
|faint|p1a: Jirachi
|
|t:|1739551818
|switch|p2a: Insane Dwayne|Kyurem-Black|100/100|[from] U-turn
|-ability|p2a: Insane Dwayne|Teravolt
|
|upkeep
|
|t:|1739551827
|switch|p1a: Latias|Latias, F|100/100
|-damage|p1a: Latias|88/100|[from] Stealth Rock
|turn|14
|
|t:|1739551834
|switch|p2a: Adolf|Bisharp, M|100/100
|-item|p2a: Adolf|Air Balloon
|move|p1a: Latias|Draco Meteor|p2a: Adolf|[miss]
|-miss|p1a: Latias|p2a: Adolf
|
|upkeep
|turn|15
|
|t:|1739551842
|-activate|p1a: Latias|move: Pursuit
|move|p2a: Adolf|Pursuit|p1a: Latias|[from] Pursuit
|-supereffective|p1a: Latias
|-damage|p1a: Latias|0 fnt
|faint|p1a: Latias
|-hint|A Pokemon can't switch between when it runs out of HP and when it faints
|
|upkeep
|
|t:|1739551848
|switch|p1a: Starmie|Starmie|100/100
|-damage|p1a: Starmie|88/100|[from] Stealth Rock
|-item|p1a: Starmie|Air Balloon
|turn|16
|
|t:|1739551854
|move|p2a: Adolf|Sucker Punch|p1a: Starmie
|-supereffective|p1a: Starmie
|-damage|p1a: Starmie|0 fnt
|-enditem|p1a: Starmie|Air Balloon
|faint|p1a: Starmie
|
|upkeep
|-message|sirkoda forfeited.
|
|win|daddy_days
|raw|sirkoda's rating: 1359 &rarr; <strong>1349</strong><br />(-10 for losing)
|raw|daddy_days's rating: 1557 &rarr; <strong>1567</strong><br />(+10 for winning)
|l|☆sirkoda
|player|p1|
|c|☆daddy_days|gg
