|j|☆Bl153
|j|☆Lt Lobotomy38
|t:|1741051011
|gametype|singles
|player|p1|Bl153|nate|1343
|player|p2|Lt Lobotomy38|firebreather|1380
|teamsize|p1|6
|teamsize|p2|6
|gen|5
|tier|[Gen 5] OU
|rated|
|rule|Species Clause: Limit one of each Pokémon
|rule|OHKO Clause: OHKO moves are banned
|rule|Moody Clause: Moody is banned
|rule|Evasion Items Clause: Evasion items are banned
|rule|Evasion Moves Clause: Evasion moves are banned
|rule|Endless Battle Clause: Forcing endless battles is banned
|rule|HP Percentage Mod: HP is shown in percentages
|rule|Evasion Abilities Clause: Evasion abilities are banned
|rule|Sleep Moves Clause: Sleep-inducing moves are banned
|rule|Swagger Clause: Swagger is banned
|rule|Baton Pass Stat Clause: No Baton Passer may have a way to boost its stats
|clearpoke
|poke|p1|Mesprit|item
|poke|p1|Ferrothorn, M|item
|poke|p1|Politoed, M|item
|poke|p1|Keldeo-Resolute|item
|poke|p1|Dragonite, M|item
|poke|p1|Infernape, M|item
|poke|p2|Skarmory, M|item
|poke|p2|Terrakion|item
|poke|p2|Jellicent, F|item
|poke|p2|Conkeldurr, M|item
|poke|p2|Volcarona, M|item
|poke|p2|Dragonite, F|item
|teampreview
|c|☆Bl153|hf
|
|t:|1741051035
|start
|switch|p1a: Politoed|Politoed, M|100/100
|switch|p2a: Skarmory|Skarmory, M|100/100
|-weather|RainDance|[from] ability: Drizzle|[of] p1a: Politoed
|turn|1
|inactive|Battle timer is ON: inactive players will automatically lose when time's up. (requested by Lt Lobotomy38)
|
|t:|1741051047
|move|p2a: Skarmory|Stealth Rock|p1a: Politoed
|-sidestart|p1: Bl153|move: Stealth Rock
|move|p1a: Politoed|Scald|p2a: Skarmory
|-damage|p2a: Skarmory|30/100
|-status|p2a: Skarmory|brn
|
|-weather|RainDance|[upkeep]
|-damage|p2a: Skarmory|17/100 brn|[from] brn
|upkeep
|turn|2
|-enditem|p2a: Skarmory|Custap Berry|[eat]
|-activate|p2a: Skarmory|item: Custap Berry|[consumed]
|
|t:|1741051053
|move|p2a: Skarmory|Spikes|p1a: Politoed
|-sidestart|p1: Bl153|Spikes
|move|p1a: Politoed|Ice Beam|p2a: Skarmory
|-damage|p2a: Skarmory|0 fnt
|faint|p2a: Skarmory
|
|-weather|RainDance|[upkeep]
|upkeep
|
|t:|1741051080
|switch|p2a: Jellicent|Jellicent, F|100/100
|turn|3
|inactive|Bl153 has 120 seconds left.
|
|t:|1741051126
|move|p1a: Politoed|Toxic|p2a: Jellicent
|-status|p2a: Jellicent|tox
|move|p2a: Jellicent|Will-O-Wisp|p1a: Politoed
|-status|p1a: Politoed|brn
|
|-weather|RainDance|[upkeep]
|-damage|p2a: Jellicent|94/100 tox|[from] psn
|-damage|p1a: Politoed|88/100 brn|[from] brn
|upkeep
|turn|4
|
|t:|1741051137
|switch|p1a: Keldeo|Keldeo-Resolute|100/100
|-damage|p1a: Keldeo|94/100|[from] Stealth Rock
|-damage|p1a: Keldeo|82/100|[from] Spikes
|move|p2a: Jellicent|Will-O-Wisp|p1a: Keldeo
|-status|p1a: Keldeo|brn
|
|-weather|RainDance|[upkeep]
|-heal|p2a: Jellicent|100/100 tox|[from] item: Leftovers
|-damage|p2a: Jellicent|88/100 tox|[from] psn
|-damage|p1a: Keldeo|70/100 brn|[from] brn
|upkeep
|turn|5
|
|t:|1741051144
|move|p1a: Keldeo|Hidden Power|p2a: Jellicent
|-supereffective|p2a: Jellicent
|-damage|p2a: Jellicent|45/100 tox
|move|p2a: Jellicent|Shadow Ball|p1a: Keldeo
|-damage|p1a: Keldeo|40/100 brn
|-unboost|p1a: Keldeo|spd|1
|
|-weather|RainDance|[upkeep]
|-heal|p2a: Jellicent|51/100 tox|[from] item: Leftovers
|-damage|p2a: Jellicent|32/100 tox|[from] psn
|-damage|p1a: Keldeo|27/100 brn|[from] brn
|upkeep
|turn|6
|
|t:|1741051156
|switch|p2a: Volcarona|Volcarona, M|100/100
|move|p1a: Keldeo|Hidden Power|p2a: Volcarona
|-damage|p2a: Volcarona|64/100
|
|-weather|RainDance|[upkeep]
|-heal|p2a: Volcarona|70/100|[from] item: Leftovers
|-damage|p1a: Keldeo|15/100 brn|[from] brn
|upkeep
|turn|7
|inactive|Bl153 has 120 seconds left.
|
|t:|1741051164
|move|p1a: Keldeo|Hidden Power|p2a: Volcarona
|-damage|p2a: Volcarona|31/100
|move|p2a: Volcarona|Quiver Dance|p2a: Volcarona
|-boost|p2a: Volcarona|spa|1
|-boost|p2a: Volcarona|spd|1
|-boost|p2a: Volcarona|spe|1
|
|-weather|RainDance|[upkeep]
|-heal|p2a: Volcarona|37/100|[from] item: Leftovers
|-damage|p1a: Keldeo|3/100 brn|[from] brn
|upkeep
|turn|8
|
|t:|1741051173
|move|p2a: Volcarona|Quiver Dance|p2a: Volcarona
|-boost|p2a: Volcarona|spa|1
|-boost|p2a: Volcarona|spd|1
|-boost|p2a: Volcarona|spe|1
|move|p1a: Keldeo|Hidden Power|p2a: Volcarona
|-damage|p2a: Volcarona|18/100
|
|-weather|RainDance|[upkeep]
|-heal|p2a: Volcarona|24/100|[from] item: Leftovers
|-damage|p1a: Keldeo|0 fnt|[from] brn
|faint|p1a: Keldeo
|upkeep
|
|t:|1741051180
|switch|p1a: Dragonite|Dragonite, M|100/100
|-damage|p1a: Dragonite|76/100|[from] Stealth Rock
|turn|9
|
|t:|1741051184
|move|p2a: Volcarona|Bug Buzz|p1a: Dragonite
|-resisted|p1a: Dragonite
|-damage|p1a: Dragonite|16/100
|move|p1a: Dragonite|Hurricane|p2a: Volcarona
|-supereffective|p2a: Volcarona
|-damage|p2a: Volcarona|0 fnt
|faint|p2a: Volcarona
|
|-weather|RainDance|[upkeep]
|upkeep
|
|t:|1741051209
|switch|p2a: Dragonite|Dragonite, F|100/100
|turn|10
|
|t:|1741051215
|move|p2a: Dragonite|Dragon Dance|p2a: Dragonite
|-boost|p2a: Dragonite|atk|1
|-boost|p2a: Dragonite|spe|1
|move|p1a: Dragonite|Roost|p1a: Dragonite
|-heal|p1a: Dragonite|66/100
|-singleturn|p1a: Dragonite|move: Roost
|
|-weather|RainDance|[upkeep]
|upkeep
|turn|11
|
|t:|1741051222
|move|p2a: Dragonite|Outrage|p1a: Dragonite
|-supereffective|p1a: Dragonite
|-damage|p1a: Dragonite|0 fnt
|faint|p1a: Dragonite
|
|-weather|RainDance|[upkeep]
|upkeep
|
|t:|1741051228
|switch|p1a: Ferrothorn|Ferrothorn, M|100/100
|-damage|p1a: Ferrothorn|94/100|[from] Stealth Rock
|-damage|p1a: Ferrothorn|82/100|[from] Spikes
|turn|12
|
|t:|1741051231
|move|p2a: Dragonite|Outrage|p1a: Ferrothorn|[from] lockedmove
|-resisted|p1a: Ferrothorn
|-damage|p1a: Ferrothorn|48/100
|-damage|p2a: Dragonite|88/100|[from] ability: Iron Barbs|[of] p1a: Ferrothorn
|-start|p2a: Dragonite|confusion|[fatigue]
|-enditem|p2a: Dragonite|Lum Berry|[eat]
|-end|p2a: Dragonite|confusion
|move|p1a: Ferrothorn|Leech Seed|p2a: Dragonite
|-start|p2a: Dragonite|move: Leech Seed
|
|-weather|RainDance|[upkeep]
|-heal|p1a: Ferrothorn|54/100|[from] item: Leftovers
|-damage|p2a: Dragonite|76/100|[from] Leech Seed|[of] p1a: Ferrothorn
|-heal|p1a: Ferrothorn|66/100|[silent]
|upkeep
|turn|13
|
|t:|1741051243
|switch|p2a: Jellicent|Jellicent, F|32/100 tox
|move|p1a: Ferrothorn|Spikes|p2a: Jellicent
|-sidestart|p2: Lt Lobotomy38|Spikes
|
|-weather|RainDance|[upkeep]
|-heal|p2a: Jellicent|38/100 tox|[from] item: Leftovers
|-heal|p1a: Ferrothorn|72/100|[from] item: Leftovers
|-damage|p2a: Jellicent|32/100 tox|[from] psn
|upkeep
|turn|14
|
|t:|1741051259
|move|p2a: Jellicent|Shadow Ball|p1a: Ferrothorn
|-resisted|p1a: Ferrothorn
|-damage|p1a: Ferrothorn|63/100
|-unboost|p1a: Ferrothorn|spd|1
|move|p1a: Ferrothorn|Power Whip|p2a: Jellicent
|-supereffective|p2a: Jellicent
|-damage|p2a: Jellicent|0 fnt
|faint|p2a: Jellicent
|
|-weather|RainDance|[upkeep]
|-heal|p1a: Ferrothorn|69/100|[from] item: Leftovers
|upkeep
|
|t:|1741051265
|switch|p2a: Conkeldurr|Conkeldurr, M|100/100
|-damage|p2a: Conkeldurr|88/100|[from] Spikes
|turn|15
|
|t:|1741051286
|switch|p1a: Politoed|Politoed, M|88/100 brn
|-damage|p1a: Politoed|76/100 brn|[from] Stealth Rock
|-damage|p1a: Politoed|64/100 brn|[from] Spikes
|move|p2a: Conkeldurr|Bulk Up|p2a: Conkeldurr
|-boost|p2a: Conkeldurr|atk|1
|-boost|p2a: Conkeldurr|def|1
|
|-weather|RainDance|[upkeep]
|-heal|p2a: Conkeldurr|94/100|[from] item: Leftovers
|-damage|p1a: Politoed|51/100 brn|[from] brn
|upkeep
|turn|16
|
|t:|1741051297
|move|p1a: Politoed|Scald|p2a: Conkeldurr
|-damage|p2a: Conkeldurr|46/100
|move|p2a: Conkeldurr|Bulk Up|p2a: Conkeldurr
|-boost|p2a: Conkeldurr|atk|1
|-boost|p2a: Conkeldurr|def|1
|
|-weather|RainDance|[upkeep]
|-heal|p2a: Conkeldurr|52/100|[from] item: Leftovers
|-damage|p1a: Politoed|39/100 brn|[from] brn
|upkeep
|turn|17
|inactive|Bl153 has 120 seconds left.
|
|t:|1741051342
|move|p2a: Conkeldurr|Mach Punch|p1a: Politoed
|-damage|p1a: Politoed|0 fnt
|faint|p1a: Politoed
|
|-weather|RainDance|[upkeep]
|-heal|p2a: Conkeldurr|58/100|[from] item: Leftovers
|upkeep
|
|t:|1741051349
|switch|p1a: Mesprit|Mesprit|100/100
|-damage|p1a: Mesprit|88/100|[from] Stealth Rock
|turn|18
|
|t:|1741051354
|move|p2a: Conkeldurr|Mach Punch|p1a: Mesprit
|-resisted|p1a: Mesprit
|-damage|p1a: Mesprit|62/100
|move|p1a: Mesprit|Thunder|p2a: Conkeldurr
|-damage|p2a: Conkeldurr|16/100
|-status|p2a: Conkeldurr|par
|
|-weather|RainDance|[upkeep]
|-heal|p1a: Mesprit|68/100|[from] item: Leftovers
|-heal|p2a: Conkeldurr|22/100 par|[from] item: Leftovers
|upkeep
|turn|19
|inactive|Bl153 has 120 seconds left.
|
|t:|1741051362
|move|p2a: Conkeldurr|Mach Punch|p1a: Mesprit
|-resisted|p1a: Mesprit
|-damage|p1a: Mesprit|43/100
|move|p1a: Mesprit|Psyshock|p2a: Conkeldurr
|-supereffective|p2a: Conkeldurr
|-damage|p2a: Conkeldurr|0 fnt
|faint|p2a: Conkeldurr
|
|-weather|RainDance|[upkeep]
|-heal|p1a: Mesprit|50/100|[from] item: Leftovers
|upkeep
|
|t:|1741051375
|switch|p2a: Terrakion|Terrakion|100/100
|-damage|p2a: Terrakion|88/100|[from] Spikes
|turn|20
|
|t:|1741051381
|move|p2a: Terrakion|Stone Edge|p1a: Mesprit
|-crit|p1a: Mesprit
|-damage|p1a: Mesprit|0 fnt
|faint|p1a: Mesprit
|
|-weather|RainDance|[upkeep]
|upkeep
|
|t:|1741051385
|switch|p1a: Infernape|Infernape, M|100/100
|-damage|p1a: Infernape|88/100|[from] Stealth Rock
|-damage|p1a: Infernape|76/100|[from] Spikes
|turn|21
|
|t:|1741051398
|move|p1a: Infernape|Close Combat|p2a: Terrakion
|-supereffective|p2a: Terrakion
|-damage|p2a: Terrakion|0 fnt
|-unboost|p1a: Infernape|def|1
|-unboost|p1a: Infernape|spd|1
|faint|p2a: Terrakion
|-damage|p1a: Infernape|66/100|[from] item: Life Orb
|
|-weather|RainDance|[upkeep]
|upkeep
|
|t:|1741051401
|switch|p2a: Dragonite|Dragonite, F|76/100
|turn|22
|
|t:|1741051405
|move|p1a: Infernape|Hidden Power|p2a: Dragonite
|-supereffective|p2a: Dragonite
|-damage|p2a: Dragonite|0 fnt
|faint|p2a: Dragonite
|-damage|p1a: Infernape|56/100|[from] item: Life Orb
|
|win|Bl153
|raw|Bl153's rating: 1343 &rarr; <strong>1365</strong><br />(+22 for winning)
|raw|Lt Lobotomy38's rating: 1380 &rarr; <strong>1358</strong><br />(-22 for losing)
|l|☆Lt Lobotomy38
|player|p2|
|c|☆Bl153|gg
