|j|☆WeR#4Hay!
|j|‽bmw528i
|t:|1722295569
|gametype|singles
|player|p1|WeR#4Hay!|266|1491
|player|p2|bmw528i|lucas|1584
|teamsize|p1|6
|teamsize|p2|6
|gen|5
|tier|[Gen 5] OU
|rated|
|rule|Species Clause: Limit one of each Pokémon
|rule|OHKO Clause: OHKO moves are banned
|rule|Moody Clause: Moody is banned
|rule|Evasion Items Clause: Evasion items are banned
|rule|Evasion Moves Clause: Evasion moves are banned
|rule|Endless Battle Clause: Forcing endless battles is banned
|rule|HP Percentage Mod: HP is shown in percentages
|rule|Evasion Abilities Clause: Evasion abilities are banned
|rule|Sleep Moves Clause: Sleep-inducing moves are banned
|rule|Swagger Clause: Swagger is banned
|rule|Baton Pass Stat Clause: No Baton Passer may have a way to boost its stats
|clearpoke
|poke|p1|Tyranitar, M|item
|poke|p1|Reuniclus, F|item
|poke|p1|Skarmory, F|item
|poke|p1|Latias, F|item
|poke|p1|Heatran, M|item
|poke|p1|Gastrodon, F|item
|poke|p2|Aerodactyl, M|item
|poke|p2|Starmie|item
|poke|p2|Scizor, F|item
|poke|p2|Lucario, F|item
|poke|p2|Kyurem-Black|item
|poke|p2|Dragonite, M|item
|teampreview
|inactive|Battle timer is ON: inactive players will automatically lose when time's up. (requested by bmw528i)
|j| Renio75
|
|t:|1722295595
|start
|switch|p1a: Wi-*dies to leaf*|Gastrodon, F|100/100
|switch|p2a: Aerodactyl|Aerodactyl, M|100/100
|-ability|p2a: Aerodactyl|Pressure
|turn|1
|
|t:|1722295598
|move|p2a: Aerodactyl|Stealth Rock|p1a: Wi-*dies to leaf*
|-sidestart|p1: WeR#4Hay!|move: Stealth Rock
|move|p1a: Wi-*dies to leaf*|Scald|p2a: Aerodactyl
|-supereffective|p2a: Aerodactyl
|-damage|p2a: Aerodactyl|34/100
|
|upkeep
|turn|2
|
|t:|1722295614
|move|p2a: Aerodactyl|Earthquake|p1a: Wi-*dies to leaf*
|-damage|p1a: Wi-*dies to leaf*|83/100
|move|p1a: Wi-*dies to leaf*|Scald|p2a: Aerodactyl
|-supereffective|p2a: Aerodactyl
|-damage|p2a: Aerodactyl|0 fnt
|faint|p2a: Aerodactyl
|
|-heal|p1a: Wi-*dies to leaf*|89/100|[from] item: Leftovers
|upkeep
|
|t:|1722295633
|switch|p2a: Lucario|Lucario, F|100/100
|turn|3
|n|‽bmw528i|bmw528i
|
|t:|1722295658
|move|p2a: Lucario|Close Combat|p1a: Wi-*dies to leaf*
|-damage|p1a: Wi-*dies to leaf*|41/100
|-unboost|p2a: Lucario|def|1
|-unboost|p2a: Lucario|spd|1
|-damage|p2a: Lucario|91/100|[from] item: Life Orb
|move|p1a: Wi-*dies to leaf*|Earth Power|p2a: Lucario
|-supereffective|p2a: Lucario
|-damage|p2a: Lucario|0 fnt
|faint|p2a: Lucario
|
|-heal|p1a: Wi-*dies to leaf*|47/100|[from] item: Leftovers
|upkeep
|inactive|bmw528i has 120 seconds left.
|
|t:|1722295669
|switch|p2a: Kyurem|Kyurem-Black|100/100
|-ability|p2a: Kyurem|Teravolt
|turn|4
|
|t:|1722295680
|move|p2a: Kyurem|Outrage|p1a: Wi-*dies to leaf*
|-damage|p1a: Wi-*dies to leaf*|0 fnt
|faint|p1a: Wi-*dies to leaf*
|
|upkeep
|
|t:|1722295691
|switch|p1a: Luz Noceda|Skarmory, F|100/100
|-damage|p1a: Luz Noceda|88/100|[from] Stealth Rock
|turn|5
|
|t:|1722295693
|move|p2a: Kyurem|Outrage|p1a: Luz Noceda|[from]lockedmove
|-resisted|p1a: Luz Noceda
|-damage|p1a: Luz Noceda|64/100
|-damage|p2a: Kyurem|84/100|[from] item: Rocky Helmet|[of] p1a: Luz Noceda
|move|p1a: Luz Noceda|Roost|p1a: Luz Noceda
|-heal|p1a: Luz Noceda|100/100
|-singleturn|p1a: Luz Noceda|move: Roost
|
|upkeep
|turn|6
|
|t:|1722295696
|move|p2a: Kyurem|Outrage|p1a: Luz Noceda|[from]lockedmove
|-resisted|p1a: Luz Noceda
|-damage|p1a: Luz Noceda|75/100
|-damage|p2a: Kyurem|67/100|[from] item: Rocky Helmet|[of] p1a: Luz Noceda
|-start|p2a: Kyurem|confusion|[fatigue]
|move|p1a: Luz Noceda|Spikes|p2a: Kyurem
|-sidestart|p2: bmw528i|Spikes
|
|upkeep
|turn|7
|
|t:|1722295702
|switch|p2a: Starmie|Starmie|100/100
|-item|p2a: Starmie|Air Balloon
|move|p1a: Luz Noceda|Brave Bird|p2a: Starmie
|-damage|p2a: Starmie|51/100
|-enditem|p2a: Starmie|Air Balloon
|-damage|p1a: Luz Noceda|62/100|[from] Recoil
|
|upkeep
|turn|8
|
|t:|1722295710
|switch|p1a: Gus Porter|Tyranitar, M|100/100
|-damage|p1a: Gus Porter|88/100|[from] Stealth Rock
|-weather|Sandstorm|[from] ability: Sand Stream|[of] p1a: Gus Porter
|move|p2a: Starmie|Hydro Pump|p1a: Gus Porter
|-supereffective|p1a: Gus Porter
|-damage|p1a: Gus Porter|21/100
|
|-weather|Sandstorm|[upkeep]
|-damage|p2a: Starmie|45/100|[from] Sandstorm
|upkeep
|turn|9
|
|t:|1722295719
|move|p2a: Starmie|Hydro Pump|p1a: Gus Porter|[miss]
|-miss|p2a: Starmie|p1a: Gus Porter
|move|p1a: Gus Porter|Crunch|p2a: Starmie
|-supereffective|p2a: Starmie
|-damage|p2a: Starmie|0 fnt
|faint|p2a: Starmie
|
|-weather|Sandstorm|[upkeep]
|upkeep
|
|t:|1722295724
|switch|p2a: Scizor|Scizor, F|100/100
|-damage|p2a: Scizor|88/100|[from] Spikes
|turn|10
|
|t:|1722295728
|move|p2a: Scizor|Swords Dance|p2a: Scizor
|-boost|p2a: Scizor|atk|2
|move|p1a: Gus Porter|Thunder Wave|p2a: Scizor
|-status|p2a: Scizor|par
|
|-weather|Sandstorm|[upkeep]
|upkeep
|turn|11
|
|t:|1722295732
|move|p2a: Scizor|Bullet Punch|p1a: Gus Porter
|-supereffective|p1a: Gus Porter
|-damage|p1a: Gus Porter|0 fnt
|faint|p1a: Gus Porter
|-damage|p2a: Scizor|78/100 par|[from] item: Life Orb
|
|-weather|Sandstorm|[upkeep]
|upkeep
|
|t:|1722295736
|switch|p1a: Hunter Wittebane|Heatran, M|100/100
|-damage|p1a: Hunter Wittebane|88/100|[from] Stealth Rock
|turn|12
|
|t:|1722295740
|move|p1a: Hunter Wittebane|Fire Blast|p2a: Scizor
|-supereffective|p2a: Scizor
|-damage|p2a: Scizor|0 fnt
|faint|p2a: Scizor
|
|-weather|Sandstorm|[upkeep]
|upkeep
|
|t:|1722295742
|switch|p2a: Dragonite|Dragonite, M|100/100
|turn|13
|
|t:|1722295746
|switch|p1a: Eda Clawthorne|Latias, F|100/100
|-damage|p1a: Eda Clawthorne|88/100|[from] Stealth Rock
|move|p2a: Dragonite|Dragon Dance|p2a: Dragonite
|-boost|p2a: Dragonite|atk|1
|-boost|p2a: Dragonite|spe|1
|
|-weather|Sandstorm|[upkeep]
|-damage|p2a: Dragonite|94/100|[from] Sandstorm
|-damage|p1a: Eda Clawthorne|82/100|[from] Sandstorm
|-heal|p2a: Dragonite|100/100|[from] item: Leftovers
|-heal|p1a: Eda Clawthorne|88/100|[from] item: Leftovers
|upkeep
|turn|14
|
|t:|1722295753
|move|p2a: Dragonite|Dragon Dance|p2a: Dragonite
|-boost|p2a: Dragonite|atk|1
|-boost|p2a: Dragonite|spe|1
|move|p1a: Eda Clawthorne|Draco Meteor|p2a: Dragonite
|-supereffective|p2a: Dragonite
|-damage|p2a: Dragonite|34/100
|-unboost|p1a: Eda Clawthorne|spa|2
|
|-weather|Sandstorm|[upkeep]
|-damage|p2a: Dragonite|28/100|[from] Sandstorm
|-damage|p1a: Eda Clawthorne|82/100|[from] Sandstorm
|-heal|p2a: Dragonite|34/100|[from] item: Leftovers
|-heal|p1a: Eda Clawthorne|88/100|[from] item: Leftovers
|upkeep
|turn|15
|
|t:|1722295759
|move|p2a: Dragonite|Extreme Speed|p1a: Eda Clawthorne
|-damage|p1a: Eda Clawthorne|10/100
|move|p1a: Eda Clawthorne|Thunder Wave|p2a: Dragonite
|-status|p2a: Dragonite|par
|
|-weather|Sandstorm|[upkeep]
|-damage|p1a: Eda Clawthorne|4/100|[from] Sandstorm
|-damage|p2a: Dragonite|28/100 par|[from] Sandstorm
|-heal|p1a: Eda Clawthorne|10/100|[from] item: Leftovers
|-heal|p2a: Dragonite|34/100 par|[from] item: Leftovers
|upkeep
|turn|16
|
|t:|1722295769
|move|p2a: Dragonite|Extreme Speed|p1a: Eda Clawthorne
|-damage|p1a: Eda Clawthorne|0 fnt
|faint|p1a: Eda Clawthorne
|
|-weather|Sandstorm|[upkeep]
|-damage|p2a: Dragonite|28/100 par|[from] Sandstorm
|-heal|p2a: Dragonite|34/100 par|[from] item: Leftovers
|upkeep
|
|t:|1722295773
|switch|p1a: Hunter Wittebane|Heatran, M|88/100
|-damage|p1a: Hunter Wittebane|76/100|[from] Stealth Rock
|turn|17
|
|t:|1722295793
|move|p1a: Hunter Wittebane|Hidden Power|p2a: Dragonite
|-supereffective|p2a: Dragonite
|-damage|p2a: Dragonite|0 fnt
|faint|p2a: Dragonite
|
|-weather|Sandstorm|[upkeep]
|upkeep
|
|t:|1722295794
|switch|p2a: Kyurem|Kyurem-Black|67/100
|-damage|p2a: Kyurem|55/100|[from] Spikes
|-ability|p2a: Kyurem|Teravolt
|turn|18
|
|t:|1722295803
|switch|p1a: Luz Noceda|Skarmory, F|62/100
|-damage|p1a: Luz Noceda|50/100|[from] Stealth Rock
|move|p2a: Kyurem|Fusion Bolt|p1a: Luz Noceda
|-supereffective|p1a: Luz Noceda
|-damage|p1a: Luz Noceda|0 fnt
|faint|p1a: Luz Noceda
|
|-weather|Sandstorm|[upkeep]
|-damage|p2a: Kyurem|49/100|[from] Sandstorm
|upkeep
|
|t:|1722295812
|switch|p1a: Hunter Wittebane|Heatran, M|76/100
|-damage|p1a: Hunter Wittebane|64/100|[from] Stealth Rock
|turn|19
|
|t:|1722295814
|move|p2a: Kyurem|Fusion Bolt|p1a: Hunter Wittebane
|-damage|p1a: Hunter Wittebane|18/100
|move|p1a: Hunter Wittebane|Earth Power|p2a: Kyurem
|-damage|p2a: Kyurem|19/100
|
|-weather|Sandstorm|[upkeep]
|-damage|p2a: Kyurem|13/100|[from] Sandstorm
|upkeep
|turn|20
|
|t:|1722295817
|move|p2a: Kyurem|Fusion Bolt|p1a: Hunter Wittebane
|-damage|p1a: Hunter Wittebane|0 fnt
|faint|p1a: Hunter Wittebane
|
|-weather|Sandstorm|[upkeep]
|-damage|p2a: Kyurem|7/100|[from] Sandstorm
|upkeep
|
|t:|1722295819
|switch|p1a: Amity Blight|Reuniclus, F|100/100
|turn|21
|
|t:|1722295821
|move|p2a: Kyurem|Fusion Bolt|p1a: Amity Blight
|-damage|p1a: Amity Blight|66/100
|move|p1a: Amity Blight|Psyshock|p2a: Kyurem
|-damage|p2a: Kyurem|0 fnt
|faint|p2a: Kyurem
|
|win|WeR#4Hay!
|raw|WeR#4Hay!'s rating: 1491 &rarr; <strong>1516</strong><br />(+25 for winning)
|raw|bmw528i's rating: 1584 &rarr; <strong>1559</strong><br />(-25 for losing)
