|j|☆fairy = mistake
|j|☆DRAGONKING JASON
|player|p1|fairy = mistake|105|1376
|player|p2|DRAGONKING JASON|lucas|1401
|teamsize|p1|6
|teamsize|p2|6
|gametype|singles
|gen|5
|tier|[Gen 5] OU
|rated|
|clearpoke
|poke|p1|Kyurem-Black|item
|poke|p1|Celebi|item
|poke|p1|Landorus-Therian, M|item
|poke|p1|Magnezone|item
|poke|p1|Jirachi|item
|poke|p1|Dragonite, M|item
|poke|p2|Abomasnow, F|item
|poke|p2|Jellicent, F|item
|poke|p2|Heatran, F|item
|poke|p2|Forretress, M|item
|poke|p2|Gliscor, M|item
|poke|p2|Kyurem|item
|rule|Species Clause: Limit one of each Pokémon
|rule|OHKO Clause: OHKO moves are banned
|rule|Moody Clause: Moody is banned
|rule|Evasion Moves Clause: Evasion moves are banned
|rule|Endless Battle Clause: Forcing endless battles is banned
|rule|HP Percentage Mod: HP is shown in percentages
|rule|Evasion Abilities Clause: Evasion abilities are banned
|rule|Baton Pass Clause: Limit one Baton Passer, can't pass Spe and other stats simultaneously
|rule|Sleep Clause: Sleep-inducing moves are banned
|rule|Swagger Clause: Swagger is banned
|teampreview
|inactive|Battle timer is ON: inactive players will automatically lose when time's up. (requested by fairy = mistake)
|
|start
|switch|p1a: Dragonite|Dragonite, M|100/100
|switch|p2a: Heatran|Heatran, F|100/100
|-item|p2a: Heatran|Air Balloon
|turn|1
|inactive|fairy = mistake has 120 seconds left.
|
|move|p1a: Dragonite|Extreme Speed|p2a: Heatran
|-resisted|p2a: Heatran
|-damage|p2a: Heatran|83/100
|-enditem|p2a: Heatran|Air Balloon
|move|p2a: Heatran|Stealth Rock|p1a: Dragonite
|-sidestart|p1: fairy = mistake|move: Stealth Rock
|
|upkeep
|turn|2
|inactive|fairy = mistake has 120 seconds left.
|
|switch|p2a: Gliscor|Gliscor, M|100/100
|move|p1a: Dragonite|Earthquake|p2a: Gliscor
|-immune|p2a: Gliscor
|
|-status|p2a: Gliscor|tox|[from] item: Toxic Orb
|upkeep
|turn|3
|
|move|p1a: Dragonite|Ice Beam|p2a: Gliscor
|-supereffective|p2a: Gliscor
|-damage|p2a: Gliscor|3/100 tox
|move|p2a: Gliscor|Taunt|p1a: Dragonite
|-start|p1a: Dragonite|move: Taunt
|
|-heal|p2a: Gliscor|16/100 tox|[from] ability: Poison Heal
|upkeep
|turn|4
|
|switch|p2a: Abomasnow|Abomasnow, F|100/100
|-weather|Hail|[from] ability: Snow Warning|[of] p2a: Abomasnow
|move|p1a: Dragonite|Extreme Speed|p2a: Abomasnow
|-damage|p2a: Abomasnow|53/100
|
|-weather|Hail|[upkeep]
|-damage|p1a: Dragonite|94/100|[from] Hail
|upkeep
|turn|5
|inactive|fairy = mistake has 120 seconds left.
|
|switch|p2a: Jellicent|Jellicent, F|100/100
|move|p1a: Dragonite|Flamethrower|p2a: Jellicent
|-resisted|p2a: Jellicent
|-damage|p2a: Jellicent|91/100
|
|-weather|Hail|[upkeep]
|-damage|p1a: Dragonite|88/100|[from] Hail
|-damage|p2a: Jellicent|85/100|[from] Hail
|-heal|p2a: Jellicent|91/100|[from] item: Leftovers
|upkeep
|turn|6
|inactive|fairy = mistake has 120 seconds left.
|
|move|p1a: Dragonite|Earthquake|p2a: Jellicent
|-damage|p2a: Jellicent|55/100
|move|p2a: Jellicent|Will-O-Wisp|p1a: Dragonite
|-status|p1a: Dragonite|brn
|
|-weather|Hail|[upkeep]
|-damage|p1a: Dragonite|82/100 brn|[from] Hail
|-damage|p2a: Jellicent|49/100|[from] Hail
|-heal|p2a: Jellicent|55/100|[from] item: Leftovers
|-damage|p1a: Dragonite|70/100 brn|[from] brn
|-end|p1a: Dragonite|move: Taunt
|upkeep
|turn|7
|inactive|fairy = mistake has 120 seconds left.
|
|switch|p2a: Kyurem|Kyurem|100/100
|-ability|p2a: Kyurem|Pressure
|move|p1a: Dragonite|Earthquake|p2a: Kyurem
|-crit|p2a: Kyurem
|-damage|p2a: Kyurem|65/100
|
|-weather|Hail|[upkeep]
|-damage|p1a: Dragonite|63/100 brn|[from] Hail
|-heal|p2a: Kyurem|71/100|[from] item: Leftovers
|-damage|p1a: Dragonite|51/100 brn|[from] brn
|upkeep
|turn|8
|
|move|p2a: Kyurem|Substitute|p2a: Kyurem
|-start|p2a: Kyurem|Substitute
|-damage|p2a: Kyurem|46/100
|move|p1a: Dragonite|Flamethrower|p2a: Kyurem
|-activate|p2a: Kyurem|Substitute|[damage]
|
|-weather|Hail|[upkeep]
|-damage|p1a: Dragonite|45/100 brn|[from] Hail
|-heal|p2a: Kyurem|52/100|[from] item: Leftovers
|-damage|p1a: Dragonite|32/100 brn|[from] brn
|upkeep
|turn|9
|
|move|p1a: Dragonite|Extreme Speed|p2a: Kyurem
|-end|p2a: Kyurem|Substitute
|move|p2a: Kyurem|Roost|p2a: Kyurem
|-heal|p2a: Kyurem|100/100
|-singleturn|p2a: Kyurem|move: Roost
|
|-weather|Hail|[upkeep]
|-damage|p1a: Dragonite|26/100 brn|[from] Hail
|-damage|p1a: Dragonite|14/100 brn|[from] brn
|upkeep
|turn|10
|
|move|p2a: Kyurem|Substitute|p2a: Kyurem
|-start|p2a: Kyurem|Substitute
|-damage|p2a: Kyurem|76/100
|move|p1a: Dragonite|Earthquake|p2a: Kyurem
|-activate|p2a: Kyurem|Substitute|[damage]
|
|-weather|Hail|[upkeep]
|-damage|p1a: Dragonite|8/100 brn|[from] Hail
|-heal|p2a: Kyurem|82/100|[from] item: Leftovers
|-damage|p1a: Dragonite|0 fnt|[from] brn
|faint|p1a: Dragonite
|upkeep
|
|switch|p1a: Magnezone|Magnezone|100/100
|-damage|p1a: Magnezone|94/100|[from] Stealth Rock
|turn|11
|
|move|p2a: Kyurem|Earth Power|p1a: Magnezone
|-supereffective|p1a: Magnezone
|-damage|p1a: Magnezone|0 fnt
|faint|p1a: Magnezone
|
|-weather|Hail|[upkeep]
|-heal|p2a: Kyurem|88/100|[from] item: Leftovers
|upkeep
|
|switch|p1a: Jirachi|Jirachi|100/100
|-damage|p1a: Jirachi|94/100|[from] Stealth Rock
|turn|12
|
|move|p1a: Jirachi|U-turn|p2a: Kyurem
|-end|p2a: Kyurem|Substitute
|
|switch|p1a: Landorus|Landorus-Therian, M|100/100|[from]move: U-turn
|-damage|p1a: Landorus|88/100|[from] Stealth Rock
|-ability|p1a: Landorus|Intimidate|boost
|-unboost|p2a: Kyurem|atk|1
|move|p2a: Kyurem|Earth Power|p1a: Landorus
|-immune|p1a: Landorus
|
|-weather|Hail|[upkeep]
|-damage|p1a: Landorus|82/100|[from] Hail
|-heal|p2a: Kyurem|94/100|[from] item: Leftovers
|upkeep
|turn|13
|inactive|fairy = mistake has 120 seconds left.
|
|switch|p2a: Forretress|Forretress, M|100/100
|move|p1a: Landorus|Stone Edge|p2a: Forretress
|-crit|p2a: Forretress
|-damage|p2a: Forretress|56/100
|
|-weather|Hail|[upkeep]
|-damage|p1a: Landorus|76/100|[from] Hail
|-damage|p2a: Forretress|49/100|[from] Hail
|-heal|p2a: Forretress|56/100|[from] item: Leftovers
|upkeep
|turn|14
|
|move|p1a: Landorus|Earthquake|p2a: Forretress
|-damage|p2a: Forretress|18/100
|move|p2a: Forretress|Spikes|p1a: Landorus
|-sidestart|p1: fairy = mistake|Spikes
|
|-weather|Hail|[upkeep]
|-damage|p1a: Landorus|70/100|[from] Hail
|-damage|p2a: Forretress|12/100|[from] Hail
|-heal|p2a: Forretress|18/100|[from] item: Leftovers
|upkeep
|turn|15
|inactive|fairy = mistake has 120 seconds left.
|
|switch|p2a: Gliscor|Gliscor, M|16/100 tox
|move|p1a: Landorus|Stone Edge|p2a: Gliscor
|-damage|p2a: Gliscor|0 fnt
|faint|p2a: Gliscor
|
|-weather|Hail|[upkeep]
|-damage|p1a: Landorus|64/100|[from] Hail
|upkeep
|
|switch|p2a: Abomasnow|Abomasnow, F|53/100
|turn|16
|
|move|p2a: Abomasnow|Ice Shard|p1a: Landorus
|-supereffective|p1a: Landorus
|-damage|p1a: Landorus|0 fnt
|faint|p1a: Landorus
|
|-weather|Hail|[upkeep]
|upkeep
|inactive|fairy = mistake has 120 seconds left.
|
|switch|p1a: Kyurem|Kyurem-Black|100/100
|-damage|p1a: Kyurem|88/100|[from] Spikes
|-damage|p1a: Kyurem|63/100|[from] Stealth Rock
|-ability|p1a: Kyurem|Teravolt
|turn|17
|inactive|fairy = mistake has 120 seconds left.
|
|move|p2a: Abomasnow|Protect|p2a: Abomasnow
|-singleturn|p2a: Abomasnow|Protect
|move|p1a: Kyurem|Ice Beam|p2a: Abomasnow
|-activate|p2a: Abomasnow|move: Protect
|
|-weather|Hail|[upkeep]
|upkeep
|turn|18
|inactive|fairy = mistake has 120 seconds left.
|
|move|p2a: Abomasnow|Ice Shard|p1a: Kyurem
|-damage|p1a: Kyurem|47/100
|move|p1a: Kyurem|Ice Beam|p2a: Abomasnow
|-damage|p2a: Abomasnow|6/100
|
|-weather|Hail|[upkeep]
|upkeep
|turn|19
|
|switch|p2a: Heatran|Heatran, F|83/100
|move|p1a: Kyurem|Ice Beam|p2a: Heatran
|-resisted|p2a: Heatran
|-crit|p2a: Heatran
|-damage|p2a: Heatran|64/100
|
|-weather|Hail|[upkeep]
|-damage|p2a: Heatran|58/100|[from] Hail
|upkeep
|turn|20
|
|switch|p2a: Forretress|Forretress, M|18/100
|move|p1a: Kyurem|Earth Power|p2a: Forretress
|-damage|p2a: Forretress|0 fnt
|faint|p2a: Forretress
|
|-weather|Hail|[upkeep]
|upkeep
|
|switch|p2a: Kyurem|Kyurem|94/100
|-ability|p2a: Kyurem|Pressure
|turn|21
|
|switch|p2a: Abomasnow|Abomasnow, F|6/100
|move|p1a: Kyurem|Outrage|p2a: Abomasnow
|-damage|p2a: Abomasnow|0 fnt
|faint|p2a: Abomasnow
|
|-weather|Hail|[upkeep]
|upkeep
|
|switch|p2a: Heatran|Heatran, F|58/100
|turn|22
|
|move|p1a: Kyurem|Outrage|p2a: Heatran|[from]lockedmove
|-resisted|p2a: Heatran
|-damage|p2a: Heatran|18/100
|-start|p1a: Kyurem|confusion|[fatigue]
|move|p2a: Heatran|Flash Cannon|p1a: Kyurem
|-supereffective|p1a: Kyurem
|-damage|p1a: Kyurem|0 fnt
|faint|p1a: Kyurem
|
|-weather|Hail|[upkeep]
|-damage|p2a: Heatran|12/100|[from] Hail
|upkeep
|
|switch|p1a: Celebi|Celebi|100/100
|-damage|p1a: Celebi|88/100|[from] Stealth Rock
|-damage|p1a: Celebi|76/100|[from] Spikes
|turn|23
|
|move|p1a: Celebi|Psychic|p2a: Heatran
|-resisted|p2a: Heatran
|-damage|p2a: Heatran|0 fnt
|faint|p2a: Heatran
|
|-weather|Hail|[upkeep]
|-damage|p1a: Celebi|70/100|[from] Hail
|upkeep
|
|switch|p2a: Kyurem|Kyurem|94/100
|-ability|p2a: Kyurem|Pressure
|turn|24
|
|move|p1a: Celebi|Psychic|p2a: Kyurem
|-damage|p2a: Kyurem|32/100
|move|p2a: Kyurem|Substitute|p2a: Kyurem
|-start|p2a: Kyurem|Substitute
|-damage|p2a: Kyurem|7/100
|
|-weather|Hail|[upkeep]
|-damage|p1a: Celebi|63/100|[from] Hail
|-heal|p2a: Kyurem|13/100|[from] item: Leftovers
|upkeep
|turn|25
|
|move|p1a: Celebi|Psychic|p2a: Kyurem
|-end|p2a: Kyurem|Substitute
|move|p2a: Kyurem|Ice Beam|p1a: Celebi
|-supereffective|p1a: Celebi
|-damage|p1a: Celebi|0 fnt
|faint|p1a: Celebi
|
|-weather|Hail|[upkeep]
|-heal|p2a: Kyurem|19/100|[from] item: Leftovers
|upkeep
|
|switch|p1a: Jirachi|Jirachi|94/100
|-damage|p1a: Jirachi|82/100|[from] Spikes
|-damage|p1a: Jirachi|76/100|[from] Stealth Rock
|turn|26
|
|move|p1a: Jirachi|Zen Headbutt|p2a: Kyurem
|-damage|p2a: Kyurem|0 fnt
|faint|p2a: Kyurem
|
|-weather|Hail|[upkeep]
|-damage|p1a: Jirachi|70/100|[from] Hail
|upkeep
|
|switch|p2a: Jellicent|Jellicent, F|55/100
|turn|27
|
|move|p1a: Jirachi|Zen Headbutt|p2a: Jellicent
|-damage|p2a: Jellicent|25/100
|move|p2a: Jellicent|Recover|p2a: Jellicent
|-heal|p2a: Jellicent|75/100
|
|-weather|Hail|[upkeep]
|-damage|p1a: Jirachi|64/100|[from] Hail
|-damage|p2a: Jellicent|69/100|[from] Hail
|-heal|p2a: Jellicent|75/100|[from] item: Leftovers
|upkeep
|turn|28
|
|move|p1a: Jirachi|Zen Headbutt|p2a: Jellicent|[miss]
|-miss|p1a: Jirachi|p2a: Jellicent
|move|p2a: Jellicent|Will-O-Wisp|p1a: Jirachi|[miss]
|-miss|p2a: Jellicent|p1a: Jirachi
|
|-weather|Hail|[upkeep]
|-damage|p1a: Jirachi|57/100|[from] Hail
|-damage|p2a: Jellicent|69/100|[from] Hail
|-heal|p2a: Jellicent|75/100|[from] item: Leftovers
|upkeep
|turn|29
|
|move|p1a: Jirachi|Zen Headbutt|p2a: Jellicent
|-damage|p2a: Jellicent|47/100
|move|p2a: Jellicent|Will-O-Wisp|p1a: Jirachi
|-status|p1a: Jirachi|brn
|
|-weather|Hail|[upkeep]
|-damage|p1a: Jirachi|51/100 brn|[from] Hail
|-damage|p2a: Jellicent|41/100|[from] Hail
|-heal|p2a: Jellicent|47/100|[from] item: Leftovers
|-damage|p1a: Jirachi|39/100 brn|[from] brn
|upkeep
|turn|30
|-message|fairy = mistake forfeited.
|
|win|DRAGONKING JASON
|l|☆fairy = mistake
|raw|fairy = mistake's rating: 1376 &rarr; <strong>1358</strong><br />(-18 for losing)
|raw|DRAGONKING JASON's rating: 1401 &rarr; <strong>1420</strong><br />(+19 for winning)
