|j|☆Mako27
|j|☆12345678koishi
|t:|1727381097
|gametype|singles
|player|p1|Mako27|266|1356
|player|p2|12345678koishi|lady|1388
|teamsize|p1|6
|teamsize|p2|6
|gen|5
|tier|[Gen 5] OU
|rated|
|rule|Species Clause: Limit one of each Pokémon
|rule|OHKO Clause: OHKO moves are banned
|rule|Moody Clause: Moody is banned
|rule|Evasion Items Clause: Evasion items are banned
|rule|Evasion Moves Clause: Evasion moves are banned
|rule|Endless Battle Clause: Forcing endless battles is banned
|rule|HP Percentage Mod: HP is shown in percentages
|rule|Evasion Abilities Clause: Evasion abilities are banned
|rule|Sleep Moves Clause: Sleep-inducing moves are banned
|rule|Swagger Clause: Swagger is banned
|rule|Baton Pass Stat Clause: No Baton Passer may have a way to boost its stats
|clearpoke
|poke|p1|Gliscor, F|item
|poke|p1|Alakazam, M|item
|poke|p1|Tyranitar, M|item
|poke|p1|Rotom-Wash|item
|poke|p1|Conkeldurr, F|item
|poke|p1|Scizor, F|item
|poke|p2|Alakazam, F|item
|poke|p2|Skarmory, F|item
|poke|p2|Gengar, F|item
|poke|p2|Lucario, M|item
|poke|p2|Magnezone|item
|poke|p2|Dragonite, M|item
|teampreview
|
|t:|1727381151
|start
|switch|p1a: Scizor|Scizor, F|100/100
|switch|p2a: Skarmory|Skarmory, F|100/100
|turn|1
|
|t:|1727381157
|move|p1a: Scizor|U-turn|p2a: Skarmory
|-resisted|p2a: Skarmory
|-damage|p2a: Skarmory|92/100
|
|t:|1727381160
|switch|p1a: Rotom|Rotom-Wash|100/100|[from] U-turn
|move|p2a: Skarmory|Stealth Rock|p1a: Rotom
|-sidestart|p1: Mako27|move: Stealth Rock
|
|upkeep
|turn|2
|
|t:|1727381167
|move|p2a: Skarmory|Spikes|p1a: Rotom
|-sidestart|p1: Mako27|Spikes
|move|p1a: Rotom|Volt Switch|p2a: Skarmory
|-supereffective|p2a: Skarmory
|-damage|p2a: Skarmory|5/100
|
|t:|1727381199
|switch|p1a: Alakazam|Alakazam, M|100/100|[from] Volt Switch
|
|upkeep
|turn|3
|-enditem|p2a: Skarmory|Custap Berry|[eat]
|-activate|p2a: Skarmory|item: Custap Berry|[consumed]
|
|t:|1727381204
|move|p2a: Skarmory|Brave Bird|p1a: Alakazam
|-enditem|p1a: Alakazam|Focus Sash
|-damage|p1a: Alakazam|1/100
|-damage|p2a: Skarmory|0 fnt|[from] Recoil
|faint|p2a: Skarmory
|move|p1a: Alakazam|Hidden Power|p2: Skarmory|[notarget]
|-fail|p1a: Alakazam
|
|upkeep
|
|t:|1727381221
|switch|p2a: Dragonite|Dragonite, M|100/100
|turn|4
|
|t:|1727381233
|switch|p1a: Rotom|Rotom-Wash|100/100
|-damage|p1a: Rotom|88/100|[from] Stealth Rock
|move|p2a: Dragonite|Extreme Speed|p1a: Rotom
|-damage|p1a: Rotom|64/100
|
|-heal|p1a: Rotom|70/100|[from] item: Leftovers
|upkeep
|turn|5
|
|t:|1727381243
|move|p2a: Dragonite|Dragon Dance|p2a: Dragonite
|-boost|p2a: Dragonite|atk|1
|-boost|p2a: Dragonite|spe|1
|move|p1a: Rotom|Volt Switch|p2a: Dragonite
|-damage|p2a: Dragonite|88/100
|
|t:|1727381251
|switch|p1a: Conkeldurr|Conkeldurr, F|100/100|[from] Volt Switch
|-damage|p1a: Conkeldurr|94/100|[from] Stealth Rock
|-damage|p1a: Conkeldurr|82/100|[from] Spikes
|
|-heal|p1a: Conkeldurr|88/100|[from] item: Leftovers
|upkeep
|turn|6
|
|t:|1727381260
|move|p2a: Dragonite|Outrage|p1a: Conkeldurr
|-damage|p1a: Conkeldurr|0 fnt
|faint|p1a: Conkeldurr
|
|upkeep
|
|t:|1727381308
|switch|p1a: Scizor|Scizor, F|100/100
|-damage|p1a: Scizor|88/100|[from] Stealth Rock
|-damage|p1a: Scizor|76/100|[from] Spikes
|turn|7
|
|t:|1727381313
|move|p1a: Scizor|Bullet Punch|p2a: Dragonite
|-damage|p2a: Dragonite|53/100
|move|p2a: Dragonite|Outrage|p1a: Scizor|[from]lockedmove
|-resisted|p1a: Scizor
|-damage|p1a: Scizor|9/100
|-start|p2a: Dragonite|confusion|[fatigue]
|-enditem|p2a: Dragonite|Lum Berry|[eat]
|-end|p2a: Dragonite|confusion
|
|upkeep
|turn|8
|
|t:|1727381325
|move|p2a: Dragonite|Extreme Speed|p1a: Scizor
|-resisted|p1a: Scizor
|-damage|p1a: Scizor|0 fnt
|faint|p1a: Scizor
|
|upkeep
|
|t:|1727381350
|switch|p1a: Gliscor|Gliscor, F|100/100
|-damage|p1a: Gliscor|88/100|[from] Stealth Rock
|turn|9
|
|t:|1727381355
|move|p2a: Dragonite|Outrage|p1a: Gliscor
|-damage|p1a: Gliscor|12/100
|move|p1a: Gliscor|Ice Fang|p2a: Dragonite
|-supereffective|p2a: Dragonite
|-damage|p2a: Dragonite|0 fnt
|faint|p2a: Dragonite
|
|-status|p1a: Gliscor|tox|[from] item: Toxic Orb
|upkeep
|
|t:|1727381372
|switch|p2a: Magnezone|Magnezone|100/100
|-item|p2a: Magnezone|Air Balloon
|turn|10
|
|t:|1727381381
|move|p1a: Gliscor|Protect|p1a: Gliscor
|-singleturn|p1a: Gliscor|Protect
|move|p2a: Magnezone|Flash Cannon|p1a: Gliscor
|-activate|p1a: Gliscor|move: Protect
|
|-heal|p1a: Gliscor|24/100 tox|[from] ability: Poison Heal
|upkeep
|turn|11
|
|t:|1727381389
|switch|p1a: Rotom|Rotom-Wash|70/100
|-damage|p1a: Rotom|58/100|[from] Stealth Rock
|move|p2a: Magnezone|Flash Cannon|p1a: Rotom
|-resisted|p1a: Rotom
|-damage|p1a: Rotom|47/100
|
|-heal|p1a: Rotom|53/100|[from] item: Leftovers
|upkeep
|turn|12
|
|t:|1727381409
|switch|p2a: Gengar|Gengar, F|100/100
|move|p1a: Rotom|Hydro Pump|p2a: Gengar
|-damage|p2a: Gengar|35/100
|
|-heal|p2a: Gengar|41/100|[from] item: Leftovers
|-heal|p1a: Rotom|59/100|[from] item: Leftovers
|upkeep
|turn|13
|
|t:|1727381418
|switch|p1a: Tyranitar|Tyranitar, M|100/100
|-damage|p1a: Tyranitar|88/100|[from] Stealth Rock
|-damage|p1a: Tyranitar|76/100|[from] Spikes
|-weather|Sandstorm|[from] ability: Sand Stream|[of] p1a: Tyranitar
|move|p2a: Gengar|Shadow Ball|p1a: Tyranitar
|-resisted|p1a: Tyranitar
|-damage|p1a: Tyranitar|66/100
|-unboost|p1a: Tyranitar|spd|1
|
|-weather|Sandstorm|[upkeep]
|-damage|p2a: Gengar|35/100|[from] Sandstorm
|-heal|p2a: Gengar|41/100|[from] item: Leftovers
|upkeep
|turn|14
|
|t:|1727381455
|move|p2a: Gengar|Focus Blast|p1a: Tyranitar
|-supereffective|p1a: Tyranitar
|-enditem|p1a: Tyranitar|Chople Berry|[eat]
|-enditem|p1a: Tyranitar|Chople Berry|[weaken]
|-damage|p1a: Tyranitar|15/100
|move|p1a: Tyranitar|Pursuit|p2a: Gengar
|-supereffective|p2a: Gengar
|-damage|p2a: Gengar|0 fnt
|faint|p2a: Gengar
|
|-weather|Sandstorm|[upkeep]
|upkeep
|
|t:|1727381469
|switch|p2a: Magnezone|Magnezone|100/100
|-item|p2a: Magnezone|Air Balloon
|turn|15
|
|t:|1727381475
|move|p2a: Magnezone|Flash Cannon|p1a: Tyranitar
|-supereffective|p1a: Tyranitar
|-damage|p1a: Tyranitar|0 fnt
|faint|p1a: Tyranitar
|
|-weather|Sandstorm|[upkeep]
|upkeep
|
|t:|1727381479
|switch|p1a: Alakazam|Alakazam, M|1/100
|turn|16
|
|t:|1727381490
|move|p1a: Alakazam|Focus Blast|p2a: Magnezone
|-supereffective|p2a: Magnezone
|-damage|p2a: Magnezone|0 fnt
|-enditem|p2a: Magnezone|Air Balloon
|faint|p2a: Magnezone
|
|-weather|Sandstorm|[upkeep]
|upkeep
|
|t:|1727381499
|switch|p2a: Lucario|Lucario, M|100/100
|turn|17
|
|t:|1727381509
|move|p2a: Lucario|Extreme Speed|p1a: Alakazam
|-damage|p1a: Alakazam|0 fnt
|faint|p1a: Alakazam
|-damage|p2a: Lucario|91/100|[from] item: Life Orb
|
|-weather|Sandstorm|[upkeep]
|upkeep
|
|t:|1727381511
|switch|p1a: Rotom|Rotom-Wash|59/100
|-damage|p1a: Rotom|47/100|[from] Stealth Rock
|turn|18
|
|t:|1727381519
|move|p2a: Lucario|Close Combat|p1a: Rotom
|-damage|p1a: Rotom|0 fnt
|-unboost|p2a: Lucario|def|1
|-unboost|p2a: Lucario|spd|1
|faint|p1a: Rotom
|-damage|p2a: Lucario|81/100|[from] item: Life Orb
|
|-weather|Sandstorm|[upkeep]
|upkeep
|
|t:|1727381554
|switch|p1a: Gliscor|Gliscor, F|24/100 tox
|-damage|p1a: Gliscor|12/100 tox|[from] Stealth Rock
|turn|19
|
|t:|1727381559
|move|p1a: Gliscor|Protect|p1a: Gliscor
|-singleturn|p1a: Gliscor|Protect
|move|p2a: Lucario|Swords Dance|p2a: Lucario
|-boost|p2a: Lucario|atk|2
|
|-weather|Sandstorm|[upkeep]
|-heal|p1a: Gliscor|24/100 tox|[from] ability: Poison Heal
|upkeep
|turn|20
|
|t:|1727381567
|move|p1a: Gliscor|Protect||[still]
|-fail|p1a: Gliscor
|move|p2a: Lucario|Extreme Speed|p1a: Gliscor
|-damage|p1a: Gliscor|0 fnt
|faint|p1a: Gliscor
|-damage|p2a: Lucario|71/100|[from] item: Life Orb
|
|win|12345678koishi
|raw|Mako27's rating: 1356 &rarr; <strong>1338</strong><br />(-18 for losing)
|raw|12345678koishi's rating: 1388 &rarr; <strong>1406</strong><br />(+18 for winning)
