|join|nessou
|join|alex32
|player|p1|nessou|265
|player|p2|alex32|170
|gametype|singles
|gen|5
|tier|[Gen 5] OU
|rated
|rule|Evasion Abilities Clause: Evasion abilities are banned
|clearpoke
|poke|p1|Garchomp, F
|poke|p1|Amoonguss, M
|poke|p1|Rotom-Wash
|poke|p1|Keldeo-Resolute
|poke|p1|Bronzong
|poke|p1|Tyranitar, F
|poke|p2|Latios, M
|poke|p2|Breloom, M
|poke|p2|Heatran, M
|poke|p2|Jellicent, F
|poke|p2|Tyranitar, M
|poke|p2|Scizor, M
|rule|Sleep Clause Mod: Limit one foe put to sleep
|rule|Species Clause: Limit one of each Pokemon
|rule|OHKO Clause: OHKO moves are banned
|rule|Moody Clause: Moody is banned
|rule|Swagger Clause: Swagger is banned
|rule|Evasion Moves Clause: Evasion moves are banned
|rule|Endless Battle Clause: Forcing endless battles is banned
|rule|HP Percentage Mod: HP is reported as percentages
|teampreview
|chat|alex32|hi
|chat|nessou|hi
|chat|nessou|sry
|
|start
|switch|p1a: Rotom-Wash|Rotom-Wash|304/304
|switch|p2a: Breloom|Breloom, M|289/289
|turn|1
|
|move|p2a: Breloom|Spore|p1a: Rotom-Wash
|-status|p1a: Rotom-Wash|slp
|-enditem|p1a: Rotom-Wash|Chesto Berry|[eat]
|-curestatus|p1a: Rotom-Wash|slp
|move|p1a: Rotom-Wash|Will-O-Wisp|p2a: Breloom
|-status|p2a: Breloom|brn
|
|-damage|p2a: Breloom|253/289 brn|[from] brn
|turn|2
|
|switch|p1a: Tchinho|Amoonguss, M|432/432
|move|p2a: Breloom|Spore|p1a: Tchinho
|-status|p1a: Tchinho|slp
|
|-damage|p2a: Breloom|217/289 brn|[from] brn
|turn|3
|
|switch|p2a: Tyranitar|Tyranitar, M|341/341
|-weather|Sandstorm|[from] ability: Sand Stream|[of] p2a: Tyranitar
|switch|p1a: Tyranitar|Tyranitar, F|404/404
|
|-weather|Sandstorm|[upkeep]
|turn|4
|join|Volcaronite.
|
|switch|p1a: Bronzong|Bronzong|338/338
|move|p2a: Tyranitar|Stealth Rock|p1a: Bronzong
|-sidestart|p1: nessou|move: Stealth Rock
|
|-weather|Sandstorm|[upkeep]
|turn|5
|
|switch|p2a: Heatran|Heatran, M|324/324
|move|p1a: Bronzong|Stealth Rock|p2a: Heatran
|-sidestart|p2: alex32|move: Stealth Rock
|
|-weather|Sandstorm|[upkeep]
|turn|6
|
|move|p2a: Heatran|Substitute|p2a: Heatran
|-start|p2a: Heatran|Substitute
|-damage|p2a: Heatran|243/324
|move|p1a: Bronzong|Earthquake|p2a: Heatran
|-supereffective|p2a: Heatran
|-end|p2a: Heatran|Substitute
|
|-weather|Sandstorm|[upkeep]
|-heal|p2a: Heatran|263/324|[from] item: Leftovers
|turn|7
|
|switch|p2a: Latios|Latios, M|302/302
|-damage|p2a: Latios|265/302|[from] Stealth Rock
|switch|p1a: Keldeo-Resolute|Keldeo-Resolute|324/324
|-damage|p1a: Keldeo-Resolute|304/324|[from] Stealth Rock
|
|-weather|Sandstorm|[upkeep]
|-damage|p2a: Latios|247/302|[from] sandstorm
|-damage|p1a: Keldeo-Resolute|284/324|[from] sandstorm
|-heal|p1a: Keldeo-Resolute|304/324|[from] item: Leftovers
|turn|8
|
|switch|p1a: Tyranitar|Tyranitar, F|404/404
|-damage|p1a: Tyranitar|354/404|[from] Stealth Rock
|move|p2a: Latios|Psyshock|p1a: Tyranitar
|-immune|p1a: Tyranitar|[msg]
|
|-weather|Sandstorm|[upkeep]
|-damage|p2a: Latios|229/302|[from] sandstorm
|-heal|p1a: Tyranitar|379/404|[from] item: Leftovers
|turn|9
|
|move|p2a: Latios|Surf|p1a: Tyranitar
|-supereffective|p1a: Tyranitar
|-damage|p1a: Tyranitar|249/404
|move|p1a: Tyranitar|Pursuit|p2a: Latios
|-supereffective|p2a: Latios
|-damage|p2a: Latios|79/302
|
|-weather|Sandstorm|[upkeep]
|-damage|p2a: Latios|61/302|[from] sandstorm
|-heal|p1a: Tyranitar|274/404|[from] item: Leftovers
|turn|10
|
|move|p2a: Latios|Draco Meteor|p1a: Tyranitar
|-damage|p1a: Tyranitar|154/404
|-unboost|p2a: Latios|spa|2
|move|p1a: Tyranitar|Pursuit|p2a: Latios
|-supereffective|p2a: Latios
|-damage|p2a: Latios|0 fnt
|faint|p2a: Latios
|
|-weather|Sandstorm|[upkeep]
|-heal|p1a: Tyranitar|179/404|[from] item: Leftovers
|
|switch|p2a: Scizor|Scizor, M|343/343
|-damage|p2a: Scizor|301/343|[from] Stealth Rock
|turn|11
|
|move|p2a: Scizor|U-turn|p1a: Tyranitar
|-supereffective|p1a: Tyranitar
|-damage|p1a: Tyranitar|0 fnt
|faint|p1a: Tyranitar
|
|switch|p2a: Jellicent|Jellicent, F|403/403
|-damage|p2a: Jellicent|353/403|[from] Stealth Rock
|
|-weather|Sandstorm|[upkeep]
|-damage|p2a: Jellicent|328/403|[from] sandstorm
|-heal|p2a: Jellicent|353/403|[from] item: Leftovers
|
|switch|p1a: Rotom-Wash|Rotom-Wash|304/304
|-damage|p1a: Rotom-Wash|266/304|[from] Stealth Rock
|turn|12
|join|Waynote
|
|move|p1a: Rotom-Wash|Will-O-Wisp|p2a: Jellicent
|-status|p2a: Jellicent|brn
|move|p2a: Jellicent|Taunt|p1a: Rotom-Wash
|-start|p1a: Rotom-Wash|move: Taunt
|
|-weather|Sandstorm|[upkeep]
|-damage|p1a: Rotom-Wash|247/304|[from] sandstorm
|-damage|p2a: Jellicent|328/403 brn|[from] sandstorm
|-heal|p2a: Jellicent|353/403 brn|[from] item: Leftovers
|-damage|p2a: Jellicent|303/403 brn|[from] brn
|turn|13
|
|move|p1a: Rotom-Wash|Volt Switch|p2a: Jellicent
|-supereffective|p2a: Jellicent
|-damage|p2a: Jellicent|121/403 brn
|
|switch|p1a: Tchinho|Amoonguss, M|432/432 slp
|-damage|p1a: Tchinho|378/432 slp|[from] Stealth Rock
|move|p2a: Jellicent|Recover|p2a: Jellicent
|-heal|p2a: Jellicent|323/403 brn
|
|-weather|Sandstorm|[upkeep]
|-damage|p2a: Jellicent|298/403 brn|[from] sandstorm
|-damage|p1a: Tchinho|351/432 slp|[from] sandstorm
|-heal|p2a: Jellicent|323/403 brn|[from] item: Leftovers
|-heal|p1a: Tchinho|378/432 slp|[from] item: Black Sludge
|-damage|p2a: Jellicent|273/403 brn|[from] brn
|turn|14
|
|move|p2a: Jellicent|Taunt|p1a: Tchinho
|-start|p1a: Tchinho|move: Taunt
|cant|p1a: Tchinho|slp
|
|-weather|Sandstorm|[upkeep]
|-damage|p2a: Jellicent|248/403 brn|[from] sandstorm
|-damage|p1a: Tchinho|351/432 slp|[from] sandstorm
|-heal|p2a: Jellicent|273/403 brn|[from] item: Leftovers
|-heal|p1a: Tchinho|378/432 slp|[from] item: Black Sludge
|-damage|p2a: Jellicent|223/403 brn|[from] brn
|turn|15
|
|switch|p2a: Heatran|Heatran, M|263/324
|-damage|p2a: Heatran|223/324|[from] Stealth Rock
|switch|p1a: Rotom-Wash|Rotom-Wash|247/304
|-damage|p1a: Rotom-Wash|209/304|[from] Stealth Rock
|
|-weather|Sandstorm|[upkeep]
|-damage|p1a: Rotom-Wash|190/304|[from] sandstorm
|-heal|p2a: Heatran|243/324|[from] item: Leftovers
|turn|16
|
|move|p2a: Heatran|Toxic|p1a: Rotom-Wash
|-status|p1a: Rotom-Wash|tox
|move|p1a: Rotom-Wash|Hydro Pump|p2a: Heatran
|-supereffective|p2a: Heatran
|-damage|p2a: Heatran|0 fnt
|faint|p2a: Heatran
|
|-weather|Sandstorm|[upkeep]
|-damage|p1a: Rotom-Wash|171/304 tox|[from] sandstorm
|-damage|p1a: Rotom-Wash|152/304 tox|[from] psn
|
|switch|p2a: Breloom|Breloom, M|217/289 brn
|-damage|p2a: Breloom|199/289 brn|[from] Stealth Rock
|turn|17
|
|-singleturn|p2a: Breloom|move: Focus Punch
|switch|p1a: Tchinho|Amoonguss, M|432/432 slp
|-damage|p1a: Tchinho|378/432 slp|[from] Stealth Rock
|move|p2a: Breloom|Focus Punch|p1a: Tchinho
|-enditem|p2a: Breloom|Fighting Gem|[from] gem|[move] Focus Punch
|-resisted|p1a: Tchinho
|-damage|p1a: Tchinho|275/432 slp
|
|-weather|Sandstorm|[upkeep]
|-damage|p2a: Breloom|181/289 brn|[from] sandstorm
|-damage|p1a: Tchinho|248/432 slp|[from] sandstorm
|-heal|p1a: Tchinho|275/432 slp|[from] item: Black Sludge
|-damage|p2a: Breloom|145/289 brn|[from] brn
|turn|18
|
|switch|p2a: Scizor|Scizor, M|301/343
|-damage|p2a: Scizor|259/343|[from] Stealth Rock
|cant|p1a: Tchinho|slp
|
|-weather|Sandstorm|[upkeep]
|-damage|p1a: Tchinho|248/432 slp|[from] sandstorm
|-heal|p1a: Tchinho|275/432 slp|[from] item: Black Sludge
|turn|19
|
|move|p2a: Scizor|U-turn|p1a: Tchinho
|-damage|p1a: Tchinho|106/432 slp
|
|switch|p2a: Tyranitar|Tyranitar, M|341/341
|-damage|p2a: Tyranitar|299/341|[from] Stealth Rock
|-curestatus|p1a: Tchinho|slp
|move|p1a: Tchinho|Hidden Power|p2a: Tyranitar
|-resisted|p2a: Tyranitar
|-damage|p2a: Tyranitar|282/341
|
|-weather|Sandstorm|[upkeep]
|-damage|p1a: Tchinho|79/432|[from] sandstorm
|-heal|p1a: Tchinho|106/432|[from] item: Black Sludge
|turn|20
|
|switch|p1a: Bronzong|Bronzong|338/338
|-damage|p1a: Bronzong|317/338|[from] Stealth Rock
|move|p2a: Tyranitar|Fire Blast|p1a: Bronzong|[miss]
|-miss|p2a: Tyranitar|p1a: Bronzong
|
|-weather|Sandstorm|[upkeep]
|-heal|p1a: Bronzong|338/338|[from] item: Leftovers
|turn|21
|
|switch|p2a: Jellicent|Jellicent, F|223/403 brn
|-damage|p2a: Jellicent|173/403 brn|[from] Stealth Rock
|switch|p1a: Keldeo-Resolute|Keldeo-Resolute|304/324
|-damage|p1a: Keldeo-Resolute|284/324|[from] Stealth Rock
|
|-weather|Sandstorm|[upkeep]
|-damage|p1a: Keldeo-Resolute|264/324|[from] sandstorm
|-damage|p2a: Jellicent|148/403 brn|[from] sandstorm
|-heal|p1a: Keldeo-Resolute|284/324|[from] item: Leftovers
|-heal|p2a: Jellicent|173/403 brn|[from] item: Leftovers
|-damage|p2a: Jellicent|123/403 brn|[from] brn
|turn|22
|
|switch|p1a: Tchinho|Amoonguss, M|250/432
|-damage|p1a: Tchinho|196/432|[from] Stealth Rock
|move|p2a: Jellicent|Recover|p2a: Jellicent
|-heal|p2a: Jellicent|325/403 brn
|
|-weather|Sandstorm|[upkeep]
|-damage|p2a: Jellicent|300/403 brn|[from] sandstorm
|-damage|p1a: Tchinho|169/432|[from] sandstorm
|-heal|p2a: Jellicent|325/403 brn|[from] item: Leftovers
|-heal|p1a: Tchinho|196/432|[from] item: Black Sludge
|-damage|p2a: Jellicent|275/403 brn|[from] brn
|turn|23
|
|switch|p1a: Bronzong|Bronzong|338/338
|-damage|p1a: Bronzong|317/338|[from] Stealth Rock
|move|p2a: Jellicent|Will-O-Wisp|p1a: Bronzong
|-status|p1a: Bronzong|brn
|
|-weather|Sandstorm|[upkeep]
|-damage|p2a: Jellicent|250/403 brn|[from] sandstorm
|-heal|p2a: Jellicent|275/403 brn|[from] item: Leftovers
|-heal|p1a: Bronzong|338/338 brn|[from] item: Leftovers
|-damage|p2a: Jellicent|225/403 brn|[from] brn
|-damage|p1a: Bronzong|296/338 brn|[from] brn
|turn|24
|
|move|p2a: Jellicent|Recover|p2a: Jellicent
|-heal|p2a: Jellicent|403/403 brn
|move|p1a: Bronzong|Psychic|p2a: Jellicent
|-damage|p2a: Jellicent|316/403 brn
|
|-weather|Sandstorm|[upkeep]
|-damage|p2a: Jellicent|291/403 brn|[from] sandstorm
|-heal|p2a: Jellicent|316/403 brn|[from] item: Leftovers
|-heal|p1a: Bronzong|317/338 brn|[from] item: Leftovers
|-damage|p2a: Jellicent|266/403 brn|[from] brn
|-damage|p1a: Bronzong|275/338 brn|[from] brn
|turn|25
|
|switch|p1a: Rotom-Wash|Rotom-Wash|152/304 tox
|-damage|p1a: Rotom-Wash|114/304 tox|[from] Stealth Rock
|move|p2a: Jellicent|Scald|p1a: Rotom-Wash
|-resisted|p1a: Rotom-Wash
|-damage|p1a: Rotom-Wash|83/304 tox
|
|-weather|Sandstorm|[upkeep]
|-damage|p1a: Rotom-Wash|64/304 tox|[from] sandstorm
|-damage|p2a: Jellicent|241/403 brn|[from] sandstorm
|-heal|p2a: Jellicent|266/403 brn|[from] item: Leftovers
|-damage|p1a: Rotom-Wash|45/304 tox|[from] psn
|-damage|p2a: Jellicent|216/403 brn|[from] brn
|turn|26
|
|move|p1a: Rotom-Wash|Rest|p1a: Rotom-Wash
|-status|p1a: Rotom-Wash|slp
|-heal|p1a: Rotom-Wash|304/304 slp|[silent]
|-status|p1a: Rotom-Wash|slp|[from] move: Rest
|move|p2a: Jellicent|Recover|p2a: Jellicent
|-heal|p2a: Jellicent|403/403 brn
|
|-weather|Sandstorm|[upkeep]
|-damage|p1a: Rotom-Wash|285/304 slp|[from] sandstorm
|-damage|p2a: Jellicent|378/403 brn|[from] sandstorm
|-heal|p2a: Jellicent|403/403 brn|[from] item: Leftovers
|-damage|p2a: Jellicent|353/403 brn|[from] brn
|turn|27
|
|switch|p1a: Keldeo-Resolute|Keldeo-Resolute|284/324
|-damage|p1a: Keldeo-Resolute|264/324|[from] Stealth Rock
|switch|p2a: Scizor|Scizor, M|259/343
|-damage|p2a: Scizor|217/343|[from] Stealth Rock
|
|-weather|Sandstorm|[upkeep]
|-damage|p1a: Keldeo-Resolute|244/324|[from] sandstorm
|-heal|p1a: Keldeo-Resolute|264/324|[from] item: Leftovers
|turn|28
|
|switch|p1a: Rotom-Wash|Rotom-Wash|285/304 slp
|-damage|p1a: Rotom-Wash|247/304 slp|[from] Stealth Rock
|switch|p2a: Jellicent|Jellicent, F|353/403 brn
|-damage|p2a: Jellicent|303/403 brn|[from] Stealth Rock
|
|-weather|Sandstorm|[upkeep]
|-damage|p1a: Rotom-Wash|228/304 slp|[from] sandstorm
|-damage|p2a: Jellicent|278/403 brn|[from] sandstorm
|-heal|p2a: Jellicent|303/403 brn|[from] item: Leftovers
|-damage|p2a: Jellicent|253/403 brn|[from] brn
|turn|29
|
|cant|p1a: Rotom-Wash|slp
|move|p2a: Jellicent|Recover|p2a: Jellicent
|-heal|p2a: Jellicent|403/403 brn
|
|-weather|Sandstorm|[upkeep]
|-damage|p1a: Rotom-Wash|209/304 slp|[from] sandstorm
|-damage|p2a: Jellicent|378/403 brn|[from] sandstorm
|-heal|p2a: Jellicent|403/403 brn|[from] item: Leftovers
|-damage|p2a: Jellicent|353/403 brn|[from] brn
|turn|30
|
|switch|p2a: Breloom|Breloom, M|145/289 brn
|-damage|p2a: Breloom|127/289 brn|[from] Stealth Rock
|cant|p1a: Rotom-Wash|slp
|
|-weather|Sandstorm|[upkeep]
|-damage|p2a: Breloom|109/289 brn|[from] sandstorm
|-damage|p1a: Rotom-Wash|190/304 slp|[from] sandstorm
|-damage|p2a: Breloom|73/289 brn|[from] brn
|turn|31
|
|switch|p1a: Tchinho|Amoonguss, M|340/432
|-damage|p1a: Tchinho|286/432|[from] Stealth Rock
|move|p2a: Breloom|Bullet Seed|p1a: Tchinho
|-resisted|p1a: Tchinho
|-damage|p1a: Tchinho|277/432
|-resisted|p1a: Tchinho
|-damage|p1a: Tchinho|269/432
|-resisted|p1a: Tchinho
|-damage|p1a: Tchinho|260/432
|-hitcount|p1a: Tchinho|3
|
|-weather|Sandstorm|[upkeep]
|-damage|p2a: Breloom|55/289 brn|[from] sandstorm
|-damage|p1a: Tchinho|233/432|[from] sandstorm
|-heal|p1a: Tchinho|260/432|[from] item: Black Sludge
|-damage|p2a: Breloom|19/289 brn|[from] brn
|turn|32
|
|switch|p1a: Bronzong|Bronzong|275/338 brn
|-damage|p1a: Bronzong|254/338 brn|[from] Stealth Rock
|move|p2a: Breloom|Spore|p1a: Bronzong
|-fail|p1a: Bronzong
|
|-weather|Sandstorm|[upkeep]
|-damage|p2a: Breloom|1/289 brn|[from] sandstorm
|-heal|p1a: Bronzong|275/338 brn|[from] item: Leftovers
|-damage|p2a: Breloom|0 fnt|[from] brn
|-damage|p1a: Bronzong|233/338 brn|[from] brn
|faint|p2a: Breloom
|
|switch|p2a: Scizor|Scizor, M|217/343
|-damage|p2a: Scizor|175/343|[from] Stealth Rock
|turn|33
|
|switch|p1a: Garchomp|Garchomp, F|358/358
|-damage|p1a: Garchomp|336/358|[from] Stealth Rock
|move|p2a: Scizor|U-turn|p1a: Garchomp
|-damage|p1a: Garchomp|114/358
|-damage|p2a: Scizor|133/343|[from] ability: Rough Skin|[of] p1a: Garchomp
|
|switch|p2a: Jellicent|Jellicent, F|353/403 brn
|-damage|p2a: Jellicent|303/403 brn|[from] Stealth Rock
|
|-weather|Sandstorm|[upkeep]
|-damage|p2a: Jellicent|278/403 brn|[from] sandstorm
|-heal|p2a: Jellicent|303/403 brn|[from] item: Leftovers
|-damage|p2a: Jellicent|253/403 brn|[from] brn
|turn|34
|
|move|p1a: Garchomp|Earthquake|p2a: Jellicent
|-damage|p2a: Jellicent|52/403 brn
|move|p2a: Jellicent|Will-O-Wisp|p1a: Garchomp|[miss]
|-miss|p2a: Jellicent|p1a: Garchomp
|
|-weather|Sandstorm|[upkeep]
|-damage|p2a: Jellicent|27/403 brn|[from] sandstorm
|-heal|p2a: Jellicent|52/403 brn|[from] item: Leftovers
|-damage|p2a: Jellicent|2/403 brn|[from] brn
|turn|35
|
|move|p1a: Garchomp|Earthquake|p2a: Jellicent
|-damage|p2a: Jellicent|0 fnt
|faint|p2a: Jellicent
|
|-weather|Sandstorm|[upkeep]
|chat|nessou|sry
|
|switch|p2a: Scizor|Scizor, M|133/343
|-damage|p2a: Scizor|91/343|[from] Stealth Rock
|turn|36
|
|move|p1a: Garchomp|Earthquake|p2a: Scizor
|-damage|p2a: Scizor|0 fnt
|faint|p2a: Scizor
|
|-weather|Sandstorm|[upkeep]
|
|switch|p2a: Tyranitar|Tyranitar, M|282/341
|-damage|p2a: Tyranitar|240/341|[from] Stealth Rock
|turn|37
|chat|nessou|and gg
|
|move|p1a: Garchomp|Earthquake|p2a: Tyranitar
|-supereffective|p2a: Tyranitar
|-damage|p2a: Tyranitar|0 fnt
|faint|p2a: Tyranitar
|
|win|nessou
|raw|Ladder updating...
|raw|nessou's rating: 1297 &rarr; <strong>1333</strong><br />(+36 for winning)
|raw|alex32's rating: 1451 &rarr; <strong>1422</strong><br />(-29 for losing)
|chat|alex32|gg
|leave|Waynote