|uhtml|medal-msg|<div class="broadcast-blue">Curious what those medals under the avatar are? PS now has Ladder Seasons! For more information, check out the <a href="https://www.smogon.com/forums/threads/3740067/">thread on Smogon.</a></div>
|uhtml|medal-msg|<div class="broadcast-blue">Curious what those medals under the avatar are? PS now has Ladder Seasons! For more information, check out the <a href="https://www.smogon.com/forums/threads/3740067/">thread on Smogon.</a></div>
|j|☆repinho2711
|j|☆phrd.vvs
|t:|1714142560
|gametype|singles
|player|p1|repinho2711|ethan|1386
|player|p2|phrd.vvs|266|1501
|teamsize|p1|6
|teamsize|p2|6
|gen|5
|tier|[Gen 5] OU
|rated|
|rule|Species Clause: Limit one of each Pokémon
|rule|OHKO Clause: OHKO moves are banned
|rule|Moody Clause: Moody is banned
|rule|Evasion Items Clause: Evasion items are banned
|rule|Evasion Moves Clause: Evasion moves are banned
|rule|Endless Battle Clause: Forcing endless battles is banned
|rule|HP Percentage Mod: HP is shown in percentages
|rule|Evasion Abilities Clause: Evasion abilities are banned
|rule|Sleep Moves Clause: Sleep-inducing moves are banned
|rule|Swagger Clause: Swagger is banned
|rule|Baton Pass Stat Clause: No Baton Passer may have a way to boost its stats
|clearpoke
|poke|p1|Scizor, M|item
|poke|p1|Virizion|item
|poke|p1|Slowking, M|item
|poke|p1|Donphan, M|item
|poke|p1|Hydreigon, M|item
|poke|p1|Gyarados, M|item
|poke|p2|Hydreigon, F|item
|poke|p2|Landorus-Therian, M|item
|poke|p2|Mienshao, M|item
|poke|p2|Slowking, M|item
|poke|p2|Donphan, F|item
|poke|p2|Raikou|item
|teampreview
|inactive|Battle timer is ON: inactive players will automatically lose when time's up. (requested by phrd.vvs)
|
|t:|1714142598
|start
|switch|p1a: Donphan|Donphan, M|100/100
|switch|p2a: Mienshao|Mienshao, M|100/100
|turn|1
|
|t:|1714142603
|move|p2a: Mienshao|U-turn|p1a: Donphan
|-damage|p1a: Donphan|83/100
|
|t:|1714142606
|switch|p2a: Donphan|Donphan, F|100/100|[from] U-turn
|move|p1a: Donphan|Stealth Rock|p2a: Donphan
|-sidestart|p2: phrd.vvs|move: Stealth Rock
|
|-heal|p1a: Donphan|89/100|[from] item: Leftovers
|upkeep
|turn|2
|
|t:|1714142614
|move|p2a: Donphan|Stealth Rock|p1a: Donphan
|-sidestart|p1: repinho2711|move: Stealth Rock
|move|p1a: Donphan|Earthquake|p2a: Donphan
|-damage|p2a: Donphan|72/100
|
|-heal|p1a: Donphan|95/100|[from] item: Leftovers
|-heal|p2a: Donphan|78/100|[from] item: Leftovers
|upkeep
|turn|3
|
|t:|1714142630
|move|p2a: Donphan|Rapid Spin|p1a: Donphan
|-damage|p1a: Donphan|91/100
|-sideend|p2: phrd.vvs|Stealth Rock|[from] move: Rapid Spin|[of] p2a: Donphan
|move|p1a: Donphan|Earthquake|p2a: Donphan
|-damage|p2a: Donphan|47/100
|
|-heal|p1a: Donphan|97/100|[from] item: Leftovers
|-heal|p2a: Donphan|53/100|[from] item: Leftovers
|upkeep
|turn|4
|
|t:|1714142654
|move|p2a: Donphan|Earthquake|p1a: Donphan
|-damage|p1a: Donphan|65/100
|move|p1a: Donphan|Rapid Spin|p2a: Donphan
|-damage|p2a: Donphan|49/100
|-sideend|p1: repinho2711|Stealth Rock|[from] move: Rapid Spin|[of] p1a: Donphan
|
|-heal|p1a: Donphan|72/100|[from] item: Leftovers
|-heal|p2a: Donphan|55/100|[from] item: Leftovers
|upkeep
|turn|5
|
|t:|1714142661
|move|p1a: Donphan|Earthquake|p2a: Donphan
|-damage|p2a: Donphan|27/100
|move|p2a: Donphan|Earthquake|p1a: Donphan
|-damage|p1a: Donphan|41/100
|
|-heal|p1a: Donphan|48/100|[from] item: Leftovers
|-heal|p2a: Donphan|33/100|[from] item: Leftovers
|upkeep
|turn|6
|
|t:|1714142666
|switch|p2a: Landorus|Landorus-Therian, M|100/100
|-ability|p2a: Landorus|Intimidate|boost
|-unboost|p1a: Donphan|atk|1
|move|p1a: Donphan|Earthquake|p2a: Landorus
|-immune|p2a: Landorus
|
|-heal|p1a: Donphan|54/100|[from] item: Leftovers
|upkeep
|turn|7
|
|t:|1714142675
|switch|p1a: Gyarados|Gyarados, M, shiny|100/100
|-ability|p1a: Gyarados|Intimidate|boost
|-unboost|p2a: Landorus|atk|1
|move|p2a: Landorus|U-turn|p1a: Gyarados
|-resisted|p1a: Gyarados
|-damage|p1a: Gyarados|88/100
|
|t:|1714142679
|switch|p2a: Raikou|Raikou|100/100|[from] U-turn
|-ability|p2a: Raikou|Pressure
|
|upkeep
|turn|8
|
|t:|1714142683
|switch|p1a: Donphan|Donphan, M|54/100
|move|p2a: Raikou|Substitute|p2a: Raikou
|-start|p2a: Raikou|Substitute
|-damage|p2a: Raikou|76/100
|
|-heal|p2a: Raikou|82/100|[from] item: Leftovers
|-heal|p1a: Donphan|60/100|[from] item: Leftovers
|upkeep
|turn|9
|
|t:|1714142686
|move|p2a: Raikou|Hidden Power|p1a: Donphan
|-supereffective|p1a: Donphan
|-damage|p1a: Donphan|0 fnt
|faint|p1a: Donphan
|
|-heal|p2a: Raikou|88/100|[from] item: Leftovers
|upkeep
|
|t:|1714142689
|switch|p1a: Virizion|Virizion|100/100
|turn|10
|
|t:|1714142692
|move|p2a: Raikou|Hidden Power|p1a: Virizion
|-supereffective|p1a: Virizion
|-damage|p1a: Virizion|66/100
|move|p1a: Virizion|Leaf Blade|p2a: Raikou
|-end|p2a: Raikou|Substitute
|
|-heal|p2a: Raikou|94/100|[from] item: Leftovers
|upkeep
|turn|11
|
|t:|1714142697
|move|p2a: Raikou|Volt Switch|p1a: Virizion
|-resisted|p1a: Virizion
|-damage|p1a: Virizion|52/100
|
|t:|1714142702
|switch|p2a: Landorus|Landorus-Therian, M|100/100|[from] Volt Switch
|-ability|p2a: Landorus|Intimidate|boost
|-unboost|p1a: Virizion|atk|1
|move|p1a: Virizion|Close Combat|p2a: Landorus
|-resisted|p2a: Landorus
|-damage|p2a: Landorus|81/100
|-unboost|p1a: Virizion|def|1
|-unboost|p1a: Virizion|spd|1
|
|-heal|p2a: Landorus|87/100|[from] item: Leftovers
|upkeep
|turn|12
|
|t:|1714142713
|move|p1a: Virizion|Leaf Blade|p2a: Landorus
|-damage|p2a: Landorus|59/100
|move|p2a: Landorus|U-turn|p1a: Virizion
|-damage|p1a: Virizion|0 fnt
|faint|p1a: Virizion
|
|t:|1714142719
|switch|p2a: Raikou|Raikou|94/100|[from] U-turn
|-ability|p2a: Raikou|Pressure
|
|-heal|p2a: Raikou|100/100|[from] item: Leftovers
|upkeep
|
|t:|1714142728
|switch|p1a: Hydreigon|Hydreigon, M, shiny|100/100
|turn|13
|
|t:|1714142746
|switch|p2a: Donphan|Donphan, F|33/100
|move|p1a: Hydreigon|Dark Pulse|p2a: Donphan
|-damage|p2a: Donphan|0 fnt
|faint|p2a: Donphan
|-damage|p1a: Hydreigon|91/100|[from] item: Life Orb
|
|upkeep
|
|t:|1714142748
|switch|p2a: Mienshao|Mienshao, M|100/100
|turn|14
|
|t:|1714142752
|switch|p1a: Slowking|Slowking, M, shiny|100/100
|move|p2a: Mienshao|U-turn|p1a: Slowking
|-supereffective|p1a: Slowking
|-damage|p1a: Slowking|50/100
|
|t:|1714142759
|switch|p2a: Hydreigon|Hydreigon, F|100/100|[from] U-turn
|
|-heal|p1a: Slowking|56/100|[from] item: Leftovers
|upkeep
|turn|15
|
|t:|1714142769
|move|p2a: Hydreigon|Draco Meteor|p1a: Slowking
|-damage|p1a: Slowking|0 fnt
|-unboost|p2a: Hydreigon|spa|2
|faint|p1a: Slowking
|-damage|p2a: Hydreigon|91/100|[from] item: Life Orb
|
|upkeep
|
|t:|1714142775
|switch|p1a: Gyarados|Gyarados, M, shiny|88/100
|-ability|p1a: Gyarados|Intimidate|boost
|-unboost|p2a: Hydreigon|atk|1
|turn|16
|
|t:|1714142777
|switch|p2a: Slowking|Slowking, M|100/100
|move|p1a: Gyarados|Dragon Dance|p1a: Gyarados
|-boost|p1a: Gyarados|atk|1
|-boost|p1a: Gyarados|spe|1
|
|upkeep
|turn|17
|
|t:|1714142780
|move|p1a: Gyarados|Dragon Dance|p1a: Gyarados
|-boost|p1a: Gyarados|atk|1
|-boost|p1a: Gyarados|spe|1
|move|p2a: Slowking|Thunder Wave|p1a: Gyarados
|-status|p1a: Gyarados|par
|-enditem|p1a: Gyarados|Lum Berry|[eat]
|-curestatus|p1a: Gyarados|par|[msg]
|
|upkeep
|turn|18
|
|t:|1714142785
|move|p1a: Gyarados|Earthquake|p2a: Slowking
|-damage|p2a: Slowking|33/100
|move|p2a: Slowking|Thunder Wave|p1a: Gyarados
|-status|p1a: Gyarados|par
|
|-heal|p2a: Slowking|39/100|[from] item: Leftovers
|upkeep
|turn|19
|
|t:|1714142794
|move|p1a: Gyarados|Waterfall|p2a: Slowking
|-resisted|p2a: Slowking
|-damage|p2a: Slowking|0 fnt
|faint|p2a: Slowking
|
|upkeep
|
|t:|1714142797
|switch|p2a: Raikou|Raikou|100/100
|-ability|p2a: Raikou|Pressure
|turn|20
|
|t:|1714142802
|move|p2a: Raikou|Volt Switch|p1a: Gyarados
|-supereffective|p1a: Gyarados
|-damage|p1a: Gyarados|0 fnt
|faint|p1a: Gyarados
|
|t:|1714142808
|switch|p2a: Mienshao|Mienshao, M|100/100|[from] Volt Switch
|
|upkeep
|
|t:|1714142811
|switch|p1a: Scizor|Scizor, M|100/100
|turn|21
|
|t:|1714142815
|switch|p2a: Landorus|Landorus-Therian, M|59/100
|-ability|p2a: Landorus|Intimidate|boost
|-unboost|p1a: Scizor|atk|1
|move|p1a: Scizor|Bullet Punch|p2a: Landorus
|-damage|p2a: Landorus|20/100
|
|-heal|p2a: Landorus|26/100|[from] item: Leftovers
|upkeep
|turn|22
|
|t:|1714142827
|switch|p2a: Raikou|Raikou|100/100
|-ability|p2a: Raikou|Pressure
|move|p1a: Scizor|Bullet Punch|p2a: Raikou
|-resisted|p2a: Raikou
|-damage|p2a: Raikou|78/100
|
|-heal|p2a: Raikou|85/100|[from] item: Leftovers
|upkeep
|turn|23
|
|t:|1714142833
|switch|p1a: Hydreigon|Hydreigon, M, shiny|91/100
|move|p2a: Raikou|Substitute|p2a: Raikou
|-start|p2a: Raikou|Substitute
|-damage|p2a: Raikou|60/100
|
|-heal|p2a: Raikou|66/100|[from] item: Leftovers
|upkeep
|turn|24
|
|t:|1714142836
|move|p2a: Raikou|Hidden Power|p1a: Hydreigon
|-supereffective|p1a: Hydreigon
|-damage|p1a: Hydreigon|37/100
|move|p1a: Hydreigon|Dark Pulse|p2a: Raikou
|-crit|p2a: Raikou
|-end|p2a: Raikou|Substitute
|-damage|p1a: Hydreigon|27/100|[from] item: Life Orb
|
|-heal|p2a: Raikou|72/100|[from] item: Leftovers
|upkeep
|turn|25
|
|t:|1714142844
|move|p2a: Raikou|Substitute|p2a: Raikou
|-start|p2a: Raikou|Substitute
|-damage|p2a: Raikou|47/100
|move|p1a: Hydreigon|Draco Meteor|p2a: Raikou|[miss]
|-miss|p1a: Hydreigon|p2a: Raikou
|
|-heal|p2a: Raikou|53/100|[from] item: Leftovers
|upkeep
|turn|26
|-message|repinho2711 forfeited.
|
|win|phrd.vvs
|raw|repinho2711's rating: 1386 &rarr; <strong>1372</strong><br />(-14 for losing)
|raw|phrd.vvs's rating: 1501 &rarr; <strong>1515</strong><br />(+14 for winning)
|l|☆repinho2711
|player|p1|
