|j|☆anglemort33
|j|☆AstroMigui
|t:|1727027433
|gametype|singles
|player|p1|anglemort33|170|1311
|player|p2|AstroMigui|102|1412
|teamsize|p1|6
|teamsize|p2|6
|gen|5
|tier|[Gen 5] OU
|rated|
|rule|Species Clause: Limit one of each Pokémon
|rule|OHKO Clause: OHKO moves are banned
|rule|Moody Clause: Moody is banned
|rule|Evasion Items Clause: Evasion items are banned
|rule|Evasion Moves Clause: Evasion moves are banned
|rule|Endless Battle Clause: Forcing endless battles is banned
|rule|HP Percentage Mod: HP is shown in percentages
|rule|Evasion Abilities Clause: Evasion abilities are banned
|rule|Sleep Moves Clause: Sleep-inducing moves are banned
|rule|Swagger Clause: Swagger is banned
|rule|Baton Pass Stat Clause: No Baton Passer may have a way to boost its stats
|clearpoke
|poke|p1|Tyranitar, M|item
|poke|p1|Skarmory, F|item
|poke|p1|Jellicent, F|item
|poke|p1|Latios, M|item
|poke|p1|Alakazam, M|item
|poke|p1|Gliscor, M|item
|poke|p2|Jirachi|item
|poke|p2|Garchomp, M|item
|poke|p2|Salamence, F|item
|poke|p2|Latios, M|item
|poke|p2|Magnezone|item
|poke|p2|Scizor, F|item
|teampreview
|
|t:|1727027473
|start
|switch|p1a: Gliscor|Gliscor, M|100/100
|switch|p2a: Jirachi|Jirachi|100/100
|turn|1
|
|t:|1727027477
|move|p1a: Gliscor|Stealth Rock|p2a: Jirachi
|-sidestart|p2: AstroMigui|move: Stealth Rock
|move|p2a: Jirachi|Icy Wind|p1a: Gliscor
|-supereffective|p1a: Gliscor
|-damage|p1a: Gliscor|46/100
|-unboost|p1a: Gliscor|spe|1
|
|-status|p1a: Gliscor|tox|[from] item: Toxic Orb
|upkeep
|turn|2
|
|t:|1727027510
|switch|p1a: Jellicent|Jellicent, F|100/100
|move|p2a: Jirachi|Stealth Rock|p1a: Jellicent
|-sidestart|p1: anglemort33|move: Stealth Rock
|
|upkeep
|turn|3
|
|t:|1727027517
|move|p1a: Jellicent|Will-O-Wisp|p2a: Jirachi
|-status|p2a: Jirachi|brn
|move|p2a: Jirachi|Thunder|p1a: Jellicent
|-supereffective|p1a: Jellicent
|-damage|p1a: Jellicent|58/100
|
|-heal|p1a: Jellicent|64/100|[from] item: Leftovers
|-damage|p2a: Jirachi|88/100 brn|[from] brn
|upkeep
|turn|4
|
|t:|1727027527
|move|p1a: Jellicent|Night Shade|p2a: Jirachi
|-damage|p2a: Jirachi|63/100 brn
|move|p2a: Jirachi|Thunder|p1a: Jellicent|[miss]
|-miss|p2a: Jirachi|p1a: Jellicent
|
|-heal|p1a: Jellicent|70/100|[from] item: Leftovers
|-damage|p2a: Jirachi|51/100 brn|[from] brn
|upkeep
|turn|5
|
|t:|1727027533
|move|p1a: Jellicent|Night Shade|p2a: Jirachi
|-damage|p2a: Jirachi|26/100 brn
|move|p2a: Jirachi|Thunder|p1a: Jellicent|[miss]
|-miss|p2a: Jirachi|p1a: Jellicent
|
|-heal|p1a: Jellicent|76/100|[from] item: Leftovers
|-damage|p2a: Jirachi|14/100 brn|[from] brn
|upkeep
|turn|6
|
|t:|1727027543
|move|p1a: Jellicent|Night Shade|p2a: Jirachi
|-damage|p2a: Jirachi|0 fnt
|faint|p2a: Jirachi
|
|-heal|p1a: Jellicent|83/100|[from] item: Leftovers
|upkeep
|
|t:|1727027551
|switch|p2a: Magnezone|Magnezone|100/100
|-damage|p2a: Magnezone|94/100|[from] Stealth Rock
|-item|p2a: Magnezone|Air Balloon
|turn|7
|
|t:|1727027601
|switch|p1a: Gliscor|Gliscor, M|46/100 tox
|-damage|p1a: Gliscor|33/100 tox|[from] Stealth Rock
|move|p2a: Magnezone|Magnet Rise|p2a: Magnezone
|-start|p2a: Magnezone|Magnet Rise
|
|-heal|p1a: Gliscor|46/100 tox|[from] ability: Poison Heal
|upkeep
|turn|8
|
|t:|1727027619
|move|p1a: Gliscor|U-turn|p2a: Magnezone
|-resisted|p2a: Magnezone
|-damage|p2a: Magnezone|86/100
|-enditem|p2a: Magnezone|Air Balloon
|
|t:|1727027637
|switch|p1a: Jellicent|Jellicent, F|83/100|[from] U-turn
|-damage|p1a: Jellicent|70/100|[from] Stealth Rock
|move|p2a: Magnezone|Flash Cannon|p1a: Jellicent
|-resisted|p1a: Jellicent
|-damage|p1a: Jellicent|51/100
|
|-heal|p1a: Jellicent|58/100|[from] item: Leftovers
|upkeep
|turn|9
|
|t:|1727027656
|move|p1a: Jellicent|Night Shade|p2a: Magnezone
|-damage|p2a: Magnezone|51/100
|move|p2a: Magnezone|Thunderbolt|p1a: Jellicent
|-supereffective|p1a: Jellicent
|-damage|p1a: Jellicent|0 fnt
|faint|p1a: Jellicent
|
|upkeep
|
|t:|1727027675
|switch|p1a: Tyranitar|Tyranitar, M|100/100
|-damage|p1a: Tyranitar|88/100|[from] Stealth Rock
|-weather|Sandstorm|[from] ability: Sand Stream|[of] p1a: Tyranitar
|turn|10
|
|t:|1727027680
|switch|p2a: Scizor|Scizor, F|100/100
|-damage|p2a: Scizor|88/100|[from] Stealth Rock
|move|p1a: Tyranitar|Superpower|p2a: Scizor
|-damage|p2a: Scizor|42/100
|-unboost|p1a: Tyranitar|atk|1
|-unboost|p1a: Tyranitar|def|1
|
|-weather|Sandstorm|[upkeep]
|upkeep
|turn|11
|
|t:|1727027689
|move|p2a: Scizor|U-turn|p1a: Tyranitar
|-supereffective|p1a: Tyranitar
|-damage|p1a: Tyranitar|0 fnt
|faint|p1a: Tyranitar
|
|t:|1727027703
|switch|p2a: Salamence|Salamence, F|100/100|[from] U-turn
|-damage|p2a: Salamence|76/100|[from] Stealth Rock
|
|-weather|Sandstorm|[upkeep]
|-damage|p2a: Salamence|70/100|[from] Sandstorm
|upkeep
|
|t:|1727027734
|switch|p1a: Skarmory|Skarmory, F|100/100
|-damage|p1a: Skarmory|88/100|[from] Stealth Rock
|turn|12
|
|t:|1727027746
|move|p2a: Salamence|Hidden Power|p1a: Skarmory
|-damage|p1a: Skarmory|72/100
|move|p1a: Skarmory|Whirlwind|p2a: Salamence
|drag|p2a: Latios|Latios, M|100/100
|-damage|p2a: Latios|88/100|[from] Stealth Rock
|
|-weather|Sandstorm|[upkeep]
|-damage|p2a: Latios|82/100|[from] Sandstorm
|-heal|p1a: Skarmory|78/100|[from] item: Leftovers
|upkeep
|turn|13
|
|t:|1727027784
|switch|p1a: Gliscor|Gliscor, M|46/100 tox
|-damage|p1a: Gliscor|33/100 tox|[from] Stealth Rock
|move|p2a: Latios|Surf|p1a: Gliscor
|-supereffective|p1a: Gliscor
|-damage|p1a: Gliscor|0 fnt
|faint|p1a: Gliscor
|
|-weather|Sandstorm|[upkeep]
|-damage|p2a: Latios|76/100|[from] Sandstorm
|upkeep
|
|t:|1727027825
|switch|p1a: Latios|Latios, M|100/100
|-damage|p1a: Latios|88/100|[from] Stealth Rock
|turn|14
|inactive|Battle timer is ON: inactive players will automatically lose when time's up. (requested by AstroMigui)
|inactive|anglemort33 has 120 seconds left.
|
|t:|1727027879
|switch|p2a: Salamence|Salamence, F|70/100
|-damage|p2a: Salamence|45/100|[from] Stealth Rock
|move|p1a: Latios|Draco Meteor|p2a: Salamence
|-supereffective|p2a: Salamence
|-damage|p2a: Salamence|0 fnt
|-unboost|p1a: Latios|spa|2
|faint|p2a: Salamence
|
|-weather|Sandstorm|[upkeep]
|-damage|p1a: Latios|82/100|[from] Sandstorm
|upkeep
|
|t:|1727027890
|switch|p2a: Scizor|Scizor, F|42/100
|-damage|p2a: Scizor|29/100|[from] Stealth Rock
|turn|15
|
|t:|1727027905
|move|p1a: Latios|Hidden Power|p2a: Scizor
|-supereffective|p2a: Scizor
|-damage|p2a: Scizor|0 fnt
|faint|p2a: Scizor
|
|-weather|Sandstorm|[upkeep]
|-damage|p1a: Latios|76/100|[from] Sandstorm
|upkeep
|
|t:|1727027911
|switch|p2a: Garchomp|Garchomp, M|100/100
|-damage|p2a: Garchomp|94/100|[from] Stealth Rock
|turn|16
|
|t:|1727027932
|move|p2a: Garchomp|Outrage|p1a: Latios
|-supereffective|p1a: Latios
|-damage|p1a: Latios|0 fnt
|faint|p1a: Latios
|
|-weather|Sandstorm|[upkeep]
|upkeep
|inactive|anglemort33 has 120 seconds left.
|inactive|anglemort33 has 90 seconds left.
|inactive|anglemort33 has 60 seconds left.
|
|t:|1727028027
|switch|p1a: Alakazam|Alakazam, M|100/100
|turn|17
|
|t:|1727028030
|move|p2a: Garchomp|Outrage|p1a: Alakazam|[from]lockedmove
|-enditem|p1a: Alakazam|Focus Sash
|-damage|p1a: Alakazam|1/100
|move|p1a: Alakazam|Hidden Power|p2a: Garchomp
|-supereffective|p2a: Garchomp
|-damage|p2a: Garchomp|0 fnt
|faint|p2a: Garchomp
|
|-weather|Sandstorm|[upkeep]
|upkeep
|
|t:|1727028044
|switch|p2a: Latios|Latios, M|76/100
|-damage|p2a: Latios|64/100|[from] Stealth Rock
|turn|18
|
|t:|1727028053
|move|p1a: Alakazam|Hidden Power|p2a: Latios
|-supereffective|p2a: Latios
|-damage|p2a: Latios|11/100
|move|p2a: Latios|Surf|p1a: Alakazam
|-damage|p1a: Alakazam|0 fnt
|faint|p1a: Alakazam
|
|-weather|Sandstorm|[upkeep]
|-damage|p2a: Latios|5/100|[from] Sandstorm
|upkeep
|
|t:|1727028059
|switch|p1a: Skarmory|Skarmory, F|78/100
|-damage|p1a: Skarmory|66/100|[from] Stealth Rock
|turn|19
|
|t:|1727028066
|move|p2a: Latios|Surf|p1a: Skarmory
|-damage|p1a: Skarmory|19/100
|move|p1a: Skarmory|Roost|p1a: Skarmory
|-heal|p1a: Skarmory|69/100
|-singleturn|p1a: Skarmory|move: Roost
|
|-weather|Sandstorm|[upkeep]
|-damage|p2a: Latios|0 fnt|[from] Sandstorm
|faint|p2a: Latios
|-heal|p1a: Skarmory|75/100|[from] item: Leftovers
|upkeep
|
|t:|1727028072
|switch|p2a: Magnezone|Magnezone|51/100
|-damage|p2a: Magnezone|45/100|[from] Stealth Rock
|turn|20
|
|t:|1727028093
|move|p2a: Magnezone|Thunderbolt|p1a: Skarmory
|-supereffective|p1a: Skarmory
|-damage|p1a: Skarmory|0 fnt
|faint|p1a: Skarmory
|
|win|AstroMigui
|raw|anglemort33's rating: 1311 &rarr; <strong>1297</strong><br />(-14 for losing)
|raw|AstroMigui's rating: 1412 &rarr; <strong>1426</strong><br />(+14 for winning)
|c|☆AstroMigui|GG
