|j|☆SattleBimulator
|j|☆Pokemon Master JL
|t:|1735272304
|gametype|singles
|player|p1|SattleBimulator|170|1331
|player|p2|Pokemon Master JL|dawn|1312
|teamsize|p1|6
|teamsize|p2|6
|gen|5
|tier|[Gen 5] OU
|rated|
|rule|Species Clause: Limit one of each Pokémon
|rule|OHKO Clause: OHKO moves are banned
|rule|Moody Clause: Moody is banned
|rule|Evasion Items Clause: Evasion items are banned
|rule|Evasion Moves Clause: Evasion moves are banned
|rule|Endless Battle Clause: Forcing endless battles is banned
|rule|HP Percentage Mod: HP is shown in percentages
|rule|Evasion Abilities Clause: Evasion abilities are banned
|rule|Sleep Moves Clause: Sleep-inducing moves are banned
|rule|Swagger Clause: Swagger is banned
|rule|Baton Pass Stat Clause: No Baton Passer may have a way to boost its stats
|clearpoke
|poke|p1|Scizor, F|item
|poke|p1|Breloom, F|item
|poke|p1|Alakazam, F|item
|poke|p1|Latios, M|item
|poke|p1|Starmie|item
|poke|p1|Landorus-Therian, M|item
|poke|p2|Lanturn, F|item
|poke|p2|Skarmory, F|item
|poke|p2|Starmie|item
|poke|p2|Landorus-Therian, M|item
|poke|p2|Porygon2|item
|poke|p2|Conkeldurr, F|item
|teampreview
|inactive|Battle timer is ON: inactive players will automatically lose when time's up. (requested by SattleBimulator)
|
|t:|1735272318
|start
|switch|p1a: Latios|Latios, M|100/100
|switch|p2a: Mariana|Lanturn, F|100/100
|turn|1
|
|t:|1735272328
|move|p1a: Latios|Trick|p2a: Mariana
|-activate|p1a: Latios|move: Trick|[of] p2a: Mariana
|-item|p2a: Mariana|Choice Scarf|[from] move: Trick
|-item|p1a: Latios|Leftovers|[from] move: Trick
|move|p2a: Mariana|Substitute|p2a: Mariana
|-start|p2a: Mariana|Substitute
|-damage|p2a: Mariana|76/100
|
|upkeep
|turn|2
|
|t:|1735272340
|switch|p2a: Kenny|Porygon2, shiny|100/100
|-ability|p2a: Kenny|Levitate|[from] ability: Trace|[of] p1a: Latios
|move|p1a: Latios|Psychic|p2a: Kenny
|-damage|p2a: Kenny|81/100
|
|upkeep
|turn|3
|
|t:|1735272349
|move|p1a: Latios|Trick|p2a: Kenny
|-activate|p1a: Latios|move: Trick|[of] p2a: Kenny
|-item|p2a: Kenny|Leftovers|[from] move: Trick
|-item|p1a: Latios|Eviolite|[from] move: Trick
|move|p2a: Kenny|Thunder Wave|p1a: Latios
|-status|p1a: Latios|par
|
|-heal|p2a: Kenny|87/100|[from] item: Leftovers
|upkeep
|turn|4
|
|t:|1735272360
|switch|p2a: Mariana|Lanturn, F|76/100
|move|p1a: Latios|Draco Meteor|p2a: Mariana
|-damage|p2a: Mariana|26/100
|-unboost|p1a: Latios|spa|2
|
|upkeep
|turn|5
|
|t:|1735272372
|switch|p1a: Breloom|Breloom, F|100/100
|move|p2a: Mariana|Scald|p1a: Breloom
|-resisted|p1a: Breloom
|-damage|p1a: Breloom|84/100
|
|-heal|p1a: Breloom|90/100|[from] item: Leftovers
|upkeep
|turn|6
|
|t:|1735272383
|switch|p2a: Mind Games|Landorus-Therian, M|100/100
|-ability|p2a: Mind Games|Intimidate|boost
|-unboost|p1a: Breloom|atk|1
|move|p1a: Breloom|Substitute|p1a: Breloom
|-start|p1a: Breloom|Substitute
|-damage|p1a: Breloom|66/100
|
|-heal|p1a: Breloom|72/100|[from] item: Leftovers
|upkeep
|turn|7
|
|t:|1735272391
|switch|p2a: Alethia|Skarmory, F|100/100
|move|p1a: Breloom|Swords Dance|p1a: Breloom
|-boost|p1a: Breloom|atk|2
|
|-heal|p1a: Breloom|78/100|[from] item: Leftovers
|upkeep
|turn|8
|
|t:|1735272400
|move|p1a: Breloom|Mach Punch|p2a: Alethia
|-damage|p2a: Alethia|71/100
|move|p2a: Alethia|Substitute|p2a: Alethia
|-start|p2a: Alethia|Substitute
|-damage|p2a: Alethia|46/100
|
|-heal|p1a: Breloom|84/100|[from] item: Leftovers
|-heal|p2a: Alethia|52/100|[from] item: Leftovers
|upkeep
|turn|9
|
|t:|1735272414
|move|p1a: Breloom|Mach Punch|p2a: Alethia
|-end|p2a: Alethia|Substitute
|move|p2a: Alethia|Whirlwind|p1a: Breloom
|drag|p1a: Landorus|Landorus-Therian, M|100/100
|-ability|p1a: Landorus|Intimidate|boost
|-unboost|p2a: Alethia|atk|1
|
|-heal|p2a: Alethia|58/100|[from] item: Leftovers
|upkeep
|turn|10
|
|t:|1735272422
|move|p1a: Landorus|Stealth Rock|p2a: Alethia
|-sidestart|p2: Pokemon Master JL|move: Stealth Rock
|move|p2a: Alethia|Substitute|p2a: Alethia
|-start|p2a: Alethia|Substitute
|-damage|p2a: Alethia|33/100
|
|-heal|p2a: Alethia|39/100|[from] item: Leftovers
|upkeep
|turn|11
|
|t:|1735272428
|move|p1a: Landorus|Hidden Power|p2a: Alethia
|-activate|p2a: Alethia|Substitute|[damage]
|move|p2a: Alethia|Spikes|p1a: Landorus
|-sidestart|p1: SattleBimulator|Spikes
|
|-heal|p2a: Alethia|45/100|[from] item: Leftovers
|upkeep
|turn|12
|
|t:|1735272435
|move|p1a: Landorus|Hidden Power|p2a: Alethia
|-end|p2a: Alethia|Substitute
|move|p2a: Alethia|Substitute|p2a: Alethia
|-start|p2a: Alethia|Substitute
|-damage|p2a: Alethia|20/100
|
|-heal|p2a: Alethia|26/100|[from] item: Leftovers
|upkeep
|turn|13
|j| B (Blaise)
|
|t:|1735272442
|move|p1a: Landorus|U-turn|p2a: Alethia
|-resisted|p2a: Alethia
|-activate|p2a: Alethia|Substitute|[damage]
|
|t:|1735272444
|switch|p1a: Starmie|Starmie|100/100|[from] U-turn
|-item|p1a: Starmie|Air Balloon
|move|p2a: Alethia|Roost|p2a: Alethia
|-heal|p2a: Alethia|76/100
|-singleturn|p2a: Alethia|move: Roost
|
|-heal|p2a: Alethia|82/100|[from] item: Leftovers
|upkeep
|turn|14
|
|t:|1735272453
|move|p1a: Starmie|Rapid Spin|p2a: Alethia
|-resisted|p2a: Alethia
|-activate|p2a: Alethia|Substitute|[damage]
|-sideend|p1: SattleBimulator|Spikes|[from] move: Rapid Spin|[of] p1a: Starmie
|move|p2a: Alethia|Whirlwind|p1a: Starmie
|drag|p1a: Scizor|Scizor, F|100/100
|
|-heal|p2a: Alethia|88/100|[from] item: Leftovers
|upkeep
|turn|15
|
|t:|1735272461
|switch|p1a: Starmie|Starmie|100/100
|-item|p1a: Starmie|Air Balloon
|move|p2a: Alethia|Spikes|p1a: Starmie
|-sidestart|p1: SattleBimulator|Spikes
|
|-heal|p2a: Alethia|94/100|[from] item: Leftovers
|upkeep
|turn|16
|
|t:|1735272468
|move|p1a: Starmie|Thunderbolt|p2a: Alethia
|-supereffective|p2a: Alethia
|-end|p2a: Alethia|Substitute
|move|p2a: Alethia|Whirlwind|p1a: Starmie
|drag|p1a: Breloom|Breloom, F|84/100
|-damage|p1a: Breloom|72/100|[from] Spikes
|
|-heal|p1a: Breloom|78/100|[from] item: Leftovers
|-heal|p2a: Alethia|99/100|[from] item: Leftovers
|upkeep
|turn|17
|
|t:|1735272478
|switch|p1a: Starmie|Starmie|100/100
|-item|p1a: Starmie|Air Balloon
|move|p2a: Alethia|Substitute|p2a: Alethia
|-start|p2a: Alethia|Substitute
|-damage|p2a: Alethia|75/100
|
|-heal|p2a: Alethia|81/100|[from] item: Leftovers
|upkeep
|turn|18
|
|t:|1735272492
|move|p1a: Starmie|Ice Beam|p2a: Alethia
|-end|p2a: Alethia|Substitute
|move|p2a: Alethia|Whirlwind|p1a: Starmie
|drag|p1a: Breloom|Breloom, F|78/100
|-damage|p1a: Breloom|66/100|[from] Spikes
|
|-heal|p2a: Alethia|87/100|[from] item: Leftovers
|-heal|p1a: Breloom|72/100|[from] item: Leftovers
|upkeep
|turn|19
|
|t:|1735272501
|switch|p1a: Starmie|Starmie|100/100
|-item|p1a: Starmie|Air Balloon
|move|p2a: Alethia|Substitute|p2a: Alethia
|-start|p2a: Alethia|Substitute
|-damage|p2a: Alethia|62/100
|
|-heal|p2a: Alethia|68/100|[from] item: Leftovers
|upkeep
|turn|20
|
|t:|1735272509
|move|p1a: Starmie|Ice Beam|p2a: Alethia
|-end|p2a: Alethia|Substitute
|move|p2a: Alethia|Whirlwind|p1a: Starmie
|drag|p1a: Breloom|Breloom, F|72/100
|-damage|p1a: Breloom|59/100|[from] Spikes
|
|-heal|p1a: Breloom|66/100|[from] item: Leftovers
|-heal|p2a: Alethia|74/100|[from] item: Leftovers
|upkeep
|turn|21
|
|t:|1735272520
|switch|p1a: Starmie|Starmie|100/100
|-item|p1a: Starmie|Air Balloon
|move|p2a: Alethia|Substitute|p2a: Alethia
|-start|p2a: Alethia|Substitute
|-damage|p2a: Alethia|49/100
|
|-heal|p2a: Alethia|55/100|[from] item: Leftovers
|upkeep
|turn|22
|
|t:|1735272530
|move|p1a: Starmie|Ice Beam|p2a: Alethia
|-end|p2a: Alethia|Substitute
|move|p2a: Alethia|Roost|p2a: Alethia
|-heal|p2a: Alethia|100/100
|-singleturn|p2a: Alethia|move: Roost
|
|upkeep
|turn|23
|
|t:|1735272537
|switch|p2a: Kenny|Porygon2, shiny|87/100
|-damage|p2a: Kenny|75/100|[from] Stealth Rock
|-ability|p2a: Kenny|Analytic|[from] ability: Trace|[of] p1a: Starmie
|move|p1a: Starmie|Ice Beam|p2a: Kenny
|-damage|p2a: Kenny|48/100
|-status|p2a: Kenny|frz
|
|-heal|p2a: Kenny|55/100 frz|[from] item: Leftovers
|upkeep
|turn|24
|
|t:|1735272553
|move|p1a: Starmie|Rapid Spin|p2a: Kenny
|-damage|p2a: Kenny|52/100 frz
|-sideend|p1: SattleBimulator|Spikes|[from] move: Rapid Spin|[of] p1a: Starmie
|cant|p2a: Kenny|frz
|
|-heal|p2a: Kenny|58/100 frz|[from] item: Leftovers
|upkeep
|turn|25
|
|t:|1735272560
|switch|p1a: Breloom|Breloom, F|66/100
|-curestatus|p2a: Kenny|frz|[msg]
|move|p2a: Kenny|Thunder Wave|p1a: Breloom
|-status|p1a: Breloom|par
|
|-heal|p2a: Kenny|64/100|[from] item: Leftovers
|-heal|p1a: Breloom|72/100 par|[from] item: Leftovers
|upkeep
|turn|26
|
|t:|1735272569
|switch|p1a: Starmie|Starmie|100/100
|-item|p1a: Starmie|Air Balloon
|move|p2a: Kenny|Tri Attack|p1a: Starmie
|-crit|p1a: Starmie
|-damage|p1a: Starmie|0 fnt
|-enditem|p1a: Starmie|Air Balloon
|faint|p1a: Starmie
|
|-heal|p2a: Kenny|70/100|[from] item: Leftovers
|upkeep
|
|t:|1735272581
|switch|p1a: Scizor|Scizor, F|100/100
|turn|27
|
|t:|1735272585
|switch|p2a: Mind Games|Landorus-Therian, M|100/100
|-damage|p2a: Mind Games|88/100|[from] Stealth Rock
|-ability|p2a: Mind Games|Intimidate|boost
|-unboost|p1a: Scizor|atk|1
|move|p1a: Scizor|Superpower|p2a: Mind Games
|-resisted|p2a: Mind Games
|-damage|p2a: Mind Games|74/100
|-unboost|p1a: Scizor|atk|1
|-unboost|p1a: Scizor|def|1
|-damage|p1a: Scizor|91/100|[from] item: Life Orb
|
|-heal|p2a: Mind Games|80/100|[from] item: Leftovers
|upkeep
|turn|28
|
|t:|1735272598
|switch|p1a: Landorus|Landorus-Therian, M|100/100
|-ability|p1a: Landorus|Intimidate|boost
|-unboost|p2a: Mind Games|atk|1
|move|p2a: Mind Games|Substitute|p2a: Mind Games
|-start|p2a: Mind Games|Substitute
|-damage|p2a: Mind Games|55/100
|
|-heal|p2a: Mind Games|61/100|[from] item: Leftovers
|upkeep
|turn|29
|
|t:|1735272606
|move|p1a: Landorus|Hidden Power|p2a: Mind Games
|-supereffective|p2a: Mind Games
|-crit|p2a: Mind Games
|-end|p2a: Mind Games|Substitute
|move|p2a: Mind Games|Stealth Rock|p1a: Landorus
|-sidestart|p1: SattleBimulator|move: Stealth Rock
|
|-heal|p2a: Mind Games|68/100|[from] item: Leftovers
|upkeep
|turn|30
|
|t:|1735272614
|switch|p2a: Mariana|Lanturn, F|26/100
|-damage|p2a: Mariana|14/100|[from] Stealth Rock
|move|p1a: Landorus|U-turn|p2a: Mariana
|-crit|p2a: Mariana
|-damage|p2a: Mariana|0 fnt
|faint|p2a: Mariana
|
|t:|1735272619
|switch|p1a: Breloom|Breloom, F|72/100 par|[from] U-turn
|-damage|p1a: Breloom|66/100 par|[from] Stealth Rock
|
|-heal|p1a: Breloom|72/100 par|[from] item: Leftovers
|upkeep
|
|t:|1735272634
|switch|p2a: Alethia|Skarmory, F|100/100
|-damage|p2a: Alethia|88/100|[from] Stealth Rock
|turn|31
|
|t:|1735272638
|move|p1a: Breloom|Mach Punch|p2a: Alethia
|-crit|p2a: Alethia
|-damage|p2a: Alethia|45/100
|move|p2a: Alethia|Substitute|p2a: Alethia
|-start|p2a: Alethia|Substitute
|-damage|p2a: Alethia|20/100
|
|-heal|p2a: Alethia|26/100|[from] item: Leftovers
|-heal|p1a: Breloom|78/100 par|[from] item: Leftovers
|upkeep
|turn|32
|
|t:|1735272646
|move|p1a: Breloom|Mach Punch|p2a: Alethia
|-activate|p2a: Alethia|Substitute|[damage]
|move|p2a: Alethia|Roost|p2a: Alethia
|-heal|p2a: Alethia|76/100
|-singleturn|p2a: Alethia|move: Roost
|
|-heal|p2a: Alethia|82/100|[from] item: Leftovers
|-heal|p1a: Breloom|84/100 par|[from] item: Leftovers
|upkeep
|turn|33
|
|t:|1735272657
|move|p1a: Breloom|Mach Punch|p2a: Alethia
|-end|p2a: Alethia|Substitute
|move|p2a: Alethia|Spikes|p1a: Breloom
|-sidestart|p1: SattleBimulator|Spikes
|
|-heal|p2a: Alethia|88/100|[from] item: Leftovers
|-heal|p1a: Breloom|90/100 par|[from] item: Leftovers
|upkeep
|turn|34
|
|t:|1735272670
|switch|p1a: Alakazam|Alakazam, F|100/100
|move|p2a: Alethia|Substitute|p2a: Alethia
|-start|p2a: Alethia|Substitute
|-damage|p2a: Alethia|63/100
|
|-heal|p2a: Alethia|69/100|[from] item: Leftovers
|upkeep
|turn|35
|
|t:|1735272677
|move|p1a: Alakazam|Focus Blast|p2a: Alethia
|-crit|p2a: Alethia
|-end|p2a: Alethia|Substitute
|move|p2a: Alethia|Whirlwind|p1a: Alakazam
|drag|p1a: Landorus|Landorus-Therian, M|100/100
|-damage|p1a: Landorus|88/100|[from] Stealth Rock
|-ability|p1a: Landorus|Intimidate|boost
|-unboost|p2a: Alethia|atk|1
|
|-heal|p1a: Landorus|94/100|[from] item: Leftovers
|-heal|p2a: Alethia|75/100|[from] item: Leftovers
|upkeep
|turn|36
|
|t:|1735272688
|move|p1a: Landorus|Hidden Power|p2a: Alethia
|-damage|p2a: Alethia|53/100
|move|p2a: Alethia|Substitute|p2a: Alethia
|-start|p2a: Alethia|Substitute
|-damage|p2a: Alethia|29/100
|
|-heal|p1a: Landorus|99/100|[from] item: Leftovers
|-heal|p2a: Alethia|35/100|[from] item: Leftovers
|upkeep
|turn|37
|
|t:|1735272696
|move|p1a: Landorus|Hidden Power|p2a: Alethia
|-activate|p2a: Alethia|Substitute|[damage]
|move|p2a: Alethia|Roost|p2a: Alethia
|-heal|p2a: Alethia|85/100
|-singleturn|p2a: Alethia|move: Roost
|
|-heal|p1a: Landorus|100/100|[from] item: Leftovers
|-heal|p2a: Alethia|91/100|[from] item: Leftovers
|upkeep
|turn|38
|
|t:|1735272706
|move|p1a: Landorus|Hidden Power|p2a: Alethia
|-end|p2a: Alethia|Substitute
|move|p2a: Alethia|Substitute|p2a: Alethia
|-start|p2a: Alethia|Substitute
|-damage|p2a: Alethia|66/100
|
|-heal|p2a: Alethia|72/100|[from] item: Leftovers
|upkeep
|turn|39
|
|t:|1735272713
|move|p1a: Landorus|Hidden Power|p2a: Alethia
|-crit|p2a: Alethia
|-end|p2a: Alethia|Substitute
|move|p2a: Alethia|Spikes|p1a: Landorus
|-sidestart|p1: SattleBimulator|Spikes
|
|-heal|p2a: Alethia|78/100|[from] item: Leftovers
|upkeep
|turn|40
|
|t:|1735272721
|move|p1a: Landorus|U-turn|p2a: Alethia
|-resisted|p2a: Alethia
|-damage|p2a: Alethia|74/100
|
|t:|1735272722
|switch|p1a: Latios|Latios, M|100/100 par|[from] U-turn
|-damage|p1a: Latios|88/100 par|[from] Stealth Rock
|move|p2a: Alethia|Substitute|p2a: Alethia
|-start|p2a: Alethia|Substitute
|-damage|p2a: Alethia|49/100
|
|-heal|p2a: Alethia|55/100|[from] item: Leftovers
|upkeep
|turn|41
|
|t:|1735272738
|move|p2a: Alethia|Roost|p2a: Alethia
|-heal|p2a: Alethia|100/100
|-singleturn|p2a: Alethia|move: Roost
|move|p1a: Latios|Hidden Power|p2a: Alethia
|-supereffective|p2a: Alethia
|-end|p2a: Alethia|Substitute
|
|upkeep
|turn|42
|
|t:|1735272751
|switch|p2a: Marion|Starmie|100/100
|-damage|p2a: Marion|88/100|[from] Stealth Rock
|move|p1a: Latios|Hidden Power|p2a: Marion
|-resisted|p2a: Marion
|-damage|p2a: Marion|73/100
|
|upkeep
|turn|43
|
|t:|1735272766
|switch|p2a: Alethia|Skarmory, F|100/100
|-damage|p2a: Alethia|88/100|[from] Stealth Rock
|switch|p1a: Scizor|Scizor, F|91/100
|-damage|p1a: Scizor|78/100|[from] Stealth Rock
|-damage|p1a: Scizor|62/100|[from] Spikes
|
|-heal|p2a: Alethia|94/100|[from] item: Leftovers
|upkeep
|turn|44
|
|t:|1735272776
|move|p2a: Alethia|Substitute|p2a: Alethia
|-start|p2a: Alethia|Substitute
|-damage|p2a: Alethia|69/100
|move|p1a: Scizor|Superpower|p2a: Alethia
|-end|p2a: Alethia|Substitute
|-unboost|p1a: Scizor|atk|1
|-unboost|p1a: Scizor|def|1
|-damage|p1a: Scizor|52/100|[from] item: Life Orb
|
|-heal|p2a: Alethia|75/100|[from] item: Leftovers
|upkeep
|turn|45
|
|t:|1735272786
|move|p2a: Alethia|Substitute|p2a: Alethia
|-start|p2a: Alethia|Substitute
|-damage|p2a: Alethia|50/100
|move|p1a: Scizor|Swords Dance|p1a: Scizor
|-boost|p1a: Scizor|atk|2
|
|-heal|p2a: Alethia|56/100|[from] item: Leftovers
|upkeep
|turn|46
|
|t:|1735272793
|move|p1a: Scizor|Superpower|p2a: Alethia
|-end|p2a: Alethia|Substitute
|-unboost|p1a: Scizor|atk|1
|-unboost|p1a: Scizor|def|1
|-damage|p1a: Scizor|42/100|[from] item: Life Orb
|move|p2a: Alethia|Whirlwind|p1a: Scizor
|drag|p1a: Alakazam|Alakazam, F|100/100
|
|-heal|p2a: Alethia|62/100|[from] item: Leftovers
|upkeep
|turn|47
|
|t:|1735272807
|switch|p2a: Marion|Starmie|73/100
|-damage|p2a: Marion|60/100|[from] Stealth Rock
|move|p1a: Alakazam|Thunder Wave|p2a: Marion
|-status|p2a: Marion|par
|
|upkeep
|turn|48
|
|t:|1735272829
|move|p1a: Alakazam|Shadow Ball|p2a: Marion
|-supereffective|p2a: Marion
|-damage|p2a: Marion|0 fnt
|faint|p2a: Marion
|
|upkeep
|inactive|Pokemon Master JL has 120 seconds left.
|
|t:|1735272860
|switch|p2a: Kenny|Porygon2, shiny|70/100
|-damage|p2a: Kenny|58/100|[from] Stealth Rock
|-ability|p2a: Kenny|Magic Guard|[from] ability: Trace|[of] p1a: Alakazam
|turn|49
|
|t:|1735272866
|switch|p1a: Breloom|Breloom, F|90/100 par
|-damage|p1a: Breloom|84/100 par|[from] Stealth Rock
|-damage|p1a: Breloom|68/100 par|[from] Spikes
|move|p2a: Kenny|Thunder Wave|p1a: Breloom
|-fail|p1a: Breloom|par
|
|-heal|p2a: Kenny|64/100|[from] item: Leftovers
|-heal|p1a: Breloom|74/100 par|[from] item: Leftovers
|upkeep
|turn|50
|
|t:|1735272889
|switch|p2a: Alethia|Skarmory, F|62/100
|-damage|p2a: Alethia|50/100|[from] Stealth Rock
|cant|p1a: Breloom|par
|
|-heal|p2a: Alethia|56/100|[from] item: Leftovers
|-heal|p1a: Breloom|80/100 par|[from] item: Leftovers
|upkeep
|turn|51
|
|t:|1735272897
|move|p1a: Breloom|Mach Punch|p2a: Alethia
|-damage|p2a: Alethia|37/100
|move|p2a: Alethia|Substitute|p2a: Alethia
|-start|p2a: Alethia|Substitute
|-damage|p2a: Alethia|12/100
|
|-heal|p2a: Alethia|18/100|[from] item: Leftovers
|-heal|p1a: Breloom|86/100 par|[from] item: Leftovers
|upkeep
|turn|52
|
|t:|1735272904
|move|p1a: Breloom|Mach Punch|p2a: Alethia
|-activate|p2a: Alethia|Substitute|[damage]
|move|p2a: Alethia|Roost|p2a: Alethia
|-heal|p2a: Alethia|68/100
|-singleturn|p2a: Alethia|move: Roost
|
|-heal|p2a: Alethia|74/100|[from] item: Leftovers
|-heal|p1a: Breloom|92/100 par|[from] item: Leftovers
|upkeep
|turn|53
|
|t:|1735272914
|move|p2a: Alethia|Spikes|p1a: Breloom
|-sidestart|p1: SattleBimulator|Spikes
|move|p1a: Breloom|Swords Dance|p1a: Breloom
|-boost|p1a: Breloom|atk|2
|
|-heal|p2a: Alethia|80/100|[from] item: Leftovers
|-heal|p1a: Breloom|99/100 par|[from] item: Leftovers
|upkeep
|turn|54
|inactive|Pokemon Master JL has 120 seconds left.
|
|t:|1735272939
|cant|p1a: Breloom|par
|move|p2a: Alethia|Whirlwind|p1a: Breloom
|drag|p1a: Scizor|Scizor, F|42/100
|-damage|p1a: Scizor|30/100|[from] Stealth Rock
|-damage|p1a: Scizor|5/100|[from] Spikes
|
|-heal|p2a: Alethia|86/100|[from] item: Leftovers
|upkeep
|turn|55
|
|t:|1735272948
|move|p1a: Scizor|Superpower|p2a: Alethia
|-end|p2a: Alethia|Substitute
|-unboost|p1a: Scizor|atk|1
|-unboost|p1a: Scizor|def|1
|-damage|p1a: Scizor|0 fnt|[from] item: Life Orb
|faint|p1a: Scizor
|move|p2a: Alethia|Whirlwind|p1: Scizor|[notarget]
|-fail|p2a: Alethia
|
|-heal|p2a: Alethia|92/100|[from] item: Leftovers
|upkeep
|
|t:|1735272951
|switch|p1a: Alakazam|Alakazam, F|100/100
|turn|56
|
|t:|1735272975
|move|p1a: Alakazam|Psyshock|p2a: Alethia
|-resisted|p2a: Alethia
|-damage|p2a: Alethia|80/100
|move|p2a: Alethia|Whirlwind|p1a: Alakazam
|drag|p1a: Breloom|Breloom, F|99/100 par
|-damage|p1a: Breloom|92/100 par|[from] Stealth Rock
|-damage|p1a: Breloom|68/100 par|[from] Spikes
|
|-heal|p2a: Alethia|86/100|[from] item: Leftovers
|-heal|p1a: Breloom|74/100 par|[from] item: Leftovers
|upkeep
|turn|57
|
|t:|1735272990
|switch|p2a: Mind Games|Landorus-Therian, M|68/100
|-damage|p2a: Mind Games|55/100|[from] Stealth Rock
|-ability|p2a: Mind Games|Intimidate|boost
|-unboost|p1a: Breloom|atk|1
|switch|p1a: Latios|Latios, M|88/100 par
|-damage|p1a: Latios|76/100 par|[from] Stealth Rock
|
|-heal|p2a: Mind Games|61/100|[from] item: Leftovers
|upkeep
|turn|58
|
|t:|1735273001
|move|p2a: Mind Games|Substitute|p2a: Mind Games
|-start|p2a: Mind Games|Substitute
|-damage|p2a: Mind Games|36/100
|move|p1a: Latios|Hidden Power|p2a: Mind Games
|-activate|p2a: Mind Games|Substitute|[damage]
|
|-heal|p2a: Mind Games|42/100|[from] item: Leftovers
|upkeep
|turn|59
|
|t:|1735273008
|move|p2a: Mind Games|Fly||[still]
|-prepare|p2a: Mind Games|Fly
|move|p1a: Latios|Psychic|p2a: Mind Games|[miss]
|-miss|p1a: Latios|p2a: Mind Games
|
|-heal|p2a: Mind Games|48/100|[from] item: Leftovers
|upkeep
|turn|60
|
|t:|1735273014
|move|p2a: Mind Games|Fly|p1a: Latios|[from]lockedmove
|-damage|p1a: Latios|16/100 par
|move|p1a: Latios|Psychic|p2a: Mind Games
|-end|p2a: Mind Games|Substitute
|
|-heal|p2a: Mind Games|54/100|[from] item: Leftovers
|upkeep
|turn|61
|
|t:|1735273021
|move|p2a: Mind Games|Substitute|p2a: Mind Games
|-start|p2a: Mind Games|Substitute
|-damage|p2a: Mind Games|30/100
|move|p1a: Latios|Psychic|p2a: Mind Games
|-end|p2a: Mind Games|Substitute
|
|-heal|p2a: Mind Games|36/100|[from] item: Leftovers
|upkeep
|turn|62
|
|t:|1735273029
|move|p2a: Mind Games|Fly||[still]
|-prepare|p2a: Mind Games|Fly
|move|p1a: Latios|Psychic|p2a: Mind Games|[miss]
|-miss|p1a: Latios|p2a: Mind Games
|
|-heal|p2a: Mind Games|42/100|[from] item: Leftovers
|upkeep
|turn|63
|inactive|Pokemon Master JL has 120 seconds left.
|
|t:|1735273035
|move|p2a: Mind Games|Fly|p1a: Latios|[from]lockedmove
|-crit|p1a: Latios
|-damage|p1a: Latios|0 fnt
|faint|p1a: Latios
|
|-heal|p2a: Mind Games|48/100|[from] item: Leftovers
|upkeep
|
|t:|1735273037
|switch|p1a: Landorus|Landorus-Therian, M|100/100
|-damage|p1a: Landorus|88/100|[from] Stealth Rock
|-ability|p1a: Landorus|Intimidate|boost
|-unboost|p2a: Mind Games|atk|1
|turn|64
|
|t:|1735273047
|switch|p2a: Alethia|Skarmory, F|86/100
|-damage|p2a: Alethia|74/100|[from] Stealth Rock
|move|p1a: Landorus|Hidden Power|p2a: Alethia
|-damage|p2a: Alethia|52/100
|
|-heal|p1a: Landorus|94/100|[from] item: Leftovers
|-heal|p2a: Alethia|58/100|[from] item: Leftovers
|upkeep
|turn|65
|
|t:|1735273059
|switch|p2a: Kenny|Porygon2, shiny|64/100
|-damage|p2a: Kenny|52/100|[from] Stealth Rock
|-ability|p2a: Kenny|Intimidate|boost
|-unboost|p1a: Landorus|atk|1
|-ability|p2a: Kenny|Intimidate|[from] ability: Trace|[of] p1a: Landorus
|move|p1a: Landorus|U-turn|p2a: Kenny
|-damage|p2a: Kenny|34/100
|
|t:|1735273062
|switch|p1a: Breloom|Breloom, F|74/100 par|[from] U-turn
|-damage|p1a: Breloom|68/100 par|[from] Stealth Rock
|-damage|p1a: Breloom|43/100 par|[from] Spikes
|
|-heal|p2a: Kenny|40/100|[from] item: Leftovers
|-heal|p1a: Breloom|49/100 par|[from] item: Leftovers
|upkeep
|turn|66
|
|t:|1735273079
|move|p1a: Breloom|Mach Punch|p2a: Kenny
|-supereffective|p2a: Kenny
|-damage|p2a: Kenny|0 fnt
|faint|p2a: Kenny
|
|-heal|p1a: Breloom|55/100 par|[from] item: Leftovers
|upkeep
|
|t:|1735273085
|switch|p2a: Mind Games|Landorus-Therian, M|48/100
|-damage|p2a: Mind Games|35/100|[from] Stealth Rock
|-ability|p2a: Mind Games|Intimidate|boost
|-unboost|p1a: Breloom|atk|1
|turn|67
|
|t:|1735273091
|move|p2a: Mind Games|Substitute|p2a: Mind Games
|-start|p2a: Mind Games|Substitute
|-damage|p2a: Mind Games|10/100
|cant|p1a: Breloom|par
|
|-heal|p2a: Mind Games|16/100|[from] item: Leftovers
|-heal|p1a: Breloom|61/100 par|[from] item: Leftovers
|upkeep
|turn|68
|
|t:|1735273099
|move|p2a: Mind Games|Fly||[still]
|-prepare|p2a: Mind Games|Fly
|move|p1a: Breloom|Substitute|p1a: Breloom
|-start|p1a: Breloom|Substitute
|-damage|p1a: Breloom|37/100 par
|
|-heal|p2a: Mind Games|22/100|[from] item: Leftovers
|-heal|p1a: Breloom|43/100 par|[from] item: Leftovers
|upkeep
|turn|69
|
|t:|1735273106
|move|p2a: Mind Games|Fly|p1a: Breloom|[from]lockedmove
|-supereffective|p1a: Breloom
|-end|p1a: Breloom|Substitute
|cant|p1a: Breloom|par
|
|-heal|p2a: Mind Games|29/100|[from] item: Leftovers
|-heal|p1a: Breloom|49/100 par|[from] item: Leftovers
|upkeep
|turn|70
|
|t:|1735273114
|move|p2a: Mind Games|Earthquake|p1a: Breloom
|-resisted|p1a: Breloom
|-damage|p1a: Breloom|18/100 par
|move|p1a: Breloom|Substitute|p1a: Breloom
|-fail|p1a: Breloom|move: Substitute|[weak]
|
|-heal|p2a: Mind Games|35/100|[from] item: Leftovers
|-heal|p1a: Breloom|24/100 par|[from] item: Leftovers
|upkeep
|turn|71
|
|t:|1735273125
|move|p1a: Breloom|Mach Punch|p2a: Mind Games
|-resisted|p2a: Mind Games
|-activate|p2a: Mind Games|Substitute|[damage]
|move|p2a: Mind Games|Earthquake|p1a: Breloom
|-resisted|p1a: Breloom
|-damage|p1a: Breloom|0 fnt
|faint|p1a: Breloom
|
|-heal|p2a: Mind Games|41/100|[from] item: Leftovers
|upkeep
|
|t:|1735273128
|switch|p1a: Landorus|Landorus-Therian, M|94/100
|-damage|p1a: Landorus|82/100|[from] Stealth Rock
|-ability|p1a: Landorus|Intimidate|boost
|-immune|p2a: Mind Games
|turn|72
|
|t:|1735273143
|move|p1a: Landorus|Hidden Power|p2a: Mind Games
|-supereffective|p2a: Mind Games
|-end|p2a: Mind Games|Substitute
|move|p2a: Mind Games|Fly||[still]
|-prepare|p2a: Mind Games|Fly
|
|-heal|p1a: Landorus|88/100|[from] item: Leftovers
|-heal|p2a: Mind Games|47/100|[from] item: Leftovers
|upkeep
|turn|73
|
|t:|1735273152
|move|p1a: Landorus|Hidden Power|p2a: Mind Games|[miss]
|-miss|p1a: Landorus|p2a: Mind Games
|move|p2a: Mind Games|Fly|p1a: Landorus|[from]lockedmove
|-damage|p1a: Landorus|41/100
|
|-heal|p1a: Landorus|47/100|[from] item: Leftovers
|-heal|p2a: Mind Games|53/100|[from] item: Leftovers
|upkeep
|turn|74
|
|t:|1735273162
|switch|p2a: Alethia|Skarmory, F|58/100
|-damage|p2a: Alethia|45/100|[from] Stealth Rock
|move|p1a: Landorus|U-turn|p2a: Alethia
|-resisted|p2a: Alethia
|-crit|p2a: Alethia
|-damage|p2a: Alethia|38/100
|
|t:|1735273164
|switch|p1a: Alakazam|Alakazam, F|100/100|[from] U-turn
|
|-heal|p2a: Alethia|44/100|[from] item: Leftovers
|upkeep
|turn|75
|
|t:|1735273176
|move|p1a: Alakazam|Thunder Wave|p2a: Alethia
|-status|p2a: Alethia|par
|move|p2a: Alethia|Roost|p2a: Alethia
|-heal|p2a: Alethia|94/100 par
|-singleturn|p2a: Alethia|move: Roost
|
|-heal|p2a: Alethia|99/100 par|[from] item: Leftovers
|upkeep
|turn|76
|
|t:|1735273185
|move|p1a: Alakazam|Focus Blast|p2a: Alethia|[miss]
|-miss|p1a: Alakazam|p2a: Alethia
|cant|p2a: Alethia|par
|
|-heal|p2a: Alethia|100/100 par|[from] item: Leftovers
|upkeep
|turn|77
|
|t:|1735273192
|move|p1a: Alakazam|Focus Blast|p2a: Alethia
|-damage|p2a: Alethia|40/100 par
|move|p2a: Alethia|Whirlwind|p1a: Alakazam
|drag|p1a: Landorus|Landorus-Therian, M|47/100
|-damage|p1a: Landorus|35/100|[from] Stealth Rock
|-ability|p1a: Landorus|Intimidate|boost
|-unboost|p2a: Alethia|atk|1
|
|-heal|p1a: Landorus|41/100|[from] item: Leftovers
|-heal|p2a: Alethia|46/100 par|[from] item: Leftovers
|upkeep
|turn|78
|
|t:|1735273203
|move|p1a: Landorus|Hidden Power|p2a: Alethia
|-crit|p2a: Alethia
|-damage|p2a: Alethia|0 fnt
|faint|p2a: Alethia
|
|-heal|p1a: Landorus|47/100|[from] item: Leftovers
|upkeep
|
|t:|1735273214
|switch|p2a: Mind Games|Landorus-Therian, M|53/100
|-damage|p2a: Mind Games|40/100|[from] Stealth Rock
|-ability|p2a: Mind Games|Intimidate|boost
|-unboost|p1a: Landorus|atk|1
|turn|79
|j| xuyaodan520
|
|t:|1735273220
|switch|p2a: Almita|Conkeldurr, F|100/100
|-damage|p2a: Almita|94/100|[from] Stealth Rock
|move|p1a: Landorus|Hidden Power|p2a: Almita
|-damage|p2a: Almita|69/100
|
|-heal|p1a: Landorus|53/100|[from] item: Leftovers
|upkeep
|turn|80
|
|t:|1735273236
|move|p2a: Almita|Mach Punch|p1a: Landorus
|-resisted|p1a: Landorus
|-damage|p1a: Landorus|30/100
|move|p1a: Landorus|Earthquake|p2a: Almita
|-damage|p2a: Almita|40/100
|
|-heal|p1a: Landorus|36/100|[from] item: Leftovers
|upkeep
|turn|81
|
|t:|1735273243
|switch|p2a: Mind Games|Landorus-Therian, M|40/100
|-damage|p2a: Mind Games|28/100|[from] Stealth Rock
|-ability|p2a: Mind Games|Intimidate|boost
|-unboost|p1a: Landorus|atk|1
|move|p1a: Landorus|Hidden Power|p2a: Mind Games
|-supereffective|p2a: Mind Games
|-damage|p2a: Mind Games|0 fnt
|faint|p2a: Mind Games
|
|-heal|p1a: Landorus|42/100|[from] item: Leftovers
|upkeep
|
|t:|1735273253
|switch|p2a: Almita|Conkeldurr, F|40/100
|-damage|p2a: Almita|33/100|[from] Stealth Rock
|turn|82
|
|t:|1735273259
|move|p1a: Landorus|Hidden Power|p2a: Almita
|-damage|p2a: Almita|8/100
|move|p2a: Almita|Drain Punch|p1a: Landorus
|-resisted|p1a: Landorus
|-crit|p1a: Landorus
|-damage|p1a: Landorus|0 fnt
|-heal|p2a: Almita|27/100|[from] drain|[of] p1a: Landorus
|faint|p1a: Landorus
|
|upkeep
|
|t:|1735273262
|switch|p1a: Alakazam|Alakazam, F|100/100
|turn|83
|
|t:|1735273269
|move|p1a: Alakazam|Psyshock|p2a: Almita
|-supereffective|p2a: Almita
|-damage|p2a: Almita|0 fnt
|faint|p2a: Almita
|
|win|SattleBimulator
|raw|SattleBimulator's rating: 1331 &rarr; <strong>1350</strong><br />(+19 for winning)
|raw|Pokemon Master JL's rating: 1312 &rarr; <strong>1293</strong><br />(-19 for losing)
|l|☆Pokemon Master JL
|player|p2|
