|j|☆cdrgcde
|j|☆baixiaohen
|t:|1743760946
|gametype|singles
|player|p1|cdrgcde|dawn|1367
|player|p2|baixiaohen|red|1481
|teamsize|p1|6
|teamsize|p2|6
|gen|5
|tier|[Gen 5] OU
|rated|
|rule|Species Clause: Limit one of each Pokémon
|rule|OHKO Clause: OHKO moves are banned
|rule|Moody Clause: Moody is banned
|rule|Evasion Items Clause: Evasion items are banned
|rule|Evasion Moves Clause: Evasion moves are banned
|rule|Endless Battle Clause: Forcing endless battles is banned
|rule|HP Percentage Mod: HP is shown in percentages
|rule|Evasion Abilities Clause: Evasion abilities are banned
|rule|Sleep Moves Clause: Sleep-inducing moves are banned
|rule|Swagger Clause: Swagger is banned
|rule|Baton Pass Stat Clause: No Baton Passer may have a way to boost its stats
|clearpoke
|poke|p1|Tyranitar, M|item
|poke|p1|Excadrill, F|item
|poke|p1|Gliscor, M|item
|poke|p1|Skarmory, M|item
|poke|p1|Amoonguss, M|item
|poke|p1|Alakazam, M|item
|poke|p2|Jirachi|item
|poke|p2|Scizor, F|item
|poke|p2|Celebi|item
|poke|p2|Gyarados, M|item
|poke|p2|Heatran, F|item
|poke|p2|Starmie|item
|teampreview
|inactive|Battle timer is ON: inactive players will automatically lose when time's up. (requested by baixiaohen)
|inactive|cdrgcde also wants the timer to be on.
|
|t:|1743760964
|start
|switch|p1a: Gliscor|Gliscor, M|100/100
|switch|p2a: Heatran|Heatran, F, shiny|100/100
|-item|p2a: Heatran|Air Balloon
|turn|1
|
|t:|1743760969
|move|p1a: Gliscor|Protect|p1a: Gliscor
|-singleturn|p1a: Gliscor|Protect
|move|p2a: Heatran|Will-O-Wisp|p1a: Gliscor
|-activate|p1a: Gliscor|move: Protect
|
|-status|p1a: Gliscor|tox|[from] item: Toxic Orb
|upkeep
|turn|2
|
|t:|1743760972
|move|p1a: Gliscor|Taunt|p2a: Heatran
|-start|p2a: Heatran|move: Taunt
|move|p2a: Heatran|Fire Blast|p1a: Gliscor
|-damage|p1a: Gliscor|36/100 tox
|
|-heal|p1a: Gliscor|48/100 tox|[from] ability: Poison Heal
|upkeep
|turn|3
|
|t:|1743760976
|move|p1a: Gliscor|Protect|p1a: Gliscor
|-singleturn|p1a: Gliscor|Protect
|move|p2a: Heatran|Fire Blast|p1a: Gliscor
|-activate|p1a: Gliscor|move: Protect
|
|-heal|p1a: Gliscor|61/100 tox|[from] ability: Poison Heal
|upkeep
|turn|4
|
|t:|1743760979
|switch|p1a: Tyranitar|Tyranitar, M|100/100
|-weather|Sandstorm|[from] ability: Sand Stream|[of] p1a: Tyranitar
|move|p2a: Heatran|Fire Blast|p1a: Tyranitar
|-resisted|p1a: Tyranitar
|-crit|p1a: Tyranitar
|-damage|p1a: Tyranitar|75/100
|
|-weather|Sandstorm|[upkeep]
|-end|p2a: Heatran|move: Taunt
|upkeep
|turn|5
|
|t:|1743760983
|move|p2a: Heatran|Will-O-Wisp|p1a: Tyranitar
|-status|p1a: Tyranitar|brn
|move|p1a: Tyranitar|Stealth Rock|p2a: Heatran
|-sidestart|p2: baixiaohen|move: Stealth Rock
|
|-weather|Sandstorm|[upkeep]
|-damage|p1a: Tyranitar|63/100 brn|[from] brn
|upkeep
|turn|6
|
|t:|1743760988
|move|p2a: Heatran|Stealth Rock|p1a: Tyranitar
|-sidestart|p1: cdrgcde|move: Stealth Rock
|move|p1a: Tyranitar|Superpower|p2a: Heatran
|-supereffective|p2a: Heatran
|-damage|p2a: Heatran|66/100
|-unboost|p1a: Tyranitar|atk|1
|-unboost|p1a: Tyranitar|def|1
|-enditem|p2a: Heatran|Air Balloon
|
|-weather|Sandstorm|[upkeep]
|-damage|p1a: Tyranitar|50/100 brn|[from] brn
|upkeep
|turn|7
|
|t:|1743760996
|switch|p2a: Celebi|Celebi|100/100
|-damage|p2a: Celebi|88/100|[from] Stealth Rock
|move|p1a: Tyranitar|Superpower|p2a: Celebi
|-resisted|p2a: Celebi
|-damage|p2a: Celebi|83/100
|-unboost|p1a: Tyranitar|atk|1
|-unboost|p1a: Tyranitar|def|1
|
|-weather|Sandstorm|[upkeep]
|-damage|p2a: Celebi|76/100|[from] Sandstorm
|-heal|p2a: Celebi|83/100|[from] item: Leftovers
|-damage|p1a: Tyranitar|38/100 brn|[from] brn
|upkeep
|turn|8
|
|t:|1743761001
|switch|p1a: Skarmory|Skarmory, M|100/100
|-damage|p1a: Skarmory|88/100|[from] Stealth Rock
|move|p2a: Celebi|Giga Drain|p1a: Skarmory
|-resisted|p1a: Skarmory
|-damage|p1a: Skarmory|82/100
|-heal|p2a: Celebi|85/100|[from] drain|[of] p1a: Skarmory
|
|-weather|Sandstorm|[upkeep]
|-damage|p2a: Celebi|79/100|[from] Sandstorm
|-heal|p2a: Celebi|85/100|[from] item: Leftovers
|upkeep
|turn|9
|
|t:|1743761008
|move|p2a: Celebi|Thunder Wave|p1a: Skarmory
|-status|p1a: Skarmory|par
|move|p1a: Skarmory|Whirlwind|p2a: Celebi
|drag|p2a: Jirachi|Jirachi, shiny|100/100
|-damage|p2a: Jirachi|94/100|[from] Stealth Rock
|
|-weather|Sandstorm|[upkeep]
|upkeep
|turn|10
|
|t:|1743761012
|move|p2a: Jirachi|Trick|p1a: Skarmory
|-activate|p2a: Jirachi|move: Trick|[of] p1a: Skarmory
|-item|p1a: Skarmory|Choice Scarf|[from] move: Trick
|-item|p2a: Jirachi|Rocky Helmet|[from] move: Trick
|cant|p1a: Skarmory|par
|
|-weather|Sandstorm|[upkeep]
|upkeep
|turn|11
|
|t:|1743761018
|move|p2a: Jirachi|Fire Punch|p1a: Skarmory
|-supereffective|p1a: Skarmory
|-damage|p1a: Skarmory|49/100 par
|move|p1a: Skarmory|Spikes|p2a: Jirachi
|-sidestart|p2: baixiaohen|Spikes
|
|-weather|Sandstorm|[upkeep]
|upkeep
|turn|12
|
|t:|1743761022
|switch|p1a: Gliscor|Gliscor, M|61/100 tox
|-damage|p1a: Gliscor|48/100 tox|[from] Stealth Rock
|move|p2a: Jirachi|U-turn|p1a: Gliscor
|-resisted|p1a: Gliscor
|-damage|p1a: Gliscor|40/100 tox
|
|t:|1743761028
|switch|p2a: Starmie|Starmie, shiny|100/100|[from] U-turn
|-damage|p2a: Starmie|88/100|[from] Stealth Rock
|-damage|p2a: Starmie|76/100|[from] Spikes
|
|-weather|Sandstorm|[upkeep]
|-damage|p2a: Starmie|70/100|[from] Sandstorm
|-heal|p1a: Gliscor|52/100 tox|[from] ability: Poison Heal
|upkeep
|turn|13
|
|t:|1743761031
|move|p1a: Gliscor|Protect|p1a: Gliscor
|-singleturn|p1a: Gliscor|Protect
|move|p2a: Starmie|Hydro Pump|p1a: Gliscor
|-activate|p1a: Gliscor|move: Protect
|
|-weather|Sandstorm|[upkeep]
|-damage|p2a: Starmie|64/100|[from] Sandstorm
|-heal|p1a: Gliscor|65/100 tox|[from] ability: Poison Heal
|upkeep
|turn|14
|
|t:|1743761037
|switch|p1a: Skarmory|Skarmory, M|49/100 par
|-damage|p1a: Skarmory|37/100 par|[from] Stealth Rock
|move|p2a: Starmie|Hydro Pump|p1a: Skarmory
|-damage|p1a: Skarmory|0 fnt
|faint|p1a: Skarmory
|
|-weather|Sandstorm|[upkeep]
|-damage|p2a: Starmie|58/100|[from] Sandstorm
|upkeep
|
|t:|1743761045
|switch|p1a: Alakazam|Alakazam, M|100/100
|turn|15
|
|t:|1743761057
|switch|p2a: Heatran|Heatran, F, shiny|66/100
|-damage|p2a: Heatran|53/100|[from] Stealth Rock
|-damage|p2a: Heatran|41/100|[from] Spikes
|move|p1a: Alakazam|Signal Beam|p2a: Heatran
|-resisted|p2a: Heatran
|-damage|p2a: Heatran|36/100
|
|-weather|Sandstorm|[upkeep]
|upkeep
|turn|16
|
|t:|1743761062
|move|p1a: Alakazam|Focus Blast|p2a: Heatran
|-supereffective|p2a: Heatran
|-damage|p2a: Heatran|0 fnt
|faint|p2a: Heatran
|
|-weather|Sandstorm|[upkeep]
|upkeep
|
|t:|1743761066
|switch|p2a: Jirachi|Jirachi, shiny|94/100
|-damage|p2a: Jirachi|88/100|[from] Stealth Rock
|-damage|p2a: Jirachi|76/100|[from] Spikes
|turn|17
|
|t:|1743761073
|switch|p1a: Gliscor|Gliscor, M|65/100 tox
|-damage|p1a: Gliscor|52/100 tox|[from] Stealth Rock
|move|p2a: Jirachi|Iron Head|p1a: Gliscor
|-damage|p1a: Gliscor|24/100 tox
|
|-weather|Sandstorm|[upkeep]
|-heal|p1a: Gliscor|36/100 tox|[from] ability: Poison Heal
|upkeep
|turn|18
|
|t:|1743761080
|move|p2a: Jirachi|Iron Head|p1a: Gliscor
|-damage|p1a: Gliscor|10/100 tox
|move|p1a: Gliscor|Earthquake|p2a: Jirachi
|-supereffective|p2a: Jirachi
|-damage|p2a: Jirachi|5/100
|
|-weather|Sandstorm|[upkeep]
|-heal|p1a: Gliscor|22/100 tox|[from] ability: Poison Heal
|upkeep
|turn|19
|
|t:|1743761086
|move|p1a: Gliscor|Protect|p1a: Gliscor
|-singleturn|p1a: Gliscor|Protect
|move|p2a: Jirachi|Iron Head|p1a: Gliscor
|-activate|p1a: Gliscor|move: Protect
|
|-weather|Sandstorm|[upkeep]
|-heal|p1a: Gliscor|35/100 tox|[from] ability: Poison Heal
|upkeep
|turn|20
|
|t:|1743761097
|switch|p1a: Amoonguss|Amoonguss, M|100/100
|-damage|p1a: Amoonguss|88/100|[from] Stealth Rock
|move|p2a: Jirachi|Iron Head|p1a: Amoonguss
|-damage|p1a: Amoonguss|50/100
|
|-weather|Sandstorm|[upkeep]
|-damage|p1a: Amoonguss|44/100|[from] Sandstorm
|-heal|p1a: Amoonguss|50/100|[from] item: Black Sludge
|upkeep
|turn|21
|
|t:|1743761104
|switch|p1a: Tyranitar|Tyranitar, M|38/100 brn
|-damage|p1a: Tyranitar|26/100 brn|[from] Stealth Rock
|move|p2a: Jirachi|Iron Head|p1a: Tyranitar
|-supereffective|p1a: Tyranitar
|-damage|p1a: Tyranitar|0 fnt
|faint|p1a: Tyranitar
|
|-weather|Sandstorm|[upkeep]
|upkeep
|
|t:|1743761107
|switch|p1a: Alakazam|Alakazam, M|100/100
|turn|22
|
|t:|1743761111
|move|p1a: Alakazam|Signal Beam|p2a: Jirachi
|-damage|p2a: Jirachi|0 fnt
|faint|p2a: Jirachi
|
|-weather|Sandstorm|[upkeep]
|upkeep
|
|t:|1743761114
|switch|p2a: Scizor|Scizor, F|100/100
|-damage|p2a: Scizor|88/100|[from] Stealth Rock
|-damage|p2a: Scizor|75/100|[from] Spikes
|turn|23
|
|t:|1743761119
|move|p2a: Scizor|Bullet Punch|p1a: Alakazam
|-enditem|p1a: Alakazam|Focus Sash
|-damage|p1a: Alakazam|1/100
|-damage|p2a: Scizor|66/100|[from] item: Life Orb
|move|p1a: Alakazam|Focus Blast|p2a: Scizor
|-damage|p2a: Scizor|14/100
|-unboost|p2a: Scizor|spd|1
|
|-weather|Sandstorm|[upkeep]
|upkeep
|turn|24
|
|t:|1743761130
|switch|p1a: Amoonguss|Amoonguss, M|83/100
|-damage|p1a: Amoonguss|71/100|[from] Stealth Rock
|move|p2a: Scizor|Bullet Punch|p1a: Amoonguss
|-damage|p1a: Amoonguss|27/100
|-damage|p2a: Scizor|4/100|[from] item: Life Orb
|
|-weather|Sandstorm|[upkeep]
|-damage|p1a: Amoonguss|21/100|[from] Sandstorm
|-heal|p1a: Amoonguss|27/100|[from] item: Black Sludge
|upkeep
|turn|25
|
|t:|1743761139
|switch|p1a: Gliscor|Gliscor, M|35/100 tox
|-damage|p1a: Gliscor|22/100 tox|[from] Stealth Rock
|move|p2a: Scizor|Bullet Punch|p1a: Gliscor
|-damage|p1a: Gliscor|0 fnt
|faint|p1a: Gliscor
|-damage|p2a: Scizor|0 fnt|[from] item: Life Orb
|faint|p2a: Scizor
|
|-weather|Sandstorm|[upkeep]
|upkeep
|
|t:|1743761147
|switch|p1a: Alakazam|Alakazam, M|1/100
|switch|p2a: Gyarados|Gyarados, M, shiny|100/100
|-damage|p2a: Gyarados|75/100|[from] Stealth Rock
|-ability|p2a: Gyarados|Intimidate|boost
|-unboost|p1a: Alakazam|atk|1
|turn|26
|
|t:|1743761150
|move|p1a: Alakazam|Psychic|p2a: Gyarados
|-damage|p2a: Gyarados|24/100
|move|p2a: Gyarados|Dragon Dance|p2a: Gyarados
|-boost|p2a: Gyarados|atk|1
|-boost|p2a: Gyarados|spe|1
|
|-weather|Sandstorm|[upkeep]
|-damage|p2a: Gyarados|18/100|[from] Sandstorm
|-heal|p2a: Gyarados|24/100|[from] item: Leftovers
|upkeep
|turn|27
|
|t:|1743761158
|move|p2a: Gyarados|Earthquake|p1a: Alakazam
|-damage|p1a: Alakazam|0 fnt
|faint|p1a: Alakazam
|
|-weather|Sandstorm|[upkeep]
|-damage|p2a: Gyarados|18/100|[from] Sandstorm
|-heal|p2a: Gyarados|24/100|[from] item: Leftovers
|upkeep
|
|t:|1743761165
|switch|p1a: Amoonguss|Amoonguss, M|61/100
|-damage|p1a: Amoonguss|48/100|[from] Stealth Rock
|turn|28
|
|t:|1743761168
|move|p2a: Gyarados|Ice Fang|p1a: Amoonguss
|-supereffective|p1a: Amoonguss
|-damage|p1a: Amoonguss|0 fnt
|faint|p1a: Amoonguss
|
|-weather|Sandstorm|[upkeep]
|-damage|p2a: Gyarados|18/100|[from] Sandstorm
|-heal|p2a: Gyarados|24/100|[from] item: Leftovers
|upkeep
|
|t:|1743761170
|switch|p1a: Excadrill|Excadrill, F|100/100
|-damage|p1a: Excadrill|97/100|[from] Stealth Rock
|turn|29
|
|t:|1743761172
|move|p1a: Excadrill|Iron Head|p2a: Gyarados
|-resisted|p2a: Gyarados
|-crit|p2a: Gyarados
|-damage|p2a: Gyarados|0 fnt
|faint|p2a: Gyarados
|
|-weather|Sandstorm|[upkeep]
|upkeep
|
|t:|1743761177
|switch|p2a: Starmie|Starmie, shiny|58/100
|-damage|p2a: Starmie|46/100|[from] Stealth Rock
|-damage|p2a: Starmie|33/100|[from] Spikes
|turn|30
|
|t:|1743761179
|move|p1a: Excadrill|Iron Head|p2a: Starmie
|-resisted|p2a: Starmie
|-damage|p2a: Starmie|0 fnt
|faint|p2a: Starmie
|
|-weather|Sandstorm|[upkeep]
|upkeep
|
|t:|1743761181
|switch|p2a: Celebi|Celebi|85/100
|-damage|p2a: Celebi|73/100|[from] Stealth Rock
|-damage|p2a: Celebi|61/100|[from] Spikes
|turn|31
|
|t:|1743761183
|move|p1a: Excadrill|Iron Head|p2a: Celebi
|-damage|p2a: Celebi|11/100
|move|p2a: Celebi|Recover|p2a: Celebi
|-heal|p2a: Celebi|61/100
|
|-weather|Sandstorm|[upkeep]
|-damage|p2a: Celebi|55/100|[from] Sandstorm
|-heal|p2a: Celebi|61/100|[from] item: Leftovers
|upkeep
|turn|32
|
|t:|1743761185
|move|p1a: Excadrill|Iron Head|p2a: Celebi
|-damage|p2a: Celebi|9/100
|move|p2a: Celebi|Recover|p2a: Celebi
|-heal|p2a: Celebi|59/100
|
|-weather|Sandstorm|[upkeep]
|-damage|p2a: Celebi|53/100|[from] Sandstorm
|-heal|p2a: Celebi|59/100|[from] item: Leftovers
|upkeep
|turn|33
|
|t:|1743761191
|move|p1a: Excadrill|Iron Head|p2a: Celebi
|-damage|p2a: Celebi|5/100
|move|p2a: Celebi|Giga Drain|p1a: Excadrill
|-damage|p1a: Excadrill|63/100
|-heal|p2a: Celebi|20/100|[from] drain|[of] p1a: Excadrill
|
|-weather|Sandstorm|[upkeep]
|-damage|p2a: Celebi|14/100|[from] Sandstorm
|-heal|p2a: Celebi|20/100|[from] item: Leftovers
|upkeep
|turn|34
|
|t:|1743761194
|move|p1a: Excadrill|Iron Head|p2a: Celebi
|-damage|p2a: Celebi|0 fnt
|faint|p2a: Celebi
|
|win|cdrgcde
|raw|cdrgcde's rating: 1367 &rarr; <strong>1393</strong><br />(+26 for winning)
|raw|baixiaohen's rating: 1481 &rarr; <strong>1455</strong><br />(-26 for losing)
|l|☆cdrgcde
|player|p1|
|j| lzgboys
