|j|☆CasinoTime
|j|☆Croaset
|t:|1707082325
|gametype|singles
|player|p1|CasinoTime|petrel|1389
|player|p2|Croaset|elesa|1515
|teamsize|p1|6
|teamsize|p2|6
|gen|5
|tier|[Gen 5] OU
|rated|
|rule|Species Clause: Limit one of each Pokémon
|rule|OHKO Clause: OHKO moves are banned
|rule|Moody Clause: Moody is banned
|rule|Evasion Items Clause: Evasion items are banned
|rule|Evasion Moves Clause: Evasion moves are banned
|rule|Endless Battle Clause: Forcing endless battles is banned
|rule|HP Percentage Mod: HP is shown in percentages
|rule|Evasion Abilities Clause: Evasion abilities are banned
|rule|Sleep Moves Clause: Sleep-inducing moves are banned
|rule|Swagger Clause: Swagger is banned
|rule|Baton Pass Stat Clause: No Baton Passer may have a way to boost its stats
|clearpoke
|poke|p1|Cloyster, F|item
|poke|p1|Latios, M|item
|poke|p1|Keldeo|item
|poke|p1|Scizor, M|item
|poke|p1|Breloom, M|item
|poke|p1|Garchomp, F|item
|poke|p2|Tyranitar, F|item
|poke|p2|Landorus-Therian, M|item
|poke|p2|Terrakion|item
|poke|p2|Celebi|item
|poke|p2|Excadrill, M|item
|poke|p2|Keldeo|item
|teampreview
|inactive|Battle timer is ON: inactive players will automatically lose when time's up. (requested by CasinoTime)
|inactive|CasinoTime has 120 seconds left.
|
|t:|1707082361
|start
|switch|p1a: Scizor|Scizor, M|100/100
|switch|p2a: Scary Monsters|Landorus-Therian, M|100/100
|-ability|p2a: Scary Monsters|Intimidate|boost
|-unboost|p1a: Scizor|atk|1
|turn|1
|
|t:|1707082375
|move|p2a: Scary Monsters|Stealth Rock|p1a: Scizor
|-sidestart|p1: CasinoTime|move: Stealth Rock
|move|p1a: Scizor|U-turn|p2a: Scary Monsters
|-resisted|p2a: Scary Monsters
|-damage|p2a: Scary Monsters|83/100
|-damage|p1a: Scizor|91/100|[from] item: Life Orb
|
|t:|1707082395
|switch|p1a: Latios|Latios, M|100/100|[from] U-turn
|-damage|p1a: Latios|88/100|[from] Stealth Rock
|
|-heal|p2a: Scary Monsters|89/100|[from] item: Leftovers
|upkeep
|turn|2
|
|t:|1707082397
|switch|p2a: Heavy Weather|Tyranitar, F|100/100
|-weather|Sandstorm|[from] ability: Sand Stream|[of] p2a: Heavy Weather
|move|p1a: Latios|Draco Meteor|p2a: Heavy Weather
|-crit|p2a: Heavy Weather
|-damage|p2a: Heavy Weather|40/100
|-unboost|p1a: Latios|spa|2
|
|-weather|Sandstorm|[upkeep]
|-damage|p1a: Latios|82/100|[from] Sandstorm
|upkeep
|turn|3
|
|t:|1707082402
|move|p1a: Latios|Reflect|p1a: Latios
|-sidestart|p1: CasinoTime|Reflect
|move|p2a: Heavy Weather|Pursuit|p1a: Latios
|-supereffective|p1a: Latios
|-damage|p1a: Latios|57/100
|
|-weather|Sandstorm|[upkeep]
|-damage|p1a: Latios|51/100|[from] Sandstorm
|upkeep
|turn|4
|
|t:|1707082406
|move|p1a: Latios|Light Screen|p1a: Latios
|-sidestart|p1: CasinoTime|move: Light Screen
|move|p2a: Heavy Weather|Pursuit|p1a: Latios
|-supereffective|p1a: Latios
|-crit|p1a: Latios
|-damage|p1a: Latios|0 fnt
|faint|p1a: Latios
|
|-weather|Sandstorm|[upkeep]
|upkeep
|
|t:|1707082414
|switch|p1a: Garchomp|Garchomp, F|100/100
|-damage|p1a: Garchomp|94/100|[from] Stealth Rock
|turn|5
|
|t:|1707082428
|switch|p2a: Scary Monsters|Landorus-Therian, M|89/100
|-ability|p2a: Scary Monsters|Intimidate|boost
|-unboost|p1a: Garchomp|atk|1
|move|p1a: Garchomp|Stealth Rock|p2a: Scary Monsters
|-sidestart|p2: Croaset|move: Stealth Rock
|
|-weather|Sandstorm|[upkeep]
|-heal|p2a: Scary Monsters|95/100|[from] item: Leftovers
|upkeep
|turn|6
|
|t:|1707082439
|move|p1a: Garchomp|Draco Meteor|p2a: Scary Monsters
|-damage|p2a: Scary Monsters|19/100
|-unboost|p1a: Garchomp|spa|2
|-damage|p1a: Garchomp|85/100|[from] item: Life Orb
|move|p2a: Scary Monsters|Hidden Power|p1a: Garchomp
|-supereffective|p1a: Garchomp
|-damage|p1a: Garchomp|45/100
|
|-weather|Sandstorm|[upkeep]
|-heal|p2a: Scary Monsters|25/100|[from] item: Leftovers
|upkeep
|turn|7
|
|t:|1707082464
|switch|p2a: Heavy Weather|Tyranitar, F|40/100
|-damage|p2a: Heavy Weather|28/100|[from] Stealth Rock
|move|p1a: Garchomp|Draco Meteor|p2a: Heavy Weather
|-damage|p2a: Heavy Weather|12/100
|-unboost|p1a: Garchomp|spa|2
|-damage|p1a: Garchomp|35/100|[from] item: Life Orb
|
|-weather|Sandstorm|[upkeep]
|upkeep
|turn|8
|
|t:|1707082477
|move|p1a: Garchomp|Earthquake|p2a: Heavy Weather
|-supereffective|p2a: Heavy Weather
|-damage|p2a: Heavy Weather|0 fnt
|faint|p2a: Heavy Weather
|-damage|p1a: Garchomp|25/100|[from] item: Life Orb
|
|-weather|Sandstorm|[upkeep]
|upkeep
|
|t:|1707082482
|switch|p2a: Made in Heaven|Keldeo|100/100
|-damage|p2a: Made in Heaven|94/100|[from] Stealth Rock
|turn|9
|
|t:|1707082493
|switch|p1a: Scizor|Scizor, M|91/100
|-damage|p1a: Scizor|78/100|[from] Stealth Rock
|move|p2a: Made in Heaven|Icy Wind|p1a: Scizor
|-resisted|p1a: Scizor
|-damage|p1a: Scizor|73/100
|-unboost|p1a: Scizor|spe|1
|
|-weather|Sandstorm|[upkeep]
|-damage|p2a: Made in Heaven|88/100|[from] Sandstorm
|-heal|p2a: Made in Heaven|94/100|[from] item: Leftovers
|upkeep
|turn|10
|
|t:|1707082505
|switch|p2a: Ball Breaker|Excadrill, M|100/100
|-damage|p2a: Ball Breaker|97/100|[from] Stealth Rock
|-ability|p2a: Ball Breaker|Mold Breaker
|move|p1a: Scizor|Swords Dance|p1a: Scizor
|-boost|p1a: Scizor|atk|2
|
|-weather|Sandstorm|[upkeep]
|-heal|p2a: Ball Breaker|100/100|[from] item: Leftovers
|-sideend|p1: CasinoTime|Reflect
|upkeep
|turn|11
|
|t:|1707082520
|move|p2a: Ball Breaker|Earthquake|p1a: Scizor
|-damage|p1a: Scizor|18/100
|move|p1a: Scizor|U-turn|p2a: Ball Breaker
|-resisted|p2a: Ball Breaker
|-damage|p2a: Ball Breaker|23/100
|-damage|p1a: Scizor|8/100|[from] item: Life Orb
|
|t:|1707082542
|switch|p1a: Cloyster|Cloyster, F|100/100|[from] U-turn
|-damage|p1a: Cloyster|76/100|[from] Stealth Rock
|
|-weather|Sandstorm|[upkeep]
|-damage|p1a: Cloyster|69/100|[from] Sandstorm
|-heal|p2a: Ball Breaker|29/100|[from] item: Leftovers
|-sideend|p1: CasinoTime|move: Light Screen
|upkeep
|turn|12
|
|t:|1707082556
|move|p2a: Ball Breaker|Rock Slide|p1a: Cloyster
|-supereffective|p1a: Cloyster
|-damage|p1a: Cloyster|20/100
|move|p1a: Cloyster|Shell Smash|p1a: Cloyster
|-unboost|p1a: Cloyster|def|1
|-unboost|p1a: Cloyster|spd|1
|-boost|p1a: Cloyster|atk|2
|-boost|p1a: Cloyster|spa|2
|-boost|p1a: Cloyster|spe|2
|
|-weather|Sandstorm|[upkeep]
|-damage|p1a: Cloyster|13/100|[from] Sandstorm
|-heal|p2a: Ball Breaker|35/100|[from] item: Leftovers
|upkeep
|turn|13
|
|t:|1707082563
|move|p1a: Cloyster|Icicle Spear|p2a: Ball Breaker
|-damage|p2a: Ball Breaker|0 fnt
|faint|p2a: Ball Breaker
|-hitcount|p2: Ball Breaker|1
|-damage|p1a: Cloyster|3/100|[from] item: Life Orb
|
|-weather|Sandstorm|[upkeep]
|-damage|p1a: Cloyster|0 fnt|[from] Sandstorm
|faint|p1a: Cloyster
|upkeep
|
|t:|1707082573
|switch|p2a: Scary Monsters|Landorus-Therian, M|25/100
|switch|p1a: Keldeo|Keldeo|100/100
|-damage|p1a: Keldeo|94/100|[from] Stealth Rock
|-damage|p2a: Scary Monsters|13/100|[from] Stealth Rock
|-ability|p2a: Scary Monsters|Intimidate|boost
|-unboost|p1a: Keldeo|atk|1
|turn|14
|
|t:|1707082579
|move|p1a: Keldeo|Secret Sword|p2a: Scary Monsters
|-resisted|p2a: Scary Monsters
|-damage|p2a: Scary Monsters|0 fnt
|faint|p2a: Scary Monsters
|
|-weather|Sandstorm|[upkeep]
|-damage|p1a: Keldeo|88/100|[from] Sandstorm
|-heal|p1a: Keldeo|94/100|[from] item: Leftovers
|upkeep
|
|t:|1707082581
|switch|p2a: Green Green Grass|Celebi|100/100
|-damage|p2a: Green Green Grass|88/100|[from] Stealth Rock
|turn|15
|
|t:|1707082584
|move|p1a: Keldeo|Substitute|p1a: Keldeo
|-start|p1a: Keldeo|Substitute
|-damage|p1a: Keldeo|70/100
|move|p2a: Green Green Grass|Substitute|p2a: Green Green Grass
|-start|p2a: Green Green Grass|Substitute
|-damage|p2a: Green Green Grass|63/100
|
|-weather|Sandstorm|[upkeep]
|-damage|p1a: Keldeo|63/100|[from] Sandstorm
|-damage|p2a: Green Green Grass|57/100|[from] Sandstorm
|-heal|p1a: Keldeo|70/100|[from] item: Leftovers
|-heal|p2a: Green Green Grass|63/100|[from] item: Leftovers
|upkeep
|turn|16
|
|t:|1707082589
|move|p1a: Keldeo|Calm Mind|p1a: Keldeo
|-boost|p1a: Keldeo|spa|1
|-boost|p1a: Keldeo|spd|1
|move|p2a: Green Green Grass|Psychic|p1a: Keldeo
|-supereffective|p1a: Keldeo
|-end|p1a: Keldeo|Substitute
|
|-weather|Sandstorm|[upkeep]
|-damage|p1a: Keldeo|63/100|[from] Sandstorm
|-damage|p2a: Green Green Grass|57/100|[from] Sandstorm
|-heal|p1a: Keldeo|70/100|[from] item: Leftovers
|-heal|p2a: Green Green Grass|63/100|[from] item: Leftovers
|upkeep
|turn|17
|
|t:|1707082595
|move|p1a: Keldeo|Calm Mind|p1a: Keldeo
|-boost|p1a: Keldeo|spa|1
|-boost|p1a: Keldeo|spd|1
|move|p2a: Green Green Grass|Psychic|p1a: Keldeo
|-supereffective|p1a: Keldeo
|-damage|p1a: Keldeo|34/100
|
|-weather|Sandstorm|[upkeep]
|-damage|p1a: Keldeo|28/100|[from] Sandstorm
|-damage|p2a: Green Green Grass|57/100|[from] Sandstorm
|-heal|p1a: Keldeo|34/100|[from] item: Leftovers
|-heal|p2a: Green Green Grass|63/100|[from] item: Leftovers
|upkeep
|turn|18
|
|t:|1707082602
|move|p1a: Keldeo|Calm Mind|p1a: Keldeo
|-boost|p1a: Keldeo|spa|1
|-boost|p1a: Keldeo|spd|1
|move|p2a: Green Green Grass|Psychic|p1a: Keldeo
|-supereffective|p1a: Keldeo
|-damage|p1a: Keldeo|6/100
|
|-weather|Sandstorm|[upkeep]
|-damage|p1a: Keldeo|0 fnt|[from] Sandstorm
|-damage|p2a: Green Green Grass|57/100|[from] Sandstorm
|faint|p1a: Keldeo
|-heal|p2a: Green Green Grass|63/100|[from] item: Leftovers
|upkeep
|
|t:|1707082611
|switch|p1a: Garchomp|Garchomp, F|25/100
|-damage|p1a: Garchomp|19/100|[from] Stealth Rock
|turn|19
|
|t:|1707082624
|move|p1a: Garchomp|Fire Blast|p2a: Green Green Grass|[miss]
|-miss|p1a: Garchomp|p2a: Green Green Grass
|move|p2a: Green Green Grass|Baton Pass|p2a: Green Green Grass
|
|t:|1707082626
|switch|p2a: Made in Heaven|Keldeo|94/100|[from] Baton Pass
|-damage|p2a: Made in Heaven|88/100|[from] Stealth Rock
|
|-weather|Sandstorm|[upkeep]
|-damage|p2a: Made in Heaven|82/100|[from] Sandstorm
|-heal|p2a: Made in Heaven|88/100|[from] item: Leftovers
|upkeep
|turn|20
|
|t:|1707082630
|move|p2a: Made in Heaven|Secret Sword|p1a: Garchomp
|-damage|p1a: Garchomp|0 fnt
|faint|p1a: Garchomp
|
|-weather|Sandstorm|[upkeep]
|-damage|p2a: Made in Heaven|82/100|[from] Sandstorm
|-heal|p2a: Made in Heaven|88/100|[from] item: Leftovers
|upkeep
|-message|CasinoTime forfeited.
|
|win|Croaset
|raw|CasinoTime's rating: 1389 &rarr; <strong>1376</strong><br />(-13 for losing)
|raw|Croaset's rating: 1515 &rarr; <strong>1528</strong><br />(+13 for winning)
|l|☆CasinoTime
|player|p1|
