|join|Chellison
|join|manectriclol
|player|p1|Chellison|240
|player|p2|manectriclol|169
|gametype|singles
|gen|5
|tier|[Gen 5] OU
|rated
|rule|Evasion Abilities Clause: Evasion abilities are banned
|clearpoke
|poke|p1|Latias, F
|poke|p1|Heatran, F
|poke|p1|Dugtrio, M
|poke|p1|Venusaur, M
|poke|p1|Forretress, F
|poke|p1|Ninetales, F
|poke|p2|Gliscor, M, shiny
|poke|p2|Snorlax, F, shiny
|poke|p2|Latios, M, shiny
|poke|p2|Gengar, F
|poke|p2|Metagross
|poke|p2|Keldeo, shiny
|rule|Sleep Clause Mod: Limit one foe put to sleep
|rule|Species Clause: Limit one of each Pokemon
|rule|OHKO Clause: OHKO moves are banned
|rule|Moody Clause: Moody is banned
|rule|Evasion Moves Clause: Evasion moves are banned
|rule|Endless Battle Clause: Forcing endless battles is banned.
|rule|HP Percentage Mod: HP is reported as percentages
|teampreview
|chat|manectriclol|gl
|
|start
|switch|p1a: Ninetales|Ninetales, F|349/349
|switch|p2a: Legend|Latios, M, shiny|302/302
|-weather|SunnyDay|[from] ability: Drought|[of] p1a: Ninetales
|turn|1
|chat|Chellison|gl
|
|move|p2a: Legend|Draco Meteor|p1a: Ninetales
|-damage|p1a: Ninetales|88/349
|-unboost|p2a: Legend|spa|2
|-damage|p2a: Legend|272/302|[from] item: Life Orb
|move|p1a: Ninetales|Will-O-Wisp|p2a: Legend
|-status|p2a: Legend|brn
|
|-weather|SunnyDay|[upkeep]
|-heal|p1a: Ninetales|109/349|[from] item: Leftovers
|-damage|p2a: Legend|235/302 brn|[from] brn
|turn|2
|
|switch|p1a: Heatran|Heatran, F|337/337
|move|p2a: Legend|Draco Meteor|p1a: Heatran
|-resisted|p1a: Heatran
|-damage|p1a: Heatran|266/337
|-unboost|p2a: Legend|spa|2
|-damage|p2a: Legend|205/302 brn|[from] item: Life Orb
|
|-weather|SunnyDay|[upkeep]
|-heal|p1a: Heatran|287/337|[from] item: Leftovers
|-damage|p2a: Legend|168/302 brn|[from] brn
|turn|3
|
|switch|p2a: Overused|Keldeo, shiny|323/323
|move|p1a: Heatran|Magma Storm|p2a: Overused
|-resisted|p2a: Overused
|-damage|p2a: Overused|155/323
|-activate|p2a: Overused|move: Magma Storm|[of] p1a: Heatran
|
|-weather|SunnyDay|[upkeep]
|-heal|p1a: Heatran|308/337|[from] item: Leftovers
|-damage|p2a: Overused|135/323|[from] move: Magma Storm|[partiallytrapped]
|turn|4
|
|switch|p1a: Venusaur|Venusaur, M|326/326
|move|p2a: Overused|Icy Wind|p1a: Venusaur
|-supereffective|p1a: Venusaur
|-damage|p1a: Venusaur|190/326
|-unboost|p1a: Venusaur|spe|1
|
|-weather|SunnyDay|[upkeep]
|-heal|p1a: Venusaur|210/326|[from] item: Leftovers
|-end|p2a: Overused|Magma Storm|[partiallytrapped]
|turn|5
|
|move|p1a: Venusaur|Energy Ball|p2a: Overused
|-supereffective|p2a: Overused
|-damage|p2a: Overused|0 fnt
|faint|p2a: Overused
|
|-weather|SunnyDay|[upkeep]
|-heal|p1a: Venusaur|230/326|[from] item: Leftovers
|chat|manectriclol|gigarain better lol
|chat|Chellison|yea good shout
|
|switch|p2a: I'm thin|Snorlax, F, shiny|463/463
|turn|6
|
|move|p1a: Venusaur|Sleep Powder|p2a: I'm thin
|-status|p2a: I'm thin|slp
|cant|p2a: I'm thin|slp
|
|-weather|SunnyDay|[upkeep]
|-heal|p1a: Venusaur|250/326|[from] item: Leftovers
|turn|7
|
|switch|p1a: Forretress|Forretress, F|351/351
|-curestatus|p2a: I'm thin|slp
|move|p2a: I'm thin|Fire Punch|p1a: Forretress
|-supereffective|p1a: Forretress
|-activate|p1a: Forretress|Sturdy
|-damage|p1a: Forretress|1/351
|
|-weather|SunnyDay|[upkeep]
|-heal|p1a: Forretress|22/351|[from] item: Leftovers
|turn|8
|
|switch|p2a: Annoy you|Gliscor, M, shiny|354/354
|move|p1a: Forretress|Toxic Spikes|p2a: Annoy you
|-sidestart|p2: manectriclol|move: Toxic Spikes
|
|-weather|SunnyDay|[upkeep]
|-heal|p1a: Forretress|43/351|[from] item: Leftovers
|-status|p2a: Annoy you|tox|[from] item: Toxic Orb
|turn|9
|
|move|p2a: Annoy you|Taunt|p1a: Forretress
|-start|p1a: Forretress|move: Taunt
|move|p1a: Forretress|Hidden Power|p2a: Annoy you
|-supereffective|p2a: Annoy you
|-damage|p2a: Annoy you|154/354 tox
|
|-weather|SunnyDay|[upkeep]
|-heal|p1a: Forretress|64/351|[from] item: Leftovers
|-heal|p2a: Annoy you|198/354 tox|[from] ability: Poison Heal
|turn|10
|
|move|p2a: Annoy you|Earthquake|p1a: Forretress
|-damage|p1a: Forretress|0 fnt
|faint|p1a: Forretress
|
|-weather|SunnyDay|[upkeep]
|-heal|p2a: Annoy you|242/354 tox|[from] ability: Poison Heal
|
|switch|p1a: Heatran|Heatran, F|308/337
|turn|11
|
|move|p2a: Annoy you|Earthquake|p1a: Heatran
|-supereffective|p1a: Heatran
|-damage|p1a: Heatran|0 fnt
|faint|p1a: Heatran
|
|-weather|SunnyDay|[upkeep]
|-heal|p2a: Annoy you|286/354 tox|[from] ability: Poison Heal
|chat|manectriclol|no scarf?
|
|switch|p1a: Latias|Latias, F|364/364
|turn|12
|chat|Chellison|thought i was quicker
|chat|Chellison|without
|chat|manectriclol|ok
|
|move|p2a: Annoy you|Stealth Rock|p1a: Latias
|-sidestart|p1: Chellison|move: Stealth Rock
|move|p1a: Latias|Substitute|p1a: Latias
|-start|p1a: Latias|Substitute
|-damage|p1a: Latias|273/364
|
|-weather|SunnyDay|[upkeep]
|-heal|p1a: Latias|295/364|[from] item: Leftovers
|-heal|p2a: Annoy you|330/354 tox|[from] ability: Poison Heal
|turn|13
|
|move|p2a: Annoy you|Taunt|p1a: Latias
|-start|p1a: Latias|move: Taunt
|cant|p1a: Latias|move: Taunt|Calm Mind
|
|-weather|SunnyDay|[upkeep]
|-heal|p1a: Latias|317/364|[from] item: Leftovers
|-heal|p2a: Annoy you|354/354 tox|[from] ability: Poison Heal
|turn|14
|
|move|p2a: Annoy you|Ice Fang|p1a: Latias
|-supereffective|p1a: Latias
|-activate|p1a: Latias|Substitute|[damage]
|move|p1a: Latias|Dragon Pulse|p2a: Annoy you
|-damage|p2a: Annoy you|219/354 tox
|
|-weather|SunnyDay|[upkeep]
|-heal|p1a: Latias|339/364|[from] item: Leftovers
|-heal|p2a: Annoy you|263/354 tox|[from] ability: Poison Heal
|turn|15
|
|move|p2a: Annoy you|Ice Fang|p1a: Latias
|-supereffective|p1a: Latias
|-end|p1a: Latias|Substitute
|move|p1a: Latias|Dragon Pulse|p2a: Annoy you
|-damage|p2a: Annoy you|121/354 tox
|
|-weather|SunnyDay|[upkeep]
|-heal|p1a: Latias|361/364|[from] item: Leftovers
|-heal|p2a: Annoy you|165/354 tox|[from] ability: Poison Heal
|-end|p1a: Latias|move: Taunt
|turn|16
|
|move|p2a: Annoy you|Taunt|p1a: Latias
|-start|p1a: Latias|move: Taunt
|move|p1a: Latias|Dragon Pulse|p2a: Annoy you
|-damage|p2a: Annoy you|27/354 tox
|
|-weather|SunnyDay|[upkeep]
|-heal|p1a: Latias|364/364|[from] item: Leftovers
|-heal|p2a: Annoy you|71/354 tox|[from] ability: Poison Heal
|turn|17
|
|move|p2a: Annoy you|Ice Fang|p1a: Latias
|-supereffective|p1a: Latias
|-damage|p1a: Latias|274/364
|move|p1a: Latias|Dragon Pulse|p2a: Annoy you
|-damage|p2a: Annoy you|0 fnt
|faint|p2a: Annoy you
|
|-weather|SunnyDay|[upkeep]
|-heal|p1a: Latias|296/364|[from] item: Leftovers
|
|switch|p2a: Superbrain|Metagross|359/359
|turn|18
|
|switch|p1a: Ninetales|Ninetales, F|109/349
|-damage|p1a: Ninetales|22/349|[from] Stealth Rock
|move|p2a: Superbrain|Ice Punch|p1a: Ninetales
|-resisted|p1a: Ninetales
|-damage|p1a: Ninetales|0 fnt
|faint|p1a: Ninetales
|
|-weather|SunnyDay|[upkeep]
|
|switch|p1a: Dugtrio|Dugtrio, M|211/211
|-damage|p1a: Dugtrio|198/211|[from] Stealth Rock
|turn|19
|
|move|p1a: Dugtrio|Earthquake|p2a: Superbrain
|-supereffective|p2a: Superbrain
|-enditem|p2a: Superbrain|Shuca Berry|[eat]
|-damage|p2a: Superbrain|247/359
|move|p2a: Superbrain|Ice Punch|p1a: Dugtrio
|-supereffective|p1a: Dugtrio
|-damage|p1a: Dugtrio|0 fnt
|faint|p1a: Dugtrio
|
|-weather|SunnyDay|[upkeep]
|
|switch|p1a: Latias|Latias, F|296/364
|-damage|p1a: Latias|251/364|[from] Stealth Rock
|turn|20
|
|move|p1a: Latias|Calm Mind|p1a: Latias
|-boost|p1a: Latias|spa|1
|-boost|p1a: Latias|spd|1
|move|p2a: Superbrain|Ice Punch|p1a: Latias
|-supereffective|p1a: Latias
|-damage|p1a: Latias|99/364
|
|-weather|SunnyDay|[upkeep]
|-heal|p1a: Latias|121/364|[from] item: Leftovers
|turn|21
|
|switch|p2a: Spinblock|Gengar, F|261/261
|move|p1a: Latias|Recover|p1a: Latias
|-heal|p1a: Latias|303/364
|
|-weather|SunnyDay|[upkeep]
|-heal|p1a: Latias|325/364|[from] item: Leftovers
|turn|22
|
|move|p2a: Spinblock|Trick|p1a: Latias
|-activate|p2a: Spinblock|move: Trick|[of] p1a: Latias
|-item|p1a: Latias|Choice Scarf|[from] move: Trick
|-item|p2a: Spinblock|Leftovers|[from] move: Trick
|move|p1a: Latias|Calm Mind|p1a: Latias
|-boost|p1a: Latias|spa|1
|-boost|p1a: Latias|spd|1
|
|-weather|SunnyDay|[upkeep]
|turn|23
|chat|Chellison|gg
|-message|Chellison forfeited.
|
|win|manectriclol
|raw|Ladder updating...
|chat|manectriclol|gg
|leave|Chellison
|player|p1
|raw|Chellison's rating: 1342 &rarr; <strong>1321</strong><br />(-21 for losing)
|raw|manectriclol's rating: 1320 &rarr; <strong>1341</strong><br />(+21 for winning)