|j|☆baixiaohen
|j|☆BestJingjing
|t:|1746702222
|gametype|singles
|player|p1|baixiaohen|n|1496
|player|p2|BestJingjing|dawn|1320
|teamsize|p1|6
|teamsize|p2|6
|gen|5
|tier|[Gen 5] OU
|rated|
|rule|Species Clause: Limit one of each Pokémon
|rule|OHKO Clause: OHKO moves are banned
|rule|Moody Clause: Moody is banned
|rule|Evasion Items Clause: Evasion items are banned
|rule|Evasion Moves Clause: Evasion moves are banned
|rule|Endless Battle Clause: Forcing endless battles is banned
|rule|HP Percentage Mod: HP is shown in percentages
|rule|Evasion Abilities Clause: Evasion abilities are banned
|rule|Sleep Moves Clause: Sleep-inducing moves are banned
|rule|Swagger Clause: Swagger is banned
|rule|Baton Pass Stat Clause: No Baton Passer may have a way to boost its stats
|clearpoke
|poke|p1|Latios, M|item
|poke|p1|Jirachi|item
|poke|p1|Starmie|item
|poke|p1|Dragonite, M|item
|poke|p1|Mamoswine, M|item
|poke|p1|Rotom-Wash|item
|poke|p2|Scizor, M|item
|poke|p2|Dragonite, M|item
|poke|p2|Starmie|item
|poke|p2|Metagross|item
|poke|p2|Mamoswine, F|item
|poke|p2|Lucario, M|item
|teampreview
|inactive|Battle timer is ON: inactive players will automatically lose when time's up. (requested by baixiaohen)
|
|t:|1746702233
|start
|switch|p1a: Rotom|Rotom-Wash|100/100
|switch|p2a: Metagross|Metagross, shiny|100/100
|turn|1
|
|t:|1746702236
|move|p1a: Rotom|Trick|p2a: Metagross
|-activate|p1a: Rotom|move: Trick|[of] p2a: Metagross
|-item|p2a: Metagross|Choice Scarf|[from] move: Trick
|-item|p1a: Rotom|Custap Berry|[from] move: Trick
|move|p2a: Metagross|Stealth Rock|p1a: Rotom
|-sidestart|p1: baixiaohen|move: Stealth Rock
|
|upkeep
|turn|2
|
|t:|1746702240
|switch|p2a: Starmie|Starmie|100/100
|move|p1a: Rotom|Volt Switch|p2a: Starmie
|-supereffective|p2a: Starmie
|-damage|p2a: Starmie|27/100
|
|t:|1746702250
|switch|p1a: Jirachi|Jirachi|100/100|[from] Volt Switch
|-damage|p1a: Jirachi|94/100|[from] Stealth Rock
|
|-heal|p1a: Jirachi|100/100|[from] item: Leftovers
|upkeep
|turn|3
|
|t:|1746702253
|move|p2a: Starmie|Hydro Pump|p1a: Jirachi|[miss]
|-miss|p2a: Starmie|p1a: Jirachi
|move|p1a: Jirachi|Body Slam|p2a: Starmie
|-damage|p2a: Starmie|0 fnt
|faint|p2a: Starmie
|
|upkeep
|
|t:|1746702258
|switch|p2a: Lucario|Lucario, M|100/100
|turn|4
|
|t:|1746702268
|move|p2a: Lucario|Swords Dance|p2a: Lucario
|-boost|p2a: Lucario|atk|2
|move|p1a: Jirachi|Body Slam|p2a: Lucario
|-resisted|p2a: Lucario
|-damage|p2a: Lucario|86/100
|-status|p2a: Lucario|par
|
|upkeep
|turn|5
|c|☆BestJingjing|玩你妈啊
|
|t:|1746702276
|move|p1a: Jirachi|Iron Head|p2a: Lucario
|-resisted|p2a: Lucario
|-damage|p2a: Lucario|64/100 par
|move|p2a: Lucario|Swords Dance|p2a: Lucario
|-boost|p2a: Lucario|atk|2
|
|upkeep
|turn|6
|
|t:|1746702281
|move|p1a: Jirachi|Iron Head|p2a: Lucario
|-resisted|p2a: Lucario
|-damage|p2a: Lucario|42/100 par
|move|p2a: Lucario|Close Combat|p1a: Jirachi
|-damage|p1a: Jirachi|0 fnt
|-unboost|p2a: Lucario|def|1
|-unboost|p2a: Lucario|spd|1
|faint|p1a: Jirachi
|-damage|p2a: Lucario|32/100 par|[from] item: Life Orb
|
|upkeep
|
|t:|1746702291
|switch|p1a: Mamoswine|Mamoswine, M|100/100
|-damage|p1a: Mamoswine|88/100|[from] Stealth Rock
|turn|7
|
|t:|1746702294
|move|p2a: Lucario|Extreme Speed|p1a: Mamoswine
|-damage|p1a: Mamoswine|0 fnt
|faint|p1a: Mamoswine
|-damage|p2a: Lucario|22/100 par|[from] item: Life Orb
|
|upkeep
|
|t:|1746702300
|switch|p1a: Rotom|Rotom-Wash|100/100
|-damage|p1a: Rotom|88/100|[from] Stealth Rock
|turn|8
|
|t:|1746702302
|move|p2a: Lucario|Extreme Speed|p1a: Rotom
|-damage|p1a: Rotom|8/100
|-damage|p2a: Lucario|13/100 par|[from] item: Life Orb
|move|p1a: Rotom|Volt Switch|p2a: Lucario
|-damage|p2a: Lucario|0 fnt
|faint|p2a: Lucario
|
|t:|1746702309
|switch|p1a: Starmie|Starmie|100/100|[from] Volt Switch
|-damage|p1a: Starmie|88/100|[from] Stealth Rock
|
|upkeep
|
|t:|1746702313
|switch|p2a: Metagross|Metagross, shiny|100/100
|turn|9
|
|t:|1746702315
|move|p1a: Starmie|Rapid Spin|p2a: Metagross
|-resisted|p2a: Metagross
|-crit|p2a: Metagross
|-damage|p2a: Metagross|98/100
|-sideend|p1: baixiaohen|Stealth Rock|[from] move: Rapid Spin|[of] p1a: Starmie
|-damage|p1a: Starmie|78/100|[from] item: Life Orb
|move|p2a: Metagross|Explosion|p1a: Starmie
|-damage|p1a: Starmie|0 fnt
|faint|p2a: Metagross
|faint|p1a: Starmie
|
|upkeep
|
|t:|1746702324
|switch|p1a: Latios|Latios, M|100/100
|switch|p2a: Dragonite|Dragonite, M|100/100
|turn|10
|
|t:|1746702328
|move|p2a: Dragonite|Extreme Speed|p1a: Latios
|-damage|p1a: Latios|33/100
|move|p1a: Latios|Trick|p2a: Dragonite
|-activate|p1a: Latios|move: Trick|[of] p2a: Dragonite
|-item|p2a: Dragonite|Choice Scarf|[from] move: Trick
|-item|p1a: Latios|Choice Band|[from] move: Trick
|
|upkeep
|turn|11
|
|t:|1746702340
|move|p2a: Dragonite|Dragon Claw|p1a: Latios
|-supereffective|p1a: Latios
|-crit|p1a: Latios
|-damage|p1a: Latios|0 fnt
|faint|p1a: Latios
|
|upkeep
|-message|baixiaohen forfeited.
|
|win|BestJingjing
|raw|baixiaohen's rating: 1496 &rarr; <strong>1467</strong><br />(-29 for losing)
|raw|BestJingjing's rating: 1320 &rarr; <strong>1349</strong><br />(+29 for winning)
|l|☆baixiaohen
|player|p1|
