|j|☆Weekend Wars
|j|☆TriKiwi
|player|p1|Weekend Wars|149
|player|p2|TriKiwi|197
|teamsize|p1|6
|teamsize|p2|6
|gametype|singles
|gen|5
|tier|[Gen 5] OU
|rated|
|rule|Sleep Clause Mod: Limit one foe put to sleep
|rule|Species Clause: Limit one of each Pokémon
|rule|OHKO Clause: OHKO moves are banned
|rule|Moody Clause: Moody is banned
|rule|Evasion Moves Clause: Evasion moves are banned
|rule|Endless Battle Clause: Forcing endless battles is banned
|rule|HP Percentage Mod: HP is shown in percentages
|rule|Evasion Abilities Clause: Evasion abilities are banned
|rule|Baton Pass Clause: Limit one Baton Passer, can't pass Spe and other stats simultaneously
|rule|Swagger Clause: Swagger is banned
|clearpoke
|poke|p1|Hippowdon, M|item
|poke|p1|Jirachi|item
|poke|p1|Amoonguss, M|item
|poke|p1|Starmie|item
|poke|p1|Chansey, F|item
|poke|p1|Salamence, F|item
|poke|p2|Keldeo-Resolute|item
|poke|p2|Jirachi|item
|poke|p2|Breloom, M|item
|poke|p2|Ferrothorn, M|item
|poke|p2|Politoed, M|item
|poke|p2|Excadrill, M|item
|teampreview
|
|start
|switch|p1a: Salamence|Salamence, F|100/100
|switch|p2a: Jirachi|Jirachi|100/100
|-ability|p1a: Salamence|Intimidate|boost
|-unboost|p2a: Jirachi|atk|1
|turn|1
|
|switch|p1a: Amoonguss|Amoonguss, M|100/100
|move|p2a: Jirachi|Icy Wind|p1a: Amoonguss
|-supereffective|p1a: Amoonguss
|-damage|p1a: Amoonguss|74/100
|-unboost|p1a: Amoonguss|spe|1
|
|-heal|p1a: Amoonguss|80/100|[from] item: Black Sludge
|upkeep
|turn|2
|
|move|p2a: Jirachi|Psychic|p1a: Amoonguss
|-supereffective|p1a: Amoonguss
|-damage|p1a: Amoonguss|17/100
|-unboost|p1a: Amoonguss|spd|1
|move|p1a: Amoonguss|Spore|p2a: Jirachi
|-status|p2a: Jirachi|slp
|
|-heal|p1a: Amoonguss|23/100|[from] item: Black Sludge
|upkeep
|turn|3
|
|switch|p1a: Salamence|Salamence, F|100/100
|-ability|p1a: Salamence|Intimidate|boost
|-unboost|p2a: Jirachi|atk|1
|cant|p2a: Jirachi|slp
|
|upkeep
|turn|4
|
|move|p1a: Salamence|Fire Blast|p2a: Jirachi|[miss]
|-miss|p1a: Salamence|p2a: Jirachi
|cant|p2a: Jirachi|slp
|
|upkeep
|turn|5
|
|move|p1a: Salamence|Fire Blast|p2a: Jirachi
|-supereffective|p2a: Jirachi
|-damage|p2a: Jirachi|33/100 slp
|-curestatus|p2a: Jirachi|slp|[msg]
|move|p2a: Jirachi|Icy Wind|p1a: Salamence
|-supereffective|p1a: Salamence
|-damage|p1a: Salamence|8/100
|-unboost|p1a: Salamence|spe|1
|
|-heal|p1a: Salamence|15/100|[from] item: Leftovers
|upkeep
|turn|6
|
|switch|p1a: Starmie|Starmie|100/100
|move|p2a: Jirachi|Stealth Rock|p1a: Starmie
|-sidestart|p1: Weekend Wars|move: Stealth Rock
|
|upkeep
|turn|7
|
|switch|p2a: Ferrothorn|Ferrothorn, M|100/100
|move|p1a: Starmie|Scald|p2a: Ferrothorn
|-resisted|p2a: Ferrothorn
|-crit|p2a: Ferrothorn
|-damage|p2a: Ferrothorn|83/100
|-status|p2a: Ferrothorn|brn
|
|-damage|p2a: Ferrothorn|71/100 brn|[from] brn
|upkeep
|turn|8
|
|move|p1a: Starmie|Magic Coat|p1a: Starmie
|-singleturn|p1a: Starmie|move: Magic Coat
|move|p2a: Ferrothorn|Power Whip|p1a: Starmie
|-supereffective|p1a: Starmie
|-damage|p1a: Starmie|58/100
|
|-heal|p1a: Starmie|64/100|[from] item: Leftovers
|-damage|p2a: Ferrothorn|58/100 brn|[from] brn
|upkeep
|turn|9
|
|move|p1a: Starmie|Rapid Spin|p2a: Ferrothorn
|-resisted|p2a: Ferrothorn
|-damage|p2a: Ferrothorn|57/100 brn
|-damage|p1a: Starmie|52/100|[from] ability: Iron Barbs|[of] p2a: Ferrothorn
|-damage|p1a: Starmie|35/100|[from] item: Rocky Helmet|[of] p2a: Ferrothorn
|-sideend|p1: Weekend Wars|Stealth Rock|[from] move: Rapid Spin|[of] p1a: Starmie
|move|p2a: Ferrothorn|Leech Seed|p1a: Starmie
|-start|p1a: Starmie|move: Leech Seed
|
|-heal|p1a: Starmie|42/100|[from] item: Leftovers
|-damage|p1a: Starmie|29/100|[from] Leech Seed|[of] p2a: Ferrothorn
|-heal|p2a: Ferrothorn|68/100 brn|[silent]
|-damage|p2a: Ferrothorn|56/100 brn|[from] brn
|upkeep
|turn|10
|
|move|p1a: Starmie|Recover|p1a: Starmie
|-heal|p1a: Starmie|79/100
|move|p2a: Ferrothorn|Spikes|p1a: Starmie
|-sidestart|p1: Weekend Wars|Spikes
|
|-heal|p1a: Starmie|86/100|[from] item: Leftovers
|-damage|p1a: Starmie|73/100|[from] Leech Seed|[of] p2a: Ferrothorn
|-heal|p2a: Ferrothorn|67/100 brn|[silent]
|-damage|p2a: Ferrothorn|54/100 brn|[from] brn
|upkeep
|turn|11
|
|switch|p1a: Amoonguss|Amoonguss, M|56/100
|-damage|p1a: Amoonguss|44/100|[from] Spikes
|move|p2a: Ferrothorn|Power Whip|p1a: Amoonguss
|-resisted|p1a: Amoonguss
|-damage|p1a: Amoonguss|39/100
|
|-heal|p1a: Amoonguss|45/100|[from] item: Black Sludge
|-damage|p2a: Ferrothorn|42/100 brn|[from] brn
|upkeep
|turn|12
|
|move|p1a: Amoonguss|Hidden Power|p2a: Ferrothorn
|-supereffective|p2a: Ferrothorn
|-damage|p2a: Ferrothorn|6/100 brn
|move|p2a: Ferrothorn|Spikes|p1a: Amoonguss
|-sidestart|p1: Weekend Wars|Spikes
|
|-heal|p1a: Amoonguss|52/100|[from] item: Black Sludge
|-damage|p2a: Ferrothorn|0 fnt|[from] brn
|upkeep
|faint|p2a: Ferrothorn
|
|switch|p2a: Jirachi|Jirachi|33/100
|turn|13
|
|switch|p1a: Starmie|Starmie|73/100
|-damage|p1a: Starmie|57/100|[from] Spikes
|move|p2a: Jirachi|Icy Wind|p1a: Starmie
|-resisted|p1a: Starmie
|-damage|p1a: Starmie|45/100
|-unboost|p1a: Starmie|spe|1
|
|-heal|p1a: Starmie|52/100|[from] item: Leftovers
|upkeep
|turn|14
|
|switch|p1a: Hippowdon|Hippowdon, M, shiny|100/100
|-damage|p1a: Hippowdon|84/100|[from] Spikes
|-weather|Sandstorm|[from] ability: Sand Stream|[of] p1a: Hippowdon
|move|p2a: Jirachi|Stealth Rock|p1a: Hippowdon
|-sidestart|p1: Weekend Wars|move: Stealth Rock
|
|-weather|Sandstorm|[upkeep]
|-heal|p1a: Hippowdon|90/100|[from] item: Leftovers
|upkeep
|turn|15
|
|switch|p2a: Breloom|Breloom, M|100/100
|move|p1a: Hippowdon|Earthquake|p2a: Breloom
|-resisted|p2a: Breloom
|-damage|p2a: Breloom|68/100
|
|-weather|Sandstorm|[upkeep]
|-damage|p2a: Breloom|62/100|[from] Sandstorm
|-heal|p1a: Hippowdon|96/100|[from] item: Leftovers
|upkeep
|turn|16
|
|switch|p1a: Jirachi|Jirachi|100/100
|-damage|p1a: Jirachi|94/100|[from] Stealth Rock
|-damage|p1a: Jirachi|78/100|[from] Spikes
|move|p2a: Breloom|Spore|p1a: Jirachi
|-status|p1a: Jirachi|slp
|
|-weather|Sandstorm|[upkeep]
|-damage|p2a: Breloom|56/100|[from] Sandstorm
|-heal|p1a: Jirachi|84/100 slp|[from] item: Leftovers
|upkeep
|turn|17
|
|move|p2a: Breloom|Low Sweep|p1a: Jirachi
|-damage|p1a: Jirachi|29/100 slp
|-unboost|p1a: Jirachi|spe|1
|-damage|p2a: Breloom|46/100|[from] item: Life Orb
|cant|p1a: Jirachi|slp
|
|-weather|Sandstorm|[upkeep]
|-damage|p2a: Breloom|40/100|[from] Sandstorm
|-heal|p1a: Jirachi|35/100 slp|[from] item: Leftovers
|upkeep
|turn|18
|
|switch|p1a: Amoonguss|Amoonguss, M|85/100
|-damage|p1a: Amoonguss|68/100|[from] Spikes
|-damage|p1a: Amoonguss|56/100|[from] Stealth Rock
|move|p2a: Breloom|Low Sweep|p1a: Amoonguss
|-resisted|p1a: Amoonguss
|-damage|p1a: Amoonguss|26/100
|-unboost|p1a: Amoonguss|spe|1
|-damage|p2a: Breloom|30/100|[from] item: Life Orb
|
|-weather|Sandstorm|[upkeep]
|-damage|p2a: Breloom|24/100|[from] Sandstorm
|-damage|p1a: Amoonguss|20/100|[from] Sandstorm
|-heal|p1a: Amoonguss|26/100|[from] item: Black Sludge
|upkeep
|turn|19
|
|switch|p1a: Salamence|Salamence, F|15/100
|-damage|p1a: Salamence|0 fnt|[from] Stealth Rock
|faint|p1a: Salamence
|move|p2a: Breloom|Low Sweep|p1: Salamence|[notarget]
|-notarget
|
|-weather|Sandstorm|[upkeep]
|-damage|p2a: Breloom|18/100|[from] Sandstorm
|upkeep
|
|switch|p1a: Amoonguss|Amoonguss, M|59/100
|-damage|p1a: Amoonguss|43/100|[from] Spikes
|-damage|p1a: Amoonguss|30/100|[from] Stealth Rock
|turn|20
|
|switch|p1a: Jirachi|Jirachi|35/100 slp
|-damage|p1a: Jirachi|29/100 slp|[from] Stealth Rock
|-damage|p1a: Jirachi|12/100 slp|[from] Spikes
|move|p2a: Breloom|Low Sweep|p1a: Jirachi
|-damage|p1a: Jirachi|0 fnt
|-damage|p2a: Breloom|8/100|[from] item: Life Orb
|faint|p1a: Jirachi
|
|-weather|Sandstorm|[upkeep]
|-damage|p2a: Breloom|2/100|[from] Sandstorm
|upkeep
|
|switch|p1a: Amoonguss|Amoonguss, M|63/100
|-damage|p1a: Amoonguss|51/100|[from] Stealth Rock
|-damage|p1a: Amoonguss|34/100|[from] Spikes
|turn|21
|
|switch|p2a: Keldeo|Keldeo-Resolute|100/100
|switch|p1a: Starmie|Starmie|52/100
|-damage|p1a: Starmie|35/100|[from] Spikes
|-damage|p1a: Starmie|23/100|[from] Stealth Rock
|
|-weather|Sandstorm|[upkeep]
|-damage|p2a: Keldeo|94/100|[from] Sandstorm
|-damage|p1a: Starmie|16/100|[from] Sandstorm
|-heal|p1a: Starmie|23/100|[from] item: Leftovers
|upkeep
|turn|22
|c|☆Weekend Wars|fuck the fire blast miss
|
|move|p2a: Keldeo|Surf|p1a: Starmie
|-resisted|p1a: Starmie
|-damage|p1a: Starmie|0 fnt
|faint|p1a: Starmie
|
|-weather|Sandstorm|[upkeep]
|-damage|p2a: Keldeo|88/100|[from] Sandstorm
|upkeep
|
|switch|p1a: Amoonguss|Amoonguss, M|68/100
|-damage|p1a: Amoonguss|55/100|[from] Stealth Rock
|-damage|p1a: Amoonguss|39/100|[from] Spikes
|turn|23
|
|move|p2a: Keldeo|Surf|p1a: Amoonguss
|-resisted|p1a: Amoonguss
|-damage|p1a: Amoonguss|20/100
|move|p1a: Amoonguss|Giga Drain|p2a: Keldeo
|-supereffective|p2a: Keldeo
|-damage|p2a: Keldeo|36/100
|-heal|p1a: Amoonguss|40/100|[from] drain|[of] p2a: Keldeo
|
|-weather|Sandstorm|[upkeep]
|-damage|p2a: Keldeo|30/100|[from] Sandstorm
|-damage|p1a: Amoonguss|34/100|[from] Sandstorm
|-heal|p1a: Amoonguss|40/100|[from] item: Black Sludge
|upkeep
|turn|24
|
|move|p2a: Keldeo|Surf|p1a: Amoonguss
|-resisted|p1a: Amoonguss
|-damage|p1a: Amoonguss|23/100
|move|p1a: Amoonguss|Giga Drain|p2a: Keldeo
|-supereffective|p2a: Keldeo
|-damage|p2a: Keldeo|0 fnt
|-heal|p1a: Amoonguss|34/100|[from] drain|[of] p2a: Keldeo
|faint|p2a: Keldeo
|
|-weather|Sandstorm|[upkeep]
|-damage|p1a: Amoonguss|28/100|[from] Sandstorm
|-heal|p1a: Amoonguss|34/100|[from] item: Black Sludge
|upkeep
|
|switch|p2a: Jirachi|Jirachi|33/100
|turn|25
|
|switch|p1a: Chansey|Chansey, F|100/100
|-damage|p1a: Chansey|84/100|[from] Spikes
|-damage|p1a: Chansey|71/100|[from] Stealth Rock
|move|p2a: Jirachi|Healing Wish|p2a: Jirachi
|faint|p2a: Jirachi
|
|-weather|Sandstorm|[upkeep]
|-damage|p1a: Chansey|65/100|[from] Sandstorm
|upkeep
|
|switch|p2a: Breloom|Breloom, M|2/100
|-heal|p2a: Breloom|100/100|[from] move: Healing Wish
|turn|26
|
|switch|p1a: Hippowdon|Hippowdon, M, shiny|96/100
|-damage|p1a: Hippowdon|80/100|[from] Spikes
|-damage|p1a: Hippowdon|73/100|[from] Stealth Rock
|move|p2a: Breloom|Low Sweep|p1a: Hippowdon
|-damage|p1a: Hippowdon|44/100
|-unboost|p1a: Hippowdon|spe|1
|-damage|p2a: Breloom|91/100|[from] item: Life Orb
|
|-weather|Sandstorm|[upkeep]
|-damage|p2a: Breloom|84/100|[from] Sandstorm
|-heal|p1a: Hippowdon|50/100|[from] item: Leftovers
|upkeep
|turn|27
|c|☆Weekend Wars|bg haxor
|
|switch|p1a: Amoonguss|Amoonguss, M|67/100
|-damage|p1a: Amoonguss|55/100|[from] Stealth Rock
|-damage|p1a: Amoonguss|38/100|[from] Spikes
|move|p2a: Breloom|Spore|p1a: Amoonguss
|-status|p1a: Amoonguss|slp
|
|-weather|Sandstorm|[upkeep]
|-damage|p2a: Breloom|78/100|[from] Sandstorm
|-damage|p1a: Amoonguss|32/100 slp|[from] Sandstorm
|-heal|p1a: Amoonguss|38/100 slp|[from] item: Black Sludge
|upkeep
|turn|28
|
|switch|p1a: Hippowdon|Hippowdon, M, shiny|50/100
|-damage|p1a: Hippowdon|34/100|[from] Spikes
|-damage|p1a: Hippowdon|28/100|[from] Stealth Rock
|move|p2a: Breloom|Bullet Seed|p1a: Hippowdon
|-supereffective|p1a: Hippowdon
|-damage|p1a: Hippowdon|3/100
|-supereffective|p1a: Hippowdon
|-crit|p1a: Hippowdon
|-damage|p1a: Hippowdon|0 fnt
|-hitcount|p1a: Hippowdon|2
|-damage|p2a: Breloom|68/100|[from] item: Life Orb
|faint|p1a: Hippowdon
|
|-weather|Sandstorm|[upkeep]
|-damage|p2a: Breloom|62/100|[from] Sandstorm
|upkeep
|-message|Weekend Wars forfeited.
|
|win|TriKiwi
|l|☆Weekend Wars
|raw|Weekend Wars's rating: 1549 &rarr; <strong>1517</strong><br />(-32 for losing)
|raw|TriKiwi's rating: 1304 &rarr; <strong>1337</strong><br />(+33 for winning)
