|j|‽OrangeFang
|j|☆Simplexous
|t:|1743218306
|gametype|singles
|player|p1|OrangeFang|shadowtriad|1309
|player|p2|Simplexous|colress|1337
|teamsize|p1|6
|teamsize|p2|6
|gen|5
|tier|[Gen 5] OU
|rated|
|rule|Species Clause: Limit one of each Pokémon
|rule|OHKO Clause: OHKO moves are banned
|rule|Moody Clause: Moody is banned
|rule|Evasion Items Clause: Evasion items are banned
|rule|Evasion Moves Clause: Evasion moves are banned
|rule|Endless Battle Clause: Forcing endless battles is banned
|rule|HP Percentage Mod: HP is shown in percentages
|rule|Evasion Abilities Clause: Evasion abilities are banned
|rule|Sleep Moves Clause: Sleep-inducing moves are banned
|rule|Swagger Clause: Swagger is banned
|rule|Baton Pass Stat Clause: No Baton Passer may have a way to boost its stats
|clearpoke
|poke|p1|Starmie|item
|poke|p1|Blissey, F|item
|poke|p1|Skarmory, M|item
|poke|p1|Garchomp, M|item
|poke|p1|Dusclops, M|item
|poke|p1|Drapion, F|item
|poke|p2|Abomasnow, F|item
|poke|p2|Gliscor, M|item
|poke|p2|Forretress, F|item
|poke|p2|Blissey, F|item
|poke|p2|Latios, M|item
|poke|p2|Reuniclus, F|item
|teampreview
|
|t:|1743218320
|start
|switch|p1a: Garchomp|Garchomp, M|100/100
|switch|p2a: MERRY CHRISTMAS|Abomasnow, F|100/100
|-weather|Hail|[from] ability: Snow Warning|[of] p2a: MERRY CHRISTMAS
|turn|1
|
|t:|1743218331
|switch|p1a: Blissey|Blissey, F|100/100
|move|p2a: MERRY CHRISTMAS|Ice Shard|p1a: Blissey
|-crit|p1a: Blissey
|-damage|p1a: Blissey|76/100
|
|-weather|Hail|[upkeep]
|-damage|p1a: Blissey|70/100|[from] Hail
|-heal|p1a: Blissey|76/100|[from] item: Leftovers
|upkeep
|turn|2
|
|t:|1743218340
|switch|p2a: Racist Uncle|Gliscor, M|100/100
|move|p1a: Blissey|Thunder Wave|p2a: Racist Uncle
|-immune|p2a: Racist Uncle
|
|-weather|Hail|[upkeep]
|-damage|p2a: Racist Uncle|94/100|[from] Hail
|-damage|p1a: Blissey|70/100|[from] Hail
|-heal|p1a: Blissey|76/100|[from] item: Leftovers
|-status|p2a: Racist Uncle|tox|[from] item: Toxic Orb
|upkeep
|turn|3
|
|t:|1743218356
|switch|p1a: Skarmory|Skarmory, M|100/100
|move|p2a: Racist Uncle|Ice Fang|p1a: Skarmory
|-damage|p1a: Skarmory|93/100
|
|-weather|Hail|[upkeep]
|-damage|p2a: Racist Uncle|88/100 tox|[from] Hail
|-damage|p1a: Skarmory|87/100|[from] Hail
|-heal|p2a: Racist Uncle|100/100 tox|[from] ability: Poison Heal
|upkeep
|turn|4
|
|t:|1743218365
|move|p2a: Racist Uncle|Stealth Rock|p1a: Skarmory
|-sidestart|p1: OrangeFang|move: Stealth Rock
|move|p1a: Skarmory|Spikes|p2a: Racist Uncle
|-sidestart|p2: Simplexous|Spikes
|
|-weather|Hail|[upkeep]
|-damage|p2a: Racist Uncle|94/100 tox|[from] Hail
|-damage|p1a: Skarmory|81/100|[from] Hail
|-heal|p2a: Racist Uncle|100/100 tox|[from] ability: Poison Heal
|upkeep
|turn|5
|
|t:|1743218379
|switch|p2a: Dreidel|Forretress, F|100/100
|-damage|p2a: Dreidel|88/100|[from] Spikes
|move|p1a: Skarmory|Spikes|p2a: Dreidel
|-sidestart|p2: Simplexous|Spikes
|
|-weather|Hail|[upkeep]
|-damage|p1a: Skarmory|75/100|[from] Hail
|-heal|p2a: Dreidel|94/100|[from] item: Leftovers
|upkeep
|turn|6
|
|t:|1743218389
|switch|p1a: Starmie|Starmie|100/100
|-damage|p1a: Starmie|88/100|[from] Stealth Rock
|move|p2a: Dreidel|Rapid Spin|p1a: Starmie
|-damage|p1a: Starmie|82/100
|-sideend|p2: Simplexous|Spikes|[from] move: Rapid Spin|[of] p2a: Dreidel
|
|-weather|Hail|[upkeep]
|-damage|p1a: Starmie|76/100|[from] Hail
|-heal|p1a: Starmie|82/100|[from] item: Leftovers
|-heal|p2a: Dreidel|100/100|[from] item: Leftovers
|upkeep
|turn|7
|
|t:|1743218400
|switch|p2a: Eggnog|Blissey, F|100/100
|move|p1a: Starmie|Rapid Spin|p2a: Eggnog
|-damage|p2a: Eggnog|98/100
|-sideend|p1: OrangeFang|Stealth Rock|[from] move: Rapid Spin|[of] p1a: Starmie
|
|-weather|Hail|[upkeep]
|-damage|p1a: Starmie|76/100|[from] Hail
|-damage|p2a: Eggnog|92/100|[from] Hail
|-heal|p1a: Starmie|82/100|[from] item: Leftovers
|-heal|p2a: Eggnog|98/100|[from] item: Leftovers
|upkeep
|turn|8
|inactive|Battle timer is ON: inactive players will automatically lose when time's up. (requested by Simplexous)
|
|t:|1743218414
|move|p1a: Starmie|Psyshock|p2a: Eggnog
|-damage|p2a: Eggnog|69/100
|move|p2a: Eggnog|Thunder Wave|p1a: Starmie
|-status|p1a: Starmie|par
|
|-weather|Hail|[upkeep]
|-damage|p2a: Eggnog|62/100|[from] Hail
|-damage|p1a: Starmie|76/100 par|[from] Hail
|-heal|p2a: Eggnog|69/100|[from] item: Leftovers
|-heal|p1a: Starmie|82/100 par|[from] item: Leftovers
|upkeep
|turn|9
|
|t:|1743218426
|-curestatus|p1a: Starmie|par|[from] ability: Natural Cure
|switch|p1a: Garchomp|Garchomp, M|100/100
|move|p2a: Eggnog|Seismic Toss|p1a: Garchomp
|-damage|p1a: Garchomp|72/100
|-damage|p2a: Eggnog|56/100|[from] ability: Rough Skin|[of] p1a: Garchomp
|
|-weather|Hail|[upkeep]
|-damage|p1a: Garchomp|66/100|[from] Hail
|-damage|p2a: Eggnog|50/100|[from] Hail
|-heal|p2a: Eggnog|56/100|[from] item: Leftovers
|upkeep
|turn|10
|
|t:|1743218437
|switch|p2a: Dreidel|Forretress, F|100/100
|move|p1a: Garchomp|Stealth Rock|p2a: Dreidel
|-sidestart|p2: Simplexous|move: Stealth Rock
|
|-weather|Hail|[upkeep]
|-damage|p1a: Garchomp|60/100|[from] Hail
|upkeep
|turn|11
|
|t:|1743218446
|move|p1a: Garchomp|Fire Blast|p2a: Dreidel
|-supereffective|p2a: Dreidel
|-damage|p2a: Dreidel|0 fnt
|faint|p2a: Dreidel
|-damage|p1a: Garchomp|50/100|[from] item: Life Orb
|
|-weather|Hail|[upkeep]
|-damage|p1a: Garchomp|44/100|[from] Hail
|upkeep
|
|t:|1743218453
|switch|p2a: Christmas Baby|Latios, M, shiny|100/100
|-damage|p2a: Christmas Baby|88/100|[from] Stealth Rock
|turn|12
|
|t:|1743218457
|switch|p1a: Blissey|Blissey, F|76/100
|move|p2a: Christmas Baby|Surf|p1a: Blissey
|-damage|p1a: Blissey|65/100
|
|-weather|Hail|[upkeep]
|-damage|p2a: Christmas Baby|82/100|[from] Hail
|-damage|p1a: Blissey|59/100|[from] Hail
|-heal|p1a: Blissey|65/100|[from] item: Leftovers
|upkeep
|turn|13
|
|t:|1743218466
|switch|p2a: Racist Uncle|Gliscor, M|100/100 tox
|-damage|p2a: Racist Uncle|88/100 tox|[from] Stealth Rock
|move|p1a: Blissey|Thunder Wave|p2a: Racist Uncle
|-immune|p2a: Racist Uncle
|
|-weather|Hail|[upkeep]
|-damage|p2a: Racist Uncle|82/100 tox|[from] Hail
|-damage|p1a: Blissey|59/100|[from] Hail
|-heal|p1a: Blissey|65/100|[from] item: Leftovers
|-heal|p2a: Racist Uncle|94/100 tox|[from] ability: Poison Heal
|upkeep
|turn|14
|
|t:|1743218478
|switch|p1a: Skarmory|Skarmory, M|75/100
|move|p2a: Racist Uncle|Earthquake|p1a: Skarmory
|-immune|p1a: Skarmory
|
|-weather|Hail|[upkeep]
|-damage|p2a: Racist Uncle|88/100 tox|[from] Hail
|-damage|p1a: Skarmory|69/100|[from] Hail
|-heal|p2a: Racist Uncle|100/100 tox|[from] ability: Poison Heal
|upkeep
|turn|15
|
|t:|1743218487
|move|p2a: Racist Uncle|Stealth Rock|p1a: Skarmory
|-sidestart|p1: OrangeFang|move: Stealth Rock
|move|p1a: Skarmory|Spikes|p2a: Racist Uncle
|-sidestart|p2: Simplexous|Spikes
|
|-weather|Hail|[upkeep]
|-damage|p2a: Racist Uncle|94/100 tox|[from] Hail
|-damage|p1a: Skarmory|63/100|[from] Hail
|-heal|p2a: Racist Uncle|100/100 tox|[from] ability: Poison Heal
|upkeep
|turn|16
|
|t:|1743218501
|move|p2a: Racist Uncle|Ice Fang|p1a: Skarmory
|-damage|p1a: Skarmory|54/100
|move|p1a: Skarmory|Spikes|p2a: Racist Uncle
|-sidestart|p2: Simplexous|Spikes
|
|-weather|Hail|[upkeep]
|-damage|p2a: Racist Uncle|94/100 tox|[from] Hail
|-damage|p1a: Skarmory|48/100|[from] Hail
|-heal|p2a: Racist Uncle|100/100 tox|[from] ability: Poison Heal
|upkeep
|turn|17
|
|t:|1743218509
|move|p2a: Racist Uncle|Ice Fang|p1a: Skarmory
|-damage|p1a: Skarmory|39/100
|move|p1a: Skarmory|Roost|p1a: Skarmory
|-heal|p1a: Skarmory|89/100
|-singleturn|p1a: Skarmory|move: Roost
|
|-weather|Hail|[upkeep]
|-damage|p2a: Racist Uncle|94/100 tox|[from] Hail
|-damage|p1a: Skarmory|83/100|[from] Hail
|-heal|p2a: Racist Uncle|100/100 tox|[from] ability: Poison Heal
|upkeep
|turn|18
|
|t:|1743218519
|move|p2a: Racist Uncle|Ice Fang|p1a: Skarmory
|-damage|p1a: Skarmory|74/100
|-status|p1a: Skarmory|frz
|cant|p1a: Skarmory|frz
|
|-weather|Hail|[upkeep]
|-damage|p2a: Racist Uncle|94/100 tox|[from] Hail
|-damage|p1a: Skarmory|68/100 frz|[from] Hail
|-heal|p2a: Racist Uncle|100/100 tox|[from] ability: Poison Heal
|upkeep
|turn|19
|
|t:|1743218534
|switch|p2a: Chistmas Embryo|Reuniclus, F|100/100
|switch|p1a: Dusclops|Dusclops, M|100/100
|-damage|p1a: Dusclops|88/100|[from] Stealth Rock
|-ability|p1a: Dusclops|Pressure
|
|-weather|Hail|[upkeep]
|-damage|p1a: Dusclops|82/100|[from] Hail
|upkeep
|turn|20
|
|t:|1743218553
|switch|p1a: Drapion|Drapion, F|100/100
|-damage|p1a: Drapion|88/100|[from] Stealth Rock
|move|p2a: Chistmas Embryo|Calm Mind|p2a: Chistmas Embryo
|-boost|p2a: Chistmas Embryo|spa|1
|-boost|p2a: Chistmas Embryo|spd|1
|
|-weather|Hail|[upkeep]
|-damage|p1a: Drapion|82/100|[from] Hail
|upkeep
|turn|21
|
|t:|1743218562
|move|p1a: Drapion|Crunch|p2a: Chistmas Embryo
|-supereffective|p2a: Chistmas Embryo
|-damage|p2a: Chistmas Embryo|34/100
|move|p2a: Chistmas Embryo|Signal Beam|p1a: Drapion
|-crit|p1a: Drapion
|-damage|p1a: Drapion|0 fnt
|faint|p1a: Drapion
|
|-weather|Hail|[upkeep]
|-heal|p2a: Chistmas Embryo|40/100|[from] item: Leftovers
|upkeep
|
|t:|1743218571
|switch|p1a: Garchomp|Garchomp, M|44/100
|-damage|p1a: Garchomp|38/100|[from] Stealth Rock
|turn|22
|
|t:|1743218585
|move|p1a: Garchomp|Earthquake|p2a: Chistmas Embryo
|-damage|p2a: Chistmas Embryo|0 fnt
|faint|p2a: Chistmas Embryo
|-damage|p1a: Garchomp|28/100|[from] item: Life Orb
|
|-weather|Hail|[upkeep]
|-damage|p1a: Garchomp|22/100|[from] Hail
|upkeep
|
|t:|1743218593
|switch|p2a: Racist Uncle|Gliscor, M|100/100 tox
|-damage|p2a: Racist Uncle|88/100 tox|[from] Stealth Rock
|turn|23
|
|t:|1743218610
|switch|p1a: Skarmory|Skarmory, M|68/100 frz
|-damage|p1a: Skarmory|56/100 frz|[from] Stealth Rock
|move|p2a: Racist Uncle|Ice Fang|p1a: Skarmory
|-damage|p1a: Skarmory|48/100 frz
|
|-weather|Hail|[upkeep]
|-damage|p2a: Racist Uncle|82/100 tox|[from] Hail
|-damage|p1a: Skarmory|42/100 frz|[from] Hail
|-heal|p2a: Racist Uncle|94/100 tox|[from] ability: Poison Heal
|upkeep
|turn|24
|
|t:|1743218630
|switch|p2a: Eggnog|Blissey, F|56/100
|-damage|p2a: Eggnog|44/100|[from] Stealth Rock
|-damage|p2a: Eggnog|27/100|[from] Spikes
|cant|p1a: Skarmory|frz
|
|-weather|Hail|[upkeep]
|-damage|p1a: Skarmory|36/100 frz|[from] Hail
|-damage|p2a: Eggnog|21/100|[from] Hail
|-heal|p2a: Eggnog|27/100|[from] item: Leftovers
|upkeep
|turn|25
|
|t:|1743218640
|switch|p1a: Blissey|Blissey, F|65/100
|-damage|p1a: Blissey|52/100|[from] Stealth Rock
|move|p2a: Eggnog|Soft-Boiled|p2a: Eggnog
|-heal|p2a: Eggnog|77/100
|
|-weather|Hail|[upkeep]
|-damage|p2a: Eggnog|71/100|[from] Hail
|-damage|p1a: Blissey|46/100|[from] Hail
|-heal|p2a: Eggnog|77/100|[from] item: Leftovers
|-heal|p1a: Blissey|52/100|[from] item: Leftovers
|upkeep
|turn|26
|
|t:|1743218651
|move|p1a: Blissey|Heal Bell|p1a: Blissey
|-activate|p1a: Blissey|move: Heal Bell
|-curestatus|p1: Skarmory|frz|[msg]
|move|p2a: Eggnog|Seismic Toss|p1a: Blissey
|-damage|p1a: Blissey|38/100
|
|-weather|Hail|[upkeep]
|-damage|p2a: Eggnog|71/100|[from] Hail
|-damage|p1a: Blissey|32/100|[from] Hail
|-heal|p1a: Blissey|38/100|[from] item: Leftovers
|-heal|p2a: Eggnog|77/100|[from] item: Leftovers
|upkeep
|turn|27
|
|t:|1743218664
|move|p2a: Eggnog|Seismic Toss|p1a: Blissey
|-damage|p1a: Blissey|24/100
|move|p1a: Blissey|Soft-Boiled|p1a: Blissey
|-heal|p1a: Blissey|74/100
|
|-weather|Hail|[upkeep]
|-damage|p2a: Eggnog|71/100|[from] Hail
|-damage|p1a: Blissey|68/100|[from] Hail
|-heal|p2a: Eggnog|77/100|[from] item: Leftovers
|-heal|p1a: Blissey|74/100|[from] item: Leftovers
|upkeep
|turn|28
|
|t:|1743218674
|switch|p1a: Starmie|Starmie|82/100
|-damage|p1a: Starmie|70/100|[from] Stealth Rock
|move|p2a: Eggnog|Thunder Wave|p1a: Starmie
|-status|p1a: Starmie|par
|
|-weather|Hail|[upkeep]
|-damage|p2a: Eggnog|71/100|[from] Hail
|-damage|p1a: Starmie|63/100 par|[from] Hail
|-heal|p2a: Eggnog|77/100|[from] item: Leftovers
|-heal|p1a: Starmie|70/100 par|[from] item: Leftovers
|upkeep
|turn|29
|
|t:|1743218685
|move|p2a: Eggnog|Seismic Toss|p1a: Starmie
|-damage|p1a: Starmie|31/100 par
|move|p1a: Starmie|Rapid Spin|p2a: Eggnog
|-damage|p2a: Eggnog|74/100
|-sideend|p1: OrangeFang|Stealth Rock|[from] move: Rapid Spin|[of] p1a: Starmie
|
|-weather|Hail|[upkeep]
|-damage|p2a: Eggnog|68/100|[from] Hail
|-damage|p1a: Starmie|25/100 par|[from] Hail
|-heal|p2a: Eggnog|74/100|[from] item: Leftovers
|-heal|p1a: Starmie|31/100 par|[from] item: Leftovers
|upkeep
|turn|30
|
|t:|1743218701
|-curestatus|p1a: Starmie|par|[from] ability: Natural Cure
|switch|p1a: Blissey|Blissey, F|74/100
|move|p2a: Eggnog|Seismic Toss|p1a: Blissey
|-damage|p1a: Blissey|60/100
|
|-weather|Hail|[upkeep]
|-damage|p1a: Blissey|54/100|[from] Hail
|-damage|p2a: Eggnog|68/100|[from] Hail
|-heal|p1a: Blissey|60/100|[from] item: Leftovers
|-heal|p2a: Eggnog|74/100|[from] item: Leftovers
|upkeep
|turn|31
|
|t:|1743218712
|move|p2a: Eggnog|Thunder Wave|p1a: Blissey
|-status|p1a: Blissey|par
|move|p1a: Blissey|Soft-Boiled|p1a: Blissey
|-heal|p1a: Blissey|100/100 par
|
|-weather|Hail|[upkeep]
|-damage|p2a: Eggnog|68/100|[from] Hail
|-damage|p1a: Blissey|94/100 par|[from] Hail
|-heal|p2a: Eggnog|74/100|[from] item: Leftovers
|-heal|p1a: Blissey|100/100 par|[from] item: Leftovers
|upkeep
|turn|32
|
|t:|1743218723
|move|p2a: Eggnog|Seismic Toss|p1a: Blissey
|-damage|p1a: Blissey|86/100 par
|cant|p1a: Blissey|par
|
|-weather|Hail|[upkeep]
|-damage|p2a: Eggnog|68/100|[from] Hail
|-damage|p1a: Blissey|80/100 par|[from] Hail
|-heal|p2a: Eggnog|74/100|[from] item: Leftovers
|-heal|p1a: Blissey|86/100 par|[from] item: Leftovers
|upkeep
|turn|33
|
|t:|1743218732
|switch|p2a: Racist Uncle|Gliscor, M|94/100 tox
|-damage|p2a: Racist Uncle|82/100 tox|[from] Stealth Rock
|move|p1a: Blissey|Thunder Wave|p2a: Racist Uncle
|-immune|p2a: Racist Uncle
|
|-weather|Hail|[upkeep]
|-damage|p2a: Racist Uncle|76/100 tox|[from] Hail
|-damage|p1a: Blissey|80/100 par|[from] Hail
|-heal|p1a: Blissey|86/100 par|[from] item: Leftovers
|-heal|p2a: Racist Uncle|88/100 tox|[from] ability: Poison Heal
|upkeep
|turn|34
|
|t:|1743218746
|-curestatus|p1a: Blissey|par|[from] ability: Natural Cure
|switch|p1a: Dusclops|Dusclops, M|82/100
|-ability|p1a: Dusclops|Pressure
|move|p2a: Racist Uncle|Ice Fang|p1a: Dusclops
|-damage|p1a: Dusclops|75/100
|
|-weather|Hail|[upkeep]
|-damage|p2a: Racist Uncle|82/100 tox|[from] Hail
|-damage|p1a: Dusclops|69/100|[from] Hail
|-heal|p2a: Racist Uncle|94/100 tox|[from] ability: Poison Heal
|upkeep
|turn|35
|
|t:|1743218758
|move|p2a: Racist Uncle|Stealth Rock|p1a: Dusclops
|-sidestart|p1: OrangeFang|move: Stealth Rock
|move|p1a: Dusclops|Night Shade|p2a: Racist Uncle
|-damage|p2a: Racist Uncle|61/100 tox
|
|-weather|Hail|[upkeep]
|-damage|p2a: Racist Uncle|55/100 tox|[from] Hail
|-damage|p1a: Dusclops|63/100|[from] Hail
|-heal|p2a: Racist Uncle|68/100 tox|[from] ability: Poison Heal
|upkeep
|turn|36
|
|t:|1743218766
|move|p2a: Racist Uncle|Earthquake|p1a: Dusclops
|-damage|p1a: Dusclops|46/100
|move|p1a: Dusclops|Night Shade|p2a: Racist Uncle
|-damage|p2a: Racist Uncle|35/100 tox
|
|-weather|Hail|[upkeep]
|-damage|p2a: Racist Uncle|29/100 tox|[from] Hail
|-damage|p1a: Dusclops|40/100|[from] Hail
|-heal|p2a: Racist Uncle|41/100 tox|[from] ability: Poison Heal
|upkeep
|turn|37
|
|t:|1743218776
|move|p2a: Racist Uncle|Protect|p2a: Racist Uncle
|-singleturn|p2a: Racist Uncle|Protect
|move|p1a: Dusclops|Night Shade|p2a: Racist Uncle
|-activate|p2a: Racist Uncle|move: Protect
|
|-weather|Hail|[upkeep]
|-damage|p2a: Racist Uncle|35/100 tox|[from] Hail
|-damage|p1a: Dusclops|34/100|[from] Hail
|-heal|p2a: Racist Uncle|47/100 tox|[from] ability: Poison Heal
|upkeep
|turn|38
|
|t:|1743218788
|move|p2a: Racist Uncle|Ice Fang|p1a: Dusclops
|-damage|p1a: Dusclops|27/100
|move|p1a: Dusclops|Pain Split|p2a: Racist Uncle
|-sethp|p2a: Racist Uncle|36/100 tox|[from] move: Pain Split|[silent]
|-sethp|p1a: Dusclops|39/100|[from] move: Pain Split
|
|-weather|Hail|[upkeep]
|-damage|p2a: Racist Uncle|30/100 tox|[from] Hail
|-damage|p1a: Dusclops|33/100|[from] Hail
|-heal|p2a: Racist Uncle|42/100 tox|[from] ability: Poison Heal
|upkeep
|turn|39
|
|t:|1743218800
|move|p2a: Racist Uncle|Ice Fang|p1a: Dusclops
|-damage|p1a: Dusclops|25/100
|cant|p1a: Dusclops|flinch
|
|-weather|Hail|[upkeep]
|-damage|p2a: Racist Uncle|36/100 tox|[from] Hail
|-damage|p1a: Dusclops|20/100|[from] Hail
|-heal|p2a: Racist Uncle|49/100 tox|[from] ability: Poison Heal
|upkeep
|turn|40
|
|t:|1743218809
|move|p2a: Racist Uncle|Earthquake|p1a: Dusclops
|-damage|p1a: Dusclops|4/100
|move|p1a: Dusclops|Pain Split|p2a: Racist Uncle
|-sethp|p2a: Racist Uncle|26/100 tox|[from] move: Pain Split|[silent]
|-sethp|p1a: Dusclops|28/100|[from] move: Pain Split
|
|-weather|Hail|[upkeep]
|-damage|p2a: Racist Uncle|20/100 tox|[from] Hail
|-damage|p1a: Dusclops|22/100|[from] Hail
|-heal|p2a: Racist Uncle|32/100 tox|[from] ability: Poison Heal
|upkeep
|turn|41
|
|t:|1743218818
|move|p2a: Racist Uncle|Protect|p2a: Racist Uncle
|-singleturn|p2a: Racist Uncle|Protect
|move|p1a: Dusclops|Night Shade|p2a: Racist Uncle
|-activate|p2a: Racist Uncle|move: Protect
|
|-weather|Hail|[upkeep]
|-damage|p2a: Racist Uncle|26/100 tox|[from] Hail
|-damage|p1a: Dusclops|16/100|[from] Hail
|-heal|p2a: Racist Uncle|39/100 tox|[from] ability: Poison Heal
|upkeep
|turn|42
|
|t:|1743218828
|move|p2a: Racist Uncle|Earthquake|p1a: Dusclops
|-damage|p1a: Dusclops|0 fnt
|faint|p1a: Dusclops
|
|-weather|Hail|[upkeep]
|-damage|p2a: Racist Uncle|32/100 tox|[from] Hail
|-heal|p2a: Racist Uncle|45/100 tox|[from] ability: Poison Heal
|upkeep
|
|t:|1743218841
|switch|p1a: Garchomp|Garchomp, M|22/100
|-damage|p1a: Garchomp|16/100|[from] Stealth Rock
|turn|43
|
|t:|1743218849
|move|p1a: Garchomp|Draco Meteor|p2a: Racist Uncle
|-damage|p2a: Racist Uncle|0 fnt
|-unboost|p1a: Garchomp|spa|2
|faint|p2a: Racist Uncle
|-damage|p1a: Garchomp|6/100|[from] item: Life Orb
|
|-weather|Hail|[upkeep]
|-damage|p1a: Garchomp|0 fnt|[from] Hail
|faint|p1a: Garchomp
|upkeep
|
|t:|1743218876
|switch|p1a: Blissey|Blissey, F|86/100
|switch|p2a: MERRY CHRISTMAS|Abomasnow, F|100/100
|-damage|p1a: Blissey|74/100|[from] Stealth Rock
|-damage|p2a: MERRY CHRISTMAS|76/100|[from] Stealth Rock
|-damage|p2a: MERRY CHRISTMAS|59/100|[from] Spikes
|turn|44
|
|t:|1743218883
|move|p1a: Blissey|Thunder Wave|p2a: MERRY CHRISTMAS
|-status|p2a: MERRY CHRISTMAS|par
|cant|p2a: MERRY CHRISTMAS|par
|
|-weather|Hail|[upkeep]
|-damage|p1a: Blissey|68/100|[from] Hail
|-heal|p1a: Blissey|74/100|[from] item: Leftovers
|-heal|p2a: MERRY CHRISTMAS|65/100 par|[from] item: Leftovers
|upkeep
|turn|45
|
|t:|1743218893
|move|p1a: Blissey|Seismic Toss|p2a: MERRY CHRISTMAS
|-damage|p2a: MERRY CHRISTMAS|39/100 par
|move|p2a: MERRY CHRISTMAS|Giga Drain|p1a: Blissey
|-damage|p1a: Blissey|63/100
|-heal|p2a: MERRY CHRISTMAS|49/100 par|[from] drain|[of] p1a: Blissey
|
|-weather|Hail|[upkeep]
|-damage|p1a: Blissey|57/100|[from] Hail
|-heal|p1a: Blissey|63/100|[from] item: Leftovers
|-heal|p2a: MERRY CHRISTMAS|55/100 par|[from] item: Leftovers
|upkeep
|turn|46
|
|t:|1743218909
|move|p1a: Blissey|Seismic Toss|p2a: MERRY CHRISTMAS
|-damage|p2a: MERRY CHRISTMAS|29/100 par
|move|p2a: MERRY CHRISTMAS|Blizzard|p1a: Blissey
|-damage|p1a: Blissey|47/100
|
|-weather|Hail|[upkeep]
|-damage|p1a: Blissey|40/100|[from] Hail
|-heal|p1a: Blissey|47/100|[from] item: Leftovers
|-heal|p2a: MERRY CHRISTMAS|35/100 par|[from] item: Leftovers
|upkeep
|turn|47
|
|t:|1743218921
|move|p2a: MERRY CHRISTMAS|Protect|p2a: MERRY CHRISTMAS
|-singleturn|p2a: MERRY CHRISTMAS|Protect
|move|p1a: Blissey|Seismic Toss|p2a: MERRY CHRISTMAS
|-activate|p2a: MERRY CHRISTMAS|move: Protect
|
|-weather|Hail|[upkeep]
|-damage|p1a: Blissey|40/100|[from] Hail
|-heal|p1a: Blissey|47/100|[from] item: Leftovers
|-heal|p2a: MERRY CHRISTMAS|41/100 par|[from] item: Leftovers
|upkeep
|turn|48
|
|t:|1743218931
|move|p2a: MERRY CHRISTMAS|Ice Shard|p1a: Blissey
|-damage|p1a: Blissey|34/100
|move|p1a: Blissey|Soft-Boiled|p1a: Blissey
|-heal|p1a: Blissey|84/100
|
|-weather|Hail|[upkeep]
|-damage|p1a: Blissey|78/100|[from] Hail
|-heal|p1a: Blissey|84/100|[from] item: Leftovers
|-heal|p2a: MERRY CHRISTMAS|47/100 par|[from] item: Leftovers
|upkeep
|turn|49
|
|t:|1743218942
|move|p1a: Blissey|Seismic Toss|p2a: MERRY CHRISTMAS
|-damage|p2a: MERRY CHRISTMAS|21/100 par
|move|p2a: MERRY CHRISTMAS|Giga Drain|p1a: Blissey
|-damage|p1a: Blissey|73/100
|-heal|p2a: MERRY CHRISTMAS|32/100 par|[from] drain|[of] p1a: Blissey
|
|-weather|Hail|[upkeep]
|-damage|p1a: Blissey|66/100|[from] Hail
|-heal|p1a: Blissey|73/100|[from] item: Leftovers
|-heal|p2a: MERRY CHRISTMAS|38/100 par|[from] item: Leftovers
|upkeep
|turn|50
|
|t:|1743218953
|move|p2a: MERRY CHRISTMAS|Protect|p2a: MERRY CHRISTMAS
|-singleturn|p2a: MERRY CHRISTMAS|Protect
|move|p1a: Blissey|Seismic Toss|p2a: MERRY CHRISTMAS
|-activate|p2a: MERRY CHRISTMAS|move: Protect
|
|-weather|Hail|[upkeep]
|-damage|p1a: Blissey|66/100|[from] Hail
|-heal|p1a: Blissey|73/100|[from] item: Leftovers
|-heal|p2a: MERRY CHRISTMAS|44/100 par|[from] item: Leftovers
|upkeep
|turn|51
|
|t:|1743218962
|move|p1a: Blissey|Seismic Toss|p2a: MERRY CHRISTMAS
|-damage|p2a: MERRY CHRISTMAS|18/100 par
|move|p2a: MERRY CHRISTMAS|Blizzard|p1a: Blissey
|-damage|p1a: Blissey|55/100
|
|-weather|Hail|[upkeep]
|-damage|p1a: Blissey|48/100|[from] Hail
|-heal|p1a: Blissey|55/100|[from] item: Leftovers
|-heal|p2a: MERRY CHRISTMAS|24/100 par|[from] item: Leftovers
|upkeep
|turn|52
|
|t:|1743218972
|move|p2a: MERRY CHRISTMAS|Protect|p2a: MERRY CHRISTMAS
|-singleturn|p2a: MERRY CHRISTMAS|Protect
|move|p1a: Blissey|Seismic Toss|p2a: MERRY CHRISTMAS
|-activate|p2a: MERRY CHRISTMAS|move: Protect
|
|-weather|Hail|[upkeep]
|-damage|p1a: Blissey|48/100|[from] Hail
|-heal|p1a: Blissey|55/100|[from] item: Leftovers
|-heal|p2a: MERRY CHRISTMAS|30/100 par|[from] item: Leftovers
|upkeep
|turn|53
|
|t:|1743218985
|move|p1a: Blissey|Soft-Boiled|p1a: Blissey
|-heal|p1a: Blissey|100/100
|cant|p2a: MERRY CHRISTMAS|par
|
|-weather|Hail|[upkeep]
|-damage|p1a: Blissey|94/100|[from] Hail
|-heal|p1a: Blissey|100/100|[from] item: Leftovers
|-heal|p2a: MERRY CHRISTMAS|36/100 par|[from] item: Leftovers
|upkeep
|turn|54
|
|t:|1743218993
|move|p2a: MERRY CHRISTMAS|Protect|p2a: MERRY CHRISTMAS
|-singleturn|p2a: MERRY CHRISTMAS|Protect
|move|p1a: Blissey|Seismic Toss|p2a: MERRY CHRISTMAS
|-activate|p2a: MERRY CHRISTMAS|move: Protect
|
|-weather|Hail|[upkeep]
|-damage|p1a: Blissey|94/100|[from] Hail
|-heal|p1a: Blissey|100/100|[from] item: Leftovers
|-heal|p2a: MERRY CHRISTMAS|42/100 par|[from] item: Leftovers
|upkeep
|turn|55
|
|t:|1743219002
|move|p1a: Blissey|Seismic Toss|p2a: MERRY CHRISTMAS
|-damage|p2a: MERRY CHRISTMAS|16/100 par
|move|p2a: MERRY CHRISTMAS|Blizzard|p1a: Blissey
|-damage|p1a: Blissey|82/100
|
|-weather|Hail|[upkeep]
|-damage|p1a: Blissey|75/100|[from] Hail
|-heal|p1a: Blissey|82/100|[from] item: Leftovers
|-heal|p2a: MERRY CHRISTMAS|22/100 par|[from] item: Leftovers
|upkeep
|turn|56
|
|t:|1743219012
|move|p2a: MERRY CHRISTMAS|Protect|p2a: MERRY CHRISTMAS
|-singleturn|p2a: MERRY CHRISTMAS|Protect
|move|p1a: Blissey|Seismic Toss|p2a: MERRY CHRISTMAS
|-activate|p2a: MERRY CHRISTMAS|move: Protect
|
|-weather|Hail|[upkeep]
|-damage|p1a: Blissey|75/100|[from] Hail
|-heal|p1a: Blissey|82/100|[from] item: Leftovers
|-heal|p2a: MERRY CHRISTMAS|28/100 par|[from] item: Leftovers
|upkeep
|turn|57
|
|t:|1743219021
|move|p1a: Blissey|Seismic Toss|p2a: MERRY CHRISTMAS
|-damage|p2a: MERRY CHRISTMAS|2/100 par
|move|p2a: MERRY CHRISTMAS|Blizzard|p1a: Blissey
|-damage|p1a: Blissey|65/100
|
|-weather|Hail|[upkeep]
|-damage|p1a: Blissey|59/100|[from] Hail
|-heal|p1a: Blissey|65/100|[from] item: Leftovers
|-heal|p2a: MERRY CHRISTMAS|8/100 par|[from] item: Leftovers
|upkeep
|turn|58
|
|t:|1743219031
|move|p2a: MERRY CHRISTMAS|Protect|p2a: MERRY CHRISTMAS
|-singleturn|p2a: MERRY CHRISTMAS|Protect
|move|p1a: Blissey|Seismic Toss|p2a: MERRY CHRISTMAS
|-activate|p2a: MERRY CHRISTMAS|move: Protect
|
|-weather|Hail|[upkeep]
|-damage|p1a: Blissey|59/100|[from] Hail
|-heal|p1a: Blissey|65/100|[from] item: Leftovers
|-heal|p2a: MERRY CHRISTMAS|14/100 par|[from] item: Leftovers
|upkeep
|turn|59
|
|t:|1743219044
|move|p2a: MERRY CHRISTMAS|Ice Shard|p1a: Blissey
|-damage|p1a: Blissey|53/100
|move|p1a: Blissey|Seismic Toss|p2a: MERRY CHRISTMAS
|-damage|p2a: MERRY CHRISTMAS|0 fnt
|faint|p2a: MERRY CHRISTMAS
|
|-weather|Hail|[upkeep]
|-damage|p1a: Blissey|47/100|[from] Hail
|-heal|p1a: Blissey|53/100|[from] item: Leftovers
|upkeep
|
|t:|1743219051
|switch|p2a: Eggnog|Blissey, F|74/100
|-damage|p2a: Eggnog|62/100|[from] Stealth Rock
|-damage|p2a: Eggnog|45/100|[from] Spikes
|turn|60
|
|t:|1743219059
|move|p1a: Blissey|Thunder Wave|p2a: Eggnog
|-status|p2a: Eggnog|par
|move|p2a: Eggnog|Soft-Boiled|p2a: Eggnog
|-heal|p2a: Eggnog|95/100 par
|
|-weather|Hail|[upkeep]
|-damage|p1a: Blissey|47/100|[from] Hail
|-damage|p2a: Eggnog|89/100 par|[from] Hail
|-heal|p1a: Blissey|53/100|[from] item: Leftovers
|-heal|p2a: Eggnog|95/100 par|[from] item: Leftovers
|upkeep
|turn|61
|
|t:|1743219069
|move|p1a: Blissey|Soft-Boiled|p1a: Blissey
|-heal|p1a: Blissey|100/100
|move|p2a: Eggnog|Thunder Wave|p1a: Blissey
|-status|p1a: Blissey|par
|
|-weather|Hail|[upkeep]
|-damage|p2a: Eggnog|89/100 par|[from] Hail
|-damage|p1a: Blissey|94/100 par|[from] Hail
|-heal|p2a: Eggnog|95/100 par|[from] item: Leftovers
|-heal|p1a: Blissey|100/100 par|[from] item: Leftovers
|upkeep
|turn|62
|
|t:|1743219079
|-curestatus|p1a: Blissey|par|[from] ability: Natural Cure
|switch|p1a: Starmie|Starmie|31/100
|-damage|p1a: Starmie|19/100|[from] Stealth Rock
|cant|p2a: Eggnog|par
|
|-weather|Hail|[upkeep]
|-damage|p1a: Starmie|13/100|[from] Hail
|-damage|p2a: Eggnog|89/100 par|[from] Hail
|-heal|p1a: Starmie|19/100|[from] item: Leftovers
|-heal|p2a: Eggnog|95/100 par|[from] item: Leftovers
|upkeep
|turn|63
|
|t:|1743219099
|move|p1a: Starmie|Recover|p1a: Starmie
|-heal|p1a: Starmie|69/100
|move|p2a: Eggnog|Seismic Toss|p1a: Starmie
|-damage|p1a: Starmie|31/100
|
|-weather|Hail|[upkeep]
|-damage|p1a: Starmie|25/100|[from] Hail
|-damage|p2a: Eggnog|89/100 par|[from] Hail
|-heal|p1a: Starmie|31/100|[from] item: Leftovers
|-heal|p2a: Eggnog|95/100 par|[from] item: Leftovers
|upkeep
|turn|64
|
|t:|1743219110
|move|p1a: Starmie|Recover|p1a: Starmie
|-heal|p1a: Starmie|81/100
|cant|p2a: Eggnog|par
|
|-weather|Hail|[upkeep]
|-damage|p1a: Starmie|75/100|[from] Hail
|-damage|p2a: Eggnog|89/100 par|[from] Hail
|-heal|p1a: Starmie|81/100|[from] item: Leftovers
|-heal|p2a: Eggnog|95/100 par|[from] item: Leftovers
|upkeep
|turn|65
|
|t:|1743219119
|move|p1a: Starmie|Rapid Spin|p2a: Eggnog
|-damage|p2a: Eggnog|93/100 par
|-sideend|p1: OrangeFang|Stealth Rock|[from] move: Rapid Spin|[of] p1a: Starmie
|move|p2a: Eggnog|Seismic Toss|p1a: Starmie
|-damage|p1a: Starmie|43/100
|
|-weather|Hail|[upkeep]
|-damage|p1a: Starmie|37/100|[from] Hail
|-damage|p2a: Eggnog|86/100 par|[from] Hail
|-heal|p1a: Starmie|43/100|[from] item: Leftovers
|-heal|p2a: Eggnog|93/100 par|[from] item: Leftovers
|upkeep
|turn|66
|
|t:|1743219129
|move|p1a: Starmie|Recover|p1a: Starmie
|-heal|p1a: Starmie|93/100
|move|p2a: Eggnog|Thunder Wave|p1a: Starmie
|-status|p1a: Starmie|par
|
|-weather|Hail|[upkeep]
|-damage|p1a: Starmie|87/100 par|[from] Hail
|-damage|p2a: Eggnog|86/100 par|[from] Hail
|-heal|p1a: Starmie|93/100 par|[from] item: Leftovers
|-heal|p2a: Eggnog|93/100 par|[from] item: Leftovers
|upkeep
|turn|67
|
|t:|1743219141
|-curestatus|p1a: Starmie|par|[from] ability: Natural Cure
|switch|p1a: Skarmory|Skarmory, M|36/100
|move|p2a: Eggnog|Seismic Toss|p1a: Skarmory
|-damage|p1a: Skarmory|6/100
|
|-weather|Hail|[upkeep]
|-damage|p1a: Skarmory|0 fnt|[from] Hail
|-damage|p2a: Eggnog|86/100 par|[from] Hail
|faint|p1a: Skarmory
|-heal|p2a: Eggnog|93/100 par|[from] item: Leftovers
|upkeep
|
|t:|1743219151
|switch|p1a: Starmie|Starmie|93/100
|turn|68
|
|t:|1743219155
|move|p1a: Starmie|Psyshock|p2a: Eggnog
|-damage|p2a: Eggnog|61/100 par
|move|p2a: Eggnog|Thunder Wave|p1a: Starmie
|-status|p1a: Starmie|par
|
|-weather|Hail|[upkeep]
|-damage|p1a: Starmie|87/100 par|[from] Hail
|-damage|p2a: Eggnog|55/100 par|[from] Hail
|-heal|p1a: Starmie|93/100 par|[from] item: Leftovers
|-heal|p2a: Eggnog|61/100 par|[from] item: Leftovers
|upkeep
|turn|69
|
|t:|1743219164
|cant|p1a: Starmie|par
|move|p2a: Eggnog|Soft-Boiled|p2a: Eggnog
|-heal|p2a: Eggnog|100/100 par
|
|-weather|Hail|[upkeep]
|-damage|p1a: Starmie|87/100 par|[from] Hail
|-damage|p2a: Eggnog|94/100 par|[from] Hail
|-heal|p1a: Starmie|93/100 par|[from] item: Leftovers
|-heal|p2a: Eggnog|100/100 par|[from] item: Leftovers
|upkeep
|turn|70
|
|t:|1743219174
|cant|p1a: Starmie|par
|move|p2a: Eggnog|Wish|p2a: Eggnog
|
|-weather|Hail|[upkeep]
|-damage|p1a: Starmie|87/100 par|[from] Hail
|-damage|p2a: Eggnog|94/100 par|[from] Hail
|-heal|p1a: Starmie|93/100 par|[from] item: Leftovers
|-heal|p2a: Eggnog|100/100 par|[from] item: Leftovers
|upkeep
|turn|71
|
|t:|1743219182
|move|p1a: Starmie|Psyshock|p2a: Eggnog
|-damage|p2a: Eggnog|69/100 par
|cant|p2a: Eggnog|par
|
|-weather|Hail|[upkeep]
|-damage|p1a: Starmie|87/100 par|[from] Hail
|-damage|p2a: Eggnog|63/100 par|[from] Hail
|-heal|p2a: Eggnog|100/100 par|[from] move: Wish|[wisher] Eggnog
|-heal|p1a: Starmie|93/100 par|[from] item: Leftovers
|upkeep
|turn|72
|
|t:|1743219196
|move|p1a: Starmie|Psyshock|p2a: Eggnog
|-damage|p2a: Eggnog|72/100 par
|move|p2a: Eggnog|Wish|p2a: Eggnog
|
|-weather|Hail|[upkeep]
|-damage|p1a: Starmie|87/100 par|[from] Hail
|-damage|p2a: Eggnog|65/100 par|[from] Hail
|-heal|p1a: Starmie|93/100 par|[from] item: Leftovers
|-heal|p2a: Eggnog|72/100 par|[from] item: Leftovers
|upkeep
|turn|73
|
|t:|1743219206
|move|p1a: Starmie|Psyshock|p2a: Eggnog
|-damage|p2a: Eggnog|43/100 par
|move|p2a: Eggnog|Seismic Toss|p1a: Starmie
|-damage|p1a: Starmie|55/100 par
|
|-weather|Hail|[upkeep]
|-damage|p1a: Starmie|49/100 par|[from] Hail
|-damage|p2a: Eggnog|37/100 par|[from] Hail
|-heal|p2a: Eggnog|87/100 par|[from] move: Wish|[wisher] Eggnog
|-heal|p1a: Starmie|55/100 par|[from] item: Leftovers
|-heal|p2a: Eggnog|93/100 par|[from] item: Leftovers
|upkeep
|turn|74
|
|t:|1743219220
|cant|p1a: Starmie|par
|move|p2a: Eggnog|Seismic Toss|p1a: Starmie
|-damage|p1a: Starmie|17/100 par
|
|-weather|Hail|[upkeep]
|-damage|p1a: Starmie|10/100 par|[from] Hail
|-damage|p2a: Eggnog|87/100 par|[from] Hail
|-heal|p1a: Starmie|17/100 par|[from] item: Leftovers
|-heal|p2a: Eggnog|93/100 par|[from] item: Leftovers
|upkeep
|turn|75
|
|t:|1743219229
|move|p1a: Starmie|Recover|p1a: Starmie
|-heal|p1a: Starmie|67/100 par
|cant|p2a: Eggnog|par
|
|-weather|Hail|[upkeep]
|-damage|p1a: Starmie|60/100 par|[from] Hail
|-damage|p2a: Eggnog|87/100 par|[from] Hail
|-heal|p1a: Starmie|67/100 par|[from] item: Leftovers
|-heal|p2a: Eggnog|93/100 par|[from] item: Leftovers
|upkeep
|turn|76
|
|t:|1743219240
|-curestatus|p1a: Starmie|par|[from] ability: Natural Cure
|switch|p1a: Blissey|Blissey, F|100/100
|move|p2a: Eggnog|Wish|p2a: Eggnog
|
|-weather|Hail|[upkeep]
|-damage|p1a: Blissey|94/100|[from] Hail
|-damage|p2a: Eggnog|87/100 par|[from] Hail
|-heal|p1a: Blissey|100/100|[from] item: Leftovers
|-heal|p2a: Eggnog|93/100 par|[from] item: Leftovers
|upkeep
|turn|77
|
|t:|1743219250
|move|p1a: Blissey|Thunder Wave|p2a: Eggnog
|-fail|p2a: Eggnog|par
|move|p2a: Eggnog|Thunder Wave|p1a: Blissey
|-status|p1a: Blissey|par
|
|-weather|Hail|[upkeep]
|-damage|p1a: Blissey|94/100 par|[from] Hail
|-damage|p2a: Eggnog|87/100 par|[from] Hail
|-heal|p2a: Eggnog|100/100 par|[from] move: Wish|[wisher] Eggnog
|-heal|p1a: Blissey|100/100 par|[from] item: Leftovers
|upkeep
|turn|78
|
|t:|1743219261
|-curestatus|p1a: Blissey|par|[from] ability: Natural Cure
|switch|p1a: Starmie|Starmie|67/100
|move|p2a: Eggnog|Seismic Toss|p1a: Starmie
|-damage|p1a: Starmie|28/100
|
|-weather|Hail|[upkeep]
|-damage|p1a: Starmie|22/100|[from] Hail
|-damage|p2a: Eggnog|94/100 par|[from] Hail
|-heal|p1a: Starmie|28/100|[from] item: Leftovers
|-heal|p2a: Eggnog|100/100 par|[from] item: Leftovers
|upkeep
|turn|79
|
|t:|1743219273
|move|p1a: Starmie|Recover|p1a: Starmie
|-heal|p1a: Starmie|78/100
|cant|p2a: Eggnog|par
|
|-weather|Hail|[upkeep]
|-damage|p1a: Starmie|72/100|[from] Hail
|-damage|p2a: Eggnog|94/100 par|[from] Hail
|-heal|p1a: Starmie|78/100|[from] item: Leftovers
|-heal|p2a: Eggnog|100/100 par|[from] item: Leftovers
|upkeep
|turn|80
|
|t:|1743219282
|move|p1a: Starmie|Psyshock|p2a: Eggnog
|-damage|p2a: Eggnog|69/100 par
|move|p2a: Eggnog|Thunder Wave|p1a: Starmie
|-status|p1a: Starmie|par
|
|-weather|Hail|[upkeep]
|-damage|p1a: Starmie|72/100 par|[from] Hail
|-damage|p2a: Eggnog|63/100 par|[from] Hail
|-heal|p1a: Starmie|78/100 par|[from] item: Leftovers
|-heal|p2a: Eggnog|69/100 par|[from] item: Leftovers
|upkeep
|turn|81
|
|t:|1743219293
|-curestatus|p1a: Starmie|par|[from] ability: Natural Cure
|switch|p1a: Blissey|Blissey, F|100/100
|cant|p2a: Eggnog|par
|
|-weather|Hail|[upkeep]
|-damage|p1a: Blissey|94/100|[from] Hail
|-damage|p2a: Eggnog|63/100 par|[from] Hail
|-heal|p1a: Blissey|100/100|[from] item: Leftovers
|-heal|p2a: Eggnog|69/100 par|[from] item: Leftovers
|upkeep
|turn|82
|
|t:|1743219304
|move|p1a: Blissey|Seismic Toss|p2a: Eggnog
|-damage|p2a: Eggnog|55/100 par
|cant|p2a: Eggnog|par
|
|-weather|Hail|[upkeep]
|-damage|p1a: Blissey|94/100|[from] Hail
|-damage|p2a: Eggnog|49/100 par|[from] Hail
|-heal|p1a: Blissey|100/100|[from] item: Leftovers
|-heal|p2a: Eggnog|55/100 par|[from] item: Leftovers
|upkeep
|turn|83
|
|t:|1743219313
|move|p1a: Blissey|Seismic Toss|p2a: Eggnog
|-damage|p2a: Eggnog|41/100 par
|cant|p2a: Eggnog|par
|
|-weather|Hail|[upkeep]
|-damage|p1a: Blissey|94/100|[from] Hail
|-damage|p2a: Eggnog|35/100 par|[from] Hail
|-heal|p1a: Blissey|100/100|[from] item: Leftovers
|-heal|p2a: Eggnog|41/100 par|[from] item: Leftovers
|upkeep
|turn|84
|
|t:|1743219323
|switch|p1a: Starmie|Starmie|78/100
|move|p2a: Eggnog|Soft-Boiled|p2a: Eggnog
|-heal|p2a: Eggnog|91/100 par
|
|-weather|Hail|[upkeep]
|-damage|p1a: Starmie|72/100|[from] Hail
|-damage|p2a: Eggnog|85/100 par|[from] Hail
|-heal|p1a: Starmie|78/100|[from] item: Leftovers
|-heal|p2a: Eggnog|91/100 par|[from] item: Leftovers
|upkeep
|turn|85
|
|t:|1743219332
|move|p1a: Starmie|Psyshock|p2a: Eggnog
|-damage|p2a: Eggnog|59/100 par
|move|p2a: Eggnog|Thunder Wave|p1a: Starmie
|-status|p1a: Starmie|par
|
|-weather|Hail|[upkeep]
|-damage|p1a: Starmie|72/100 par|[from] Hail
|-damage|p2a: Eggnog|52/100 par|[from] Hail
|-heal|p1a: Starmie|78/100 par|[from] item: Leftovers
|-heal|p2a: Eggnog|59/100 par|[from] item: Leftovers
|upkeep
|turn|86
|
|t:|1743219343
|-curestatus|p1a: Starmie|par|[from] ability: Natural Cure
|switch|p1a: Blissey|Blissey, F|100/100
|cant|p2a: Eggnog|par
|
|-weather|Hail|[upkeep]
|-damage|p1a: Blissey|94/100|[from] Hail
|-damage|p2a: Eggnog|52/100 par|[from] Hail
|-heal|p1a: Blissey|100/100|[from] item: Leftovers
|-heal|p2a: Eggnog|59/100 par|[from] item: Leftovers
|upkeep
|turn|87
|
|t:|1743219353
|move|p1a: Blissey|Seismic Toss|p2a: Eggnog
|-damage|p2a: Eggnog|45/100 par
|move|p2a: Eggnog|Soft-Boiled|p2a: Eggnog
|-heal|p2a: Eggnog|95/100 par
|
|-weather|Hail|[upkeep]
|-damage|p1a: Blissey|94/100|[from] Hail
|-damage|p2a: Eggnog|88/100 par|[from] Hail
|-heal|p1a: Blissey|100/100|[from] item: Leftovers
|-heal|p2a: Eggnog|95/100 par|[from] item: Leftovers
|upkeep
|turn|88
|
|t:|1743219367
|move|p1a: Blissey|Seismic Toss|p2a: Eggnog
|-damage|p2a: Eggnog|81/100 par
|cant|p2a: Eggnog|par
|
|-weather|Hail|[upkeep]
|-damage|p1a: Blissey|94/100|[from] Hail
|-damage|p2a: Eggnog|74/100 par|[from] Hail
|-heal|p1a: Blissey|100/100|[from] item: Leftovers
|-heal|p2a: Eggnog|81/100 par|[from] item: Leftovers
|upkeep
|turn|89
|
|t:|1743219376
|move|p1a: Blissey|Seismic Toss|p2a: Eggnog
|-damage|p2a: Eggnog|67/100 par
|cant|p2a: Eggnog|par
|
|-weather|Hail|[upkeep]
|-damage|p1a: Blissey|94/100|[from] Hail
|-damage|p2a: Eggnog|60/100 par|[from] Hail
|-heal|p1a: Blissey|100/100|[from] item: Leftovers
|-heal|p2a: Eggnog|67/100 par|[from] item: Leftovers
|upkeep
|turn|90
|
|t:|1743219386
|switch|p1a: Starmie|Starmie|78/100
|move|p2a: Eggnog|Wish|p2a: Eggnog
|
|-weather|Hail|[upkeep]
|-damage|p1a: Starmie|72/100|[from] Hail
|-damage|p2a: Eggnog|60/100 par|[from] Hail
|-heal|p1a: Starmie|78/100|[from] item: Leftovers
|-heal|p2a: Eggnog|67/100 par|[from] item: Leftovers
|upkeep
|turn|91
|
|t:|1743219395
|move|p1a: Starmie|Psyshock|p2a: Eggnog
|-damage|p2a: Eggnog|35/100 par
|cant|p2a: Eggnog|par
|
|-weather|Hail|[upkeep]
|-damage|p1a: Starmie|72/100|[from] Hail
|-damage|p2a: Eggnog|29/100 par|[from] Hail
|-heal|p2a: Eggnog|79/100 par|[from] move: Wish|[wisher] Eggnog
|-heal|p1a: Starmie|78/100|[from] item: Leftovers
|-heal|p2a: Eggnog|85/100 par|[from] item: Leftovers
|upkeep
|turn|92
|
|t:|1743219405
|move|p1a: Starmie|Psyshock|p2a: Eggnog
|-damage|p2a: Eggnog|53/100 par
|move|p2a: Eggnog|Wish|p2a: Eggnog
|
|-weather|Hail|[upkeep]
|-damage|p1a: Starmie|72/100|[from] Hail
|-damage|p2a: Eggnog|47/100 par|[from] Hail
|-heal|p1a: Starmie|78/100|[from] item: Leftovers
|-heal|p2a: Eggnog|53/100 par|[from] item: Leftovers
|upkeep
|turn|93
|
|t:|1743219415
|move|p1a: Starmie|Psyshock|p2a: Eggnog
|-damage|p2a: Eggnog|20/100 par
|move|p2a: Eggnog|Seismic Toss|p1a: Starmie
|-damage|p1a: Starmie|40/100
|
|-weather|Hail|[upkeep]
|-damage|p1a: Starmie|34/100|[from] Hail
|-damage|p2a: Eggnog|14/100 par|[from] Hail
|-heal|p2a: Eggnog|64/100 par|[from] move: Wish|[wisher] Eggnog
|-heal|p1a: Starmie|40/100|[from] item: Leftovers
|-heal|p2a: Eggnog|70/100 par|[from] item: Leftovers
|upkeep
|turn|94
|
|t:|1743219429
|move|p1a: Starmie|Recover|p1a: Starmie
|-heal|p1a: Starmie|90/100
|move|p2a: Eggnog|Soft-Boiled|p2a: Eggnog
|-heal|p2a: Eggnog|100/100 par
|
|-weather|Hail|[upkeep]
|-damage|p1a: Starmie|84/100|[from] Hail
|-damage|p2a: Eggnog|94/100 par|[from] Hail
|-heal|p1a: Starmie|90/100|[from] item: Leftovers
|-heal|p2a: Eggnog|100/100 par|[from] item: Leftovers
|upkeep
|turn|95
|
|t:|1743219439
|move|p1a: Starmie|Psyshock|p2a: Eggnog
|-damage|p2a: Eggnog|71/100 par
|move|p2a: Eggnog|Seismic Toss|p1a: Starmie
|-damage|p1a: Starmie|52/100
|
|-weather|Hail|[upkeep]
|-damage|p1a: Starmie|46/100|[from] Hail
|-damage|p2a: Eggnog|64/100 par|[from] Hail
|-heal|p1a: Starmie|52/100|[from] item: Leftovers
|-heal|p2a: Eggnog|71/100 par|[from] item: Leftovers
|upkeep
|turn|96
|
|t:|1743219449
|move|p1a: Starmie|Recover|p1a: Starmie
|-heal|p1a: Starmie|100/100
|move|p2a: Eggnog|Seismic Toss|p1a: Starmie
|-damage|p1a: Starmie|62/100
|
|-weather|Hail|[upkeep]
|-damage|p1a: Starmie|56/100|[from] Hail
|-damage|p2a: Eggnog|64/100 par|[from] Hail
|-heal|p1a: Starmie|62/100|[from] item: Leftovers
|-heal|p2a: Eggnog|71/100 par|[from] item: Leftovers
|upkeep
|turn|97
|
|t:|1743219459
|move|p1a: Starmie|Psyshock|p2a: Eggnog
|-damage|p2a: Eggnog|40/100 par
|cant|p2a: Eggnog|par
|
|-weather|Hail|[upkeep]
|-damage|p1a: Starmie|56/100|[from] Hail
|-damage|p2a: Eggnog|34/100 par|[from] Hail
|-heal|p1a: Starmie|62/100|[from] item: Leftovers
|-heal|p2a: Eggnog|40/100 par|[from] item: Leftovers
|upkeep
|turn|98
|
|t:|1743219468
|move|p1a: Starmie|Psyshock|p2a: Eggnog
|-damage|p2a: Eggnog|11/100 par
|move|p2a: Eggnog|Soft-Boiled|p2a: Eggnog
|-heal|p2a: Eggnog|61/100 par
|
|-weather|Hail|[upkeep]
|-damage|p1a: Starmie|56/100|[from] Hail
|-damage|p2a: Eggnog|55/100 par|[from] Hail
|-heal|p1a: Starmie|62/100|[from] item: Leftovers
|-heal|p2a: Eggnog|61/100 par|[from] item: Leftovers
|upkeep
|turn|99
|
|t:|1743219478
|move|p1a: Starmie|Psyshock|p2a: Eggnog
|-damage|p2a: Eggnog|32/100 par
|cant|p2a: Eggnog|par
|
|-weather|Hail|[upkeep]
|-damage|p1a: Starmie|56/100|[from] Hail
|-damage|p2a: Eggnog|26/100 par|[from] Hail
|-heal|p1a: Starmie|62/100|[from] item: Leftovers
|-heal|p2a: Eggnog|32/100 par|[from] item: Leftovers
|upkeep
|turn|100
|
|t:|1743219487
|move|p1a: Starmie|Psyshock|p2a: Eggnog
|-damage|p2a: Eggnog|3/100 par
|move|p2a: Eggnog|Soft-Boiled|p2a: Eggnog
|-heal|p2a: Eggnog|53/100 par
|
|-weather|Hail|[upkeep]
|-damage|p1a: Starmie|56/100|[from] Hail
|-damage|p2a: Eggnog|47/100 par|[from] Hail
|-heal|p1a: Starmie|62/100|[from] item: Leftovers
|-heal|p2a: Eggnog|53/100 par|[from] item: Leftovers
|upkeep
|turn|101
|
|t:|1743219496
|move|p1a: Starmie|Psyshock|p2a: Eggnog
|-crit|p2a: Eggnog
|-damage|p2a: Eggnog|0 fnt
|faint|p2a: Eggnog
|
|-weather|Hail|[upkeep]
|-damage|p1a: Starmie|56/100|[from] Hail
|-heal|p1a: Starmie|62/100|[from] item: Leftovers
|upkeep
|
|t:|1743219499
|switch|p2a: Christmas Baby|Latios, M, shiny|82/100
|-damage|p2a: Christmas Baby|70/100|[from] Stealth Rock
|turn|102
|
|t:|1743219507
|switch|p1a: Blissey|Blissey, F|100/100
|move|p2a: Christmas Baby|Draco Meteor|p1a: Blissey
|-damage|p1a: Blissey|75/100
|-unboost|p2a: Christmas Baby|spa|2
|-enditem|p2a: Christmas Baby|White Herb
|-clearnegativeboost|p2a: Christmas Baby|[silent]
|
|-weather|Hail|[upkeep]
|-damage|p2a: Christmas Baby|64/100|[from] Hail
|-damage|p1a: Blissey|69/100|[from] Hail
|-heal|p1a: Blissey|75/100|[from] item: Leftovers
|upkeep
|turn|103
|
|t:|1743219518
|move|p2a: Christmas Baby|Surf|p1a: Blissey
|-damage|p1a: Blissey|62/100
|move|p1a: Blissey|Thunder Wave|p2a: Christmas Baby
|-status|p2a: Christmas Baby|par
|
|-weather|Hail|[upkeep]
|-damage|p1a: Blissey|56/100|[from] Hail
|-damage|p2a: Christmas Baby|58/100 par|[from] Hail
|-heal|p1a: Blissey|62/100|[from] item: Leftovers
|upkeep
|turn|104
|
|t:|1743219528
|move|p1a: Blissey|Soft-Boiled|p1a: Blissey
|-heal|p1a: Blissey|100/100
|move|p2a: Christmas Baby|Roost|p2a: Christmas Baby
|-heal|p2a: Christmas Baby|100/100 par
|-singleturn|p2a: Christmas Baby|move: Roost
|
|-weather|Hail|[upkeep]
|-damage|p1a: Blissey|94/100|[from] Hail
|-damage|p2a: Christmas Baby|95/100 par|[from] Hail
|-heal|p1a: Blissey|100/100|[from] item: Leftovers
|upkeep
|turn|105
|
|t:|1743219539
|move|p1a: Blissey|Seismic Toss|p2a: Christmas Baby
|-damage|p2a: Christmas Baby|61/100 par
|cant|p2a: Christmas Baby|par
|
|-weather|Hail|[upkeep]
|-damage|p1a: Blissey|94/100|[from] Hail
|-damage|p2a: Christmas Baby|55/100 par|[from] Hail
|-heal|p1a: Blissey|100/100|[from] item: Leftovers
|upkeep
|turn|106
|
|t:|1743219548
|move|p1a: Blissey|Seismic Toss|p2a: Christmas Baby
|-damage|p2a: Christmas Baby|22/100 par
|move|p2a: Christmas Baby|Roost|p2a: Christmas Baby
|-heal|p2a: Christmas Baby|72/100 par
|-singleturn|p2a: Christmas Baby|move: Roost
|
|-weather|Hail|[upkeep]
|-damage|p1a: Blissey|94/100|[from] Hail
|-damage|p2a: Christmas Baby|66/100 par|[from] Hail
|-heal|p1a: Blissey|100/100|[from] item: Leftovers
|upkeep
|turn|107
|
|t:|1743219557
|move|p1a: Blissey|Seismic Toss|p2a: Christmas Baby
|-damage|p2a: Christmas Baby|33/100 par
|move|p2a: Christmas Baby|Roost|p2a: Christmas Baby
|-heal|p2a: Christmas Baby|83/100 par
|-singleturn|p2a: Christmas Baby|move: Roost
|
|-weather|Hail|[upkeep]
|-damage|p1a: Blissey|94/100|[from] Hail
|-damage|p2a: Christmas Baby|77/100 par|[from] Hail
|-heal|p1a: Blissey|100/100|[from] item: Leftovers
|upkeep
|turn|108
|
|t:|1743219566
|move|p1a: Blissey|Seismic Toss|p2a: Christmas Baby
|-damage|p2a: Christmas Baby|44/100 par
|cant|p2a: Christmas Baby|par
|
|-weather|Hail|[upkeep]
|-damage|p1a: Blissey|94/100|[from] Hail
|-damage|p2a: Christmas Baby|38/100 par|[from] Hail
|-heal|p1a: Blissey|100/100|[from] item: Leftovers
|upkeep
|turn|109
|
|t:|1743219574
|move|p1a: Blissey|Seismic Toss|p2a: Christmas Baby
|-damage|p2a: Christmas Baby|5/100 par
|cant|p2a: Christmas Baby|par
|
|-weather|Hail|[upkeep]
|-damage|p1a: Blissey|94/100|[from] Hail
|-damage|p2a: Christmas Baby|0 fnt|[from] Hail
|faint|p2a: Christmas Baby
|
|win|OrangeFang
|raw|OrangeFang's rating: 1309 &rarr; <strong>1331</strong><br />(+22 for winning)
|raw|Simplexous's rating: 1337 &rarr; <strong>1315</strong><br />(-22 for losing)
