|j|☆Yokao893
|j|☆BookofConke
|t:|1702960697
|gametype|singles
|player|p1|Yokao893|grimsley|1450
|player|p2|BookofConke|silver-masters|1512
|teamsize|p1|6
|teamsize|p2|6
|gen|5
|tier|[Gen 5] OU
|rated|
|rule|Species Clause: Limit one of each Pokémon
|rule|OHKO Clause: OHKO moves are banned
|rule|Moody Clause: Moody is banned
|rule|Evasion Items Clause: Evasion items are banned
|rule|Evasion Moves Clause: Evasion moves are banned
|rule|Endless Battle Clause: Forcing endless battles is banned
|rule|HP Percentage Mod: HP is shown in percentages
|rule|Evasion Abilities Clause: Evasion abilities are banned
|rule|Sleep Moves Clause: Sleep-inducing moves are banned
|rule|Swagger Clause: Swagger is banned
|rule|Baton Pass Stat Clause: No Baton Passer may have a way to boost its stats
|clearpoke
|poke|p1|Ninetales, F|item
|poke|p1|Victini|item
|poke|p1|Xatu, M|item
|poke|p1|Cresselia, F|item
|poke|p1|Excadrill, F|item
|poke|p1|Chansey, F|item
|poke|p2|Kyurem-Black|item
|poke|p2|Garchomp, M|item
|poke|p2|Magnezone|item
|poke|p2|Salamence, F|item
|poke|p2|Scizor, F|item
|poke|p2|Starmie|item
|teampreview
|inactive|Battle timer is ON: inactive players will automatically lose when time's up. (requested by Yokao893)
|
|t:|1702960711
|start
|switch|p1a: Kyuubi|Ninetales, F|100/100
|switch|p2a: Garchomp|Garchomp, M|100/100
|-weather|SunnyDay|[from] ability: Drought|[of] p1a: Kyuubi
|turn|1
|
|t:|1702960726
|switch|p1a: Horus|Xatu, M|100/100
|move|p2a: Garchomp|Swords Dance|p2a: Garchomp
|-boost|p2a: Garchomp|atk|2
|
|-weather|SunnyDay|[upkeep]
|upkeep
|turn|2
|
|t:|1702960748
|switch|p1a: Waffles|Cresselia, F|100/100
|move|p2a: Garchomp|Outrage|p1a: Waffles
|-damage|p1a: Waffles|40/100
|
|-weather|SunnyDay|[upkeep]
|-heal|p1a: Waffles|46/100|[from] item: Leftovers
|upkeep
|turn|3
|
|t:|1702960759
|switch|p1a: Boota|Excadrill, F|100/100
|-ability|p1a: Boota|Mold Breaker
|move|p2a: Garchomp|Outrage|p1a: Boota|[from]lockedmove
|-resisted|p1a: Boota
|-damage|p1a: Boota|9/100
|-start|p2a: Garchomp|confusion|[fatigue]
|
|-weather|SunnyDay|[upkeep]
|-heal|p1a: Boota|15/100|[from] item: Leftovers
|upkeep
|turn|4
|inactive|BookofConke has 120 seconds left.
|
|t:|1702960787
|switch|p2a: Starmie|Starmie|100/100
|-item|p2a: Starmie|Air Balloon
|move|p1a: Boota|Earthquake|p2a: Starmie
|-immune|p2a: Starmie
|
|-weather|SunnyDay|[upkeep]
|-heal|p1a: Boota|21/100|[from] item: Leftovers
|upkeep
|turn|5
|inactive|BookofConke has 120 seconds left.
|
|t:|1702960821
|switch|p2a: Garchomp|Garchomp, M|100/100
|switch|p1a: Egg|Chansey, F|100/100
|
|-weather|SunnyDay|[upkeep]
|upkeep
|turn|6
|
|t:|1702960834
|switch|p1a: Waffles|Cresselia, F|46/100
|move|p2a: Garchomp|Swords Dance|p2a: Garchomp
|-boost|p2a: Garchomp|atk|2
|
|-weather|SunnyDay|[upkeep]
|-heal|p1a: Waffles|52/100|[from] item: Leftovers
|upkeep
|turn|7
|
|t:|1702960844
|switch|p1a: Horus|Xatu, M|100/100
|move|p2a: Garchomp|Outrage|p1a: Horus
|-damage|p1a: Horus|0 fnt
|-damage|p2a: Garchomp|84/100|[from] item: Rocky Helmet|[of] p1a: Horus
|faint|p1a: Horus
|
|-weather|SunnyDay|[upkeep]
|upkeep
|
|t:|1702960849
|switch|p1a: Kyuubi|Ninetales, F|100/100
|turn|8
|
|t:|1702960855
|move|p2a: Garchomp|Outrage|p1a: Kyuubi|[from]lockedmove
|-damage|p1a: Kyuubi|0 fnt
|faint|p1a: Kyuubi
|
|-weather|SunnyDay|[upkeep]
|upkeep
|
|t:|1702960861
|switch|p1a: Lucky 7|Victini|100/100
|turn|9
|
|t:|1702960863
|move|p1a: Lucky 7|V-create|p2a: Garchomp
|-resisted|p2a: Garchomp
|-damage|p2a: Garchomp|21/100
|-unboost|p1a: Lucky 7|spe|1
|-unboost|p1a: Lucky 7|def|1
|-unboost|p1a: Lucky 7|spd|1
|-damage|p1a: Lucky 7|88/100|[from] ability: Rough Skin|[of] p2a: Garchomp
|move|p2a: Garchomp|Outrage|p1a: Lucky 7|[from]lockedmove
|-damage|p1a: Lucky 7|0 fnt
|faint|p1a: Lucky 7
|-start|p2a: Garchomp|confusion|[fatigue]
|
|-weather|SunnyDay|[upkeep]
|upkeep
|-message|Yokao893 forfeited.
|
|win|BookofConke
|raw|Yokao893's rating: 1450 &rarr; <strong>1434</strong><br />(-16 for losing)
|raw|BookofConke's rating: 1512 &rarr; <strong>1528</strong><br />(+16 for winning)
|l|☆Yokao893
