|j|☆Croaset
|j|☆Clawdia Chauchat
|t:|1707072034
|gametype|singles
|player|p1|Croaset|elesa|1499
|player|p2|Clawdia Chauchat|winona|1438
|teamsize|p1|6
|teamsize|p2|6
|gen|5
|tier|[Gen 5] OU
|rated|
|rule|Species Clause: Limit one of each Pokémon
|rule|OHKO Clause: OHKO moves are banned
|rule|Moody Clause: Moody is banned
|rule|Evasion Items Clause: Evasion items are banned
|rule|Evasion Moves Clause: Evasion moves are banned
|rule|Endless Battle Clause: Forcing endless battles is banned
|rule|HP Percentage Mod: HP is shown in percentages
|rule|Evasion Abilities Clause: Evasion abilities are banned
|rule|Sleep Moves Clause: Sleep-inducing moves are banned
|rule|Swagger Clause: Swagger is banned
|rule|Baton Pass Stat Clause: No Baton Passer may have a way to boost its stats
|clearpoke
|poke|p1|Politoed, M|item
|poke|p1|Tentacruel, M|item
|poke|p1|Ferrothorn, M|item
|poke|p1|Virizion|item
|poke|p1|Thundurus-Therian, M|item
|poke|p1|Toxicroak, F|item
|poke|p2|Abomasnow, F|item
|poke|p2|Clefable, F|item
|poke|p2|Kyurem|item
|poke|p2|Slowking, F|item
|poke|p2|Excadrill, M|item
|poke|p2|Skarmory, M|item
|teampreview
|
|t:|1707072072
|start
|switch|p1a: Thundurus|Thundurus-Therian, M|100/100
|switch|p2a: Abomasnow|Abomasnow, F|100/100
|-weather|Hail|[from] ability: Snow Warning|[of] p2a: Abomasnow
|turn|1
|inactive|Battle timer is ON: inactive players will automatically lose when time's up. (requested by Croaset)
|inactive|Clawdia Chauchat has 120 seconds left.
|
|t:|1707072122
|switch|p1a: Ferrothorn|Ferrothorn, M, shiny|100/100
|move|p2a: Abomasnow|Blizzard|p1a: Ferrothorn
|-damage|p1a: Ferrothorn|71/100
|
|-weather|Hail|[upkeep]
|-damage|p1a: Ferrothorn|65/100|[from] Hail
|-heal|p1a: Ferrothorn|71/100|[from] item: Leftovers
|upkeep
|turn|2
|
|t:|1707072131
|move|p2a: Abomasnow|Blizzard|p1a: Ferrothorn
|-damage|p1a: Ferrothorn|41/100
|move|p1a: Ferrothorn|Stealth Rock|p2a: Abomasnow
|-sidestart|p2: Clawdia Chauchat|move: Stealth Rock
|
|-weather|Hail|[upkeep]
|-damage|p1a: Ferrothorn|34/100|[from] Hail
|-heal|p1a: Ferrothorn|41/100|[from] item: Leftovers
|upkeep
|turn|3
|inactive|Clawdia Chauchat has 120 seconds left.
|
|t:|1707072168
|move|p2a: Abomasnow|Blizzard|p1a: Ferrothorn
|-damage|p1a: Ferrothorn|10/100
|move|p1a: Ferrothorn|Knock Off|p2a: Abomasnow
|-damage|p2a: Abomasnow|95/100
|-enditem|p2a: Abomasnow|Leftovers|[from] move: Knock Off|[of] p1a: Ferrothorn
|
|-weather|Hail|[upkeep]
|-damage|p1a: Ferrothorn|3/100|[from] Hail
|-heal|p1a: Ferrothorn|10/100|[from] item: Leftovers
|upkeep
|turn|4
|inactive|Clawdia Chauchat has 120 seconds left.
|
|t:|1707072173
|switch|p1a: Politoed|Politoed, M, shiny|100/100
|-weather|RainDance|[from] ability: Drizzle|[of] p1a: Politoed
|move|p2a: Abomasnow|Blizzard|p1a: Politoed
|-resisted|p1a: Politoed
|-damage|p1a: Politoed|83/100
|
|-weather|RainDance|[upkeep]
|-heal|p1a: Politoed|90/100|[from] item: Leftovers
|upkeep
|turn|5
|inactive|Clawdia Chauchat has 120 seconds left.
|
|t:|1707072193
|switch|p1a: Toxicroak|Toxicroak, F|100/100
|switch|p2a: Excadrill|Excadrill, M|100/100
|-damage|p2a: Excadrill|97/100|[from] Stealth Rock
|-ability|p2a: Excadrill|Mold Breaker
|
|-weather|RainDance|[upkeep]
|-heal|p2a: Excadrill|100/100|[from] item: Leftovers
|upkeep
|turn|6
|
|t:|1707072197
|switch|p1a: Virizion|Virizion|100/100
|move|p2a: Excadrill|Earthquake|p1a: Virizion
|-resisted|p1a: Virizion
|-damage|p1a: Virizion|70/100
|
|-weather|RainDance|[upkeep]
|-heal|p1a: Virizion|77/100|[from] item: Leftovers
|upkeep
|turn|7
|inactive|Clawdia Chauchat has 120 seconds left.
|
|t:|1707072217
|switch|p2a: Skarmory|Skarmory, M|100/100
|-damage|p2a: Skarmory|88/100|[from] Stealth Rock
|move|p1a: Virizion|Calm Mind|p1a: Virizion
|-boost|p1a: Virizion|spa|1
|-boost|p1a: Virizion|spd|1
|
|-weather|RainDance|[upkeep]
|-heal|p1a: Virizion|83/100|[from] item: Leftovers
|-heal|p2a: Skarmory|94/100|[from] item: Leftovers
|upkeep
|turn|8
|inactive|Croaset has 120 seconds left.
|
|t:|1707072259
|switch|p1a: Thundurus|Thundurus-Therian, M|100/100
|move|p2a: Skarmory|Brave Bird|p1a: Thundurus
|-resisted|p1a: Thundurus
|-damage|p1a: Thundurus|75/100
|-damage|p2a: Skarmory|87/100|[from] Recoil
|
|-weather|RainDance|[upkeep]
|-heal|p1a: Thundurus|81/100|[from] item: Leftovers
|-heal|p2a: Skarmory|93/100|[from] item: Leftovers
|upkeep
|turn|9
|inactive|Clawdia Chauchat has 120 seconds left.
|
|t:|1707072293
|switch|p2a: Abomasnow|Abomasnow, F|95/100
|-damage|p2a: Abomasnow|70/100|[from] Stealth Rock
|-weather|Hail|[from] ability: Snow Warning|[of] p2a: Abomasnow
|move|p1a: Thundurus|Substitute|p1a: Thundurus
|-start|p1a: Thundurus|Substitute
|-damage|p1a: Thundurus|57/100
|
|-weather|Hail|[upkeep]
|-damage|p1a: Thundurus|51/100|[from] Hail
|-heal|p1a: Thundurus|57/100|[from] item: Leftovers
|upkeep
|turn|10
|
|t:|1707072299
|switch|p2a: Clefable|Clefable, F|100/100
|move|p1a: Thundurus|Focus Blast|p2a: Clefable
|-supereffective|p2a: Clefable
|-damage|p2a: Clefable|43/100
|
|-weather|Hail|[upkeep]
|-damage|p1a: Thundurus|51/100|[from] Hail
|-heal|p1a: Thundurus|57/100|[from] item: Leftovers
|-heal|p2a: Clefable|49/100|[from] item: Leftovers
|upkeep
|turn|11
|
|t:|1707072304
|move|p2a: Clefable|Protect|p2a: Clefable
|-singleturn|p2a: Clefable|Protect
|move|p1a: Thundurus|Focus Blast|p2a: Clefable
|-activate|p2a: Clefable|move: Protect
|
|-weather|Hail|[upkeep]
|-damage|p1a: Thundurus|51/100|[from] Hail
|-heal|p1a: Thundurus|57/100|[from] item: Leftovers
|-heal|p2a: Clefable|55/100|[from] item: Leftovers
|upkeep
|turn|12
|inactive|Clawdia Chauchat has 120 seconds left.
|inactive|Clawdia Chauchat has 90 seconds left.
|inactive|Clawdia Chauchat has 60 seconds left.
|
|t:|1707072384
|move|p2a: Clefable|Protect|p2a: Clefable
|-singleturn|p2a: Clefable|Protect
|move|p1a: Thundurus|Focus Blast|p2a: Clefable
|-activate|p2a: Clefable|move: Protect
|
|-weather|Hail|[upkeep]
|-damage|p1a: Thundurus|51/100|[from] Hail
|-heal|p1a: Thundurus|57/100|[from] item: Leftovers
|-heal|p2a: Clefable|61/100|[from] item: Leftovers
|upkeep
|turn|13
|
|t:|1707072389
|move|p1a: Thundurus|Focus Blast|p2a: Clefable
|-supereffective|p2a: Clefable
|-damage|p2a: Clefable|0 fnt
|faint|p2a: Clefable
|
|-weather|Hail|[upkeep]
|-damage|p1a: Thundurus|51/100|[from] Hail
|-heal|p1a: Thundurus|57/100|[from] item: Leftovers
|upkeep
|inactive|Clawdia Chauchat has 60 seconds left.
|
|t:|1707072427
|switch|p2a: Kyurem|Kyurem|100/100
|-damage|p2a: Kyurem|76/100|[from] Stealth Rock
|-ability|p2a: Kyurem|Pressure
|turn|14
|
|t:|1707072431
|move|p1a: Thundurus|Focus Blast|p2a: Kyurem
|-supereffective|p2a: Kyurem
|-damage|p2a: Kyurem|0 fnt
|faint|p2a: Kyurem
|
|-weather|Hail|[upkeep]
|-damage|p1a: Thundurus|51/100|[from] Hail
|-heal|p1a: Thundurus|57/100|[from] item: Leftovers
|upkeep
|-message|Clawdia Chauchat forfeited.
|
|win|Croaset
|raw|Croaset's rating: 1499 &rarr; <strong>1516</strong><br />(+17 for winning)
|raw|Clawdia Chauchat's rating: 1438 &rarr; <strong>1421</strong><br />(-17 for losing)
|l|☆Clawdia Chauchat
|player|p2|
