|j|☆Capitao General ll
|j|☆ythhhh
|t:|1729693313
|gametype|singles
|player|p1|Capitao General ll|clemont|1292
|player|p2|ythhhh|170|1552
|teamsize|p1|6
|teamsize|p2|6
|gen|5
|tier|[Gen 5] OU
|rated|
|rule|Species Clause: Limit one of each Pokémon
|rule|OHKO Clause: OHKO moves are banned
|rule|Moody Clause: Moody is banned
|rule|Evasion Items Clause: Evasion items are banned
|rule|Evasion Moves Clause: Evasion moves are banned
|rule|Endless Battle Clause: Forcing endless battles is banned
|rule|HP Percentage Mod: HP is shown in percentages
|rule|Evasion Abilities Clause: Evasion abilities are banned
|rule|Sleep Moves Clause: Sleep-inducing moves are banned
|rule|Swagger Clause: Swagger is banned
|rule|Baton Pass Stat Clause: No Baton Passer may have a way to boost its stats
|clearpoke
|poke|p1|Skarmory, F|item
|poke|p1|Jellicent, M|item
|poke|p1|Alakazam, F|item
|poke|p1|Mamoswine, F|item
|poke|p1|Excadrill, M|item
|poke|p1|Tyranitar, M|item
|poke|p2|Abomasnow, M|item
|poke|p2|Mamoswine, M|item
|poke|p2|Forretress, M|item
|poke|p2|Jirachi|item
|poke|p2|Latios, M|item
|poke|p2|Alakazam, F|item
|teampreview
|c|☆Capitao General ll|Hd
|c|☆Capitao General ll|Hf*
|c|☆ythhhh|u2
|
|t:|1729693335
|start
|switch|p1a: Skarmory|Skarmory, F|100/100
|switch|p2a: Abomasnow|Abomasnow, M|100/100
|-weather|Hail|[from] ability: Snow Warning|[of] p2a: Abomasnow
|turn|1
|
|t:|1729693338
|move|p1a: Skarmory|Stealth Rock|p2a: Abomasnow
|-sidestart|p2: ythhhh|move: Stealth Rock
|move|p2a: Abomasnow|Blizzard|p1a: Skarmory
|-damage|p1a: Skarmory|16/100
|
|-weather|Hail|[upkeep]
|-damage|p1a: Skarmory|10/100|[from] Hail
|upkeep
|turn|2
|inactive|Battle timer is ON: inactive players will automatically lose when time's up. (requested by ythhhh)
|-enditem|p1a: Skarmory|Custap Berry|[eat]
|-activate|p1a: Skarmory|item: Custap Berry|[consumed]
|
|t:|1729693361
|move|p2a: Abomasnow|Ice Shard|p1a: Skarmory
|-damage|p1a: Skarmory|0 fnt
|faint|p1a: Skarmory
|
|-weather|Hail|[upkeep]
|upkeep
|
|t:|1729693368
|switch|p1a: Excadrill|Excadrill, M|100/100
|turn|3
|
|t:|1729693374
|switch|p2a: Forretress|Forretress, M|100/100
|-damage|p2a: Forretress|88/100|[from] Stealth Rock
|move|p1a: Excadrill|Iron Head|p2a: Forretress
|-resisted|p2a: Forretress
|-damage|p2a: Forretress|74/100
|-damage|p1a: Excadrill|84/100|[from] item: Rocky Helmet|[of] p2a: Forretress
|
|-weather|Hail|[upkeep]
|-damage|p1a: Excadrill|78/100|[from] Hail
|upkeep
|turn|4
|
|t:|1729693379
|switch|p1a: Jellicent|Jellicent, M|100/100
|-item|p1a: Jellicent|Air Balloon
|move|p2a: Forretress|Spikes|p1a: Jellicent
|-sidestart|p1: Capitao General ll|Spikes
|
|-weather|Hail|[upkeep]
|-damage|p1a: Jellicent|94/100|[from] Hail
|upkeep
|turn|5
|
|t:|1729693385
|move|p1a: Jellicent|Taunt|p2a: Forretress
|-start|p2a: Forretress|move: Taunt
|move|p2a: Forretress|Volt Switch|p1a: Jellicent
|-supereffective|p1a: Jellicent
|-damage|p1a: Jellicent|76/100
|-enditem|p1a: Jellicent|Air Balloon
|
|t:|1729693398
|switch|p2a: Abomasnow|Abomasnow, M|100/100|[from] Volt Switch
|-damage|p2a: Abomasnow|75/100|[from] Stealth Rock
|
|-weather|Hail|[upkeep]
|-damage|p1a: Jellicent|70/100|[from] Hail
|-heal|p2a: Abomasnow|82/100|[from] item: Leftovers
|upkeep
|turn|6
|
|t:|1729693414
|move|p1a: Jellicent|Will-O-Wisp|p2a: Abomasnow
|-status|p2a: Abomasnow|brn
|move|p2a: Abomasnow|Giga Drain|p1a: Jellicent
|-supereffective|p1a: Jellicent
|-damage|p1a: Jellicent|25/100
|-heal|p2a: Abomasnow|100/100 brn|[from] drain|[of] p1a: Jellicent
|
|-weather|Hail|[upkeep]
|-damage|p1a: Jellicent|19/100|[from] Hail
|-damage|p2a: Abomasnow|88/100 brn|[from] brn
|upkeep
|turn|7
|
|t:|1729693420
|move|p1a: Jellicent|Recover|p1a: Jellicent
|-heal|p1a: Jellicent|69/100
|move|p2a: Abomasnow|Giga Drain|p1a: Jellicent
|-supereffective|p1a: Jellicent
|-damage|p1a: Jellicent|17/100
|-heal|p2a: Abomasnow|100/100 brn|[from] drain|[of] p1a: Jellicent
|
|-weather|Hail|[upkeep]
|-damage|p1a: Jellicent|11/100|[from] Hail
|-damage|p2a: Abomasnow|88/100 brn|[from] brn
|upkeep
|turn|8
|
|t:|1729693431
|move|p1a: Jellicent|Night Shade|p2a: Abomasnow
|-damage|p2a: Abomasnow|62/100 brn
|move|p2a: Abomasnow|Giga Drain|p1a: Jellicent
|-supereffective|p1a: Jellicent
|-damage|p1a: Jellicent|0 fnt
|-heal|p2a: Abomasnow|67/100 brn|[from] drain|[of] p1a: Jellicent
|faint|p1a: Jellicent
|
|-weather|Hail|[upkeep]
|-heal|p2a: Abomasnow|74/100 brn|[from] item: Leftovers
|-damage|p2a: Abomasnow|61/100 brn|[from] brn
|upkeep
|inactive|Capitao General ll has 120 seconds left.
|
|t:|1729693466
|switch|p1a: Mamoswine|Mamoswine, F|100/100
|-damage|p1a: Mamoswine|88/100|[from] Spikes
|turn|9
|
|t:|1729693473
|move|p1a: Mamoswine|Icicle Crash|p2a: Abomasnow
|-damage|p2a: Abomasnow|0 fnt
|faint|p2a: Abomasnow
|
|-weather|Hail|[upkeep]
|upkeep
|
|t:|1729693480
|switch|p2a: Forretress|Forretress, M|74/100
|-damage|p2a: Forretress|61/100|[from] Stealth Rock
|turn|10
|
|t:|1729693484
|move|p1a: Mamoswine|Earthquake|p2a: Forretress
|-damage|p2a: Forretress|23/100
|move|p2a: Forretress|Rapid Spin|p1a: Mamoswine
|-damage|p1a: Mamoswine|84/100
|-sideend|p2: ythhhh|Stealth Rock|[from] move: Rapid Spin|[of] p2a: Forretress
|
|-weather|Hail|[upkeep]
|upkeep
|turn|11
|
|t:|1729693500
|move|p1a: Mamoswine|Icicle Crash|p2a: Forretress
|-resisted|p2a: Forretress
|-damage|p2a: Forretress|3/100
|move|p2a: Forretress|Spikes|p1a: Mamoswine
|-sidestart|p1: Capitao General ll|Spikes
|
|-weather|Hail|[upkeep]
|upkeep
|turn|12
|
|t:|1729693507
|move|p1a: Mamoswine|Ice Shard|p2a: Forretress
|-resisted|p2a: Forretress
|-damage|p2a: Forretress|0 fnt
|faint|p2a: Forretress
|
|-weather|Hail|[upkeep]
|upkeep
|
|t:|1729693526
|switch|p2a: Mamoswine|Mamoswine, M|100/100
|turn|13
|
|t:|1729693539
|move|p2a: Mamoswine|Earthquake|p1a: Mamoswine
|-damage|p1a: Mamoswine|21/100
|move|p1a: Mamoswine|Superpower|p2a: Mamoswine
|-supereffective|p2a: Mamoswine
|-enditem|p2a: Mamoswine|Focus Sash
|-damage|p2a: Mamoswine|1/100
|-unboost|p1a: Mamoswine|atk|1
|-unboost|p1a: Mamoswine|def|1
|
|-weather|Hail|[upkeep]
|upkeep
|turn|14
|
|t:|1729693547
|move|p2a: Mamoswine|Ice Shard|p1a: Mamoswine
|-damage|p1a: Mamoswine|3/100
|move|p1a: Mamoswine|Ice Shard|p2a: Mamoswine
|-damage|p2a: Mamoswine|0 fnt
|faint|p2a: Mamoswine
|
|-weather|Hail|[upkeep]
|upkeep
|
|t:|1729693552
|switch|p2a: Jirachi|Jirachi|100/100
|turn|15
|
|t:|1729693556
|move|p1a: Mamoswine|Earthquake|p2a: Jirachi
|-supereffective|p2a: Jirachi
|-damage|p2a: Jirachi|33/100
|move|p2a: Jirachi|U-turn|p1a: Mamoswine
|-damage|p1a: Mamoswine|0 fnt
|faint|p1a: Mamoswine
|
|t:|1729693562
|switch|p2a: Latios|Latios, M|100/100|[from] U-turn
|
|-weather|Hail|[upkeep]
|-damage|p2a: Latios|95/100|[from] Hail
|upkeep
|
|t:|1729693575
|switch|p1a: Tyranitar|Tyranitar, M|100/100
|-damage|p1a: Tyranitar|84/100|[from] Spikes
|-weather|Sandstorm|[from] ability: Sand Stream|[of] p1a: Tyranitar
|turn|16
|
|t:|1729693583
|move|p2a: Latios|Draco Meteor|p1a: Tyranitar
|-damage|p1a: Tyranitar|56/100
|-unboost|p2a: Latios|spa|2
|move|p1a: Tyranitar|Pursuit|p2a: Latios
|-supereffective|p2a: Latios
|-damage|p2a: Latios|46/100
|
|-weather|Sandstorm|[upkeep]
|-damage|p2a: Latios|40/100|[from] Sandstorm
|upkeep
|turn|17
|
|t:|1729693590
|move|p2a: Latios|Draco Meteor|p1a: Tyranitar|[miss]
|-miss|p2a: Latios|p1a: Tyranitar
|move|p1a: Tyranitar|Pursuit|p2a: Latios
|-supereffective|p2a: Latios
|-damage|p2a: Latios|0 fnt
|faint|p2a: Latios
|
|-weather|Sandstorm|[upkeep]
|upkeep
|
|t:|1729693596
|switch|p2a: Jirachi|Jirachi|33/100
|turn|18
|
|t:|1729693607
|switch|p1a: Alakazam|Alakazam, F|100/100
|move|p2a: Jirachi|U-turn|p1a: Alakazam
|-supereffective|p1a: Alakazam
|-damage|p1a: Alakazam|37/100
|
|t:|1729693610
|switch|p2a: Alakazam|Alakazam, F|100/100|[from] U-turn
|
|-weather|Sandstorm|[upkeep]
|upkeep
|turn|19
|
|t:|1729693614
|move|p2a: Alakazam|Signal Beam|p1a: Alakazam
|-supereffective|p1a: Alakazam
|-damage|p1a: Alakazam|0 fnt
|faint|p1a: Alakazam
|
|-weather|Sandstorm|[upkeep]
|upkeep
|
|t:|1729693624
|switch|p1a: Excadrill|Excadrill, M|78/100
|-damage|p1a: Excadrill|61/100|[from] Spikes
|turn|20
|
|t:|1729693645
|move|p1a: Excadrill|Iron Head|p2a: Alakazam
|-enditem|p2a: Alakazam|Focus Sash
|-damage|p2a: Alakazam|1/100
|move|p2a: Alakazam|Focus Blast|p1a: Excadrill|[miss]
|-miss|p2a: Alakazam|p1a: Excadrill
|
|-weather|Sandstorm|[upkeep]
|upkeep
|turn|21
|
|t:|1729693652
|switch|p2a: Jirachi|Jirachi|33/100
|move|p1a: Excadrill|Iron Head|p2a: Jirachi
|-resisted|p2a: Jirachi
|-damage|p2a: Jirachi|8/100
|
|-weather|Sandstorm|[upkeep]
|-heal|p2a: Jirachi|14/100|[from] item: Leftovers
|upkeep
|turn|22
|
|t:|1729693657
|move|p1a: Excadrill|Iron Head|p2a: Jirachi
|-resisted|p2a: Jirachi
|-damage|p2a: Jirachi|0 fnt
|faint|p2a: Jirachi
|
|-weather|Sandstorm|[upkeep]
|upkeep
|-message|ythhhh forfeited.
|
|win|Capitao General ll
|raw|Capitao General ll's rating: 1292 &rarr; <strong>1333</strong><br />(+41 for winning)
|raw|ythhhh's rating: 1552 &rarr; <strong>1519</strong><br />(-33 for losing)
|l|☆ythhhh
|player|p2|
