|j|☆Draco Bombers
|j|☆Parkerr
|t:|1720739771
|gametype|singles
|player|p1|Draco Bombers|lucas|1319
|player|p2|Parkerr|265|1394
|teamsize|p1|6
|teamsize|p2|6
|gen|5
|tier|[Gen 5] OU
|rated|
|rule|Species Clause: Limit one of each Pokémon
|rule|OHKO Clause: OHKO moves are banned
|rule|Moody Clause: Moody is banned
|rule|Evasion Items Clause: Evasion items are banned
|rule|Evasion Moves Clause: Evasion moves are banned
|rule|Endless Battle Clause: Forcing endless battles is banned
|rule|HP Percentage Mod: HP is shown in percentages
|rule|Evasion Abilities Clause: Evasion abilities are banned
|rule|Sleep Moves Clause: Sleep-inducing moves are banned
|rule|Swagger Clause: Swagger is banned
|rule|Baton Pass Stat Clause: No Baton Passer may have a way to boost its stats
|clearpoke
|poke|p1|Abomasnow, M|item
|poke|p1|Gliscor, M|item
|poke|p1|Forretress, M|item
|poke|p1|Blissey, F|item
|poke|p1|Latios, M|item
|poke|p1|Reuniclus, M|item
|poke|p2|Jirachi|item
|poke|p2|Landorus-Therian, M|item
|poke|p2|Keldeo|item
|poke|p2|Hydreigon, M|item
|poke|p2|Latios, M|item
|poke|p2|Tyranitar, M|item
|teampreview
|
|t:|1720739829
|start
|switch|p1a: Abomasnow|Abomasnow, M|100/100
|switch|p2a: Hydreigon|Hydreigon, M|100/100
|-weather|Hail|[from] ability: Snow Warning|[of] p1a: Abomasnow
|turn|1
|
|t:|1720739862
|switch|p1a: Forretress|Forretress, M|100/100
|move|p2a: Hydreigon|Fire Blast|p1a: Forretress
|-supereffective|p1a: Forretress
|-damage|p1a: Forretress|0 fnt
|faint|p1a: Forretress
|-damage|p2a: Hydreigon|90/100|[from] item: Life Orb
|
|-weather|Hail|[upkeep]
|-damage|p2a: Hydreigon|84/100|[from] Hail
|upkeep
|
|t:|1720739872
|switch|p1a: Blissey|Blissey, F|100/100
|turn|2
|
|t:|1720739876
|move|p2a: Hydreigon|Superpower|p1a: Blissey
|-supereffective|p1a: Blissey
|-damage|p1a: Blissey|33/100
|-unboost|p2a: Hydreigon|atk|1
|-unboost|p2a: Hydreigon|def|1
|-damage|p2a: Hydreigon|74/100|[from] item: Life Orb
|move|p1a: Blissey|Thunder Wave|p2a: Hydreigon
|-status|p2a: Hydreigon|par
|
|-weather|Hail|[upkeep]
|-damage|p1a: Blissey|27/100|[from] Hail
|-damage|p2a: Hydreigon|68/100 par|[from] Hail
|-heal|p1a: Blissey|33/100|[from] item: Leftovers
|upkeep
|turn|3
|
|t:|1720739887
|switch|p2a: Landorus|Landorus-Therian, M|100/100
|-ability|p2a: Landorus|Intimidate|boost
|-unboost|p1a: Blissey|atk|1
|move|p1a: Blissey|Soft-Boiled|p1a: Blissey
|-heal|p1a: Blissey|83/100
|
|-weather|Hail|[upkeep]
|-damage|p2a: Landorus|94/100|[from] Hail
|-damage|p1a: Blissey|77/100|[from] Hail
|-heal|p2a: Landorus|100/100|[from] item: Leftovers
|-heal|p1a: Blissey|83/100|[from] item: Leftovers
|upkeep
|turn|4
|
|t:|1720739913
|switch|p1a: Gliscor|Gliscor, M|100/100
|move|p2a: Landorus|Stealth Rock|p1a: Gliscor
|-sidestart|p1: Draco Bombers|move: Stealth Rock
|
|-weather|Hail|[upkeep]
|-damage|p1a: Gliscor|94/100|[from] Hail
|-damage|p2a: Landorus|94/100|[from] Hail
|-heal|p2a: Landorus|100/100|[from] item: Leftovers
|-status|p1a: Gliscor|tox|[from] item: Toxic Orb
|upkeep
|turn|5
|
|t:|1720739919
|move|p1a: Gliscor|Protect|p1a: Gliscor
|-singleturn|p1a: Gliscor|Protect
|move|p2a: Landorus|Hidden Power|p1a: Gliscor
|-activate|p1a: Gliscor|move: Protect
|
|-weather|Hail|[upkeep]
|-damage|p1a: Gliscor|88/100 tox|[from] Hail
|-damage|p2a: Landorus|94/100|[from] Hail
|-heal|p2a: Landorus|100/100|[from] item: Leftovers
|-heal|p1a: Gliscor|100/100 tox|[from] ability: Poison Heal
|upkeep
|turn|6
|-message|Draco Bombers forfeited.
|
|win|Parkerr
|raw|Draco Bombers's rating: 1319 &rarr; <strong>1303</strong><br />(-16 for losing)
|raw|Parkerr's rating: 1394 &rarr; <strong>1410</strong><br />(+16 for winning)
|l|☆Draco Bombers
|player|p1|
