|j|☆banlangen
|j|☆affksl1
|t:|1716467300
|gametype|singles
|player|p1|banlangen|1|1425
|player|p2|affksl1|pokemaniac-gen3rs|1511
|teamsize|p1|6
|teamsize|p2|6
|gen|5
|tier|[Gen 5] OU
|rated|
|rule|Species Clause: Limit one of each Pokémon
|rule|OHKO Clause: OHKO moves are banned
|rule|Moody Clause: Moody is banned
|rule|Evasion Items Clause: Evasion items are banned
|rule|Evasion Moves Clause: Evasion moves are banned
|rule|Endless Battle Clause: Forcing endless battles is banned
|rule|HP Percentage Mod: HP is shown in percentages
|rule|Evasion Abilities Clause: Evasion abilities are banned
|rule|Sleep Moves Clause: Sleep-inducing moves are banned
|rule|Swagger Clause: Swagger is banned
|rule|Baton Pass Stat Clause: No Baton Passer may have a way to boost its stats
|clearpoke
|poke|p1|Ditto|item
|poke|p1|Mamoswine, M|item
|poke|p1|Landorus-Therian, M|item
|poke|p1|Rotom-Wash|item
|poke|p1|Scizor, M|item
|poke|p1|Starmie|item
|poke|p2|Bronzong|item
|poke|p2|Gallade, M|item
|poke|p2|Jellicent, M|item
|poke|p2|Conkeldurr, M|item
|poke|p2|Reuniclus, F|item
|poke|p2|Dragonite, M|item
|teampreview
|inactive|Battle timer is ON: inactive players will automatically lose when time's up. (requested by affksl1)
|
|t:|1716467317
|start
|switch|p1a: Landorus|Landorus-Therian, M|100/100
|switch|p2a: Bronzong|Bronzong|100/100
|-ability|p1a: Landorus|Intimidate|boost
|-unboost|p2a: Bronzong|atk|1
|turn|1
|
|t:|1716467341
|move|p1a: Landorus|Stealth Rock|p2a: Bronzong
|-sidestart|p2: affksl1|move: Stealth Rock
|move|p2a: Bronzong|Stealth Rock|p1a: Landorus
|-sidestart|p1: banlangen|move: Stealth Rock
|
|upkeep
|turn|2
|
|t:|1716467351
|move|p1a: Landorus|U-turn|p2a: Bronzong
|-damage|p2a: Bronzong|78/100
|
|t:|1716467355
|switch|p1a: Rotom|Rotom-Wash|100/100|[from] U-turn
|-damage|p1a: Rotom|88/100|[from] Stealth Rock
|move|p2a: Bronzong|Trick Room|p2a: Bronzong
|-fieldstart|move: Trick Room|[of] p2a: Bronzong
|
|-heal|p1a: Rotom|94/100|[from] item: Leftovers
|upkeep
|turn|3
|
|t:|1716467369
|move|p2a: Bronzong|Explosion|p1a: Rotom
|-crit|p1a: Rotom
|-damage|p1a: Rotom|0 fnt
|faint|p2a: Bronzong
|faint|p1a: Rotom
|
|upkeep
|
|t:|1716467394
|switch|p2a: Gallade|Gallade, M|100/100
|switch|p1a: Landorus|Landorus-Therian, M|100/100
|-damage|p2a: Gallade|94/100|[from] Stealth Rock
|-damage|p1a: Landorus|88/100|[from] Stealth Rock
|-ability|p1a: Landorus|Intimidate|boost
|-unboost|p2a: Gallade|atk|1
|turn|4
|
|t:|1716467408
|move|p2a: Gallade|Ice Punch|p1a: Landorus
|-supereffective|p1a: Landorus
|-damage|p1a: Landorus|0 fnt
|faint|p1a: Landorus
|-damage|p2a: Gallade|85/100|[from] item: Life Orb
|
|upkeep
|
|t:|1716467420
|switch|p1a: Scizor|Scizor, M|100/100
|-damage|p1a: Scizor|88/100|[from] Stealth Rock
|turn|5
|
|t:|1716467425
|move|p1a: Scizor|Bullet Punch|p2a: Gallade
|-damage|p2a: Gallade|50/100
|move|p2a: Gallade|Close Combat|p1a: Scizor
|-damage|p1a: Scizor|33/100
|-unboost|p2a: Gallade|def|1
|-unboost|p2a: Gallade|spd|1
|-damage|p2a: Gallade|40/100|[from] item: Life Orb
|
|-heal|p1a: Scizor|39/100|[from] item: Leftovers
|upkeep
|turn|6
|inactive|affksl1 has 120 seconds left.
|
|t:|1716467459
|move|p1a: Scizor|Bullet Punch|p2a: Gallade
|-damage|p2a: Gallade|0 fnt
|faint|p2a: Gallade
|
|-heal|p1a: Scizor|46/100|[from] item: Leftovers
|-fieldend|move: Trick Room
|upkeep
|inactive|affksl1 has 120 seconds left.
|
|t:|1716467473
|switch|p2a: Jellicent|Jellicent, M|100/100
|-damage|p2a: Jellicent|88/100|[from] Stealth Rock
|-item|p2a: Jellicent|Air Balloon
|turn|7
|
|t:|1716467480
|move|p1a: Scizor|U-turn|p2a: Jellicent
|-resisted|p2a: Jellicent
|-damage|p2a: Jellicent|71/100
|-enditem|p2a: Jellicent|Air Balloon
|
|t:|1716467486
|switch|p1a: Starmie|Starmie|100/100|[from] U-turn
|-damage|p1a: Starmie|88/100|[from] Stealth Rock
|move|p2a: Jellicent|Trick Room|p2a: Jellicent
|-fieldstart|move: Trick Room|[of] p2a: Jellicent
|
|upkeep
|turn|8
|
|t:|1716467502
|move|p2a: Jellicent|Shadow Ball|p1a: Starmie
|-supereffective|p1a: Starmie
|-damage|p1a: Starmie|0 fnt
|faint|p1a: Starmie
|
|upkeep
|
|t:|1716467511
|switch|p1a: Mamoswine|Mamoswine, M|100/100
|-damage|p1a: Mamoswine|88/100|[from] Stealth Rock
|turn|9
|
|t:|1716467519
|move|p2a: Jellicent|Surf|p1a: Mamoswine
|-supereffective|p1a: Mamoswine
|-damage|p1a: Mamoswine|0 fnt
|faint|p1a: Mamoswine
|
|upkeep
|-message|banlangen forfeited.
|
|win|affksl1
|raw|banlangen's rating: 1425 &rarr; <strong>1410</strong><br />(-15 for losing)
|raw|affksl1's rating: 1511 &rarr; <strong>1526</strong><br />(+15 for winning)
|l|☆banlangen
|player|p1|
