|j|☆when it shutdown
|j|☆sidis
|t:|1706216888
|gametype|singles
|player|p1|when it shutdown|rosa|1434
|player|p2|sidis|iris|1395
|teamsize|p1|6
|teamsize|p2|6
|gen|5
|tier|[Gen 5] OU
|rated|
|rule|Species Clause: Limit one of each Pokémon
|rule|OHKO Clause: OHKO moves are banned
|rule|Moody Clause: Moody is banned
|rule|Evasion Items Clause: Evasion items are banned
|rule|Evasion Moves Clause: Evasion moves are banned
|rule|Endless Battle Clause: Forcing endless battles is banned
|rule|HP Percentage Mod: HP is shown in percentages
|rule|Evasion Abilities Clause: Evasion abilities are banned
|rule|Sleep Moves Clause: Sleep-inducing moves are banned
|rule|Swagger Clause: Swagger is banned
|rule|Baton Pass Stat Clause: No Baton Passer may have a way to boost its stats
|clearpoke
|poke|p1|Tyranitar, F|item
|poke|p1|Ferrothorn, F|item
|poke|p1|Alakazam, M|item
|poke|p1|Rotom-Wash|item
|poke|p1|Terrakion|item
|poke|p1|Landorus-Therian, M|item
|poke|p2|Ninetales, M|item
|poke|p2|Forretress, F|item
|poke|p2|Victini|item
|poke|p2|Excadrill, F|item
|poke|p2|Garchomp, M|item
|poke|p2|Gengar, F|item
|teampreview
|inactive|Battle timer is ON: inactive players will automatically lose when time's up. (requested by when it shutdown)
|inactive|sidis has 120 seconds left.
|
|t:|1706216952
|start
|switch|p1a: Rotom|Rotom-Wash|100/100
|switch|p2a: Excadrill|Excadrill, F|100/100
|-ability|p2a: Excadrill|Mold Breaker
|turn|1
|
|t:|1706216956
|switch|p1a: Landorus|Landorus-Therian, M|100/100
|-ability|p1a: Landorus|Intimidate|boost
|-unboost|p2a: Excadrill|atk|1
|move|p2a: Excadrill|Stealth Rock|p1a: Landorus
|-sidestart|p1: when it shutdown|move: Stealth Rock
|
|upkeep
|turn|2
|
|t:|1706216964
|switch|p2a: Garchomp|Garchomp, M|100/100
|move|p1a: Landorus|Stealth Rock|p2a: Garchomp
|-sidestart|p2: sidis|move: Stealth Rock
|
|upkeep
|turn|3
|
|t:|1706216986
|switch|p2a: Forretress|Forretress, F|100/100
|-damage|p2a: Forretress|88/100|[from] Stealth Rock
|move|p1a: Landorus|U-turn|p2a: Forretress
|-resisted|p2a: Forretress
|-damage|p2a: Forretress|82/100
|
|t:|1706216989
|switch|p1a: Tyranitar|Tyranitar, F|100/100|[from] U-turn
|-damage|p1a: Tyranitar|88/100|[from] Stealth Rock
|-weather|Sandstorm|[from] ability: Sand Stream|[of] p1a: Tyranitar
|
|-weather|Sandstorm|[upkeep]
|-heal|p2a: Forretress|88/100|[from] item: Leftovers
|upkeep
|turn|4
|
|t:|1706216997
|switch|p2a: Garchomp|Garchomp, M|100/100
|-damage|p2a: Garchomp|94/100|[from] Stealth Rock
|move|p1a: Tyranitar|Fire Blast|p2a: Garchomp
|-resisted|p2a: Garchomp
|-damage|p2a: Garchomp|80/100
|
|-weather|Sandstorm|[upkeep]
|upkeep
|turn|5
|
|t:|1706217007
|switch|p2a: Forretress|Forretress, F|88/100
|-damage|p2a: Forretress|76/100|[from] Stealth Rock
|switch|p1a: Terrakion|Terrakion|100/100
|-damage|p1a: Terrakion|94/100|[from] Stealth Rock
|
|-weather|Sandstorm|[upkeep]
|-heal|p2a: Forretress|82/100|[from] item: Leftovers
|upkeep
|turn|6
|
|t:|1706217009
|move|p1a: Terrakion|Close Combat|p2a: Forretress
|-crit|p2a: Forretress
|-damage|p2a: Forretress|0 fnt
|-unboost|p1a: Terrakion|def|1
|-unboost|p1a: Terrakion|spd|1
|faint|p2a: Forretress
|
|-weather|Sandstorm|[upkeep]
|upkeep
|-message|sidis forfeited.
|
|win|when it shutdown
|raw|when it shutdown's rating: 1434 &rarr; <strong>1452</strong><br />(+18 for winning)
|raw|sidis's rating: 1395 &rarr; <strong>1377</strong><br />(-18 for losing)
|l|☆sidis
|player|p2|
