|j|☆tranquility_94
|j|☆banlangen
|t:|1747979199
|gametype|singles
|player|p1|tranquility_94|blue|1292
|player|p2|banlangen|wallace|1331
|teamsize|p1|6
|teamsize|p2|6
|gen|5
|tier|[Gen 5] OU
|rated|
|rule|Species Clause: Limit one of each Pokémon
|rule|OHKO Clause: OHKO moves are banned
|rule|Moody Clause: Moody is banned
|rule|Evasion Items Clause: Evasion items are banned
|rule|Evasion Moves Clause: Evasion moves are banned
|rule|Endless Battle Clause: Forcing endless battles is banned
|rule|HP Percentage Mod: HP is shown in percentages
|rule|Evasion Abilities Clause: Evasion abilities are banned
|rule|Sleep Moves Clause: Sleep-inducing moves are banned
|rule|Swagger Clause: Swagger is banned
|rule|Baton Pass Stat Clause: No Baton Passer may have a way to boost its stats
|clearpoke
|poke|p1|Garchomp, M|item
|poke|p1|Terrakion|item
|poke|p1|Starmie|item
|poke|p1|Latios, M|item
|poke|p1|Scizor, M|item
|poke|p1|Breloom, F|item
|poke|p2|Skarmory, M|item
|poke|p2|Infernape, F|item
|poke|p2|Staraptor, F|item
|poke|p2|Lucario, F|item
|poke|p2|Alakazam, F|item
|poke|p2|Jellicent, M|item
|teampreview
|inactive|Battle timer is ON: inactive players will automatically lose when time's up. (requested by tranquility_94)
|inactive|tranquility_94 has 120 seconds left.
|j| Yor Gasai
|l| Yor Gasai
|
|t:|1747979245
|start
|switch|p1a: Terrakion|Terrakion|100/100
|switch|p2a: Skarmory|Skarmory, M, shiny|100/100
|turn|1
|
|t:|1747979252
|move|p1a: Terrakion|Taunt|p2a: Skarmory
|-start|p2a: Skarmory|move: Taunt
|cant|p2a: Skarmory|move: Taunt|Taunt
|
|upkeep
|turn|2
|
|t:|1747979262
|switch|p2a: Jellicent|Jellicent, M, shiny|100/100
|move|p1a: Terrakion|Stealth Rock|p2a: Jellicent
|-sidestart|p2: banlangen|move: Stealth Rock
|
|upkeep
|turn|3
|
|t:|1747979275
|move|p2a: Jellicent|Water Spout|p1a: Terrakion
|-supereffective|p1a: Terrakion
|-enditem|p1a: Terrakion|Focus Sash
|-damage|p1a: Terrakion|1/100
|move|p1a: Terrakion|Stone Edge|p2a: Jellicent
|-damage|p2a: Jellicent|36/100
|
|upkeep
|turn|4
|
|t:|1747979303
|switch|p1a: Latios|Latios, M, shiny|100/100
|move|p2a: Jellicent|Water Spout|p1a: Latios
|-resisted|p1a: Latios
|-damage|p1a: Latios|89/100
|
|upkeep
|turn|5
|
|t:|1747979311
|switch|p2a: Skarmory|Skarmory, M, shiny|100/100
|-damage|p2a: Skarmory|88/100|[from] Stealth Rock
|move|p1a: Latios|Trick|p2a: Skarmory
|-activate|p1a: Latios|move: Trick|[of] p2a: Skarmory
|-item|p2a: Skarmory|Choice Scarf|[from] move: Trick
|-item|p1a: Latios|Custap Berry|[from] move: Trick
|
|upkeep
|turn|6
|
|t:|1747979321
|switch|p1a: Starmie|Starmie|100/100
|-item|p1a: Starmie|Air Balloon
|move|p2a: Skarmory|Stealth Rock|p1a: Starmie
|-sidestart|p1: tranquility_94|move: Stealth Rock
|
|upkeep
|turn|7
|
|t:|1747979329
|switch|p2a: Jellicent|Jellicent, M, shiny|36/100
|-damage|p2a: Jellicent|24/100|[from] Stealth Rock
|move|p1a: Starmie|Thunder|p2a: Jellicent
|-supereffective|p2a: Jellicent
|-damage|p2a: Jellicent|0 fnt
|faint|p2a: Jellicent
|
|upkeep
|
|t:|1747979340
|switch|p2a: Staraptor|Staraptor, F, shiny|100/100
|-damage|p2a: Staraptor|75/100|[from] Stealth Rock
|turn|8
|inactive|tranquility_94 has 120 seconds left.
|j| I will not glide
|
|t:|1747979383
|switch|p1a: Terrakion|Terrakion|1/100
|-damage|p1a: Terrakion|0 fnt|[from] Stealth Rock
|faint|p1a: Terrakion
|move|p2a: Staraptor|Brave Bird|p1: Terrakion|[notarget]
|-fail|p2a: Staraptor
|
|upkeep
|l| I will not glide
|
|t:|1747979393
|switch|p1a: Scizor|Scizor, M, shiny|100/100
|-damage|p1a: Scizor|88/100|[from] Stealth Rock
|turn|9
|
|t:|1747979398
|switch|p2a: Skarmory|Skarmory, M, shiny|88/100
|-damage|p2a: Skarmory|75/100|[from] Stealth Rock
|move|p1a: Scizor|Bullet Punch|p2a: Skarmory
|-resisted|p2a: Skarmory
|-damage|p2a: Skarmory|57/100
|-damage|p1a: Scizor|78/100|[from] item: Life Orb
|
|upkeep
|turn|10
|
|t:|1747979407
|move|p2a: Skarmory|Brave Bird|p1a: Scizor
|-damage|p1a: Scizor|29/100
|-damage|p2a: Skarmory|40/100|[from] Recoil
|move|p1a: Scizor|Swords Dance|p1a: Scizor
|-boost|p1a: Scizor|atk|2
|
|upkeep
|turn|11
|
|t:|1747979416
|move|p1a: Scizor|Bullet Punch|p2a: Skarmory
|-resisted|p2a: Skarmory
|-crit|p2a: Skarmory
|-damage|p2a: Skarmory|0 fnt
|faint|p2a: Skarmory
|-damage|p1a: Scizor|19/100|[from] item: Life Orb
|
|upkeep
|
|t:|1747979425
|switch|p2a: Lucario|Lucario, F, shiny|100/100
|-damage|p2a: Lucario|98/100|[from] Stealth Rock
|turn|12
|
|t:|1747979431
|move|p2a: Lucario|Extreme Speed|p1a: Scizor
|-resisted|p1a: Scizor
|-damage|p1a: Scizor|0 fnt
|faint|p1a: Scizor
|-damage|p2a: Lucario|88/100|[from] item: Life Orb
|
|upkeep
|
|t:|1747979444
|switch|p1a: Starmie|Starmie|100/100
|-damage|p1a: Starmie|88/100|[from] Stealth Rock
|-item|p1a: Starmie|Air Balloon
|turn|13
|
|t:|1747979452
|move|p1a: Starmie|Rapid Spin|p2a: Lucario
|-resisted|p2a: Lucario
|-crit|p2a: Lucario
|-damage|p2a: Lucario|83/100
|-sideend|p1: tranquility_94|Stealth Rock|[from] move: Rapid Spin|[of] p1a: Starmie
|move|p2a: Lucario|Swords Dance|p2a: Lucario
|-boost|p2a: Lucario|atk|2
|
|upkeep
|turn|14
|
|t:|1747979460
|move|p2a: Lucario|Extreme Speed|p1a: Starmie
|-damage|p1a: Starmie|0 fnt
|-enditem|p1a: Starmie|Air Balloon
|faint|p1a: Starmie
|-damage|p2a: Lucario|73/100|[from] item: Life Orb
|
|upkeep
|
|t:|1747979468
|switch|p1a: Garchomp|Garchomp, M, shiny|100/100
|turn|15
|
|t:|1747979476
|switch|p2a: Staraptor|Staraptor, F, shiny|75/100
|-damage|p2a: Staraptor|50/100|[from] Stealth Rock
|move|p1a: Garchomp|Earthquake|p2a: Staraptor
|-immune|p2a: Staraptor
|
|upkeep
|turn|16
|
|t:|1747979485
|move|p2a: Staraptor|Brave Bird|p1a: Garchomp
|-crit|p1a: Garchomp
|-enditem|p1a: Garchomp|Focus Sash
|-damage|p1a: Garchomp|1/100
|-damage|p2a: Staraptor|38/100|[from] ability: Rough Skin|[of] p1a: Garchomp
|-damage|p2a: Staraptor|0 fnt|[from] Recoil
|faint|p2a: Staraptor
|move|p1a: Garchomp|Outrage|p2: Staraptor|[notarget]
|-fail|p1a: Garchomp
|
|upkeep
|
|t:|1747979503
|switch|p2a: Lucario|Lucario, F, shiny|73/100
|-damage|p2a: Lucario|70/100|[from] Stealth Rock
|turn|17
|
|t:|1747979511
|move|p2a: Lucario|Extreme Speed|p1a: Garchomp
|-damage|p1a: Garchomp|0 fnt
|-damage|p2a: Lucario|58/100|[from] ability: Rough Skin|[of] p1a: Garchomp
|faint|p1a: Garchomp
|-damage|p2a: Lucario|48/100|[from] item: Life Orb
|
|upkeep
|
|t:|1747979514
|switch|p1a: Breloom|Breloom, F, shiny|100/100
|turn|18
|
|t:|1747979536
|move|p2a: Lucario|Extreme Speed|p1a: Breloom
|-damage|p1a: Breloom|48/100
|-damage|p2a: Lucario|38/100|[from] item: Life Orb
|move|p1a: Breloom|Bullet Seed|p2a: Lucario
|-resisted|p2a: Lucario
|-damage|p2a: Lucario|16/100
|-resisted|p2a: Lucario
|-damage|p2a: Lucario|0 fnt
|faint|p2a: Lucario
|-hitcount|p2: Lucario|2
|-damage|p1a: Breloom|38/100|[from] item: Life Orb
|
|upkeep
|
|t:|1747979550
|switch|p2a: Infernape|Infernape, F, shiny|100/100
|-damage|p2a: Infernape|88/100|[from] Stealth Rock
|turn|19
|
|t:|1747979563
|move|p1a: Breloom|Mach Punch|p2a: Infernape
|-damage|p2a: Infernape|14/100
|-damage|p1a: Breloom|28/100|[from] item: Life Orb
|move|p2a: Infernape|Hidden Power|p1a: Breloom
|-supereffective|p1a: Breloom
|-damage|p1a: Breloom|0 fnt
|faint|p1a: Breloom
|-damage|p2a: Infernape|5/100|[from] item: Life Orb
|
|upkeep
|
|t:|1747979567
|switch|p1a: Latios|Latios, M, shiny|89/100
|turn|20
|
|t:|1747979578
|move|p2a: Infernape|Mach Punch|p1a: Latios
|-resisted|p1a: Latios
|-damage|p1a: Latios|77/100
|-damage|p2a: Infernape|0 fnt|[from] item: Life Orb
|faint|p2a: Infernape
|move|p1a: Latios|Dragon Pulse|p2: Infernape|[notarget]
|-fail|p1a: Latios
|
|upkeep
|
|t:|1747979585
|switch|p2a: Alakazam|Alakazam, F, shiny|100/100
|turn|21
|
|t:|1747979589
|move|p2a: Alakazam|Shadow Ball|p1a: Latios
|-supereffective|p1a: Latios
|-damage|p1a: Latios|20/100
|-unboost|p1a: Latios|spd|1
|move|p1a: Latios|Dragon Pulse|p2a: Alakazam
|-damage|p2a: Alakazam|22/100
|
|upkeep
|turn|22
|c|☆tranquility_94|GGWP
|-enditem|p1a: Latios|Custap Berry|[eat]
|-activate|p1a: Latios|item: Custap Berry|[consumed]
|
|t:|1747979597
|move|p1a: Latios|Dragon Pulse|p2a: Alakazam
|-damage|p2a: Alakazam|0 fnt
|faint|p2a: Alakazam
|
|win|tranquility_94
|raw|tranquility_94's rating: 1292 &rarr; <strong>1320</strong><br />(+28 for winning)
|raw|banlangen's rating: 1331 &rarr; <strong>1309</strong><br />(-22 for losing)
|l|☆banlangen
|player|p2|
