|j|☆M.I.A XXXO
|j|☆refsunpersons
|player|p1|M.I.A XXXO|149
|player|p2|refsunpersons|15
|teamsize|p1|6
|teamsize|p2|6
|gametype|singles
|gen|5
|tier|[Gen 5] OU
|rated|
|rule|Sleep Clause Mod: Limit one foe put to sleep
|rule|Species Clause: Limit one of each Pokémon
|rule|OHKO Clause: OHKO moves are banned
|rule|Moody Clause: Moody is banned
|rule|Evasion Moves Clause: Evasion moves are banned
|rule|Endless Battle Clause: Forcing endless battles is banned
|rule|HP Percentage Mod: HP is shown in percentages
|rule|Evasion Abilities Clause: Evasion abilities are banned
|rule|Baton Pass Clause: Limit one Baton Passer, can't pass Spe and other stats simultaneously
|rule|Swagger Clause: Swagger is banned
|clearpoke
|poke|p1|Terrakion|item
|poke|p1|Garchomp, F|item
|poke|p1|Latios, M|item
|poke|p1|Skarmory, M|item
|poke|p1|Rotom-Wash|item
|poke|p1|Tyranitar, F|item
|poke|p2|Latios, M|item
|poke|p2|Diglett, M|item
|poke|p2|Xatu, M|item
|poke|p2|Politoed, M|item
|poke|p2|Tornadus, M|item
|poke|p2|Scizor, M|item
|teampreview
|c|☆refsunpersons|lol
|c|☆refsunpersons|gl hf
|c|☆refsunpersons|oh and sorry about earlier
|c|☆M.I.A XXXO|fuck that shit
|c|☆M.I.A XXXO|my score is actually 1464
|c|☆M.I.A XXXO|fuck that haxor
|
|start
|switch|p1a: Rotom|Rotom-Wash|100/100
|switch|p2a: Politoed|Politoed, M|100/100
|-weather|RainDance|[from] ability: Drizzle|[of] p2a: Politoed
|turn|1
|
|move|p2a: Politoed|Hypnosis|p1a: Rotom
|-status|p1a: Rotom|slp
|cant|p1a: Rotom|slp
|
|-weather|RainDance|[upkeep]
|upkeep
|turn|2
|
|move|p2a: Politoed|Hydro Pump|p1a: Rotom
|-enditem|p2a: Politoed|Water Gem|[from] gem|[move] Hydro Pump
|-resisted|p1a: Rotom
|-damage|p1a: Rotom|51/100 slp
|cant|p1a: Rotom|slp
|
|-weather|RainDance|[upkeep]
|-heal|p1a: Rotom|57/100 slp|[from] item: Leftovers
|upkeep
|turn|3
|
|move|p2a: Politoed|Thief|p1a: Rotom
|-damage|p1a: Rotom|50/100 slp
|-item|p2a: Politoed|Leftovers|[from] move: Thief|[of] p1a: Rotom
|cant|p1a: Rotom|slp
|
|-weather|RainDance|[upkeep]
|upkeep
|turn|4
|c|☆M.I.A XXXO|omg
|
|switch|p2a: Latios|Latios, M|100/100
|-curestatus|p1a: Rotom|slp|[msg]
|move|p1a: Rotom|Pain Split|p2a: Latios
|-sethp|p2a: Latios|75/100|p1a: Rotom|76/100|[from] move: Pain Split
|
|-weather|RainDance|[upkeep]
|upkeep
|turn|5
|
|move|p2a: Latios|Hidden Power|p1a: Rotom
|-damage|p1a: Rotom|49/100
|-damage|p2a: Latios|65/100|[from] item: Life Orb
|move|p1a: Rotom|Volt Switch|p2a: Latios
|-resisted|p2a: Latios
|-damage|p2a: Latios|53/100
|
|switch|p1a: Tyranitar|Tyranitar, F|100/100
|-weather|Sandstorm|[from] ability: Sand Stream|[of] p1a: Tyranitar
|
|-weather|Sandstorm|[upkeep]
|-damage|p2a: Latios|47/100|[from] Sandstorm
|upkeep
|turn|6
|
|-activate|p2a: Latios|move: Pursuit
|move|p1a: Tyranitar|Pursuit|p2a: Latios|[from]Pursuit
|-supereffective|p2a: Latios
|-damage|p2a: Latios|0
|faint|p2a: Latios
|
|-weather|Sandstorm|[upkeep]
|upkeep
|
|switch|p2a: Xatu|Xatu, M|100/100
|turn|7
|
|move|p2a: Xatu|Night Shade|p1a: Tyranitar
|-damage|p1a: Tyranitar|76/100
|move|p1a: Tyranitar|Pursuit|p2a: Xatu
|-supereffective|p2a: Xatu
|-damage|p2a: Xatu|66/100
|-damage|p1a: Tyranitar|59/100|[from] item: Rocky Helmet|[of] p2a: Xatu
|
|-weather|Sandstorm|[upkeep]
|-damage|p2a: Xatu|60/100|[from] Sandstorm
|upkeep
|turn|8
|
|move|p2a: Xatu|U-turn|p1a: Tyranitar
|-supereffective|p1a: Tyranitar
|-damage|p1a: Tyranitar|38/100
|
|switch|p2a: Diglett|Diglett, M|100/100
|move|p1a: Tyranitar|Crunch|p2a: Diglett
|-enditem|p2a: Diglett|Focus Sash
|-damage|p2a: Diglett|1/100
|-unboost|p2a: Diglett|def|1
|
|-weather|Sandstorm|[upkeep]
|upkeep
|turn|9
|
|move|p2a: Diglett|Reversal|p1a: Tyranitar
|-supereffective|p1a: Tyranitar
|-enditem|p1a: Tyranitar|Chople Berry|[eat]
|-enditem|p1a: Tyranitar|Chople Berry|[weaken]
|-damage|p1a: Tyranitar|0
|faint|p1a: Tyranitar
|
|-weather|Sandstorm|[upkeep]
|upkeep
|
|switch|p1a: Latios|Latios, M|100/100
|turn|10
|
|switch|p2a: Politoed|Politoed, M|100/100
|-weather|RainDance|[from] ability: Drizzle|[of] p2a: Politoed
|move|p1a: Latios|Surf|p2a: Politoed
|-resisted|p2a: Politoed
|-damage|p2a: Politoed|63/100
|
|-weather|RainDance|[upkeep]
|-heal|p2a: Politoed|69/100|[from] item: Leftovers
|upkeep
|turn|11
|
|switch|p1a: Rotom|Rotom-Wash|49/100
|move|p2a: Politoed|Hypnosis|p1a: Rotom
|-status|p1a: Rotom|slp
|
|-weather|RainDance|[upkeep]
|-heal|p2a: Politoed|75/100|[from] item: Leftovers
|upkeep
|turn|12
|
|move|p2a: Politoed|Hydro Pump|p1a: Rotom
|-resisted|p1a: Rotom
|-damage|p1a: Rotom|16/100 slp
|cant|p1a: Rotom|slp
|
|-weather|RainDance|[upkeep]
|-heal|p2a: Politoed|81/100|[from] item: Leftovers
|upkeep
|turn|13
|
|move|p2a: Politoed|Hydro Pump|p1a: Rotom
|-resisted|p1a: Rotom
|-damage|p1a: Rotom|0 slp
|faint|p1a: Rotom
|
|-weather|RainDance|[upkeep]
|-heal|p2a: Politoed|87/100|[from] item: Leftovers
|upkeep
|c|☆M.I.A XXXO|omg
|
|switch|p1a: Terrakion|Terrakion|100/100
|turn|14
|
|switch|p2a: Diglett|Diglett, M|1/100
|move|p1a: Terrakion|Close Combat|p2a: Diglett
|-damage|p2a: Diglett|0
|-unboost|p1a: Terrakion|def|1
|-unboost|p1a: Terrakion|spd|1
|faint|p2a: Diglett
|
|-weather|RainDance|[upkeep]
|upkeep
|
|switch|p2a: Tornadus|Tornadus, M|100/100
|turn|15
|
|move|p2a: Tornadus|Hurricane|p1a: Terrakion
|-damage|p1a: Terrakion|0
|faint|p1a: Terrakion
|
|-weather|RainDance|[upkeep]
|upkeep
|
|switch|p1a: Latios|Latios, M|100/100
|turn|16
|
|switch|p2a: Scizor|Scizor, M|100/100
|move|p1a: Latios|Surf|p2a: Scizor
|-damage|p2a: Scizor|27/100
|
|-weather|RainDance|[upkeep]
|-heal|p2a: Scizor|33/100|[from] item: Leftovers
|upkeep
|turn|17
|c|☆M.I.A XXXO|fuck that shit
|
|move|p2a: Scizor|Bullet Punch|p1a: Latios
|-damage|p1a: Latios|60/100
|move|p1a: Latios|Surf|p2a: Scizor
|-damage|p2a: Scizor|0
|faint|p2a: Scizor
|
|-weather|RainDance|[upkeep]
|upkeep
|c|☆refsunpersons|I agree
|c|☆refsunpersons|fuck scizor
|
|switch|p2a: Politoed|Politoed, M|87/100
|turn|18
|
|move|p1a: Latios|Surf|p2a: Politoed
|-resisted|p2a: Politoed
|-damage|p2a: Politoed|50/100
|move|p2a: Politoed|Ice Beam|p1a: Latios
|-supereffective|p1a: Latios
|-damage|p1a: Latios|2/100
|
|-weather|RainDance|[upkeep]
|-heal|p2a: Politoed|56/100|[from] item: Leftovers
|upkeep
|turn|19
|
|move|p1a: Latios|Surf|p2a: Politoed
|-resisted|p2a: Politoed
|-damage|p2a: Politoed|22/100
|move|p2a: Politoed|Ice Beam|p1a: Latios
|-supereffective|p1a: Latios
|-damage|p1a: Latios|0
|faint|p1a: Latios
|
|-weather|RainDance|[upkeep]
|-heal|p2a: Politoed|28/100|[from] item: Leftovers
|upkeep
|
|switch|p1a: Garchomp|Garchomp, F|100/100
|turn|20
|
|move|p1a: Garchomp|Outrage|p2a: Politoed
|-crit|p2a: Politoed
|-damage|p2a: Politoed|0
|faint|p2a: Politoed
|
|-weather|RainDance|[upkeep]
|upkeep
|
|switch|p2a: Xatu|Xatu, M|60/100
|turn|21
|
|move|p1a: Garchomp|Outrage|p2a: Xatu|[from]lockedmove
|-damage|p2a: Xatu|0
|-damage|p1a: Garchomp|84/100|[from] item: Rocky Helmet|[of] p2a: Xatu
|faint|p2a: Xatu
|
|-weather|RainDance|[upkeep]
|upkeep
|
|switch|p2a: Tornadus|Tornadus, M|100/100
|turn|22
|
|move|p1a: Garchomp|Outrage|p2a: Tornadus|[from]lockedmove
|-crit|p2a: Tornadus
|-damage|p2a: Tornadus|0
|-start|p1a: Garchomp|confusion|[fatigue]
|faint|p2a: Tornadus
|
|win|M.I.A XXXO
|c|☆refsunpersons|gg
|c|☆M.I.A XXXO|gg
|raw|M.I.A XXXO's rating: 1464 &rarr; <strong>1480</strong><br />(+16 for winning)
|raw|refsunpersons's rating: 1385 &rarr; <strong>1369</strong><br />(-16 for losing)
|l|☆M.I.A XXXO
