|j|☆RKira11
|j|☆magialice
|t:|1731218776
|gametype|singles
|player|p1|RKira11|170|1393
|player|p2|magialice|miku-flying|1471
|teamsize|p1|6
|teamsize|p2|6
|gen|5
|tier|[Gen 5] OU
|rated|
|rule|Species Clause: Limit one of each Pokémon
|rule|OHKO Clause: OHKO moves are banned
|rule|Moody Clause: Moody is banned
|rule|Evasion Items Clause: Evasion items are banned
|rule|Evasion Moves Clause: Evasion moves are banned
|rule|Endless Battle Clause: Forcing endless battles is banned
|rule|HP Percentage Mod: HP is shown in percentages
|rule|Evasion Abilities Clause: Evasion abilities are banned
|rule|Sleep Moves Clause: Sleep-inducing moves are banned
|rule|Swagger Clause: Swagger is banned
|rule|Baton Pass Stat Clause: No Baton Passer may have a way to boost its stats
|clearpoke
|poke|p1|Lucario, M|item
|poke|p1|Azelf|item
|poke|p1|Dragonite, M|item
|poke|p1|Garchomp, M|item
|poke|p1|Starmie|item
|poke|p1|Volcarona, M|item
|poke|p2|Alakazam, M|item
|poke|p2|Latios, M|item
|poke|p2|Tyranitar, M|item
|poke|p2|Landorus-Therian, M|item
|poke|p2|Ferrothorn, M|item
|poke|p2|Rotom-Wash|item
|teampreview
|inactive|Battle timer is ON: inactive players will automatically lose when time's up. (requested by magialice)
|inactive|RKira11 also wants the timer to be on.
|
|t:|1731218787
|start
|switch|p1a: Azelf|Azelf|100/100
|switch|p2a: Rotom|Rotom-Wash|100/100
|turn|1
|
|t:|1731218808
|move|p1a: Azelf|Stealth Rock|p2a: Rotom
|-sidestart|p2: magialice|move: Stealth Rock
|move|p2a: Rotom|Volt Switch|p1a: Azelf
|-crit|p1a: Azelf
|-damage|p1a: Azelf|6/100
|j| nanmoboys
|
|t:|1731218812
|switch|p2a: Alakazam|Alakazam, M|100/100|[from] Volt Switch
|
|upkeep
|turn|2
|
|t:|1731218820
|move|p2a: Alakazam|Psyshock|p1a: Azelf
|-resisted|p1a: Azelf
|-damage|p1a: Azelf|0 fnt
|faint|p1a: Azelf
|
|upkeep
|
|t:|1731218829
|switch|p1a: Volcarona|Volcarona, M|100/100
|turn|3
|
|t:|1731218833
|switch|p2a: Tyranitar|Tyranitar, M|100/100
|-damage|p2a: Tyranitar|88/100|[from] Stealth Rock
|-weather|Sandstorm|[from] ability: Sand Stream|[of] p2a: Tyranitar
|move|p1a: Volcarona|Bug Buzz|p2a: Tyranitar
|-supereffective|p2a: Tyranitar
|-damage|p2a: Tyranitar|42/100
|
|-weather|Sandstorm|[upkeep]
|-damage|p1a: Volcarona|94/100|[from] Sandstorm
|upkeep
|turn|4
|
|t:|1731218839
|move|p1a: Volcarona|Bug Buzz|p2a: Tyranitar
|-supereffective|p2a: Tyranitar
|-damage|p2a: Tyranitar|0 fnt
|faint|p2a: Tyranitar
|
|-weather|Sandstorm|[upkeep]
|-damage|p1a: Volcarona|88/100|[from] Sandstorm
|upkeep
|
|t:|1731218846
|switch|p2a: Latios|Latios, M, shiny|100/100
|-damage|p2a: Latios|88/100|[from] Stealth Rock
|turn|5
|
|t:|1731218855
|switch|p1a: Starmie|Starmie|100/100
|-item|p1a: Starmie|Air Balloon
|move|p2a: Latios|Surf|p1a: Starmie
|-resisted|p1a: Starmie
|-damage|p1a: Starmie|61/100
|-enditem|p1a: Starmie|Air Balloon
|
|-weather|Sandstorm|[upkeep]
|-damage|p1a: Starmie|55/100|[from] Sandstorm
|-damage|p2a: Latios|82/100|[from] Sandstorm
|upkeep
|turn|6
|
|t:|1731218861
|switch|p2a: Ferrothorn|Ferrothorn, M|100/100
|-damage|p2a: Ferrothorn|94/100|[from] Stealth Rock
|move|p1a: Starmie|Ice Beam|p2a: Ferrothorn
|-damage|p2a: Ferrothorn|65/100
|
|-weather|Sandstorm|[upkeep]
|-damage|p1a: Starmie|49/100|[from] Sandstorm
|upkeep
|turn|7
|
|t:|1731218867
|move|p1a: Starmie|Ice Beam|p2a: Ferrothorn
|-damage|p2a: Ferrothorn|44/100
|move|p2a: Ferrothorn|Thunder Wave|p1a: Starmie
|-status|p1a: Starmie|par
|
|-weather|Sandstorm|[upkeep]
|-damage|p1a: Starmie|43/100 par|[from] Sandstorm
|upkeep
|turn|8
|
|t:|1731218872
|move|p1a: Starmie|Ice Beam|p2a: Ferrothorn
|-damage|p2a: Ferrothorn|20/100
|move|p2a: Ferrothorn|Spikes|p1a: Starmie
|-sidestart|p1: RKira11|Spikes
|
|-weather|Sandstorm|[upkeep]
|-damage|p1a: Starmie|37/100 par|[from] Sandstorm
|upkeep
|turn|9
|
|t:|1731218877
|move|p1a: Starmie|Ice Beam|p2a: Ferrothorn
|-damage|p2a: Ferrothorn|0 fnt
|faint|p2a: Ferrothorn
|
|-weather|Sandstorm|[upkeep]
|-damage|p1a: Starmie|31/100 par|[from] Sandstorm
|upkeep
|
|t:|1731218881
|switch|p2a: Landorus|Landorus-Therian, M|100/100
|-damage|p2a: Landorus|88/100|[from] Stealth Rock
|-ability|p2a: Landorus|Intimidate|boost
|-unboost|p1a: Starmie|atk|1
|turn|10
|
|t:|1731218883
|move|p2a: Landorus|Stealth Rock|p1a: Starmie
|-sidestart|p1: RKira11|move: Stealth Rock
|move|p1a: Starmie|Ice Beam|p2a: Landorus
|-supereffective|p2a: Landorus
|-damage|p2a: Landorus|0 fnt
|faint|p2a: Landorus
|
|-weather|Sandstorm|[upkeep]
|-damage|p1a: Starmie|25/100 par|[from] Sandstorm
|upkeep
|
|t:|1731218888
|switch|p2a: Alakazam|Alakazam, M|100/100
|turn|11
|
|t:|1731218891
|move|p2a: Alakazam|Psyshock|p1a: Starmie
|-resisted|p1a: Starmie
|-damage|p1a: Starmie|0 fnt
|faint|p1a: Starmie
|
|-weather|Sandstorm|[upkeep]
|upkeep
|
|t:|1731218901
|switch|p1a: Dragonite|Dragonite, M|100/100
|-damage|p1a: Dragonite|76/100|[from] Stealth Rock
|turn|12
|
|t:|1731218908
|switch|p2a: Rotom|Rotom-Wash|100/100
|-damage|p2a: Rotom|88/100|[from] Stealth Rock
|move|p1a: Dragonite|Extreme Speed|p2a: Rotom
|-damage|p2a: Rotom|61/100
|
|-weather|Sandstorm|[upkeep]
|-damage|p1a: Dragonite|70/100|[from] Sandstorm
|-damage|p2a: Rotom|55/100|[from] Sandstorm
|-heal|p2a: Rotom|61/100|[from] item: Leftovers
|upkeep
|turn|13
|
|t:|1731218916
|move|p1a: Dragonite|Dragon Dance|p1a: Dragonite
|-boost|p1a: Dragonite|atk|1
|-boost|p1a: Dragonite|spe|1
|move|p2a: Rotom|Will-O-Wisp|p1a: Dragonite
|-status|p1a: Dragonite|brn
|-enditem|p1a: Dragonite|Lum Berry|[eat]
|-curestatus|p1a: Dragonite|brn|[msg]
|
|-weather|Sandstorm|[upkeep]
|-damage|p1a: Dragonite|63/100|[from] Sandstorm
|-damage|p2a: Rotom|55/100|[from] Sandstorm
|-heal|p2a: Rotom|61/100|[from] item: Leftovers
|upkeep
|turn|14
|
|t:|1731218922
|move|p1a: Dragonite|Outrage|p2a: Rotom
|-damage|p2a: Rotom|0 fnt
|faint|p2a: Rotom
|
|-weather|Sandstorm|[upkeep]
|-damage|p1a: Dragonite|57/100|[from] Sandstorm
|upkeep
|
|t:|1731218924
|switch|p2a: Alakazam|Alakazam, M|100/100
|turn|15
|
|t:|1731218929
|move|p1a: Dragonite|Outrage|p2a: Alakazam|[from]lockedmove
|-enditem|p2a: Alakazam|Focus Sash
|-damage|p2a: Alakazam|1/100
|-start|p1a: Dragonite|confusion|[fatigue]
|move|p2a: Alakazam|Hidden Power|p1a: Dragonite
|-supereffective|p1a: Dragonite
|-damage|p1a: Dragonite|0 fnt
|faint|p1a: Dragonite
|
|-weather|Sandstorm|[upkeep]
|upkeep
|
|t:|1731218935
|switch|p1a: Lucario|Lucario, M|100/100
|-damage|p1a: Lucario|88/100|[from] Spikes
|-damage|p1a: Lucario|85/100|[from] Stealth Rock
|turn|16
|
|t:|1731218937
|move|p1a: Lucario|Extreme Speed|p2a: Alakazam
|-damage|p2a: Alakazam|0 fnt
|faint|p2a: Alakazam
|-damage|p1a: Lucario|75/100|[from] item: Life Orb
|
|-weather|Sandstorm|[upkeep]
|upkeep
|
|t:|1731218939
|switch|p2a: Latios|Latios, M, shiny|82/100
|-damage|p2a: Latios|70/100|[from] Stealth Rock
|turn|17
|
|t:|1731218945
|move|p2a: Latios|Surf|p1a: Lucario
|-damage|p1a: Lucario|0 fnt
|faint|p1a: Lucario
|
|-weather|Sandstorm|[upkeep]
|-damage|p2a: Latios|64/100|[from] Sandstorm
|upkeep
|
|t:|1731218949
|switch|p1a: Garchomp|Garchomp, M|100/100
|-damage|p1a: Garchomp|88/100|[from] Spikes
|-damage|p1a: Garchomp|82/100|[from] Stealth Rock
|turn|18
|
|t:|1731218951
|move|p2a: Latios|Surf|p1a: Garchomp
|-crit|p1a: Garchomp
|-damage|p1a: Garchomp|0 fnt
|faint|p1a: Garchomp
|
|-weather|Sandstorm|[upkeep]
|-damage|p2a: Latios|58/100|[from] Sandstorm
|upkeep
|
|t:|1731218953
|switch|p1a: Volcarona|Volcarona, M|88/100
|-damage|p1a: Volcarona|76/100|[from] Spikes
|-damage|p1a: Volcarona|26/100|[from] Stealth Rock
|turn|19
|
|t:|1731218955
|move|p2a: Latios|Surf|p1a: Volcarona
|-supereffective|p1a: Volcarona
|-damage|p1a: Volcarona|0 fnt
|faint|p1a: Volcarona
|
|win|magialice
|raw|RKira11's rating: 1393 &rarr; <strong>1377</strong><br />(-16 for losing)
|raw|magialice's rating: 1471 &rarr; <strong>1487</strong><br />(+16 for winning)
|l|☆magialice
|player|p2|
|l|☆RKira11
|player|p1|
