|join|professorcaralho
|join|16kims1
|player|p1|professorcaralho|220
|player|p2|16kims1|169
|gametype|singles
|gen|5
|tier|[Gen 5] OU
|rated
|rule|Evasion Abilities Clause: Evasion abilities are banned
|clearpoke
|poke|p1|Politoed, M
|poke|p1|Latios, M
|poke|p1|Rotom-Wash
|poke|p1|Breloom, F
|poke|p1|Jirachi
|poke|p1|Scizor, M
|poke|p2|Politoed, F, shiny
|poke|p2|Tornadus, M
|poke|p2|Vaporeon, M, shiny
|poke|p2|Thundurus-Therian, M
|poke|p2|Keldeo
|poke|p2|Azumarill, M
|rule|Sleep Clause Mod: Limit one foe put to sleep
|rule|Species Clause: Limit one of each Pokemon
|rule|OHKO Clause: OHKO moves are banned
|rule|Moody Clause: Moody is banned
|rule|Evasion Moves Clause: Evasion moves are banned
|rule|Endless Battle Clause: Forcing endless battles is banned.
|rule|HP Percentage Mod: HP is reported as percentages
|teampreview
|
|start
|switch|p1a: Brastemp|Rotom-Wash|303/303
|switch|p2a: Politoed|Politoed, F, shiny|384/384
|-weather|RainDance|[from] ability: Drizzle|[of] p2a: Politoed
|turn|1
|
|move|p1a: Brastemp|Hydro Pump|p2a: Politoed
|-resisted|p2a: Politoed
|-damage|p2a: Politoed|273/384
|move|p2a: Politoed|Hydro Pump|p1a: Brastemp
|-resisted|p1a: Brastemp
|-damage|p1a: Brastemp|123/303
|
|-weather|RainDance|[upkeep]
|turn|2
|
|switch|p1a: SãoPedro|Politoed, M|384/384
|move|p2a: Politoed|Hydro Pump|p1a: SãoPedro
|-resisted|p1a: SãoPedro
|-damage|p1a: SãoPedro|195/384
|
|-weather|RainDance|[upkeep]
|turn|3
|
|move|p2a: Politoed|Hydro Pump|p1a: SãoPedro
|-resisted|p1a: SãoPedro
|-damage|p1a: SãoPedro|0 fnt
|faint|p1a: SãoPedro
|
|-weather|RainDance|[upkeep]
|
|switch|p1a: RaboGrande|Breloom, F|261/261
|turn|4
|
|move|p1a: RaboGrande|Spore|p2a: Politoed
|-status|p2a: Politoed|slp
|cant|p2a: Politoed|slp
|
|-weather|RainDance|[upkeep]
|-status|p1a: RaboGrande|tox|[from] item: Toxic Orb
|turn|5
|
|switch|p2a: Vaporeon|Vaporeon, M, shiny|464/464
|move|p1a: RaboGrande|Substitute|p1a: RaboGrande
|-start|p1a: RaboGrande|Substitute
|-damage|p1a: RaboGrande|196/261 tox
|
|-weather|RainDance|[upkeep]
|-heal|p1a: RaboGrande|228/261 tox|[from] ability: Poison Heal
|turn|6
|
|move|p1a: RaboGrande|Bullet Seed|p2a: Vaporeon
|-supereffective|p2a: Vaporeon
|-damage|p2a: Vaporeon|374/464
|-supereffective|p2a: Vaporeon
|-damage|p2a: Vaporeon|288/464
|-hitcount|p2a: Vaporeon|2
|move|p2a: Vaporeon|Roar|p1a: RaboGrande
|drag|p1a: Chapolin|Scizor, M|281/281
|
|-weather|RainDance|[upkeep]
|-heal|p2a: Vaporeon|317/464|[from] item: Leftovers
|turn|7
|
|move|p1a: Chapolin|Superpower|p2a: Vaporeon
|-damage|p2a: Vaporeon|127/464
|-unboost|p1a: Chapolin|atk|1
|-unboost|p1a: Chapolin|def|1
|-damage|p1a: Chapolin|253/281|[from] item: Life Orb
|move|p2a: Vaporeon|Scald|p1a: Chapolin
|-damage|p1a: Chapolin|66/281
|
|-weather|RainDance|[upkeep]
|-heal|p2a: Vaporeon|156/464|[from] item: Leftovers
|turn|8
|
|switch|p2a: Thundurus-Therian|Thundurus-Therian, M|300/300
|move|p1a: Chapolin|Superpower|p2a: Thundurus-Therian
|-resisted|p2a: Thundurus-Therian
|-damage|p2a: Thundurus-Therian|206/300
|-unboost|p1a: Chapolin|atk|1
|-unboost|p1a: Chapolin|def|1
|-damage|p1a: Chapolin|38/281|[from] item: Life Orb
|
|-weather|RainDance|[upkeep]
|turn|9
|
|switch|p1a: Minicraque|Jirachi|341/341
|move|p2a: Thundurus-Therian|Thunder|p1a: Minicraque
|-damage|p1a: Minicraque|104/341
|-status|p1a: Minicraque|par
|
|-weather|RainDance|[upkeep]
|turn|10
|
|move|p2a: Thundurus-Therian|Thunder|p1a: Minicraque
|-crit|p1a: Minicraque
|-damage|p1a: Minicraque|0 fnt
|faint|p1a: Minicraque
|
|-weather|RainDance|[upkeep]
|
|switch|p1a: Antedeguemon|Latios, M|302/302
|turn|11
|
|switch|p2a: Politoed|Politoed, F, shiny|273/384 slp
|move|p1a: Antedeguemon|Draco Meteor|p2a: Politoed
|-damage|p2a: Politoed|30/384 slp
|-unboost|p1a: Antedeguemon|spa|2
|
|-weather|RainDance|[upkeep]
|turn|12
|
|switch|p1a: RaboGrande|Breloom, F|228/261 tox
|cant|p2a: Politoed|slp
|
|-weather|RainDance|[upkeep]
|-heal|p1a: RaboGrande|260/261 tox|[from] ability: Poison Heal
|turn|13
|
|move|p1a: RaboGrande|Substitute|p1a: RaboGrande
|-start|p1a: RaboGrande|Substitute
|-damage|p1a: RaboGrande|195/261 tox
|cant|p2a: Politoed|slp
|
|-weather|RainDance|[upkeep]
|-heal|p1a: RaboGrande|227/261 tox|[from] ability: Poison Heal
|turn|14
|
|move|p1a: RaboGrande|Bullet Seed|p2a: Politoed
|-supereffective|p2a: Politoed
|-damage|p2a: Politoed|0 fnt
|-hitcount|p2a: Politoed|1
|faint|p2a: Politoed
|
|-weather|RainDance|[upkeep]
|-heal|p1a: RaboGrande|259/261 tox|[from] ability: Poison Heal
|
|switch|p2a: Azumarill|Azumarill, M|403/403
|turn|15
|
|move|p1a: RaboGrande|Spore|p2a: Azumarill
|-status|p2a: Azumarill|slp
|cant|p2a: Azumarill|slp
|
|-weather|RainDance|[upkeep]
|-heal|p1a: RaboGrande|261/261 tox|[from] ability: Poison Heal
|turn|16
|
|-singleturn|p1a: RaboGrande|move: Focus Punch
|switch|p2a: Thundurus-Therian|Thundurus-Therian, M|206/300
|move|p1a: RaboGrande|Focus Punch|p2a: Thundurus-Therian
|-resisted|p2a: Thundurus-Therian
|-damage|p2a: Thundurus-Therian|23/300
|
|-weather|RainDance|[upkeep]
|turn|17
|
|move|p2a: Thundurus-Therian|Thunder|p1a: RaboGrande
|-resisted|p1a: RaboGrande
|-end|p1a: RaboGrande|Substitute
|move|p1a: RaboGrande|Bullet Seed|p2a: Thundurus-Therian
|-resisted|p2a: Thundurus-Therian
|-damage|p2a: Thundurus-Therian|0 fnt
|-hitcount|p2a: Thundurus-Therian|1
|faint|p2a: Thundurus-Therian
|
|-weather|RainDance|[upkeep]
|
|switch|p2a: Tornadus|Tornadus, M|300/300
|turn|18
|
|switch|p1a: Chapolin|Scizor, M|38/281
|move|p2a: Tornadus|Hurricane|p1a: Chapolin
|-damage|p1a: Chapolin|0 fnt
|faint|p1a: Chapolin
|
|-weather|RainDance|[upkeep]
|
|switch|p1a: Antedeguemon|Latios, M|302/302
|turn|19
|
|switch|p2a: Vaporeon|Vaporeon, M, shiny|156/464
|move|p1a: Antedeguemon|Draco Meteor|p2a: Vaporeon
|-damage|p2a: Vaporeon|0 fnt
|-unboost|p1a: Antedeguemon|spa|2
|faint|p2a: Vaporeon
|
|-weather|RainDance|[upkeep]
|
|switch|p2a: Keldeo|Keldeo|323/323
|turn|20
|
|switch|p1a: Brastemp|Rotom-Wash|123/303
|move|p2a: Keldeo|Hidden Power|p1a: Brastemp
|-resisted|p1a: Brastemp
|-damage|p1a: Brastemp|75/303
|-damage|p2a: Keldeo|291/323|[from] item: Life Orb
|
|-weather|RainDance|[upkeep]
|turn|21
|
|move|p1a: Brastemp|Thunder Wave|p2a: Keldeo
|-status|p2a: Keldeo|par
|move|p2a: Keldeo|Secret Sword|p1a: Brastemp
|-damage|p1a: Brastemp|0 fnt
|-damage|p2a: Keldeo|259/323 par|[from] item: Life Orb
|faint|p1a: Brastemp
|
|-weather|RainDance|[upkeep]
|
|switch|p1a: RaboGrande|Breloom, F|261/261 tox
|turn|22
|
|move|p1a: RaboGrande|Substitute|p1a: RaboGrande
|-start|p1a: RaboGrande|Substitute
|-damage|p1a: RaboGrande|196/261 tox
|move|p2a: Keldeo|Hidden Power|p1a: RaboGrande
|-supereffective|p1a: RaboGrande
|-end|p1a: RaboGrande|Substitute
|-damage|p2a: Keldeo|227/323 par|[from] item: Life Orb
|
|-weather|RainDance|[upkeep]
|-heal|p1a: RaboGrande|228/261 tox|[from] ability: Poison Heal
|turn|23
|
|move|p1a: RaboGrande|Substitute|p1a: RaboGrande
|-start|p1a: RaboGrande|Substitute
|-damage|p1a: RaboGrande|163/261 tox
|cant|p2a: Keldeo|par
|
|-weather|RainDance|[upkeep]
|-heal|p1a: RaboGrande|195/261 tox|[from] ability: Poison Heal
|turn|24
|
|move|p1a: RaboGrande|Bullet Seed|p2a: Keldeo
|-crit|p2a: Keldeo
|-supereffective|p2a: Keldeo
|-damage|p2a: Keldeo|33/323 par
|-supereffective|p2a: Keldeo
|-damage|p2a: Keldeo|0 fnt
|-hitcount|p2a: Keldeo|2
|faint|p2a: Keldeo
|
|-weather|RainDance|[upkeep]
|-heal|p1a: RaboGrande|227/261 tox|[from] ability: Poison Heal
|
|switch|p2a: Tornadus|Tornadus, M|300/300
|turn|25
|
|-singleturn|p1a: RaboGrande|move: Focus Punch
|move|p2a: Tornadus|Hurricane|p1a: RaboGrande
|-supereffective|p1a: RaboGrande
|-end|p1a: RaboGrande|Substitute
|move|p1a: RaboGrande|Focus Punch|p2a: Tornadus
|-resisted|p2a: Tornadus
|-damage|p2a: Tornadus|120/300
|
|-weather|RainDance|[upkeep]
|-heal|p1a: RaboGrande|259/261 tox|[from] ability: Poison Heal
|turn|26
|
|move|p2a: Tornadus|Hurricane|p1a: RaboGrande
|-supereffective|p1a: RaboGrande
|-damage|p1a: RaboGrande|0 fnt
|faint|p1a: RaboGrande
|
|-weather|RainDance|[upkeep]
|
|switch|p1a: Antedeguemon|Latios, M|302/302
|turn|27
|
|move|p2a: Tornadus|Hurricane|p1a: Antedeguemon
|-damage|p1a: Antedeguemon|113/302
|move|p1a: Antedeguemon|Psyshock|p2a: Tornadus
|-damage|p2a: Tornadus|0 fnt
|faint|p2a: Tornadus
|
|-weather|RainDance|[upkeep]
|
|switch|p2a: Azumarill|Azumarill, M|403/403 slp
|turn|28
|
|cant|p2a: Azumarill|slp
|move|p1a: Antedeguemon|Psyshock|p2a: Azumarill
|-damage|p2a: Azumarill|226/403 slp
|
|-weather|RainDance|[upkeep]
|turn|29
|
|-curestatus|p2a: Azumarill|slp
|move|p2a: Azumarill|Aqua Jet|p1a: Antedeguemon
|-resisted|p1a: Antedeguemon
|-damage|p1a: Antedeguemon|16/302
|-damage|p2a: Azumarill|186/403|[from] item: Life Orb
|move|p1a: Antedeguemon|Psyshock|p2a: Azumarill
|-damage|p2a: Azumarill|18/403
|
|-weather|RainDance|[upkeep]
|turn|30
|
|move|p2a: Azumarill|Aqua Jet|p1a: Antedeguemon
|-resisted|p1a: Antedeguemon
|-damage|p1a: Antedeguemon|0 fnt
|-damage|p2a: Azumarill|0 fnt|[from] item: Life Orb
|faint|p1a: Antedeguemon
|faint|p2a: Azumarill
|
|tie
|raw|Ladder updating...
|raw|professorcaralho's rating: 1390 &rarr; <strong>1391</strong><br />(+1 for tying)
|raw|16kims1's rating: 1402 &rarr; <strong>1401</strong><br />(-1 for tying)
|leave|16kims1
|player|p2