|j|☆BWVC BookofConke
|j|☆Girls See Ghosts
|t:|1708673682
|gametype|singles
|player|p1|BWVC BookofConke|silver|1299
|player|p2|Girls See Ghosts|phoebe-gen6|1437
|teamsize|p1|6
|teamsize|p2|6
|gen|5
|tier|[Gen 5] OU
|rated|
|rule|Species Clause: Limit one of each Pokémon
|rule|OHKO Clause: OHKO moves are banned
|rule|Moody Clause: Moody is banned
|rule|Evasion Items Clause: Evasion items are banned
|rule|Evasion Moves Clause: Evasion moves are banned
|rule|Endless Battle Clause: Forcing endless battles is banned
|rule|HP Percentage Mod: HP is shown in percentages
|rule|Evasion Abilities Clause: Evasion abilities are banned
|rule|Sleep Moves Clause: Sleep-inducing moves are banned
|rule|Swagger Clause: Swagger is banned
|rule|Baton Pass Stat Clause: No Baton Passer may have a way to boost its stats
|clearpoke
|poke|p1|Politoed, M|item
|poke|p1|Scizor, M|item
|poke|p1|Starmie|item
|poke|p1|Garchomp, M|item
|poke|p1|Kyurem-Black|item
|poke|p1|Tornadus, M|item
|poke|p2|Politoed, M|item
|poke|p2|Tentacruel, M|item
|poke|p2|Ferrothorn, F|item
|poke|p2|Keldeo-Resolute|item
|poke|p2|Thundurus-Therian, M|item
|poke|p2|Latios, M|item
|teampreview
|
|t:|1708673699
|start
|switch|p1a: Garchomp|Garchomp, M|100/100
|switch|p2a: Thundurus|Thundurus-Therian, M|100/100
|turn|1
|
|t:|1708673708
|move|p1a: Garchomp|Stealth Rock|p2a: Thundurus
|-sidestart|p2: Girls See Ghosts|move: Stealth Rock
|move|p2a: Thundurus|Hidden Power|p1a: Garchomp
|-supereffective|p1a: Garchomp
|-enditem|p1a: Garchomp|Focus Sash
|-damage|p1a: Garchomp|1/100
|
|upkeep
|turn|2
|
|t:|1708673736
|switch|p2a: Ferrothorn|Ferrothorn, F|100/100
|-damage|p2a: Ferrothorn|94/100|[from] Stealth Rock
|move|p1a: Garchomp|Outrage|p2a: Ferrothorn
|-resisted|p2a: Ferrothorn
|-damage|p2a: Ferrothorn|72/100
|-damage|p1a: Garchomp|0 fnt|[from] ability: Iron Barbs|[of] p2a: Ferrothorn
|faint|p1a: Garchomp
|
|-heal|p2a: Ferrothorn|78/100|[from] item: Leftovers
|upkeep
|
|t:|1708673746
|switch|p1a: Tornadus|Tornadus, M|100/100
|turn|3
|
|t:|1708673772
|switch|p2a: Politoed|Politoed, M|100/100
|-damage|p2a: Politoed|88/100|[from] Stealth Rock
|-weather|RainDance|[from] ability: Drizzle|[of] p2a: Politoed
|move|p1a: Tornadus|Hurricane|p2a: Politoed
|-damage|p2a: Politoed|40/100
|
|-weather|RainDance|[upkeep]
|-heal|p2a: Politoed|46/100|[from] item: Leftovers
|upkeep
|turn|4
|
|t:|1708673781
|move|p2a: Politoed|Protect|p2a: Politoed
|-singleturn|p2a: Politoed|Protect
|move|p1a: Tornadus|Hurricane|p2a: Politoed
|-activate|p2a: Politoed|move: Protect
|
|-weather|RainDance|[upkeep]
|-heal|p2a: Politoed|52/100|[from] item: Leftovers
|upkeep
|turn|5
|
|t:|1708673789
|move|p1a: Tornadus|Hurricane|p2a: Politoed
|-damage|p2a: Politoed|0 fnt
|faint|p2a: Politoed
|
|-weather|RainDance|[upkeep]
|upkeep
|
|t:|1708673793
|switch|p2a: Tentacruel|Tentacruel, M|100/100
|-damage|p2a: Tentacruel|88/100|[from] Stealth Rock
|turn|6
|
|t:|1708673802
|move|p2a: Tentacruel|Protect|p2a: Tentacruel
|-singleturn|p2a: Tentacruel|Protect
|move|p1a: Tornadus|U-turn|p2a: Tentacruel
|-activate|p2a: Tentacruel|move: Protect
|
|-weather|RainDance|[upkeep]
|-heal|p2a: Tentacruel|94/100|[from] ability: Rain Dish
|-heal|p2a: Tentacruel|99/100|[from] item: Black Sludge
|upkeep
|turn|7
|
|t:|1708673817
|move|p1a: Tornadus|Hurricane|p2a: Tentacruel
|-damage|p2a: Tentacruel|42/100
|move|p2a: Tentacruel|Rapid Spin|p1a: Tornadus
|-damage|p1a: Tornadus|96/100
|-sideend|p2: Girls See Ghosts|Stealth Rock|[from] move: Rapid Spin|[of] p2a: Tentacruel
|
|-weather|RainDance|[upkeep]
|-heal|p2a: Tentacruel|48/100|[from] ability: Rain Dish
|-heal|p2a: Tentacruel|54/100|[from] item: Black Sludge
|upkeep
|turn|8
|
|t:|1708673837
|move|p2a: Tentacruel|Protect|p2a: Tentacruel
|-singleturn|p2a: Tentacruel|Protect
|move|p1a: Tornadus|Tailwind|p1a: Tornadus
|-sidestart|p1: BWVC BookofConke|move: Tailwind
|
|-weather|RainDance|[upkeep]
|-heal|p2a: Tentacruel|61/100|[from] ability: Rain Dish
|-heal|p2a: Tentacruel|67/100|[from] item: Black Sludge
|upkeep
|turn|9
|
|t:|1708673847
|switch|p2a: Thundurus|Thundurus-Therian, M|100/100
|move|p1a: Tornadus|Hurricane|p2a: Thundurus
|-resisted|p2a: Thundurus
|-damage|p2a: Thundurus|53/100
|-start|p2a: Thundurus|confusion
|
|-weather|RainDance|[upkeep]
|-heal|p2a: Thundurus|60/100|[from] item: Leftovers
|upkeep
|turn|10
|
|t:|1708673857
|move|p1a: Tornadus|U-turn|p2a: Thundurus
|-resisted|p2a: Thundurus
|-damage|p2a: Thundurus|49/100
|
|t:|1708673864
|switch|p1a: Kyurem|Kyurem-Black|100/100|[from] U-turn
|-ability|p1a: Kyurem|Teravolt
|-activate|p2a: Thundurus|confusion
|-damage|p2a: Thundurus|40/100|[from] confusion
|
|-weather|RainDance|[upkeep]
|-heal|p2a: Thundurus|46/100|[from] item: Leftovers
|upkeep
|turn|11
|
|t:|1708673875
|switch|p2a: Ferrothorn|Ferrothorn, F|78/100
|move|p1a: Kyurem|Outrage|p2a: Ferrothorn
|-resisted|p2a: Ferrothorn
|-crit|p2a: Ferrothorn
|-damage|p2a: Ferrothorn|0 fnt
|-damage|p1a: Kyurem|88/100|[from] ability: Iron Barbs|[of] p2a: Ferrothorn
|faint|p2a: Ferrothorn
|
|-weather|RainDance|[upkeep]
|-sideend|p1: BWVC BookofConke|move: Tailwind
|upkeep
|
|t:|1708673880
|switch|p2a: Keldeo|Keldeo-Resolute|100/100
|turn|12
|
|t:|1708673889
|move|p2a: Keldeo|Secret Sword|p1a: Kyurem
|-supereffective|p1a: Kyurem
|-damage|p1a: Kyurem|18/100
|move|p1a: Kyurem|Outrage|p2a: Keldeo|[from]lockedmove
|-damage|p2a: Keldeo|0 fnt
|faint|p2a: Keldeo
|
|-weather|RainDance|[upkeep]
|upkeep
|
|t:|1708673892
|switch|p2a: Latios|Latios, M|100/100
|turn|13
|
|t:|1708673899
|move|p2a: Latios|Dragon Pulse|p1a: Kyurem
|-supereffective|p1a: Kyurem
|-damage|p1a: Kyurem|0 fnt
|faint|p1a: Kyurem
|
|-weather|RainDance|[upkeep]
|upkeep
|
|t:|1708673904
|switch|p1a: Scizor|Scizor, M|100/100
|turn|14
|
|t:|1708673923
|switch|p2a: Tentacruel|Tentacruel, M|67/100
|move|p1a: Scizor|Swords Dance|p1a: Scizor
|-boost|p1a: Scizor|atk|2
|
|-weather|RainDance|[upkeep]
|-heal|p2a: Tentacruel|73/100|[from] ability: Rain Dish
|-heal|p2a: Tentacruel|79/100|[from] item: Black Sludge
|upkeep
|turn|15
|
|t:|1708673943
|move|p2a: Tentacruel|Scald|p1a: Scizor
|-damage|p1a: Scizor|61/100
|move|p1a: Scizor|Pursuit|p2a: Tentacruel
|-crit|p2a: Tentacruel
|-damage|p2a: Tentacruel|0 fnt
|faint|p2a: Tentacruel
|-damage|p1a: Scizor|52/100|[from] item: Life Orb
|
|-weather|RainDance|[upkeep]
|upkeep
|
|t:|1708673952
|switch|p2a: Thundurus|Thundurus-Therian, M|46/100
|turn|16
|
|t:|1708673956
|move|p1a: Scizor|Bullet Punch|p2a: Thundurus
|-resisted|p2a: Thundurus
|-damage|p2a: Thundurus|0 fnt
|faint|p2a: Thundurus
|-damage|p1a: Scizor|42/100|[from] item: Life Orb
|
|-weather|RainDance|[upkeep]
|upkeep
|
|t:|1708673959
|switch|p2a: Latios|Latios, M|100/100
|turn|17
|
|t:|1708673964
|move|p1a: Scizor|Bullet Punch|p2a: Latios
|-damage|p2a: Latios|0 fnt
|faint|p2a: Latios
|-damage|p1a: Scizor|32/100|[from] item: Life Orb
|
|win|BWVC BookofConke
|raw|BWVC BookofConke's rating: 1299 &rarr; <strong>1333</strong><br />(+34 for winning)
|raw|Girls See Ghosts's rating: 1437 &rarr; <strong>1409</strong><br />(-28 for losing)
