|j|☆Esurient
|j|☆skin smoking
|player|p1|Esurient|80|1390
|player|p2|skin smoking|bruno-gen3|1326
|teamsize|p1|6
|teamsize|p2|6
|gametype|singles
|gen|5
|tier|[Gen 5] OU
|rated|
|rule|Sleep Clause Mod: Limit one foe put to sleep
|rule|Species Clause: Limit one of each Pokémon
|rule|OHKO Clause: OHKO moves are banned
|rule|Moody Clause: Moody is banned
|rule|Evasion Moves Clause: Evasion moves are banned
|rule|Endless Battle Clause: Forcing endless battles is banned
|rule|HP Percentage Mod: HP is shown in percentages
|rule|Evasion Abilities Clause: Evasion abilities are banned
|rule|Baton Pass Clause: Limit one Baton Passer, can't pass Spe and other stats simultaneously
|rule|Swagger Clause: Swagger is banned
|clearpoke
|poke|p1|Alakazam, M|item
|poke|p1|Magnezone|item
|poke|p1|Tyranitar, F|item
|poke|p1|Landorus-Therian, M|item
|poke|p1|Keldeo-Resolute|item
|poke|p1|Ferrothorn, F|item
|poke|p2|Skarmory, M|item
|poke|p2|Garchomp, F|item
|poke|p2|Terrakion|item
|poke|p2|Gengar, F|item
|poke|p2|Jirachi|item
|poke|p2|Latios, M|item
|teampreview
|
|start
|switch|p1a: Keldeo|Keldeo-Resolute|100/100
|switch|p2a: Skarmory|Skarmory, M|100/100
|turn|1
|inactive|Battle timer is ON: inactive players will automatically lose when time's up. (requested by skin smoking)
|
|move|p1a: Keldeo|Hydro Pump|p2a: Skarmory
|-ability|p2a: Skarmory|Sturdy
|-damage|p2a: Skarmory|1/100
|move|p2a: Skarmory|Stealth Rock|p1a: Keldeo
|-sidestart|p1: Esurient|move: Stealth Rock
|
|upkeep
|turn|2
|-enditem|p2a: Skarmory|Custap Berry|[eat]
|-activate|p2a: Skarmory|item: Custap Berry|[consumed]
|
|move|p2a: Skarmory|Spikes|p1a: Keldeo
|-sidestart|p1: Esurient|Spikes
|move|p1a: Keldeo|Hydro Pump|p2a: Skarmory
|-damage|p2a: Skarmory|0 fnt
|faint|p2a: Skarmory
|
|upkeep
|
|switch|p2a: Latios|Latios, M|100/100
|turn|3
|
|switch|p2a: Terrakion|Terrakion|100/100
|switch|p1a: Tyranitar|Tyranitar, F|100/100
|-damage|p1a: Tyranitar|88/100|[from] Stealth Rock
|-damage|p1a: Tyranitar|76/100|[from] Spikes
|-weather|Sandstorm|[from] ability: Sand Stream|[of] p1a: Tyranitar
|
|-weather|Sandstorm|[upkeep]
|upkeep
|turn|4
|
|switch|p2a: Garchomp|Garchomp, F|100/100
|switch|p1a: Landorus|Landorus-Therian, M, shiny|100/100
|-damage|p1a: Landorus|88/100|[from] Stealth Rock
|-ability|p1a: Landorus|Intimidate|boost
|-unboost|p2a: Garchomp|atk|1
|
|-weather|Sandstorm|[upkeep]
|upkeep
|turn|5
|
|move|p1a: Landorus|Hidden Power|p2a: Garchomp
|-supereffective|p2a: Garchomp
|-damage|p2a: Garchomp|13/100
|move|p2a: Garchomp|Hidden Power|p1a: Landorus
|-supereffective|p1a: Landorus
|-damage|p1a: Landorus|0 fnt
|-damage|p2a: Garchomp|3/100|[from] item: Life Orb
|faint|p1a: Landorus
|
|-weather|Sandstorm|[upkeep]
|upkeep
|
|switch|p1a: Alakazam|Alakazam, M|100/100
|turn|6
|
|switch|p2a: Jirachi|Jirachi|100/100
|move|p1a: Alakazam|Psychic|p2a: Jirachi
|-resisted|p2a: Jirachi
|-damage|p2a: Jirachi|90/100
|
|-weather|Sandstorm|[upkeep]
|upkeep
|turn|7
|
|switch|p1a: Ferrothorn|Ferrothorn, F|100/100
|-damage|p1a: Ferrothorn|95/100|[from] Stealth Rock
|-damage|p1a: Ferrothorn|82/100|[from] Spikes
|move|p2a: Jirachi|U-turn|p1a: Ferrothorn
|-damage|p1a: Ferrothorn|67/100
|-damage|p2a: Jirachi|77/100|[from] ability: Iron Barbs|[of] p1a: Ferrothorn
|
|switch|p2a: Terrakion|Terrakion|100/100|[from]move: U-turn
|
|-weather|Sandstorm|[upkeep]
|upkeep
|turn|8
|
|move|p2a: Terrakion|Close Combat|p1a: Ferrothorn
|-supereffective|p1a: Ferrothorn
|-enditem|p1a: Ferrothorn|Chople Berry|[eat]
|-enditem|p1a: Ferrothorn|Chople Berry|[weaken]
|-damage|p1a: Ferrothorn|19/100
|-damage|p2a: Terrakion|88/100|[from] ability: Iron Barbs|[of] p1a: Ferrothorn
|-unboost|p2a: Terrakion|def|1
|-unboost|p2a: Terrakion|spd|1
|move|p1a: Ferrothorn|Gyro Ball|p2a: Terrakion
|-supereffective|p2a: Terrakion
|-damage|p2a: Terrakion|0 fnt
|faint|p2a: Terrakion
|
|-weather|Sandstorm|[upkeep]
|upkeep
|
|switch|p2a: Gengar|Gengar, F|100/100
|turn|9
|
|move|p2a: Gengar|Focus Blast|p1a: Ferrothorn
|-supereffective|p1a: Ferrothorn
|-damage|p1a: Ferrothorn|0 fnt
|faint|p1a: Ferrothorn
|
|-weather|Sandstorm|[upkeep]
|-damage|p2a: Gengar|94/100|[from] Sandstorm
|-heal|p2a: Gengar|100/100|[from] item: Black Sludge
|upkeep
|
|switch|p1a: Alakazam|Alakazam, M|100/100
|turn|10
|
|switch|p1a: Tyranitar|Tyranitar, F|76/100
|-damage|p1a: Tyranitar|63/100|[from] Spikes
|-damage|p1a: Tyranitar|51/100|[from] Stealth Rock
|switch|p2a: Jirachi|Jirachi|77/100
|
|-weather|Sandstorm|[upkeep]
|upkeep
|turn|11
|
|move|p2a: Jirachi|U-turn|p1a: Tyranitar
|-supereffective|p1a: Tyranitar
|-damage|p1a: Tyranitar|18/100
|
|-activate|p2a: Jirachi|move: Pursuit
|move|p1a: Tyranitar|Pursuit|p2a: Jirachi|[from]Pursuit
|-damage|p2a: Jirachi|7/100
|switch|p2a: Garchomp|Garchomp, F|3/100|[from]move: U-turn
|
|-weather|Sandstorm|[upkeep]
|upkeep
|turn|12
|
|move|p2a: Garchomp|Earthquake|p1a: Tyranitar
|-supereffective|p1a: Tyranitar
|-damage|p1a: Tyranitar|0 fnt
|-damage|p2a: Garchomp|0 fnt|[from] item: Life Orb
|faint|p1a: Tyranitar
|faint|p2a: Garchomp
|
|-weather|Sandstorm|[upkeep]
|upkeep
|
|switch|p2a: Latios|Latios, M|100/100
|switch|p1a: Magnezone|Magnezone, shiny|100/100
|-damage|p1a: Magnezone|94/100|[from] Stealth Rock
|-damage|p1a: Magnezone|82/100|[from] Spikes
|turn|13
|
|move|p2a: Latios|Hidden Power|p1a: Magnezone
|-supereffective|p1a: Magnezone
|-damage|p1a: Magnezone|0 fnt
|faint|p1a: Magnezone
|
|-weather|Sandstorm|[upkeep]
|-damage|p2a: Latios|95/100|[from] Sandstorm
|upkeep
|
|switch|p1a: Alakazam|Alakazam, M|100/100
|turn|14
|
|switch|p2a: Gengar|Gengar, F|100/100
|move|p1a: Alakazam|Shadow Ball|p2a: Gengar
|-supereffective|p2a: Gengar
|-damage|p2a: Gengar|4/100
|
|-weather|Sandstorm|[upkeep]
|-damage|p2a: Gengar|0 fnt|[from] Sandstorm
|faint|p2a: Gengar
|upkeep
|
|switch|p2a: Jirachi|Jirachi|7/100
|turn|15
|
|move|p2a: Jirachi|Iron Head|p1a: Alakazam
|-damage|p1a: Alakazam|9/100
|move|p1a: Alakazam|Shadow Ball|p2a: Jirachi
|-damage|p2a: Jirachi|0 fnt
|faint|p2a: Jirachi
|
|-weather|Sandstorm|[upkeep]
|upkeep
|
|switch|p2a: Latios|Latios, M|95/100
|turn|16
|
|move|p1a: Alakazam|Shadow Ball|p2a: Latios
|-supereffective|p2a: Latios
|-damage|p2a: Latios|39/100
|move|p2a: Latios|Draco Meteor|p1a: Alakazam
|-damage|p1a: Alakazam|0 fnt
|-unboost|p2a: Latios|spa|2
|faint|p1a: Alakazam
|
|-weather|Sandstorm|[upkeep]
|-damage|p2a: Latios|33/100|[from] Sandstorm
|upkeep
|
|switch|p1a: Keldeo|Keldeo-Resolute|100/100
|-damage|p1a: Keldeo|88/100|[from] Spikes
|-damage|p1a: Keldeo|82/100|[from] Stealth Rock
|turn|17
|
|move|p2a: Latios|Draco Meteor|p1a: Keldeo
|-damage|p1a: Keldeo|19/100
|-unboost|p2a: Latios|spa|2
|move|p1a: Keldeo|Icy Wind|p2a: Latios
|-supereffective|p2a: Latios
|-damage|p2a: Latios|0 fnt
|faint|p2a: Latios
|
|win|Esurient
|l|☆skin smoking
|c|☆Esurient|gg
|raw|Esurient's rating: 1367 &rarr; <strong>1384</strong><br />(+17 for winning)
|raw|skin smoking's rating: 1326 &rarr; <strong>1308</strong><br />(-18 for losing)
