|j|☆STATS Xavi
|j|☆OnHigh
|player|p1|STATS Xavi|backpacker|1311
|player|p2|OnHigh|ingo|1430
|teamsize|p1|6
|teamsize|p2|6
|gametype|singles
|gen|5
|tier|[Gen 5] OU
|rated|
|clearpoke
|poke|p1|Hippowdon, F|item
|poke|p1|Gastrodon-East, F|item
|poke|p1|Skarmory, M|item
|poke|p1|Excadrill, F|item
|poke|p1|Jirachi|item
|poke|p1|Sigilyph, M|item
|poke|p2|Landorus-Therian, M|item
|poke|p2|Tyranitar, F|item
|poke|p2|Latios, M|item
|poke|p2|Rotom-Wash|item
|poke|p2|Jirachi|item
|poke|p2|Ferrothorn, M|item
|rule|Species Clause: Limit one of each Pokémon
|rule|OHKO Clause: OHKO moves are banned
|rule|Moody Clause: Moody is banned
|rule|Evasion Moves Clause: Evasion moves are banned
|rule|Endless Battle Clause: Forcing endless battles is banned
|rule|HP Percentage Mod: HP is shown in percentages
|rule|Evasion Abilities Clause: Evasion abilities are banned
|rule|Baton Pass Clause: Limit one Baton Passer, can't pass Spe and other stats simultaneously
|rule|Sleep Clause: Sleep-inducing moves are banned
|rule|Swagger Clause: Swagger is banned
|teampreview
|inactive|Battle timer is ON: inactive players will automatically lose when time's up. (requested by OnHigh)
|inactive|STATS Xavi has 120 seconds left.
|
|start
|switch|p1a: Hattori el ninja|Hippowdon, F|100/100
|switch|p2a: Rotom|Rotom-Wash|100/100
|-weather|Sandstorm|[from] ability: Sand Stream|[of] p1a: Hattori el ninja
|turn|1
|
|switch|p1a: Amu Pinguilí|Gastrodon-East, F|100/100
|move|p2a: Rotom|Will-O-Wisp|p1a: Amu Pinguilí|[miss]
|-miss|p2a: Rotom|p1a: Amu Pinguilí
|
|-weather|Sandstorm|[upkeep]
|-damage|p2a: Rotom|94/100|[from] Sandstorm
|-heal|p2a: Rotom|100/100|[from] item: Leftovers
|upkeep
|turn|2
|
|switch|p2a: Ferrothorn|Ferrothorn, M|100/100
|switch|p1a: Headnown|Sigilyph, M|100/100
|
|-weather|Sandstorm|[upkeep]
|-status|p1a: Headnown|brn|[from] item: Flame Orb
|upkeep
|turn|3
|
|move|p1a: Headnown|Cosmic Power|p1a: Headnown
|-boost|p1a: Headnown|def|1
|-boost|p1a: Headnown|spd|1
|move|p2a: Ferrothorn|Leech Seed|p1a: Headnown
|-start|p1a: Headnown|move: Leech Seed
|
|-weather|Sandstorm|[upkeep]
|upkeep
|turn|4
|
|switch|p2a: Jirachi|Jirachi|100/100
|move|p1a: Headnown|Cosmic Power|p1a: Headnown
|-boost|p1a: Headnown|def|1
|-boost|p1a: Headnown|spd|1
|
|-weather|Sandstorm|[upkeep]
|upkeep
|turn|5
|
|move|p2a: Jirachi|Substitute|p2a: Jirachi
|-start|p2a: Jirachi|Substitute
|-damage|p2a: Jirachi|76/100
|move|p1a: Headnown|Psycho Shift||[still]
|-fail|p1a: Headnown
|
|-weather|Sandstorm|[upkeep]
|-heal|p2a: Jirachi|82/100|[from] item: Leftovers
|upkeep
|turn|6
|
|move|p1a: Headnown|Cosmic Power|p1a: Headnown
|-boost|p1a: Headnown|def|1
|-boost|p1a: Headnown|spd|1
|move|p2a: Jirachi|Iron Head|p1a: Headnown
|-damage|p1a: Headnown|90/100 brn
|
|-weather|Sandstorm|[upkeep]
|-heal|p2a: Jirachi|88/100|[from] item: Leftovers
|upkeep
|turn|7
|
|move|p2a: Jirachi|Thunder|p1a: Headnown
|-supereffective|p1a: Headnown
|-damage|p1a: Headnown|51/100 brn
|move|p1a: Headnown|Cosmic Power|p1a: Headnown
|-boost|p1a: Headnown|def|1
|-boost|p1a: Headnown|spd|1
|
|-weather|Sandstorm|[upkeep]
|-heal|p2a: Jirachi|94/100|[from] item: Leftovers
|upkeep
|turn|8
|
|move|p1a: Headnown|Roost|p1a: Headnown
|-heal|p1a: Headnown|100/100 brn
|-singleturn|p1a: Headnown|move: Roost
|move|p2a: Jirachi|Thunder|p1a: Headnown
|-crit|p1a: Headnown
|-damage|p1a: Headnown|13/100 brn
|
|-weather|Sandstorm|[upkeep]
|-heal|p2a: Jirachi|99/100|[from] item: Leftovers
|upkeep
|turn|9
|
|move|p1a: Headnown|Roost|p1a: Headnown
|-heal|p1a: Headnown|63/100 brn
|-singleturn|p1a: Headnown|move: Roost
|move|p2a: Jirachi|Thunder|p1a: Headnown|[miss]
|-miss|p2a: Jirachi|p1a: Headnown
|
|-weather|Sandstorm|[upkeep]
|-heal|p2a: Jirachi|100/100|[from] item: Leftovers
|upkeep
|turn|10
|
|move|p1a: Headnown|Cosmic Power|p1a: Headnown
|-boost|p1a: Headnown|def|1
|-boost|p1a: Headnown|spd|1
|move|p2a: Jirachi|Thunder|p1a: Headnown
|-supereffective|p1a: Headnown
|-damage|p1a: Headnown|37/100 brn
|
|-weather|Sandstorm|[upkeep]
|upkeep
|turn|11
|
|move|p1a: Headnown|Roost|p1a: Headnown
|-heal|p1a: Headnown|87/100 brn
|-singleturn|p1a: Headnown|move: Roost
|move|p2a: Jirachi|Thunder|p1a: Headnown
|-damage|p1a: Headnown|75/100 brn
|
|-weather|Sandstorm|[upkeep]
|upkeep
|turn|12
|
|move|p1a: Headnown|Cosmic Power|p1a: Headnown
|-boost|p1a: Headnown|def|1
|-boost|p1a: Headnown|spd|1
|move|p2a: Jirachi|Thunder|p1a: Headnown
|-supereffective|p1a: Headnown
|-damage|p1a: Headnown|53/100 brn
|
|-weather|Sandstorm|[upkeep]
|upkeep
|turn|13
|
|move|p1a: Headnown|Stored Power|p2a: Jirachi
|-resisted|p2a: Jirachi
|-activate|p2a: Jirachi|Substitute|[damage]
|move|p2a: Jirachi|Thunder|p1a: Headnown
|-supereffective|p1a: Headnown
|-damage|p1a: Headnown|32/100 brn
|
|-weather|Sandstorm|[upkeep]
|upkeep
|turn|14
|
|move|p1a: Headnown|Roost|p1a: Headnown
|-heal|p1a: Headnown|82/100 brn
|-singleturn|p1a: Headnown|move: Roost
|move|p2a: Jirachi|Thunder|p1a: Headnown
|-damage|p1a: Headnown|71/100 brn
|
|-weather|Sandstorm|[upkeep]
|upkeep
|turn|15
|
|move|p1a: Headnown|Stored Power|p2a: Jirachi
|-resisted|p2a: Jirachi
|-end|p2a: Jirachi|Substitute
|move|p2a: Jirachi|Hidden Power|p1a: Headnown
|-supereffective|p1a: Headnown
|-damage|p1a: Headnown|57/100 brn
|
|-weather|Sandstorm|[upkeep]
|upkeep
|turn|16
|
|move|p2a: Jirachi|Substitute|p2a: Jirachi
|-start|p2a: Jirachi|Substitute
|-damage|p2a: Jirachi|76/100
|move|p1a: Headnown|Psycho Shift|p2a: Jirachi|[miss]
|-miss|p1a: Headnown|p2a: Jirachi
|
|-weather|Sandstorm|[upkeep]
|-heal|p2a: Jirachi|82/100|[from] item: Leftovers
|upkeep
|turn|17
|
|move|p2a: Jirachi|Hidden Power|p1a: Headnown
|-supereffective|p1a: Headnown
|-damage|p1a: Headnown|44/100 brn
|move|p1a: Headnown|Cosmic Power|p1a: Headnown
|-boost|p1a: Headnown|def|0
|-boost|p1a: Headnown|spd|0
|
|-weather|Sandstorm|[upkeep]
|-heal|p2a: Jirachi|88/100|[from] item: Leftovers
|upkeep
|turn|18
|
|move|p2a: Jirachi|Hidden Power|p1a: Headnown
|-supereffective|p1a: Headnown
|-damage|p1a: Headnown|31/100 brn
|move|p1a: Headnown|Roost|p1a: Headnown
|-heal|p1a: Headnown|81/100 brn
|-singleturn|p1a: Headnown|move: Roost
|
|-weather|Sandstorm|[upkeep]
|-heal|p2a: Jirachi|94/100|[from] item: Leftovers
|upkeep
|turn|19
|
|move|p1a: Headnown|Stored Power|p2a: Jirachi
|-resisted|p2a: Jirachi
|-activate|p2a: Jirachi|Substitute|[damage]
|move|p2a: Jirachi|Iron Head|p1a: Headnown
|-damage|p1a: Headnown|75/100 brn
|
|-weather|Sandstorm|[upkeep]
|-heal|p2a: Jirachi|99/100|[from] item: Leftovers
|upkeep
|turn|20
|
|move|p2a: Jirachi|Hidden Power|p1a: Headnown
|-supereffective|p1a: Headnown
|-damage|p1a: Headnown|61/100 brn
|move|p1a: Headnown|Stored Power|p2a: Jirachi
|-resisted|p2a: Jirachi
|-end|p2a: Jirachi|Substitute
|
|-weather|Sandstorm|[upkeep]
|-heal|p2a: Jirachi|100/100|[from] item: Leftovers
|upkeep
|turn|21
|
|switch|p1a: Amu Pinguilí|Gastrodon-East, F|100/100
|move|p2a: Jirachi|Substitute|p2a: Jirachi
|-start|p2a: Jirachi|Substitute
|-damage|p2a: Jirachi|76/100
|
|-weather|Sandstorm|[upkeep]
|-heal|p2a: Jirachi|82/100|[from] item: Leftovers
|upkeep
|turn|22
|
|switch|p2a: Ferrothorn|Ferrothorn, M|100/100
|move|p1a: Amu Pinguilí|Earth Power|p2a: Ferrothorn
|-crit|p2a: Ferrothorn
|-damage|p2a: Ferrothorn|57/100
|
|-weather|Sandstorm|[upkeep]
|-heal|p2a: Ferrothorn|63/100|[from] item: Leftovers
|upkeep
|turn|23
|
|switch|p1a: Headnown|Sigilyph, M|61/100 brn
|move|p2a: Ferrothorn|Spikes|p1a: Headnown
|-sidestart|p1: STATS Xavi|Spikes
|
|-weather|Sandstorm|[upkeep]
|-heal|p2a: Ferrothorn|70/100|[from] item: Leftovers
|upkeep
|turn|24
|
|switch|p2a: Rotom|Rotom-Wash|100/100
|move|p1a: Headnown|Psycho Shift|p2a: Rotom
|-status|p2a: Rotom|brn
|-curestatus|p1a: Headnown|brn|[msg]
|
|-weather|Sandstorm|[upkeep]
|-damage|p2a: Rotom|94/100 brn|[from] Sandstorm
|-heal|p2a: Rotom|100/100 brn|[from] item: Leftovers
|-damage|p2a: Rotom|88/100 brn|[from] brn
|-status|p1a: Headnown|brn|[from] item: Flame Orb
|upkeep
|turn|25
|
|switch|p1a: Amu Pinguilí|Gastrodon-East, F|100/100
|-damage|p1a: Amu Pinguilí|88/100|[from] Spikes
|move|p2a: Rotom|Volt Switch|p1a: Amu Pinguilí
|-immune|p1a: Amu Pinguilí
|
|-weather|Sandstorm|[upkeep]
|-damage|p2a: Rotom|82/100 brn|[from] Sandstorm
|-heal|p2a: Rotom|88/100 brn|[from] item: Leftovers
|-heal|p1a: Amu Pinguilí|94/100|[from] item: Leftovers
|-damage|p2a: Rotom|76/100 brn|[from] brn
|upkeep
|turn|26
|
|move|p2a: Rotom|Will-O-Wisp|p1a: Amu Pinguilí
|-status|p1a: Amu Pinguilí|brn
|move|p1a: Amu Pinguilí|Hidden Power|p2a: Rotom
|-supereffective|p2a: Rotom
|-damage|p2a: Rotom|41/100 brn
|
|-weather|Sandstorm|[upkeep]
|-damage|p2a: Rotom|35/100 brn|[from] Sandstorm
|-heal|p2a: Rotom|41/100 brn|[from] item: Leftovers
|-heal|p1a: Amu Pinguilí|99/100 brn|[from] item: Leftovers
|-damage|p2a: Rotom|29/100 brn|[from] brn
|-damage|p1a: Amu Pinguilí|88/100 brn|[from] brn
|upkeep
|turn|27
|
|move|p2a: Rotom|Pain Split|p1a: Amu Pinguilí
|-sethp|p1a: Amu Pinguilí|54/100 brn|[from] move: Pain Split|[silent]
|-sethp|p2a: Rotom|77/100 brn|[from] move: Pain Split
|move|p1a: Amu Pinguilí|Hidden Power|p2a: Rotom
|-supereffective|p2a: Rotom
|-damage|p2a: Rotom|44/100 brn
|
|-weather|Sandstorm|[upkeep]
|-damage|p2a: Rotom|38/100 brn|[from] Sandstorm
|-heal|p2a: Rotom|44/100 brn|[from] item: Leftovers
|-heal|p1a: Amu Pinguilí|60/100 brn|[from] item: Leftovers
|-damage|p2a: Rotom|32/100 brn|[from] brn
|-damage|p1a: Amu Pinguilí|48/100 brn|[from] brn
|upkeep
|turn|28
|
|switch|p2a: Latios|Latios, M|100/100
|move|p1a: Amu Pinguilí|Hidden Power|p2a: Latios
|-resisted|p2a: Latios
|-damage|p2a: Latios|92/100
|
|-weather|Sandstorm|[upkeep]
|-damage|p2a: Latios|86/100|[from] Sandstorm
|-heal|p1a: Amu Pinguilí|54/100 brn|[from] item: Leftovers
|-damage|p1a: Amu Pinguilí|41/100 brn|[from] brn
|upkeep
|turn|29
|
|switch|p1a: W¡sh & K'3D Shop|Jirachi|100/100
|-damage|p1a: W¡sh & K'3D Shop|88/100|[from] Spikes
|move|p2a: Latios|Psyshock|p1a: W¡sh & K'3D Shop
|-resisted|p1a: W¡sh & K'3D Shop
|-damage|p1a: W¡sh & K'3D Shop|75/100
|
|-weather|Sandstorm|[upkeep]
|-damage|p2a: Latios|80/100|[from] Sandstorm
|-heal|p1a: W¡sh & K'3D Shop|81/100|[from] item: Leftovers
|upkeep
|turn|30
|
|switch|p2a: Ferrothorn|Ferrothorn, M|70/100
|move|p1a: W¡sh & K'3D Shop|Body Slam|p2a: Ferrothorn
|-resisted|p2a: Ferrothorn
|-damage|p2a: Ferrothorn|62/100
|-status|p2a: Ferrothorn|par
|-damage|p1a: W¡sh & K'3D Shop|69/100|[from] ability: Iron Barbs|[of] p2a: Ferrothorn
|
|-weather|Sandstorm|[upkeep]
|-heal|p1a: W¡sh & K'3D Shop|75/100|[from] item: Leftovers
|-heal|p2a: Ferrothorn|69/100 par|[from] item: Leftovers
|upkeep
|turn|31
|
|switch|p1a: Headnown|Sigilyph, M|61/100 brn
|move|p2a: Ferrothorn|Spikes|p1a: Headnown
|-sidestart|p1: STATS Xavi|Spikes
|
|-weather|Sandstorm|[upkeep]
|-heal|p2a: Ferrothorn|75/100 par|[from] item: Leftovers
|upkeep
|turn|32
|
|move|p1a: Headnown|Stored Power|p2a: Ferrothorn
|-resisted|p2a: Ferrothorn
|-crit|p2a: Ferrothorn
|-damage|p2a: Ferrothorn|70/100 par
|move|p2a: Ferrothorn|Spikes|p1a: Headnown
|-sidestart|p1: STATS Xavi|Spikes
|
|-weather|Sandstorm|[upkeep]
|-heal|p2a: Ferrothorn|76/100 par|[from] item: Leftovers
|upkeep
|turn|33
|
|move|p1a: Headnown|Roost|p1a: Headnown
|-heal|p1a: Headnown|100/100 brn
|-singleturn|p1a: Headnown|move: Roost
|move|p2a: Ferrothorn|Knock Off|p1a: Headnown
|-supereffective|p1a: Headnown
|-damage|p1a: Headnown|94/100 brn
|-enditem|p1a: Headnown|Flame Orb|[from] move: Knock Off|[of] p2a: Ferrothorn
|
|-weather|Sandstorm|[upkeep]
|-heal|p2a: Ferrothorn|82/100 par|[from] item: Leftovers
|upkeep
|turn|34
|
|move|p1a: Headnown|Cosmic Power|p1a: Headnown
|-boost|p1a: Headnown|def|1
|-boost|p1a: Headnown|spd|1
|move|p2a: Ferrothorn|Gyro Ball|p1a: Headnown
|-damage|p1a: Headnown|68/100 brn
|
|-weather|Sandstorm|[upkeep]
|-heal|p2a: Ferrothorn|88/100 par|[from] item: Leftovers
|upkeep
|turn|35
|
|move|p1a: Headnown|Psycho Shift||[still]
|-fail|p1a: Headnown
|move|p2a: Ferrothorn|Gyro Ball|p1a: Headnown
|-damage|p1a: Headnown|40/100 brn
|
|-weather|Sandstorm|[upkeep]
|-heal|p2a: Ferrothorn|95/100 par|[from] item: Leftovers
|upkeep
|turn|36
|
|switch|p2a: Jirachi|Jirachi|82/100
|move|p1a: Headnown|Roost|p1a: Headnown
|-heal|p1a: Headnown|90/100 brn
|-singleturn|p1a: Headnown|move: Roost
|
|-weather|Sandstorm|[upkeep]
|-heal|p2a: Jirachi|88/100|[from] item: Leftovers
|upkeep
|turn|37
|
|switch|p1a: Hattori el ninja|Hippowdon, F|100/100
|-damage|p1a: Hattori el ninja|75/100|[from] Spikes
|move|p2a: Jirachi|Substitute|p2a: Jirachi
|-start|p2a: Jirachi|Substitute
|-damage|p2a: Jirachi|63/100
|
|-weather|Sandstorm|[upkeep]
|-heal|p2a: Jirachi|69/100|[from] item: Leftovers
|-heal|p1a: Hattori el ninja|82/100|[from] item: Leftovers
|upkeep
|turn|38
|
|move|p2a: Jirachi|Hidden Power|p1a: Hattori el ninja
|-supereffective|p1a: Hattori el ninja
|-damage|p1a: Hattori el ninja|52/100
|move|p1a: Hattori el ninja|Earthquake|p2a: Jirachi
|-supereffective|p2a: Jirachi
|-end|p2a: Jirachi|Substitute
|
|-weather|Sandstorm|[upkeep]
|-heal|p2a: Jirachi|75/100|[from] item: Leftovers
|-heal|p1a: Hattori el ninja|58/100|[from] item: Leftovers
|upkeep
|turn|39
|
|switch|p2a: Latios|Latios, M|80/100
|move|p1a: Hattori el ninja|Whirlwind|p2a: Latios
|drag|p2a: Rotom|Rotom-Wash|32/100 brn
|
|-weather|Sandstorm|[upkeep]
|-damage|p2a: Rotom|26/100 brn|[from] Sandstorm
|-heal|p2a: Rotom|32/100 brn|[from] item: Leftovers
|-heal|p1a: Hattori el ninja|65/100|[from] item: Leftovers
|-damage|p2a: Rotom|19/100 brn|[from] brn
|upkeep
|turn|40
|
|switch|p1a: Amu Pinguilí|Gastrodon-East, F|41/100 brn
|-damage|p1a: Amu Pinguilí|16/100 brn|[from] Spikes
|move|p2a: Rotom|Hydro Pump|p1a: Amu Pinguilí
|-ability|p1a: Amu Pinguilí|Storm Drain|boost
|-boost|p1a: Amu Pinguilí|spa|1
|
|-weather|Sandstorm|[upkeep]
|-damage|p2a: Rotom|13/100 brn|[from] Sandstorm
|-heal|p2a: Rotom|19/100 brn|[from] item: Leftovers
|-heal|p1a: Amu Pinguilí|23/100 brn|[from] item: Leftovers
|-damage|p2a: Rotom|7/100 brn|[from] brn
|-damage|p1a: Amu Pinguilí|10/100 brn|[from] brn
|upkeep
|turn|41
|
|move|p2a: Rotom|Pain Split|p1a: Amu Pinguilí
|-sethp|p1a: Amu Pinguilí|8/100 brn|[from] move: Pain Split|[silent]
|-sethp|p2a: Rotom|11/100 brn|[from] move: Pain Split
|move|p1a: Amu Pinguilí|Recover|p1a: Amu Pinguilí
|-heal|p1a: Amu Pinguilí|58/100 brn
|
|-weather|Sandstorm|[upkeep]
|-damage|p2a: Rotom|5/100 brn|[from] Sandstorm
|-heal|p2a: Rotom|11/100 brn|[from] item: Leftovers
|-heal|p1a: Amu Pinguilí|64/100 brn|[from] item: Leftovers
|-damage|p2a: Rotom|0 fnt|[from] brn
|faint|p2a: Rotom
|-damage|p1a: Amu Pinguilí|51/100 brn|[from] brn
|upkeep
|
|switch|p2a: Latios|Latios, M|80/100
|turn|42
|
|move|p2a: Latios|Draco Meteor|p1a: Amu Pinguilí
|-damage|p1a: Amu Pinguilí|0 fnt
|-unboost|p2a: Latios|spa|2
|faint|p1a: Amu Pinguilí
|
|-weather|Sandstorm|[upkeep]
|-damage|p2a: Latios|74/100|[from] Sandstorm
|upkeep
|
|switch|p1a: W¡sh & K'3D Shop|Jirachi|75/100
|-damage|p1a: W¡sh & K'3D Shop|50/100|[from] Spikes
|turn|43
|
|switch|p2a: Ferrothorn|Ferrothorn, M|95/100 par
|move|p1a: W¡sh & K'3D Shop|Wish|p1a: W¡sh & K'3D Shop
|
|-weather|Sandstorm|[upkeep]
|-heal|p1a: W¡sh & K'3D Shop|56/100|[from] item: Leftovers
|-heal|p2a: Ferrothorn|100/100 par|[from] item: Leftovers
|upkeep
|turn|44
|
|switch|p1a: Hattori el ninja|Hippowdon, F|65/100
|-damage|p1a: Hattori el ninja|40/100|[from] Spikes
|move|p2a: Ferrothorn|Leech Seed|p1a: Hattori el ninja
|-start|p1a: Hattori el ninja|move: Leech Seed
|
|-weather|Sandstorm|[upkeep]
|-heal|p1a: Hattori el ninja|88/100|[from] move: Wish|[wisher] W¡sh & K'3D Shop
|-heal|p1a: Hattori el ninja|94/100|[from] item: Leftovers
|-damage|p1a: Hattori el ninja|81/100|[from] Leech Seed|[of] p2a: Ferrothorn
|upkeep
|turn|45
|c|☆STATS Xavi|missclick
|
|switch|p1a: Piupiu|Skarmory, M|100/100
|move|p2a: Ferrothorn|Knock Off|p1a: Piupiu
|-resisted|p1a: Piupiu
|-damage|p1a: Piupiu|99/100
|-enditem|p1a: Piupiu|Shed Shell|[from] move: Knock Off|[of] p2a: Ferrothorn
|
|-weather|Sandstorm|[upkeep]
|upkeep
|turn|46
|
|switch|p2a: Jirachi|Jirachi|75/100
|move|p1a: Piupiu|Spikes|p2a: Jirachi
|-sidestart|p2: OnHigh|Spikes
|
|-weather|Sandstorm|[upkeep]
|-heal|p2a: Jirachi|81/100|[from] item: Leftovers
|upkeep
|turn|47
|
|move|p2a: Jirachi|Substitute|p2a: Jirachi
|-start|p2a: Jirachi|Substitute
|-damage|p2a: Jirachi|56/100
|move|p1a: Piupiu|Spikes|p2a: Jirachi
|-sidestart|p2: OnHigh|Spikes
|
|-weather|Sandstorm|[upkeep]
|-heal|p2a: Jirachi|62/100|[from] item: Leftovers
|upkeep
|turn|48
|
|move|p2a: Jirachi|Thunder|p1a: Piupiu
|-supereffective|p1a: Piupiu
|-damage|p1a: Piupiu|0 fnt
|faint|p1a: Piupiu
|
|-weather|Sandstorm|[upkeep]
|-heal|p2a: Jirachi|68/100|[from] item: Leftovers
|upkeep
|
|switch|p1a: Hattori el ninja|Hippowdon, F|81/100
|-damage|p1a: Hattori el ninja|56/100|[from] Spikes
|turn|49
|
|move|p2a: Jirachi|Hidden Power|p1a: Hattori el ninja
|-supereffective|p1a: Hattori el ninja
|-damage|p1a: Hattori el ninja|25/100
|move|p1a: Hattori el ninja|Slack Off|p1a: Hattori el ninja
|-heal|p1a: Hattori el ninja|75/100
|
|-weather|Sandstorm|[upkeep]
|-heal|p2a: Jirachi|74/100|[from] item: Leftovers
|-heal|p1a: Hattori el ninja|81/100|[from] item: Leftovers
|upkeep
|turn|50
|
|move|p2a: Jirachi|Hidden Power|p1a: Hattori el ninja
|-supereffective|p1a: Hattori el ninja
|-damage|p1a: Hattori el ninja|50/100
|move|p1a: Hattori el ninja|Stealth Rock|p2a: Jirachi
|-sidestart|p2: OnHigh|move: Stealth Rock
|
|-weather|Sandstorm|[upkeep]
|-heal|p2a: Jirachi|80/100|[from] item: Leftovers
|-heal|p1a: Hattori el ninja|56/100|[from] item: Leftovers
|upkeep
|turn|51
|
|move|p2a: Jirachi|Hidden Power|p1a: Hattori el ninja
|-supereffective|p1a: Hattori el ninja
|-damage|p1a: Hattori el ninja|23/100
|move|p1a: Hattori el ninja|Slack Off|p1a: Hattori el ninja
|-heal|p1a: Hattori el ninja|73/100
|
|-weather|Sandstorm|[upkeep]
|-heal|p2a: Jirachi|86/100|[from] item: Leftovers
|-heal|p1a: Hattori el ninja|79/100|[from] item: Leftovers
|upkeep
|turn|52
|
|move|p2a: Jirachi|Iron Head|p1a: Hattori el ninja
|-damage|p1a: Hattori el ninja|61/100
|move|p1a: Hattori el ninja|Earthquake|p2a: Jirachi
|-supereffective|p2a: Jirachi
|-end|p2a: Jirachi|Substitute
|
|-weather|Sandstorm|[upkeep]
|-heal|p2a: Jirachi|92/100|[from] item: Leftovers
|-heal|p1a: Hattori el ninja|67/100|[from] item: Leftovers
|upkeep
|turn|53
|
|switch|p2a: Latios|Latios, M|74/100
|-damage|p2a: Latios|62/100|[from] Stealth Rock
|move|p1a: Hattori el ninja|Earthquake|p2a: Latios
|-immune|p2a: Latios|[from] ability: Levitate
|
|-weather|Sandstorm|[upkeep]
|-damage|p2a: Latios|56/100|[from] Sandstorm
|-heal|p1a: Hattori el ninja|74/100|[from] item: Leftovers
|upkeep
|turn|54
|
|move|p2a: Latios|Surf|p1a: Hattori el ninja
|-supereffective|p1a: Hattori el ninja
|-damage|p1a: Hattori el ninja|6/100
|move|p1a: Hattori el ninja|Slack Off|p1a: Hattori el ninja
|-heal|p1a: Hattori el ninja|56/100
|
|-weather|Sandstorm|[upkeep]
|-damage|p2a: Latios|50/100|[from] Sandstorm
|-heal|p1a: Hattori el ninja|62/100|[from] item: Leftovers
|upkeep
|turn|55
|
|switch|p1a: W¡sh & K'3D Shop|Jirachi|56/100
|-damage|p1a: W¡sh & K'3D Shop|31/100|[from] Spikes
|move|p2a: Latios|Surf|p1a: W¡sh & K'3D Shop
|-crit|p1a: W¡sh & K'3D Shop
|-damage|p1a: W¡sh & K'3D Shop|0 fnt
|faint|p1a: W¡sh & K'3D Shop
|
|-weather|Sandstorm|[upkeep]
|-damage|p2a: Latios|44/100|[from] Sandstorm
|upkeep
|
|switch|p1a: Headnown|Sigilyph, M|90/100 brn
|turn|56
|
|switch|p2a: Ferrothorn|Ferrothorn, M|100/100 par
|-damage|p2a: Ferrothorn|84/100 par|[from] Spikes
|-damage|p2a: Ferrothorn|78/100 par|[from] Stealth Rock
|move|p1a: Headnown|Psycho Shift||[still]
|-fail|p1a: Headnown
|
|-weather|Sandstorm|[upkeep]
|-heal|p2a: Ferrothorn|84/100 par|[from] item: Leftovers
|upkeep
|turn|57
|
|move|p1a: Headnown|Cosmic Power|p1a: Headnown
|-boost|p1a: Headnown|def|1
|-boost|p1a: Headnown|spd|1
|move|p2a: Ferrothorn|Gyro Ball|p1a: Headnown
|-damage|p1a: Headnown|59/100 brn
|
|-weather|Sandstorm|[upkeep]
|-heal|p2a: Ferrothorn|90/100 par|[from] item: Leftovers
|upkeep
|turn|58
|
|move|p1a: Headnown|Cosmic Power|p1a: Headnown
|-boost|p1a: Headnown|def|1
|-boost|p1a: Headnown|spd|1
|move|p2a: Ferrothorn|Gyro Ball|p1a: Headnown
|-damage|p1a: Headnown|38/100 brn
|
|-weather|Sandstorm|[upkeep]
|-heal|p2a: Ferrothorn|97/100 par|[from] item: Leftovers
|upkeep
|turn|59
|
|switch|p2a: Jirachi|Jirachi|92/100
|-damage|p2a: Jirachi|76/100|[from] Spikes
|-damage|p2a: Jirachi|70/100|[from] Stealth Rock
|move|p1a: Headnown|Roost|p1a: Headnown
|-heal|p1a: Headnown|88/100 brn
|-singleturn|p1a: Headnown|move: Roost
|
|-weather|Sandstorm|[upkeep]
|-heal|p2a: Jirachi|76/100|[from] item: Leftovers
|upkeep
|turn|60
|
|switch|p1a: Hattori el ninja|Hippowdon, F|62/100
|-damage|p1a: Hattori el ninja|37/100|[from] Spikes
|move|p2a: Jirachi|Substitute|p2a: Jirachi
|-start|p2a: Jirachi|Substitute
|-damage|p2a: Jirachi|51/100
|
|-weather|Sandstorm|[upkeep]
|-heal|p2a: Jirachi|57/100|[from] item: Leftovers
|-heal|p1a: Hattori el ninja|43/100|[from] item: Leftovers
|upkeep
|turn|61
|
|move|p2a: Jirachi|Hidden Power|p1a: Hattori el ninja
|-supereffective|p1a: Hattori el ninja
|-damage|p1a: Hattori el ninja|13/100
|move|p1a: Hattori el ninja|Slack Off|p1a: Hattori el ninja
|-heal|p1a: Hattori el ninja|63/100
|
|-weather|Sandstorm|[upkeep]
|-heal|p2a: Jirachi|63/100|[from] item: Leftovers
|-heal|p1a: Hattori el ninja|70/100|[from] item: Leftovers
|upkeep
|turn|62
|
|move|p2a: Jirachi|Iron Head|p1a: Hattori el ninja
|-damage|p1a: Hattori el ninja|51/100
|move|p1a: Hattori el ninja|Slack Off|p1a: Hattori el ninja
|-heal|p1a: Hattori el ninja|100/100
|
|-weather|Sandstorm|[upkeep]
|-heal|p2a: Jirachi|69/100|[from] item: Leftovers
|upkeep
|turn|63
|
|move|p2a: Jirachi|Iron Head|p1a: Hattori el ninja
|-damage|p1a: Hattori el ninja|83/100
|move|p1a: Hattori el ninja|Earthquake|p2a: Jirachi
|-supereffective|p2a: Jirachi
|-end|p2a: Jirachi|Substitute
|
|-weather|Sandstorm|[upkeep]
|-heal|p2a: Jirachi|75/100|[from] item: Leftovers
|-heal|p1a: Hattori el ninja|89/100|[from] item: Leftovers
|upkeep
|turn|64
|
|move|p2a: Jirachi|Substitute|p2a: Jirachi
|-start|p2a: Jirachi|Substitute
|-damage|p2a: Jirachi|50/100
|move|p1a: Hattori el ninja|Whirlwind|p2a: Jirachi
|drag|p2a: Tyranitar|Tyranitar, F|100/100
|-damage|p2a: Tyranitar|84/100|[from] Spikes
|-damage|p2a: Tyranitar|72/100|[from] Stealth Rock
|
|-weather|Sandstorm|[upkeep]
|-heal|p1a: Hattori el ninja|95/100|[from] item: Leftovers
|upkeep
|turn|65
|
|move|p2a: Tyranitar|Fire Blast|p1a: Hattori el ninja
|-damage|p1a: Hattori el ninja|77/100
|move|p1a: Hattori el ninja|Earthquake|p2a: Tyranitar
|-supereffective|p2a: Tyranitar
|-damage|p2a: Tyranitar|11/100
|
|-weather|Sandstorm|[upkeep]
|-heal|p1a: Hattori el ninja|84/100|[from] item: Leftovers
|upkeep
|turn|66
|
|move|p2a: Tyranitar|Stealth Rock|p1a: Hattori el ninja
|-sidestart|p1: STATS Xavi|move: Stealth Rock
|move|p1a: Hattori el ninja|Whirlwind|p2a: Tyranitar
|drag|p2a: Jirachi|Jirachi|50/100
|-damage|p2a: Jirachi|33/100|[from] Spikes
|-damage|p2a: Jirachi|27/100|[from] Stealth Rock
|
|-weather|Sandstorm|[upkeep]
|-heal|p2a: Jirachi|33/100|[from] item: Leftovers
|-heal|p1a: Hattori el ninja|90/100|[from] item: Leftovers
|upkeep
|turn|67
|
|switch|p2a: Ferrothorn|Ferrothorn, M|97/100 par
|-damage|p2a: Ferrothorn|80/100 par|[from] Spikes
|-damage|p2a: Ferrothorn|74/100 par|[from] Stealth Rock
|move|p1a: Hattori el ninja|Whirlwind|p2a: Ferrothorn
|drag|p2a: Jirachi|Jirachi|33/100
|-damage|p2a: Jirachi|17/100|[from] Spikes
|-damage|p2a: Jirachi|11/100|[from] Stealth Rock
|
|-weather|Sandstorm|[upkeep]
|-heal|p2a: Jirachi|17/100|[from] item: Leftovers
|-heal|p1a: Hattori el ninja|96/100|[from] item: Leftovers
|upkeep
|turn|68
|
|move|p2a: Jirachi|Iron Head|p1a: Hattori el ninja
|-damage|p1a: Hattori el ninja|77/100
|cant|p1a: Hattori el ninja|flinch
|
|-weather|Sandstorm|[upkeep]
|-heal|p2a: Jirachi|23/100|[from] item: Leftovers
|-heal|p1a: Hattori el ninja|83/100|[from] item: Leftovers
|upkeep
|turn|69
|
|move|p2a: Jirachi|Iron Head|p1a: Hattori el ninja
|-damage|p1a: Hattori el ninja|62/100
|cant|p1a: Hattori el ninja|flinch
|
|-weather|Sandstorm|[upkeep]
|-heal|p2a: Jirachi|29/100|[from] item: Leftovers
|-heal|p1a: Hattori el ninja|68/100|[from] item: Leftovers
|upkeep
|turn|70
|
|move|p2a: Jirachi|Iron Head|p1a: Hattori el ninja
|-crit|p1a: Hattori el ninja
|-damage|p1a: Hattori el ninja|32/100
|cant|p1a: Hattori el ninja|flinch
|
|-weather|Sandstorm|[upkeep]
|-heal|p2a: Jirachi|35/100|[from] item: Leftovers
|-heal|p1a: Hattori el ninja|38/100|[from] item: Leftovers
|upkeep
|turn|71
|
|move|p2a: Jirachi|Iron Head|p1a: Hattori el ninja
|-damage|p1a: Hattori el ninja|18/100
|cant|p1a: Hattori el ninja|flinch
|
|-weather|Sandstorm|[upkeep]
|-heal|p2a: Jirachi|41/100|[from] item: Leftovers
|-heal|p1a: Hattori el ninja|24/100|[from] item: Leftovers
|upkeep
|turn|72
|
|move|p2a: Jirachi|Hidden Power|p1a: Hattori el ninja
|-supereffective|p1a: Hattori el ninja
|-damage|p1a: Hattori el ninja|0 fnt
|faint|p1a: Hattori el ninja
|
|-weather|Sandstorm|[upkeep]
|-heal|p2a: Jirachi|47/100|[from] item: Leftovers
|upkeep
|
|switch|p1a: Mafrén|Excadrill, F|100/100
|-damage|p1a: Mafrén|97/100|[from] Stealth Rock
|-damage|p1a: Mafrén|73/100|[from] Spikes
|turn|73
|
|switch|p2a: Landorus|Landorus-Therian, M|100/100
|-damage|p2a: Landorus|88/100|[from] Stealth Rock
|-ability|p2a: Landorus|Intimidate|boost
|-unboost|p1a: Mafrén|atk|1
|move|p1a: Mafrén|Earthquake|p2a: Landorus
|-immune|p2a: Landorus
|
|-weather|Sandstorm|[upkeep]
|upkeep
|turn|74
|
|switch|p1a: Headnown|Sigilyph, M|88/100 brn
|move|p2a: Landorus|U-turn|p1a: Headnown
|-damage|p1a: Headnown|67/100 brn
|
|switch|p2a: Latios|Latios, M|44/100|[from]move: U-turn
|-damage|p2a: Latios|32/100|[from] Stealth Rock
|
|-weather|Sandstorm|[upkeep]
|-damage|p2a: Latios|26/100|[from] Sandstorm
|upkeep
|turn|75
|
|move|p2a: Latios|Draco Meteor|p1a: Headnown
|-damage|p1a: Headnown|0 fnt
|-unboost|p2a: Latios|spa|2
|faint|p1a: Headnown
|
|-weather|Sandstorm|[upkeep]
|-damage|p2a: Latios|20/100|[from] Sandstorm
|upkeep
|
|switch|p1a: Mafrén|Excadrill, F|73/100
|-damage|p1a: Mafrén|70/100|[from] Stealth Rock
|-damage|p1a: Mafrén|45/100|[from] Spikes
|turn|76
|
|switch|p2a: Landorus|Landorus-Therian, M|88/100
|-damage|p2a: Landorus|75/100|[from] Stealth Rock
|-ability|p2a: Landorus|Intimidate|boost
|-unboost|p1a: Mafrén|atk|1
|move|p1a: Mafrén|Iron Head|p2a: Landorus
|-damage|p2a: Landorus|30/100
|
|-weather|Sandstorm|[upkeep]
|upkeep
|turn|77
|
|move|p2a: Landorus|Earthquake|p1a: Mafrén
|-supereffective|p1a: Mafrén
|-damage|p1a: Mafrén|0 fnt
|faint|p1a: Mafrén
|
|win|OnHigh
|l|☆STATS Xavi
|raw|STATS Xavi's rating: 1311 &rarr; <strong>1297</strong><br />(-14 for losing)
|raw|OnHigh's rating: 1431 &rarr; <strong>1444</strong><br />(+13 for winning)
