|j|☆For 4LOM
|j|‽RoadTo10kBWGames
|t:|1718544899
|gametype|singles
|player|p1|For 4LOM|unknownf|1507
|player|p2|RoadTo10kBWGames|169|1567
|teamsize|p1|6
|teamsize|p2|6
|gen|5
|tier|[Gen 5] OU
|rated|
|rule|Species Clause: Limit one of each Pokémon
|rule|OHKO Clause: OHKO moves are banned
|rule|Moody Clause: Moody is banned
|rule|Evasion Items Clause: Evasion items are banned
|rule|Evasion Moves Clause: Evasion moves are banned
|rule|Endless Battle Clause: Forcing endless battles is banned
|rule|HP Percentage Mod: HP is shown in percentages
|rule|Evasion Abilities Clause: Evasion abilities are banned
|rule|Sleep Moves Clause: Sleep-inducing moves are banned
|rule|Swagger Clause: Swagger is banned
|rule|Baton Pass Stat Clause: No Baton Passer may have a way to boost its stats
|clearpoke
|poke|p1|Skarmory, F|item
|poke|p1|Jellicent, F|item
|poke|p1|Landorus-Therian, M|item
|poke|p1|Lucario, M|item
|poke|p1|Tyranitar, M|item
|poke|p1|Alakazam, F|item
|poke|p2|Blissey, F|item
|poke|p2|Forretress, M|item
|poke|p2|Xatu, M|item
|poke|p2|Jellicent, M|item
|poke|p2|Hippowdon, M|item
|poke|p2|Celebi|item
|teampreview
|
|t:|1718544946
|start
|switch|p1a: Skarmory|Skarmory, F|100/100
|switch|p2a: Blissey|Blissey, F|100/100
|turn|1
|
|t:|1718544951
|move|p1a: Skarmory|Brave Bird|p2a: Blissey
|-damage|p2a: Blissey|61/100
|-damage|p1a: Skarmory|67/100|[from] Recoil
|move|p2a: Blissey|Stealth Rock|p1a: Skarmory
|-sidestart|p1: For 4LOM|move: Stealth Rock
|
|-heal|p2a: Blissey|67/100|[from] item: Leftovers
|upkeep
|turn|2
|
|t:|1718544958
|switch|p2a: Xatu|Xatu, M|100/100
|move|p1a: Skarmory|Stealth Rock|p2a: Xatu
|move|p2a: Xatu|Stealth Rock||[from]ability: Magic Bounce|[still]
|-fail|p2a: Xatu
|
|upkeep
|turn|3
|
|t:|1718544963
|move|p1a: Skarmory|Brave Bird|p2a: Xatu
|-damage|p2a: Xatu|56/100
|-damage|p1a: Skarmory|49/100|[from] Recoil
|move|p2a: Xatu|Reflect|p2a: Xatu
|-sidestart|p2: RoadTo10kBWGames|Reflect
|
|-heal|p2a: Xatu|62/100|[from] item: Leftovers
|upkeep
|turn|4
|
|t:|1718544970
|switch|p1a: Tyranitar|Tyranitar, M|100/100
|-damage|p1a: Tyranitar|88/100|[from] Stealth Rock
|-weather|Sandstorm|[from] ability: Sand Stream|[of] p1a: Tyranitar
|move|p2a: Xatu|Roost|p2a: Xatu
|-heal|p2a: Xatu|100/100
|-singleturn|p2a: Xatu|move: Roost
|
|-weather|Sandstorm|[upkeep]
|-damage|p2a: Xatu|95/100|[from] Sandstorm
|-heal|p2a: Xatu|100/100|[from] item: Leftovers
|upkeep
|turn|5
|
|t:|1718544978
|move|p1a: Tyranitar|Ice Beam|p2a: Xatu
|-supereffective|p2a: Xatu
|-damage|p2a: Xatu|44/100
|move|p2a: Xatu|Toxic|p1a: Tyranitar
|-status|p1a: Tyranitar|tox
|
|-weather|Sandstorm|[upkeep]
|-damage|p2a: Xatu|38/100|[from] Sandstorm
|-heal|p2a: Xatu|44/100|[from] item: Leftovers
|-damage|p1a: Tyranitar|82/100 tox|[from] psn
|upkeep
|turn|6
|
|t:|1718544985
|switch|p1a: Skarmory|Skarmory, F|49/100
|-damage|p1a: Skarmory|36/100|[from] Stealth Rock
|switch|p2a: Forretress|Forretress, M|100/100
|
|-weather|Sandstorm|[upkeep]
|upkeep
|turn|7
|
|t:|1718544990
|move|p1a: Skarmory|Stealth Rock|p2a: Forretress
|-sidestart|p2: RoadTo10kBWGames|move: Stealth Rock
|move|p2a: Forretress|Rapid Spin|p1a: Skarmory
|-resisted|p1a: Skarmory
|-damage|p1a: Skarmory|34/100
|-sideend|p2: RoadTo10kBWGames|Stealth Rock|[from] move: Rapid Spin|[of] p2a: Forretress
|
|-weather|Sandstorm|[upkeep]
|-sideend|p2: RoadTo10kBWGames|Reflect
|upkeep
|turn|8
|
|t:|1718544996
|move|p1a: Skarmory|Brave Bird|p2a: Forretress
|-damage|p2a: Forretress|76/100
|-damage|p1a: Skarmory|23/100|[from] Recoil
|move|p2a: Forretress|Rapid Spin|p1a: Skarmory
|-resisted|p1a: Skarmory
|-damage|p1a: Skarmory|21/100
|
|-weather|Sandstorm|[upkeep]
|-heal|p2a: Forretress|82/100|[from] item: Leftovers
|upkeep
|turn|9
|-enditem|p1a: Skarmory|Custap Berry|[eat]
|-activate|p1a: Skarmory|item: Custap Berry|[consumed]
|
|t:|1718545004
|move|p1a: Skarmory|Stealth Rock|p2a: Forretress
|-sidestart|p2: RoadTo10kBWGames|move: Stealth Rock
|move|p2a: Forretress|Rapid Spin|p1a: Skarmory
|-resisted|p1a: Skarmory
|-damage|p1a: Skarmory|19/100
|-sideend|p2: RoadTo10kBWGames|Stealth Rock|[from] move: Rapid Spin|[of] p2a: Forretress
|
|-weather|Sandstorm|[upkeep]
|-heal|p2a: Forretress|88/100|[from] item: Leftovers
|upkeep
|turn|10
|
|t:|1718545011
|switch|p1a: Jellicent|Jellicent, F|100/100
|-damage|p1a: Jellicent|88/100|[from] Stealth Rock
|-item|p1a: Jellicent|Air Balloon
|move|p2a: Forretress|Rapid Spin|p1a: Jellicent
|-immune|p1a: Jellicent
|
|-weather|Sandstorm|[upkeep]
|-damage|p1a: Jellicent|82/100|[from] Sandstorm
|-heal|p2a: Forretress|95/100|[from] item: Leftovers
|upkeep
|turn|11
|
|t:|1718545020
|switch|p2a: Celebi|Celebi|100/100
|move|p1a: Jellicent|Taunt|p2a: Celebi
|-start|p2a: Celebi|move: Taunt
|
|-weather|Sandstorm|[upkeep]
|-damage|p2a: Celebi|94/100|[from] Sandstorm
|-damage|p1a: Jellicent|76/100|[from] Sandstorm
|-heal|p2a: Celebi|100/100|[from] item: Leftovers
|upkeep
|turn|12
|
|t:|1718545042
|switch|p1a: Lucario|Lucario, M|100/100
|-damage|p1a: Lucario|98/100|[from] Stealth Rock
|move|p2a: Celebi|Giga Drain|p1a: Lucario
|-resisted|p1a: Lucario
|-damage|p1a: Lucario|77/100
|
|-weather|Sandstorm|[upkeep]
|-damage|p2a: Celebi|94/100|[from] Sandstorm
|-heal|p2a: Celebi|100/100|[from] item: Leftovers
|upkeep
|turn|13
|
|t:|1718545055
|switch|p2a: Jellicent|Jellicent, M|100/100
|move|p1a: Lucario|Swords Dance|p1a: Lucario
|-boost|p1a: Lucario|atk|2
|
|-weather|Sandstorm|[upkeep]
|-damage|p2a: Jellicent|94/100|[from] Sandstorm
|-heal|p2a: Jellicent|100/100|[from] item: Leftovers
|upkeep
|turn|14
|
|t:|1718545064
|move|p1a: Lucario|Crunch|p2a: Jellicent
|-supereffective|p2a: Jellicent
|-damage|p2a: Jellicent|0 fnt
|faint|p2a: Jellicent
|-damage|p1a: Lucario|67/100|[from] item: Life Orb
|
|-weather|Sandstorm|[upkeep]
|upkeep
|
|t:|1718545081
|switch|p2a: Hippowdon|Hippowdon, M|100/100
|turn|15
|
|t:|1718545085
|move|p1a: Lucario|Close Combat|p2a: Hippowdon
|-damage|p2a: Hippowdon|21/100
|-unboost|p1a: Lucario|def|1
|-unboost|p1a: Lucario|spd|1
|-damage|p1a: Lucario|57/100|[from] item: Life Orb
|move|p2a: Hippowdon|Earthquake|p1a: Lucario
|-supereffective|p1a: Lucario
|-damage|p1a: Lucario|0 fnt
|faint|p1a: Lucario
|
|-weather|Sandstorm|[upkeep]
|-heal|p2a: Hippowdon|27/100|[from] item: Leftovers
|upkeep
|
|t:|1718545092
|switch|p1a: Alakazam|Alakazam, F|100/100
|turn|16
|
|t:|1718545099
|move|p1a: Alakazam|Hidden Power|p2a: Hippowdon
|-supereffective|p2a: Hippowdon
|-damage|p2a: Hippowdon|0 fnt
|faint|p2a: Hippowdon
|
|-weather|Sandstorm|[upkeep]
|upkeep
|
|t:|1718545102
|switch|p2a: Blissey|Blissey, F|67/100
|turn|17
|
|t:|1718545105
|move|p1a: Alakazam|Psyshock|p2a: Blissey
|-damage|p2a: Blissey|31/100
|move|p2a: Blissey|Soft-Boiled|p2a: Blissey
|-heal|p2a: Blissey|81/100
|
|-weather|Sandstorm|[upkeep]
|-damage|p2a: Blissey|75/100|[from] Sandstorm
|-heal|p2a: Blissey|81/100|[from] item: Leftovers
|upkeep
|turn|18
|
|t:|1718545113
|move|p1a: Alakazam|Psyshock|p2a: Blissey
|-damage|p2a: Blissey|41/100
|move|p2a: Blissey|Soft-Boiled|p2a: Blissey
|-heal|p2a: Blissey|91/100
|
|-weather|Sandstorm|[upkeep]
|-damage|p2a: Blissey|85/100|[from] Sandstorm
|-heal|p2a: Blissey|91/100|[from] item: Leftovers
|upkeep
|turn|19
|
|t:|1718545117
|switch|p1a: Jellicent|Jellicent, F|76/100
|-damage|p1a: Jellicent|63/100|[from] Stealth Rock
|-item|p1a: Jellicent|Air Balloon
|move|p2a: Blissey|Soft-Boiled|p2a: Blissey
|-heal|p2a: Blissey|100/100
|
|-weather|Sandstorm|[upkeep]
|-damage|p1a: Jellicent|57/100|[from] Sandstorm
|-damage|p2a: Blissey|94/100|[from] Sandstorm
|-heal|p2a: Blissey|100/100|[from] item: Leftovers
|upkeep
|turn|20
|
|t:|1718545122
|switch|p2a: Celebi|Celebi|100/100
|move|p1a: Jellicent|Will-O-Wisp|p2a: Celebi
|-status|p2a: Celebi|brn
|
|-weather|Sandstorm|[upkeep]
|-damage|p2a: Celebi|94/100 brn|[from] Sandstorm
|-damage|p1a: Jellicent|51/100|[from] Sandstorm
|-heal|p2a: Celebi|100/100 brn|[from] item: Leftovers
|-damage|p2a: Celebi|88/100 brn|[from] brn
|upkeep
|turn|21
|
|t:|1718545126
|move|p2a: Celebi|Giga Drain|p1a: Jellicent
|-supereffective|p1a: Jellicent
|-damage|p1a: Jellicent|9/100
|-heal|p2a: Celebi|100/100 brn|[from] drain|[of] p1a: Jellicent
|-enditem|p1a: Jellicent|Air Balloon
|move|p1a: Jellicent|Recover|p1a: Jellicent
|-heal|p1a: Jellicent|59/100
|
|-weather|Sandstorm|[upkeep]
|-damage|p2a: Celebi|94/100 brn|[from] Sandstorm
|-damage|p1a: Jellicent|53/100|[from] Sandstorm
|-heal|p2a: Celebi|100/100 brn|[from] item: Leftovers
|-damage|p2a: Celebi|88/100 brn|[from] brn
|upkeep
|turn|22
|
|t:|1718545134
|move|p2a: Celebi|Giga Drain|p1a: Jellicent
|-supereffective|p1a: Jellicent
|-damage|p1a: Jellicent|12/100
|-heal|p2a: Celebi|100/100 brn|[from] drain|[of] p1a: Jellicent
|move|p1a: Jellicent|Shadow Ball|p2a: Celebi
|-supereffective|p2a: Celebi
|-damage|p2a: Celebi|60/100 brn
|
|-weather|Sandstorm|[upkeep]
|-damage|p2a: Celebi|54/100 brn|[from] Sandstorm
|-damage|p1a: Jellicent|6/100|[from] Sandstorm
|-heal|p2a: Celebi|60/100 brn|[from] item: Leftovers
|-damage|p2a: Celebi|48/100 brn|[from] brn
|upkeep
|turn|23
|
|t:|1718545144
|move|p2a: Celebi|Giga Drain|p1a: Jellicent
|-supereffective|p1a: Jellicent
|-damage|p1a: Jellicent|0 fnt
|-heal|p2a: Celebi|51/100 brn|[from] drain|[of] p1a: Jellicent
|faint|p1a: Jellicent
|
|-weather|Sandstorm|[upkeep]
|-damage|p2a: Celebi|45/100 brn|[from] Sandstorm
|-heal|p2a: Celebi|51/100 brn|[from] item: Leftovers
|-damage|p2a: Celebi|38/100 brn|[from] brn
|upkeep
|
|t:|1718545150
|switch|p1a: Tyranitar|Tyranitar, M|82/100 tox
|-damage|p1a: Tyranitar|70/100 tox|[from] Stealth Rock
|turn|24
|
|t:|1718545154
|move|p1a: Tyranitar|Crunch|p2a: Celebi
|-supereffective|p2a: Celebi
|-damage|p2a: Celebi|0 fnt
|faint|p2a: Celebi
|
|-weather|Sandstorm|[upkeep]
|-damage|p1a: Tyranitar|64/100 tox|[from] psn
|upkeep
|
|t:|1718545157
|switch|p2a: Forretress|Forretress, M|95/100
|turn|25
|
|t:|1718545162
|switch|p1a: Skarmory|Skarmory, F|19/100
|-damage|p1a: Skarmory|6/100|[from] Stealth Rock
|move|p2a: Forretress|Spikes|p1a: Skarmory
|-sidestart|p1: For 4LOM|Spikes
|
|-weather|Sandstorm|[upkeep]
|-heal|p2a: Forretress|100/100|[from] item: Leftovers
|upkeep
|turn|26
|
|t:|1718545169
|switch|p2a: Xatu|Xatu, M|44/100
|move|p1a: Skarmory|Taunt|p2a: Xatu
|move|p2a: Xatu|Taunt|p1a: Skarmory|[from]ability: Magic Bounce
|-start|p1a: Skarmory|move: Taunt
|
|-weather|Sandstorm|[upkeep]
|-damage|p2a: Xatu|38/100|[from] Sandstorm
|-heal|p2a: Xatu|44/100|[from] item: Leftovers
|upkeep
|turn|27
|
|t:|1718545174
|move|p1a: Skarmory|Brave Bird|p2a: Xatu
|-damage|p2a: Xatu|6/100
|-damage|p1a: Skarmory|0 fnt|[from] Recoil
|faint|p1a: Skarmory
|move|p2a: Xatu|Roost|p2a: Xatu
|-heal|p2a: Xatu|56/100
|-singleturn|p2a: Xatu|move: Roost
|
|-weather|Sandstorm|[upkeep]
|-damage|p2a: Xatu|50/100|[from] Sandstorm
|-heal|p2a: Xatu|56/100|[from] item: Leftovers
|upkeep
|
|t:|1718545177
|switch|p1a: Tyranitar|Tyranitar, M|64/100 tox
|-damage|p1a: Tyranitar|51/100 tox|[from] Stealth Rock
|-damage|p1a: Tyranitar|39/100 tox|[from] Spikes
|turn|28
|
|t:|1718545192
|move|p1a: Tyranitar|Crunch|p2a: Xatu
|-supereffective|p2a: Xatu
|-damage|p2a: Xatu|0 fnt
|faint|p2a: Xatu
|
|-weather|Sandstorm|[upkeep]
|-damage|p1a: Tyranitar|33/100 tox|[from] psn
|upkeep
|
|t:|1718545194
|switch|p2a: Forretress|Forretress, M|100/100
|turn|29
|
|t:|1718545197
|move|p1a: Tyranitar|Crunch|p2a: Forretress
|-resisted|p2a: Forretress
|-damage|p2a: Forretress|88/100
|move|p2a: Forretress|Earthquake|p1a: Tyranitar
|-supereffective|p1a: Tyranitar
|-damage|p1a: Tyranitar|0 fnt
|faint|p1a: Tyranitar
|
|-weather|Sandstorm|[upkeep]
|-heal|p2a: Forretress|95/100|[from] item: Leftovers
|upkeep
|
|t:|1718545206
|switch|p1a: Alakazam|Alakazam, F|100/100
|turn|30
|
|t:|1718545209
|switch|p2a: Blissey|Blissey, F|100/100
|move|p1a: Alakazam|Focus Blast|p2a: Blissey
|-supereffective|p2a: Blissey
|-damage|p2a: Blissey|71/100
|
|-weather|Sandstorm|[upkeep]
|-damage|p2a: Blissey|64/100|[from] Sandstorm
|-heal|p2a: Blissey|71/100|[from] item: Leftovers
|upkeep
|turn|31
|
|t:|1718545215
|move|p1a: Alakazam|Psyshock|p2a: Blissey
|-damage|p2a: Blissey|30/100
|move|p2a: Blissey|Soft-Boiled|p2a: Blissey
|-heal|p2a: Blissey|80/100
|
|-weather|Sandstorm|[upkeep]
|-damage|p2a: Blissey|74/100|[from] Sandstorm
|-heal|p2a: Blissey|80/100|[from] item: Leftovers
|upkeep
|turn|32
|
|t:|1718545218
|move|p1a: Alakazam|Psyshock|p2a: Blissey
|-damage|p2a: Blissey|43/100
|move|p2a: Blissey|Soft-Boiled|p2a: Blissey
|-heal|p2a: Blissey|93/100
|
|-weather|Sandstorm|[upkeep]
|-damage|p2a: Blissey|87/100|[from] Sandstorm
|-heal|p2a: Blissey|93/100|[from] item: Leftovers
|upkeep
|turn|33
|
|t:|1718545221
|move|p1a: Alakazam|Psyshock|p2a: Blissey
|-damage|p2a: Blissey|55/100
|move|p2a: Blissey|Soft-Boiled|p2a: Blissey
|-heal|p2a: Blissey|100/100
|
|-weather|Sandstorm|[upkeep]
|-damage|p2a: Blissey|94/100|[from] Sandstorm
|-heal|p2a: Blissey|100/100|[from] item: Leftovers
|upkeep
|turn|34
|
|t:|1718545223
|move|p1a: Alakazam|Psyshock|p2a: Blissey
|-damage|p2a: Blissey|63/100
|move|p2a: Blissey|Thunder Wave|p1a: Alakazam
|-status|p1a: Alakazam|par
|
|-weather|Sandstorm|[upkeep]
|-damage|p2a: Blissey|57/100|[from] Sandstorm
|-heal|p2a: Blissey|63/100|[from] item: Leftovers
|upkeep
|turn|35
|
|t:|1718545227
|move|p2a: Blissey|Soft-Boiled|p2a: Blissey
|-heal|p2a: Blissey|100/100
|move|p1a: Alakazam|Psyshock|p2a: Blissey
|-damage|p2a: Blissey|65/100
|
|-weather|Sandstorm|[upkeep]
|-damage|p2a: Blissey|59/100|[from] Sandstorm
|-heal|p2a: Blissey|65/100|[from] item: Leftovers
|upkeep
|turn|36
|
|t:|1718545232
|move|p2a: Blissey|Soft-Boiled|p2a: Blissey
|-heal|p2a: Blissey|100/100
|move|p1a: Alakazam|Psyshock|p2a: Blissey
|-damage|p2a: Blissey|61/100
|
|-weather|Sandstorm|[upkeep]
|-damage|p2a: Blissey|55/100|[from] Sandstorm
|-heal|p2a: Blissey|61/100|[from] item: Leftovers
|upkeep
|turn|37
|
|t:|1718545236
|move|p2a: Blissey|Soft-Boiled|p2a: Blissey
|-heal|p2a: Blissey|100/100
|move|p1a: Alakazam|Psyshock|p2a: Blissey
|-damage|p2a: Blissey|64/100
|
|-weather|Sandstorm|[upkeep]
|-damage|p2a: Blissey|57/100|[from] Sandstorm
|-heal|p2a: Blissey|64/100|[from] item: Leftovers
|upkeep
|turn|38
|
|t:|1718545241
|move|p2a: Blissey|Soft-Boiled|p2a: Blissey
|-heal|p2a: Blissey|100/100
|move|p1a: Alakazam|Focus Blast|p2a: Blissey|[miss]
|-miss|p1a: Alakazam|p2a: Blissey
|
|-weather|Sandstorm|[upkeep]
|-damage|p2a: Blissey|94/100|[from] Sandstorm
|-heal|p2a: Blissey|100/100|[from] item: Leftovers
|upkeep
|turn|39
|
|t:|1718545246
|move|p2a: Blissey|Seismic Toss|p1a: Alakazam
|-damage|p1a: Alakazam|61/100 par
|move|p1a: Alakazam|Psyshock|p2a: Blissey
|-damage|p2a: Blissey|62/100
|
|-weather|Sandstorm|[upkeep]
|-damage|p2a: Blissey|56/100|[from] Sandstorm
|-heal|p2a: Blissey|62/100|[from] item: Leftovers
|upkeep
|turn|40
|
|t:|1718545251
|move|p2a: Blissey|Seismic Toss|p1a: Alakazam
|-damage|p1a: Alakazam|21/100 par
|move|p1a: Alakazam|Psyshock|p2a: Blissey
|-damage|p2a: Blissey|25/100
|
|-weather|Sandstorm|[upkeep]
|-damage|p2a: Blissey|19/100|[from] Sandstorm
|-heal|p2a: Blissey|25/100|[from] item: Leftovers
|upkeep
|turn|41
|
|t:|1718545265
|move|p2a: Blissey|Thunder Wave|p1a: Alakazam
|-fail|p1a: Alakazam|par
|move|p1a: Alakazam|Psyshock|p2a: Blissey
|-damage|p2a: Blissey|0 fnt
|faint|p2a: Blissey
|
|-weather|Sandstorm|[upkeep]
|upkeep
|
|t:|1718545269
|switch|p2a: Forretress|Forretress, M|95/100
|turn|42
|
|t:|1718545272
|move|p2a: Forretress|Earthquake|p1a: Alakazam
|-damage|p1a: Alakazam|0 fnt
|faint|p1a: Alakazam
|
|-weather|Sandstorm|[upkeep]
|-heal|p2a: Forretress|100/100|[from] item: Leftovers
|upkeep
|
|t:|1718545274
|switch|p1a: Landorus|Landorus-Therian, M|100/100
|-damage|p1a: Landorus|88/100|[from] Stealth Rock
|-ability|p1a: Landorus|Intimidate|boost
|-unboost|p2a: Forretress|atk|1
|turn|43
|
|t:|1718545278
|move|p1a: Landorus|Earthquake|p2a: Forretress
|-damage|p2a: Forretress|70/100
|move|p2a: Forretress|Hidden Power|p1a: Landorus
|-supereffective|p1a: Landorus
|-damage|p1a: Landorus|30/100
|
|-weather|Sandstorm|[upkeep]
|-heal|p2a: Forretress|76/100|[from] item: Leftovers
|upkeep
|turn|44
|
|t:|1718545283
|move|p1a: Landorus|Earthquake|p2a: Forretress
|-damage|p2a: Forretress|48/100
|move|p2a: Forretress|Hidden Power|p1a: Landorus
|-supereffective|p1a: Landorus
|-damage|p1a: Landorus|0 fnt
|faint|p1a: Landorus
|
|win|RoadTo10kBWGames
|raw|For 4LOM's rating: 1507 &rarr; <strong>1491</strong><br />(-16 for losing)
|raw|RoadTo10kBWGames's rating: 1571 &rarr; <strong>1587</strong><br />(+16 for winning)
