|join|JamesH93
|join|Naixin
|player|p1|JamesH93|48
|player|p2|Naixin|170
|gametype|singles
|gen|5
|tier|[Gen 5] OU
|rated
|rule|Evasion Abilities Clause: Evasion abilities are banned
|clearpoke
|poke|p1|Thundurus-Therian, M, shiny
|poke|p1|Politoed, M
|poke|p1|Ferrothorn, F
|poke|p1|Vaporeon, M
|poke|p1|Tentacruel, M
|poke|p1|Haxorus, F
|poke|p2|Ninetales, F
|poke|p2|Xatu, F
|poke|p2|Jirachi
|poke|p2|Dugtrio, M
|poke|p2|Venusaur, M
|poke|p2|Victini
|rule|Sleep Clause Mod: Limit one foe put to sleep
|rule|Species Clause: Limit one of each Pokemon
|rule|OHKO Clause: OHKO moves are banned
|rule|Moody Clause: Moody is banned
|rule|Evasion Moves Clause: Evasion moves are banned
|rule|Endless Battle Clause: Forcing endless battles is banned.
|rule|HP Percentage Mod: HP is reported as percentages
|teampreview
|
|start
|switch|p1a: Vaporeon|Vaporeon, M|463/463
|switch|p2a: Jirachi|Jirachi|341/341
|turn|1
|
|move|p2a: Jirachi|U-turn|p1a: Vaporeon
|-damage|p1a: Vaporeon|392/463
|
|switch|p2a: Xatu|Xatu, F|333/333
|move|p1a: Vaporeon|Scald|p2a: Xatu
|-damage|p2a: Xatu|188/333
|-status|p2a: Xatu|brn
|
|-heal|p1a: Vaporeon|420/463|[from] item: Leftovers
|-damage|p2a: Xatu|147/333 brn|[from] brn
|turn|2
|
|move|p2a: Xatu|Roost|p2a: Xatu
|-heal|p2a: Xatu|314/333 brn
|move|p1a: Vaporeon|Scald|p2a: Xatu
|-damage|p2a: Xatu|175/333 brn
|
|-heal|p1a: Vaporeon|448/463|[from] item: Leftovers
|-damage|p2a: Xatu|134/333 brn|[from] brn
|turn|3
|
|move|p2a: Xatu|Roost|p2a: Xatu
|-heal|p2a: Xatu|301/333 brn
|move|p1a: Vaporeon|Scald|p2a: Xatu
|-damage|p2a: Xatu|165/333 brn
|
|-heal|p1a: Vaporeon|463/463|[from] item: Leftovers
|-damage|p2a: Xatu|124/333 brn|[from] brn
|turn|4
|
|switch|p1a: Thundurus-Therian|Thundurus-Therian, M, shiny|300/300
|move|p2a: Xatu|Roost|p2a: Xatu
|-heal|p2a: Xatu|291/333 brn
|
|-damage|p2a: Xatu|250/333 brn|[from] brn
|turn|5
|
|switch|p2a: Ninetales|Ninetales, F|349/349
|-weather|SunnyDay|[from] ability: Drought|[of] p2a: Ninetales
|move|p1a: Thundurus-Therian|Nasty Plot|p1a: Thundurus-Therian
|-boost|p1a: Thundurus-Therian|spa|2
|
|-weather|SunnyDay|[upkeep]
|turn|6
|
|switch|p2a: Xatu|Xatu, F|250/333 brn
|move|p1a: Thundurus-Therian|Thunderbolt|p2a: Xatu
|-supereffective|p2a: Xatu
|-damage|p2a: Xatu|0 fnt
|faint|p2a: Xatu
|
|-weather|SunnyDay|[upkeep]
|
|switch|p2a: Victini|Victini|341/341
|turn|7
|
|switch|p1a: Politoed|Politoed, M|322/322
|-weather|RainDance|[from] ability: Drizzle|[of] p1a: Politoed
|move|p2a: Victini|Fusion Bolt|p1a: Politoed
|-supereffective|p1a: Politoed
|-damage|p1a: Politoed|0 fnt
|faint|p1a: Politoed
|
|-weather|RainDance|[upkeep]
|
|switch|p1a: Haxorus|Haxorus, F|294/294
|-ability|p1a: Haxorus|Mold Breaker
|turn|8
|
|switch|p2a: Ninetales|Ninetales, F|349/349
|-weather|SunnyDay|[from] ability: Drought|[of] p2a: Ninetales
|move|p1a: Haxorus|Earthquake|p2a: Ninetales
|-supereffective|p2a: Ninetales
|-damage|p2a: Ninetales|0 fnt
|faint|p2a: Ninetales
|
|-weather|SunnyDay|[upkeep]
|
|switch|p2a: Dugtrio|Dugtrio, M|201/201
|turn|9
|
|move|p1a: Haxorus|Earthquake|p2a: Dugtrio
|-enditem|p2a: Dugtrio|Focus Sash
|-damage|p2a: Dugtrio|1/201
|move|p2a: Dugtrio|Earthquake|p1a: Haxorus
|-damage|p1a: Haxorus|158/294
|
|-weather|SunnyDay|[upkeep]
|turn|10
|
|move|p1a: Haxorus|Earthquake|p2a: Dugtrio
|-damage|p2a: Dugtrio|0 fnt
|faint|p2a: Dugtrio
|
|-weather|SunnyDay|[upkeep]
|
|switch|p2a: Venusaur|Venusaur, M|319/319
|turn|11
|
|move|p2a: Venusaur|Growth|p2a: Venusaur
|-boost|p2a: Venusaur|atk|2
|-boost|p2a: Venusaur|spa|2
|move|p1a: Haxorus|Earthquake|p2a: Venusaur
|-damage|p2a: Venusaur|166/319
|
|-weather|SunnyDay|[upkeep]
|turn|12
|
|move|p2a: Venusaur|Sludge Bomb|p1a: Haxorus
|-damage|p1a: Haxorus|0 fnt
|-damage|p2a: Venusaur|135/319|[from] item: Life Orb
|faint|p1a: Haxorus
|
|-weather|SunnyDay|[upkeep]
|
|switch|p1a: Thundurus-Therian|Thundurus-Therian, M, shiny|300/300
|turn|13
|
|move|p2a: Venusaur|Sludge Bomb|p1a: Thundurus-Therian
|-damage|p1a: Thundurus-Therian|0 fnt
|-damage|p2a: Venusaur|104/319|[from] item: Life Orb
|faint|p1a: Thundurus-Therian
|
|-weather|SunnyDay|[upkeep]
|
|switch|p1a: Hemothorn.|Ferrothorn, F|352/352
|turn|14
|
|move|p2a: Venusaur|Hidden Power|p1a: Hemothorn.
|-supereffective|p1a: Hemothorn.
|-damage|p1a: Hemothorn.|0 fnt
|-damage|p2a: Venusaur|73/319|[from] item: Life Orb
|faint|p1a: Hemothorn.
|
|-weather|SunnyDay|[upkeep]
|
|switch|p1a: Vaporeon|Vaporeon, M|463/463
|turn|15
|
|move|p2a: Venusaur|Giga Drain|p1a: Vaporeon
|-supereffective|p1a: Vaporeon
|-damage|p1a: Vaporeon|0 fnt
|-heal|p2a: Venusaur|305/319|[from] drain|[of] p1a: Vaporeon
|-damage|p2a: Venusaur|274/319|[from] item: Life Orb
|faint|p1a: Vaporeon
|
|-weather|SunnyDay|[upkeep]
|-message|JamesH93 forfeited.
|
|win|Naixin
|raw|Ladder updating...
|leave|JamesH93
|player|p1
|raw|JamesH93's rating: 1424 &rarr; <strong>1398</strong><br />(-26 for losing)
|raw|Naixin's rating: 1329 &rarr; <strong>1355</strong><br />(+26 for winning)