|j|☆Rainy Dream sky
|j|☆ghosted by brizz
|t:|1739536609
|gametype|singles
|player|p1|Rainy Dream sky|265|1358
|player|p2|ghosted by brizz|nessa|1433
|teamsize|p1|6
|teamsize|p2|6
|gen|5
|tier|[Gen 5] OU
|rated|
|rule|Species Clause: Limit one of each Pokémon
|rule|OHKO Clause: OHKO moves are banned
|rule|Moody Clause: Moody is banned
|rule|Evasion Items Clause: Evasion items are banned
|rule|Evasion Moves Clause: Evasion moves are banned
|rule|Endless Battle Clause: Forcing endless battles is banned
|rule|HP Percentage Mod: HP is shown in percentages
|rule|Evasion Abilities Clause: Evasion abilities are banned
|rule|Sleep Moves Clause: Sleep-inducing moves are banned
|rule|Swagger Clause: Swagger is banned
|rule|Baton Pass Stat Clause: No Baton Passer may have a way to boost its stats
|clearpoke
|poke|p1|Staraptor, F|item
|poke|p1|Magnezone|item
|poke|p1|Latios, M|item
|poke|p1|Mamoswine, F|item
|poke|p1|Starmie|item
|poke|p1|Scizor, F|item
|poke|p2|Tyranitar, M|item
|poke|p2|Gliscor, F|item
|poke|p2|Breloom, F|item
|poke|p2|Jirachi|item
|poke|p2|Rotom-Wash|item
|poke|p2|Terrakion|item
|teampreview
|inactive|Battle timer is ON: inactive players will automatically lose when time's up. (requested by ghosted by brizz)
|
|t:|1739536619
|start
|switch|p1a: Mamoswine|Mamoswine, F|100/100
|switch|p2a: Tyranitar|Tyranitar, M|100/100
|-weather|Sandstorm|[from] ability: Sand Stream|[of] p2a: Tyranitar
|turn|1
|
|t:|1739536623
|switch|p2a: Rotom|Rotom-Wash|100/100
|move|p1a: Mamoswine|Stealth Rock|p2a: Rotom
|-sidestart|p2: ghosted by brizz|move: Stealth Rock
|
|-weather|Sandstorm|[upkeep]
|-damage|p2a: Rotom|94/100|[from] Sandstorm
|-heal|p2a: Rotom|100/100|[from] item: Leftovers
|upkeep
|turn|2
|
|t:|1739536648
|move|p1a: Mamoswine|Ice Shard|p2a: Rotom
|-resisted|p2a: Rotom
|-damage|p2a: Rotom|91/100
|move|p2a: Rotom|Hydro Pump|p1a: Mamoswine
|-supereffective|p1a: Mamoswine
|-enditem|p1a: Mamoswine|Focus Sash
|-damage|p1a: Mamoswine|1/100
|
|-weather|Sandstorm|[upkeep]
|-damage|p2a: Rotom|85/100|[from] Sandstorm
|-heal|p2a: Rotom|91/100|[from] item: Leftovers
|upkeep
|turn|3
|inactive|ghosted by brizz has 120 seconds left.
|
|t:|1739536692
|move|p1a: Mamoswine|Endeavor|p2a: Rotom
|-damage|p2a: Rotom|1/100
|move|p2a: Rotom|Hydro Pump|p1a: Mamoswine
|-supereffective|p1a: Mamoswine
|-damage|p1a: Mamoswine|0 fnt
|faint|p1a: Mamoswine
|
|-weather|Sandstorm|[upkeep]
|-damage|p2a: Rotom|0 fnt|[from] Sandstorm
|faint|p2a: Rotom
|upkeep
|inactive|ghosted by brizz has 90 seconds left.
|
|t:|1739536721
|switch|p1a: Staraptor|Staraptor, F|100/100
|switch|p2a: Gliscor|Gliscor, F|100/100
|-damage|p2a: Gliscor|88/100|[from] Stealth Rock
|turn|4
|
|t:|1739536729
|switch|p1a: Starmie|Starmie|100/100
|move|p2a: Gliscor|Protect||[still]
|-fail|p2a: Gliscor
|
|-weather|Sandstorm|[upkeep]
|-damage|p1a: Starmie|94/100|[from] Sandstorm
|-status|p2a: Gliscor|tox|[from] item: Toxic Orb
|upkeep
|turn|5
|
|t:|1739536735
|move|p2a: Gliscor|Protect|p2a: Gliscor
|-singleturn|p2a: Gliscor|Protect
|move|p1a: Starmie|Surf|p2a: Gliscor
|-activate|p2a: Gliscor|move: Protect
|
|-weather|Sandstorm|[upkeep]
|-damage|p1a: Starmie|88/100|[from] Sandstorm
|-heal|p2a: Gliscor|100/100 tox|[from] ability: Poison Heal
|upkeep
|turn|6
|
|t:|1739536741
|switch|p2a: Jirachi|Jirachi|100/100
|-damage|p2a: Jirachi|94/100|[from] Stealth Rock
|move|p1a: Starmie|Surf|p2a: Jirachi
|-damage|p2a: Jirachi|23/100
|-damage|p1a: Starmie|78/100|[from] item: Life Orb
|
|-weather|Sandstorm|[upkeep]
|-damage|p1a: Starmie|72/100|[from] Sandstorm
|-heal|p2a: Jirachi|29/100|[from] item: Leftovers
|upkeep
|turn|7
|inactive|ghosted by brizz has 120 seconds left.
|
|t:|1739536750
|switch|p1a: Magnezone|Magnezone|100/100
|move|p2a: Jirachi|Iron Head|p1a: Magnezone
|-resisted|p1a: Magnezone
|-damage|p1a: Magnezone|91/100
|
|-weather|Sandstorm|[upkeep]
|-heal|p2a: Jirachi|36/100|[from] item: Leftovers
|upkeep
|turn|8
|
|t:|1739536756
|move|p1a: Magnezone|Hidden Power|p2a: Jirachi
|-supereffective|p2a: Jirachi
|-damage|p2a: Jirachi|0 fnt
|faint|p2a: Jirachi
|
|-weather|Sandstorm|[upkeep]
|upkeep
|inactive|ghosted by brizz has 120 seconds left.
|
|t:|1739536783
|switch|p2a: Gliscor|Gliscor, F|100/100 tox
|-damage|p2a: Gliscor|88/100 tox|[from] Stealth Rock
|turn|9
|
|t:|1739536790
|move|p1a: Magnezone|Hidden Power|p2a: Gliscor
|-damage|p2a: Gliscor|67/100 tox
|move|p2a: Gliscor|U-turn|p1a: Magnezone
|-resisted|p1a: Magnezone
|-damage|p1a: Magnezone|82/100
|inactive|ghosted by brizz has 120 seconds left.
|
|t:|1739536796
|switch|p2a: Breloom|Breloom, F|100/100|[from] U-turn
|-damage|p2a: Breloom|94/100|[from] Stealth Rock
|
|-weather|Sandstorm|[upkeep]
|-damage|p2a: Breloom|88/100|[from] Sandstorm
|-status|p2a: Breloom|tox|[from] item: Toxic Orb
|upkeep
|turn|10
|
|t:|1739536799
|switch|p2a: Gliscor|Gliscor, F|67/100 tox
|-damage|p2a: Gliscor|54/100 tox|[from] Stealth Rock
|move|p1a: Magnezone|Hidden Power|p2a: Gliscor
|-damage|p2a: Gliscor|33/100 tox
|
|-weather|Sandstorm|[upkeep]
|-heal|p2a: Gliscor|45/100 tox|[from] ability: Poison Heal
|upkeep
|turn|11
|
|t:|1739536816
|switch|p1a: Latios|Latios, M|100/100
|move|p2a: Gliscor|Stealth Rock|p1a: Latios
|-sidestart|p1: Rainy Dream sky|move: Stealth Rock
|
|-weather|Sandstorm|[upkeep]
|-damage|p1a: Latios|95/100|[from] Sandstorm
|-heal|p2a: Gliscor|58/100 tox|[from] ability: Poison Heal
|upkeep
|turn|12
|
|t:|1739536824
|move|p2a: Gliscor|Protect|p2a: Gliscor
|-singleturn|p2a: Gliscor|Protect
|move|p1a: Latios|Surf|p2a: Gliscor
|-activate|p2a: Gliscor|move: Protect
|
|-weather|Sandstorm|[upkeep]
|-damage|p1a: Latios|89/100|[from] Sandstorm
|-heal|p2a: Gliscor|70/100 tox|[from] ability: Poison Heal
|upkeep
|turn|13
|
|t:|1739536832
|switch|p2a: Breloom|Breloom, F|88/100 tox
|-damage|p2a: Breloom|82/100 tox|[from] Stealth Rock
|move|p1a: Latios|Surf|p2a: Breloom
|-resisted|p2a: Breloom
|-damage|p2a: Breloom|54/100 tox
|
|-weather|Sandstorm|[upkeep]
|-damage|p1a: Latios|83/100|[from] Sandstorm
|-damage|p2a: Breloom|48/100 tox|[from] Sandstorm
|-heal|p2a: Breloom|60/100 tox|[from] ability: Poison Heal
|upkeep
|turn|14
|
|t:|1739536854
|move|p1a: Latios|Surf|p2a: Breloom
|-resisted|p2a: Breloom
|-damage|p2a: Breloom|33/100 tox
|move|p2a: Breloom|Drain Punch|p1a: Latios
|-resisted|p1a: Latios
|-damage|p1a: Latios|59/100
|-heal|p2a: Breloom|44/100 tox|[from] drain|[of] p1a: Latios
|
|-weather|Sandstorm|[upkeep]
|-damage|p1a: Latios|53/100|[from] Sandstorm
|-damage|p2a: Breloom|38/100 tox|[from] Sandstorm
|-heal|p2a: Breloom|50/100 tox|[from] ability: Poison Heal
|upkeep
|turn|15
|
|t:|1739536869
|move|p1a: Latios|Surf|p2a: Breloom
|-resisted|p2a: Breloom
|-damage|p2a: Breloom|25/100 tox
|move|p2a: Breloom|Drain Punch|p1a: Latios
|-resisted|p1a: Latios
|-damage|p1a: Latios|31/100
|-heal|p2a: Breloom|36/100 tox|[from] drain|[of] p1a: Latios
|
|-weather|Sandstorm|[upkeep]
|-damage|p1a: Latios|25/100|[from] Sandstorm
|-damage|p2a: Breloom|30/100 tox|[from] Sandstorm
|-heal|p2a: Breloom|42/100 tox|[from] ability: Poison Heal
|upkeep
|turn|16
|
|t:|1739536874
|move|p2a: Breloom|Protect|p2a: Breloom
|-singleturn|p2a: Breloom|Protect
|move|p1a: Latios|Surf|p2a: Breloom
|-activate|p2a: Breloom|move: Protect
|
|-weather|Sandstorm|[upkeep]
|-damage|p1a: Latios|19/100|[from] Sandstorm
|-damage|p2a: Breloom|36/100 tox|[from] Sandstorm
|-heal|p2a: Breloom|48/100 tox|[from] ability: Poison Heal
|upkeep
|turn|17
|
|t:|1739536878
|move|p1a: Latios|Surf|p2a: Breloom
|-resisted|p2a: Breloom
|-damage|p2a: Breloom|24/100 tox
|move|p2a: Breloom|Drain Punch|p1a: Latios
|-resisted|p1a: Latios
|-damage|p1a: Latios|0 fnt
|-heal|p2a: Breloom|33/100 tox|[from] drain|[of] p1a: Latios
|faint|p1a: Latios
|
|-weather|Sandstorm|[upkeep]
|-damage|p2a: Breloom|26/100 tox|[from] Sandstorm
|-heal|p2a: Breloom|39/100 tox|[from] ability: Poison Heal
|upkeep
|
|t:|1739536896
|switch|p1a: Magnezone|Magnezone|82/100
|-damage|p1a: Magnezone|76/100|[from] Stealth Rock
|turn|18
|
|t:|1739536899
|move|p2a: Breloom|Protect|p2a: Breloom
|-singleturn|p2a: Breloom|Protect
|move|p1a: Magnezone|Flash Cannon|p2a: Breloom
|-activate|p2a: Breloom|move: Protect
|
|-weather|Sandstorm|[upkeep]
|-damage|p2a: Breloom|33/100 tox|[from] Sandstorm
|-heal|p2a: Breloom|45/100 tox|[from] ability: Poison Heal
|upkeep
|turn|19
|
|t:|1739536905
|move|p1a: Magnezone|Flash Cannon|p2a: Breloom
|-damage|p2a: Breloom|0 fnt
|faint|p2a: Breloom
|
|-weather|Sandstorm|[upkeep]
|upkeep
|
|t:|1739536915
|switch|p2a: Terrakion|Terrakion|100/100
|-damage|p2a: Terrakion|94/100|[from] Stealth Rock
|turn|20
|
|t:|1739536919
|move|p2a: Terrakion|Close Combat|p1a: Magnezone
|-supereffective|p1a: Magnezone
|-damage|p1a: Magnezone|0 fnt
|-unboost|p2a: Terrakion|def|1
|-unboost|p2a: Terrakion|spd|1
|faint|p1a: Magnezone
|
|-weather|Sandstorm|[upkeep]
|upkeep
|
|t:|1739536926
|switch|p1a: Starmie|Starmie|72/100
|-damage|p1a: Starmie|60/100|[from] Stealth Rock
|turn|21
|
|t:|1739536932
|switch|p2a: Tyranitar|Tyranitar, M|100/100
|-damage|p2a: Tyranitar|88/100|[from] Stealth Rock
|move|p1a: Starmie|Ice Beam|p2a: Tyranitar
|-damage|p2a: Tyranitar|55/100
|-status|p2a: Tyranitar|frz
|-damage|p1a: Starmie|50/100|[from] item: Life Orb
|
|-weather|Sandstorm|[upkeep]
|-damage|p1a: Starmie|44/100|[from] Sandstorm
|upkeep
|turn|22
|
|t:|1739536942
|switch|p1a: Scizor|Scizor, F|100/100
|-damage|p1a: Scizor|88/100|[from] Stealth Rock
|cant|p2a: Tyranitar|frz
|
|-weather|Sandstorm|[upkeep]
|upkeep
|turn|23
|
|t:|1739536945
|move|p1a: Scizor|Bullet Punch|p2a: Tyranitar
|-supereffective|p2a: Tyranitar
|-damage|p2a: Tyranitar|0 fnt
|faint|p2a: Tyranitar
|
|-weather|Sandstorm|[upkeep]
|upkeep
|
|t:|1739536947
|switch|p2a: Gliscor|Gliscor, F|70/100 tox
|-damage|p2a: Gliscor|58/100 tox|[from] Stealth Rock
|turn|24
|
|t:|1739536951
|move|p2a: Gliscor|Protect|p2a: Gliscor
|-singleturn|p2a: Gliscor|Protect
|move|p1a: Scizor|Bullet Punch|p2a: Gliscor
|-activate|p2a: Gliscor|move: Protect
|
|-weather|Sandstorm|[upkeep]
|-heal|p2a: Gliscor|70/100 tox|[from] ability: Poison Heal
|upkeep
|turn|25
|
|t:|1739536954
|move|p1a: Scizor|Bullet Punch|p2a: Gliscor
|-damage|p2a: Gliscor|29/100 tox
|move|p2a: Gliscor|Earthquake|p1a: Scizor
|-damage|p1a: Scizor|58/100
|
|-weather|Sandstorm|[upkeep]
|-heal|p2a: Gliscor|42/100 tox|[from] ability: Poison Heal
|upkeep
|turn|26
|
|t:|1739536963
|switch|p1a: Staraptor|Staraptor, F|100/100
|-damage|p1a: Staraptor|76/100|[from] Stealth Rock
|move|p2a: Gliscor|Protect||[still]
|-fail|p2a: Gliscor
|
|-weather|Sandstorm|[upkeep]
|-damage|p1a: Staraptor|70/100|[from] Sandstorm
|-heal|p2a: Gliscor|54/100 tox|[from] ability: Poison Heal
|upkeep
|turn|27
|
|t:|1739536968
|move|p2a: Gliscor|Protect|p2a: Gliscor
|-singleturn|p2a: Gliscor|Protect
|move|p1a: Staraptor|Brave Bird|p2a: Gliscor
|-activate|p2a: Gliscor|move: Protect
|
|-weather|Sandstorm|[upkeep]
|-damage|p1a: Staraptor|64/100|[from] Sandstorm
|-heal|p2a: Gliscor|67/100 tox|[from] ability: Poison Heal
|upkeep
|turn|28
|
|t:|1739536970
|switch|p2a: Terrakion|Terrakion|94/100
|-damage|p2a: Terrakion|88/100|[from] Stealth Rock
|move|p1a: Staraptor|Brave Bird|p2a: Terrakion
|-damage|p2a: Terrakion|4/100
|-damage|p1a: Staraptor|35/100|[from] Recoil
|
|-weather|Sandstorm|[upkeep]
|-damage|p1a: Staraptor|28/100|[from] Sandstorm
|upkeep
|turn|29
|
|t:|1739536978
|switch|p1a: Starmie|Starmie|44/100
|-damage|p1a: Starmie|32/100|[from] Stealth Rock
|move|p2a: Terrakion|Close Combat|p1a: Starmie
|-resisted|p1a: Starmie
|-damage|p1a: Starmie|0 fnt
|-unboost|p2a: Terrakion|def|1
|-unboost|p2a: Terrakion|spd|1
|faint|p1a: Starmie
|
|-weather|Sandstorm|[upkeep]
|upkeep
|
|t:|1739536980
|switch|p1a: Scizor|Scizor, F|58/100
|-damage|p1a: Scizor|46/100|[from] Stealth Rock
|turn|30
|
|t:|1739536983
|move|p1a: Scizor|Bullet Punch|p2a: Terrakion
|-supereffective|p2a: Terrakion
|-damage|p2a: Terrakion|0 fnt
|faint|p2a: Terrakion
|
|-weather|Sandstorm|[upkeep]
|upkeep
|
|t:|1739536984
|switch|p2a: Gliscor|Gliscor, F|67/100 tox
|-damage|p2a: Gliscor|54/100 tox|[from] Stealth Rock
|turn|31
|
|t:|1739536989
|move|p2a: Gliscor|Protect|p2a: Gliscor
|-singleturn|p2a: Gliscor|Protect
|move|p1a: Scizor|Bullet Punch|p2a: Gliscor
|-activate|p2a: Gliscor|move: Protect
|
|-weather|Sandstorm|[upkeep]
|-heal|p2a: Gliscor|67/100 tox|[from] ability: Poison Heal
|upkeep
|turn|32
|
|t:|1739536991
|move|p1a: Scizor|Bullet Punch|p2a: Gliscor
|-damage|p2a: Gliscor|26/100 tox
|move|p2a: Gliscor|Earthquake|p1a: Scizor
|-damage|p1a: Scizor|11/100
|
|-weather|Sandstorm|[upkeep]
|-heal|p2a: Gliscor|39/100 tox|[from] ability: Poison Heal
|upkeep
|turn|33
|
|t:|1739536995
|move|p2a: Gliscor|Protect|p2a: Gliscor
|-singleturn|p2a: Gliscor|Protect
|move|p1a: Scizor|Bullet Punch|p2a: Gliscor
|-activate|p2a: Gliscor|move: Protect
|
|-weather|Sandstorm|[upkeep]
|-heal|p2a: Gliscor|51/100 tox|[from] ability: Poison Heal
|upkeep
|turn|34
|
|t:|1739536997
|move|p1a: Scizor|Bullet Punch|p2a: Gliscor
|-damage|p2a: Gliscor|12/100 tox
|move|p2a: Gliscor|Earthquake|p1a: Scizor
|-damage|p1a: Scizor|0 fnt
|faint|p1a: Scizor
|
|-weather|Sandstorm|[upkeep]
|-heal|p2a: Gliscor|24/100 tox|[from] ability: Poison Heal
|upkeep
|
|t:|1739536999
|switch|p1a: Staraptor|Staraptor, F|28/100
|-damage|p1a: Staraptor|4/100|[from] Stealth Rock
|turn|35
|
|t:|1739537002
|move|p2a: Gliscor|Protect|p2a: Gliscor
|-singleturn|p2a: Gliscor|Protect
|move|p1a: Staraptor|Double-Edge|p2a: Gliscor
|-activate|p2a: Gliscor|move: Protect
|
|-weather|Sandstorm|[upkeep]
|-damage|p1a: Staraptor|0 fnt|[from] Sandstorm
|faint|p1a: Staraptor
|
|win|ghosted by brizz
|upkeep
|raw|Rainy Dream sky's rating: 1358 &rarr; <strong>1343</strong><br />(-15 for losing)
|raw|ghosted by brizz's rating: 1452 &rarr; <strong>1467</strong><br />(+15 for winning)
|l|☆Rainy Dream sky
|player|p1|
|l|☆ghosted by brizz
|player|p2|
|j|☆ghosted by brizz
|player|p2|ghosted by brizz|nessa|
