|j|‽megastaruniverse
|j|☆HydreigonSpammer
|t:|1733687825
|gametype|singles
|player|p1|megastaruniverse|nate|1376
|player|p2|HydreigonSpammer|veteranf|1322
|teamsize|p1|6
|teamsize|p2|6
|gen|5
|tier|[Gen 5] OU
|rated|
|rule|Species Clause: Limit one of each Pokémon
|rule|OHKO Clause: OHKO moves are banned
|rule|Moody Clause: Moody is banned
|rule|Evasion Items Clause: Evasion items are banned
|rule|Evasion Moves Clause: Evasion moves are banned
|rule|Endless Battle Clause: Forcing endless battles is banned
|rule|HP Percentage Mod: HP is shown in percentages
|rule|Evasion Abilities Clause: Evasion abilities are banned
|rule|Sleep Moves Clause: Sleep-inducing moves are banned
|rule|Swagger Clause: Swagger is banned
|rule|Baton Pass Stat Clause: No Baton Passer may have a way to boost its stats
|clearpoke
|poke|p1|Starmie|item
|poke|p1|Latios, M|item
|poke|p1|Jirachi|item
|poke|p1|Garchomp, M|item
|poke|p1|Dragonite, M|item
|poke|p1|Magnezone|item
|poke|p2|Terrakion|item
|poke|p2|Keldeo|item
|poke|p2|Tyranitar, F|item
|poke|p2|Garchomp, F|item
|poke|p2|Starmie|item
|poke|p2|Alakazam, F|item
|teampreview
|inactive|Battle timer is ON: inactive players will automatically lose when time's up. (requested by megastaruniverse)
|
|t:|1733687851
|start
|switch|p1a: Jirachi|Jirachi|100/100
|switch|p2a: Terrakion|Terrakion|100/100
|turn|1
|
|t:|1733687867
|move|p2a: Terrakion|Stealth Rock|p1a: Jirachi
|-sidestart|p1: megastaruniverse|move: Stealth Rock
|move|p1a: Jirachi|Stealth Rock|p2a: Terrakion
|-sidestart|p2: HydreigonSpammer|move: Stealth Rock
|
|upkeep
|turn|2
|
|t:|1733687878
|move|p2a: Terrakion|Swords Dance|p2a: Terrakion
|-boost|p2a: Terrakion|atk|2
|move|p1a: Jirachi|Energy Ball|p2a: Terrakion
|-supereffective|p2a: Terrakion
|-damage|p2a: Terrakion|61/100
|-unboost|p2a: Terrakion|spd|1
|
|upkeep
|turn|3
|
|t:|1733687883
|move|p2a: Terrakion|Close Combat|p1a: Jirachi
|-damage|p1a: Jirachi|2/100
|-unboost|p2a: Terrakion|def|1
|-unboost|p2a: Terrakion|spd|1
|move|p1a: Jirachi|Energy Ball|p2a: Terrakion
|-supereffective|p2a: Terrakion
|-damage|p2a: Terrakion|0 fnt
|faint|p2a: Terrakion
|
|upkeep
|
|t:|1733687903
|switch|p2a: Keldeo|Keldeo|100/100
|-damage|p2a: Keldeo|94/100|[from] Stealth Rock
|turn|4
|
|t:|1733687906
|move|p2a: Keldeo|Hidden Power|p1a: Jirachi
|-damage|p1a: Jirachi|0 fnt
|faint|p1a: Jirachi
|
|upkeep
|
|t:|1733687924
|switch|p1a: Dragonite|Dragonite, M|100/100
|-damage|p1a: Dragonite|76/100|[from] Stealth Rock
|turn|5
|
|t:|1733687930
|move|p2a: Keldeo|Icy Wind|p1a: Dragonite
|-supereffective|p1a: Dragonite
|-damage|p1a: Dragonite|0 fnt
|faint|p1a: Dragonite
|
|upkeep
|
|t:|1733687933
|switch|p1a: Starmie|Starmie|100/100
|-damage|p1a: Starmie|88/100|[from] Stealth Rock
|turn|6
|
|t:|1733687938
|move|p1a: Starmie|Rapid Spin|p2a: Keldeo
|-damage|p2a: Keldeo|90/100
|-sideend|p1: megastaruniverse|Stealth Rock|[from] move: Rapid Spin|[of] p1a: Starmie
|-damage|p1a: Starmie|78/100|[from] item: Life Orb
|move|p2a: Keldeo|Hidden Power|p1a: Starmie
|-supereffective|p1a: Starmie
|-damage|p1a: Starmie|0 fnt
|faint|p1a: Starmie
|
|upkeep
|
|t:|1733687945
|switch|p1a: Latios|Latios, M|100/100
|turn|7
|
|t:|1733687972
|switch|p1a: Garchomp|Garchomp, M|100/100
|move|p2a: Keldeo|Hidden Power|p1a: Garchomp
|-damage|p1a: Garchomp|74/100
|
|-heal|p1a: Garchomp|80/100|[from] item: Leftovers
|upkeep
|turn|8
|
|t:|1733687978
|move|p2a: Keldeo|Icy Wind|p1a: Garchomp
|-supereffective|p1a: Garchomp
|-damage|p1a: Garchomp|0 fnt
|faint|p1a: Garchomp
|
|upkeep
|
|t:|1733687983
|switch|p1a: Magnezone|Magnezone|100/100
|turn|9
|
|t:|1733687987
|move|p2a: Keldeo|Secret Sword|p1a: Magnezone
|-supereffective|p1a: Magnezone
|-damage|p1a: Magnezone|0 fnt
|faint|p1a: Magnezone
|
|upkeep
|-message|megastaruniverse forfeited.
|
|win|HydreigonSpammer
|raw|megastaruniverse's rating: 1376 &rarr; <strong>1353</strong><br />(-23 for losing)
|raw|HydreigonSpammer's rating: 1322 &rarr; <strong>1345</strong><br />(+23 for winning)
|l|‽megastaruniverse
|player|p1|
