|j|☆Nalorium ⧳
|j|☆574rm4n
|t:|1719204758
|gametype|singles
|player|p1|Nalorium ⧳|#nalorium|1525
|player|p2|574rm4n|lucas|1380
|teamsize|p1|6
|teamsize|p2|6
|gen|5
|tier|[Gen 5] OU
|rated|
|rule|Species Clause: Limit one of each Pokémon
|rule|OHKO Clause: OHKO moves are banned
|rule|Moody Clause: Moody is banned
|rule|Evasion Items Clause: Evasion items are banned
|rule|Evasion Moves Clause: Evasion moves are banned
|rule|Endless Battle Clause: Forcing endless battles is banned
|rule|HP Percentage Mod: HP is shown in percentages
|rule|Evasion Abilities Clause: Evasion abilities are banned
|rule|Sleep Moves Clause: Sleep-inducing moves are banned
|rule|Swagger Clause: Swagger is banned
|rule|Baton Pass Stat Clause: No Baton Passer may have a way to boost its stats
|clearpoke
|poke|p1|Abomasnow, M|item
|poke|p1|Blissey, F|item
|poke|p1|Forretress, F|item
|poke|p1|Mandibuzz, F|item
|poke|p1|Latias, F|item
|poke|p1|Reuniclus, M|item
|poke|p2|Tyranitar, M|item
|poke|p2|Landorus-Therian, M|item
|poke|p2|Excadrill, M|item
|poke|p2|Volcarona, M|item
|poke|p2|Latios, M|item
|poke|p2|Ferrothorn, F|item
|teampreview
|c|☆574rm4n|hf
|c|☆Nalorium ⧳|=
|
|t:|1719204816
|start
|switch|p1a: Forretress|Forretress, F|100/100
|switch|p2a: Volcarona|Volcarona, M|100/100
|turn|1
|
|t:|1719204823
|switch|p2a: Tyranitar|Tyranitar, M|100/100
|-weather|Sandstorm|[from] ability: Sand Stream|[of] p2a: Tyranitar
|switch|p1a: Blissey|Blissey, F|100/100
|
|-weather|Sandstorm|[upkeep]
|-damage|p1a: Blissey|94/100|[from] Sandstorm
|-heal|p1a: Blissey|100/100|[from] item: Leftovers
|upkeep
|turn|2
|
|t:|1719204831
|switch|p1a: Forretress|Forretress, F|100/100
|move|p2a: Tyranitar|Rock Slide|p1a: Forretress
|-damage|p1a: Forretress|79/100
|
|-weather|Sandstorm|[upkeep]
|-heal|p1a: Forretress|86/100|[from] item: Leftovers
|upkeep
|turn|3
|
|t:|1719204836
|switch|p2a: Volcarona|Volcarona, M|100/100
|move|p1a: Forretress|Spikes|p2a: Volcarona
|-sidestart|p2: 574rm4n|Spikes
|
|-weather|Sandstorm|[upkeep]
|-damage|p2a: Volcarona|94/100|[from] Sandstorm
|-heal|p2a: Volcarona|100/100|[from] item: Leftovers
|-heal|p1a: Forretress|92/100|[from] item: Leftovers
|upkeep
|turn|4
|
|t:|1719204842
|switch|p1a: Blissey|Blissey, F|100/100
|move|p2a: Volcarona|Fire Blast|p1a: Blissey
|-damage|p1a: Blissey|76/100
|
|-weather|Sandstorm|[upkeep]
|-damage|p2a: Volcarona|94/100|[from] Sandstorm
|-damage|p1a: Blissey|69/100|[from] Sandstorm
|-heal|p2a: Volcarona|100/100|[from] item: Leftovers
|-heal|p1a: Blissey|76/100|[from] item: Leftovers
|upkeep
|turn|5
|
|t:|1719204849
|switch|p2a: Ferrothorn|Ferrothorn, F|100/100
|-damage|p2a: Ferrothorn|88/100|[from] Spikes
|move|p1a: Blissey|Soft-Boiled|p1a: Blissey
|-heal|p1a: Blissey|100/100
|
|-weather|Sandstorm|[upkeep]
|-damage|p1a: Blissey|94/100|[from] Sandstorm
|-heal|p1a: Blissey|100/100|[from] item: Leftovers
|-heal|p2a: Ferrothorn|94/100|[from] item: Leftovers
|upkeep
|turn|6
|
|t:|1719204854
|switch|p1a: Abomasnow|Abomasnow, M|100/100
|-weather|Hail|[from] ability: Snow Warning|[of] p1a: Abomasnow
|move|p2a: Ferrothorn|Knock Off|p1a: Abomasnow
|-damage|p1a: Abomasnow|96/100
|-enditem|p1a: Abomasnow|Leftovers|[from] move: Knock Off|[of] p2a: Ferrothorn
|
|-weather|Hail|[upkeep]
|-damage|p2a: Ferrothorn|88/100|[from] Hail
|-heal|p2a: Ferrothorn|94/100|[from] item: Leftovers
|upkeep
|turn|7
|
|t:|1719204858
|switch|p2a: Tyranitar|Tyranitar, M|100/100
|-damage|p2a: Tyranitar|88/100|[from] Spikes
|-weather|Sandstorm|[from] ability: Sand Stream|[of] p2a: Tyranitar
|move|p1a: Abomasnow|Blizzard|p2a: Tyranitar
|-damage|p2a: Tyranitar|64/100
|
|-weather|Sandstorm|[upkeep]
|-damage|p1a: Abomasnow|90/100|[from] Sandstorm
|upkeep
|turn|8
|
|t:|1719204905
|switch|p2a: Landorus|Landorus-Therian, M|100/100
|-ability|p2a: Landorus|Intimidate|boost
|-unboost|p1a: Abomasnow|atk|1
|switch|p1a: Forretress|Forretress, F|92/100
|
|-weather|Sandstorm|[upkeep]
|-heal|p1a: Forretress|98/100|[from] item: Leftovers
|upkeep
|turn|9
|
|t:|1719204913
|move|p2a: Landorus|Stealth Rock|p1a: Forretress
|-sidestart|p1: Nalorium ⧳|move: Stealth Rock
|move|p1a: Forretress|Spikes|p2a: Landorus
|-sidestart|p2: 574rm4n|Spikes
|
|-weather|Sandstorm|[upkeep]
|-heal|p1a: Forretress|100/100|[from] item: Leftovers
|upkeep
|turn|10
|
|t:|1719204915
|move|p2a: Landorus|Earthquake|p1a: Forretress
|-damage|p1a: Forretress|74/100
|move|p1a: Forretress|Rapid Spin|p2a: Landorus
|-damage|p2a: Landorus|97/100
|-sideend|p1: Nalorium ⧳|Stealth Rock|[from] move: Rapid Spin|[of] p1a: Forretress
|
|-weather|Sandstorm|[upkeep]
|-heal|p2a: Landorus|100/100|[from] item: Leftovers
|-heal|p1a: Forretress|80/100|[from] item: Leftovers
|upkeep
|turn|11
|
|t:|1719204919
|move|p2a: Landorus|Earthquake|p1a: Forretress
|-damage|p1a: Forretress|52/100
|move|p1a: Forretress|Spikes|p2a: Landorus
|-sidestart|p2: 574rm4n|Spikes
|
|-weather|Sandstorm|[upkeep]
|-heal|p1a: Forretress|58/100|[from] item: Leftovers
|upkeep
|turn|12
|
|t:|1719204924
|move|p2a: Landorus|Stealth Rock|p1a: Forretress
|-sidestart|p1: Nalorium ⧳|move: Stealth Rock
|move|p1a: Forretress|Pain Split|p2a: Landorus
|-sethp|p2a: Landorus|80/100|[from] move: Pain Split|[silent]
|-sethp|p1a: Forretress|78/100|[from] move: Pain Split
|
|-weather|Sandstorm|[upkeep]
|-heal|p2a: Landorus|86/100|[from] item: Leftovers
|-heal|p1a: Forretress|84/100|[from] item: Leftovers
|upkeep
|turn|13
|
|t:|1719204937
|switch|p2a: Ferrothorn|Ferrothorn, F|94/100
|-damage|p2a: Ferrothorn|69/100|[from] Spikes
|move|p1a: Forretress|Rapid Spin|p2a: Ferrothorn
|-resisted|p2a: Ferrothorn
|-damage|p2a: Ferrothorn|68/100
|-damage|p1a: Forretress|72/100|[from] ability: Iron Barbs|[of] p2a: Ferrothorn
|-sideend|p1: Nalorium ⧳|Stealth Rock|[from] move: Rapid Spin|[of] p1a: Forretress
|
|-weather|Sandstorm|[upkeep]
|-heal|p1a: Forretress|78/100|[from] item: Leftovers
|-heal|p2a: Ferrothorn|74/100|[from] item: Leftovers
|upkeep
|turn|14
|
|t:|1719204942
|switch|p1a: Abomasnow|Abomasnow, M|90/100
|-weather|Hail|[from] ability: Snow Warning|[of] p1a: Abomasnow
|move|p2a: Ferrothorn|Knock Off|p1a: Abomasnow
|-damage|p1a: Abomasnow|84/100
|
|-weather|Hail|[upkeep]
|-damage|p2a: Ferrothorn|68/100|[from] Hail
|-heal|p2a: Ferrothorn|74/100|[from] item: Leftovers
|upkeep
|turn|15
|
|t:|1719204948
|move|p1a: Abomasnow|Blizzard|p2a: Ferrothorn
|-damage|p2a: Ferrothorn|45/100
|move|p2a: Ferrothorn|Stealth Rock|p1a: Abomasnow
|-sidestart|p1: Nalorium ⧳|move: Stealth Rock
|
|-weather|Hail|[upkeep]
|-damage|p2a: Ferrothorn|39/100|[from] Hail
|-heal|p2a: Ferrothorn|45/100|[from] item: Leftovers
|upkeep
|turn|16
|
|t:|1719204952
|switch|p2a: Volcarona|Volcarona, M|100/100
|-damage|p2a: Volcarona|76/100|[from] Spikes
|move|p1a: Abomasnow|Blizzard|p2a: Volcarona
|-resisted|p2a: Volcarona
|-damage|p2a: Volcarona|51/100
|
|-weather|Hail|[upkeep]
|-damage|p2a: Volcarona|45/100|[from] Hail
|-heal|p2a: Volcarona|51/100|[from] item: Leftovers
|upkeep
|turn|17
|
|t:|1719204973
|switch|p2a: Excadrill|Excadrill, M|100/100
|-damage|p2a: Excadrill|76/100|[from] Spikes
|-ability|p2a: Excadrill|Mold Breaker
|switch|p1a: Blissey|Blissey, F|100/100
|-damage|p1a: Blissey|88/100|[from] Stealth Rock
|
|-weather|Hail|[upkeep]
|-damage|p2a: Excadrill|69/100|[from] Hail
|-damage|p1a: Blissey|82/100|[from] Hail
|-heal|p1a: Blissey|88/100|[from] item: Leftovers
|upkeep
|turn|18
|
|t:|1719204981
|move|p2a: Excadrill|Rapid Spin|p1a: Blissey
|-damage|p1a: Blissey|81/100
|-sideend|p2: 574rm4n|Spikes|[from] move: Rapid Spin|[of] p2a: Excadrill
|move|p1a: Blissey|Soft-Boiled|p1a: Blissey
|-heal|p1a: Blissey|100/100
|
|-weather|Hail|[upkeep]
|-damage|p2a: Excadrill|63/100|[from] Hail
|-damage|p1a: Blissey|94/100|[from] Hail
|-heal|p1a: Blissey|100/100|[from] item: Leftovers
|upkeep
|turn|19
|
|t:|1719204986
|switch|p2a: Volcarona|Volcarona, M|51/100
|move|p1a: Blissey|Stealth Rock|p2a: Volcarona
|-sidestart|p2: 574rm4n|move: Stealth Rock
|
|-weather|Hail|[upkeep]
|-damage|p2a: Volcarona|45/100|[from] Hail
|-damage|p1a: Blissey|94/100|[from] Hail
|-heal|p2a: Volcarona|51/100|[from] item: Leftovers
|-heal|p1a: Blissey|100/100|[from] item: Leftovers
|upkeep
|turn|20
|
|t:|1719204998
|switch|p2a: Excadrill|Excadrill, M|63/100
|-damage|p2a: Excadrill|60/100|[from] Stealth Rock
|-ability|p2a: Excadrill|Mold Breaker
|move|p1a: Blissey|Seismic Toss|p2a: Excadrill
|-damage|p2a: Excadrill|33/100
|
|-weather|Hail|[upkeep]
|-damage|p2a: Excadrill|27/100|[from] Hail
|-damage|p1a: Blissey|94/100|[from] Hail
|-heal|p1a: Blissey|100/100|[from] item: Leftovers
|upkeep
|turn|21
|
|t:|1719205004
|move|p2a: Excadrill|Earthquake|p1a: Blissey
|-damage|p1a: Blissey|50/100
|move|p1a: Blissey|Soft-Boiled|p1a: Blissey
|-heal|p1a: Blissey|99/100
|
|-weather|Hail|[upkeep]
|-damage|p2a: Excadrill|20/100|[from] Hail
|-damage|p1a: Blissey|94/100|[from] Hail
|-heal|p1a: Blissey|99/100|[from] item: Leftovers
|upkeep
|turn|22
|
|t:|1719205009
|switch|p1a: Latias|Latias, F|100/100
|-damage|p1a: Latias|88/100|[from] Stealth Rock
|move|p2a: Excadrill|Earthquake|p1a: Latias
|-crit|p1a: Latias
|-damage|p1a: Latias|0 fnt
|faint|p1a: Latias
|
|-weather|Hail|[upkeep]
|-damage|p2a: Excadrill|14/100|[from] Hail
|upkeep
|
|t:|1719205015
|switch|p1a: Forretress|Forretress, F|78/100
|-damage|p1a: Forretress|66/100|[from] Stealth Rock
|turn|23
|
|t:|1719205034
|switch|p2a: Ferrothorn|Ferrothorn, F|45/100
|-damage|p2a: Ferrothorn|39/100|[from] Stealth Rock
|move|p1a: Forretress|Spikes|p2a: Ferrothorn
|-sidestart|p2: 574rm4n|Spikes
|
|-weather|Hail|[upkeep]
|-damage|p2a: Ferrothorn|33/100|[from] Hail
|-heal|p1a: Forretress|72/100|[from] item: Leftovers
|-heal|p2a: Ferrothorn|39/100|[from] item: Leftovers
|upkeep
|turn|24
|
|t:|1719205038
|switch|p2a: Landorus|Landorus-Therian, M|86/100
|-damage|p2a: Landorus|74/100|[from] Stealth Rock
|-ability|p2a: Landorus|Intimidate|boost
|-unboost|p1a: Forretress|atk|1
|move|p1a: Forretress|Rapid Spin|p2a: Landorus
|-damage|p2a: Landorus|72/100
|-sideend|p1: Nalorium ⧳|Stealth Rock|[from] move: Rapid Spin|[of] p1a: Forretress
|
|-weather|Hail|[upkeep]
|-damage|p2a: Landorus|65/100|[from] Hail
|-heal|p2a: Landorus|72/100|[from] item: Leftovers
|-heal|p1a: Forretress|78/100|[from] item: Leftovers
|upkeep
|turn|25
|
|t:|1719205042
|move|p2a: Landorus|Stealth Rock|p1a: Forretress
|-sidestart|p1: Nalorium ⧳|move: Stealth Rock
|move|p1a: Forretress|Spikes|p2a: Landorus
|-sidestart|p2: 574rm4n|Spikes
|
|-weather|Hail|[upkeep]
|-damage|p2a: Landorus|65/100|[from] Hail
|-heal|p2a: Landorus|72/100|[from] item: Leftovers
|-heal|p1a: Forretress|84/100|[from] item: Leftovers
|upkeep
|turn|26
|
|t:|1719205050
|move|p2a: Landorus|Earthquake|p1a: Forretress
|-damage|p1a: Forretress|57/100
|move|p1a: Forretress|Spikes|p2a: Landorus
|-sidestart|p2: 574rm4n|Spikes
|
|-weather|Hail|[upkeep]
|-damage|p2a: Landorus|65/100|[from] Hail
|-heal|p2a: Landorus|72/100|[from] item: Leftovers
|-heal|p1a: Forretress|63/100|[from] item: Leftovers
|upkeep
|turn|27
|
|t:|1719205058
|move|p2a: Landorus|Earthquake|p1a: Forretress
|-damage|p1a: Forretress|35/100
|move|p1a: Forretress|Rapid Spin|p2a: Landorus
|-damage|p2a: Landorus|69/100
|-sideend|p1: Nalorium ⧳|Stealth Rock|[from] move: Rapid Spin|[of] p1a: Forretress
|
|-weather|Hail|[upkeep]
|-damage|p2a: Landorus|63/100|[from] Hail
|-heal|p2a: Landorus|69/100|[from] item: Leftovers
|-heal|p1a: Forretress|41/100|[from] item: Leftovers
|upkeep
|turn|28
|
|t:|1719205065
|switch|p2a: Ferrothorn|Ferrothorn, F|39/100
|-damage|p2a: Ferrothorn|33/100|[from] Stealth Rock
|-damage|p2a: Ferrothorn|8/100|[from] Spikes
|move|p1a: Forretress|Pain Split|p2a: Ferrothorn
|-sethp|p2a: Ferrothorn|24/100|[from] move: Pain Split|[silent]
|-sethp|p1a: Forretress|24/100|[from] move: Pain Split
|
|-weather|Hail|[upkeep]
|-damage|p2a: Ferrothorn|18/100|[from] Hail
|-heal|p1a: Forretress|30/100|[from] item: Leftovers
|-heal|p2a: Ferrothorn|24/100|[from] item: Leftovers
|upkeep
|turn|29
|
|t:|1719205078
|switch|p2a: Landorus|Landorus-Therian, M|69/100
|-damage|p2a: Landorus|57/100|[from] Stealth Rock
|-ability|p2a: Landorus|Intimidate|boost
|-unboost|p1a: Forretress|atk|1
|switch|p1a: Abomasnow|Abomasnow, M|84/100
|
|-weather|Hail|[upkeep]
|-damage|p2a: Landorus|51/100|[from] Hail
|-heal|p2a: Landorus|57/100|[from] item: Leftovers
|upkeep
|turn|30
|
|t:|1719205084
|move|p1a: Abomasnow|Ice Shard|p2a: Landorus
|-supereffective|p2a: Landorus
|-damage|p2a: Landorus|8/100
|move|p2a: Landorus|U-turn|p1a: Abomasnow
|-supereffective|p1a: Abomasnow
|-damage|p1a: Abomasnow|36/100
|
|t:|1719205087
|switch|p2a: Tyranitar|Tyranitar, M|64/100|[from] U-turn
|-damage|p2a: Tyranitar|52/100|[from] Stealth Rock
|-damage|p2a: Tyranitar|27/100|[from] Spikes
|-weather|Sandstorm|[from] ability: Sand Stream|[of] p2a: Tyranitar
|
|-weather|Sandstorm|[upkeep]
|-damage|p1a: Abomasnow|30/100|[from] Sandstorm
|upkeep
|turn|31
|
|t:|1719205093
|-activate|p1a: Abomasnow|move: Pursuit
|move|p2a: Tyranitar|Pursuit|p1a: Abomasnow|[from]Pursuit
|-damage|p1a: Abomasnow|0 fnt
|faint|p1a: Abomasnow
|-hint|A Pokemon can't switch between when it runs out of HP and when it faints
|
|-weather|Sandstorm|[upkeep]
|upkeep
|
|t:|1719205104
|switch|p1a: Forretress|Forretress, F|30/100
|turn|32
|
|t:|1719205108
|move|p2a: Tyranitar|Thunder Wave|p1a: Forretress
|-status|p1a: Forretress|par
|cant|p1a: Forretress|par
|
|-weather|Sandstorm|[upkeep]
|-heal|p1a: Forretress|37/100 par|[from] item: Leftovers
|upkeep
|turn|33
|
|t:|1719205112
|move|p2a: Tyranitar|Rock Slide|p1a: Forretress
|-crit|p1a: Forretress
|-damage|p1a: Forretress|0 fnt
|faint|p1a: Forretress
|
|-weather|Sandstorm|[upkeep]
|upkeep
|
|t:|1719205116
|switch|p1a: Mandibuzz|Mandibuzz, F|100/100
|turn|34
|c|☆574rm4n|sry
|
|t:|1719205127
|move|p1a: Mandibuzz|Toxic|p2a: Tyranitar
|-status|p2a: Tyranitar|tox
|move|p2a: Tyranitar|Thunder Wave|p1a: Mandibuzz
|-status|p1a: Mandibuzz|par
|
|-weather|Sandstorm|[upkeep]
|-damage|p2a: Tyranitar|21/100 tox|[from] psn
|upkeep
|turn|35
|
|t:|1719205138
|switch|p1a: Reuniclus|Reuniclus, M|100/100
|move|p2a: Tyranitar|Rock Slide|p1a: Reuniclus
|-damage|p1a: Reuniclus|76/100
|
|-weather|Sandstorm|[upkeep]
|-heal|p1a: Reuniclus|82/100|[from] item: Leftovers
|-damage|p2a: Tyranitar|8/100 tox|[from] psn
|upkeep
|turn|36
|
|t:|1719205143
|move|p2a: Tyranitar|Rock Slide|p1a: Reuniclus
|-damage|p1a: Reuniclus|58/100
|move|p1a: Reuniclus|Recover|p1a: Reuniclus
|-heal|p1a: Reuniclus|100/100
|
|-weather|Sandstorm|[upkeep]
|-damage|p2a: Tyranitar|0 fnt|[from] psn
|faint|p2a: Tyranitar
|upkeep
|
|t:|1719205156
|switch|p2a: Latios|Latios, M|100/100
|-damage|p2a: Latios|88/100|[from] Stealth Rock
|turn|37
|
|t:|1719205192
|switch|p1a: Mandibuzz|Mandibuzz, F|100/100 par
|move|p2a: Latios|Draco Meteor|p1a: Mandibuzz
|-damage|p1a: Mandibuzz|44/100 par
|-unboost|p2a: Latios|spa|2
|
|-weather|Sandstorm|[upkeep]
|-damage|p2a: Latios|82/100|[from] Sandstorm
|-heal|p1a: Mandibuzz|50/100 par|[from] item: Leftovers
|upkeep
|turn|38
|
|t:|1719205201
|switch|p2a: Landorus|Landorus-Therian, M|8/100
|-damage|p2a: Landorus|0 fnt|[from] Stealth Rock
|faint|p2a: Landorus
|switch|p1a: Blissey|Blissey, F|99/100
|
|-weather|Sandstorm|[upkeep]
|-damage|p1a: Blissey|94/100|[from] Sandstorm
|-heal|p1a: Blissey|99/100|[from] item: Leftovers
|upkeep
|
|t:|1719205206
|switch|p2a: Latios|Latios, M|82/100
|-damage|p2a: Latios|70/100|[from] Stealth Rock
|turn|39
|c|☆574rm4n|ggs
|-message|574rm4n forfeited.
|
|win|Nalorium ⧳
|raw|Nalorium ⧳'s rating: 1525 &rarr; <strong>1537</strong><br />(+12 for winning)
|raw|574rm4n's rating: 1380 &rarr; <strong>1368</strong><br />(-12 for losing)
|c|☆Nalorium ⧳|gg
|l|☆Nalorium ⧳
|player|p1|
