|uhtml|medal-msg|<div class="broadcast-blue">Curious what those medals under the avatar are? PS now has Ladder Seasons! For more information, check out the <a href="https://www.smogon.com/forums/threads/3740067/">thread on Smogon.</a></div>
|uhtml|medal-msg|<div class="broadcast-blue">Curious what those medals under the avatar are? PS now has Ladder Seasons! For more information, check out the <a href="https://www.smogon.com/forums/threads/3740067/">thread on Smogon.</a></div>
|j|☆h4v0ckn1ght
|j|☆Rhymeee
|t:|1713647665
|gametype|singles
|player|p1|h4v0ckn1ght|#survivorctf2024starmie|1364
|player|p2|Rhymeee|valerie|1442
|teamsize|p1|6
|teamsize|p2|6
|gen|5
|tier|[Gen 5] OU
|rated|
|rule|Species Clause: Limit one of each Pokémon
|rule|OHKO Clause: OHKO moves are banned
|rule|Moody Clause: Moody is banned
|rule|Evasion Items Clause: Evasion items are banned
|rule|Evasion Moves Clause: Evasion moves are banned
|rule|Endless Battle Clause: Forcing endless battles is banned
|rule|HP Percentage Mod: HP is shown in percentages
|rule|Evasion Abilities Clause: Evasion abilities are banned
|rule|Sleep Moves Clause: Sleep-inducing moves are banned
|rule|Swagger Clause: Swagger is banned
|rule|Baton Pass Stat Clause: No Baton Passer may have a way to boost its stats
|clearpoke
|poke|p1|Hippowdon, F|item
|poke|p1|Conkeldurr, M|item
|poke|p1|Jirachi|item
|poke|p1|Rotom-Wash|item
|poke|p1|Latios, M|item
|poke|p1|Excadrill, M|item
|poke|p2|Ninetales, M|item
|poke|p2|Cresselia, F|item
|poke|p2|Heatran, F|item
|poke|p2|Volcarona, F|item
|poke|p2|Starmie|item
|poke|p2|Gliscor, M|item
|teampreview
|inactive|Battle timer is ON: inactive players will automatically lose when time's up. (requested by h4v0ckn1ght)
|
|t:|1713647674
|start
|switch|p1a: Hippowdon|Hippowdon, F|100/100
|switch|p2a: Ninetales|Ninetales, M|100/100
|-weather|SunnyDay|[from] ability: Drought|[of] p2a: Ninetales
|-weather|Sandstorm|[from] ability: Sand Stream|[of] p1a: Hippowdon
|turn|1
|
|t:|1713647683
|switch|p1a: Conkeldurr|Conkeldurr, M, shiny|100/100
|move|p2a: Ninetales|Will-O-Wisp|p1a: Conkeldurr
|-status|p1a: Conkeldurr|brn
|
|-weather|Sandstorm|[upkeep]
|-damage|p2a: Ninetales|94/100|[from] Sandstorm
|-damage|p1a: Conkeldurr|94/100 brn|[from] Sandstorm
|-heal|p2a: Ninetales|100/100|[from] item: Leftovers
|-heal|p1a: Conkeldurr|100/100 brn|[from] item: Leftovers
|-damage|p1a: Conkeldurr|88/100 brn|[from] brn
|upkeep
|turn|2
|
|t:|1713647698
|switch|p2a: Cresselia|Cresselia, F|100/100
|switch|p1a: Excadrill|Excadrill, M|100/100
|
|-weather|Sandstorm|[upkeep]
|-damage|p2a: Cresselia|94/100|[from] Sandstorm
|-heal|p2a: Cresselia|100/100|[from] item: Leftovers
|upkeep
|turn|3
|
|t:|1713647705
|switch|p2a: Starmie|Starmie|100/100
|move|p1a: Excadrill|Iron Head|p2a: Starmie
|-resisted|p2a: Starmie
|-damage|p2a: Starmie|63/100
|
|-weather|Sandstorm|[upkeep]
|-damage|p2a: Starmie|56/100|[from] Sandstorm
|-heal|p2a: Starmie|63/100|[from] item: Leftovers
|upkeep
|turn|4
|
|t:|1713647711
|switch|p1a: Rotom|Rotom-Wash, shiny|100/100
|move|p2a: Starmie|Scald|p1a: Rotom
|-resisted|p1a: Rotom
|-damage|p1a: Rotom|84/100
|
|-weather|Sandstorm|[upkeep]
|-damage|p2a: Starmie|56/100|[from] Sandstorm
|-damage|p1a: Rotom|78/100|[from] Sandstorm
|-heal|p2a: Starmie|63/100|[from] item: Leftovers
|-heal|p1a: Rotom|84/100|[from] item: Leftovers
|upkeep
|turn|5
|
|t:|1713647719
|switch|p2a: Ninetales|Ninetales, M|100/100
|-weather|SunnyDay|[from] ability: Drought|[of] p2a: Ninetales
|move|p1a: Rotom|Will-O-Wisp|p2a: Ninetales
|-immune|p2a: Ninetales
|
|-weather|SunnyDay|[upkeep]
|-heal|p1a: Rotom|90/100|[from] item: Leftovers
|upkeep
|turn|6
|
|t:|1713647729
|move|p2a: Ninetales|Flamethrower|p1a: Rotom
|-resisted|p1a: Rotom
|-crit|p1a: Rotom
|-damage|p1a: Rotom|51/100
|move|p1a: Rotom|Volt Switch|p2a: Ninetales
|-damage|p2a: Ninetales|76/100
|
|t:|1713647734
|switch|p1a: Latios|Latios, M|100/100|[from] Volt Switch
|
|-weather|SunnyDay|[upkeep]
|-heal|p2a: Ninetales|82/100|[from] item: Leftovers
|upkeep
|turn|7
|
|t:|1713647739
|move|p2a: Ninetales|Protect|p2a: Ninetales
|-singleturn|p2a: Ninetales|Protect
|move|p1a: Latios|Trick|p2a: Ninetales
|-activate|p2a: Ninetales|move: Protect
|
|-weather|SunnyDay|[upkeep]
|-heal|p2a: Ninetales|88/100|[from] item: Leftovers
|upkeep
|turn|8
|
|t:|1713647757
|switch|p1a: Hippowdon|Hippowdon, F|100/100
|-weather|Sandstorm|[from] ability: Sand Stream|[of] p1a: Hippowdon
|switch|p2a: Heatran|Heatran, F|100/100
|
|-weather|Sandstorm|[upkeep]
|upkeep
|turn|9
|
|t:|1713647764
|switch|p2a: Gliscor|Gliscor, M|100/100
|move|p1a: Hippowdon|Earthquake|p2a: Gliscor
|-immune|p2a: Gliscor
|
|-weather|Sandstorm|[upkeep]
|-status|p2a: Gliscor|tox|[from] item: Toxic Orb
|upkeep
|turn|10
|
|t:|1713647767
|move|p2a: Gliscor|Stealth Rock|p1a: Hippowdon
|-sidestart|p1: h4v0ckn1ght|move: Stealth Rock
|move|p1a: Hippowdon|Stealth Rock|p2a: Gliscor
|-sidestart|p2: Rhymeee|move: Stealth Rock
|
|-weather|Sandstorm|[upkeep]
|upkeep
|turn|11
|
|t:|1713647774
|switch|p1a: Latios|Latios, M|100/100
|-damage|p1a: Latios|88/100|[from] Stealth Rock
|move|p2a: Gliscor|Toxic|p1a: Latios
|-status|p1a: Latios|tox
|
|-weather|Sandstorm|[upkeep]
|-damage|p1a: Latios|82/100 tox|[from] Sandstorm
|-damage|p1a: Latios|76/100 tox|[from] psn
|upkeep
|turn|12
|
|t:|1713647779
|move|p2a: Gliscor|Protect|p2a: Gliscor
|-singleturn|p2a: Gliscor|Protect
|move|p1a: Latios|Roost|p1a: Latios
|-heal|p1a: Latios|100/100 tox
|-singleturn|p1a: Latios|move: Roost
|
|-weather|Sandstorm|[upkeep]
|-damage|p1a: Latios|95/100 tox|[from] Sandstorm
|-damage|p1a: Latios|83/100 tox|[from] psn
|upkeep
|turn|13
|
|t:|1713647785
|switch|p1a: Conkeldurr|Conkeldurr, M, shiny|88/100 brn
|-damage|p1a: Conkeldurr|82/100 brn|[from] Stealth Rock
|move|p2a: Gliscor|Earthquake|p1a: Conkeldurr
|-damage|p1a: Conkeldurr|51/100 brn
|
|-weather|Sandstorm|[upkeep]
|-damage|p1a: Conkeldurr|45/100 brn|[from] Sandstorm
|-heal|p1a: Conkeldurr|51/100 brn|[from] item: Leftovers
|-damage|p1a: Conkeldurr|39/100 brn|[from] brn
|upkeep
|turn|14
|
|t:|1713647791
|move|p2a: Gliscor|Protect|p2a: Gliscor
|-singleturn|p2a: Gliscor|Protect
|move|p1a: Conkeldurr|Ice Punch|p2a: Gliscor
|-activate|p2a: Gliscor|move: Protect
|
|-weather|Sandstorm|[upkeep]
|-damage|p1a: Conkeldurr|33/100 brn|[from] Sandstorm
|-heal|p1a: Conkeldurr|39/100 brn|[from] item: Leftovers
|-damage|p1a: Conkeldurr|26/100 brn|[from] brn
|upkeep
|turn|15
|
|t:|1713647797
|switch|p2a: Cresselia|Cresselia, F|100/100
|-damage|p2a: Cresselia|88/100|[from] Stealth Rock
|switch|p1a: Rotom|Rotom-Wash, shiny|51/100
|-damage|p1a: Rotom|38/100|[from] Stealth Rock
|
|-weather|Sandstorm|[upkeep]
|-damage|p1a: Rotom|32/100|[from] Sandstorm
|-damage|p2a: Cresselia|82/100|[from] Sandstorm
|-heal|p1a: Rotom|38/100|[from] item: Leftovers
|-heal|p2a: Cresselia|88/100|[from] item: Leftovers
|upkeep
|turn|16
|
|t:|1713647805
|switch|p2a: Ninetales|Ninetales, M|88/100
|-damage|p2a: Ninetales|64/100|[from] Stealth Rock
|-weather|SunnyDay|[from] ability: Drought|[of] p2a: Ninetales
|move|p1a: Rotom|Will-O-Wisp|p2a: Ninetales|[miss]
|-miss|p1a: Rotom|p2a: Ninetales
|
|-weather|SunnyDay|[upkeep]
|-heal|p2a: Ninetales|70/100|[from] item: Leftovers
|-heal|p1a: Rotom|45/100|[from] item: Leftovers
|upkeep
|turn|17
|
|t:|1713647814
|move|p2a: Ninetales|Protect|p2a: Ninetales
|-singleturn|p2a: Ninetales|Protect
|move|p1a: Rotom|Volt Switch|p2a: Ninetales
|-activate|p2a: Ninetales|move: Protect
|
|-weather|SunnyDay|[upkeep]
|-heal|p2a: Ninetales|76/100|[from] item: Leftovers
|-heal|p1a: Rotom|51/100|[from] item: Leftovers
|upkeep
|turn|18
|
|t:|1713647820
|move|p2a: Ninetales|Flamethrower|p1a: Rotom
|-resisted|p1a: Rotom
|-damage|p1a: Rotom|32/100
|move|p1a: Rotom|Volt Switch|p2a: Ninetales
|-damage|p2a: Ninetales|51/100
|
|t:|1713647821
|switch|p1a: Hippowdon|Hippowdon, F|100/100|[from] Volt Switch
|-damage|p1a: Hippowdon|94/100|[from] Stealth Rock
|-weather|Sandstorm|[from] ability: Sand Stream|[of] p1a: Hippowdon
|
|-weather|Sandstorm|[upkeep]
|-damage|p2a: Ninetales|45/100|[from] Sandstorm
|-heal|p2a: Ninetales|51/100|[from] item: Leftovers
|-heal|p1a: Hippowdon|100/100|[from] item: Leftovers
|upkeep
|turn|19
|
|t:|1713647833
|switch|p2a: Gliscor|Gliscor, M|100/100 tox
|-damage|p2a: Gliscor|88/100 tox|[from] Stealth Rock
|switch|p1a: Rotom|Rotom-Wash, shiny|32/100
|-damage|p1a: Rotom|20/100|[from] Stealth Rock
|
|-weather|Sandstorm|[upkeep]
|-damage|p1a: Rotom|13/100|[from] Sandstorm
|-heal|p1a: Rotom|20/100|[from] item: Leftovers
|-heal|p2a: Gliscor|100/100 tox|[from] ability: Poison Heal
|upkeep
|turn|20
|
|t:|1713647842
|move|p2a: Gliscor|Toxic|p1a: Rotom|[miss]
|-miss|p2a: Gliscor|p1a: Rotom
|move|p1a: Rotom|Pain Split|p2a: Gliscor
|-sethp|p2a: Gliscor|59/100 tox|[from] move: Pain Split|[silent]
|-sethp|p1a: Rotom|68/100|[from] move: Pain Split
|
|-weather|Sandstorm|[upkeep]
|-damage|p1a: Rotom|62/100|[from] Sandstorm
|-heal|p1a: Rotom|68/100|[from] item: Leftovers
|-heal|p2a: Gliscor|71/100 tox|[from] ability: Poison Heal
|upkeep
|turn|21
|
|t:|1713647848
|move|p2a: Gliscor|Toxic|p1a: Rotom
|-status|p1a: Rotom|tox
|move|p1a: Rotom|Hydro Pump|p2a: Gliscor
|-supereffective|p2a: Gliscor
|-crit|p2a: Gliscor
|-damage|p2a: Gliscor|0 fnt
|faint|p2a: Gliscor
|
|-weather|Sandstorm|[upkeep]
|-damage|p1a: Rotom|62/100 tox|[from] Sandstorm
|-heal|p1a: Rotom|68/100 tox|[from] item: Leftovers
|-damage|p1a: Rotom|62/100 tox|[from] psn
|upkeep
|
|t:|1713647858
|switch|p2a: Starmie|Starmie|63/100
|-damage|p2a: Starmie|50/100|[from] Stealth Rock
|turn|22
|
|t:|1713647863
|move|p2a: Starmie|Reflect Type|p1a: Rotom
|-start|p2a: Starmie|typechange|[from] move: Reflect Type|[of] p1a: Rotom
|move|p1a: Rotom|Volt Switch|p2a: Starmie
|-damage|p2a: Starmie|14/100
|
|t:|1713647867
|switch|p1a: Jirachi|Jirachi|100/100|[from] Volt Switch
|-damage|p1a: Jirachi|94/100|[from] Stealth Rock
|
|-weather|Sandstorm|[upkeep]
|-damage|p2a: Starmie|7/100|[from] Sandstorm
|-heal|p2a: Starmie|14/100|[from] item: Leftovers
|upkeep
|turn|23
|
|t:|1713647873
|move|p1a: Jirachi|U-turn|p2a: Starmie
|-damage|p2a: Starmie|0 fnt
|faint|p2a: Starmie
|
|t:|1713647876
|switch|p1a: Excadrill|Excadrill, M|100/100|[from] U-turn
|-damage|p1a: Excadrill|98/100|[from] Stealth Rock
|
|-weather|Sandstorm|[upkeep]
|-heal|p1a: Excadrill|100/100|[from] item: Leftovers
|upkeep
|
|t:|1713647882
|switch|p2a: Cresselia|Cresselia, F|88/100
|-damage|p2a: Cresselia|76/100|[from] Stealth Rock
|turn|24
|
|t:|1713647886
|move|p1a: Excadrill|Swords Dance|p1a: Excadrill
|-boost|p1a: Excadrill|atk|2
|move|p2a: Cresselia|Ice Beam|p1a: Excadrill
|-damage|p1a: Excadrill|84/100
|
|-weather|Sandstorm|[upkeep]
|-damage|p2a: Cresselia|70/100|[from] Sandstorm
|-heal|p1a: Excadrill|90/100|[from] item: Leftovers
|-heal|p2a: Cresselia|76/100|[from] item: Leftovers
|upkeep
|turn|25
|
|t:|1713647899
|move|p1a: Excadrill|Rapid Spin|p2a: Cresselia
|-damage|p2a: Cresselia|69/100
|-sideend|p1: h4v0ckn1ght|Stealth Rock|[from] move: Rapid Spin|[of] p1a: Excadrill
|move|p2a: Cresselia|Ice Beam|p1a: Excadrill
|-damage|p1a: Excadrill|72/100
|
|-weather|Sandstorm|[upkeep]
|-damage|p2a: Cresselia|63/100|[from] Sandstorm
|-heal|p1a: Excadrill|78/100|[from] item: Leftovers
|-heal|p2a: Cresselia|69/100|[from] item: Leftovers
|upkeep
|turn|26
|
|t:|1713647903
|move|p1a: Excadrill|Iron Head|p2a: Cresselia
|-damage|p2a: Cresselia|22/100
|move|p2a: Cresselia|Ice Beam|p1a: Excadrill
|-damage|p1a: Excadrill|58/100
|
|-weather|Sandstorm|[upkeep]
|-damage|p2a: Cresselia|16/100|[from] Sandstorm
|-heal|p1a: Excadrill|64/100|[from] item: Leftovers
|-heal|p2a: Cresselia|22/100|[from] item: Leftovers
|upkeep
|turn|27
|
|t:|1713647907
|move|p1a: Excadrill|Iron Head|p2a: Cresselia
|-damage|p2a: Cresselia|0 fnt
|faint|p2a: Cresselia
|
|-weather|Sandstorm|[upkeep]
|-heal|p1a: Excadrill|71/100|[from] item: Leftovers
|upkeep
|
|t:|1713647909
|switch|p2a: Ninetales|Ninetales, M|51/100
|-damage|p2a: Ninetales|26/100|[from] Stealth Rock
|-weather|SunnyDay|[from] ability: Drought|[of] p2a: Ninetales
|turn|28
|
|t:|1713647918
|switch|p1a: Rotom|Rotom-Wash, shiny|62/100 tox
|move|p2a: Ninetales|Flamethrower|p1a: Rotom
|-resisted|p1a: Rotom
|-damage|p1a: Rotom|42/100 tox
|
|-weather|SunnyDay|[upkeep]
|-heal|p2a: Ninetales|32/100|[from] item: Leftovers
|-heal|p1a: Rotom|48/100 tox|[from] item: Leftovers
|-damage|p1a: Rotom|42/100 tox|[from] psn
|upkeep
|turn|29
|
|t:|1713647928
|move|p2a: Ninetales|Flamethrower|p1a: Rotom
|-resisted|p1a: Rotom
|-damage|p1a: Rotom|23/100 tox
|move|p1a: Rotom|Volt Switch|p2a: Ninetales
|-damage|p2a: Ninetales|8/100
|
|t:|1713647934
|switch|p1a: Latios|Latios, M|83/100 tox|[from] Volt Switch
|
|-weather|SunnyDay|[upkeep]
|-heal|p2a: Ninetales|15/100|[from] item: Leftovers
|-damage|p1a: Latios|77/100 tox|[from] psn
|upkeep
|turn|30
|
|t:|1713647937
|move|p2a: Ninetales|Protect|p2a: Ninetales
|-singleturn|p2a: Ninetales|Protect
|move|p1a: Latios|Surf|p2a: Ninetales
|-activate|p2a: Ninetales|move: Protect
|
|-weather|SunnyDay|[upkeep]
|-heal|p2a: Ninetales|20/100|[from] item: Leftovers
|-damage|p1a: Latios|65/100 tox|[from] psn
|upkeep
|turn|31
|
|t:|1713647943
|switch|p2a: Heatran|Heatran, F|100/100
|-damage|p2a: Heatran|88/100|[from] Stealth Rock
|move|p1a: Latios|Surf|p2a: Heatran
|-supereffective|p2a: Heatran
|-crit|p2a: Heatran
|-damage|p2a: Heatran|25/100
|
|-weather|SunnyDay|[upkeep]
|-heal|p2a: Heatran|31/100|[from] item: Leftovers
|-damage|p1a: Latios|47/100 tox|[from] psn
|upkeep
|turn|32
|
|t:|1713647950
|switch|p1a: Rotom|Rotom-Wash, shiny|23/100 tox
|move|p2a: Heatran|Magma Storm|p1a: Rotom|[miss]
|-miss|p2a: Heatran|p1a: Rotom
|
|-weather|SunnyDay|[upkeep]
|-heal|p1a: Rotom|29/100 tox|[from] item: Leftovers
|-heal|p2a: Heatran|37/100|[from] item: Leftovers
|-damage|p1a: Rotom|23/100 tox|[from] psn
|upkeep
|turn|33
|
|t:|1713647954
|move|p1a: Rotom|Volt Switch|p2a: Heatran
|-damage|p2a: Heatran|21/100
|
|t:|1713647957
|switch|p1a: Conkeldurr|Conkeldurr, M, shiny|26/100 brn|[from] Volt Switch
|move|p2a: Heatran|Magma Storm|p1a: Conkeldurr
|-damage|p1a: Conkeldurr|0 fnt
|faint|p1a: Conkeldurr
|
|-weather|SunnyDay|[upkeep]
|-heal|p2a: Heatran|27/100|[from] item: Leftovers
|upkeep
|
|t:|1713647960
|switch|p1a: Hippowdon|Hippowdon, F|100/100
|-weather|Sandstorm|[from] ability: Sand Stream|[of] p1a: Hippowdon
|turn|34
|
|t:|1713647966
|move|p2a: Heatran|Magma Storm|p1a: Hippowdon|[miss]
|-miss|p2a: Heatran|p1a: Hippowdon
|move|p1a: Hippowdon|Earthquake|p2a: Heatran
|-supereffective|p2a: Heatran
|-damage|p2a: Heatran|0 fnt
|faint|p2a: Heatran
|
|-weather|Sandstorm|[upkeep]
|upkeep
|
|t:|1713647974
|switch|p2a: Ninetales|Ninetales, M|20/100
|-damage|p2a: Ninetales|0 fnt|[from] Stealth Rock
|faint|p2a: Ninetales
|
|t:|1713647978
|switch|p2a: Volcarona|Volcarona, F|100/100
|-damage|p2a: Volcarona|50/100|[from] Stealth Rock
|turn|35
|
|t:|1713647986
|switch|p1a: Jirachi|Jirachi|94/100
|move|p2a: Volcarona|Quiver Dance|p2a: Volcarona
|-boost|p2a: Volcarona|spa|1
|-boost|p2a: Volcarona|spd|1
|-boost|p2a: Volcarona|spe|1
|
|-weather|Sandstorm|[upkeep]
|-damage|p2a: Volcarona|44/100|[from] Sandstorm
|-heal|p2a: Volcarona|50/100|[from] item: Leftovers
|upkeep
|turn|36
|
|t:|1713647991
|move|p1a: Jirachi|Iron Head|p2a: Volcarona
|-resisted|p2a: Volcarona
|-damage|p2a: Volcarona|33/100
|move|p2a: Volcarona|Roost|p2a: Volcarona
|-heal|p2a: Volcarona|83/100
|-singleturn|p2a: Volcarona|move: Roost
|
|-weather|Sandstorm|[upkeep]
|-damage|p2a: Volcarona|77/100|[from] Sandstorm
|-heal|p2a: Volcarona|83/100|[from] item: Leftovers
|upkeep
|turn|37
|
|t:|1713647996
|switch|p1a: Hippowdon|Hippowdon, F|100/100
|move|p2a: Volcarona|Quiver Dance|p2a: Volcarona
|-boost|p2a: Volcarona|spa|1
|-boost|p2a: Volcarona|spd|1
|-boost|p2a: Volcarona|spe|1
|
|-weather|Sandstorm|[upkeep]
|-damage|p2a: Volcarona|77/100|[from] Sandstorm
|-heal|p2a: Volcarona|83/100|[from] item: Leftovers
|upkeep
|turn|38
|
|t:|1713648002
|move|p2a: Volcarona|Quiver Dance|p2a: Volcarona
|-boost|p2a: Volcarona|spa|1
|-boost|p2a: Volcarona|spd|1
|-boost|p2a: Volcarona|spe|1
|move|p1a: Hippowdon|Earthquake|p2a: Volcarona
|-damage|p2a: Volcarona|49/100
|
|-weather|Sandstorm|[upkeep]
|-damage|p2a: Volcarona|43/100|[from] Sandstorm
|-heal|p2a: Volcarona|49/100|[from] item: Leftovers
|upkeep
|turn|39
|
|t:|1713648008
|move|p2a: Volcarona|Roost|p2a: Volcarona
|-heal|p2a: Volcarona|99/100
|-singleturn|p2a: Volcarona|move: Roost
|move|p1a: Hippowdon|Earthquake|p2a: Volcarona
|-damage|p2a: Volcarona|67/100
|
|-weather|Sandstorm|[upkeep]
|-damage|p2a: Volcarona|61/100|[from] Sandstorm
|-heal|p2a: Volcarona|67/100|[from] item: Leftovers
|upkeep
|turn|40
|
|t:|1713648011
|move|p2a: Volcarona|Flamethrower|p1a: Hippowdon
|-damage|p1a: Hippowdon|22/100
|-status|p1a: Hippowdon|brn
|move|p1a: Hippowdon|Earthquake|p2a: Volcarona
|-damage|p2a: Volcarona|49/100
|
|-weather|Sandstorm|[upkeep]
|-damage|p2a: Volcarona|43/100|[from] Sandstorm
|-heal|p2a: Volcarona|49/100|[from] item: Leftovers
|-heal|p1a: Hippowdon|28/100 brn|[from] item: Leftovers
|-damage|p1a: Hippowdon|16/100 brn|[from] brn
|upkeep
|turn|41
|
|t:|1713648015
|move|p2a: Volcarona|Roost|p2a: Volcarona
|-heal|p2a: Volcarona|99/100
|-singleturn|p2a: Volcarona|move: Roost
|move|p1a: Hippowdon|Earthquake|p2a: Volcarona
|-damage|p2a: Volcarona|82/100
|
|-weather|Sandstorm|[upkeep]
|-damage|p2a: Volcarona|75/100|[from] Sandstorm
|-heal|p2a: Volcarona|82/100|[from] item: Leftovers
|-heal|p1a: Hippowdon|22/100 brn|[from] item: Leftovers
|-damage|p1a: Hippowdon|10/100 brn|[from] brn
|upkeep
|turn|42
|
|t:|1713648017
|move|p2a: Volcarona|Flamethrower|p1a: Hippowdon
|-damage|p1a: Hippowdon|0 fnt
|faint|p1a: Hippowdon
|
|-weather|Sandstorm|[upkeep]
|-damage|p2a: Volcarona|75/100|[from] Sandstorm
|-heal|p2a: Volcarona|82/100|[from] item: Leftovers
|upkeep
|
|t:|1713648022
|switch|p1a: Rotom|Rotom-Wash, shiny|23/100 tox
|turn|43
|-message|h4v0ckn1ght forfeited.
|
|win|Rhymeee
|raw|h4v0ckn1ght's rating: 1364 &rarr; <strong>1348</strong><br />(-16 for losing)
|raw|Rhymeee's rating: 1442 &rarr; <strong>1458</strong><br />(+16 for winning)
|l|☆Rhymeee
|player|p2|
