|j|☆SpartanRebornFRA
|j|☆night bliz
|t:|1727392636
|gametype|singles
|player|p1|SpartanRebornFRA|lucas|1398
|player|p2|night bliz|dragontamer-gen3|1492
|teamsize|p1|6
|teamsize|p2|6
|gen|5
|tier|[Gen 5] OU
|rated|
|rule|Species Clause: Limit one of each Pokémon
|rule|OHKO Clause: OHKO moves are banned
|rule|Moody Clause: Moody is banned
|rule|Evasion Items Clause: Evasion items are banned
|rule|Evasion Moves Clause: Evasion moves are banned
|rule|Endless Battle Clause: Forcing endless battles is banned
|rule|HP Percentage Mod: HP is shown in percentages
|rule|Evasion Abilities Clause: Evasion abilities are banned
|rule|Sleep Moves Clause: Sleep-inducing moves are banned
|rule|Swagger Clause: Swagger is banned
|rule|Baton Pass Stat Clause: No Baton Passer may have a way to boost its stats
|clearpoke
|poke|p1|Alakazam, M|item
|poke|p1|Tyranitar, M|item
|poke|p1|Landorus-Therian, M|item
|poke|p1|Rotom-Wash|item
|poke|p1|Excadrill, M|item
|poke|p1|Latios, M|item
|poke|p2|Kyurem-Black|item
|poke|p2|Jirachi|item
|poke|p2|Heatran, F|item
|poke|p2|Latias, F|item
|poke|p2|Starmie|item
|poke|p2|Landorus-Therian, M|item
|teampreview
|
|t:|1727392660
|start
|switch|p1a: Landorus|Landorus-Therian, M|100/100
|switch|p2a: Landorus|Landorus-Therian, M|100/100
|-ability|p1a: Landorus|Intimidate|boost
|-unboost|p2a: Landorus|atk|1
|-ability|p2a: Landorus|Intimidate|boost
|-unboost|p1a: Landorus|atk|1
|turn|1
|
|t:|1727392663
|move|p1a: Landorus|Stealth Rock|p2a: Landorus
|-sidestart|p2: night bliz|move: Stealth Rock
|move|p2a: Landorus|Stealth Rock|p1a: Landorus
|-sidestart|p1: SpartanRebornFRA|move: Stealth Rock
|
|upkeep
|turn|2
|
|t:|1727392669
|move|p2a: Landorus|Hidden Power|p1a: Landorus
|-supereffective|p1a: Landorus
|-damage|p1a: Landorus|9/100
|move|p1a: Landorus|Hidden Power|p2a: Landorus
|-supereffective|p2a: Landorus
|-damage|p2a: Landorus|22/100
|
|-heal|p2a: Landorus|28/100|[from] item: Leftovers
|upkeep
|turn|3
|
|t:|1727392677
|move|p2a: Landorus|Hidden Power|p1a: Landorus
|-supereffective|p1a: Landorus
|-damage|p1a: Landorus|0 fnt
|faint|p1a: Landorus
|
|-heal|p2a: Landorus|34/100|[from] item: Leftovers
|upkeep
|
|t:|1727392680
|switch|p1a: Alakazam|Alakazam, M|100/100
|turn|4
|
|t:|1727392685
|switch|p2a: Jirachi|Jirachi|100/100
|-damage|p2a: Jirachi|94/100|[from] Stealth Rock
|move|p1a: Alakazam|Shadow Ball|p2a: Jirachi
|-damage|p2a: Jirachi|66/100
|
|upkeep
|turn|5
|
|t:|1727392695
|move|p2a: Jirachi|U-turn|p1a: Alakazam
|-supereffective|p1a: Alakazam
|-enditem|p1a: Alakazam|Focus Sash
|-damage|p1a: Alakazam|1/100
|
|t:|1727392706
|switch|p2a: Landorus|Landorus-Therian, M|34/100|[from] U-turn
|-damage|p2a: Landorus|22/100|[from] Stealth Rock
|-ability|p2a: Landorus|Intimidate|boost
|-unboost|p1a: Alakazam|atk|1
|move|p1a: Alakazam|Focus Blast|p2a: Landorus
|-resisted|p2a: Landorus
|-damage|p2a: Landorus|0 fnt
|faint|p2a: Landorus
|
|upkeep
|
|t:|1727392710
|switch|p2a: Jirachi|Jirachi|66/100
|-damage|p2a: Jirachi|60/100|[from] Stealth Rock
|turn|6
|
|t:|1727392713
|switch|p1a: Rotom|Rotom-Wash|100/100
|-damage|p1a: Rotom|88/100|[from] Stealth Rock
|move|p2a: Jirachi|U-turn|p1a: Rotom
|-damage|p1a: Rotom|66/100
|
|t:|1727392715
|switch|p2a: Big Man|Kyurem-Black|100/100|[from] U-turn
|-damage|p2a: Big Man|76/100|[from] Stealth Rock
|-ability|p2a: Big Man|Teravolt
|
|-heal|p1a: Rotom|72/100|[from] item: Leftovers
|upkeep
|turn|7
|
|t:|1727392721
|move|p2a: Big Man|Outrage|p1a: Rotom
|-damage|p1a: Rotom|0 fnt
|faint|p1a: Rotom
|
|upkeep
|
|t:|1727392724
|switch|p1a: Tyranitar|Tyranitar, M|100/100
|-damage|p1a: Tyranitar|88/100|[from] Stealth Rock
|-weather|Sandstorm|[from] ability: Sand Stream|[of] p1a: Tyranitar
|turn|8
|
|t:|1727392726
|move|p1a: Tyranitar|Stone Edge|p2a: Big Man
|-supereffective|p2a: Big Man
|-damage|p2a: Big Man|0 fnt
|faint|p2a: Big Man
|
|-weather|Sandstorm|[upkeep]
|upkeep
|
|t:|1727392733
|switch|p2a: Jirachi|Jirachi|60/100
|-damage|p2a: Jirachi|54/100|[from] Stealth Rock
|turn|9
|
|t:|1727392737
|move|p2a: Jirachi|U-turn|p1a: Tyranitar
|-supereffective|p1a: Tyranitar
|-damage|p1a: Tyranitar|47/100
|
|t:|1727392739
|switch|p2a: Heatran|Heatran, F|100/100|[from] U-turn
|-damage|p2a: Heatran|88/100|[from] Stealth Rock
|-item|p2a: Heatran|Air Balloon
|move|p1a: Tyranitar|Stone Edge|p2a: Heatran
|-crit|p2a: Heatran
|-damage|p2a: Heatran|0 fnt
|-enditem|p2a: Heatran|Air Balloon
|faint|p2a: Heatran
|
|-weather|Sandstorm|[upkeep]
|upkeep
|
|t:|1727392744
|switch|p2a: Starmie|Starmie, shiny|100/100
|-damage|p2a: Starmie|88/100|[from] Stealth Rock
|-item|p2a: Starmie|Air Balloon
|turn|10
|
|t:|1727392750
|move|p1a: Tyranitar|Stone Edge|p2a: Starmie
|-damage|p2a: Starmie|2/100
|-enditem|p2a: Starmie|Air Balloon
|move|p2a: Starmie|Hydro Pump|p1a: Tyranitar|[miss]
|-miss|p2a: Starmie|p1a: Tyranitar
|
|-weather|Sandstorm|[upkeep]
|-damage|p2a: Starmie|0 fnt|[from] Sandstorm
|faint|p2a: Starmie
|upkeep
|
|t:|1727392755
|switch|p2a: Jirachi|Jirachi|54/100
|-damage|p2a: Jirachi|48/100|[from] Stealth Rock
|turn|11
|
|t:|1727392769
|move|p2a: Jirachi|Iron Head|p1a: Tyranitar
|-supereffective|p1a: Tyranitar
|-damage|p1a: Tyranitar|0 fnt
|faint|p1a: Tyranitar
|
|-weather|Sandstorm|[upkeep]
|upkeep
|
|t:|1727392776
|switch|p1a: Excadrill|Excadrill, M|100/100
|-damage|p1a: Excadrill|97/100|[from] Stealth Rock
|-item|p1a: Excadrill|Air Balloon
|turn|12
|
|t:|1727392779
|switch|p2a: Latias|Latias, F, shiny|100/100
|-damage|p2a: Latias|88/100|[from] Stealth Rock
|move|p1a: Excadrill|Rock Tomb|p2a: Latias
|-damage|p2a: Latias|60/100
|-unboost|p2a: Latias|spe|1
|
|-weather|Sandstorm|[upkeep]
|-damage|p2a: Latias|54/100|[from] Sandstorm
|upkeep
|turn|13
|
|t:|1727392786
|move|p1a: Excadrill|Iron Head|p2a: Latias
|-damage|p2a: Latias|0 fnt
|faint|p2a: Latias
|
|-weather|Sandstorm|[upkeep]
|upkeep
|
|t:|1727392788
|switch|p2a: Jirachi|Jirachi|48/100
|-damage|p2a: Jirachi|42/100|[from] Stealth Rock
|turn|14
|
|t:|1727392790
|move|p2a: Jirachi|Iron Head|p1a: Excadrill
|-resisted|p1a: Excadrill
|-damage|p1a: Excadrill|72/100
|-enditem|p1a: Excadrill|Air Balloon
|move|p1a: Excadrill|Earthquake|p2a: Jirachi
|-supereffective|p2a: Jirachi
|-damage|p2a: Jirachi|0 fnt
|faint|p2a: Jirachi
|
|win|SpartanRebornFRA
|raw|SpartanRebornFRA's rating: 1398 &rarr; <strong>1423</strong><br />(+25 for winning)
|raw|night bliz's rating: 1492 &rarr; <strong>1467</strong><br />(-25 for losing)
|l|☆night bliz
|player|p2|
