|j|☆Coronet077
|j|☆Gezellig_GER
|t:|1728590629
|gametype|singles
|player|p1|Coronet077|fisherman-gen4|1332
|player|p2|Gezellig_GER|265|1387
|teamsize|p1|6
|teamsize|p2|6
|gen|5
|tier|[Gen 5] OU
|rated|
|rule|Species Clause: Limit one of each Pokémon
|rule|OHKO Clause: OHKO moves are banned
|rule|Moody Clause: Moody is banned
|rule|Evasion Items Clause: Evasion items are banned
|rule|Evasion Moves Clause: Evasion moves are banned
|rule|Endless Battle Clause: Forcing endless battles is banned
|rule|HP Percentage Mod: HP is shown in percentages
|rule|Evasion Abilities Clause: Evasion abilities are banned
|rule|Sleep Moves Clause: Sleep-inducing moves are banned
|rule|Swagger Clause: Swagger is banned
|rule|Baton Pass Stat Clause: No Baton Passer may have a way to boost its stats
|clearpoke
|poke|p1|Tyranitar, F|item
|poke|p1|Landorus-Therian, M|item
|poke|p1|Ferrothorn, F|item
|poke|p1|Rotom-Wash|item
|poke|p1|Excadrill, M|item
|poke|p1|Latios, M|item
|poke|p2|Scrafty, F|item
|poke|p2|Sceptile, M|item
|poke|p2|Donphan, F|item
|poke|p2|Dusknoir, F|item
|poke|p2|Heatran, M|item
|poke|p2|Gyarados, M|item
|teampreview
|inactive|Battle timer is ON: inactive players will automatically lose when time's up. (requested by Gezellig_GER)
|
|t:|1728590655
|start
|switch|p1a: Rotom|Rotom-Wash|100/100
|switch|p2a: Dusknoir|Dusknoir, F|100/100
|-ability|p2a: Dusknoir|Pressure
|turn|1
|
|t:|1728590662
|move|p1a: Rotom|Will-O-Wisp|p2a: Dusknoir
|-status|p2a: Dusknoir|brn
|move|p2a: Dusknoir|Trick|p1a: Rotom
|-activate|p2a: Dusknoir|move: Trick|[of] p1a: Rotom
|-item|p1a: Rotom|Choice Scarf|[from] move: Trick
|-item|p2a: Dusknoir|Leftovers|[from] move: Trick
|
|-damage|p2a: Dusknoir|88/100 brn|[from] brn
|upkeep
|turn|2
|
|t:|1728590678
|move|p1a: Rotom|Volt Switch|p2a: Dusknoir
|-damage|p2a: Dusknoir|65/100 brn
|
|t:|1728590684
|switch|p1a: Ferrothorn|Ferrothorn, F|100/100|[from] Volt Switch
|move|p2a: Dusknoir|Curse|p1a: Ferrothorn
|-start|p1a: Ferrothorn|Curse|[of] p2a: Dusknoir
|-damage|p2a: Dusknoir|15/100 brn
|
|-heal|p2a: Dusknoir|22/100 brn|[from] item: Leftovers
|-damage|p2a: Dusknoir|9/100 brn|[from] brn
|-damage|p1a: Ferrothorn|75/100|[from] Curse
|upkeep
|turn|3
|j| Gabirusolames
|
|t:|1728590698
|switch|p2a: Donphan|Donphan, F|100/100
|switch|p1a: Tyranitar|Tyranitar, F|100/100
|-weather|Sandstorm|[from] ability: Sand Stream|[of] p1a: Tyranitar
|
|-weather|Sandstorm|[upkeep]
|upkeep
|turn|4
|
|t:|1728590707
|switch|p1a: Rotom|Rotom-Wash|100/100
|move|p2a: Donphan|Stealth Rock|p1a: Rotom
|-sidestart|p1: Coronet077|move: Stealth Rock
|
|-weather|Sandstorm|[upkeep]
|-damage|p1a: Rotom|94/100|[from] Sandstorm
|upkeep
|turn|5
|
|t:|1728590715
|switch|p2a: Dusknoir|Dusknoir, F|9/100 brn
|-ability|p2a: Dusknoir|Pressure
|move|p1a: Rotom|Volt Switch|p2a: Dusknoir
|-damage|p2a: Dusknoir|0 fnt
|faint|p2a: Dusknoir
|
|t:|1728590720
|switch|p1a: Excadrill|Excadrill, M|100/100|[from] Volt Switch
|-damage|p1a: Excadrill|97/100|[from] Stealth Rock
|
|-weather|Sandstorm|[upkeep]
|-heal|p1a: Excadrill|100/100|[from] item: Leftovers
|upkeep
|
|t:|1728590733
|switch|p2a: Scrafty|Scrafty, F|100/100
|turn|6
|
|t:|1728590740
|move|p1a: Excadrill|Earthquake|p2a: Scrafty
|-damage|p2a: Scrafty|36/100
|move|p2a: Scrafty|Bulk Up|p2a: Scrafty
|-boost|p2a: Scrafty|atk|1
|-boost|p2a: Scrafty|def|1
|
|-weather|Sandstorm|[upkeep]
|-damage|p2a: Scrafty|30/100|[from] Sandstorm
|-heal|p2a: Scrafty|36/100|[from] item: Leftovers
|upkeep
|turn|7
|
|t:|1728590751
|move|p1a: Excadrill|Earthquake|p2a: Scrafty
|-damage|p2a: Scrafty|0 fnt
|faint|p2a: Scrafty
|
|-weather|Sandstorm|[upkeep]
|upkeep
|
|t:|1728590759
|switch|p2a: Gyarados|Gyarados, M|100/100
|-ability|p2a: Gyarados|Intimidate|boost
|-unboost|p1a: Excadrill|atk|1
|turn|8
|
|t:|1728590766
|switch|p1a: Latios|Latios, M|100/100
|-damage|p1a: Latios|88/100|[from] Stealth Rock
|move|p2a: Gyarados|Thunder Wave|p1a: Latios
|-status|p1a: Latios|par
|
|-weather|Sandstorm|[upkeep]
|-damage|p2a: Gyarados|94/100|[from] Sandstorm
|-damage|p1a: Latios|82/100 par|[from] Sandstorm
|-heal|p2a: Gyarados|100/100|[from] item: Leftovers
|upkeep
|turn|9
|
|t:|1728590783
|move|p2a: Gyarados|Ice Fang|p1a: Latios
|-supereffective|p1a: Latios
|-damage|p1a: Latios|26/100 par
|move|p1a: Latios|Trick|p2a: Gyarados
|-activate|p1a: Latios|move: Trick|[of] p2a: Gyarados
|-item|p2a: Gyarados|Choice Scarf|[from] move: Trick
|-item|p1a: Latios|Leftovers|[from] move: Trick
|
|-weather|Sandstorm|[upkeep]
|-damage|p2a: Gyarados|94/100|[from] Sandstorm
|-damage|p1a: Latios|20/100 par|[from] Sandstorm
|-heal|p1a: Latios|26/100 par|[from] item: Leftovers
|upkeep
|turn|10
|
|t:|1728590799
|switch|p2a: Sceptile|Sceptile, M|100/100
|switch|p1a: Ferrothorn|Ferrothorn, F|75/100
|-damage|p1a: Ferrothorn|69/100|[from] Stealth Rock
|
|-weather|Sandstorm|[upkeep]
|-damage|p2a: Sceptile|94/100|[from] Sandstorm
|upkeep
|turn|11
|
|t:|1728590809
|move|p2a: Sceptile|Swords Dance|p2a: Sceptile
|-boost|p2a: Sceptile|atk|2
|move|p1a: Ferrothorn|Knock Off|p2a: Sceptile
|-damage|p2a: Sceptile|87/100
|-enditem|p2a: Sceptile|Liechi Berry|[from] move: Knock Off|[of] p1a: Ferrothorn
|
|-weather|Sandstorm|[upkeep]
|-damage|p2a: Sceptile|81/100|[from] Sandstorm
|upkeep
|turn|12
|
|t:|1728590819
|switch|p1a: Landorus|Landorus-Therian, M|100/100
|-damage|p1a: Landorus|88/100|[from] Stealth Rock
|-ability|p1a: Landorus|Intimidate|boost
|-unboost|p2a: Sceptile|atk|1
|move|p2a: Sceptile|Swords Dance|p2a: Sceptile
|-boost|p2a: Sceptile|atk|2
|
|-weather|Sandstorm|[upkeep]
|-damage|p2a: Sceptile|75/100|[from] Sandstorm
|-heal|p1a: Landorus|94/100|[from] item: Leftovers
|upkeep
|turn|13
|
|t:|1728590832
|move|p2a: Sceptile|Leaf Blade|p1a: Landorus
|-damage|p1a: Landorus|15/100
|move|p1a: Landorus|U-turn|p2a: Sceptile
|-supereffective|p2a: Sceptile
|-damage|p2a: Sceptile|0 fnt
|faint|p2a: Sceptile
|
|t:|1728590840
|switch|p1a: Ferrothorn|Ferrothorn, F|69/100|[from] U-turn
|-damage|p1a: Ferrothorn|63/100|[from] Stealth Rock
|
|-weather|Sandstorm|[upkeep]
|upkeep
|
|t:|1728590852
|switch|p2a: Heatran|Heatran, M|100/100
|turn|14
|
|t:|1728590861
|switch|p1a: Latios|Latios, M|26/100 par
|-damage|p1a: Latios|14/100 par|[from] Stealth Rock
|move|p2a: Heatran|Flamethrower|p1a: Latios
|-resisted|p1a: Latios
|-damage|p1a: Latios|0 fnt
|faint|p1a: Latios
|
|-weather|Sandstorm|[upkeep]
|upkeep
|
|t:|1728590864
|switch|p1a: Rotom|Rotom-Wash|94/100
|-damage|p1a: Rotom|82/100|[from] Stealth Rock
|turn|15
|
|t:|1728590878
|move|p2a: Heatran|Flamethrower|p1a: Rotom
|-resisted|p1a: Rotom
|-damage|p1a: Rotom|58/100
|move|p1a: Rotom|Hydro Pump|p2a: Heatran
|-supereffective|p2a: Heatran
|-damage|p2a: Heatran|22/100
|
|-weather|Sandstorm|[upkeep]
|-damage|p1a: Rotom|52/100|[from] Sandstorm
|upkeep
|turn|16
|
|t:|1728590888
|switch|p2a: Gyarados|Gyarados, M|94/100
|-ability|p2a: Gyarados|Intimidate|boost
|-unboost|p1a: Rotom|atk|1
|move|p1a: Rotom|Hydro Pump|p2a: Gyarados|[miss]
|-miss|p1a: Rotom|p2a: Gyarados
|
|-weather|Sandstorm|[upkeep]
|-damage|p1a: Rotom|46/100|[from] Sandstorm
|-damage|p2a: Gyarados|88/100|[from] Sandstorm
|upkeep
|turn|17
|
|t:|1728590901
|switch|p1a: Landorus|Landorus-Therian, M|15/100
|-damage|p1a: Landorus|2/100|[from] Stealth Rock
|-ability|p1a: Landorus|Intimidate|boost
|-unboost|p2a: Gyarados|atk|1
|switch|p2a: Heatran|Heatran, M|22/100
|
|-weather|Sandstorm|[upkeep]
|-heal|p1a: Landorus|8/100|[from] item: Leftovers
|upkeep
|turn|18
|
|t:|1728590912
|move|p2a: Heatran|Flamethrower|p1a: Landorus
|-damage|p1a: Landorus|0 fnt
|faint|p1a: Landorus
|
|-weather|Sandstorm|[upkeep]
|upkeep
|
|t:|1728590917
|switch|p1a: Tyranitar|Tyranitar, F|100/100
|-damage|p1a: Tyranitar|88/100|[from] Stealth Rock
|turn|19
|
|t:|1728590922
|switch|p2a: Donphan|Donphan, F|100/100
|move|p1a: Tyranitar|Crunch|p2a: Donphan
|-damage|p2a: Donphan|79/100
|
|-weather|Sandstorm|[upkeep]
|-heal|p2a: Donphan|85/100|[from] item: Leftovers
|upkeep
|turn|20
|
|t:|1728590935
|switch|p1a: Rotom|Rotom-Wash|46/100
|-damage|p1a: Rotom|33/100|[from] Stealth Rock
|move|p2a: Donphan|Ice Shard|p1a: Rotom
|-resisted|p1a: Rotom
|-damage|p1a: Rotom|29/100
|
|-weather|Sandstorm|[upkeep]
|-damage|p1a: Rotom|23/100|[from] Sandstorm
|-heal|p2a: Donphan|91/100|[from] item: Leftovers
|upkeep
|turn|21
|
|t:|1728590956
|switch|p2a: Heatran|Heatran, M|22/100
|move|p1a: Rotom|Pain Split|p2a: Heatran
|-sethp|p2a: Heatran|21/100|[from] move: Pain Split|[silent]
|-sethp|p1a: Rotom|23/100|[from] move: Pain Split
|
|-weather|Sandstorm|[upkeep]
|-damage|p1a: Rotom|17/100|[from] Sandstorm
|upkeep
|turn|22
|l| Gabirusolames
|
|t:|1728590972
|switch|p1a: Tyranitar|Tyranitar, F|88/100
|-damage|p1a: Tyranitar|76/100|[from] Stealth Rock
|move|p2a: Heatran|Earth Power|p1a: Tyranitar
|-supereffective|p1a: Tyranitar
|-damage|p1a: Tyranitar|47/100
|
|-weather|Sandstorm|[upkeep]
|upkeep
|turn|23
|
|t:|1728590981
|switch|p2a: Donphan|Donphan, F|91/100
|move|p1a: Tyranitar|Thunder Wave|p2a: Donphan
|-immune|p2a: Donphan
|
|-weather|Sandstorm|[upkeep]
|-heal|p2a: Donphan|97/100|[from] item: Leftovers
|upkeep
|turn|24
|
|t:|1728590991
|move|p1a: Tyranitar|Crunch|p2a: Donphan
|-damage|p2a: Donphan|72/100
|-unboost|p2a: Donphan|def|1
|move|p2a: Donphan|Earthquake|p1a: Tyranitar
|-supereffective|p1a: Tyranitar
|-damage|p1a: Tyranitar|0 fnt
|faint|p1a: Tyranitar
|
|-weather|Sandstorm|[upkeep]
|-heal|p2a: Donphan|78/100|[from] item: Leftovers
|upkeep
|
|t:|1728590994
|switch|p1a: Ferrothorn|Ferrothorn, F|63/100
|-damage|p1a: Ferrothorn|57/100|[from] Stealth Rock
|turn|25
|
|t:|1728591005
|switch|p2a: Heatran|Heatran, M|21/100
|move|p1a: Ferrothorn|Leech Seed|p2a: Heatran
|-start|p2a: Heatran|move: Leech Seed
|
|-weather|Sandstorm|[upkeep]
|-damage|p2a: Heatran|9/100|[from] Leech Seed|[of] p1a: Ferrothorn
|-heal|p1a: Ferrothorn|68/100|[silent]
|upkeep
|turn|26
|
|t:|1728591019
|switch|p2a: Gyarados|Gyarados, M|88/100
|-ability|p2a: Gyarados|Intimidate|boost
|-unboost|p1a: Ferrothorn|atk|1
|switch|p1a: Rotom|Rotom-Wash|17/100
|-damage|p1a: Rotom|4/100|[from] Stealth Rock
|
|-weather|Sandstorm|[upkeep]
|-damage|p1a: Rotom|0 fnt|[from] Sandstorm
|-damage|p2a: Gyarados|82/100|[from] Sandstorm
|faint|p1a: Rotom
|upkeep
|
|t:|1728591023
|switch|p1a: Ferrothorn|Ferrothorn, F|68/100
|-damage|p1a: Ferrothorn|62/100|[from] Stealth Rock
|turn|27
|
|t:|1728591038
|move|p2a: Gyarados|Thunder Wave|p1a: Ferrothorn
|-status|p1a: Ferrothorn|par
|move|p1a: Ferrothorn|Leech Seed|p2a: Gyarados
|-start|p2a: Gyarados|move: Leech Seed
|
|-weather|Sandstorm|[upkeep]
|-damage|p2a: Gyarados|76/100|[from] Sandstorm
|-damage|p2a: Gyarados|64/100|[from] Leech Seed|[of] p1a: Ferrothorn
|-heal|p1a: Ferrothorn|76/100 par|[silent]
|upkeep
|turn|28
|
|t:|1728591048
|switch|p2a: Heatran|Heatran, M|9/100
|move|p1a: Ferrothorn|Leech Seed|p2a: Heatran
|-start|p2a: Heatran|move: Leech Seed
|
|-weather|Sandstorm|[upkeep]
|-damage|p2a: Heatran|0 fnt|[from] Leech Seed|[of] p1a: Ferrothorn
|-heal|p1a: Ferrothorn|84/100 par|[silent]
|faint|p2a: Heatran
|upkeep
|
|t:|1728591059
|switch|p2a: Donphan|Donphan, F|78/100
|turn|29
|
|t:|1728591064
|move|p2a: Donphan|Earthquake|p1a: Ferrothorn
|-damage|p1a: Ferrothorn|51/100 par
|move|p1a: Ferrothorn|Leech Seed|p2a: Donphan
|-start|p2a: Donphan|move: Leech Seed
|
|-weather|Sandstorm|[upkeep]
|-heal|p2a: Donphan|85/100|[from] item: Leftovers
|-damage|p2a: Donphan|72/100|[from] Leech Seed|[of] p1a: Ferrothorn
|-heal|p1a: Ferrothorn|65/100 par|[silent]
|upkeep
|turn|30
|
|t:|1728591078
|move|p2a: Donphan|Rapid Spin|p1a: Ferrothorn
|-resisted|p1a: Ferrothorn
|-damage|p1a: Ferrothorn|62/100 par
|-damage|p2a: Donphan|60/100|[from] ability: Iron Barbs|[of] p1a: Ferrothorn
|-damage|p2a: Donphan|43/100|[from] item: Rocky Helmet|[of] p1a: Ferrothorn
|-end|p2a: Donphan|Leech Seed|[from] move: Rapid Spin|[of] p2a: Donphan
|move|p1a: Ferrothorn|Power Whip|p2a: Donphan
|-supereffective|p2a: Donphan
|-damage|p2a: Donphan|0 fnt
|faint|p2a: Donphan
|
|-weather|Sandstorm|[upkeep]
|upkeep
|
|t:|1728591091
|switch|p2a: Gyarados|Gyarados, M|64/100
|-ability|p2a: Gyarados|Intimidate|boost
|-unboost|p1a: Ferrothorn|atk|1
|turn|31
|
|t:|1728591096
|switch|p1a: Excadrill|Excadrill, M|100/100
|-damage|p1a: Excadrill|97/100|[from] Stealth Rock
|move|p2a: Gyarados|Waterfall|p1a: Excadrill
|-supereffective|p1a: Excadrill
|-crit|p1a: Excadrill
|-damage|p1a: Excadrill|0 fnt
|faint|p1a: Excadrill
|
|-weather|Sandstorm|[upkeep]
|-damage|p2a: Gyarados|57/100|[from] Sandstorm
|upkeep
|
|t:|1728591098
|switch|p1a: Ferrothorn|Ferrothorn, F|62/100 par
|-damage|p1a: Ferrothorn|56/100 par|[from] Stealth Rock
|turn|32
|
|t:|1728591111
|move|p2a: Gyarados|Waterfall|p1a: Ferrothorn
|-resisted|p1a: Ferrothorn
|-crit|p1a: Ferrothorn
|-damage|p1a: Ferrothorn|28/100 par
|-damage|p2a: Gyarados|45/100|[from] ability: Iron Barbs|[of] p1a: Ferrothorn
|-damage|p2a: Gyarados|28/100|[from] item: Rocky Helmet|[of] p1a: Ferrothorn
|move|p1a: Ferrothorn|Leech Seed|p2a: Gyarados
|-start|p2a: Gyarados|move: Leech Seed
|
|-weather|Sandstorm|[upkeep]
|-damage|p2a: Gyarados|22/100|[from] Sandstorm
|-damage|p2a: Gyarados|10/100|[from] Leech Seed|[of] p1a: Ferrothorn
|-heal|p1a: Ferrothorn|42/100 par|[silent]
|upkeep
|turn|33
|
|t:|1728591125
|move|p2a: Gyarados|Waterfall|p1a: Ferrothorn
|-resisted|p1a: Ferrothorn
|-damage|p1a: Ferrothorn|28/100 par
|-damage|p2a: Gyarados|0 fnt|[from] ability: Iron Barbs|[of] p1a: Ferrothorn
|faint|p2a: Gyarados
|
|win|Coronet077
|raw|Coronet077's rating: 1332 &rarr; <strong>1355</strong><br />(+23 for winning)
|raw|Gezellig_GER's rating: 1387 &rarr; <strong>1364</strong><br />(-23 for losing)
|l|☆Gezellig_GER
|player|p2|
