|j|☆Primary Trout
|j|☆HydreigonSpammer
|t:|1735362556
|gametype|singles
|player|p1|Primary Trout|marshal|1432
|player|p2|HydreigonSpammer|acetrainer|1349
|teamsize|p1|6
|teamsize|p2|6
|gen|5
|tier|[Gen 5] OU
|rated|
|rule|Species Clause: Limit one of each Pokémon
|rule|OHKO Clause: OHKO moves are banned
|rule|Moody Clause: Moody is banned
|rule|Evasion Items Clause: Evasion items are banned
|rule|Evasion Moves Clause: Evasion moves are banned
|rule|Endless Battle Clause: Forcing endless battles is banned
|rule|HP Percentage Mod: HP is shown in percentages
|rule|Evasion Abilities Clause: Evasion abilities are banned
|rule|Sleep Moves Clause: Sleep-inducing moves are banned
|rule|Swagger Clause: Swagger is banned
|rule|Baton Pass Stat Clause: No Baton Passer may have a way to boost its stats
|clearpoke
|poke|p1|Jirachi|item
|poke|p1|Azumarill, M|item
|poke|p1|Terrakion|item
|poke|p1|Dragonite, M|item
|poke|p1|Politoed, F|item
|poke|p1|Landorus-Therian, M|item
|poke|p2|Garchomp, M|item
|poke|p2|Latios, M|item
|poke|p2|Starmie|item
|poke|p2|Scizor, F|item
|poke|p2|Magnezone|item
|poke|p2|Salamence, M|item
|teampreview
|inactive|Battle timer is ON: inactive players will automatically lose when time's up. (requested by Primary Trout)
|inactive|HydreigonSpammer has 120 seconds left.
|
|t:|1735362608
|start
|switch|p1a: Politoed|Politoed, F|100/100
|switch|p2a: Garchomp|Garchomp, M|100/100
|-weather|RainDance|[from] ability: Drizzle|[of] p1a: Politoed
|turn|1
|inactive|Primary Trout has 120 seconds left.
|
|t:|1735362639
|move|p2a: Garchomp|Stealth Rock|p1a: Politoed
|-sidestart|p1: Primary Trout|move: Stealth Rock
|move|p1a: Politoed|Scald|p2a: Garchomp
|-damage|p2a: Garchomp|62/100
|
|-weather|RainDance|[upkeep]
|upkeep
|turn|2
|
|t:|1735362657
|move|p2a: Garchomp|Earthquake|p1a: Politoed
|-damage|p1a: Politoed|60/100
|move|p1a: Politoed|Perish Song|p1a: Politoed
|-start|p1a: Politoed|perish3|[silent]
|-start|p2a: Garchomp|perish3|[silent]
|-fieldactivate|move: Perish Song
|
|-weather|RainDance|[upkeep]
|-heal|p1a: Politoed|66/100|[from] item: Leftovers
|-start|p2a: Garchomp|perish3
|-start|p1a: Politoed|perish3
|upkeep
|turn|3
|
|t:|1735362667
|move|p2a: Garchomp|Earthquake|p1a: Politoed
|-damage|p1a: Politoed|24/100
|move|p1a: Politoed|Scald|p2a: Garchomp
|-damage|p2a: Garchomp|16/100
|-status|p2a: Garchomp|brn
|
|-weather|RainDance|[upkeep]
|-heal|p1a: Politoed|30/100|[from] item: Leftovers
|-damage|p2a: Garchomp|4/100 brn|[from] brn
|-start|p2a: Garchomp|perish2
|-start|p1a: Politoed|perish2
|upkeep
|turn|4
|
|t:|1735362676
|move|p1a: Politoed|Protect|p1a: Politoed
|-singleturn|p1a: Politoed|Protect
|move|p2a: Garchomp|Earthquake|p1a: Politoed
|-activate|p1a: Politoed|move: Protect
|
|-weather|RainDance|[upkeep]
|-heal|p1a: Politoed|36/100|[from] item: Leftovers
|-damage|p2a: Garchomp|0 fnt|[from] brn
|faint|p2a: Garchomp
|-start|p1a: Politoed|perish1
|upkeep
|inactive|HydreigonSpammer has 120 seconds left.
|
|t:|1735362712
|switch|p2a: Starmie|Starmie|100/100
|turn|5
|
|t:|1735362723
|switch|p1a: Azumarill|Azumarill, M|100/100
|-damage|p1a: Azumarill|88/100|[from] Stealth Rock
|move|p2a: Starmie|Scald|p1a: Azumarill
|-resisted|p1a: Azumarill
|-damage|p1a: Azumarill|53/100
|
|-weather|RainDance|[upkeep]
|upkeep
|turn|6
|
|t:|1735362729
|move|p2a: Starmie|Thunderbolt|p1a: Azumarill
|-supereffective|p1a: Azumarill
|-damage|p1a: Azumarill|0 fnt
|faint|p1a: Azumarill
|
|-weather|RainDance|[upkeep]
|upkeep
|
|t:|1735362733
|switch|p1a: Jirachi|Jirachi|100/100
|-damage|p1a: Jirachi|94/100|[from] Stealth Rock
|turn|7
|
|t:|1735362742
|move|p2a: Starmie|Scald|p1a: Jirachi
|-damage|p1a: Jirachi|62/100
|-status|p1a: Jirachi|brn
|move|p1a: Jirachi|Thunder|p2a: Starmie
|-supereffective|p2a: Starmie
|-damage|p2a: Starmie|24/100
|-status|p2a: Starmie|par
|
|-weather|RainDance|[upkeep]
|-heal|p1a: Jirachi|68/100 brn|[from] item: Leftovers
|-heal|p2a: Starmie|30/100 par|[from] item: Leftovers
|-damage|p1a: Jirachi|56/100 brn|[from] brn
|upkeep
|turn|8
|
|t:|1735362750
|move|p1a: Jirachi|Wish|p1a: Jirachi
|move|p2a: Starmie|Scald|p1a: Jirachi
|-damage|p1a: Jirachi|15/100 brn
|
|-weather|RainDance|[upkeep]
|-heal|p1a: Jirachi|21/100 brn|[from] item: Leftovers
|-heal|p2a: Starmie|36/100 par|[from] item: Leftovers
|-damage|p1a: Jirachi|9/100 brn|[from] brn
|upkeep
|turn|9
|
|t:|1735362757
|move|p1a: Jirachi|Thunder|p2a: Starmie
|-supereffective|p2a: Starmie
|-damage|p2a: Starmie|0 fnt
|faint|p2a: Starmie
|
|-weather|RainDance|[upkeep]
|-heal|p1a: Jirachi|59/100 brn|[from] move: Wish|[wisher] Jirachi
|-heal|p1a: Jirachi|65/100 brn|[from] item: Leftovers
|-damage|p1a: Jirachi|52/100 brn|[from] brn
|upkeep
|
|t:|1735362765
|switch|p2a: Magnezone|Magnezone|100/100
|turn|10
|
|t:|1735362770
|move|p2a: Magnezone|Thunderbolt|p1a: Jirachi
|-damage|p1a: Jirachi|23/100 brn
|move|p1a: Jirachi|Stealth Rock|p2a: Magnezone
|-sidestart|p2: HydreigonSpammer|move: Stealth Rock
|
|-weather|RainDance|[upkeep]
|-heal|p1a: Jirachi|29/100 brn|[from] item: Leftovers
|-damage|p1a: Jirachi|17/100 brn|[from] brn
|upkeep
|turn|11
|
|t:|1735362777
|move|p2a: Magnezone|Thunderbolt|p1a: Jirachi
|-damage|p1a: Jirachi|0 fnt
|faint|p1a: Jirachi
|
|-weather|RainDance|[upkeep]
|upkeep
|
|t:|1735362780
|switch|p1a: Terrakion|Terrakion|100/100
|-damage|p1a: Terrakion|94/100|[from] Stealth Rock
|turn|12
|
|t:|1735362783
|move|p1a: Terrakion|Close Combat|p2a: Magnezone
|-supereffective|p2a: Magnezone
|-enditem|p2a: Magnezone|Chople Berry|[eat]
|-enditem|p2a: Magnezone|Chople Berry|[weaken]
|-damage|p2a: Magnezone|7/100
|-unboost|p1a: Terrakion|def|1
|-unboost|p1a: Terrakion|spd|1
|-damage|p1a: Terrakion|84/100|[from] item: Life Orb
|move|p2a: Magnezone|Thunderbolt|p1a: Terrakion
|-damage|p1a: Terrakion|2/100
|
|-weather|RainDance|[upkeep]
|upkeep
|turn|13
|
|t:|1735362797
|move|p1a: Terrakion|Stone Edge|p2a: Magnezone
|-resisted|p2a: Magnezone
|-damage|p2a: Magnezone|0 fnt
|faint|p2a: Magnezone
|-damage|p1a: Terrakion|0 fnt|[from] item: Life Orb
|faint|p1a: Terrakion
|
|-weather|RainDance|[upkeep]
|upkeep
|
|t:|1735362810
|switch|p1a: Landorus|Landorus-Therian, M, shiny|100/100
|switch|p2a: Salamence|Salamence, M|100/100
|-damage|p2a: Salamence|76/100|[from] Stealth Rock
|-damage|p1a: Landorus|88/100|[from] Stealth Rock
|-ability|p1a: Landorus|Intimidate|boost
|-unboost|p2a: Salamence|atk|1
|turn|14
|
|t:|1735362812
|move|p2a: Salamence|Hidden Power|p1a: Landorus
|-supereffective|p1a: Landorus
|-damage|p1a: Landorus|0 fnt
|faint|p1a: Landorus
|-ability|p2a: Salamence|Moxie|boost
|-boost|p2a: Salamence|atk|1
|
|-weather|RainDance|[upkeep]
|upkeep
|-message|Primary Trout forfeited.
|
|win|HydreigonSpammer
|raw|Primary Trout's rating: 1432 &rarr; <strong>1407</strong><br />(-25 for losing)
|raw|HydreigonSpammer's rating: 1349 &rarr; <strong>1374</strong><br />(+25 for winning)
|l|☆Primary Trout
|player|p1|
