|j|☆Dean Tyoowon
|j|☆Harmonnia
|t:|1733325240
|gametype|singles
|player|p1|Dean Tyoowon|gambler|1340
|player|p2|Harmonnia|170|1301
|teamsize|p1|6
|teamsize|p2|6
|gen|5
|tier|[Gen 5] OU
|rated|
|rule|Species Clause: Limit one of each Pokémon
|rule|OHKO Clause: OHKO moves are banned
|rule|Moody Clause: Moody is banned
|rule|Evasion Items Clause: Evasion items are banned
|rule|Evasion Moves Clause: Evasion moves are banned
|rule|Endless Battle Clause: Forcing endless battles is banned
|rule|HP Percentage Mod: HP is shown in percentages
|rule|Evasion Abilities Clause: Evasion abilities are banned
|rule|Sleep Moves Clause: Sleep-inducing moves are banned
|rule|Swagger Clause: Swagger is banned
|rule|Baton Pass Stat Clause: No Baton Passer may have a way to boost its stats
|clearpoke
|poke|p1|Heatran, F|item
|poke|p1|Jellicent, F|item
|poke|p1|Ferrothorn, M|item
|poke|p1|Landorus-Therian, M|item
|poke|p1|Rotom-Wash|item
|poke|p1|Scizor, F|item
|poke|p2|Abomasnow, F|item
|poke|p2|Gliscor, M|item
|poke|p2|Forretress, M|item
|poke|p2|Blissey, F|item
|poke|p2|Latios, M|item
|poke|p2|Reuniclus, F|item
|teampreview
|
|t:|1733325251
|start
|switch|p1a: Rotom|Rotom-Wash|100/100
|switch|p2a: Abomasnow|Abomasnow, F|100/100
|-weather|Hail|[from] ability: Snow Warning|[of] p2a: Abomasnow
|turn|1
|
|t:|1733325272
|move|p1a: Rotom|Volt Switch|p2a: Abomasnow
|-resisted|p2a: Abomasnow
|-damage|p2a: Abomasnow|80/100
|
|t:|1733325276
|switch|p1a: Heatran|Heatran, F|100/100|[from] Volt Switch
|move|p2a: Abomasnow|Giga Drain|p1a: Heatran
|-resisted|p1a: Heatran
|-damage|p1a: Heatran|96/100
|-heal|p2a: Abomasnow|82/100|[from] drain|[of] p1a: Heatran
|
|-weather|Hail|[upkeep]
|-damage|p1a: Heatran|90/100|[from] Hail
|-heal|p1a: Heatran|96/100|[from] item: Leftovers
|-heal|p2a: Abomasnow|88/100|[from] item: Leftovers
|upkeep
|turn|2
|
|t:|1733325293
|switch|p2a: Gliscor|Gliscor, M|100/100
|move|p1a: Heatran|Stealth Rock|p2a: Gliscor
|-sidestart|p2: Harmonnia|move: Stealth Rock
|
|-weather|Hail|[upkeep]
|-damage|p1a: Heatran|90/100|[from] Hail
|-damage|p2a: Gliscor|94/100|[from] Hail
|-heal|p1a: Heatran|96/100|[from] item: Leftovers
|-status|p2a: Gliscor|tox|[from] item: Toxic Orb
|upkeep
|turn|3
|
|t:|1733325320
|switch|p1a: Rotom|Rotom-Wash|100/100
|move|p2a: Gliscor|Stealth Rock|p1a: Rotom
|-sidestart|p1: Dean Tyoowon|move: Stealth Rock
|
|-weather|Hail|[upkeep]
|-damage|p1a: Rotom|94/100|[from] Hail
|-damage|p2a: Gliscor|88/100 tox|[from] Hail
|-heal|p2a: Gliscor|100/100 tox|[from] ability: Poison Heal
|upkeep
|turn|4
|
|t:|1733325336
|switch|p2a: Blissey|Blissey, F|100/100
|-damage|p2a: Blissey|88/100|[from] Stealth Rock
|move|p1a: Rotom|Hydro Pump|p2a: Blissey
|-crit|p2a: Blissey
|-damage|p2a: Blissey|32/100
|
|-weather|Hail|[upkeep]
|-damage|p1a: Rotom|88/100|[from] Hail
|-damage|p2a: Blissey|26/100|[from] Hail
|-heal|p2a: Blissey|32/100|[from] item: Leftovers
|upkeep
|turn|5
|
|t:|1733325348
|switch|p1a: Scizor|Scizor, F|100/100
|-damage|p1a: Scizor|88/100|[from] Stealth Rock
|move|p2a: Blissey|Soft-Boiled|p2a: Blissey
|-heal|p2a: Blissey|82/100
|
|-weather|Hail|[upkeep]
|-damage|p1a: Scizor|82/100|[from] Hail
|-damage|p2a: Blissey|76/100|[from] Hail
|-heal|p2a: Blissey|82/100|[from] item: Leftovers
|upkeep
|turn|6
|
|t:|1733325360
|move|p1a: Scizor|U-turn|p2a: Blissey
|-damage|p2a: Blissey|33/100
|
|t:|1733325368
|switch|p1a: Rotom|Rotom-Wash|88/100|[from] U-turn
|-damage|p1a: Rotom|76/100|[from] Stealth Rock
|move|p2a: Blissey|Thunder Wave|p1a: Rotom
|-status|p1a: Rotom|par
|
|-weather|Hail|[upkeep]
|-damage|p2a: Blissey|27/100|[from] Hail
|-damage|p1a: Rotom|69/100 par|[from] Hail
|-heal|p2a: Blissey|33/100|[from] item: Leftovers
|upkeep
|turn|7
|
|t:|1733325389
|move|p2a: Blissey|Soft-Boiled|p2a: Blissey
|-heal|p2a: Blissey|83/100
|move|p1a: Rotom|Trick|p2a: Blissey
|-activate|p1a: Rotom|move: Trick|[of] p2a: Blissey
|-item|p2a: Blissey|Choice Specs|[from] move: Trick
|-item|p1a: Rotom|Leftovers|[from] move: Trick
|
|-weather|Hail|[upkeep]
|-damage|p2a: Blissey|77/100|[from] Hail
|-damage|p1a: Rotom|63/100 par|[from] Hail
|-heal|p1a: Rotom|69/100 par|[from] item: Leftovers
|upkeep
|turn|8
|
|t:|1733325406
|move|p2a: Blissey|Seismic Toss|p1a: Rotom
|-damage|p1a: Rotom|28/100 par
|move|p1a: Rotom|Volt Switch|p2a: Blissey
|-damage|p2a: Blissey|65/100
|
|t:|1733325414
|switch|p1a: Scizor|Scizor, F|82/100|[from] Volt Switch
|-damage|p1a: Scizor|70/100|[from] Stealth Rock
|
|-weather|Hail|[upkeep]
|-damage|p1a: Scizor|64/100|[from] Hail
|-damage|p2a: Blissey|59/100|[from] Hail
|upkeep
|turn|9
|
|t:|1733325429
|move|p1a: Scizor|U-turn|p2a: Blissey
|-damage|p2a: Blissey|6/100
|
|t:|1733325433
|switch|p1a: Jellicent|Jellicent, F, shiny|100/100|[from] U-turn
|-damage|p1a: Jellicent|88/100|[from] Stealth Rock
|move|p2a: Blissey|Seismic Toss|p1a: Jellicent
|-immune|p1a: Jellicent
|
|-weather|Hail|[upkeep]
|-damage|p1a: Jellicent|82/100|[from] Hail
|-damage|p2a: Blissey|0 fnt|[from] Hail
|faint|p2a: Blissey
|-heal|p1a: Jellicent|88/100|[from] item: Leftovers
|upkeep
|
|t:|1733325452
|switch|p2a: Abomasnow|Abomasnow, F|88/100
|-damage|p2a: Abomasnow|63/100|[from] Stealth Rock
|turn|10
|
|t:|1733325458
|switch|p1a: Heatran|Heatran, F|96/100
|-damage|p1a: Heatran|84/100|[from] Stealth Rock
|switch|p2a: Gliscor|Gliscor, M|100/100 tox
|-damage|p2a: Gliscor|88/100 tox|[from] Stealth Rock
|
|-weather|Hail|[upkeep]
|-damage|p1a: Heatran|78/100|[from] Hail
|-damage|p2a: Gliscor|82/100 tox|[from] Hail
|-heal|p1a: Heatran|84/100|[from] item: Leftovers
|-heal|p2a: Gliscor|94/100 tox|[from] ability: Poison Heal
|upkeep
|turn|11
|
|t:|1733325477
|switch|p1a: Ferrothorn|Ferrothorn, M|100/100
|-damage|p1a: Ferrothorn|94/100|[from] Stealth Rock
|move|p2a: Gliscor|Knock Off|p1a: Ferrothorn
|-resisted|p1a: Ferrothorn
|-damage|p1a: Ferrothorn|93/100
|-damage|p2a: Gliscor|82/100 tox|[from] ability: Iron Barbs|[of] p1a: Ferrothorn
|-enditem|p1a: Ferrothorn|Leftovers|[from] move: Knock Off|[of] p2a: Gliscor
|
|-weather|Hail|[upkeep]
|-damage|p2a: Gliscor|76/100 tox|[from] Hail
|-damage|p1a: Ferrothorn|86/100|[from] Hail
|-heal|p2a: Gliscor|88/100 tox|[from] ability: Poison Heal
|upkeep
|turn|12
|
|t:|1733325498
|switch|p2a: Forretress|Forretress, M|100/100
|-damage|p2a: Forretress|88/100|[from] Stealth Rock
|move|p1a: Ferrothorn|Spikes|p2a: Forretress
|-sidestart|p2: Harmonnia|Spikes
|
|-weather|Hail|[upkeep]
|-damage|p1a: Ferrothorn|80/100|[from] Hail
|-heal|p2a: Forretress|94/100|[from] item: Leftovers
|upkeep
|turn|13
|
|t:|1733325511
|move|p2a: Forretress|Spikes|p1a: Ferrothorn
|-sidestart|p1: Dean Tyoowon|Spikes
|move|p1a: Ferrothorn|Spikes|p2a: Forretress
|-sidestart|p2: Harmonnia|Spikes
|
|-weather|Hail|[upkeep]
|-damage|p1a: Ferrothorn|74/100|[from] Hail
|-heal|p2a: Forretress|100/100|[from] item: Leftovers
|upkeep
|turn|14
|
|t:|1733325520
|switch|p1a: Jellicent|Jellicent, F, shiny|88/100
|-damage|p1a: Jellicent|76/100|[from] Stealth Rock
|-damage|p1a: Jellicent|63/100|[from] Spikes
|move|p2a: Forretress|Spikes|p1a: Jellicent
|-sidestart|p1: Dean Tyoowon|Spikes
|
|-weather|Hail|[upkeep]
|-damage|p1a: Jellicent|57/100|[from] Hail
|-heal|p1a: Jellicent|63/100|[from] item: Leftovers
|upkeep
|turn|15
|
|t:|1733325532
|switch|p2a: Gliscor|Gliscor, M|88/100 tox
|-damage|p2a: Gliscor|76/100 tox|[from] Stealth Rock
|move|p1a: Jellicent|Will-O-Wisp||[still]
|-fail|p1a: Jellicent
|
|-weather|Hail|[upkeep]
|-damage|p1a: Jellicent|57/100|[from] Hail
|-damage|p2a: Gliscor|69/100 tox|[from] Hail
|-heal|p1a: Jellicent|63/100|[from] item: Leftovers
|-heal|p2a: Gliscor|82/100 tox|[from] ability: Poison Heal
|upkeep
|turn|16
|
|t:|1733325544
|switch|p1a: Ferrothorn|Ferrothorn, M|74/100
|-damage|p1a: Ferrothorn|68/100|[from] Stealth Rock
|-damage|p1a: Ferrothorn|51/100|[from] Spikes
|move|p2a: Gliscor|Earthquake|p1a: Ferrothorn
|-crit|p1a: Ferrothorn
|-damage|p1a: Ferrothorn|5/100
|
|-weather|Hail|[upkeep]
|-damage|p2a: Gliscor|76/100 tox|[from] Hail
|-damage|p1a: Ferrothorn|0 fnt|[from] Hail
|faint|p1a: Ferrothorn
|-heal|p2a: Gliscor|88/100 tox|[from] ability: Poison Heal
|upkeep
|
|t:|1733325557
|switch|p1a: Landorus|Landorus-Therian, M|100/100
|-damage|p1a: Landorus|88/100|[from] Stealth Rock
|-ability|p1a: Landorus|Intimidate|boost
|-unboost|p2a: Gliscor|atk|1
|turn|17
|
|t:|1733325567
|move|p2a: Gliscor|Protect|p2a: Gliscor
|-singleturn|p2a: Gliscor|Protect
|move|p1a: Landorus|Hidden Power|p2a: Gliscor
|-activate|p2a: Gliscor|move: Protect
|
|-weather|Hail|[upkeep]
|-damage|p1a: Landorus|82/100|[from] Hail
|-damage|p2a: Gliscor|82/100 tox|[from] Hail
|-heal|p2a: Gliscor|94/100 tox|[from] ability: Poison Heal
|upkeep
|turn|18
|
|t:|1733325591
|switch|p1a: Jellicent|Jellicent, F, shiny|63/100
|-damage|p1a: Jellicent|51/100|[from] Stealth Rock
|-damage|p1a: Jellicent|34/100|[from] Spikes
|switch|p2a: Forretress|Forretress, M|100/100
|-damage|p2a: Forretress|88/100|[from] Stealth Rock
|-damage|p2a: Forretress|71/100|[from] Spikes
|
|-weather|Hail|[upkeep]
|-damage|p1a: Jellicent|28/100|[from] Hail
|-heal|p1a: Jellicent|34/100|[from] item: Leftovers
|-heal|p2a: Forretress|78/100|[from] item: Leftovers
|upkeep
|turn|19
|
|t:|1733325609
|move|p1a: Jellicent|Recover|p1a: Jellicent
|-heal|p1a: Jellicent|84/100
|move|p2a: Forretress|Earthquake|p1a: Jellicent
|-crit|p1a: Jellicent
|-damage|p1a: Jellicent|45/100
|
|-weather|Hail|[upkeep]
|-damage|p1a: Jellicent|38/100|[from] Hail
|-heal|p1a: Jellicent|45/100|[from] item: Leftovers
|-heal|p2a: Forretress|84/100|[from] item: Leftovers
|upkeep
|turn|20
|
|t:|1733325623
|move|p1a: Jellicent|Will-O-Wisp|p2a: Forretress
|-status|p2a: Forretress|brn
|move|p2a: Forretress|Spikes|p1a: Jellicent
|-sidestart|p1: Dean Tyoowon|Spikes
|
|-weather|Hail|[upkeep]
|-damage|p1a: Jellicent|38/100|[from] Hail
|-heal|p1a: Jellicent|45/100|[from] item: Leftovers
|-heal|p2a: Forretress|90/100 brn|[from] item: Leftovers
|-damage|p2a: Forretress|78/100 brn|[from] brn
|upkeep
|turn|21
|
|t:|1733325637
|switch|p2a: Gliscor|Gliscor, M|94/100 tox
|-damage|p2a: Gliscor|82/100 tox|[from] Stealth Rock
|move|p1a: Jellicent|Recover|p1a: Jellicent
|-heal|p1a: Jellicent|95/100
|
|-weather|Hail|[upkeep]
|-damage|p1a: Jellicent|89/100|[from] Hail
|-damage|p2a: Gliscor|76/100 tox|[from] Hail
|-heal|p1a: Jellicent|95/100|[from] item: Leftovers
|-heal|p2a: Gliscor|88/100 tox|[from] ability: Poison Heal
|upkeep
|turn|22
|
|t:|1733325660
|switch|p1a: Landorus|Landorus-Therian, M|82/100
|-damage|p1a: Landorus|69/100|[from] Stealth Rock
|-ability|p1a: Landorus|Intimidate|boost
|-unboost|p2a: Gliscor|atk|1
|move|p2a: Gliscor|Knock Off|p1a: Landorus
|-damage|p1a: Landorus|66/100
|-enditem|p1a: Landorus|Choice Scarf|[from] move: Knock Off|[of] p2a: Gliscor
|
|-weather|Hail|[upkeep]
|-damage|p1a: Landorus|60/100|[from] Hail
|-damage|p2a: Gliscor|82/100 tox|[from] Hail
|-heal|p2a: Gliscor|94/100 tox|[from] ability: Poison Heal
|upkeep
|turn|23
|
|t:|1733325686
|move|p1a: Landorus|U-turn|p2a: Gliscor
|-resisted|p2a: Gliscor
|-damage|p2a: Gliscor|86/100 tox
|
|t:|1733325690
|switch|p1a: Rotom|Rotom-Wash|28/100 par|[from] U-turn
|-damage|p1a: Rotom|15/100 par|[from] Stealth Rock
|move|p2a: Gliscor|Knock Off|p1a: Rotom
|-damage|p1a: Rotom|10/100 par
|-enditem|p1a: Rotom|Leftovers|[from] move: Knock Off|[of] p2a: Gliscor
|
|-weather|Hail|[upkeep]
|-damage|p2a: Gliscor|79/100 tox|[from] Hail
|-damage|p1a: Rotom|4/100 par|[from] Hail
|-heal|p2a: Gliscor|92/100 tox|[from] ability: Poison Heal
|upkeep
|turn|24
|
|t:|1733325705
|move|p2a: Gliscor|Knock Off|p1a: Rotom
|-damage|p1a: Rotom|0 fnt
|faint|p1a: Rotom
|
|-weather|Hail|[upkeep]
|-damage|p2a: Gliscor|86/100 tox|[from] Hail
|-heal|p2a: Gliscor|98/100 tox|[from] ability: Poison Heal
|upkeep
|
|t:|1733325714
|switch|p1a: Landorus|Landorus-Therian, M|60/100
|-damage|p1a: Landorus|48/100|[from] Stealth Rock
|-ability|p1a: Landorus|Intimidate|boost
|-unboost|p2a: Gliscor|atk|1
|turn|25
|
|t:|1733325741
|move|p2a: Gliscor|Protect|p2a: Gliscor
|-singleturn|p2a: Gliscor|Protect
|move|p1a: Landorus|U-turn|p2a: Gliscor
|-activate|p2a: Gliscor|move: Protect
|
|-weather|Hail|[upkeep]
|-damage|p1a: Landorus|41/100|[from] Hail
|-damage|p2a: Gliscor|92/100 tox|[from] Hail
|-heal|p2a: Gliscor|100/100 tox|[from] ability: Poison Heal
|upkeep
|turn|26
|
|t:|1733325752
|switch|p2a: Forretress|Forretress, M|78/100 brn
|-damage|p2a: Forretress|65/100 brn|[from] Stealth Rock
|-damage|p2a: Forretress|49/100 brn|[from] Spikes
|move|p1a: Landorus|Hidden Power|p2a: Forretress
|-resisted|p2a: Forretress
|-damage|p2a: Forretress|36/100 brn
|
|-weather|Hail|[upkeep]
|-damage|p1a: Landorus|35/100|[from] Hail
|-heal|p2a: Forretress|42/100 brn|[from] item: Leftovers
|-damage|p2a: Forretress|30/100 brn|[from] brn
|upkeep
|turn|27
|
|t:|1733325766
|move|p1a: Landorus|U-turn|p2a: Forretress
|-resisted|p2a: Forretress
|-damage|p2a: Forretress|23/100 brn
|
|t:|1733325769
|switch|p1a: Jellicent|Jellicent, F, shiny|95/100|[from] U-turn
|-damage|p1a: Jellicent|82/100|[from] Stealth Rock
|-damage|p1a: Jellicent|58/100|[from] Spikes
|move|p2a: Forretress|Rapid Spin|p1a: Jellicent
|-immune|p1a: Jellicent
|
|-weather|Hail|[upkeep]
|-damage|p1a: Jellicent|51/100|[from] Hail
|-heal|p1a: Jellicent|58/100|[from] item: Leftovers
|-heal|p2a: Forretress|30/100 brn|[from] item: Leftovers
|-damage|p2a: Forretress|17/100 brn|[from] brn
|upkeep
|turn|28
|
|t:|1733325786
|move|p1a: Jellicent|Recover|p1a: Jellicent
|-heal|p1a: Jellicent|100/100
|move|p2a: Forretress|Gyro Ball|p1a: Jellicent
|-resisted|p1a: Jellicent
|-damage|p1a: Jellicent|95/100
|
|-weather|Hail|[upkeep]
|-damage|p1a: Jellicent|89/100|[from] Hail
|-heal|p1a: Jellicent|95/100|[from] item: Leftovers
|-heal|p2a: Forretress|23/100 brn|[from] item: Leftovers
|-damage|p2a: Forretress|11/100 brn|[from] brn
|upkeep
|turn|29
|
|t:|1733325798
|move|p1a: Jellicent|Night Shade|p2a: Forretress
|-damage|p2a: Forretress|0 fnt
|faint|p2a: Forretress
|
|-weather|Hail|[upkeep]
|-damage|p1a: Jellicent|89/100|[from] Hail
|-heal|p1a: Jellicent|95/100|[from] item: Leftovers
|upkeep
|
|t:|1733325809
|switch|p2a: Gliscor|Gliscor, M|100/100 tox
|-damage|p2a: Gliscor|88/100 tox|[from] Stealth Rock
|turn|30
|
|t:|1733325813
|move|p1a: Jellicent|Taunt|p2a: Gliscor
|-start|p2a: Gliscor|move: Taunt
|move|p2a: Gliscor|Knock Off|p1a: Jellicent
|-supereffective|p1a: Jellicent
|-damage|p1a: Jellicent|87/100
|-enditem|p1a: Jellicent|Leftovers|[from] move: Knock Off|[of] p2a: Gliscor
|
|-weather|Hail|[upkeep]
|-damage|p1a: Jellicent|80/100|[from] Hail
|-damage|p2a: Gliscor|82/100 tox|[from] Hail
|-heal|p2a: Gliscor|94/100 tox|[from] ability: Poison Heal
|upkeep
|turn|31
|
|t:|1733325844
|switch|p1a: Landorus|Landorus-Therian, M|35/100
|-damage|p1a: Landorus|23/100|[from] Stealth Rock
|-ability|p1a: Landorus|Intimidate|boost
|-unboost|p2a: Gliscor|atk|1
|move|p2a: Gliscor|Earthquake|p1a: Landorus
|-immune|p1a: Landorus
|
|-weather|Hail|[upkeep]
|-damage|p1a: Landorus|17/100|[from] Hail
|-damage|p2a: Gliscor|88/100 tox|[from] Hail
|-heal|p2a: Gliscor|100/100 tox|[from] ability: Poison Heal
|upkeep
|turn|32
|inactive|Battle timer is ON: inactive players will automatically lose when time's up. (requested by Dean Tyoowon)
|
|t:|1733325868
|move|p1a: Landorus|U-turn|p2a: Gliscor
|-resisted|p2a: Gliscor
|-damage|p2a: Gliscor|91/100 tox
|
|t:|1733325874
|switch|p1a: Jellicent|Jellicent, F, shiny|80/100|[from] U-turn
|-damage|p1a: Jellicent|68/100|[from] Stealth Rock
|-damage|p1a: Jellicent|43/100|[from] Spikes
|move|p2a: Gliscor|Knock Off|p1a: Jellicent
|-supereffective|p1a: Jellicent
|-damage|p1a: Jellicent|36/100
|
|-weather|Hail|[upkeep]
|-damage|p1a: Jellicent|30/100|[from] Hail
|-damage|p2a: Gliscor|85/100 tox|[from] Hail
|-heal|p2a: Gliscor|98/100 tox|[from] ability: Poison Heal
|-end|p2a: Gliscor|move: Taunt
|upkeep
|turn|33
|
|t:|1733325894
|move|p1a: Jellicent|Recover|p1a: Jellicent
|-heal|p1a: Jellicent|80/100
|move|p2a: Gliscor|Earthquake|p1a: Jellicent
|-damage|p1a: Jellicent|59/100
|
|-weather|Hail|[upkeep]
|-damage|p1a: Jellicent|53/100|[from] Hail
|-damage|p2a: Gliscor|91/100 tox|[from] Hail
|-heal|p2a: Gliscor|100/100 tox|[from] ability: Poison Heal
|upkeep
|turn|34
|
|t:|1733325904
|move|p1a: Jellicent|Night Shade|p2a: Gliscor
|-damage|p2a: Gliscor|72/100 tox
|move|p2a: Gliscor|Earthquake|p1a: Jellicent
|-damage|p1a: Jellicent|33/100
|
|-weather|Hail|[upkeep]
|-damage|p1a: Jellicent|27/100|[from] Hail
|-damage|p2a: Gliscor|66/100 tox|[from] Hail
|-heal|p2a: Gliscor|78/100 tox|[from] ability: Poison Heal
|upkeep
|turn|35
|
|t:|1733325915
|move|p1a: Jellicent|Recover|p1a: Jellicent
|-heal|p1a: Jellicent|77/100
|move|p2a: Gliscor|Earthquake|p1a: Jellicent
|-damage|p1a: Jellicent|54/100
|
|-weather|Hail|[upkeep]
|-damage|p1a: Jellicent|47/100|[from] Hail
|-damage|p2a: Gliscor|72/100 tox|[from] Hail
|-heal|p2a: Gliscor|85/100 tox|[from] ability: Poison Heal
|upkeep
|turn|36
|inactive|Harmonnia has 120 seconds left.
|
|t:|1733325939
|move|p1a: Jellicent|Recover|p1a: Jellicent
|-heal|p1a: Jellicent|98/100
|move|p2a: Gliscor|Earthquake|p1a: Jellicent
|-damage|p1a: Jellicent|77/100
|
|-weather|Hail|[upkeep]
|-damage|p1a: Jellicent|70/100|[from] Hail
|-damage|p2a: Gliscor|78/100 tox|[from] Hail
|-heal|p2a: Gliscor|91/100 tox|[from] ability: Poison Heal
|upkeep
|turn|37
|inactive|Harmonnia has 120 seconds left.
|
|t:|1733325968
|move|p1a: Jellicent|Night Shade|p2a: Gliscor
|-damage|p2a: Gliscor|63/100 tox
|move|p2a: Gliscor|Earthquake|p1a: Jellicent
|-damage|p1a: Jellicent|50/100
|
|-weather|Hail|[upkeep]
|-damage|p1a: Jellicent|43/100|[from] Hail
|-damage|p2a: Gliscor|56/100 tox|[from] Hail
|-heal|p2a: Gliscor|69/100 tox|[from] ability: Poison Heal
|upkeep
|turn|38
|inactive|Harmonnia has 90 seconds left.
|
|t:|1733326000
|move|p1a: Jellicent|Recover|p1a: Jellicent
|-heal|p1a: Jellicent|94/100
|move|p2a: Gliscor|Earthquake|p1a: Jellicent
|-damage|p1a: Jellicent|72/100
|
|-weather|Hail|[upkeep]
|-damage|p1a: Jellicent|66/100|[from] Hail
|-damage|p2a: Gliscor|63/100 tox|[from] Hail
|-heal|p2a: Gliscor|75/100 tox|[from] ability: Poison Heal
|upkeep
|turn|39
|inactive|Harmonnia has 90 seconds left.
|
|t:|1733326023
|switch|p2a: Reuniclus|Reuniclus, F|100/100
|move|p1a: Jellicent|Night Shade|p2a: Reuniclus
|-damage|p2a: Reuniclus|77/100
|
|-weather|Hail|[upkeep]
|-damage|p1a: Jellicent|60/100|[from] Hail
|-heal|p2a: Reuniclus|83/100|[from] item: Leftovers
|upkeep
|turn|40
|
|t:|1733326036
|switch|p2a: Gliscor|Gliscor, M|75/100 tox
|-damage|p2a: Gliscor|63/100 tox|[from] Stealth Rock
|move|p1a: Jellicent|Taunt|p2a: Gliscor
|-start|p2a: Gliscor|move: Taunt
|
|-weather|Hail|[upkeep]
|-damage|p1a: Jellicent|54/100|[from] Hail
|-damage|p2a: Gliscor|56/100 tox|[from] Hail
|-heal|p2a: Gliscor|69/100 tox|[from] ability: Poison Heal
|upkeep
|turn|41
|
|t:|1733326047
|move|p1a: Jellicent|Night Shade|p2a: Gliscor
|-damage|p2a: Gliscor|41/100 tox
|move|p2a: Gliscor|Earthquake|p1a: Jellicent
|-damage|p1a: Jellicent|22/100
|
|-weather|Hail|[upkeep]
|-damage|p1a: Jellicent|15/100|[from] Hail
|-damage|p2a: Gliscor|34/100 tox|[from] Hail
|-heal|p2a: Gliscor|47/100 tox|[from] ability: Poison Heal
|upkeep
|turn|42
|
|t:|1733326058
|move|p1a: Jellicent|Recover|p1a: Jellicent
|-heal|p1a: Jellicent|66/100
|move|p2a: Gliscor|Earthquake|p1a: Jellicent
|-damage|p1a: Jellicent|35/100
|
|-weather|Hail|[upkeep]
|-damage|p1a: Jellicent|29/100|[from] Hail
|-damage|p2a: Gliscor|41/100 tox|[from] Hail
|-heal|p2a: Gliscor|53/100 tox|[from] ability: Poison Heal
|-end|p2a: Gliscor|move: Taunt
|upkeep
|turn|43
|
|t:|1733326070
|move|p1a: Jellicent|Recover|p1a: Jellicent
|-heal|p1a: Jellicent|79/100
|move|p2a: Gliscor|Earthquake|p1a: Jellicent
|-damage|p1a: Jellicent|45/100
|
|-weather|Hail|[upkeep]
|-damage|p1a: Jellicent|39/100|[from] Hail
|-damage|p2a: Gliscor|47/100 tox|[from] Hail
|-heal|p2a: Gliscor|59/100 tox|[from] ability: Poison Heal
|upkeep
|turn|44
|
|t:|1733326082
|move|p1a: Jellicent|Recover|p1a: Jellicent
|-heal|p1a: Jellicent|89/100
|move|p2a: Gliscor|Knock Off|p1a: Jellicent
|-supereffective|p1a: Jellicent
|-damage|p1a: Jellicent|80/100
|
|-weather|Hail|[upkeep]
|-damage|p1a: Jellicent|74/100|[from] Hail
|-damage|p2a: Gliscor|53/100 tox|[from] Hail
|-heal|p2a: Gliscor|65/100 tox|[from] ability: Poison Heal
|upkeep
|turn|45
|
|t:|1733326093
|move|p1a: Jellicent|Night Shade|p2a: Gliscor
|-damage|p2a: Gliscor|37/100 tox
|move|p2a: Gliscor|Knock Off|p1a: Jellicent
|-supereffective|p1a: Jellicent
|-damage|p1a: Jellicent|66/100
|
|-weather|Hail|[upkeep]
|-damage|p1a: Jellicent|60/100|[from] Hail
|-damage|p2a: Gliscor|31/100 tox|[from] Hail
|-heal|p2a: Gliscor|43/100 tox|[from] ability: Poison Heal
|upkeep
|turn|46
|
|t:|1733326103
|move|p2a: Gliscor|Protect|p2a: Gliscor
|-singleturn|p2a: Gliscor|Protect
|move|p1a: Jellicent|Night Shade|p2a: Gliscor
|-activate|p2a: Gliscor|move: Protect
|
|-weather|Hail|[upkeep]
|-damage|p1a: Jellicent|53/100|[from] Hail
|-damage|p2a: Gliscor|37/100 tox|[from] Hail
|-heal|p2a: Gliscor|50/100 tox|[from] ability: Poison Heal
|upkeep
|turn|47
|
|t:|1733326113
|move|p1a: Jellicent|Night Shade|p2a: Gliscor
|-damage|p2a: Gliscor|21/100 tox
|move|p2a: Gliscor|Earthquake|p1a: Jellicent
|-damage|p1a: Jellicent|23/100
|
|-weather|Hail|[upkeep]
|-damage|p1a: Jellicent|17/100|[from] Hail
|-damage|p2a: Gliscor|15/100 tox|[from] Hail
|-heal|p2a: Gliscor|28/100 tox|[from] ability: Poison Heal
|upkeep
|turn|48
|
|t:|1733326124
|move|p1a: Jellicent|Recover|p1a: Jellicent
|-heal|p1a: Jellicent|67/100
|move|p2a: Gliscor|Earthquake|p1a: Jellicent
|-damage|p1a: Jellicent|35/100
|
|-weather|Hail|[upkeep]
|-damage|p1a: Jellicent|29/100|[from] Hail
|-damage|p2a: Gliscor|21/100 tox|[from] Hail
|-heal|p2a: Gliscor|34/100 tox|[from] ability: Poison Heal
|upkeep
|turn|49
|
|t:|1733326135
|move|p2a: Gliscor|Protect|p2a: Gliscor
|-singleturn|p2a: Gliscor|Protect
|move|p1a: Jellicent|Night Shade|p2a: Gliscor
|-activate|p2a: Gliscor|move: Protect
|
|-weather|Hail|[upkeep]
|-damage|p1a: Jellicent|23/100|[from] Hail
|-damage|p2a: Gliscor|28/100 tox|[from] Hail
|-heal|p2a: Gliscor|40/100 tox|[from] ability: Poison Heal
|upkeep
|turn|50
|
|t:|1733326148
|move|p1a: Jellicent|Recover|p1a: Jellicent
|-heal|p1a: Jellicent|73/100
|move|p2a: Gliscor|Earthquake|p1a: Jellicent
|-crit|p1a: Jellicent
|-damage|p1a: Jellicent|7/100
|
|-weather|Hail|[upkeep]
|-damage|p1a: Jellicent|1/100|[from] Hail
|-damage|p2a: Gliscor|34/100 tox|[from] Hail
|-heal|p2a: Gliscor|46/100 tox|[from] ability: Poison Heal
|upkeep
|turn|51
|
|t:|1733326158
|move|p1a: Jellicent|Recover|p1a: Jellicent
|-heal|p1a: Jellicent|51/100
|move|p2a: Gliscor|Earthquake|p1a: Jellicent
|-damage|p1a: Jellicent|17/100
|
|-weather|Hail|[upkeep]
|-damage|p1a: Jellicent|11/100|[from] Hail
|-damage|p2a: Gliscor|40/100 tox|[from] Hail
|-heal|p2a: Gliscor|52/100 tox|[from] ability: Poison Heal
|upkeep
|turn|52
|
|t:|1733326169
|move|p1a: Jellicent|Recover|p1a: Jellicent
|-heal|p1a: Jellicent|61/100
|move|p2a: Gliscor|Earthquake|p1a: Jellicent
|-damage|p1a: Jellicent|28/100
|
|-weather|Hail|[upkeep]
|-damage|p1a: Jellicent|21/100|[from] Hail
|-damage|p2a: Gliscor|46/100 tox|[from] Hail
|-heal|p2a: Gliscor|59/100 tox|[from] ability: Poison Heal
|upkeep
|turn|53
|
|t:|1733326180
|move|p1a: Jellicent|Recover|p1a: Jellicent
|-heal|p1a: Jellicent|71/100
|move|p2a: Gliscor|Knock Off|p1a: Jellicent
|-supereffective|p1a: Jellicent
|-damage|p1a: Jellicent|62/100
|
|-weather|Hail|[upkeep]
|-damage|p1a: Jellicent|55/100|[from] Hail
|-damage|p2a: Gliscor|52/100 tox|[from] Hail
|-heal|p2a: Gliscor|65/100 tox|[from] ability: Poison Heal
|upkeep
|turn|54
|
|t:|1733326193
|switch|p1a: Heatran|Heatran, F|84/100
|-damage|p1a: Heatran|71/100|[from] Stealth Rock
|-damage|p1a: Heatran|47/100|[from] Spikes
|move|p2a: Gliscor|Knock Off|p1a: Heatran
|-resisted|p1a: Heatran
|-crit|p1a: Heatran
|-damage|p1a: Heatran|43/100
|-enditem|p1a: Heatran|Leftovers|[from] move: Knock Off|[of] p2a: Gliscor
|
|-weather|Hail|[upkeep]
|-damage|p1a: Heatran|37/100|[from] Hail
|-damage|p2a: Gliscor|59/100 tox|[from] Hail
|-heal|p2a: Gliscor|71/100 tox|[from] ability: Poison Heal
|upkeep
|turn|55
|
|t:|1733326207
|move|p2a: Gliscor|Knock Off|p1a: Heatran
|-resisted|p1a: Heatran
|-damage|p1a: Heatran|35/100
|move|p1a: Heatran|Roar|p2a: Gliscor
|drag|p2a: Abomasnow|Abomasnow, F|63/100
|-damage|p2a: Abomasnow|38/100|[from] Stealth Rock
|-damage|p2a: Abomasnow|22/100|[from] Spikes
|
|-weather|Hail|[upkeep]
|-damage|p1a: Heatran|28/100|[from] Hail
|-heal|p2a: Abomasnow|28/100|[from] item: Leftovers
|upkeep
|turn|56
|
|t:|1733326220
|move|p2a: Abomasnow|Protect|p2a: Abomasnow
|-singleturn|p2a: Abomasnow|Protect
|move|p1a: Heatran|Lava Plume|p2a: Abomasnow
|-activate|p2a: Abomasnow|move: Protect
|
|-weather|Hail|[upkeep]
|-damage|p1a: Heatran|22/100|[from] Hail
|-heal|p2a: Abomasnow|34/100|[from] item: Leftovers
|upkeep
|turn|57
|
|t:|1733326236
|switch|p2a: Latios|Latios, M|100/100
|-damage|p2a: Latios|88/100|[from] Stealth Rock
|move|p1a: Heatran|Roar|p2a: Latios
|drag|p2a: Abomasnow|Abomasnow, F|34/100
|-damage|p2a: Abomasnow|9/100|[from] Stealth Rock
|-damage|p2a: Abomasnow|0 fnt|[from] Spikes
|faint|p2a: Abomasnow
|
|-weather|Hail|[upkeep]
|-damage|p1a: Heatran|16/100|[from] Hail
|upkeep
|
|t:|1733326251
|switch|p2a: Latios|Latios, M|88/100
|-damage|p2a: Latios|76/100|[from] Stealth Rock
|turn|58
|
|t:|1733326256
|move|p1a: Heatran|Protect|p1a: Heatran
|-singleturn|p1a: Heatran|Protect
|move|p2a: Latios|Draco Meteor|p1a: Heatran
|-activate|p1a: Heatran|move: Protect
|
|-weather|Hail|[upkeep]
|-damage|p2a: Latios|70/100|[from] Hail
|-damage|p1a: Heatran|10/100|[from] Hail
|upkeep
|turn|59
|
|t:|1733326266
|move|p2a: Latios|Draco Meteor|p1a: Heatran
|-resisted|p1a: Heatran
|-damage|p1a: Heatran|0 fnt
|-unboost|p2a: Latios|spa|2
|faint|p1a: Heatran
|
|-weather|Hail|[upkeep]
|-damage|p2a: Latios|64/100|[from] Hail
|upkeep
|
|t:|1733326276
|switch|p1a: Scizor|Scizor, F|64/100
|-damage|p1a: Scizor|52/100|[from] Stealth Rock
|-damage|p1a: Scizor|27/100|[from] Spikes
|turn|60
|inactive|Harmonnia has 90 seconds left.
|
|t:|1733326288
|move|p1a: Scizor|Bullet Punch|p2a: Latios
|-damage|p2a: Latios|0 fnt
|faint|p2a: Latios
|
|-weather|Hail|[upkeep]
|-damage|p1a: Scizor|21/100|[from] Hail
|upkeep
|
|t:|1733326296
|switch|p2a: Gliscor|Gliscor, M|71/100 tox
|-damage|p2a: Gliscor|59/100 tox|[from] Stealth Rock
|turn|61
|inactive|Harmonnia has 90 seconds left.
|
|t:|1733326301
|move|p1a: Scizor|Bullet Punch|p2a: Gliscor
|-damage|p2a: Gliscor|24/100 tox
|move|p2a: Gliscor|Knock Off|p1a: Scizor
|-resisted|p1a: Scizor
|-damage|p1a: Scizor|18/100
|-enditem|p1a: Scizor|Choice Band|[from] move: Knock Off|[of] p2a: Gliscor
|
|-weather|Hail|[upkeep]
|-damage|p2a: Gliscor|17/100 tox|[from] Hail
|-damage|p1a: Scizor|12/100|[from] Hail
|-heal|p2a: Gliscor|30/100 tox|[from] ability: Poison Heal
|upkeep
|turn|62
|inactive|Harmonnia has 90 seconds left.
|
|t:|1733326312
|move|p2a: Gliscor|Protect|p2a: Gliscor
|-singleturn|p2a: Gliscor|Protect
|move|p1a: Scizor|Bullet Punch|p2a: Gliscor
|-activate|p2a: Gliscor|move: Protect
|
|-weather|Hail|[upkeep]
|-damage|p2a: Gliscor|24/100 tox|[from] Hail
|-damage|p1a: Scizor|6/100|[from] Hail
|-heal|p2a: Gliscor|36/100 tox|[from] ability: Poison Heal
|upkeep
|turn|63
|inactive|Harmonnia has 90 seconds left.
|
|t:|1733326325
|move|p1a: Scizor|Bullet Punch|p2a: Gliscor
|-damage|p2a: Gliscor|11/100 tox
|move|p2a: Gliscor|Knock Off|p1a: Scizor
|-resisted|p1a: Scizor
|-damage|p1a: Scizor|4/100
|
|-weather|Hail|[upkeep]
|-damage|p2a: Gliscor|4/100 tox|[from] Hail
|-damage|p1a: Scizor|0 fnt|[from] Hail
|faint|p1a: Scizor
|-heal|p2a: Gliscor|17/100 tox|[from] ability: Poison Heal
|upkeep
|
|t:|1733326334
|switch|p1a: Landorus|Landorus-Therian, M|17/100
|-damage|p1a: Landorus|4/100|[from] Stealth Rock
|-ability|p1a: Landorus|Intimidate|boost
|-unboost|p2a: Gliscor|atk|1
|turn|64
|
|t:|1733326340
|move|p2a: Gliscor|Protect|p2a: Gliscor
|-singleturn|p2a: Gliscor|Protect
|move|p1a: Landorus|Hidden Power|p2a: Gliscor
|-activate|p2a: Gliscor|move: Protect
|
|-weather|Hail|[upkeep]
|-damage|p1a: Landorus|0 fnt|[from] Hail
|-damage|p2a: Gliscor|11/100 tox|[from] Hail
|faint|p1a: Landorus
|-heal|p2a: Gliscor|23/100 tox|[from] ability: Poison Heal
|upkeep
|
|t:|1733326349
|switch|p1a: Jellicent|Jellicent, F, shiny|55/100
|-damage|p1a: Jellicent|43/100|[from] Stealth Rock
|-damage|p1a: Jellicent|18/100|[from] Spikes
|turn|65
|
|t:|1733326356
|move|p1a: Jellicent|Night Shade|p2a: Gliscor
|-damage|p2a: Gliscor|0 fnt
|faint|p2a: Gliscor
|
|-weather|Hail|[upkeep]
|-damage|p1a: Jellicent|12/100|[from] Hail
|upkeep
|
|t:|1733326362
|switch|p2a: Reuniclus|Reuniclus, F|83/100
|turn|66
|
|t:|1733326366
|move|p1a: Jellicent|Recover|p1a: Jellicent
|-heal|p1a: Jellicent|62/100
|move|p2a: Reuniclus|Psyshock|p1a: Jellicent
|-damage|p1a: Jellicent|32/100
|
|-weather|Hail|[upkeep]
|-damage|p1a: Jellicent|26/100|[from] Hail
|-heal|p2a: Reuniclus|89/100|[from] item: Leftovers
|upkeep
|turn|67
|
|t:|1733326376
|move|p1a: Jellicent|Night Shade|p2a: Reuniclus
|-damage|p2a: Reuniclus|66/100
|move|p2a: Reuniclus|Psyshock|p1a: Jellicent
|-damage|p1a: Jellicent|0 fnt
|faint|p1a: Jellicent
|
|win|Harmonnia
|raw|Dean Tyoowon's rating: 1340 &rarr; <strong>1318</strong><br />(-22 for losing)
|raw|Harmonnia's rating: 1301 &rarr; <strong>1323</strong><br />(+22 for winning)
|l|☆Dean Tyoowon
|player|p1|
|c|☆Harmonnia|gg
