|j|☆Draco Bombers
|j|☆torinoko city
|t:|1711923708
|gametype|singles
|player|p1|Draco Bombers|brendan-gen3|1343
|player|p2|torinoko city|miku-flying|1472
|teamsize|p1|6
|teamsize|p2|6
|gen|5
|tier|[Gen 5] OU
|rated|
|rule|Species Clause: Limit one of each Pokémon
|rule|OHKO Clause: OHKO moves are banned
|rule|Moody Clause: Moody is banned
|rule|Evasion Items Clause: Evasion items are banned
|rule|Evasion Moves Clause: Evasion moves are banned
|rule|Endless Battle Clause: Forcing endless battles is banned
|rule|HP Percentage Mod: HP is shown in percentages
|rule|Evasion Abilities Clause: Evasion abilities are banned
|rule|Sleep Moves Clause: Sleep-inducing moves are banned
|rule|Swagger Clause: Swagger is banned
|rule|Baton Pass Stat Clause: No Baton Passer may have a way to boost its stats
|clearpoke
|poke|p1|Tyranitar, M|item
|poke|p1|Mamoswine, F|item
|poke|p1|Keldeo|item
|poke|p1|Amoonguss, F|item
|poke|p1|Gliscor, F|item
|poke|p1|Excadrill, M|item
|poke|p2|Politoed, F|item
|poke|p2|Starmie|item
|poke|p2|Azumarill, M|item
|poke|p2|Volcarona, M|item
|poke|p2|Garchomp, F|item
|poke|p2|Jirachi|item
|teampreview
|inactive|Battle timer is ON: inactive players will automatically lose when time's up. (requested by torinoko city)
|c|☆Draco Bombers|Oh hi alice
|c|☆Draco Bombers|this is mario
|inactive|Draco Bombers has 120 seconds left.
|c|☆torinoko city|hi!!!!
|c|☆Draco Bombers|happy easter
|c|☆Draco Bombers|i see azumarill
|
|t:|1711923756
|start
|switch|p1a: Amoonguss|Amoonguss, F|100/100
|switch|p2a: Easter Froggy|Politoed, F|100/100
|-weather|RainDance|[from] ability: Drizzle|[of] p2a: Easter Froggy
|turn|1
|c|☆torinoko city|its easter yes!!
|
|t:|1711923769
|move|p2a: Easter Froggy|Ice Beam|p1a: Amoonguss
|-supereffective|p1a: Amoonguss
|-damage|p1a: Amoonguss|44/100
|-status|p1a: Amoonguss|frz
|cant|p1a: Amoonguss|frz
|
|-weather|RainDance|[upkeep]
|-heal|p1a: Amoonguss|50/100 frz|[from] item: Black Sludge
|upkeep
|turn|2
|
|t:|1711923779
|switch|p2a: Jesus Christ|Volcarona, M|100/100
|switch|p1a: Tyranitar|Tyranitar, M|100/100
|-weather|Sandstorm|[from] ability: Sand Stream|[of] p1a: Tyranitar
|
|-weather|Sandstorm|[upkeep]
|-damage|p2a: Jesus Christ|94/100|[from] Sandstorm
|upkeep
|turn|3
|
|t:|1711923790
|switch|p2a: Easter Froggy|Politoed, F|100/100
|-weather|RainDance|[from] ability: Drizzle|[of] p2a: Easter Froggy
|move|p1a: Tyranitar|Crunch|p2a: Easter Froggy
|-damage|p2a: Easter Froggy|57/100
|
|-weather|RainDance|[upkeep]
|upkeep
|turn|4
|
|t:|1711923800
|switch|p1a: Amoonguss|Amoonguss, F|83/100 frz
|move|p2a: Easter Froggy|Hydro Pump|p1a: Amoonguss
|-resisted|p1a: Amoonguss
|-damage|p1a: Amoonguss|39/100 frz
|
|-weather|RainDance|[upkeep]
|-heal|p1a: Amoonguss|45/100 frz|[from] item: Black Sludge
|upkeep
|turn|5
|
|t:|1711923807
|move|p2a: Easter Froggy|Hydro Pump|p1a: Amoonguss
|-resisted|p1a: Amoonguss
|-damage|p1a: Amoonguss|7/100 frz
|cant|p1a: Amoonguss|frz
|
|-weather|RainDance|[upkeep]
|-heal|p1a: Amoonguss|13/100 frz|[from] item: Black Sludge
|upkeep
|turn|6
|
|t:|1711923812
|move|p2a: Easter Froggy|Hydro Pump|p1a: Amoonguss
|-resisted|p1a: Amoonguss
|-damage|p1a: Amoonguss|0 fnt
|faint|p1a: Amoonguss
|
|-weather|RainDance|[upkeep]
|upkeep
|
|t:|1711923821
|switch|p1a: Tyranitar|Tyranitar, M|100/100
|-weather|Sandstorm|[from] ability: Sand Stream|[of] p1a: Tyranitar
|turn|7
|
|t:|1711923826
|-activate|p2a: Easter Froggy|move: Pursuit
|move|p1a: Tyranitar|Pursuit|p2a: Easter Froggy|[from]Pursuit
|-damage|p2a: Easter Froggy|8/100
|switch|p2a: Hazard Lead|Garchomp, F|100/100
|
|-weather|Sandstorm|[upkeep]
|upkeep
|turn|8
|
|t:|1711923834
|move|p2a: Hazard Lead|Stealth Rock|p1a: Tyranitar
|-sidestart|p1: Draco Bombers|move: Stealth Rock
|move|p1a: Tyranitar|Ice Beam|p2a: Hazard Lead
|-supereffective|p2a: Hazard Lead
|-damage|p2a: Hazard Lead|14/100
|
|-weather|Sandstorm|[upkeep]
|upkeep
|turn|9
|
|t:|1711923842
|switch|p1a: Gliscor|Gliscor, F|100/100
|-damage|p1a: Gliscor|88/100|[from] Stealth Rock
|move|p2a: Hazard Lead|Outrage|p1a: Gliscor
|-damage|p1a: Gliscor|45/100
|
|-weather|Sandstorm|[upkeep]
|-status|p1a: Gliscor|tox|[from] item: Toxic Orb
|upkeep
|turn|10
|
|t:|1711923849
|switch|p1a: Excadrill|Excadrill, M|100/100
|-damage|p1a: Excadrill|97/100|[from] Stealth Rock
|move|p2a: Hazard Lead|Outrage|p1a: Excadrill|[from]lockedmove
|-resisted|p1a: Excadrill
|-damage|p1a: Excadrill|61/100
|
|-weather|Sandstorm|[upkeep]
|-heal|p1a: Excadrill|67/100|[from] item: Leftovers
|upkeep
|turn|11
|
|t:|1711923861
|move|p2a: Hazard Lead|Outrage|p1a: Excadrill|[from]lockedmove
|-resisted|p1a: Excadrill
|-damage|p1a: Excadrill|27/100
|-start|p2a: Hazard Lead|confusion|[fatigue]
|-enditem|p2a: Hazard Lead|Lum Berry|[eat]
|-end|p2a: Hazard Lead|confusion
|move|p1a: Excadrill|Earthquake|p2a: Hazard Lead
|-damage|p2a: Hazard Lead|0 fnt
|faint|p2a: Hazard Lead
|
|-weather|Sandstorm|[upkeep]
|-heal|p1a: Excadrill|33/100|[from] item: Leftovers
|upkeep
|
|t:|1711923877
|switch|p2a: Crucifixion|Starmie|100/100
|-item|p2a: Crucifixion|Air Balloon
|turn|12
|
|t:|1711923881
|move|p1a: Excadrill|Protect|p1a: Excadrill
|-singleturn|p1a: Excadrill|Protect
|move|p2a: Crucifixion|Ice Beam|p1a: Excadrill
|-activate|p1a: Excadrill|move: Protect
|
|-weather|Sandstorm|[upkeep]
|-damage|p2a: Crucifixion|94/100|[from] Sandstorm
|-heal|p1a: Excadrill|39/100|[from] item: Leftovers
|upkeep
|turn|13
|
|t:|1711923888
|move|p2a: Crucifixion|Hydro Pump|p1a: Excadrill|[miss]
|-miss|p2a: Crucifixion|p1a: Excadrill
|move|p1a: Excadrill|Iron Head|p2a: Crucifixion
|-resisted|p2a: Crucifixion
|-damage|p2a: Crucifixion|60/100
|-enditem|p2a: Crucifixion|Air Balloon
|
|-weather|Sandstorm|[upkeep]
|-damage|p2a: Crucifixion|54/100|[from] Sandstorm
|-heal|p1a: Excadrill|45/100|[from] item: Leftovers
|upkeep
|turn|14
|
|t:|1711923918
|switch|p1a: Gliscor|Gliscor, F|45/100 tox
|-damage|p1a: Gliscor|32/100 tox|[from] Stealth Rock
|move|p2a: Crucifixion|Hydro Pump|p1a: Gliscor
|-supereffective|p1a: Gliscor
|-damage|p1a: Gliscor|0 fnt
|faint|p1a: Gliscor
|
|-weather|Sandstorm|[upkeep]
|-damage|p2a: Crucifixion|48/100|[from] Sandstorm
|upkeep
|
|t:|1711923924
|switch|p1a: Tyranitar|Tyranitar, M|100/100
|-damage|p1a: Tyranitar|88/100|[from] Stealth Rock
|turn|15
|
|t:|1711923929
|move|p2a: Crucifixion|Hydro Pump|p1a: Tyranitar
|-supereffective|p1a: Tyranitar
|-damage|p1a: Tyranitar|38/100
|move|p1a: Tyranitar|Pursuit|p2a: Crucifixion
|-supereffective|p2a: Crucifixion
|-damage|p2a: Crucifixion|0 fnt
|faint|p2a: Crucifixion
|
|-weather|Sandstorm|[upkeep]
|upkeep
|
|t:|1711923938
|switch|p2a: Jesus Christ|Volcarona, M|94/100
|turn|16
|
|t:|1711923943
|switch|p1a: Keldeo|Keldeo|100/100
|-damage|p1a: Keldeo|94/100|[from] Stealth Rock
|move|p2a: Jesus Christ|Quiver Dance|p2a: Jesus Christ
|-boost|p2a: Jesus Christ|spa|1
|-boost|p2a: Jesus Christ|spd|1
|-boost|p2a: Jesus Christ|spe|1
|
|-weather|Sandstorm|[upkeep]
|-damage|p2a: Jesus Christ|88/100|[from] Sandstorm
|-damage|p1a: Keldeo|88/100|[from] Sandstorm
|-heal|p1a: Keldeo|94/100|[from] item: Leftovers
|upkeep
|turn|17
|
|t:|1711923950
|move|p2a: Jesus Christ|Hurricane|p1a: Keldeo|[miss]
|-miss|p2a: Jesus Christ|p1a: Keldeo
|move|p1a: Keldeo|Scald|p2a: Jesus Christ
|-supereffective|p2a: Jesus Christ
|-damage|p2a: Jesus Christ|35/100
|
|-weather|Sandstorm|[upkeep]
|-damage|p2a: Jesus Christ|29/100|[from] Sandstorm
|-damage|p1a: Keldeo|88/100|[from] Sandstorm
|-heal|p1a: Keldeo|94/100|[from] item: Leftovers
|upkeep
|turn|18
|
|t:|1711923972
|switch|p1a: Excadrill|Excadrill, M|45/100
|-damage|p1a: Excadrill|42/100|[from] Stealth Rock
|move|p2a: Jesus Christ|Hurricane|p1a: Excadrill
|-resisted|p1a: Excadrill
|-damage|p1a: Excadrill|6/100
|
|-weather|Sandstorm|[upkeep]
|-damage|p2a: Jesus Christ|23/100|[from] Sandstorm
|-heal|p1a: Excadrill|12/100|[from] item: Leftovers
|upkeep
|turn|19
|
|t:|1711923980
|move|p1a: Excadrill|Protect|p1a: Excadrill
|-singleturn|p1a: Excadrill|Protect
|move|p2a: Jesus Christ|Bug Buzz|p1a: Excadrill
|-activate|p1a: Excadrill|move: Protect
|
|-weather|Sandstorm|[upkeep]
|-damage|p2a: Jesus Christ|17/100|[from] Sandstorm
|-heal|p1a: Excadrill|18/100|[from] item: Leftovers
|upkeep
|turn|20
|
|t:|1711923986
|move|p1a: Excadrill|Protect|p1a: Excadrill
|-singleturn|p1a: Excadrill|Protect
|move|p2a: Jesus Christ|Bug Buzz|p1a: Excadrill
|-activate|p1a: Excadrill|move: Protect
|
|-weather|Sandstorm|[upkeep]
|-damage|p2a: Jesus Christ|11/100|[from] Sandstorm
|-heal|p1a: Excadrill|24/100|[from] item: Leftovers
|upkeep
|turn|21
|inactive|Draco Bombers has 120 seconds left.
|
|t:|1711924042
|switch|p1a: Tyranitar|Tyranitar, M|38/100
|-damage|p1a: Tyranitar|25/100|[from] Stealth Rock
|move|p2a: Jesus Christ|Hidden Power|p1a: Tyranitar
|-supereffective|p1a: Tyranitar
|-damage|p1a: Tyranitar|0 fnt
|faint|p1a: Tyranitar
|
|-weather|Sandstorm|[upkeep]
|-damage|p2a: Jesus Christ|4/100|[from] Sandstorm
|upkeep
|
|t:|1711924048
|switch|p1a: Excadrill|Excadrill, M|24/100
|-damage|p1a: Excadrill|21/100|[from] Stealth Rock
|turn|22
|c|☆Draco Bombers|hp fighting volc?
|
|t:|1711924060
|switch|p2a: Easter Froggy|Politoed, F|8/100
|-weather|RainDance|[from] ability: Drizzle|[of] p2a: Easter Froggy
|move|p1a: Excadrill|Protect||[still]
|-fail|p1a: Excadrill
|
|-weather|RainDance|[upkeep]
|-heal|p1a: Excadrill|28/100|[from] item: Leftovers
|upkeep
|turn|23
|
|t:|1711924066
|switch|p1a: Keldeo|Keldeo|94/100
|-damage|p1a: Keldeo|88/100|[from] Stealth Rock
|move|p2a: Easter Froggy|Scald|p1a: Keldeo
|-resisted|p1a: Keldeo
|-damage|p1a: Keldeo|42/100
|
|-weather|RainDance|[upkeep]
|-heal|p1a: Keldeo|48/100|[from] item: Leftovers
|upkeep
|turn|24
|c|☆torinoko city|water because its rain volc
|c|☆Draco Bombers|ah ok
|
|t:|1711924081
|move|p1a: Keldeo|Secret Sword|p2a: Easter Froggy
|-damage|p2a: Easter Froggy|0 fnt
|faint|p2a: Easter Froggy
|
|-weather|RainDance|[upkeep]
|-heal|p1a: Keldeo|55/100|[from] item: Leftovers
|upkeep
|
|t:|1711924092
|switch|p2a: Easter Egg|Azumarill, M|100/100
|turn|25
|
|t:|1711924107
|move|p1a: Keldeo|Secret Sword|p2a: Easter Egg
|-damage|p2a: Easter Egg|57/100
|move|p2a: Easter Egg|Waterfall|p1a: Keldeo
|-resisted|p1a: Keldeo
|-damage|p1a: Keldeo|0 fnt
|faint|p1a: Keldeo
|
|-weather|RainDance|[upkeep]
|upkeep
|j| hdsfdsfds
|inactive|Draco Bombers has 90 seconds left.
|c|☆Draco Bombers|Gg
|c|☆torinoko city|gg
|c| hdsfdsfds|spl?
|c|☆Draco Bombers|i think if i hit a protect
|c|☆Draco Bombers|no
|c|☆Draco Bombers|this is ladder
|inactive|Draco Bombers has 60 seconds left.
|c| hdsfdsfds|cool team alice
|c|☆torinoko city|thank you
|c| hdsfdsfds|did you take drizzy and change dnite
|c| hdsfdsfds|lol
|c|☆Draco Bombers|is this cow
|c| hdsfdsfds|yah
|c|☆Draco Bombers|mario
|inactive|Draco Bombers has 30 seconds left.
|
|t:|1711924183
|switch|p1a: Mamoswine|Mamoswine, F|100/100
|-damage|p1a: Mamoswine|88/100|[from] Stealth Rock
|turn|26
|c|☆torinoko city|no this is an edited version of a team i had with sciz over rachi
|
|t:|1711924189
|switch|p2a: Jesus Christ|Volcarona, M|4/100
|move|p1a: Mamoswine|Ice Shard|p2a: Jesus Christ
|-resisted|p2a: Jesus Christ
|-damage|p2a: Jesus Christ|0 fnt
|faint|p2a: Jesus Christ
|
|-weather|RainDance|[upkeep]
|upkeep
|j| dscrdgg/tyy9zcuuqk
|
|t:|1711924192
|switch|p2a: Easter Egg|Azumarill, M|57/100
|turn|27
|c| hdsfdsfds|oh right
|c| hdsfdsfds|its really cool
|c|☆torinoko city|for easter
|
|t:|1711924203
|move|p1a: Mamoswine|Ice Shard|p2a: Easter Egg
|-resisted|p2a: Easter Egg
|-damage|p2a: Easter Egg|39/100
|move|p2a: Easter Egg|Aqua Jet|p1a: Mamoswine
|-supereffective|p1a: Mamoswine
|-damage|p1a: Mamoswine|0 fnt
|faint|p1a: Mamoswine
|
|-weather|RainDance|[upkeep]
|upkeep
|
|t:|1711924209
|switch|p1a: Excadrill|Excadrill, M|28/100
|-damage|p1a: Excadrill|24/100|[from] Stealth Rock
|turn|28
|
|t:|1711924212
|move|p1a: Excadrill|Protect|p1a: Excadrill
|-singleturn|p1a: Excadrill|Protect
|move|p2a: Easter Egg|Aqua Jet|p1a: Excadrill
|-activate|p1a: Excadrill|move: Protect
|
|-weather|RainDance|[upkeep]
|-heal|p1a: Excadrill|31/100|[from] item: Leftovers
|upkeep
|turn|29
|c| hdsfdsfds|we saving easter with this one
|
|t:|1711924217
|move|p1a: Excadrill|Protect|p1a: Excadrill
|-singleturn|p1a: Excadrill|Protect
|move|p2a: Easter Egg|Aqua Jet|p1a: Excadrill
|-activate|p1a: Excadrill|move: Protect
|
|-weather|RainDance|[upkeep]
|-heal|p1a: Excadrill|37/100|[from] item: Leftovers
|upkeep
|turn|30
|inactive|Draco Bombers has 60 seconds left.
|c|☆Draco Bombers|the easter bunny daving da rap game
|
|t:|1711924234
|move|p2a: Easter Egg|Aqua Jet|p1a: Excadrill
|-supereffective|p1a: Excadrill
|-damage|p1a: Excadrill|0 fnt
|faint|p1a: Excadrill
|
|win|torinoko city
|raw|Draco Bombers's rating: 1343 &rarr; <strong>1330</strong><br />(-13 for losing)
|raw|torinoko city's rating: 1472 &rarr; <strong>1485</strong><br />(+13 for winning)
|c|☆torinoko city|gg
