|j|☆i Love Srn
|j|☆Folga1
|player|p1|i Love Srn|292|1326
|player|p2|Folga1|2|1444
|teamsize|p1|6
|teamsize|p2|6
|gametype|singles
|gen|5
|tier|[Gen 5] OU
|rated|
|rule|Sleep Clause Mod: Limit one foe put to sleep
|rule|Species Clause: Limit one of each Pokémon
|rule|OHKO Clause: OHKO moves are banned
|rule|Moody Clause: Moody is banned
|rule|Evasion Moves Clause: Evasion moves are banned
|rule|Endless Battle Clause: Forcing endless battles is banned
|rule|HP Percentage Mod: HP is shown in percentages
|rule|Evasion Abilities Clause: Evasion abilities are banned
|rule|Baton Pass Clause: Limit one Baton Passer, can't pass Spe and other stats simultaneously
|rule|Swagger Clause: Swagger is banned
|clearpoke
|poke|p1|Tyranitar, F|item
|poke|p1|Skarmory, M|item
|poke|p1|Amoonguss, F|item
|poke|p1|Jellicent, F|item
|poke|p1|Alakazam, M|item
|poke|p1|Garchomp, F|item
|poke|p2|Alakazam, F|item
|poke|p2|Latios, M|item
|poke|p2|Ferrothorn, F|item
|poke|p2|Landorus-Therian, M|item
|poke|p2|Excadrill, M|item
|poke|p2|Tyranitar, M|item
|teampreview
|inactive|Battle timer is ON: inactive players will automatically lose when time's up. (requested by i Love Srn)
|
|start
|switch|p1a: Jellicent|Jellicent, F, shiny|100/100
|switch|p2a: Landorus|Landorus-Therian, M|100/100
|-ability|p2a: Landorus|Intimidate|boost
|-unboost|p1a: Jellicent|atk|1
|turn|1
|
|move|p2a: Landorus|U-turn|p1a: Jellicent
|-resisted|p1a: Jellicent
|-damage|p1a: Jellicent|88/100
|
|switch|p2a: Ferrothorn|Ferrothorn, F|100/100|[from]move: U-turn
|move|p1a: Jellicent|Will-O-Wisp|p2a: Ferrothorn
|-status|p2a: Ferrothorn|brn
|
|-heal|p1a: Jellicent|95/100|[from] item: Leftovers
|-damage|p2a: Ferrothorn|88/100 brn|[from] brn
|upkeep
|turn|2
|
|move|p1a: Jellicent|Taunt|p2a: Ferrothorn
|-start|p2a: Ferrothorn|move: Taunt
|cant|p2a: Ferrothorn|move: Taunt|Spikes
|
|-heal|p1a: Jellicent|100/100|[from] item: Leftovers
|-heal|p2a: Ferrothorn|94/100 brn|[from] item: Leftovers
|-damage|p2a: Ferrothorn|82/100 brn|[from] brn
|upkeep
|turn|3
|
|move|p1a: Jellicent|Scald|p2a: Ferrothorn
|-resisted|p2a: Ferrothorn
|-damage|p2a: Ferrothorn|74/100 brn
|move|p2a: Ferrothorn|Gyro Ball|p1a: Jellicent
|-resisted|p1a: Jellicent
|-damage|p1a: Jellicent|93/100
|
|-heal|p1a: Jellicent|99/100|[from] item: Leftovers
|-heal|p2a: Ferrothorn|80/100 brn|[from] item: Leftovers
|-damage|p2a: Ferrothorn|67/100 brn|[from] brn
|upkeep
|turn|4
|
|switch|p2a: Tyranitar|Tyranitar, M|100/100
|-weather|Sandstorm|[from] ability: Sand Stream|[of] p2a: Tyranitar
|move|p1a: Jellicent|Scald|p2a: Tyranitar
|-supereffective|p2a: Tyranitar
|-damage|p2a: Tyranitar|68/100
|-status|p2a: Tyranitar|brn
|
|-weather|Sandstorm|[upkeep]
|-damage|p1a: Jellicent|93/100|[from] Sandstorm
|-heal|p1a: Jellicent|99/100|[from] item: Leftovers
|-damage|p2a: Tyranitar|56/100 brn|[from] brn
|upkeep
|turn|5
|
|move|p2a: Tyranitar|Stealth Rock|p1a: Jellicent
|-sidestart|p1: i Love Srn|move: Stealth Rock
|move|p1a: Jellicent|Scald|p2a: Tyranitar
|-supereffective|p2a: Tyranitar
|-damage|p2a: Tyranitar|24/100 brn
|
|-weather|Sandstorm|[upkeep]
|-damage|p1a: Jellicent|93/100|[from] Sandstorm
|-heal|p1a: Jellicent|99/100|[from] item: Leftovers
|-damage|p2a: Tyranitar|12/100 brn|[from] brn
|upkeep
|turn|6
|
|move|p2a: Tyranitar|Crunch|p1a: Jellicent
|-supereffective|p1a: Jellicent
|-damage|p1a: Jellicent|55/100
|move|p1a: Jellicent|Recover|p1a: Jellicent
|-heal|p1a: Jellicent|100/100
|
|-weather|Sandstorm|[upkeep]
|-damage|p1a: Jellicent|94/100|[from] Sandstorm
|-heal|p1a: Jellicent|100/100|[from] item: Leftovers
|-damage|p2a: Tyranitar|0 fnt|[from] brn
|faint|p2a: Tyranitar
|upkeep
|
|switch|p2a: Latios|Latios, M|100/100
|turn|7
|
|switch|p1a: Tyranitar|Tyranitar, F|100/100
|-damage|p1a: Tyranitar|88/100|[from] Stealth Rock
|move|p2a: Latios|Draco Meteor|p1a: Tyranitar
|-damage|p1a: Tyranitar|31/100
|-unboost|p2a: Latios|spa|2
|
|-weather|Sandstorm|[upkeep]
|-damage|p2a: Latios|95/100|[from] Sandstorm
|upkeep
|turn|8
|
|move|p2a: Latios|Draco Meteor|p1a: Tyranitar
|-crit|p1a: Tyranitar
|-damage|p1a: Tyranitar|0 fnt
|-unboost|p2a: Latios|spa|2
|faint|p1a: Tyranitar
|
|-weather|Sandstorm|[upkeep]
|-damage|p2a: Latios|89/100|[from] Sandstorm
|upkeep
|
|switch|p1a: Alakazam|Alakazam, M|100/100
|turn|9
|
|switch|p2a: Ferrothorn|Ferrothorn, F|67/100 brn
|move|p1a: Alakazam|Focus Blast|p2a: Ferrothorn|[miss]
|-miss|p1a: Alakazam|p2a: Ferrothorn
|
|-weather|Sandstorm|[upkeep]
|-heal|p2a: Ferrothorn|73/100 brn|[from] item: Leftovers
|-damage|p2a: Ferrothorn|61/100 brn|[from] brn
|upkeep
|turn|10
|
|move|p1a: Alakazam|Focus Blast|p2a: Ferrothorn|[miss]
|-miss|p1a: Alakazam|p2a: Ferrothorn
|move|p2a: Ferrothorn|Gyro Ball|p1a: Alakazam
|-damage|p1a: Alakazam|40/100
|
|-weather|Sandstorm|[upkeep]
|-heal|p2a: Ferrothorn|67/100 brn|[from] item: Leftovers
|-damage|p2a: Ferrothorn|55/100 brn|[from] brn
|upkeep
|turn|11
|c|☆i Love Srn|ofc
|c|☆i Love Srn|lucky and bad
|c|☆i Love Srn|starts getting rng
|
|switch|p2a: Landorus|Landorus-Therian, M|100/100
|-ability|p2a: Landorus|Intimidate|boost
|-unboost|p1a: Alakazam|atk|1
|move|p1a: Alakazam|Focus Blast|p2a: Landorus
|-resisted|p2a: Landorus
|-damage|p2a: Landorus|71/100
|-unboost|p2a: Landorus|spd|1
|
|-weather|Sandstorm|[upkeep]
|upkeep
|turn|12
|
|switch|p1a: Skarmory|Skarmory, M|100/100
|-damage|p1a: Skarmory|88/100|[from] Stealth Rock
|move|p2a: Landorus|U-turn|p1a: Skarmory
|-resisted|p1a: Skarmory
|-damage|p1a: Skarmory|83/100
|
|switch|p2a: Latios|Latios, M|89/100|[from]move: U-turn
|
|-weather|Sandstorm|[upkeep]
|-damage|p2a: Latios|83/100|[from] Sandstorm
|-heal|p1a: Skarmory|89/100|[from] item: Leftovers
|upkeep
|turn|13
|
|move|p2a: Latios|Draco Meteor|p1a: Skarmory
|-resisted|p1a: Skarmory
|-damage|p1a: Skarmory|39/100
|-unboost|p2a: Latios|spa|2
|move|p1a: Skarmory|Roost|p1a: Skarmory
|-heal|p1a: Skarmory|89/100
|-singleturn|p1a: Skarmory|move: Roost
|
|-weather|Sandstorm|[upkeep]
|-damage|p2a: Latios|77/100|[from] Sandstorm
|-heal|p1a: Skarmory|95/100|[from] item: Leftovers
|upkeep
|turn|14
|inactive|Folga1 has 120 seconds left.
|
|switch|p2a: Alakazam|Alakazam, F|100/100
|move|p1a: Skarmory|Spikes|p2a: Alakazam
|-sidestart|p2: Folga1|Spikes
|
|-weather|Sandstorm|[upkeep]
|-heal|p1a: Skarmory|100/100|[from] item: Leftovers
|upkeep
|turn|15
|inactive|Folga1 has 120 seconds left.
|
|move|p2a: Alakazam|Focus Blast|p1a: Skarmory
|-damage|p1a: Skarmory|57/100
|move|p1a: Skarmory|Brave Bird|p2a: Alakazam
|-damage|p2a: Alakazam|12/100
|-damage|p1a: Skarmory|35/100|[from] Recoil
|
|-weather|Sandstorm|[upkeep]
|-heal|p1a: Skarmory|41/100|[from] item: Leftovers
|upkeep
|turn|16
|inactive|Folga1 has 120 seconds left.
|
|switch|p1a: Garchomp|Garchomp, F|100/100
|-damage|p1a: Garchomp|94/100|[from] Stealth Rock
|move|p2a: Alakazam|Shadow Ball|p1a: Garchomp
|-damage|p1a: Garchomp|63/100
|
|-weather|Sandstorm|[upkeep]
|upkeep
|turn|17
|
|switch|p2a: Landorus|Landorus-Therian, M|71/100
|-ability|p2a: Landorus|Intimidate|boost
|-unboost|p1a: Garchomp|atk|1
|move|p1a: Garchomp|Dual Chop|p2a: Landorus|[miss]
|-miss|p1a: Garchomp|p2a: Landorus
|
|-weather|Sandstorm|[upkeep]
|upkeep
|turn|18
|c|☆i Love Srn|LMFAO
|c|☆i Love Srn|trash players always get rewarded
|
|switch|p1a: Skarmory|Skarmory, M|41/100
|-damage|p1a: Skarmory|28/100|[from] Stealth Rock
|move|p2a: Landorus|Hidden Power|p1a: Skarmory
|-damage|p1a: Skarmory|14/100
|
|-weather|Sandstorm|[upkeep]
|-heal|p1a: Skarmory|20/100|[from] item: Leftovers
|upkeep
|turn|19
|inactive|Folga1 has 90 seconds left.
|
|switch|p2a: Latios|Latios, M|77/100
|move|p1a: Skarmory|Roost|p1a: Skarmory
|-heal|p1a: Skarmory|70/100
|-singleturn|p1a: Skarmory|move: Roost
|
|-weather|Sandstorm|[upkeep]
|-damage|p2a: Latios|71/100|[from] Sandstorm
|-heal|p1a: Skarmory|76/100|[from] item: Leftovers
|upkeep
|turn|20
|inactive|Folga1 has 90 seconds left.
|
|switch|p1a: Amoonguss|Amoonguss, F|100/100
|-damage|p1a: Amoonguss|88/100|[from] Stealth Rock
|move|p2a: Latios|Surf|p1a: Amoonguss
|-resisted|p1a: Amoonguss
|-damage|p1a: Amoonguss|72/100
|
|-weather|Sandstorm|[upkeep]
|-damage|p2a: Latios|65/100|[from] Sandstorm
|-damage|p1a: Amoonguss|66/100|[from] Sandstorm
|-heal|p1a: Amoonguss|72/100|[from] item: Black Sludge
|upkeep
|turn|21
|inactive|Folga1 has 90 seconds left.
|
|switch|p2a: Ferrothorn|Ferrothorn, F|55/100 brn
|-damage|p2a: Ferrothorn|43/100 brn|[from] Spikes
|move|p1a: Amoonguss|Hidden Power|p2a: Ferrothorn
|-supereffective|p2a: Ferrothorn
|-damage|p2a: Ferrothorn|0 fnt
|faint|p2a: Ferrothorn
|
|-weather|Sandstorm|[upkeep]
|-damage|p1a: Amoonguss|66/100|[from] Sandstorm
|-heal|p1a: Amoonguss|72/100|[from] item: Black Sludge
|upkeep
|inactive|Folga1 has 90 seconds left.
|
|switch|p2a: Latios|Latios, M|65/100
|turn|22
|inactive|Folga1 has 90 seconds left.
|
|move|p2a: Latios|Psyshock|p1a: Amoonguss
|-supereffective|p1a: Amoonguss
|-damage|p1a: Amoonguss|0 fnt
|faint|p1a: Amoonguss
|
|-weather|Sandstorm|[upkeep]
|-damage|p2a: Latios|59/100|[from] Sandstorm
|upkeep
|
|switch|p1a: Garchomp|Garchomp, F|63/100
|-damage|p1a: Garchomp|57/100|[from] Stealth Rock
|turn|23
|
|switch|p2a: Landorus|Landorus-Therian, M|71/100
|-ability|p2a: Landorus|Intimidate|boost
|-unboost|p1a: Garchomp|atk|1
|move|p1a: Garchomp|Dual Chop|p2a: Landorus
|-damage|p2a: Landorus|54/100
|-damage|p2a: Landorus|37/100
|-hitcount|p2a: Landorus|2
|
|-weather|Sandstorm|[upkeep]
|upkeep
|turn|24
|
|switch|p1a: Jellicent|Jellicent, F, shiny|100/100
|-damage|p1a: Jellicent|88/100|[from] Stealth Rock
|move|p2a: Landorus|U-turn|p1a: Jellicent
|-resisted|p1a: Jellicent
|-damage|p1a: Jellicent|76/100
|inactive|Folga1 has 90 seconds left.
|
|switch|p2a: Latios|Latios, M|59/100|[from]move: U-turn
|
|-weather|Sandstorm|[upkeep]
|-damage|p2a: Latios|53/100|[from] Sandstorm
|-damage|p1a: Jellicent|69/100|[from] Sandstorm
|-heal|p1a: Jellicent|76/100|[from] item: Leftovers
|upkeep
|turn|25
|
|move|p2a: Latios|Draco Meteor|p1a: Jellicent
|-damage|p1a: Jellicent|0 fnt
|-unboost|p2a: Latios|spa|2
|faint|p1a: Jellicent
|
|-weather|Sandstorm|[upkeep]
|-damage|p2a: Latios|47/100|[from] Sandstorm
|upkeep
|
|switch|p1a: Garchomp|Garchomp, F|57/100
|-damage|p1a: Garchomp|51/100|[from] Stealth Rock
|turn|26
|inactive|Folga1 has 90 seconds left.
|
|switch|p2a: Landorus|Landorus-Therian, M|37/100
|-ability|p2a: Landorus|Intimidate|boost
|-unboost|p1a: Garchomp|atk|1
|move|p1a: Garchomp|Dual Chop|p2a: Landorus|[miss]
|-miss|p1a: Garchomp|p2a: Landorus
|
|-weather|Sandstorm|[upkeep]
|upkeep
|turn|27
|inactive|Folga1 has 90 seconds left.
|c|☆i Love Srn|ur actually
|c|☆i Love Srn|so lucky
|c|☆i Love Srn|and garbage
|
|switch|p1a: Skarmory|Skarmory, M|76/100
|-damage|p1a: Skarmory|64/100|[from] Stealth Rock
|move|p2a: Landorus|Hidden Power|p1a: Skarmory
|-damage|p1a: Skarmory|47/100
|
|-weather|Sandstorm|[upkeep]
|-heal|p1a: Skarmory|53/100|[from] item: Leftovers
|upkeep
|turn|28
|
|switch|p2a: Excadrill|Excadrill, M|100/100
|-damage|p2a: Excadrill|88/100|[from] Spikes
|-ability|p2a: Excadrill|Mold Breaker
|move|p1a: Skarmory|Roost|p1a: Skarmory
|-heal|p1a: Skarmory|100/100
|-singleturn|p1a: Skarmory|move: Roost
|
|-weather|Sandstorm|[upkeep]
|-heal|p2a: Excadrill|94/100|[from] item: Leftovers
|upkeep
|turn|29
|inactive|Folga1 has 60 seconds left.
|
|move|p2a: Excadrill|Swords Dance|p2a: Excadrill
|-boost|p2a: Excadrill|atk|2
|move|p1a: Skarmory|Brave Bird|p2a: Excadrill
|-resisted|p2a: Excadrill
|-damage|p2a: Excadrill|73/100
|-damage|p1a: Skarmory|92/100|[from] Recoil
|
|-weather|Sandstorm|[upkeep]
|-heal|p2a: Excadrill|79/100|[from] item: Leftovers
|-heal|p1a: Skarmory|98/100|[from] item: Leftovers
|upkeep
|turn|30
|inactive|Folga1 has 60 seconds left.
|
|move|p2a: Excadrill|Rock Slide|p1a: Skarmory|[miss]
|-miss|p2a: Excadrill|p1a: Skarmory
|move|p1a: Skarmory|Whirlwind|p2a: Excadrill
|drag|p2a: Latios|Latios, M|47/100
|
|-weather|Sandstorm|[upkeep]
|-damage|p2a: Latios|41/100|[from] Sandstorm
|-heal|p1a: Skarmory|100/100|[from] item: Leftovers
|upkeep
|turn|31
|inactive|Folga1 has 60 seconds left.
|
|move|p2a: Latios|Trick|p1a: Skarmory
|-activate|p2a: Latios|move: Trick|[of] p1a: Skarmory
|-item|p1a: Skarmory|Choice Specs|[from] move: Trick
|-item|p2a: Latios|Leftovers|[from] move: Trick
|move|p1a: Skarmory|Brave Bird|p2a: Latios
|-damage|p2a: Latios|0 fnt
|-damage|p1a: Skarmory|88/100|[from] Recoil
|faint|p2a: Latios
|
|-weather|Sandstorm|[upkeep]
|upkeep
|inactive|Folga1 has 60 seconds left.
|
|switch|p2a: Excadrill|Excadrill, M|79/100
|-damage|p2a: Excadrill|67/100|[from] Spikes
|-ability|p2a: Excadrill|Mold Breaker
|turn|32
|
|move|p2a: Excadrill|Swords Dance|p2a: Excadrill
|-boost|p2a: Excadrill|atk|2
|move|p1a: Skarmory|Brave Bird|p2a: Excadrill
|-resisted|p2a: Excadrill
|-crit|p2a: Excadrill
|-damage|p2a: Excadrill|21/100
|-damage|p1a: Skarmory|70/100|[from] Recoil
|
|-weather|Sandstorm|[upkeep]
|-heal|p2a: Excadrill|28/100|[from] item: Leftovers
|upkeep
|turn|33
|
|move|p2a: Excadrill|Rock Slide|p1a: Skarmory
|-damage|p1a: Skarmory|34/100
|cant|p1a: Skarmory|flinch
|
|-weather|Sandstorm|[upkeep]
|-heal|p2a: Excadrill|34/100|[from] item: Leftovers
|upkeep
|turn|34
|
|move|p2a: Excadrill|Rock Slide|p1a: Skarmory
|-damage|p1a: Skarmory|0 fnt
|faint|p1a: Skarmory
|
|-weather|Sandstorm|[upkeep]
|-heal|p2a: Excadrill|40/100|[from] item: Leftovers
|upkeep
|
|switch|p1a: Alakazam|Alakazam, M|40/100
|turn|35
|
|move|p1a: Alakazam|Focus Blast|p2a: Excadrill
|-supereffective|p2a: Excadrill
|-damage|p2a: Excadrill|0 fnt
|faint|p2a: Excadrill
|
|-weather|Sandstorm|[upkeep]
|upkeep
|
|switch|p2a: Landorus|Landorus-Therian, M|37/100
|-ability|p2a: Landorus|Intimidate|boost
|-unboost|p1a: Alakazam|atk|1
|turn|36
|
|move|p2a: Landorus|Earthquake|p1a: Alakazam
|-damage|p1a: Alakazam|0 fnt
|faint|p1a: Alakazam
|
|-weather|Sandstorm|[upkeep]
|upkeep
|
|switch|p1a: Garchomp|Garchomp, F|51/100
|-damage|p1a: Garchomp|44/100|[from] Stealth Rock
|turn|37
|inactive|Folga1 has 90 seconds left.
|
|switch|p2a: Alakazam|Alakazam, F|12/100
|move|p1a: Garchomp|Outrage|p2a: Alakazam
|-damage|p2a: Alakazam|0 fnt
|faint|p2a: Alakazam
|
|-weather|Sandstorm|[upkeep]
|upkeep
|
|switch|p2a: Landorus|Landorus-Therian, M|37/100
|-ability|p2a: Landorus|Intimidate|boost
|-unboost|p1a: Garchomp|atk|1
|turn|38
|
|move|p1a: Garchomp|Outrage|p2a: Landorus|[from]lockedmove
|-crit|p2a: Landorus
|-damage|p2a: Landorus|0 fnt
|-start|p1a: Garchomp|confusion|[fatigue]
|faint|p2a: Landorus
|
|win|i Love Srn
|raw|i Love Srn's rating: 1326 &rarr; <strong>1353</strong><br />(+27 for winning)
|raw|Folga1's rating: 1444 &rarr; <strong>1418</strong><br />(-26 for losing)
|c|☆i Love Srn|thank god
|l|☆Folga1
|c|☆i Love Srn|ur fucking garbage
