|j|☆Fouge
|j|☆CroCoeur
|player|p1|Fouge|224
|player|p2|CroCoeur|161
|teamsize|p1|6
|teamsize|p2|6
|gametype|singles
|gen|5
|tier|[Gen 5] OU
|rated|
|rule|Sleep Clause Mod: Limit one foe put to sleep
|rule|Species Clause: Limit one of each Pokémon
|rule|OHKO Clause: OHKO moves are banned
|rule|Moody Clause: Moody is banned
|rule|Evasion Moves Clause: Evasion moves are banned
|rule|Endless Battle Clause: Forcing endless battles is banned
|rule|HP Percentage Mod: HP is shown in percentages
|rule|Evasion Abilities Clause: Evasion abilities are banned
|rule|Baton Pass Clause: Limit one Baton Passer, can't pass Spe and other stats simultaneously
|rule|Swagger Clause: Swagger is banned
|clearpoke
|poke|p1|Tyranitar, M|item
|poke|p1|Volcarona, M|item
|poke|p1|Skarmory, M|item
|poke|p1|Slowbro, M|item
|poke|p1|Amoonguss, M|item
|poke|p1|Excadrill, M|item
|poke|p2|Politoed, M|item
|poke|p2|Vaporeon, F|item
|poke|p2|Celebi|item
|poke|p2|Ferrothorn, M|item
|poke|p2|Latios, M|item
|poke|p2|Jirachi|item
|teampreview
|inactive|Battle timer is ON: inactive players will automatically lose when time's up. (requested by CroCoeur)
|
|start
|switch|p1a: Skarmory|Skarmory, M|100/100
|switch|p2a: Politoed|Politoed, M|100/100
|-weather|RainDance|[from] ability: Drizzle|[of] p2a: Politoed
|turn|1
|
|switch|p1a: Amoonguss|Amoonguss, M|100/100
|move|p2a: Politoed|Hydro Pump|p1a: Amoonguss
|-resisted|p1a: Amoonguss
|-damage|p1a: Amoonguss|76/100
|
|-weather|RainDance|[upkeep]
|-heal|p1a: Amoonguss|82/100|[from] item: Black Sludge
|upkeep
|turn|2
|
|switch|p2a: Vaporeon|Vaporeon, F|100/100
|switch|p1a: Skarmory|Skarmory, M|100/100
|
|-weather|RainDance|[upkeep]
|upkeep
|turn|3
|
|move|p1a: Skarmory|Spikes|p2a: Vaporeon
|-sidestart|p2: CroCoeur|Spikes
|move|p2a: Vaporeon|Scald|p1a: Skarmory
|-damage|p1a: Skarmory|60/100
|-status|p1a: Skarmory|brn
|
|-weather|RainDance|[upkeep]
|-heal|p1a: Skarmory|66/100 brn|[from] item: Leftovers
|-damage|p1a: Skarmory|53/100 brn|[from] brn
|upkeep
|turn|4
|
|switch|p1a: Amoonguss|Amoonguss, M|100/100
|move|p2a: Vaporeon|Scald|p1a: Amoonguss
|-resisted|p1a: Amoonguss
|-damage|p1a: Amoonguss|85/100
|
|-weather|RainDance|[upkeep]
|-heal|p1a: Amoonguss|92/100|[from] item: Black Sludge
|upkeep
|turn|5
|
|move|p2a: Vaporeon|Scald|p1a: Amoonguss
|-resisted|p1a: Amoonguss
|-damage|p1a: Amoonguss|76/100
|move|p1a: Amoonguss|Giga Drain|p2a: Vaporeon
|-supereffective|p2a: Vaporeon
|-damage|p2a: Vaporeon|73/100
|-heal|p1a: Amoonguss|91/100|[from] drain|[of] p2a: Vaporeon
|
|-weather|RainDance|[upkeep]
|-heal|p2a: Vaporeon|79/100|[from] item: Leftovers
|-heal|p1a: Amoonguss|97/100|[from] item: Black Sludge
|upkeep
|turn|6
|
|move|p2a: Vaporeon|Scald|p1a: Amoonguss
|-resisted|p1a: Amoonguss
|-damage|p1a: Amoonguss|81/100
|move|p1a: Amoonguss|Giga Drain|p2a: Vaporeon
|-supereffective|p2a: Vaporeon
|-damage|p2a: Vaporeon|53/100
|-heal|p1a: Amoonguss|95/100|[from] drain|[of] p2a: Vaporeon
|
|-weather|RainDance|[upkeep]
|-heal|p2a: Vaporeon|59/100|[from] item: Leftovers
|-heal|p1a: Amoonguss|100/100|[from] item: Black Sludge
|upkeep
|turn|7
|
|switch|p1a: Tyranitar|Tyranitar, M|100/100
|-weather|Sandstorm|[from] ability: Sand Stream|[of] p1a: Tyranitar
|move|p2a: Vaporeon|Scald|p1a: Tyranitar
|-supereffective|p1a: Tyranitar
|-damage|p1a: Tyranitar|66/100
|
|-weather|Sandstorm|[upkeep]
|-damage|p2a: Vaporeon|53/100|[from] Sandstorm
|-heal|p2a: Vaporeon|59/100|[from] item: Leftovers
|upkeep
|turn|8
|
|move|p1a: Tyranitar|Stone Edge|p2a: Vaporeon|[miss]
|-miss|p1a: Tyranitar|p2a: Vaporeon
|move|p2a: Vaporeon|Scald|p1a: Tyranitar
|-supereffective|p1a: Tyranitar
|-damage|p1a: Tyranitar|27/100
|
|-weather|Sandstorm|[upkeep]
|-damage|p2a: Vaporeon|53/100|[from] Sandstorm
|-heal|p2a: Vaporeon|59/100|[from] item: Leftovers
|upkeep
|turn|9
|
|switch|p1a: Skarmory|Skarmory, M|53/100 brn
|switch|p2a: Ferrothorn|Ferrothorn, M|100/100
|-damage|p2a: Ferrothorn|88/100|[from] Spikes
|
|-weather|Sandstorm|[upkeep]
|-heal|p1a: Skarmory|59/100 brn|[from] item: Leftovers
|-heal|p2a: Ferrothorn|94/100|[from] item: Leftovers
|-damage|p1a: Skarmory|47/100 brn|[from] brn
|upkeep
|turn|10
|
|switch|p2a: Politoed|Politoed, M|100/100
|-damage|p2a: Politoed|88/100|[from] Spikes
|-weather|RainDance|[from] ability: Drizzle|[of] p2a: Politoed
|move|p1a: Skarmory|Spikes|p2a: Politoed
|-sidestart|p2: CroCoeur|Spikes
|
|-weather|RainDance|[upkeep]
|-heal|p1a: Skarmory|53/100 brn|[from] item: Leftovers
|-damage|p1a: Skarmory|41/100 brn|[from] brn
|upkeep
|turn|11
|
|switch|p1a: Amoonguss|Amoonguss, M|100/100
|move|p2a: Politoed|Ice Beam|p1a: Amoonguss
|-supereffective|p1a: Amoonguss
|-damage|p1a: Amoonguss|63/100
|
|-weather|RainDance|[upkeep]
|-heal|p1a: Amoonguss|69/100|[from] item: Black Sludge
|upkeep
|turn|12
|
|switch|p2a: Vaporeon|Vaporeon, F|59/100
|-damage|p2a: Vaporeon|42/100|[from] Spikes
|switch|p1a: Tyranitar|Tyranitar, M|27/100
|-weather|Sandstorm|[from] ability: Sand Stream|[of] p1a: Tyranitar
|
|-weather|Sandstorm|[upkeep]
|-damage|p2a: Vaporeon|36/100|[from] Sandstorm
|-heal|p2a: Vaporeon|42/100|[from] item: Leftovers
|upkeep
|turn|13
|
|-activate|p2a: Vaporeon|move: Pursuit
|move|p1a: Tyranitar|Pursuit|p2a: Vaporeon|[from]Pursuit
|-damage|p2a: Vaporeon|0 fnt
|faint|p2a: Vaporeon
|
|-weather|Sandstorm|[upkeep]
|upkeep
|
|switch|p2a: Ferrothorn|Ferrothorn, M|94/100
|-damage|p2a: Ferrothorn|78/100|[from] Spikes
|turn|14
|
|switch|p1a: Excadrill|Excadrill, M|100/100
|-ability|p1a: Excadrill|Mold Breaker
|move|p2a: Ferrothorn|Spikes|p1a: Excadrill
|-sidestart|p1: Fouge|Spikes
|
|-weather|Sandstorm|[upkeep]
|-heal|p2a: Ferrothorn|84/100|[from] item: Leftovers
|upkeep
|turn|15
|
|move|p1a: Excadrill|Stealth Rock|p2a: Ferrothorn
|-sidestart|p2: CroCoeur|move: Stealth Rock
|move|p2a: Ferrothorn|Leech Seed|p1a: Excadrill
|-start|p1a: Excadrill|move: Leech Seed
|
|-weather|Sandstorm|[upkeep]
|-heal|p2a: Ferrothorn|90/100|[from] item: Leftovers
|-damage|p1a: Excadrill|88/100|[from] Leech Seed|[of] p2a: Ferrothorn
|-heal|p2a: Ferrothorn|100/100|[silent]
|upkeep
|turn|16
|
|move|p1a: Excadrill|Rapid Spin|p2a: Ferrothorn
|-resisted|p2a: Ferrothorn
|-crit|p2a: Ferrothorn
|-damage|p2a: Ferrothorn|96/100
|-damage|p1a: Excadrill|76/100|[from] ability: Iron Barbs|[of] p2a: Ferrothorn
|-end|p1a: Excadrill|Leech Seed|[from] move: Rapid Spin|[of] p1a: Excadrill
|-sideend|p1: Fouge|Spikes|[from] move: Rapid Spin|[of] p1a: Excadrill
|move|p2a: Ferrothorn|Power Whip|p1a: Excadrill
|-damage|p1a: Excadrill|26/100
|
|-weather|Sandstorm|[upkeep]
|-heal|p1a: Excadrill|32/100|[from] item: Leftovers
|-heal|p2a: Ferrothorn|100/100|[from] item: Leftovers
|upkeep
|turn|17
|
|switch|p1a: Volcarona|Volcarona, M|100/100
|move|p2a: Ferrothorn|Leech Seed|p1a: Volcarona
|-start|p1a: Volcarona|move: Leech Seed
|
|-weather|Sandstorm|[upkeep]
|-damage|p1a: Volcarona|94/100|[from] Sandstorm
|-damage|p1a: Volcarona|82/100|[from] Leech Seed|[of] p2a: Ferrothorn
|upkeep
|turn|18
|
|switch|p2a: Latios|Latios, M|100/100
|-damage|p2a: Latios|88/100|[from] Stealth Rock
|move|p1a: Volcarona|Quiver Dance|p1a: Volcarona
|-boost|p1a: Volcarona|spa|1
|-boost|p1a: Volcarona|spd|1
|-boost|p1a: Volcarona|spe|1
|
|-weather|Sandstorm|[upkeep]
|-damage|p2a: Latios|82/100|[from] Sandstorm
|-damage|p1a: Volcarona|76/100|[from] Sandstorm
|-damage|p1a: Volcarona|63/100|[from] Leech Seed|[of] p2a: Latios
|-heal|p2a: Latios|96/100|[silent]
|upkeep
|turn|19
|j| Nthng Ls Mttrs
|
|move|p2a: Latios|Draco Meteor|p1a: Volcarona
|-damage|p1a: Volcarona|18/100
|-unboost|p2a: Latios|spa|2
|move|p1a: Volcarona|Bug Buzz|p2a: Latios
|-supereffective|p2a: Latios
|-damage|p2a: Latios|0 fnt
|faint|p2a: Latios
|
|-weather|Sandstorm|[upkeep]
|-damage|p1a: Volcarona|12/100|[from] Sandstorm
|upkeep
|
|switch|p2a: Politoed|Politoed, M|88/100
|-damage|p2a: Politoed|72/100|[from] Spikes
|-damage|p2a: Politoed|59/100|[from] Stealth Rock
|-weather|RainDance|[from] ability: Drizzle|[of] p2a: Politoed
|turn|20
|
|switch|p2a: Ferrothorn|Ferrothorn, M|100/100
|-damage|p2a: Ferrothorn|94/100|[from] Stealth Rock
|-damage|p2a: Ferrothorn|78/100|[from] Spikes
|move|p1a: Volcarona|Bug Buzz|p2a: Ferrothorn
|-damage|p2a: Ferrothorn|20/100
|
|-weather|RainDance|[upkeep]
|-heal|p2a: Ferrothorn|26/100|[from] item: Leftovers
|-damage|p1a: Volcarona|0 fnt|[from] Leech Seed|[of] p2a: Ferrothorn
|-heal|p2a: Ferrothorn|37/100|[silent]
|upkeep
|faint|p1a: Volcarona
|
|switch|p1a: Tyranitar|Tyranitar, M|27/100
|-weather|Sandstorm|[from] ability: Sand Stream|[of] p1a: Tyranitar
|turn|21
|
|move|p1a: Tyranitar|Fire Punch|p2a: Ferrothorn
|-supereffective|p2a: Ferrothorn
|-damage|p2a: Ferrothorn|0 fnt
|-damage|p1a: Tyranitar|15/100|[from] ability: Iron Barbs|[of] p2a: Ferrothorn
|faint|p2a: Ferrothorn
|
|-weather|Sandstorm|[upkeep]
|upkeep
|
|switch|p2a: Politoed|Politoed, M|59/100
|-damage|p2a: Politoed|47/100|[from] Stealth Rock
|-damage|p2a: Politoed|30/100|[from] Spikes
|-weather|RainDance|[from] ability: Drizzle|[of] p2a: Politoed
|turn|22
|
|switch|p2a: Celebi|Celebi|100/100
|-damage|p2a: Celebi|88/100|[from] Stealth Rock
|-damage|p2a: Celebi|72/100|[from] Spikes
|switch|p1a: Amoonguss|Amoonguss, M|100/100
|
|-weather|RainDance|[upkeep]
|-heal|p2a: Celebi|78/100|[from] item: Leftovers
|upkeep
|turn|23
|
|switch|p1a: Skarmory|Skarmory, M|41/100 brn
|move|p2a: Celebi|Psychic|p1a: Skarmory
|-resisted|p1a: Skarmory
|-damage|p1a: Skarmory|26/100 brn
|
|-weather|RainDance|[upkeep]
|-heal|p2a: Celebi|84/100|[from] item: Leftovers
|-heal|p1a: Skarmory|32/100 brn|[from] item: Leftovers
|-damage|p1a: Skarmory|20/100 brn|[from] brn
|upkeep
|turn|24
|
|switch|p2a: Jirachi|Jirachi|100/100
|-damage|p2a: Jirachi|94/100|[from] Stealth Rock
|-damage|p2a: Jirachi|78/100|[from] Spikes
|move|p1a: Skarmory|Roost|p1a: Skarmory
|-heal|p1a: Skarmory|70/100 brn
|
|-weather|RainDance|[upkeep]
|-heal|p2a: Jirachi|84/100|[from] item: Leftovers
|-heal|p1a: Skarmory|76/100 brn|[from] item: Leftovers
|-damage|p1a: Skarmory|64/100 brn|[from] brn
|upkeep
|turn|25
|
|switch|p1a: Excadrill|Excadrill, M|32/100
|-ability|p1a: Excadrill|Mold Breaker
|move|p2a: Jirachi|Substitute|p2a: Jirachi
|-start|p2a: Jirachi|Substitute
|-damage|p2a: Jirachi|59/100
|
|-weather|RainDance|[upkeep]
|-heal|p2a: Jirachi|65/100|[from] item: Leftovers
|-heal|p1a: Excadrill|39/100|[from] item: Leftovers
|upkeep
|turn|26
|
|move|p2a: Jirachi|Water Pulse|p1a: Excadrill
|-supereffective|p1a: Excadrill
|-damage|p1a: Excadrill|0 fnt
|faint|p1a: Excadrill
|
|-weather|RainDance|[upkeep]
|-heal|p2a: Jirachi|71/100|[from] item: Leftovers
|upkeep
|
|switch|p1a: Tyranitar|Tyranitar, M|15/100
|-weather|Sandstorm|[from] ability: Sand Stream|[of] p1a: Tyranitar
|turn|27
|inactive|Fouge has 120 seconds left.
|
|switch|p1a: Skarmory|Skarmory, M|64/100 brn
|move|p2a: Jirachi|Water Pulse|p1a: Skarmory
|-damage|p1a: Skarmory|51/100 brn
|
|-weather|Sandstorm|[upkeep]
|-heal|p2a: Jirachi|77/100|[from] item: Leftovers
|-heal|p1a: Skarmory|57/100 brn|[from] item: Leftovers
|-damage|p1a: Skarmory|45/100 brn|[from] brn
|upkeep
|turn|28
|
|move|p2a: Jirachi|Thunder|p1a: Skarmory
|-supereffective|p1a: Skarmory
|-damage|p1a: Skarmory|0 fnt
|faint|p1a: Skarmory
|
|-weather|Sandstorm|[upkeep]
|-heal|p2a: Jirachi|84/100|[from] item: Leftovers
|upkeep
|
|switch|p1a: Slowbro|Slowbro, M|100/100
|turn|29
|
|move|p2a: Jirachi|Thunder|p1a: Slowbro
|-supereffective|p1a: Slowbro
|-damage|p1a: Slowbro|40/100
|-status|p1a: Slowbro|par
|move|p1a: Slowbro|Scald|p2a: Jirachi
|-activate|p2a: Jirachi|Substitute|[damage]
|
|-weather|Sandstorm|[upkeep]
|-damage|p1a: Slowbro|33/100 par|[from] Sandstorm
|-heal|p2a: Jirachi|90/100|[from] item: Leftovers
|upkeep
|turn|30
|l| Nthng Ls Mttrs
|
|switch|p1a: Amoonguss|Amoonguss, M|100/100
|move|p2a: Jirachi|Calm Mind|p2a: Jirachi
|-boost|p2a: Jirachi|spa|1
|-boost|p2a: Jirachi|spd|1
|
|-weather|Sandstorm|[upkeep]
|-damage|p1a: Amoonguss|94/100|[from] Sandstorm
|-heal|p2a: Jirachi|96/100|[from] item: Leftovers
|-heal|p1a: Amoonguss|100/100|[from] item: Black Sludge
|upkeep
|turn|31
|
|move|p2a: Jirachi|Calm Mind|p2a: Jirachi
|-boost|p2a: Jirachi|spa|1
|-boost|p2a: Jirachi|spd|1
|move|p1a: Amoonguss|Hidden Power|p2a: Jirachi
|-supereffective|p2a: Jirachi
|-end|p2a: Jirachi|Substitute
|
|-weather|Sandstorm|[upkeep]
|-damage|p1a: Amoonguss|94/100|[from] Sandstorm
|-heal|p2a: Jirachi|100/100|[from] item: Leftovers
|-heal|p1a: Amoonguss|100/100|[from] item: Black Sludge
|upkeep
|turn|32
|
|move|p2a: Jirachi|Substitute|p2a: Jirachi
|-start|p2a: Jirachi|Substitute
|-damage|p2a: Jirachi|75/100
|move|p1a: Amoonguss|Hidden Power|p2a: Jirachi
|-supereffective|p2a: Jirachi
|-activate|p2a: Jirachi|Substitute|[damage]
|
|-weather|Sandstorm|[upkeep]
|-damage|p1a: Amoonguss|94/100|[from] Sandstorm
|-heal|p2a: Jirachi|82/100|[from] item: Leftovers
|-heal|p1a: Amoonguss|100/100|[from] item: Black Sludge
|upkeep
|turn|33
|
|move|p2a: Jirachi|Calm Mind|p2a: Jirachi
|-boost|p2a: Jirachi|spa|1
|-boost|p2a: Jirachi|spd|1
|move|p1a: Amoonguss|Hidden Power|p2a: Jirachi
|-supereffective|p2a: Jirachi
|-activate|p2a: Jirachi|Substitute|[damage]
|
|-weather|Sandstorm|[upkeep]
|-damage|p1a: Amoonguss|94/100|[from] Sandstorm
|-heal|p2a: Jirachi|88/100|[from] item: Leftovers
|-heal|p1a: Amoonguss|100/100|[from] item: Black Sludge
|upkeep
|turn|34
|-message|Fouge forfeited.
|
|win|CroCoeur
|l|☆Fouge
|raw|Fouge's rating: 1502 &rarr; <strong>1473</strong><br />(-29 for losing)
|raw|CroCoeur's rating: 1332 &rarr; <strong>1361</strong><br />(+29 for winning)
