|join|Figufgyu
|join|chimps
|player|p1|Figufgyu|2
|player|p2|chimps|262
|gametype|singles
|gen|5
|tier|[Gen 5] OU
|rated
|rule|Evasion Abilities Clause: Evasion abilities are banned
|clearpoke
|poke|p1|Politoed, F
|poke|p1|Ferrothorn, F
|poke|p1|Toxicroak, M
|poke|p1|Jellicent, M
|poke|p1|Breloom, F
|poke|p1|Dragonite, M
|poke|p2|Infernape, M
|poke|p2|Gengar, F
|poke|p2|Espeon, M
|poke|p2|Ferrothorn, M
|poke|p2|Dragonite, M
|poke|p2|Umbreon, M
|rule|Sleep Clause Mod: Limit one foe put to sleep
|rule|Species Clause: Limit one of each Pokemon
|rule|OHKO Clause: OHKO moves are banned
|rule|Moody Clause: Moody is banned
|rule|Evasion Moves Clause: Evasion moves are banned
|rule|Endless Battle Clause: Forcing endless battles is banned.
|rule|HP Percentage Mod: HP is reported as percentages
|teampreview
|
|start
|switch|p1a: Politoed|Politoed, F|321/321
|switch|p2a: Ferrothorn|Ferrothorn, M|310/310
|-weather|RainDance|[from] ability: Drizzle|[of] p1a: Politoed
|turn|1
|
|switch|p1a: Breloom|Breloom, F|262/262
|move|p2a: Ferrothorn|Stealth Rock|p1a: Breloom
|-sidestart|p1: Figufgyu|move: Stealth Rock
|
|-weather|RainDance|[upkeep]
|turn|2
|
|switch|p2a: Gengar|Gengar, F|262/262
|move|p1a: Breloom|Substitute|p1a: Breloom
|-start|p1a: Breloom|Substitute
|-damage|p1a: Breloom|197/262
|
|-weather|RainDance|[upkeep]
|turn|3
|join|Sound of Freedom
|
|move|p2a: Gengar|Shadow Ball|p1a: Breloom
|-end|p1a: Breloom|Substitute
|move|p1a: Breloom|Spore|p2a: Gengar
|-status|p2a: Gengar|slp
|
|-weather|RainDance|[upkeep]
|turn|4
|chat|Sound of Freedom|lost again
|leave|Sound of Freedom
|chat|chimps|who's this
|
|switch|p2a: Espeon|Espeon, M|272/272
|move|p1a: Breloom|Substitute|p1a: Breloom
|-start|p1a: Breloom|Substitute
|-damage|p1a: Breloom|132/262
|
|-weather|RainDance|[upkeep]
|turn|5
|
|move|p2a: Espeon|Psychic|p1a: Breloom
|-supereffective|p1a: Breloom
|-end|p1a: Breloom|Substitute
|move|p1a: Breloom|Bullet Seed|p2a: Espeon
|-damage|p2a: Espeon|151/272
|-damage|p2a: Espeon|45/272
|-hitcount|p2a: Espeon|2
|
|-weather|RainDance|[upkeep]
|turn|6
|
|switch|p1a: Ferrothorn|Ferrothorn, F|352/352
|-damage|p1a: Ferrothorn|330/352|[from] Stealth Rock
|move|p2a: Espeon|Psychic|p1a: Ferrothorn
|-resisted|p1a: Ferrothorn
|-damage|p1a: Ferrothorn|264/352
|
|-weather|RainDance|[upkeep]
|-heal|p1a: Ferrothorn|286/352|[from] item: Leftovers
|turn|7
|
|switch|p2a: Dragonite|Dragonite, M|324/324
|move|p1a: Ferrothorn|Power Whip|p2a: Dragonite
|-crit|p2a: Dragonite
|-resisted|p2a: Dragonite
|-damage|p2a: Dragonite|287/324
|
|-weather|RainDance|[upkeep]
|-heal|p2a: Dragonite|307/324|[from] item: Leftovers
|-heal|p1a: Ferrothorn|308/352|[from] item: Leftovers
|turn|8
|
|move|p2a: Dragonite|Substitute|p2a: Dragonite
|-start|p2a: Dragonite|Substitute
|-damage|p2a: Dragonite|226/324
|move|p1a: Ferrothorn|Leech Seed|p2a: Dragonite
|
|-weather|RainDance|[upkeep]
|-heal|p2a: Dragonite|246/324|[from] item: Leftovers
|-heal|p1a: Ferrothorn|330/352|[from] item: Leftovers
|turn|9
|
|switch|p1a: Politoed|Politoed, F|321/321
|-damage|p1a: Politoed|281/321|[from] Stealth Rock
|move|p2a: Dragonite|Dragon Dance|p2a: Dragonite
|-boost|p2a: Dragonite|atk|1
|-boost|p2a: Dragonite|spe|1
|
|-weather|RainDance|[upkeep]
|-heal|p2a: Dragonite|266/324|[from] item: Leftovers
|turn|10
|
|move|p2a: Dragonite|Dragon Claw|p1a: Politoed
|-damage|p1a: Politoed|0 fnt
|faint|p1a: Politoed
|
|-weather|RainDance|[upkeep]
|-heal|p2a: Dragonite|286/324|[from] item: Leftovers
|
|switch|p1a: Jellicent|Jellicent, M|404/404
|-damage|p1a: Jellicent|354/404|[from] Stealth Rock
|turn|11
|
|move|p2a: Dragonite|Dragon Dance|p2a: Dragonite
|-boost|p2a: Dragonite|atk|1
|-boost|p2a: Dragonite|spe|1
|move|p1a: Jellicent|Scald|p2a: Dragonite
|-resisted|p2a: Dragonite
|-activate|p2a: Dragonite|Substitute|[damage]
|
|-weather|RainDance|[upkeep]
|-heal|p2a: Dragonite|306/324|[from] item: Leftovers
|-heal|p1a: Jellicent|379/404|[from] item: Leftovers
|turn|12
|
|switch|p1a: Ferrothorn|Ferrothorn, F|330/352
|-damage|p1a: Ferrothorn|308/352|[from] Stealth Rock
|move|p2a: Dragonite|Dragon Claw|p1a: Ferrothorn
|-resisted|p1a: Ferrothorn
|-damage|p1a: Ferrothorn|192/352
|-damage|p2a: Dragonite|266/324|[from] ability: Iron Barbs|[of] p1a: Ferrothorn
|
|-weather|RainDance|[upkeep]
|-heal|p2a: Dragonite|286/324|[from] item: Leftovers
|-heal|p1a: Ferrothorn|214/352|[from] item: Leftovers
|turn|13
|
|move|p2a: Dragonite|Fire Punch|p1a: Ferrothorn
|-supereffective|p1a: Ferrothorn
|-damage|p1a: Ferrothorn|0 fnt
|-damage|p2a: Dragonite|246/324|[from] ability: Iron Barbs|[of] p1a: Ferrothorn
|faint|p1a: Ferrothorn
|
|-weather|RainDance|[upkeep]
|-heal|p2a: Dragonite|266/324|[from] item: Leftovers
|
|switch|p1a: Toxicroak|Toxicroak, M|308/308
|-damage|p1a: Toxicroak|289/308|[from] Stealth Rock
|turn|14
|
|move|p1a: Toxicroak|Sucker Punch|p2a: Dragonite
|-end|p2a: Dragonite|Substitute
|-damage|p1a: Toxicroak|259/308|[from] item: Life Orb
|move|p2a: Dragonite|Dragon Claw|p1a: Toxicroak
|-damage|p1a: Toxicroak|0 fnt
|faint|p1a: Toxicroak
|
|-weather|RainDance|[upkeep]
|-heal|p2a: Dragonite|286/324|[from] item: Leftovers
|
|switch|p1a: Breloom|Breloom, F|132/262
|-damage|p1a: Breloom|116/262|[from] Stealth Rock
|turn|15
|
|move|p2a: Dragonite|Dragon Claw|p1a: Breloom
|-damage|p1a: Breloom|0 fnt
|faint|p1a: Breloom
|
|-weather|RainDance|[upkeep]
|-heal|p2a: Dragonite|306/324|[from] item: Leftovers
|chat|chimps|gg
|
|switch|p1a: Dragonite|Dragonite, M|386/386
|-damage|p1a: Dragonite|290/386|[from] Stealth Rock
|turn|16
|
|move|p2a: Dragonite|Dragon Claw|p1a: Dragonite
|-supereffective|p1a: Dragonite
|-damage|p1a: Dragonite|0 fnt
|faint|p1a: Dragonite
|
|-weather|RainDance|[upkeep]
|-heal|p2a: Dragonite|324/324|[from] item: Leftovers
|
|switch|p1a: Jellicent|Jellicent, M|379/404
|-damage|p1a: Jellicent|329/404|[from] Stealth Rock
|turn|17
|
|move|p2a: Dragonite|Dragon Claw|p1a: Jellicent
|-damage|p1a: Jellicent|0 fnt
|faint|p1a: Jellicent
|
|win|chimps
|raw|Ladder updating...
|raw|Figufgyu's rating: 1462 &rarr; <strong>1435</strong><br />(-27 for losing)
|raw|chimps's rating: 1318 &rarr; <strong>1345</strong><br />(+27 for winning)
|chat|chimps|g
|chat|chimps|g
|leave|Figufgyu
|player|p1