|j|☆574RM4N
|j|☆BWVC BookofConke
|t:|1721429312
|gametype|singles
|player|p1|574RM4N|anabel-gen3|1402
|player|p2|BWVC BookofConke|silver|1273
|teamsize|p1|6
|teamsize|p2|6
|gen|5
|tier|[Gen 5] OU
|rated|
|rule|Species Clause: Limit one of each Pokémon
|rule|OHKO Clause: OHKO moves are banned
|rule|Moody Clause: Moody is banned
|rule|Evasion Items Clause: Evasion items are banned
|rule|Evasion Moves Clause: Evasion moves are banned
|rule|Endless Battle Clause: Forcing endless battles is banned
|rule|HP Percentage Mod: HP is shown in percentages
|rule|Evasion Abilities Clause: Evasion abilities are banned
|rule|Sleep Moves Clause: Sleep-inducing moves are banned
|rule|Swagger Clause: Swagger is banned
|rule|Baton Pass Stat Clause: No Baton Passer may have a way to boost its stats
|clearpoke
|poke|p1|Tornadus, M|item
|poke|p1|Politoed, M|item
|poke|p1|Ferrothorn, M|item
|poke|p1|Keldeo|item
|poke|p1|Thundurus-Therian, M|item
|poke|p1|Starmie|item
|poke|p2|Politoed, M|item
|poke|p2|Ferrothorn, F|item
|poke|p2|Tentacruel, F|item
|poke|p2|Mamoswine, M|item
|poke|p2|Thundurus-Therian, M|item
|poke|p2|Keldeo-Resolute|item
|teampreview
|c|☆574RM4N|hf
|
|t:|1721429345
|start
|switch|p1a: Tornadus|Tornadus, M, shiny|100/100
|switch|p2a: Ferrothorn|Ferrothorn, F|100/100
|turn|1
|
|t:|1721429362
|move|p1a: Tornadus|Substitute|p1a: Tornadus
|-start|p1a: Tornadus|Substitute
|-damage|p1a: Tornadus|76/100
|move|p2a: Ferrothorn|Stealth Rock|p1a: Tornadus
|-sidestart|p1: 574RM4N|move: Stealth Rock
|
|-heal|p1a: Tornadus|82/100|[from] item: Leftovers
|upkeep
|turn|2
|
|t:|1721429369
|move|p1a: Tornadus|Protect|p1a: Tornadus
|-singleturn|p1a: Tornadus|Protect
|move|p2a: Ferrothorn|Power Whip|p1a: Tornadus
|-activate|p1a: Tornadus|move: Protect
|
|-heal|p1a: Tornadus|88/100|[from] item: Leftovers
|upkeep
|turn|3
|
|t:|1721429376
|move|p1a: Tornadus|Hurricane|p2a: Ferrothorn
|-damage|p2a: Ferrothorn|64/100
|move|p2a: Ferrothorn|Power Whip|p1a: Tornadus
|-resisted|p1a: Tornadus
|-end|p1a: Tornadus|Substitute
|
|-heal|p1a: Tornadus|94/100|[from] item: Leftovers
|-heal|p2a: Ferrothorn|70/100|[from] item: Leftovers
|upkeep
|turn|4
|
|t:|1721429388
|move|p1a: Tornadus|Hurricane|p2a: Ferrothorn
|-damage|p2a: Ferrothorn|32/100
|-start|p2a: Ferrothorn|confusion
|-activate|p2a: Ferrothorn|confusion
|-damage|p2a: Ferrothorn|25/100|[from] confusion
|
|-heal|p1a: Tornadus|99/100|[from] item: Leftovers
|-heal|p2a: Ferrothorn|31/100|[from] item: Leftovers
|upkeep
|turn|5
|
|t:|1721429410
|switch|p2a: Tentacruel|Tentacruel, F|100/100
|move|p1a: Tornadus|Substitute|p1a: Tornadus
|-start|p1a: Tornadus|Substitute
|-damage|p1a: Tornadus|75/100
|
|-heal|p1a: Tornadus|81/100|[from] item: Leftovers
|upkeep
|turn|6
|
|t:|1721429417
|move|p1a: Tornadus|Protect|p1a: Tornadus
|-singleturn|p1a: Tornadus|Protect
|move|p2a: Tentacruel|Scald|p1a: Tornadus
|-activate|p1a: Tornadus|move: Protect
|
|-heal|p1a: Tornadus|87/100|[from] item: Leftovers
|upkeep
|turn|7
|
|t:|1721429426
|move|p1a: Tornadus|Hurricane|p2a: Tentacruel|[miss]
|-miss|p1a: Tornadus|p2a: Tentacruel
|move|p2a: Tentacruel|Scald|p1a: Tornadus
|-crit|p1a: Tornadus
|-end|p1a: Tornadus|Substitute
|
|-heal|p1a: Tornadus|93/100|[from] item: Leftovers
|upkeep
|turn|8
|
|t:|1721429435
|move|p1a: Tornadus|Substitute|p1a: Tornadus
|-start|p1a: Tornadus|Substitute
|-damage|p1a: Tornadus|68/100
|move|p2a: Tentacruel|Scald|p1a: Tornadus
|-end|p1a: Tornadus|Substitute
|
|-heal|p1a: Tornadus|74/100|[from] item: Leftovers
|upkeep
|turn|9
|
|t:|1721429442
|move|p1a: Tornadus|Protect|p1a: Tornadus
|-singleturn|p1a: Tornadus|Protect
|move|p2a: Tentacruel|Scald|p1a: Tornadus
|-activate|p1a: Tornadus|move: Protect
|
|-heal|p1a: Tornadus|80/100|[from] item: Leftovers
|upkeep
|turn|10
|
|t:|1721429452
|switch|p1a: Politoed|Politoed, M|100/100
|-damage|p1a: Politoed|88/100|[from] Stealth Rock
|-weather|RainDance|[from] ability: Drizzle|[of] p1a: Politoed
|move|p2a: Tentacruel|Scald|p1a: Politoed
|-resisted|p1a: Politoed
|-damage|p1a: Politoed|72/100
|-status|p1a: Politoed|brn
|
|-weather|RainDance|[upkeep]
|-heal|p1a: Politoed|79/100 brn|[from] item: Leftovers
|-damage|p1a: Politoed|66/100 brn|[from] brn
|upkeep
|turn|11
|
|t:|1721429465
|switch|p2a: Ferrothorn|Ferrothorn, F|31/100
|move|p1a: Politoed|Refresh|p1a: Politoed
|-curestatus|p1a: Politoed|brn|[msg]
|
|-weather|RainDance|[upkeep]
|-heal|p1a: Politoed|72/100|[from] item: Leftovers
|-heal|p2a: Ferrothorn|38/100|[from] item: Leftovers
|upkeep
|turn|12
|
|t:|1721429478
|switch|p1a: Ferrothorn|Ferrothorn, M|100/100
|-damage|p1a: Ferrothorn|95/100|[from] Stealth Rock
|move|p2a: Ferrothorn|Spikes|p1a: Ferrothorn
|-sidestart|p1: 574RM4N|Spikes
|
|-weather|RainDance|[upkeep]
|-heal|p2a: Ferrothorn|44/100|[from] item: Leftovers
|upkeep
|turn|13
|
|t:|1721429502
|move|p2a: Ferrothorn|Knock Off|p1a: Ferrothorn
|-resisted|p1a: Ferrothorn
|-damage|p1a: Ferrothorn|93/100
|-damage|p2a: Ferrothorn|31/100|[from] ability: Iron Barbs|[of] p1a: Ferrothorn
|-enditem|p1a: Ferrothorn|Lum Berry|[from] move: Knock Off|[of] p2a: Ferrothorn
|move|p1a: Ferrothorn|Stealth Rock|p2a: Ferrothorn
|-sidestart|p2: BWVC BookofConke|move: Stealth Rock
|
|-weather|RainDance|[upkeep]
|-heal|p2a: Ferrothorn|38/100|[from] item: Leftovers
|upkeep
|turn|14
|
|t:|1721429515
|move|p2a: Ferrothorn|Spikes|p1a: Ferrothorn
|-sidestart|p1: 574RM4N|Spikes
|move|p1a: Ferrothorn|Spikes|p2a: Ferrothorn
|-sidestart|p2: BWVC BookofConke|Spikes
|
|-weather|RainDance|[upkeep]
|-heal|p2a: Ferrothorn|44/100|[from] item: Leftovers
|upkeep
|turn|15
|
|t:|1721429526
|switch|p2a: Tentacruel|Tentacruel, F|100/100
|-damage|p2a: Tentacruel|88/100|[from] Stealth Rock
|-damage|p2a: Tentacruel|76/100|[from] Spikes
|move|p1a: Ferrothorn|Spikes|p2a: Tentacruel
|-sidestart|p2: BWVC BookofConke|Spikes
|
|-weather|RainDance|[upkeep]
|-heal|p2a: Tentacruel|82/100|[from] ability: Rain Dish
|-heal|p2a: Tentacruel|88/100|[from] item: Black Sludge
|upkeep
|turn|16
|
|t:|1721429536
|move|p2a: Tentacruel|Rapid Spin|p1a: Ferrothorn
|-resisted|p1a: Ferrothorn
|-damage|p1a: Ferrothorn|92/100
|-damage|p2a: Tentacruel|75/100|[from] ability: Iron Barbs|[of] p1a: Ferrothorn
|-sideend|p2: BWVC BookofConke|Spikes|[from] move: Rapid Spin|[of] p2a: Tentacruel
|-sideend|p2: BWVC BookofConke|Stealth Rock|[from] move: Rapid Spin|[of] p2a: Tentacruel
|move|p1a: Ferrothorn|Power Whip|p2a: Tentacruel
|-damage|p2a: Tentacruel|16/100
|
|-weather|RainDance|[upkeep]
|-heal|p2a: Tentacruel|22/100|[from] ability: Rain Dish
|-heal|p2a: Tentacruel|28/100|[from] item: Black Sludge
|upkeep
|turn|17
|
|t:|1721429550
|switch|p2a: Thundurus|Thundurus-Therian, M|100/100
|move|p1a: Ferrothorn|Stealth Rock|p2a: Thundurus
|-sidestart|p2: BWVC BookofConke|move: Stealth Rock
|
|-weather|RainDance|[upkeep]
|upkeep
|turn|18
|
|t:|1721429557
|move|p2a: Thundurus|Focus Blast|p1a: Ferrothorn
|-supereffective|p1a: Ferrothorn
|-damage|p1a: Ferrothorn|23/100
|move|p1a: Ferrothorn|Gyro Ball|p2a: Thundurus
|-resisted|p2a: Thundurus
|-damage|p2a: Thundurus|57/100
|
|-weather|RainDance|[upkeep]
|-heal|p2a: Thundurus|63/100|[from] item: Leftovers
|upkeep
|turn|19
|
|t:|1721429568
|switch|p1a: Thundurus|Thundurus-Therian, M|100/100
|-damage|p1a: Thundurus|76/100|[from] Stealth Rock
|move|p2a: Thundurus|Thunder|p1a: Thundurus
|-heal|p1a: Thundurus|100/100|[from] ability: Volt Absorb|[of] p2a: Thundurus
|
|-weather|RainDance|[upkeep]
|-heal|p2a: Thundurus|69/100|[from] item: Leftovers
|upkeep
|turn|20
|
|t:|1721429585
|move|p2a: Thundurus|U-turn|p1a: Thundurus
|-resisted|p1a: Thundurus
|-damage|p1a: Thundurus|89/100
|
|t:|1721429590
|switch|p2a: Tentacruel|Tentacruel, F|28/100|[from] U-turn
|-damage|p2a: Tentacruel|16/100|[from] Stealth Rock
|move|p1a: Thundurus|Hidden Power|p2a: Tentacruel
|-resisted|p2a: Tentacruel
|-damage|p2a: Tentacruel|5/100
|
|-weather|RainDance|[upkeep]
|-heal|p2a: Tentacruel|11/100|[from] ability: Rain Dish
|-heal|p2a: Tentacruel|17/100|[from] item: Black Sludge
|-heal|p1a: Thundurus|95/100|[from] item: Leftovers
|upkeep
|turn|21
|
|t:|1721429601
|move|p2a: Tentacruel|Protect|p2a: Tentacruel
|-singleturn|p2a: Tentacruel|Protect
|move|p1a: Thundurus|Thunder|p2a: Tentacruel
|-activate|p2a: Tentacruel|move: Protect
|
|-weather|RainDance|[upkeep]
|-heal|p2a: Tentacruel|23/100|[from] ability: Rain Dish
|-heal|p2a: Tentacruel|29/100|[from] item: Black Sludge
|-heal|p1a: Thundurus|100/100|[from] item: Leftovers
|upkeep
|turn|22
|
|t:|1721429611
|switch|p2a: Thundurus|Thundurus-Therian, M|69/100
|-damage|p2a: Thundurus|44/100|[from] Stealth Rock
|move|p1a: Thundurus|Focus Blast|p2a: Thundurus
|-resisted|p2a: Thundurus
|-damage|p2a: Thundurus|13/100
|
|-weather|RainDance|[upkeep]
|-heal|p2a: Thundurus|19/100|[from] item: Leftovers
|upkeep
|turn|23
|
|t:|1721429624
|move|p2a: Thundurus|U-turn|p1a: Thundurus
|-resisted|p1a: Thundurus
|-damage|p1a: Thundurus|90/100
|
|t:|1721429640
|switch|p2a: Politoed|Politoed, M|100/100|[from] U-turn
|-damage|p2a: Politoed|88/100|[from] Stealth Rock
|move|p1a: Thundurus|Hidden Power|p2a: Politoed
|-resisted|p2a: Politoed
|-damage|p2a: Politoed|74/100
|
|-weather|RainDance|[upkeep]
|-heal|p1a: Thundurus|96/100|[from] item: Leftovers
|upkeep
|turn|24
|
|t:|1721429655
|move|p2a: Politoed|Encore|p1a: Thundurus
|-start|p1a: Thundurus|Encore
|move|p1a: Thundurus|Hidden Power|p2a: Politoed
|-resisted|p2a: Politoed
|-damage|p2a: Politoed|59/100
|
|-weather|RainDance|[upkeep]
|-heal|p1a: Thundurus|100/100|[from] item: Leftovers
|upkeep
|turn|25
|
|t:|1721429663
|switch|p2a: Tentacruel|Tentacruel, F|29/100
|-damage|p2a: Tentacruel|16/100|[from] Stealth Rock
|switch|p1a: Tornadus|Tornadus, M, shiny|80/100
|-damage|p1a: Tornadus|56/100|[from] Stealth Rock
|
|-weather|RainDance|[upkeep]
|-heal|p2a: Tentacruel|22/100|[from] ability: Rain Dish
|-heal|p1a: Tornadus|62/100|[from] item: Leftovers
|-heal|p2a: Tentacruel|29/100|[from] item: Black Sludge
|upkeep
|turn|26
|
|t:|1721429681
|move|p1a: Tornadus|Hurricane|p2a: Tentacruel
|-damage|p2a: Tentacruel|0 fnt
|faint|p2a: Tentacruel
|
|-weather|RainDance|[upkeep]
|-heal|p1a: Tornadus|68/100|[from] item: Leftovers
|upkeep
|
|t:|1721429692
|switch|p2a: Mamoswine|Mamoswine, M|100/100
|-damage|p2a: Mamoswine|88/100|[from] Stealth Rock
|turn|27
|
|t:|1721429709
|move|p1a: Tornadus|Protect|p1a: Tornadus
|-singleturn|p1a: Tornadus|Protect
|move|p2a: Mamoswine|Substitute|p2a: Mamoswine
|-start|p2a: Mamoswine|Substitute
|-damage|p2a: Mamoswine|63/100
|
|-weather|RainDance|[upkeep]
|-heal|p1a: Tornadus|74/100|[from] item: Leftovers
|upkeep
|turn|28
|
|t:|1721429720
|switch|p1a: Ferrothorn|Ferrothorn, M|23/100
|-damage|p1a: Ferrothorn|17/100|[from] Stealth Rock
|-damage|p1a: Ferrothorn|0 fnt|[from] Spikes
|faint|p1a: Ferrothorn
|move|p2a: Mamoswine|Ice Shard|p1: Ferrothorn|[notarget]
|-fail|p2a: Mamoswine
|
|-weather|RainDance|[upkeep]
|upkeep
|
|t:|1721429730
|switch|p1a: Politoed|Politoed, M|72/100
|-damage|p1a: Politoed|60/100|[from] Stealth Rock
|-damage|p1a: Politoed|43/100|[from] Spikes
|turn|29
|
|t:|1721429735
|move|p2a: Mamoswine|Earthquake|p1a: Politoed
|-damage|p1a: Politoed|0 fnt
|faint|p1a: Politoed
|
|-weather|RainDance|[upkeep]
|upkeep
|
|t:|1721429746
|switch|p1a: Keldeo|Keldeo|100/100
|-damage|p1a: Keldeo|94/100|[from] Stealth Rock
|-damage|p1a: Keldeo|78/100|[from] Spikes
|turn|30
|
|t:|1721429751
|move|p1a: Keldeo|Secret Sword|p2a: Mamoswine
|-supereffective|p2a: Mamoswine
|-end|p2a: Mamoswine|Substitute
|move|p2a: Mamoswine|Earthquake|p1a: Keldeo
|-damage|p1a: Keldeo|11/100
|
|-weather|RainDance|[upkeep]
|-heal|p1a: Keldeo|17/100|[from] item: Leftovers
|upkeep
|turn|31
|
|t:|1721429768
|switch|p2a: Thundurus|Thundurus-Therian, M|19/100
|-damage|p2a: Thundurus|0 fnt|[from] Stealth Rock
|faint|p2a: Thundurus
|move|p1a: Keldeo|Secret Sword|p2: Thundurus|[notarget]
|-fail|p1a: Keldeo
|
|-weather|RainDance|[upkeep]
|-heal|p1a: Keldeo|23/100|[from] item: Leftovers
|upkeep
|
|t:|1721429789
|switch|p2a: Keldeo|Keldeo-Resolute|100/100
|-damage|p2a: Keldeo|94/100|[from] Stealth Rock
|turn|32
|
|t:|1721429802
|move|p2a: Keldeo|Surf|p1a: Keldeo
|-resisted|p1a: Keldeo
|-damage|p1a: Keldeo|0 fnt
|faint|p1a: Keldeo
|
|-weather|RainDance|[upkeep]
|upkeep
|
|t:|1721429805
|switch|p1a: Starmie|Starmie|100/100
|-damage|p1a: Starmie|88/100|[from] Stealth Rock
|-damage|p1a: Starmie|72/100|[from] Spikes
|turn|33
|
|t:|1721429812
|move|p1a: Starmie|Rapid Spin|p2a: Keldeo
|-damage|p2a: Keldeo|89/100
|-sideend|p1: 574RM4N|Spikes|[from] move: Rapid Spin|[of] p1a: Starmie
|-sideend|p1: 574RM4N|Stealth Rock|[from] move: Rapid Spin|[of] p1a: Starmie
|-damage|p1a: Starmie|62/100|[from] item: Life Orb
|move|p2a: Keldeo|Surf|p1a: Starmie
|-resisted|p1a: Starmie
|-damage|p1a: Starmie|0 fnt
|faint|p1a: Starmie
|
|-weather|RainDance|[upkeep]
|upkeep
|
|t:|1721429816
|switch|p1a: Tornadus|Tornadus, M, shiny|74/100
|turn|34
|
|t:|1721429829
|move|p1a: Tornadus|Hurricane|p2a: Keldeo
|-supereffective|p2a: Keldeo
|-damage|p2a: Keldeo|0 fnt
|faint|p2a: Keldeo
|
|-weather|RainDance|[upkeep]
|-heal|p1a: Tornadus|80/100|[from] item: Leftovers
|upkeep
|
|t:|1721429844
|switch|p2a: Politoed|Politoed, M|59/100
|-damage|p2a: Politoed|46/100|[from] Stealth Rock
|turn|35
|
|t:|1721429848
|move|p1a: Tornadus|Protect|p1a: Tornadus
|-singleturn|p1a: Tornadus|Protect
|move|p2a: Politoed|Ice Beam|p1a: Tornadus
|-activate|p1a: Tornadus|move: Protect
|
|-weather|RainDance|[upkeep]
|-heal|p1a: Tornadus|86/100|[from] item: Leftovers
|upkeep
|turn|36
|
|t:|1721429856
|move|p2a: Politoed|Ice Beam|p1a: Tornadus
|-supereffective|p1a: Tornadus
|-damage|p1a: Tornadus|18/100
|move|p1a: Tornadus|Hurricane|p2a: Politoed
|-damage|p2a: Politoed|0 fnt
|faint|p2a: Politoed
|
|-weather|RainDance|[upkeep]
|-heal|p1a: Tornadus|24/100|[from] item: Leftovers
|upkeep
|
|t:|1721429877
|switch|p2a: Mamoswine|Mamoswine, M|63/100
|-damage|p2a: Mamoswine|51/100|[from] Stealth Rock
|turn|37
|
|t:|1721429882
|move|p2a: Mamoswine|Ice Shard|p1a: Tornadus
|-supereffective|p1a: Tornadus
|-damage|p1a: Tornadus|0 fnt
|faint|p1a: Tornadus
|
|-weather|RainDance|[upkeep]
|upkeep
|
|t:|1721429885
|switch|p1a: Thundurus|Thundurus-Therian, M|100/100
|turn|38
|
|t:|1721429894
|move|p2a: Mamoswine|Ice Shard|p1a: Thundurus
|-supereffective|p1a: Thundurus
|-damage|p1a: Thundurus|20/100
|move|p1a: Thundurus|Focus Blast|p2a: Mamoswine
|-supereffective|p2a: Mamoswine
|-damage|p2a: Mamoswine|0 fnt
|faint|p2a: Mamoswine
|
|-weather|RainDance|[upkeep]
|-heal|p1a: Thundurus|26/100|[from] item: Leftovers
|upkeep
|
|t:|1721429902
|switch|p2a: Ferrothorn|Ferrothorn, F|44/100
|-damage|p2a: Ferrothorn|38/100|[from] Stealth Rock
|turn|39
|
|t:|1721429917
|move|p1a: Thundurus|Focus Blast|p2a: Ferrothorn|[miss]
|-miss|p1a: Thundurus|p2a: Ferrothorn
|move|p2a: Ferrothorn|Power Whip|p1a: Thundurus
|-resisted|p1a: Thundurus
|-damage|p1a: Thundurus|0 fnt
|faint|p1a: Thundurus
|
|win|BWVC BookofConke
|raw|574RM4N's rating: 1402 &rarr; <strong>1375</strong><br />(-27 for losing)
|raw|BWVC BookofConke's rating: 1273 &rarr; <strong>1307</strong><br />(+34 for winning)
|c|☆574RM4N|ah
|c|☆574RM4N|ggs
