|j|☆Silent Ensemble
|j|☆HydreigonSpammer
|t:|1735053485
|gametype|singles
|player|p1|Silent Ensemble|cyclistf-gen4|1462
|player|p2|HydreigonSpammer|janitor|1520
|teamsize|p1|6
|teamsize|p2|6
|gen|5
|tier|[Gen 5] OU
|rated|
|rule|Species Clause: Limit one of each Pokémon
|rule|OHKO Clause: OHKO moves are banned
|rule|Moody Clause: Moody is banned
|rule|Evasion Items Clause: Evasion items are banned
|rule|Evasion Moves Clause: Evasion moves are banned
|rule|Endless Battle Clause: Forcing endless battles is banned
|rule|HP Percentage Mod: HP is shown in percentages
|rule|Evasion Abilities Clause: Evasion abilities are banned
|rule|Sleep Moves Clause: Sleep-inducing moves are banned
|rule|Swagger Clause: Swagger is banned
|rule|Baton Pass Stat Clause: No Baton Passer may have a way to boost its stats
|clearpoke
|poke|p1|Politoed, F|item
|poke|p1|Ferrothorn, M|item
|poke|p1|Thundurus-Therian, M|item
|poke|p1|Starmie|item
|poke|p1|Garchomp, M|item
|poke|p1|Latios, M|item
|poke|p2|Politoed, F|item
|poke|p2|Shedinja|item
|poke|p2|Tentacruel, M|item
|poke|p2|Latios, M|item
|poke|p2|Azumarill, F|item
|poke|p2|Keldeo|item
|teampreview
|c|☆Silent Ensemble|Gl hf
|
|t:|1735053534
|start
|switch|p1a: Ferrothorn|Ferrothorn, M|100/100
|switch|p2a: Politoed|Politoed, F|100/100
|-weather|RainDance|[from] ability: Drizzle|[of] p2a: Politoed
|turn|1
|
|t:|1735053546
|switch|p2a: Tentacruel|Tentacruel, M|100/100
|move|p1a: Ferrothorn|Stealth Rock|p2a: Tentacruel
|-sidestart|p2: HydreigonSpammer|move: Stealth Rock
|
|-weather|RainDance|[upkeep]
|upkeep
|turn|2
|
|t:|1735053552
|move|p2a: Tentacruel|Toxic Spikes|p1a: Ferrothorn
|-sidestart|p1: Silent Ensemble|move: Toxic Spikes
|move|p1a: Ferrothorn|Power Whip|p2a: Tentacruel
|-damage|p2a: Tentacruel|49/100
|
|-weather|RainDance|[upkeep]
|-heal|p2a: Tentacruel|55/100|[from] ability: Rain Dish
|-heal|p2a: Tentacruel|61/100|[from] item: Black Sludge
|upkeep
|turn|3
|
|t:|1735053554
|move|p2a: Tentacruel|Protect|p2a: Tentacruel
|-singleturn|p2a: Tentacruel|Protect
|move|p1a: Ferrothorn|Power Whip|p2a: Tentacruel
|-activate|p2a: Tentacruel|move: Protect
|
|-weather|RainDance|[upkeep]
|-heal|p2a: Tentacruel|67/100|[from] ability: Rain Dish
|-heal|p2a: Tentacruel|74/100|[from] item: Black Sludge
|upkeep
|turn|4
|
|t:|1735053566
|move|p2a: Tentacruel|Rapid Spin|p1a: Ferrothorn
|-resisted|p1a: Ferrothorn
|-damage|p1a: Ferrothorn|99/100
|-damage|p2a: Tentacruel|61/100|[from] ability: Iron Barbs|[of] p1a: Ferrothorn
|-sideend|p2: HydreigonSpammer|Stealth Rock|[from] move: Rapid Spin|[of] p2a: Tentacruel
|move|p1a: Ferrothorn|Power Whip|p2a: Tentacruel|[miss]
|-miss|p1a: Ferrothorn|p2a: Tentacruel
|
|-weather|RainDance|[upkeep]
|-heal|p2a: Tentacruel|67/100|[from] ability: Rain Dish
|-heal|p2a: Tentacruel|73/100|[from] item: Black Sludge
|upkeep
|turn|5
|
|t:|1735053573
|switch|p2a: Shedinja|Shedinja|100/100
|move|p1a: Ferrothorn|Stealth Rock|p2a: Shedinja
|-sidestart|p2: HydreigonSpammer|move: Stealth Rock
|
|-weather|RainDance|[upkeep]
|upkeep
|turn|6
|
|t:|1735053595
|switch|p1a: Latios|Latios, M|100/100
|move|p2a: Shedinja|Protect||[still]
|-fail|p2a: Shedinja
|
|-weather|RainDance|[upkeep]
|upkeep
|turn|7
|
|t:|1735053600
|move|p2a: Shedinja|Protect|p2a: Shedinja
|-singleturn|p2a: Shedinja|Protect
|move|p1a: Latios|Trick|p2a: Shedinja
|-activate|p2a: Shedinja|move: Protect
|
|-weather|RainDance|[upkeep]
|upkeep
|turn|8
|
|t:|1735053612
|switch|p1a: Garchomp|Garchomp, M|100/100
|-status|p1a: Garchomp|psn
|switch|p2a: Tentacruel|Tentacruel, M|73/100
|-damage|p2a: Tentacruel|61/100|[from] Stealth Rock
|
|-weather|RainDance|[upkeep]
|-heal|p2a: Tentacruel|67/100|[from] ability: Rain Dish
|-heal|p2a: Tentacruel|73/100|[from] item: Black Sludge
|-damage|p1a: Garchomp|88/100 psn|[from] psn
|upkeep
|turn|9
|
|t:|1735053638
|move|p2a: Tentacruel|Protect|p2a: Tentacruel
|-singleturn|p2a: Tentacruel|Protect
|move|p1a: Garchomp|Outrage|p2a: Tentacruel
|-activate|p2a: Tentacruel|move: Protect
|
|-weather|RainDance|[upkeep]
|-heal|p2a: Tentacruel|79/100|[from] ability: Rain Dish
|-heal|p2a: Tentacruel|85/100|[from] item: Black Sludge
|-damage|p1a: Garchomp|76/100 psn|[from] psn
|upkeep
|turn|10
|
|t:|1735053646
|switch|p2a: Politoed|Politoed, F|100/100
|-damage|p2a: Politoed|88/100|[from] Stealth Rock
|move|p1a: Garchomp|Earthquake|p2a: Politoed
|-damage|p2a: Politoed|48/100
|
|-weather|RainDance|[upkeep]
|-heal|p2a: Politoed|54/100|[from] item: Leftovers
|-damage|p1a: Garchomp|64/100 psn|[from] psn
|upkeep
|turn|11
|
|t:|1735053662
|switch|p1a: Ferrothorn|Ferrothorn, M|99/100
|move|p2a: Politoed|Scald|p1a: Ferrothorn
|-resisted|p1a: Ferrothorn
|-damage|p1a: Ferrothorn|87/100
|-status|p1a: Ferrothorn|brn
|-enditem|p1a: Ferrothorn|Lum Berry|[eat]
|-curestatus|p1a: Ferrothorn|brn|[msg]
|
|-weather|RainDance|[upkeep]
|-heal|p2a: Politoed|61/100|[from] item: Leftovers
|upkeep
|turn|12
|
|t:|1735053668
|move|p2a: Politoed|Scald|p1a: Ferrothorn
|-resisted|p1a: Ferrothorn
|-damage|p1a: Ferrothorn|75/100
|move|p1a: Ferrothorn|Power Whip|p2a: Politoed
|-supereffective|p2a: Politoed
|-damage|p2a: Politoed|0 fnt
|faint|p2a: Politoed
|
|-weather|RainDance|[upkeep]
|upkeep
|
|t:|1735053673
|switch|p2a: Keldeo|Keldeo|100/100
|-damage|p2a: Keldeo|94/100|[from] Stealth Rock
|turn|13
|
|t:|1735053684
|switch|p1a: Starmie|Starmie|100/100
|-item|p1a: Starmie|Air Balloon
|move|p2a: Keldeo|Toxic|p1a: Starmie
|-status|p1a: Starmie|tox
|
|-weather|RainDance|[upkeep]
|-damage|p1a: Starmie|94/100 tox|[from] psn
|upkeep
|turn|14
|
|t:|1735053696
|switch|p2a: Latios|Latios, M|100/100
|-damage|p2a: Latios|88/100|[from] Stealth Rock
|move|p1a: Starmie|Thunder|p2a: Latios
|-resisted|p2a: Latios
|-damage|p2a: Latios|64/100
|
|-weather|RainDance|[upkeep]
|-damage|p1a: Starmie|82/100 tox|[from] psn
|upkeep
|turn|15
|
|t:|1735053708
|switch|p1a: Politoed|Politoed, F|100/100
|-status|p1a: Politoed|psn
|move|p2a: Latios|Thunder|p1a: Politoed
|-supereffective|p1a: Politoed
|-damage|p1a: Politoed|31/100 psn
|
|-weather|RainDance|[upkeep]
|-heal|p1a: Politoed|37/100 psn|[from] item: Leftovers
|-damage|p1a: Politoed|24/100 psn|[from] psn
|upkeep
|turn|16
|
|t:|1735053715
|switch|p2a: Tentacruel|Tentacruel, M|85/100
|-damage|p2a: Tentacruel|73/100|[from] Stealth Rock
|move|p1a: Politoed|Scald|p2a: Tentacruel
|-resisted|p2a: Tentacruel
|-damage|p2a: Tentacruel|58/100
|-status|p2a: Tentacruel|brn
|
|-weather|RainDance|[upkeep]
|-heal|p2a: Tentacruel|64/100 brn|[from] ability: Rain Dish
|-heal|p2a: Tentacruel|70/100 brn|[from] item: Black Sludge
|-heal|p1a: Politoed|31/100 psn|[from] item: Leftovers
|-damage|p1a: Politoed|18/100 psn|[from] psn
|-damage|p2a: Tentacruel|57/100 brn|[from] brn
|upkeep
|turn|17
|
|t:|1735053718
|switch|p1a: Ferrothorn|Ferrothorn, M|75/100
|move|p2a: Tentacruel|Rapid Spin|p1a: Ferrothorn
|-resisted|p1a: Ferrothorn
|-damage|p1a: Ferrothorn|75/100
|-damage|p2a: Tentacruel|45/100 brn|[from] ability: Iron Barbs|[of] p1a: Ferrothorn
|-sideend|p2: HydreigonSpammer|Stealth Rock|[from] move: Rapid Spin|[of] p2a: Tentacruel
|
|-weather|RainDance|[upkeep]
|-heal|p2a: Tentacruel|51/100 brn|[from] ability: Rain Dish
|-heal|p2a: Tentacruel|57/100 brn|[from] item: Black Sludge
|-damage|p2a: Tentacruel|45/100 brn|[from] brn
|upkeep
|turn|18
|
|t:|1735053727
|switch|p2a: Shedinja|Shedinja|100/100
|move|p1a: Ferrothorn|Stealth Rock|p2a: Shedinja
|-sidestart|p2: HydreigonSpammer|move: Stealth Rock
|
|-weather|RainDance|[upkeep]
|upkeep
|turn|19
|
|t:|1735053730
|switch|p1a: Politoed|Politoed, F|18/100 psn
|move|p2a: Shedinja|Will-O-Wisp||[still]
|-fail|p2a: Shedinja
|
|-weather|RainDance|[upkeep]
|-heal|p1a: Politoed|24/100 psn|[from] item: Leftovers
|-damage|p1a: Politoed|12/100 psn|[from] psn
|upkeep
|turn|20
|
|t:|1735053737
|move|p2a: Shedinja|Shadow Sneak|p1a: Politoed
|-damage|p1a: Politoed|0 fnt
|faint|p1a: Politoed
|
|-weather|RainDance|[upkeep]
|upkeep
|
|t:|1735053739
|switch|p1a: Latios|Latios, M|100/100
|turn|21
|
|t:|1735053743
|move|p2a: Shedinja|Protect|p2a: Shedinja
|-singleturn|p2a: Shedinja|Protect
|move|p1a: Latios|Trick|p2a: Shedinja
|-activate|p2a: Shedinja|move: Protect
|
|-weather|RainDance|[upkeep]
|upkeep
|turn|22
|
|t:|1735053767
|switch|p1a: Ferrothorn|Ferrothorn, M|75/100
|switch|p2a: Tentacruel|Tentacruel, M|45/100 brn
|-damage|p2a: Tentacruel|32/100 brn|[from] Stealth Rock
|
|-weather|RainDance|[upkeep]
|-heal|p2a: Tentacruel|38/100 brn|[from] ability: Rain Dish
|-heal|p2a: Tentacruel|44/100 brn|[from] item: Black Sludge
|-damage|p2a: Tentacruel|32/100 brn|[from] brn
|upkeep
|turn|23
|
|t:|1735053774
|move|p2a: Tentacruel|Scald|p1a: Ferrothorn
|-resisted|p1a: Ferrothorn
|-crit|p1a: Ferrothorn
|-damage|p1a: Ferrothorn|52/100
|-status|p1a: Ferrothorn|brn
|move|p1a: Ferrothorn|Power Whip|p2a: Tentacruel
|-damage|p2a: Tentacruel|10/100 brn
|
|-weather|RainDance|[upkeep]
|-heal|p2a: Tentacruel|16/100 brn|[from] ability: Rain Dish
|-heal|p2a: Tentacruel|22/100 brn|[from] item: Black Sludge
|-damage|p2a: Tentacruel|10/100 brn|[from] brn
|-damage|p1a: Ferrothorn|40/100 brn|[from] brn
|upkeep
|turn|24
|
|t:|1735053778
|move|p2a: Tentacruel|Protect|p2a: Tentacruel
|-singleturn|p2a: Tentacruel|Protect
|move|p1a: Ferrothorn|Stealth Rock||[still]
|-fail|p1a: Ferrothorn
|
|-weather|RainDance|[upkeep]
|-heal|p2a: Tentacruel|16/100 brn|[from] ability: Rain Dish
|-heal|p2a: Tentacruel|22/100 brn|[from] item: Black Sludge
|-damage|p2a: Tentacruel|9/100 brn|[from] brn
|-damage|p1a: Ferrothorn|27/100 brn|[from] brn
|upkeep
|turn|25
|
|t:|1735053792
|move|p2a: Tentacruel|Rapid Spin|p1a: Ferrothorn
|-resisted|p1a: Ferrothorn
|-damage|p1a: Ferrothorn|27/100 brn
|-damage|p2a: Tentacruel|0 fnt|[from] ability: Iron Barbs|[of] p1a: Ferrothorn
|faint|p2a: Tentacruel
|move|p1a: Ferrothorn|Stealth Rock||[still]
|-fail|p1a: Ferrothorn
|
|-weather|RainDance|[upkeep]
|-damage|p1a: Ferrothorn|15/100 brn|[from] brn
|upkeep
|
|t:|1735053804
|switch|p2a: Keldeo|Keldeo|94/100
|-damage|p2a: Keldeo|88/100|[from] Stealth Rock
|turn|26
|
|t:|1735053810
|move|p2a: Keldeo|Secret Sword|p1a: Ferrothorn
|-supereffective|p1a: Ferrothorn
|-damage|p1a: Ferrothorn|0 fnt
|faint|p1a: Ferrothorn
|
|-weather|RainDance|[upkeep]
|upkeep
|
|t:|1735053815
|switch|p1a: Latios|Latios, M|100/100
|turn|27
|
|t:|1735053818
|switch|p2a: Shedinja|Shedinja|100/100
|-damage|p2a: Shedinja|0 fnt|[from] Stealth Rock
|faint|p2a: Shedinja
|move|p1a: Latios|Psyshock|p2: Shedinja|[notarget]
|-fail|p1a: Latios
|
|-weather|RainDance|[upkeep]
|upkeep
|
|t:|1735053822
|switch|p2a: Latios|Latios, M|64/100
|-damage|p2a: Latios|52/100|[from] Stealth Rock
|turn|28
|
|t:|1735053828
|switch|p1a: Garchomp|Garchomp, M|64/100 psn
|move|p2a: Latios|Draco Meteor|p1a: Garchomp|[miss]
|-miss|p2a: Latios|p1a: Garchomp
|
|-weather|RainDance|[upkeep]
|-damage|p1a: Garchomp|51/100 psn|[from] psn
|upkeep
|turn|29
|
|t:|1735053833
|move|p2a: Latios|Draco Meteor|p1a: Garchomp
|-supereffective|p1a: Garchomp
|-damage|p1a: Garchomp|0 fnt
|-unboost|p2a: Latios|spa|2
|faint|p1a: Garchomp
|
|-weather|RainDance|[upkeep]
|upkeep
|
|t:|1735053836
|switch|p1a: Thundurus|Thundurus-Therian, M|100/100
|turn|30
|
|t:|1735053845
|switch|p2a: Azumarill|Azumarill, F|100/100
|-damage|p2a: Azumarill|88/100|[from] Stealth Rock
|move|p1a: Thundurus|Thunder|p2a: Azumarill
|-supereffective|p2a: Azumarill
|-damage|p2a: Azumarill|0 fnt
|faint|p2a: Azumarill
|
|-weather|RainDance|[upkeep]
|upkeep
|
|t:|1735053857
|switch|p2a: Latios|Latios, M|52/100
|-damage|p2a: Latios|39/100|[from] Stealth Rock
|turn|31
|
|t:|1735053862
|move|p2a: Latios|Draco Meteor|p1a: Thundurus
|-damage|p1a: Thundurus|21/100
|-unboost|p2a: Latios|spa|2
|-enditem|p1a: Thundurus|Sitrus Berry|[eat]
|-heal|p1a: Thundurus|45/100|[from] item: Sitrus Berry
|move|p1a: Thundurus|Hidden Power|p2a: Latios
|-supereffective|p2a: Latios
|-damage|p2a: Latios|0 fnt
|faint|p2a: Latios
|
|-weather|RainDance|[upkeep]
|upkeep
|-message|HydreigonSpammer forfeited.
|
|win|Silent Ensemble
|raw|Silent Ensemble's rating: 1462 &rarr; <strong>1485</strong><br />(+23 for winning)
|raw|HydreigonSpammer's rating: 1520 &rarr; <strong>1497</strong><br />(-23 for losing)
|l|☆HydreigonSpammer
|player|p2|
|c|☆Silent Ensemble|Gg
