|j|☆2can Toco
|j|☆UniversalGrandpa
|player|p1|2can Toco|birdkeeper-gen4dp|1311
|player|p2|UniversalGrandpa|gentleman|1332
|teamsize|p1|6
|teamsize|p2|6
|gametype|singles
|gen|5
|tier|[Gen 5] OU
|rated|
|clearpoke
|poke|p1|Tyranitar, M|item
|poke|p1|Landorus-Therian, M|item
|poke|p1|Terrakion|item
|poke|p1|Excadrill, F|item
|poke|p1|Celebi|item
|poke|p1|Rotom-Wash|item
|poke|p2|Tyranitar, M|item
|poke|p2|Hippowdon, F|item
|poke|p2|Excadrill, F|item
|poke|p2|Heatran, F|item
|poke|p2|Reuniclus, M|item
|poke|p2|Gastrodon, M|item
|rule|Species Clause: Limit one of each Pokémon
|rule|OHKO Clause: OHKO moves are banned
|rule|Moody Clause: Moody is banned
|rule|Evasion Moves Clause: Evasion moves are banned
|rule|Endless Battle Clause: Forcing endless battles is banned
|rule|HP Percentage Mod: HP is shown in percentages
|rule|Evasion Abilities Clause: Evasion abilities are banned
|rule|Baton Pass Clause: Limit one Baton Passer, can't pass Spe and other stats simultaneously
|rule|Sleep Clause: Sleep-inducing moves are banned
|rule|Swagger Clause: Swagger is banned
|teampreview
|inactive|Battle timer is ON: inactive players will automatically lose when time's up. (requested by UniversalGrandpa)
|
|start
|switch|p1a: Rotom|Rotom-Wash|100/100
|switch|p2a: Gastrodon|Gastrodon, M|100/100
|turn|1
|
|move|p1a: Rotom|Will-O-Wisp|p2a: Gastrodon
|-status|p2a: Gastrodon|brn
|move|p2a: Gastrodon|Scald|p1a: Rotom
|-resisted|p1a: Rotom
|-damage|p1a: Rotom|90/100
|
|-heal|p1a: Rotom|96/100|[from] item: Leftovers
|-damage|p2a: Gastrodon|88/100 brn|[from] brn
|upkeep
|turn|2
|
|switch|p1a: Celebi|Celebi|100/100
|move|p2a: Gastrodon|Scald|p1a: Celebi
|-resisted|p1a: Celebi
|-damage|p1a: Celebi|92/100
|-status|p1a: Celebi|brn
|
|-heal|p1a: Celebi|98/100 brn|[from] item: Leftovers
|-heal|p2a: Gastrodon|94/100 brn|[from] item: Leftovers
|-damage|p1a: Celebi|86/100 brn|[from] brn
|-damage|p2a: Gastrodon|82/100 brn|[from] brn
|upkeep
|turn|3
|
|switch|p1a: Terrakion|Terrakion|100/100
|switch|p2a: Reuniclus|Reuniclus, M|100/100
|
|upkeep
|turn|4
|
|switch|p1a: Landorus|Landorus-Therian, M|100/100
|-ability|p1a: Landorus|Intimidate|boost
|-unboost|p2a: Reuniclus|atk|1
|move|p2a: Reuniclus|Psychic|p1a: Landorus
|-damage|p1a: Landorus|17/100
|
|upkeep
|turn|5
|
|move|p1a: Landorus|Stealth Rock|p2a: Reuniclus
|-sidestart|p2: UniversalGrandpa|move: Stealth Rock
|move|p2a: Reuniclus|Psychic|p1a: Landorus
|-damage|p1a: Landorus|0 fnt
|faint|p1a: Landorus
|
|upkeep
|
|switch|p1a: Tyranitar|Tyranitar, M|100/100
|-weather|Sandstorm|[from] ability: Sand Stream|[of] p1a: Tyranitar
|turn|6
|
|-activate|p2a: Reuniclus|move: Pursuit
|move|p1a: Tyranitar|Pursuit|p2a: Reuniclus|[from]Pursuit
|-supereffective|p2a: Reuniclus
|-damage|p2a: Reuniclus|18/100
|switch|p2a: Hippowdon|Hippowdon, F|100/100
|-damage|p2a: Hippowdon|94/100|[from] Stealth Rock
|
|-weather|Sandstorm|[upkeep]
|-heal|p2a: Hippowdon|100/100|[from] item: Leftovers
|upkeep
|turn|7
|
|switch|p1a: Celebi|Celebi|86/100
|move|p2a: Hippowdon|Stealth Rock|p1a: Celebi
|-sidestart|p1: 2can Toco|move: Stealth Rock
|
|-weather|Sandstorm|[upkeep]
|-damage|p1a: Celebi|80/100|[from] Sandstorm
|-heal|p1a: Celebi|86/100|[from] item: Leftovers
|upkeep
|turn|8
|
|switch|p1a: Terrakion|Terrakion|100/100
|-damage|p1a: Terrakion|94/100|[from] Stealth Rock
|switch|p2a: Reuniclus|Reuniclus, M|18/100
|
|-weather|Sandstorm|[upkeep]
|upkeep
|turn|9
|
|move|p1a: Terrakion|Close Combat|p2a: Reuniclus
|-resisted|p2a: Reuniclus
|-damage|p2a: Reuniclus|0 fnt
|-unboost|p1a: Terrakion|def|1
|-unboost|p1a: Terrakion|spd|1
|faint|p2a: Reuniclus
|
|-weather|Sandstorm|[upkeep]
|upkeep
|
|switch|p2a: Tyranitar|Tyranitar, M|100/100
|-damage|p2a: Tyranitar|88/100|[from] Stealth Rock
|turn|10
|
|switch|p1a: Rotom|Rotom-Wash|96/100
|-damage|p1a: Rotom|83/100|[from] Stealth Rock
|move|p2a: Tyranitar|Superpower|p1a: Rotom
|-damage|p1a: Rotom|36/100
|-unboost|p2a: Tyranitar|atk|1
|-unboost|p2a: Tyranitar|def|1
|
|-weather|Sandstorm|[upkeep]
|-damage|p1a: Rotom|31/100|[from] Sandstorm
|-heal|p1a: Rotom|36/100|[from] item: Leftovers
|upkeep
|turn|11
|
|switch|p2a: Gastrodon|Gastrodon, M|82/100 brn
|-damage|p2a: Gastrodon|76/100 brn|[from] Stealth Rock
|move|p1a: Rotom|Volt Switch|p2a: Gastrodon
|-immune|p2a: Gastrodon
|
|-weather|Sandstorm|[upkeep]
|-damage|p1a: Rotom|31/100|[from] Sandstorm
|-heal|p1a: Rotom|36/100|[from] item: Leftovers
|-heal|p2a: Gastrodon|82/100 brn|[from] item: Leftovers
|-damage|p2a: Gastrodon|69/100 brn|[from] brn
|upkeep
|turn|12
|
|switch|p1a: Celebi|Celebi|86/100
|-damage|p1a: Celebi|73/100|[from] Stealth Rock
|move|p2a: Gastrodon|Recover|p2a: Gastrodon
|-heal|p2a: Gastrodon|100/100 brn
|
|-weather|Sandstorm|[upkeep]
|-damage|p1a: Celebi|67/100|[from] Sandstorm
|-heal|p1a: Celebi|73/100|[from] item: Leftovers
|-damage|p2a: Gastrodon|88/100 brn|[from] brn
|upkeep
|turn|13
|
|switch|p2a: Tyranitar|Tyranitar, M|88/100
|-damage|p2a: Tyranitar|76/100|[from] Stealth Rock
|move|p1a: Celebi|Recover|p1a: Celebi
|-heal|p1a: Celebi|100/100
|
|-weather|Sandstorm|[upkeep]
|-damage|p1a: Celebi|94/100|[from] Sandstorm
|-heal|p1a: Celebi|100/100|[from] item: Leftovers
|upkeep
|turn|14
|
|-activate|p1a: Celebi|move: Pursuit
|move|p2a: Tyranitar|Pursuit|p1a: Celebi|[from]Pursuit
|-supereffective|p1a: Celebi
|-damage|p1a: Celebi|24/100
|switch|p1a: Excadrill|Excadrill, F|100/100
|-damage|p1a: Excadrill|97/100|[from] Stealth Rock
|
|-weather|Sandstorm|[upkeep]
|upkeep
|turn|15
|
|switch|p2a: Hippowdon|Hippowdon, F|100/100
|-damage|p2a: Hippowdon|94/100|[from] Stealth Rock
|move|p1a: Excadrill|Earthquake|p2a: Hippowdon
|-damage|p2a: Hippowdon|54/100
|
|-weather|Sandstorm|[upkeep]
|-heal|p2a: Hippowdon|60/100|[from] item: Leftovers
|upkeep
|turn|16
|
|move|p1a: Excadrill|Earthquake|p2a: Hippowdon
|-crit|p2a: Hippowdon
|-damage|p2a: Hippowdon|0 fnt
|faint|p2a: Hippowdon
|
|-weather|Sandstorm|[upkeep]
|upkeep
|
|switch|p2a: Heatran|Heatran, F|100/100
|-damage|p2a: Heatran|88/100|[from] Stealth Rock
|-item|p2a: Heatran|Air Balloon
|turn|17
|
|switch|p1a: Rotom|Rotom-Wash|36/100
|-damage|p1a: Rotom|24/100|[from] Stealth Rock
|move|p2a: Heatran|Lava Plume|p1a: Rotom
|-resisted|p1a: Rotom
|-damage|p1a: Rotom|7/100
|
|-weather|Sandstorm|[upkeep]
|-damage|p1a: Rotom|1/100|[from] Sandstorm
|-heal|p1a: Rotom|7/100|[from] item: Leftovers
|upkeep
|turn|18
|
|switch|p2a: Gastrodon|Gastrodon, M|88/100 brn
|-damage|p2a: Gastrodon|82/100 brn|[from] Stealth Rock
|move|p1a: Rotom|Will-O-Wisp|p2a: Gastrodon|[miss]
|-miss|p1a: Rotom|p2a: Gastrodon
|
|-weather|Sandstorm|[upkeep]
|-damage|p1a: Rotom|1/100|[from] Sandstorm
|-heal|p1a: Rotom|7/100|[from] item: Leftovers
|-heal|p2a: Gastrodon|88/100 brn|[from] item: Leftovers
|-damage|p2a: Gastrodon|76/100 brn|[from] brn
|upkeep
|turn|19
|
|move|p1a: Rotom|Hidden Power|p2a: Gastrodon
|-damage|p2a: Gastrodon|59/100 brn
|move|p2a: Gastrodon|Ice Beam|p1a: Rotom
|-resisted|p1a: Rotom
|-damage|p1a: Rotom|0 fnt
|faint|p1a: Rotom
|
|-weather|Sandstorm|[upkeep]
|-heal|p2a: Gastrodon|65/100 brn|[from] item: Leftovers
|-damage|p2a: Gastrodon|53/100 brn|[from] brn
|upkeep
|
|switch|p1a: Terrakion|Terrakion|94/100
|-damage|p1a: Terrakion|88/100|[from] Stealth Rock
|turn|20
|
|move|p1a: Terrakion|Close Combat|p2a: Gastrodon
|-damage|p2a: Gastrodon|0 fnt
|-unboost|p1a: Terrakion|def|1
|-unboost|p1a: Terrakion|spd|1
|faint|p2a: Gastrodon
|
|-weather|Sandstorm|[upkeep]
|upkeep
|
|switch|p2a: Excadrill|Excadrill, F|100/100
|-damage|p2a: Excadrill|97/100|[from] Stealth Rock
|turn|21
|
|switch|p1a: Celebi|Celebi|24/100
|-damage|p1a: Celebi|12/100|[from] Stealth Rock
|move|p2a: Excadrill|Rapid Spin|p1a: Celebi
|-damage|p1a: Celebi|3/100
|-sideend|p2: UniversalGrandpa|Stealth Rock|[from] move: Rapid Spin|[of] p2a: Excadrill
|-damage|p2a: Excadrill|87/100|[from] item: Life Orb
|
|-weather|Sandstorm|[upkeep]
|-damage|p1a: Celebi|0 fnt|[from] Sandstorm
|faint|p1a: Celebi
|upkeep
|
|switch|p1a: Terrakion|Terrakion|88/100
|-damage|p1a: Terrakion|82/100|[from] Stealth Rock
|turn|22
|
|move|p1a: Terrakion|Close Combat|p2a: Excadrill
|-supereffective|p2a: Excadrill
|-damage|p2a: Excadrill|0 fnt
|-unboost|p1a: Terrakion|def|1
|-unboost|p1a: Terrakion|spd|1
|faint|p2a: Excadrill
|
|-weather|Sandstorm|[upkeep]
|upkeep
|
|switch|p2a: Tyranitar|Tyranitar, M|76/100
|turn|23
|
|switch|p1a: Tyranitar|Tyranitar, M|100/100
|-damage|p1a: Tyranitar|88/100|[from] Stealth Rock
|move|p2a: Tyranitar|Superpower|p1a: Tyranitar
|-supereffective|p1a: Tyranitar
|-enditem|p1a: Tyranitar|Chople Berry|[eat]
|-enditem|p1a: Tyranitar|Chople Berry|[weaken]
|-damage|p1a: Tyranitar|12/100
|-unboost|p2a: Tyranitar|atk|1
|-unboost|p2a: Tyranitar|def|1
|
|-weather|Sandstorm|[upkeep]
|upkeep
|turn|24
|
|move|p2a: Tyranitar|Superpower|p1a: Tyranitar
|-supereffective|p1a: Tyranitar
|-damage|p1a: Tyranitar|0 fnt
|-unboost|p2a: Tyranitar|atk|1
|-unboost|p2a: Tyranitar|def|1
|faint|p1a: Tyranitar
|
|-weather|Sandstorm|[upkeep]
|upkeep
|
|switch|p1a: Terrakion|Terrakion|82/100
|-damage|p1a: Terrakion|76/100|[from] Stealth Rock
|turn|25
|
|switch|p2a: Heatran|Heatran, F|88/100
|-item|p2a: Heatran|Air Balloon
|move|p1a: Terrakion|Close Combat|p2a: Heatran
|-supereffective|p2a: Heatran
|-damage|p2a: Heatran|0 fnt
|-unboost|p1a: Terrakion|def|1
|-unboost|p1a: Terrakion|spd|1
|-enditem|p2a: Heatran|Air Balloon
|faint|p2a: Heatran
|
|-weather|Sandstorm|[upkeep]
|upkeep
|
|switch|p2a: Tyranitar|Tyranitar, M|76/100
|turn|26
|
|move|p2a: Tyranitar|Superpower|p1a: Terrakion
|-supereffective|p1a: Terrakion
|-damage|p1a: Terrakion|0 fnt
|-unboost|p2a: Tyranitar|atk|1
|-unboost|p2a: Tyranitar|def|1
|faint|p1a: Terrakion
|
|-weather|Sandstorm|[upkeep]
|upkeep
|
|switch|p1a: Excadrill|Excadrill, F|97/100
|-damage|p1a: Excadrill|94/100|[from] Stealth Rock
|turn|27
|
|move|p1a: Excadrill|Earthquake|p2a: Tyranitar
|-supereffective|p2a: Tyranitar
|-damage|p2a: Tyranitar|0 fnt
|faint|p2a: Tyranitar
|
|win|2can Toco
|c|☆UniversalGrandpa|gg
|c|☆2can Toco|gg
|raw|2can Toco's rating: 1311 &rarr; <strong>1332</strong><br />(+21 for winning)
|raw|UniversalGrandpa's rating: 1333 &rarr; <strong>1311</strong><br />(-22 for losing)
