|j|☆porrompompom
|j|☆rose of geass
|player|p1|porrompompom|102|1628
|player|p2|rose of geass|lucas|1423
|teamsize|p1|6
|teamsize|p2|6
|gametype|singles
|gen|5
|tier|[Gen 5] OU
|rated|
|clearpoke
|poke|p1|Hippowdon, F|item
|poke|p1|Sableye, F|item
|poke|p1|Skarmory, F|item
|poke|p1|Starmie|item
|poke|p1|Blissey, F|item
|poke|p1|Amoonguss, M|item
|poke|p2|Tyranitar, M|item
|poke|p2|Latios, M|item
|poke|p2|Amoonguss, M|item
|poke|p2|Excadrill, F|item
|poke|p2|Magnezone|item
|poke|p2|Gliscor, F|item
|rule|Species Clause: Limit one of each Pokémon
|rule|OHKO Clause: OHKO moves are banned
|rule|Moody Clause: Moody is banned
|rule|Evasion Moves Clause: Evasion moves are banned
|rule|Endless Battle Clause: Forcing endless battles is banned
|rule|HP Percentage Mod: HP is shown in percentages
|rule|Evasion Abilities Clause: Evasion abilities are banned
|rule|Baton Pass Clause: Limit one Baton Passer, can't pass Spe and other stats simultaneously
|rule|Sleep Clause: Sleep-inducing moves are banned
|rule|Swagger Clause: Swagger is banned
|teampreview
|inactive|Battle timer is ON: inactive players will automatically lose when time's up. (requested by porrompompom)
|
|start
|switch|p1a: Sableye|Sableye, F|100/100
|switch|p2a: Amoonguss|Amoonguss, M|100/100
|turn|1
|
|move|p1a: Sableye|Will-O-Wisp|p2a: Amoonguss
|-status|p2a: Amoonguss|brn
|move|p2a: Amoonguss|Stun Spore|p1a: Sableye|[miss]
|-miss|p2a: Amoonguss|p1a: Sableye
|
|-damage|p2a: Amoonguss|88/100 brn|[from] brn
|upkeep
|turn|2
|
|switch|p2a: Gliscor|Gliscor, F|100/100
|move|p1a: Sableye|Will-O-Wisp|p2a: Gliscor
|-status|p2a: Gliscor|brn
|
|-damage|p2a: Gliscor|88/100 brn|[from] brn
|upkeep
|turn|3
|
|switch|p2a: Latios|Latios, M|100/100
|move|p1a: Sableye|Taunt|p2a: Latios
|-start|p2a: Latios|move: Taunt
|
|upkeep
|turn|4
|
|switch|p2a: Tyranitar|Tyranitar, M|100/100
|-weather|Sandstorm|[from] ability: Sand Stream|[of] p2a: Tyranitar
|switch|p1a: Amoonguss|Amoonguss, M|100/100
|
|-weather|Sandstorm|[upkeep]
|-damage|p1a: Amoonguss|94/100|[from] Sandstorm
|-heal|p1a: Amoonguss|100/100|[from] item: Black Sludge
|upkeep
|turn|5
|
|switch|p1a: Hippowdon|Hippowdon, F|100/100
|move|p2a: Tyranitar|Stealth Rock|p1a: Hippowdon
|-sidestart|p1: porrompompom|move: Stealth Rock
|
|-weather|Sandstorm|[upkeep]
|upkeep
|turn|6
|
|switch|p2a: Latios|Latios, M|100/100
|move|p1a: Hippowdon|Stealth Rock|p2a: Latios
|-sidestart|p2: rose of geass|move: Stealth Rock
|
|-weather|Sandstorm|[upkeep]
|-damage|p2a: Latios|95/100|[from] Sandstorm
|upkeep
|turn|7
|
|switch|p1a: Blissey|Blissey, F|100/100
|-damage|p1a: Blissey|88/100|[from] Stealth Rock
|move|p2a: Latios|Draco Meteor|p1a: Blissey
|-damage|p1a: Blissey|49/100
|-unboost|p2a: Latios|spa|2
|
|-weather|Sandstorm|[upkeep]
|-damage|p2a: Latios|89/100|[from] Sandstorm
|-damage|p1a: Blissey|43/100|[from] Sandstorm
|-heal|p1a: Blissey|49/100|[from] item: Leftovers
|upkeep
|turn|8
|
|switch|p2a: Tyranitar|Tyranitar, M|100/100
|-damage|p2a: Tyranitar|88/100|[from] Stealth Rock
|move|p1a: Blissey|Soft-Boiled|p1a: Blissey
|-heal|p1a: Blissey|99/100
|
|-weather|Sandstorm|[upkeep]
|-damage|p1a: Blissey|93/100|[from] Sandstorm
|-heal|p1a: Blissey|99/100|[from] item: Leftovers
|upkeep
|turn|9
|
|-activate|p1a: Blissey|move: Pursuit
|move|p2a: Tyranitar|Pursuit|p1a: Blissey|[from]Pursuit
|-damage|p1a: Blissey|62/100
|switch|p1a: Hippowdon|Hippowdon, F|100/100
|-damage|p1a: Hippowdon|94/100|[from] Stealth Rock
|
|-weather|Sandstorm|[upkeep]
|-heal|p1a: Hippowdon|100/100|[from] item: Leftovers
|upkeep
|turn|10
|
|switch|p1a: Blissey|Blissey, F|62/100
|-damage|p1a: Blissey|49/100|[from] Stealth Rock
|move|p2a: Tyranitar|Crunch|p1a: Blissey
|-damage|p1a: Blissey|11/100
|
|-weather|Sandstorm|[upkeep]
|-damage|p1a: Blissey|5/100|[from] Sandstorm
|-heal|p1a: Blissey|11/100|[from] item: Leftovers
|upkeep
|turn|11
|
|move|p2a: Tyranitar|Pursuit|p1a: Blissey
|-damage|p1a: Blissey|0 fnt
|faint|p1a: Blissey
|
|-weather|Sandstorm|[upkeep]
|upkeep
|
|switch|p1a: Sableye|Sableye, F|100/100
|-damage|p1a: Sableye|88/100|[from] Stealth Rock
|turn|12
|
|switch|p2a: Amoonguss|Amoonguss, M|100/100 brn
|-damage|p2a: Amoonguss|88/100 brn|[from] Stealth Rock
|move|p1a: Sableye|Foul Play|p2a: Amoonguss
|-damage|p2a: Amoonguss|64/100 brn
|
|-weather|Sandstorm|[upkeep]
|-damage|p1a: Sableye|82/100|[from] Sandstorm
|-damage|p2a: Amoonguss|58/100 brn|[from] Sandstorm
|-heal|p1a: Sableye|88/100|[from] item: Leftovers
|-heal|p2a: Amoonguss|64/100 brn|[from] item: Black Sludge
|-damage|p2a: Amoonguss|52/100 brn|[from] brn
|upkeep
|turn|13
|
|switch|p2a: Magnezone|Magnezone|100/100
|-damage|p2a: Magnezone|94/100|[from] Stealth Rock
|-item|p2a: Magnezone|Air Balloon
|move|p1a: Sableye|Taunt|p2a: Magnezone
|-start|p2a: Magnezone|move: Taunt
|
|-weather|Sandstorm|[upkeep]
|-damage|p1a: Sableye|82/100|[from] Sandstorm
|-heal|p1a: Sableye|88/100|[from] item: Leftovers
|upkeep
|turn|14
|
|move|p1a: Sableye|Will-O-Wisp|p2a: Magnezone
|-status|p2a: Magnezone|brn
|move|p2a: Magnezone|Flash Cannon|p1a: Sableye
|-damage|p1a: Sableye|36/100
|
|-weather|Sandstorm|[upkeep]
|-damage|p1a: Sableye|31/100|[from] Sandstorm
|-heal|p1a: Sableye|36/100|[from] item: Leftovers
|-damage|p2a: Magnezone|82/100 brn|[from] brn
|upkeep
|turn|15
|
|move|p1a: Sableye|Recover|p1a: Sableye
|-heal|p1a: Sableye|87/100
|move|p2a: Magnezone|Flash Cannon|p1a: Sableye
|-damage|p1a: Sableye|39/100
|-unboost|p1a: Sableye|spd|1
|
|-weather|Sandstorm|[upkeep]
|-damage|p1a: Sableye|33/100|[from] Sandstorm
|-heal|p1a: Sableye|39/100|[from] item: Leftovers
|-damage|p2a: Magnezone|70/100 brn|[from] brn
|-end|p2a: Magnezone|move: Taunt
|upkeep
|turn|16
|
|switch|p1a: Amoonguss|Amoonguss, M|100/100
|-damage|p1a: Amoonguss|88/100|[from] Stealth Rock
|move|p2a: Magnezone|Flash Cannon|p1a: Amoonguss
|-damage|p1a: Amoonguss|55/100
|
|-weather|Sandstorm|[upkeep]
|-damage|p1a: Amoonguss|49/100|[from] Sandstorm
|-heal|p1a: Amoonguss|55/100|[from] item: Black Sludge
|-damage|p2a: Magnezone|57/100 brn|[from] brn
|upkeep
|turn|17
|
|move|p2a: Magnezone|Flash Cannon|p1a: Amoonguss
|-damage|p1a: Amoonguss|23/100
|move|p1a: Amoonguss|Giga Drain|p2a: Magnezone
|-resisted|p2a: Magnezone
|-damage|p2a: Magnezone|41/100 brn
|-heal|p1a: Amoonguss|28/100|[from] drain|[of] p2a: Magnezone
|-enditem|p2a: Magnezone|Air Balloon
|
|-weather|Sandstorm|[upkeep]
|-damage|p1a: Amoonguss|22/100|[from] Sandstorm
|-heal|p1a: Amoonguss|28/100|[from] item: Black Sludge
|-damage|p2a: Magnezone|29/100 brn|[from] brn
|upkeep
|turn|18
|
|switch|p1a: Starmie|Starmie|100/100
|-damage|p1a: Starmie|88/100|[from] Stealth Rock
|move|p2a: Magnezone|Flash Cannon|p1a: Starmie
|-resisted|p1a: Starmie
|-damage|p1a: Starmie|62/100
|
|-weather|Sandstorm|[upkeep]
|-damage|p1a: Starmie|56/100|[from] Sandstorm
|-heal|p1a: Starmie|62/100|[from] item: Leftovers
|-damage|p2a: Magnezone|16/100 brn|[from] brn
|upkeep
|turn|19
|
|switch|p2a: Amoonguss|Amoonguss, M|85/100 brn
|-damage|p2a: Amoonguss|73/100 brn|[from] Stealth Rock
|move|p1a: Starmie|Scald|p2a: Amoonguss
|-resisted|p2a: Amoonguss
|-crit|p2a: Amoonguss
|-damage|p2a: Amoonguss|55/100 brn
|
|-weather|Sandstorm|[upkeep]
|-damage|p1a: Starmie|56/100|[from] Sandstorm
|-damage|p2a: Amoonguss|49/100 brn|[from] Sandstorm
|-heal|p1a: Starmie|62/100|[from] item: Leftovers
|-heal|p2a: Amoonguss|55/100 brn|[from] item: Black Sludge
|-damage|p2a: Amoonguss|43/100 brn|[from] brn
|upkeep
|turn|20
|
|move|p1a: Starmie|Reflect Type|p2a: Amoonguss
|-start|p1a: Starmie|typechange|[from] move: Reflect Type|[of] p2a: Amoonguss
|move|p2a: Amoonguss|Stun Spore|p1a: Starmie|[miss]
|-miss|p2a: Amoonguss|p1a: Starmie
|
|-weather|Sandstorm|[upkeep]
|-damage|p1a: Starmie|56/100|[from] Sandstorm
|-damage|p2a: Amoonguss|37/100 brn|[from] Sandstorm
|-heal|p1a: Starmie|62/100|[from] item: Leftovers
|-heal|p2a: Amoonguss|43/100 brn|[from] item: Black Sludge
|-damage|p2a: Amoonguss|30/100 brn|[from] brn
|upkeep
|turn|21
|
|switch|p2a: Tyranitar|Tyranitar, M|88/100
|-damage|p2a: Tyranitar|76/100|[from] Stealth Rock
|move|p1a: Starmie|Rapid Spin|p2a: Tyranitar
|-resisted|p2a: Tyranitar
|-damage|p2a: Tyranitar|74/100
|-sideend|p1: porrompompom|Stealth Rock|[from] move: Rapid Spin|[of] p1a: Starmie
|
|-weather|Sandstorm|[upkeep]
|-damage|p1a: Starmie|56/100|[from] Sandstorm
|-heal|p1a: Starmie|62/100|[from] item: Leftovers
|upkeep
|turn|22
|
|move|p1a: Starmie|Recover|p1a: Starmie
|-heal|p1a: Starmie|100/100
|move|p2a: Tyranitar|Stealth Rock|p1a: Starmie
|-sidestart|p1: porrompompom|move: Stealth Rock
|
|-weather|Sandstorm|[upkeep]
|-damage|p1a: Starmie|94/100|[from] Sandstorm
|-heal|p1a: Starmie|100/100|[from] item: Leftovers
|upkeep
|turn|23
|
|switch|p1a: Hippowdon|Hippowdon, F|100/100
|-damage|p1a: Hippowdon|94/100|[from] Stealth Rock
|switch|p2a: Latios|Latios, M|89/100
|-damage|p2a: Latios|76/100|[from] Stealth Rock
|
|-weather|Sandstorm|[upkeep]
|-damage|p2a: Latios|70/100|[from] Sandstorm
|-heal|p1a: Hippowdon|100/100|[from] item: Leftovers
|upkeep
|turn|24
|
|switch|p1a: Amoonguss|Amoonguss, M|61/100
|-damage|p1a: Amoonguss|49/100|[from] Stealth Rock
|move|p2a: Latios|Draco Meteor|p1a: Amoonguss
|-damage|p1a: Amoonguss|0 fnt
|-unboost|p2a: Latios|spa|2
|faint|p1a: Amoonguss
|
|-weather|Sandstorm|[upkeep]
|-damage|p2a: Latios|64/100|[from] Sandstorm
|upkeep
|
|switch|p1a: Starmie|Starmie|100/100
|-damage|p1a: Starmie|88/100|[from] Stealth Rock
|turn|25
|
|move|p1a: Starmie|Rapid Spin|p2a: Latios
|-damage|p2a: Latios|61/100
|-sideend|p1: porrompompom|Stealth Rock|[from] move: Rapid Spin|[of] p1a: Starmie
|move|p2a: Latios|Draco Meteor|p1a: Starmie
|-damage|p1a: Starmie|27/100
|-unboost|p2a: Latios|spa|2
|
|-weather|Sandstorm|[upkeep]
|-damage|p1a: Starmie|21/100|[from] Sandstorm
|-damage|p2a: Latios|55/100|[from] Sandstorm
|-heal|p1a: Starmie|27/100|[from] item: Leftovers
|upkeep
|turn|26
|
|switch|p2a: Amoonguss|Amoonguss, M|64/100 brn
|-damage|p2a: Amoonguss|51/100 brn|[from] Stealth Rock
|move|p1a: Starmie|Recover|p1a: Starmie
|-heal|p1a: Starmie|78/100
|
|-weather|Sandstorm|[upkeep]
|-damage|p1a: Starmie|71/100|[from] Sandstorm
|-damage|p2a: Amoonguss|45/100 brn|[from] Sandstorm
|-heal|p1a: Starmie|78/100|[from] item: Leftovers
|-heal|p2a: Amoonguss|51/100 brn|[from] item: Black Sludge
|-damage|p2a: Amoonguss|39/100 brn|[from] brn
|upkeep
|turn|27
|
|switch|p1a: Sableye|Sableye, F|39/100
|move|p2a: Amoonguss|Stun Spore|p1a: Sableye
|-status|p1a: Sableye|par
|
|-weather|Sandstorm|[upkeep]
|-damage|p2a: Amoonguss|33/100 brn|[from] Sandstorm
|-damage|p1a: Sableye|33/100 par|[from] Sandstorm
|-heal|p2a: Amoonguss|39/100 brn|[from] item: Black Sludge
|-heal|p1a: Sableye|39/100 par|[from] item: Leftovers
|-damage|p2a: Amoonguss|26/100 brn|[from] brn
|upkeep
|turn|28
|
|move|p1a: Sableye|Recover|p1a: Sableye
|-heal|p1a: Sableye|89/100 par
|move|p2a: Amoonguss|Giga Drain|p1a: Sableye
|-damage|p1a: Sableye|64/100 par
|-heal|p2a: Amoonguss|35/100 brn|[from] drain|[of] p1a: Sableye
|
|-weather|Sandstorm|[upkeep]
|-damage|p2a: Amoonguss|29/100 brn|[from] Sandstorm
|-damage|p1a: Sableye|58/100 par|[from] Sandstorm
|-heal|p2a: Amoonguss|35/100 brn|[from] item: Black Sludge
|-heal|p1a: Sableye|64/100 par|[from] item: Leftovers
|-damage|p2a: Amoonguss|23/100 brn|[from] brn
|upkeep
|turn|29
|
|cant|p1a: Sableye|par
|move|p2a: Amoonguss|Giga Drain|p1a: Sableye
|-crit|p1a: Sableye
|-damage|p1a: Sableye|16/100 par
|-heal|p2a: Amoonguss|40/100 brn|[from] drain|[of] p1a: Sableye
|
|-weather|Sandstorm|[upkeep]
|-damage|p2a: Amoonguss|34/100 brn|[from] Sandstorm
|-damage|p1a: Sableye|10/100 par|[from] Sandstorm
|-heal|p2a: Amoonguss|40/100 brn|[from] item: Black Sludge
|-heal|p1a: Sableye|16/100 par|[from] item: Leftovers
|-damage|p2a: Amoonguss|27/100 brn|[from] brn
|upkeep
|turn|30
|
|cant|p1a: Sableye|par
|move|p2a: Amoonguss|Giga Drain|p1a: Sableye
|-damage|p1a: Sableye|0 fnt
|-heal|p2a: Amoonguss|33/100 brn|[from] drain|[of] p1a: Sableye
|faint|p1a: Sableye
|
|-weather|Sandstorm|[upkeep]
|-damage|p2a: Amoonguss|27/100 brn|[from] Sandstorm
|-heal|p2a: Amoonguss|33/100 brn|[from] item: Black Sludge
|-damage|p2a: Amoonguss|21/100 brn|[from] brn
|upkeep
|c|☆porrompompom|wig
|
|switch|p1a: Skarmory|Skarmory, F|100/100
|turn|31
|inactive|rose of geass has 120 seconds left.
|j| huxinshen
|
|move|p1a: Skarmory|Taunt|p2a: Amoonguss
|-start|p2a: Amoonguss|move: Taunt
|move|p2a: Amoonguss|Hidden Power|p1a: Skarmory
|-crit|p1a: Skarmory
|-damage|p1a: Skarmory|59/100
|
|-weather|Sandstorm|[upkeep]
|-damage|p2a: Amoonguss|14/100 brn|[from] Sandstorm
|-heal|p2a: Amoonguss|21/100 brn|[from] item: Black Sludge
|-damage|p2a: Amoonguss|8/100 brn|[from] brn
|upkeep
|turn|32
|
|switch|p2a: Magnezone|Magnezone|16/100 brn
|-damage|p2a: Magnezone|10/100 brn|[from] Stealth Rock
|move|p1a: Skarmory|Roost|p1a: Skarmory
|-heal|p1a: Skarmory|100/100
|-singleturn|p1a: Skarmory|move: Roost
|
|-weather|Sandstorm|[upkeep]
|-damage|p2a: Magnezone|0 fnt|[from] brn
|faint|p2a: Magnezone
|upkeep
|
|switch|p2a: Latios|Latios, M|55/100
|-damage|p2a: Latios|43/100|[from] Stealth Rock
|turn|33
|
|move|p2a: Latios|Trick|p1a: Skarmory
|-activate|p2a: Latios|move: Trick|[of] p1a: Skarmory
|-item|p1a: Skarmory|Choice Specs|[from] move: Trick
|-item|p2a: Latios|Shed Shell|[from] move: Trick
|move|p1a: Skarmory|Roost||[still]
|-fail|p1a: Skarmory|heal
|
|-weather|Sandstorm|[upkeep]
|-damage|p2a: Latios|37/100|[from] Sandstorm
|upkeep
|turn|34
|inactive|rose of geass has 120 seconds left.
|
|switch|p2a: Excadrill|Excadrill, F|100/100
|-damage|p2a: Excadrill|97/100|[from] Stealth Rock
|move|p1a: Skarmory|Roost||[still]
|-fail|p1a: Skarmory|heal
|
|-weather|Sandstorm|[upkeep]
|upkeep
|turn|35
|
|switch|p1a: Hippowdon|Hippowdon, F|100/100
|move|p2a: Excadrill|Rapid Spin|p1a: Hippowdon
|-damage|p1a: Hippowdon|96/100
|-sideend|p2: rose of geass|Stealth Rock|[from] move: Rapid Spin|[of] p2a: Excadrill
|
|-weather|Sandstorm|[upkeep]
|-heal|p1a: Hippowdon|100/100|[from] item: Leftovers
|upkeep
|turn|36
|
|switch|p2a: Latios|Latios, M|37/100
|move|p1a: Hippowdon|Stealth Rock|p2a: Latios
|-sidestart|p2: rose of geass|move: Stealth Rock
|
|-weather|Sandstorm|[upkeep]
|-damage|p2a: Latios|31/100|[from] Sandstorm
|upkeep
|turn|37
|
|switch|p1a: Starmie|Starmie|78/100
|move|p2a: Latios|Surf|p1a: Starmie
|-resisted|p1a: Starmie
|-damage|p1a: Starmie|57/100
|
|-weather|Sandstorm|[upkeep]
|-damage|p1a: Starmie|50/100|[from] Sandstorm
|-damage|p2a: Latios|25/100|[from] Sandstorm
|-heal|p1a: Starmie|57/100|[from] item: Leftovers
|upkeep
|turn|38
|
|switch|p1a: Skarmory|Skarmory, F|100/100
|switch|p2a: Gliscor|Gliscor, F|88/100 brn
|-damage|p2a: Gliscor|75/100 brn|[from] Stealth Rock
|
|-weather|Sandstorm|[upkeep]
|-damage|p2a: Gliscor|63/100 brn|[from] brn
|upkeep
|turn|39
|
|switch|p2a: Tyranitar|Tyranitar, M|74/100
|-damage|p2a: Tyranitar|62/100|[from] Stealth Rock
|switch|p1a: Starmie|Starmie|57/100
|
|-weather|Sandstorm|[upkeep]
|-damage|p1a: Starmie|50/100|[from] Sandstorm
|-heal|p1a: Starmie|57/100|[from] item: Leftovers
|upkeep
|turn|40
|
|move|p1a: Starmie|Reflect Type|p2a: Tyranitar
|-start|p1a: Starmie|typechange|[from] move: Reflect Type|[of] p2a: Tyranitar
|move|p2a: Tyranitar|Crunch|p1a: Starmie
|-resisted|p1a: Starmie
|-damage|p1a: Starmie|30/100
|
|-weather|Sandstorm|[upkeep]
|-heal|p1a: Starmie|36/100|[from] item: Leftovers
|upkeep
|turn|41
|
|move|p1a: Starmie|Recover|p1a: Starmie
|-heal|p1a: Starmie|86/100
|move|p2a: Tyranitar|Superpower|p1a: Starmie
|-supereffective|p1a: Starmie
|-damage|p1a: Starmie|0 fnt
|-unboost|p2a: Tyranitar|atk|1
|-unboost|p2a: Tyranitar|def|1
|faint|p1a: Starmie
|
|-weather|Sandstorm|[upkeep]
|upkeep
|
|switch|p1a: Hippowdon|Hippowdon, F|100/100
|turn|42
|
|move|p2a: Tyranitar|Stealth Rock|p1a: Hippowdon
|-sidestart|p1: porrompompom|move: Stealth Rock
|move|p1a: Hippowdon|Earthquake|p2a: Tyranitar
|-supereffective|p2a: Tyranitar
|-damage|p2a: Tyranitar|0 fnt
|faint|p2a: Tyranitar
|
|-weather|Sandstorm|[upkeep]
|upkeep
|
|switch|p2a: Latios|Latios, M|25/100
|-damage|p2a: Latios|12/100|[from] Stealth Rock
|turn|43
|
|switch|p1a: Skarmory|Skarmory, F|100/100
|-damage|p1a: Skarmory|88/100|[from] Stealth Rock
|move|p2a: Latios|Surf|p1a: Skarmory
|-damage|p1a: Skarmory|41/100
|
|-weather|Sandstorm|[upkeep]
|-damage|p2a: Latios|6/100|[from] Sandstorm
|upkeep
|turn|44
|
|move|p2a: Latios|Surf|p1a: Skarmory
|-damage|p1a: Skarmory|0 fnt
|faint|p1a: Skarmory
|
|-weather|Sandstorm|[upkeep]
|-damage|p2a: Latios|0 fnt|[from] Sandstorm
|faint|p2a: Latios
|upkeep
|
|switch|p2a: Amoonguss|Amoonguss, M|41/100 brn
|switch|p1a: Hippowdon|Hippowdon, F|100/100
|-damage|p1a: Hippowdon|94/100|[from] Stealth Rock
|-damage|p2a: Amoonguss|29/100 brn|[from] Stealth Rock
|turn|45
|
|switch|p2a: Gliscor|Gliscor, F|63/100 brn
|-damage|p2a: Gliscor|50/100 brn|[from] Stealth Rock
|move|p1a: Hippowdon|Earthquake|p2a: Gliscor
|-immune|p2a: Gliscor
|
|-weather|Sandstorm|[upkeep]
|-heal|p1a: Hippowdon|100/100|[from] item: Leftovers
|-damage|p2a: Gliscor|38/100 brn|[from] brn
|upkeep
|turn|46
|
|move|p2a: Gliscor|Roost|p2a: Gliscor
|-heal|p2a: Gliscor|88/100 brn
|-singleturn|p2a: Gliscor|move: Roost
|move|p1a: Hippowdon|Ice Fang|p2a: Gliscor
|-supereffective|p2a: Gliscor
|-damage|p2a: Gliscor|62/100 brn
|
|-weather|Sandstorm|[upkeep]
|-damage|p2a: Gliscor|50/100 brn|[from] brn
|upkeep
|turn|47
|
|move|p2a: Gliscor|Roost|p2a: Gliscor
|-heal|p2a: Gliscor|99/100 brn
|-singleturn|p2a: Gliscor|move: Roost
|move|p1a: Hippowdon|Ice Fang|p2a: Gliscor
|-supereffective|p2a: Gliscor
|-damage|p2a: Gliscor|75/100 brn
|
|-weather|Sandstorm|[upkeep]
|-damage|p2a: Gliscor|62/100 brn|[from] brn
|upkeep
|turn|48
|
|move|p2a: Gliscor|Roost|p2a: Gliscor
|-heal|p2a: Gliscor|100/100 brn
|-singleturn|p2a: Gliscor|move: Roost
|move|p1a: Hippowdon|Ice Fang|p2a: Gliscor
|-supereffective|p2a: Gliscor
|-damage|p2a: Gliscor|73/100 brn
|
|-weather|Sandstorm|[upkeep]
|-damage|p2a: Gliscor|61/100 brn|[from] brn
|upkeep
|turn|49
|
|move|p2a: Gliscor|Roost|p2a: Gliscor
|-heal|p2a: Gliscor|100/100 brn
|-singleturn|p2a: Gliscor|move: Roost
|move|p1a: Hippowdon|Ice Fang|p2a: Gliscor
|-supereffective|p2a: Gliscor
|-damage|p2a: Gliscor|75/100 brn
|
|-weather|Sandstorm|[upkeep]
|-damage|p2a: Gliscor|62/100 brn|[from] brn
|upkeep
|turn|50
|
|move|p2a: Gliscor|Roost|p2a: Gliscor
|-heal|p2a: Gliscor|100/100 brn
|-singleturn|p2a: Gliscor|move: Roost
|move|p1a: Hippowdon|Ice Fang|p2a: Gliscor
|-supereffective|p2a: Gliscor
|-damage|p2a: Gliscor|75/100 brn
|
|-weather|Sandstorm|[upkeep]
|-damage|p2a: Gliscor|63/100 brn|[from] brn
|upkeep
|turn|51
|
|move|p2a: Gliscor|Roost|p2a: Gliscor
|-heal|p2a: Gliscor|100/100 brn
|-singleturn|p2a: Gliscor|move: Roost
|move|p1a: Hippowdon|Ice Fang|p2a: Gliscor
|-supereffective|p2a: Gliscor
|-damage|p2a: Gliscor|72/100 brn
|
|-weather|Sandstorm|[upkeep]
|-damage|p2a: Gliscor|60/100 brn|[from] brn
|upkeep
|turn|52
|
|switch|p2a: Excadrill|Excadrill, F|97/100
|-damage|p2a: Excadrill|94/100|[from] Stealth Rock
|move|p1a: Hippowdon|Ice Fang|p2a: Excadrill|[miss]
|-miss|p1a: Hippowdon|p2a: Excadrill
|
|-weather|Sandstorm|[upkeep]
|upkeep
|turn|53
|
|move|p2a: Excadrill|Rapid Spin|p1a: Hippowdon
|-damage|p1a: Hippowdon|96/100
|-sideend|p2: rose of geass|Stealth Rock|[from] move: Rapid Spin|[of] p2a: Excadrill
|move|p1a: Hippowdon|Earthquake|p2a: Excadrill
|-supereffective|p2a: Excadrill
|-damage|p2a: Excadrill|0 fnt
|faint|p2a: Excadrill
|
|-weather|Sandstorm|[upkeep]
|-heal|p1a: Hippowdon|100/100|[from] item: Leftovers
|upkeep
|
|switch|p2a: Amoonguss|Amoonguss, M|62/100 brn
|turn|54
|
|move|p1a: Hippowdon|Earthquake|p2a: Amoonguss
|-crit|p2a: Amoonguss
|-damage|p2a: Amoonguss|0 fnt
|faint|p2a: Amoonguss
|
|-weather|Sandstorm|[upkeep]
|upkeep
|
|switch|p2a: Gliscor|Gliscor, F|60/100 brn
|turn|55
|
|move|p2a: Gliscor|Earthquake|p1a: Hippowdon
|-damage|p1a: Hippowdon|92/100
|move|p1a: Hippowdon|Ice Fang|p2a: Gliscor
|-supereffective|p2a: Gliscor
|-damage|p2a: Gliscor|8/100 brn
|
|-weather|Sandstorm|[upkeep]
|-heal|p1a: Hippowdon|98/100|[from] item: Leftovers
|-damage|p2a: Gliscor|0 fnt|[from] brn
|faint|p2a: Gliscor
|
|win|porrompompom
|upkeep
|c|☆rose of geass|gg
|raw|porrompompom's rating: 1628 &rarr; <strong>1637</strong><br />(+9 for winning)
|raw|rose of geass's rating: 1423 &rarr; <strong>1414</strong><br />(-9 for losing)
|l|☆porrompompom
