|j|☆J_Spot
|j|☆Croaset
|t:|1731625707
|gametype|singles
|player|p1|J_Spot|lucas-gen4pt|1350
|player|p2|Croaset|elesa|1361
|teamsize|p1|6
|teamsize|p2|6
|gen|5
|tier|[Gen 5] OU
|rated|
|rule|Species Clause: Limit one of each Pokémon
|rule|OHKO Clause: OHKO moves are banned
|rule|Moody Clause: Moody is banned
|rule|Evasion Items Clause: Evasion items are banned
|rule|Evasion Moves Clause: Evasion moves are banned
|rule|Endless Battle Clause: Forcing endless battles is banned
|rule|HP Percentage Mod: HP is shown in percentages
|rule|Evasion Abilities Clause: Evasion abilities are banned
|rule|Sleep Moves Clause: Sleep-inducing moves are banned
|rule|Swagger Clause: Swagger is banned
|rule|Baton Pass Stat Clause: No Baton Passer may have a way to boost its stats
|clearpoke
|poke|p1|Politoed, M|item
|poke|p1|Ferrothorn, M|item
|poke|p1|Tentacruel, M|item
|poke|p1|Garchomp, F|item
|poke|p1|Latios, M|item
|poke|p1|Tornadus, M|item
|poke|p2|Reuniclus, F|item
|poke|p2|Skarmory, F|item
|poke|p2|Latios, M|item
|poke|p2|Tyranitar, M|item
|poke|p2|Amoonguss, M|item
|poke|p2|Latias, F|item
|teampreview
|inactive|Battle timer is ON: inactive players will automatically lose when time's up. (requested by J_Spot)
|
|t:|1731625737
|start
|switch|p1a: Politoed|Politoed, M|100/100
|switch|p2a: Latias|Latias, F|100/100
|-weather|RainDance|[from] ability: Drizzle|[of] p1a: Politoed
|turn|1
|
|t:|1731625752
|move|p1a: Politoed|Protect|p1a: Politoed
|-singleturn|p1a: Politoed|Protect
|move|p2a: Latias|Thunder Wave|p1a: Politoed
|-activate|p1a: Politoed|move: Protect
|
|-weather|RainDance|[upkeep]
|upkeep
|turn|2
|
|t:|1731625760
|switch|p1a: Ferrothorn|Ferrothorn, M|100/100
|move|p2a: Latias|Thunder Wave|p1a: Ferrothorn
|-status|p1a: Ferrothorn|par
|
|-weather|RainDance|[upkeep]
|upkeep
|turn|3
|
|t:|1731625767
|switch|p2a: Skarmory|Skarmory, F|100/100
|move|p1a: Ferrothorn|Stealth Rock|p2a: Skarmory
|-sidestart|p2: Croaset|move: Stealth Rock
|
|-weather|RainDance|[upkeep]
|upkeep
|turn|4
|
|t:|1731625770
|move|p2a: Skarmory|Stealth Rock|p1a: Ferrothorn
|-sidestart|p1: J_Spot|move: Stealth Rock
|move|p1a: Ferrothorn|Knock Off|p2a: Skarmory
|-resisted|p2a: Skarmory
|-damage|p2a: Skarmory|99/100
|-enditem|p2a: Skarmory|Leftovers|[from] move: Knock Off|[of] p1a: Ferrothorn
|
|-weather|RainDance|[upkeep]
|upkeep
|turn|5
|
|t:|1731625774
|move|p2a: Skarmory|Spikes|p1a: Ferrothorn
|-sidestart|p1: J_Spot|Spikes
|move|p1a: Ferrothorn|Spikes|p2a: Skarmory
|-sidestart|p2: Croaset|Spikes
|
|-weather|RainDance|[upkeep]
|upkeep
|turn|6
|
|t:|1731625777
|move|p2a: Skarmory|Spikes|p1a: Ferrothorn
|-sidestart|p1: J_Spot|Spikes
|move|p1a: Ferrothorn|Spikes|p2a: Skarmory
|-sidestart|p2: Croaset|Spikes
|
|-weather|RainDance|[upkeep]
|upkeep
|turn|7
|
|t:|1731625779
|switch|p1a: Tentacruel|Tentacruel, M|100/100
|-damage|p1a: Tentacruel|88/100|[from] Stealth Rock
|-damage|p1a: Tentacruel|72/100|[from] Spikes
|move|p2a: Skarmory|Spikes|p1a: Tentacruel
|-sidestart|p1: J_Spot|Spikes
|
|-weather|RainDance|[upkeep]
|-heal|p1a: Tentacruel|78/100|[from] ability: Rain Dish
|-heal|p1a: Tentacruel|84/100|[from] item: Black Sludge
|upkeep
|turn|8
|
|t:|1731625784
|switch|p2a: Latios|Latios, M|100/100
|-damage|p2a: Latios|88/100|[from] Stealth Rock
|move|p1a: Tentacruel|Rapid Spin|p2a: Latios
|-damage|p2a: Latios|85/100
|-sideend|p1: J_Spot|Spikes|[from] move: Rapid Spin|[of] p1a: Tentacruel
|-sideend|p1: J_Spot|Stealth Rock|[from] move: Rapid Spin|[of] p1a: Tentacruel
|
|-weather|RainDance|[upkeep]
|-heal|p1a: Tentacruel|90/100|[from] ability: Rain Dish
|-heal|p1a: Tentacruel|96/100|[from] item: Black Sludge
|upkeep
|turn|9
|
|t:|1731625789
|move|p1a: Tentacruel|Protect|p1a: Tentacruel
|-singleturn|p1a: Tentacruel|Protect
|move|p2a: Latios|Psychic|p1a: Tentacruel
|-activate|p1a: Tentacruel|move: Protect
|
|-weather|RainDance|[upkeep]
|-heal|p1a: Tentacruel|100/100|[from] ability: Rain Dish
|upkeep
|turn|10
|
|t:|1731625794
|switch|p1a: Ferrothorn|Ferrothorn, M|100/100 par
|move|p2a: Latios|Draco Meteor|p1a: Ferrothorn|[miss]
|-miss|p2a: Latios|p1a: Ferrothorn
|
|-weather|RainDance|[upkeep]
|upkeep
|turn|11
|
|t:|1731625801
|switch|p2a: Skarmory|Skarmory, F|99/100
|-damage|p2a: Skarmory|87/100|[from] Stealth Rock
|move|p1a: Ferrothorn|Spikes|p2a: Skarmory
|-sidestart|p2: Croaset|Spikes
|
|-weather|RainDance|[upkeep]
|upkeep
|turn|12
|
|t:|1731625804
|switch|p1a: Tentacruel|Tentacruel, M|100/100
|move|p2a: Skarmory|Stealth Rock|p1a: Tentacruel
|-sidestart|p1: J_Spot|move: Stealth Rock
|
|-weather|RainDance|[upkeep]
|upkeep
|turn|13
|
|t:|1731625811
|switch|p2a: Reuniclus|Reuniclus, F, shiny|100/100
|move|p1a: Tentacruel|Rapid Spin|p2a: Reuniclus
|-damage|p2a: Reuniclus|98/100
|-sideend|p1: J_Spot|Stealth Rock|[from] move: Rapid Spin|[of] p1a: Tentacruel
|
|-weather|RainDance|[upkeep]
|-heal|p2a: Reuniclus|100/100|[from] item: Leftovers
|upkeep
|turn|14
|
|t:|1731625825
|switch|p1a: Latios|Latios, M|100/100
|move|p2a: Reuniclus|Calm Mind|p2a: Reuniclus
|-boost|p2a: Reuniclus|spa|1
|-boost|p2a: Reuniclus|spd|1
|
|-weather|RainDance|[upkeep]
|upkeep
|turn|15
|
|t:|1731625829
|switch|p2a: Tyranitar|Tyranitar, M|100/100
|-damage|p2a: Tyranitar|88/100|[from] Stealth Rock
|-damage|p2a: Tyranitar|63/100|[from] Spikes
|-weather|Sandstorm|[from] ability: Sand Stream|[of] p2a: Tyranitar
|move|p1a: Latios|Trick|p2a: Tyranitar
|-activate|p1a: Latios|move: Trick|[of] p2a: Tyranitar
|-item|p2a: Tyranitar|Choice Scarf|[from] move: Trick
|-item|p1a: Latios|Chople Berry|[from] move: Trick
|
|-weather|Sandstorm|[upkeep]
|-damage|p1a: Latios|95/100|[from] Sandstorm
|upkeep
|turn|16
|
|t:|1731625836
|move|p1a: Latios|Draco Meteor|p2a: Tyranitar
|-damage|p2a: Tyranitar|34/100
|-unboost|p1a: Latios|spa|2
|move|p2a: Tyranitar|Pursuit|p1a: Latios
|-supereffective|p1a: Latios
|-damage|p1a: Latios|44/100
|
|-weather|Sandstorm|[upkeep]
|-damage|p1a: Latios|38/100|[from] Sandstorm
|upkeep
|turn|17
|
|t:|1731625845
|move|p1a: Latios|Surf|p2a: Tyranitar
|-supereffective|p2a: Tyranitar
|-damage|p2a: Tyranitar|18/100
|move|p2a: Tyranitar|Pursuit|p1a: Latios
|-supereffective|p1a: Latios
|-damage|p1a: Latios|0 fnt
|faint|p1a: Latios
|
|-weather|Sandstorm|[upkeep]
|upkeep
|
|t:|1731625848
|switch|p1a: Politoed|Politoed, M|100/100
|-weather|RainDance|[from] ability: Drizzle|[of] p1a: Politoed
|turn|18
|
|t:|1731625858
|move|p2a: Tyranitar|Pursuit|p1a: Politoed
|-damage|p1a: Politoed|85/100
|move|p1a: Politoed|Scald|p2a: Tyranitar
|-supereffective|p2a: Tyranitar
|-damage|p2a: Tyranitar|0 fnt
|faint|p2a: Tyranitar
|
|-weather|RainDance|[upkeep]
|-heal|p1a: Politoed|91/100|[from] item: Leftovers
|upkeep
|
|t:|1731625861
|switch|p2a: Latias|Latias, F|100/100
|-damage|p2a: Latias|88/100|[from] Stealth Rock
|turn|19
|
|t:|1731625864
|move|p1a: Politoed|Protect|p1a: Politoed
|-singleturn|p1a: Politoed|Protect
|move|p2a: Latias|Thunder Wave|p1a: Politoed
|-activate|p1a: Politoed|move: Protect
|
|-weather|RainDance|[upkeep]
|-heal|p1a: Politoed|97/100|[from] item: Leftovers
|upkeep
|turn|20
|
|t:|1731625866
|switch|p1a: Ferrothorn|Ferrothorn, M|100/100 par
|move|p2a: Latias|Thunder Wave|p1a: Ferrothorn
|-fail|p1a: Ferrothorn|par
|
|-weather|RainDance|[upkeep]
|upkeep
|turn|21
|
|t:|1731625872
|switch|p2a: Skarmory|Skarmory, F|87/100
|-damage|p2a: Skarmory|74/100|[from] Stealth Rock
|move|p1a: Ferrothorn|Knock Off|p2a: Skarmory
|-resisted|p2a: Skarmory
|-damage|p2a: Skarmory|73/100
|
|-weather|RainDance|[upkeep]
|upkeep
|turn|22
|
|t:|1731625875
|switch|p1a: Tentacruel|Tentacruel, M|100/100
|move|p2a: Skarmory|Stealth Rock|p1a: Tentacruel
|-sidestart|p1: J_Spot|move: Stealth Rock
|
|-weather|RainDance|[upkeep]
|upkeep
|turn|23
|
|t:|1731625878
|switch|p2a: Reuniclus|Reuniclus, F, shiny|100/100
|move|p1a: Tentacruel|Scald|p2a: Reuniclus
|-damage|p2a: Reuniclus|67/100
|
|-weather|RainDance|[upkeep]
|-heal|p2a: Reuniclus|73/100|[from] item: Leftovers
|upkeep
|turn|24
|
|t:|1731625888
|move|p1a: Tentacruel|Rapid Spin|p2a: Reuniclus
|-damage|p2a: Reuniclus|70/100
|-sideend|p1: J_Spot|Stealth Rock|[from] move: Rapid Spin|[of] p1a: Tentacruel
|move|p2a: Reuniclus|Calm Mind|p2a: Reuniclus
|-boost|p2a: Reuniclus|spa|1
|-boost|p2a: Reuniclus|spd|1
|
|-weather|RainDance|[upkeep]
|-heal|p2a: Reuniclus|76/100|[from] item: Leftovers
|upkeep
|turn|25
|
|t:|1731625894
|switch|p1a: Ferrothorn|Ferrothorn, M|100/100 par
|move|p2a: Reuniclus|Calm Mind|p2a: Reuniclus
|-boost|p2a: Reuniclus|spa|1
|-boost|p2a: Reuniclus|spd|1
|
|-weather|RainDance|[upkeep]
|-heal|p2a: Reuniclus|83/100|[from] item: Leftovers
|upkeep
|turn|26
|
|t:|1731625901
|move|p2a: Reuniclus|Calm Mind|p2a: Reuniclus
|-boost|p2a: Reuniclus|spa|1
|-boost|p2a: Reuniclus|spd|1
|cant|p1a: Ferrothorn|par
|
|-weather|RainDance|[upkeep]
|-heal|p2a: Reuniclus|89/100|[from] item: Leftovers
|upkeep
|turn|27
|
|t:|1731625905
|move|p2a: Reuniclus|Acid Armor|p2a: Reuniclus
|-boost|p2a: Reuniclus|def|2
|cant|p1a: Ferrothorn|par
|
|-weather|RainDance|[upkeep]
|-heal|p2a: Reuniclus|95/100|[from] item: Leftovers
|upkeep
|turn|28
|
|t:|1731625911
|move|p2a: Reuniclus|Acid Armor|p2a: Reuniclus
|-boost|p2a: Reuniclus|def|2
|move|p1a: Ferrothorn|Knock Off|p2a: Reuniclus
|-supereffective|p2a: Reuniclus
|-damage|p2a: Reuniclus|92/100
|-enditem|p2a: Reuniclus|Leftovers|[from] move: Knock Off|[of] p1a: Ferrothorn
|
|-weather|RainDance|[upkeep]
|upkeep
|turn|29
|
|t:|1731625914
|move|p2a: Reuniclus|Acid Armor|p2a: Reuniclus
|-boost|p2a: Reuniclus|def|2
|move|p1a: Ferrothorn|Power Whip|p2a: Reuniclus|[miss]
|-miss|p1a: Ferrothorn|p2a: Reuniclus
|
|-weather|RainDance|[upkeep]
|upkeep
|turn|30
|
|t:|1731625916
|move|p2a: Reuniclus|Calm Mind|p2a: Reuniclus
|-boost|p2a: Reuniclus|spa|1
|-boost|p2a: Reuniclus|spd|1
|move|p1a: Ferrothorn|Power Whip|p2a: Reuniclus
|-damage|p2a: Reuniclus|85/100
|
|-weather|RainDance|[upkeep]
|upkeep
|turn|31
|
|t:|1731625920
|move|p2a: Reuniclus|Calm Mind|p2a: Reuniclus
|-boost|p2a: Reuniclus|spa|1
|-boost|p2a: Reuniclus|spd|1
|move|p1a: Ferrothorn|Power Whip|p2a: Reuniclus
|-damage|p2a: Reuniclus|79/100
|
|-weather|RainDance|[upkeep]
|upkeep
|turn|32
|
|t:|1731625922
|move|p2a: Reuniclus|Recover|p2a: Reuniclus
|-heal|p2a: Reuniclus|100/100
|cant|p1a: Ferrothorn|par
|
|-weather|RainDance|[upkeep]
|upkeep
|turn|33
|
|t:|1731625929
|move|p2a: Reuniclus|Calm Mind|p2a: Reuniclus
|-boost|p2a: Reuniclus|spa|1
|-boost|p2a: Reuniclus|spd|1
|cant|p1a: Ferrothorn|par
|
|-weather|RainDance|[upkeep]
|upkeep
|turn|34
|
|t:|1731625934
|move|p2a: Reuniclus|Signal Beam|p1a: Ferrothorn
|-damage|p1a: Ferrothorn|49/100 par
|move|p1a: Ferrothorn|Power Whip|p2a: Reuniclus
|-damage|p2a: Reuniclus|94/100
|
|-weather|RainDance|[upkeep]
|-heal|p1a: Ferrothorn|55/100 par|[from] item: Leftovers
|upkeep
|turn|35
|
|t:|1731625939
|switch|p1a: Tentacruel|Tentacruel, M|100/100
|move|p2a: Reuniclus|Recover|p2a: Reuniclus
|-heal|p2a: Reuniclus|100/100
|
|-weather|RainDance|[upkeep]
|upkeep
|turn|36
|
|t:|1731625947
|move|p1a: Tentacruel|Protect|p1a: Tentacruel
|-singleturn|p1a: Tentacruel|Protect
|move|p2a: Reuniclus|Signal Beam|p1a: Tentacruel
|-activate|p1a: Tentacruel|move: Protect
|
|-weather|RainDance|[upkeep]
|upkeep
|turn|37
|
|t:|1731625950
|move|p1a: Tentacruel|Scald|p2a: Reuniclus
|-damage|p2a: Reuniclus|93/100
|move|p2a: Reuniclus|Signal Beam|p1a: Tentacruel
|-resisted|p1a: Tentacruel
|-damage|p1a: Tentacruel|70/100
|
|-weather|RainDance|[upkeep]
|-heal|p1a: Tentacruel|76/100|[from] ability: Rain Dish
|-heal|p1a: Tentacruel|82/100|[from] item: Black Sludge
|upkeep
|turn|38
|
|t:|1731625959
|switch|p2a: Latios|Latios, M|85/100
|-damage|p2a: Latios|72/100|[from] Stealth Rock
|move|p1a: Tentacruel|Scald|p2a: Latios
|-resisted|p2a: Latios
|-damage|p2a: Latios|55/100
|-status|p2a: Latios|brn
|
|-weather|RainDance|[upkeep]
|-heal|p1a: Tentacruel|88/100|[from] ability: Rain Dish
|-heal|p1a: Tentacruel|94/100|[from] item: Black Sludge
|-damage|p2a: Latios|42/100 brn|[from] brn
|upkeep
|turn|39
|
|t:|1731625965
|move|p1a: Tentacruel|Protect|p1a: Tentacruel
|-singleturn|p1a: Tentacruel|Protect
|move|p2a: Latios|Draco Meteor|p1a: Tentacruel
|-activate|p1a: Tentacruel|move: Protect
|
|-weather|RainDance|[upkeep]
|-heal|p1a: Tentacruel|99/100|[from] ability: Rain Dish
|-heal|p1a: Tentacruel|100/100|[from] item: Black Sludge
|-damage|p2a: Latios|30/100 brn|[from] brn
|upkeep
|turn|40
|
|t:|1731625971
|switch|p1a: Ferrothorn|Ferrothorn, M|55/100 par
|move|p2a: Latios|Draco Meteor|p1a: Ferrothorn
|-resisted|p1a: Ferrothorn
|-damage|p1a: Ferrothorn|31/100 par
|-unboost|p2a: Latios|spa|2
|
|-weather|RainDance|[upkeep]
|-heal|p1a: Ferrothorn|38/100 par|[from] item: Leftovers
|-damage|p2a: Latios|18/100 brn|[from] brn
|upkeep
|turn|41
|
|t:|1731625991
|switch|p2a: Amoonguss|Amoonguss, M|100/100
|-damage|p2a: Amoonguss|88/100|[from] Stealth Rock
|-damage|p2a: Amoonguss|63/100|[from] Spikes
|switch|p1a: Tentacruel|Tentacruel, M|100/100
|
|-weather|RainDance|[upkeep]
|-heal|p2a: Amoonguss|69/100|[from] item: Black Sludge
|upkeep
|turn|42
|
|t:|1731625998
|move|p1a: Tentacruel|Scald|p2a: Amoonguss
|-resisted|p2a: Amoonguss
|-damage|p2a: Amoonguss|53/100
|move|p2a: Amoonguss|Stun Spore|p1a: Tentacruel|[miss]
|-miss|p2a: Amoonguss|p1a: Tentacruel
|
|-weather|RainDance|[upkeep]
|-heal|p2a: Amoonguss|59/100|[from] item: Black Sludge
|upkeep
|turn|43
|
|t:|1731626004
|switch|p1a: Ferrothorn|Ferrothorn, M|38/100 par
|move|p2a: Amoonguss|Stun Spore|p1a: Ferrothorn|[miss]
|-miss|p2a: Amoonguss|p1a: Ferrothorn
|
|-weather|RainDance|[upkeep]
|-heal|p2a: Amoonguss|66/100|[from] item: Black Sludge
|-heal|p1a: Ferrothorn|44/100 par|[from] item: Leftovers
|upkeep
|turn|44
|
|t:|1731626007
|move|p2a: Amoonguss|Hidden Power|p1a: Ferrothorn
|-supereffective|p1a: Ferrothorn
|-damage|p1a: Ferrothorn|26/100 par
|move|p1a: Ferrothorn|Knock Off|p2a: Amoonguss
|-damage|p2a: Amoonguss|62/100
|-enditem|p2a: Amoonguss|Black Sludge|[from] move: Knock Off|[of] p1a: Ferrothorn
|
|-weather|RainDance|[upkeep]
|-heal|p1a: Ferrothorn|32/100 par|[from] item: Leftovers
|upkeep
|turn|45
|
|t:|1731626016
|switch|p1a: Tentacruel|Tentacruel, M|100/100
|move|p2a: Amoonguss|Hidden Power|p1a: Tentacruel
|-resisted|p1a: Tentacruel
|-damage|p1a: Tentacruel|98/100
|
|-weather|RainDance|[upkeep]
|-heal|p1a: Tentacruel|100/100|[from] ability: Rain Dish
|upkeep
|turn|46
|
|t:|1731626020
|move|p1a: Tentacruel|Scald|p2a: Amoonguss
|-resisted|p2a: Amoonguss
|-damage|p2a: Amoonguss|45/100
|move|p2a: Amoonguss|Stun Spore|p1a: Tentacruel
|-status|p1a: Tentacruel|par
|
|-weather|RainDance|[upkeep]
|upkeep
|turn|47
|
|t:|1731626025
|switch|p2a: Latias|Latias, F|88/100
|-damage|p2a: Latias|76/100|[from] Stealth Rock
|move|p1a: Tentacruel|Scald|p2a: Latias
|-resisted|p2a: Latias
|-damage|p2a: Latias|63/100
|
|-weather|RainDance|[upkeep]
|upkeep
|turn|48
|
|t:|1731626029
|move|p2a: Latias|Recover|p2a: Latias
|-heal|p2a: Latias|100/100
|move|p1a: Tentacruel|Scald|p2a: Latias
|-resisted|p2a: Latias
|-damage|p2a: Latias|87/100
|
|-weather|RainDance|[upkeep]
|upkeep
|turn|49
|
|t:|1731626031
|move|p2a: Latias|Dragon Pulse|p1a: Tentacruel
|-damage|p1a: Tentacruel|72/100 par
|cant|p1a: Tentacruel|par
|
|-weather|RainDance|[upkeep]
|-heal|p1a: Tentacruel|78/100 par|[from] ability: Rain Dish
|-heal|p1a: Tentacruel|84/100 par|[from] item: Black Sludge
|upkeep
|turn|50
|
|t:|1731626034
|move|p2a: Latias|Dragon Pulse|p1a: Tentacruel
|-damage|p1a: Tentacruel|59/100 par
|cant|p1a: Tentacruel|par
|
|-weather|RainDance|[upkeep]
|-heal|p1a: Tentacruel|65/100 par|[from] ability: Rain Dish
|-heal|p1a: Tentacruel|71/100 par|[from] item: Black Sludge
|upkeep
|turn|51
|
|t:|1731626037
|move|p1a: Tentacruel|Protect|p1a: Tentacruel
|-singleturn|p1a: Tentacruel|Protect
|move|p2a: Latias|Dragon Pulse|p1a: Tentacruel
|-activate|p1a: Tentacruel|move: Protect
|
|-weather|RainDance|[upkeep]
|-heal|p1a: Tentacruel|77/100 par|[from] ability: Rain Dish
|-heal|p1a: Tentacruel|83/100 par|[from] item: Black Sludge
|upkeep
|turn|52
|
|t:|1731626040
|move|p2a: Latias|Dragon Pulse|p1a: Tentacruel
|-damage|p1a: Tentacruel|58/100 par
|move|p1a: Tentacruel|Scald|p2a: Latias
|-resisted|p2a: Latias
|-damage|p2a: Latias|75/100
|-status|p2a: Latias|brn
|
|-weather|RainDance|[upkeep]
|-heal|p1a: Tentacruel|64/100 par|[from] ability: Rain Dish
|-heal|p1a: Tentacruel|70/100 par|[from] item: Black Sludge
|-damage|p2a: Latias|63/100 brn|[from] brn
|upkeep
|turn|53
|
|t:|1731626044
|move|p1a: Tentacruel|Protect|p1a: Tentacruel
|-singleturn|p1a: Tentacruel|Protect
|move|p2a: Latias|Dragon Pulse|p1a: Tentacruel
|-activate|p1a: Tentacruel|move: Protect
|
|-weather|RainDance|[upkeep]
|-heal|p1a: Tentacruel|77/100 par|[from] ability: Rain Dish
|-heal|p1a: Tentacruel|83/100 par|[from] item: Black Sludge
|-damage|p2a: Latias|50/100 brn|[from] brn
|upkeep
|turn|54
|
|t:|1731626049
|move|p2a: Latias|Healing Wish|p2a: Latias
|faint|p2a: Latias
|move|p1a: Tentacruel|Scald|p2: Latias|[notarget]
|-fail|p1a: Tentacruel
|
|-weather|RainDance|[upkeep]
|-heal|p1a: Tentacruel|89/100 par|[from] ability: Rain Dish
|-heal|p1a: Tentacruel|95/100 par|[from] item: Black Sludge
|upkeep
|
|t:|1731626054
|switch|p2a: Latios|Latios, M|18/100 brn
|-heal|p2a: Latios|100/100|[from] move: Healing Wish
|-damage|p2a: Latios|88/100|[from] Stealth Rock
|turn|55
|
|t:|1731626058
|move|p2a: Latios|Psychic|p1a: Tentacruel
|-supereffective|p1a: Tentacruel
|-damage|p1a: Tentacruel|13/100 par
|move|p1a: Tentacruel|Scald|p2a: Latios
|-resisted|p2a: Latios
|-damage|p2a: Latios|72/100
|
|-weather|RainDance|[upkeep]
|-heal|p1a: Tentacruel|19/100 par|[from] ability: Rain Dish
|-heal|p1a: Tentacruel|25/100 par|[from] item: Black Sludge
|upkeep
|turn|56
|
|t:|1731626062
|cant|p1a: Tentacruel|par
|move|p2a: Latios|Psychic|p1a: Tentacruel
|-supereffective|p1a: Tentacruel
|-damage|p1a: Tentacruel|0 fnt
|faint|p1a: Tentacruel
|
|-weather|RainDance|[upkeep]
|upkeep
|
|t:|1731626072
|switch|p1a: Garchomp|Garchomp, F|100/100
|turn|57
|
|t:|1731626075
|move|p2a: Latios|Draco Meteor|p1a: Garchomp
|-supereffective|p1a: Garchomp
|-damage|p1a: Garchomp|0 fnt
|-unboost|p2a: Latios|spa|2
|faint|p1a: Garchomp
|
|-weather|RainDance|[upkeep]
|upkeep
|
|t:|1731626081
|switch|p1a: Tornadus|Tornadus, M|100/100
|turn|58
|
|t:|1731626085
|move|p1a: Tornadus|Hurricane|p2a: Latios
|-damage|p2a: Latios|3/100
|-start|p2a: Latios|confusion
|-activate|p2a: Latios|confusion
|move|p2a: Latios|Thunder Wave|p1a: Tornadus
|-status|p1a: Tornadus|par
|
|-weather|RainDance|[upkeep]
|upkeep
|turn|59
|
|t:|1731626096
|cant|p1a: Tornadus|par
|-activate|p2a: Latios|confusion
|move|p2a: Latios|Surf|p1a: Tornadus
|-damage|p1a: Tornadus|62/100 par
|
|-weather|RainDance|[upkeep]
|-heal|p1a: Tornadus|68/100 par|[from] item: Leftovers
|upkeep
|turn|60
|
|t:|1731626100
|-activate|p2a: Latios|confusion
|move|p2a: Latios|Surf|p1a: Tornadus
|-damage|p1a: Tornadus|31/100 par
|cant|p1a: Tornadus|par
|
|-weather|RainDance|[upkeep]
|-heal|p1a: Tornadus|37/100 par|[from] item: Leftovers
|upkeep
|turn|61
|
|t:|1731626107
|-end|p2a: Latios|confusion
|move|p2a: Latios|Surf|p1a: Tornadus
|-damage|p1a: Tornadus|0 fnt
|faint|p1a: Tornadus
|
|-weather|RainDance|[upkeep]
|upkeep
|
|t:|1731626110
|switch|p1a: Ferrothorn|Ferrothorn, M|32/100 par
|turn|62
|
|t:|1731626115
|move|p2a: Latios|Draco Meteor|p1a: Ferrothorn
|-resisted|p1a: Ferrothorn
|-damage|p1a: Ferrothorn|20/100 par
|-unboost|p2a: Latios|spa|2
|move|p1a: Ferrothorn|Knock Off|p2a: Latios
|-supereffective|p2a: Latios
|-crit|p2a: Latios
|-enditem|p2a: Latios|Colbur Berry|[eat]
|-enditem|p2a: Latios|Colbur Berry|[weaken]
|-damage|p2a: Latios|0 fnt
|faint|p2a: Latios
|
|-weather|RainDance|[upkeep]
|-heal|p1a: Ferrothorn|26/100 par|[from] item: Leftovers
|upkeep
|
|t:|1731626122
|switch|p2a: Reuniclus|Reuniclus, F, shiny|93/100
|turn|63
|
|t:|1731626125
|move|p2a: Reuniclus|Calm Mind|p2a: Reuniclus
|-boost|p2a: Reuniclus|spa|1
|-boost|p2a: Reuniclus|spd|1
|move|p1a: Ferrothorn|Power Whip|p2a: Reuniclus
|-damage|p2a: Reuniclus|66/100
|
|-weather|RainDance|[upkeep]
|-heal|p1a: Ferrothorn|32/100 par|[from] item: Leftovers
|upkeep
|turn|64
|
|t:|1731626127
|move|p2a: Reuniclus|Recover|p2a: Reuniclus
|-heal|p2a: Reuniclus|100/100
|move|p1a: Ferrothorn|Power Whip|p2a: Reuniclus
|-damage|p2a: Reuniclus|75/100
|
|-weather|RainDance|[upkeep]
|-heal|p1a: Ferrothorn|39/100 par|[from] item: Leftovers
|upkeep
|turn|65
|j| CertamenMeum
|
|t:|1731626130
|move|p2a: Reuniclus|Acid Armor|p2a: Reuniclus
|-boost|p2a: Reuniclus|def|2
|move|p1a: Ferrothorn|Power Whip|p2a: Reuniclus
|-damage|p2a: Reuniclus|61/100
|
|-weather|RainDance|[upkeep]
|-heal|p1a: Ferrothorn|45/100 par|[from] item: Leftovers
|upkeep
|turn|66
|
|t:|1731626132
|move|p2a: Reuniclus|Recover|p2a: Reuniclus
|-heal|p2a: Reuniclus|100/100
|move|p1a: Ferrothorn|Power Whip|p2a: Reuniclus
|-damage|p2a: Reuniclus|87/100
|
|-weather|RainDance|[upkeep]
|-heal|p1a: Ferrothorn|51/100 par|[from] item: Leftovers
|upkeep
|turn|67
|
|t:|1731626134
|move|p2a: Reuniclus|Acid Armor|p2a: Reuniclus
|-boost|p2a: Reuniclus|def|2
|move|p1a: Ferrothorn|Power Whip|p2a: Reuniclus
|-damage|p2a: Reuniclus|78/100
|
|-weather|RainDance|[upkeep]
|-heal|p1a: Ferrothorn|57/100 par|[from] item: Leftovers
|upkeep
|turn|68
|
|t:|1731626138
|move|p2a: Reuniclus|Recover|p2a: Reuniclus
|-heal|p2a: Reuniclus|100/100
|move|p1a: Ferrothorn|Power Whip|p2a: Reuniclus
|-damage|p2a: Reuniclus|91/100
|
|-weather|RainDance|[upkeep]
|-heal|p1a: Ferrothorn|64/100 par|[from] item: Leftovers
|upkeep
|turn|69
|
|t:|1731626140
|move|p2a: Reuniclus|Acid Armor|p2a: Reuniclus
|-boost|p2a: Reuniclus|def|2
|cant|p1a: Ferrothorn|par
|
|-weather|RainDance|[upkeep]
|-heal|p1a: Ferrothorn|70/100 par|[from] item: Leftovers
|upkeep
|turn|70
|
|t:|1731626142
|move|p2a: Reuniclus|Calm Mind|p2a: Reuniclus
|-boost|p2a: Reuniclus|spa|1
|-boost|p2a: Reuniclus|spd|1
|move|p1a: Ferrothorn|Power Whip|p2a: Reuniclus|[miss]
|-miss|p1a: Ferrothorn|p2a: Reuniclus
|
|-weather|RainDance|[upkeep]
|-heal|p1a: Ferrothorn|76/100 par|[from] item: Leftovers
|upkeep
|turn|71
|
|t:|1731626145
|move|p2a: Reuniclus|Calm Mind|p2a: Reuniclus
|-boost|p2a: Reuniclus|spa|1
|-boost|p2a: Reuniclus|spd|1
|cant|p1a: Ferrothorn|par
|
|-weather|RainDance|[upkeep]
|-heal|p1a: Ferrothorn|82/100 par|[from] item: Leftovers
|upkeep
|turn|72
|
|t:|1731626147
|move|p2a: Reuniclus|Recover|p2a: Reuniclus
|-heal|p2a: Reuniclus|100/100
|move|p1a: Ferrothorn|Power Whip|p2a: Reuniclus
|-damage|p2a: Reuniclus|94/100
|
|-weather|RainDance|[upkeep]
|-heal|p1a: Ferrothorn|89/100 par|[from] item: Leftovers
|upkeep
|turn|73
|
|t:|1731626150
|move|p2a: Reuniclus|Calm Mind|p2a: Reuniclus
|-boost|p2a: Reuniclus|spa|1
|-boost|p2a: Reuniclus|spd|1
|cant|p1a: Ferrothorn|par
|
|-weather|RainDance|[upkeep]
|-heal|p1a: Ferrothorn|95/100 par|[from] item: Leftovers
|upkeep
|turn|74
|
|t:|1731626153
|move|p2a: Reuniclus|Recover|p2a: Reuniclus
|-heal|p2a: Reuniclus|100/100
|move|p1a: Ferrothorn|Power Whip|p2a: Reuniclus
|-damage|p2a: Reuniclus|93/100
|
|-weather|RainDance|[upkeep]
|-heal|p1a: Ferrothorn|100/100 par|[from] item: Leftovers
|upkeep
|turn|75
|
|t:|1731626155
|move|p2a: Reuniclus|Calm Mind|p2a: Reuniclus
|-boost|p2a: Reuniclus|spa|1
|-boost|p2a: Reuniclus|spd|1
|move|p1a: Ferrothorn|Power Whip|p2a: Reuniclus
|-damage|p2a: Reuniclus|87/100
|
|-weather|RainDance|[upkeep]
|upkeep
|turn|76
|
|t:|1731626157
|move|p2a: Reuniclus|Recover|p2a: Reuniclus
|-heal|p2a: Reuniclus|100/100
|cant|p1a: Ferrothorn|par
|
|-weather|RainDance|[upkeep]
|upkeep
|turn|77
|
|t:|1731626159
|move|p2a: Reuniclus|Calm Mind|p2a: Reuniclus
|-boost|p2a: Reuniclus|spa|1
|-boost|p2a: Reuniclus|spd|1
|move|p1a: Ferrothorn|Power Whip|p2a: Reuniclus
|-damage|p2a: Reuniclus|93/100
|
|-weather|RainDance|[upkeep]
|upkeep
|turn|78
|
|t:|1731626161
|move|p2a: Reuniclus|Recover|p2a: Reuniclus
|-heal|p2a: Reuniclus|100/100
|move|p1a: Ferrothorn|Power Whip|p2a: Reuniclus|[miss]
|-miss|p1a: Ferrothorn|p2a: Reuniclus
|
|-weather|RainDance|[upkeep]
|upkeep
|turn|79
|
|t:|1731626166
|move|p2a: Reuniclus|Signal Beam|p1a: Ferrothorn
|-damage|p1a: Ferrothorn|48/100 par
|move|p1a: Ferrothorn|Knock Off|p2a: Reuniclus
|-supereffective|p2a: Reuniclus
|-damage|p2a: Reuniclus|99/100
|
|-weather|RainDance|[upkeep]
|-heal|p1a: Ferrothorn|54/100 par|[from] item: Leftovers
|upkeep
|turn|80
|
|t:|1731626169
|move|p2a: Reuniclus|Signal Beam|p1a: Ferrothorn
|-damage|p1a: Ferrothorn|2/100 par
|move|p1a: Ferrothorn|Knock Off|p2a: Reuniclus
|-supereffective|p2a: Reuniclus
|-damage|p2a: Reuniclus|97/100
|
|-weather|RainDance|[upkeep]
|-heal|p1a: Ferrothorn|8/100 par|[from] item: Leftovers
|upkeep
|turn|81
|-message|J_Spot forfeited.
|
|win|Croaset
|raw|J_Spot's rating: 1350 &rarr; <strong>1331</strong><br />(-19 for losing)
|raw|Croaset's rating: 1361 &rarr; <strong>1380</strong><br />(+19 for winning)
|l|☆J_Spot
|player|p1|
