|j|☆Hans Bloodsmith
|j|☆baixiaohen
|t:|1743605592
|gametype|singles
|player|p1|Hans Bloodsmith|plasmagrunt|1336
|player|p2|baixiaohen|red|1427
|teamsize|p1|6
|teamsize|p2|6
|gen|5
|tier|[Gen 5] OU
|rated|
|rule|Species Clause: Limit one of each Pokémon
|rule|OHKO Clause: OHKO moves are banned
|rule|Moody Clause: Moody is banned
|rule|Evasion Items Clause: Evasion items are banned
|rule|Evasion Moves Clause: Evasion moves are banned
|rule|Endless Battle Clause: Forcing endless battles is banned
|rule|HP Percentage Mod: HP is shown in percentages
|rule|Evasion Abilities Clause: Evasion abilities are banned
|rule|Sleep Moves Clause: Sleep-inducing moves are banned
|rule|Swagger Clause: Swagger is banned
|rule|Baton Pass Stat Clause: No Baton Passer may have a way to boost its stats
|clearpoke
|poke|p1|Volcarona, M|item
|poke|p1|Hydreigon, M|item
|poke|p1|Mamoswine, M|item
|poke|p1|Magnezone|item
|poke|p1|Toxicroak, F|item
|poke|p1|Politoed, M|item
|poke|p2|Jirachi|item
|poke|p2|Scizor, F|item
|poke|p2|Celebi|item
|poke|p2|Gyarados, M|item
|poke|p2|Heatran, M|item
|poke|p2|Starmie|item
|teampreview
|inactive|Battle timer is ON: inactive players will automatically lose when time's up. (requested by Hans Bloodsmith)
|inactive|baixiaohen also wants the timer to be on.
|
|t:|1743605604
|start
|switch|p1a: Francis|Politoed, M|100/100
|switch|p2a: Jirachi|Jirachi, shiny|100/100
|-weather|RainDance|[from] ability: Drizzle|[of] p1a: Francis
|turn|1
|
|t:|1743605610
|move|p2a: Jirachi|U-turn|p1a: Francis
|-damage|p1a: Francis|80/100
|
|t:|1743605614
|switch|p2a: Celebi|Celebi|100/100|[from] U-turn
|move|p1a: Francis|Hydro Pump|p2a: Celebi|[miss]
|-miss|p1a: Francis|p2a: Celebi
|
|-weather|RainDance|[upkeep]
|upkeep
|turn|2
|
|t:|1743605623
|switch|p1a: Hannibal|Hydreigon, M|100/100
|move|p2a: Celebi|Giga Drain|p1a: Hannibal
|-resisted|p1a: Hannibal
|-damage|p1a: Hannibal|86/100
|
|-weather|RainDance|[upkeep]
|upkeep
|turn|3
|
|t:|1743605629
|move|p1a: Hannibal|U-turn|p2a: Celebi
|-supereffective|p2a: Celebi
|-damage|p2a: Celebi|43/100
|
|t:|1743605631
|switch|p1a: Klaus|Mamoswine, M|100/100|[from] U-turn
|move|p2a: Celebi|Thunder Wave|p1a: Klaus
|-immune|p1a: Klaus
|
|-weather|RainDance|[upkeep]
|-heal|p2a: Celebi|49/100|[from] item: Leftovers
|upkeep
|turn|4
|
|t:|1743605648
|switch|p2a: Scizor|Scizor, F|100/100
|move|p1a: Klaus|Stealth Rock|p2a: Scizor
|-sidestart|p2: baixiaohen|move: Stealth Rock
|
|-weather|RainDance|[upkeep]
|upkeep
|turn|5
|
|t:|1743605655
|switch|p1a: Verona|Toxicroak, F|100/100
|switch|p2a: Heatran|Heatran, M, shiny|100/100
|-damage|p2a: Heatran|88/100|[from] Stealth Rock
|
|-weather|RainDance|[upkeep]
|-heal|p2a: Heatran|94/100|[from] item: Leftovers
|upkeep
|turn|6
|
|t:|1743605660
|move|p1a: Verona|Drain Punch|p2a: Heatran
|-supereffective|p2a: Heatran
|-damage|p2a: Heatran|38/100
|-damage|p1a: Verona|91/100|[from] item: Life Orb
|move|p2a: Heatran|Will-O-Wisp|p1a: Verona
|-status|p1a: Verona|brn
|
|-weather|RainDance|[upkeep]
|-heal|p1a: Verona|100/100 brn|[from] ability: Dry Skin
|-heal|p2a: Heatran|44/100|[from] item: Leftovers
|-damage|p1a: Verona|88/100 brn|[from] brn
|upkeep
|turn|7
|
|t:|1743605675
|switch|p1a: Dante|Volcarona, M|100/100
|switch|p2a: Celebi|Celebi|49/100
|-damage|p2a: Celebi|37/100|[from] Stealth Rock
|
|-weather|RainDance|[upkeep]
|-heal|p2a: Celebi|43/100|[from] item: Leftovers
|upkeep
|turn|8
|
|t:|1743605693
|move|p1a: Dante|Hurricane|p2a: Celebi
|-supereffective|p2a: Celebi
|-crit|p2a: Celebi
|-damage|p2a: Celebi|0 fnt
|faint|p2a: Celebi
|
|-weather|RainDance|[upkeep]
|upkeep
|
|t:|1743605698
|switch|p2a: Starmie|Starmie, shiny|100/100
|-damage|p2a: Starmie|88/100|[from] Stealth Rock
|turn|9
|
|t:|1743605703
|switch|p1a: Verona|Toxicroak, F|88/100 brn
|move|p2a: Starmie|Trick|p1a: Verona
|-activate|p2a: Starmie|move: Trick|[of] p1a: Verona
|-item|p1a: Verona|Choice Specs|[from] move: Trick
|-item|p2a: Starmie|Life Orb|[from] move: Trick
|
|-weather|RainDance|[upkeep]
|-heal|p1a: Verona|100/100 brn|[from] ability: Dry Skin
|-damage|p1a: Verona|88/100 brn|[from] brn
|upkeep
|turn|10
|
|t:|1743605711
|move|p1a: Verona|Sucker Punch|p2a: Starmie
|-supereffective|p2a: Starmie
|-damage|p2a: Starmie|52/100
|move|p2a: Starmie|Rapid Spin|p1a: Verona
|-damage|p1a: Verona|80/100 brn
|-sideend|p2: baixiaohen|Stealth Rock|[from] move: Rapid Spin|[of] p2a: Starmie
|-damage|p2a: Starmie|42/100|[from] item: Life Orb
|
|-weather|RainDance|[upkeep]
|-heal|p1a: Verona|93/100 brn|[from] ability: Dry Skin
|-damage|p1a: Verona|80/100 brn|[from] brn
|upkeep
|turn|11
|
|t:|1743605725
|switch|p2a: Gyarados|Gyarados, M, shiny|100/100
|-ability|p2a: Gyarados|Intimidate|boost
|-unboost|p1a: Verona|atk|1
|switch|p1a: Hannibal|Hydreigon, M|86/100
|
|-weather|RainDance|[upkeep]
|upkeep
|turn|12
|
|t:|1743605735
|move|p1a: Hannibal|Dark Pulse|p2a: Gyarados
|-damage|p2a: Gyarados|53/100
|cant|p2a: Gyarados|flinch
|
|-weather|RainDance|[upkeep]
|-heal|p2a: Gyarados|59/100|[from] item: Leftovers
|upkeep
|turn|13
|
|t:|1743605744
|switch|p2a: Scizor|Scizor, F|100/100
|move|p1a: Hannibal|Dark Pulse|p2a: Scizor
|-resisted|p2a: Scizor
|-damage|p2a: Scizor|74/100
|
|-weather|RainDance|[upkeep]
|upkeep
|turn|14
|
|t:|1743605748
|switch|p1a: Verona|Toxicroak, F|80/100 brn
|move|p2a: Scizor|Superpower|p1a: Verona
|-resisted|p1a: Verona
|-damage|p1a: Verona|37/100 brn
|-unboost|p2a: Scizor|atk|1
|-unboost|p2a: Scizor|def|1
|-damage|p2a: Scizor|64/100|[from] item: Life Orb
|
|-weather|RainDance|[upkeep]
|-heal|p1a: Verona|50/100 brn|[from] ability: Dry Skin
|-damage|p1a: Verona|37/100 brn|[from] brn
|upkeep
|turn|15
|
|t:|1743605760
|switch|p2a: Gyarados|Gyarados, M, shiny|59/100
|-ability|p2a: Gyarados|Intimidate|boost
|-unboost|p1a: Verona|atk|1
|move|p1a: Verona|Drain Punch|p2a: Gyarados
|-resisted|p2a: Gyarados
|-damage|p2a: Gyarados|52/100
|-heal|p1a: Verona|41/100 brn|[from] drain|[of] p2a: Gyarados
|
|-weather|RainDance|[upkeep]
|-heal|p1a: Verona|54/100 brn|[from] ability: Dry Skin
|-heal|p2a: Gyarados|58/100|[from] item: Leftovers
|-damage|p1a: Verona|41/100 brn|[from] brn
|upkeep
|turn|16
|
|t:|1743605774
|switch|p1a: Hannibal|Hydreigon, M|86/100
|move|p2a: Gyarados|Dragon Dance|p2a: Gyarados
|-boost|p2a: Gyarados|atk|1
|-boost|p2a: Gyarados|spe|1
|
|-weather|RainDance|[upkeep]
|-heal|p2a: Gyarados|64/100|[from] item: Leftovers
|upkeep
|turn|17
|
|t:|1743605779
|move|p1a: Hannibal|Draco Meteor|p2a: Gyarados
|-damage|p2a: Gyarados|0 fnt
|-unboost|p1a: Hannibal|spa|2
|faint|p2a: Gyarados
|
|-weather|RainDance|[upkeep]
|upkeep
|
|t:|1743605785
|switch|p2a: Scizor|Scizor, F|64/100
|turn|18
|
|t:|1743605790
|switch|p1a: Verona|Toxicroak, F|41/100 brn
|move|p2a: Scizor|Swords Dance|p2a: Scizor
|-boost|p2a: Scizor|atk|2
|
|-weather|RainDance|[upkeep]
|-heal|p1a: Verona|54/100 brn|[from] ability: Dry Skin
|-damage|p1a: Verona|41/100 brn|[from] brn
|upkeep
|turn|19
|
|t:|1743605793
|move|p2a: Scizor|Bullet Punch|p1a: Verona
|-damage|p1a: Verona|0 fnt
|faint|p1a: Verona
|-damage|p2a: Scizor|55/100|[from] item: Life Orb
|
|-weather|RainDance|[upkeep]
|upkeep
|
|t:|1743605795
|switch|p1a: Stein|Magnezone|100/100
|turn|20
|
|t:|1743605797
|move|p1a: Stein|Thunder|p2a: Scizor
|-damage|p2a: Scizor|0 fnt
|faint|p2a: Scizor
|
|-weather|RainDance|[upkeep]
|upkeep
|
|t:|1743605802
|switch|p2a: Starmie|Starmie, shiny|42/100
|turn|21
|
|t:|1743605816
|switch|p1a: Francis|Politoed, M|80/100
|move|p2a: Starmie|Hydro Pump|p1a: Francis
|-resisted|p1a: Francis
|-damage|p1a: Francis|14/100
|-damage|p2a: Starmie|32/100|[from] item: Life Orb
|
|-weather|RainDance|[upkeep]
|upkeep
|turn|22
|
|t:|1743605824
|move|p2a: Starmie|Hydro Pump|p1a: Francis
|-resisted|p1a: Francis
|-damage|p1a: Francis|0 fnt
|faint|p1a: Francis
|-damage|p2a: Starmie|22/100|[from] item: Life Orb
|
|-weather|RainDance|[upkeep]
|upkeep
|
|t:|1743605826
|switch|p1a: Hannibal|Hydreigon, M|86/100
|turn|23
|
|t:|1743605836
|move|p1a: Hannibal|U-turn|p2a: Starmie
|-supereffective|p2a: Starmie
|-damage|p2a: Starmie|0 fnt
|faint|p2a: Starmie
|
|t:|1743605842
|switch|p1a: Stein|Magnezone|100/100|[from] U-turn
|
|-weather|RainDance|[upkeep]
|upkeep
|
|t:|1743605848
|switch|p2a: Heatran|Heatran, M, shiny|44/100
|turn|24
|
|t:|1743605855
|move|p1a: Stein|Thunder|p2a: Heatran
|-damage|p2a: Heatran|0 fnt
|faint|p2a: Heatran
|
|-weather|RainDance|[upkeep]
|upkeep
|
|t:|1743605858
|switch|p2a: Jirachi|Jirachi, shiny|100/100
|turn|25
|
|t:|1743605860
|move|p2a: Jirachi|Iron Head|p1a: Stein
|-resisted|p1a: Stein
|-damage|p1a: Stein|92/100
|cant|p1a: Stein|flinch
|
|-weather|RainDance|[upkeep]
|-heal|p1a: Stein|98/100|[from] item: Leftovers
|upkeep
|turn|26
|-message|baixiaohen forfeited.
|
|win|Hans Bloodsmith
|raw|Hans Bloodsmith's rating: 1336 &rarr; <strong>1361</strong><br />(+25 for winning)
|raw|baixiaohen's rating: 1427 &rarr; <strong>1402</strong><br />(-25 for losing)
|l|☆baixiaohen
|player|p2|
|c|☆Hans Bloodsmith|Gg
|j|☆baixiaohen
|player|p2|baixiaohen|red|
|l|☆baixiaohen
|player|p2|
