|j|☆BBQSauceEnjoyer
|j|☆sidis
|t:|1707243554
|gametype|singles
|player|p1|BBQSauceEnjoyer|ingo|1435
|player|p2|sidis|iris|1513
|teamsize|p1|6
|teamsize|p2|6
|gen|5
|tier|[Gen 5] OU
|rated|
|rule|Species Clause: Limit one of each Pokémon
|rule|OHKO Clause: OHKO moves are banned
|rule|Moody Clause: Moody is banned
|rule|Evasion Items Clause: Evasion items are banned
|rule|Evasion Moves Clause: Evasion moves are banned
|rule|Endless Battle Clause: Forcing endless battles is banned
|rule|HP Percentage Mod: HP is shown in percentages
|rule|Evasion Abilities Clause: Evasion abilities are banned
|rule|Sleep Moves Clause: Sleep-inducing moves are banned
|rule|Swagger Clause: Swagger is banned
|rule|Baton Pass Stat Clause: No Baton Passer may have a way to boost its stats
|clearpoke
|poke|p1|Politoed, M|item
|poke|p1|Latios, M|item
|poke|p1|Ferrothorn, M|item
|poke|p1|Tentacruel, F|item
|poke|p1|Starmie|item
|poke|p1|Thundurus-Therian, M|item
|poke|p2|Volcarona, M|item
|poke|p2|Landorus-Therian, M|item
|poke|p2|Mamoswine, M|item
|poke|p2|Starmie|item
|poke|p2|Celebi|item
|poke|p2|Gengar, F|item
|teampreview
|c|☆BBQSauceEnjoyer|gl hf
|
|t:|1707243573
|start
|switch|p1a: Politoed|Politoed, M|100/100
|switch|p2a: Landorus|Landorus-Therian, M|100/100
|-ability|p2a: Landorus|Intimidate|boost
|-unboost|p1a: Politoed|atk|1
|-weather|RainDance|[from] ability: Drizzle|[of] p1a: Politoed
|turn|1
|
|t:|1707243577
|move|p2a: Landorus|Stealth Rock|p1a: Politoed
|-sidestart|p1: BBQSauceEnjoyer|move: Stealth Rock
|move|p1a: Politoed|Scald|p2a: Landorus
|-supereffective|p2a: Landorus
|-damage|p2a: Landorus|3/100
|
|-weather|RainDance|[upkeep]
|upkeep
|turn|2
|
|t:|1707243585
|move|p1a: Politoed|Protect|p1a: Politoed
|-singleturn|p1a: Politoed|Protect
|move|p2a: Landorus|Earthquake|p1a: Politoed
|-activate|p1a: Politoed|move: Protect
|
|-weather|RainDance|[upkeep]
|upkeep
|turn|3
|
|t:|1707243588
|move|p2a: Landorus|Earthquake|p1a: Politoed
|-damage|p1a: Politoed|54/100
|move|p1a: Politoed|Scald|p2a: Landorus
|-supereffective|p2a: Landorus
|-damage|p2a: Landorus|0 fnt
|faint|p2a: Landorus
|
|-weather|RainDance|[upkeep]
|-heal|p1a: Politoed|60/100|[from] item: Leftovers
|upkeep
|
|t:|1707243597
|switch|p2a: Celebi|Celebi|100/100
|turn|4
|
|t:|1707243601
|move|p2a: Celebi|Calm Mind|p2a: Celebi
|-boost|p2a: Celebi|spa|1
|-boost|p2a: Celebi|spd|1
|move|p1a: Politoed|Perish Song|p1a: Politoed
|-start|p1a: Politoed|perish3|[silent]
|-start|p2a: Celebi|perish3|[silent]
|-fieldactivate|move: Perish Song
|
|-weather|RainDance|[upkeep]
|-heal|p1a: Politoed|67/100|[from] item: Leftovers
|-start|p2a: Celebi|perish3
|-start|p1a: Politoed|perish3
|upkeep
|turn|5
|
|t:|1707243609
|switch|p1a: Ferrothorn|Ferrothorn, M|100/100
|-damage|p1a: Ferrothorn|94/100|[from] Stealth Rock
|move|p2a: Celebi|Hidden Power|p1a: Ferrothorn
|-supereffective|p1a: Ferrothorn
|-damage|p1a: Ferrothorn|38/100
|
|-weather|RainDance|[upkeep]
|-heal|p1a: Ferrothorn|44/100|[from] item: Leftovers
|-start|p2a: Celebi|perish2
|upkeep
|turn|6
|inactive|Battle timer is ON: inactive players will automatically lose when time's up. (requested by sidis)
|
|t:|1707243618
|switch|p2a: Volcarona|Volcarona, M|100/100
|switch|p1a: Latios|Latios, M|100/100
|-damage|p1a: Latios|88/100|[from] Stealth Rock
|
|-weather|RainDance|[upkeep]
|upkeep
|turn|7
|
|t:|1707243624
|switch|p2a: Celebi|Celebi|100/100
|move|p1a: Latios|Draco Meteor|p2a: Celebi
|-damage|p2a: Celebi|40/100
|-unboost|p1a: Latios|spa|2
|
|-weather|RainDance|[upkeep]
|upkeep
|turn|8
|
|t:|1707243643
|switch|p1a: Ferrothorn|Ferrothorn, M|44/100
|-damage|p1a: Ferrothorn|38/100|[from] Stealth Rock
|move|p2a: Celebi|Calm Mind|p2a: Celebi
|-boost|p2a: Celebi|spa|1
|-boost|p2a: Celebi|spd|1
|
|-weather|RainDance|[upkeep]
|-heal|p1a: Ferrothorn|44/100|[from] item: Leftovers
|upkeep
|turn|9
|
|t:|1707243649
|switch|p1a: Latios|Latios, M|88/100
|-damage|p1a: Latios|76/100|[from] Stealth Rock
|move|p2a: Celebi|Hidden Power|p1a: Latios
|-resisted|p1a: Latios
|-damage|p1a: Latios|59/100
|
|-weather|RainDance|[upkeep]
|upkeep
|turn|10
|
|t:|1707243655
|move|p1a: Latios|Trick|p2a: Celebi
|-activate|p1a: Latios|move: Trick|[of] p2a: Celebi
|-item|p2a: Celebi|Choice Scarf|[from] move: Trick
|-item|p1a: Latios|Expert Belt|[from] move: Trick
|move|p2a: Celebi|Psychic|p1a: Latios
|-resisted|p1a: Latios
|-damage|p1a: Latios|28/100
|-unboost|p1a: Latios|spd|1
|
|-weather|RainDance|[upkeep]
|upkeep
|turn|11
|
|t:|1707243671
|switch|p1a: Politoed|Politoed, M|67/100
|-damage|p1a: Politoed|54/100|[from] Stealth Rock
|move|p2a: Celebi|Psychic|p1a: Politoed
|-damage|p1a: Politoed|0 fnt
|faint|p1a: Politoed
|
|-weather|RainDance|[upkeep]
|upkeep
|
|t:|1707243674
|switch|p1a: Ferrothorn|Ferrothorn, M|44/100
|-damage|p1a: Ferrothorn|38/100|[from] Stealth Rock
|turn|12
|
|t:|1707243677
|move|p2a: Celebi|Psychic|p1a: Ferrothorn
|-resisted|p1a: Ferrothorn
|-damage|p1a: Ferrothorn|18/100
|move|p1a: Ferrothorn|Stealth Rock|p2a: Celebi
|-sidestart|p2: sidis|move: Stealth Rock
|
|-weather|RainDance|[upkeep]
|-heal|p1a: Ferrothorn|24/100|[from] item: Leftovers
|upkeep
|turn|13
|
|t:|1707243685
|move|p2a: Celebi|Psychic|p1a: Ferrothorn
|-resisted|p1a: Ferrothorn
|-damage|p1a: Ferrothorn|3/100
|-unboost|p1a: Ferrothorn|spd|1
|move|p1a: Ferrothorn|Power Whip|p2a: Celebi
|-resisted|p2a: Celebi
|-damage|p2a: Celebi|22/100
|
|-weather|RainDance|[upkeep]
|-heal|p1a: Ferrothorn|10/100|[from] item: Leftovers
|upkeep
|turn|14
|
|t:|1707243688
|move|p2a: Celebi|Psychic|p1a: Ferrothorn
|-resisted|p1a: Ferrothorn
|-damage|p1a: Ferrothorn|0 fnt
|faint|p1a: Ferrothorn
|
|-weather|RainDance|[upkeep]
|upkeep
|
|t:|1707243689
|switch|p1a: Starmie|Starmie|100/100
|-damage|p1a: Starmie|88/100|[from] Stealth Rock
|-item|p1a: Starmie|Air Balloon
|turn|15
|
|t:|1707243691
|move|p2a: Celebi|Psychic|p1a: Starmie
|-resisted|p1a: Starmie
|-damage|p1a: Starmie|44/100
|-enditem|p1a: Starmie|Air Balloon
|move|p1a: Starmie|Ice Beam|p2a: Celebi
|-supereffective|p2a: Celebi
|-damage|p2a: Celebi|0 fnt
|faint|p2a: Celebi
|
|-weather|RainDance|[upkeep]
|upkeep
|
|t:|1707243700
|switch|p2a: Gengar|Gengar, F|100/100
|-damage|p2a: Gengar|88/100|[from] Stealth Rock
|turn|16
|
|t:|1707243702
|move|p2a: Gengar|Shadow Ball|p1a: Starmie
|-supereffective|p1a: Starmie
|-damage|p1a: Starmie|0 fnt
|faint|p1a: Starmie
|
|-weather|RainDance|[upkeep]
|upkeep
|
|t:|1707243704
|switch|p1a: Latios|Latios, M|28/100
|-damage|p1a: Latios|16/100|[from] Stealth Rock
|turn|17
|
|t:|1707243711
|move|p2a: Gengar|Shadow Ball|p1a: Latios
|-supereffective|p1a: Latios
|-damage|p1a: Latios|0 fnt
|faint|p1a: Latios
|
|-weather|RainDance|[upkeep]
|upkeep
|
|t:|1707243717
|switch|p1a: Tentacruel|Tentacruel, F|100/100
|-damage|p1a: Tentacruel|88/100|[from] Stealth Rock
|turn|18
|
|t:|1707243720
|switch|p2a: Starmie|Starmie|100/100
|-damage|p2a: Starmie|88/100|[from] Stealth Rock
|move|p1a: Tentacruel|Scald|p2a: Starmie
|-resisted|p2a: Starmie
|-damage|p2a: Starmie|61/100
|
|-weather|RainDance|[upkeep]
|-heal|p1a: Tentacruel|94/100|[from] ability: Rain Dish
|-heal|p1a: Tentacruel|99/100|[from] item: Black Sludge
|upkeep
|turn|19
|
|t:|1707243723
|move|p1a: Tentacruel|Protect|p1a: Tentacruel
|-singleturn|p1a: Tentacruel|Protect
|move|p2a: Starmie|Rapid Spin|p1a: Tentacruel
|-activate|p1a: Tentacruel|move: Protect
|
|-weather|RainDance|[upkeep]
|-heal|p1a: Tentacruel|100/100|[from] ability: Rain Dish
|upkeep
|turn|20
|
|t:|1707243725
|move|p2a: Starmie|Rapid Spin|p1a: Tentacruel
|-damage|p1a: Tentacruel|96/100
|-sideend|p2: sidis|Stealth Rock|[from] move: Rapid Spin|[of] p2a: Starmie
|-damage|p2a: Starmie|51/100|[from] item: Life Orb
|move|p1a: Tentacruel|Scald|p2a: Starmie
|-resisted|p2a: Starmie
|-damage|p2a: Starmie|25/100
|
|-weather|RainDance|[upkeep]
|-heal|p1a: Tentacruel|100/100|[from] ability: Rain Dish
|upkeep
|turn|21
|
|t:|1707243728
|move|p2a: Starmie|Psyshock|p1a: Tentacruel
|-supereffective|p1a: Tentacruel
|-damage|p1a: Tentacruel|0 fnt
|faint|p1a: Tentacruel
|-damage|p2a: Starmie|15/100|[from] item: Life Orb
|
|-weather|RainDance|[upkeep]
|upkeep
|-message|BBQSauceEnjoyer forfeited.
|
|win|sidis
|raw|BBQSauceEnjoyer's rating: 1435 &rarr; <strong>1419</strong><br />(-16 for losing)
|raw|sidis's rating: 1513 &rarr; <strong>1529</strong><br />(+16 for winning)
|l|☆BBQSauceEnjoyer
|player|p1|
