|badge|p1|bronze|gen9ubers|100-2
|uhtml|medal-msg|<div class="broadcast-blue">Curious what those medals under the avatar are? PS now has Ladder Seasons! For more information, check out the <a href="https://www.smogon.com/forums/threads/3740067/">thread on Smogon.</a></div>
|raw|<div class="broadcast-blue"><strong>This battle is required to be public due to a player having a name starting with 'orasz'.</div>
|j|☆puissance du feu
|j|☆orasz foden
|t:|1720719326
|gametype|singles
|player|p1|puissance du feu|burglar|1431
|player|p2|orasz foden|youngster-gen4dp|1473
|teamsize|p1|6
|teamsize|p2|6
|gen|5
|tier|[Gen 5] OU
|rated|
|rule|Species Clause: Limit one of each Pokémon
|rule|OHKO Clause: OHKO moves are banned
|rule|Moody Clause: Moody is banned
|rule|Evasion Items Clause: Evasion items are banned
|rule|Evasion Moves Clause: Evasion moves are banned
|rule|Endless Battle Clause: Forcing endless battles is banned
|rule|HP Percentage Mod: HP is shown in percentages
|rule|Evasion Abilities Clause: Evasion abilities are banned
|rule|Sleep Moves Clause: Sleep-inducing moves are banned
|rule|Swagger Clause: Swagger is banned
|rule|Baton Pass Stat Clause: No Baton Passer may have a way to boost its stats
|clearpoke
|poke|p1|Skarmory, F|item
|poke|p1|Starmie|item
|poke|p1|Sableye, F|item
|poke|p1|Weavile, M|item
|poke|p1|Breloom, F|item
|poke|p1|Ditto|item
|poke|p2|Abomasnow, M|item
|poke|p2|Excadrill, M|item
|poke|p2|Skarmory, M|item
|poke|p2|Latios, M|item
|poke|p2|Reuniclus, M|item
|poke|p2|Blissey, F|item
|teampreview
|inactive|Battle timer is ON: inactive players will automatically lose when time's up. (requested by puissance du feu)
|
|t:|1720719337
|start
|switch|p1a: Baala le fronton|Skarmory, F|100/100
|switch|p2a: Abomasnow|Abomasnow, M|100/100
|-weather|Hail|[from] ability: Snow Warning|[of] p2a: Abomasnow
|turn|1
|
|t:|1720719344
|move|p1a: Baala le fronton|Stealth Rock|p2a: Abomasnow
|-sidestart|p2: orasz foden|move: Stealth Rock
|move|p2a: Abomasnow|Blizzard|p1a: Baala le fronton
|-damage|p1a: Baala le fronton|24/100
|
|-weather|Hail|[upkeep]
|-damage|p1a: Baala le fronton|18/100|[from] Hail
|upkeep
|turn|2
|inactive|orasz foden has 120 seconds left.
|inactive|puissance du feu has 120 seconds left.
|
|t:|1720719398
|switch|p1a: Ahlouais|Ditto|100/100
|-transform|p1a: Ahlouais|p2a: Abomasnow|[from] ability: Imposter
|move|p2a: Abomasnow|Protect||[still]
|-fail|p2a: Abomasnow
|
|-weather|Hail|[upkeep]
|upkeep
|turn|3
|inactive|puissance du feu has 120 seconds left.
|
|t:|1720719416
|move|p1a: Ahlouais|Blizzard|p2a: Abomasnow
|-damage|p2a: Abomasnow|54/100
|move|p2a: Abomasnow|Blizzard|p1a: Ahlouais
|-damage|p1a: Ahlouais|40/100
|
|-weather|Hail|[upkeep]
|-heal|p2a: Abomasnow|60/100|[from] item: Leftovers
|upkeep
|turn|4
|
|t:|1720719424
|switch|p1a: Sress|Starmie|100/100
|-item|p1a: Sress|Air Balloon
|move|p2a: Abomasnow|Protect||[still]
|-fail|p2a: Abomasnow
|
|-weather|Hail|[upkeep]
|-damage|p1a: Sress|94/100|[from] Hail
|-heal|p2a: Abomasnow|66/100|[from] item: Leftovers
|upkeep
|turn|5
|inactive|puissance du feu has 120 seconds left.
|
|t:|1720719456
|switch|p1a: Wel|Breloom, F|100/100
|move|p2a: Abomasnow|Protect||[still]
|-fail|p2a: Abomasnow
|
|-weather|Hail|[upkeep]
|-damage|p1a: Wel|94/100|[from] Hail
|-heal|p2a: Abomasnow|72/100|[from] item: Leftovers
|upkeep
|turn|6
|inactive|orasz foden has 120 seconds left.
|inactive|puissance du feu has 90 seconds left.
|
|t:|1720719478
|switch|p2a: Reuniclus|Reuniclus, M|100/100
|move|p1a: Wel|Swords Dance|p1a: Wel
|-boost|p1a: Wel|atk|2
|
|-weather|Hail|[upkeep]
|-damage|p1a: Wel|88/100|[from] Hail
|upkeep
|turn|7
|
|t:|1720719484
|move|p1a: Wel|Bullet Seed|p2a: Reuniclus
|-damage|p2a: Reuniclus|73/100
|-damage|p2a: Reuniclus|48/100
|-damage|p2a: Reuniclus|22/100
|-damage|p2a: Reuniclus|0 fnt
|faint|p2a: Reuniclus
|-hitcount|p2: Reuniclus|4
|
|-weather|Hail|[upkeep]
|-damage|p1a: Wel|82/100|[from] Hail
|upkeep
|
|t:|1720719492
|switch|p2a: Latios|Latios, M|100/100
|-damage|p2a: Latios|88/100|[from] Stealth Rock
|turn|8
|
|t:|1720719498
|move|p1a: Wel|Mach Punch|p2a: Latios
|-resisted|p2a: Latios
|-damage|p2a: Latios|42/100
|move|p2a: Latios|Draco Meteor|p1a: Wel
|-damage|p1a: Wel|0 fnt
|-unboost|p2a: Latios|spa|2
|faint|p1a: Wel
|
|-weather|Hail|[upkeep]
|-damage|p2a: Latios|36/100|[from] Hail
|upkeep
|
|t:|1720719514
|switch|p1a: Sol|Sableye, F|100/100
|turn|9
|
|t:|1720719519
|move|p1a: Sol|Will-O-Wisp|p2a: Latios|[miss]
|-miss|p1a: Sol|p2a: Latios
|move|p2a: Latios|Recover|p2a: Latios
|-heal|p2a: Latios|86/100
|
|-weather|Hail|[upkeep]
|-damage|p2a: Latios|80/100|[from] Hail
|-damage|p1a: Sol|94/100|[from] Hail
|-heal|p1a: Sol|100/100|[from] item: Leftovers
|upkeep
|turn|10
|
|t:|1720719528
|switch|p2a: Blissey|Blissey, F|100/100
|-damage|p2a: Blissey|88/100|[from] Stealth Rock
|move|p1a: Sol|Will-O-Wisp|p2a: Blissey|[miss]
|-miss|p1a: Sol|p2a: Blissey
|
|-weather|Hail|[upkeep]
|-damage|p2a: Blissey|82/100|[from] Hail
|-damage|p1a: Sol|94/100|[from] Hail
|-heal|p2a: Blissey|88/100|[from] item: Leftovers
|-heal|p1a: Sol|100/100|[from] item: Leftovers
|upkeep
|turn|11
|
|t:|1720719533
|move|p1a: Sol|Taunt|p2a: Blissey
|-start|p2a: Blissey|move: Taunt
|cant|p2a: Blissey|move: Taunt|Wish
|
|-weather|Hail|[upkeep]
|-damage|p2a: Blissey|82/100|[from] Hail
|-damage|p1a: Sol|94/100|[from] Hail
|-heal|p2a: Blissey|88/100|[from] item: Leftovers
|-heal|p1a: Sol|100/100|[from] item: Leftovers
|upkeep
|turn|12
|
|t:|1720719548
|switch|p2a: Excadrill|Excadrill, M|100/100
|-damage|p2a: Excadrill|98/100|[from] Stealth Rock
|-ability|p2a: Excadrill|Mold Breaker
|move|p1a: Sol|Will-O-Wisp|p2a: Excadrill
|-status|p2a: Excadrill|brn
|
|-weather|Hail|[upkeep]
|-damage|p2a: Excadrill|92/100 brn|[from] Hail
|-damage|p1a: Sol|94/100|[from] Hail
|-heal|p2a: Excadrill|98/100 brn|[from] item: Leftovers
|-heal|p1a: Sol|100/100|[from] item: Leftovers
|-damage|p2a: Excadrill|85/100 brn|[from] brn
|upkeep
|turn|13
|inactive|puissance du feu has 120 seconds left.
|
|t:|1720719592
|switch|p1a: Sress|Starmie|94/100
|-item|p1a: Sress|Air Balloon
|move|p2a: Excadrill|Stealth Rock|p1a: Sress
|-sidestart|p1: puissance du feu|move: Stealth Rock
|
|-weather|Hail|[upkeep]
|-damage|p1a: Sress|88/100|[from] Hail
|-damage|p2a: Excadrill|79/100 brn|[from] Hail
|-heal|p2a: Excadrill|85/100 brn|[from] item: Leftovers
|-damage|p2a: Excadrill|73/100 brn|[from] brn
|upkeep
|turn|14
|
|t:|1720719606
|switch|p2a: Blissey|Blissey, F|88/100
|-damage|p2a: Blissey|76/100|[from] Stealth Rock
|move|p1a: Sress|Rapid Spin|p2a: Blissey
|-damage|p2a: Blissey|72/100
|-sideend|p1: puissance du feu|Stealth Rock|[from] move: Rapid Spin|[of] p1a: Sress
|
|-weather|Hail|[upkeep]
|-damage|p1a: Sress|82/100|[from] Hail
|-damage|p2a: Blissey|66/100|[from] Hail
|-heal|p2a: Blissey|72/100|[from] item: Leftovers
|upkeep
|turn|15
|
|t:|1720719615
|switch|p1a: Baala le fronton|Skarmory, F|18/100
|move|p2a: Blissey|Wish|p2a: Blissey
|
|-weather|Hail|[upkeep]
|-damage|p1a: Baala le fronton|12/100|[from] Hail
|-damage|p2a: Blissey|66/100|[from] Hail
|-heal|p2a: Blissey|72/100|[from] item: Leftovers
|upkeep
|turn|16
|-enditem|p1a: Baala le fronton|Custap Berry|[eat]
|-activate|p1a: Baala le fronton|item: Custap Berry|[consumed]
|
|t:|1720719633
|move|p1a: Baala le fronton|Spikes|p2a: Blissey
|-sidestart|p2: orasz foden|Spikes
|move|p2a: Blissey|Seismic Toss|p1a: Baala le fronton
|-damage|p1a: Baala le fronton|0 fnt
|faint|p1a: Baala le fronton
|
|-weather|Hail|[upkeep]
|-damage|p2a: Blissey|66/100|[from] Hail
|-heal|p2a: Blissey|100/100|[from] move: Wish|[wisher] Blissey
|upkeep
|
|t:|1720719642
|switch|p1a: Sol|Sableye, F|100/100
|turn|17
|
|t:|1720719667
|switch|p2a: Abomasnow|Abomasnow, M|72/100
|-damage|p2a: Abomasnow|47/100|[from] Stealth Rock
|-damage|p2a: Abomasnow|34/100|[from] Spikes
|move|p1a: Sol|Foul Play|p2a: Abomasnow
|-damage|p2a: Abomasnow|4/100
|
|-weather|Hail|[upkeep]
|-damage|p1a: Sol|94/100|[from] Hail
|-heal|p1a: Sol|100/100|[from] item: Leftovers
|-heal|p2a: Abomasnow|10/100|[from] item: Leftovers
|upkeep
|turn|18
|inactive|puissance du feu has 90 seconds left.
|c|☆orasz foden|u literally win if u spam taunt kekw
|
|t:|1720719698
|switch|p1a: Sress|Starmie|82/100
|-item|p1a: Sress|Air Balloon
|move|p2a: Abomasnow|Blizzard|p1a: Sress
|-resisted|p1a: Sress
|-damage|p1a: Sress|46/100
|-status|p1a: Sress|frz
|-enditem|p1a: Sress|Air Balloon
|
|-weather|Hail|[upkeep]
|-damage|p1a: Sress|40/100 frz|[from] Hail
|-heal|p2a: Abomasnow|16/100|[from] item: Leftovers
|upkeep
|turn|19
|c|☆puissance du feu|Lol
|
|t:|1720719723
|cant|p1a: Sress|frz
|move|p2a: Abomasnow|Giga Drain|p1a: Sress
|-supereffective|p1a: Sress
|-damage|p1a: Sress|0 fnt
|-heal|p2a: Abomasnow|29/100|[from] drain|[of] p1a: Sress
|faint|p1a: Sress
|
|-weather|Hail|[upkeep]
|-heal|p2a: Abomasnow|35/100|[from] item: Leftovers
|upkeep
|inactive|puissance du feu has 60 seconds left.
|
|t:|1720719746
|switch|p1a: Ahlouais|Ditto|40/100
|-transform|p1a: Ahlouais|p2a: Abomasnow|[from] ability: Imposter
|turn|20
|
|t:|1720719750
|move|p2a: Abomasnow|Protect|p2a: Abomasnow
|-singleturn|p2a: Abomasnow|Protect
|move|p1a: Ahlouais|Blizzard|p2a: Abomasnow
|-activate|p2a: Abomasnow|move: Protect
|
|-weather|Hail|[upkeep]
|-heal|p2a: Abomasnow|41/100|[from] item: Leftovers
|upkeep
|turn|21
|
|t:|1720719756
|switch|p2a: Blissey|Blissey, F|100/100
|-damage|p2a: Blissey|88/100|[from] Stealth Rock
|-damage|p2a: Blissey|76/100|[from] Spikes
|move|p1a: Ahlouais|Blizzard|p2a: Blissey
|-crit|p2a: Blissey
|-damage|p2a: Blissey|42/100
|
|-weather|Hail|[upkeep]
|-damage|p2a: Blissey|36/100|[from] Hail
|-heal|p2a: Blissey|42/100|[from] item: Leftovers
|upkeep
|turn|22
|
|t:|1720719768
|switch|p1a: Sol|Sableye, F|100/100
|move|p2a: Blissey|Soft-Boiled|p2a: Blissey
|-heal|p2a: Blissey|92/100
|
|-weather|Hail|[upkeep]
|-damage|p2a: Blissey|86/100|[from] Hail
|-damage|p1a: Sol|94/100|[from] Hail
|-heal|p2a: Blissey|92/100|[from] item: Leftovers
|-heal|p1a: Sol|100/100|[from] item: Leftovers
|upkeep
|turn|23
|
|t:|1720719781
|switch|p2a: Latios|Latios, M|80/100
|-damage|p2a: Latios|68/100|[from] Stealth Rock
|move|p1a: Sol|Taunt|p2a: Latios
|-start|p2a: Latios|move: Taunt
|
|-weather|Hail|[upkeep]
|-damage|p2a: Latios|62/100|[from] Hail
|-damage|p1a: Sol|94/100|[from] Hail
|-heal|p1a: Sol|100/100|[from] item: Leftovers
|upkeep
|turn|24
|inactive|puissance du feu has 90 seconds left.
|
|t:|1720719814
|move|p2a: Latios|Draco Meteor|p1a: Sol
|-damage|p1a: Sol|17/100
|-unboost|p2a: Latios|spa|2
|move|p1a: Sol|Foul Play|p2a: Latios
|-supereffective|p2a: Latios
|-enditem|p2a: Latios|Colbur Berry|[eat]
|-enditem|p2a: Latios|Colbur Berry|[weaken]
|-damage|p2a: Latios|29/100
|
|-weather|Hail|[upkeep]
|-damage|p2a: Latios|23/100|[from] Hail
|-damage|p1a: Sol|10/100|[from] Hail
|-heal|p1a: Sol|17/100|[from] item: Leftovers
|upkeep
|turn|25
|inactive|orasz foden has 120 seconds left.
|
|t:|1720719829
|switch|p2a: Abomasnow|Abomasnow, M|41/100
|-damage|p2a: Abomasnow|16/100|[from] Stealth Rock
|-damage|p2a: Abomasnow|4/100|[from] Spikes
|move|p1a: Sol|Recover|p1a: Sol
|-heal|p1a: Sol|67/100
|
|-weather|Hail|[upkeep]
|-damage|p1a: Sol|60/100|[from] Hail
|-heal|p1a: Sol|67/100|[from] item: Leftovers
|-heal|p2a: Abomasnow|10/100|[from] item: Leftovers
|upkeep
|turn|26
|inactive|orasz foden has 120 seconds left.
|
|t:|1720719844
|switch|p1a: Ahlouais|Ditto|40/100
|-transform|p1a: Ahlouais|p2a: Abomasnow|[from] ability: Imposter
|move|p2a: Abomasnow|Giga Drain|p1a: Ahlouais
|-resisted|p1a: Ahlouais
|-damage|p1a: Ahlouais|24/100
|-heal|p2a: Abomasnow|16/100|[from] drain|[of] p1a: Ahlouais
|
|-weather|Hail|[upkeep]
|-heal|p2a: Abomasnow|22/100|[from] item: Leftovers
|upkeep
|turn|27
|
|t:|1720719856
|move|p2a: Abomasnow|Protect|p2a: Abomasnow
|-singleturn|p2a: Abomasnow|Protect
|move|p1a: Ahlouais|Blizzard|p2a: Abomasnow
|-activate|p2a: Abomasnow|move: Protect
|
|-weather|Hail|[upkeep]
|-heal|p2a: Abomasnow|28/100|[from] item: Leftovers
|upkeep
|turn|28
|
|t:|1720719863
|move|p2a: Abomasnow|Ice Shard|p1a: Ahlouais
|-damage|p1a: Ahlouais|5/100
|move|p1a: Ahlouais|Blizzard|p2a: Abomasnow
|-damage|p2a: Abomasnow|0 fnt
|faint|p2a: Abomasnow
|
|-weather|Hail|[upkeep]
|upkeep
|j| the deep the peak
|
|t:|1720719876
|switch|p2a: Blissey|Blissey, F|92/100
|-damage|p2a: Blissey|79/100|[from] Stealth Rock
|-damage|p2a: Blissey|67/100|[from] Spikes
|turn|29
|
|t:|1720719900
|move|p1a: Ahlouais|Blizzard|p2a: Blissey
|-crit|p2a: Blissey
|-damage|p2a: Blissey|34/100
|-status|p2a: Blissey|frz
|cant|p2a: Blissey|frz
|
|-weather|Hail|[upkeep]
|-damage|p2a: Blissey|28/100 frz|[from] Hail
|-heal|p2a: Blissey|34/100 frz|[from] item: Leftovers
|upkeep
|turn|30
|c|☆puissance du feu|Praise the lord
|inactive|puissance du feu has 60 seconds left.
|
|t:|1720719924
|-curestatus|p2a: Blissey|frz|[from] ability: Natural Cure
|switch|p2a: Excadrill|Excadrill, M|73/100 brn
|-damage|p2a: Excadrill|70/100 brn|[from] Stealth Rock
|-damage|p2a: Excadrill|58/100 brn|[from] Spikes
|-ability|p2a: Excadrill|Mold Breaker
|move|p1a: Ahlouais|Blizzard|p2a: Excadrill
|-damage|p2a: Excadrill|0 fnt
|faint|p2a: Excadrill
|
|-weather|Hail|[upkeep]
|upkeep
|inactive|orasz foden has 120 seconds left.
|
|t:|1720719964
|switch|p2a: Skarmory|Skarmory, M|100/100
|-damage|p2a: Skarmory|88/100|[from] Stealth Rock
|turn|31
|
|t:|1720719972
|move|p1a: Ahlouais|Blizzard|p2a: Skarmory
|-damage|p2a: Skarmory|23/100
|-status|p2a: Skarmory|frz
|cant|p2a: Skarmory|frz
|
|-weather|Hail|[upkeep]
|-damage|p2a: Skarmory|17/100 frz|[from] Hail
|-heal|p2a: Skarmory|23/100 frz|[from] item: Leftovers
|upkeep
|turn|32
|inactive|orasz foden has 120 seconds left.
|c|☆orasz foden|u risked sab like 50 times on a toxic which is the only way to lose with that mn vs this 6 its kinda crazy but ggs bro
|c|☆puissance du feu|Second one is rough tho
|-message|orasz foden forfeited.
|
|win|puissance du feu
|raw|puissance du feu's rating: 1431 &rarr; <strong>1453</strong><br />(+22 for winning)
|raw|orasz foden's rating: 1473 &rarr; <strong>1451</strong><br />(-22 for losing)
|l|☆orasz foden
|player|p2|
