|j|☆MCDTeach
|j|☆the pirate97
|player|p1|MCDTeach|167
|player|p2|the pirate97|108
|teamsize|p1|6
|teamsize|p2|6
|gametype|singles
|gen|5
|tier|[Gen 5] OU
|rated|
|rule|Sleep Clause Mod: Limit one foe put to sleep
|rule|Species Clause: Limit one of each Pokémon
|rule|OHKO Clause: OHKO moves are banned
|rule|Moody Clause: Moody is banned
|rule|Evasion Moves Clause: Evasion moves are banned
|rule|Endless Battle Clause: Forcing endless battles is banned
|rule|HP Percentage Mod: HP is shown in percentages
|rule|Evasion Abilities Clause: Evasion abilities are banned
|rule|Baton Pass Clause: Limit one Baton Passer, can't pass Spe and other stats simultaneously
|rule|Swagger Clause: Swagger is banned
|clearpoke
|poke|p1|Garchomp, F|item
|poke|p1|Breloom, M|item
|poke|p1|Gyarados, M|item
|poke|p1|Jirachi|item
|poke|p1|Starmie|item
|poke|p1|Dragonite, M|item
|poke|p2|Azelf|item
|poke|p2|Breloom, M|item
|poke|p2|Latios, M|item
|poke|p2|Dragonite, F|item
|poke|p2|Volcarona, F|item
|poke|p2|Excadrill, F|item
|teampreview
|inactive|Battle timer is ON: inactive players will automatically lose when time's up. (requested by the pirate97)
|inactive|MCDTeach has 135 seconds left.
|
|start
|switch|p1a: Dragonite|Dragonite, M|100/100
|switch|p2a: Into The Storm|Azelf|100/100
|turn|1
|
|move|p1a: Dragonite|Extreme Speed|p2a: Into The Storm
|-damage|p2a: Into The Storm|39/100
|move|p2a: Into The Storm|Reflect|p2a: Into The Storm
|-sidestart|p2: the pirate97|Reflect
|
|upkeep
|turn|2
|
|switch|p1a: Starmie|Starmie|100/100
|move|p2a: Into The Storm|Stealth Rock|p1a: Starmie
|-sidestart|p1: MCDTeach|move: Stealth Rock
|
|upkeep
|turn|3
|
|move|p1a: Starmie|Rapid Spin|p2a: Into The Storm
|-damage|p2a: Into The Storm|36/100
|-sideend|p1: MCDTeach|Stealth Rock|[from] move: Rapid Spin|[of] p1a: Starmie
|-damage|p1a: Starmie|91/100|[from] item: Life Orb
|move|p2a: Into The Storm|Light Screen|p2a: Into The Storm
|-sidestart|p2: the pirate97|move: Light Screen
|
|upkeep
|turn|4
|
|move|p1a: Starmie|Hydro Pump|p2a: Into The Storm
|-damage|p2a: Into The Storm|0 fnt
|-damage|p1a: Starmie|81/100|[from] item: Life Orb
|faint|p2a: Into The Storm
|
|upkeep
|
|switch|p2a: A Dark Passage|Breloom, M|100/100
|turn|5
|inactive|MCDTeach has 135 seconds left.
|
|move|p1a: Starmie|Psyshock|p2a: A Dark Passage
|-supereffective|p2a: A Dark Passage
|-damage|p2a: A Dark Passage|31/100
|-damage|p1a: Starmie|71/100|[from] item: Life Orb
|move|p2a: A Dark Passage|Bullet Seed|p1a: Starmie
|-supereffective|p1a: Starmie
|-damage|p1a: Starmie|9/100
|-supereffective|p1a: Starmie
|-damage|p1a: Starmie|0 fnt
|-hitcount|p1a: Starmie|2
|faint|p1a: Starmie
|
|upkeep
|
|switch|p1a: Gyarados|Gyarados, M|100/100
|-ability|p1a: Gyarados|Intimidate|boost
|-unboost|p2a: A Dark Passage|atk|1
|turn|6
|
|move|p1a: Gyarados|Substitute|p1a: Gyarados
|-start|p1a: Gyarados|Substitute
|-damage|p1a: Gyarados|76/100
|move|p2a: A Dark Passage|Spore|p1a: Gyarados
|-fail|p1a: Gyarados
|
|-heal|p1a: Gyarados|82/100|[from] item: Leftovers
|upkeep
|turn|7
|
|move|p1a: Gyarados|Bounce|p2a: A Dark Passage|[still]
|-prepare|p1a: Gyarados|Bounce|p2a: A Dark Passage
|move|p2a: A Dark Passage|Bullet Seed|p1a: Gyarados|[miss]
|-miss|p2a: A Dark Passage|p1a: Gyarados
|
|-heal|p1a: Gyarados|88/100|[from] item: Leftovers
|upkeep
|turn|8
|
|move|p1a: Gyarados|Bounce|p2a: A Dark Passage|[from]lockedmove
|-supereffective|p2a: A Dark Passage
|-damage|p2a: A Dark Passage|0 fnt
|faint|p2a: A Dark Passage
|
|-heal|p1a: Gyarados|94/100|[from] item: Leftovers
|-sideend|p2: the pirate97|Reflect
|upkeep
|
|switch|p2a: Thorn|Dragonite, F|100/100
|turn|9
|
|move|p1a: Gyarados|Dragon Dance|p1a: Gyarados
|-boost|p1a: Gyarados|atk|1
|-boost|p1a: Gyarados|spe|1
|move|p2a: Thorn|Dragon Dance|p2a: Thorn
|-boost|p2a: Thorn|atk|1
|-boost|p2a: Thorn|spe|1
|
|-heal|p1a: Gyarados|100/100|[from] item: Leftovers
|upkeep
|turn|10
|
|move|p1a: Gyarados|Waterfall|p2a: Thorn
|-resisted|p2a: Thorn
|-damage|p2a: Thorn|84/100
|move|p2a: Thorn|Fire Punch|p1a: Gyarados
|-resisted|p1a: Gyarados
|-end|p1a: Gyarados|Substitute
|
|-sideend|p2: the pirate97|move: Light Screen
|upkeep
|turn|11
|
|move|p1a: Gyarados|Substitute|p1a: Gyarados
|-start|p1a: Gyarados|Substitute
|-damage|p1a: Gyarados|76/100
|move|p2a: Thorn|Dragon Dance|p2a: Thorn
|-boost|p2a: Thorn|atk|1
|-boost|p2a: Thorn|spe|1
|
|-heal|p1a: Gyarados|82/100|[from] item: Leftovers
|upkeep
|turn|12
|
|move|p2a: Thorn|Fire Punch|p1a: Gyarados
|-resisted|p1a: Gyarados
|-end|p1a: Gyarados|Substitute
|move|p1a: Gyarados|Dragon Dance|p1a: Gyarados
|-boost|p1a: Gyarados|atk|1
|-boost|p1a: Gyarados|spe|1
|
|-heal|p1a: Gyarados|88/100|[from] item: Leftovers
|upkeep
|turn|13
|
|move|p1a: Gyarados|Substitute|p1a: Gyarados
|-start|p1a: Gyarados|Substitute
|-damage|p1a: Gyarados|63/100
|move|p2a: Thorn|Outrage|p1a: Gyarados
|-end|p1a: Gyarados|Substitute
|
|-heal|p1a: Gyarados|69/100|[from] item: Leftovers
|upkeep
|turn|14
|
|move|p1a: Gyarados|Bounce|p2a: Thorn|[still]
|-prepare|p1a: Gyarados|Bounce|p2a: Thorn
|move|p2a: Thorn|Outrage|p1a: Gyarados|[from]lockedmove|[miss]
|-miss|p2a: Thorn|p1a: Gyarados
|-start|p2a: Thorn|confusion|[fatigue]
|-enditem|p2a: Thorn|Lum Berry|[eat]
|-end|p2a: Thorn|confusion
|
|-heal|p1a: Gyarados|76/100|[from] item: Leftovers
|upkeep
|turn|15
|
|move|p1a: Gyarados|Bounce|p2a: Thorn|[from]lockedmove
|-damage|p2a: Thorn|0 fnt
|faint|p2a: Thorn
|
|-heal|p1a: Gyarados|82/100|[from] item: Leftovers
|upkeep
|
|switch|p2a: The Eldar|Latios, M|100/100
|turn|16
|
|move|p1a: Gyarados|Substitute|p1a: Gyarados
|-start|p1a: Gyarados|Substitute
|-damage|p1a: Gyarados|57/100
|move|p2a: The Eldar|Reflect|p2a: The Eldar
|-sidestart|p2: the pirate97|Reflect
|
|-heal|p1a: Gyarados|63/100|[from] item: Leftovers
|upkeep
|turn|17
|-message|the pirate97 forfeited.
|
|win|MCDTeach
|l|☆the pirate97
|raw|MCDTeach's rating: 1391 &rarr; <strong>1418</strong><br />(+27 for winning)
|raw|the pirate97's rating: 1528 &rarr; <strong>1501</strong><br />(-27 for losing)
