|j|smurfer
|j|Jorge L3
|player|p1|smurfer|161
|player|p2|Jorge L3|1
|gametype|singles
|gen|5
|tier|[Gen 5] OU
|rated
|seed|
|rule|Evasion Abilities Clause: Evasion abilities are banned
|rule|Baton Pass Clause: Limit one Baton Passer, can't pass Spe and other stats simultaneously
|rule|Swagger Clause: Swagger is banned
|clearpoke
|poke|p1|Garchomp, F, shiny|item
|poke|p1|Volcarona, M|item
|poke|p1|Breloom, M, shiny|item
|poke|p1|Dragonite, M|item
|poke|p1|Starmie, shiny|item
|poke|p1|Scizor, F|item
|poke|p2|Gardevoir, M|item
|poke|p2|Excadrill, F|item
|poke|p2|Skarmory, F|item
|poke|p2|Lanturn, M|item
|poke|p2|Heracross, M|item
|poke|p2|Garchomp, F|item
|rule|Sleep Clause Mod: Limit one foe put to sleep
|rule|Species Clause: Limit one of each Pokémon
|rule|OHKO Clause: OHKO moves are banned
|rule|Moody Clause: Moody is banned
|rule|Evasion Moves Clause: Evasion moves are banned
|rule|Endless Battle Clause: Forcing endless battles is banned
|rule|HP Percentage Mod: HP is shown in percentages
|teampreview
|choice||
|
|start
|switch|p1a: Breloom|Breloom, M, shiny|100/100
|switch|p2a: Gardevoir|Gardevoir, M|100/100
|-ability|p2a: Gardevoir|Technician|[from] ability: Trace|[of] p1a: Breloom
|turn|1
|choice||
|
|move|p2a: Gardevoir|Psychic|p1a: Breloom
|-supereffective|p1a: Breloom
|-enditem|p1a: Breloom|Focus Sash
|-damage|p1a: Breloom|1/100
|-unboost|p1a: Breloom|spd|1
|move|p1a: Breloom|Bullet Seed|p2a: Gardevoir
|-damage|p2a: Gardevoir|64/100
|-damage|p2a: Gardevoir|26/100
|-damage|p2a: Gardevoir|0 fnt
|-hitcount|p2a: Gardevoir|3
|faint|p2a: Gardevoir
|
|choice||
|
|switch|p2a: Skarmory|Skarmory, F|100/100
|turn|2
|choice||
|
|move|p1a: Breloom|Spore|p2a: Skarmory
|-status|p2a: Skarmory|slp
|cant|p2a: Skarmory|slp
|
|turn|3
|choice||
|
|switch|p1a: Starmie|Starmie, shiny|100/100
|-curestatus|p2a: Skarmory|slp|[msg]
|move|p2a: Skarmory|Substitute|p2a: Skarmory
|-start|p2a: Skarmory|Substitute
|-damage|p2a: Skarmory|76/100
|
|-heal|p2a: Skarmory|82/100|[from] item: Leftovers
|turn|4
|choice||
|
|move|p1a: Starmie|Ice Beam|p2a: Skarmory
|-end|p2a: Skarmory|Substitute
|-damage|p1a: Starmie|91/100|[from] item: Life Orb
|move|p2a: Skarmory|Spikes|p1a: Starmie
|-sidestart|p1: smurfer|Spikes
|
|-heal|p2a: Skarmory|88/100|[from] item: Leftovers
|turn|5
|choice||
|
|switch|p2a: Lanturn|Lanturn, M|100/100
|move|p1a: Starmie|Hydro Pump|p2a: Lanturn
|-resisted|p2a: Lanturn
|-damage|p2a: Lanturn|74/100
|-damage|p1a: Starmie|81/100|[from] item: Life Orb
|
|-heal|p2a: Lanturn|80/100|[from] item: Leftovers
|turn|6
|choice||
|
|move|p1a: Starmie|Rapid Spin|p2a: Lanturn
|-damage|p2a: Lanturn|75/100
|-sideend|p1: smurfer|Spikes|[from] move: Rapid Spin|[of] p1a: Starmie
|-damage|p1a: Starmie|71/100|[from] item: Life Orb
|move|p2a: Lanturn|Thunder Wave|p1a: Starmie
|-status|p1a: Starmie|par
|
|-heal|p2a: Lanturn|81/100|[from] item: Leftovers
|turn|7
|choice||
|
|switch|p1a: Garchomp|Garchomp, F, shiny|100/100
|move|p2a: Lanturn|Scald|p1a: Garchomp
|-damage|p1a: Garchomp|76/100
|
|-heal|p2a: Lanturn|88/100|[from] item: Leftovers
|turn|8
|choice||
|
|switch|p2a: Skarmory|Skarmory, F|88/100
|move|p1a: Garchomp|Stealth Rock|p2a: Skarmory
|-sidestart|p2: Jorge L3|move: Stealth Rock
|
|-heal|p2a: Skarmory|94/100|[from] item: Leftovers
|turn|9
|choice||
|
|move|p1a: Garchomp|Swords Dance|p1a: Garchomp
|-boost|p1a: Garchomp|atk|2
|move|p2a: Skarmory|Substitute|p2a: Skarmory
|-start|p2a: Skarmory|Substitute
|-damage|p2a: Skarmory|69/100
|
|-heal|p2a: Skarmory|75/100|[from] item: Leftovers
|turn|10
|choice||
|
|move|p1a: Garchomp|Outrage|p2a: Skarmory
|-resisted|p2a: Skarmory
|-crit|p2a: Skarmory
|-end|p2a: Skarmory|Substitute
|move|p2a: Skarmory|Whirlwind|p1a: Garchomp
|drag|p1a: Scizor|Scizor, F|100/100
|
|-heal|p2a: Skarmory|81/100|[from] item: Leftovers
|turn|11
|choice||
|
|move|p1a: Scizor|Swords Dance|p1a: Scizor
|-boost|p1a: Scizor|atk|2
|move|p2a: Skarmory|Substitute|p2a: Skarmory
|-start|p2a: Skarmory|Substitute
|-damage|p2a: Skarmory|56/100
|
|-heal|p2a: Skarmory|62/100|[from] item: Leftovers
|turn|12
|choice||
|
|move|p1a: Scizor|Bullet Punch|p2a: Skarmory
|-resisted|p2a: Skarmory
|-end|p2a: Skarmory|Substitute
|-damage|p1a: Scizor|91/100|[from] item: Life Orb
|move|p2a: Skarmory|Whirlwind|p1a: Scizor
|drag|p1a: Volcarona|Volcarona, M|100/100
|
|-heal|p2a: Skarmory|68/100|[from] item: Leftovers
|turn|13
|choice||
|
|switch|p2a: Lanturn|Lanturn, M|88/100
|-damage|p2a: Lanturn|75/100|[from] Stealth Rock
|move|p1a: Volcarona|Fire Blast|p2a: Lanturn|[miss]
|-miss|p1a: Volcarona|p2a: Lanturn
|
|-heal|p2a: Lanturn|81/100|[from] item: Leftovers
|turn|14
|choice||
|
|move|p1a: Volcarona|Quiver Dance|p1a: Volcarona
|-boost|p1a: Volcarona|spa|1
|-boost|p1a: Volcarona|spd|1
|-boost|p1a: Volcarona|spe|1
|move|p2a: Lanturn|Thunder Wave|p1a: Volcarona
|-status|p1a: Volcarona|par
|
|-heal|p2a: Lanturn|88/100|[from] item: Leftovers
|turn|15
|choice||
|
|move|p2a: Lanturn|Amnesia|p2a: Lanturn
|-boost|p2a: Lanturn|spd|2
|cant|p1a: Volcarona|par
|
|-heal|p2a: Lanturn|94/100|[from] item: Leftovers
|turn|16
|choice||
|
|move|p2a: Lanturn|Scald|p1a: Volcarona
|-supereffective|p1a: Volcarona
|-enditem|p1a: Volcarona|Passho Berry|[eat]
|-enditem|p1a: Volcarona|Passho Berry|[weaken]
|-damage|p1a: Volcarona|87/100 par
|move|p1a: Volcarona|Quiver Dance|p1a: Volcarona
|-boost|p1a: Volcarona|spa|1
|-boost|p1a: Volcarona|spd|1
|-boost|p1a: Volcarona|spe|1
|
|-heal|p2a: Lanturn|99/100|[from] item: Leftovers
|turn|17
|choice||
|
|move|p2a: Lanturn|Amnesia|p2a: Lanturn
|-boost|p2a: Lanturn|spd|2
|move|p1a: Volcarona|Hidden Power|p2a: Lanturn
|-supereffective|p2a: Lanturn
|-damage|p2a: Lanturn|77/100
|
|-heal|p2a: Lanturn|83/100|[from] item: Leftovers
|turn|18
|choice||
|
|move|p2a: Lanturn|Scald|p1a: Volcarona
|-supereffective|p1a: Volcarona
|-crit|p1a: Volcarona
|-damage|p1a: Volcarona|0 fnt
|faint|p1a: Volcarona
|
|-heal|p2a: Lanturn|89/100|[from] item: Leftovers
|choice||
|
|switch|p1a: Garchomp|Garchomp, F, shiny|76/100
|turn|19
|choice||
|
|switch|p2a: Skarmory|Skarmory, F|68/100
|-damage|p2a: Skarmory|56/100|[from] Stealth Rock
|move|p1a: Garchomp|Swords Dance|p1a: Garchomp
|-boost|p1a: Garchomp|atk|2
|
|-heal|p2a: Skarmory|62/100|[from] item: Leftovers
|turn|20
|choice||
|
|move|p1a: Garchomp|Outrage|p2a: Skarmory
|-resisted|p2a: Skarmory
|-damage|p2a: Skarmory|24/100
|move|p2a: Skarmory|Roost|p2a: Skarmory
|-heal|p2a: Skarmory|74/100
|
|-heal|p2a: Skarmory|80/100|[from] item: Leftovers
|turn|21
|choice||
|
|move|p1a: Garchomp|Outrage|p2a: Skarmory|[from]lockedmove
|-resisted|p2a: Skarmory
|-damage|p2a: Skarmory|44/100
|move|p2a: Skarmory|Roost|p2a: Skarmory
|-heal|p2a: Skarmory|94/100
|
|-heal|p2a: Skarmory|99/100|[from] item: Leftovers
|turn|22
|choice||
|
|move|p1a: Garchomp|Outrage|p2a: Skarmory|[from]lockedmove
|-resisted|p2a: Skarmory
|-damage|p2a: Skarmory|66/100
|-start|p1a: Garchomp|confusion|[fatigue]
|move|p2a: Skarmory|Roost|p2a: Skarmory
|-heal|p2a: Skarmory|100/100
|
|turn|23
|choice||
|
|switch|p1a: Breloom|Breloom, M, shiny|1/100
|move|p2a: Skarmory|Substitute|p2a: Skarmory
|-start|p2a: Skarmory|Substitute
|-damage|p2a: Skarmory|76/100
|
|-heal|p2a: Skarmory|82/100|[from] item: Leftovers
|turn|24
|choice||
|
|move|p1a: Breloom|Mach Punch|p2a: Skarmory
|-activate|p2a: Skarmory|Substitute|[damage]
|move|p2a: Skarmory|Spikes|p1a: Breloom
|-sidestart|p1: smurfer|Spikes
|
|-heal|p2a: Skarmory|88/100|[from] item: Leftovers
|turn|25
|choice||
|
|move|p1a: Breloom|Mach Punch|p2a: Skarmory
|-end|p2a: Skarmory|Substitute
|move|p2a: Skarmory|Spikes|p1a: Breloom
|-sidestart|p1: smurfer|Spikes
|
|-heal|p2a: Skarmory|94/100|[from] item: Leftovers
|turn|26
|choice||
|
|switch|p2a: Heracross|Heracross, M|100/100
|-damage|p2a: Heracross|88/100|[from] Stealth Rock
|move|p1a: Breloom|Stun Spore|p2a: Heracross
|-status|p2a: Heracross|par
|
|turn|27
|choice||
|
|move|p1a: Breloom|Bullet Seed|p2a: Heracross
|-resisted|p2a: Heracross
|-damage|p2a: Heracross|78/100 par
|-resisted|p2a: Heracross
|-damage|p2a: Heracross|66/100 par
|-resisted|p2a: Heracross
|-damage|p2a: Heracross|55/100 par
|-hitcount|p2a: Heracross|3
|move|p2a: Heracross|Megahorn|p1a: Breloom
|-damage|p1a: Breloom|0 fnt
|faint|p1a: Breloom
|
|choice||
|
|switch|p1a: Dragonite|Dragonite, M|100/100
|turn|28
|choice||
|
|switch|p2a: Skarmory|Skarmory, F|94/100
|-damage|p2a: Skarmory|81/100|[from] Stealth Rock
|move|p1a: Dragonite|Dragon Dance|p1a: Dragonite
|-boost|p1a: Dragonite|atk|1
|-boost|p1a: Dragonite|spe|1
|
|-heal|p2a: Skarmory|87/100|[from] item: Leftovers
|turn|29
|choice||
|
|move|p1a: Dragonite|Fire Punch|p2a: Skarmory
|-supereffective|p2a: Skarmory
|-damage|p2a: Skarmory|37/100
|move|p2a: Skarmory|Whirlwind|p1a: Dragonite
|drag|p1a: Garchomp|Garchomp, F, shiny|76/100
|-damage|p1a: Garchomp|59/100|[from] Spikes
|
|-heal|p2a: Skarmory|43/100|[from] item: Leftovers
|turn|30
|choice||
|
|switch|p1a: Dragonite|Dragonite, M|100/100
|move|p2a: Skarmory|Roost|p2a: Skarmory
|-heal|p2a: Skarmory|93/100
|
|-heal|p2a: Skarmory|99/100|[from] item: Leftovers
|turn|31
|choice||
|
|move|p1a: Dragonite|Fire Punch|p2a: Skarmory
|-supereffective|p2a: Skarmory
|-damage|p2a: Skarmory|66/100
|move|p2a: Skarmory|Whirlwind|p1a: Dragonite
|drag|p1a: Starmie|Starmie, shiny|71/100 par
|-damage|p1a: Starmie|54/100 par|[from] Spikes
|
|-heal|p2a: Skarmory|72/100|[from] item: Leftovers
|turn|32
|choice||
|
|switch|p1a: Dragonite|Dragonite, M|100/100
|move|p2a: Skarmory|Roost|p2a: Skarmory
|-heal|p2a: Skarmory|100/100
|
|turn|33
|choice||
|
|move|p1a: Dragonite|Fire Punch|p2a: Skarmory
|-supereffective|p2a: Skarmory
|-damage|p2a: Skarmory|67/100
|move|p2a: Skarmory|Whirlwind|p1a: Dragonite
|drag|p1a: Scizor|Scizor, F|91/100
|-damage|p1a: Scizor|74/100|[from] Spikes
|
|-heal|p2a: Skarmory|73/100|[from] item: Leftovers
|turn|34
|choice||
|
|move|p1a: Scizor|Swords Dance|p1a: Scizor
|-boost|p1a: Scizor|atk|2
|move|p2a: Skarmory|Roost|p2a: Skarmory
|-heal|p2a: Skarmory|100/100
|
|turn|35
|choice||
|
|move|p1a: Scizor|Superpower|p2a: Skarmory
|-damage|p2a: Skarmory|33/100
|-unboost|p1a: Scizor|atk|1
|-unboost|p1a: Scizor|def|1
|-damage|p1a: Scizor|64/100|[from] item: Life Orb
|move|p2a: Skarmory|Whirlwind|p1a: Scizor
|drag|p1a: Starmie|Starmie, shiny|54/100 par
|-damage|p1a: Starmie|38/100 par|[from] Spikes
|
|-heal|p2a: Skarmory|39/100|[from] item: Leftovers
|turn|36
|choice||
|
|move|p2a: Skarmory|Substitute|p2a: Skarmory
|-start|p2a: Skarmory|Substitute
|-damage|p2a: Skarmory|15/100
|move|p1a: Starmie|Hydro Pump|p2a: Skarmory
|-end|p2a: Skarmory|Substitute
|-damage|p1a: Starmie|28/100 par|[from] item: Life Orb
|
|-heal|p2a: Skarmory|21/100|[from] item: Leftovers
|turn|37
|choice||
|
|move|p2a: Skarmory|Roost|p2a: Skarmory
|-heal|p2a: Skarmory|71/100
|move|p1a: Starmie|Hydro Pump|p2a: Skarmory
|-damage|p2a: Skarmory|0 fnt
|-damage|p1a: Starmie|18/100 par|[from] item: Life Orb
|faint|p2a: Skarmory
|
|choice||
|
|switch|p2a: Excadrill|Excadrill, F|100/100
|-damage|p2a: Excadrill|97/100|[from] Stealth Rock
|-ability|p2a: Excadrill|Mold Breaker
|turn|38
|choice||
|
|move|p2a: Excadrill|Iron Head|p1a: Starmie
|-resisted|p1a: Starmie
|-damage|p1a: Starmie|0 fnt
|faint|p1a: Starmie
|
|choice||
|
|switch|p1a: Dragonite|Dragonite, M|100/100
|turn|39
|choice||
|
|move|p2a: Excadrill|Iron Head|p1a: Dragonite
|-damage|p1a: Dragonite|44/100
|move|p1a: Dragonite|Dragon Dance|p1a: Dragonite
|-boost|p1a: Dragonite|atk|1
|-boost|p1a: Dragonite|spe|1
|
|turn|40
|choice||
|
|move|p2a: Excadrill|Iron Head|p1a: Dragonite
|-damage|p1a: Dragonite|0 fnt
|faint|p1a: Dragonite
|
|choice||
|
|switch|p1a: Garchomp|Garchomp, F, shiny|59/100
|-damage|p1a: Garchomp|43/100|[from] Spikes
|turn|41
|choice||
|
|move|p2a: Excadrill|Iron Head|p1a: Garchomp
|-damage|p1a: Garchomp|0 fnt
|-damage|p2a: Excadrill|85/100|[from] ability: Rough Skin|[of] p1a: Garchomp
|faint|p1a: Garchomp
|
|choice||
|
|switch|p1a: Scizor|Scizor, F|64/100
|-damage|p1a: Scizor|48/100|[from] Spikes
|turn|42
|choice||
|
|move|p2a: Excadrill|Iron Head|p1a: Scizor
|-resisted|p1a: Scizor
|-damage|p1a: Scizor|22/100
|move|p1a: Scizor|Swords Dance|p1a: Scizor
|-boost|p1a: Scizor|atk|2
|
|turn|43
|choice||
|
|move|p1a: Scizor|Bullet Punch|p2a: Excadrill
|-resisted|p2a: Excadrill
|-damage|p2a: Excadrill|23/100
|-damage|p1a: Scizor|12/100|[from] item: Life Orb
|move|p2a: Excadrill|Iron Head|p1a: Scizor
|-resisted|p1a: Scizor
|-damage|p1a: Scizor|0 fnt
|faint|p1a: Scizor
|
|win|Jorge L3
|player|p1
|player|p2
|raw|smurfer's rating: 1414 &rarr; <strong>1390</strong><br />(-24 for losing)
|raw|Jorge L3's rating: 1341 &rarr; <strong>1365</strong><br />(+24 for winning)