|j|☆HydreigonSpammer
|j|☆bwourain827163
|t:|1734791967
|gametype|singles
|player|p1|HydreigonSpammer|janitor|1432
|player|p2|bwourain827163|shauntal|1468
|teamsize|p1|6
|teamsize|p2|6
|gen|5
|tier|[Gen 5] OU
|rated|
|rule|Species Clause: Limit one of each Pokémon
|rule|OHKO Clause: OHKO moves are banned
|rule|Moody Clause: Moody is banned
|rule|Evasion Items Clause: Evasion items are banned
|rule|Evasion Moves Clause: Evasion moves are banned
|rule|Endless Battle Clause: Forcing endless battles is banned
|rule|HP Percentage Mod: HP is shown in percentages
|rule|Evasion Abilities Clause: Evasion abilities are banned
|rule|Sleep Moves Clause: Sleep-inducing moves are banned
|rule|Swagger Clause: Swagger is banned
|rule|Baton Pass Stat Clause: No Baton Passer may have a way to boost its stats
|clearpoke
|poke|p1|Tyranitar, F|item
|poke|p1|Hydreigon, F|item
|poke|p1|Latios, M|item
|poke|p1|Alakazam, F|item
|poke|p1|Landorus-Therian, M|item
|poke|p1|Heatran, F|item
|poke|p2|Politoed, M|item
|poke|p2|Tentacruel, M|item
|poke|p2|Ferrothorn, M|item
|poke|p2|Keldeo-Resolute|item
|poke|p2|Thundurus-Therian, M|item
|poke|p2|Latios, M|item
|teampreview
|inactive|Battle timer is ON: inactive players will automatically lose when time's up. (requested by bwourain827163)
|
|t:|1734791998
|start
|switch|p1a: Hydreigon|Hydreigon, F, shiny|100/100
|switch|p2a: Thundurus|Thundurus-Therian, M|100/100
|turn|1
|
|t:|1734792004
|move|p1a: Hydreigon|Draco Meteor|p2a: Thundurus
|-damage|p2a: Thundurus|0 fnt
|-unboost|p1a: Hydreigon|spa|2
|faint|p2a: Thundurus
|
|upkeep
|
|t:|1734792034
|switch|p2a: Ferrothorn|Ferrothorn, M|100/100
|turn|2
|
|t:|1734792042
|switch|p1a: Landorus|Landorus-Therian, M|100/100
|-ability|p1a: Landorus|Intimidate|boost
|-unboost|p2a: Ferrothorn|atk|1
|move|p2a: Ferrothorn|Stealth Rock|p1a: Landorus
|-sidestart|p1: HydreigonSpammer|move: Stealth Rock
|
|upkeep
|turn|3
|
|t:|1734792049
|move|p1a: Landorus|Stealth Rock|p2a: Ferrothorn
|-sidestart|p2: bwourain827163|move: Stealth Rock
|move|p2a: Ferrothorn|Spikes|p1a: Landorus
|-sidestart|p1: HydreigonSpammer|Spikes
|
|upkeep
|turn|4
|
|t:|1734792058
|move|p1a: Landorus|Earthquake|p2a: Ferrothorn
|-crit|p2a: Ferrothorn
|-damage|p2a: Ferrothorn|29/100
|move|p2a: Ferrothorn|Spikes|p1a: Landorus
|-sidestart|p1: HydreigonSpammer|Spikes
|
|-heal|p2a: Ferrothorn|35/100|[from] item: Leftovers
|upkeep
|turn|5
|
|t:|1734792062
|move|p1a: Landorus|Earthquake|p2a: Ferrothorn
|-damage|p2a: Ferrothorn|2/100
|move|p2a: Ferrothorn|Spikes|p1a: Landorus
|-sidestart|p1: HydreigonSpammer|Spikes
|
|-heal|p2a: Ferrothorn|8/100|[from] item: Leftovers
|upkeep
|turn|6
|
|t:|1734792069
|switch|p2a: Politoed|Politoed, M|100/100
|-damage|p2a: Politoed|88/100|[from] Stealth Rock
|-weather|RainDance|[from] ability: Drizzle|[of] p2a: Politoed
|move|p1a: Landorus|U-turn|p2a: Politoed
|-crit|p2a: Politoed
|-damage|p2a: Politoed|46/100
|
|t:|1734792075
|switch|p1a: Hydreigon|Hydreigon, F, shiny|100/100|[from] U-turn
|-damage|p1a: Hydreigon|88/100|[from] Stealth Rock
|
|-weather|RainDance|[upkeep]
|-heal|p2a: Politoed|52/100|[from] item: Leftovers
|upkeep
|turn|7
|
|t:|1734792091
|move|p2a: Politoed|Protect|p2a: Politoed
|-singleturn|p2a: Politoed|Protect
|move|p1a: Hydreigon|Draco Meteor|p2a: Politoed
|-activate|p2a: Politoed|move: Protect
|
|-weather|RainDance|[upkeep]
|-heal|p2a: Politoed|58/100|[from] item: Leftovers
|upkeep
|turn|8
|
|t:|1734792095
|switch|p2a: Ferrothorn|Ferrothorn, M|8/100
|-damage|p2a: Ferrothorn|2/100|[from] Stealth Rock
|move|p1a: Hydreigon|Draco Meteor|p2a: Ferrothorn
|-resisted|p2a: Ferrothorn
|-damage|p2a: Ferrothorn|0 fnt
|-unboost|p1a: Hydreigon|spa|2
|faint|p2a: Ferrothorn
|
|-weather|RainDance|[upkeep]
|upkeep
|
|t:|1734792116
|switch|p2a: Keldeo|Keldeo-Resolute|100/100
|-damage|p2a: Keldeo|94/100|[from] Stealth Rock
|turn|9
|
|t:|1734792126
|switch|p1a: Heatran|Heatran, F|100/100
|-damage|p1a: Heatran|88/100|[from] Stealth Rock
|-damage|p1a: Heatran|63/100|[from] Spikes
|move|p2a: Keldeo|Secret Sword|p1a: Heatran
|-supereffective|p1a: Heatran
|-damage|p1a: Heatran|0 fnt
|faint|p1a: Heatran
|
|-weather|RainDance|[upkeep]
|upkeep
|inactive|HydreigonSpammer has 120 seconds left.
|
|t:|1734792159
|switch|p1a: Latios|Latios, M|100/100
|-damage|p1a: Latios|88/100|[from] Stealth Rock
|turn|10
|j| Basstard
|l| Basstard
|inactive|bwourain827163 has 120 seconds left.
|
|t:|1734792194
|move|p1a: Latios|Draco Meteor|p2a: Keldeo
|-damage|p2a: Keldeo|17/100
|-unboost|p1a: Latios|spa|2
|move|p2a: Keldeo|Secret Sword|p1a: Latios
|-resisted|p1a: Latios
|-damage|p1a: Latios|56/100
|
|-weather|RainDance|[upkeep]
|upkeep
|turn|11
|
|t:|1734792202
|switch|p2a: Tentacruel|Tentacruel, M|100/100
|-damage|p2a: Tentacruel|88/100|[from] Stealth Rock
|move|p1a: Latios|Draco Meteor|p2a: Tentacruel
|-damage|p2a: Tentacruel|57/100
|-unboost|p1a: Latios|spa|2
|
|-weather|RainDance|[upkeep]
|-heal|p2a: Tentacruel|63/100|[from] ability: Rain Dish
|-heal|p2a: Tentacruel|69/100|[from] item: Black Sludge
|upkeep
|turn|12
|
|t:|1734792208
|switch|p1a: Hydreigon|Hydreigon, F, shiny|88/100
|-damage|p1a: Hydreigon|76/100|[from] Stealth Rock
|move|p2a: Tentacruel|Scald|p1a: Hydreigon
|-resisted|p1a: Hydreigon
|-damage|p1a: Hydreigon|58/100
|
|-weather|RainDance|[upkeep]
|-heal|p2a: Tentacruel|75/100|[from] ability: Rain Dish
|-heal|p2a: Tentacruel|81/100|[from] item: Black Sludge
|upkeep
|turn|13
|
|t:|1734792216
|move|p1a: Hydreigon|Dark Pulse|p2a: Tentacruel
|-damage|p2a: Tentacruel|31/100
|move|p2a: Tentacruel|Rapid Spin|p1a: Hydreigon
|-damage|p1a: Hydreigon|55/100
|-sideend|p2: bwourain827163|Stealth Rock|[from] move: Rapid Spin|[of] p2a: Tentacruel
|
|-weather|RainDance|[upkeep]
|-heal|p2a: Tentacruel|37/100|[from] ability: Rain Dish
|-heal|p2a: Tentacruel|43/100|[from] item: Black Sludge
|upkeep
|turn|14
|
|t:|1734792221
|move|p2a: Tentacruel|Protect|p2a: Tentacruel
|-singleturn|p2a: Tentacruel|Protect
|move|p1a: Hydreigon|Dark Pulse|p2a: Tentacruel
|-activate|p2a: Tentacruel|move: Protect
|
|-weather|RainDance|[upkeep]
|-heal|p2a: Tentacruel|49/100|[from] ability: Rain Dish
|-heal|p2a: Tentacruel|55/100|[from] item: Black Sludge
|upkeep
|turn|15
|
|t:|1734792227
|move|p1a: Hydreigon|Dark Pulse|p2a: Tentacruel
|-damage|p2a: Tentacruel|2/100
|move|p2a: Tentacruel|Scald|p1a: Hydreigon
|-resisted|p1a: Hydreigon
|-damage|p1a: Hydreigon|36/100
|
|-weather|RainDance|[upkeep]
|-heal|p2a: Tentacruel|8/100|[from] ability: Rain Dish
|-heal|p2a: Tentacruel|14/100|[from] item: Black Sludge
|upkeep
|turn|16
|
|t:|1734792232
|move|p1a: Hydreigon|Dark Pulse|p2a: Tentacruel
|-damage|p2a: Tentacruel|0 fnt
|faint|p2a: Tentacruel
|
|-weather|RainDance|[upkeep]
|upkeep
|
|t:|1734792236
|switch|p2a: Keldeo|Keldeo-Resolute|17/100
|turn|17
|
|t:|1734792253
|move|p2a: Keldeo|Secret Sword|p1a: Hydreigon
|-supereffective|p1a: Hydreigon
|-damage|p1a: Hydreigon|0 fnt
|faint|p1a: Hydreigon
|
|-weather|RainDance|[upkeep]
|upkeep
|
|t:|1734792264
|switch|p1a: Latios|Latios, M|56/100
|-damage|p1a: Latios|44/100|[from] Stealth Rock
|turn|18
|inactive|HydreigonSpammer has 120 seconds left.
|
|t:|1734792285
|switch|p2a: Politoed|Politoed, M|58/100
|move|p1a: Latios|Psyshock|p2a: Politoed
|-damage|p2a: Politoed|19/100
|
|-weather|RainDance|[upkeep]
|-heal|p2a: Politoed|25/100|[from] item: Leftovers
|upkeep
|turn|19
|inactive|HydreigonSpammer has 120 seconds left.
|
|t:|1734792302
|switch|p1a: Landorus|Landorus-Therian, M|100/100
|-damage|p1a: Landorus|88/100|[from] Stealth Rock
|-ability|p1a: Landorus|Intimidate|boost
|-unboost|p2a: Politoed|atk|1
|move|p2a: Politoed|Protect||[still]
|-fail|p2a: Politoed
|
|-weather|RainDance|[upkeep]
|-heal|p1a: Landorus|94/100|[from] item: Leftovers
|-heal|p2a: Politoed|31/100|[from] item: Leftovers
|upkeep
|turn|20
|
|t:|1734792308
|move|p1a: Landorus|Stealth Rock|p2a: Politoed
|-sidestart|p2: bwourain827163|move: Stealth Rock
|move|p2a: Politoed|Scald|p1a: Landorus
|-supereffective|p1a: Landorus
|-damage|p1a: Landorus|35/100
|
|-weather|RainDance|[upkeep]
|-heal|p1a: Landorus|41/100|[from] item: Leftovers
|-heal|p2a: Politoed|37/100|[from] item: Leftovers
|upkeep
|turn|21
|
|t:|1734792311
|move|p1a: Landorus|Earthquake|p2a: Politoed
|-damage|p2a: Politoed|0 fnt
|faint|p2a: Politoed
|
|-weather|RainDance|[upkeep]
|-heal|p1a: Landorus|47/100|[from] item: Leftovers
|upkeep
|inactive|bwourain827163 has 120 seconds left.
|inactive|bwourain827163 has 90 seconds left.
|
|t:|1734792379
|switch|p2a: Latios|Latios, M|100/100
|-damage|p2a: Latios|88/100|[from] Stealth Rock
|turn|22
|
|t:|1734792387
|move|p2a: Latios|Surf|p1a: Landorus
|-supereffective|p1a: Landorus
|-damage|p1a: Landorus|0 fnt
|faint|p1a: Landorus
|
|-weather|RainDance|[upkeep]
|upkeep
|
|t:|1734792396
|switch|p1a: Tyranitar|Tyranitar, F|100/100
|-damage|p1a: Tyranitar|88/100|[from] Stealth Rock
|-damage|p1a: Tyranitar|63/100|[from] Spikes
|-weather|Sandstorm|[from] ability: Sand Stream|[of] p1a: Tyranitar
|turn|23
|
|t:|1734792401
|move|p1a: Tyranitar|Crunch|p2a: Latios
|-supereffective|p2a: Latios
|-damage|p2a: Latios|0 fnt
|faint|p2a: Latios
|
|-weather|Sandstorm|[upkeep]
|upkeep
|
|t:|1734792403
|switch|p2a: Keldeo|Keldeo-Resolute|17/100
|-damage|p2a: Keldeo|11/100|[from] Stealth Rock
|turn|24
|
|t:|1734792408
|move|p2a: Keldeo|Secret Sword|p1a: Tyranitar
|-supereffective|p1a: Tyranitar
|-damage|p1a: Tyranitar|0 fnt
|faint|p1a: Tyranitar
|
|-weather|Sandstorm|[upkeep]
|-damage|p2a: Keldeo|5/100|[from] Sandstorm
|upkeep
|
|t:|1734792411
|switch|p1a: Alakazam|Alakazam, F|100/100
|turn|25
|
|t:|1734792414
|move|p2a: Keldeo|Secret Sword|p1a: Alakazam
|-resisted|p1a: Alakazam
|-damage|p1a: Alakazam|48/100
|move|p1a: Alakazam|Psyshock|p2a: Keldeo
|-supereffective|p2a: Keldeo
|-damage|p2a: Keldeo|0 fnt
|faint|p2a: Keldeo
|
|win|HydreigonSpammer
|raw|HydreigonSpammer's rating: 1432 &rarr; <strong>1454</strong><br />(+22 for winning)
|raw|bwourain827163's rating: 1468 &rarr; <strong>1446</strong><br />(-22 for losing)
