|uhtml|medal-msg|<div class="broadcast-blue">Curious what those medals under the avatar are? PS now has Ladder Seasons! For more information, check out the <a href="https://www.smogon.com/forums/threads/3740067/">thread on Smogon.</a></div>
|uhtml|medal-msg|<div class="broadcast-blue">Curious what those medals under the avatar are? PS now has Ladder Seasons! For more information, check out the <a href="https://www.smogon.com/forums/threads/3740067/">thread on Smogon.</a></div>
|j|☆snof2
|j|☆MeatballSpaghetti
|t:|1712637615
|gametype|singles
|player|p1|snof2|2|1452
|player|p2|MeatballSpaghetti|265|1325
|teamsize|p1|6
|teamsize|p2|6
|gen|5
|tier|[Gen 5] OU
|rated|
|rule|Species Clause: Limit one of each Pokémon
|rule|OHKO Clause: OHKO moves are banned
|rule|Moody Clause: Moody is banned
|rule|Evasion Items Clause: Evasion items are banned
|rule|Evasion Moves Clause: Evasion moves are banned
|rule|Endless Battle Clause: Forcing endless battles is banned
|rule|HP Percentage Mod: HP is shown in percentages
|rule|Evasion Abilities Clause: Evasion abilities are banned
|rule|Sleep Moves Clause: Sleep-inducing moves are banned
|rule|Swagger Clause: Swagger is banned
|rule|Baton Pass Stat Clause: No Baton Passer may have a way to boost its stats
|clearpoke
|poke|p1|Kyurem-Black|item
|poke|p1|Latios, M|item
|poke|p1|Rotom-Wash|item
|poke|p1|Gliscor, M|item
|poke|p1|Tyranitar, F|item
|poke|p1|Tentacruel, M|item
|poke|p2|Azelf|item
|poke|p2|Breloom, F|item
|poke|p2|Gyarados, M|item
|poke|p2|Heatran, M|item
|poke|p2|Salamence, M|item
|poke|p2|Mamoswine, F|item
|teampreview
|inactive|Battle timer is ON: inactive players will automatically lose when time's up. (requested by MeatballSpaghetti)
|
|t:|1712637624
|start
|switch|p1a: Gliscor|Gliscor, M|100/100
|switch|p2a: Azelf|Azelf|100/100
|turn|1
|
|t:|1712637630
|move|p2a: Azelf|Taunt|p1a: Gliscor
|-start|p1a: Gliscor|move: Taunt
|move|p1a: Gliscor|Knock Off|p2a: Azelf
|-supereffective|p2a: Azelf
|-damage|p2a: Azelf|89/100
|-enditem|p2a: Azelf|Focus Sash|[from] move: Knock Off|[of] p1a: Gliscor
|
|-status|p1a: Gliscor|tox|[from] item: Toxic Orb
|upkeep
|turn|2
|
|t:|1712637635
|switch|p1a: Tyranitar|Tyranitar, F|100/100
|-weather|Sandstorm|[from] ability: Sand Stream|[of] p1a: Tyranitar
|move|p2a: Azelf|Stealth Rock|p1a: Tyranitar
|-sidestart|p1: snof2|move: Stealth Rock
|
|-weather|Sandstorm|[upkeep]
|-damage|p2a: Azelf|82/100|[from] Sandstorm
|upkeep
|turn|3
|
|t:|1712637654
|move|p1a: Tyranitar|Pursuit|p2a: Azelf
|-supereffective|p2a: Azelf
|-damage|p2a: Azelf|28/100
|move|p2a: Azelf|U-turn|p1a: Tyranitar
|-supereffective|p1a: Tyranitar
|-damage|p1a: Tyranitar|64/100
|
|t:|1712637662
|switch|p2a: Breloom|Breloom, F|100/100|[from] U-turn
|
|-weather|Sandstorm|[upkeep]
|-damage|p2a: Breloom|94/100|[from] Sandstorm
|-status|p2a: Breloom|tox|[from] item: Toxic Orb
|upkeep
|turn|4
|
|t:|1712637665
|switch|p1a: Gliscor|Gliscor, M|100/100 tox
|-damage|p1a: Gliscor|88/100 tox|[from] Stealth Rock
|move|p2a: Breloom|Substitute|p2a: Breloom
|-start|p2a: Breloom|Substitute
|-damage|p2a: Breloom|69/100 tox
|
|-weather|Sandstorm|[upkeep]
|-damage|p2a: Breloom|63/100 tox|[from] Sandstorm
|-heal|p1a: Gliscor|100/100 tox|[from] ability: Poison Heal
|-heal|p2a: Breloom|75/100 tox|[from] ability: Poison Heal
|upkeep
|turn|5
|
|t:|1712637672
|move|p1a: Gliscor|Earthquake|p2a: Breloom
|-resisted|p2a: Breloom
|-activate|p2a: Breloom|Substitute|[damage]
|move|p2a: Breloom|Seed Bomb|p1a: Gliscor
|-damage|p1a: Gliscor|70/100 tox
|
|-weather|Sandstorm|[upkeep]
|-damage|p2a: Breloom|69/100 tox|[from] Sandstorm
|-heal|p1a: Gliscor|82/100 tox|[from] ability: Poison Heal
|-heal|p2a: Breloom|82/100 tox|[from] ability: Poison Heal
|upkeep
|turn|6
|
|t:|1712637685
|move|p1a: Gliscor|Stealth Rock|p2a: Breloom
|-sidestart|p2: MeatballSpaghetti|move: Stealth Rock
|move|p2a: Breloom|Substitute|p2a: Breloom
|-fail|p2a: Breloom|move: Substitute
|
|-weather|Sandstorm|[upkeep]
|-damage|p2a: Breloom|75/100 tox|[from] Sandstorm
|-heal|p1a: Gliscor|95/100 tox|[from] ability: Poison Heal
|-heal|p2a: Breloom|88/100 tox|[from] ability: Poison Heal
|upkeep
|turn|7
|
|t:|1712637689
|switch|p1a: Tentacruel|Tentacruel, M|100/100
|-damage|p1a: Tentacruel|88/100|[from] Stealth Rock
|move|p2a: Breloom|Seed Bomb|p1a: Tentacruel
|-damage|p1a: Tentacruel|34/100
|
|-weather|Sandstorm|[upkeep]
|-damage|p1a: Tentacruel|28/100|[from] Sandstorm
|-damage|p2a: Breloom|82/100 tox|[from] Sandstorm
|-heal|p1a: Tentacruel|34/100|[from] item: Black Sludge
|-heal|p2a: Breloom|94/100 tox|[from] ability: Poison Heal
|upkeep
|turn|8
|
|t:|1712637714
|move|p1a: Tentacruel|Rapid Spin|p2a: Breloom
|-end|p2a: Breloom|Substitute
|-sideend|p1: snof2|Stealth Rock|[from] move: Rapid Spin|[of] p1a: Tentacruel
|move|p2a: Breloom|Substitute|p2a: Breloom
|-start|p2a: Breloom|Substitute
|-damage|p2a: Breloom|69/100 tox
|
|-weather|Sandstorm|[upkeep]
|-damage|p1a: Tentacruel|28/100|[from] Sandstorm
|-damage|p2a: Breloom|63/100 tox|[from] Sandstorm
|-heal|p1a: Tentacruel|34/100|[from] item: Black Sludge
|-heal|p2a: Breloom|75/100 tox|[from] ability: Poison Heal
|upkeep
|turn|9
|
|t:|1712637719
|move|p1a: Tentacruel|Scald|p2a: Breloom
|-resisted|p2a: Breloom
|-activate|p2a: Breloom|Substitute|[damage]
|move|p2a: Breloom|Seed Bomb|p1a: Tentacruel
|-damage|p1a: Tentacruel|0 fnt
|faint|p1a: Tentacruel
|
|-weather|Sandstorm|[upkeep]
|-damage|p2a: Breloom|69/100 tox|[from] Sandstorm
|-heal|p2a: Breloom|82/100 tox|[from] ability: Poison Heal
|upkeep
|
|t:|1712637721
|switch|p1a: Rotom|Rotom-Wash|100/100
|turn|10
|
|t:|1712637732
|move|p1a: Rotom|Volt Switch|p2a: Breloom
|-resisted|p2a: Breloom
|-end|p2a: Breloom|Substitute
|
|t:|1712637737
|switch|p1a: Latios|Latios, M|100/100|[from] Volt Switch
|move|p2a: Breloom|Substitute|p2a: Breloom
|-start|p2a: Breloom|Substitute
|-damage|p2a: Breloom|57/100 tox
|
|-weather|Sandstorm|[upkeep]
|-damage|p1a: Latios|95/100|[from] Sandstorm
|-damage|p2a: Breloom|50/100 tox|[from] Sandstorm
|-heal|p2a: Breloom|63/100 tox|[from] ability: Poison Heal
|upkeep
|turn|11
|
|t:|1712637756
|-singleturn|p2a: Breloom|move: Focus Punch
|move|p1a: Latios|Dragon Pulse|p2a: Breloom
|-end|p2a: Breloom|Substitute
|move|p2a: Breloom|Focus Punch|p1a: Latios
|-resisted|p1a: Latios
|-damage|p1a: Latios|41/100
|
|-weather|Sandstorm|[upkeep]
|-damage|p1a: Latios|35/100|[from] Sandstorm
|-damage|p2a: Breloom|57/100 tox|[from] Sandstorm
|-heal|p2a: Breloom|69/100 tox|[from] ability: Poison Heal
|upkeep
|turn|12
|
|t:|1712637775
|move|p1a: Latios|Dragon Pulse|p2a: Breloom
|-damage|p2a: Breloom|0 fnt
|faint|p2a: Breloom
|
|-weather|Sandstorm|[upkeep]
|-damage|p1a: Latios|29/100|[from] Sandstorm
|upkeep
|
|t:|1712637781
|switch|p2a: Mamoswine|Mamoswine, F|100/100
|-damage|p2a: Mamoswine|88/100|[from] Stealth Rock
|turn|13
|
|t:|1712637789
|switch|p1a: Rotom|Rotom-Wash|100/100
|move|p2a: Mamoswine|Ice Shard|p1a: Rotom
|-resisted|p1a: Rotom
|-damage|p1a: Rotom|86/100
|
|-weather|Sandstorm|[upkeep]
|-damage|p1a: Rotom|80/100|[from] Sandstorm
|-heal|p1a: Rotom|86/100|[from] item: Leftovers
|upkeep
|turn|14
|
|t:|1712637803
|switch|p2a: Azelf|Azelf|28/100
|-damage|p2a: Azelf|16/100|[from] Stealth Rock
|move|p1a: Rotom|Hydro Pump|p2a: Azelf|[miss]
|-miss|p1a: Rotom|p2a: Azelf
|
|-weather|Sandstorm|[upkeep]
|-damage|p2a: Azelf|10/100|[from] Sandstorm
|-damage|p1a: Rotom|80/100|[from] Sandstorm
|-heal|p1a: Rotom|86/100|[from] item: Leftovers
|upkeep
|turn|15
|
|t:|1712637811
|switch|p1a: Tyranitar|Tyranitar, F|64/100
|move|p2a: Azelf|Stealth Rock|p1a: Tyranitar
|-sidestart|p1: snof2|move: Stealth Rock
|
|-weather|Sandstorm|[upkeep]
|-damage|p2a: Azelf|3/100|[from] Sandstorm
|upkeep
|turn|16
|inactive|MeatballSpaghetti has 120 seconds left.
|
|t:|1712637854
|move|p1a: Tyranitar|Stone Edge|p2a: Azelf|[miss]
|-miss|p1a: Tyranitar|p2a: Azelf
|move|p2a: Azelf|Thunder Wave|p1a: Tyranitar
|-status|p1a: Tyranitar|par
|
|-weather|Sandstorm|[upkeep]
|-damage|p2a: Azelf|0 fnt|[from] Sandstorm
|faint|p2a: Azelf
|upkeep
|c|☆snof2|lol
|
|t:|1712637858
|switch|p2a: Gyarados|Gyarados, M|100/100
|-damage|p2a: Gyarados|76/100|[from] Stealth Rock
|-ability|p2a: Gyarados|Intimidate|boost
|-unboost|p1a: Tyranitar|atk|1
|turn|17
|
|t:|1712637861
|move|p2a: Gyarados|Substitute|p2a: Gyarados
|-start|p2a: Gyarados|Substitute
|-damage|p2a: Gyarados|51/100
|move|p1a: Tyranitar|Stone Edge|p2a: Gyarados
|-supereffective|p2a: Gyarados
|-crit|p2a: Gyarados
|-end|p2a: Gyarados|Substitute
|
|-weather|Sandstorm|[upkeep]
|-damage|p2a: Gyarados|44/100|[from] Sandstorm
|-heal|p2a: Gyarados|51/100|[from] item: Leftovers
|upkeep
|turn|18
|
|t:|1712637863
|move|p2a: Gyarados|Substitute|p2a: Gyarados
|-start|p2a: Gyarados|Substitute
|-damage|p2a: Gyarados|26/100
|move|p1a: Tyranitar|Stone Edge|p2a: Gyarados
|-supereffective|p2a: Gyarados
|-end|p2a: Gyarados|Substitute
|
|-weather|Sandstorm|[upkeep]
|-damage|p2a: Gyarados|19/100|[from] Sandstorm
|-heal|p2a: Gyarados|26/100|[from] item: Leftovers
|upkeep
|turn|19
|
|t:|1712637868
|move|p2a: Gyarados|Waterfall|p1a: Tyranitar
|-supereffective|p1a: Tyranitar
|-damage|p1a: Tyranitar|0 fnt
|faint|p1a: Tyranitar
|
|-weather|Sandstorm|[upkeep]
|-damage|p2a: Gyarados|19/100|[from] Sandstorm
|-heal|p2a: Gyarados|26/100|[from] item: Leftovers
|upkeep
|
|t:|1712637876
|switch|p1a: Rotom|Rotom-Wash|86/100
|-damage|p1a: Rotom|74/100|[from] Stealth Rock
|turn|20
|
|t:|1712637899
|move|p2a: Gyarados|Waterfall|p1a: Rotom
|-resisted|p1a: Rotom
|-damage|p1a: Rotom|58/100
|move|p1a: Rotom|Volt Switch|p2a: Gyarados
|-supereffective|p2a: Gyarados
|-damage|p2a: Gyarados|0 fnt
|faint|p2a: Gyarados
|
|t:|1712637908
|switch|p1a: Kyurem|Kyurem-Black|100/100|[from] Volt Switch
|-damage|p1a: Kyurem|76/100|[from] Stealth Rock
|-ability|p1a: Kyurem|Teravolt
|
|-weather|Sandstorm|[upkeep]
|-damage|p1a: Kyurem|69/100|[from] Sandstorm
|-heal|p1a: Kyurem|76/100|[from] item: Leftovers
|upkeep
|
|t:|1712637921
|switch|p2a: Heatran|Heatran, M|100/100
|-damage|p2a: Heatran|88/100|[from] Stealth Rock
|turn|21
|
|t:|1712637924
|move|p1a: Kyurem|Earth Power|p2a: Heatran
|-supereffective|p2a: Heatran
|-damage|p2a: Heatran|7/100
|move|p2a: Heatran|Lava Plume|p1a: Kyurem
|-damage|p1a: Kyurem|42/100
|
|-weather|Sandstorm|[upkeep]
|-damage|p1a: Kyurem|36/100|[from] Sandstorm
|-heal|p1a: Kyurem|42/100|[from] item: Leftovers
|-heal|p2a: Heatran|13/100|[from] item: Leftovers
|upkeep
|turn|22
|
|t:|1712637933
|move|p2a: Heatran|Protect|p2a: Heatran
|-singleturn|p2a: Heatran|Protect
|move|p1a: Kyurem|Earth Power|p2a: Heatran
|-activate|p2a: Heatran|move: Protect
|
|-weather|Sandstorm|[upkeep]
|-damage|p1a: Kyurem|36/100|[from] Sandstorm
|-heal|p1a: Kyurem|42/100|[from] item: Leftovers
|-heal|p2a: Heatran|20/100|[from] item: Leftovers
|upkeep
|turn|23
|
|t:|1712637941
|switch|p2a: Salamence|Salamence, M|100/100
|-damage|p2a: Salamence|76/100|[from] Stealth Rock
|move|p1a: Kyurem|Substitute|p1a: Kyurem
|-start|p1a: Kyurem|Substitute
|-damage|p1a: Kyurem|17/100
|
|-weather|Sandstorm|[upkeep]
|-damage|p2a: Salamence|70/100|[from] Sandstorm
|-damage|p1a: Kyurem|11/100|[from] Sandstorm
|-heal|p1a: Kyurem|17/100|[from] item: Leftovers
|upkeep
|turn|24
|
|t:|1712637947
|move|p2a: Salamence|Dragon Claw|p1a: Kyurem
|-supereffective|p1a: Kyurem
|-end|p1a: Kyurem|Substitute
|move|p1a: Kyurem|Ice Beam|p2a: Salamence
|-supereffective|p2a: Salamence
|-damage|p2a: Salamence|0 fnt
|faint|p2a: Salamence
|
|-weather|Sandstorm|[upkeep]
|-damage|p1a: Kyurem|11/100|[from] Sandstorm
|-heal|p1a: Kyurem|17/100|[from] item: Leftovers
|upkeep
|
|t:|1712637951
|switch|p2a: Mamoswine|Mamoswine, F|88/100
|-damage|p2a: Mamoswine|76/100|[from] Stealth Rock
|turn|25
|
|t:|1712637954
|move|p2a: Mamoswine|Ice Shard|p1a: Kyurem
|-damage|p1a: Kyurem|0 fnt
|faint|p1a: Kyurem
|
|-weather|Sandstorm|[upkeep]
|upkeep
|
|t:|1712637957
|switch|p1a: Rotom|Rotom-Wash|58/100
|-damage|p1a: Rotom|45/100|[from] Stealth Rock
|turn|26
|
|t:|1712637966
|switch|p2a: Heatran|Heatran, M|20/100
|-damage|p2a: Heatran|7/100|[from] Stealth Rock
|move|p1a: Rotom|Hydro Pump|p2a: Heatran
|-supereffective|p2a: Heatran
|-damage|p2a: Heatran|0 fnt
|faint|p2a: Heatran
|
|-weather|Sandstorm|[upkeep]
|-damage|p1a: Rotom|39/100|[from] Sandstorm
|-heal|p1a: Rotom|45/100|[from] item: Leftovers
|upkeep
|
|t:|1712637969
|switch|p2a: Mamoswine|Mamoswine, F|76/100
|-damage|p2a: Mamoswine|63/100|[from] Stealth Rock
|turn|27
|
|t:|1712637975
|move|p2a: Mamoswine|Ice Shard|p1a: Rotom
|-resisted|p1a: Rotom
|-damage|p1a: Rotom|31/100
|move|p1a: Rotom|Pain Split|p2a: Mamoswine
|-sethp|p2a: Mamoswine|45/100|[from] move: Pain Split|[silent]
|-sethp|p1a: Rotom|53/100|[from] move: Pain Split
|
|-weather|Sandstorm|[upkeep]
|-damage|p1a: Rotom|47/100|[from] Sandstorm
|-heal|p1a: Rotom|53/100|[from] item: Leftovers
|upkeep
|turn|28
|
|t:|1712637978
|move|p2a: Mamoswine|Ice Shard|p1a: Rotom
|-resisted|p1a: Rotom
|-damage|p1a: Rotom|40/100
|move|p1a: Rotom|Hydro Pump|p2a: Mamoswine
|-supereffective|p2a: Mamoswine
|-damage|p2a: Mamoswine|0 fnt
|faint|p2a: Mamoswine
|
|win|snof2
|raw|snof2's rating: 1452 &rarr; <strong>1465</strong><br />(+13 for winning)
|raw|MeatballSpaghetti's rating: 1325 &rarr; <strong>1312</strong><br />(-13 for losing)
|l|☆MeatballSpaghetti
|player|p2|
