|j|☆Senpai noticer
|j|☆sam92
|t:|1597136752
|player|p1|Senpai noticer|bugsy|1502
|player|p2|sam92|102|1467
|teamsize|p1|6
|teamsize|p2|6
|gametype|singles
|gen|5
|tier|[Gen 5] OU
|rated|
|clearpoke
|poke|p1|Ferrothorn, M|item
|poke|p1|Latios, M|item
|poke|p1|Tyranitar, F|item
|poke|p1|Gliscor, F|item
|poke|p1|Heatran, M|item
|poke|p1|Reuniclus, M|item
|poke|p2|Tyranitar, M|item
|poke|p2|Skarmory, F|item
|poke|p2|Gliscor, M|item
|poke|p2|Jellicent, F|item
|poke|p2|Alakazam, F|item
|poke|p2|Terrakion|item
|rule|Species Clause: Limit one of each Pokémon
|rule|OHKO Clause: OHKO moves are banned
|rule|Moody Clause: Moody is banned
|rule|Evasion Moves Clause: Evasion moves are banned
|rule|Endless Battle Clause: Forcing endless battles is banned
|rule|HP Percentage Mod: HP is shown in percentages
|rule|Evasion Abilities Clause: Evasion abilities are banned
|rule|Baton Pass Clause: Limit one Baton Passer, can't pass Spe and other stats simultaneously
|rule|Sleep Clause: Sleep-inducing moves are banned
|rule|Swagger Clause: Swagger is banned
|teampreview
|c|☆Senpai noticer|gl hf
|
|t:|1597136780
|start
|switch|p1a: Heatran|Heatran, M|100/100
|switch|p2a: Tyranitar|Tyranitar, M|100/100
|-weather|Sandstorm|[from] ability: Sand Stream|[of] p2a: Tyranitar
|turn|1
|
|t:|1597136797
|move|p1a: Heatran|Earth Power|p2a: Tyranitar
|-supereffective|p2a: Tyranitar
|-damage|p2a: Tyranitar|74/100
|move|p2a: Tyranitar|Stealth Rock|p1a: Heatran
|-sidestart|p1: Senpai noticer|move: Stealth Rock
|
|-weather|Sandstorm|[upkeep]
|upkeep
|turn|2
|
|t:|1597136804
|switch|p1a: Gliscor|Gliscor, F|100/100
|-damage|p1a: Gliscor|88/100|[from] Stealth Rock
|move|p2a: Tyranitar|Superpower|p1a: Gliscor
|-resisted|p1a: Gliscor
|-damage|p1a: Gliscor|77/100
|-unboost|p2a: Tyranitar|atk|1
|-unboost|p2a: Tyranitar|def|1
|
|-weather|Sandstorm|[upkeep]
|-status|p1a: Gliscor|tox|[from] item: Toxic Orb
|upkeep
|turn|3
|
|t:|1597136820
|switch|p2a: Skarmory|Skarmory, F|100/100
|move|p1a: Gliscor|Taunt|p2a: Skarmory
|-start|p2a: Skarmory|move: Taunt
|
|-weather|Sandstorm|[upkeep]
|-heal|p1a: Gliscor|90/100 tox|[from] ability: Poison Heal
|upkeep
|turn|4
|
|t:|1597136830
|switch|p1a: Ferrothorn|Ferrothorn, M|100/100
|-damage|p1a: Ferrothorn|94/100|[from] Stealth Rock
|switch|p2a: Gliscor|Gliscor, M|100/100
|
|-weather|Sandstorm|[upkeep]
|-heal|p1a: Ferrothorn|100/100|[from] item: Leftovers
|-status|p2a: Gliscor|tox|[from] item: Toxic Orb
|upkeep
|turn|5
|
|t:|1597136839
|move|p2a: Gliscor|Taunt|p1a: Ferrothorn
|-start|p1a: Ferrothorn|move: Taunt
|cant|p1a: Ferrothorn|move: Taunt|Stealth Rock
|
|-weather|Sandstorm|[upkeep]
|upkeep
|turn|6
|
|t:|1597136852
|switch|p1a: Reuniclus|Reuniclus, M|100/100
|move|p2a: Gliscor|Ice Fang|p1a: Reuniclus|[miss]
|-miss|p2a: Gliscor|p1a: Reuniclus
|
|-weather|Sandstorm|[upkeep]
|upkeep
|turn|7
|
|t:|1597136871
|switch|p2a: Tyranitar|Tyranitar, M|74/100
|switch|p1a: Ferrothorn|Ferrothorn, M|100/100
|-damage|p1a: Ferrothorn|94/100|[from] Stealth Rock
|
|-weather|Sandstorm|[upkeep]
|-heal|p1a: Ferrothorn|100/100|[from] item: Leftovers
|upkeep
|turn|8
|
|t:|1597136878
|move|p2a: Tyranitar|Superpower|p1a: Ferrothorn
|-supereffective|p1a: Ferrothorn
|-damage|p1a: Ferrothorn|52/100
|-unboost|p2a: Tyranitar|atk|1
|-unboost|p2a: Tyranitar|def|1
|-damage|p2a: Tyranitar|61/100|[from] ability: Iron Barbs|[of] p1a: Ferrothorn
|move|p1a: Ferrothorn|Stealth Rock|p2a: Tyranitar
|-sidestart|p2: sam92|move: Stealth Rock
|
|-weather|Sandstorm|[upkeep]
|-heal|p1a: Ferrothorn|58/100|[from] item: Leftovers
|upkeep
|turn|9
|
|t:|1597136918
|switch|p2a: Skarmory|Skarmory, F|100/100
|-damage|p2a: Skarmory|88/100|[from] Stealth Rock
|switch|p1a: Gliscor|Gliscor, F|90/100 tox
|-damage|p1a: Gliscor|77/100 tox|[from] Stealth Rock
|
|-weather|Sandstorm|[upkeep]
|-heal|p2a: Skarmory|94/100|[from] item: Leftovers
|-heal|p1a: Gliscor|90/100 tox|[from] ability: Poison Heal
|upkeep
|turn|10
|
|t:|1597136950
|switch|p2a: Alakazam|Alakazam, F|100/100
|move|p1a: Gliscor|Taunt|p2a: Alakazam
|-start|p2a: Alakazam|move: Taunt
|
|-weather|Sandstorm|[upkeep]
|-heal|p1a: Gliscor|100/100 tox|[from] ability: Poison Heal
|upkeep
|turn|11
|
|t:|1597136964
|switch|p1a: Ferrothorn|Ferrothorn, M|58/100
|-damage|p1a: Ferrothorn|52/100|[from] Stealth Rock
|move|p2a: Alakazam|Focus Blast|p1a: Ferrothorn|[miss]
|-miss|p2a: Alakazam|p1a: Ferrothorn
|
|-weather|Sandstorm|[upkeep]
|-heal|p1a: Ferrothorn|58/100|[from] item: Leftovers
|upkeep
|turn|12
|
|t:|1597136983
|move|p2a: Alakazam|Focus Blast|p1a: Ferrothorn
|-supereffective|p1a: Ferrothorn
|-damage|p1a: Ferrothorn|3/100
|move|p1a: Ferrothorn|Knock Off|p2a: Alakazam
|-supereffective|p2a: Alakazam
|-damage|p2a: Alakazam|77/100
|-enditem|p2a: Alakazam|Focus Sash|[from] move: Knock Off|[of] p1a: Ferrothorn
|
|-weather|Sandstorm|[upkeep]
|-heal|p1a: Ferrothorn|10/100|[from] item: Leftovers
|-end|p2a: Alakazam|move: Taunt
|upkeep
|turn|13
|
|t:|1597136993
|move|p2a: Alakazam|Psychic|p1a: Ferrothorn
|-resisted|p1a: Ferrothorn
|-damage|p1a: Ferrothorn|0 fnt
|faint|p1a: Ferrothorn
|
|-weather|Sandstorm|[upkeep]
|upkeep
|
|t:|1597136997
|switch|p1a: Tyranitar|Tyranitar, F|100/100
|-damage|p1a: Tyranitar|88/100|[from] Stealth Rock
|turn|14
|
|t:|1597137001
|move|p2a: Alakazam|Focus Blast|p1a: Tyranitar
|-supereffective|p1a: Tyranitar
|-enditem|p1a: Tyranitar|Chople Berry|[eat]
|-enditem|p1a: Tyranitar|Chople Berry|[weaken]
|-damage|p1a: Tyranitar|45/100
|-unboost|p1a: Tyranitar|spd|1
|move|p1a: Tyranitar|Pursuit|p2a: Alakazam
|-supereffective|p2a: Alakazam
|-damage|p2a: Alakazam|0 fnt
|faint|p2a: Alakazam
|
|-weather|Sandstorm|[upkeep]
|upkeep
|
|t:|1597137043
|switch|p2a: Gliscor|Gliscor, M|100/100 tox
|-damage|p2a: Gliscor|88/100 tox|[from] Stealth Rock
|turn|15
|
|t:|1597137064
|switch|p1a: Reuniclus|Reuniclus, M|100/100
|move|p2a: Gliscor|Ice Fang|p1a: Reuniclus
|-damage|p1a: Reuniclus|91/100
|
|-weather|Sandstorm|[upkeep]
|-heal|p1a: Reuniclus|97/100|[from] item: Leftovers
|-heal|p2a: Gliscor|100/100 tox|[from] ability: Poison Heal
|upkeep
|turn|16
|
|t:|1597137075
|move|p2a: Gliscor|Taunt|p1a: Reuniclus
|-start|p1a: Reuniclus|move: Taunt
|move|p1a: Reuniclus|Hidden Power|p2a: Gliscor
|-supereffective|p2a: Gliscor
|-damage|p2a: Gliscor|10/100 tox
|
|-weather|Sandstorm|[upkeep]
|-heal|p1a: Reuniclus|100/100|[from] item: Leftovers
|-heal|p2a: Gliscor|22/100 tox|[from] ability: Poison Heal
|upkeep
|turn|17
|
|t:|1597137088
|switch|p1a: Tyranitar|Tyranitar, F|45/100
|-damage|p1a: Tyranitar|33/100|[from] Stealth Rock
|move|p2a: Gliscor|Protect||[still]
|-fail|p2a: Gliscor
|
|-weather|Sandstorm|[upkeep]
|-heal|p2a: Gliscor|35/100 tox|[from] ability: Poison Heal
|upkeep
|turn|18
|
|t:|1597137099
|switch|p1a: Reuniclus|Reuniclus, M|100/100
|move|p2a: Gliscor|Earthquake|p1a: Reuniclus
|-damage|p1a: Reuniclus|76/100
|
|-weather|Sandstorm|[upkeep]
|-heal|p1a: Reuniclus|82/100|[from] item: Leftovers
|-heal|p2a: Gliscor|47/100 tox|[from] ability: Poison Heal
|upkeep
|turn|19
|
|t:|1597137108
|switch|p2a: Tyranitar|Tyranitar, M|61/100
|-damage|p2a: Tyranitar|49/100|[from] Stealth Rock
|move|p1a: Reuniclus|Calm Mind|p1a: Reuniclus
|-boost|p1a: Reuniclus|spa|1
|-boost|p1a: Reuniclus|spd|1
|
|-weather|Sandstorm|[upkeep]
|-heal|p1a: Reuniclus|88/100|[from] item: Leftovers
|upkeep
|turn|20
|
|t:|1597137117
|switch|p1a: Tyranitar|Tyranitar, F|33/100
|-damage|p1a: Tyranitar|21/100|[from] Stealth Rock
|move|p2a: Tyranitar|Crunch|p1a: Tyranitar
|-resisted|p1a: Tyranitar
|-damage|p1a: Tyranitar|6/100
|
|-weather|Sandstorm|[upkeep]
|upkeep
|turn|21
|
|t:|1597137127
|move|p1a: Tyranitar|Superpower|p2a: Tyranitar
|-supereffective|p2a: Tyranitar
|-enditem|p2a: Tyranitar|Chople Berry|[eat]
|-enditem|p2a: Tyranitar|Chople Berry|[weaken]
|-damage|p2a: Tyranitar|0 fnt
|-unboost|p1a: Tyranitar|atk|1
|-unboost|p1a: Tyranitar|def|1
|faint|p2a: Tyranitar
|
|-weather|Sandstorm|[upkeep]
|upkeep
|
|t:|1597137140
|switch|p2a: Gliscor|Gliscor, M|47/100 tox
|-damage|p2a: Gliscor|35/100 tox|[from] Stealth Rock
|turn|22
|
|t:|1597137147
|move|p2a: Gliscor|Earthquake|p1a: Tyranitar
|-supereffective|p1a: Tyranitar
|-damage|p1a: Tyranitar|0 fnt
|faint|p1a: Tyranitar
|
|-weather|Sandstorm|[upkeep]
|-heal|p2a: Gliscor|47/100 tox|[from] ability: Poison Heal
|upkeep
|
|t:|1597137158
|switch|p1a: Reuniclus|Reuniclus, M|88/100
|turn|23
|
|t:|1597137166
|move|p2a: Gliscor|Taunt|p1a: Reuniclus
|-start|p1a: Reuniclus|move: Taunt
|move|p1a: Reuniclus|Hidden Power|p2a: Gliscor
|-supereffective|p2a: Gliscor
|-damage|p2a: Gliscor|0 fnt
|faint|p2a: Gliscor
|
|-weather|Sandstorm|[upkeep]
|-heal|p1a: Reuniclus|94/100|[from] item: Leftovers
|upkeep
|
|t:|1597137174
|switch|p2a: Jellicent|Jellicent, F|100/100
|-damage|p2a: Jellicent|88/100|[from] Stealth Rock
|turn|24
|
|t:|1597137181
|move|p2a: Jellicent|Night Shade|p1a: Reuniclus
|-damage|p1a: Reuniclus|70/100
|move|p1a: Reuniclus|Thunder|p2a: Jellicent
|-supereffective|p2a: Jellicent
|-crit|p2a: Jellicent
|-damage|p2a: Jellicent|0 fnt
|faint|p2a: Jellicent
|
|-weather|Sandstorm|[upkeep]
|-heal|p1a: Reuniclus|76/100|[from] item: Leftovers
|upkeep
|c|☆Senpai noticer|sry
|
|t:|1597137190
|switch|p2a: Terrakion|Terrakion|100/100
|-damage|p2a: Terrakion|94/100|[from] Stealth Rock
|turn|25
|
|t:|1597137221
|switch|p1a: Heatran|Heatran, M|100/100
|-damage|p1a: Heatran|88/100|[from] Stealth Rock
|move|p2a: Terrakion|Stone Edge|p1a: Heatran
|-damage|p1a: Heatran|41/100
|
|-weather|Sandstorm|[upkeep]
|upkeep
|turn|26
|
|t:|1597137229
|move|p2a: Terrakion|Stone Edge|p1a: Heatran
|-damage|p1a: Heatran|0 fnt
|faint|p1a: Heatran
|
|-weather|Sandstorm|[upkeep]
|upkeep
|
|t:|1597137237
|switch|p1a: Gliscor|Gliscor, F|100/100 tox
|-damage|p1a: Gliscor|88/100 tox|[from] Stealth Rock
|turn|27
|
|t:|1597137241
|switch|p2a: Skarmory|Skarmory, F|94/100
|-damage|p2a: Skarmory|82/100|[from] Stealth Rock
|move|p1a: Gliscor|Earthquake|p2a: Skarmory
|-immune|p2a: Skarmory
|
|-weather|Sandstorm|[upkeep]
|-heal|p2a: Skarmory|88/100|[from] item: Leftovers
|-heal|p1a: Gliscor|100/100 tox|[from] ability: Poison Heal
|upkeep
|turn|28
|
|t:|1597137248
|switch|p2a: Terrakion|Terrakion|94/100
|-damage|p2a: Terrakion|88/100|[from] Stealth Rock
|move|p1a: Gliscor|Taunt|p2a: Terrakion
|-start|p2a: Terrakion|move: Taunt
|
|-weather|Sandstorm|[upkeep]
|upkeep
|turn|29
|
|t:|1597137261
|move|p2a: Terrakion|Stone Edge|p1a: Gliscor
|-damage|p1a: Gliscor|67/100 tox
|move|p1a: Gliscor|Earthquake|p2a: Terrakion
|-supereffective|p2a: Terrakion
|-damage|p2a: Terrakion|6/100
|
|-weather|Sandstorm|[upkeep]
|-heal|p1a: Gliscor|80/100 tox|[from] ability: Poison Heal
|upkeep
|turn|30
|
|t:|1597137268
|switch|p2a: Skarmory|Skarmory, F|88/100
|-damage|p2a: Skarmory|76/100|[from] Stealth Rock
|move|p1a: Gliscor|Earthquake|p2a: Skarmory
|-immune|p2a: Skarmory
|
|-weather|Sandstorm|[upkeep]
|-heal|p2a: Skarmory|82/100|[from] item: Leftovers
|-heal|p1a: Gliscor|92/100 tox|[from] ability: Poison Heal
|upkeep
|turn|31
|c|☆Senpai noticer|gg
|
|t:|1597137275
|move|p1a: Gliscor|Taunt|p2a: Skarmory
|-start|p2a: Skarmory|move: Taunt
|cant|p2a: Skarmory|move: Taunt|Whirlwind
|
|-weather|Sandstorm|[upkeep]
|-heal|p2a: Skarmory|88/100|[from] item: Leftovers
|-heal|p1a: Gliscor|100/100 tox|[from] ability: Poison Heal
|upkeep
|turn|32
|-message|sam92 forfeited.
|
|win|Senpai noticer
|raw|Senpai noticer's rating: 1521 &rarr; <strong>1538</strong><br />(+17 for winning)
|raw|sam92's rating: 1467 &rarr; <strong>1450</strong><br />(-17 for losing)
