|j|☆leleenabbo
|j|☆Ayhouma
|t:|1598691340
|player|p1|leleenabbo|hiker-gen2|1302
|player|p2|Ayhouma|rosa|1355
|teamsize|p1|6
|teamsize|p2|6
|gametype|singles
|gen|5
|tier|[Gen 5] OU
|rated|
|clearpoke
|poke|p1|Mamoswine, M|item
|poke|p1|Alakazam, M|item
|poke|p1|Latios, M|item
|poke|p1|Kyurem-Black|item
|poke|p1|Scizor, M|item
|poke|p1|Magnezone|item
|poke|p2|Latios, M|item
|poke|p2|Politoed, M|item
|poke|p2|Starmie|item
|poke|p2|Tornadus, M|item
|poke|p2|Skarmory, M|item
|poke|p2|Mamoswine, M|item
|rule|Species Clause: Limit one of each Pokémon
|rule|OHKO Clause: OHKO moves are banned
|rule|Moody Clause: Moody is banned
|rule|Evasion Moves Clause: Evasion moves are banned
|rule|Endless Battle Clause: Forcing endless battles is banned
|rule|HP Percentage Mod: HP is shown in percentages
|rule|Evasion Abilities Clause: Evasion abilities are banned
|rule|Baton Pass Clause: Limit one Baton Passer, can't pass Spe and other stats simultaneously
|rule|Sleep Clause: Sleep-inducing moves are banned
|rule|Swagger Clause: Swagger is banned
|teampreview
|
|t:|1598691347
|start
|switch|p1a: MAMMO|Mamoswine, M|100/100
|switch|p2a: Skarmory|Skarmory, M|100/100
|turn|1
|
|t:|1598691352
|move|p1a: MAMMO|Stealth Rock|p2a: Skarmory
|-sidestart|p2: Ayhouma|move: Stealth Rock
|move|p2a: Skarmory|Stealth Rock|p1a: MAMMO
|-sidestart|p1: leleenabbo|move: Stealth Rock
|
|upkeep
|turn|2
|
|t:|1598691362
|switch|p1a: +idraggedu-|Magnezone|100/100
|-damage|p1a: +idraggedu-|94/100|[from] Stealth Rock
|-item|p1a: +idraggedu-|Air Balloon
|move|p2a: Skarmory|Spikes|p1a: +idraggedu-
|-sidestart|p1: leleenabbo|Spikes
|
|upkeep
|turn|3
|
|t:|1598691374
|move|p2a: Skarmory|Spikes|p1a: +idraggedu-
|-sidestart|p1: leleenabbo|Spikes
|move|p1a: +idraggedu-|Thunderbolt|p2a: Skarmory
|-supereffective|p2a: Skarmory
|-ability|p2a: Skarmory|Sturdy
|-damage|p2a: Skarmory|1/100
|
|upkeep
|turn|4
|-enditem|p2a: Skarmory|Custap Berry|[eat]
|-activate|p2a: Skarmory|item: Custap Berry|[consumed]
|
|t:|1598691381
|move|p2a: Skarmory|Spikes|p1a: +idraggedu-
|-sidestart|p1: leleenabbo|Spikes
|move|p1a: +idraggedu-|Thunderbolt|p2a: Skarmory
|-supereffective|p2a: Skarmory
|-damage|p2a: Skarmory|0 fnt
|faint|p2a: Skarmory
|
|upkeep
|
|t:|1598691395
|switch|p2a: Starmie|Starmie|100/100
|-damage|p2a: Starmie|88/100|[from] Stealth Rock
|turn|5
|
|t:|1598691400
|move|p2a: Starmie|Hydro Pump|p1a: +idraggedu-
|-damage|p1a: +idraggedu-|11/100
|-enditem|p1a: +idraggedu-|Air Balloon
|-damage|p2a: Starmie|78/100|[from] item: Life Orb
|move|p1a: +idraggedu-|Volt Switch|p2a: Starmie
|-supereffective|p2a: Starmie
|-damage|p2a: Starmie|0 fnt
|faint|p2a: Starmie
|
|t:|1598691408
|switch|p1a: Mangio budini|Alakazam, M, shiny|100/100|[from]move: Volt Switch
|
|upkeep
|
|t:|1598691415
|switch|p2a: Politoed|Politoed, M|100/100
|-damage|p2a: Politoed|88/100|[from] Stealth Rock
|-weather|RainDance|[from] ability: Drizzle|[of] p2a: Politoed
|turn|6
|
|t:|1598691444
|move|p1a: Mangio budini|Psychic|p2a: Politoed
|-damage|p2a: Politoed|46/100
|move|p2a: Politoed|Hydro Pump|p1a: Mangio budini|[miss]
|-miss|p2a: Politoed|p1a: Mangio budini
|
|-weather|RainDance|[upkeep]
|-heal|p2a: Politoed|52/100|[from] item: Leftovers
|upkeep
|turn|7
|
|t:|1598691454
|move|p1a: Mangio budini|Psychic|p2a: Politoed
|-damage|p2a: Politoed|10/100
|move|p2a: Politoed|Hydro Pump|p1a: Mangio budini
|-enditem|p1a: Mangio budini|Focus Sash
|-damage|p1a: Mangio budini|1/100
|
|-weather|RainDance|[upkeep]
|-heal|p2a: Politoed|16/100|[from] item: Leftovers
|upkeep
|turn|8
|
|t:|1598691463
|move|p1a: Mangio budini|Psychic|p2a: Politoed
|-damage|p2a: Politoed|0 fnt
|faint|p2a: Politoed
|
|-weather|RainDance|[upkeep]
|upkeep
|
|t:|1598691472
|switch|p2a: Latios|Latios, M|100/100
|-damage|p2a: Latios|88/100|[from] Stealth Rock
|turn|9
|
|t:|1598691480
|move|p2a: Latios|Surf|p1a: Mangio budini
|-crit|p1a: Mangio budini
|-damage|p1a: Mangio budini|0 fnt
|faint|p1a: Mangio budini
|
|-weather|RainDance|[upkeep]
|upkeep
|
|t:|1598691482
|switch|p1a: TRIANGOLO|Latios, M|100/100
|-damage|p1a: TRIANGOLO|88/100|[from] Stealth Rock
|turn|10
|
|t:|1598691488
|switch|p2a: Tornadus|Tornadus, M|100/100
|-damage|p2a: Tornadus|76/100|[from] Stealth Rock
|move|p1a: TRIANGOLO|Dragon Pulse|p2a: Tornadus
|-damage|p2a: Tornadus|0 fnt
|faint|p2a: Tornadus
|
|-weather|RainDance|[upkeep]
|upkeep
|
|t:|1598691496
|switch|p2a: Mamoswine|Mamoswine, M|100/100
|-damage|p2a: Mamoswine|88/100|[from] Stealth Rock
|turn|11
|
|t:|1598691500
|switch|p1a: +idraggedu-|Magnezone|11/100
|-damage|p1a: +idraggedu-|0 fnt|[from] Spikes
|faint|p1a: +idraggedu-
|move|p2a: Mamoswine|Ice Shard|p1: +idraggedu-|[notarget]
|-fail|p2a: Mamoswine
|
|-weather|RainDance|[upkeep]
|upkeep
|
|t:|1598691520
|switch|p1a: I CAN FLY I SWEAR|Scizor, M, shiny|100/100
|-damage|p1a: I CAN FLY I SWEAR|88/100|[from] Stealth Rock
|-damage|p1a: I CAN FLY I SWEAR|63/100|[from] Spikes
|turn|12
|
|t:|1598691526
|move|p1a: I CAN FLY I SWEAR|Bullet Punch|p2a: Mamoswine
|-supereffective|p2a: Mamoswine
|-crit|p2a: Mamoswine
|-damage|p2a: Mamoswine|0 fnt
|faint|p2a: Mamoswine
|
|-weather|RainDance|[upkeep]
|upkeep
|inactive|Battle timer is ON: inactive players will automatically lose when time's up. (requested by leleenabbo)
|
|t:|1598691533
|switch|p2a: Latios|Latios, M|88/100
|-damage|p2a: Latios|76/100|[from] Stealth Rock
|turn|13
|
|t:|1598691544
|move|p1a: I CAN FLY I SWEAR|Bullet Punch|p2a: Latios
|-damage|p2a: Latios|1/100
|move|p2a: Latios|Surf|p1a: I CAN FLY I SWEAR
|-damage|p1a: I CAN FLY I SWEAR|5/100
|
|-weather|RainDance|[upkeep]
|upkeep
|turn|14
|
|t:|1598691550
|move|p1a: I CAN FLY I SWEAR|Bullet Punch|p2a: Latios
|-damage|p2a: Latios|0 fnt
|faint|p2a: Latios
|
|win|leleenabbo
|raw|leleenabbo's rating: 1339 &rarr; <strong>1359</strong><br />(+20 for winning)
|raw|Ayhouma's rating: 1355 &rarr; <strong>1334</strong><br />(-21 for losing)
