|j|☆unnot
|j|☆krukz
|t:|1731080730
|gametype|singles
|player|p1|unnot|steven|1395
|player|p2|krukz|n|1434
|teamsize|p1|6
|teamsize|p2|6
|gen|5
|tier|[Gen 5] OU
|rated|
|rule|Species Clause: Limit one of each Pokémon
|rule|OHKO Clause: OHKO moves are banned
|rule|Moody Clause: Moody is banned
|rule|Evasion Items Clause: Evasion items are banned
|rule|Evasion Moves Clause: Evasion moves are banned
|rule|Endless Battle Clause: Forcing endless battles is banned
|rule|HP Percentage Mod: HP is shown in percentages
|rule|Evasion Abilities Clause: Evasion abilities are banned
|rule|Sleep Moves Clause: Sleep-inducing moves are banned
|rule|Swagger Clause: Swagger is banned
|rule|Baton Pass Stat Clause: No Baton Passer may have a way to boost its stats
|clearpoke
|poke|p1|Alakazam, M|item
|poke|p1|Reuniclus, F|mail
|poke|p1|Clefable, F|item
|poke|p1|Sigilyph, M|item
|poke|p1|Sableye, M|item
|poke|p1|Excadrill, M|item
|poke|p2|Alakazam, M|item
|poke|p2|Latios, M|item
|poke|p2|Landorus-Therian, M|item
|poke|p2|Rotom-Wash|item
|poke|p2|Tyranitar, M|item
|poke|p2|Skarmory, M|item
|teampreview
|inactive|Battle timer is ON: inactive players will automatically lose when time's up. (requested by unnot)
|inactive|krukz has 120 seconds left.
|
|t:|1731080761
|start
|switch|p1a: Sableye|Sableye, M, shiny|100/100
|switch|p2a: Rotom|Rotom-Wash|100/100
|turn|1
|
|t:|1731080769
|move|p1a: Sableye|Taunt|p2a: Rotom
|-start|p2a: Rotom|move: Taunt
|move|p2a: Rotom|Hydro Pump|p1a: Sableye|[miss]
|-miss|p2a: Rotom|p1a: Sableye
|
|upkeep
|turn|2
|
|t:|1731080774
|move|p1a: Sableye|Will-O-Wisp|p2a: Rotom
|-status|p2a: Rotom|brn
|move|p2a: Rotom|Hydro Pump|p1a: Sableye
|-damage|p1a: Sableye|56/100
|
|-heal|p1a: Sableye|62/100|[from] item: Leftovers
|-damage|p2a: Rotom|88/100 brn|[from] brn
|upkeep
|turn|3
|
|t:|1731080777
|move|p2a: Rotom|Hydro Pump|p1a: Sableye|[miss]
|-miss|p2a: Rotom|p1a: Sableye
|move|p1a: Sableye|Knock Off|p2a: Rotom
|-damage|p2a: Rotom|83/100 brn
|-enditem|p2a: Rotom|Leftovers|[from] move: Knock Off|[of] p1a: Sableye
|
|-heal|p1a: Sableye|69/100|[from] item: Leftovers
|-damage|p2a: Rotom|71/100 brn|[from] brn
|-end|p2a: Rotom|move: Taunt
|upkeep
|turn|4
|
|t:|1731080782
|switch|p1a: Clefable|Clefable, F, shiny|100/100
|move|p2a: Rotom|Volt Switch|p1a: Clefable
|-damage|p1a: Clefable|85/100
|
|t:|1731080789
|switch|p2a: Tyranitar|Tyranitar, M|100/100|[from] Volt Switch
|-weather|Sandstorm|[from] ability: Sand Stream|[of] p2a: Tyranitar
|
|-weather|Sandstorm|[upkeep]
|upkeep
|turn|5
|
|t:|1731080806
|switch|p1a: Sigilyph|Sigilyph, M, shiny|100/100
|move|p2a: Tyranitar|Superpower|p1a: Sigilyph
|-resisted|p1a: Sigilyph
|-damage|p1a: Sigilyph|92/100
|-unboost|p2a: Tyranitar|atk|1
|-unboost|p2a: Tyranitar|def|1
|
|-weather|Sandstorm|[upkeep]
|upkeep
|turn|6
|
|t:|1731080815
|switch|p2a: Rotom|Rotom-Wash|71/100 brn
|move|p1a: Sigilyph|Trick|p2a: Rotom
|-activate|p1a: Sigilyph|move: Trick|[of] p2a: Rotom
|-item|p2a: Rotom|Sticky Barb|[from] move: Trick
|-enditem|p1a: Sigilyph|Sticky Barb|[silent]|[from] move: Trick
|
|-weather|Sandstorm|[upkeep]
|-damage|p2a: Rotom|64/100 brn|[from] Sandstorm
|-damage|p2a: Rotom|52/100 brn|[from] brn
|-damage|p2a: Rotom|39/100 brn|[from] item: Sticky Barb
|upkeep
|turn|7
|
|t:|1731080826
|switch|p1a: Clefable|Clefable, F, shiny|85/100
|move|p2a: Rotom|Hydro Pump|p1a: Clefable
|-damage|p1a: Clefable|55/100
|
|-weather|Sandstorm|[upkeep]
|-damage|p2a: Rotom|33/100 brn|[from] Sandstorm
|-damage|p2a: Rotom|21/100 brn|[from] brn
|-damage|p2a: Rotom|8/100 brn|[from] item: Sticky Barb
|upkeep
|turn|8
|
|t:|1731080829
|move|p2a: Rotom|Volt Switch|p1a: Clefable
|-crit|p1a: Clefable
|-damage|p1a: Clefable|21/100
|
|t:|1731080830
|switch|p2a: Latios|Latios, M|100/100|[from] Volt Switch
|move|p1a: Clefable|Wish|p1a: Clefable
|
|-weather|Sandstorm|[upkeep]
|-damage|p2a: Latios|95/100|[from] Sandstorm
|upkeep
|turn|9
|
|t:|1731080837
|move|p1a: Clefable|Protect|p1a: Clefable
|-singleturn|p1a: Clefable|Protect
|move|p2a: Latios|Draco Meteor|p1a: Clefable
|-activate|p1a: Clefable|move: Protect
|
|-weather|Sandstorm|[upkeep]
|-damage|p2a: Latios|89/100|[from] Sandstorm
|-heal|p1a: Clefable|71/100|[from] move: Wish|[wisher] Clefable
|upkeep
|turn|10
|
|t:|1731080847
|move|p2a: Latios|Draco Meteor|p1a: Clefable
|-damage|p1a: Clefable|0 fnt
|-unboost|p2a: Latios|spa|2
|faint|p1a: Clefable
|
|-weather|Sandstorm|[upkeep]
|-damage|p2a: Latios|83/100|[from] Sandstorm
|upkeep
|
|t:|1731080859
|switch|p1a: Alakazam|Alakazam, M, shiny|100/100
|turn|11
|
|t:|1731080864
|switch|p2a: Rotom|Rotom-Wash|8/100 brn
|move|p1a: Alakazam|Focus Blast|p2a: Rotom
|-damage|p2a: Rotom|0 fnt
|faint|p2a: Rotom
|
|-weather|Sandstorm|[upkeep]
|upkeep
|
|t:|1731080873
|switch|p2a: Skarmory|Skarmory, M|100/100
|turn|12
|
|t:|1731080894
|switch|p1a: Sableye|Sableye, M, shiny|69/100
|move|p2a: Skarmory|Brave Bird|p1a: Sableye
|-damage|p1a: Sableye|20/100
|-damage|p2a: Skarmory|86/100|[from] Recoil
|
|-weather|Sandstorm|[upkeep]
|-damage|p1a: Sableye|14/100|[from] Sandstorm
|-heal|p2a: Skarmory|92/100|[from] item: Leftovers
|-heal|p1a: Sableye|20/100|[from] item: Leftovers
|upkeep
|turn|13
|
|t:|1731080900
|switch|p2a: Alakazam|Alakazam, M|100/100
|move|p1a: Sableye|Recover|p1a: Sableye
|-heal|p1a: Sableye|70/100
|
|-weather|Sandstorm|[upkeep]
|-damage|p1a: Sableye|64/100|[from] Sandstorm
|-heal|p1a: Sableye|70/100|[from] item: Leftovers
|upkeep
|turn|14
|
|t:|1731080911
|switch|p2a: Latios|Latios, M|83/100
|move|p1a: Sableye|Knock Off|p2a: Latios
|-supereffective|p2a: Latios
|-damage|p2a: Latios|67/100
|-enditem|p2a: Latios|Choice Specs|[from] move: Knock Off|[of] p1a: Sableye
|
|-weather|Sandstorm|[upkeep]
|-damage|p2a: Latios|61/100|[from] Sandstorm
|-damage|p1a: Sableye|64/100|[from] Sandstorm
|-heal|p1a: Sableye|70/100|[from] item: Leftovers
|upkeep
|turn|15
|
|t:|1731080930
|switch|p1a: Sigilyph|Sigilyph, M, shiny|92/100
|move|p2a: Latios|Trick||[still]
|-fail|p2a: Latios
|
|-weather|Sandstorm|[upkeep]
|-damage|p2a: Latios|55/100|[from] Sandstorm
|upkeep
|turn|16
|
|t:|1731080940
|switch|p2a: Tyranitar|Tyranitar, M|100/100
|move|p1a: Sigilyph|Ice Beam|p2a: Tyranitar
|-damage|p2a: Tyranitar|87/100
|-status|p2a: Tyranitar|frz
|
|-weather|Sandstorm|[upkeep]
|upkeep
|turn|17
|
|t:|1731080947
|switch|p1a: Sableye|Sableye, M, shiny|70/100
|-curestatus|p2a: Tyranitar|frz|[msg]
|move|p2a: Tyranitar|Crunch|p1a: Sableye
|-damage|p1a: Sableye|10/100
|
|-weather|Sandstorm|[upkeep]
|-damage|p1a: Sableye|4/100|[from] Sandstorm
|-heal|p1a: Sableye|10/100|[from] item: Leftovers
|upkeep
|turn|18
|
|t:|1731080955
|move|p1a: Sableye|Will-O-Wisp|p2a: Tyranitar|[miss]
|-miss|p1a: Sableye|p2a: Tyranitar
|move|p2a: Tyranitar|Crunch|p1a: Sableye
|-damage|p1a: Sableye|0 fnt
|faint|p1a: Sableye
|
|-weather|Sandstorm|[upkeep]
|upkeep
|
|t:|1731080958
|switch|p1a: Excadrill|Excadrill, M, shiny|100/100
|-ability|p1a: Excadrill|Mold Breaker
|turn|19
|
|t:|1731080962
|switch|p2a: Skarmory|Skarmory, M|92/100
|move|p1a: Excadrill|Stealth Rock|p2a: Skarmory
|-sidestart|p2: krukz|move: Stealth Rock
|
|-weather|Sandstorm|[upkeep]
|-heal|p2a: Skarmory|98/100|[from] item: Leftovers
|upkeep
|turn|20
|
|t:|1731080968
|switch|p1a: Sigilyph|Sigilyph, M, shiny|92/100
|move|p2a: Skarmory|Whirlwind|p1a: Sigilyph
|drag|p1a: Excadrill|Excadrill, M, shiny|100/100
|-ability|p1a: Excadrill|Mold Breaker
|
|-weather|Sandstorm|[upkeep]
|-heal|p2a: Skarmory|100/100|[from] item: Leftovers
|upkeep
|turn|21
|
|t:|1731080972
|switch|p1a: Sigilyph|Sigilyph, M, shiny|92/100
|switch|p2a: Landorus|Landorus-Therian, M|100/100
|-damage|p2a: Landorus|88/100|[from] Stealth Rock
|-ability|p2a: Landorus|Intimidate|boost
|-unboost|p1a: Sigilyph|atk|1
|
|-weather|Sandstorm|[upkeep]
|-heal|p2a: Landorus|94/100|[from] item: Leftovers
|upkeep
|turn|22
|
|t:|1731080991
|switch|p2a: Skarmory|Skarmory, M|100/100
|-damage|p2a: Skarmory|88/100|[from] Stealth Rock
|move|p1a: Sigilyph|Ice Beam|p2a: Skarmory
|-damage|p2a: Skarmory|69/100
|
|-weather|Sandstorm|[upkeep]
|-heal|p2a: Skarmory|75/100|[from] item: Leftovers
|upkeep
|turn|23
|
|t:|1731080997
|move|p1a: Sigilyph|Air Slash|p2a: Skarmory
|-resisted|p2a: Skarmory
|-damage|p2a: Skarmory|63/100
|move|p2a: Skarmory|Brave Bird|p1a: Sigilyph
|-damage|p1a: Sigilyph|66/100
|-damage|p2a: Skarmory|54/100|[from] Recoil
|
|-weather|Sandstorm|[upkeep]
|-heal|p2a: Skarmory|60/100|[from] item: Leftovers
|upkeep
|turn|24
|
|t:|1731081001
|move|p1a: Sigilyph|Air Slash|p2a: Skarmory
|-resisted|p2a: Skarmory
|-damage|p2a: Skarmory|49/100
|cant|p2a: Skarmory|flinch
|
|-weather|Sandstorm|[upkeep]
|-heal|p2a: Skarmory|55/100|[from] item: Leftovers
|upkeep
|turn|25
|inactive|unnot has 120 seconds left.
|
|t:|1731081042
|move|p1a: Sigilyph|Air Slash|p2a: Skarmory
|-resisted|p2a: Skarmory
|-damage|p2a: Skarmory|42/100
|move|p2a: Skarmory|Roost|p2a: Skarmory
|-heal|p2a: Skarmory|92/100
|-singleturn|p2a: Skarmory|move: Roost
|
|-weather|Sandstorm|[upkeep]
|-heal|p2a: Skarmory|98/100|[from] item: Leftovers
|upkeep
|turn|26
|
|t:|1731081048
|move|p1a: Sigilyph|Air Slash|p2a: Skarmory
|-resisted|p2a: Skarmory
|-damage|p2a: Skarmory|86/100
|cant|p2a: Skarmory|flinch
|
|-weather|Sandstorm|[upkeep]
|-heal|p2a: Skarmory|92/100|[from] item: Leftovers
|upkeep
|turn|27
|inactive|unnot has 120 seconds left.
|
|t:|1731081086
|move|p1a: Sigilyph|Air Slash|p2a: Skarmory
|-resisted|p2a: Skarmory
|-damage|p2a: Skarmory|81/100
|move|p2a: Skarmory|Brave Bird|p1a: Sigilyph
|-damage|p1a: Sigilyph|39/100
|-damage|p2a: Skarmory|72/100|[from] Recoil
|
|-weather|Sandstorm|[upkeep]
|-heal|p2a: Skarmory|78/100|[from] item: Leftovers
|upkeep
|turn|28
|
|t:|1731081096
|move|p1a: Sigilyph|Air Slash|p2a: Skarmory
|-resisted|p2a: Skarmory
|-damage|p2a: Skarmory|66/100
|move|p2a: Skarmory|Brave Bird|p1a: Sigilyph
|-damage|p1a: Sigilyph|9/100
|-damage|p2a: Skarmory|56/100|[from] Recoil
|
|-weather|Sandstorm|[upkeep]
|-heal|p2a: Skarmory|62/100|[from] item: Leftovers
|upkeep
|turn|29
|
|t:|1731081101
|move|p1a: Sigilyph|Air Slash|p2a: Skarmory
|-resisted|p2a: Skarmory
|-damage|p2a: Skarmory|49/100
|move|p2a: Skarmory|Roost|p2a: Skarmory
|-heal|p2a: Skarmory|99/100
|-singleturn|p2a: Skarmory|move: Roost
|
|-weather|Sandstorm|[upkeep]
|-heal|p2a: Skarmory|100/100|[from] item: Leftovers
|upkeep
|turn|30
|
|t:|1731081104
|move|p1a: Sigilyph|Air Slash|p2a: Skarmory
|-resisted|p2a: Skarmory
|-damage|p2a: Skarmory|88/100
|cant|p2a: Skarmory|flinch
|
|-weather|Sandstorm|[upkeep]
|-heal|p2a: Skarmory|94/100|[from] item: Leftovers
|upkeep
|turn|31
|inactive|unnot has 120 seconds left.
|
|t:|1731081110
|move|p1a: Sigilyph|Air Slash|p2a: Skarmory
|-resisted|p2a: Skarmory
|-damage|p2a: Skarmory|81/100
|move|p2a: Skarmory|Brave Bird|p1a: Sigilyph
|-damage|p1a: Sigilyph|0 fnt
|faint|p1a: Sigilyph
|-damage|p2a: Skarmory|78/100|[from] Recoil
|
|-weather|Sandstorm|[upkeep]
|-heal|p2a: Skarmory|84/100|[from] item: Leftovers
|upkeep
|
|t:|1731081113
|switch|p1a: Excadrill|Excadrill, M, shiny|100/100
|-ability|p1a: Excadrill|Mold Breaker
|turn|32
|
|t:|1731081118
|move|p1a: Excadrill|Iron Head|p2a: Skarmory
|-resisted|p2a: Skarmory
|-damage|p2a: Skarmory|67/100
|move|p2a: Skarmory|Whirlwind|p1a: Excadrill
|drag|p1a: Alakazam|Alakazam, M, shiny|100/100
|
|-weather|Sandstorm|[upkeep]
|-heal|p2a: Skarmory|73/100|[from] item: Leftovers
|upkeep
|turn|33
|
|t:|1731081123
|move|p1a: Alakazam|Focus Blast|p2a: Skarmory
|-damage|p2a: Skarmory|37/100
|move|p2a: Skarmory|Brave Bird|p1a: Alakazam
|-damage|p1a: Alakazam|8/100
|-damage|p2a: Skarmory|14/100|[from] Recoil
|
|-weather|Sandstorm|[upkeep]
|-heal|p2a: Skarmory|20/100|[from] item: Leftovers
|upkeep
|turn|34
|
|t:|1731081130
|move|p1a: Alakazam|Shadow Ball|p2a: Skarmory
|-resisted|p2a: Skarmory
|-damage|p2a: Skarmory|7/100
|move|p2a: Skarmory|Whirlwind|p1a: Alakazam
|drag|p1a: Excadrill|Excadrill, M, shiny|100/100
|-ability|p1a: Excadrill|Mold Breaker
|
|-weather|Sandstorm|[upkeep]
|-heal|p2a: Skarmory|13/100|[from] item: Leftovers
|upkeep
|turn|35
|
|t:|1731081138
|switch|p2a: Landorus|Landorus-Therian, M|94/100
|-damage|p2a: Landorus|82/100|[from] Stealth Rock
|-ability|p2a: Landorus|Intimidate|boost
|-unboost|p1a: Excadrill|atk|1
|move|p1a: Excadrill|Iron Head|p2a: Landorus
|-damage|p2a: Landorus|52/100
|
|-weather|Sandstorm|[upkeep]
|-heal|p2a: Landorus|59/100|[from] item: Leftovers
|upkeep
|turn|36
|
|t:|1731081143
|move|p2a: Landorus|Earthquake|p1a: Excadrill
|-supereffective|p1a: Excadrill
|-damage|p1a: Excadrill|0 fnt
|faint|p1a: Excadrill
|
|-weather|Sandstorm|[upkeep]
|-heal|p2a: Landorus|65/100|[from] item: Leftovers
|upkeep
|
|t:|1731081147
|switch|p1a: Alakazam|Alakazam, M, shiny|8/100
|turn|37
|
|t:|1731081155
|move|p1a: Alakazam|Psychic|p2a: Landorus
|-damage|p2a: Landorus|2/100
|move|p2a: Landorus|Earthquake|p1a: Alakazam
|-damage|p1a: Alakazam|0 fnt
|faint|p1a: Alakazam
|
|-weather|Sandstorm|[upkeep]
|-heal|p2a: Landorus|8/100|[from] item: Leftovers
|upkeep
|
|t:|1731081159
|switch|p1a: Reuniclus|Reuniclus, F, shiny|100/100
|turn|38
|-message|unnot forfeited.
|
|win|krukz
|raw|unnot's rating: 1395 &rarr; <strong>1377</strong><br />(-18 for losing)
|raw|krukz's rating: 1434 &rarr; <strong>1452</strong><br />(+18 for winning)
|l|☆unnot
|player|p1|
|j|☆unnot
|player|p1|unnot|steven|
|c|☆unnot|sbcnm
|c|☆krukz|what
|c|☆krukz|explain
