|j|☆Hans Bloodsmith
|j|☆EG Jhonx
|t:|1733550685
|gametype|singles
|player|p1|Hans Bloodsmith|plasmagrunt|1365
|player|p2|EG Jhonx|#wcop2024chile|1455
|teamsize|p1|6
|teamsize|p2|6
|gen|5
|tier|[Gen 5] OU
|rated|
|rule|Species Clause: Limit one of each Pokémon
|rule|OHKO Clause: OHKO moves are banned
|rule|Moody Clause: Moody is banned
|rule|Evasion Items Clause: Evasion items are banned
|rule|Evasion Moves Clause: Evasion moves are banned
|rule|Endless Battle Clause: Forcing endless battles is banned
|rule|HP Percentage Mod: HP is shown in percentages
|rule|Evasion Abilities Clause: Evasion abilities are banned
|rule|Sleep Moves Clause: Sleep-inducing moves are banned
|rule|Swagger Clause: Swagger is banned
|rule|Baton Pass Stat Clause: No Baton Passer may have a way to boost its stats
|clearpoke
|poke|p1|Volcarona, M|item
|poke|p1|Hydreigon, M|item
|poke|p1|Mamoswine, M|item
|poke|p1|Magnezone|item
|poke|p1|Toxicroak, F|item
|poke|p1|Politoed, M|item
|poke|p2|Landorus-Therian, M|item
|poke|p2|Starmie|item
|poke|p2|Jirachi|item
|poke|p2|Garchomp, F|item
|poke|p2|Politoed, F|item
|poke|p2|Keldeo-Resolute|item
|teampreview
|inactive|Battle timer is ON: inactive players will automatically lose when time's up. (requested by Hans Bloodsmith)
|
|t:|1733550699
|start
|switch|p1a: Francis|Politoed, M|100/100
|switch|p2a: Starmie|Starmie|100/100
|-weather|RainDance|[from] ability: Drizzle|[of] p1a: Francis
|turn|1
|
|t:|1733550703
|move|p2a: Starmie|Thunder|p1a: Francis
|-supereffective|p1a: Francis
|-damage|p1a: Francis|0 fnt
|faint|p1a: Francis
|
|-weather|RainDance|[upkeep]
|upkeep
|
|t:|1733550707
|switch|p1a: Hannibal|Hydreigon, M|100/100
|turn|2
|
|t:|1733550711
|switch|p2a: Jirachi|Jirachi|100/100
|move|p1a: Hannibal|U-turn|p2a: Jirachi
|-damage|p2a: Jirachi|89/100
|
|t:|1733550716
|switch|p1a: Stein|Magnezone|100/100|[from] U-turn
|
|-weather|RainDance|[upkeep]
|-heal|p2a: Jirachi|95/100|[from] item: Leftovers
|upkeep
|turn|3
|
|t:|1733550720
|move|p1a: Stein|Substitute|p1a: Stein
|-start|p1a: Stein|Substitute
|-damage|p1a: Stein|76/100
|move|p2a: Jirachi|Stealth Rock|p1a: Stein
|-sidestart|p1: Hans Bloodsmith|move: Stealth Rock
|
|-weather|RainDance|[upkeep]
|-heal|p1a: Stein|82/100|[from] item: Leftovers
|-heal|p2a: Jirachi|100/100|[from] item: Leftovers
|upkeep
|turn|4
|
|t:|1733550723
|move|p1a: Stein|Thunder|p2a: Jirachi
|-damage|p2a: Jirachi|54/100
|-status|p2a: Jirachi|par
|move|p2a: Jirachi|U-turn|p1a: Stein
|-resisted|p1a: Stein
|-activate|p1a: Stein|Substitute|[damage]
|
|t:|1733550740
|switch|p2a: Landorus|Landorus-Therian, M|100/100|[from] U-turn
|-ability|p2a: Landorus|Intimidate|boost
|-immune|p1a: Stein
|
|-weather|RainDance|[upkeep]
|-heal|p1a: Stein|88/100|[from] item: Leftovers
|upkeep
|turn|5
|
|t:|1733550743
|move|p2a: Landorus|Earthquake|p1a: Stein
|-supereffective|p1a: Stein
|-end|p1a: Stein|Substitute
|move|p1a: Stein|Hidden Power|p2a: Landorus
|-supereffective|p2a: Landorus
|-damage|p2a: Landorus|0 fnt
|faint|p2a: Landorus
|
|-weather|RainDance|[upkeep]
|-heal|p1a: Stein|94/100|[from] item: Leftovers
|upkeep
|
|t:|1733550751
|switch|p2a: Garchomp|Garchomp, F|100/100
|turn|6
|
|t:|1733550756
|move|p2a: Garchomp|Earthquake|p1a: Stein
|-supereffective|p1a: Stein
|-damage|p1a: Stein|0 fnt
|faint|p1a: Stein
|
|-weather|RainDance|[upkeep]
|upkeep
|
|t:|1733550760
|switch|p1a: Hannibal|Hydreigon, M|100/100
|-damage|p1a: Hannibal|88/100|[from] Stealth Rock
|turn|7
|inactive|EG Jhonx has 120 seconds left.
|inactive|EG Jhonx has 90 seconds left.
|inactive|EG Jhonx has 60 seconds left.
|
|t:|1733550865
|switch|p2a: Jirachi|Jirachi|54/100 par
|move|p1a: Hannibal|Draco Meteor|p2a: Jirachi
|-resisted|p2a: Jirachi
|-damage|p2a: Jirachi|32/100 par
|-unboost|p1a: Hannibal|spa|2
|
|-weather|RainDance|[upkeep]
|-heal|p2a: Jirachi|39/100 par|[from] item: Leftovers
|upkeep
|turn|8
|
|t:|1733550869
|switch|p1a: Klaus|Mamoswine, M|100/100
|-damage|p1a: Klaus|88/100|[from] Stealth Rock
|move|p2a: Jirachi|U-turn|p1a: Klaus
|-damage|p1a: Klaus|71/100
|inactive|EG Jhonx has 60 seconds left.
|
|t:|1733550882
|switch|p2a: Starmie|Starmie|100/100|[from] U-turn
|
|-weather|RainDance|[upkeep]
|upkeep
|turn|9
|
|t:|1733550889
|move|p2a: Starmie|Ice Beam|p1a: Klaus
|-damage|p1a: Klaus|41/100
|move|p1a: Klaus|Earthquake|p2a: Starmie
|-damage|p2a: Starmie|18/100
|
|-weather|RainDance|[upkeep]
|upkeep
|turn|10
|inactive|EG Jhonx has 60 seconds left.
|
|t:|1733550926
|switch|p1a: Dante|Volcarona, M|100/100
|-damage|p1a: Dante|50/100|[from] Stealth Rock
|-enditem|p1a: Dante|Sitrus Berry|[eat]
|-heal|p1a: Dante|75/100|[from] item: Sitrus Berry
|move|p2a: Starmie|Ice Beam|p1a: Dante
|-resisted|p1a: Dante
|-damage|p1a: Dante|49/100
|
|-weather|RainDance|[upkeep]
|upkeep
|turn|11
|j| leaf uwu
|inactive|EG Jhonx has 30 seconds left.
|inactive|EG Jhonx has 20 seconds left.
|l| leaf uwu
|inactive|EG Jhonx has 15 seconds left.
|inactive|EG Jhonx has 10 seconds left.
|
|t:|1733550966
|switch|p2a: Keldeo|Keldeo-Resolute|100/100
|move|p1a: Dante|Quiver Dance|p1a: Dante
|-boost|p1a: Dante|spa|1
|-boost|p1a: Dante|spd|1
|-boost|p1a: Dante|spe|1
|
|-weather|RainDance|[upkeep]
|upkeep
|turn|12
|inactive|EG Jhonx has 20 seconds left this turn.
|
|t:|1733550970
|move|p2a: Keldeo|Surf|p1a: Dante
|-supereffective|p1a: Dante
|-damage|p1a: Dante|0 fnt
|faint|p1a: Dante
|
|-weather|RainDance|[upkeep]
|upkeep
|inactive|EG Jhonx has 25 seconds left this turn.
|
|t:|1733550974
|switch|p1a: Verona|Toxicroak, F|100/100
|-damage|p1a: Verona|94/100|[from] Stealth Rock
|turn|13
|inactive|EG Jhonx has 30 seconds left.
|inactive|EG Jhonx has 20 seconds left.
|
|t:|1733550993
|switch|p2a: Garchomp|Garchomp, F|100/100
|move|p1a: Verona|Ice Punch|p2a: Garchomp
|-supereffective|p2a: Garchomp
|-damage|p2a: Garchomp|0 fnt
|-damage|p1a: Verona|82/100|[from] ability: Rough Skin|[of] p2a: Garchomp
|faint|p2a: Garchomp
|-damage|p1a: Verona|72/100|[from] item: Life Orb
|
|-weather|RainDance|[upkeep]
|-heal|p1a: Verona|85/100|[from] ability: Dry Skin
|upkeep
|inactive|EG Jhonx has 25 seconds left this turn.
|inactive|EG Jhonx has 20 seconds left.
|inactive|EG Jhonx has 15 seconds left.
|
|t:|1733551007
|switch|p2a: Politoed|Politoed, F|100/100
|turn|14
|inactive|EG Jhonx has 25 seconds left this turn.
|
|t:|1733551010
|move|p1a: Verona|Drain Punch|p2a: Politoed
|-damage|p2a: Politoed|36/100
|-heal|p1a: Verona|100/100|[from] drain|[of] p2a: Politoed
|-damage|p1a: Verona|91/100|[from] item: Life Orb
|move|p2a: Politoed|Ice Beam|p1a: Verona
|-damage|p1a: Verona|28/100
|
|-weather|RainDance|[upkeep]
|-heal|p1a: Verona|41/100|[from] ability: Dry Skin
|upkeep
|turn|15
|inactive|EG Jhonx has 30 seconds left.
|
|t:|1733551023
|move|p1a: Verona|Drain Punch|p2a: Politoed
|-damage|p2a: Politoed|0 fnt
|-heal|p1a: Verona|59/100|[from] drain|[of] p2a: Politoed
|faint|p2a: Politoed
|-damage|p1a: Verona|49/100|[from] item: Life Orb
|
|-weather|RainDance|[upkeep]
|-heal|p1a: Verona|61/100|[from] ability: Dry Skin
|upkeep
|inactive|EG Jhonx has 30 seconds left this turn.
|
|t:|1733551031
|switch|p2a: Keldeo|Keldeo-Resolute|100/100
|turn|16
|
|t:|1733551034
|move|p2a: Keldeo|Secret Sword|p1a: Verona
|-resisted|p1a: Verona
|-damage|p1a: Verona|30/100
|move|p1a: Verona|Drain Punch|p2a: Keldeo
|-damage|p2a: Keldeo|39/100
|-heal|p1a: Verona|62/100|[from] drain|[of] p2a: Keldeo
|-damage|p1a: Verona|52/100|[from] item: Life Orb
|
|-weather|RainDance|[upkeep]
|-heal|p1a: Verona|64/100|[from] ability: Dry Skin
|upkeep
|turn|17
|
|t:|1733551045
|move|p2a: Keldeo|Secret Sword|p1a: Verona
|-resisted|p1a: Verona
|-damage|p1a: Verona|32/100
|move|p1a: Verona|Drain Punch|p2a: Keldeo
|-damage|p2a: Keldeo|0 fnt
|-heal|p1a: Verona|52/100|[from] drain|[of] p2a: Keldeo
|faint|p2a: Keldeo
|-damage|p1a: Verona|42/100|[from] item: Life Orb
|
|-weather|RainDance|[upkeep]
|-heal|p1a: Verona|55/100|[from] ability: Dry Skin
|upkeep
|inactive|EG Jhonx has 30 seconds left.
|inactive|EG Jhonx has 20 seconds left.
|
|t:|1733551068
|switch|p2a: Starmie|Starmie|18/100
|turn|18
|inactive|EG Jhonx has 30 seconds left this turn.
|c|☆Hans Bloodsmith|Btw, I haven't mentioned before
|c|☆Hans Bloodsmith|You have cool profile pic
|
|t:|1733551080
|move|p1a: Verona|Sucker Punch|p2a: Starmie
|-supereffective|p2a: Starmie
|-damage|p2a: Starmie|0 fnt
|faint|p2a: Starmie
|-damage|p1a: Verona|45/100|[from] item: Life Orb
|
|-weather|RainDance|[upkeep]
|-heal|p1a: Verona|57/100|[from] ability: Dry Skin
|upkeep
|inactive|EG Jhonx has 30 seconds left.
|
|t:|1733551094
|switch|p2a: Jirachi|Jirachi|39/100 par
|turn|19
|c|☆Hans Bloodsmith|Tournament?
|
|t:|1733551098
|move|p1a: Verona|Drain Punch|p2a: Jirachi
|-damage|p2a: Jirachi|0 fnt
|-heal|p1a: Verona|82/100|[from] drain|[of] p2a: Jirachi
|faint|p2a: Jirachi
|-damage|p1a: Verona|72/100|[from] item: Life Orb
|
|win|Hans Bloodsmith
|raw|Hans Bloodsmith's rating: 1365 &rarr; <strong>1390</strong><br />(+25 for winning)
|raw|EG Jhonx's rating: 1455 &rarr; <strong>1430</strong><br />(-25 for losing)
|c|☆EG Jhonx|ye
|c|☆Hans Bloodsmith|Gg
|c|☆EG Jhonx|gg
|l|☆EG Jhonx
|player|p2|
