|j|☆fangqiang
|j|☆Blossummm
|t:|1716339757
|gametype|singles
|player|p1|fangqiang|lance|1327
|player|p2|Blossummm|roxie|1428
|teamsize|p1|6
|teamsize|p2|6
|gen|5
|tier|[Gen 5] OU
|rated|
|rule|Species Clause: Limit one of each Pokémon
|rule|OHKO Clause: OHKO moves are banned
|rule|Moody Clause: Moody is banned
|rule|Evasion Items Clause: Evasion items are banned
|rule|Evasion Moves Clause: Evasion moves are banned
|rule|Endless Battle Clause: Forcing endless battles is banned
|rule|HP Percentage Mod: HP is shown in percentages
|rule|Evasion Abilities Clause: Evasion abilities are banned
|rule|Sleep Moves Clause: Sleep-inducing moves are banned
|rule|Swagger Clause: Swagger is banned
|rule|Baton Pass Stat Clause: No Baton Passer may have a way to boost its stats
|clearpoke
|poke|p1|Tyranitar, F|item
|poke|p1|Landorus-Therian, M|item
|poke|p1|Excadrill, F|item
|poke|p1|Celebi|item
|poke|p1|Rotom-Wash|item
|poke|p1|Garchomp, M|item
|poke|p2|Tyranitar, F|item
|poke|p2|Alakazam, F|item
|poke|p2|Latios, M|item
|poke|p2|Ferrothorn, F|item
|poke|p2|Keldeo|item
|poke|p2|Landorus-Therian, M|item
|teampreview
|inactive|Battle timer is ON: inactive players will automatically lose when time's up. (requested by fangqiang)
|
|t:|1716339772
|start
|switch|p1a: Rotom|Rotom-Wash|100/100
|switch|p2a: Ferrothorn|Ferrothorn, F|100/100
|turn|1
|
|t:|1716339779
|move|p1a: Rotom|Volt Switch|p2a: Ferrothorn
|-resisted|p2a: Ferrothorn
|-damage|p2a: Ferrothorn|91/100
|
|t:|1716339783
|switch|p1a: Celebi|Celebi|100/100|[from] Volt Switch
|move|p2a: Ferrothorn|Power Whip|p1a: Celebi
|-resisted|p1a: Celebi
|-damage|p1a: Celebi|82/100
|
|-heal|p1a: Celebi|88/100|[from] item: Leftovers
|upkeep
|turn|2
|
|t:|1716339794
|move|p1a: Celebi|Stealth Rock|p2a: Ferrothorn
|-sidestart|p2: Blossummm|move: Stealth Rock
|move|p2a: Ferrothorn|Spikes|p1a: Celebi
|-sidestart|p1: fangqiang|Spikes
|
|-heal|p1a: Celebi|94/100|[from] item: Leftovers
|upkeep
|turn|3
|
|t:|1716339802
|move|p1a: Celebi|Baton Pass|p1a: Celebi
|
|t:|1716339804
|switch|p1a: Excadrill|Excadrill, F, shiny|100/100|[from] Baton Pass
|-damage|p1a: Excadrill|88/100|[from] Spikes
|move|p2a: Ferrothorn|Gyro Ball|p1a: Excadrill
|-resisted|p1a: Excadrill
|-damage|p1a: Excadrill|54/100
|
|-heal|p1a: Excadrill|60/100|[from] item: Leftovers
|upkeep
|turn|4
|
|t:|1716339825
|move|p1a: Excadrill|Earthquake|p2a: Ferrothorn
|-damage|p2a: Ferrothorn|56/100
|move|p2a: Ferrothorn|Power Whip|p1a: Excadrill
|-damage|p1a: Excadrill|7/100
|
|-heal|p1a: Excadrill|14/100|[from] item: Leftovers
|upkeep
|turn|5
|
|t:|1716339835
|move|p1a: Excadrill|Rapid Spin|p2a: Ferrothorn
|-resisted|p2a: Ferrothorn
|-damage|p2a: Ferrothorn|53/100
|-damage|p1a: Excadrill|1/100|[from] ability: Iron Barbs|[of] p2a: Ferrothorn
|-sideend|p1: fangqiang|Spikes|[from] move: Rapid Spin|[of] p1a: Excadrill
|move|p2a: Ferrothorn|Power Whip|p1a: Excadrill
|-damage|p1a: Excadrill|0 fnt
|faint|p1a: Excadrill
|
|upkeep
|
|t:|1716339845
|switch|p1a: Landorus|Landorus-Therian, M, shiny|100/100
|-ability|p1a: Landorus|Intimidate|boost
|-unboost|p2a: Ferrothorn|atk|1
|turn|6
|
|t:|1716339850
|move|p1a: Landorus|Earthquake|p2a: Ferrothorn
|-damage|p2a: Ferrothorn|17/100
|move|p2a: Ferrothorn|Spikes|p1a: Landorus
|-sidestart|p1: fangqiang|Spikes
|
|upkeep
|turn|7
|
|t:|1716339857
|move|p1a: Landorus|Earthquake|p2a: Ferrothorn
|-damage|p2a: Ferrothorn|0 fnt
|faint|p2a: Ferrothorn
|
|upkeep
|
|t:|1716339871
|switch|p2a: Keldeo|Keldeo|100/100
|-damage|p2a: Keldeo|94/100|[from] Stealth Rock
|turn|8
|
|t:|1716339876
|switch|p1a: Celebi|Celebi|94/100
|-damage|p1a: Celebi|82/100|[from] Spikes
|move|p2a: Keldeo|Scald|p1a: Celebi
|-resisted|p1a: Celebi
|-damage|p1a: Celebi|69/100
|
|-heal|p2a: Keldeo|100/100|[from] item: Leftovers
|-heal|p1a: Celebi|75/100|[from] item: Leftovers
|upkeep
|turn|9
|
|t:|1716339889
|switch|p2a: Tyranitar|Tyranitar, F, shiny|100/100
|-damage|p2a: Tyranitar|88/100|[from] Stealth Rock
|-weather|Sandstorm|[from] ability: Sand Stream|[of] p2a: Tyranitar
|move|p1a: Celebi|Psychic|p2a: Tyranitar
|-immune|p2a: Tyranitar
|
|-weather|Sandstorm|[upkeep]
|-damage|p1a: Celebi|69/100|[from] Sandstorm
|-heal|p1a: Celebi|75/100|[from] item: Leftovers
|upkeep
|turn|10
|inactive|Blossummm has 120 seconds left.
|
|t:|1716339922
|move|p1a: Celebi|Baton Pass|p1a: Celebi
|
|t:|1716339924
|switch|p1a: Landorus|Landorus-Therian, M, shiny|100/100|[from] Baton Pass
|-ability|p1a: Landorus|Intimidate|boost
|-unboost|p2a: Tyranitar|atk|1
|move|p2a: Tyranitar|Crunch|p1a: Landorus
|-crit|p1a: Landorus
|-damage|p1a: Landorus|12/100
|
|-weather|Sandstorm|[upkeep]
|-heal|p1a: Landorus|18/100|[from] item: Leftovers
|upkeep
|turn|11
|
|t:|1716339936
|move|p1a: Landorus|Earthquake|p2a: Tyranitar
|-supereffective|p2a: Tyranitar
|-damage|p2a: Tyranitar|8/100
|move|p2a: Tyranitar|Crunch|p1a: Landorus
|-damage|p1a: Landorus|0 fnt
|faint|p1a: Landorus
|
|-weather|Sandstorm|[upkeep]
|upkeep
|
|t:|1716339949
|switch|p1a: Rotom|Rotom-Wash|100/100
|turn|12
|
|t:|1716339953
|move|p1a: Rotom|Volt Switch|p2a: Tyranitar
|-damage|p2a: Tyranitar|0 fnt
|faint|p2a: Tyranitar
|
|t:|1716339968
|switch|p1a: Garchomp|Garchomp, M|100/100|[from] Volt Switch
|-damage|p1a: Garchomp|88/100|[from] Spikes
|
|-weather|Sandstorm|[upkeep]
|upkeep
|
|t:|1716339974
|switch|p2a: Landorus|Landorus-Therian, M|100/100
|-damage|p2a: Landorus|88/100|[from] Stealth Rock
|-ability|p2a: Landorus|Intimidate|boost
|-unboost|p1a: Garchomp|atk|1
|turn|13
|
|t:|1716339981
|switch|p1a: Rotom|Rotom-Wash|100/100
|move|p2a: Landorus|Hidden Power|p1a: Rotom
|-resisted|p1a: Rotom
|-damage|p1a: Rotom|92/100
|
|-weather|Sandstorm|[upkeep]
|-damage|p1a: Rotom|86/100|[from] Sandstorm
|-heal|p2a: Landorus|94/100|[from] item: Leftovers
|-heal|p1a: Rotom|92/100|[from] item: Leftovers
|upkeep
|turn|14
|
|t:|1716339992
|move|p2a: Landorus|U-turn|p1a: Rotom
|-damage|p1a: Rotom|72/100
|
|t:|1716340002
|switch|p2a: Alakazam|Alakazam, F|100/100|[from] U-turn
|move|p1a: Rotom|Hydro Pump|p2a: Alakazam|[miss]
|-miss|p1a: Rotom|p2a: Alakazam
|
|-weather|Sandstorm|[upkeep]
|-damage|p1a: Rotom|65/100|[from] Sandstorm
|-heal|p1a: Rotom|72/100|[from] item: Leftovers
|upkeep
|turn|15
|
|t:|1716340026
|switch|p1a: Tyranitar|Tyranitar, F, shiny|100/100
|-damage|p1a: Tyranitar|88/100|[from] Spikes
|move|p2a: Alakazam|Psychic|p1a: Tyranitar
|-immune|p1a: Tyranitar
|
|-weather|Sandstorm|[upkeep]
|upkeep
|turn|16
|
|t:|1716340034
|move|p2a: Alakazam|Grass Knot|p1a: Tyranitar
|-supereffective|p1a: Tyranitar
|-damage|p1a: Tyranitar|32/100
|move|p1a: Tyranitar|Pursuit|p2a: Alakazam
|-supereffective|p2a: Alakazam
|-damage|p2a: Alakazam|16/100
|
|-weather|Sandstorm|[upkeep]
|upkeep
|turn|17
|
|t:|1716340043
|move|p2a: Alakazam|Grass Knot|p1a: Tyranitar
|-supereffective|p1a: Tyranitar
|-damage|p1a: Tyranitar|0 fnt
|faint|p1a: Tyranitar
|
|-weather|Sandstorm|[upkeep]
|upkeep
|
|t:|1716340051
|switch|p1a: Garchomp|Garchomp, M|88/100
|-damage|p1a: Garchomp|76/100|[from] Spikes
|turn|18
|
|t:|1716340056
|move|p1a: Garchomp|Dual Chop|p2a: Alakazam
|-damage|p2a: Alakazam|0 fnt
|faint|p2a: Alakazam
|-hitcount|p2: Alakazam|1
|
|-weather|Sandstorm|[upkeep]
|upkeep
|
|t:|1716340066
|switch|p2a: Landorus|Landorus-Therian, M|94/100
|-damage|p2a: Landorus|82/100|[from] Stealth Rock
|-ability|p2a: Landorus|Intimidate|boost
|-unboost|p1a: Garchomp|atk|1
|turn|19
|
|t:|1716340073
|switch|p1a: Rotom|Rotom-Wash|72/100
|move|p2a: Landorus|Hidden Power|p1a: Rotom
|-resisted|p1a: Rotom
|-damage|p1a: Rotom|63/100
|
|-weather|Sandstorm|[upkeep]
|-damage|p1a: Rotom|57/100|[from] Sandstorm
|-heal|p2a: Landorus|88/100|[from] item: Leftovers
|-heal|p1a: Rotom|63/100|[from] item: Leftovers
|upkeep
|turn|20
|
|t:|1716340084
|move|p2a: Landorus|Stealth Rock|p1a: Rotom
|-sidestart|p1: fangqiang|move: Stealth Rock
|move|p1a: Rotom|Pain Split|p2a: Landorus
|-sethp|p2a: Landorus|73/100|[from] move: Pain Split|[silent]
|-sethp|p1a: Rotom|80/100|[from] move: Pain Split
|
|-weather|Sandstorm|[upkeep]
|-damage|p1a: Rotom|74/100|[from] Sandstorm
|-heal|p2a: Landorus|79/100|[from] item: Leftovers
|-heal|p1a: Rotom|80/100|[from] item: Leftovers
|upkeep
|turn|21
|
|t:|1716340095
|move|p2a: Landorus|U-turn|p1a: Rotom
|-damage|p1a: Rotom|61/100
|
|t:|1716340098
|switch|p2a: Keldeo|Keldeo|100/100|[from] U-turn
|-damage|p2a: Keldeo|94/100|[from] Stealth Rock
|move|p1a: Rotom|Hydro Pump|p2a: Keldeo
|-resisted|p2a: Keldeo
|-damage|p2a: Keldeo|70/100
|
|-weather|Sandstorm|[upkeep]
|-damage|p2a: Keldeo|63/100|[from] Sandstorm
|-damage|p1a: Rotom|54/100|[from] Sandstorm
|-heal|p2a: Keldeo|70/100|[from] item: Leftovers
|-heal|p1a: Rotom|61/100|[from] item: Leftovers
|upkeep
|turn|22
|
|t:|1716340112
|switch|p1a: Celebi|Celebi|75/100
|-damage|p1a: Celebi|62/100|[from] Spikes
|-damage|p1a: Celebi|50/100|[from] Stealth Rock
|move|p2a: Keldeo|Hidden Power|p1a: Celebi
|-resisted|p1a: Celebi
|-damage|p1a: Celebi|42/100
|
|-weather|Sandstorm|[upkeep]
|-damage|p2a: Keldeo|63/100|[from] Sandstorm
|-damage|p1a: Celebi|36/100|[from] Sandstorm
|-heal|p2a: Keldeo|70/100|[from] item: Leftovers
|-heal|p1a: Celebi|42/100|[from] item: Leftovers
|upkeep
|turn|23
|
|t:|1716340126
|move|p2a: Keldeo|Scald|p1a: Celebi
|-resisted|p1a: Celebi
|-damage|p1a: Celebi|30/100
|move|p1a: Celebi|Recover|p1a: Celebi
|-heal|p1a: Celebi|80/100
|
|-weather|Sandstorm|[upkeep]
|-damage|p2a: Keldeo|63/100|[from] Sandstorm
|-damage|p1a: Celebi|74/100|[from] Sandstorm
|-heal|p2a: Keldeo|70/100|[from] item: Leftovers
|-heal|p1a: Celebi|80/100|[from] item: Leftovers
|upkeep
|turn|24
|
|t:|1716340145
|move|p2a: Keldeo|Scald|p1a: Celebi
|-resisted|p1a: Celebi
|-damage|p1a: Celebi|68/100
|move|p1a: Celebi|Psychic|p2a: Keldeo
|-supereffective|p2a: Keldeo
|-damage|p2a: Keldeo|0 fnt
|faint|p2a: Keldeo
|
|-weather|Sandstorm|[upkeep]
|-damage|p1a: Celebi|61/100|[from] Sandstorm
|-heal|p1a: Celebi|68/100|[from] item: Leftovers
|upkeep
|
|t:|1716340150
|switch|p2a: Latios|Latios, M|100/100
|-damage|p2a: Latios|88/100|[from] Stealth Rock
|turn|25
|
|t:|1716340160
|move|p2a: Latios|Dragon Pulse|p1a: Celebi
|-damage|p1a: Celebi|40/100
|move|p1a: Celebi|Recover|p1a: Celebi
|-heal|p1a: Celebi|90/100
|
|-weather|Sandstorm|[upkeep]
|-damage|p2a: Latios|82/100|[from] Sandstorm
|-damage|p1a: Celebi|84/100|[from] Sandstorm
|-heal|p1a: Celebi|90/100|[from] item: Leftovers
|upkeep
|turn|26
|
|t:|1716340171
|switch|p2a: Landorus|Landorus-Therian, M|79/100
|-damage|p2a: Landorus|66/100|[from] Stealth Rock
|-ability|p2a: Landorus|Intimidate|boost
|-unboost|p1a: Celebi|atk|1
|move|p1a: Celebi|Psychic|p2a: Landorus
|-damage|p2a: Landorus|28/100
|
|-weather|Sandstorm|[upkeep]
|-damage|p1a: Celebi|84/100|[from] Sandstorm
|-heal|p2a: Landorus|34/100|[from] item: Leftovers
|-heal|p1a: Celebi|90/100|[from] item: Leftovers
|upkeep
|turn|27
|
|t:|1716340185
|switch|p1a: Rotom|Rotom-Wash|61/100
|-damage|p1a: Rotom|48/100|[from] Stealth Rock
|move|p2a: Landorus|U-turn|p1a: Rotom
|-crit|p1a: Rotom
|-damage|p1a: Rotom|10/100
|
|t:|1716340190
|switch|p2a: Latios|Latios, M|82/100|[from] U-turn
|-damage|p2a: Latios|70/100|[from] Stealth Rock
|
|-weather|Sandstorm|[upkeep]
|-damage|p2a: Latios|64/100|[from] Sandstorm
|-damage|p1a: Rotom|3/100|[from] Sandstorm
|-heal|p1a: Rotom|10/100|[from] item: Leftovers
|upkeep
|turn|28
|
|t:|1716340203
|move|p2a: Latios|Dragon Pulse|p1a: Rotom
|-damage|p1a: Rotom|0 fnt
|faint|p1a: Rotom
|
|-weather|Sandstorm|[upkeep]
|-damage|p2a: Latios|58/100|[from] Sandstorm
|upkeep
|
|t:|1716340210
|switch|p1a: Celebi|Celebi|90/100
|-damage|p1a: Celebi|77/100|[from] Spikes
|-damage|p1a: Celebi|65/100|[from] Stealth Rock
|turn|29
|
|t:|1716340222
|switch|p2a: Landorus|Landorus-Therian, M|34/100
|-damage|p2a: Landorus|22/100|[from] Stealth Rock
|-ability|p2a: Landorus|Intimidate|boost
|-unboost|p1a: Celebi|atk|1
|move|p1a: Celebi|Psychic|p2a: Landorus
|-damage|p2a: Landorus|0 fnt
|faint|p2a: Landorus
|
|-weather|Sandstorm|[upkeep]
|-damage|p1a: Celebi|59/100|[from] Sandstorm
|-heal|p1a: Celebi|65/100|[from] item: Leftovers
|upkeep
|
|t:|1716340231
|switch|p2a: Latios|Latios, M|58/100
|-damage|p2a: Latios|46/100|[from] Stealth Rock
|turn|30
|
|t:|1716340238
|move|p2a: Latios|Draco Meteor|p1a: Celebi
|-damage|p1a: Celebi|22/100
|-unboost|p2a: Latios|spa|2
|move|p1a: Celebi|Recover|p1a: Celebi
|-heal|p1a: Celebi|72/100
|
|-weather|Sandstorm|[upkeep]
|-damage|p2a: Latios|40/100|[from] Sandstorm
|-damage|p1a: Celebi|66/100|[from] Sandstorm
|-heal|p1a: Celebi|72/100|[from] item: Leftovers
|upkeep
|turn|31
|
|t:|1716340249
|move|p2a: Latios|Draco Meteor|p1a: Celebi
|-crit|p1a: Celebi
|-damage|p1a: Celebi|0 fnt
|-unboost|p2a: Latios|spa|2
|faint|p1a: Celebi
|
|-weather|Sandstorm|[upkeep]
|-damage|p2a: Latios|34/100|[from] Sandstorm
|upkeep
|
|t:|1716340258
|switch|p1a: Garchomp|Garchomp, M|76/100
|-damage|p1a: Garchomp|64/100|[from] Spikes
|-damage|p1a: Garchomp|57/100|[from] Stealth Rock
|turn|32
|
|t:|1716340264
|move|p2a: Latios|Draco Meteor|p1a: Garchomp
|-supereffective|p1a: Garchomp
|-damage|p1a: Garchomp|0 fnt
|-unboost|p2a: Latios|spa|2
|faint|p1a: Garchomp
|
|win|Blossummm
|raw|fangqiang's rating: 1327 &rarr; <strong>1313</strong><br />(-14 for losing)
|raw|Blossummm's rating: 1428 &rarr; <strong>1442</strong><br />(+14 for winning)
