|j|☆Asclepias
|j|☆PorigonG
|t:|1740015597
|gametype|singles
|player|p1|Asclepias|morty-gen2|1315
|player|p2|PorigonG|red|1263
|teamsize|p1|6
|teamsize|p2|6
|gen|5
|tier|[Gen 5] OU
|rated|
|rule|Species Clause: Limit one of each Pokémon
|rule|OHKO Clause: OHKO moves are banned
|rule|Moody Clause: Moody is banned
|rule|Evasion Items Clause: Evasion items are banned
|rule|Evasion Moves Clause: Evasion moves are banned
|rule|Endless Battle Clause: Forcing endless battles is banned
|rule|HP Percentage Mod: HP is shown in percentages
|rule|Evasion Abilities Clause: Evasion abilities are banned
|rule|Sleep Moves Clause: Sleep-inducing moves are banned
|rule|Swagger Clause: Swagger is banned
|rule|Baton Pass Stat Clause: No Baton Passer may have a way to boost its stats
|clearpoke
|poke|p1|Politoed, M|item
|poke|p1|Tentacruel, F|item
|poke|p1|Ferrothorn, M|item
|poke|p1|Keldeo-Resolute|item
|poke|p1|Thundurus-Therian, M|item
|poke|p1|Latios, M|item
|poke|p2|Magnezone|item
|poke|p2|Latios, M|item
|poke|p2|Dragonite, F|item
|poke|p2|Garchomp, F|item
|poke|p2|Scizor, M|item
|poke|p2|Mamoswine, F|item
|teampreview
|inactive|Battle timer is ON: inactive players will automatically lose when time's up. (requested by Asclepias)
|
|t:|1740015609
|start
|switch|p1a: tcp|Politoed, M, shiny|100/100
|switch|p2a: Latios|Latios, M|100/100
|-weather|RainDance|[from] ability: Drizzle|[of] p1a: tcp
|turn|1
|inactive|Asclepias has 120 seconds left.
|
|t:|1740015641
|move|p1a: tcp|Protect|p1a: tcp
|-singleturn|p1a: tcp|Protect
|move|p2a: Latios|Draco Meteor|p1a: tcp
|-activate|p1a: tcp|move: Protect
|
|-weather|RainDance|[upkeep]
|upkeep
|turn|2
|
|t:|1740015648
|switch|p1a: ipv4|Ferrothorn, M, shiny|100/100
|move|p2a: Latios|Draco Meteor|p1a: ipv4
|-resisted|p1a: ipv4
|-damage|p1a: ipv4|72/100
|-unboost|p2a: Latios|spa|2
|-damage|p2a: Latios|91/100|[from] item: Life Orb
|
|-weather|RainDance|[upkeep]
|-heal|p1a: ipv4|79/100|[from] item: Leftovers
|upkeep
|turn|3
|
|t:|1740015658
|switch|p2a: Magnezone|Magnezone|100/100
|switch|p1a: ssh|Keldeo-Resolute|100/100
|
|-weather|RainDance|[upkeep]
|upkeep
|turn|4
|
|t:|1740015661
|move|p1a: ssh|Secret Sword|p2a: Magnezone
|-supereffective|p2a: Magnezone
|-damage|p2a: Magnezone|4/100
|move|p2a: Magnezone|Volt Switch|p1a: ssh
|-supereffective|p1a: ssh
|-damage|p1a: ssh|15/100
|
|t:|1740015670
|switch|p2a: Dragonite|Dragonite, F|100/100|[from] Volt Switch
|
|-weather|RainDance|[upkeep]
|upkeep
|turn|5
|
|t:|1740015675
|switch|p1a: ipv4|Ferrothorn, M, shiny|79/100
|switch|p2a: Magnezone|Magnezone|4/100
|
|-weather|RainDance|[upkeep]
|-heal|p1a: ipv4|85/100|[from] item: Leftovers
|upkeep
|turn|6
|
|t:|1740015679
|move|p2a: Magnezone|Hidden Power|p1a: ipv4
|-supereffective|p1a: ipv4
|-damage|p1a: ipv4|52/100
|move|p1a: ipv4|Knock Off|p2a: Magnezone
|-resisted|p2a: Magnezone
|-damage|p2a: Magnezone|1/100
|-enditem|p2a: Magnezone|Choice Scarf|[from] move: Knock Off|[of] p1a: ipv4
|
|-weather|RainDance|[upkeep]
|-heal|p1a: ipv4|58/100|[from] item: Leftovers
|upkeep
|turn|7
|
|t:|1740015685
|move|p2a: Magnezone|Hidden Power|p1a: ipv4
|-supereffective|p1a: ipv4
|-damage|p1a: ipv4|29/100
|move|p1a: ipv4|Knock Off|p2a: Magnezone
|-resisted|p2a: Magnezone
|-damage|p2a: Magnezone|0 fnt
|faint|p2a: Magnezone
|
|-weather|RainDance|[upkeep]
|-heal|p1a: ipv4|35/100|[from] item: Leftovers
|upkeep
|
|t:|1740015690
|switch|p2a: Scizor|Scizor, M|100/100
|turn|8
|
|t:|1740015692
|switch|p1a: udp|Tentacruel, F|100/100
|move|p2a: Scizor|Swords Dance|p2a: Scizor
|-boost|p2a: Scizor|atk|2
|
|-weather|RainDance|[upkeep]
|upkeep
|turn|9
|
|t:|1740015698
|move|p1a: udp|Scald|p2a: Scizor
|-damage|p2a: Scizor|61/100
|move|p2a: Scizor|Swords Dance|p2a: Scizor
|-boost|p2a: Scizor|atk|2
|
|-weather|RainDance|[upkeep]
|upkeep
|turn|10
|j| edgjoyfxgfc
|
|t:|1740015702
|move|p1a: udp|Scald|p2a: Scizor
|-damage|p2a: Scizor|19/100
|-status|p2a: Scizor|brn
|-enditem|p2a: Scizor|Lum Berry|[eat]
|-curestatus|p2a: Scizor|brn|[msg]
|move|p2a: Scizor|Bug Bite|p1a: udp
|-resisted|p1a: udp
|-crit|p1a: udp
|-damage|p1a: udp|0 fnt
|faint|p1a: udp
|
|-weather|RainDance|[upkeep]
|upkeep
|
|t:|1740015712
|switch|p1a: ipv6|Thundurus-Therian, M|100/100
|turn|11
|
|t:|1740015715
|move|p2a: Scizor|Bullet Punch|p1a: ipv6
|-resisted|p1a: ipv6
|-damage|p1a: ipv6|42/100
|move|p1a: ipv6|Thunder|p2a: Scizor
|-damage|p2a: Scizor|0 fnt
|faint|p2a: Scizor
|
|-weather|RainDance|[upkeep]
|-heal|p1a: ipv6|48/100|[from] item: Leftovers
|upkeep
|
|t:|1740015718
|switch|p2a: Mamoswine|Mamoswine, F|100/100
|turn|12
|
|t:|1740015724
|switch|p1a: tcp|Politoed, M, shiny|100/100
|move|p2a: Mamoswine|Stealth Rock|p1a: tcp
|-sidestart|p1: Asclepias|move: Stealth Rock
|
|-weather|RainDance|[upkeep]
|upkeep
|turn|13
|
|t:|1740015729
|switch|p2a: Latios|Latios, M|91/100
|move|p1a: tcp|Toxic|p2a: Latios
|-status|p2a: Latios|tox
|
|-weather|RainDance|[upkeep]
|-damage|p2a: Latios|85/100 tox|[from] psn
|upkeep
|turn|14
|
|t:|1740015735
|move|p1a: tcp|Protect|p1a: tcp
|-singleturn|p1a: tcp|Protect
|move|p2a: Latios|Draco Meteor|p1a: tcp
|-activate|p1a: tcp|move: Protect
|
|-weather|RainDance|[upkeep]
|-damage|p2a: Latios|73/100 tox|[from] psn
|upkeep
|turn|15
|
|t:|1740015743
|move|p2a: Latios|Draco Meteor|p1a: tcp
|-damage|p1a: tcp|28/100
|-unboost|p2a: Latios|spa|2
|-damage|p2a: Latios|63/100 tox|[from] item: Life Orb
|move|p1a: tcp|Encore|p2a: Latios
|-start|p2a: Latios|Encore
|
|-weather|RainDance|[upkeep]
|-heal|p1a: tcp|34/100|[from] item: Leftovers
|-damage|p2a: Latios|45/100 tox|[from] psn
|upkeep
|turn|16
|
|t:|1740015752
|switch|p2a: Garchomp|Garchomp, F|100/100
|move|p1a: tcp|Protect||[still]
|-fail|p1a: tcp
|
|-weather|RainDance|[upkeep]
|-heal|p1a: tcp|40/100|[from] item: Leftovers
|upkeep
|turn|17
|
|t:|1740015758
|move|p1a: tcp|Protect|p1a: tcp
|-singleturn|p1a: tcp|Protect
|move|p2a: Garchomp|Outrage|p1a: tcp
|-activate|p1a: tcp|move: Protect
|
|-weather|RainDance|[upkeep]
|-heal|p1a: tcp|46/100|[from] item: Leftovers
|upkeep
|turn|18
|
|t:|1740015768
|switch|p1a: ipv4|Ferrothorn, M, shiny|35/100
|-damage|p1a: ipv4|29/100|[from] Stealth Rock
|move|p2a: Garchomp|Earthquake|p1a: ipv4
|-damage|p1a: ipv4|0 fnt
|faint|p1a: ipv4
|
|-weather|RainDance|[upkeep]
|upkeep
|
|t:|1740015773
|switch|p1a: ipv6|Thundurus-Therian, M|48/100
|-damage|p1a: ipv6|24/100|[from] Stealth Rock
|turn|19
|
|t:|1740015777
|switch|p2a: Latios|Latios, M|45/100 tox
|move|p1a: ipv6|Hidden Power|p2a: Latios
|-supereffective|p2a: Latios
|-damage|p2a: Latios|0 fnt
|faint|p2a: Latios
|
|-weather|RainDance|[upkeep]
|-heal|p1a: ipv6|30/100|[from] item: Leftovers
|upkeep
|
|t:|1740015779
|switch|p2a: Mamoswine|Mamoswine, F|100/100
|turn|20
|
|t:|1740015784
|move|p1a: ipv6|Hidden Power|p2a: Mamoswine
|-damage|p2a: Mamoswine|82/100
|move|p2a: Mamoswine|Earthquake|p1a: ipv6
|-immune|p1a: ipv6
|
|-weather|RainDance|[upkeep]
|-heal|p1a: ipv6|36/100|[from] item: Leftovers
|upkeep
|turn|21
|
|t:|1740015787
|move|p2a: Mamoswine|Ice Shard|p1a: ipv6
|-supereffective|p1a: ipv6
|-damage|p1a: ipv6|0 fnt
|faint|p1a: ipv6
|
|-weather|RainDance|[upkeep]
|upkeep
|
|t:|1740015795
|switch|p1a: ssh|Keldeo-Resolute|15/100
|-damage|p1a: ssh|9/100|[from] Stealth Rock
|turn|22
|
|t:|1740015799
|move|p2a: Mamoswine|Ice Shard|p1a: ssh
|-resisted|p1a: ssh
|-damage|p1a: ssh|0 fnt
|faint|p1a: ssh
|
|-weather|RainDance|[upkeep]
|upkeep
|
|t:|1740015801
|switch|p1a: tcp|Politoed, M, shiny|46/100
|-damage|p1a: tcp|34/100|[from] Stealth Rock
|turn|23
|
|t:|1740015804
|move|p2a: Mamoswine|Earthquake|p1a: tcp
|-damage|p1a: tcp|0 fnt
|faint|p1a: tcp
|
|-weather|RainDance|[upkeep]
|upkeep
|
|t:|1740015809
|switch|p1a: dhcp|Latios, M|100/100
|-damage|p1a: dhcp|88/100|[from] Stealth Rock
|turn|24
|
|t:|1740015812
|move|p2a: Mamoswine|Ice Shard|p1a: dhcp
|-supereffective|p1a: dhcp
|-damage|p1a: dhcp|22/100
|move|p1a: dhcp|Dragon Pulse|p2a: Mamoswine
|-damage|p2a: Mamoswine|0 fnt
|faint|p2a: Mamoswine
|
|-weather|RainDance|[upkeep]
|upkeep
|
|t:|1740015816
|switch|p2a: Dragonite|Dragonite, F|100/100
|turn|25
|
|t:|1740015818
|move|p1a: dhcp|Dragon Pulse|p2a: Dragonite
|-supereffective|p2a: Dragonite
|-damage|p2a: Dragonite|49/100
|move|p2a: Dragonite|Dragon Claw|p1a: dhcp
|-supereffective|p1a: dhcp
|-damage|p1a: dhcp|0 fnt
|faint|p1a: dhcp
|
|win|PorigonG
|raw|Asclepias's rating: 1315 &rarr; <strong>1292</strong><br />(-23 for losing)
|raw|PorigonG's rating: 1263 &rarr; <strong>1292</strong><br />(+29 for winning)
|c|☆Asclepias|gg
