|j|☆JeffBeStraight01
|j|☆Draco Bombers
|t:|1716047573
|gametype|singles
|player|p1|JeffBeStraight01|shelly|1263
|player|p2|Draco Bombers|blue-gen2|1323
|teamsize|p1|6
|teamsize|p2|6
|gen|5
|tier|[Gen 5] OU
|rated|
|rule|Species Clause: Limit one of each Pokémon
|rule|OHKO Clause: OHKO moves are banned
|rule|Moody Clause: Moody is banned
|rule|Evasion Items Clause: Evasion items are banned
|rule|Evasion Moves Clause: Evasion moves are banned
|rule|Endless Battle Clause: Forcing endless battles is banned
|rule|HP Percentage Mod: HP is shown in percentages
|rule|Evasion Abilities Clause: Evasion abilities are banned
|rule|Sleep Moves Clause: Sleep-inducing moves are banned
|rule|Swagger Clause: Swagger is banned
|rule|Baton Pass Stat Clause: No Baton Passer may have a way to boost its stats
|clearpoke
|poke|p1|Tyranitar, M|item
|poke|p1|Skarmory, M|item
|poke|p1|Reuniclus, M|item
|poke|p1|Alakazam, F|item
|poke|p1|Gliscor, M|item
|poke|p1|Gastrodon, M|item
|poke|p2|Tyranitar, M|item
|poke|p2|Alakazam, M|item
|poke|p2|Latios, M|item
|poke|p2|Ferrothorn, F|item
|poke|p2|Landorus-Therian, M|item
|poke|p2|Jellicent, M|item
|teampreview
|inactive|Battle timer is ON: inactive players will automatically lose when time's up. (requested by JeffBeStraight01)
|
|t:|1716047596
|start
|switch|p1a: Gliscor|Gliscor, M|100/100
|switch|p2a: Pringles|Jellicent, M, shiny|100/100
|turn|1
|
|t:|1716047612
|move|p1a: Gliscor|Protect|p1a: Gliscor
|-singleturn|p1a: Gliscor|Protect
|move|p2a: Pringles|Will-O-Wisp|p1a: Gliscor
|-activate|p1a: Gliscor|move: Protect
|
|-status|p1a: Gliscor|tox|[from] item: Toxic Orb
|upkeep
|turn|2
|
|t:|1716047615
|move|p1a: Gliscor|Stealth Rock|p2a: Pringles
|-sidestart|p2: Draco Bombers|move: Stealth Rock
|move|p2a: Pringles|Taunt|p1a: Gliscor
|-start|p1a: Gliscor|move: Taunt
|
|upkeep
|turn|3
|
|t:|1716047629
|switch|p2a: The Attic|Landorus-Therian, M|100/100
|-damage|p2a: The Attic|88/100|[from] Stealth Rock
|-ability|p2a: The Attic|Intimidate|boost
|-unboost|p1a: Gliscor|atk|1
|move|p1a: Gliscor|Knock Off|p2a: The Attic
|-damage|p2a: The Attic|85/100
|-enditem|p2a: The Attic|Leftovers|[from] move: Knock Off|[of] p1a: Gliscor
|
|upkeep
|turn|4
|
|t:|1716047641
|switch|p1a: Skarmory|Skarmory, M|100/100
|move|p2a: The Attic|Stealth Rock|p1a: Skarmory
|-sidestart|p1: JeffBeStraight01|move: Stealth Rock
|
|upkeep
|turn|5
|
|t:|1716047652
|move|p2a: The Attic|U-turn|p1a: Skarmory
|-resisted|p1a: Skarmory
|-damage|p1a: Skarmory|96/100
|
|t:|1716047680
|switch|p2a: Paper Plane|Latios, M|100/100|[from] U-turn
|-damage|p2a: Paper Plane|88/100|[from] Stealth Rock
|move|p1a: Skarmory|Spikes|p2a: Paper Plane
|-sidestart|p2: Draco Bombers|Spikes
|
|-heal|p1a: Skarmory|100/100|[from] item: Leftovers
|upkeep
|turn|6
|
|t:|1716047685
|switch|p1a: Tyranitar|Tyranitar, M|100/100
|-damage|p1a: Tyranitar|88/100|[from] Stealth Rock
|-weather|Sandstorm|[from] ability: Sand Stream|[of] p1a: Tyranitar
|move|p2a: Paper Plane|Surf|p1a: Tyranitar
|-supereffective|p1a: Tyranitar
|-damage|p1a: Tyranitar|56/100
|
|-weather|Sandstorm|[upkeep]
|-damage|p2a: Paper Plane|82/100|[from] Sandstorm
|upkeep
|turn|7
|
|t:|1716047689
|move|p2a: Paper Plane|Surf|p1a: Tyranitar
|-supereffective|p1a: Tyranitar
|-crit|p1a: Tyranitar
|-damage|p1a: Tyranitar|0 fnt
|faint|p1a: Tyranitar
|
|-weather|Sandstorm|[upkeep]
|-damage|p2a: Paper Plane|76/100|[from] Sandstorm
|upkeep
|
|t:|1716047694
|switch|p1a: Gastrodon|Gastrodon, M|100/100
|-damage|p1a: Gastrodon|94/100|[from] Stealth Rock
|turn|8
|
|t:|1716047716
|switch|p2a: Pringles|Jellicent, M, shiny|100/100
|-damage|p2a: Pringles|88/100|[from] Stealth Rock
|-damage|p2a: Pringles|76/100|[from] Spikes
|move|p1a: Gastrodon|Earth Power|p2a: Pringles
|-damage|p2a: Pringles|54/100
|
|-weather|Sandstorm|[upkeep]
|-damage|p2a: Pringles|48/100|[from] Sandstorm
|-heal|p2a: Pringles|54/100|[from] item: Leftovers
|-heal|p1a: Gastrodon|100/100|[from] item: Leftovers
|upkeep
|turn|9
|
|t:|1716047722
|move|p2a: Pringles|Taunt|p1a: Gastrodon
|-start|p1a: Gastrodon|move: Taunt
|move|p1a: Gastrodon|Earth Power|p2a: Pringles
|-crit|p2a: Pringles
|-damage|p2a: Pringles|9/100
|
|-weather|Sandstorm|[upkeep]
|-damage|p2a: Pringles|3/100|[from] Sandstorm
|-heal|p2a: Pringles|9/100|[from] item: Leftovers
|upkeep
|turn|10
|
|t:|1716047728
|move|p2a: Pringles|Recover|p2a: Pringles
|-heal|p2a: Pringles|60/100
|move|p1a: Gastrodon|Earth Power|p2a: Pringles
|-damage|p2a: Pringles|36/100
|
|-weather|Sandstorm|[upkeep]
|-damage|p2a: Pringles|30/100|[from] Sandstorm
|-heal|p2a: Pringles|36/100|[from] item: Leftovers
|upkeep
|turn|11
|
|t:|1716047752
|move|p2a: Pringles|Will-O-Wisp|p1a: Gastrodon|[miss]
|-miss|p2a: Pringles|p1a: Gastrodon
|move|p1a: Gastrodon|Earth Power|p2a: Pringles
|-damage|p2a: Pringles|11/100
|
|-weather|Sandstorm|[upkeep]
|-damage|p2a: Pringles|5/100|[from] Sandstorm
|-heal|p2a: Pringles|11/100|[from] item: Leftovers
|-end|p1a: Gastrodon|move: Taunt
|upkeep
|turn|12
|
|t:|1716047766
|move|p2a: Pringles|Will-O-Wisp|p1a: Gastrodon|[miss]
|-miss|p2a: Pringles|p1a: Gastrodon
|move|p1a: Gastrodon|Earth Power|p2a: Pringles
|-damage|p2a: Pringles|0 fnt
|faint|p2a: Pringles
|
|-weather|Sandstorm|[upkeep]
|upkeep
|
|t:|1716047769
|switch|p2a: Lego Bricks|Ferrothorn, F, shiny|100/100
|-damage|p2a: Lego Bricks|94/100|[from] Stealth Rock
|-damage|p2a: Lego Bricks|82/100|[from] Spikes
|turn|13
|
|t:|1716047774
|switch|p1a: Gliscor|Gliscor, M|100/100 tox
|-damage|p1a: Gliscor|88/100 tox|[from] Stealth Rock
|move|p2a: Lego Bricks|Spikes|p1a: Gliscor
|-sidestart|p1: JeffBeStraight01|Spikes
|
|-weather|Sandstorm|[upkeep]
|-heal|p2a: Lego Bricks|88/100|[from] item: Leftovers
|-heal|p1a: Gliscor|100/100 tox|[from] ability: Poison Heal
|upkeep
|turn|14
|
|t:|1716047784
|switch|p2a: The Attic|Landorus-Therian, M|85/100
|-damage|p2a: The Attic|73/100|[from] Stealth Rock
|-ability|p2a: The Attic|Intimidate|boost
|-unboost|p1a: Gliscor|atk|1
|move|p1a: Gliscor|Knock Off|p2a: The Attic
|-damage|p2a: The Attic|70/100
|
|-weather|Sandstorm|[upkeep]
|upkeep
|turn|15
|
|t:|1716047792
|switch|p1a: Skarmory|Skarmory, M|100/100
|-damage|p1a: Skarmory|88/100|[from] Stealth Rock
|move|p2a: The Attic|Hidden Power|p1a: Skarmory
|-damage|p1a: Skarmory|74/100
|
|-weather|Sandstorm|[upkeep]
|-heal|p1a: Skarmory|80/100|[from] item: Leftovers
|upkeep
|turn|16
|
|t:|1716047800
|move|p2a: The Attic|U-turn|p1a: Skarmory
|-resisted|p1a: Skarmory
|-damage|p1a: Skarmory|75/100
|
|t:|1716047814
|switch|p2a: Lego Bricks|Ferrothorn, F, shiny|88/100|[from] U-turn
|-damage|p2a: Lego Bricks|82/100|[from] Stealth Rock
|-damage|p2a: Lego Bricks|69/100|[from] Spikes
|move|p1a: Skarmory|Whirlwind|p2a: Lego Bricks
|drag|p2a: The Attic|Landorus-Therian, M|70/100
|-damage|p2a: The Attic|57/100|[from] Stealth Rock
|-ability|p2a: The Attic|Intimidate|boost
|-unboost|p1a: Skarmory|atk|1
|
|-weather|Sandstorm|[upkeep]
|-heal|p1a: Skarmory|81/100|[from] item: Leftovers
|upkeep
|turn|17
|
|t:|1716047827
|move|p2a: The Attic|U-turn|p1a: Skarmory
|-resisted|p1a: Skarmory
|-damage|p1a: Skarmory|77/100
|
|t:|1716047831
|switch|p2a: Paper Plane|Latios, M|76/100|[from] U-turn
|-damage|p2a: Paper Plane|64/100|[from] Stealth Rock
|move|p1a: Skarmory|Spikes|p2a: Paper Plane
|-sidestart|p2: Draco Bombers|Spikes
|
|-weather|Sandstorm|[upkeep]
|-damage|p2a: Paper Plane|58/100|[from] Sandstorm
|-heal|p1a: Skarmory|83/100|[from] item: Leftovers
|upkeep
|turn|18
|
|t:|1716047841
|switch|p1a: Gastrodon|Gastrodon, M|100/100
|-damage|p1a: Gastrodon|94/100|[from] Stealth Rock
|-damage|p1a: Gastrodon|82/100|[from] Spikes
|move|p2a: Paper Plane|Trick|p1a: Gastrodon
|-activate|p2a: Paper Plane|move: Trick|[of] p1a: Gastrodon
|-item|p1a: Gastrodon|Choice Scarf|[from] move: Trick
|-item|p2a: Paper Plane|Leftovers|[from] move: Trick
|
|-weather|Sandstorm|[upkeep]
|-damage|p2a: Paper Plane|52/100|[from] Sandstorm
|-heal|p2a: Paper Plane|58/100|[from] item: Leftovers
|upkeep
|turn|19
|
|t:|1716047848
|move|p2a: Paper Plane|Recover|p2a: Paper Plane
|-heal|p2a: Paper Plane|100/100
|move|p1a: Gastrodon|Scald|p2a: Paper Plane
|-resisted|p2a: Paper Plane
|-damage|p2a: Paper Plane|87/100
|
|-weather|Sandstorm|[upkeep]
|-damage|p2a: Paper Plane|81/100|[from] Sandstorm
|-heal|p2a: Paper Plane|87/100|[from] item: Leftovers
|upkeep
|turn|20
|
|t:|1716047859
|move|p2a: Paper Plane|Draco Meteor|p1a: Gastrodon
|-damage|p1a: Gastrodon|18/100
|-unboost|p2a: Paper Plane|spa|2
|move|p1a: Gastrodon|Scald|p2a: Paper Plane
|-resisted|p2a: Paper Plane
|-damage|p2a: Paper Plane|73/100
|-status|p2a: Paper Plane|brn
|
|-weather|Sandstorm|[upkeep]
|-damage|p2a: Paper Plane|67/100 brn|[from] Sandstorm
|-heal|p2a: Paper Plane|73/100 brn|[from] item: Leftovers
|-damage|p2a: Paper Plane|60/100 brn|[from] brn
|upkeep
|turn|21
|
|t:|1716047866
|move|p2a: Paper Plane|Draco Meteor|p1a: Gastrodon
|-damage|p1a: Gastrodon|0 fnt
|-unboost|p2a: Paper Plane|spa|2
|faint|p1a: Gastrodon
|
|-weather|Sandstorm|[upkeep]
|-damage|p2a: Paper Plane|54/100 brn|[from] Sandstorm
|-heal|p2a: Paper Plane|60/100 brn|[from] item: Leftovers
|-damage|p2a: Paper Plane|48/100 brn|[from] brn
|upkeep
|
|t:|1716047870
|switch|p1a: Reuniclus|Reuniclus, M, shiny|100/100
|turn|22
|
|t:|1716047890
|switch|p2a: The Attic|Landorus-Therian, M|57/100
|-damage|p2a: The Attic|45/100|[from] Stealth Rock
|-ability|p2a: The Attic|Intimidate|boost
|-unboost|p1a: Reuniclus|atk|1
|move|p1a: Reuniclus|Calm Mind|p1a: Reuniclus
|-boost|p1a: Reuniclus|spa|1
|-boost|p1a: Reuniclus|spd|1
|
|-weather|Sandstorm|[upkeep]
|upkeep
|turn|23
|
|t:|1716047894
|move|p2a: The Attic|Earthquake|p1a: Reuniclus
|-damage|p1a: Reuniclus|70/100
|move|p1a: Reuniclus|Thunder|p2a: The Attic
|-immune|p2a: The Attic
|
|-weather|Sandstorm|[upkeep]
|-heal|p1a: Reuniclus|76/100|[from] item: Leftovers
|upkeep
|turn|24
|
|t:|1716047900
|move|p2a: The Attic|Earthquake|p1a: Reuniclus
|-damage|p1a: Reuniclus|44/100
|move|p1a: Reuniclus|Recover|p1a: Reuniclus
|-heal|p1a: Reuniclus|94/100
|
|-weather|Sandstorm|[upkeep]
|-heal|p1a: Reuniclus|100/100|[from] item: Leftovers
|upkeep
|turn|25
|
|t:|1716047907
|move|p2a: The Attic|U-turn|p1a: Reuniclus
|-supereffective|p1a: Reuniclus
|-damage|p1a: Reuniclus|70/100
|
|t:|1716047910
|switch|p2a: MechaGodzilla|Tyranitar, M|100/100|[from] U-turn
|-damage|p2a: MechaGodzilla|88/100|[from] Stealth Rock
|-damage|p2a: MechaGodzilla|71/100|[from] Spikes
|move|p1a: Reuniclus|Psyshock|p2a: MechaGodzilla
|-immune|p2a: MechaGodzilla
|
|-weather|Sandstorm|[upkeep]
|-heal|p1a: Reuniclus|76/100|[from] item: Leftovers
|upkeep
|turn|26
|
|t:|1716047912
|move|p2a: MechaGodzilla|Crunch|p1a: Reuniclus
|-supereffective|p1a: Reuniclus
|-damage|p1a: Reuniclus|20/100
|move|p1a: Reuniclus|Thunder|p2a: MechaGodzilla
|-damage|p2a: MechaGodzilla|48/100
|
|-weather|Sandstorm|[upkeep]
|-heal|p1a: Reuniclus|26/100|[from] item: Leftovers
|upkeep
|turn|27
|
|t:|1716047920
|-activate|p1a: Reuniclus|move: Pursuit
|move|p2a: MechaGodzilla|Pursuit|p1a: Reuniclus|[from]Pursuit
|-supereffective|p1a: Reuniclus
|-damage|p1a: Reuniclus|0 fnt
|faint|p1a: Reuniclus
|-hint|A Pokemon can't switch between when it runs out of HP and when it faints
|
|-weather|Sandstorm|[upkeep]
|upkeep
|
|t:|1716047924
|switch|p1a: Gliscor|Gliscor, M|100/100 tox
|-damage|p1a: Gliscor|88/100 tox|[from] Stealth Rock
|turn|28
|
|t:|1716047939
|move|p1a: Gliscor|Earthquake|p2a: MechaGodzilla
|-supereffective|p2a: MechaGodzilla
|-damage|p2a: MechaGodzilla|0 fnt
|faint|p2a: MechaGodzilla
|
|-weather|Sandstorm|[upkeep]
|-heal|p1a: Gliscor|100/100 tox|[from] ability: Poison Heal
|upkeep
|
|t:|1716047943
|switch|p2a: Action Figure|Alakazam, M|100/100
|turn|29
|
|t:|1716047947
|move|p2a: Action Figure|Hidden Power|p1a: Gliscor
|-supereffective|p1a: Gliscor
|-damage|p1a: Gliscor|0 fnt
|faint|p1a: Gliscor
|
|-weather|Sandstorm|[upkeep]
|upkeep
|
|t:|1716047951
|switch|p1a: Skarmory|Skarmory, M|83/100
|-damage|p1a: Skarmory|71/100|[from] Stealth Rock
|turn|30
|
|t:|1716047966
|switch|p2a: The Attic|Landorus-Therian, M|45/100
|-damage|p2a: The Attic|32/100|[from] Stealth Rock
|-ability|p2a: The Attic|Intimidate|boost
|-unboost|p1a: Skarmory|atk|1
|move|p1a: Skarmory|Brave Bird|p2a: The Attic
|-damage|p2a: The Attic|11/100
|-damage|p1a: Skarmory|63/100|[from] Recoil
|
|-weather|Sandstorm|[upkeep]
|-heal|p1a: Skarmory|69/100|[from] item: Leftovers
|upkeep
|turn|31
|
|t:|1716047977
|move|p2a: The Attic|Hidden Power|p1a: Skarmory
|-damage|p1a: Skarmory|53/100
|move|p1a: Skarmory|Roost|p1a: Skarmory
|-heal|p1a: Skarmory|100/100
|-singleturn|p1a: Skarmory|move: Roost
|
|-weather|Sandstorm|[upkeep]
|upkeep
|turn|32
|
|t:|1716047989
|move|p2a: The Attic|Hidden Power|p1a: Skarmory
|-damage|p1a: Skarmory|85/100
|move|p1a: Skarmory|Whirlwind|p2a: The Attic
|drag|p2a: Lego Bricks|Ferrothorn, F, shiny|69/100
|-damage|p2a: Lego Bricks|63/100|[from] Stealth Rock
|-damage|p2a: Lego Bricks|47/100|[from] Spikes
|
|-weather|Sandstorm|[upkeep]
|-heal|p1a: Skarmory|91/100|[from] item: Leftovers
|-heal|p2a: Lego Bricks|53/100|[from] item: Leftovers
|upkeep
|turn|33
|
|t:|1716047995
|move|p1a: Skarmory|Spikes|p2a: Lego Bricks
|-sidestart|p2: Draco Bombers|Spikes
|move|p2a: Lego Bricks|Knock Off|p1a: Skarmory
|-resisted|p1a: Skarmory
|-damage|p1a: Skarmory|89/100
|-enditem|p1a: Skarmory|Leftovers|[from] move: Knock Off|[of] p2a: Lego Bricks
|
|-weather|Sandstorm|[upkeep]
|-heal|p2a: Lego Bricks|59/100|[from] item: Leftovers
|upkeep
|turn|34
|
|t:|1716048010
|switch|p2a: The Attic|Landorus-Therian, M|11/100
|-damage|p2a: The Attic|0 fnt|[from] Stealth Rock
|faint|p2a: The Attic
|move|p1a: Skarmory|Whirlwind|p2: The Attic|[notarget]
|-fail|p1a: Skarmory
|
|-weather|Sandstorm|[upkeep]
|upkeep
|
|t:|1716048015
|switch|p2a: Action Figure|Alakazam, M|100/100
|turn|35
|
|t:|1716048019
|move|p2a: Action Figure|Focus Blast|p1a: Skarmory
|-damage|p1a: Skarmory|36/100
|move|p1a: Skarmory|Brave Bird|p2a: Action Figure
|-damage|p2a: Action Figure|46/100
|-damage|p1a: Skarmory|22/100|[from] Recoil
|
|-weather|Sandstorm|[upkeep]
|upkeep
|turn|36
|
|t:|1716048027
|move|p2a: Action Figure|Psychic|p1a: Skarmory
|-resisted|p1a: Skarmory
|-damage|p1a: Skarmory|0 fnt
|faint|p1a: Skarmory
|
|-weather|Sandstorm|[upkeep]
|upkeep
|
|t:|1716048042
|switch|p1a: Alakazam|Alakazam, F|100/100
|turn|37
|
|t:|1716048046
|move|p1a: Alakazam|Shadow Ball|p2a: Action Figure
|-supereffective|p2a: Action Figure
|-damage|p2a: Action Figure|0 fnt
|faint|p2a: Action Figure
|
|-weather|Sandstorm|[upkeep]
|upkeep
|
|t:|1716048049
|switch|p2a: Lego Bricks|Ferrothorn, F, shiny|59/100
|-damage|p2a: Lego Bricks|53/100|[from] Stealth Rock
|-damage|p2a: Lego Bricks|28/100|[from] Spikes
|turn|38
|
|t:|1716048068
|move|p1a: Alakazam|Focus Blast|p2a: Lego Bricks
|-supereffective|p2a: Lego Bricks
|-damage|p2a: Lego Bricks|0 fnt
|faint|p2a: Lego Bricks
|
|-weather|Sandstorm|[upkeep]
|upkeep
|
|t:|1716048071
|switch|p2a: Paper Plane|Latios, M|48/100 brn
|-damage|p2a: Paper Plane|36/100 brn|[from] Stealth Rock
|turn|39
|
|t:|1716048072
|move|p1a: Alakazam|Shadow Ball|p2a: Paper Plane
|-supereffective|p2a: Paper Plane
|-damage|p2a: Paper Plane|0 fnt
|faint|p2a: Paper Plane
|
|win|JeffBeStraight01
|raw|JeffBeStraight01's rating: 1274 &rarr; <strong>1303</strong><br />(+29 for winning)
|raw|Draco Bombers's rating: 1323 &rarr; <strong>1300</strong><br />(-23 for losing)
