|j|☆lijkjlkjlkjlkjlk
|j|☆PirateDesCarabing
|t:|1724349213
|gametype|singles
|player|p1|lijkjlkjlkjlkjlk|bugcatcher-gen4dp|1403
|player|p2|PirateDesCarabing|ingo|1429
|teamsize|p1|6
|teamsize|p2|6
|gen|5
|tier|[Gen 5] OU
|rated|
|rule|Species Clause: Limit one of each Pokémon
|rule|OHKO Clause: OHKO moves are banned
|rule|Moody Clause: Moody is banned
|rule|Evasion Items Clause: Evasion items are banned
|rule|Evasion Moves Clause: Evasion moves are banned
|rule|Endless Battle Clause: Forcing endless battles is banned
|rule|HP Percentage Mod: HP is shown in percentages
|rule|Evasion Abilities Clause: Evasion abilities are banned
|rule|Sleep Moves Clause: Sleep-inducing moves are banned
|rule|Swagger Clause: Swagger is banned
|rule|Baton Pass Stat Clause: No Baton Passer may have a way to boost its stats
|clearpoke
|poke|p1|Bronzong|item
|poke|p1|Porygon2|item
|poke|p1|Reuniclus, F|item
|poke|p1|Chandelure, F|item
|poke|p1|Crawdaunt, M|item
|poke|p1|Terrakion|item
|poke|p2|Politoed, M|item
|poke|p2|Ferrothorn, M|item
|poke|p2|Mamoswine, F|item
|poke|p2|Latios, M|item
|poke|p2|Thundurus-Therian, M|item
|poke|p2|Tentacruel, M|item
|teampreview
|
|t:|1724349223
|start
|switch|p1a: Porygon2|Porygon2|100/100
|switch|p2a: Thundurus|Thundurus-Therian, M|100/100
|-ability|p1a: Porygon2|Download|boost
|-boost|p1a: Porygon2|atk|1
|turn|1
|
|t:|1724349231
|move|p2a: Thundurus|U-turn|p1a: Porygon2
|-damage|p1a: Porygon2|90/100
|
|t:|1724349233
|switch|p2a: Politoed|Politoed, M|100/100|[from] U-turn
|-weather|RainDance|[from] ability: Drizzle|[of] p2a: Politoed
|move|p1a: Porygon2|Trick Room|p1a: Porygon2
|-fieldstart|move: Trick Room|[of] p1a: Porygon2
|
|-weather|RainDance|[upkeep]
|upkeep
|turn|2
|
|t:|1724349243
|move|p1a: Porygon2|Thunder|p2a: Politoed
|-supereffective|p2a: Politoed
|-damage|p2a: Politoed|41/100
|move|p2a: Politoed|Scald|p1a: Porygon2
|-damage|p1a: Porygon2|69/100
|
|-weather|RainDance|[upkeep]
|-heal|p2a: Politoed|47/100|[from] item: Leftovers
|upkeep
|turn|3
|
|t:|1724349251
|move|p1a: Porygon2|Thunder|p2a: Politoed
|-supereffective|p2a: Politoed
|-damage|p2a: Politoed|0 fnt
|faint|p2a: Politoed
|
|-weather|RainDance|[upkeep]
|upkeep
|
|t:|1724349259
|switch|p2a: Tentacruel|Tentacruel, M|100/100
|turn|4
|
|t:|1724349266
|switch|p1a: Reuniclus|Reuniclus, F|100/100
|move|p2a: Tentacruel|Protect||[still]
|-fail|p2a: Tentacruel
|
|-weather|RainDance|[upkeep]
|upkeep
|turn|5
|
|t:|1724349272
|move|p2a: Tentacruel|Protect|p2a: Tentacruel
|-singleturn|p2a: Tentacruel|Protect
|move|p1a: Reuniclus|Psyshock|p2a: Tentacruel
|-activate|p2a: Tentacruel|move: Protect
|
|-weather|RainDance|[upkeep]
|-fieldend|move: Trick Room
|upkeep
|turn|6
|
|t:|1724349276
|move|p2a: Tentacruel|Scald|p1a: Reuniclus
|-damage|p1a: Reuniclus|73/100
|move|p1a: Reuniclus|Trick Room|p1a: Reuniclus
|-fieldstart|move: Trick Room|[of] p1a: Reuniclus
|
|-weather|RainDance|[upkeep]
|upkeep
|turn|7
|
|t:|1724349281
|move|p2a: Tentacruel|Protect|p2a: Tentacruel
|-singleturn|p2a: Tentacruel|Protect
|move|p1a: Reuniclus|Psyshock|p2a: Tentacruel
|-activate|p2a: Tentacruel|move: Protect
|
|-weather|RainDance|[upkeep]
|upkeep
|turn|8
|
|t:|1724349288
|switch|p2a: Ferrothorn|Ferrothorn, M|100/100
|move|p1a: Reuniclus|Psyshock|p2a: Ferrothorn
|-resisted|p2a: Ferrothorn
|-damage|p2a: Ferrothorn|85/100
|
|-weather|RainDance|[upkeep]
|upkeep
|turn|9
|
|t:|1724349292
|move|p1a: Reuniclus|Focus Blast|p2a: Ferrothorn
|-supereffective|p2a: Ferrothorn
|-damage|p2a: Ferrothorn|14/100
|move|p2a: Ferrothorn|Stealth Rock|p1a: Reuniclus
|-sidestart|p1: lijkjlkjlkjlkjlk|move: Stealth Rock
|
|-weather|RainDance|[upkeep]
|upkeep
|turn|10
|
|t:|1724349302
|move|p1a: Reuniclus|Psyshock|p2a: Ferrothorn
|-resisted|p2a: Ferrothorn
|-damage|p2a: Ferrothorn|0 fnt
|faint|p2a: Ferrothorn
|
|-weather|RainDance|[upkeep]
|-fieldend|move: Trick Room
|upkeep
|
|t:|1724349327
|switch|p2a: Mamoswine|Mamoswine, F|100/100
|turn|11
|
|t:|1724349332
|switch|p1a: Bronzong|Bronzong|100/100
|-damage|p1a: Bronzong|94/100|[from] Stealth Rock
|move|p2a: Mamoswine|Icicle Crash|p1a: Bronzong
|-resisted|p1a: Bronzong
|-damage|p1a: Bronzong|71/100
|
|-weather|RainDance|[upkeep]
|upkeep
|turn|12
|
|t:|1724349339
|switch|p2a: Thundurus|Thundurus-Therian, M|100/100
|move|p1a: Bronzong|Trick Room|p1a: Bronzong
|-fieldstart|move: Trick Room|[of] p1a: Bronzong
|
|-weather|RainDance|[upkeep]
|upkeep
|turn|13
|
|t:|1724349345
|move|p1a: Bronzong|Stealth Rock|p2a: Thundurus
|-sidestart|p2: PirateDesCarabing|move: Stealth Rock
|move|p2a: Thundurus|Thunder|p1a: Bronzong
|-damage|p1a: Bronzong|12/100
|
|-weather|RainDance|[upkeep]
|upkeep
|turn|14
|
|t:|1724349350
|move|p1a: Bronzong|Explosion|p2a: Thundurus
|-damage|p2a: Thundurus|0 fnt
|faint|p1a: Bronzong
|faint|p2a: Thundurus
|
|-weather|RainDance|[upkeep]
|upkeep
|
|t:|1724349367
|switch|p1a: Reuniclus|Reuniclus, F|73/100
|switch|p2a: Tentacruel|Tentacruel, M|100/100
|-damage|p2a: Tentacruel|88/100|[from] Stealth Rock
|turn|15
|
|t:|1724349371
|move|p2a: Tentacruel|Protect|p2a: Tentacruel
|-singleturn|p2a: Tentacruel|Protect
|move|p1a: Reuniclus|Psyshock|p2a: Tentacruel
|-activate|p2a: Tentacruel|move: Protect
|
|-weather|RainDance|[upkeep]
|-heal|p2a: Tentacruel|94/100|[from] ability: Rain Dish
|-heal|p2a: Tentacruel|99/100|[from] item: Black Sludge
|upkeep
|turn|16
|
|t:|1724349374
|switch|p2a: Latios|Latios, M|100/100
|-damage|p2a: Latios|88/100|[from] Stealth Rock
|move|p1a: Reuniclus|Psyshock|p2a: Latios
|-resisted|p2a: Latios
|-damage|p2a: Latios|58/100
|
|-weather|RainDance|[upkeep]
|-fieldend|move: Trick Room
|upkeep
|turn|17
|
|t:|1724349379
|move|p2a: Latios|Trick|p1a: Reuniclus
|-activate|p2a: Latios|move: Trick|[of] p1a: Reuniclus
|-item|p1a: Reuniclus|Choice Scarf|[from] move: Trick
|-item|p2a: Latios|Life Orb|[from] move: Trick
|move|p1a: Reuniclus|Trick Room|p1a: Reuniclus
|-fieldstart|move: Trick Room|[of] p1a: Reuniclus
|
|-weather|RainDance|[upkeep]
|upkeep
|turn|18
|
|t:|1724349403
|switch|p1a: Terrakion|Terrakion|100/100
|-damage|p1a: Terrakion|94/100|[from] Stealth Rock
|move|p2a: Latios|Draco Meteor|p1a: Terrakion
|-damage|p1a: Terrakion|0 fnt
|-unboost|p2a: Latios|spa|2
|faint|p1a: Terrakion
|-damage|p2a: Latios|48/100|[from] item: Life Orb
|
|-weather|RainDance|[upkeep]
|upkeep
|
|t:|1724349419
|switch|p1a: Crawdaunt|Crawdaunt, M|100/100
|-damage|p1a: Crawdaunt|88/100|[from] Stealth Rock
|turn|19
|
|t:|1724349425
|switch|p2a: Tentacruel|Tentacruel, M|99/100
|-damage|p2a: Tentacruel|88/100|[from] Stealth Rock
|move|p1a: Crawdaunt|Crunch|p2a: Tentacruel
|-damage|p2a: Tentacruel|5/100
|
|-weather|RainDance|[upkeep]
|-heal|p2a: Tentacruel|11/100|[from] ability: Rain Dish
|-heal|p2a: Tentacruel|17/100|[from] item: Black Sludge
|upkeep
|turn|20
|
|t:|1724349434
|move|p2a: Tentacruel|Protect|p2a: Tentacruel
|-singleturn|p2a: Tentacruel|Protect
|move|p1a: Crawdaunt|Crunch|p2a: Tentacruel
|-activate|p2a: Tentacruel|move: Protect
|
|-weather|RainDance|[upkeep]
|-heal|p2a: Tentacruel|23/100|[from] ability: Rain Dish
|-heal|p2a: Tentacruel|29/100|[from] item: Black Sludge
|upkeep
|turn|21
|
|t:|1724349441
|move|p2a: Tentacruel|Protect|p2a: Tentacruel
|-singleturn|p2a: Tentacruel|Protect
|move|p1a: Crawdaunt|Crunch|p2a: Tentacruel
|-activate|p2a: Tentacruel|move: Protect
|
|-weather|RainDance|[upkeep]
|-heal|p2a: Tentacruel|35/100|[from] ability: Rain Dish
|-heal|p2a: Tentacruel|41/100|[from] item: Black Sludge
|-fieldend|move: Trick Room
|upkeep
|turn|22
|
|t:|1724349449
|move|p2a: Tentacruel|Scald|p1a: Crawdaunt
|-resisted|p1a: Crawdaunt
|-damage|p1a: Crawdaunt|57/100
|move|p1a: Crawdaunt|Crunch|p2a: Tentacruel
|-damage|p2a: Tentacruel|0 fnt
|faint|p2a: Tentacruel
|
|-weather|RainDance|[upkeep]
|upkeep
|
|t:|1724349455
|switch|p2a: Mamoswine|Mamoswine, F|100/100
|-damage|p2a: Mamoswine|88/100|[from] Stealth Rock
|turn|23
|
|t:|1724349462
|switch|p1a: Chandelure|Chandelure, F|100/100
|-damage|p1a: Chandelure|76/100|[from] Stealth Rock
|-item|p1a: Chandelure|Air Balloon
|move|p2a: Mamoswine|Earthquake|p1a: Chandelure
|-immune|p1a: Chandelure
|
|-weather|RainDance|[upkeep]
|upkeep
|turn|24
|
|t:|1724349470
|move|p2a: Mamoswine|Substitute|p2a: Mamoswine
|-start|p2a: Mamoswine|Substitute
|-damage|p2a: Mamoswine|63/100
|move|p1a: Chandelure|Trick Room|p1a: Chandelure
|-fieldstart|move: Trick Room|[of] p1a: Chandelure
|
|-weather|RainDance|[upkeep]
|upkeep
|turn|25
|
|t:|1724349479
|move|p1a: Chandelure|Shadow Ball|p2a: Mamoswine
|-end|p2a: Mamoswine|Substitute
|move|p2a: Mamoswine|Icicle Crash|p1a: Chandelure
|-resisted|p1a: Chandelure
|-damage|p1a: Chandelure|40/100
|-enditem|p1a: Chandelure|Air Balloon
|
|-weather|RainDance|[upkeep]
|upkeep
|turn|26
|
|t:|1724349493
|move|p1a: Chandelure|Energy Ball|p2a: Mamoswine
|-supereffective|p2a: Mamoswine
|-damage|p2a: Mamoswine|0 fnt
|faint|p2a: Mamoswine
|
|-weather|RainDance|[upkeep]
|upkeep
|-message|PirateDesCarabing forfeited.
|
|win|lijkjlkjlkjlkjlk
|raw|lijkjlkjlkjlkjlk's rating: 1403 &rarr; <strong>1424</strong><br />(+21 for winning)
|raw|PirateDesCarabing's rating: 1429 &rarr; <strong>1408</strong><br />(-21 for losing)
|l|☆PirateDesCarabing
|player|p2|
