|j|☆BWR monai
|j|☆seanb143
|t:|1718919635
|gametype|singles
|player|p1|BWR monai|backpacker|1407
|player|p2|seanb143|emmet|1534
|teamsize|p1|6
|teamsize|p2|6
|gen|5
|tier|[Gen 5] OU
|rated|
|rule|Species Clause: Limit one of each Pokémon
|rule|OHKO Clause: OHKO moves are banned
|rule|Moody Clause: Moody is banned
|rule|Evasion Items Clause: Evasion items are banned
|rule|Evasion Moves Clause: Evasion moves are banned
|rule|Endless Battle Clause: Forcing endless battles is banned
|rule|HP Percentage Mod: HP is shown in percentages
|rule|Evasion Abilities Clause: Evasion abilities are banned
|rule|Sleep Moves Clause: Sleep-inducing moves are banned
|rule|Swagger Clause: Swagger is banned
|rule|Baton Pass Stat Clause: No Baton Passer may have a way to boost its stats
|clearpoke
|poke|p1|Blissey, F|item
|poke|p1|Clefable, M|item
|poke|p1|Amoonguss, F|item
|poke|p1|Forretress, F|item
|poke|p1|Gliscor, M|item
|poke|p1|Xatu, F|item
|poke|p2|Heatran, M|item
|poke|p2|Gliscor, M|item
|poke|p2|Gyarados, F|item
|poke|p2|Jellicent, M|item
|poke|p2|Starmie|item
|poke|p2|Scizor, M|item
|teampreview
|inactive|Battle timer is ON: inactive players will automatically lose when time's up. (requested by seanb143)
|inactive|seanb143 has 120 seconds left.
|
|t:|1718919666
|start
|switch|p1a: Blissey|Blissey, F|100/100
|switch|p2a: Gliscor|Gliscor, M, shiny|100/100
|turn|1
|
|t:|1718919674
|switch|p1a: Xatu|Xatu, F|100/100
|move|p2a: Gliscor|Taunt|p1a: Xatu
|move|p1a: Xatu|Taunt|p2a: Gliscor|[from]ability: Magic Bounce
|-start|p2a: Gliscor|move: Taunt
|
|-status|p2a: Gliscor|tox|[from] item: Toxic Orb
|upkeep
|turn|2
|
|t:|1718919680
|move|p2a: Gliscor|Ice Fang|p1a: Xatu
|-supereffective|p1a: Xatu
|-damage|p1a: Xatu|67/100
|move|p1a: Xatu|Night Shade|p2a: Gliscor
|-damage|p2a: Gliscor|66/100 tox
|
|-heal|p1a: Xatu|73/100|[from] item: Leftovers
|-heal|p2a: Gliscor|79/100 tox|[from] ability: Poison Heal
|upkeep
|turn|3
|
|t:|1718919685
|move|p2a: Gliscor|U-turn|p1a: Xatu
|-crit|p1a: Xatu
|-damage|p1a: Xatu|34/100
|
|t:|1718919688
|switch|p2a: Heatran|Heatran, M, shiny|100/100|[from] U-turn
|move|p1a: Xatu|Roost|p1a: Xatu
|-heal|p1a: Xatu|84/100
|-singleturn|p1a: Xatu|move: Roost
|
|-heal|p1a: Xatu|90/100|[from] item: Leftovers
|upkeep
|turn|4
|
|t:|1718919693
|move|p1a: Xatu|Protect|p1a: Xatu
|-singleturn|p1a: Xatu|Protect
|move|p2a: Heatran|Lava Plume|p1a: Xatu
|-activate|p1a: Xatu|move: Protect
|
|-heal|p1a: Xatu|96/100|[from] item: Leftovers
|upkeep
|turn|5
|
|t:|1718919703
|switch|p1a: Blissey|Blissey, F|100/100
|switch|p2a: Gliscor|Gliscor, M, shiny|79/100 tox
|
|-heal|p2a: Gliscor|91/100 tox|[from] ability: Poison Heal
|upkeep
|turn|6
|
|t:|1718919724
|move|p2a: Gliscor|Taunt|p1a: Blissey
|-start|p1a: Blissey|move: Taunt
|cant|p1a: Blissey|move: Taunt|Stealth Rock
|
|-heal|p2a: Gliscor|100/100 tox|[from] ability: Poison Heal
|upkeep
|turn|7
|
|t:|1718919734
|switch|p1a: Amoonguss|Amoonguss, F|100/100
|move|p2a: Gliscor|Ice Fang|p1a: Amoonguss
|-supereffective|p1a: Amoonguss
|-damage|p1a: Amoonguss|65/100
|
|-heal|p1a: Amoonguss|72/100|[from] item: Leftovers
|upkeep
|turn|8
|
|t:|1718919745
|switch|p1a: Gliscor|Gliscor, M|100/100
|move|p2a: Gliscor|U-turn|p1a: Gliscor
|-resisted|p1a: Gliscor
|-damage|p1a: Gliscor|94/100
|inactive|seanb143 has 120 seconds left.
|
|t:|1718919765
|switch|p2a: Starmie|Starmie, shiny|100/100|[from] U-turn
|
|-status|p1a: Gliscor|tox|[from] item: Toxic Orb
|upkeep
|turn|9
|
|t:|1718919772
|move|p1a: Gliscor|Protect|p1a: Gliscor
|-singleturn|p1a: Gliscor|Protect
|move|p2a: Starmie|Hydro Pump|p1a: Gliscor
|-activate|p1a: Gliscor|move: Protect
|
|-heal|p1a: Gliscor|100/100 tox|[from] ability: Poison Heal
|upkeep
|turn|10
|
|t:|1718919779
|switch|p2a: Gliscor|Gliscor, M, shiny|100/100 tox
|switch|p1a: Blissey|Blissey, F|100/100
|
|upkeep
|turn|11
|
|t:|1718919782
|switch|p1a: Xatu|Xatu, F|96/100
|move|p2a: Gliscor|Taunt|p1a: Xatu
|move|p1a: Xatu|Taunt|p2a: Gliscor|[from]ability: Magic Bounce
|-start|p2a: Gliscor|move: Taunt
|
|-heal|p1a: Xatu|100/100|[from] item: Leftovers
|upkeep
|turn|12
|
|t:|1718919790
|switch|p1a: Amoonguss|Amoonguss, F|100/100
|move|p2a: Gliscor|Ice Fang|p1a: Amoonguss
|-supereffective|p1a: Amoonguss
|-damage|p1a: Amoonguss|68/100
|
|-heal|p1a: Amoonguss|74/100|[from] item: Leftovers
|upkeep
|turn|13
|
|t:|1718919799
|switch|p1a: Forretress|Forretress, F|100/100
|move|p2a: Gliscor|U-turn|p1a: Forretress
|-resisted|p1a: Forretress
|-damage|p1a: Forretress|94/100
|
|t:|1718919802
|switch|p2a: Heatran|Heatran, M, shiny|100/100|[from] U-turn
|
|-heal|p1a: Forretress|99/100|[from] item: Leftovers
|upkeep
|turn|14
|
|t:|1718919806
|switch|p1a: Xatu|Xatu, F|100/100
|move|p2a: Heatran|Lava Plume|p1a: Xatu
|-damage|p1a: Xatu|56/100
|-status|p1a: Xatu|brn
|
|-heal|p1a: Xatu|62/100 brn|[from] item: Leftovers
|-damage|p1a: Xatu|50/100 brn|[from] brn
|upkeep
|turn|15
|
|t:|1718919812
|move|p1a: Xatu|Roost|p1a: Xatu
|-heal|p1a: Xatu|99/100 brn
|-singleturn|p1a: Xatu|move: Roost
|move|p2a: Heatran|Lava Plume|p1a: Xatu
|-crit|p1a: Xatu
|-damage|p1a: Xatu|10/100 brn
|
|-heal|p1a: Xatu|16/100 brn|[from] item: Leftovers
|-damage|p1a: Xatu|4/100 brn|[from] brn
|upkeep
|turn|16
|
|t:|1718919819
|move|p1a: Xatu|Roost|p1a: Xatu
|-heal|p1a: Xatu|54/100 brn
|-singleturn|p1a: Xatu|move: Roost
|move|p2a: Heatran|Roar|p1a: Xatu
|move|p1a: Xatu|Roar|p2a: Heatran|[from]ability: Magic Bounce
|drag|p2a: Gyarados|Gyarados, F, shiny|100/100
|-ability|p2a: Gyarados|Intimidate|boost
|-unboost|p1a: Xatu|atk|1
|
|-heal|p1a: Xatu|60/100 brn|[from] item: Leftovers
|-damage|p1a: Xatu|48/100 brn|[from] brn
|upkeep
|turn|17
|
|t:|1718919829
|switch|p1a: Blissey|Blissey, F|100/100
|move|p2a: Gyarados|Substitute|p2a: Gyarados
|-start|p2a: Gyarados|Substitute
|-damage|p2a: Gyarados|76/100
|
|-heal|p2a: Gyarados|82/100|[from] item: Leftovers
|upkeep
|turn|18
|
|t:|1718919834
|move|p2a: Gyarados|Dragon Dance|p2a: Gyarados
|-boost|p2a: Gyarados|atk|1
|-boost|p2a: Gyarados|spe|1
|move|p1a: Blissey|Seismic Toss|p2a: Gyarados
|-end|p2a: Gyarados|Substitute
|
|-heal|p2a: Gyarados|88/100|[from] item: Leftovers
|upkeep
|turn|19
|
|t:|1718919846
|move|p2a: Gyarados|Substitute|p2a: Gyarados
|-start|p2a: Gyarados|Substitute
|-damage|p2a: Gyarados|63/100
|move|p1a: Blissey|Seismic Toss|p2a: Gyarados
|-end|p2a: Gyarados|Substitute
|
|-heal|p2a: Gyarados|69/100|[from] item: Leftovers
|upkeep
|turn|20
|
|t:|1718919849
|switch|p2a: Gliscor|Gliscor, M, shiny|100/100 tox
|move|p1a: Blissey|Thunder Wave|p2a: Gliscor
|-immune|p2a: Gliscor
|
|upkeep
|turn|21
|
|t:|1718919856
|move|p2a: Gliscor|Ice Fang|p1a: Blissey
|-damage|p1a: Blissey|84/100
|move|p1a: Blissey|Stealth Rock|p2a: Gliscor
|-sidestart|p2: seanb143|move: Stealth Rock
|
|-heal|p1a: Blissey|90/100|[from] item: Leftovers
|upkeep
|turn|22
|
|t:|1718919863
|switch|p1a: Forretress|Forretress, F|99/100
|move|p2a: Gliscor|U-turn|p1a: Forretress
|-resisted|p1a: Forretress
|-damage|p1a: Forretress|94/100
|
|t:|1718919866
|switch|p2a: Heatran|Heatran, M, shiny|100/100|[from] U-turn
|-damage|p2a: Heatran|88/100|[from] Stealth Rock
|
|-heal|p2a: Heatran|94/100|[from] item: Leftovers
|-heal|p1a: Forretress|99/100|[from] item: Leftovers
|upkeep
|turn|23
|
|t:|1718919874
|switch|p1a: Xatu|Xatu, F|48/100 brn
|move|p2a: Heatran|Lava Plume|p1a: Xatu
|-damage|p1a: Xatu|1/100 brn
|
|-heal|p1a: Xatu|7/100 brn|[from] item: Leftovers
|-heal|p2a: Heatran|100/100|[from] item: Leftovers
|-damage|p1a: Xatu|0 fnt|[from] brn
|faint|p1a: Xatu
|upkeep
|
|t:|1718919877
|switch|p1a: Gliscor|Gliscor, M|100/100 tox
|turn|24
|
|t:|1718919879
|switch|p2a: Gliscor|Gliscor, M, shiny|100/100 tox
|-damage|p2a: Gliscor|88/100 tox|[from] Stealth Rock
|move|p1a: Gliscor|Earthquake|p2a: Gliscor
|-immune|p2a: Gliscor
|
|-heal|p2a: Gliscor|100/100 tox|[from] ability: Poison Heal
|upkeep
|turn|25
|
|t:|1718919888
|move|p2a: Gliscor|Taunt|p1a: Gliscor
|-start|p1a: Gliscor|move: Taunt
|cant|p1a: Gliscor|move: Taunt|Swords Dance
|
|upkeep
|turn|26
|
|t:|1718919893
|switch|p1a: Forretress|Forretress, F|99/100
|move|p2a: Gliscor|Ice Fang|p1a: Forretress
|-resisted|p1a: Forretress
|-damage|p1a: Forretress|94/100
|
|-heal|p1a: Forretress|99/100|[from] item: Leftovers
|upkeep
|turn|27
|
|t:|1718919899
|move|p2a: Gliscor|Taunt|p1a: Forretress
|-start|p1a: Forretress|move: Taunt
|move|p1a: Forretress|Earthquake|p2a: Gliscor
|-immune|p2a: Gliscor
|
|-heal|p1a: Forretress|100/100|[from] item: Leftovers
|upkeep
|turn|28
|
|t:|1718919904
|move|p2a: Gliscor|U-turn|p1a: Forretress
|-resisted|p1a: Forretress
|-damage|p1a: Forretress|95/100
|
|t:|1718919906
|switch|p2a: Heatran|Heatran, M, shiny|100/100|[from] U-turn
|-damage|p2a: Heatran|88/100|[from] Stealth Rock
|move|p1a: Forretress|Earthquake|p2a: Heatran
|-supereffective|p2a: Heatran
|-damage|p2a: Heatran|16/100
|
|-heal|p2a: Heatran|22/100|[from] item: Leftovers
|-heal|p1a: Forretress|100/100|[from] item: Leftovers
|upkeep
|turn|29
|
|t:|1718919916
|switch|p1a: Blissey|Blissey, F|90/100
|move|p2a: Heatran|Stealth Rock|p1a: Blissey
|-sidestart|p1: BWR monai|move: Stealth Rock
|
|-heal|p2a: Heatran|28/100|[from] item: Leftovers
|-heal|p1a: Blissey|96/100|[from] item: Leftovers
|upkeep
|turn|30
|
|t:|1718919920
|move|p2a: Heatran|Protect|p2a: Heatran
|-singleturn|p2a: Heatran|Protect
|move|p1a: Blissey|Seismic Toss|p2a: Heatran
|-activate|p2a: Heatran|move: Protect
|
|-heal|p2a: Heatran|34/100|[from] item: Leftovers
|-heal|p1a: Blissey|100/100|[from] item: Leftovers
|upkeep
|turn|31
|
|t:|1718919923
|switch|p2a: Gliscor|Gliscor, M, shiny|100/100 tox
|-damage|p2a: Gliscor|88/100 tox|[from] Stealth Rock
|move|p1a: Blissey|Seismic Toss|p2a: Gliscor
|-damage|p2a: Gliscor|54/100 tox
|
|-heal|p2a: Gliscor|66/100 tox|[from] ability: Poison Heal
|upkeep
|turn|32
|
|t:|1718919926
|move|p2a: Gliscor|Taunt|p1a: Blissey
|-start|p1a: Blissey|move: Taunt
|move|p1a: Blissey|Seismic Toss|p2a: Gliscor
|-damage|p2a: Gliscor|32/100 tox
|
|-heal|p2a: Gliscor|44/100 tox|[from] ability: Poison Heal
|upkeep
|turn|33
|
|t:|1718919931
|move|p2a: Gliscor|Earthquake|p1a: Blissey
|-crit|p1a: Blissey
|-damage|p1a: Blissey|26/100
|move|p1a: Blissey|Seismic Toss|p2a: Gliscor
|-damage|p2a: Gliscor|10/100 tox
|
|-heal|p1a: Blissey|32/100|[from] item: Leftovers
|-heal|p2a: Gliscor|22/100 tox|[from] ability: Poison Heal
|upkeep
|turn|34
|
|t:|1718919936
|switch|p1a: Amoonguss|Amoonguss, F|100/100
|-damage|p1a: Amoonguss|88/100|[from] Stealth Rock
|move|p2a: Gliscor|Earthquake|p1a: Amoonguss
|-damage|p1a: Amoonguss|51/100
|
|-heal|p1a: Amoonguss|57/100|[from] item: Leftovers
|-heal|p2a: Gliscor|35/100 tox|[from] ability: Poison Heal
|upkeep
|turn|35
|
|t:|1718919942
|move|p2a: Gliscor|Ice Fang|p1a: Amoonguss
|-supereffective|p1a: Amoonguss
|-damage|p1a: Amoonguss|22/100
|-status|p1a: Amoonguss|frz
|cant|p1a: Amoonguss|frz
|
|-heal|p1a: Amoonguss|28/100 frz|[from] item: Leftovers
|-heal|p2a: Gliscor|47/100 tox|[from] ability: Poison Heal
|upkeep
|turn|36
|
|t:|1718919949
|switch|p1a: Clefable|Clefable, M|100/100
|move|p2a: Gliscor|Ice Fang|p1a: Clefable
|-damage|p1a: Clefable|81/100
|
|-heal|p1a: Clefable|88/100|[from] item: Leftovers
|-heal|p2a: Gliscor|59/100 tox|[from] ability: Poison Heal
|upkeep
|turn|37
|
|t:|1718919960
|switch|p1a: Gliscor|Gliscor, M|100/100 tox
|-damage|p1a: Gliscor|88/100 tox|[from] Stealth Rock
|move|p2a: Gliscor|Taunt|p1a: Gliscor
|-start|p1a: Gliscor|move: Taunt
|
|-heal|p2a: Gliscor|72/100 tox|[from] ability: Poison Heal
|-heal|p1a: Gliscor|100/100 tox|[from] ability: Poison Heal
|upkeep
|turn|38
|
|t:|1718919963
|move|p2a: Gliscor|Ice Fang|p1a: Gliscor
|-supereffective|p1a: Gliscor
|-damage|p1a: Gliscor|50/100 tox
|move|p1a: Gliscor|Ice Fang|p2a: Gliscor
|-supereffective|p2a: Gliscor
|-damage|p2a: Gliscor|13/100 tox
|
|-heal|p2a: Gliscor|25/100 tox|[from] ability: Poison Heal
|-heal|p1a: Gliscor|63/100 tox|[from] ability: Poison Heal
|upkeep
|turn|39
|
|t:|1718919969
|move|p2a: Gliscor|Ice Fang|p1a: Gliscor
|-supereffective|p1a: Gliscor
|-damage|p1a: Gliscor|13/100 tox
|move|p1a: Gliscor|Ice Fang|p2a: Gliscor
|-supereffective|p2a: Gliscor
|-damage|p2a: Gliscor|0 fnt
|faint|p2a: Gliscor
|
|-heal|p1a: Gliscor|25/100 tox|[from] ability: Poison Heal
|-end|p1a: Gliscor|move: Taunt
|upkeep
|
|t:|1718919979
|switch|p2a: Starmie|Starmie, shiny|100/100
|-damage|p2a: Starmie|88/100|[from] Stealth Rock
|turn|40
|
|t:|1718919987
|move|p1a: Gliscor|Protect|p1a: Gliscor
|-singleturn|p1a: Gliscor|Protect
|move|p2a: Starmie|Hydro Pump|p1a: Gliscor
|-activate|p1a: Gliscor|move: Protect
|
|-heal|p1a: Gliscor|38/100 tox|[from] ability: Poison Heal
|upkeep
|turn|41
|
|t:|1718919992
|switch|p1a: Amoonguss|Amoonguss, F|61/100 frz
|-damage|p1a: Amoonguss|49/100 frz|[from] Stealth Rock
|move|p2a: Starmie|Rapid Spin|p1a: Amoonguss
|-damage|p1a: Amoonguss|46/100 frz
|-sideend|p2: seanb143|Stealth Rock|[from] move: Rapid Spin|[of] p2a: Starmie
|
|-heal|p1a: Amoonguss|52/100 frz|[from] item: Leftovers
|upkeep
|turn|42
|
|t:|1718920000
|move|p2a: Starmie|Ice Beam|p1a: Amoonguss
|-supereffective|p1a: Amoonguss
|-damage|p1a: Amoonguss|0 fnt
|faint|p1a: Amoonguss
|
|upkeep
|
|t:|1718920005
|switch|p1a: Blissey|Blissey, F|32/100
|-damage|p1a: Blissey|20/100|[from] Stealth Rock
|turn|43
|
|t:|1718920008
|move|p2a: Starmie|Hydro Pump|p1a: Blissey
|-damage|p1a: Blissey|3/100
|move|p1a: Blissey|Soft-Boiled|p1a: Blissey
|-heal|p1a: Blissey|53/100
|
|-heal|p1a: Blissey|59/100|[from] item: Leftovers
|upkeep
|turn|44
|
|t:|1718920016
|switch|p2a: Scizor|Scizor, M, shiny|100/100
|move|p1a: Blissey|Thunder Wave|p2a: Scizor
|-status|p2a: Scizor|par
|-enditem|p2a: Scizor|Lum Berry|[eat]
|-curestatus|p2a: Scizor|par|[msg]
|
|-heal|p1a: Blissey|65/100|[from] item: Leftovers
|upkeep
|turn|45
|
|t:|1718920038
|move|p2a: Scizor|U-turn|p1a: Blissey
|-damage|p1a: Blissey|28/100
|
|t:|1718920041
|switch|p2a: Jellicent|Jellicent, M, shiny|100/100|[from] U-turn
|move|p1a: Blissey|Thunder Wave|p2a: Jellicent
|-status|p2a: Jellicent|par
|
|-heal|p1a: Blissey|34/100|[from] item: Leftovers
|upkeep
|turn|46
|
|t:|1718920047
|switch|p2a: Scizor|Scizor, M, shiny|100/100
|move|p1a: Blissey|Soft-Boiled|p1a: Blissey
|-heal|p1a: Blissey|84/100
|
|-heal|p1a: Blissey|90/100|[from] item: Leftovers
|upkeep
|turn|47
|
|t:|1718920052
|move|p2a: Scizor|U-turn|p1a: Blissey
|-damage|p1a: Blissey|52/100
|
|t:|1718920054
|switch|p2a: Jellicent|Jellicent, M, shiny|100/100 par|[from] U-turn
|move|p1a: Blissey|Thunder Wave|p2a: Jellicent
|-fail|p2a: Jellicent|par
|
|-heal|p1a: Blissey|58/100|[from] item: Leftovers
|upkeep
|turn|48
|
|t:|1718920058
|move|p1a: Blissey|Soft-Boiled|p1a: Blissey
|-heal|p1a: Blissey|100/100
|move|p2a: Jellicent|Taunt|p1a: Blissey
|-start|p1a: Blissey|move: Taunt
|
|upkeep
|turn|49
|
|t:|1718920066
|switch|p2a: Gyarados|Gyarados, F, shiny|69/100
|-ability|p2a: Gyarados|Intimidate|boost
|-unboost|p1a: Blissey|atk|1
|move|p1a: Blissey|Seismic Toss|p2a: Gyarados
|-damage|p2a: Gyarados|39/100
|
|-heal|p2a: Gyarados|45/100|[from] item: Leftovers
|upkeep
|turn|50
|
|t:|1718920073
|switch|p2a: Jellicent|Jellicent, M, shiny|100/100 par
|move|p1a: Blissey|Seismic Toss|p2a: Jellicent
|-immune|p2a: Jellicent
|
|upkeep
|turn|51
|
|t:|1718920076
|move|p1a: Blissey|Seismic Toss|p2a: Jellicent
|-immune|p2a: Jellicent
|move|p2a: Jellicent|Will-O-Wisp|p1a: Blissey
|-status|p1a: Blissey|brn
|
|-damage|p1a: Blissey|88/100 brn|[from] brn
|-end|p1a: Blissey|move: Taunt
|upkeep
|turn|52
|
|t:|1718920084
|move|p1a: Blissey|Stealth Rock|p2a: Jellicent
|-sidestart|p2: seanb143|move: Stealth Rock
|move|p2a: Jellicent|Taunt|p1a: Blissey
|-start|p1a: Blissey|move: Taunt
|
|-heal|p1a: Blissey|94/100 brn|[from] item: Leftovers
|-damage|p1a: Blissey|82/100 brn|[from] brn
|upkeep
|turn|53
|
|t:|1718920090
|-curestatus|p1a: Blissey|brn|[from] ability: Natural Cure
|switch|p1a: Clefable|Clefable, M|88/100
|switch|p2a: Starmie|Starmie, shiny|88/100
|-damage|p2a: Starmie|76/100|[from] Stealth Rock
|
|-heal|p1a: Clefable|94/100|[from] item: Leftovers
|upkeep
|turn|54
|
|t:|1718920095
|move|p2a: Starmie|Rapid Spin|p1a: Clefable
|-damage|p1a: Clefable|91/100
|-sideend|p2: seanb143|Stealth Rock|[from] move: Rapid Spin|[of] p2a: Starmie
|move|p1a: Clefable|Seismic Toss|p2a: Starmie
|-damage|p2a: Starmie|38/100
|
|-heal|p1a: Clefable|97/100|[from] item: Leftovers
|upkeep
|turn|55
|
|t:|1718920100
|switch|p1a: Blissey|Blissey, F|82/100
|-damage|p1a: Blissey|69/100|[from] Stealth Rock
|move|p2a: Starmie|Hydro Pump|p1a: Blissey|[miss]
|-miss|p2a: Starmie|p1a: Blissey
|
|-heal|p1a: Blissey|75/100|[from] item: Leftovers
|upkeep
|turn|56
|
|t:|1718920107
|switch|p2a: Scizor|Scizor, M, shiny|100/100
|move|p1a: Blissey|Stealth Rock|p2a: Scizor
|-sidestart|p2: seanb143|move: Stealth Rock
|
|-heal|p1a: Blissey|82/100|[from] item: Leftovers
|upkeep
|turn|57
|
|t:|1718920110
|move|p2a: Scizor|Acrobatics|p1a: Blissey
|-damage|p1a: Blissey|44/100
|move|p1a: Blissey|Thunder Wave|p2a: Scizor
|-status|p2a: Scizor|par
|
|-heal|p1a: Blissey|50/100|[from] item: Leftovers
|upkeep
|turn|58
|
|t:|1718920115
|move|p2a: Scizor|Bullet Punch|p1a: Blissey
|-damage|p1a: Blissey|20/100
|move|p1a: Blissey|Soft-Boiled|p1a: Blissey
|-heal|p1a: Blissey|70/100
|
|-heal|p1a: Blissey|76/100|[from] item: Leftovers
|upkeep
|turn|59
|
|t:|1718920120
|switch|p1a: Forretress|Forretress, F|100/100
|-damage|p1a: Forretress|88/100|[from] Stealth Rock
|move|p2a: Scizor|Acrobatics|p1a: Forretress
|-damage|p1a: Forretress|59/100
|
|-heal|p1a: Forretress|65/100|[from] item: Leftovers
|upkeep
|turn|60
|
|t:|1718920129
|switch|p2a: Jellicent|Jellicent, M, shiny|100/100 par
|-damage|p2a: Jellicent|88/100 par|[from] Stealth Rock
|move|p1a: Forretress|Spikes|p2a: Jellicent
|-sidestart|p2: seanb143|Spikes
|
|-heal|p1a: Forretress|71/100|[from] item: Leftovers
|-heal|p2a: Jellicent|94/100 par|[from] item: Leftovers
|upkeep
|turn|61
|
|t:|1718920132
|switch|p1a: Clefable|Clefable, M|97/100
|cant|p2a: Jellicent|par
|
|-heal|p1a: Clefable|100/100|[from] item: Leftovers
|-heal|p2a: Jellicent|100/100 par|[from] item: Leftovers
|upkeep
|turn|62
|
|t:|1718920136
|move|p1a: Clefable|Knock Off|p2a: Jellicent
|-supereffective|p2a: Jellicent
|-damage|p2a: Jellicent|92/100 par
|-enditem|p2a: Jellicent|Leftovers|[from] move: Knock Off|[of] p1a: Clefable
|move|p2a: Jellicent|Taunt|p1a: Clefable
|-start|p1a: Clefable|move: Taunt
|
|upkeep
|turn|63
|
|t:|1718920141
|move|p1a: Clefable|Knock Off|p2a: Jellicent
|-supereffective|p2a: Jellicent
|-damage|p2a: Jellicent|84/100 par
|move|p2a: Jellicent|Will-O-Wisp|p1a: Clefable
|-status|p1a: Clefable|brn
|
|upkeep
|turn|64
|
|t:|1718920145
|switch|p2a: Scizor|Scizor, M, shiny|100/100 par
|-damage|p2a: Scizor|88/100 par|[from] Stealth Rock
|-damage|p2a: Scizor|76/100 par|[from] Spikes
|move|p1a: Clefable|Knock Off|p2a: Scizor
|-resisted|p2a: Scizor
|-damage|p2a: Scizor|75/100 par
|
|upkeep
|turn|65
|
|t:|1718920149
|-activate|p1a: Clefable|move: Pursuit
|cant|p2a: Scizor|par
|switch|p1a: Forretress|Forretress, F|71/100
|-damage|p1a: Forretress|59/100|[from] Stealth Rock
|
|-heal|p1a: Forretress|65/100|[from] item: Leftovers
|upkeep
|turn|66
|
|t:|1718920154
|switch|p2a: Jellicent|Jellicent, M, shiny|84/100 par
|-damage|p2a: Jellicent|71/100 par|[from] Stealth Rock
|-damage|p2a: Jellicent|59/100 par|[from] Spikes
|move|p1a: Forretress|Spikes|p2a: Jellicent
|-sidestart|p2: seanb143|Spikes
|
|-heal|p1a: Forretress|71/100|[from] item: Leftovers
|upkeep
|turn|67
|
|t:|1718920157
|switch|p1a: Clefable|Clefable, M|100/100 brn
|move|p2a: Jellicent|Recover|p2a: Jellicent
|-heal|p2a: Jellicent|100/100 par
|
|upkeep
|turn|68
|
|t:|1718920160
|switch|p2a: Scizor|Scizor, M, shiny|75/100 par
|-damage|p2a: Scizor|63/100 par|[from] Stealth Rock
|-damage|p2a: Scizor|46/100 par|[from] Spikes
|move|p1a: Clefable|Encore||[still]
|-fail|p1a: Clefable
|
|upkeep
|turn|69
|
|t:|1718920164
|switch|p1a: Forretress|Forretress, F|71/100
|-damage|p1a: Forretress|59/100|[from] Stealth Rock
|cant|p2a: Scizor|par
|
|-heal|p1a: Forretress|65/100|[from] item: Leftovers
|upkeep
|turn|70
|
|t:|1718920167
|move|p1a: Forretress|Spikes|p2a: Scizor
|-sidestart|p2: seanb143|Spikes
|cant|p2a: Scizor|par
|
|-heal|p1a: Forretress|71/100|[from] item: Leftovers
|upkeep
|turn|71
|
|t:|1718920170
|switch|p2a: Jellicent|Jellicent, M, shiny|100/100 par
|-damage|p2a: Jellicent|88/100 par|[from] Stealth Rock
|-damage|p2a: Jellicent|63/100 par|[from] Spikes
|move|p1a: Forretress|Rapid Spin|p2a: Jellicent
|-immune|p2a: Jellicent
|
|-heal|p1a: Forretress|77/100|[from] item: Leftovers
|upkeep
|turn|72
|
|t:|1718920172
|switch|p1a: Clefable|Clefable, M|100/100 brn
|move|p2a: Jellicent|Recover|p2a: Jellicent
|-heal|p2a: Jellicent|100/100 par
|
|upkeep
|turn|73
|
|t:|1718920175
|move|p1a: Clefable|Encore|p2a: Jellicent
|-start|p2a: Jellicent|Encore
|move|p2a: Jellicent|Recover||[still]
|-fail|p2a: Jellicent|heal
|
|upkeep
|turn|74
|
|t:|1718920182
|switch|p2a: Heatran|Heatran, M, shiny|34/100
|-damage|p2a: Heatran|22/100|[from] Stealth Rock
|-damage|p2a: Heatran|0 fnt|[from] Spikes
|faint|p2a: Heatran
|move|p1a: Clefable|Seismic Toss|p2: Heatran|[notarget]
|-fail|p1a: Clefable
|
|upkeep
|
|t:|1718920184
|switch|p2a: Starmie|Starmie, shiny|38/100
|-damage|p2a: Starmie|25/100|[from] Stealth Rock
|-damage|p2a: Starmie|0 fnt|[from] Spikes
|faint|p2a: Starmie
|
|t:|1718920186
|switch|p2a: Scizor|Scizor, M, shiny|46/100 par
|-damage|p2a: Scizor|34/100 par|[from] Stealth Rock
|-damage|p2a: Scizor|9/100 par|[from] Spikes
|turn|75
|
|t:|1718920191
|move|p2a: Scizor|Bullet Punch|p1a: Clefable
|-damage|p1a: Clefable|63/100 brn
|move|p1a: Clefable|Seismic Toss|p2a: Scizor
|-damage|p2a: Scizor|0 fnt
|faint|p2a: Scizor
|
|-heal|p1a: Clefable|69/100 brn|[from] item: Leftovers
|upkeep
|
|t:|1718920192
|switch|p2a: Jellicent|Jellicent, M, shiny|100/100 par
|-damage|p2a: Jellicent|88/100 par|[from] Stealth Rock
|-damage|p2a: Jellicent|63/100 par|[from] Spikes
|turn|76
|
|t:|1718920196
|move|p1a: Clefable|Soft-Boiled|p1a: Clefable
|-heal|p1a: Clefable|100/100 brn
|move|p2a: Jellicent|Taunt|p1a: Clefable
|-start|p1a: Clefable|move: Taunt
|
|upkeep
|turn|77
|
|t:|1718920203
|switch|p1a: Blissey|Blissey, F|76/100
|-damage|p1a: Blissey|64/100|[from] Stealth Rock
|move|p2a: Jellicent|Will-O-Wisp|p1a: Blissey
|-status|p1a: Blissey|brn
|
|-heal|p1a: Blissey|70/100 brn|[from] item: Leftovers
|-damage|p1a: Blissey|58/100 brn|[from] brn
|upkeep
|turn|78
|
|t:|1718920208
|move|p1a: Blissey|Soft-Boiled|p1a: Blissey
|-heal|p1a: Blissey|100/100 brn
|move|p2a: Jellicent|Recover|p2a: Jellicent
|-heal|p2a: Jellicent|100/100 par
|
|-damage|p1a: Blissey|88/100 brn|[from] brn
|upkeep
|turn|79
|
|t:|1718920213
|move|p1a: Blissey|Seismic Toss|p2a: Jellicent
|-immune|p2a: Jellicent
|cant|p2a: Jellicent|par
|
|-heal|p1a: Blissey|94/100 brn|[from] item: Leftovers
|-damage|p1a: Blissey|82/100 brn|[from] brn
|upkeep
|turn|80
|
|t:|1718920217
|move|p1a: Blissey|Thunder Wave|p2a: Jellicent
|-fail|p2a: Jellicent|par
|move|p2a: Jellicent|Taunt|p1a: Blissey
|-start|p1a: Blissey|move: Taunt
|
|-heal|p1a: Blissey|88/100 brn|[from] item: Leftovers
|-damage|p1a: Blissey|75/100 brn|[from] brn
|upkeep
|turn|81
|
|t:|1718920223
|-curestatus|p1a: Blissey|brn|[from] ability: Natural Cure
|switch|p1a: Clefable|Clefable, M|100/100 brn
|move|p2a: Jellicent|Taunt|p1a: Clefable
|-start|p1a: Clefable|move: Taunt
|
|upkeep
|turn|82
|
|t:|1718920229
|move|p1a: Clefable|Knock Off|p2a: Jellicent
|-supereffective|p2a: Jellicent
|-damage|p2a: Jellicent|96/100 par
|move|p2a: Jellicent|Night Shade|p1a: Clefable
|-immune|p1a: Clefable
|
|upkeep
|turn|83
|
|t:|1718920232
|move|p1a: Clefable|Knock Off|p2a: Jellicent
|-supereffective|p2a: Jellicent
|-damage|p2a: Jellicent|92/100 par
|move|p2a: Jellicent|Night Shade|p1a: Clefable
|-immune|p1a: Clefable
|
|-end|p1a: Clefable|move: Taunt
|upkeep
|turn|84
|
|t:|1718920238
|move|p1a: Clefable|Encore|p2a: Jellicent
|-start|p2a: Jellicent|Encore
|move|p2a: Jellicent|Night Shade|p1a: Clefable
|-immune|p1a: Clefable
|
|upkeep
|turn|85
|
|t:|1718920241
|move|p1a: Clefable|Knock Off|p2a: Jellicent
|-supereffective|p2a: Jellicent
|-crit|p2a: Jellicent
|-damage|p2a: Jellicent|84/100 par
|move|p2a: Jellicent|Night Shade|p1a: Clefable
|-immune|p1a: Clefable
|
|upkeep
|turn|86
|
|t:|1718920245
|move|p1a: Clefable|Knock Off|p2a: Jellicent
|-supereffective|p2a: Jellicent
|-damage|p2a: Jellicent|80/100 par
|move|p2a: Jellicent|Night Shade|p1a: Clefable
|-immune|p1a: Clefable
|
|-end|p2a: Jellicent|Encore
|upkeep
|turn|87
|
|t:|1718920250
|move|p1a: Clefable|Knock Off|p2a: Jellicent
|-supereffective|p2a: Jellicent
|-damage|p2a: Jellicent|76/100 par
|move|p2a: Jellicent|Night Shade|p1a: Clefable
|-immune|p1a: Clefable
|
|upkeep
|turn|88
|
|t:|1718920253
|move|p1a: Clefable|Knock Off|p2a: Jellicent
|-supereffective|p2a: Jellicent
|-damage|p2a: Jellicent|73/100 par
|move|p2a: Jellicent|Night Shade|p1a: Clefable
|-immune|p1a: Clefable
|
|upkeep
|turn|89
|
|t:|1718920263
|move|p1a: Clefable|Knock Off|p2a: Jellicent
|-supereffective|p2a: Jellicent
|-damage|p2a: Jellicent|69/100 par
|move|p2a: Jellicent|Night Shade|p1a: Clefable
|-immune|p1a: Clefable
|
|upkeep
|turn|90
|
|t:|1718920270
|move|p1a: Clefable|Knock Off|p2a: Jellicent
|-supereffective|p2a: Jellicent
|-damage|p2a: Jellicent|65/100 par
|move|p2a: Jellicent|Night Shade|p1a: Clefable
|-immune|p1a: Clefable
|
|upkeep
|turn|91
|
|t:|1718920272
|move|p1a: Clefable|Knock Off|p2a: Jellicent
|-supereffective|p2a: Jellicent
|-damage|p2a: Jellicent|61/100 par
|cant|p2a: Jellicent|par
|
|upkeep
|turn|92
|
|t:|1718920277
|move|p1a: Clefable|Knock Off|p2a: Jellicent
|-supereffective|p2a: Jellicent
|-damage|p2a: Jellicent|56/100 par
|move|p2a: Jellicent|Night Shade|p1a: Clefable
|-immune|p1a: Clefable
|
|upkeep
|turn|93
|
|t:|1718920280
|move|p1a: Clefable|Knock Off|p2a: Jellicent
|-supereffective|p2a: Jellicent
|-damage|p2a: Jellicent|52/100 par
|move|p2a: Jellicent|Night Shade|p1a: Clefable
|-immune|p1a: Clefable
|
|upkeep
|turn|94
|
|t:|1718920282
|move|p1a: Clefable|Encore|p2a: Jellicent
|-start|p2a: Jellicent|Encore
|move|p2a: Jellicent|Night Shade|p1a: Clefable
|-immune|p1a: Clefable
|
|upkeep
|turn|95
|
|t:|1718920287
|move|p1a: Clefable|Knock Off|p2a: Jellicent
|-supereffective|p2a: Jellicent
|-crit|p2a: Jellicent
|-damage|p2a: Jellicent|44/100 par
|move|p2a: Jellicent|Night Shade|p1a: Clefable
|-immune|p1a: Clefable
|
|upkeep
|turn|96
|
|t:|1718920289
|move|p1a: Clefable|Knock Off|p2a: Jellicent
|-supereffective|p2a: Jellicent
|-damage|p2a: Jellicent|39/100 par
|move|p2a: Jellicent|Night Shade|p1a: Clefable
|-immune|p1a: Clefable
|
|-end|p2a: Jellicent|Encore
|upkeep
|turn|97
|
|t:|1718920293
|move|p1a: Clefable|Encore|p2a: Jellicent
|-start|p2a: Jellicent|Encore
|move|p2a: Jellicent|Night Shade|p1a: Clefable
|-immune|p1a: Clefable
|
|upkeep
|turn|98
|
|t:|1718920295
|move|p1a: Clefable|Knock Off|p2a: Jellicent
|-supereffective|p2a: Jellicent
|-damage|p2a: Jellicent|35/100 par
|move|p2a: Jellicent|Night Shade|p1a: Clefable
|-immune|p1a: Clefable
|
|upkeep
|turn|99
|
|t:|1718920297
|move|p1a: Clefable|Knock Off|p2a: Jellicent
|-supereffective|p2a: Jellicent
|-damage|p2a: Jellicent|30/100 par
|cant|p2a: Jellicent|par
|
|-end|p2a: Jellicent|Encore
|upkeep
|turn|100
|
|t:|1718920300
|move|p1a: Clefable|Encore|p2a: Jellicent
|-start|p2a: Jellicent|Encore
|move|p2a: Jellicent|Night Shade|p1a: Clefable
|-immune|p1a: Clefable
|
|upkeep
|turn|101
|
|t:|1718920302
|move|p1a: Clefable|Knock Off|p2a: Jellicent
|-supereffective|p2a: Jellicent
|-damage|p2a: Jellicent|26/100 par
|move|p2a: Jellicent|Night Shade|p1a: Clefable
|-immune|p1a: Clefable
|
|upkeep
|turn|102
|
|t:|1718920304
|move|p1a: Clefable|Knock Off|p2a: Jellicent
|-supereffective|p2a: Jellicent
|-damage|p2a: Jellicent|22/100 par
|cant|p2a: Jellicent|par
|
|-end|p2a: Jellicent|Encore
|upkeep
|turn|103
|
|t:|1718920307
|move|p1a: Clefable|Encore|p2a: Jellicent
|-start|p2a: Jellicent|Encore
|move|p2a: Jellicent|Night Shade|p1a: Clefable
|-immune|p1a: Clefable
|
|upkeep
|turn|104
|
|t:|1718920308
|move|p1a: Clefable|Knock Off|p2a: Jellicent
|-supereffective|p2a: Jellicent
|-damage|p2a: Jellicent|18/100 par
|move|p2a: Jellicent|Night Shade|p1a: Clefable
|-immune|p1a: Clefable
|
|upkeep
|turn|105
|
|t:|1718920311
|move|p1a: Clefable|Knock Off|p2a: Jellicent
|-supereffective|p2a: Jellicent
|-damage|p2a: Jellicent|14/100 par
|move|p2a: Jellicent|Night Shade|p1a: Clefable
|-immune|p1a: Clefable
|
|-end|p2a: Jellicent|Encore
|upkeep
|turn|106
|
|t:|1718920315
|move|p1a: Clefable|Encore|p2a: Jellicent
|-start|p2a: Jellicent|Encore
|cant|p2a: Jellicent|par
|
|upkeep
|turn|107
|
|t:|1718920316
|move|p1a: Clefable|Knock Off|p2a: Jellicent
|-supereffective|p2a: Jellicent
|-damage|p2a: Jellicent|11/100 par
|move|p2a: Jellicent|Night Shade|p1a: Clefable
|-immune|p1a: Clefable
|
|upkeep
|turn|108
|
|t:|1718920326
|move|p1a: Clefable|Knock Off|p2a: Jellicent
|-supereffective|p2a: Jellicent
|-crit|p2a: Jellicent
|-damage|p2a: Jellicent|3/100 par
|cant|p2a: Jellicent|par
|
|-end|p2a: Jellicent|Encore
|upkeep
|turn|109
|
|t:|1718920330
|move|p1a: Clefable|Knock Off|p2a: Jellicent
|-supereffective|p2a: Jellicent
|-damage|p2a: Jellicent|0 fnt
|faint|p2a: Jellicent
|
|upkeep
|
|t:|1718920332
|switch|p2a: Gyarados|Gyarados, F, shiny|45/100
|-damage|p2a: Gyarados|20/100|[from] Stealth Rock
|-ability|p2a: Gyarados|Intimidate|boost
|-unboost|p1a: Clefable|atk|1
|turn|110
|
|t:|1718920334
|move|p2a: Gyarados|Waterfall|p1a: Clefable
|-damage|p1a: Clefable|58/100 brn
|move|p1a: Clefable|Seismic Toss|p2a: Gyarados
|-damage|p2a: Gyarados|0 fnt
|faint|p2a: Gyarados
|
|win|BWR monai
|raw|BWR monai's rating: 1407 &rarr; <strong>1434</strong><br />(+27 for winning)
|raw|seanb143's rating: 1534 &rarr; <strong>1507</strong><br />(-27 for losing)
