|j|☆karakalla_95
|j|☆the great gazump
|t:|1716135015
|gametype|singles
|player|p1|karakalla_95|102|1308
|player|p2|the great gazump|170|1539
|teamsize|p1|6
|teamsize|p2|6
|gen|5
|tier|[Gen 5] OU
|rated|
|rule|Species Clause: Limit one of each Pokémon
|rule|OHKO Clause: OHKO moves are banned
|rule|Moody Clause: Moody is banned
|rule|Evasion Items Clause: Evasion items are banned
|rule|Evasion Moves Clause: Evasion moves are banned
|rule|Endless Battle Clause: Forcing endless battles is banned
|rule|HP Percentage Mod: HP is shown in percentages
|rule|Evasion Abilities Clause: Evasion abilities are banned
|rule|Sleep Moves Clause: Sleep-inducing moves are banned
|rule|Swagger Clause: Swagger is banned
|rule|Baton Pass Stat Clause: No Baton Passer may have a way to boost its stats
|clearpoke
|poke|p1|Salamence, M|item
|poke|p1|Dragonite, F|item
|poke|p1|Garchomp, F|item
|poke|p1|Magnezone|item
|poke|p1|Latios, M|item
|poke|p1|Metagross|item
|poke|p2|Skarmory, M|item
|poke|p2|Jellicent, M|item
|poke|p2|Garchomp, F|item
|poke|p2|Abomasnow, F|item
|poke|p2|Latios, M|item
|poke|p2|Reuniclus, F|item
|teampreview
|inactive|Battle timer is ON: inactive players will automatically lose when time's up. (requested by the great gazump)
|
|t:|1716135032
|start
|switch|p1a: Latios|Latios, M|100/100
|switch|p2a: Skarmory|Skarmory, M|100/100
|turn|1
|
|t:|1716135038
|switch|p1a: Magnezone|Magnezone|100/100
|move|p2a: Skarmory|Stealth Rock|p1a: Magnezone
|-sidestart|p1: karakalla_95|move: Stealth Rock
|
|upkeep
|turn|2
|
|t:|1716135045
|move|p1a: Magnezone|Thunderbolt|p2a: Skarmory
|-supereffective|p2a: Skarmory
|-ability|p2a: Skarmory|Sturdy
|-damage|p2a: Skarmory|1/100
|move|p2a: Skarmory|Spikes|p1a: Magnezone
|-sidestart|p1: karakalla_95|Spikes
|
|upkeep
|turn|3
|-enditem|p2a: Skarmory|Custap Berry|[eat]
|-activate|p2a: Skarmory|item: Custap Berry|[consumed]
|
|t:|1716135052
|move|p2a: Skarmory|Spikes|p1a: Magnezone
|-sidestart|p1: karakalla_95|Spikes
|move|p1a: Magnezone|Thunderbolt|p2a: Skarmory
|-supereffective|p2a: Skarmory
|-crit|p2a: Skarmory
|-damage|p2a: Skarmory|0 fnt
|faint|p2a: Skarmory
|
|upkeep
|
|t:|1716135075
|switch|p2a: Abomasnow|Abomasnow, F|100/100
|-weather|Hail|[from] ability: Snow Warning|[of] p2a: Abomasnow
|turn|4
|
|t:|1716135086
|switch|p1a: Metagross|Metagross|100/100
|-damage|p1a: Metagross|94/100|[from] Stealth Rock
|-damage|p1a: Metagross|78/100|[from] Spikes
|switch|p2a: Garchomp|Garchomp, F|100/100
|
|-weather|Hail|[upkeep]
|-damage|p2a: Garchomp|94/100|[from] Hail
|-damage|p1a: Metagross|72/100|[from] Hail
|upkeep
|turn|5
|
|t:|1716135098
|move|p2a: Garchomp|Earthquake|p1a: Metagross
|-supereffective|p1a: Metagross
|-damage|p1a: Metagross|0 fnt
|faint|p1a: Metagross
|
|-weather|Hail|[upkeep]
|-damage|p2a: Garchomp|88/100|[from] Hail
|upkeep
|inactive|karakalla_95 has 120 seconds left.
|
|t:|1716135135
|switch|p1a: Garchomp|Garchomp, F|100/100
|-damage|p1a: Garchomp|94/100|[from] Stealth Rock
|-damage|p1a: Garchomp|78/100|[from] Spikes
|turn|6
|
|t:|1716135154
|switch|p2a: Jellicent|Jellicent, M|100/100
|-item|p2a: Jellicent|Air Balloon
|move|p1a: Garchomp|Outrage|p2a: Jellicent
|-damage|p2a: Jellicent|50/100
|-enditem|p2a: Jellicent|Air Balloon
|
|-weather|Hail|[upkeep]
|-damage|p1a: Garchomp|72/100|[from] Hail
|-damage|p2a: Jellicent|44/100|[from] Hail
|upkeep
|turn|7
|inactive|karakalla_95 has 120 seconds left.
|j| THE Great Countrey
|
|t:|1716135166
|move|p1a: Garchomp|Outrage|p2a: Jellicent|[from]lockedmove
|-damage|p2a: Jellicent|0 fnt
|faint|p2a: Jellicent
|-start|p1a: Garchomp|confusion|[fatigue]
|
|-weather|Hail|[upkeep]
|-damage|p1a: Garchomp|65/100|[from] Hail
|upkeep
|inactive|the great gazump has 120 seconds left.
|inactive|the great gazump has 90 seconds left.
|
|t:|1716135230
|switch|p2a: Reuniclus|Reuniclus, F|100/100
|turn|8
|
|t:|1716135241
|-activate|p1a: Garchomp|confusion
|-damage|p1a: Garchomp|52/100|[from] confusion
|move|p2a: Reuniclus|Trick Room|p2a: Reuniclus
|-fieldstart|move: Trick Room|[of] p2a: Reuniclus
|
|-weather|Hail|[upkeep]
|-damage|p1a: Garchomp|46/100|[from] Hail
|upkeep
|turn|9
|
|t:|1716135249
|move|p2a: Reuniclus|Psychic|p1a: Garchomp
|-damage|p1a: Garchomp|0 fnt
|faint|p1a: Garchomp
|
|-weather|Hail|[upkeep]
|upkeep
|
|t:|1716135256
|switch|p1a: Latios|Latios, M|100/100
|-damage|p1a: Latios|88/100|[from] Stealth Rock
|turn|10
|
|t:|1716135268
|move|p2a: Reuniclus|Shadow Ball|p1a: Latios
|-supereffective|p1a: Latios
|-damage|p1a: Latios|14/100
|move|p1a: Latios|Trick|p2a: Reuniclus
|-activate|p1a: Latios|move: Trick|[of] p2a: Reuniclus
|-item|p2a: Reuniclus|Choice Specs|[from] move: Trick
|-item|p1a: Latios|Life Orb|[from] move: Trick
|
|-weather|Hail|[upkeep]
|-damage|p1a: Latios|8/100|[from] Hail
|upkeep
|turn|11
|
|t:|1716135278
|move|p2a: Reuniclus|Psychic|p1a: Latios
|-resisted|p1a: Latios
|-damage|p1a: Latios|0 fnt
|faint|p1a: Latios
|
|-weather|Hail|[upkeep]
|upkeep
|
|t:|1716135284
|switch|p1a: Magnezone|Magnezone|100/100
|-damage|p1a: Magnezone|94/100|[from] Stealth Rock
|-damage|p1a: Magnezone|78/100|[from] Spikes
|turn|12
|
|t:|1716135290
|move|p2a: Reuniclus|Psychic|p1a: Magnezone
|-resisted|p1a: Magnezone
|-damage|p1a: Magnezone|29/100
|move|p1a: Magnezone|Thunderbolt|p2a: Reuniclus
|-damage|p2a: Reuniclus|58/100
|
|-weather|Hail|[upkeep]
|-damage|p1a: Magnezone|23/100|[from] Hail
|-fieldend|move: Trick Room
|upkeep
|turn|13
|
|t:|1716135298
|switch|p2a: Garchomp|Garchomp, F|88/100
|move|p1a: Magnezone|Thunderbolt|p2a: Garchomp
|-immune|p2a: Garchomp
|
|-weather|Hail|[upkeep]
|-damage|p1a: Magnezone|17/100|[from] Hail
|-damage|p2a: Garchomp|82/100|[from] Hail
|upkeep
|turn|14
|
|t:|1716135310
|switch|p1a: Dragonite|Dragonite, F|100/100
|-damage|p1a: Dragonite|76/100|[from] Stealth Rock
|move|p2a: Garchomp|Outrage|p1a: Dragonite
|-supereffective|p1a: Dragonite
|-damage|p1a: Dragonite|0 fnt
|faint|p1a: Dragonite
|
|-weather|Hail|[upkeep]
|-damage|p2a: Garchomp|76/100|[from] Hail
|upkeep
|
|t:|1716135322
|switch|p1a: Salamence|Salamence, M|100/100
|-damage|p1a: Salamence|76/100|[from] Stealth Rock
|turn|15
|
|t:|1716135325
|move|p1a: Salamence|Outrage|p2a: Garchomp
|-supereffective|p2a: Garchomp
|-damage|p2a: Garchomp|0 fnt
|-damage|p1a: Salamence|63/100|[from] ability: Rough Skin|[of] p2a: Garchomp
|faint|p2a: Garchomp
|-ability|p1a: Salamence|Moxie|boost
|-boost|p1a: Salamence|atk|1
|
|-weather|Hail|[upkeep]
|-damage|p1a: Salamence|57/100|[from] Hail
|upkeep
|
|t:|1716135327
|switch|p2a: Abomasnow|Abomasnow, F|100/100
|turn|16
|
|t:|1716135337
|move|p2a: Abomasnow|Ice Shard|p1a: Salamence
|-supereffective|p1a: Salamence
|-damage|p1a: Salamence|0 fnt
|faint|p1a: Salamence
|-damage|p2a: Abomasnow|91/100|[from] item: Life Orb
|
|-weather|Hail|[upkeep]
|upkeep
|
|t:|1716135344
|switch|p1a: Magnezone|Magnezone|17/100
|-damage|p1a: Magnezone|11/100|[from] Stealth Rock
|-damage|p1a: Magnezone|0 fnt|[from] Spikes
|faint|p1a: Magnezone
|
|win|the great gazump
|raw|karakalla_95's rating: 1308 &rarr; <strong>1300</strong><br />(-8 for losing)
|raw|the great gazump's rating: 1539 &rarr; <strong>1547</strong><br />(+8 for winning)
