|j|☆Icequake
|j|☆space bound monkey
|player|p1|Icequake|boarder-gen2|1452
|player|p2|space bound monkey|287|1406
|teamsize|p1|6
|teamsize|p2|6
|gametype|singles
|gen|5
|tier|[Gen 5] OU
|rated|
|rule|Sleep Clause Mod: Limit one foe put to sleep
|rule|Species Clause: Limit one of each Pokémon
|rule|OHKO Clause: OHKO moves are banned
|rule|Moody Clause: Moody is banned
|rule|Evasion Moves Clause: Evasion moves are banned
|rule|Endless Battle Clause: Forcing endless battles is banned
|rule|HP Percentage Mod: HP is shown in percentages
|rule|Evasion Abilities Clause: Evasion abilities are banned
|rule|Baton Pass Clause: Limit one Baton Passer, can't pass Spe and other stats simultaneously
|rule|Swagger Clause: Swagger is banned
|clearpoke
|poke|p1|Tyranitar, F|item
|poke|p1|Salamence, F|item
|poke|p1|Excadrill, M|item
|poke|p1|Milotic, M|item
|poke|p1|Starmie|item
|poke|p1|Ferrothorn, F|item
|poke|p2|Cofagrigus, F|item
|poke|p2|Alakazam, F|item
|poke|p2|Skarmory, F|item
|poke|p2|Kyurem-Black|item
|poke|p2|Scizor, M|item
|poke|p2|Reuniclus, F|item
|teampreview
|inactive|Battle timer is ON: inactive players will automatically lose when time's up. (requested by space bound monkey)
|
|start
|switch|p1a: Milotic|Milotic, M|100/100
|switch|p2a: Skarmory|Skarmory, F|100/100
|turn|1
|
|move|p2a: Skarmory|Stealth Rock|p1a: Milotic
|-sidestart|p1: Icequake|move: Stealth Rock
|move|p1a: Milotic|Hypnosis|p2a: Skarmory
|-status|p2a: Skarmory|slp|[from] move: Hypnosis
|
|upkeep
|turn|2
|
|switch|p1a: Excadrill|Excadrill, M|100/100
|-damage|p1a: Excadrill|97/100|[from] Stealth Rock
|cant|p2a: Skarmory|slp
|
|-heal|p1a: Excadrill|100/100|[from] item: Leftovers
|upkeep
|turn|3
|
|move|p1a: Excadrill|Swords Dance|p1a: Excadrill
|-boost|p1a: Excadrill|atk|2
|-curestatus|p2a: Skarmory|slp|[msg]
|move|p2a: Skarmory|Spikes|p1a: Excadrill
|-sidestart|p1: Icequake|Spikes
|
|upkeep
|turn|4
|
|switch|p2a: Cofagrigus|Cofagrigus, F|100/100
|move|p1a: Excadrill|Swords Dance|p1a: Excadrill
|-boost|p1a: Excadrill|atk|2
|
|upkeep
|turn|5
|
|switch|p2a: Skarmory|Skarmory, F|100/100
|move|p1a: Excadrill|Earthquake|p2a: Skarmory
|-immune|p2a: Skarmory
|
|upkeep
|turn|6
|
|move|p1a: Excadrill|Iron Head|p2a: Skarmory
|-resisted|p2a: Skarmory
|-damage|p2a: Skarmory|43/100
|move|p2a: Skarmory|Brave Bird|p1a: Excadrill
|-resisted|p1a: Excadrill
|-damage|p1a: Excadrill|69/100
|-damage|p2a: Skarmory|29/100|[from] Recoil
|
|-heal|p1a: Excadrill|75/100|[from] item: Leftovers
|upkeep
|turn|7
|
|move|p1a: Excadrill|Iron Head|p2a: Skarmory
|-resisted|p2a: Skarmory
|-damage|p2a: Skarmory|0 fnt
|faint|p2a: Skarmory
|
|-heal|p1a: Excadrill|81/100|[from] item: Leftovers
|upkeep
|
|switch|p2a: Alakazam|Alakazam, F|100/100
|turn|8
|
|move|p1a: Excadrill|Protect|p1a: Excadrill
|-singleturn|p1a: Excadrill|Protect
|move|p2a: Alakazam|Focus Blast|p1a: Excadrill
|-activate|p1a: Excadrill|move: Protect
|
|-heal|p1a: Excadrill|87/100|[from] item: Leftovers
|upkeep
|turn|9
|
|switch|p1a: Starmie|Starmie|100/100
|-damage|p1a: Starmie|88/100|[from] Stealth Rock
|-damage|p1a: Starmie|76/100|[from] Spikes
|move|p2a: Alakazam|Focus Blast|p1a: Starmie|[miss]
|-miss|p2a: Alakazam|p1a: Starmie
|
|-heal|p1a: Starmie|82/100|[from] item: Leftovers
|upkeep
|turn|10
|
|switch|p2a: Cofagrigus|Cofagrigus, F|100/100
|move|p1a: Starmie|Thunder Wave|p2a: Cofagrigus
|-status|p2a: Cofagrigus|par
|
|-heal|p1a: Starmie|88/100|[from] item: Leftovers
|upkeep
|turn|11
|
|switch|p1a: Steely Feely|Ferrothorn, F|100/100
|-damage|p1a: Steely Feely|88/100|[from] Spikes
|-damage|p1a: Steely Feely|82/100|[from] Stealth Rock
|move|p2a: Cofagrigus|Shadow Ball|p1a: Steely Feely
|-resisted|p1a: Steely Feely
|-damage|p1a: Steely Feely|70/100
|
|-heal|p1a: Steely Feely|76/100|[from] item: Leftovers
|upkeep
|turn|12
|
|move|p1a: Steely Feely|Stealth Rock|p2a: Cofagrigus
|-sidestart|p2: space bound monkey|move: Stealth Rock
|move|p2a: Cofagrigus|Nasty Plot|p2a: Cofagrigus
|-boost|p2a: Cofagrigus|spa|2
|
|-heal|p1a: Steely Feely|82/100|[from] item: Leftovers
|upkeep
|turn|13
|
|move|p1a: Steely Feely|Knock Off|p2a: Cofagrigus
|-supereffective|p2a: Cofagrigus
|-damage|p2a: Cofagrigus|93/100 par
|-activate|p2a: Cofagrigus|ability: Mummy|Iron Barbs|[of] p1a: Steely Feely
|-enditem|p2a: Cofagrigus|Leftovers|[from] move: Knock Off|[of] p1a: Steely Feely
|cant|p2a: Cofagrigus|par
|
|-heal|p1a: Steely Feely|88/100|[from] item: Leftovers
|upkeep
|turn|14
|
|switch|p1a: Tyranitar|Tyranitar, F|100/100
|-damage|p1a: Tyranitar|88/100|[from] Stealth Rock
|-damage|p1a: Tyranitar|76/100|[from] Spikes
|-weather|Sandstorm|[from] ability: Sand Stream|[of] p1a: Tyranitar
|move|p2a: Cofagrigus|Trick Room|p2a: Cofagrigus
|-fieldstart|move: Trick Room|[of] p2a: Cofagrigus
|
|-weather|Sandstorm|[upkeep]
|-damage|p2a: Cofagrigus|87/100 par|[from] Sandstorm
|upkeep
|turn|15
|
|move|p2a: Cofagrigus|Hidden Power|p1a: Tyranitar
|-supereffective|p1a: Tyranitar
|-damage|p1a: Tyranitar|0 fnt
|faint|p1a: Tyranitar
|
|-weather|Sandstorm|[upkeep]
|-damage|p2a: Cofagrigus|80/100 par|[from] Sandstorm
|upkeep
|
|switch|p1a: Milotic|Milotic, M|100/100
|-damage|p1a: Milotic|88/100|[from] Stealth Rock
|-damage|p1a: Milotic|76/100|[from] Spikes
|turn|16
|
|move|p2a: Cofagrigus|Shadow Ball|p1a: Milotic
|-damage|p1a: Milotic|30/100
|move|p1a: Milotic|Recover|p1a: Milotic
|-heal|p1a: Milotic|80/100
|
|-weather|Sandstorm|[upkeep]
|-damage|p2a: Cofagrigus|74/100 par|[from] Sandstorm
|-damage|p1a: Milotic|74/100|[from] Sandstorm
|-heal|p1a: Milotic|80/100|[from] item: Leftovers
|upkeep
|turn|17
|
|move|p2a: Cofagrigus|Shadow Ball|p1a: Milotic
|-damage|p1a: Milotic|32/100
|move|p1a: Milotic|Recover|p1a: Milotic
|-heal|p1a: Milotic|82/100
|
|-weather|Sandstorm|[upkeep]
|-damage|p2a: Cofagrigus|68/100 par|[from] Sandstorm
|-damage|p1a: Milotic|76/100|[from] Sandstorm
|-heal|p1a: Milotic|82/100|[from] item: Leftovers
|upkeep
|turn|18
|
|move|p2a: Cofagrigus|Shadow Ball|p1a: Milotic
|-damage|p1a: Milotic|36/100
|-unboost|p1a: Milotic|spd|1
|move|p1a: Milotic|Recover|p1a: Milotic
|-heal|p1a: Milotic|86/100
|
|-weather|Sandstorm|[upkeep]
|-damage|p2a: Cofagrigus|62/100 par|[from] Sandstorm
|-damage|p1a: Milotic|80/100|[from] Sandstorm
|-heal|p1a: Milotic|86/100|[from] item: Leftovers
|-fieldend|move: Trick Room
|upkeep
|turn|19
|
|move|p1a: Milotic|Scald|p2a: Cofagrigus
|-damage|p2a: Cofagrigus|35/100 par
|move|p2a: Cofagrigus|Trick Room|p2a: Cofagrigus
|-fieldstart|move: Trick Room|[of] p2a: Cofagrigus
|
|-weather|Sandstorm|[upkeep]
|-damage|p2a: Cofagrigus|29/100 par|[from] Sandstorm
|-damage|p1a: Milotic|80/100|[from] Sandstorm
|-heal|p1a: Milotic|86/100|[from] item: Leftovers
|upkeep
|turn|20
|
|move|p2a: Cofagrigus|Shadow Ball|p1a: Milotic
|-damage|p1a: Milotic|20/100
|-unboost|p1a: Milotic|spd|1
|move|p1a: Milotic|Scald|p2a: Cofagrigus
|-damage|p2a: Cofagrigus|3/100 par
|
|-weather|Sandstorm|[upkeep]
|-damage|p2a: Cofagrigus|0 fnt|[from] Sandstorm
|-damage|p1a: Milotic|13/100|[from] Sandstorm
|faint|p2a: Cofagrigus
|-heal|p1a: Milotic|20/100|[from] item: Leftovers
|upkeep
|
|switch|p2a: Reuniclus|Reuniclus, F|100/100
|turn|21
|
|move|p2a: Reuniclus|Psychic|p1a: Milotic
|-damage|p1a: Milotic|0 fnt
|faint|p1a: Milotic
|
|-weather|Sandstorm|[upkeep]
|upkeep
|
|switch|p1a: Steely Feely|Ferrothorn, F|88/100
|-damage|p1a: Steely Feely|76/100|[from] Spikes
|-damage|p1a: Steely Feely|70/100|[from] Stealth Rock
|turn|22
|
|move|p2a: Reuniclus|Focus Blast|p1a: Steely Feely
|-supereffective|p1a: Steely Feely
|-crit|p1a: Steely Feely
|-damage|p1a: Steely Feely|0 fnt
|faint|p1a: Steely Feely
|
|-weather|Sandstorm|[upkeep]
|upkeep
|
|switch|p1a: Starmie|Starmie|88/100
|-damage|p1a: Starmie|76/100|[from] Spikes
|-damage|p1a: Starmie|63/100|[from] Stealth Rock
|turn|23
|
|move|p2a: Reuniclus|Signal Beam|p1a: Starmie
|-supereffective|p1a: Starmie
|-damage|p1a: Starmie|0 fnt
|faint|p1a: Starmie
|
|-weather|Sandstorm|[upkeep]
|-fieldend|move: Trick Room
|upkeep
|
|switch|p1a: Excadrill|Excadrill, M|87/100
|-damage|p1a: Excadrill|84/100|[from] Stealth Rock
|-damage|p1a: Excadrill|72/100|[from] Spikes
|turn|24
|
|move|p1a: Excadrill|Swords Dance|p1a: Excadrill
|-boost|p1a: Excadrill|atk|2
|move|p2a: Reuniclus|Trick Room|p2a: Reuniclus
|-fieldstart|move: Trick Room|[of] p2a: Reuniclus
|
|-weather|Sandstorm|[upkeep]
|-heal|p1a: Excadrill|78/100|[from] item: Leftovers
|upkeep
|turn|25
|
|move|p1a: Excadrill|Protect|p1a: Excadrill
|-singleturn|p1a: Excadrill|Protect
|move|p2a: Reuniclus|Psychic|p1a: Excadrill
|-activate|p1a: Excadrill|move: Protect
|
|-weather|Sandstorm|[upkeep]
|-heal|p1a: Excadrill|84/100|[from] item: Leftovers
|upkeep
|turn|26
|
|move|p2a: Reuniclus|Focus Blast|p1a: Excadrill
|-supereffective|p1a: Excadrill
|-damage|p1a: Excadrill|0 fnt
|faint|p1a: Excadrill
|
|-weather|Sandstorm|[upkeep]
|upkeep
|
|switch|p1a: Salamence|Salamence, F|100/100
|-damage|p1a: Salamence|76/100|[from] Stealth Rock
|-ability|p1a: Salamence|Intimidate|boost
|-unboost|p2a: Reuniclus|atk|1
|turn|27
|c|☆space bound monkey|olz
|c|☆space bound monkey|trash
|
|move|p2a: Reuniclus|Psychic|p1a: Salamence
|-damage|p1a: Salamence|0 fnt
|faint|p1a: Salamence
|
|win|space bound monkey
|c|☆Icequake|u crit me
|c|☆space bound monkey|knock off 5th gen
|c|☆space bound monkey|loz
|c|☆Icequake|gg
|c|☆space bound monkey|i dont need thatcrit
|raw|Icequake's rating: 1452 &rarr; <strong>1429</strong><br />(-23 for losing)
|raw|space bound monkey's rating: 1406 &rarr; <strong>1429</strong><br />(+23 for winning)
|c|☆Icequake|take your wins with respect if u want to earn it
|c|☆space bound monkey|stfu no one needs ur respect
|c|☆space bound monkey|ur no one
