|j|☆Taaa da
|j|☆mollydon
|player|p1|Taaa da|anabel-gen3
|player|p2|mollydon|137
|teamsize|p1|6
|teamsize|p2|6
|gametype|singles
|gen|5
|tier|[Gen 5] OU
|rated|
|rule|Sleep Clause Mod: Limit one foe put to sleep
|rule|Species Clause: Limit one of each Pokémon
|rule|OHKO Clause: OHKO moves are banned
|rule|Moody Clause: Moody is banned
|rule|Evasion Moves Clause: Evasion moves are banned
|rule|Endless Battle Clause: Forcing endless battles is banned
|rule|HP Percentage Mod: HP is shown in percentages
|rule|Evasion Abilities Clause: Evasion abilities are banned
|rule|Baton Pass Clause: Limit one Baton Passer, can't pass Spe and other stats simultaneously
|rule|Swagger Clause: Swagger is banned
|clearpoke
|poke|p1|Skarmory, F|item
|poke|p1|Mandibuzz, F|item
|poke|p1|Gastrodon-East, M|item
|poke|p1|Chansey, F|item
|poke|p1|Conkeldurr, M|item
|poke|p1|Alakazam, M|item
|poke|p2|Gengar, M|item
|poke|p2|Gliscor, F|item
|poke|p2|Breloom, M|item
|poke|p2|Dragonite, F|item
|poke|p2|Tentacruel, M|item
|poke|p2|Darmanitan, F|item
|teampreview
|inactive|Battle timer is ON: inactive players will automatically lose when time's up. (requested by mollydon)
|
|start
|switch|p1a: Skarmory|Skarmory, F|100/100
|switch|p2a: Breloom|Breloom, M|100/100
|turn|1
|
|switch|p1a: Mandibuzz|Mandibuzz, F|100/100
|move|p2a: Breloom|Spore|p1a: Mandibuzz
|-status|p1a: Mandibuzz|slp|[from] move: Spore
|
|upkeep
|turn|2
|
|switch|p1a: Skarmory|Skarmory, F|100/100
|move|p2a: Breloom|Rock Tomb|p1a: Skarmory|[miss]
|-miss|p2a: Breloom|p1a: Skarmory
|
|upkeep
|turn|3
|
|switch|p2a: Darmanitan|Darmanitan, F|100/100
|move|p1a: Skarmory|Stealth Rock|p2a: Darmanitan
|-sidestart|p2: mollydon|move: Stealth Rock
|
|upkeep
|turn|4
|
|switch|p1a: Gastrodon|Gastrodon-East, M|100/100
|move|p2a: Darmanitan|Flare Blitz|p1a: Gastrodon
|-resisted|p1a: Gastrodon
|-crit|p1a: Gastrodon
|-damage|p1a: Gastrodon|20/100
|-damage|p2a: Darmanitan|68/100|[from] Recoil
|
|-heal|p1a: Gastrodon|26/100|[from] item: Leftovers
|upkeep
|turn|5
|
|switch|p1a: Mandibuzz|Mandibuzz, F|100/100 slp
|move|p2a: Darmanitan|Flare Blitz|p1a: Mandibuzz
|-damage|p1a: Mandibuzz|49/100 slp
|-damage|p2a: Darmanitan|48/100|[from] Recoil
|
|-heal|p1a: Mandibuzz|55/100 slp|[from] item: Leftovers
|upkeep
|turn|6
|
|switch|p2a: Tentacruel|Tentacruel, M|100/100
|-damage|p2a: Tentacruel|88/100|[from] Stealth Rock
|cant|p1a: Mandibuzz|slp
|
|-heal|p2a: Tentacruel|94/100|[from] item: Black Sludge
|-heal|p1a: Mandibuzz|61/100 slp|[from] item: Leftovers
|upkeep
|turn|7
|
|switch|p1a: Skarmory|Skarmory, F|100/100
|move|p2a: Tentacruel|Rapid Spin|p1a: Skarmory
|-resisted|p1a: Skarmory
|-damage|p1a: Skarmory|99/100
|-sideend|p2: mollydon|Stealth Rock|[from] move: Rapid Spin|[of] p2a: Tentacruel
|
|-heal|p2a: Tentacruel|99/100|[from] item: Black Sludge
|-heal|p1a: Skarmory|100/100|[from] item: Leftovers
|upkeep
|turn|8
|
|switch|p1a: Gastrodon|Gastrodon-East, M|26/100
|move|p2a: Tentacruel|Scald|p1a: Gastrodon
|-ability|p1a: Gastrodon|Storm Drain|boost
|-boost|p1a: Gastrodon|spa|1
|
|-heal|p2a: Tentacruel|100/100|[from] item: Black Sludge
|-heal|p1a: Gastrodon|32/100|[from] item: Leftovers
|upkeep
|turn|9
|
|move|p2a: Tentacruel|Ice Beam|p1a: Gastrodon
|-damage|p1a: Gastrodon|20/100
|move|p1a: Gastrodon|Recover|p1a: Gastrodon
|-heal|p1a: Gastrodon|70/100
|
|-heal|p1a: Gastrodon|76/100|[from] item: Leftovers
|upkeep
|turn|10
|
|move|p2a: Tentacruel|Toxic Spikes|p1a: Gastrodon
|-sidestart|p1: Taaa da|move: Toxic Spikes
|move|p1a: Gastrodon|Scald|p2a: Tentacruel
|-resisted|p2a: Tentacruel
|-damage|p2a: Tentacruel|89/100
|-status|p2a: Tentacruel|brn
|
|-heal|p2a: Tentacruel|95/100 brn|[from] item: Black Sludge
|-heal|p1a: Gastrodon|82/100|[from] item: Leftovers
|-damage|p2a: Tentacruel|83/100 brn|[from] brn
|upkeep
|turn|11
|
|move|p2a: Tentacruel|Toxic Spikes|p1a: Gastrodon
|-sidestart|p1: Taaa da|move: Toxic Spikes
|move|p1a: Gastrodon|Earthquake|p2a: Tentacruel
|-supereffective|p2a: Tentacruel
|-crit|p2a: Tentacruel
|-damage|p2a: Tentacruel|0 fnt
|faint|p2a: Tentacruel
|
|-heal|p1a: Gastrodon|88/100|[from] item: Leftovers
|upkeep
|
|switch|p2a: Breloom|Breloom, M|100/100
|turn|12
|
|switch|p2a: Darmanitan|Darmanitan, F|48/100
|switch|p1a: Skarmory|Skarmory, F|100/100
|
|upkeep
|turn|13
|
|switch|p1a: Mandibuzz|Mandibuzz, F|61/100 slp
|move|p2a: Darmanitan|Flare Blitz|p1a: Mandibuzz
|-damage|p1a: Mandibuzz|13/100 slp
|-damage|p2a: Darmanitan|29/100|[from] Recoil
|
|-heal|p1a: Mandibuzz|19/100 slp|[from] item: Leftovers
|upkeep
|turn|14
|
|move|p2a: Darmanitan|Flare Blitz|p1a: Mandibuzz
|-damage|p1a: Mandibuzz|0 fnt
|-damage|p2a: Darmanitan|21/100|[from] Recoil
|faint|p1a: Mandibuzz
|
|upkeep
|
|switch|p1a: Alakazam|Alakazam, M|100/100
|-status|p1a: Alakazam|tox
|turn|15
|
|move|p2a: Darmanitan|Flare Blitz|p1a: Alakazam
|-enditem|p1a: Alakazam|Focus Sash
|-damage|p1a: Alakazam|1/100 tox
|-damage|p2a: Darmanitan|0 fnt|[from] Recoil
|faint|p2a: Darmanitan
|move|p1a: Alakazam|Psychic|p2: Darmanitan|[notarget]
|-fail|p1a: Alakazam
|
|upkeep
|
|switch|p2a: Dragonite|Dragonite, F|100/100
|turn|16
|
|switch|p1a: Skarmory|Skarmory, F|100/100
|move|p2a: Dragonite|Dragon Dance|p2a: Dragonite
|-boost|p2a: Dragonite|atk|1
|-boost|p2a: Dragonite|spe|1
|
|upkeep
|turn|17
|
|move|p2a: Dragonite|Dragon Dance|p2a: Dragonite
|-boost|p2a: Dragonite|atk|1
|-boost|p2a: Dragonite|spe|1
|move|p1a: Skarmory|Whirlwind|p2a: Dragonite
|drag|p2a: Breloom|Breloom, M|100/100
|
|upkeep
|turn|18
|
|switch|p1a: Alakazam|Alakazam, M|1/100 tox
|move|p2a: Breloom|Spore||[still]
|-fail|p2a: Breloom
|
|upkeep
|turn|19
|
|switch|p1a: Chansey|Chansey, F|100/100
|-status|p1a: Chansey|tox
|move|p2a: Breloom|Mach Punch|p1a: Chansey
|-supereffective|p1a: Chansey
|-damage|p1a: Chansey|53/100 tox
|
|-damage|p1a: Chansey|47/100 tox|[from] psn
|upkeep
|turn|20
|
|switch|p1a: Skarmory|Skarmory, F|100/100
|move|p2a: Breloom|Mach Punch|p1a: Skarmory
|-damage|p1a: Skarmory|76/100
|
|-heal|p1a: Skarmory|82/100|[from] item: Leftovers
|upkeep
|turn|21
|
|move|p2a: Breloom|Spore|p1a: Skarmory
|-status|p1a: Skarmory|slp|[from] move: Spore
|cant|p1a: Skarmory|slp
|
|-heal|p1a: Skarmory|88/100 slp|[from] item: Leftovers
|upkeep
|turn|22
|
|switch|p2a: Gengar|Gengar, M|100/100
|cant|p1a: Skarmory|slp
|
|-heal|p1a: Skarmory|94/100 slp|[from] item: Leftovers
|upkeep
|turn|23
|
|move|p2a: Gengar|Focus Blast|p1a: Skarmory
|-damage|p1a: Skarmory|57/100 slp
|cant|p1a: Skarmory|slp
|
|-heal|p1a: Skarmory|63/100 slp|[from] item: Leftovers
|upkeep
|turn|24
|
|move|p2a: Gengar|Focus Blast|p1a: Skarmory|[miss]
|-miss|p2a: Gengar|p1a: Skarmory
|-curestatus|p1a: Skarmory|slp|[msg]
|move|p1a: Skarmory|Roost|p1a: Skarmory
|-heal|p1a: Skarmory|100/100
|-singleturn|p1a: Skarmory|move: Roost
|
|upkeep
|turn|25
|
|move|p2a: Gengar|Substitute|p2a: Gengar
|-start|p2a: Gengar|Substitute
|-damage|p2a: Gengar|76/100
|move|p1a: Skarmory|Stealth Rock|p2a: Gengar
|-sidestart|p2: mollydon|move: Stealth Rock
|
|-heal|p2a: Gengar|82/100|[from] item: Black Sludge
|upkeep
|turn|26
|
|move|p2a: Gengar|Focus Blast|p1a: Skarmory
|-damage|p1a: Skarmory|61/100
|move|p1a: Skarmory|Whirlwind|p2a: Gengar
|drag|p2a: Dragonite|Dragonite, F|100/100
|-damage|p2a: Dragonite|76/100|[from] Stealth Rock
|
|-heal|p2a: Dragonite|82/100|[from] item: Leftovers
|-heal|p1a: Skarmory|67/100|[from] item: Leftovers
|upkeep
|turn|27
|
|move|p2a: Dragonite|Outrage|p1a: Skarmory
|-resisted|p1a: Skarmory
|-damage|p1a: Skarmory|39/100
|move|p1a: Skarmory|Roost|p1a: Skarmory
|-heal|p1a: Skarmory|89/100
|-singleturn|p1a: Skarmory|move: Roost
|
|-heal|p2a: Dragonite|88/100|[from] item: Leftovers
|-heal|p1a: Skarmory|95/100|[from] item: Leftovers
|upkeep
|turn|28
|
|move|p2a: Dragonite|Outrage|p1a: Skarmory|[from]lockedmove
|-resisted|p1a: Skarmory
|-crit|p1a: Skarmory
|-damage|p1a: Skarmory|47/100
|move|p1a: Skarmory|Roost|p1a: Skarmory
|-heal|p1a: Skarmory|97/100
|-singleturn|p1a: Skarmory|move: Roost
|
|-heal|p2a: Dragonite|94/100|[from] item: Leftovers
|-heal|p1a: Skarmory|100/100|[from] item: Leftovers
|upkeep
|turn|29
|
|move|p2a: Dragonite|Outrage|p1a: Skarmory|[from]lockedmove
|-resisted|p1a: Skarmory
|-damage|p1a: Skarmory|74/100
|-start|p2a: Dragonite|confusion|[fatigue]
|move|p1a: Skarmory|Roost|p1a: Skarmory
|-heal|p1a: Skarmory|100/100
|-singleturn|p1a: Skarmory|move: Roost
|
|-heal|p2a: Dragonite|100/100|[from] item: Leftovers
|upkeep
|turn|30
|
|-activate|p2a: Dragonite|confusion
|-damage|p2a: Dragonite|92/100|[from] confusion
|move|p1a: Skarmory|Whirlwind|p2a: Dragonite
|drag|p2a: Gliscor|Gliscor, F|100/100
|-damage|p2a: Gliscor|88/100|[from] Stealth Rock
|
|-status|p2a: Gliscor|tox|[from] item: Toxic Orb
|upkeep
|turn|31
|
|switch|p1a: Gastrodon|Gastrodon-East, M|88/100
|-status|p1a: Gastrodon|tox
|move|p2a: Gliscor|Stealth Rock|p1a: Gastrodon
|-sidestart|p1: Taaa da|move: Stealth Rock
|
|-heal|p1a: Gastrodon|94/100 tox|[from] item: Leftovers
|-heal|p2a: Gliscor|100/100 tox|[from] ability: Poison Heal
|-damage|p1a: Gastrodon|88/100 tox|[from] psn
|upkeep
|turn|32
|
|switch|p2a: Dragonite|Dragonite, F|92/100
|-damage|p2a: Dragonite|67/100|[from] Stealth Rock
|move|p1a: Gastrodon|Scald|p2a: Dragonite
|-resisted|p2a: Dragonite
|-damage|p2a: Dragonite|53/100
|-status|p2a: Dragonite|brn
|
|-heal|p2a: Dragonite|60/100 brn|[from] item: Leftovers
|-heal|p1a: Gastrodon|94/100 tox|[from] item: Leftovers
|-damage|p2a: Dragonite|47/100 brn|[from] brn
|-damage|p1a: Gastrodon|82/100 tox|[from] psn
|upkeep
|turn|33
|
|switch|p1a: Skarmory|Skarmory, F|100/100
|-damage|p1a: Skarmory|88/100|[from] Stealth Rock
|move|p2a: Dragonite|Outrage|p1a: Skarmory
|-resisted|p1a: Skarmory
|-damage|p1a: Skarmory|75/100
|
|-heal|p2a: Dragonite|53/100 brn|[from] item: Leftovers
|-heal|p1a: Skarmory|81/100|[from] item: Leftovers
|-damage|p2a: Dragonite|41/100 brn|[from] brn
|upkeep
|turn|34
|
|move|p2a: Dragonite|Outrage|p1a: Skarmory|[from]lockedmove
|-resisted|p1a: Skarmory
|-damage|p1a: Skarmory|69/100
|-start|p2a: Dragonite|confusion|[fatigue]
|move|p1a: Skarmory|Roost|p1a: Skarmory
|-heal|p1a: Skarmory|100/100
|-singleturn|p1a: Skarmory|move: Roost
|
|-heal|p2a: Dragonite|47/100 brn|[from] item: Leftovers
|-damage|p2a: Dragonite|35/100 brn|[from] brn
|upkeep
|turn|35
|
|switch|p2a: Gengar|Gengar, M|82/100
|-damage|p2a: Gengar|69/100|[from] Stealth Rock
|move|p1a: Skarmory|Whirlwind|p2a: Gengar
|drag|p2a: Dragonite|Dragonite, F|35/100 brn
|-damage|p2a: Dragonite|10/100 brn|[from] Stealth Rock
|
|-heal|p2a: Dragonite|16/100 brn|[from] item: Leftovers
|-damage|p2a: Dragonite|4/100 brn|[from] brn
|upkeep
|turn|36
|
|move|p2a: Dragonite|Outrage|p1a: Skarmory
|-resisted|p1a: Skarmory
|-damage|p1a: Skarmory|87/100
|move|p1a: Skarmory|Roost|p1a: Skarmory
|-heal|p1a: Skarmory|100/100
|-singleturn|p1a: Skarmory|move: Roost
|
|-heal|p2a: Dragonite|10/100 brn|[from] item: Leftovers
|-damage|p2a: Dragonite|0 fnt|[from] brn
|faint|p2a: Dragonite
|upkeep
|
|switch|p2a: Gengar|Gengar, M|69/100
|-damage|p2a: Gengar|57/100|[from] Stealth Rock
|turn|37
|
|switch|p1a: Chansey|Chansey, F|47/100
|-damage|p1a: Chansey|35/100|[from] Stealth Rock
|-status|p1a: Chansey|tox
|move|p2a: Gengar|Shadow Ball|p1a: Chansey
|-immune|p1a: Chansey
|
|-heal|p2a: Gengar|63/100|[from] item: Black Sludge
|-damage|p1a: Chansey|29/100 tox|[from] psn
|upkeep
|turn|38
|
|move|p2a: Gengar|Substitute|p2a: Gengar
|-start|p2a: Gengar|Substitute
|-damage|p2a: Gengar|38/100
|move|p1a: Chansey|Soft-Boiled|p1a: Chansey
|-heal|p1a: Chansey|79/100 tox
|
|-heal|p2a: Gengar|45/100|[from] item: Black Sludge
|-damage|p1a: Chansey|67/100 tox|[from] psn
|upkeep
|turn|39
|
|move|p2a: Gengar|Focus Blast|p1a: Chansey
|-supereffective|p1a: Chansey
|-damage|p1a: Chansey|45/100 tox
|-unboost|p1a: Chansey|spd|1
|move|p1a: Chansey|Heal Bell|p1a: Chansey
|-activate|p1a: Chansey|move: Heal Bell
|-curestatus|p1a: Chansey|tox|[msg]
|-curestatus|p1: Gastrodon|tox|[msg]
|-curestatus|p1: Alakazam|tox|[msg]
|
|-heal|p2a: Gengar|51/100|[from] item: Black Sludge
|upkeep
|turn|40
|
|move|p2a: Gengar|Focus Blast|p1a: Chansey|[miss]
|-miss|p2a: Gengar|p1a: Chansey
|move|p1a: Chansey|Soft-Boiled|p1a: Chansey
|-heal|p1a: Chansey|95/100
|
|-heal|p2a: Gengar|57/100|[from] item: Black Sludge
|upkeep
|turn|41
|
|move|p2a: Gengar|Focus Blast|p1a: Chansey
|-supereffective|p1a: Chansey
|-damage|p1a: Chansey|59/100
|move|p1a: Chansey|Soft-Boiled|p1a: Chansey
|-heal|p1a: Chansey|100/100
|
|-heal|p2a: Gengar|63/100|[from] item: Black Sludge
|upkeep
|turn|42
|
|switch|p2a: Breloom|Breloom, M|100/100
|-damage|p2a: Breloom|94/100|[from] Stealth Rock
|move|p1a: Chansey|Soft-Boiled||[still]
|-fail|p1a: Chansey
|
|upkeep
|turn|43
|
|move|p2a: Breloom|Bullet Seed|p1a: Chansey
|-damage|p1a: Chansey|87/100
|-damage|p1a: Chansey|74/100
|-damage|p1a: Chansey|61/100
|-hitcount|p1a: Chansey|3
|move|p1a: Chansey|Seismic Toss|p2a: Breloom
|-damage|p2a: Breloom|56/100
|
|upkeep
|turn|44
|
|move|p2a: Breloom|Bullet Seed|p1a: Chansey
|-damage|p1a: Chansey|47/100
|-crit|p1a: Chansey
|-damage|p1a: Chansey|20/100
|-damage|p1a: Chansey|5/100
|-damage|p1a: Chansey|0 fnt
|-hitcount|p1a: Chansey|4
|faint|p1a: Chansey
|
|upkeep
|
|switch|p1a: Conkeldurr|Conkeldurr, M|100/100
|-status|p1a: Conkeldurr|tox
|-damage|p1a: Conkeldurr|95/100 tox|[from] Stealth Rock
|turn|45
|
|switch|p2a: Gliscor|Gliscor, F|100/100 tox
|-damage|p2a: Gliscor|88/100 tox|[from] Stealth Rock
|move|p1a: Conkeldurr|Drain Punch|p2a: Gliscor
|-resisted|p2a: Gliscor
|-damage|p2a: Gliscor|67/100 tox
|-heal|p1a: Conkeldurr|100/100 tox|[from] drain|[of] p2a: Gliscor
|
|-heal|p2a: Gliscor|80/100 tox|[from] ability: Poison Heal
|-damage|p1a: Conkeldurr|95/100 tox|[from] psn
|upkeep
|turn|46
|
|switch|p1a: Gastrodon|Gastrodon-East, M|82/100
|-status|p1a: Gastrodon|tox
|-damage|p1a: Gastrodon|76/100 tox|[from] Stealth Rock
|move|p2a: Gliscor|Earthquake|p1a: Gastrodon
|-damage|p1a: Gastrodon|40/100 tox
|
|-heal|p1a: Gastrodon|46/100 tox|[from] item: Leftovers
|-heal|p2a: Gliscor|92/100 tox|[from] ability: Poison Heal
|-damage|p1a: Gastrodon|40/100 tox|[from] psn
|upkeep
|turn|47
|
|move|p2a: Gliscor|Earthquake|p1a: Gastrodon
|-damage|p1a: Gastrodon|7/100 tox
|move|p1a: Gastrodon|Scald|p2a: Gliscor
|-supereffective|p2a: Gliscor
|-damage|p2a: Gliscor|28/100 tox
|
|-heal|p1a: Gastrodon|13/100 tox|[from] item: Leftovers
|-heal|p2a: Gliscor|41/100 tox|[from] ability: Poison Heal
|-damage|p1a: Gastrodon|0 fnt|[from] psn
|faint|p1a: Gastrodon
|upkeep
|
|switch|p1a: Alakazam|Alakazam, M|1/100
|-status|p1a: Alakazam|tox
|turn|48
|
|move|p1a: Alakazam|Psychic|p2a: Gliscor
|-damage|p2a: Gliscor|0 fnt
|faint|p2a: Gliscor
|
|upkeep
|
|switch|p2a: Breloom|Breloom, M|56/100
|-damage|p2a: Breloom|50/100|[from] Stealth Rock
|turn|49
|
|move|p2a: Breloom|Mach Punch|p1a: Alakazam
|-resisted|p1a: Alakazam
|-damage|p1a: Alakazam|0 fnt
|faint|p1a: Alakazam
|
|upkeep
|
|switch|p1a: Conkeldurr|Conkeldurr, M|95/100 tox
|-damage|p1a: Conkeldurr|89/100 tox|[from] Stealth Rock
|turn|50
|
|move|p2a: Breloom|Bullet Seed|p1a: Conkeldurr
|-damage|p1a: Conkeldurr|69/100 tox
|-damage|p1a: Conkeldurr|50/100 tox
|-hitcount|p1a: Conkeldurr|2
|move|p1a: Conkeldurr|Drain Punch|p2a: Breloom
|-damage|p2a: Breloom|0 fnt
|-heal|p1a: Conkeldurr|69/100 tox|[from] drain|[of] p2a: Breloom
|faint|p2a: Breloom
|
|-heal|p1a: Conkeldurr|75/100 tox|[from] item: Leftovers
|-damage|p1a: Conkeldurr|69/100 tox|[from] psn
|upkeep
|
|switch|p2a: Gengar|Gengar, M|63/100
|-damage|p2a: Gengar|51/100|[from] Stealth Rock
|turn|51
|
|move|p2a: Gengar|Substitute|p2a: Gengar
|-start|p2a: Gengar|Substitute
|-damage|p2a: Gengar|26/100
|move|p1a: Conkeldurr|Payback|p2a: Gengar
|-supereffective|p2a: Gengar
|-end|p2a: Gengar|Substitute
|
|-heal|p2a: Gengar|32/100|[from] item: Black Sludge
|-heal|p1a: Conkeldurr|75/100 tox|[from] item: Leftovers
|-damage|p1a: Conkeldurr|63/100 tox|[from] psn
|upkeep
|turn|52
|
|move|p2a: Gengar|Disable|p1a: Conkeldurr
|-start|p1a: Conkeldurr|Disable|Payback
|cant|p1a: Conkeldurr|Disable|Payback
|
|-heal|p2a: Gengar|38/100|[from] item: Black Sludge
|-heal|p1a: Conkeldurr|69/100 tox|[from] item: Leftovers
|-damage|p1a: Conkeldurr|51/100 tox|[from] psn
|upkeep
|turn|53
|
|switch|p1a: Skarmory|Skarmory, F|100/100
|-damage|p1a: Skarmory|88/100|[from] Stealth Rock
|move|p2a: Gengar|Substitute|p2a: Gengar
|-start|p2a: Gengar|Substitute
|-damage|p2a: Gengar|13/100
|
|-heal|p2a: Gengar|19/100|[from] item: Black Sludge
|-heal|p1a: Skarmory|94/100|[from] item: Leftovers
|upkeep
|turn|54
|
|move|p2a: Gengar|Shadow Ball|p1a: Skarmory
|-resisted|p1a: Skarmory
|-damage|p1a: Skarmory|75/100
|move|p1a: Skarmory|Roost|p1a: Skarmory
|-heal|p1a: Skarmory|100/100
|-singleturn|p1a: Skarmory|move: Roost
|
|-heal|p2a: Gengar|25/100|[from] item: Black Sludge
|upkeep
|turn|55
|
|switch|p1a: Conkeldurr|Conkeldurr, M|51/100 tox
|-damage|p1a: Conkeldurr|45/100 tox|[from] Stealth Rock
|move|p2a: Gengar|Shadow Ball|p1a: Conkeldurr
|-damage|p1a: Conkeldurr|4/100 tox
|-unboost|p1a: Conkeldurr|spd|1
|
|-heal|p2a: Gengar|32/100|[from] item: Black Sludge
|-heal|p1a: Conkeldurr|10/100 tox|[from] item: Leftovers
|-damage|p1a: Conkeldurr|4/100 tox|[from] psn
|upkeep
|turn|56
|
|move|p2a: Gengar|Shadow Ball|p1a: Conkeldurr
|-damage|p1a: Conkeldurr|0 fnt
|faint|p1a: Conkeldurr
|
|-heal|p2a: Gengar|38/100|[from] item: Black Sludge
|upkeep
|
|switch|p1a: Skarmory|Skarmory, F|100/100
|-damage|p1a: Skarmory|88/100|[from] Stealth Rock
|turn|57
|
|move|p2a: Gengar|Shadow Ball|p1a: Skarmory
|-resisted|p1a: Skarmory
|-damage|p1a: Skarmory|66/100
|move|p1a: Skarmory|Brave Bird|p2a: Gengar
|-end|p2a: Gengar|Substitute
|-damage|p1a: Skarmory|60/100|[from] Recoil|[of] p2a: Gengar
|
|-heal|p2a: Gengar|44/100|[from] item: Black Sludge
|-heal|p1a: Skarmory|66/100|[from] item: Leftovers
|upkeep
|turn|58
|
|move|p2a: Gengar|Disable|p1a: Skarmory
|-start|p1a: Skarmory|Disable|Brave Bird
|cant|p1a: Skarmory|Disable|Brave Bird
|
|-heal|p2a: Gengar|50/100|[from] item: Black Sludge
|-heal|p1a: Skarmory|72/100|[from] item: Leftovers
|upkeep
|turn|59
|
|move|p2a: Gengar|Substitute|p2a: Gengar
|-start|p2a: Gengar|Substitute
|-damage|p2a: Gengar|25/100
|move|p1a: Skarmory|Roost|p1a: Skarmory
|-heal|p1a: Skarmory|100/100
|-singleturn|p1a: Skarmory|move: Roost
|
|-heal|p2a: Gengar|31/100|[from] item: Black Sludge
|upkeep
|turn|60
|
|move|p2a: Gengar|Shadow Ball|p1a: Skarmory
|-resisted|p1a: Skarmory
|-damage|p1a: Skarmory|81/100
|move|p1a: Skarmory|Stealth Rock||[still]
|-fail|p1a: Skarmory
|
|-heal|p2a: Gengar|37/100|[from] item: Black Sludge
|-heal|p1a: Skarmory|87/100|[from] item: Leftovers
|upkeep
|turn|61
|
|move|p2a: Gengar|Shadow Ball|p1a: Skarmory
|-resisted|p1a: Skarmory
|-damage|p1a: Skarmory|66/100
|move|p1a: Skarmory|Stealth Rock||[still]
|-fail|p1a: Skarmory
|
|-heal|p2a: Gengar|43/100|[from] item: Black Sludge
|-heal|p1a: Skarmory|72/100|[from] item: Leftovers
|-end|p1a: Skarmory|Disable
|upkeep
|turn|62
|
|move|p2a: Gengar|Shadow Ball|p1a: Skarmory
|-resisted|p1a: Skarmory
|-damage|p1a: Skarmory|52/100
|move|p1a: Skarmory|Brave Bird|p2a: Gengar
|-end|p2a: Gengar|Substitute
|-damage|p1a: Skarmory|46/100|[from] Recoil|[of] p2a: Gengar
|
|-heal|p2a: Gengar|50/100|[from] item: Black Sludge
|-heal|p1a: Skarmory|52/100|[from] item: Leftovers
|upkeep
|turn|63
|
|move|p2a: Gengar|Disable|p1a: Skarmory
|-start|p1a: Skarmory|Disable|Brave Bird
|cant|p1a: Skarmory|Disable|Brave Bird
|
|-heal|p2a: Gengar|56/100|[from] item: Black Sludge
|-heal|p1a: Skarmory|58/100|[from] item: Leftovers
|upkeep
|turn|64
|
|move|p2a: Gengar|Substitute|p2a: Gengar
|-start|p2a: Gengar|Substitute
|-damage|p2a: Gengar|31/100
|move|p1a: Skarmory|Roost|p1a: Skarmory
|-heal|p1a: Skarmory|100/100
|-singleturn|p1a: Skarmory|move: Roost
|
|-heal|p2a: Gengar|37/100|[from] item: Black Sludge
|upkeep
|turn|65
|
|move|p2a: Gengar|Shadow Ball|p1a: Skarmory
|-resisted|p1a: Skarmory
|-damage|p1a: Skarmory|79/100
|move|p1a: Skarmory|Whirlwind||[still]
|-fail|p1a: Skarmory
|
|-heal|p2a: Gengar|43/100|[from] item: Black Sludge
|-heal|p1a: Skarmory|85/100|[from] item: Leftovers
|upkeep
|turn|66
|
|move|p2a: Gengar|Shadow Ball|p1a: Skarmory
|-resisted|p1a: Skarmory
|-damage|p1a: Skarmory|63/100
|move|p1a: Skarmory|Stealth Rock||[still]
|-fail|p1a: Skarmory
|
|-heal|p2a: Gengar|49/100|[from] item: Black Sludge
|-heal|p1a: Skarmory|69/100|[from] item: Leftovers
|-end|p1a: Skarmory|Disable
|upkeep
|turn|67
|
|move|p2a: Gengar|Shadow Ball|p1a: Skarmory
|-resisted|p1a: Skarmory
|-damage|p1a: Skarmory|48/100
|-unboost|p1a: Skarmory|spd|1
|move|p1a: Skarmory|Brave Bird|p2a: Gengar
|-end|p2a: Gengar|Substitute
|-damage|p1a: Skarmory|41/100|[from] Recoil|[of] p2a: Gengar
|
|-heal|p2a: Gengar|55/100|[from] item: Black Sludge
|-heal|p1a: Skarmory|47/100|[from] item: Leftovers
|upkeep
|turn|68
|
|move|p2a: Gengar|Disable|p1a: Skarmory
|-start|p1a: Skarmory|Disable|Brave Bird
|move|p1a: Skarmory|Roost|p1a: Skarmory
|-heal|p1a: Skarmory|97/100
|-singleturn|p1a: Skarmory|move: Roost
|
|-heal|p2a: Gengar|61/100|[from] item: Black Sludge
|-heal|p1a: Skarmory|100/100|[from] item: Leftovers
|upkeep
|turn|69
|
|move|p2a: Gengar|Substitute|p2a: Gengar
|-start|p2a: Gengar|Substitute
|-damage|p2a: Gengar|37/100
|move|p1a: Skarmory|Stealth Rock||[still]
|-fail|p1a: Skarmory
|
|-heal|p2a: Gengar|43/100|[from] item: Black Sludge
|upkeep
|turn|70
|
|move|p2a: Gengar|Shadow Ball|p1a: Skarmory
|-resisted|p1a: Skarmory
|-damage|p1a: Skarmory|72/100
|move|p1a: Skarmory|Stealth Rock||[still]
|-fail|p1a: Skarmory
|
|-heal|p2a: Gengar|49/100|[from] item: Black Sludge
|-heal|p1a: Skarmory|78/100|[from] item: Leftovers
|upkeep
|turn|71
|
|move|p2a: Gengar|Shadow Ball|p1a: Skarmory
|-resisted|p1a: Skarmory
|-damage|p1a: Skarmory|46/100
|move|p1a: Skarmory|Stealth Rock||[still]
|-fail|p1a: Skarmory
|
|-heal|p2a: Gengar|55/100|[from] item: Black Sludge
|-heal|p1a: Skarmory|52/100|[from] item: Leftovers
|-end|p1a: Skarmory|Disable
|upkeep
|turn|72
|
|move|p2a: Gengar|Shadow Ball|p1a: Skarmory
|-resisted|p1a: Skarmory
|-damage|p1a: Skarmory|20/100
|move|p1a: Skarmory|Roost|p1a: Skarmory
|-heal|p1a: Skarmory|70/100
|-singleturn|p1a: Skarmory|move: Roost
|
|-heal|p2a: Gengar|61/100|[from] item: Black Sludge
|-heal|p1a: Skarmory|76/100|[from] item: Leftovers
|upkeep
|turn|73
|
|move|p2a: Gengar|Shadow Ball|p1a: Skarmory
|-resisted|p1a: Skarmory
|-damage|p1a: Skarmory|44/100
|move|p1a: Skarmory|Roost|p1a: Skarmory
|-heal|p1a: Skarmory|94/100
|-singleturn|p1a: Skarmory|move: Roost
|
|-heal|p2a: Gengar|67/100|[from] item: Black Sludge
|-heal|p1a: Skarmory|99/100|[from] item: Leftovers
|upkeep
|turn|74
|
|move|p2a: Gengar|Focus Blast|p1a: Skarmory
|-damage|p1a: Skarmory|34/100
|move|p1a: Skarmory|Stealth Rock||[still]
|-fail|p1a: Skarmory
|
|-heal|p2a: Gengar|73/100|[from] item: Black Sludge
|-heal|p1a: Skarmory|40/100|[from] item: Leftovers
|upkeep
|turn|75
|
|move|p2a: Gengar|Focus Blast|p1a: Skarmory
|-damage|p1a: Skarmory|0 fnt
|faint|p1a: Skarmory
|
|win|mollydon
|l|☆Taaa da
|raw|Taaa da's rating: 1328 &rarr; <strong>1304</strong><br />(-24 for losing)
|raw|mollydon's rating: 1263 &rarr; <strong>1293</strong><br />(+30 for winning)
