|j|☆fuygikubhln
|j|☆Zxkrente2
|t:|1745082868
|gametype|singles
|player|p1|fuygikubhln|clerkf|1325
|player|p2|Zxkrente2|parasollady|1315
|teamsize|p1|6
|teamsize|p2|6
|gen|5
|tier|[Gen 5] OU
|rated|
|rule|Species Clause: Limit one of each Pokémon
|rule|OHKO Clause: OHKO moves are banned
|rule|Moody Clause: Moody is banned
|rule|Evasion Items Clause: Evasion items are banned
|rule|Evasion Moves Clause: Evasion moves are banned
|rule|Endless Battle Clause: Forcing endless battles is banned
|rule|HP Percentage Mod: HP is shown in percentages
|rule|Evasion Abilities Clause: Evasion abilities are banned
|rule|Sleep Moves Clause: Sleep-inducing moves are banned
|rule|Swagger Clause: Swagger is banned
|rule|Baton Pass Stat Clause: No Baton Passer may have a way to boost its stats
|clearpoke
|poke|p1|Tyranitar, M|item
|poke|p1|Gliscor, M|item
|poke|p1|Reuniclus, F|item
|poke|p1|Skarmory, F|item
|poke|p1|Gastrodon, F|item
|poke|p1|Alakazam, M|item
|poke|p2|Politoed, M|item
|poke|p2|Keldeo|item
|poke|p2|Starmie|item
|poke|p2|Ferrothorn, M|item
|poke|p2|Jirachi|item
|poke|p2|Landorus-Therian, M|item
|teampreview
|inactive|Battle timer is ON: inactive players will automatically lose when time's up. (requested by fuygikubhln)
|
|t:|1745082880
|start
|switch|p1a: Gastrodon|Gastrodon, F, shiny|100/100
|switch|p2a: Landorus|Landorus-Therian, M|100/100
|-ability|p2a: Landorus|Intimidate|boost
|-unboost|p1a: Gastrodon|atk|1
|turn|1
|
|t:|1745082885
|move|p2a: Landorus|U-turn|p1a: Gastrodon
|-crit|p1a: Gastrodon
|-damage|p1a: Gastrodon|62/100
|
|t:|1745082888
|switch|p2a: Ferrothorn|Ferrothorn, M|100/100|[from] U-turn
|move|p1a: Gastrodon|Scald|p2a: Ferrothorn
|-resisted|p2a: Ferrothorn
|-damage|p2a: Ferrothorn|90/100
|
|-heal|p1a: Gastrodon|68/100|[from] item: Leftovers
|upkeep
|turn|2
|
|t:|1745082895
|switch|p1a: Skarmory|Skarmory, F, shiny|100/100
|move|p2a: Ferrothorn|Spikes|p1a: Skarmory
|-sidestart|p1: fuygikubhln|Spikes
|
|upkeep
|turn|3
|
|t:|1745082901
|switch|p2a: Politoed|Politoed, M|100/100
|-weather|RainDance|[from] ability: Drizzle|[of] p2a: Politoed
|move|p1a: Skarmory|Spikes|p2a: Politoed
|-sidestart|p2: Zxkrente2|Spikes
|
|-weather|RainDance|[upkeep]
|upkeep
|turn|4
|
|t:|1745082904
|switch|p1a: Gastrodon|Gastrodon, F, shiny|68/100
|-damage|p1a: Gastrodon|55/100|[from] Spikes
|move|p2a: Politoed|Scald|p1a: Gastrodon
|-ability|p1a: Gastrodon|Storm Drain|boost
|-boost|p1a: Gastrodon|spa|1
|
|-weather|RainDance|[upkeep]
|-heal|p1a: Gastrodon|62/100|[from] item: Leftovers
|upkeep
|turn|5
|
|t:|1745082912
|switch|p1a: Alakazam|Alakazam, M, shiny|100/100
|move|p2a: Politoed|Toxic|p1a: Alakazam|[miss]
|-miss|p2a: Politoed|p1a: Alakazam
|
|-weather|RainDance|[upkeep]
|upkeep
|turn|6
|
|t:|1745082915
|switch|p2a: Jirachi|Jirachi|100/100
|-damage|p2a: Jirachi|88/100|[from] Spikes
|move|p1a: Alakazam|Encore||[still]
|-fail|p1a: Alakazam
|
|-weather|RainDance|[upkeep]
|upkeep
|turn|7
|
|t:|1745082921
|switch|p1a: Gastrodon|Gastrodon, F, shiny|62/100
|-damage|p1a: Gastrodon|49/100|[from] Spikes
|move|p2a: Jirachi|U-turn|p1a: Gastrodon
|-crit|p1a: Gastrodon
|-damage|p1a: Gastrodon|27/100
|
|t:|1745082930
|switch|p2a: Ferrothorn|Ferrothorn, M|90/100|[from] U-turn
|-damage|p2a: Ferrothorn|78/100|[from] Spikes
|
|-weather|RainDance|[upkeep]
|-heal|p1a: Gastrodon|33/100|[from] item: Leftovers
|upkeep
|turn|8
|
|t:|1745082945
|switch|p1a: Skarmory|Skarmory, F, shiny|100/100
|move|p2a: Ferrothorn|Leech Seed|p1a: Skarmory
|-start|p1a: Skarmory|move: Leech Seed
|
|-weather|RainDance|[upkeep]
|-damage|p1a: Skarmory|88/100|[from] Leech Seed|[of] p2a: Ferrothorn
|-heal|p2a: Ferrothorn|90/100|[silent]
|upkeep
|turn|9
|
|t:|1745082957
|switch|p2a: Keldeo|Keldeo|100/100
|-damage|p2a: Keldeo|88/100|[from] Spikes
|move|p1a: Skarmory|Spikes|p2a: Keldeo
|-sidestart|p2: Zxkrente2|Spikes
|
|-weather|RainDance|[upkeep]
|-heal|p1a: Skarmory|94/100|[from] item: Leftovers
|-damage|p1a: Skarmory|82/100|[from] Leech Seed|[of] p2a: Keldeo
|-heal|p2a: Keldeo|100/100|[silent]
|upkeep
|turn|10
|
|t:|1745082966
|switch|p1a: Gliscor|Gliscor, M, shiny|100/100
|move|p2a: Keldeo|Secret Sword|p1a: Gliscor
|-resisted|p1a: Gliscor
|-damage|p1a: Gliscor|83/100
|-damage|p2a: Keldeo|91/100|[from] item: Life Orb
|
|-weather|RainDance|[upkeep]
|-status|p1a: Gliscor|tox|[from] item: Toxic Orb
|upkeep
|turn|11
|
|t:|1745082978
|switch|p1a: Gastrodon|Gastrodon, F, shiny|33/100
|-damage|p1a: Gastrodon|21/100|[from] Spikes
|move|p2a: Keldeo|Surf|p1a: Gastrodon
|-ability|p1a: Gastrodon|Storm Drain|boost
|-boost|p1a: Gastrodon|spa|1
|
|-weather|RainDance|[upkeep]
|-heal|p1a: Gastrodon|27/100|[from] item: Leftovers
|upkeep
|turn|12
|
|t:|1745082986
|move|p2a: Keldeo|Hidden Power|p1a: Gastrodon
|-supereffective|p1a: Gastrodon
|-damage|p1a: Gastrodon|0 fnt
|faint|p1a: Gastrodon
|-damage|p2a: Keldeo|81/100|[from] item: Life Orb
|
|-weather|RainDance|[upkeep]
|upkeep
|
|t:|1745082989
|switch|p1a: Alakazam|Alakazam, M, shiny|100/100
|turn|13
|
|t:|1745082993
|switch|p2a: Jirachi|Jirachi|88/100
|-damage|p2a: Jirachi|72/100|[from] Spikes
|move|p1a: Alakazam|Focus Blast|p2a: Jirachi
|-damage|p2a: Jirachi|27/100
|
|-weather|RainDance|[upkeep]
|upkeep
|turn|14
|
|t:|1745082997
|switch|p1a: Skarmory|Skarmory, F, shiny|82/100
|move|p2a: Jirachi|U-turn|p1a: Skarmory
|-resisted|p1a: Skarmory
|-damage|p1a: Skarmory|79/100
|
|t:|1745083004
|switch|p2a: Keldeo|Keldeo|81/100|[from] U-turn
|-damage|p2a: Keldeo|64/100|[from] Spikes
|
|-weather|RainDance|[upkeep]
|-heal|p1a: Skarmory|85/100|[from] item: Leftovers
|upkeep
|turn|15
|
|t:|1745083012
|move|p2a: Keldeo|Surf|p1a: Skarmory
|-damage|p1a: Skarmory|0 fnt
|faint|p1a: Skarmory
|-damage|p2a: Keldeo|54/100|[from] item: Life Orb
|
|-weather|RainDance|[upkeep]
|upkeep
|
|t:|1745083015
|switch|p1a: Alakazam|Alakazam, M, shiny|100/100
|turn|16
|
|t:|1745083020
|switch|p2a: Jirachi|Jirachi|27/100
|-damage|p2a: Jirachi|10/100|[from] Spikes
|move|p1a: Alakazam|Psychic|p2a: Jirachi
|-resisted|p2a: Jirachi
|-damage|p2a: Jirachi|0 fnt
|faint|p2a: Jirachi
|
|-weather|RainDance|[upkeep]
|upkeep
|
|t:|1745083027
|switch|p2a: Landorus|Landorus-Therian, M|100/100
|-ability|p2a: Landorus|Intimidate|boost
|-unboost|p1a: Alakazam|atk|1
|turn|17
|
|t:|1745083030
|switch|p1a: Gliscor|Gliscor, M, shiny|83/100 tox
|move|p2a: Landorus|U-turn|p1a: Gliscor
|-resisted|p1a: Gliscor
|-damage|p1a: Gliscor|75/100 tox
|
|t:|1745083035
|switch|p2a: Keldeo|Keldeo|54/100|[from] U-turn
|-damage|p2a: Keldeo|38/100|[from] Spikes
|
|-weather|RainDance|[upkeep]
|-heal|p1a: Gliscor|87/100 tox|[from] ability: Poison Heal
|upkeep
|turn|18
|
|t:|1745083040
|move|p1a: Gliscor|Protect|p1a: Gliscor
|-singleturn|p1a: Gliscor|Protect
|move|p2a: Keldeo|Surf|p1a: Gliscor
|-activate|p1a: Gliscor|move: Protect
|
|-weather|RainDance|[upkeep]
|-heal|p1a: Gliscor|99/100 tox|[from] ability: Poison Heal
|upkeep
|turn|19
|
|t:|1745083046
|switch|p1a: Tyranitar|Tyranitar, M, shiny|100/100
|-damage|p1a: Tyranitar|88/100|[from] Spikes
|-weather|Sandstorm|[from] ability: Sand Stream|[of] p1a: Tyranitar
|move|p2a: Keldeo|Surf|p1a: Tyranitar
|-supereffective|p1a: Tyranitar
|-damage|p1a: Tyranitar|28/100
|-damage|p2a: Keldeo|28/100|[from] item: Life Orb
|
|-weather|Sandstorm|[upkeep]
|-damage|p2a: Keldeo|22/100|[from] Sandstorm
|upkeep
|turn|20
|
|t:|1745083051
|move|p2a: Keldeo|Surf|p1a: Tyranitar
|-supereffective|p1a: Tyranitar
|-damage|p1a: Tyranitar|0 fnt
|faint|p1a: Tyranitar
|-damage|p2a: Keldeo|12/100|[from] item: Life Orb
|
|-weather|Sandstorm|[upkeep]
|-damage|p2a: Keldeo|6/100|[from] Sandstorm
|upkeep
|
|t:|1745083055
|switch|p1a: Alakazam|Alakazam, M, shiny|100/100
|turn|21
|
|t:|1745083065
|switch|p2a: Politoed|Politoed, M|100/100
|-damage|p2a: Politoed|84/100|[from] Spikes
|-weather|RainDance|[from] ability: Drizzle|[of] p2a: Politoed
|move|p1a: Alakazam|Psychic|p2a: Politoed
|-damage|p2a: Politoed|37/100
|
|-weather|RainDance|[upkeep]
|-heal|p2a: Politoed|44/100|[from] item: Leftovers
|upkeep
|turn|22
|
|t:|1745083071
|move|p1a: Alakazam|Psychic|p2a: Politoed
|-damage|p2a: Politoed|3/100
|move|p2a: Politoed|Scald|p1a: Alakazam
|-damage|p1a: Alakazam|37/100
|
|-weather|RainDance|[upkeep]
|-heal|p2a: Politoed|9/100|[from] item: Leftovers
|upkeep
|turn|23
|
|t:|1745083074
|move|p1a: Alakazam|Psychic|p2a: Politoed
|-damage|p2a: Politoed|0 fnt
|faint|p2a: Politoed
|
|-weather|RainDance|[upkeep]
|upkeep
|
|t:|1745083077
|switch|p2a: Landorus|Landorus-Therian, M|100/100
|-ability|p2a: Landorus|Intimidate|boost
|-unboost|p1a: Alakazam|atk|1
|turn|24
|
|t:|1745083083
|switch|p1a: Gliscor|Gliscor, M, shiny|99/100 tox
|move|p2a: Landorus|U-turn|p1a: Gliscor
|-resisted|p1a: Gliscor
|-damage|p1a: Gliscor|91/100 tox
|
|t:|1745083087
|switch|p2a: Starmie|Starmie|100/100|[from] U-turn
|-item|p2a: Starmie|Air Balloon
|
|-weather|RainDance|[upkeep]
|-heal|p1a: Gliscor|100/100 tox|[from] ability: Poison Heal
|upkeep
|turn|25
|
|t:|1745083091
|switch|p1a: Alakazam|Alakazam, M, shiny|37/100
|move|p2a: Starmie|Rapid Spin|p1a: Alakazam
|-damage|p1a: Alakazam|30/100
|-sideend|p2: Zxkrente2|Spikes|[from] move: Rapid Spin|[of] p2a: Starmie
|
|-weather|RainDance|[upkeep]
|upkeep
|turn|26
|
|t:|1745083099
|move|p1a: Alakazam|Encore|p2a: Starmie
|-start|p2a: Starmie|Encore
|move|p2a: Starmie|Rapid Spin|p1a: Alakazam
|-damage|p1a: Alakazam|22/100
|
|-weather|RainDance|[upkeep]
|upkeep
|turn|27
|
|t:|1745083105
|switch|p2a: Ferrothorn|Ferrothorn, M|90/100
|move|p1a: Alakazam|Hidden Power|p2a: Ferrothorn
|-damage|p2a: Ferrothorn|69/100
|
|-weather|RainDance|[upkeep]
|upkeep
|turn|28
|
|t:|1745083108
|move|p1a: Alakazam|Focus Blast|p2a: Ferrothorn
|-supereffective|p2a: Ferrothorn
|-damage|p2a: Ferrothorn|0 fnt
|faint|p2a: Ferrothorn
|
|-weather|RainDance|[upkeep]
|upkeep
|
|t:|1745083111
|switch|p2a: Landorus|Landorus-Therian, M|100/100
|-ability|p2a: Landorus|Intimidate|boost
|-unboost|p1a: Alakazam|atk|1
|turn|29
|
|t:|1745083122
|switch|p1a: Gliscor|Gliscor, M, shiny|100/100 tox
|move|p2a: Landorus|U-turn|p1a: Gliscor
|-resisted|p1a: Gliscor
|-damage|p1a: Gliscor|93/100 tox
|
|t:|1745083129
|switch|p2a: Keldeo|Keldeo|6/100|[from] U-turn
|
|-weather|RainDance|[upkeep]
|-heal|p1a: Gliscor|100/100 tox|[from] ability: Poison Heal
|upkeep
|turn|30
|
|t:|1745083151
|switch|p1a: Alakazam|Alakazam, M, shiny|22/100
|move|p2a: Keldeo|Surf|p1a: Alakazam
|-damage|p1a: Alakazam|0 fnt
|faint|p1a: Alakazam
|-damage|p2a: Keldeo|0 fnt|[from] item: Life Orb
|faint|p2a: Keldeo
|
|-weather|RainDance|[upkeep]
|upkeep
|
|t:|1745083156
|switch|p1a: Reuniclus|Reuniclus, F, shiny|100/100
|switch|p2a: Starmie|Starmie|100/100
|-item|p2a: Starmie|Air Balloon
|turn|31
|
|t:|1745083162
|move|p2a: Starmie|Thunder|p1a: Reuniclus
|-damage|p1a: Reuniclus|77/100
|move|p1a: Reuniclus|Calm Mind|p1a: Reuniclus
|-boost|p1a: Reuniclus|spa|1
|-boost|p1a: Reuniclus|spd|1
|
|-weather|RainDance|[upkeep]
|-heal|p1a: Reuniclus|83/100|[from] item: Leftovers
|upkeep
|turn|32
|
|t:|1745083171
|move|p2a: Starmie|Thunder|p1a: Reuniclus
|-damage|p1a: Reuniclus|67/100
|move|p1a: Reuniclus|Calm Mind|p1a: Reuniclus
|-boost|p1a: Reuniclus|spa|1
|-boost|p1a: Reuniclus|spd|1
|
|-weather|RainDance|[upkeep]
|-heal|p1a: Reuniclus|73/100|[from] item: Leftovers
|upkeep
|turn|33
|
|t:|1745083175
|move|p2a: Starmie|Thunder|p1a: Reuniclus
|-damage|p1a: Reuniclus|59/100
|-status|p1a: Reuniclus|par
|move|p1a: Reuniclus|Calm Mind|p1a: Reuniclus
|-boost|p1a: Reuniclus|spa|1
|-boost|p1a: Reuniclus|spd|1
|
|-weather|RainDance|[upkeep]
|-heal|p1a: Reuniclus|66/100 par|[from] item: Leftovers
|upkeep
|turn|34
|
|t:|1745083182
|move|p2a: Starmie|Scald|p1a: Reuniclus
|-damage|p1a: Reuniclus|50/100 par
|move|p1a: Reuniclus|Recover|p1a: Reuniclus
|-heal|p1a: Reuniclus|99/100 par
|
|-weather|RainDance|[upkeep]
|-heal|p1a: Reuniclus|100/100 par|[from] item: Leftovers
|upkeep
|turn|35
|
|t:|1745083186
|move|p2a: Starmie|Scald|p1a: Reuniclus
|-damage|p1a: Reuniclus|84/100 par
|cant|p1a: Reuniclus|par
|
|-weather|RainDance|[upkeep]
|-heal|p1a: Reuniclus|90/100 par|[from] item: Leftovers
|upkeep
|turn|36
|
|t:|1745083191
|move|p2a: Starmie|Scald|p1a: Reuniclus
|-damage|p1a: Reuniclus|74/100 par
|move|p1a: Reuniclus|Calm Mind|p1a: Reuniclus
|-boost|p1a: Reuniclus|spa|1
|-boost|p1a: Reuniclus|spd|1
|
|-weather|RainDance|[upkeep]
|-heal|p1a: Reuniclus|80/100 par|[from] item: Leftovers
|upkeep
|turn|37
|
|t:|1745083196
|move|p2a: Starmie|Scald|p1a: Reuniclus
|-damage|p1a: Reuniclus|67/100 par
|cant|p1a: Reuniclus|par
|
|-weather|RainDance|[upkeep]
|-heal|p1a: Reuniclus|74/100 par|[from] item: Leftovers
|upkeep
|turn|38
|
|t:|1745083203
|move|p2a: Starmie|Scald|p1a: Reuniclus
|-damage|p1a: Reuniclus|61/100 par
|move|p1a: Reuniclus|Recover|p1a: Reuniclus
|-heal|p1a: Reuniclus|100/100 par
|
|-weather|RainDance|[upkeep]
|upkeep
|turn|39
|
|t:|1745083208
|move|p2a: Starmie|Scald|p1a: Reuniclus
|-damage|p1a: Reuniclus|88/100 par
|move|p1a: Reuniclus|Calm Mind|p1a: Reuniclus
|-boost|p1a: Reuniclus|spa|1
|-boost|p1a: Reuniclus|spd|1
|
|-weather|RainDance|[upkeep]
|-heal|p1a: Reuniclus|94/100 par|[from] item: Leftovers
|upkeep
|turn|40
|
|t:|1745083218
|move|p2a: Starmie|Scald|p1a: Reuniclus
|-damage|p1a: Reuniclus|82/100 par
|cant|p1a: Reuniclus|par
|
|-weather|RainDance|[upkeep]
|-heal|p1a: Reuniclus|88/100 par|[from] item: Leftovers
|upkeep
|turn|41
|
|t:|1745083223
|move|p2a: Starmie|Scald|p1a: Reuniclus
|-damage|p1a: Reuniclus|76/100 par
|cant|p1a: Reuniclus|par
|
|-weather|RainDance|[upkeep]
|-heal|p1a: Reuniclus|83/100 par|[from] item: Leftovers
|upkeep
|turn|42
|
|t:|1745083228
|move|p2a: Starmie|Scald|p1a: Reuniclus
|-damage|p1a: Reuniclus|71/100 par
|move|p1a: Reuniclus|Calm Mind|p1a: Reuniclus
|-boost|p1a: Reuniclus|spa|1
|-boost|p1a: Reuniclus|spd|1
|
|-weather|RainDance|[upkeep]
|-heal|p1a: Reuniclus|77/100 par|[from] item: Leftovers
|upkeep
|turn|43
|
|t:|1745083233
|move|p2a: Starmie|Scald|p1a: Reuniclus
|-damage|p1a: Reuniclus|66/100 par
|move|p1a: Reuniclus|Recover|p1a: Reuniclus
|-heal|p1a: Reuniclus|100/100 par
|
|-weather|RainDance|[upkeep]
|upkeep
|turn|44
|-message|Zxkrente2 forfeited.
|
|win|fuygikubhln
|raw|fuygikubhln's rating: 1325 &rarr; <strong>1344</strong><br />(+19 for winning)
|raw|Zxkrente2's rating: 1315 &rarr; <strong>1296</strong><br />(-19 for losing)
|l|☆Zxkrente2
|player|p2|
