|join|ExoTicP0Mm3
|join|Captain Evil
|player|p1|ExoTicP0Mm3|137
|player|p2|Captain Evil|110
|gametype|singles
|gen|5
|tier|[Gen 5] OU
|rated
|rule|Evasion Abilities Clause: Evasion abilities are banned
|clearpoke
|poke|p1|Politoed, F
|poke|p1|Breloom, F
|poke|p1|Bronzong
|poke|p1|Landorus-Therian, M
|poke|p1|Tentacruel, M
|poke|p1|Latias, F
|poke|p2|Jirachi
|poke|p2|Dragonite, M
|poke|p2|Cloyster, M
|poke|p2|Gengar, F
|poke|p2|Starmie
|poke|p2|Breloom, M
|rule|Sleep Clause Mod: Limit one foe put to sleep
|rule|Species Clause: Limit one of each Pokemon
|rule|OHKO Clause: OHKO moves are banned
|rule|Moody Clause: Moody is banned
|rule|Evasion Moves Clause: Evasion moves are banned
|rule|Endless Battle Clause: Forcing endless battles is banned.
|rule|HP Percentage Mod: HP is reported as percentages
|teampreview
|
|start
|switch|p1a: Paradise|Landorus-Therian, M|342/342
|switch|p2a: Pb|Jirachi|404/404
|-ability|p1a: Paradise|Intimidate|[of] p2a: Pb
|-unboost|p2a: Pb|atk|1
|turn|1
|
|move|p1a: Paradise|Earthquake|p2a: Pb
|-supereffective|p2a: Pb
|-damage|p2a: Pb|2/404
|move|p2a: Pb|Body Slam|p1a: Paradise
|-damage|p1a: Paradise|293/342
|-status|p1a: Paradise|par
|
|-heal|p2a: Pb|27/404|[from] item: Leftovers
|turn|2
|
|switch|p2a: The Lawyer|Cloyster, M|303/303
|move|p1a: Paradise|Earthquake|p2a: The Lawyer
|-damage|p2a: The Lawyer|215/303
|
|-heal|p2a: The Lawyer|233/303|[from] item: Leftovers
|turn|3
|
|switch|p1a: Slippy Toad|Politoed, F|330/330
|-weather|RainDance|[from] ability: Drizzle|[of] p1a: Slippy Toad
|move|p2a: The Lawyer|Icicle Spear|p1a: Slippy Toad
|-resisted|p1a: Slippy Toad
|-damage|p1a: Slippy Toad|309/330
|-resisted|p1a: Slippy Toad
|-damage|p1a: Slippy Toad|289/330
|-resisted|p1a: Slippy Toad
|-damage|p1a: Slippy Toad|268/330
|-resisted|p1a: Slippy Toad
|-damage|p1a: Slippy Toad|248/330
|-resisted|p1a: Slippy Toad
|-damage|p1a: Slippy Toad|226/330
|-hitcount|p1a: Slippy Toad|5
|
|-weather|RainDance|[upkeep]
|-heal|p2a: The Lawyer|251/303|[from] item: Leftovers
|turn|4
|
|switch|p2a: Capablanca|Breloom, M|324/324
|move|p1a: Slippy Toad|Hydro Pump|p2a: Capablanca|[miss]
|-miss|p1a: Slippy Toad|p2a: Capablanca
|
|-weather|RainDance|[upkeep]
|-status|p2a: Capablanca|tox|[from] item: Toxic Orb
|turn|5
|
|switch|p1a: Paradise|Landorus-Therian, M|293/342 par
|-ability|p1a: Paradise|Intimidate|[of] p2a: Capablanca
|-unboost|p2a: Capablanca|atk|1
|move|p2a: Capablanca|Spore|p1a: Paradise
|-fail|p1a: Paradise
|
|-weather|RainDance|[upkeep]
|turn|6
|
|switch|p2a: The Lawyer|Cloyster, M|251/303
|cant|p1a: Paradise|par
|
|-weather|RainDance|[upkeep]
|-heal|p2a: The Lawyer|269/303|[from] item: Leftovers
|turn|7
|
|switch|p1a: The Anthem|Tentacruel, M|364/364
|move|p2a: The Lawyer|Icicle Spear|p1a: The Anthem
|-resisted|p1a: The Anthem
|-damage|p1a: The Anthem|348/364
|-resisted|p1a: The Anthem
|-damage|p1a: The Anthem|333/364
|-resisted|p1a: The Anthem
|-damage|p1a: The Anthem|318/364
|-resisted|p1a: The Anthem
|-damage|p1a: The Anthem|303/364
|-resisted|p1a: The Anthem
|-damage|p1a: The Anthem|288/364
|-hitcount|p1a: The Anthem|5
|
|-weather|RainDance|[upkeep]
|-heal|p1a: The Anthem|310/364|[from] ability: Rain Dish
|-heal|p1a: The Anthem|332/364|[from] item: Black Sludge
|-heal|p2a: The Lawyer|287/303|[from] item: Leftovers
|turn|8
|join|Hayden45
|
|switch|p2a: Capablanca|Breloom, M|324/324 tox
|move|p1a: The Anthem|Scald|p2a: Capablanca
|-resisted|p2a: Capablanca
|-damage|p2a: Capablanca|264/324 tox
|
|-weather|RainDance|[upkeep]
|-heal|p1a: The Anthem|354/364|[from] ability: Rain Dish
|-heal|p1a: The Anthem|364/364|[from] item: Black Sludge
|-heal|p2a: Capablanca|304/324 tox|[from] ability: Poison Heal
|turn|9
|
|switch|p1a: Paradise|Landorus-Therian, M|293/342 par
|-ability|p1a: Paradise|Intimidate|[of] p2a: Capablanca
|-unboost|p2a: Capablanca|atk|1
|move|p2a: Capablanca|Substitute|p2a: Capablanca
|-start|p2a: Capablanca|Substitute
|-damage|p2a: Capablanca|223/324 tox
|
|-weather|RainDance|[upkeep]
|-heal|p2a: Capablanca|263/324 tox|[from] ability: Poison Heal
|turn|10
|
|move|p2a: Capablanca|Leech Seed|p1a: Paradise
|-start|p1a: Paradise|move: Leech Seed
|move|p1a: Paradise|U-turn|p2a: Capablanca
|-end|p2a: Capablanca|Substitute
|
|switch|p1a: Runnin'|Latias, F|302/302
|
|-weather|RainDance|[upkeep]
|-heal|p2a: Capablanca|303/324 tox|[from] ability: Poison Heal
|turn|11
|
|switch|p2a: Pb|Jirachi|27/404
|move|p1a: Runnin'|Psyshock|p2a: Pb
|-resisted|p2a: Pb
|-damage|p2a: Pb|0 fnt
|-damage|p1a: Runnin'|272/302|[from] item: Life Orb
|faint|p2a: Pb
|
|-weather|RainDance|[upkeep]
|
|switch|p2a: Eurovision|Starmie|262/262
|turn|12
|
|switch|p1a: Iroc Z Song|Bronzong|338/338
|move|p2a: Eurovision|Ice Beam|p1a: Iroc Z Song
|-resisted|p1a: Iroc Z Song
|-damage|p1a: Iroc Z Song|296/338
|
|-weather|RainDance|[upkeep]
|-heal|p1a: Iroc Z Song|317/338|[from] item: Leftovers
|turn|13
|
|switch|p1a: The Anthem|Tentacruel, M|364/364
|move|p2a: Eurovision|Surf|p1a: The Anthem
|-resisted|p1a: The Anthem
|-damage|p1a: The Anthem|254/364
|
|-weather|RainDance|[upkeep]
|-heal|p1a: The Anthem|276/364|[from] ability: Rain Dish
|-heal|p1a: The Anthem|298/364|[from] item: Black Sludge
|turn|14
|
|move|p1a: The Anthem|Protect|p1a: The Anthem
|-singleturn|p1a: The Anthem|Protect
|move|p2a: Eurovision|Psyshock|p1a: The Anthem
|-activate|p1a: The Anthem|Protect
|
|-weather|RainDance|[upkeep]
|-heal|p1a: The Anthem|320/364|[from] ability: Rain Dish
|-heal|p1a: The Anthem|342/364|[from] item: Black Sludge
|turn|15
|
|switch|p1a: Iroc Z Song|Bronzong|317/338
|move|p2a: Eurovision|Thunderbolt|p1a: Iroc Z Song
|-damage|p1a: Iroc Z Song|233/338
|
|-weather|RainDance|[upkeep]
|-heal|p1a: Iroc Z Song|254/338|[from] item: Leftovers
|turn|16
|
|move|p2a: Eurovision|Surf|p1a: Iroc Z Song
|-damage|p1a: Iroc Z Song|106/338
|move|p1a: Iroc Z Song|Stealth Rock|p2a: Eurovision
|-sidestart|p2: Captain Evil|move: Stealth Rock
|
|-weather|RainDance|[upkeep]
|-heal|p1a: Iroc Z Song|127/338|[from] item: Leftovers
|turn|17
|
|move|p2a: Eurovision|Surf|p1a: Iroc Z Song
|-damage|p1a: Iroc Z Song|0 fnt
|faint|p1a: Iroc Z Song
|
|-weather|RainDance|[upkeep]
|
|switch|p1a: Runnin'|Latias, F|272/302
|turn|18
|
|move|p2a: Eurovision|Ice Beam|p1a: Runnin'
|-supereffective|p1a: Runnin'
|-damage|p1a: Runnin'|99/302
|move|p1a: Runnin'|Draco Meteor|p2a: Eurovision
|-damage|p2a: Eurovision|0 fnt
|-unboost|p1a: Runnin'|spa|2
|-damage|p1a: Runnin'|69/302|[from] item: Life Orb
|faint|p2a: Eurovision
|
|-weather|RainDance|[upkeep]
|
|switch|p2a: The Lawyer|Cloyster, M|287/303
|-damage|p2a: The Lawyer|212/303|[from] Stealth Rock
|turn|19
|
|move|p1a: Runnin'|Draco Meteor|p2a: The Lawyer
|-damage|p2a: The Lawyer|0 fnt
|-unboost|p1a: Runnin'|spa|2
|-damage|p1a: Runnin'|39/302|[from] item: Life Orb
|faint|p2a: The Lawyer
|
|-weather|RainDance|[upkeep]
|
|switch|p2a: Capablanca|Breloom, M|303/324 tox
|-damage|p2a: Capablanca|283/324 tox|[from] Stealth Rock
|turn|20
|
|switch|p1a: Paradise|Landorus-Therian, M|293/342 par
|-ability|p1a: Paradise|Intimidate|[of] p2a: Capablanca
|-unboost|p2a: Capablanca|atk|1
|move|p2a: Capablanca|Substitute|p2a: Capablanca
|-start|p2a: Capablanca|Substitute
|-damage|p2a: Capablanca|202/324 tox
|
|-weather|RainDance|[upkeep]
|-heal|p2a: Capablanca|242/324 tox|[from] ability: Poison Heal
|turn|21
|
|move|p2a: Capablanca|Substitute|p2a: Capablanca
|-fail|p2a: Capablanca|move: Substitute
|cant|p1a: Paradise|par
|
|-weather|RainDance|[upkeep]
|-heal|p2a: Capablanca|282/324 tox|[from] ability: Poison Heal
|turn|22
|
|move|p2a: Capablanca|Spore|p1a: Paradise
|-fail|p1a: Paradise
|move|p1a: Paradise|U-turn|p2a: Capablanca
|-end|p2a: Capablanca|Substitute
|
|switch|p1a: Slippy Toad|Politoed, F|226/330
|
|-weather|RainDance|[upkeep]
|-heal|p2a: Capablanca|322/324 tox|[from] ability: Poison Heal
|turn|23
|
|switch|p2a: Miss Focus|Gengar, F|262/262
|-damage|p2a: Miss Focus|230/262|[from] Stealth Rock
|move|p1a: Slippy Toad|Ice Beam|p2a: Miss Focus
|-damage|p2a: Miss Focus|34/262
|
|-weather|RainDance|[upkeep]
|-heal|p2a: Miss Focus|50/262|[from] item: Black Sludge
|turn|24
|
|switch|p1a: The Anthem|Tentacruel, M|342/364
|move|p2a: Miss Focus|Shadow Ball|p1a: The Anthem
|-damage|p1a: The Anthem|234/364
|
|-weather|RainDance|[upkeep]
|-heal|p1a: The Anthem|256/364|[from] ability: Rain Dish
|-heal|p2a: Miss Focus|66/262|[from] item: Black Sludge
|-heal|p1a: The Anthem|278/364|[from] item: Black Sludge
|turn|25
|
|move|p2a: Miss Focus|Shadow Ball|p1a: The Anthem
|-damage|p1a: The Anthem|176/364
|move|p1a: The Anthem|Scald|p2a: Miss Focus
|-damage|p2a: Miss Focus|0 fnt
|faint|p2a: Miss Focus
|
|-weather|RainDance|[upkeep]
|-heal|p1a: The Anthem|198/364|[from] ability: Rain Dish
|-heal|p1a: The Anthem|220/364|[from] item: Black Sludge
|
|switch|p2a: Ivar Aasen|Dragonite, M|386/386
|-damage|p2a: Ivar Aasen|290/386|[from] Stealth Rock
|turn|26
|
|move|p1a: The Anthem|Scald|p2a: Ivar Aasen
|-resisted|p2a: Ivar Aasen
|-damage|p2a: Ivar Aasen|251/386
|move|p2a: Ivar Aasen|Substitute|p2a: Ivar Aasen
|-start|p2a: Ivar Aasen|Substitute
|-damage|p2a: Ivar Aasen|155/386
|
|-weather|RainDance|[upkeep]
|-heal|p1a: The Anthem|242/364|[from] ability: Rain Dish
|-heal|p1a: The Anthem|264/364|[from] item: Black Sludge
|-heal|p2a: Ivar Aasen|179/386|[from] item: Leftovers
|turn|27
|
|move|p1a: The Anthem|Scald|p2a: Ivar Aasen
|-resisted|p2a: Ivar Aasen
|-activate|p2a: Ivar Aasen|Substitute|[damage]
|move|p2a: Ivar Aasen|Thunder Wave|p1a: The Anthem
|-status|p1a: The Anthem|par
|
|-weather|RainDance|[upkeep]
|-heal|p1a: The Anthem|286/364 par|[from] ability: Rain Dish
|-heal|p2a: Ivar Aasen|203/386|[from] item: Leftovers
|-heal|p1a: The Anthem|308/364 par|[from] item: Black Sludge
|turn|28
|
|move|p2a: Ivar Aasen|Roost|p2a: Ivar Aasen
|-heal|p2a: Ivar Aasen|386/386
|move|p1a: The Anthem|Scald|p2a: Ivar Aasen
|-resisted|p2a: Ivar Aasen
|-activate|p2a: Ivar Aasen|Substitute|[damage]
|
|-weather|RainDance|[upkeep]
|-heal|p1a: The Anthem|330/364 par|[from] ability: Rain Dish
|-heal|p1a: The Anthem|352/364 par|[from] item: Black Sludge
|turn|29
|leave|Hayden45
|
|move|p1a: The Anthem|Scald|p2a: Ivar Aasen
|-resisted|p2a: Ivar Aasen
|-activate|p2a: Ivar Aasen|Substitute|[damage]
|move|p2a: Ivar Aasen|Dragon Tail|p1a: The Anthem
|-damage|p1a: The Anthem|262/364 par
|drag|p1a: Slippy Toad|Politoed, F|226/330
|
|-weather|RainDance|[upkeep]
|turn|30
|
|switch|p1a: Paradise|Landorus-Therian, M|293/342 par
|-activate|p2a: Ivar Aasen|Substitute|ability: Intimidate|[of] p1a: Paradise
|move|p2a: Ivar Aasen|Thunder Wave|p1a: Paradise
|-immune|p1a: Paradise|[msg]
|
|-weather|RainDance|[upkeep]
|turn|31
|
|move|p1a: Paradise|Stone Edge|p2a: Ivar Aasen|[miss]
|-miss|p1a: Paradise|p2a: Ivar Aasen
|move|p2a: Ivar Aasen|Dragon Tail|p1a: Paradise
|-damage|p1a: Paradise|193/342 par
|drag|p1a: The Anthem|Tentacruel, M|262/364 par
|
|-weather|RainDance|[upkeep]
|-heal|p1a: The Anthem|284/364 par|[from] ability: Rain Dish
|-heal|p1a: The Anthem|306/364 par|[from] item: Black Sludge
|turn|32
|
|move|p1a: The Anthem|Protect|p1a: The Anthem
|-singleturn|p1a: The Anthem|Protect
|move|p2a: Ivar Aasen|Dragon Tail|p1a: The Anthem
|-activate|p1a: The Anthem|Protect
|
|-weather|RainDance|[upkeep]
|-heal|p1a: The Anthem|328/364 par|[from] ability: Rain Dish
|-heal|p1a: The Anthem|350/364 par|[from] item: Black Sludge
|turn|33
|
|cant|p1a: The Anthem|par
|move|p2a: Ivar Aasen|Dragon Tail|p1a: The Anthem
|-damage|p1a: The Anthem|251/364 par
|drag|p1a: Paradise|Landorus-Therian, M|193/342 par
|-activate|p2a: Ivar Aasen|Substitute|ability: Intimidate|[of] p1a: Paradise
|
|-weather|RainDance|[upkeep]
|turn|34
|
|move|p1a: Paradise|U-turn|p2a: Ivar Aasen
|-resisted|p2a: Ivar Aasen
|-end|p2a: Ivar Aasen|Substitute
|
|switch|p1a: Slippy Toad|Politoed, F|226/330
|move|p2a: Ivar Aasen|Dragon Tail|p1a: Slippy Toad
|-damage|p1a: Slippy Toad|117/330
|drag|p1a: Runnin'|Latias, F|39/302
|
|-weather|RainDance|[upkeep]
|turn|35
|
|move|p1a: Runnin'|Recover|p1a: Runnin'
|-heal|p1a: Runnin'|190/302
|move|p2a: Ivar Aasen|Thunder Wave|p1a: Runnin'
|-status|p1a: Runnin'|par
|
|-weather|RainDance|[upkeep]
|turn|36
|
|move|p2a: Ivar Aasen|Substitute|p2a: Ivar Aasen
|-start|p2a: Ivar Aasen|Substitute
|-damage|p2a: Ivar Aasen|290/386
|move|p1a: Runnin'|Recover|p1a: Runnin'
|-heal|p1a: Runnin'|302/302 par
|
|-weather|RainDance|[upkeep]
|-heal|p2a: Ivar Aasen|314/386|[from] item: Leftovers
|turn|37
|
|move|p2a: Ivar Aasen|Roost|p2a: Ivar Aasen
|-heal|p2a: Ivar Aasen|386/386
|move|p1a: Runnin'|Psyshock|p2a: Ivar Aasen
|-activate|p2a: Ivar Aasen|Substitute|[damage]
|-damage|p1a: Runnin'|272/302 par|[from] item: Life Orb
|
|-weather|RainDance|[upkeep]
|turn|38
|
|move|p1a: Runnin'|Recover|p1a: Runnin'
|-heal|p1a: Runnin'|302/302 par
|move|p2a: Ivar Aasen|Dragon Tail|p1a: Runnin'
|-supereffective|p1a: Runnin'
|-damage|p1a: Runnin'|96/302 par
|drag|p1a: The Anthem|Tentacruel, M|251/364 par
|
|-weather|RainDance|[upkeep]
|-heal|p1a: The Anthem|273/364 par|[from] ability: Rain Dish
|-heal|p1a: The Anthem|295/364 par|[from] item: Black Sludge
|turn|39
|
|move|p1a: The Anthem|Protect|p1a: The Anthem
|-singleturn|p1a: The Anthem|Protect
|move|p2a: Ivar Aasen|Thunder Wave|p1a: The Anthem
|-activate|p1a: The Anthem|Protect
|
|-weather|RainDance|[upkeep]
|-heal|p1a: The Anthem|317/364 par|[from] ability: Rain Dish
|-heal|p1a: The Anthem|339/364 par|[from] item: Black Sludge
|turn|40
|
|move|p1a: The Anthem|Protect|p1a: The Anthem
|-singleturn|p1a: The Anthem|Protect
|move|p2a: Ivar Aasen|Dragon Tail|p1a: The Anthem
|-activate|p1a: The Anthem|Protect
|
|-weather|RainDance|[upkeep]
|-heal|p1a: The Anthem|361/364 par|[from] ability: Rain Dish
|-heal|p1a: The Anthem|364/364 par|[from] item: Black Sludge
|turn|41
|
|cant|p1a: The Anthem|par
|move|p2a: Ivar Aasen|Dragon Tail|p1a: The Anthem
|-damage|p1a: The Anthem|264/364 par
|drag|p1a: Slippy Toad|Politoed, F|117/330
|
|-weather|RainDance|[upkeep]
|turn|42
|
|move|p1a: Slippy Toad|Ice Beam|p2a: Ivar Aasen
|-supereffective|p2a: Ivar Aasen
|-end|p2a: Ivar Aasen|Substitute
|move|p2a: Ivar Aasen|Dragon Tail|p1a: Slippy Toad
|-damage|p1a: Slippy Toad|11/330
|drag|p1a: 7Up Tropical|Breloom, F|262/262
|
|-weather|RainDance|[upkeep]
|turn|43
|
|move|p1a: 7Up Tropical|Spore|p2a: Ivar Aasen
|-status|p2a: Ivar Aasen|slp
|cant|p2a: Ivar Aasen|slp
|
|-weather|RainDance|[upkeep]
|turn|44
|
|switch|p1a: Slippy Toad|Politoed, F|11/330
|switch|p2a: Capablanca|Breloom, M|322/324 tox
|-damage|p2a: Capablanca|302/324 tox|[from] Stealth Rock
|
|-weather|RainDance|[upkeep]
|-heal|p2a: Capablanca|324/324 tox|[from] ability: Poison Heal
|turn|45
|
|move|p1a: Slippy Toad|Ice Beam|p2a: Capablanca
|-supereffective|p2a: Capablanca
|-damage|p2a: Capablanca|52/324 tox
|move|p2a: Capablanca|Spore|p1a: Slippy Toad
|-status|p1a: Slippy Toad|slp
|
|-weather|RainDance|[upkeep]
|-heal|p2a: Capablanca|92/324 tox|[from] ability: Poison Heal
|turn|46
|
|switch|p1a: 7Up Tropical|Breloom, F|262/262
|move|p2a: Capablanca|Substitute|p2a: Capablanca
|-start|p2a: Capablanca|Substitute
|-damage|p2a: Capablanca|11/324 tox
|
|-weather|RainDance|[upkeep]
|-heal|p2a: Capablanca|51/324 tox|[from] ability: Poison Heal
|turn|47
|
|-singleturn|p2a: Capablanca|move: Focus Punch
|move|p1a: 7Up Tropical|Bullet Seed|p2a: Capablanca
|-resisted|p2a: Capablanca
|-activate|p2a: Capablanca|Substitute|[damage]
|-resisted|p2a: Capablanca
|-end|p2a: Capablanca|Substitute
|-hitcount|p2a: Capablanca|2
|move|p2a: Capablanca|Focus Punch|p1a: 7Up Tropical
|-damage|p1a: 7Up Tropical|33/262
|
|-weather|RainDance|[upkeep]
|-heal|p2a: Capablanca|91/324 tox|[from] ability: Poison Heal
|turn|48
|
|switch|p2a: Ivar Aasen|Dragonite, M|386/386 slp
|-damage|p2a: Ivar Aasen|290/386 slp|[from] Stealth Rock
|move|p1a: 7Up Tropical|Bullet Seed|p2a: Ivar Aasen
|-resisted|p2a: Ivar Aasen
|-damage|p2a: Ivar Aasen|267/386 slp
|-resisted|p2a: Ivar Aasen
|-damage|p2a: Ivar Aasen|246/386 slp
|-resisted|p2a: Ivar Aasen
|-damage|p2a: Ivar Aasen|221/386 slp
|-hitcount|p2a: Ivar Aasen|3
|-damage|p1a: 7Up Tropical|7/262|[from] item: Life Orb
|
|-weather|RainDance|[upkeep]
|-heal|p2a: Ivar Aasen|245/386 slp|[from] item: Leftovers
|turn|49
|
|move|p1a: 7Up Tropical|Swords Dance|p1a: 7Up Tropical
|-boost|p1a: 7Up Tropical|atk|2
|cant|p2a: Ivar Aasen|slp
|
|-weather|RainDance|[upkeep]
|-heal|p2a: Ivar Aasen|269/386 slp|[from] item: Leftovers
|turn|50
|
|move|p1a: 7Up Tropical|Bullet Seed|p2a: Ivar Aasen
|-resisted|p2a: Ivar Aasen
|-damage|p2a: Ivar Aasen|221/386 slp
|-resisted|p2a: Ivar Aasen
|-damage|p2a: Ivar Aasen|177/386 slp
|-hitcount|p2a: Ivar Aasen|2
|-damage|p1a: 7Up Tropical|0 fnt|[from] item: Life Orb
|faint|p1a: 7Up Tropical
|cant|p2a: Ivar Aasen|slp
|
|-weather|RainDance|[upkeep]
|-heal|p2a: Ivar Aasen|201/386 slp|[from] item: Leftovers
|
|switch|p1a: Runnin'|Latias, F|96/302 par
|turn|51
|
|-curestatus|p2a: Ivar Aasen|slp
|move|p2a: Ivar Aasen|Roost|p2a: Ivar Aasen
|-heal|p2a: Ivar Aasen|386/386
|move|p1a: Runnin'|Draco Meteor|p2a: Ivar Aasen
|-supereffective|p2a: Ivar Aasen
|-damage|p2a: Ivar Aasen|183/386
|-unboost|p1a: Runnin'|spa|2
|-damage|p1a: Runnin'|66/302 par|[from] item: Life Orb
|
|-weather|RainDance|[upkeep]
|-heal|p2a: Ivar Aasen|207/386|[from] item: Leftovers
|turn|52
|
|switch|p1a: Paradise|Landorus-Therian, M|193/342 par
|-ability|p1a: Paradise|Intimidate|[of] p2a: Ivar Aasen
|-unboost|p2a: Ivar Aasen|atk|1
|move|p2a: Ivar Aasen|Roost|p2a: Ivar Aasen
|-heal|p2a: Ivar Aasen|386/386
|
|-weather|RainDance|[upkeep]
|turn|53
|
|move|p2a: Ivar Aasen|Substitute|p2a: Ivar Aasen
|-start|p2a: Ivar Aasen|Substitute
|-damage|p2a: Ivar Aasen|290/386
|cant|p1a: Paradise|par
|
|-weather|RainDance|[upkeep]
|-heal|p2a: Ivar Aasen|314/386|[from] item: Leftovers
|turn|54
|
|switch|p1a: The Anthem|Tentacruel, M|264/364 par
|move|p2a: Ivar Aasen|Roost|p2a: Ivar Aasen
|-heal|p2a: Ivar Aasen|386/386
|
|-weather|RainDance|[upkeep]
|-heal|p1a: The Anthem|286/364 par|[from] ability: Rain Dish
|-heal|p1a: The Anthem|308/364 par|[from] item: Black Sludge
|turn|55
|
|cant|p1a: The Anthem|par
|move|p2a: Ivar Aasen|Thunder Wave|p1a: The Anthem
|-fail|p1a: The Anthem|par
|
|-weather|RainDance|[upkeep]
|-heal|p1a: The Anthem|330/364 par|[from] ability: Rain Dish
|-heal|p1a: The Anthem|352/364 par|[from] item: Black Sludge
|turn|56
|
|move|p2a: Ivar Aasen|Thunder Wave|p1a: The Anthem
|-fail|p1a: The Anthem|par
|move|p1a: The Anthem|Scald|p2a: Ivar Aasen
|-crit|p2a: Ivar Aasen
|-resisted|p2a: Ivar Aasen
|-activate|p2a: Ivar Aasen|Substitute|[damage]
|
|-weather|RainDance|[upkeep]
|-heal|p1a: The Anthem|364/364 par|[from] ability: Rain Dish
|turn|57
|
|move|p2a: Ivar Aasen|Thunder Wave|p1a: The Anthem
|-fail|p1a: The Anthem|par
|move|p1a: The Anthem|Toxic Spikes|p2a: Ivar Aasen
|-sidestart|p2: Captain Evil|move: Toxic Spikes
|
|-weather|RainDance|[upkeep]
|turn|58
|
|switch|p2a: Capablanca|Breloom, M|91/324 tox
|-damage|p2a: Capablanca|71/324 tox|[from] Stealth Rock
|move|p1a: The Anthem|Protect|p1a: The Anthem
|-fail|p1a: The Anthem
|
|-weather|RainDance|[upkeep]
|-heal|p2a: Capablanca|111/324 tox|[from] ability: Poison Heal
|turn|59
|
|switch|p1a: Paradise|Landorus-Therian, M|193/342 par
|-ability|p1a: Paradise|Intimidate|[of] p2a: Capablanca
|-unboost|p2a: Capablanca|atk|1
|move|p2a: Capablanca|Leech Seed|p1a: Paradise
|-start|p1a: Paradise|move: Leech Seed
|
|-weather|RainDance|[upkeep]
|-damage|p1a: Paradise|151/342 par|[from] Leech Seed|[of] p2a: Capablanca
|-heal|p2a: Capablanca|153/324 tox|[silent]
|-heal|p2a: Capablanca|193/324 tox|[from] ability: Poison Heal
|turn|60
|
|move|p2a: Capablanca|Substitute|p2a: Capablanca
|-start|p2a: Capablanca|Substitute
|-damage|p2a: Capablanca|112/324 tox
|cant|p1a: Paradise|par
|
|-weather|RainDance|[upkeep]
|-damage|p1a: Paradise|109/342 par|[from] Leech Seed|[of] p2a: Capablanca
|-heal|p2a: Capablanca|154/324 tox|[silent]
|-heal|p2a: Capablanca|194/324 tox|[from] ability: Poison Heal
|turn|61
|chat|ExoTicP0Mm3|"hit 2 times"
|
|-singleturn|p2a: Capablanca|move: Focus Punch
|move|p1a: Paradise|U-turn|p2a: Capablanca
|-end|p2a: Capablanca|Substitute
|
|switch|p1a: Slippy Toad|Politoed, F|11/330 slp
|move|p2a: Capablanca|Focus Punch|p1a: Slippy Toad
|-damage|p1a: Slippy Toad|0 fnt
|faint|p1a: Slippy Toad
|
|-weather|RainDance|[upkeep]
|-heal|p2a: Capablanca|234/324 tox|[from] ability: Poison Heal
|
|switch|p1a: Runnin'|Latias, F|66/302 par
|turn|62
|chat|Captain Evil|What do you mean?
|
|move|p2a: Capablanca|Substitute|p2a: Capablanca
|-start|p2a: Capablanca|Substitute
|-damage|p2a: Capablanca|153/324 tox
|move|p1a: Runnin'|Recover|p1a: Runnin'
|-heal|p1a: Runnin'|217/302 par
|
|-weather|RainDance|[upkeep]
|-heal|p2a: Capablanca|193/324 tox|[from] ability: Poison Heal
|turn|63
|chat|ExoTicP0Mm3|The bullet seed on your Breloom/Nite
|
|move|p2a: Capablanca|Leech Seed|p1a: Runnin'
|-start|p1a: Runnin'|move: Leech Seed
|move|p1a: Runnin'|Psyshock|p2a: Capablanca
|-supereffective|p2a: Capablanca
|-end|p2a: Capablanca|Substitute
|-damage|p1a: Runnin'|187/302 par|[from] item: Life Orb
|
|-weather|RainDance|[upkeep]
|-damage|p1a: Runnin'|150/302 par|[from] Leech Seed|[of] p2a: Capablanca
|-heal|p2a: Capablanca|230/324 tox|[silent]
|-heal|p2a: Capablanca|270/324 tox|[from] ability: Poison Heal
|turn|64
|chat|Captain Evil|I see no problem with that. Breloom does not, in fact, have Skill Link.
|
|move|p2a: Capablanca|Substitute|p2a: Capablanca
|-start|p2a: Capablanca|Substitute
|-damage|p2a: Capablanca|189/324 tox
|cant|p1a: Runnin'|par
|
|-weather|RainDance|[upkeep]
|-damage|p1a: Runnin'|113/302 par|[from] Leech Seed|[of] p2a: Capablanca
|-heal|p2a: Capablanca|226/324 tox|[silent]
|-heal|p2a: Capablanca|266/324 tox|[from] ability: Poison Heal
|turn|65
|chat|ExoTicP0Mm3|Rofl
|
|-singleturn|p2a: Capablanca|move: Focus Punch
|move|p1a: Runnin'|Recover|p1a: Runnin'
|-heal|p1a: Runnin'|264/302 par
|move|p2a: Capablanca|Focus Punch|p1a: Runnin'
|-resisted|p1a: Runnin'
|-damage|p1a: Runnin'|189/302 par
|
|-weather|RainDance|[upkeep]
|-damage|p1a: Runnin'|152/302 par|[from] Leech Seed|[of] p2a: Capablanca
|-heal|p2a: Capablanca|303/324 tox|[silent]
|-heal|p2a: Capablanca|324/324 tox|[from] ability: Poison Heal
|turn|66
|chat|Captain Evil|That was a disappointingly weak Focus Punch.
|
|-singleturn|p2a: Capablanca|move: Focus Punch
|move|p1a: Runnin'|Recover|p1a: Runnin'
|-heal|p1a: Runnin'|302/302 par
|move|p2a: Capablanca|Focus Punch|p1a: Runnin'
|-resisted|p1a: Runnin'
|-damage|p1a: Runnin'|234/302 par
|
|-weather|RainDance|[upkeep]
|-damage|p1a: Runnin'|197/302 par|[from] Leech Seed|[of] p2a: Capablanca
|turn|67
|
|-singleturn|p2a: Capablanca|move: Focus Punch
|switch|p1a: The Anthem|Tentacruel, M|364/364 par
|move|p2a: Capablanca|Focus Punch|p1a: The Anthem
|-resisted|p1a: The Anthem
|-damage|p1a: The Anthem|295/364 par
|
|-weather|RainDance|[upkeep]
|-heal|p1a: The Anthem|317/364 par|[from] ability: Rain Dish
|-heal|p1a: The Anthem|339/364 par|[from] item: Black Sludge
|turn|68
|
|move|p2a: Capablanca|Leech Seed|p1a: The Anthem
|-start|p1a: The Anthem|move: Leech Seed
|move|p1a: The Anthem|Scald|p2a: Capablanca
|-resisted|p2a: Capablanca
|-activate|p2a: Capablanca|Substitute|[damage]
|
|-weather|RainDance|[upkeep]
|-heal|p1a: The Anthem|361/364 par|[from] ability: Rain Dish
|-heal|p1a: The Anthem|364/364 par|[from] item: Black Sludge
|-damage|p1a: The Anthem|319/364 par|[from] Leech Seed|[of] p2a: Capablanca
|turn|69
|
|-singleturn|p2a: Capablanca|move: Focus Punch
|cant|p1a: The Anthem|par
|move|p2a: Capablanca|Focus Punch|p1a: The Anthem
|-resisted|p1a: The Anthem
|-damage|p1a: The Anthem|249/364 par
|
|-weather|RainDance|[upkeep]
|-heal|p1a: The Anthem|271/364 par|[from] ability: Rain Dish
|-heal|p1a: The Anthem|293/364 par|[from] item: Black Sludge
|-damage|p1a: The Anthem|248/364 par|[from] Leech Seed|[of] p2a: Capablanca
|turn|70
|
|-singleturn|p2a: Capablanca|move: Focus Punch
|switch|p1a: Runnin'|Latias, F|197/302 par
|move|p2a: Capablanca|Focus Punch|p1a: Runnin'
|-resisted|p1a: Runnin'
|-damage|p1a: Runnin'|123/302 par
|
|-weather|RainDance|[upkeep]
|turn|71
|
|move|p2a: Capablanca|Leech Seed|p1a: Runnin'
|-start|p1a: Runnin'|move: Leech Seed
|move|p1a: Runnin'|Recover|p1a: Runnin'
|-heal|p1a: Runnin'|274/302 par
|
|-weather|RainDance|[upkeep]
|-damage|p1a: Runnin'|237/302 par|[from] Leech Seed|[of] p2a: Capablanca
|turn|72
|chat|Captain Evil|Are you familiar with the great Jose Raul Capablanca?
|
|-singleturn|p2a: Capablanca|move: Focus Punch
|move|p1a: Runnin'|Recover|p1a: Runnin'
|-heal|p1a: Runnin'|302/302 par
|move|p2a: Capablanca|Focus Punch|p1a: Runnin'
|-resisted|p1a: Runnin'
|-damage|p1a: Runnin'|235/302 par
|
|-weather|RainDance|[upkeep]
|-damage|p1a: Runnin'|198/302 par|[from] Leech Seed|[of] p2a: Capablanca
|turn|73
|
|-singleturn|p2a: Capablanca|move: Focus Punch
|move|p1a: Runnin'|Recover|p1a: Runnin'
|-heal|p1a: Runnin'|302/302 par
|move|p2a: Capablanca|Focus Punch|p1a: Runnin'
|-crit|p1a: Runnin'
|-resisted|p1a: Runnin'
|-damage|p1a: Runnin'|72/302 par
|
|-weather|RainDance|[upkeep]
|-damage|p1a: Runnin'|35/302 par|[from] Leech Seed|[of] p2a: Capablanca
|turn|74
|
|-singleturn|p2a: Capablanca|move: Focus Punch
|move|p1a: Runnin'|Recover|p1a: Runnin'
|-heal|p1a: Runnin'|186/302 par
|move|p2a: Capablanca|Focus Punch|p1a: Runnin'
|-resisted|p1a: Runnin'
|-damage|p1a: Runnin'|111/302 par
|
|-weather|RainDance|[upkeep]
|-damage|p1a: Runnin'|74/302 par|[from] Leech Seed|[of] p2a: Capablanca
|turn|75
|
|-singleturn|p2a: Capablanca|move: Focus Punch
|move|p1a: Runnin'|Recover|p1a: Runnin'
|-heal|p1a: Runnin'|225/302 par
|move|p2a: Capablanca|Focus Punch|p1a: Runnin'
|-resisted|p1a: Runnin'
|-damage|p1a: Runnin'|153/302 par
|
|-weather|RainDance|[upkeep]
|-damage|p1a: Runnin'|116/302 par|[from] Leech Seed|[of] p2a: Capablanca
|turn|76
|
|-singleturn|p2a: Capablanca|move: Focus Punch
|switch|p1a: The Anthem|Tentacruel, M|248/364 par
|move|p2a: Capablanca|Focus Punch|p1a: The Anthem
|-resisted|p1a: The Anthem
|-damage|p1a: The Anthem|178/364 par
|
|-weather|RainDance|[upkeep]
|-heal|p1a: The Anthem|200/364 par|[from] ability: Rain Dish
|-heal|p1a: The Anthem|222/364 par|[from] item: Black Sludge
|turn|77
|
|move|p1a: The Anthem|Protect|p1a: The Anthem
|-singleturn|p1a: The Anthem|Protect
|move|p2a: Capablanca|Leech Seed|p1a: The Anthem
|-activate|p1a: The Anthem|Protect
|
|-weather|RainDance|[upkeep]
|-heal|p1a: The Anthem|244/364 par|[from] ability: Rain Dish
|-heal|p1a: The Anthem|266/364 par|[from] item: Black Sludge
|turn|78
|
|move|p2a: Capablanca|Leech Seed|p1a: The Anthem
|-start|p1a: The Anthem|move: Leech Seed
|cant|p1a: The Anthem|par
|
|-weather|RainDance|[upkeep]
|-heal|p1a: The Anthem|288/364 par|[from] ability: Rain Dish
|-heal|p1a: The Anthem|310/364 par|[from] item: Black Sludge
|-damage|p1a: The Anthem|265/364 par|[from] Leech Seed|[of] p2a: Capablanca
|turn|79
|
|-singleturn|p2a: Capablanca|move: Focus Punch
|move|p1a: The Anthem|Protect|p1a: The Anthem
|-singleturn|p1a: The Anthem|Protect
|move|p2a: Capablanca|Focus Punch|p1a: The Anthem
|-activate|p1a: The Anthem|Protect
|
|-weather|RainDance|[upkeep]
|-heal|p1a: The Anthem|287/364 par|[from] ability: Rain Dish
|-heal|p1a: The Anthem|309/364 par|[from] item: Black Sludge
|-damage|p1a: The Anthem|264/364 par|[from] Leech Seed|[of] p2a: Capablanca
|turn|80
|
|-singleturn|p2a: Capablanca|move: Focus Punch
|move|p1a: The Anthem|Scald|p2a: Capablanca
|-resisted|p2a: Capablanca
|-end|p2a: Capablanca|Substitute
|move|p2a: Capablanca|Focus Punch|p1a: The Anthem
|-crit|p1a: The Anthem
|-resisted|p1a: The Anthem
|-damage|p1a: The Anthem|74/364 par
|
|-weather|RainDance|[upkeep]
|-heal|p1a: The Anthem|96/364 par|[from] ability: Rain Dish
|-heal|p1a: The Anthem|118/364 par|[from] item: Black Sludge
|-damage|p1a: The Anthem|73/364 par|[from] Leech Seed|[of] p2a: Capablanca
|turn|81
|
|switch|p1a: Paradise|Landorus-Therian, M|109/342 par
|-ability|p1a: Paradise|Intimidate|[of] p2a: Capablanca
|-unboost|p2a: Capablanca|atk|1
|move|p2a: Capablanca|Substitute|p2a: Capablanca
|-start|p2a: Capablanca|Substitute
|-damage|p2a: Capablanca|243/324 tox
|
|-weather|RainDance|[upkeep]
|-heal|p2a: Capablanca|283/324 tox|[from] ability: Poison Heal
|turn|82
|
|-singleturn|p2a: Capablanca|move: Focus Punch
|move|p1a: Paradise|U-turn|p2a: Capablanca
|-end|p2a: Capablanca|Substitute
|
|switch|p1a: Runnin'|Latias, F|116/302 par
|move|p2a: Capablanca|Focus Punch|p1a: Runnin'
|-resisted|p1a: Runnin'
|-damage|p1a: Runnin'|59/302 par
|
|-weather|RainDance|[upkeep]
|-heal|p2a: Capablanca|323/324 tox|[from] ability: Poison Heal
|turn|83
|
|move|p2a: Capablanca|Substitute|p2a: Capablanca
|-start|p2a: Capablanca|Substitute
|-damage|p2a: Capablanca|242/324 tox
|move|p1a: Runnin'|Recover|p1a: Runnin'
|-heal|p1a: Runnin'|210/302 par
|
|-weather|RainDance|[upkeep]
|-heal|p2a: Capablanca|282/324 tox|[from] ability: Poison Heal
|turn|84
|
|move|p2a: Capablanca|Leech Seed|p1a: Runnin'
|-start|p1a: Runnin'|move: Leech Seed
|cant|p1a: Runnin'|par
|
|-weather|RainDance|[upkeep]
|-damage|p1a: Runnin'|173/302 par|[from] Leech Seed|[of] p2a: Capablanca
|-heal|p2a: Capablanca|319/324 tox|[silent]
|-heal|p2a: Capablanca|324/324 tox|[from] ability: Poison Heal
|turn|85
|
|switch|p2a: Ivar Aasen|Dragonite, M|386/386
|-damage|p2a: Ivar Aasen|290/386|[from] Stealth Rock
|move|p1a: Runnin'|Recover|p1a: Runnin'
|-heal|p1a: Runnin'|302/302 par
|
|-weather|RainDance|[upkeep]
|-heal|p2a: Ivar Aasen|314/386|[from] item: Leftovers
|-damage|p1a: Runnin'|265/302 par|[from] Leech Seed|[of] p2a: Ivar Aasen
|-heal|p2a: Ivar Aasen|351/386|[silent]
|turn|86
|
|switch|p1a: Paradise|Landorus-Therian, M|109/342 par
|-ability|p1a: Paradise|Intimidate|[of] p2a: Ivar Aasen
|-unboost|p2a: Ivar Aasen|atk|1
|move|p2a: Ivar Aasen|Substitute|p2a: Ivar Aasen
|-start|p2a: Ivar Aasen|Substitute
|-damage|p2a: Ivar Aasen|255/386
|
|-weather|RainDance|[upkeep]
|-heal|p2a: Ivar Aasen|279/386|[from] item: Leftovers
|turn|87
|
|switch|p1a: The Anthem|Tentacruel, M|73/364 par
|move|p2a: Ivar Aasen|Roost|p2a: Ivar Aasen
|-heal|p2a: Ivar Aasen|386/386
|
|-weather|RainDance|[upkeep]
|-heal|p1a: The Anthem|95/364 par|[from] ability: Rain Dish
|-heal|p1a: The Anthem|117/364 par|[from] item: Black Sludge
|turn|88
|
|move|p1a: The Anthem|Protect|p1a: The Anthem
|-singleturn|p1a: The Anthem|Protect
|move|p2a: Ivar Aasen|Dragon Tail|p1a: The Anthem
|-activate|p1a: The Anthem|Protect
|
|-weather|RainDance|[upkeep]
|-heal|p1a: The Anthem|139/364 par|[from] ability: Rain Dish
|-heal|p1a: The Anthem|161/364 par|[from] item: Black Sludge
|turn|89
|
|move|p1a: The Anthem|Protect|p1a: The Anthem
|-singleturn|p1a: The Anthem|Protect
|move|p2a: Ivar Aasen|Dragon Tail|p1a: The Anthem
|-activate|p1a: The Anthem|Protect
|
|-weather|RainDance|[upkeep]
|-heal|p1a: The Anthem|183/364 par|[from] ability: Rain Dish
|-heal|p1a: The Anthem|205/364 par|[from] item: Black Sludge
|turn|90
|
|cant|p1a: The Anthem|par
|move|p2a: Ivar Aasen|Thunder Wave|p1a: The Anthem
|-fail|p1a: The Anthem|par
|
|-weather|RainDance|[upkeep]
|-heal|p1a: The Anthem|227/364 par|[from] ability: Rain Dish
|-heal|p1a: The Anthem|249/364 par|[from] item: Black Sludge
|turn|91
|
|move|p2a: Ivar Aasen|Thunder Wave|p1a: The Anthem
|-fail|p1a: The Anthem|par
|move|p1a: The Anthem|Rapid Spin|p2a: Ivar Aasen
|-activate|p2a: Ivar Aasen|Substitute|[damage]
|
|-weather|RainDance|[upkeep]
|-heal|p1a: The Anthem|271/364 par|[from] ability: Rain Dish
|-heal|p1a: The Anthem|293/364 par|[from] item: Black Sludge
|turn|92
|
|switch|p1a: Paradise|Landorus-Therian, M|109/342 par
|-activate|p2a: Ivar Aasen|Substitute|ability: Intimidate|[of] p1a: Paradise
|move|p2a: Ivar Aasen|Thunder Wave|p1a: Paradise
|-immune|p1a: Paradise|[msg]
|
|-weather|RainDance|[upkeep]
|turn|93
|
|switch|p1a: The Anthem|Tentacruel, M|293/364 par
|move|p2a: Ivar Aasen|Dragon Tail|p1a: The Anthem
|-damage|p1a: The Anthem|232/364 par
|drag|p1a: Paradise|Landorus-Therian, M|109/342 par
|-activate|p2a: Ivar Aasen|Substitute|ability: Intimidate|[of] p1a: Paradise
|
|-weather|RainDance|[upkeep]
|turn|94
|
|move|p2a: Ivar Aasen|Thunder Wave|p1a: Paradise
|-immune|p1a: Paradise|[msg]
|move|p1a: Paradise|Stone Edge|p2a: Ivar Aasen
|-supereffective|p2a: Ivar Aasen
|-end|p2a: Ivar Aasen|Substitute
|
|-weather|RainDance|[upkeep]
|turn|95
|
|switch|p1a: The Anthem|Tentacruel, M|232/364 par
|move|p2a: Ivar Aasen|Substitute|p2a: Ivar Aasen
|-start|p2a: Ivar Aasen|Substitute
|-damage|p2a: Ivar Aasen|290/386
|
|-weather|RainDance|[upkeep]
|-heal|p1a: The Anthem|254/364 par|[from] ability: Rain Dish
|-heal|p2a: Ivar Aasen|314/386|[from] item: Leftovers
|-heal|p1a: The Anthem|276/364 par|[from] item: Black Sludge
|turn|96
|join|Elite Four Waffle
|
|move|p1a: The Anthem|Protect|p1a: The Anthem
|-singleturn|p1a: The Anthem|Protect
|move|p2a: Ivar Aasen|Roost|p2a: Ivar Aasen
|-heal|p2a: Ivar Aasen|386/386
|
|-weather|RainDance|[upkeep]
|-heal|p1a: The Anthem|298/364 par|[from] ability: Rain Dish
|-heal|p1a: The Anthem|320/364 par|[from] item: Black Sludge
|turn|97
|
|move|p2a: Ivar Aasen|Thunder Wave|p1a: The Anthem
|-fail|p1a: The Anthem|par
|move|p1a: The Anthem|Rapid Spin|p2a: Ivar Aasen
|-crit|p2a: Ivar Aasen
|-activate|p2a: Ivar Aasen|Substitute|[damage]
|
|-weather|RainDance|[upkeep]
|-heal|p1a: The Anthem|342/364 par|[from] ability: Rain Dish
|-heal|p1a: The Anthem|364/364 par|[from] item: Black Sludge
|turn|98
|
|move|p2a: Ivar Aasen|Thunder Wave|p1a: The Anthem
|-fail|p1a: The Anthem|par
|move|p1a: The Anthem|Rapid Spin|p2a: Ivar Aasen
|-activate|p2a: Ivar Aasen|Substitute|[damage]
|
|-weather|RainDance|[upkeep]
|turn|99
|chat|ExoTicP0Mm3|Stall vs Haxx, y/n ?
|
|move|p2a: Ivar Aasen|Thunder Wave|p1a: The Anthem
|-fail|p1a: The Anthem|par
|cant|p1a: The Anthem|par
|
|-weather|RainDance|[upkeep]
|turn|100
|chat|Captain Evil|I don't think you're that much hax.
|
|move|p2a: Ivar Aasen|Thunder Wave|p1a: The Anthem
|-fail|p1a: The Anthem|par
|cant|p1a: The Anthem|par
|
|-weather|RainDance|[upkeep]
|turn|101
|chat|ExoTicP0Mm3|Ahah
|chat|ExoTicP0Mm3|Para on Landorus maybe ?
|chat|ExoTicP0Mm3|Or Miss Hpump on Breloom maybe ?
|
|move|p2a: Ivar Aasen|Thunder Wave|p1a: The Anthem
|-fail|p1a: The Anthem|par
|move|p1a: The Anthem|Rapid Spin|p2a: Ivar Aasen
|-activate|p2a: Ivar Aasen|Substitute|[damage]
|
|-weather|RainDance|[upkeep]
|turn|102
|
|move|p2a: Ivar Aasen|Thunder Wave|p1a: The Anthem
|-fail|p1a: The Anthem|par
|move|p1a: The Anthem|Rapid Spin|p2a: Ivar Aasen
|-crit|p2a: Ivar Aasen
|-activate|p2a: Ivar Aasen|Substitute|[damage]
|
|-weather|RainDance|[upkeep]
|turn|103
|chat|Captain Evil|Do you accuse me of hax?
|chat|ExoTicP0Mm3|Not really
|chat|ExoTicP0Mm3|But now it's boring
|
|move|p2a: Ivar Aasen|Thunder Wave|p1a: The Anthem
|-fail|p1a: The Anthem|par
|move|p1a: The Anthem|Rapid Spin|p2a: Ivar Aasen
|-activate|p2a: Ivar Aasen|Substitute|[damage]
|
|-weather|RainDance|[upkeep]
|turn|104
|chat|Captain Evil|Ok.
|
|move|p2a: Ivar Aasen|Thunder Wave|p1a: The Anthem
|-fail|p1a: The Anthem|par
|move|p1a: The Anthem|Rapid Spin|p2a: Ivar Aasen
|-activate|p2a: Ivar Aasen|Substitute|[damage]
|
|-weather|RainDance|[upkeep]
|turn|105
|chat|Captain Evil|"The say my games should be more "interesting". I could play more interesting - and also lose."
|chat|Captain Evil|Tigran Petrosian, ninth world chess champion.
|
|move|p2a: Ivar Aasen|Thunder Wave|p1a: The Anthem
|-fail|p1a: The Anthem|par
|move|p1a: The Anthem|Rapid Spin|p2a: Ivar Aasen
|-activate|p2a: Ivar Aasen|Substitute|[damage]
|
|-weather|RainDance|[upkeep]
|turn|106
|chat|ExoTicP0Mm3|Oh, nice
|
|move|p2a: Ivar Aasen|Thunder Wave|p1a: The Anthem
|-fail|p1a: The Anthem|par
|move|p1a: The Anthem|Rapid Spin|p2a: Ivar Aasen
|-activate|p2a: Ivar Aasen|Substitute|[damage]
|
|-weather|RainDance|[upkeep]
|turn|107
|
|move|p2a: Ivar Aasen|Thunder Wave|p1a: The Anthem
|-fail|p1a: The Anthem|par
|cant|p1a: The Anthem|par
|
|-weather|RainDance|[upkeep]
|turn|108
|
|move|p2a: Ivar Aasen|Thunder Wave|p1a: The Anthem
|-fail|p1a: The Anthem|par
|move|p1a: The Anthem|Rapid Spin|p2a: Ivar Aasen
|-activate|p2a: Ivar Aasen|Substitute|[damage]
|
|-weather|RainDance|[upkeep]
|turn|109
|
|move|p2a: Ivar Aasen|Thunder Wave|p1a: The Anthem
|-fail|p1a: The Anthem|par
|move|p1a: The Anthem|Rapid Spin|p2a: Ivar Aasen
|-activate|p2a: Ivar Aasen|Substitute|[damage]
|
|-weather|RainDance|[upkeep]
|turn|110
|
|move|p2a: Ivar Aasen|Thunder Wave|p1a: The Anthem
|-fail|p1a: The Anthem|par
|move|p1a: The Anthem|Rapid Spin|p2a: Ivar Aasen
|-activate|p2a: Ivar Aasen|Substitute|[damage]
|
|-weather|RainDance|[upkeep]
|turn|111
|
|move|p2a: Ivar Aasen|Thunder Wave|p1a: The Anthem
|-fail|p1a: The Anthem|par
|move|p1a: The Anthem|Rapid Spin|p2a: Ivar Aasen
|-activate|p2a: Ivar Aasen|Substitute|[damage]
|
|-weather|RainDance|[upkeep]
|turn|112
|
|move|p2a: Ivar Aasen|Thunder Wave|p1a: The Anthem
|-fail|p1a: The Anthem|par
|move|p1a: The Anthem|Rapid Spin|p2a: Ivar Aasen
|-activate|p2a: Ivar Aasen|Substitute|[damage]
|
|-weather|RainDance|[upkeep]
|turn|113
|
|move|p2a: Ivar Aasen|Thunder Wave|p1a: The Anthem
|-fail|p1a: The Anthem|par
|move|p1a: The Anthem|Rapid Spin|p2a: Ivar Aasen
|-activate|p2a: Ivar Aasen|Substitute|[damage]
|
|-weather|RainDance|[upkeep]
|turn|114
|
|switch|p2a: Capablanca|Breloom, M|324/324 tox
|-damage|p2a: Capablanca|304/324 tox|[from] Stealth Rock
|cant|p1a: The Anthem|par
|
|-weather|RainDance|[upkeep]
|-heal|p2a: Capablanca|324/324 tox|[from] ability: Poison Heal
|turn|115
|
|-singleturn|p2a: Capablanca|move: Focus Punch
|switch|p1a: Paradise|Landorus-Therian, M|109/342 par
|-ability|p1a: Paradise|Intimidate|[of] p2a: Capablanca
|-unboost|p2a: Capablanca|atk|1
|move|p2a: Capablanca|Focus Punch|p1a: Paradise
|-resisted|p1a: Paradise
|-damage|p1a: Paradise|39/342 par
|
|-weather|RainDance|[upkeep]
|turn|116
|
|switch|p1a: Runnin'|Latias, F|265/302 par
|move|p2a: Capablanca|Substitute|p2a: Capablanca
|-start|p2a: Capablanca|Substitute
|-damage|p2a: Capablanca|243/324 tox
|
|-weather|RainDance|[upkeep]
|-heal|p2a: Capablanca|283/324 tox|[from] ability: Poison Heal
|turn|117
|
|move|p2a: Capablanca|Leech Seed|p1a: Runnin'
|-start|p1a: Runnin'|move: Leech Seed
|move|p1a: Runnin'|Psyshock|p2a: Capablanca
|-supereffective|p2a: Capablanca
|-end|p2a: Capablanca|Substitute
|-damage|p1a: Runnin'|235/302 par|[from] item: Life Orb
|
|-weather|RainDance|[upkeep]
|-damage|p1a: Runnin'|198/302 par|[from] Leech Seed|[of] p2a: Capablanca
|-heal|p2a: Capablanca|320/324 tox|[silent]
|-heal|p2a: Capablanca|324/324 tox|[from] ability: Poison Heal
|turn|118
|
|switch|p1a: Paradise|Landorus-Therian, M|39/342 par
|-ability|p1a: Paradise|Intimidate|[of] p2a: Capablanca
|-unboost|p2a: Capablanca|atk|1
|move|p2a: Capablanca|Substitute|p2a: Capablanca
|-start|p2a: Capablanca|Substitute
|-damage|p2a: Capablanca|243/324 tox
|
|-weather|RainDance|[upkeep]
|-heal|p2a: Capablanca|283/324 tox|[from] ability: Poison Heal
|turn|119
|
|-singleturn|p2a: Capablanca|move: Focus Punch
|switch|p1a: Runnin'|Latias, F|198/302 par
|move|p2a: Capablanca|Focus Punch|p1a: Runnin'
|-resisted|p1a: Runnin'
|-damage|p1a: Runnin'|145/302 par
|
|-weather|RainDance|[upkeep]
|-heal|p2a: Capablanca|323/324 tox|[from] ability: Poison Heal
|turn|120
|
|move|p2a: Capablanca|Leech Seed|p1a: Runnin'
|-start|p1a: Runnin'|move: Leech Seed
|move|p1a: Runnin'|Recover|p1a: Runnin'
|-heal|p1a: Runnin'|296/302 par
|
|-weather|RainDance|[upkeep]
|-damage|p1a: Runnin'|259/302 par|[from] Leech Seed|[of] p2a: Capablanca
|-heal|p2a: Capablanca|324/324 tox|[silent]
|turn|121
|
|-singleturn|p2a: Capablanca|move: Focus Punch
|cant|p1a: Runnin'|par
|move|p2a: Capablanca|Focus Punch|p1a: Runnin'
|-resisted|p1a: Runnin'
|-damage|p1a: Runnin'|203/302 par
|
|-weather|RainDance|[upkeep]
|-damage|p1a: Runnin'|166/302 par|[from] Leech Seed|[of] p2a: Capablanca
|turn|122
|
|-singleturn|p2a: Capablanca|move: Focus Punch
|switch|p1a: The Anthem|Tentacruel, M|364/364 par
|move|p2a: Capablanca|Focus Punch|p1a: The Anthem
|-resisted|p1a: The Anthem
|-damage|p1a: The Anthem|310/364 par
|
|-weather|RainDance|[upkeep]
|-heal|p1a: The Anthem|332/364 par|[from] ability: Rain Dish
|-heal|p1a: The Anthem|354/364 par|[from] item: Black Sludge
|turn|123
|
|move|p2a: Capablanca|Leech Seed|p1a: The Anthem
|-start|p1a: The Anthem|move: Leech Seed
|move|p1a: The Anthem|Toxic Spikes|p2a: Capablanca
|-sidestart|p2: Captain Evil|move: Toxic Spikes
|
|-weather|RainDance|[upkeep]
|-heal|p1a: The Anthem|364/364 par|[from] ability: Rain Dish
|-damage|p1a: The Anthem|319/364 par|[from] Leech Seed|[of] p2a: Capablanca
|turn|124
|
|-singleturn|p2a: Capablanca|move: Focus Punch
|switch|p1a: Runnin'|Latias, F|166/302 par
|move|p2a: Capablanca|Focus Punch|p1a: Runnin'
|-resisted|p1a: Runnin'
|-damage|p1a: Runnin'|109/302 par
|
|-weather|RainDance|[upkeep]
|turn|125
|
|move|p2a: Capablanca|Leech Seed|p1a: Runnin'
|-start|p1a: Runnin'|move: Leech Seed
|cant|p1a: Runnin'|par
|
|-weather|RainDance|[upkeep]
|-damage|p1a: Runnin'|72/302 par|[from] Leech Seed|[of] p2a: Capablanca
|turn|126
|
|switch|p2a: Ivar Aasen|Dragonite, M|386/386
|-damage|p2a: Ivar Aasen|290/386|[from] Stealth Rock
|move|p1a: Runnin'|Recover|p1a: Runnin'
|-heal|p1a: Runnin'|223/302 par
|
|-weather|RainDance|[upkeep]
|-heal|p2a: Ivar Aasen|314/386|[from] item: Leftovers
|-damage|p1a: Runnin'|186/302 par|[from] Leech Seed|[of] p2a: Ivar Aasen
|-heal|p2a: Ivar Aasen|351/386|[silent]
|turn|127
|
|switch|p1a: The Anthem|Tentacruel, M|319/364 par
|move|p2a: Ivar Aasen|Dragon Tail|p1a: The Anthem
|-damage|p1a: The Anthem|219/364 par
|drag|p1a: Runnin'|Latias, F|186/302 par
|
|-weather|RainDance|[upkeep]
|-heal|p2a: Ivar Aasen|375/386|[from] item: Leftovers
|turn|128
|
|switch|p1a: The Anthem|Tentacruel, M|219/364 par
|move|p2a: Ivar Aasen|Substitute|p2a: Ivar Aasen
|-start|p2a: Ivar Aasen|Substitute
|-damage|p2a: Ivar Aasen|279/386
|
|-weather|RainDance|[upkeep]
|-heal|p1a: The Anthem|241/364 par|[from] ability: Rain Dish
|-heal|p2a: Ivar Aasen|303/386|[from] item: Leftovers
|-heal|p1a: The Anthem|263/364 par|[from] item: Black Sludge
|turn|129
|
|move|p2a: Ivar Aasen|Roost|p2a: Ivar Aasen
|-heal|p2a: Ivar Aasen|386/386
|move|p1a: The Anthem|Toxic Spikes|p2a: Ivar Aasen
|-fail|p2a: Ivar Aasen
|
|-weather|RainDance|[upkeep]
|-heal|p1a: The Anthem|285/364 par|[from] ability: Rain Dish
|-heal|p1a: The Anthem|307/364 par|[from] item: Black Sludge
|turn|130
|
|switch|p2a: Capablanca|Breloom, M|324/324 tox
|-damage|p2a: Capablanca|304/324 tox|[from] Stealth Rock
|cant|p1a: The Anthem|par
|
|-weather|RainDance|[upkeep]
|-heal|p1a: The Anthem|329/364 par|[from] ability: Rain Dish
|-heal|p1a: The Anthem|351/364 par|[from] item: Black Sludge
|-heal|p2a: Capablanca|324/324 tox|[from] ability: Poison Heal
|turn|131
|
|move|p2a: Capablanca|Leech Seed|p1a: The Anthem
|-start|p1a: The Anthem|move: Leech Seed
|move|p1a: The Anthem|Scald|p2a: Capablanca
|-resisted|p2a: Capablanca
|-damage|p2a: Capablanca|262/324 tox
|
|-weather|RainDance|[upkeep]
|-heal|p1a: The Anthem|364/364 par|[from] ability: Rain Dish
|-damage|p1a: The Anthem|319/364 par|[from] Leech Seed|[of] p2a: Capablanca
|-heal|p2a: Capablanca|307/324 tox|[silent]
|-heal|p2a: Capablanca|324/324 tox|[from] ability: Poison Heal
|turn|132
|
|switch|p1a: Paradise|Landorus-Therian, M|39/342 par
|-ability|p1a: Paradise|Intimidate|[of] p2a: Capablanca
|-unboost|p2a: Capablanca|atk|1
|move|p2a: Capablanca|Substitute|p2a: Capablanca
|-start|p2a: Capablanca|Substitute
|-damage|p2a: Capablanca|243/324 tox
|
|-weather|RainDance|[upkeep]
|-heal|p2a: Capablanca|283/324 tox|[from] ability: Poison Heal
|turn|133
|
|-singleturn|p2a: Capablanca|move: Focus Punch
|switch|p1a: Runnin'|Latias, F|186/302 par
|move|p2a: Capablanca|Focus Punch|p1a: Runnin'
|-resisted|p1a: Runnin'
|-damage|p1a: Runnin'|117/302 par
|
|-weather|RainDance|[upkeep]
|-heal|p2a: Capablanca|323/324 tox|[from] ability: Poison Heal
|turn|134
|
|-singleturn|p2a: Capablanca|move: Focus Punch
|move|p1a: Runnin'|Recover|p1a: Runnin'
|-heal|p1a: Runnin'|268/302 par
|move|p2a: Capablanca|Focus Punch|p1a: Runnin'
|-crit|p1a: Runnin'
|-resisted|p1a: Runnin'
|-damage|p1a: Runnin'|36/302 par
|
|-weather|RainDance|[upkeep]
|-heal|p2a: Capablanca|324/324 tox|[from] ability: Poison Heal
|turn|135
|
|switch|p1a: The Anthem|Tentacruel, M|319/364 par
|move|p2a: Capablanca|Leech Seed|p1a: The Anthem
|-start|p1a: The Anthem|move: Leech Seed
|
|-weather|RainDance|[upkeep]
|-heal|p1a: The Anthem|341/364 par|[from] ability: Rain Dish
|-heal|p1a: The Anthem|363/364 par|[from] item: Black Sludge
|-damage|p1a: The Anthem|318/364 par|[from] Leech Seed|[of] p2a: Capablanca
|turn|136
|
|-singleturn|p2a: Capablanca|move: Focus Punch
|move|p1a: The Anthem|Protect|p1a: The Anthem
|-singleturn|p1a: The Anthem|Protect
|move|p2a: Capablanca|Focus Punch|p1a: The Anthem
|-activate|p1a: The Anthem|Protect
|
|-weather|RainDance|[upkeep]
|-heal|p1a: The Anthem|340/364 par|[from] ability: Rain Dish
|-heal|p1a: The Anthem|362/364 par|[from] item: Black Sludge
|-damage|p1a: The Anthem|317/364 par|[from] Leech Seed|[of] p2a: Capablanca
|turn|137
|
|-singleturn|p2a: Capablanca|move: Focus Punch
|move|p1a: The Anthem|Protect|p1a: The Anthem
|-singleturn|p1a: The Anthem|Protect
|move|p2a: Capablanca|Focus Punch|p1a: The Anthem
|-activate|p1a: The Anthem|Protect
|
|-weather|RainDance|[upkeep]
|-heal|p1a: The Anthem|339/364 par|[from] ability: Rain Dish
|-heal|p1a: The Anthem|361/364 par|[from] item: Black Sludge
|-damage|p1a: The Anthem|316/364 par|[from] Leech Seed|[of] p2a: Capablanca
|turn|138
|
|-singleturn|p2a: Capablanca|move: Focus Punch
|move|p1a: The Anthem|Scald|p2a: Capablanca
|-resisted|p2a: Capablanca
|-activate|p2a: Capablanca|Substitute|[damage]
|move|p2a: Capablanca|Focus Punch|p1a: The Anthem
|-crit|p1a: The Anthem
|-resisted|p1a: The Anthem
|-damage|p1a: The Anthem|128/364 par
|
|-weather|RainDance|[upkeep]
|-heal|p1a: The Anthem|150/364 par|[from] ability: Rain Dish
|-heal|p1a: The Anthem|172/364 par|[from] item: Black Sludge
|-damage|p1a: The Anthem|127/364 par|[from] Leech Seed|[of] p2a: Capablanca
|turn|139
|
|switch|p2a: Ivar Aasen|Dragonite, M|386/386
|-damage|p2a: Ivar Aasen|290/386|[from] Stealth Rock
|move|p1a: The Anthem|Protect|p1a: The Anthem
|-fail|p1a: The Anthem
|
|-weather|RainDance|[upkeep]
|-heal|p1a: The Anthem|149/364 par|[from] ability: Rain Dish
|-heal|p2a: Ivar Aasen|314/386|[from] item: Leftovers
|-heal|p1a: The Anthem|171/364 par|[from] item: Black Sludge
|-damage|p1a: The Anthem|126/364 par|[from] Leech Seed|[of] p2a: Ivar Aasen
|-heal|p2a: Ivar Aasen|359/386|[silent]
|turn|140
|
|switch|p1a: Runnin'|Latias, F|36/302 par
|move|p2a: Ivar Aasen|Substitute|p2a: Ivar Aasen
|-start|p2a: Ivar Aasen|Substitute
|-damage|p2a: Ivar Aasen|263/386
|
|-weather|RainDance|[upkeep]
|-heal|p2a: Ivar Aasen|287/386|[from] item: Leftovers
|turn|141
|
|switch|p1a: The Anthem|Tentacruel, M|126/364 par
|move|p2a: Ivar Aasen|Dragon Tail|p1a: The Anthem
|-damage|p1a: The Anthem|41/364 par
|drag|p1a: Paradise|Landorus-Therian, M|39/342 par
|-activate|p2a: Ivar Aasen|Substitute|ability: Intimidate|[of] p1a: Paradise
|
|-weather|RainDance|[upkeep]
|-heal|p2a: Ivar Aasen|311/386|[from] item: Leftovers
|turn|142
|chat|Captain Evil|You are in a tough spot now.
|
|move|p1a: Paradise|Stone Edge|p2a: Ivar Aasen
|-crit|p2a: Ivar Aasen
|-supereffective|p2a: Ivar Aasen
|-end|p2a: Ivar Aasen|Substitute
|move|p2a: Ivar Aasen|Dragon Tail|p1a: Paradise
|-damage|p1a: Paradise|0 fnt
|faint|p1a: Paradise
|
|-weather|RainDance|[upkeep]
|-heal|p2a: Ivar Aasen|335/386|[from] item: Leftovers
|chat|ExoTicP0Mm3|Really ?
|
|switch|p1a: The Anthem|Tentacruel, M|41/364 par
|turn|143
|
|switch|p2a: Capablanca|Breloom, M|324/324 tox
|-damage|p2a: Capablanca|304/324 tox|[from] Stealth Rock
|move|p1a: The Anthem|Scald|p2a: Capablanca
|-resisted|p2a: Capablanca
|-damage|p2a: Capablanca|245/324 tox
|
|-weather|RainDance|[upkeep]
|-heal|p1a: The Anthem|63/364 par|[from] ability: Rain Dish
|-heal|p1a: The Anthem|85/364 par|[from] item: Black Sludge
|-heal|p2a: Capablanca|285/324 tox|[from] ability: Poison Heal
|turn|144
|chat|Captain Evil|The material is even, and I have a clear positional advantage.
|
|cant|p1a: The Anthem|par
|move|p2a: Capablanca|Substitute|p2a: Capablanca
|-start|p2a: Capablanca|Substitute
|-damage|p2a: Capablanca|204/324 tox
|
|-weather|RainDance|[upkeep]
|-heal|p1a: The Anthem|107/364 par|[from] ability: Rain Dish
|-heal|p1a: The Anthem|129/364 par|[from] item: Black Sludge
|-heal|p2a: Capablanca|244/324 tox|[from] ability: Poison Heal
|turn|145
|
|cant|p1a: The Anthem|par
|move|p2a: Capablanca|Leech Seed|p1a: The Anthem
|-start|p1a: The Anthem|move: Leech Seed
|
|-weather|RainDance|[upkeep]
|-heal|p1a: The Anthem|151/364 par|[from] ability: Rain Dish
|-heal|p1a: The Anthem|173/364 par|[from] item: Black Sludge
|-damage|p1a: The Anthem|128/364 par|[from] Leech Seed|[of] p2a: Capablanca
|-heal|p2a: Capablanca|289/324 tox|[silent]
|-heal|p2a: Capablanca|324/324 tox|[from] ability: Poison Heal
|turn|146
|chat|ExoTicP0Mm3|I want go to the turn 150
|
|-singleturn|p2a: Capablanca|move: Focus Punch
|cant|p1a: The Anthem|par
|move|p2a: Capablanca|Focus Punch|p1a: The Anthem
|-resisted|p1a: The Anthem
|-damage|p1a: The Anthem|17/364 par
|
|-weather|RainDance|[upkeep]
|-heal|p1a: The Anthem|39/364 par|[from] ability: Rain Dish
|-heal|p1a: The Anthem|61/364 par|[from] item: Black Sludge
|-damage|p1a: The Anthem|16/364 par|[from] Leech Seed|[of] p2a: Capablanca
|turn|147
|
|-singleturn|p2a: Capablanca|move: Focus Punch
|cant|p1a: The Anthem|par
|move|p2a: Capablanca|Focus Punch|p1a: The Anthem
|-resisted|p1a: The Anthem
|-damage|p1a: The Anthem|0 fnt
|faint|p1a: The Anthem
|
|-weather|RainDance|[upkeep]
|chat|Captain Evil|Can you last that long?
|
|switch|p1a: Runnin'|Latias, F|36/302 par
|turn|148
|chat|Captain Evil|All right.
|chat|Captain Evil|We will go to turn 150.
|chat|Captain Evil|Or even longer.
|
|move|p2a: Capablanca|Spore|p1a: Runnin'
|-fail|p1a: Runnin'
|move|p1a: Runnin'|Psyshock|p2a: Capablanca
|-supereffective|p2a: Capablanca
|-end|p2a: Capablanca|Substitute
|-damage|p1a: Runnin'|6/302 par|[from] item: Life Orb
|
|-weather|RainDance|[upkeep]
|turn|149
|chat|ExoTicP0Mm3|No
|chat|ExoTicP0Mm3|Just 150
|
|move|p2a: Capablanca|Substitute|p2a: Capablanca
|-start|p2a: Capablanca|Substitute
|-damage|p2a: Capablanca|243/324 tox
|cant|p1a: Runnin'|par
|
|-weather|RainDance|[upkeep]
|-heal|p2a: Capablanca|283/324 tox|[from] ability: Poison Heal
|turn|150
|
|move|p2a: Capablanca|Leech Seed|p1a: Runnin'|[miss]
|-miss|p2a: Capablanca|p1a: Runnin'
|move|p1a: Runnin'|Psyshock|p2a: Capablanca
|-supereffective|p2a: Capablanca
|-end|p2a: Capablanca|Substitute
|-damage|p1a: Runnin'|0 fnt|[from] item: Life Orb
|faint|p1a: Runnin'
|
|win|Captain Evil
|raw|Ladder updating...
|raw|ExoTicP0Mm3's rating: 1445 &rarr; <strong>1420</strong><br />(-25 for losing)
|raw|Captain Evil's rating: 1362 &rarr; <strong>1387</strong><br />(+25 for winning)
|chat|Captain Evil|Good game.
|leave|ExoTicP0Mm3
|player|p1