|j|☆radaty
|j|☆testbwou
|t:|1707401166
|gametype|singles
|player|p1|radaty|265|1474
|player|p2|testbwou|169|1386
|teamsize|p1|6
|teamsize|p2|6
|gen|5
|tier|[Gen 5] OU
|rated|
|rule|Species Clause: Limit one of each Pokémon
|rule|OHKO Clause: OHKO moves are banned
|rule|Moody Clause: Moody is banned
|rule|Evasion Items Clause: Evasion items are banned
|rule|Evasion Moves Clause: Evasion moves are banned
|rule|Endless Battle Clause: Forcing endless battles is banned
|rule|HP Percentage Mod: HP is shown in percentages
|rule|Evasion Abilities Clause: Evasion abilities are banned
|rule|Sleep Moves Clause: Sleep-inducing moves are banned
|rule|Swagger Clause: Swagger is banned
|rule|Baton Pass Stat Clause: No Baton Passer may have a way to boost its stats
|clearpoke
|poke|p1|Chansey, F|item
|poke|p1|Xatu, M|item
|poke|p1|Sableye, M|item
|poke|p1|Quagsire, F|item
|poke|p1|Tentacruel, F|item
|poke|p1|Jirachi|item
|poke|p2|Riolu, F|item
|poke|p2|Forretress, F|item
|poke|p2|Shedinja|item
|poke|p2|Politoed, M|item
|poke|p2|Gengar, F|item
|poke|p2|Starmie|item
|teampreview
|inactive|Battle timer is ON: inactive players will automatically lose when time's up. (requested by radaty)
|
|t:|1707401182
|start
|switch|p1a: Sableye|Sableye, M|100/100
|switch|p2a: Forretress|Forretress, F|100/100
|turn|1
|
|t:|1707401194
|move|p1a: Sableye|Will-O-Wisp|p2a: Forretress
|-status|p2a: Forretress|brn
|move|p2a: Forretress|Volt Switch|p1a: Sableye
|-damage|p1a: Sableye|78/100
|j| SHAars
|
|t:|1707401199
|switch|p2a: Politoed|Politoed, M|100/100|[from] Volt Switch
|-weather|RainDance|[from] ability: Drizzle|[of] p2a: Politoed
|
|-weather|RainDance|[upkeep]
|-heal|p1a: Sableye|84/100|[from] item: Leftovers
|upkeep
|turn|2
|
|t:|1707401206
|switch|p1a: Tentacruel|Tentacruel, F|100/100
|move|p2a: Politoed|Surf|p1a: Tentacruel
|-resisted|p1a: Tentacruel
|-damage|p1a: Tentacruel|83/100
|
|-weather|RainDance|[upkeep]
|-heal|p1a: Tentacruel|89/100|[from] ability: Rain Dish
|-heal|p1a: Tentacruel|95/100|[from] item: Black Sludge
|upkeep
|turn|3
|
|t:|1707401209
|switch|p2a: Forretress|Forretress, F|100/100 brn
|move|p1a: Tentacruel|Toxic Spikes|p2a: Forretress
|-sidestart|p2: testbwou|move: Toxic Spikes
|
|-weather|RainDance|[upkeep]
|-heal|p1a: Tentacruel|100/100|[from] ability: Rain Dish
|-damage|p2a: Forretress|88/100 brn|[from] brn
|upkeep
|turn|4
|
|t:|1707401211
|switch|p1a: Xatu|Xatu, M|100/100
|move|p2a: Forretress|Stealth Rock|p1a: Xatu
|move|p1a: Xatu|Stealth Rock|p2a: Forretress|[from]ability: Magic Bounce
|-sidestart|p2: testbwou|move: Stealth Rock
|
|-weather|RainDance|[upkeep]
|-damage|p2a: Forretress|76/100 brn|[from] brn
|upkeep
|turn|5
|
|t:|1707401214
|switch|p1a: Sableye|Sableye, M|84/100
|move|p2a: Forretress|Rapid Spin|p1a: Sableye
|-immune|p1a: Sableye
|
|-weather|RainDance|[upkeep]
|-heal|p1a: Sableye|90/100|[from] item: Leftovers
|-damage|p2a: Forretress|63/100 brn|[from] brn
|upkeep
|turn|6
|
|t:|1707401218
|move|p1a: Sableye|Taunt|p2a: Forretress
|-start|p2a: Forretress|move: Taunt
|cant|p2a: Forretress|move: Taunt|Stealth Rock
|
|-weather|RainDance|[upkeep]
|-heal|p1a: Sableye|96/100|[from] item: Leftovers
|-damage|p2a: Forretress|51/100 brn|[from] brn
|upkeep
|turn|7
|
|t:|1707401220
|move|p2a: Forretress|Volt Switch|p1a: Sableye
|-damage|p1a: Sableye|72/100
|
|t:|1707401224
|switch|p2a: Gengar|Gengar, F|100/100|[from] Volt Switch
|-damage|p2a: Gengar|88/100|[from] Stealth Rock
|move|p1a: Sableye|Foul Play|p2a: Gengar
|-supereffective|p2a: Gengar
|-damage|p2a: Gengar|25/100
|
|-weather|RainDance|[upkeep]
|-heal|p1a: Sableye|78/100|[from] item: Leftovers
|upkeep
|turn|8
|
|t:|1707401228
|move|p2a: Gengar|Shadow Ball|p1a: Sableye
|-damage|p1a: Sableye|0 fnt
|faint|p1a: Sableye
|-damage|p2a: Gengar|15/100|[from] item: Life Orb
|
|-weather|RainDance|[upkeep]
|upkeep
|
|t:|1707401232
|switch|p1a: Tentacruel|Tentacruel, F|100/100
|turn|9
|
|t:|1707401233
|move|p2a: Gengar|Thunderbolt|p1a: Tentacruel
|-supereffective|p1a: Tentacruel
|-damage|p1a: Tentacruel|44/100
|-damage|p2a: Gengar|5/100|[from] item: Life Orb
|move|p1a: Tentacruel|Scald|p2a: Gengar
|-damage|p2a: Gengar|0 fnt
|faint|p2a: Gengar
|
|-weather|RainDance|[upkeep]
|-heal|p1a: Tentacruel|50/100|[from] ability: Rain Dish
|-heal|p1a: Tentacruel|56/100|[from] item: Black Sludge
|upkeep
|
|t:|1707401237
|switch|p2a: Starmie|Starmie|100/100
|-status|p2a: Starmie|psn
|-damage|p2a: Starmie|88/100 psn|[from] Stealth Rock
|turn|10
|
|t:|1707401239
|move|p1a: Tentacruel|Protect|p1a: Tentacruel
|-singleturn|p1a: Tentacruel|Protect
|move|p2a: Starmie|Thunder|p1a: Tentacruel
|-activate|p1a: Tentacruel|move: Protect
|
|-weather|RainDance|[upkeep]
|-heal|p1a: Tentacruel|62/100|[from] ability: Rain Dish
|-heal|p1a: Tentacruel|69/100|[from] item: Black Sludge
|-damage|p2a: Starmie|76/100 psn|[from] psn
|upkeep
|turn|11
|
|t:|1707401244
|switch|p1a: Chansey|Chansey, F|100/100
|move|p2a: Starmie|Rapid Spin|p1a: Chansey
|-crit|p1a: Chansey
|-damage|p1a: Chansey|95/100
|-sideend|p2: testbwou|Toxic Spikes|[from] move: Rapid Spin|[of] p2a: Starmie
|-sideend|p2: testbwou|Stealth Rock|[from] move: Rapid Spin|[of] p2a: Starmie
|-damage|p2a: Starmie|66/100 psn|[from] item: Life Orb
|
|-weather|RainDance|[upkeep]
|-damage|p2a: Starmie|54/100 psn|[from] psn
|upkeep
|turn|12
|
|t:|1707401247
|-curestatus|p2a: Starmie|psn|[from] ability: Natural Cure
|switch|p2a: Forretress|Forretress, F|51/100 brn
|move|p1a: Chansey|Stealth Rock|p2a: Forretress
|-sidestart|p2: testbwou|move: Stealth Rock
|
|-weather|RainDance|[upkeep]
|-damage|p2a: Forretress|39/100 brn|[from] brn
|upkeep
|turn|13
|
|t:|1707401250
|move|p2a: Forretress|Rapid Spin|p1a: Chansey
|-crit|p1a: Chansey
|-damage|p1a: Chansey|92/100
|-sideend|p2: testbwou|Stealth Rock|[from] move: Rapid Spin|[of] p2a: Forretress
|move|p1a: Chansey|Seismic Toss|p2a: Forretress
|-damage|p2a: Forretress|4/100 brn
|
|-weather|RainDance|[upkeep]
|-damage|p2a: Forretress|0 fnt|[from] brn
|faint|p2a: Forretress
|upkeep
|
|t:|1707401253
|switch|p2a: Riolu|Riolu, F|100/100
|turn|14
|
|t:|1707401256
|move|p2a: Riolu|Drain Punch|p1a: Chansey
|-supereffective|p1a: Chansey
|-damage|p1a: Chansey|58/100
|move|p1a: Chansey|Stealth Rock|p2a: Riolu
|-sidestart|p2: testbwou|move: Stealth Rock
|
|-weather|RainDance|[upkeep]
|upkeep
|turn|15
|
|t:|1707401262
|move|p2a: Riolu|Copycat|p2a: Riolu
|move|p2a: Riolu|Stealth Rock|p1a: Chansey|[from]move: Copycat
|-sidestart|p1: radaty|move: Stealth Rock
|move|p1a: Chansey|Soft-Boiled|p1a: Chansey
|-heal|p1a: Chansey|100/100
|
|-weather|RainDance|[upkeep]
|upkeep
|turn|16
|
|t:|1707401266
|move|p1a: Chansey|Toxic|p2a: Riolu
|-status|p2a: Riolu|tox
|move|p2a: Riolu|Roar|p1a: Chansey
|drag|p1a: Quagsire|Quagsire, F|100/100
|-damage|p1a: Quagsire|94/100|[from] Stealth Rock
|
|-weather|RainDance|[upkeep]
|-heal|p1a: Quagsire|100/100|[from] item: Leftovers
|-damage|p2a: Riolu|95/100 tox|[from] psn
|upkeep
|turn|17
|
|t:|1707401271
|move|p2a: Riolu|Copycat|p2a: Riolu
|move|p2a: Riolu|Roar|p1a: Quagsire|[from]move: Copycat
|drag|p1a: Jirachi|Jirachi|100/100
|-damage|p1a: Jirachi|94/100|[from] Stealth Rock
|
|-weather|RainDance|[upkeep]
|-heal|p1a: Jirachi|100/100|[from] item: Leftovers
|-damage|p2a: Riolu|83/100 tox|[from] psn
|upkeep
|turn|18
|
|t:|1707401274
|move|p1a: Jirachi|Protect|p1a: Jirachi
|-singleturn|p1a: Jirachi|Protect
|move|p2a: Riolu|Copycat||[still]
|-fail|p2a: Riolu
|
|-weather|RainDance|[upkeep]
|-damage|p2a: Riolu|65/100 tox|[from] psn
|upkeep
|turn|19
|
|t:|1707401279
|move|p1a: Jirachi|Iron Head|p2a: Riolu
|-damage|p2a: Riolu|0 fnt
|faint|p2a: Riolu
|
|-weather|RainDance|[upkeep]
|upkeep
|
|t:|1707401284
|switch|p2a: Starmie|Starmie|54/100
|-damage|p2a: Starmie|41/100|[from] Stealth Rock
|turn|20
|
|t:|1707401287
|switch|p1a: Chansey|Chansey, F|100/100
|-damage|p1a: Chansey|88/100|[from] Stealth Rock
|move|p2a: Starmie|Rapid Spin|p1a: Chansey
|-damage|p1a: Chansey|85/100
|-sideend|p2: testbwou|Stealth Rock|[from] move: Rapid Spin|[of] p2a: Starmie
|-damage|p2a: Starmie|32/100|[from] item: Life Orb
|
|-weather|RainDance|[upkeep]
|upkeep
|turn|21
|
|t:|1707401289
|switch|p2a: Shedinja|Shedinja|100/100
|move|p1a: Chansey|Stealth Rock|p2a: Shedinja
|-sidestart|p2: testbwou|move: Stealth Rock
|
|-weather|RainDance|[upkeep]
|upkeep
|turn|22
|
|t:|1707401293
|move|p2a: Shedinja|X-Scissor|p1a: Chansey
|-damage|p1a: Chansey|61/100
|move|p1a: Chansey|Toxic|p2a: Shedinja|[miss]
|-miss|p1a: Chansey|p2a: Shedinja
|
|-weather|RainDance|[upkeep]
|upkeep
|turn|23
|
|t:|1707401296
|move|p2a: Shedinja|X-Scissor|p1a: Chansey
|-damage|p1a: Chansey|39/100
|move|p1a: Chansey|Soft-Boiled|p1a: Chansey
|-heal|p1a: Chansey|89/100
|
|-weather|RainDance|[upkeep]
|upkeep
|turn|24
|
|t:|1707401299
|move|p2a: Shedinja|X-Scissor|p1a: Chansey
|-damage|p1a: Chansey|68/100
|move|p1a: Chansey|Toxic|p2a: Shedinja
|-status|p2a: Shedinja|tox
|
|-weather|RainDance|[upkeep]
|-damage|p2a: Shedinja|0 fnt|[from] psn
|faint|p2a: Shedinja
|upkeep
|
|t:|1707401303
|switch|p2a: Starmie|Starmie|32/100
|-damage|p2a: Starmie|19/100|[from] Stealth Rock
|turn|25
|
|t:|1707401307
|move|p2a: Starmie|Surf|p1a: Chansey
|-damage|p1a: Chansey|47/100
|-damage|p2a: Starmie|9/100|[from] item: Life Orb
|move|p1a: Chansey|Soft-Boiled|p1a: Chansey
|-heal|p1a: Chansey|97/100
|
|-weather|RainDance|[upkeep]
|upkeep
|turn|26
|
|t:|1707401311
|move|p2a: Starmie|Surf|p1a: Chansey
|-damage|p1a: Chansey|73/100
|-damage|p2a: Starmie|0 fnt|[from] item: Life Orb
|faint|p2a: Starmie
|move|p1a: Chansey|Seismic Toss|p2: Starmie|[notarget]
|-fail|p1a: Chansey
|
|-weather|RainDance|[upkeep]
|upkeep
|
|t:|1707401314
|switch|p2a: Politoed|Politoed, M|100/100
|-damage|p2a: Politoed|88/100|[from] Stealth Rock
|turn|27
|
|t:|1707401317
|move|p2a: Politoed|Surf|p1a: Chansey
|-damage|p1a: Chansey|58/100
|move|p1a: Chansey|Toxic|p2a: Politoed
|-status|p2a: Politoed|tox
|
|-weather|RainDance|[upkeep]
|-damage|p2a: Politoed|82/100 tox|[from] psn
|upkeep
|turn|28
|
|t:|1707401319
|move|p2a: Politoed|Surf|p1a: Chansey
|-damage|p1a: Chansey|41/100
|move|p1a: Chansey|Soft-Boiled|p1a: Chansey
|-heal|p1a: Chansey|91/100
|
|-weather|RainDance|[upkeep]
|-damage|p2a: Politoed|69/100 tox|[from] psn
|upkeep
|turn|29
|
|t:|1707401321
|move|p2a: Politoed|Surf|p1a: Chansey
|-damage|p1a: Chansey|75/100
|move|p1a: Chansey|Seismic Toss|p2a: Politoed
|-damage|p2a: Politoed|38/100 tox
|
|-weather|RainDance|[upkeep]
|-damage|p2a: Politoed|20/100 tox|[from] psn
|upkeep
|turn|30
|-message|testbwou forfeited.
|
|win|radaty
|raw|radaty's rating: 1474 &rarr; <strong>1489</strong><br />(+15 for winning)
|raw|testbwou's rating: 1386 &rarr; <strong>1371</strong><br />(-15 for losing)
|l|☆testbwou
|player|p2|
|l|☆radaty
|player|p1|
