|join|Pythagorean Python
|join|dtw
|player|p1|Pythagorean Python|169
|player|p2|dtw|1
|gametype|singles
|gen|5
|tier|[Gen 5] OU
|rated
|rule|Evasion Abilities Clause: Evasion abilities are banned
|clearpoke
|poke|p1|Slowbro, M
|poke|p1|Charizard, F
|poke|p1|Cloyster, F
|poke|p1|Machamp, M
|poke|p1|Jolteon, M
|poke|p1|Cinccino, F
|poke|p2|Sableye, F
|poke|p2|Forretress, M
|poke|p2|Volcarona, M
|poke|p2|Breloom, M
|poke|p2|Staraptor, M
|poke|p2|Rotom-Wash
|rule|Sleep Clause Mod: Limit one foe put to sleep
|rule|Species Clause: Limit one of each Pokemon
|rule|OHKO Clause: OHKO moves are banned
|rule|Moody Clause: Moody is banned
|rule|Evasion Moves Clause: Evasion moves are banned
|rule|Endless Battle Clause: Forcing endless battles is banned.
|rule|HP Percentage Mod: HP is reported as percentages
|teampreview
|
|start
|switch|p1a: Charizard|Charizard, F|296/296
|switch|p2a: Forretress|Forretress, M|354/354
|turn|1
|
|move|p1a: Charizard|Fire Punch|p2a: Forretress
|-supereffective|p2a: Forretress
|-damage|p2a: Forretress|122/354
|-enditem|p2a: Forretress|Red Card|[of] p1a: Charizard
|drag|p1a: Slowbro|Slowbro, M|394/394
|move|p2a: Forretress|Stealth Rock|p1a: Slowbro
|-sidestart|p1: Pythagorean Python|move: Stealth Rock
|
|turn|2
|
|move|p1a: Slowbro|Calm Mind|p1a: Slowbro
|-boost|p1a: Slowbro|spa|1
|-boost|p1a: Slowbro|spd|1
|move|p2a: Forretress|Spikes|p1a: Slowbro
|-sidestart|p1: Pythagorean Python|Spikes
|
|turn|3
|
|switch|p2a: Rotom-Wash|Rotom-Wash|304/304
|move|p1a: Slowbro|Calm Mind|p1a: Slowbro
|-boost|p1a: Slowbro|spa|1
|-boost|p1a: Slowbro|spd|1
|
|turn|4
|
|move|p2a: Rotom-Wash|Trick|p1a: Slowbro
|-activate|p2a: Rotom-Wash|move: Trick|[of] p1a: Slowbro
|-item|p1a: Slowbro|Choice Scarf|[from] move: Trick
|-item|p2a: Rotom-Wash|Leftovers|[from] move: Trick
|move|p1a: Slowbro|Scald|p2a: Rotom-Wash
|-resisted|p2a: Rotom-Wash
|-damage|p2a: Rotom-Wash|211/304
|-status|p2a: Rotom-Wash|brn
|
|-heal|p2a: Rotom-Wash|230/304 brn|[from] item: Leftovers
|-damage|p2a: Rotom-Wash|192/304 brn|[from] brn
|turn|5
|
|move|p2a: Rotom-Wash|Volt Switch|p1a: Slowbro
|-supereffective|p1a: Slowbro
|-damage|p1a: Slowbro|284/394
|
|switch|p2a: Forretress|Forretress, M|122/354
|move|p1a: Slowbro|Scald|p2a: Forretress
|-damage|p2a: Forretress|0 fnt
|faint|p2a: Forretress
|
|
|switch|p2a: Breloom|Breloom, M|323/323
|turn|6
|
|move|p2a: Breloom|Spore|p1a: Slowbro
|-status|p1a: Slowbro|slp
|cant|p1a: Slowbro|slp
|
|-status|p2a: Breloom|tox|[from] item: Toxic Orb
|turn|7
|
|-singleturn|p2a: Breloom|move: Focus Punch
|switch|p1a: Charizard|Charizard, F|296/296
|-damage|p1a: Charizard|148/296|[from] Stealth Rock
|move|p2a: Breloom|Focus Punch|p1a: Charizard
|-resisted|p1a: Charizard
|-damage|p1a: Charizard|16/296
|-enditem|p1a: Charizard|Salac Berry|[eat]
|-boost|p1a: Charizard|spe|1|[from] item: Salac Berry
|
|turn|8
|
|move|p1a: Charizard|Fire Punch|p2a: Breloom
|-supereffective|p2a: Breloom
|-damage|p2a: Breloom|87/323 tox
|move|p2a: Breloom|Leech Seed|p1a: Charizard
|-start|p1a: Charizard|move: Leech Seed
|
|-damage|p1a: Charizard|0 fnt|[from] Leech Seed|[of] p2a: Breloom
|-heal|p2a: Breloom|103/323 tox|[silent]
|-heal|p2a: Breloom|143/323 tox|[from] ability: Poison Heal
|faint|p1a: Charizard
|
|switch|p1a: Cloyster|Cloyster, F|242/242
|-damage|p1a: Cloyster|212/242|[from] Spikes
|-damage|p1a: Cloyster|152/242|[from] Stealth Rock
|turn|9
|
|-singleturn|p2a: Breloom|move: Focus Punch
|move|p1a: Cloyster|Shell Smash|p1a: Cloyster
|-boost|p1a: Cloyster|atk|2
|-boost|p1a: Cloyster|spa|2
|-boost|p1a: Cloyster|spe|2
|-unboost|p1a: Cloyster|def|1
|-unboost|p1a: Cloyster|spd|1
|move|p2a: Breloom|Focus Punch|p1a: Cloyster
|-supereffective|p1a: Cloyster
|-damage|p1a: Cloyster|0 fnt
|faint|p1a: Cloyster
|
|-heal|p2a: Breloom|183/323 tox|[from] ability: Poison Heal
|
|switch|p1a: Jolteon|Jolteon, M|272/272
|-damage|p1a: Jolteon|238/272|[from] Spikes
|-damage|p1a: Jolteon|204/272|[from] Stealth Rock
|turn|10
|
|switch|p2a: Sableye|Sableye, F|304/304
|move|p1a: Jolteon|Hidden Power|p2a: Sableye
|-damage|p2a: Sableye|209/304
|-damage|p1a: Jolteon|177/272|[from] item: Life Orb
|
|-heal|p2a: Sableye|228/304|[from] item: Leftovers
|turn|11
|
|move|p2a: Sableye|Recover|p2a: Sableye
|-heal|p2a: Sableye|304/304
|move|p1a: Jolteon|Thunderbolt|p2a: Sableye
|-damage|p2a: Sableye|112/304
|-damage|p1a: Jolteon|150/272|[from] item: Life Orb
|
|-heal|p2a: Sableye|131/304|[from] item: Leftovers
|turn|12
|
|move|p2a: Sableye|Recover|p2a: Sableye
|-heal|p2a: Sableye|283/304
|move|p1a: Jolteon|Thunderbolt|p2a: Sableye
|-damage|p2a: Sableye|104/304
|-damage|p1a: Jolteon|123/272|[from] item: Life Orb
|
|-heal|p2a: Sableye|123/304|[from] item: Leftovers
|turn|13
|
|move|p2a: Sableye|Recover|p2a: Sableye
|-heal|p2a: Sableye|275/304
|move|p1a: Jolteon|Thunderbolt|p2a: Sableye
|-crit|p2a: Sableye
|-damage|p2a: Sableye|0 fnt
|-damage|p1a: Jolteon|96/272|[from] item: Life Orb
|faint|p2a: Sableye
|
|
|switch|p2a: Rotom-Wash|Rotom-Wash|192/304 brn
|turn|14
|
|move|p1a: Jolteon|Thunderbolt|p2a: Rotom-Wash
|-damage|p2a: Rotom-Wash|0 fnt
|-damage|p1a: Jolteon|69/272|[from] item: Life Orb
|faint|p2a: Rotom-Wash
|
|
|switch|p2a: Volcarona|Volcarona, M|312/312
|turn|15
|
|move|p1a: Jolteon|Thunderbolt|p2a: Volcarona
|-damage|p2a: Volcarona|129/312
|-damage|p1a: Jolteon|42/272|[from] item: Life Orb
|move|p2a: Volcarona|Quiver Dance|p2a: Volcarona
|-boost|p2a: Volcarona|spa|1
|-boost|p2a: Volcarona|spd|1
|-boost|p2a: Volcarona|spe|1
|
|turn|16
|
|move|p2a: Volcarona|Bug Buzz|p1a: Jolteon
|-damage|p1a: Jolteon|0 fnt
|-damage|p2a: Volcarona|98/312|[from] item: Life Orb
|faint|p1a: Jolteon
|
|
|switch|p1a: Machamp|Machamp, M|384/384
|-damage|p1a: Machamp|360/384|[from] Stealth Rock
|-damage|p1a: Machamp|312/384|[from] Spikes
|turn|17
|
|move|p2a: Volcarona|Fiery Dance|p1a: Machamp
|-damage|p1a: Machamp|0 fnt
|-boost|p2a: Volcarona|spa|1
|-damage|p2a: Volcarona|67/312|[from] item: Life Orb
|faint|p1a: Machamp
|
|
|switch|p1a: Cinccino|Cinccino, F|291/291
|-damage|p1a: Cinccino|255/291|[from] Stealth Rock
|-damage|p1a: Cinccino|219/291|[from] Spikes
|turn|18
|
|move|p2a: Volcarona|Fiery Dance|p1a: Cinccino
|-damage|p1a: Cinccino|0 fnt
|-boost|p2a: Volcarona|spa|1
|-damage|p2a: Volcarona|36/312|[from] item: Life Orb
|faint|p1a: Cinccino
|
|
|switch|p1a: Slowbro|Slowbro, M|394/394 slp
|-damage|p1a: Slowbro|345/394 slp|[from] Spikes
|-damage|p1a: Slowbro|296/394 slp|[from] Stealth Rock
|turn|19
|
|move|p2a: Volcarona|Bug Buzz|p1a: Slowbro
|-supereffective|p1a: Slowbro
|-damage|p1a: Slowbro|0 fnt
|-damage|p2a: Volcarona|5/312|[from] item: Life Orb
|faint|p1a: Slowbro
|
|win|dtw
|raw|Ladder updating...
|raw|Pythagorean Python's rating: 1401 &rarr; <strong>1377</strong><br />(-24 for losing)
|raw|dtw's rating: 1326 &rarr; <strong>1350</strong><br />(+24 for winning)
|chat|dtw|gg
|leave|Pythagorean Python
|player|p1