|j|☆lijkjlkjlkjlkjlk
|j|☆spliffdiff
|t:|1725036471
|gametype|singles
|player|p1|lijkjlkjlkjlkjlk|bugcatcher-gen4dp|1478
|player|p2|spliffdiff|scientist-gen4|1384
|teamsize|p1|6
|teamsize|p2|6
|gen|5
|tier|[Gen 5] OU
|rated|
|rule|Species Clause: Limit one of each Pokémon
|rule|OHKO Clause: OHKO moves are banned
|rule|Moody Clause: Moody is banned
|rule|Evasion Items Clause: Evasion items are banned
|rule|Evasion Moves Clause: Evasion moves are banned
|rule|Endless Battle Clause: Forcing endless battles is banned
|rule|HP Percentage Mod: HP is shown in percentages
|rule|Evasion Abilities Clause: Evasion abilities are banned
|rule|Sleep Moves Clause: Sleep-inducing moves are banned
|rule|Swagger Clause: Swagger is banned
|rule|Baton Pass Stat Clause: No Baton Passer may have a way to boost its stats
|clearpoke
|poke|p1|Bronzong|item
|poke|p1|Porygon2|item
|poke|p1|Reuniclus, M|item
|poke|p1|Chandelure, M|item
|poke|p1|Crawdaunt, F|item
|poke|p1|Terrakion|item
|poke|p2|Terrakion|item
|poke|p2|Garchomp, M|item
|poke|p2|Keldeo-Resolute|item
|poke|p2|Conkeldurr, M|item
|poke|p2|Honchkrow, F|item
|poke|p2|Gengar, M|item
|teampreview
|inactive|Battle timer is ON: inactive players will automatically lose when time's up. (requested by spliffdiff)
|
|t:|1725036484
|start
|switch|p1a: Bronzong|Bronzong|100/100
|switch|p2a: Terrakion|Terrakion|100/100
|turn|1
|c|☆spliffdiff|How about
|
|t:|1725036495
|move|p2a: Terrakion|Taunt|p1a: Bronzong
|-start|p1a: Bronzong|move: Taunt
|-enditem|p1a: Bronzong|Mental Herb
|-end|p1a: Bronzong|move: Taunt
|move|p1a: Bronzong|Trick Room|p1a: Bronzong
|-fieldstart|move: Trick Room|[of] p1a: Bronzong
|
|upkeep
|turn|2
|c|☆lijkjlkjlkjlkjlk|i use trick room
|
|t:|1725036504
|move|p1a: Bronzong|Stealth Rock|p2a: Terrakion
|-sidestart|p2: spliffdiff|move: Stealth Rock
|move|p2a: Terrakion|Stealth Rock|p1a: Bronzong
|-sidestart|p1: lijkjlkjlkjlkjlk|move: Stealth Rock
|
|upkeep
|turn|3
|inactive|spliffdiff has 120 seconds left.
|
|t:|1725036535
|move|p1a: Bronzong|Gyro Ball|p2a: Terrakion
|-supereffective|p2a: Terrakion
|-damage|p2a: Terrakion|13/100
|move|p2a: Terrakion|Close Combat|p1a: Bronzong
|-damage|p1a: Bronzong|62/100
|-unboost|p2a: Terrakion|def|1
|-unboost|p2a: Terrakion|spd|1
|
|upkeep
|turn|4
|
|t:|1725036542
|move|p1a: Bronzong|Gyro Ball|p2a: Terrakion
|-supereffective|p2a: Terrakion
|-damage|p2a: Terrakion|0 fnt
|faint|p2a: Terrakion
|
|upkeep
|inactive|spliffdiff has 120 seconds left.
|
|t:|1725036559
|switch|p2a: Conkeldurr|Conkeldurr, M|100/100
|-damage|p2a: Conkeldurr|94/100|[from] Stealth Rock
|turn|5
|
|t:|1725036564
|move|p1a: Bronzong|Explosion|p2a: Conkeldurr
|-damage|p2a: Conkeldurr|56/100
|faint|p1a: Bronzong
|move|p2a: Conkeldurr|Drain Punch|p1: Bronzong|[notarget]
|-fail|p2a: Conkeldurr
|
|-fieldend|move: Trick Room
|upkeep
|
|t:|1725036573
|switch|p1a: Chandelure|Chandelure, M|100/100
|-damage|p1a: Chandelure|76/100|[from] Stealth Rock
|-item|p1a: Chandelure|Air Balloon
|turn|6
|c|☆spliffdiff|I guess it’s not as bad as rain setters
|c|☆spliffdiff|or stall
|inactive|spliffdiff has 120 seconds left.
|
|t:|1725036594
|move|p1a: Chandelure|Fire Blast|p2a: Conkeldurr
|-damage|p2a: Conkeldurr|0 fnt
|faint|p2a: Conkeldurr
|
|upkeep
|inactive|spliffdiff has 120 seconds left.
|
|t:|1725036600
|switch|p2a: Keldeo|Keldeo-Resolute|100/100
|-damage|p2a: Keldeo|94/100|[from] Stealth Rock
|turn|7
|
|t:|1725036609
|switch|p1a: Reuniclus|Reuniclus, M|100/100
|move|p2a: Keldeo|Calm Mind|p2a: Keldeo
|-boost|p2a: Keldeo|spa|1
|-boost|p2a: Keldeo|spd|1
|
|upkeep
|turn|8
|
|t:|1725036617
|move|p2a: Keldeo|Surf|p1a: Reuniclus
|-damage|p1a: Reuniclus|47/100
|move|p1a: Reuniclus|Trick Room|p1a: Reuniclus
|-fieldstart|move: Trick Room|[of] p1a: Reuniclus
|
|upkeep
|turn|9
|
|t:|1725036621
|move|p1a: Reuniclus|Psyshock|p2a: Keldeo
|-supereffective|p2a: Keldeo
|-enditem|p2a: Keldeo|Payapa Berry|[eat]
|-enditem|p2a: Keldeo|Payapa Berry|[weaken]
|-damage|p2a: Keldeo|41/100
|move|p2a: Keldeo|Surf|p1a: Reuniclus
|-damage|p1a: Reuniclus|0 fnt
|faint|p1a: Reuniclus
|
|upkeep
|c|☆lijkjlkjlkjlkjlk|woah tech
|c|☆spliffdiff|Tech ?
|inactive|lijkjlkjlkjlkjlk has 120 seconds left.
|
|t:|1725036658
|switch|p1a: Chandelure|Chandelure, M|76/100
|-damage|p1a: Chandelure|51/100|[from] Stealth Rock
|-item|p1a: Chandelure|Air Balloon
|turn|10
|
|t:|1725036667
|move|p1a: Chandelure|Energy Ball|p2a: Keldeo
|-supereffective|p2a: Keldeo
|-damage|p2a: Keldeo|0 fnt
|faint|p2a: Keldeo
|
|upkeep
|
|t:|1725036678
|switch|p2a: Honchkrow|Honchkrow, F|100/100
|-damage|p2a: Honchkrow|75/100|[from] Stealth Rock
|turn|11
|inactive|lijkjlkjlkjlkjlk has 120 seconds left.
|c|☆lijkjlkjlkjlkjlk|tech is when you make a set adjustment like that
|
|t:|1725036722
|move|p1a: Chandelure|Fire Blast|p2a: Honchkrow
|-damage|p2a: Honchkrow|0 fnt
|faint|p2a: Honchkrow
|
|upkeep
|c|☆spliffdiff|Oh
|c|☆spliffdiff|my keldeo always had payapa tho
|inactive|spliffdiff has 120 seconds left.
|c|☆spliffdiff|didnt get a chance during our last match
|c|☆lijkjlkjlkjlkjlk|thats pretty good, my reuniclus is supposed to beat specs keldeo 2 pumps, but not if theres that berry
|c|☆lijkjlkjlkjlkjlk|caught me
|c|☆spliffdiff|Yea pretty good against zam too
|inactive|spliffdiff has 90 seconds left.
|
|t:|1725036795
|switch|p2a: Gengar|Gengar, M|100/100
|-damage|p2a: Gengar|88/100|[from] Stealth Rock
|turn|12
|c|☆lijkjlkjlkjlkjlk|is it modest?
|
|t:|1725036804
|switch|p2a: Garchomp|Garchomp, M|100/100
|-damage|p2a: Garchomp|94/100|[from] Stealth Rock
|move|p1a: Chandelure|Shadow Ball|p2a: Garchomp
|-damage|p2a: Garchomp|43/100
|
|-fieldend|move: Trick Room
|upkeep
|turn|13
|c|☆spliffdiff|Timid
|inactive|spliffdiff has 90 seconds left.
|c|☆lijkjlkjlkjlkjlk|i see
|
|t:|1725036823
|move|p2a: Garchomp|Rock Slide|p1a: Chandelure
|-supereffective|p1a: Chandelure
|-damage|p1a: Chandelure|0 fnt
|-enditem|p1a: Chandelure|Air Balloon
|faint|p1a: Chandelure
|
|upkeep
|inactive|lijkjlkjlkjlkjlk has 120 seconds left.
|c|☆spliffdiff|Well got at least got further than last time
|inactive|lijkjlkjlkjlkjlk has 90 seconds left.
|
|t:|1725036875
|switch|p1a: Porygon2|Porygon2|100/100
|-damage|p1a: Porygon2|88/100|[from] Stealth Rock
|-ability|p1a: Porygon2|Download|boost
|-boost|p1a: Porygon2|spa|1
|turn|14
|c|☆lijkjlkjlkjlkjlk|not worth worrying about this team
|inactive|spliffdiff has 90 seconds left.
|c|☆lijkjlkjlkjlkjlk|trick room is too uncommon
|inactive|spliffdiff has 60 seconds left.
|
|t:|1725036925
|switch|p2a: Gengar|Gengar, M|88/100
|-damage|p2a: Gengar|76/100|[from] Stealth Rock
|move|p1a: Porygon2|Trick Room|p1a: Porygon2
|-fieldstart|move: Trick Room|[of] p1a: Porygon2
|
|upkeep
|turn|15
|
|t:|1725036933
|move|p1a: Porygon2|Ice Beam|p2a: Gengar
|-crit|p2a: Gengar
|-damage|p2a: Gengar|0 fnt
|faint|p2a: Gengar
|
|upkeep
|
|t:|1725036937
|switch|p2a: Garchomp|Garchomp, M|43/100
|-damage|p2a: Garchomp|37/100|[from] Stealth Rock
|turn|16
|
|t:|1725036939
|move|p1a: Porygon2|Ice Beam|p2a: Garchomp
|-supereffective|p2a: Garchomp
|-damage|p2a: Garchomp|0 fnt
|faint|p2a: Garchomp
|
|win|lijkjlkjlkjlkjlk
|raw|lijkjlkjlkjlkjlk's rating: 1478 &rarr; <strong>1493</strong><br />(+15 for winning)
|raw|spliffdiff's rating: 1384 &rarr; <strong>1369</strong><br />(-15 for losing)
|c|☆lijkjlkjlkjlkjlk|ggwp
