|j|☆Mintiephresh
|j|☆NtRiver
|t:|1701568895
|gametype|singles
|player|p1|Mintiephresh|burglar-gen1rb|1375
|player|p2|NtRiver|morty|1477
|teamsize|p1|6
|teamsize|p2|6
|gen|5
|tier|[Gen 5] OU
|rated|
|rule|Species Clause: Limit one of each Pokémon
|rule|OHKO Clause: OHKO moves are banned
|rule|Moody Clause: Moody is banned
|rule|Evasion Items Clause: Evasion items are banned
|rule|Evasion Moves Clause: Evasion moves are banned
|rule|Endless Battle Clause: Forcing endless battles is banned
|rule|HP Percentage Mod: HP is shown in percentages
|rule|Evasion Abilities Clause: Evasion abilities are banned
|rule|Sleep Moves Clause: Sleep-inducing moves are banned
|rule|Swagger Clause: Swagger is banned
|rule|Baton Pass Stat Clause: No Baton Passer may have a way to boost its stats
|clearpoke
|poke|p1|Alakazam, F|item
|poke|p1|Skarmory, F|item
|poke|p1|Tyranitar, M|item
|poke|p1|Mamoswine, M|item
|poke|p1|Jellicent, F|item
|poke|p1|Excadrill, M|item
|poke|p2|Skarmory, M|item
|poke|p2|Gastrodon, M|item
|poke|p2|Reuniclus, M|item
|poke|p2|Tyranitar, M|item
|poke|p2|Latias, F|item
|poke|p2|Heatran, F|item
|teampreview
|inactive|Battle timer is ON: inactive players will automatically lose when time's up. (requested by Mintiephresh)
|inactive|NtRiver also wants the timer to be on.
|
|t:|1701568906
|start
|switch|p1a: Jellicent|Jellicent, F|100/100
|switch|p2a: Tyranitar|Tyranitar, M|100/100
|-item|p1a: Jellicent|Air Balloon
|-weather|Sandstorm|[from] ability: Sand Stream|[of] p2a: Tyranitar
|turn|1
|
|t:|1701568911
|move|p1a: Jellicent|Will-O-Wisp|p2a: Tyranitar
|-status|p2a: Tyranitar|brn
|move|p2a: Tyranitar|Stealth Rock|p1a: Jellicent
|-sidestart|p1: Mintiephresh|move: Stealth Rock
|
|-weather|Sandstorm|[upkeep]
|-damage|p1a: Jellicent|94/100|[from] Sandstorm
|-damage|p2a: Tyranitar|88/100 brn|[from] brn
|upkeep
|turn|2
|
|t:|1701568918
|switch|p2a: Reuniclus|Reuniclus, M|100/100
|move|p1a: Jellicent|Taunt|p2a: Reuniclus
|-start|p2a: Reuniclus|move: Taunt
|
|-weather|Sandstorm|[upkeep]
|-damage|p1a: Jellicent|88/100|[from] Sandstorm
|upkeep
|turn|3
|
|t:|1701568924
|switch|p1a: Tyranitar|Tyranitar, M|100/100
|-damage|p1a: Tyranitar|88/100|[from] Stealth Rock
|move|p2a: Reuniclus|Psyshock|p1a: Tyranitar
|-immune|p1a: Tyranitar
|
|-weather|Sandstorm|[upkeep]
|upkeep
|turn|4
|
|t:|1701568927
|move|p1a: Tyranitar|Crunch|p2a: Reuniclus
|-supereffective|p2a: Reuniclus
|-damage|p2a: Reuniclus|46/100
|-unboost|p2a: Reuniclus|def|1
|move|p2a: Reuniclus|Focus Blast|p1a: Tyranitar|[miss]
|-miss|p2a: Reuniclus|p1a: Tyranitar
|
|-weather|Sandstorm|[upkeep]
|-heal|p2a: Reuniclus|52/100|[from] item: Leftovers
|-end|p2a: Reuniclus|move: Taunt
|upkeep
|turn|5
|
|t:|1701568935
|switch|p2a: Skarmory|Skarmory, M|100/100
|move|p1a: Tyranitar|Crunch|p2a: Skarmory
|-resisted|p2a: Skarmory
|-damage|p2a: Skarmory|89/100
|-damage|p1a: Tyranitar|72/100|[from] item: Rocky Helmet|[of] p2a: Skarmory
|
|-weather|Sandstorm|[upkeep]
|upkeep
|turn|6
|
|t:|1701568940
|switch|p2a: Heatran|Heatran, F|100/100
|move|p1a: Tyranitar|Thunder Wave|p2a: Heatran
|-status|p2a: Heatran|par
|
|-weather|Sandstorm|[upkeep]
|upkeep
|turn|7
|
|t:|1701568944
|switch|p1a: Jellicent|Jellicent, F|88/100
|-damage|p1a: Jellicent|76/100|[from] Stealth Rock
|-item|p1a: Jellicent|Air Balloon
|switch|p2a: Skarmory|Skarmory, M|89/100
|
|-weather|Sandstorm|[upkeep]
|-damage|p1a: Jellicent|70/100|[from] Sandstorm
|upkeep
|turn|8
|
|t:|1701568957
|switch|p2a: Reuniclus|Reuniclus, M|52/100
|switch|p1a: Alakazam|Alakazam, F|100/100
|
|-weather|Sandstorm|[upkeep]
|-heal|p2a: Reuniclus|58/100|[from] item: Leftovers
|upkeep
|turn|9
|
|t:|1701568960
|switch|p2a: Tyranitar|Tyranitar, M|88/100 brn
|move|p1a: Alakazam|Shadow Ball|p2a: Tyranitar
|-resisted|p2a: Tyranitar
|-damage|p2a: Tyranitar|79/100 brn
|
|-weather|Sandstorm|[upkeep]
|-damage|p2a: Tyranitar|67/100 brn|[from] brn
|upkeep
|turn|10
|
|t:|1701568963
|move|p1a: Alakazam|Grass Knot|p2a: Tyranitar
|-supereffective|p2a: Tyranitar
|-damage|p2a: Tyranitar|17/100 brn
|move|p2a: Tyranitar|Pursuit|p1a: Alakazam
|-supereffective|p1a: Alakazam
|-damage|p1a: Alakazam|52/100
|
|-weather|Sandstorm|[upkeep]
|-damage|p2a: Tyranitar|5/100 brn|[from] brn
|upkeep
|turn|11
|
|t:|1701568970
|move|p1a: Alakazam|Shadow Ball|p2a: Tyranitar
|-resisted|p2a: Tyranitar
|-damage|p2a: Tyranitar|0 fnt
|faint|p2a: Tyranitar
|
|-weather|Sandstorm|[upkeep]
|upkeep
|
|t:|1701568977
|switch|p2a: Latias|Latias, F|100/100
|turn|12
|
|t:|1701568980
|move|p1a: Alakazam|Shadow Ball|p2a: Latias
|-supereffective|p2a: Latias
|-damage|p2a: Latias|43/100
|move|p2a: Latias|Thunder Wave|p1a: Alakazam
|-status|p1a: Alakazam|par
|
|-weather|Sandstorm|[upkeep]
|-damage|p2a: Latias|37/100|[from] Sandstorm
|-heal|p2a: Latias|43/100|[from] item: Leftovers
|upkeep
|turn|13
|
|t:|1701568984
|move|p2a: Latias|Draco Meteor|p1a: Alakazam
|-damage|p1a: Alakazam|0 fnt
|-unboost|p2a: Latias|spa|2
|faint|p1a: Alakazam
|
|-weather|Sandstorm|[upkeep]
|-damage|p2a: Latias|37/100|[from] Sandstorm
|-heal|p2a: Latias|43/100|[from] item: Leftovers
|upkeep
|
|t:|1701568987
|switch|p1a: Tyranitar|Tyranitar, M|72/100
|-damage|p1a: Tyranitar|59/100|[from] Stealth Rock
|turn|14
|
|t:|1701568989
|move|p2a: Latias|Thunder Wave|p1a: Tyranitar
|-status|p1a: Tyranitar|par
|move|p1a: Tyranitar|Pursuit|p2a: Latias
|-supereffective|p2a: Latias
|-damage|p2a: Latias|0 fnt
|faint|p2a: Latias
|
|-weather|Sandstorm|[upkeep]
|upkeep
|
|t:|1701568999
|switch|p2a: Gastrodon|Gastrodon, M|100/100
|turn|15
|
|t:|1701569007
|switch|p1a: Jellicent|Jellicent, F|70/100
|-damage|p1a: Jellicent|57/100|[from] Stealth Rock
|-item|p1a: Jellicent|Air Balloon
|move|p2a: Gastrodon|Earthquake|p1a: Jellicent
|-immune|p1a: Jellicent
|
|-weather|Sandstorm|[upkeep]
|-damage|p1a: Jellicent|51/100|[from] Sandstorm
|upkeep
|turn|16
|
|t:|1701569009
|move|p1a: Jellicent|Recover|p1a: Jellicent
|-heal|p1a: Jellicent|100/100
|move|p2a: Gastrodon|Toxic|p1a: Jellicent
|-status|p1a: Jellicent|tox
|
|-weather|Sandstorm|[upkeep]
|-damage|p1a: Jellicent|94/100 tox|[from] Sandstorm
|-damage|p1a: Jellicent|88/100 tox|[from] psn
|upkeep
|turn|17
|
|t:|1701569014
|switch|p2a: Reuniclus|Reuniclus, M|58/100
|move|p1a: Jellicent|Will-O-Wisp|p2a: Reuniclus|[miss]
|-miss|p1a: Jellicent|p2a: Reuniclus
|
|-weather|Sandstorm|[upkeep]
|-damage|p1a: Jellicent|82/100 tox|[from] Sandstorm
|-heal|p2a: Reuniclus|65/100|[from] item: Leftovers
|-damage|p1a: Jellicent|70/100 tox|[from] psn
|upkeep
|turn|18
|
|t:|1701569020
|move|p1a: Jellicent|Night Shade|p2a: Reuniclus
|-damage|p2a: Reuniclus|41/100
|move|p2a: Reuniclus|Recover|p2a: Reuniclus
|-heal|p2a: Reuniclus|91/100
|
|-weather|Sandstorm|[upkeep]
|-damage|p1a: Jellicent|63/100 tox|[from] Sandstorm
|-heal|p2a: Reuniclus|97/100|[from] item: Leftovers
|-damage|p1a: Jellicent|45/100 tox|[from] psn
|upkeep
|turn|19
|
|t:|1701569037
|switch|p1a: Tyranitar|Tyranitar, M|59/100 par
|-damage|p1a: Tyranitar|47/100 par|[from] Stealth Rock
|move|p2a: Reuniclus|Calm Mind|p2a: Reuniclus
|-boost|p2a: Reuniclus|spa|1
|-boost|p2a: Reuniclus|spd|1
|
|-weather|Sandstorm|[upkeep]
|-heal|p2a: Reuniclus|100/100|[from] item: Leftovers
|upkeep
|turn|20
|
|t:|1701569040
|move|p2a: Reuniclus|Focus Blast|p1a: Tyranitar
|-supereffective|p1a: Tyranitar
|-enditem|p1a: Tyranitar|Chople Berry|[eat]
|-enditem|p1a: Tyranitar|Chople Berry|[weaken]
|-damage|p1a: Tyranitar|4/100 par
|move|p1a: Tyranitar|Crunch|p2a: Reuniclus
|-supereffective|p2a: Reuniclus
|-damage|p2a: Reuniclus|50/100
|
|-weather|Sandstorm|[upkeep]
|-heal|p2a: Reuniclus|57/100|[from] item: Leftovers
|upkeep
|turn|21
|
|t:|1701569046
|switch|p2a: Skarmory|Skarmory, M|89/100
|cant|p1a: Tyranitar|par
|
|-weather|Sandstorm|[upkeep]
|upkeep
|turn|22
|
|t:|1701569049
|move|p2a: Skarmory|Spikes|p1a: Tyranitar
|-sidestart|p1: Mintiephresh|Spikes
|move|p1a: Tyranitar|Thunder Wave|p2a: Skarmory
|-status|p2a: Skarmory|par
|
|-weather|Sandstorm|[upkeep]
|upkeep
|turn|23
|
|t:|1701569052
|cant|p2a: Skarmory|par
|move|p1a: Tyranitar|Crunch|p2a: Skarmory
|-resisted|p2a: Skarmory
|-damage|p2a: Skarmory|78/100 par
|-damage|p1a: Tyranitar|0 fnt|[from] item: Rocky Helmet|[of] p2a: Skarmory
|faint|p1a: Tyranitar
|
|-weather|Sandstorm|[upkeep]
|upkeep
|
|t:|1701569059
|switch|p1a: Excadrill|Excadrill, M|100/100
|-damage|p1a: Excadrill|97/100|[from] Stealth Rock
|-damage|p1a: Excadrill|85/100|[from] Spikes
|turn|24
|
|t:|1701569067
|move|p1a: Excadrill|Rapid Spin|p2a: Skarmory
|-resisted|p2a: Skarmory
|-damage|p2a: Skarmory|76/100 par
|-damage|p1a: Excadrill|68/100|[from] item: Rocky Helmet|[of] p2a: Skarmory
|-sideend|p1: Mintiephresh|Spikes|[from] move: Rapid Spin|[of] p1a: Excadrill
|-sideend|p1: Mintiephresh|Stealth Rock|[from] move: Rapid Spin|[of] p1a: Excadrill
|move|p2a: Skarmory|Spikes|p1a: Excadrill
|-sidestart|p1: Mintiephresh|Spikes
|
|-weather|Sandstorm|[upkeep]
|upkeep
|turn|25
|
|t:|1701569072
|switch|p1a: Jellicent|Jellicent, F|45/100 tox
|-item|p1a: Jellicent|Air Balloon
|move|p2a: Skarmory|Spikes|p1a: Jellicent
|-sidestart|p1: Mintiephresh|Spikes
|
|-weather|Sandstorm|[upkeep]
|-damage|p1a: Jellicent|39/100 tox|[from] Sandstorm
|-damage|p1a: Jellicent|32/100 tox|[from] psn
|upkeep
|turn|26
|
|t:|1701569076
|switch|p2a: Reuniclus|Reuniclus, M|57/100
|move|p1a: Jellicent|Taunt|p2a: Reuniclus
|-start|p2a: Reuniclus|move: Taunt
|
|-weather|Sandstorm|[upkeep]
|-damage|p1a: Jellicent|26/100 tox|[from] Sandstorm
|-heal|p2a: Reuniclus|63/100|[from] item: Leftovers
|-damage|p1a: Jellicent|14/100 tox|[from] psn
|upkeep
|turn|27
|
|t:|1701569080
|move|p1a: Jellicent|Will-O-Wisp|p2a: Reuniclus
|-status|p2a: Reuniclus|brn
|move|p2a: Reuniclus|Psyshock|p1a: Jellicent
|-damage|p1a: Jellicent|0 fnt
|-enditem|p1a: Jellicent|Air Balloon
|faint|p1a: Jellicent
|
|-weather|Sandstorm|[upkeep]
|-heal|p2a: Reuniclus|69/100 brn|[from] item: Leftovers
|upkeep
|
|t:|1701569095
|switch|p1a: Mamoswine|Mamoswine, M|100/100
|-damage|p1a: Mamoswine|84/100|[from] Spikes
|turn|28
|
|t:|1701569100
|move|p1a: Mamoswine|Icicle Crash|p2a: Reuniclus
|-damage|p2a: Reuniclus|29/100 brn
|move|p2a: Reuniclus|Focus Blast|p1a: Mamoswine|[miss]
|-miss|p2a: Reuniclus|p1a: Mamoswine
|
|-weather|Sandstorm|[upkeep]
|-heal|p2a: Reuniclus|35/100 brn|[from] item: Leftovers
|-end|p2a: Reuniclus|move: Taunt
|upkeep
|turn|29
|
|t:|1701569108
|switch|p2a: Heatran|Heatran, F|100/100 par
|move|p1a: Mamoswine|Earthquake|p2a: Heatran
|-supereffective|p2a: Heatran
|-damage|p2a: Heatran|0 fnt
|faint|p2a: Heatran
|
|-weather|Sandstorm|[upkeep]
|upkeep
|
|t:|1701569110
|switch|p2a: Gastrodon|Gastrodon, M|100/100
|turn|30
|
|t:|1701569112
|move|p1a: Mamoswine|Icicle Crash|p2a: Gastrodon
|-crit|p2a: Gastrodon
|-damage|p2a: Gastrodon|22/100
|move|p2a: Gastrodon|Scald|p1a: Mamoswine
|-supereffective|p1a: Mamoswine
|-damage|p1a: Mamoswine|19/100
|
|-weather|Sandstorm|[upkeep]
|-heal|p2a: Gastrodon|28/100|[from] item: Leftovers
|upkeep
|turn|31
|
|t:|1701569121
|move|p1a: Mamoswine|Icicle Crash|p2a: Gastrodon
|-damage|p2a: Gastrodon|0 fnt
|faint|p2a: Gastrodon
|
|-weather|Sandstorm|[upkeep]
|upkeep
|
|t:|1701569123
|switch|p2a: Skarmory|Skarmory, M|76/100 par
|turn|32
|
|t:|1701569132
|move|p1a: Mamoswine|Icicle Crash|p2a: Skarmory
|-damage|p2a: Skarmory|40/100 par
|move|p2a: Skarmory|Brave Bird|p1a: Mamoswine
|-damage|p1a: Mamoswine|0 fnt
|faint|p1a: Mamoswine
|-damage|p2a: Skarmory|34/100 par|[from] Recoil
|
|-weather|Sandstorm|[upkeep]
|upkeep
|
|t:|1701569136
|switch|p1a: Excadrill|Excadrill, M|68/100
|-damage|p1a: Excadrill|52/100|[from] Spikes
|turn|33
|
|t:|1701569139
|move|p1a: Excadrill|Rock Slide|p2a: Skarmory
|-damage|p2a: Skarmory|12/100 par
|move|p2a: Skarmory|Roost|p2a: Skarmory
|-heal|p2a: Skarmory|62/100 par
|-singleturn|p2a: Skarmory|move: Roost
|
|-weather|Sandstorm|[upkeep]
|upkeep
|turn|34
|
|t:|1701569144
|move|p1a: Excadrill|Rock Slide|p2a: Skarmory
|-damage|p2a: Skarmory|40/100 par
|move|p2a: Skarmory|Roost|p2a: Skarmory
|-heal|p2a: Skarmory|90/100 par
|-singleturn|p2a: Skarmory|move: Roost
|
|-weather|Sandstorm|[upkeep]
|upkeep
|turn|35
|
|t:|1701569148
|switch|p1a: Skarmory|Skarmory, F|100/100
|move|p2a: Skarmory|Whirlwind|p1a: Skarmory
|drag|p1a: Excadrill|Excadrill, M|52/100
|-damage|p1a: Excadrill|35/100|[from] Spikes
|
|-weather|Sandstorm|[upkeep]
|upkeep
|turn|36
|j| Darkininha
|
|t:|1701569153
|move|p1a: Excadrill|Iron Head|p2a: Skarmory
|-resisted|p2a: Skarmory
|-damage|p2a: Skarmory|73/100 par
|-damage|p1a: Excadrill|19/100|[from] item: Rocky Helmet|[of] p2a: Skarmory
|move|p2a: Skarmory|Whirlwind|p1a: Excadrill
|drag|p1a: Skarmory|Skarmory, F|100/100
|
|-weather|Sandstorm|[upkeep]
|upkeep
|turn|37
|
|t:|1701569160
|move|p1a: Skarmory|Brave Bird|p2a: Skarmory
|-resisted|p2a: Skarmory
|-damage|p2a: Skarmory|61/100 par
|-damage|p1a: Skarmory|84/100|[from] item: Rocky Helmet|[of] p2a: Skarmory
|-damage|p1a: Skarmory|79/100|[from] Recoil
|move|p2a: Skarmory|Spikes|p1a: Skarmory
|-sidestart|p1: Mintiephresh|Spikes
|
|-weather|Sandstorm|[upkeep]
|upkeep
|turn|38
|
|t:|1701569163
|move|p1a: Skarmory|Brave Bird|p2a: Skarmory
|-resisted|p2a: Skarmory
|-damage|p2a: Skarmory|47/100 par
|-damage|p1a: Skarmory|62/100|[from] item: Rocky Helmet|[of] p2a: Skarmory
|-damage|p1a: Skarmory|57/100|[from] Recoil
|move|p2a: Skarmory|Roost|p2a: Skarmory
|-heal|p2a: Skarmory|97/100 par
|-singleturn|p2a: Skarmory|move: Roost
|
|-weather|Sandstorm|[upkeep]
|upkeep
|turn|39
|l| Darkininha
|
|t:|1701569167
|move|p1a: Skarmory|Brave Bird|p2a: Skarmory
|-resisted|p2a: Skarmory
|-damage|p2a: Skarmory|84/100 par
|-damage|p1a: Skarmory|40/100|[from] item: Rocky Helmet|[of] p2a: Skarmory
|-damage|p1a: Skarmory|35/100|[from] Recoil
|move|p2a: Skarmory|Whirlwind|p1a: Skarmory
|drag|p1a: Excadrill|Excadrill, M|19/100
|-damage|p1a: Excadrill|0 fnt|[from] Spikes
|faint|p1a: Excadrill
|
|-weather|Sandstorm|[upkeep]
|upkeep
|
|t:|1701569171
|switch|p1a: Skarmory|Skarmory, F|35/100
|turn|40
|-message|Mintiephresh forfeited.
|
|win|NtRiver
|raw|Mintiephresh's rating: 1375 &rarr; <strong>1361</strong><br />(-14 for losing)
|raw|NtRiver's rating: 1477 &rarr; <strong>1491</strong><br />(+14 for winning)
|l|☆Mintiephresh
|c|☆NtRiver|Gg
