|j|☆ajkjqwk
|j|☆Highv0ltag3
|t:|1711380520
|gametype|singles
|player|p1|ajkjqwk|101|1319
|player|p2|Highv0ltag3|#wcop2023europe2|1624
|teamsize|p1|6
|teamsize|p2|6
|gen|5
|tier|[Gen 5] OU
|rated|
|rule|Species Clause: Limit one of each Pokémon
|rule|OHKO Clause: OHKO moves are banned
|rule|Moody Clause: Moody is banned
|rule|Evasion Items Clause: Evasion items are banned
|rule|Evasion Moves Clause: Evasion moves are banned
|rule|Endless Battle Clause: Forcing endless battles is banned
|rule|HP Percentage Mod: HP is shown in percentages
|rule|Evasion Abilities Clause: Evasion abilities are banned
|rule|Sleep Moves Clause: Sleep-inducing moves are banned
|rule|Swagger Clause: Swagger is banned
|rule|Baton Pass Stat Clause: No Baton Passer may have a way to boost its stats
|clearpoke
|poke|p1|Tyranitar, M|item
|poke|p1|Mienshao, F|item
|poke|p1|Ferrothorn, F|item
|poke|p1|Gliscor, F|item
|poke|p1|Alakazam, M|item
|poke|p1|Rotom-Wash|item
|poke|p2|Slowbro, M|item
|poke|p2|Chansey, F|item
|poke|p2|Amoonguss, M|item
|poke|p2|Skarmory, F|item
|poke|p2|Magnezone|item
|poke|p2|Excadrill, M|item
|teampreview
|j| el janitor
|
|t:|1711380536
|start
|switch|p1a: Rotom|Rotom-Wash, shiny|100/100
|switch|p2a: Amoonguss|Amoonguss, M|100/100
|turn|1
|inactive|Battle timer is ON: inactive players will automatically lose when time's up. (requested by Highv0ltag3)
|
|t:|1711380539
|move|p1a: Rotom|Will-O-Wisp|p2a: Amoonguss
|-status|p2a: Amoonguss|brn
|move|p2a: Amoonguss|Stun Spore|p1a: Rotom|[miss]
|-miss|p2a: Amoonguss|p1a: Rotom
|
|-damage|p2a: Amoonguss|88/100 brn|[from] brn
|upkeep
|turn|2
|
|t:|1711380545
|move|p1a: Rotom|Volt Switch|p2a: Amoonguss
|-resisted|p2a: Amoonguss
|-damage|p2a: Amoonguss|80/100 brn
|
|t:|1711380549
|switch|p1a: Tyranitar|Tyranitar, M|100/100|[from] Volt Switch
|-weather|Sandstorm|[from] ability: Sand Stream|[of] p1a: Tyranitar
|move|p2a: Amoonguss|Stun Spore|p1a: Tyranitar|[miss]
|-miss|p2a: Amoonguss|p1a: Tyranitar
|
|-weather|Sandstorm|[upkeep]
|-damage|p2a: Amoonguss|74/100 brn|[from] Sandstorm
|-heal|p2a: Amoonguss|80/100 brn|[from] item: Black Sludge
|-damage|p2a: Amoonguss|67/100 brn|[from] brn
|upkeep
|turn|3
|
|t:|1711380562
|switch|p2a: Chansey|Chansey, F|100/100
|move|p1a: Tyranitar|Stealth Rock|p2a: Chansey
|-sidestart|p2: Highv0ltag3|move: Stealth Rock
|
|-weather|Sandstorm|[upkeep]
|-damage|p2a: Chansey|94/100|[from] Sandstorm
|upkeep
|turn|4
|
|t:|1711380572
|switch|p1a: Ferrothorn|Ferrothorn, F|100/100
|move|p2a: Chansey|Heal Bell|p2a: Chansey
|-activate|p2a: Chansey|move: Heal Bell
|-curestatus|p2: Amoonguss|brn|[msg]
|
|-weather|Sandstorm|[upkeep]
|-damage|p2a: Chansey|88/100|[from] Sandstorm
|upkeep
|turn|5
|
|t:|1711380576
|switch|p2a: Magnezone|Magnezone|100/100
|-damage|p2a: Magnezone|94/100|[from] Stealth Rock
|move|p1a: Ferrothorn|Knock Off|p2a: Magnezone
|-resisted|p2a: Magnezone
|-damage|p2a: Magnezone|92/100
|-enditem|p2a: Magnezone|Choice Scarf|[from] move: Knock Off|[of] p1a: Ferrothorn
|
|-weather|Sandstorm|[upkeep]
|upkeep
|turn|6
|
|t:|1711380580
|move|p2a: Magnezone|Hidden Power|p1a: Ferrothorn
|-supereffective|p1a: Ferrothorn
|-damage|p1a: Ferrothorn|36/100
|move|p1a: Ferrothorn|Spikes|p2a: Magnezone
|-sidestart|p2: Highv0ltag3|Spikes
|
|-weather|Sandstorm|[upkeep]
|-heal|p1a: Ferrothorn|42/100|[from] item: Leftovers
|upkeep
|turn|7
|
|t:|1711380583
|move|p2a: Magnezone|Hidden Power|p1a: Ferrothorn
|-supereffective|p1a: Ferrothorn
|-damage|p1a: Ferrothorn|0 fnt
|faint|p1a: Ferrothorn
|
|-weather|Sandstorm|[upkeep]
|upkeep
|
|t:|1711380587
|switch|p1a: Mienshao|Mienshao, F, shiny|100/100
|turn|8
|
|t:|1711380591
|move|p1a: Mienshao|U-turn|p2a: Magnezone
|-resisted|p2a: Magnezone
|-damage|p2a: Magnezone|79/100
|
|t:|1711380595
|switch|p1a: Gliscor|Gliscor, F|100/100|[from] U-turn
|move|p2a: Magnezone|Flash Cannon|p1a: Gliscor
|-damage|p1a: Gliscor|63/100
|
|-weather|Sandstorm|[upkeep]
|-status|p1a: Gliscor|tox|[from] item: Toxic Orb
|upkeep
|turn|9
|
|t:|1711380599
|switch|p2a: Skarmory|Skarmory, F|100/100
|-damage|p2a: Skarmory|88/100|[from] Stealth Rock
|move|p1a: Gliscor|Earthquake|p2a: Skarmory
|-immune|p2a: Skarmory
|
|-weather|Sandstorm|[upkeep]
|-heal|p1a: Gliscor|75/100 tox|[from] ability: Poison Heal
|upkeep
|turn|10
|
|t:|1711380603
|switch|p1a: Rotom|Rotom-Wash, shiny|100/100
|move|p2a: Skarmory|Spikes|p1a: Rotom
|-sidestart|p1: ajkjqwk|Spikes
|
|-weather|Sandstorm|[upkeep]
|-damage|p1a: Rotom|94/100|[from] Sandstorm
|-heal|p1a: Rotom|100/100|[from] item: Leftovers
|upkeep
|turn|11
|
|t:|1711380607
|switch|p2a: Amoonguss|Amoonguss, M|100/100
|-damage|p2a: Amoonguss|88/100|[from] Stealth Rock
|-damage|p2a: Amoonguss|75/100|[from] Spikes
|move|p1a: Rotom|Will-O-Wisp|p2a: Amoonguss
|-status|p2a: Amoonguss|brn
|
|-weather|Sandstorm|[upkeep]
|-damage|p1a: Rotom|94/100|[from] Sandstorm
|-damage|p2a: Amoonguss|69/100 brn|[from] Sandstorm
|-heal|p1a: Rotom|100/100|[from] item: Leftovers
|-heal|p2a: Amoonguss|75/100 brn|[from] item: Black Sludge
|-damage|p2a: Amoonguss|63/100 brn|[from] brn
|upkeep
|turn|12
|
|t:|1711380612
|move|p1a: Rotom|Volt Switch|p2a: Amoonguss
|-resisted|p2a: Amoonguss
|-damage|p2a: Amoonguss|54/100 brn
|
|t:|1711380615
|switch|p1a: Gliscor|Gliscor, F|75/100 tox|[from] Volt Switch
|move|p2a: Amoonguss|Giga Drain|p1a: Gliscor
|-damage|p1a: Gliscor|53/100 tox
|-heal|p2a: Amoonguss|63/100 brn|[from] drain|[of] p1a: Gliscor
|
|-weather|Sandstorm|[upkeep]
|-damage|p2a: Amoonguss|57/100 brn|[from] Sandstorm
|-heal|p2a: Amoonguss|63/100 brn|[from] item: Black Sludge
|-heal|p1a: Gliscor|66/100 tox|[from] ability: Poison Heal
|-damage|p2a: Amoonguss|50/100 brn|[from] brn
|upkeep
|turn|13
|
|t:|1711380622
|switch|p1a: Rotom|Rotom-Wash, shiny|100/100
|switch|p2a: Skarmory|Skarmory, F|88/100
|-damage|p2a: Skarmory|76/100|[from] Stealth Rock
|
|-weather|Sandstorm|[upkeep]
|-damage|p1a: Rotom|94/100|[from] Sandstorm
|-heal|p1a: Rotom|100/100|[from] item: Leftovers
|upkeep
|turn|14
|
|t:|1711380625
|switch|p2a: Magnezone|Magnezone|79/100
|-damage|p2a: Magnezone|73/100|[from] Stealth Rock
|-damage|p2a: Magnezone|60/100|[from] Spikes
|move|p1a: Rotom|Volt Switch|p2a: Magnezone
|-resisted|p2a: Magnezone
|-damage|p2a: Magnezone|44/100
|
|t:|1711380638
|switch|p1a: Mienshao|Mienshao, F, shiny|100/100|[from] Volt Switch
|-damage|p1a: Mienshao|88/100|[from] Spikes
|
|-weather|Sandstorm|[upkeep]
|-damage|p1a: Mienshao|82/100|[from] Sandstorm
|upkeep
|turn|15
|
|t:|1711380646
|switch|p2a: Slowbro|Slowbro, M|100/100
|-damage|p2a: Slowbro|88/100|[from] Stealth Rock
|-damage|p2a: Slowbro|76/100|[from] Spikes
|move|p1a: Mienshao|U-turn|p2a: Slowbro
|-supereffective|p2a: Slowbro
|-damage|p2a: Slowbro|49/100
|
|t:|1711380655
|switch|p1a: Tyranitar|Tyranitar, M|100/100|[from] U-turn
|-damage|p1a: Tyranitar|88/100|[from] Spikes
|
|-weather|Sandstorm|[upkeep]
|-damage|p2a: Slowbro|42/100|[from] Sandstorm
|-heal|p2a: Slowbro|49/100|[from] item: Leftovers
|upkeep
|turn|16
|
|t:|1711380661
|move|p1a: Tyranitar|Pursuit|p2a: Slowbro
|-supereffective|p2a: Slowbro
|-crit|p2a: Slowbro
|-damage|p2a: Slowbro|0 fnt
|faint|p2a: Slowbro
|
|-weather|Sandstorm|[upkeep]
|upkeep
|
|t:|1711380663
|switch|p2a: Excadrill|Excadrill, M|100/100
|-damage|p2a: Excadrill|97/100|[from] Stealth Rock
|-damage|p2a: Excadrill|85/100|[from] Spikes
|-ability|p2a: Excadrill|Mold Breaker
|turn|17
|
|t:|1711380669
|move|p2a: Excadrill|Rapid Spin|p1a: Tyranitar
|-resisted|p1a: Tyranitar
|-damage|p1a: Tyranitar|86/100
|-sideend|p2: Highv0ltag3|Spikes|[from] move: Rapid Spin|[of] p2a: Excadrill
|-sideend|p2: Highv0ltag3|Stealth Rock|[from] move: Rapid Spin|[of] p2a: Excadrill
|move|p1a: Tyranitar|Superpower|p2a: Excadrill
|-supereffective|p2a: Excadrill
|-damage|p2a: Excadrill|0 fnt
|-unboost|p1a: Tyranitar|atk|1
|-unboost|p1a: Tyranitar|def|1
|faint|p2a: Excadrill
|
|-weather|Sandstorm|[upkeep]
|upkeep
|
|t:|1711380672
|switch|p2a: Magnezone|Magnezone|44/100
|turn|18
|
|t:|1711380676
|switch|p1a: Gliscor|Gliscor, F|66/100 tox
|move|p2a: Magnezone|Thunderbolt|p1a: Gliscor
|-immune|p1a: Gliscor
|
|-weather|Sandstorm|[upkeep]
|-heal|p1a: Gliscor|78/100 tox|[from] ability: Poison Heal
|upkeep
|turn|19
|
|t:|1711380692
|switch|p1a: Tyranitar|Tyranitar, M|86/100
|-damage|p1a: Tyranitar|73/100|[from] Spikes
|move|p2a: Magnezone|Volt Switch|p1a: Tyranitar
|-damage|p1a: Tyranitar|57/100
|
|t:|1711380703
|switch|p2a: Skarmory|Skarmory, F|76/100|[from] Volt Switch
|
|-weather|Sandstorm|[upkeep]
|upkeep
|turn|20
|
|t:|1711380710
|move|p2a: Skarmory|Spikes|p1a: Tyranitar
|-sidestart|p1: ajkjqwk|Spikes
|move|p1a: Tyranitar|Stealth Rock|p2a: Skarmory
|-sidestart|p2: Highv0ltag3|move: Stealth Rock
|
|-weather|Sandstorm|[upkeep]
|upkeep
|turn|21
|
|t:|1711380715
|switch|p1a: Rotom|Rotom-Wash, shiny|100/100
|move|p2a: Skarmory|Spikes|p1a: Rotom
|-sidestart|p1: ajkjqwk|Spikes
|
|-weather|Sandstorm|[upkeep]
|-damage|p1a: Rotom|94/100|[from] Sandstorm
|-heal|p1a: Rotom|100/100|[from] item: Leftovers
|upkeep
|turn|22
|
|t:|1711380720
|switch|p2a: Amoonguss|Amoonguss, M|84/100 brn
|-damage|p2a: Amoonguss|71/100 brn|[from] Stealth Rock
|move|p1a: Rotom|Will-O-Wisp|p2a: Amoonguss
|-fail|p2a: Amoonguss|brn
|
|-weather|Sandstorm|[upkeep]
|-damage|p1a: Rotom|94/100|[from] Sandstorm
|-damage|p2a: Amoonguss|65/100 brn|[from] Sandstorm
|-heal|p1a: Rotom|100/100|[from] item: Leftovers
|-heal|p2a: Amoonguss|71/100 brn|[from] item: Black Sludge
|-damage|p2a: Amoonguss|59/100 brn|[from] brn
|upkeep
|turn|23
|
|t:|1711380724
|move|p1a: Rotom|Volt Switch|p2a: Amoonguss
|-resisted|p2a: Amoonguss
|-damage|p2a: Amoonguss|50/100 brn
|
|t:|1711380727
|switch|p1a: Gliscor|Gliscor, F|78/100 tox|[from] Volt Switch
|move|p2a: Amoonguss|Giga Drain|p1a: Gliscor
|-damage|p1a: Gliscor|57/100 tox
|-heal|p2a: Amoonguss|59/100 brn|[from] drain|[of] p1a: Gliscor
|
|-weather|Sandstorm|[upkeep]
|-damage|p2a: Amoonguss|52/100 brn|[from] Sandstorm
|-heal|p2a: Amoonguss|59/100 brn|[from] item: Black Sludge
|-heal|p1a: Gliscor|69/100 tox|[from] ability: Poison Heal
|-damage|p2a: Amoonguss|46/100 brn|[from] brn
|upkeep
|turn|24
|inactive|ajkjqwk has 120 seconds left.
|
|t:|1711380784
|switch|p1a: Tyranitar|Tyranitar, M|57/100
|-damage|p1a: Tyranitar|32/100|[from] Spikes
|switch|p2a: Skarmory|Skarmory, F|76/100
|-damage|p2a: Skarmory|64/100|[from] Stealth Rock
|
|-weather|Sandstorm|[upkeep]
|upkeep
|turn|25
|
|t:|1711380790
|move|p2a: Skarmory|Roost|p2a: Skarmory
|-heal|p2a: Skarmory|100/100
|-singleturn|p2a: Skarmory|move: Roost
|move|p1a: Tyranitar|Superpower|p2a: Skarmory
|-supereffective|p2a: Skarmory
|-damage|p2a: Skarmory|51/100
|-unboost|p1a: Tyranitar|atk|1
|-unboost|p1a: Tyranitar|def|1
|
|-weather|Sandstorm|[upkeep]
|upkeep
|turn|26
|
|t:|1711380794
|move|p2a: Skarmory|Roost|p2a: Skarmory
|-heal|p2a: Skarmory|100/100
|-singleturn|p2a: Skarmory|move: Roost
|move|p1a: Tyranitar|Crunch|p2a: Skarmory
|-resisted|p2a: Skarmory
|-damage|p2a: Skarmory|92/100
|
|-weather|Sandstorm|[upkeep]
|upkeep
|turn|27
|
|t:|1711380804
|move|p2a: Skarmory|Roost|p2a: Skarmory
|-heal|p2a: Skarmory|100/100
|-singleturn|p2a: Skarmory|move: Roost
|move|p1a: Tyranitar|Crunch|p2a: Skarmory
|-resisted|p2a: Skarmory
|-damage|p2a: Skarmory|92/100
|
|-weather|Sandstorm|[upkeep]
|upkeep
|turn|28
|
|t:|1711380806
|move|p2a: Skarmory|Spikes||[still]
|-fail|p2a: Skarmory
|move|p1a: Tyranitar|Crunch|p2a: Skarmory
|-resisted|p2a: Skarmory
|-damage|p2a: Skarmory|84/100
|
|-weather|Sandstorm|[upkeep]
|upkeep
|turn|29
|
|t:|1711380811
|move|p2a: Skarmory|Roost|p2a: Skarmory
|-heal|p2a: Skarmory|100/100
|-singleturn|p2a: Skarmory|move: Roost
|move|p1a: Tyranitar|Crunch|p2a: Skarmory
|-resisted|p2a: Skarmory
|-damage|p2a: Skarmory|93/100
|
|-weather|Sandstorm|[upkeep]
|upkeep
|turn|30
|
|t:|1711380813
|move|p1a: Tyranitar|Crunch|p2a: Skarmory
|-resisted|p2a: Skarmory
|-damage|p2a: Skarmory|85/100
|move|p2a: Skarmory|Whirlwind|p1a: Tyranitar
|drag|p1a: Mienshao|Mienshao, F, shiny|100/100
|-damage|p1a: Mienshao|76/100|[from] Spikes
|
|-weather|Sandstorm|[upkeep]
|-damage|p1a: Mienshao|70/100|[from] Sandstorm
|upkeep
|turn|31
|
|t:|1711380817
|move|p1a: Mienshao|U-turn|p2a: Skarmory
|-resisted|p2a: Skarmory
|-damage|p2a: Skarmory|81/100
|
|t:|1711380820
|switch|p1a: Rotom|Rotom-Wash, shiny|100/100|[from] U-turn
|move|p2a: Skarmory|Counter|p1a: Rotom
|-damage|p1a: Rotom|93/100
|
|-weather|Sandstorm|[upkeep]
|-damage|p1a: Rotom|86/100|[from] Sandstorm
|-heal|p1a: Rotom|93/100|[from] item: Leftovers
|upkeep
|turn|32
|
|t:|1711380826
|switch|p2a: Amoonguss|Amoonguss, M|79/100 brn
|-damage|p2a: Amoonguss|67/100 brn|[from] Stealth Rock
|move|p1a: Rotom|Volt Switch|p2a: Amoonguss
|-resisted|p2a: Amoonguss
|-damage|p2a: Amoonguss|58/100 brn
|
|t:|1711380832
|switch|p1a: Tyranitar|Tyranitar, M|32/100|[from] Volt Switch
|-damage|p1a: Tyranitar|7/100|[from] Spikes
|
|-weather|Sandstorm|[upkeep]
|-damage|p2a: Amoonguss|52/100 brn|[from] Sandstorm
|-heal|p2a: Amoonguss|58/100 brn|[from] item: Black Sludge
|-damage|p2a: Amoonguss|46/100 brn|[from] brn
|upkeep
|turn|33
|
|t:|1711380839
|-activate|p2a: Amoonguss|move: Pursuit
|move|p1a: Tyranitar|Pursuit|p2a: Amoonguss|[from]Pursuit
|-damage|p2a: Amoonguss|5/100 brn
|switch|p2a: Skarmory|Skarmory, F|81/100
|-damage|p2a: Skarmory|69/100|[from] Stealth Rock
|
|-weather|Sandstorm|[upkeep]
|upkeep
|turn|34
|
|t:|1711380849
|move|p2a: Skarmory|Spikes||[still]
|-fail|p2a: Skarmory
|move|p1a: Tyranitar|Superpower|p2a: Skarmory
|-damage|p2a: Skarmory|43/100
|-unboost|p1a: Tyranitar|atk|1
|-unboost|p1a: Tyranitar|def|1
|
|-weather|Sandstorm|[upkeep]
|upkeep
|turn|35
|
|t:|1711380856
|switch|p1a: Rotom|Rotom-Wash, shiny|93/100
|move|p2a: Skarmory|Roost|p2a: Skarmory
|-heal|p2a: Skarmory|94/100
|-singleturn|p2a: Skarmory|move: Roost
|
|-weather|Sandstorm|[upkeep]
|-damage|p1a: Rotom|86/100|[from] Sandstorm
|-heal|p1a: Rotom|93/100|[from] item: Leftovers
|upkeep
|turn|36
|
|t:|1711380858
|switch|p2a: Chansey|Chansey, F|88/100
|-damage|p2a: Chansey|76/100|[from] Stealth Rock
|move|p1a: Rotom|Volt Switch|p2a: Chansey
|-damage|p2a: Chansey|68/100
|
|t:|1711380876
|switch|p1a: Mienshao|Mienshao, F, shiny|100/100|[from] Volt Switch
|-damage|p1a: Mienshao|76/100|[from] Spikes
|
|-weather|Sandstorm|[upkeep]
|-damage|p1a: Mienshao|70/100|[from] Sandstorm
|-damage|p2a: Chansey|62/100|[from] Sandstorm
|upkeep
|turn|37
|
|t:|1711380883
|switch|p2a: Magnezone|Magnezone|44/100
|-damage|p2a: Magnezone|38/100|[from] Stealth Rock
|move|p1a: Mienshao|High Jump Kick|p2a: Magnezone
|-supereffective|p2a: Magnezone
|-damage|p2a: Magnezone|0 fnt
|faint|p2a: Magnezone
|
|-weather|Sandstorm|[upkeep]
|-damage|p1a: Mienshao|64/100|[from] Sandstorm
|upkeep
|
|t:|1711380888
|switch|p2a: Amoonguss|Amoonguss, M|38/100 brn
|-damage|p2a: Amoonguss|25/100 brn|[from] Stealth Rock
|turn|38
|
|t:|1711380899
|switch|p2a: Skarmory|Skarmory, F|94/100
|-damage|p2a: Skarmory|81/100|[from] Stealth Rock
|move|p1a: Mienshao|High Jump Kick|p2a: Skarmory
|-damage|p2a: Skarmory|41/100
|
|-weather|Sandstorm|[upkeep]
|-damage|p1a: Mienshao|58/100|[from] Sandstorm
|upkeep
|turn|39
|
|t:|1711380907
|switch|p1a: Tyranitar|Tyranitar, M|7/100
|-damage|p1a: Tyranitar|0 fnt|[from] Spikes
|faint|p1a: Tyranitar
|move|p2a: Skarmory|Roost|p2a: Skarmory
|-heal|p2a: Skarmory|91/100
|-singleturn|p2a: Skarmory|move: Roost
|
|-weather|Sandstorm|[upkeep]
|upkeep
|
|t:|1711380909
|switch|p1a: Rotom|Rotom-Wash, shiny|93/100
|turn|40
|
|t:|1711380912
|switch|p2a: Amoonguss|Amoonguss, M|59/100 brn
|-damage|p2a: Amoonguss|46/100 brn|[from] Stealth Rock
|move|p1a: Rotom|Volt Switch|p2a: Amoonguss
|-resisted|p2a: Amoonguss
|-damage|p2a: Amoonguss|38/100 brn
|
|t:|1711380918
|switch|p1a: Mienshao|Mienshao, F, shiny|91/100|[from] Volt Switch
|-damage|p1a: Mienshao|67/100|[from] Spikes
|
|-weather|Sandstorm|[upkeep]
|-damage|p1a: Mienshao|61/100|[from] Sandstorm
|-damage|p2a: Amoonguss|32/100 brn|[from] Sandstorm
|-heal|p2a: Amoonguss|38/100 brn|[from] item: Black Sludge
|-damage|p2a: Amoonguss|25/100 brn|[from] brn
|upkeep
|turn|41
|
|t:|1711380940
|switch|p2a: Skarmory|Skarmory, F|91/100
|-damage|p2a: Skarmory|79/100|[from] Stealth Rock
|move|p1a: Mienshao|High Jump Kick|p2a: Skarmory
|-damage|p2a: Skarmory|40/100
|
|-weather|Sandstorm|[upkeep]
|-damage|p1a: Mienshao|55/100|[from] Sandstorm
|upkeep
|turn|42
|
|t:|1711380947
|move|p1a: Mienshao|High Jump Kick|p2a: Skarmory
|-damage|p2a: Skarmory|2/100
|move|p2a: Skarmory|Roost|p2a: Skarmory
|-heal|p2a: Skarmory|52/100
|-singleturn|p2a: Skarmory|move: Roost
|
|-weather|Sandstorm|[upkeep]
|-damage|p1a: Mienshao|49/100|[from] Sandstorm
|upkeep
|turn|43
|
|t:|1711380950
|switch|p1a: Rotom|Rotom-Wash, shiny|93/100
|move|p2a: Skarmory|Roost|p2a: Skarmory
|-heal|p2a: Skarmory|100/100
|-singleturn|p2a: Skarmory|move: Roost
|
|-weather|Sandstorm|[upkeep]
|-damage|p1a: Rotom|86/100|[from] Sandstorm
|-heal|p1a: Rotom|93/100|[from] item: Leftovers
|upkeep
|turn|44
|
|t:|1711380953
|switch|p2a: Amoonguss|Amoonguss, M|59/100 brn
|-damage|p2a: Amoonguss|46/100 brn|[from] Stealth Rock
|move|p1a: Rotom|Volt Switch|p2a: Amoonguss
|-resisted|p2a: Amoonguss
|-damage|p2a: Amoonguss|37/100 brn
|
|t:|1711380957
|switch|p1a: Alakazam|Alakazam, M|100/100|[from] Volt Switch
|
|-weather|Sandstorm|[upkeep]
|-damage|p2a: Amoonguss|31/100 brn|[from] Sandstorm
|-heal|p2a: Amoonguss|37/100 brn|[from] item: Black Sludge
|-damage|p2a: Amoonguss|25/100 brn|[from] brn
|upkeep
|turn|45
|
|t:|1711380977
|move|p1a: Alakazam|Psychic|p2a: Amoonguss
|-supereffective|p2a: Amoonguss
|-damage|p2a: Amoonguss|0 fnt
|faint|p2a: Amoonguss
|
|-weather|Sandstorm|[upkeep]
|upkeep
|-message|Highv0ltag3 forfeited.
|
|win|ajkjqwk
|raw|ajkjqwk's rating: 1319 &rarr; <strong>1353</strong><br />(+34 for winning)
|raw|Highv0ltag3's rating: 1624 &rarr; <strong>1590</strong><br />(-34 for losing)
|l|☆Highv0ltag3
|player|p2|
|l| el janitor
