|j|☆skarmgood
|j|☆ghosted by brizz
|t:|1703086261
|gametype|singles
|player|p1|skarmgood|lucas|1431
|player|p2|ghosted by brizz|acerola-masters|1580
|teamsize|p1|6
|teamsize|p2|6
|gen|5
|tier|[Gen 5] OU
|rated|
|rule|Species Clause: Limit one of each Pokémon
|rule|OHKO Clause: OHKO moves are banned
|rule|Moody Clause: Moody is banned
|rule|Evasion Items Clause: Evasion items are banned
|rule|Evasion Moves Clause: Evasion moves are banned
|rule|Endless Battle Clause: Forcing endless battles is banned
|rule|HP Percentage Mod: HP is shown in percentages
|rule|Evasion Abilities Clause: Evasion abilities are banned
|rule|Sleep Moves Clause: Sleep-inducing moves are banned
|rule|Swagger Clause: Swagger is banned
|rule|Baton Pass Stat Clause: No Baton Passer may have a way to boost its stats
|clearpoke
|poke|p1|Tyranitar, M|item
|poke|p1|Conkeldurr, M|item
|poke|p1|Rotom-Wash|item
|poke|p1|Excadrill, M|item
|poke|p1|Slowbro, M|item
|poke|p1|Latios, M|item
|poke|p2|Landorus-Therian, M|item
|poke|p2|Virizion|item
|poke|p2|Rotom-Wash|item
|poke|p2|Tyranitar, F|item
|poke|p2|Excadrill, M|item
|poke|p2|Latios, M|item
|teampreview
|j| LightningSword6354
|inactive|Battle timer is ON: inactive players will automatically lose when time's up. (requested by skarmgood)
|l| LightningSword6354
|inactive|ghosted by brizz has 120 seconds left.
|
|t:|1703086297
|start
|switch|p1a: fighter|Conkeldurr, M, shiny|100/100
|switch|p2a: Landorus|Landorus-Therian, M|100/100
|-ability|p2a: Landorus|Intimidate|boost
|-unboost|p1a: fighter|atk|1
|turn|1
|
|t:|1703086303
|move|p2a: Landorus|U-turn|p1a: fighter
|-resisted|p1a: fighter
|-crit|p1a: fighter
|-damage|p1a: fighter|80/100
|
|t:|1703086305
|switch|p2a: Rotom|Rotom-Wash|100/100|[from] U-turn
|move|p1a: fighter|Ice Punch|p2a: Rotom
|-resisted|p2a: Rotom
|-damage|p2a: Rotom|86/100
|
|-heal|p2a: Rotom|92/100|[from] item: Leftovers
|upkeep
|turn|2
|
|t:|1703086314
|switch|p1a: laundry|Rotom-Wash, shiny|100/100
|move|p2a: Rotom|Will-O-Wisp|p1a: laundry
|-status|p1a: laundry|brn
|
|-heal|p2a: Rotom|99/100|[from] item: Leftovers
|-damage|p1a: laundry|88/100 brn|[from] brn
|upkeep
|turn|3
|
|t:|1703086322
|move|p2a: Rotom|Volt Switch|p1a: laundry
|-damage|p1a: laundry|69/100 brn
|
|t:|1703086324
|switch|p2a: Virizion|Virizion|100/100|[from] Volt Switch
|move|p1a: laundry|Volt Switch|p2a: Virizion
|-resisted|p2a: Virizion
|-damage|p2a: Virizion|90/100
|
|t:|1703086332
|switch|p1a: fighter|Conkeldurr, M, shiny|80/100|[from] Volt Switch
|
|-heal|p2a: Virizion|96/100|[from] item: Leftovers
|upkeep
|turn|4
|
|t:|1703086339
|switch|p2a: Rotom|Rotom-Wash|99/100
|move|p1a: fighter|Drain Punch|p2a: Rotom
|-damage|p2a: Rotom|35/100
|-heal|p1a: fighter|100/100|[from] drain|[of] p2a: Rotom
|
|-heal|p2a: Rotom|41/100|[from] item: Leftovers
|upkeep
|turn|5
|
|t:|1703086350
|switch|p1a: laundry|Rotom-Wash, shiny|69/100 brn
|move|p2a: Rotom|Volt Switch|p1a: laundry
|-damage|p1a: laundry|50/100 brn
|
|t:|1703086355
|switch|p2a: Virizion|Virizion|96/100|[from] Volt Switch
|
|-heal|p2a: Virizion|100/100|[from] item: Leftovers
|-heal|p1a: laundry|56/100 brn|[from] item: Leftovers
|-damage|p1a: laundry|43/100 brn|[from] brn
|upkeep
|turn|6
|
|t:|1703086370
|move|p2a: Virizion|Giga Drain|p1a: laundry
|-supereffective|p1a: laundry
|-damage|p1a: laundry|0 fnt
|faint|p1a: laundry
|
|upkeep
|
|t:|1703086381
|switch|p1a: fighter|Conkeldurr, M, shiny|100/100
|turn|7
|
|t:|1703086386
|switch|p2a: Rotom|Rotom-Wash|41/100
|move|p1a: fighter|Ice Punch|p2a: Rotom
|-resisted|p2a: Rotom
|-damage|p2a: Rotom|21/100
|
|-heal|p2a: Rotom|27/100|[from] item: Leftovers
|upkeep
|turn|8
|
|t:|1703086395
|switch|p1a: Reallyy HIGH|Slowbro, M, shiny|100/100
|move|p2a: Rotom|Pain Split|p1a: Reallyy HIGH
|-sethp|p1a: Reallyy HIGH|61/100|[from] move: Pain Split|[silent]
|-sethp|p2a: Rotom|79/100|[from] move: Pain Split
|
|-heal|p2a: Rotom|85/100|[from] item: Leftovers
|-heal|p1a: Reallyy HIGH|67/100|[from] item: Leftovers
|upkeep
|turn|9
|-message|skarmgood forfeited.
|
|win|ghosted by brizz
|raw|skarmgood's rating: 1431 &rarr; <strong>1419</strong><br />(-12 for losing)
|raw|ghosted by brizz's rating: 1580 &rarr; <strong>1592</strong><br />(+12 for winning)
|l|☆skarmgood
