|j|☆grantpokemon
|j|☆Crimsonbacon38
|t:|1722361600
|gametype|singles
|player|p1|grantpokemon|101|1336
|player|p2|Crimsonbacon38|barry|1350
|teamsize|p1|6
|teamsize|p2|6
|gen|5
|tier|[Gen 5] OU
|rated|
|rule|Species Clause: Limit one of each Pokémon
|rule|OHKO Clause: OHKO moves are banned
|rule|Moody Clause: Moody is banned
|rule|Evasion Items Clause: Evasion items are banned
|rule|Evasion Moves Clause: Evasion moves are banned
|rule|Endless Battle Clause: Forcing endless battles is banned
|rule|HP Percentage Mod: HP is shown in percentages
|rule|Evasion Abilities Clause: Evasion abilities are banned
|rule|Sleep Moves Clause: Sleep-inducing moves are banned
|rule|Swagger Clause: Swagger is banned
|rule|Baton Pass Stat Clause: No Baton Passer may have a way to boost its stats
|clearpoke
|poke|p1|Reuniclus, F|item
|poke|p1|Bronzong|item
|poke|p1|Dragonite, M|item
|poke|p1|Ursaring, M|item
|poke|p1|Latios, M|item
|poke|p1|Scizor, M|item
|poke|p2|Ferrothorn, M|item
|poke|p2|Politoed, F|item
|poke|p2|Keldeo|item
|poke|p2|Latios, M|item
|poke|p2|Garchomp, F|item
|poke|p2|Starmie|item
|teampreview
|
|t:|1722361610
|start
|switch|p1a: Bronzong|Bronzong|100/100
|switch|p2a: Ferrothorn|Ferrothorn, M|100/100
|turn|1
|
|t:|1722361624
|move|p1a: Bronzong|Stealth Rock|p2a: Ferrothorn
|-sidestart|p2: Crimsonbacon38|move: Stealth Rock
|move|p2a: Ferrothorn|Spikes|p1a: Bronzong
|-sidestart|p1: grantpokemon|Spikes
|
|upkeep
|turn|2
|
|t:|1722361641
|switch|p1a: Scizor|Scizor, M|100/100
|-damage|p1a: Scizor|88/100|[from] Spikes
|switch|p2a: Garchomp|Garchomp, F|100/100
|-damage|p2a: Garchomp|94/100|[from] Stealth Rock
|
|-heal|p2a: Garchomp|100/100|[from] item: Leftovers
|upkeep
|turn|3
|
|t:|1722361656
|move|p2a: Garchomp|Stealth Rock|p1a: Scizor
|-sidestart|p1: grantpokemon|move: Stealth Rock
|move|p1a: Scizor|Swords Dance|p1a: Scizor
|-boost|p1a: Scizor|atk|2
|
|upkeep
|turn|4
|
|t:|1722361667
|move|p1a: Scizor|Bullet Punch|p2a: Garchomp
|-damage|p2a: Garchomp|33/100
|-damage|p1a: Scizor|76/100|[from] ability: Rough Skin|[of] p2a: Garchomp
|move|p2a: Garchomp|Earthquake|p1a: Scizor
|-damage|p1a: Scizor|20/100
|
|-heal|p2a: Garchomp|39/100|[from] item: Leftovers
|upkeep
|turn|5
|
|t:|1722361686
|move|p1a: Scizor|Bullet Punch|p2a: Garchomp
|-damage|p2a: Garchomp|0 fnt
|-damage|p1a: Scizor|7/100|[from] ability: Rough Skin|[of] p2a: Garchomp
|faint|p2a: Garchomp
|
|upkeep
|
|t:|1722361694
|switch|p2a: Politoed|Politoed, F|100/100
|-damage|p2a: Politoed|88/100|[from] Stealth Rock
|-weather|RainDance|[from] ability: Drizzle|[of] p2a: Politoed
|turn|6
|
|t:|1722361703
|move|p1a: Scizor|Bullet Punch|p2a: Politoed
|-resisted|p2a: Politoed
|-damage|p2a: Politoed|38/100
|move|p2a: Politoed|Surf|p1a: Scizor
|-crit|p1a: Scizor
|-damage|p1a: Scizor|0 fnt
|faint|p1a: Scizor
|
|-weather|RainDance|[upkeep]
|upkeep
|
|t:|1722361711
|switch|p1a: Bronzong|Bronzong|100/100
|-damage|p1a: Bronzong|94/100|[from] Stealth Rock
|turn|7
|
|t:|1722361727
|switch|p2a: Ferrothorn|Ferrothorn, M|100/100
|-damage|p2a: Ferrothorn|94/100|[from] Stealth Rock
|move|p1a: Bronzong|Trick Room|p1a: Bronzong
|-fieldstart|move: Trick Room|[of] p1a: Bronzong
|
|-weather|RainDance|[upkeep]
|upkeep
|turn|8
|
|t:|1722361740
|move|p2a: Ferrothorn|Spikes|p1a: Bronzong
|-sidestart|p1: grantpokemon|Spikes
|move|p1a: Bronzong|Calm Mind|p1a: Bronzong
|-boost|p1a: Bronzong|spa|1
|-boost|p1a: Bronzong|spd|1
|
|-weather|RainDance|[upkeep]
|upkeep
|turn|9
|
|t:|1722361751
|switch|p2a: Politoed|Politoed, F|38/100
|-damage|p2a: Politoed|25/100|[from] Stealth Rock
|move|p1a: Bronzong|Calm Mind|p1a: Bronzong
|-boost|p1a: Bronzong|spa|1
|-boost|p1a: Bronzong|spd|1
|
|-weather|RainDance|[upkeep]
|upkeep
|turn|10
|
|t:|1722361762
|move|p1a: Bronzong|Calm Mind|p1a: Bronzong
|-boost|p1a: Bronzong|spa|1
|-boost|p1a: Bronzong|spd|1
|move|p2a: Politoed|Encore|p1a: Bronzong
|-start|p1a: Bronzong|Encore
|-enditem|p1a: Bronzong|Mental Herb
|-end|p1a: Bronzong|Encore
|
|-weather|RainDance|[upkeep]
|upkeep
|turn|11
|
|t:|1722361775
|move|p1a: Bronzong|Psyshock|p2a: Politoed
|-damage|p2a: Politoed|0 fnt
|faint|p2a: Politoed
|
|-weather|RainDance|[upkeep]
|-fieldend|move: Trick Room
|upkeep
|
|t:|1722361794
|switch|p2a: Starmie|Starmie|100/100
|-damage|p2a: Starmie|88/100|[from] Stealth Rock
|-item|p2a: Starmie|Air Balloon
|turn|12
|
|t:|1722361799
|move|p2a: Starmie|Hydro Pump|p1a: Bronzong
|-damage|p1a: Bronzong|65/100
|move|p1a: Bronzong|Psyshock|p2a: Starmie
|-resisted|p2a: Starmie
|-damage|p2a: Starmie|22/100
|-enditem|p2a: Starmie|Air Balloon
|
|-weather|RainDance|[upkeep]
|upkeep
|turn|13
|
|t:|1722361819
|move|p2a: Starmie|Hydro Pump|p1a: Bronzong
|-damage|p1a: Bronzong|37/100
|move|p1a: Bronzong|Trick Room|p1a: Bronzong
|-fieldstart|move: Trick Room|[of] p1a: Bronzong
|
|-weather|RainDance|[upkeep]
|upkeep
|turn|14
|
|t:|1722361836
|move|p1a: Bronzong|Psyshock|p2a: Starmie
|-resisted|p2a: Starmie
|-damage|p2a: Starmie|0 fnt
|faint|p2a: Starmie
|
|-weather|RainDance|[upkeep]
|upkeep
|
|t:|1722361846
|switch|p2a: Ferrothorn|Ferrothorn, M|94/100
|-damage|p2a: Ferrothorn|88/100|[from] Stealth Rock
|turn|15
|
|t:|1722361852
|move|p2a: Ferrothorn|Power Whip|p1a: Bronzong
|-resisted|p1a: Bronzong
|-damage|p1a: Bronzong|0 fnt
|faint|p1a: Bronzong
|
|-weather|RainDance|[upkeep]
|upkeep
|
|t:|1722361861
|switch|p1a: Reuniclus|Reuniclus, F|100/100
|turn|16
|
|t:|1722361864
|move|p2a: Ferrothorn|Power Whip|p1a: Reuniclus
|-damage|p1a: Reuniclus|16/100
|move|p1a: Reuniclus|Focus Blast|p2a: Ferrothorn
|-supereffective|p2a: Ferrothorn
|-damage|p2a: Ferrothorn|0 fnt
|faint|p2a: Ferrothorn
|
|-weather|RainDance|[upkeep]
|upkeep
|
|t:|1722361877
|switch|p2a: Latios|Latios, M|100/100
|-damage|p2a: Latios|88/100|[from] Stealth Rock
|turn|17
|
|t:|1722361881
|move|p1a: Reuniclus|Shadow Ball|p2a: Latios
|-supereffective|p2a: Latios
|-crit|p2a: Latios
|-damage|p2a: Latios|0 fnt
|faint|p2a: Latios
|
|-weather|RainDance|[upkeep]
|-fieldend|move: Trick Room
|upkeep
|
|t:|1722361885
|switch|p2a: Keldeo|Keldeo|100/100
|-damage|p2a: Keldeo|94/100|[from] Stealth Rock
|turn|18
|
|t:|1722361890
|move|p2a: Keldeo|Surf|p1a: Reuniclus
|-damage|p1a: Reuniclus|0 fnt
|faint|p1a: Reuniclus
|
|-weather|RainDance|[upkeep]
|upkeep
|
|t:|1722361897
|switch|p1a: Latios|Latios, M|100/100
|-damage|p1a: Latios|88/100|[from] Stealth Rock
|turn|19
|
|t:|1722361903
|move|p1a: Latios|Dragon Pulse|p2a: Keldeo
|-damage|p2a: Keldeo|41/100
|move|p2a: Keldeo|Calm Mind|p2a: Keldeo
|-boost|p2a: Keldeo|spa|1
|-boost|p2a: Keldeo|spd|1
|
|-weather|RainDance|[upkeep]
|upkeep
|turn|20
|
|t:|1722361911
|move|p1a: Latios|Dragon Pulse|p2a: Keldeo
|-damage|p2a: Keldeo|3/100
|move|p2a: Keldeo|Hidden Power|p1a: Latios
|-supereffective|p1a: Latios
|-damage|p1a: Latios|18/100
|
|-weather|RainDance|[upkeep]
|upkeep
|turn|21
|
|t:|1722361919
|move|p1a: Latios|Dragon Pulse|p2a: Keldeo
|-damage|p2a: Keldeo|0 fnt
|faint|p2a: Keldeo
|
|win|grantpokemon
|raw|grantpokemon's rating: 1336 &rarr; <strong>1357</strong><br />(+21 for winning)
|raw|Crimsonbacon38's rating: 1350 &rarr; <strong>1329</strong><br />(-21 for losing)
