|j|☆minutemaid13
|j|☆leoperi99
|t:|1707952153
|gametype|singles
|player|p1|minutemaid13|101|1381
|player|p2|leoperi99|roxie-masters|1448
|teamsize|p1|6
|teamsize|p2|6
|gen|5
|tier|[Gen 5] OU
|rated|
|rule|Species Clause: Limit one of each Pokémon
|rule|OHKO Clause: OHKO moves are banned
|rule|Moody Clause: Moody is banned
|rule|Evasion Items Clause: Evasion items are banned
|rule|Evasion Moves Clause: Evasion moves are banned
|rule|Endless Battle Clause: Forcing endless battles is banned
|rule|HP Percentage Mod: HP is shown in percentages
|rule|Evasion Abilities Clause: Evasion abilities are banned
|rule|Sleep Moves Clause: Sleep-inducing moves are banned
|rule|Swagger Clause: Swagger is banned
|rule|Baton Pass Stat Clause: No Baton Passer may have a way to boost its stats
|clearpoke
|poke|p1|Virizion|item
|poke|p1|Gengar, F|item
|poke|p1|Jirachi|item
|poke|p1|Breloom, F|item
|poke|p1|Hydreigon, M|item
|poke|p1|Landorus-Therian, M|item
|poke|p2|Hippowdon, M|item
|poke|p2|Clefable, F|item
|poke|p2|Bronzong|item
|poke|p2|Skarmory, M|item
|poke|p2|Latios, M|item
|poke|p2|Reuniclus, M|item
|teampreview
|
|t:|1707952171
|start
|switch|p1a: Gengar|Gengar, F|100/100
|switch|p2a: Hippowdon|Hippowdon, M, shiny|100/100
|-weather|Sandstorm|[from] ability: Sand Stream|[of] p2a: Hippowdon
|turn|1
|
|t:|1707952176
|move|p1a: Gengar|Shadow Ball|p2a: Hippowdon
|-damage|p2a: Hippowdon|63/100
|-damage|p1a: Gengar|91/100|[from] item: Life Orb
|move|p2a: Hippowdon|Stealth Rock|p1a: Gengar
|-sidestart|p1: minutemaid13|move: Stealth Rock
|
|-weather|Sandstorm|[upkeep]
|-damage|p1a: Gengar|84/100|[from] Sandstorm
|-heal|p2a: Hippowdon|69/100|[from] item: Leftovers
|upkeep
|turn|2
|
|t:|1707952182
|switch|p2a: Bronzong|Bronzong, shiny|100/100
|move|p1a: Gengar|Shadow Ball|p2a: Bronzong
|-damage|p2a: Bronzong|62/100
|-damage|p1a: Gengar|75/100|[from] item: Life Orb
|
|-weather|Sandstorm|[upkeep]
|-damage|p1a: Gengar|68/100|[from] Sandstorm
|-heal|p2a: Bronzong|69/100|[from] item: Leftovers
|upkeep
|turn|3
|
|t:|1707952195
|move|p2a: Bronzong|Protect|p2a: Bronzong
|-singleturn|p2a: Bronzong|Protect
|move|p1a: Gengar|Focus Blast|p2a: Bronzong
|-activate|p2a: Bronzong|move: Protect
|
|-weather|Sandstorm|[upkeep]
|-damage|p1a: Gengar|62/100|[from] Sandstorm
|-heal|p2a: Bronzong|75/100|[from] item: Leftovers
|upkeep
|turn|4
|
|t:|1707952204
|move|p1a: Gengar|Focus Blast|p2a: Bronzong
|-damage|p2a: Bronzong|36/100
|-damage|p1a: Gengar|52/100|[from] item: Life Orb
|move|p2a: Bronzong|Gyro Ball|p1a: Gengar
|-crit|p1a: Gengar
|-damage|p1a: Gengar|0 fnt
|faint|p1a: Gengar
|
|-weather|Sandstorm|[upkeep]
|-heal|p2a: Bronzong|42/100|[from] item: Leftovers
|upkeep
|
|t:|1707952208
|switch|p1a: Jirachi|Jirachi|100/100
|-damage|p1a: Jirachi|94/100|[from] Stealth Rock
|turn|5
|
|t:|1707952238
|move|p2a: Bronzong|Protect|p2a: Bronzong
|-singleturn|p2a: Bronzong|Protect
|move|p1a: Jirachi|Stealth Rock|p2a: Bronzong
|-sidestart|p2: leoperi99|move: Stealth Rock
|
|-weather|Sandstorm|[upkeep]
|-heal|p1a: Jirachi|100/100|[from] item: Leftovers
|-heal|p2a: Bronzong|48/100|[from] item: Leftovers
|upkeep
|turn|6
|
|t:|1707952245
|switch|p1a: Landorus|Landorus-Therian, M|100/100
|-damage|p1a: Landorus|88/100|[from] Stealth Rock
|-ability|p1a: Landorus|Intimidate|boost
|-unboost|p2a: Bronzong|atk|1
|move|p2a: Bronzong|Protect||[still]
|-fail|p2a: Bronzong
|
|-weather|Sandstorm|[upkeep]
|-heal|p1a: Landorus|94/100|[from] item: Leftovers
|-heal|p2a: Bronzong|55/100|[from] item: Leftovers
|upkeep
|turn|7
|
|t:|1707952250
|move|p1a: Landorus|U-turn|p2a: Bronzong
|-damage|p2a: Bronzong|30/100
|
|t:|1707952255
|switch|p1a: Breloom|Breloom, F|100/100|[from] U-turn
|-damage|p1a: Breloom|94/100|[from] Stealth Rock
|move|p2a: Bronzong|Toxic|p1a: Breloom
|-status|p1a: Breloom|tox
|
|-weather|Sandstorm|[upkeep]
|-damage|p1a: Breloom|88/100 tox|[from] Sandstorm
|-heal|p2a: Bronzong|37/100|[from] item: Leftovers
|-damage|p1a: Breloom|82/100 tox|[from] psn
|upkeep
|turn|8
|
|t:|1707952281
|move|p2a: Bronzong|Protect|p2a: Bronzong
|-singleturn|p2a: Bronzong|Protect
|move|p1a: Breloom|Swords Dance|p1a: Breloom
|-boost|p1a: Breloom|atk|2
|
|-weather|Sandstorm|[upkeep]
|-damage|p1a: Breloom|76/100 tox|[from] Sandstorm
|-heal|p2a: Bronzong|43/100|[from] item: Leftovers
|-damage|p1a: Breloom|64/100 tox|[from] psn
|upkeep
|turn|9
|
|t:|1707952287
|move|p1a: Breloom|Low Sweep|p2a: Bronzong
|-damage|p2a: Bronzong|0 fnt
|faint|p2a: Bronzong
|-damage|p1a: Breloom|54/100 tox|[from] item: Life Orb
|
|-weather|Sandstorm|[upkeep]
|-damage|p1a: Breloom|48/100 tox|[from] Sandstorm
|-damage|p1a: Breloom|29/100 tox|[from] psn
|upkeep
|
|t:|1707952295
|switch|p2a: Latios|Latios, M, shiny|100/100
|-damage|p2a: Latios|88/100|[from] Stealth Rock
|turn|10
|
|t:|1707952298
|move|p1a: Breloom|Mach Punch|p2a: Latios
|-resisted|p2a: Latios
|-damage|p2a: Latios|24/100
|-damage|p1a: Breloom|19/100 tox|[from] item: Life Orb
|move|p2a: Latios|Hidden Power|p1a: Breloom
|-supereffective|p1a: Breloom
|-damage|p1a: Breloom|0 fnt
|faint|p1a: Breloom
|
|-weather|Sandstorm|[upkeep]
|-damage|p2a: Latios|18/100|[from] Sandstorm
|upkeep
|
|t:|1707952301
|switch|p1a: Jirachi|Jirachi|100/100
|-damage|p1a: Jirachi|94/100|[from] Stealth Rock
|turn|11
|
|t:|1707952308
|switch|p2a: Hippowdon|Hippowdon, M, shiny|69/100
|-damage|p2a: Hippowdon|63/100|[from] Stealth Rock
|move|p1a: Jirachi|Iron Head|p2a: Hippowdon
|-damage|p2a: Hippowdon|37/100
|
|-weather|Sandstorm|[upkeep]
|-heal|p1a: Jirachi|100/100|[from] item: Leftovers
|-heal|p2a: Hippowdon|43/100|[from] item: Leftovers
|upkeep
|turn|12
|
|t:|1707952312
|move|p1a: Jirachi|Iron Head|p2a: Hippowdon
|-damage|p2a: Hippowdon|16/100
|move|p2a: Hippowdon|Slack Off|p2a: Hippowdon
|-heal|p2a: Hippowdon|66/100
|
|-weather|Sandstorm|[upkeep]
|-heal|p2a: Hippowdon|72/100|[from] item: Leftovers
|upkeep
|turn|13
|
|t:|1707952316
|move|p1a: Jirachi|Iron Head|p2a: Hippowdon
|-damage|p2a: Hippowdon|47/100
|move|p2a: Hippowdon|Earthquake|p1a: Jirachi
|-supereffective|p1a: Jirachi
|-damage|p1a: Jirachi|21/100
|
|-weather|Sandstorm|[upkeep]
|-heal|p1a: Jirachi|27/100|[from] item: Leftovers
|-heal|p2a: Hippowdon|53/100|[from] item: Leftovers
|upkeep
|turn|14
|
|t:|1707952321
|move|p1a: Jirachi|Iron Head|p2a: Hippowdon
|-crit|p2a: Hippowdon
|-damage|p2a: Hippowdon|0 fnt
|faint|p2a: Hippowdon
|
|-weather|Sandstorm|[upkeep]
|-heal|p1a: Jirachi|34/100|[from] item: Leftovers
|upkeep
|
|t:|1707952328
|switch|p2a: Latios|Latios, M, shiny|18/100
|-damage|p2a: Latios|6/100|[from] Stealth Rock
|turn|15
|
|t:|1707952337
|switch|p1a: Hydreigon|Hydreigon, M|100/100
|-damage|p1a: Hydreigon|88/100|[from] Stealth Rock
|move|p2a: Latios|Hidden Power|p1a: Hydreigon
|-resisted|p1a: Hydreigon
|-damage|p1a: Hydreigon|75/100
|
|-weather|Sandstorm|[upkeep]
|-damage|p2a: Latios|0 fnt|[from] Sandstorm
|-damage|p1a: Hydreigon|69/100|[from] Sandstorm
|faint|p2a: Latios
|upkeep
|
|t:|1707952339
|switch|p2a: Clefable|Clefable, F, shiny|100/100
|turn|16
|
|t:|1707952343
|move|p1a: Hydreigon|Focus Blast|p2a: Clefable|[miss]
|-miss|p1a: Hydreigon|p2a: Clefable
|move|p2a: Clefable|Thunder Wave|p1a: Hydreigon
|-status|p1a: Hydreigon|par
|
|-weather|Sandstorm|[upkeep]
|-damage|p1a: Hydreigon|63/100 par|[from] Sandstorm
|upkeep
|turn|17
|
|t:|1707952347
|move|p2a: Clefable|Knock Off|p1a: Hydreigon
|-resisted|p1a: Hydreigon
|-damage|p1a: Hydreigon|61/100 par
|-enditem|p1a: Hydreigon|Life Orb|[from] move: Knock Off|[of] p2a: Clefable
|move|p1a: Hydreigon|Focus Blast|p2a: Clefable|[miss]
|-miss|p1a: Hydreigon|p2a: Clefable
|
|-weather|Sandstorm|[upkeep]
|-damage|p1a: Hydreigon|55/100 par|[from] Sandstorm
|upkeep
|turn|18
|
|t:|1707952352
|move|p2a: Clefable|Seismic Toss|p1a: Hydreigon
|-damage|p1a: Hydreigon|24/100 par
|move|p1a: Hydreigon|Focus Blast|p2a: Clefable
|-supereffective|p2a: Clefable
|-crit|p2a: Clefable
|-damage|p2a: Clefable|0 fnt
|faint|p2a: Clefable
|
|-weather|Sandstorm|[upkeep]
|-damage|p1a: Hydreigon|18/100 par|[from] Sandstorm
|upkeep
|
|t:|1707952355
|switch|p2a: Reuniclus|Reuniclus, M, shiny|100/100
|turn|19
|
|t:|1707952357
|move|p2a: Reuniclus|Calm Mind|p2a: Reuniclus
|-boost|p2a: Reuniclus|spa|1
|-boost|p2a: Reuniclus|spd|1
|cant|p1a: Hydreigon|par
|
|-weather|Sandstorm|[upkeep]
|-damage|p1a: Hydreigon|12/100 par|[from] Sandstorm
|upkeep
|turn|20
|
|t:|1707952361
|move|p2a: Reuniclus|Calm Mind|p2a: Reuniclus
|-boost|p2a: Reuniclus|spa|1
|-boost|p2a: Reuniclus|spd|1
|move|p1a: Hydreigon|Dark Pulse|p2a: Reuniclus
|-supereffective|p2a: Reuniclus
|-damage|p2a: Reuniclus|55/100
|
|-weather|Sandstorm|[upkeep]
|-damage|p1a: Hydreigon|6/100 par|[from] Sandstorm
|upkeep
|turn|21
|
|t:|1707952364
|move|p2a: Reuniclus|Recover|p2a: Reuniclus
|-heal|p2a: Reuniclus|100/100
|move|p1a: Hydreigon|Dark Pulse|p2a: Reuniclus
|-supereffective|p2a: Reuniclus
|-damage|p2a: Reuniclus|58/100
|
|-weather|Sandstorm|[upkeep]
|-damage|p1a: Hydreigon|0 fnt|[from] Sandstorm
|faint|p1a: Hydreigon
|upkeep
|
|t:|1707952370
|switch|p1a: Jirachi|Jirachi|34/100
|-damage|p1a: Jirachi|27/100|[from] Stealth Rock
|turn|22
|
|t:|1707952372
|move|p1a: Jirachi|Iron Head|p2a: Reuniclus
|-damage|p2a: Reuniclus|32/100
|cant|p2a: Reuniclus|flinch
|
|-weather|Sandstorm|[upkeep]
|-heal|p1a: Jirachi|34/100|[from] item: Leftovers
|upkeep
|turn|23
|
|t:|1707952374
|move|p1a: Jirachi|Iron Head|p2a: Reuniclus
|-damage|p2a: Reuniclus|5/100
|move|p2a: Reuniclus|Recover|p2a: Reuniclus
|-heal|p2a: Reuniclus|55/100
|
|-weather|Sandstorm|[upkeep]
|-heal|p1a: Jirachi|40/100|[from] item: Leftovers
|upkeep
|turn|24
|
|t:|1707952378
|switch|p2a: Skarmory|Skarmory, M, shiny|100/100
|-damage|p2a: Skarmory|88/100|[from] Stealth Rock
|move|p1a: Jirachi|Iron Head|p2a: Skarmory
|-resisted|p2a: Skarmory
|-damage|p2a: Skarmory|78/100
|-damage|p1a: Jirachi|23/100|[from] item: Rocky Helmet|[of] p2a: Skarmory
|
|-weather|Sandstorm|[upkeep]
|-heal|p1a: Jirachi|29/100|[from] item: Leftovers
|upkeep
|turn|25
|
|t:|1707952380
|move|p1a: Jirachi|Thunder|p2a: Skarmory|[miss]
|-miss|p1a: Jirachi|p2a: Skarmory
|move|p2a: Skarmory|Spikes|p1a: Jirachi
|-sidestart|p1: minutemaid13|Spikes
|
|-weather|Sandstorm|[upkeep]
|-heal|p1a: Jirachi|36/100|[from] item: Leftovers
|upkeep
|turn|26
|
|t:|1707952382
|switch|p2a: Reuniclus|Reuniclus, M, shiny|55/100
|move|p1a: Jirachi|Thunder|p2a: Reuniclus
|-damage|p2a: Reuniclus|28/100
|
|-weather|Sandstorm|[upkeep]
|-heal|p1a: Jirachi|42/100|[from] item: Leftovers
|upkeep
|turn|27
|
|t:|1707952384
|move|p1a: Jirachi|Iron Head|p2a: Reuniclus
|-damage|p2a: Reuniclus|2/100
|cant|p2a: Reuniclus|flinch
|
|-weather|Sandstorm|[upkeep]
|-heal|p1a: Jirachi|48/100|[from] item: Leftovers
|upkeep
|turn|28
|
|t:|1707952386
|move|p1a: Jirachi|Iron Head|p2a: Reuniclus
|-damage|p2a: Reuniclus|0 fnt
|faint|p2a: Reuniclus
|
|-weather|Sandstorm|[upkeep]
|-heal|p1a: Jirachi|54/100|[from] item: Leftovers
|upkeep
|c|☆leoperi99|stop haxing bvro
|
|t:|1707952391
|switch|p2a: Skarmory|Skarmory, M, shiny|78/100
|-damage|p2a: Skarmory|66/100|[from] Stealth Rock
|turn|29
|
|t:|1707952392
|move|p1a: Jirachi|Thunder|p2a: Skarmory
|-supereffective|p2a: Skarmory
|-damage|p2a: Skarmory|0 fnt
|faint|p2a: Skarmory
|
|win|minutemaid13
|raw|minutemaid13's rating: 1381 &rarr; <strong>1405</strong><br />(+24 for winning)
|raw|leoperi99's rating: 1448 &rarr; <strong>1424</strong><br />(-24 for losing)
|l|☆leoperi99
|player|p2|
