|j|☆phosphor
|j|☆dabuby22
|t:|1737609996
|gametype|singles
|player|p1|phosphor|#phosphor|1305
|player|p2|dabuby22|102|1356
|teamsize|p1|6
|teamsize|p2|6
|gen|5
|tier|[Gen 5] OU
|rated|
|rule|Species Clause: Limit one of each Pokémon
|rule|OHKO Clause: OHKO moves are banned
|rule|Moody Clause: Moody is banned
|rule|Evasion Items Clause: Evasion items are banned
|rule|Evasion Moves Clause: Evasion moves are banned
|rule|Endless Battle Clause: Forcing endless battles is banned
|rule|HP Percentage Mod: HP is shown in percentages
|rule|Evasion Abilities Clause: Evasion abilities are banned
|rule|Sleep Moves Clause: Sleep-inducing moves are banned
|rule|Swagger Clause: Swagger is banned
|rule|Baton Pass Stat Clause: No Baton Passer may have a way to boost its stats
|clearpoke
|poke|p1|Landorus-Therian, M|item
|poke|p1|Starmie|item
|poke|p1|Mamoswine, M|item
|poke|p1|Scizor, F|item
|poke|p1|Salamence, F|item
|poke|p1|Sceptile, M|item
|poke|p2|Garchomp, M|item
|poke|p2|Dragonite, M|item
|poke|p2|Volcarona, M|item
|poke|p2|Latias, F|item
|poke|p2|Starmie|item
|poke|p2|Jirachi|item
|teampreview
|j| Samantha Fisher
|c|☆phosphor|Go hf
|c|☆phosphor|Gl
|inactive|Battle timer is ON: inactive players will automatically lose when time's up. (requested by dabuby22)
|
|t:|1737610018
|start
|switch|p1a: Sceptile|Sceptile, M|100/100
|switch|p2a: Starmie|Starmie|100/100
|-item|p2a: Starmie|Air Balloon
|turn|1
|
|t:|1737610024
|switch|p2a: Jirachi|Jirachi|100/100
|move|p1a: Sceptile|Giga Drain|p2a: Jirachi
|-resisted|p2a: Jirachi
|-damage|p2a: Jirachi|86/100
|
|upkeep
|turn|2
|
|t:|1737610032
|switch|p1a: Scizor|Scizor, F|100/100
|move|p2a: Jirachi|U-turn|p1a: Scizor
|-resisted|p1a: Scizor
|-damage|p1a: Scizor|88/100
|
|t:|1737610039
|switch|p2a: Volcarona|Volcarona, M|100/100|[from] U-turn
|
|upkeep
|turn|3
|
|t:|1737610044
|switch|p1a: Salamence|Salamence, F|100/100
|move|p2a: Volcarona|Fire Blast|p1a: Salamence|[miss]
|-miss|p2a: Volcarona|p1a: Salamence
|
|upkeep
|turn|4
|
|t:|1737610053
|switch|p2a: Garchomp|Garchomp, M|100/100
|move|p1a: Salamence|Dragon Dance|p1a: Salamence
|-boost|p1a: Salamence|atk|1
|-boost|p1a: Salamence|spe|1
|
|upkeep
|turn|5
|inactive|phosphor has 120 seconds left.
|
|t:|1737610100
|switch|p1a: Mamoswine|Mamoswine, M|100/100
|move|p2a: Garchomp|Outrage|p1a: Mamoswine
|-crit|p1a: Mamoswine
|-damage|p1a: Mamoswine|0 fnt
|faint|p1a: Mamoswine
|
|upkeep
|
|t:|1737610104
|switch|p1a: Landorus|Landorus-Therian, M|100/100
|-ability|p1a: Landorus|Intimidate|boost
|-unboost|p2a: Garchomp|atk|1
|turn|6
|
|t:|1737610107
|move|p2a: Garchomp|Outrage|p1a: Landorus|[from] lockedmove
|-damage|p1a: Landorus|51/100
|-start|p2a: Garchomp|confusion|[fatigue]
|-enditem|p2a: Garchomp|Lum Berry|[eat]
|-end|p2a: Garchomp|confusion
|move|p1a: Landorus|Stealth Rock|p2a: Garchomp
|-sidestart|p2: dabuby22|move: Stealth Rock
|
|upkeep
|turn|7
|
|t:|1737610116
|move|p2a: Garchomp|Stealth Rock|p1a: Landorus
|-sidestart|p1: phosphor|move: Stealth Rock
|move|p1a: Landorus|Explosion|p2a: Garchomp
|-damage|p2a: Garchomp|4/100
|faint|p1a: Landorus
|
|upkeep
|
|t:|1737610118
|switch|p1a: Sceptile|Sceptile, M|100/100
|-damage|p1a: Sceptile|88/100|[from] Stealth Rock
|turn|8
|
|t:|1737610128
|move|p1a: Sceptile|Leaf Storm|p2a: Garchomp
|-damage|p2a: Garchomp|0 fnt
|-unboost|p1a: Sceptile|spa|2
|-enditem|p1a: Sceptile|White Herb
|-clearnegativeboost|p1a: Sceptile|[silent]
|faint|p2a: Garchomp
|
|upkeep
|
|t:|1737610136
|switch|p2a: Jirachi|Jirachi|86/100
|-damage|p2a: Jirachi|80/100|[from] Stealth Rock
|turn|9
|
|t:|1737610143
|move|p1a: Sceptile|Focus Blast|p2a: Jirachi|[miss]
|-miss|p1a: Sceptile|p2a: Jirachi
|move|p2a: Jirachi|U-turn|p1a: Sceptile
|-supereffective|p1a: Sceptile
|-damage|p1a: Sceptile|16/100
|
|t:|1737610154
|switch|p2a: Latias|Latias, F|100/100|[from] U-turn
|-damage|p2a: Latias|88/100|[from] Stealth Rock
|
|upkeep
|turn|10
|
|t:|1737610168
|move|p1a: Sceptile|Hidden Power|p2a: Latias
|-supereffective|p2a: Latias
|-damage|p2a: Latias|49/100
|move|p2a: Latias|Draco Meteor|p1a: Sceptile
|-damage|p1a: Sceptile|0 fnt
|-unboost|p2a: Latias|spa|2
|faint|p1a: Sceptile
|
|upkeep
|
|t:|1737610192
|switch|p1a: Starmie|Starmie|100/100
|-damage|p1a: Starmie|88/100|[from] Stealth Rock
|-item|p1a: Starmie|Air Balloon
|turn|11
|
|t:|1737610196
|switch|p2a: Jirachi|Jirachi|80/100
|-damage|p2a: Jirachi|74/100|[from] Stealth Rock
|move|p1a: Starmie|Thunder|p2a: Jirachi|[miss]
|-miss|p1a: Starmie|p2a: Jirachi
|
|upkeep
|turn|12
|
|t:|1737610210
|move|p2a: Jirachi|U-turn|p1a: Starmie
|-supereffective|p1a: Starmie
|-damage|p1a: Starmie|26/100
|-enditem|p1a: Starmie|Air Balloon
|
|t:|1737610217
|switch|p2a: Latias|Latias, F|49/100|[from] U-turn
|-damage|p2a: Latias|37/100|[from] Stealth Rock
|move|p1a: Starmie|Thunder|p2a: Latias
|-resisted|p2a: Latias
|-damage|p2a: Latias|15/100
|
|upkeep
|turn|13
|
|t:|1737610223
|move|p1a: Starmie|Rapid Spin|p2a: Latias
|-damage|p2a: Latias|11/100
|-sideend|p1: phosphor|Stealth Rock|[from] move: Rapid Spin|[of] p1a: Starmie
|move|p2a: Latias|Healing Wish|p2a: Latias
|faint|p2a: Latias
|
|upkeep
|
|t:|1737610225
|switch|p2a: Jirachi|Jirachi|74/100
|-heal|p2a: Jirachi|100/100|[from] move: Healing Wish
|-damage|p2a: Jirachi|94/100|[from] Stealth Rock
|turn|14
|
|t:|1737610236
|move|p2a: Jirachi|U-turn|p1a: Starmie
|-supereffective|p1a: Starmie
|-damage|p1a: Starmie|0 fnt
|faint|p1a: Starmie
|
|t:|1737610241
|switch|p2a: Starmie|Starmie|100/100|[from] U-turn
|-damage|p2a: Starmie|88/100|[from] Stealth Rock
|-item|p2a: Starmie|Air Balloon
|
|upkeep
|
|t:|1737610248
|switch|p1a: Salamence|Salamence, F|100/100
|turn|15
|
|t:|1737610251
|move|p2a: Starmie|Ice Beam|p1a: Salamence
|-supereffective|p1a: Salamence
|-enditem|p1a: Salamence|Yache Berry|[eat]
|-enditem|p1a: Salamence|Yache Berry|[weaken]
|-damage|p1a: Salamence|35/100
|move|p1a: Salamence|Dragon Dance|p1a: Salamence
|-boost|p1a: Salamence|atk|1
|-boost|p1a: Salamence|spe|1
|
|upkeep
|turn|16
|
|t:|1737610264
|move|p1a: Salamence|Outrage|p2a: Starmie
|-damage|p2a: Starmie|0 fnt
|-enditem|p2a: Starmie|Air Balloon
|faint|p2a: Starmie
|-ability|p1a: Salamence|Moxie|boost
|-boost|p1a: Salamence|atk|1
|
|upkeep
|
|t:|1737610268
|switch|p2a: Jirachi|Jirachi|94/100
|-damage|p2a: Jirachi|88/100|[from] Stealth Rock
|turn|17
|
|t:|1737610276
|move|p1a: Salamence|Outrage|p2a: Jirachi|[from] lockedmove
|-resisted|p2a: Jirachi
|-damage|p2a: Jirachi|19/100
|-start|p1a: Salamence|confusion|[fatigue]
|move|p2a: Jirachi|Ice Punch|p1a: Salamence
|-supereffective|p1a: Salamence
|-damage|p1a: Salamence|0 fnt
|faint|p1a: Salamence
|
|upkeep
|
|t:|1737610282
|switch|p1a: Scizor|Scizor, F|88/100
|turn|18
|
|t:|1737610286
|switch|p2a: Volcarona|Volcarona, M|100/100
|-damage|p2a: Volcarona|51/100|[from] Stealth Rock
|move|p1a: Scizor|Swords Dance|p1a: Scizor
|-boost|p1a: Scizor|atk|2
|
|upkeep
|turn|19
|
|t:|1737610289
|move|p1a: Scizor|Bullet Punch|p2a: Volcarona
|-resisted|p2a: Volcarona
|-damage|p2a: Volcarona|0 fnt
|faint|p2a: Volcarona
|-damage|p1a: Scizor|79/100|[from] item: Life Orb
|
|upkeep
|
|t:|1737610293
|switch|p2a: Dragonite|Dragonite, M|100/100
|-damage|p2a: Dragonite|76/100|[from] Stealth Rock
|turn|20
|
|t:|1737610296
|move|p1a: Scizor|Bullet Punch|p2a: Dragonite
|-damage|p2a: Dragonite|0 fnt
|faint|p2a: Dragonite
|-damage|p1a: Scizor|69/100|[from] item: Life Orb
|
|upkeep
|
|t:|1737610300
|switch|p2a: Jirachi|Jirachi|19/100
|-damage|p2a: Jirachi|13/100|[from] Stealth Rock
|turn|21
|
|t:|1737610303
|move|p1a: Scizor|Bullet Punch|p2a: Jirachi
|-resisted|p2a: Jirachi
|-damage|p2a: Jirachi|0 fnt
|faint|p2a: Jirachi
|-damage|p1a: Scizor|59/100|[from] item: Life Orb
|
|win|phosphor
|raw|phosphor's rating: 1305 &rarr; <strong>1328</strong><br />(+23 for winning)
|raw|dabuby22's rating: 1356 &rarr; <strong>1333</strong><br />(-23 for losing)
|l|☆dabuby22
|player|p2|
|c|☆phosphor|Gg
