|j|☆Ludicolion
|j|☆Silly Brine
|t:|1705432254
|gametype|singles
|player|p1|Ludicolion|alder|1344
|player|p2|Silly Brine|parasollady|1403
|teamsize|p1|6
|teamsize|p2|6
|gen|5
|tier|[Gen 5] OU
|rated|
|rule|Species Clause: Limit one of each Pokémon
|rule|OHKO Clause: OHKO moves are banned
|rule|Moody Clause: Moody is banned
|rule|Evasion Items Clause: Evasion items are banned
|rule|Evasion Moves Clause: Evasion moves are banned
|rule|Endless Battle Clause: Forcing endless battles is banned
|rule|HP Percentage Mod: HP is shown in percentages
|rule|Evasion Abilities Clause: Evasion abilities are banned
|rule|Sleep Moves Clause: Sleep-inducing moves are banned
|rule|Swagger Clause: Swagger is banned
|rule|Baton Pass Stat Clause: No Baton Passer may have a way to boost its stats
|clearpoke
|poke|p1|Tyranitar, F|item
|poke|p1|Skarmory, M|item
|poke|p1|Jellicent, M|item
|poke|p1|Latios, M|item
|poke|p1|Alakazam, M|item
|poke|p1|Gliscor, M|item
|poke|p2|Clefable, F|item
|poke|p2|Slowbro, M|item
|poke|p2|Excadrill, M|item
|poke|p2|Landorus-Therian, M|item
|poke|p2|Tyranitar, F|item
|poke|p2|Latios, M|item
|teampreview
|
|t:|1705432278
|start
|switch|p1a: Skarmory|Skarmory, M|100/100
|switch|p2a: Tyranitar|Tyranitar, F|100/100
|-weather|Sandstorm|[from] ability: Sand Stream|[of] p2a: Tyranitar
|turn|1
|inactive|Battle timer is ON: inactive players will automatically lose when time's up. (requested by Ludicolion)
|c|☆Ludicolion|Glhf
|c|☆Silly Brine|hf
|j| getoutofmyheart
|
|t:|1705432297
|switch|p2a: Clefable|Clefable, F|100/100
|move|p1a: Skarmory|Stealth Rock|p2a: Clefable
|-sidestart|p2: Silly Brine|move: Stealth Rock
|
|-weather|Sandstorm|[upkeep]
|upkeep
|turn|2
|
|t:|1705432304
|move|p1a: Skarmory|Spikes|p2a: Clefable
|-sidestart|p2: Silly Brine|Spikes
|move|p2a: Clefable|Stealth Rock|p1a: Skarmory
|-sidestart|p1: Ludicolion|move: Stealth Rock
|
|-weather|Sandstorm|[upkeep]
|upkeep
|turn|3
|
|t:|1705432308
|move|p2a: Clefable|Gravity|p2a: Clefable
|-fieldstart|move: Gravity
|move|p1a: Skarmory|Whirlwind|p2a: Clefable
|drag|p2a: Landorus|Landorus-Therian, M|100/100
|-damage|p2a: Landorus|88/100|[from] Stealth Rock
|-damage|p2a: Landorus|76/100|[from] Spikes
|-ability|p2a: Landorus|Intimidate|boost
|-unboost|p1a: Skarmory|atk|1
|
|-weather|Sandstorm|[upkeep]
|-heal|p2a: Landorus|82/100|[from] item: Leftovers
|upkeep
|turn|4
|
|t:|1705432323
|move|p2a: Landorus|Earthquake|p1a: Skarmory
|-supereffective|p1a: Skarmory
|-damage|p1a: Skarmory|20/100
|move|p1a: Skarmory|Spikes|p2a: Landorus
|-sidestart|p2: Silly Brine|Spikes
|
|-weather|Sandstorm|[upkeep]
|-heal|p2a: Landorus|88/100|[from] item: Leftovers
|upkeep
|turn|5
|
|t:|1705432335
|move|p2a: Landorus|Earthquake|p1a: Skarmory
|-supereffective|p1a: Skarmory
|-damage|p1a: Skarmory|0 fnt
|faint|p1a: Skarmory
|
|-weather|Sandstorm|[upkeep]
|-heal|p2a: Landorus|94/100|[from] item: Leftovers
|upkeep
|
|t:|1705432343
|switch|p1a: Alakazam|Alakazam, M|100/100
|turn|6
|
|t:|1705432357
|switch|p1a: Gliscor|Gliscor, M|100/100
|-damage|p1a: Gliscor|88/100|[from] Stealth Rock
|switch|p2a: Clefable|Clefable, F|100/100
|
|-weather|Sandstorm|[upkeep]
|-status|p1a: Gliscor|tox|[from] item: Toxic Orb
|upkeep
|turn|7
|
|t:|1705432372
|switch|p2a: Slowbro|Slowbro, M|100/100
|-damage|p2a: Slowbro|88/100|[from] Stealth Rock
|-damage|p2a: Slowbro|72/100|[from] Spikes
|move|p1a: Gliscor|Earthquake|p2a: Slowbro
|-crit|p2a: Slowbro
|-damage|p2a: Slowbro|34/100
|
|-weather|Sandstorm|[upkeep]
|-damage|p2a: Slowbro|28/100|[from] Sandstorm
|-heal|p1a: Gliscor|100/100 tox|[from] ability: Poison Heal
|-fieldend|move: Gravity
|upkeep
|turn|8
|
|t:|1705432379
|move|p1a: Gliscor|U-turn|p2a: Slowbro
|-supereffective|p2a: Slowbro
|-damage|p2a: Slowbro|9/100
|-damage|p1a: Gliscor|84/100 tox|[from] item: Rocky Helmet|[of] p2a: Slowbro
|
|t:|1705432387
|switch|p1a: Jellicent|Jellicent, M|100/100|[from] U-turn
|-damage|p1a: Jellicent|88/100|[from] Stealth Rock
|move|p2a: Slowbro|Slack Off|p2a: Slowbro
|-heal|p2a: Slowbro|59/100
|
|-weather|Sandstorm|[upkeep]
|-damage|p1a: Jellicent|82/100|[from] Sandstorm
|-damage|p2a: Slowbro|53/100|[from] Sandstorm
|-heal|p1a: Jellicent|88/100|[from] item: Leftovers
|upkeep
|turn|9
|
|t:|1705432395
|switch|p2a: Latios|Latios, M|100/100
|-damage|p2a: Latios|88/100|[from] Stealth Rock
|move|p1a: Jellicent|Taunt|p2a: Latios
|-start|p2a: Latios|move: Taunt
|
|-weather|Sandstorm|[upkeep]
|-damage|p2a: Latios|82/100|[from] Sandstorm
|-damage|p1a: Jellicent|82/100|[from] Sandstorm
|-heal|p1a: Jellicent|88/100|[from] item: Leftovers
|upkeep
|turn|10
|
|t:|1705432397
|move|p2a: Latios|Grass Knot|p1a: Jellicent
|-supereffective|p1a: Jellicent
|-damage|p1a: Jellicent|0 fnt
|faint|p1a: Jellicent
|
|-weather|Sandstorm|[upkeep]
|-damage|p2a: Latios|76/100|[from] Sandstorm
|upkeep
|
|t:|1705432404
|switch|p1a: Tyranitar|Tyranitar, F|100/100
|-damage|p1a: Tyranitar|88/100|[from] Stealth Rock
|turn|11
|
|t:|1705432409
|move|p2a: Latios|Grass Knot|p1a: Tyranitar
|-supereffective|p1a: Tyranitar
|-damage|p1a: Tyranitar|27/100
|move|p1a: Tyranitar|Crunch|p2a: Latios
|-supereffective|p2a: Latios
|-damage|p2a: Latios|0 fnt
|faint|p2a: Latios
|
|-weather|Sandstorm|[upkeep]
|upkeep
|
|t:|1705432412
|switch|p2a: Excadrill|Excadrill, M|100/100
|-damage|p2a: Excadrill|97/100|[from] Stealth Rock
|-damage|p2a: Excadrill|81/100|[from] Spikes
|turn|12
|
|t:|1705432417
|switch|p1a: Gliscor|Gliscor, M|84/100 tox
|-damage|p1a: Gliscor|72/100 tox|[from] Stealth Rock
|move|p2a: Excadrill|Iron Head|p1a: Gliscor
|-damage|p1a: Gliscor|36/100 tox
|
|-weather|Sandstorm|[upkeep]
|-heal|p2a: Excadrill|87/100|[from] item: Leftovers
|-heal|p1a: Gliscor|49/100 tox|[from] ability: Poison Heal
|upkeep
|turn|13
|
|t:|1705432424
|move|p1a: Gliscor|Protect|p1a: Gliscor
|-singleturn|p1a: Gliscor|Protect
|move|p2a: Excadrill|Rapid Spin|p1a: Gliscor
|-activate|p1a: Gliscor|move: Protect
|
|-weather|Sandstorm|[upkeep]
|-heal|p2a: Excadrill|93/100|[from] item: Leftovers
|-heal|p1a: Gliscor|61/100 tox|[from] ability: Poison Heal
|upkeep
|turn|14
|
|t:|1705432428
|switch|p2a: Landorus|Landorus-Therian, M|94/100
|-damage|p2a: Landorus|82/100|[from] Stealth Rock
|-ability|p2a: Landorus|Intimidate|boost
|-unboost|p1a: Gliscor|atk|1
|move|p1a: Gliscor|Earthquake|p2a: Landorus
|-immune|p2a: Landorus
|
|-weather|Sandstorm|[upkeep]
|-heal|p2a: Landorus|88/100|[from] item: Leftovers
|-heal|p1a: Gliscor|74/100 tox|[from] ability: Poison Heal
|upkeep
|turn|15
|
|t:|1705432441
|move|p1a: Gliscor|Protect|p1a: Gliscor
|-singleturn|p1a: Gliscor|Protect
|move|p2a: Landorus|Swords Dance|p2a: Landorus
|-boost|p2a: Landorus|atk|2
|
|-weather|Sandstorm|[upkeep]
|-heal|p2a: Landorus|94/100|[from] item: Leftovers
|-heal|p1a: Gliscor|86/100 tox|[from] ability: Poison Heal
|upkeep
|turn|16
|
|t:|1705432447
|move|p2a: Landorus|Gravity|p2a: Landorus
|-fieldstart|move: Gravity
|move|p1a: Gliscor|U-turn|p2a: Landorus
|-resisted|p2a: Landorus
|-damage|p2a: Landorus|87/100
|
|t:|1705432450
|switch|p1a: Alakazam|Alakazam, M|100/100|[from] U-turn
|
|-weather|Sandstorm|[upkeep]
|-heal|p2a: Landorus|93/100|[from] item: Leftovers
|upkeep
|turn|17
|
|t:|1705432460
|switch|p2a: Clefable|Clefable, F|100/100
|move|p1a: Alakazam|Hidden Power|p2a: Clefable
|-damage|p2a: Clefable|83/100
|
|-weather|Sandstorm|[upkeep]
|-heal|p2a: Clefable|89/100|[from] item: Leftovers
|upkeep
|turn|18
|
|t:|1705432466
|switch|p1a: Gliscor|Gliscor, M|86/100 tox
|-damage|p1a: Gliscor|74/100 tox|[from] Stealth Rock
|move|p2a: Clefable|Soft-Boiled|p2a: Clefable
|-heal|p2a: Clefable|100/100
|
|-weather|Sandstorm|[upkeep]
|-heal|p1a: Gliscor|86/100 tox|[from] ability: Poison Heal
|upkeep
|turn|19
|
|t:|1705432475
|move|p1a: Gliscor|Earthquake|p2a: Clefable
|-damage|p2a: Clefable|62/100
|move|p2a: Clefable|Seismic Toss|p1a: Gliscor
|-damage|p1a: Gliscor|58/100 tox
|
|-weather|Sandstorm|[upkeep]
|-heal|p2a: Clefable|68/100|[from] item: Leftovers
|-heal|p1a: Gliscor|70/100 tox|[from] ability: Poison Heal
|upkeep
|turn|20
|
|t:|1705432481
|move|p1a: Gliscor|Earthquake|p2a: Clefable
|-damage|p2a: Clefable|29/100
|move|p2a: Clefable|Soft-Boiled|p2a: Clefable
|-heal|p2a: Clefable|79/100
|
|-weather|Sandstorm|[upkeep]
|-heal|p2a: Clefable|85/100|[from] item: Leftovers
|-heal|p1a: Gliscor|83/100 tox|[from] ability: Poison Heal
|-fieldend|move: Gravity
|upkeep
|turn|21
|
|t:|1705432485
|move|p1a: Gliscor|Earthquake|p2a: Clefable
|-damage|p2a: Clefable|46/100
|move|p2a: Clefable|Soft-Boiled|p2a: Clefable
|-heal|p2a: Clefable|96/100
|
|-weather|Sandstorm|[upkeep]
|-heal|p2a: Clefable|100/100|[from] item: Leftovers
|-heal|p1a: Gliscor|95/100 tox|[from] ability: Poison Heal
|upkeep
|turn|22
|
|t:|1705432490
|switch|p2a: Slowbro|Slowbro, M|86/100
|-damage|p2a: Slowbro|74/100|[from] Stealth Rock
|-damage|p2a: Slowbro|57/100|[from] Spikes
|move|p1a: Gliscor|Earthquake|p2a: Slowbro
|-damage|p2a: Slowbro|36/100
|
|-weather|Sandstorm|[upkeep]
|-damage|p2a: Slowbro|30/100|[from] Sandstorm
|-heal|p1a: Gliscor|100/100 tox|[from] ability: Poison Heal
|upkeep
|turn|23
|
|t:|1705432499
|move|p1a: Gliscor|Earthquake|p2a: Slowbro
|-damage|p2a: Slowbro|10/100
|move|p2a: Slowbro|Slack Off|p2a: Slowbro
|-heal|p2a: Slowbro|60/100
|
|-weather|Sandstorm|[upkeep]
|-damage|p2a: Slowbro|54/100|[from] Sandstorm
|upkeep
|turn|24
|
|t:|1705432507
|switch|p1a: Latios|Latios, M|100/100
|-damage|p1a: Latios|88/100|[from] Stealth Rock
|move|p2a: Slowbro|Slack Off|p2a: Slowbro
|-heal|p2a: Slowbro|100/100
|
|-weather|Sandstorm|[upkeep]
|-damage|p1a: Latios|82/100|[from] Sandstorm
|-damage|p2a: Slowbro|94/100|[from] Sandstorm
|upkeep
|turn|25
|
|t:|1705432519
|switch|p2a: Clefable|Clefable, F|100/100
|move|p1a: Latios|Draco Meteor|p2a: Clefable
|-damage|p2a: Clefable|52/100
|-unboost|p1a: Latios|spa|2
|
|-weather|Sandstorm|[upkeep]
|-damage|p1a: Latios|76/100|[from] Sandstorm
|-heal|p2a: Clefable|58/100|[from] item: Leftovers
|upkeep
|turn|26
|
|t:|1705432532
|switch|p1a: Tyranitar|Tyranitar, F|27/100
|-damage|p1a: Tyranitar|15/100|[from] Stealth Rock
|move|p2a: Clefable|Seismic Toss|p1a: Tyranitar
|-damage|p1a: Tyranitar|0 fnt
|faint|p1a: Tyranitar
|
|-weather|Sandstorm|[upkeep]
|-heal|p2a: Clefable|64/100|[from] item: Leftovers
|upkeep
|
|t:|1705432542
|switch|p1a: Gliscor|Gliscor, M|100/100 tox
|-damage|p1a: Gliscor|88/100 tox|[from] Stealth Rock
|turn|27
|
|t:|1705432546
|move|p1a: Gliscor|Earthquake|p2a: Clefable
|-damage|p2a: Clefable|25/100
|move|p2a: Clefable|Soft-Boiled|p2a: Clefable
|-heal|p2a: Clefable|75/100
|
|-weather|Sandstorm|[upkeep]
|-heal|p2a: Clefable|81/100|[from] item: Leftovers
|-heal|p1a: Gliscor|100/100 tox|[from] ability: Poison Heal
|upkeep
|turn|28
|
|t:|1705432550
|move|p1a: Gliscor|Earthquake|p2a: Clefable
|-damage|p2a: Clefable|44/100
|move|p2a: Clefable|Soft-Boiled|p2a: Clefable
|-heal|p2a: Clefable|94/100
|
|-weather|Sandstorm|[upkeep]
|-heal|p2a: Clefable|99/100|[from] item: Leftovers
|upkeep
|turn|29
|
|t:|1705432556
|switch|p2a: Landorus|Landorus-Therian, M|93/100
|-damage|p2a: Landorus|81/100|[from] Stealth Rock
|-ability|p2a: Landorus|Intimidate|boost
|-unboost|p1a: Gliscor|atk|1
|move|p1a: Gliscor|Earthquake|p2a: Landorus
|-immune|p2a: Landorus
|
|-weather|Sandstorm|[upkeep]
|-heal|p2a: Landorus|87/100|[from] item: Leftovers
|upkeep
|turn|30
|
|t:|1705432563
|move|p2a: Landorus|Swords Dance|p2a: Landorus
|-boost|p2a: Landorus|atk|2
|move|p1a: Gliscor|U-turn|p2a: Landorus
|-resisted|p2a: Landorus
|-damage|p2a: Landorus|81/100
|
|t:|1705432566
|switch|p1a: Alakazam|Alakazam, M|100/100|[from] U-turn
|
|-weather|Sandstorm|[upkeep]
|-heal|p2a: Landorus|87/100|[from] item: Leftovers
|upkeep
|turn|31
|
|t:|1705432588
|move|p1a: Alakazam|Hidden Power|p2a: Landorus
|-supereffective|p2a: Landorus
|-damage|p2a: Landorus|0 fnt
|faint|p2a: Landorus
|
|-weather|Sandstorm|[upkeep]
|upkeep
|
|t:|1705432591
|switch|p2a: Tyranitar|Tyranitar, F|100/100
|-damage|p2a: Tyranitar|88/100|[from] Stealth Rock
|-damage|p2a: Tyranitar|72/100|[from] Spikes
|turn|32
|
|t:|1705432594
|move|p1a: Alakazam|Focus Blast|p2a: Tyranitar
|-supereffective|p2a: Tyranitar
|-damage|p2a: Tyranitar|0 fnt
|faint|p2a: Tyranitar
|
|-weather|Sandstorm|[upkeep]
|upkeep
|
|t:|1705432601
|switch|p2a: Excadrill|Excadrill, M|93/100
|-damage|p2a: Excadrill|90/100|[from] Stealth Rock
|-damage|p2a: Excadrill|73/100|[from] Spikes
|turn|33
|
|t:|1705432604
|move|p1a: Alakazam|Grass Knot|p2a: Excadrill
|-damage|p2a: Excadrill|52/100
|move|p2a: Excadrill|Rapid Spin|p1a: Alakazam
|-damage|p1a: Alakazam|81/100
|-sideend|p2: Silly Brine|Spikes|[from] move: Rapid Spin|[of] p2a: Excadrill
|-sideend|p2: Silly Brine|Stealth Rock|[from] move: Rapid Spin|[of] p2a: Excadrill
|
|-weather|Sandstorm|[upkeep]
|-heal|p2a: Excadrill|58/100|[from] item: Leftovers
|upkeep
|turn|34
|
|t:|1705432609
|move|p2a: Excadrill|Protect|p2a: Excadrill
|-singleturn|p2a: Excadrill|Protect
|move|p1a: Alakazam|Focus Blast|p2a: Excadrill
|-activate|p2a: Excadrill|move: Protect
|
|-weather|Sandstorm|[upkeep]
|-heal|p2a: Excadrill|64/100|[from] item: Leftovers
|upkeep
|turn|35
|
|t:|1705432613
|switch|p2a: Clefable|Clefable, F|99/100
|move|p1a: Alakazam|Focus Blast|p2a: Clefable
|-supereffective|p2a: Clefable
|-damage|p2a: Clefable|44/100
|
|-weather|Sandstorm|[upkeep]
|-heal|p2a: Clefable|50/100|[from] item: Leftovers
|upkeep
|turn|36
|
|t:|1705432620
|move|p1a: Alakazam|Psyshock|p2a: Clefable
|-damage|p2a: Clefable|6/100
|move|p2a: Clefable|Soft-Boiled|p2a: Clefable
|-heal|p2a: Clefable|56/100
|
|-weather|Sandstorm|[upkeep]
|-heal|p2a: Clefable|62/100|[from] item: Leftovers
|upkeep
|turn|37
|
|t:|1705432628
|move|p1a: Alakazam|Focus Blast|p2a: Clefable
|-supereffective|p2a: Clefable
|-damage|p2a: Clefable|1/100
|move|p2a: Clefable|Soft-Boiled|p2a: Clefable
|-heal|p2a: Clefable|51/100
|
|-weather|Sandstorm|[upkeep]
|-heal|p2a: Clefable|57/100|[from] item: Leftovers
|upkeep
|turn|38
|
|t:|1705432633
|move|p1a: Alakazam|Focus Blast|p2a: Clefable|[miss]
|-miss|p1a: Alakazam|p2a: Clefable
|move|p2a: Clefable|Soft-Boiled|p2a: Clefable
|-heal|p2a: Clefable|100/100
|
|-weather|Sandstorm|[upkeep]
|upkeep
|turn|39
|
|t:|1705432637
|move|p1a: Alakazam|Psyshock|p2a: Clefable
|-damage|p2a: Clefable|55/100
|move|p2a: Clefable|Soft-Boiled|p2a: Clefable
|-heal|p2a: Clefable|100/100
|
|-weather|Sandstorm|[upkeep]
|upkeep
|turn|40
|
|t:|1705432645
|switch|p1a: Gliscor|Gliscor, M|100/100 tox
|-damage|p1a: Gliscor|88/100 tox|[from] Stealth Rock
|move|p2a: Clefable|Seismic Toss|p1a: Gliscor
|-damage|p1a: Gliscor|60/100 tox
|
|-weather|Sandstorm|[upkeep]
|-heal|p1a: Gliscor|72/100 tox|[from] ability: Poison Heal
|upkeep
|turn|41
|
|t:|1705432656
|switch|p2a: Slowbro|Slowbro, M|100/100
|move|p1a: Gliscor|Earthquake|p2a: Slowbro
|-damage|p2a: Slowbro|81/100
|
|-weather|Sandstorm|[upkeep]
|-damage|p2a: Slowbro|75/100|[from] Sandstorm
|-heal|p1a: Gliscor|85/100 tox|[from] ability: Poison Heal
|upkeep
|turn|42
|
|t:|1705432658
|move|p1a: Gliscor|Earthquake|p2a: Slowbro
|-damage|p2a: Slowbro|56/100
|move|p2a: Slowbro|Ice Beam|p1a: Gliscor
|-supereffective|p1a: Gliscor
|-damage|p1a: Gliscor|0 fnt
|faint|p1a: Gliscor
|
|-weather|Sandstorm|[upkeep]
|-damage|p2a: Slowbro|49/100|[from] Sandstorm
|upkeep
|
|t:|1705432666
|switch|p1a: Alakazam|Alakazam, M|81/100
|turn|43
|
|t:|1705432672
|switch|p2a: Clefable|Clefable, F|100/100
|move|p1a: Alakazam|Grass Knot|p2a: Clefable
|-damage|p2a: Clefable|87/100
|
|-weather|Sandstorm|[upkeep]
|-heal|p2a: Clefable|93/100|[from] item: Leftovers
|upkeep
|turn|44
|
|t:|1705432675
|switch|p1a: Latios|Latios, M|76/100
|-damage|p1a: Latios|64/100|[from] Stealth Rock
|move|p2a: Clefable|Soft-Boiled|p2a: Clefable
|-heal|p2a: Clefable|100/100
|
|-weather|Sandstorm|[upkeep]
|-damage|p1a: Latios|58/100|[from] Sandstorm
|upkeep
|turn|45
|
|t:|1705432684
|move|p1a: Latios|Surf|p2a: Clefable
|-damage|p2a: Clefable|77/100
|move|p2a: Clefable|Seismic Toss|p1a: Latios
|-damage|p1a: Latios|25/100
|
|-weather|Sandstorm|[upkeep]
|-damage|p1a: Latios|19/100|[from] Sandstorm
|-heal|p2a: Clefable|83/100|[from] item: Leftovers
|upkeep
|turn|46
|
|t:|1705432688
|move|p1a: Latios|Recover|p1a: Latios
|-heal|p1a: Latios|69/100
|move|p2a: Clefable|Seismic Toss|p1a: Latios
|-damage|p1a: Latios|36/100
|
|-weather|Sandstorm|[upkeep]
|-damage|p1a: Latios|30/100|[from] Sandstorm
|-heal|p2a: Clefable|89/100|[from] item: Leftovers
|upkeep
|turn|47
|
|t:|1705432694
|move|p1a: Latios|Recover|p1a: Latios
|-heal|p1a: Latios|80/100
|move|p2a: Clefable|Seismic Toss|p1a: Latios
|-damage|p1a: Latios|47/100
|
|-weather|Sandstorm|[upkeep]
|-damage|p1a: Latios|41/100|[from] Sandstorm
|-heal|p2a: Clefable|95/100|[from] item: Leftovers
|upkeep
|turn|48
|
|t:|1705432702
|move|p1a: Latios|Recover|p1a: Latios
|-heal|p1a: Latios|91/100
|move|p2a: Clefable|Seismic Toss|p1a: Latios
|-damage|p1a: Latios|58/100
|
|-weather|Sandstorm|[upkeep]
|-damage|p1a: Latios|52/100|[from] Sandstorm
|-heal|p2a: Clefable|100/100|[from] item: Leftovers
|upkeep
|turn|49
|
|t:|1705432705
|move|p1a: Latios|Recover|p1a: Latios
|-heal|p1a: Latios|100/100
|move|p2a: Clefable|Seismic Toss|p1a: Latios
|-damage|p1a: Latios|67/100
|
|-weather|Sandstorm|[upkeep]
|-damage|p1a: Latios|61/100|[from] Sandstorm
|upkeep
|turn|50
|
|t:|1705432708
|move|p1a: Latios|Surf|p2a: Clefable
|-damage|p2a: Clefable|78/100
|move|p2a: Clefable|Seismic Toss|p1a: Latios
|-damage|p1a: Latios|28/100
|
|-weather|Sandstorm|[upkeep]
|-damage|p1a: Latios|22/100|[from] Sandstorm
|-heal|p2a: Clefable|84/100|[from] item: Leftovers
|upkeep
|turn|51
|
|t:|1705432713
|move|p1a: Latios|Draco Meteor|p2a: Clefable
|-crit|p2a: Clefable
|-damage|p2a: Clefable|0 fnt
|-unboost|p1a: Latios|spa|2
|faint|p2a: Clefable
|
|-weather|Sandstorm|[upkeep]
|-damage|p1a: Latios|16/100|[from] Sandstorm
|upkeep
|
|t:|1705432715
|switch|p2a: Excadrill|Excadrill, M|64/100
|turn|52
|
|t:|1705432718
|move|p1a: Latios|Surf|p2a: Excadrill
|-supereffective|p2a: Excadrill
|-damage|p2a: Excadrill|31/100
|move|p2a: Excadrill|Iron Head|p1a: Latios
|-damage|p1a: Latios|0 fnt
|faint|p1a: Latios
|
|-weather|Sandstorm|[upkeep]
|-heal|p2a: Excadrill|37/100|[from] item: Leftovers
|upkeep
|
|t:|1705432723
|switch|p1a: Alakazam|Alakazam, M|81/100
|turn|53
|
|t:|1705432728
|move|p2a: Excadrill|Protect|p2a: Excadrill
|-singleturn|p2a: Excadrill|Protect
|move|p1a: Alakazam|Focus Blast|p2a: Excadrill
|-activate|p2a: Excadrill|move: Protect
|
|-weather|Sandstorm|[upkeep]
|-heal|p2a: Excadrill|43/100|[from] item: Leftovers
|upkeep
|turn|54
|
|t:|1705432735
|switch|p2a: Slowbro|Slowbro, M|83/100
|move|p1a: Alakazam|Grass Knot|p2a: Slowbro
|-supereffective|p2a: Slowbro
|-damage|p2a: Slowbro|28/100
|
|-weather|Sandstorm|[upkeep]
|-damage|p2a: Slowbro|22/100|[from] Sandstorm
|upkeep
|turn|55
|
|t:|1705432740
|switch|p2a: Excadrill|Excadrill, M|43/100
|move|p1a: Alakazam|Grass Knot|p2a: Excadrill
|-damage|p2a: Excadrill|20/100
|
|-weather|Sandstorm|[upkeep]
|-heal|p2a: Excadrill|26/100|[from] item: Leftovers
|upkeep
|turn|56
|
|t:|1705432742
|move|p1a: Alakazam|Focus Blast|p2a: Excadrill
|-supereffective|p2a: Excadrill
|-damage|p2a: Excadrill|0 fnt
|faint|p2a: Excadrill
|
|-weather|Sandstorm|[upkeep]
|upkeep
|-message|Silly Brine forfeited.
|
|win|Ludicolion
|raw|Ludicolion's rating: 1344 &rarr; <strong>1367</strong><br />(+23 for winning)
|raw|Silly Brine's rating: 1403 &rarr; <strong>1380</strong><br />(-23 for losing)
|l|☆Silly Brine
|player|p2|
|l|☆Ludicolion
|player|p1|
