|j|☆nidiedi
|j|☆Darkortex
|t:|1724649847
|gametype|singles
|player|p1|nidiedi|102|1505
|player|p2|Darkortex|hilbert|1482
|teamsize|p1|6
|teamsize|p2|6
|gen|5
|tier|[Gen 5] OU
|rated|
|rule|Species Clause: Limit one of each Pokémon
|rule|OHKO Clause: OHKO moves are banned
|rule|Moody Clause: Moody is banned
|rule|Evasion Items Clause: Evasion items are banned
|rule|Evasion Moves Clause: Evasion moves are banned
|rule|Endless Battle Clause: Forcing endless battles is banned
|rule|HP Percentage Mod: HP is shown in percentages
|rule|Evasion Abilities Clause: Evasion abilities are banned
|rule|Sleep Moves Clause: Sleep-inducing moves are banned
|rule|Swagger Clause: Swagger is banned
|rule|Baton Pass Stat Clause: No Baton Passer may have a way to boost its stats
|clearpoke
|poke|p1|Heatran, F|item
|poke|p1|Latias, F|item
|poke|p1|Breloom, F|item
|poke|p1|Landorus-Therian, M|item
|poke|p1|Excadrill, M|item
|poke|p1|Ninetales, M|item
|poke|p2|Politoed, M|item
|poke|p2|Ferrothorn, M|item
|poke|p2|Tentacruel, F|item
|poke|p2|Latios, M|item
|poke|p2|Suicune|item
|poke|p2|Thundurus-Therian, M|item
|teampreview
|inactive|Battle timer is ON: inactive players will automatically lose when time's up. (requested by Darkortex)
|inactive|nidiedi also wants the timer to be on.
|inactive|Darkortex has 120 seconds left.
|inactive|Darkortex has 90 seconds left.
|inactive|Darkortex has 60 seconds left.
|
|t:|1724649941
|start
|switch|p1a: Landorus|Landorus-Therian, M|100/100
|switch|p2a: Latios|Latios, M|100/100
|-ability|p1a: Landorus|Intimidate|boost
|-unboost|p2a: Latios|atk|1
|turn|1
|
|t:|1724649951
|move|p2a: Latios|Trick|p1a: Landorus
|-activate|p2a: Latios|move: Trick|[of] p1a: Landorus
|-item|p1a: Landorus|Choice Scarf|[from] move: Trick
|-item|p2a: Latios|Choice Scarf|[from] move: Trick
|move|p1a: Landorus|U-turn|p2a: Latios
|-supereffective|p2a: Latios
|-damage|p2a: Latios|44/100
|
|t:|1724649968
|switch|p1a: Excadrill|Excadrill, M|100/100|[from] U-turn
|-ability|p1a: Excadrill|Mold Breaker
|
|upkeep
|turn|2
|
|t:|1724649976
|switch|p2a: Thundurus|Thundurus-Therian, M|100/100
|move|p1a: Excadrill|Stealth Rock|p2a: Thundurus
|-sidestart|p2: Darkortex|move: Stealth Rock
|
|upkeep
|turn|3
|
|t:|1724649988
|switch|p1a: Latias|Latias, F|100/100
|move|p2a: Thundurus|Hidden Power|p1a: Latias
|-supereffective|p1a: Latias
|-damage|p1a: Latias|53/100
|
|-heal|p1a: Latias|59/100|[from] item: Leftovers
|upkeep
|turn|4
|
|t:|1724650002
|switch|p2a: Tentacruel|Tentacruel, F|100/100
|-damage|p2a: Tentacruel|88/100|[from] Stealth Rock
|move|p1a: Latias|Ice Beam|p2a: Tentacruel
|-resisted|p2a: Tentacruel
|-damage|p2a: Tentacruel|77/100
|
|-heal|p1a: Latias|65/100|[from] item: Leftovers
|-heal|p2a: Tentacruel|83/100|[from] item: Black Sludge
|upkeep
|turn|5
|
|t:|1724650010
|move|p1a: Latias|Psychic|p2a: Tentacruel
|-supereffective|p2a: Tentacruel
|-damage|p2a: Tentacruel|15/100
|move|p2a: Tentacruel|Rapid Spin|p1a: Latias
|-damage|p1a: Latias|61/100
|-sideend|p2: Darkortex|Stealth Rock|[from] move: Rapid Spin|[of] p2a: Tentacruel
|
|-heal|p1a: Latias|67/100|[from] item: Leftovers
|-heal|p2a: Tentacruel|21/100|[from] item: Black Sludge
|upkeep
|turn|6
|
|t:|1724650027
|switch|p2a: Ferrothorn|Ferrothorn, M|100/100
|move|p1a: Latias|Hidden Power|p2a: Ferrothorn
|-supereffective|p2a: Ferrothorn
|-damage|p2a: Ferrothorn|47/100
|
|-heal|p1a: Latias|73/100|[from] item: Leftovers
|-heal|p2a: Ferrothorn|53/100|[from] item: Leftovers
|upkeep
|turn|7
|inactive|Darkortex has 120 seconds left.
|inactive|Darkortex has 90 seconds left.
|
|t:|1724650092
|switch|p2a: Politoed|Politoed, M|100/100
|-weather|RainDance|[from] ability: Drizzle|[of] p2a: Politoed
|move|p1a: Latias|Hidden Power|p2a: Politoed
|-resisted|p2a: Politoed
|-damage|p2a: Politoed|97/100
|
|-weather|RainDance|[upkeep]
|-heal|p1a: Latias|80/100|[from] item: Leftovers
|-heal|p2a: Politoed|100/100|[from] item: Leftovers
|upkeep
|turn|8
|inactive|Darkortex has 90 seconds left.
|
|t:|1724650103
|switch|p1a: Ninetales|Ninetales, M|100/100
|-weather|SunnyDay|[from] ability: Drought|[of] p1a: Ninetales
|switch|p2a: Tentacruel|Tentacruel, F|21/100
|
|-weather|SunnyDay|[upkeep]
|-heal|p2a: Tentacruel|27/100|[from] item: Black Sludge
|upkeep
|turn|9
|
|t:|1724650121
|move|p2a: Tentacruel|Toxic|p1a: Ninetales
|-status|p1a: Ninetales|tox
|move|p1a: Ninetales|Flamethrower|p2a: Tentacruel
|-resisted|p2a: Tentacruel
|-damage|p2a: Tentacruel|10/100
|
|-weather|SunnyDay|[upkeep]
|-heal|p2a: Tentacruel|16/100|[from] item: Black Sludge
|-damage|p1a: Ninetales|94/100 tox|[from] psn
|upkeep
|turn|10
|
|t:|1724650136
|switch|p1a: Excadrill|Excadrill, M|100/100
|-ability|p1a: Excadrill|Mold Breaker
|move|p2a: Tentacruel|Protect||[still]
|-fail|p2a: Tentacruel
|
|-weather|SunnyDay|[upkeep]
|-heal|p2a: Tentacruel|22/100|[from] item: Black Sludge
|upkeep
|turn|11
|
|t:|1724650140
|switch|p2a: Politoed|Politoed, M|100/100
|-weather|RainDance|[from] ability: Drizzle|[of] p2a: Politoed
|move|p1a: Excadrill|Stealth Rock|p2a: Politoed
|-sidestart|p2: Darkortex|move: Stealth Rock
|
|-weather|RainDance|[upkeep]
|upkeep
|turn|12
|
|t:|1724650144
|switch|p1a: Ninetales|Ninetales, M|94/100 tox
|-weather|SunnyDay|[from] ability: Drought|[of] p1a: Ninetales
|move|p2a: Politoed|Scald|p1a: Ninetales
|-supereffective|p1a: Ninetales
|-damage|p1a: Ninetales|70/100 tox
|-enditem|p1a: Ninetales|Eject Button
|
|t:|1724650153
|switch|p1a: Breloom|Breloom, F|100/100
|
|-weather|SunnyDay|[upkeep]
|-status|p1a: Breloom|tox|[from] item: Toxic Orb
|upkeep
|turn|13
|
|t:|1724650164
|move|p2a: Politoed|Encore||[still]
|-fail|p2a: Politoed
|move|p1a: Breloom|Substitute|p1a: Breloom
|-start|p1a: Breloom|Substitute
|-damage|p1a: Breloom|75/100 tox
|
|-weather|SunnyDay|[upkeep]
|-heal|p1a: Breloom|88/100 tox|[from] ability: Poison Heal
|upkeep
|turn|14
|
|t:|1724650172
|-singleturn|p1a: Breloom|move: Focus Punch
|move|p2a: Politoed|Encore|p1a: Breloom
|-start|p1a: Breloom|Encore
|move|p1a: Breloom|Substitute|p1a: Breloom
|-fail|p1a: Breloom|move: Substitute
|
|-weather|SunnyDay|[upkeep]
|-heal|p1a: Breloom|100/100 tox|[from] ability: Poison Heal
|upkeep
|turn|15
|
|t:|1724650181
|switch|p2a: Tentacruel|Tentacruel, F|22/100
|-damage|p2a: Tentacruel|10/100|[from] Stealth Rock
|move|p1a: Breloom|Substitute|p1a: Breloom
|-fail|p1a: Breloom|move: Substitute
|
|-weather|SunnyDay|[upkeep]
|-heal|p2a: Tentacruel|16/100|[from] item: Black Sludge
|upkeep
|turn|16
|
|t:|1724650186
|move|p2a: Tentacruel|Rapid Spin|p1a: Breloom
|-activate|p1a: Breloom|Substitute|[damage]
|-sideend|p2: Darkortex|Stealth Rock|[from] move: Rapid Spin|[of] p2a: Tentacruel
|move|p1a: Breloom|Substitute|p1a: Breloom
|-fail|p1a: Breloom|move: Substitute
|
|-weather|SunnyDay|[upkeep]
|-heal|p2a: Tentacruel|22/100|[from] item: Black Sludge
|-end|p1a: Breloom|Encore
|upkeep
|turn|17
|
|t:|1724650198
|switch|p2a: Politoed|Politoed, M|100/100
|-weather|RainDance|[from] ability: Drizzle|[of] p2a: Politoed
|-singleturn|p1a: Breloom|move: Focus Punch
|move|p1a: Breloom|Focus Punch|p2a: Politoed
|-damage|p2a: Politoed|15/100
|
|-weather|RainDance|[upkeep]
|-heal|p2a: Politoed|22/100|[from] item: Leftovers
|upkeep
|turn|18
|
|t:|1724650207
|-singleturn|p1a: Breloom|move: Focus Punch
|move|p2a: Politoed|Protect|p2a: Politoed
|-singleturn|p2a: Politoed|Protect
|move|p1a: Breloom|Focus Punch|p2a: Politoed
|-activate|p2a: Politoed|move: Protect
|
|-weather|RainDance|[upkeep]
|-heal|p2a: Politoed|28/100|[from] item: Leftovers
|upkeep
|turn|19
|
|t:|1724650211
|switch|p2a: Suicune|Suicune|100/100
|-ability|p2a: Suicune|Pressure
|-singleturn|p1a: Breloom|move: Focus Punch
|move|p1a: Breloom|Focus Punch|p2a: Suicune
|-damage|p2a: Suicune|34/100
|
|-weather|RainDance|[upkeep]
|-heal|p2a: Suicune|40/100|[from] item: Leftovers
|upkeep
|turn|20
|-message|Darkortex forfeited.
|
|win|nidiedi
|raw|nidiedi's rating: 1505 &rarr; <strong>1525</strong><br />(+20 for winning)
|raw|Darkortex's rating: 1498 &rarr; <strong>1478</strong><br />(-20 for losing)
|l|☆Darkortex
|player|p2|
