|join|AstraFiero418
|join|dtw
|player|p1|AstraFiero418|34
|player|p2|dtw|1
|gametype|singles
|gen|5
|tier|[Gen 5] OU
|rated
|rule|Evasion Abilities Clause: Evasion abilities are banned
|clearpoke
|poke|p1|Aerodactyl, M
|poke|p1|Abomasnow, M
|poke|p1|Kyurem
|poke|p1|Tentacruel, F
|poke|p1|Bisharp, F
|poke|p1|Breloom, M
|poke|p2|Tyranitar, F
|poke|p2|Breloom, F
|poke|p2|Skarmory, F
|poke|p2|Gengar, M
|poke|p2|Gothitelle, M
|poke|p2|Staraptor, M
|rule|Sleep Clause Mod: Limit one foe put to sleep
|rule|Species Clause: Limit one of each Pokemon
|rule|OHKO Clause: OHKO moves are banned
|rule|Moody Clause: Moody is banned
|rule|Evasion Moves Clause: Evasion moves are banned
|rule|Endless Battle Clause: Forcing endless battles is banned.
|rule|HP Percentage Mod: HP is reported as percentages
|teampreview
|
|start
|switch|p1a: Aerodactyl|Aerodactyl, M|301/301
|switch|p2a: Breloom|Breloom, F|261/261
|-ability|p1a: Aerodactyl|Unnerve|p2: dtw
|turn|1
|
|move|p1a: Aerodactyl|Stealth Rock|p2a: Breloom
|-sidestart|p2: dtw|move: Stealth Rock
|move|p2a: Breloom|Bullet Seed|p1a: Aerodactyl
|-damage|p1a: Aerodactyl|184/301
|-damage|p1a: Aerodactyl|67/301
|-damage|p1a: Aerodactyl|0 fnt
|-hitcount|p1a: Aerodactyl|3
|faint|p1a: Aerodactyl
|
|
|switch|p1a: Breloom|Breloom, M|262/262
|turn|2
|
|move|p2a: Breloom|Spore|p1a: Breloom
|-status|p1a: Breloom|slp
|cant|p1a: Breloom|slp
|
|turn|3
|
|switch|p1a: Tentacruel|Tentacruel, F|301/301
|move|p2a: Breloom|Low Sweep|p1a: Tentacruel
|-resisted|p1a: Tentacruel
|-damage|p1a: Tentacruel|186/301
|-unboost|p1a: Tentacruel|spe|1
|
|-heal|p1a: Tentacruel|204/301|[from] item: Black Sludge
|turn|4
|
|move|p2a: Breloom|Bullet Seed|p1a: Tentacruel
|-damage|p1a: Tentacruel|102/301
|-damage|p1a: Tentacruel|0 fnt
|-hitcount|p1a: Tentacruel|2
|faint|p1a: Tentacruel
|
|
|switch|p1a: Abomasnow|Abomasnow, M|321/321
|-weather|Hail|[from] ability: Snow Warning|[of] p1a: Abomasnow
|turn|5
|
|move|p1a: Abomasnow|Ice Shard|p2a: Breloom
|-supereffective|p2a: Breloom
|-damage|p2a: Breloom|79/261
|move|p2a: Breloom|Low Sweep|p1a: Abomasnow
|-supereffective|p1a: Abomasnow
|-damage|p1a: Abomasnow|0 fnt
|faint|p1a: Abomasnow
|
|-weather|Hail|[upkeep]
|-damage|p2a: Breloom|63/261|[from] hail
|
|switch|p1a: Kyurem|Kyurem|391/391
|-ability|p1a: Kyurem|Pressure
|turn|6
|
|move|p2a: Breloom|Mach Punch|p1a: Kyurem
|-supereffective|p1a: Kyurem
|-damage|p1a: Kyurem|133/391
|move|p1a: Kyurem|Focus Blast|p2a: Breloom|[miss]
|-miss|p1a: Kyurem|p2a: Breloom
|
|-weather|Hail|[upkeep]
|-damage|p2a: Breloom|47/261|[from] hail
|turn|7
|
|move|p2a: Breloom|Mach Punch|p1a: Kyurem
|-supereffective|p1a: Kyurem
|-damage|p1a: Kyurem|0 fnt
|faint|p1a: Kyurem
|
|-weather|Hail|[upkeep]
|-damage|p2a: Breloom|31/261|[from] hail
|
|switch|p1a: Breloom|Breloom, M|262/262 slp
|turn|8
|
|cant|p1a: Breloom|slp
|move|p2a: Breloom|Low Sweep|p1a: Breloom
|-damage|p1a: Breloom|49/262 slp
|-unboost|p1a: Breloom|spe|1
|
|-weather|Hail|[upkeep]
|-damage|p2a: Breloom|15/261|[from] hail
|-damage|p1a: Breloom|33/262 slp|[from] hail
|turn|9
|
|move|p2a: Breloom|Mach Punch|p1a: Breloom
|-damage|p1a: Breloom|0 fnt
|faint|p1a: Breloom
|
|-weather|Hail|[upkeep]
|-damage|p2a: Breloom|0 fnt|[from] hail
|faint|p2a: Breloom
|
|switch|p2a: Staraptor|Staraptor, M|332/332
|-damage|p2a: Staraptor|249/332|[from] Stealth Rock
|switch|p1a: Bisharp|Bisharp, F|272/272
|turn|10
|
|move|p1a: Bisharp|Sucker Punch|p2a: Staraptor
|-damage|p2a: Staraptor|72/332
|move|p2a: Staraptor|Close Combat|p1a: Bisharp
|-crit|p1a: Bisharp
|-supereffective|p1a: Bisharp
|-damage|p1a: Bisharp|0 fnt
|-unboost|p2a: Staraptor|def|1
|-unboost|p2a: Staraptor|spd|1
|faint|p1a: Bisharp
|
|win|dtw
|raw|Ladder updating...
|raw|AstraFiero418's rating: 1422 &rarr; <strong>1397</strong><br />(-25 for losing)
|raw|dtw's rating: 1331 &rarr; <strong>1356</strong><br />(+25 for winning)
|chat|dtw|gg