|j|☆Sendoh10
|j|☆Kapolat
|player|p1|Sendoh10|163
|player|p2|Kapolat|101
|teamsize|p1|6
|teamsize|p2|6
|gametype|singles
|gen|5
|tier|[Gen 5] OU
|rated|
|rule|Sleep Clause Mod: Limit one foe put to sleep
|rule|Species Clause: Limit one of each Pokémon
|rule|OHKO Clause: OHKO moves are banned
|rule|Moody Clause: Moody is banned
|rule|Evasion Moves Clause: Evasion moves are banned
|rule|Endless Battle Clause: Forcing endless battles is banned
|rule|HP Percentage Mod: HP is shown in percentages
|rule|Evasion Abilities Clause: Evasion abilities are banned
|rule|Baton Pass Clause: Limit one Baton Passer, can't pass Spe and other stats simultaneously
|rule|Swagger Clause: Swagger is banned
|clearpoke
|poke|p1|Gastrodon, M|item
|poke|p1|Politoed, M|item
|poke|p1|Breloom, M|item
|poke|p1|Tornadus, M|item
|poke|p1|Bronzong|item
|poke|p1|Toxicroak, M|item
|poke|p2|Tyranitar, M|item
|poke|p2|Heatran, F|item
|poke|p2|Slowking, F|item
|poke|p2|Terrakion|item
|poke|p2|Landorus-Therian, M|item
|poke|p2|Latios, M|item
|teampreview
|inactive|Battle timer is ON: inactive players will automatically lose when time's up. (requested by Sendoh10)
|
|start
|switch|p1a: Bronzong|Bronzong|100/100
|switch|p2a: Landorus|Landorus-Therian, M|100/100
|-ability|p2a: Landorus|Intimidate|boost
|-unboost|p1a: Bronzong|atk|1
|turn|1
|
|move|p2a: Landorus|U-turn|p1a: Bronzong
|-damage|p1a: Bronzong|82/100
|
|switch|p2a: Slowking|Slowking, F|100/100
|move|p1a: Bronzong|Stealth Rock|p2a: Slowking
|-sidestart|p2: Kapolat|move: Stealth Rock
|
|-heal|p1a: Bronzong|88/100|[from] item: Leftovers
|upkeep
|turn|2
|
|move|p2a: Slowking|Scald|p1a: Bronzong
|-damage|p1a: Bronzong|59/100
|move|p1a: Bronzong|Toxic|p2a: Slowking
|-status|p2a: Slowking|tox
|
|-heal|p1a: Bronzong|65/100|[from] item: Leftovers
|-damage|p2a: Slowking|94/100 tox|[from] psn
|upkeep
|turn|3
|
|switch|p2a: Heatran|Heatran, F|100/100
|-damage|p2a: Heatran|88/100|[from] Stealth Rock
|-item|p2a: Heatran|Air Balloon
|switch|p1a: Gastrodon|Gastrodon, M|100/100
|
|upkeep
|turn|4
|
|move|p2a: Heatran|Stealth Rock|p1a: Gastrodon
|-sidestart|p1: Sendoh10|move: Stealth Rock
|move|p1a: Gastrodon|Surf|p2a: Heatran
|-supereffective|p2a: Heatran
|-damage|p2a: Heatran|0 fnt
|-enditem|p2a: Heatran|Air Balloon
|-damage|p1a: Gastrodon|91/100|[from] item: Life Orb
|faint|p2a: Heatran
|
|upkeep
|
|switch|p2a: Terrakion|Terrakion|100/100
|-damage|p2a: Terrakion|94/100|[from] Stealth Rock
|turn|5
|
|switch|p1a: Bronzong|Bronzong|65/100
|-damage|p1a: Bronzong|59/100|[from] Stealth Rock
|move|p2a: Terrakion|Close Combat|p1a: Bronzong
|-damage|p1a: Bronzong|0 fnt
|-unboost|p2a: Terrakion|def|1
|-unboost|p2a: Terrakion|spd|1
|faint|p1a: Bronzong
|
|upkeep
|
|switch|p1a: Politoed|Politoed, M|100/100
|-damage|p1a: Politoed|88/100|[from] Stealth Rock
|-weather|RainDance|[from] ability: Drizzle|[of] p1a: Politoed
|turn|6
|
|switch|p2a: Latios|Latios, M|100/100
|-damage|p2a: Latios|88/100|[from] Stealth Rock
|move|p1a: Politoed|Surf|p2a: Latios
|-resisted|p2a: Latios
|-damage|p2a: Latios|56/100
|
|-weather|RainDance|[upkeep]
|upkeep
|turn|7
|
|switch|p1a: Gastrodon|Gastrodon, M|91/100
|-damage|p1a: Gastrodon|84/100|[from] Stealth Rock
|move|p2a: Latios|Draco Meteor|p1a: Gastrodon
|-damage|p1a: Gastrodon|0 fnt
|-unboost|p2a: Latios|spa|2
|faint|p1a: Gastrodon
|
|-weather|RainDance|[upkeep]
|upkeep
|
|switch|p1a: Tornadus|Tornadus, M, shiny|100/100
|-damage|p1a: Tornadus|76/100|[from] Stealth Rock
|turn|8
|
|switch|p2a: Tyranitar|Tyranitar, M|100/100
|-damage|p2a: Tyranitar|88/100|[from] Stealth Rock
|-weather|Sandstorm|[from] ability: Sand Stream|[of] p2a: Tyranitar
|move|p1a: Tornadus|Focus Blast|p2a: Tyranitar
|-supereffective|p2a: Tyranitar
|-damage|p2a: Tyranitar|0 fnt
|faint|p2a: Tyranitar
|
|-weather|Sandstorm|[upkeep]
|-damage|p1a: Tornadus|70/100|[from] Sandstorm
|upkeep
|
|switch|p2a: Latios|Latios, M|56/100
|-damage|p2a: Latios|44/100|[from] Stealth Rock
|turn|9
|
|switch|p1a: Politoed|Politoed, M|88/100
|-damage|p1a: Politoed|76/100|[from] Stealth Rock
|-weather|RainDance|[from] ability: Drizzle|[of] p1a: Politoed
|move|p2a: Latios|Draco Meteor|p1a: Politoed
|-damage|p1a: Politoed|0 fnt
|-unboost|p2a: Latios|spa|2
|faint|p1a: Politoed
|
|-weather|RainDance|[upkeep]
|upkeep
|
|switch|p1a: Tornadus|Tornadus, M, shiny|70/100
|-damage|p1a: Tornadus|45/100|[from] Stealth Rock
|turn|10
|
|switch|p2a: Slowking|Slowking, F|100/100 tox
|-damage|p2a: Slowking|88/100 tox|[from] Stealth Rock
|move|p1a: Tornadus|Hurricane|p2a: Slowking
|-damage|p2a: Slowking|19/100 tox
|-start|p2a: Slowking|confusion
|
|-weather|RainDance|[upkeep]
|-heal|p2a: Slowking|25/100 tox|[from] item: Leftovers
|-damage|p2a: Slowking|19/100 tox|[from] psn
|upkeep
|turn|11
|
|move|p1a: Tornadus|Hurricane|p2a: Slowking
|-damage|p2a: Slowking|0 fnt
|faint|p2a: Slowking
|
|-weather|RainDance|[upkeep]
|upkeep
|
|switch|p2a: Landorus|Landorus-Therian, M|100/100
|-damage|p2a: Landorus|88/100|[from] Stealth Rock
|-ability|p2a: Landorus|Intimidate|boost
|-unboost|p1a: Tornadus|atk|1
|turn|12
|
|move|p2a: Landorus|Hidden Power|p1a: Tornadus
|-supereffective|p1a: Tornadus
|-damage|p1a: Tornadus|0 fnt
|faint|p1a: Tornadus
|
|-weather|RainDance|[upkeep]
|upkeep
|
|switch|p1a: Toxicroak|Toxicroak, M|100/100
|-damage|p1a: Toxicroak|94/100|[from] Stealth Rock
|turn|13
|
|switch|p2a: Terrakion|Terrakion|94/100
|-damage|p2a: Terrakion|88/100|[from] Stealth Rock
|move|p1a: Toxicroak|Swords Dance|p1a: Toxicroak
|-boost|p1a: Toxicroak|atk|2
|
|-weather|RainDance|[upkeep]
|-heal|p1a: Toxicroak|100/100|[from] ability: Dry Skin
|upkeep
|turn|14
|
|move|p2a: Terrakion|Earthquake|p1a: Toxicroak
|-supereffective|p1a: Toxicroak
|-damage|p1a: Toxicroak|0 fnt
|faint|p1a: Toxicroak
|
|-weather|RainDance|[upkeep]
|upkeep
|
|switch|p1a: Breloom|Breloom, M|100/100
|-damage|p1a: Breloom|94/100|[from] Stealth Rock
|turn|15
|
|move|p2a: Terrakion|Earthquake|p1a: Breloom
|-resisted|p1a: Breloom
|-damage|p1a: Breloom|61/100
|move|p1a: Breloom|Spore|p2a: Terrakion
|-status|p2a: Terrakion|slp
|
|-weather|RainDance|[upkeep]
|-status|p1a: Breloom|tox|[from] item: Toxic Orb
|upkeep
|turn|16
|
|switch|p2a: Latios|Latios, M|44/100
|-damage|p2a: Latios|32/100|[from] Stealth Rock
|move|p1a: Breloom|Bulk Up|p1a: Breloom
|-boost|p1a: Breloom|atk|1
|-boost|p1a: Breloom|def|1
|
|-weather|RainDance|[upkeep]
|-heal|p1a: Breloom|74/100 tox|[from] ability: Poison Heal
|upkeep
|turn|17
|
|move|p2a: Latios|Draco Meteor|p1a: Breloom
|-damage|p1a: Breloom|0 fnt
|-unboost|p2a: Latios|spa|2
|faint|p1a: Breloom
|
|win|Kapolat
|l|☆Sendoh10
|raw|Sendoh10's rating: 1368 &rarr; <strong>1357</strong><br />(-11 for losing)
|raw|Kapolat's rating: 1536 &rarr; <strong>1547</strong><br />(+11 for winning)
