|j|‽Ryusen696969
|j|☆Nice Mice
|t:|1711243261
|gametype|singles
|player|p1|Ryusen696969|102|1387
|player|p2|Nice Mice|hilbert|1298
|teamsize|p1|6
|teamsize|p2|6
|gen|5
|tier|[Gen 5] OU
|rated|
|rule|Species Clause: Limit one of each Pokémon
|rule|OHKO Clause: OHKO moves are banned
|rule|Moody Clause: Moody is banned
|rule|Evasion Items Clause: Evasion items are banned
|rule|Evasion Moves Clause: Evasion moves are banned
|rule|Endless Battle Clause: Forcing endless battles is banned
|rule|HP Percentage Mod: HP is shown in percentages
|rule|Evasion Abilities Clause: Evasion abilities are banned
|rule|Sleep Moves Clause: Sleep-inducing moves are banned
|rule|Swagger Clause: Swagger is banned
|rule|Baton Pass Stat Clause: No Baton Passer may have a way to boost its stats
|clearpoke
|poke|p1|Garchomp, M|item
|poke|p1|Blissey, F|item
|poke|p1|Suicune|item
|poke|p1|Scizor, M|item
|poke|p1|Zoroark, F|item
|poke|p1|Alakazam, M|item
|poke|p2|Tyranitar, F|item
|poke|p2|Landorus-Therian, M|item
|poke|p2|Ferrothorn, M|item
|poke|p2|Jellicent, M|item
|poke|p2|Alakazam, F|item
|poke|p2|Reuniclus, M|item
|teampreview
|inactive|Battle timer is ON: inactive players will automatically lose when time's up. (requested by Ryusen696969)
|inactive|Nice Mice has 120 seconds left.
|
|t:|1711243296
|start
|switch|p1a: Garchomp|Garchomp, M|100/100
|switch|p2a: Ground Beef|Landorus-Therian, M|100/100
|-ability|p2a: Ground Beef|Intimidate|boost
|-unboost|p1a: Garchomp|atk|1
|turn|1
|
|t:|1711243300
|move|p2a: Ground Beef|U-turn|p1a: Garchomp
|-supereffective|p1a: Garchomp
|-damage|p1a: Garchomp|2/100
|replace|p1a: Zoroark|Zoroark, F
|-end|p1a: Zoroark|Illusion
|
|t:|1711243304
|switch|p2a: Godzilla|Tyranitar, F|100/100|[from] U-turn
|-weather|Sandstorm|[from] ability: Sand Stream|[of] p2a: Godzilla
|move|p1a: Zoroark|Hidden Power|p2a: Godzilla
|-damage|p2a: Godzilla|91/100
|
|-weather|Sandstorm|[upkeep]
|-damage|p1a: Zoroark|0 fnt|[from] Sandstorm
|faint|p1a: Zoroark
|upkeep
|
|t:|1711243309
|switch|p1a: Scizor|Scizor, M|100/100
|turn|2
|
|t:|1711243317
|move|p1a: Scizor|U-turn|p2a: Godzilla
|-supereffective|p2a: Godzilla
|-damage|p2a: Godzilla|17/100
|-activate|p1a: Scizor|move: Pursuit
|move|p2a: Godzilla|Pursuit|p1a: Scizor|[from]Pursuit
|-resisted|p1a: Scizor
|-damage|p1a: Scizor|78/100
|
|t:|1711243325
|switch|p1a: Suicune|Suicune, shiny|100/100|[from] U-turn
|-ability|p1a: Suicune|Pressure
|
|-weather|Sandstorm|[upkeep]
|-damage|p1a: Suicune|94/100|[from] Sandstorm
|-heal|p1a: Suicune|100/100|[from] item: Leftovers
|upkeep
|turn|3
|
|t:|1711243334
|switch|p2a: Prick(ly cactus)|Ferrothorn, M|100/100
|move|p1a: Suicune|Surf|p2a: Prick(ly cactus)
|-resisted|p2a: Prick(ly cactus)
|-damage|p2a: Prick(ly cactus)|89/100
|
|-weather|Sandstorm|[upkeep]
|-damage|p1a: Suicune|94/100|[from] Sandstorm
|-heal|p1a: Suicune|100/100|[from] item: Leftovers
|-heal|p2a: Prick(ly cactus)|95/100|[from] item: Leftovers
|upkeep
|turn|4
|
|t:|1711243340
|switch|p1a: Blissey|Blissey, F|100/100
|move|p2a: Prick(ly cactus)|Leech Seed|p1a: Blissey
|-start|p1a: Blissey|move: Leech Seed
|
|-weather|Sandstorm|[upkeep]
|-damage|p1a: Blissey|94/100|[from] Sandstorm
|-heal|p2a: Prick(ly cactus)|100/100|[from] item: Leftovers
|-damage|p1a: Blissey|82/100|[from] Leech Seed|[of] p2a: Prick(ly cactus)
|upkeep
|turn|5
|
|t:|1711243349
|switch|p1a: Alakazam|Alakazam, M|100/100
|move|p2a: Prick(ly cactus)|Spikes|p1a: Alakazam
|-sidestart|p1: Ryusen696969|Spikes
|
|-weather|Sandstorm|[upkeep]
|upkeep
|turn|6
|
|t:|1711243355
|move|p2a: Prick(ly cactus)|Protect|p2a: Prick(ly cactus)
|-singleturn|p2a: Prick(ly cactus)|Protect
|move|p1a: Alakazam|Focus Blast|p2a: Prick(ly cactus)
|-activate|p2a: Prick(ly cactus)|move: Protect
|
|-weather|Sandstorm|[upkeep]
|upkeep
|turn|7
|
|t:|1711243362
|switch|p2a: Pringles Guy|Jellicent, M|100/100
|move|p1a: Alakazam|Focus Blast|p2a: Pringles Guy
|-immune|p2a: Pringles Guy
|
|-weather|Sandstorm|[upkeep]
|-damage|p2a: Pringles Guy|94/100|[from] Sandstorm
|-heal|p2a: Pringles Guy|100/100|[from] item: Leftovers
|upkeep
|turn|8
|
|t:|1711243366
|move|p1a: Alakazam|Shadow Ball|p2a: Pringles Guy
|-supereffective|p2a: Pringles Guy
|-damage|p2a: Pringles Guy|49/100
|move|p2a: Pringles Guy|Scald|p1a: Alakazam
|-damage|p1a: Alakazam|65/100
|
|-weather|Sandstorm|[upkeep]
|-damage|p2a: Pringles Guy|43/100|[from] Sandstorm
|-heal|p2a: Pringles Guy|49/100|[from] item: Leftovers
|upkeep
|turn|9
|
|t:|1711243381
|move|p1a: Alakazam|Psychic|p2a: Pringles Guy
|-damage|p2a: Pringles Guy|9/100
|move|p2a: Pringles Guy|Recover|p2a: Pringles Guy
|-heal|p2a: Pringles Guy|59/100
|
|-weather|Sandstorm|[upkeep]
|-damage|p2a: Pringles Guy|53/100|[from] Sandstorm
|-heal|p2a: Pringles Guy|59/100|[from] item: Leftovers
|upkeep
|turn|10
|
|t:|1711243389
|move|p1a: Alakazam|Shadow Ball|p2a: Pringles Guy
|-supereffective|p2a: Pringles Guy
|-crit|p2a: Pringles Guy
|-damage|p2a: Pringles Guy|0 fnt
|faint|p2a: Pringles Guy
|
|-weather|Sandstorm|[upkeep]
|upkeep
|
|t:|1711243396
|switch|p2a: Ground Beef|Landorus-Therian, M|100/100
|-ability|p2a: Ground Beef|Intimidate|boost
|-unboost|p1a: Alakazam|atk|1
|turn|11
|
|t:|1711243401
|switch|p1a: Suicune|Suicune, shiny|100/100
|-damage|p1a: Suicune|88/100|[from] Spikes
|-ability|p1a: Suicune|Pressure
|move|p2a: Ground Beef|U-turn|p1a: Suicune
|-damage|p1a: Suicune|72/100
|
|t:|1711243411
|switch|p2a: Prick(ly cactus)|Ferrothorn, M|100/100|[from] U-turn
|
|-weather|Sandstorm|[upkeep]
|-damage|p1a: Suicune|66/100|[from] Sandstorm
|-heal|p1a: Suicune|72/100|[from] item: Leftovers
|upkeep
|turn|12
|
|t:|1711243415
|switch|p1a: Alakazam|Alakazam, M|65/100
|move|p2a: Prick(ly cactus)|Gyro Ball|p1a: Alakazam
|-damage|p1a: Alakazam|0 fnt
|faint|p1a: Alakazam
|
|-weather|Sandstorm|[upkeep]
|upkeep
|
|t:|1711243419
|switch|p1a: Blissey|Blissey, F|82/100
|-damage|p1a: Blissey|69/100|[from] Spikes
|turn|13
|
|t:|1711243425
|move|p1a: Blissey|Flamethrower|p2a: Prick(ly cactus)
|-supereffective|p2a: Prick(ly cactus)
|-damage|p2a: Prick(ly cactus)|32/100
|move|p2a: Prick(ly cactus)|Leech Seed|p1a: Blissey
|-start|p1a: Blissey|move: Leech Seed
|
|-weather|Sandstorm|[upkeep]
|-damage|p1a: Blissey|63/100|[from] Sandstorm
|-heal|p2a: Prick(ly cactus)|39/100|[from] item: Leftovers
|-damage|p1a: Blissey|51/100|[from] Leech Seed|[of] p2a: Prick(ly cactus)
|-heal|p2a: Prick(ly cactus)|64/100|[silent]
|upkeep
|turn|14
|
|t:|1711243433
|move|p2a: Prick(ly cactus)|Protect|p2a: Prick(ly cactus)
|-singleturn|p2a: Prick(ly cactus)|Protect
|move|p1a: Blissey|Flamethrower|p2a: Prick(ly cactus)
|-activate|p2a: Prick(ly cactus)|move: Protect
|
|-weather|Sandstorm|[upkeep]
|-damage|p1a: Blissey|45/100|[from] Sandstorm
|-heal|p2a: Prick(ly cactus)|70/100|[from] item: Leftovers
|-damage|p1a: Blissey|32/100|[from] Leech Seed|[of] p2a: Prick(ly cactus)
|-heal|p2a: Prick(ly cactus)|95/100|[silent]
|upkeep
|turn|15
|
|t:|1711243443
|switch|p1a: Garchomp|Garchomp, M|100/100
|-damage|p1a: Garchomp|88/100|[from] Spikes
|move|p2a: Prick(ly cactus)|Spikes|p1a: Garchomp
|-sidestart|p1: Ryusen696969|Spikes
|
|-weather|Sandstorm|[upkeep]
|-heal|p2a: Prick(ly cactus)|100/100|[from] item: Leftovers
|upkeep
|turn|16
|
|t:|1711243449
|move|p1a: Garchomp|Fire Blast|p2a: Prick(ly cactus)|[miss]
|-miss|p1a: Garchomp|p2a: Prick(ly cactus)
|move|p2a: Prick(ly cactus)|Leech Seed|p1a: Garchomp
|-start|p1a: Garchomp|move: Leech Seed
|
|-weather|Sandstorm|[upkeep]
|-damage|p1a: Garchomp|76/100|[from] Leech Seed|[of] p2a: Prick(ly cactus)
|upkeep
|turn|17
|
|t:|1711243460
|switch|p1a: Scizor|Scizor, M|78/100
|-damage|p1a: Scizor|62/100|[from] Spikes
|move|p2a: Prick(ly cactus)|Protect||[still]
|-fail|p2a: Prick(ly cactus)
|
|-weather|Sandstorm|[upkeep]
|upkeep
|turn|18
|-message|Ryusen696969 forfeited.
|
|win|Nice Mice
|raw|Ryusen696969's rating: 1387 &rarr; <strong>1362</strong><br />(-25 for losing)
|raw|Nice Mice's rating: 1298 &rarr; <strong>1329</strong><br />(+31 for winning)
|l|‽Ryusen696969
|player|p1|
