|j|☆cdrgcde
|j|☆wisewailmer
|t:|1744560864
|gametype|singles
|player|p1|cdrgcde|hilbert|1296
|player|p2|wisewailmer|bugcatcher-gen4dp|1312
|teamsize|p1|6
|teamsize|p2|6
|gen|5
|tier|[Gen 5] OU
|rated|
|rule|Species Clause: Limit one of each Pokémon
|rule|OHKO Clause: OHKO moves are banned
|rule|Moody Clause: Moody is banned
|rule|Evasion Items Clause: Evasion items are banned
|rule|Evasion Moves Clause: Evasion moves are banned
|rule|Endless Battle Clause: Forcing endless battles is banned
|rule|HP Percentage Mod: HP is shown in percentages
|rule|Evasion Abilities Clause: Evasion abilities are banned
|rule|Sleep Moves Clause: Sleep-inducing moves are banned
|rule|Swagger Clause: Swagger is banned
|rule|Baton Pass Stat Clause: No Baton Passer may have a way to boost its stats
|clearpoke
|poke|p1|Abomasnow, F|item
|poke|p1|Garchomp, F|item
|poke|p1|Dragonite, M|item
|poke|p1|Jirachi|item
|poke|p1|Starmie|item
|poke|p1|Kyurem-Black|item
|poke|p2|Politoed, M|item
|poke|p2|Toxicroak, F|item
|poke|p2|Latios, M|item
|poke|p2|Jirachi|item
|poke|p2|Dragonite, M|item
|poke|p2|Tentacruel, F|item
|teampreview
|inactive|Battle timer is ON: inactive players will automatically lose when time's up. (requested by cdrgcde)
|
|t:|1744560875
|start
|switch|p1a: Kyurem|Kyurem-Black|100/100
|switch|p2a: Jirachi|Jirachi|100/100
|-ability|p1a: Kyurem|Teravolt
|turn|1
|
|t:|1744560883
|move|p2a: Jirachi|Iron Head|p1a: Kyurem
|-supereffective|p1a: Kyurem
|-damage|p1a: Kyurem|44/100
|move|p1a: Kyurem|Outrage|p2a: Jirachi
|-resisted|p2a: Jirachi
|-damage|p2a: Jirachi|35/100
|
|upkeep
|turn|2
|
|t:|1744560887
|move|p2a: Jirachi|Iron Head|p1a: Kyurem
|-supereffective|p1a: Kyurem
|-damage|p1a: Kyurem|0 fnt
|faint|p1a: Kyurem
|
|upkeep
|
|t:|1744560891
|switch|p1a: Garchomp|Garchomp, F|100/100
|turn|3
|
|t:|1744560898
|switch|p2a: Politoed|Politoed, M|100/100
|-weather|RainDance|[from] ability: Drizzle|[of] p2a: Politoed
|move|p1a: Garchomp|Stealth Rock|p2a: Politoed
|-sidestart|p2: wisewailmer|move: Stealth Rock
|
|-weather|RainDance|[upkeep]
|upkeep
|turn|4
|
|t:|1744560906
|move|p1a: Garchomp|Swords Dance|p1a: Garchomp
|-boost|p1a: Garchomp|atk|2
|move|p2a: Politoed|Scald|p1a: Garchomp
|-damage|p1a: Garchomp|44/100
|
|-weather|RainDance|[upkeep]
|upkeep
|turn|5
|
|t:|1744560923
|switch|p2a: Toxicroak|Toxicroak, F|100/100
|-damage|p2a: Toxicroak|94/100|[from] Stealth Rock
|move|p1a: Garchomp|Outrage|p2a: Toxicroak
|-damage|p2a: Toxicroak|0 fnt
|faint|p2a: Toxicroak
|
|-weather|RainDance|[upkeep]
|upkeep
|
|t:|1744560935
|switch|p2a: Latios|Latios, M|100/100
|-damage|p2a: Latios|88/100|[from] Stealth Rock
|turn|6
|
|t:|1744560946
|move|p2a: Latios|Surf|p1a: Garchomp
|-damage|p1a: Garchomp|0 fnt
|faint|p1a: Garchomp
|
|-weather|RainDance|[upkeep]
|upkeep
|j| Avzyt
|
|t:|1744560951
|switch|p1a: Abomasnow|Abomasnow, F|100/100
|-weather|Hail|[from] ability: Snow Warning|[of] p1a: Abomasnow
|turn|7
|
|t:|1744560968
|switch|p2a: Jirachi|Jirachi|35/100
|-damage|p2a: Jirachi|29/100|[from] Stealth Rock
|move|p1a: Abomasnow|Hidden Power|p2a: Jirachi
|-supereffective|p2a: Jirachi
|-damage|p2a: Jirachi|0 fnt
|faint|p2a: Jirachi
|
|-weather|Hail|[upkeep]
|upkeep
|
|t:|1744560974
|switch|p2a: Politoed|Politoed, M|100/100
|-damage|p2a: Politoed|88/100|[from] Stealth Rock
|-weather|RainDance|[from] ability: Drizzle|[of] p2a: Politoed
|turn|8
|
|t:|1744560981
|switch|p2a: Tentacruel|Tentacruel, F|100/100
|-damage|p2a: Tentacruel|88/100|[from] Stealth Rock
|move|p1a: Abomasnow|Wood Hammer|p2a: Tentacruel
|-damage|p2a: Tentacruel|27/100
|-damage|p1a: Abomasnow|80/100|[from] Recoil
|
|-weather|RainDance|[upkeep]
|-heal|p2a: Tentacruel|33/100|[from] ability: Rain Dish
|-heal|p2a: Tentacruel|39/100|[from] item: Black Sludge
|upkeep
|turn|9
|
|t:|1744561003
|move|p2a: Tentacruel|Protect|p2a: Tentacruel
|-singleturn|p2a: Tentacruel|Protect
|move|p1a: Abomasnow|Wood Hammer|p2a: Tentacruel
|-activate|p2a: Tentacruel|move: Protect
|
|-weather|RainDance|[upkeep]
|-heal|p2a: Tentacruel|45/100|[from] ability: Rain Dish
|-heal|p2a: Tentacruel|51/100|[from] item: Black Sludge
|upkeep
|turn|10
|inactive|wisewailmer has 120 seconds left.
|
|t:|1744561021
|move|p2a: Tentacruel|Scald|p1a: Abomasnow
|-resisted|p1a: Abomasnow
|-damage|p1a: Abomasnow|58/100
|move|p1a: Abomasnow|Wood Hammer|p2a: Tentacruel
|-damage|p2a: Tentacruel|0 fnt
|faint|p2a: Tentacruel
|-damage|p1a: Abomasnow|41/100|[from] Recoil
|
|-weather|RainDance|[upkeep]
|upkeep
|inactive|wisewailmer has 120 seconds left.
|
|t:|1744561035
|switch|p2a: Latios|Latios, M|88/100
|-damage|p2a: Latios|76/100|[from] Stealth Rock
|turn|11
|inactive|wisewailmer has 120 seconds left.
|
|t:|1744561047
|switch|p1a: Starmie|Starmie|100/100
|-item|p1a: Starmie|Air Balloon
|move|p2a: Latios|Psychic|p1a: Starmie
|-resisted|p1a: Starmie
|-crit|p1a: Starmie
|-damage|p1a: Starmie|26/100
|-enditem|p1a: Starmie|Air Balloon
|
|-weather|RainDance|[upkeep]
|upkeep
|turn|12
|
|t:|1744561053
|move|p2a: Latios|Psychic|p1a: Starmie
|-resisted|p1a: Starmie
|-damage|p1a: Starmie|0 fnt
|faint|p1a: Starmie
|
|-weather|RainDance|[upkeep]
|upkeep
|
|t:|1744561059
|switch|p1a: Abomasnow|Abomasnow, F|41/100
|-weather|Hail|[from] ability: Snow Warning|[of] p1a: Abomasnow
|turn|13
|l| Avzyt
|
|t:|1744561068
|switch|p1a: Jirachi|Jirachi|100/100
|move|p2a: Latios|Psychic|p1a: Jirachi
|-resisted|p1a: Jirachi
|-damage|p1a: Jirachi|90/100
|
|-weather|Hail|[upkeep]
|-damage|p2a: Latios|70/100|[from] Hail
|-damage|p1a: Jirachi|84/100|[from] Hail
|upkeep
|turn|14
|
|t:|1744561083
|move|p2a: Latios|Psychic|p1a: Jirachi
|-resisted|p1a: Jirachi
|-damage|p1a: Jirachi|73/100
|move|p1a: Jirachi|U-turn|p2a: Latios
|-supereffective|p2a: Latios
|-damage|p2a: Latios|25/100
|
|t:|1744561086
|switch|p1a: Abomasnow|Abomasnow, F|41/100|[from] U-turn
|
|-weather|Hail|[upkeep]
|-damage|p2a: Latios|19/100|[from] Hail
|upkeep
|turn|15
|
|t:|1744561088
|move|p1a: Abomasnow|Ice Shard|p2a: Latios
|-supereffective|p2a: Latios
|-damage|p2a: Latios|0 fnt
|faint|p2a: Latios
|
|-weather|Hail|[upkeep]
|upkeep
|
|t:|1744561091
|switch|p2a: Politoed|Politoed, M|88/100
|-damage|p2a: Politoed|76/100|[from] Stealth Rock
|-weather|RainDance|[from] ability: Drizzle|[of] p2a: Politoed
|turn|16
|
|t:|1744561098
|move|p1a: Abomasnow|Wood Hammer|p2a: Politoed
|-supereffective|p2a: Politoed
|-crit|p2a: Politoed
|-damage|p2a: Politoed|0 fnt
|faint|p2a: Politoed
|-damage|p1a: Abomasnow|11/100|[from] Recoil
|
|-weather|RainDance|[upkeep]
|upkeep
|
|t:|1744561106
|switch|p2a: Dragonite|Dragonite, M|100/100
|-damage|p2a: Dragonite|76/100|[from] Stealth Rock
|turn|17
|
|t:|1744561108
|move|p2a: Dragonite|Extreme Speed|p1a: Abomasnow
|-damage|p1a: Abomasnow|0 fnt
|faint|p1a: Abomasnow
|
|-weather|RainDance|[upkeep]
|upkeep
|
|t:|1744561110
|switch|p1a: Jirachi|Jirachi|73/100
|turn|18
|
|t:|1744561117
|move|p1a: Jirachi|Ice Punch|p2a: Dragonite
|-supereffective|p2a: Dragonite
|-damage|p2a: Dragonite|0 fnt
|faint|p2a: Dragonite
|
|win|cdrgcde
|raw|cdrgcde's rating: 1296 &rarr; <strong>1322</strong><br />(+26 for winning)
|raw|wisewailmer's rating: 1312 &rarr; <strong>1291</strong><br />(-21 for losing)
|j| nightsuwu
