|j|☆narzapper
|j|☆coxiella burnetii
|player|p1|narzapper|265|1458
|player|p2|coxiella burnetii|parasollady|1322
|teamsize|p1|6
|teamsize|p2|6
|gametype|singles
|gen|5
|tier|[Gen 5] OU
|rated|
|clearpoke
|poke|p1|Tyranitar, M|item
|poke|p1|Landorus-Therian, M|item
|poke|p1|Mamoswine, M|item
|poke|p1|Magnezone|item
|poke|p1|Terrakion|item
|poke|p1|Excadrill, F|item
|poke|p2|Ninetales, F|item
|poke|p2|Landorus-Therian, M|item
|poke|p2|Volcarona, M|item
|poke|p2|Darmanitan, F|item
|poke|p2|Excadrill, F|item
|poke|p2|Victini|item
|rule|Species Clause: Limit one of each Pokémon
|rule|OHKO Clause: OHKO moves are banned
|rule|Moody Clause: Moody is banned
|rule|Evasion Moves Clause: Evasion moves are banned
|rule|Endless Battle Clause: Forcing endless battles is banned
|rule|HP Percentage Mod: HP is shown in percentages
|rule|Evasion Abilities Clause: Evasion abilities are banned
|rule|Baton Pass Clause: Limit one Baton Passer, can't pass Spe and other stats simultaneously
|rule|Sleep Clause: Sleep-inducing moves are banned
|rule|Swagger Clause: Swagger is banned
|teampreview
|inactive|Battle timer is ON: inactive players will automatically lose when time's up. (requested by coxiella burnetii)
|
|start
|switch|p1a: Mamoswine|Mamoswine, M|100/100
|switch|p2a: Darmanitan|Darmanitan, F|100/100
|turn|1
|
|switch|p1a: Tyranitar|Tyranitar, M|100/100
|-weather|Sandstorm|[from] ability: Sand Stream|[of] p1a: Tyranitar
|move|p2a: Darmanitan|Superpower|p1a: Tyranitar
|-supereffective|p1a: Tyranitar
|-damage|p1a: Tyranitar|0 fnt
|-unboost|p2a: Darmanitan|atk|1
|-unboost|p2a: Darmanitan|def|1
|faint|p1a: Tyranitar
|
|-weather|Sandstorm|[upkeep]
|-damage|p2a: Darmanitan|95/100|[from] Sandstorm
|upkeep
|inactive|narzapper has 120 seconds left.
|
|switch|p1a: Terrakion|Terrakion|100/100
|turn|2
|
|switch|p2a: Landorus|Landorus-Therian, M|100/100
|-ability|p2a: Landorus|Intimidate|boost
|-unboost|p1a: Terrakion|atk|1
|move|p1a: Terrakion|Substitute|p1a: Terrakion
|-start|p1a: Terrakion|Substitute
|-damage|p1a: Terrakion|76/100
|
|-weather|Sandstorm|[upkeep]
|-heal|p1a: Terrakion|82/100|[from] item: Leftovers
|upkeep
|turn|3
|
|move|p1a: Terrakion|Stone Edge|p2a: Landorus
|-damage|p2a: Landorus|72/100
|move|p2a: Landorus|Earthquake|p1a: Terrakion
|-supereffective|p1a: Terrakion
|-end|p1a: Terrakion|Substitute
|
|-weather|Sandstorm|[upkeep]
|-heal|p1a: Terrakion|88/100|[from] item: Leftovers
|-heal|p2a: Landorus|78/100|[from] item: Leftovers
|upkeep
|turn|4
|
|switch|p1a: Landorus|Landorus-Therian, M|100/100
|-ability|p1a: Landorus|Intimidate|boost
|-unboost|p2a: Landorus|atk|1
|move|p2a: Landorus|Stealth Rock|p1a: Landorus
|-sidestart|p1: narzapper|move: Stealth Rock
|
|-weather|Sandstorm|[upkeep]
|-heal|p2a: Landorus|84/100|[from] item: Leftovers
|upkeep
|turn|5
|
|move|p1a: Landorus|Stealth Rock|p2a: Landorus
|-sidestart|p2: coxiella burnetii|move: Stealth Rock
|move|p2a: Landorus|Hidden Power|p1a: Landorus
|-supereffective|p1a: Landorus
|-damage|p1a: Landorus|8/100
|
|-weather|Sandstorm|[upkeep]
|-heal|p1a: Landorus|14/100|[from] item: Leftovers
|-heal|p2a: Landorus|90/100|[from] item: Leftovers
|upkeep
|turn|6
|
|move|p1a: Landorus|Hidden Power|p2a: Landorus
|-supereffective|p2a: Landorus
|-damage|p2a: Landorus|15/100
|move|p2a: Landorus|U-turn|p1a: Landorus
|-resisted|p1a: Landorus
|-damage|p1a: Landorus|6/100
|
|switch|p2a: Ninetales|Ninetales, F|100/100|[from]move: U-turn
|-damage|p2a: Ninetales|76/100|[from] Stealth Rock
|-weather|SunnyDay|[from] ability: Drought|[of] p2a: Ninetales
|
|-weather|SunnyDay|[upkeep]
|-heal|p1a: Landorus|12/100|[from] item: Leftovers
|-heal|p2a: Ninetales|82/100|[from] item: Leftovers
|upkeep
|turn|7
|
|move|p1a: Landorus|Earthquake|p2a: Ninetales
|-supereffective|p2a: Ninetales
|-damage|p2a: Ninetales|0 fnt
|faint|p2a: Ninetales
|
|-weather|SunnyDay|[upkeep]
|-heal|p1a: Landorus|18/100|[from] item: Leftovers
|upkeep
|
|switch|p2a: Darmanitan|Darmanitan, F|95/100
|-damage|p2a: Darmanitan|70/100|[from] Stealth Rock
|turn|8
|
|switch|p1a: Mamoswine|Mamoswine, M|100/100
|-damage|p1a: Mamoswine|88/100|[from] Stealth Rock
|move|p2a: Darmanitan|Flare Blitz|p1a: Mamoswine
|-supereffective|p1a: Mamoswine
|-damage|p1a: Mamoswine|0 fnt
|-damage|p2a: Darmanitan|40/100|[from] Recoil
|faint|p1a: Mamoswine
|
|-weather|SunnyDay|[upkeep]
|upkeep
|
|switch|p1a: Terrakion|Terrakion|88/100
|-damage|p1a: Terrakion|82/100|[from] Stealth Rock
|turn|9
|
|move|p2a: Darmanitan|Flare Blitz|p1a: Terrakion
|-resisted|p1a: Terrakion
|-damage|p1a: Terrakion|0 fnt
|-damage|p2a: Darmanitan|15/100|[from] Recoil
|faint|p1a: Terrakion
|
|-weather|SunnyDay|[upkeep]
|upkeep
|inactive|narzapper has 120 seconds left.
|
|switch|p1a: Landorus|Landorus-Therian, M|18/100
|-damage|p1a: Landorus|6/100|[from] Stealth Rock
|-ability|p1a: Landorus|Intimidate|boost
|-unboost|p2a: Darmanitan|atk|1
|turn|10
|
|move|p2a: Darmanitan|Flare Blitz|p1a: Landorus
|-damage|p1a: Landorus|0 fnt
|-damage|p2a: Darmanitan|14/100|[from] Recoil
|faint|p1a: Landorus
|
|-weather|SunnyDay|[upkeep]
|upkeep
|inactive|narzapper has 120 seconds left.
|
|switch|p1a: Magnezone|Magnezone|100/100
|-damage|p1a: Magnezone|94/100|[from] Stealth Rock
|turn|11
|
|move|p2a: Darmanitan|Flare Blitz|p1a: Magnezone
|-supereffective|p1a: Magnezone
|-crit|p1a: Magnezone
|-damage|p1a: Magnezone|0 fnt
|-damage|p2a: Darmanitan|0 fnt|[from] Recoil
|faint|p1a: Magnezone
|faint|p2a: Darmanitan
|
|-weather|SunnyDay|[upkeep]
|upkeep
|
|switch|p2a: Landorus|Landorus-Therian, M|15/100
|switch|p1a: Excadrill|Excadrill, F|100/100
|-damage|p1a: Excadrill|97/100|[from] Stealth Rock
|-damage|p2a: Landorus|3/100|[from] Stealth Rock
|-ability|p2a: Landorus|Intimidate|boost
|-unboost|p1a: Excadrill|atk|1
|turn|12
|
|move|p1a: Excadrill|Rock Slide|p2a: Landorus
|-damage|p2a: Landorus|0 fnt
|faint|p2a: Landorus
|
|-weather|SunnyDay|[upkeep]
|upkeep
|
|switch|p2a: Excadrill|Excadrill, F|100/100
|-damage|p2a: Excadrill|98/100|[from] Stealth Rock
|-ability|p2a: Excadrill|Mold Breaker
|turn|13
|
|move|p1a: Excadrill|Earthquake|p2a: Excadrill
|-supereffective|p2a: Excadrill
|-damage|p2a: Excadrill|0 fnt
|faint|p2a: Excadrill
|
|-weather|SunnyDay|[upkeep]
|upkeep
|
|switch|p2a: Victini|Victini|100/100
|-damage|p2a: Victini|76/100|[from] Stealth Rock
|turn|14
|
|move|p2a: Victini|V-create|p1a: Excadrill
|-supereffective|p1a: Excadrill
|-damage|p1a: Excadrill|0 fnt
|-unboost|p2a: Victini|spe|1
|-unboost|p2a: Victini|def|1
|-unboost|p2a: Victini|spd|1
|faint|p1a: Excadrill
|
|win|coxiella burnetii
|l|☆narzapper
|raw|narzapper's rating: 1459 &rarr; <strong>1431</strong><br />(-28 for losing)
|raw|coxiella burnetii's rating: 1322 &rarr; <strong>1350</strong><br />(+28 for winning)
