|j|☆Blossummm
|j|☆Pineapple8081
|t:|1721257666
|gametype|singles
|player|p1|Blossummm|roxie|1410
|player|p2|Pineapple8081|veteranf|1413
|teamsize|p1|6
|teamsize|p2|6
|gen|5
|tier|[Gen 5] OU
|rated|
|rule|Species Clause: Limit one of each Pokémon
|rule|OHKO Clause: OHKO moves are banned
|rule|Moody Clause: Moody is banned
|rule|Evasion Items Clause: Evasion items are banned
|rule|Evasion Moves Clause: Evasion moves are banned
|rule|Endless Battle Clause: Forcing endless battles is banned
|rule|HP Percentage Mod: HP is shown in percentages
|rule|Evasion Abilities Clause: Evasion abilities are banned
|rule|Sleep Moves Clause: Sleep-inducing moves are banned
|rule|Swagger Clause: Swagger is banned
|rule|Baton Pass Stat Clause: No Baton Passer may have a way to boost its stats
|clearpoke
|poke|p1|Tyranitar, F|item
|poke|p1|Alakazam, F|item
|poke|p1|Latios, M|item
|poke|p1|Ferrothorn, F|item
|poke|p1|Keldeo|item
|poke|p1|Landorus-Therian, M|item
|poke|p2|Reuniclus, F|item
|poke|p2|Clefable, M|item
|poke|p2|Tyranitar, M|item
|poke|p2|Excadrill, F|item
|poke|p2|Skarmory, M|item
|poke|p2|Alakazam, F|item
|teampreview
|inactive|Battle timer is ON: inactive players will automatically lose when time's up. (requested by Pineapple8081)
|
|t:|1721257681
|start
|switch|p1a: Keldeo|Keldeo|100/100
|switch|p2a: Clefable|Clefable, M|100/100
|turn|1
|
|t:|1721257686
|move|p1a: Keldeo|Taunt|p2a: Clefable
|-start|p2a: Clefable|move: Taunt
|cant|p2a: Clefable|move: Taunt|Stealth Rock
|
|upkeep
|turn|2
|
|t:|1721257695
|switch|p2a: Reuniclus|Reuniclus, F|100/100
|move|p1a: Keldeo|Secret Sword|p2a: Reuniclus
|-resisted|p2a: Reuniclus
|-damage|p2a: Reuniclus|84/100
|
|-heal|p2a: Reuniclus|90/100|[from] item: Leftovers
|upkeep
|turn|3
|
|t:|1721257702
|switch|p1a: Landorus|Landorus-Therian, M|100/100
|-ability|p1a: Landorus|Intimidate|boost
|-unboost|p2a: Reuniclus|atk|1
|move|p2a: Reuniclus|Psychic|p1a: Landorus
|-damage|p1a: Landorus|51/100
|
|-heal|p1a: Landorus|57/100|[from] item: Leftovers
|-heal|p2a: Reuniclus|96/100|[from] item: Leftovers
|upkeep
|turn|4
|
|t:|1721257708
|switch|p2a: Skarmory|Skarmory, M|100/100
|move|p1a: Landorus|U-turn|p2a: Skarmory
|-resisted|p2a: Skarmory
|-damage|p2a: Skarmory|96/100
|
|t:|1721257712
|switch|p1a: Keldeo|Keldeo|100/100|[from] U-turn
|
|-heal|p2a: Skarmory|100/100|[from] item: Leftovers
|upkeep
|turn|5
|
|t:|1721257727
|switch|p2a: Reuniclus|Reuniclus, F|96/100
|move|p1a: Keldeo|Scald|p2a: Reuniclus
|-damage|p2a: Reuniclus|57/100
|
|-heal|p2a: Reuniclus|63/100|[from] item: Leftovers
|upkeep
|turn|6
|
|t:|1721257731
|switch|p1a: Tyranitar|Tyranitar, F, shiny|100/100
|-weather|Sandstorm|[from] ability: Sand Stream|[of] p1a: Tyranitar
|move|p2a: Reuniclus|Recover|p2a: Reuniclus
|-heal|p2a: Reuniclus|100/100
|
|-weather|Sandstorm|[upkeep]
|upkeep
|turn|7
|
|t:|1721257735
|switch|p2a: Skarmory|Skarmory, M|100/100
|move|p1a: Tyranitar|Crunch|p2a: Skarmory
|-resisted|p2a: Skarmory
|-damage|p2a: Skarmory|85/100
|
|-weather|Sandstorm|[upkeep]
|-heal|p2a: Skarmory|91/100|[from] item: Leftovers
|upkeep
|turn|8
|
|t:|1721257739
|switch|p1a: Keldeo|Keldeo|100/100
|move|p2a: Skarmory|Spikes|p1a: Keldeo
|-sidestart|p1: Blossummm|Spikes
|
|-weather|Sandstorm|[upkeep]
|-damage|p1a: Keldeo|94/100|[from] Sandstorm
|-heal|p1a: Keldeo|100/100|[from] item: Leftovers
|-heal|p2a: Skarmory|97/100|[from] item: Leftovers
|upkeep
|turn|9
|
|t:|1721257742
|move|p1a: Keldeo|Taunt|p2a: Skarmory
|-start|p2a: Skarmory|move: Taunt
|move|p2a: Skarmory|Brave Bird|p1a: Keldeo
|-supereffective|p1a: Keldeo
|-damage|p1a: Keldeo|21/100
|-damage|p2a: Skarmory|71/100|[from] Recoil
|
|-weather|Sandstorm|[upkeep]
|-damage|p1a: Keldeo|14/100|[from] Sandstorm
|-heal|p1a: Keldeo|21/100|[from] item: Leftovers
|-heal|p2a: Skarmory|77/100|[from] item: Leftovers
|upkeep
|turn|10
|
|t:|1721257748
|move|p1a: Keldeo|Scald|p2a: Skarmory
|-damage|p2a: Skarmory|37/100
|move|p2a: Skarmory|Brave Bird|p1a: Keldeo
|-supereffective|p1a: Keldeo
|-damage|p1a: Keldeo|0 fnt
|faint|p1a: Keldeo
|-damage|p2a: Skarmory|30/100|[from] Recoil
|
|-weather|Sandstorm|[upkeep]
|-heal|p2a: Skarmory|36/100|[from] item: Leftovers
|upkeep
|
|t:|1721257765
|switch|p1a: Landorus|Landorus-Therian, M|57/100
|-ability|p1a: Landorus|Intimidate|boost
|-unboost|p2a: Skarmory|atk|1
|turn|11
|
|t:|1721257769
|switch|p2a: Clefable|Clefable, M|100/100
|move|p1a: Landorus|Stealth Rock|p2a: Clefable
|-sidestart|p2: Pineapple8081|move: Stealth Rock
|
|-weather|Sandstorm|[upkeep]
|-heal|p1a: Landorus|64/100|[from] item: Leftovers
|upkeep
|turn|12
|
|t:|1721257780
|move|p1a: Landorus|U-turn|p2a: Clefable
|-damage|p2a: Clefable|84/100
|
|t:|1721257782
|switch|p1a: Ferrothorn|Ferrothorn, F|100/100|[from] U-turn
|-damage|p1a: Ferrothorn|88/100|[from] Spikes
|move|p2a: Clefable|Stealth Rock|p1a: Ferrothorn
|-sidestart|p1: Blossummm|move: Stealth Rock
|
|-weather|Sandstorm|[upkeep]
|-heal|p2a: Clefable|90/100|[from] item: Leftovers
|upkeep
|turn|13
|
|t:|1721257796
|switch|p2a: Skarmory|Skarmory, M|36/100
|-damage|p2a: Skarmory|24/100|[from] Stealth Rock
|move|p1a: Ferrothorn|Spikes|p2a: Skarmory
|-sidestart|p2: Pineapple8081|Spikes
|
|-weather|Sandstorm|[upkeep]
|-heal|p2a: Skarmory|30/100|[from] item: Leftovers
|upkeep
|turn|14
|
|t:|1721257800
|move|p2a: Skarmory|Roost|p2a: Skarmory
|-heal|p2a: Skarmory|80/100
|-singleturn|p2a: Skarmory|move: Roost
|move|p1a: Ferrothorn|Gyro Ball|p2a: Skarmory
|-resisted|p2a: Skarmory
|-damage|p2a: Skarmory|65/100
|
|-weather|Sandstorm|[upkeep]
|-heal|p2a: Skarmory|71/100|[from] item: Leftovers
|upkeep
|turn|15
|
|t:|1721257807
|move|p2a: Skarmory|Roost|p2a: Skarmory
|-heal|p2a: Skarmory|100/100
|-singleturn|p2a: Skarmory|move: Roost
|move|p1a: Ferrothorn|Spikes|p2a: Skarmory
|-sidestart|p2: Pineapple8081|Spikes
|
|-weather|Sandstorm|[upkeep]
|upkeep
|turn|16
|
|t:|1721257812
|move|p2a: Skarmory|Spikes|p1a: Ferrothorn
|-sidestart|p1: Blossummm|Spikes
|move|p1a: Ferrothorn|Spikes|p2a: Skarmory
|-sidestart|p2: Pineapple8081|Spikes
|
|-weather|Sandstorm|[upkeep]
|upkeep
|turn|17
|
|t:|1721257815
|switch|p1a: Alakazam|Alakazam, F|100/100
|move|p2a: Skarmory|Spikes|p1a: Alakazam
|-sidestart|p1: Blossummm|Spikes
|
|-weather|Sandstorm|[upkeep]
|upkeep
|turn|18
|
|t:|1721257817
|move|p1a: Alakazam|Hidden Power|p2a: Skarmory
|-supereffective|p2a: Skarmory
|-damage|p2a: Skarmory|43/100
|move|p2a: Skarmory|Brave Bird|p1a: Alakazam
|-damage|p1a: Alakazam|20/100
|-damage|p2a: Skarmory|23/100|[from] Recoil
|
|-weather|Sandstorm|[upkeep]
|-heal|p2a: Skarmory|29/100|[from] item: Leftovers
|upkeep
|turn|19
|
|t:|1721257820
|move|p1a: Alakazam|Hidden Power|p2a: Skarmory
|-supereffective|p2a: Skarmory
|-damage|p2a: Skarmory|0 fnt
|faint|p2a: Skarmory
|
|-weather|Sandstorm|[upkeep]
|upkeep
|
|t:|1721257826
|switch|p2a: Clefable|Clefable, M|90/100
|turn|20
|
|t:|1721257831
|switch|p1a: Tyranitar|Tyranitar, F, shiny|100/100
|-damage|p1a: Tyranitar|76/100|[from] Spikes
|-damage|p1a: Tyranitar|63/100|[from] Stealth Rock
|move|p2a: Clefable|Seismic Toss|p1a: Tyranitar
|-damage|p1a: Tyranitar|38/100
|
|-weather|Sandstorm|[upkeep]
|-heal|p2a: Clefable|96/100|[from] item: Leftovers
|upkeep
|turn|21
|
|t:|1721257850
|move|p1a: Tyranitar|Crunch|p2a: Clefable
|-damage|p2a: Clefable|65/100
|move|p2a: Clefable|Thunder Wave|p1a: Tyranitar
|-status|p1a: Tyranitar|par
|
|-weather|Sandstorm|[upkeep]
|-heal|p2a: Clefable|72/100|[from] item: Leftovers
|upkeep
|turn|22
|
|t:|1721257855
|move|p2a: Clefable|Seismic Toss|p1a: Tyranitar
|-damage|p1a: Tyranitar|14/100 par
|move|p1a: Tyranitar|Crunch|p2a: Clefable
|-damage|p2a: Clefable|42/100
|
|-weather|Sandstorm|[upkeep]
|-heal|p2a: Clefable|48/100|[from] item: Leftovers
|upkeep
|turn|23
|
|t:|1721257860
|move|p2a: Clefable|Soft-Boiled|p2a: Clefable
|-heal|p2a: Clefable|98/100
|move|p1a: Tyranitar|Superpower|p2a: Clefable
|-supereffective|p2a: Clefable
|-damage|p2a: Clefable|38/100
|-unboost|p1a: Tyranitar|atk|1
|-unboost|p1a: Tyranitar|def|1
|
|-weather|Sandstorm|[upkeep]
|-heal|p2a: Clefable|44/100|[from] item: Leftovers
|upkeep
|turn|24
|
|t:|1721257864
|move|p2a: Clefable|Soft-Boiled|p2a: Clefable
|-heal|p2a: Clefable|94/100
|move|p1a: Tyranitar|Crunch|p2a: Clefable
|-damage|p2a: Clefable|71/100
|
|-weather|Sandstorm|[upkeep]
|-heal|p2a: Clefable|77/100|[from] item: Leftovers
|upkeep
|turn|25
|
|t:|1721257869
|move|p2a: Clefable|Seismic Toss|p1a: Tyranitar
|-damage|p1a: Tyranitar|0 fnt
|faint|p1a: Tyranitar
|
|-weather|Sandstorm|[upkeep]
|-heal|p2a: Clefable|83/100|[from] item: Leftovers
|upkeep
|
|t:|1721257879
|switch|p1a: Landorus|Landorus-Therian, M|64/100
|-damage|p1a: Landorus|51/100|[from] Stealth Rock
|-ability|p1a: Landorus|Intimidate|boost
|-unboost|p2a: Clefable|atk|1
|turn|26
|
|t:|1721257885
|move|p1a: Landorus|Earthquake|p2a: Clefable
|-damage|p2a: Clefable|46/100
|move|p2a: Clefable|Seismic Toss|p1a: Landorus
|-damage|p1a: Landorus|21/100
|
|-weather|Sandstorm|[upkeep]
|-heal|p1a: Landorus|28/100|[from] item: Leftovers
|-heal|p2a: Clefable|52/100|[from] item: Leftovers
|upkeep
|turn|27
|
|t:|1721257891
|move|p1a: Landorus|U-turn|p2a: Clefable
|-damage|p2a: Clefable|33/100
|
|t:|1721257893
|switch|p1a: Latios|Latios, M|100/100|[from] U-turn
|-damage|p1a: Latios|88/100|[from] Stealth Rock
|move|p2a: Clefable|Soft-Boiled|p2a: Clefable
|-heal|p2a: Clefable|83/100
|
|-weather|Sandstorm|[upkeep]
|-damage|p1a: Latios|82/100|[from] Sandstorm
|-heal|p2a: Clefable|90/100|[from] item: Leftovers
|upkeep
|turn|28
|
|t:|1721257900
|move|p1a: Latios|Draco Meteor|p2a: Clefable
|-damage|p2a: Clefable|25/100
|-unboost|p1a: Latios|spa|2
|move|p2a: Clefable|Thunder Wave|p1a: Latios
|-status|p1a: Latios|par
|
|-weather|Sandstorm|[upkeep]
|-damage|p1a: Latios|76/100 par|[from] Sandstorm
|-heal|p2a: Clefable|31/100|[from] item: Leftovers
|upkeep
|turn|29
|
|t:|1721257908
|move|p2a: Clefable|Soft-Boiled|p2a: Clefable
|-heal|p2a: Clefable|81/100
|move|p1a: Latios|Draco Meteor|p2a: Clefable
|-damage|p2a: Clefable|51/100
|-unboost|p1a: Latios|spa|2
|
|-weather|Sandstorm|[upkeep]
|-damage|p1a: Latios|70/100 par|[from] Sandstorm
|-heal|p2a: Clefable|57/100|[from] item: Leftovers
|upkeep
|turn|30
|
|t:|1721257913
|switch|p1a: Landorus|Landorus-Therian, M|28/100
|-damage|p1a: Landorus|15/100|[from] Stealth Rock
|-ability|p1a: Landorus|Intimidate|boost
|-unboost|p2a: Clefable|atk|1
|move|p2a: Clefable|Soft-Boiled|p2a: Clefable
|-heal|p2a: Clefable|100/100
|
|-weather|Sandstorm|[upkeep]
|-heal|p1a: Landorus|21/100|[from] item: Leftovers
|upkeep
|turn|31
|
|t:|1721257924
|move|p1a: Landorus|Earthquake|p2a: Clefable
|-damage|p2a: Clefable|64/100
|move|p2a: Clefable|Seismic Toss|p1a: Landorus
|-damage|p1a: Landorus|0 fnt
|faint|p1a: Landorus
|
|-weather|Sandstorm|[upkeep]
|-heal|p2a: Clefable|70/100|[from] item: Leftovers
|upkeep
|
|t:|1721257931
|switch|p1a: Latios|Latios, M|70/100 par
|-damage|p1a: Latios|58/100 par|[from] Stealth Rock
|turn|32
|
|t:|1721257935
|switch|p2a: Tyranitar|Tyranitar, M|100/100
|-damage|p2a: Tyranitar|88/100|[from] Stealth Rock
|-damage|p2a: Tyranitar|63/100|[from] Spikes
|move|p1a: Latios|Draco Meteor|p2a: Tyranitar
|-damage|p2a: Tyranitar|28/100
|-unboost|p1a: Latios|spa|2
|
|-weather|Sandstorm|[upkeep]
|-damage|p1a: Latios|52/100 par|[from] Sandstorm
|upkeep
|turn|33
|
|t:|1721257939
|move|p2a: Tyranitar|Pursuit|p1a: Latios
|-supereffective|p1a: Latios
|-damage|p1a: Latios|0 fnt
|faint|p1a: Latios
|
|-weather|Sandstorm|[upkeep]
|upkeep
|
|t:|1721257945
|switch|p1a: Alakazam|Alakazam, F|20/100
|turn|34
|
|t:|1721257947
|move|p1a: Alakazam|Grass Knot|p2a: Tyranitar
|-supereffective|p2a: Tyranitar
|-damage|p2a: Tyranitar|0 fnt
|faint|p2a: Tyranitar
|
|-weather|Sandstorm|[upkeep]
|upkeep
|
|t:|1721257952
|switch|p2a: Alakazam|Alakazam, F|100/100
|turn|35
|
|t:|1721257954
|move|p2a: Alakazam|Shadow Ball|p1a: Alakazam
|-supereffective|p1a: Alakazam
|-damage|p1a: Alakazam|0 fnt
|faint|p1a: Alakazam
|
|-weather|Sandstorm|[upkeep]
|upkeep
|
|t:|1721257956
|switch|p1a: Ferrothorn|Ferrothorn, F|88/100
|-damage|p1a: Ferrothorn|63/100|[from] Spikes
|-damage|p1a: Ferrothorn|57/100|[from] Stealth Rock
|turn|36
|
|t:|1721257965
|move|p2a: Alakazam|Hidden Power|p1a: Ferrothorn
|-supereffective|p1a: Ferrothorn
|-crit|p1a: Ferrothorn
|-damage|p1a: Ferrothorn|0 fnt
|faint|p1a: Ferrothorn
|
|win|Pineapple8081
|raw|Blossummm's rating: 1410 &rarr; <strong>1390</strong><br />(-20 for losing)
|raw|Pineapple8081's rating: 1413 &rarr; <strong>1433</strong><br />(+20 for winning)
|l|☆Blossummm
|player|p1|
