|j|☆SEUIf
|j|☆Ryusen696969
|t:|1716621671
|gametype|singles
|player|p1|SEUIf|ingo-hisui|1377
|player|p2|Ryusen696969|169|1315
|teamsize|p1|6
|teamsize|p2|6
|gen|5
|tier|[Gen 5] OU
|rated|
|rule|Species Clause: Limit one of each Pokémon
|rule|OHKO Clause: OHKO moves are banned
|rule|Moody Clause: Moody is banned
|rule|Evasion Items Clause: Evasion items are banned
|rule|Evasion Moves Clause: Evasion moves are banned
|rule|Endless Battle Clause: Forcing endless battles is banned
|rule|HP Percentage Mod: HP is shown in percentages
|rule|Evasion Abilities Clause: Evasion abilities are banned
|rule|Sleep Moves Clause: Sleep-inducing moves are banned
|rule|Swagger Clause: Swagger is banned
|rule|Baton Pass Stat Clause: No Baton Passer may have a way to boost its stats
|clearpoke
|poke|p1|Tyranitar, F|item
|poke|p1|Latios, M|item
|poke|p1|Landorus-Therian, M|item
|poke|p1|Ferrothorn, M|item
|poke|p1|Alakazam, M|item
|poke|p1|Excadrill, F|item
|poke|p2|Garchomp, M|item
|poke|p2|Blissey, F|item
|poke|p2|Suicune|item
|poke|p2|Scizor, M|item
|poke|p2|Zoroark, F|item
|poke|p2|Alakazam, F|item
|teampreview
|inactive|Battle timer is ON: inactive players will automatically lose when time's up. (requested by Ryusen696969)
|
|t:|1716621682
|start
|switch|p1a: Landorus|Landorus-Therian, M|100/100
|switch|p2a: Garchomp|Garchomp, M|100/100
|-ability|p1a: Landorus|Intimidate|boost
|-unboost|p2a: Garchomp|atk|1
|turn|1
|
|t:|1716621687
|move|p1a: Landorus|U-turn|p2a: Garchomp
|-supereffective|p2a: Garchomp
|-damage|p2a: Garchomp|19/100
|replace|p2a: Zoroark|Zoroark, F
|-end|p2a: Zoroark|Illusion
|
|t:|1716621695
|switch|p1a: Tyranitar|Tyranitar, F|100/100|[from] U-turn
|-weather|Sandstorm|[from] ability: Sand Stream|[of] p1a: Tyranitar
|move|p2a: Zoroark|Hidden Power|p1a: Tyranitar
|-damage|p1a: Tyranitar|91/100
|
|-weather|Sandstorm|[upkeep]
|-damage|p2a: Zoroark|12/100|[from] Sandstorm
|upkeep
|turn|2
|
|t:|1716621720
|move|p2a: Zoroark|Focus Blast|p1a: Tyranitar
|-supereffective|p1a: Tyranitar
|-enditem|p1a: Tyranitar|Chople Berry|[eat]
|-enditem|p1a: Tyranitar|Chople Berry|[weaken]
|-damage|p1a: Tyranitar|50/100
|move|p1a: Tyranitar|Stealth Rock|p2a: Zoroark
|-sidestart|p2: Ryusen696969|move: Stealth Rock
|
|-weather|Sandstorm|[upkeep]
|-damage|p2a: Zoroark|6/100|[from] Sandstorm
|upkeep
|turn|3
|
|t:|1716621727
|switch|p1a: Landorus|Landorus-Therian, M|100/100
|-ability|p1a: Landorus|Intimidate|boost
|-unboost|p2a: Zoroark|atk|1
|move|p2a: Zoroark|Focus Blast|p1a: Landorus
|-resisted|p1a: Landorus
|-damage|p1a: Landorus|73/100
|
|-weather|Sandstorm|[upkeep]
|-damage|p2a: Zoroark|0 fnt|[from] Sandstorm
|faint|p2a: Zoroark
|upkeep
|
|t:|1716621735
|switch|p2a: Suicune|Suicune, shiny|100/100
|-damage|p2a: Suicune|88/100|[from] Stealth Rock
|-ability|p2a: Suicune|Pressure
|turn|4
|
|t:|1716621740
|move|p1a: Landorus|U-turn|p2a: Suicune
|-damage|p2a: Suicune|74/100
|
|t:|1716621746
|switch|p1a: Ferrothorn|Ferrothorn, M|100/100|[from] U-turn
|move|p2a: Suicune|Surf|p1a: Ferrothorn
|-resisted|p1a: Ferrothorn
|-crit|p1a: Ferrothorn
|-damage|p1a: Ferrothorn|76/100
|
|-weather|Sandstorm|[upkeep]
|-damage|p2a: Suicune|67/100|[from] Sandstorm
|-heal|p2a: Suicune|74/100|[from] item: Leftovers
|-heal|p1a: Ferrothorn|82/100|[from] item: Leftovers
|upkeep
|turn|5
|
|t:|1716621751
|switch|p2a: Alakazam|Alakazam, F|100/100
|move|p1a: Ferrothorn|Knock Off|p2a: Alakazam
|-supereffective|p2a: Alakazam
|-damage|p2a: Alakazam|79/100
|-enditem|p2a: Alakazam|Life Orb|[from] move: Knock Off|[of] p1a: Ferrothorn
|
|-weather|Sandstorm|[upkeep]
|-heal|p1a: Ferrothorn|88/100|[from] item: Leftovers
|upkeep
|turn|6
|
|t:|1716621756
|move|p2a: Alakazam|Focus Blast|p1a: Ferrothorn
|-supereffective|p1a: Ferrothorn
|-damage|p1a: Ferrothorn|27/100
|move|p1a: Ferrothorn|Gyro Ball|p2a: Alakazam
|-damage|p2a: Alakazam|0 fnt
|faint|p2a: Alakazam
|
|-weather|Sandstorm|[upkeep]
|-heal|p1a: Ferrothorn|33/100|[from] item: Leftovers
|upkeep
|
|t:|1716621761
|switch|p2a: Garchomp|Garchomp, M|100/100
|-damage|p2a: Garchomp|94/100|[from] Stealth Rock
|turn|7
|
|t:|1716621765
|switch|p1a: Landorus|Landorus-Therian, M|73/100
|-ability|p1a: Landorus|Intimidate|boost
|-unboost|p2a: Garchomp|atk|1
|move|p2a: Garchomp|Fire Blast|p1a: Landorus
|-damage|p1a: Landorus|41/100
|
|-weather|Sandstorm|[upkeep]
|upkeep
|turn|8
|
|t:|1716621772
|switch|p2a: Suicune|Suicune, shiny|74/100
|-damage|p2a: Suicune|61/100|[from] Stealth Rock
|-ability|p2a: Suicune|Pressure
|move|p1a: Landorus|Hidden Power|p2a: Suicune
|-resisted|p2a: Suicune
|-damage|p2a: Suicune|54/100
|
|-weather|Sandstorm|[upkeep]
|-damage|p2a: Suicune|48/100|[from] Sandstorm
|-heal|p2a: Suicune|54/100|[from] item: Leftovers
|upkeep
|turn|9
|
|t:|1716621779
|switch|p1a: Latios|Latios, M|100/100
|move|p2a: Suicune|Surf|p1a: Latios
|-resisted|p1a: Latios
|-damage|p1a: Latios|81/100
|
|-weather|Sandstorm|[upkeep]
|-damage|p1a: Latios|75/100|[from] Sandstorm
|-damage|p2a: Suicune|48/100|[from] Sandstorm
|-heal|p2a: Suicune|54/100|[from] item: Leftovers
|upkeep
|turn|10
|
|t:|1716621785
|switch|p2a: Blissey|Blissey, F|100/100
|-damage|p2a: Blissey|88/100|[from] Stealth Rock
|move|p1a: Latios|Draco Meteor|p2a: Blissey
|-damage|p2a: Blissey|45/100
|-unboost|p1a: Latios|spa|2
|
|-weather|Sandstorm|[upkeep]
|-damage|p1a: Latios|69/100|[from] Sandstorm
|-damage|p2a: Blissey|39/100|[from] Sandstorm
|upkeep
|turn|11
|
|t:|1716621792
|switch|p1a: Excadrill|Excadrill, F|100/100
|move|p2a: Blissey|Ice Beam|p1a: Excadrill
|-damage|p1a: Excadrill|68/100
|-status|p1a: Excadrill|frz
|
|-weather|Sandstorm|[upkeep]
|-damage|p2a: Blissey|33/100|[from] Sandstorm
|-heal|p1a: Excadrill|75/100 frz|[from] item: Leftovers
|upkeep
|turn|12
|
|t:|1716621800
|switch|p2a: Garchomp|Garchomp, M|94/100
|-damage|p2a: Garchomp|88/100|[from] Stealth Rock
|cant|p1a: Excadrill|frz
|
|-weather|Sandstorm|[upkeep]
|-heal|p1a: Excadrill|81/100 frz|[from] item: Leftovers
|upkeep
|turn|13
|
|t:|1716621807
|switch|p1a: Alakazam|Alakazam, M|100/100
|move|p2a: Garchomp|Earthquake|p1a: Alakazam
|-enditem|p1a: Alakazam|Focus Sash
|-damage|p1a: Alakazam|1/100
|
|-weather|Sandstorm|[upkeep]
|upkeep
|turn|14
|
|t:|1716621811
|move|p2a: Garchomp|Earthquake|p1a: Alakazam
|-damage|p1a: Alakazam|0 fnt
|faint|p1a: Alakazam
|
|-weather|Sandstorm|[upkeep]
|upkeep
|
|t:|1716621814
|switch|p1a: Latios|Latios, M|69/100
|turn|15
|
|t:|1716621818
|switch|p2a: Blissey|Blissey, F|33/100
|-damage|p2a: Blissey|20/100|[from] Stealth Rock
|move|p1a: Latios|Draco Meteor|p2a: Blissey
|-damage|p2a: Blissey|0 fnt
|-unboost|p1a: Latios|spa|2
|faint|p2a: Blissey
|
|-weather|Sandstorm|[upkeep]
|-damage|p1a: Latios|63/100|[from] Sandstorm
|upkeep
|
|t:|1716621821
|switch|p2a: Scizor|Scizor, M|100/100
|-damage|p2a: Scizor|88/100|[from] Stealth Rock
|turn|16
|
|t:|1716621825
|switch|p1a: Ferrothorn|Ferrothorn, M|33/100
|move|p2a: Scizor|U-turn|p1a: Ferrothorn
|-damage|p1a: Ferrothorn|8/100
|-damage|p2a: Scizor|76/100|[from] ability: Iron Barbs|[of] p1a: Ferrothorn
|
|t:|1716621830
|switch|p2a: Garchomp|Garchomp, M|88/100|[from] U-turn
|-damage|p2a: Garchomp|82/100|[from] Stealth Rock
|
|-weather|Sandstorm|[upkeep]
|-heal|p1a: Ferrothorn|15/100|[from] item: Leftovers
|upkeep
|turn|17
|
|t:|1716621834
|move|p2a: Garchomp|Earthquake|p1a: Ferrothorn
|-damage|p1a: Ferrothorn|0 fnt
|faint|p1a: Ferrothorn
|
|-weather|Sandstorm|[upkeep]
|upkeep
|
|t:|1716621836
|switch|p1a: Latios|Latios, M|63/100
|turn|18
|
|t:|1716621841
|switch|p2a: Suicune|Suicune, shiny|54/100
|-damage|p2a: Suicune|42/100|[from] Stealth Rock
|-ability|p2a: Suicune|Pressure
|move|p1a: Latios|Dragon Pulse|p2a: Suicune
|-damage|p2a: Suicune|0 fnt
|faint|p2a: Suicune
|
|-weather|Sandstorm|[upkeep]
|-damage|p1a: Latios|57/100|[from] Sandstorm
|upkeep
|
|t:|1716621843
|switch|p2a: Scizor|Scizor, M|76/100
|-damage|p2a: Scizor|63/100|[from] Stealth Rock
|turn|19
|
|t:|1716621850
|switch|p1a: Tyranitar|Tyranitar, F|50/100
|move|p2a: Scizor|Superpower|p1a: Tyranitar
|-supereffective|p1a: Tyranitar
|-damage|p1a: Tyranitar|0 fnt
|-unboost|p2a: Scizor|atk|1
|-unboost|p2a: Scizor|def|1
|faint|p1a: Tyranitar
|
|-weather|Sandstorm|[upkeep]
|upkeep
|
|t:|1716621854
|switch|p1a: Landorus|Landorus-Therian, M|41/100
|-ability|p1a: Landorus|Intimidate|boost
|-unboost|p2a: Scizor|atk|1
|turn|20
|
|t:|1716621860
|switch|p2a: Garchomp|Garchomp, M|82/100
|-damage|p2a: Garchomp|76/100|[from] Stealth Rock
|move|p1a: Landorus|Hidden Power|p2a: Garchomp
|-supereffective|p2a: Garchomp
|-crit|p2a: Garchomp
|-damage|p2a: Garchomp|0 fnt
|faint|p2a: Garchomp
|
|-weather|Sandstorm|[upkeep]
|upkeep
|-message|Ryusen696969 forfeited.
|
|win|SEUIf
|raw|SEUIf's rating: 1377 &rarr; <strong>1393</strong><br />(+16 for winning)
|raw|Ryusen696969's rating: 1315 &rarr; <strong>1299</strong><br />(-16 for losing)
|l|☆Ryusen696969
|player|p2|
