|j|☆tr in b&w
|j|☆jalladeful
|t:|1732483441
|gametype|singles
|player|p1|tr in b&w|102|1423
|player|p2|jalladeful|169|1386
|teamsize|p1|6
|teamsize|p2|6
|gen|5
|tier|[Gen 5] OU
|rated|
|rule|Species Clause: Limit one of each Pokémon
|rule|OHKO Clause: OHKO moves are banned
|rule|Moody Clause: Moody is banned
|rule|Evasion Items Clause: Evasion items are banned
|rule|Evasion Moves Clause: Evasion moves are banned
|rule|Endless Battle Clause: Forcing endless battles is banned
|rule|HP Percentage Mod: HP is shown in percentages
|rule|Evasion Abilities Clause: Evasion abilities are banned
|rule|Sleep Moves Clause: Sleep-inducing moves are banned
|rule|Swagger Clause: Swagger is banned
|rule|Baton Pass Stat Clause: No Baton Passer may have a way to boost its stats
|clearpoke
|poke|p1|Jellicent, M|item
|poke|p1|Reuniclus, M|item
|poke|p1|Ferrothorn, M|item
|poke|p1|Mesprit|item
|poke|p1|Heatran, F|item
|poke|p1|Tyranitar, M|item
|poke|p2|Garchomp, M|item
|poke|p2|Latios, M|item
|poke|p2|Magnezone|item
|poke|p2|Weavile, F|item
|poke|p2|Terrakion|item
|poke|p2|Hydreigon, M|item
|teampreview
|
|t:|1732483462
|start
|switch|p1a: Mesprit|Mesprit|100/100
|switch|p2a: Garchomp|Garchomp, M|100/100
|turn|1
|
|t:|1732483472
|move|p2a: Garchomp|Stealth Rock|p1a: Mesprit
|-sidestart|p1: tr in b&w|move: Stealth Rock
|move|p1a: Mesprit|Ice Beam|p2a: Garchomp
|-supereffective|p2a: Garchomp
|-damage|p2a: Garchomp|2/100
|
|upkeep
|turn|2
|
|t:|1732483482
|move|p2a: Garchomp|Outrage|p1a: Mesprit
|-damage|p1a: Mesprit|51/100
|move|p1a: Mesprit|Trick Room|p1a: Mesprit
|-fieldstart|move: Trick Room|[of] p1a: Mesprit
|
|upkeep
|turn|3
|
|t:|1732483489
|move|p1a: Mesprit|U-turn|p2a: Garchomp
|-damage|p2a: Garchomp|0 fnt
|-damage|p1a: Mesprit|39/100|[from] ability: Rough Skin|[of] p2a: Garchomp
|faint|p2a: Garchomp
|
|t:|1732483495
|switch|p1a: Tyranitar|Tyranitar, M|100/100|[from] U-turn
|-damage|p1a: Tyranitar|88/100|[from] Stealth Rock
|-weather|Sandstorm|[from] ability: Sand Stream|[of] p1a: Tyranitar
|
|-weather|Sandstorm|[upkeep]
|upkeep
|
|t:|1732483511
|switch|p2a: Magnezone|Magnezone|100/100
|turn|4
|
|t:|1732483516
|move|p1a: Tyranitar|Superpower|p2a: Magnezone
|-supereffective|p2a: Magnezone
|-damage|p2a: Magnezone|0 fnt
|-unboost|p1a: Tyranitar|atk|1
|-unboost|p1a: Tyranitar|def|1
|faint|p2a: Magnezone
|
|-weather|Sandstorm|[upkeep]
|upkeep
|
|t:|1732483551
|switch|p2a: Hydreigon|Hydreigon, M|100/100
|turn|5
|
|t:|1732483560
|move|p1a: Tyranitar|Superpower|p2a: Hydreigon
|-supereffective|p2a: Hydreigon
|-damage|p2a: Hydreigon|7/100
|-unboost|p1a: Tyranitar|atk|1
|-unboost|p1a: Tyranitar|def|1
|move|p2a: Hydreigon|Draco Meteor|p1a: Tyranitar
|-damage|p1a: Tyranitar|33/100
|-unboost|p2a: Hydreigon|spa|2
|-damage|p2a: Hydreigon|0 fnt|[from] item: Life Orb
|faint|p2a: Hydreigon
|
|-weather|Sandstorm|[upkeep]
|upkeep
|
|t:|1732483574
|switch|p2a: Terrakion|Terrakion|100/100
|turn|6
|
|t:|1732483586
|switch|p1a: Mesprit|Mesprit|39/100
|-damage|p1a: Mesprit|26/100|[from] Stealth Rock
|move|p2a: Terrakion|Rock Slide|p1a: Mesprit
|-damage|p1a: Mesprit|0 fnt
|faint|p1a: Mesprit
|
|-weather|Sandstorm|[upkeep]
|-fieldend|move: Trick Room
|upkeep
|
|t:|1732483593
|switch|p1a: Ferrothorn|Ferrothorn, M|100/100
|-damage|p1a: Ferrothorn|95/100|[from] Stealth Rock
|turn|7
|
|t:|1732483601
|switch|p2a: Weavile|Weavile, F|100/100
|move|p1a: Ferrothorn|Gyro Ball|p2a: Weavile
|-supereffective|p2a: Weavile
|-damage|p2a: Weavile|0 fnt
|faint|p2a: Weavile
|
|-weather|Sandstorm|[upkeep]
|upkeep
|
|t:|1732483604
|switch|p2a: Terrakion|Terrakion|100/100
|turn|8
|
|t:|1732483608
|move|p2a: Terrakion|Close Combat|p1a: Ferrothorn
|-supereffective|p1a: Ferrothorn
|-crit|p1a: Ferrothorn
|-enditem|p1a: Ferrothorn|Chople Berry|[eat]
|-enditem|p1a: Ferrothorn|Chople Berry|[weaken]
|-damage|p1a: Ferrothorn|0 fnt
|-unboost|p2a: Terrakion|def|1
|-unboost|p2a: Terrakion|spd|1
|-damage|p2a: Terrakion|88/100|[from] ability: Iron Barbs|[of] p1a: Ferrothorn
|faint|p1a: Ferrothorn
|
|-weather|Sandstorm|[upkeep]
|upkeep
|
|t:|1732483614
|switch|p1a: Jellicent|Jellicent, M|100/100
|-damage|p1a: Jellicent|88/100|[from] Stealth Rock
|-item|p1a: Jellicent|Air Balloon
|turn|9
|
|t:|1732483617
|switch|p2a: Latios|Latios, M|100/100
|move|p1a: Jellicent|Trick Room|p1a: Jellicent
|-fieldstart|move: Trick Room|[of] p1a: Jellicent
|
|-weather|Sandstorm|[upkeep]
|-damage|p1a: Jellicent|82/100|[from] Sandstorm
|-damage|p2a: Latios|95/100|[from] Sandstorm
|upkeep
|turn|10
|
|t:|1732483658
|switch|p1a: Heatran|Heatran, F|100/100
|-damage|p1a: Heatran|88/100|[from] Stealth Rock
|-item|p1a: Heatran|Air Balloon
|move|p2a: Latios|Draco Meteor|p1a: Heatran|[miss]
|-miss|p2a: Latios|p1a: Heatran
|
|-weather|Sandstorm|[upkeep]
|-damage|p2a: Latios|89/100|[from] Sandstorm
|upkeep
|turn|11
|
|t:|1732483664
|switch|p2a: Terrakion|Terrakion|88/100
|move|p1a: Heatran|Hidden Power|p2a: Terrakion
|-damage|p2a: Terrakion|67/100
|
|-weather|Sandstorm|[upkeep]
|upkeep
|turn|12
|
|t:|1732483669
|move|p1a: Heatran|Earth Power|p2a: Terrakion
|-supereffective|p2a: Terrakion
|-crit|p2a: Terrakion
|-damage|p2a: Terrakion|0 fnt
|faint|p2a: Terrakion
|
|-weather|Sandstorm|[upkeep]
|upkeep
|-message|jalladeful forfeited.
|
|win|tr in b&w
|raw|tr in b&amp;w's rating: 1423 &rarr; <strong>1441</strong><br />(+18 for winning)
|raw|jalladeful's rating: 1386 &rarr; <strong>1368</strong><br />(-18 for losing)
|l|☆jalladeful
|player|p2|
