|j|☆TheRareCandyDealer
|j|☆bbenjaminlee
|player|p1|TheRareCandyDealer|dragontamer|1424
|player|p2|bbenjaminlee|caitlin|1333
|teamsize|p1|6
|teamsize|p2|6
|gametype|singles
|gen|5
|tier|[Gen 5] OU
|rated|
|clearpoke
|poke|p1|Keldeo|item
|poke|p1|Togekiss, M|item
|poke|p1|Weavile, M|item
|poke|p1|Breloom, F|item
|poke|p1|Forretress, M|item
|poke|p1|Heatran, F|item
|poke|p2|Rotom-Wash|item
|poke|p2|Scizor, F|item
|poke|p2|Terrakion|item
|poke|p2|Latios, M|item
|poke|p2|Salamence, M|item
|poke|p2|Jirachi|item
|rule|Species Clause: Limit one of each Pokémon
|rule|OHKO Clause: OHKO moves are banned
|rule|Moody Clause: Moody is banned
|rule|Evasion Moves Clause: Evasion moves are banned
|rule|Endless Battle Clause: Forcing endless battles is banned
|rule|HP Percentage Mod: HP is shown in percentages
|rule|Evasion Abilities Clause: Evasion abilities are banned
|rule|Baton Pass Clause: Limit one Baton Passer, can't pass Spe and other stats simultaneously
|rule|Sleep Clause: Sleep-inducing moves are banned
|rule|Swagger Clause: Swagger is banned
|teampreview
|inactive|Battle timer is ON: inactive players will automatically lose when time's up. (requested by bbenjaminlee)
|
|start
|switch|p1a: Princess Toad|Breloom, F, shiny|100/100
|switch|p2a: cutie|Jirachi|100/100
|turn|1
|
|move|p2a: cutie|Stealth Rock|p1a: Princess Toad
|-sidestart|p1: TheRareCandyDealer|move: Stealth Rock
|move|p1a: Princess Toad|Force Palm|p2a: cutie
|-damage|p2a: cutie|45/100
|
|-heal|p2a: cutie|51/100|[from] item: Leftovers
|upkeep
|turn|2
|
|move|p2a: cutie|Wish|p2a: cutie
|move|p1a: Princess Toad|Force Palm|p2a: cutie
|-damage|p2a: cutie|0 fnt
|faint|p2a: cutie
|
|upkeep
|
|switch|p2a: Scizor|Scizor, F|100/100
|turn|3
|
|move|p1a: Princess Toad|Force Palm|p2a: Scizor
|-damage|p2a: Scizor|46/100
|move|p2a: Scizor|U-turn|p1a: Princess Toad
|-enditem|p1a: Princess Toad|Focus Sash
|-damage|p1a: Princess Toad|1/100
|
|switch|p2a: bbull|Terrakion|100/100|[from]move: U-turn
|
|upkeep
|turn|4
|
|move|p2a: bbull|Quick Attack|p1a: Princess Toad
|-damage|p1a: Princess Toad|0 fnt
|faint|p1a: Princess Toad
|
|upkeep
|
|switch|p1a: Wallnut|Forretress, M|100/100
|-damage|p1a: Wallnut|88/100|[from] Stealth Rock
|turn|5
|
|switch|p2a: col lat|Latios, M|100/100
|move|p1a: Wallnut|Rapid Spin|p2a: col lat
|-damage|p2a: col lat|96/100
|-sideend|p1: TheRareCandyDealer|Stealth Rock|[from] move: Rapid Spin|[of] p1a: Wallnut
|
|-heal|p1a: Wallnut|94/100|[from] item: Leftovers
|upkeep
|turn|6
|
|switch|p1a: Marinara Sauce|Heatran, F|100/100
|move|p2a: col lat|Hidden Power|p1a: Marinara Sauce
|-start|p1a: Marinara Sauce|ability: Flash Fire
|
|upkeep
|turn|7
|
|switch|p2a: alex|Salamence, M|100/100
|move|p1a: Marinara Sauce|Toxic|p2a: alex
|-status|p2a: alex|tox
|
|-damage|p2a: alex|94/100 tox|[from] psn
|upkeep
|turn|8
|
|-end|p1a: Marinara Sauce|ability: Flash Fire|[silent]
|switch|p1a: Hax R Us|Togekiss, M|100/100
|move|p2a: alex|Earthquake|p1a: Hax R Us
|-immune|p1a: Hax R Us
|
|-damage|p2a: alex|82/100 tox|[from] psn
|upkeep
|turn|9
|
|switch|p2a: women|Rotom-Wash|100/100
|move|p1a: Hax R Us|Nasty Plot|p1a: Hax R Us
|-boost|p1a: Hax R Us|spa|2
|
|upkeep
|turn|10
|
|move|p1a: Hax R Us|Air Slash|p2a: women
|-resisted|p2a: women
|-damage|p2a: women|59/100
|move|p2a: women|Will-O-Wisp|p1a: Hax R Us
|-status|p1a: Hax R Us|brn
|
|-heal|p2a: women|65/100|[from] item: Leftovers
|-damage|p1a: Hax R Us|88/100 brn|[from] brn
|upkeep
|turn|11
|
|move|p1a: Hax R Us|Air Slash|p2a: women
|-resisted|p2a: women
|-crit|p2a: women
|-damage|p2a: women|0 fnt
|faint|p2a: women
|
|-heal|p1a: Hax R Us|94/100 brn|[from] item: Leftovers
|-damage|p1a: Hax R Us|82/100 brn|[from] brn
|upkeep
|
|switch|p2a: bbull|Terrakion|100/100
|turn|12
|
|switch|p1a: Wallnut|Forretress, M|94/100
|move|p2a: bbull|Stone Edge|p1a: Wallnut
|-damage|p1a: Wallnut|48/100
|
|-heal|p1a: Wallnut|54/100|[from] item: Leftovers
|upkeep
|turn|13
|
|move|p2a: bbull|Stone Edge|p1a: Wallnut
|-damage|p1a: Wallnut|9/100
|move|p1a: Wallnut|Volt Switch|p2a: bbull
|-damage|p2a: bbull|89/100
|
|switch|p1a: Not Today|Keldeo|100/100|[from]move: Volt Switch
|
|upkeep
|turn|14
|
|switch|p2a: Scizor|Scizor, F|46/100
|move|p1a: Not Today|Secret Sword|p2a: Scizor
|-damage|p2a: Scizor|0 fnt
|faint|p2a: Scizor
|
|upkeep
|
|switch|p2a: col lat|Latios, M|96/100
|turn|15
|
|switch|p1a: Marinara Sauce|Heatran, F|100/100
|move|p2a: col lat|Hidden Power|p1a: Marinara Sauce
|-start|p1a: Marinara Sauce|ability: Flash Fire
|
|upkeep
|turn|16
|
|switch|p2a: alex|Salamence, M|82/100 tox
|move|p1a: Marinara Sauce|Flamethrower|p2a: alex
|-resisted|p2a: alex
|-damage|p2a: alex|36/100 tox
|
|-damage|p2a: alex|30/100 tox|[from] psn
|upkeep
|turn|17
|
|-end|p1a: Marinara Sauce|ability: Flash Fire|[silent]
|switch|p1a: Wallnut|Forretress, M|9/100
|move|p2a: alex|Outrage|p1a: Wallnut
|-resisted|p1a: Wallnut
|-damage|p1a: Wallnut|0 fnt
|faint|p1a: Wallnut
|-ability|p2a: alex|Moxie|boost
|-boost|p2a: alex|atk|1
|
|-damage|p2a: alex|18/100 tox|[from] psn
|upkeep
|
|switch|p1a: Vandal|Weavile, M|100/100
|-ability|p1a: Vandal|Pressure
|turn|18
|
|move|p1a: Vandal|Ice Shard|p2a: alex
|-supereffective|p2a: alex
|-damage|p2a: alex|0 fnt
|-damage|p1a: Vandal|91/100|[from] item: Life Orb
|faint|p2a: alex
|
|upkeep
|
|switch|p2a: bbull|Terrakion|89/100
|turn|19
|
|move|p1a: Vandal|Low Kick|p2a: bbull
|-supereffective|p2a: bbull
|-damage|p2a: bbull|0 fnt
|-damage|p1a: Vandal|81/100|[from] item: Life Orb
|faint|p2a: bbull
|
|upkeep
|
|switch|p2a: col lat|Latios, M|96/100
|turn|20
|c|☆TheRareCandyDealer|gg
|
|move|p2a: col lat|Dragon Pulse|p1a: Vandal
|-damage|p1a: Vandal|16/100
|move|p1a: Vandal|Ice Punch|p2a: col lat
|-supereffective|p2a: col lat
|-damage|p2a: col lat|0 fnt
|-damage|p1a: Vandal|6/100|[from] item: Life Orb
|faint|p2a: col lat
|
|win|TheRareCandyDealer
|raw|TheRareCandyDealer's rating: 1404 &rarr; <strong>1420</strong><br />(+16 for winning)
|raw|bbenjaminlee's rating: 1333 &rarr; <strong>1317</strong><br />(-16 for losing)
