|j|☆tjx1993
|j|☆Tr in b&w
|t:|1747536136
|gametype|singles
|player|p1|tjx1993|102|1431
|player|p2|Tr in b&w|265|1411
|teamsize|p1|6
|teamsize|p2|6
|gen|5
|tier|[Gen 5] OU
|rated|
|rule|Species Clause: Limit one of each Pokémon
|rule|OHKO Clause: OHKO moves are banned
|rule|Moody Clause: Moody is banned
|rule|Evasion Items Clause: Evasion items are banned
|rule|Evasion Moves Clause: Evasion moves are banned
|rule|Endless Battle Clause: Forcing endless battles is banned
|rule|HP Percentage Mod: HP is shown in percentages
|rule|Evasion Abilities Clause: Evasion abilities are banned
|rule|Sleep Moves Clause: Sleep-inducing moves are banned
|rule|Swagger Clause: Swagger is banned
|rule|Baton Pass Stat Clause: No Baton Passer may have a way to boost its stats
|clearpoke
|poke|p1|Tyranitar, M|item
|poke|p1|Latias, F|item
|poke|p1|Rotom-Wash|item
|poke|p1|Alakazam, M|item
|poke|p1|Landorus-Therian, M|item
|poke|p1|Excadrill, F|item
|poke|p2|Abomasnow, M|item
|poke|p2|Chandelure, M|item
|poke|p2|Forretress, L99, F|item
|poke|p2|Jellicent, F|item
|poke|p2|Conkeldurr, M|item
|poke|p2|Reuniclus, M|item
|teampreview
|
|t:|1747536198
|start
|switch|p1a: Tyranitar|Tyranitar, M|100/100
|switch|p2a: Forretress|Forretress, L99, F|100/100
|-weather|Sandstorm|[from] ability: Sand Stream|[of] p1a: Tyranitar
|turn|1
|
|t:|1747536201
|move|p1a: Tyranitar|Stealth Rock|p2a: Forretress
|-sidestart|p2: Tr in b&w|move: Stealth Rock
|move|p2a: Forretress|Stealth Rock|p1a: Tyranitar
|-sidestart|p1: tjx1993|move: Stealth Rock
|
|-weather|Sandstorm|[upkeep]
|upkeep
|turn|2
|
|t:|1747536204
|move|p1a: Tyranitar|Crunch|p2a: Forretress
|-resisted|p2a: Forretress
|-damage|p2a: Forretress|86/100
|-unboost|p2a: Forretress|def|1
|move|p2a: Forretress|Rapid Spin|p1a: Tyranitar
|-resisted|p1a: Tyranitar
|-damage|p1a: Tyranitar|99/100
|-sideend|p2: Tr in b&w|Stealth Rock|[from] move: Rapid Spin|[of] p2a: Forretress
|
|-weather|Sandstorm|[upkeep]
|upkeep
|turn|3
|
|t:|1747536210
|move|p1a: Tyranitar|Stealth Rock|p2a: Forretress
|-sidestart|p2: Tr in b&w|move: Stealth Rock
|move|p2a: Forretress|Spikes|p1a: Tyranitar
|-sidestart|p1: tjx1993|Spikes
|
|-weather|Sandstorm|[upkeep]
|upkeep
|turn|4
|
|t:|1747536213
|move|p1a: Tyranitar|Crunch|p2a: Forretress
|-resisted|p2a: Forretress
|-damage|p2a: Forretress|66/100
|move|p2a: Forretress|Rapid Spin|p1a: Tyranitar
|-resisted|p1a: Tyranitar
|-damage|p1a: Tyranitar|98/100
|-sideend|p2: Tr in b&w|Stealth Rock|[from] move: Rapid Spin|[of] p2a: Forretress
|
|-weather|Sandstorm|[upkeep]
|upkeep
|turn|5
|
|t:|1747536215
|move|p1a: Tyranitar|Stealth Rock|p2a: Forretress
|-sidestart|p2: Tr in b&w|move: Stealth Rock
|move|p2a: Forretress|Spikes|p1a: Tyranitar
|-sidestart|p1: tjx1993|Spikes
|
|-weather|Sandstorm|[upkeep]
|upkeep
|turn|6
|
|t:|1747536220
|move|p1a: Tyranitar|Crunch|p2a: Forretress
|-resisted|p2a: Forretress
|-damage|p2a: Forretress|46/100
|move|p2a: Forretress|Rapid Spin|p1a: Tyranitar
|-resisted|p1a: Tyranitar
|-damage|p1a: Tyranitar|96/100
|-sideend|p2: Tr in b&w|Stealth Rock|[from] move: Rapid Spin|[of] p2a: Forretress
|
|-weather|Sandstorm|[upkeep]
|upkeep
|turn|7
|
|t:|1747536224
|move|p1a: Tyranitar|Crunch|p2a: Forretress
|-resisted|p2a: Forretress
|-damage|p2a: Forretress|26/100
|move|p2a: Forretress|Spikes|p1a: Tyranitar
|-sidestart|p1: tjx1993|Spikes
|
|-weather|Sandstorm|[upkeep]
|upkeep
|turn|8
|
|t:|1747536229
|move|p1a: Tyranitar|Stealth Rock|p2a: Forretress
|-sidestart|p2: Tr in b&w|move: Stealth Rock
|move|p2a: Forretress|Rapid Spin|p1a: Tyranitar
|-resisted|p1a: Tyranitar
|-damage|p1a: Tyranitar|95/100
|-sideend|p2: Tr in b&w|Stealth Rock|[from] move: Rapid Spin|[of] p2a: Forretress
|
|-weather|Sandstorm|[upkeep]
|upkeep
|turn|9
|
|t:|1747536234
|move|p1a: Tyranitar|Crunch|p2a: Forretress
|-resisted|p2a: Forretress
|-damage|p2a: Forretress|4/100
|-unboost|p2a: Forretress|def|1
|move|p2a: Forretress|Volt Switch|p1a: Tyranitar
|-damage|p1a: Tyranitar|90/100
|
|t:|1747536237
|switch|p2a: Conkeldurr|Conkeldurr, M|100/100|[from] Volt Switch
|
|-weather|Sandstorm|[upkeep]
|-damage|p2a: Conkeldurr|94/100|[from] Sandstorm
|upkeep
|turn|10
|
|t:|1747536241
|move|p1a: Tyranitar|Stealth Rock|p2a: Conkeldurr
|-sidestart|p2: Tr in b&w|move: Stealth Rock
|move|p2a: Conkeldurr|Drain Punch|p1a: Tyranitar
|-supereffective|p1a: Tyranitar
|-enditem|p1a: Tyranitar|Chople Berry|[eat]
|-enditem|p1a: Tyranitar|Chople Berry|[weaken]
|-damage|p1a: Tyranitar|0 fnt
|-heal|p2a: Conkeldurr|100/100|[from] drain|[of] p1a: Tyranitar
|faint|p1a: Tyranitar
|-damage|p2a: Conkeldurr|91/100|[from] item: Life Orb
|
|-weather|Sandstorm|[upkeep]
|-damage|p2a: Conkeldurr|84/100|[from] Sandstorm
|upkeep
|
|t:|1747536247
|switch|p1a: Alakazam|Alakazam, M|100/100
|turn|11
|
|t:|1747536254
|switch|p2a: Forretress|Forretress, L99, F|4/100
|-damage|p2a: Forretress|0 fnt|[from] Stealth Rock
|faint|p2a: Forretress
|move|p1a: Alakazam|Psychic|p2: Forretress|[notarget]
|-fail|p1a: Alakazam
|
|-weather|Sandstorm|[upkeep]
|upkeep
|
|t:|1747536265
|switch|p2a: Jellicent|Jellicent, F|100/100
|-damage|p2a: Jellicent|88/100|[from] Stealth Rock
|-item|p2a: Jellicent|Air Balloon
|turn|12
|
|t:|1747536270
|switch|p1a: Rotom|Rotom-Wash|100/100
|-damage|p1a: Rotom|88/100|[from] Stealth Rock
|move|p2a: Jellicent|Trick Room|p2a: Jellicent
|-fieldstart|move: Trick Room|[of] p2a: Jellicent
|
|-weather|Sandstorm|[upkeep]
|-damage|p2a: Jellicent|82/100|[from] Sandstorm
|-damage|p1a: Rotom|82/100|[from] Sandstorm
|-heal|p1a: Rotom|88/100|[from] item: Leftovers
|upkeep
|turn|13
|
|t:|1747536274
|switch|p2a: Abomasnow|Abomasnow, M|100/100
|-damage|p2a: Abomasnow|76/100|[from] Stealth Rock
|-weather|Hail|[from] ability: Snow Warning|[of] p2a: Abomasnow
|move|p1a: Rotom|Volt Switch|p2a: Abomasnow
|-resisted|p2a: Abomasnow
|-damage|p2a: Abomasnow|62/100
|
|t:|1747536285
|switch|p1a: Landorus|Landorus-Therian, M|100/100|[from] Volt Switch
|-damage|p1a: Landorus|88/100|[from] Stealth Rock
|-ability|p1a: Landorus|Intimidate|boost
|-unboost|p2a: Abomasnow|atk|1
|
|-weather|Hail|[upkeep]
|-damage|p1a: Landorus|82/100|[from] Hail
|upkeep
|turn|14
|
|t:|1747536294
|switch|p1a: Rotom|Rotom-Wash|88/100
|-damage|p1a: Rotom|76/100|[from] Stealth Rock
|move|p2a: Abomasnow|Blizzard|p1a: Rotom
|-resisted|p1a: Rotom
|-damage|p1a: Rotom|43/100
|-damage|p2a: Abomasnow|52/100|[from] item: Life Orb
|
|-weather|Hail|[upkeep]
|-damage|p1a: Rotom|37/100|[from] Hail
|-heal|p1a: Rotom|43/100|[from] item: Leftovers
|upkeep
|turn|15
|
|t:|1747536301
|move|p2a: Abomasnow|Wood Hammer|p1a: Rotom
|-supereffective|p1a: Rotom
|-damage|p1a: Rotom|0 fnt
|faint|p1a: Rotom
|-damage|p2a: Abomasnow|39/100|[from] Recoil
|-damage|p2a: Abomasnow|29/100|[from] item: Life Orb
|
|-weather|Hail|[upkeep]
|upkeep
|
|t:|1747536303
|switch|p1a: Excadrill|Excadrill, F|100/100
|-damage|p1a: Excadrill|97/100|[from] Stealth Rock
|-damage|p1a: Excadrill|73/100|[from] Spikes
|turn|16
|
|t:|1747536310
|move|p1a: Excadrill|Protect|p1a: Excadrill
|-singleturn|p1a: Excadrill|Protect
|move|p2a: Abomasnow|Earthquake|p1a: Excadrill
|-activate|p1a: Excadrill|move: Protect
|
|-weather|Hail|[upkeep]
|-damage|p1a: Excadrill|66/100|[from] Hail
|-heal|p1a: Excadrill|73/100|[from] item: Leftovers
|-fieldend|move: Trick Room
|upkeep
|turn|17
|
|t:|1747536314
|switch|p2a: Jellicent|Jellicent, F|82/100
|-damage|p2a: Jellicent|70/100|[from] Stealth Rock
|-item|p2a: Jellicent|Air Balloon
|move|p1a: Excadrill|Iron Head|p2a: Jellicent
|-resisted|p2a: Jellicent
|-damage|p2a: Jellicent|46/100
|-enditem|p2a: Jellicent|Air Balloon
|
|-weather|Hail|[upkeep]
|-damage|p1a: Excadrill|66/100|[from] Hail
|-damage|p2a: Jellicent|40/100|[from] Hail
|-heal|p1a: Excadrill|73/100|[from] item: Leftovers
|upkeep
|turn|18
|
|t:|1747536319
|switch|p2a: Chandelure|Chandelure, M|100/100
|-damage|p2a: Chandelure|76/100|[from] Stealth Rock
|-item|p2a: Chandelure|Air Balloon
|move|p1a: Excadrill|Earthquake|p2a: Chandelure
|-immune|p2a: Chandelure
|
|-weather|Hail|[upkeep]
|-damage|p1a: Excadrill|66/100|[from] Hail
|-damage|p2a: Chandelure|70/100|[from] Hail
|-heal|p1a: Excadrill|73/100|[from] item: Leftovers
|upkeep
|turn|19
|
|t:|1747536324
|move|p1a: Excadrill|Protect|p1a: Excadrill
|-singleturn|p1a: Excadrill|Protect
|move|p2a: Chandelure|Trick Room|p2a: Chandelure
|-fieldstart|move: Trick Room|[of] p2a: Chandelure
|
|-weather|Hail|[upkeep]
|-damage|p2a: Chandelure|64/100|[from] Hail
|-damage|p1a: Excadrill|66/100|[from] Hail
|-heal|p1a: Excadrill|73/100|[from] item: Leftovers
|upkeep
|turn|20
|
|t:|1747536331
|switch|p1a: Landorus|Landorus-Therian, M|82/100
|-damage|p1a: Landorus|69/100|[from] Stealth Rock
|-ability|p1a: Landorus|Intimidate|boost
|-unboost|p2a: Chandelure|atk|1
|move|p2a: Chandelure|Fire Blast|p1a: Landorus
|-damage|p1a: Landorus|0 fnt
|faint|p1a: Landorus
|
|-weather|Hail|[upkeep]
|-damage|p2a: Chandelure|58/100|[from] Hail
|upkeep
|
|t:|1747536333
|switch|p1a: Alakazam|Alakazam, M|100/100
|turn|21
|
|t:|1747536335
|move|p2a: Chandelure|Shadow Ball|p1a: Alakazam
|-supereffective|p1a: Alakazam
|-enditem|p1a: Alakazam|Focus Sash
|-damage|p1a: Alakazam|1/100
|move|p1a: Alakazam|Psychic|p2a: Chandelure
|-damage|p2a: Chandelure|2/100
|-enditem|p2a: Chandelure|Air Balloon
|
|-weather|Hail|[upkeep]
|-damage|p2a: Chandelure|0 fnt|[from] Hail
|faint|p2a: Chandelure
|upkeep
|
|t:|1747536346
|switch|p2a: Abomasnow|Abomasnow, M|29/100
|-damage|p2a: Abomasnow|4/100|[from] Stealth Rock
|turn|22
|
|t:|1747536351
|move|p2a: Abomasnow|Blizzard|p1a: Alakazam
|-damage|p1a: Alakazam|0 fnt
|faint|p1a: Alakazam
|-damage|p2a: Abomasnow|0 fnt|[from] item: Life Orb
|faint|p2a: Abomasnow
|
|-weather|Hail|[upkeep]
|upkeep
|
|t:|1747536356
|switch|p2a: Conkeldurr|Conkeldurr, M|84/100
|switch|p1a: Latias|Latias, F|100/100
|-damage|p2a: Conkeldurr|78/100|[from] Stealth Rock
|-damage|p1a: Latias|88/100|[from] Stealth Rock
|turn|23
|inactive|Battle timer is ON: inactive players will automatically lose when time's up. (requested by tjx1993)
|l|☆tjx1993
|inactive|tjx1993 disconnected and has a minute to reconnect!
|player|p1|
|j|☆tjx1993
|inactive|tjx1993 reconnected.
|player|p1|tjx1993|102|
|inactive|Tr in b&w has 120 seconds left.
|
|t:|1747536421
|move|p2a: Conkeldurr|Ice Punch|p1a: Latias
|-supereffective|p1a: Latias
|-damage|p1a: Latias|0 fnt
|-damage|p2a: Conkeldurr|62/100|[from] item: Rocky Helmet|[of] p1a: Latias
|faint|p1a: Latias
|-damage|p2a: Conkeldurr|52/100|[from] item: Life Orb
|
|-weather|Hail|[upkeep]
|-damage|p2a: Conkeldurr|45/100|[from] Hail
|-fieldend|move: Trick Room
|upkeep
|
|t:|1747536433
|switch|p1a: Excadrill|Excadrill, F|73/100
|-damage|p1a: Excadrill|69/100|[from] Stealth Rock
|-damage|p1a: Excadrill|45/100|[from] Spikes
|turn|24
|
|t:|1747536438
|move|p2a: Conkeldurr|Mach Punch|p1a: Excadrill
|-supereffective|p1a: Excadrill
|-damage|p1a: Excadrill|0 fnt
|faint|p1a: Excadrill
|-damage|p2a: Conkeldurr|35/100|[from] item: Life Orb
|
|win|Tr in b&w
|raw|tjx1993's rating: 1431 &rarr; <strong>1410</strong><br />(-21 for losing)
|raw|Tr in b&amp;w's rating: 1411 &rarr; <strong>1432</strong><br />(+21 for winning)
|l|☆tjx1993
|player|p1|
|l|☆Tr in b&w
|player|p2|
|j|☆Tr in b&w
|player|p2|Tr in b&w|265|
