|j|☆innininin
|j|☆sankafola
|player|p1|innininin|pokemonbreeder-gen4|1533
|player|p2|sankafola|juan|1345
|teamsize|p1|6
|teamsize|p2|6
|gametype|singles
|gen|5
|tier|[Gen 5] OU
|rated|
|rule|Species Clause: Limit one of each Pokémon
|rule|OHKO Clause: OHKO moves are banned
|rule|Moody Clause: Moody is banned
|rule|Evasion Moves Clause: Evasion moves are banned
|rule|Endless Battle Clause: Forcing endless battles is banned
|rule|HP Percentage Mod: HP is shown in percentages
|rule|Evasion Abilities Clause: Evasion abilities are banned
|rule|Baton Pass Clause: Limit one Baton Passer, can't pass Spe and other stats simultaneously
|rule|Sleep Clause: Sleep-inducing moves are banned
|rule|Swagger Clause: Swagger is banned
|clearpoke
|poke|p1|Keldeo|item
|poke|p1|Jirachi|item
|poke|p1|Politoed, F|item
|poke|p1|Landorus-Therian, M|item
|poke|p1|Toxicroak, F|item
|poke|p1|Latios, M|item
|poke|p2|Abomasnow, M|item
|poke|p2|Landorus-Therian, M|item
|poke|p2|Latios, M|item
|poke|p2|Starmie|item
|poke|p2|Jirachi|item
|poke|p2|Volcarona, M|item
|teampreview
|
|start
|switch|p1a: Keldeo|Keldeo|100/100
|switch|p2a: Abomasnow|Abomasnow, M|100/100
|-weather|Hail|[from] ability: Snow Warning|[of] p2a: Abomasnow
|turn|1
|
|switch|p1a: Jirachi|Jirachi|100/100
|switch|p2a: Landorus|Landorus-Therian, M|100/100
|-ability|p2a: Landorus|Intimidate|boost
|-unboost|p1a: Jirachi|atk|1
|
|-weather|Hail|[upkeep]
|-damage|p1a: Jirachi|94/100|[from] Hail
|-damage|p2a: Landorus|94/100|[from] Hail
|-heal|p1a: Jirachi|100/100|[from] item: Leftovers
|-heal|p2a: Landorus|100/100|[from] item: Leftovers
|upkeep
|turn|2
|
|switch|p1a: Landorus|Landorus-Therian, M|100/100
|-ability|p1a: Landorus|Intimidate|boost
|-unboost|p2a: Landorus|atk|1
|move|p2a: Landorus|Stealth Rock|p1a: Landorus
|-sidestart|p1: innininin|move: Stealth Rock
|
|-weather|Hail|[upkeep]
|-damage|p1a: Landorus|95/100|[from] Hail
|-damage|p2a: Landorus|94/100|[from] Hail
|-heal|p2a: Landorus|100/100|[from] item: Leftovers
|upkeep
|turn|3
|
|move|p1a: Landorus|U-turn|p2a: Landorus
|-resisted|p2a: Landorus
|-damage|p2a: Landorus|91/100
|
|switch|p1a: Jirachi|Jirachi|100/100|[from]move: U-turn
|-damage|p1a: Jirachi|94/100|[from] Stealth Rock
|move|p2a: Landorus|Hidden Power|p1a: Jirachi
|-resisted|p1a: Jirachi
|-damage|p1a: Jirachi|89/100
|
|-weather|Hail|[upkeep]
|-damage|p1a: Jirachi|83/100|[from] Hail
|-damage|p2a: Landorus|85/100|[from] Hail
|-heal|p1a: Jirachi|89/100|[from] item: Leftovers
|-heal|p2a: Landorus|91/100|[from] item: Leftovers
|upkeep
|turn|4
|
|move|p1a: Jirachi|Stealth Rock|p2a: Landorus
|-sidestart|p2: sankafola|move: Stealth Rock
|move|p2a: Landorus|Earthquake|p1a: Jirachi
|-supereffective|p1a: Jirachi
|-damage|p1a: Jirachi|31/100
|
|-weather|Hail|[upkeep]
|-damage|p1a: Jirachi|25/100|[from] Hail
|-damage|p2a: Landorus|85/100|[from] Hail
|-heal|p1a: Jirachi|31/100|[from] item: Leftovers
|-heal|p2a: Landorus|91/100|[from] item: Leftovers
|upkeep
|turn|5
|
|move|p1a: Jirachi|Iron Head|p2a: Landorus
|-damage|p2a: Landorus|72/100
|cant|p2a: Landorus|flinch
|
|-weather|Hail|[upkeep]
|-damage|p1a: Jirachi|25/100|[from] Hail
|-damage|p2a: Landorus|66/100|[from] Hail
|-heal|p1a: Jirachi|31/100|[from] item: Leftovers
|-heal|p2a: Landorus|72/100|[from] item: Leftovers
|upkeep
|turn|6
|
|switch|p2a: Jirachi|Jirachi|100/100
|-damage|p2a: Jirachi|95/100|[from] Stealth Rock
|move|p1a: Jirachi|Iron Head|p2a: Jirachi
|-resisted|p2a: Jirachi
|-damage|p2a: Jirachi|83/100
|
|-weather|Hail|[upkeep]
|-damage|p2a: Jirachi|77/100|[from] Hail
|-damage|p1a: Jirachi|25/100|[from] Hail
|-heal|p1a: Jirachi|31/100|[from] item: Leftovers
|upkeep
|turn|7
|
|switch|p1a: Landorus|Landorus-Therian, M|95/100
|-damage|p1a: Landorus|82/100|[from] Stealth Rock
|-ability|p1a: Landorus|Intimidate|boost
|-unboost|p2a: Jirachi|atk|1
|move|p2a: Jirachi|U-turn|p1a: Landorus
|-resisted|p1a: Landorus
|-damage|p1a: Landorus|74/100
|
|switch|p2a: Landorus|Landorus-Therian, M|72/100|[from]move: U-turn
|-damage|p2a: Landorus|60/100|[from] Stealth Rock
|-ability|p2a: Landorus|Intimidate|boost
|-unboost|p1a: Landorus|atk|1
|
|-weather|Hail|[upkeep]
|-damage|p1a: Landorus|69/100|[from] Hail
|-damage|p2a: Landorus|54/100|[from] Hail
|-heal|p2a: Landorus|60/100|[from] item: Leftovers
|upkeep
|turn|8
|
|move|p1a: Landorus|Swords Dance|p1a: Landorus
|-boost|p1a: Landorus|atk|2
|move|p2a: Landorus|U-turn|p1a: Landorus
|-resisted|p1a: Landorus
|-damage|p1a: Landorus|56/100
|
|switch|p2a: Starmie|Starmie|100/100|[from]move: U-turn
|-damage|p2a: Starmie|88/100|[from] Stealth Rock
|
|-weather|Hail|[upkeep]
|-damage|p2a: Starmie|82/100|[from] Hail
|-damage|p1a: Landorus|50/100|[from] Hail
|upkeep
|turn|9
|
|switch|p1a: Jirachi|Jirachi|31/100
|-damage|p1a: Jirachi|25/100|[from] Stealth Rock
|move|p2a: Starmie|Blizzard|p1a: Jirachi
|-resisted|p1a: Jirachi
|-damage|p1a: Jirachi|8/100
|-damage|p2a: Starmie|72/100|[from] item: Life Orb
|
|-weather|Hail|[upkeep]
|-damage|p2a: Starmie|66/100|[from] Hail
|-damage|p1a: Jirachi|2/100|[from] Hail
|-heal|p1a: Jirachi|8/100|[from] item: Leftovers
|upkeep
|turn|10
|
|move|p2a: Starmie|Thunderbolt|p1a: Jirachi
|-damage|p1a: Jirachi|0 fnt
|-damage|p2a: Starmie|56/100|[from] item: Life Orb
|faint|p1a: Jirachi
|
|-weather|Hail|[upkeep]
|-damage|p2a: Starmie|50/100|[from] Hail
|upkeep
|
|switch|p1a: Keldeo|Keldeo|100/100
|-damage|p1a: Keldeo|94/100|[from] Stealth Rock
|turn|11
|inactive|Battle timer is ON: inactive players will automatically lose when time's up. (requested by innininin)
|inactive|sankafola has 120 seconds left.
|
|switch|p2a: Latios|Latios, M|100/100
|-damage|p2a: Latios|88/100|[from] Stealth Rock
|move|p1a: Keldeo|Hydro Pump|p2a: Latios
|-resisted|p2a: Latios
|-damage|p2a: Latios|57/100
|
|-weather|Hail|[upkeep]
|-damage|p1a: Keldeo|88/100|[from] Hail
|-damage|p2a: Latios|51/100|[from] Hail
|upkeep
|turn|12
|
|switch|p1a: Politoed|Politoed, F|100/100
|-damage|p1a: Politoed|88/100|[from] Stealth Rock
|-weather|RainDance|[from] ability: Drizzle|[of] p1a: Politoed
|move|p2a: Latios|Draco Meteor|p1a: Politoed
|-damage|p1a: Politoed|0 fnt
|-unboost|p2a: Latios|spa|2
|faint|p1a: Politoed
|
|-weather|RainDance|[upkeep]
|upkeep
|
|switch|p1a: Keldeo|Keldeo|88/100
|-damage|p1a: Keldeo|82/100|[from] Stealth Rock
|turn|13
|
|switch|p2a: Abomasnow|Abomasnow, M|100/100
|-damage|p2a: Abomasnow|76/100|[from] Stealth Rock
|-weather|Hail|[from] ability: Snow Warning|[of] p2a: Abomasnow
|move|p1a: Keldeo|Secret Sword|p2a: Abomasnow
|-supereffective|p2a: Abomasnow
|-damage|p2a: Abomasnow|0 fnt
|faint|p2a: Abomasnow
|
|-weather|Hail|[upkeep]
|-damage|p1a: Keldeo|76/100|[from] Hail
|upkeep
|inactive|sankafola has 120 seconds left.
|
|switch|p2a: Starmie|Starmie|50/100
|-damage|p2a: Starmie|38/100|[from] Stealth Rock
|turn|14
|
|move|p1a: Keldeo|Secret Sword|p2a: Starmie
|-resisted|p2a: Starmie
|-damage|p2a: Starmie|4/100
|move|p2a: Starmie|Rapid Spin|p1a: Keldeo
|-damage|p1a: Keldeo|68/100
|-sideend|p2: sankafola|Stealth Rock|[from] move: Rapid Spin|[of] p2a: Starmie
|-damage|p2a: Starmie|0 fnt|[from] item: Life Orb
|faint|p2a: Starmie
|
|-weather|Hail|[upkeep]
|-damage|p1a: Keldeo|62/100|[from] Hail
|upkeep
|inactive|sankafola has 120 seconds left.
|
|switch|p2a: Volcarona|Volcarona, M|100/100
|turn|15
|
|switch|p1a: Latios|Latios, M|100/100
|-damage|p1a: Latios|88/100|[from] Stealth Rock
|move|p2a: Volcarona|Quiver Dance|p2a: Volcarona
|-boost|p2a: Volcarona|spa|1
|-boost|p2a: Volcarona|spd|1
|-boost|p2a: Volcarona|spe|1
|
|-weather|Hail|[upkeep]
|-damage|p2a: Volcarona|94/100|[from] Hail
|-damage|p1a: Latios|82/100|[from] Hail
|-heal|p2a: Volcarona|100/100|[from] item: Leftovers
|upkeep
|turn|16
|inactive|sankafola has 120 seconds left.
|inactive|sankafola has 90 seconds left.
|
|move|p2a: Volcarona|Quiver Dance|p2a: Volcarona
|-boost|p2a: Volcarona|spa|1
|-boost|p2a: Volcarona|spd|1
|-boost|p2a: Volcarona|spe|1
|move|p1a: Latios|Thunder|p2a: Volcarona
|-damage|p2a: Volcarona|73/100
|
|-weather|Hail|[upkeep]
|-damage|p2a: Volcarona|67/100|[from] Hail
|-damage|p1a: Latios|76/100|[from] Hail
|-heal|p2a: Volcarona|73/100|[from] item: Leftovers
|upkeep
|turn|17
|
|move|p2a: Volcarona|Bug Buzz|p1a: Latios
|-supereffective|p1a: Latios
|-damage|p1a: Latios|0 fnt
|faint|p1a: Latios
|
|-weather|Hail|[upkeep]
|-damage|p2a: Volcarona|67/100|[from] Hail
|-heal|p2a: Volcarona|73/100|[from] item: Leftovers
|upkeep
|
|switch|p1a: Keldeo|Keldeo|62/100
|-damage|p1a: Keldeo|56/100|[from] Stealth Rock
|turn|18
|c|☆innininin|that was such a bad qd lol
|n|!innininin|innininin
|c|☆sankafola|lol why are you run min speed latios lmao
|inactive|sankafola has 90 seconds left.
|inactive|sankafola has 60 seconds left.
|
|move|p2a: Volcarona|Bug Buzz|p1a: Keldeo
|-resisted|p1a: Keldeo
|-damage|p1a: Keldeo|0 fnt
|faint|p1a: Keldeo
|
|-weather|Hail|[upkeep]
|-damage|p2a: Volcarona|67/100|[from] Hail
|-heal|p2a: Volcarona|73/100|[from] item: Leftovers
|upkeep
|-message|innininin forfeited.
|
|win|sankafola
|l|!innininin
|raw|innininin's rating: 1533 &rarr; <strong>1503</strong><br />(-30 for losing)
|raw|sankafola's rating: 1345 &rarr; <strong>1375</strong><br />(+30 for winning)
