|j|☆RAlexa21th
|j|☆stonya
|player|p1|RAlexa21th|170
|player|p2|stonya|169
|teamsize|p1|6
|teamsize|p2|6
|gametype|singles
|gen|5
|tier|[Gen 5] OU
|rated|
|rule|Sleep Clause Mod: Limit one foe put to sleep
|rule|Species Clause: Limit one of each Pokémon
|rule|OHKO Clause: OHKO moves are banned
|rule|Moody Clause: Moody is banned
|rule|Evasion Moves Clause: Evasion moves are banned
|rule|Endless Battle Clause: Forcing endless battles is banned
|rule|HP Percentage Mod: HP is shown in percentages
|rule|Evasion Abilities Clause: Evasion abilities are banned
|rule|Baton Pass Clause: Limit one Baton Passer, can't pass Spe and other stats simultaneously
|rule|Swagger Clause: Swagger is banned
|clearpoke
|poke|p1|Tyranitar, M|item
|poke|p1|Garchomp, M|item
|poke|p1|Mamoswine, M|item
|poke|p1|Magnezone|item
|poke|p1|Hydreigon, M|item
|poke|p1|Keldeo|item
|poke|p2|Tyranitar, M|item
|poke|p2|Magnezone|item
|poke|p2|Terrakion|item
|poke|p2|Latios, M|item
|poke|p2|Scizor, M|item
|poke|p2|Landorus-Therian, M|item
|teampreview
|
|start
|switch|p1a: Pointy|Mamoswine, M|100/100
|switch|p2a: Bron Bron|Landorus-Therian, M|100/100
|-ability|p2a: Bron Bron|Intimidate|boost
|-unboost|p1a: Pointy|atk|1
|turn|1
|
|move|p1a: Pointy|Icicle Spear|p2a: Bron Bron
|-supereffective|p2a: Bron Bron
|-damage|p2a: Bron Bron|65/100
|-supereffective|p2a: Bron Bron
|-damage|p2a: Bron Bron|27/100
|-supereffective|p2a: Bron Bron
|-damage|p2a: Bron Bron|0 fnt
|-hitcount|p2a: Bron Bron|3
|faint|p2a: Bron Bron
|
|upkeep
|
|switch|p2a: Miller|Scizor, M, shiny|100/100
|turn|2
|c|☆RAlexa21th|YES!
|
|move|p1a: Pointy|Stealth Rock|p2a: Miller
|-sidestart|p2: stonya|move: Stealth Rock
|move|p2a: Miller|Superpower|p1a: Pointy
|-supereffective|p1a: Pointy
|-enditem|p1a: Pointy|Focus Sash
|-damage|p1a: Pointy|1/100
|-unboost|p2a: Miller|atk|1
|-unboost|p2a: Miller|def|1
|
|upkeep
|turn|3
|
|switch|p2a: D.Wade|Terrakion|100/100
|-damage|p2a: D.Wade|94/100|[from] Stealth Rock
|move|p1a: Pointy|Ice Shard|p2a: D.Wade
|-damage|p2a: D.Wade|77/100
|
|upkeep
|turn|4
|
|move|p1a: Pointy|Ice Shard|p2a: D.Wade
|-damage|p2a: D.Wade|61/100
|move|p2a: D.Wade|Close Combat|p1a: Pointy
|-supereffective|p1a: Pointy
|-damage|p1a: Pointy|0 fnt
|-unboost|p2a: D.Wade|def|1
|-unboost|p2a: D.Wade|spd|1
|faint|p1a: Pointy
|
|upkeep
|
|switch|p1a: Master of Magnet|Magnezone|100/100
|turn|5
|
|move|p2a: D.Wade|Close Combat|p1a: Master of Magnet
|-supereffective|p1a: Master of Magnet
|-damage|p1a: Master of Magnet|0 fnt
|-unboost|p2a: D.Wade|def|1
|-unboost|p2a: D.Wade|spd|1
|faint|p1a: Master of Magnet
|
|upkeep
|
|switch|p1a: Stormtrooper|Keldeo|100/100
|turn|6
|
|switch|p2a: Bosh|Latios, M, shiny|100/100
|-damage|p2a: Bosh|88/100|[from] Stealth Rock
|move|p1a: Stormtrooper|Secret Sword|p2a: Bosh
|-resisted|p2a: Bosh
|-damage|p2a: Bosh|59/100
|
|upkeep
|turn|7
|
|switch|p1a: T_T|Tyranitar, M|100/100
|-weather|Sandstorm|[from] ability: Sand Stream|[of] p1a: T_T
|move|p2a: Bosh|Energy Ball|p1a: T_T
|-supereffective|p1a: T_T
|-damage|p1a: T_T|62/100
|
|-weather|Sandstorm|[upkeep]
|-damage|p2a: Bosh|53/100|[from] sandstorm
|upkeep
|turn|8
|
|-activate|p2a: Bosh|move: Pursuit
|move|p1a: T_T|Pursuit|p2a: Bosh|[from]Pursuit
|-supereffective|p2a: Bosh
|-damage|p2a: Bosh|0 fnt
|faint|p2a: Bosh
|
|-weather|Sandstorm|[upkeep]
|upkeep
|
|switch|p2a: Ray Allen|Magnezone|100/100
|-damage|p2a: Ray Allen|94/100|[from] Stealth Rock
|turn|9
|
|move|p2a: Ray Allen|Substitute|p2a: Ray Allen
|-start|p2a: Ray Allen|Substitute
|-damage|p2a: Ray Allen|70/100
|move|p1a: T_T|Earthquake|p2a: Ray Allen
|-supereffective|p2a: Ray Allen
|-end|p2a: Ray Allen|Substitute
|
|-weather|Sandstorm|[upkeep]
|-heal|p2a: Ray Allen|76/100|[from] item: Leftovers
|upkeep
|turn|10
|
|move|p2a: Ray Allen|Flash Cannon|p1a: T_T
|-supereffective|p1a: T_T
|-damage|p1a: T_T|19/100
|move|p1a: T_T|Earthquake|p2a: Ray Allen
|-supereffective|p2a: Ray Allen
|-damage|p2a: Ray Allen|0 fnt
|faint|p2a: Ray Allen
|
|-weather|Sandstorm|[upkeep]
|upkeep
|
|switch|p2a: Miller|Scizor, M, shiny|100/100
|-damage|p2a: Miller|88/100|[from] Stealth Rock
|turn|11
|
|move|p2a: Miller|Bullet Punch|p1a: T_T
|-supereffective|p1a: T_T
|-damage|p1a: T_T|0 fnt
|faint|p1a: T_T
|
|-weather|Sandstorm|[upkeep]
|upkeep
|
|switch|p1a: Pursuit Me|Hydreigon, M|100/100
|turn|12
|
|switch|p2a: Pat Riely|Tyranitar, M|100/100
|-damage|p2a: Pat Riely|88/100|[from] Stealth Rock
|move|p1a: Pursuit Me|Draco Meteor|p2a: Pat Riely
|-damage|p2a: Pat Riely|45/100
|-unboost|p1a: Pursuit Me|spa|2
|
|-weather|Sandstorm|[upkeep]
|-damage|p1a: Pursuit Me|94/100|[from] sandstorm
|-heal|p2a: Pat Riely|51/100|[from] item: Leftovers
|upkeep
|turn|13
|
|move|p1a: Pursuit Me|Draco Meteor|p2a: Pat Riely
|-damage|p2a: Pat Riely|29/100
|-unboost|p1a: Pursuit Me|spa|2
|move|p2a: Pat Riely|Ice Beam|p1a: Pursuit Me
|-supereffective|p1a: Pursuit Me
|-damage|p1a: Pursuit Me|42/100
|
|-weather|Sandstorm|[upkeep]
|-damage|p1a: Pursuit Me|36/100|[from] sandstorm
|-heal|p2a: Pat Riely|35/100|[from] item: Leftovers
|upkeep
|turn|14
|
|move|p1a: Pursuit Me|Draco Meteor|p2a: Pat Riely
|-damage|p2a: Pat Riely|21/100
|-unboost|p1a: Pursuit Me|spa|2
|move|p2a: Pat Riely|Stealth Rock|p1a: Pursuit Me
|-sidestart|p1: RAlexa21th|move: Stealth Rock
|
|-weather|Sandstorm|[upkeep]
|-damage|p1a: Pursuit Me|30/100|[from] sandstorm
|-heal|p2a: Pat Riely|28/100|[from] item: Leftovers
|upkeep
|turn|15
|
|move|p1a: Pursuit Me|Draco Meteor|p2a: Pat Riely
|-damage|p2a: Pat Riely|15/100
|move|p2a: Pat Riely|Ice Beam|p1a: Pursuit Me
|-supereffective|p1a: Pursuit Me
|-damage|p1a: Pursuit Me|0 fnt
|faint|p1a: Pursuit Me
|
|-weather|Sandstorm|[upkeep]
|-heal|p2a: Pat Riely|22/100|[from] item: Leftovers
|upkeep
|
|switch|p1a: Stormtrooper|Keldeo|100/100
|-damage|p1a: Stormtrooper|94/100|[from] Stealth Rock
|turn|16
|
|move|p1a: Stormtrooper|Secret Sword|p2a: Pat Riely
|-supereffective|p2a: Pat Riely
|-damage|p2a: Pat Riely|0 fnt
|faint|p2a: Pat Riely
|
|-weather|Sandstorm|[upkeep]
|-damage|p1a: Stormtrooper|88/100|[from] sandstorm
|-heal|p1a: Stormtrooper|94/100|[from] item: Leftovers
|upkeep
|
|switch|p2a: D.Wade|Terrakion|61/100
|-damage|p2a: D.Wade|54/100|[from] Stealth Rock
|turn|17
|
|move|p2a: D.Wade|Close Combat|p1a: Stormtrooper
|-crit|p1a: Stormtrooper
|-damage|p1a: Stormtrooper|0 fnt
|-unboost|p2a: D.Wade|def|1
|-unboost|p2a: D.Wade|spd|1
|faint|p1a: Stormtrooper
|
|-weather|Sandstorm|[upkeep]
|upkeep
|
|switch|p1a: Mega Flygon|Garchomp, M|100/100
|-damage|p1a: Mega Flygon|94/100|[from] Stealth Rock
|turn|18
|c|☆RAlexa21th|drat
|
|move|p2a: D.Wade|Close Combat|p1a: Mega Flygon
|-damage|p1a: Mega Flygon|30/100
|-damage|p2a: D.Wade|42/100|[from] ability: Rough Skin|[of] p1a: Mega Flygon
|-unboost|p2a: D.Wade|def|1
|-unboost|p2a: D.Wade|spd|1
|move|p1a: Mega Flygon|Earthquake|p2a: D.Wade
|-supereffective|p2a: D.Wade
|-damage|p2a: D.Wade|0 fnt
|faint|p2a: D.Wade
|
|-weather|Sandstorm|[upkeep]
|upkeep
|c|☆RAlexa21th|gg
|c|☆stonya|sorry for the rng
|
|switch|p2a: Miller|Scizor, M, shiny|88/100
|-damage|p2a: Miller|76/100|[from] Stealth Rock
|turn|19
|
|move|p2a: Miller|Bullet Punch|p1a: Mega Flygon
|-damage|p1a: Mega Flygon|0 fnt
|-damage|p2a: Miller|64/100|[from] ability: Rough Skin|[of] p1a: Mega Flygon
|faint|p1a: Mega Flygon
|
|win|stonya
|raw|RAlexa21th's rating: 1368 &rarr; <strong>1345</strong><br />(-23 for losing)
|raw|stonya's rating: 1325 &rarr; <strong>1348</strong><br />(+23 for winning)
