|j|☆refsunpersons
|j|☆douknowthawae
|player|p1|refsunpersons|123
|player|p2|douknowthawae|89
|teamsize|p1|6
|teamsize|p2|6
|gametype|singles
|gen|5
|tier|[Gen 5] OU
|rated|
|rule|Sleep Clause Mod: Limit one foe put to sleep
|rule|Species Clause: Limit one of each Pokémon
|rule|OHKO Clause: OHKO moves are banned
|rule|Moody Clause: Moody is banned
|rule|Evasion Moves Clause: Evasion moves are banned
|rule|Endless Battle Clause: Forcing endless battles is banned
|rule|HP Percentage Mod: HP is shown in percentages
|rule|Evasion Abilities Clause: Evasion abilities are banned
|rule|Baton Pass Clause: Limit one Baton Passer, can't pass Spe and other stats simultaneously
|rule|Swagger Clause: Swagger is banned
|clearpoke
|poke|p1|Politoed, F|item
|poke|p1|Ferrothorn, M|item
|poke|p1|Xatu, F|item
|poke|p1|Latias, F|item
|poke|p1|Diglett, F|item
|poke|p1|Azumarill, M|item
|poke|p2|Tyranitar, F|item
|poke|p2|Keldeo|item
|poke|p2|Jirachi|item
|poke|p2|Breloom, F|item
|poke|p2|Latios, M|item
|poke|p2|Landorus-Therian, M|item
|teampreview
|c|☆douknowthawae|LMAO
|c|☆douknowthawae|diglett
|c|☆refsunpersons|laugh now before it's banned
|c|☆douknowthawae|Ik
|c|☆refsunpersons|https://www.smogon.com/forums/threads/bw-ou-diglett-and-excadrill-suspect-discussion.3641738/
|c|☆douknowthawae|but that's fun
|
|start
|switch|p1a: Politoed|Politoed, F|100/100
|switch|p2a: Jirachi|Jirachi|100/100
|-weather|RainDance|[from] ability: Drizzle|[of] p1a: Politoed
|turn|1
|
|move|p1a: Politoed|Surf|p2a: Jirachi
|-damage|p2a: Jirachi|36/100
|move|p2a: Jirachi|Stealth Rock|p1a: Politoed
|-sidestart|p1: refsunpersons|move: Stealth Rock
|
|-weather|RainDance|[upkeep]
|upkeep
|turn|2
|
|switch|p1a: Xatu|Xatu, F|100/100
|-damage|p1a: Xatu|76/100|[from] Stealth Rock
|switch|p2a: Breloom|Breloom, F|100/100
|
|-weather|RainDance|[upkeep]
|upkeep
|turn|3
|
|switch|p2a: Jirachi|Jirachi|36/100
|move|p1a: Xatu|Night Shade|p2a: Jirachi
|-damage|p2a: Jirachi|9/100
|
|-weather|RainDance|[upkeep]
|upkeep
|turn|4
|
|switch|p1a: Ferrothorn|Ferrothorn, M|100/100
|-damage|p1a: Ferrothorn|94/100|[from] Stealth Rock
|move|p2a: Jirachi|Thunder|p1a: Ferrothorn
|-resisted|p1a: Ferrothorn
|-damage|p1a: Ferrothorn|81/100
|
|-weather|RainDance|[upkeep]
|-heal|p1a: Ferrothorn|88/100|[from] item: Leftovers
|upkeep
|turn|5
|
|move|p2a: Jirachi|Hidden Power|p1a: Ferrothorn
|-supereffective|p1a: Ferrothorn
|-damage|p1a: Ferrothorn|59/100
|move|p1a: Ferrothorn|Spikes|p2a: Jirachi
|-sidestart|p2: douknowthawae|Spikes
|
|-weather|RainDance|[upkeep]
|-heal|p1a: Ferrothorn|66/100|[from] item: Leftovers
|upkeep
|turn|6
|
|switch|p2a: Breloom|Breloom, F|100/100
|-damage|p2a: Breloom|88/100|[from] Spikes
|move|p1a: Ferrothorn|Gyro Ball|p2a: Breloom
|-damage|p2a: Breloom|11/100
|
|-weather|RainDance|[upkeep]
|-heal|p1a: Ferrothorn|72/100|[from] item: Leftovers
|upkeep
|turn|7
|
|-singleturn|p2a: Breloom|move: Focus Punch
|switch|p1a: Xatu|Xatu, F|76/100
|-damage|p1a: Xatu|51/100|[from] Stealth Rock
|move|p2a: Breloom|Focus Punch|p1a: Xatu
|-enditem|p2a: Breloom|Fighting Gem|[from] gem|[move] Focus Punch
|-resisted|p1a: Xatu
|-damage|p1a: Xatu|23/100
|-damage|p2a: Breloom|0 fnt|[from] item: Rocky Helmet|[of] p1a: Xatu
|faint|p2a: Breloom
|-formechange|p2a: Breloom|Breloom|
|
|-weather|RainDance|[upkeep]
|upkeep
|
|switch|p2a: Latios|Latios, M|100/100
|turn|8
|
|move|p2a: Latios|Surf|p1a: Xatu
|-damage|p1a: Xatu|0 fnt
|-damage|p2a: Latios|91/100|[from] item: Life Orb
|faint|p1a: Xatu
|
|-weather|RainDance|[upkeep]
|upkeep
|
|switch|p1a: Ferrothorn|Ferrothorn, M|72/100
|-damage|p1a: Ferrothorn|66/100|[from] Stealth Rock
|turn|9
|
|switch|p2a: Jirachi|Jirachi|9/100
|-damage|p2a: Jirachi|0 fnt|[from] Spikes
|faint|p2a: Jirachi
|move|p1a: Ferrothorn|Leech Seed|p2: Jirachi|[notarget]
|-notarget
|
|-weather|RainDance|[upkeep]
|-heal|p1a: Ferrothorn|72/100|[from] item: Leftovers
|upkeep
|
|switch|p2a: Keldeo|Keldeo|100/100
|-damage|p2a: Keldeo|88/100|[from] Spikes
|turn|10
|
|switch|p1a: Latias|Latias, F|100/100
|-damage|p1a: Latias|88/100|[from] Stealth Rock
|move|p2a: Keldeo|Secret Sword|p1a: Latias
|-resisted|p1a: Latias
|-damage|p1a: Latias|64/100
|
|-weather|RainDance|[upkeep]
|-heal|p1a: Latias|70/100|[from] item: Leftovers
|upkeep
|turn|11
|
|switch|p1a: Diglett|Diglett, F|100/100
|-damage|p1a: Diglett|94/100|[from] Stealth Rock
|move|p2a: Keldeo|Icy Wind|p1a: Diglett|[miss]
|-miss|p2a: Keldeo|p1a: Diglett
|
|-weather|RainDance|[upkeep]
|upkeep
|turn|12
|
|switch|p1a: Azumarill|Azumarill, M|100/100
|-damage|p1a: Azumarill|88/100|[from] Stealth Rock
|move|p2a: Keldeo|Secret Sword|p1a: Azumarill
|-damage|p1a: Azumarill|43/100
|
|-weather|RainDance|[upkeep]
|upkeep
|turn|13
|
|move|p2a: Keldeo|Secret Sword|p1a: Azumarill
|-damage|p1a: Azumarill|0 fnt
|faint|p1a: Azumarill
|
|-weather|RainDance|[upkeep]
|upkeep
|
|switch|p1a: Politoed|Politoed, F|100/100
|-damage|p1a: Politoed|88/100|[from] Stealth Rock
|turn|14
|
|move|p1a: Politoed|Psychic|p2a: Keldeo
|-supereffective|p2a: Keldeo
|-damage|p2a: Keldeo|36/100
|move|p2a: Keldeo|Hidden Power|p1a: Politoed
|-supereffective|p1a: Politoed
|-damage|p1a: Politoed|25/100
|
|-weather|RainDance|[upkeep]
|upkeep
|turn|15
|
|switch|p1a: Diglett|Diglett, F|94/100
|-damage|p1a: Diglett|88/100|[from] Stealth Rock
|switch|p2a: Tyranitar|Tyranitar, F|100/100
|-damage|p2a: Tyranitar|88/100|[from] Spikes
|-weather|Sandstorm|[from] ability: Sand Stream|[of] p2a: Tyranitar
|
|-weather|Sandstorm|[upkeep]
|upkeep
|turn|16
|
|move|p1a: Diglett|Earthquake|p2a: Tyranitar
|-supereffective|p2a: Tyranitar
|-damage|p2a: Tyranitar|36/100
|move|p2a: Tyranitar|Crunch|p1a: Diglett
|-damage|p1a: Diglett|0 fnt
|faint|p1a: Diglett
|
|-weather|Sandstorm|[upkeep]
|upkeep
|
|switch|p1a: Politoed|Politoed, F|25/100
|-damage|p1a: Politoed|13/100|[from] Stealth Rock
|-weather|RainDance|[from] ability: Drizzle|[of] p1a: Politoed
|turn|17
|
|switch|p2a: Latios|Latios, M|91/100
|move|p1a: Politoed|Ice Beam|p2a: Latios
|-supereffective|p2a: Latios
|-damage|p2a: Latios|34/100
|
|-weather|RainDance|[upkeep]
|upkeep
|turn|18
|
|switch|p1a: Ferrothorn|Ferrothorn, M|72/100
|-damage|p1a: Ferrothorn|66/100|[from] Stealth Rock
|move|p2a: Latios|Surf|p1a: Ferrothorn
|-resisted|p1a: Ferrothorn
|-damage|p1a: Ferrothorn|41/100
|-damage|p2a: Latios|24/100|[from] item: Life Orb
|
|-weather|RainDance|[upkeep]
|-heal|p1a: Ferrothorn|47/100|[from] item: Leftovers
|upkeep
|turn|19
|
|move|p2a: Latios|Hidden Power|p1a: Ferrothorn
|-supereffective|p1a: Ferrothorn
|-damage|p1a: Ferrothorn|0 fnt
|-damage|p2a: Latios|14/100|[from] item: Life Orb
|faint|p1a: Ferrothorn
|
|-weather|RainDance|[upkeep]
|upkeep
|
|switch|p1a: Latias|Latias, F|70/100
|-damage|p1a: Latias|58/100|[from] Stealth Rock
|turn|20
|
|move|p1a: Latias|Dragon Pulse|p2a: Latios
|-supereffective|p2a: Latios
|-damage|p2a: Latios|0 fnt
|faint|p2a: Latios
|
|-weather|RainDance|[upkeep]
|-heal|p1a: Latias|64/100|[from] item: Leftovers
|upkeep
|
|switch|p2a: Tyranitar|Tyranitar, F|36/100
|-damage|p2a: Tyranitar|24/100|[from] Spikes
|-weather|Sandstorm|[from] ability: Sand Stream|[of] p2a: Tyranitar
|turn|21
|
|switch|p1a: Politoed|Politoed, F|13/100
|-damage|p1a: Politoed|0 fnt|[from] Stealth Rock
|faint|p1a: Politoed
|move|p2a: Tyranitar|Crunch|p1: Politoed|[notarget]
|-notarget
|
|-weather|Sandstorm|[upkeep]
|upkeep
|
|switch|p1a: Latias|Latias, F|64/100
|-damage|p1a: Latias|52/100|[from] Stealth Rock
|turn|22
|
|move|p1a: Latias|Dragon Pulse|p2a: Tyranitar
|-damage|p2a: Tyranitar|5/100
|move|p2a: Tyranitar|Crunch|p1a: Latias
|-supereffective|p1a: Latias
|-damage|p1a: Latias|0 fnt
|faint|p1a: Latias
|
|win|douknowthawae
|c|☆refsunpersons|gg
|c|☆douknowthawae|gg
|raw|refsunpersons's rating: 1389 &rarr; <strong>1364</strong><br />(-25 for losing)
|raw|douknowthawae's rating: 1300 &rarr; <strong>1325</strong><br />(+25 for winning)
