|j|☆daddy_days2
|j|☆gen9sucksballs
|t:|1746369352
|gametype|singles
|player|p1|daddy_days2|benga|1408
|player|p2|gen9sucksballs|dawn|1342
|teamsize|p1|6
|teamsize|p2|6
|gen|5
|tier|[Gen 5] OU
|rated|
|rule|Species Clause: Limit one of each Pokémon
|rule|OHKO Clause: OHKO moves are banned
|rule|Moody Clause: Moody is banned
|rule|Evasion Items Clause: Evasion items are banned
|rule|Evasion Moves Clause: Evasion moves are banned
|rule|Endless Battle Clause: Forcing endless battles is banned
|rule|HP Percentage Mod: HP is shown in percentages
|rule|Evasion Abilities Clause: Evasion abilities are banned
|rule|Sleep Moves Clause: Sleep-inducing moves are banned
|rule|Swagger Clause: Swagger is banned
|rule|Baton Pass Stat Clause: No Baton Passer may have a way to boost its stats
|clearpoke
|poke|p1|Kyurem-Black|item
|poke|p1|Garchomp, M|item
|poke|p1|Conkeldurr, M|item
|poke|p1|Starmie|item
|poke|p1|Bisharp, F|item
|poke|p1|Scyther, M|item
|poke|p2|Mamoswine, M|item
|poke|p2|Latios, M|item
|poke|p2|Scizor, F|item
|poke|p2|Kyurem-Black|item
|poke|p2|Salamence, M|item
|poke|p2|Magnezone|item
|teampreview
|
|t:|1746369367
|start
|switch|p1a: Adolf|Bisharp, F|100/100
|switch|p2a: Scizor|Scizor, F|100/100
|-item|p1a: Adolf|Air Balloon
|turn|1
|
|t:|1746369375
|switch|p1a: Painkiller|Garchomp, M|100/100
|move|p2a: Scizor|Superpower|p1a: Painkiller
|-damage|p1a: Painkiller|56/100
|-unboost|p2a: Scizor|atk|1
|-unboost|p2a: Scizor|def|1
|-damage|p2a: Scizor|88/100|[from] ability: Rough Skin|[of] p1a: Painkiller
|-damage|p2a: Scizor|72/100|[from] item: Rocky Helmet|[of] p1a: Painkiller
|
|upkeep
|turn|2
|
|t:|1746369386
|switch|p2a: Mamoswine|Mamoswine, M|100/100
|move|p1a: Painkiller|Stealth Rock|p2a: Mamoswine
|-sidestart|p2: gen9sucksballs|move: Stealth Rock
|
|upkeep
|turn|3
|
|t:|1746369394
|switch|p1a: Insane Dwayne|Kyurem-Black|100/100
|-ability|p1a: Insane Dwayne|Teravolt
|move|p2a: Mamoswine|Stealth Rock|p1a: Insane Dwayne
|-sidestart|p1: daddy_days2|move: Stealth Rock
|
|upkeep
|turn|4
|
|t:|1746369401
|move|p1a: Insane Dwayne|Outrage|p2a: Mamoswine
|-enditem|p2a: Mamoswine|Focus Sash
|-damage|p2a: Mamoswine|1/100
|move|p2a: Mamoswine|Earthquake|p1a: Insane Dwayne
|-damage|p1a: Insane Dwayne|52/100
|
|upkeep
|turn|5
|
|t:|1746369411
|move|p2a: Mamoswine|Ice Shard|p1a: Insane Dwayne
|-damage|p1a: Insane Dwayne|33/100
|move|p1a: Insane Dwayne|Outrage|p2a: Mamoswine|[from] lockedmove
|-damage|p2a: Mamoswine|0 fnt
|faint|p2a: Mamoswine
|-start|p1a: Insane Dwayne|confusion|[fatigue]
|
|upkeep
|j| baixiaohen
|
|t:|1746369419
|switch|p2a: Salamence|Salamence, M|100/100
|-damage|p2a: Salamence|76/100|[from] Stealth Rock
|turn|6
|
|t:|1746369424
|move|p2a: Salamence|Dragon Claw|p1a: Insane Dwayne
|-supereffective|p1a: Insane Dwayne
|-damage|p1a: Insane Dwayne|0 fnt
|faint|p1a: Insane Dwayne
|-ability|p2a: Salamence|Moxie|boost
|-boost|p2a: Salamence|atk|1
|
|upkeep
|
|t:|1746369435
|switch|p1a: Starlight|Starmie|100/100
|-damage|p1a: Starlight|88/100|[from] Stealth Rock
|turn|7
|
|t:|1746369439
|move|p2a: Salamence|Dragon Claw|p1a: Starlight
|-damage|p1a: Starlight|14/100
|move|p1a: Starlight|Thunder Wave|p2a: Salamence
|-status|p2a: Salamence|par
|
|-heal|p1a: Starlight|20/100|[from] item: Leftovers
|upkeep
|turn|8
|
|t:|1746369454
|move|p1a: Starlight|Rapid Spin|p2a: Salamence
|-damage|p2a: Salamence|72/100 par
|-sideend|p1: daddy_days2|Stealth Rock|[from] move: Rapid Spin|[of] p1a: Starlight
|cant|p2a: Salamence|par
|
|-heal|p1a: Starlight|26/100|[from] item: Leftovers
|upkeep
|turn|9
|
|t:|1746369493
|move|p1a: Starlight|Psyshock|p2a: Salamence
|-damage|p2a: Salamence|38/100 par
|move|p2a: Salamence|Dragon Claw|p1a: Starlight
|-damage|p1a: Starlight|0 fnt
|faint|p1a: Starlight
|-ability|p2a: Salamence|Moxie|boost
|-boost|p2a: Salamence|atk|1
|
|upkeep
|
|t:|1746369504
|switch|p1a: Shrekster|Conkeldurr, M|100/100
|turn|10
|
|t:|1746369507
|move|p1a: Shrekster|Ice Punch|p2a: Salamence
|-supereffective|p2a: Salamence
|-crit|p2a: Salamence
|-damage|p2a: Salamence|0 fnt
|faint|p2a: Salamence
|
|upkeep
|
|t:|1746369518
|switch|p2a: Latios|Latios, M|100/100
|-damage|p2a: Latios|88/100|[from] Stealth Rock
|turn|11
|
|t:|1746369523
|switch|p1a: Adolf|Bisharp, F|100/100
|-item|p1a: Adolf|Air Balloon
|move|p2a: Latios|Draco Meteor|p1a: Adolf
|-resisted|p1a: Adolf
|-damage|p1a: Adolf|24/100
|-unboost|p2a: Latios|spa|2
|-enditem|p1a: Adolf|Air Balloon
|
|upkeep
|turn|12
|
|t:|1746369533
|-activate|p2a: Latios|move: Pursuit
|move|p1a: Adolf|Pursuit|p2a: Latios|[from] Pursuit
|-supereffective|p2a: Latios
|-damage|p2a: Latios|0 fnt
|faint|p2a: Latios
|-hint|A Pokemon can't switch between when it runs out of HP and when it faints
|
|upkeep
|
|t:|1746369536
|switch|p2a: Magnezone|Magnezone|100/100
|-damage|p2a: Magnezone|94/100|[from] Stealth Rock
|turn|13
|
|t:|1746369545
|move|p1a: Adolf|Sucker Punch|p2a: Magnezone
|-resisted|p2a: Magnezone
|-damage|p2a: Magnezone|69/100
|move|p2a: Magnezone|Flash Cannon|p1a: Adolf
|-resisted|p1a: Adolf
|-damage|p1a: Adolf|0 fnt
|faint|p1a: Adolf
|
|upkeep
|
|t:|1746369557
|switch|p1a: Shrekster|Conkeldurr, M|100/100
|turn|14
|
|t:|1746369561
|move|p2a: Magnezone|Flash Cannon|p1a: Shrekster
|-damage|p1a: Shrekster|3/100
|move|p1a: Shrekster|Drain Punch|p2a: Magnezone
|-supereffective|p2a: Magnezone
|-damage|p2a: Magnezone|0 fnt
|-heal|p1a: Shrekster|30/100|[from] drain|[of] p2a: Magnezone
|faint|p2a: Magnezone
|
|-heal|p1a: Shrekster|36/100|[from] item: Leftovers
|upkeep
|
|t:|1746369566
|switch|p2a: Scizor|Scizor, F|72/100
|-damage|p2a: Scizor|59/100|[from] Stealth Rock
|turn|15
|
|t:|1746369576
|switch|p1a: Painkiller|Garchomp, M|56/100
|move|p2a: Scizor|Bullet Punch|p1a: Painkiller
|-damage|p1a: Painkiller|25/100
|-damage|p2a: Scizor|47/100|[from] ability: Rough Skin|[of] p1a: Painkiller
|-damage|p2a: Scizor|31/100|[from] item: Rocky Helmet|[of] p1a: Painkiller
|
|upkeep
|turn|16
|
|t:|1746369585
|move|p1a: Painkiller|Endure|p1a: Painkiller
|-singleturn|p1a: Painkiller|move: Endure
|move|p2a: Scizor|Bullet Punch|p1a: Painkiller
|-activate|p1a: Painkiller|move: Endure
|-damage|p1a: Painkiller|1/100
|-damage|p2a: Scizor|18/100|[from] ability: Rough Skin|[of] p1a: Painkiller
|-damage|p2a: Scizor|2/100|[from] item: Rocky Helmet|[of] p1a: Painkiller
|
|upkeep
|turn|17
|
|t:|1746369594
|move|p1a: Painkiller|Endure||[still]
|-fail|p1a: Painkiller
|move|p2a: Scizor|Bullet Punch|p1a: Painkiller
|-damage|p1a: Painkiller|0 fnt
|-damage|p2a: Scizor|0 fnt|[from] ability: Rough Skin|[of] p1a: Painkiller
|faint|p2a: Scizor
|faint|p1a: Painkiller
|
|upkeep
|
|t:|1746369614
|switch|p1a: Shrekster|Conkeldurr, M|36/100
|switch|p2a: Kyurem|Kyurem-Black|100/100
|-damage|p2a: Kyurem|75/100|[from] Stealth Rock
|-ability|p2a: Kyurem|Teravolt
|turn|18
|
|t:|1746369622
|move|p1a: Shrekster|Mach Punch|p2a: Kyurem
|-supereffective|p2a: Kyurem
|-damage|p2a: Kyurem|22/100
|move|p2a: Kyurem|Fusion Bolt|p1a: Shrekster
|-damage|p1a: Shrekster|0 fnt
|faint|p1a: Shrekster
|
|upkeep
|
|t:|1746369630
|switch|p1a: Blade|Scyther, M|100/100
|turn|19
|
|t:|1746369633
|move|p1a: Blade|Brick Break|p2a: Kyurem
|-supereffective|p2a: Kyurem
|-damage|p2a: Kyurem|0 fnt
|faint|p2a: Kyurem
|
|win|daddy_days2
|raw|daddy_days2's rating: 1408 &rarr; <strong>1424</strong><br />(+16 for winning)
|raw|gen9sucksballs's rating: 1342 &rarr; <strong>1326</strong><br />(-16 for losing)
