|j|☆UmbreonSupremo
|j|☆lijkjlkjlkjlkjlk
|t:|1725057575
|gametype|singles
|player|p1|UmbreonSupremo|proton|1316
|player|p2|lijkjlkjlkjlkjlk|bugcatcher-gen4dp|1457
|teamsize|p1|6
|teamsize|p2|6
|gen|5
|tier|[Gen 5] OU
|rated|
|rule|Species Clause: Limit one of each Pokémon
|rule|OHKO Clause: OHKO moves are banned
|rule|Moody Clause: Moody is banned
|rule|Evasion Items Clause: Evasion items are banned
|rule|Evasion Moves Clause: Evasion moves are banned
|rule|Endless Battle Clause: Forcing endless battles is banned
|rule|HP Percentage Mod: HP is shown in percentages
|rule|Evasion Abilities Clause: Evasion abilities are banned
|rule|Sleep Moves Clause: Sleep-inducing moves are banned
|rule|Swagger Clause: Swagger is banned
|rule|Baton Pass Stat Clause: No Baton Passer may have a way to boost its stats
|clearpoke
|poke|p1|Gastrodon, F|item
|poke|p1|Politoed, F|item
|poke|p1|Scizor, M|item
|poke|p1|Jolteon, F|item
|poke|p1|Tentacruel, F|item
|poke|p1|Conkeldurr, M|item
|poke|p2|Bronzong|item
|poke|p2|Porygon2|item
|poke|p2|Reuniclus, F|item
|poke|p2|Chandelure, M|item
|poke|p2|Crawdaunt, F|item
|poke|p2|Terrakion|item
|teampreview
|
|t:|1725057582
|start
|switch|p1a: Jolteon|Jolteon, F|100/100
|switch|p2a: Porygon2|Porygon2|100/100
|-ability|p2a: Porygon2|Download|boost
|-boost|p2a: Porygon2|atk|1
|turn|1
|
|t:|1725057588
|move|p1a: Jolteon|Volt Switch|p2a: Porygon2
|-damage|p2a: Porygon2|71/100
|
|t:|1725057595
|switch|p1a: Scizor|Scizor, M|100/100|[from] Volt Switch
|move|p2a: Porygon2|Trick Room|p2a: Porygon2
|-fieldstart|move: Trick Room|[of] p2a: Porygon2
|
|upkeep
|turn|2
|
|t:|1725057604
|switch|p2a: Chandelure|Chandelure, M|100/100
|-item|p2a: Chandelure|Air Balloon
|move|p1a: Scizor|Swords Dance|p1a: Scizor
|-boost|p1a: Scizor|atk|2
|
|upkeep
|turn|3
|
|t:|1725057612
|switch|p1a: Tentacruel|Tentacruel, F|100/100
|move|p2a: Chandelure|Fire Blast|p1a: Tentacruel|[miss]
|-miss|p2a: Chandelure|p1a: Tentacruel
|
|upkeep
|turn|4
|
|t:|1725057622
|switch|p2a: Reuniclus|Reuniclus, F|100/100
|switch|p1a: Politoed|Politoed, F|100/100
|-weather|RainDance|[from] ability: Drizzle|[of] p1a: Politoed
|
|-weather|RainDance|[upkeep]
|upkeep
|turn|5
|
|t:|1725057631
|move|p1a: Politoed|Protect|p1a: Politoed
|-singleturn|p1a: Politoed|Protect
|move|p2a: Reuniclus|Psyshock|p1a: Politoed
|-activate|p1a: Politoed|move: Protect
|
|-weather|RainDance|[upkeep]
|-fieldend|move: Trick Room
|upkeep
|turn|6
|
|t:|1725057640
|switch|p1a: Scizor|Scizor, M|100/100
|move|p2a: Reuniclus|Psyshock|p1a: Scizor
|-resisted|p1a: Scizor
|-damage|p1a: Scizor|68/100
|
|-weather|RainDance|[upkeep]
|upkeep
|turn|7
|
|t:|1725057657
|-activate|p2a: Reuniclus|move: Pursuit
|move|p1a: Scizor|Pursuit|p2a: Reuniclus|[from]Pursuit
|-supereffective|p2a: Reuniclus
|-damage|p2a: Reuniclus|28/100
|-damage|p1a: Scizor|59/100|[from] item: Life Orb
|switch|p2a: Chandelure|Chandelure, M|100/100
|-item|p2a: Chandelure|Air Balloon
|
|-weather|RainDance|[upkeep]
|upkeep
|turn|8
|
|t:|1725057668
|switch|p1a: Gastrodon|Gastrodon, F|100/100
|move|p2a: Chandelure|Fire Blast|p1a: Gastrodon
|-resisted|p1a: Gastrodon
|-damage|p1a: Gastrodon|83/100
|
|-weather|RainDance|[upkeep]
|-heal|p1a: Gastrodon|89/100|[from] item: Leftovers
|upkeep
|turn|9
|
|t:|1725057672
|move|p2a: Chandelure|Energy Ball|p1a: Gastrodon
|-supereffective|p1a: Gastrodon
|-damage|p1a: Gastrodon|0 fnt
|faint|p1a: Gastrodon
|
|-weather|RainDance|[upkeep]
|upkeep
|
|t:|1725057676
|switch|p1a: Jolteon|Jolteon, F|100/100
|turn|10
|
|t:|1725057689
|switch|p2a: Porygon2|Porygon2|71/100
|-ability|p2a: Porygon2|Download|boost
|-boost|p2a: Porygon2|atk|1
|move|p1a: Jolteon|Volt Switch|p2a: Porygon2
|-damage|p2a: Porygon2|40/100
|
|t:|1725057693
|switch|p1a: Scizor|Scizor, M|59/100|[from] Volt Switch
|
|-weather|RainDance|[upkeep]
|upkeep
|turn|11
|
|t:|1725057701
|switch|p2a: Chandelure|Chandelure, M|100/100
|-item|p2a: Chandelure|Air Balloon
|move|p1a: Scizor|Superpower|p2a: Chandelure
|-immune|p2a: Chandelure
|
|-weather|RainDance|[upkeep]
|upkeep
|turn|12
|
|t:|1725057708
|switch|p1a: Tentacruel|Tentacruel, F|100/100
|move|p2a: Chandelure|Trick Room|p2a: Chandelure
|-fieldstart|move: Trick Room|[of] p2a: Chandelure
|
|-weather|RainDance|[upkeep]
|upkeep
|turn|13
|
|t:|1725057714
|switch|p2a: Reuniclus|Reuniclus, F|28/100
|move|p1a: Tentacruel|Toxic|p2a: Reuniclus
|-status|p2a: Reuniclus|tox
|
|-weather|RainDance|[upkeep]
|upkeep
|turn|14
|
|t:|1725057718
|move|p2a: Reuniclus|Psyshock|p1a: Tentacruel
|-supereffective|p1a: Tentacruel
|-damage|p1a: Tentacruel|0 fnt
|faint|p1a: Tentacruel
|
|-weather|RainDance|[upkeep]
|upkeep
|-message|UmbreonSupremo forfeited.
|
|win|lijkjlkjlkjlkjlk
|raw|UmbreonSupremo's rating: 1316 &rarr; <strong>1303</strong><br />(-13 for losing)
|raw|lijkjlkjlkjlkjlk's rating: 1439 &rarr; <strong>1452</strong><br />(+13 for winning)
|l|☆UmbreonSupremo
|player|p1|
