|j|☆tbt123
|j|☆DubbedOn
|t:|1744852752
|gametype|singles
|player|p1|tbt123|veteran|1339
|player|p2|DubbedOn|gambler|1326
|teamsize|p1|6
|teamsize|p2|6
|gen|5
|tier|[Gen 5] OU
|rated|
|rule|Species Clause: Limit one of each Pokémon
|rule|OHKO Clause: OHKO moves are banned
|rule|Moody Clause: Moody is banned
|rule|Evasion Items Clause: Evasion items are banned
|rule|Evasion Moves Clause: Evasion moves are banned
|rule|Endless Battle Clause: Forcing endless battles is banned
|rule|HP Percentage Mod: HP is shown in percentages
|rule|Evasion Abilities Clause: Evasion abilities are banned
|rule|Sleep Moves Clause: Sleep-inducing moves are banned
|rule|Swagger Clause: Swagger is banned
|rule|Baton Pass Stat Clause: No Baton Passer may have a way to boost its stats
|clearpoke
|poke|p1|Reuniclus, M|item
|poke|p1|Tyranitar, M|item
|poke|p1|Excadrill, F|item
|poke|p1|Conkeldurr, M|item
|poke|p1|Bronzong|item
|poke|p1|Gyarados, F|item
|poke|p2|Alakazam, F|item
|poke|p2|Reuniclus, F|item
|poke|p2|Landorus-Therian, M|item
|poke|p2|Conkeldurr, M|item
|poke|p2|Celebi|item
|poke|p2|Heatran, F|item
|teampreview
|inactive|Battle timer is ON: inactive players will automatically lose when time's up. (requested by DubbedOn)
|
|t:|1744852767
|start
|switch|p1a: Gyarados|Gyarados, F|100/100
|switch|p2a: Landorus|Landorus-Therian, M|100/100
|-ability|p2a: Landorus|Intimidate|boost
|-unboost|p1a: Gyarados|atk|1
|-ability|p1a: Gyarados|Intimidate|boost
|-unboost|p2a: Landorus|atk|1
|turn|1
|
|t:|1744852791
|switch|p2a: Conkeldurr|Conkeldurr, M|100/100
|move|p1a: Gyarados|Substitute|p1a: Gyarados
|-start|p1a: Gyarados|Substitute
|-damage|p1a: Gyarados|75/100
|
|-heal|p1a: Gyarados|82/100|[from] item: Leftovers
|upkeep
|turn|2
|
|t:|1744852798
|move|p1a: Gyarados|Waterfall|p2a: Conkeldurr
|-damage|p2a: Conkeldurr|73/100
|cant|p2a: Conkeldurr|flinch
|
|-heal|p1a: Gyarados|88/100|[from] item: Leftovers
|-heal|p2a: Conkeldurr|79/100|[from] item: Leftovers
|upkeep
|turn|3
|
|t:|1744852805
|move|p1a: Gyarados|Waterfall|p2a: Conkeldurr
|-damage|p2a: Conkeldurr|52/100
|move|p2a: Conkeldurr|Thunder Punch|p1a: Gyarados
|-supereffective|p1a: Gyarados
|-end|p1a: Gyarados|Substitute
|
|-heal|p1a: Gyarados|94/100|[from] item: Leftovers
|-heal|p2a: Conkeldurr|58/100|[from] item: Leftovers
|upkeep
|turn|4
|
|t:|1744852819
|switch|p1a: Bronzong|Bronzong|100/100
|move|p2a: Conkeldurr|Drain Punch|p1a: Bronzong
|-damage|p1a: Bronzong|70/100
|-heal|p2a: Conkeldurr|71/100|[from] drain|[of] p1a: Bronzong
|
|-heal|p2a: Conkeldurr|77/100|[from] item: Leftovers
|upkeep
|turn|5
|
|t:|1744852832
|switch|p2a: Landorus|Landorus-Therian, M|100/100
|-ability|p2a: Landorus|Intimidate|boost
|-unboost|p1a: Bronzong|atk|1
|move|p1a: Bronzong|Trick Room|p1a: Bronzong
|-fieldstart|move: Trick Room|[of] p1a: Bronzong
|
|upkeep
|turn|6
|
|t:|1744852839
|move|p1a: Bronzong|Stealth Rock|p2a: Landorus
|-sidestart|p2: DubbedOn|move: Stealth Rock
|move|p2a: Landorus|Gravity|p2a: Landorus
|-fieldstart|move: Gravity
|
|upkeep
|turn|7
|
|t:|1744852844
|switch|p1a: Conkeldurr|Conkeldurr, M|100/100
|move|p2a: Landorus|Earthquake|p1a: Conkeldurr
|-damage|p1a: Conkeldurr|54/100
|
|upkeep
|turn|8
|
|t:|1744852854
|switch|p2a: Reuniclus|Reuniclus, F|100/100
|move|p1a: Conkeldurr|Hammer Arm|p2a: Reuniclus
|-resisted|p2a: Reuniclus
|-damage|p2a: Reuniclus|74/100
|-unboost|p1a: Conkeldurr|spe|1
|-damage|p1a: Conkeldurr|45/100|[from] item: Life Orb
|
|upkeep
|turn|9
|
|t:|1744852863
|switch|p1a: Tyranitar|Tyranitar, M|100/100
|-weather|Sandstorm|[from] ability: Sand Stream|[of] p1a: Tyranitar
|move|p2a: Reuniclus|Grass Knot|p1a: Tyranitar
|-supereffective|p1a: Tyranitar
|-damage|p1a: Tyranitar|51/100
|
|-weather|Sandstorm|[upkeep]
|-fieldend|move: Trick Room
|upkeep
|turn|10
|
|t:|1744852872
|move|p1a: Tyranitar|Crunch|p2a: Reuniclus
|-supereffective|p2a: Reuniclus
|-damage|p2a: Reuniclus|0 fnt
|faint|p2a: Reuniclus
|
|-weather|Sandstorm|[upkeep]
|-fieldend|move: Gravity
|upkeep
|j| Cubavision
|
|t:|1744852897
|switch|p2a: Conkeldurr|Conkeldurr, M|77/100
|-damage|p2a: Conkeldurr|71/100|[from] Stealth Rock
|turn|11
|
|t:|1744852911
|switch|p1a: Gyarados|Gyarados, F|94/100
|-ability|p1a: Gyarados|Intimidate|boost
|-unboost|p2a: Conkeldurr|atk|1
|move|p2a: Conkeldurr|Drain Punch|p1a: Gyarados
|-resisted|p1a: Gyarados
|-crit|p1a: Gyarados
|-damage|p1a: Gyarados|40/100
|-heal|p2a: Conkeldurr|93/100|[from] drain|[of] p1a: Gyarados
|
|-weather|Sandstorm|[upkeep]
|-damage|p1a: Gyarados|34/100|[from] Sandstorm
|-damage|p2a: Conkeldurr|87/100|[from] Sandstorm
|-heal|p1a: Gyarados|40/100|[from] item: Leftovers
|-heal|p2a: Conkeldurr|93/100|[from] item: Leftovers
|upkeep
|turn|12
|
|t:|1744852922
|switch|p1a: Bronzong|Bronzong|70/100
|move|p2a: Conkeldurr|Thunder Punch|p1a: Bronzong
|-damage|p1a: Bronzong|58/100
|
|-weather|Sandstorm|[upkeep]
|-damage|p2a: Conkeldurr|87/100|[from] Sandstorm
|-heal|p2a: Conkeldurr|93/100|[from] item: Leftovers
|upkeep
|turn|13
|
|t:|1744852937
|move|p2a: Conkeldurr|Drain Punch|p1a: Bronzong
|-damage|p1a: Bronzong|38/100
|-heal|p2a: Conkeldurr|100/100|[from] drain|[of] p1a: Bronzong
|move|p1a: Bronzong|Trick Room|p1a: Bronzong
|-fieldstart|move: Trick Room|[of] p1a: Bronzong
|
|-weather|Sandstorm|[upkeep]
|-damage|p2a: Conkeldurr|94/100|[from] Sandstorm
|-heal|p2a: Conkeldurr|100/100|[from] item: Leftovers
|upkeep
|turn|14
|
|t:|1744852943
|move|p1a: Bronzong|Explosion|p2a: Conkeldurr
|-damage|p2a: Conkeldurr|59/100
|faint|p1a: Bronzong
|move|p2a: Conkeldurr|Drain Punch|p1: Bronzong|[notarget]
|-fail|p2a: Conkeldurr
|
|-weather|Sandstorm|[upkeep]
|-damage|p2a: Conkeldurr|53/100|[from] Sandstorm
|-heal|p2a: Conkeldurr|59/100|[from] item: Leftovers
|upkeep
|
|t:|1744852952
|switch|p1a: Reuniclus|Reuniclus, M|100/100
|turn|15
|
|t:|1744852957
|switch|p2a: Celebi|Celebi|100/100
|-damage|p2a: Celebi|88/100|[from] Stealth Rock
|move|p1a: Reuniclus|Shadow Ball|p2a: Celebi
|-supereffective|p2a: Celebi
|-damage|p2a: Celebi|44/100
|
|-weather|Sandstorm|[upkeep]
|-damage|p2a: Celebi|38/100|[from] Sandstorm
|-heal|p2a: Celebi|44/100|[from] item: Leftovers
|upkeep
|turn|16
|j| baixiaohen
|c| baixiaohen|又玩上空间了
|inactive|DubbedOn has 120 seconds left.
|
|t:|1744853002
|move|p1a: Reuniclus|Shadow Ball|p2a: Celebi
|-supereffective|p2a: Celebi
|-damage|p2a: Celebi|0 fnt
|faint|p2a: Celebi
|
|-weather|Sandstorm|[upkeep]
|upkeep
|
|t:|1744853010
|switch|p2a: Heatran|Heatran, F|100/100
|-damage|p2a: Heatran|88/100|[from] Stealth Rock
|turn|17
|
|t:|1744853019
|switch|p1a: Gyarados|Gyarados, F|40/100
|-ability|p1a: Gyarados|Intimidate|boost
|-unboost|p2a: Heatran|atk|1
|move|p2a: Heatran|Protect||[still]
|-fail|p2a: Heatran
|
|-weather|Sandstorm|[upkeep]
|-damage|p1a: Gyarados|34/100|[from] Sandstorm
|-heal|p1a: Gyarados|40/100|[from] item: Leftovers
|-fieldend|move: Trick Room
|upkeep
|turn|18
|inactive|DubbedOn has 120 seconds left.
|
|t:|1744853044
|switch|p2a: Conkeldurr|Conkeldurr, M|59/100
|-damage|p2a: Conkeldurr|53/100|[from] Stealth Rock
|move|p1a: Gyarados|Substitute|p1a: Gyarados
|-start|p1a: Gyarados|Substitute
|-damage|p1a: Gyarados|15/100
|
|-weather|Sandstorm|[upkeep]
|-damage|p1a: Gyarados|9/100|[from] Sandstorm
|-damage|p2a: Conkeldurr|47/100|[from] Sandstorm
|-heal|p1a: Gyarados|15/100|[from] item: Leftovers
|-heal|p2a: Conkeldurr|53/100|[from] item: Leftovers
|upkeep
|turn|19
|
|t:|1744853050
|move|p1a: Gyarados|Waterfall|p2a: Conkeldurr
|-damage|p2a: Conkeldurr|14/100
|move|p2a: Conkeldurr|Thunder Punch|p1a: Gyarados
|-supereffective|p1a: Gyarados
|-end|p1a: Gyarados|Substitute
|
|-weather|Sandstorm|[upkeep]
|-damage|p1a: Gyarados|9/100|[from] Sandstorm
|-damage|p2a: Conkeldurr|8/100|[from] Sandstorm
|-heal|p1a: Gyarados|15/100|[from] item: Leftovers
|-heal|p2a: Conkeldurr|14/100|[from] item: Leftovers
|upkeep
|turn|20
|
|t:|1744853057
|move|p2a: Conkeldurr|Mach Punch|p1a: Gyarados
|-resisted|p1a: Gyarados
|-damage|p1a: Gyarados|3/100
|move|p1a: Gyarados|Waterfall|p2a: Conkeldurr
|-damage|p2a: Conkeldurr|0 fnt
|faint|p2a: Conkeldurr
|
|-weather|Sandstorm|[upkeep]
|-damage|p1a: Gyarados|0 fnt|[from] Sandstorm
|faint|p1a: Gyarados
|upkeep
|inactive|DubbedOn has 120 seconds left.
|
|t:|1744853079
|switch|p1a: Reuniclus|Reuniclus, M|100/100
|switch|p2a: Alakazam|Alakazam, F|100/100
|turn|21
|
|t:|1744853086
|move|p2a: Alakazam|Shadow Ball|p1a: Reuniclus
|-supereffective|p1a: Reuniclus
|-damage|p1a: Reuniclus|39/100
|move|p1a: Reuniclus|Trick Room|p1a: Reuniclus
|-fieldstart|move: Trick Room|[of] p1a: Reuniclus
|
|-weather|Sandstorm|[upkeep]
|upkeep
|turn|22
|inactive|DubbedOn has 120 seconds left.
|
|t:|1744853093
|move|p1a: Reuniclus|Shadow Ball|p2a: Alakazam
|-supereffective|p2a: Alakazam
|-damage|p2a: Alakazam|0 fnt
|faint|p2a: Alakazam
|
|-weather|Sandstorm|[upkeep]
|upkeep
|inactive|DubbedOn has 120 seconds left.
|
|t:|1744853100
|switch|p2a: Heatran|Heatran, F|88/100
|-damage|p2a: Heatran|76/100|[from] Stealth Rock
|turn|23
|inactive|DubbedOn has 120 seconds left.
|
|t:|1744853120
|move|p1a: Reuniclus|Focus Blast|p2a: Heatran|[miss]
|-miss|p1a: Reuniclus|p2a: Heatran
|move|p2a: Heatran|Sunny Day|p2a: Heatran
|-weather|SunnyDay
|
|-weather|SunnyDay|[upkeep]
|upkeep
|turn|24
|inactive|DubbedOn has 120 seconds left.
|
|t:|1744853129
|move|p2a: Heatran|Protect|p2a: Heatran
|-singleturn|p2a: Heatran|Protect
|move|p1a: Reuniclus|Focus Blast|p2a: Heatran
|-activate|p2a: Heatran|move: Protect
|
|-weather|SunnyDay|[upkeep]
|upkeep
|turn|25
|
|t:|1744853135
|move|p2a: Heatran|Protect|p2a: Heatran
|-singleturn|p2a: Heatran|Protect
|move|p1a: Reuniclus|Focus Blast|p2a: Heatran
|-activate|p2a: Heatran|move: Protect
|
|-weather|SunnyDay|[upkeep]
|-fieldend|move: Trick Room
|upkeep
|turn|26
|
|t:|1744853140
|move|p2a: Heatran|Magma Storm|p1a: Reuniclus
|-damage|p1a: Reuniclus|0 fnt
|faint|p1a: Reuniclus
|
|-weather|SunnyDay|[upkeep]
|upkeep
|
|t:|1744853143
|switch|p1a: Tyranitar|Tyranitar, M|51/100
|-weather|Sandstorm|[from] ability: Sand Stream|[of] p1a: Tyranitar
|turn|27
|
|t:|1744853150
|switch|p2a: Landorus|Landorus-Therian, M|100/100
|-damage|p2a: Landorus|88/100|[from] Stealth Rock
|-ability|p2a: Landorus|Intimidate|boost
|-unboost|p1a: Tyranitar|atk|1
|move|p1a: Tyranitar|Superpower|p2a: Landorus
|-resisted|p2a: Landorus
|-damage|p2a: Landorus|63/100
|-unboost|p1a: Tyranitar|atk|1
|-unboost|p1a: Tyranitar|def|1
|
|-weather|Sandstorm|[upkeep]
|-heal|p2a: Landorus|69/100|[from] item: Leftovers
|upkeep
|turn|28
|
|t:|1744853159
|switch|p1a: Conkeldurr|Conkeldurr, M|45/100
|move|p2a: Landorus|Earthquake|p1a: Conkeldurr
|-damage|p1a: Conkeldurr|0 fnt
|faint|p1a: Conkeldurr
|
|-weather|Sandstorm|[upkeep]
|-heal|p2a: Landorus|75/100|[from] item: Leftovers
|upkeep
|
|t:|1744853169
|switch|p1a: Excadrill|Excadrill, F|100/100
|-ability|p1a: Excadrill|Mold Breaker
|turn|29
|
|t:|1744853193
|switch|p2a: Heatran|Heatran, F|76/100
|-damage|p2a: Heatran|63/100|[from] Stealth Rock
|move|p1a: Excadrill|Iron Head|p2a: Heatran
|-resisted|p2a: Heatran
|-damage|p2a: Heatran|54/100
|
|-weather|Sandstorm|[upkeep]
|upkeep
|turn|30
|
|t:|1744853202
|move|p2a: Heatran|Magma Storm|p1a: Excadrill
|-supereffective|p1a: Excadrill
|-damage|p1a: Excadrill|0 fnt
|faint|p1a: Excadrill
|
|-weather|Sandstorm|[upkeep]
|upkeep
|-message|tbt123 forfeited.
|
|win|DubbedOn
|raw|tbt123's rating: 1339 &rarr; <strong>1318</strong><br />(-21 for losing)
|raw|DubbedOn's rating: 1326 &rarr; <strong>1347</strong><br />(+21 for winning)
|l|☆tbt123
|player|p1|
