|j|☆gaboelpro777
|j|☆BokayTrebuchet
|t:|1744838174
|gametype|singles
|player|p1|gaboelpro777|tuber|1372
|player|p2|BokayTrebuchet|parasollady|1335
|teamsize|p1|6
|teamsize|p2|6
|gen|5
|tier|[Gen 5] OU
|rated|
|rule|Species Clause: Limit one of each Pokémon
|rule|OHKO Clause: OHKO moves are banned
|rule|Moody Clause: Moody is banned
|rule|Evasion Items Clause: Evasion items are banned
|rule|Evasion Moves Clause: Evasion moves are banned
|rule|Endless Battle Clause: Forcing endless battles is banned
|rule|HP Percentage Mod: HP is shown in percentages
|rule|Evasion Abilities Clause: Evasion abilities are banned
|rule|Sleep Moves Clause: Sleep-inducing moves are banned
|rule|Swagger Clause: Swagger is banned
|rule|Baton Pass Stat Clause: No Baton Passer may have a way to boost its stats
|clearpoke
|poke|p1|Reuniclus, M|item
|poke|p1|Tyranitar, F|item
|poke|p1|Ferrothorn, F|item
|poke|p1|Jirachi|item
|poke|p1|Garchomp, M|item
|poke|p1|Excadrill, F|item
|poke|p2|Politoed, F|item
|poke|p2|Tentacruel, M|item
|poke|p2|Ferrothorn, M|item
|poke|p2|Thundurus-Therian, M|item
|poke|p2|Latios, M|item
|poke|p2|Garchomp, M|item
|teampreview
|inactive|Battle timer is ON: inactive players will automatically lose when time's up. (requested by gaboelpro777)
|
|t:|1744838214
|start
|switch|p1a: Garchomp|Garchomp, M|100/100
|switch|p2a: Ferrothorn|Ferrothorn, M|100/100
|turn|1
|
|t:|1744838223
|move|p1a: Garchomp|Stealth Rock|p2a: Ferrothorn
|-sidestart|p2: BokayTrebuchet|move: Stealth Rock
|move|p2a: Ferrothorn|Spikes|p1a: Garchomp
|-sidestart|p1: gaboelpro777|Spikes
|
|upkeep
|turn|2
|
|t:|1744838231
|move|p1a: Garchomp|Fire Blast|p2a: Ferrothorn
|-supereffective|p2a: Ferrothorn
|-damage|p2a: Ferrothorn|0 fnt
|faint|p2a: Ferrothorn
|-damage|p1a: Garchomp|91/100|[from] item: Life Orb
|
|upkeep
|
|t:|1744838240
|switch|p2a: Latios|Latios, M|100/100
|-damage|p2a: Latios|88/100|[from] Stealth Rock
|turn|3
|
|t:|1744838246
|switch|p1a: Ferrothorn|Ferrothorn, F|100/100
|-damage|p1a: Ferrothorn|88/100|[from] Spikes
|move|p2a: Latios|Draco Meteor|p1a: Ferrothorn
|-resisted|p1a: Ferrothorn
|-damage|p1a: Ferrothorn|41/100
|-unboost|p2a: Latios|spa|2
|
|-heal|p1a: Ferrothorn|47/100|[from] item: Leftovers
|upkeep
|turn|4
|
|t:|1744838255
|switch|p2a: Thundurus|Thundurus-Therian, M|100/100
|-damage|p2a: Thundurus|76/100|[from] Stealth Rock
|move|p1a: Ferrothorn|Leech Seed|p2a: Thundurus|[miss]
|-miss|p1a: Ferrothorn|p2a: Thundurus
|
|-heal|p2a: Thundurus|82/100|[from] item: Leftovers
|-heal|p1a: Ferrothorn|53/100|[from] item: Leftovers
|upkeep
|turn|5
|
|t:|1744838264
|switch|p1a: Reuniclus|Reuniclus, M|100/100
|move|p2a: Thundurus|Focus Blast|p1a: Reuniclus|[miss]
|-miss|p2a: Thundurus|p1a: Reuniclus
|
|-heal|p2a: Thundurus|88/100|[from] item: Leftovers
|upkeep
|turn|6
|
|t:|1744838272
|switch|p2a: Latios|Latios, M|88/100
|-damage|p2a: Latios|76/100|[from] Stealth Rock
|move|p1a: Reuniclus|Psyshock|p2a: Latios
|-resisted|p2a: Latios
|-damage|p2a: Latios|37/100
|
|upkeep
|turn|7
|
|t:|1744838289
|move|p2a: Latios|Draco Meteor|p1a: Reuniclus
|-damage|p1a: Reuniclus|0 fnt
|-unboost|p2a: Latios|spa|2
|faint|p1a: Reuniclus
|
|upkeep
|
|t:|1744838294
|switch|p1a: Ferrothorn|Ferrothorn, F|53/100
|-damage|p1a: Ferrothorn|41/100|[from] Spikes
|turn|8
|
|t:|1744838300
|switch|p2a: Thundurus|Thundurus-Therian, M|88/100
|-damage|p2a: Thundurus|63/100|[from] Stealth Rock
|move|p1a: Ferrothorn|Leech Seed|p2a: Thundurus|[miss]
|-miss|p1a: Ferrothorn|p2a: Thundurus
|
|-heal|p2a: Thundurus|69/100|[from] item: Leftovers
|-heal|p1a: Ferrothorn|47/100|[from] item: Leftovers
|upkeep
|turn|9
|
|t:|1744838314
|move|p2a: Thundurus|Focus Blast|p1a: Ferrothorn
|-supereffective|p1a: Ferrothorn
|-damage|p1a: Ferrothorn|0 fnt
|faint|p1a: Ferrothorn
|
|-heal|p2a: Thundurus|76/100|[from] item: Leftovers
|upkeep
|
|t:|1744838320
|switch|p1a: Tyranitar|Tyranitar, F|100/100
|-damage|p1a: Tyranitar|88/100|[from] Spikes
|-weather|Sandstorm|[from] ability: Sand Stream|[of] p1a: Tyranitar
|turn|10
|inactive|BokayTrebuchet has 120 seconds left.
|
|t:|1744838368
|move|p2a: Thundurus|Focus Blast|p1a: Tyranitar|[miss]
|-miss|p2a: Thundurus|p1a: Tyranitar
|move|p1a: Tyranitar|Stone Edge|p2a: Thundurus
|-supereffective|p2a: Thundurus
|-damage|p2a: Thundurus|0 fnt
|faint|p2a: Thundurus
|
|-weather|Sandstorm|[upkeep]
|upkeep
|
|t:|1744838375
|switch|p2a: Garchomp|Garchomp, M|100/100
|-damage|p2a: Garchomp|94/100|[from] Stealth Rock
|turn|11
|
|t:|1744838383
|switch|p1a: Garchomp|Garchomp, M|91/100
|-damage|p1a: Garchomp|78/100|[from] Spikes
|move|p2a: Garchomp|Earthquake|p1a: Garchomp
|-damage|p1a: Garchomp|18/100
|
|-weather|Sandstorm|[upkeep]
|upkeep
|turn|12
|
|t:|1744838386
|move|p2a: Garchomp|Earthquake|p1a: Garchomp
|-damage|p1a: Garchomp|0 fnt
|faint|p1a: Garchomp
|
|-weather|Sandstorm|[upkeep]
|upkeep
|
|t:|1744838390
|switch|p1a: Excadrill|Excadrill, F|100/100
|-item|p1a: Excadrill|Air Balloon
|turn|13
|
|t:|1744838401
|switch|p2a: Tentacruel|Tentacruel, M|100/100
|-damage|p2a: Tentacruel|88/100|[from] Stealth Rock
|move|p1a: Excadrill|Iron Head|p2a: Tentacruel
|-resisted|p2a: Tentacruel
|-damage|p2a: Tentacruel|57/100
|
|-weather|Sandstorm|[upkeep]
|-damage|p2a: Tentacruel|51/100|[from] Sandstorm
|-heal|p2a: Tentacruel|57/100|[from] item: Black Sludge
|upkeep
|turn|14
|
|t:|1744838409
|switch|p1a: Jirachi|Jirachi|100/100
|-damage|p1a: Jirachi|88/100|[from] Spikes
|move|p2a: Tentacruel|Scald|p1a: Jirachi
|-damage|p1a: Jirachi|66/100
|
|-weather|Sandstorm|[upkeep]
|-damage|p2a: Tentacruel|51/100|[from] Sandstorm
|-heal|p2a: Tentacruel|57/100|[from] item: Black Sludge
|upkeep
|turn|15
|
|t:|1744838413
|move|p1a: Jirachi|Zen Headbutt|p2a: Tentacruel|[miss]
|-miss|p1a: Jirachi|p2a: Tentacruel
|move|p2a: Tentacruel|Rapid Spin|p1a: Jirachi
|-resisted|p1a: Jirachi
|-damage|p1a: Jirachi|64/100
|-sideend|p2: BokayTrebuchet|Stealth Rock|[from] move: Rapid Spin|[of] p2a: Tentacruel
|
|-weather|Sandstorm|[upkeep]
|-damage|p2a: Tentacruel|51/100|[from] Sandstorm
|-heal|p2a: Tentacruel|57/100|[from] item: Black Sludge
|upkeep
|turn|16
|
|t:|1744838418
|switch|p2a: Politoed|Politoed, F|100/100
|-weather|RainDance|[from] ability: Drizzle|[of] p2a: Politoed
|move|p1a: Jirachi|Zen Headbutt|p2a: Politoed
|-damage|p2a: Politoed|76/100
|
|-weather|RainDance|[upkeep]
|-heal|p2a: Politoed|82/100|[from] item: Leftovers
|upkeep
|turn|17
|
|t:|1744838433
|switch|p2a: Latios|Latios, M|37/100
|move|p1a: Jirachi|Zen Headbutt|p2a: Latios
|-resisted|p2a: Latios
|-damage|p2a: Latios|12/100
|
|-weather|RainDance|[upkeep]
|upkeep
|turn|18
|
|t:|1744838439
|move|p1a: Jirachi|Zen Headbutt|p2a: Latios
|-resisted|p2a: Latios
|-damage|p2a: Latios|0 fnt
|faint|p2a: Latios
|
|-weather|RainDance|[upkeep]
|upkeep
|
|t:|1744838446
|switch|p2a: Politoed|Politoed, F|82/100
|turn|19
|
|t:|1744838449
|move|p1a: Jirachi|Zen Headbutt|p2a: Politoed
|-damage|p2a: Politoed|56/100
|move|p2a: Politoed|Scald|p1a: Jirachi
|-damage|p1a: Jirachi|27/100
|-status|p1a: Jirachi|brn
|
|-weather|RainDance|[upkeep]
|-heal|p2a: Politoed|62/100|[from] item: Leftovers
|-damage|p1a: Jirachi|14/100 brn|[from] brn
|upkeep
|turn|20
|
|t:|1744838457
|move|p2a: Politoed|Protect|p2a: Politoed
|-singleturn|p2a: Politoed|Protect
|move|p1a: Jirachi|Zen Headbutt|p2a: Politoed
|-activate|p2a: Politoed|move: Protect
|
|-weather|RainDance|[upkeep]
|-heal|p2a: Politoed|68/100|[from] item: Leftovers
|-damage|p1a: Jirachi|2/100 brn|[from] brn
|upkeep
|turn|21
|
|t:|1744838465
|move|p2a: Politoed|Protect||[still]
|-fail|p2a: Politoed
|move|p1a: Jirachi|Zen Headbutt|p2a: Politoed
|-damage|p2a: Politoed|55/100
|
|-weather|RainDance|[upkeep]
|-heal|p2a: Politoed|61/100|[from] item: Leftovers
|-damage|p1a: Jirachi|0 fnt|[from] brn
|faint|p1a: Jirachi
|upkeep
|
|t:|1744838469
|switch|p1a: Tyranitar|Tyranitar, F|88/100
|-damage|p1a: Tyranitar|76/100|[from] Spikes
|-weather|Sandstorm|[from] ability: Sand Stream|[of] p1a: Tyranitar
|turn|22
|
|t:|1744838478
|switch|p2a: Tentacruel|Tentacruel, M|57/100
|move|p1a: Tyranitar|Dragon Dance|p1a: Tyranitar
|-boost|p1a: Tyranitar|atk|1
|-boost|p1a: Tyranitar|spe|1
|
|-weather|Sandstorm|[upkeep]
|-damage|p2a: Tentacruel|51/100|[from] Sandstorm
|-heal|p2a: Tentacruel|57/100|[from] item: Black Sludge
|upkeep
|turn|23
|
|t:|1744838488
|move|p1a: Tyranitar|Dragon Dance|p1a: Tyranitar
|-boost|p1a: Tyranitar|atk|1
|-boost|p1a: Tyranitar|spe|1
|move|p2a: Tentacruel|Toxic|p1a: Tyranitar
|-status|p1a: Tyranitar|tox
|
|-weather|Sandstorm|[upkeep]
|-damage|p2a: Tentacruel|51/100|[from] Sandstorm
|-heal|p2a: Tentacruel|57/100|[from] item: Black Sludge
|-damage|p1a: Tyranitar|70/100 tox|[from] psn
|upkeep
|turn|24
|
|t:|1744838499
|move|p2a: Tentacruel|Protect|p2a: Tentacruel
|-singleturn|p2a: Tentacruel|Protect
|move|p1a: Tyranitar|Earthquake|p2a: Tentacruel
|-activate|p2a: Tentacruel|move: Protect
|
|-weather|Sandstorm|[upkeep]
|-damage|p2a: Tentacruel|51/100|[from] Sandstorm
|-heal|p2a: Tentacruel|57/100|[from] item: Black Sludge
|-damage|p1a: Tyranitar|57/100 tox|[from] psn
|upkeep
|turn|25
|
|t:|1744838504
|switch|p2a: Politoed|Politoed, F|61/100
|-weather|RainDance|[from] ability: Drizzle|[of] p2a: Politoed
|move|p1a: Tyranitar|Earthquake|p2a: Politoed
|-crit|p2a: Politoed
|-damage|p2a: Politoed|0 fnt
|faint|p2a: Politoed
|
|-weather|RainDance|[upkeep]
|-damage|p1a: Tyranitar|39/100 tox|[from] psn
|upkeep
|
|t:|1744838511
|switch|p2a: Tentacruel|Tentacruel, M|57/100
|turn|26
|
|t:|1744838518
|move|p2a: Tentacruel|Protect|p2a: Tentacruel
|-singleturn|p2a: Tentacruel|Protect
|move|p1a: Tyranitar|Earthquake|p2a: Tentacruel
|-activate|p2a: Tentacruel|move: Protect
|
|-weather|RainDance|[upkeep]
|-heal|p2a: Tentacruel|63/100|[from] ability: Rain Dish
|-heal|p2a: Tentacruel|69/100|[from] item: Black Sludge
|-damage|p1a: Tyranitar|14/100 tox|[from] psn
|upkeep
|turn|27
|
|t:|1744838528
|switch|p2a: Garchomp|Garchomp, M|94/100
|move|p1a: Tyranitar|Earthquake|p2a: Garchomp
|-crit|p2a: Garchomp
|-damage|p2a: Garchomp|0 fnt
|faint|p2a: Garchomp
|
|-weather|RainDance|[upkeep]
|-damage|p1a: Tyranitar|0 fnt|[from] psn
|faint|p1a: Tyranitar
|upkeep
|
|t:|1744838533
|switch|p2a: Tentacruel|Tentacruel, M|69/100
|switch|p1a: Excadrill|Excadrill, F|100/100
|-item|p1a: Excadrill|Air Balloon
|turn|28
|
|t:|1744838536
|move|p2a: Tentacruel|Scald|p1a: Excadrill
|-supereffective|p1a: Excadrill
|-damage|p1a: Excadrill|9/100
|-enditem|p1a: Excadrill|Air Balloon
|move|p1a: Excadrill|Earthquake|p2a: Tentacruel
|-supereffective|p2a: Tentacruel
|-damage|p2a: Tentacruel|0 fnt
|faint|p2a: Tentacruel
|
|win|gaboelpro777
|raw|gaboelpro777's rating: 1372 &rarr; <strong>1390</strong><br />(+18 for winning)
|raw|BokayTrebuchet's rating: 1335 &rarr; <strong>1317</strong><br />(-18 for losing)
|l|☆gaboelpro777
|player|p1|
|l|☆BokayTrebuchet
|player|p2|
|j|☆BokayTrebuchet
|player|p2|BokayTrebuchet|parasollady|
|l|☆BokayTrebuchet
|player|p2|
|j|☆BokayTrebuchet
|player|p2|BokayTrebuchet|parasollady|
|l|☆BokayTrebuchet
|player|p2|
|j|☆BokayTrebuchet
|player|p2|BokayTrebuchet|parasollady|
