|j|☆Br0ken Promises
|j|☆Dioporseo
|player|p1|Br0ken Promises|101
|player|p2|Dioporseo|290
|teamsize|p1|6
|teamsize|p2|6
|gametype|singles
|gen|5
|tier|[Gen 5] OU
|rated|
|rule|Sleep Clause Mod: Limit one foe put to sleep
|rule|Species Clause: Limit one of each Pokémon
|rule|OHKO Clause: OHKO moves are banned
|rule|Moody Clause: Moody is banned
|rule|Evasion Moves Clause: Evasion moves are banned
|rule|Endless Battle Clause: Forcing endless battles is banned
|rule|HP Percentage Mod: HP is shown in percentages
|rule|Evasion Abilities Clause: Evasion abilities are banned
|rule|Baton Pass Clause: Limit one Baton Passer, can't pass Spe and other stats simultaneously
|rule|Swagger Clause: Swagger is banned
|clearpoke
|poke|p1|Politoed, F|item
|poke|p1|Tornadus, M|item
|poke|p1|Garchomp, M|item
|poke|p1|Ferrothorn, F|item
|poke|p1|Starmie|item
|poke|p1|Keldeo-Resolute|item
|poke|p2|Azelf|item
|poke|p2|Terrakion|item
|poke|p2|Volcarona, F|item
|poke|p2|Excadrill, F|item
|poke|p2|Reuniclus, M|item
|poke|p2|Latias, F|item
|teampreview
|
|start
|switch|p1a: Politoed|Politoed, F, shiny|100/100
|switch|p2a: Azelf|Azelf|100/100
|-weather|RainDance|[from] ability: Drizzle|[of] p1a: Politoed
|turn|1
|inactive|Battle timer is ON: inactive players will automatically lose when time's up. (requested by Dioporseo)
|
|move|p2a: Azelf|Light Screen|p2a: Azelf
|-sidestart|p2: Dioporseo|move: Light Screen
|move|p1a: Politoed|Hydro Pump|p2a: Azelf
|-damage|p2a: Azelf|50/100
|
|-weather|RainDance|[upkeep]
|upkeep
|turn|2
|
|move|p2a: Azelf|Reflect|p2a: Azelf
|-sidestart|p2: Dioporseo|Reflect
|move|p1a: Politoed|Hydro Pump|p2a: Azelf
|-crit|p2a: Azelf
|-damage|p2a: Azelf|0 fnt
|faint|p2a: Azelf
|
|-weather|RainDance|[upkeep]
|upkeep
|
|switch|p2a: Reuniclus|Reuniclus, M|100/100
|turn|3
|
|move|p1a: Politoed|Hypnosis|p2a: Reuniclus|[miss]
|-miss|p1a: Politoed|p2a: Reuniclus
|move|p2a: Reuniclus|Calm Mind|p2a: Reuniclus
|-boost|p2a: Reuniclus|spa|1
|-boost|p2a: Reuniclus|spd|1
|
|-weather|RainDance|[upkeep]
|upkeep
|turn|4
|
|move|p1a: Politoed|Hypnosis|p2a: Reuniclus|[miss]
|-miss|p1a: Politoed|p2a: Reuniclus
|move|p2a: Reuniclus|Calm Mind|p2a: Reuniclus
|-boost|p2a: Reuniclus|spa|1
|-boost|p2a: Reuniclus|spd|1
|
|-weather|RainDance|[upkeep]
|upkeep
|turn|5
|
|move|p1a: Politoed|Hypnosis|p2a: Reuniclus
|-status|p2a: Reuniclus|slp
|cant|p2a: Reuniclus|slp
|
|-weather|RainDance|[upkeep]
|upkeep
|turn|6
|
|switch|p1a: Garchomp|Garchomp, M|100/100
|cant|p2a: Reuniclus|slp
|
|-weather|RainDance|[upkeep]
|upkeep
|turn|7
|
|move|p1a: Garchomp|Swords Dance|p1a: Garchomp
|-boost|p1a: Garchomp|atk|2
|cant|p2a: Reuniclus|slp
|
|-weather|RainDance|[upkeep]
|upkeep
|turn|8
|
|move|p1a: Garchomp|Outrage|p2a: Reuniclus
|-damage|p2a: Reuniclus|54/100 slp
|-curestatus|p2a: Reuniclus|slp|[msg]
|move|p2a: Reuniclus|Psyshock|p1a: Garchomp
|-crit|p1a: Garchomp
|-damage|p1a: Garchomp|0 fnt
|faint|p1a: Garchomp
|
|-weather|RainDance|[upkeep]
|-heal|p2a: Reuniclus|60/100|[from] item: Leftovers
|-sideend|p2: Dioporseo|move: Light Screen
|upkeep
|
|switch|p1a: Politoed|Politoed, F, shiny|100/100
|turn|9
|
|move|p1a: Politoed|Hypnosis|p2a: Reuniclus
|-status|p2a: Reuniclus|slp
|cant|p2a: Reuniclus|slp
|
|-weather|RainDance|[upkeep]
|-heal|p2a: Reuniclus|66/100 slp|[from] item: Leftovers
|-sideend|p2: Dioporseo|Reflect
|upkeep
|turn|10
|
|switch|p1a: Tornadus|Tornadus, M|100/100
|cant|p2a: Reuniclus|slp
|
|-weather|RainDance|[upkeep]
|-heal|p2a: Reuniclus|72/100 slp|[from] item: Leftovers
|upkeep
|turn|11
|
|move|p1a: Tornadus|Hurricane|p2a: Reuniclus
|-damage|p2a: Reuniclus|29/100 slp
|cant|p2a: Reuniclus|slp
|
|-weather|RainDance|[upkeep]
|-heal|p2a: Reuniclus|35/100 slp|[from] item: Leftovers
|upkeep
|turn|12
|
|move|p1a: Tornadus|Hurricane|p2a: Reuniclus
|-damage|p2a: Reuniclus|0 fnt
|faint|p2a: Reuniclus
|
|-weather|RainDance|[upkeep]
|upkeep
|
|switch|p2a: Latias|Latias, F|100/100
|turn|13
|
|switch|p1a: Ferrothorn|Ferrothorn, F, shiny|100/100
|move|p2a: Latias|Light Screen|p2a: Latias
|-sidestart|p2: Dioporseo|move: Light Screen
|
|-weather|RainDance|[upkeep]
|upkeep
|turn|14
|
|move|p2a: Latias|Reflect|p2a: Latias
|-sidestart|p2: Dioporseo|Reflect
|move|p1a: Ferrothorn|Stealth Rock|p2a: Latias
|-sidestart|p2: Dioporseo|move: Stealth Rock
|
|-weather|RainDance|[upkeep]
|upkeep
|turn|15
|
|switch|p2a: Excadrill|Excadrill, F|100/100
|-damage|p2a: Excadrill|98/100|[from] Stealth Rock
|-ability|p2a: Excadrill|Mold Breaker
|move|p1a: Ferrothorn|Leech Seed|p2a: Excadrill
|-start|p2a: Excadrill|move: Leech Seed
|
|-weather|RainDance|[upkeep]
|-heal|p2a: Excadrill|100/100|[from] item: Leftovers
|-damage|p2a: Excadrill|88/100|[from] Leech Seed|[of] p1a: Ferrothorn
|upkeep
|turn|16
|
|move|p2a: Excadrill|Swords Dance|p2a: Excadrill
|-boost|p2a: Excadrill|atk|2
|move|p1a: Ferrothorn|Stealth Rock||[still]
|-fail|p1a: Ferrothorn
|
|-weather|RainDance|[upkeep]
|-heal|p2a: Excadrill|94/100|[from] item: Leftovers
|-damage|p2a: Excadrill|82/100|[from] Leech Seed|[of] p1a: Ferrothorn
|upkeep
|turn|17
|
|switch|p1a: Tornadus|Tornadus, M|100/100
|move|p2a: Excadrill|Rapid Spin|p1a: Tornadus
|-damage|p1a: Tornadus|81/100
|-end|p2a: Excadrill|Leech Seed|[from] move: Rapid Spin|[of] p2a: Excadrill
|-sideend|p2: Dioporseo|Stealth Rock|[from] move: Rapid Spin|[of] p2a: Excadrill
|
|-weather|RainDance|[upkeep]
|-heal|p2a: Excadrill|88/100|[from] item: Leftovers
|upkeep
|turn|18
|
|move|p1a: Tornadus|U-turn|p2a: Excadrill
|-resisted|p2a: Excadrill
|-damage|p2a: Excadrill|83/100
|
|switch|p1a: Ferrothorn|Ferrothorn, F, shiny|100/100
|move|p2a: Excadrill|Iron Head|p1a: Ferrothorn
|-resisted|p1a: Ferrothorn
|-damage|p1a: Ferrothorn|74/100
|-damage|p2a: Excadrill|71/100|[from] ability: Iron Barbs|[of] p1a: Ferrothorn
|
|-weather|RainDance|[upkeep]
|-heal|p2a: Excadrill|77/100|[from] item: Leftovers
|-heal|p1a: Ferrothorn|80/100|[from] item: Leftovers
|upkeep
|turn|19
|
|move|p2a: Excadrill|Swords Dance|p2a: Excadrill
|-boost|p2a: Excadrill|atk|2
|move|p1a: Ferrothorn|Stealth Rock|p2a: Excadrill
|-sidestart|p2: Dioporseo|move: Stealth Rock
|
|-weather|RainDance|[upkeep]
|-heal|p2a: Excadrill|83/100|[from] item: Leftovers
|-heal|p1a: Ferrothorn|86/100|[from] item: Leftovers
|upkeep
|turn|20
|
|switch|p1a: Starmie|Starmie, shiny|100/100
|move|p2a: Excadrill|Iron Head|p1a: Starmie
|-resisted|p1a: Starmie
|-damage|p1a: Starmie|23/100
|
|-weather|RainDance|[upkeep]
|-heal|p2a: Excadrill|89/100|[from] item: Leftovers
|-sideend|p2: Dioporseo|move: Light Screen
|upkeep
|turn|21
|
|switch|p2a: Latias|Latias, F|100/100
|-damage|p2a: Latias|88/100|[from] Stealth Rock
|move|p1a: Starmie|Scald|p2a: Latias
|-resisted|p2a: Latias
|-damage|p2a: Latias|68/100
|-status|p2a: Latias|brn
|
|-weather|RainDance|[upkeep]
|-damage|p2a: Latias|56/100 brn|[from] brn
|-sideend|p2: Dioporseo|Reflect
|upkeep
|turn|22
|
|move|p1a: Starmie|Recover|p1a: Starmie
|-heal|p1a: Starmie|73/100
|move|p2a: Latias|Light Screen|p2a: Latias
|-sidestart|p2: Dioporseo|move: Light Screen
|
|-weather|RainDance|[upkeep]
|-damage|p2a: Latias|44/100 brn|[from] brn
|upkeep
|turn|23
|
|move|p1a: Starmie|Scald|p2a: Latias
|-resisted|p2a: Latias
|-crit|p2a: Latias
|-damage|p2a: Latias|8/100 brn
|move|p2a: Latias|Draco Meteor|p1a: Starmie
|-damage|p1a: Starmie|0 fnt
|-unboost|p2a: Latias|spa|2
|faint|p1a: Starmie
|
|-weather|RainDance|[upkeep]
|-damage|p2a: Latias|0 fnt|[from] brn
|faint|p2a: Latias
|upkeep
|
|switch|p1a: Keldeo|Keldeo-Resolute|100/100
|switch|p2a: Excadrill|Excadrill, F|89/100
|-damage|p2a: Excadrill|86/100|[from] Stealth Rock
|-ability|p2a: Excadrill|Mold Breaker
|turn|24
|
|move|p1a: Keldeo|Surf|p2a: Excadrill
|-supereffective|p2a: Excadrill
|-damage|p2a: Excadrill|23/100
|move|p2a: Excadrill|Rapid Spin|p1a: Keldeo
|-damage|p1a: Keldeo|92/100
|-sideend|p2: Dioporseo|Stealth Rock|[from] move: Rapid Spin|[of] p2a: Excadrill
|
|-weather|RainDance|[upkeep]
|-heal|p2a: Excadrill|29/100|[from] item: Leftovers
|upkeep
|turn|25
|
|switch|p1a: Ferrothorn|Ferrothorn, F, shiny|86/100
|move|p2a: Excadrill|Earthquake|p1a: Ferrothorn
|-crit|p1a: Ferrothorn
|-damage|p1a: Ferrothorn|15/100
|
|-weather|RainDance|[upkeep]
|-heal|p2a: Excadrill|35/100|[from] item: Leftovers
|-heal|p1a: Ferrothorn|21/100|[from] item: Leftovers
|upkeep
|turn|26
|
|switch|p1a: Tornadus|Tornadus, M|81/100
|move|p2a: Excadrill|Iron Head|p1a: Tornadus
|-damage|p1a: Tornadus|14/100
|
|-weather|RainDance|[upkeep]
|-heal|p2a: Excadrill|42/100|[from] item: Leftovers
|upkeep
|turn|27
|
|move|p1a: Tornadus|U-turn|p2a: Excadrill
|-resisted|p2a: Excadrill
|-damage|p2a: Excadrill|31/100
|
|switch|p1a: Politoed|Politoed, F, shiny|100/100
|move|p2a: Excadrill|Iron Head|p1a: Politoed
|-resisted|p1a: Politoed
|-damage|p1a: Politoed|76/100
|
|-weather|RainDance|[upkeep]
|-heal|p2a: Excadrill|38/100|[from] item: Leftovers
|upkeep
|turn|28
|
|move|p2a: Excadrill|Earthquake|p1a: Politoed
|-damage|p1a: Politoed|11/100
|move|p1a: Politoed|Hypnosis|p2a: Excadrill
|-status|p2a: Excadrill|slp
|
|-weather|RainDance|[upkeep]
|-heal|p2a: Excadrill|44/100 slp|[from] item: Leftovers
|upkeep
|turn|29
|-enditem|p1a: Politoed|Custap Berry|[eat]
|-activate|p1a: Politoed|item: Custap Berry|[consumed]
|
|switch|p2a: Volcarona|Volcarona, F|100/100
|move|p1a: Politoed|Hydro Pump|p2a: Volcarona
|-supereffective|p2a: Volcarona
|-damage|p2a: Volcarona|14/100
|
|-weather|RainDance|[upkeep]
|-sideend|p2: Dioporseo|move: Light Screen
|upkeep
|turn|30
|
|move|p2a: Volcarona|Giga Drain|p1a: Politoed
|-supereffective|p1a: Politoed
|-damage|p1a: Politoed|0 fnt
|-heal|p2a: Volcarona|20/100|[from] drain|[of] p1a: Politoed
|-damage|p2a: Volcarona|10/100|[from] item: Life Orb
|faint|p1a: Politoed
|
|-weather|RainDance|[upkeep]
|upkeep
|
|switch|p1a: Keldeo|Keldeo-Resolute|92/100
|turn|31
|
|switch|p2a: Excadrill|Excadrill, F|44/100 slp
|-ability|p2a: Excadrill|Mold Breaker
|move|p1a: Keldeo|Surf|p2a: Excadrill
|-supereffective|p2a: Excadrill
|-damage|p2a: Excadrill|0 fnt
|faint|p2a: Excadrill
|
|-weather|RainDance|[upkeep]
|upkeep
|
|switch|p2a: Terrakion|Terrakion|100/100
|turn|32
|
|move|p1a: Keldeo|Surf|p2a: Terrakion
|-supereffective|p2a: Terrakion
|-damage|p2a: Terrakion|0 fnt
|faint|p2a: Terrakion
|
|-weather|RainDance|[upkeep]
|upkeep
|
|switch|p2a: Volcarona|Volcarona, F|10/100
|turn|33
|
|move|p1a: Keldeo|Surf|p2a: Volcarona
|-supereffective|p2a: Volcarona
|-damage|p2a: Volcarona|0 fnt
|faint|p2a: Volcarona
|
|win|Br0ken Promises
|raw|Br0ken Promises's rating: 1381 &rarr; <strong>1399</strong><br />(+18 for winning)
|raw|Dioporseo's rating: 1346 &rarr; <strong>1328</strong><br />(-18 for losing)
