|join|manectriclol
|join|shadowist
|player|p1|manectriclol|1
|player|p2|shadowist|269
|gametype|singles
|gen|5
|tier|[Gen 5] OU
|rated
|rule|Evasion Abilities Clause: Evasion abilities are banned
|clearpoke
|poke|p1|Landorus-Therian, M, shiny
|poke|p1|Rotom-Wash, shiny
|poke|p1|Latias, F, shiny
|poke|p1|Ditto
|poke|p1|Registeel
|poke|p1|Celebi, shiny
|poke|p2|Politoed, F
|poke|p2|Volcarona, M
|poke|p2|Gastrodon, F
|poke|p2|Toxicroak, F
|poke|p2|Starmie
|poke|p2|Ferrothorn, F
|rule|Sleep Clause Mod: Limit one foe put to sleep
|rule|Species Clause: Limit one of each Pokemon
|rule|OHKO Clause: OHKO moves are banned
|rule|Moody Clause: Moody is banned
|rule|Evasion Moves Clause: Evasion moves are banned
|rule|Endless Battle Clause: Forcing endless battles is banned.
|rule|HP Percentage Mod: HP is reported as percentages
|teampreview
|
|start
|switch|p1a: Overused|Celebi, shiny|359/359
|switch|p2a: Politoed|Politoed, F|384/384
|-weather|RainDance|[from] ability: Drizzle|[of] p2a: Politoed
|turn|1
|
|switch|p2a: Ferrothorn|Ferrothorn, F|352/352
|move|p1a: Overused|Psychic|p2a: Ferrothorn
|-resisted|p2a: Ferrothorn
|-damage|p2a: Ferrothorn|283/352
|-unboost|p2a: Ferrothorn|spd|1
|-damage|p1a: Overused|324/359|[from] item: Life Orb
|
|-weather|RainDance|[upkeep]
|-heal|p2a: Ferrothorn|305/352|[from] item: Leftovers
|turn|2
|
|move|p2a: Ferrothorn|Protect|p2a: Ferrothorn
|-singleturn|p2a: Ferrothorn|Protect
|move|p1a: Overused|Hidden Power|p2a: Ferrothorn
|-activate|p2a: Ferrothorn|Protect
|
|-weather|RainDance|[upkeep]
|-heal|p2a: Ferrothorn|327/352|[from] item: Leftovers
|turn|3
|
|switch|p2a: Starmie|Starmie|261/261
|move|p1a: Overused|Psychic|p2a: Starmie
|-resisted|p2a: Starmie
|-damage|p2a: Starmie|156/261
|-damage|p1a: Overused|289/359|[from] item: Life Orb
|
|-weather|RainDance|[upkeep]
|-heal|p2a: Starmie|172/261|[from] item: Leftovers
|turn|4
|
|switch|p2a: Ferrothorn|Ferrothorn, F|327/352
|move|p1a: Overused|Leaf Storm|p2a: Ferrothorn
|-crit|p2a: Ferrothorn
|-resisted|p2a: Ferrothorn
|-damage|p2a: Ferrothorn|213/352
|-unboost|p1a: Overused|spa|2
|-damage|p1a: Overused|254/359|[from] item: Life Orb
|
|-weather|RainDance|[upkeep]
|-heal|p2a: Ferrothorn|235/352|[from] item: Leftovers
|turn|5
|
|switch|p1a: Underated|Registeel|363/363
|move|p2a: Ferrothorn|Stealth Rock|p1a: Underated
|-sidestart|p1: manectriclol|move: Stealth Rock
|
|-weather|RainDance|[upkeep]
|-heal|p2a: Ferrothorn|257/352|[from] item: Leftovers
|turn|6
|
|move|p1a: Underated|Stealth Rock|p2a: Ferrothorn
|-sidestart|p2: shadowist|move: Stealth Rock
|move|p2a: Ferrothorn|Leech Seed|p1a: Underated|[miss]
|-miss|p2a: Ferrothorn|p1a: Underated
|
|-weather|RainDance|[upkeep]
|-heal|p2a: Ferrothorn|279/352|[from] item: Leftovers
|turn|7
|
|move|p1a: Underated|Thunder Wave|p2a: Ferrothorn
|-status|p2a: Ferrothorn|par
|move|p2a: Ferrothorn|Leech Seed|p1a: Underated
|-start|p1a: Underated|move: Leech Seed
|
|-weather|RainDance|[upkeep]
|-heal|p2a: Ferrothorn|301/352 par|[from] item: Leftovers
|-damage|p1a: Underated|318/363|[from] Leech Seed|[of] p2a: Ferrothorn
|-heal|p2a: Ferrothorn|346/352 par|[silent]
|turn|8
|
|switch|p1a: Overused|Celebi, shiny|254/359
|-damage|p1a: Overused|210/359|[from] Stealth Rock
|switch|p2a: Starmie|Starmie|172/261
|-damage|p2a: Starmie|140/261|[from] Stealth Rock
|
|-weather|RainDance|[upkeep]
|-heal|p2a: Starmie|156/261|[from] item: Leftovers
|turn|9
|
|switch|p2a: Ferrothorn|Ferrothorn, F|346/352 par
|-damage|p2a: Ferrothorn|324/352 par|[from] Stealth Rock
|move|p1a: Overused|Leaf Storm|p2a: Ferrothorn
|-resisted|p2a: Ferrothorn
|-damage|p2a: Ferrothorn|272/352 par
|-unboost|p1a: Overused|spa|2
|-damage|p1a: Overused|175/359|[from] item: Life Orb
|
|-weather|RainDance|[upkeep]
|-heal|p2a: Ferrothorn|294/352 par|[from] item: Leftovers
|turn|10
|
|switch|p2a: Starmie|Starmie|156/261
|-damage|p2a: Starmie|124/261|[from] Stealth Rock
|move|p1a: Overused|Recover|p1a: Overused
|-heal|p1a: Overused|355/359
|
|-weather|RainDance|[upkeep]
|-heal|p2a: Starmie|140/261|[from] item: Leftovers
|turn|11
|
|move|p2a: Starmie|Rapid Spin|p1a: Overused
|-damage|p1a: Overused|344/359
|-sideend|p2: shadowist|Stealth Rock|[from] move: Rapid Spin|[of] p2a: Starmie
|move|p1a: Overused|Leaf Storm|p2a: Starmie|[miss]
|-miss|p1a: Overused|p2a: Starmie
|
|-weather|RainDance|[upkeep]
|-heal|p2a: Starmie|156/261|[from] item: Leftovers
|turn|12
|
|switch|p2a: Volcarona|Volcarona, M|311/311
|switch|p1a: Underated|Registeel|318/363
|-damage|p1a: Underated|296/363|[from] Stealth Rock
|
|-weather|RainDance|[upkeep]
|-heal|p1a: Underated|318/363|[from] item: Leftovers
|turn|13
|
|move|p2a: Volcarona|Quiver Dance|p2a: Volcarona
|-boost|p2a: Volcarona|spa|1
|-boost|p2a: Volcarona|spd|1
|-boost|p2a: Volcarona|spe|1
|move|p1a: Underated|Thunder Wave|p2a: Volcarona
|-status|p2a: Volcarona|par
|
|-weather|RainDance|[upkeep]
|-heal|p1a: Underated|340/363|[from] item: Leftovers
|turn|14
|
|move|p1a: Underated|Stealth Rock|p2a: Volcarona
|-sidestart|p2: shadowist|move: Stealth Rock
|cant|p2a: Volcarona|par
|
|-weather|RainDance|[upkeep]
|-heal|p1a: Underated|362/363|[from] item: Leftovers
|turn|15
|
|move|p1a: Underated|Earthquake|p2a: Volcarona
|-damage|p2a: Volcarona|173/311 par
|move|p2a: Volcarona|Fire Blast|p1a: Underated
|-supereffective|p1a: Underated
|-damage|p1a: Underated|108/363
|
|-weather|RainDance|[upkeep]
|-heal|p1a: Underated|130/363|[from] item: Leftovers
|-heal|p2a: Volcarona|192/311 par|[from] item: Leftovers
|turn|16
|
|move|p1a: Underated|Earthquake|p2a: Volcarona
|-damage|p2a: Volcarona|55/311 par
|move|p2a: Volcarona|Fire Blast|p1a: Underated
|-supereffective|p1a: Underated
|-damage|p1a: Underated|0 fnt
|faint|p1a: Underated
|
|-weather|RainDance|[upkeep]
|-heal|p2a: Volcarona|74/311 par|[from] item: Leftovers
|
|switch|p1a: Focus sash|Ditto|299/299
|-damage|p1a: Focus sash|262/299|[from] Stealth Rock
|-transform|p1a: Focus sash|p2a: Volcarona
|turn|17
|
|move|p1a: Focus sash|Hurricane|p2a: Volcarona
|-supereffective|p2a: Volcarona
|-damage|p2a: Volcarona|0 fnt
|faint|p2a: Volcarona
|
|-weather|RainDance|[upkeep]
|
|switch|p2a: Ferrothorn|Ferrothorn, F|294/352 par
|-damage|p2a: Ferrothorn|272/352 par|[from] Stealth Rock
|turn|18
|
|move|p2a: Ferrothorn|Protect|p2a: Ferrothorn
|-singleturn|p2a: Ferrothorn|Protect
|move|p1a: Focus sash|Hurricane|p2a: Ferrothorn
|-activate|p2a: Ferrothorn|Protect
|
|-weather|RainDance|[upkeep]
|-heal|p2a: Ferrothorn|294/352 par|[from] item: Leftovers
|turn|19
|
|move|p1a: Focus sash|Hurricane|p2a: Ferrothorn
|-damage|p2a: Ferrothorn|129/352 par
|move|p2a: Ferrothorn|Leech Seed|p1a: Focus sash
|-start|p1a: Focus sash|move: Leech Seed
|
|-weather|RainDance|[upkeep]
|-heal|p2a: Ferrothorn|151/352 par|[from] item: Leftovers
|-damage|p1a: Focus sash|225/299|[from] Leech Seed|[of] p2a: Ferrothorn
|-heal|p2a: Ferrothorn|188/352 par|[silent]
|turn|20
|
|switch|p1a: I'm random|Rotom-Wash, shiny|299/299
|-damage|p1a: I'm random|262/299|[from] Stealth Rock
|move|p2a: Ferrothorn|Power Whip|p1a: I'm random
|-supereffective|p1a: I'm random
|-damage|p1a: I'm random|22/299
|
|-weather|RainDance|[upkeep]
|-heal|p2a: Ferrothorn|210/352 par|[from] item: Leftovers
|turn|21
|
|move|p1a: I'm random|Trick|p2a: Ferrothorn
|-activate|p1a: I'm random|move: Trick|[of] p2a: Ferrothorn
|-item|p2a: Ferrothorn|Choice Specs|[from] move: Trick
|-item|p1a: I'm random|Leftovers|[from] move: Trick
|move|p2a: Ferrothorn|Leech Seed|p1a: I'm random
|-start|p1a: I'm random|move: Leech Seed
|
|-weather|RainDance|[upkeep]
|-heal|p1a: I'm random|40/299|[from] item: Leftovers
|-damage|p1a: I'm random|3/299|[from] Leech Seed|[of] p2a: Ferrothorn
|-heal|p2a: Ferrothorn|247/352 par|[silent]
|turn|22
|
|switch|p1a: Overused|Celebi, shiny|344/359
|-damage|p1a: Overused|300/359|[from] Stealth Rock
|switch|p2a: Starmie|Starmie|156/261
|-damage|p2a: Starmie|124/261|[from] Stealth Rock
|
|-weather|RainDance|[upkeep]
|-heal|p2a: Starmie|140/261|[from] item: Leftovers
|turn|23
|
|switch|p2a: Ferrothorn|Ferrothorn, F|247/352 par
|-damage|p2a: Ferrothorn|225/352 par|[from] Stealth Rock
|move|p1a: Overused|Leaf Storm|p2a: Ferrothorn
|-resisted|p2a: Ferrothorn
|-damage|p2a: Ferrothorn|170/352 par
|-unboost|p1a: Overused|spa|2
|-damage|p1a: Overused|265/359|[from] item: Life Orb
|
|-weather|RainDance|[upkeep]
|turn|24
|
|switch|p2a: Starmie|Starmie|140/261
|-damage|p2a: Starmie|108/261|[from] Stealth Rock
|move|p1a: Overused|Recover|p1a: Overused
|-heal|p1a: Overused|359/359
|
|-weather|RainDance|[upkeep]
|-heal|p2a: Starmie|124/261|[from] item: Leftovers
|turn|25
|
|move|p2a: Starmie|Rapid Spin|p1a: Overused
|-damage|p1a: Overused|347/359
|-sideend|p2: shadowist|Stealth Rock|[from] move: Rapid Spin|[of] p2a: Starmie
|move|p1a: Overused|Leaf Storm|p2a: Starmie
|-supereffective|p2a: Starmie
|-damage|p2a: Starmie|0 fnt
|-unboost|p1a: Overused|spa|2
|-damage|p1a: Overused|312/359|[from] item: Life Orb
|faint|p2a: Starmie
|
|-weather|RainDance|[upkeep]
|
|switch|p2a: Toxicroak|Toxicroak, F|314/314
|turn|26
|
|move|p1a: Overused|Psychic|p2a: Toxicroak
|-supereffective|p2a: Toxicroak
|-damage|p2a: Toxicroak|0 fnt
|-damage|p1a: Overused|277/359|[from] item: Life Orb
|faint|p2a: Toxicroak
|
|-weather|RainDance|[upkeep]
|
|switch|p2a: Politoed|Politoed, F|384/384
|turn|27
|
|switch|p1a: I'm random|Rotom-Wash, shiny|3/299
|-damage|p1a: I'm random|0 fnt|[from] Stealth Rock
|faint|p1a: I'm random
|move|p2a: Politoed|Ice Beam|p1: I'm random|[notarget]
|-notarget
|
|-weather|RainDance|[upkeep]
|
|switch|p1a: Overused|Celebi, shiny|277/359
|-damage|p1a: Overused|233/359|[from] Stealth Rock
|turn|28
|
|switch|p2a: Ferrothorn|Ferrothorn, F|170/352 par
|move|p1a: Overused|Leaf Storm|p2a: Ferrothorn
|-crit|p2a: Ferrothorn
|-resisted|p2a: Ferrothorn
|-damage|p2a: Ferrothorn|56/352 par
|-unboost|p1a: Overused|spa|2
|-damage|p1a: Overused|198/359|[from] item: Life Orb
|
|-weather|RainDance|[upkeep]
|turn|29
|
|move|p1a: Overused|Recover|p1a: Overused
|-heal|p1a: Overused|359/359
|move|p2a: Ferrothorn|Power Whip|p1a: Overused|[miss]
|-miss|p2a: Ferrothorn|p1a: Overused
|
|-weather|RainDance|[upkeep]
|turn|30
|
|move|p1a: Overused|Hidden Power|p2a: Ferrothorn
|-supereffective|p2a: Ferrothorn
|-damage|p2a: Ferrothorn|0 fnt
|-damage|p1a: Overused|324/359|[from] item: Life Orb
|faint|p2a: Ferrothorn
|
|-weather|RainDance|[upkeep]
|
|switch|p2a: Politoed|Politoed, F|384/384
|turn|31
|
|move|p1a: Overused|Leaf Storm|p2a: Politoed
|-supereffective|p2a: Politoed
|-damage|p2a: Politoed|93/384
|-unboost|p1a: Overused|spa|2
|-damage|p1a: Overused|289/359|[from] item: Life Orb
|move|p2a: Politoed|Ice Beam|p1a: Overused
|-supereffective|p1a: Overused
|-damage|p1a: Overused|17/359
|
|-weather|RainDance|[upkeep]
|turn|32
|
|move|p1a: Overused|Leaf Storm|p2a: Politoed|[miss]
|-miss|p1a: Overused|p2a: Politoed
|move|p2a: Politoed|Ice Beam|p1a: Overused
|-supereffective|p1a: Overused
|-damage|p1a: Overused|0 fnt
|faint|p1a: Overused
|
|-weather|RainDance|[upkeep]
|
|switch|p1a: Nice bulk|Landorus-Therian, M, shiny|319/319
|-damage|p1a: Nice bulk|280/319|[from] Stealth Rock
|-ability|p1a: Nice bulk|Intimidate|[of] p2a: Politoed
|-unboost|p2a: Politoed|atk|1
|turn|33
|
|move|p1a: Nice bulk|Earthquake|p2a: Politoed
|-damage|p2a: Politoed|0 fnt
|faint|p2a: Politoed
|
|-weather|RainDance|[upkeep]
|
|switch|p2a: Gastrodon|Gastrodon, F|426/426
|turn|34
|
|move|p1a: Nice bulk|Earthquake|p2a: Gastrodon
|-damage|p2a: Gastrodon|215/426
|move|p2a: Gastrodon|Scald|p1a: Nice bulk
|-supereffective|p1a: Nice bulk
|-damage|p1a: Nice bulk|0 fnt
|faint|p1a: Nice bulk
|
|-weather|RainDance|[upkeep]
|-heal|p2a: Gastrodon|241/426|[from] item: Leftovers
|
|switch|p1a: Legend|Latias, F, shiny|302/302
|-damage|p1a: Legend|265/302|[from] Stealth Rock
|turn|35
|
|move|p1a: Legend|Draco Meteor|p2a: Gastrodon
|-damage|p2a: Gastrodon|0 fnt
|-unboost|p1a: Legend|spa|2
|-damage|p1a: Legend|235/302|[from] item: Life Orb
|faint|p2a: Gastrodon
|
|win|manectriclol
|raw|Ladder updating...
|raw|manectriclol's rating: 1393 &rarr; <strong>1412</strong><br />(+19 for winning)
|raw|shadowist's rating: 1376 &rarr; <strong>1357</strong><br />(-19 for losing)