|j|☆BestJingjing
|j|☆Cinema Staff Fan
|t:|1743245132
|gametype|singles
|player|p1|BestJingjing|dawn|1315
|player|p2|Cinema Staff Fan|li|1517
|teamsize|p1|6
|teamsize|p2|6
|gen|5
|tier|[Gen 5] OU
|rated|
|rule|Species Clause: Limit one of each Pokémon
|rule|OHKO Clause: OHKO moves are banned
|rule|Moody Clause: Moody is banned
|rule|Evasion Items Clause: Evasion items are banned
|rule|Evasion Moves Clause: Evasion moves are banned
|rule|Endless Battle Clause: Forcing endless battles is banned
|rule|HP Percentage Mod: HP is shown in percentages
|rule|Evasion Abilities Clause: Evasion abilities are banned
|rule|Sleep Moves Clause: Sleep-inducing moves are banned
|rule|Swagger Clause: Swagger is banned
|rule|Baton Pass Stat Clause: No Baton Passer may have a way to boost its stats
|clearpoke
|poke|p1|Starmie|item
|poke|p1|Lucario, F|item
|poke|p1|Metagross|item
|poke|p1|Scizor, M|item
|poke|p1|Dragonite, M|item
|poke|p1|Mamoswine, F|item
|poke|p2|Politoed, M|item
|poke|p2|Metagross|item
|poke|p2|Tentacruel, M|item
|poke|p2|Thundurus-Therian, M|item
|poke|p2|Toxicroak, M|item
|poke|p2|Keldeo|item
|teampreview
|
|t:|1743245150
|start
|switch|p1a: Starmie|Starmie|100/100
|switch|p2a: Politoed|Politoed, M|100/100
|-weather|RainDance|[from] ability: Drizzle|[of] p2a: Politoed
|turn|1
|inactive|Battle timer is ON: inactive players will automatically lose when time's up. (requested by Cinema Staff Fan)
|
|t:|1743245161
|switch|p2a: Thundurus|Thundurus-Therian, M|100/100
|move|p1a: Starmie|Blizzard|p2a: Thundurus
|-supereffective|p2a: Thundurus
|-damage|p2a: Thundurus|0 fnt
|faint|p2a: Thundurus
|-damage|p1a: Starmie|91/100|[from] item: Life Orb
|
|-weather|RainDance|[upkeep]
|upkeep
|
|t:|1743245175
|switch|p2a: Toxicroak|Toxicroak, M|100/100
|-item|p2a: Toxicroak|Air Balloon
|turn|2
|
|t:|1743245179
|switch|p1a: Metagross|Metagross, shiny|100/100
|move|p2a: Toxicroak|Swords Dance|p2a: Toxicroak
|-boost|p2a: Toxicroak|atk|2
|
|-weather|RainDance|[upkeep]
|upkeep
|turn|3
|
|t:|1743245183
|move|p2a: Toxicroak|Drain Punch|p1a: Metagross
|-damage|p1a: Metagross|42/100
|move|p1a: Metagross|Psychic|p2a: Toxicroak
|-supereffective|p2a: Toxicroak
|-damage|p2a: Toxicroak|0 fnt
|-enditem|p2a: Toxicroak|Air Balloon
|faint|p2a: Toxicroak
|
|-weather|RainDance|[upkeep]
|upkeep
|
|t:|1743245196
|switch|p2a: Politoed|Politoed, M|100/100
|turn|4
|
|t:|1743245201
|move|p2a: Politoed|Scald|p1a: Metagross
|-damage|p1a: Metagross|0 fnt
|faint|p1a: Metagross
|
|-weather|RainDance|[upkeep]
|upkeep
|
|t:|1743245205
|switch|p1a: Starmie|Starmie|91/100
|turn|5
|
|t:|1743245213
|switch|p2a: Metagross|Metagross|100/100
|move|p1a: Starmie|Thunder|p2a: Metagross
|-damage|p2a: Metagross|56/100
|-damage|p1a: Starmie|81/100|[from] item: Life Orb
|
|-weather|RainDance|[upkeep]
|-heal|p2a: Metagross|62/100|[from] item: Leftovers
|upkeep
|turn|6
|
|t:|1743245219
|move|p1a: Starmie|Hydro Pump|p2a: Metagross
|-damage|p2a: Metagross|0 fnt
|faint|p2a: Metagross
|-damage|p1a: Starmie|71/100|[from] item: Life Orb
|
|-weather|RainDance|[upkeep]
|upkeep
|
|t:|1743245240
|switch|p2a: Keldeo|Keldeo|100/100
|turn|7
|
|t:|1743245242
|move|p2a: Keldeo|Hydro Pump|p1a: Starmie
|-resisted|p1a: Starmie
|-damage|p1a: Starmie|0 fnt
|faint|p1a: Starmie
|
|-weather|RainDance|[upkeep]
|upkeep
|
|t:|1743245250
|switch|p1a: Dragonite|Dragonite, M|100/100
|turn|8
|
|t:|1743245257
|switch|p2a: Politoed|Politoed, M|100/100
|move|p1a: Dragonite|Dragon Claw|p2a: Politoed
|-damage|p2a: Politoed|12/100
|
|-weather|RainDance|[upkeep]
|upkeep
|turn|9
|
|t:|1743245259
|move|p1a: Dragonite|Dragon Claw|p2a: Politoed
|-damage|p2a: Politoed|0 fnt
|faint|p2a: Politoed
|
|-weather|RainDance|[upkeep]
|upkeep
|
|t:|1743245262
|switch|p2a: Tentacruel|Tentacruel, M|100/100
|turn|10
|
|t:|1743245264
|move|p2a: Tentacruel|Toxic|p1a: Dragonite
|-status|p1a: Dragonite|tox
|move|p1a: Dragonite|Dragon Claw|p2a: Tentacruel
|-damage|p2a: Tentacruel|11/100
|
|-weather|RainDance|[upkeep]
|-heal|p2a: Tentacruel|18/100|[from] ability: Rain Dish
|-heal|p2a: Tentacruel|24/100|[from] item: Black Sludge
|-damage|p1a: Dragonite|94/100 tox|[from] psn
|upkeep
|turn|11
|
|t:|1743245269
|move|p2a: Tentacruel|Protect|p2a: Tentacruel
|-singleturn|p2a: Tentacruel|Protect
|move|p1a: Dragonite|Dragon Claw|p2a: Tentacruel
|-activate|p2a: Tentacruel|move: Protect
|
|-weather|RainDance|[upkeep]
|-heal|p2a: Tentacruel|30/100|[from] ability: Rain Dish
|-heal|p2a: Tentacruel|36/100|[from] item: Black Sludge
|-damage|p1a: Dragonite|82/100 tox|[from] psn
|upkeep
|turn|12
|
|t:|1743245271
|move|p2a: Tentacruel|Protect|p2a: Tentacruel
|-singleturn|p2a: Tentacruel|Protect
|move|p1a: Dragonite|Dragon Claw|p2a: Tentacruel
|-activate|p2a: Tentacruel|move: Protect
|
|-weather|RainDance|[upkeep]
|-heal|p2a: Tentacruel|42/100|[from] ability: Rain Dish
|-heal|p2a: Tentacruel|48/100|[from] item: Black Sludge
|-damage|p1a: Dragonite|63/100 tox|[from] psn
|upkeep
|turn|13
|
|t:|1743245280
|move|p2a: Tentacruel|Protect||[still]
|-fail|p2a: Tentacruel
|move|p1a: Dragonite|Dragon Claw|p2a: Tentacruel
|-damage|p2a: Tentacruel|0 fnt
|faint|p2a: Tentacruel
|
|-weather|RainDance|[upkeep]
|-damage|p1a: Dragonite|39/100 tox|[from] psn
|upkeep
|
|t:|1743245286
|switch|p2a: Keldeo|Keldeo|100/100
|turn|14
|
|t:|1743245290
|switch|p1a: Mamoswine|Mamoswine, F|100/100
|move|p2a: Keldeo|Hydro Pump|p1a: Mamoswine
|-supereffective|p1a: Mamoswine
|-damage|p1a: Mamoswine|0 fnt
|faint|p1a: Mamoswine
|
|-weather|RainDance|[upkeep]
|upkeep
|
|t:|1743245293
|switch|p1a: Dragonite|Dragonite, M|39/100 tox
|turn|15
|
|t:|1743245294
|move|p1a: Dragonite|Extreme Speed|p2a: Keldeo
|-damage|p2a: Keldeo|48/100
|move|p2a: Keldeo|Hydro Pump|p1a: Dragonite
|-resisted|p1a: Dragonite
|-damage|p1a: Dragonite|0 fnt
|faint|p1a: Dragonite
|
|-weather|RainDance|[upkeep]
|upkeep
|
|t:|1743245297
|switch|p1a: Lucario|Lucario, F|100/100
|turn|16
|
|t:|1743245299
|move|p1a: Lucario|Extreme Speed|p2a: Keldeo
|-damage|p2a: Keldeo|13/100
|-damage|p1a: Lucario|91/100|[from] item: Life Orb
|move|p2a: Keldeo|Hydro Pump|p1a: Lucario
|-damage|p1a: Lucario|0 fnt
|faint|p1a: Lucario
|
|-weather|RainDance|[upkeep]
|upkeep
|
|t:|1743245302
|switch|p1a: Scizor|Scizor, M|100/100
|turn|17
|
|t:|1743245303
|move|p1a: Scizor|Bullet Punch|p2a: Keldeo
|-resisted|p2a: Keldeo
|-damage|p2a: Keldeo|0 fnt
|faint|p2a: Keldeo
|
|win|BestJingjing
|raw|BestJingjing's rating: 1315 &rarr; <strong>1345</strong><br />(+30 for winning)
|raw|Cinema Staff Fan's rating: 1517 &rarr; <strong>1487</strong><br />(-30 for losing)
