|j|☆dice
|j|☆happy_hitbox
|t:|1729386607
|gametype|singles
|player|p1|dice|#wcop2024usmidwest|1514
|player|p2|happy_hitbox|102|1461
|teamsize|p1|6
|teamsize|p2|6
|gen|5
|tier|[Gen 5] OU
|rated|
|rule|Species Clause: Limit one of each Pokémon
|rule|OHKO Clause: OHKO moves are banned
|rule|Moody Clause: Moody is banned
|rule|Evasion Items Clause: Evasion items are banned
|rule|Evasion Moves Clause: Evasion moves are banned
|rule|Endless Battle Clause: Forcing endless battles is banned
|rule|HP Percentage Mod: HP is shown in percentages
|rule|Evasion Abilities Clause: Evasion abilities are banned
|rule|Sleep Moves Clause: Sleep-inducing moves are banned
|rule|Swagger Clause: Swagger is banned
|rule|Baton Pass Stat Clause: No Baton Passer may have a way to boost its stats
|clearpoke
|poke|p1|Abomasnow, M|item
|poke|p1|Gliscor, F|item
|poke|p1|Jellicent, F|item
|poke|p1|Jirachi|item
|poke|p1|Forretress, M|item
|poke|p1|Kyurem-Black|item
|poke|p2|Magnezone|item
|poke|p2|Breloom, F|item
|poke|p2|Xatu, M|item
|poke|p2|Ninetales, F|item
|poke|p2|Victini|item
|poke|p2|Excadrill, M|item
|teampreview
|inactive|Battle timer is ON: inactive players will automatically lose when time's up. (requested by happy_hitbox)
|
|t:|1729386625
|start
|switch|p1a: Gliscor|Gliscor, F|100/100
|switch|p2a: Xatu|Xatu, M|100/100
|turn|1
|
|t:|1729386629
|move|p2a: Xatu|Reflect|p2a: Xatu
|-sidestart|p2: happy_hitbox|Reflect
|move|p1a: Gliscor|Knock Off|p2a: Xatu
|-supereffective|p2a: Xatu
|-damage|p2a: Xatu|96/100
|-damage|p1a: Gliscor|84/100|[from] item: Rocky Helmet|[of] p2a: Xatu
|-enditem|p2a: Xatu|Rocky Helmet|[from] move: Knock Off|[of] p1a: Gliscor
|
|-status|p1a: Gliscor|tox|[from] item: Toxic Orb
|upkeep
|turn|2
|
|t:|1729386639
|move|p1a: Gliscor|Protect|p1a: Gliscor
|-singleturn|p1a: Gliscor|Protect
|move|p2a: Xatu|Night Shade|p1a: Gliscor
|-activate|p1a: Gliscor|move: Protect
|
|-heal|p1a: Gliscor|97/100 tox|[from] ability: Poison Heal
|upkeep
|turn|3
|
|t:|1729386649
|move|p2a: Xatu|Night Shade|p1a: Gliscor
|-damage|p1a: Gliscor|68/100 tox
|move|p1a: Gliscor|Knock Off|p2a: Xatu
|-supereffective|p2a: Xatu
|-damage|p2a: Xatu|92/100
|
|-heal|p1a: Gliscor|81/100 tox|[from] ability: Poison Heal
|upkeep
|turn|4
|
|t:|1729386654
|move|p1a: Gliscor|Protect|p1a: Gliscor
|-singleturn|p1a: Gliscor|Protect
|move|p2a: Xatu|Night Shade|p1a: Gliscor
|-activate|p1a: Gliscor|move: Protect
|
|-heal|p1a: Gliscor|93/100 tox|[from] ability: Poison Heal
|upkeep
|turn|5
|
|t:|1729386660
|switch|p1a: Kyurem|Kyurem-Black|100/100
|-ability|p1a: Kyurem|Teravolt
|move|p2a: Xatu|Night Shade|p1a: Kyurem
|-damage|p1a: Kyurem|78/100
|
|-heal|p1a: Kyurem|84/100|[from] item: Leftovers
|-sideend|p2: happy_hitbox|Reflect
|upkeep
|turn|6
|
|t:|1729386666
|switch|p2a: Magnezone|Magnezone|100/100
|move|p1a: Kyurem|Dragon Tail|p2a: Magnezone
|-resisted|p2a: Magnezone
|-damage|p2a: Magnezone|83/100
|drag|p2a: Breloom|Breloom, F|100/100
|
|-heal|p1a: Kyurem|91/100|[from] item: Leftovers
|upkeep
|turn|7
|
|t:|1729386677
|switch|p2a: Magnezone|Magnezone|83/100
|move|p1a: Kyurem|Ice Beam|p2a: Magnezone
|-resisted|p2a: Magnezone
|-damage|p2a: Magnezone|59/100
|
|-heal|p1a: Kyurem|97/100|[from] item: Leftovers
|-heal|p2a: Magnezone|65/100|[from] item: Leftovers
|upkeep
|turn|8
|
|t:|1729386689
|switch|p1a: Gliscor|Gliscor, F|93/100 tox
|move|p2a: Magnezone|Substitute|p2a: Magnezone
|-start|p2a: Magnezone|Substitute
|-damage|p2a: Magnezone|40/100
|
|-heal|p2a: Magnezone|46/100|[from] item: Leftovers
|-heal|p1a: Gliscor|100/100 tox|[from] ability: Poison Heal
|upkeep
|turn|9
|
|t:|1729386696
|move|p2a: Magnezone|Hidden Power|p1a: Gliscor
|-supereffective|p1a: Gliscor
|-damage|p1a: Gliscor|5/100 tox
|move|p1a: Gliscor|Earthquake|p2a: Magnezone
|-supereffective|p2a: Magnezone
|-end|p2a: Magnezone|Substitute
|
|-heal|p2a: Magnezone|52/100|[from] item: Leftovers
|-heal|p1a: Gliscor|18/100 tox|[from] ability: Poison Heal
|upkeep
|turn|10
|
|t:|1729386706
|switch|p1a: Abomasnow|Abomasnow, M|100/100
|-weather|Hail|[from] ability: Snow Warning|[of] p1a: Abomasnow
|move|p2a: Magnezone|Hidden Power|p1a: Abomasnow
|-damage|p1a: Abomasnow|74/100
|
|-weather|Hail|[upkeep]
|-damage|p2a: Magnezone|46/100|[from] Hail
|-heal|p2a: Magnezone|52/100|[from] item: Leftovers
|-heal|p1a: Abomasnow|80/100|[from] item: Leftovers
|upkeep
|turn|11
|
|t:|1729386711
|switch|p2a: Ninetales|Ninetales, F|100/100
|-weather|SunnyDay|[from] ability: Drought|[of] p2a: Ninetales
|switch|p1a: Jirachi|Jirachi|100/100
|
|-weather|SunnyDay|[upkeep]
|upkeep
|turn|12
|
|t:|1729386721
|switch|p2a: Victini|Victini|100/100
|move|p1a: Jirachi|U-turn|p2a: Victini
|-damage|p2a: Victini|80/100
|
|t:|1729386725
|switch|p1a: Abomasnow|Abomasnow, M|80/100|[from] U-turn
|-weather|Hail|[from] ability: Snow Warning|[of] p1a: Abomasnow
|
|-weather|Hail|[upkeep]
|-damage|p2a: Victini|74/100|[from] Hail
|-heal|p1a: Abomasnow|86/100|[from] item: Leftovers
|upkeep
|turn|13
|
|t:|1729386731
|switch|p1a: Jellicent|Jellicent, F|100/100
|-item|p1a: Jellicent|Air Balloon
|move|p2a: Victini|U-turn|p1a: Jellicent
|-resisted|p1a: Jellicent
|-damage|p1a: Jellicent|91/100
|-enditem|p1a: Jellicent|Air Balloon
|
|t:|1729386740
|switch|p2a: Ninetales|Ninetales, F|100/100|[from] U-turn
|-weather|SunnyDay|[from] ability: Drought|[of] p2a: Ninetales
|
|-weather|SunnyDay|[upkeep]
|upkeep
|turn|14
|
|t:|1729386756
|switch|p2a: Breloom|Breloom, F|100/100
|move|p1a: Jellicent|Night Shade|p2a: Breloom
|-damage|p2a: Breloom|62/100
|
|-weather|SunnyDay|[upkeep]
|upkeep
|turn|15
|
|t:|1729386762
|switch|p1a: Forretress|Forretress, M|100/100
|move|p2a: Breloom|Low Sweep|p1a: Forretress
|-damage|p1a: Forretress|60/100
|-unboost|p1a: Forretress|spe|1
|
|-weather|SunnyDay|[upkeep]
|-heal|p1a: Forretress|66/100|[from] item: Leftovers
|upkeep
|turn|16
|
|t:|1729386771
|switch|p2a: Xatu|Xatu, M|92/100
|move|p1a: Forretress|Earthquake|p2a: Xatu
|-immune|p2a: Xatu
|
|-weather|SunnyDay|[upkeep]
|-heal|p1a: Forretress|72/100|[from] item: Leftovers
|upkeep
|turn|17
|
|t:|1729386779
|switch|p1a: Kyurem|Kyurem-Black|97/100
|-ability|p1a: Kyurem|Teravolt
|move|p2a: Xatu|U-turn|p1a: Kyurem
|-damage|p1a: Kyurem|89/100
|
|t:|1729386785
|switch|p2a: Victini|Victini|74/100|[from] U-turn
|
|-weather|SunnyDay|[upkeep]
|-heal|p1a: Kyurem|95/100|[from] item: Leftovers
|upkeep
|turn|18
|
|t:|1729386791
|switch|p1a: Gliscor|Gliscor, F|18/100 tox
|move|p2a: Victini|V-create|p1a: Gliscor
|-damage|p1a: Gliscor|0 fnt
|-unboost|p2a: Victini|spe|1
|-unboost|p2a: Victini|def|1
|-unboost|p2a: Victini|spd|1
|faint|p1a: Gliscor
|
|-weather|SunnyDay|[upkeep]
|upkeep
|
|t:|1729386797
|switch|p1a: Abomasnow|Abomasnow, M|86/100
|-weather|Hail|[from] ability: Snow Warning|[of] p1a: Abomasnow
|turn|19
|
|t:|1729386801
|switch|p2a: Ninetales|Ninetales, F|100/100
|-weather|SunnyDay|[from] ability: Drought|[of] p2a: Ninetales
|move|p1a: Abomasnow|Protect||[still]
|-fail|p1a: Abomasnow
|
|-weather|SunnyDay|[upkeep]
|-heal|p1a: Abomasnow|92/100|[from] item: Leftovers
|upkeep
|turn|20
|
|t:|1729386809
|move|p2a: Ninetales|Will-O-Wisp|p1a: Abomasnow
|-status|p1a: Abomasnow|brn
|move|p1a: Abomasnow|Blizzard|p2a: Ninetales
|-resisted|p2a: Ninetales
|-damage|p2a: Ninetales|80/100
|
|-weather|SunnyDay|[upkeep]
|-heal|p2a: Ninetales|86/100|[from] item: Leftovers
|-heal|p1a: Abomasnow|98/100 brn|[from] item: Leftovers
|-damage|p1a: Abomasnow|86/100 brn|[from] brn
|upkeep
|turn|21
|
|t:|1729386813
|switch|p1a: Kyurem|Kyurem-Black|95/100
|-ability|p1a: Kyurem|Teravolt
|move|p2a: Ninetales|Flamethrower|p1a: Kyurem
|-damage|p1a: Kyurem|64/100
|-status|p1a: Kyurem|brn
|
|-weather|SunnyDay|[upkeep]
|-heal|p2a: Ninetales|92/100|[from] item: Leftovers
|-heal|p1a: Kyurem|70/100 brn|[from] item: Leftovers
|-damage|p1a: Kyurem|57/100 brn|[from] brn
|upkeep
|turn|22
|-message|dice forfeited.
|
|win|happy_hitbox
|raw|dice's rating: 1514 &rarr; <strong>1491</strong><br />(-23 for losing)
|raw|happy_hitbox's rating: 1461 &rarr; <strong>1484</strong><br />(+23 for winning)
|l|☆dice
|player|p1|
