|j|☆Goootzinho
|j|☆strat cherif18
|player|p1|Goootzinho|80|1417
|player|p2|strat cherif18|benga|1418
|teamsize|p1|6
|teamsize|p2|6
|gametype|singles
|gen|5
|tier|[Gen 5] OU
|rated|
|clearpoke
|poke|p1|Ferrothorn, M|item
|poke|p1|Garchomp, F|item
|poke|p1|Jirachi|item
|poke|p1|Terrakion|item
|poke|p1|Latias, F|item
|poke|p1|Alakazam, M|item
|poke|p2|Mamoswine, M|item
|poke|p2|Latios, M|item
|poke|p2|Scizor, F|item
|poke|p2|Kyurem-Black|item
|poke|p2|Salamence, M|item
|poke|p2|Magnezone|item
|rule|Species Clause: Limit one of each Pokémon
|rule|OHKO Clause: OHKO moves are banned
|rule|Moody Clause: Moody is banned
|rule|Evasion Moves Clause: Evasion moves are banned
|rule|Endless Battle Clause: Forcing endless battles is banned
|rule|HP Percentage Mod: HP is shown in percentages
|rule|Evasion Abilities Clause: Evasion abilities are banned
|rule|Baton Pass Clause: Limit one Baton Passer, can't pass Spe and other stats simultaneously
|rule|Sleep Clause: Sleep-inducing moves are banned
|rule|Swagger Clause: Swagger is banned
|teampreview
|
|start
|switch|p1a: Jirachi|Jirachi|100/100
|switch|p2a: Mamoswine|Mamoswine, M|100/100
|turn|1
|
|move|p1a: Jirachi|Iron Head|p2a: Mamoswine
|-supereffective|p2a: Mamoswine
|-crit|p2a: Mamoswine
|-enditem|p2a: Mamoswine|Focus Sash
|-damage|p2a: Mamoswine|1/100
|move|p2a: Mamoswine|Earthquake|p1a: Jirachi
|-supereffective|p1a: Jirachi
|-damage|p1a: Jirachi|0 fnt
|faint|p1a: Jirachi
|
|upkeep
|j| STRAT Max ^^
|
|switch|p1a: Terrakion|Terrakion|100/100
|turn|2
|
|move|p1a: Terrakion|Quick Attack|p2a: Mamoswine
|-damage|p2a: Mamoswine|0 fnt
|-damage|p1a: Terrakion|91/100|[from] item: Life Orb
|faint|p2a: Mamoswine
|
|upkeep
|
|switch|p2a: Scizor|Scizor, F|100/100
|turn|3
|
|switch|p1a: Garchomp|Garchomp, F|100/100
|move|p2a: Scizor|U-turn|p1a: Garchomp
|-damage|p1a: Garchomp|59/100
|-damage|p2a: Scizor|88/100|[from] ability: Rough Skin|[of] p1a: Garchomp
|-damage|p2a: Scizor|72/100|[from] item: Rocky Helmet|[of] p1a: Garchomp
|
|switch|p2a: Salamence|Salamence, M|100/100|[from]move: U-turn
|
|upkeep
|turn|4
|
|switch|p1a: Ferrothorn|Ferrothorn, M|100/100
|move|p2a: Salamence|Fire Blast|p1a: Ferrothorn
|-supereffective|p1a: Ferrothorn
|-damage|p1a: Ferrothorn|23/100
|
|-heal|p1a: Ferrothorn|29/100|[from] item: Leftovers
|upkeep
|turn|5
|
|switch|p2a: Latios|Latios, M|100/100
|move|p1a: Ferrothorn|Leech Seed|p2a: Latios
|-start|p2a: Latios|move: Leech Seed
|
|-heal|p1a: Ferrothorn|36/100|[from] item: Leftovers
|-damage|p2a: Latios|88/100|[from] Leech Seed|[of] p1a: Ferrothorn
|-heal|p1a: Ferrothorn|47/100|[silent]
|upkeep
|turn|6
|
|switch|p2a: Magnezone|Magnezone|100/100
|move|p1a: Ferrothorn|Protect||[still]
|-fail|p1a: Ferrothorn
|
|-heal|p1a: Ferrothorn|53/100|[from] item: Leftovers
|upkeep
|turn|7
|
|move|p2a: Magnezone|Hidden Power|p1a: Ferrothorn
|-supereffective|p1a: Ferrothorn
|-damage|p1a: Ferrothorn|0 fnt
|faint|p1a: Ferrothorn
|
|upkeep
|
|switch|p1a: Terrakion|Terrakion|91/100
|turn|8
|
|move|p1a: Terrakion|Close Combat|p2a: Magnezone
|-supereffective|p2a: Magnezone
|-damage|p2a: Magnezone|0 fnt
|-unboost|p1a: Terrakion|def|1
|-unboost|p1a: Terrakion|spd|1
|-damage|p1a: Terrakion|81/100|[from] item: Life Orb
|faint|p2a: Magnezone
|
|upkeep
|
|switch|p2a: Salamence|Salamence, M|100/100
|turn|9
|
|move|p2a: Salamence|Outrage|p1a: Terrakion
|-damage|p1a: Terrakion|0 fnt
|faint|p1a: Terrakion
|-ability|p2a: Salamence|Moxie|boost
|-boost|p2a: Salamence|atk|1
|
|upkeep
|
|switch|p1a: Garchomp|Garchomp, F|59/100
|turn|10
|inactive|Battle timer is ON: inactive players will automatically lose when time's up. (requested by Goootzinho)
|
|move|p2a: Salamence|Outrage|p1a: Garchomp|[from]lockedmove
|-supereffective|p1a: Garchomp
|-damage|p1a: Garchomp|0 fnt
|-damage|p2a: Salamence|88/100|[from] ability: Rough Skin|[of] p1a: Garchomp
|-damage|p2a: Salamence|71/100|[from] item: Rocky Helmet|[of] p1a: Garchomp
|-start|p2a: Salamence|confusion|[fatigue]
|faint|p1a: Garchomp
|-ability|p2a: Salamence|Moxie|boost
|-boost|p2a: Salamence|atk|1
|
|upkeep
|
|switch|p1a: Latias|Latias, F|100/100
|turn|11
|
|-activate|p2a: Salamence|confusion
|move|p2a: Salamence|Outrage|p1a: Latias
|-supereffective|p1a: Latias
|-damage|p1a: Latias|0 fnt
|faint|p1a: Latias
|-ability|p2a: Salamence|Moxie|boost
|-boost|p2a: Salamence|atk|1
|
|upkeep
|
|switch|p1a: Alakazam|Alakazam, M|100/100
|turn|12
|
|-activate|p2a: Salamence|confusion
|move|p2a: Salamence|Outrage|p1a: Alakazam|[from]lockedmove
|-enditem|p1a: Alakazam|Focus Sash
|-damage|p1a: Alakazam|1/100
|move|p1a: Alakazam|Psychic|p2a: Salamence
|-damage|p2a: Salamence|6/100
|
|upkeep
|turn|13
|
|-end|p2a: Salamence|confusion
|move|p2a: Salamence|Outrage|p1a: Alakazam|[from]lockedmove
|-damage|p1a: Alakazam|0 fnt
|-start|p2a: Salamence|confusion|[fatigue]
|faint|p1a: Alakazam
|-ability|p2a: Salamence|Moxie|boost
|-boost|p2a: Salamence|atk|1
|
|win|strat cherif18
|l|☆Goootzinho
|c|☆strat cherif18|gg
|raw|Goootzinho's rating: 1418 &rarr; <strong>1398</strong><br />(-20 for losing)
|raw|strat cherif18's rating: 1418 &rarr; <strong>1438</strong><br />(+20 for winning)
|c|☆strat cherif18|gg
