|j|☆TriKiwi
|j|☆bad big bratt
|player|p1|TriKiwi|197
|player|p2|bad big bratt|171
|teamsize|p1|6
|teamsize|p2|6
|gametype|singles
|gen|5
|tier|[Gen 5] OU
|rated|
|rule|Sleep Clause Mod: Limit one foe put to sleep
|rule|Species Clause: Limit one of each Pokémon
|rule|OHKO Clause: OHKO moves are banned
|rule|Moody Clause: Moody is banned
|rule|Evasion Moves Clause: Evasion moves are banned
|rule|Endless Battle Clause: Forcing endless battles is banned
|rule|HP Percentage Mod: HP is shown in percentages
|rule|Evasion Abilities Clause: Evasion abilities are banned
|rule|Baton Pass Clause: Limit one Baton Passer, can't pass Spe and other stats simultaneously
|rule|Swagger Clause: Swagger is banned
|clearpoke
|poke|p1|Keldeo-Resolute|item
|poke|p1|Breloom, M|item
|poke|p1|Jirachi|item
|poke|p1|Politoed, M|item
|poke|p1|Ferrothorn, F|item
|poke|p1|Kyurem-Black|item
|poke|p2|Tyranitar, M|item
|poke|p2|Skarmory, F|item
|poke|p2|Reuniclus, M|item
|poke|p2|Garchomp, F|item
|poke|p2|Jellicent, M|item
|poke|p2|Terrakion|item
|teampreview
|inactive|Battle timer is ON: inactive players will automatically lose when time's up. (requested by bad big bratt)
|
|start
|switch|p1a: Breloom|Breloom, M|100/100
|switch|p2a: Tyranitar|Tyranitar, M|100/100
|-weather|Sandstorm|[from] ability: Sand Stream|[of] p2a: Tyranitar
|turn|1
|
|switch|p2a: Skarmory|Skarmory, F|100/100
|move|p1a: Breloom|Low Sweep|p2a: Skarmory
|-damage|p2a: Skarmory|54/100
|-unboost|p2a: Skarmory|spe|1
|-damage|p1a: Breloom|91/100|[from] item: Life Orb
|
|-weather|Sandstorm|[upkeep]
|-damage|p1a: Breloom|84/100|[from] Sandstorm
|-heal|p2a: Skarmory|60/100|[from] item: Leftovers
|upkeep
|turn|2
|
|move|p1a: Breloom|Spore|p2a: Skarmory
|-status|p2a: Skarmory|slp
|cant|p2a: Skarmory|slp
|
|-weather|Sandstorm|[upkeep]
|-damage|p1a: Breloom|78/100|[from] Sandstorm
|-heal|p2a: Skarmory|66/100 slp|[from] item: Leftovers
|upkeep
|turn|3
|
|move|p1a: Breloom|Low Sweep|p2a: Skarmory
|-damage|p2a: Skarmory|17/100 slp
|-unboost|p2a: Skarmory|spe|1
|-damage|p1a: Breloom|68/100|[from] item: Life Orb
|cant|p2a: Skarmory|slp
|
|-weather|Sandstorm|[upkeep]
|-damage|p1a: Breloom|62/100|[from] Sandstorm
|-heal|p2a: Skarmory|23/100 slp|[from] item: Leftovers
|upkeep
|turn|4
|
|move|p1a: Breloom|Low Sweep|p2a: Skarmory
|-damage|p2a: Skarmory|0 fnt
|-damage|p1a: Breloom|52/100|[from] item: Life Orb
|faint|p2a: Skarmory
|
|-weather|Sandstorm|[upkeep]
|-damage|p1a: Breloom|46/100|[from] Sandstorm
|upkeep
|
|switch|p2a: Garchomp|Garchomp, F|100/100
|turn|5
|
|switch|p1a: Ferrothorn|Ferrothorn, F|100/100
|move|p2a: Garchomp|Fire Fang|p1a: Ferrothorn
|-supereffective|p1a: Ferrothorn
|-damage|p1a: Ferrothorn|39/100
|-damage|p2a: Garchomp|88/100|[from] ability: Iron Barbs|[of] p1a: Ferrothorn
|-damage|p2a: Garchomp|72/100|[from] item: Rocky Helmet|[of] p1a: Ferrothorn
|
|-weather|Sandstorm|[upkeep]
|upkeep
|turn|6
|
|move|p2a: Garchomp|Swords Dance|p2a: Garchomp
|-boost|p2a: Garchomp|atk|2
|move|p1a: Ferrothorn|Stealth Rock|p2a: Garchomp
|-sidestart|p2: bad big bratt|move: Stealth Rock
|
|-weather|Sandstorm|[upkeep]
|upkeep
|turn|7
|
|move|p2a: Garchomp|Earthquake|p1a: Ferrothorn
|-damage|p1a: Ferrothorn|0 fnt
|faint|p1a: Ferrothorn
|
|-weather|Sandstorm|[upkeep]
|upkeep
|
|switch|p1a: Politoed|Politoed, M, shiny|100/100
|-weather|RainDance|[from] ability: Drizzle|[of] p1a: Politoed
|turn|8
|
|switch|p2a: Jellicent|Jellicent, M|100/100
|-damage|p2a: Jellicent|88/100|[from] Stealth Rock
|move|p1a: Politoed|Ice Beam|p2a: Jellicent
|-resisted|p2a: Jellicent
|-damage|p2a: Jellicent|77/100
|
|-weather|RainDance|[upkeep]
|-heal|p2a: Jellicent|84/100|[from] item: Leftovers
|upkeep
|turn|9
|
|move|p1a: Politoed|Ice Beam|p2a: Jellicent
|-resisted|p2a: Jellicent
|-damage|p2a: Jellicent|72/100
|move|p2a: Jellicent|Will-O-Wisp|p1a: Politoed
|-status|p1a: Politoed|brn
|
|-weather|RainDance|[upkeep]
|-heal|p2a: Jellicent|78/100|[from] item: Leftovers
|-damage|p1a: Politoed|88/100 brn|[from] brn
|upkeep
|turn|10
|
|move|p1a: Politoed|Ice Beam|p2a: Jellicent
|-resisted|p2a: Jellicent
|-damage|p2a: Jellicent|68/100
|move|p2a: Jellicent|Will-O-Wisp|p1a: Politoed
|-fail|p1a: Politoed|brn
|
|-weather|RainDance|[upkeep]
|-heal|p2a: Jellicent|74/100|[from] item: Leftovers
|-damage|p1a: Politoed|76/100 brn|[from] brn
|upkeep
|turn|11
|
|switch|p1a: Breloom|Breloom, M|46/100
|move|p2a: Jellicent|Recover|p2a: Jellicent
|-heal|p2a: Jellicent|100/100
|
|-weather|RainDance|[upkeep]
|upkeep
|turn|12
|
|switch|p2a: Tyranitar|Tyranitar, M|100/100
|-damage|p2a: Tyranitar|88/100|[from] Stealth Rock
|-weather|Sandstorm|[from] ability: Sand Stream|[of] p2a: Tyranitar
|move|p1a: Breloom|Bullet Seed|p2a: Tyranitar
|-supereffective|p2a: Tyranitar
|-damage|p2a: Tyranitar|50/100
|-supereffective|p2a: Tyranitar
|-damage|p2a: Tyranitar|12/100
|-hitcount|p2a: Tyranitar|2
|-damage|p1a: Breloom|36/100|[from] item: Life Orb
|
|-weather|Sandstorm|[upkeep]
|-damage|p1a: Breloom|30/100|[from] Sandstorm
|upkeep
|turn|13
|
|move|p1a: Breloom|Mach Punch|p2a: Tyranitar
|-supereffective|p2a: Tyranitar
|-enditem|p2a: Tyranitar|Chople Berry|[eat]
|-enditem|p2a: Tyranitar|Chople Berry|[weaken]
|-damage|p2a: Tyranitar|0 fnt
|-damage|p1a: Breloom|20/100|[from] item: Life Orb
|faint|p2a: Tyranitar
|
|-weather|Sandstorm|[upkeep]
|-damage|p1a: Breloom|14/100|[from] Sandstorm
|upkeep
|
|switch|p2a: Garchomp|Garchomp, F|72/100
|-damage|p2a: Garchomp|65/100|[from] Stealth Rock
|turn|14
|
|switch|p1a: Politoed|Politoed, M, shiny|76/100 brn
|-weather|RainDance|[from] ability: Drizzle|[of] p1a: Politoed
|move|p2a: Garchomp|Earthquake|p1a: Politoed
|-damage|p1a: Politoed|9/100 brn
|
|-weather|RainDance|[upkeep]
|-damage|p1a: Politoed|0 fnt|[from] brn
|upkeep
|faint|p1a: Politoed
|
|switch|p1a: Keldeo|Keldeo-Resolute|100/100
|turn|15
|inactive|bad big bratt has 120 seconds left.
|
|switch|p1a: Kyurem|Kyurem-Black|100/100
|-ability|p1a: Kyurem|Teravolt
|switch|p2a: Jellicent|Jellicent, M|100/100
|-damage|p2a: Jellicent|88/100|[from] Stealth Rock
|
|-weather|RainDance|[upkeep]
|-heal|p2a: Jellicent|94/100|[from] item: Leftovers
|upkeep
|turn|16
|
|move|p1a: Kyurem|Substitute|p1a: Kyurem
|-start|p1a: Kyurem|Substitute
|-damage|p1a: Kyurem|76/100
|move|p2a: Jellicent|Will-O-Wisp|p1a: Kyurem
|-fail|p1a: Kyurem
|
|-weather|RainDance|[upkeep]
|-heal|p2a: Jellicent|100/100|[from] item: Leftovers
|upkeep
|turn|17
|
|switch|p2a: Terrakion|Terrakion|100/100
|-damage|p2a: Terrakion|94/100|[from] Stealth Rock
|move|p1a: Kyurem|Freeze Shock|p2a: Terrakion|[still]
|-prepare|p1a: Kyurem|Freeze Shock|p2a: Terrakion
|-enditem|p1a: Kyurem|Power Herb
|-anim|p1a: Kyurem|Freeze Shock|p2a: Terrakion
|-damage|p2a: Terrakion|0 fnt
|faint|p2a: Terrakion
|
|-weather|RainDance|[upkeep]
|upkeep
|
|switch|p2a: Reuniclus|Reuniclus, M|100/100
|turn|18
|
|move|p1a: Kyurem|Outrage|p2a: Reuniclus
|-damage|p2a: Reuniclus|42/100
|move|p2a: Reuniclus|Psychic|p1a: Kyurem
|-end|p1a: Kyurem|Substitute
|
|-weather|RainDance|[upkeep]
|-heal|p2a: Reuniclus|49/100|[from] item: Leftovers
|upkeep
|turn|19
|
|move|p1a: Kyurem|Outrage|p2a: Reuniclus|[from]lockedmove
|-damage|p2a: Reuniclus|0 fnt
|faint|p2a: Reuniclus
|
|-weather|RainDance|[upkeep]
|upkeep
|
|switch|p2a: Garchomp|Garchomp, F|65/100
|-damage|p2a: Garchomp|59/100|[from] Stealth Rock
|turn|20
|
|move|p2a: Garchomp|Outrage|p1a: Kyurem
|-enditem|p2a: Garchomp|Dragon Gem|[from] gem|[move] Outrage
|-supereffective|p1a: Kyurem
|-damage|p1a: Kyurem|0 fnt
|faint|p1a: Kyurem
|
|-weather|RainDance|[upkeep]
|upkeep
|
|switch|p1a: Jirachi|Jirachi|100/100
|turn|21
|
|move|p2a: Garchomp|Outrage|p1a: Jirachi|[from]lockedmove
|-resisted|p1a: Jirachi
|-damage|p1a: Jirachi|74/100
|-start|p2a: Garchomp|confusion|[fatigue]
|move|p1a: Jirachi|Icy Wind|p2a: Garchomp
|-supereffective|p2a: Garchomp
|-damage|p2a: Garchomp|0 fnt
|faint|p2a: Garchomp
|
|-weather|RainDance|[upkeep]
|upkeep
|
|switch|p2a: Jellicent|Jellicent, M|100/100
|-damage|p2a: Jellicent|88/100|[from] Stealth Rock
|turn|22
|
|move|p1a: Jirachi|Healing Wish|p1a: Jirachi
|faint|p1a: Jirachi
|move|p2a: Jellicent|Will-O-Wisp|p1: Jirachi|[notarget]
|-notarget
|
|-weather|RainDance|[upkeep]
|-heal|p2a: Jellicent|94/100|[from] item: Leftovers
|upkeep
|
|switch|p1a: Breloom|Breloom, M|14/100
|-heal|p1a: Breloom|100/100|[from] move: Healing Wish
|turn|23
|
|move|p1a: Breloom|Spore|p2a: Jellicent
|-status|p2a: Jellicent|slp
|cant|p2a: Jellicent|slp
|
|-weather|RainDance|[upkeep]
|-heal|p2a: Jellicent|100/100 slp|[from] item: Leftovers
|upkeep
|turn|24
|
|move|p1a: Breloom|Bullet Seed|p2a: Jellicent
|-supereffective|p2a: Jellicent
|-damage|p2a: Jellicent|64/100 slp
|-supereffective|p2a: Jellicent
|-damage|p2a: Jellicent|26/100 slp
|-supereffective|p2a: Jellicent
|-damage|p2a: Jellicent|0 fnt
|-hitcount|p2a: Jellicent|3
|-damage|p1a: Breloom|91/100|[from] item: Life Orb
|faint|p2a: Jellicent
|
|win|TriKiwi
|c|☆bad big bratt|bg kiddo
|l|☆bad big bratt
|c|☆TriKiwi|what
|raw|TriKiwi's rating: 1448 &rarr; <strong>1468</strong><br />(+20 for winning)
|raw|bad big bratt's rating: 1440 &rarr; <strong>1420</strong><br />(-20 for losing)
