|j|☆Yicus
|j|‽Eileine
|player|p1|Yicus|170|1358
|player|p2|Eileine|karen-gen2|1331
|teamsize|p1|6
|teamsize|p2|6
|gametype|singles
|gen|5
|tier|[Gen 5] OU
|rated|
|clearpoke
|poke|p1|Gyarados, M|item
|poke|p1|Espeon, F|item
|poke|p1|Celebi|item
|poke|p1|Gliscor, F|item
|poke|p1|Keldeo-Resolute|item
|poke|p1|Heatran, M|item
|poke|p2|Azelf|item
|poke|p2|Cloyster, F|item
|poke|p2|Metagross|item
|poke|p2|Haxorus, M|item
|poke|p2|Uxie|item
|poke|p2|Gyarados, F|item
|rule|Species Clause: Limit one of each Pokémon
|rule|OHKO Clause: OHKO moves are banned
|rule|Moody Clause: Moody is banned
|rule|Evasion Moves Clause: Evasion moves are banned
|rule|Endless Battle Clause: Forcing endless battles is banned
|rule|HP Percentage Mod: HP is shown in percentages
|rule|Evasion Abilities Clause: Evasion abilities are banned
|rule|Baton Pass Clause: Limit one Baton Passer, can't pass Spe and other stats simultaneously
|rule|Sleep Clause: Sleep-inducing moves are banned
|rule|Swagger Clause: Swagger is banned
|teampreview
|inactive|Battle timer is ON: inactive players will automatically lose when time's up. (requested by Eileine)
|
|start
|switch|p1a: Espeon|Espeon, F|100/100
|switch|p2a: Azelf|Azelf|100/100
|turn|1
|
|move|p1a: Espeon|Shadow Ball|p2a: Azelf
|-supereffective|p2a: Azelf
|-damage|p2a: Azelf|29/100
|-unboost|p2a: Azelf|spd|1
|move|p2a: Azelf|Light Screen|p2a: Azelf
|-sidestart|p2: Eileine|move: Light Screen
|
|upkeep
|turn|2
|
|move|p1a: Espeon|Shadow Ball|p2a: Azelf
|-supereffective|p2a: Azelf
|-damage|p2a: Azelf|0 fnt
|faint|p2a: Azelf
|
|upkeep
|
|switch|p2a: Haxorus|Haxorus, M|100/100
|-ability|p2a: Haxorus|Mold Breaker
|turn|3
|
|switch|p1a: Gyarados|Gyarados, M|100/100
|-ability|p1a: Gyarados|Intimidate|boost
|-unboost|p2a: Haxorus|atk|1
|move|p2a: Haxorus|Dragon Dance|p2a: Haxorus
|-boost|p2a: Haxorus|atk|1
|-boost|p2a: Haxorus|spe|1
|
|upkeep
|turn|4
|
|move|p2a: Haxorus|Dragon Dance|p2a: Haxorus
|-boost|p2a: Haxorus|atk|1
|-boost|p2a: Haxorus|spe|1
|move|p1a: Gyarados|Ice Fang|p2a: Haxorus
|-supereffective|p2a: Haxorus
|-damage|p2a: Haxorus|38/100
|
|upkeep
|turn|5
|
|switch|p1a: Heatran|Heatran, M|100/100
|move|p2a: Haxorus|Dragon Dance|p2a: Haxorus
|-boost|p2a: Haxorus|atk|1
|-boost|p2a: Haxorus|spe|1
|
|upkeep
|turn|6
|
|move|p1a: Heatran|Protect|p1a: Heatran
|-singleturn|p1a: Heatran|Protect
|move|p2a: Haxorus|Low Kick|p1a: Heatran
|-activate|p1a: Heatran|move: Protect
|
|upkeep
|turn|7
|
|switch|p1a: Gyarados|Gyarados, M|100/100
|-ability|p1a: Gyarados|Intimidate|boost
|-unboost|p2a: Haxorus|atk|1
|move|p2a: Haxorus|Outrage|p1a: Gyarados
|-damage|p1a: Gyarados|0 fnt
|faint|p1a: Gyarados
|
|upkeep
|
|switch|p1a: Heatran|Heatran, M|100/100
|turn|8
|
|move|p2a: Haxorus|Outrage|p1a: Heatran|[from]lockedmove
|-resisted|p1a: Heatran
|-crit|p1a: Heatran
|-damage|p1a: Heatran|16/100
|-start|p2a: Haxorus|confusion|[fatigue]
|-enditem|p2a: Haxorus|Lum Berry|[eat]
|-end|p2a: Haxorus|confusion
|move|p1a: Heatran|Roar|p2a: Haxorus
|drag|p2a: Cloyster|Cloyster, F|100/100
|
|-heal|p1a: Heatran|22/100|[from] item: Leftovers
|-sideend|p2: Eileine|move: Light Screen
|upkeep
|turn|9
|
|move|p2a: Cloyster|Razor Shell|p1a: Heatran
|-supereffective|p1a: Heatran
|-damage|p1a: Heatran|0 fnt
|faint|p1a: Heatran
|
|upkeep
|
|switch|p1a: Espeon|Espeon, F|100/100
|turn|10
|
|switch|p2a: Uxie|Uxie|100/100
|move|p1a: Espeon|Trick|p2a: Uxie
|-activate|p1a: Espeon|move: Trick|[of] p2a: Uxie
|-item|p2a: Uxie|Choice Scarf|[from] move: Trick
|-item|p1a: Espeon|Light Clay|[from] move: Trick
|
|upkeep
|turn|11
|
|move|p1a: Espeon|Shadow Ball|p2a: Uxie
|-supereffective|p2a: Uxie
|-crit|p2a: Uxie
|-damage|p2a: Uxie|13/100
|move|p2a: Uxie|Memento|p1a: Espeon
|-unboost|p1a: Espeon|atk|2
|-unboost|p1a: Espeon|spa|2
|faint|p2a: Uxie
|
|upkeep
|
|switch|p2a: Cloyster|Cloyster, F|100/100
|turn|12
|
|move|p1a: Espeon|Hidden Power|p2a: Cloyster
|-supereffective|p2a: Cloyster
|-damage|p2a: Cloyster|41/100
|move|p2a: Cloyster|Shell Smash|p2a: Cloyster
|-unboost|p2a: Cloyster|def|1
|-unboost|p2a: Cloyster|spd|1
|-boost|p2a: Cloyster|atk|2
|-boost|p2a: Cloyster|spa|2
|-boost|p2a: Cloyster|spe|2
|
|upkeep
|turn|13
|
|move|p2a: Cloyster|Icicle Spear|p1a: Espeon
|-damage|p1a: Espeon|60/100
|-damage|p1a: Espeon|19/100
|-damage|p1a: Espeon|0 fnt
|-hitcount|p1a: Espeon|3
|faint|p1a: Espeon
|
|upkeep
|
|switch|p1a: Keldeo|Keldeo-Resolute|100/100
|turn|14
|
|move|p2a: Cloyster|Icicle Spear|p1a: Keldeo
|-resisted|p1a: Keldeo
|-damage|p1a: Keldeo|87/100
|-resisted|p1a: Keldeo
|-damage|p1a: Keldeo|74/100
|-resisted|p1a: Keldeo
|-damage|p1a: Keldeo|59/100
|-resisted|p1a: Keldeo
|-damage|p1a: Keldeo|45/100
|-resisted|p1a: Keldeo
|-damage|p1a: Keldeo|32/100
|-hitcount|p1a: Keldeo|5
|move|p1a: Keldeo|Secret Sword|p2a: Cloyster
|-supereffective|p2a: Cloyster
|-damage|p2a: Cloyster|0 fnt
|-damage|p1a: Keldeo|22/100|[from] item: Life Orb
|faint|p2a: Cloyster
|
|upkeep
|
|switch|p2a: Gyarados|Gyarados, F|100/100
|-ability|p2a: Gyarados|Intimidate|boost
|-unboost|p1a: Keldeo|atk|1
|turn|15
|
|move|p1a: Keldeo|Hydro Pump|p2a: Gyarados
|-resisted|p2a: Gyarados
|-damage|p2a: Gyarados|61/100
|-damage|p1a: Keldeo|12/100|[from] item: Life Orb
|move|p2a: Gyarados|Dragon Dance|p2a: Gyarados
|-boost|p2a: Gyarados|atk|1
|-boost|p2a: Gyarados|spe|1
|
|upkeep
|turn|16
|
|move|p2a: Gyarados|Waterfall|p1a: Keldeo
|-resisted|p1a: Keldeo
|-damage|p1a: Keldeo|0 fnt
|faint|p1a: Keldeo
|
|upkeep
|
|switch|p1a: Celebi|Celebi|100/100
|turn|17
|
|move|p2a: Gyarados|Dragon Dance|p2a: Gyarados
|-boost|p2a: Gyarados|atk|1
|-boost|p2a: Gyarados|spe|1
|move|p1a: Celebi|Toxic|p2a: Gyarados
|-status|p2a: Gyarados|tox
|
|-damage|p2a: Gyarados|55/100 tox|[from] psn
|upkeep
|turn|18
|
|move|p2a: Gyarados|Waterfall|p1a: Celebi
|-resisted|p1a: Celebi
|-damage|p1a: Celebi|66/100
|move|p1a: Celebi|Giga Drain|p2a: Gyarados
|-damage|p2a: Gyarados|19/100 tox
|-heal|p1a: Celebi|82/100|[from] drain|[of] p2a: Gyarados
|-enditem|p2a: Gyarados|Liechi Berry|[eat]
|-boost|p2a: Gyarados|atk|1|[from] item: Liechi Berry
|
|-heal|p1a: Celebi|88/100|[from] item: Leftovers
|-damage|p2a: Gyarados|6/100 tox|[from] psn
|upkeep
|turn|19
|
|move|p2a: Gyarados|Waterfall|p1a: Celebi
|-resisted|p1a: Celebi
|-damage|p1a: Celebi|46/100
|move|p1a: Celebi|Recover|p1a: Celebi
|-heal|p1a: Celebi|96/100
|
|-heal|p1a: Celebi|100/100|[from] item: Leftovers
|-damage|p2a: Gyarados|0 fnt|[from] psn
|faint|p2a: Gyarados
|upkeep
|
|switch|p2a: Haxorus|Haxorus, M|38/100
|-ability|p2a: Haxorus|Mold Breaker
|turn|20
|
|move|p2a: Haxorus|Dragon Dance|p2a: Haxorus
|-boost|p2a: Haxorus|atk|1
|-boost|p2a: Haxorus|spe|1
|move|p1a: Celebi|Toxic|p2a: Haxorus
|-status|p2a: Haxorus|tox
|
|-damage|p2a: Haxorus|32/100 tox|[from] psn
|upkeep
|turn|21
|
|move|p2a: Haxorus|Outrage|p1a: Celebi
|-damage|p1a: Celebi|16/100
|move|p1a: Celebi|Giga Drain|p2a: Haxorus
|-resisted|p2a: Haxorus
|-damage|p2a: Haxorus|5/100 tox
|-heal|p1a: Celebi|27/100|[from] drain|[of] p2a: Haxorus
|
|-heal|p1a: Celebi|33/100|[from] item: Leftovers
|-damage|p2a: Haxorus|0 fnt|[from] psn
|faint|p2a: Haxorus
|upkeep
|inactive|Eileine has 120 seconds left.
|
|switch|p2a: Metagross|Metagross|100/100
|turn|22
|
|move|p2a: Metagross|Ice Punch|p1a: Celebi
|-supereffective|p1a: Celebi
|-crit|p1a: Celebi
|-damage|p1a: Celebi|0 fnt
|-damage|p2a: Metagross|91/100|[from] item: Life Orb
|faint|p1a: Celebi
|
|upkeep
|
|switch|p1a: Gliscor|Gliscor, F|100/100
|turn|23
|
|move|p1a: Gliscor|Substitute|p1a: Gliscor
|-start|p1a: Gliscor|Substitute
|-damage|p1a: Gliscor|76/100
|move|p2a: Metagross|Ice Punch|p1a: Gliscor
|-supereffective|p1a: Gliscor
|-end|p1a: Gliscor|Substitute
|-damage|p2a: Metagross|81/100|[from] item: Life Orb
|
|-status|p1a: Gliscor|tox|[from] item: Toxic Orb
|upkeep
|turn|24
|
|move|p1a: Gliscor|Substitute|p1a: Gliscor
|-start|p1a: Gliscor|Substitute
|-damage|p1a: Gliscor|51/100 tox
|move|p2a: Metagross|Agility|p2a: Metagross
|-boost|p2a: Metagross|spe|2
|
|-heal|p1a: Gliscor|63/100 tox|[from] ability: Poison Heal
|upkeep
|turn|25
|inactive|Eileine has 120 seconds left.
|
|move|p2a: Metagross|Ice Punch|p1a: Gliscor
|-supereffective|p1a: Gliscor
|-end|p1a: Gliscor|Substitute
|-damage|p2a: Metagross|71/100|[from] item: Life Orb
|move|p1a: Gliscor|Substitute|p1a: Gliscor
|-start|p1a: Gliscor|Substitute
|-damage|p1a: Gliscor|39/100 tox
|
|-heal|p1a: Gliscor|51/100 tox|[from] ability: Poison Heal
|upkeep
|turn|26
|inactive|Eileine has 120 seconds left.
|inactive|Eileine has 90 seconds left.
|
|move|p2a: Metagross|Ice Punch|p1a: Gliscor
|-supereffective|p1a: Gliscor
|-end|p1a: Gliscor|Substitute
|-damage|p2a: Metagross|61/100|[from] item: Life Orb
|move|p1a: Gliscor|Substitute|p1a: Gliscor
|-start|p1a: Gliscor|Substitute
|-damage|p1a: Gliscor|26/100 tox
|
|-heal|p1a: Gliscor|39/100 tox|[from] ability: Poison Heal
|upkeep
|turn|27
|
|move|p2a: Metagross|Ice Punch|p1a: Gliscor
|-supereffective|p1a: Gliscor
|-end|p1a: Gliscor|Substitute
|-damage|p2a: Metagross|51/100|[from] item: Life Orb
|move|p1a: Gliscor|Substitute|p1a: Gliscor
|-start|p1a: Gliscor|Substitute
|-damage|p1a: Gliscor|14/100 tox
|
|-heal|p1a: Gliscor|26/100 tox|[from] ability: Poison Heal
|upkeep
|turn|28
|inactive|Eileine has 90 seconds left.
|
|move|p2a: Metagross|Ice Punch|p1a: Gliscor
|-supereffective|p1a: Gliscor
|-end|p1a: Gliscor|Substitute
|-damage|p2a: Metagross|41/100|[from] item: Life Orb
|move|p1a: Gliscor|Substitute|p1a: Gliscor
|-start|p1a: Gliscor|Substitute
|-damage|p1a: Gliscor|2/100 tox
|
|-heal|p1a: Gliscor|14/100 tox|[from] ability: Poison Heal
|upkeep
|turn|29
|-message|Eileine forfeited.
|
|win|Yicus
|l|‽Eileine
|raw|Yicus's rating: 1358 &rarr; <strong>1376</strong><br />(+18 for winning)
|raw|Eileine's rating: 1331 &rarr; <strong>1312</strong><br />(-19 for losing)
