|j|☆Aurum38
|j|☆Bronzongsunderbell
|t:|1746578416
|gametype|singles
|player|p1|Aurum38|170|1367
|player|p2|Bronzongsunderbell|101|1453
|teamsize|p1|6
|teamsize|p2|6
|gen|5
|tier|[Gen 5] OU
|rated|
|rule|Species Clause: Limit one of each Pokémon
|rule|OHKO Clause: OHKO moves are banned
|rule|Moody Clause: Moody is banned
|rule|Evasion Items Clause: Evasion items are banned
|rule|Evasion Moves Clause: Evasion moves are banned
|rule|Endless Battle Clause: Forcing endless battles is banned
|rule|HP Percentage Mod: HP is shown in percentages
|rule|Evasion Abilities Clause: Evasion abilities are banned
|rule|Sleep Moves Clause: Sleep-inducing moves are banned
|rule|Swagger Clause: Swagger is banned
|rule|Baton Pass Stat Clause: No Baton Passer may have a way to boost its stats
|clearpoke
|poke|p1|Tyranitar, M|item
|poke|p1|Alakazam, M|item
|poke|p1|Latios, M|item
|poke|p1|Ferrothorn, M|item
|poke|p1|Keldeo|item
|poke|p1|Landorus-Therian, M|item
|poke|p2|Scizor, M|item
|poke|p2|Terrakion|item
|poke|p2|Dragonite, M|item
|poke|p2|Volcarona, M|item
|poke|p2|Garchomp, F|item
|poke|p2|Toxicroak, M|item
|teampreview
|
|t:|1746578458
|start
|switch|p1a: Keldeo|Keldeo|100/100
|switch|p2a: Terrakion|Terrakion|100/100
|turn|1
|
|t:|1746578470
|move|p1a: Keldeo|Secret Sword|p2a: Terrakion
|-supereffective|p2a: Terrakion
|-damage|p2a: Terrakion|3/100
|move|p2a: Terrakion|Close Combat|p1a: Keldeo
|-damage|p1a: Keldeo|23/100
|-unboost|p2a: Terrakion|def|1
|-unboost|p2a: Terrakion|spd|1
|
|-heal|p1a: Keldeo|29/100|[from] item: Leftovers
|upkeep
|turn|2
|
|t:|1746578480
|move|p2a: Terrakion|Close Combat|p1a: Keldeo
|-damage|p1a: Keldeo|0 fnt
|-unboost|p2a: Terrakion|def|1
|-unboost|p2a: Terrakion|spd|1
|faint|p1a: Keldeo
|
|upkeep
|
|t:|1746578482
|switch|p1a: Landorus|Landorus-Therian, M|100/100
|-ability|p1a: Landorus|Intimidate|boost
|-unboost|p2a: Terrakion|atk|1
|turn|3
|
|t:|1746578498
|switch|p2a: Dragonite|Dragonite, M|100/100
|move|p1a: Landorus|U-turn|p2a: Dragonite
|-resisted|p2a: Dragonite
|-damage|p2a: Dragonite|94/100
|
|t:|1746578501
|switch|p1a: Latios|Latios, M|100/100|[from] U-turn
|
|upkeep
|turn|4
|
|t:|1746578515
|switch|p1a: Ferrothorn|Ferrothorn, M|100/100
|switch|p2a: Terrakion|Terrakion|3/100
|
|upkeep
|turn|5
|
|t:|1746578520
|switch|p1a: Landorus|Landorus-Therian, M|100/100
|-ability|p1a: Landorus|Intimidate|boost
|-unboost|p2a: Terrakion|atk|1
|move|p2a: Terrakion|Stealth Rock|p1a: Landorus
|-sidestart|p1: Aurum38|move: Stealth Rock
|
|upkeep
|turn|6
|
|t:|1746578527
|move|p2a: Terrakion|Stone Edge|p1a: Landorus|[miss]
|-miss|p2a: Terrakion|p1a: Landorus
|move|p1a: Landorus|Hidden Power|p2a: Terrakion
|-damage|p2a: Terrakion|0 fnt
|faint|p2a: Terrakion
|
|upkeep
|
|t:|1746578546
|switch|p2a: Toxicroak|Toxicroak, M|100/100
|-item|p2a: Toxicroak|Air Balloon
|turn|7
|
|t:|1746578549
|move|p1a: Landorus|Stealth Rock|p2a: Toxicroak
|-sidestart|p2: Bronzongsunderbell|move: Stealth Rock
|move|p2a: Toxicroak|Ice Punch|p1a: Landorus
|-supereffective|p1a: Landorus
|-damage|p1a: Landorus|19/100
|
|-heal|p1a: Landorus|25/100|[from] item: Leftovers
|upkeep
|turn|8
|
|t:|1746578553
|move|p2a: Toxicroak|Sucker Punch|p1a: Landorus
|-crit|p1a: Landorus
|-damage|p1a: Landorus|0 fnt
|faint|p1a: Landorus
|
|upkeep
|
|t:|1746578556
|switch|p1a: Alakazam|Alakazam, M|100/100
|turn|9
|
|t:|1746578562
|switch|p2a: Scizor|Scizor, M|100/100
|-damage|p2a: Scizor|88/100|[from] Stealth Rock
|move|p1a: Alakazam|Psychic|p2a: Scizor
|-resisted|p2a: Scizor
|-damage|p2a: Scizor|45/100
|
|upkeep
|turn|10
|
|t:|1746578566
|move|p2a: Scizor|Bullet Punch|p1a: Alakazam
|-damage|p1a: Alakazam|34/100
|move|p1a: Alakazam|Hidden Power|p2a: Scizor
|-supereffective|p2a: Scizor
|-damage|p2a: Scizor|0 fnt
|faint|p2a: Scizor
|
|upkeep
|
|t:|1746578579
|switch|p2a: Toxicroak|Toxicroak, M|100/100
|-damage|p2a: Toxicroak|94/100|[from] Stealth Rock
|-item|p2a: Toxicroak|Air Balloon
|turn|11
|
|t:|1746578587
|switch|p1a: Tyranitar|Tyranitar, M|100/100
|-damage|p1a: Tyranitar|88/100|[from] Stealth Rock
|-weather|Sandstorm|[from] ability: Sand Stream|[of] p1a: Tyranitar
|move|p2a: Toxicroak|Sucker Punch||[still]
|-fail|p2a: Toxicroak
|
|-weather|Sandstorm|[upkeep]
|-damage|p2a: Toxicroak|88/100|[from] Sandstorm
|upkeep
|turn|12
|
|t:|1746578591
|move|p2a: Toxicroak|Swords Dance|p2a: Toxicroak
|-boost|p2a: Toxicroak|atk|2
|move|p1a: Tyranitar|Flamethrower|p2a: Toxicroak
|-damage|p2a: Toxicroak|44/100
|-enditem|p2a: Toxicroak|Air Balloon
|
|-weather|Sandstorm|[upkeep]
|-damage|p2a: Toxicroak|38/100|[from] Sandstorm
|upkeep
|turn|13
|
|t:|1746578594
|move|p2a: Toxicroak|Drain Punch|p1a: Tyranitar
|-supereffective|p1a: Tyranitar
|-enditem|p1a: Tyranitar|Chople Berry|[eat]
|-enditem|p1a: Tyranitar|Chople Berry|[weaken]
|-damage|p1a: Tyranitar|0 fnt
|-heal|p2a: Toxicroak|95/100|[from] drain|[of] p1a: Tyranitar
|faint|p1a: Tyranitar
|
|-weather|Sandstorm|[upkeep]
|-damage|p2a: Toxicroak|89/100|[from] Sandstorm
|upkeep
|
|t:|1746578597
|switch|p1a: Latios|Latios, M|100/100
|-damage|p1a: Latios|88/100|[from] Stealth Rock
|turn|14
|
|t:|1746578612
|move|p1a: Latios|Psyshock|p2a: Toxicroak
|-supereffective|p2a: Toxicroak
|-damage|p2a: Toxicroak|0 fnt
|faint|p2a: Toxicroak
|
|-weather|Sandstorm|[upkeep]
|-damage|p1a: Latios|82/100|[from] Sandstorm
|upkeep
|
|t:|1746578621
|switch|p2a: Dragonite|Dragonite, M|94/100
|-damage|p2a: Dragonite|70/100|[from] Stealth Rock
|turn|15
|
|t:|1746578629
|switch|p1a: Ferrothorn|Ferrothorn, M|100/100
|-damage|p1a: Ferrothorn|95/100|[from] Stealth Rock
|move|p2a: Dragonite|Dragon Dance|p2a: Dragonite
|-boost|p2a: Dragonite|atk|1
|-boost|p2a: Dragonite|spe|1
|
|-weather|Sandstorm|[upkeep]
|-damage|p2a: Dragonite|63/100|[from] Sandstorm
|upkeep
|turn|16
|
|t:|1746578631
|move|p2a: Dragonite|Fire Punch|p1a: Ferrothorn
|-supereffective|p1a: Ferrothorn
|-damage|p1a: Ferrothorn|0 fnt
|-damage|p2a: Dragonite|51/100|[from] ability: Iron Barbs|[of] p1a: Ferrothorn
|faint|p1a: Ferrothorn
|
|-weather|Sandstorm|[upkeep]
|-damage|p2a: Dragonite|45/100|[from] Sandstorm
|upkeep
|
|t:|1746578635
|switch|p1a: Latios|Latios, M|82/100
|-damage|p1a: Latios|70/100|[from] Stealth Rock
|turn|17
|
|t:|1746578639
|move|p2a: Dragonite|Extreme Speed|p1a: Latios
|-damage|p1a: Latios|0 fnt
|faint|p1a: Latios
|
|-weather|Sandstorm|[upkeep]
|-damage|p2a: Dragonite|39/100|[from] Sandstorm
|upkeep
|
|t:|1746578643
|switch|p1a: Alakazam|Alakazam, M|34/100
|turn|18
|
|t:|1746578645
|move|p2a: Dragonite|Extreme Speed|p1a: Alakazam
|-damage|p1a: Alakazam|0 fnt
|faint|p1a: Alakazam
|
|win|Bronzongsunderbell
|raw|Aurum38's rating: 1367 &rarr; <strong>1352</strong><br />(-15 for losing)
|raw|Bronzongsunderbell's rating: 1453 &rarr; <strong>1468</strong><br />(+15 for winning)
|l|☆Aurum38
|player|p1|
