|j|☆django kill
|j|☆baixiaohen
|t:|1745133090
|gametype|singles
|player|p1|django kill|101|1310
|player|p2|baixiaohen|n|1375
|teamsize|p1|6
|teamsize|p2|6
|gen|5
|tier|[Gen 5] OU
|rated|
|rule|Species Clause: Limit one of each Pokémon
|rule|OHKO Clause: OHKO moves are banned
|rule|Moody Clause: Moody is banned
|rule|Evasion Items Clause: Evasion items are banned
|rule|Evasion Moves Clause: Evasion moves are banned
|rule|Endless Battle Clause: Forcing endless battles is banned
|rule|HP Percentage Mod: HP is shown in percentages
|rule|Evasion Abilities Clause: Evasion abilities are banned
|rule|Sleep Moves Clause: Sleep-inducing moves are banned
|rule|Swagger Clause: Swagger is banned
|rule|Baton Pass Stat Clause: No Baton Passer may have a way to boost its stats
|clearpoke
|poke|p1|Abomasnow, F|item
|poke|p1|Blissey, F|item
|poke|p1|Gliscor, F|item
|poke|p1|Jirachi|item
|poke|p1|Starmie|item
|poke|p1|Kyurem|item
|poke|p2|Skarmory, M|item
|poke|p2|Tentacruel, M|item
|poke|p2|Chansey, F|item
|poke|p2|Gliscor, F|item
|poke|p2|Jellicent, F|item
|poke|p2|Quagsire, F|item
|teampreview
|inactive|Battle timer is ON: inactive players will automatically lose when time's up. (requested by baixiaohen)
|c|☆django kill|gl hf
|inactive|baixiaohen has 120 seconds left.
|
|t:|1745133128
|start
|switch|p1a: Gliscor|Gliscor, F|100/100
|switch|p2a: Tentacruel|Tentacruel, M|100/100
|turn|1
|
|t:|1745133132
|move|p1a: Gliscor|Earthquake|p2a: Tentacruel
|-supereffective|p2a: Tentacruel
|-damage|p2a: Tentacruel|23/100
|move|p2a: Tentacruel|Ice Beam|p1a: Gliscor
|-supereffective|p1a: Gliscor
|-damage|p1a: Gliscor|16/100
|
|-heal|p2a: Tentacruel|29/100|[from] item: Black Sludge
|-status|p1a: Gliscor|tox|[from] item: Toxic Orb
|upkeep
|turn|2
|
|t:|1745133147
|switch|p2a: Skarmory|Skarmory, M|100/100
|move|p1a: Gliscor|Earthquake|p2a: Skarmory
|-immune|p2a: Skarmory
|
|-heal|p1a: Gliscor|29/100 tox|[from] ability: Poison Heal
|upkeep
|turn|3
|
|t:|1745133153
|move|p1a: Gliscor|Taunt|p2a: Skarmory
|-start|p2a: Skarmory|move: Taunt
|cant|p2a: Skarmory|move: Taunt|Stealth Rock
|
|-heal|p1a: Gliscor|41/100 tox|[from] ability: Poison Heal
|upkeep
|turn|4
|
|t:|1745133167
|switch|p2a: Jellicent|Jellicent, F|100/100
|move|p1a: Gliscor|Ice Fang|p2a: Jellicent
|-resisted|p2a: Jellicent
|-damage|p2a: Jellicent|94/100
|
|-heal|p2a: Jellicent|99/100|[from] item: Leftovers
|-heal|p1a: Gliscor|54/100 tox|[from] ability: Poison Heal
|upkeep
|turn|5
|
|t:|1745133172
|switch|p1a: Abomasnow|Abomasnow, F|100/100
|-weather|Hail|[from] ability: Snow Warning|[of] p1a: Abomasnow
|move|p2a: Jellicent|Scald|p1a: Abomasnow
|-resisted|p1a: Abomasnow
|-damage|p1a: Abomasnow|87/100
|
|-weather|Hail|[upkeep]
|-damage|p2a: Jellicent|94/100|[from] Hail
|-heal|p2a: Jellicent|99/100|[from] item: Leftovers
|upkeep
|turn|6
|
|t:|1745133183
|switch|p1a: Blissey|Blissey, F|100/100
|switch|p2a: Chansey|Chansey, F|100/100
|
|-weather|Hail|[upkeep]
|-damage|p1a: Blissey|94/100|[from] Hail
|-damage|p2a: Chansey|94/100|[from] Hail
|-heal|p1a: Blissey|100/100|[from] item: Leftovers
|upkeep
|turn|7
|
|t:|1745133190
|move|p1a: Blissey|Stealth Rock|p2a: Chansey
|-sidestart|p2: baixiaohen|move: Stealth Rock
|move|p2a: Chansey|Wish|p2a: Chansey
|
|-weather|Hail|[upkeep]
|-damage|p1a: Blissey|94/100|[from] Hail
|-damage|p2a: Chansey|88/100|[from] Hail
|-heal|p1a: Blissey|100/100|[from] item: Leftovers
|upkeep
|turn|8
|
|t:|1745133196
|switch|p2a: Tentacruel|Tentacruel, M|29/100
|-damage|p2a: Tentacruel|17/100|[from] Stealth Rock
|move|p1a: Blissey|Seismic Toss|p2a: Tentacruel
|-damage|p2a: Tentacruel|0 fnt
|faint|p2a: Tentacruel
|
|-weather|Hail|[upkeep]
|-damage|p1a: Blissey|94/100|[from] Hail
|-heal|p1a: Blissey|100/100|[from] item: Leftovers
|upkeep
|
|t:|1745133217
|switch|p2a: Skarmory|Skarmory, M|100/100
|-damage|p2a: Skarmory|88/100|[from] Stealth Rock
|turn|9
|
|t:|1745133220
|move|p2a: Skarmory|Stealth Rock|p1a: Blissey
|-sidestart|p1: django kill|move: Stealth Rock
|move|p1a: Blissey|Thunder Wave|p2a: Skarmory
|-status|p2a: Skarmory|par
|
|-weather|Hail|[upkeep]
|-damage|p1a: Blissey|94/100|[from] Hail
|-damage|p2a: Skarmory|82/100 par|[from] Hail
|-heal|p1a: Blissey|100/100|[from] item: Leftovers
|upkeep
|turn|10
|
|t:|1745133226
|move|p1a: Blissey|Seismic Toss|p2a: Skarmory
|-damage|p2a: Skarmory|52/100 par
|-damage|p1a: Blissey|84/100|[from] item: Rocky Helmet|[of] p2a: Skarmory
|cant|p2a: Skarmory|par
|
|-weather|Hail|[upkeep]
|-damage|p1a: Blissey|78/100|[from] Hail
|-damage|p2a: Skarmory|46/100 par|[from] Hail
|-heal|p1a: Blissey|84/100|[from] item: Leftovers
|upkeep
|turn|11
|
|t:|1745133230
|switch|p1a: Starmie|Starmie|100/100
|-damage|p1a: Starmie|88/100|[from] Stealth Rock
|move|p2a: Skarmory|Roost|p2a: Skarmory
|-heal|p2a: Skarmory|96/100 par
|-singleturn|p2a: Skarmory|move: Roost
|
|-weather|Hail|[upkeep]
|-damage|p1a: Starmie|82/100|[from] Hail
|-damage|p2a: Skarmory|90/100 par|[from] Hail
|-heal|p1a: Starmie|88/100|[from] item: Leftovers
|upkeep
|turn|12
|
|t:|1745133240
|move|p1a: Starmie|Rapid Spin|p2a: Skarmory
|-resisted|p2a: Skarmory
|-damage|p2a: Skarmory|89/100 par
|-damage|p1a: Starmie|71/100|[from] item: Rocky Helmet|[of] p2a: Skarmory
|-sideend|p1: django kill|Stealth Rock|[from] move: Rapid Spin|[of] p1a: Starmie
|cant|p2a: Skarmory|par
|
|-weather|Hail|[upkeep]
|-damage|p1a: Starmie|65/100|[from] Hail
|-damage|p2a: Skarmory|83/100 par|[from] Hail
|-heal|p1a: Starmie|71/100|[from] item: Leftovers
|upkeep
|turn|13
|
|t:|1745133250
|switch|p1a: Kyurem|Kyurem|100/100
|-ability|p1a: Kyurem|Pressure
|switch|p2a: Jellicent|Jellicent, F|99/100
|-damage|p2a: Jellicent|88/100|[from] Stealth Rock
|
|-weather|Hail|[upkeep]
|-damage|p2a: Jellicent|82/100|[from] Hail
|-heal|p2a: Jellicent|88/100|[from] item: Leftovers
|upkeep
|turn|14
|
|t:|1745133257
|switch|p2a: Quagsire|Quagsire, F|100/100
|-damage|p2a: Quagsire|94/100|[from] Stealth Rock
|move|p1a: Kyurem|Draco Meteor|p2a: Quagsire
|-damage|p2a: Quagsire|0 fnt
|-unboost|p1a: Kyurem|spa|2
|faint|p2a: Quagsire
|
|-weather|Hail|[upkeep]
|upkeep
|-message|baixiaohen forfeited.
|
|win|django kill
|raw|django kill's rating: 1310 &rarr; <strong>1334</strong><br />(+24 for winning)
|raw|baixiaohen's rating: 1375 &rarr; <strong>1351</strong><br />(-24 for losing)
|l|☆baixiaohen
|player|p2|
