|join|TP2
|join|ashiemore
|player|p1|TP2|163
|player|p2|ashiemore|277
|gametype|singles
|gen|5
|tier|[Gen 5] OU
|rated
|rule|Evasion Abilities Clause: Evasion abilities are banned
|clearpoke
|poke|p1|Infernape, M
|poke|p1|Scizor, M
|poke|p1|Latios, M
|poke|p1|Jellicent, F
|poke|p1|Terrakion
|poke|p1|Jirachi
|poke|p2|Ninetales, M
|poke|p2|Victini
|poke|p2|Darmanitan, F
|poke|p2|Donphan, M
|poke|p2|Infernape, M
|poke|p2|Kyurem-Black
|rule|Sleep Clause Mod: Limit one foe put to sleep
|rule|Species Clause: Limit one of each Pokemon
|rule|OHKO Clause: OHKO moves are banned
|rule|Moody Clause: Moody is banned
|rule|Evasion Moves Clause: Evasion moves are banned
|rule|Endless Battle Clause: Forcing endless battles is banned.
|rule|HP Percentage Mod: HP is reported as percentages
|teampreview
|
|start
|switch|p1a: FAK UR ASS|Terrakion|324/324
|switch|p2a: Ninetales|Ninetales, M|287/287
|-weather|SunnyDay|[from] ability: Drought|[of] p2a: Ninetales
|turn|1
|
|move|p1a: FAK UR ASS|Stone Edge|p2a: Ninetales
|-supereffective|p2a: Ninetales
|-damage|p2a: Ninetales|0 fnt
|faint|p2a: Ninetales
|
|-weather|SunnyDay|[upkeep]
|
|switch|p2a: Donphan|Donphan, M|384/384
|turn|2
|
|switch|p1a: PAIN#1|Jellicent, F|404/404
|move|p2a: Donphan|Earthquake|p1a: PAIN#1
|-crit|p1a: PAIN#1
|-damage|p1a: PAIN#1|0 fnt
|faint|p1a: PAIN#1
|
|-weather|SunnyDay|[upkeep]
|
|switch|p1a: Slayer|Latios, M|301/301
|turn|3
|
|switch|p2a: Kyurem-Black|Kyurem-Black|391/391
|-ability|p2a: Kyurem-Black|Teravolt
|move|p1a: Slayer|Draco Meteor|p2a: Kyurem-Black
|-supereffective|p2a: Kyurem-Black
|-damage|p2a: Kyurem-Black|0 fnt
|-unboost|p1a: Slayer|spa|2
|-damage|p1a: Slayer|271/301|[from] item: Life Orb
|faint|p2a: Kyurem-Black
|
|-weather|SunnyDay|[upkeep]
|
|switch|p2a: Darmanitan|Darmanitan, F|351/351
|turn|4
|
|switch|p1a: Inferno|Infernape, M|293/293
|move|p2a: Darmanitan|Flare Blitz|p1a: Inferno
|-resisted|p1a: Inferno
|-damage|p1a: Inferno|0 fnt
|-damage|p2a: Darmanitan|254/351|[from] recoil|[of] p1a: Inferno
|faint|p1a: Inferno
|
|-weather|SunnyDay|[upkeep]
|chat|ashiemore|lel
|
|switch|p1a: Slayer|Latios, M|271/301
|turn|5
|
|move|p1a: Slayer|Draco Meteor|p2a: Darmanitan
|-damage|p2a: Darmanitan|0 fnt
|-unboost|p1a: Slayer|spa|2
|-damage|p1a: Slayer|241/301|[from] item: Life Orb
|faint|p2a: Darmanitan
|
|-weather|SunnyDay|[upkeep]
|
|switch|p2a: Victini|Victini|341/341
|turn|6
|
|switch|p1a: FAK UR ASS|Terrakion|324/324
|move|p2a: Victini|V-create|p1a: FAK UR ASS
|-resisted|p1a: FAK UR ASS
|-damage|p1a: FAK UR ASS|0 fnt
|-unboost|p2a: Victini|def|1
|-unboost|p2a: Victini|spd|1
|-unboost|p2a: Victini|spe|1
|faint|p1a: FAK UR ASS
|
|-weather|SunnyDay|[upkeep]
|
|switch|p1a: Slayer|Latios, M|241/301
|turn|7
|
|switch|p2a: Donphan|Donphan, M|384/384
|move|p1a: Slayer|Draco Meteor|p2a: Donphan
|-activate|p2a: Donphan|Sturdy
|-damage|p2a: Donphan|1/384
|-unboost|p1a: Slayer|spa|2
|-damage|p1a: Slayer|211/301|[from] item: Life Orb
|
|-weather|SunnyDay|[upkeep]
|turn|8
|
|move|p2a: Donphan|Ice Shard|p1a: Slayer
|-supereffective|p1a: Slayer
|-damage|p1a: Slayer|19/301
|move|p1a: Slayer|Surf|p2a: Donphan
|-supereffective|p2a: Donphan
|-damage|p2a: Donphan|0 fnt
|-damage|p1a: Slayer|0 fnt|[from] item: Life Orb
|faint|p2a: Donphan
|faint|p1a: Slayer
|
|-weather|SunnyDay|[upkeep]
|
|switch|p2a: Victini|Victini|341/341
|switch|p1a: PAIN#2|Jirachi|404/404
|turn|9
|
|move|p2a: Victini|V-create|p1a: PAIN#2
|-crit|p1a: PAIN#2
|-supereffective|p1a: PAIN#2
|-damage|p1a: PAIN#2|0 fnt
|-unboost|p2a: Victini|def|1
|-unboost|p2a: Victini|spd|1
|-unboost|p2a: Victini|spe|1
|faint|p1a: PAIN#2
|
|-weather|SunnyDay|[upkeep]
|chat|ashiemore|gg
|
|switch|p1a: Revenge-Killer|Scizor, M|343/343
|turn|10
|
|move|p2a: Victini|V-create|p1a: Revenge-Killer
|-supereffective|p1a: Revenge-Killer
|-damage|p1a: Revenge-Killer|0 fnt
|-unboost|p2a: Victini|def|1
|-unboost|p2a: Victini|spd|1
|-unboost|p2a: Victini|spe|1
|faint|p1a: Revenge-Killer
|
|win|ashiemore
|raw|Ladder updating...
|raw|TP2's rating: 1313 &rarr; <strong>1292</strong><br />(-21 for losing)
|raw|ashiemore's rating: 1305 &rarr; <strong>1326</strong><br />(+21 for winning)
|leave|TP2
|player|p1