|j|☆Nosepass Gaming
|j|☆ImaginewasTaken
|t:|1726793692
|gametype|singles
|player|p1|Nosepass Gaming|colress|1331
|player|p2|ImaginewasTaken|n|1350
|teamsize|p1|6
|teamsize|p2|6
|gen|5
|tier|[Gen 5] OU
|rated|
|rule|Species Clause: Limit one of each Pokémon
|rule|OHKO Clause: OHKO moves are banned
|rule|Moody Clause: Moody is banned
|rule|Evasion Items Clause: Evasion items are banned
|rule|Evasion Moves Clause: Evasion moves are banned
|rule|Endless Battle Clause: Forcing endless battles is banned
|rule|HP Percentage Mod: HP is shown in percentages
|rule|Evasion Abilities Clause: Evasion abilities are banned
|rule|Sleep Moves Clause: Sleep-inducing moves are banned
|rule|Swagger Clause: Swagger is banned
|rule|Baton Pass Stat Clause: No Baton Passer may have a way to boost its stats
|clearpoke
|poke|p1|Politoed, M|item
|poke|p1|Kyurem-Black|item
|poke|p1|Starmie|item
|poke|p1|Ferrothorn, M|item
|poke|p1|Garchomp, F|item
|poke|p1|Latios, M|item
|poke|p2|Politoed, M|item
|poke|p2|Keldeo|item
|poke|p2|Tentacruel, F|item
|poke|p2|Ferrothorn, F|item
|poke|p2|Latios, M|item
|poke|p2|Thundurus-Therian, M|item
|teampreview
|inactive|Battle timer is ON: inactive players will automatically lose when time's up. (requested by ImaginewasTaken)
|
|t:|1726793712
|start
|switch|p1a: Garchomp|Garchomp, F|100/100
|switch|p2a: The Toed|Politoed, M|100/100
|-weather|RainDance|[from] ability: Drizzle|[of] p2a: The Toed
|turn|1
|
|t:|1726793723
|switch|p1a: Latios|Latios, M|100/100
|move|p2a: The Toed|Scald|p1a: Latios
|-resisted|p1a: Latios
|-damage|p1a: Latios|81/100
|
|-weather|RainDance|[upkeep]
|upkeep
|turn|2
|
|t:|1726793727
|switch|p2a: RIP Freaky-Sand|Ferrothorn, F|100/100
|move|p1a: Latios|Draco Meteor|p2a: RIP Freaky-Sand
|-resisted|p2a: RIP Freaky-Sand
|-damage|p2a: RIP Freaky-Sand|74/100
|-unboost|p1a: Latios|spa|2
|
|-weather|RainDance|[upkeep]
|-heal|p2a: RIP Freaky-Sand|80/100|[from] item: Leftovers
|upkeep
|turn|3
|
|t:|1726793732
|switch|p1a: Garchomp|Garchomp, F|100/100
|move|p2a: RIP Freaky-Sand|Stealth Rock|p1a: Garchomp
|-sidestart|p1: Nosepass Gaming|move: Stealth Rock
|
|-weather|RainDance|[upkeep]
|-heal|p2a: RIP Freaky-Sand|87/100|[from] item: Leftovers
|upkeep
|turn|4
|
|t:|1726793749
|switch|p2a: The Table Turner|Latios, M|100/100
|move|p1a: Garchomp|Stealth Rock|p2a: The Table Turner
|-sidestart|p2: ImaginewasTaken|move: Stealth Rock
|
|-weather|RainDance|[upkeep]
|upkeep
|turn|5
|
|t:|1726793753
|switch|p2a: OHKO??? ZAMN!!!|Thundurus-Therian, M|100/100
|-damage|p2a: OHKO??? ZAMN!!!|75/100|[from] Stealth Rock
|switch|p1a: Ferrothorn|Ferrothorn, M|100/100
|-damage|p1a: Ferrothorn|95/100|[from] Stealth Rock
|
|-weather|RainDance|[upkeep]
|-heal|p1a: Ferrothorn|100/100|[from] item: Leftovers
|upkeep
|turn|6
|
|t:|1726793757
|switch|p1a: Latios|Latios, M|81/100
|-damage|p1a: Latios|68/100|[from] Stealth Rock
|move|p2a: OHKO??? ZAMN!!!|Hidden Power|p1a: Latios
|-supereffective|p1a: Latios
|-damage|p1a: Latios|14/100
|
|-weather|RainDance|[upkeep]
|upkeep
|turn|7
|
|t:|1726793763
|switch|p2a: RIP Freaky-Sand|Ferrothorn, F|87/100
|-damage|p2a: RIP Freaky-Sand|80/100|[from] Stealth Rock
|move|p1a: Latios|Trick|p2a: RIP Freaky-Sand
|-activate|p1a: Latios|move: Trick|[of] p2a: RIP Freaky-Sand
|-item|p2a: RIP Freaky-Sand|Choice Scarf|[from] move: Trick
|-item|p1a: Latios|Leftovers|[from] move: Trick
|
|-weather|RainDance|[upkeep]
|-heal|p1a: Latios|20/100|[from] item: Leftovers
|upkeep
|turn|8
|
|t:|1726793772
|move|p1a: Latios|Surf|p2a: RIP Freaky-Sand
|-resisted|p2a: RIP Freaky-Sand
|-damage|p2a: RIP Freaky-Sand|63/100
|move|p2a: RIP Freaky-Sand|Spikes|p1a: Latios
|-sidestart|p1: Nosepass Gaming|Spikes
|
|-weather|RainDance|[upkeep]
|-heal|p1a: Latios|26/100|[from] item: Leftovers
|upkeep
|turn|9
|
|t:|1726793775
|switch|p1a: Starmie|Starmie|100/100
|-damage|p1a: Starmie|88/100|[from] Stealth Rock
|-item|p1a: Starmie|Air Balloon
|move|p2a: RIP Freaky-Sand|Spikes|p1a: Starmie
|-sidestart|p1: Nosepass Gaming|Spikes
|
|-weather|RainDance|[upkeep]
|upkeep
|turn|10
|
|t:|1726793779
|move|p1a: Starmie|Rapid Spin|p2a: RIP Freaky-Sand
|-resisted|p2a: RIP Freaky-Sand
|-damage|p2a: RIP Freaky-Sand|62/100
|-damage|p1a: Starmie|76/100|[from] ability: Iron Barbs|[of] p2a: RIP Freaky-Sand
|-sideend|p1: Nosepass Gaming|Spikes|[from] move: Rapid Spin|[of] p1a: Starmie
|-sideend|p1: Nosepass Gaming|Stealth Rock|[from] move: Rapid Spin|[of] p1a: Starmie
|move|p2a: RIP Freaky-Sand|Spikes|p1a: Starmie
|-sidestart|p1: Nosepass Gaming|Spikes
|
|-weather|RainDance|[upkeep]
|upkeep
|turn|11
|
|t:|1726793792
|move|p1a: Starmie|Thunder|p2a: RIP Freaky-Sand
|-resisted|p2a: RIP Freaky-Sand
|-damage|p2a: RIP Freaky-Sand|50/100
|-status|p2a: RIP Freaky-Sand|par
|move|p2a: RIP Freaky-Sand|Spikes|p1a: Starmie
|-sidestart|p1: Nosepass Gaming|Spikes
|
|-weather|RainDance|[upkeep]
|upkeep
|turn|12
|
|t:|1726793797
|move|p1a: Starmie|Ice Beam|p2a: RIP Freaky-Sand
|-damage|p2a: RIP Freaky-Sand|30/100 par
|cant|p2a: RIP Freaky-Sand|par
|
|-weather|RainDance|[upkeep]
|upkeep
|turn|13
|
|t:|1726793801
|switch|p2a: The Table Turner|Latios, M|100/100
|-damage|p2a: The Table Turner|88/100|[from] Stealth Rock
|move|p1a: Starmie|Rapid Spin|p2a: The Table Turner
|-damage|p2a: The Table Turner|83/100
|-sideend|p1: Nosepass Gaming|Spikes|[from] move: Rapid Spin|[of] p1a: Starmie
|
|-weather|RainDance|[upkeep]
|upkeep
|turn|14
|
|t:|1726793809
|switch|p1a: Ferrothorn|Ferrothorn, M|100/100
|move|p2a: The Table Turner|Draco Meteor|p1a: Ferrothorn
|-resisted|p1a: Ferrothorn
|-damage|p1a: Ferrothorn|75/100
|-unboost|p2a: The Table Turner|spa|2
|
|-weather|RainDance|[upkeep]
|-heal|p1a: Ferrothorn|81/100|[from] item: Leftovers
|upkeep
|turn|15
|
|t:|1726793817
|switch|p2a: Baby Keeps Crying|Tentacruel, F|100/100
|-damage|p2a: Baby Keeps Crying|88/100|[from] Stealth Rock
|switch|p1a: Starmie|Starmie|76/100
|-item|p1a: Starmie|Air Balloon
|
|-weather|RainDance|[upkeep]
|-heal|p2a: Baby Keeps Crying|94/100|[from] ability: Rain Dish
|-heal|p2a: Baby Keeps Crying|99/100|[from] item: Black Sludge
|upkeep
|turn|16
|
|t:|1726793823
|move|p1a: Starmie|Thunder|p2a: Baby Keeps Crying
|-supereffective|p2a: Baby Keeps Crying
|-damage|p2a: Baby Keeps Crying|42/100
|-status|p2a: Baby Keeps Crying|par
|cant|p2a: Baby Keeps Crying|par
|
|-weather|RainDance|[upkeep]
|-heal|p2a: Baby Keeps Crying|48/100 par|[from] ability: Rain Dish
|-heal|p2a: Baby Keeps Crying|54/100 par|[from] item: Black Sludge
|upkeep
|turn|17
|
|t:|1726793828
|cant|p2a: Baby Keeps Crying|par
|move|p1a: Starmie|Thunder|p2a: Baby Keeps Crying
|-supereffective|p2a: Baby Keeps Crying
|-damage|p2a: Baby Keeps Crying|0 fnt
|faint|p2a: Baby Keeps Crying
|
|-weather|RainDance|[upkeep]
|upkeep
|
|t:|1726793831
|switch|p2a: The Toed|Politoed, M|100/100
|-damage|p2a: The Toed|88/100|[from] Stealth Rock
|turn|18
|
|t:|1726793834
|switch|p2a: OHKO??? ZAMN!!!|Thundurus-Therian, M|75/100
|-damage|p2a: OHKO??? ZAMN!!!|50/100|[from] Stealth Rock
|-enditem|p2a: OHKO??? ZAMN!!!|Sitrus Berry|[eat]
|-heal|p2a: OHKO??? ZAMN!!!|75/100|[from] item: Sitrus Berry
|move|p1a: Starmie|Thunder|p2a: OHKO??? ZAMN!!!
|-heal|p2a: OHKO??? ZAMN!!!|100/100|[from] ability: Volt Absorb|[of] p1a: Starmie
|
|-weather|RainDance|[upkeep]
|upkeep
|turn|19
|
|t:|1726793848
|move|p1a: Starmie|Ice Beam|p2a: OHKO??? ZAMN!!!
|-supereffective|p2a: OHKO??? ZAMN!!!
|-damage|p2a: OHKO??? ZAMN!!!|40/100
|-status|p2a: OHKO??? ZAMN!!!|frz
|cant|p2a: OHKO??? ZAMN!!!|frz
|
|-weather|RainDance|[upkeep]
|upkeep
|turn|20
|c|☆ImaginewasTaken|nah
|c|☆ImaginewasTaken|nah
|c|☆ImaginewasTaken|nag
|
|t:|1726793857
|move|p1a: Starmie|Ice Beam|p2a: OHKO??? ZAMN!!!
|-supereffective|p2a: OHKO??? ZAMN!!!
|-damage|p2a: OHKO??? ZAMN!!!|0 fnt
|faint|p2a: OHKO??? ZAMN!!!
|
|-weather|RainDance|[upkeep]
|upkeep
|
|t:|1726793862
|switch|p2a: The Table Turner|Latios, M|83/100
|-damage|p2a: The Table Turner|71/100|[from] Stealth Rock
|turn|21
|c|☆Nosepass Gaming|MB BRO
|c|☆Nosepass Gaming|THIS IS SO FUNNY
|
|t:|1726793868
|switch|p2a: I so sorry|Keldeo|100/100
|-damage|p2a: I so sorry|94/100|[from] Stealth Rock
|switch|p1a: Ferrothorn|Ferrothorn, M|81/100
|
|-weather|RainDance|[upkeep]
|-heal|p1a: Ferrothorn|87/100|[from] item: Leftovers
|upkeep
|turn|22
|
|t:|1726793876
|switch|p1a: Politoed|Politoed, M|100/100
|move|p2a: I so sorry|Secret Sword|p1a: Politoed
|-damage|p1a: Politoed|33/100
|
|-weather|RainDance|[upkeep]
|-heal|p1a: Politoed|40/100|[from] item: Leftovers
|upkeep
|turn|23
|
|t:|1726793880
|move|p1a: Politoed|Protect|p1a: Politoed
|-singleturn|p1a: Politoed|Protect
|move|p2a: I so sorry|Secret Sword|p1a: Politoed
|-activate|p1a: Politoed|move: Protect
|
|-weather|RainDance|[upkeep]
|-heal|p1a: Politoed|46/100|[from] item: Leftovers
|upkeep
|turn|24
|
|t:|1726793882
|move|p2a: I so sorry|Secret Sword|p1a: Politoed
|-damage|p1a: Politoed|0 fnt
|faint|p1a: Politoed
|
|-weather|RainDance|[upkeep]
|upkeep
|
|t:|1726793895
|switch|p1a: Latios|Latios, M|26/100
|turn|25
|
|t:|1726793899
|switch|p2a: RIP Freaky-Sand|Ferrothorn, F|30/100 par
|-damage|p2a: RIP Freaky-Sand|24/100 par|[from] Stealth Rock
|move|p1a: Latios|Psyshock|p2a: RIP Freaky-Sand
|-resisted|p2a: RIP Freaky-Sand
|-damage|p2a: RIP Freaky-Sand|9/100 par
|
|-weather|RainDance|[upkeep]
|-heal|p1a: Latios|32/100|[from] item: Leftovers
|upkeep
|turn|26
|
|t:|1726793902
|move|p1a: Latios|Psyshock|p2a: RIP Freaky-Sand
|-resisted|p2a: RIP Freaky-Sand
|-damage|p2a: RIP Freaky-Sand|0 fnt
|faint|p2a: RIP Freaky-Sand
|
|-weather|RainDance|[upkeep]
|-heal|p1a: Latios|38/100|[from] item: Leftovers
|upkeep
|
|t:|1726793906
|switch|p2a: The Table Turner|Latios, M|71/100
|-damage|p2a: The Table Turner|58/100|[from] Stealth Rock
|turn|27
|j| Dryleaf J
|
|t:|1726793917
|switch|p1a: Kyurem|Kyurem-Black|100/100
|-ability|p1a: Kyurem|Teravolt
|move|p2a: The Table Turner|Dragon Pulse|p1a: Kyurem
|-supereffective|p1a: Kyurem
|-damage|p1a: Kyurem|19/100
|
|-weather|RainDance|[upkeep]
|upkeep
|turn|28
|
|t:|1726793923
|switch|p1a: Ferrothorn|Ferrothorn, M|87/100
|move|p2a: The Table Turner|Dragon Pulse|p1a: Ferrothorn
|-resisted|p1a: Ferrothorn
|-damage|p1a: Ferrothorn|72/100
|
|-weather|RainDance|[upkeep]
|-heal|p1a: Ferrothorn|78/100|[from] item: Leftovers
|upkeep
|turn|29
|
|t:|1726793928
|switch|p2a: I so sorry|Keldeo|94/100
|-damage|p2a: I so sorry|88/100|[from] Stealth Rock
|move|p1a: Ferrothorn|Knock Off|p2a: I so sorry
|-resisted|p2a: I so sorry
|-damage|p2a: I so sorry|85/100
|-ability|p2a: I so sorry|Justified|boost
|-boost|p2a: I so sorry|atk|1
|-enditem|p2a: I so sorry|Choice Specs|[from] move: Knock Off|[of] p1a: Ferrothorn
|
|-weather|RainDance|[upkeep]
|-heal|p1a: Ferrothorn|84/100|[from] item: Leftovers
|upkeep
|turn|30
|
|t:|1726793934
|switch|p1a: Kyurem|Kyurem-Black|19/100
|-ability|p1a: Kyurem|Teravolt
|move|p2a: I so sorry|Hydro Pump|p1a: Kyurem
|-resisted|p1a: Kyurem
|-damage|p1a: Kyurem|0 fnt
|faint|p1a: Kyurem
|
|-weather|RainDance|[upkeep]
|upkeep
|
|t:|1726793941
|switch|p1a: Latios|Latios, M|38/100
|turn|31
|
|t:|1726793947
|switch|p2a: The Toed|Politoed, M|88/100
|-damage|p2a: The Toed|75/100|[from] Stealth Rock
|move|p1a: Latios|Psyshock|p2a: The Toed
|-damage|p2a: The Toed|46/100
|
|-weather|RainDance|[upkeep]
|-heal|p1a: Latios|44/100|[from] item: Leftovers
|-heal|p2a: The Toed|52/100|[from] item: Leftovers
|upkeep
|turn|32
|
|t:|1726793953
|switch|p1a: Starmie|Starmie|76/100
|-item|p1a: Starmie|Air Balloon
|move|p2a: The Toed|Protect||[still]
|-fail|p2a: The Toed
|
|-weather|RainDance|[upkeep]
|-heal|p2a: The Toed|58/100|[from] item: Leftovers
|upkeep
|turn|33
|
|t:|1726793956
|move|p2a: The Toed|Protect|p2a: The Toed
|-singleturn|p2a: The Toed|Protect
|move|p1a: Starmie|Thunder|p2a: The Toed
|-activate|p2a: The Toed|move: Protect
|
|-weather|RainDance|[upkeep]
|-heal|p2a: The Toed|65/100|[from] item: Leftovers
|upkeep
|turn|34
|
|t:|1726793958
|move|p1a: Starmie|Thunder|p2a: The Toed
|-supereffective|p2a: The Toed
|-damage|p2a: The Toed|3/100
|move|p2a: The Toed|Scald|p1a: Starmie
|-resisted|p1a: Starmie
|-damage|p1a: Starmie|46/100
|-status|p1a: Starmie|brn
|-enditem|p1a: Starmie|Air Balloon
|
|-weather|RainDance|[upkeep]
|-heal|p2a: The Toed|9/100|[from] item: Leftovers
|-damage|p1a: Starmie|34/100 brn|[from] brn
|upkeep
|turn|35
|
|t:|1726793962
|move|p2a: The Toed|Protect|p2a: The Toed
|-singleturn|p2a: The Toed|Protect
|move|p1a: Starmie|Thunder|p2a: The Toed
|-activate|p2a: The Toed|move: Protect
|
|-weather|RainDance|[upkeep]
|-heal|p2a: The Toed|15/100|[from] item: Leftovers
|-damage|p1a: Starmie|22/100 brn|[from] brn
|upkeep
|turn|36
|
|t:|1726793964
|move|p2a: The Toed|Protect||[still]
|-fail|p2a: The Toed
|move|p1a: Starmie|Thunder|p2a: The Toed
|-supereffective|p2a: The Toed
|-damage|p2a: The Toed|0 fnt
|faint|p2a: The Toed
|
|-weather|RainDance|[upkeep]
|-damage|p1a: Starmie|10/100 brn|[from] brn
|upkeep
|
|t:|1726793967
|switch|p2a: The Table Turner|Latios, M|58/100
|-damage|p2a: The Table Turner|46/100|[from] Stealth Rock
|turn|37
|
|t:|1726793972
|move|p2a: The Table Turner|Dragon Pulse|p1a: Starmie
|-damage|p1a: Starmie|0 fnt
|faint|p1a: Starmie
|
|-weather|RainDance|[upkeep]
|upkeep
|l| Dryleaf J
|
|t:|1726793975
|switch|p1a: Ferrothorn|Ferrothorn, M|84/100
|turn|38
|
|t:|1726793983
|move|p2a: The Table Turner|Dragon Pulse|p1a: Ferrothorn
|-resisted|p1a: Ferrothorn
|-damage|p1a: Ferrothorn|67/100
|move|p1a: Ferrothorn|Power Whip|p2a: The Table Turner
|-resisted|p2a: The Table Turner
|-crit|p2a: The Table Turner
|-damage|p2a: The Table Turner|0 fnt
|faint|p2a: The Table Turner
|
|-weather|RainDance|[upkeep]
|-heal|p1a: Ferrothorn|73/100|[from] item: Leftovers
|upkeep
|c|☆ImaginewasTaken|ok guys
|c|☆ImaginewasTaken|lets wrap it up
|
|t:|1726793995
|switch|p2a: I so sorry|Keldeo|85/100
|-damage|p2a: I so sorry|79/100|[from] Stealth Rock
|turn|39
|
|t:|1726793999
|move|p2a: I so sorry|Secret Sword|p1a: Ferrothorn
|-supereffective|p1a: Ferrothorn
|-damage|p1a: Ferrothorn|10/100
|move|p1a: Ferrothorn|Power Whip|p2a: I so sorry
|-supereffective|p2a: I so sorry
|-damage|p2a: I so sorry|0 fnt
|faint|p2a: I so sorry
|
|win|Nosepass Gaming
|raw|Nosepass Gaming's rating: 1331 &rarr; <strong>1352</strong><br />(+21 for winning)
|raw|ImaginewasTaken's rating: 1350 &rarr; <strong>1329</strong><br />(-21 for losing)
|l|☆ImaginewasTaken
|player|p2|
