|j|☆succsacturne
|j|☆leoperi99
|t:|1702212114
|gametype|singles
|player|p1|succsacturne|acerola-masters|1579
|player|p2|leoperi99|erika-masters|1404
|teamsize|p1|6
|teamsize|p2|6
|gen|5
|tier|[Gen 5] OU
|rated|
|rule|Species Clause: Limit one of each Pokémon
|rule|OHKO Clause: OHKO moves are banned
|rule|Moody Clause: Moody is banned
|rule|Evasion Items Clause: Evasion items are banned
|rule|Evasion Moves Clause: Evasion moves are banned
|rule|Endless Battle Clause: Forcing endless battles is banned
|rule|HP Percentage Mod: HP is shown in percentages
|rule|Evasion Abilities Clause: Evasion abilities are banned
|rule|Sleep Moves Clause: Sleep-inducing moves are banned
|rule|Swagger Clause: Swagger is banned
|rule|Baton Pass Stat Clause: No Baton Passer may have a way to boost its stats
|clearpoke
|poke|p1|Scizor, F|item
|poke|p1|Dragonite, M|item
|poke|p1|Garchomp, F|item
|poke|p1|Keldeo|item
|poke|p1|Magnezone|item
|poke|p1|Latios, M|item
|poke|p2|Hippowdon, F|item
|poke|p2|Clefable, F|item
|poke|p2|Bronzong|item
|poke|p2|Skarmory, M|item
|poke|p2|Latias, F|item
|poke|p2|Latios, M|item
|teampreview
|inactive|Battle timer is ON: inactive players will automatically lose when time's up. (requested by succsacturne)
|
|t:|1702212128
|start
|switch|p1a: AngelsCalling|Keldeo|100/100
|switch|p2a: Hippowdon|Hippowdon, F, shiny|100/100
|-weather|Sandstorm|[from] ability: Sand Stream|[of] p2a: Hippowdon
|turn|1
|
|t:|1702212133
|switch|p2a: Latias|Latias, F, shiny|100/100
|move|p1a: AngelsCalling|Icy Wind|p2a: Latias
|-supereffective|p2a: Latias
|-damage|p2a: Latias|69/100
|-unboost|p2a: Latias|spe|1
|
|-weather|Sandstorm|[upkeep]
|-damage|p1a: AngelsCalling|94/100|[from] Sandstorm
|-damage|p2a: Latias|63/100|[from] Sandstorm
|-heal|p2a: Latias|69/100|[from] item: Leftovers
|upkeep
|turn|2
|
|t:|1702212137
|switch|p1a: Shotgun|Scizor, F|100/100
|move|p2a: Latias|Recover|p2a: Latias
|-heal|p2a: Latias|100/100
|
|-weather|Sandstorm|[upkeep]
|-damage|p2a: Latias|94/100|[from] Sandstorm
|-heal|p2a: Latias|100/100|[from] item: Leftovers
|upkeep
|turn|3
|
|t:|1702212140
|-activate|p2a: Latias|move: Pursuit
|move|p1a: Shotgun|Pursuit|p2a: Latias|[from]Pursuit
|-supereffective|p2a: Latias
|-damage|p2a: Latias|13/100
|switch|p2a: Skarmory|Skarmory, M, shiny|100/100
|
|-weather|Sandstorm|[upkeep]
|upkeep
|turn|4
|
|t:|1702212145
|switch|p1a: MetalMachine|Magnezone|100/100
|move|p2a: Skarmory|Whirlwind|p1a: MetalMachine
|drag|p1a: PrimoVictoria|Latios, M|100/100
|
|-weather|Sandstorm|[upkeep]
|-damage|p1a: PrimoVictoria|95/100|[from] Sandstorm
|upkeep
|turn|5
|
|t:|1702212151
|switch|p2a: Clefable|Clefable, F, shiny|100/100
|move|p1a: PrimoVictoria|Surf|p2a: Clefable
|-damage|p2a: Clefable|80/100
|
|-weather|Sandstorm|[upkeep]
|-damage|p1a: PrimoVictoria|89/100|[from] Sandstorm
|-heal|p2a: Clefable|86/100|[from] item: Leftovers
|upkeep
|turn|6
|
|t:|1702212156
|move|p1a: PrimoVictoria|Psyshock|p2a: Clefable
|-damage|p2a: Clefable|41/100
|move|p2a: Clefable|Knock Off|p1a: PrimoVictoria
|-supereffective|p1a: PrimoVictoria
|-damage|p1a: PrimoVictoria|78/100
|-enditem|p1a: PrimoVictoria|Expert Belt|[from] move: Knock Off|[of] p2a: Clefable
|
|-weather|Sandstorm|[upkeep]
|-damage|p1a: PrimoVictoria|72/100|[from] Sandstorm
|-heal|p2a: Clefable|47/100|[from] item: Leftovers
|upkeep
|turn|7
|
|t:|1702212160
|move|p1a: PrimoVictoria|Psyshock|p2a: Clefable
|-damage|p2a: Clefable|4/100
|move|p2a: Clefable|Thunder Wave|p1a: PrimoVictoria
|-status|p1a: PrimoVictoria|par
|
|-weather|Sandstorm|[upkeep]
|-damage|p1a: PrimoVictoria|66/100 par|[from] Sandstorm
|-heal|p2a: Clefable|10/100|[from] item: Leftovers
|upkeep
|turn|8
|
|t:|1702212163
|switch|p1a: Shotgun|Scizor, F|100/100
|move|p2a: Clefable|Soft-Boiled|p2a: Clefable
|-heal|p2a: Clefable|60/100
|
|-weather|Sandstorm|[upkeep]
|-heal|p2a: Clefable|66/100|[from] item: Leftovers
|upkeep
|turn|9
|
|t:|1702212166
|switch|p2a: Skarmory|Skarmory, M, shiny|100/100
|move|p1a: Shotgun|U-turn|p2a: Skarmory
|-resisted|p2a: Skarmory
|-damage|p2a: Skarmory|92/100
|-damage|p1a: Shotgun|84/100|[from] item: Rocky Helmet|[of] p2a: Skarmory
|
|t:|1702212168
|switch|p1a: MetalMachine|Magnezone|100/100|[from] U-turn
|
|-weather|Sandstorm|[upkeep]
|upkeep
|turn|10
|
|t:|1702212172
|move|p1a: MetalMachine|Volt Switch|p2a: Skarmory
|-supereffective|p2a: Skarmory
|-damage|p2a: Skarmory|0 fnt
|faint|p2a: Skarmory
|
|t:|1702212177
|switch|p1a: Shotgun|Scizor, F|84/100|[from] Volt Switch
|
|-weather|Sandstorm|[upkeep]
|upkeep
|
|t:|1702212183
|switch|p2a: Latios|Latios, M, shiny|100/100
|turn|11
|
|t:|1702212188
|switch|p1a: PrimoVictoria|Latios, M|66/100 par
|move|p2a: Latios|Hidden Power|p1a: PrimoVictoria
|-resisted|p1a: PrimoVictoria
|-damage|p1a: PrimoVictoria|54/100 par
|
|-weather|Sandstorm|[upkeep]
|-damage|p2a: Latios|95/100|[from] Sandstorm
|-damage|p1a: PrimoVictoria|48/100 par|[from] Sandstorm
|upkeep
|turn|12
|
|t:|1702212195
|switch|p2a: Hippowdon|Hippowdon, F, shiny|100/100
|switch|p1a: MetalMachine|Magnezone|100/100
|
|-weather|Sandstorm|[upkeep]
|upkeep
|turn|13
|
|t:|1702212198
|switch|p1a: AngelsCalling|Keldeo|94/100
|move|p2a: Hippowdon|Stealth Rock|p1a: AngelsCalling
|-sidestart|p1: succsacturne|move: Stealth Rock
|
|-weather|Sandstorm|[upkeep]
|-damage|p1a: AngelsCalling|88/100|[from] Sandstorm
|upkeep
|turn|14
|
|t:|1702212201
|switch|p2a: Latios|Latios, M, shiny|95/100
|move|p1a: AngelsCalling|Icy Wind|p2a: Latios
|-supereffective|p2a: Latios
|-damage|p2a: Latios|48/100
|-unboost|p2a: Latios|spe|1
|
|-weather|Sandstorm|[upkeep]
|-damage|p1a: AngelsCalling|82/100|[from] Sandstorm
|-damage|p2a: Latios|42/100|[from] Sandstorm
|upkeep
|turn|15
|
|t:|1702212210
|switch|p2a: Bronzong|Bronzong, shiny|100/100
|move|p1a: AngelsCalling|Hidden Power|p2a: Bronzong
|-damage|p2a: Bronzong|82/100
|
|-weather|Sandstorm|[upkeep]
|-damage|p1a: AngelsCalling|76/100|[from] Sandstorm
|-heal|p2a: Bronzong|88/100|[from] item: Leftovers
|upkeep
|turn|16
|
|t:|1702212217
|switch|p1a: PrimoVictoria|Latios, M|48/100 par
|-damage|p1a: PrimoVictoria|36/100 par|[from] Stealth Rock
|move|p2a: Bronzong|Toxic||[still]
|-fail|p2a: Bronzong
|
|-weather|Sandstorm|[upkeep]
|-damage|p1a: PrimoVictoria|30/100 par|[from] Sandstorm
|-heal|p2a: Bronzong|95/100|[from] item: Leftovers
|upkeep
|turn|17
|
|t:|1702212228
|move|p2a: Bronzong|Protect|p2a: Bronzong
|-singleturn|p2a: Bronzong|Protect
|move|p1a: PrimoVictoria|Surf|p2a: Bronzong
|-activate|p2a: Bronzong|move: Protect
|
|-weather|Sandstorm|[upkeep]
|-damage|p1a: PrimoVictoria|24/100 par|[from] Sandstorm
|-heal|p2a: Bronzong|100/100|[from] item: Leftovers
|upkeep
|turn|18
|
|t:|1702212230
|switch|p2a: Latias|Latias, F, shiny|13/100
|move|p1a: PrimoVictoria|Recover|p1a: PrimoVictoria
|-heal|p1a: PrimoVictoria|74/100 par
|
|-weather|Sandstorm|[upkeep]
|-damage|p2a: Latias|7/100|[from] Sandstorm
|-damage|p1a: PrimoVictoria|68/100 par|[from] Sandstorm
|-heal|p2a: Latias|13/100|[from] item: Leftovers
|upkeep
|turn|19
|
|t:|1702212233
|move|p2a: Latias|Recover|p2a: Latias
|-heal|p2a: Latias|63/100
|move|p1a: PrimoVictoria|Draco Meteor|p2a: Latias
|-supereffective|p2a: Latias
|-damage|p2a: Latias|0 fnt
|-unboost|p1a: PrimoVictoria|spa|2
|faint|p2a: Latias
|
|-weather|Sandstorm|[upkeep]
|-damage|p1a: PrimoVictoria|62/100 par|[from] Sandstorm
|upkeep
|
|t:|1702212235
|switch|p2a: Latios|Latios, M, shiny|42/100
|turn|20
|
|t:|1702212239
|move|p2a: Latios|Roost|p2a: Latios
|-heal|p2a: Latios|92/100
|-singleturn|p2a: Latios|move: Roost
|move|p1a: PrimoVictoria|Draco Meteor|p2a: Latios|[miss]
|-miss|p1a: PrimoVictoria|p2a: Latios
|
|-weather|Sandstorm|[upkeep]
|-damage|p2a: Latios|86/100|[from] Sandstorm
|-damage|p1a: PrimoVictoria|56/100 par|[from] Sandstorm
|upkeep
|turn|21
|
|t:|1702212243
|move|p2a: Latios|Draco Meteor|p1a: PrimoVictoria
|-supereffective|p1a: PrimoVictoria
|-damage|p1a: PrimoVictoria|0 fnt
|-unboost|p2a: Latios|spa|2
|faint|p1a: PrimoVictoria
|
|-weather|Sandstorm|[upkeep]
|-damage|p2a: Latios|80/100|[from] Sandstorm
|upkeep
|
|t:|1702212253
|switch|p1a: MetalMachine|Magnezone|100/100
|-damage|p1a: MetalMachine|94/100|[from] Stealth Rock
|turn|22
|
|t:|1702212257
|switch|p2a: Hippowdon|Hippowdon, F, shiny|100/100
|move|p1a: MetalMachine|Flash Cannon|p2a: Hippowdon
|-damage|p2a: Hippowdon|52/100
|
|-weather|Sandstorm|[upkeep]
|-heal|p2a: Hippowdon|58/100|[from] item: Leftovers
|upkeep
|turn|23
|
|t:|1702212260
|switch|p1a: WeBurn|Garchomp, F|100/100
|-damage|p1a: WeBurn|94/100|[from] Stealth Rock
|switch|p2a: Bronzong|Bronzong, shiny|100/100
|
|-weather|Sandstorm|[upkeep]
|upkeep
|turn|24
|
|t:|1702212263
|move|p1a: WeBurn|Stealth Rock|p2a: Bronzong
|-sidestart|p2: leoperi99|move: Stealth Rock
|move|p2a: Bronzong|Toxic|p1a: WeBurn
|-status|p1a: WeBurn|tox
|
|-weather|Sandstorm|[upkeep]
|-damage|p1a: WeBurn|88/100 tox|[from] psn
|upkeep
|turn|25
|
|t:|1702212268
|switch|p1a: MetalMachine|Magnezone|94/100
|-damage|p1a: MetalMachine|88/100|[from] Stealth Rock
|move|p2a: Bronzong|Hidden Power|p1a: MetalMachine
|-supereffective|p1a: MetalMachine
|-damage|p1a: MetalMachine|52/100
|
|-weather|Sandstorm|[upkeep]
|upkeep
|turn|26
|inactive|succsacturne has 120 seconds left.
|
|t:|1702212307
|move|p2a: Bronzong|Protect|p2a: Bronzong
|-singleturn|p2a: Bronzong|Protect
|move|p1a: MetalMachine|Volt Switch|p2a: Bronzong
|-activate|p2a: Bronzong|move: Protect
|
|-weather|Sandstorm|[upkeep]
|upkeep
|turn|27
|
|t:|1702212317
|move|p1a: MetalMachine|Volt Switch|p2a: Bronzong
|-damage|p2a: Bronzong|61/100
|
|t:|1702212320
|switch|p1a: AngelsCalling|Keldeo|76/100|[from] Volt Switch
|-damage|p1a: AngelsCalling|70/100|[from] Stealth Rock
|move|p2a: Bronzong|Toxic|p1a: AngelsCalling
|-status|p1a: AngelsCalling|tox
|
|-weather|Sandstorm|[upkeep]
|-damage|p1a: AngelsCalling|63/100 tox|[from] Sandstorm
|-heal|p2a: Bronzong|67/100|[from] item: Leftovers
|-damage|p1a: AngelsCalling|57/100 tox|[from] psn
|upkeep
|turn|28
|
|t:|1702212325
|switch|p1a: MetalMachine|Magnezone|52/100
|-damage|p1a: MetalMachine|46/100|[from] Stealth Rock
|move|p2a: Bronzong|Protect||[still]
|-fail|p2a: Bronzong
|
|-weather|Sandstorm|[upkeep]
|-heal|p2a: Bronzong|73/100|[from] item: Leftovers
|upkeep
|turn|29
|
|t:|1702212333
|move|p2a: Bronzong|Protect|p2a: Bronzong
|-singleturn|p2a: Bronzong|Protect
|move|p1a: MetalMachine|Thunderbolt|p2a: Bronzong
|-activate|p2a: Bronzong|move: Protect
|
|-weather|Sandstorm|[upkeep]
|-heal|p2a: Bronzong|79/100|[from] item: Leftovers
|upkeep
|turn|30
|
|t:|1702212343
|move|p1a: MetalMachine|Thunderbolt|p2a: Bronzong
|-damage|p2a: Bronzong|24/100
|-status|p2a: Bronzong|par
|move|p2a: Bronzong|Skill Swap|p1a: MetalMachine
|-activate|p2a: Bronzong|move: Skill Swap|Magnet Pull|Levitate|[of] p1a: MetalMachine
|-endability|p2a: Bronzong|Levitate|[from] move: Skill Swap
|-endability|p1a: MetalMachine|Magnet Pull|[from] move: Skill Swap
|
|-weather|Sandstorm|[upkeep]
|-heal|p2a: Bronzong|30/100 par|[from] item: Leftovers
|upkeep
|turn|31
|
|t:|1702212349
|switch|p2a: Hippowdon|Hippowdon, F, shiny|58/100
|-damage|p2a: Hippowdon|52/100|[from] Stealth Rock
|move|p1a: MetalMachine|Thunderbolt|p2a: Hippowdon
|-immune|p2a: Hippowdon
|
|-weather|Sandstorm|[upkeep]
|-heal|p2a: Hippowdon|58/100|[from] item: Leftovers
|upkeep
|turn|32
|
|t:|1702212355
|switch|p1a: AngelsCalling|Keldeo|57/100 tox
|-damage|p1a: AngelsCalling|51/100 tox|[from] Stealth Rock
|move|p2a: Hippowdon|Earthquake|p1a: AngelsCalling
|-crit|p1a: AngelsCalling
|-damage|p1a: AngelsCalling|0 fnt
|faint|p1a: AngelsCalling
|
|-weather|Sandstorm|[upkeep]
|-heal|p2a: Hippowdon|64/100|[from] item: Leftovers
|upkeep
|
|t:|1702212366
|switch|p1a: Union|Dragonite, M|100/100
|-damage|p1a: Union|75/100|[from] Stealth Rock
|turn|33
|
|t:|1702212368
|move|p1a: Union|Outrage|p2a: Hippowdon
|-crit|p2a: Hippowdon
|-damage|p2a: Hippowdon|0 fnt
|faint|p2a: Hippowdon
|
|-weather|Sandstorm|[upkeep]
|-damage|p1a: Union|69/100|[from] Sandstorm
|upkeep
|
|t:|1702212372
|switch|p2a: Latios|Latios, M, shiny|80/100
|-damage|p2a: Latios|67/100|[from] Stealth Rock
|turn|34
|
|t:|1702212394
|move|p2a: Latios|Draco Meteor|p1a: Union
|-supereffective|p1a: Union
|-damage|p1a: Union|0 fnt
|-unboost|p2a: Latios|spa|2
|faint|p1a: Union
|
|-weather|Sandstorm|[upkeep]
|-damage|p2a: Latios|61/100|[from] Sandstorm
|upkeep
|j| Emilio28
|inactive|succsacturne has 120 seconds left.
|
|t:|1702212420
|switch|p1a: Shotgun|Scizor, F|84/100
|-damage|p1a: Shotgun|72/100|[from] Stealth Rock
|turn|35
|
|t:|1702212423
|switch|p2a: Clefable|Clefable, F, shiny|66/100
|move|p1a: Shotgun|Bullet Punch|p2a: Clefable
|-damage|p2a: Clefable|7/100
|
|-weather|Sandstorm|[upkeep]
|-heal|p2a: Clefable|13/100|[from] item: Leftovers
|upkeep
|turn|36
|
|t:|1702212430
|move|p1a: Shotgun|Bullet Punch|p2a: Clefable
|-damage|p2a: Clefable|0 fnt
|faint|p2a: Clefable
|
|-weather|Sandstorm|[upkeep]
|upkeep
|
|t:|1702212432
|switch|p2a: Bronzong|Bronzong, shiny|30/100 par
|-damage|p2a: Bronzong|24/100 par|[from] Stealth Rock
|turn|37
|
|t:|1702212434
|switch|p1a: MetalMachine|Magnezone|46/100
|-damage|p1a: MetalMachine|40/100|[from] Stealth Rock
|move|p2a: Bronzong|Hidden Power|p1a: MetalMachine
|-supereffective|p1a: MetalMachine
|-damage|p1a: MetalMachine|6/100
|
|-weather|Sandstorm|[upkeep]
|-heal|p2a: Bronzong|30/100 par|[from] item: Leftovers
|upkeep
|turn|38
|
|t:|1702212437
|cant|p2a: Bronzong|par
|move|p1a: MetalMachine|Thunderbolt|p2a: Bronzong
|-damage|p2a: Bronzong|0 fnt
|faint|p2a: Bronzong
|
|-weather|Sandstorm|[upkeep]
|upkeep
|
|t:|1702212439
|switch|p2a: Latios|Latios, M, shiny|61/100
|-damage|p2a: Latios|49/100|[from] Stealth Rock
|turn|39
|
|t:|1702212442
|move|p2a: Latios|Roost|p2a: Latios
|-heal|p2a: Latios|99/100
|-singleturn|p2a: Latios|move: Roost
|move|p1a: MetalMachine|Thunderbolt|p2a: Latios
|-resisted|p2a: Latios
|-damage|p2a: Latios|61/100
|
|-weather|Sandstorm|[upkeep]
|-damage|p2a: Latios|55/100|[from] Sandstorm
|upkeep
|turn|40
|
|t:|1702212445
|move|p2a: Latios|Surf|p1a: MetalMachine
|-damage|p1a: MetalMachine|0 fnt
|faint|p1a: MetalMachine
|
|-weather|Sandstorm|[upkeep]
|-damage|p2a: Latios|49/100|[from] Sandstorm
|upkeep
|
|t:|1702212450
|switch|p1a: WeBurn|Garchomp, F|88/100 tox
|-damage|p1a: WeBurn|82/100 tox|[from] Stealth Rock
|turn|41
|c|☆leoperi99|gg wp
|
|t:|1702212452
|move|p1a: WeBurn|Outrage|p2a: Latios
|-supereffective|p2a: Latios
|-damage|p2a: Latios|0 fnt
|faint|p2a: Latios
|
|win|succsacturne
|raw|succsacturne's rating: 1579 &rarr; <strong>1590</strong><br />(+11 for winning)
|raw|leoperi99's rating: 1404 &rarr; <strong>1393</strong><br />(-11 for losing)
|c|☆succsacturne|gg
|l|☆succsacturne
