|j|☆serome17
|j|☆IU is my wife
|t:|1711672692
|gametype|singles
|player|p1|serome17|170|1369
|player|p2|IU is my wife|102|1270
|teamsize|p1|6
|teamsize|p2|6
|gen|5
|tier|[Gen 5] OU
|rated|
|rule|Species Clause: Limit one of each Pokémon
|rule|OHKO Clause: OHKO moves are banned
|rule|Moody Clause: Moody is banned
|rule|Evasion Items Clause: Evasion items are banned
|rule|Evasion Moves Clause: Evasion moves are banned
|rule|Endless Battle Clause: Forcing endless battles is banned
|rule|HP Percentage Mod: HP is shown in percentages
|rule|Evasion Abilities Clause: Evasion abilities are banned
|rule|Sleep Moves Clause: Sleep-inducing moves are banned
|rule|Swagger Clause: Swagger is banned
|rule|Baton Pass Stat Clause: No Baton Passer may have a way to boost its stats
|clearpoke
|poke|p1|Tyranitar, M|item
|poke|p1|Rotom-Wash|item
|poke|p1|Magnezone|item
|poke|p1|Jirachi|item
|poke|p1|Keldeo|item
|poke|p1|Landorus-Therian, M|item
|poke|p2|Jirachi|item
|poke|p2|Dragonite, M|item
|poke|p2|Rotom-Wash|item
|poke|p2|Landorus-Therian, M|item
|poke|p2|Gengar, M|item
|poke|p2|Infernape, M|item
|teampreview
|
|t:|1711672713
|start
|switch|p1a: Keldeo|Keldeo|100/100
|switch|p2a: Rotom|Rotom-Wash|100/100
|turn|1
|
|t:|1711672723
|switch|p1a: Landorus|Landorus-Therian, M|100/100
|-ability|p1a: Landorus|Intimidate|boost
|-unboost|p2a: Rotom|atk|1
|move|p2a: Rotom|Volt Switch|p1a: Landorus
|-immune|p1a: Landorus
|
|upkeep
|turn|2
|
|t:|1711672739
|switch|p2a: Landorus|Landorus-Therian, M|100/100
|-ability|p2a: Landorus|Intimidate|boost
|-unboost|p1a: Landorus|atk|1
|move|p1a: Landorus|U-turn|p2a: Landorus
|-resisted|p2a: Landorus
|-damage|p2a: Landorus|91/100
|
|t:|1711672756
|switch|p1a: Rotom|Rotom-Wash, shiny|100/100|[from] U-turn
|
|upkeep
|turn|3
|
|t:|1711672765
|move|p2a: Landorus|U-turn|p1a: Rotom
|-damage|p1a: Rotom|70/100
|
|t:|1711672776
|switch|p2a: Jirachi|Jirachi|100/100|[from] U-turn
|move|p1a: Rotom|Will-O-Wisp|p2a: Jirachi|[miss]
|-miss|p1a: Rotom|p2a: Jirachi
|
|-heal|p1a: Rotom|76/100|[from] item: Leftovers
|upkeep
|turn|4
|
|t:|1711672785
|switch|p2a: Infernape|Infernape, M|100/100
|switch|p1a: Magnezone|Magnezone, shiny|100/100
|
|upkeep
|turn|5
|
|t:|1711672804
|switch|p1a: Landorus|Landorus-Therian, M|100/100
|-ability|p1a: Landorus|Intimidate|boost
|-unboost|p2a: Infernape|atk|1
|move|p2a: Infernape|Overheat|p1a: Landorus
|-damage|p1a: Landorus|43/100
|-unboost|p2a: Infernape|spa|2
|
|-heal|p1a: Landorus|49/100|[from] item: Leftovers
|upkeep
|turn|6
|
|t:|1711672820
|switch|p2a: Landorus|Landorus-Therian, M|91/100
|-ability|p2a: Landorus|Intimidate|boost
|-unboost|p1a: Landorus|atk|1
|move|p1a: Landorus|Stealth Rock|p2a: Landorus
|-sidestart|p2: IU is my wife|move: Stealth Rock
|
|-heal|p1a: Landorus|55/100|[from] item: Leftovers
|upkeep
|turn|7
|
|t:|1711672830
|move|p2a: Landorus|Hidden Power|p1a: Landorus
|-supereffective|p1a: Landorus
|-damage|p1a: Landorus|0 fnt
|faint|p1a: Landorus
|
|upkeep
|
|t:|1711672833
|switch|p1a: Keldeo|Keldeo|100/100
|turn|8
|
|t:|1711672844
|switch|p2a: Rotom|Rotom-Wash|100/100
|-damage|p2a: Rotom|88/100|[from] Stealth Rock
|move|p1a: Keldeo|Icy Wind|p2a: Rotom
|-resisted|p2a: Rotom
|-crit|p2a: Rotom
|-damage|p2a: Rotom|71/100
|-unboost|p2a: Rotom|spe|1
|
|upkeep
|turn|9
|
|t:|1711672868
|move|p1a: Keldeo|Calm Mind|p1a: Keldeo
|-boost|p1a: Keldeo|spa|1
|-boost|p1a: Keldeo|spd|1
|move|p2a: Rotom|Volt Switch|p1a: Keldeo
|-supereffective|p1a: Keldeo
|-damage|p1a: Keldeo|27/100
|
|t:|1711672886
|switch|p2a: Gengar|Gengar, M|100/100|[from] Volt Switch
|-damage|p2a: Gengar|88/100|[from] Stealth Rock
|
|-heal|p2a: Gengar|94/100|[from] item: Black Sludge
|-heal|p1a: Keldeo|33/100|[from] item: Leftovers
|upkeep
|turn|10
|
|t:|1711672897
|switch|p1a: Tyranitar|Tyranitar, M, shiny|100/100
|-weather|Sandstorm|[from] ability: Sand Stream|[of] p1a: Tyranitar
|move|p2a: Gengar|Shadow Ball|p1a: Tyranitar
|-resisted|p1a: Tyranitar
|-damage|p1a: Tyranitar|89/100
|
|-weather|Sandstorm|[upkeep]
|-damage|p2a: Gengar|88/100|[from] Sandstorm
|-heal|p2a: Gengar|94/100|[from] item: Black Sludge
|upkeep
|turn|11
|
|t:|1711672904
|move|p2a: Gengar|Focus Blast|p1a: Tyranitar
|-supereffective|p1a: Tyranitar
|-enditem|p1a: Tyranitar|Chople Berry|[eat]
|-enditem|p1a: Tyranitar|Chople Berry|[weaken]
|-damage|p1a: Tyranitar|45/100
|move|p1a: Tyranitar|Pursuit|p2a: Gengar
|-supereffective|p2a: Gengar
|-damage|p2a: Gengar|0 fnt
|faint|p2a: Gengar
|
|-weather|Sandstorm|[upkeep]
|upkeep
|
|t:|1711672929
|switch|p2a: Infernape|Infernape, M|100/100
|-damage|p2a: Infernape|88/100|[from] Stealth Rock
|turn|12
|
|t:|1711672936
|switch|p1a: Rotom|Rotom-Wash, shiny|76/100
|move|p2a: Infernape|Close Combat|p1a: Rotom
|-damage|p1a: Rotom|25/100
|-unboost|p2a: Infernape|def|1
|-unboost|p2a: Infernape|spd|1
|
|-weather|Sandstorm|[upkeep]
|-damage|p2a: Infernape|82/100|[from] Sandstorm
|-damage|p1a: Rotom|19/100|[from] Sandstorm
|-heal|p1a: Rotom|25/100|[from] item: Leftovers
|upkeep
|turn|13
|
|t:|1711672958
|move|p2a: Infernape|Close Combat|p1a: Rotom
|-damage|p1a: Rotom|0 fnt
|-unboost|p2a: Infernape|def|1
|-unboost|p2a: Infernape|spd|1
|faint|p1a: Rotom
|
|-weather|Sandstorm|[upkeep]
|-damage|p2a: Infernape|76/100|[from] Sandstorm
|upkeep
|
|t:|1711672971
|switch|p1a: Jirachi|Jirachi|100/100
|turn|14
|
|t:|1711672975
|move|p1a: Jirachi|U-turn|p2a: Infernape
|-resisted|p2a: Infernape
|-damage|p2a: Infernape|60/100
|
|t:|1711672982
|switch|p1a: Tyranitar|Tyranitar, M, shiny|45/100|[from] U-turn
|move|p2a: Infernape|Overheat|p1a: Tyranitar
|-resisted|p1a: Tyranitar
|-damage|p1a: Tyranitar|30/100
|-unboost|p2a: Infernape|spa|2
|
|-weather|Sandstorm|[upkeep]
|-damage|p2a: Infernape|53/100|[from] Sandstorm
|upkeep
|turn|15
|
|t:|1711673003
|move|p2a: Infernape|Close Combat|p1a: Tyranitar
|-supereffective|p1a: Tyranitar
|-damage|p1a: Tyranitar|0 fnt
|-unboost|p2a: Infernape|def|1
|-unboost|p2a: Infernape|spd|1
|faint|p1a: Tyranitar
|
|-weather|Sandstorm|[upkeep]
|-damage|p2a: Infernape|47/100|[from] Sandstorm
|upkeep
|
|t:|1711673010
|switch|p1a: Keldeo|Keldeo|33/100
|turn|16
|
|t:|1711673019
|move|p2a: Infernape|Close Combat|p1a: Keldeo
|-damage|p1a: Keldeo|0 fnt
|-unboost|p2a: Infernape|def|1
|-unboost|p2a: Infernape|spd|1
|faint|p1a: Keldeo
|
|-weather|Sandstorm|[upkeep]
|-damage|p2a: Infernape|41/100|[from] Sandstorm
|upkeep
|
|t:|1711673022
|switch|p1a: Jirachi|Jirachi|100/100
|turn|17
|
|t:|1711673038
|move|p1a: Jirachi|Iron Head|p2a: Infernape
|-resisted|p2a: Infernape
|-damage|p2a: Infernape|0 fnt
|faint|p2a: Infernape
|
|-weather|Sandstorm|[upkeep]
|upkeep
|
|t:|1711673048
|switch|p2a: Landorus|Landorus-Therian, M|91/100
|-damage|p2a: Landorus|79/100|[from] Stealth Rock
|-ability|p2a: Landorus|Intimidate|boost
|-unboost|p1a: Jirachi|atk|1
|turn|18
|-message|serome17 forfeited.
|
|win|IU is my wife
|raw|serome17's rating: 1369 &rarr; <strong>1343</strong><br />(-26 for losing)
|raw|IU is my wife's rating: 1270 &rarr; <strong>1302</strong><br />(+32 for winning)
|l|☆serome17
|player|p1|
