|html|<div class="broadcast-blue"><strong>[Gen 5] OU is currently suspecting Volcarona & Cloyster! For information on how to participate check out the <a href="https://www.smogon.com/forums/threads/re-cloyster-volcarona-in-bw-ou-survey-post-29.3731863/page-2#post-9904362">suspect thread</a>.</strong></div>
|j|☆seanb143
|j|☆bwvc forthebwcord
|t:|1704562342
|gametype|singles
|player|p1|seanb143|emmet|1288
|player|p2|bwvc forthebwcord|nemona-s|1330
|teamsize|p1|6
|teamsize|p2|6
|gen|5
|tier|[Gen 5] OU
|rated|
|rule|Species Clause: Limit one of each Pokémon
|rule|OHKO Clause: OHKO moves are banned
|rule|Moody Clause: Moody is banned
|rule|Evasion Items Clause: Evasion items are banned
|rule|Evasion Moves Clause: Evasion moves are banned
|rule|Endless Battle Clause: Forcing endless battles is banned
|rule|HP Percentage Mod: HP is shown in percentages
|rule|Evasion Abilities Clause: Evasion abilities are banned
|rule|Sleep Moves Clause: Sleep-inducing moves are banned
|rule|Swagger Clause: Swagger is banned
|rule|Baton Pass Stat Clause: No Baton Passer may have a way to boost its stats
|clearpoke
|poke|p1|Heatran, M|item
|poke|p1|Jellicent, M|item
|poke|p1|Haxorus, F|item
|poke|p1|Forretress, F|item
|poke|p1|Abomasnow, M|item
|poke|p1|Rotom-Wash|item
|poke|p2|Abomasnow, F|item
|poke|p2|Donphan, M|item
|poke|p2|Kyurem|item
|poke|p2|Slowking, F|item
|poke|p2|Skarmory, M|item
|poke|p2|Latios, M|item
|teampreview
|inactive|Battle timer is ON: inactive players will automatically lose when time's up. (requested by seanb143)
|c|☆bwvc forthebwcord|glhf
|inactive|bwvc forthebwcord has 120 seconds left.
|
|t:|1704562374
|start
|switch|p1a: Rotom|Rotom-Wash, shiny|100/100
|switch|p2a: Donphan|Donphan, M, shiny|100/100
|turn|1
|
|t:|1704562378
|switch|p2a: Abomasnow|Abomasnow, F|100/100
|-weather|Hail|[from] ability: Snow Warning|[of] p2a: Abomasnow
|move|p1a: Rotom|Volt Switch|p2a: Abomasnow
|-resisted|p2a: Abomasnow
|-damage|p2a: Abomasnow|85/100
|
|t:|1704562388
|switch|p1a: Heatran|Heatran, M, shiny|100/100|[from] Volt Switch
|
|-weather|Hail|[upkeep]
|-damage|p1a: Heatran|94/100|[from] Hail
|-heal|p1a: Heatran|100/100|[from] item: Leftovers
|-heal|p2a: Abomasnow|91/100|[from] item: Leftovers
|upkeep
|turn|2
|
|t:|1704562391
|switch|p2a: Slowking|Slowking, F, shiny|100/100
|move|p1a: Heatran|Lava Plume|p2a: Slowking
|-resisted|p2a: Slowking
|-damage|p2a: Slowking|89/100
|-status|p2a: Slowking|brn
|
|-weather|Hail|[upkeep]
|-damage|p1a: Heatran|94/100|[from] Hail
|-damage|p2a: Slowking|83/100 brn|[from] Hail
|-heal|p1a: Heatran|100/100|[from] item: Leftovers
|-heal|p2a: Slowking|89/100 brn|[from] item: Leftovers
|-damage|p2a: Slowking|77/100 brn|[from] brn
|upkeep
|turn|3
|
|t:|1704562395
|move|p1a: Heatran|Stealth Rock|p2a: Slowking
|-sidestart|p2: bwvc forthebwcord|move: Stealth Rock
|move|p2a: Slowking|Thunder Wave|p1a: Heatran
|-status|p1a: Heatran|par
|
|-weather|Hail|[upkeep]
|-damage|p2a: Slowking|71/100 brn|[from] Hail
|-damage|p1a: Heatran|94/100 par|[from] Hail
|-heal|p2a: Slowking|77/100 brn|[from] item: Leftovers
|-heal|p1a: Heatran|100/100 par|[from] item: Leftovers
|-damage|p2a: Slowking|64/100 brn|[from] brn
|upkeep
|turn|4
|
|t:|1704562399
|move|p2a: Slowking|Scald|p1a: Heatran
|-supereffective|p1a: Heatran
|-damage|p1a: Heatran|66/100 par
|cant|p1a: Heatran|par
|
|-weather|Hail|[upkeep]
|-damage|p2a: Slowking|58/100 brn|[from] Hail
|-damage|p1a: Heatran|60/100 par|[from] Hail
|-heal|p2a: Slowking|64/100 brn|[from] item: Leftovers
|-heal|p1a: Heatran|66/100 par|[from] item: Leftovers
|-damage|p2a: Slowking|52/100 brn|[from] brn
|upkeep
|turn|5
|
|t:|1704562403
|switch|p2a: Donphan|Donphan, M, shiny|100/100
|-damage|p2a: Donphan|94/100|[from] Stealth Rock
|switch|p1a: Jellicent|Jellicent, M, shiny|100/100
|
|-weather|Hail|[upkeep]
|-damage|p1a: Jellicent|94/100|[from] Hail
|-damage|p2a: Donphan|88/100|[from] Hail
|-heal|p1a: Jellicent|100/100|[from] item: Leftovers
|-heal|p2a: Donphan|94/100|[from] item: Leftovers
|upkeep
|turn|6
|
|t:|1704562410
|switch|p2a: Abomasnow|Abomasnow, F|91/100
|-damage|p2a: Abomasnow|66/100|[from] Stealth Rock
|move|p1a: Jellicent|Taunt|p2a: Abomasnow
|-start|p2a: Abomasnow|move: Taunt
|
|-weather|Hail|[upkeep]
|-damage|p1a: Jellicent|94/100|[from] Hail
|-heal|p1a: Jellicent|100/100|[from] item: Leftovers
|-heal|p2a: Abomasnow|72/100|[from] item: Leftovers
|upkeep
|turn|7
|
|t:|1704562413
|switch|p1a: Forretress|Forretress, F, shiny|100/100
|move|p2a: Abomasnow|Giga Drain|p1a: Forretress
|-resisted|p1a: Forretress
|-damage|p1a: Forretress|90/100
|-heal|p2a: Abomasnow|78/100|[from] drain|[of] p1a: Forretress
|
|-weather|Hail|[upkeep]
|-damage|p1a: Forretress|84/100|[from] Hail
|-heal|p2a: Abomasnow|84/100|[from] item: Leftovers
|-heal|p1a: Forretress|90/100|[from] item: Leftovers
|upkeep
|turn|8
|
|t:|1704562415
|switch|p2a: Donphan|Donphan, M, shiny|94/100
|-damage|p2a: Donphan|88/100|[from] Stealth Rock
|move|p1a: Forretress|Toxic Spikes|p2a: Donphan
|-sidestart|p2: bwvc forthebwcord|move: Toxic Spikes
|
|-weather|Hail|[upkeep]
|-damage|p2a: Donphan|82/100|[from] Hail
|-damage|p1a: Forretress|84/100|[from] Hail
|-heal|p2a: Donphan|88/100|[from] item: Leftovers
|-heal|p1a: Forretress|90/100|[from] item: Leftovers
|upkeep
|turn|9
|
|t:|1704562420
|switch|p1a: Jellicent|Jellicent, M, shiny|100/100
|move|p2a: Donphan|Knock Off|p1a: Jellicent
|-supereffective|p1a: Jellicent
|-damage|p1a: Jellicent|86/100
|-enditem|p1a: Jellicent|Leftovers|[from] move: Knock Off|[of] p2a: Donphan
|
|-weather|Hail|[upkeep]
|-damage|p1a: Jellicent|80/100|[from] Hail
|-damage|p2a: Donphan|82/100|[from] Hail
|-heal|p2a: Donphan|88/100|[from] item: Leftovers
|upkeep
|turn|10
|
|t:|1704562429
|move|p1a: Jellicent|Taunt|p2a: Donphan
|-start|p2a: Donphan|move: Taunt
|cant|p2a: Donphan|move: Taunt|Stealth Rock
|
|-weather|Hail|[upkeep]
|-damage|p1a: Jellicent|74/100|[from] Hail
|-damage|p2a: Donphan|82/100|[from] Hail
|-heal|p2a: Donphan|88/100|[from] item: Leftovers
|upkeep
|turn|11
|
|t:|1704562432
|switch|p2a: Slowking|Slowking, F, shiny|85/100 brn
|-damage|p2a: Slowking|73/100 brn|[from] Stealth Rock
|move|p1a: Jellicent|Will-O-Wisp|p2a: Slowking
|-fail|p2a: Slowking|brn
|
|-weather|Hail|[upkeep]
|-damage|p1a: Jellicent|68/100|[from] Hail
|-damage|p2a: Slowking|67/100 brn|[from] Hail
|-heal|p2a: Slowking|73/100 brn|[from] item: Leftovers
|-damage|p2a: Slowking|60/100 brn|[from] brn
|upkeep
|turn|12
|
|t:|1704562436
|move|p1a: Jellicent|Taunt|p2a: Slowking
|-start|p2a: Slowking|move: Taunt
|cant|p2a: Slowking|move: Taunt|Thunder Wave
|
|-weather|Hail|[upkeep]
|-damage|p1a: Jellicent|61/100|[from] Hail
|-damage|p2a: Slowking|54/100 brn|[from] Hail
|-heal|p2a: Slowking|60/100 brn|[from] item: Leftovers
|-damage|p2a: Slowking|48/100 brn|[from] brn
|upkeep
|turn|13
|
|t:|1704562441
|switch|p2a: Latios|Latios, M|100/100
|-damage|p2a: Latios|88/100|[from] Stealth Rock
|move|p1a: Jellicent|Recover|p1a: Jellicent
|-heal|p1a: Jellicent|100/100
|
|-weather|Hail|[upkeep]
|-damage|p2a: Latios|82/100|[from] Hail
|-damage|p1a: Jellicent|94/100|[from] Hail
|upkeep
|turn|14
|
|t:|1704562446
|switch|p1a: Heatran|Heatran, M, shiny|66/100 par
|move|p2a: Latios|Draco Meteor|p1a: Heatran
|-resisted|p1a: Heatran
|-damage|p1a: Heatran|45/100 par
|-unboost|p2a: Latios|spa|2
|
|-weather|Hail|[upkeep]
|-damage|p2a: Latios|76/100|[from] Hail
|-damage|p1a: Heatran|39/100 par|[from] Hail
|-heal|p1a: Heatran|45/100 par|[from] item: Leftovers
|upkeep
|turn|15
|
|t:|1704562450
|switch|p2a: Slowking|Slowking, F, shiny|81/100 brn
|-damage|p2a: Slowking|69/100 brn|[from] Stealth Rock
|move|p1a: Heatran|Lava Plume|p2a: Slowking
|-resisted|p2a: Slowking
|-damage|p2a: Slowking|57/100 brn
|
|-weather|Hail|[upkeep]
|-damage|p2a: Slowking|51/100 brn|[from] Hail
|-damage|p1a: Heatran|39/100 par|[from] Hail
|-heal|p2a: Slowking|57/100 brn|[from] item: Leftovers
|-heal|p1a: Heatran|45/100 par|[from] item: Leftovers
|-damage|p2a: Slowking|45/100 brn|[from] brn
|upkeep
|turn|16
|
|t:|1704562454
|switch|p1a: Rotom|Rotom-Wash, shiny|100/100
|move|p2a: Slowking|Slack Off|p2a: Slowking
|-heal|p2a: Slowking|95/100 brn
|
|-weather|Hail|[upkeep]
|-damage|p1a: Rotom|94/100|[from] Hail
|-damage|p2a: Slowking|89/100 brn|[from] Hail
|-heal|p2a: Slowking|95/100 brn|[from] item: Leftovers
|-damage|p2a: Slowking|82/100 brn|[from] brn
|upkeep
|turn|17
|
|t:|1704562457
|move|p1a: Rotom|Volt Switch|p2a: Slowking
|-supereffective|p2a: Slowking
|-crit|p2a: Slowking
|-damage|p2a: Slowking|1/100 brn
|c|☆bwvc forthebwcord|ouch
|
|t:|1704562463
|switch|p1a: Heatran|Heatran, M, shiny|45/100 par|[from] Volt Switch
|move|p2a: Slowking|Thunder Wave|p1a: Heatran
|-fail|p1a: Heatran|par
|
|-weather|Hail|[upkeep]
|-damage|p2a: Slowking|0 fnt|[from] Hail
|-damage|p1a: Heatran|39/100 par|[from] Hail
|faint|p2a: Slowking
|-heal|p1a: Heatran|45/100 par|[from] item: Leftovers
|upkeep
|
|t:|1704562467
|switch|p2a: Latios but cooler|Kyurem|100/100
|-damage|p2a: Latios but cooler|76/100|[from] Stealth Rock
|-status|p2a: Latios but cooler|psn
|-ability|p2a: Latios but cooler|Pressure
|turn|18
|
|t:|1704562472
|move|p2a: Latios but cooler|Earth Power|p1a: Heatran
|-supereffective|p1a: Heatran
|-damage|p1a: Heatran|0 fnt
|faint|p1a: Heatran
|
|-weather|Hail|[upkeep]
|-damage|p2a: Latios but cooler|63/100 psn|[from] psn
|upkeep
|
|t:|1704562476
|switch|p1a: Rotom|Rotom-Wash, shiny|94/100
|turn|19
|
|t:|1704562481
|switch|p2a: Abomasnow|Abomasnow, F|84/100
|-damage|p2a: Abomasnow|59/100|[from] Stealth Rock
|-status|p2a: Abomasnow|psn
|move|p1a: Rotom|Hidden Power|p2a: Abomasnow
|-damage|p2a: Abomasnow|36/100 psn
|
|-weather|Hail|[upkeep]
|-damage|p1a: Rotom|88/100|[from] Hail
|-heal|p2a: Abomasnow|42/100 psn|[from] item: Leftovers
|-damage|p2a: Abomasnow|30/100 psn|[from] psn
|upkeep
|turn|20
|
|t:|1704562491
|switch|p1a: Forretress|Forretress, F, shiny|90/100
|move|p2a: Abomasnow|Giga Drain|p1a: Forretress
|-resisted|p1a: Forretress
|-damage|p1a: Forretress|80/100
|-heal|p2a: Abomasnow|35/100 psn|[from] drain|[of] p1a: Forretress
|
|-weather|Hail|[upkeep]
|-damage|p1a: Forretress|74/100|[from] Hail
|-heal|p2a: Abomasnow|41/100 psn|[from] item: Leftovers
|-heal|p1a: Forretress|80/100|[from] item: Leftovers
|-damage|p2a: Abomasnow|29/100 psn|[from] psn
|upkeep
|turn|21
|
|t:|1704562497
|move|p2a: Abomasnow|Leech Seed|p1a: Forretress
|-start|p1a: Forretress|move: Leech Seed
|move|p1a: Forretress|Toxic Spikes|p2a: Abomasnow
|-sidestart|p2: bwvc forthebwcord|move: Toxic Spikes
|
|-weather|Hail|[upkeep]
|-damage|p1a: Forretress|74/100|[from] Hail
|-heal|p2a: Abomasnow|35/100 psn|[from] item: Leftovers
|-heal|p1a: Forretress|80/100|[from] item: Leftovers
|-damage|p1a: Forretress|67/100|[from] Leech Seed|[of] p2a: Abomasnow
|-heal|p2a: Abomasnow|47/100 psn|[silent]
|-damage|p2a: Abomasnow|34/100 psn|[from] psn
|upkeep
|turn|22
|
|t:|1704562504
|move|p2a: Abomasnow|Blizzard|p1a: Forretress
|-resisted|p1a: Forretress
|-damage|p1a: Forretress|34/100
|move|p1a: Forretress|Rapid Spin|p2a: Abomasnow
|-damage|p2a: Abomasnow|31/100 psn
|-end|p1a: Forretress|Leech Seed|[from] move: Rapid Spin|[of] p1a: Forretress
|
|-weather|Hail|[upkeep]
|-damage|p1a: Forretress|27/100|[from] Hail
|-heal|p2a: Abomasnow|37/100 psn|[from] item: Leftovers
|-heal|p1a: Forretress|34/100|[from] item: Leftovers
|-damage|p2a: Abomasnow|25/100 psn|[from] psn
|upkeep
|turn|23
|
|t:|1704562509
|move|p2a: Abomasnow|Blizzard|p1a: Forretress
|-resisted|p1a: Forretress
|-damage|p1a: Forretress|2/100
|move|p1a: Forretress|Volt Switch|p2a: Abomasnow
|-resisted|p2a: Abomasnow
|-damage|p2a: Abomasnow|19/100 psn
|
|t:|1704562514
|switch|p1a: Abomasnow|Abomasnow, M, shiny|100/100|[from] Volt Switch
|
|-weather|Hail|[upkeep]
|-heal|p2a: Abomasnow|25/100 psn|[from] item: Leftovers
|-damage|p2a: Abomasnow|13/100 psn|[from] psn
|upkeep
|turn|24
|
|t:|1704562517
|move|p1a: Abomasnow|Ice Shard|p2a: Abomasnow
|-damage|p2a: Abomasnow|0 fnt
|faint|p2a: Abomasnow
|
|-weather|Hail|[upkeep]
|upkeep
|
|t:|1704562528
|switch|p2a: Donphan|Donphan, M, shiny|88/100
|-damage|p2a: Donphan|82/100|[from] Stealth Rock
|-status|p2a: Donphan|tox
|turn|25
|
|t:|1704562535
|move|p1a: Abomasnow|Wood Hammer|p2a: Donphan
|-supereffective|p2a: Donphan
|-damage|p2a: Donphan|0 fnt
|faint|p2a: Donphan
|-damage|p1a: Abomasnow|70/100|[from] Recoil
|
|-weather|Hail|[upkeep]
|-heal|p1a: Abomasnow|76/100|[from] item: Leftovers
|upkeep
|
|t:|1704562541
|switch|p2a: Latios but cooler|Kyurem|63/100 psn
|-damage|p2a: Latios but cooler|39/100 psn|[from] Stealth Rock
|-ability|p2a: Latios but cooler|Pressure
|turn|26
|
|t:|1704562545
|switch|p1a: Forretress|Forretress, F, shiny|2/100
|move|p2a: Latios but cooler|Roost|p2a: Latios but cooler
|-heal|p2a: Latios but cooler|89/100 psn
|-singleturn|p2a: Latios but cooler|move: Roost
|
|-weather|Hail|[upkeep]
|-damage|p1a: Forretress|0 fnt|[from] Hail
|faint|p1a: Forretress
|-damage|p2a: Latios but cooler|76/100 psn|[from] psn
|upkeep
|
|t:|1704562551
|switch|p1a: Haxorus|Haxorus, F, shiny|100/100
|-ability|p1a: Haxorus|Mold Breaker
|turn|27
|
|t:|1704562553
|switch|p2a: Skarmory|Skarmory, M|100/100
|-damage|p2a: Skarmory|88/100|[from] Stealth Rock
|move|p1a: Haxorus|Superpower|p2a: Skarmory
|-damage|p2a: Skarmory|61/100
|-unboost|p1a: Haxorus|atk|1
|-unboost|p1a: Haxorus|def|1
|
|-weather|Hail|[upkeep]
|-damage|p1a: Haxorus|94/100|[from] Hail
|-damage|p2a: Skarmory|55/100|[from] Hail
|-heal|p2a: Skarmory|61/100|[from] item: Leftovers
|upkeep
|turn|28
|
|t:|1704562559
|switch|p1a: Rotom|Rotom-Wash, shiny|88/100
|move|p2a: Skarmory|Roost|p2a: Skarmory
|-heal|p2a: Skarmory|100/100
|-singleturn|p2a: Skarmory|move: Roost
|
|-weather|Hail|[upkeep]
|-damage|p1a: Rotom|82/100|[from] Hail
|-damage|p2a: Skarmory|95/100|[from] Hail
|-heal|p2a: Skarmory|100/100|[from] item: Leftovers
|upkeep
|turn|29
|
|t:|1704562562
|switch|p2a: Latios|Latios, M|76/100
|-damage|p2a: Latios|64/100|[from] Stealth Rock
|move|p1a: Rotom|Trick|p2a: Latios
|-activate|p1a: Rotom|move: Trick|[of] p2a: Latios
|-item|p2a: Latios|Choice Scarf|[from] move: Trick
|-item|p1a: Rotom|Choice Scarf|[from] move: Trick
|
|-weather|Hail|[upkeep]
|-damage|p2a: Latios|58/100|[from] Hail
|-damage|p1a: Rotom|76/100|[from] Hail
|upkeep
|turn|30
|
|t:|1704562569
|switch|p1a: Jellicent|Jellicent, M, shiny|94/100
|move|p2a: Latios|Draco Meteor|p1a: Jellicent|[miss]
|-miss|p2a: Latios|p1a: Jellicent
|
|-weather|Hail|[upkeep]
|-damage|p2a: Latios|52/100|[from] Hail
|-damage|p1a: Jellicent|88/100|[from] Hail
|upkeep
|turn|31
|
|t:|1704562580
|switch|p2a: Latios but cooler|Kyurem|76/100 psn
|-damage|p2a: Latios but cooler|52/100 psn|[from] Stealth Rock
|-ability|p2a: Latios but cooler|Pressure
|move|p1a: Jellicent|Will-O-Wisp|p2a: Latios but cooler|[miss]
|-miss|p1a: Jellicent|p2a: Latios but cooler
|
|-weather|Hail|[upkeep]
|-damage|p1a: Jellicent|82/100|[from] Hail
|-damage|p2a: Latios but cooler|39/100 psn|[from] psn
|upkeep
|turn|32
|
|t:|1704562585
|move|p2a: Latios but cooler|Draco Meteor|p1a: Jellicent|[miss]
|-miss|p2a: Latios but cooler|p1a: Jellicent
|move|p1a: Jellicent|Night Shade|p2a: Latios but cooler
|-damage|p2a: Latios but cooler|14/100 psn
|
|-weather|Hail|[upkeep]
|-damage|p1a: Jellicent|76/100|[from] Hail
|-damage|p2a: Latios but cooler|2/100 psn|[from] psn
|upkeep
|turn|33
|
|t:|1704562589
|move|p2a: Latios but cooler|Draco Meteor|p1a: Jellicent|[miss]
|-miss|p2a: Latios but cooler|p1a: Jellicent
|move|p1a: Jellicent|Recover|p1a: Jellicent
|-heal|p1a: Jellicent|100/100
|
|-weather|Hail|[upkeep]
|-damage|p1a: Jellicent|94/100|[from] Hail
|-damage|p2a: Latios but cooler|0 fnt|[from] psn
|faint|p2a: Latios but cooler
|upkeep
|c|☆bwvc forthebwcord|wtf
|-message|bwvc forthebwcord forfeited.
|
|win|seanb143
|raw|seanb143's rating: 1288 &rarr; <strong>1316</strong><br />(+28 for winning)
|raw|bwvc forthebwcord's rating: 1330 &rarr; <strong>1308</strong><br />(-22 for losing)
