|join|Śhofũ
|join|Julian
|player|p1|Śhofũ|146
|player|p2|Julian|169
|gametype|singles
|gen|5
|tier|[Gen 5] OU
|rated
|rule|Evasion Abilities Clause: Evasion abilities are banned
|clearpoke
|poke|p1|Politoed, F
|poke|p1|Chansey, F
|poke|p1|Skarmory, F
|poke|p1|Tentacruel, F
|poke|p1|Celebi
|poke|p1|Tangrowth, F
|poke|p2|Politoed, F
|poke|p2|Moltres
|poke|p2|Amoonguss, M, shiny
|poke|p2|Tentacruel, F
|poke|p2|Jirachi
|poke|p2|Tornadus, M
|rule|Sleep Clause Mod: Limit one foe put to sleep
|rule|Species Clause: Limit one of each Pokemon
|rule|OHKO Clause: OHKO moves are banned
|rule|Moody Clause: Moody is banned
|rule|Evasion Moves Clause: Evasion moves are banned
|rule|Endless Battle Clause: Forcing endless battles is banned.
|rule|HP Percentage Mod: HP is reported as percentages
|teampreview
|chat|Śhofũ|heres the first l
|
|start
|switch|p1a: Chansey|Chansey, F|704/704
|switch|p2a: Amoonguss|Amoonguss, M, shiny|432/432
|turn|1
|
|move|p1a: Chansey|Stealth Rock|p2a: Amoonguss
|-sidestart|p2: Julian|move: Stealth Rock
|move|p2a: Amoonguss|Spore|p1a: Chansey
|-status|p1a: Chansey|slp
|
|turn|2
|
|switch|p1a: Celebi|Celebi|404/404
|switch|p2a: Tentacruel|Tentacruel, F|364/364
|-damage|p2a: Tentacruel|319/364|[from] Stealth Rock
|
|-heal|p2a: Tentacruel|341/364|[from] item: Black Sludge
|turn|3
|
|move|p2a: Tentacruel|Protect|p2a: Tentacruel
|-singleturn|p2a: Tentacruel|Protect
|move|p1a: Celebi|Psychic|p2a: Tentacruel
|-activate|p2a: Tentacruel|Protect
|
|-heal|p2a: Tentacruel|363/364|[from] item: Black Sludge
|turn|4
|
|switch|p2a: Jirachi|Jirachi|404/404
|-damage|p2a: Jirachi|379/404|[from] Stealth Rock
|move|p1a: Celebi|Psychic|p2a: Jirachi
|-crit|p2a: Jirachi
|-resisted|p2a: Jirachi
|-damage|p2a: Jirachi|343/404
|
|-heal|p2a: Jirachi|368/404|[from] item: Leftovers
|turn|5
|
|move|p1a: Celebi|Perish Song|p1a: Celebi
|-fieldactivate|move: Perish Song
|move|p2a: Jirachi|Stealth Rock|p1a: Celebi
|-sidestart|p1: Śhofũ|move: Stealth Rock
|
|-start|p1a: Celebi|perish3
|-start|p2a: Jirachi|perish3
|-heal|p2a: Jirachi|393/404|[from] item: Leftovers
|turn|6
|
|switch|p1a: Tangrowth|Tangrowth, F|404/404
|-damage|p1a: Tangrowth|354/404|[from] Stealth Rock
|move|p2a: Jirachi|Iron Head|p1a: Tangrowth
|-damage|p1a: Tangrowth|291/404
|
|-start|p2a: Jirachi|perish2
|-heal|p2a: Jirachi|404/404|[from] item: Leftovers
|-heal|p1a: Tangrowth|316/404|[from] item: Leftovers
|turn|7
|
|switch|p2a: Politoed|Politoed, F|322/322
|-damage|p2a: Politoed|282/322|[from] Stealth Rock
|-weather|RainDance|[from] ability: Drizzle|[of] p2a: Politoed
|move|p1a: Tangrowth|Hidden Power|p2a: Politoed
|-resisted|p2a: Politoed
|-damage|p2a: Politoed|253/322
|
|-weather|RainDance|[upkeep]
|-heal|p1a: Tangrowth|341/404|[from] item: Leftovers
|turn|8
|
|switch|p1a: Chansey|Chansey, F|704/704
|-damage|p1a: Chansey|616/704|[from] Stealth Rock
|move|p2a: Politoed|Ice Beam|p1a: Chansey
|-damage|p1a: Chansey|563/704
|
|-weather|RainDance|[upkeep]
|turn|9
|
|switch|p2a: Tentacruel|Tentacruel, F|363/364
|-damage|p2a: Tentacruel|318/364|[from] Stealth Rock
|switch|p1a: Celebi|Celebi|404/404
|-damage|p1a: Celebi|354/404|[from] Stealth Rock
|
|-weather|RainDance|[upkeep]
|-heal|p2a: Tentacruel|340/364|[from] ability: Rain Dish
|-heal|p1a: Celebi|379/404|[from] item: Leftovers
|-heal|p2a: Tentacruel|362/364|[from] item: Black Sludge
|turn|10
|
|switch|p2a: Jirachi|Jirachi|404/404
|-damage|p2a: Jirachi|379/404|[from] Stealth Rock
|move|p1a: Celebi|Psychic|p2a: Jirachi
|-resisted|p2a: Jirachi
|-damage|p2a: Jirachi|359/404
|-unboost|p2a: Jirachi|spd|1
|
|-weather|RainDance|[upkeep]
|-heal|p1a: Celebi|404/404|[from] item: Leftovers
|-heal|p2a: Jirachi|384/404|[from] item: Leftovers
|turn|11
|
|switch|p1a: Tangrowth|Tangrowth, F|404/404
|-damage|p1a: Tangrowth|354/404|[from] Stealth Rock
|switch|p2a: Tentacruel|Tentacruel, F|362/364
|-damage|p2a: Tentacruel|317/364|[from] Stealth Rock
|
|-weather|RainDance|[upkeep]
|-heal|p2a: Tentacruel|339/364|[from] ability: Rain Dish
|-heal|p2a: Tentacruel|361/364|[from] item: Black Sludge
|-heal|p1a: Tangrowth|379/404|[from] item: Leftovers
|turn|12
|
|move|p2a: Tentacruel|Rapid Spin|p1a: Tangrowth
|-damage|p1a: Tangrowth|372/404
|-sideend|p2: Julian|Stealth Rock|[from] move: Rapid Spin|[of] p2a: Tentacruel
|move|p1a: Tangrowth|Sleep Powder|p2a: Tentacruel|[miss]
|-miss|p1a: Tangrowth|p2a: Tentacruel
|
|-weather|RainDance|[upkeep]
|-heal|p2a: Tentacruel|364/364|[from] ability: Rain Dish
|-heal|p1a: Tangrowth|397/404|[from] item: Leftovers
|turn|13
|
|switch|p1a: Tentacruel|Tentacruel, F|363/363
|-damage|p1a: Tentacruel|318/363|[from] Stealth Rock
|move|p2a: Tentacruel|Toxic|p1a: Tentacruel
|-fail|p1a: Tentacruel
|
|-weather|RainDance|[upkeep]
|-heal|p1a: Tentacruel|340/363|[from] ability: Rain Dish
|-heal|p1a: Tentacruel|362/363|[from] item: Leftovers
|turn|14
|
|switch|p2a: Amoonguss|Amoonguss, M, shiny|432/432
|move|p1a: Tentacruel|Rapid Spin|p2a: Amoonguss
|-damage|p2a: Amoonguss|419/432
|-sideend|p1: Śhofũ|Stealth Rock|[from] move: Rapid Spin|[of] p1a: Tentacruel
|
|-weather|RainDance|[upkeep]
|-heal|p1a: Tentacruel|363/363|[from] ability: Rain Dish
|-heal|p2a: Amoonguss|432/432|[from] item: Black Sludge
|turn|15
|
|switch|p1a: Chansey|Chansey, F|563/704
|move|p2a: Amoonguss|Spore|p1a: Chansey
|-status|p1a: Chansey|slp
|
|-weather|RainDance|[upkeep]
|turn|16
|
|switch|p1a: Celebi|Celebi|404/404
|switch|p2a: Tornadus|Tornadus, M|299/299
|
|-weather|RainDance|[upkeep]
|turn|17
|
|switch|p1a: Tentacruel|Tentacruel, F|363/363
|move|p2a: Tornadus|Superpower|p1a: Tentacruel
|-crit|p1a: Tentacruel
|-resisted|p1a: Tentacruel
|-damage|p1a: Tentacruel|234/363
|-unboost|p2a: Tornadus|atk|1
|-unboost|p2a: Tornadus|def|1
|-damage|p2a: Tornadus|270/299|[from] item: Life Orb
|
|-weather|RainDance|[upkeep]
|-heal|p1a: Tentacruel|256/363|[from] ability: Rain Dish
|-heal|p1a: Tentacruel|278/363|[from] item: Leftovers
|turn|18
|
|switch|p2a: Amoonguss|Amoonguss, M, shiny|432/432
|move|p1a: Tentacruel|Scald|p2a: Amoonguss
|-resisted|p2a: Amoonguss
|-damage|p2a: Amoonguss|384/432
|
|-weather|RainDance|[upkeep]
|-heal|p1a: Tentacruel|300/363|[from] ability: Rain Dish
|-heal|p1a: Tentacruel|322/363|[from] item: Leftovers
|-heal|p2a: Amoonguss|411/432|[from] item: Black Sludge
|turn|19
|
|move|p1a: Tentacruel|Protect|p1a: Tentacruel
|-singleturn|p1a: Tentacruel|Protect
|move|p2a: Amoonguss|Spore|p1a: Tentacruel
|-activate|p1a: Tentacruel|Protect
|
|-weather|RainDance|[upkeep]
|-heal|p1a: Tentacruel|344/363|[from] ability: Rain Dish
|-heal|p1a: Tentacruel|363/363|[from] item: Leftovers
|-heal|p2a: Amoonguss|432/432|[from] item: Black Sludge
|turn|20
|
|switch|p1a: Celebi|Celebi|404/404
|move|p2a: Amoonguss|Spore|p1a: Celebi
|-status|p1a: Celebi|slp
|
|-weather|RainDance|[upkeep]
|turn|21
|
|switch|p1a: Chansey|Chansey, F|563/704
|switch|p2a: Jirachi|Jirachi|384/404
|
|-weather|RainDance|[upkeep]
|-heal|p2a: Jirachi|404/404|[from] item: Leftovers
|turn|22
|
|move|p2a: Jirachi|Iron Head|p1a: Chansey
|-damage|p1a: Chansey|430/704
|cant|p1a: Chansey|flinch
|
|-weather|RainDance|[upkeep]
|turn|23
|
|move|p2a: Jirachi|Stealth Rock|p1a: Chansey
|-sidestart|p1: Śhofũ|move: Stealth Rock
|move|p1a: Chansey|Soft-Boiled|p1a: Chansey
|-heal|p1a: Chansey|704/704
|
|-weather|RainDance|[upkeep]
|turn|24
|
|switch|p2a: Tentacruel|Tentacruel, F|364/364
|move|p1a: Chansey|Stealth Rock|p2a: Tentacruel
|-sidestart|p2: Julian|move: Stealth Rock
|
|-weather|RainDance|[upkeep]
|turn|25
|
|switch|p1a: Tentacruel|Tentacruel, F|363/363
|-damage|p1a: Tentacruel|318/363|[from] Stealth Rock
|move|p2a: Tentacruel|Scald|p1a: Tentacruel
|-resisted|p1a: Tentacruel
|-damage|p1a: Tentacruel|267/363
|
|-weather|RainDance|[upkeep]
|-heal|p1a: Tentacruel|289/363|[from] ability: Rain Dish
|-heal|p1a: Tentacruel|311/363|[from] item: Leftovers
|turn|26
|
|move|p1a: Tentacruel|Scald|p2a: Tentacruel
|-resisted|p2a: Tentacruel
|-damage|p2a: Tentacruel|316/364
|move|p2a: Tentacruel|Rapid Spin|p1a: Tentacruel
|-damage|p1a: Tentacruel|300/363
|-sideend|p2: Julian|Stealth Rock|[from] move: Rapid Spin|[of] p2a: Tentacruel
|
|-weather|RainDance|[upkeep]
|-heal|p1a: Tentacruel|322/363|[from] ability: Rain Dish
|-heal|p2a: Tentacruel|338/364|[from] ability: Rain Dish
|-heal|p1a: Tentacruel|344/363|[from] item: Leftovers
|-heal|p2a: Tentacruel|360/364|[from] item: Black Sludge
|turn|27
|join|cansilo
|
|switch|p2a: Amoonguss|Amoonguss, M, shiny|432/432
|move|p1a: Tentacruel|Rapid Spin|p2a: Amoonguss
|-damage|p2a: Amoonguss|418/432
|-sideend|p1: Śhofũ|Stealth Rock|[from] move: Rapid Spin|[of] p1a: Tentacruel
|
|-weather|RainDance|[upkeep]
|-heal|p1a: Tentacruel|363/363|[from] ability: Rain Dish
|-heal|p2a: Amoonguss|432/432|[from] item: Black Sludge
|turn|28
|
|switch|p1a: Celebi|Celebi|404/404
|move|p2a: Amoonguss|Spore|p1a: Celebi
|-status|p1a: Celebi|slp
|
|-weather|RainDance|[upkeep]
|turn|29
|leave|cansilo
|
|switch|p1a: Chansey|Chansey, F|704/704
|switch|p2a: Moltres|Moltres|321/321
|-ability|p2a: Moltres|Pressure
|
|-weather|RainDance|[upkeep]
|turn|30
|
|switch|p2a: Tentacruel|Tentacruel, F|360/364
|move|p1a: Chansey|Stealth Rock|p2a: Tentacruel
|-sidestart|p2: Julian|move: Stealth Rock
|
|-weather|RainDance|[upkeep]
|-heal|p2a: Tentacruel|364/364|[from] ability: Rain Dish
|turn|31
|
|switch|p1a: Politoed|Politoed, F|384/384
|move|p2a: Tentacruel|Rapid Spin|p1a: Politoed
|-damage|p1a: Politoed|374/384
|-sideend|p2: Julian|Stealth Rock|[from] move: Rapid Spin|[of] p2a: Tentacruel
|
|-weather|RainDance|[upkeep]
|-heal|p1a: Politoed|384/384|[from] item: Leftovers
|turn|32
|
|switch|p2a: Amoonguss|Amoonguss, M, shiny|432/432
|switch|p1a: Chansey|Chansey, F|704/704
|
|-weather|RainDance|[upkeep]
|turn|33
|
|switch|p2a: Tentacruel|Tentacruel, F|364/364
|move|p1a: Chansey|Stealth Rock|p2a: Tentacruel
|-sidestart|p2: Julian|move: Stealth Rock
|
|-weather|RainDance|[upkeep]
|turn|34
|
|switch|p1a: Tangrowth|Tangrowth, F|404/404
|move|p2a: Tentacruel|Rapid Spin|p1a: Tangrowth
|-damage|p1a: Tangrowth|398/404
|-sideend|p2: Julian|Stealth Rock|[from] move: Rapid Spin|[of] p2a: Tentacruel
|
|-weather|RainDance|[upkeep]
|-heal|p1a: Tangrowth|404/404|[from] item: Leftovers
|turn|35
|
|move|p2a: Tentacruel|Toxic|p1a: Tangrowth
|-status|p1a: Tangrowth|tox
|move|p1a: Tangrowth|Sleep Powder|p2a: Tentacruel
|-status|p2a: Tentacruel|slp
|
|-weather|RainDance|[upkeep]
|-damage|p1a: Tangrowth|379/404 tox|[from] psn
|turn|36
|
|switch|p1a: Skarmory|Skarmory, F|334/334
|cant|p2a: Tentacruel|slp
|
|-weather|RainDance|[upkeep]
|turn|37
|
|cant|p2a: Tentacruel|slp
|move|p1a: Skarmory|Whirlwind|p2a: Tentacruel
|drag|p2a: Politoed|Politoed, F|253/322
|
|-weather|RainDance|[upkeep]
|turn|38
|
|switch|p1a: Chansey|Chansey, F|704/704
|move|p2a: Politoed|Scald|p1a: Chansey
|-damage|p1a: Chansey|593/704
|
|-weather|RainDance|[upkeep]
|turn|39
|
|switch|p2a: Tentacruel|Tentacruel, F|364/364 slp
|move|p1a: Chansey|Stealth Rock|p2a: Tentacruel
|-sidestart|p2: Julian|move: Stealth Rock
|
|-weather|RainDance|[upkeep]
|turn|40
|
|switch|p1a: Politoed|Politoed, F|384/384
|cant|p2a: Tentacruel|slp
|
|-weather|RainDance|[upkeep]
|turn|41
|
|cant|p2a: Tentacruel|slp
|move|p1a: Politoed|Scald|p2a: Tentacruel
|-resisted|p2a: Tentacruel
|-damage|p2a: Tentacruel|310/364 slp
|
|-weather|RainDance|[upkeep]
|-heal|p2a: Tentacruel|332/364 slp|[from] ability: Rain Dish
|-heal|p2a: Tentacruel|354/364 slp|[from] item: Black Sludge
|turn|42
|
|-curestatus|p2a: Tentacruel|slp
|move|p2a: Tentacruel|Toxic|p1a: Politoed
|-status|p1a: Politoed|tox
|move|p1a: Politoed|Scald|p2a: Tentacruel
|-resisted|p2a: Tentacruel
|-damage|p2a: Tentacruel|297/364
|-status|p2a: Tentacruel|brn
|
|-weather|RainDance|[upkeep]
|-heal|p2a: Tentacruel|319/364 brn|[from] ability: Rain Dish
|-heal|p2a: Tentacruel|341/364 brn|[from] item: Black Sludge
|-damage|p2a: Tentacruel|296/364 brn|[from] brn
|-damage|p1a: Politoed|360/384 tox|[from] psn
|turn|43
|
|switch|p1a: Chansey|Chansey, F|593/704
|move|p2a: Tentacruel|Rapid Spin|p1a: Chansey
|-damage|p1a: Chansey|586/704
|-sideend|p2: Julian|Stealth Rock|[from] move: Rapid Spin|[of] p2a: Tentacruel
|
|-weather|RainDance|[upkeep]
|-heal|p2a: Tentacruel|318/364 brn|[from] ability: Rain Dish
|-heal|p2a: Tentacruel|340/364 brn|[from] item: Black Sludge
|-damage|p2a: Tentacruel|295/364 brn|[from] brn
|turn|44
|
|move|p2a: Tentacruel|Toxic|p1a: Chansey
|-status|p1a: Chansey|tox
|move|p1a: Chansey|Stealth Rock|p2a: Tentacruel
|-sidestart|p2: Julian|move: Stealth Rock
|
|-weather|RainDance|[upkeep]
|-heal|p2a: Tentacruel|317/364 brn|[from] ability: Rain Dish
|-heal|p2a: Tentacruel|339/364 brn|[from] item: Black Sludge
|-damage|p2a: Tentacruel|294/364 brn|[from] brn
|-damage|p1a: Chansey|542/704 tox|[from] psn
|turn|45
|
|move|p2a: Tentacruel|Rapid Spin|p1a: Chansey
|-damage|p1a: Chansey|534/704 tox
|-sideend|p2: Julian|Stealth Rock|[from] move: Rapid Spin|[of] p2a: Tentacruel
|move|p1a: Chansey|Seismic Toss|p2a: Tentacruel
|-damage|p2a: Tentacruel|194/364 brn
|
|-weather|RainDance|[upkeep]
|-heal|p2a: Tentacruel|216/364 brn|[from] ability: Rain Dish
|-heal|p2a: Tentacruel|238/364 brn|[from] item: Black Sludge
|-damage|p2a: Tentacruel|193/364 brn|[from] brn
|-damage|p1a: Chansey|446/704 tox|[from] psn
|turn|46
|
|switch|p2a: Jirachi|Jirachi|404/404
|move|p1a: Chansey|Aromatherapy|p1a: Chansey
|-cureteam|p1a: Chansey|[from] move: Aromatherapy
|
|-weather|RainDance|[upkeep]
|turn|47
|
|move|p2a: Jirachi|Wish|p2a: Jirachi
|move|p1a: Chansey|Soft-Boiled|p1a: Chansey
|-heal|p1a: Chansey|704/704
|
|-weather|RainDance|[upkeep]
|turn|48
|
|switch|p2a: Tentacruel|Tentacruel, F|193/364 brn
|move|p1a: Chansey|Stealth Rock|p2a: Tentacruel
|-sidestart|p2: Julian|move: Stealth Rock
|
|-weather|RainDance|[upkeep]
|-heal|p2a: Tentacruel|215/364 brn|[from] ability: Rain Dish
|-heal|p2a: Tentacruel|364/364 brn|[from] move: Wish|[wisher] Jirachi
|-damage|p2a: Tentacruel|319/364 brn|[from] brn
|turn|49
|chat|Julian|brb
|chat|Śhofũ|no problem
|chat|Julian|thanks
|
|move|p2a: Tentacruel|Rapid Spin|p1a: Chansey
|-damage|p1a: Chansey|695/704
|-sideend|p2: Julian|Stealth Rock|[from] move: Rapid Spin|[of] p2a: Tentacruel
|move|p1a: Chansey|Seismic Toss|p2a: Tentacruel
|-damage|p2a: Tentacruel|219/364 brn
|
|-weather|RainDance|[upkeep]
|-heal|p2a: Tentacruel|241/364 brn|[from] ability: Rain Dish
|-heal|p2a: Tentacruel|263/364 brn|[from] item: Black Sludge
|-damage|p2a: Tentacruel|218/364 brn|[from] brn
|turn|50
|
|switch|p1a: Politoed|Politoed, F|360/384
|move|p2a: Tentacruel|Toxic|p1a: Politoed|[miss]
|-miss|p2a: Tentacruel|p1a: Politoed
|
|-weather|RainDance|[upkeep]
|-heal|p2a: Tentacruel|240/364 brn|[from] ability: Rain Dish
|-heal|p2a: Tentacruel|262/364 brn|[from] item: Black Sludge
|-heal|p1a: Politoed|384/384|[from] item: Leftovers
|-damage|p2a: Tentacruel|217/364 brn|[from] brn
|turn|51
|
|switch|p1a: Celebi|Celebi|404/404
|move|p2a: Tentacruel|Toxic|p1a: Celebi
|-status|p1a: Celebi|tox
|
|-weather|RainDance|[upkeep]
|-heal|p2a: Tentacruel|239/364 brn|[from] ability: Rain Dish
|-heal|p2a: Tentacruel|261/364 brn|[from] item: Black Sludge
|-damage|p1a: Celebi|379/404 tox|[from] psn
|-damage|p2a: Tentacruel|216/364 brn|[from] brn
|turn|52
|
|switch|p2a: Jirachi|Jirachi|404/404
|move|p1a: Celebi|Baton Pass|p1a: Celebi
|
|switch|p1a: Politoed|Politoed, F|384/384
|
|-weather|RainDance|[upkeep]
|turn|53
|
|move|p2a: Jirachi|Thunder|p1a: Politoed
|-supereffective|p1a: Politoed
|-damage|p1a: Politoed|194/384
|-status|p1a: Politoed|par
|move|p1a: Politoed|Scald|p2a: Jirachi
|-damage|p2a: Jirachi|311/404
|
|-weather|RainDance|[upkeep]
|-heal|p2a: Jirachi|336/404|[from] item: Leftovers
|-heal|p1a: Politoed|218/384 par|[from] item: Leftovers
|turn|54
|
|switch|p2a: Amoonguss|Amoonguss, M, shiny|432/432
|move|p1a: Politoed|Scald|p2a: Amoonguss
|-resisted|p2a: Amoonguss
|-damage|p2a: Amoonguss|378/432
|
|-weather|RainDance|[upkeep]
|-heal|p2a: Amoonguss|405/432|[from] item: Black Sludge
|-heal|p1a: Politoed|242/384 par|[from] item: Leftovers
|turn|55
|
|move|p1a: Politoed|Protect|p1a: Politoed
|-singleturn|p1a: Politoed|Protect
|move|p2a: Amoonguss|Giga Drain|p1a: Politoed
|-activate|p1a: Politoed|Protect
|
|-weather|RainDance|[upkeep]
|-heal|p2a: Amoonguss|432/432|[from] item: Black Sludge
|-heal|p1a: Politoed|266/384 par|[from] item: Leftovers
|turn|56
|
|switch|p1a: Celebi|Celebi|379/404
|move|p2a: Amoonguss|Spore|p1a: Celebi
|-status|p1a: Celebi|slp
|
|-weather|RainDance|[upkeep]
|-heal|p1a: Celebi|404/404 slp|[from] item: Leftovers
|turn|57
|
|switch|p1a: Tangrowth|Tangrowth, F|404/404
|switch|p2a: Jirachi|Jirachi|336/404
|
|-weather|RainDance|[upkeep]
|-heal|p2a: Jirachi|361/404|[from] item: Leftovers
|turn|58
|
|move|p2a: Jirachi|Stealth Rock|p1a: Tangrowth
|-sidestart|p1: Śhofũ|move: Stealth Rock
|move|p1a: Tangrowth|Sleep Powder|p2a: Jirachi|[miss]
|-miss|p1a: Tangrowth|p2a: Jirachi
|
|-weather|RainDance|[upkeep]
|-heal|p2a: Jirachi|386/404|[from] item: Leftovers
|turn|59
|
|move|p2a: Jirachi|Wish|p2a: Jirachi
|move|p1a: Tangrowth|Sleep Powder|p2a: Jirachi
|-status|p2a: Jirachi|slp
|
|-weather|RainDance|[upkeep]
|-heal|p2a: Jirachi|404/404 slp|[from] item: Leftovers
|turn|60
|
|switch|p2a: Tentacruel|Tentacruel, F|216/364 brn
|switch|p1a: Tentacruel|Tentacruel, F|363/363
|-damage|p1a: Tentacruel|318/363|[from] Stealth Rock
|
|-weather|RainDance|[upkeep]
|-heal|p1a: Tentacruel|340/363|[from] ability: Rain Dish
|-heal|p2a: Tentacruel|238/364 brn|[from] ability: Rain Dish
|-heal|p2a: Tentacruel|364/364 brn|[from] move: Wish|[wisher] Jirachi
|-heal|p1a: Tentacruel|362/363|[from] item: Leftovers
|-damage|p2a: Tentacruel|319/364 brn|[from] brn
|turn|61
|
|switch|p2a: Amoonguss|Amoonguss, M, shiny|432/432
|move|p1a: Tentacruel|Rapid Spin|p2a: Amoonguss
|-damage|p2a: Amoonguss|419/432
|-sideend|p1: Śhofũ|Stealth Rock|[from] move: Rapid Spin|[of] p1a: Tentacruel
|
|-weather|RainDance|[upkeep]
|-heal|p1a: Tentacruel|363/363|[from] ability: Rain Dish
|-heal|p2a: Amoonguss|432/432|[from] item: Black Sludge
|turn|62
|
|switch|p1a: Celebi|Celebi|404/404
|move|p2a: Amoonguss|Spore|p1a: Celebi
|-status|p1a: Celebi|slp
|
|-weather|RainDance|[upkeep]
|turn|63
|
|switch|p1a: Chansey|Chansey, F|695/704
|switch|p2a: Tornadus|Tornadus, M|270/299
|
|-weather|RainDance|[upkeep]
|turn|64
|
|switch|p2a: Jirachi|Jirachi|404/404 slp
|move|p1a: Chansey|Soft-Boiled|p1a: Chansey
|-heal|p1a: Chansey|704/704
|
|-weather|RainDance|[upkeep]
|turn|65
|
|cant|p2a: Jirachi|slp
|move|p1a: Chansey|Stealth Rock|p2a: Jirachi
|-sidestart|p2: Julian|move: Stealth Rock
|
|-weather|RainDance|[upkeep]
|turn|66
|
|switch|p1a: Politoed|Politoed, F|266/384 par
|cant|p2a: Jirachi|slp
|
|-weather|RainDance|[upkeep]
|-heal|p1a: Politoed|290/384 par|[from] item: Leftovers
|turn|67
|
|switch|p2a: Tentacruel|Tentacruel, F|319/364 brn
|-damage|p2a: Tentacruel|274/364 brn|[from] Stealth Rock
|move|p1a: Politoed|Scald|p2a: Tentacruel
|-resisted|p2a: Tentacruel
|-damage|p2a: Tentacruel|214/364 brn
|
|-weather|RainDance|[upkeep]
|-heal|p2a: Tentacruel|236/364 brn|[from] ability: Rain Dish
|-heal|p2a: Tentacruel|258/364 brn|[from] item: Black Sludge
|-heal|p1a: Politoed|314/384 par|[from] item: Leftovers
|-damage|p2a: Tentacruel|213/364 brn|[from] brn
|turn|68
|
|move|p2a: Tentacruel|Rapid Spin|p1a: Politoed
|-damage|p1a: Politoed|309/384 par
|-sideend|p2: Julian|Stealth Rock|[from] move: Rapid Spin|[of] p2a: Tentacruel
|cant|p1a: Politoed|par
|
|-weather|RainDance|[upkeep]
|-heal|p2a: Tentacruel|235/364 brn|[from] ability: Rain Dish
|-heal|p2a: Tentacruel|257/364 brn|[from] item: Black Sludge
|-heal|p1a: Politoed|333/384 par|[from] item: Leftovers
|-damage|p2a: Tentacruel|212/364 brn|[from] brn
|turn|69
|
|switch|p2a: Jirachi|Jirachi|404/404 slp
|switch|p1a: Chansey|Chansey, F|704/704
|
|-weather|RainDance|[upkeep]
|turn|70
|
|cant|p2a: Jirachi|slp
|move|p1a: Chansey|Stealth Rock|p2a: Jirachi
|-sidestart|p2: Julian|move: Stealth Rock
|
|-weather|RainDance|[upkeep]
|turn|71
|
|switch|p1a: Politoed|Politoed, F|333/384 par
|cant|p2a: Jirachi|slp
|
|-weather|RainDance|[upkeep]
|-heal|p1a: Politoed|357/384 par|[from] item: Leftovers
|turn|72
|
|-curestatus|p2a: Jirachi|slp
|move|p2a: Jirachi|Stealth Rock|p1a: Politoed
|-sidestart|p1: Śhofũ|move: Stealth Rock
|cant|p1a: Politoed|par
|
|-weather|RainDance|[upkeep]
|-heal|p1a: Politoed|381/384 par|[from] item: Leftovers
|turn|73
|
|move|p2a: Jirachi|Wish|p2a: Jirachi
|cant|p1a: Politoed|par
|
|-weather|RainDance|[upkeep]
|-heal|p1a: Politoed|384/384 par|[from] item: Leftovers
|turn|74
|
|switch|p2a: Tentacruel|Tentacruel, F|212/364 brn
|-damage|p2a: Tentacruel|167/364 brn|[from] Stealth Rock
|switch|p1a: Tentacruel|Tentacruel, F|363/363
|-damage|p1a: Tentacruel|318/363|[from] Stealth Rock
|
|-weather|RainDance|[upkeep]
|-heal|p1a: Tentacruel|340/363|[from] ability: Rain Dish
|-heal|p2a: Tentacruel|189/364 brn|[from] ability: Rain Dish
|-heal|p2a: Tentacruel|364/364 brn|[from] move: Wish|[wisher] Jirachi
|-heal|p1a: Tentacruel|362/363|[from] item: Leftovers
|-damage|p2a: Tentacruel|319/364 brn|[from] brn
|turn|75
|
|move|p1a: Tentacruel|Rapid Spin|p2a: Tentacruel
|-crit|p2a: Tentacruel
|-damage|p2a: Tentacruel|301/364 brn
|-sideend|p1: Śhofũ|Stealth Rock|[from] move: Rapid Spin|[of] p1a: Tentacruel
|move|p2a: Tentacruel|Scald|p1a: Tentacruel
|-resisted|p1a: Tentacruel
|-damage|p1a: Tentacruel|312/363
|
|-weather|RainDance|[upkeep]
|-heal|p1a: Tentacruel|334/363|[from] ability: Rain Dish
|-heal|p2a: Tentacruel|323/364 brn|[from] ability: Rain Dish
|-heal|p1a: Tentacruel|356/363|[from] item: Leftovers
|-heal|p2a: Tentacruel|345/364 brn|[from] item: Black Sludge
|-damage|p2a: Tentacruel|300/364 brn|[from] brn
|turn|76
|
|switch|p1a: Politoed|Politoed, F|384/384 par
|move|p2a: Tentacruel|Rapid Spin|p1a: Politoed
|-damage|p1a: Politoed|379/384 par
|-sideend|p2: Julian|Stealth Rock|[from] move: Rapid Spin|[of] p2a: Tentacruel
|
|-weather|RainDance|[upkeep]
|-heal|p2a: Tentacruel|322/364 brn|[from] ability: Rain Dish
|-heal|p2a: Tentacruel|344/364 brn|[from] item: Black Sludge
|-heal|p1a: Politoed|384/384 par|[from] item: Leftovers
|-damage|p2a: Tentacruel|299/364 brn|[from] brn
|turn|77
|
|switch|p2a: Amoonguss|Amoonguss, M, shiny|432/432
|move|p1a: Politoed|Scald|p2a: Amoonguss
|-resisted|p2a: Amoonguss
|-damage|p2a: Amoonguss|375/432
|
|-weather|RainDance|[upkeep]
|-heal|p2a: Amoonguss|402/432|[from] item: Black Sludge
|turn|78
|
|switch|p1a: Celebi|Celebi|404/404
|move|p2a: Amoonguss|Giga Drain|p1a: Celebi
|-crit|p1a: Celebi
|-resisted|p1a: Celebi
|-damage|p1a: Celebi|346/404
|-heal|p2a: Amoonguss|431/432|[from] drain|[of] p1a: Celebi
|
|-weather|RainDance|[upkeep]
|-heal|p1a: Celebi|371/404|[from] item: Leftovers
|-heal|p2a: Amoonguss|432/432|[from] item: Black Sludge
|turn|79
|
|switch|p2a: Jirachi|Jirachi|404/404
|move|p1a: Celebi|Baton Pass|p1a: Celebi
|
|switch|p1a: Chansey|Chansey, F|704/704
|
|-weather|RainDance|[upkeep]
|turn|80
|
|switch|p2a: Tentacruel|Tentacruel, F|299/364 brn
|move|p1a: Chansey|Stealth Rock|p2a: Tentacruel
|-sidestart|p2: Julian|move: Stealth Rock
|
|-weather|RainDance|[upkeep]
|-heal|p2a: Tentacruel|321/364 brn|[from] ability: Rain Dish
|-heal|p2a: Tentacruel|343/364 brn|[from] item: Black Sludge
|-damage|p2a: Tentacruel|298/364 brn|[from] brn
|turn|81
|
|move|p2a: Tentacruel|Rapid Spin|p1a: Chansey
|-damage|p1a: Chansey|696/704
|-sideend|p2: Julian|Stealth Rock|[from] move: Rapid Spin|[of] p2a: Tentacruel
|move|p1a: Chansey|Seismic Toss|p2a: Tentacruel
|-damage|p2a: Tentacruel|198/364 brn
|
|-weather|RainDance|[upkeep]
|-heal|p2a: Tentacruel|220/364 brn|[from] ability: Rain Dish
|-heal|p2a: Tentacruel|242/364 brn|[from] item: Black Sludge
|-damage|p2a: Tentacruel|197/364 brn|[from] brn
|turn|82
|
|move|p2a: Tentacruel|Toxic|p1a: Chansey
|-status|p1a: Chansey|tox
|move|p1a: Chansey|Stealth Rock|p2a: Tentacruel
|-sidestart|p2: Julian|move: Stealth Rock
|
|-weather|RainDance|[upkeep]
|-heal|p2a: Tentacruel|219/364 brn|[from] ability: Rain Dish
|-heal|p2a: Tentacruel|241/364 brn|[from] item: Black Sludge
|-damage|p2a: Tentacruel|196/364 brn|[from] brn
|-damage|p1a: Chansey|652/704 tox|[from] psn
|turn|83
|
|move|p2a: Tentacruel|Rapid Spin|p1a: Chansey
|-damage|p1a: Chansey|644/704 tox
|-sideend|p2: Julian|Stealth Rock|[from] move: Rapid Spin|[of] p2a: Tentacruel
|move|p1a: Chansey|Seismic Toss|p2a: Tentacruel
|-damage|p2a: Tentacruel|96/364 brn
|
|-weather|RainDance|[upkeep]
|-heal|p2a: Tentacruel|118/364 brn|[from] ability: Rain Dish
|-heal|p2a: Tentacruel|140/364 brn|[from] item: Black Sludge
|-damage|p2a: Tentacruel|95/364 brn|[from] brn
|-damage|p1a: Chansey|556/704 tox|[from] psn
|turn|84
|
|switch|p2a: Tornadus|Tornadus, M|270/299
|move|p1a: Chansey|Stealth Rock|p2a: Tornadus
|-sidestart|p2: Julian|move: Stealth Rock
|
|-weather|RainDance|[upkeep]
|-damage|p1a: Chansey|424/704 tox|[from] psn
|turn|85
|
|move|p2a: Tornadus|Superpower|p1a: Chansey
|-supereffective|p1a: Chansey
|-damage|p1a: Chansey|26/704 tox
|-unboost|p2a: Tornadus|atk|1
|-unboost|p2a: Tornadus|def|1
|-damage|p2a: Tornadus|241/299|[from] item: Life Orb
|move|p1a: Chansey|Soft-Boiled|p1a: Chansey
|-heal|p1a: Chansey|378/704 tox
|
|-weather|RainDance|[upkeep]
|-damage|p1a: Chansey|202/704 tox|[from] psn
|turn|86
|
|switch|p1a: Tentacruel|Tentacruel, F|356/363
|move|p2a: Tornadus|Hurricane|p1a: Tentacruel
|-damage|p1a: Tentacruel|117/363
|-damage|p2a: Tornadus|212/299|[from] item: Life Orb
|
|-weather|RainDance|[upkeep]
|-heal|p1a: Tentacruel|139/363|[from] ability: Rain Dish
|-heal|p1a: Tentacruel|161/363|[from] item: Leftovers
|turn|87
|
|move|p1a: Tentacruel|Protect|p1a: Tentacruel
|-singleturn|p1a: Tentacruel|Protect
|move|p2a: Tornadus|Hurricane|p1a: Tentacruel
|-activate|p1a: Tentacruel|Protect
|
|-weather|RainDance|[upkeep]
|-heal|p1a: Tentacruel|183/363|[from] ability: Rain Dish
|-heal|p1a: Tentacruel|205/363|[from] item: Leftovers
|turn|88
|
|switch|p1a: Tangrowth|Tangrowth, F|404/404
|move|p2a: Tornadus|Hurricane|p1a: Tangrowth
|-supereffective|p1a: Tangrowth
|-damage|p1a: Tangrowth|0 fnt
|-damage|p2a: Tornadus|183/299|[from] item: Life Orb
|faint|p1a: Tangrowth
|
|-weather|RainDance|[upkeep]
|
|switch|p1a: Tentacruel|Tentacruel, F|205/363
|turn|89
|
|switch|p2a: Amoonguss|Amoonguss, M, shiny|432/432
|-damage|p2a: Amoonguss|378/432|[from] Stealth Rock
|move|p1a: Tentacruel|Protect|p1a: Tentacruel
|-fail|p1a: Tentacruel
|
|-weather|RainDance|[upkeep]
|-heal|p1a: Tentacruel|227/363|[from] ability: Rain Dish
|-heal|p1a: Tentacruel|249/363|[from] item: Leftovers
|-heal|p2a: Amoonguss|405/432|[from] item: Black Sludge
|turn|90
|
|move|p1a: Tentacruel|Protect|p1a: Tentacruel
|-singleturn|p1a: Tentacruel|Protect
|move|p2a: Amoonguss|Giga Drain|p1a: Tentacruel
|-activate|p1a: Tentacruel|Protect
|
|-weather|RainDance|[upkeep]
|-heal|p1a: Tentacruel|271/363|[from] ability: Rain Dish
|-heal|p1a: Tentacruel|293/363|[from] item: Leftovers
|-heal|p2a: Amoonguss|432/432|[from] item: Black Sludge
|turn|91
|
|switch|p1a: Chansey|Chansey, F|202/704
|move|p2a: Amoonguss|Spore|p1a: Chansey
|-status|p1a: Chansey|slp
|
|-weather|RainDance|[upkeep]
|turn|92
|
|switch|p1a: Celebi|Celebi|371/404
|switch|p2a: Tentacruel|Tentacruel, F|95/364 brn
|-damage|p2a: Tentacruel|50/364 brn|[from] Stealth Rock
|
|-weather|RainDance|[upkeep]
|-heal|p2a: Tentacruel|72/364 brn|[from] ability: Rain Dish
|-heal|p1a: Celebi|396/404|[from] item: Leftovers
|-heal|p2a: Tentacruel|94/364 brn|[from] item: Black Sludge
|-damage|p2a: Tentacruel|49/364 brn|[from] brn
|turn|93
|
|switch|p2a: Jirachi|Jirachi|404/404
|-damage|p2a: Jirachi|379/404|[from] Stealth Rock
|move|p1a: Celebi|Baton Pass|p1a: Celebi
|
|switch|p1a: Skarmory|Skarmory, F|334/334
|
|-weather|RainDance|[upkeep]
|-heal|p2a: Jirachi|404/404|[from] item: Leftovers
|turn|94
|
|move|p2a: Jirachi|Thunder|p1a: Skarmory
|-supereffective|p1a: Skarmory
|-damage|p1a: Skarmory|70/334
|move|p1a: Skarmory|Whirlwind|p2a: Jirachi
|drag|p2a: Politoed|Politoed, F|253/322
|-damage|p2a: Politoed|213/322|[from] Stealth Rock
|
|-weather|RainDance|[upkeep]
|turn|95
|
|switch|p1a: Celebi|Celebi|396/404
|move|p2a: Politoed|Scald|p1a: Celebi
|-crit|p1a: Celebi
|-resisted|p1a: Celebi
|-damage|p1a: Celebi|263/404
|
|-weather|RainDance|[upkeep]
|-heal|p1a: Celebi|288/404|[from] item: Leftovers
|turn|96
|
|switch|p2a: Jirachi|Jirachi|404/404
|-damage|p2a: Jirachi|379/404|[from] Stealth Rock
|move|p1a: Celebi|Baton Pass|p1a: Celebi
|
|switch|p1a: Politoed|Politoed, F|384/384 par
|
|-weather|RainDance|[upkeep]
|-heal|p2a: Jirachi|404/404|[from] item: Leftovers
|turn|97
|
|move|p2a: Jirachi|Stealth Rock|p1a: Politoed
|-sidestart|p1: Śhofũ|move: Stealth Rock
|move|p1a: Politoed|Scald|p2a: Jirachi
|-damage|p2a: Jirachi|317/404
|
|-weather|RainDance|[upkeep]
|-heal|p2a: Jirachi|342/404|[from] item: Leftovers
|turn|98
|
|move|p2a: Jirachi|Wish|p2a: Jirachi
|move|p1a: Politoed|Scald|p2a: Jirachi
|-damage|p2a: Jirachi|242/404
|
|-weather|RainDance|[upkeep]
|-heal|p2a: Jirachi|267/404|[from] item: Leftovers
|turn|99
|
|move|p2a: Jirachi|Iron Head|p1a: Politoed
|-resisted|p1a: Politoed
|-damage|p1a: Politoed|345/384 par
|cant|p1a: Politoed|par
|
|-weather|RainDance|[upkeep]
|-heal|p2a: Jirachi|404/404|[from] move: Wish|[wisher] Jirachi
|-heal|p1a: Politoed|369/384 par|[from] item: Leftovers
|turn|100
|
|switch|p2a: Amoonguss|Amoonguss, M, shiny|432/432
|-damage|p2a: Amoonguss|378/432|[from] Stealth Rock
|move|p1a: Politoed|Scald|p2a: Amoonguss
|-resisted|p2a: Amoonguss
|-damage|p2a: Amoonguss|322/432
|
|-weather|RainDance|[upkeep]
|-heal|p2a: Amoonguss|349/432|[from] item: Black Sludge
|-heal|p1a: Politoed|384/384 par|[from] item: Leftovers
|turn|101
|
|switch|p1a: Celebi|Celebi|288/404
|-damage|p1a: Celebi|238/404|[from] Stealth Rock
|move|p2a: Amoonguss|Spore|p1a: Celebi
|-status|p1a: Celebi|slp
|
|-weather|RainDance|[upkeep]
|-heal|p1a: Celebi|263/404 slp|[from] item: Leftovers
|-heal|p2a: Amoonguss|376/432|[from] item: Black Sludge
|turn|102
|
|switch|p1a: Politoed|Politoed, F|384/384 par
|-damage|p1a: Politoed|336/384 par|[from] Stealth Rock
|switch|p2a: Jirachi|Jirachi|404/404
|-damage|p2a: Jirachi|379/404|[from] Stealth Rock
|
|-weather|RainDance|[upkeep]
|-heal|p2a: Jirachi|404/404|[from] item: Leftovers
|-heal|p1a: Politoed|360/384 par|[from] item: Leftovers
|turn|103
|
|switch|p2a: Amoonguss|Amoonguss, M, shiny|432/432
|-damage|p2a: Amoonguss|378/432|[from] Stealth Rock
|cant|p1a: Politoed|par
|
|-weather|RainDance|[upkeep]
|-heal|p2a: Amoonguss|405/432|[from] item: Black Sludge
|-heal|p1a: Politoed|384/384 par|[from] item: Leftovers
|turn|104
|
|switch|p1a: Skarmory|Skarmory, F|70/334
|-damage|p1a: Skarmory|29/334|[from] Stealth Rock
|move|p2a: Amoonguss|Giga Drain|p1a: Skarmory
|-resisted|p1a: Skarmory
|-damage|p1a: Skarmory|3/334
|-heal|p2a: Amoonguss|418/432|[from] drain|[of] p1a: Skarmory
|
|-weather|RainDance|[upkeep]
|-heal|p2a: Amoonguss|432/432|[from] item: Black Sludge
|turn|105
|
|move|p1a: Skarmory|Roost|p1a: Skarmory
|-heal|p1a: Skarmory|170/334
|move|p2a: Amoonguss|Spore|p1a: Skarmory
|-status|p1a: Skarmory|slp
|
|-weather|RainDance|[upkeep]
|turn|106
|
|switch|p1a: Tentacruel|Tentacruel, F|293/363
|-damage|p1a: Tentacruel|248/363|[from] Stealth Rock
|switch|p2a: Jirachi|Jirachi|404/404
|-damage|p2a: Jirachi|379/404|[from] Stealth Rock
|
|-weather|RainDance|[upkeep]
|-heal|p1a: Tentacruel|270/363|[from] ability: Rain Dish
|-heal|p1a: Tentacruel|292/363|[from] item: Leftovers
|-heal|p2a: Jirachi|404/404|[from] item: Leftovers
|turn|107
|
|move|p1a: Tentacruel|Rapid Spin|p2a: Jirachi
|-resisted|p2a: Jirachi
|-damage|p2a: Jirachi|399/404
|-sideend|p1: Śhofũ|Stealth Rock|[from] move: Rapid Spin|[of] p1a: Tentacruel
|move|p2a: Jirachi|Wish|p2a: Jirachi
|
|-weather|RainDance|[upkeep]
|-heal|p1a: Tentacruel|314/363|[from] ability: Rain Dish
|-heal|p1a: Tentacruel|336/363|[from] item: Leftovers
|-heal|p2a: Jirachi|404/404|[from] item: Leftovers
|turn|108
|
|switch|p2a: Politoed|Politoed, F|213/322
|-damage|p2a: Politoed|173/322|[from] Stealth Rock
|move|p1a: Tentacruel|Scald|p2a: Politoed
|-resisted|p2a: Politoed
|-damage|p2a: Politoed|119/322
|-status|p2a: Politoed|brn
|
|-weather|RainDance|[upkeep]
|-heal|p1a: Tentacruel|358/363|[from] ability: Rain Dish
|-heal|p2a: Politoed|321/322 brn|[from] move: Wish|[wisher] Jirachi
|-heal|p1a: Tentacruel|363/363|[from] item: Leftovers
|-damage|p2a: Politoed|281/322 brn|[from] brn
|turn|109
|
|switch|p2a: Amoonguss|Amoonguss, M, shiny|432/432
|-damage|p2a: Amoonguss|378/432|[from] Stealth Rock
|switch|p1a: Celebi|Celebi|263/404
|
|-weather|RainDance|[upkeep]
|-heal|p1a: Celebi|288/404|[from] item: Leftovers
|-heal|p2a: Amoonguss|405/432|[from] item: Black Sludge
|turn|110
|
|switch|p2a: Jirachi|Jirachi|404/404
|-damage|p2a: Jirachi|379/404|[from] Stealth Rock
|move|p1a: Celebi|Psychic|p2a: Jirachi
|-resisted|p2a: Jirachi
|-damage|p2a: Jirachi|359/404
|
|-weather|RainDance|[upkeep]
|-heal|p1a: Celebi|313/404|[from] item: Leftovers
|-heal|p2a: Jirachi|384/404|[from] item: Leftovers
|turn|111
|
|move|p1a: Celebi|Baton Pass|p1a: Celebi
|
|switch|p1a: Politoed|Politoed, F|384/384 par
|move|p2a: Jirachi|Stealth Rock|p1a: Politoed
|-sidestart|p1: Śhofũ|move: Stealth Rock
|
|-weather|RainDance|[upkeep]
|-heal|p2a: Jirachi|404/404|[from] item: Leftovers
|turn|112
|
|move|p2a: Jirachi|Thunder|p1a: Politoed
|-supereffective|p1a: Politoed
|-damage|p1a: Politoed|192/384 par
|move|p1a: Politoed|Scald|p2a: Jirachi
|-damage|p2a: Jirachi|304/404
|
|-weather|RainDance|[upkeep]
|-heal|p2a: Jirachi|329/404|[from] item: Leftovers
|-heal|p1a: Politoed|216/384 par|[from] item: Leftovers
|turn|113
|
|move|p2a: Jirachi|Iron Head|p1a: Politoed
|-resisted|p1a: Politoed
|-damage|p1a: Politoed|172/384 par
|cant|p1a: Politoed|flinch
|
|-weather|RainDance|[upkeep]
|-heal|p2a: Jirachi|354/404|[from] item: Leftovers
|-heal|p1a: Politoed|196/384 par|[from] item: Leftovers
|turn|114
|
|move|p1a: Politoed|Protect|p1a: Politoed
|-singleturn|p1a: Politoed|Protect
|move|p2a: Jirachi|Iron Head|p1a: Politoed
|-activate|p1a: Politoed|Protect
|
|-weather|RainDance|[upkeep]
|-heal|p2a: Jirachi|379/404|[from] item: Leftovers
|-heal|p1a: Politoed|220/384 par|[from] item: Leftovers
|turn|115
|
|move|p2a: Jirachi|Thunder|p1a: Politoed
|-supereffective|p1a: Politoed
|-damage|p1a: Politoed|26/384 par
|move|p1a: Politoed|Scald|p2a: Jirachi
|-damage|p2a: Jirachi|283/404
|-status|p2a: Jirachi|brn
|
|-weather|RainDance|[upkeep]
|-heal|p2a: Jirachi|308/404 brn|[from] item: Leftovers
|-heal|p1a: Politoed|50/384 par|[from] item: Leftovers
|-damage|p2a: Jirachi|258/404 brn|[from] brn
|turn|116
|
|move|p2a: Jirachi|Wish|p2a: Jirachi
|move|p1a: Politoed|Encore|p2a: Jirachi
|-start|p2a: Jirachi|Encore
|
|-weather|RainDance|[upkeep]
|-heal|p2a: Jirachi|283/404 brn|[from] item: Leftovers
|-heal|p1a: Politoed|74/384 par|[from] item: Leftovers
|-damage|p2a: Jirachi|233/404 brn|[from] brn
|turn|117
|
|switch|p2a: Amoonguss|Amoonguss, M, shiny|432/432
|-damage|p2a: Amoonguss|378/432|[from] Stealth Rock
|move|p1a: Politoed|Scald|p2a: Amoonguss
|-resisted|p2a: Amoonguss
|-damage|p2a: Amoonguss|321/432
|-status|p2a: Amoonguss|brn
|
|-weather|RainDance|[upkeep]
|-heal|p2a: Amoonguss|432/432 brn|[from] move: Wish|[wisher] Jirachi
|-heal|p1a: Politoed|98/384 par|[from] item: Leftovers
|-damage|p2a: Amoonguss|378/432 brn|[from] brn
|turn|118
|
|move|p2a: Amoonguss|Giga Drain|p1a: Politoed
|-supereffective|p1a: Politoed
|-damage|p1a: Politoed|0 fnt
|-heal|p2a: Amoonguss|427/432 brn|[from] drain|[of] p1a: Politoed
|faint|p1a: Politoed
|
|-weather|RainDance|[upkeep]
|-heal|p2a: Amoonguss|432/432 brn|[from] item: Black Sludge
|-damage|p2a: Amoonguss|378/432 brn|[from] brn
|
|switch|p1a: Chansey|Chansey, F|202/704
|-damage|p1a: Chansey|114/704|[from] Stealth Rock
|turn|119
|
|switch|p2a: Jirachi|Jirachi|233/404 brn
|-damage|p2a: Jirachi|208/404 brn|[from] Stealth Rock
|move|p1a: Chansey|Soft-Boiled|p1a: Chansey
|-heal|p1a: Chansey|466/704
|
|-weather|RainDance|[upkeep]
|-heal|p2a: Jirachi|233/404 brn|[from] item: Leftovers
|-damage|p2a: Jirachi|183/404 brn|[from] brn
|turn|120
|
|move|p2a: Jirachi|Wish|p2a: Jirachi
|move|p1a: Chansey|Soft-Boiled|p1a: Chansey
|-heal|p1a: Chansey|704/704
|
|-weather|RainDance|[upkeep]
|-heal|p2a: Jirachi|208/404 brn|[from] item: Leftovers
|-damage|p2a: Jirachi|158/404 brn|[from] brn
|turn|121
|
|switch|p2a: Tornadus|Tornadus, M|183/299
|-damage|p2a: Tornadus|109/299|[from] Stealth Rock
|move|p1a: Chansey|Seismic Toss|p2a: Tornadus
|-damage|p2a: Tornadus|9/299
|
|-weather|RainDance|[upkeep]
|-heal|p2a: Tornadus|211/299|[from] move: Wish|[wisher] Jirachi
|turn|122
|
|switch|p2a: Amoonguss|Amoonguss, M, shiny|432/432 brn
|-damage|p2a: Amoonguss|378/432 brn|[from] Stealth Rock
|move|p1a: Chansey|Soft-Boiled|p1a: Chansey
|-fail|p1a: Chansey
|
|-weather|RainDance|[upkeep]
|-heal|p2a: Amoonguss|405/432 brn|[from] item: Black Sludge
|-damage|p2a: Amoonguss|351/432 brn|[from] brn
|turn|123
|
|move|p1a: Chansey|Seismic Toss|p2a: Amoonguss
|-damage|p2a: Amoonguss|251/432 brn
|move|p2a: Amoonguss|Stun Spore|p1a: Chansey
|-status|p1a: Chansey|par
|
|-weather|RainDance|[upkeep]
|-heal|p2a: Amoonguss|278/432 brn|[from] item: Black Sludge
|-damage|p2a: Amoonguss|224/432 brn|[from] brn
|turn|124
|
|switch|p1a: Tentacruel|Tentacruel, F|363/363
|-damage|p1a: Tentacruel|318/363|[from] Stealth Rock
|move|p2a: Amoonguss|Giga Drain|p1a: Tentacruel
|-damage|p1a: Tentacruel|252/363
|-heal|p2a: Amoonguss|257/432 brn|[from] drain|[of] p1a: Tentacruel
|
|-weather|RainDance|[upkeep]
|-heal|p1a: Tentacruel|274/363|[from] ability: Rain Dish
|-heal|p1a: Tentacruel|296/363|[from] item: Leftovers
|-heal|p2a: Amoonguss|284/432 brn|[from] item: Black Sludge
|-damage|p2a: Amoonguss|230/432 brn|[from] brn
|turn|125
|
|switch|p2a: Politoed|Politoed, F|281/322 brn
|-damage|p2a: Politoed|241/322 brn|[from] Stealth Rock
|move|p1a: Tentacruel|Protect|p1a: Tentacruel
|-fail|p1a: Tentacruel
|
|-weather|RainDance|[upkeep]
|-heal|p1a: Tentacruel|318/363|[from] ability: Rain Dish
|-heal|p1a: Tentacruel|340/363|[from] item: Leftovers
|-damage|p2a: Politoed|201/322 brn|[from] brn
|turn|126
|
|move|p1a: Tentacruel|Protect|p1a: Tentacruel
|-singleturn|p1a: Tentacruel|Protect
|move|p2a: Politoed|Scald|p1a: Tentacruel
|-activate|p1a: Tentacruel|Protect
|
|-weather|RainDance|[upkeep]
|-heal|p1a: Tentacruel|362/363|[from] ability: Rain Dish
|-heal|p1a: Tentacruel|363/363|[from] item: Leftovers
|-damage|p2a: Politoed|161/322 brn|[from] brn
|turn|127
|
|move|p2a: Politoed|Scald|p1a: Tentacruel
|-resisted|p1a: Tentacruel
|-damage|p1a: Tentacruel|297/363
|move|p1a: Tentacruel|Rapid Spin|p2a: Politoed
|-damage|p2a: Politoed|149/322 brn
|-sideend|p1: Śhofũ|Stealth Rock|[from] move: Rapid Spin|[of] p1a: Tentacruel
|
|-weather|RainDance|[upkeep]
|-heal|p1a: Tentacruel|319/363|[from] ability: Rain Dish
|-heal|p1a: Tentacruel|341/363|[from] item: Leftovers
|-damage|p2a: Politoed|109/322 brn|[from] brn
|turn|128
|
|switch|p2a: Amoonguss|Amoonguss, M, shiny|374/432 brn
|-damage|p2a: Amoonguss|320/432 brn|[from] Stealth Rock
|move|p1a: Tentacruel|Protect|p1a: Tentacruel
|-fail|p1a: Tentacruel
|
|-weather|RainDance|[upkeep]
|-heal|p1a: Tentacruel|363/363|[from] ability: Rain Dish
|-heal|p2a: Amoonguss|347/432 brn|[from] item: Black Sludge
|-damage|p2a: Amoonguss|293/432 brn|[from] brn
|turn|129
|
|switch|p1a: Celebi|Celebi|313/404
|move|p2a: Amoonguss|Giga Drain|p1a: Celebi
|-resisted|p1a: Celebi
|-damage|p1a: Celebi|283/404
|-heal|p2a: Amoonguss|308/432 brn|[from] drain|[of] p1a: Celebi
|
|-weather|RainDance|[upkeep]
|-heal|p1a: Celebi|308/404|[from] item: Leftovers
|-heal|p2a: Amoonguss|335/432 brn|[from] item: Black Sludge
|-damage|p2a: Amoonguss|281/432 brn|[from] brn
|turn|130
|
|switch|p2a: Jirachi|Jirachi|158/404 brn
|-damage|p2a: Jirachi|133/404 brn|[from] Stealth Rock
|move|p1a: Celebi|Baton Pass|p1a: Celebi
|
|switch|p1a: Tentacruel|Tentacruel, F|363/363
|
|-weather|RainDance|[upkeep]
|-heal|p2a: Jirachi|158/404 brn|[from] item: Leftovers
|-damage|p2a: Jirachi|108/404 brn|[from] brn
|turn|131
|
|move|p1a: Tentacruel|Scald|p2a: Jirachi
|-damage|p2a: Jirachi|29/404 brn
|move|p2a: Jirachi|Wish|p2a: Jirachi
|
|-weather|RainDance|[upkeep]
|-heal|p2a: Jirachi|54/404 brn|[from] item: Leftovers
|-damage|p2a: Jirachi|4/404 brn|[from] brn
|turn|132
|
|switch|p2a: Politoed|Politoed, F|109/322 brn
|-damage|p2a: Politoed|69/322 brn|[from] Stealth Rock
|move|p1a: Tentacruel|Scald|p2a: Politoed
|-resisted|p2a: Politoed
|-damage|p2a: Politoed|15/322 brn
|
|-weather|RainDance|[upkeep]
|-heal|p2a: Politoed|217/322 brn|[from] move: Wish|[wisher] Jirachi
|-damage|p2a: Politoed|177/322 brn|[from] brn
|turn|133
|
|switch|p2a: Amoonguss|Amoonguss, M, shiny|425/432 brn
|-damage|p2a: Amoonguss|371/432 brn|[from] Stealth Rock
|switch|p1a: Chansey|Chansey, F|704/704
|
|-weather|RainDance|[upkeep]
|-heal|p2a: Amoonguss|398/432 brn|[from] item: Black Sludge
|-damage|p2a: Amoonguss|344/432 brn|[from] brn
|turn|134
|join|xxglaceonxx
|
|move|p1a: Chansey|Seismic Toss|p2a: Amoonguss
|-damage|p2a: Amoonguss|244/432 brn
|move|p2a: Amoonguss|Giga Drain|p1a: Chansey
|-damage|p1a: Chansey|656/704
|-heal|p2a: Amoonguss|268/432 brn|[from] drain|[of] p1a: Chansey
|
|-weather|RainDance|[upkeep]
|-heal|p2a: Amoonguss|295/432 brn|[from] item: Black Sludge
|-damage|p2a: Amoonguss|241/432 brn|[from] brn
|turn|135
|
|move|p1a: Chansey|Seismic Toss|p2a: Amoonguss
|-damage|p2a: Amoonguss|141/432 brn
|move|p2a: Amoonguss|Stun Spore|p1a: Chansey
|-status|p1a: Chansey|par
|
|-weather|RainDance|[upkeep]
|-heal|p2a: Amoonguss|168/432 brn|[from] item: Black Sludge
|-damage|p2a: Amoonguss|114/432 brn|[from] brn
|turn|136
|
|switch|p2a: Tentacruel|Tentacruel, F|49/364 brn
|-damage|p2a: Tentacruel|4/364 brn|[from] Stealth Rock
|switch|p1a: Celebi|Celebi|308/404
|
|-weather|RainDance|[upkeep]
|-heal|p2a: Tentacruel|26/364 brn|[from] ability: Rain Dish
|-heal|p1a: Celebi|333/404|[from] item: Leftovers
|-heal|p2a: Tentacruel|48/364 brn|[from] item: Black Sludge
|-damage|p2a: Tentacruel|3/364 brn|[from] brn
|turn|137
|
|switch|p1a: Skarmory|Skarmory, F|170/334 slp
|move|p2a: Tentacruel|Rapid Spin|p1a: Skarmory
|-resisted|p1a: Skarmory
|-damage|p1a: Skarmory|168/334 slp
|-damage|p2a: Tentacruel|0 fnt|[from] item: Rocky Helmet|[of] p1a: Skarmory
|faint|p2a: Tentacruel
|
|-weather|RainDance|[upkeep]
|
|switch|p2a: Moltres|Moltres|321/321
|-damage|p2a: Moltres|161/321|[from] Stealth Rock
|-ability|p2a: Moltres|Pressure
|turn|138
|
|switch|p1a: Chansey|Chansey, F|656/704
|move|p2a: Moltres|Hurricane|p1a: Chansey
|-damage|p1a: Chansey|446/704
|
|-weather|RainDance|[upkeep]
|turn|139
|
|move|p2a: Moltres|Hurricane|p1a: Chansey
|-damage|p1a: Chansey|232/704
|move|p1a: Chansey|Soft-Boiled|p1a: Chansey
|-heal|p1a: Chansey|584/704
|
|-weather|RainDance|[upkeep]
|turn|140
|
|move|p2a: Moltres|Hurricane|p1a: Chansey
|-damage|p1a: Chansey|355/704
|move|p1a: Chansey|Seismic Toss|p2a: Moltres
|-damage|p2a: Moltres|61/321
|
|-weather|RainDance|[upkeep]
|turn|141
|
|move|p2a: Moltres|Hurricane|p1a: Chansey
|-damage|p1a: Chansey|138/704
|move|p1a: Chansey|Soft-Boiled|p1a: Chansey
|-heal|p1a: Chansey|490/704
|
|-weather|RainDance|[upkeep]
|turn|142
|
|move|p2a: Moltres|Hurricane|p1a: Chansey
|-damage|p1a: Chansey|282/704
|move|p1a: Chansey|Soft-Boiled|p1a: Chansey
|-heal|p1a: Chansey|634/704
|
|-weather|RainDance|[upkeep]
|turn|143
|
|move|p2a: Moltres|Hurricane|p1a: Chansey
|-damage|p1a: Chansey|415/704
|-start|p1a: Chansey|confusion
|-activate|p1a: Chansey|confusion
|move|p1a: Chansey|Seismic Toss|p2a: Moltres
|-damage|p2a: Moltres|0 fnt
|faint|p2a: Moltres
|
|-weather|RainDance|[upkeep]
|
|switch|p2a: Tornadus|Tornadus, M|211/299
|-damage|p2a: Tornadus|137/299|[from] Stealth Rock
|turn|144
|
|switch|p1a: Tentacruel|Tentacruel, F|363/363
|move|p2a: Tornadus|Hurricane|p1a: Tentacruel
|-damage|p1a: Tentacruel|151/363
|-damage|p2a: Tornadus|108/299|[from] item: Life Orb
|
|-weather|RainDance|[upkeep]
|-heal|p1a: Tentacruel|173/363|[from] ability: Rain Dish
|-heal|p1a: Tentacruel|195/363|[from] item: Leftovers
|turn|145
|
|move|p1a: Tentacruel|Protect|p1a: Tentacruel
|-singleturn|p1a: Tentacruel|Protect
|move|p2a: Tornadus|Hurricane|p1a: Tentacruel
|-activate|p1a: Tentacruel|Protect
|
|-weather|RainDance|[upkeep]
|-heal|p1a: Tentacruel|217/363|[from] ability: Rain Dish
|-heal|p1a: Tentacruel|239/363|[from] item: Leftovers
|turn|146
|
|move|p2a: Tornadus|Hurricane|p1a: Tentacruel
|-damage|p1a: Tentacruel|8/363
|-start|p1a: Tentacruel|confusion
|-damage|p2a: Tornadus|79/299|[from] item: Life Orb
|-activate|p1a: Tentacruel|confusion
|move|p1a: Tentacruel|Scald|p2a: Tornadus
|-damage|p2a: Tornadus|0 fnt
|faint|p2a: Tornadus
|
|-weather|RainDance|[upkeep]
|-heal|p1a: Tentacruel|30/363|[from] ability: Rain Dish
|-heal|p1a: Tentacruel|52/363|[from] item: Leftovers
|
|switch|p2a: Politoed|Politoed, F|177/322 brn
|-damage|p2a: Politoed|137/322 brn|[from] Stealth Rock
|turn|147
|
|switch|p1a: Celebi|Celebi|333/404
|move|p2a: Politoed|Scald|p1a: Celebi
|-resisted|p1a: Celebi
|-damage|p1a: Celebi|276/404
|
|-weather|RainDance|[upkeep]
|-heal|p1a: Celebi|301/404|[from] item: Leftovers
|-damage|p2a: Politoed|97/322 brn|[from] brn
|turn|148
|
|move|p2a: Politoed|Scald|p1a: Celebi
|-resisted|p1a: Celebi
|-damage|p1a: Celebi|245/404
|move|p1a: Celebi|Psychic|p2a: Politoed
|-damage|p2a: Politoed|0 fnt
|faint|p2a: Politoed
|
|-weather|RainDance|[upkeep]
|-heal|p1a: Celebi|270/404|[from] item: Leftovers
|-message|Julian forfeited.
|
|win|Śhofũ
|raw|Ladder updating...
|raw|Śhofũ's rating: 1434 &rarr; <strong>1461</strong><br />(+27 for winning)
|raw|Julian's rating: 1546 &rarr; <strong>1520</strong><br />(-26 for losing)
|leave|Julian
|player|p2