|j|☆blackkaiser
|j|☆Commbacckk
|player|p1|blackkaiser|101|1605
|player|p2|Commbacckk|102|1472
|teamsize|p1|6
|teamsize|p2|6
|gametype|singles
|gen|5
|tier|[Gen 5] OU
|rated|
|clearpoke
|poke|p1|Hippowdon, M|item
|poke|p1|Ferrothorn, M|item
|poke|p1|Jellicent, F|item
|poke|p1|Latios, M|item
|poke|p1|Garchomp, M|item
|poke|p1|Scizor, F|item
|poke|p2|Mamoswine, M|item
|poke|p2|Dragonite, M|item
|poke|p2|Magnezone|item
|poke|p2|Salamence, M|item
|poke|p2|Scizor, M|item
|poke|p2|Starmie|item
|rule|Species Clause: Limit one of each Pokémon
|rule|OHKO Clause: OHKO moves are banned
|rule|Moody Clause: Moody is banned
|rule|Evasion Moves Clause: Evasion moves are banned
|rule|Endless Battle Clause: Forcing endless battles is banned
|rule|HP Percentage Mod: HP is shown in percentages
|rule|Evasion Abilities Clause: Evasion abilities are banned
|rule|Baton Pass Clause: Limit one Baton Passer, can't pass Spe and other stats simultaneously
|rule|Sleep Clause: Sleep-inducing moves are banned
|rule|Swagger Clause: Swagger is banned
|teampreview
|inactive|Battle timer is ON: inactive players will automatically lose when time's up. (requested by blackkaiser)
|
|start
|switch|p1a: Hippowdon|Hippowdon, M|100/100
|switch|p2a: Mamoswine|Mamoswine, M|100/100
|-weather|Sandstorm|[from] ability: Sand Stream|[of] p1a: Hippowdon
|turn|1
|
|move|p2a: Mamoswine|Icicle Spear|p1a: Hippowdon
|-supereffective|p1a: Hippowdon
|-damage|p1a: Hippowdon|86/100
|-supereffective|p1a: Hippowdon
|-damage|p1a: Hippowdon|71/100
|-supereffective|p1a: Hippowdon
|-damage|p1a: Hippowdon|57/100
|-supereffective|p1a: Hippowdon
|-damage|p1a: Hippowdon|41/100
|-supereffective|p1a: Hippowdon
|-damage|p1a: Hippowdon|27/100
|-hitcount|p1a: Hippowdon|5
|move|p1a: Hippowdon|Stealth Rock|p2a: Mamoswine
|-sidestart|p2: Commbacckk|move: Stealth Rock
|
|-weather|Sandstorm|[upkeep]
|-heal|p1a: Hippowdon|33/100|[from] item: Leftovers
|upkeep
|turn|2
|
|move|p2a: Mamoswine|Stealth Rock|p1a: Hippowdon
|-sidestart|p1: blackkaiser|move: Stealth Rock
|move|p1a: Hippowdon|Slack Off|p1a: Hippowdon
|-heal|p1a: Hippowdon|83/100
|
|-weather|Sandstorm|[upkeep]
|-heal|p1a: Hippowdon|89/100|[from] item: Leftovers
|upkeep
|turn|3
|
|move|p2a: Mamoswine|Icicle Spear|p1a: Hippowdon
|-supereffective|p1a: Hippowdon
|-damage|p1a: Hippowdon|74/100
|-supereffective|p1a: Hippowdon
|-damage|p1a: Hippowdon|57/100
|-supereffective|p1a: Hippowdon
|-damage|p1a: Hippowdon|42/100
|-hitcount|p1a: Hippowdon|3
|move|p1a: Hippowdon|Earthquake|p2a: Mamoswine
|-damage|p2a: Mamoswine|55/100
|
|-weather|Sandstorm|[upkeep]
|-heal|p1a: Hippowdon|48/100|[from] item: Leftovers
|upkeep
|turn|4
|
|move|p2a: Mamoswine|Earthquake|p1a: Hippowdon
|-damage|p1a: Hippowdon|20/100
|move|p1a: Hippowdon|Earthquake|p2a: Mamoswine
|-damage|p2a: Mamoswine|11/100
|
|-weather|Sandstorm|[upkeep]
|-heal|p1a: Hippowdon|26/100|[from] item: Leftovers
|upkeep
|turn|5
|
|move|p2a: Mamoswine|Earthquake|p1a: Hippowdon
|-damage|p1a: Hippowdon|0 fnt
|faint|p1a: Hippowdon
|
|-weather|Sandstorm|[upkeep]
|upkeep
|
|switch|p1a: Jellicent|Jellicent, F|100/100
|-damage|p1a: Jellicent|88/100|[from] Stealth Rock
|turn|6
|
|move|p2a: Mamoswine|Earthquake|p1a: Jellicent
|-damage|p1a: Jellicent|28/100
|move|p1a: Jellicent|Scald|p2a: Mamoswine
|-supereffective|p2a: Mamoswine
|-damage|p2a: Mamoswine|0 fnt
|faint|p2a: Mamoswine
|
|-weather|Sandstorm|[upkeep]
|-damage|p1a: Jellicent|21/100|[from] Sandstorm
|-heal|p1a: Jellicent|28/100|[from] item: Leftovers
|upkeep
|
|switch|p2a: Starmie|Starmie|100/100
|-damage|p2a: Starmie|88/100|[from] Stealth Rock
|turn|7
|
|move|p2a: Starmie|Thunderbolt|p1a: Jellicent
|-supereffective|p1a: Jellicent
|-damage|p1a: Jellicent|0 fnt
|-damage|p2a: Starmie|78/100|[from] item: Life Orb
|faint|p1a: Jellicent
|
|-weather|Sandstorm|[upkeep]
|-damage|p2a: Starmie|72/100|[from] Sandstorm
|upkeep
|
|switch|p1a: Scizor|Scizor, F|100/100
|-damage|p1a: Scizor|88/100|[from] Stealth Rock
|turn|8
|
|move|p2a: Starmie|Rapid Spin|p1a: Scizor
|-resisted|p1a: Scizor
|-damage|p1a: Scizor|87/100
|-sideend|p2: Commbacckk|Stealth Rock|[from] move: Rapid Spin|[of] p2a: Starmie
|-damage|p2a: Starmie|62/100|[from] item: Life Orb
|move|p1a: Scizor|U-turn|p2a: Starmie
|-supereffective|p2a: Starmie
|-damage|p2a: Starmie|0 fnt
|faint|p2a: Starmie
|
|switch|p1a: Latios|Latios, M, shiny|100/100|[from]move: U-turn
|-damage|p1a: Latios|88/100|[from] Stealth Rock
|
|-weather|Sandstorm|[upkeep]
|-damage|p1a: Latios|82/100|[from] Sandstorm
|upkeep
|
|switch|p2a: Salamence|Salamence, M|100/100
|turn|9
|
|switch|p2a: Magnezone|Magnezone|100/100
|move|p1a: Latios|Draco Meteor|p2a: Magnezone
|-resisted|p2a: Magnezone
|-damage|p2a: Magnezone|23/100
|-unboost|p1a: Latios|spa|2
|
|-weather|Sandstorm|[upkeep]
|-damage|p1a: Latios|76/100|[from] Sandstorm
|upkeep
|turn|10
|
|switch|p2a: Scizor|Scizor, M|100/100
|move|p1a: Latios|Draco Meteor|p2a: Scizor
|-resisted|p2a: Scizor
|-damage|p2a: Scizor|63/100
|-unboost|p1a: Latios|spa|2
|
|-weather|Sandstorm|[upkeep]
|-damage|p1a: Latios|70/100|[from] Sandstorm
|upkeep
|turn|11
|
|move|p1a: Latios|Draco Meteor|p2a: Scizor
|-resisted|p2a: Scizor
|-damage|p2a: Scizor|34/100
|-unboost|p1a: Latios|spa|2
|move|p2a: Scizor|Swords Dance|p2a: Scizor
|-boost|p2a: Scizor|atk|2
|
|-weather|Sandstorm|[upkeep]
|-damage|p1a: Latios|64/100|[from] Sandstorm
|upkeep
|turn|12
|
|switch|p1a: Ferrothorn|Ferrothorn, M|100/100
|-damage|p1a: Ferrothorn|95/100|[from] Stealth Rock
|move|p2a: Scizor|Bullet Punch|p1a: Ferrothorn
|-resisted|p1a: Ferrothorn
|-damage|p1a: Ferrothorn|76/100
|-damage|p2a: Scizor|22/100|[from] ability: Iron Barbs|[of] p1a: Ferrothorn
|-damage|p2a: Scizor|5/100|[from] item: Rocky Helmet|[of] p1a: Ferrothorn
|
|-weather|Sandstorm|[upkeep]
|upkeep
|turn|13
|
|move|p2a: Scizor|Bug Bite|p1a: Ferrothorn
|-damage|p1a: Ferrothorn|20/100
|-damage|p2a: Scizor|0 fnt|[from] ability: Iron Barbs|[of] p1a: Ferrothorn
|faint|p2a: Scizor
|move|p1a: Ferrothorn|Thunder Wave|p2: Scizor|[notarget]
|-fail|p1a: Ferrothorn
|
|-weather|Sandstorm|[upkeep]
|upkeep
|
|switch|p2a: Magnezone|Magnezone|23/100
|turn|14
|j|‽bellebaila
|
|move|p2a: Magnezone|Hidden Power|p1a: Ferrothorn
|-supereffective|p1a: Ferrothorn
|-damage|p1a: Ferrothorn|0 fnt
|faint|p1a: Ferrothorn
|
|-weather|Sandstorm|[upkeep]
|upkeep
|
|switch|p1a: Garchomp|Garchomp, M|100/100
|-damage|p1a: Garchomp|94/100|[from] Stealth Rock
|turn|15
|
|switch|p2a: Dragonite|Dragonite, M|100/100
|move|p1a: Garchomp|Earthquake|p2a: Dragonite
|-immune|p2a: Dragonite
|
|-weather|Sandstorm|[upkeep]
|-damage|p2a: Dragonite|94/100|[from] Sandstorm
|upkeep
|turn|16
|
|move|p1a: Garchomp|Draco Meteor|p2a: Dragonite
|-supereffective|p2a: Dragonite
|-damage|p2a: Dragonite|0 fnt
|-unboost|p1a: Garchomp|spa|2
|-damage|p1a: Garchomp|85/100|[from] item: Life Orb
|faint|p2a: Dragonite
|
|-weather|Sandstorm|[upkeep]
|upkeep
|
|switch|p2a: Salamence|Salamence, M|100/100
|turn|17
|
|switch|p2a: Magnezone|Magnezone|23/100
|move|p1a: Garchomp|Draco Meteor|p2a: Magnezone
|-resisted|p2a: Magnezone
|-damage|p2a: Magnezone|0 fnt
|-unboost|p1a: Garchomp|spa|2
|-damage|p1a: Garchomp|75/100|[from] item: Life Orb
|faint|p2a: Magnezone
|
|-weather|Sandstorm|[upkeep]
|upkeep
|
|switch|p2a: Salamence|Salamence, M|100/100
|turn|18
|
|move|p2a: Salamence|Outrage|p1a: Garchomp
|-supereffective|p1a: Garchomp
|-damage|p1a: Garchomp|0 fnt
|-damage|p2a: Salamence|88/100|[from] ability: Rough Skin|[of] p1a: Garchomp
|faint|p1a: Garchomp
|-ability|p2a: Salamence|Moxie|boost
|-boost|p2a: Salamence|atk|1
|
|-weather|Sandstorm|[upkeep]
|-damage|p2a: Salamence|82/100|[from] Sandstorm
|upkeep
|
|switch|p1a: Scizor|Scizor, F|87/100
|-damage|p1a: Scizor|75/100|[from] Stealth Rock
|turn|19
|
|move|p1a: Scizor|Bullet Punch|p2a: Salamence
|-damage|p2a: Salamence|23/100
|move|p2a: Salamence|Outrage|p1a: Scizor|[from]lockedmove
|-resisted|p1a: Scizor
|-damage|p1a: Scizor|23/100
|-start|p2a: Salamence|confusion|[fatigue]
|
|-weather|Sandstorm|[upkeep]
|-damage|p2a: Salamence|17/100|[from] Sandstorm
|upkeep
|turn|20
|
|move|p1a: Scizor|Bullet Punch|p2a: Salamence
|-crit|p2a: Salamence
|-damage|p2a: Salamence|0 fnt
|faint|p2a: Salamence
|
|win|blackkaiser
|raw|blackkaiser's rating: 1578 &rarr; <strong>1592</strong><br />(+14 for winning)
|raw|Commbacckk's rating: 1472 &rarr; <strong>1458</strong><br />(-14 for losing)
