|j|☆JeffBeStraight01
|j|☆Pietrym harder
|t:|1717283422
|gametype|singles
|player|p1|JeffBeStraight01|waitress-gen4|1340
|player|p2|Pietrym harder|shauntal|1324
|teamsize|p1|6
|teamsize|p2|6
|gen|5
|tier|[Gen 5] OU
|rated|
|rule|Species Clause: Limit one of each Pokémon
|rule|OHKO Clause: OHKO moves are banned
|rule|Moody Clause: Moody is banned
|rule|Evasion Items Clause: Evasion items are banned
|rule|Evasion Moves Clause: Evasion moves are banned
|rule|Endless Battle Clause: Forcing endless battles is banned
|rule|HP Percentage Mod: HP is shown in percentages
|rule|Evasion Abilities Clause: Evasion abilities are banned
|rule|Sleep Moves Clause: Sleep-inducing moves are banned
|rule|Swagger Clause: Swagger is banned
|rule|Baton Pass Stat Clause: No Baton Passer may have a way to boost its stats
|clearpoke
|poke|p1|Metagross|item
|poke|p1|Tyranitar, M|item
|poke|p1|Gliscor, F|item
|poke|p1|Celebi|item
|poke|p1|Magnezone|item
|poke|p1|Breloom, F|item
|poke|p2|Aerodactyl, F|item
|poke|p2|Garchomp, M|item
|poke|p2|Dragonite, M|item
|poke|p2|Scizor, M|item
|poke|p2|Conkeldurr, F|item
|poke|p2|Starmie|item
|teampreview
|inactive|Battle timer is ON: inactive players will automatically lose when time's up. (requested by Pietrym harder)
|
|t:|1717283444
|start
|switch|p1a: Metagross|Metagross, shiny|100/100
|switch|p2a: Aerodactyl|Aerodactyl, F|100/100
|-ability|p2a: Aerodactyl|Pressure
|turn|1
|
|t:|1717283447
|move|p2a: Aerodactyl|Taunt|p1a: Metagross
|-start|p1a: Metagross|move: Taunt
|move|p1a: Metagross|Meteor Mash|p2a: Aerodactyl
|-supereffective|p2a: Aerodactyl
|-enditem|p2a: Aerodactyl|Focus Sash
|-damage|p2a: Aerodactyl|1/100
|
|upkeep
|turn|2
|
|t:|1717283452
|move|p1a: Metagross|Bullet Punch|p2a: Aerodactyl
|-supereffective|p2a: Aerodactyl
|-damage|p2a: Aerodactyl|0 fnt
|faint|p2a: Aerodactyl
|
|upkeep
|
|t:|1717283456
|switch|p2a: Garchomp|Garchomp, M|100/100
|turn|3
|
|t:|1717283461
|switch|p1a: Gliscor|Gliscor, F, shiny|100/100
|move|p2a: Garchomp|Swords Dance|p2a: Garchomp
|-boost|p2a: Garchomp|atk|2
|
|-status|p1a: Gliscor|tox|[from] item: Toxic Orb
|upkeep
|turn|4
|
|t:|1717283465
|move|p2a: Garchomp|Outrage|p1a: Gliscor
|-damage|p1a: Gliscor|1/100 tox
|move|p1a: Gliscor|Ice Fang|p2a: Garchomp
|-supereffective|p2a: Garchomp
|-damage|p2a: Garchomp|46/100
|-damage|p1a: Gliscor|0 fnt|[from] ability: Rough Skin|[of] p2a: Garchomp
|faint|p1a: Gliscor
|
|upkeep
|
|t:|1717283471
|switch|p1a: Metagross|Metagross, shiny|100/100
|turn|5
|
|t:|1717283474
|move|p2a: Garchomp|Outrage|p1a: Metagross|[from]lockedmove
|-resisted|p1a: Metagross
|-crit|p1a: Metagross
|-damage|p1a: Metagross|4/100
|move|p1a: Metagross|Meteor Mash|p2a: Garchomp
|-damage|p2a: Garchomp|0 fnt
|-boost|p1a: Metagross|atk|1
|-damage|p1a: Metagross|0 fnt|[from] ability: Rough Skin|[of] p2a: Garchomp
|faint|p1a: Metagross
|faint|p2a: Garchomp
|
|upkeep
|
|t:|1717283487
|switch|p2a: Scizor|Scizor, M|100/100
|switch|p1a: Tyranitar|Tyranitar, M|100/100
|-weather|Sandstorm|[from] ability: Sand Stream|[of] p1a: Tyranitar
|turn|6
|
|t:|1717283493
|move|p2a: Scizor|U-turn|p1a: Tyranitar
|-supereffective|p1a: Tyranitar
|-damage|p1a: Tyranitar|42/100
|
|t:|1717283496
|switch|p2a: Starmie|Starmie|100/100|[from] U-turn
|move|p1a: Tyranitar|Fire Blast|p2a: Starmie
|-resisted|p2a: Starmie
|-damage|p2a: Starmie|81/100
|
|-weather|Sandstorm|[upkeep]
|-damage|p2a: Starmie|75/100|[from] Sandstorm
|-heal|p2a: Starmie|81/100|[from] item: Leftovers
|upkeep
|turn|7
|
|t:|1717283501
|move|p2a: Starmie|Surf|p1a: Tyranitar
|-supereffective|p1a: Tyranitar
|-damage|p1a: Tyranitar|0 fnt
|faint|p1a: Tyranitar
|
|-weather|Sandstorm|[upkeep]
|-damage|p2a: Starmie|75/100|[from] Sandstorm
|-heal|p2a: Starmie|81/100|[from] item: Leftovers
|upkeep
|
|t:|1717283503
|switch|p1a: Celebi|Celebi|100/100
|turn|8
|
|t:|1717283507
|switch|p2a: Scizor|Scizor, M|100/100
|move|p1a: Celebi|Stealth Rock|p2a: Scizor
|-sidestart|p2: Pietrym harder|move: Stealth Rock
|
|-weather|Sandstorm|[upkeep]
|-damage|p1a: Celebi|94/100|[from] Sandstorm
|-heal|p1a: Celebi|100/100|[from] item: Leftovers
|upkeep
|turn|9
|
|t:|1717283510
|move|p2a: Scizor|U-turn|p1a: Celebi
|-supereffective|p1a: Celebi
|-damage|p1a: Celebi|0 fnt
|faint|p1a: Celebi
|
|t:|1717283514
|switch|p2a: Starmie|Starmie|81/100|[from] U-turn
|-damage|p2a: Starmie|69/100|[from] Stealth Rock
|
|-weather|Sandstorm|[upkeep]
|-damage|p2a: Starmie|63/100|[from] Sandstorm
|-heal|p2a: Starmie|69/100|[from] item: Leftovers
|upkeep
|
|t:|1717283516
|switch|p1a: Magnezone|Magnezone|100/100
|-item|p1a: Magnezone|Air Balloon
|turn|10
|
|t:|1717283519
|move|p2a: Starmie|Rapid Spin|p1a: Magnezone
|-resisted|p1a: Magnezone
|-damage|p1a: Magnezone|99/100
|-enditem|p1a: Magnezone|Air Balloon
|-sideend|p2: Pietrym harder|Stealth Rock|[from] move: Rapid Spin|[of] p2a: Starmie
|move|p1a: Magnezone|Volt Switch|p2a: Starmie
|-supereffective|p2a: Starmie
|-damage|p2a: Starmie|0 fnt
|faint|p2a: Starmie
|
|t:|1717283521
|switch|p1a: Breloom|Breloom, F|100/100|[from] Volt Switch
|
|-weather|Sandstorm|[upkeep]
|-damage|p1a: Breloom|94/100|[from] Sandstorm
|-status|p1a: Breloom|tox|[from] item: Toxic Orb
|upkeep
|
|t:|1717283532
|switch|p2a: Conkeldurr|Conkeldurr, F|100/100
|turn|11
|
|t:|1717283534
|move|p1a: Breloom|Substitute|p1a: Breloom
|-start|p1a: Breloom|Substitute
|-damage|p1a: Breloom|69/100 tox
|move|p2a: Conkeldurr|Bulk Up|p2a: Conkeldurr
|-boost|p2a: Conkeldurr|atk|1
|-boost|p2a: Conkeldurr|def|1
|
|-weather|Sandstorm|[upkeep]
|-damage|p1a: Breloom|63/100 tox|[from] Sandstorm
|-damage|p2a: Conkeldurr|94/100|[from] Sandstorm
|-heal|p2a: Conkeldurr|100/100|[from] item: Leftovers
|-heal|p1a: Breloom|75/100 tox|[from] ability: Poison Heal
|upkeep
|turn|12
|
|t:|1717283539
|move|p1a: Breloom|Seed Bomb|p2a: Conkeldurr
|-damage|p2a: Conkeldurr|73/100
|move|p2a: Conkeldurr|Drain Punch|p1a: Breloom
|-end|p1a: Breloom|Substitute
|-heal|p2a: Conkeldurr|82/100|[from] drain|[of] p1a: Breloom
|
|-weather|Sandstorm|[upkeep]
|-damage|p1a: Breloom|69/100 tox|[from] Sandstorm
|-damage|p2a: Conkeldurr|76/100|[from] Sandstorm
|-heal|p2a: Conkeldurr|82/100|[from] item: Leftovers
|-heal|p1a: Breloom|82/100 tox|[from] ability: Poison Heal
|upkeep
|turn|13
|
|t:|1717283545
|move|p1a: Breloom|Seed Bomb|p2a: Conkeldurr
|-damage|p2a: Conkeldurr|55/100
|move|p2a: Conkeldurr|Drain Punch|p1a: Breloom
|-damage|p1a: Breloom|0 fnt
|-heal|p2a: Conkeldurr|86/100|[from] drain|[of] p1a: Breloom
|faint|p1a: Breloom
|
|-weather|Sandstorm|[upkeep]
|-damage|p2a: Conkeldurr|80/100|[from] Sandstorm
|-heal|p2a: Conkeldurr|86/100|[from] item: Leftovers
|upkeep
|
|t:|1717283548
|switch|p1a: Magnezone|Magnezone|99/100
|turn|14
|
|t:|1717283551
|move|p1a: Magnezone|Thunderbolt|p2a: Conkeldurr
|-damage|p2a: Conkeldurr|24/100
|move|p2a: Conkeldurr|Drain Punch|p1a: Magnezone
|-supereffective|p1a: Magnezone
|-damage|p1a: Magnezone|0 fnt
|-heal|p2a: Conkeldurr|65/100|[from] drain|[of] p1a: Magnezone
|faint|p1a: Magnezone
|
|win|Pietrym harder
|raw|JeffBeStraight01's rating: 1340 &rarr; <strong>1319</strong><br />(-21 for losing)
|raw|Pietrym harder's rating: 1324 &rarr; <strong>1345</strong><br />(+21 for winning)
|l|☆JeffBeStraight01
|player|p1|
