|j|☆Chripi
|j|☆Jellium
|t:|1714869254
|gametype|singles
|player|p1|Chripi|lady-gen4|1350
|player|p2|Jellium|scientist-gen4|1395
|teamsize|p1|6
|teamsize|p2|6
|gen|5
|tier|[Gen 5] OU
|rated|
|rule|Species Clause: Limit one of each Pokémon
|rule|OHKO Clause: OHKO moves are banned
|rule|Moody Clause: Moody is banned
|rule|Evasion Items Clause: Evasion items are banned
|rule|Evasion Moves Clause: Evasion moves are banned
|rule|Endless Battle Clause: Forcing endless battles is banned
|rule|HP Percentage Mod: HP is shown in percentages
|rule|Evasion Abilities Clause: Evasion abilities are banned
|rule|Sleep Moves Clause: Sleep-inducing moves are banned
|rule|Swagger Clause: Swagger is banned
|rule|Baton Pass Stat Clause: No Baton Passer may have a way to boost its stats
|clearpoke
|poke|p1|Politoed, F|item
|poke|p1|Volcarona, F|item
|poke|p1|Jirachi|item
|poke|p1|Dragonite, M|item
|poke|p1|Garchomp, F|item
|poke|p1|Starmie|item
|poke|p2|Politoed, F|item
|poke|p2|Volcarona, M|item
|poke|p2|Jirachi|item
|poke|p2|Dragonite, M|item
|poke|p2|Garchomp, F|item
|poke|p2|Starmie|item
|teampreview
|c|☆Jellium|alrighty
|inactive|Battle timer is ON: inactive players will automatically lose when time's up. (requested by Chripi)
|
|t:|1714869289
|start
|switch|p1a: Starmie|Starmie|100/100
|switch|p2a: Right Hand|Starmie|100/100
|-item|p1a: Starmie|Air Balloon
|-item|p2a: Right Hand|Air Balloon
|turn|1
|
|t:|1714869296
|move|p2a: Right Hand|Thunder|p1a: Starmie
|-supereffective|p1a: Starmie
|-damage|p1a: Starmie|3/100
|-status|p1a: Starmie|par
|-enditem|p1a: Starmie|Air Balloon
|move|p1a: Starmie|Thunder|p2a: Right Hand
|-supereffective|p2a: Right Hand
|-damage|p2a: Right Hand|0 fnt
|-enditem|p2a: Right Hand|Air Balloon
|faint|p2a: Right Hand
|
|upkeep
|
|t:|1714869320
|switch|p2a: One Dance|Volcarona, M|100/100
|turn|2
|
|t:|1714869330
|move|p2a: One Dance|Quiver Dance|p2a: One Dance
|-boost|p2a: One Dance|spa|1
|-boost|p2a: One Dance|spd|1
|-boost|p2a: One Dance|spe|1
|move|p1a: Starmie|Hydro Pump|p2a: One Dance
|-supereffective|p2a: One Dance
|-damage|p2a: One Dance|7/100
|
|upkeep
|turn|3
|
|t:|1714869339
|move|p2a: One Dance|Bug Buzz|p1a: Starmie
|-supereffective|p1a: Starmie
|-damage|p1a: Starmie|0 fnt
|faint|p1a: Starmie
|
|upkeep
|
|t:|1714869347
|switch|p1a: Dragonite|Dragonite, M|100/100
|turn|4
|
|t:|1714869352
|move|p1a: Dragonite|Extreme Speed|p2a: One Dance
|-damage|p2a: One Dance|0 fnt
|faint|p2a: One Dance
|
|upkeep
|
|t:|1714869367
|switch|p2a: Hotline Bling|Politoed, F, shiny|100/100
|-weather|RainDance|[from] ability: Drizzle|[of] p2a: Hotline Bling
|turn|5
|
|t:|1714869380
|move|p2a: Hotline Bling|Ice Beam|p1a: Dragonite
|-supereffective|p1a: Dragonite
|-damage|p1a: Dragonite|59/100
|move|p1a: Dragonite|Dragon Dance|p1a: Dragonite
|-boost|p1a: Dragonite|atk|1
|-boost|p1a: Dragonite|spe|1
|
|-weather|RainDance|[upkeep]
|upkeep
|turn|6
|
|t:|1714869386
|switch|p2a: 5am in Toronto|Jirachi|100/100
|move|p1a: Dragonite|Outrage|p2a: 5am in Toronto
|-resisted|p2a: 5am in Toronto
|-damage|p2a: 5am in Toronto|56/100
|
|-weather|RainDance|[upkeep]
|-heal|p2a: 5am in Toronto|63/100|[from] item: Leftovers
|upkeep
|turn|7
|
|t:|1714869400
|move|p1a: Dragonite|Outrage|p2a: 5am in Toronto|[from]lockedmove
|-resisted|p2a: 5am in Toronto
|-damage|p2a: 5am in Toronto|22/100
|move|p2a: 5am in Toronto|Thunder|p1a: Dragonite
|-damage|p1a: Dragonite|30/100
|-status|p1a: Dragonite|par
|-enditem|p1a: Dragonite|Lum Berry|[eat]
|-curestatus|p1a: Dragonite|par|[msg]
|
|-weather|RainDance|[upkeep]
|-heal|p2a: 5am in Toronto|28/100|[from] item: Leftovers
|upkeep
|turn|8
|
|t:|1714869409
|switch|p2a: Hotline Bling|Politoed, F, shiny|100/100
|move|p1a: Dragonite|Outrage|p2a: Hotline Bling|[from]lockedmove
|-damage|p2a: Hotline Bling|0 fnt
|faint|p2a: Hotline Bling
|-start|p1a: Dragonite|confusion|[fatigue]
|
|-weather|RainDance|[upkeep]
|upkeep
|
|t:|1714869421
|switch|p2a: 5am in Toronto|Jirachi|28/100
|turn|9
|
|t:|1714869424
|-activate|p1a: Dragonite|confusion
|-damage|p1a: Dragonite|2/100|[from] confusion
|move|p2a: 5am in Toronto|Substitute|p2a: 5am in Toronto
|-start|p2a: 5am in Toronto|Substitute
|-damage|p2a: 5am in Toronto|3/100
|
|-weather|RainDance|[upkeep]
|-heal|p2a: 5am in Toronto|9/100|[from] item: Leftovers
|upkeep
|turn|10
|
|t:|1714869431
|-activate|p1a: Dragonite|confusion
|move|p1a: Dragonite|Waterfall|p2a: 5am in Toronto
|-end|p2a: 5am in Toronto|Substitute
|move|p2a: 5am in Toronto|Calm Mind|p2a: 5am in Toronto
|-boost|p2a: 5am in Toronto|spa|1
|-boost|p2a: 5am in Toronto|spd|1
|
|-weather|RainDance|[upkeep]
|-heal|p2a: 5am in Toronto|15/100|[from] item: Leftovers
|upkeep
|turn|11
|
|t:|1714869434
|-activate|p1a: Dragonite|confusion
|move|p1a: Dragonite|Waterfall|p2a: 5am in Toronto
|-damage|p2a: 5am in Toronto|0 fnt
|faint|p2a: 5am in Toronto
|
|-weather|RainDance|[upkeep]
|upkeep
|
|t:|1714869438
|switch|p2a: Tootsie Slide|Dragonite, M|100/100
|turn|12
|
|t:|1714869443
|-end|p1a: Dragonite|confusion
|move|p1a: Dragonite|Outrage|p2a: Tootsie Slide
|-supereffective|p2a: Tootsie Slide
|-damage|p2a: Tootsie Slide|0 fnt
|faint|p2a: Tootsie Slide
|
|-weather|RainDance|[upkeep]
|upkeep
|-message|Jellium forfeited.
|
|win|Chripi
|raw|Chripi's rating: 1350 &rarr; <strong>1373</strong><br />(+23 for winning)
|raw|Jellium's rating: 1395 &rarr; <strong>1372</strong><br />(-23 for losing)
|c|☆Chripi|gg
|l|☆Jellium
|player|p2|
|l|☆Chripi
|player|p1|
