|j|☆Gh0st of Perdition
|j|☆Damflame
|player|p1|Gh0st of Perdition|gentleman-gen1rb|1547
|player|p2|Damflame|hilbert-dueldisk|1324
|teamsize|p1|6
|teamsize|p2|6
|gametype|singles
|gen|5
|tier|[Gen 5] OU
|rated|
|clearpoke
|poke|p1|Hippowdon, F|item
|poke|p1|Magnezone|item
|poke|p1|Excadrill, M|item
|poke|p1|Aerodactyl, M|item
|poke|p1|Amoonguss, M|item
|poke|p1|Skarmory, F|item
|poke|p2|Latias, F|item
|poke|p2|Latios, M|item
|poke|p2|Jellicent, M|item
|poke|p2|Skarmory, F|item
|poke|p2|Excadrill, M|item
|poke|p2|Landorus-Therian, M|item
|rule|Species Clause: Limit one of each Pokémon
|rule|OHKO Clause: OHKO moves are banned
|rule|Moody Clause: Moody is banned
|rule|Evasion Moves Clause: Evasion moves are banned
|rule|Endless Battle Clause: Forcing endless battles is banned
|rule|HP Percentage Mod: HP is shown in percentages
|rule|Evasion Abilities Clause: Evasion abilities are banned
|rule|Baton Pass Clause: Limit one Baton Passer, can't pass Spe and other stats simultaneously
|rule|Sleep Clause: Sleep-inducing moves are banned
|rule|Swagger Clause: Swagger is banned
|teampreview
|
|start
|switch|p1a: Magnezone|Magnezone|100/100
|switch|p2a: Skarmory|Skarmory, F|100/100
|turn|1
|
|move|p2a: Skarmory|Stealth Rock|p1a: Magnezone
|-sidestart|p1: Gh0st of Perdition|move: Stealth Rock
|move|p1a: Magnezone|Volt Switch|p2a: Skarmory
|-supereffective|p2a: Skarmory
|-ability|p2a: Skarmory|Sturdy
|-damage|p2a: Skarmory|1/100
|
|switch|p1a: Excadrill|Excadrill, M|100/100|[from]move: Volt Switch
|-damage|p1a: Excadrill|98/100|[from] Stealth Rock
|-ability|p1a: Excadrill|Mold Breaker
|
|-heal|p1a: Excadrill|100/100|[from] item: Leftovers
|upkeep
|turn|2
|-enditem|p2a: Skarmory|Custap Berry|[eat]
|-activate|p2a: Skarmory|item: Custap Berry|[consumed]
|
|move|p2a: Skarmory|Brave Bird|p1a: Excadrill
|-resisted|p1a: Excadrill
|-crit|p1a: Excadrill
|-damage|p1a: Excadrill|47/100
|-damage|p2a: Skarmory|0 fnt|[from] Recoil
|faint|p2a: Skarmory
|move|p1a: Excadrill|Swords Dance|p1a: Excadrill
|-boost|p1a: Excadrill|atk|2
|
|-heal|p1a: Excadrill|54/100|[from] item: Leftovers
|upkeep
|
|switch|p2a: Excadrill|Excadrill, M|100/100
|turn|3
|
|move|p1a: Excadrill|Protect|p1a: Excadrill
|-singleturn|p1a: Excadrill|Protect
|move|p2a: Excadrill|Earthquake|p1a: Excadrill
|-activate|p1a: Excadrill|move: Protect
|
|-heal|p1a: Excadrill|60/100|[from] item: Leftovers
|upkeep
|turn|4
|
|switch|p2a: Jellicent|Jellicent, M|100/100
|switch|p1a: Skarmory|Skarmory, F|100/100
|-damage|p1a: Skarmory|88/100|[from] Stealth Rock
|
|upkeep
|turn|5
|
|switch|p1a: Magnezone|Magnezone|100/100
|-damage|p1a: Magnezone|94/100|[from] Stealth Rock
|move|p2a: Jellicent|Taunt|p1a: Magnezone
|-start|p1a: Magnezone|move: Taunt
|
|upkeep
|turn|6
|
|switch|p2a: Landorus|Landorus-Therian, M|100/100
|-ability|p2a: Landorus|Intimidate|boost
|-unboost|p1a: Magnezone|atk|1
|move|p1a: Magnezone|Hidden Power|p2a: Landorus
|-damage|p2a: Landorus|53/100
|
|-heal|p2a: Landorus|59/100|[from] item: Leftovers
|upkeep
|turn|7
|
|switch|p1a: Skarmory|Skarmory, F|88/100
|-damage|p1a: Skarmory|76/100|[from] Stealth Rock
|move|p2a: Landorus|Substitute|p2a: Landorus
|-start|p2a: Landorus|Substitute
|-damage|p2a: Landorus|34/100
|
|-heal|p2a: Landorus|40/100|[from] item: Leftovers
|upkeep
|turn|8
|
|move|p2a: Landorus|Smack Down|p1a: Skarmory
|-crit|p1a: Skarmory
|-damage|p1a: Skarmory|54/100
|-start|p1a: Skarmory|Smack Down
|move|p1a: Skarmory|Roost|p1a: Skarmory
|-heal|p1a: Skarmory|100/100
|-singleturn|p1a: Skarmory|move: Roost
|
|-heal|p2a: Landorus|46/100|[from] item: Leftovers
|upkeep
|turn|9
|
|switch|p1a: Hippowdon|Hippowdon, F|100/100
|-damage|p1a: Hippowdon|94/100|[from] Stealth Rock
|-weather|Sandstorm|[from] ability: Sand Stream|[of] p1a: Hippowdon
|move|p2a: Landorus|Smack Down|p1a: Hippowdon
|-resisted|p1a: Hippowdon
|-damage|p1a: Hippowdon|89/100
|
|-weather|Sandstorm|[upkeep]
|-heal|p2a: Landorus|53/100|[from] item: Leftovers
|-heal|p1a: Hippowdon|95/100|[from] item: Leftovers
|upkeep
|turn|10
|
|move|p2a: Landorus|Hidden Power|p1a: Hippowdon
|-supereffective|p1a: Hippowdon
|-damage|p1a: Hippowdon|59/100
|move|p1a: Hippowdon|Stealth Rock|p2a: Landorus
|-sidestart|p2: Damflame|move: Stealth Rock
|
|-weather|Sandstorm|[upkeep]
|-heal|p2a: Landorus|59/100|[from] item: Leftovers
|-heal|p1a: Hippowdon|65/100|[from] item: Leftovers
|upkeep
|turn|11
|
|move|p2a: Landorus|Hidden Power|p1a: Hippowdon
|-supereffective|p1a: Hippowdon
|-damage|p1a: Hippowdon|27/100
|move|p1a: Hippowdon|Slack Off|p1a: Hippowdon
|-heal|p1a: Hippowdon|77/100
|
|-weather|Sandstorm|[upkeep]
|-heal|p2a: Landorus|65/100|[from] item: Leftovers
|-heal|p1a: Hippowdon|83/100|[from] item: Leftovers
|upkeep
|turn|12
|
|move|p2a: Landorus|Hidden Power|p1a: Hippowdon
|-supereffective|p1a: Hippowdon
|-damage|p1a: Hippowdon|47/100
|move|p1a: Hippowdon|Ice Fang|p2a: Landorus
|-supereffective|p2a: Landorus
|-end|p2a: Landorus|Substitute
|
|-weather|Sandstorm|[upkeep]
|-heal|p2a: Landorus|71/100|[from] item: Leftovers
|-heal|p1a: Hippowdon|53/100|[from] item: Leftovers
|upkeep
|turn|13
|
|move|p2a: Landorus|Hidden Power|p1a: Hippowdon
|-supereffective|p1a: Hippowdon
|-crit|p1a: Hippowdon
|-damage|p1a: Hippowdon|0 fnt
|faint|p1a: Hippowdon
|
|-weather|Sandstorm|[upkeep]
|-heal|p2a: Landorus|78/100|[from] item: Leftovers
|upkeep
|
|switch|p1a: Amoonguss|Amoonguss, M, shiny|100/100
|-damage|p1a: Amoonguss|88/100|[from] Stealth Rock
|turn|14
|
|move|p2a: Landorus|Substitute|p2a: Landorus
|-start|p2a: Landorus|Substitute
|-damage|p2a: Landorus|53/100
|move|p1a: Amoonguss|Giga Drain|p2a: Landorus
|-end|p2a: Landorus|Substitute
|-heal|p1a: Amoonguss|98/100|[from] drain|[of] p2a: Landorus
|
|-weather|Sandstorm|[upkeep]
|-damage|p1a: Amoonguss|91/100|[from] Sandstorm
|-heal|p2a: Landorus|59/100|[from] item: Leftovers
|upkeep
|turn|15
|
|switch|p2a: Latias|Latias, F|100/100
|-damage|p2a: Latias|88/100|[from] Stealth Rock
|move|p1a: Amoonguss|Giga Drain|p2a: Latias
|-resisted|p2a: Latias
|-damage|p2a: Latias|79/100
|-heal|p1a: Amoonguss|95/100|[from] drain|[of] p2a: Latias
|
|-weather|Sandstorm|[upkeep]
|-damage|p2a: Latias|73/100|[from] Sandstorm
|-damage|p1a: Amoonguss|89/100|[from] Sandstorm
|-heal|p2a: Latias|79/100|[from] item: Leftovers
|upkeep
|turn|16
|
|switch|p1a: Excadrill|Excadrill, M|60/100
|-damage|p1a: Excadrill|57/100|[from] Stealth Rock
|-ability|p1a: Excadrill|Mold Breaker
|move|p2a: Latias|Substitute|p2a: Latias
|-start|p2a: Latias|Substitute
|-damage|p2a: Latias|54/100
|
|-weather|Sandstorm|[upkeep]
|-damage|p2a: Latias|48/100|[from] Sandstorm
|-heal|p2a: Latias|54/100|[from] item: Leftovers
|-heal|p1a: Excadrill|63/100|[from] item: Leftovers
|upkeep
|turn|17
|
|move|p2a: Latias|Calm Mind|p2a: Latias
|-boost|p2a: Latias|spa|1
|-boost|p2a: Latias|spd|1
|move|p1a: Excadrill|Earthquake|p2a: Latias
|-end|p2a: Latias|Substitute
|
|-weather|Sandstorm|[upkeep]
|-damage|p2a: Latias|48/100|[from] Sandstorm
|-heal|p2a: Latias|54/100|[from] item: Leftovers
|-heal|p1a: Excadrill|69/100|[from] item: Leftovers
|upkeep
|turn|18
|
|move|p2a: Latias|Recover|p2a: Latias
|-heal|p2a: Latias|100/100
|move|p1a: Excadrill|Earthquake|p2a: Latias
|-damage|p2a: Latias|43/100
|
|-weather|Sandstorm|[upkeep]
|-damage|p2a: Latias|37/100|[from] Sandstorm
|-heal|p2a: Latias|43/100|[from] item: Leftovers
|-heal|p1a: Excadrill|75/100|[from] item: Leftovers
|upkeep
|turn|19
|
|switch|p2a: Landorus|Landorus-Therian, M|59/100
|-damage|p2a: Landorus|46/100|[from] Stealth Rock
|-ability|p2a: Landorus|Intimidate|boost
|-unboost|p1a: Excadrill|atk|1
|switch|p1a: Skarmory|Skarmory, F|100/100
|-damage|p1a: Skarmory|88/100|[from] Stealth Rock
|
|-weather|Sandstorm|[upkeep]
|-heal|p2a: Landorus|53/100|[from] item: Leftovers
|upkeep
|turn|20
|
|move|p2a: Landorus|Smack Down|p1a: Skarmory
|-damage|p1a: Skarmory|77/100
|-start|p1a: Skarmory|Smack Down
|move|p1a: Skarmory|Spikes|p2a: Landorus
|-sidestart|p2: Damflame|Spikes
|
|-weather|Sandstorm|[upkeep]
|-heal|p2a: Landorus|59/100|[from] item: Leftovers
|upkeep
|turn|21
|
|switch|p1a: Aerodactyl|Aerodactyl, M|100/100
|-damage|p1a: Aerodactyl|76/100|[from] Stealth Rock
|-ability|p1a: Aerodactyl|Pressure
|move|p2a: Landorus|Substitute|p2a: Landorus
|-start|p2a: Landorus|Substitute
|-damage|p2a: Landorus|34/100
|
|-weather|Sandstorm|[upkeep]
|-heal|p1a: Aerodactyl|82/100|[from] item: Leftovers
|-heal|p2a: Landorus|40/100|[from] item: Leftovers
|upkeep
|turn|22
|
|move|p2a: Landorus|Smack Down|p1a: Aerodactyl
|-supereffective|p1a: Aerodactyl
|-damage|p1a: Aerodactyl|28/100
|-start|p1a: Aerodactyl|Smack Down
|move|p1a: Aerodactyl|Roar|p2a: Landorus
|drag|p2a: Latios|Latios, M|100/100
|-damage|p2a: Latios|88/100|[from] Stealth Rock
|
|-weather|Sandstorm|[upkeep]
|-damage|p2a: Latios|82/100|[from] Sandstorm
|-heal|p1a: Aerodactyl|34/100|[from] item: Leftovers
|upkeep
|turn|23
|
|move|p1a: Aerodactyl|Roost|p1a: Aerodactyl
|-heal|p1a: Aerodactyl|84/100
|-singleturn|p1a: Aerodactyl|move: Roost
|move|p2a: Latios|Zen Headbutt|p1a: Aerodactyl
|-damage|p1a: Aerodactyl|34/100
|
|-weather|Sandstorm|[upkeep]
|-damage|p2a: Latios|76/100|[from] Sandstorm
|-heal|p1a: Aerodactyl|40/100|[from] item: Leftovers
|upkeep
|turn|24
|
|move|p1a: Aerodactyl|Roost|p1a: Aerodactyl
|-heal|p1a: Aerodactyl|90/100
|-singleturn|p1a: Aerodactyl|move: Roost
|move|p2a: Latios|Earthquake|p1a: Aerodactyl
|-enditem|p2a: Latios|Ground Gem|[from] gem
|-supereffective|p1a: Aerodactyl
|-damage|p1a: Aerodactyl|0 fnt
|faint|p1a: Aerodactyl
|
|-weather|Sandstorm|[upkeep]
|-damage|p2a: Latios|70/100|[from] Sandstorm
|upkeep
|
|switch|p1a: Skarmory|Skarmory, F|77/100
|-damage|p1a: Skarmory|65/100|[from] Stealth Rock
|turn|25
|
|switch|p2a: Excadrill|Excadrill, M|100/100
|-damage|p2a: Excadrill|97/100|[from] Stealth Rock
|-damage|p2a: Excadrill|85/100|[from] Spikes
|move|p1a: Skarmory|Roost|p1a: Skarmory
|-heal|p1a: Skarmory|100/100
|-singleturn|p1a: Skarmory|move: Roost
|
|-weather|Sandstorm|[upkeep]
|upkeep
|turn|26
|
|switch|p1a: Magnezone|Magnezone|94/100
|-damage|p1a: Magnezone|88/100|[from] Stealth Rock
|move|p2a: Excadrill|Rapid Spin|p1a: Magnezone
|-resisted|p1a: Magnezone
|-damage|p1a: Magnezone|84/100
|-sideend|p2: Damflame|Spikes|[from] move: Rapid Spin|[of] p2a: Excadrill
|-sideend|p2: Damflame|Stealth Rock|[from] move: Rapid Spin|[of] p2a: Excadrill
|
|-weather|Sandstorm|[upkeep]
|upkeep
|turn|27
|
|move|p2a: Excadrill|Rapid Spin|p1a: Magnezone
|-resisted|p1a: Magnezone
|-damage|p1a: Magnezone|80/100
|move|p1a: Magnezone|Hidden Power|p2a: Excadrill
|-supereffective|p2a: Excadrill
|-damage|p2a: Excadrill|0 fnt
|faint|p2a: Excadrill
|
|-weather|Sandstorm|[upkeep]
|upkeep
|
|switch|p2a: Landorus|Landorus-Therian, M|40/100
|-ability|p2a: Landorus|Intimidate|boost
|-unboost|p1a: Magnezone|atk|1
|turn|28
|
|switch|p1a: Skarmory|Skarmory, F|100/100
|-damage|p1a: Skarmory|88/100|[from] Stealth Rock
|move|p2a: Landorus|Earthquake|p1a: Skarmory
|-immune|p1a: Skarmory
|
|-weather|Sandstorm|[upkeep]
|-heal|p2a: Landorus|46/100|[from] item: Leftovers
|upkeep
|turn|29
|
|move|p2a: Landorus|Smack Down|p1a: Skarmory
|-crit|p1a: Skarmory
|-damage|p1a: Skarmory|64/100
|-start|p1a: Skarmory|Smack Down
|move|p1a: Skarmory|Brave Bird|p2a: Landorus
|-damage|p2a: Landorus|12/100
|-damage|p1a: Skarmory|52/100|[from] Recoil
|
|-weather|Sandstorm|[upkeep]
|-heal|p2a: Landorus|18/100|[from] item: Leftovers
|upkeep
|turn|30
|
|switch|p1a: Amoonguss|Amoonguss, M, shiny|100/100
|-damage|p1a: Amoonguss|88/100|[from] Stealth Rock
|move|p2a: Landorus|Earthquake|p1a: Amoonguss
|-damage|p1a: Amoonguss|31/100
|-enditem|p1a: Amoonguss|Sitrus Berry|[eat]
|-heal|p1a: Amoonguss|56/100|[from] item: Sitrus Berry
|
|-weather|Sandstorm|[upkeep]
|-damage|p1a: Amoonguss|50/100|[from] Sandstorm
|-heal|p2a: Landorus|24/100|[from] item: Leftovers
|upkeep
|turn|31
|
|move|p2a: Landorus|Earthquake|p1a: Amoonguss
|-damage|p1a: Amoonguss|0 fnt
|faint|p1a: Amoonguss
|
|-weather|Sandstorm|[upkeep]
|-heal|p2a: Landorus|30/100|[from] item: Leftovers
|upkeep
|
|switch|p1a: Skarmory|Skarmory, F|52/100
|-damage|p1a: Skarmory|40/100|[from] Stealth Rock
|turn|32
|
|switch|p2a: Jellicent|Jellicent, M|100/100
|move|p1a: Skarmory|Roost|p1a: Skarmory
|-heal|p1a: Skarmory|90/100
|-singleturn|p1a: Skarmory|move: Roost
|
|-weather|Sandstorm|[upkeep]
|-damage|p2a: Jellicent|94/100|[from] Sandstorm
|-heal|p2a: Jellicent|100/100|[from] item: Leftovers
|upkeep
|turn|33
|
|switch|p1a: Magnezone|Magnezone|80/100
|-damage|p1a: Magnezone|74/100|[from] Stealth Rock
|move|p2a: Jellicent|Taunt|p1a: Magnezone
|-start|p1a: Magnezone|move: Taunt
|
|-weather|Sandstorm|[upkeep]
|-damage|p2a: Jellicent|94/100|[from] Sandstorm
|-heal|p2a: Jellicent|100/100|[from] item: Leftovers
|upkeep
|turn|34
|
|switch|p2a: Latias|Latias, F|43/100
|move|p1a: Magnezone|Thunderbolt|p2a: Latias
|-resisted|p2a: Latias
|-damage|p2a: Latias|13/100
|
|-weather|Sandstorm|[upkeep]
|-damage|p2a: Latias|7/100|[from] Sandstorm
|-heal|p2a: Latias|13/100|[from] item: Leftovers
|upkeep
|turn|35
|
|switch|p1a: Excadrill|Excadrill, M|75/100
|-damage|p1a: Excadrill|72/100|[from] Stealth Rock
|-ability|p1a: Excadrill|Mold Breaker
|move|p2a: Latias|Recover|p2a: Latias
|-heal|p2a: Latias|64/100
|
|-weather|Sandstorm|[upkeep]
|-damage|p2a: Latias|58/100|[from] Sandstorm
|-heal|p2a: Latias|64/100|[from] item: Leftovers
|-heal|p1a: Excadrill|79/100|[from] item: Leftovers
|upkeep
|turn|36
|
|switch|p2a: Jellicent|Jellicent, M|100/100
|move|p1a: Excadrill|Rapid Spin|p2a: Jellicent
|-immune|p2a: Jellicent
|
|-weather|Sandstorm|[upkeep]
|-damage|p2a: Jellicent|94/100|[from] Sandstorm
|-heal|p1a: Excadrill|85/100|[from] item: Leftovers
|-heal|p2a: Jellicent|100/100|[from] item: Leftovers
|upkeep
|turn|37
|
|switch|p1a: Magnezone|Magnezone|74/100
|-damage|p1a: Magnezone|68/100|[from] Stealth Rock
|move|p2a: Jellicent|Will-O-Wisp|p1a: Magnezone
|-status|p1a: Magnezone|brn
|
|-weather|Sandstorm|[upkeep]
|-damage|p2a: Jellicent|94/100|[from] Sandstorm
|-heal|p2a: Jellicent|100/100|[from] item: Leftovers
|-damage|p1a: Magnezone|55/100 brn|[from] brn
|upkeep
|turn|38
|
|switch|p2a: Latias|Latias, F|64/100
|move|p1a: Magnezone|Flash Cannon|p2a: Latias
|-damage|p2a: Latias|21/100
|
|-weather|Sandstorm|[upkeep]
|-damage|p2a: Latias|15/100|[from] Sandstorm
|-heal|p2a: Latias|21/100|[from] item: Leftovers
|-damage|p1a: Magnezone|43/100 brn|[from] brn
|upkeep
|turn|39
|
|switch|p1a: Excadrill|Excadrill, M|85/100
|-damage|p1a: Excadrill|82/100|[from] Stealth Rock
|-ability|p1a: Excadrill|Mold Breaker
|move|p2a: Latias|Recover|p2a: Latias
|-heal|p2a: Latias|71/100
|
|-weather|Sandstorm|[upkeep]
|-damage|p2a: Latias|65/100|[from] Sandstorm
|-heal|p2a: Latias|71/100|[from] item: Leftovers
|-heal|p1a: Excadrill|88/100|[from] item: Leftovers
|upkeep
|turn|40
|
|move|p2a: Latias|Dragon Pulse|p1a: Excadrill
|-resisted|p1a: Excadrill
|-damage|p1a: Excadrill|69/100
|move|p1a: Excadrill|Swords Dance|p1a: Excadrill
|-boost|p1a: Excadrill|atk|2
|
|-weather|Sandstorm|[upkeep]
|-damage|p2a: Latias|65/100|[from] Sandstorm
|-heal|p2a: Latias|71/100|[from] item: Leftovers
|-heal|p1a: Excadrill|76/100|[from] item: Leftovers
|upkeep
|turn|41
|
|move|p2a: Latias|Dragon Pulse|p1a: Excadrill
|-resisted|p1a: Excadrill
|-damage|p1a: Excadrill|59/100
|move|p1a: Excadrill|Rapid Spin|p2a: Latias
|-damage|p2a: Latias|56/100
|-sideend|p1: Gh0st of Perdition|Stealth Rock|[from] move: Rapid Spin|[of] p1a: Excadrill
|
|-weather|Sandstorm|[upkeep]
|-damage|p2a: Latias|50/100|[from] Sandstorm
|-heal|p2a: Latias|56/100|[from] item: Leftovers
|-heal|p1a: Excadrill|65/100|[from] item: Leftovers
|upkeep
|turn|42
|
|move|p2a: Latias|Dragon Pulse|p1a: Excadrill
|-resisted|p1a: Excadrill
|-damage|p1a: Excadrill|49/100
|move|p1a: Excadrill|Earthquake|p2a: Latias
|-damage|p2a: Latias|0 fnt
|faint|p2a: Latias
|
|-weather|Sandstorm|[upkeep]
|-heal|p1a: Excadrill|55/100|[from] item: Leftovers
|upkeep
|
|switch|p2a: Latios|Latios, M|70/100
|turn|43
|
|switch|p1a: Skarmory|Skarmory, F|90/100
|move|p2a: Latios|Earthquake|p1a: Skarmory
|-immune|p1a: Skarmory
|
|-weather|Sandstorm|[upkeep]
|-damage|p2a: Latios|64/100|[from] Sandstorm
|upkeep
|turn|44
|
|move|p2a: Latios|Earthquake|p1a: Skarmory
|-immune|p1a: Skarmory
|move|p1a: Skarmory|Spikes|p2a: Latios
|-sidestart|p2: Damflame|Spikes
|
|-weather|Sandstorm|[upkeep]
|-damage|p2a: Latios|58/100|[from] Sandstorm
|upkeep
|turn|45
|
|switch|p2a: Jellicent|Jellicent, M|100/100
|-damage|p2a: Jellicent|88/100|[from] Spikes
|switch|p1a: Magnezone|Magnezone|43/100 brn
|
|-weather|Sandstorm|[upkeep]
|-damage|p2a: Jellicent|82/100|[from] Sandstorm
|-heal|p2a: Jellicent|88/100|[from] item: Leftovers
|-damage|p1a: Magnezone|30/100 brn|[from] brn
|upkeep
|turn|46
|
|switch|p2a: Latios|Latios, M|58/100
|move|p1a: Magnezone|Thunderbolt|p2a: Latios
|-resisted|p2a: Latios
|-damage|p2a: Latios|20/100
|
|-weather|Sandstorm|[upkeep]
|-damage|p2a: Latios|14/100|[from] Sandstorm
|-damage|p1a: Magnezone|18/100 brn|[from] brn
|upkeep
|turn|47
|
|switch|p2a: Landorus|Landorus-Therian, M|30/100
|-ability|p2a: Landorus|Intimidate|boost
|-unboost|p1a: Magnezone|atk|1
|switch|p1a: Skarmory|Skarmory, F|90/100
|
|-weather|Sandstorm|[upkeep]
|-heal|p2a: Landorus|37/100|[from] item: Leftovers
|upkeep
|turn|48
|
|move|p2a: Landorus|Smack Down|p1a: Skarmory
|-damage|p1a: Skarmory|78/100
|-start|p1a: Skarmory|Smack Down
|move|p1a: Skarmory|Brave Bird|p2a: Landorus
|-damage|p2a: Landorus|3/100
|-damage|p1a: Skarmory|67/100|[from] Recoil
|
|-weather|Sandstorm|[upkeep]
|-heal|p2a: Landorus|9/100|[from] item: Leftovers
|upkeep
|turn|49
|
|move|p2a: Landorus|Earthquake|p1a: Skarmory
|-supereffective|p1a: Skarmory
|-damage|p1a: Skarmory|1/100
|move|p1a: Skarmory|Brave Bird|p2a: Landorus
|-damage|p2a: Landorus|0 fnt
|-damage|p1a: Skarmory|0 fnt|[from] Recoil
|faint|p2a: Landorus
|faint|p1a: Skarmory
|
|-weather|Sandstorm|[upkeep]
|upkeep
|
|switch|p2a: Latios|Latios, M|14/100
|switch|p1a: Excadrill|Excadrill, M|55/100
|-ability|p1a: Excadrill|Mold Breaker
|turn|50
|
|move|p1a: Excadrill|Protect|p1a: Excadrill
|-singleturn|p1a: Excadrill|Protect
|move|p2a: Latios|Earthquake|p1a: Excadrill
|-activate|p1a: Excadrill|move: Protect
|
|-weather|Sandstorm|[upkeep]
|-damage|p2a: Latios|8/100|[from] Sandstorm
|-heal|p1a: Excadrill|61/100|[from] item: Leftovers
|upkeep
|turn|51
|
|move|p1a: Excadrill|Protect|p1a: Excadrill
|-singleturn|p1a: Excadrill|Protect
|move|p2a: Latios|Earthquake|p1a: Excadrill
|-activate|p1a: Excadrill|move: Protect
|
|-weather|Sandstorm|[upkeep]
|-damage|p2a: Latios|2/100|[from] Sandstorm
|-heal|p1a: Excadrill|68/100|[from] item: Leftovers
|upkeep
|turn|52
|
|move|p2a: Latios|Earthquake|p1a: Excadrill
|-supereffective|p1a: Excadrill
|-damage|p1a: Excadrill|0 fnt
|faint|p1a: Excadrill
|
|-weather|Sandstorm|[upkeep]
|-damage|p2a: Latios|0 fnt|[from] Sandstorm
|faint|p2a: Latios
|upkeep
|
|switch|p2a: Jellicent|Jellicent, M|88/100
|switch|p1a: Magnezone|Magnezone|18/100 brn
|-damage|p2a: Jellicent|76/100|[from] Spikes
|turn|53
|
|move|p1a: Magnezone|Thunderbolt|p2a: Jellicent
|-supereffective|p2a: Jellicent
|-damage|p2a: Jellicent|0 fnt
|faint|p2a: Jellicent
|
|win|Gh0st of Perdition
|raw|Gh0st of Perdition's rating: 1548 &rarr; <strong>1557</strong><br />(+9 for winning)
|raw|Damflame's rating: 1339 &rarr; <strong>1330</strong><br />(-9 for losing)
