|j|☆Iryion
|j|☆killerfishsandiego
|t:|1731129827
|gametype|singles
|player|p1|Iryion|265|1323
|player|p2|killerfishsandiego|1|1544
|teamsize|p1|6
|teamsize|p2|6
|gen|5
|tier|[Gen 5] OU
|rated|
|rule|Species Clause: Limit one of each Pokémon
|rule|OHKO Clause: OHKO moves are banned
|rule|Moody Clause: Moody is banned
|rule|Evasion Items Clause: Evasion items are banned
|rule|Evasion Moves Clause: Evasion moves are banned
|rule|Endless Battle Clause: Forcing endless battles is banned
|rule|HP Percentage Mod: HP is shown in percentages
|rule|Evasion Abilities Clause: Evasion abilities are banned
|rule|Sleep Moves Clause: Sleep-inducing moves are banned
|rule|Swagger Clause: Swagger is banned
|rule|Baton Pass Stat Clause: No Baton Passer may have a way to boost its stats
|clearpoke
|poke|p1|Tyranitar, M|item
|poke|p1|Landorus-Therian, M|item
|poke|p1|Jellicent, M|item
|poke|p1|Excadrill, M|item
|poke|p1|Reuniclus, M|item
|poke|p1|Keldeo|item
|poke|p2|Tyranitar, M|item
|poke|p2|Rotom-Heat|item
|poke|p2|Terrakion|item
|poke|p2|Alakazam, M|item
|poke|p2|Jellicent, M|item
|poke|p2|Forretress, L99, M|item
|teampreview
|inactive|Battle timer is ON: inactive players will automatically lose when time's up. (requested by killerfishsandiego)
|
|t:|1731129850
|start
|switch|p1a: Jellicent|Jellicent, M|100/100
|switch|p2a: Forretress|Forretress, L99, M|100/100
|turn|1
|
|t:|1731129857
|move|p1a: Jellicent|Taunt|p2a: Forretress
|-start|p2a: Forretress|move: Taunt
|move|p2a: Forretress|Volt Switch|p1a: Jellicent
|-supereffective|p1a: Jellicent
|-damage|p1a: Jellicent|83/100
|
|t:|1731129866
|switch|p2a: Rotom|Rotom-Heat|100/100|[from] Volt Switch
|
|-heal|p1a: Jellicent|89/100|[from] item: Leftovers
|upkeep
|turn|2
|
|t:|1731129886
|switch|p1a: Tyranitar|Tyranitar, M|100/100
|-weather|Sandstorm|[from] ability: Sand Stream|[of] p1a: Tyranitar
|move|p2a: Rotom|Volt Switch|p1a: Tyranitar
|-damage|p1a: Tyranitar|87/100
|
|t:|1731129892
|switch|p2a: Forretress|Forretress, L99, M|100/100|[from] Volt Switch
|
|-weather|Sandstorm|[upkeep]
|upkeep
|turn|3
|
|t:|1731129901
|switch|p1a: Excadrill|Excadrill, M|100/100
|-ability|p1a: Excadrill|Mold Breaker
|move|p2a: Forretress|Stealth Rock|p1a: Excadrill
|-sidestart|p1: Iryion|move: Stealth Rock
|
|-weather|Sandstorm|[upkeep]
|upkeep
|turn|4
|
|t:|1731129920
|switch|p1a: Tyranitar|Tyranitar, M|87/100
|-damage|p1a: Tyranitar|74/100|[from] Stealth Rock
|move|p2a: Forretress|Spikes|p1a: Tyranitar
|-sidestart|p1: Iryion|Spikes
|
|-weather|Sandstorm|[upkeep]
|upkeep
|turn|5
|
|t:|1731129933
|switch|p1a: Excadrill|Excadrill, M|100/100
|-damage|p1a: Excadrill|97/100|[from] Stealth Rock
|-damage|p1a: Excadrill|85/100|[from] Spikes
|-ability|p1a: Excadrill|Mold Breaker
|move|p2a: Forretress|Spikes|p1a: Excadrill
|-sidestart|p1: Iryion|Spikes
|
|-weather|Sandstorm|[upkeep]
|-heal|p1a: Excadrill|91/100|[from] item: Leftovers
|upkeep
|turn|6
|
|t:|1731129935
|switch|p2a: Jellicent|Jellicent, M|100/100
|-item|p2a: Jellicent|Air Balloon
|move|p1a: Excadrill|Rapid Spin|p2a: Jellicent
|-immune|p2a: Jellicent
|
|-weather|Sandstorm|[upkeep]
|-damage|p2a: Jellicent|94/100|[from] Sandstorm
|-heal|p1a: Excadrill|97/100|[from] item: Leftovers
|upkeep
|turn|7
|
|t:|1731129950
|switch|p1a: Reuniclus|Reuniclus, M|100/100
|move|p2a: Jellicent|Hydro Pump|p1a: Reuniclus
|-damage|p1a: Reuniclus|55/100
|
|-weather|Sandstorm|[upkeep]
|-damage|p2a: Jellicent|88/100|[from] Sandstorm
|-heal|p1a: Reuniclus|61/100|[from] item: Leftovers
|upkeep
|turn|8
|
|t:|1731129964
|move|p2a: Jellicent|Shadow Ball|p1a: Reuniclus
|-supereffective|p1a: Reuniclus
|-damage|p1a: Reuniclus|0 fnt
|faint|p1a: Reuniclus
|
|-weather|Sandstorm|[upkeep]
|-damage|p2a: Jellicent|82/100|[from] Sandstorm
|upkeep
|
|t:|1731129972
|switch|p1a: Landorus|Landorus-Therian, M|100/100
|-damage|p1a: Landorus|88/100|[from] Stealth Rock
|-ability|p1a: Landorus|Intimidate|boost
|-unboost|p2a: Jellicent|atk|1
|turn|9
|
|t:|1731129978
|switch|p2a: Rotom|Rotom-Heat|100/100
|move|p1a: Landorus|U-turn|p2a: Rotom
|-resisted|p2a: Rotom
|-damage|p2a: Rotom|89/100
|
|t:|1731129995
|switch|p1a: Tyranitar|Tyranitar, M|74/100|[from] U-turn
|-damage|p1a: Tyranitar|62/100|[from] Stealth Rock
|-damage|p1a: Tyranitar|45/100|[from] Spikes
|
|-weather|Sandstorm|[upkeep]
|-damage|p2a: Rotom|83/100|[from] Sandstorm
|-heal|p2a: Rotom|89/100|[from] item: Leftovers
|upkeep
|turn|10
|
|t:|1731130000
|move|p2a: Rotom|Volt Switch|p1a: Tyranitar
|-damage|p1a: Tyranitar|31/100
|-activate|p2a: Rotom|move: Pursuit
|move|p1a: Tyranitar|Pursuit|p2a: Rotom|[from]Pursuit
|-damage|p2a: Rotom|38/100
|
|t:|1731130020
|switch|p2a: Terrakion|Terrakion|100/100|[from] Volt Switch
|
|-weather|Sandstorm|[upkeep]
|upkeep
|turn|11
|
|t:|1731130027
|switch|p1a: Jellicent|Jellicent, M|89/100
|-damage|p1a: Jellicent|77/100|[from] Stealth Rock
|-damage|p1a: Jellicent|60/100|[from] Spikes
|move|p2a: Terrakion|Hidden Power|p1a: Jellicent
|-resisted|p1a: Jellicent
|-damage|p1a: Jellicent|55/100
|
|-weather|Sandstorm|[upkeep]
|-damage|p1a: Jellicent|49/100|[from] Sandstorm
|-heal|p1a: Jellicent|55/100|[from] item: Leftovers
|upkeep
|turn|12
|
|t:|1731130041
|switch|p2a: Tyranitar|Tyranitar, M|100/100
|move|p1a: Jellicent|Recover|p1a: Jellicent
|-heal|p1a: Jellicent|100/100
|
|-weather|Sandstorm|[upkeep]
|-damage|p1a: Jellicent|94/100|[from] Sandstorm
|-heal|p1a: Jellicent|100/100|[from] item: Leftovers
|upkeep
|turn|13
|
|t:|1731130051
|move|p1a: Jellicent|Will-O-Wisp|p2a: Tyranitar
|-status|p2a: Tyranitar|brn
|move|p2a: Tyranitar|Crunch|p1a: Jellicent
|-supereffective|p1a: Jellicent
|-crit|p1a: Jellicent
|-damage|p1a: Jellicent|28/100
|
|-weather|Sandstorm|[upkeep]
|-damage|p1a: Jellicent|21/100|[from] Sandstorm
|-heal|p1a: Jellicent|28/100|[from] item: Leftovers
|-damage|p2a: Tyranitar|88/100 brn|[from] brn
|upkeep
|turn|14
|
|t:|1731130061
|move|p1a: Jellicent|Recover|p1a: Jellicent
|-heal|p1a: Jellicent|78/100
|move|p2a: Tyranitar|Thunder Wave|p1a: Jellicent
|-status|p1a: Jellicent|par
|
|-weather|Sandstorm|[upkeep]
|-damage|p1a: Jellicent|71/100 par|[from] Sandstorm
|-heal|p1a: Jellicent|78/100 par|[from] item: Leftovers
|-damage|p2a: Tyranitar|76/100 brn|[from] brn
|upkeep
|turn|15
|
|t:|1731130073
|switch|p1a: Excadrill|Excadrill, M|97/100
|-damage|p1a: Excadrill|94/100|[from] Stealth Rock
|-damage|p1a: Excadrill|78/100|[from] Spikes
|-ability|p1a: Excadrill|Mold Breaker
|move|p2a: Tyranitar|Dragon Tail|p1a: Excadrill
|-resisted|p1a: Excadrill
|-damage|p1a: Excadrill|71/100
|drag|p1a: Tyranitar|Tyranitar, M|31/100
|-damage|p1a: Tyranitar|19/100|[from] Stealth Rock
|-damage|p1a: Tyranitar|2/100|[from] Spikes
|
|-weather|Sandstorm|[upkeep]
|-damage|p2a: Tyranitar|63/100 brn|[from] brn
|upkeep
|turn|16
|
|t:|1731130090
|switch|p2a: Forretress|Forretress, L99, M|100/100
|move|p1a: Tyranitar|Superpower|p2a: Forretress
|-damage|p2a: Forretress|72/100
|-unboost|p1a: Tyranitar|atk|1
|-unboost|p1a: Tyranitar|def|1
|
|-weather|Sandstorm|[upkeep]
|upkeep
|turn|17
|
|t:|1731130102
|switch|p2a: Rotom|Rotom-Heat|38/100
|move|p1a: Tyranitar|Superpower|p2a: Rotom
|-damage|p2a: Rotom|4/100
|-unboost|p1a: Tyranitar|atk|1
|-unboost|p1a: Tyranitar|def|1
|
|-weather|Sandstorm|[upkeep]
|-damage|p2a: Rotom|0 fnt|[from] Sandstorm
|faint|p2a: Rotom
|upkeep
|
|t:|1731130108
|switch|p2a: Alakazam|Alakazam, M|100/100
|turn|18
|
|t:|1731130116
|move|p2a: Alakazam|Hidden Power|p1a: Tyranitar
|-damage|p1a: Tyranitar|0 fnt
|faint|p1a: Tyranitar
|
|-weather|Sandstorm|[upkeep]
|upkeep
|
|t:|1731130126
|switch|p1a: Excadrill|Excadrill, M|71/100
|-damage|p1a: Excadrill|68/100|[from] Stealth Rock
|-damage|p1a: Excadrill|51/100|[from] Spikes
|-ability|p1a: Excadrill|Mold Breaker
|turn|19
|
|t:|1731130135
|switch|p2a: Jellicent|Jellicent, M|82/100
|-item|p2a: Jellicent|Air Balloon
|move|p1a: Excadrill|Rapid Spin|p2a: Jellicent
|-immune|p2a: Jellicent
|
|-weather|Sandstorm|[upkeep]
|-damage|p2a: Jellicent|76/100|[from] Sandstorm
|-heal|p1a: Excadrill|57/100|[from] item: Leftovers
|upkeep
|turn|20
|
|t:|1731130150
|move|p1a: Excadrill|Iron Head|p2a: Jellicent
|-resisted|p2a: Jellicent
|-damage|p2a: Jellicent|53/100
|-enditem|p2a: Jellicent|Air Balloon
|move|p2a: Jellicent|Hydro Pump|p1a: Excadrill|[miss]
|-miss|p2a: Jellicent|p1a: Excadrill
|
|-weather|Sandstorm|[upkeep]
|-damage|p2a: Jellicent|47/100|[from] Sandstorm
|-heal|p1a: Excadrill|63/100|[from] item: Leftovers
|upkeep
|turn|21
|j| weather type
|
|t:|1731130159
|move|p1a: Excadrill|Earthquake|p2a: Jellicent
|-damage|p2a: Jellicent|0 fnt
|faint|p2a: Jellicent
|
|-weather|Sandstorm|[upkeep]
|-heal|p1a: Excadrill|69/100|[from] item: Leftovers
|upkeep
|
|t:|1731130160
|switch|p2a: Terrakion|Terrakion|100/100
|turn|22
|
|t:|1731130165
|switch|p1a: Jellicent|Jellicent, M|78/100 par
|-damage|p1a: Jellicent|65/100 par|[from] Stealth Rock
|-damage|p1a: Jellicent|49/100 par|[from] Spikes
|move|p2a: Terrakion|Close Combat|p1a: Jellicent
|-immune|p1a: Jellicent
|
|-weather|Sandstorm|[upkeep]
|-damage|p1a: Jellicent|42/100 par|[from] Sandstorm
|-heal|p1a: Jellicent|49/100 par|[from] item: Leftovers
|upkeep
|turn|23
|
|t:|1731130178
|switch|p2a: Alakazam|Alakazam, M|100/100
|move|p1a: Jellicent|Night Shade|p2a: Alakazam
|-damage|p2a: Alakazam|61/100
|
|-weather|Sandstorm|[upkeep]
|-damage|p1a: Jellicent|42/100 par|[from] Sandstorm
|-heal|p1a: Jellicent|49/100 par|[from] item: Leftovers
|upkeep
|turn|24
|
|t:|1731130193
|move|p2a: Alakazam|Psyshock|p1a: Jellicent
|-damage|p1a: Jellicent|5/100 par
|cant|p1a: Jellicent|par
|
|-weather|Sandstorm|[upkeep]
|-damage|p1a: Jellicent|0 fnt|[from] Sandstorm
|faint|p1a: Jellicent
|upkeep
|
|t:|1731130211
|switch|p1a: Keldeo|Keldeo|100/100
|-damage|p1a: Keldeo|94/100|[from] Stealth Rock
|-damage|p1a: Keldeo|78/100|[from] Spikes
|turn|25
|
|t:|1731130223
|switch|p2a: Forretress|Forretress, L99, M|72/100
|move|p1a: Keldeo|Secret Sword|p2a: Forretress
|-damage|p2a: Forretress|40/100
|
|-weather|Sandstorm|[upkeep]
|-damage|p1a: Keldeo|72/100|[from] Sandstorm
|upkeep
|turn|26
|
|t:|1731130238
|switch|p1a: Excadrill|Excadrill, M|69/100
|-damage|p1a: Excadrill|66/100|[from] Stealth Rock
|-damage|p1a: Excadrill|50/100|[from] Spikes
|-ability|p1a: Excadrill|Mold Breaker
|switch|p2a: Alakazam|Alakazam, M|61/100
|
|-weather|Sandstorm|[upkeep]
|-heal|p1a: Excadrill|56/100|[from] item: Leftovers
|upkeep
|turn|27
|
|t:|1731130253
|move|p2a: Alakazam|Focus Blast|p1a: Excadrill
|-supereffective|p1a: Excadrill
|-damage|p1a: Excadrill|0 fnt
|faint|p1a: Excadrill
|
|-weather|Sandstorm|[upkeep]
|upkeep
|
|t:|1731130256
|switch|p1a: Keldeo|Keldeo|72/100
|-damage|p1a: Keldeo|66/100|[from] Stealth Rock
|-damage|p1a: Keldeo|49/100|[from] Spikes
|turn|28
|
|t:|1731130263
|switch|p2a: Forretress|Forretress, L99, M|40/100
|move|p1a: Keldeo|Secret Sword|p2a: Forretress
|-damage|p2a: Forretress|6/100
|
|-weather|Sandstorm|[upkeep]
|-damage|p1a: Keldeo|43/100|[from] Sandstorm
|upkeep
|turn|29
|-enditem|p2a: Forretress|Custap Berry|[eat]
|-activate|p2a: Forretress|item: Custap Berry|[consumed]
|
|t:|1731130269
|move|p2a: Forretress|Volt Switch|p1a: Keldeo
|-supereffective|p1a: Keldeo
|-crit|p1a: Keldeo
|-damage|p1a: Keldeo|0 fnt
|faint|p1a: Keldeo
|
|t:|1731130274
|switch|p2a: Terrakion|Terrakion|100/100|[from] Volt Switch
|
|-weather|Sandstorm|[upkeep]
|upkeep
|-message|Iryion forfeited.
|
|win|killerfishsandiego
|raw|Iryion's rating: 1323 &rarr; <strong>1314</strong><br />(-9 for losing)
|raw|killerfishsandiego's rating: 1544 &rarr; <strong>1553</strong><br />(+9 for winning)
|l|☆Iryion
|player|p1|
