|j|☆seanb143
|j|☆leoperi99
|t:|1710370098
|gametype|singles
|player|p1|seanb143|emmet|1395
|player|p2|leoperi99|blue-lgpe|1452
|teamsize|p1|6
|teamsize|p2|6
|gen|5
|tier|[Gen 5] OU
|rated|
|rule|Species Clause: Limit one of each Pokémon
|rule|OHKO Clause: OHKO moves are banned
|rule|Moody Clause: Moody is banned
|rule|Evasion Items Clause: Evasion items are banned
|rule|Evasion Moves Clause: Evasion moves are banned
|rule|Endless Battle Clause: Forcing endless battles is banned
|rule|HP Percentage Mod: HP is shown in percentages
|rule|Evasion Abilities Clause: Evasion abilities are banned
|rule|Sleep Moves Clause: Sleep-inducing moves are banned
|rule|Swagger Clause: Swagger is banned
|rule|Baton Pass Stat Clause: No Baton Passer may have a way to boost its stats
|clearpoke
|poke|p1|Whimsicott, F|item
|poke|p1|Exeggutor, F|item
|poke|p1|Heatran, M|item
|poke|p1|Landorus-Therian, M|item
|poke|p1|Forretress, F|item
|poke|p1|Dusclops, F|item
|poke|p2|Heatran, M|item
|poke|p2|Tyranitar, M|item
|poke|p2|Rotom-Wash|item
|poke|p2|Latios, M|item
|poke|p2|Landorus-Therian, M|item
|poke|p2|Excadrill, F|item
|teampreview
|inactive|Battle timer is ON: inactive players will automatically lose when time's up. (requested by seanb143)
|
|t:|1710370115
|start
|switch|p1a: Whimsicott|Whimsicott, F, shiny|100/100
|switch|p2a: Landorus|Landorus-Therian, M|100/100
|-ability|p2a: Landorus|Intimidate|boost
|-unboost|p1a: Whimsicott|atk|1
|turn|1
|
|t:|1710370126
|switch|p2a: Tyranitar|Tyranitar, M|100/100
|-weather|Sandstorm|[from] ability: Sand Stream|[of] p2a: Tyranitar
|move|p1a: Whimsicott|Substitute|p1a: Whimsicott
|-start|p1a: Whimsicott|Substitute
|-damage|p1a: Whimsicott|76/100
|
|-weather|Sandstorm|[upkeep]
|-damage|p1a: Whimsicott|70/100|[from] Sandstorm
|upkeep
|turn|2
|
|t:|1710370129
|move|p1a: Whimsicott|Leech Seed|p2a: Tyranitar
|-start|p2a: Tyranitar|move: Leech Seed
|move|p2a: Tyranitar|Crunch|p1a: Whimsicott
|-end|p1a: Whimsicott|Substitute
|
|-weather|Sandstorm|[upkeep]
|-damage|p1a: Whimsicott|63/100|[from] Sandstorm
|-damage|p2a: Tyranitar|88/100|[from] Leech Seed|[of] p1a: Whimsicott
|-heal|p1a: Whimsicott|79/100|[silent]
|upkeep
|turn|3
|
|t:|1710370137
|move|p1a: Whimsicott|Substitute|p1a: Whimsicott
|-start|p1a: Whimsicott|Substitute
|-damage|p1a: Whimsicott|54/100
|move|p2a: Tyranitar|Pursuit|p1a: Whimsicott
|-activate|p1a: Whimsicott|Substitute|[damage]
|
|-weather|Sandstorm|[upkeep]
|-damage|p1a: Whimsicott|48/100|[from] Sandstorm
|-damage|p2a: Tyranitar|76/100|[from] Leech Seed|[of] p1a: Whimsicott
|-heal|p1a: Whimsicott|63/100|[silent]
|upkeep
|turn|4
|
|t:|1710370141
|move|p1a: Whimsicott|Sunny Day|p1a: Whimsicott
|-weather|SunnyDay
|move|p2a: Tyranitar|Crunch|p1a: Whimsicott
|-end|p1a: Whimsicott|Substitute
|
|-weather|SunnyDay|[upkeep]
|-damage|p2a: Tyranitar|63/100|[from] Leech Seed|[of] p1a: Whimsicott
|-heal|p1a: Whimsicott|79/100|[silent]
|upkeep
|turn|5
|
|t:|1710370150
|switch|p1a: Landorus|Landorus-Therian, M, shiny|100/100
|-ability|p1a: Landorus|Intimidate|boost
|-unboost|p2a: Tyranitar|atk|1
|switch|p2a: Landorus|Landorus-Therian, M|100/100
|-ability|p2a: Landorus|Intimidate|boost
|-unboost|p1a: Landorus|atk|1
|
|-weather|SunnyDay|[upkeep]
|upkeep
|turn|6
|
|t:|1710370162
|move|p2a: Landorus|Stealth Rock|p1a: Landorus
|-sidestart|p1: seanb143|move: Stealth Rock
|move|p1a: Landorus|U-turn|p2a: Landorus
|-resisted|p2a: Landorus
|-damage|p2a: Landorus|90/100
|
|t:|1710370167
|switch|p1a: Forretress|Forretress, F, shiny|100/100|[from] U-turn
|-damage|p1a: Forretress|88/100|[from] Stealth Rock
|
|-weather|SunnyDay|[upkeep]
|-heal|p1a: Forretress|94/100|[from] item: Leftovers
|upkeep
|turn|7
|
|t:|1710370172
|switch|p2a: Rotom|Rotom-Wash|100/100
|move|p1a: Forretress|Rapid Spin|p2a: Rotom
|-damage|p2a: Rotom|98/100
|-sideend|p1: seanb143|Stealth Rock|[from] move: Rapid Spin|[of] p1a: Forretress
|
|-weather|SunnyDay|[upkeep]
|-heal|p2a: Rotom|100/100|[from] item: Leftovers
|-heal|p1a: Forretress|100/100|[from] item: Leftovers
|upkeep
|turn|8
|
|t:|1710370184
|switch|p1a: Heatran|Heatran, M, shiny|100/100
|move|p2a: Rotom|Volt Switch|p1a: Heatran
|-damage|p1a: Heatran|85/100
|
|t:|1710370191
|switch|p2a: Tyranitar|Tyranitar, M|63/100|[from] Volt Switch
|-weather|Sandstorm|[from] ability: Sand Stream|[of] p2a: Tyranitar
|
|-weather|Sandstorm|[upkeep]
|-heal|p1a: Heatran|91/100|[from] item: Leftovers
|upkeep
|turn|9
|
|t:|1710370197
|switch|p1a: Landorus|Landorus-Therian, M, shiny|100/100
|-ability|p1a: Landorus|Intimidate|boost
|-unboost|p2a: Tyranitar|atk|1
|move|p2a: Tyranitar|Superpower|p1a: Landorus
|-resisted|p1a: Landorus
|-damage|p1a: Landorus|86/100
|-unboost|p2a: Tyranitar|atk|1
|-unboost|p2a: Tyranitar|def|1
|
|-weather|Sandstorm|[upkeep]
|upkeep
|turn|10
|
|t:|1710370202
|switch|p2a: Rotom|Rotom-Wash|100/100
|move|p1a: Landorus|U-turn|p2a: Rotom
|-damage|p2a: Rotom|77/100
|
|t:|1710370211
|switch|p1a: Whimsicott|Whimsicott, F, shiny|79/100|[from] U-turn
|
|-weather|Sandstorm|[upkeep]
|-damage|p1a: Whimsicott|73/100|[from] Sandstorm
|-damage|p2a: Rotom|71/100|[from] Sandstorm
|-heal|p2a: Rotom|77/100|[from] item: Leftovers
|upkeep
|turn|11
|
|t:|1710370213
|move|p1a: Whimsicott|Substitute|p1a: Whimsicott
|-start|p1a: Whimsicott|Substitute
|-damage|p1a: Whimsicott|48/100
|move|p2a: Rotom|Volt Switch|p1a: Whimsicott
|-resisted|p1a: Whimsicott
|-activate|p1a: Whimsicott|Substitute|[damage]
|
|t:|1710370215
|switch|p2a: Landorus|Landorus-Therian, M|90/100|[from] Volt Switch
|-ability|p2a: Landorus|Intimidate|boost
|-immune|p1a: Whimsicott
|
|-weather|Sandstorm|[upkeep]
|-damage|p1a: Whimsicott|42/100|[from] Sandstorm
|upkeep
|turn|12
|
|t:|1710370223
|move|p1a: Whimsicott|Sunny Day|p1a: Whimsicott
|-weather|SunnyDay
|move|p2a: Landorus|U-turn|p1a: Whimsicott
|-supereffective|p1a: Whimsicott
|-end|p1a: Whimsicott|Substitute
|
|t:|1710370228
|switch|p2a: Heatran|Heatran, M, shiny|100/100|[from] U-turn
|-item|p2a: Heatran|Air Balloon
|
|-weather|SunnyDay|[upkeep]
|upkeep
|turn|13
|
|t:|1710370232
|switch|p1a: Heatran|Heatran, M, shiny|91/100
|move|p2a: Heatran|Hidden Power|p1a: Heatran
|-resisted|p1a: Heatran
|-damage|p1a: Heatran|87/100
|
|-weather|SunnyDay|[upkeep]
|-heal|p1a: Heatran|94/100|[from] item: Leftovers
|upkeep
|turn|14
|
|t:|1710370236
|switch|p2a: Tyranitar|Tyranitar, M|63/100
|-weather|Sandstorm|[from] ability: Sand Stream|[of] p2a: Tyranitar
|move|p1a: Heatran|Stealth Rock|p2a: Tyranitar
|-sidestart|p2: leoperi99|move: Stealth Rock
|
|-weather|Sandstorm|[upkeep]
|-heal|p1a: Heatran|99/100|[from] item: Leftovers
|upkeep
|turn|15
|
|t:|1710370243
|switch|p1a: Forretress|Forretress, F, shiny|100/100
|switch|p2a: Landorus|Landorus-Therian, M|90/100
|-damage|p2a: Landorus|78/100|[from] Stealth Rock
|-ability|p2a: Landorus|Intimidate|boost
|-unboost|p1a: Forretress|atk|1
|
|-weather|Sandstorm|[upkeep]
|upkeep
|turn|16
|
|t:|1710370253
|move|p2a: Landorus|Stealth Rock|p1a: Forretress
|-sidestart|p1: seanb143|move: Stealth Rock
|move|p1a: Forretress|Toxic Spikes|p2a: Landorus
|-sidestart|p2: leoperi99|move: Toxic Spikes
|
|-weather|Sandstorm|[upkeep]
|upkeep
|turn|17
|
|t:|1710370256
|switch|p2a: Excadrill|Excadrill, F|100/100
|-damage|p2a: Excadrill|97/100|[from] Stealth Rock
|move|p1a: Forretress|Rapid Spin|p2a: Excadrill
|-resisted|p2a: Excadrill
|-damage|p2a: Excadrill|96/100
|-sideend|p1: seanb143|Stealth Rock|[from] move: Rapid Spin|[of] p1a: Forretress
|
|-weather|Sandstorm|[upkeep]
|-heal|p2a: Excadrill|100/100|[from] item: Leftovers
|upkeep
|turn|18
|
|t:|1710370261
|move|p2a: Excadrill|Rapid Spin|p1a: Forretress
|-resisted|p1a: Forretress
|-damage|p1a: Forretress|98/100
|-sideend|p2: leoperi99|Toxic Spikes|[from] move: Rapid Spin|[of] p2a: Excadrill
|-sideend|p2: leoperi99|Stealth Rock|[from] move: Rapid Spin|[of] p2a: Excadrill
|move|p1a: Forretress|Counter|p2a: Excadrill
|-damage|p2a: Excadrill|96/100
|
|-weather|Sandstorm|[upkeep]
|-heal|p2a: Excadrill|100/100|[from] item: Leftovers
|-heal|p1a: Forretress|100/100|[from] item: Leftovers
|upkeep
|turn|19
|
|t:|1710370264
|move|p2a: Excadrill|Earthquake|p1a: Forretress
|-damage|p1a: Forretress|61/100
|move|p1a: Forretress|Toxic Spikes|p2a: Excadrill
|-sidestart|p2: leoperi99|move: Toxic Spikes
|
|-weather|Sandstorm|[upkeep]
|-heal|p1a: Forretress|67/100|[from] item: Leftovers
|upkeep
|turn|20
|
|t:|1710370269
|switch|p1a: Dusclops|Dusclops, F, shiny|100/100
|-ability|p1a: Dusclops|Pressure
|move|p2a: Excadrill|Iron Head|p1a: Dusclops
|-damage|p1a: Dusclops|68/100
|
|-weather|Sandstorm|[upkeep]
|-damage|p1a: Dusclops|62/100|[from] Sandstorm
|upkeep
|turn|21
|
|t:|1710370272
|move|p2a: Excadrill|Earthquake|p1a: Dusclops
|-damage|p1a: Dusclops|28/100
|move|p1a: Dusclops|Will-O-Wisp|p2a: Excadrill|[miss]
|-miss|p1a: Dusclops|p2a: Excadrill
|
|-weather|Sandstorm|[upkeep]
|-damage|p1a: Dusclops|22/100|[from] Sandstorm
|upkeep
|turn|22
|
|t:|1710370279
|switch|p1a: Landorus|Landorus-Therian, M, shiny|86/100
|-ability|p1a: Landorus|Intimidate|boost
|-unboost|p2a: Excadrill|atk|1
|move|p2a: Excadrill|Iron Head|p1a: Landorus
|-damage|p1a: Landorus|36/100
|
|-weather|Sandstorm|[upkeep]
|upkeep
|turn|23
|
|t:|1710370282
|switch|p2a: Landorus|Landorus-Therian, M|78/100
|-ability|p2a: Landorus|Intimidate|boost
|-unboost|p1a: Landorus|atk|1
|move|p1a: Landorus|U-turn|p2a: Landorus
|-resisted|p2a: Landorus
|-crit|p2a: Landorus
|-damage|p2a: Landorus|46/100
|
|t:|1710370285
|switch|p1a: Forretress|Forretress, F, shiny|67/100|[from] U-turn
|
|-weather|Sandstorm|[upkeep]
|-heal|p1a: Forretress|74/100|[from] item: Leftovers
|upkeep
|turn|24
|
|t:|1710370289
|move|p2a: Landorus|U-turn|p1a: Forretress
|-resisted|p1a: Forretress
|-damage|p1a: Forretress|67/100
|
|t:|1710370291
|switch|p2a: Excadrill|Excadrill, F|100/100|[from] U-turn
|move|p1a: Forretress|Toxic Spikes|p2a: Excadrill
|-sidestart|p2: leoperi99|move: Toxic Spikes
|
|-weather|Sandstorm|[upkeep]
|-heal|p1a: Forretress|73/100|[from] item: Leftovers
|upkeep
|turn|25
|
|t:|1710370295
|switch|p1a: Dusclops|Dusclops, F, shiny|22/100
|-ability|p1a: Dusclops|Pressure
|move|p2a: Excadrill|Rapid Spin|p1a: Dusclops
|-immune|p1a: Dusclops
|
|-weather|Sandstorm|[upkeep]
|-damage|p1a: Dusclops|16/100|[from] Sandstorm
|upkeep
|turn|26
|
|t:|1710370297
|switch|p1a: Landorus|Landorus-Therian, M, shiny|36/100
|-ability|p1a: Landorus|Intimidate|boost
|-unboost|p2a: Excadrill|atk|1
|move|p2a: Excadrill|Iron Head|p1a: Landorus
|-damage|p1a: Landorus|0 fnt
|faint|p1a: Landorus
|
|-weather|Sandstorm|[upkeep]
|upkeep
|
|t:|1710370311
|switch|p1a: Whimsicott|Whimsicott, F, shiny|42/100
|turn|27
|
|t:|1710370315
|move|p1a: Whimsicott|Substitute|p1a: Whimsicott
|-start|p1a: Whimsicott|Substitute
|-damage|p1a: Whimsicott|17/100
|move|p2a: Excadrill|Rapid Spin|p1a: Whimsicott
|-activate|p1a: Whimsicott|Substitute|[damage]
|-sideend|p2: leoperi99|Toxic Spikes|[from] move: Rapid Spin|[of] p2a: Excadrill
|
|-weather|Sandstorm|[upkeep]
|-damage|p1a: Whimsicott|11/100|[from] Sandstorm
|upkeep
|turn|28
|
|t:|1710370318
|move|p1a: Whimsicott|Sunny Day|p1a: Whimsicott
|-weather|SunnyDay
|move|p2a: Excadrill|Iron Head|p1a: Whimsicott
|-end|p1a: Whimsicott|Substitute
|
|-weather|SunnyDay|[upkeep]
|upkeep
|turn|29
|
|t:|1710370322
|move|p1a: Whimsicott|Leech Seed|p2a: Excadrill
|-start|p2a: Excadrill|move: Leech Seed
|move|p2a: Excadrill|Iron Head|p1a: Whimsicott
|-damage|p1a: Whimsicott|0 fnt
|faint|p1a: Whimsicott
|
|-weather|SunnyDay|[upkeep]
|upkeep
|
|t:|1710370325
|switch|p1a: Exeggutor|Exeggutor, F, shiny|100/100
|turn|30
|
|t:|1710370328
|switch|p2a: Tyranitar|Tyranitar, M|63/100
|-weather|Sandstorm|[from] ability: Sand Stream|[of] p2a: Tyranitar
|move|p1a: Exeggutor|Giga Drain|p2a: Tyranitar
|-supereffective|p2a: Tyranitar
|-damage|p2a: Tyranitar|5/100
|
|-weather|Sandstorm|[upkeep]
|-damage|p1a: Exeggutor|94/100|[from] Sandstorm
|upkeep
|turn|31
|
|t:|1710370333
|move|p1a: Exeggutor|Giga Drain|p2a: Tyranitar
|-supereffective|p2a: Tyranitar
|-crit|p2a: Tyranitar
|-damage|p2a: Tyranitar|0 fnt
|-heal|p1a: Exeggutor|97/100|[from] drain|[of] p2a: Tyranitar
|faint|p2a: Tyranitar
|
|-weather|Sandstorm|[upkeep]
|-damage|p1a: Exeggutor|91/100|[from] Sandstorm
|upkeep
|
|t:|1710370344
|switch|p2a: Latios|Latios, M|100/100
|turn|32
|
|t:|1710370347
|switch|p1a: Heatran|Heatran, M, shiny|99/100
|move|p2a: Latios|Calm Mind|p2a: Latios
|-boost|p2a: Latios|spa|1
|-boost|p2a: Latios|spd|1
|
|-weather|Sandstorm|[upkeep]
|-damage|p2a: Latios|95/100|[from] Sandstorm
|-heal|p1a: Heatran|100/100|[from] item: Leftovers
|upkeep
|turn|33
|
|t:|1710370350
|move|p2a: Latios|Surf|p1a: Heatran
|-supereffective|p1a: Heatran
|-damage|p1a: Heatran|44/100
|move|p1a: Heatran|Roar|p2a: Latios
|drag|p2a: Heatran|Heatran, M, shiny|100/100
|-item|p2a: Heatran|Air Balloon
|
|-weather|Sandstorm|[upkeep]
|-heal|p1a: Heatran|50/100|[from] item: Leftovers
|upkeep
|turn|34
|
|t:|1710370355
|switch|p2a: Latios|Latios, M|95/100
|move|p1a: Heatran|Stealth Rock|p2a: Latios
|-sidestart|p2: leoperi99|move: Stealth Rock
|
|-weather|Sandstorm|[upkeep]
|-damage|p2a: Latios|89/100|[from] Sandstorm
|-heal|p1a: Heatran|56/100|[from] item: Leftovers
|upkeep
|turn|35
|
|t:|1710370358
|move|p1a: Heatran|Protect|p1a: Heatran
|-singleturn|p1a: Heatran|Protect
|move|p2a: Latios|Surf|p1a: Heatran
|-activate|p1a: Heatran|move: Protect
|
|-weather|Sandstorm|[upkeep]
|-damage|p2a: Latios|83/100|[from] Sandstorm
|-heal|p1a: Heatran|62/100|[from] item: Leftovers
|upkeep
|turn|36
|
|t:|1710370360
|move|p2a: Latios|Surf|p1a: Heatran
|-supereffective|p1a: Heatran
|-damage|p1a: Heatran|24/100
|move|p1a: Heatran|Lava Plume|p2a: Latios
|-resisted|p2a: Latios
|-damage|p2a: Latios|63/100
|
|-weather|Sandstorm|[upkeep]
|-damage|p2a: Latios|57/100|[from] Sandstorm
|-heal|p1a: Heatran|31/100|[from] item: Leftovers
|upkeep
|turn|37
|
|t:|1710370364
|move|p1a: Heatran|Protect|p1a: Heatran
|-singleturn|p1a: Heatran|Protect
|move|p2a: Latios|Surf|p1a: Heatran
|-activate|p1a: Heatran|move: Protect
|
|-weather|Sandstorm|[upkeep]
|-damage|p2a: Latios|51/100|[from] Sandstorm
|-heal|p1a: Heatran|37/100|[from] item: Leftovers
|upkeep
|turn|38
|
|t:|1710370368
|switch|p1a: Exeggutor|Exeggutor, F, shiny|91/100
|move|p2a: Latios|Surf|p1a: Exeggutor
|-resisted|p1a: Exeggutor
|-damage|p1a: Exeggutor|69/100
|
|-weather|Sandstorm|[upkeep]
|-damage|p2a: Latios|46/100|[from] Sandstorm
|-damage|p1a: Exeggutor|63/100|[from] Sandstorm
|upkeep
|turn|39
|
|t:|1710370371
|move|p2a: Latios|Recover|p2a: Latios
|-heal|p2a: Latios|96/100
|move|p1a: Exeggutor|Giga Drain|p2a: Latios
|-resisted|p2a: Latios
|-damage|p2a: Latios|63/100
|-heal|p1a: Exeggutor|77/100|[from] drain|[of] p2a: Latios
|
|-weather|Sandstorm|[upkeep]
|-damage|p2a: Latios|57/100|[from] Sandstorm
|-damage|p1a: Exeggutor|71/100|[from] Sandstorm
|upkeep
|turn|40
|
|t:|1710370374
|move|p2a: Latios|Calm Mind|p2a: Latios
|-boost|p2a: Latios|spa|1
|-boost|p2a: Latios|spd|1
|move|p1a: Exeggutor|Giga Drain|p2a: Latios
|-resisted|p2a: Latios
|-damage|p2a: Latios|34/100
|-heal|p1a: Exeggutor|81/100|[from] drain|[of] p2a: Latios
|
|-weather|Sandstorm|[upkeep]
|-damage|p2a: Latios|28/100|[from] Sandstorm
|-damage|p1a: Exeggutor|75/100|[from] Sandstorm
|upkeep
|turn|41
|
|t:|1710370382
|switch|p1a: Heatran|Heatran, M, shiny|37/100
|move|p2a: Latios|Recover|p2a: Latios
|-heal|p2a: Latios|78/100
|
|-weather|Sandstorm|[upkeep]
|-damage|p2a: Latios|72/100|[from] Sandstorm
|-heal|p1a: Heatran|43/100|[from] item: Leftovers
|upkeep
|turn|42
|
|t:|1710370385
|move|p1a: Heatran|Protect|p1a: Heatran
|-singleturn|p1a: Heatran|Protect
|move|p2a: Latios|Surf|p1a: Heatran
|-activate|p1a: Heatran|move: Protect
|
|-weather|Sandstorm|[upkeep]
|-damage|p2a: Latios|66/100|[from] Sandstorm
|-heal|p1a: Heatran|49/100|[from] item: Leftovers
|upkeep
|turn|43
|
|t:|1710370386
|move|p2a: Latios|Surf|p1a: Heatran
|-supereffective|p1a: Heatran
|-damage|p1a: Heatran|0 fnt
|faint|p1a: Heatran
|
|-weather|Sandstorm|[upkeep]
|-damage|p2a: Latios|60/100|[from] Sandstorm
|upkeep
|-message|seanb143 forfeited.
|
|win|leoperi99
|raw|seanb143's rating: 1395 &rarr; <strong>1378</strong><br />(-17 for losing)
|raw|leoperi99's rating: 1452 &rarr; <strong>1469</strong><br />(+17 for winning)
|l|☆seanb143
|player|p1|
