|j|☆big ups pal
|j|☆sidis
|t:|1706217583
|gametype|singles
|player|p1|big ups pal|miku-ground|1475
|player|p2|sidis|iris|1350
|teamsize|p1|6
|teamsize|p2|6
|gen|5
|tier|[Gen 5] OU
|rated|
|rule|Species Clause: Limit one of each Pokémon
|rule|OHKO Clause: OHKO moves are banned
|rule|Moody Clause: Moody is banned
|rule|Evasion Items Clause: Evasion items are banned
|rule|Evasion Moves Clause: Evasion moves are banned
|rule|Endless Battle Clause: Forcing endless battles is banned
|rule|HP Percentage Mod: HP is shown in percentages
|rule|Evasion Abilities Clause: Evasion abilities are banned
|rule|Sleep Moves Clause: Sleep-inducing moves are banned
|rule|Swagger Clause: Swagger is banned
|rule|Baton Pass Stat Clause: No Baton Passer may have a way to boost its stats
|clearpoke
|poke|p1|Politoed, M|item
|poke|p1|Breloom, M|item
|poke|p1|Latios, M|item
|poke|p1|Tentacruel, M|item
|poke|p1|Mamoswine, M|item
|poke|p1|Bronzong|item
|poke|p2|Politoed, M|item
|poke|p2|Keldeo-Resolute|item
|poke|p2|Ferrothorn, M|item
|poke|p2|Dragonite, M|item
|poke|p2|Jirachi|item
|poke|p2|Starmie|item
|teampreview
|
|t:|1706217618
|start
|switch|p1a: Mamoswine|Mamoswine, M|100/100
|switch|p2a: Politoed|Politoed, M|100/100
|-weather|RainDance|[from] ability: Drizzle|[of] p2a: Politoed
|turn|1
|
|t:|1706217624
|switch|p1a: Politoed|Politoed, M|100/100
|move|p2a: Politoed|Scald|p1a: Politoed
|-resisted|p1a: Politoed
|-crit|p1a: Politoed
|-damage|p1a: Politoed|68/100
|
|-weather|RainDance|[upkeep]
|-heal|p1a: Politoed|74/100|[from] item: Leftovers
|upkeep
|turn|2
|
|t:|1706217629
|move|p1a: Politoed|Protect|p1a: Politoed
|-singleturn|p1a: Politoed|Protect
|move|p2a: Politoed|Toxic|p1a: Politoed
|-activate|p1a: Politoed|move: Protect
|
|-weather|RainDance|[upkeep]
|-heal|p1a: Politoed|80/100|[from] item: Leftovers
|upkeep
|turn|3
|
|t:|1706217638
|switch|p1a: Breloom|Breloom, M, shiny|100/100
|move|p2a: Politoed|Scald|p1a: Breloom
|-resisted|p1a: Breloom
|-damage|p1a: Breloom|81/100
|-status|p1a: Breloom|brn
|
|-weather|RainDance|[upkeep]
|-damage|p1a: Breloom|68/100 brn|[from] brn
|upkeep
|turn|4
|
|t:|1706217711
|switch|p1a: Tentacruel|Tentacruel, M|100/100
|switch|p2a: Keldeo|Keldeo-Resolute|100/100
|
|-weather|RainDance|[upkeep]
|upkeep
|turn|5
|
|t:|1706217724
|switch|p2a: Starmie|Starmie|100/100
|move|p1a: Tentacruel|Toxic|p2a: Starmie
|-status|p2a: Starmie|tox
|
|-weather|RainDance|[upkeep]
|-damage|p2a: Starmie|94/100 tox|[from] psn
|upkeep
|turn|6
|
|t:|1706217727
|move|p1a: Tentacruel|Protect|p1a: Tentacruel
|-singleturn|p1a: Tentacruel|Protect
|move|p2a: Starmie|Hydro Pump|p1a: Tentacruel
|-activate|p1a: Tentacruel|move: Protect
|
|-weather|RainDance|[upkeep]
|-damage|p2a: Starmie|82/100 tox|[from] psn
|upkeep
|turn|7
|
|t:|1706217731
|move|p2a: Starmie|Psyshock|p1a: Tentacruel
|-supereffective|p1a: Tentacruel
|-damage|p1a: Tentacruel|0 fnt
|faint|p1a: Tentacruel
|-damage|p2a: Starmie|72/100 tox|[from] item: Life Orb
|
|-weather|RainDance|[upkeep]
|-damage|p2a: Starmie|54/100 tox|[from] psn
|upkeep
|inactive|Battle timer is ON: inactive players will automatically lose when time's up. (requested by sidis)
|
|t:|1706217743
|switch|p1a: Latios|Latios, M|100/100
|turn|8
|
|t:|1706217753
|switch|p1a: Breloom|Breloom, M, shiny|68/100 brn
|switch|p2a: Ferrothorn|Ferrothorn, M|100/100
|
|-weather|RainDance|[upkeep]
|-damage|p1a: Breloom|56/100 brn|[from] brn
|upkeep
|turn|9
|
|t:|1706217759
|move|p1a: Breloom|Swords Dance|p1a: Breloom
|-boost|p1a: Breloom|atk|2
|move|p2a: Ferrothorn|Stealth Rock|p1a: Breloom
|-sidestart|p1: big ups pal|move: Stealth Rock
|
|-weather|RainDance|[upkeep]
|-damage|p1a: Breloom|43/100 brn|[from] brn
|upkeep
|turn|10
|
|t:|1706217761
|move|p1a: Breloom|Drain Punch|p2a: Ferrothorn
|-supereffective|p2a: Ferrothorn
|-damage|p2a: Ferrothorn|50/100
|-heal|p1a: Breloom|71/100 brn|[from] drain|[of] p2a: Ferrothorn
|-damage|p1a: Breloom|59/100 brn|[from] ability: Iron Barbs|[of] p2a: Ferrothorn
|move|p2a: Ferrothorn|Spikes|p1a: Breloom
|-sidestart|p1: big ups pal|Spikes
|
|-weather|RainDance|[upkeep]
|-heal|p2a: Ferrothorn|56/100|[from] item: Leftovers
|-damage|p1a: Breloom|46/100 brn|[from] brn
|upkeep
|turn|11
|
|t:|1706217765
|move|p1a: Breloom|Drain Punch|p2a: Ferrothorn
|-supereffective|p2a: Ferrothorn
|-damage|p2a: Ferrothorn|4/100
|-heal|p1a: Breloom|75/100 brn|[from] drain|[of] p2a: Ferrothorn
|-damage|p1a: Breloom|62/100 brn|[from] ability: Iron Barbs|[of] p2a: Ferrothorn
|move|p2a: Ferrothorn|Spikes|p1a: Breloom
|-sidestart|p1: big ups pal|Spikes
|
|-weather|RainDance|[upkeep]
|-heal|p2a: Ferrothorn|10/100|[from] item: Leftovers
|-damage|p1a: Breloom|50/100 brn|[from] brn
|upkeep
|turn|12
|
|t:|1706217769
|move|p1a: Breloom|Drain Punch|p2a: Ferrothorn
|-supereffective|p2a: Ferrothorn
|-damage|p2a: Ferrothorn|0 fnt
|-heal|p1a: Breloom|56/100 brn|[from] drain|[of] p2a: Ferrothorn
|-damage|p1a: Breloom|43/100 brn|[from] ability: Iron Barbs|[of] p2a: Ferrothorn
|faint|p2a: Ferrothorn
|
|-weather|RainDance|[upkeep]
|-damage|p1a: Breloom|30/100 brn|[from] brn
|upkeep
|
|t:|1706217778
|switch|p2a: Keldeo|Keldeo-Resolute|100/100
|turn|13
|
|t:|1706217780
|move|p2a: Keldeo|Scald|p1a: Breloom
|-resisted|p1a: Breloom
|-damage|p1a: Breloom|0 fnt
|faint|p1a: Breloom
|
|-weather|RainDance|[upkeep]
|upkeep
|
|t:|1706217785
|switch|p1a: Latios|Latios, M|100/100
|-damage|p1a: Latios|88/100|[from] Stealth Rock
|turn|14
|
|t:|1706217792
|switch|p2a: Starmie|Starmie|54/100 tox
|move|p1a: Latios|Thunder|p2a: Starmie
|-supereffective|p2a: Starmie
|-damage|p2a: Starmie|0 fnt
|faint|p2a: Starmie
|
|-weather|RainDance|[upkeep]
|upkeep
|
|t:|1706217822
|switch|p2a: Politoed|Politoed, M|100/100
|turn|15
|
|t:|1706217825
|move|p1a: Latios|Thunder|p2a: Politoed
|-supereffective|p2a: Politoed
|-damage|p2a: Politoed|29/100
|move|p2a: Politoed|Toxic|p1a: Latios
|-status|p1a: Latios|tox
|
|-weather|RainDance|[upkeep]
|-heal|p2a: Politoed|35/100|[from] item: Leftovers
|-damage|p1a: Latios|82/100 tox|[from] psn
|upkeep
|turn|16
|
|t:|1706217829
|move|p2a: Politoed|Protect|p2a: Politoed
|-singleturn|p2a: Politoed|Protect
|move|p1a: Latios|Thunder|p2a: Politoed
|-activate|p2a: Politoed|move: Protect
|
|-weather|RainDance|[upkeep]
|-heal|p2a: Politoed|42/100|[from] item: Leftovers
|-damage|p1a: Latios|70/100 tox|[from] psn
|upkeep
|turn|17
|
|t:|1706217833
|move|p2a: Politoed|Protect||[still]
|-fail|p2a: Politoed
|move|p1a: Latios|Thunder|p2a: Politoed
|-supereffective|p2a: Politoed
|-damage|p2a: Politoed|0 fnt
|faint|p2a: Politoed
|
|-weather|RainDance|[upkeep]
|-damage|p1a: Latios|52/100 tox|[from] psn
|upkeep
|
|t:|1706217843
|switch|p2a: Dragonite|Dragonite, M|100/100
|turn|18
|
|t:|1706217846
|move|p2a: Dragonite|Extreme Speed|p1a: Latios
|-damage|p1a: Latios|0 fnt
|faint|p1a: Latios
|
|-weather|RainDance|[upkeep]
|upkeep
|
|t:|1706217853
|switch|p1a: Politoed|Politoed, M|80/100
|-damage|p1a: Politoed|68/100|[from] Stealth Rock
|-damage|p1a: Politoed|51/100|[from] Spikes
|turn|19
|
|t:|1706217861
|switch|p2a: Keldeo|Keldeo-Resolute|100/100
|move|p1a: Politoed|Protect||[still]
|-fail|p1a: Politoed
|
|-weather|RainDance|[upkeep]
|-heal|p1a: Politoed|57/100|[from] item: Leftovers
|upkeep
|turn|20
|
|t:|1706217875
|move|p1a: Politoed|Protect|p1a: Politoed
|-singleturn|p1a: Politoed|Protect
|move|p2a: Keldeo|Hydro Pump|p1a: Politoed
|-activate|p1a: Politoed|move: Protect
|
|-weather|RainDance|[upkeep]
|-heal|p1a: Politoed|64/100|[from] item: Leftovers
|upkeep
|turn|21
|
|t:|1706217879
|move|p2a: Keldeo|Hydro Pump|p1a: Politoed
|-resisted|p1a: Politoed
|-damage|p1a: Politoed|1/100
|move|p1a: Politoed|Scald|p2a: Keldeo
|-resisted|p2a: Keldeo
|-damage|p2a: Keldeo|81/100
|
|-weather|RainDance|[upkeep]
|-heal|p1a: Politoed|7/100|[from] item: Leftovers
|upkeep
|turn|22
|
|t:|1706217882
|move|p1a: Politoed|Protect|p1a: Politoed
|-singleturn|p1a: Politoed|Protect
|move|p2a: Keldeo|Hydro Pump|p1a: Politoed
|-activate|p1a: Politoed|move: Protect
|
|-weather|RainDance|[upkeep]
|-heal|p1a: Politoed|13/100|[from] item: Leftovers
|upkeep
|turn|23
|
|t:|1706217886
|move|p2a: Keldeo|Hydro Pump|p1a: Politoed
|-resisted|p1a: Politoed
|-damage|p1a: Politoed|0 fnt
|faint|p1a: Politoed
|
|-weather|RainDance|[upkeep]
|upkeep
|
|t:|1706217899
|switch|p1a: Bronzong|Bronzong|100/100
|-damage|p1a: Bronzong|94/100|[from] Stealth Rock
|turn|24
|
|t:|1706217901
|move|p1a: Bronzong|Protect|p1a: Bronzong
|-singleturn|p1a: Bronzong|Protect
|move|p2a: Keldeo|Hydro Pump|p1a: Bronzong
|-activate|p1a: Bronzong|move: Protect
|
|-weather|RainDance|[upkeep]
|-heal|p1a: Bronzong|100/100|[from] item: Leftovers
|upkeep
|turn|25
|
|t:|1706217907
|move|p1a: Bronzong|Protect|p1a: Bronzong
|-singleturn|p1a: Bronzong|Protect
|move|p2a: Keldeo|Hydro Pump|p1a: Bronzong
|-activate|p1a: Bronzong|move: Protect
|
|-weather|RainDance|[upkeep]
|upkeep
|turn|26
|
|t:|1706217911
|move|p2a: Keldeo|Hydro Pump|p1a: Bronzong
|-damage|p1a: Bronzong|0 fnt
|faint|p1a: Bronzong
|
|-weather|RainDance|[upkeep]
|upkeep
|
|t:|1706217922
|switch|p1a: Mamoswine|Mamoswine, M|100/100
|-damage|p1a: Mamoswine|88/100|[from] Stealth Rock
|-damage|p1a: Mamoswine|71/100|[from] Spikes
|turn|27
|
|t:|1706217927
|move|p2a: Keldeo|Hydro Pump|p1a: Mamoswine
|-supereffective|p1a: Mamoswine
|-damage|p1a: Mamoswine|0 fnt
|faint|p1a: Mamoswine
|
|win|sidis
|raw|big ups pal's rating: 1475 &rarr; <strong>1448</strong><br />(-27 for losing)
|raw|sidis's rating: 1350 &rarr; <strong>1377</strong><br />(+27 for winning)
|l|☆big ups pal
|player|p1|
