|j|☆testbwou
|j|☆sk8head
|t:|1708092807
|gametype|singles
|player|p1|testbwou|170|1384
|player|p2|sk8head|101|1409
|teamsize|p1|6
|teamsize|p2|6
|gen|5
|tier|[Gen 5] OU
|rated|
|rule|Species Clause: Limit one of each Pokémon
|rule|OHKO Clause: OHKO moves are banned
|rule|Moody Clause: Moody is banned
|rule|Evasion Items Clause: Evasion items are banned
|rule|Evasion Moves Clause: Evasion moves are banned
|rule|Endless Battle Clause: Forcing endless battles is banned
|rule|HP Percentage Mod: HP is shown in percentages
|rule|Evasion Abilities Clause: Evasion abilities are banned
|rule|Sleep Moves Clause: Sleep-inducing moves are banned
|rule|Swagger Clause: Swagger is banned
|rule|Baton Pass Stat Clause: No Baton Passer may have a way to boost its stats
|clearpoke
|poke|p1|Riolu, M|item
|poke|p1|Forretress, M|item
|poke|p1|Shedinja|item
|poke|p1|Politoed, M|item
|poke|p1|Gengar, F|item
|poke|p1|Starmie|item
|poke|p2|Mamoswine, M|item
|poke|p2|Celebi|item
|poke|p2|Magnezone|item
|poke|p2|Tyranitar, F|item
|poke|p2|Landorus-Therian, M|item
|poke|p2|Latios, M|item
|teampreview
|
|t:|1708092812
|start
|switch|p1a: Forretress|Forretress, M|100/100
|switch|p2a: Magnezone|Magnezone|100/100
|turn|1
|
|t:|1708092815
|move|p2a: Magnezone|Magic Coat|p2a: Magnezone
|-singleturn|p2a: Magnezone|move: Magic Coat
|move|p1a: Forretress|Stealth Rock|p2a: Magnezone
|move|p2a: Magnezone|Stealth Rock|p1a: Forretress|[from]Magic Coat
|-sidestart|p1: testbwou|move: Stealth Rock
|
|upkeep
|turn|2
|
|t:|1708092820
|move|p2a: Magnezone|Magic Coat|p2a: Magnezone
|-singleturn|p2a: Magnezone|move: Magic Coat
|move|p1a: Forretress|Rapid Spin|p2a: Magnezone
|-resisted|p2a: Magnezone
|-crit|p2a: Magnezone
|-damage|p2a: Magnezone|97/100
|-sideend|p1: testbwou|Stealth Rock|[from] move: Rapid Spin|[of] p1a: Forretress
|
|upkeep
|turn|3
|
|t:|1708092824
|move|p2a: Magnezone|Magic Coat|p2a: Magnezone
|-singleturn|p2a: Magnezone|move: Magic Coat
|move|p1a: Forretress|Volt Switch|p2a: Magnezone
|-resisted|p2a: Magnezone
|-damage|p2a: Magnezone|90/100
|j| ReallyFunTeams
|
|t:|1708092832
|switch|p1a: Politoed|Politoed, M|100/100|[from] Volt Switch
|-weather|RainDance|[from] ability: Drizzle|[of] p1a: Politoed
|
|-weather|RainDance|[upkeep]
|upkeep
|turn|4
|
|t:|1708092839
|switch|p1a: Shedinja|Shedinja|100/100
|switch|p2a: Celebi|Celebi|100/100
|
|-weather|RainDance|[upkeep]
|upkeep
|turn|5
|
|t:|1708092846
|switch|p1a: Forretress|Forretress, M|100/100
|move|p2a: Celebi|Baton Pass|p2a: Celebi
|
|t:|1708092849
|switch|p2a: Magnezone|Magnezone|90/100|[from] Baton Pass
|
|-weather|RainDance|[upkeep]
|upkeep
|turn|6
|
|t:|1708092856
|move|p1a: Forretress|Volt Switch|p2a: Magnezone
|-resisted|p2a: Magnezone
|-damage|p2a: Magnezone|82/100
|
|t:|1708092864
|switch|p1a: Shedinja|Shedinja|100/100|[from] Volt Switch
|move|p2a: Magnezone|Hidden Power|p1a: Shedinja
|-supereffective|p1a: Shedinja
|-enditem|p1a: Shedinja|Focus Sash
|-damage|p1a: Shedinja|100/100
|
|-weather|RainDance|[upkeep]
|upkeep
|turn|7
|
|t:|1708092874
|switch|p1a: Gengar|Gengar, F|100/100
|move|p2a: Magnezone|Volt Switch|p1a: Gengar
|-damage|p1a: Gengar|30/100
|
|t:|1708092882
|switch|p2a: Mamoswine|Mamoswine, M|100/100|[from] Volt Switch
|
|-weather|RainDance|[upkeep]
|upkeep
|turn|8
|
|t:|1708092888
|move|p1a: Gengar|Focus Blast|p2a: Mamoswine
|-supereffective|p2a: Mamoswine
|-damage|p2a: Mamoswine|0 fnt
|faint|p2a: Mamoswine
|-damage|p1a: Gengar|20/100|[from] item: Life Orb
|
|-weather|RainDance|[upkeep]
|upkeep
|
|t:|1708092898
|switch|p2a: Tyranitar|Tyranitar, F|100/100
|-weather|Sandstorm|[from] ability: Sand Stream|[of] p2a: Tyranitar
|turn|9
|
|t:|1708092902
|move|p1a: Gengar|Focus Blast|p2a: Tyranitar
|-supereffective|p2a: Tyranitar
|-enditem|p2a: Tyranitar|Chople Berry|[eat]
|-enditem|p2a: Tyranitar|Chople Berry|[weaken]
|-damage|p2a: Tyranitar|44/100
|-damage|p1a: Gengar|10/100|[from] item: Life Orb
|move|p2a: Tyranitar|Pursuit|p1a: Gengar
|-supereffective|p1a: Gengar
|-crit|p1a: Gengar
|-damage|p1a: Gengar|0 fnt
|faint|p1a: Gengar
|
|-weather|Sandstorm|[upkeep]
|upkeep
|
|t:|1708092906
|switch|p1a: Forretress|Forretress, M|100/100
|turn|10
|
|t:|1708092912
|switch|p2a: Magnezone|Magnezone|82/100
|move|p1a: Forretress|Stealth Rock|p2a: Magnezone
|-sidestart|p2: sk8head|move: Stealth Rock
|
|-weather|Sandstorm|[upkeep]
|upkeep
|turn|11
|
|t:|1708092917
|move|p1a: Forretress|Rapid Spin|p2a: Magnezone
|-resisted|p2a: Magnezone
|-damage|p2a: Magnezone|80/100
|move|p2a: Magnezone|Hidden Power|p1a: Forretress
|-supereffective|p1a: Forretress
|-ability|p1a: Forretress|Sturdy
|-damage|p1a: Forretress|1/100
|
|-weather|Sandstorm|[upkeep]
|upkeep
|turn|12
|-enditem|p1a: Forretress|Custap Berry|[eat]
|-activate|p1a: Forretress|item: Custap Berry|[consumed]
|
|t:|1708092924
|move|p2a: Magnezone|Magic Coat|p2a: Magnezone
|-singleturn|p2a: Magnezone|move: Magic Coat
|move|p1a: Forretress|Spikes|p2a: Magnezone
|move|p2a: Magnezone|Spikes|p1a: Forretress|[from]Magic Coat
|-sidestart|p1: testbwou|Spikes
|
|-weather|Sandstorm|[upkeep]
|upkeep
|turn|13
|
|t:|1708092929
|move|p1a: Forretress|Rapid Spin|p2a: Magnezone
|-resisted|p2a: Magnezone
|-damage|p2a: Magnezone|78/100
|-sideend|p1: testbwou|Spikes|[from] move: Rapid Spin|[of] p1a: Forretress
|move|p2a: Magnezone|Volt Switch|p1a: Forretress
|-damage|p1a: Forretress|0 fnt
|faint|p1a: Forretress
|
|t:|1708092939
|switch|p2a: Latios|Latios, M|100/100|[from] Volt Switch
|-damage|p2a: Latios|88/100|[from] Stealth Rock
|
|-weather|Sandstorm|[upkeep]
|-damage|p2a: Latios|82/100|[from] Sandstorm
|upkeep
|
|t:|1708092942
|switch|p1a: Politoed|Politoed, M|100/100
|-weather|RainDance|[from] ability: Drizzle|[of] p1a: Politoed
|turn|14
|
|t:|1708092948
|switch|p2a: Celebi|Celebi|100/100
|-damage|p2a: Celebi|88/100|[from] Stealth Rock
|move|p1a: Politoed|Ice Beam|p2a: Celebi
|-supereffective|p2a: Celebi
|-damage|p2a: Celebi|57/100
|
|-weather|RainDance|[upkeep]
|-heal|p2a: Celebi|63/100|[from] item: Leftovers
|upkeep
|turn|15
|
|t:|1708092956
|move|p1a: Politoed|Ice Beam|p2a: Celebi
|-supereffective|p2a: Celebi
|-damage|p2a: Celebi|29/100
|move|p2a: Celebi|Baton Pass|p2a: Celebi
|
|t:|1708092961
|switch|p2a: Tyranitar|Tyranitar, F|44/100|[from] Baton Pass
|-damage|p2a: Tyranitar|31/100|[from] Stealth Rock
|-weather|Sandstorm|[from] ability: Sand Stream|[of] p2a: Tyranitar
|
|-weather|Sandstorm|[upkeep]
|-damage|p1a: Politoed|94/100|[from] Sandstorm
|upkeep
|turn|16
|l|☆testbwou
|player|p1|
|inactive|Battle timer is ON: inactive players will automatically lose when time's up. (requested by sk8head)
|j|☆testbwou
|inactive|testbwou reconnected and has 145 seconds left.
|player|p1|testbwou|170
|
|t:|1708093015
|switch|p1a: Shedinja|Shedinja|100/100
|move|p2a: Tyranitar|Crunch|p1a: Shedinja
|-supereffective|p1a: Shedinja
|-damage|p1a: Shedinja|0 fnt
|faint|p1a: Shedinja
|
|-weather|Sandstorm|[upkeep]
|upkeep
|
|t:|1708093019
|switch|p1a: Politoed|Politoed, M|94/100
|-weather|RainDance|[from] ability: Drizzle|[of] p1a: Politoed
|turn|17
|
|t:|1708093022
|switch|p2a: Latios|Latios, M|82/100
|-damage|p2a: Latios|70/100|[from] Stealth Rock
|move|p1a: Politoed|Surf|p2a: Latios
|-resisted|p2a: Latios
|-damage|p2a: Latios|39/100
|
|-weather|RainDance|[upkeep]
|upkeep
|turn|18
|
|t:|1708093035
|switch|p2a: Tyranitar|Tyranitar, F|31/100
|-damage|p2a: Tyranitar|19/100|[from] Stealth Rock
|-weather|Sandstorm|[from] ability: Sand Stream|[of] p2a: Tyranitar
|move|p1a: Politoed|Surf|p2a: Tyranitar
|-supereffective|p2a: Tyranitar
|-damage|p2a: Tyranitar|0 fnt
|faint|p2a: Tyranitar
|
|-weather|Sandstorm|[upkeep]
|-damage|p1a: Politoed|88/100|[from] Sandstorm
|upkeep
|
|t:|1708093038
|switch|p2a: Celebi|Celebi|29/100
|-damage|p2a: Celebi|16/100|[from] Stealth Rock
|turn|19
|
|t:|1708093041
|move|p1a: Politoed|Surf|p2a: Celebi
|-resisted|p2a: Celebi
|-damage|p2a: Celebi|4/100
|move|p2a: Celebi|Recover|p2a: Celebi
|-heal|p2a: Celebi|54/100
|
|-weather|Sandstorm|[upkeep]
|-damage|p1a: Politoed|82/100|[from] Sandstorm
|-damage|p2a: Celebi|48/100|[from] Sandstorm
|-heal|p2a: Celebi|54/100|[from] item: Leftovers
|upkeep
|turn|20
|
|t:|1708093046
|switch|p1a: Starmie|Starmie|100/100
|move|p2a: Celebi|Recover|p2a: Celebi
|-heal|p2a: Celebi|100/100
|
|-weather|Sandstorm|[upkeep]
|-damage|p1a: Starmie|94/100|[from] Sandstorm
|-damage|p2a: Celebi|94/100|[from] Sandstorm
|-heal|p2a: Celebi|100/100|[from] item: Leftovers
|upkeep
|turn|21
|
|t:|1708093049
|switch|p1a: Politoed|Politoed, M|82/100
|-weather|RainDance|[from] ability: Drizzle|[of] p1a: Politoed
|move|p2a: Celebi|Grass Knot|p1a: Politoed
|-supereffective|p1a: Politoed
|-damage|p1a: Politoed|35/100
|
|-weather|RainDance|[upkeep]
|upkeep
|turn|22
|
|t:|1708093052
|move|p1a: Politoed|Ice Beam|p2a: Celebi
|-supereffective|p2a: Celebi
|-damage|p2a: Celebi|66/100
|move|p2a: Celebi|Grass Knot|p1a: Politoed
|-supereffective|p1a: Politoed
|-damage|p1a: Politoed|0 fnt
|faint|p1a: Politoed
|
|-weather|RainDance|[upkeep]
|-heal|p2a: Celebi|72/100|[from] item: Leftovers
|upkeep
|
|t:|1708093053
|switch|p1a: Riolu|Riolu, M|100/100
|turn|23
|
|t:|1708093058
|move|p2a: Celebi|Baton Pass|p2a: Celebi
|c|☆sk8head|oh
|c|☆sk8head|i lose
|c|☆testbwou|Sorry :(
|c|☆testbwou|Not necessarily
|inactive|sk8head has 120 seconds left.
|c|☆sk8head|dont be sry bro
|c|☆sk8head|ur cool
|c|☆sk8head|im just mad cause i been playin like ass
|inactive|sk8head has 90 seconds left.
|
|t:|1708093119
|switch|p2a: Landorus|Landorus-Therian, M|100/100|[from] Baton Pass
|-damage|p2a: Landorus|88/100|[from] Stealth Rock
|-ability|p2a: Landorus|Intimidate|boost
|-unboost|p1a: Riolu|atk|1
|move|p1a: Riolu|Roar|p2a: Landorus
|drag|p2a: Celebi|Celebi|72/100
|-damage|p2a: Celebi|60/100|[from] Stealth Rock
|
|-weather|RainDance|[upkeep]
|-heal|p2a: Celebi|66/100|[from] item: Leftovers
|upkeep
|turn|24
|c|☆testbwou|No it's been good!
|
|t:|1708093127
|move|p1a: Riolu|Copycat|p1a: Riolu
|move|p1a: Riolu|Roar|p2a: Celebi|[from]move: Copycat
|drag|p2a: Landorus|Landorus-Therian, M|88/100
|-damage|p2a: Landorus|76/100|[from] Stealth Rock
|-ability|p2a: Landorus|Intimidate|boost
|-unboost|p1a: Riolu|atk|1
|
|-weather|RainDance|[upkeep]
|-heal|p2a: Landorus|82/100|[from] item: Leftovers
|upkeep
|turn|25
|
|t:|1708093130
|move|p1a: Riolu|Copycat|p1a: Riolu
|move|p1a: Riolu|Roar|p2a: Landorus|[from]move: Copycat
|drag|p2a: Celebi|Celebi|66/100
|-damage|p2a: Celebi|53/100|[from] Stealth Rock
|
|-weather|RainDance|[upkeep]
|-heal|p2a: Celebi|60/100|[from] item: Leftovers
|upkeep
|turn|26
|
|t:|1708093133
|move|p1a: Riolu|Copycat|p1a: Riolu
|move|p1a: Riolu|Roar|p2a: Celebi|[from]move: Copycat
|drag|p2a: Landorus|Landorus-Therian, M|82/100
|-damage|p2a: Landorus|69/100|[from] Stealth Rock
|-ability|p2a: Landorus|Intimidate|boost
|-unboost|p1a: Riolu|atk|1
|
|-weather|RainDance|[upkeep]
|-heal|p2a: Landorus|75/100|[from] item: Leftovers
|upkeep
|turn|27
|inactive|sk8head has 120 seconds left.
|
|t:|1708093139
|move|p1a: Riolu|Copycat|p1a: Riolu
|move|p1a: Riolu|Roar|p2a: Landorus|[from]move: Copycat
|drag|p2a: Magnezone|Magnezone|78/100
|-damage|p2a: Magnezone|72/100|[from] Stealth Rock
|
|-weather|RainDance|[upkeep]
|upkeep
|turn|28
|
|t:|1708093142
|move|p1a: Riolu|Copycat|p1a: Riolu
|move|p1a: Riolu|Roar|p2a: Magnezone|[from]move: Copycat
|drag|p2a: Latios|Latios, M|39/100
|-damage|p2a: Latios|27/100|[from] Stealth Rock
|
|-weather|RainDance|[upkeep]
|upkeep
|turn|29
|
|t:|1708093145
|move|p1a: Riolu|Copycat|p1a: Riolu
|move|p1a: Riolu|Roar|p2a: Latios|[from]move: Copycat
|drag|p2a: Magnezone|Magnezone|72/100
|-damage|p2a: Magnezone|66/100|[from] Stealth Rock
|
|-weather|RainDance|[upkeep]
|upkeep
|turn|30
|
|t:|1708093147
|move|p1a: Riolu|Copycat|p1a: Riolu
|move|p1a: Riolu|Roar|p2a: Magnezone|[from]move: Copycat
|drag|p2a: Landorus|Landorus-Therian, M|75/100
|-damage|p2a: Landorus|63/100|[from] Stealth Rock
|-ability|p2a: Landorus|Intimidate|boost
|-unboost|p1a: Riolu|atk|1
|
|-weather|RainDance|[upkeep]
|-heal|p2a: Landorus|69/100|[from] item: Leftovers
|upkeep
|turn|31
|
|t:|1708093149
|move|p1a: Riolu|Copycat|p1a: Riolu
|move|p1a: Riolu|Roar|p2a: Landorus|[from]move: Copycat
|drag|p2a: Magnezone|Magnezone|66/100
|-damage|p2a: Magnezone|60/100|[from] Stealth Rock
|
|-weather|RainDance|[upkeep]
|upkeep
|turn|32
|
|t:|1708093151
|move|p1a: Riolu|Copycat|p1a: Riolu
|move|p1a: Riolu|Roar|p2a: Magnezone|[from]move: Copycat
|drag|p2a: Celebi|Celebi|60/100
|-damage|p2a: Celebi|47/100|[from] Stealth Rock
|
|-weather|RainDance|[upkeep]
|-heal|p2a: Celebi|53/100|[from] item: Leftovers
|upkeep
|turn|33
|
|t:|1708093153
|move|p1a: Riolu|Copycat|p1a: Riolu
|move|p1a: Riolu|Roar|p2a: Celebi|[from]move: Copycat
|drag|p2a: Latios|Latios, M|27/100
|-damage|p2a: Latios|14/100|[from] Stealth Rock
|
|-weather|RainDance|[upkeep]
|upkeep
|turn|34
|
|t:|1708093154
|move|p1a: Riolu|Copycat|p1a: Riolu
|move|p1a: Riolu|Roar|p2a: Latios|[from]move: Copycat
|drag|p2a: Celebi|Celebi|53/100
|-damage|p2a: Celebi|41/100|[from] Stealth Rock
|
|-weather|RainDance|[upkeep]
|-heal|p2a: Celebi|47/100|[from] item: Leftovers
|upkeep
|turn|35
|
|t:|1708093156
|move|p1a: Riolu|Copycat|p1a: Riolu
|move|p1a: Riolu|Roar|p2a: Celebi|[from]move: Copycat
|drag|p2a: Landorus|Landorus-Therian, M|69/100
|-damage|p2a: Landorus|57/100|[from] Stealth Rock
|-ability|p2a: Landorus|Intimidate|boost
|-unboost|p1a: Riolu|atk|1
|
|-weather|RainDance|[upkeep]
|-heal|p2a: Landorus|63/100|[from] item: Leftovers
|upkeep
|turn|36
|
|t:|1708093158
|move|p1a: Riolu|Copycat|p1a: Riolu
|move|p1a: Riolu|Roar|p2a: Landorus|[from]move: Copycat
|drag|p2a: Latios|Latios, M|14/100
|-damage|p2a: Latios|2/100|[from] Stealth Rock
|
|-weather|RainDance|[upkeep]
|upkeep
|turn|37
|
|t:|1708093161
|move|p1a: Riolu|Copycat|p1a: Riolu
|move|p1a: Riolu|Roar|p2a: Latios|[from]move: Copycat
|drag|p2a: Celebi|Celebi|47/100
|-damage|p2a: Celebi|35/100|[from] Stealth Rock
|
|-weather|RainDance|[upkeep]
|-heal|p2a: Celebi|41/100|[from] item: Leftovers
|upkeep
|turn|38
|
|t:|1708093163
|move|p1a: Riolu|Copycat|p1a: Riolu
|move|p1a: Riolu|Roar|p2a: Celebi|[from]move: Copycat
|drag|p2a: Landorus|Landorus-Therian, M|63/100
|-damage|p2a: Landorus|50/100|[from] Stealth Rock
|-ability|p2a: Landorus|Intimidate|boost
|-unboost|p1a: Riolu|atk|1
|
|-weather|RainDance|[upkeep]
|-heal|p2a: Landorus|56/100|[from] item: Leftovers
|upkeep
|turn|39
|
|t:|1708093165
|move|p1a: Riolu|Copycat|p1a: Riolu
|move|p1a: Riolu|Roar|p2a: Landorus|[from]move: Copycat
|drag|p2a: Celebi|Celebi|41/100
|-damage|p2a: Celebi|29/100|[from] Stealth Rock
|
|-weather|RainDance|[upkeep]
|-heal|p2a: Celebi|35/100|[from] item: Leftovers
|upkeep
|turn|40
|
|t:|1708093166
|move|p1a: Riolu|Copycat|p1a: Riolu
|move|p1a: Riolu|Roar|p2a: Celebi|[from]move: Copycat
|drag|p2a: Magnezone|Magnezone|60/100
|-damage|p2a: Magnezone|54/100|[from] Stealth Rock
|
|-weather|RainDance|[upkeep]
|upkeep
|turn|41
|
|t:|1708093168
|move|p2a: Magnezone|Magic Coat|p2a: Magnezone
|-singleturn|p2a: Magnezone|move: Magic Coat
|move|p1a: Riolu|Copycat|p1a: Riolu
|move|p1a: Riolu|Magic Coat|p1a: Riolu|[from]move: Copycat
|-singleturn|p1a: Riolu|move: Magic Coat
|
|-weather|RainDance|[upkeep]
|upkeep
|turn|42
|c|☆testbwou|Wow nice!
|c|☆sk8head|WAIT
|c|☆sk8head|i forgot
|c|☆sk8head|i had that lmao
|c|☆testbwou|Hahaha
|
|t:|1708093185
|move|p2a: Magnezone|Volt Switch|p1a: Riolu
|-enditem|p1a: Riolu|Focus Sash
|-damage|p1a: Riolu|1/100
|
|t:|1708093192
|switch|p2a: Latios|Latios, M|2/100|[from] Volt Switch
|-damage|p2a: Latios|0 fnt|[from] Stealth Rock
|faint|p2a: Latios
|move|p1a: Riolu|Roar|p2: Latios|[notarget]
|-fail|p1a: Riolu
|
|-weather|RainDance|[upkeep]
|upkeep
|
|t:|1708093200
|switch|p2a: Magnezone|Magnezone|54/100
|-damage|p2a: Magnezone|48/100|[from] Stealth Rock
|turn|43
|c|☆sk8head|i think ib kills tho
|c|☆sk8head|gg
|
|t:|1708093214
|move|p1a: Riolu|Earthquake|p2a: Magnezone
|-supereffective|p2a: Magnezone
|-crit|p2a: Magnezone
|-damage|p2a: Magnezone|0 fnt
|faint|p2a: Magnezone
|
|-weather|RainDance|[upkeep]
|upkeep
|c|☆sk8head|noooooooooooooo
|
|t:|1708093230
|switch|p2a: Celebi|Celebi|35/100
|-damage|p2a: Celebi|22/100|[from] Stealth Rock
|turn|44
|
|t:|1708093245
|move|p2a: Celebi|Recover|p2a: Celebi
|-heal|p2a: Celebi|72/100
|move|p1a: Riolu|Roar|p2a: Celebi
|drag|p2a: Landorus|Landorus-Therian, M|56/100
|-damage|p2a: Landorus|44/100|[from] Stealth Rock
|-ability|p2a: Landorus|Intimidate|boost
|-unboost|p1a: Riolu|atk|0
|
|-weather|RainDance|[upkeep]
|-heal|p2a: Landorus|50/100|[from] item: Leftovers
|upkeep
|turn|45
|
|t:|1708093250
|move|p1a: Riolu|Copycat|p1a: Riolu
|move|p1a: Riolu|Roar|p2a: Landorus|[from]move: Copycat
|drag|p2a: Celebi|Celebi|72/100
|-damage|p2a: Celebi|60/100|[from] Stealth Rock
|
|-weather|RainDance|[upkeep]
|-heal|p2a: Celebi|66/100|[from] item: Leftovers
|upkeep
|turn|46
|
|t:|1708093253
|move|p1a: Riolu|Copycat|p1a: Riolu
|move|p1a: Riolu|Roar|p2a: Celebi|[from]move: Copycat
|drag|p2a: Landorus|Landorus-Therian, M|50/100
|-damage|p2a: Landorus|38/100|[from] Stealth Rock
|-ability|p2a: Landorus|Intimidate|boost
|-unboost|p1a: Riolu|atk|0
|
|-weather|RainDance|[upkeep]
|-heal|p2a: Landorus|44/100|[from] item: Leftovers
|upkeep
|turn|47
|
|t:|1708093256
|move|p1a: Riolu|Copycat|p1a: Riolu
|move|p1a: Riolu|Roar|p2a: Landorus|[from]move: Copycat
|drag|p2a: Celebi|Celebi|66/100
|-damage|p2a: Celebi|54/100|[from] Stealth Rock
|
|-weather|RainDance|[upkeep]
|-heal|p2a: Celebi|60/100|[from] item: Leftovers
|upkeep
|turn|48
|
|t:|1708093259
|move|p1a: Riolu|Copycat|p1a: Riolu
|move|p1a: Riolu|Roar|p2a: Celebi|[from]move: Copycat
|drag|p2a: Landorus|Landorus-Therian, M|44/100
|-damage|p2a: Landorus|31/100|[from] Stealth Rock
|-ability|p2a: Landorus|Intimidate|boost
|-unboost|p1a: Riolu|atk|0
|
|-weather|RainDance|[upkeep]
|-heal|p2a: Landorus|37/100|[from] item: Leftovers
|upkeep
|turn|49
|j| SKT T1 Motherfaker
|
|t:|1708093262
|move|p1a: Riolu|Copycat|p1a: Riolu
|move|p1a: Riolu|Roar|p2a: Landorus|[from]move: Copycat
|drag|p2a: Celebi|Celebi|60/100
|-damage|p2a: Celebi|48/100|[from] Stealth Rock
|
|-weather|RainDance|[upkeep]
|-heal|p2a: Celebi|54/100|[from] item: Leftovers
|upkeep
|turn|50
|
|t:|1708093264
|move|p1a: Riolu|Copycat|p1a: Riolu
|move|p1a: Riolu|Roar|p2a: Celebi|[from]move: Copycat
|drag|p2a: Landorus|Landorus-Therian, M|37/100
|-damage|p2a: Landorus|25/100|[from] Stealth Rock
|-ability|p2a: Landorus|Intimidate|boost
|-unboost|p1a: Riolu|atk|0
|
|-weather|RainDance|[upkeep]
|-heal|p2a: Landorus|31/100|[from] item: Leftovers
|upkeep
|turn|51
|
|t:|1708093268
|move|p1a: Riolu|Copycat|p1a: Riolu
|move|p1a: Riolu|Roar|p2a: Landorus|[from]move: Copycat
|drag|p2a: Celebi|Celebi|54/100
|-damage|p2a: Celebi|41/100|[from] Stealth Rock
|
|-weather|RainDance|[upkeep]
|-heal|p2a: Celebi|48/100|[from] item: Leftovers
|upkeep
|turn|52
|
|t:|1708093271
|move|p1a: Riolu|Copycat|p1a: Riolu
|move|p1a: Riolu|Roar|p2a: Celebi|[from]move: Copycat
|drag|p2a: Landorus|Landorus-Therian, M|31/100
|-damage|p2a: Landorus|19/100|[from] Stealth Rock
|-ability|p2a: Landorus|Intimidate|boost
|-unboost|p1a: Riolu|atk|0
|
|-weather|RainDance|[upkeep]
|-heal|p2a: Landorus|25/100|[from] item: Leftovers
|upkeep
|turn|53
|c|☆sk8head|yea i win
|c|☆sk8head|i think
|
|t:|1708093280
|move|p1a: Riolu|Copycat|p1a: Riolu
|move|p1a: Riolu|Roar|p2a: Landorus|[from]move: Copycat
|drag|p2a: Celebi|Celebi|48/100
|-damage|p2a: Celebi|35/100|[from] Stealth Rock
|
|-weather|RainDance|[upkeep]
|-heal|p2a: Celebi|41/100|[from] item: Leftovers
|upkeep
|turn|54
|
|t:|1708093282
|move|p1a: Riolu|Copycat|p1a: Riolu
|move|p1a: Riolu|Roar|p2a: Celebi|[from]move: Copycat
|drag|p2a: Landorus|Landorus-Therian, M|25/100
|-damage|p2a: Landorus|12/100|[from] Stealth Rock
|-ability|p2a: Landorus|Intimidate|boost
|-unboost|p1a: Riolu|atk|0
|
|-weather|RainDance|[upkeep]
|-heal|p2a: Landorus|18/100|[from] item: Leftovers
|upkeep
|turn|55
|
|t:|1708093285
|move|p1a: Riolu|Copycat|p1a: Riolu
|move|p1a: Riolu|Roar|p2a: Landorus|[from]move: Copycat
|drag|p2a: Celebi|Celebi|41/100
|-damage|p2a: Celebi|29/100|[from] Stealth Rock
|
|-weather|RainDance|[upkeep]
|-heal|p2a: Celebi|35/100|[from] item: Leftovers
|upkeep
|turn|56
|
|t:|1708093287
|move|p1a: Riolu|Copycat|p1a: Riolu
|move|p1a: Riolu|Roar|p2a: Celebi|[from]move: Copycat
|drag|p2a: Landorus|Landorus-Therian, M|18/100
|-damage|p2a: Landorus|6/100|[from] Stealth Rock
|-ability|p2a: Landorus|Intimidate|boost
|-unboost|p1a: Riolu|atk|0
|
|-weather|RainDance|[upkeep]
|-heal|p2a: Landorus|12/100|[from] item: Leftovers
|upkeep
|turn|57
|
|t:|1708093290
|move|p2a: Landorus|Earthquake|p1a: Riolu
|-damage|p1a: Riolu|0 fnt
|faint|p1a: Riolu
|
|-weather|RainDance|[upkeep]
|-heal|p2a: Landorus|18/100|[from] item: Leftovers
|upkeep
|
|t:|1708093291
|switch|p1a: Starmie|Starmie|94/100
|turn|58
|c|☆sk8head|oh
|c|☆sk8head|ryt
|c|☆sk8head|u could do THAT
|c|☆sk8head|LMAO
|c|☆sk8head|gg
|
|t:|1708093310
|move|p1a: Starmie|Surf|p2a: Landorus
|-supereffective|p2a: Landorus
|-damage|p2a: Landorus|0 fnt
|faint|p2a: Landorus
|-damage|p1a: Starmie|84/100|[from] item: Life Orb
|
|-weather|RainDance|[upkeep]
|upkeep
|c|☆testbwou|Can't let you recover haha
|c|☆testbwou|You'll kill me
|
|t:|1708093314
|switch|p2a: Celebi|Celebi|35/100
|-damage|p2a: Celebi|23/100|[from] Stealth Rock
|turn|59
|
|t:|1708093318
|move|p1a: Starmie|Ice Beam|p2a: Celebi
|-supereffective|p2a: Celebi
|-damage|p2a: Celebi|0 fnt
|faint|p2a: Celebi
|-damage|p1a: Starmie|74/100|[from] item: Life Orb
|
|win|testbwou
|raw|testbwou's rating: 1384 &rarr; <strong>1405</strong><br />(+21 for winning)
|raw|sk8head's rating: 1409 &rarr; <strong>1388</strong><br />(-21 for losing)
|c|☆testbwou|Gg
|c|☆sk8head|ggs
|l|☆testbwou
|player|p1|
|l|☆sk8head
|player|p2|
