|j|☆draco gem
|j|☆porrompompom
|player|p1|draco gem|168
|player|p2|porrompompom|101
|teamsize|p1|6
|teamsize|p2|6
|gametype|singles
|gen|5
|tier|[Gen 5] OU
|rated|
|rule|Sleep Clause Mod: Limit one foe put to sleep
|rule|Species Clause: Limit one of each Pokémon
|rule|OHKO Clause: OHKO moves are banned
|rule|Moody Clause: Moody is banned
|rule|Evasion Moves Clause: Evasion moves are banned
|rule|Endless Battle Clause: Forcing endless battles is banned
|rule|HP Percentage Mod: HP is shown in percentages
|rule|Evasion Abilities Clause: Evasion abilities are banned
|rule|Baton Pass Clause: Limit one Baton Passer, can't pass Spe and other stats simultaneously
|rule|Swagger Clause: Swagger is banned
|clearpoke
|poke|p1|Politoed, M|item
|poke|p1|Gliscor, F|item
|poke|p1|Gothitelle, M|item
|poke|p1|Tentacruel, F|item
|poke|p1|Chansey, F|item
|poke|p1|Ferrothorn, M|item
|poke|p2|Garchomp, M|item
|poke|p2|Gothitelle, M|item
|poke|p2|Scizor, F|item
|poke|p2|Rotom-Wash|item
|poke|p2|Landorus-Therian, M|item
|poke|p2|Breloom, F|item
|teampreview
|inactive|Battle timer is ON: inactive players will automatically lose when time's up. (requested by draco gem)
|inactive|draco gem has 135 seconds left.
|inactive|porrompompom has 135 seconds left.
|inactive|porrompompom has 120 seconds left.
|
|start
|switch|p1a: Gliscor|Gliscor, F|100/100
|switch|p2a: Rotom|Rotom-Wash|100/100
|turn|1
|
|switch|p2a: Landorus|Landorus-Therian, M|100/100
|-ability|p2a: Landorus|Intimidate|boost
|-unboost|p1a: Gliscor|atk|1
|move|p1a: Gliscor|Substitute|p1a: Gliscor
|-start|p1a: Gliscor|Substitute
|-damage|p1a: Gliscor|75/100
|
|-status|p1a: Gliscor|tox|[from] item: Toxic Orb
|upkeep
|turn|2
|
|move|p1a: Gliscor|Toxic|p2a: Landorus
|-status|p2a: Landorus|tox
|move|p2a: Landorus|Stealth Rock|p1a: Gliscor
|-sidestart|p1: draco gem|move: Stealth Rock
|
|-heal|p1a: Gliscor|88/100 tox|[from] ability: Poison Heal
|-damage|p2a: Landorus|94/100 tox|[from] psn
|upkeep
|turn|3
|
|move|p1a: Gliscor|Protect|p1a: Gliscor
|-singleturn|p1a: Gliscor|Protect
|move|p2a: Landorus|U-turn|p1a: Gliscor
|-activate|p1a: Gliscor|move: Protect
|
|-heal|p2a: Landorus|100/100 tox|[from] item: Leftovers
|-heal|p1a: Gliscor|100/100 tox|[from] ability: Poison Heal
|-damage|p2a: Landorus|88/100 tox|[from] psn
|upkeep
|turn|4
|
|move|p1a: Gliscor|Toxic|p2a: Landorus
|-fail|p2a: Landorus|tox
|move|p2a: Landorus|U-turn|p1a: Gliscor
|-resisted|p1a: Gliscor
|-activate|p1a: Gliscor|Substitute|[damage]
|
|switch|p2a: Rotom|Rotom-Wash|100/100
|
|upkeep
|turn|5
|
|switch|p2a: Landorus|Landorus-Therian, M|88/100 tox
|-ability|p2a: Landorus|Intimidate|boost
|-immune|p1a: Gliscor|[msg]
|move|p1a: Gliscor|Toxic|p2a: Landorus
|-fail|p2a: Landorus|tox
|
|-heal|p2a: Landorus|94/100 tox|[from] item: Leftovers
|-damage|p2a: Landorus|88/100 tox|[from] psn
|upkeep
|turn|6
|
|move|p1a: Gliscor|Toxic|p2a: Landorus
|-fail|p2a: Landorus|tox
|move|p2a: Landorus|Hidden Power|p1a: Gliscor
|-supereffective|p1a: Gliscor
|-end|p1a: Gliscor|Substitute
|
|-heal|p2a: Landorus|94/100 tox|[from] item: Leftovers
|-damage|p2a: Landorus|82/100 tox|[from] psn
|upkeep
|turn|7
|
|switch|p1a: Politoed|Politoed, M|100/100
|-damage|p1a: Politoed|88/100|[from] Stealth Rock
|-weather|RainDance|[from] ability: Drizzle|[of] p1a: Politoed
|switch|p2a: Scizor|Scizor, F|100/100
|
|-weather|RainDance|[upkeep]
|-heal|p1a: Politoed|94/100|[from] item: Leftovers
|upkeep
|turn|8
|
|move|p1a: Politoed|Scald|p2a: Scizor
|-damage|p2a: Scizor|52/100
|move|p2a: Scizor|U-turn|p1a: Politoed
|-damage|p1a: Politoed|46/100
|inactive|porrompompom has 135 seconds left.
|inactive|porrompompom has 120 seconds left.
|
|switch|p2a: Gothitelle|Gothitelle, M|100/100
|
|-weather|RainDance|[upkeep]
|-heal|p1a: Politoed|52/100|[from] item: Leftovers
|upkeep
|turn|9
|
|move|p1a: Politoed|Protect|p1a: Politoed
|-singleturn|p1a: Politoed|Protect
|move|p2a: Gothitelle|Thunderbolt|p1a: Politoed
|-activate|p1a: Politoed|move: Protect
|
|-weather|RainDance|[upkeep]
|-heal|p1a: Politoed|58/100|[from] item: Leftovers
|upkeep
|turn|10
|
|move|p2a: Gothitelle|Thunderbolt|p1a: Politoed
|-supereffective|p1a: Politoed
|-damage|p1a: Politoed|8/100
|move|p1a: Politoed|Scald|p2a: Gothitelle
|-damage|p2a: Gothitelle|59/100
|
|-weather|RainDance|[upkeep]
|-heal|p1a: Politoed|14/100|[from] item: Leftovers
|upkeep
|turn|11
|
|move|p1a: Politoed|Protect|p1a: Politoed
|-singleturn|p1a: Politoed|Protect
|move|p2a: Gothitelle|Thunderbolt|p1a: Politoed
|-activate|p1a: Politoed|move: Protect
|
|-weather|RainDance|[upkeep]
|-heal|p1a: Politoed|20/100|[from] item: Leftovers
|upkeep
|turn|12
|
|move|p1a: Politoed|Protect|p1a: Politoed
|-fail|p1a: Politoed
|move|p2a: Gothitelle|Thunderbolt|p1a: Politoed
|-supereffective|p1a: Politoed
|-damage|p1a: Politoed|0 fnt
|faint|p1a: Politoed
|
|-weather|RainDance|[upkeep]
|upkeep
|
|switch|p1a: Chansey|Chansey, F|100/100
|-damage|p1a: Chansey|88/100|[from] Stealth Rock
|turn|13
|
|switch|p2a: Breloom|Breloom, F|100/100
|move|p1a: Chansey|Stealth Rock|p2a: Breloom
|-sidestart|p2: porrompompom|move: Stealth Rock
|
|-weather|RainDance|[upkeep]
|upkeep
|turn|14
|
|switch|p1a: Gliscor|Gliscor, F|100/100 tox
|-damage|p1a: Gliscor|88/100 tox|[from] Stealth Rock
|move|p2a: Breloom|Spore|p1a: Gliscor
|-fail|p1a: Gliscor
|
|-weather|RainDance|[upkeep]
|-heal|p1a: Gliscor|100/100 tox|[from] ability: Poison Heal
|upkeep
|turn|15
|
|switch|p1a: Ferrothorn|Ferrothorn, M|100/100
|-damage|p1a: Ferrothorn|94/100|[from] Stealth Rock
|move|p2a: Breloom|Swords Dance|p2a: Breloom
|-boost|p2a: Breloom|atk|2
|
|-weather|RainDance|[upkeep]
|-heal|p1a: Ferrothorn|100/100|[from] item: Leftovers
|upkeep
|turn|16
|
|switch|p1a: Gliscor|Gliscor, F|100/100 tox
|-damage|p1a: Gliscor|88/100 tox|[from] Stealth Rock
|move|p2a: Breloom|Spore|p1a: Gliscor
|-fail|p1a: Gliscor
|
|-weather|RainDance|[upkeep]
|-heal|p1a: Gliscor|100/100 tox|[from] ability: Poison Heal
|upkeep
|turn|17
|
|move|p1a: Gliscor|Toxic|p2a: Breloom
|-status|p2a: Breloom|tox
|move|p2a: Breloom|Bullet Seed|p1a: Gliscor
|-damage|p1a: Gliscor|66/100 tox
|-damage|p1a: Gliscor|29/100 tox
|-hitcount|p1a: Gliscor|2
|-damage|p2a: Breloom|91/100 tox|[from] item: Life Orb
|
|-weather|RainDance|[upkeep]
|-heal|p1a: Gliscor|42/100 tox|[from] ability: Poison Heal
|-damage|p2a: Breloom|84/100 tox|[from] psn
|upkeep
|turn|18
|
|move|p1a: Gliscor|Protect|p1a: Gliscor
|-singleturn|p1a: Gliscor|Protect
|move|p2a: Breloom|Mach Punch|p1a: Gliscor
|-activate|p1a: Gliscor|move: Protect
|
|-weather|RainDance|[upkeep]
|-heal|p1a: Gliscor|54/100 tox|[from] ability: Poison Heal
|-damage|p2a: Breloom|72/100 tox|[from] psn
|upkeep
|turn|19
|
|switch|p1a: Ferrothorn|Ferrothorn, M|100/100
|-damage|p1a: Ferrothorn|94/100|[from] Stealth Rock
|move|p2a: Breloom|Bullet Seed|p1a: Ferrothorn
|-resisted|p1a: Ferrothorn
|-damage|p1a: Ferrothorn|85/100
|-resisted|p1a: Ferrothorn
|-damage|p1a: Ferrothorn|77/100
|-resisted|p1a: Ferrothorn
|-damage|p1a: Ferrothorn|69/100
|-resisted|p1a: Ferrothorn
|-damage|p1a: Ferrothorn|60/100
|-resisted|p1a: Ferrothorn
|-damage|p1a: Ferrothorn|52/100
|-hitcount|p1a: Ferrothorn|5
|-damage|p2a: Breloom|62/100 tox|[from] item: Life Orb
|
|-weather|RainDance|[upkeep]
|-heal|p1a: Ferrothorn|58/100|[from] item: Leftovers
|-damage|p2a: Breloom|44/100 tox|[from] psn
|upkeep
|turn|20
|inactive|draco gem has 135 seconds left.
|
|move|p1a: Ferrothorn|Protect|p1a: Ferrothorn
|-singleturn|p1a: Ferrothorn|Protect
|move|p2a: Breloom|Mach Punch|p1a: Ferrothorn
|-activate|p1a: Ferrothorn|move: Protect
|
|-weather|RainDance|[upkeep]
|-heal|p1a: Ferrothorn|65/100|[from] item: Leftovers
|-damage|p2a: Breloom|19/100 tox|[from] psn
|upkeep
|turn|21
|
|switch|p1a: Tentacruel|Tentacruel, F|100/100
|-damage|p1a: Tentacruel|88/100|[from] Stealth Rock
|move|p2a: Breloom|Mach Punch|p1a: Tentacruel
|-resisted|p1a: Tentacruel
|-damage|p1a: Tentacruel|53/100
|-damage|p2a: Breloom|9/100 tox|[from] item: Life Orb
|
|-weather|RainDance|[upkeep]
|-heal|p1a: Tentacruel|59/100|[from] ability: Rain Dish
|-heal|p1a: Tentacruel|65/100|[from] item: Black Sludge
|-damage|p2a: Breloom|0 fnt|[from] psn
|upkeep
|faint|p2a: Breloom
|inactive|porrompompom has 135 seconds left.
|
|switch|p2a: Garchomp|Garchomp, M|100/100
|-damage|p2a: Garchomp|94/100|[from] Stealth Rock
|turn|22
|
|switch|p1a: Gliscor|Gliscor, F|54/100 tox
|-damage|p1a: Gliscor|42/100 tox|[from] Stealth Rock
|move|p2a: Garchomp|Swords Dance|p2a: Garchomp
|-boost|p2a: Garchomp|atk|2
|
|-weather|RainDance|[upkeep]
|-heal|p1a: Gliscor|54/100 tox|[from] ability: Poison Heal
|upkeep
|turn|23
|
|move|p2a: Garchomp|Outrage|p1a: Gliscor
|-damage|p1a: Gliscor|0 fnt
|faint|p1a: Gliscor
|
|-weather|RainDance|[upkeep]
|upkeep
|
|switch|p1a: Ferrothorn|Ferrothorn, M|65/100
|-damage|p1a: Ferrothorn|58/100|[from] Stealth Rock
|turn|24
|
|move|p2a: Garchomp|Outrage|p1a: Ferrothorn|[from]lockedmove
|-resisted|p1a: Ferrothorn
|-damage|p1a: Ferrothorn|16/100
|-damage|p2a: Garchomp|82/100|[from] ability: Iron Barbs|[of] p1a: Ferrothorn
|move|p1a: Ferrothorn|Leech Seed|p2a: Garchomp
|-start|p2a: Garchomp|move: Leech Seed
|
|-weather|RainDance|[upkeep]
|-heal|p1a: Ferrothorn|23/100|[from] item: Leftovers
|-damage|p2a: Garchomp|70/100|[from] Leech Seed|[of] p1a: Ferrothorn
|-heal|p1a: Ferrothorn|35/100|[silent]
|upkeep
|turn|25
|
|move|p1a: Ferrothorn|Protect|p1a: Ferrothorn
|-singleturn|p1a: Ferrothorn|Protect
|move|p2a: Garchomp|Outrage|p1a: Ferrothorn|[from]lockedmove
|-activate|p1a: Ferrothorn|move: Protect
|-start|p2a: Garchomp|confusion|[fatigue]
|-enditem|p2a: Garchomp|Lum Berry|[eat]
|-end|p2a: Garchomp|confusion
|
|-weather|RainDance|[upkeep]
|-heal|p1a: Ferrothorn|41/100|[from] item: Leftovers
|-damage|p2a: Garchomp|57/100|[from] Leech Seed|[of] p1a: Ferrothorn
|-heal|p1a: Ferrothorn|54/100|[silent]
|upkeep
|turn|26
|inactive|draco gem has 135 seconds left.
|
|switch|p1a: Chansey|Chansey, F|88/100
|-damage|p1a: Chansey|76/100|[from] Stealth Rock
|move|p2a: Garchomp|Earthquake|p1a: Chansey
|-damage|p1a: Chansey|10/100
|
|-weather|RainDance|[upkeep]
|-damage|p2a: Garchomp|45/100|[from] Leech Seed|[of] p1a: Chansey
|-heal|p1a: Chansey|16/100|[silent]
|upkeep
|turn|27
|
|move|p2a: Garchomp|Earthquake|p1a: Chansey
|-damage|p1a: Chansey|0 fnt
|faint|p1a: Chansey
|
|-weather|RainDance|[upkeep]
|upkeep
|
|switch|p1a: Ferrothorn|Ferrothorn, M|54/100
|-damage|p1a: Ferrothorn|48/100|[from] Stealth Rock
|turn|28
|
|move|p1a: Ferrothorn|Protect|p1a: Ferrothorn
|-singleturn|p1a: Ferrothorn|Protect
|move|p2a: Garchomp|Earthquake|p1a: Ferrothorn
|-activate|p1a: Ferrothorn|move: Protect
|
|-weather|RainDance|[upkeep]
|-heal|p1a: Ferrothorn|54/100|[from] item: Leftovers
|-damage|p2a: Garchomp|33/100|[from] Leech Seed|[of] p1a: Ferrothorn
|-heal|p1a: Ferrothorn|66/100|[silent]
|upkeep
|turn|29
|
|move|p2a: Garchomp|Earthquake|p1a: Ferrothorn
|-damage|p1a: Ferrothorn|3/100
|move|p1a: Ferrothorn|Spikes|p2a: Garchomp
|-sidestart|p2: porrompompom|Spikes
|
|-weather|RainDance|[upkeep]
|-heal|p1a: Ferrothorn|10/100|[from] item: Leftovers
|-damage|p2a: Garchomp|21/100|[from] Leech Seed|[of] p1a: Ferrothorn
|-heal|p1a: Ferrothorn|22/100|[silent]
|upkeep
|turn|30
|
|move|p1a: Ferrothorn|Protect|p1a: Ferrothorn
|-singleturn|p1a: Ferrothorn|Protect
|move|p2a: Garchomp|Earthquake|p1a: Ferrothorn
|-activate|p1a: Ferrothorn|move: Protect
|
|-weather|RainDance|[upkeep]
|-heal|p1a: Ferrothorn|28/100|[from] item: Leftovers
|-damage|p2a: Garchomp|8/100|[from] Leech Seed|[of] p1a: Ferrothorn
|-heal|p1a: Ferrothorn|41/100|[silent]
|upkeep
|turn|31
|
|move|p1a: Ferrothorn|Protect|p1a: Ferrothorn
|-fail|p1a: Ferrothorn
|move|p2a: Garchomp|Earthquake|p1a: Ferrothorn
|-crit|p1a: Ferrothorn
|-damage|p1a: Ferrothorn|0 fnt
|faint|p1a: Ferrothorn
|
|-weather|RainDance|[upkeep]
|upkeep
|
|switch|p1a: Gothitelle|Gothitelle, M|100/100
|-damage|p1a: Gothitelle|88/100|[from] Stealth Rock
|turn|32
|
|move|p1a: Gothitelle|Psychic|p2a: Garchomp
|-damage|p2a: Garchomp|0 fnt
|faint|p2a: Garchomp
|
|-weather|RainDance|[upkeep]
|upkeep
|
|switch|p2a: Scizor|Scizor, F|52/100
|-damage|p2a: Scizor|40/100|[from] Stealth Rock
|-damage|p2a: Scizor|28/100|[from] Spikes
|turn|33
|
|move|p1a: Gothitelle|Psychic|p2a: Scizor
|-resisted|p2a: Scizor
|-damage|p2a: Scizor|10/100
|move|p2a: Scizor|Pursuit|p1a: Gothitelle
|-supereffective|p1a: Gothitelle
|-damage|p1a: Gothitelle|25/100
|
|-weather|RainDance|[upkeep]
|upkeep
|turn|34
|
|move|p1a: Gothitelle|Psychic|p2a: Scizor
|-resisted|p2a: Scizor
|-damage|p2a: Scizor|0 fnt
|faint|p2a: Scizor
|
|-weather|RainDance|[upkeep]
|upkeep
|
|switch|p2a: Rotom|Rotom-Wash|100/100
|-damage|p2a: Rotom|88/100|[from] Stealth Rock
|turn|35
|
|move|p1a: Gothitelle|Psychic|p2a: Rotom
|-damage|p2a: Rotom|66/100
|move|p2a: Rotom|Volt Switch|p1a: Gothitelle
|-damage|p1a: Gothitelle|3/100
|
|switch|p2a: Gothitelle|Gothitelle, M|59/100
|-damage|p2a: Gothitelle|46/100|[from] Spikes
|-damage|p2a: Gothitelle|34/100|[from] Stealth Rock
|
|-weather|RainDance|[upkeep]
|upkeep
|turn|36
|
|move|p2a: Gothitelle|Psyshock|p1a: Gothitelle
|-resisted|p1a: Gothitelle
|-damage|p1a: Gothitelle|0 fnt
|faint|p1a: Gothitelle
|
|-weather|RainDance|[upkeep]
|upkeep
|
|switch|p1a: Tentacruel|Tentacruel, F|65/100
|-damage|p1a: Tentacruel|52/100|[from] Stealth Rock
|turn|37
|
|move|p1a: Tentacruel|Protect|p1a: Tentacruel
|-singleturn|p1a: Tentacruel|Protect
|move|p2a: Gothitelle|Psyshock|p1a: Tentacruel
|-activate|p1a: Tentacruel|move: Protect
|
|-weather|RainDance|[upkeep]
|-heal|p1a: Tentacruel|58/100|[from] ability: Rain Dish
|-heal|p1a: Tentacruel|64/100|[from] item: Black Sludge
|upkeep
|turn|38
|
|move|p2a: Gothitelle|Psyshock|p1a: Tentacruel
|-supereffective|p1a: Tentacruel
|-damage|p1a: Tentacruel|8/100
|move|p1a: Tentacruel|Scald|p2a: Gothitelle
|-damage|p2a: Gothitelle|0 fnt
|faint|p2a: Gothitelle
|
|-weather|RainDance|[upkeep]
|-heal|p1a: Tentacruel|14/100|[from] ability: Rain Dish
|-heal|p1a: Tentacruel|20/100|[from] item: Black Sludge
|upkeep
|
|switch|p2a: Rotom|Rotom-Wash|66/100
|-damage|p2a: Rotom|53/100|[from] Stealth Rock
|turn|39
|
|move|p1a: Tentacruel|Protect|p1a: Tentacruel
|-singleturn|p1a: Tentacruel|Protect
|move|p2a: Rotom|Volt Switch|p1a: Tentacruel
|-activate|p1a: Tentacruel|move: Protect
|
|-weather|RainDance|[upkeep]
|-heal|p1a: Tentacruel|26/100|[from] ability: Rain Dish
|-heal|p1a: Tentacruel|32/100|[from] item: Black Sludge
|-heal|p2a: Rotom|59/100|[from] item: Leftovers
|upkeep
|turn|40
|
|move|p1a: Tentacruel|Protect|p1a: Tentacruel
|-singleturn|p1a: Tentacruel|Protect
|move|p2a: Rotom|Volt Switch|p1a: Tentacruel
|-activate|p1a: Tentacruel|move: Protect
|
|-weather|RainDance|[upkeep]
|-heal|p1a: Tentacruel|39/100|[from] ability: Rain Dish
|-heal|p1a: Tentacruel|45/100|[from] item: Black Sludge
|-heal|p2a: Rotom|65/100|[from] item: Leftovers
|upkeep
|turn|41
|
|move|p1a: Tentacruel|Protect|p1a: Tentacruel
|-singleturn|p1a: Tentacruel|Protect
|move|p2a: Rotom|Volt Switch|p1a: Tentacruel
|-activate|p1a: Tentacruel|move: Protect
|
|-weather|RainDance|[upkeep]
|-heal|p1a: Tentacruel|51/100|[from] ability: Rain Dish
|-heal|p1a: Tentacruel|57/100|[from] item: Black Sludge
|-heal|p2a: Rotom|71/100|[from] item: Leftovers
|upkeep
|turn|42
|
|move|p1a: Tentacruel|Toxic|p2a: Rotom
|-status|p2a: Rotom|tox
|move|p2a: Rotom|Thunder Wave|p1a: Tentacruel
|-status|p1a: Tentacruel|par
|
|-weather|RainDance|[upkeep]
|-heal|p1a: Tentacruel|63/100 par|[from] ability: Rain Dish
|-heal|p2a: Rotom|77/100 tox|[from] item: Leftovers
|-heal|p1a: Tentacruel|69/100 par|[from] item: Black Sludge
|-damage|p2a: Rotom|71/100 tox|[from] psn
|upkeep
|turn|43
|
|move|p2a: Rotom|Hydro Pump|p1a: Tentacruel|[miss]
|-miss|p2a: Rotom|p1a: Tentacruel
|cant|p1a: Tentacruel|par
|
|-weather|RainDance|[upkeep]
|-heal|p1a: Tentacruel|75/100 par|[from] ability: Rain Dish
|-heal|p2a: Rotom|77/100 tox|[from] item: Leftovers
|-heal|p1a: Tentacruel|81/100 par|[from] item: Black Sludge
|-damage|p2a: Rotom|65/100 tox|[from] psn
|upkeep
|turn|44
|
|move|p2a: Rotom|Pain Split|p1a: Tentacruel
|-sethp|p1a: Tentacruel|68/100 par|p2a: Rotom|81/100 tox|[from] move: Pain Split
|cant|p1a: Tentacruel|par
|
|-weather|RainDance|[upkeep]
|-heal|p1a: Tentacruel|74/100 par|[from] ability: Rain Dish
|-heal|p2a: Rotom|87/100 tox|[from] item: Leftovers
|-heal|p1a: Tentacruel|80/100 par|[from] item: Black Sludge
|-damage|p2a: Rotom|69/100 tox|[from] psn
|upkeep
|turn|45
|inactive|porrompompom has 135 seconds left.
|
|move|p2a: Rotom|Pain Split|p1a: Tentacruel
|-sethp|p1a: Tentacruel|69/100 par|p2a: Rotom|82/100 tox|[from] move: Pain Split
|move|p1a: Tentacruel|Scald|p2a: Rotom
|-resisted|p2a: Rotom
|-damage|p2a: Rotom|69/100 tox
|
|-weather|RainDance|[upkeep]
|-heal|p1a: Tentacruel|75/100 par|[from] ability: Rain Dish
|-heal|p2a: Rotom|75/100 tox|[from] item: Leftovers
|-heal|p1a: Tentacruel|81/100 par|[from] item: Black Sludge
|-damage|p2a: Rotom|52/100 tox|[from] psn
|upkeep
|turn|46
|
|move|p2a: Rotom|Pain Split|p1a: Tentacruel
|-sethp|p1a: Tentacruel|62/100 par|p2a: Rotom|74/100 tox|[from] move: Pain Split
|cant|p1a: Tentacruel|par
|
|-weather|RainDance|[upkeep]
|-heal|p1a: Tentacruel|68/100 par|[from] ability: Rain Dish
|-heal|p2a: Rotom|80/100 tox|[from] item: Leftovers
|-heal|p1a: Tentacruel|74/100 par|[from] item: Black Sludge
|-damage|p2a: Rotom|50/100 tox|[from] psn
|upkeep
|turn|47
|
|move|p2a: Rotom|Pain Split|p1a: Tentacruel
|-sethp|p1a: Tentacruel|58/100 par|p2a: Rotom|69/100 tox|[from] move: Pain Split
|move|p1a: Tentacruel|Scald|p2a: Rotom
|-resisted|p2a: Rotom
|-damage|p2a: Rotom|56/100 tox
|
|-weather|RainDance|[upkeep]
|-heal|p1a: Tentacruel|64/100 par|[from] ability: Rain Dish
|-heal|p2a: Rotom|62/100 tox|[from] item: Leftovers
|-heal|p1a: Tentacruel|70/100 par|[from] item: Black Sludge
|-damage|p2a: Rotom|27/100 tox|[from] psn
|upkeep
|turn|48
|
|move|p1a: Tentacruel|Protect|p1a: Tentacruel
|-singleturn|p1a: Tentacruel|Protect
|move|p2a: Rotom|Pain Split|p1a: Tentacruel
|-activate|p1a: Tentacruel|move: Protect
|
|-weather|RainDance|[upkeep]
|-heal|p1a: Tentacruel|76/100 par|[from] ability: Rain Dish
|-heal|p2a: Rotom|33/100 tox|[from] item: Leftovers
|-heal|p1a: Tentacruel|82/100 par|[from] item: Black Sludge
|-damage|p2a: Rotom|0 fnt|[from] psn
|upkeep
|faint|p2a: Rotom
|
|switch|p2a: Landorus|Landorus-Therian, M|82/100 tox
|-damage|p2a: Landorus|70/100 tox|[from] Stealth Rock
|-ability|p2a: Landorus|Intimidate|boost
|-unboost|p1a: Tentacruel|atk|1
|turn|49
|inactive|draco gem has 135 seconds left.
|
|move|p1a: Tentacruel|Protect|p1a: Tentacruel
|-singleturn|p1a: Tentacruel|Protect
|move|p2a: Landorus|Earthquake|p1a: Tentacruel
|-activate|p1a: Tentacruel|move: Protect
|
|-weather|RainDance|[upkeep]
|-heal|p1a: Tentacruel|88/100 par|[from] ability: Rain Dish
|-heal|p2a: Landorus|76/100 tox|[from] item: Leftovers
|-heal|p1a: Tentacruel|94/100 par|[from] item: Black Sludge
|-damage|p2a: Landorus|70/100 tox|[from] psn
|upkeep
|turn|50
|
|move|p2a: Landorus|Earthquake|p1a: Tentacruel
|-supereffective|p1a: Tentacruel
|-damage|p1a: Tentacruel|6/100 par
|move|p1a: Tentacruel|Scald|p2a: Landorus
|-supereffective|p2a: Landorus
|-damage|p2a: Landorus|0 fnt
|faint|p2a: Landorus
|
|win|draco gem
|raw|draco gem's rating: 1523 &rarr; <strong>1539</strong><br />(+16 for winning)
|raw|porrompompom's rating: 1462 &rarr; <strong>1445</strong><br />(-17 for losing)
|l|☆porrompompom
|c|☆draco gem|/log draco gem made this room hidden.
