|j|☆volcanionisgood
|j|☆LTEZ Kellogs
|player|p1|volcanionisgood|burglar-gen1
|player|p2|LTEZ Kellogs|pokemonbreeder-gen3
|teamsize|p1|6
|teamsize|p2|6
|gametype|singles
|gen|5
|tier|[Gen 5] OU
|rated|
|rule|Sleep Clause Mod: Limit one foe put to sleep
|rule|Species Clause: Limit one of each Pokémon
|rule|OHKO Clause: OHKO moves are banned
|rule|Moody Clause: Moody is banned
|rule|Evasion Moves Clause: Evasion moves are banned
|rule|Endless Battle Clause: Forcing endless battles is banned
|rule|HP Percentage Mod: HP is shown in percentages
|rule|Evasion Abilities Clause: Evasion abilities are banned
|rule|Baton Pass Clause: Limit one Baton Passer, can't pass Spe and other stats simultaneously
|rule|Swagger Clause: Swagger is banned
|clearpoke
|poke|p1|Politoed, F|item
|poke|p1|Skarmory, F|item
|poke|p1|Ferrothorn, F|item
|poke|p1|Tentacruel, M|item
|poke|p1|Jolteon, M|item
|poke|p1|Keldeo-Resolute|item
|poke|p2|Abomasnow, F|item
|poke|p2|Tentacruel, M|item
|poke|p2|Reuniclus, M|item
|poke|p2|Kyurem|item
|poke|p2|Jirachi|item
|poke|p2|Garchomp, F|item
|teampreview
|inactive|Battle timer is ON: inactive players will automatically lose when time's up. (requested by volcanionisgood)
|
|start
|switch|p1a: Jolteon|Jolteon, M|100/100
|switch|p2a: Kyurem|Kyurem|100/100
|-ability|p2a: Kyurem|Pressure
|turn|1
|
|move|p1a: Jolteon|Volt Switch|p2a: Kyurem
|-resisted|p2a: Kyurem
|-damage|p2a: Kyurem|80/100
|
|switch|p1a: Ferrothorn|Ferrothorn, F|100/100
|move|p2a: Kyurem|Ice Beam|p1a: Ferrothorn
|-damage|p1a: Ferrothorn|67/100
|
|-heal|p2a: Kyurem|86/100|[from] item: Leftovers
|-heal|p1a: Ferrothorn|73/100|[from] item: Leftovers
|upkeep
|turn|2
|
|move|p2a: Kyurem|Substitute|p2a: Kyurem
|-start|p2a: Kyurem|Substitute
|-damage|p2a: Kyurem|61/100
|move|p1a: Ferrothorn|Stealth Rock|p2a: Kyurem
|-sidestart|p2: LTEZ Kellogs|move: Stealth Rock
|
|-heal|p2a: Kyurem|67/100|[from] item: Leftovers
|-heal|p1a: Ferrothorn|79/100|[from] item: Leftovers
|upkeep
|turn|3
|
|move|p1a: Ferrothorn|Protect|p1a: Ferrothorn
|-singleturn|p1a: Ferrothorn|Protect
|move|p2a: Kyurem|Ice Beam|p1a: Ferrothorn
|-activate|p1a: Ferrothorn|move: Protect
|
|-heal|p2a: Kyurem|73/100|[from] item: Leftovers
|-heal|p1a: Ferrothorn|86/100|[from] item: Leftovers
|upkeep
|turn|4
|
|switch|p1a: Politoed|Politoed, F|100/100
|-weather|RainDance|[from] ability: Drizzle|[of] p1a: Politoed
|move|p2a: Kyurem|Ice Beam|p1a: Politoed
|-resisted|p1a: Politoed
|-damage|p1a: Politoed|72/100
|
|-weather|RainDance|[upkeep]
|-heal|p2a: Kyurem|79/100|[from] item: Leftovers
|upkeep
|turn|5
|
|switch|p1a: Tentacruel|Tentacruel, M|100/100
|move|p2a: Kyurem|Earth Power|p1a: Tentacruel
|-supereffective|p1a: Tentacruel
|-damage|p1a: Tentacruel|60/100
|
|-weather|RainDance|[upkeep]
|-heal|p1a: Tentacruel|66/100|[from] ability: Rain Dish
|-heal|p2a: Kyurem|86/100|[from] item: Leftovers
|-heal|p1a: Tentacruel|72/100|[from] item: Black Sludge
|upkeep
|turn|6
|
|move|p1a: Tentacruel|Protect|p1a: Tentacruel
|-singleturn|p1a: Tentacruel|Protect
|move|p2a: Kyurem|Earth Power|p1a: Tentacruel
|-activate|p1a: Tentacruel|move: Protect
|
|-weather|RainDance|[upkeep]
|-heal|p1a: Tentacruel|78/100|[from] ability: Rain Dish
|-heal|p2a: Kyurem|92/100|[from] item: Leftovers
|-heal|p1a: Tentacruel|84/100|[from] item: Black Sludge
|upkeep
|turn|7
|
|move|p2a: Kyurem|Ice Beam|p1a: Tentacruel
|-resisted|p1a: Tentacruel
|-damage|p1a: Tentacruel|67/100
|move|p1a: Tentacruel|Scald|p2a: Kyurem
|-resisted|p2a: Kyurem
|-activate|p2a: Kyurem|Substitute|[damage]
|
|-weather|RainDance|[upkeep]
|-heal|p1a: Tentacruel|73/100|[from] ability: Rain Dish
|-heal|p2a: Kyurem|98/100|[from] item: Leftovers
|-heal|p1a: Tentacruel|79/100|[from] item: Black Sludge
|upkeep
|turn|8
|
|move|p1a: Tentacruel|Protect|p1a: Tentacruel
|-singleturn|p1a: Tentacruel|Protect
|move|p2a: Kyurem|Earth Power|p1a: Tentacruel
|-activate|p1a: Tentacruel|move: Protect
|
|-weather|RainDance|[upkeep]
|-heal|p1a: Tentacruel|85/100|[from] ability: Rain Dish
|-heal|p2a: Kyurem|100/100|[from] item: Leftovers
|-heal|p1a: Tentacruel|91/100|[from] item: Black Sludge
|upkeep
|turn|9
|
|move|p2a: Kyurem|Earth Power|p1a: Tentacruel
|-supereffective|p1a: Tentacruel
|-crit|p1a: Tentacruel
|-damage|p1a: Tentacruel|10/100
|move|p1a: Tentacruel|Toxic Spikes|p2a: Kyurem
|-sidestart|p2: LTEZ Kellogs|move: Toxic Spikes
|
|-weather|RainDance|[upkeep]
|-heal|p1a: Tentacruel|16/100|[from] ability: Rain Dish
|-heal|p1a: Tentacruel|22/100|[from] item: Black Sludge
|upkeep
|turn|10
|
|move|p1a: Tentacruel|Protect|p1a: Tentacruel
|-singleturn|p1a: Tentacruel|Protect
|move|p2a: Kyurem|Earth Power|p1a: Tentacruel
|-activate|p1a: Tentacruel|move: Protect
|
|-weather|RainDance|[upkeep]
|-heal|p1a: Tentacruel|28/100|[from] ability: Rain Dish
|-heal|p1a: Tentacruel|34/100|[from] item: Black Sludge
|upkeep
|turn|11
|
|switch|p1a: Ferrothorn|Ferrothorn, F|86/100
|move|p2a: Kyurem|Ice Beam|p1a: Ferrothorn
|-damage|p1a: Ferrothorn|52/100
|
|-weather|RainDance|[upkeep]
|-heal|p1a: Ferrothorn|58/100|[from] item: Leftovers
|upkeep
|turn|12
|
|move|p1a: Ferrothorn|Protect|p1a: Ferrothorn
|-singleturn|p1a: Ferrothorn|Protect
|move|p2a: Kyurem|Earth Power|p1a: Ferrothorn
|-activate|p1a: Ferrothorn|move: Protect
|
|-weather|RainDance|[upkeep]
|-heal|p1a: Ferrothorn|65/100|[from] item: Leftovers
|upkeep
|turn|13
|
|switch|p1a: Tentacruel|Tentacruel, M|34/100
|move|p2a: Kyurem|Ice Beam|p1a: Tentacruel
|-resisted|p1a: Tentacruel
|-damage|p1a: Tentacruel|17/100
|
|-weather|RainDance|[upkeep]
|-heal|p1a: Tentacruel|23/100|[from] ability: Rain Dish
|-heal|p1a: Tentacruel|29/100|[from] item: Black Sludge
|upkeep
|turn|14
|
|move|p1a: Tentacruel|Protect|p1a: Tentacruel
|-singleturn|p1a: Tentacruel|Protect
|move|p2a: Kyurem|Earth Power|p1a: Tentacruel
|-activate|p1a: Tentacruel|move: Protect
|
|-weather|RainDance|[upkeep]
|-heal|p1a: Tentacruel|35/100|[from] ability: Rain Dish
|-heal|p1a: Tentacruel|41/100|[from] item: Black Sludge
|upkeep
|turn|15
|
|switch|p1a: Skarmory|Skarmory, F|100/100
|move|p2a: Kyurem|Earth Power|p1a: Skarmory
|-immune|p1a: Skarmory
|
|-weather|RainDance|[upkeep]
|upkeep
|turn|16
|
|switch|p1a: Tentacruel|Tentacruel, M|41/100
|move|p2a: Kyurem|Ice Beam|p1a: Tentacruel
|-resisted|p1a: Tentacruel
|-damage|p1a: Tentacruel|23/100
|
|-weather|RainDance|[upkeep]
|-heal|p1a: Tentacruel|29/100|[from] ability: Rain Dish
|-heal|p1a: Tentacruel|35/100|[from] item: Black Sludge
|upkeep
|turn|17
|
|move|p1a: Tentacruel|Protect|p1a: Tentacruel
|-singleturn|p1a: Tentacruel|Protect
|move|p2a: Kyurem|Ice Beam|p1a: Tentacruel
|-activate|p1a: Tentacruel|move: Protect
|
|-weather|RainDance|[upkeep]
|-heal|p1a: Tentacruel|41/100|[from] ability: Rain Dish
|-heal|p1a: Tentacruel|47/100|[from] item: Black Sludge
|upkeep
|turn|18
|
|switch|p1a: Ferrothorn|Ferrothorn, F|65/100
|move|p2a: Kyurem|Ice Beam|p1a: Ferrothorn
|-damage|p1a: Ferrothorn|29/100
|
|-weather|RainDance|[upkeep]
|-heal|p1a: Ferrothorn|36/100|[from] item: Leftovers
|upkeep
|turn|19
|
|move|p1a: Ferrothorn|Protect|p1a: Ferrothorn
|-singleturn|p1a: Ferrothorn|Protect
|move|p2a: Kyurem|Roost||[still]
|-fail|p2a: Kyurem
|
|-weather|RainDance|[upkeep]
|-heal|p1a: Ferrothorn|42/100|[from] item: Leftovers
|upkeep
|turn|20
|
|switch|p1a: Tentacruel|Tentacruel, M|47/100
|move|p2a: Kyurem|Earth Power|p1a: Tentacruel
|-supereffective|p1a: Tentacruel
|-damage|p1a: Tentacruel|7/100
|
|-weather|RainDance|[upkeep]
|-heal|p1a: Tentacruel|13/100|[from] ability: Rain Dish
|-heal|p1a: Tentacruel|19/100|[from] item: Black Sludge
|upkeep
|turn|21
|
|move|p1a: Tentacruel|Protect|p1a: Tentacruel
|-singleturn|p1a: Tentacruel|Protect
|move|p2a: Kyurem|Roost||[still]
|-fail|p2a: Kyurem
|
|-weather|RainDance|[upkeep]
|-heal|p1a: Tentacruel|25/100|[from] ability: Rain Dish
|-heal|p1a: Tentacruel|32/100|[from] item: Black Sludge
|upkeep
|turn|22
|
|move|p1a: Tentacruel|Protect||[still]
|-fail|p1a: Tentacruel
|move|p2a: Kyurem|Earth Power|p1a: Tentacruel
|-supereffective|p1a: Tentacruel
|-damage|p1a: Tentacruel|0 fnt
|faint|p1a: Tentacruel
|
|-weather|RainDance|[upkeep]
|upkeep
|
|switch|p1a: Keldeo|Keldeo-Resolute|100/100
|turn|23
|
|move|p1a: Keldeo|Calm Mind|p1a: Keldeo
|-boost|p1a: Keldeo|spa|1
|-boost|p1a: Keldeo|spd|1
|move|p2a: Kyurem|Substitute|p2a: Kyurem
|-fail|p2a: Kyurem|move: Substitute
|
|-weather|RainDance|[upkeep]
|upkeep
|turn|24
|
|switch|p2a: Jirachi|Jirachi|100/100
|-damage|p2a: Jirachi|94/100|[from] Stealth Rock
|move|p1a: Keldeo|Scald|p2a: Jirachi
|-damage|p2a: Jirachi|0 fnt
|-damage|p1a: Keldeo|91/100|[from] item: Life Orb
|faint|p2a: Jirachi
|
|-weather|RainDance|[upkeep]
|upkeep
|
|switch|p2a: Tentacruel|Tentacruel, M|100/100
|-damage|p2a: Tentacruel|88/100|[from] Stealth Rock
|-sideend|p2: LTEZ Kellogs|move: Toxic Spikes|[of] p2a: Tentacruel
|turn|25
|
|move|p1a: Keldeo|Hydro Pump|p2a: Tentacruel
|-resisted|p2a: Tentacruel
|-damage|p2a: Tentacruel|16/100
|-damage|p1a: Keldeo|81/100|[from] item: Life Orb
|move|p2a: Tentacruel|Scald|p1a: Keldeo
|-resisted|p1a: Keldeo
|-damage|p1a: Keldeo|68/100
|
|-weather|RainDance|[upkeep]
|-heal|p2a: Tentacruel|22/100|[from] ability: Rain Dish
|-heal|p2a: Tentacruel|28/100|[from] item: Black Sludge
|upkeep
|turn|26
|
|move|p2a: Tentacruel|Protect|p2a: Tentacruel
|-singleturn|p2a: Tentacruel|Protect
|move|p1a: Keldeo|Secret Sword|p2a: Tentacruel
|-activate|p2a: Tentacruel|move: Protect
|
|-weather|RainDance|[upkeep]
|-heal|p2a: Tentacruel|34/100|[from] ability: Rain Dish
|-heal|p2a: Tentacruel|40/100|[from] item: Black Sludge
|upkeep
|turn|27
|
|move|p2a: Tentacruel|Protect||[still]
|-fail|p2a: Tentacruel
|move|p1a: Keldeo|Scald|p2a: Tentacruel
|-resisted|p2a: Tentacruel
|-damage|p2a: Tentacruel|0 fnt
|-damage|p1a: Keldeo|58/100|[from] item: Life Orb
|faint|p2a: Tentacruel
|
|-weather|RainDance|[upkeep]
|upkeep
|
|switch|p2a: Abomasnow|Abomasnow, F|100/100
|-damage|p2a: Abomasnow|75/100|[from] Stealth Rock
|-weather|Hail|[from] ability: Snow Warning|[of] p2a: Abomasnow
|turn|28
|
|move|p2a: Abomasnow|Protect|p2a: Abomasnow
|-singleturn|p2a: Abomasnow|Protect
|move|p1a: Keldeo|Secret Sword|p2a: Abomasnow
|-activate|p2a: Abomasnow|move: Protect
|
|-weather|Hail|[upkeep]
|-damage|p1a: Keldeo|52/100|[from] Hail
|-heal|p2a: Abomasnow|82/100|[from] item: Leftovers
|upkeep
|turn|29
|
|move|p2a: Abomasnow|Protect||[still]
|-fail|p2a: Abomasnow
|move|p1a: Keldeo|Secret Sword|p2a: Abomasnow
|-supereffective|p2a: Abomasnow
|-damage|p2a: Abomasnow|0 fnt
|-damage|p1a: Keldeo|42/100|[from] item: Life Orb
|faint|p2a: Abomasnow
|
|-weather|Hail|[upkeep]
|-damage|p1a: Keldeo|35/100|[from] Hail
|upkeep
|
|switch|p2a: Reuniclus|Reuniclus, M|100/100
|turn|30
|
|move|p1a: Keldeo|Hydro Pump|p2a: Reuniclus
|-damage|p2a: Reuniclus|0 fnt
|-damage|p1a: Keldeo|26/100|[from] item: Life Orb
|faint|p2a: Reuniclus
|
|-weather|Hail|[upkeep]
|-damage|p1a: Keldeo|19/100|[from] Hail
|upkeep
|
|switch|p2a: Garchomp|Garchomp, F|100/100
|-damage|p2a: Garchomp|94/100|[from] Stealth Rock
|turn|31
|
|move|p1a: Keldeo|Hydro Pump|p2a: Garchomp
|-damage|p2a: Garchomp|0 fnt
|-damage|p1a: Keldeo|9/100|[from] item: Life Orb
|faint|p2a: Garchomp
|
|-weather|Hail|[upkeep]
|-damage|p1a: Keldeo|3/100|[from] Hail
|upkeep
|c|☆LTEZ Kellogs|holy dude
|c|☆volcanionisgood|gg
|
|switch|p2a: Kyurem|Kyurem|100/100
|-damage|p2a: Kyurem|75/100|[from] Stealth Rock
|-ability|p2a: Kyurem|Pressure
|turn|32
|
|move|p1a: Keldeo|Secret Sword|p2a: Kyurem
|-supereffective|p2a: Kyurem
|-damage|p2a: Kyurem|0 fnt
|-damage|p1a: Keldeo|0 fnt|[from] item: Life Orb
|faint|p2a: Kyurem
|faint|p1a: Keldeo
|
|win|volcanionisgood
|raw|volcanionisgood's rating: 1402 &rarr; <strong>1426</strong><br />(+24 for winning)
|raw|LTEZ Kellogs's rating: 1473 &rarr; <strong>1449</strong><br />(-24 for losing)
|l|☆volcanionisgood
