|j|‽seaofdreams
|j|☆anglemort33
|t:|1727187663
|gametype|singles
|player|p1|seaofdreams|fantina|1334
|player|p2|anglemort33|266|1312
|teamsize|p1|6
|teamsize|p2|6
|gen|5
|tier|[Gen 5] OU
|rated|
|rule|Species Clause: Limit one of each Pokémon
|rule|OHKO Clause: OHKO moves are banned
|rule|Moody Clause: Moody is banned
|rule|Evasion Items Clause: Evasion items are banned
|rule|Evasion Moves Clause: Evasion moves are banned
|rule|Endless Battle Clause: Forcing endless battles is banned
|rule|HP Percentage Mod: HP is shown in percentages
|rule|Evasion Abilities Clause: Evasion abilities are banned
|rule|Sleep Moves Clause: Sleep-inducing moves are banned
|rule|Swagger Clause: Swagger is banned
|rule|Baton Pass Stat Clause: No Baton Passer may have a way to boost its stats
|clearpoke
|poke|p1|Politoed, F|item
|poke|p1|Volcarona, M|item
|poke|p1|Dragonite, M|item
|poke|p1|Starmie|item
|poke|p1|Lanturn, M|item
|poke|p1|Skarmory, F|item
|poke|p2|Tyranitar, M|item
|poke|p2|Skarmory, M|item
|poke|p2|Jellicent, M|item
|poke|p2|Latios, M|item
|poke|p2|Alakazam, M|item
|poke|p2|Gliscor, M|item
|teampreview
|
|t:|1727187713
|start
|switch|p1a: Skarmory|Skarmory, F|100/100
|switch|p2a: Latios|Latios, M|100/100
|turn|1
|
|t:|1727187720
|move|p2a: Latios|Hidden Power|p1a: Skarmory
|-supereffective|p1a: Skarmory
|-damage|p1a: Skarmory|11/100
|move|p1a: Skarmory|Stealth Rock|p2a: Latios
|-sidestart|p2: anglemort33|move: Stealth Rock
|
|upkeep
|turn|2
|-enditem|p1a: Skarmory|Custap Berry|[eat]
|-activate|p1a: Skarmory|item: Custap Berry|[consumed]
|
|t:|1727187731
|move|p1a: Skarmory|Brave Bird|p2a: Latios
|-damage|p2a: Latios|36/100
|-damage|p1a: Skarmory|0 fnt|[from] Recoil
|faint|p1a: Skarmory
|move|p2a: Latios|Hidden Power|p1: Skarmory|[notarget]
|-fail|p2a: Latios
|
|upkeep
|j| grohbr
|
|t:|1727187759
|switch|p1a: Politoed|Politoed, F, shiny|100/100
|-weather|RainDance|[from] ability: Drizzle|[of] p1a: Politoed
|turn|3
|
|t:|1727187798
|switch|p2a: Jellicent|Jellicent, M|100/100
|-damage|p2a: Jellicent|88/100|[from] Stealth Rock
|move|p1a: Politoed|Hydro Pump|p2a: Jellicent
|-heal|p2a: Jellicent|100/100|[from] ability: Water Absorb|[of] p1a: Politoed
|
|-weather|RainDance|[upkeep]
|upkeep
|turn|4
|
|t:|1727187810
|switch|p1a: Lanturn|Lanturn, M|100/100
|move|p2a: Jellicent|Night Shade|p1a: Lanturn
|-damage|p1a: Lanturn|78/100
|
|-weather|RainDance|[upkeep]
|upkeep
|turn|5
|
|t:|1727187820
|switch|p2a: Tyranitar|Tyranitar, M|100/100
|-damage|p2a: Tyranitar|88/100|[from] Stealth Rock
|-weather|Sandstorm|[from] ability: Sand Stream|[of] p2a: Tyranitar
|move|p1a: Lanturn|Volt Switch|p2a: Tyranitar
|-damage|p2a: Tyranitar|70/100
|
|t:|1727187828
|switch|p1a: Politoed|Politoed, F, shiny|100/100|[from] Volt Switch
|-weather|RainDance|[from] ability: Drizzle|[of] p1a: Politoed
|
|-weather|RainDance|[upkeep]
|upkeep
|turn|6
|
|t:|1727187874
|switch|p1a: Lanturn|Lanturn, M|78/100
|switch|p2a: Jellicent|Jellicent, M|100/100
|-damage|p2a: Jellicent|88/100|[from] Stealth Rock
|
|-weather|RainDance|[upkeep]
|-heal|p2a: Jellicent|94/100|[from] item: Leftovers
|upkeep
|turn|7
|
|t:|1727187923
|move|p2a: Jellicent|Night Shade|p1a: Lanturn
|-damage|p1a: Lanturn|56/100
|move|p1a: Lanturn|Hidden Power|p2a: Jellicent
|-supereffective|p2a: Jellicent
|-damage|p2a: Jellicent|47/100
|
|-weather|RainDance|[upkeep]
|-heal|p2a: Jellicent|53/100|[from] item: Leftovers
|upkeep
|turn|8
|
|t:|1727187943
|switch|p1a: Starmie|Starmie|100/100
|move|p2a: Jellicent|Recover|p2a: Jellicent
|-heal|p2a: Jellicent|100/100
|
|-weather|RainDance|[upkeep]
|upkeep
|turn|9
|
|t:|1727187979
|move|p1a: Starmie|Thunder|p2a: Jellicent
|-supereffective|p2a: Jellicent
|-damage|p2a: Jellicent|45/100
|move|p2a: Jellicent|Night Shade|p1a: Starmie
|-damage|p1a: Starmie|62/100
|
|-weather|RainDance|[upkeep]
|-heal|p1a: Starmie|68/100|[from] item: Leftovers
|-heal|p2a: Jellicent|51/100|[from] item: Leftovers
|upkeep
|turn|10
|
|t:|1727188014
|move|p1a: Starmie|Thunder|p2a: Jellicent
|-supereffective|p2a: Jellicent
|-damage|p2a: Jellicent|0 fnt
|faint|p2a: Jellicent
|
|-weather|RainDance|[upkeep]
|-heal|p1a: Starmie|74/100|[from] item: Leftovers
|upkeep
|
|t:|1727188027
|switch|p2a: Tyranitar|Tyranitar, M|70/100
|-damage|p2a: Tyranitar|57/100|[from] Stealth Rock
|-weather|Sandstorm|[from] ability: Sand Stream|[of] p2a: Tyranitar
|turn|11
|
|t:|1727188032
|move|p1a: Starmie|Hydro Pump|p2a: Tyranitar
|-supereffective|p2a: Tyranitar
|-damage|p2a: Tyranitar|7/100
|move|p2a: Tyranitar|Pursuit|p1a: Starmie
|-supereffective|p1a: Starmie
|-damage|p1a: Starmie|9/100
|
|-weather|Sandstorm|[upkeep]
|-damage|p1a: Starmie|3/100|[from] Sandstorm
|-heal|p1a: Starmie|9/100|[from] item: Leftovers
|upkeep
|turn|12
|
|t:|1727188089
|move|p1a: Starmie|Ice Beam|p2a: Tyranitar
|-damage|p2a: Tyranitar|0 fnt
|faint|p2a: Tyranitar
|
|-weather|Sandstorm|[upkeep]
|-damage|p1a: Starmie|3/100|[from] Sandstorm
|-heal|p1a: Starmie|9/100|[from] item: Leftovers
|upkeep
|
|t:|1727188102
|switch|p2a: Alakazam|Alakazam, M|100/100
|turn|13
|
|t:|1727188122
|switch|p1a: Lanturn|Lanturn, M|56/100
|move|p2a: Alakazam|Grass Knot|p1a: Lanturn
|-supereffective|p1a: Lanturn
|-damage|p1a: Lanturn|27/100
|
|-weather|Sandstorm|[upkeep]
|-damage|p1a: Lanturn|21/100|[from] Sandstorm
|upkeep
|turn|14
|
|t:|1727188168
|switch|p2a: Gliscor|Gliscor, M|100/100
|-damage|p2a: Gliscor|88/100|[from] Stealth Rock
|move|p1a: Lanturn|Volt Switch|p2a: Gliscor
|-immune|p2a: Gliscor
|
|-weather|Sandstorm|[upkeep]
|-damage|p1a: Lanturn|15/100|[from] Sandstorm
|-status|p2a: Gliscor|tox|[from] item: Toxic Orb
|upkeep
|turn|15
|
|t:|1727188262
|move|p2a: Gliscor|Stealth Rock|p1a: Lanturn
|-sidestart|p1: seaofdreams|move: Stealth Rock
|move|p1a: Lanturn|Volt Switch|p2a: Gliscor
|-immune|p2a: Gliscor
|
|-weather|Sandstorm|[upkeep]
|-damage|p1a: Lanturn|8/100|[from] Sandstorm
|-heal|p2a: Gliscor|100/100 tox|[from] ability: Poison Heal
|upkeep
|turn|16
|
|t:|1727188274
|move|p2a: Gliscor|U-turn|p1a: Lanturn
|-damage|p1a: Lanturn|0 fnt
|faint|p1a: Lanturn
|l| grohbr
|
|t:|1727188303
|switch|p2a: Alakazam|Alakazam, M|100/100|[from] U-turn
|
|-weather|Sandstorm|[upkeep]
|upkeep
|
|t:|1727188310
|switch|p1a: Politoed|Politoed, F, shiny|100/100
|-damage|p1a: Politoed|88/100|[from] Stealth Rock
|-weather|RainDance|[from] ability: Drizzle|[of] p1a: Politoed
|turn|17
|
|t:|1727188345
|switch|p2a: Gliscor|Gliscor, M|100/100 tox
|-damage|p2a: Gliscor|88/100 tox|[from] Stealth Rock
|move|p1a: Politoed|Ice Beam|p2a: Gliscor
|-supereffective|p2a: Gliscor
|-damage|p2a: Gliscor|0 fnt
|faint|p2a: Gliscor
|
|-weather|RainDance|[upkeep]
|upkeep
|
|t:|1727188368
|switch|p2a: Skarmory|Skarmory, M|100/100
|-damage|p2a: Skarmory|88/100|[from] Stealth Rock
|turn|18
|
|t:|1727188376
|move|p1a: Politoed|Ice Beam|p2a: Skarmory
|-damage|p2a: Skarmory|48/100
|move|p2a: Skarmory|Whirlwind|p1a: Politoed
|drag|p1a: Dragonite|Dragonite, M|100/100
|-damage|p1a: Dragonite|76/100|[from] Stealth Rock
|
|-weather|RainDance|[upkeep]
|-heal|p2a: Skarmory|54/100|[from] item: Leftovers
|upkeep
|turn|19
|
|t:|1727188388
|move|p1a: Dragonite|Waterfall|p2a: Skarmory
|-damage|p2a: Skarmory|19/100
|move|p2a: Skarmory|Roost|p2a: Skarmory
|-heal|p2a: Skarmory|69/100
|-singleturn|p2a: Skarmory|move: Roost
|
|-weather|RainDance|[upkeep]
|-heal|p2a: Skarmory|75/100|[from] item: Leftovers
|upkeep
|turn|20
|
|t:|1727188396
|move|p1a: Dragonite|Waterfall|p2a: Skarmory
|-damage|p2a: Skarmory|39/100
|move|p2a: Skarmory|Whirlwind|p1a: Dragonite
|drag|p1a: Volcarona|Volcarona, M|100/100
|-damage|p1a: Volcarona|50/100|[from] Stealth Rock
|
|-weather|RainDance|[upkeep]
|-heal|p2a: Skarmory|45/100|[from] item: Leftovers
|upkeep
|turn|21
|
|t:|1727188418
|move|p1a: Volcarona|Hidden Power|p2a: Skarmory
|-damage|p2a: Skarmory|8/100
|move|p2a: Skarmory|Whirlwind|p1a: Volcarona
|drag|p1a: Politoed|Politoed, F, shiny|88/100
|-damage|p1a: Politoed|76/100|[from] Stealth Rock
|
|-weather|RainDance|[upkeep]
|-heal|p2a: Skarmory|14/100|[from] item: Leftovers
|upkeep
|turn|22
|
|t:|1727188442
|move|p2a: Skarmory|Roost|p2a: Skarmory
|-heal|p2a: Skarmory|64/100
|-singleturn|p2a: Skarmory|move: Roost
|move|p1a: Politoed|Ice Beam|p2a: Skarmory
|-resisted|p2a: Skarmory
|-damage|p2a: Skarmory|43/100
|
|-weather|RainDance|[upkeep]
|-heal|p2a: Skarmory|49/100|[from] item: Leftovers
|upkeep
|turn|23
|
|t:|1727188453
|switch|p1a: Starmie|Starmie|9/100
|-damage|p1a: Starmie|0 fnt|[from] Stealth Rock
|faint|p1a: Starmie
|move|p2a: Skarmory|Roost|p2a: Skarmory
|-heal|p2a: Skarmory|99/100
|-singleturn|p2a: Skarmory|move: Roost
|
|-weather|RainDance|[upkeep]
|-heal|p2a: Skarmory|100/100|[from] item: Leftovers
|upkeep
|
|t:|1727188462
|switch|p1a: Politoed|Politoed, F, shiny|76/100
|-damage|p1a: Politoed|64/100|[from] Stealth Rock
|turn|24
|
|t:|1727188481
|move|p2a: Skarmory|Brave Bird|p1a: Politoed
|-crit|p1a: Politoed
|-damage|p1a: Politoed|0 fnt
|faint|p1a: Politoed
|-damage|p2a: Skarmory|77/100|[from] Recoil
|
|-weather|RainDance|[upkeep]
|-heal|p2a: Skarmory|83/100|[from] item: Leftovers
|upkeep
|
|t:|1727188490
|switch|p1a: Dragonite|Dragonite, M|76/100
|-damage|p1a: Dragonite|51/100|[from] Stealth Rock
|turn|25
|
|t:|1727188507
|move|p1a: Dragonite|Waterfall|p2a: Skarmory
|-damage|p2a: Skarmory|45/100
|move|p2a: Skarmory|Whirlwind|p1a: Dragonite
|drag|p1a: Volcarona|Volcarona, M|50/100
|-damage|p1a: Volcarona|0 fnt|[from] Stealth Rock
|faint|p1a: Volcarona
|
|-weather|RainDance|[upkeep]
|-heal|p2a: Skarmory|51/100|[from] item: Leftovers
|upkeep
|
|t:|1727188519
|switch|p1a: Dragonite|Dragonite, M|51/100
|-damage|p1a: Dragonite|26/100|[from] Stealth Rock
|turn|26
|
|t:|1727188523
|move|p1a: Dragonite|Dragon Dance|p1a: Dragonite
|-boost|p1a: Dragonite|atk|1
|-boost|p1a: Dragonite|spe|1
|move|p2a: Skarmory|Brave Bird|p1a: Dragonite
|-damage|p1a: Dragonite|0 fnt
|faint|p1a: Dragonite
|-damage|p2a: Skarmory|43/100|[from] Recoil
|
|win|anglemort33
|raw|seaofdreams's rating: 1334 &rarr; <strong>1313</strong><br />(-21 for losing)
|raw|anglemort33's rating: 1312 &rarr; <strong>1333</strong><br />(+21 for winning)
|c|☆anglemort33|ggs
