|j|☆seaofdreams
|j|☆LadderGod1
|t:|1727614934
|gametype|singles
|player|p1|seaofdreams|fantina|1289
|player|p2|LadderGod1|170|1313
|teamsize|p1|6
|teamsize|p2|6
|gen|5
|tier|[Gen 5] OU
|rated|
|rule|Species Clause: Limit one of each Pokémon
|rule|OHKO Clause: OHKO moves are banned
|rule|Moody Clause: Moody is banned
|rule|Evasion Items Clause: Evasion items are banned
|rule|Evasion Moves Clause: Evasion moves are banned
|rule|Endless Battle Clause: Forcing endless battles is banned
|rule|HP Percentage Mod: HP is shown in percentages
|rule|Evasion Abilities Clause: Evasion abilities are banned
|rule|Sleep Moves Clause: Sleep-inducing moves are banned
|rule|Swagger Clause: Swagger is banned
|rule|Baton Pass Stat Clause: No Baton Passer may have a way to boost its stats
|clearpoke
|poke|p1|Politoed, M|item
|poke|p1|Dragonite, M|item
|poke|p1|Gengar, F|item
|poke|p1|Starmie|item
|poke|p1|Lanturn, M|item
|poke|p1|Skarmory, M|item
|poke|p2|Garchomp, F|item
|poke|p2|Breloom, F|item
|poke|p2|Volcarona, M|item
|poke|p2|Starmie|item
|poke|p2|Scizor, M|item
|poke|p2|Latios, M|item
|teampreview
|c|☆seaofdreams|gl hf
|j| alien51xisxback
|c|☆LadderGod1|ty u2
|
|t:|1727614977
|start
|switch|p1a: Skarmory|Skarmory, M|100/100
|switch|p2a: Latios|Latios, M|100/100
|turn|1
|
|t:|1727614983
|move|p2a: Latios|Draco Meteor|p1a: Skarmory
|-resisted|p1a: Skarmory
|-damage|p1a: Skarmory|12/100
|-unboost|p2a: Latios|spa|2
|move|p1a: Skarmory|Stealth Rock|p2a: Latios
|-sidestart|p2: LadderGod1|move: Stealth Rock
|
|upkeep
|turn|2
|-enditem|p1a: Skarmory|Custap Berry|[eat]
|-activate|p1a: Skarmory|item: Custap Berry|[consumed]
|
|t:|1727614990
|move|p1a: Skarmory|Spikes|p2a: Latios
|-sidestart|p2: LadderGod1|Spikes
|move|p2a: Latios|Draco Meteor|p1a: Skarmory
|-resisted|p1a: Skarmory
|-damage|p1a: Skarmory|0 fnt
|-unboost|p2a: Latios|spa|2
|faint|p1a: Skarmory
|
|upkeep
|
|t:|1727615001
|switch|p1a: Gengar|Gengar, F|100/100
|turn|3
|
|t:|1727615011
|switch|p2a: Volcarona|Volcarona, M|100/100
|-damage|p2a: Volcarona|51/100|[from] Stealth Rock
|-damage|p2a: Volcarona|38/100|[from] Spikes
|-enditem|p2a: Volcarona|Sitrus Berry|[eat]
|-heal|p2a: Volcarona|63/100|[from] item: Sitrus Berry
|move|p1a: Gengar|Shadow Ball|p2a: Volcarona
|-damage|p2a: Volcarona|21/100
|-unboost|p2a: Volcarona|spd|1
|
|upkeep
|turn|4
|
|t:|1727615022
|move|p1a: Gengar|Shadow Ball|p2a: Volcarona
|-damage|p2a: Volcarona|0 fnt
|faint|p2a: Volcarona
|
|upkeep
|
|t:|1727615026
|switch|p2a: Latios|Latios, M|100/100
|-damage|p2a: Latios|88/100|[from] Stealth Rock
|turn|5
|
|t:|1727615042
|switch|p1a: Politoed|Politoed, M, shiny|100/100
|-weather|RainDance|[from] ability: Drizzle|[of] p1a: Politoed
|move|p2a: Latios|Draco Meteor|p1a: Politoed
|-damage|p1a: Politoed|12/100
|-unboost|p2a: Latios|spa|2
|
|-weather|RainDance|[upkeep]
|upkeep
|turn|6
|
|t:|1727615051
|move|p2a: Latios|Draco Meteor|p1a: Politoed
|-damage|p1a: Politoed|0 fnt
|-unboost|p2a: Latios|spa|2
|faint|p1a: Politoed
|
|-weather|RainDance|[upkeep]
|upkeep
|
|t:|1727615057
|switch|p1a: Lanturn|Lanturn, M|100/100
|turn|7
|
|t:|1727615061
|switch|p2a: Starmie|Starmie|100/100
|-damage|p2a: Starmie|88/100|[from] Stealth Rock
|-item|p2a: Starmie|Air Balloon
|move|p1a: Lanturn|Volt Switch|p2a: Starmie
|-supereffective|p2a: Starmie
|-damage|p2a: Starmie|0 fnt
|-enditem|p2a: Starmie|Air Balloon
|faint|p2a: Starmie
|
|t:|1727615077
|switch|p1a: Dragonite|Dragonite, M|100/100|[from] Volt Switch
|
|-weather|RainDance|[upkeep]
|upkeep
|
|t:|1727615084
|switch|p2a: Garchomp|Garchomp, F|100/100
|-damage|p2a: Garchomp|94/100|[from] Stealth Rock
|-damage|p2a: Garchomp|82/100|[from] Spikes
|turn|8
|
|t:|1727615090
|move|p2a: Garchomp|Dragon Claw|p1a: Dragonite
|-supereffective|p1a: Dragonite
|-damage|p1a: Dragonite|55/100
|move|p1a: Dragonite|Dragon Dance|p1a: Dragonite
|-boost|p1a: Dragonite|atk|1
|-boost|p1a: Dragonite|spe|1
|
|-weather|RainDance|[upkeep]
|upkeep
|turn|9
|
|t:|1727615100
|switch|p2a: Breloom|Breloom, F|100/100
|-damage|p2a: Breloom|94/100|[from] Stealth Rock
|-damage|p2a: Breloom|82/100|[from] Spikes
|move|p1a: Dragonite|Outrage|p2a: Breloom
|-damage|p2a: Breloom|0 fnt
|faint|p2a: Breloom
|
|-weather|RainDance|[upkeep]
|upkeep
|
|t:|1727615109
|switch|p2a: Scizor|Scizor, M|100/100
|-damage|p2a: Scizor|88/100|[from] Stealth Rock
|-damage|p2a: Scizor|76/100|[from] Spikes
|turn|10
|
|t:|1727615114
|move|p2a: Scizor|Bullet Punch|p1a: Dragonite
|-damage|p1a: Dragonite|2/100
|-damage|p2a: Scizor|66/100|[from] item: Life Orb
|move|p1a: Dragonite|Outrage|p2a: Scizor|[from]lockedmove
|-resisted|p2a: Scizor
|-damage|p2a: Scizor|11/100
|
|-weather|RainDance|[upkeep]
|upkeep
|turn|11
|
|t:|1727615122
|move|p2a: Scizor|Bullet Punch|p1a: Dragonite
|-damage|p1a: Dragonite|0 fnt
|faint|p1a: Dragonite
|-damage|p2a: Scizor|1/100|[from] item: Life Orb
|
|-weather|RainDance|[upkeep]
|upkeep
|
|t:|1727615131
|switch|p1a: Starmie|Starmie|100/100
|turn|12
|
|t:|1727615137
|move|p2a: Scizor|Bullet Punch|p1a: Starmie
|-resisted|p1a: Starmie
|-damage|p1a: Starmie|68/100
|-damage|p2a: Scizor|0 fnt|[from] item: Life Orb
|faint|p2a: Scizor
|move|p1a: Starmie|Ice Beam|p2: Scizor|[notarget]
|-fail|p1a: Starmie
|
|-weather|RainDance|[upkeep]
|-heal|p1a: Starmie|74/100|[from] item: Leftovers
|upkeep
|
|t:|1727615144
|switch|p2a: Latios|Latios, M|88/100
|-damage|p2a: Latios|76/100|[from] Stealth Rock
|turn|13
|
|t:|1727615148
|move|p1a: Starmie|Ice Beam|p2a: Latios
|-supereffective|p2a: Latios
|-damage|p2a: Latios|20/100
|move|p2a: Latios|Draco Meteor|p1a: Starmie
|-damage|p1a: Starmie|0 fnt
|-unboost|p2a: Latios|spa|2
|faint|p1a: Starmie
|
|-weather|RainDance|[upkeep]
|upkeep
|
|t:|1727615159
|switch|p1a: Lanturn|Lanturn, M|100/100
|turn|14
|
|t:|1727615162
|move|p2a: Latios|Draco Meteor|p1a: Lanturn
|-damage|p1a: Lanturn|51/100
|-unboost|p2a: Latios|spa|2
|move|p1a: Lanturn|Ice Beam|p2a: Latios
|-supereffective|p2a: Latios
|-crit|p2a: Latios
|-damage|p2a: Latios|0 fnt
|faint|p2a: Latios
|
|-weather|RainDance|[upkeep]
|upkeep
|
|t:|1727615166
|switch|p2a: Garchomp|Garchomp, F|82/100
|-damage|p2a: Garchomp|76/100|[from] Stealth Rock
|-damage|p2a: Garchomp|64/100|[from] Spikes
|turn|15
|
|t:|1727615175
|move|p2a: Garchomp|Earthquake|p1a: Lanturn
|-supereffective|p1a: Lanturn
|-damage|p1a: Lanturn|0 fnt
|faint|p1a: Lanturn
|
|-weather|RainDance|[upkeep]
|upkeep
|
|t:|1727615179
|switch|p1a: Gengar|Gengar, F|100/100
|turn|16
|
|t:|1727615184
|move|p1a: Gengar|Shadow Ball|p2a: Garchomp
|-damage|p2a: Garchomp|21/100
|move|p2a: Garchomp|Dragon Claw|p1a: Gengar
|-damage|p1a: Gengar|15/100
|
|-weather|RainDance|[upkeep]
|upkeep
|turn|17
|
|t:|1727615191
|move|p1a: Gengar|Shadow Ball|p2a: Garchomp
|-damage|p2a: Garchomp|0 fnt
|faint|p2a: Garchomp
|
|win|seaofdreams
|raw|seaofdreams's rating: 1289 &rarr; <strong>1316</strong><br />(+27 for winning)
|raw|LadderGod1's rating: 1313 &rarr; <strong>1292</strong><br />(-21 for losing)
|c|☆LadderGod1|gg
|c|☆seaofdreams|gg
