|j|☆Crowned Crystals ♔
|j|☆Ludicolion
|t:|1732746012
|gametype|singles
|player|p1|Crowned Crystals ♔|1|1508
|player|p2|Ludicolion|alder|1429
|teamsize|p1|6
|teamsize|p2|6
|gen|5
|tier|[Gen 5] OU
|rated|
|rule|Species Clause: Limit one of each Pokémon
|rule|OHKO Clause: OHKO moves are banned
|rule|Moody Clause: Moody is banned
|rule|Evasion Items Clause: Evasion items are banned
|rule|Evasion Moves Clause: Evasion moves are banned
|rule|Endless Battle Clause: Forcing endless battles is banned
|rule|HP Percentage Mod: HP is shown in percentages
|rule|Evasion Abilities Clause: Evasion abilities are banned
|rule|Sleep Moves Clause: Sleep-inducing moves are banned
|rule|Swagger Clause: Swagger is banned
|rule|Baton Pass Stat Clause: No Baton Passer may have a way to boost its stats
|clearpoke
|poke|p1|Politoed, F|item
|poke|p1|Keldeo|item
|poke|p1|Scizor, F|item
|poke|p1|Thundurus-Therian, M|item
|poke|p1|Ferrothorn, F|item
|poke|p1|Starmie|item
|poke|p2|Lucario, F|item
|poke|p2|Azelf|item
|poke|p2|Dragonite, M|item
|poke|p2|Garchomp, F|item
|poke|p2|Starmie|item
|poke|p2|Volcarona, F|item
|teampreview
|inactive|Battle timer is ON: inactive players will automatically lose when time's up. (requested by Crowned Crystals ♔)
|c|☆Ludicolion|glhf
|
|t:|1732746039
|start
|switch|p1a: Politoed|Politoed, F, shiny|100/100
|switch|p2a: Azelf|Azelf|100/100
|-weather|RainDance|[from] ability: Drizzle|[of] p1a: Politoed
|turn|1
|
|t:|1732746051
|move|p2a: Azelf|Stealth Rock|p1a: Politoed
|-sidestart|p1: Crowned Crystals ♔|move: Stealth Rock
|move|p1a: Politoed|Scald|p2a: Azelf
|-damage|p2a: Azelf|39/100
|-status|p2a: Azelf|brn
|
|-weather|RainDance|[upkeep]
|-damage|p2a: Azelf|26/100 brn|[from] brn
|upkeep
|turn|2
|
|t:|1732746061
|move|p2a: Azelf|Flamethrower|p1a: Politoed
|-resisted|p1a: Politoed
|-damage|p1a: Politoed|95/100
|move|p1a: Politoed|Scald|p2a: Azelf
|-crit|p2a: Azelf
|-damage|p2a: Azelf|0 fnt
|faint|p2a: Azelf
|
|-weather|RainDance|[upkeep]
|upkeep
|
|t:|1732746068
|switch|p2a: Starmie|Starmie|100/100
|-item|p2a: Starmie|Air Balloon
|turn|3
|
|t:|1732746073
|switch|p1a: Ferrothorn|Ferrothorn, F|100/100
|-damage|p1a: Ferrothorn|95/100|[from] Stealth Rock
|move|p2a: Starmie|Thunderbolt|p1a: Ferrothorn
|-resisted|p1a: Ferrothorn
|-damage|p1a: Ferrothorn|79/100
|
|-weather|RainDance|[upkeep]
|upkeep
|turn|4
|
|t:|1732746081
|switch|p2a: Volcarona|Volcarona, F|100/100
|move|p1a: Ferrothorn|Stealth Rock|p2a: Volcarona
|-sidestart|p2: Ludicolion|move: Stealth Rock
|
|-weather|RainDance|[upkeep]
|upkeep
|turn|5
|
|t:|1732746083
|switch|p1a: Keldeo|Keldeo|100/100
|-damage|p1a: Keldeo|94/100|[from] Stealth Rock
|move|p2a: Volcarona|Quiver Dance|p2a: Volcarona
|-boost|p2a: Volcarona|spa|1
|-boost|p2a: Volcarona|spd|1
|-boost|p2a: Volcarona|spe|1
|
|-weather|RainDance|[upkeep]
|upkeep
|turn|6
|
|t:|1732746091
|move|p1a: Keldeo|Surf|p2a: Volcarona
|-supereffective|p2a: Volcarona
|-damage|p2a: Volcarona|0 fnt
|faint|p2a: Volcarona
|
|-weather|RainDance|[upkeep]
|upkeep
|
|t:|1732746096
|switch|p2a: Starmie|Starmie|100/100
|-damage|p2a: Starmie|88/100|[from] Stealth Rock
|-item|p2a: Starmie|Air Balloon
|turn|7
|
|t:|1732746099
|switch|p1a: Ferrothorn|Ferrothorn, F|79/100
|-damage|p1a: Ferrothorn|73/100|[from] Stealth Rock
|move|p2a: Starmie|Rapid Spin|p1a: Ferrothorn
|-resisted|p1a: Ferrothorn
|-damage|p1a: Ferrothorn|72/100
|-damage|p2a: Starmie|76/100|[from] ability: Iron Barbs|[of] p1a: Ferrothorn
|-sideend|p2: Ludicolion|Stealth Rock|[from] move: Rapid Spin|[of] p2a: Starmie
|
|-weather|RainDance|[upkeep]
|upkeep
|turn|8
|
|t:|1732746107
|move|p2a: Starmie|Ice Beam|p1a: Ferrothorn
|-damage|p1a: Ferrothorn|48/100
|move|p1a: Ferrothorn|Stealth Rock|p2a: Starmie
|-sidestart|p2: Ludicolion|move: Stealth Rock
|
|-weather|RainDance|[upkeep]
|upkeep
|turn|9
|
|t:|1732746111
|move|p2a: Starmie|Rapid Spin|p1a: Ferrothorn
|-resisted|p1a: Ferrothorn
|-crit|p1a: Ferrothorn
|-damage|p1a: Ferrothorn|46/100
|-damage|p2a: Starmie|64/100|[from] ability: Iron Barbs|[of] p1a: Ferrothorn
|-sideend|p2: Ludicolion|Stealth Rock|[from] move: Rapid Spin|[of] p2a: Starmie
|move|p1a: Ferrothorn|Stealth Rock|p2a: Starmie
|-sidestart|p2: Ludicolion|move: Stealth Rock
|
|-weather|RainDance|[upkeep]
|upkeep
|turn|10
|
|t:|1732746114
|move|p2a: Starmie|Rapid Spin|p1a: Ferrothorn
|-resisted|p1a: Ferrothorn
|-damage|p1a: Ferrothorn|45/100
|-damage|p2a: Starmie|51/100|[from] ability: Iron Barbs|[of] p1a: Ferrothorn
|-sideend|p2: Ludicolion|Stealth Rock|[from] move: Rapid Spin|[of] p2a: Starmie
|move|p1a: Ferrothorn|Stealth Rock|p2a: Starmie
|-sidestart|p2: Ludicolion|move: Stealth Rock
|
|-weather|RainDance|[upkeep]
|upkeep
|turn|11
|
|t:|1732746118
|move|p2a: Starmie|Ice Beam|p1a: Ferrothorn
|-damage|p1a: Ferrothorn|21/100
|-status|p1a: Ferrothorn|frz
|-enditem|p1a: Ferrothorn|Lum Berry|[eat]
|-curestatus|p1a: Ferrothorn|frz|[msg]
|move|p1a: Ferrothorn|Stealth Rock||[still]
|-fail|p1a: Ferrothorn
|
|-weather|RainDance|[upkeep]
|upkeep
|turn|12
|
|t:|1732746123
|move|p2a: Starmie|Ice Beam|p1a: Ferrothorn
|-damage|p1a: Ferrothorn|0 fnt
|faint|p1a: Ferrothorn
|
|-weather|RainDance|[upkeep]
|upkeep
|
|t:|1732746129
|switch|p1a: Keldeo|Keldeo|94/100
|-damage|p1a: Keldeo|88/100|[from] Stealth Rock
|turn|13
|
|t:|1732746132
|move|p1a: Keldeo|Surf|p2a: Starmie
|-resisted|p2a: Starmie
|-damage|p2a: Starmie|0 fnt
|-enditem|p2a: Starmie|Air Balloon
|faint|p2a: Starmie
|
|-weather|RainDance|[upkeep]
|upkeep
|
|t:|1732746136
|switch|p2a: Dragonite|Dragonite, M|100/100
|-damage|p2a: Dragonite|76/100|[from] Stealth Rock
|turn|14
|
|t:|1732746144
|switch|p1a: Scizor|Scizor, F|100/100
|-damage|p1a: Scizor|88/100|[from] Stealth Rock
|move|p2a: Dragonite|Dragon Dance|p2a: Dragonite
|-boost|p2a: Dragonite|atk|1
|-boost|p2a: Dragonite|spe|1
|
|-weather|RainDance|[upkeep]
|upkeep
|turn|15
|
|t:|1732746147
|move|p1a: Scizor|Bullet Punch|p2a: Dragonite
|-crit|p2a: Dragonite
|-damage|p2a: Dragonite|0 fnt
|faint|p2a: Dragonite
|
|-weather|RainDance|[upkeep]
|upkeep
|
|t:|1732746150
|switch|p2a: Lucario|Lucario, F|100/100
|-damage|p2a: Lucario|98/100|[from] Stealth Rock
|turn|16
|
|t:|1732746154
|switch|p1a: Politoed|Politoed, F, shiny|95/100
|-damage|p1a: Politoed|82/100|[from] Stealth Rock
|move|p2a: Lucario|Swords Dance|p2a: Lucario
|-boost|p2a: Lucario|atk|2
|
|-weather|RainDance|[upkeep]
|upkeep
|turn|17
|
|t:|1732746158
|move|p2a: Lucario|Close Combat|p1a: Politoed
|-damage|p1a: Politoed|0 fnt
|-unboost|p2a: Lucario|def|1
|-unboost|p2a: Lucario|spd|1
|faint|p1a: Politoed
|-damage|p2a: Lucario|88/100|[from] item: Life Orb
|
|-weather|RainDance|[upkeep]
|upkeep
|inactive|Crowned Crystals ♔ has 120 seconds left.
|
|t:|1732746191
|switch|p1a: Starmie|Starmie, shiny|100/100
|-damage|p1a: Starmie|88/100|[from] Stealth Rock
|-item|p1a: Starmie|Air Balloon
|turn|18
|
|t:|1732746196
|move|p2a: Lucario|Extreme Speed|p1a: Starmie
|-damage|p1a: Starmie|0 fnt
|-enditem|p1a: Starmie|Air Balloon
|faint|p1a: Starmie
|-damage|p2a: Lucario|78/100|[from] item: Life Orb
|
|-weather|RainDance|[upkeep]
|upkeep
|
|t:|1732746201
|switch|p1a: Keldeo|Keldeo|88/100
|-damage|p1a: Keldeo|82/100|[from] Stealth Rock
|turn|19
|
|t:|1732746207
|move|p2a: Lucario|Extreme Speed|p1a: Keldeo
|-damage|p1a: Keldeo|7/100
|-damage|p2a: Lucario|68/100|[from] item: Life Orb
|move|p1a: Keldeo|Surf|p2a: Lucario
|-damage|p2a: Lucario|0 fnt
|faint|p2a: Lucario
|
|-weather|RainDance|[upkeep]
|upkeep
|
|t:|1732746210
|switch|p2a: Garchomp|Garchomp, F|100/100
|-damage|p2a: Garchomp|94/100|[from] Stealth Rock
|turn|20
|
|t:|1732746213
|move|p1a: Keldeo|Surf|p2a: Garchomp
|-damage|p2a: Garchomp|15/100
|move|p2a: Garchomp|Earthquake|p1a: Keldeo
|-damage|p1a: Keldeo|0 fnt
|faint|p1a: Keldeo
|
|-weather|RainDance|[upkeep]
|upkeep
|
|t:|1732746217
|switch|p1a: Scizor|Scizor, F|88/100
|-damage|p1a: Scizor|76/100|[from] Stealth Rock
|turn|21
|
|t:|1732746221
|move|p1a: Scizor|Bullet Punch|p2a: Garchomp
|-damage|p2a: Garchomp|0 fnt
|-damage|p1a: Scizor|63/100|[from] ability: Rough Skin|[of] p2a: Garchomp
|faint|p2a: Garchomp
|
|win|Crowned Crystals ♔
|raw|Crowned Crystals ♔'s rating: 1508 &rarr; <strong>1524</strong><br />(+16 for winning)
|raw|Ludicolion's rating: 1429 &rarr; <strong>1413</strong><br />(-16 for losing)
|l|☆Ludicolion
|player|p2|
|c|☆Crowned Crystals ♔|/log Crowned Crystals ♔ made this room public.
