|j|☆EG ROOM 2011
|j|☆Blue Edenn
|player|p1|EG ROOM 2011|2
|player|p2|Blue Edenn|153
|teamsize|p1|6
|teamsize|p2|6
|gametype|singles
|gen|5
|tier|[Gen 5] OU
|rated|
|rule|Sleep Clause Mod: Limit one foe put to sleep
|rule|Species Clause: Limit one of each Pokémon
|rule|OHKO Clause: OHKO moves are banned
|rule|Moody Clause: Moody is banned
|rule|Evasion Moves Clause: Evasion moves are banned
|rule|Endless Battle Clause: Forcing endless battles is banned
|rule|HP Percentage Mod: HP is shown in percentages
|rule|Evasion Abilities Clause: Evasion abilities are banned
|rule|Baton Pass Clause: Limit one Baton Passer, can't pass Spe and other stats simultaneously
|rule|Swagger Clause: Swagger is banned
|clearpoke
|poke|p1|Politoed, M|item
|poke|p1|Ferrothorn, F|item
|poke|p1|Toxicroak, F|item
|poke|p1|Starmie|item
|poke|p1|Zapdos|item
|poke|p1|Scizor, F|item
|poke|p2|Tyranitar, M|item
|poke|p2|Garchomp, M|item
|poke|p2|Alakazam, F|item
|poke|p2|Rotom-Wash|item
|poke|p2|Ferrothorn, M|item
|poke|p2|Latios, M|item
|teampreview
|inactive|Battle timer is ON: inactive players will automatically lose when time's up. (requested by Blue Edenn)
|
|start
|switch|p1a: Ferrothorn|Ferrothorn, F|100/100
|switch|p2a: Ferrothorn|Ferrothorn, M|100/100
|turn|1
|inactive|Blue Edenn has 135 seconds left.
|
|move|p1a: Ferrothorn|Stealth Rock|p2a: Ferrothorn
|-sidestart|p2: Blue Edenn|move: Stealth Rock
|move|p2a: Ferrothorn|Spikes|p1a: Ferrothorn
|-sidestart|p1: EG ROOM 2011|Spikes
|
|upkeep
|turn|2
|
|move|p2a: Ferrothorn|Spikes|p1a: Ferrothorn
|-sidestart|p1: EG ROOM 2011|Spikes
|move|p1a: Ferrothorn|Spikes|p2a: Ferrothorn
|-sidestart|p2: Blue Edenn|Spikes
|
|upkeep
|turn|3
|
|move|p1a: Ferrothorn|Spikes|p2a: Ferrothorn
|-sidestart|p2: Blue Edenn|Spikes
|move|p2a: Ferrothorn|Spikes|p1a: Ferrothorn
|-sidestart|p1: EG ROOM 2011|Spikes
|
|upkeep
|turn|4
|
|move|p1a: Ferrothorn|Leech Seed|p2a: Ferrothorn
|-immune|p2a: Ferrothorn|[msg]
|move|p2a: Ferrothorn|Knock Off|p1a: Ferrothorn
|-resisted|p1a: Ferrothorn
|-damage|p1a: Ferrothorn|99/100
|-damage|p2a: Ferrothorn|88/100|[from] ability: Iron Barbs|[of] p1a: Ferrothorn
|-enditem|p1a: Ferrothorn|Leftovers|[from] move: Knock Off|[of] p2a: Ferrothorn
|
|-heal|p2a: Ferrothorn|94/100|[from] item: Leftovers
|upkeep
|turn|5
|
|move|p2a: Ferrothorn|Leech Seed|p1a: Ferrothorn
|-immune|p1a: Ferrothorn|[msg]
|move|p1a: Ferrothorn|Leech Seed|p2a: Ferrothorn
|-immune|p2a: Ferrothorn|[msg]
|
|-heal|p2a: Ferrothorn|100/100|[from] item: Leftovers
|upkeep
|turn|6
|
|move|p1a: Ferrothorn|Spikes|p2a: Ferrothorn
|-sidestart|p2: Blue Edenn|Spikes
|move|p2a: Ferrothorn|Power Whip|p1a: Ferrothorn
|-resisted|p1a: Ferrothorn
|-damage|p1a: Ferrothorn|91/100
|-damage|p2a: Ferrothorn|88/100|[from] ability: Iron Barbs|[of] p1a: Ferrothorn
|
|-heal|p2a: Ferrothorn|94/100|[from] item: Leftovers
|upkeep
|turn|7
|
|move|p2a: Ferrothorn|Leech Seed|p1a: Ferrothorn|[miss]
|-miss|p2a: Ferrothorn|p1a: Ferrothorn
|move|p1a: Ferrothorn|Leech Seed|p2a: Ferrothorn
|-immune|p2a: Ferrothorn|[msg]
|
|-heal|p2a: Ferrothorn|100/100|[from] item: Leftovers
|upkeep
|turn|8
|
|move|p1a: Ferrothorn|Spikes|p2a: Ferrothorn
|-fail|p1a: Ferrothorn
|move|p2a: Ferrothorn|Power Whip|p1a: Ferrothorn
|-resisted|p1a: Ferrothorn
|-damage|p1a: Ferrothorn|84/100
|-damage|p2a: Ferrothorn|88/100|[from] ability: Iron Barbs|[of] p1a: Ferrothorn
|
|-heal|p2a: Ferrothorn|94/100|[from] item: Leftovers
|upkeep
|turn|9
|
|move|p2a: Ferrothorn|Leech Seed|p1a: Ferrothorn
|-immune|p1a: Ferrothorn|[msg]
|move|p1a: Ferrothorn|Spikes|p2a: Ferrothorn
|-fail|p1a: Ferrothorn
|
|-heal|p2a: Ferrothorn|100/100|[from] item: Leftovers
|upkeep
|turn|10
|
|move|p2a: Ferrothorn|Leech Seed|p1a: Ferrothorn
|-immune|p1a: Ferrothorn|[msg]
|move|p1a: Ferrothorn|Spikes|p2a: Ferrothorn
|-fail|p1a: Ferrothorn
|
|upkeep
|turn|11
|
|move|p2a: Ferrothorn|Power Whip|p1a: Ferrothorn
|-resisted|p1a: Ferrothorn
|-damage|p1a: Ferrothorn|76/100
|-damage|p2a: Ferrothorn|88/100|[from] ability: Iron Barbs|[of] p1a: Ferrothorn
|move|p1a: Ferrothorn|Spikes|p2a: Ferrothorn
|-fail|p1a: Ferrothorn
|
|-heal|p2a: Ferrothorn|94/100|[from] item: Leftovers
|upkeep
|turn|12
|
|move|p2a: Ferrothorn|Power Whip|p1a: Ferrothorn
|-resisted|p1a: Ferrothorn
|-damage|p1a: Ferrothorn|69/100
|-damage|p2a: Ferrothorn|82/100|[from] ability: Iron Barbs|[of] p1a: Ferrothorn
|move|p1a: Ferrothorn|Leech Seed|p2a: Ferrothorn
|-immune|p2a: Ferrothorn|[msg]
|
|-heal|p2a: Ferrothorn|88/100|[from] item: Leftovers
|upkeep
|turn|13
|inactive|Blue Edenn has 135 seconds left.
|
|switch|p1a: Zapdos|Zapdos|100/100
|-ability|p1a: Zapdos|Pressure
|move|p2a: Ferrothorn|Leech Seed|p1a: Zapdos
|-start|p1a: Zapdos|move: Leech Seed
|
|-heal|p2a: Ferrothorn|94/100|[from] item: Leftovers
|-damage|p1a: Zapdos|88/100|[from] Leech Seed|[of] p2a: Ferrothorn
|-heal|p2a: Ferrothorn|100/100|[silent]
|upkeep
|turn|14
|
|switch|p2a: Rotom|Rotom-Wash|100/100
|-damage|p2a: Rotom|88/100|[from] Stealth Rock
|move|p1a: Zapdos|Thunder Wave|p2a: Rotom
|-status|p2a: Rotom|par
|
|-heal|p1a: Zapdos|94/100|[from] item: Leftovers
|-heal|p2a: Rotom|94/100 par|[from] item: Leftovers
|-damage|p1a: Zapdos|82/100|[from] Leech Seed|[of] p2a: Rotom
|-heal|p2a: Rotom|100/100 par|[silent]
|upkeep
|turn|15
|
|switch|p1a: Ferrothorn|Ferrothorn, F|69/100
|-damage|p1a: Ferrothorn|44/100|[from] Spikes
|cant|p2a: Rotom|par
|
|upkeep
|turn|16
|inactive|Blue Edenn has 135 seconds left.
|
|switch|p2a: Ferrothorn|Ferrothorn, M|100/100
|-damage|p2a: Ferrothorn|75/100|[from] Spikes
|-damage|p2a: Ferrothorn|69/100|[from] Stealth Rock
|move|p1a: Ferrothorn|Leech Seed|p2a: Ferrothorn
|-immune|p2a: Ferrothorn|[msg]
|
|-heal|p2a: Ferrothorn|75/100|[from] item: Leftovers
|upkeep
|turn|17
|
|switch|p1a: Zapdos|Zapdos|82/100
|-ability|p1a: Zapdos|Pressure
|move|p2a: Ferrothorn|Leech Seed|p1a: Zapdos
|-start|p1a: Zapdos|move: Leech Seed
|
|-heal|p1a: Zapdos|88/100|[from] item: Leftovers
|-heal|p2a: Ferrothorn|82/100|[from] item: Leftovers
|-damage|p1a: Zapdos|75/100|[from] Leech Seed|[of] p2a: Ferrothorn
|-heal|p2a: Ferrothorn|95/100|[silent]
|upkeep
|turn|18
|
|switch|p2a: Rotom|Rotom-Wash|100/100 par
|-damage|p2a: Rotom|88/100 par|[from] Stealth Rock
|move|p1a: Zapdos|Thunder Wave|p2a: Rotom
|-fail|p2a: Rotom|par
|
|-heal|p1a: Zapdos|82/100|[from] item: Leftovers
|-heal|p2a: Rotom|94/100 par|[from] item: Leftovers
|-damage|p1a: Zapdos|69/100|[from] Leech Seed|[of] p2a: Rotom
|-heal|p2a: Rotom|100/100 par|[silent]
|upkeep
|turn|19
|
|move|p1a: Zapdos|Thunder|p2a: Rotom|[miss]
|-miss|p1a: Zapdos|p2a: Rotom
|move|p2a: Rotom|Will-O-Wisp|p1a: Zapdos
|-status|p1a: Zapdos|brn
|
|-heal|p1a: Zapdos|75/100 brn|[from] item: Leftovers
|-damage|p1a: Zapdos|63/100 brn|[from] Leech Seed|[of] p2a: Rotom
|-damage|p1a: Zapdos|50/100 brn|[from] brn
|upkeep
|turn|20
|inactive|Blue Edenn has 135 seconds left.
|
|move|p1a: Zapdos|Roost|p1a: Zapdos
|-heal|p1a: Zapdos|100/100 brn
|move|p2a: Rotom|Hydro Pump|p1a: Zapdos
|-damage|p1a: Zapdos|72/100 brn
|
|-heal|p1a: Zapdos|79/100 brn|[from] item: Leftovers
|-damage|p1a: Zapdos|66/100 brn|[from] Leech Seed|[of] p2a: Rotom
|-damage|p1a: Zapdos|54/100 brn|[from] brn
|upkeep
|turn|21
|
|move|p1a: Zapdos|Roost|p1a: Zapdos
|-heal|p1a: Zapdos|100/100 brn
|move|p2a: Rotom|Volt Switch|p1a: Zapdos
|-resisted|p1a: Zapdos
|-damage|p1a: Zapdos|91/100 brn
|
|switch|p2a: Latios|Latios, M|100/100
|-damage|p2a: Latios|88/100|[from] Stealth Rock
|
|-heal|p1a: Zapdos|97/100 brn|[from] item: Leftovers
|-damage|p1a: Zapdos|85/100 brn|[from] Leech Seed|[of] p2a: Latios
|-heal|p2a: Latios|100/100|[silent]
|-damage|p1a: Zapdos|72/100 brn|[from] brn
|upkeep
|turn|22
|
|switch|p1a: Ferrothorn|Ferrothorn, F|44/100
|-damage|p1a: Ferrothorn|19/100|[from] Spikes
|move|p2a: Latios|Draco Meteor|p1a: Ferrothorn
|-resisted|p1a: Ferrothorn
|-damage|p1a: Ferrothorn|0 fnt
|-unboost|p2a: Latios|spa|2
|faint|p1a: Ferrothorn
|
|upkeep
|inactive|EG ROOM 2011 has 135 seconds left.
|
|switch|p1a: Starmie|Starmie|100/100
|-damage|p1a: Starmie|76/100|[from] Spikes
|turn|23
|
|move|p1a: Starmie|Rapid Spin|p2a: Latios
|-damage|p2a: Latios|96/100
|-sideend|p1: EG ROOM 2011|Spikes|[from] move: Rapid Spin|[of] p1a: Starmie
|-damage|p1a: Starmie|66/100|[from] item: Life Orb
|move|p2a: Latios|Draco Meteor|p1a: Starmie|[miss]
|-miss|p2a: Latios|p1a: Starmie
|
|upkeep
|turn|24
|inactive|Blue Edenn has 135 seconds left.
|
|switch|p2a: Ferrothorn|Ferrothorn, M|95/100
|-damage|p2a: Ferrothorn|89/100|[from] Stealth Rock
|-damage|p2a: Ferrothorn|64/100|[from] Spikes
|move|p1a: Starmie|Ice Beam|p2a: Ferrothorn
|-damage|p2a: Ferrothorn|32/100
|-status|p2a: Ferrothorn|frz
|-damage|p1a: Starmie|56/100|[from] item: Life Orb
|
|-heal|p2a: Ferrothorn|39/100 frz|[from] item: Leftovers
|upkeep
|turn|25
|
|move|p1a: Starmie|Ice Beam|p2a: Ferrothorn
|-damage|p2a: Ferrothorn|12/100 frz
|-damage|p1a: Starmie|46/100|[from] item: Life Orb
|cant|p2a: Ferrothorn|frz
|
|-heal|p2a: Ferrothorn|18/100 frz|[from] item: Leftovers
|upkeep
|turn|26
|
|move|p1a: Starmie|Ice Beam|p2a: Ferrothorn
|-damage|p2a: Ferrothorn|0 fnt
|-damage|p1a: Starmie|36/100|[from] item: Life Orb
|faint|p2a: Ferrothorn
|
|upkeep
|
|switch|p2a: Alakazam|Alakazam, F|100/100
|turn|27
|inactive|EG ROOM 2011 has 135 seconds left.
|
|switch|p1a: Scizor|Scizor, F|100/100
|move|p2a: Alakazam|Shadow Ball|p1a: Scizor
|-resisted|p1a: Scizor
|-damage|p1a: Scizor|79/100
|
|upkeep
|turn|28
|inactive|EG ROOM 2011 has 135 seconds left.
|inactive|Blue Edenn has 135 seconds left.
|inactive|EG ROOM 2011 has 120 seconds left.
|inactive|EG ROOM 2011 has 105 seconds left.
|
|move|p2a: Alakazam|Hidden Power|p1a: Scizor
|-supereffective|p1a: Scizor
|-damage|p1a: Scizor|0 fnt
|faint|p1a: Scizor
|
|upkeep
|
|switch|p1a: Politoed|Politoed, M|100/100
|-weather|RainDance|[from] ability: Drizzle|[of] p1a: Politoed
|turn|29
|
|switch|p2a: Rotom|Rotom-Wash|100/100 par
|-damage|p2a: Rotom|88/100 par|[from] Stealth Rock
|switch|p1a: Zapdos|Zapdos|72/100 brn
|-ability|p1a: Zapdos|Pressure
|
|-weather|RainDance|[upkeep]
|-heal|p1a: Zapdos|78/100 brn|[from] item: Leftovers
|-heal|p2a: Rotom|94/100 par|[from] item: Leftovers
|-damage|p1a: Zapdos|66/100 brn|[from] brn
|upkeep
|turn|30
|
|move|p1a: Zapdos|Roost|p1a: Zapdos
|-heal|p1a: Zapdos|100/100 brn
|move|p2a: Rotom|Volt Switch|p1a: Zapdos
|-resisted|p1a: Zapdos
|-damage|p1a: Zapdos|92/100 brn
|inactive|Blue Edenn has 135 seconds left.
|
|switch|p2a: Tyranitar|Tyranitar, M|100/100
|-damage|p2a: Tyranitar|76/100|[from] Spikes
|-damage|p2a: Tyranitar|63/100|[from] Stealth Rock
|-weather|Sandstorm|[from] ability: Sand Stream|[of] p2a: Tyranitar
|
|-weather|Sandstorm|[upkeep]
|-damage|p1a: Zapdos|86/100 brn|[from] Sandstorm
|-heal|p1a: Zapdos|92/100 brn|[from] item: Leftovers
|-damage|p1a: Zapdos|80/100 brn|[from] brn
|upkeep
|turn|31
|
|switch|p1a: Politoed|Politoed, M|100/100
|-weather|RainDance|[from] ability: Drizzle|[of] p1a: Politoed
|move|p2a: Tyranitar|Stealth Rock|p1a: Politoed
|-sidestart|p1: EG ROOM 2011|move: Stealth Rock
|
|-weather|RainDance|[upkeep]
|upkeep
|turn|32
|
|switch|p1a: Toxicroak|Toxicroak, F|100/100
|-damage|p1a: Toxicroak|94/100|[from] Stealth Rock
|move|p2a: Tyranitar|Crunch|p1a: Toxicroak
|-resisted|p1a: Toxicroak
|-damage|p1a: Toxicroak|66/100
|
|-weather|RainDance|[upkeep]
|-heal|p1a: Toxicroak|79/100|[from] ability: Dry Skin
|-heal|p1a: Toxicroak|85/100|[from] item: Black Sludge
|upkeep
|turn|33
|
|move|p1a: Toxicroak|Swords Dance|p1a: Toxicroak
|-boost|p1a: Toxicroak|atk|2
|move|p2a: Tyranitar|Crunch|p1a: Toxicroak
|-resisted|p1a: Toxicroak
|-crit|p1a: Toxicroak
|-damage|p1a: Toxicroak|29/100
|
|-weather|RainDance|[upkeep]
|-heal|p1a: Toxicroak|42/100|[from] ability: Dry Skin
|-heal|p1a: Toxicroak|48/100|[from] item: Black Sludge
|upkeep
|turn|34
|
|move|p1a: Toxicroak|Drain Punch|p2a: Tyranitar
|-supereffective|p2a: Tyranitar
|-enditem|p2a: Tyranitar|Chople Berry|[eat]
|-enditem|p2a: Tyranitar|Chople Berry|[weaken]
|-damage|p2a: Tyranitar|0 fnt
|-heal|p1a: Toxicroak|88/100|[from] drain|[of] p2a: Tyranitar
|faint|p2a: Tyranitar
|
|-weather|RainDance|[upkeep]
|-heal|p1a: Toxicroak|100/100|[from] ability: Dry Skin
|upkeep
|
|switch|p2a: Alakazam|Alakazam, F|100/100
|turn|35
|inactive|EG ROOM 2011 has 135 seconds left.
|
|move|p1a: Toxicroak|Sucker Punch|p2a: Alakazam
|-supereffective|p2a: Alakazam
|-enditem|p2a: Alakazam|Focus Sash
|-damage|p2a: Alakazam|1/100
|move|p2a: Alakazam|Psychic|p1a: Toxicroak
|-supereffective|p1a: Toxicroak
|-damage|p1a: Toxicroak|0 fnt
|faint|p1a: Toxicroak
|
|-weather|RainDance|[upkeep]
|upkeep
|inactive|EG ROOM 2011 has 135 seconds left.
|inactive|EG ROOM 2011 has 120 seconds left.
|inactive|EG ROOM 2011 has 105 seconds left.
|
|switch|p1a: Politoed|Politoed, M|100/100
|-damage|p1a: Politoed|88/100|[from] Stealth Rock
|turn|36
|inactive|Blue Edenn has 135 seconds left.
|inactive|Blue Edenn has 120 seconds left.
|inactive|Blue Edenn has 105 seconds left.
|inactive|Blue Edenn has 90 seconds left.
|
|switch|p2a: Rotom|Rotom-Wash|94/100 par
|-damage|p2a: Rotom|82/100 par|[from] Stealth Rock
|switch|p1a: Zapdos|Zapdos|80/100 brn
|-damage|p1a: Zapdos|55/100 brn|[from] Stealth Rock
|-ability|p1a: Zapdos|Pressure
|
|-weather|RainDance|[upkeep]
|-heal|p1a: Zapdos|61/100 brn|[from] item: Leftovers
|-heal|p2a: Rotom|88/100 par|[from] item: Leftovers
|-damage|p1a: Zapdos|49/100 brn|[from] brn
|upkeep
|turn|37
|
|move|p1a: Zapdos|Roost|p1a: Zapdos
|-heal|p1a: Zapdos|99/100 brn
|move|p2a: Rotom|Volt Switch|p1a: Zapdos
|-resisted|p1a: Zapdos
|-damage|p1a: Zapdos|89/100 brn
|inactive|Blue Edenn has 135 seconds left.
|
|switch|p2a: Latios|Latios, M|96/100
|-damage|p2a: Latios|84/100|[from] Stealth Rock
|
|-weather|RainDance|[upkeep]
|-heal|p1a: Zapdos|96/100 brn|[from] item: Leftovers
|-damage|p1a: Zapdos|83/100 brn|[from] brn
|upkeep
|turn|38
|inactive|EG ROOM 2011 has 135 seconds left.
|
|move|p2a: Latios|Draco Meteor|p1a: Zapdos
|-damage|p1a: Zapdos|5/100 brn
|-unboost|p2a: Latios|spa|2
|move|p1a: Zapdos|Thunder Wave|p2a: Latios
|-status|p2a: Latios|par
|
|-weather|RainDance|[upkeep]
|-heal|p1a: Zapdos|12/100 brn|[from] item: Leftovers
|-damage|p1a: Zapdos|0 fnt|[from] brn
|upkeep
|faint|p1a: Zapdos
|inactive|EG ROOM 2011 has 135 seconds left.
|
|switch|p1a: Politoed|Politoed, M|88/100
|-damage|p1a: Politoed|75/100|[from] Stealth Rock
|turn|39
|inactive|Blue Edenn has 135 seconds left.
|
|move|p1a: Politoed|Scald|p2a: Latios
|-resisted|p2a: Latios
|-damage|p2a: Latios|62/100 par
|cant|p2a: Latios|par
|
|-weather|RainDance|[upkeep]
|-heal|p1a: Politoed|82/100|[from] item: Leftovers
|upkeep
|turn|40
|inactive|Blue Edenn has 135 seconds left.
|
|switch|p2a: Rotom|Rotom-Wash|88/100 par
|-damage|p2a: Rotom|75/100 par|[from] Stealth Rock
|move|p1a: Politoed|Scald|p2a: Rotom
|-resisted|p2a: Rotom
|-damage|p2a: Rotom|59/100 par
|
|-weather|RainDance|[upkeep]
|-heal|p1a: Politoed|88/100|[from] item: Leftovers
|-heal|p2a: Rotom|65/100 par|[from] item: Leftovers
|upkeep
|turn|41
|inactive|EG ROOM 2011 has 135 seconds left.
|j| gameisgame7
|
|move|p1a: Politoed|Scald|p2a: Rotom
|-resisted|p2a: Rotom
|-damage|p2a: Rotom|47/100 par
|move|p2a: Rotom|Volt Switch|p1a: Politoed
|-supereffective|p1a: Politoed
|-damage|p1a: Politoed|44/100
|inactive|Blue Edenn has 135 seconds left.
|
|switch|p2a: Latios|Latios, M|62/100 par
|-damage|p2a: Latios|50/100 par|[from] Stealth Rock
|
|-weather|RainDance|[upkeep]
|-heal|p1a: Politoed|50/100|[from] item: Leftovers
|upkeep
|turn|42
|
|move|p1a: Politoed|Protect|p1a: Politoed
|-singleturn|p1a: Politoed|Protect
|move|p2a: Latios|Dragon Pulse|p1a: Politoed
|-activate|p1a: Politoed|move: Protect
|
|-weather|RainDance|[upkeep]
|-heal|p1a: Politoed|56/100|[from] item: Leftovers
|upkeep
|turn|43
|inactive|Blue Edenn has 135 seconds left.
|
|move|p1a: Politoed|Scald|p2a: Latios
|-resisted|p2a: Latios
|-damage|p2a: Latios|30/100 par
|move|p2a: Latios|Dragon Pulse|p1a: Politoed
|-damage|p1a: Politoed|0 fnt
|faint|p1a: Politoed
|
|-weather|RainDance|[upkeep]
|upkeep
|
|switch|p1a: Starmie|Starmie|36/100
|-damage|p1a: Starmie|23/100|[from] Stealth Rock
|turn|44
|
|move|p1a: Starmie|Hydro Pump|p2a: Latios
|-resisted|p2a: Latios
|-damage|p2a: Latios|0 fnt
|-damage|p1a: Starmie|14/100|[from] item: Life Orb
|faint|p2a: Latios
|
|-weather|RainDance|[upkeep]
|upkeep
|inactive|Blue Edenn has 135 seconds left.
|inactive|Blue Edenn has 120 seconds left.
|-message|EG ROOM 2011 forfeited.
|
|win|Blue Edenn
|l|☆EG ROOM 2011
|l|☆Blue Edenn
|raw|EG ROOM 2011's rating: 1339 &rarr; <strong>1325</strong><br />(-14 for losing)
|raw|Blue Edenn's rating: 1447 &rarr; <strong>1461</strong><br />(+14 for winning)
