|j|☆Alexia B.
|j|☆Crowned Crystals ♔
|t:|1723771100
|gametype|singles
|player|p1|Alexia B.|cynthia|1417
|player|p2|Crowned Crystals ♔|102|1557
|teamsize|p1|6
|teamsize|p2|6
|gen|5
|tier|[Gen 5] OU
|rated|
|rule|Species Clause: Limit one of each Pokémon
|rule|OHKO Clause: OHKO moves are banned
|rule|Moody Clause: Moody is banned
|rule|Evasion Items Clause: Evasion items are banned
|rule|Evasion Moves Clause: Evasion moves are banned
|rule|Endless Battle Clause: Forcing endless battles is banned
|rule|HP Percentage Mod: HP is shown in percentages
|rule|Evasion Abilities Clause: Evasion abilities are banned
|rule|Sleep Moves Clause: Sleep-inducing moves are banned
|rule|Swagger Clause: Swagger is banned
|rule|Baton Pass Stat Clause: No Baton Passer may have a way to boost its stats
|clearpoke
|poke|p1|Skarmory, M|item
|poke|p1|Politoed, M|item
|poke|p1|Tentacruel, F|item
|poke|p1|Rotom|item
|poke|p1|Landorus-Therian, M|item
|poke|p1|Chansey, F|item
|poke|p2|Politoed, F|item
|poke|p2|Keldeo|item
|poke|p2|Scizor, F|item
|poke|p2|Thundurus-Therian, M|item
|poke|p2|Ferrothorn, F|item
|poke|p2|Starmie|item
|teampreview
|inactive|Battle timer is ON: inactive players will automatically lose when time's up. (requested by Alexia B.)
|
|t:|1723771123
|start
|switch|p1a: Tentacruel|Tentacruel, F|100/100
|switch|p2a: Politoed|Politoed, F, shiny|100/100
|-weather|RainDance|[from] ability: Drizzle|[of] p2a: Politoed
|turn|1
|
|t:|1723771132
|move|p1a: Tentacruel|Toxic Spikes|p2a: Politoed
|-sidestart|p2: Crowned Crystals ♔|move: Toxic Spikes
|move|p2a: Politoed|Scald|p1a: Tentacruel
|-resisted|p1a: Tentacruel
|-crit|p1a: Tentacruel
|-damage|p1a: Tentacruel|78/100
|
|-weather|RainDance|[upkeep]
|-heal|p1a: Tentacruel|84/100|[from] ability: Rain Dish
|-heal|p1a: Tentacruel|90/100|[from] item: Black Sludge
|upkeep
|turn|2
|
|t:|1723771139
|move|p1a: Tentacruel|Toxic Spikes|p2a: Politoed
|-sidestart|p2: Crowned Crystals ♔|move: Toxic Spikes
|move|p2a: Politoed|Scald|p1a: Tentacruel
|-resisted|p1a: Tentacruel
|-damage|p1a: Tentacruel|79/100
|
|-weather|RainDance|[upkeep]
|-heal|p1a: Tentacruel|85/100|[from] ability: Rain Dish
|-heal|p1a: Tentacruel|91/100|[from] item: Black Sludge
|upkeep
|turn|3
|
|t:|1723771148
|switch|p1a: Chansey|Chansey, F|100/100
|move|p2a: Politoed|Scald|p1a: Chansey
|-damage|p1a: Chansey|88/100
|-status|p1a: Chansey|brn
|
|-weather|RainDance|[upkeep]
|-damage|p1a: Chansey|75/100 brn|[from] brn
|upkeep
|turn|4
|
|t:|1723771155
|switch|p2a: Thundurus|Thundurus-Therian, M|100/100
|move|p1a: Chansey|Seismic Toss|p2a: Thundurus
|-damage|p2a: Thundurus|68/100
|
|-weather|RainDance|[upkeep]
|-heal|p2a: Thundurus|74/100|[from] item: Leftovers
|-damage|p1a: Chansey|63/100 brn|[from] brn
|upkeep
|turn|5
|
|t:|1723771165
|move|p2a: Thundurus|Nasty Plot|p2a: Thundurus
|-boost|p2a: Thundurus|spa|2
|move|p1a: Chansey|Seismic Toss|p2a: Thundurus
|-damage|p2a: Thundurus|41/100
|
|-weather|RainDance|[upkeep]
|-heal|p2a: Thundurus|47/100|[from] item: Leftovers
|-damage|p1a: Chansey|51/100 brn|[from] brn
|upkeep
|turn|6
|
|t:|1723771171
|move|p2a: Thundurus|Thunder|p1a: Chansey
|-damage|p1a: Chansey|10/100 brn
|move|p1a: Chansey|Seismic Toss|p2a: Thundurus
|-damage|p2a: Thundurus|15/100
|
|-weather|RainDance|[upkeep]
|-heal|p2a: Thundurus|21/100|[from] item: Leftovers
|-damage|p1a: Chansey|0 fnt|[from] brn
|faint|p1a: Chansey
|upkeep
|
|t:|1723771178
|switch|p1a: Politoed|Politoed, M|100/100
|turn|7
|
|t:|1723771185
|switch|p2a: Ferrothorn|Ferrothorn, F|100/100
|move|p1a: Politoed|Scald|p2a: Ferrothorn
|-resisted|p2a: Ferrothorn
|-damage|p2a: Ferrothorn|81/100
|
|-weather|RainDance|[upkeep]
|upkeep
|turn|8
|
|t:|1723771195
|switch|p1a: Landorus|Landorus-Therian, M|100/100
|-ability|p1a: Landorus|Intimidate|boost
|-unboost|p2a: Ferrothorn|atk|1
|switch|p2a: Starmie|Starmie, shiny|100/100
|-item|p2a: Starmie|Air Balloon
|
|-weather|RainDance|[upkeep]
|upkeep
|turn|9
|
|t:|1723771205
|switch|p1a: Rotom|Rotom|100/100
|move|p2a: Starmie|Ice Beam|p1a: Rotom
|-damage|p1a: Rotom|67/100
|
|-weather|RainDance|[upkeep]
|-heal|p1a: Rotom|73/100|[from] item: Leftovers
|upkeep
|turn|10
|
|t:|1723771214
|move|p1a: Rotom|Protect|p1a: Rotom
|-singleturn|p1a: Rotom|Protect
|move|p2a: Starmie|Hydro Pump|p1a: Rotom
|-activate|p1a: Rotom|move: Protect
|
|-weather|RainDance|[upkeep]
|-heal|p1a: Rotom|79/100|[from] item: Leftovers
|upkeep
|turn|11
|
|t:|1723771222
|move|p2a: Starmie|Rapid Spin|p1a: Rotom
|-immune|p1a: Rotom
|move|p1a: Rotom|Thunder|p2a: Starmie
|-supereffective|p2a: Starmie
|-damage|p2a: Starmie|0 fnt
|-enditem|p2a: Starmie|Air Balloon
|faint|p2a: Starmie
|
|-weather|RainDance|[upkeep]
|-heal|p1a: Rotom|85/100|[from] item: Leftovers
|upkeep
|
|t:|1723771235
|switch|p2a: Scizor|Scizor, F|100/100
|turn|12
|
|t:|1723771239
|move|p1a: Rotom|Will-O-Wisp|p2a: Scizor
|-status|p2a: Scizor|brn
|move|p2a: Scizor|Pursuit|p1a: Rotom
|-supereffective|p1a: Rotom
|-damage|p1a: Rotom|41/100
|
|-weather|RainDance|[upkeep]
|-heal|p1a: Rotom|48/100|[from] item: Leftovers
|-damage|p2a: Scizor|88/100 brn|[from] brn
|upkeep
|turn|13
|
|t:|1723771244
|move|p1a: Rotom|Pain Split|p2a: Scizor
|-sethp|p2a: Scizor|68/100 brn|[from] move: Pain Split|[silent]
|-sethp|p1a: Rotom|67/100|[from] move: Pain Split
|move|p2a: Scizor|Pursuit|p1a: Rotom
|-supereffective|p1a: Rotom
|-damage|p1a: Rotom|22/100
|
|-weather|RainDance|[upkeep]
|-heal|p1a: Rotom|28/100|[from] item: Leftovers
|-damage|p2a: Scizor|56/100 brn|[from] brn
|upkeep
|turn|14
|
|t:|1723771252
|move|p1a: Rotom|Protect|p1a: Rotom
|-singleturn|p1a: Rotom|Protect
|move|p2a: Scizor|Pursuit|p1a: Rotom
|-activate|p1a: Rotom|move: Protect
|
|-weather|RainDance|[upkeep]
|-heal|p1a: Rotom|34/100|[from] item: Leftovers
|-damage|p2a: Scizor|43/100 brn|[from] brn
|upkeep
|turn|15
|
|t:|1723771257
|move|p1a: Rotom|Thunder|p2a: Scizor
|-damage|p2a: Scizor|0 fnt
|faint|p2a: Scizor
|
|-weather|RainDance|[upkeep]
|-heal|p1a: Rotom|41/100|[from] item: Leftovers
|upkeep
|
|t:|1723771269
|switch|p2a: Thundurus|Thundurus-Therian, M|21/100
|turn|16
|
|t:|1723771277
|move|p2a: Thundurus|Nasty Plot|p2a: Thundurus
|-boost|p2a: Thundurus|spa|2
|move|p1a: Rotom|Will-O-Wisp|p2a: Thundurus|[miss]
|-miss|p1a: Rotom|p2a: Thundurus
|
|-weather|RainDance|[upkeep]
|-heal|p2a: Thundurus|27/100|[from] item: Leftovers
|-heal|p1a: Rotom|47/100|[from] item: Leftovers
|upkeep
|turn|17
|
|t:|1723771283
|move|p2a: Thundurus|Thunder|p1a: Rotom
|-resisted|p1a: Rotom
|-damage|p1a: Rotom|0 fnt
|faint|p1a: Rotom
|
|-weather|RainDance|[upkeep]
|-heal|p2a: Thundurus|33/100|[from] item: Leftovers
|upkeep
|
|t:|1723771287
|switch|p1a: Politoed|Politoed, M|100/100
|turn|18
|
|t:|1723771293
|switch|p2a: Ferrothorn|Ferrothorn, F|81/100
|move|p1a: Politoed|Ice Beam|p2a: Ferrothorn
|-damage|p2a: Ferrothorn|62/100
|
|-weather|RainDance|[upkeep]
|upkeep
|turn|19
|
|t:|1723771306
|switch|p1a: Landorus|Landorus-Therian, M|100/100
|-ability|p1a: Landorus|Intimidate|boost
|-unboost|p2a: Ferrothorn|atk|1
|move|p2a: Ferrothorn|Stealth Rock|p1a: Landorus
|-sidestart|p1: Alexia B.|move: Stealth Rock
|
|-weather|RainDance|[upkeep]
|upkeep
|turn|20
|
|t:|1723771314
|switch|p2a: Thundurus|Thundurus-Therian, M|33/100
|move|p1a: Landorus|Stealth Rock|p2a: Thundurus
|-sidestart|p2: Crowned Crystals ♔|move: Stealth Rock
|
|-weather|RainDance|[upkeep]
|-heal|p2a: Thundurus|40/100|[from] item: Leftovers
|upkeep
|turn|21
|
|t:|1723771323
|move|p2a: Thundurus|Hidden Power|p1a: Landorus
|-supereffective|p1a: Landorus
|-damage|p1a: Landorus|1/100
|move|p1a: Landorus|Toxic|p2a: Thundurus
|-status|p2a: Thundurus|tox
|
|-weather|RainDance|[upkeep]
|-heal|p2a: Thundurus|46/100 tox|[from] item: Leftovers
|-damage|p2a: Thundurus|40/100 tox|[from] psn
|upkeep
|turn|22
|
|t:|1723771338
|move|p2a: Thundurus|Hidden Power|p1a: Landorus
|-supereffective|p1a: Landorus
|-damage|p1a: Landorus|0 fnt
|faint|p1a: Landorus
|
|-weather|RainDance|[upkeep]
|-heal|p2a: Thundurus|46/100 tox|[from] item: Leftovers
|-damage|p2a: Thundurus|33/100 tox|[from] psn
|upkeep
|
|t:|1723771348
|switch|p1a: Politoed|Politoed, M|100/100
|-damage|p1a: Politoed|88/100|[from] Stealth Rock
|turn|23
|
|t:|1723771354
|switch|p2a: Ferrothorn|Ferrothorn, F|62/100
|-damage|p2a: Ferrothorn|56/100|[from] Stealth Rock
|move|p1a: Politoed|Ice Beam|p2a: Ferrothorn
|-damage|p2a: Ferrothorn|36/100
|
|-weather|RainDance|[upkeep]
|upkeep
|turn|24
|
|t:|1723771364
|switch|p1a: Skarmory|Skarmory, M|100/100
|-damage|p1a: Skarmory|88/100|[from] Stealth Rock
|switch|p2a: Thundurus|Thundurus-Therian, M|33/100 tox
|-damage|p2a: Thundurus|8/100 tox|[from] Stealth Rock
|
|-weather|RainDance|[upkeep]
|-heal|p2a: Thundurus|15/100 tox|[from] item: Leftovers
|-damage|p2a: Thundurus|8/100 tox|[from] psn
|upkeep
|turn|25
|
|t:|1723771371
|move|p2a: Thundurus|Thunder|p1a: Skarmory
|-supereffective|p1a: Skarmory
|-damage|p1a: Skarmory|0 fnt
|faint|p1a: Skarmory
|
|-weather|RainDance|[upkeep]
|-heal|p2a: Thundurus|15/100 tox|[from] item: Leftovers
|-damage|p2a: Thundurus|2/100 tox|[from] psn
|upkeep
|
|t:|1723771376
|switch|p1a: Tentacruel|Tentacruel, F|91/100
|-damage|p1a: Tentacruel|79/100|[from] Stealth Rock
|turn|26
|
|t:|1723771392
|switch|p2a: Politoed|Politoed, F, shiny|100/100
|-status|p2a: Politoed|tox
|-damage|p2a: Politoed|88/100 tox|[from] Stealth Rock
|move|p1a: Tentacruel|Protect||[still]
|-fail|p1a: Tentacruel
|
|-weather|RainDance|[upkeep]
|-heal|p1a: Tentacruel|85/100|[from] ability: Rain Dish
|-heal|p1a: Tentacruel|91/100|[from] item: Black Sludge
|-damage|p2a: Politoed|82/100 tox|[from] psn
|upkeep
|turn|27
|
|t:|1723771399
|move|p1a: Tentacruel|Protect|p1a: Tentacruel
|-singleturn|p1a: Tentacruel|Protect
|move|p2a: Politoed|Scald|p1a: Tentacruel
|-activate|p1a: Tentacruel|move: Protect
|
|-weather|RainDance|[upkeep]
|-heal|p1a: Tentacruel|97/100|[from] ability: Rain Dish
|-heal|p1a: Tentacruel|100/100|[from] item: Black Sludge
|-damage|p2a: Politoed|70/100 tox|[from] psn
|upkeep
|turn|28
|
|t:|1723771406
|move|p1a: Tentacruel|Rapid Spin|p2a: Politoed
|-damage|p2a: Politoed|68/100 tox
|-sideend|p1: Alexia B.|Stealth Rock|[from] move: Rapid Spin|[of] p1a: Tentacruel
|move|p2a: Politoed|Scald|p1a: Tentacruel
|-resisted|p1a: Tentacruel
|-damage|p1a: Tentacruel|89/100
|-status|p1a: Tentacruel|brn
|
|-weather|RainDance|[upkeep]
|-heal|p1a: Tentacruel|95/100 brn|[from] ability: Rain Dish
|-heal|p1a: Tentacruel|100/100 brn|[from] item: Black Sludge
|-damage|p2a: Politoed|50/100 tox|[from] psn
|-damage|p1a: Tentacruel|88/100 brn|[from] brn
|upkeep
|turn|29
|
|t:|1723771415
|move|p1a: Tentacruel|Protect|p1a: Tentacruel
|-singleturn|p1a: Tentacruel|Protect
|move|p2a: Politoed|Rest|p2a: Politoed
|-status|p2a: Politoed|slp|[from] move: Rest
|-heal|p2a: Politoed|100/100 slp|[silent]
|-enditem|p2a: Politoed|Chesto Berry|[eat]
|-curestatus|p2a: Politoed|slp|[msg]
|
|-weather|RainDance|[upkeep]
|-heal|p1a: Tentacruel|94/100 brn|[from] ability: Rain Dish
|-heal|p1a: Tentacruel|99/100 brn|[from] item: Black Sludge
|-damage|p1a: Tentacruel|88/100 brn|[from] brn
|upkeep
|turn|30
|
|t:|1723771424
|switch|p1a: Politoed|Politoed, M|88/100
|move|p2a: Politoed|Scald|p1a: Politoed
|-resisted|p1a: Politoed
|-crit|p1a: Politoed
|-damage|p1a: Politoed|51/100
|
|-weather|RainDance|[upkeep]
|upkeep
|turn|31
|
|t:|1723771428
|move|p1a: Politoed|Perish Song|p1a: Politoed
|-start|p1a: Politoed|perish3|[silent]
|-start|p2a: Politoed|perish3|[silent]
|-fieldactivate|move: Perish Song
|move|p2a: Politoed|Scald|p1a: Politoed
|-resisted|p1a: Politoed
|-damage|p1a: Politoed|31/100
|
|-weather|RainDance|[upkeep]
|-start|p1a: Politoed|perish3
|-start|p2a: Politoed|perish3
|upkeep
|turn|32
|
|t:|1723771434
|switch|p1a: Tentacruel|Tentacruel, F|88/100 brn
|move|p2a: Politoed|Scald|p1a: Tentacruel
|-resisted|p1a: Tentacruel
|-damage|p1a: Tentacruel|76/100 brn
|
|-weather|RainDance|[upkeep]
|-heal|p1a: Tentacruel|82/100 brn|[from] ability: Rain Dish
|-heal|p1a: Tentacruel|88/100 brn|[from] item: Black Sludge
|-damage|p1a: Tentacruel|76/100 brn|[from] brn
|-start|p2a: Politoed|perish2
|upkeep
|turn|33
|
|t:|1723771451
|switch|p2a: Thundurus|Thundurus-Therian, M|2/100 tox
|-damage|p2a: Thundurus|0 fnt|[from] Stealth Rock
|faint|p2a: Thundurus
|move|p1a: Tentacruel|Scald|p2: Thundurus|[notarget]
|-fail|p1a: Tentacruel
|
|-weather|RainDance|[upkeep]
|-heal|p1a: Tentacruel|82/100 brn|[from] ability: Rain Dish
|-heal|p1a: Tentacruel|88/100 brn|[from] item: Black Sludge
|-damage|p1a: Tentacruel|76/100 brn|[from] brn
|upkeep
|
|t:|1723771454
|switch|p2a: Ferrothorn|Ferrothorn, F|36/100
|-damage|p2a: Ferrothorn|30/100|[from] Stealth Rock
|turn|34
|
|t:|1723771462
|move|p1a: Tentacruel|Scald|p2a: Ferrothorn
|-resisted|p2a: Ferrothorn
|-damage|p2a: Ferrothorn|16/100
|-status|p2a: Ferrothorn|brn
|-enditem|p2a: Ferrothorn|Lum Berry|[eat]
|-curestatus|p2a: Ferrothorn|brn|[msg]
|move|p2a: Ferrothorn|Power Whip|p1a: Tentacruel|[miss]
|-miss|p2a: Ferrothorn|p1a: Tentacruel
|
|-weather|RainDance|[upkeep]
|-heal|p1a: Tentacruel|82/100 brn|[from] ability: Rain Dish
|-heal|p1a: Tentacruel|88/100 brn|[from] item: Black Sludge
|-damage|p1a: Tentacruel|75/100 brn|[from] brn
|upkeep
|turn|35
|
|t:|1723771472
|move|p1a: Tentacruel|Scald|p2a: Ferrothorn
|-resisted|p2a: Ferrothorn
|-damage|p2a: Ferrothorn|2/100
|-status|p2a: Ferrothorn|brn
|move|p2a: Ferrothorn|Power Whip|p1a: Tentacruel|[miss]
|-miss|p2a: Ferrothorn|p1a: Tentacruel
|
|-weather|RainDance|[upkeep]
|-heal|p1a: Tentacruel|82/100 brn|[from] ability: Rain Dish
|-heal|p1a: Tentacruel|88/100 brn|[from] item: Black Sludge
|-damage|p1a: Tentacruel|75/100 brn|[from] brn
|-damage|p2a: Ferrothorn|0 fnt|[from] brn
|faint|p2a: Ferrothorn
|upkeep
|
|t:|1723771482
|switch|p2a: Politoed|Politoed, F, shiny|100/100
|-status|p2a: Politoed|tox
|-damage|p2a: Politoed|88/100 tox|[from] Stealth Rock
|turn|36
|
|t:|1723771490
|move|p1a: Tentacruel|Scald|p2a: Politoed
|-resisted|p2a: Politoed
|-damage|p2a: Politoed|72/100 tox
|move|p2a: Politoed|Scald|p1a: Tentacruel
|-resisted|p1a: Tentacruel
|-damage|p1a: Tentacruel|64/100 brn
|
|-weather|RainDance|[upkeep]
|-heal|p1a: Tentacruel|70/100 brn|[from] ability: Rain Dish
|-heal|p1a: Tentacruel|76/100 brn|[from] item: Black Sludge
|-damage|p2a: Politoed|66/100 tox|[from] psn
|-damage|p1a: Tentacruel|64/100 brn|[from] brn
|upkeep
|turn|37
|
|t:|1723771498
|move|p1a: Tentacruel|Scald|p2a: Politoed
|-resisted|p2a: Politoed
|-damage|p2a: Politoed|53/100 tox
|move|p2a: Politoed|Scald|p1a: Tentacruel
|-resisted|p1a: Tentacruel
|-damage|p1a: Tentacruel|53/100 brn
|
|-weather|RainDance|[upkeep]
|-heal|p1a: Tentacruel|59/100 brn|[from] ability: Rain Dish
|-heal|p1a: Tentacruel|65/100 brn|[from] item: Black Sludge
|-damage|p2a: Politoed|41/100 tox|[from] psn
|-damage|p1a: Tentacruel|52/100 brn|[from] brn
|upkeep
|turn|38
|
|t:|1723771513
|switch|p1a: Politoed|Politoed, M|31/100
|move|p2a: Politoed|Scald|p1a: Politoed
|-resisted|p1a: Politoed
|-damage|p1a: Politoed|12/100
|
|-weather|RainDance|[upkeep]
|-damage|p2a: Politoed|23/100 tox|[from] psn
|upkeep
|turn|39
|
|t:|1723771526
|move|p1a: Politoed|Scald|p2a: Politoed
|-resisted|p2a: Politoed
|-damage|p2a: Politoed|4/100 tox
|move|p2a: Politoed|Rest|p2a: Politoed
|-status|p2a: Politoed|slp|[from] move: Rest
|-heal|p2a: Politoed|100/100 slp|[silent]
|
|-weather|RainDance|[upkeep]
|upkeep
|turn|40
|
|t:|1723771534
|switch|p1a: Tentacruel|Tentacruel, F|52/100 brn
|cant|p2a: Politoed|slp
|
|-weather|RainDance|[upkeep]
|-heal|p1a: Tentacruel|58/100 brn|[from] ability: Rain Dish
|-heal|p1a: Tentacruel|65/100 brn|[from] item: Black Sludge
|-damage|p1a: Tentacruel|52/100 brn|[from] brn
|upkeep
|turn|41
|
|t:|1723771538
|switch|p1a: Politoed|Politoed, M|12/100
|cant|p2a: Politoed|slp
|
|-weather|RainDance|[upkeep]
|upkeep
|turn|42
|
|t:|1723771543
|move|p1a: Politoed|Perish Song|p1a: Politoed
|-start|p1a: Politoed|perish3|[silent]
|-start|p2a: Politoed|perish3|[silent]
|-fieldactivate|move: Perish Song
|-curestatus|p2a: Politoed|slp|[msg]
|move|p2a: Politoed|Scald|p1a: Politoed
|-resisted|p1a: Politoed
|-crit|p1a: Politoed
|-damage|p1a: Politoed|0 fnt
|faint|p1a: Politoed
|
|-weather|RainDance|[upkeep]
|-start|p2a: Politoed|perish3
|upkeep
|
|t:|1723771548
|switch|p1a: Tentacruel|Tentacruel, F|52/100 brn
|turn|43
|
|t:|1723771554
|move|p1a: Tentacruel|Protect|p1a: Tentacruel
|-singleturn|p1a: Tentacruel|Protect
|move|p2a: Politoed|Scald|p1a: Tentacruel
|-activate|p1a: Tentacruel|move: Protect
|
|-weather|RainDance|[upkeep]
|-heal|p1a: Tentacruel|58/100 brn|[from] ability: Rain Dish
|-heal|p1a: Tentacruel|64/100 brn|[from] item: Black Sludge
|-damage|p1a: Tentacruel|52/100 brn|[from] brn
|-start|p2a: Politoed|perish2
|upkeep
|turn|44
|
|t:|1723771569
|move|p1a: Tentacruel|Scald|p2a: Politoed
|-resisted|p2a: Politoed
|-damage|p2a: Politoed|86/100
|-status|p2a: Politoed|brn
|move|p2a: Politoed|Scald|p1a: Tentacruel
|-resisted|p1a: Tentacruel
|-damage|p1a: Tentacruel|40/100 brn
|
|-weather|RainDance|[upkeep]
|-heal|p1a: Tentacruel|46/100 brn|[from] ability: Rain Dish
|-heal|p1a: Tentacruel|52/100 brn|[from] item: Black Sludge
|-damage|p1a: Tentacruel|40/100 brn|[from] brn
|-damage|p2a: Politoed|74/100 brn|[from] brn
|-start|p2a: Politoed|perish1
|upkeep
|turn|45
|
|t:|1723771575
|switch|p2a: Keldeo|Keldeo|100/100
|-status|p2a: Keldeo|tox
|-damage|p2a: Keldeo|94/100 tox|[from] Stealth Rock
|move|p1a: Tentacruel|Scald|p2a: Keldeo
|-resisted|p2a: Keldeo
|-damage|p2a: Keldeo|74/100 tox
|
|-weather|RainDance|[upkeep]
|-heal|p1a: Tentacruel|46/100 brn|[from] ability: Rain Dish
|-heal|p1a: Tentacruel|52/100 brn|[from] item: Black Sludge
|-damage|p2a: Keldeo|68/100 tox|[from] psn
|-damage|p1a: Tentacruel|40/100 brn|[from] brn
|upkeep
|turn|46
|
|t:|1723771582
|move|p1a: Tentacruel|Protect|p1a: Tentacruel
|-singleturn|p1a: Tentacruel|Protect
|move|p2a: Keldeo|Hydro Pump|p1a: Tentacruel
|-activate|p1a: Tentacruel|move: Protect
|
|-weather|RainDance|[upkeep]
|-heal|p1a: Tentacruel|46/100 brn|[from] ability: Rain Dish
|-heal|p1a: Tentacruel|52/100 brn|[from] item: Black Sludge
|-damage|p2a: Keldeo|56/100 tox|[from] psn
|-damage|p1a: Tentacruel|40/100 brn|[from] brn
|upkeep
|turn|47
|
|t:|1723771587
|move|p2a: Keldeo|Hydro Pump|p1a: Tentacruel
|-resisted|p1a: Tentacruel
|-damage|p1a: Tentacruel|11/100 brn
|move|p1a: Tentacruel|Scald|p2a: Keldeo
|-resisted|p2a: Keldeo
|-damage|p2a: Keldeo|36/100 tox
|
|-weather|RainDance|[upkeep]
|-heal|p1a: Tentacruel|17/100 brn|[from] ability: Rain Dish
|-heal|p1a: Tentacruel|23/100 brn|[from] item: Black Sludge
|-damage|p2a: Keldeo|18/100 tox|[from] psn
|-damage|p1a: Tentacruel|11/100 brn|[from] brn
|upkeep
|turn|48
|
|t:|1723771592
|move|p1a: Tentacruel|Protect|p1a: Tentacruel
|-singleturn|p1a: Tentacruel|Protect
|move|p2a: Keldeo|Hydro Pump|p1a: Tentacruel
|-activate|p1a: Tentacruel|move: Protect
|
|-weather|RainDance|[upkeep]
|-heal|p1a: Tentacruel|17/100 brn|[from] ability: Rain Dish
|-heal|p1a: Tentacruel|23/100 brn|[from] item: Black Sludge
|-damage|p2a: Keldeo|0 fnt|[from] psn
|faint|p2a: Keldeo
|-damage|p1a: Tentacruel|11/100 brn|[from] brn
|upkeep
|
|t:|1723771595
|switch|p2a: Politoed|Politoed, F, shiny|74/100 brn
|-damage|p2a: Politoed|62/100 brn|[from] Stealth Rock
|turn|49
|
|t:|1723771598
|move|p1a: Tentacruel|Scald|p2a: Politoed
|-resisted|p2a: Politoed
|-damage|p2a: Politoed|48/100 brn
|move|p2a: Politoed|Scald|p1a: Tentacruel
|-resisted|p1a: Tentacruel
|-damage|p1a: Tentacruel|0 fnt
|faint|p1a: Tentacruel
|
|win|Crowned Crystals ♔
|raw|Alexia B.'s rating: 1417 &rarr; <strong>1405</strong><br />(-12 for losing)
|raw|Crowned Crystals ♔'s rating: 1563 &rarr; <strong>1575</strong><br />(+12 for winning)
|l|☆Alexia B.
|player|p1|
|c|☆Crowned Crystals ♔|/log Crowned Crystals ♔ made this room public.
