|j|Snacyl
|j|MassiveDestruction
|player|p1|Snacyl|233
|player|p2|MassiveDestruction|5
|gametype|singles
|gen|5
|tier|[Gen 5] OU
|rated
|seed|42197,24815,55196,33281
|rule|Evasion Abilities Clause: Evasion abilities are banned
|rule|Baton Pass Clause: Limit one Baton Passer, can't pass Spe and other stats simultaneously
|rule|Swagger Clause: Swagger is banned
|clearpoke
|poke|p1|Politoed, M, shiny|item
|poke|p1|Excadrill, M|item
|poke|p1|Ferrothorn, M|item
|poke|p1|Latios, M|item
|poke|p1|Tornadus, M|item
|poke|p1|Keldeo|item
|poke|p2|Alakazam, F|item
|poke|p2|Garchomp, F|item
|poke|p2|Ferrothorn, F|item
|poke|p2|Landorus-Therian, M|item
|poke|p2|Jellicent, M, shiny|item
|poke|p2|Tyranitar, M|item
|rule|Sleep Clause Mod: Limit one foe put to sleep
|rule|Species Clause: Limit one of each Pokémon
|rule|OHKO Clause: OHKO moves are banned
|rule|Moody Clause: Moody is banned
|rule|Evasion Moves Clause: Evasion moves are banned
|rule|Endless Battle Clause: Forcing endless battles is banned
|rule|HP Percentage Mod: HP is shown in percentages
|teampreview
|choice|team 1, team 2, team 3, team 4, team 5, team 6|team 3, team 2, team 1, team 4, team 5, team 6
|
|start
|switch|p1a: Politoed|Politoed, M, shiny|321/321
|switch|p2a: Ferrothorn|Ferrothorn, F|351/351
|-weather|RainDance|[from] ability: Drizzle|[of] p1a: Politoed
|turn|1
|choice|move hypnosis|switch 5
|
|switch|p2a: Jellicent|Jellicent, M, shiny|403/403
|move|p1a: Politoed|Hypnosis|p2a: Jellicent
|-status|p2a: Jellicent|slp
|
|-weather|RainDance|[upkeep]
|upkeep
|turn|2
|choice|switch 5|switch 6
|
|switch|p1a: Tornadus|Tornadus, M|299/299
|switch|p2a: Tyranitar|Tyranitar, M|341/341
|-weather|Sandstorm|[from] ability: Sand Stream|[of] p2a: Tyranitar
|
|-weather|Sandstorm|[upkeep]
|-damage|p1a: Tornadus|281/299|[from] sandstorm
|upkeep
|turn|3
|choice|move superpower|switch 4
|
|switch|p2a: Landorus|Landorus-Therian, M|319/319
|-ability|p2a: Landorus|Intimidate|boost
|-unboost|p1a: Tornadus|atk|1
|move|p1a: Tornadus|Superpower|p2a: Landorus
|-resisted|p2a: Landorus
|-damage|p2a: Landorus|272/319
|-unboost|p1a: Tornadus|atk|1
|-unboost|p1a: Tornadus|def|1
|-damage|p1a: Tornadus|252/299|[from] item: Life Orb
|
|-weather|Sandstorm|[upkeep]
|-damage|p1a: Tornadus|234/299|[from] sandstorm
|upkeep
|turn|4
|choice|switch 3|move uturn
|
|switch|p1a: Ferrothorn|Ferrothorn, M|352/352
|move|p2a: Landorus|U-turn|p1a: Ferrothorn
|-damage|p1a: Ferrothorn|289/352
|-damage|p2a: Landorus|233/319|[from] ability: Iron Barbs|[of] p1a: Ferrothorn
|choice||switch 4
|
|switch|p2a: Tyranitar|Tyranitar, M|341/341
|
|-weather|Sandstorm|[upkeep]
|-heal|p1a: Ferrothorn|311/352|[from] item: Leftovers
|upkeep
|turn|5
|choice|move stealthrock|move stealthrock
|
|move|p2a: Tyranitar|Stealth Rock|p1a: Ferrothorn
|-sidestart|p1: Snacyl|move: Stealth Rock
|move|p1a: Ferrothorn|Stealth Rock|p2a: Tyranitar
|-sidestart|p2: MassiveDestruction|move: Stealth Rock
|
|-weather|Sandstorm|[upkeep]
|-heal|p1a: Ferrothorn|333/352|[from] item: Leftovers
|upkeep
|turn|6
|choice|move spikes|move fireblast
|
|move|p2a: Tyranitar|Fire Blast|p1a: Ferrothorn
|-supereffective|p1a: Ferrothorn
|-damage|p1a: Ferrothorn|0 fnt
|faint|p1a: Ferrothorn
|
|-weather|Sandstorm|[upkeep]
|upkeep
|choice|switch 2|
|
|switch|p1a: Excadrill|Excadrill, M|361/361
|-damage|p1a: Excadrill|350/361|[from] Stealth Rock
|-item|p1a: Excadrill|Air Balloon
|turn|7
|choice|move earthquake|switch 5
|
|switch|p2a: Ferrothorn|Ferrothorn, F|351/351
|-damage|p2a: Ferrothorn|330/351|[from] Stealth Rock
|move|p1a: Excadrill|Earthquake|p2a: Ferrothorn
|-damage|p2a: Ferrothorn|207/351
|
|-weather|Sandstorm|[upkeep]
|-heal|p2a: Ferrothorn|228/351|[from] item: Leftovers
|upkeep
|turn|8
|choice|move swordsdance|move leechseed
|
|move|p1a: Excadrill|Swords Dance|p1a: Excadrill
|-boost|p1a: Excadrill|atk|2
|move|p2a: Ferrothorn|Leech Seed|p1a: Excadrill|[miss]
|-miss|p2a: Ferrothorn|p1a: Excadrill
|
|-weather|Sandstorm|[upkeep]
|-heal|p2a: Ferrothorn|249/351|[from] item: Leftovers
|upkeep
|turn|9
|choice|move earthquake|switch 4
|
|switch|p2a: Landorus|Landorus-Therian, M|233/319
|-damage|p2a: Landorus|194/319|[from] Stealth Rock
|-ability|p2a: Landorus|Intimidate|boost
|-unboost|p1a: Excadrill|atk|1
|move|p1a: Excadrill|Earthquake|p2a: Landorus
|-immune|p2a: Landorus|[msg]
|
|-weather|Sandstorm|[upkeep]
|upkeep
|turn|10
|choice|move ironhead|move uturn
|
|move|p1a: Excadrill|Iron Head|p2a: Landorus
|-damage|p2a: Landorus|0 fnt
|faint|p2a: Landorus
|
|-weather|Sandstorm|[upkeep]
|upkeep
|c|☆MassiveDestruction|oc
|choice||switch 3
|
|switch|p2a: Alakazam|Alakazam, F|252/252
|turn|11
|choice|move ironhead|move focusblast
|
|move|p1a: Excadrill|Iron Head|p2a: Alakazam
|-enditem|p2a: Alakazam|Focus Sash
|-damage|p2a: Alakazam|1/252
|move|p2a: Alakazam|Focus Blast|p1a: Excadrill
|-supereffective|p1a: Excadrill
|-damage|p1a: Excadrill|0 fnt
|-enditem|p1a: Excadrill|Air Balloon
|faint|p1a: Excadrill
|
|-weather|Sandstorm|[upkeep]
|upkeep
|choice|switch 6|
|
|switch|p1a: Keldeo|Keldeo|324/324
|-damage|p1a: Keldeo|304/324|[from] Stealth Rock
|turn|12
|choice|move secretsword|switch 6
|
|switch|p2a: Jellicent|Jellicent, M, shiny|403/403 slp
|-damage|p2a: Jellicent|353/403 slp|[from] Stealth Rock
|move|p1a: Keldeo|Secret Sword|p2a: Jellicent
|-immune|p2a: Jellicent|[msg]
|
|-weather|Sandstorm|[upkeep]
|-damage|p1a: Keldeo|284/324|[from] sandstorm
|-damage|p2a: Jellicent|328/403 slp|[from] sandstorm
|-heal|p2a: Jellicent|353/403 slp|[from] item: Leftovers
|upkeep
|turn|13
|choice|switch 4|switch 2
|
|switch|p1a: Latios|Latios, M|301/301
|-damage|p1a: Latios|264/301|[from] Stealth Rock
|switch|p2a: Garchomp|Garchomp, F|357/357
|-damage|p2a: Garchomp|335/357|[from] Stealth Rock
|
|-weather|Sandstorm|[upkeep]
|-damage|p1a: Latios|246/301|[from] sandstorm
|upkeep
|turn|14
|choice|move dracometeor|switch 4
|
|switch|p2a: Ferrothorn|Ferrothorn, F|249/351
|-damage|p2a: Ferrothorn|228/351|[from] Stealth Rock
|move|p1a: Latios|Draco Meteor|p2a: Ferrothorn
|-resisted|p2a: Ferrothorn
|-damage|p2a: Ferrothorn|99/351
|-unboost|p1a: Latios|spa|2
|
|-weather|Sandstorm|[upkeep]
|-damage|p1a: Latios|228/301|[from] sandstorm
|-heal|p2a: Ferrothorn|120/351|[from] item: Leftovers
|upkeep
|turn|15
|choice|switch 4|move leechseed
|
|switch|p1a: Keldeo|Keldeo|284/324
|-damage|p1a: Keldeo|264/324|[from] Stealth Rock
|move|p2a: Ferrothorn|Leech Seed|p1a: Keldeo
|-start|p1a: Keldeo|move: Leech Seed
|
|-weather|Sandstorm|[upkeep]
|-damage|p1a: Keldeo|244/324|[from] sandstorm
|-heal|p2a: Ferrothorn|141/351|[from] item: Leftovers
|-damage|p1a: Keldeo|204/324|[from] Leech Seed|[of] p2a: Ferrothorn
|-heal|p2a: Ferrothorn|181/351|[silent]
|upkeep
|turn|16
|choice|switch 4|move protect
|
|switch|p1a: Latios|Latios, M|228/301
|-damage|p1a: Latios|191/301|[from] Stealth Rock
|move|p2a: Ferrothorn|Protect|p2a: Ferrothorn
|-fail|p2a: Ferrothorn
|
|-weather|Sandstorm|[upkeep]
|-damage|p1a: Latios|173/301|[from] sandstorm
|-heal|p2a: Ferrothorn|202/351|[from] item: Leftovers
|upkeep
|turn|17
|choice|move dracometeor|move protect
|
|move|p2a: Ferrothorn|Protect|p2a: Ferrothorn
|-singleturn|p2a: Ferrothorn|Protect
|move|p1a: Latios|Draco Meteor|p2a: Ferrothorn
|-activate|p2a: Ferrothorn|move: Protect
|
|-weather|Sandstorm|[upkeep]
|-damage|p1a: Latios|155/301|[from] sandstorm
|-heal|p2a: Ferrothorn|223/351|[from] item: Leftovers
|upkeep
|turn|18
|choice|move dracometeor|move leechseed
|
|move|p1a: Latios|Draco Meteor|p2a: Ferrothorn
|-resisted|p2a: Ferrothorn
|-crit|p2a: Ferrothorn
|-damage|p2a: Ferrothorn|0 fnt
|-unboost|p1a: Latios|spa|2
|faint|p2a: Ferrothorn
|
|-weather|Sandstorm|[upkeep]
|-damage|p1a: Latios|137/301|[from] sandstorm
|upkeep
|choice||switch 5
|
|switch|p2a: Tyranitar|Tyranitar, M|341/341
|-damage|p2a: Tyranitar|299/341|[from] Stealth Rock
|turn|19
|choice|move dracometeor|move superpower
|
|move|p1a: Latios|Draco Meteor|p2a: Tyranitar
|-damage|p2a: Tyranitar|176/341
|-unboost|p1a: Latios|spa|2
|move|p2a: Tyranitar|Superpower|p1a: Latios
|-resisted|p1a: Latios
|-damage|p1a: Latios|41/301
|-unboost|p2a: Tyranitar|atk|1
|-unboost|p2a: Tyranitar|def|1
|
|-weather|Sandstorm|[upkeep]
|-damage|p1a: Latios|23/301|[from] sandstorm
|upkeep
|turn|20
|choice|move dracometeor|move crunch
|
|move|p1a: Latios|Draco Meteor|p2a: Tyranitar|[miss]
|-miss|p1a: Latios|p2a: Tyranitar
|move|p2a: Tyranitar|Crunch|p1a: Latios
|-supereffective|p1a: Latios
|-damage|p1a: Latios|0 fnt
|faint|p1a: Latios
|
|-weather|Sandstorm|[upkeep]
|upkeep
|choice|switch 3|
|
|switch|p1a: Tornadus|Tornadus, M|234/299
|-damage|p1a: Tornadus|160/299|[from] Stealth Rock
|turn|21
|choice|move superpower|move crunch
|
|move|p1a: Tornadus|Superpower|p2a: Tyranitar
|-supereffective|p2a: Tyranitar
|-damage|p2a: Tyranitar|0 fnt
|-unboost|p1a: Tornadus|atk|1
|-unboost|p1a: Tornadus|def|1
|-damage|p1a: Tornadus|131/299|[from] item: Life Orb
|faint|p2a: Tyranitar
|
|-weather|Sandstorm|[upkeep]
|-damage|p1a: Tornadus|113/299|[from] sandstorm
|upkeep
|choice||switch 6
|
|switch|p2a: Alakazam|Alakazam, F|1/252
|turn|22
|choice|switch 5|move psychic
|
|switch|p1a: Politoed|Politoed, M, shiny|321/321
|-damage|p1a: Politoed|281/321|[from] Stealth Rock
|-weather|RainDance|[from] ability: Drizzle|[of] p1a: Politoed
|move|p2a: Alakazam|Psychic|p1a: Politoed
|-damage|p1a: Politoed|128/321
|
|-weather|RainDance|[upkeep]
|upkeep
|turn|23
|choice|switch 5|move psychic
|
|switch|p1a: Tornadus|Tornadus, M|113/299
|-damage|p1a: Tornadus|39/299|[from] Stealth Rock
|move|p2a: Alakazam|Psychic|p1a: Tornadus
|-damage|p1a: Tornadus|0 fnt
|faint|p1a: Tornadus
|
|-weather|RainDance|[upkeep]
|upkeep
|-message|Snacyl forfeited.
|
|win|MassiveDestruction
|l|Snacyl
|raw|Snacyl's rating: 1332 &rarr; <strong>1308</strong><br />(-24 for losing)
|raw|MassiveDestruction's rating: 1261 &rarr; <strong>1291</strong><br />(+30 for winning)