|j|☆TheRareCandyDealer
|j|☆testbwou
|player|p1|TheRareCandyDealer|dragontamer|1431
|player|p2|testbwou|265|1496
|teamsize|p1|6
|teamsize|p2|6
|gametype|singles
|gen|5
|tier|[Gen 5] OU
|rated|
|clearpoke
|poke|p1|Salamence, F|item
|poke|p1|Scizor, M|item
|poke|p1|Starmie|item
|poke|p1|Landorus-Therian, M|item
|poke|p1|Ferrothorn, M|item
|poke|p1|Scrafty, M|item
|poke|p2|Garchomp, F|item
|poke|p2|Alakazam, F|item
|poke|p2|Jellicent, M|item
|poke|p2|Scizor, M|item
|poke|p2|Tyranitar, M|item
|poke|p2|Rotom-Wash|item
|rule|Species Clause: Limit one of each Pokémon
|rule|OHKO Clause: OHKO moves are banned
|rule|Moody Clause: Moody is banned
|rule|Evasion Moves Clause: Evasion moves are banned
|rule|Endless Battle Clause: Forcing endless battles is banned
|rule|HP Percentage Mod: HP is shown in percentages
|rule|Evasion Abilities Clause: Evasion abilities are banned
|rule|Baton Pass Clause: Limit one Baton Passer, can't pass Spe and other stats simultaneously
|rule|Sleep Clause: Sleep-inducing moves are banned
|rule|Swagger Clause: Swagger is banned
|teampreview
|
|start
|switch|p1a: Thugnificent|Scrafty, M|100/100
|switch|p2a: Scizor|Scizor, M|100/100
|turn|1
|
|move|p1a: Thugnificent|Bulk Up|p1a: Thugnificent
|-boost|p1a: Thugnificent|atk|1
|-boost|p1a: Thugnificent|def|1
|move|p2a: Scizor|Superpower|p1a: Thugnificent
|-supereffective|p1a: Thugnificent
|-crit|p1a: Thugnificent
|-damage|p1a: Thugnificent|0 fnt
|-unboost|p2a: Scizor|atk|1
|-unboost|p2a: Scizor|def|1
|faint|p1a: Thugnificent
|
|upkeep
|
|switch|p1a: Urava|Salamence, F, shiny|100/100
|turn|2
|
|switch|p2a: Rotom|Rotom-Wash|100/100
|move|p1a: Urava|Dragon Dance|p1a: Urava
|-boost|p1a: Urava|atk|1
|-boost|p1a: Urava|spe|1
|
|upkeep
|turn|3
|
|move|p1a: Urava|Outrage|p2a: Rotom
|-damage|p2a: Rotom|0 fnt
|-damage|p1a: Urava|91/100|[from] item: Life Orb
|faint|p2a: Rotom
|-ability|p1a: Urava|Moxie|boost
|-boost|p1a: Urava|atk|1
|
|upkeep
|
|switch|p2a: Garchomp|Garchomp, F|100/100
|turn|4
|
|move|p2a: Garchomp|Dragon Claw|p1a: Urava
|-supereffective|p1a: Urava
|-damage|p1a: Urava|0 fnt
|faint|p1a: Urava
|
|upkeep
|
|switch|p1a: Nigel Thornberry|Ferrothorn, M|100/100
|turn|5
|
|switch|p2a: Scizor|Scizor, M|100/100
|move|p1a: Nigel Thornberry|Stealth Rock|p2a: Scizor
|-sidestart|p2: testbwou|move: Stealth Rock
|
|upkeep
|turn|6
|
|move|p2a: Scizor|Superpower|p1a: Nigel Thornberry
|-supereffective|p1a: Nigel Thornberry
|-damage|p1a: Nigel Thornberry|12/100
|-unboost|p2a: Scizor|atk|1
|-unboost|p2a: Scizor|def|1
|-damage|p2a: Scizor|88/100|[from] ability: Iron Barbs|[of] p1a: Nigel Thornberry
|move|p1a: Nigel Thornberry|Leech Seed|p2a: Scizor
|-start|p2a: Scizor|move: Leech Seed
|
|-heal|p1a: Nigel Thornberry|19/100|[from] item: Leftovers
|-damage|p2a: Scizor|76/100|[from] Leech Seed|[of] p1a: Nigel Thornberry
|-heal|p1a: Nigel Thornberry|31/100|[silent]
|upkeep
|turn|7
|
|switch|p1a: Hasmalum|Landorus-Therian, M|100/100
|-ability|p1a: Hasmalum|Intimidate|boost
|-unboost|p2a: Scizor|atk|1
|move|p2a: Scizor|Superpower|p1a: Hasmalum
|-resisted|p1a: Hasmalum
|-damage|p1a: Hasmalum|80/100
|-unboost|p2a: Scizor|atk|1
|-unboost|p2a: Scizor|def|1
|
|-damage|p2a: Scizor|64/100|[from] Leech Seed|[of] p1a: Hasmalum
|-heal|p1a: Hasmalum|93/100|[silent]
|upkeep
|turn|8
|
|switch|p2a: Jellicent|Jellicent, M|100/100
|-damage|p2a: Jellicent|88/100|[from] Stealth Rock
|move|p1a: Hasmalum|Earthquake|p2a: Jellicent
|-damage|p2a: Jellicent|19/100
|
|upkeep
|turn|9
|
|move|p1a: Hasmalum|Earthquake|p2a: Jellicent
|-damage|p2a: Jellicent|0 fnt
|faint|p2a: Jellicent
|
|upkeep
|
|switch|p2a: Tyranitar|Tyranitar, M|100/100
|-damage|p2a: Tyranitar|88/100|[from] Stealth Rock
|-weather|Sandstorm|[from] ability: Sand Stream|[of] p2a: Tyranitar
|turn|10
|
|move|p1a: Hasmalum|Earthquake|p2a: Tyranitar
|-supereffective|p2a: Tyranitar
|-crit|p2a: Tyranitar
|-damage|p2a: Tyranitar|0 fnt
|faint|p2a: Tyranitar
|
|-weather|Sandstorm|[upkeep]
|upkeep
|
|switch|p2a: Scizor|Scizor, M|64/100
|-damage|p2a: Scizor|52/100|[from] Stealth Rock
|turn|11
|
|move|p2a: Scizor|Bullet Punch|p1a: Hasmalum
|-damage|p1a: Hasmalum|30/100
|move|p1a: Hasmalum|Earthquake|p2a: Scizor
|-crit|p2a: Scizor
|-damage|p2a: Scizor|0 fnt
|faint|p2a: Scizor
|
|-weather|Sandstorm|[upkeep]
|upkeep
|
|switch|p2a: Garchomp|Garchomp, F|100/100
|-damage|p2a: Garchomp|94/100|[from] Stealth Rock
|turn|12
|
|switch|p1a: Nigel Thornberry|Ferrothorn, M|31/100
|move|p2a: Garchomp|Fire Fang|p1a: Nigel Thornberry
|-supereffective|p1a: Nigel Thornberry
|-damage|p1a: Nigel Thornberry|0 fnt
|-damage|p2a: Garchomp|82/100|[from] ability: Iron Barbs|[of] p1a: Nigel Thornberry
|faint|p1a: Nigel Thornberry
|
|-weather|Sandstorm|[upkeep]
|upkeep
|
|switch|p1a: Patrick Star|Starmie|100/100
|turn|13
|
|switch|p2a: Alakazam|Alakazam, F|100/100
|move|p1a: Patrick Star|Ice Beam|p2a: Alakazam
|-damage|p2a: Alakazam|23/100
|-damage|p1a: Patrick Star|91/100|[from] item: Life Orb
|
|-weather|Sandstorm|[upkeep]
|-damage|p1a: Patrick Star|84/100|[from] Sandstorm
|upkeep
|turn|14
|
|move|p2a: Alakazam|Shadow Ball|p1a: Patrick Star
|-supereffective|p1a: Patrick Star
|-damage|p1a: Patrick Star|0 fnt
|faint|p1a: Patrick Star
|
|-weather|Sandstorm|[upkeep]
|upkeep
|
|switch|p1a: Hasmalum|Landorus-Therian, M|30/100
|-ability|p1a: Hasmalum|Intimidate|boost
|-unboost|p2a: Alakazam|atk|1
|turn|15
|
|move|p1a: Hasmalum|U-turn|p2a: Alakazam
|-supereffective|p2a: Alakazam
|-damage|p2a: Alakazam|0 fnt
|faint|p2a: Alakazam
|
|switch|p1a: Clamps|Scizor, M|100/100|[from]move: U-turn
|
|-weather|Sandstorm|[upkeep]
|upkeep
|
|switch|p2a: Garchomp|Garchomp, F|82/100
|-damage|p2a: Garchomp|76/100|[from] Stealth Rock
|turn|16
|
|move|p1a: Clamps|Bullet Punch|p2a: Garchomp
|-damage|p2a: Garchomp|31/100
|-damage|p1a: Clamps|88/100|[from] ability: Rough Skin|[of] p2a: Garchomp
|-damage|p1a: Clamps|78/100|[from] item: Life Orb
|move|p2a: Garchomp|Outrage|p1a: Clamps
|-resisted|p1a: Clamps
|-damage|p1a: Clamps|49/100
|
|-weather|Sandstorm|[upkeep]
|upkeep
|turn|17
|c|☆testbwou|gg
|c|☆TheRareCandyDealer|gg
|
|move|p1a: Clamps|Bullet Punch|p2a: Garchomp
|-damage|p2a: Garchomp|0 fnt
|-damage|p1a: Clamps|36/100|[from] ability: Rough Skin|[of] p2a: Garchomp
|-damage|p1a: Clamps|26/100|[from] item: Life Orb
|faint|p2a: Garchomp
|
|win|TheRareCandyDealer
|raw|TheRareCandyDealer's rating: 1431 &rarr; <strong>1455</strong><br />(+24 for winning)
|raw|testbwou's rating: 1496 &rarr; <strong>1472</strong><br />(-24 for losing)
