|j|☆bwcbestbytest
|j|☆Laone.L.ous
|t:|1715829365
|gametype|singles
|player|p1|bwcbestbytest|lucas|1665
|player|p2|Laone.L.ous|bellelba|1384
|teamsize|p1|6
|teamsize|p2|6
|gen|5
|tier|[Gen 5] OU
|rated|
|rule|Species Clause: Limit one of each Pokémon
|rule|OHKO Clause: OHKO moves are banned
|rule|Moody Clause: Moody is banned
|rule|Evasion Items Clause: Evasion items are banned
|rule|Evasion Moves Clause: Evasion moves are banned
|rule|Endless Battle Clause: Forcing endless battles is banned
|rule|HP Percentage Mod: HP is shown in percentages
|rule|Evasion Abilities Clause: Evasion abilities are banned
|rule|Sleep Moves Clause: Sleep-inducing moves are banned
|rule|Swagger Clause: Swagger is banned
|rule|Baton Pass Stat Clause: No Baton Passer may have a way to boost its stats
|clearpoke
|poke|p1|Tyranitar, F|item
|poke|p1|Skarmory, F|item
|poke|p1|Alakazam, F|item
|poke|p1|Landorus-Therian, M|item
|poke|p1|Latios, M|item
|poke|p1|Rotom-Wash|item
|poke|p2|Mew|item
|poke|p2|Volcarona, F|item
|poke|p2|Scizor, F|item
|poke|p2|Starmie|item
|poke|p2|Mamoswine, F|item
|poke|p2|Dragonite, F|item
|teampreview
|inactive|Battle timer is ON: inactive players will automatically lose when time's up. (requested by Laone.L.ous)
|
|t:|1715829389
|start
|switch|p1a: Tyranitar|Tyranitar, F|100/100
|switch|p2a: Mew|Mew|100/100
|-weather|Sandstorm|[from] ability: Sand Stream|[of] p1a: Tyranitar
|turn|1
|
|t:|1715829394
|switch|p1a: Alakazam|Alakazam, F|100/100
|move|p2a: Mew|Will-O-Wisp|p1a: Alakazam
|-status|p1a: Alakazam|brn
|
|-weather|Sandstorm|[upkeep]
|-damage|p2a: Mew|94/100|[from] Sandstorm
|-heal|p2a: Mew|100/100|[from] item: Leftovers
|upkeep
|turn|2
|
|t:|1715829403
|switch|p1a: Latios|Latios, M|100/100
|move|p2a: Mew|Explosion|p1a: Latios
|-damage|p1a: Latios|21/100
|faint|p2a: Mew
|
|-weather|Sandstorm|[upkeep]
|-damage|p1a: Latios|15/100|[from] Sandstorm
|upkeep
|
|t:|1715829409
|switch|p2a: Scizor|Scizor, F|100/100
|turn|3
|
|t:|1715829416
|move|p1a: Latios|Surf|p2a: Scizor
|-damage|p2a: Scizor|36/100
|move|p2a: Scizor|U-turn|p1a: Latios
|-supereffective|p1a: Latios
|-damage|p1a: Latios|0 fnt
|faint|p1a: Latios
|
|t:|1715829425
|switch|p2a: Mamoswine|Mamoswine, F, shiny|100/100|[from] U-turn
|
|-weather|Sandstorm|[upkeep]
|upkeep
|
|t:|1715829430
|switch|p1a: Landorus|Landorus-Therian, M|100/100
|-ability|p1a: Landorus|Intimidate|boost
|-unboost|p2a: Mamoswine|atk|1
|turn|4
|
|t:|1715829433
|switch|p1a: Skarmory|Skarmory, F|100/100
|move|p2a: Mamoswine|Ice Shard|p1a: Skarmory
|-damage|p1a: Skarmory|89/100
|
|-weather|Sandstorm|[upkeep]
|-heal|p1a: Skarmory|95/100|[from] item: Leftovers
|upkeep
|turn|5
|
|t:|1715829438
|switch|p2a: Starmie|Starmie, shiny|100/100
|move|p1a: Skarmory|Spikes|p2a: Starmie
|-sidestart|p2: Laone.L.ous|Spikes
|
|-weather|Sandstorm|[upkeep]
|-damage|p2a: Starmie|94/100|[from] Sandstorm
|-heal|p1a: Skarmory|100/100|[from] item: Leftovers
|upkeep
|turn|6
|
|t:|1715829441
|switch|p1a: Rotom|Rotom-Wash|100/100
|move|p2a: Starmie|Trick|p1a: Rotom
|-activate|p2a: Starmie|move: Trick|[of] p1a: Rotom
|-item|p1a: Rotom|Choice Scarf|[from] move: Trick
|-item|p2a: Starmie|Chesto Berry|[from] move: Trick
|
|-weather|Sandstorm|[upkeep]
|-damage|p2a: Starmie|88/100|[from] Sandstorm
|-damage|p1a: Rotom|95/100|[from] Sandstorm
|upkeep
|turn|7
|
|t:|1715829448
|switch|p2a: Mamoswine|Mamoswine, F, shiny|100/100
|-damage|p2a: Mamoswine|88/100|[from] Spikes
|move|p1a: Rotom|Volt Switch|p2a: Mamoswine
|-immune|p2a: Mamoswine
|
|-weather|Sandstorm|[upkeep]
|-damage|p1a: Rotom|89/100|[from] Sandstorm
|upkeep
|turn|8
|
|t:|1715829462
|switch|p1a: Tyranitar|Tyranitar, F|100/100
|switch|p2a: Volcarona|Volcarona, F, shiny|100/100
|-damage|p2a: Volcarona|88/100|[from] Spikes
|
|-weather|Sandstorm|[upkeep]
|-damage|p2a: Volcarona|82/100|[from] Sandstorm
|upkeep
|turn|9
|
|t:|1715829467
|switch|p2a: Scizor|Scizor, F|36/100
|-damage|p2a: Scizor|23/100|[from] Spikes
|move|p1a: Tyranitar|Crunch|p2a: Scizor
|-resisted|p2a: Scizor
|-damage|p2a: Scizor|0 fnt
|faint|p2a: Scizor
|
|-weather|Sandstorm|[upkeep]
|upkeep
|
|t:|1715829475
|switch|p2a: Mamoswine|Mamoswine, F, shiny|88/100
|-damage|p2a: Mamoswine|76/100|[from] Spikes
|turn|10
|
|t:|1715829480
|switch|p1a: Rotom|Rotom-Wash|89/100
|move|p2a: Mamoswine|Icicle Crash|p1a: Rotom
|-resisted|p1a: Rotom
|-damage|p1a: Rotom|71/100
|
|-weather|Sandstorm|[upkeep]
|-damage|p1a: Rotom|65/100|[from] Sandstorm
|upkeep
|turn|11
|
|t:|1715829490
|switch|p2a: Starmie|Starmie, shiny|88/100
|-damage|p2a: Starmie|76/100|[from] Spikes
|move|p1a: Rotom|Will-O-Wisp|p2a: Starmie|[miss]
|-miss|p1a: Rotom|p2a: Starmie
|
|-weather|Sandstorm|[upkeep]
|-damage|p2a: Starmie|70/100|[from] Sandstorm
|-damage|p1a: Rotom|59/100|[from] Sandstorm
|upkeep
|turn|12
|
|t:|1715829499
|switch|p1a: Tyranitar|Tyranitar, F|100/100
|move|p2a: Starmie|Rapid Spin|p1a: Tyranitar
|-resisted|p1a: Tyranitar
|-damage|p1a: Tyranitar|99/100
|-sideend|p2: Laone.L.ous|Spikes|[from] move: Rapid Spin|[of] p2a: Starmie
|
|-weather|Sandstorm|[upkeep]
|-damage|p2a: Starmie|63/100|[from] Sandstorm
|upkeep
|turn|13
|
|t:|1715829505
|move|p2a: Starmie|Recover|p2a: Starmie
|-heal|p2a: Starmie|100/100
|move|p1a: Tyranitar|Crunch|p2a: Starmie
|-supereffective|p2a: Starmie
|-damage|p2a: Starmie|12/100
|
|-weather|Sandstorm|[upkeep]
|-damage|p2a: Starmie|5/100|[from] Sandstorm
|upkeep
|turn|14
|
|t:|1715829511
|switch|p2a: Mamoswine|Mamoswine, F, shiny|76/100
|move|p1a: Tyranitar|Crunch|p2a: Mamoswine
|-damage|p2a: Mamoswine|30/100
|
|-weather|Sandstorm|[upkeep]
|upkeep
|turn|15
|
|t:|1715829519
|switch|p1a: Skarmory|Skarmory, F|100/100
|move|p2a: Mamoswine|Endeavor|p1a: Skarmory
|-damage|p1a: Skarmory|33/100
|
|-weather|Sandstorm|[upkeep]
|-heal|p1a: Skarmory|39/100|[from] item: Leftovers
|upkeep
|turn|16
|
|t:|1715829525
|move|p2a: Mamoswine|Icicle Crash|p1a: Skarmory
|-damage|p1a: Skarmory|4/100
|cant|p1a: Skarmory|flinch
|
|-weather|Sandstorm|[upkeep]
|-heal|p1a: Skarmory|10/100|[from] item: Leftovers
|upkeep
|turn|17
|
|t:|1715829530
|move|p2a: Mamoswine|Ice Shard|p1a: Skarmory
|-damage|p1a: Skarmory|0 fnt
|faint|p1a: Skarmory
|
|-weather|Sandstorm|[upkeep]
|upkeep
|
|t:|1715829540
|switch|p1a: Rotom|Rotom-Wash|59/100
|turn|18
|
|t:|1715829545
|switch|p2a: Starmie|Starmie, shiny|5/100
|move|p1a: Rotom|Hydro Pump|p2a: Starmie|[miss]
|-miss|p1a: Rotom|p2a: Starmie
|
|-weather|Sandstorm|[upkeep]
|-damage|p2a: Starmie|0 fnt|[from] Sandstorm
|-damage|p1a: Rotom|53/100|[from] Sandstorm
|faint|p2a: Starmie
|upkeep
|
|t:|1715829550
|switch|p2a: Dragonite|Dragonite, F|100/100
|turn|19
|
|t:|1715829560
|switch|p1a: Tyranitar|Tyranitar, F|99/100
|move|p2a: Dragonite|Dragon Dance|p2a: Dragonite
|-boost|p2a: Dragonite|atk|1
|-boost|p2a: Dragonite|spe|1
|
|-weather|Sandstorm|[upkeep]
|-damage|p2a: Dragonite|94/100|[from] Sandstorm
|upkeep
|turn|20
|
|t:|1715829564
|move|p2a: Dragonite|Earthquake|p1a: Tyranitar
|-supereffective|p1a: Tyranitar
|-damage|p1a: Tyranitar|8/100
|move|p1a: Tyranitar|Ice Beam|p2a: Dragonite
|-supereffective|p2a: Dragonite
|-damage|p2a: Dragonite|10/100
|
|-weather|Sandstorm|[upkeep]
|-damage|p2a: Dragonite|4/100|[from] Sandstorm
|upkeep
|turn|21
|
|t:|1715829571
|move|p2a: Dragonite|Extreme Speed|p1a: Tyranitar
|-resisted|p1a: Tyranitar
|-damage|p1a: Tyranitar|0 fnt
|faint|p1a: Tyranitar
|
|-weather|Sandstorm|[upkeep]
|-damage|p2a: Dragonite|0 fnt|[from] Sandstorm
|faint|p2a: Dragonite
|upkeep
|
|t:|1715829584
|switch|p2a: Volcarona|Volcarona, F, shiny|82/100
|switch|p1a: Landorus|Landorus-Therian, M|100/100
|-ability|p1a: Landorus|Intimidate|boost
|-unboost|p2a: Volcarona|atk|1
|turn|22
|
|t:|1715829589
|move|p2a: Volcarona|Quiver Dance|p2a: Volcarona
|-boost|p2a: Volcarona|spa|1
|-boost|p2a: Volcarona|spd|1
|-boost|p2a: Volcarona|spe|1
|move|p1a: Landorus|Earthquake|p2a: Volcarona
|-damage|p2a: Volcarona|8/100
|
|-weather|Sandstorm|[upkeep]
|-damage|p2a: Volcarona|2/100|[from] Sandstorm
|upkeep
|turn|23
|
|t:|1715829595
|move|p2a: Volcarona|Giga Drain|p1a: Landorus
|-damage|p1a: Landorus|52/100
|-heal|p2a: Volcarona|27/100|[from] drain|[of] p1a: Landorus
|move|p1a: Landorus|Earthquake|p2a: Volcarona
|-damage|p2a: Volcarona|0 fnt
|faint|p2a: Volcarona
|
|-weather|Sandstorm|[upkeep]
|-heal|p1a: Landorus|58/100|[from] item: Leftovers
|upkeep
|
|t:|1715829598
|switch|p2a: Mamoswine|Mamoswine, F, shiny|30/100
|turn|24
|
|t:|1715829600
|move|p2a: Mamoswine|Ice Shard|p1a: Landorus
|-supereffective|p1a: Landorus
|-crit|p1a: Landorus
|-damage|p1a: Landorus|0 fnt
|faint|p1a: Landorus
|
|-weather|Sandstorm|[upkeep]
|upkeep
|
|t:|1715829601
|switch|p1a: Alakazam|Alakazam, F|100/100 brn
|turn|25
|
|t:|1715829604
|move|p2a: Mamoswine|Ice Shard|p1a: Alakazam
|-damage|p1a: Alakazam|44/100 brn
|move|p1a: Alakazam|Grass Knot|p2a: Mamoswine
|-supereffective|p2a: Mamoswine
|-damage|p2a: Mamoswine|0 fnt
|faint|p2a: Mamoswine
|
|win|bwcbestbytest
|raw|bwcbestbytest's rating: 1665 &rarr; <strong>1672</strong><br />(+7 for winning)
|raw|Laone.L.ous's rating: 1384 &rarr; <strong>1377</strong><br />(-7 for losing)
|c|☆bwcbestbytest|Gg
|l|☆bwcbestbytest
|player|p1|
