|j|☆Crimsonbacon38
|j|☆mefu64
|t:|1730601337
|gametype|singles
|player|p1|Crimsonbacon38|barry|1331
|player|p2|mefu64|roughneck|1332
|teamsize|p1|6
|teamsize|p2|6
|gen|5
|tier|[Gen 5] OU
|rated|
|rule|Species Clause: Limit one of each Pokémon
|rule|OHKO Clause: OHKO moves are banned
|rule|Moody Clause: Moody is banned
|rule|Evasion Items Clause: Evasion items are banned
|rule|Evasion Moves Clause: Evasion moves are banned
|rule|Endless Battle Clause: Forcing endless battles is banned
|rule|HP Percentage Mod: HP is shown in percentages
|rule|Evasion Abilities Clause: Evasion abilities are banned
|rule|Sleep Moves Clause: Sleep-inducing moves are banned
|rule|Swagger Clause: Swagger is banned
|rule|Baton Pass Stat Clause: No Baton Passer may have a way to boost its stats
|clearpoke
|poke|p1|Tyranitar, F|item
|poke|p1|Excadrill, M|item
|poke|p1|Landorus-Therian, M|item
|poke|p1|Rotom-Wash|item
|poke|p1|Ferrothorn, M|item
|poke|p1|Latios, M|item
|poke|p2|Latios, M|item
|poke|p2|Mamoswine, F|item
|poke|p2|Alakazam, M|item
|poke|p2|Rotom-Wash|item
|poke|p2|Zapdos|item
|poke|p2|Tyranitar, M|item
|teampreview
|c|☆Crimsonbacon38|Glhf
|
|t:|1730601352
|start
|switch|p1a: Tyranitar|Tyranitar, F|100/100
|switch|p2a: Rotom|Rotom-Wash|100/100
|-weather|Sandstorm|[from] ability: Sand Stream|[of] p1a: Tyranitar
|turn|1
|
|t:|1730601359
|switch|p1a: Rotom|Rotom-Wash|100/100
|move|p2a: Rotom|Will-O-Wisp|p1a: Rotom
|-status|p1a: Rotom|brn
|
|-weather|Sandstorm|[upkeep]
|-damage|p1a: Rotom|94/100 brn|[from] Sandstorm
|-damage|p2a: Rotom|95/100|[from] Sandstorm
|-heal|p2a: Rotom|100/100|[from] item: Leftovers
|-heal|p1a: Rotom|100/100 brn|[from] item: Leftovers
|-damage|p1a: Rotom|88/100 brn|[from] brn
|upkeep
|turn|2
|
|t:|1730601367
|move|p2a: Rotom|Thunderbolt|p1a: Rotom
|-damage|p1a: Rotom|48/100 brn
|move|p1a: Rotom|Volt Switch|p2a: Rotom
|-damage|p2a: Rotom|75/100
|
|t:|1730601402
|switch|p1a: Latios|Latios, M|100/100|[from] Volt Switch
|
|-weather|Sandstorm|[upkeep]
|-damage|p1a: Latios|95/100|[from] Sandstorm
|-damage|p2a: Rotom|69/100|[from] Sandstorm
|-heal|p2a: Rotom|75/100|[from] item: Leftovers
|upkeep
|turn|3
|
|t:|1730601406
|move|p1a: Latios|Draco Meteor|p2a: Rotom
|-damage|p2a: Rotom|0 fnt
|-unboost|p1a: Latios|spa|2
|faint|p2a: Rotom
|
|-weather|Sandstorm|[upkeep]
|-damage|p1a: Latios|89/100|[from] Sandstorm
|upkeep
|
|t:|1730601416
|switch|p2a: Tyranitar|Tyranitar, M|100/100
|turn|4
|
|t:|1730601419
|move|p1a: Latios|Draco Meteor|p2a: Tyranitar|[miss]
|-miss|p1a: Latios|p2a: Tyranitar
|move|p2a: Tyranitar|Pursuit|p1a: Latios
|-supereffective|p1a: Latios
|-damage|p1a: Latios|30/100
|
|-weather|Sandstorm|[upkeep]
|-damage|p1a: Latios|24/100|[from] Sandstorm
|upkeep
|turn|5
|
|t:|1730601425
|move|p1a: Latios|Draco Meteor|p2a: Tyranitar
|-damage|p2a: Tyranitar|82/100
|-unboost|p1a: Latios|spa|2
|move|p2a: Tyranitar|Pursuit|p1a: Latios
|-supereffective|p1a: Latios
|-damage|p1a: Latios|0 fnt
|faint|p1a: Latios
|
|-weather|Sandstorm|[upkeep]
|upkeep
|l|☆Crimsonbacon38
|player|p1|
|j|☆Crimsonbacon38
|player|p1|Crimsonbacon38|barry|
|l|☆Crimsonbacon38
|player|p1|
|j|☆Crimsonbacon38
|player|p1|Crimsonbacon38|barry|
|
|t:|1730601468
|switch|p1a: Rotom|Rotom-Wash|48/100 brn
|turn|6
|
|t:|1730601483
|move|p1a: Rotom|Pain Split|p2a: Tyranitar
|-sethp|p2a: Tyranitar|59/100|[from] move: Pain Split|[silent]
|-sethp|p1a: Rotom|78/100 brn|[from] move: Pain Split
|move|p2a: Tyranitar|Superpower|p1a: Rotom
|-damage|p1a: Rotom|45/100 brn
|-unboost|p2a: Tyranitar|atk|1
|-unboost|p2a: Tyranitar|def|1
|
|-weather|Sandstorm|[upkeep]
|-damage|p1a: Rotom|38/100 brn|[from] Sandstorm
|-heal|p1a: Rotom|45/100 brn|[from] item: Leftovers
|-damage|p1a: Rotom|32/100 brn|[from] brn
|upkeep
|turn|7
|
|t:|1730601496
|move|p1a: Rotom|Hydro Pump|p2a: Tyranitar
|-supereffective|p2a: Tyranitar
|-damage|p2a: Tyranitar|16/100
|move|p2a: Tyranitar|Stone Edge|p1a: Rotom
|-damage|p1a: Rotom|3/100 brn
|
|-weather|Sandstorm|[upkeep]
|-damage|p1a: Rotom|0 fnt|[from] Sandstorm
|faint|p1a: Rotom
|upkeep
|
|t:|1730601507
|switch|p1a: Excadrill|Excadrill, M|100/100
|turn|8
|
|t:|1730601510
|move|p1a: Excadrill|Iron Head|p2a: Tyranitar
|-supereffective|p2a: Tyranitar
|-damage|p2a: Tyranitar|0 fnt
|faint|p2a: Tyranitar
|
|-weather|Sandstorm|[upkeep]
|upkeep
|
|t:|1730601530
|switch|p2a: Latios|Latios, M|100/100
|turn|9
|
|t:|1730601535
|move|p2a: Latios|Surf|p1a: Excadrill
|-supereffective|p1a: Excadrill
|-damage|p1a: Excadrill|42/100
|move|p1a: Excadrill|Iron Head|p2a: Latios
|-damage|p2a: Latios|31/100
|
|-weather|Sandstorm|[upkeep]
|-damage|p2a: Latios|25/100|[from] Sandstorm
|-heal|p1a: Excadrill|49/100|[from] item: Leftovers
|upkeep
|turn|10
|
|t:|1730601538
|switch|p1a: Ferrothorn|Ferrothorn, M|100/100
|move|p2a: Latios|Surf|p1a: Ferrothorn
|-resisted|p1a: Ferrothorn
|-damage|p1a: Ferrothorn|89/100
|
|-weather|Sandstorm|[upkeep]
|-damage|p2a: Latios|19/100|[from] Sandstorm
|-heal|p1a: Ferrothorn|96/100|[from] item: Leftovers
|upkeep
|turn|11
|
|t:|1730601542
|switch|p2a: Zapdos|Zapdos|100/100
|-ability|p2a: Zapdos|Pressure
|move|p1a: Ferrothorn|Spikes|p2a: Zapdos
|-sidestart|p2: mefu64|Spikes
|
|-weather|Sandstorm|[upkeep]
|-damage|p2a: Zapdos|94/100|[from] Sandstorm
|-heal|p2a: Zapdos|100/100|[from] item: Leftovers
|-heal|p1a: Ferrothorn|100/100|[from] item: Leftovers
|upkeep
|turn|12
|
|t:|1730601546
|move|p2a: Zapdos|Heat Wave|p1a: Ferrothorn|[miss]
|-miss|p2a: Zapdos|p1a: Ferrothorn
|move|p1a: Ferrothorn|Knock Off|p2a: Zapdos
|-damage|p2a: Zapdos|97/100
|-enditem|p2a: Zapdos|Leftovers|[from] move: Knock Off|[of] p1a: Ferrothorn
|
|-weather|Sandstorm|[upkeep]
|-damage|p2a: Zapdos|91/100|[from] Sandstorm
|upkeep
|turn|13
|
|t:|1730601550
|switch|p1a: Tyranitar|Tyranitar, F|100/100
|move|p2a: Zapdos|Heat Wave|p1a: Tyranitar
|-resisted|p1a: Tyranitar
|-damage|p1a: Tyranitar|94/100
|
|-weather|Sandstorm|[upkeep]
|-damage|p2a: Zapdos|85/100|[from] Sandstorm
|upkeep
|turn|14
|
|t:|1730601555
|switch|p2a: Mamoswine|Mamoswine, F|100/100
|-damage|p2a: Mamoswine|88/100|[from] Spikes
|move|p1a: Tyranitar|Thunder Wave|p2a: Mamoswine
|-immune|p2a: Mamoswine
|
|-weather|Sandstorm|[upkeep]
|upkeep
|turn|15
|
|t:|1730601561
|switch|p1a: Ferrothorn|Ferrothorn, M|100/100
|move|p2a: Mamoswine|Earthquake|p1a: Ferrothorn
|-damage|p1a: Ferrothorn|39/100
|
|-weather|Sandstorm|[upkeep]
|-heal|p1a: Ferrothorn|45/100|[from] item: Leftovers
|upkeep
|turn|16
|
|t:|1730601566
|move|p2a: Mamoswine|Earthquake|p1a: Ferrothorn
|-damage|p1a: Ferrothorn|0 fnt
|faint|p1a: Ferrothorn
|
|-weather|Sandstorm|[upkeep]
|upkeep
|
|t:|1730601568
|switch|p1a: Landorus|Landorus-Therian, M|100/100
|-ability|p1a: Landorus|Intimidate|boost
|-unboost|p2a: Mamoswine|atk|1
|turn|17
|
|t:|1730601585
|switch|p1a: Excadrill|Excadrill, M|49/100
|switch|p2a: Zapdos|Zapdos|85/100
|-ability|p2a: Zapdos|Pressure
|
|-weather|Sandstorm|[upkeep]
|-damage|p2a: Zapdos|79/100|[from] Sandstorm
|-heal|p1a: Excadrill|55/100|[from] item: Leftovers
|upkeep
|turn|18
|
|t:|1730601591
|switch|p1a: Tyranitar|Tyranitar, F|94/100
|move|p2a: Zapdos|Heat Wave|p1a: Tyranitar
|-resisted|p1a: Tyranitar
|-damage|p1a: Tyranitar|88/100
|
|-weather|Sandstorm|[upkeep]
|-damage|p2a: Zapdos|73/100|[from] Sandstorm
|upkeep
|turn|19
|
|t:|1730601606
|switch|p2a: Mamoswine|Mamoswine, F|88/100
|-damage|p2a: Mamoswine|76/100|[from] Spikes
|move|p1a: Tyranitar|Thunder Wave|p2a: Mamoswine
|-immune|p2a: Mamoswine
|
|-weather|Sandstorm|[upkeep]
|upkeep
|turn|20
|
|t:|1730601616
|switch|p1a: Landorus|Landorus-Therian, M|100/100
|-ability|p1a: Landorus|Intimidate|boost
|-unboost|p2a: Mamoswine|atk|1
|move|p2a: Mamoswine|Icicle Crash|p1a: Landorus
|-supereffective|p1a: Landorus
|-damage|p1a: Landorus|0 fnt
|faint|p1a: Landorus
|
|-weather|Sandstorm|[upkeep]
|upkeep
|
|t:|1730601622
|switch|p1a: Tyranitar|Tyranitar, F|88/100
|turn|21
|
|t:|1730601626
|switch|p2a: Latios|Latios, M|19/100
|move|p1a: Tyranitar|Superpower|p2a: Latios
|-resisted|p2a: Latios
|-damage|p2a: Latios|0 fnt
|-unboost|p1a: Tyranitar|atk|1
|-unboost|p1a: Tyranitar|def|1
|faint|p2a: Latios
|
|-weather|Sandstorm|[upkeep]
|upkeep
|
|t:|1730601640
|switch|p2a: Mamoswine|Mamoswine, F|76/100
|-damage|p2a: Mamoswine|63/100|[from] Spikes
|turn|22
|
|t:|1730601644
|move|p2a: Mamoswine|Earthquake|p1a: Tyranitar
|-supereffective|p1a: Tyranitar
|-crit|p1a: Tyranitar
|-damage|p1a: Tyranitar|0 fnt
|faint|p1a: Tyranitar
|
|-weather|Sandstorm|[upkeep]
|upkeep
|
|t:|1730601646
|switch|p1a: Excadrill|Excadrill, M|55/100
|turn|23
|
|t:|1730601650
|move|p1a: Excadrill|Iron Head|p2a: Mamoswine
|-supereffective|p2a: Mamoswine
|-damage|p2a: Mamoswine|0 fnt
|faint|p2a: Mamoswine
|
|-weather|Sandstorm|[upkeep]
|-heal|p1a: Excadrill|61/100|[from] item: Leftovers
|upkeep
|
|t:|1730601655
|switch|p2a: Alakazam|Alakazam, M|100/100
|turn|24
|
|t:|1730601658
|move|p2a: Alakazam|Focus Blast|p1a: Excadrill
|-supereffective|p1a: Excadrill
|-damage|p1a: Excadrill|0 fnt
|faint|p1a: Excadrill
|
|win|mefu64
|raw|Crimsonbacon38's rating: 1342 &rarr; <strong>1321</strong><br />(-21 for losing)
|raw|mefu64's rating: 1332 &rarr; <strong>1353</strong><br />(+21 for winning)
|c|☆mefu64|gg
