|j|☆affkslblc
|j|☆spliffdiff
|t:|1741192760
|gametype|singles
|player|p1|affkslblc|266|1390
|player|p2|spliffdiff|ruinmaniac|1322
|teamsize|p1|6
|teamsize|p2|6
|gen|5
|tier|[Gen 5] OU
|rated|
|rule|Species Clause: Limit one of each Pokémon
|rule|OHKO Clause: OHKO moves are banned
|rule|Moody Clause: Moody is banned
|rule|Evasion Items Clause: Evasion items are banned
|rule|Evasion Moves Clause: Evasion moves are banned
|rule|Endless Battle Clause: Forcing endless battles is banned
|rule|HP Percentage Mod: HP is shown in percentages
|rule|Evasion Abilities Clause: Evasion abilities are banned
|rule|Sleep Moves Clause: Sleep-inducing moves are banned
|rule|Swagger Clause: Swagger is banned
|rule|Baton Pass Stat Clause: No Baton Passer may have a way to boost its stats
|clearpoke
|poke|p1|Garchomp, M|item
|poke|p1|Volcarona, F|item
|poke|p1|Starmie|item
|poke|p1|Conkeldurr, M|item
|poke|p1|Scizor, M|item
|poke|p1|Latios, M|item
|poke|p2|Honchkrow, F|item
|poke|p2|Terrakion|item
|poke|p2|Garchomp, F|item
|poke|p2|Conkeldurr, F|item
|poke|p2|Keldeo-Resolute|item
|poke|p2|Breloom, M|item
|teampreview
|inactive|Battle timer is ON: inactive players will automatically lose when time's up. (requested by affkslblc)
|inactive|spliffdiff also wants the timer to be on.
|
|t:|1741192772
|start
|switch|p1a: Garchomp|Garchomp, M|100/100
|switch|p2a: Terrakion|Terrakion|100/100
|turn|1
|
|t:|1741192787
|move|p2a: Terrakion|Stealth Rock|p1a: Garchomp
|-sidestart|p1: affkslblc|move: Stealth Rock
|move|p1a: Garchomp|Earthquake|p2a: Terrakion
|-supereffective|p2a: Terrakion
|-enditem|p2a: Terrakion|Focus Sash
|-damage|p2a: Terrakion|1/100
|-damage|p1a: Garchomp|91/100|[from] item: Life Orb
|
|upkeep
|turn|2
|
|t:|1741192793
|move|p2a: Terrakion|Taunt|p1a: Garchomp
|-start|p1a: Garchomp|move: Taunt
|cant|p1a: Garchomp|move: Taunt|Stealth Rock
|
|upkeep
|turn|3
|
|t:|1741192798
|move|p2a: Terrakion|Close Combat|p1a: Garchomp
|-damage|p1a: Garchomp|19/100
|-unboost|p2a: Terrakion|def|1
|-unboost|p2a: Terrakion|spd|1
|-damage|p2a: Terrakion|0 fnt|[from] ability: Rough Skin|[of] p1a: Garchomp
|faint|p2a: Terrakion
|move|p1a: Garchomp|Earthquake|p2: Terrakion|[notarget]
|-fail|p1a: Garchomp
|
|upkeep
|
|t:|1741192806
|switch|p2a: Conkeldurr|Conkeldurr, F|100/100
|turn|4
|
|t:|1741192811
|switch|p1a: Starmie|Starmie|100/100
|-damage|p1a: Starmie|88/100|[from] Stealth Rock
|-item|p1a: Starmie|Air Balloon
|move|p2a: Conkeldurr|Drain Punch|p1a: Starmie
|-resisted|p1a: Starmie
|-damage|p1a: Starmie|56/100
|-enditem|p1a: Starmie|Air Balloon
|
|upkeep
|turn|5
|
|t:|1741192822
|move|p1a: Starmie|Rapid Spin|p2a: Conkeldurr
|-damage|p2a: Conkeldurr|99/100
|-sideend|p1: affkslblc|Stealth Rock|[from] move: Rapid Spin|[of] p1a: Starmie
|move|p2a: Conkeldurr|Thunder Punch|p1a: Starmie
|-supereffective|p1a: Starmie
|-damage|p1a: Starmie|0 fnt
|faint|p1a: Starmie
|
|upkeep
|
|t:|1741192838
|switch|p1a: Latios|Latios, M|100/100
|turn|6
|
|t:|1741192857
|move|p2a: Conkeldurr|Mach Punch|p1a: Latios
|-resisted|p1a: Latios
|-damage|p1a: Latios|85/100
|move|p1a: Latios|Draco Meteor|p2a: Conkeldurr
|-damage|p2a: Conkeldurr|0 fnt
|-unboost|p1a: Latios|spa|2
|faint|p2a: Conkeldurr
|
|upkeep
|
|t:|1741192862
|switch|p2a: Honchkrow|Honchkrow, F|100/100
|turn|7
|
|t:|1741192882
|-activate|p1a: Latios|move: Pursuit
|move|p2a: Honchkrow|Pursuit|p1a: Latios|[from] Pursuit
|-supereffective|p1a: Latios
|-damage|p1a: Latios|0 fnt
|faint|p1a: Latios
|-hint|A Pokemon can't switch between when it runs out of HP and when it faints
|
|upkeep
|inactive|affkslblc has 120 seconds left.
|
|t:|1741192905
|switch|p1a: Scizor|Scizor, M|100/100
|turn|8
|
|t:|1741192911
|move|p1a: Scizor|U-turn|p2a: Honchkrow
|-damage|p2a: Honchkrow|18/100
|
|t:|1741192915
|switch|p1a: Garchomp|Garchomp, M|19/100|[from] U-turn
|move|p2a: Honchkrow|Brave Bird|p1a: Garchomp
|-damage|p1a: Garchomp|0 fnt
|-damage|p2a: Honchkrow|5/100|[from] ability: Rough Skin|[of] p1a: Garchomp
|faint|p1a: Garchomp
|-damage|p2a: Honchkrow|0 fnt|[from] Recoil
|faint|p2a: Honchkrow
|
|upkeep
|
|t:|1741192931
|switch|p1a: Scizor|Scizor, M|100/100
|switch|p2a: Keldeo|Keldeo-Resolute|100/100
|turn|9
|
|t:|1741192959
|move|p2a: Keldeo|Surf|p1a: Scizor
|-crit|p1a: Scizor
|-damage|p1a: Scizor|0 fnt
|faint|p1a: Scizor
|
|upkeep
|
|t:|1741192974
|switch|p1a: Conkeldurr|Conkeldurr, M|100/100
|turn|10
|
|t:|1741192980
|move|p2a: Keldeo|Surf|p1a: Conkeldurr
|-damage|p1a: Conkeldurr|58/100
|move|p1a: Conkeldurr|Drain Punch|p2a: Keldeo
|-damage|p2a: Keldeo|53/100
|-heal|p1a: Conkeldurr|78/100|[from] drain|[of] p2a: Keldeo
|
|-heal|p1a: Conkeldurr|84/100|[from] item: Leftovers
|upkeep
|turn|11
|
|t:|1741192986
|move|p2a: Keldeo|Surf|p1a: Conkeldurr
|-damage|p1a: Conkeldurr|38/100
|move|p1a: Conkeldurr|Drain Punch|p2a: Keldeo
|-damage|p2a: Keldeo|6/100
|-heal|p1a: Conkeldurr|57/100|[from] drain|[of] p2a: Keldeo
|
|-heal|p1a: Conkeldurr|63/100|[from] item: Leftovers
|upkeep
|turn|12
|
|t:|1741192993
|move|p1a: Conkeldurr|Mach Punch|p2a: Keldeo
|-damage|p2a: Keldeo|0 fnt
|faint|p2a: Keldeo
|
|-heal|p1a: Conkeldurr|69/100|[from] item: Leftovers
|upkeep
|
|t:|1741192998
|switch|p2a: Breloom|Breloom, M|100/100
|turn|13
|
|t:|1741193004
|move|p2a: Breloom|Bullet Seed|p1a: Conkeldurr
|-damage|p1a: Conkeldurr|51/100
|-damage|p1a: Conkeldurr|32/100
|-hitcount|p1a: Conkeldurr|2
|move|p1a: Conkeldurr|Bulk Up|p1a: Conkeldurr
|-boost|p1a: Conkeldurr|atk|1
|-boost|p1a: Conkeldurr|def|1
|
|-heal|p1a: Conkeldurr|38/100|[from] item: Leftovers
|upkeep
|turn|14
|
|t:|1741193010
|move|p2a: Breloom|Bullet Seed|p1a: Conkeldurr
|-damage|p1a: Conkeldurr|25/100
|-damage|p1a: Conkeldurr|12/100
|-hitcount|p1a: Conkeldurr|2
|move|p1a: Conkeldurr|Drain Punch|p2a: Breloom
|-damage|p2a: Breloom|4/100
|-heal|p1a: Conkeldurr|43/100|[from] drain|[of] p2a: Breloom
|
|-heal|p1a: Conkeldurr|49/100|[from] item: Leftovers
|upkeep
|turn|15
|
|t:|1741193017
|move|p2a: Breloom|Mach Punch|p1a: Conkeldurr
|-damage|p1a: Conkeldurr|30/100
|move|p1a: Conkeldurr|Mach Punch|p2a: Breloom
|-damage|p2a: Breloom|0 fnt
|faint|p2a: Breloom
|
|-heal|p1a: Conkeldurr|36/100|[from] item: Leftovers
|upkeep
|
|t:|1741193020
|switch|p2a: Garchomp|Garchomp, F|100/100
|turn|16
|
|t:|1741193049
|move|p1a: Conkeldurr|Mach Punch|p2a: Garchomp
|-damage|p2a: Garchomp|70/100
|-damage|p1a: Conkeldurr|23/100|[from] ability: Rough Skin|[of] p2a: Garchomp
|move|p2a: Garchomp|Outrage|p1a: Conkeldurr
|-damage|p1a: Conkeldurr|0 fnt
|faint|p1a: Conkeldurr
|
|upkeep
|
|t:|1741193055
|switch|p1a: Volcarona|Volcarona, F|100/100
|turn|17
|
|t:|1741193069
|move|p2a: Garchomp|Outrage|p1a: Volcarona|[from] lockedmove
|-damage|p1a: Volcarona|12/100
|-start|p2a: Garchomp|confusion|[fatigue]
|move|p1a: Volcarona|Bug Buzz|p2a: Garchomp
|-damage|p2a: Garchomp|0 fnt
|faint|p2a: Garchomp
|-damage|p1a: Volcarona|2/100|[from] item: Life Orb
|
|win|affkslblc
|raw|affkslblc's rating: 1390 &rarr; <strong>1406</strong><br />(+16 for winning)
|raw|spliffdiff's rating: 1322 &rarr; <strong>1306</strong><br />(-16 for losing)
