|j|☆nbvgcfhg
|j|☆lord txde
|t:|1746586910
|gametype|singles
|player|p1|nbvgcfhg|lady-gen4|1441
|player|p2|lord txde|102|1472
|teamsize|p1|6
|teamsize|p2|6
|gen|5
|tier|[Gen 5] OU
|rated|
|rule|Species Clause: Limit one of each Pokémon
|rule|OHKO Clause: OHKO moves are banned
|rule|Moody Clause: Moody is banned
|rule|Evasion Items Clause: Evasion items are banned
|rule|Evasion Moves Clause: Evasion moves are banned
|rule|Endless Battle Clause: Forcing endless battles is banned
|rule|HP Percentage Mod: HP is shown in percentages
|rule|Evasion Abilities Clause: Evasion abilities are banned
|rule|Sleep Moves Clause: Sleep-inducing moves are banned
|rule|Swagger Clause: Swagger is banned
|rule|Baton Pass Stat Clause: No Baton Passer may have a way to boost its stats
|clearpoke
|poke|p1|Slowking, M|item
|poke|p1|Excadrill, F|item
|poke|p1|Kyurem|item
|poke|p1|Skarmory, M|item
|poke|p1|Tyranitar, M|item
|poke|p1|Quagsire, M|item
|poke|p2|Reuniclus, M|item
|poke|p2|Landorus-Therian, M|item
|poke|p2|Latios, M|item
|poke|p2|Magnezone|item
|poke|p2|Mamoswine, F|item
|poke|p2|Ferrothorn, F|item
|teampreview
|inactive|Battle timer is ON: inactive players will automatically lose when time's up. (requested by nbvgcfhg)
|
|t:|1746586928
|start
|switch|p1a: Kyurem|Kyurem, shiny|100/100
|switch|p2a: Ferrothorn|Ferrothorn, F|100/100
|-ability|p1a: Kyurem|Pressure
|turn|1
|
|t:|1746586934
|switch|p2a: Reuniclus|Reuniclus, M|100/100
|move|p1a: Kyurem|Ice Beam|p2a: Reuniclus
|-damage|p2a: Reuniclus|30/100
|
|-heal|p2a: Reuniclus|36/100|[from] item: Leftovers
|upkeep
|turn|2
|
|t:|1746586941
|switch|p2a: Magnezone|Magnezone|100/100
|move|p1a: Kyurem|Ice Beam|p2a: Magnezone
|-resisted|p2a: Magnezone
|-damage|p2a: Magnezone|58/100
|-status|p2a: Magnezone|frz
|
|-heal|p2a: Magnezone|64/100 frz|[from] item: Leftovers
|upkeep
|turn|3
|
|t:|1746586945
|move|p1a: Kyurem|Ice Beam|p2a: Magnezone
|-resisted|p2a: Magnezone
|-damage|p2a: Magnezone|19/100 frz
|cant|p2a: Magnezone|frz
|
|-heal|p2a: Magnezone|25/100 frz|[from] item: Leftovers
|upkeep
|turn|4
|
|t:|1746586960
|switch|p2a: Mamoswine|Mamoswine, F|100/100
|move|p1a: Kyurem|Ice Beam|p2a: Mamoswine
|-damage|p2a: Mamoswine|0 fnt
|faint|p2a: Mamoswine
|
|upkeep
|
|t:|1746586962
|switch|p2a: Ferrothorn|Ferrothorn, F|100/100
|turn|5
|
|t:|1746586965
|move|p1a: Kyurem|Ice Beam|p2a: Ferrothorn
|-damage|p2a: Ferrothorn|27/100
|-status|p2a: Ferrothorn|frz
|-enditem|p2a: Ferrothorn|Lum Berry|[eat]
|-curestatus|p2a: Ferrothorn|frz|[msg]
|move|p2a: Ferrothorn|Gyro Ball|p1a: Kyurem
|-supereffective|p1a: Kyurem
|-damage|p1a: Kyurem|0 fnt
|faint|p1a: Kyurem
|
|upkeep
|
|t:|1746586978
|switch|p1a: Excadrill|Excadrill, F, shiny|100/100
|-ability|p1a: Excadrill|Mold Breaker
|turn|6
|
|t:|1746586981
|switch|p2a: Landorus|Landorus-Therian, M|100/100
|-ability|p2a: Landorus|Intimidate|boost
|-unboost|p1a: Excadrill|atk|1
|move|p1a: Excadrill|Earthquake|p2a: Landorus
|-immune|p2a: Landorus
|
|upkeep
|turn|7
|
|t:|1746586990
|switch|p1a: Skarmory|Skarmory, M, shiny|100/100
|move|p2a: Landorus|U-turn|p1a: Skarmory
|-resisted|p1a: Skarmory
|-crit|p1a: Skarmory
|-damage|p1a: Skarmory|93/100
|
|t:|1746586993
|switch|p2a: Magnezone|Magnezone|25/100 frz|[from] U-turn
|
|-heal|p2a: Magnezone|31/100 frz|[from] item: Leftovers
|upkeep
|turn|8
|
|t:|1746587001
|switch|p1a: Excadrill|Excadrill, F, shiny|100/100
|-ability|p1a: Excadrill|Mold Breaker
|-curestatus|p2a: Magnezone|frz|[msg]
|move|p2a: Magnezone|Thunderbolt|p1a: Excadrill
|-immune|p1a: Excadrill
|
|-heal|p2a: Magnezone|37/100|[from] item: Leftovers
|upkeep
|turn|9
|
|t:|1746587014
|switch|p2a: Landorus|Landorus-Therian, M|100/100
|-ability|p2a: Landorus|Intimidate|boost
|-unboost|p1a: Excadrill|atk|1
|move|p1a: Excadrill|Stealth Rock|p2a: Landorus
|-sidestart|p2: lord txde|move: Stealth Rock
|
|upkeep
|turn|10
|
|t:|1746587028
|switch|p1a: Skarmory|Skarmory, M, shiny|93/100
|move|p2a: Landorus|Stealth Rock|p1a: Skarmory
|-sidestart|p1: nbvgcfhg|move: Stealth Rock
|
|upkeep
|turn|11
|
|t:|1746587032
|move|p2a: Landorus|U-turn|p1a: Skarmory
|-resisted|p1a: Skarmory
|-damage|p1a: Skarmory|90/100
|
|t:|1746587034
|switch|p2a: Reuniclus|Reuniclus, M|36/100|[from] U-turn
|move|p1a: Skarmory|Spikes|p2a: Reuniclus
|-sidestart|p2: lord txde|Spikes
|
|-heal|p2a: Reuniclus|42/100|[from] item: Leftovers
|upkeep
|turn|12
|
|t:|1746587037
|move|p1a: Skarmory|Spikes|p2a: Reuniclus
|-sidestart|p2: lord txde|Spikes
|move|p2a: Reuniclus|Recover|p2a: Reuniclus
|-heal|p2a: Reuniclus|92/100
|
|-heal|p2a: Reuniclus|98/100|[from] item: Leftovers
|upkeep
|turn|13
|
|t:|1746587045
|move|p1a: Skarmory|Spikes|p2a: Reuniclus
|-sidestart|p2: lord txde|Spikes
|move|p2a: Reuniclus|Calm Mind|p2a: Reuniclus
|-boost|p2a: Reuniclus|spa|1
|-boost|p2a: Reuniclus|spd|1
|
|-heal|p2a: Reuniclus|100/100|[from] item: Leftovers
|upkeep
|turn|14
|
|t:|1746587051
|switch|p1a: Quagsire|Quagsire, M, shiny|100/100
|-damage|p1a: Quagsire|94/100|[from] Stealth Rock
|move|p2a: Reuniclus|Focus Blast|p1a: Quagsire|[miss]
|-miss|p2a: Reuniclus|p1a: Quagsire
|
|-heal|p1a: Quagsire|100/100|[from] item: Leftovers
|upkeep
|turn|15
|
|t:|1746587059
|move|p1a: Quagsire|Amnesia|p1a: Quagsire
|-boost|p1a: Quagsire|spd|2
|move|p2a: Reuniclus|Psyshock|p1a: Quagsire
|-damage|p1a: Quagsire|76/100
|
|-heal|p1a: Quagsire|82/100|[from] item: Leftovers
|upkeep
|turn|16
|
|t:|1746587075
|move|p1a: Quagsire|Amnesia|p1a: Quagsire
|-boost|p1a: Quagsire|spd|2
|move|p2a: Reuniclus|Calm Mind|p2a: Reuniclus
|-boost|p2a: Reuniclus|spa|1
|-boost|p2a: Reuniclus|spd|1
|
|-heal|p1a: Quagsire|88/100|[from] item: Leftovers
|upkeep
|turn|17
|
|t:|1746587078
|move|p1a: Quagsire|Amnesia|p1a: Quagsire
|-boost|p1a: Quagsire|spd|2
|move|p2a: Reuniclus|Calm Mind|p2a: Reuniclus
|-boost|p2a: Reuniclus|spa|1
|-boost|p2a: Reuniclus|spd|1
|
|-heal|p1a: Quagsire|94/100|[from] item: Leftovers
|upkeep
|turn|18
|
|t:|1746587081
|move|p1a: Quagsire|Curse|p1a: Quagsire
|-unboost|p1a: Quagsire|spe|1
|-boost|p1a: Quagsire|atk|1
|-boost|p1a: Quagsire|def|1
|move|p2a: Reuniclus|Calm Mind|p2a: Reuniclus
|-boost|p2a: Reuniclus|spa|1
|-boost|p2a: Reuniclus|spd|1
|
|-heal|p1a: Quagsire|100/100|[from] item: Leftovers
|upkeep
|turn|19
|-message|lord txde forfeited.
|
|win|nbvgcfhg
|raw|nbvgcfhg's rating: 1441 &rarr; <strong>1463</strong><br />(+22 for winning)
|raw|lord txde's rating: 1472 &rarr; <strong>1450</strong><br />(-22 for losing)
|l|☆lord txde
|player|p2|
