|j|☆Blossummm
|j|☆kralove
|t:|1715197058
|gametype|singles
|player|p1|Blossummm|roxie|1405
|player|p2|kralove|265|1290
|teamsize|p1|6
|teamsize|p2|6
|gen|5
|tier|[Gen 5] OU
|rated|
|rule|Species Clause: Limit one of each Pokémon
|rule|OHKO Clause: OHKO moves are banned
|rule|Moody Clause: Moody is banned
|rule|Evasion Items Clause: Evasion items are banned
|rule|Evasion Moves Clause: Evasion moves are banned
|rule|Endless Battle Clause: Forcing endless battles is banned
|rule|HP Percentage Mod: HP is shown in percentages
|rule|Evasion Abilities Clause: Evasion abilities are banned
|rule|Sleep Moves Clause: Sleep-inducing moves are banned
|rule|Swagger Clause: Swagger is banned
|rule|Baton Pass Stat Clause: No Baton Passer may have a way to boost its stats
|clearpoke
|poke|p1|Tyranitar, F|item
|poke|p1|Alakazam, F|item
|poke|p1|Latios, M|item
|poke|p1|Ferrothorn, F|item
|poke|p1|Keldeo|item
|poke|p1|Landorus-Therian, M|item
|poke|p2|Garchomp, M|item
|poke|p2|Starmie|item
|poke|p2|Dragonite, F|item
|poke|p2|Scizor, F|item
|poke|p2|Umbreon, F|item
|poke|p2|Latios, M|item
|teampreview
|inactive|Battle timer is ON: inactive players will automatically lose when time's up. (requested by Blossummm)
|
|t:|1715197089
|start
|switch|p1a: Ferrothorn|Ferrothorn, F|100/100
|switch|p2a: Scizor|Scizor, F|100/100
|turn|1
|
|t:|1715197099
|switch|p1a: Landorus|Landorus-Therian, M|100/100
|-ability|p1a: Landorus|Intimidate|boost
|-unboost|p2a: Scizor|atk|1
|move|p2a: Scizor|Swords Dance|p2a: Scizor
|-boost|p2a: Scizor|atk|2
|
|upkeep
|turn|2
|
|t:|1715197103
|move|p1a: Landorus|Earthquake|p2a: Scizor
|-damage|p2a: Scizor|68/100
|move|p2a: Scizor|Bug Bite|p1a: Landorus
|-resisted|p1a: Landorus
|-damage|p1a: Landorus|74/100
|
|-heal|p1a: Landorus|80/100|[from] item: Leftovers
|-heal|p2a: Scizor|74/100|[from] item: Leftovers
|upkeep
|turn|3
|
|t:|1715197109
|move|p1a: Landorus|Earthquake|p2a: Scizor
|-damage|p2a: Scizor|41/100
|move|p2a: Scizor|Roost|p2a: Scizor
|-heal|p2a: Scizor|91/100
|-singleturn|p2a: Scizor|move: Roost
|
|-heal|p1a: Landorus|86/100|[from] item: Leftovers
|-heal|p2a: Scizor|97/100|[from] item: Leftovers
|upkeep
|turn|4
|
|t:|1715197113
|move|p1a: Landorus|Stealth Rock|p2a: Scizor
|-sidestart|p2: kralove|move: Stealth Rock
|move|p2a: Scizor|Swords Dance|p2a: Scizor
|-boost|p2a: Scizor|atk|2
|
|-heal|p1a: Landorus|92/100|[from] item: Leftovers
|-heal|p2a: Scizor|100/100|[from] item: Leftovers
|upkeep
|turn|5
|
|t:|1715197118
|switch|p1a: Keldeo|Keldeo|100/100
|move|p2a: Scizor|Bug Bite|p1a: Keldeo
|-resisted|p1a: Keldeo
|-damage|p1a: Keldeo|41/100
|
|-heal|p1a: Keldeo|47/100|[from] item: Leftovers
|upkeep
|turn|6
|
|t:|1715197124
|move|p2a: Scizor|Bullet Punch|p1a: Keldeo
|-resisted|p1a: Keldeo
|-damage|p1a: Keldeo|7/100
|move|p1a: Keldeo|Scald|p2a: Scizor
|-damage|p2a: Scizor|50/100
|
|-heal|p1a: Keldeo|14/100|[from] item: Leftovers
|-heal|p2a: Scizor|57/100|[from] item: Leftovers
|upkeep
|turn|7
|
|t:|1715197135
|move|p2a: Scizor|Bullet Punch|p1a: Keldeo
|-resisted|p1a: Keldeo
|-damage|p1a: Keldeo|0 fnt
|faint|p1a: Keldeo
|
|-heal|p2a: Scizor|63/100|[from] item: Leftovers
|upkeep
|
|t:|1715197137
|switch|p1a: Landorus|Landorus-Therian, M|92/100
|-ability|p1a: Landorus|Intimidate|boost
|-unboost|p2a: Scizor|atk|1
|turn|8
|
|t:|1715197146
|move|p1a: Landorus|Earthquake|p2a: Scizor
|-damage|p2a: Scizor|28/100
|move|p2a: Scizor|Roost|p2a: Scizor
|-heal|p2a: Scizor|78/100
|-singleturn|p2a: Scizor|move: Roost
|
|-heal|p1a: Landorus|98/100|[from] item: Leftovers
|-heal|p2a: Scizor|84/100|[from] item: Leftovers
|upkeep
|turn|9
|
|t:|1715197151
|move|p1a: Landorus|Earthquake|p2a: Scizor
|-damage|p2a: Scizor|51/100
|move|p2a: Scizor|Roost|p2a: Scizor
|-heal|p2a: Scizor|100/100
|-singleturn|p2a: Scizor|move: Roost
|
|-heal|p1a: Landorus|100/100|[from] item: Leftovers
|upkeep
|turn|10
|
|t:|1715197156
|move|p1a: Landorus|Earthquake|p2a: Scizor
|-damage|p2a: Scizor|64/100
|move|p2a: Scizor|Swords Dance|p2a: Scizor
|-boost|p2a: Scizor|atk|2
|
|-heal|p2a: Scizor|70/100|[from] item: Leftovers
|upkeep
|turn|11
|
|t:|1715197163
|move|p1a: Landorus|U-turn|p2a: Scizor
|-resisted|p2a: Scizor
|-damage|p2a: Scizor|62/100
|
|t:|1715197169
|switch|p1a: Ferrothorn|Ferrothorn, F|100/100|[from] U-turn
|move|p2a: Scizor|Roost|p2a: Scizor
|-heal|p2a: Scizor|100/100
|-singleturn|p2a: Scizor|move: Roost
|
|upkeep
|turn|12
|
|t:|1715197176
|move|p2a: Scizor|Bug Bite|p1a: Ferrothorn
|-damage|p1a: Ferrothorn|19/100
|-enditem|p1a: Ferrothorn|Lum Berry|[from] stealeat|[move] Bug Bite|[of] p2a: Scizor
|-damage|p2a: Scizor|88/100|[from] ability: Iron Barbs|[of] p1a: Ferrothorn
|move|p1a: Ferrothorn|Spikes|p2a: Scizor
|-sidestart|p2: kralove|Spikes
|
|-heal|p2a: Scizor|94/100|[from] item: Leftovers
|upkeep
|turn|13
|
|t:|1715197182
|move|p2a: Scizor|Bug Bite|p1a: Ferrothorn
|-damage|p1a: Ferrothorn|0 fnt
|-damage|p2a: Scizor|82/100|[from] ability: Iron Barbs|[of] p1a: Ferrothorn
|faint|p1a: Ferrothorn
|
|-heal|p2a: Scizor|88/100|[from] item: Leftovers
|upkeep
|
|t:|1715197185
|switch|p1a: Landorus|Landorus-Therian, M|100/100
|-ability|p1a: Landorus|Intimidate|boost
|-unboost|p2a: Scizor|atk|1
|turn|14
|
|t:|1715197189
|move|p1a: Landorus|Earthquake|p2a: Scizor
|-damage|p2a: Scizor|52/100
|move|p2a: Scizor|Bug Bite|p1a: Landorus
|-resisted|p1a: Landorus
|-damage|p1a: Landorus|58/100
|
|-heal|p1a: Landorus|64/100|[from] item: Leftovers
|-heal|p2a: Scizor|58/100|[from] item: Leftovers
|upkeep
|turn|15
|inactive|Blossummm has 120 seconds left.
|
|t:|1715197224
|move|p1a: Landorus|Earthquake|p2a: Scizor
|-damage|p2a: Scizor|23/100
|move|p2a: Scizor|Roost|p2a: Scizor
|-heal|p2a: Scizor|73/100
|-singleturn|p2a: Scizor|move: Roost
|
|-heal|p1a: Landorus|70/100|[from] item: Leftovers
|-heal|p2a: Scizor|79/100|[from] item: Leftovers
|upkeep
|turn|16
|
|t:|1715197230
|move|p1a: Landorus|Earthquake|p2a: Scizor
|-damage|p2a: Scizor|42/100
|move|p2a: Scizor|Bug Bite|p1a: Landorus
|-resisted|p1a: Landorus
|-damage|p1a: Landorus|28/100
|
|-heal|p1a: Landorus|35/100|[from] item: Leftovers
|-heal|p2a: Scizor|48/100|[from] item: Leftovers
|upkeep
|turn|17
|inactive|Blossummm has 120 seconds left.
|
|t:|1715197247
|move|p1a: Landorus|Earthquake|p2a: Scizor
|-damage|p2a: Scizor|16/100
|move|p2a: Scizor|Roost|p2a: Scizor
|-heal|p2a: Scizor|66/100
|-singleturn|p2a: Scizor|move: Roost
|
|-heal|p1a: Landorus|41/100|[from] item: Leftovers
|-heal|p2a: Scizor|72/100|[from] item: Leftovers
|upkeep
|turn|18
|
|t:|1715197252
|move|p1a: Landorus|Earthquake|p2a: Scizor
|-damage|p2a: Scizor|41/100
|move|p2a: Scizor|Roost|p2a: Scizor
|-heal|p2a: Scizor|91/100
|-singleturn|p2a: Scizor|move: Roost
|
|-heal|p1a: Landorus|47/100|[from] item: Leftovers
|-heal|p2a: Scizor|97/100|[from] item: Leftovers
|upkeep
|turn|19
|
|t:|1715197259
|switch|p1a: Tyranitar|Tyranitar, F, shiny|100/100
|-weather|Sandstorm|[from] ability: Sand Stream|[of] p1a: Tyranitar
|move|p2a: Scizor|Bug Bite|p1a: Tyranitar
|-supereffective|p1a: Tyranitar
|-damage|p1a: Tyranitar|0 fnt
|-enditem|p1a: Tyranitar|Chople Berry|[from] stealeat|[move] Bug Bite|[of] p2a: Scizor
|faint|p1a: Tyranitar
|
|-weather|Sandstorm|[upkeep]
|-heal|p2a: Scizor|100/100|[from] item: Leftovers
|upkeep
|
|t:|1715197265
|switch|p1a: Landorus|Landorus-Therian, M|47/100
|-ability|p1a: Landorus|Intimidate|boost
|-unboost|p2a: Scizor|atk|1
|turn|20
|
|t:|1715197271
|move|p1a: Landorus|Earthquake|p2a: Scizor
|-damage|p2a: Scizor|66/100
|move|p2a: Scizor|Swords Dance|p2a: Scizor
|-boost|p2a: Scizor|atk|2
|
|-weather|Sandstorm|[upkeep]
|-heal|p1a: Landorus|53/100|[from] item: Leftovers
|-heal|p2a: Scizor|72/100|[from] item: Leftovers
|upkeep
|turn|21
|
|t:|1715197276
|move|p1a: Landorus|Earthquake|p2a: Scizor
|-damage|p2a: Scizor|37/100
|move|p2a: Scizor|Bug Bite|p1a: Landorus
|-resisted|p1a: Landorus
|-damage|p1a: Landorus|0 fnt
|faint|p1a: Landorus
|
|-weather|Sandstorm|[upkeep]
|-heal|p2a: Scizor|44/100|[from] item: Leftovers
|upkeep
|
|t:|1715197278
|switch|p1a: Latios|Latios, M|100/100
|turn|22
|
|t:|1715197283
|move|p2a: Scizor|Bullet Punch|p1a: Latios
|-damage|p1a: Latios|0 fnt
|faint|p1a: Latios
|
|-weather|Sandstorm|[upkeep]
|-heal|p2a: Scizor|50/100|[from] item: Leftovers
|upkeep
|
|t:|1715197287
|switch|p1a: Alakazam|Alakazam, F|100/100
|turn|23
|
|t:|1715197288
|move|p2a: Scizor|Bullet Punch|p1a: Alakazam
|-damage|p1a: Alakazam|0 fnt
|faint|p1a: Alakazam
|
|win|kralove
|raw|Blossummm's rating: 1405 &rarr; <strong>1379</strong><br />(-26 for losing)
|raw|kralove's rating: 1290 &rarr; <strong>1323</strong><br />(+33 for winning)
|c|☆kralove|GG
