|html|<div class="broadcast-blue"><strong>[Gen 5] OU is currently suspecting Volcarona & Cloyster! For information on how to participate check out the <a href="https://www.smogon.com/forums/threads/re-cloyster-volcarona-in-bw-ou-survey-post-29.3731863/page-2#post-9904362">suspect thread</a>.</strong></div>
|j|☆Croaset
|j|☆Yokao893
|t:|1704599019
|gametype|singles
|player|p1|Croaset|elesa|1325
|player|p2|Yokao893|grimsley|1353
|teamsize|p1|6
|teamsize|p2|6
|gen|5
|tier|[Gen 5] OU
|rated|
|rule|Species Clause: Limit one of each Pokémon
|rule|OHKO Clause: OHKO moves are banned
|rule|Moody Clause: Moody is banned
|rule|Evasion Items Clause: Evasion items are banned
|rule|Evasion Moves Clause: Evasion moves are banned
|rule|Endless Battle Clause: Forcing endless battles is banned
|rule|HP Percentage Mod: HP is shown in percentages
|rule|Evasion Abilities Clause: Evasion abilities are banned
|rule|Sleep Moves Clause: Sleep-inducing moves are banned
|rule|Swagger Clause: Swagger is banned
|rule|Baton Pass Stat Clause: No Baton Passer may have a way to boost its stats
|clearpoke
|poke|p1|Politoed, F|item
|poke|p1|Tentacruel, M|item
|poke|p1|Toxicroak, F|item
|poke|p1|Reuniclus, F|item
|poke|p1|Chansey, F|item
|poke|p1|Skarmory, M|item
|poke|p2|Ninetales, M|item
|poke|p2|Victini|item
|poke|p2|Dragonite, M|item
|poke|p2|Cresselia, F|item
|poke|p2|Excadrill, F|item
|poke|p2|Chansey, F|item
|teampreview
|inactive|Battle timer is ON: inactive players will automatically lose when time's up. (requested by Yokao893)
|
|t:|1704599031
|start
|switch|p1a: Politoed|Politoed, F|100/100
|switch|p2a: Kyuubi|Ninetales, M|100/100
|-weather|SunnyDay|[from] ability: Drought|[of] p2a: Kyuubi
|-weather|RainDance|[from] ability: Drizzle|[of] p1a: Politoed
|turn|1
|
|t:|1704599041
|move|p2a: Kyuubi|Sunny Day|p2a: Kyuubi
|-weather|SunnyDay
|move|p1a: Politoed|Scald|p2a: Kyuubi
|-supereffective|p2a: Kyuubi
|-damage|p2a: Kyuubi|76/100
|
|-weather|SunnyDay|[upkeep]
|-heal|p2a: Kyuubi|82/100|[from] item: Leftovers
|upkeep
|turn|2
|
|t:|1704599046
|switch|p1a: Chansey|Chansey, F|100/100
|move|p2a: Kyuubi|Will-O-Wisp|p1a: Chansey
|-status|p1a: Chansey|brn
|
|-weather|SunnyDay|[upkeep]
|-heal|p2a: Kyuubi|88/100|[from] item: Leftovers
|-damage|p1a: Chansey|88/100 brn|[from] brn
|upkeep
|turn|3
|
|t:|1704599051
|move|p2a: Kyuubi|Protect|p2a: Kyuubi
|-singleturn|p2a: Kyuubi|Protect
|move|p1a: Chansey|Stealth Rock|p2a: Kyuubi
|-sidestart|p2: Yokao893|move: Stealth Rock
|
|-weather|SunnyDay|[upkeep]
|-heal|p2a: Kyuubi|94/100|[from] item: Leftovers
|-damage|p1a: Chansey|76/100 brn|[from] brn
|upkeep
|turn|4
|
|t:|1704599058
|switch|p2a: Lucky 7|Victini|100/100
|-damage|p2a: Lucky 7|76/100|[from] Stealth Rock
|-curestatus|p1a: Chansey|brn|[from] ability: Natural Cure
|switch|p1a: Politoed|Politoed, F|100/100
|-weather|RainDance|[from] ability: Drizzle|[of] p1a: Politoed
|
|-weather|RainDance|[upkeep]
|upkeep
|turn|5
|
|t:|1704599064
|move|p1a: Politoed|Protect|p1a: Politoed
|-singleturn|p1a: Politoed|Protect
|move|p2a: Lucky 7|U-turn|p1a: Politoed
|-activate|p1a: Politoed|move: Protect
|
|-weather|RainDance|[upkeep]
|upkeep
|turn|6
|
|t:|1704599069
|move|p2a: Lucky 7|U-turn|p1a: Politoed
|-damage|p1a: Politoed|84/100
|
|t:|1704599072
|switch|p2a: Egg|Chansey, F|100/100|[from] U-turn
|-damage|p2a: Egg|88/100|[from] Stealth Rock
|move|p1a: Politoed|Toxic|p2a: Egg
|-status|p2a: Egg|tox
|
|-weather|RainDance|[upkeep]
|-heal|p1a: Politoed|91/100|[from] item: Leftovers
|-damage|p2a: Egg|82/100 tox|[from] psn
|upkeep
|turn|7
|
|t:|1704599083
|switch|p1a: Toxicroak|Toxicroak, F|100/100
|move|p2a: Egg|Thunder Wave|p1a: Toxicroak
|-status|p1a: Toxicroak|par
|
|-weather|RainDance|[upkeep]
|-damage|p2a: Egg|70/100 tox|[from] psn
|upkeep
|turn|8
|
|t:|1704599087
|move|p2a: Egg|Stealth Rock|p1a: Toxicroak
|-sidestart|p1: Croaset|move: Stealth Rock
|move|p1a: Toxicroak|Substitute|p1a: Toxicroak
|-start|p1a: Toxicroak|Substitute
|-damage|p1a: Toxicroak|76/100 par
|
|-weather|RainDance|[upkeep]
|-heal|p1a: Toxicroak|88/100 par|[from] ability: Dry Skin
|-heal|p1a: Toxicroak|94/100 par|[from] item: Black Sludge
|-damage|p2a: Egg|51/100 tox|[from] psn
|upkeep
|turn|9
|
|t:|1704599090
|move|p2a: Egg|Soft-Boiled|p2a: Egg
|-heal|p2a: Egg|100/100 tox
|move|p1a: Toxicroak|Drain Punch|p2a: Egg
|-supereffective|p2a: Egg
|-damage|p2a: Egg|64/100 tox
|-heal|p1a: Toxicroak|100/100 par|[from] drain|[of] p2a: Egg
|
|-weather|RainDance|[upkeep]
|-damage|p2a: Egg|39/100 tox|[from] psn
|upkeep
|turn|10
|
|t:|1704599096
|-curestatus|p2a: Egg|tox|[from] ability: Natural Cure
|switch|p2a: Kyuubi|Ninetales, M|94/100
|-damage|p2a: Kyuubi|69/100|[from] Stealth Rock
|-weather|SunnyDay|[from] ability: Drought|[of] p2a: Kyuubi
|move|p1a: Toxicroak|Drain Punch|p2a: Kyuubi
|-damage|p2a: Kyuubi|42/100
|
|-weather|SunnyDay|[upkeep]
|-damage|p1a: Toxicroak|88/100 par|[from] ability: Dry Skin|[of] p1a: Toxicroak
|-heal|p2a: Kyuubi|48/100|[from] item: Leftovers
|-heal|p1a: Toxicroak|94/100 par|[from] item: Black Sludge
|upkeep
|turn|11
|
|t:|1704599103
|move|p2a: Kyuubi|Protect|p2a: Kyuubi
|-singleturn|p2a: Kyuubi|Protect
|move|p1a: Toxicroak|Toxic|p2a: Kyuubi
|-activate|p2a: Kyuubi|move: Protect
|
|-weather|SunnyDay|[upkeep]
|-damage|p1a: Toxicroak|82/100 par|[from] ability: Dry Skin|[of] p1a: Toxicroak
|-heal|p2a: Kyuubi|54/100|[from] item: Leftovers
|-heal|p1a: Toxicroak|88/100 par|[from] item: Black Sludge
|upkeep
|turn|12
|
|t:|1704599111
|switch|p2a: Boota|Excadrill, F|100/100
|-damage|p2a: Boota|97/100|[from] Stealth Rock
|-ability|p2a: Boota|Mold Breaker
|move|p1a: Toxicroak|Toxic|p2a: Boota|[miss]
|-miss|p1a: Toxicroak|p2a: Boota
|
|-weather|SunnyDay|[upkeep]
|-damage|p1a: Toxicroak|76/100 par|[from] ability: Dry Skin|[of] p1a: Toxicroak
|-heal|p2a: Boota|100/100|[from] item: Leftovers
|-heal|p1a: Toxicroak|82/100 par|[from] item: Black Sludge
|upkeep
|turn|13
|
|t:|1704599115
|move|p2a: Boota|Rapid Spin|p1a: Toxicroak
|-activate|p1a: Toxicroak|Substitute|[damage]
|-sideend|p2: Yokao893|Stealth Rock|[from] move: Rapid Spin|[of] p2a: Boota
|move|p1a: Toxicroak|Drain Punch|p2a: Boota
|-supereffective|p2a: Boota
|-damage|p2a: Boota|22/100
|-heal|p1a: Toxicroak|100/100 par|[from] drain|[of] p2a: Boota
|
|-weather|SunnyDay|[upkeep]
|-damage|p1a: Toxicroak|88/100 par|[from] ability: Dry Skin|[of] p1a: Toxicroak
|-heal|p2a: Boota|28/100|[from] item: Leftovers
|-heal|p1a: Toxicroak|94/100 par|[from] item: Black Sludge
|upkeep
|turn|14
|
|t:|1704599118
|move|p2a: Boota|Earthquake|p1a: Toxicroak
|-supereffective|p1a: Toxicroak
|-end|p1a: Toxicroak|Substitute
|move|p1a: Toxicroak|Drain Punch|p2a: Boota
|-supereffective|p2a: Boota
|-damage|p2a: Boota|0 fnt
|-heal|p1a: Toxicroak|100/100 par|[from] drain|[of] p2a: Boota
|faint|p2a: Boota
|
|-weather|SunnyDay|[upkeep]
|-damage|p1a: Toxicroak|88/100 par|[from] ability: Dry Skin|[of] p1a: Toxicroak
|-heal|p1a: Toxicroak|94/100 par|[from] item: Black Sludge
|upkeep
|
|t:|1704599126
|switch|p2a: Piff|Dragonite, M|100/100
|turn|15
|
|t:|1704599133
|switch|p1a: Politoed|Politoed, F|91/100
|-damage|p1a: Politoed|78/100|[from] Stealth Rock
|-weather|RainDance|[from] ability: Drizzle|[of] p1a: Politoed
|move|p2a: Piff|Dragon Claw|p1a: Politoed
|-damage|p1a: Politoed|53/100
|
|-weather|RainDance|[upkeep]
|-heal|p1a: Politoed|59/100|[from] item: Leftovers
|upkeep
|turn|16
|
|t:|1704599147
|switch|p1a: Skarmory|Skarmory, M|100/100
|-damage|p1a: Skarmory|88/100|[from] Stealth Rock
|move|p2a: Piff|Substitute|p2a: Piff
|-start|p2a: Piff|Substitute
|-damage|p2a: Piff|76/100
|
|-weather|RainDance|[upkeep]
|-heal|p2a: Piff|82/100|[from] item: Leftovers
|upkeep
|turn|17
|
|t:|1704599151
|move|p2a: Piff|Dragon Dance|p2a: Piff
|-boost|p2a: Piff|atk|1
|-boost|p2a: Piff|spe|1
|move|p1a: Skarmory|Spikes|p2a: Piff
|-sidestart|p2: Yokao893|Spikes
|
|-weather|RainDance|[upkeep]
|-heal|p2a: Piff|88/100|[from] item: Leftovers
|upkeep
|turn|18
|
|t:|1704599154
|move|p2a: Piff|Dragon Dance|p2a: Piff
|-boost|p2a: Piff|atk|1
|-boost|p2a: Piff|spe|1
|move|p1a: Skarmory|Whirlwind|p2a: Piff
|drag|p2a: Cresselia|Cresselia, F|100/100
|
|-weather|RainDance|[upkeep]
|upkeep
|turn|19
|
|t:|1704599158
|move|p2a: Cresselia|Reflect|p2a: Cresselia
|-sidestart|p2: Yokao893|Reflect
|move|p1a: Skarmory|Spikes|p2a: Cresselia
|-sidestart|p2: Yokao893|Spikes
|
|-weather|RainDance|[upkeep]
|upkeep
|turn|20
|
|t:|1704599161
|move|p2a: Cresselia|Ice Beam|p1a: Skarmory
|-damage|p1a: Skarmory|64/100
|move|p1a: Skarmory|Spikes|p2a: Cresselia
|-sidestart|p2: Yokao893|Spikes
|
|-weather|RainDance|[upkeep]
|upkeep
|turn|21
|
|t:|1704599165
|switch|p2a: Kyuubi|Ninetales, M|54/100
|-damage|p2a: Kyuubi|30/100|[from] Spikes
|-weather|SunnyDay|[from] ability: Drought|[of] p2a: Kyuubi
|switch|p1a: Chansey|Chansey, F|76/100
|-damage|p1a: Chansey|63/100|[from] Stealth Rock
|
|-weather|SunnyDay|[upkeep]
|-heal|p2a: Kyuubi|36/100|[from] item: Leftovers
|upkeep
|turn|22
|
|t:|1704599170
|switch|p2a: Lucky 7|Victini|76/100
|-damage|p2a: Lucky 7|51/100|[from] Spikes
|move|p1a: Chansey|Stealth Rock|p2a: Lucky 7
|-sidestart|p2: Yokao893|move: Stealth Rock
|
|-weather|SunnyDay|[upkeep]
|upkeep
|turn|23
|
|t:|1704599177
|switch|p1a: Politoed|Politoed, F|59/100
|-damage|p1a: Politoed|47/100|[from] Stealth Rock
|-weather|RainDance|[from] ability: Drizzle|[of] p1a: Politoed
|move|p2a: Lucky 7|Bolt Strike|p1a: Politoed
|-supereffective|p1a: Politoed
|-damage|p1a: Politoed|0 fnt
|faint|p1a: Politoed
|
|-weather|RainDance|[upkeep]
|-sideend|p2: Yokao893|Reflect
|upkeep
|-message|Yokao893 forfeited.
|
|win|Croaset
|raw|Croaset's rating: 1325 &rarr; <strong>1347</strong><br />(+22 for winning)
|raw|Yokao893's rating: 1353 &rarr; <strong>1331</strong><br />(-22 for losing)
|l|☆Yokao893
