|j|☆CroCoeur
|j|‽bad big bratt
|player|p1|CroCoeur|161
|player|p2|bad big bratt|137
|teamsize|p1|6
|teamsize|p2|6
|gametype|singles
|gen|5
|tier|[Gen 5] OU
|rated|
|rule|Sleep Clause Mod: Limit one foe put to sleep
|rule|Species Clause: Limit one of each Pokémon
|rule|OHKO Clause: OHKO moves are banned
|rule|Moody Clause: Moody is banned
|rule|Evasion Moves Clause: Evasion moves are banned
|rule|Endless Battle Clause: Forcing endless battles is banned
|rule|HP Percentage Mod: HP is shown in percentages
|rule|Evasion Abilities Clause: Evasion abilities are banned
|rule|Baton Pass Clause: Limit one Baton Passer, can't pass Spe and other stats simultaneously
|rule|Swagger Clause: Swagger is banned
|clearpoke
|poke|p1|Politoed, M|item
|poke|p1|Vaporeon, F|item
|poke|p1|Celebi|item
|poke|p1|Ferrothorn, M|item
|poke|p1|Latios, M|item
|poke|p1|Jirachi|item
|poke|p2|Garchomp, F|item
|poke|p2|Dragonite, M|item
|poke|p2|Starmie|item
|poke|p2|Scizor, M|item
|poke|p2|Breloom, M|item
|poke|p2|Volcarona, M|item
|teampreview
|inactive|Battle timer is ON: inactive players will automatically lose when time's up. (requested by bad big bratt)
|
|start
|switch|p1a: Politoed|Politoed, M|100/100
|switch|p2a: Breloom|Breloom, M|100/100
|-weather|RainDance|[from] ability: Drizzle|[of] p1a: Politoed
|turn|1
|
|move|p1a: Politoed|Ice Beam|p2a: Breloom
|-supereffective|p2a: Breloom
|-enditem|p2a: Breloom|Focus Sash
|-damage|p2a: Breloom|1/100
|move|p2a: Breloom|Bullet Seed|p1a: Politoed
|-supereffective|p1a: Politoed
|-damage|p1a: Politoed|48/100
|-supereffective|p1a: Politoed
|-damage|p1a: Politoed|0 fnt
|-hitcount|p1a: Politoed|2
|faint|p1a: Politoed
|
|-weather|RainDance|[upkeep]
|upkeep
|
|switch|p1a: Latios|Latios, M|100/100
|turn|2
|
|move|p2a: Breloom|Mach Punch|p1a: Latios
|-resisted|p1a: Latios
|-damage|p1a: Latios|79/100
|move|p1a: Latios|Psyshock|p2a: Breloom
|-supereffective|p2a: Breloom
|-damage|p2a: Breloom|0 fnt
|faint|p2a: Breloom
|
|-weather|RainDance|[upkeep]
|upkeep
|
|switch|p2a: Garchomp|Garchomp, F|100/100
|turn|3
|
|switch|p1a: Ferrothorn|Ferrothorn, M|100/100
|move|p2a: Garchomp|Stealth Rock|p1a: Ferrothorn
|-sidestart|p1: CroCoeur|move: Stealth Rock
|
|-weather|RainDance|[upkeep]
|upkeep
|turn|4
|
|move|p2a: Garchomp|Swords Dance|p2a: Garchomp
|-boost|p2a: Garchomp|atk|2
|move|p1a: Ferrothorn|Stealth Rock|p2a: Garchomp
|-sidestart|p2: bad big bratt|move: Stealth Rock
|
|-weather|RainDance|[upkeep]
|upkeep
|turn|5
|
|move|p2a: Garchomp|Earthquake|p1a: Ferrothorn
|-damage|p1a: Ferrothorn|28/100
|move|p1a: Ferrothorn|Leech Seed|p2a: Garchomp
|-start|p2a: Garchomp|move: Leech Seed
|
|-weather|RainDance|[upkeep]
|-heal|p1a: Ferrothorn|34/100|[from] item: Leftovers
|-damage|p2a: Garchomp|88/100|[from] Leech Seed|[of] p1a: Ferrothorn
|-heal|p1a: Ferrothorn|47/100|[silent]
|upkeep
|turn|6
|
|move|p2a: Garchomp|Outrage|p1a: Ferrothorn
|-resisted|p1a: Ferrothorn
|-damage|p1a: Ferrothorn|6/100
|-damage|p2a: Garchomp|76/100|[from] ability: Iron Barbs|[of] p1a: Ferrothorn
|move|p1a: Ferrothorn|Spikes|p2a: Garchomp
|-sidestart|p2: bad big bratt|Spikes
|
|-weather|RainDance|[upkeep]
|-heal|p1a: Ferrothorn|13/100|[from] item: Leftovers
|-damage|p2a: Garchomp|64/100|[from] Leech Seed|[of] p1a: Ferrothorn
|-heal|p1a: Ferrothorn|25/100|[silent]
|upkeep
|turn|7
|
|move|p2a: Garchomp|Outrage|p1a: Ferrothorn|[from]lockedmove
|-resisted|p1a: Ferrothorn
|-damage|p1a: Ferrothorn|0 fnt
|-damage|p2a: Garchomp|51/100|[from] ability: Iron Barbs|[of] p1a: Ferrothorn
|faint|p1a: Ferrothorn
|
|-weather|RainDance|[upkeep]
|upkeep
|
|switch|p1a: Latios|Latios, M|79/100
|-damage|p1a: Latios|66/100|[from] Stealth Rock
|turn|8
|
|move|p1a: Latios|Draco Meteor|p2a: Garchomp
|-supereffective|p2a: Garchomp
|-damage|p2a: Garchomp|0 fnt
|-unboost|p1a: Latios|spa|2
|faint|p2a: Garchomp
|
|-weather|RainDance|[upkeep]
|upkeep
|
|switch|p2a: Scizor|Scizor, M|100/100
|-damage|p2a: Scizor|88/100|[from] Stealth Rock
|-damage|p2a: Scizor|76/100|[from] Spikes
|turn|9
|
|switch|p1a: Jirachi|Jirachi|100/100
|-damage|p1a: Jirachi|94/100|[from] Stealth Rock
|move|p2a: Scizor|Bug Bite|p1a: Jirachi
|-damage|p1a: Jirachi|40/100
|-damage|p2a: Scizor|66/100|[from] item: Life Orb
|
|-weather|RainDance|[upkeep]
|-heal|p1a: Jirachi|46/100|[from] item: Leftovers
|upkeep
|turn|10
|
|move|p1a: Jirachi|Thunder|p2a: Scizor
|-damage|p2a: Scizor|25/100
|-status|p2a: Scizor|par
|move|p2a: Scizor|Bug Bite|p1a: Jirachi
|-damage|p1a: Jirachi|0 fnt
|-damage|p2a: Scizor|15/100 par|[from] item: Life Orb
|faint|p1a: Jirachi
|
|-weather|RainDance|[upkeep]
|upkeep
|
|switch|p1a: Vaporeon|Vaporeon, F|100/100
|-damage|p1a: Vaporeon|88/100|[from] Stealth Rock
|turn|11
|
|move|p1a: Vaporeon|Acid Armor|p1a: Vaporeon
|-boost|p1a: Vaporeon|def|2
|cant|p2a: Scizor|par
|
|-weather|RainDance|[upkeep]
|-heal|p1a: Vaporeon|94/100|[from] item: Leftovers
|upkeep
|turn|12
|
|switch|p2a: Starmie|Starmie|100/100
|-damage|p2a: Starmie|88/100|[from] Stealth Rock
|-damage|p2a: Starmie|76/100|[from] Spikes
|move|p1a: Vaporeon|Scald|p2a: Starmie
|-resisted|p2a: Starmie
|-damage|p2a: Starmie|40/100
|
|-weather|RainDance|[upkeep]
|-heal|p1a: Vaporeon|99/100|[from] item: Leftovers
|upkeep
|turn|13
|
|move|p2a: Starmie|Rapid Spin|p1a: Vaporeon
|-crit|p1a: Vaporeon
|-damage|p1a: Vaporeon|92/100
|-sideend|p2: bad big bratt|Spikes|[from] move: Rapid Spin|[of] p2a: Starmie
|-sideend|p2: bad big bratt|Stealth Rock|[from] move: Rapid Spin|[of] p2a: Starmie
|-damage|p2a: Starmie|30/100|[from] item: Life Orb
|move|p1a: Vaporeon|Scald|p2a: Starmie
|-resisted|p2a: Starmie
|-damage|p2a: Starmie|0 fnt
|faint|p2a: Starmie
|
|-weather|RainDance|[upkeep]
|-heal|p1a: Vaporeon|98/100|[from] item: Leftovers
|upkeep
|
|switch|p2a: Volcarona|Volcarona, M|100/100
|turn|14
|
|move|p2a: Volcarona|Quiver Dance|p2a: Volcarona
|-boost|p2a: Volcarona|spa|1
|-boost|p2a: Volcarona|spd|1
|-boost|p2a: Volcarona|spe|1
|move|p1a: Vaporeon|Roar|p2a: Volcarona
|drag|p2a: Dragonite|Dragonite, M|100/100
|
|-weather|RainDance|[upkeep]
|-heal|p1a: Vaporeon|100/100|[from] item: Leftovers
|upkeep
|turn|15
|
|move|p2a: Dragonite|Outrage|p1a: Vaporeon
|-damage|p1a: Vaporeon|39/100
|move|p1a: Vaporeon|Acid Armor|p1a: Vaporeon
|-boost|p1a: Vaporeon|def|2
|
|-weather|RainDance|[upkeep]
|-heal|p1a: Vaporeon|45/100|[from] item: Leftovers
|upkeep
|turn|16
|
|move|p2a: Dragonite|Outrage|p1a: Vaporeon|[from]lockedmove
|-damage|p1a: Vaporeon|7/100
|-start|p2a: Dragonite|confusion|[fatigue]
|move|p1a: Vaporeon|Rest|p1a: Vaporeon
|-status|p1a: Vaporeon|slp
|-heal|p1a: Vaporeon|100/100 slp|[silent]
|-status|p1a: Vaporeon|slp|[from] move: Rest
|
|-weather|RainDance|[upkeep]
|-activate|p1a: Vaporeon|ability: Hydration
|-curestatus|p1a: Vaporeon|slp|[msg]
|upkeep
|turn|17
|
|switch|p2a: Scizor|Scizor, M|15/100 par
|move|p1a: Vaporeon|Scald|p2a: Scizor
|-damage|p2a: Scizor|0 fnt
|faint|p2a: Scizor
|
|-weather|RainDance|[upkeep]
|upkeep
|
|switch|p2a: Volcarona|Volcarona, M|100/100
|turn|18
|
|move|p2a: Volcarona|Quiver Dance|p2a: Volcarona
|-boost|p2a: Volcarona|spa|1
|-boost|p2a: Volcarona|spd|1
|-boost|p2a: Volcarona|spe|1
|move|p1a: Vaporeon|Scald|p2a: Volcarona
|-supereffective|p2a: Volcarona
|-enditem|p2a: Volcarona|Passho Berry|[eat]
|-enditem|p2a: Volcarona|Passho Berry|[weaken]
|-damage|p2a: Volcarona|72/100
|
|-weather|RainDance|[upkeep]
|upkeep
|turn|19
|
|move|p2a: Volcarona|Giga Drain|p1a: Vaporeon
|-supereffective|p1a: Vaporeon
|-damage|p1a: Vaporeon|66/100
|-heal|p2a: Volcarona|94/100|[from] drain|[of] p1a: Vaporeon
|move|p1a: Vaporeon|Roar|p2a: Volcarona
|drag|p2a: Dragonite|Dragonite, M|100/100
|
|-weather|RainDance|[upkeep]
|-heal|p1a: Vaporeon|72/100|[from] item: Leftovers
|upkeep
|turn|20
|
|move|p2a: Dragonite|Outrage|p1a: Vaporeon
|-damage|p1a: Vaporeon|35/100
|move|p1a: Vaporeon|Rest|p1a: Vaporeon
|-status|p1a: Vaporeon|slp
|-heal|p1a: Vaporeon|100/100 slp|[silent]
|-status|p1a: Vaporeon|slp|[from] move: Rest
|
|-weather|RainDance|[upkeep]
|-activate|p1a: Vaporeon|ability: Hydration
|-curestatus|p1a: Vaporeon|slp|[msg]
|upkeep
|turn|21
|
|move|p2a: Dragonite|Outrage|p1a: Vaporeon|[from]lockedmove
|-damage|p1a: Vaporeon|65/100
|move|p1a: Vaporeon|Scald|p2a: Dragonite
|-resisted|p2a: Dragonite
|-damage|p2a: Dragonite|90/100
|
|-weather|RainDance|[upkeep]
|-heal|p1a: Vaporeon|71/100|[from] item: Leftovers
|upkeep
|turn|22
|
|move|p2a: Dragonite|Outrage|p1a: Vaporeon|[from]lockedmove
|-damage|p1a: Vaporeon|29/100
|-start|p2a: Dragonite|confusion|[fatigue]
|move|p1a: Vaporeon|Rest|p1a: Vaporeon
|-status|p1a: Vaporeon|slp
|-heal|p1a: Vaporeon|100/100 slp|[silent]
|-status|p1a: Vaporeon|slp|[from] move: Rest
|
|-weather|RainDance|[upkeep]
|-activate|p1a: Vaporeon|ability: Hydration
|-curestatus|p1a: Vaporeon|slp|[msg]
|upkeep
|turn|23
|
|-activate|p2a: Dragonite|confusion
|move|p2a: Dragonite|Outrage|p1a: Vaporeon
|-damage|p1a: Vaporeon|58/100
|move|p1a: Vaporeon|Scald|p2a: Dragonite
|-resisted|p2a: Dragonite
|-damage|p2a: Dragonite|66/100
|
|-weather|RainDance|[upkeep]
|-heal|p1a: Vaporeon|64/100|[from] item: Leftovers
|upkeep
|turn|24
|
|-activate|p2a: Dragonite|confusion
|move|p2a: Dragonite|Outrage|p1a: Vaporeon|[from]lockedmove
|-damage|p1a: Vaporeon|26/100
|move|p1a: Vaporeon|Rest|p1a: Vaporeon
|-status|p1a: Vaporeon|slp
|-heal|p1a: Vaporeon|100/100 slp|[silent]
|-status|p1a: Vaporeon|slp|[from] move: Rest
|
|-weather|RainDance|[upkeep]
|-activate|p1a: Vaporeon|ability: Hydration
|-curestatus|p1a: Vaporeon|slp|[msg]
|upkeep
|turn|25
|
|-end|p2a: Dragonite|confusion
|move|p2a: Dragonite|Outrage|p1a: Vaporeon
|-damage|p1a: Vaporeon|59/100
|move|p1a: Vaporeon|Roar|p2a: Dragonite
|drag|p2a: Volcarona|Volcarona, M|94/100
|
|-weather|RainDance|[upkeep]
|-heal|p1a: Vaporeon|65/100|[from] item: Leftovers
|upkeep
|turn|26
|
|switch|p2a: Dragonite|Dragonite, M|66/100
|move|p1a: Vaporeon|Scald|p2a: Dragonite
|-resisted|p2a: Dragonite
|-damage|p2a: Dragonite|41/100
|
|-weather|RainDance|[upkeep]
|-heal|p1a: Vaporeon|71/100|[from] item: Leftovers
|upkeep
|turn|27
|
|move|p2a: Dragonite|Outrage|p1a: Vaporeon
|-damage|p1a: Vaporeon|30/100
|move|p1a: Vaporeon|Rest|p1a: Vaporeon
|-status|p1a: Vaporeon|slp
|-heal|p1a: Vaporeon|100/100 slp|[silent]
|-status|p1a: Vaporeon|slp|[from] move: Rest
|
|-weather|RainDance|[upkeep]
|-activate|p1a: Vaporeon|ability: Hydration
|-curestatus|p1a: Vaporeon|slp|[msg]
|upkeep
|turn|28
|
|move|p2a: Dragonite|Outrage|p1a: Vaporeon|[from]lockedmove
|-crit|p1a: Vaporeon
|-damage|p1a: Vaporeon|0 fnt
|-start|p2a: Dragonite|confusion|[fatigue]
|faint|p1a: Vaporeon
|
|-weather|RainDance|[upkeep]
|upkeep
|
|switch|p1a: Latios|Latios, M|66/100
|-damage|p1a: Latios|54/100|[from] Stealth Rock
|turn|29
|
|move|p1a: Latios|Draco Meteor|p2a: Dragonite
|-supereffective|p2a: Dragonite
|-damage|p2a: Dragonite|0 fnt
|-unboost|p1a: Latios|spa|2
|faint|p2a: Dragonite
|
|-weather|RainDance|[upkeep]
|upkeep
|
|switch|p2a: Volcarona|Volcarona, M|94/100
|turn|30
|
|switch|p1a: Celebi|Celebi|100/100
|-damage|p1a: Celebi|88/100|[from] Stealth Rock
|move|p2a: Volcarona|Quiver Dance|p2a: Volcarona
|-boost|p2a: Volcarona|spa|1
|-boost|p2a: Volcarona|spd|1
|-boost|p2a: Volcarona|spe|1
|
|-weather|RainDance|[upkeep]
|-heal|p1a: Celebi|94/100|[from] item: Leftovers
|upkeep
|turn|31
|
|move|p2a: Volcarona|Quiver Dance|p2a: Volcarona
|-boost|p2a: Volcarona|spa|1
|-boost|p2a: Volcarona|spd|1
|-boost|p2a: Volcarona|spe|1
|move|p1a: Celebi|Perish Song|p1a: Celebi
|-start|p1a: Celebi|perish3|[silent]
|-start|p2a: Volcarona|perish3|[silent]
|-fieldactivate|move: Perish Song
|
|-weather|RainDance|[upkeep]
|-heal|p1a: Celebi|100/100|[from] item: Leftovers
|-start|p2a: Volcarona|perish3
|-start|p1a: Celebi|perish3
|upkeep
|turn|32
|inactive|bad big bratt has 120 seconds left.
|
|move|p2a: Volcarona|Flamethrower|p1a: Celebi
|-supereffective|p1a: Celebi
|-damage|p1a: Celebi|49/100
|move|p1a: Celebi|Recover|p1a: Celebi
|-heal|p1a: Celebi|99/100
|
|-weather|RainDance|[upkeep]
|-heal|p1a: Celebi|100/100|[from] item: Leftovers
|-start|p2a: Volcarona|perish2
|-start|p1a: Celebi|perish2
|upkeep
|turn|33
|
|move|p2a: Volcarona|Flamethrower|p1a: Celebi
|-supereffective|p1a: Celebi
|-damage|p1a: Celebi|45/100
|move|p1a: Celebi|Recover|p1a: Celebi
|-heal|p1a: Celebi|95/100
|
|-weather|RainDance|[upkeep]
|-heal|p1a: Celebi|100/100|[from] item: Leftovers
|-start|p2a: Volcarona|perish1
|-start|p1a: Celebi|perish1
|upkeep
|turn|34
|-message|bad big bratt forfeited.
|
|win|CroCoeur
|l|‽bad big bratt
|raw|CroCoeur's rating: 1341 &rarr; <strong>1370</strong><br />(+29 for winning)
|raw|bad big bratt's rating: 1509 &rarr; <strong>1480</strong><br />(-29 for losing)
