|j|☆snowfan
|j|‽Oooh Karen
|player|p1|snowfan|102|1383
|player|p2|Oooh Karen|dahlia|1486
|teamsize|p1|6
|teamsize|p2|6
|gametype|singles
|gen|5
|tier|[Gen 5] OU
|rated|
|clearpoke
|poke|p1|Tyranitar, M|item
|poke|p1|Landorus-Therian, M|item
|poke|p1|Mamoswine, M|item
|poke|p1|Rotom-Wash|item
|poke|p1|Amoonguss, F|item
|poke|p1|Excadrill, M|item
|poke|p2|Abomasnow, F|item
|poke|p2|Kyurem|item
|poke|p2|Skarmory, F|item
|poke|p2|Jellicent, M|item
|poke|p2|Scizor, F|item
|poke|p2|Salamence, F|item
|rule|Species Clause: Limit one of each Pokémon
|rule|OHKO Clause: OHKO moves are banned
|rule|Moody Clause: Moody is banned
|rule|Evasion Moves Clause: Evasion moves are banned
|rule|Endless Battle Clause: Forcing endless battles is banned
|rule|HP Percentage Mod: HP is shown in percentages
|rule|Evasion Abilities Clause: Evasion abilities are banned
|rule|Baton Pass Clause: Limit one Baton Passer, can't pass Spe and other stats simultaneously
|rule|Sleep Clause: Sleep-inducing moves are banned
|rule|Swagger Clause: Swagger is banned
|teampreview
|inactive|Battle timer is ON: inactive players will automatically lose when time's up. (requested by Oooh Karen)
|
|start
|switch|p1a: Landorus|Landorus-Therian, M|100/100
|switch|p2a: Skarmory|Skarmory, F|100/100
|-ability|p1a: Landorus|Intimidate|boost
|-unboost|p2a: Skarmory|atk|1
|turn|1
|
|move|p1a: Landorus|U-turn|p2a: Skarmory
|-resisted|p2a: Skarmory
|-damage|p2a: Skarmory|95/100
|j| Serenthia708
|inactive|snowfan has 120 seconds left.
|
|switch|p1a: Rotom|Rotom-Wash|100/100|[from]move: U-turn
|move|p2a: Skarmory|Stealth Rock|p1a: Rotom
|-sidestart|p1: snowfan|move: Stealth Rock
|
|upkeep
|turn|2
|
|move|p2a: Skarmory|Spikes|p1a: Rotom
|-sidestart|p1: snowfan|Spikes
|move|p1a: Rotom|Volt Switch|p2a: Skarmory
|-supereffective|p2a: Skarmory
|-damage|p2a: Skarmory|29/100
|inactive|snowfan has 120 seconds left.
|
|switch|p1a: Tyranitar|Tyranitar, M|100/100|[from]move: Volt Switch
|-damage|p1a: Tyranitar|88/100|[from] Spikes
|-damage|p1a: Tyranitar|76/100|[from] Stealth Rock
|-weather|Sandstorm|[from] ability: Sand Stream|[of] p1a: Tyranitar
|
|-weather|Sandstorm|[upkeep]
|upkeep
|turn|3
|
|move|p2a: Skarmory|Taunt|p1a: Tyranitar
|-start|p1a: Tyranitar|move: Taunt
|cant|p1a: Tyranitar|move: Taunt|Stealth Rock
|
|-weather|Sandstorm|[upkeep]
|upkeep
|turn|4
|
|switch|p1a: Excadrill|Excadrill, M|100/100
|-damage|p1a: Excadrill|97/100|[from] Stealth Rock
|-damage|p1a: Excadrill|85/100|[from] Spikes
|move|p2a: Skarmory|Spikes|p1a: Excadrill
|-sidestart|p1: snowfan|Spikes
|
|-weather|Sandstorm|[upkeep]
|-heal|p1a: Excadrill|91/100|[from] item: Leftovers
|upkeep
|turn|5
|
|switch|p2a: Jellicent|Jellicent, M|100/100
|move|p1a: Excadrill|Earthquake|p2a: Jellicent
|-damage|p2a: Jellicent|44/100
|
|-weather|Sandstorm|[upkeep]
|-damage|p2a: Jellicent|38/100|[from] Sandstorm
|-heal|p1a: Excadrill|97/100|[from] item: Leftovers
|-heal|p2a: Jellicent|44/100|[from] item: Leftovers
|upkeep
|turn|6
|
|move|p1a: Excadrill|Earthquake|p2a: Jellicent
|-damage|p2a: Jellicent|0 fnt
|faint|p2a: Jellicent
|
|-weather|Sandstorm|[upkeep]
|-heal|p1a: Excadrill|100/100|[from] item: Leftovers
|upkeep
|
|switch|p2a: Salamence|Salamence, F|100/100
|turn|7
|inactive|snowfan has 120 seconds left.
|
|switch|p1a: Landorus|Landorus-Therian, M|100/100
|-damage|p1a: Landorus|88/100|[from] Stealth Rock
|-ability|p1a: Landorus|Intimidate|boost
|-unboost|p2a: Salamence|atk|1
|move|p2a: Salamence|Earthquake|p1a: Landorus
|-immune|p1a: Landorus
|
|-weather|Sandstorm|[upkeep]
|-damage|p2a: Salamence|94/100|[from] Sandstorm
|upkeep
|turn|8
|inactive|snowfan has 120 seconds left.
|
|move|p1a: Landorus|U-turn|p2a: Salamence
|-resisted|p2a: Salamence
|-damage|p2a: Salamence|79/100
|inactive|snowfan has 120 seconds left.
|
|switch|p1a: Rotom|Rotom-Wash|100/100|[from]move: U-turn
|-damage|p1a: Rotom|88/100|[from] Stealth Rock
|move|p2a: Salamence|Dragon Dance|p2a: Salamence
|-boost|p2a: Salamence|atk|1
|-boost|p2a: Salamence|spe|1
|
|-weather|Sandstorm|[upkeep]
|-damage|p2a: Salamence|73/100|[from] Sandstorm
|-damage|p1a: Rotom|82/100|[from] Sandstorm
|-heal|p1a: Rotom|88/100|[from] item: Leftovers
|upkeep
|turn|9
|
|move|p2a: Salamence|Outrage|p1a: Rotom
|-crit|p1a: Rotom
|-damage|p1a: Rotom|0 fnt
|faint|p1a: Rotom
|-ability|p2a: Salamence|Moxie|boost
|-boost|p2a: Salamence|atk|1
|
|-weather|Sandstorm|[upkeep]
|-damage|p2a: Salamence|67/100|[from] Sandstorm
|upkeep
|
|switch|p1a: Mamoswine|Mamoswine, M|100/100
|-damage|p1a: Mamoswine|84/100|[from] Spikes
|-damage|p1a: Mamoswine|71/100|[from] Stealth Rock
|turn|10
|
|move|p1a: Mamoswine|Ice Shard|p2a: Salamence
|-supereffective|p2a: Salamence
|-damage|p2a: Salamence|0 fnt
|faint|p2a: Salamence
|
|-weather|Sandstorm|[upkeep]
|upkeep
|
|switch|p2a: Scizor|Scizor, F|100/100
|turn|11
|
|switch|p1a: Landorus|Landorus-Therian, M|88/100
|-damage|p1a: Landorus|76/100|[from] Stealth Rock
|-ability|p1a: Landorus|Intimidate|boost
|-unboost|p2a: Scizor|atk|1
|move|p2a: Scizor|Swords Dance|p2a: Scizor
|-boost|p2a: Scizor|atk|2
|
|-weather|Sandstorm|[upkeep]
|upkeep
|turn|12
|
|move|p2a: Scizor|Bullet Punch|p1a: Landorus
|-crit|p1a: Landorus
|-damage|p1a: Landorus|0 fnt
|faint|p1a: Landorus
|
|-weather|Sandstorm|[upkeep]
|upkeep
|
|switch|p1a: Amoonguss|Amoonguss, F|100/100
|-damage|p1a: Amoonguss|84/100|[from] Spikes
|-damage|p1a: Amoonguss|71/100|[from] Stealth Rock
|turn|13
|
|switch|p2a: Kyurem|Kyurem|100/100
|-ability|p2a: Kyurem|Pressure
|move|p1a: Amoonguss|Hidden Power|p2a: Kyurem
|-damage|p2a: Kyurem|86/100
|
|-weather|Sandstorm|[upkeep]
|-damage|p2a: Kyurem|80/100|[from] Sandstorm
|-damage|p1a: Amoonguss|65/100|[from] Sandstorm
|-heal|p1a: Amoonguss|71/100|[from] item: Black Sludge
|upkeep
|turn|14
|
|switch|p1a: Excadrill|Excadrill, M|100/100
|-damage|p1a: Excadrill|84/100|[from] Spikes
|-damage|p1a: Excadrill|81/100|[from] Stealth Rock
|move|p2a: Kyurem|Earth Power|p1a: Excadrill
|-supereffective|p1a: Excadrill
|-damage|p1a: Excadrill|18/100
|
|-weather|Sandstorm|[upkeep]
|-damage|p2a: Kyurem|73/100|[from] Sandstorm
|-heal|p1a: Excadrill|24/100|[from] item: Leftovers
|upkeep
|turn|15
|
|move|p2a: Kyurem|Earth Power|p1a: Excadrill
|-supereffective|p1a: Excadrill
|-damage|p1a: Excadrill|0 fnt
|faint|p1a: Excadrill
|
|-weather|Sandstorm|[upkeep]
|-damage|p2a: Kyurem|67/100|[from] Sandstorm
|upkeep
|
|switch|p1a: Tyranitar|Tyranitar, M|76/100
|-damage|p1a: Tyranitar|59/100|[from] Spikes
|-damage|p1a: Tyranitar|47/100|[from] Stealth Rock
|turn|16
|
|move|p2a: Kyurem|Earth Power|p1a: Tyranitar
|-supereffective|p1a: Tyranitar
|-damage|p1a: Tyranitar|20/100
|-unboost|p1a: Tyranitar|spd|1
|move|p1a: Tyranitar|Stealth Rock|p2a: Kyurem
|-sidestart|p2: Oooh Karen|move: Stealth Rock
|
|-weather|Sandstorm|[upkeep]
|-damage|p2a: Kyurem|61/100|[from] Sandstorm
|upkeep
|turn|17
|
|switch|p1a: Amoonguss|Amoonguss, F|100/100
|-damage|p1a: Amoonguss|88/100|[from] Stealth Rock
|-damage|p1a: Amoonguss|71/100|[from] Spikes
|move|p2a: Kyurem|Earth Power|p1a: Amoonguss
|-damage|p1a: Amoonguss|50/100
|
|-weather|Sandstorm|[upkeep]
|-damage|p2a: Kyurem|55/100|[from] Sandstorm
|-damage|p1a: Amoonguss|44/100|[from] Sandstorm
|-heal|p1a: Amoonguss|50/100|[from] item: Black Sludge
|upkeep
|turn|18
|
|switch|p2a: Abomasnow|Abomasnow, F|100/100
|-damage|p2a: Abomasnow|76/100|[from] Stealth Rock
|-weather|Hail|[from] ability: Snow Warning|[of] p2a: Abomasnow
|move|p1a: Amoonguss|Stun Spore|p2a: Abomasnow
|-status|p2a: Abomasnow|par
|
|-weather|Hail|[upkeep]
|-damage|p1a: Amoonguss|44/100|[from] Hail
|-heal|p1a: Amoonguss|50/100|[from] item: Black Sludge
|upkeep
|turn|19
|
|move|p2a: Abomasnow|Ice Shard|p1a: Amoonguss
|-supereffective|p1a: Amoonguss
|-damage|p1a: Amoonguss|2/100
|move|p1a: Amoonguss|Sludge Bomb|p2a: Abomasnow
|-supereffective|p2a: Abomasnow
|-damage|p2a: Abomasnow|6/100 par
|
|-weather|Hail|[upkeep]
|-damage|p1a: Amoonguss|0 fnt|[from] Hail
|faint|p1a: Amoonguss
|upkeep
|
|switch|p1a: Tyranitar|Tyranitar, M|20/100
|-damage|p1a: Tyranitar|4/100|[from] Spikes
|-damage|p1a: Tyranitar|0 fnt|[from] Stealth Rock
|faint|p1a: Tyranitar
|-message|snowfan forfeited.
|
|win|Oooh Karen
|l|☆snowfan
|raw|snowfan's rating: 1383 &rarr; <strong>1368</strong><br />(-15 for losing)
|raw|Oooh Karen's rating: 1486 &rarr; <strong>1500</strong><br />(+14 for winning)
|l|‽Oooh Karen
