|j|☆JesusKun69
|j|☆Novice by Nature
|t:|1740438798
|gametype|singles
|player|p1|JesusKun69|evelyn|1299
|player|p2|Novice by Nature|yellow|1438
|teamsize|p1|6
|teamsize|p2|6
|gen|5
|tier|[Gen 5] OU
|rated|
|rule|Species Clause: Limit one of each Pokémon
|rule|OHKO Clause: OHKO moves are banned
|rule|Moody Clause: Moody is banned
|rule|Evasion Items Clause: Evasion items are banned
|rule|Evasion Moves Clause: Evasion moves are banned
|rule|Endless Battle Clause: Forcing endless battles is banned
|rule|HP Percentage Mod: HP is shown in percentages
|rule|Evasion Abilities Clause: Evasion abilities are banned
|rule|Sleep Moves Clause: Sleep-inducing moves are banned
|rule|Swagger Clause: Swagger is banned
|rule|Baton Pass Stat Clause: No Baton Passer may have a way to boost its stats
|clearpoke
|poke|p1|Scolipede, M|item
|poke|p1|Golurk|item
|poke|p1|Alakazam, M|item
|poke|p1|Reuniclus, M|item
|poke|p1|Scizor, M|item
|poke|p1|Kyurem-Black|item
|poke|p2|Seismitoad, F|item
|poke|p2|Tyranitar, F|item
|poke|p2|Skarmory, F|item
|poke|p2|Xatu, M|item
|poke|p2|Garchomp, F|item
|poke|p2|Rotom-Wash|item
|teampreview
|inactive|Battle timer is ON: inactive players will automatically lose when time's up. (requested by Novice by Nature)
|
|t:|1740438825
|start
|switch|p1a: VALIMAR|Golurk|100/100
|switch|p2a: Xatu|Xatu, M|100/100
|-item|p1a: VALIMAR|Air Balloon
|turn|1
|
|t:|1740438834
|switch|p2a: Skarmory|Skarmory, F|100/100
|move|p1a: VALIMAR|Stone Edge|p2a: Skarmory
|-damage|p2a: Skarmory|72/100
|
|-heal|p2a: Skarmory|78/100|[from] item: Leftovers
|upkeep
|turn|2
|
|t:|1740438841
|move|p2a: Skarmory|Brave Bird|p1a: VALIMAR
|-damage|p1a: VALIMAR|62/100
|-enditem|p1a: VALIMAR|Air Balloon
|-damage|p2a: Skarmory|63/100|[from] Recoil
|move|p1a: VALIMAR|Dynamic Punch|p2a: Skarmory
|-damage|p2a: Skarmory|35/100
|-start|p2a: Skarmory|confusion
|
|-heal|p2a: Skarmory|41/100|[from] item: Leftovers
|upkeep
|turn|3
|
|t:|1740438852
|switch|p2a: Rotom|Rotom-Wash|100/100
|move|p1a: VALIMAR|Stealth Rock|p2a: Rotom
|-sidestart|p2: Novice by Nature|move: Stealth Rock
|
|upkeep
|turn|4
|
|t:|1740438859
|switch|p1a: I Pede|Scolipede, M|100/100
|move|p2a: Rotom|Hydro Pump|p1a: I Pede
|-damage|p1a: I Pede|29/100
|
|upkeep
|turn|5
|
|t:|1740438867
|switch|p2a: Xatu|Xatu, M|100/100
|-damage|p2a: Xatu|76/100|[from] Stealth Rock
|move|p1a: I Pede|Endeavor|p2a: Xatu
|-damage|p2a: Xatu|23/100
|-damage|p1a: I Pede|12/100|[from] item: Rocky Helmet|[of] p2a: Xatu
|
|upkeep
|turn|6
|
|t:|1740438874
|move|p1a: I Pede|Megahorn|p2a: Xatu
|-damage|p2a: Xatu|0 fnt
|-damage|p1a: I Pede|0 fnt|[from] item: Rocky Helmet|[of] p2a: Xatu
|faint|p1a: I Pede
|faint|p2a: Xatu
|
|upkeep
|
|t:|1740438890
|switch|p1a: GRAAAAAAAH|Kyurem-Black|100/100
|switch|p2a: Seismitoad|Seismitoad, F|100/100
|-ability|p1a: GRAAAAAAAH|Teravolt
|-damage|p2a: Seismitoad|94/100|[from] Stealth Rock
|turn|7
|
|t:|1740438896
|move|p2a: Seismitoad|Protect|p2a: Seismitoad
|-singleturn|p2a: Seismitoad|Protect
|move|p1a: GRAAAAAAAH|Ice Beam|p2a: Seismitoad
|-activate|p2a: Seismitoad|move: Protect
|
|-heal|p2a: Seismitoad|100/100|[from] item: Leftovers
|upkeep
|turn|8
|
|t:|1740438904
|switch|p1a: B'st|Reuniclus, M|100/100
|switch|p2a: Rotom|Rotom-Wash|100/100
|-damage|p2a: Rotom|88/100|[from] Stealth Rock
|
|-heal|p2a: Rotom|94/100|[from] item: Leftovers
|upkeep
|turn|9
|
|t:|1740438912
|move|p2a: Rotom|Volt Switch|p1a: B'st
|-damage|p1a: B'st|75/100
|
|t:|1740438918
|switch|p2a: Skarmory|Skarmory, F|41/100|[from] Volt Switch
|-damage|p2a: Skarmory|28/100|[from] Stealth Rock
|move|p1a: B'st|Trick Room|p1a: B'st
|-fieldstart|move: Trick Room|[of] p1a: B'st
|
|-heal|p2a: Skarmory|34/100|[from] item: Leftovers
|upkeep
|turn|10
|
|t:|1740438925
|move|p1a: B'st|Focus Blast|p2a: Skarmory
|-damage|p2a: Skarmory|0 fnt
|faint|p2a: Skarmory
|
|upkeep
|
|t:|1740438933
|switch|p2a: Seismitoad|Seismitoad, F|100/100
|-damage|p2a: Seismitoad|94/100|[from] Stealth Rock
|turn|11
|
|t:|1740438936
|move|p1a: B'st|Psychic|p2a: Seismitoad
|-damage|p2a: Seismitoad|26/100
|move|p2a: Seismitoad|Earthquake|p1a: B'st
|-damage|p1a: B'st|43/100
|
|-heal|p2a: Seismitoad|32/100|[from] item: Leftovers
|upkeep
|turn|12
|
|t:|1740438948
|move|p2a: Seismitoad|Protect|p2a: Seismitoad
|-singleturn|p2a: Seismitoad|Protect
|move|p1a: B'st|Trick Room|p1a: B'st
|-fieldend|move: Trick Room
|
|-heal|p2a: Seismitoad|38/100|[from] item: Leftovers
|upkeep
|turn|13
|
|t:|1740438955
|move|p2a: Seismitoad|Earthquake|p1a: B'st
|-damage|p1a: B'st|14/100
|move|p1a: B'st|Trick Room|p1a: B'st
|-fieldstart|move: Trick Room|[of] p1a: B'st
|
|-heal|p2a: Seismitoad|44/100|[from] item: Leftovers
|upkeep
|turn|14
|
|t:|1740438958
|move|p2a: Seismitoad|Protect|p2a: Seismitoad
|-singleturn|p2a: Seismitoad|Protect
|move|p1a: B'st|Psychic|p2a: Seismitoad
|-activate|p2a: Seismitoad|move: Protect
|
|-heal|p2a: Seismitoad|50/100|[from] item: Leftovers
|upkeep
|turn|15
|
|t:|1740438963
|switch|p2a: Tyranitar|Tyranitar, F|100/100
|-damage|p2a: Tyranitar|88/100|[from] Stealth Rock
|-weather|Sandstorm|[from] ability: Sand Stream|[of] p2a: Tyranitar
|move|p1a: B'st|Focus Blast|p2a: Tyranitar|[miss]
|-miss|p1a: B'st|p2a: Tyranitar
|
|-weather|Sandstorm|[upkeep]
|upkeep
|turn|16
|
|t:|1740438970
|switch|p2a: Seismitoad|Seismitoad, F|50/100
|-damage|p2a: Seismitoad|44/100|[from] Stealth Rock
|move|p1a: B'st|Focus Blast|p2a: Seismitoad|[miss]
|-miss|p1a: B'st|p2a: Seismitoad
|
|-weather|Sandstorm|[upkeep]
|-heal|p2a: Seismitoad|50/100|[from] item: Leftovers
|upkeep
|turn|17
|
|t:|1740438976
|move|p2a: Seismitoad|Protect|p2a: Seismitoad
|-singleturn|p2a: Seismitoad|Protect
|move|p1a: B'st|Psychic|p2a: Seismitoad
|-activate|p2a: Seismitoad|move: Protect
|
|-weather|Sandstorm|[upkeep]
|-heal|p2a: Seismitoad|56/100|[from] item: Leftovers
|-fieldend|move: Trick Room
|upkeep
|turn|18
|
|t:|1740438978
|move|p2a: Seismitoad|Earthquake|p1a: B'st
|-damage|p1a: B'st|0 fnt
|faint|p1a: B'st
|
|-weather|Sandstorm|[upkeep]
|-heal|p2a: Seismitoad|62/100|[from] item: Leftovers
|upkeep
|
|t:|1740438987
|switch|p1a: Resh'an|Alakazam, M|100/100
|turn|19
|
|t:|1740438990
|move|p2a: Seismitoad|Protect|p2a: Seismitoad
|-singleturn|p2a: Seismitoad|Protect
|move|p1a: Resh'an|Grass Knot|p2a: Seismitoad
|-activate|p2a: Seismitoad|move: Protect
|
|-weather|Sandstorm|[upkeep]
|-heal|p2a: Seismitoad|69/100|[from] item: Leftovers
|upkeep
|turn|20
|
|t:|1740438995
|switch|p2a: Rotom|Rotom-Wash|94/100
|-damage|p2a: Rotom|82/100|[from] Stealth Rock
|move|p1a: Resh'an|Grass Knot|p2a: Rotom
|-supereffective|p2a: Rotom
|-damage|p2a: Rotom|64/100
|
|-weather|Sandstorm|[upkeep]
|-damage|p2a: Rotom|57/100|[from] Sandstorm
|-heal|p2a: Rotom|64/100|[from] item: Leftovers
|upkeep
|turn|21
|
|t:|1740439003
|switch|p1a: VALIMAR|Golurk|62/100
|move|p2a: Rotom|Will-O-Wisp|p1a: VALIMAR
|-status|p1a: VALIMAR|brn
|
|-weather|Sandstorm|[upkeep]
|-damage|p2a: Rotom|57/100|[from] Sandstorm
|-heal|p2a: Rotom|64/100|[from] item: Leftovers
|-damage|p1a: VALIMAR|49/100 brn|[from] brn
|upkeep
|turn|22
|
|t:|1740439008
|move|p2a: Rotom|Hydro Pump|p1a: VALIMAR
|-supereffective|p1a: VALIMAR
|-damage|p1a: VALIMAR|0 fnt
|faint|p1a: VALIMAR
|
|-weather|Sandstorm|[upkeep]
|-damage|p2a: Rotom|57/100|[from] Sandstorm
|-heal|p2a: Rotom|64/100|[from] item: Leftovers
|upkeep
|
|t:|1740439011
|switch|p1a: GRAAAAAAAH|Kyurem-Black|100/100
|-ability|p1a: GRAAAAAAAH|Teravolt
|turn|23
|
|t:|1740439015
|move|p1a: GRAAAAAAAH|Outrage|p2a: Rotom
|-damage|p2a: Rotom|0 fnt
|faint|p2a: Rotom
|
|-weather|Sandstorm|[upkeep]
|-damage|p1a: GRAAAAAAAH|94/100|[from] Sandstorm
|upkeep
|
|t:|1740439022
|switch|p2a: Tyranitar|Tyranitar, F|88/100
|-damage|p2a: Tyranitar|76/100|[from] Stealth Rock
|turn|24
|
|t:|1740439024
|move|p1a: GRAAAAAAAH|Outrage|p2a: Tyranitar|[from] lockedmove
|-damage|p2a: Tyranitar|0 fnt
|faint|p2a: Tyranitar
|-start|p1a: GRAAAAAAAH|confusion|[fatigue]
|
|-weather|Sandstorm|[upkeep]
|-damage|p1a: GRAAAAAAAH|88/100|[from] Sandstorm
|upkeep
|
|t:|1740439032
|switch|p2a: Garchomp|Garchomp, F|100/100
|-damage|p2a: Garchomp|94/100|[from] Stealth Rock
|turn|25
|
|t:|1740439034
|switch|p1a: Truck Freak|Scizor, M|100/100
|move|p2a: Garchomp|Draco Meteor|p1a: Truck Freak|[miss]
|-miss|p2a: Garchomp|p1a: Truck Freak
|
|-weather|Sandstorm|[upkeep]
|upkeep
|turn|26
|
|t:|1740439043
|move|p1a: Truck Freak|Bullet Punch|p2a: Garchomp
|-damage|p2a: Garchomp|47/100
|-damage|p1a: Truck Freak|88/100|[from] ability: Rough Skin|[of] p2a: Garchomp
|-damage|p1a: Truck Freak|78/100|[from] item: Life Orb
|move|p2a: Garchomp|Fire Blast|p1a: Truck Freak
|-supereffective|p1a: Truck Freak
|-damage|p1a: Truck Freak|0 fnt
|faint|p1a: Truck Freak
|-damage|p2a: Garchomp|37/100|[from] item: Life Orb
|
|-weather|Sandstorm|[upkeep]
|upkeep
|
|t:|1740439050
|switch|p1a: Resh'an|Alakazam, M|100/100
|turn|27
|
|t:|1740439054
|move|p1a: Resh'an|Psychic|p2a: Garchomp
|-damage|p2a: Garchomp|0 fnt
|faint|p2a: Garchomp
|
|-weather|Sandstorm|[upkeep]
|upkeep
|
|t:|1740439056
|switch|p2a: Seismitoad|Seismitoad, F|69/100
|-damage|p2a: Seismitoad|62/100|[from] Stealth Rock
|turn|28
|c|☆JesusKun69|gg
|
|t:|1740439060
|move|p2a: Seismitoad|Protect|p2a: Seismitoad
|-singleturn|p2a: Seismitoad|Protect
|move|p1a: Resh'an|Grass Knot|p2a: Seismitoad
|-activate|p2a: Seismitoad|move: Protect
|
|-weather|Sandstorm|[upkeep]
|-heal|p2a: Seismitoad|69/100|[from] item: Leftovers
|upkeep
|turn|29
|
|t:|1740439063
|move|p1a: Resh'an|Grass Knot|p2a: Seismitoad
|-supereffective|p2a: Seismitoad
|-damage|p2a: Seismitoad|0 fnt
|faint|p2a: Seismitoad
|
|win|JesusKun69
|raw|JesusKun69's rating: 1299 &rarr; <strong>1334</strong><br />(+35 for winning)
|raw|Novice by Nature's rating: 1438 &rarr; <strong>1410</strong><br />(-28 for losing)
|l|☆Novice by Nature
|player|p2|
