|j|☆porrompompom
|j|☆Icequake
|player|p1|porrompompom|265|1456
|player|p2|Icequake|boarder-gen2|1334
|teamsize|p1|6
|teamsize|p2|6
|gametype|singles
|gen|5
|tier|[Gen 5] OU
|rated|
|rule|Sleep Clause Mod: Limit one foe put to sleep
|rule|Species Clause: Limit one of each Pokémon
|rule|OHKO Clause: OHKO moves are banned
|rule|Moody Clause: Moody is banned
|rule|Evasion Moves Clause: Evasion moves are banned
|rule|Endless Battle Clause: Forcing endless battles is banned
|rule|HP Percentage Mod: HP is shown in percentages
|rule|Evasion Abilities Clause: Evasion abilities are banned
|rule|Baton Pass Clause: Limit one Baton Passer, can't pass Spe and other stats simultaneously
|rule|Swagger Clause: Swagger is banned
|clearpoke
|poke|p1|Landorus-Therian, M|item
|poke|p1|Cloyster, M|item
|poke|p1|Azelf|item
|poke|p1|Breloom, F|item
|poke|p1|Salamence, M|item
|poke|p1|Espeon, M|item
|poke|p2|Politoed, F|item
|poke|p2|Tornadus, M|item
|poke|p2|Kyurem|item
|poke|p2|Breloom, F|item
|poke|p2|Ferrothorn, F|item
|poke|p2|Tentacruel, F|item
|teampreview
|
|start
|switch|p1a: Azelf|Azelf|100/100
|switch|p2a: economics tutor|Breloom, F|100/100
|turn|1
|
|switch|p1a: Salamence|Salamence, M|100/100
|move|p2a: economics tutor|Bullet Seed|p1a: Salamence
|-resisted|p1a: Salamence
|-crit|p1a: Salamence
|-damage|p1a: Salamence|87/100
|-resisted|p1a: Salamence
|-damage|p1a: Salamence|80/100
|-resisted|p1a: Salamence
|-damage|p1a: Salamence|74/100
|-hitcount|p1a: Salamence|3
|
|upkeep
|turn|2
|
|switch|p1a: Azelf|Azelf|100/100
|switch|p2a: Ima Squid #changem|Tentacruel, F|100/100
|
|upkeep
|turn|3
|
|move|p1a: Azelf|Stealth Rock|p2a: Ima Squid #changem
|-sidestart|p2: Icequake|move: Stealth Rock
|move|p2a: Ima Squid #changem|Toxic Spikes|p1a: Azelf
|-sidestart|p1: porrompompom|move: Toxic Spikes
|
|upkeep
|turn|4
|
|move|p2a: Ima Squid #changem|Protect|p2a: Ima Squid #changem
|-singleturn|p2a: Ima Squid #changem|Protect
|move|p1a: Azelf|Light Screen|p1a: Azelf
|-sidestart|p1: porrompompom|move: Light Screen
|
|upkeep
|turn|5
|
|move|p1a: Azelf|Reflect|p1a: Azelf
|-sidestart|p1: porrompompom|Reflect
|move|p2a: Ima Squid #changem|Rapid Spin|p1a: Azelf
|-damage|p1a: Azelf|99/100
|-sideend|p2: Icequake|Stealth Rock|[from] move: Rapid Spin|[of] p2a: Ima Squid #changem
|
|upkeep
|turn|6
|
|move|p1a: Azelf|Stealth Rock|p2a: Ima Squid #changem
|-sidestart|p2: Icequake|move: Stealth Rock
|move|p2a: Ima Squid #changem|Scald|p1a: Azelf
|-damage|p1a: Azelf|82/100
|
|upkeep
|turn|7
|
|move|p2a: Ima Squid #changem|Protect|p2a: Ima Squid #changem
|-singleturn|p2a: Ima Squid #changem|Protect
|move|p1a: Azelf|Explosion|p2a: Ima Squid #changem
|-activate|p2a: Ima Squid #changem|move: Protect
|faint|p1a: Azelf
|
|upkeep
|
|switch|p1a: Landorus|Landorus-Therian, M|100/100
|-ability|p1a: Landorus|Intimidate|boost
|-unboost|p2a: Ima Squid #changem|atk|1
|turn|8
|
|switch|p2a: TSA Nightmare|Ferrothorn, F|100/100
|-damage|p2a: TSA Nightmare|95/100|[from] Stealth Rock
|move|p1a: Landorus|Swords Dance|p1a: Landorus
|-boost|p1a: Landorus|atk|2
|
|-heal|p2a: TSA Nightmare|100/100|[from] item: Leftovers
|upkeep
|turn|9
|
|move|p1a: Landorus|Rock Polish|p1a: Landorus
|-boost|p1a: Landorus|spe|2
|move|p2a: TSA Nightmare|Stealth Rock|p1a: Landorus
|-sidestart|p1: porrompompom|move: Stealth Rock
|
|upkeep
|turn|10
|
|move|p1a: Landorus|Earthquake|p2a: TSA Nightmare
|-damage|p2a: TSA Nightmare|5/100
|move|p2a: TSA Nightmare|Gyro Ball|p1a: Landorus
|-damage|p1a: Landorus|74/100
|
|-heal|p1a: Landorus|80/100|[from] item: Leftovers
|-heal|p2a: TSA Nightmare|11/100|[from] item: Leftovers
|upkeep
|turn|11
|j| DarugisX
|
|move|p1a: Landorus|Earthquake|p2a: TSA Nightmare
|-damage|p2a: TSA Nightmare|0 fnt
|faint|p2a: TSA Nightmare
|
|-heal|p1a: Landorus|86/100|[from] item: Leftovers
|-sideend|p1: porrompompom|move: Light Screen
|upkeep
|
|switch|p2a: economics tutor|Breloom, F|100/100
|-damage|p2a: economics tutor|94/100|[from] Stealth Rock
|turn|12
|
|move|p1a: Landorus|Earthquake|p2a: economics tutor
|-resisted|p2a: economics tutor
|-damage|p2a: economics tutor|0 fnt
|faint|p2a: economics tutor
|
|-heal|p1a: Landorus|92/100|[from] item: Leftovers
|-sideend|p1: porrompompom|Reflect
|upkeep
|c| DarugisX|lol tsa nightmare
|
|switch|p2a: salamander|Tornadus, M|100/100
|-damage|p2a: salamander|76/100|[from] Stealth Rock
|turn|13
|
|move|p1a: Landorus|Stone Edge|p2a: salamander
|-supereffective|p2a: salamander
|-damage|p2a: salamander|0 fnt
|faint|p2a: salamander
|
|-heal|p1a: Landorus|98/100|[from] item: Leftovers
|upkeep
|
|switch|p2a: Topheavy|Kyurem|100/100
|-damage|p2a: Topheavy|76/100|[from] Stealth Rock
|-ability|p2a: Topheavy|Pressure
|turn|14
|
|move|p1a: Landorus|Earthquake|p2a: Topheavy
|-damage|p2a: Topheavy|0 fnt
|faint|p2a: Topheavy
|
|-heal|p1a: Landorus|100/100|[from] item: Leftovers
|upkeep
|inactive|Battle timer is ON: inactive players will automatically lose when time's up. (requested by porrompompom)
|
|switch|p2a: Big Happy|Politoed, F|100/100
|-damage|p2a: Big Happy|88/100|[from] Stealth Rock
|-weather|RainDance|[from] ability: Drizzle|[of] p2a: Big Happy
|turn|15
|-message|Icequake forfeited.
|
|win|porrompompom
|l|☆Icequake
|raw|porrompompom's rating: 1456 &rarr; <strong>1470</strong><br />(+14 for winning)
|raw|Icequake's rating: 1335 &rarr; <strong>1322</strong><br />(-13 for losing)
