|join|Moonclawz
|join|TheGoodDoctor19
|player|p1|Moonclawz|99
|player|p2|TheGoodDoctor19|110
|gametype|singles
|gen|5
|tier|[Gen 5] OU
|rated
|rule|Evasion Abilities Clause: Evasion abilities are banned
|clearpoke
|poke|p1|Tyranitar, M
|poke|p1|Lucario, F
|poke|p1|Latios, M
|poke|p1|Ferrothorn, F
|poke|p1|Gliscor, M
|poke|p1|Mew
|poke|p2|Tyranitar, M
|poke|p2|Landorus-Therian, M
|poke|p2|Scizor, F
|poke|p2|Celebi
|poke|p2|Rotom-Wash
|poke|p2|Gliscor, M
|rule|Sleep Clause Mod: Limit one foe put to sleep
|rule|Species Clause: Limit one of each Pokémon
|rule|OHKO Clause: OHKO moves are banned
|rule|Moody Clause: Moody is banned
|rule|Evasion Moves Clause: Evasion moves are banned
|rule|Endless Battle Clause: Forcing endless battles is banned
|rule|HP Percentage Mod: HP is shown in percentages
|teampreview
|
|start
|switch|p1a: Embryo|Mew|341/341
|switch|p2a: Landorus-Therian|Landorus-Therian, M|320/320
|-ability|p2a: Landorus-Therian|Intimidate|[of] p1a: Embryo
|-unboost|p1a: Embryo|atk|1
|turn|1
|
|move|p2a: Landorus-Therian|U-turn|p1a: Embryo
|-supereffective|p1a: Embryo
|-damage|p1a: Embryo|145/341
|
|switch|p2a: Scizor|Scizor, F|344/344
|move|p1a: Embryo|Psychic|p2a: Scizor
|-resisted|p2a: Scizor
|-damage|p2a: Scizor|262/344
|-unboost|p2a: Scizor|spd|1
|
|-heal|p1a: Embryo|166/341|[from] item: Leftovers
|turn|2
|
|switch|p2a: Tyranitar|Tyranitar, M|404/404
|-weather|Sandstorm|[from] ability: Sand Stream|[of] p2a: Tyranitar
|move|p1a: Embryo|Fire Blast|p2a: Tyranitar
|-resisted|p2a: Tyranitar
|-damage|p2a: Tyranitar|362/404
|
|-weather|Sandstorm|[upkeep]
|-damage|p1a: Embryo|145/341|[from] sandstorm
|-heal|p1a: Embryo|166/341|[from] item: Leftovers
|turn|3
|
|move|p1a: Embryo|Aura Sphere|p2a: Tyranitar
|-supereffective|p2a: Tyranitar
|-damage|p2a: Tyranitar|86/404
|move|p2a: Tyranitar|Pursuit|p1a: Embryo
|-supereffective|p1a: Embryo
|-damage|p1a: Embryo|0 fnt
|faint|p1a: Embryo
|
|-weather|Sandstorm|[upkeep]
|leave|Moonclawz
|
|switch|p1a: Plant|Ferrothorn, F|351/351
|turn|4
|player|p1
|join|Moonclawz
|player|p1|Moonclawz|99
|
|switch|p2a: Gliscor|Gliscor, M|291/291
|move|p1a: Plant|Spikes|p2a: Gliscor
|-sidestart|p2: TheGoodDoctor19|Spikes
|
|-weather|Sandstorm|[upkeep]
|-status|p2a: Gliscor|tox|[from] item: Toxic Orb
|turn|5
|
|switch|p1a: Scorpion|Gliscor, M|352/352
|move|p2a: Gliscor|Taunt|p1a: Scorpion
|-start|p1a: Scorpion|move: Taunt
|
|-weather|Sandstorm|[upkeep]
|-status|p1a: Scorpion|tox|[from] item: Toxic Orb
|turn|6
|
|move|p1a: Scorpion|Ice Fang|p2a: Gliscor
|-supereffective|p2a: Gliscor
|-damage|p2a: Gliscor|171/291 tox
|cant|p2a: Gliscor|flinch
|
|-weather|Sandstorm|[upkeep]
|-heal|p2a: Gliscor|207/291 tox|[from] ability: Poison Heal
|turn|7
|
|move|p1a: Scorpion|Ice Fang|p2a: Gliscor
|-supereffective|p2a: Gliscor
|-damage|p2a: Gliscor|67/291 tox
|move|p2a: Gliscor|Stealth Rock|p1a: Scorpion
|-sidestart|p1: Moonclawz|move: Stealth Rock
|
|-weather|Sandstorm|[upkeep]
|-heal|p2a: Gliscor|103/291 tox|[from] ability: Poison Heal
|turn|8
|
|switch|p2a: Rotom-Wash|Rotom-Wash|304/304
|move|p1a: Scorpion|Ice Fang|p2a: Rotom-Wash
|-resisted|p2a: Rotom-Wash
|-damage|p2a: Rotom-Wash|279/304
|
|-weather|Sandstorm|[upkeep]
|-damage|p2a: Rotom-Wash|260/304|[from] sandstorm
|-heal|p2a: Rotom-Wash|279/304|[from] item: Leftovers
|-end|p1a: Scorpion|move: Taunt
|turn|9
|
|switch|p1a: Plant|Ferrothorn, F|351/351
|-damage|p1a: Plant|330/351|[from] Stealth Rock
|move|p2a: Rotom-Wash|Will-O-Wisp|p1a: Plant|[miss]
|-miss|p2a: Rotom-Wash|p1a: Plant
|
|-weather|Sandstorm|[upkeep]
|-damage|p2a: Rotom-Wash|260/304|[from] sandstorm
|-heal|p2a: Rotom-Wash|279/304|[from] item: Leftovers
|-heal|p1a: Plant|351/351|[from] item: Leftovers
|turn|10
|
|switch|p1a: Tyrant|Tyranitar, M|403/403
|-damage|p1a: Tyrant|353/403|[from] Stealth Rock
|move|p2a: Rotom-Wash|Will-O-Wisp|p1a: Tyrant
|-status|p1a: Tyrant|brn
|
|-weather|Sandstorm|[upkeep]
|-damage|p2a: Rotom-Wash|260/304|[from] sandstorm
|-heal|p2a: Rotom-Wash|279/304|[from] item: Leftovers
|-heal|p1a: Tyrant|378/403 brn|[from] item: Leftovers
|-damage|p1a: Tyrant|328/403 brn|[from] brn
|turn|11
|
|switch|p2a: Gliscor|Gliscor, M|103/291 tox
|move|p1a: Tyrant|Stealth Rock|p2a: Gliscor
|-sidestart|p2: TheGoodDoctor19|move: Stealth Rock
|
|-weather|Sandstorm|[upkeep]
|-heal|p1a: Tyrant|353/403 brn|[from] item: Leftovers
|-heal|p2a: Gliscor|139/291 tox|[from] ability: Poison Heal
|-damage|p1a: Tyrant|303/403 brn|[from] brn
|turn|12
|
|switch|p1a: Scorpion|Gliscor, M|352/352 tox
|-damage|p1a: Scorpion|308/352 tox|[from] Stealth Rock
|move|p2a: Gliscor|Roost|p2a: Gliscor
|-heal|p2a: Gliscor|285/291 tox
|
|-weather|Sandstorm|[upkeep]
|-heal|p1a: Scorpion|352/352 tox|[from] ability: Poison Heal
|-heal|p2a: Gliscor|291/291 tox|[from] ability: Poison Heal
|turn|13
|
|switch|p2a: Rotom-Wash|Rotom-Wash|279/304
|-damage|p2a: Rotom-Wash|241/304|[from] Stealth Rock
|move|p1a: Scorpion|Taunt|p2a: Rotom-Wash
|-start|p2a: Rotom-Wash|move: Taunt
|
|-weather|Sandstorm|[upkeep]
|-damage|p2a: Rotom-Wash|222/304|[from] sandstorm
|-heal|p2a: Rotom-Wash|241/304|[from] item: Leftovers
|turn|14
|
|switch|p1a: Plant|Ferrothorn, F|351/351
|-damage|p1a: Plant|330/351|[from] Stealth Rock
|move|p2a: Rotom-Wash|Volt Switch|p1a: Plant
|-resisted|p1a: Plant
|-damage|p1a: Plant|297/351
|
|switch|p2a: Landorus-Therian|Landorus-Therian, M|320/320
|-damage|p2a: Landorus-Therian|280/320|[from] Stealth Rock
|-ability|p2a: Landorus-Therian|Intimidate|[of] p1a: Plant
|-unboost|p1a: Plant|atk|1
|
|-weather|Sandstorm|[upkeep]
|-heal|p1a: Plant|318/351|[from] item: Leftovers
|turn|15
|
|switch|p1a: Scorpion|Gliscor, M|352/352 tox
|-damage|p1a: Scorpion|308/352 tox|[from] Stealth Rock
|move|p2a: Landorus-Therian|Superpower|p1a: Scorpion
|-resisted|p1a: Scorpion
|-damage|p1a: Scorpion|253/352 tox
|-unboost|p2a: Landorus-Therian|atk|1
|-unboost|p2a: Landorus-Therian|def|1
|
|-weather|Sandstorm|[upkeep]
|-heal|p1a: Scorpion|297/352 tox|[from] ability: Poison Heal
|turn|16
|
|switch|p2a: Rotom-Wash|Rotom-Wash|241/304
|-damage|p2a: Rotom-Wash|203/304|[from] Stealth Rock
|move|p1a: Scorpion|Substitute|p1a: Scorpion
|-start|p1a: Scorpion|Substitute
|-damage|p1a: Scorpion|209/352 tox
|
|-weather|Sandstorm|[upkeep]
|-damage|p2a: Rotom-Wash|184/304|[from] sandstorm
|-heal|p2a: Rotom-Wash|203/304|[from] item: Leftovers
|-heal|p1a: Scorpion|253/352 tox|[from] ability: Poison Heal
|turn|17
|leave|TheGoodDoctor19
|player|p2
|-message|thegooddoctor19 lost due to inactivity.
|
|win|Moonclawz
|raw|Ladder updating...
|raw|Moonclawz's rating: 1369 &rarr; <strong>1389</strong><br />(+20 for winning)
|raw|TheGoodDoctor19's rating: 1380 &rarr; <strong>1359</strong><br />(-21 for losing)