|j|☆The Alchemist 67
|j|☆BWVC BookofConke
|t:|1717148757
|gametype|singles
|player|p1|The Alchemist 67|ghetsis|1284
|player|p2|BWVC BookofConke|silver-masters|1413
|teamsize|p1|6
|teamsize|p2|6
|gen|5
|tier|[Gen 5] OU
|rated|
|rule|Species Clause: Limit one of each Pokémon
|rule|OHKO Clause: OHKO moves are banned
|rule|Moody Clause: Moody is banned
|rule|Evasion Items Clause: Evasion items are banned
|rule|Evasion Moves Clause: Evasion moves are banned
|rule|Endless Battle Clause: Forcing endless battles is banned
|rule|HP Percentage Mod: HP is shown in percentages
|rule|Evasion Abilities Clause: Evasion abilities are banned
|rule|Sleep Moves Clause: Sleep-inducing moves are banned
|rule|Swagger Clause: Swagger is banned
|rule|Baton Pass Stat Clause: No Baton Passer may have a way to boost its stats
|clearpoke
|poke|p1|Haxorus, M|item
|poke|p1|Garchomp, M|item
|poke|p1|Magnezone|item
|poke|p1|Mamoswine, F|item
|poke|p1|Latios, M|item
|poke|p1|Politoed, F|item
|poke|p2|Abomasnow, M|item
|poke|p2|Kyurem-Black|item
|poke|p2|Latios, M|item
|poke|p2|Garchomp, F|item
|poke|p2|Starmie|item
|poke|p2|Jirachi|item
|teampreview
|inactive|Battle timer is ON: inactive players will automatically lose when time's up. (requested by The Alchemist 67)
|
|t:|1717148769
|start
|switch|p1a: Magnezone|Magnezone|100/100
|switch|p2a: Latios|Latios, M|100/100
|-item|p1a: Magnezone|Air Balloon
|turn|1
|
|t:|1717148791
|switch|p1a: Politoed|Politoed, F|100/100
|-weather|RainDance|[from] ability: Drizzle|[of] p1a: Politoed
|move|p2a: Latios|Draco Meteor|p1a: Politoed
|-damage|p1a: Politoed|29/100
|-unboost|p2a: Latios|spa|2
|
|-weather|RainDance|[upkeep]
|upkeep
|turn|2
|
|t:|1717148808
|switch|p1a: Haxorus|Haxorus, M|100/100
|-ability|p1a: Haxorus|Mold Breaker
|switch|p2a: Kyurem|Kyurem-Black|100/100
|-ability|p2a: Kyurem|Teravolt
|
|-weather|RainDance|[upkeep]
|upkeep
|turn|3
|inactive|BWVC BookofConke has 120 seconds left.
|inactive|BWVC BookofConke has 90 seconds left.
|
|t:|1717148856
|move|p1a: Haxorus|Earthquake|p2a: Kyurem
|-damage|p2a: Kyurem|50/100
|move|p2a: Kyurem|Freeze Shock||[still]
|-prepare|p2a: Kyurem|Freeze Shock
|-enditem|p2a: Kyurem|Power Herb
|-anim|p2a: Kyurem|Freeze Shock|p1a: Haxorus|[miss]
|-miss|p2a: Kyurem|p1a: Haxorus
|
|-weather|RainDance|[upkeep]
|upkeep
|turn|4
|inactive|BWVC BookofConke has 90 seconds left.
|
|t:|1717148869
|switch|p2a: Latios|Latios, M|100/100
|move|p1a: Haxorus|Earthquake|p2a: Latios
|-damage|p2a: Latios|17/100
|
|-weather|RainDance|[upkeep]
|upkeep
|turn|5
|
|t:|1717148879
|switch|p1a: Magnezone|Magnezone|100/100
|-item|p1a: Magnezone|Air Balloon
|move|p2a: Latios|Draco Meteor|p1a: Magnezone
|-resisted|p1a: Magnezone
|-damage|p1a: Magnezone|49/100
|-unboost|p2a: Latios|spa|2
|-enditem|p1a: Magnezone|Air Balloon
|
|-weather|RainDance|[upkeep]
|upkeep
|turn|6
|
|t:|1717148890
|switch|p2a: Garchomp|Garchomp, F|100/100
|move|p1a: Magnezone|Substitute|p1a: Magnezone
|-start|p1a: Magnezone|Substitute
|-damage|p1a: Magnezone|24/100
|
|-weather|RainDance|[upkeep]
|upkeep
|turn|7
|
|t:|1717148898
|move|p2a: Garchomp|Earthquake|p1a: Magnezone
|-supereffective|p1a: Magnezone
|-end|p1a: Magnezone|Substitute
|move|p1a: Magnezone|Flash Cannon|p2a: Garchomp
|-damage|p2a: Garchomp|49/100
|
|-weather|RainDance|[upkeep]
|upkeep
|turn|8
|
|t:|1717148911
|switch|p2a: Jirachi|Jirachi|100/100
|move|p1a: Magnezone|Flash Cannon|p2a: Jirachi
|-resisted|p2a: Jirachi
|-damage|p2a: Jirachi|84/100
|
|-weather|RainDance|[upkeep]
|-heal|p2a: Jirachi|91/100|[from] item: Leftovers
|upkeep
|turn|9
|
|t:|1717148921
|move|p2a: Jirachi|Stealth Rock|p1a: Magnezone
|-sidestart|p1: The Alchemist 67|move: Stealth Rock
|move|p1a: Magnezone|Hidden Power|p2a: Jirachi
|-supereffective|p2a: Jirachi
|-damage|p2a: Jirachi|73/100
|
|-weather|RainDance|[upkeep]
|-heal|p2a: Jirachi|79/100|[from] item: Leftovers
|upkeep
|turn|10
|
|t:|1717148934
|move|p2a: Jirachi|Fire Punch|p1a: Magnezone
|-supereffective|p1a: Magnezone
|-damage|p1a: Magnezone|6/100
|move|p1a: Magnezone|Charge Beam|p2a: Jirachi
|-damage|p2a: Jirachi|60/100
|-boost|p1a: Magnezone|spa|1
|
|-weather|RainDance|[upkeep]
|-heal|p2a: Jirachi|66/100|[from] item: Leftovers
|upkeep
|turn|11
|
|t:|1717148945
|switch|p1a: Politoed|Politoed, F|29/100
|-damage|p1a: Politoed|17/100|[from] Stealth Rock
|move|p2a: Jirachi|U-turn|p1a: Politoed
|-damage|p1a: Politoed|0 fnt
|faint|p1a: Politoed
|
|t:|1717148956
|switch|p2a: Latios|Latios, M|17/100|[from] U-turn
|
|-weather|RainDance|[upkeep]
|upkeep
|
|t:|1717148969
|switch|p1a: Mamoswine|Mamoswine, F|100/100
|-damage|p1a: Mamoswine|88/100|[from] Stealth Rock
|turn|12
|
|t:|1717148978
|switch|p2a: Starmie|Starmie|100/100
|-item|p2a: Starmie|Air Balloon
|move|p1a: Mamoswine|Ice Shard|p2a: Starmie
|-resisted|p2a: Starmie
|-damage|p2a: Starmie|80/100
|-enditem|p2a: Starmie|Air Balloon
|-damage|p1a: Mamoswine|78/100|[from] item: Life Orb
|
|-weather|RainDance|[upkeep]
|upkeep
|turn|13
|
|t:|1717148990
|switch|p1a: Magnezone|Magnezone|6/100
|-damage|p1a: Magnezone|0 fnt|[from] Stealth Rock
|faint|p1a: Magnezone
|move|p2a: Starmie|Hydro Pump|p1: Magnezone|[notarget]
|-fail|p2a: Starmie
|
|-weather|RainDance|[upkeep]
|upkeep
|
|t:|1717149004
|switch|p1a: Latios|Latios, M|100/100
|-damage|p1a: Latios|88/100|[from] Stealth Rock
|turn|14
|inactive|BWVC BookofConke has 120 seconds left.
|
|t:|1717149010
|switch|p2a: Jirachi|Jirachi|66/100
|move|p1a: Latios|Thunderbolt|p2a: Jirachi
|-crit|p2a: Jirachi
|-damage|p2a: Jirachi|6/100
|-damage|p1a: Latios|78/100|[from] item: Life Orb
|
|-weather|RainDance|[upkeep]
|-heal|p2a: Jirachi|13/100|[from] item: Leftovers
|upkeep
|turn|15
|inactive|BWVC BookofConke has 120 seconds left.
|
|t:|1717149024
|move|p1a: Latios|Surf|p2a: Jirachi
|-damage|p2a: Jirachi|0 fnt
|faint|p2a: Jirachi
|-damage|p1a: Latios|68/100|[from] item: Life Orb
|
|-weather|RainDance|[upkeep]
|upkeep
|inactive|BWVC BookofConke has 120 seconds left.
|inactive|BWVC BookofConke has 90 seconds left.
|
|t:|1717149060
|switch|p2a: Abomasnow|Abomasnow, M|100/100
|-weather|Hail|[from] ability: Snow Warning|[of] p2a: Abomasnow
|turn|16
|
|t:|1717149077
|move|p1a: Latios|Draco Meteor|p2a: Abomasnow
|-crit|p2a: Abomasnow
|-enditem|p2a: Abomasnow|Focus Sash
|-damage|p2a: Abomasnow|1/100
|-unboost|p1a: Latios|spa|2
|-damage|p1a: Latios|58/100|[from] item: Life Orb
|move|p2a: Abomasnow|Blizzard|p1a: Latios
|-supereffective|p1a: Latios
|-damage|p1a: Latios|0 fnt
|faint|p1a: Latios
|
|-weather|Hail|[upkeep]
|upkeep
|inactive|The Alchemist 67 has 120 seconds left.
|
|t:|1717149116
|switch|p1a: Haxorus|Haxorus, M|100/100
|-damage|p1a: Haxorus|88/100|[from] Stealth Rock
|-ability|p1a: Haxorus|Mold Breaker
|turn|17
|
|t:|1717149128
|switch|p2a: Kyurem|Kyurem-Black|50/100
|-ability|p2a: Kyurem|Teravolt
|move|p1a: Haxorus|Dual Chop|p2a: Kyurem
|-supereffective|p2a: Kyurem
|-damage|p2a: Kyurem|0 fnt
|faint|p2a: Kyurem
|-hitcount|p2: Kyurem|1
|
|-weather|Hail|[upkeep]
|-damage|p1a: Haxorus|82/100|[from] Hail
|upkeep
|inactive|BWVC BookofConke has 90 seconds left.
|
|t:|1717149144
|switch|p2a: Latios|Latios, M|17/100
|turn|18
|inactive|The Alchemist 67 has 120 seconds left.
|
|t:|1717149151
|move|p2a: Latios|Draco Meteor|p1a: Haxorus
|-supereffective|p1a: Haxorus
|-damage|p1a: Haxorus|0 fnt
|-unboost|p2a: Latios|spa|2
|faint|p1a: Haxorus
|
|-weather|Hail|[upkeep]
|-damage|p2a: Latios|11/100|[from] Hail
|upkeep
|inactive|The Alchemist 67 has 120 seconds left.
|
|t:|1717149158
|switch|p1a: Mamoswine|Mamoswine, F|78/100
|-damage|p1a: Mamoswine|66/100|[from] Stealth Rock
|turn|19
|inactive|BWVC BookofConke has 90 seconds left.
|
|t:|1717149196
|move|p2a: Latios|Surf|p1a: Mamoswine
|-supereffective|p1a: Mamoswine
|-damage|p1a: Mamoswine|21/100
|move|p1a: Mamoswine|Earthquake|p2a: Latios
|-immune|p2a: Latios|[from] ability: Levitate
|
|-weather|Hail|[upkeep]
|-damage|p2a: Latios|5/100|[from] Hail
|upkeep
|turn|20
|
|t:|1717149210
|switch|p2a: Starmie|Starmie|80/100
|move|p1a: Mamoswine|Ice Shard|p2a: Starmie
|-resisted|p2a: Starmie
|-damage|p2a: Starmie|59/100
|-damage|p1a: Mamoswine|11/100|[from] item: Life Orb
|
|-weather|Hail|[upkeep]
|-damage|p2a: Starmie|53/100|[from] Hail
|upkeep
|turn|21
|c|☆The Alchemist 67|naaaaa
|
|t:|1717149226
|move|p1a: Mamoswine|Ice Shard|p2a: Starmie
|-resisted|p2a: Starmie
|-damage|p2a: Starmie|32/100
|-damage|p1a: Mamoswine|1/100|[from] item: Life Orb
|move|p2a: Starmie|Hidden Power|p1a: Mamoswine
|-supereffective|p1a: Mamoswine
|-damage|p1a: Mamoswine|0 fnt
|faint|p1a: Mamoswine
|
|-weather|Hail|[upkeep]
|-damage|p2a: Starmie|25/100|[from] Hail
|upkeep
|
|t:|1717149232
|switch|p1a: Garchomp|Garchomp, M|100/100
|-damage|p1a: Garchomp|94/100|[from] Stealth Rock
|turn|22
|inactive|BWVC BookofConke has 90 seconds left.
|
|t:|1717149240
|move|p1a: Garchomp|Dragon Claw|p2a: Starmie
|-damage|p2a: Starmie|0 fnt
|faint|p2a: Starmie
|
|-weather|Hail|[upkeep]
|-damage|p1a: Garchomp|88/100|[from] Hail
|upkeep
|inactive|BWVC BookofConke has 90 seconds left.
|
|t:|1717149248
|switch|p2a: Latios|Latios, M|5/100
|turn|23
|
|t:|1717149252
|move|p1a: Garchomp|Dragon Claw|p2a: Latios
|-supereffective|p2a: Latios
|-damage|p2a: Latios|0 fnt
|faint|p2a: Latios
|
|-weather|Hail|[upkeep]
|-damage|p1a: Garchomp|82/100|[from] Hail
|upkeep
|inactive|BWVC BookofConke has 90 seconds left.
|
|t:|1717149271
|switch|p2a: Garchomp|Garchomp, F|49/100
|turn|24
|
|t:|1717149275
|move|p1a: Garchomp|Dragon Claw|p2a: Garchomp
|-supereffective|p2a: Garchomp
|-damage|p2a: Garchomp|0 fnt
|-damage|p1a: Garchomp|70/100|[from] ability: Rough Skin|[of] p2a: Garchomp
|faint|p2a: Garchomp
|
|-weather|Hail|[upkeep]
|-damage|p1a: Garchomp|64/100|[from] Hail
|upkeep
|
|t:|1717149284
|switch|p2a: Abomasnow|Abomasnow, M|1/100
|turn|25
|c|☆BWVC BookofConke|GG
|c|☆BWVC BookofConke|Lost the speed tie
|
|t:|1717149302
|move|p2a: Abomasnow|Ice Shard|p1a: Garchomp
|-supereffective|p1a: Garchomp
|-damage|p1a: Garchomp|10/100
|move|p1a: Garchomp|Dragon Claw|p2a: Abomasnow
|-damage|p2a: Abomasnow|0 fnt
|faint|p2a: Abomasnow
|
|win|The Alchemist 67
|raw|The Alchemist 67's rating: 1284 &rarr; <strong>1318</strong><br />(+34 for winning)
|raw|BWVC BookofConke's rating: 1413 &rarr; <strong>1386</strong><br />(-27 for losing)
|c|☆The Alchemist 67|Well gg
