|j|☆Starforge PCs
|j|☆zerqaq
|t:|1747134931
|gametype|singles
|player|p1|Starforge PCs|miku-flying|1331
|player|p2|zerqaq|1|1354
|teamsize|p1|6
|teamsize|p2|6
|gen|5
|tier|[Gen 5] OU
|rated|
|rule|Species Clause: Limit one of each Pokémon
|rule|OHKO Clause: OHKO moves are banned
|rule|Moody Clause: Moody is banned
|rule|Evasion Items Clause: Evasion items are banned
|rule|Evasion Moves Clause: Evasion moves are banned
|rule|Endless Battle Clause: Forcing endless battles is banned
|rule|HP Percentage Mod: HP is shown in percentages
|rule|Evasion Abilities Clause: Evasion abilities are banned
|rule|Sleep Moves Clause: Sleep-inducing moves are banned
|rule|Swagger Clause: Swagger is banned
|rule|Baton Pass Stat Clause: No Baton Passer may have a way to boost its stats
|clearpoke
|poke|p1|Abomasnow, M|item
|poke|p1|Garchomp, M|item
|poke|p1|Dragonite, M|item
|poke|p1|Jirachi|item
|poke|p1|Starmie|item
|poke|p1|Kyurem-Black|item
|poke|p2|Landorus-Therian, M|item
|poke|p2|Politoed, F|item
|poke|p2|Starmie|item
|poke|p2|Ferrothorn, M|item
|poke|p2|Jirachi|item
|poke|p2|Latios, M|item
|teampreview
|inactive|Battle timer is ON: inactive players will automatically lose when time's up. (requested by Starforge PCs)
|
|t:|1747134943
|start
|switch|p1a: Jirachi|Jirachi|100/100
|switch|p2a: Starmie|Starmie|100/100
|turn|1
|
|t:|1747134956
|switch|p2a: Landorus|Landorus-Therian, M|100/100
|-ability|p2a: Landorus|Intimidate|boost
|-unboost|p1a: Jirachi|atk|1
|move|p1a: Jirachi|U-turn|p2a: Landorus
|-resisted|p2a: Landorus
|-damage|p2a: Landorus|96/100
|
|t:|1747134972
|switch|p1a: Abomasnow|Abomasnow, M|100/100|[from] U-turn
|-weather|Hail|[from] ability: Snow Warning|[of] p1a: Abomasnow
|
|-weather|Hail|[upkeep]
|-damage|p2a: Landorus|89/100|[from] Hail
|upkeep
|turn|2
|
|t:|1747134986
|switch|p2a: Politoed|Politoed, F|100/100
|-weather|RainDance|[from] ability: Drizzle|[of] p2a: Politoed
|move|p1a: Abomasnow|Blizzard|p2a: Politoed
|-resisted|p2a: Politoed
|-damage|p2a: Politoed|76/100
|
|-weather|RainDance|[upkeep]
|-heal|p2a: Politoed|82/100|[from] item: Leftovers
|upkeep
|turn|3
|
|t:|1747134999
|switch|p2a: Ferrothorn|Ferrothorn, M|100/100
|move|p1a: Abomasnow|Wood Hammer|p2a: Ferrothorn
|-resisted|p2a: Ferrothorn
|-damage|p2a: Ferrothorn|93/100
|-damage|p1a: Abomasnow|88/100|[from] ability: Iron Barbs|[of] p2a: Ferrothorn
|-damage|p1a: Abomasnow|85/100|[from] Recoil
|
|-weather|RainDance|[upkeep]
|-heal|p2a: Ferrothorn|99/100|[from] item: Leftovers
|upkeep
|turn|4
|
|t:|1747135011
|switch|p1a: Garchomp|Garchomp, M|100/100
|move|p2a: Ferrothorn|Stealth Rock|p1a: Garchomp
|-sidestart|p1: Starforge PCs|move: Stealth Rock
|
|-weather|RainDance|[upkeep]
|-heal|p2a: Ferrothorn|100/100|[from] item: Leftovers
|upkeep
|turn|5
|
|t:|1747135020
|move|p1a: Garchomp|Stealth Rock|p2a: Ferrothorn
|-sidestart|p2: zerqaq|move: Stealth Rock
|move|p2a: Ferrothorn|Power Whip|p1a: Garchomp
|-damage|p1a: Garchomp|60/100
|-damage|p2a: Ferrothorn|88/100|[from] ability: Rough Skin|[of] p1a: Garchomp
|
|-weather|RainDance|[upkeep]
|-heal|p2a: Ferrothorn|94/100|[from] item: Leftovers
|upkeep
|turn|6
|
|t:|1747135031
|switch|p2a: Landorus|Landorus-Therian, M|89/100
|-damage|p2a: Landorus|77/100|[from] Stealth Rock
|-ability|p2a: Landorus|Intimidate|boost
|-unboost|p1a: Garchomp|atk|1
|move|p1a: Garchomp|Swords Dance|p1a: Garchomp
|-boost|p1a: Garchomp|atk|2
|
|-weather|RainDance|[upkeep]
|upkeep
|turn|7
|
|t:|1747135041
|move|p2a: Landorus|Hidden Power|p1a: Garchomp
|-supereffective|p1a: Garchomp
|-enditem|p1a: Garchomp|Yache Berry|[eat]
|-enditem|p1a: Garchomp|Yache Berry|[weaken]
|-damage|p1a: Garchomp|23/100
|move|p1a: Garchomp|Outrage|p2a: Landorus
|-damage|p2a: Landorus|0 fnt
|faint|p2a: Landorus
|
|-weather|RainDance|[upkeep]
|upkeep
|
|t:|1747135060
|switch|p2a: Starmie|Starmie|100/100
|-damage|p2a: Starmie|88/100|[from] Stealth Rock
|turn|8
|
|t:|1747135073
|move|p2a: Starmie|Psychic|p1a: Garchomp
|-damage|p1a: Garchomp|0 fnt
|faint|p1a: Garchomp
|
|-weather|RainDance|[upkeep]
|upkeep
|
|t:|1747135079
|switch|p1a: Starmie|Starmie|100/100
|-damage|p1a: Starmie|88/100|[from] Stealth Rock
|-item|p1a: Starmie|Air Balloon
|turn|9
|
|t:|1747135087
|switch|p2a: Ferrothorn|Ferrothorn, M|94/100
|-damage|p2a: Ferrothorn|88/100|[from] Stealth Rock
|move|p1a: Starmie|Thunderbolt|p2a: Ferrothorn
|-resisted|p2a: Ferrothorn
|-damage|p2a: Ferrothorn|76/100
|
|-weather|RainDance|[upkeep]
|-heal|p2a: Ferrothorn|82/100|[from] item: Leftovers
|upkeep
|turn|10
|
|t:|1747135099
|switch|p1a: Abomasnow|Abomasnow, M|85/100
|-damage|p1a: Abomasnow|60/100|[from] Stealth Rock
|-weather|Hail|[from] ability: Snow Warning|[of] p1a: Abomasnow
|move|p2a: Ferrothorn|Power Whip|p1a: Abomasnow
|-resisted|p1a: Abomasnow
|-damage|p1a: Abomasnow|34/100
|
|-weather|Hail|[upkeep]
|-damage|p2a: Ferrothorn|76/100|[from] Hail
|-heal|p2a: Ferrothorn|82/100|[from] item: Leftovers
|upkeep
|turn|11
|
|t:|1747135113
|switch|p2a: Politoed|Politoed, F|82/100
|-damage|p2a: Politoed|69/100|[from] Stealth Rock
|-weather|RainDance|[from] ability: Drizzle|[of] p2a: Politoed
|move|p1a: Abomasnow|Hidden Power|p2a: Politoed
|-resisted|p2a: Politoed
|-damage|p2a: Politoed|65/100
|
|-weather|RainDance|[upkeep]
|-heal|p2a: Politoed|71/100|[from] item: Leftovers
|upkeep
|turn|12
|
|t:|1747135128
|switch|p2a: Jirachi|Jirachi|100/100
|-damage|p2a: Jirachi|94/100|[from] Stealth Rock
|move|p1a: Abomasnow|Hidden Power|p2a: Jirachi
|-supereffective|p2a: Jirachi
|-damage|p2a: Jirachi|78/100
|
|-weather|RainDance|[upkeep]
|-heal|p2a: Jirachi|84/100|[from] item: Leftovers
|upkeep
|turn|13
|
|t:|1747135142
|switch|p1a: Jirachi|Jirachi|100/100
|-damage|p1a: Jirachi|94/100|[from] Stealth Rock
|move|p2a: Jirachi|Substitute|p2a: Jirachi
|-start|p2a: Jirachi|Substitute
|-damage|p2a: Jirachi|59/100
|
|-weather|RainDance|[upkeep]
|-heal|p2a: Jirachi|65/100|[from] item: Leftovers
|upkeep
|turn|14
|inactive|Starforge PCs has 120 seconds left.
|
|t:|1747135185
|move|p1a: Jirachi|U-turn|p2a: Jirachi
|-activate|p2a: Jirachi|Substitute|[damage]
|
|t:|1747135188
|switch|p1a: Starmie|Starmie|88/100|[from] U-turn
|-damage|p1a: Starmie|76/100|[from] Stealth Rock
|-item|p1a: Starmie|Air Balloon
|move|p2a: Jirachi|Thunder|p1a: Starmie
|-supereffective|p1a: Starmie
|-damage|p1a: Starmie|0 fnt
|-enditem|p1a: Starmie|Air Balloon
|faint|p1a: Starmie
|
|-weather|RainDance|[upkeep]
|-heal|p2a: Jirachi|72/100|[from] item: Leftovers
|upkeep
|
|t:|1747135200
|switch|p1a: Abomasnow|Abomasnow, M|34/100
|-damage|p1a: Abomasnow|9/100|[from] Stealth Rock
|-weather|Hail|[from] ability: Snow Warning|[of] p1a: Abomasnow
|turn|15
|
|t:|1747135207
|switch|p1a: Jirachi|Jirachi|94/100
|-damage|p1a: Jirachi|88/100|[from] Stealth Rock
|move|p2a: Jirachi|Iron Head|p1a: Jirachi
|-resisted|p1a: Jirachi
|-damage|p1a: Jirachi|76/100
|
|-weather|Hail|[upkeep]
|-damage|p1a: Jirachi|70/100|[from] Hail
|-damage|p2a: Jirachi|65/100|[from] Hail
|-heal|p2a: Jirachi|72/100|[from] item: Leftovers
|upkeep
|turn|16
|
|t:|1747135228
|move|p1a: Jirachi|Iron Head|p2a: Jirachi
|-resisted|p2a: Jirachi
|-end|p2a: Jirachi|Substitute
|move|p2a: Jirachi|Thunder|p1a: Jirachi|[miss]
|-miss|p2a: Jirachi|p1a: Jirachi
|
|-weather|Hail|[upkeep]
|-damage|p1a: Jirachi|64/100|[from] Hail
|-damage|p2a: Jirachi|65/100|[from] Hail
|-heal|p2a: Jirachi|72/100|[from] item: Leftovers
|upkeep
|turn|17
|inactive|Starforge PCs has 120 seconds left.
|
|t:|1747135255
|switch|p2a: Politoed|Politoed, F|71/100
|-damage|p2a: Politoed|58/100|[from] Stealth Rock
|-weather|RainDance|[from] ability: Drizzle|[of] p2a: Politoed
|move|p1a: Jirachi|Iron Head|p2a: Politoed
|-resisted|p2a: Politoed
|-damage|p2a: Politoed|46/100
|
|-weather|RainDance|[upkeep]
|-heal|p2a: Politoed|52/100|[from] item: Leftovers
|upkeep
|turn|18
|
|t:|1747135269
|switch|p2a: Ferrothorn|Ferrothorn, M|82/100
|-damage|p2a: Ferrothorn|76/100|[from] Stealth Rock
|move|p1a: Jirachi|Iron Head|p2a: Ferrothorn
|-resisted|p2a: Ferrothorn
|-damage|p2a: Ferrothorn|64/100
|-damage|p1a: Jirachi|51/100|[from] ability: Iron Barbs|[of] p2a: Ferrothorn
|
|-weather|RainDance|[upkeep]
|-heal|p2a: Ferrothorn|70/100|[from] item: Leftovers
|upkeep
|turn|19
|
|t:|1747135286
|switch|p1a: Kyurem|Kyurem-Black|100/100
|-damage|p1a: Kyurem|76/100|[from] Stealth Rock
|-ability|p1a: Kyurem|Teravolt
|move|p2a: Ferrothorn|Spikes|p1a: Kyurem
|-sidestart|p1: Starforge PCs|Spikes
|
|-weather|RainDance|[upkeep]
|-heal|p2a: Ferrothorn|77/100|[from] item: Leftovers
|upkeep
|turn|20
|inactive|zerqaq has 120 seconds left.
|
|t:|1747135313
|switch|p2a: Starmie|Starmie|88/100
|-damage|p2a: Starmie|76/100|[from] Stealth Rock
|move|p1a: Kyurem|Outrage|p2a: Starmie
|-damage|p2a: Starmie|0 fnt
|faint|p2a: Starmie
|
|-weather|RainDance|[upkeep]
|upkeep
|
|t:|1747135328
|switch|p2a: Jirachi|Jirachi|72/100
|-damage|p2a: Jirachi|65/100|[from] Stealth Rock
|turn|21
|
|t:|1747135333
|move|p2a: Jirachi|Iron Head|p1a: Kyurem
|-supereffective|p1a: Kyurem
|-damage|p1a: Kyurem|31/100
|move|p1a: Kyurem|Outrage|p2a: Jirachi|[from] lockedmove
|-resisted|p2a: Jirachi
|-damage|p2a: Jirachi|10/100
|-start|p1a: Kyurem|confusion|[fatigue]
|
|-weather|RainDance|[upkeep]
|-heal|p2a: Jirachi|16/100|[from] item: Leftovers
|upkeep
|turn|22
|inactive|zerqaq has 120 seconds left.
|
|t:|1747135343
|move|p2a: Jirachi|Iron Head|p1a: Kyurem
|-supereffective|p1a: Kyurem
|-damage|p1a: Kyurem|0 fnt
|faint|p1a: Kyurem
|
|-weather|RainDance|[upkeep]
|-heal|p2a: Jirachi|22/100|[from] item: Leftovers
|upkeep
|
|t:|1747135350
|switch|p1a: Dragonite|Dragonite, M|100/100
|-damage|p1a: Dragonite|76/100|[from] Stealth Rock
|turn|23
|
|t:|1747135355
|move|p2a: Jirachi|Thunder|p1a: Dragonite
|-damage|p1a: Dragonite|43/100
|move|p1a: Dragonite|Dragon Dance|p1a: Dragonite
|-boost|p1a: Dragonite|atk|1
|-boost|p1a: Dragonite|spe|1
|
|-weather|RainDance|[upkeep]
|-heal|p1a: Dragonite|49/100|[from] item: Leftovers
|-heal|p2a: Jirachi|28/100|[from] item: Leftovers
|upkeep
|turn|24
|
|t:|1747135365
|move|p1a: Dragonite|Fire Punch|p2a: Jirachi
|-supereffective|p2a: Jirachi
|-damage|p2a: Jirachi|0 fnt
|faint|p2a: Jirachi
|
|-weather|RainDance|[upkeep]
|-heal|p1a: Dragonite|55/100|[from] item: Leftovers
|upkeep
|
|t:|1747135378
|switch|p2a: Politoed|Politoed, F|52/100
|-damage|p2a: Politoed|40/100|[from] Stealth Rock
|turn|25
|
|t:|1747135386
|move|p2a: Politoed|Protect|p2a: Politoed
|-singleturn|p2a: Politoed|Protect
|move|p1a: Dragonite|Extreme Speed|p2a: Politoed
|-activate|p2a: Politoed|move: Protect
|
|-weather|RainDance|[upkeep]
|-heal|p1a: Dragonite|61/100|[from] item: Leftovers
|-heal|p2a: Politoed|46/100|[from] item: Leftovers
|upkeep
|turn|26
|
|t:|1747135395
|move|p1a: Dragonite|Extreme Speed|p2a: Politoed
|-damage|p2a: Politoed|11/100
|move|p2a: Politoed|Ice Beam|p1a: Dragonite
|-supereffective|p1a: Dragonite
|-damage|p1a: Dragonite|0 fnt
|faint|p1a: Dragonite
|
|-weather|RainDance|[upkeep]
|-heal|p2a: Politoed|17/100|[from] item: Leftovers
|upkeep
|
|t:|1747135398
|switch|p1a: Jirachi|Jirachi|51/100
|-damage|p1a: Jirachi|45/100|[from] Stealth Rock
|-damage|p1a: Jirachi|33/100|[from] Spikes
|turn|27
|
|t:|1747135410
|move|p2a: Politoed|Protect|p2a: Politoed
|-singleturn|p2a: Politoed|Protect
|move|p1a: Jirachi|Healing Wish|p1a: Jirachi
|faint|p1a: Jirachi
|
|-weather|RainDance|[upkeep]
|-heal|p2a: Politoed|23/100|[from] item: Leftovers
|upkeep
|
|t:|1747135412
|switch|p1a: Abomasnow|Abomasnow, M|9/100
|-heal|p1a: Abomasnow|100/100|[from] move: Healing Wish
|-damage|p1a: Abomasnow|76/100|[from] Stealth Rock
|-damage|p1a: Abomasnow|63/100|[from] Spikes
|-weather|Hail|[from] ability: Snow Warning|[of] p1a: Abomasnow
|turn|28
|
|t:|1747135428
|move|p1a: Abomasnow|Hidden Power|p2a: Politoed
|-resisted|p2a: Politoed
|-damage|p2a: Politoed|13/100
|move|p2a: Politoed|Toxic|p1a: Abomasnow
|-status|p1a: Abomasnow|tox
|
|-weather|Hail|[upkeep]
|-damage|p2a: Politoed|7/100|[from] Hail
|-heal|p2a: Politoed|13/100|[from] item: Leftovers
|-damage|p1a: Abomasnow|57/100 tox|[from] psn
|upkeep
|turn|29
|-message|Starforge PCs forfeited.
|
|win|zerqaq
|raw|Starforge PCs's rating: 1331 &rarr; <strong>1312</strong><br />(-19 for losing)
|raw|zerqaq's rating: 1354 &rarr; <strong>1373</strong><br />(+19 for winning)
|l|☆Starforge PCs
|player|p1|
