|j|☆mauserisfat
|j|☆blackkaiser
|player|p1|mauserisfat|155|1333
|player|p2|blackkaiser|1|1569
|teamsize|p1|6
|teamsize|p2|6
|gametype|singles
|gen|5
|tier|[Gen 5] OU
|rated|
|rule|Sleep Clause Mod: Limit one foe put to sleep
|rule|Species Clause: Limit one of each Pokémon
|rule|OHKO Clause: OHKO moves are banned
|rule|Moody Clause: Moody is banned
|rule|Evasion Moves Clause: Evasion moves are banned
|rule|Endless Battle Clause: Forcing endless battles is banned
|rule|HP Percentage Mod: HP is shown in percentages
|rule|Evasion Abilities Clause: Evasion abilities are banned
|rule|Baton Pass Clause: Limit one Baton Passer, can't pass Spe and other stats simultaneously
|rule|Swagger Clause: Swagger is banned
|clearpoke
|poke|p1|Tyranitar, F|item
|poke|p1|Landorus-Therian, M|item
|poke|p1|Heatran, M|item
|poke|p1|Ferrothorn, F|item
|poke|p1|Jellicent, F|item
|poke|p1|Reuniclus, M|item
|poke|p2|Hippowdon, M|item
|poke|p2|Ferrothorn, F|item
|poke|p2|Jellicent, M|item
|poke|p2|Latios, M|item
|poke|p2|Garchomp, M|item
|poke|p2|Scizor, F|item
|teampreview
|inactive|Battle timer is ON: inactive players will automatically lose when time's up. (requested by blackkaiser)
|j| maximiller
|l| maximiller
|
|start
|switch|p1a: what?|Landorus-Therian, M, shiny|100/100
|switch|p2a: Hippowdon|Hippowdon, M|100/100
|-ability|p1a: what?|Intimidate|boost
|-unboost|p2a: Hippowdon|atk|1
|-weather|Sandstorm|[from] ability: Sand Stream|[of] p2a: Hippowdon
|turn|1
|
|move|p1a: what?|Hidden Power|p2a: Hippowdon
|-supereffective|p2a: Hippowdon
|-damage|p2a: Hippowdon|62/100
|move|p2a: Hippowdon|Stealth Rock|p1a: what?
|-sidestart|p1: mauserisfat|move: Stealth Rock
|
|-weather|Sandstorm|[upkeep]
|-heal|p2a: Hippowdon|68/100|[from] item: Leftovers
|upkeep
|turn|2
|
|move|p1a: what?|Stealth Rock|p2a: Hippowdon
|-sidestart|p2: blackkaiser|move: Stealth Rock
|move|p2a: Hippowdon|Slack Off|p2a: Hippowdon
|-heal|p2a: Hippowdon|100/100
|
|-weather|Sandstorm|[upkeep]
|upkeep
|turn|3
|
|move|p1a: what?|U-turn|p2a: Hippowdon
|-damage|p2a: Hippowdon|90/100
|
|switch|p1a: zug zug|Jellicent, F, shiny|100/100|[from]move: U-turn
|-damage|p1a: zug zug|88/100|[from] Stealth Rock
|move|p2a: Hippowdon|Roar|p1a: zug zug
|drag|p1a: panzer man|Heatran, M, shiny|100/100
|-damage|p1a: panzer man|88/100|[from] Stealth Rock
|
|-weather|Sandstorm|[upkeep]
|-heal|p1a: panzer man|94/100|[from] item: Leftovers
|-heal|p2a: Hippowdon|96/100|[from] item: Leftovers
|upkeep
|turn|4
|
|move|p1a: panzer man|Protect|p1a: panzer man
|-singleturn|p1a: panzer man|Protect
|move|p2a: Hippowdon|Roar|p1a: panzer man
|-activate|p1a: panzer man|move: Protect
|
|-weather|Sandstorm|[upkeep]
|-heal|p1a: panzer man|100/100|[from] item: Leftovers
|-heal|p2a: Hippowdon|100/100|[from] item: Leftovers
|upkeep
|turn|5
|
|move|p1a: panzer man|Will-O-Wisp|p2a: Hippowdon
|-status|p2a: Hippowdon|brn
|move|p2a: Hippowdon|Earthquake|p1a: panzer man
|-supereffective|p1a: panzer man
|-damage|p1a: panzer man|59/100
|
|-weather|Sandstorm|[upkeep]
|-heal|p1a: panzer man|65/100|[from] item: Leftovers
|-damage|p2a: Hippowdon|88/100 brn|[from] brn
|upkeep
|turn|6
|
|switch|p2a: Garchomp|Garchomp, M|100/100
|-damage|p2a: Garchomp|94/100|[from] Stealth Rock
|move|p1a: panzer man|Protect||[still]
|-fail|p1a: panzer man
|
|-weather|Sandstorm|[upkeep]
|-heal|p1a: panzer man|71/100|[from] item: Leftovers
|upkeep
|turn|7
|
|move|p2a: Garchomp|Earthquake|p1a: panzer man
|-supereffective|p1a: panzer man
|-damage|p1a: panzer man|0 fnt
|-damage|p2a: Garchomp|85/100|[from] item: Life Orb
|faint|p1a: panzer man
|
|-weather|Sandstorm|[upkeep]
|upkeep
|
|switch|p1a: what?|Landorus-Therian, M, shiny|100/100
|-damage|p1a: what?|88/100|[from] Stealth Rock
|-ability|p1a: what?|Intimidate|boost
|-unboost|p2a: Garchomp|atk|1
|turn|8
|
|switch|p2a: Ferrothorn|Ferrothorn, F|100/100
|-damage|p2a: Ferrothorn|95/100|[from] Stealth Rock
|move|p1a: what?|Hidden Power|p2a: Ferrothorn
|-damage|p2a: Ferrothorn|81/100
|
|-weather|Sandstorm|[upkeep]
|-heal|p1a: what?|94/100|[from] item: Leftovers
|upkeep
|turn|9
|
|switch|p1a: zug zug|Jellicent, F, shiny|88/100
|-damage|p1a: zug zug|76/100|[from] Stealth Rock
|move|p2a: Ferrothorn|Spikes|p1a: zug zug
|-sidestart|p1: mauserisfat|Spikes
|
|-weather|Sandstorm|[upkeep]
|-damage|p1a: zug zug|70/100|[from] Sandstorm
|-heal|p1a: zug zug|76/100|[from] item: Leftovers
|upkeep
|turn|10
|
|move|p1a: zug zug|Taunt|p2a: Ferrothorn
|-start|p2a: Ferrothorn|move: Taunt
|move|p2a: Ferrothorn|Power Whip|p1a: zug zug
|-supereffective|p1a: zug zug
|-damage|p1a: zug zug|11/100
|
|-weather|Sandstorm|[upkeep]
|-damage|p1a: zug zug|5/100|[from] Sandstorm
|-heal|p1a: zug zug|11/100|[from] item: Leftovers
|upkeep
|turn|11
|
|switch|p1a: spike spike|Ferrothorn, F, shiny|100/100
|-damage|p1a: spike spike|94/100|[from] Stealth Rock
|-damage|p1a: spike spike|82/100|[from] Spikes
|move|p2a: Ferrothorn|Power Whip|p1a: spike spike
|-resisted|p1a: spike spike
|-damage|p1a: spike spike|74/100
|-damage|p2a: Ferrothorn|69/100|[from] ability: Iron Barbs|[of] p1a: spike spike
|
|-weather|Sandstorm|[upkeep]
|-heal|p1a: spike spike|80/100|[from] item: Leftovers
|upkeep
|turn|12
|
|switch|p2a: Hippowdon|Hippowdon, M|88/100 brn
|-damage|p2a: Hippowdon|82/100 brn|[from] Stealth Rock
|move|p1a: spike spike|Leech Seed|p2a: Hippowdon
|-start|p2a: Hippowdon|move: Leech Seed
|
|-weather|Sandstorm|[upkeep]
|-heal|p2a: Hippowdon|88/100 brn|[from] item: Leftovers
|-heal|p1a: spike spike|87/100|[from] item: Leftovers
|-damage|p2a: Hippowdon|76/100 brn|[from] Leech Seed|[of] p1a: spike spike
|-heal|p1a: spike spike|100/100|[silent]
|-damage|p2a: Hippowdon|63/100 brn|[from] brn
|upkeep
|turn|13
|
|switch|p2a: Ferrothorn|Ferrothorn, F|69/100
|-damage|p2a: Ferrothorn|63/100|[from] Stealth Rock
|move|p1a: spike spike|Spikes|p2a: Ferrothorn
|-sidestart|p2: blackkaiser|Spikes
|
|-weather|Sandstorm|[upkeep]
|upkeep
|turn|14
|
|move|p2a: Ferrothorn|Spikes|p1a: spike spike
|-sidestart|p1: mauserisfat|Spikes
|move|p1a: spike spike|Spikes|p2a: Ferrothorn
|-sidestart|p2: blackkaiser|Spikes
|
|-weather|Sandstorm|[upkeep]
|upkeep
|turn|15
|
|move|p2a: Ferrothorn|Thunder Wave|p1a: spike spike
|-status|p1a: spike spike|par
|move|p1a: spike spike|Spikes|p2a: Ferrothorn
|-sidestart|p2: blackkaiser|Spikes
|
|-weather|Sandstorm|[upkeep]
|upkeep
|turn|16
|
|switch|p1a: zug zug|Jellicent, F, shiny|11/100
|-damage|p1a: zug zug|0 fnt|[from] Stealth Rock
|faint|p1a: zug zug
|move|p2a: Ferrothorn|Spikes|p1: zug zug
|-sidestart|p1: mauserisfat|Spikes
|
|-weather|Sandstorm|[upkeep]
|upkeep
|
|switch|p1a: whakarongomai|Reuniclus, M, shiny|100/100
|turn|17
|
|switch|p2a: Latios|Latios, M, shiny|100/100
|-damage|p2a: Latios|88/100|[from] Stealth Rock
|move|p1a: whakarongomai|Focus Blast|p2a: Latios|[miss]
|-miss|p1a: whakarongomai|p2a: Latios
|
|-weather|Sandstorm|[upkeep]
|-damage|p2a: Latios|82/100|[from] Sandstorm
|upkeep
|turn|18
|
|move|p2a: Latios|Trick|p1a: whakarongomai
|-activate|p2a: Latios|move: Trick|[of] p1a: whakarongomai
|-item|p1a: whakarongomai|Choice Specs|[from] move: Trick
|-item|p2a: Latios|Leftovers|[from] move: Trick
|move|p1a: whakarongomai|Calm Mind|p1a: whakarongomai
|-boost|p1a: whakarongomai|spa|1
|-boost|p1a: whakarongomai|spd|1
|
|-weather|Sandstorm|[upkeep]
|-damage|p2a: Latios|76/100|[from] Sandstorm
|-heal|p2a: Latios|82/100|[from] item: Leftovers
|upkeep
|turn|19
|
|switch|p1a: spike spike|Ferrothorn, F, shiny|100/100 par
|-damage|p1a: spike spike|94/100 par|[from] Stealth Rock
|-damage|p1a: spike spike|69/100 par|[from] Spikes
|move|p2a: Latios|Surf|p1a: spike spike
|-resisted|p1a: spike spike
|-damage|p1a: spike spike|59/100 par
|
|-weather|Sandstorm|[upkeep]
|-damage|p2a: Latios|76/100|[from] Sandstorm
|-heal|p2a: Latios|82/100|[from] item: Leftovers
|-heal|p1a: spike spike|65/100 par|[from] item: Leftovers
|upkeep
|turn|20
|
|switch|p2a: Garchomp|Garchomp, M|85/100
|-damage|p2a: Garchomp|78/100|[from] Stealth Rock
|-damage|p2a: Garchomp|53/100|[from] Spikes
|move|p1a: spike spike|Leech Seed|p2a: Garchomp
|-start|p2a: Garchomp|move: Leech Seed
|
|-weather|Sandstorm|[upkeep]
|-heal|p1a: spike spike|72/100 par|[from] item: Leftovers
|-damage|p2a: Garchomp|41/100|[from] Leech Seed|[of] p1a: spike spike
|-heal|p1a: spike spike|84/100 par|[silent]
|upkeep
|turn|21
|
|cant|p1a: spike spike|par
|move|p2a: Garchomp|Fire Blast|p1a: spike spike
|-supereffective|p1a: spike spike
|-damage|p1a: spike spike|0 fnt
|-damage|p2a: Garchomp|31/100|[from] item: Life Orb
|faint|p1a: spike spike
|
|-weather|Sandstorm|[upkeep]
|upkeep
|
|switch|p1a: whakarongomai|Reuniclus, M, shiny|100/100
|turn|22
|
|switch|p2a: Hippowdon|Hippowdon, M|63/100 brn
|-damage|p2a: Hippowdon|38/100 brn|[from] Spikes
|-damage|p2a: Hippowdon|32/100 brn|[from] Stealth Rock
|move|p1a: whakarongomai|Psyshock|p2a: Hippowdon
|-damage|p2a: Hippowdon|8/100 brn
|
|-weather|Sandstorm|[upkeep]
|-heal|p2a: Hippowdon|14/100 brn|[from] item: Leftovers
|-damage|p2a: Hippowdon|1/100 brn|[from] brn
|upkeep
|turn|23
|
|move|p2a: Hippowdon|Slack Off|p2a: Hippowdon
|-heal|p2a: Hippowdon|52/100 brn
|move|p1a: whakarongomai|Psyshock|p2a: Hippowdon
|-damage|p2a: Hippowdon|24/100 brn
|
|-weather|Sandstorm|[upkeep]
|-heal|p2a: Hippowdon|31/100 brn|[from] item: Leftovers
|-damage|p2a: Hippowdon|18/100 brn|[from] brn
|upkeep
|turn|24
|
|move|p2a: Hippowdon|Slack Off|p2a: Hippowdon
|-heal|p2a: Hippowdon|68/100 brn
|move|p1a: whakarongomai|Psyshock|p2a: Hippowdon
|-damage|p2a: Hippowdon|43/100 brn
|
|-weather|Sandstorm|[upkeep]
|-heal|p2a: Hippowdon|49/100 brn|[from] item: Leftovers
|-damage|p2a: Hippowdon|37/100 brn|[from] brn
|upkeep
|turn|25
|
|move|p2a: Hippowdon|Slack Off|p2a: Hippowdon
|-heal|p2a: Hippowdon|87/100 brn
|move|p1a: whakarongomai|Psyshock|p2a: Hippowdon
|-damage|p2a: Hippowdon|61/100 brn
|
|-weather|Sandstorm|[upkeep]
|-heal|p2a: Hippowdon|68/100 brn|[from] item: Leftovers
|-damage|p2a: Hippowdon|55/100 brn|[from] brn
|upkeep
|turn|26
|
|move|p2a: Hippowdon|Slack Off|p2a: Hippowdon
|-heal|p2a: Hippowdon|100/100 brn
|move|p1a: whakarongomai|Psyshock|p2a: Hippowdon
|-damage|p2a: Hippowdon|74/100 brn
|
|-weather|Sandstorm|[upkeep]
|-heal|p2a: Hippowdon|80/100 brn|[from] item: Leftovers
|-damage|p2a: Hippowdon|68/100 brn|[from] brn
|upkeep
|turn|27
|
|move|p1a: whakarongomai|Psyshock|p2a: Hippowdon
|-damage|p2a: Hippowdon|43/100 brn
|move|p2a: Hippowdon|Roar|p1a: whakarongomai
|drag|p1a: angerary|Tyranitar, F, shiny|100/100
|-damage|p1a: angerary|88/100|[from] Stealth Rock
|-damage|p1a: angerary|63/100|[from] Spikes
|
|-weather|Sandstorm|[upkeep]
|-heal|p2a: Hippowdon|49/100 brn|[from] item: Leftovers
|-damage|p2a: Hippowdon|37/100 brn|[from] brn
|upkeep
|turn|28
|
|move|p1a: angerary|Crunch|p2a: Hippowdon
|-crit|p2a: Hippowdon
|-damage|p2a: Hippowdon|0 fnt
|faint|p2a: Hippowdon
|
|-weather|Sandstorm|[upkeep]
|upkeep
|
|switch|p2a: Ferrothorn|Ferrothorn, F|63/100
|-damage|p2a: Ferrothorn|57/100|[from] Stealth Rock
|-damage|p2a: Ferrothorn|32/100|[from] Spikes
|turn|29
|
|switch|p1a: whakarongomai|Reuniclus, M, shiny|100/100
|move|p2a: Ferrothorn|Leech Seed|p1a: whakarongomai
|-start|p1a: whakarongomai|move: Leech Seed
|
|-weather|Sandstorm|[upkeep]
|upkeep
|turn|30
|
|move|p1a: whakarongomai|Psyshock|p2a: Ferrothorn
|-resisted|p2a: Ferrothorn
|-damage|p2a: Ferrothorn|17/100
|move|p2a: Ferrothorn|Thunder Wave|p1a: whakarongomai
|-status|p1a: whakarongomai|par
|
|-weather|Sandstorm|[upkeep]
|upkeep
|turn|31
|
|move|p2a: Ferrothorn|Power Whip|p1a: whakarongomai
|-damage|p1a: whakarongomai|70/100 par
|cant|p1a: whakarongomai|par
|
|-weather|Sandstorm|[upkeep]
|upkeep
|turn|32
|
|move|p2a: Ferrothorn|Power Whip|p1a: whakarongomai
|-damage|p1a: whakarongomai|40/100 par
|cant|p1a: whakarongomai|par
|
|-weather|Sandstorm|[upkeep]
|upkeep
|turn|33
|
|move|p2a: Ferrothorn|Power Whip|p1a: whakarongomai|[miss]
|-miss|p2a: Ferrothorn|p1a: whakarongomai
|cant|p1a: whakarongomai|par
|
|-weather|Sandstorm|[upkeep]
|upkeep
|turn|34
|
|move|p2a: Ferrothorn|Power Whip|p1a: whakarongomai
|-damage|p1a: whakarongomai|12/100 par
|move|p1a: whakarongomai|Psyshock|p2a: Ferrothorn
|-resisted|p2a: Ferrothorn
|-damage|p2a: Ferrothorn|1/100
|
|-weather|Sandstorm|[upkeep]
|upkeep
|turn|35
|
|move|p2a: Ferrothorn|Power Whip|p1a: whakarongomai
|-damage|p1a: whakarongomai|0 fnt
|faint|p1a: whakarongomai
|
|-weather|Sandstorm|[upkeep]
|upkeep
|
|switch|p1a: what?|Landorus-Therian, M, shiny|94/100
|-damage|p1a: what?|82/100|[from] Stealth Rock
|-ability|p1a: what?|Intimidate|boost
|-unboost|p2a: Ferrothorn|atk|1
|turn|36
|
|move|p1a: what?|Hidden Power|p2a: Ferrothorn
|-damage|p2a: Ferrothorn|0 fnt
|faint|p2a: Ferrothorn
|
|-weather|Sandstorm|[upkeep]
|-heal|p1a: what?|88/100|[from] item: Leftovers
|upkeep
|
|switch|p2a: Latios|Latios, M, shiny|82/100
|-damage|p2a: Latios|70/100|[from] Stealth Rock
|turn|37
|
|move|p2a: Latios|Surf|p1a: what?
|-supereffective|p1a: what?
|-damage|p1a: what?|21/100
|move|p1a: what?|U-turn|p2a: Latios
|-supereffective|p2a: Latios
|-damage|p2a: Latios|11/100
|
|switch|p1a: angerary|Tyranitar, F, shiny|63/100|[from]move: U-turn
|-damage|p1a: angerary|51/100|[from] Stealth Rock
|-damage|p1a: angerary|26/100|[from] Spikes
|
|-weather|Sandstorm|[upkeep]
|-damage|p2a: Latios|5/100|[from] Sandstorm
|-heal|p2a: Latios|11/100|[from] item: Leftovers
|upkeep
|turn|38
|
|move|p1a: angerary|Crunch|p2a: Latios
|-supereffective|p2a: Latios
|-damage|p2a: Latios|0 fnt
|faint|p2a: Latios
|
|-weather|Sandstorm|[upkeep]
|upkeep
|
|switch|p2a: Scizor|Scizor, F|100/100
|-damage|p2a: Scizor|76/100|[from] Spikes
|-damage|p2a: Scizor|63/100|[from] Stealth Rock
|turn|39
|
|move|p2a: Scizor|Bullet Punch|p1a: angerary
|-supereffective|p1a: angerary
|-damage|p1a: angerary|0 fnt
|faint|p1a: angerary
|
|-weather|Sandstorm|[upkeep]
|upkeep
|
|switch|p1a: what?|Landorus-Therian, M, shiny|21/100
|-damage|p1a: what?|9/100|[from] Stealth Rock
|-ability|p1a: what?|Intimidate|boost
|-unboost|p2a: Scizor|atk|1
|turn|40
|
|move|p2a: Scizor|Bullet Punch|p1a: what?
|-damage|p1a: what?|0 fnt
|faint|p1a: what?
|
|win|blackkaiser
|raw|mauserisfat's rating: 1333 &rarr; <strong>1325</strong><br />(-8 for losing)
|raw|blackkaiser's rating: 1570 &rarr; <strong>1578</strong><br />(+8 for winning)
