|j|☆Bellosom22
|j|☆HydreigonSpammer
|t:|1735966467
|gametype|singles
|player|p1|Bellosom22|youngster-gen4dp|1330
|player|p2|HydreigonSpammer|iris|1363
|teamsize|p1|6
|teamsize|p2|6
|gen|5
|tier|[Gen 5] OU
|rated|
|rule|Species Clause: Limit one of each Pokémon
|rule|OHKO Clause: OHKO moves are banned
|rule|Moody Clause: Moody is banned
|rule|Evasion Items Clause: Evasion items are banned
|rule|Evasion Moves Clause: Evasion moves are banned
|rule|Endless Battle Clause: Forcing endless battles is banned
|rule|HP Percentage Mod: HP is shown in percentages
|rule|Evasion Abilities Clause: Evasion abilities are banned
|rule|Sleep Moves Clause: Sleep-inducing moves are banned
|rule|Swagger Clause: Swagger is banned
|rule|Baton Pass Stat Clause: No Baton Passer may have a way to boost its stats
|clearpoke
|poke|p1|Garchomp, M|item
|poke|p1|Scizor, M|item
|poke|p1|Dragonite, M|item
|poke|p1|Volcarona, M|item
|poke|p1|Starmie|item
|poke|p1|Breloom, F|item
|poke|p2|Tyranitar, M|item
|poke|p2|Starmie|item
|poke|p2|Landorus-Therian, M|item
|poke|p2|Keldeo|item
|poke|p2|Latios, M|item
|poke|p2|Terrakion|item
|teampreview
|
|t:|1735966486
|start
|switch|p1a: Garchomp|Garchomp, M|100/100
|switch|p2a: Terrakion|Terrakion|100/100
|turn|1
|
|t:|1735966495
|move|p2a: Terrakion|Close Combat|p1a: Garchomp
|-crit|p1a: Garchomp
|-enditem|p1a: Garchomp|Focus Sash
|-damage|p1a: Garchomp|1/100
|-unboost|p2a: Terrakion|def|1
|-unboost|p2a: Terrakion|spd|1
|-damage|p2a: Terrakion|88/100|[from] ability: Rough Skin|[of] p1a: Garchomp
|move|p1a: Garchomp|Stealth Rock|p2a: Terrakion
|-sidestart|p2: HydreigonSpammer|move: Stealth Rock
|
|upkeep
|turn|2
|
|t:|1735966505
|move|p2a: Terrakion|Close Combat|p1a: Garchomp
|-damage|p1a: Garchomp|0 fnt
|-unboost|p2a: Terrakion|def|1
|-unboost|p2a: Terrakion|spd|1
|-damage|p2a: Terrakion|76/100|[from] ability: Rough Skin|[of] p1a: Garchomp
|faint|p1a: Garchomp
|
|upkeep
|
|t:|1735966525
|switch|p1a: Starmie|Starmie|100/100
|turn|3
|
|t:|1735966548
|move|p1a: Starmie|Surf|p2a: Terrakion
|-supereffective|p2a: Terrakion
|-damage|p2a: Terrakion|0 fnt
|faint|p2a: Terrakion
|-damage|p1a: Starmie|91/100|[from] item: Life Orb
|
|upkeep
|
|t:|1735966554
|switch|p2a: Tyranitar|Tyranitar, M|100/100
|-damage|p2a: Tyranitar|88/100|[from] Stealth Rock
|-weather|Sandstorm|[from] ability: Sand Stream|[of] p2a: Tyranitar
|turn|4
|
|t:|1735966564
|move|p1a: Starmie|Surf|p2a: Tyranitar
|-supereffective|p2a: Tyranitar
|-damage|p2a: Tyranitar|36/100
|-damage|p1a: Starmie|81/100|[from] item: Life Orb
|move|p2a: Tyranitar|Pursuit|p1a: Starmie
|-supereffective|p1a: Starmie
|-damage|p1a: Starmie|20/100
|
|-weather|Sandstorm|[upkeep]
|-damage|p1a: Starmie|14/100|[from] Sandstorm
|upkeep
|turn|5
|
|t:|1735966574
|move|p1a: Starmie|Surf|p2a: Tyranitar
|-supereffective|p2a: Tyranitar
|-damage|p2a: Tyranitar|0 fnt
|faint|p2a: Tyranitar
|-damage|p1a: Starmie|4/100|[from] item: Life Orb
|
|-weather|Sandstorm|[upkeep]
|-damage|p1a: Starmie|0 fnt|[from] Sandstorm
|faint|p1a: Starmie
|upkeep
|
|t:|1735966599
|switch|p1a: Breloom|Breloom, F|100/100
|switch|p2a: Keldeo|Keldeo|100/100
|-damage|p2a: Keldeo|94/100|[from] Stealth Rock
|turn|6
|
|t:|1735966620
|move|p2a: Keldeo|Scald|p1a: Breloom
|-resisted|p1a: Breloom
|-damage|p1a: Breloom|43/100
|-status|p1a: Breloom|brn
|move|p1a: Breloom|Bullet Seed|p2a: Keldeo
|-supereffective|p2a: Keldeo
|-damage|p2a: Keldeo|72/100
|-supereffective|p2a: Keldeo
|-damage|p2a: Keldeo|45/100
|-hitcount|p2a: Keldeo|2
|
|-weather|Sandstorm|[upkeep]
|-damage|p2a: Keldeo|39/100|[from] Sandstorm
|-damage|p1a: Breloom|37/100 brn|[from] Sandstorm
|-damage|p1a: Breloom|24/100 brn|[from] brn
|upkeep
|turn|7
|
|t:|1735966632
|move|p1a: Breloom|Mach Punch|p2a: Keldeo
|-damage|p2a: Keldeo|19/100
|move|p2a: Keldeo|Scald|p1a: Breloom
|-resisted|p1a: Breloom
|-damage|p1a: Breloom|0 fnt
|faint|p1a: Breloom
|
|-weather|Sandstorm|[upkeep]
|-damage|p2a: Keldeo|13/100|[from] Sandstorm
|upkeep
|
|t:|1735966647
|switch|p1a: Scizor|Scizor, M|100/100
|turn|8
|
|t:|1735966651
|move|p2a: Keldeo|Scald|p1a: Scizor
|-damage|p1a: Scizor|24/100
|move|p1a: Scizor|U-turn|p2a: Keldeo
|-resisted|p2a: Keldeo
|-damage|p2a: Keldeo|0 fnt
|faint|p2a: Keldeo
|
|t:|1735966665
|switch|p1a: Dragonite|Dragonite, M|100/100|[from] U-turn
|
|-weather|Sandstorm|[upkeep]
|-damage|p1a: Dragonite|94/100|[from] Sandstorm
|upkeep
|
|t:|1735966677
|switch|p2a: Landorus|Landorus-Therian, M|100/100
|-damage|p2a: Landorus|88/100|[from] Stealth Rock
|-ability|p2a: Landorus|Intimidate|boost
|-unboost|p1a: Dragonite|atk|1
|turn|9
|
|t:|1735966689
|move|p2a: Landorus|Stealth Rock|p1a: Dragonite
|-sidestart|p1: Bellosom22|move: Stealth Rock
|move|p1a: Dragonite|Dragon Dance|p1a: Dragonite
|-boost|p1a: Dragonite|atk|1
|-boost|p1a: Dragonite|spe|1
|
|-weather|Sandstorm|[upkeep]
|-damage|p1a: Dragonite|88/100|[from] Sandstorm
|-heal|p2a: Landorus|94/100|[from] item: Leftovers
|upkeep
|turn|10
|
|t:|1735966697
|move|p1a: Dragonite|Outrage|p2a: Landorus
|-damage|p2a: Landorus|16/100
|move|p2a: Landorus|Hidden Power|p1a: Dragonite
|-supereffective|p1a: Dragonite
|-damage|p1a: Dragonite|2/100
|
|-weather|Sandstorm|[upkeep]
|-damage|p1a: Dragonite|0 fnt|[from] Sandstorm
|faint|p1a: Dragonite
|-heal|p2a: Landorus|22/100|[from] item: Leftovers
|upkeep
|
|t:|1735966729
|switch|p1a: Volcarona|Volcarona, M|100/100
|-damage|p1a: Volcarona|50/100|[from] Stealth Rock
|turn|11
|
|t:|1735966737
|move|p1a: Volcarona|Quiver Dance|p1a: Volcarona
|-boost|p1a: Volcarona|spa|1
|-boost|p1a: Volcarona|spd|1
|-boost|p1a: Volcarona|spe|1
|move|p2a: Landorus|Earthquake|p1a: Volcarona
|-damage|p1a: Volcarona|0 fnt
|faint|p1a: Volcarona
|
|-weather|Sandstorm|[upkeep]
|-heal|p2a: Landorus|28/100|[from] item: Leftovers
|upkeep
|-message|Bellosom22 forfeited.
|
|win|HydreigonSpammer
|raw|Bellosom22's rating: 1330 &rarr; <strong>1312</strong><br />(-18 for losing)
|raw|HydreigonSpammer's rating: 1363 &rarr; <strong>1381</strong><br />(+18 for winning)
|l|☆Bellosom22
|player|p1|
