|join|slowking the lord
|join|Mustounet
|player|p1|slowking the lord|249
|player|p2|Mustounet|27
|gametype|singles
|gen|5
|tier|[Gen 5] OU
|rated
|rule|Evasion Abilities Clause: Evasion abilities are banned
|clearpoke
|poke|p1|Landorus-Therian, M
|poke|p1|Ferrothorn, M
|poke|p1|Terrakion
|poke|p1|Slowking, M
|poke|p1|Tyranitar, F
|poke|p1|Jirachi
|poke|p2|Abomasnow, M
|poke|p2|Tentacruel, F
|poke|p2|Heatran, M
|poke|p2|Kyurem
|poke|p2|Scizor, M, shiny
|poke|p2|Gliscor, F
|rule|Sleep Clause Mod: Limit one foe put to sleep
|rule|Species Clause: Limit one of each Pokémon
|rule|OHKO Clause: OHKO moves are banned
|rule|Moody Clause: Moody is banned
|rule|Evasion Moves Clause: Evasion moves are banned
|rule|Endless Battle Clause: Forcing endless battles is banned
|rule|HP Percentage Mod: HP is shown in percentages
|teampreview
|
|start
|switch|p1a: Terrakion|Terrakion|323/323
|switch|p2a: Green|Scizor, M, shiny|281/281
|turn|1
|
|move|p1a: Terrakion|Stone Edge|p2a: Green
|-crit|p2a: Green
|-damage|p2a: Green|0 fnt
|-damage|p1a: Terrakion|291/323|[from] item: Life Orb
|faint|p2a: Green
|
|c|★Mustounet|Lel
|c|★Mustounet|.sad
|
|switch|p2a: Skwere FTW|Kyurem|391/391
|-ability|p2a: Skwere FTW|Pressure
|turn|2
|
|switch|p1a: Slowking|Slowking, M|394/394
|move|p2a: Skwere FTW|Focus Blast|p1a: Slowking
|-resisted|p1a: Slowking
|-damage|p1a: Slowking|317/394
|
|-heal|p1a: Slowking|341/394|[from] item: Leftovers
|turn|3
|
|switch|p2a: The Anthem|Tentacruel, F|364/364
|move|p1a: Slowking|Surf|p2a: The Anthem
|-resisted|p2a: The Anthem
|-damage|p2a: The Anthem|301/364
|
|-heal|p2a: The Anthem|323/364|[from] item: Black Sludge
|-heal|p1a: Slowking|365/394|[from] item: Leftovers
|turn|4
|
|move|p2a: The Anthem|Toxic Spikes|p1a: Slowking
|-sidestart|p1: slowking the lord|move: Toxic Spikes
|move|p1a: Slowking|Psyshock|p2a: The Anthem
|-supereffective|p2a: The Anthem
|-damage|p2a: The Anthem|65/364
|
|-heal|p2a: The Anthem|87/364|[from] item: Black Sludge
|-heal|p1a: Slowking|389/394|[from] item: Leftovers
|turn|5
|
|switch|p2a: OMFG1HAIL|Abomasnow, M|384/384
|-weather|Hail|[from] ability: Snow Warning|[of] p2a: OMFG1HAIL
|move|p1a: Slowking|Psyshock|p2a: OMFG1HAIL
|-damage|p2a: OMFG1HAIL|206/384
|
|-weather|Hail|[upkeep]
|-damage|p1a: Slowking|365/394|[from] hail
|-heal|p2a: OMFG1HAIL|230/384|[from] item: Leftovers
|-heal|p1a: Slowking|389/394|[from] item: Leftovers
|turn|6
|
|switch|p1a: Ferrothorn|Ferrothorn, M|352/352
|move|p2a: OMFG1HAIL|Seed Bomb|p1a: Ferrothorn
|-resisted|p1a: Ferrothorn
|-damage|p1a: Ferrothorn|330/352
|
|-weather|Hail|[upkeep]
|-damage|p1a: Ferrothorn|308/352|[from] hail
|-heal|p2a: OMFG1HAIL|254/384|[from] item: Leftovers
|-heal|p1a: Ferrothorn|330/352|[from] item: Leftovers
|turn|7
|
|switch|p2a: Forblaze|Heatran, M|386/386
|-item|p2a: Forblaze|Air Balloon
|switch|p1a: Landorus-Therian|Landorus-Therian, M|381/381
|-ability|p1a: Landorus-Therian|Intimidate|[of] p2a: Forblaze
|-unboost|p2a: Forblaze|atk|1
|
|-weather|Hail|[upkeep]
|-damage|p2a: Forblaze|362/386|[from] hail
|-damage|p1a: Landorus-Therian|358/381|[from] hail
|-heal|p1a: Landorus-Therian|381/381|[from] item: Leftovers
|turn|8
|
|move|p2a: Forblaze|Stealth Rock|p1a: Landorus-Therian
|-sidestart|p1: slowking the lord|move: Stealth Rock
|move|p1a: Landorus-Therian|U-turn|p2a: Forblaze
|-resisted|p2a: Forblaze
|-damage|p2a: Forblaze|344/386
|-enditem|p2a: Forblaze|Air Balloon
|
|switch|p1a: Terrakion|Terrakion|291/323
|-status|p1a: Terrakion|psn
|-damage|p1a: Terrakion|271/323 psn|[from] Stealth Rock
|
|-weather|Hail|[upkeep]
|-damage|p1a: Terrakion|251/323 psn|[from] hail
|-damage|p2a: Forblaze|320/386|[from] hail
|-damage|p1a: Terrakion|211/323 psn|[from] psn
|turn|9
|
|switch|p1a: Landorus-Therian|Landorus-Therian, M|381/381
|-damage|p1a: Landorus-Therian|334/381|[from] Stealth Rock
|-ability|p1a: Landorus-Therian|Intimidate|[of] p2a: Forblaze
|-unboost|p2a: Forblaze|atk|1
|switch|p2a: The Anthem|Tentacruel, F|87/364
|
|-weather|Hail|[upkeep]
|-damage|p1a: Landorus-Therian|311/381|[from] hail
|-damage|p2a: The Anthem|65/364|[from] hail
|-heal|p1a: Landorus-Therian|334/381|[from] item: Leftovers
|-heal|p2a: The Anthem|87/364|[from] item: Black Sludge
|turn|10
|
|move|p1a: Landorus-Therian|Earthquake|p2a: The Anthem
|-supereffective|p2a: The Anthem
|-damage|p2a: The Anthem|0 fnt
|faint|p2a: The Anthem
|
|-weather|Hail|[upkeep]
|-damage|p1a: Landorus-Therian|311/381|[from] hail
|-heal|p1a: Landorus-Therian|334/381|[from] item: Leftovers
|
|switch|p2a: Skwere FTW|Kyurem|391/391
|-ability|p2a: Skwere FTW|Pressure
|turn|11
|
|switch|p1a: Ferrothorn|Ferrothorn, M|330/352
|-damage|p1a: Ferrothorn|308/352|[from] Stealth Rock
|move|p2a: Skwere FTW|Focus Blast|p1a: Ferrothorn
|-supereffective|p1a: Ferrothorn
|-damage|p1a: Ferrothorn|84/352
|
|-weather|Hail|[upkeep]
|-damage|p1a: Ferrothorn|62/352|[from] hail
|-heal|p1a: Ferrothorn|84/352|[from] item: Leftovers
|turn|12
|
|switch|p2a: OMFG1HAIL|Abomasnow, M|254/384
|move|p1a: Ferrothorn|Protect|p1a: Ferrothorn
|-fail|p1a: Ferrothorn
|
|-weather|Hail|[upkeep]
|-damage|p1a: Ferrothorn|62/352|[from] hail
|-heal|p2a: OMFG1HAIL|278/384|[from] item: Leftovers
|-heal|p1a: Ferrothorn|84/352|[from] item: Leftovers
|turn|13
|
|move|p2a: OMFG1HAIL|Ice Shard|p1a: Ferrothorn
|-damage|p1a: Ferrothorn|39/352
|move|p1a: Ferrothorn|Spikes|p2a: OMFG1HAIL
|-sidestart|p2: Mustounet|Spikes
|
|-weather|Hail|[upkeep]
|-damage|p1a: Ferrothorn|17/352|[from] hail
|-heal|p2a: OMFG1HAIL|302/384|[from] item: Leftovers
|-heal|p1a: Ferrothorn|39/352|[from] item: Leftovers
|turn|14
|
|move|p2a: OMFG1HAIL|Ice Shard|p1a: Ferrothorn
|-damage|p1a: Ferrothorn|0 fnt
|faint|p1a: Ferrothorn
|
|-weather|Hail|[upkeep]
|-heal|p2a: OMFG1HAIL|326/384|[from] item: Leftovers
|
|switch|p1a: Tyranitar|Tyranitar, F|342/342
|-status|p1a: Tyranitar|psn
|-damage|p1a: Tyranitar|300/342 psn|[from] Stealth Rock
|-weather|Sandstorm|[from] ability: Sand Stream|[of] p1a: Tyranitar
|turn|15
|
|switch|p1a: Landorus-Therian|Landorus-Therian, M|334/381
|-damage|p1a: Landorus-Therian|287/381|[from] Stealth Rock
|-ability|p1a: Landorus-Therian|Intimidate|[of] p2a: OMFG1HAIL
|-unboost|p2a: OMFG1HAIL|atk|1
|switch|p2a: Love Drugs|Gliscor, F|354/354
|
|-weather|Sandstorm|[upkeep]
|-heal|p1a: Landorus-Therian|310/381|[from] item: Leftovers
|-status|p2a: Love Drugs|tox|[from] item: Toxic Orb
|turn|16
|
|move|p1a: Landorus-Therian|Hidden Power|p2a: Love Drugs
|-supereffective|p2a: Love Drugs
|-damage|p2a: Love Drugs|74/354 tox
|move|p2a: Love Drugs|Ice Fang|p1a: Landorus-Therian
|-supereffective|p1a: Landorus-Therian
|-damage|p1a: Landorus-Therian|138/381
|
|-weather|Sandstorm|[upkeep]
|-heal|p1a: Landorus-Therian|161/381|[from] item: Leftovers
|-heal|p2a: Love Drugs|118/354 tox|[from] ability: Poison Heal
|turn|17
|
|move|p2a: Love Drugs|Protect|p2a: Love Drugs
|-singleturn|p2a: Love Drugs|Protect
|move|p1a: Landorus-Therian|Stealth Rock|p2a: Love Drugs
|-sidestart|p2: Mustounet|move: Stealth Rock
|
|-weather|Sandstorm|[upkeep]
|-heal|p1a: Landorus-Therian|184/381|[from] item: Leftovers
|-heal|p2a: Love Drugs|162/354 tox|[from] ability: Poison Heal
|turn|18
|
|switch|p2a: Forblaze|Heatran, M|320/386
|-damage|p2a: Forblaze|272/386|[from] Stealth Rock
|-damage|p2a: Forblaze|224/386|[from] Spikes
|move|p1a: Landorus-Therian|Hidden Power|p2a: Forblaze
|-resisted|p2a: Forblaze
|-damage|p2a: Forblaze|210/386
|
|-weather|Sandstorm|[upkeep]
|-heal|p1a: Landorus-Therian|207/381|[from] item: Leftovers
|turn|19
|
|switch|p1a: Slowking|Slowking, M|394/394
|-damage|p1a: Slowking|345/394|[from] Stealth Rock
|-status|p1a: Slowking|psn
|move|p2a: Forblaze|Fire Blast|p1a: Slowking
|-resisted|p1a: Slowking
|-damage|p1a: Slowking|267/394 psn
|
|-weather|Sandstorm|[upkeep]
|-damage|p1a: Slowking|243/394 psn|[from] sandstorm
|-heal|p1a: Slowking|267/394 psn|[from] item: Leftovers
|-damage|p1a: Slowking|218/394 psn|[from] psn
|turn|20
|
|switch|p2a: OMFG1HAIL|Abomasnow, M|326/384
|-damage|p2a: OMFG1HAIL|230/384|[from] Stealth Rock
|-damage|p2a: OMFG1HAIL|182/384|[from] Spikes
|-weather|Hail|[from] ability: Snow Warning|[of] p2a: OMFG1HAIL
|move|p1a: Slowking|Surf|p2a: OMFG1HAIL
|-resisted|p2a: OMFG1HAIL
|-damage|p2a: OMFG1HAIL|101/384
|
|-weather|Hail|[upkeep]
|-damage|p1a: Slowking|194/394 psn|[from] hail
|-heal|p2a: OMFG1HAIL|125/384|[from] item: Leftovers
|-heal|p1a: Slowking|218/394 psn|[from] item: Leftovers
|-damage|p1a: Slowking|169/394 psn|[from] psn
|turn|21
|
|switch|p1a: Jirachi|Jirachi|404/404
|-damage|p1a: Jirachi|379/404|[from] Stealth Rock
|move|p2a: OMFG1HAIL|Leech Seed|p1a: Jirachi
|-start|p1a: Jirachi|move: Leech Seed
|
|-weather|Hail|[upkeep]
|-damage|p1a: Jirachi|354/404|[from] hail
|-heal|p1a: Jirachi|379/404|[from] item: Leftovers
|-heal|p2a: OMFG1HAIL|149/384|[from] item: Leftovers
|-damage|p1a: Jirachi|329/404|[from] Leech Seed|[of] p2a: OMFG1HAIL
|-heal|p2a: OMFG1HAIL|199/384|[silent]
|turn|22
|
|switch|p1a: Tyranitar|Tyranitar, F|300/342 psn
|-damage|p1a: Tyranitar|258/342 psn|[from] Stealth Rock
|-weather|Sandstorm|[from] ability: Sand Stream|[of] p1a: Tyranitar
|move|p2a: OMFG1HAIL|Protect|p2a: OMFG1HAIL
|-fail|p2a: OMFG1HAIL
|
|-weather|Sandstorm|[upkeep]
|-damage|p2a: OMFG1HAIL|175/384|[from] sandstorm
|-heal|p2a: OMFG1HAIL|199/384|[from] item: Leftovers
|-damage|p1a: Tyranitar|216/342 psn|[from] psn
|turn|23
|
|move|p2a: OMFG1HAIL|Protect|p2a: OMFG1HAIL
|-singleturn|p2a: OMFG1HAIL|Protect
|move|p1a: Tyranitar|Stone Edge|p2a: OMFG1HAIL
|-activate|p2a: OMFG1HAIL|Protect
|
|-weather|Sandstorm|[upkeep]
|-damage|p2a: OMFG1HAIL|175/384|[from] sandstorm
|-heal|p2a: OMFG1HAIL|199/384|[from] item: Leftovers
|-damage|p1a: Tyranitar|174/342 psn|[from] psn
|turn|24
|
|move|p1a: Tyranitar|Stone Edge|p2a: OMFG1HAIL|[miss]
|-miss|p1a: Tyranitar|p2a: OMFG1HAIL
|move|p2a: OMFG1HAIL|Leech Seed|p1a: Tyranitar
|-start|p1a: Tyranitar|move: Leech Seed
|
|-weather|Sandstorm|[upkeep]
|-damage|p2a: OMFG1HAIL|175/384|[from] sandstorm
|-heal|p2a: OMFG1HAIL|199/384|[from] item: Leftovers
|-damage|p1a: Tyranitar|132/342 psn|[from] Leech Seed|[of] p2a: OMFG1HAIL
|-heal|p2a: OMFG1HAIL|241/384|[silent]
|-damage|p1a: Tyranitar|90/342 psn|[from] psn
|turn|25
|
|switch|p1a: Terrakion|Terrakion|211/323 psn
|-damage|p1a: Terrakion|191/323 psn|[from] Stealth Rock
|move|p2a: OMFG1HAIL|Leech Seed|p1a: Terrakion
|-start|p1a: Terrakion|move: Leech Seed
|
|-weather|Sandstorm|[upkeep]
|-damage|p2a: OMFG1HAIL|217/384|[from] sandstorm
|-heal|p2a: OMFG1HAIL|241/384|[from] item: Leftovers
|-damage|p1a: Terrakion|151/323 psn|[from] Leech Seed|[of] p2a: OMFG1HAIL
|-heal|p2a: OMFG1HAIL|281/384|[silent]
|-damage|p1a: Terrakion|111/323 psn|[from] psn
|turn|26
|
|move|p2a: OMFG1HAIL|Protect|p2a: OMFG1HAIL
|-singleturn|p2a: OMFG1HAIL|Protect
|move|p1a: Terrakion|Stone Edge|p2a: OMFG1HAIL
|-activate|p2a: OMFG1HAIL|Protect
|
|-weather|Sandstorm|[upkeep]
|-damage|p2a: OMFG1HAIL|257/384|[from] sandstorm
|-heal|p2a: OMFG1HAIL|281/384|[from] item: Leftovers
|-damage|p1a: Terrakion|71/323 psn|[from] Leech Seed|[of] p2a: OMFG1HAIL
|-heal|p2a: OMFG1HAIL|321/384|[silent]
|-damage|p1a: Terrakion|31/323 psn|[from] psn
|turn|27
|
|move|p2a: OMFG1HAIL|Ice Shard|p1a: Terrakion
|-damage|p1a: Terrakion|0 fnt
|faint|p1a: Terrakion
|
|-weather|Sandstorm|[upkeep]
|-damage|p2a: OMFG1HAIL|297/384|[from] sandstorm
|-heal|p2a: OMFG1HAIL|321/384|[from] item: Leftovers
|
|switch|p1a: Jirachi|Jirachi|329/404
|-damage|p1a: Jirachi|304/404|[from] Stealth Rock
|turn|28
|
|switch|p2a: Forblaze|Heatran, M|210/386
|-damage|p2a: Forblaze|162/386|[from] Spikes
|-damage|p2a: Forblaze|114/386|[from] Stealth Rock
|move|p1a: Jirachi|Substitute|p1a: Jirachi
|-start|p1a: Jirachi|Substitute
|-damage|p1a: Jirachi|203/404
|
|-weather|Sandstorm|[upkeep]
|-heal|p1a: Jirachi|228/404|[from] item: Leftovers
|turn|29
|
|move|p1a: Jirachi|Thunderbolt|p2a: Forblaze
|-damage|p2a: Forblaze|39/386
|-status|p2a: Forblaze|par
|move|p2a: Forblaze|Earth Power|p1a: Jirachi
|-supereffective|p1a: Jirachi
|-end|p1a: Jirachi|Substitute
|
|-weather|Sandstorm|[upkeep]
|-heal|p1a: Jirachi|253/404|[from] item: Leftovers
|turn|30
|
|move|p1a: Jirachi|Thunderbolt|p2a: Forblaze
|-damage|p2a: Forblaze|0 fnt
|faint|p2a: Forblaze
|
|-weather|Sandstorm|[upkeep]
|-heal|p1a: Jirachi|278/404|[from] item: Leftovers
|
|switch|p2a: Skwere FTW|Kyurem|391/391
|-damage|p2a: Skwere FTW|343/391|[from] Spikes
|-damage|p2a: Skwere FTW|246/391|[from] Stealth Rock
|-ability|p2a: Skwere FTW|Pressure
|turn|31
|
|switch|p1a: Slowking|Slowking, M|300/394 psn
|-damage|p1a: Slowking|251/394 psn|[from] Stealth Rock
|move|p2a: Skwere FTW|Hidden Power|p1a: Slowking
|-resisted|p1a: Slowking
|-damage|p1a: Slowking|209/394 psn
|
|-weather|Sandstorm|[upkeep]
|-damage|p2a: Skwere FTW|222/391|[from] sandstorm
|-damage|p1a: Slowking|185/394 psn|[from] sandstorm
|-heal|p1a: Slowking|209/394 psn|[from] item: Leftovers
|-damage|p1a: Slowking|160/394 psn|[from] psn
|turn|32
|
|switch|p2a: Love Drugs|Gliscor, F|162/354 tox
|-damage|p2a: Love Drugs|118/354 tox|[from] Stealth Rock
|move|p1a: Slowking|Fire Blast|p2a: Love Drugs|[miss]
|-miss|p1a: Slowking|p2a: Love Drugs
|
|-weather|Sandstorm|[upkeep]
|-damage|p1a: Slowking|136/394 psn|[from] sandstorm
|-heal|p1a: Slowking|160/394 psn|[from] item: Leftovers
|-heal|p2a: Love Drugs|162/354 tox|[from] ability: Poison Heal
|-damage|p1a: Slowking|111/394 psn|[from] psn
|turn|33
|
|move|p2a: Love Drugs|Ice Fang|p1a: Slowking
|-resisted|p1a: Slowking
|-damage|p1a: Slowking|83/394 psn
|move|p1a: Slowking|Surf|p2a: Love Drugs
|-supereffective|p2a: Love Drugs
|-damage|p2a: Love Drugs|0 fnt
|faint|p2a: Love Drugs
|
|-weather|Sandstorm|[upkeep]
|-damage|p1a: Slowking|59/394 psn|[from] sandstorm
|-heal|p1a: Slowking|83/394 psn|[from] item: Leftovers
|-damage|p1a: Slowking|34/394 psn|[from] psn
|
|switch|p2a: OMFG1HAIL|Abomasnow, M|321/384
|-damage|p2a: OMFG1HAIL|273/384|[from] Spikes
|-damage|p2a: OMFG1HAIL|177/384|[from] Stealth Rock
|-weather|Hail|[from] ability: Snow Warning|[of] p2a: OMFG1HAIL
|turn|34
|
|move|p2a: OMFG1HAIL|Seed Bomb|p1a: Slowking
|-supereffective|p1a: Slowking
|-damage|p1a: Slowking|0 fnt
|faint|p1a: Slowking
|
|-weather|Hail|[upkeep]
|-heal|p2a: OMFG1HAIL|201/384|[from] item: Leftovers
|
|switch|p1a: Jirachi|Jirachi|278/404
|-damage|p1a: Jirachi|253/404|[from] Stealth Rock
|turn|35
|
|move|p1a: Jirachi|Substitute|p1a: Jirachi
|-start|p1a: Jirachi|Substitute
|-damage|p1a: Jirachi|152/404
|move|p2a: OMFG1HAIL|Seed Bomb|p1a: Jirachi
|-resisted|p1a: Jirachi
|-activate|p1a: Jirachi|Substitute|[damage]
|
|-weather|Hail|[upkeep]
|-damage|p1a: Jirachi|127/404|[from] hail
|-heal|p1a: Jirachi|152/404|[from] item: Leftovers
|-heal|p2a: OMFG1HAIL|225/384|[from] item: Leftovers
|turn|36
|
|move|p2a: OMFG1HAIL|Ice Shard|p1a: Jirachi
|-resisted|p1a: Jirachi
|-activate|p1a: Jirachi|Substitute|[damage]
|move|p1a: Jirachi|Flash Cannon|p2a: OMFG1HAIL
|-supereffective|p2a: OMFG1HAIL
|-damage|p2a: OMFG1HAIL|1/384
|
|-weather|Hail|[upkeep]
|-damage|p1a: Jirachi|127/404|[from] hail
|-heal|p1a: Jirachi|152/404|[from] item: Leftovers
|-heal|p2a: OMFG1HAIL|25/384|[from] item: Leftovers
|turn|37
|
|move|p2a: OMFG1HAIL|Ice Shard|p1a: Jirachi
|-resisted|p1a: Jirachi
|-end|p1a: Jirachi|Substitute
|move|p1a: Jirachi|Flash Cannon|p2a: OMFG1HAIL
|-supereffective|p2a: OMFG1HAIL
|-damage|p2a: OMFG1HAIL|0 fnt
|faint|p2a: OMFG1HAIL
|
|-weather|Hail|[upkeep]
|-damage|p1a: Jirachi|127/404|[from] hail
|-heal|p1a: Jirachi|152/404|[from] item: Leftovers
|
|switch|p2a: Skwere FTW|Kyurem|222/391
|-damage|p2a: Skwere FTW|174/391|[from] Spikes
|-damage|p2a: Skwere FTW|77/391|[from] Stealth Rock
|-ability|p2a: Skwere FTW|Pressure
|turn|38
|
|move|p2a: Skwere FTW|Blizzard|p1a: Jirachi
|-crit|p1a: Jirachi
|-resisted|p1a: Jirachi
|-damage|p1a: Jirachi|0 fnt
|faint|p1a: Jirachi
|
|-weather|Hail|[upkeep]
|
|switch|p1a: Tyranitar|Tyranitar, F|90/342 psn
|-damage|p1a: Tyranitar|48/342 psn|[from] Stealth Rock
|-weather|Sandstorm|[from] ability: Sand Stream|[of] p1a: Tyranitar
|turn|39
|
|move|p2a: Skwere FTW|Blizzard|p1a: Tyranitar
|-miss|p2a: Skwere FTW|p1a: Tyranitar
|move|p1a: Tyranitar|Stone Edge|p2a: Skwere FTW|[miss]
|-miss|p1a: Tyranitar|p2a: Skwere FTW
|
|-weather|Sandstorm|[upkeep]
|-damage|p2a: Skwere FTW|53/391|[from] sandstorm
|-damage|p1a: Tyranitar|6/342 psn|[from] psn
|turn|40
|
|move|p2a: Skwere FTW|Blizzard|p1a: Tyranitar
|-damage|p1a: Tyranitar|0 fnt
|faint|p1a: Tyranitar
|
|-weather|Sandstorm|[upkeep]
|-damage|p2a: Skwere FTW|29/391|[from] sandstorm
|
|switch|p1a: Landorus-Therian|Landorus-Therian, M|207/381
|-damage|p1a: Landorus-Therian|160/381|[from] Stealth Rock
|-ability|p1a: Landorus-Therian|Intimidate|[of] p2a: Skwere FTW
|-unboost|p2a: Skwere FTW|atk|1
|turn|41
|
|move|p2a: Skwere FTW|Blizzard|p1a: Landorus-Therian
|-miss|p2a: Skwere FTW|p1a: Landorus-Therian
|move|p1a: Landorus-Therian|U-turn|p2a: Skwere FTW
|-damage|p2a: Skwere FTW|0 fnt
|faint|p2a: Skwere FTW
|
|win|slowking the lord
|raw|Ladder updating...
|raw|slowking the lord's rating: 1319 &rarr; <strong>1344</strong><br />(+25 for winning)
|raw|Mustounet's rating: 1399 &rarr; <strong>1375</strong><br />(-24 for losing)
|leave|slowking the lord
|player|p1
|leave|Mustounet
|player|p2