|j|☆happy_hitbox
|j|☆seanb143
|t:|1729038795
|gametype|singles
|player|p1|happy_hitbox|101|1411
|player|p2|seanb143|emmet|1482
|teamsize|p1|6
|teamsize|p2|6
|gen|5
|tier|[Gen 5] OU
|rated|
|rule|Species Clause: Limit one of each Pokémon
|rule|OHKO Clause: OHKO moves are banned
|rule|Moody Clause: Moody is banned
|rule|Evasion Items Clause: Evasion items are banned
|rule|Evasion Moves Clause: Evasion moves are banned
|rule|Endless Battle Clause: Forcing endless battles is banned
|rule|HP Percentage Mod: HP is shown in percentages
|rule|Evasion Abilities Clause: Evasion abilities are banned
|rule|Sleep Moves Clause: Sleep-inducing moves are banned
|rule|Swagger Clause: Swagger is banned
|rule|Baton Pass Stat Clause: No Baton Passer may have a way to boost its stats
|clearpoke
|poke|p1|Conkeldurr, M|item
|poke|p1|Scizor, F|item
|poke|p1|Celebi|item
|poke|p1|Politoed, F|item
|poke|p1|Donphan, F|item
|poke|p1|Jolteon, M|item
|poke|p2|Heatran, M|item
|poke|p2|Jellicent, F|item
|poke|p2|Forretress, M|item
|poke|p2|Tyranitar, F|item
|poke|p2|Breloom, M|item
|poke|p2|Landorus-Therian, M|item
|teampreview
|inactive|Battle timer is ON: inactive players will automatically lose when time's up. (requested by seanb143)
|
|t:|1729038818
|start
|switch|p1a: Conkeldurr|Conkeldurr, M|100/100
|switch|p2a: Jellicent|Jellicent, F, shiny|100/100
|turn|1
|
|t:|1729038822
|move|p2a: Jellicent|Taunt|p1a: Conkeldurr
|-start|p1a: Conkeldurr|move: Taunt
|move|p1a: Conkeldurr|Thunder Punch|p2a: Jellicent
|-supereffective|p2a: Jellicent
|-damage|p2a: Jellicent|0 fnt
|faint|p2a: Jellicent
|-damage|p1a: Conkeldurr|91/100|[from] item: Life Orb
|
|upkeep
|
|t:|1729038831
|switch|p2a: Landorus|Landorus-Therian, M, shiny|100/100
|-ability|p2a: Landorus|Intimidate|boost
|-unboost|p1a: Conkeldurr|atk|1
|turn|2
|
|t:|1729038836
|move|p2a: Landorus|Earthquake|p1a: Conkeldurr
|-damage|p1a: Conkeldurr|41/100
|move|p1a: Conkeldurr|Drain Punch|p2a: Landorus
|-resisted|p2a: Landorus
|-damage|p2a: Landorus|72/100
|-heal|p1a: Conkeldurr|53/100|[from] drain|[of] p2a: Landorus
|-damage|p1a: Conkeldurr|43/100|[from] item: Life Orb
|
|upkeep
|turn|3
|
|t:|1729038845
|switch|p1a: Donphan|Donphan, F|100/100
|move|p2a: Landorus|Earthquake|p1a: Donphan
|-damage|p1a: Donphan|71/100
|
|-heal|p1a: Donphan|78/100|[from] item: Leftovers
|upkeep
|turn|4
|
|t:|1729038852
|switch|p2a: Breloom|Breloom, M, shiny|100/100
|move|p1a: Donphan|Stealth Rock|p2a: Breloom
|-sidestart|p2: seanb143|move: Stealth Rock
|
|-heal|p1a: Donphan|84/100|[from] item: Leftovers
|-status|p2a: Breloom|tox|[from] item: Toxic Orb
|upkeep
|turn|5
|
|t:|1729038857
|switch|p1a: Scizor|Scizor, F|100/100
|move|p2a: Breloom|Swords Dance|p2a: Breloom
|-boost|p2a: Breloom|atk|2
|
|upkeep
|turn|6
|
|t:|1729038861
|move|p2a: Breloom|Mach Punch|p1a: Scizor
|-damage|p1a: Scizor|44/100
|move|p1a: Scizor|U-turn|p2a: Breloom
|-damage|p2a: Breloom|51/100 tox
|
|t:|1729038866
|switch|p1a: Celebi|Celebi|100/100|[from] U-turn
|
|-heal|p2a: Breloom|63/100 tox|[from] ability: Poison Heal
|upkeep
|turn|7
|
|t:|1729038869
|move|p2a: Breloom|Protect|p2a: Breloom
|-singleturn|p2a: Breloom|Protect
|move|p1a: Celebi|Hidden Power|p2a: Breloom
|-activate|p2a: Breloom|move: Protect
|
|-heal|p2a: Breloom|76/100 tox|[from] ability: Poison Heal
|upkeep
|turn|8
|
|t:|1729038873
|switch|p2a: Tyranitar|Tyranitar, F, shiny|100/100
|-damage|p2a: Tyranitar|88/100|[from] Stealth Rock
|-weather|Sandstorm|[from] ability: Sand Stream|[of] p2a: Tyranitar
|move|p1a: Celebi|Hidden Power|p2a: Tyranitar
|-damage|p2a: Tyranitar|77/100
|
|-weather|Sandstorm|[upkeep]
|-damage|p1a: Celebi|94/100|[from] Sandstorm
|-heal|p1a: Celebi|100/100|[from] item: Leftovers
|upkeep
|turn|9
|
|t:|1729038876
|move|p2a: Tyranitar|Crunch|p1a: Celebi
|-supereffective|p1a: Celebi
|-damage|p1a: Celebi|28/100
|move|p1a: Celebi|Baton Pass|p1a: Celebi
|
|t:|1729038881
|switch|p1a: Politoed|Politoed, F|100/100|[from] Baton Pass
|-weather|RainDance|[from] ability: Drizzle|[of] p1a: Politoed
|
|-weather|RainDance|[upkeep]
|upkeep
|turn|10
|
|t:|1729038891
|switch|p2a: Forretress|Forretress, M, shiny|100/100
|-damage|p2a: Forretress|88/100|[from] Stealth Rock
|switch|p1a: Conkeldurr|Conkeldurr, M|43/100
|
|-weather|RainDance|[upkeep]
|upkeep
|turn|11
|
|t:|1729038894
|move|p1a: Conkeldurr|Drain Punch|p2a: Forretress
|-damage|p2a: Forretress|41/100
|-heal|p1a: Conkeldurr|65/100|[from] drain|[of] p2a: Forretress
|-damage|p1a: Conkeldurr|55/100|[from] item: Life Orb
|move|p2a: Forretress|Rapid Spin|p1a: Conkeldurr
|-damage|p1a: Conkeldurr|49/100
|-sideend|p2: seanb143|Stealth Rock|[from] move: Rapid Spin|[of] p2a: Forretress
|
|-weather|RainDance|[upkeep]
|upkeep
|turn|12
|
|t:|1729038901
|switch|p2a: Landorus|Landorus-Therian, M, shiny|72/100
|-ability|p2a: Landorus|Intimidate|boost
|-unboost|p1a: Conkeldurr|atk|1
|move|p1a: Conkeldurr|Drain Punch|p2a: Landorus
|-resisted|p2a: Landorus
|-damage|p2a: Landorus|45/100
|-heal|p1a: Conkeldurr|60/100|[from] drain|[of] p2a: Landorus
|-damage|p1a: Conkeldurr|50/100|[from] item: Life Orb
|
|-weather|RainDance|[upkeep]
|upkeep
|turn|13
|
|t:|1729038907
|switch|p1a: Donphan|Donphan, F|84/100
|move|p2a: Landorus|U-turn|p1a: Donphan
|-damage|p1a: Donphan|68/100
|
|t:|1729038912
|switch|p2a: Breloom|Breloom, M, shiny|76/100 tox|[from] U-turn
|
|-weather|RainDance|[upkeep]
|-heal|p1a: Donphan|75/100|[from] item: Leftovers
|-heal|p2a: Breloom|88/100 tox|[from] ability: Poison Heal
|upkeep
|turn|14
|
|t:|1729038917
|switch|p1a: Celebi|Celebi|28/100
|move|p2a: Breloom|Swords Dance|p2a: Breloom
|-boost|p2a: Breloom|atk|2
|
|-weather|RainDance|[upkeep]
|-heal|p1a: Celebi|34/100|[from] item: Leftovers
|-heal|p2a: Breloom|100/100 tox|[from] ability: Poison Heal
|upkeep
|turn|15
|
|t:|1729038925
|move|p1a: Celebi|Recover|p1a: Celebi
|-heal|p1a: Celebi|84/100
|move|p2a: Breloom|Bullet Seed|p1a: Celebi
|-resisted|p1a: Celebi
|-damage|p1a: Celebi|72/100
|-resisted|p1a: Celebi
|-damage|p1a: Celebi|60/100
|-resisted|p1a: Celebi
|-damage|p1a: Celebi|47/100
|-hitcount|p1a: Celebi|3
|
|-weather|RainDance|[upkeep]
|-heal|p1a: Celebi|53/100|[from] item: Leftovers
|upkeep
|turn|16
|
|t:|1729038936
|switch|p2a: Tyranitar|Tyranitar, F, shiny|77/100
|-weather|Sandstorm|[from] ability: Sand Stream|[of] p2a: Tyranitar
|move|p1a: Celebi|Recover|p1a: Celebi
|-heal|p1a: Celebi|100/100
|
|-weather|Sandstorm|[upkeep]
|-damage|p1a: Celebi|94/100|[from] Sandstorm
|-heal|p1a: Celebi|100/100|[from] item: Leftovers
|upkeep
|turn|17
|
|t:|1729038940
|switch|p1a: Politoed|Politoed, F|100/100
|-weather|RainDance|[from] ability: Drizzle|[of] p1a: Politoed
|move|p2a: Tyranitar|Crunch|p1a: Politoed
|-damage|p1a: Politoed|69/100
|
|-weather|RainDance|[upkeep]
|-heal|p1a: Politoed|75/100|[from] item: Leftovers
|upkeep
|turn|18
|
|t:|1729038957
|switch|p2a: Breloom|Breloom, M, shiny|100/100 tox
|switch|p1a: Scizor|Scizor, F|44/100
|
|-weather|RainDance|[upkeep]
|upkeep
|turn|19
|
|t:|1729038965
|move|p2a: Breloom|Protect|p2a: Breloom
|-singleturn|p2a: Breloom|Protect
|move|p1a: Scizor|U-turn|p2a: Breloom
|-activate|p2a: Breloom|move: Protect
|
|-weather|RainDance|[upkeep]
|upkeep
|turn|20
|
|t:|1729038972
|move|p2a: Breloom|Mach Punch|p1a: Scizor
|-damage|p1a: Scizor|13/100
|move|p1a: Scizor|U-turn|p2a: Breloom
|-damage|p2a: Breloom|53/100 tox
|
|t:|1729038978
|switch|p1a: Celebi|Celebi|100/100|[from] U-turn
|
|-weather|RainDance|[upkeep]
|-heal|p2a: Breloom|65/100 tox|[from] ability: Poison Heal
|upkeep
|turn|21
|
|t:|1729038984
|switch|p2a: Tyranitar|Tyranitar, F, shiny|77/100
|-weather|Sandstorm|[from] ability: Sand Stream|[of] p2a: Tyranitar
|move|p1a: Celebi|Energy Ball|p2a: Tyranitar
|-supereffective|p2a: Tyranitar
|-damage|p2a: Tyranitar|35/100
|
|-weather|Sandstorm|[upkeep]
|-damage|p1a: Celebi|94/100|[from] Sandstorm
|-heal|p1a: Celebi|100/100|[from] item: Leftovers
|upkeep
|turn|22
|
|t:|1729038991
|switch|p1a: Politoed|Politoed, F|75/100
|-weather|RainDance|[from] ability: Drizzle|[of] p1a: Politoed
|move|p2a: Tyranitar|Crunch|p1a: Politoed
|-damage|p1a: Politoed|43/100
|
|-weather|RainDance|[upkeep]
|-heal|p1a: Politoed|49/100|[from] item: Leftovers
|upkeep
|turn|23
|
|t:|1729039002
|switch|p2a: Breloom|Breloom, M, shiny|65/100 tox
|switch|p1a: Conkeldurr|Conkeldurr, M|50/100
|
|-weather|RainDance|[upkeep]
|-heal|p2a: Breloom|78/100 tox|[from] ability: Poison Heal
|upkeep
|turn|24
|
|t:|1729039014
|switch|p2a: Landorus|Landorus-Therian, M, shiny|45/100
|-ability|p2a: Landorus|Intimidate|boost
|-unboost|p1a: Conkeldurr|atk|1
|switch|p1a: Celebi|Celebi|100/100
|
|-weather|RainDance|[upkeep]
|upkeep
|turn|25
|inactive|happy_hitbox has 120 seconds left.
|
|t:|1729039046
|switch|p1a: Conkeldurr|Conkeldurr, M|50/100
|move|p2a: Landorus|U-turn|p1a: Conkeldurr
|-resisted|p1a: Conkeldurr
|-damage|p1a: Conkeldurr|37/100
|
|t:|1729039051
|switch|p2a: Breloom|Breloom, M, shiny|78/100 tox|[from] U-turn
|
|-weather|RainDance|[upkeep]
|-heal|p2a: Breloom|90/100 tox|[from] ability: Poison Heal
|upkeep
|turn|26
|
|t:|1729039055
|switch|p1a: Celebi|Celebi|100/100
|move|p2a: Breloom|Bullet Seed|p1a: Celebi
|-resisted|p1a: Celebi
|-damage|p1a: Celebi|94/100
|-resisted|p1a: Celebi
|-crit|p1a: Celebi
|-damage|p1a: Celebi|81/100
|-resisted|p1a: Celebi
|-damage|p1a: Celebi|75/100
|-resisted|p1a: Celebi
|-damage|p1a: Celebi|69/100
|-hitcount|p1a: Celebi|4
|
|-weather|RainDance|[upkeep]
|-heal|p1a: Celebi|75/100|[from] item: Leftovers
|-heal|p2a: Breloom|100/100 tox|[from] ability: Poison Heal
|upkeep
|turn|27
|
|t:|1729039064
|move|p1a: Celebi|Hidden Power|p2a: Breloom
|-supereffective|p2a: Breloom
|-damage|p2a: Breloom|48/100 tox
|move|p2a: Breloom|Swords Dance|p2a: Breloom
|-boost|p2a: Breloom|atk|2
|
|-weather|RainDance|[upkeep]
|-heal|p1a: Celebi|81/100|[from] item: Leftovers
|-heal|p2a: Breloom|60/100 tox|[from] ability: Poison Heal
|upkeep
|turn|28
|
|t:|1729039068
|move|p2a: Breloom|Protect|p2a: Breloom
|-singleturn|p2a: Breloom|Protect
|move|p1a: Celebi|Energy Ball|p2a: Breloom
|-activate|p2a: Breloom|move: Protect
|
|-weather|RainDance|[upkeep]
|-heal|p1a: Celebi|88/100|[from] item: Leftovers
|-heal|p2a: Breloom|73/100 tox|[from] ability: Poison Heal
|upkeep
|turn|29
|
|t:|1729039075
|switch|p2a: Heatran|Heatran, M, shiny|100/100
|move|p1a: Celebi|Hidden Power|p2a: Heatran
|-resisted|p2a: Heatran
|-damage|p2a: Heatran|98/100
|
|-weather|RainDance|[upkeep]
|-heal|p1a: Celebi|94/100|[from] item: Leftovers
|-heal|p2a: Heatran|100/100|[from] item: Leftovers
|upkeep
|turn|30
|
|t:|1729039081
|move|p1a: Celebi|Baton Pass|p1a: Celebi
|
|t:|1729039091
|switch|p1a: Politoed|Politoed, F|49/100|[from] Baton Pass
|move|p2a: Heatran|Stealth Rock|p1a: Politoed
|-sidestart|p1: happy_hitbox|move: Stealth Rock
|
|-weather|RainDance|[upkeep]
|-heal|p1a: Politoed|55/100|[from] item: Leftovers
|upkeep
|turn|31
|
|t:|1729039103
|move|p2a: Heatran|Lava Plume|p1a: Politoed
|-resisted|p1a: Politoed
|-damage|p1a: Politoed|48/100
|move|p1a: Politoed|Scald|p2a: Heatran
|-supereffective|p2a: Heatran
|-damage|p2a: Heatran|57/100
|
|-weather|RainDance|[upkeep]
|-heal|p2a: Heatran|63/100|[from] item: Leftovers
|-heal|p1a: Politoed|54/100|[from] item: Leftovers
|upkeep
|turn|32
|
|t:|1729039109
|move|p2a: Heatran|Protect|p2a: Heatran
|-singleturn|p2a: Heatran|Protect
|move|p1a: Politoed|Psychic|p2a: Heatran
|-activate|p2a: Heatran|move: Protect
|
|-weather|RainDance|[upkeep]
|-heal|p2a: Heatran|69/100|[from] item: Leftovers
|-heal|p1a: Politoed|61/100|[from] item: Leftovers
|upkeep
|turn|33
|
|t:|1729039112
|move|p2a: Heatran|Lava Plume|p1a: Politoed
|-resisted|p1a: Politoed
|-damage|p1a: Politoed|53/100
|move|p1a: Politoed|Scald|p2a: Heatran
|-supereffective|p2a: Heatran
|-damage|p2a: Heatran|26/100
|
|-weather|RainDance|[upkeep]
|-heal|p2a: Heatran|32/100|[from] item: Leftovers
|-heal|p1a: Politoed|59/100|[from] item: Leftovers
|upkeep
|turn|34
|
|t:|1729039116
|move|p2a: Heatran|Protect|p2a: Heatran
|-singleturn|p2a: Heatran|Protect
|move|p1a: Politoed|Psychic|p2a: Heatran
|-activate|p2a: Heatran|move: Protect
|
|-weather|RainDance|[upkeep]
|-heal|p2a: Heatran|38/100|[from] item: Leftovers
|-heal|p1a: Politoed|66/100|[from] item: Leftovers
|upkeep
|turn|35
|
|t:|1729039118
|move|p2a: Heatran|Lava Plume|p1a: Politoed
|-resisted|p1a: Politoed
|-damage|p1a: Politoed|58/100
|move|p1a: Politoed|Psychic|p2a: Heatran
|-resisted|p2a: Heatran
|-damage|p2a: Heatran|32/100
|
|-weather|RainDance|[upkeep]
|-heal|p2a: Heatran|38/100|[from] item: Leftovers
|-heal|p1a: Politoed|64/100|[from] item: Leftovers
|upkeep
|turn|36
|
|t:|1729039122
|move|p2a: Heatran|Protect|p2a: Heatran
|-singleturn|p2a: Heatran|Protect
|move|p1a: Politoed|Scald|p2a: Heatran
|-activate|p2a: Heatran|move: Protect
|
|-weather|RainDance|[upkeep]
|-heal|p2a: Heatran|45/100|[from] item: Leftovers
|-heal|p1a: Politoed|70/100|[from] item: Leftovers
|upkeep
|turn|37
|
|t:|1729039125
|move|p2a: Heatran|Lava Plume|p1a: Politoed
|-resisted|p1a: Politoed
|-damage|p1a: Politoed|63/100
|move|p1a: Politoed|Scald|p2a: Heatran
|-supereffective|p2a: Heatran
|-damage|p2a: Heatran|0 fnt
|faint|p2a: Heatran
|
|-weather|RainDance|[upkeep]
|-heal|p1a: Politoed|69/100|[from] item: Leftovers
|upkeep
|
|t:|1729039130
|switch|p2a: Tyranitar|Tyranitar, F, shiny|35/100
|-weather|Sandstorm|[from] ability: Sand Stream|[of] p2a: Tyranitar
|turn|38
|
|t:|1729039140
|switch|p2a: Breloom|Breloom, M, shiny|73/100 tox
|switch|p1a: Donphan|Donphan, F|75/100
|-damage|p1a: Donphan|68/100|[from] Stealth Rock
|
|-weather|Sandstorm|[upkeep]
|-damage|p2a: Breloom|67/100 tox|[from] Sandstorm
|-heal|p1a: Donphan|75/100|[from] item: Leftovers
|-heal|p2a: Breloom|79/100 tox|[from] ability: Poison Heal
|upkeep
|turn|39
|
|t:|1729039148
|switch|p1a: Politoed|Politoed, F|69/100
|-damage|p1a: Politoed|56/100|[from] Stealth Rock
|-weather|RainDance|[from] ability: Drizzle|[of] p1a: Politoed
|move|p2a: Breloom|Bullet Seed|p1a: Politoed
|-supereffective|p1a: Politoed
|-damage|p1a: Politoed|34/100
|-supereffective|p1a: Politoed
|-damage|p1a: Politoed|13/100
|-supereffective|p1a: Politoed
|-damage|p1a: Politoed|0 fnt
|faint|p1a: Politoed
|-hitcount|p1: Politoed|3
|
|-weather|RainDance|[upkeep]
|-heal|p2a: Breloom|91/100 tox|[from] ability: Poison Heal
|upkeep
|
|t:|1729039158
|switch|p1a: Celebi|Celebi|94/100
|-damage|p1a: Celebi|81/100|[from] Stealth Rock
|turn|40
|
|t:|1729039169
|switch|p2a: Tyranitar|Tyranitar, F, shiny|35/100
|-weather|Sandstorm|[from] ability: Sand Stream|[of] p2a: Tyranitar
|move|p1a: Celebi|Baton Pass|p1a: Celebi
|
|t:|1729039171
|switch|p1a: Conkeldurr|Conkeldurr, M|37/100|[from] Baton Pass
|-damage|p1a: Conkeldurr|31/100|[from] Stealth Rock
|
|-weather|Sandstorm|[upkeep]
|-damage|p1a: Conkeldurr|25/100|[from] Sandstorm
|upkeep
|turn|41
|
|t:|1729039178
|switch|p2a: Landorus|Landorus-Therian, M, shiny|45/100
|-ability|p2a: Landorus|Intimidate|boost
|-unboost|p1a: Conkeldurr|atk|1
|move|p1a: Conkeldurr|Drain Punch|p2a: Landorus
|-resisted|p2a: Landorus
|-damage|p2a: Landorus|15/100
|-heal|p1a: Conkeldurr|37/100|[from] drain|[of] p2a: Landorus
|-damage|p1a: Conkeldurr|27/100|[from] item: Life Orb
|
|-weather|Sandstorm|[upkeep]
|-damage|p1a: Conkeldurr|21/100|[from] Sandstorm
|upkeep
|turn|42
|
|t:|1729039189
|move|p2a: Landorus|Superpower|p1a: Conkeldurr
|-damage|p1a: Conkeldurr|0 fnt
|-unboost|p2a: Landorus|atk|1
|-unboost|p2a: Landorus|def|1
|faint|p1a: Conkeldurr
|
|-weather|Sandstorm|[upkeep]
|upkeep
|
|t:|1729039199
|switch|p1a: Donphan|Donphan, F|75/100
|-damage|p1a: Donphan|68/100|[from] Stealth Rock
|turn|43
|
|t:|1729039207
|switch|p2a: Breloom|Breloom, M, shiny|91/100 tox
|move|p1a: Donphan|Rapid Spin|p2a: Breloom
|-damage|p2a: Breloom|84/100 tox
|-sideend|p1: happy_hitbox|Stealth Rock|[from] move: Rapid Spin|[of] p1a: Donphan
|
|-weather|Sandstorm|[upkeep]
|-damage|p2a: Breloom|78/100 tox|[from] Sandstorm
|-heal|p1a: Donphan|75/100|[from] item: Leftovers
|-heal|p2a: Breloom|90/100 tox|[from] ability: Poison Heal
|upkeep
|turn|44
|
|t:|1729039210
|switch|p1a: Celebi|Celebi|81/100
|move|p2a: Breloom|Swords Dance|p2a: Breloom
|-boost|p2a: Breloom|atk|2
|
|-weather|Sandstorm|[upkeep]
|-damage|p1a: Celebi|75/100|[from] Sandstorm
|-damage|p2a: Breloom|84/100 tox|[from] Sandstorm
|-heal|p1a: Celebi|81/100|[from] item: Leftovers
|-heal|p2a: Breloom|96/100 tox|[from] ability: Poison Heal
|upkeep
|turn|45
|
|t:|1729039213
|switch|p2a: Tyranitar|Tyranitar, F, shiny|35/100
|move|p1a: Celebi|Hidden Power|p2a: Tyranitar
|-damage|p2a: Tyranitar|23/100
|
|-weather|Sandstorm|[upkeep]
|-damage|p1a: Celebi|75/100|[from] Sandstorm
|-heal|p1a: Celebi|81/100|[from] item: Leftovers
|upkeep
|turn|46
|
|t:|1729039221
|switch|p1a: Donphan|Donphan, F|75/100
|move|p2a: Tyranitar|Crunch|p1a: Donphan
|-damage|p1a: Donphan|50/100
|
|-weather|Sandstorm|[upkeep]
|-heal|p1a: Donphan|56/100|[from] item: Leftovers
|upkeep
|turn|47
|
|t:|1729039228
|switch|p2a: Landorus|Landorus-Therian, M, shiny|15/100
|-ability|p2a: Landorus|Intimidate|boost
|-unboost|p1a: Donphan|atk|1
|switch|p1a: Celebi|Celebi|81/100
|
|-weather|Sandstorm|[upkeep]
|-damage|p1a: Celebi|75/100|[from] Sandstorm
|-heal|p1a: Celebi|81/100|[from] item: Leftovers
|upkeep
|turn|48
|
|t:|1729039240
|switch|p1a: Jolteon|Jolteon, M|100/100
|move|p2a: Landorus|U-turn|p1a: Jolteon
|-damage|p1a: Jolteon|54/100
|
|t:|1729039246
|switch|p2a: Breloom|Breloom, M, shiny|96/100 tox|[from] U-turn
|
|-weather|Sandstorm|[upkeep]
|-damage|p1a: Jolteon|48/100|[from] Sandstorm
|-damage|p2a: Breloom|90/100 tox|[from] Sandstorm
|-heal|p2a: Breloom|100/100 tox|[from] ability: Poison Heal
|upkeep
|turn|49
|
|t:|1729039251
|switch|p1a: Celebi|Celebi|81/100
|move|p2a: Breloom|Protect||[still]
|-fail|p2a: Breloom
|
|-weather|Sandstorm|[upkeep]
|-damage|p1a: Celebi|75/100|[from] Sandstorm
|-damage|p2a: Breloom|94/100 tox|[from] Sandstorm
|-heal|p1a: Celebi|81/100|[from] item: Leftovers
|-heal|p2a: Breloom|100/100 tox|[from] ability: Poison Heal
|upkeep
|turn|50
|
|t:|1729039261
|switch|p2a: Forretress|Forretress, M, shiny|41/100
|move|p1a: Celebi|Hidden Power|p2a: Forretress
|-resisted|p2a: Forretress
|-damage|p2a: Forretress|30/100
|
|-weather|Sandstorm|[upkeep]
|-damage|p1a: Celebi|75/100|[from] Sandstorm
|-heal|p1a: Celebi|81/100|[from] item: Leftovers
|upkeep
|turn|51
|
|t:|1729039267
|switch|p1a: Donphan|Donphan, F|56/100
|switch|p2a: Tyranitar|Tyranitar, F, shiny|23/100
|
|-weather|Sandstorm|[upkeep]
|-heal|p1a: Donphan|63/100|[from] item: Leftovers
|upkeep
|turn|52
|
|t:|1729039270
|move|p2a: Tyranitar|Ice Beam|p1a: Donphan
|-supereffective|p1a: Donphan
|-damage|p1a: Donphan|10/100
|move|p1a: Donphan|Stealth Rock|p2a: Tyranitar
|-sidestart|p2: seanb143|move: Stealth Rock
|
|-weather|Sandstorm|[upkeep]
|-heal|p1a: Donphan|16/100|[from] item: Leftovers
|upkeep
|turn|53
|
|t:|1729039275
|switch|p1a: Jolteon|Jolteon, M|48/100
|move|p2a: Tyranitar|Ice Beam|p1a: Jolteon
|-damage|p1a: Jolteon|22/100
|
|-weather|Sandstorm|[upkeep]
|-damage|p1a: Jolteon|16/100|[from] Sandstorm
|upkeep
|turn|54
|
|t:|1729039282
|move|p1a: Jolteon|Thunder|p2a: Tyranitar|[miss]
|-miss|p1a: Jolteon|p2a: Tyranitar
|move|p2a: Tyranitar|Ice Beam|p1a: Jolteon
|-damage|p1a: Jolteon|0 fnt
|faint|p1a: Jolteon
|
|-weather|Sandstorm|[upkeep]
|upkeep
|
|t:|1729039285
|switch|p1a: Scizor|Scizor, F|13/100
|turn|55
|
|t:|1729039289
|move|p1a: Scizor|U-turn|p2a: Tyranitar
|-supereffective|p2a: Tyranitar
|-damage|p2a: Tyranitar|0 fnt
|faint|p2a: Tyranitar
|
|t:|1729039294
|switch|p1a: Donphan|Donphan, F|16/100|[from] U-turn
|
|-weather|Sandstorm|[upkeep]
|-heal|p1a: Donphan|22/100|[from] item: Leftovers
|upkeep
|
|t:|1729039310
|switch|p2a: Breloom|Breloom, M, shiny|100/100 tox
|-damage|p2a: Breloom|94/100 tox|[from] Stealth Rock
|turn|56
|
|t:|1729039313
|switch|p1a: Celebi|Celebi|81/100
|move|p2a: Breloom|Swords Dance|p2a: Breloom
|-boost|p2a: Breloom|atk|2
|
|-weather|Sandstorm|[upkeep]
|-damage|p1a: Celebi|75/100|[from] Sandstorm
|-damage|p2a: Breloom|88/100 tox|[from] Sandstorm
|-heal|p1a: Celebi|81/100|[from] item: Leftovers
|-heal|p2a: Breloom|100/100 tox|[from] ability: Poison Heal
|upkeep
|turn|57
|
|t:|1729039318
|move|p1a: Celebi|Hidden Power|p2a: Breloom
|-supereffective|p2a: Breloom
|-damage|p2a: Breloom|50/100 tox
|move|p2a: Breloom|Bullet Seed|p1a: Celebi
|-resisted|p1a: Celebi
|-damage|p1a: Celebi|70/100
|-resisted|p1a: Celebi
|-damage|p1a: Celebi|59/100
|-resisted|p1a: Celebi
|-damage|p1a: Celebi|47/100
|-hitcount|p1a: Celebi|3
|
|-weather|Sandstorm|[upkeep]
|-damage|p1a: Celebi|40/100|[from] Sandstorm
|-damage|p2a: Breloom|44/100 tox|[from] Sandstorm
|-heal|p1a: Celebi|47/100|[from] item: Leftovers
|-heal|p2a: Breloom|56/100 tox|[from] ability: Poison Heal
|upkeep
|turn|58
|
|t:|1729039324
|move|p1a: Celebi|Recover|p1a: Celebi
|-heal|p1a: Celebi|97/100
|move|p2a: Breloom|Swords Dance|p2a: Breloom
|-boost|p2a: Breloom|atk|2
|
|-weather|Sandstorm|[upkeep]
|-damage|p1a: Celebi|91/100|[from] Sandstorm
|-damage|p2a: Breloom|50/100 tox|[from] Sandstorm
|-heal|p1a: Celebi|97/100|[from] item: Leftovers
|-heal|p2a: Breloom|62/100 tox|[from] ability: Poison Heal
|upkeep
|turn|59
|
|t:|1729039329
|move|p2a: Breloom|Protect|p2a: Breloom
|-singleturn|p2a: Breloom|Protect
|move|p1a: Celebi|Hidden Power|p2a: Breloom
|-activate|p2a: Breloom|move: Protect
|
|-weather|Sandstorm|[upkeep]
|-damage|p1a: Celebi|91/100|[from] Sandstorm
|-damage|p2a: Breloom|56/100 tox|[from] Sandstorm
|-heal|p1a: Celebi|97/100|[from] item: Leftovers
|-heal|p2a: Breloom|68/100 tox|[from] ability: Poison Heal
|upkeep
|turn|60
|
|t:|1729039334
|move|p1a: Celebi|Hidden Power|p2a: Breloom
|-supereffective|p2a: Breloom
|-damage|p2a: Breloom|18/100 tox
|move|p2a: Breloom|Bullet Seed|p1a: Celebi
|-resisted|p1a: Celebi
|-damage|p1a: Celebi|78/100
|-resisted|p1a: Celebi
|-damage|p1a: Celebi|59/100
|-hitcount|p1a: Celebi|2
|
|-weather|Sandstorm|[upkeep]
|-damage|p1a: Celebi|53/100|[from] Sandstorm
|-damage|p2a: Breloom|12/100 tox|[from] Sandstorm
|-heal|p1a: Celebi|59/100|[from] item: Leftovers
|-heal|p2a: Breloom|25/100 tox|[from] ability: Poison Heal
|upkeep
|turn|61
|
|t:|1729039354
|move|p1a: Celebi|Hidden Power|p2a: Breloom
|-supereffective|p2a: Breloom
|-damage|p2a: Breloom|0 fnt
|faint|p2a: Breloom
|
|-weather|Sandstorm|[upkeep]
|-damage|p1a: Celebi|53/100|[from] Sandstorm
|-heal|p1a: Celebi|59/100|[from] item: Leftovers
|upkeep
|
|t:|1729039357
|switch|p2a: Forretress|Forretress, M, shiny|30/100
|-damage|p2a: Forretress|17/100|[from] Stealth Rock
|turn|62
|-enditem|p2a: Forretress|Custap Berry|[eat]
|-activate|p2a: Forretress|item: Custap Berry|[consumed]
|
|t:|1729039364
|move|p2a: Forretress|Gyro Ball|p1a: Celebi
|-damage|p1a: Celebi|28/100
|move|p1a: Celebi|Energy Ball|p2a: Forretress
|-resisted|p2a: Forretress
|-damage|p2a: Forretress|7/100
|
|-weather|Sandstorm|[upkeep]
|-damage|p1a: Celebi|22/100|[from] Sandstorm
|-heal|p1a: Celebi|28/100|[from] item: Leftovers
|upkeep
|turn|63
|
|t:|1729039369
|move|p1a: Celebi|Energy Ball|p2a: Forretress
|-resisted|p2a: Forretress
|-damage|p2a: Forretress|0 fnt
|faint|p2a: Forretress
|
|-weather|Sandstorm|[upkeep]
|-damage|p1a: Celebi|22/100|[from] Sandstorm
|-heal|p1a: Celebi|28/100|[from] item: Leftovers
|upkeep
|
|t:|1729039371
|switch|p2a: Landorus|Landorus-Therian, M, shiny|15/100
|-damage|p2a: Landorus|3/100|[from] Stealth Rock
|-ability|p2a: Landorus|Intimidate|boost
|-unboost|p1a: Celebi|atk|1
|turn|64
|
|t:|1729039376
|move|p2a: Landorus|Earthquake|p1a: Celebi
|-resisted|p1a: Celebi
|-damage|p1a: Celebi|5/100
|move|p1a: Celebi|Hidden Power|p2a: Landorus
|-supereffective|p2a: Landorus
|-damage|p2a: Landorus|0 fnt
|faint|p2a: Landorus
|
|win|happy_hitbox
|raw|happy_hitbox's rating: 1411 &rarr; <strong>1435</strong><br />(+24 for winning)
|raw|seanb143's rating: 1482 &rarr; <strong>1458</strong><br />(-24 for losing)
|l|☆seanb143
|player|p2|
|c|☆happy_hitbox|Gg
