|uhtml|medal-msg|<div class="broadcast-blue">Curious what those medals under the avatar are? PS now has Ladder Seasons! For more information, check out the <a href="https://www.smogon.com/forums/threads/3740067/">thread on Smogon.</a></div>
|uhtml|medal-msg|<div class="broadcast-blue">Curious what those medals under the avatar are? PS now has Ladder Seasons! For more information, check out the <a href="https://www.smogon.com/forums/threads/3740067/">thread on Smogon.</a></div>
|j|☆High Mighty Weasel
|j|☆Astiva Health
|t:|1712510845
|gametype|singles
|player|p1|High Mighty Weasel|cynthia-gen7|1358
|player|p2|Astiva Health|clerk|1278
|teamsize|p1|6
|teamsize|p2|6
|gen|5
|tier|[Gen 5] OU
|rated|
|rule|Species Clause: Limit one of each Pokémon
|rule|OHKO Clause: OHKO moves are banned
|rule|Moody Clause: Moody is banned
|rule|Evasion Items Clause: Evasion items are banned
|rule|Evasion Moves Clause: Evasion moves are banned
|rule|Endless Battle Clause: Forcing endless battles is banned
|rule|HP Percentage Mod: HP is shown in percentages
|rule|Evasion Abilities Clause: Evasion abilities are banned
|rule|Sleep Moves Clause: Sleep-inducing moves are banned
|rule|Swagger Clause: Swagger is banned
|rule|Baton Pass Stat Clause: No Baton Passer may have a way to boost its stats
|clearpoke
|poke|p1|Alakazam, F|item
|poke|p1|Skarmory, F|item
|poke|p1|Tyranitar, F|item
|poke|p1|Mamoswine, M|item
|poke|p1|Jellicent, F|item
|poke|p1|Excadrill, M|item
|poke|p2|Garchomp, M|item
|poke|p2|Volcarona, F|item
|poke|p2|Dragonite, F|item
|poke|p2|Breloom, M|item
|poke|p2|Starmie|item
|poke|p2|Scizor, M|item
|teampreview
|inactive|Battle timer is ON: inactive players will automatically lose when time's up. (requested by Astiva Health)
|inactive|High Mighty Weasel has 120 seconds left.
|inactive|High Mighty Weasel has 90 seconds left.
|inactive|High Mighty Weasel has 60 seconds left.
|
|t:|1712510939
|start
|switch|p1a: Alakazam|Alakazam, F|100/100
|switch|p2a: Mothra|Volcarona, F, shiny|100/100
|turn|1
|inactive|High Mighty Weasel has 120 seconds left.
|
|t:|1712510952
|switch|p1a: Tyranitar|Tyranitar, F|100/100
|-weather|Sandstorm|[from] ability: Sand Stream|[of] p1a: Tyranitar
|switch|p2a: Iron Man|Scizor, M|100/100
|
|-weather|Sandstorm|[upkeep]
|upkeep
|turn|2
|
|t:|1712510965
|switch|p1a: Skarmory|Skarmory, F|100/100
|move|p2a: Iron Man|Swords Dance|p2a: Iron Man
|-boost|p2a: Iron Man|atk|2
|
|-weather|Sandstorm|[upkeep]
|upkeep
|turn|3
|
|t:|1712510973
|move|p1a: Skarmory|Stealth Rock|p2a: Iron Man
|-sidestart|p2: Astiva Health|move: Stealth Rock
|move|p2a: Iron Man|Swords Dance|p2a: Iron Man
|-boost|p2a: Iron Man|atk|2
|
|-weather|Sandstorm|[upkeep]
|upkeep
|turn|4
|
|t:|1712510982
|move|p1a: Skarmory|Spikes|p2a: Iron Man
|-sidestart|p2: Astiva Health|Spikes
|move|p2a: Iron Man|Swords Dance|p2a: Iron Man
|-boost|p2a: Iron Man|atk|2
|
|-weather|Sandstorm|[upkeep]
|upkeep
|turn|5
|
|t:|1712511001
|move|p1a: Skarmory|Spikes|p2a: Iron Man
|-sidestart|p2: Astiva Health|Spikes
|move|p2a: Iron Man|Superpower|p1a: Skarmory
|-ability|p1a: Skarmory|Sturdy
|-damage|p1a: Skarmory|1/100
|-unboost|p2a: Iron Man|atk|1
|-unboost|p2a: Iron Man|def|1
|-damage|p2a: Iron Man|91/100|[from] item: Life Orb
|
|-weather|Sandstorm|[upkeep]
|upkeep
|turn|6
|-enditem|p1a: Skarmory|Custap Berry|[eat]
|-activate|p1a: Skarmory|item: Custap Berry|[consumed]
|
|t:|1712511007
|move|p2a: Iron Man|Bullet Punch|p1a: Skarmory
|-resisted|p1a: Skarmory
|-damage|p1a: Skarmory|0 fnt
|faint|p1a: Skarmory
|-damage|p2a: Iron Man|81/100|[from] item: Life Orb
|
|-weather|Sandstorm|[upkeep]
|upkeep
|inactive|High Mighty Weasel has 120 seconds left.
|
|t:|1712511043
|switch|p1a: Jellicent|Jellicent, F|100/100
|-item|p1a: Jellicent|Air Balloon
|turn|7
|inactive|Astiva Health has 120 seconds left.
|
|t:|1712511076
|move|p2a: Iron Man|Pursuit|p1a: Jellicent
|-supereffective|p1a: Jellicent
|-damage|p1a: Jellicent|0 fnt
|-enditem|p1a: Jellicent|Air Balloon
|faint|p1a: Jellicent
|-damage|p2a: Iron Man|71/100|[from] item: Life Orb
|
|-weather|Sandstorm|[upkeep]
|upkeep
|inactive|High Mighty Weasel has 90 seconds left.
|
|t:|1712511114
|switch|p1a: Excadrill|Excadrill, M|100/100
|turn|8
|inactive|Astiva Health has 120 seconds left.
|
|t:|1712511150
|switch|p1a: Tyranitar|Tyranitar, F|100/100
|switch|p2a: Patrick Star|Starmie, shiny|100/100
|-damage|p2a: Patrick Star|88/100|[from] Stealth Rock
|-item|p2a: Patrick Star|Air Balloon
|
|-weather|Sandstorm|[upkeep]
|-damage|p2a: Patrick Star|82/100|[from] Sandstorm
|upkeep
|turn|9
|inactive|High Mighty Weasel has 90 seconds left.
|
|t:|1712511182
|move|p2a: Patrick Star|Rapid Spin|p1a: Tyranitar
|-resisted|p1a: Tyranitar
|-damage|p1a: Tyranitar|99/100
|-sideend|p2: Astiva Health|Spikes|[from] move: Rapid Spin|[of] p2a: Patrick Star
|-sideend|p2: Astiva Health|Stealth Rock|[from] move: Rapid Spin|[of] p2a: Patrick Star
|move|p1a: Tyranitar|Crunch|p2a: Patrick Star
|-supereffective|p2a: Patrick Star
|-damage|p2a: Patrick Star|0 fnt
|-enditem|p2a: Patrick Star|Air Balloon
|faint|p2a: Patrick Star
|
|-weather|Sandstorm|[upkeep]
|upkeep
|inactive|Astiva Health has 90 seconds left.
|
|t:|1712511211
|switch|p2a: Teemo|Breloom, M|100/100
|turn|10
|
|t:|1712511226
|move|p2a: Teemo|Low Sweep|p1a: Tyranitar
|-supereffective|p1a: Tyranitar
|-enditem|p1a: Tyranitar|Chople Berry|[eat]
|-enditem|p1a: Tyranitar|Chople Berry|[weaken]
|-damage|p1a: Tyranitar|0 fnt
|faint|p1a: Tyranitar
|-damage|p2a: Teemo|91/100|[from] item: Life Orb
|
|-weather|Sandstorm|[upkeep]
|-damage|p2a: Teemo|84/100|[from] Sandstorm
|upkeep
|
|t:|1712511233
|switch|p1a: Alakazam|Alakazam, F|100/100
|turn|11
|
|t:|1712511251
|switch|p2a: Garchomp|Garchomp, M, shiny|100/100
|move|p1a: Alakazam|Psychic|p2a: Garchomp
|-damage|p2a: Garchomp|38/100
|-unboost|p2a: Garchomp|spd|1
|
|-weather|Sandstorm|[upkeep]
|upkeep
|turn|12
|
|t:|1712511268
|switch|p1a: Mamoswine|Mamoswine, M|100/100
|move|p2a: Garchomp|Outrage|p1a: Mamoswine
|-crit|p1a: Mamoswine
|-damage|p1a: Mamoswine|0 fnt
|faint|p1a: Mamoswine
|
|-weather|Sandstorm|[upkeep]
|upkeep
|
|t:|1712511274
|switch|p1a: Excadrill|Excadrill, M|100/100
|turn|13
|
|t:|1712511281
|move|p1a: Excadrill|Iron Head|p2a: Garchomp
|-crit|p2a: Garchomp
|-damage|p2a: Garchomp|0 fnt
|-damage|p1a: Excadrill|88/100|[from] ability: Rough Skin|[of] p2a: Garchomp
|faint|p2a: Garchomp
|
|-weather|Sandstorm|[upkeep]
|upkeep
|
|t:|1712511285
|switch|p2a: Teemo|Breloom, M|84/100
|turn|14
|
|t:|1712511288
|move|p2a: Teemo|Mach Punch|p1a: Excadrill
|-supereffective|p1a: Excadrill
|-damage|p1a: Excadrill|0 fnt
|faint|p1a: Excadrill
|-damage|p2a: Teemo|75/100|[from] item: Life Orb
|
|-weather|Sandstorm|[upkeep]
|-damage|p2a: Teemo|68/100|[from] Sandstorm
|upkeep
|
|t:|1712511290
|switch|p1a: Alakazam|Alakazam, F|100/100
|turn|15
|
|t:|1712511300
|move|p2a: Teemo|Mach Punch|p1a: Alakazam
|-resisted|p1a: Alakazam
|-damage|p1a: Alakazam|50/100
|-damage|p2a: Teemo|59/100|[from] item: Life Orb
|move|p1a: Alakazam|Psychic|p2a: Teemo
|-supereffective|p2a: Teemo
|-damage|p2a: Teemo|0 fnt
|faint|p2a: Teemo
|
|-weather|Sandstorm|[upkeep]
|upkeep
|
|t:|1712511303
|switch|p2a: Iron Man|Scizor, M|71/100
|turn|16
|
|t:|1712511305
|move|p2a: Iron Man|Bullet Punch|p1a: Alakazam
|-damage|p1a: Alakazam|0 fnt
|faint|p1a: Alakazam
|-damage|p2a: Iron Man|61/100|[from] item: Life Orb
|
|win|Astiva Health
|raw|High Mighty Weasel's rating: 1358 &rarr; <strong>1334</strong><br />(-24 for losing)
|raw|Astiva Health's rating: 1290 &rarr; <strong>1320</strong><br />(+30 for winning)
|l|☆High Mighty Weasel
|player|p1|
