|join|lanturnlol
|join|usa #1
|player|p1|lanturnlol|163
|player|p2|usa #1|167
|gametype|singles
|gen|5
|tier|[Gen 5] OU
|rated
|rule|Evasion Abilities Clause: Evasion abilities are banned
|clearpoke
|poke|p1|Hippowdon, M, shiny
|poke|p1|Bronzong, shiny
|poke|p1|Keldeo, shiny
|poke|p1|Tyranitar, M
|poke|p1|Blissey, F
|poke|p1|Celebi, shiny
|poke|p2|Keldeo
|poke|p2|Alakazam, F
|poke|p2|Salamence, F
|poke|p2|Lucario, F
|poke|p2|Scizor, F
|poke|p2|Jolteon, M
|rule|Sleep Clause Mod: Limit one foe put to sleep
|rule|Species Clause: Limit one of each Pokemon
|rule|OHKO Clause: OHKO moves are banned
|rule|Moody Clause: Moody is banned
|rule|Evasion Moves Clause: Evasion moves are banned
|rule|Endless Battle Clause: Forcing endless battles is banned.
|rule|HP Percentage Mod: HP is reported as percentages
|teampreview
|chat|lanturnlol|gl
|
|start
|switch|p1a: Sandstorm|Tyranitar, M|341/341
|switch|p2a: Scizor|Scizor, F|281/281
|-weather|Sandstorm|[from] ability: Sand Stream|[of] p1a: Sandstorm
|turn|1
|
|move|p1a: Sandstorm|Stone Edge|p2a: Scizor
|-damage|p2a: Scizor|110/281
|move|p2a: Scizor|U-turn|p1a: Sandstorm
|-supereffective|p1a: Sandstorm
|-damage|p1a: Sandstorm|63/341
|
|switch|p2a: Keldeo|Keldeo|323/323
|
|-weather|Sandstorm|[upkeep]
|-damage|p2a: Keldeo|303/323|[from] sandstorm
|turn|2
|
|switch|p1a: Overused|Celebi, shiny|403/403
|move|p2a: Keldeo|Surf|p1a: Overused
|-resisted|p1a: Overused
|-damage|p1a: Overused|316/403
|
|-weather|Sandstorm|[upkeep]
|-damage|p2a: Keldeo|283/323|[from] sandstorm
|-damage|p1a: Overused|291/403|[from] sandstorm
|-heal|p1a: Overused|316/403|[from] item: Leftovers
|turn|3
|
|switch|p2a: Scizor|Scizor, F|110/281
|move|p1a: Overused|Psychic|p2a: Scizor
|-resisted|p2a: Scizor
|-damage|p2a: Scizor|41/281
|
|-weather|Sandstorm|[upkeep]
|-damage|p1a: Overused|291/403|[from] sandstorm
|-heal|p1a: Overused|316/403|[from] item: Leftovers
|turn|4
|
|move|p2a: Scizor|Bullet Punch|p1a: Overused
|-damage|p1a: Overused|229/403
|move|p1a: Overused|Psychic|p2a: Scizor
|-resisted|p2a: Scizor
|-damage|p2a: Scizor|0 fnt
|faint|p2a: Scizor
|
|-weather|Sandstorm|[upkeep]
|-damage|p1a: Overused|204/403|[from] sandstorm
|-heal|p1a: Overused|229/403|[from] item: Leftovers
|
|switch|p2a: Jolteon|Jolteon, M|271/271
|turn|5
|
|switch|p1a: Special wall|Blissey, F|710/710
|move|p2a: Jolteon|Volt Switch|p1a: Special wall
|-damage|p1a: Special wall|583/710
|
|switch|p2a: Lucario|Lucario, F|282/282
|
|-weather|Sandstorm|[upkeep]
|-damage|p1a: Special wall|539/710|[from] sandstorm
|-heal|p1a: Special wall|583/710|[from] item: Leftovers
|turn|6
|
|switch|p1a: Nice bulk|Hippowdon, M, shiny|419/419
|move|p2a: Lucario|Swords Dance|p2a: Lucario
|-boost|p2a: Lucario|atk|2
|
|-weather|Sandstorm|[upkeep]
|turn|7
|
|move|p2a: Lucario|Close Combat|p1a: Nice bulk
|-damage|p1a: Nice bulk|0 fnt
|-unboost|p2a: Lucario|def|1
|-unboost|p2a: Lucario|spd|1
|-damage|p2a: Lucario|254/282|[from] item: Life Orb
|faint|p1a: Nice bulk
|
|-weather|Sandstorm|[upkeep]
|
|switch|p1a: Powerful threat|Keldeo, shiny|323/323
|turn|8
|
|switch|p2a: Jolteon|Jolteon, M|271/271
|move|p1a: Powerful threat|Secret Sword|p2a: Jolteon
|-damage|p2a: Jolteon|48/271
|
|-weather|Sandstorm|[upkeep]
|-damage|p2a: Jolteon|32/271|[from] sandstorm
|-damage|p1a: Powerful threat|303/323|[from] sandstorm
|-heal|p1a: Powerful threat|323/323|[from] item: Leftovers
|turn|9
|
|switch|p1a: Special wall|Blissey, F|583/710
|move|p2a: Jolteon|Volt Switch|p1a: Special wall
|-crit|p1a: Special wall
|-damage|p1a: Special wall|325/710
|
|switch|p2a: Salamence|Salamence, F|331/331
|
|-weather|Sandstorm|[upkeep]
|-damage|p2a: Salamence|311/331|[from] sandstorm
|-damage|p1a: Special wall|281/710|[from] sandstorm
|-heal|p1a: Special wall|325/710|[from] item: Leftovers
|turn|10
|
|move|p2a: Salamence|Dragon Claw|p1a: Special wall
|-damage|p1a: Special wall|67/710
|move|p1a: Special wall|Toxic|p2a: Salamence
|-status|p2a: Salamence|tox
|
|-weather|Sandstorm|[upkeep]
|-damage|p2a: Salamence|291/331 tox|[from] sandstorm
|-damage|p1a: Special wall|23/710|[from] sandstorm
|-heal|p1a: Special wall|67/710|[from] item: Leftovers
|-damage|p2a: Salamence|271/331 tox|[from] psn
|turn|11
|
|move|p1a: Special wall|Protect|p1a: Special wall
|-singleturn|p1a: Special wall|Protect
|move|p2a: Salamence|Dragon Claw|p1a: Special wall
|-activate|p1a: Special wall|Protect
|
|-weather|Sandstorm|[upkeep]
|-damage|p2a: Salamence|251/331 tox|[from] sandstorm
|-damage|p1a: Special wall|23/710|[from] sandstorm
|-heal|p1a: Special wall|67/710|[from] item: Leftovers
|-damage|p2a: Salamence|211/331 tox|[from] psn
|turn|12
|
|switch|p1a: I'm random|Bronzong, shiny|338/338
|move|p2a: Salamence|Dragon Claw|p1a: I'm random
|-resisted|p1a: I'm random
|-damage|p1a: I'm random|281/338
|
|-weather|Sandstorm|[upkeep]
|-damage|p2a: Salamence|191/331 tox|[from] sandstorm
|-heal|p1a: I'm random|302/338|[from] item: Leftovers
|-damage|p2a: Salamence|131/331 tox|[from] psn
|turn|13
|
|switch|p2a: Keldeo|Keldeo|283/323
|move|p1a: I'm random|Stealth Rock|p2a: Keldeo
|-sidestart|p2: usa #1|move: Stealth Rock
|
|-weather|Sandstorm|[upkeep]
|-damage|p2a: Keldeo|263/323|[from] sandstorm
|-heal|p1a: I'm random|323/338|[from] item: Leftovers
|turn|14
|
|switch|p1a: Special wall|Blissey, F|67/710
|move|p2a: Keldeo|Surf|p1a: Special wall
|-damage|p1a: Special wall|0 fnt
|faint|p1a: Special wall
|
|-weather|Sandstorm|[upkeep]
|-damage|p2a: Keldeo|243/323|[from] sandstorm
|
|switch|p1a: Overused|Celebi, shiny|229/403
|turn|15
|
|move|p2a: Keldeo|Surf|p1a: Overused
|-resisted|p1a: Overused
|-damage|p1a: Overused|142/403
|move|p1a: Overused|Recover|p1a: Overused
|-heal|p1a: Overused|344/403
|
|-weather|Sandstorm|[upkeep]
|-damage|p2a: Keldeo|223/323|[from] sandstorm
|-damage|p1a: Overused|319/403|[from] sandstorm
|-heal|p1a: Overused|344/403|[from] item: Leftovers
|turn|16
|
|switch|p2a: Alakazam|Alakazam, F|252/252
|move|p1a: Overused|Calm Mind|p1a: Overused
|-boost|p1a: Overused|spa|1
|-boost|p1a: Overused|spd|1
|
|-weather|Sandstorm|[upkeep]
|-damage|p1a: Overused|319/403|[from] sandstorm
|-heal|p1a: Overused|344/403|[from] item: Leftovers
|turn|17
|
|move|p2a: Alakazam|Signal Beam|p1a: Overused
|-supereffective|p1a: Overused
|-damage|p1a: Overused|100/403
|move|p1a: Overused|Baton Pass|p1a: Overused
|
|switch|p1a: I'm random|Bronzong, shiny|323/338
|
|-weather|Sandstorm|[upkeep]
|-heal|p1a: I'm random|338/338|[from] item: Leftovers
|turn|18
|
|move|p2a: Alakazam|Signal Beam|p1a: I'm random
|-damage|p1a: I'm random|291/338
|move|p1a: I'm random|Earthquake|p2a: Alakazam
|-crit|p2a: Alakazam
|-enditem|p2a: Alakazam|Focus Sash
|-damage|p2a: Alakazam|1/252
|
|-weather|Sandstorm|[upkeep]
|-heal|p1a: I'm random|312/338|[from] item: Leftovers
|turn|19
|
|move|p2a: Alakazam|Focus Blast|p1a: I'm random|[miss]
|-miss|p2a: Alakazam|p1a: I'm random
|move|p1a: I'm random|Gyro Ball|p2a: Alakazam
|-damage|p2a: Alakazam|0 fnt
|faint|p2a: Alakazam
|
|-weather|Sandstorm|[upkeep]
|-heal|p1a: I'm random|333/338|[from] item: Leftovers
|
|switch|p2a: Salamence|Salamence, F|131/331 tox
|-damage|p2a: Salamence|49/331 tox|[from] Stealth Rock
|turn|20
|
|move|p2a: Salamence|Fire Blast|p1a: I'm random|[miss]
|-miss|p2a: Salamence|p1a: I'm random
|move|p1a: I'm random|Gyro Ball|p2a: Salamence
|-damage|p2a: Salamence|0 fnt
|faint|p2a: Salamence
|
|-weather|Sandstorm|[upkeep]
|-heal|p1a: I'm random|338/338|[from] item: Leftovers
|
|switch|p2a: Keldeo|Keldeo|223/323
|-damage|p2a: Keldeo|203/323|[from] Stealth Rock
|turn|21
|
|move|p2a: Keldeo|Surf|p1a: I'm random
|-damage|p1a: I'm random|247/338
|move|p1a: I'm random|Earthquake|p2a: Keldeo
|-damage|p2a: Keldeo|116/323
|
|-weather|Sandstorm|[upkeep]
|-damage|p2a: Keldeo|96/323|[from] sandstorm
|-heal|p1a: I'm random|268/338|[from] item: Leftovers
|turn|22
|
|move|p2a: Keldeo|Surf|p1a: I'm random
|-damage|p1a: I'm random|184/338
|move|p1a: I'm random|Earthquake|p2a: Keldeo
|-damage|p2a: Keldeo|9/323
|
|-weather|Sandstorm|[upkeep]
|-damage|p2a: Keldeo|0 fnt|[from] sandstorm
|-heal|p1a: I'm random|205/338|[from] item: Leftovers
|faint|p2a: Keldeo
|
|switch|p2a: Lucario|Lucario, F|254/282
|-damage|p2a: Lucario|246/282|[from] Stealth Rock
|turn|23
|
|move|p2a: Lucario|Close Combat|p1a: I'm random
|-damage|p1a: I'm random|0 fnt
|-unboost|p2a: Lucario|def|1
|-unboost|p2a: Lucario|spd|1
|-damage|p2a: Lucario|218/282|[from] item: Life Orb
|faint|p1a: I'm random
|
|-weather|Sandstorm|[upkeep]
|
|switch|p1a: Powerful threat|Keldeo, shiny|323/323
|turn|24
|
|move|p2a: Lucario|Extreme Speed|p1a: Powerful threat
|-damage|p1a: Powerful threat|197/323
|-damage|p2a: Lucario|190/282|[from] item: Life Orb
|move|p1a: Powerful threat|Secret Sword|p2a: Lucario
|-supereffective|p2a: Lucario
|-damage|p2a: Lucario|0 fnt
|faint|p2a: Lucario
|
|-weather|Sandstorm|[upkeep]
|-damage|p1a: Powerful threat|177/323|[from] sandstorm
|-heal|p1a: Powerful threat|197/323|[from] item: Leftovers
|
|switch|p2a: Jolteon|Jolteon, M|32/271
|-damage|p2a: Jolteon|0 fnt|[from] Stealth Rock
|faint|p2a: Jolteon
|
|win|lanturnlol
|raw|Ladder updating...
|raw|lanturnlol's rating: 1399 &rarr; <strong>1415</strong><br />(+16 for winning)
|raw|usa #1's rating: 1323 &rarr; <strong>1307</strong><br />(-16 for losing)
|leave|usa #1