|uhtml|medal-msg|<div class="broadcast-blue">Curious what those medals under the avatar are? PS now has Ladder Seasons! For more information, check out the <a href="https://www.smogon.com/forums/threads/3740067/">thread on Smogon.</a></div>
|uhtml|medal-msg|<div class="broadcast-blue">Curious what those medals under the avatar are? PS now has Ladder Seasons! For more information, check out the <a href="https://www.smogon.com/forums/threads/3740067/">thread on Smogon.</a></div>
|j|☆torinoko city
|j|☆BookofConke
|t:|1713517634
|gametype|singles
|player|p1|torinoko city|miku-flying|1495
|player|p2|BookofConke|silver-masters|1403
|teamsize|p1|6
|teamsize|p2|6
|gen|5
|tier|[Gen 5] OU
|rated|
|rule|Species Clause: Limit one of each Pokémon
|rule|OHKO Clause: OHKO moves are banned
|rule|Moody Clause: Moody is banned
|rule|Evasion Items Clause: Evasion items are banned
|rule|Evasion Moves Clause: Evasion moves are banned
|rule|Endless Battle Clause: Forcing endless battles is banned
|rule|HP Percentage Mod: HP is shown in percentages
|rule|Evasion Abilities Clause: Evasion abilities are banned
|rule|Sleep Moves Clause: Sleep-inducing moves are banned
|rule|Swagger Clause: Swagger is banned
|rule|Baton Pass Stat Clause: No Baton Passer may have a way to boost its stats
|clearpoke
|poke|p1|Politoed, M|item
|poke|p1|Ferrothorn, M|item
|poke|p1|Starmie|item
|poke|p1|Latios, M|item
|poke|p1|Thundurus-Therian, M|item
|poke|p1|Garchomp, M|item
|poke|p2|Politoed, F|item
|poke|p2|Ferrothorn, F|item
|poke|p2|Starmie|item
|poke|p2|Keldeo-Resolute|item
|poke|p2|Kyurem-Black|item
|poke|p2|Thundurus-Therian, M|item
|teampreview
|inactive|Battle timer is ON: inactive players will automatically lose when time's up. (requested by torinoko city)
|c|☆torinoko city|hi conke
|c|☆BookofConke|Hello
|inactive|BookofConke has 120 seconds left.
|
|t:|1713517667
|start
|switch|p1a: mr chomps|Garchomp, M|100/100
|switch|p2a: Thundurus|Thundurus-Therian, M|100/100
|turn|1
|
|t:|1713517678
|move|p1a: mr chomps|Swords Dance|p1a: mr chomps
|-boost|p1a: mr chomps|atk|2
|move|p2a: Thundurus|Hidden Power|p1a: mr chomps
|-supereffective|p1a: mr chomps
|-enditem|p1a: mr chomps|Yache Berry|[eat]
|-enditem|p1a: mr chomps|Yache Berry|[weaken]
|-damage|p1a: mr chomps|39/100
|
|upkeep
|turn|2
|
|t:|1713517689
|switch|p2a: Politoed|Politoed, F|100/100
|-weather|RainDance|[from] ability: Drizzle|[of] p2a: Politoed
|move|p1a: mr chomps|Outrage|p2a: Politoed
|-damage|p2a: Politoed|0 fnt
|faint|p2a: Politoed
|
|-weather|RainDance|[upkeep]
|upkeep
|
|t:|1713517708
|switch|p2a: Keldeo|Keldeo-Resolute|100/100
|turn|3
|
|t:|1713517719
|move|p2a: Keldeo|Secret Sword|p1a: mr chomps
|-damage|p1a: mr chomps|0 fnt
|faint|p1a: mr chomps
|
|-weather|RainDance|[upkeep]
|upkeep
|
|t:|1713517728
|switch|p1a: Bird Noises|Thundurus-Therian, M|100/100
|turn|4
|
|t:|1713517735
|switch|p2a: Thundurus|Thundurus-Therian, M|100/100
|move|p1a: Bird Noises|Thunder|p2a: Thundurus
|-immune|p2a: Thundurus|[from] ability: Volt Absorb
|
|-weather|RainDance|[upkeep]
|upkeep
|turn|5
|
|t:|1713517742
|move|p1a: Bird Noises|Hidden Power|p2a: Thundurus
|-supereffective|p2a: Thundurus
|-damage|p2a: Thundurus|33/100
|move|p2a: Thundurus|Hidden Power|p1a: Bird Noises
|-supereffective|p1a: Bird Noises
|-damage|p1a: Bird Noises|24/100
|
|-weather|RainDance|[upkeep]
|-heal|p1a: Bird Noises|30/100|[from] item: Leftovers
|-heal|p2a: Thundurus|39/100|[from] item: Leftovers
|upkeep
|turn|6
|
|t:|1713517765
|move|p1a: Bird Noises|Hidden Power|p2a: Thundurus
|-supereffective|p2a: Thundurus
|-damage|p2a: Thundurus|0 fnt
|faint|p2a: Thundurus
|
|-weather|RainDance|[upkeep]
|-heal|p1a: Bird Noises|36/100|[from] item: Leftovers
|upkeep
|
|t:|1713517771
|switch|p2a: Starmie|Starmie|100/100
|-item|p2a: Starmie|Air Balloon
|turn|7
|
|t:|1713517781
|switch|p1a: Ferrothorn|Ferrothorn, M|100/100
|move|p2a: Starmie|Ice Beam|p1a: Ferrothorn
|-damage|p1a: Ferrothorn|77/100
|
|-weather|RainDance|[upkeep]
|upkeep
|turn|8
|
|t:|1713517796
|switch|p2a: Keldeo|Keldeo-Resolute|100/100
|move|p1a: Ferrothorn|Stealth Rock|p2a: Keldeo
|-sidestart|p2: BookofConke|move: Stealth Rock
|
|-weather|RainDance|[upkeep]
|upkeep
|turn|9
|
|t:|1713517804
|switch|p1a: Politoed|Politoed, M|100/100
|move|p2a: Keldeo|Secret Sword|p1a: Politoed
|-damage|p1a: Politoed|50/100
|
|-weather|RainDance|[upkeep]
|upkeep
|turn|10
|
|t:|1713517814
|move|p2a: Keldeo|Secret Sword|p1a: Politoed
|-damage|p1a: Politoed|0 fnt
|faint|p1a: Politoed
|
|-weather|RainDance|[upkeep]
|upkeep
|
|t:|1713517820
|switch|p1a: Starmie|Starmie|100/100
|-item|p1a: Starmie|Air Balloon
|turn|11
|
|t:|1713517830
|switch|p2a: Kyurem|Kyurem-Black|100/100
|-damage|p2a: Kyurem|76/100|[from] Stealth Rock
|-ability|p2a: Kyurem|Teravolt
|move|p1a: Starmie|Thunder|p2a: Kyurem
|-resisted|p2a: Kyurem
|-damage|p2a: Kyurem|54/100
|
|-weather|RainDance|[upkeep]
|upkeep
|turn|12
|
|t:|1713517847
|switch|p2a: Keldeo|Keldeo-Resolute|100/100
|-damage|p2a: Keldeo|94/100|[from] Stealth Rock
|switch|p1a: Ferrothorn|Ferrothorn, M|77/100
|
|-weather|RainDance|[upkeep]
|upkeep
|turn|13
|
|t:|1713517863
|switch|p1a: Starmie|Starmie|100/100
|-item|p1a: Starmie|Air Balloon
|move|p2a: Keldeo|Secret Sword|p1a: Starmie
|-resisted|p1a: Starmie
|-damage|p1a: Starmie|48/100
|-enditem|p1a: Starmie|Air Balloon
|
|-weather|RainDance|[upkeep]
|upkeep
|turn|14
|
|t:|1713517874
|switch|p1a: Bird Noises|Thundurus-Therian, M|36/100
|move|p2a: Keldeo|Secret Sword|p1a: Bird Noises
|-resisted|p1a: Bird Noises
|-damage|p1a: Bird Noises|0 fnt
|faint|p1a: Bird Noises
|
|-weather|RainDance|[upkeep]
|upkeep
|
|t:|1713517878
|switch|p1a: Starmie|Starmie|48/100
|turn|15
|
|t:|1713517886
|move|p1a: Starmie|Thunder|p2a: Keldeo
|-supereffective|p2a: Keldeo
|-damage|p2a: Keldeo|20/100
|-status|p2a: Keldeo|par
|move|p2a: Keldeo|Secret Sword|p1a: Starmie
|-resisted|p1a: Starmie
|-damage|p1a: Starmie|0 fnt
|faint|p1a: Starmie
|
|-weather|RainDance|[upkeep]
|upkeep
|
|t:|1713517890
|switch|p1a: Latios|Latios, M|100/100
|turn|16
|
|t:|1713517906
|move|p1a: Latios|Dragon Pulse|p2a: Keldeo
|-damage|p2a: Keldeo|0 fnt
|faint|p2a: Keldeo
|
|-weather|RainDance|[upkeep]
|upkeep
|
|t:|1713517911
|switch|p2a: Ferrothorn|Ferrothorn, F|100/100
|-damage|p2a: Ferrothorn|94/100|[from] Stealth Rock
|turn|17
|
|t:|1713517936
|switch|p1a: Ferrothorn|Ferrothorn, M|77/100
|move|p2a: Ferrothorn|Power Whip|p1a: Ferrothorn|[miss]
|-miss|p2a: Ferrothorn|p1a: Ferrothorn
|
|-weather|RainDance|[upkeep]
|-heal|p2a: Ferrothorn|100/100|[from] item: Leftovers
|upkeep
|turn|18
|
|t:|1713517947
|move|p2a: Ferrothorn|Power Whip|p1a: Ferrothorn
|-resisted|p1a: Ferrothorn
|-damage|p1a: Ferrothorn|70/100
|-damage|p2a: Ferrothorn|88/100|[from] ability: Iron Barbs|[of] p1a: Ferrothorn
|move|p1a: Ferrothorn|Spikes|p2a: Ferrothorn
|-sidestart|p2: BookofConke|Spikes
|
|-weather|RainDance|[upkeep]
|-heal|p2a: Ferrothorn|94/100|[from] item: Leftovers
|upkeep
|turn|19
|
|t:|1713517957
|move|p1a: Ferrothorn|Spikes|p2a: Ferrothorn
|-sidestart|p2: BookofConke|Spikes
|move|p2a: Ferrothorn|Stealth Rock|p1a: Ferrothorn
|-sidestart|p1: torinoko city|move: Stealth Rock
|
|-weather|RainDance|[upkeep]
|-heal|p2a: Ferrothorn|100/100|[from] item: Leftovers
|upkeep
|turn|20
|inactive|BookofConke has 120 seconds left.
|
|t:|1713517972
|switch|p1a: Latios|Latios, M|100/100
|-damage|p1a: Latios|88/100|[from] Stealth Rock
|move|p2a: Ferrothorn|Power Whip|p1a: Latios
|-resisted|p1a: Latios
|-damage|p1a: Latios|60/100
|
|-weather|RainDance|[upkeep]
|upkeep
|turn|21
|inactive|BookofConke has 120 seconds left.
|
|t:|1713517992
|move|p1a: Latios|Dragon Pulse|p2a: Ferrothorn
|-resisted|p2a: Ferrothorn
|-damage|p2a: Ferrothorn|86/100
|move|p2a: Ferrothorn|Power Whip|p1a: Latios
|-resisted|p1a: Latios
|-damage|p1a: Latios|33/100
|
|-weather|RainDance|[upkeep]
|-heal|p2a: Ferrothorn|92/100|[from] item: Leftovers
|upkeep
|turn|22
|inactive|BookofConke has 120 seconds left.
|
|t:|1713518002
|switch|p1a: Ferrothorn|Ferrothorn, M|70/100
|-damage|p1a: Ferrothorn|64/100|[from] Stealth Rock
|move|p2a: Ferrothorn|Gyro Ball|p1a: Ferrothorn
|-resisted|p1a: Ferrothorn
|-damage|p1a: Ferrothorn|61/100
|-damage|p2a: Ferrothorn|80/100|[from] ability: Iron Barbs|[of] p1a: Ferrothorn
|
|-weather|RainDance|[upkeep]
|-heal|p2a: Ferrothorn|86/100|[from] item: Leftovers
|upkeep
|turn|23
|
|t:|1713518012
|move|p1a: Ferrothorn|Spikes|p2a: Ferrothorn
|-sidestart|p2: BookofConke|Spikes
|move|p2a: Ferrothorn|Power Whip|p1a: Ferrothorn
|-resisted|p1a: Ferrothorn
|-damage|p1a: Ferrothorn|54/100
|-damage|p2a: Ferrothorn|74/100|[from] ability: Iron Barbs|[of] p1a: Ferrothorn
|
|-weather|RainDance|[upkeep]
|-heal|p2a: Ferrothorn|80/100|[from] item: Leftovers
|upkeep
|turn|24
|
|t:|1713518027
|move|p1a: Ferrothorn|Spikes||[still]
|-fail|p1a: Ferrothorn
|move|p2a: Ferrothorn|Spikes|p1a: Ferrothorn
|-sidestart|p1: torinoko city|Spikes
|
|-weather|RainDance|[upkeep]
|-heal|p2a: Ferrothorn|86/100|[from] item: Leftovers
|upkeep
|turn|25
|
|t:|1713518033
|switch|p1a: Latios|Latios, M|33/100
|-damage|p1a: Latios|21/100|[from] Stealth Rock
|move|p2a: Ferrothorn|Spikes|p1a: Latios
|-sidestart|p1: torinoko city|Spikes
|
|-weather|RainDance|[upkeep]
|-heal|p2a: Ferrothorn|92/100|[from] item: Leftovers
|upkeep
|turn|26
|
|t:|1713518043
|move|p1a: Latios|Trick|p2a: Ferrothorn
|-activate|p1a: Latios|move: Trick|[of] p2a: Ferrothorn
|-item|p2a: Ferrothorn|Choice Scarf|[from] move: Trick
|-item|p1a: Latios|Leftovers|[from] move: Trick
|move|p2a: Ferrothorn|Power Whip|p1a: Latios
|-resisted|p1a: Latios
|-damage|p1a: Latios|0 fnt
|faint|p1a: Latios
|
|-weather|RainDance|[upkeep]
|upkeep
|
|t:|1713518047
|switch|p1a: Ferrothorn|Ferrothorn, M|54/100
|-damage|p1a: Ferrothorn|47/100|[from] Stealth Rock
|-damage|p1a: Ferrothorn|31/100|[from] Spikes
|turn|27
|
|t:|1713518055
|move|p2a: Ferrothorn|Power Whip|p1a: Ferrothorn
|-resisted|p1a: Ferrothorn
|-crit|p1a: Ferrothorn
|-damage|p1a: Ferrothorn|16/100
|-damage|p2a: Ferrothorn|80/100|[from] ability: Iron Barbs|[of] p1a: Ferrothorn
|move|p1a: Ferrothorn|Spikes||[still]
|-fail|p1a: Ferrothorn
|
|-weather|RainDance|[upkeep]
|upkeep
|turn|28
|c|☆torinoko city|gg
|c|☆BookofConke|gg
|
|t:|1713518063
|move|p2a: Ferrothorn|Power Whip|p1a: Ferrothorn
|-resisted|p1a: Ferrothorn
|-crit|p1a: Ferrothorn
|-damage|p1a: Ferrothorn|2/100
|-damage|p2a: Ferrothorn|67/100|[from] ability: Iron Barbs|[of] p1a: Ferrothorn
|move|p1a: Ferrothorn|Spikes||[still]
|-fail|p1a: Ferrothorn
|
|-weather|RainDance|[upkeep]
|upkeep
|turn|29
|
|t:|1713518070
|move|p2a: Ferrothorn|Power Whip|p1a: Ferrothorn
|-resisted|p1a: Ferrothorn
|-damage|p1a: Ferrothorn|0 fnt
|-damage|p2a: Ferrothorn|55/100|[from] ability: Iron Barbs|[of] p1a: Ferrothorn
|faint|p1a: Ferrothorn
|
|win|BookofConke
|raw|torinoko city's rating: 1495 &rarr; <strong>1470</strong><br />(-25 for losing)
|raw|BookofConke's rating: 1403 &rarr; <strong>1428</strong><br />(+25 for winning)
|l|☆torinoko city
|player|p1|
