|j|☆elle+ratio
|j|☆BWVC BookofConke
|t:|1717076021
|gametype|singles
|player|p1|elle+ratio|fisherman-gen4|1360
|player|p2|BWVC BookofConke|silver-masters|1390
|teamsize|p1|6
|teamsize|p2|6
|gen|5
|tier|[Gen 5] OU
|rated|
|rule|Species Clause: Limit one of each Pokémon
|rule|OHKO Clause: OHKO moves are banned
|rule|Moody Clause: Moody is banned
|rule|Evasion Items Clause: Evasion items are banned
|rule|Evasion Moves Clause: Evasion moves are banned
|rule|Endless Battle Clause: Forcing endless battles is banned
|rule|HP Percentage Mod: HP is shown in percentages
|rule|Evasion Abilities Clause: Evasion abilities are banned
|rule|Sleep Moves Clause: Sleep-inducing moves are banned
|rule|Swagger Clause: Swagger is banned
|rule|Baton Pass Stat Clause: No Baton Passer may have a way to boost its stats
|clearpoke
|poke|p1|Abomasnow, M|item
|poke|p1|Landorus-Therian, M|item
|poke|p1|Salamence, M|item
|poke|p1|Volcarona, F|item
|poke|p1|Dragonite, M|item
|poke|p1|Jirachi|item
|poke|p2|Abomasnow, F|item
|poke|p2|Kyurem-Black|item
|poke|p2|Latios, M|item
|poke|p2|Garchomp, M|item
|poke|p2|Starmie|item
|poke|p2|Jirachi|item
|teampreview
|inactive|Battle timer is ON: inactive players will automatically lose when time's up. (requested by elle+ratio)
|
|t:|1717076034
|start
|switch|p1a: Landorus|Landorus-Therian, M|100/100
|switch|p2a: Jirachi|Jirachi|100/100
|-ability|p1a: Landorus|Intimidate|boost
|-unboost|p2a: Jirachi|atk|1
|turn|1
|
|t:|1717076047
|move|p1a: Landorus|Imprison|p1a: Landorus
|-start|p1a: Landorus|move: Imprison
|cant|p2a: Jirachi|move: Imprison|Stealth Rock
|
|upkeep
|turn|2
|
|t:|1717076057
|switch|p2a: Kyurem|Kyurem-Black|100/100
|-ability|p2a: Kyurem|Teravolt
|move|p1a: Landorus|Stealth Rock|p2a: Kyurem
|-sidestart|p2: BWVC BookofConke|move: Stealth Rock
|
|upkeep
|turn|3
|
|t:|1717076080
|move|p1a: Landorus|Explosion|p2a: Kyurem
|-damage|p2a: Kyurem|28/100
|faint|p1a: Landorus
|move|p2a: Kyurem|Substitute|p2a: Kyurem
|-start|p2a: Kyurem|Substitute
|-damage|p2a: Kyurem|3/100
|
|upkeep
|
|t:|1717076086
|switch|p1a: Jirachi|Jirachi|100/100
|turn|4
|
|t:|1717076094
|move|p1a: Jirachi|Iron Head|p2a: Kyurem
|-supereffective|p2a: Kyurem
|-end|p2a: Kyurem|Substitute
|move|p2a: Kyurem|Fusion Bolt|p1a: Jirachi
|-damage|p1a: Jirachi|52/100
|
|upkeep
|turn|5
|
|t:|1717076114
|switch|p2a: Starmie|Starmie|100/100
|-damage|p2a: Starmie|88/100|[from] Stealth Rock
|-item|p2a: Starmie|Air Balloon
|move|p1a: Jirachi|Iron Head|p2a: Starmie
|-resisted|p2a: Starmie
|-crit|p2a: Starmie
|-damage|p2a: Starmie|32/100
|-enditem|p2a: Starmie|Air Balloon
|
|upkeep
|turn|6
|
|t:|1717076131
|move|p1a: Jirachi|Iron Head|p2a: Starmie
|-resisted|p2a: Starmie
|-damage|p2a: Starmie|4/100
|cant|p2a: Starmie|flinch
|
|upkeep
|turn|7
|
|t:|1717076141
|move|p1a: Jirachi|Iron Head|p2a: Starmie
|-resisted|p2a: Starmie
|-damage|p2a: Starmie|0 fnt
|faint|p2a: Starmie
|
|upkeep
|
|t:|1717076151
|switch|p2a: Garchomp|Garchomp, M|100/100
|-damage|p2a: Garchomp|94/100|[from] Stealth Rock
|turn|8
|
|t:|1717076172
|switch|p1a: Abomasnow|Abomasnow, M|100/100
|-weather|Hail|[from] ability: Snow Warning|[of] p1a: Abomasnow
|move|p2a: Garchomp|Outrage|p1a: Abomasnow
|-damage|p1a: Abomasnow|15/100
|
|-weather|Hail|[upkeep]
|-damage|p2a: Garchomp|88/100|[from] Hail
|upkeep
|turn|9
|
|t:|1717076182
|move|p2a: Garchomp|Outrage|p1a: Abomasnow|[from]lockedmove
|-damage|p1a: Abomasnow|0 fnt
|faint|p1a: Abomasnow
|
|-weather|Hail|[upkeep]
|-damage|p2a: Garchomp|82/100|[from] Hail
|upkeep
|
|t:|1717076186
|switch|p1a: Jirachi|Jirachi|52/100
|turn|10
|
|t:|1717076192
|move|p2a: Garchomp|Outrage|p1a: Jirachi|[from]lockedmove
|-resisted|p1a: Jirachi
|-damage|p1a: Jirachi|25/100
|-start|p2a: Garchomp|confusion|[fatigue]
|move|p1a: Jirachi|Iron Head|p2a: Garchomp
|-damage|p2a: Garchomp|46/100
|-damage|p1a: Jirachi|13/100|[from] ability: Rough Skin|[of] p2a: Garchomp
|
|-weather|Hail|[upkeep]
|-damage|p2a: Garchomp|40/100|[from] Hail
|-damage|p1a: Jirachi|7/100|[from] Hail
|upkeep
|turn|11
|
|t:|1717076205
|switch|p2a: Jirachi|Jirachi|100/100
|-damage|p2a: Jirachi|94/100|[from] Stealth Rock
|move|p1a: Jirachi|Iron Head|p2a: Jirachi
|-resisted|p2a: Jirachi
|-crit|p2a: Jirachi
|-damage|p2a: Jirachi|65/100
|
|-weather|Hail|[upkeep]
|-damage|p1a: Jirachi|0 fnt|[from] Hail
|-damage|p2a: Jirachi|58/100|[from] Hail
|faint|p1a: Jirachi
|-heal|p2a: Jirachi|65/100|[from] item: Leftovers
|upkeep
|
|t:|1717076209
|switch|p1a: Volcarona|Volcarona, F|100/100
|turn|12
|
|t:|1717076223
|move|p1a: Volcarona|Fire Blast|p2a: Jirachi|[miss]
|-miss|p1a: Volcarona|p2a: Jirachi
|move|p2a: Jirachi|U-turn|p1a: Volcarona
|-resisted|p1a: Volcarona
|-damage|p1a: Volcarona|89/100
|
|t:|1717076236
|switch|p2a: Garchomp|Garchomp, M|40/100|[from] U-turn
|-damage|p2a: Garchomp|34/100|[from] Stealth Rock
|
|-weather|Hail|[upkeep]
|-damage|p2a: Garchomp|27/100|[from] Hail
|-damage|p1a: Volcarona|83/100|[from] Hail
|upkeep
|turn|13
|
|t:|1717076252
|move|p2a: Garchomp|Outrage|p1a: Volcarona
|-damage|p1a: Volcarona|0 fnt
|faint|p1a: Volcarona
|
|-weather|Hail|[upkeep]
|-damage|p2a: Garchomp|21/100|[from] Hail
|upkeep
|
|t:|1717076261
|switch|p1a: Dragonite|Dragonite, M|100/100
|turn|14
|
|t:|1717076265
|move|p1a: Dragonite|Extreme Speed|p2a: Garchomp
|-damage|p2a: Garchomp|0 fnt
|-damage|p1a: Dragonite|88/100|[from] ability: Rough Skin|[of] p2a: Garchomp
|faint|p2a: Garchomp
|
|-weather|Hail|[upkeep]
|-damage|p1a: Dragonite|82/100|[from] Hail
|-heal|p1a: Dragonite|88/100|[from] item: Leftovers
|upkeep
|inactive|BWVC BookofConke has 120 seconds left.
|
|t:|1717076310
|switch|p2a: Latios|Latios, M|100/100
|-damage|p2a: Latios|88/100|[from] Stealth Rock
|turn|15
|
|t:|1717076326
|move|p2a: Latios|Draco Meteor|p1a: Dragonite
|-supereffective|p1a: Dragonite
|-damage|p1a: Dragonite|0 fnt
|-unboost|p2a: Latios|spa|2
|faint|p1a: Dragonite
|
|-weather|Hail|[upkeep]
|-damage|p2a: Latios|82/100|[from] Hail
|upkeep
|
|t:|1717076329
|switch|p1a: Salamence|Salamence, M|100/100
|turn|16
|
|t:|1717076338
|move|p2a: Latios|Draco Meteor|p1a: Salamence
|-supereffective|p1a: Salamence
|-damage|p1a: Salamence|16/100
|-unboost|p2a: Latios|spa|2
|move|p1a: Salamence|Dragon Dance|p1a: Salamence
|-boost|p1a: Salamence|atk|1
|-boost|p1a: Salamence|spe|1
|
|-weather|Hail|[upkeep]
|-damage|p1a: Salamence|10/100|[from] Hail
|-damage|p2a: Latios|76/100|[from] Hail
|upkeep
|turn|17
|-message|elle+ratio forfeited.
|
|win|BWVC BookofConke
|raw|elle+ratio's rating: 1360 &rarr; <strong>1342</strong><br />(-18 for losing)
|raw|BWVC BookofConke's rating: 1390 &rarr; <strong>1408</strong><br />(+18 for winning)
|l|☆elle+ratio
|player|p1|
