|j|☆donk27
|j|☆leoperi99
|t:|1717089174
|gametype|singles
|player|p1|donk27|whitney|1322
|player|p2|leoperi99|sage-gen2jp|1495
|teamsize|p1|6
|teamsize|p2|6
|gen|5
|tier|[Gen 5] OU
|rated|
|rule|Species Clause: Limit one of each Pokémon
|rule|OHKO Clause: OHKO moves are banned
|rule|Moody Clause: Moody is banned
|rule|Evasion Items Clause: Evasion items are banned
|rule|Evasion Moves Clause: Evasion moves are banned
|rule|Endless Battle Clause: Forcing endless battles is banned
|rule|HP Percentage Mod: HP is shown in percentages
|rule|Evasion Abilities Clause: Evasion abilities are banned
|rule|Sleep Moves Clause: Sleep-inducing moves are banned
|rule|Swagger Clause: Swagger is banned
|rule|Baton Pass Stat Clause: No Baton Passer may have a way to boost its stats
|clearpoke
|poke|p1|Dragonite, F|item
|poke|p1|Starmie|item
|poke|p1|Volcarona, F|item
|poke|p1|Scizor, M|item
|poke|p1|Breloom, M|item
|poke|p1|Garchomp, M|item
|poke|p2|Politoed, F|item
|poke|p2|Reuniclus, M|item
|poke|p2|Chansey, F|item
|poke|p2|Gliscor, M|item
|poke|p2|Ferrothorn, F|item
|poke|p2|Tentacruel, M|item
|teampreview
|c|☆donk27|glhf
|
|t:|1717089202
|start
|switch|p1a: Breloom|Breloom, M|100/100
|switch|p2a: Politoed|Politoed, F, shiny|100/100
|-weather|RainDance|[from] ability: Drizzle|[of] p2a: Politoed
|turn|1
|
|t:|1717089209
|move|p2a: Politoed|Ice Beam|p1a: Breloom
|-supereffective|p1a: Breloom
|-damage|p1a: Breloom|26/100
|move|p1a: Breloom|Low Sweep|p2a: Politoed
|-damage|p2a: Politoed|21/100
|-unboost|p2a: Politoed|spe|1
|
|-weather|RainDance|[upkeep]
|upkeep
|turn|2
|
|t:|1717089215
|switch|p1a: Scizor|Scizor, M|100/100
|move|p2a: Politoed|Ice Beam|p1a: Scizor
|-resisted|p1a: Scizor
|-damage|p1a: Scizor|87/100
|
|-weather|RainDance|[upkeep]
|upkeep
|turn|3
|inactive|Battle timer is ON: inactive players will automatically lose when time's up. (requested by donk27)
|
|t:|1717089221
|-activate|p2a: Politoed|move: Pursuit
|move|p1a: Scizor|Pursuit|p2a: Politoed|[from]Pursuit
|-damage|p2a: Politoed|0 fnt
|faint|p2a: Politoed
|-damage|p1a: Scizor|77/100|[from] item: Life Orb
|-hint|A Pokemon can't switch between when it runs out of HP and when it faints
|
|-weather|RainDance|[upkeep]
|upkeep
|
|t:|1717089226
|switch|p2a: Tentacruel|Tentacruel, M|100/100
|turn|4
|
|t:|1717089231
|switch|p1a: Starmie|Starmie|100/100
|-item|p1a: Starmie|Air Balloon
|move|p2a: Tentacruel|Toxic Spikes|p1a: Starmie
|-sidestart|p1: donk27|move: Toxic Spikes
|
|-weather|RainDance|[upkeep]
|upkeep
|turn|5
|
|t:|1717089235
|move|p1a: Starmie|Thunderbolt|p2a: Tentacruel
|-supereffective|p2a: Tentacruel
|-damage|p2a: Tentacruel|52/100
|move|p2a: Tentacruel|Scald|p1a: Starmie
|-resisted|p1a: Starmie
|-damage|p1a: Starmie|77/100
|-enditem|p1a: Starmie|Air Balloon
|
|-weather|RainDance|[upkeep]
|-heal|p2a: Tentacruel|58/100|[from] ability: Rain Dish
|-heal|p2a: Tentacruel|64/100|[from] item: Black Sludge
|upkeep
|turn|6
|
|t:|1717089239
|move|p2a: Tentacruel|Protect|p2a: Tentacruel
|-singleturn|p2a: Tentacruel|Protect
|move|p1a: Starmie|Rapid Spin|p2a: Tentacruel
|-activate|p2a: Tentacruel|move: Protect
|
|-weather|RainDance|[upkeep]
|-heal|p2a: Tentacruel|70/100|[from] ability: Rain Dish
|-heal|p2a: Tentacruel|76/100|[from] item: Black Sludge
|upkeep
|turn|7
|
|t:|1717089246
|switch|p2a: Chansey|Chansey, F|100/100
|move|p1a: Starmie|Rapid Spin|p2a: Chansey
|-damage|p2a: Chansey|98/100
|-sideend|p1: donk27|Toxic Spikes|[from] move: Rapid Spin|[of] p1a: Starmie
|
|-weather|RainDance|[upkeep]
|upkeep
|turn|8
|
|t:|1717089249
|switch|p1a: Breloom|Breloom, M|26/100
|move|p2a: Chansey|Toxic|p1a: Breloom
|-status|p1a: Breloom|tox
|
|-weather|RainDance|[upkeep]
|-damage|p1a: Breloom|20/100 tox|[from] psn
|upkeep
|turn|9
|
|t:|1717089257
|switch|p2a: Gliscor|Gliscor, M|100/100
|move|p1a: Breloom|Superpower|p2a: Gliscor
|-resisted|p2a: Gliscor
|-damage|p2a: Gliscor|66/100
|-unboost|p1a: Breloom|atk|1
|-unboost|p1a: Breloom|def|1
|
|-weather|RainDance|[upkeep]
|-damage|p1a: Breloom|8/100 tox|[from] psn
|-status|p2a: Gliscor|tox|[from] item: Toxic Orb
|upkeep
|turn|10
|
|t:|1717089264
|switch|p1a: Garchomp|Garchomp, M|100/100
|move|p2a: Gliscor|Swords Dance|p2a: Gliscor
|-boost|p2a: Gliscor|atk|2
|
|-weather|RainDance|[upkeep]
|-heal|p2a: Gliscor|79/100 tox|[from] ability: Poison Heal
|upkeep
|turn|11
|
|t:|1717089277
|switch|p1a: Starmie|Starmie|77/100
|move|p2a: Gliscor|Earthquake|p1a: Starmie
|-damage|p1a: Starmie|0 fnt
|faint|p1a: Starmie
|
|-weather|RainDance|[upkeep]
|-heal|p2a: Gliscor|91/100 tox|[from] ability: Poison Heal
|upkeep
|
|t:|1717089288
|switch|p1a: Dragonite|Dragonite, F|100/100
|turn|12
|
|t:|1717089290
|move|p1a: Dragonite|Dragon Dance|p1a: Dragonite
|-boost|p1a: Dragonite|atk|1
|-boost|p1a: Dragonite|spe|1
|move|p2a: Gliscor|Facade|p1a: Dragonite
|-damage|p1a: Dragonite|75/100
|
|-weather|RainDance|[upkeep]
|-heal|p1a: Dragonite|82/100|[from] item: Leftovers
|-heal|p2a: Gliscor|100/100 tox|[from] ability: Poison Heal
|upkeep
|turn|13
|
|t:|1717089296
|move|p1a: Dragonite|Roost|p1a: Dragonite
|-heal|p1a: Dragonite|100/100
|-singleturn|p1a: Dragonite|move: Roost
|move|p2a: Gliscor|Facade|p1a: Dragonite
|-damage|p1a: Dragonite|72/100
|
|-weather|RainDance|[upkeep]
|-heal|p1a: Dragonite|78/100|[from] item: Leftovers
|upkeep
|turn|14
|
|t:|1717089300
|move|p1a: Dragonite|Dragon Dance|p1a: Dragonite
|-boost|p1a: Dragonite|atk|1
|-boost|p1a: Dragonite|spe|1
|move|p2a: Gliscor|Swords Dance|p2a: Gliscor
|-boost|p2a: Gliscor|atk|2
|
|-weather|RainDance|[upkeep]
|-heal|p1a: Dragonite|85/100|[from] item: Leftovers
|upkeep
|turn|15
|
|t:|1717089305
|move|p1a: Dragonite|Roost|p1a: Dragonite
|-heal|p1a: Dragonite|100/100
|-singleturn|p1a: Dragonite|move: Roost
|move|p2a: Gliscor|Facade|p1a: Dragonite
|-damage|p1a: Dragonite|62/100
|
|-weather|RainDance|[upkeep]
|-heal|p1a: Dragonite|68/100|[from] item: Leftovers
|upkeep
|turn|16
|
|t:|1717089310
|move|p1a: Dragonite|Dragon Claw|p2a: Gliscor
|-damage|p2a: Gliscor|56/100 tox
|move|p2a: Gliscor|Facade|p1a: Dragonite
|-damage|p1a: Dragonite|0 fnt
|faint|p1a: Dragonite
|
|-weather|RainDance|[upkeep]
|-heal|p2a: Gliscor|69/100 tox|[from] ability: Poison Heal
|upkeep
|
|t:|1717089322
|switch|p1a: Scizor|Scizor, M|77/100
|turn|17
|
|t:|1717089326
|move|p1a: Scizor|Bullet Punch|p2a: Gliscor
|-damage|p2a: Gliscor|39/100 tox
|-damage|p1a: Scizor|67/100|[from] item: Life Orb
|move|p2a: Gliscor|Earthquake|p1a: Scizor
|-damage|p1a: Scizor|0 fnt
|faint|p1a: Scizor
|
|-weather|RainDance|[upkeep]
|-heal|p2a: Gliscor|52/100 tox|[from] ability: Poison Heal
|upkeep
|
|t:|1717089329
|switch|p1a: Garchomp|Garchomp, M|100/100
|turn|18
|
|t:|1717089331
|move|p2a: Gliscor|Protect|p2a: Gliscor
|-singleturn|p2a: Gliscor|Protect
|move|p1a: Garchomp|Outrage|p2a: Gliscor
|-activate|p2a: Gliscor|move: Protect
|
|-weather|RainDance|[upkeep]
|-heal|p2a: Gliscor|64/100 tox|[from] ability: Poison Heal
|upkeep
|turn|19
|
|t:|1717089333
|move|p1a: Garchomp|Outrage|p2a: Gliscor
|-damage|p2a: Gliscor|25/100 tox
|move|p2a: Gliscor|Earthquake|p1a: Garchomp
|-enditem|p1a: Garchomp|Focus Sash
|-damage|p1a: Garchomp|1/100
|
|-weather|RainDance|[upkeep]
|-heal|p2a: Gliscor|38/100 tox|[from] ability: Poison Heal
|upkeep
|turn|20
|j| baishii
|
|t:|1717089335
|move|p2a: Gliscor|Protect|p2a: Gliscor
|-singleturn|p2a: Gliscor|Protect
|move|p1a: Garchomp|Outrage|p2a: Gliscor|[from]lockedmove
|-activate|p2a: Gliscor|move: Protect
|
|-weather|RainDance|[upkeep]
|-heal|p2a: Gliscor|50/100 tox|[from] ability: Poison Heal
|upkeep
|turn|21
|
|t:|1717089338
|move|p1a: Garchomp|Outrage|p2a: Gliscor
|-damage|p2a: Gliscor|7/100 tox
|move|p2a: Gliscor|Earthquake|p1a: Garchomp
|-damage|p1a: Garchomp|0 fnt
|faint|p1a: Garchomp
|
|-weather|RainDance|[upkeep]
|-heal|p2a: Gliscor|20/100 tox|[from] ability: Poison Heal
|upkeep
|
|t:|1717089343
|switch|p1a: Breloom|Breloom, M|8/100 tox
|turn|22
|
|t:|1717089345
|move|p2a: Gliscor|Protect|p2a: Gliscor
|-singleturn|p2a: Gliscor|Protect
|move|p1a: Breloom|Mach Punch|p2a: Gliscor
|-activate|p2a: Gliscor|move: Protect
|
|-weather|RainDance|[upkeep]
|-damage|p1a: Breloom|2/100 tox|[from] psn
|-heal|p2a: Gliscor|32/100 tox|[from] ability: Poison Heal
|upkeep
|turn|23
|
|t:|1717089349
|move|p2a: Gliscor|Protect|p2a: Gliscor
|-singleturn|p2a: Gliscor|Protect
|move|p1a: Breloom|Mach Punch|p2a: Gliscor
|-activate|p2a: Gliscor|move: Protect
|
|-weather|RainDance|[upkeep]
|-damage|p1a: Breloom|0 fnt|[from] psn
|faint|p1a: Breloom
|-heal|p2a: Gliscor|45/100 tox|[from] ability: Poison Heal
|upkeep
|
|t:|1717089351
|switch|p1a: Volcarona|Volcarona, F|100/100
|turn|24
|
|t:|1717089353
|move|p1a: Volcarona|Quiver Dance|p1a: Volcarona
|-boost|p1a: Volcarona|spa|1
|-boost|p1a: Volcarona|spd|1
|-boost|p1a: Volcarona|spe|1
|move|p2a: Gliscor|Earthquake|p1a: Volcarona
|-damage|p1a: Volcarona|0 fnt
|faint|p1a: Volcarona
|
|win|leoperi99
|raw|donk27's rating: 1322 &rarr; <strong>1311</strong><br />(-11 for losing)
|raw|leoperi99's rating: 1495 &rarr; <strong>1506</strong><br />(+11 for winning)
|c|☆donk27|gg
|l|☆donk27
|player|p1|
