|j|☆sqdsqf
|j|☆muchacho bratt
|player|p1|sqdsqf|266
|player|p2|muchacho bratt|172
|teamsize|p1|6
|teamsize|p2|6
|gametype|singles
|gen|5
|tier|[Gen 5] OU
|rated|
|rule|Sleep Clause Mod: Limit one foe put to sleep
|rule|Species Clause: Limit one of each Pokémon
|rule|OHKO Clause: OHKO moves are banned
|rule|Moody Clause: Moody is banned
|rule|Evasion Moves Clause: Evasion moves are banned
|rule|Endless Battle Clause: Forcing endless battles is banned
|rule|HP Percentage Mod: HP is shown in percentages
|rule|Evasion Abilities Clause: Evasion abilities are banned
|rule|Baton Pass Clause: Limit one Baton Passer, can't pass Spe and other stats simultaneously
|rule|Swagger Clause: Swagger is banned
|clearpoke
|poke|p1|Tyranitar, M|item
|poke|p1|Garchomp, M|item
|poke|p1|Ferrothorn, M|item
|poke|p1|Landorus-Therian, M|item
|poke|p1|Rotom-Wash|item
|poke|p1|Hydreigon, M|item
|poke|p2|Garchomp, M|item
|poke|p2|Dragonite, F|item
|poke|p2|Starmie|item
|poke|p2|Scizor, F|item
|poke|p2|Conkeldurr, F|item
|poke|p2|Volcarona, F|item
|teampreview
|inactive|Battle timer is ON: inactive players will automatically lose when time's up. (requested by muchacho bratt)
|raw|<div class="broadcast-red"><strong>This room is now invite only!</strong><br />Users must be rank + or invited with <code>/invite</code> to join</div>
|c|☆sqdsqf|/log sqdsqf set modjoin to +.
|c|☆sqdsqf|/log sqdsqf made this room hidden.
|c|☆muchacho bratt|sad
|
|start
|switch|p1a: Garchomp|Garchomp, M|100/100
|switch|p2a: Garchomp|Garchomp, M|100/100
|turn|1
|
|move|p1a: Garchomp|Dual Chop|p2a: Garchomp
|-supereffective|p2a: Garchomp
|-damage|p2a: Garchomp|52/100
|-damage|p1a: Garchomp|88/100|[from] ability: Rough Skin|[of] p2a: Garchomp
|-supereffective|p2a: Garchomp
|-damage|p2a: Garchomp|1/100
|-damage|p1a: Garchomp|76/100|[from] ability: Rough Skin|[of] p2a: Garchomp
|-hitcount|p2a: Garchomp|2
|move|p2a: Garchomp|Outrage|p1a: Garchomp
|-enditem|p2a: Garchomp|Dragon Gem|[from] gem|[move] Outrage
|-supereffective|p1a: Garchomp
|-damage|p1a: Garchomp|0 fnt
|-damage|p2a: Garchomp|0 fnt|[from] ability: Rough Skin|[of] p1a: Garchomp
|faint|p2a: Garchomp
|-formechange|p2a: Garchomp|Garchomp||[from] ability: Rough Skin
|faint|p1a: Garchomp
|-formechange|p1a: Garchomp|Garchomp||[from] ability: Rough Skin
|
|upkeep
|
|switch|p2a: Conkeldurr|Conkeldurr, F|100/100
|switch|p1a: Rotom|Rotom-Wash|100/100
|turn|2
|
|switch|p2a: Volcarona|Volcarona, F|100/100
|move|p1a: Rotom|Hydro Pump|p2a: Volcarona
|-supereffective|p2a: Volcarona
|-enditem|p2a: Volcarona|Passho Berry|[eat]
|-enditem|p2a: Volcarona|Passho Berry|[weaken]
|-damage|p2a: Volcarona|58/100
|
|upkeep
|turn|3
|
|switch|p1a: Tyranitar|Tyranitar, M|100/100
|-weather|Sandstorm|[from] ability: Sand Stream|[of] p1a: Tyranitar
|move|p2a: Volcarona|Giga Drain|p1a: Tyranitar
|-supereffective|p1a: Tyranitar
|-damage|p1a: Tyranitar|80/100
|-heal|p2a: Volcarona|69/100|[from] drain|[of] p1a: Tyranitar
|
|-weather|Sandstorm|[upkeep]
|-damage|p2a: Volcarona|63/100|[from] Sandstorm
|upkeep
|turn|4
|
|-activate|p2a: Volcarona|move: Pursuit
|move|p1a: Tyranitar|Pursuit|p2a: Volcarona|[from]Pursuit
|-damage|p2a: Volcarona|29/100
|switch|p2a: Scizor|Scizor, F|100/100
|
|-weather|Sandstorm|[upkeep]
|upkeep
|turn|5
|
|switch|p1a: Landorus-T|Landorus-Therian, M|100/100
|-ability|p1a: Landorus-T|Intimidate|boost
|-unboost|p2a: Scizor|atk|1
|move|p2a: Scizor|Superpower|p1a: Landorus-T
|-resisted|p1a: Landorus-T
|-damage|p1a: Landorus-T|78/100
|-unboost|p2a: Scizor|atk|1
|-unboost|p2a: Scizor|def|1
|-damage|p2a: Scizor|91/100|[from] item: Life Orb
|
|-weather|Sandstorm|[upkeep]
|upkeep
|turn|6
|inactive|muchacho bratt has 120 seconds left.
|
|switch|p2a: Volcarona|Volcarona, F|29/100
|move|p1a: Landorus-T|Earthquake|p2a: Volcarona
|-crit|p2a: Volcarona
|-damage|p2a: Volcarona|0 fnt
|faint|p2a: Volcarona
|
|-weather|Sandstorm|[upkeep]
|upkeep
|
|switch|p2a: Dragonite|Dragonite, F|100/100
|turn|7
|
|move|p1a: Landorus-T|Hidden Power|p2a: Dragonite
|-supereffective|p2a: Dragonite
|-damage|p2a: Dragonite|67/100
|move|p2a: Dragonite|Fire Punch|p1a: Landorus-T
|-damage|p1a: Landorus-T|29/100
|
|-weather|Sandstorm|[upkeep]
|-damage|p2a: Dragonite|61/100|[from] Sandstorm
|upkeep
|turn|8
|
|switch|p2a: Starmie|Starmie|100/100
|move|p1a: Landorus-T|Earthquake|p2a: Starmie
|-damage|p2a: Starmie|18/100
|
|-weather|Sandstorm|[upkeep]
|-damage|p2a: Starmie|12/100|[from] Sandstorm
|upkeep
|turn|9
|
|switch|p2a: Conkeldurr|Conkeldurr, F|100/100
|switch|p1a: Tyranitar|Tyranitar, M|80/100
|
|-weather|Sandstorm|[upkeep]
|-damage|p2a: Conkeldurr|94/100|[from] Sandstorm
|upkeep
|turn|10
|
|switch|p1a: Rotom|Rotom-Wash|100/100
|move|p2a: Conkeldurr|Drain Punch|p1a: Rotom
|-damage|p1a: Rotom|55/100
|-heal|p2a: Conkeldurr|100/100|[from] drain|[of] p1a: Rotom
|-damage|p2a: Conkeldurr|91/100|[from] item: Life Orb
|
|-weather|Sandstorm|[upkeep]
|-damage|p1a: Rotom|49/100|[from] Sandstorm
|-damage|p2a: Conkeldurr|84/100|[from] Sandstorm
|-heal|p1a: Rotom|55/100|[from] item: Leftovers
|upkeep
|turn|11
|
|move|p1a: Rotom|Pain Split|p2a: Conkeldurr
|-sethp|p2a: Conkeldurr|64/100|p1a: Rotom|80/100|[from] move: Pain Split
|move|p2a: Conkeldurr|Drain Punch|p1a: Rotom
|-damage|p1a: Rotom|30/100
|-heal|p2a: Conkeldurr|84/100|[from] drain|[of] p1a: Rotom
|-damage|p2a: Conkeldurr|74/100|[from] item: Life Orb
|
|-weather|Sandstorm|[upkeep]
|-damage|p1a: Rotom|24/100|[from] Sandstorm
|-damage|p2a: Conkeldurr|68/100|[from] Sandstorm
|-heal|p1a: Rotom|30/100|[from] item: Leftovers
|upkeep
|turn|12
|
|switch|p2a: Starmie|Starmie|12/100
|move|p1a: Rotom|Hydro Pump|p2a: Starmie
|-resisted|p2a: Starmie
|-damage|p2a: Starmie|0 fnt
|faint|p2a: Starmie
|
|-weather|Sandstorm|[upkeep]
|-damage|p1a: Rotom|24/100|[from] Sandstorm
|-heal|p1a: Rotom|30/100|[from] item: Leftovers
|upkeep
|
|switch|p2a: Dragonite|Dragonite, F|61/100
|turn|13
|
|switch|p1a: Ferrothorn|Ferrothorn, M|100/100
|move|p2a: Dragonite|Extreme Speed|p1a: Ferrothorn
|-resisted|p1a: Ferrothorn
|-damage|p1a: Ferrothorn|83/100
|-damage|p2a: Dragonite|49/100|[from] ability: Iron Barbs|[of] p1a: Ferrothorn
|
|-weather|Sandstorm|[upkeep]
|-damage|p2a: Dragonite|42/100|[from] Sandstorm
|-heal|p1a: Ferrothorn|89/100|[from] item: Leftovers
|upkeep
|turn|14
|
|switch|p2a: Scizor|Scizor, F|91/100
|move|p1a: Ferrothorn|Stealth Rock|p2a: Scizor
|-sidestart|p2: muchacho bratt|move: Stealth Rock
|
|-weather|Sandstorm|[upkeep]
|-heal|p1a: Ferrothorn|95/100|[from] item: Leftovers
|upkeep
|turn|15
|
|move|p2a: Scizor|Swords Dance|p2a: Scizor
|-boost|p2a: Scizor|atk|2
|move|p1a: Ferrothorn|Leech Seed|p2a: Scizor
|-start|p2a: Scizor|move: Leech Seed
|
|-weather|Sandstorm|[upkeep]
|-heal|p1a: Ferrothorn|100/100|[from] item: Leftovers
|-damage|p2a: Scizor|78/100|[from] Leech Seed|[of] p1a: Ferrothorn
|upkeep
|turn|16
|
|switch|p1a: Landorus-T|Landorus-Therian, M|29/100
|-ability|p1a: Landorus-T|Intimidate|boost
|-unboost|p2a: Scizor|atk|1
|move|p2a: Scizor|Superpower|p1a: Landorus-T
|-resisted|p1a: Landorus-T
|-damage|p1a: Landorus-T|0 fnt
|-unboost|p2a: Scizor|atk|1
|-unboost|p2a: Scizor|def|1
|-damage|p2a: Scizor|68/100|[from] item: Life Orb
|faint|p1a: Landorus-T
|
|-weather|Sandstorm|[upkeep]
|upkeep
|
|switch|p1a: Hydreigon|Hydreigon, M|100/100
|turn|17
|
|switch|p2a: Dragonite|Dragonite, F|42/100
|-damage|p2a: Dragonite|17/100|[from] Stealth Rock
|move|p1a: Hydreigon|Fire Blast|p2a: Dragonite
|-resisted|p2a: Dragonite
|-crit|p2a: Dragonite
|-damage|p2a: Dragonite|0 fnt
|-damage|p1a: Hydreigon|91/100|[from] item: Life Orb
|faint|p2a: Dragonite
|
|-weather|Sandstorm|[upkeep]
|-damage|p1a: Hydreigon|84/100|[from] Sandstorm
|upkeep
|
|switch|p2a: Conkeldurr|Conkeldurr, F|68/100
|-damage|p2a: Conkeldurr|62/100|[from] Stealth Rock
|turn|18
|
|move|p2a: Conkeldurr|Mach Punch|p1a: Hydreigon
|-supereffective|p1a: Hydreigon
|-damage|p1a: Hydreigon|5/100
|-damage|p2a: Conkeldurr|52/100|[from] item: Life Orb
|move|p1a: Hydreigon|Draco Meteor|p2a: Conkeldurr
|-damage|p2a: Conkeldurr|0 fnt
|-unboost|p1a: Hydreigon|spa|2
|-damage|p1a: Hydreigon|0 fnt|[from] item: Life Orb
|faint|p2a: Conkeldurr
|faint|p1a: Hydreigon
|
|-weather|Sandstorm|[upkeep]
|upkeep
|
|switch|p1a: Rotom|Rotom-Wash|30/100
|switch|p2a: Scizor|Scizor, F|68/100
|-damage|p2a: Scizor|56/100|[from] Stealth Rock
|turn|19
|
|move|p2a: Scizor|Bug Bite|p1a: Rotom
|-damage|p1a: Rotom|0 fnt
|-damage|p2a: Scizor|46/100|[from] item: Life Orb
|faint|p1a: Rotom
|
|-weather|Sandstorm|[upkeep]
|upkeep
|
|switch|p1a: Tyranitar|Tyranitar, M|80/100
|turn|20
|
|switch|p1a: Ferrothorn|Ferrothorn, M|100/100
|move|p2a: Scizor|Superpower|p1a: Ferrothorn
|-supereffective|p1a: Ferrothorn
|-damage|p1a: Ferrothorn|12/100
|-damage|p2a: Scizor|33/100|[from] ability: Iron Barbs|[of] p1a: Ferrothorn
|-unboost|p2a: Scizor|atk|1
|-unboost|p2a: Scizor|def|1
|-damage|p2a: Scizor|23/100|[from] item: Life Orb
|
|-weather|Sandstorm|[upkeep]
|-heal|p1a: Ferrothorn|18/100|[from] item: Leftovers
|upkeep
|turn|21
|
|move|p2a: Scizor|Superpower|p1a: Ferrothorn
|-supereffective|p1a: Ferrothorn
|-damage|p1a: Ferrothorn|0 fnt
|-damage|p2a: Scizor|11/100|[from] ability: Iron Barbs|[of] p1a: Ferrothorn
|-unboost|p2a: Scizor|atk|1
|-unboost|p2a: Scizor|def|1
|-damage|p2a: Scizor|1/100|[from] item: Life Orb
|faint|p1a: Ferrothorn
|
|-weather|Sandstorm|[upkeep]
|upkeep
|
|switch|p1a: Tyranitar|Tyranitar, M|80/100
|turn|22
|c|☆sqdsqf|/log sqdsqf made this room public.
|
|move|p2a: Scizor|Superpower|p1a: Tyranitar
|-supereffective|p1a: Tyranitar
|-enditem|p1a: Tyranitar|Chople Berry|[eat]
|-enditem|p1a: Tyranitar|Chople Berry|[weaken]
|-damage|p1a: Tyranitar|32/100
|-unboost|p2a: Scizor|atk|1
|-unboost|p2a: Scizor|def|1
|-damage|p2a: Scizor|0 fnt|[from] item: Life Orb
|faint|p2a: Scizor
|
|win|sqdsqf
|c|☆muchacho bratt|lmao youre so sad. im glad you cant get laid
|raw|sqdsqf's rating: 1358 &rarr; <strong>1382</strong><br />(+24 for winning)
|raw|muchacho bratt's rating: 1427 &rarr; <strong>1403</strong><br />(-24 for losing)
|c|☆sqdsqf|gg
|c|☆muchacho bratt|holy shit you gotta be disgusting irl
|l|☆muchacho bratt
|c|☆sqdsqf|noob
