|j|☆ColdHands97
|j|☆estalos
|t:|1715039107
|gametype|singles
|player|p1|ColdHands97|hiker-gen3|1297
|player|p2|estalos|265|1323
|teamsize|p1|6
|teamsize|p2|6
|gen|5
|tier|[Gen 5] OU
|rated|
|rule|Species Clause: Limit one of each Pokémon
|rule|OHKO Clause: OHKO moves are banned
|rule|Moody Clause: Moody is banned
|rule|Evasion Items Clause: Evasion items are banned
|rule|Evasion Moves Clause: Evasion moves are banned
|rule|Endless Battle Clause: Forcing endless battles is banned
|rule|HP Percentage Mod: HP is shown in percentages
|rule|Evasion Abilities Clause: Evasion abilities are banned
|rule|Sleep Moves Clause: Sleep-inducing moves are banned
|rule|Swagger Clause: Swagger is banned
|rule|Baton Pass Stat Clause: No Baton Passer may have a way to boost its stats
|clearpoke
|poke|p1|Alakazam, M|item
|poke|p1|Rotom-Wash|item
|poke|p1|Hydreigon, M|item
|poke|p1|Scizor, M|item
|poke|p1|Landorus-Therian, M|item
|poke|p1|Conkeldurr, M|item
|poke|p2|Cloyster, M|item
|poke|p2|Skarmory, F|item
|poke|p2|Starmie|item
|poke|p2|Scizor, F|item
|poke|p2|Volcarona, F|item
|poke|p2|Landorus-Therian, M|item
|teampreview
|inactive|Battle timer is ON: inactive players will automatically lose when time's up. (requested by ColdHands97)
|
|t:|1715039121
|start
|switch|p1a: Rotom|Rotom-Wash|100/100
|switch|p2a: Skarmory|Skarmory, F|100/100
|turn|1
|
|t:|1715039137
|move|p1a: Rotom|Trick|p2a: Skarmory
|-activate|p1a: Rotom|move: Trick|[of] p2a: Skarmory
|-item|p2a: Skarmory|Choice Scarf|[from] move: Trick
|-item|p1a: Rotom|Custap Berry|[from] move: Trick
|move|p2a: Skarmory|Stealth Rock|p1a: Rotom
|-sidestart|p1: ColdHands97|move: Stealth Rock
|
|upkeep
|turn|2
|
|t:|1715039152
|switch|p2a: Scizor|Scizor, F|100/100
|move|p1a: Rotom|Hydro Pump|p2a: Scizor
|-damage|p2a: Scizor|18/100
|
|upkeep
|turn|3
|
|t:|1715039162
|move|p2a: Scizor|Superpower|p1a: Rotom
|-damage|p1a: Rotom|29/100
|-unboost|p2a: Scizor|atk|1
|-unboost|p2a: Scizor|def|1
|-damage|p2a: Scizor|8/100|[from] item: Life Orb
|move|p1a: Rotom|Thunderbolt|p2a: Scizor
|-damage|p2a: Scizor|0 fnt
|faint|p2a: Scizor
|
|upkeep
|
|t:|1715039172
|switch|p2a: Volcarona|Volcarona, F|100/100
|turn|4
|
|t:|1715039189
|move|p2a: Volcarona|Bug Buzz|p1a: Rotom
|-crit|p1a: Rotom
|-damage|p1a: Rotom|0 fnt
|faint|p1a: Rotom
|
|upkeep
|
|t:|1715039204
|switch|p1a: Alakazam|Alakazam, M|100/100
|turn|5
|
|t:|1715039227
|switch|p2a: Skarmory|Skarmory, F|100/100
|move|p1a: Alakazam|Charge Beam|p2a: Skarmory
|-supereffective|p2a: Skarmory
|-damage|p2a: Skarmory|35/100
|-boost|p1a: Alakazam|spa|1
|
|upkeep
|turn|6
|
|t:|1715039234
|move|p2a: Skarmory|Brave Bird|p1a: Alakazam
|-crit|p1a: Alakazam
|-enditem|p1a: Alakazam|Focus Sash
|-damage|p1a: Alakazam|1/100
|-damage|p2a: Skarmory|4/100|[from] Recoil
|move|p1a: Alakazam|Charge Beam|p2a: Skarmory
|-supereffective|p2a: Skarmory
|-damage|p2a: Skarmory|0 fnt
|-boost|p1a: Alakazam|spa|1
|faint|p2a: Skarmory
|
|upkeep
|
|t:|1715039237
|switch|p2a: Cloyster|Cloyster, M|100/100
|turn|7
|
|t:|1715039250
|move|p2a: Cloyster|Ice Shard|p1a: Alakazam
|-damage|p1a: Alakazam|0 fnt
|faint|p1a: Alakazam
|
|upkeep
|
|t:|1715039258
|switch|p1a: Hydreigon|Hydreigon, M|100/100
|-damage|p1a: Hydreigon|88/100|[from] Stealth Rock
|turn|8
|
|t:|1715039268
|move|p1a: Hydreigon|Draco Meteor|p2a: Cloyster
|-damage|p2a: Cloyster|0 fnt
|-unboost|p1a: Hydreigon|spa|2
|faint|p2a: Cloyster
|
|upkeep
|
|t:|1715039271
|switch|p2a: Volcarona|Volcarona, F|100/100
|turn|9
|
|t:|1715039280
|switch|p1a: Landorus|Landorus-Therian, M|100/100
|-damage|p1a: Landorus|88/100|[from] Stealth Rock
|-ability|p1a: Landorus|Intimidate|boost
|-unboost|p2a: Volcarona|atk|1
|move|p2a: Volcarona|Quiver Dance|p2a: Volcarona
|-boost|p2a: Volcarona|spa|1
|-boost|p2a: Volcarona|spd|1
|-boost|p2a: Volcarona|spe|1
|
|-heal|p1a: Landorus|94/100|[from] item: Leftovers
|upkeep
|turn|10
|
|t:|1715039285
|move|p2a: Volcarona|Fire Blast|p1a: Landorus|[miss]
|-miss|p2a: Volcarona|p1a: Landorus
|move|p1a: Landorus|Stone Edge|p2a: Volcarona
|-supereffective|p2a: Volcarona
|-damage|p2a: Volcarona|0 fnt
|faint|p2a: Volcarona
|
|-heal|p1a: Landorus|99/100|[from] item: Leftovers
|upkeep
|
|t:|1715039293
|switch|p2a: Landorus|Landorus-Therian, M|100/100
|-ability|p2a: Landorus|Intimidate|boost
|-unboost|p1a: Landorus|atk|1
|turn|11
|
|t:|1715039301
|move|p2a: Landorus|Swords Dance|p2a: Landorus
|-boost|p2a: Landorus|atk|2
|move|p1a: Landorus|Stone Edge|p2a: Landorus
|-damage|p2a: Landorus|71/100
|
|-heal|p1a: Landorus|100/100|[from] item: Leftovers
|upkeep
|turn|12
|
|t:|1715039320
|move|p1a: Landorus|Stone Edge|p2a: Landorus
|-damage|p2a: Landorus|38/100
|move|p2a: Landorus|Rock Polish|p2a: Landorus
|-boost|p2a: Landorus|spe|2
|
|upkeep
|turn|13
|
|t:|1715039326
|move|p2a: Landorus|Stone Edge|p1a: Landorus
|-damage|p1a: Landorus|11/100
|move|p1a: Landorus|Stone Edge|p2a: Landorus|[miss]
|-miss|p1a: Landorus|p2a: Landorus
|
|-heal|p1a: Landorus|17/100|[from] item: Leftovers
|upkeep
|turn|14
|inactive|estalos has 120 seconds left.
|
|t:|1715039367
|move|p2a: Landorus|Stone Edge|p1a: Landorus
|-damage|p1a: Landorus|0 fnt
|faint|p1a: Landorus
|
|upkeep
|
|t:|1715039371
|switch|p1a: Scizor|Scizor, M|100/100
|-damage|p1a: Scizor|88/100|[from] Stealth Rock
|turn|15
|
|t:|1715039374
|move|p1a: Scizor|Bullet Punch|p2a: Landorus
|-damage|p2a: Landorus|0 fnt
|faint|p2a: Landorus
|-damage|p1a: Scizor|78/100|[from] item: Life Orb
|
|upkeep
|
|t:|1715039377
|switch|p2a: Starmie|Starmie|100/100
|-item|p2a: Starmie|Air Balloon
|turn|16
|
|t:|1715039383
|move|p1a: Scizor|Bullet Punch|p2a: Starmie
|-resisted|p2a: Starmie
|-damage|p2a: Starmie|64/100
|-enditem|p2a: Starmie|Air Balloon
|-damage|p1a: Scizor|68/100|[from] item: Life Orb
|move|p2a: Starmie|Hydro Pump|p1a: Scizor|[miss]
|-miss|p2a: Starmie|p1a: Scizor
|
|upkeep
|turn|17
|
|t:|1715039392
|move|p1a: Scizor|Bullet Punch|p2a: Starmie
|-resisted|p2a: Starmie
|-damage|p2a: Starmie|28/100
|-damage|p1a: Scizor|58/100|[from] item: Life Orb
|move|p2a: Starmie|Hydro Pump|p1a: Scizor
|-damage|p1a: Scizor|0 fnt
|faint|p1a: Scizor
|
|upkeep
|
|t:|1715039398
|switch|p1a: Hydreigon|Hydreigon, M|88/100
|-damage|p1a: Hydreigon|76/100|[from] Stealth Rock
|turn|18
|c|☆ColdHands97|gg
|
|t:|1715039404
|move|p1a: Hydreigon|Dark Pulse|p2a: Starmie
|-supereffective|p2a: Starmie
|-damage|p2a: Starmie|0 fnt
|faint|p2a: Starmie
|
|win|ColdHands97
|raw|ColdHands97's rating: 1297 &rarr; <strong>1324</strong><br />(+27 for winning)
|raw|estalos's rating: 1323 &rarr; <strong>1302</strong><br />(-21 for losing)
