|j|☆Crimsonbacon38
|j|☆Ryusen696969
|t:|1722201808
|gametype|singles
|player|p1|Crimsonbacon38|barry|1332
|player|p2|Ryusen696969|265|1321
|teamsize|p1|6
|teamsize|p2|6
|gen|5
|tier|[Gen 5] OU
|rated|
|rule|Species Clause: Limit one of each Pokémon
|rule|OHKO Clause: OHKO moves are banned
|rule|Moody Clause: Moody is banned
|rule|Evasion Items Clause: Evasion items are banned
|rule|Evasion Moves Clause: Evasion moves are banned
|rule|Endless Battle Clause: Forcing endless battles is banned
|rule|HP Percentage Mod: HP is shown in percentages
|rule|Evasion Abilities Clause: Evasion abilities are banned
|rule|Sleep Moves Clause: Sleep-inducing moves are banned
|rule|Swagger Clause: Swagger is banned
|rule|Baton Pass Stat Clause: No Baton Passer may have a way to boost its stats
|clearpoke
|poke|p1|Ferrothorn, M|item
|poke|p1|Politoed, M|item
|poke|p1|Keldeo|item
|poke|p1|Latios, M|item
|poke|p1|Garchomp, M|item
|poke|p1|Starmie|item
|poke|p2|Garchomp, M|item
|poke|p2|Blissey, F|item
|poke|p2|Suicune|item
|poke|p2|Scizor, F|item
|poke|p2|Zoroark, M|item
|poke|p2|Alakazam, F|item
|teampreview
|inactive|Battle timer is ON: inactive players will automatically lose when time's up. (requested by Ryusen696969)
|
|t:|1722201816
|start
|switch|p1a: Ferrothorn|Ferrothorn, M|100/100
|switch|p2a: Garchomp|Garchomp, M|100/100
|turn|1
|
|t:|1722201821
|move|p2a: Garchomp|Flamethrower|p1a: Ferrothorn
|-supereffective|p1a: Ferrothorn
|-damage|p1a: Ferrothorn|0 fnt
|faint|p1a: Ferrothorn
|
|upkeep
|
|t:|1722201839
|switch|p1a: Politoed|Politoed, M|100/100
|-weather|RainDance|[from] ability: Drizzle|[of] p1a: Politoed
|turn|2
|
|t:|1722201842
|switch|p2a: Blissey|Blissey, F|100/100
|move|p1a: Politoed|Ice Beam|p2a: Blissey
|-damage|p2a: Blissey|91/100
|
|-weather|RainDance|[upkeep]
|upkeep
|turn|3
|
|t:|1722201872
|switch|p1a: Keldeo|Keldeo|100/100
|move|p2a: Blissey|Thunderbolt|p1a: Keldeo
|-supereffective|p1a: Keldeo
|-damage|p1a: Keldeo|40/100
|-status|p1a: Keldeo|par
|-enditem|p1a: Keldeo|Lum Berry|[eat]
|-curestatus|p1a: Keldeo|par|[msg]
|
|-weather|RainDance|[upkeep]
|upkeep
|turn|4
|
|t:|1722201882
|switch|p2a: Suicune|Suicune, shiny|100/100
|-ability|p2a: Suicune|Pressure
|move|p1a: Keldeo|Secret Sword|p2a: Suicune
|-damage|p2a: Suicune|73/100
|
|-weather|RainDance|[upkeep]
|-heal|p2a: Suicune|79/100|[from] item: Leftovers
|upkeep
|turn|5
|inactive|Crimsonbacon38 has 120 seconds left.
|
|t:|1722201921
|switch|p1a: Latios|Latios, M|100/100
|move|p2a: Suicune|Air Slash|p1a: Latios
|-damage|p1a: Latios|80/100
|
|-weather|RainDance|[upkeep]
|-heal|p2a: Suicune|85/100|[from] item: Leftovers
|upkeep
|turn|6
|
|t:|1722201925
|switch|p2a: Blissey|Blissey, F|91/100
|move|p1a: Latios|Trick|p2a: Blissey
|-activate|p1a: Latios|move: Trick|[of] p2a: Blissey
|-item|p2a: Blissey|Choice Scarf|[from] move: Trick
|-item|p1a: Latios|Focus Sash|[from] move: Trick
|
|-weather|RainDance|[upkeep]
|upkeep
|turn|7
|inactive|Crimsonbacon38 has 90 seconds left.
|
|t:|1722201964
|move|p1a: Latios|Psyshock|p2a: Blissey
|-damage|p2a: Blissey|7/100
|move|p2a: Blissey|Ice Beam|p1a: Latios
|-supereffective|p1a: Latios
|-damage|p1a: Latios|28/100
|
|-weather|RainDance|[upkeep]
|upkeep
|turn|8
|inactive|Crimsonbacon38 has 90 seconds left.
|
|t:|1722201969
|switch|p2a: Garchomp|Garchomp, M|100/100
|move|p1a: Latios|Surf|p2a: Garchomp
|-damage|p2a: Garchomp|0 fnt
|replace|p2a: Zoroark|Zoroark, M
|-end|p2a: Zoroark|Illusion
|faint|p2a: Zoroark
|
|-weather|RainDance|[upkeep]
|upkeep
|
|t:|1722201975
|switch|p2a: Scizor|Scizor, F|100/100
|turn|9
|
|t:|1722201984
|move|p2a: Scizor|Bullet Punch|p1a: Latios
|-crit|p1a: Latios
|-damage|p1a: Latios|0 fnt
|faint|p1a: Latios
|
|-weather|RainDance|[upkeep]
|upkeep
|
|t:|1722201989
|switch|p1a: Garchomp|Garchomp, M|100/100
|turn|10
|
|t:|1722201993
|switch|p2a: Blissey|Blissey, F|7/100
|move|p1a: Garchomp|Stealth Rock|p2a: Blissey
|-sidestart|p2: Ryusen696969|move: Stealth Rock
|
|-weather|RainDance|[upkeep]
|upkeep
|turn|11
|inactive|Crimsonbacon38 has 120 seconds left.
|
|t:|1722202002
|move|p1a: Garchomp|Earthquake|p2a: Blissey
|-damage|p2a: Blissey|0 fnt
|faint|p2a: Blissey
|
|-weather|RainDance|[upkeep]
|upkeep
|
|t:|1722202008
|switch|p2a: Garchomp|Garchomp, M|100/100
|-damage|p2a: Garchomp|94/100|[from] Stealth Rock
|turn|12
|
|t:|1722202011
|switch|p1a: Starmie|Starmie|100/100
|-item|p1a: Starmie|Air Balloon
|move|p2a: Garchomp|Outrage|p1a: Starmie
|-damage|p1a: Starmie|12/100
|-enditem|p1a: Starmie|Air Balloon
|
|-weather|RainDance|[upkeep]
|upkeep
|turn|13
|
|t:|1722202018
|move|p2a: Garchomp|Outrage|p1a: Starmie|[from]lockedmove
|-damage|p1a: Starmie|0 fnt
|faint|p1a: Starmie
|
|-weather|RainDance|[upkeep]
|upkeep
|
|t:|1722202019
|switch|p1a: Politoed|Politoed, M|100/100
|turn|14
|
|t:|1722202022
|move|p2a: Garchomp|Outrage|p1a: Politoed|[from]lockedmove
|-damage|p1a: Politoed|21/100
|-start|p2a: Garchomp|confusion|[fatigue]
|move|p1a: Politoed|Ice Beam|p2a: Garchomp
|-supereffective|p2a: Garchomp
|-damage|p2a: Garchomp|0 fnt
|faint|p2a: Garchomp
|
|-weather|RainDance|[upkeep]
|upkeep
|
|t:|1722202026
|switch|p2a: Alakazam|Alakazam, F|100/100
|turn|15
|
|t:|1722202054
|move|p1a: Politoed|Ice Beam|p2a: Alakazam
|-crit|p2a: Alakazam
|-damage|p2a: Alakazam|20/100
|move|p2a: Alakazam|Psychic|p1a: Politoed
|-damage|p1a: Politoed|0 fnt
|faint|p1a: Politoed
|
|-weather|RainDance|[upkeep]
|upkeep
|
|t:|1722202063
|switch|p1a: Keldeo|Keldeo|40/100
|turn|16
|
|t:|1722202066
|move|p2a: Alakazam|Psychic|p1a: Keldeo
|-supereffective|p1a: Keldeo
|-damage|p1a: Keldeo|0 fnt
|faint|p1a: Keldeo
|
|-weather|RainDance|[upkeep]
|upkeep
|
|t:|1722202071
|switch|p1a: Garchomp|Garchomp, M|100/100
|turn|17
|
|t:|1722202074
|move|p2a: Alakazam|Psychic|p1a: Garchomp
|-crit|p1a: Garchomp
|-damage|p1a: Garchomp|0 fnt
|faint|p1a: Garchomp
|
|win|Ryusen696969
|raw|Crimsonbacon38's rating: 1332 &rarr; <strong>1311</strong><br />(-21 for losing)
|raw|Ryusen696969's rating: 1321 &rarr; <strong>1342</strong><br />(+21 for winning)
