|j|☆phosphor
|j|☆HydreigonSpammer
|t:|1736293632
|gametype|singles
|player|p1|phosphor|#phosphor|1372
|player|p2|HydreigonSpammer|iris|1439
|teamsize|p1|6
|teamsize|p2|6
|gen|5
|tier|[Gen 5] OU
|rated|
|rule|Species Clause: Limit one of each Pokémon
|rule|OHKO Clause: OHKO moves are banned
|rule|Moody Clause: Moody is banned
|rule|Evasion Items Clause: Evasion items are banned
|rule|Evasion Moves Clause: Evasion moves are banned
|rule|Endless Battle Clause: Forcing endless battles is banned
|rule|HP Percentage Mod: HP is shown in percentages
|rule|Evasion Abilities Clause: Evasion abilities are banned
|rule|Sleep Moves Clause: Sleep-inducing moves are banned
|rule|Swagger Clause: Swagger is banned
|rule|Baton Pass Stat Clause: No Baton Passer may have a way to boost its stats
|clearpoke
|poke|p1|Skarmory, F|item
|poke|p1|Latios, M|item
|poke|p1|Latias, F|item
|poke|p1|Bronzong|item
|poke|p1|Clefable, M|item
|poke|p1|Gliscor, M|item
|poke|p2|Terrakion|item
|poke|p2|Keldeo|item
|poke|p2|Tyranitar, F|item
|poke|p2|Garchomp, F|item
|poke|p2|Starmie|item
|poke|p2|Alakazam, F|item
|teampreview
|c|☆phosphor|gl hf
|c|☆HydreigonSpammer|oh shit here we go again
|
|t:|1736293660
|start
|switch|p1a: Gliscor|Gliscor, M|100/100
|switch|p2a: Terrakion|Terrakion|100/100
|turn|1
|
|t:|1736293667
|switch|p2a: Starmie|Starmie|100/100
|-item|p2a: Starmie|Air Balloon
|move|p1a: Gliscor|Earthquake|p2a: Starmie
|-immune|p2a: Starmie
|
|-status|p1a: Gliscor|tox|[from] item: Toxic Orb
|upkeep
|turn|2
|
|t:|1736293676
|move|p1a: Gliscor|Protect|p1a: Gliscor
|-singleturn|p1a: Gliscor|Protect
|move|p2a: Starmie|Scald|p1a: Gliscor
|-activate|p1a: Gliscor|move: Protect
|
|upkeep
|turn|3
|
|t:|1736293681
|switch|p2a: Terrakion|Terrakion|100/100
|switch|p1a: Clefable|Clefable, M|100/100
|
|upkeep
|turn|4
|
|t:|1736293692
|switch|p1a: Gliscor|Gliscor, M|100/100 tox
|move|p2a: Terrakion|Swords Dance|p2a: Terrakion
|-boost|p2a: Terrakion|atk|2
|
|upkeep
|turn|5
|
|t:|1736293702
|move|p2a: Terrakion|Swords Dance|p2a: Terrakion
|-boost|p2a: Terrakion|atk|2
|move|p1a: Gliscor|Earthquake|p2a: Terrakion
|-supereffective|p2a: Terrakion
|-damage|p2a: Terrakion|22/100
|
|upkeep
|turn|6
|
|t:|1736293708
|move|p2a: Terrakion|Stone Edge|p1a: Gliscor
|-crit|p1a: Gliscor
|-damage|p1a: Gliscor|0 fnt
|faint|p1a: Gliscor
|
|upkeep
|
|t:|1736293721
|switch|p1a: Latias|Latias, F|100/100
|turn|7
|
|t:|1736293729
|switch|p2a: Tyranitar|Tyranitar, F|100/100
|-weather|Sandstorm|[from] ability: Sand Stream|[of] p2a: Tyranitar
|move|p1a: Latias|Surf|p2a: Tyranitar
|-supereffective|p2a: Tyranitar
|-damage|p2a: Tyranitar|61/100
|
|-weather|Sandstorm|[upkeep]
|-damage|p1a: Latias|95/100|[from] Sandstorm
|upkeep
|turn|8
|
|t:|1736293734
|move|p1a: Latias|Surf|p2a: Tyranitar
|-supereffective|p2a: Tyranitar
|-damage|p2a: Tyranitar|18/100
|move|p2a: Tyranitar|Crunch|p1a: Latias
|-supereffective|p1a: Latias
|-damage|p1a: Latias|0 fnt
|faint|p1a: Latias
|
|-weather|Sandstorm|[upkeep]
|upkeep
|
|t:|1736293739
|switch|p1a: Skarmory|Skarmory, F|100/100
|turn|9
|
|t:|1736293758
|switch|p2a: Terrakion|Terrakion|22/100
|move|p1a: Skarmory|Stealth Rock|p2a: Terrakion
|-sidestart|p2: HydreigonSpammer|move: Stealth Rock
|
|-weather|Sandstorm|[upkeep]
|upkeep
|turn|10
|
|t:|1736293771
|move|p2a: Terrakion|Stealth Rock|p1a: Skarmory
|-sidestart|p1: phosphor|move: Stealth Rock
|move|p1a: Skarmory|Brave Bird|p2a: Terrakion
|-damage|p2a: Terrakion|0 fnt
|faint|p2a: Terrakion
|-damage|p1a: Skarmory|94/100|[from] Recoil
|
|-weather|Sandstorm|[upkeep]
|upkeep
|
|t:|1736293783
|switch|p2a: Starmie|Starmie|100/100
|-damage|p2a: Starmie|88/100|[from] Stealth Rock
|-item|p2a: Starmie|Air Balloon
|turn|11
|
|t:|1736293795
|switch|p1a: Clefable|Clefable, M|100/100
|move|p2a: Starmie|Scald|p1a: Clefable
|-damage|p1a: Clefable|71/100
|
|-weather|Sandstorm|[upkeep]
|-damage|p2a: Starmie|82/100|[from] Sandstorm
|-heal|p1a: Clefable|77/100|[from] item: Leftovers
|upkeep
|turn|12
|
|t:|1736293800
|move|p2a: Starmie|Rapid Spin|p1a: Clefable
|-damage|p1a: Clefable|73/100
|-sideend|p2: HydreigonSpammer|Stealth Rock|[from] move: Rapid Spin|[of] p2a: Starmie
|move|p1a: Clefable|Knock Off|p2a: Starmie
|-supereffective|p2a: Starmie
|-damage|p2a: Starmie|72/100
|-enditem|p2a: Starmie|Air Balloon
|
|-weather|Sandstorm|[upkeep]
|-damage|p2a: Starmie|66/100|[from] Sandstorm
|-heal|p1a: Clefable|79/100|[from] item: Leftovers
|upkeep
|turn|13
|
|t:|1736293808
|switch|p2a: Tyranitar|Tyranitar, F|18/100
|move|p1a: Clefable|Knock Off|p2a: Tyranitar
|-resisted|p2a: Tyranitar
|-damage|p2a: Tyranitar|17/100
|-enditem|p2a: Tyranitar|Chople Berry|[from] move: Knock Off|[of] p1a: Clefable
|
|-weather|Sandstorm|[upkeep]
|-heal|p1a: Clefable|86/100|[from] item: Leftovers
|upkeep
|turn|14
|
|t:|1736293819
|-activate|p1a: Clefable|move: Pursuit
|move|p2a: Tyranitar|Pursuit|p1a: Clefable|[from]Pursuit
|-damage|p1a: Clefable|36/100
|switch|p1a: Skarmory|Skarmory, F|94/100
|-damage|p1a: Skarmory|81/100|[from] Stealth Rock
|
|-weather|Sandstorm|[upkeep]
|upkeep
|turn|15
|
|t:|1736293826
|switch|p2a: Starmie|Starmie|66/100
|move|p1a: Skarmory|Stealth Rock|p2a: Starmie
|-sidestart|p2: HydreigonSpammer|move: Stealth Rock
|
|-weather|Sandstorm|[upkeep]
|-damage|p2a: Starmie|60/100|[from] Sandstorm
|upkeep
|turn|16
|
|t:|1736293833
|move|p2a: Starmie|Scald|p1a: Skarmory
|-damage|p1a: Skarmory|38/100
|move|p1a: Skarmory|Brave Bird|p2a: Starmie
|-damage|p2a: Starmie|11/100
|-damage|p1a: Skarmory|25/100|[from] Recoil
|
|-weather|Sandstorm|[upkeep]
|-damage|p2a: Starmie|5/100|[from] Sandstorm
|upkeep
|turn|17
|
|t:|1736293844
|move|p2a: Starmie|Recover|p2a: Starmie
|-heal|p2a: Starmie|55/100
|move|p1a: Skarmory|Roost|p1a: Skarmory
|-heal|p1a: Skarmory|75/100
|-singleturn|p1a: Skarmory|move: Roost
|
|-weather|Sandstorm|[upkeep]
|-damage|p2a: Starmie|49/100|[from] Sandstorm
|upkeep
|turn|18
|j| Duke Sux
|
|t:|1736293852
|move|p2a: Starmie|Thunderbolt|p1a: Skarmory
|-supereffective|p1a: Skarmory
|-damage|p1a: Skarmory|0 fnt
|faint|p1a: Skarmory
|
|-weather|Sandstorm|[upkeep]
|-damage|p2a: Starmie|43/100|[from] Sandstorm
|upkeep
|
|t:|1736293857
|switch|p1a: Latios|Latios, M|100/100
|-damage|p1a: Latios|88/100|[from] Stealth Rock
|turn|19
|
|t:|1736293873
|move|p2a: Starmie|Rapid Spin|p1a: Latios
|-damage|p1a: Latios|84/100
|-sideend|p2: HydreigonSpammer|Stealth Rock|[from] move: Rapid Spin|[of] p2a: Starmie
|move|p1a: Latios|Thunder|p2a: Starmie
|-supereffective|p2a: Starmie
|-damage|p2a: Starmie|0 fnt
|faint|p2a: Starmie
|
|-weather|Sandstorm|[upkeep]
|-damage|p1a: Latios|78/100|[from] Sandstorm
|upkeep
|j| tripleaxelblazefan
|
|t:|1736293898
|switch|p2a: Alakazam|Alakazam, F|100/100
|turn|20
|
|t:|1736293904
|switch|p1a: Bronzong|Bronzong|100/100
|-damage|p1a: Bronzong|94/100|[from] Stealth Rock
|move|p2a: Alakazam|Shadow Ball|p1a: Bronzong
|-damage|p1a: Bronzong|66/100
|-unboost|p1a: Bronzong|spd|1
|
|-weather|Sandstorm|[upkeep]
|-heal|p1a: Bronzong|72/100|[from] item: Leftovers
|upkeep
|turn|21
|
|t:|1736293914
|switch|p2a: Tyranitar|Tyranitar, F|17/100
|move|p1a: Bronzong|Gyro Ball|p2a: Tyranitar
|-supereffective|p2a: Tyranitar
|-damage|p2a: Tyranitar|0 fnt
|faint|p2a: Tyranitar
|
|-weather|Sandstorm|[upkeep]
|-heal|p1a: Bronzong|78/100|[from] item: Leftovers
|upkeep
|
|t:|1736293923
|switch|p2a: Keldeo|Keldeo|100/100
|turn|22
|
|t:|1736293933
|switch|p1a: Clefable|Clefable, M|36/100
|move|p2a: Keldeo|Substitute|p2a: Keldeo
|-start|p2a: Keldeo|Substitute
|-damage|p2a: Keldeo|76/100
|
|-weather|Sandstorm|[upkeep]
|-damage|p2a: Keldeo|70/100|[from] Sandstorm
|-heal|p2a: Keldeo|76/100|[from] item: Leftovers
|-heal|p1a: Clefable|42/100|[from] item: Leftovers
|upkeep
|turn|23
|
|t:|1736293938
|switch|p1a: Latios|Latios, M|78/100
|-damage|p1a: Latios|66/100|[from] Stealth Rock
|move|p2a: Keldeo|Secret Sword|p1a: Latios
|-resisted|p1a: Latios
|-damage|p1a: Latios|37/100
|
|-weather|Sandstorm|[upkeep]
|-damage|p1a: Latios|31/100|[from] Sandstorm
|-damage|p2a: Keldeo|70/100|[from] Sandstorm
|-heal|p2a: Keldeo|76/100|[from] item: Leftovers
|upkeep
|turn|24
|
|t:|1736293941
|move|p1a: Latios|Roost|p1a: Latios
|-heal|p1a: Latios|81/100
|-singleturn|p1a: Latios|move: Roost
|move|p2a: Keldeo|Hidden Power|p1a: Latios
|-supereffective|p1a: Latios
|-damage|p1a: Latios|32/100
|
|-weather|Sandstorm|[upkeep]
|-damage|p1a: Latios|26/100|[from] Sandstorm
|-damage|p2a: Keldeo|70/100|[from] Sandstorm
|-heal|p2a: Keldeo|76/100|[from] item: Leftovers
|upkeep
|turn|25
|
|t:|1736293956
|move|p1a: Latios|Roost|p1a: Latios
|-heal|p1a: Latios|76/100
|-singleturn|p1a: Latios|move: Roost
|move|p2a: Keldeo|Hidden Power|p1a: Latios
|-supereffective|p1a: Latios
|-damage|p1a: Latios|27/100
|
|-weather|Sandstorm|[upkeep]
|-damage|p1a: Latios|21/100|[from] Sandstorm
|-damage|p2a: Keldeo|70/100|[from] Sandstorm
|-heal|p2a: Keldeo|76/100|[from] item: Leftovers
|upkeep
|turn|26
|
|t:|1736293962
|move|p1a: Latios|Thunder|p2a: Keldeo
|-supereffective|p2a: Keldeo
|-end|p2a: Keldeo|Substitute
|move|p2a: Keldeo|Hidden Power|p1a: Latios
|-supereffective|p1a: Latios
|-damage|p1a: Latios|0 fnt
|faint|p1a: Latios
|
|-weather|Sandstorm|[upkeep]
|-damage|p2a: Keldeo|70/100|[from] Sandstorm
|-heal|p2a: Keldeo|76/100|[from] item: Leftovers
|upkeep
|
|t:|1736293964
|switch|p1a: Bronzong|Bronzong|78/100
|-damage|p1a: Bronzong|72/100|[from] Stealth Rock
|turn|27
|c|☆phosphor|gg
|-message|phosphor forfeited.
|
|win|HydreigonSpammer
|raw|phosphor's rating: 1372 &rarr; <strong>1356</strong><br />(-16 for losing)
|raw|HydreigonSpammer's rating: 1439 &rarr; <strong>1455</strong><br />(+16 for winning)
|l|☆phosphor
|player|p1|
