|j|☆descaartes
|j|☆night bliz
|t:|1725375667
|gametype|singles
|player|p1|descaartes|102|1310
|player|p2|night bliz|dragontamer-gen3|1457
|teamsize|p1|6
|teamsize|p2|6
|gen|5
|tier|[Gen 5] OU
|rated|
|rule|Species Clause: Limit one of each Pokémon
|rule|OHKO Clause: OHKO moves are banned
|rule|Moody Clause: Moody is banned
|rule|Evasion Items Clause: Evasion items are banned
|rule|Evasion Moves Clause: Evasion moves are banned
|rule|Endless Battle Clause: Forcing endless battles is banned
|rule|HP Percentage Mod: HP is shown in percentages
|rule|Evasion Abilities Clause: Evasion abilities are banned
|rule|Sleep Moves Clause: Sleep-inducing moves are banned
|rule|Swagger Clause: Swagger is banned
|rule|Baton Pass Stat Clause: No Baton Passer may have a way to boost its stats
|clearpoke
|poke|p1|Garchomp, M|item
|poke|p1|Terrakion|item
|poke|p1|Starmie|item
|poke|p1|Dragonite, M|item
|poke|p1|Scizor, F|item
|poke|p1|Breloom, F|item
|poke|p2|Hippowdon, F|item
|poke|p2|Ferrothorn, F|item
|poke|p2|Magnezone|item
|poke|p2|Latios, M|item
|poke|p2|Excadrill, F|item
|poke|p2|Reuniclus, F|item
|teampreview
|
|t:|1725375688
|start
|switch|p1a: Breloom|Breloom, F|100/100
|switch|p2a: Reuniclus|Reuniclus, F|100/100
|turn|1
|
|t:|1725375697
|switch|p1a: Scizor|Scizor, F|100/100
|move|p2a: Reuniclus|Hidden Power|p1a: Scizor
|-resisted|p1a: Scizor
|-damage|p1a: Scizor|86/100
|
|upkeep
|turn|2
|
|t:|1725375703
|switch|p2a: Hippowdon|Hippowdon, F|100/100
|-weather|Sandstorm|[from] ability: Sand Stream|[of] p2a: Hippowdon
|move|p1a: Scizor|Swords Dance|p1a: Scizor
|-boost|p1a: Scizor|atk|2
|
|-weather|Sandstorm|[upkeep]
|upkeep
|turn|3
|
|t:|1725375707
|move|p1a: Scizor|Superpower|p2a: Hippowdon
|-damage|p2a: Hippowdon|37/100
|-unboost|p1a: Scizor|atk|1
|-unboost|p1a: Scizor|def|1
|-damage|p1a: Scizor|76/100|[from] item: Life Orb
|move|p2a: Hippowdon|Whirlwind|p1a: Scizor
|drag|p1a: Garchomp|Garchomp, M|100/100
|
|-weather|Sandstorm|[upkeep]
|-heal|p2a: Hippowdon|43/100|[from] item: Leftovers
|upkeep
|turn|4
|
|t:|1725375715
|move|p1a: Garchomp|Swords Dance|p1a: Garchomp
|-boost|p1a: Garchomp|atk|2
|move|p2a: Hippowdon|Whirlwind|p1a: Garchomp
|drag|p1a: Terrakion|Terrakion|100/100
|
|-weather|Sandstorm|[upkeep]
|-heal|p2a: Hippowdon|50/100|[from] item: Leftovers
|upkeep
|turn|5
|
|t:|1725375725
|switch|p1a: Breloom|Breloom, F|100/100
|switch|p2a: Reuniclus|Reuniclus, F|100/100
|
|-weather|Sandstorm|[upkeep]
|-damage|p1a: Breloom|94/100|[from] Sandstorm
|upkeep
|turn|6
|
|t:|1725375734
|switch|p1a: Scizor|Scizor, F|76/100
|move|p2a: Reuniclus|Hidden Power|p1a: Scizor
|-resisted|p1a: Scizor
|-damage|p1a: Scizor|61/100
|
|-weather|Sandstorm|[upkeep]
|upkeep
|turn|7
|
|t:|1725375739
|-activate|p2a: Reuniclus|move: Pursuit
|move|p1a: Scizor|Pursuit|p2a: Reuniclus|[from]Pursuit
|-supereffective|p2a: Reuniclus
|-damage|p2a: Reuniclus|51/100
|-damage|p1a: Scizor|51/100|[from] item: Life Orb
|switch|p2a: Magnezone|Magnezone|100/100
|-item|p2a: Magnezone|Air Balloon
|
|-weather|Sandstorm|[upkeep]
|upkeep
|turn|8
|
|t:|1725375746
|move|p1a: Scizor|Superpower|p2a: Magnezone
|-supereffective|p2a: Magnezone
|-damage|p2a: Magnezone|0 fnt
|-unboost|p1a: Scizor|atk|1
|-unboost|p1a: Scizor|def|1
|-enditem|p2a: Magnezone|Air Balloon
|faint|p2a: Magnezone
|-damage|p1a: Scizor|41/100|[from] item: Life Orb
|
|-weather|Sandstorm|[upkeep]
|upkeep
|c|☆night bliz|damn we running jolly scizor today
|
|t:|1725375759
|switch|p2a: Excadrill|Excadrill, F|100/100
|turn|9
|
|t:|1725375769
|switch|p1a: Dragonite|Dragonite, M|100/100
|move|p2a: Excadrill|Iron Head|p1a: Dragonite
|-damage|p1a: Dragonite|64/100
|
|-weather|Sandstorm|[upkeep]
|-damage|p1a: Dragonite|58/100|[from] Sandstorm
|upkeep
|turn|10
|
|t:|1725375779
|move|p2a: Excadrill|Iron Head|p1a: Dragonite
|-damage|p1a: Dragonite|0 fnt
|faint|p1a: Dragonite
|
|-weather|Sandstorm|[upkeep]
|upkeep
|
|t:|1725375797
|switch|p1a: Garchomp|Garchomp, M|100/100
|turn|11
|
|t:|1725375802
|switch|p2a: Ferrothorn|Ferrothorn, F|100/100
|move|p1a: Garchomp|Earthquake|p2a: Ferrothorn
|-damage|p2a: Ferrothorn|66/100
|
|-weather|Sandstorm|[upkeep]
|-heal|p2a: Ferrothorn|72/100|[from] item: Leftovers
|upkeep
|turn|12
|
|t:|1725375809
|move|p1a: Garchomp|Swords Dance|p1a: Garchomp
|-boost|p1a: Garchomp|atk|2
|move|p2a: Ferrothorn|Leech Seed|p1a: Garchomp
|-start|p1a: Garchomp|move: Leech Seed
|
|-weather|Sandstorm|[upkeep]
|-heal|p2a: Ferrothorn|79/100|[from] item: Leftovers
|-damage|p1a: Garchomp|88/100|[from] Leech Seed|[of] p2a: Ferrothorn
|-heal|p2a: Ferrothorn|91/100|[silent]
|upkeep
|turn|13
|
|t:|1725375814
|switch|p2a: Latios|Latios, M|100/100
|move|p1a: Garchomp|Fire Fang|p2a: Latios
|-resisted|p2a: Latios
|-damage|p2a: Latios|67/100
|
|-weather|Sandstorm|[upkeep]
|-damage|p2a: Latios|61/100|[from] Sandstorm
|-damage|p1a: Garchomp|76/100|[from] Leech Seed|[of] p2a: Latios
|-heal|p2a: Latios|76/100|[silent]
|upkeep
|turn|14
|
|t:|1725375822
|switch|p1a: Terrakion|Terrakion|100/100
|move|p2a: Latios|Draco Meteor|p1a: Terrakion
|-damage|p1a: Terrakion|22/100
|-unboost|p2a: Latios|spa|2
|
|-weather|Sandstorm|[upkeep]
|-damage|p2a: Latios|70/100|[from] Sandstorm
|upkeep
|turn|15
|
|t:|1725375845
|switch|p2a: Hippowdon|Hippowdon, F|50/100
|move|p1a: Terrakion|Stone Edge|p2a: Hippowdon
|-resisted|p2a: Hippowdon
|-damage|p2a: Hippowdon|32/100
|
|-weather|Sandstorm|[upkeep]
|-heal|p2a: Hippowdon|39/100|[from] item: Leftovers
|upkeep
|turn|16
|
|t:|1725375852
|move|p1a: Terrakion|Close Combat|p2a: Hippowdon
|-damage|p2a: Hippowdon|1/100
|-unboost|p1a: Terrakion|def|1
|-unboost|p1a: Terrakion|spd|1
|move|p2a: Hippowdon|Slack Off|p2a: Hippowdon
|-heal|p2a: Hippowdon|51/100
|
|-weather|Sandstorm|[upkeep]
|-heal|p2a: Hippowdon|57/100|[from] item: Leftovers
|upkeep
|turn|17
|
|t:|1725375860
|switch|p1a: Breloom|Breloom, F|94/100
|move|p2a: Hippowdon|Slack Off|p2a: Hippowdon
|-heal|p2a: Hippowdon|100/100
|
|-weather|Sandstorm|[upkeep]
|-damage|p1a: Breloom|88/100|[from] Sandstorm
|upkeep
|turn|18
|
|t:|1725375865
|switch|p2a: Ferrothorn|Ferrothorn, F|91/100
|move|p1a: Breloom|Swords Dance|p1a: Breloom
|-boost|p1a: Breloom|atk|2
|
|-weather|Sandstorm|[upkeep]
|-damage|p1a: Breloom|82/100|[from] Sandstorm
|-heal|p2a: Ferrothorn|97/100|[from] item: Leftovers
|upkeep
|turn|19
|
|t:|1725375874
|switch|p2a: Reuniclus|Reuniclus, F|51/100
|move|p1a: Breloom|Bullet Seed|p2a: Reuniclus
|-damage|p2a: Reuniclus|9/100
|-damage|p2a: Reuniclus|0 fnt
|faint|p2a: Reuniclus
|-hitcount|p2: Reuniclus|2
|-damage|p1a: Breloom|72/100|[from] item: Life Orb
|
|-weather|Sandstorm|[upkeep]
|-damage|p1a: Breloom|66/100|[from] Sandstorm
|upkeep
|
|t:|1725375876
|switch|p2a: Latios|Latios, M|70/100
|turn|20
|
|t:|1725375888
|switch|p1a: Terrakion|Terrakion|22/100
|move|p2a: Latios|Draco Meteor|p1a: Terrakion
|-damage|p1a: Terrakion|0 fnt
|-unboost|p2a: Latios|spa|2
|faint|p1a: Terrakion
|
|-weather|Sandstorm|[upkeep]
|-damage|p2a: Latios|64/100|[from] Sandstorm
|upkeep
|
|t:|1725375895
|switch|p1a: Scizor|Scizor, F|41/100
|turn|21
|
|t:|1725375901
|move|p2a: Latios|Draco Meteor|p1a: Scizor|[miss]
|-miss|p2a: Latios|p1a: Scizor
|move|p1a: Scizor|Swords Dance|p1a: Scizor
|-boost|p1a: Scizor|atk|2
|
|-weather|Sandstorm|[upkeep]
|-damage|p2a: Latios|58/100|[from] Sandstorm
|upkeep
|turn|22
|
|t:|1725375904
|-activate|p2a: Latios|move: Pursuit
|move|p1a: Scizor|Pursuit|p2a: Latios|[from]Pursuit
|-supereffective|p2a: Latios
|-damage|p2a: Latios|0 fnt
|faint|p2a: Latios
|-damage|p1a: Scizor|31/100|[from] item: Life Orb
|-hint|A Pokemon can't switch between when it runs out of HP and when it faints
|
|-weather|Sandstorm|[upkeep]
|upkeep
|
|t:|1725375907
|switch|p2a: Hippowdon|Hippowdon, F|100/100
|turn|23
|
|t:|1725375914
|move|p1a: Scizor|Swords Dance|p1a: Scizor
|-boost|p1a: Scizor|atk|2
|move|p2a: Hippowdon|Slack Off||[still]
|-fail|p2a: Hippowdon|heal
|
|-weather|Sandstorm|[upkeep]
|upkeep
|turn|24
|
|t:|1725375917
|move|p1a: Scizor|Superpower|p2a: Hippowdon
|-damage|p2a: Hippowdon|0 fnt
|-unboost|p1a: Scizor|atk|1
|-unboost|p1a: Scizor|def|1
|faint|p2a: Hippowdon
|-damage|p1a: Scizor|21/100|[from] item: Life Orb
|
|-weather|Sandstorm|[upkeep]
|upkeep
|-message|night bliz forfeited.
|
|win|descaartes
|raw|descaartes's rating: 1310 &rarr; <strong>1338</strong><br />(+28 for winning)
|raw|night bliz's rating: 1457 &rarr; <strong>1429</strong><br />(-28 for losing)
|l|☆night bliz
|player|p2|
|c|☆descaartes|gg
