|join|Pythagorean Python
|join|Blue Sensei
|player|p1|Pythagorean Python|266
|player|p2|Blue Sensei|41
|gametype|singles
|gen|5
|tier|[Gen 5] OU
|rated
|rule|Evasion Abilities Clause: Evasion abilities are banned
|clearpoke
|poke|p1|Skarmory, F
|poke|p1|Blissey, F
|poke|p1|Hippowdon, F
|poke|p1|Alakazam, M
|poke|p1|Terrakion
|poke|p1|Starmie
|poke|p2|Breloom, F
|poke|p2|Landorus-Therian, M
|poke|p2|Blissey, F
|poke|p2|Magnezone, shiny
|poke|p2|Cloyster, F
|poke|p2|Scizor, F
|rule|Sleep Clause Mod: Limit one foe put to sleep
|rule|Species Clause: Limit one of each Pokemon
|rule|OHKO Clause: OHKO moves are banned
|rule|Moody Clause: Moody is banned
|rule|Evasion Moves Clause: Evasion moves are banned
|rule|Endless Battle Clause: Forcing endless battles is banned.
|rule|HP Percentage Mod: HP is reported as percentages
|teampreview
|
|start
|switch|p1a: Alakazam|Alakazam, M|252/252
|switch|p2a: LCD|Magnezone, shiny|344/344
|turn|1
|
|move|p1a: Alakazam|Focus Blast|p2a: LCD|[miss]
|-miss|p1a: Alakazam|p2a: LCD
|move|p2a: LCD|Volt Switch|p1a: Alakazam
|-damage|p1a: Alakazam|0 fnt
|faint|p1a: Alakazam
|
|switch|p2a: Scizor|Scizor, F|344/344
|
|
|switch|p1a: Hippowdon|Hippowdon, F|420/420
|-weather|Sandstorm|[from] ability: Sand Stream|[of] p1a: Hippowdon
|turn|2
|
|move|p2a: Scizor|U-turn|p1a: Hippowdon
|-damage|p1a: Hippowdon|291/420
|
|switch|p2a: Landorus-Therian|Landorus-Therian, M|382/382
|-ability|p2a: Landorus-Therian|Intimidate|[of] p1a: Hippowdon
|-unboost|p1a: Hippowdon|atk|1
|move|p1a: Hippowdon|Stealth Rock|p2a: Landorus-Therian
|-sidestart|p2: Blue Sensei|move: Stealth Rock
|
|-weather|Sandstorm|[upkeep]
|-heal|p1a: Hippowdon|317/420|[from] item: Leftovers
|turn|3
|
|move|p2a: Landorus-Therian|Earthquake|p1a: Hippowdon
|-damage|p1a: Hippowdon|187/420
|move|p1a: Hippowdon|Toxic|p2a: Landorus-Therian
|-status|p2a: Landorus-Therian|tox
|
|-weather|Sandstorm|[upkeep]
|-heal|p1a: Hippowdon|213/420|[from] item: Leftovers
|-damage|p2a: Landorus-Therian|359/382 tox|[from] psn
|turn|4
|
|switch|p2a: Cloyster|Cloyster, F|242/242
|-damage|p2a: Cloyster|182/242|[from] Stealth Rock
|move|p1a: Hippowdon|Slack Off|p1a: Hippowdon
|-heal|p1a: Hippowdon|420/420
|
|-weather|Sandstorm|[upkeep]
|-damage|p2a: Cloyster|167/242|[from] sandstorm
|turn|5
|
|move|p2a: Cloyster|Icicle Spear|p1a: Hippowdon
|-supereffective|p1a: Hippowdon
|-damage|p1a: Hippowdon|360/420
|-supereffective|p1a: Hippowdon
|-damage|p1a: Hippowdon|300/420
|-supereffective|p1a: Hippowdon
|-damage|p1a: Hippowdon|246/420
|-supereffective|p1a: Hippowdon
|-damage|p1a: Hippowdon|196/420
|-supereffective|p1a: Hippowdon
|-damage|p1a: Hippowdon|146/420
|-hitcount|p1a: Hippowdon|5
|move|p1a: Hippowdon|Earthquake|p2a: Cloyster
|-damage|p2a: Cloyster|116/242
|
|-weather|Sandstorm|[upkeep]
|-damage|p2a: Cloyster|101/242|[from] sandstorm
|-heal|p1a: Hippowdon|172/420|[from] item: Leftovers
|turn|6
|
|switch|p1a: Skarmory|Skarmory, F|334/334
|move|p2a: Cloyster|Shell Smash|p2a: Cloyster
|-boost|p2a: Cloyster|atk|2
|-boost|p2a: Cloyster|spa|2
|-boost|p2a: Cloyster|spe|2
|-unboost|p2a: Cloyster|def|1
|-unboost|p2a: Cloyster|spd|1
|-enditem|p2a: Cloyster|White Herb
|-restoreboost|p2a: Cloyster|[silent]
|
|-weather|Sandstorm|[upkeep]
|-damage|p2a: Cloyster|86/242|[from] sandstorm
|turn|7
|
|move|p2a: Cloyster|Icicle Spear|p1a: Skarmory
|-damage|p1a: Skarmory|285/334
|-damage|p1a: Skarmory|242/334
|-damage|p1a: Skarmory|194/334
|-damage|p1a: Skarmory|148/334
|-damage|p1a: Skarmory|102/334
|-hitcount|p1a: Skarmory|5
|move|p1a: Skarmory|Whirlwind|p2a: Cloyster
|drag|p2a: Landorus-Therian|Landorus-Therian, M|359/382 tox
|-damage|p2a: Landorus-Therian|312/382 tox|[from] Stealth Rock
|-ability|p2a: Landorus-Therian|Intimidate|[of] p1a: Skarmory
|-unboost|p1a: Skarmory|atk|1
|
|-weather|Sandstorm|[upkeep]
|-heal|p1a: Skarmory|122/334|[from] item: Leftovers
|-damage|p2a: Landorus-Therian|289/382 tox|[from] psn
|turn|8
|
|move|p2a: Landorus-Therian|Stone Edge|p1a: Skarmory
|-damage|p1a: Skarmory|46/334
|move|p1a: Skarmory|Roost|p1a: Skarmory
|-heal|p1a: Skarmory|213/334
|
|-weather|Sandstorm|[upkeep]
|-heal|p1a: Skarmory|233/334|[from] item: Leftovers
|-damage|p2a: Landorus-Therian|243/382 tox|[from] psn
|turn|9
|
|move|p2a: Landorus-Therian|Stone Edge|p1a: Skarmory
|-damage|p1a: Skarmory|148/334
|move|p1a: Skarmory|Whirlwind|p2a: Landorus-Therian
|drag|p2a: Cloyster|Cloyster, F|86/242
|-damage|p2a: Cloyster|26/242|[from] Stealth Rock
|
|-weather|Sandstorm|[upkeep]
|-damage|p2a: Cloyster|11/242|[from] sandstorm
|-heal|p1a: Skarmory|168/334|[from] item: Leftovers
|turn|10
|
|move|p2a: Cloyster|Razor Shell|p1a: Skarmory
|-damage|p1a: Skarmory|98/334
|-unboost|p1a: Skarmory|def|1
|move|p1a: Skarmory|Roost|p1a: Skarmory
|-heal|p1a: Skarmory|265/334
|
|-weather|Sandstorm|[upkeep]
|-damage|p2a: Cloyster|0 fnt|[from] sandstorm
|-heal|p1a: Skarmory|285/334|[from] item: Leftovers
|faint|p2a: Cloyster
|
|switch|p2a: LCD|Magnezone, shiny|344/344
|-damage|p2a: LCD|323/344|[from] Stealth Rock
|turn|11
|
|move|p1a: Skarmory|Spikes|p2a: LCD
|-sidestart|p2: Blue Sensei|Spikes
|move|p2a: LCD|Volt Switch|p1a: Skarmory
|-supereffective|p1a: Skarmory
|-damage|p1a: Skarmory|0 fnt
|faint|p1a: Skarmory
|
|switch|p2a: Landorus-Therian|Landorus-Therian, M|243/382 tox
|-damage|p2a: Landorus-Therian|196/382 tox|[from] Stealth Rock
|
|-weather|Sandstorm|[upkeep]
|-damage|p2a: Landorus-Therian|173/382 tox|[from] psn
|
|switch|p1a: Hippowdon|Hippowdon, F|172/420
|turn|12
|
|move|p2a: Landorus-Therian|U-turn|p1a: Hippowdon
|-damage|p1a: Hippowdon|110/420
|
|switch|p2a: Breloom|Breloom, F|262/262
|-damage|p2a: Breloom|246/262|[from] Stealth Rock
|-damage|p2a: Breloom|214/262|[from] Spikes
|move|p1a: Hippowdon|Slack Off|p1a: Hippowdon
|-heal|p1a: Hippowdon|320/420
|
|-weather|Sandstorm|[upkeep]
|-damage|p2a: Breloom|198/262|[from] sandstorm
|-heal|p1a: Hippowdon|346/420|[from] item: Leftovers
|-status|p2a: Breloom|tox|[from] item: Toxic Orb
|turn|13
|
|switch|p1a: Blissey|Blissey, F|714/714
|move|p2a: Breloom|Spore|p1a: Blissey
|-status|p1a: Blissey|slp
|
|-weather|Sandstorm|[upkeep]
|-damage|p2a: Breloom|182/262 tox|[from] sandstorm
|-damage|p1a: Blissey|670/714 slp|[from] sandstorm
|-heal|p1a: Blissey|714/714 slp|[from] item: Leftovers
|-heal|p2a: Breloom|214/262 tox|[from] ability: Poison Heal
|turn|14
|
|switch|p1a: Starmie|Starmie|261/261
|move|p2a: Breloom|Substitute|p2a: Breloom
|-start|p2a: Breloom|Substitute
|-damage|p2a: Breloom|149/262 tox
|
|-weather|Sandstorm|[upkeep]
|-damage|p1a: Starmie|245/261|[from] sandstorm
|-damage|p2a: Breloom|133/262 tox|[from] sandstorm
|-heal|p2a: Breloom|165/262 tox|[from] ability: Poison Heal
|turn|15
|
|move|p1a: Starmie|Ice Beam|p2a: Breloom
|-supereffective|p2a: Breloom
|-end|p2a: Breloom|Substitute
|move|p2a: Breloom|Seed Bomb|p1a: Starmie
|-supereffective|p1a: Starmie
|-damage|p1a: Starmie|0 fnt
|faint|p1a: Starmie
|
|-weather|Sandstorm|[upkeep]
|-damage|p2a: Breloom|149/262 tox|[from] sandstorm
|-heal|p2a: Breloom|181/262 tox|[from] ability: Poison Heal
|
|switch|p1a: Terrakion|Terrakion|324/324
|turn|16
|
|move|p1a: Terrakion|Close Combat|p2a: Breloom
|-damage|p2a: Breloom|0 fnt
|-unboost|p1a: Terrakion|def|1
|-unboost|p1a: Terrakion|spd|1
|-damage|p1a: Terrakion|292/324|[from] item: Life Orb
|faint|p2a: Breloom
|
|-weather|Sandstorm|[upkeep]
|
|switch|p2a: Landorus-Therian|Landorus-Therian, M|173/382 tox
|-damage|p2a: Landorus-Therian|126/382 tox|[from] Stealth Rock
|-ability|p2a: Landorus-Therian|Intimidate|[of] p1a: Terrakion
|-unboost|p1a: Terrakion|atk|1
|turn|17
|
|switch|p1a: Hippowdon|Hippowdon, F|346/420
|move|p2a: Landorus-Therian|Earthquake|p1a: Hippowdon
|-damage|p1a: Hippowdon|211/420
|
|-weather|Sandstorm|[upkeep]
|-heal|p1a: Hippowdon|237/420|[from] item: Leftovers
|-damage|p2a: Landorus-Therian|103/382 tox|[from] psn
|turn|18
|
|move|p2a: Landorus-Therian|Earthquake|p1a: Hippowdon
|-damage|p1a: Hippowdon|111/420
|move|p1a: Hippowdon|Slack Off|p1a: Hippowdon
|-heal|p1a: Hippowdon|321/420
|
|-weather|Sandstorm|[upkeep]
|-heal|p1a: Hippowdon|347/420|[from] item: Leftovers
|-damage|p2a: Landorus-Therian|57/382 tox|[from] psn
|turn|19
|
|switch|p2a: Blissey|Blissey, F|714/714
|-damage|p2a: Blissey|625/714|[from] Spikes
|-damage|p2a: Blissey|536/714|[from] Stealth Rock
|move|p1a: Hippowdon|Slack Off|p1a: Hippowdon
|-heal|p1a: Hippowdon|420/420
|
|-weather|Sandstorm|[upkeep]
|-damage|p2a: Blissey|492/714|[from] sandstorm
|-heal|p2a: Blissey|536/714|[from] item: Leftovers
|turn|20
|
|move|p2a: Blissey|Toxic|p1a: Hippowdon
|-status|p1a: Hippowdon|tox
|move|p1a: Hippowdon|Toxic|p2a: Blissey
|-status|p2a: Blissey|tox
|
|-weather|Sandstorm|[upkeep]
|-damage|p2a: Blissey|492/714 tox|[from] sandstorm
|-heal|p2a: Blissey|536/714 tox|[from] item: Leftovers
|-damage|p2a: Blissey|492/714 tox|[from] psn
|-damage|p1a: Hippowdon|394/420 tox|[from] psn
|turn|21
|
|switch|p2a: Landorus-Therian|Landorus-Therian, M|57/382 tox
|-damage|p2a: Landorus-Therian|10/382 tox|[from] Stealth Rock
|-ability|p2a: Landorus-Therian|Intimidate|[of] p1a: Hippowdon
|-unboost|p1a: Hippowdon|atk|1
|move|p1a: Hippowdon|Earthquake|p2a: Landorus-Therian
|-immune|p2a: Landorus-Therian|[msg]
|
|-weather|Sandstorm|[upkeep]
|-heal|p1a: Hippowdon|420/420 tox|[from] item: Leftovers
|-damage|p2a: Landorus-Therian|0 fnt|[from] psn
|-damage|p1a: Hippowdon|368/420 tox|[from] psn
|faint|p2a: Landorus-Therian
|
|switch|p2a: Scizor|Scizor, F|344/344
|-damage|p2a: Scizor|301/344|[from] Stealth Rock
|-damage|p2a: Scizor|258/344|[from] Spikes
|turn|22
|
|move|p2a: Scizor|U-turn|p1a: Hippowdon
|-damage|p1a: Hippowdon|227/420 tox
|
|switch|p2a: Blissey|Blissey, F|492/714
|-damage|p2a: Blissey|403/714|[from] Stealth Rock
|-damage|p2a: Blissey|314/714|[from] Spikes
|move|p1a: Hippowdon|Earthquake|p2a: Blissey
|-damage|p2a: Blissey|0 fnt
|faint|p2a: Blissey
|
|-weather|Sandstorm|[upkeep]
|-heal|p1a: Hippowdon|253/420 tox|[from] item: Leftovers
|-damage|p1a: Hippowdon|175/420 tox|[from] psn
|
|switch|p2a: LCD|Magnezone, shiny|323/344
|-damage|p2a: LCD|280/344|[from] Spikes
|-damage|p2a: LCD|259/344|[from] Stealth Rock
|turn|23
|
|move|p2a: LCD|Flash Cannon|p1a: Hippowdon
|-damage|p1a: Hippowdon|0 fnt
|faint|p1a: Hippowdon
|
|-weather|Sandstorm|[upkeep]
|
|switch|p1a: Blissey|Blissey, F|714/714
|turn|24
|
|switch|p2a: Scizor|Scizor, F|258/344
|-damage|p2a: Scizor|215/344|[from] Spikes
|-damage|p2a: Scizor|172/344|[from] Stealth Rock
|move|p1a: Blissey|Seismic Toss|p2a: Scizor
|-damage|p2a: Scizor|72/344
|
|-weather|Sandstorm|[upkeep]
|-damage|p1a: Blissey|670/714|[from] sandstorm
|-heal|p1a: Blissey|714/714|[from] item: Leftovers
|turn|25
|
|move|p2a: Scizor|Superpower|p1a: Blissey
|-supereffective|p1a: Blissey
|-damage|p1a: Blissey|0 fnt
|-unboost|p2a: Scizor|atk|1
|-unboost|p2a: Scizor|def|1
|faint|p1a: Blissey
|
|-weather|Sandstorm|[upkeep]
|
|switch|p1a: Terrakion|Terrakion|292/324
|turn|26
|chat|Blue Sensei|gg
|chat|Blue Sensei|:c
|
|move|p1a: Terrakion|Earthquake|p2a: Scizor
|-crit|p2a: Scizor
|-damage|p2a: Scizor|0 fnt
|-damage|p1a: Terrakion|260/324|[from] item: Life Orb
|faint|p2a: Scizor
|
|-weather|Sandstorm|[upkeep]
|chat|Pythagorean Python|gg
|
|switch|p2a: LCD|Magnezone, shiny|259/344
|-damage|p2a: LCD|216/344|[from] Spikes
|-damage|p2a: LCD|195/344|[from] Stealth Rock
|turn|27
|
|move|p1a: Terrakion|Earthquake|p2a: LCD
|-crit|p2a: LCD
|-supereffective|p2a: LCD
|-damage|p2a: LCD|0 fnt
|-damage|p1a: Terrakion|228/324|[from] item: Life Orb
|faint|p2a: LCD
|
|win|Pythagorean Python
|raw|Ladder updating...
|raw|Pythagorean Python's rating: 1415 &rarr; <strong>1430</strong><br />(+15 for winning)
|raw|Blue Sensei's rating: 1325 &rarr; <strong>1310</strong><br />(-15 for losing)