|j|☆F-00_MC
|j|☆UnumGenus
|t:|1720574127
|gametype|singles
|player|p1|F-00_MC|hilbert|1497
|player|p2|UnumGenus|artist|1386
|teamsize|p1|6
|teamsize|p2|6
|gen|5
|tier|[Gen 5] OU
|rated|
|rule|Species Clause: Limit one of each Pokémon
|rule|OHKO Clause: OHKO moves are banned
|rule|Moody Clause: Moody is banned
|rule|Evasion Items Clause: Evasion items are banned
|rule|Evasion Moves Clause: Evasion moves are banned
|rule|Endless Battle Clause: Forcing endless battles is banned
|rule|HP Percentage Mod: HP is shown in percentages
|rule|Evasion Abilities Clause: Evasion abilities are banned
|rule|Sleep Moves Clause: Sleep-inducing moves are banned
|rule|Swagger Clause: Swagger is banned
|rule|Baton Pass Stat Clause: No Baton Passer may have a way to boost its stats
|clearpoke
|poke|p1|Hippowdon, M|item
|poke|p1|Skarmory, F|item
|poke|p1|Bronzong|item
|poke|p1|Clefable, M|item
|poke|p1|Latias, F|item
|poke|p1|Reuniclus, M|item
|poke|p2|Terrakion|item
|poke|p2|Hitmontop, M|item
|poke|p2|Keldeo|item
|poke|p2|Conkeldurr, F|item
|poke|p2|Lucario, F|item
|poke|p2|Scrafty, M|item
|teampreview
|inactive|Battle timer is ON: inactive players will automatically lose when time's up. (requested by UnumGenus)
|inactive|F-00_MC also wants the timer to be on.
|
|t:|1720574140
|start
|switch|p1a: Hippowdon|Hippowdon, M|100/100
|switch|p2a: Hitmontop|Hitmontop, M|100/100
|-ability|p2a: Hitmontop|Intimidate|boost
|-unboost|p1a: Hippowdon|atk|1
|-weather|Sandstorm|[from] ability: Sand Stream|[of] p1a: Hippowdon
|turn|1
|
|t:|1720574147
|switch|p1a: Skarmory|Skarmory, F|100/100
|move|p2a: Hitmontop|Toxic|p1a: Skarmory
|-immune|p1a: Skarmory
|
|-weather|Sandstorm|[upkeep]
|-damage|p2a: Hitmontop|94/100|[from] Sandstorm
|-heal|p2a: Hitmontop|100/100|[from] item: Leftovers
|upkeep
|turn|2
|
|t:|1720574158
|switch|p2a: Keldeo|Keldeo|100/100
|move|p1a: Skarmory|Spikes|p2a: Keldeo
|-sidestart|p2: UnumGenus|Spikes
|
|-weather|Sandstorm|[upkeep]
|-damage|p2a: Keldeo|94/100|[from] Sandstorm
|-heal|p2a: Keldeo|100/100|[from] item: Leftovers
|upkeep
|turn|3
|
|t:|1720574176
|switch|p1a: Latias|Latias, F|100/100
|move|p2a: Keldeo|Substitute|p2a: Keldeo
|-start|p2a: Keldeo|Substitute
|-damage|p2a: Keldeo|76/100
|
|-weather|Sandstorm|[upkeep]
|-damage|p1a: Latias|94/100|[from] Sandstorm
|-damage|p2a: Keldeo|69/100|[from] Sandstorm
|-heal|p2a: Keldeo|76/100|[from] item: Leftovers
|upkeep
|turn|4
|
|t:|1720574186
|switch|p1a: Skarmory|Skarmory, F|100/100
|move|p2a: Keldeo|Scald|p1a: Skarmory
|-damage|p1a: Skarmory|67/100
|
|-weather|Sandstorm|[upkeep]
|-damage|p2a: Keldeo|69/100|[from] Sandstorm
|-heal|p2a: Keldeo|76/100|[from] item: Leftovers
|-heal|p1a: Skarmory|73/100|[from] item: Leftovers
|upkeep
|turn|5
|
|t:|1720574195
|move|p2a: Keldeo|Scald|p1a: Skarmory
|-damage|p1a: Skarmory|41/100
|-status|p1a: Skarmory|brn
|move|p1a: Skarmory|Whirlwind|p2a: Keldeo
|drag|p2a: Hitmontop|Hitmontop, M|100/100
|-damage|p2a: Hitmontop|88/100|[from] Spikes
|-ability|p2a: Hitmontop|Intimidate|boost
|-unboost|p1a: Skarmory|atk|1
|
|-weather|Sandstorm|[upkeep]
|-damage|p2a: Hitmontop|82/100|[from] Sandstorm
|-heal|p2a: Hitmontop|88/100|[from] item: Leftovers
|-heal|p1a: Skarmory|47/100 brn|[from] item: Leftovers
|-damage|p1a: Skarmory|34/100 brn|[from] brn
|upkeep
|turn|6
|
|t:|1720574222
|move|p2a: Hitmontop|Rapid Spin|p1a: Skarmory
|-resisted|p1a: Skarmory
|-damage|p1a: Skarmory|33/100 brn
|-sideend|p2: UnumGenus|Spikes|[from] move: Rapid Spin|[of] p2a: Hitmontop
|move|p1a: Skarmory|Roost|p1a: Skarmory
|-heal|p1a: Skarmory|83/100 brn
|-singleturn|p1a: Skarmory|move: Roost
|
|-weather|Sandstorm|[upkeep]
|-damage|p2a: Hitmontop|82/100|[from] Sandstorm
|-heal|p2a: Hitmontop|88/100|[from] item: Leftovers
|-heal|p1a: Skarmory|89/100 brn|[from] item: Leftovers
|-damage|p1a: Skarmory|76/100 brn|[from] brn
|upkeep
|turn|7
|
|t:|1720574234
|switch|p2a: Terrakion|Terrakion|100/100
|switch|p1a: Reuniclus|Reuniclus, M|100/100
|
|-weather|Sandstorm|[upkeep]
|upkeep
|turn|8
|
|t:|1720574248
|move|p2a: Terrakion|X-Scissor|p1a: Reuniclus
|-supereffective|p1a: Reuniclus
|-damage|p1a: Reuniclus|65/100
|move|p1a: Reuniclus|Psyshock|p2a: Terrakion
|-supereffective|p2a: Terrakion
|-damage|p2a: Terrakion|22/100
|
|-weather|Sandstorm|[upkeep]
|-heal|p1a: Reuniclus|71/100|[from] item: Leftovers
|upkeep
|turn|9
|
|t:|1720574257
|switch|p2a: Scrafty|Scrafty, M|100/100
|move|p1a: Reuniclus|Recover|p1a: Reuniclus
|-heal|p1a: Reuniclus|100/100
|
|-weather|Sandstorm|[upkeep]
|-damage|p2a: Scrafty|95/100|[from] Sandstorm
|-heal|p2a: Scrafty|100/100|[from] item: Leftovers
|upkeep
|turn|10
|
|t:|1720574269
|switch|p1a: Skarmory|Skarmory, F|76/100 brn
|move|p2a: Scrafty|Dragon Dance|p2a: Scrafty
|-boost|p2a: Scrafty|atk|1
|-boost|p2a: Scrafty|spe|1
|
|-weather|Sandstorm|[upkeep]
|-damage|p2a: Scrafty|95/100|[from] Sandstorm
|-heal|p2a: Scrafty|100/100|[from] item: Leftovers
|-heal|p1a: Skarmory|82/100 brn|[from] item: Leftovers
|-damage|p1a: Skarmory|70/100 brn|[from] brn
|upkeep
|turn|11
|
|t:|1720574279
|move|p2a: Scrafty|Drain Punch|p1a: Skarmory
|-damage|p1a: Skarmory|34/100 brn
|move|p1a: Skarmory|Whirlwind|p2a: Scrafty
|drag|p2a: Conkeldurr|Conkeldurr, F|100/100
|
|-weather|Sandstorm|[upkeep]
|-damage|p2a: Conkeldurr|94/100|[from] Sandstorm
|-heal|p1a: Skarmory|40/100 brn|[from] item: Leftovers
|-heal|p2a: Conkeldurr|100/100|[from] item: Leftovers
|-damage|p1a: Skarmory|28/100 brn|[from] brn
|upkeep
|turn|12
|
|t:|1720574290
|move|p1a: Skarmory|Spikes|p2a: Conkeldurr
|-sidestart|p2: UnumGenus|Spikes
|move|p2a: Conkeldurr|Ice Punch|p1a: Skarmory
|-damage|p1a: Skarmory|0 fnt
|faint|p1a: Skarmory
|
|-weather|Sandstorm|[upkeep]
|-damage|p2a: Conkeldurr|94/100|[from] Sandstorm
|-heal|p2a: Conkeldurr|100/100|[from] item: Leftovers
|upkeep
|
|t:|1720574300
|switch|p1a: Bronzong|Bronzong|100/100
|turn|13
|
|t:|1720574315
|switch|p2a: Keldeo|Keldeo|76/100
|-damage|p2a: Keldeo|63/100|[from] Spikes
|move|p1a: Bronzong|Toxic|p2a: Keldeo
|-status|p2a: Keldeo|tox
|
|-weather|Sandstorm|[upkeep]
|-damage|p2a: Keldeo|57/100 tox|[from] Sandstorm
|-heal|p2a: Keldeo|63/100 tox|[from] item: Leftovers
|-damage|p2a: Keldeo|57/100 tox|[from] psn
|upkeep
|turn|14
|
|t:|1720574330
|switch|p2a: Scrafty|Scrafty, M|100/100
|-damage|p2a: Scrafty|88/100|[from] Spikes
|move|p1a: Bronzong|Protect||[still]
|-fail|p1a: Bronzong
|
|-weather|Sandstorm|[upkeep]
|-damage|p2a: Scrafty|82/100|[from] Sandstorm
|-heal|p2a: Scrafty|88/100|[from] item: Leftovers
|upkeep
|turn|15
|
|t:|1720574338
|move|p2a: Scrafty|Dragon Dance|p2a: Scrafty
|-boost|p2a: Scrafty|atk|1
|-boost|p2a: Scrafty|spe|1
|move|p1a: Bronzong|Toxic|p2a: Scrafty
|-status|p2a: Scrafty|tox
|
|-weather|Sandstorm|[upkeep]
|-damage|p2a: Scrafty|82/100 tox|[from] Sandstorm
|-heal|p2a: Scrafty|88/100 tox|[from] item: Leftovers
|-damage|p2a: Scrafty|82/100 tox|[from] psn
|upkeep
|turn|16
|
|t:|1720574356
|switch|p1a: Hippowdon|Hippowdon, M|100/100
|move|p2a: Scrafty|Dragon Dance|p2a: Scrafty
|-boost|p2a: Scrafty|atk|1
|-boost|p2a: Scrafty|spe|1
|
|-weather|Sandstorm|[upkeep]
|-damage|p2a: Scrafty|77/100 tox|[from] Sandstorm
|-activate|p2a: Scrafty|ability: Shed Skin
|-curestatus|p2a: Scrafty|tox|[msg]
|-heal|p2a: Scrafty|82/100|[from] item: Leftovers
|upkeep
|turn|17
|
|t:|1720574367
|move|p2a: Scrafty|Ice Punch|p1a: Hippowdon
|-supereffective|p1a: Hippowdon
|-damage|p1a: Hippowdon|41/100
|move|p1a: Hippowdon|Whirlwind|p2a: Scrafty
|drag|p2a: Lucario|Lucario, F|100/100
|-damage|p2a: Lucario|88/100|[from] Spikes
|
|-weather|Sandstorm|[upkeep]
|-heal|p1a: Hippowdon|48/100|[from] item: Leftovers
|upkeep
|turn|18
|
|t:|1720574387
|switch|p1a: Reuniclus|Reuniclus, M|100/100
|move|p2a: Lucario|Swords Dance|p2a: Lucario
|-boost|p2a: Lucario|atk|2
|
|-weather|Sandstorm|[upkeep]
|upkeep
|turn|19
|
|t:|1720574394
|move|p2a: Lucario|Crunch|p1a: Reuniclus
|-supereffective|p1a: Reuniclus
|-damage|p1a: Reuniclus|15/100
|-damage|p2a: Lucario|78/100|[from] item: Life Orb
|move|p1a: Reuniclus|Focus Blast|p2a: Lucario
|-supereffective|p2a: Lucario
|-crit|p2a: Lucario
|-damage|p2a: Lucario|0 fnt
|faint|p2a: Lucario
|
|-weather|Sandstorm|[upkeep]
|-heal|p1a: Reuniclus|21/100|[from] item: Leftovers
|upkeep
|
|t:|1720574417
|switch|p2a: Terrakion|Terrakion|22/100
|-damage|p2a: Terrakion|10/100|[from] Spikes
|turn|20
|
|t:|1720574426
|switch|p1a: Latias|Latias, F|94/100
|move|p2a: Terrakion|X-Scissor|p1a: Latias
|-supereffective|p1a: Latias
|-damage|p1a: Latias|34/100
|
|-weather|Sandstorm|[upkeep]
|-damage|p1a: Latias|28/100|[from] Sandstorm
|upkeep
|turn|21
|
|t:|1720574439
|move|p1a: Latias|Surf|p2a: Terrakion
|-supereffective|p2a: Terrakion
|-damage|p2a: Terrakion|0 fnt
|faint|p2a: Terrakion
|
|-weather|Sandstorm|[upkeep]
|-damage|p1a: Latias|22/100|[from] Sandstorm
|upkeep
|
|t:|1720574445
|switch|p2a: Scrafty|Scrafty, M|82/100
|-damage|p2a: Scrafty|70/100|[from] Spikes
|turn|22
|
|t:|1720574457
|move|p1a: Latias|Roost|p1a: Latias
|-heal|p1a: Latias|72/100
|-singleturn|p1a: Latias|move: Roost
|move|p2a: Scrafty|Dragon Dance|p2a: Scrafty
|-boost|p2a: Scrafty|atk|1
|-boost|p2a: Scrafty|spe|1
|
|-weather|Sandstorm|[upkeep]
|-damage|p1a: Latias|66/100|[from] Sandstorm
|-damage|p2a: Scrafty|64/100|[from] Sandstorm
|-heal|p2a: Scrafty|70/100|[from] item: Leftovers
|upkeep
|turn|23
|
|t:|1720574466
|move|p1a: Latias|Thunder Wave|p2a: Scrafty
|-status|p2a: Scrafty|par
|move|p2a: Scrafty|Dragon Dance|p2a: Scrafty
|-boost|p2a: Scrafty|atk|1
|-boost|p2a: Scrafty|spe|1
|
|-weather|Sandstorm|[upkeep]
|-damage|p1a: Latias|60/100|[from] Sandstorm
|-damage|p2a: Scrafty|64/100 par|[from] Sandstorm
|-activate|p2a: Scrafty|ability: Shed Skin
|-curestatus|p2a: Scrafty|par|[msg]
|-heal|p2a: Scrafty|70/100|[from] item: Leftovers
|upkeep
|turn|24
|
|t:|1720574478
|move|p2a: Scrafty|Crunch|p1a: Latias
|-supereffective|p1a: Latias
|-enditem|p1a: Latias|Colbur Berry|[eat]
|-enditem|p1a: Latias|Colbur Berry|[weaken]
|-damage|p1a: Latias|0 fnt
|faint|p1a: Latias
|
|-weather|Sandstorm|[upkeep]
|-damage|p2a: Scrafty|64/100|[from] Sandstorm
|-heal|p2a: Scrafty|70/100|[from] item: Leftovers
|upkeep
|
|t:|1720574488
|switch|p1a: Bronzong|Bronzong|100/100
|turn|25
|
|t:|1720574495
|move|p2a: Scrafty|Drain Punch|p1a: Bronzong
|-damage|p1a: Bronzong|45/100
|-heal|p2a: Scrafty|100/100|[from] drain|[of] p1a: Bronzong
|move|p1a: Bronzong|Earthquake|p2a: Scrafty
|-damage|p2a: Scrafty|78/100
|
|-weather|Sandstorm|[upkeep]
|-damage|p2a: Scrafty|72/100|[from] Sandstorm
|-heal|p2a: Scrafty|78/100|[from] item: Leftovers
|-heal|p1a: Bronzong|52/100|[from] item: Leftovers
|upkeep
|turn|26
|
|t:|1720574518
|move|p1a: Bronzong|Protect|p1a: Bronzong
|-singleturn|p1a: Bronzong|Protect
|move|p2a: Scrafty|Drain Punch|p1a: Bronzong
|-activate|p1a: Bronzong|move: Protect
|
|-weather|Sandstorm|[upkeep]
|-damage|p2a: Scrafty|72/100|[from] Sandstorm
|-heal|p2a: Scrafty|78/100|[from] item: Leftovers
|-heal|p1a: Bronzong|58/100|[from] item: Leftovers
|upkeep
|turn|27
|
|t:|1720574527
|move|p2a: Scrafty|Drain Punch|p1a: Bronzong
|-damage|p1a: Bronzong|4/100
|-heal|p2a: Scrafty|100/100|[from] drain|[of] p1a: Bronzong
|move|p1a: Bronzong|Toxic|p2a: Scrafty
|-status|p2a: Scrafty|tox
|
|-weather|Sandstorm|[upkeep]
|-damage|p2a: Scrafty|95/100 tox|[from] Sandstorm
|-heal|p2a: Scrafty|100/100 tox|[from] item: Leftovers
|-heal|p1a: Bronzong|10/100|[from] item: Leftovers
|-damage|p2a: Scrafty|95/100 tox|[from] psn
|upkeep
|turn|28
|
|t:|1720574539
|move|p2a: Scrafty|Dragon Dance|p2a: Scrafty
|-boost|p2a: Scrafty|atk|1
|-boost|p2a: Scrafty|spe|1
|move|p1a: Bronzong|Skill Swap|p2a: Scrafty
|-activate|p1a: Bronzong|move: Skill Swap|Shed Skin|Levitate|[of] p2a: Scrafty
|-endability|p1a: Bronzong|Levitate|[from] move: Skill Swap
|-endability|p2a: Scrafty|Shed Skin|[from] move: Skill Swap
|
|-weather|Sandstorm|[upkeep]
|-damage|p2a: Scrafty|89/100 tox|[from] Sandstorm
|-heal|p2a: Scrafty|95/100 tox|[from] item: Leftovers
|-heal|p1a: Bronzong|16/100|[from] item: Leftovers
|-damage|p2a: Scrafty|83/100 tox|[from] psn
|upkeep
|turn|29
|
|t:|1720574551
|move|p1a: Bronzong|Protect|p1a: Bronzong
|-singleturn|p1a: Bronzong|Protect
|move|p2a: Scrafty|Drain Punch|p1a: Bronzong
|-activate|p1a: Bronzong|move: Protect
|
|-weather|Sandstorm|[upkeep]
|-damage|p2a: Scrafty|77/100 tox|[from] Sandstorm
|-heal|p2a: Scrafty|83/100 tox|[from] item: Leftovers
|-heal|p1a: Bronzong|22/100|[from] item: Leftovers
|-damage|p2a: Scrafty|65/100 tox|[from] psn
|upkeep
|turn|30
|
|t:|1720574561
|move|p1a: Bronzong|Protect|p1a: Bronzong
|-singleturn|p1a: Bronzong|Protect
|move|p2a: Scrafty|Drain Punch|p1a: Bronzong
|-activate|p1a: Bronzong|move: Protect
|
|-weather|Sandstorm|[upkeep]
|-damage|p2a: Scrafty|59/100 tox|[from] Sandstorm
|-heal|p2a: Scrafty|65/100 tox|[from] item: Leftovers
|-heal|p1a: Bronzong|29/100|[from] item: Leftovers
|-damage|p2a: Scrafty|41/100 tox|[from] psn
|upkeep
|turn|31
|
|t:|1720574573
|switch|p1a: Reuniclus|Reuniclus, M|21/100
|move|p2a: Scrafty|Drain Punch|p1a: Reuniclus
|-resisted|p1a: Reuniclus
|-crit|p1a: Reuniclus
|-damage|p1a: Reuniclus|0 fnt
|-heal|p2a: Scrafty|58/100 tox|[from] drain|[of] p1a: Reuniclus
|faint|p1a: Reuniclus
|
|-weather|Sandstorm|[upkeep]
|-damage|p2a: Scrafty|52/100 tox|[from] Sandstorm
|-heal|p2a: Scrafty|58/100 tox|[from] item: Leftovers
|-damage|p2a: Scrafty|29/100 tox|[from] psn
|upkeep
|
|t:|1720574577
|switch|p1a: Bronzong|Bronzong|29/100
|turn|32
|
|t:|1720574587
|switch|p2a: Conkeldurr|Conkeldurr, F|100/100
|-damage|p2a: Conkeldurr|88/100|[from] Spikes
|move|p1a: Bronzong|Protect||[still]
|-fail|p1a: Bronzong
|
|-weather|Sandstorm|[upkeep]
|-damage|p2a: Conkeldurr|82/100|[from] Sandstorm
|-heal|p2a: Conkeldurr|88/100|[from] item: Leftovers
|-heal|p1a: Bronzong|35/100|[from] item: Leftovers
|upkeep
|turn|33
|j| jawbreakerr
|l| jawbreakerr
|inactive|F-00_MC has 120 seconds left.
|
|t:|1720574621
|move|p1a: Bronzong|Protect|p1a: Bronzong
|-singleturn|p1a: Bronzong|Protect
|move|p2a: Conkeldurr|Fire Punch|p1a: Bronzong
|-activate|p1a: Bronzong|move: Protect
|
|-weather|Sandstorm|[upkeep]
|-damage|p2a: Conkeldurr|82/100|[from] Sandstorm
|-heal|p2a: Conkeldurr|88/100|[from] item: Leftovers
|-heal|p1a: Bronzong|41/100|[from] item: Leftovers
|upkeep
|turn|34
|
|t:|1720574632
|switch|p1a: Hippowdon|Hippowdon, M|48/100
|move|p2a: Conkeldurr|Fire Punch|p1a: Hippowdon
|-damage|p1a: Hippowdon|21/100
|
|-weather|Sandstorm|[upkeep]
|-damage|p2a: Conkeldurr|82/100|[from] Sandstorm
|-heal|p1a: Hippowdon|27/100|[from] item: Leftovers
|-heal|p2a: Conkeldurr|88/100|[from] item: Leftovers
|upkeep
|turn|35
|
|t:|1720574642
|move|p1a: Hippowdon|Slack Off|p1a: Hippowdon
|-heal|p1a: Hippowdon|77/100
|move|p2a: Conkeldurr|Ice Punch|p1a: Hippowdon
|-supereffective|p1a: Hippowdon
|-damage|p1a: Hippowdon|24/100
|
|-weather|Sandstorm|[upkeep]
|-damage|p2a: Conkeldurr|82/100|[from] Sandstorm
|-heal|p1a: Hippowdon|30/100|[from] item: Leftovers
|-heal|p2a: Conkeldurr|88/100|[from] item: Leftovers
|upkeep
|turn|36
|
|t:|1720574653
|move|p1a: Hippowdon|Slack Off|p1a: Hippowdon
|-heal|p1a: Hippowdon|80/100
|move|p2a: Conkeldurr|Ice Punch|p1a: Hippowdon
|-supereffective|p1a: Hippowdon
|-damage|p1a: Hippowdon|31/100
|
|-weather|Sandstorm|[upkeep]
|-damage|p2a: Conkeldurr|82/100|[from] Sandstorm
|-heal|p1a: Hippowdon|38/100|[from] item: Leftovers
|-heal|p2a: Conkeldurr|88/100|[from] item: Leftovers
|upkeep
|turn|37
|
|t:|1720574664
|move|p1a: Hippowdon|Slack Off|p1a: Hippowdon
|-heal|p1a: Hippowdon|88/100
|move|p2a: Conkeldurr|Ice Punch|p1a: Hippowdon
|-supereffective|p1a: Hippowdon
|-damage|p1a: Hippowdon|39/100
|
|-weather|Sandstorm|[upkeep]
|-damage|p2a: Conkeldurr|82/100|[from] Sandstorm
|-heal|p1a: Hippowdon|45/100|[from] item: Leftovers
|-heal|p2a: Conkeldurr|88/100|[from] item: Leftovers
|upkeep
|turn|38
|
|t:|1720574674
|move|p1a: Hippowdon|Slack Off|p1a: Hippowdon
|-heal|p1a: Hippowdon|95/100
|move|p2a: Conkeldurr|Ice Punch|p1a: Hippowdon
|-supereffective|p1a: Hippowdon
|-damage|p1a: Hippowdon|47/100
|
|-weather|Sandstorm|[upkeep]
|-damage|p2a: Conkeldurr|82/100|[from] Sandstorm
|-heal|p1a: Hippowdon|53/100|[from] item: Leftovers
|-heal|p2a: Conkeldurr|88/100|[from] item: Leftovers
|upkeep
|turn|39
|
|t:|1720574698
|move|p1a: Hippowdon|Stealth Rock|p2a: Conkeldurr
|-sidestart|p2: UnumGenus|move: Stealth Rock
|move|p2a: Conkeldurr|Ice Punch|p1a: Hippowdon
|-supereffective|p1a: Hippowdon
|-damage|p1a: Hippowdon|3/100
|
|-weather|Sandstorm|[upkeep]
|-damage|p2a: Conkeldurr|82/100|[from] Sandstorm
|-heal|p1a: Hippowdon|9/100|[from] item: Leftovers
|-heal|p2a: Conkeldurr|88/100|[from] item: Leftovers
|upkeep
|turn|40
|
|t:|1720574707
|move|p2a: Conkeldurr|Mach Punch|p1a: Hippowdon
|-damage|p1a: Hippowdon|0 fnt
|faint|p1a: Hippowdon
|
|-weather|Sandstorm|[upkeep]
|-damage|p2a: Conkeldurr|82/100|[from] Sandstorm
|-heal|p2a: Conkeldurr|88/100|[from] item: Leftovers
|upkeep
|
|t:|1720574711
|switch|p1a: Bronzong|Bronzong|41/100
|turn|41
|
|t:|1720574716
|move|p1a: Bronzong|Protect|p1a: Bronzong
|-singleturn|p1a: Bronzong|Protect
|move|p2a: Conkeldurr|Fire Punch|p1a: Bronzong
|-activate|p1a: Bronzong|move: Protect
|
|-weather|Sandstorm|[upkeep]
|-damage|p2a: Conkeldurr|82/100|[from] Sandstorm
|-heal|p2a: Conkeldurr|88/100|[from] item: Leftovers
|-heal|p1a: Bronzong|47/100|[from] item: Leftovers
|upkeep
|turn|42
|
|t:|1720574727
|move|p2a: Conkeldurr|Fire Punch|p1a: Bronzong
|-supereffective|p1a: Bronzong
|-damage|p1a: Bronzong|0 fnt
|faint|p1a: Bronzong
|
|-weather|Sandstorm|[upkeep]
|-damage|p2a: Conkeldurr|82/100|[from] Sandstorm
|-heal|p2a: Conkeldurr|88/100|[from] item: Leftovers
|upkeep
|
|t:|1720574730
|switch|p1a: Clefable|Clefable, M|100/100
|turn|43
|
|t:|1720574736
|move|p2a: Conkeldurr|Mach Punch|p1a: Clefable
|-supereffective|p1a: Clefable
|-damage|p1a: Clefable|30/100
|move|p1a: Clefable|Thunder Wave|p2a: Conkeldurr
|-status|p2a: Conkeldurr|par
|
|-weather|Sandstorm|[upkeep]
|-damage|p2a: Conkeldurr|82/100 par|[from] Sandstorm
|-heal|p1a: Clefable|37/100|[from] item: Leftovers
|-heal|p2a: Conkeldurr|88/100 par|[from] item: Leftovers
|upkeep
|turn|44
|
|t:|1720574745
|move|p2a: Conkeldurr|Mach Punch|p1a: Clefable
|-supereffective|p1a: Clefable
|-damage|p1a: Clefable|0 fnt
|faint|p1a: Clefable
|
|win|UnumGenus
|raw|F-00_MC's rating: 1497 &rarr; <strong>1471</strong><br />(-26 for losing)
|raw|UnumGenus's rating: 1386 &rarr; <strong>1412</strong><br />(+26 for winning)
|c|☆F-00_MC|gg
|l|☆F-00_MC
|player|p1|
|c|☆UnumGenus|gg
