|j|☆night bliz
|j|☆chomp29
|t:|1727631434
|gametype|singles
|player|p1|night bliz|dragontamer-gen3|1497
|player|p2|chomp29|lucas|1555
|teamsize|p1|6
|teamsize|p2|6
|gen|5
|tier|[Gen 5] OU
|rated|
|rule|Species Clause: Limit one of each Pokémon
|rule|OHKO Clause: OHKO moves are banned
|rule|Moody Clause: Moody is banned
|rule|Evasion Items Clause: Evasion items are banned
|rule|Evasion Moves Clause: Evasion moves are banned
|rule|Endless Battle Clause: Forcing endless battles is banned
|rule|HP Percentage Mod: HP is shown in percentages
|rule|Evasion Abilities Clause: Evasion abilities are banned
|rule|Sleep Moves Clause: Sleep-inducing moves are banned
|rule|Swagger Clause: Swagger is banned
|rule|Baton Pass Stat Clause: No Baton Passer may have a way to boost its stats
|clearpoke
|poke|p1|Hippowdon, F|item
|poke|p1|Ferrothorn, F|item
|poke|p1|Magnezone|item
|poke|p1|Latios, M|item
|poke|p1|Excadrill, M|item
|poke|p1|Reuniclus, M|item
|poke|p2|Celebi|item
|poke|p2|Tyranitar, F|item
|poke|p2|Latios, M|item
|poke|p2|Landorus-Therian, M|item
|poke|p2|Keldeo|item
|poke|p2|Excadrill, F|item
|teampreview
|inactive|Battle timer is ON: inactive players will automatically lose when time's up. (requested by chomp29)
|c|☆chomp29|Ay
|c|☆chomp29|Gl
|c|☆night bliz|ello
|c|☆chomp29|Also
|c|☆night bliz|l
|c|☆night bliz|gl
|c|☆chomp29|Do y9u
|c|☆chomp29|Have any tike
|c|☆chomp29|Tike
|c|☆chomp29|Ktime
|c|☆chomp29|Jesus lag
|c|☆chomp29|After this
|inactive|night bliz has 120 seconds left.
|inactive|chomp29 has 120 seconds left.
|c|☆chomp29|LIke in next
|c|☆night bliz|how much we talking
|c|☆chomp29|1
|c|☆chomp29|5
|c|☆chomp29|Mins top
|c|☆chomp29|Anytime in
|c|☆night bliz|eh sure
|c|☆chomp29|Next 3
|c|☆chomp29|Hours
|inactive|chomp29 has 90 seconds left.
|c|☆chomp29|If no
|c|☆chomp29|Its fine
|c|☆chomp29|U got a team
|c|☆chomp29|To manage
|c|☆night bliz|?
|c|☆chomp29|Er
|c|☆chomp29|Bwpl?
|inactive|chomp29 has 60 seconds left.
|inactiveoff|Battle timer is now OFF.
|c|☆night bliz|I am just a BW ladder player
|c|☆night bliz|lol
|c|☆chomp29|Lmao
|c|☆chomp29|What
|c|☆chomp29|Is this cow
|c|☆chomp29|Or no
|c|☆night bliz|no
|c|☆chomp29|Oh
|c|☆chomp29|Wtf
|c|☆chomp29|Nvm then
|c|☆chomp29|Gl
|c|☆night bliz|lol
|inactive|Battle timer is ON: inactive players will automatically lose when time's up. (requested by chomp29)
|
|t:|1727631583
|start
|switch|p1a: Hippowdon|Hippowdon, F|100/100
|switch|p2a: Celebi|Celebi|100/100
|-weather|Sandstorm|[from] ability: Sand Stream|[of] p1a: Hippowdon
|turn|1
|c|☆night bliz|Your in Monai's tournery?
|
|t:|1727631604
|move|p2a: Celebi|Leaf Storm|p1a: Hippowdon
|-supereffective|p1a: Hippowdon
|-damage|p1a: Hippowdon|13/100
|-unboost|p2a: Celebi|spa|2
|move|p1a: Hippowdon|Stealth Rock|p2a: Celebi
|-sidestart|p2: chomp29|move: Stealth Rock
|
|-weather|Sandstorm|[upkeep]
|-damage|p2a: Celebi|94/100|[from] Sandstorm
|-heal|p2a: Celebi|100/100|[from] item: Leftovers
|-heal|p1a: Hippowdon|20/100|[from] item: Leftovers
|upkeep
|turn|2
|inactive|chomp29 has 120 seconds left.
|
|t:|1727631624
|switch|p1a: Excadrill|Excadrill, M|100/100
|move|p2a: Celebi|Leaf Storm|p1a: Excadrill
|-damage|p1a: Excadrill|65/100
|-unboost|p2a: Celebi|spa|2
|
|-weather|Sandstorm|[upkeep]
|-damage|p2a: Celebi|94/100|[from] Sandstorm
|-heal|p2a: Celebi|100/100|[from] item: Leftovers
|upkeep
|turn|3
|inactive|chomp29 has 90 seconds left.
|
|t:|1727631664
|switch|p2a: Landorus|Landorus-Therian, M|100/100
|-damage|p2a: Landorus|88/100|[from] Stealth Rock
|-ability|p2a: Landorus|Intimidate|boost
|-unboost|p1a: Excadrill|atk|1
|move|p1a: Excadrill|Iron Head|p2a: Landorus
|-damage|p2a: Landorus|53/100
|
|-weather|Sandstorm|[upkeep]
|-heal|p2a: Landorus|59/100|[from] item: Leftovers
|upkeep
|turn|4
|
|t:|1727631669
|switch|p1a: Ferrothorn|Ferrothorn, F|100/100
|move|p2a: Landorus|Stealth Rock|p1a: Ferrothorn
|-sidestart|p1: night bliz|move: Stealth Rock
|
|-weather|Sandstorm|[upkeep]
|-heal|p2a: Landorus|65/100|[from] item: Leftovers
|upkeep
|turn|5
|inactive|chomp29 has 90 seconds left.
|
|t:|1727631689
|move|p2a: Landorus|Earthquake|p1a: Ferrothorn
|-crit|p1a: Ferrothorn
|-damage|p1a: Ferrothorn|33/100
|move|p1a: Ferrothorn|Spikes|p2a: Landorus
|-sidestart|p2: chomp29|Spikes
|
|-weather|Sandstorm|[upkeep]
|-heal|p2a: Landorus|71/100|[from] item: Leftovers
|-heal|p1a: Ferrothorn|39/100|[from] item: Leftovers
|upkeep
|turn|6
|c|☆chomp29|Mh
|c|☆chomp29|Mb
|inactive|chomp29 has 90 seconds left.
|
|t:|1727631702
|move|p1a: Ferrothorn|Protect|p1a: Ferrothorn
|-singleturn|p1a: Ferrothorn|Protect
|move|p2a: Landorus|U-turn|p1a: Ferrothorn
|-activate|p1a: Ferrothorn|move: Protect
|
|-weather|Sandstorm|[upkeep]
|-heal|p2a: Landorus|77/100|[from] item: Leftovers
|-heal|p1a: Ferrothorn|46/100|[from] item: Leftovers
|upkeep
|turn|7
|
|t:|1727631706
|move|p2a: Landorus|U-turn|p1a: Ferrothorn
|-damage|p1a: Ferrothorn|30/100
|-damage|p2a: Landorus|64/100|[from] ability: Iron Barbs|[of] p1a: Ferrothorn
|
|t:|1727631708
|switch|p2a: Celebi|Celebi|100/100|[from] U-turn
|-damage|p2a: Celebi|88/100|[from] Stealth Rock
|-damage|p2a: Celebi|76/100|[from] Spikes
|move|p1a: Ferrothorn|Leech Seed|p2a: Celebi
|-immune|p2a: Celebi
|
|-weather|Sandstorm|[upkeep]
|-damage|p2a: Celebi|69/100|[from] Sandstorm
|-heal|p2a: Celebi|76/100|[from] item: Leftovers
|-heal|p1a: Ferrothorn|36/100|[from] item: Leftovers
|upkeep
|turn|8
|
|t:|1727631723
|switch|p1a: Latios|Latios, M|100/100
|-damage|p1a: Latios|88/100|[from] Stealth Rock
|move|p2a: Celebi|Nasty Plot|p2a: Celebi
|-boost|p2a: Celebi|spa|2
|
|-weather|Sandstorm|[upkeep]
|-damage|p1a: Latios|82/100|[from] Sandstorm
|-damage|p2a: Celebi|69/100|[from] Sandstorm
|-heal|p2a: Celebi|76/100|[from] item: Leftovers
|upkeep
|turn|9
|inactive|chomp29 has 90 seconds left.
|
|t:|1727631777
|move|p1a: Latios|Surf|p2a: Celebi
|-resisted|p2a: Celebi
|-damage|p2a: Celebi|59/100
|move|p2a: Celebi|Recover|p2a: Celebi
|-heal|p2a: Celebi|100/100
|
|-weather|Sandstorm|[upkeep]
|-damage|p1a: Latios|76/100|[from] Sandstorm
|-damage|p2a: Celebi|94/100|[from] Sandstorm
|-heal|p2a: Celebi|100/100|[from] item: Leftovers
|upkeep
|turn|10
|
|t:|1727631790
|switch|p1a: Magnezone|Magnezone|100/100
|-damage|p1a: Magnezone|94/100|[from] Stealth Rock
|-item|p1a: Magnezone|Air Balloon
|move|p2a: Celebi|Hidden Power|p1a: Magnezone
|-supereffective|p1a: Magnezone
|-damage|p1a: Magnezone|3/100
|-enditem|p1a: Magnezone|Air Balloon
|
|-weather|Sandstorm|[upkeep]
|-damage|p2a: Celebi|94/100|[from] Sandstorm
|-heal|p2a: Celebi|100/100|[from] item: Leftovers
|upkeep
|turn|11
|c|☆night bliz|gg
|-message|night bliz forfeited.
|
|win|chomp29
|raw|night bliz's rating: 1497 &rarr; <strong>1480</strong><br />(-17 for losing)
|raw|chomp29's rating: 1555 &rarr; <strong>1572</strong><br />(+17 for winning)
|l|☆night bliz
|player|p1|
|l|☆chomp29
|player|p2|
|j|☆chomp29
|player|p2|chomp29|lucas|
