|j|☆SpartanRebornFRA
|j|☆Neighthan Trainer
|t:|1727391393
|gametype|singles
|player|p1|SpartanRebornFRA|lucas|1307
|player|p2|Neighthan Trainer|pokemonranger-gen4|1328
|teamsize|p1|6
|teamsize|p2|6
|gen|5
|tier|[Gen 5] OU
|rated|
|rule|Species Clause: Limit one of each Pokémon
|rule|OHKO Clause: OHKO moves are banned
|rule|Moody Clause: Moody is banned
|rule|Evasion Items Clause: Evasion items are banned
|rule|Evasion Moves Clause: Evasion moves are banned
|rule|Endless Battle Clause: Forcing endless battles is banned
|rule|HP Percentage Mod: HP is shown in percentages
|rule|Evasion Abilities Clause: Evasion abilities are banned
|rule|Sleep Moves Clause: Sleep-inducing moves are banned
|rule|Swagger Clause: Swagger is banned
|rule|Baton Pass Stat Clause: No Baton Passer may have a way to boost its stats
|clearpoke
|poke|p1|Alakazam, M|item
|poke|p1|Tyranitar, M|item
|poke|p1|Landorus-Therian, M|item
|poke|p1|Rotom-Wash|item
|poke|p1|Excadrill, M|item
|poke|p1|Latios, M|item
|poke|p2|Donphan, M|item
|poke|p2|Staraptor, M|item
|poke|p2|Metagross|item
|poke|p2|Gengar, M|item
|poke|p2|Cradily, F|item
|poke|p2|Volcarona, F|item
|teampreview
|
|t:|1727391427
|start
|switch|p1a: Landorus|Landorus-Therian, M|100/100
|switch|p2a: Gengar|Gengar, M|100/100
|-ability|p1a: Landorus|Intimidate|boost
|-unboost|p2a: Gengar|atk|1
|turn|1
|
|t:|1727391439
|move|p2a: Gengar|Hidden Power|p1a: Landorus
|-supereffective|p1a: Landorus
|-enditem|p1a: Landorus|Focus Sash
|-damage|p1a: Landorus|1/100
|move|p1a: Landorus|Stealth Rock|p2a: Gengar
|-sidestart|p2: Neighthan Trainer|move: Stealth Rock
|
|upkeep
|turn|2
|
|t:|1727391459
|move|p2a: Gengar|Focus Blast|p1a: Landorus
|-resisted|p1a: Landorus
|-damage|p1a: Landorus|0 fnt
|faint|p1a: Landorus
|
|upkeep
|
|t:|1727391464
|switch|p1a: Alakazam|Alakazam, M|100/100
|turn|3
|
|t:|1727391489
|switch|p2a: Cradily|Cradily, F|100/100
|-damage|p2a: Cradily|88/100|[from] Stealth Rock
|move|p1a: Alakazam|Psyshock|p2a: Cradily
|-damage|p2a: Cradily|50/100
|
|-heal|p2a: Cradily|56/100|[from] item: Leftovers
|upkeep
|turn|4
|
|t:|1727391501
|move|p1a: Alakazam|Focus Blast|p2a: Cradily
|-supereffective|p2a: Cradily
|-damage|p2a: Cradily|2/100
|move|p2a: Cradily|Recover|p2a: Cradily
|-heal|p2a: Cradily|53/100
|
|-heal|p2a: Cradily|59/100|[from] item: Leftovers
|upkeep
|turn|5
|
|t:|1727391509
|switch|p1a: Excadrill|Excadrill, M|100/100
|-item|p1a: Excadrill|Air Balloon
|move|p2a: Cradily|Recover|p2a: Cradily
|-heal|p2a: Cradily|100/100
|
|upkeep
|turn|6
|
|t:|1727391537
|switch|p2a: Donphan|Donphan, M|100/100
|-damage|p2a: Donphan|94/100|[from] Stealth Rock
|move|p1a: Excadrill|Iron Head|p2a: Donphan
|-crit|p2a: Donphan
|-damage|p2a: Donphan|46/100
|
|-heal|p2a: Donphan|52/100|[from] item: Leftovers
|upkeep
|turn|7
|
|t:|1727391552
|switch|p1a: Latios|Latios, M|100/100
|move|p2a: Donphan|Rapid Spin|p1a: Latios
|-damage|p1a: Latios|93/100
|-sideend|p2: Neighthan Trainer|Stealth Rock|[from] move: Rapid Spin|[of] p2a: Donphan
|
|-heal|p2a: Donphan|58/100|[from] item: Leftovers
|upkeep
|turn|8
|
|t:|1727391581
|switch|p2a: Staraptor|Staraptor, M|100/100
|-ability|p2a: Staraptor|Intimidate|boost
|-unboost|p1a: Latios|atk|1
|move|p1a: Latios|Draco Meteor|p2a: Staraptor
|-damage|p2a: Staraptor|0 fnt
|-unboost|p1a: Latios|spa|2
|faint|p2a: Staraptor
|
|upkeep
|
|t:|1727391593
|switch|p2a: Volcarona|Volcarona, F|100/100
|turn|9
|
|t:|1727391603
|switch|p1a: Tyranitar|Tyranitar, M|100/100
|-weather|Sandstorm|[from] ability: Sand Stream|[of] p1a: Tyranitar
|move|p2a: Volcarona|Quiver Dance|p2a: Volcarona
|-boost|p2a: Volcarona|spa|1
|-boost|p2a: Volcarona|spd|1
|-boost|p2a: Volcarona|spe|1
|
|-weather|Sandstorm|[upkeep]
|-damage|p2a: Volcarona|94/100|[from] Sandstorm
|upkeep
|turn|10
|
|t:|1727391640
|move|p2a: Volcarona|Bug Buzz|p1a: Tyranitar
|-supereffective|p1a: Tyranitar
|-damage|p1a: Tyranitar|10/100
|move|p1a: Tyranitar|Stone Edge|p2a: Volcarona|[miss]
|-miss|p1a: Tyranitar|p2a: Volcarona
|
|-weather|Sandstorm|[upkeep]
|-damage|p2a: Volcarona|88/100|[from] Sandstorm
|upkeep
|turn|11
|
|t:|1727391652
|move|p2a: Volcarona|Bug Buzz|p1a: Tyranitar
|-supereffective|p1a: Tyranitar
|-damage|p1a: Tyranitar|0 fnt
|faint|p1a: Tyranitar
|
|-weather|Sandstorm|[upkeep]
|-damage|p2a: Volcarona|82/100|[from] Sandstorm
|upkeep
|
|t:|1727391659
|switch|p1a: Rotom|Rotom-Wash|100/100
|turn|12
|
|t:|1727391669
|move|p2a: Volcarona|Quiver Dance|p2a: Volcarona
|-boost|p2a: Volcarona|spa|1
|-boost|p2a: Volcarona|spd|1
|-boost|p2a: Volcarona|spe|1
|move|p1a: Rotom|Thunder Wave|p2a: Volcarona
|-status|p2a: Volcarona|par
|
|-weather|Sandstorm|[upkeep]
|-damage|p1a: Rotom|94/100|[from] Sandstorm
|-damage|p2a: Volcarona|76/100 par|[from] Sandstorm
|-heal|p1a: Rotom|100/100|[from] item: Leftovers
|upkeep
|turn|13
|
|t:|1727391680
|move|p1a: Rotom|Hydro Pump|p2a: Volcarona
|-supereffective|p2a: Volcarona
|-damage|p2a: Volcarona|36/100 par
|cant|p2a: Volcarona|par
|
|-weather|Sandstorm|[upkeep]
|-damage|p1a: Rotom|94/100|[from] Sandstorm
|-damage|p2a: Volcarona|30/100 par|[from] Sandstorm
|-heal|p1a: Rotom|100/100|[from] item: Leftovers
|upkeep
|turn|14
|
|t:|1727391689
|move|p1a: Rotom|Hydro Pump|p2a: Volcarona
|-supereffective|p2a: Volcarona
|-damage|p2a: Volcarona|0 fnt
|faint|p2a: Volcarona
|
|-weather|Sandstorm|[upkeep]
|-damage|p1a: Rotom|94/100|[from] Sandstorm
|-heal|p1a: Rotom|100/100|[from] item: Leftovers
|upkeep
|
|t:|1727391702
|switch|p2a: Cradily|Cradily, F|100/100
|turn|15
|
|t:|1727391709
|move|p1a: Rotom|Thunder Wave|p2a: Cradily
|-status|p2a: Cradily|par
|cant|p2a: Cradily|par
|
|-weather|Sandstorm|[upkeep]
|-damage|p1a: Rotom|94/100|[from] Sandstorm
|-heal|p1a: Rotom|100/100|[from] item: Leftovers
|upkeep
|turn|16
|
|t:|1727391717
|move|p1a: Rotom|Volt Switch|p2a: Cradily
|-resisted|p2a: Cradily
|-damage|p2a: Cradily|95/100 par
|
|t:|1727391724
|switch|p1a: Excadrill|Excadrill, M|100/100|[from] Volt Switch
|-item|p1a: Excadrill|Air Balloon
|move|p2a: Cradily|Curse|p2a: Cradily
|-unboost|p2a: Cradily|spe|1
|-boost|p2a: Cradily|atk|1
|-boost|p2a: Cradily|def|1
|
|-weather|Sandstorm|[upkeep]
|-heal|p2a: Cradily|100/100 par|[from] item: Leftovers
|upkeep
|turn|17
|
|t:|1727391742
|move|p1a: Excadrill|Iron Head|p2a: Cradily
|-supereffective|p2a: Cradily
|-damage|p2a: Cradily|35/100 par
|move|p2a: Cradily|Seed Bomb|p1a: Excadrill
|-damage|p1a: Excadrill|47/100
|-enditem|p1a: Excadrill|Air Balloon
|
|-weather|Sandstorm|[upkeep]
|-heal|p2a: Cradily|41/100 par|[from] item: Leftovers
|upkeep
|turn|18
|
|t:|1727391751
|move|p1a: Excadrill|Iron Head|p2a: Cradily
|-supereffective|p2a: Cradily
|-damage|p2a: Cradily|0 fnt
|faint|p2a: Cradily
|
|-weather|Sandstorm|[upkeep]
|upkeep
|
|t:|1727391759
|switch|p2a: Donphan|Donphan, M|58/100
|turn|19
|inactive|Battle timer is ON: inactive players will automatically lose when time's up. (requested by SpartanRebornFRA)
|
|t:|1727391763
|switch|p1a: Rotom|Rotom-Wash|100/100
|move|p2a: Donphan|Stealth Rock|p1a: Rotom
|-sidestart|p1: SpartanRebornFRA|move: Stealth Rock
|
|-weather|Sandstorm|[upkeep]
|-damage|p1a: Rotom|94/100|[from] Sandstorm
|-heal|p1a: Rotom|100/100|[from] item: Leftovers
|-heal|p2a: Donphan|64/100|[from] item: Leftovers
|upkeep
|turn|20
|
|t:|1727391791
|move|p2a: Donphan|Ice Shard|p1a: Rotom
|-resisted|p1a: Rotom
|-damage|p1a: Rotom|94/100
|move|p1a: Rotom|Hydro Pump|p2a: Donphan
|-supereffective|p2a: Donphan
|-damage|p2a: Donphan|0 fnt
|faint|p2a: Donphan
|
|-weather|Sandstorm|[upkeep]
|-damage|p1a: Rotom|88/100|[from] Sandstorm
|-heal|p1a: Rotom|94/100|[from] item: Leftovers
|upkeep
|
|t:|1727391801
|switch|p2a: Gengar|Gengar, M|100/100
|turn|21
|
|t:|1727391812
|move|p2a: Gengar|Shadow Ball|p1a: Rotom
|-damage|p1a: Rotom|54/100
|move|p1a: Rotom|Thunder Wave|p2a: Gengar
|-status|p2a: Gengar|par
|
|-weather|Sandstorm|[upkeep]
|-damage|p1a: Rotom|48/100|[from] Sandstorm
|-damage|p2a: Gengar|94/100 par|[from] Sandstorm
|-heal|p1a: Rotom|54/100|[from] item: Leftovers
|upkeep
|turn|22
|
|t:|1727391827
|move|p1a: Rotom|Thunderbolt|p2a: Gengar
|-damage|p2a: Gengar|41/100 par
|move|p2a: Gengar|Focus Blast|p1a: Rotom
|-damage|p1a: Rotom|17/100
|
|-weather|Sandstorm|[upkeep]
|-damage|p1a: Rotom|11/100|[from] Sandstorm
|-damage|p2a: Gengar|35/100 par|[from] Sandstorm
|-heal|p1a: Rotom|17/100|[from] item: Leftovers
|upkeep
|turn|23
|
|t:|1727391839
|move|p1a: Rotom|Thunderbolt|p2a: Gengar
|-damage|p2a: Gengar|0 fnt
|faint|p2a: Gengar
|
|-weather|Sandstorm|[upkeep]
|-damage|p1a: Rotom|11/100|[from] Sandstorm
|-heal|p1a: Rotom|17/100|[from] item: Leftovers
|upkeep
|
|t:|1727391846
|switch|p2a: Metagross|Metagross|100/100
|turn|24
|
|t:|1727391851
|move|p1a: Rotom|Thunder Wave|p2a: Metagross
|-status|p2a: Metagross|par
|move|p2a: Metagross|Agility|p2a: Metagross
|-boost|p2a: Metagross|spe|2
|
|-weather|Sandstorm|[upkeep]
|-damage|p1a: Rotom|11/100|[from] Sandstorm
|-heal|p1a: Rotom|17/100|[from] item: Leftovers
|upkeep
|turn|25
|
|t:|1727391860
|move|p1a: Rotom|Thunderbolt|p2a: Metagross
|-damage|p2a: Metagross|57/100 par
|cant|p2a: Metagross|par
|
|-weather|Sandstorm|[upkeep]
|-damage|p1a: Rotom|11/100|[from] Sandstorm
|-heal|p1a: Rotom|17/100|[from] item: Leftovers
|upkeep
|turn|26
|
|t:|1727391879
|move|p1a: Rotom|Thunderbolt|p2a: Metagross
|-damage|p2a: Metagross|15/100 par
|cant|p2a: Metagross|par
|
|-weather|Sandstorm|[upkeep]
|-damage|p1a: Rotom|11/100|[from] Sandstorm
|-heal|p1a: Rotom|17/100|[from] item: Leftovers
|upkeep
|turn|27
|
|t:|1727391897
|move|p1a: Rotom|Thunderbolt|p2a: Metagross
|-damage|p2a: Metagross|0 fnt
|faint|p2a: Metagross
|
|win|SpartanRebornFRA
|raw|SpartanRebornFRA's rating: 1336 &rarr; <strong>1356</strong><br />(+20 for winning)
|raw|Neighthan Trainer's rating: 1328 &rarr; <strong>1308</strong><br />(-20 for losing)
|l|☆Neighthan Trainer
|player|p2|
