|j|☆ouzq happy matcha
|j|☆Rick91
|t:|1727428187
|gametype|singles
|player|p1|ouzq happy matcha|170|1451
|player|p2|Rick91|swimmer|1301
|teamsize|p1|6
|teamsize|p2|6
|gen|5
|tier|[Gen 5] OU
|rated|
|rule|Species Clause: Limit one of each Pokémon
|rule|OHKO Clause: OHKO moves are banned
|rule|Moody Clause: Moody is banned
|rule|Evasion Items Clause: Evasion items are banned
|rule|Evasion Moves Clause: Evasion moves are banned
|rule|Endless Battle Clause: Forcing endless battles is banned
|rule|HP Percentage Mod: HP is shown in percentages
|rule|Evasion Abilities Clause: Evasion abilities are banned
|rule|Sleep Moves Clause: Sleep-inducing moves are banned
|rule|Swagger Clause: Swagger is banned
|rule|Baton Pass Stat Clause: No Baton Passer may have a way to boost its stats
|clearpoke
|poke|p1|Magnezone|item
|poke|p1|Jirachi|item
|poke|p1|Kyurem-Black|item
|poke|p1|Latios, M|item
|poke|p1|Garchomp, F|item
|poke|p1|Salamence, F|item
|poke|p2|Politoed, M|item
|poke|p2|Rotom-Mow|item
|poke|p2|Starmie|item
|poke|p2|Skarmory, M|item
|poke|p2|Scizor, M|item
|poke|p2|Lapras, F|item
|teampreview
|inactive|Battle timer is ON: inactive players will automatically lose when time's up. (requested by Rick91)
|inactive|Rick91 has 120 seconds left.
|
|t:|1727428224
|start
|switch|p1a: Kyurem|Kyurem-Black, shiny|100/100
|switch|p2a: Rotom|Rotom-Mow|100/100
|-ability|p1a: Kyurem|Teravolt
|turn|1
|
|t:|1727428233
|move|p2a: Rotom|Trick|p1a: Kyurem
|-activate|p2a: Rotom|move: Trick|[of] p1a: Kyurem
|-item|p1a: Kyurem|Choice Specs|[from] move: Trick
|-item|p2a: Rotom|Choice Band|[from] move: Trick
|move|p1a: Kyurem|Dragon Claw|p2a: Rotom
|-damage|p2a: Rotom|28/100
|
|upkeep
|turn|2
|
|t:|1727428238
|move|p2a: Rotom|Volt Switch|p1a: Kyurem
|-resisted|p1a: Kyurem
|-damage|p1a: Kyurem|87/100
|
|t:|1727428241
|switch|p2a: Skarmory|Skarmory, M|100/100|[from] Volt Switch
|move|p1a: Kyurem|Dragon Claw|p2a: Skarmory
|-resisted|p2a: Skarmory
|-damage|p2a: Skarmory|84/100
|-damage|p1a: Kyurem|70/100|[from] item: Rocky Helmet|[of] p2a: Skarmory
|
|upkeep
|turn|3
|
|t:|1727428248
|switch|p1a: Magnezone|Magnezone|100/100
|-item|p1a: Magnezone|Air Balloon
|move|p2a: Skarmory|Stealth Rock|p1a: Magnezone
|-sidestart|p1: ouzq happy matcha|move: Stealth Rock
|
|upkeep
|turn|4
|
|t:|1727428252
|move|p1a: Magnezone|Thunderbolt|p2a: Skarmory
|-supereffective|p2a: Skarmory
|-damage|p2a: Skarmory|0 fnt
|faint|p2a: Skarmory
|
|upkeep
|
|t:|1727428258
|switch|p2a: Rotom|Rotom-Mow|28/100
|turn|5
|
|t:|1727428266
|switch|p1a: Jirachi|Jirachi|100/100
|-damage|p1a: Jirachi|94/100|[from] Stealth Rock
|move|p2a: Rotom|Volt Switch|p1a: Jirachi
|-damage|p1a: Jirachi|75/100
|
|t:|1727428268
|switch|p2a: Politoed|Politoed, M|100/100|[from] Volt Switch
|-weather|RainDance|[from] ability: Drizzle|[of] p2a: Politoed
|
|-weather|RainDance|[upkeep]
|-heal|p1a: Jirachi|82/100|[from] item: Leftovers
|upkeep
|turn|6
|
|t:|1727428273
|move|p1a: Jirachi|Thunder|p2a: Politoed
|-supereffective|p2a: Politoed
|-damage|p2a: Politoed|48/100
|move|p2a: Politoed|Scald|p1a: Jirachi
|-damage|p1a: Jirachi|47/100
|
|-weather|RainDance|[upkeep]
|-heal|p1a: Jirachi|53/100|[from] item: Leftovers
|-heal|p2a: Politoed|55/100|[from] item: Leftovers
|upkeep
|turn|7
|
|t:|1727428282
|move|p1a: Jirachi|Thunder|p2a: Politoed
|-supereffective|p2a: Politoed
|-damage|p2a: Politoed|8/100
|-status|p2a: Politoed|par
|move|p2a: Politoed|Scald|p1a: Jirachi
|-damage|p1a: Jirachi|22/100
|
|-weather|RainDance|[upkeep]
|-heal|p1a: Jirachi|28/100|[from] item: Leftovers
|-heal|p2a: Politoed|14/100 par|[from] item: Leftovers
|upkeep
|turn|8
|
|t:|1727428289
|move|p1a: Jirachi|Thunder|p2a: Politoed
|-supereffective|p2a: Politoed
|-damage|p2a: Politoed|0 fnt
|faint|p2a: Politoed
|
|-weather|RainDance|[upkeep]
|-heal|p1a: Jirachi|35/100|[from] item: Leftovers
|upkeep
|
|t:|1727428292
|switch|p2a: Starmie|Starmie|100/100
|turn|9
|
|t:|1727428294
|move|p2a: Starmie|Surf|p1a: Jirachi
|-damage|p1a: Jirachi|0 fnt
|faint|p1a: Jirachi
|
|-weather|RainDance|[upkeep]
|upkeep
|
|t:|1727428299
|switch|p1a: Kyurem|Kyurem-Black, shiny|70/100
|-damage|p1a: Kyurem|45/100|[from] Stealth Rock
|-ability|p1a: Kyurem|Teravolt
|turn|10
|
|t:|1727428302
|switch|p2a: Rotom|Rotom-Mow|28/100
|move|p1a: Kyurem|Fusion Bolt|p2a: Rotom
|-resisted|p2a: Rotom
|-damage|p2a: Rotom|14/100
|
|-weather|RainDance|[upkeep]
|upkeep
|turn|11
|
|t:|1727428309
|move|p2a: Rotom|Volt Switch|p1a: Kyurem
|-resisted|p1a: Kyurem
|-damage|p1a: Kyurem|31/100
|
|t:|1727428314
|switch|p2a: Scizor|Scizor, M, shiny|100/100|[from] Volt Switch
|move|p1a: Kyurem|Fusion Bolt|p2a: Scizor
|-damage|p2a: Scizor|47/100
|
|-weather|RainDance|[upkeep]
|upkeep
|turn|12
|
|t:|1727428316
|move|p2a: Scizor|Bullet Punch|p1a: Kyurem
|-supereffective|p1a: Kyurem
|-damage|p1a: Kyurem|0 fnt
|faint|p1a: Kyurem
|
|-weather|RainDance|[upkeep]
|upkeep
|
|t:|1727428320
|switch|p1a: Magnezone|Magnezone|100/100
|-damage|p1a: Magnezone|94/100|[from] Stealth Rock
|-item|p1a: Magnezone|Air Balloon
|turn|13
|
|t:|1727428323
|move|p2a: Scizor|Bullet Punch|p1a: Magnezone
|-resisted|p1a: Magnezone
|-damage|p1a: Magnezone|81/100
|-enditem|p1a: Magnezone|Air Balloon
|move|p1a: Magnezone|Thunderbolt|p2a: Scizor
|-damage|p2a: Scizor|0 fnt
|faint|p2a: Scizor
|
|-weather|RainDance|[upkeep]
|upkeep
|inactive|Rick91 has 120 seconds left.
|
|t:|1727428362
|switch|p2a: Starmie|Starmie|100/100
|turn|14
|
|t:|1727428384
|move|p2a: Starmie|Surf|p1a: Magnezone
|-damage|p1a: Magnezone|3/100
|move|p1a: Magnezone|Thunderbolt|p2a: Starmie
|-supereffective|p2a: Starmie
|-damage|p2a: Starmie|0 fnt
|faint|p2a: Starmie
|
|-weather|RainDance|[upkeep]
|upkeep
|
|t:|1727428391
|switch|p2a: Lapras|Lapras, F|100/100
|turn|15
|
|t:|1727428396
|move|p2a: Lapras|Ice Shard|p1a: Magnezone
|-resisted|p1a: Magnezone
|-damage|p1a: Magnezone|0 fnt
|faint|p1a: Magnezone
|
|-weather|RainDance|[upkeep]
|upkeep
|
|t:|1727428410
|switch|p1a: Garchomp|Garchomp, F, shiny|100/100
|-damage|p1a: Garchomp|94/100|[from] Stealth Rock
|turn|16
|
|t:|1727428412
|move|p1a: Garchomp|Outrage|p2a: Lapras
|-damage|p2a: Lapras|52/100
|move|p2a: Lapras|Curse|p2a: Lapras
|-unboost|p2a: Lapras|spe|1
|-boost|p2a: Lapras|atk|1
|-boost|p2a: Lapras|def|1
|
|-weather|RainDance|[upkeep]
|upkeep
|turn|17
|
|t:|1727428418
|move|p1a: Garchomp|Outrage|p2a: Lapras|[from]lockedmove
|-damage|p2a: Lapras|18/100
|move|p2a: Lapras|Curse|p2a: Lapras
|-unboost|p2a: Lapras|spe|1
|-boost|p2a: Lapras|atk|1
|-boost|p2a: Lapras|def|1
|
|-weather|RainDance|[upkeep]
|upkeep
|turn|18
|-enditem|p2a: Lapras|Custap Berry|[eat]
|-activate|p2a: Lapras|item: Custap Berry|[consumed]
|
|t:|1727428421
|move|p2a: Lapras|Rest|p2a: Lapras
|-status|p2a: Lapras|slp|[from] move: Rest
|-heal|p2a: Lapras|100/100 slp|[silent]
|move|p1a: Garchomp|Outrage|p2a: Lapras|[from]lockedmove
|-damage|p2a: Lapras|74/100 slp
|-start|p1a: Garchomp|confusion|[fatigue]
|
|-weather|RainDance|[upkeep]
|-activate|p2a: Lapras|ability: Hydration
|-curestatus|p2a: Lapras|slp|[msg]
|upkeep
|turn|19
|
|t:|1727428432
|switch|p1a: Latios|Latios, M|100/100
|-damage|p1a: Latios|88/100|[from] Stealth Rock
|move|p2a: Lapras|Ice Shard|p1a: Latios
|-supereffective|p1a: Latios
|-crit|p1a: Latios
|-damage|p1a: Latios|0 fnt
|faint|p1a: Latios
|
|-weather|RainDance|[upkeep]
|upkeep
|-message|ouzq happy matcha forfeited.
|
|win|Rick91
|raw|ouzq happy matcha's rating: 1451 &rarr; <strong>1423</strong><br />(-28 for losing)
|raw|Rick91's rating: 1301 &rarr; <strong>1329</strong><br />(+28 for winning)
|l|☆ouzq happy matcha
|player|p1|
|l|☆Rick91
|player|p2|
