|j|☆baixiaohen
|j|☆Usopp D Gawd
|t:|1744877307
|gametype|singles
|player|p1|baixiaohen|n|1351
|player|p2|Usopp D Gawd|ash-sinnoh|1292
|teamsize|p1|6
|teamsize|p2|6
|gen|5
|tier|[Gen 5] OU
|rated|
|rule|Species Clause: Limit one of each Pokémon
|rule|OHKO Clause: OHKO moves are banned
|rule|Moody Clause: Moody is banned
|rule|Evasion Items Clause: Evasion items are banned
|rule|Evasion Moves Clause: Evasion moves are banned
|rule|Endless Battle Clause: Forcing endless battles is banned
|rule|HP Percentage Mod: HP is shown in percentages
|rule|Evasion Abilities Clause: Evasion abilities are banned
|rule|Sleep Moves Clause: Sleep-inducing moves are banned
|rule|Swagger Clause: Swagger is banned
|rule|Baton Pass Stat Clause: No Baton Passer may have a way to boost its stats
|clearpoke
|poke|p1|Skarmory, M|item
|poke|p1|Tentacruel, F|item
|poke|p1|Chansey, F|item
|poke|p1|Gliscor, M|item
|poke|p1|Jellicent, M|item
|poke|p1|Quagsire, F|item
|poke|p2|Tyranitar, F|item
|poke|p2|Excadrill, M|item
|poke|p2|Ferrothorn, M|item
|poke|p2|Latios, M|item
|poke|p2|Jirachi|item
|poke|p2|Alakazam, M|item
|teampreview
|inactive|Battle timer is ON: inactive players will automatically lose when time's up. (requested by Usopp D Gawd)
|inactive|baixiaohen also wants the timer to be on.
|
|t:|1744877320
|start
|switch|p1a: Gliscor|Gliscor, M|100/100
|switch|p2a: EARTHGANG|Jirachi|100/100
|turn|1
|
|t:|1744877325
|move|p1a: Gliscor|Protect|p1a: Gliscor
|-singleturn|p1a: Gliscor|Protect
|move|p2a: EARTHGANG|Icy Wind|p1a: Gliscor
|-activate|p1a: Gliscor|move: Protect
|
|-status|p1a: Gliscor|tox|[from] item: Toxic Orb
|upkeep
|turn|2
|
|t:|1744877340
|switch|p1a: Quagsire|Quagsire, F|100/100
|move|p2a: EARTHGANG|Icy Wind|p1a: Quagsire
|-damage|p1a: Quagsire|85/100
|-unboost|p1a: Quagsire|spe|1
|
|-heal|p1a: Quagsire|91/100|[from] item: Leftovers
|upkeep
|turn|3
|
|t:|1744877346
|move|p2a: EARTHGANG|Stealth Rock|p1a: Quagsire
|-sidestart|p1: baixiaohen|move: Stealth Rock
|move|p1a: Quagsire|Earthquake|p2a: EARTHGANG
|-supereffective|p2a: EARTHGANG
|-damage|p2a: EARTHGANG|51/100
|
|-heal|p2a: EARTHGANG|58/100|[from] item: Leftovers
|-heal|p1a: Quagsire|97/100|[from] item: Leftovers
|upkeep
|turn|4
|
|t:|1744877351
|move|p2a: EARTHGANG|U-turn|p1a: Quagsire
|-damage|p1a: Quagsire|86/100
|
|t:|1744877354
|switch|p2a: Kevin Holliday|Latios, M|100/100|[from] U-turn
|move|p1a: Quagsire|Scald|p2a: Kevin Holliday
|-resisted|p2a: Kevin Holliday
|-damage|p2a: Kevin Holliday|91/100
|
|-heal|p1a: Quagsire|92/100|[from] item: Leftovers
|upkeep
|turn|5
|
|t:|1744877366
|switch|p1a: Chansey|Chansey, F|100/100
|-damage|p1a: Chansey|88/100|[from] Stealth Rock
|move|p2a: Kevin Holliday|Energy Ball|p1a: Chansey
|-crit|p1a: Chansey
|-damage|p1a: Chansey|72/100
|
|upkeep
|turn|6
|
|t:|1744877381
|switch|p2a: Prince|Ferrothorn, M|100/100
|move|p1a: Chansey|Seismic Toss|p2a: Prince
|-damage|p2a: Prince|72/100
|-damage|p1a: Chansey|59/100|[from] ability: Iron Barbs|[of] p2a: Prince
|
|-heal|p2a: Prince|78/100|[from] item: Leftovers
|upkeep
|turn|7
|j| 99fromkyogrespecs
|
|t:|1744877390
|switch|p1a: Gliscor|Gliscor, M|100/100 tox
|-damage|p1a: Gliscor|88/100 tox|[from] Stealth Rock
|move|p2a: Prince|Knock Off|p1a: Gliscor
|-damage|p1a: Gliscor|84/100 tox
|-enditem|p1a: Gliscor|Toxic Orb|[from] move: Knock Off|[of] p2a: Prince
|
|-heal|p2a: Prince|85/100|[from] item: Leftovers
|-heal|p1a: Gliscor|97/100 tox|[from] ability: Poison Heal
|upkeep
|turn|8
|
|t:|1744877403
|move|p1a: Gliscor|Substitute|p1a: Gliscor
|-start|p1a: Gliscor|Substitute
|-damage|p1a: Gliscor|72/100 tox
|move|p2a: Prince|Spikes|p1a: Gliscor
|-sidestart|p1: baixiaohen|Spikes
|
|-heal|p2a: Prince|91/100|[from] item: Leftovers
|-heal|p1a: Gliscor|84/100 tox|[from] ability: Poison Heal
|upkeep
|turn|9
|
|t:|1744877406
|move|p1a: Gliscor|Earthquake|p2a: Prince
|-crit|p2a: Prince
|-damage|p2a: Prince|44/100
|move|p2a: Prince|Spikes|p1a: Gliscor
|-sidestart|p1: baixiaohen|Spikes
|
|-heal|p2a: Prince|50/100|[from] item: Leftovers
|-heal|p1a: Gliscor|97/100 tox|[from] ability: Poison Heal
|upkeep
|turn|10
|
|t:|1744877412
|move|p1a: Gliscor|Earthquake|p2a: Prince
|-damage|p2a: Prince|24/100
|move|p2a: Prince|Power Whip|p1a: Gliscor
|-end|p1a: Gliscor|Substitute
|
|-heal|p2a: Prince|31/100|[from] item: Leftovers
|-heal|p1a: Gliscor|100/100 tox|[from] ability: Poison Heal
|upkeep
|turn|11
|
|t:|1744877416
|move|p1a: Gliscor|Substitute|p1a: Gliscor
|-start|p1a: Gliscor|Substitute
|-damage|p1a: Gliscor|76/100 tox
|move|p2a: Prince|Power Whip|p1a: Gliscor
|-end|p1a: Gliscor|Substitute
|
|-heal|p2a: Prince|37/100|[from] item: Leftovers
|-heal|p1a: Gliscor|88/100 tox|[from] ability: Poison Heal
|upkeep
|turn|12
|
|t:|1744877419
|move|p1a: Gliscor|Earthquake|p2a: Prince
|-crit|p2a: Prince
|-damage|p2a: Prince|0 fnt
|faint|p2a: Prince
|
|-heal|p1a: Gliscor|100/100 tox|[from] ability: Poison Heal
|upkeep
|
|t:|1744877423
|switch|p2a: Childish Gambino|Alakazam, M|100/100
|turn|13
|
|t:|1744877431
|move|p1a: Gliscor|Protect|p1a: Gliscor
|-singleturn|p1a: Gliscor|Protect
|move|p2a: Childish Gambino|Psychic|p1a: Gliscor
|-activate|p1a: Gliscor|move: Protect
|
|upkeep
|turn|14
|
|t:|1744877439
|switch|p1a: Chansey|Chansey, F|59/100
|-damage|p1a: Chansey|47/100|[from] Stealth Rock
|-damage|p1a: Chansey|30/100|[from] Spikes
|move|p2a: Childish Gambino|Psychic|p1a: Chansey
|-damage|p1a: Chansey|10/100
|
|upkeep
|turn|15
|
|t:|1744877452
|switch|p1a: Skarmory|Skarmory, M|100/100
|-damage|p1a: Skarmory|88/100|[from] Stealth Rock
|move|p2a: Childish Gambino|Psychic|p1a: Skarmory
|-resisted|p1a: Skarmory
|-damage|p1a: Skarmory|49/100
|
|upkeep
|turn|16
|
|t:|1744877455
|move|p2a: Childish Gambino|Hidden Power|p1a: Skarmory
|-supereffective|p1a: Skarmory
|-damage|p1a: Skarmory|0 fnt
|faint|p1a: Skarmory
|
|upkeep
|-message|baixiaohen forfeited.
|
|win|Usopp D Gawd
|raw|baixiaohen's rating: 1351 &rarr; <strong>1328</strong><br />(-23 for losing)
|raw|Usopp D Gawd's rating: 1292 &rarr; <strong>1321</strong><br />(+29 for winning)
|l|☆baixiaohen
|player|p1|
|l| 99fromkyogrespecs
|l|☆Usopp D Gawd
|player|p2|
