|j|☆BWVC BookofConke
|j|☆gamerno1
|t:|1717060565
|gametype|singles
|player|p1|BWVC BookofConke|silver|1402
|player|p2|gamerno1|policeman-gen4|1403
|teamsize|p1|6
|teamsize|p2|6
|gen|5
|tier|[Gen 5] OU
|rated|
|rule|Species Clause: Limit one of each Pokémon
|rule|OHKO Clause: OHKO moves are banned
|rule|Moody Clause: Moody is banned
|rule|Evasion Items Clause: Evasion items are banned
|rule|Evasion Moves Clause: Evasion moves are banned
|rule|Endless Battle Clause: Forcing endless battles is banned
|rule|HP Percentage Mod: HP is shown in percentages
|rule|Evasion Abilities Clause: Evasion abilities are banned
|rule|Sleep Moves Clause: Sleep-inducing moves are banned
|rule|Swagger Clause: Swagger is banned
|rule|Baton Pass Stat Clause: No Baton Passer may have a way to boost its stats
|clearpoke
|poke|p1|Abomasnow, M|item
|poke|p1|Kyurem-Black|item
|poke|p1|Latios, M|item
|poke|p1|Garchomp, F|item
|poke|p1|Starmie|item
|poke|p1|Jirachi|item
|poke|p2|Mamoswine, M|item
|poke|p2|Lucario, M|item
|poke|p2|Gyarados, F|item
|poke|p2|Haxorus, F|item
|poke|p2|Mew|item
|poke|p2|Uxie|item
|teampreview
|
|t:|1717060592
|start
|switch|p1a: Abomasnow|Abomasnow, M|100/100
|switch|p2a: Mew|Mew|100/100
|-weather|Hail|[from] ability: Snow Warning|[of] p1a: Abomasnow
|turn|1
|
|t:|1717060606
|switch|p1a: Kyurem|Kyurem-Black|100/100
|-ability|p1a: Kyurem|Teravolt
|move|p2a: Mew|Stealth Rock|p1a: Kyurem
|-sidestart|p1: BWVC BookofConke|move: Stealth Rock
|
|-weather|Hail|[upkeep]
|-damage|p2a: Mew|94/100|[from] Hail
|upkeep
|turn|2
|
|t:|1717060618
|move|p2a: Mew|Reflect|p2a: Mew
|-sidestart|p2: gamerno1|Reflect
|move|p1a: Kyurem|Substitute|p1a: Kyurem
|-start|p1a: Kyurem|Substitute
|-damage|p1a: Kyurem|76/100
|
|-weather|Hail|[upkeep]
|-damage|p2a: Mew|88/100|[from] Hail
|upkeep
|turn|3
|
|t:|1717060647
|move|p2a: Mew|Taunt|p1a: Kyurem
|-start|p1a: Kyurem|move: Taunt
|move|p1a: Kyurem|Freeze Shock||[still]
|-prepare|p1a: Kyurem|Freeze Shock
|-enditem|p1a: Kyurem|Power Herb
|-anim|p1a: Kyurem|Freeze Shock|p2a: Mew
|-damage|p2a: Mew|47/100
|
|-weather|Hail|[upkeep]
|-damage|p2a: Mew|41/100|[from] Hail
|upkeep
|turn|4
|
|t:|1717060673
|move|p2a: Mew|Light Screen|p2a: Mew
|-sidestart|p2: gamerno1|move: Light Screen
|move|p1a: Kyurem|Freeze Shock||[still]
|-prepare|p1a: Kyurem|Freeze Shock
|
|-weather|Hail|[upkeep]
|-damage|p2a: Mew|35/100|[from] Hail
|upkeep
|turn|5
|
|t:|1717060702
|move|p2a: Mew|Taunt||[still]
|-fail|p2a: Mew
|move|p1a: Kyurem|Freeze Shock|p2a: Mew|[from]lockedmove
|-damage|p2a: Mew|0 fnt
|faint|p2a: Mew
|
|-weather|Hail|[upkeep]
|-end|p1a: Kyurem|move: Taunt
|upkeep
|
|t:|1717060714
|switch|p2a: Mamoswine|Mamoswine, M|100/100
|turn|6
|
|t:|1717060722
|move|p2a: Mamoswine|Earthquake|p1a: Kyurem
|-crit|p1a: Kyurem
|-end|p1a: Kyurem|Substitute
|-damage|p2a: Mamoswine|91/100|[from] item: Life Orb
|move|p1a: Kyurem|Outrage|p2a: Mamoswine
|-damage|p2a: Mamoswine|39/100
|
|-weather|Hail|[upkeep]
|upkeep
|turn|7
|
|t:|1717060750
|move|p2a: Mamoswine|Earthquake|p1a: Kyurem
|-damage|p1a: Kyurem|23/100
|-damage|p2a: Mamoswine|29/100|[from] item: Life Orb
|move|p1a: Kyurem|Outrage|p2a: Mamoswine|[from]lockedmove
|-damage|p2a: Mamoswine|0 fnt
|faint|p2a: Mamoswine
|-start|p1a: Kyurem|confusion|[fatigue]
|
|-weather|Hail|[upkeep]
|upkeep
|
|t:|1717060763
|switch|p2a: Haxorus|Haxorus, F|100/100
|-ability|p2a: Haxorus|Mold Breaker
|turn|8
|
|t:|1717060774
|move|p2a: Haxorus|Dragon Claw|p1a: Kyurem
|-supereffective|p1a: Kyurem
|-damage|p1a: Kyurem|0 fnt
|faint|p1a: Kyurem
|
|-weather|Hail|[upkeep]
|-damage|p2a: Haxorus|94/100|[from] Hail
|upkeep
|
|t:|1717060798
|switch|p1a: Starmie|Starmie|100/100
|-damage|p1a: Starmie|88/100|[from] Stealth Rock
|-item|p1a: Starmie|Air Balloon
|turn|9
|
|t:|1717060823
|move|p1a: Starmie|Rapid Spin|p2a: Haxorus
|-damage|p2a: Haxorus|93/100
|-sideend|p1: BWVC BookofConke|Stealth Rock|[from] move: Rapid Spin|[of] p1a: Starmie
|move|p2a: Haxorus|Dragon Dance|p2a: Haxorus
|-boost|p2a: Haxorus|atk|1
|-boost|p2a: Haxorus|spe|1
|
|-weather|Hail|[upkeep]
|-damage|p2a: Haxorus|87/100|[from] Hail
|-damage|p1a: Starmie|82/100|[from] Hail
|-sideend|p2: gamerno1|Reflect
|upkeep
|turn|10
|
|t:|1717060845
|move|p2a: Haxorus|Dragon Dance|p2a: Haxorus
|-boost|p2a: Haxorus|atk|1
|-boost|p2a: Haxorus|spe|1
|move|p1a: Starmie|Ice Beam|p2a: Haxorus
|-supereffective|p2a: Haxorus
|-damage|p2a: Haxorus|34/100
|
|-weather|Hail|[upkeep]
|-damage|p2a: Haxorus|28/100|[from] Hail
|-damage|p1a: Starmie|76/100|[from] Hail
|upkeep
|turn|11
|
|t:|1717060868
|switch|p1a: Jirachi|Jirachi|100/100
|move|p2a: Haxorus|Dragon Claw|p1a: Jirachi
|-resisted|p1a: Jirachi
|-damage|p1a: Jirachi|59/100
|
|-weather|Hail|[upkeep]
|-damage|p2a: Haxorus|22/100|[from] Hail
|-damage|p1a: Jirachi|52/100|[from] Hail
|-heal|p1a: Jirachi|59/100|[from] item: Leftovers
|-sideend|p2: gamerno1|move: Light Screen
|upkeep
|turn|12
|
|t:|1717060883
|move|p2a: Haxorus|Earthquake|p1a: Jirachi
|-supereffective|p1a: Jirachi
|-damage|p1a: Jirachi|0 fnt
|faint|p1a: Jirachi
|
|-weather|Hail|[upkeep]
|-damage|p2a: Haxorus|16/100|[from] Hail
|upkeep
|
|t:|1717060892
|switch|p1a: Abomasnow|Abomasnow, M|100/100
|turn|13
|
|t:|1717060921
|move|p1a: Abomasnow|Ice Shard|p2a: Haxorus
|-supereffective|p2a: Haxorus
|-damage|p2a: Haxorus|0 fnt
|faint|p2a: Haxorus
|
|-weather|Hail|[upkeep]
|upkeep
|
|t:|1717060936
|switch|p2a: Lucario|Lucario, M|100/100
|turn|14
|
|t:|1717060946
|switch|p1a: Latios|Latios, M|100/100
|move|p2a: Lucario|Close Combat|p1a: Latios
|-resisted|p1a: Latios
|-damage|p1a: Latios|51/100
|-unboost|p2a: Lucario|def|1
|-unboost|p2a: Lucario|spd|1
|-damage|p2a: Lucario|91/100|[from] item: Life Orb
|
|-weather|Hail|[upkeep]
|-damage|p1a: Latios|45/100|[from] Hail
|-damage|p2a: Lucario|84/100|[from] Hail
|upkeep
|turn|15
|
|t:|1717060969
|switch|p2a: Uxie|Uxie|100/100
|move|p1a: Latios|Recover|p1a: Latios
|-heal|p1a: Latios|95/100
|
|-weather|Hail|[upkeep]
|-damage|p1a: Latios|89/100|[from] Hail
|-damage|p2a: Uxie|94/100|[from] Hail
|upkeep
|turn|16
|
|t:|1717060995
|move|p1a: Latios|Draco Meteor|p2a: Uxie
|-damage|p2a: Uxie|41/100
|-unboost|p1a: Latios|spa|2
|move|p2a: Uxie|Thunder Wave|p1a: Latios
|-status|p1a: Latios|par
|
|-weather|Hail|[upkeep]
|-damage|p2a: Uxie|35/100|[from] Hail
|-damage|p1a: Latios|83/100 par|[from] Hail
|upkeep
|turn|17
|
|t:|1717061028
|switch|p1a: Abomasnow|Abomasnow, M|100/100
|move|p2a: Uxie|Light Screen|p2a: Uxie
|-sidestart|p2: gamerno1|move: Light Screen
|
|-weather|Hail|[upkeep]
|-damage|p2a: Uxie|29/100|[from] Hail
|upkeep
|turn|18
|
|t:|1717061055
|move|p2a: Uxie|Reflect|p2a: Uxie
|-sidestart|p2: gamerno1|Reflect
|move|p1a: Abomasnow|Blizzard|p2a: Uxie
|-damage|p2a: Uxie|9/100
|
|-weather|Hail|[upkeep]
|-damage|p2a: Uxie|2/100|[from] Hail
|upkeep
|turn|19
|
|t:|1717061072
|move|p1a: Abomasnow|Ice Shard|p2a: Uxie
|-damage|p2a: Uxie|0 fnt
|faint|p2a: Uxie
|
|-weather|Hail|[upkeep]
|upkeep
|
|t:|1717061077
|switch|p2a: Lucario|Lucario, M|84/100
|turn|20
|
|t:|1717061101
|move|p2a: Lucario|Close Combat|p1a: Abomasnow
|-supereffective|p1a: Abomasnow
|-enditem|p1a: Abomasnow|Focus Sash
|-damage|p1a: Abomasnow|1/100
|-unboost|p2a: Lucario|def|1
|-unboost|p2a: Lucario|spd|1
|-damage|p2a: Lucario|75/100|[from] item: Life Orb
|move|p1a: Abomasnow|Hidden Power|p2a: Lucario
|-supereffective|p2a: Lucario
|-damage|p2a: Lucario|20/100
|
|-weather|Hail|[upkeep]
|-damage|p2a: Lucario|14/100|[from] Hail
|upkeep
|turn|21
|
|t:|1717061121
|move|p1a: Abomasnow|Ice Shard|p2a: Lucario
|-resisted|p2a: Lucario
|-damage|p2a: Lucario|6/100
|move|p2a: Lucario|Swords Dance|p2a: Lucario
|-boost|p2a: Lucario|atk|2
|
|-weather|Hail|[upkeep]
|-damage|p2a: Lucario|0 fnt|[from] Hail
|faint|p2a: Lucario
|upkeep
|
|t:|1717061130
|switch|p2a: Gyarados|Gyarados, F|100/100
|turn|22
|
|t:|1717061147
|move|p2a: Gyarados|Dragon Dance|p2a: Gyarados
|-boost|p2a: Gyarados|atk|1
|-boost|p2a: Gyarados|spe|1
|move|p1a: Abomasnow|Wood Hammer|p2a: Gyarados
|-damage|p2a: Gyarados|78/100
|-damage|p1a: Abomasnow|0 fnt|[from] Recoil
|faint|p1a: Abomasnow
|
|-weather|Hail|[upkeep]
|-damage|p2a: Gyarados|72/100|[from] Hail
|-heal|p2a: Gyarados|78/100|[from] item: Leftovers
|upkeep
|
|t:|1717061185
|switch|p1a: Starmie|Starmie|76/100
|-item|p1a: Starmie|Air Balloon
|turn|23
|
|t:|1717061204
|move|p2a: Gyarados|Bounce||[still]
|-prepare|p2a: Gyarados|Bounce
|move|p1a: Starmie|Thunderbolt|p2a: Gyarados|[miss]
|-miss|p1a: Starmie|p2a: Gyarados
|
|-weather|Hail|[upkeep]
|-damage|p2a: Gyarados|72/100|[from] Hail
|-damage|p1a: Starmie|70/100|[from] Hail
|-heal|p2a: Gyarados|78/100|[from] item: Leftovers
|upkeep
|turn|24
|
|t:|1717061241
|switch|p1a: Latios|Latios, M|83/100 par
|move|p2a: Gyarados|Bounce|p1a: Latios|[from]lockedmove
|-damage|p1a: Latios|0 fnt
|faint|p1a: Latios
|-ability|p2a: Gyarados|Moxie|boost
|-boost|p2a: Gyarados|atk|1
|
|-weather|Hail|[upkeep]
|-damage|p2a: Gyarados|72/100|[from] Hail
|-heal|p2a: Gyarados|78/100|[from] item: Leftovers
|-sideend|p2: gamerno1|move: Light Screen
|upkeep
|
|t:|1717061262
|switch|p1a: Starmie|Starmie|70/100
|-item|p1a: Starmie|Air Balloon
|turn|25
|
|t:|1717061280
|move|p2a: Gyarados|Bounce||[still]
|-prepare|p2a: Gyarados|Bounce
|move|p1a: Starmie|Thunderbolt|p2a: Gyarados|[miss]
|-miss|p1a: Starmie|p2a: Gyarados
|
|-weather|Hail|[upkeep]
|-damage|p2a: Gyarados|72/100|[from] Hail
|-damage|p1a: Starmie|64/100|[from] Hail
|-heal|p2a: Gyarados|78/100|[from] item: Leftovers
|-sideend|p2: gamerno1|Reflect
|upkeep
|turn|26
|
|t:|1717061296
|move|p2a: Gyarados|Bounce|p1a: Starmie|[from]lockedmove
|-damage|p1a: Starmie|0 fnt
|-enditem|p1a: Starmie|Air Balloon
|faint|p1a: Starmie
|-ability|p2a: Gyarados|Moxie|boost
|-boost|p2a: Gyarados|atk|1
|
|-weather|Hail|[upkeep]
|-damage|p2a: Gyarados|72/100|[from] Hail
|-heal|p2a: Gyarados|78/100|[from] item: Leftovers
|upkeep
|
|t:|1717061307
|switch|p1a: Garchomp|Garchomp, F|100/100
|turn|27
|
|t:|1717061312
|move|p1a: Garchomp|Outrage|p2a: Gyarados
|-damage|p2a: Gyarados|9/100
|move|p2a: Gyarados|Waterfall|p1a: Garchomp
|-damage|p1a: Garchomp|0 fnt
|-damage|p2a: Gyarados|0 fnt|[from] ability: Rough Skin|[of] p1a: Garchomp
|faint|p2a: Gyarados
|faint|p1a: Garchomp
|
|win|BWVC BookofConke
|raw|BWVC BookofConke's rating: 1402 &rarr; <strong>1422</strong><br />(+20 for winning)
|raw|gamerno1's rating: 1403 &rarr; <strong>1383</strong><br />(-20 for losing)
|c|☆gamerno1|gg
