|j|☆refsunpersons
|j|☆CroCoeur
|player|p1|refsunpersons|15
|player|p2|CroCoeur|161
|teamsize|p1|6
|teamsize|p2|6
|gametype|singles
|gen|5
|tier|[Gen 5] OU
|rated|
|rule|Sleep Clause Mod: Limit one foe put to sleep
|rule|Species Clause: Limit one of each Pokémon
|rule|OHKO Clause: OHKO moves are banned
|rule|Moody Clause: Moody is banned
|rule|Evasion Moves Clause: Evasion moves are banned
|rule|Endless Battle Clause: Forcing endless battles is banned
|rule|HP Percentage Mod: HP is shown in percentages
|rule|Evasion Abilities Clause: Evasion abilities are banned
|rule|Baton Pass Clause: Limit one Baton Passer, can't pass Spe and other stats simultaneously
|rule|Swagger Clause: Swagger is banned
|clearpoke
|poke|p1|Latios, M|item
|poke|p1|Diglett, M|item
|poke|p1|Xatu, M|item
|poke|p1|Politoed, M|item
|poke|p1|Tornadus, M|item
|poke|p1|Scizor, M|item
|poke|p2|Ninetales, M|item
|poke|p2|Cresselia, F|item
|poke|p2|Blissey, F|item
|poke|p2|Volcarona, M|item
|poke|p2|Forretress, M|item
|poke|p2|Gothitelle, M|item
|teampreview
|c|☆refsunpersons|gl hf
|
|start
|switch|p1a: Tornadus|Tornadus, M|100/100
|switch|p2a: Ninetales|Ninetales, M|100/100
|-weather|SunnyDay|[from] ability: Drought|[of] p2a: Ninetales
|turn|1
|c|☆CroCoeur|hf
|inactive|Battle timer is ON: inactive players will automatically lose when time's up. (requested by CroCoeur)
|
|move|p1a: Tornadus|U-turn|p2a: Ninetales
|-resisted|p2a: Ninetales
|-damage|p2a: Ninetales|88/100
|
|switch|p1a: Xatu|Xatu, M|100/100
|move|p2a: Ninetales|Flamethrower|p1a: Xatu
|-damage|p1a: Xatu|40/100
|
|-weather|SunnyDay|[upkeep]
|-heal|p2a: Ninetales|95/100|[from] item: Leftovers
|upkeep
|turn|2
|
|switch|p1a: Politoed|Politoed, M|100/100
|-weather|RainDance|[from] ability: Drizzle|[of] p1a: Politoed
|move|p2a: Ninetales|Flamethrower|p1a: Politoed
|-resisted|p1a: Politoed
|-damage|p1a: Politoed|94/100
|
|-weather|RainDance|[upkeep]
|-heal|p2a: Ninetales|100/100|[from] item: Leftovers
|upkeep
|turn|3
|
|switch|p2a: Gothitelle|Gothitelle, M|100/100
|move|p1a: Politoed|Hypnosis|p2a: Gothitelle
|-status|p2a: Gothitelle|slp
|
|-weather|RainDance|[upkeep]
|upkeep
|turn|4
|
|cant|p2a: Gothitelle|slp
|move|p1a: Politoed|Hydro Pump|p2a: Gothitelle|[miss]
|-miss|p1a: Politoed|p2a: Gothitelle
|
|-weather|RainDance|[upkeep]
|upkeep
|turn|5
|
|cant|p2a: Gothitelle|slp
|move|p1a: Politoed|Hydro Pump|p2a: Gothitelle
|-enditem|p1a: Politoed|Water Gem|[from] gem|[move] Hydro Pump
|-damage|p2a: Gothitelle|0 slp
|faint|p2a: Gothitelle
|
|-weather|RainDance|[upkeep]
|upkeep
|
|switch|p2a: Ninetales|Ninetales, M|100/100
|-weather|SunnyDay|[from] ability: Drought|[of] p2a: Ninetales
|turn|6
|
|switch|p1a: Latios|Latios, M|100/100
|move|p2a: Ninetales|Flamethrower|p1a: Latios
|-resisted|p1a: Latios
|-damage|p1a: Latios|81/100
|
|-weather|SunnyDay|[upkeep]
|upkeep
|turn|7
|
|switch|p1a: Xatu|Xatu, M|40/100
|move|p2a: Ninetales|Will-O-Wisp|p1a: Xatu
|move|p1a: Xatu|Will-O-Wisp|p2a: Ninetales|[from]Magic Bounce|[miss]
|-miss|p1a: Xatu|p2a: Ninetales
|
|-weather|SunnyDay|[upkeep]
|upkeep
|turn|8
|
|switch|p1a: Politoed|Politoed, M|94/100
|-weather|RainDance|[from] ability: Drizzle|[of] p1a: Politoed
|move|p2a: Ninetales|Flamethrower|p1a: Politoed
|-resisted|p1a: Politoed
|-damage|p1a: Politoed|88/100
|
|-weather|RainDance|[upkeep]
|upkeep
|turn|9
|
|switch|p2a: Cresselia|Cresselia, F|100/100
|move|p1a: Politoed|Hydro Pump|p2a: Cresselia
|-damage|p2a: Cresselia|47/100
|
|-weather|RainDance|[upkeep]
|-heal|p2a: Cresselia|54/100|[from] item: Leftovers
|upkeep
|turn|10
|
|move|p1a: Politoed|Hydro Pump|p2a: Cresselia
|-damage|p2a: Cresselia|7/100
|move|p2a: Cresselia|Toxic|p1a: Politoed
|-status|p1a: Politoed|tox
|
|-weather|RainDance|[upkeep]
|-heal|p2a: Cresselia|14/100|[from] item: Leftovers
|-damage|p1a: Politoed|82/100 tox|[from] psn
|upkeep
|turn|11
|
|switch|p2a: Blissey|Blissey, F|100/100
|move|p1a: Politoed|Thief|p2a: Blissey
|-damage|p2a: Blissey|93/100
|-item|p1a: Politoed|Leftovers|[from] move: Thief|[of] p2a: Blissey
|
|-weather|RainDance|[upkeep]
|-heal|p1a: Politoed|88/100 tox|[from] item: Leftovers
|-damage|p1a: Politoed|76/100 tox|[from] psn
|upkeep
|turn|12
|
|switch|p1a: Xatu|Xatu, M|40/100
|move|p2a: Blissey|Wish|p2a: Blissey
|
|-weather|RainDance|[upkeep]
|upkeep
|turn|13
|
|switch|p2a: Cresselia|Cresselia, F|14/100
|move|p1a: Xatu|Night Shade|p2a: Cresselia
|-damage|p2a: Cresselia|0
|faint|p2a: Cresselia
|
|-weather|RainDance|[upkeep]
|upkeep
|
|switch|p2a: Ninetales|Ninetales, M|100/100
|-weather|SunnyDay|[from] ability: Drought|[of] p2a: Ninetales
|turn|14
|
|switch|p2a: Volcarona|Volcarona, M|100/100
|switch|p1a: Politoed|Politoed, M|76/100 tox
|-weather|RainDance|[from] ability: Drizzle|[of] p1a: Politoed
|
|-weather|RainDance|[upkeep]
|-heal|p1a: Politoed|82/100 tox|[from] item: Leftovers
|-damage|p1a: Politoed|76/100 tox|[from] psn
|upkeep
|turn|15
|
|switch|p2a: Blissey|Blissey, F|93/100
|move|p1a: Politoed|Hydro Pump|p2a: Blissey
|-damage|p2a: Blissey|69/100
|
|-weather|RainDance|[upkeep]
|-heal|p1a: Politoed|82/100 tox|[from] item: Leftovers
|-damage|p1a: Politoed|70/100 tox|[from] psn
|upkeep
|turn|16
|
|switch|p1a: Diglett|Diglett, M|100/100
|move|p2a: Blissey|Toxic|p1a: Diglett
|-status|p1a: Diglett|tox
|
|-weather|RainDance|[upkeep]
|-damage|p1a: Diglett|94/100 tox|[from] psn
|upkeep
|turn|17
|
|move|p1a: Diglett|Earthquake|p2a: Blissey
|-damage|p2a: Blissey|32/100
|move|p2a: Blissey|Wish|p2a: Blissey
|
|-weather|RainDance|[upkeep]
|-damage|p1a: Diglett|82/100 tox|[from] psn
|upkeep
|turn|18
|
|move|p1a: Diglett|Earthquake|p2a: Blissey
|-damage|p2a: Blissey|0
|faint|p2a: Blissey
|
|-weather|RainDance|[upkeep]
|-damage|p1a: Diglett|63/100 tox|[from] psn
|upkeep
|
|switch|p2a: Ninetales|Ninetales, M|100/100
|-weather|SunnyDay|[from] ability: Drought|[of] p2a: Ninetales
|turn|19
|
|switch|p1a: Politoed|Politoed, M|70/100 tox
|-weather|RainDance|[from] ability: Drizzle|[of] p1a: Politoed
|move|p2a: Ninetales|Flamethrower|p1a: Politoed
|-resisted|p1a: Politoed
|-damage|p1a: Politoed|63/100 tox
|
|-weather|RainDance|[upkeep]
|-heal|p1a: Politoed|69/100 tox|[from] item: Leftovers
|-damage|p1a: Politoed|63/100 tox|[from] psn
|upkeep
|turn|20
|
|switch|p2a: Forretress|Forretress, M|100/100
|move|p1a: Politoed|Hydro Pump|p2a: Forretress
|-ability|p2a: Forretress|Sturdy
|-damage|p2a: Forretress|1/100
|
|-weather|RainDance|[upkeep]
|-heal|p1a: Politoed|69/100 tox|[from] item: Leftovers
|-heal|p2a: Forretress|7/100|[from] item: Leftovers
|-damage|p1a: Politoed|57/100 tox|[from] psn
|upkeep
|turn|21
|
|switch|p1a: Diglett|Diglett, M|63/100 tox
|move|p2a: Forretress|Volt Switch|p1a: Diglett
|-immune|p1a: Diglett|[msg]
|
|-weather|RainDance|[upkeep]
|-heal|p2a: Forretress|13/100|[from] item: Leftovers
|-damage|p1a: Diglett|57/100 tox|[from] psn
|upkeep
|turn|22
|
|move|p1a: Diglett|Stealth Rock|p2a: Forretress
|-sidestart|p2: CroCoeur|move: Stealth Rock
|move|p2a: Forretress|Stealth Rock|p1a: Diglett
|-sidestart|p1: refsunpersons|move: Stealth Rock
|
|-weather|RainDance|[upkeep]
|-heal|p2a: Forretress|19/100|[from] item: Leftovers
|-damage|p1a: Diglett|45/100 tox|[from] psn
|upkeep
|turn|23
|j| Vanteline
|
|move|p1a: Diglett|Earthquake|p2a: Forretress
|-damage|p2a: Forretress|0
|faint|p2a: Forretress
|
|-weather|RainDance|[upkeep]
|-damage|p1a: Diglett|26/100 tox|[from] psn
|upkeep
|
|switch|p2a: Ninetales|Ninetales, M|100/100
|-damage|p2a: Ninetales|75/100|[from] Stealth Rock
|-weather|SunnyDay|[from] ability: Drought|[of] p2a: Ninetales
|turn|24
|
|move|p2a: Ninetales|Protect|p2a: Ninetales
|-singleturn|p2a: Ninetales|Protect
|move|p1a: Diglett|Earthquake|p2a: Ninetales
|-activate|p2a: Ninetales|move: Protect
|
|-weather|SunnyDay|[upkeep]
|-heal|p2a: Ninetales|82/100|[from] item: Leftovers
|-damage|p1a: Diglett|1/100 tox|[from] psn
|upkeep
|turn|25
|
|move|p2a: Ninetales|Flamethrower|p1a: Diglett
|-damage|p1a: Diglett|0 tox
|faint|p1a: Diglett
|
|-weather|SunnyDay|[upkeep]
|-heal|p2a: Ninetales|88/100|[from] item: Leftovers
|upkeep
|
|switch|p1a: Politoed|Politoed, M|57/100 tox
|-damage|p1a: Politoed|45/100 tox|[from] Stealth Rock
|-weather|RainDance|[from] ability: Drizzle|[of] p1a: Politoed
|turn|26
|
|move|p2a: Ninetales|Protect|p2a: Ninetales
|-singleturn|p2a: Ninetales|Protect
|move|p1a: Politoed|Hydro Pump|p2a: Ninetales
|-activate|p2a: Ninetales|move: Protect
|
|-weather|RainDance|[upkeep]
|-heal|p2a: Ninetales|94/100|[from] item: Leftovers
|-heal|p1a: Politoed|51/100 tox|[from] item: Leftovers
|-damage|p1a: Politoed|45/100 tox|[from] psn
|upkeep
|turn|27
|
|switch|p2a: Volcarona|Volcarona, M|100/100
|-damage|p2a: Volcarona|50/100|[from] Stealth Rock
|move|p1a: Politoed|Hydro Pump|p2a: Volcarona
|-supereffective|p2a: Volcarona
|-damage|p2a: Volcarona|0
|faint|p2a: Volcarona
|
|-weather|RainDance|[upkeep]
|-heal|p1a: Politoed|51/100 tox|[from] item: Leftovers
|-damage|p1a: Politoed|39/100 tox|[from] psn
|upkeep
|
|switch|p2a: Ninetales|Ninetales, M|94/100
|-damage|p2a: Ninetales|69/100|[from] Stealth Rock
|-weather|SunnyDay|[from] ability: Drought|[of] p2a: Ninetales
|turn|28
|
|move|p2a: Ninetales|Flamethrower|p1a: Politoed
|-resisted|p1a: Politoed
|-damage|p1a: Politoed|19/100 tox
|move|p1a: Politoed|Hypnosis|p2a: Ninetales
|-status|p2a: Ninetales|slp
|
|-weather|SunnyDay|[upkeep]
|-heal|p2a: Ninetales|75/100 slp|[from] item: Leftovers
|-heal|p1a: Politoed|25/100 tox|[from] item: Leftovers
|-damage|p1a: Politoed|7/100 tox|[from] psn
|upkeep
|turn|29
|
|switch|p1a: Latios|Latios, M|81/100
|-damage|p1a: Latios|69/100|[from] Stealth Rock
|cant|p2a: Ninetales|slp
|
|-weather|SunnyDay|[upkeep]
|-heal|p2a: Ninetales|82/100 slp|[from] item: Leftovers
|upkeep
|turn|30
|c|☆refsunpersons|gg wp
|
|cant|p2a: Ninetales|slp
|move|p1a: Latios|Draco Meteor|p2a: Ninetales
|-damage|p2a: Ninetales|0 slp
|-unboost|p1a: Latios|spa|2
|-damage|p1a: Latios|59/100|[from] item: Life Orb
|faint|p2a: Ninetales
|
|win|refsunpersons
|raw|refsunpersons's rating: 1360 &rarr; <strong>1384</strong><br />(+24 for winning)
|raw|CroCoeur's rating: 1432 &rarr; <strong>1408</strong><br />(-24 for losing)
|l|☆CroCoeur
|l| Vanteline
