|j|☆Salutethewolf
|j|☆voidheartbw
|t:|1748617027
|gametype|singles
|player|p1|Salutethewolf|hugh|1427
|player|p2|voidheartbw|102|1349
|teamsize|p1|6
|teamsize|p2|6
|gen|5
|tier|[Gen 5] OU
|rated|
|rule|Species Clause: Limit one of each Pokémon
|rule|OHKO Clause: OHKO moves are banned
|rule|Moody Clause: Moody is banned
|rule|Evasion Items Clause: Evasion items are banned
|rule|Evasion Moves Clause: Evasion moves are banned
|rule|Endless Battle Clause: Forcing endless battles is banned
|rule|HP Percentage Mod: HP is shown in percentages
|rule|Evasion Abilities Clause: Evasion abilities are banned
|rule|Sleep Moves Clause: Sleep-inducing moves are banned
|rule|Swagger Clause: Swagger is banned
|rule|Baton Pass Stat Clause: No Baton Passer may have a way to boost its stats
|clearpoke
|poke|p1|Bronzong|item
|poke|p1|Magnezone|item
|poke|p1|Azelf|item
|poke|p1|Hariyama, F|item
|poke|p1|Reuniclus, M|item
|poke|p1|Crawdaunt, M|item
|poke|p2|Garchomp, F|item
|poke|p2|Tyranitar, M|item
|poke|p2|Alakazam, F|item
|poke|p2|Ferrothorn, M|item
|poke|p2|Landorus-Therian, M|item
|poke|p2|Latios, M|item
|teampreview
|inactive|Battle timer is ON: inactive players will automatically lose when time's up. (requested by Salutethewolf)
|
|t:|1748617049
|start
|switch|p1a: Bronzong|Bronzong, shiny|100/100
|switch|p2a: Landorus|Landorus-Therian, M|100/100
|-ability|p2a: Landorus|Intimidate|boost
|-unboost|p1a: Bronzong|atk|1
|turn|1
|
|t:|1748617059
|move|p2a: Landorus|Stealth Rock|p1a: Bronzong
|-sidestart|p1: Salutethewolf|move: Stealth Rock
|move|p1a: Bronzong|Stealth Rock|p2a: Landorus
|-sidestart|p2: voidheartbw|move: Stealth Rock
|
|upkeep
|turn|2
|
|t:|1748617064
|move|p2a: Landorus|U-turn|p1a: Bronzong
|-damage|p1a: Bronzong|87/100
|
|t:|1748617068
|switch|p2a: Ferrothorn|Ferrothorn, M|100/100|[from] U-turn
|-damage|p2a: Ferrothorn|95/100|[from] Stealth Rock
|move|p1a: Bronzong|Trick Room|p1a: Bronzong
|-fieldstart|move: Trick Room|[of] p1a: Bronzong
|
|upkeep
|turn|3
|inactive|voidheartbw has 120 seconds left.
|
|t:|1748617098
|switch|p1a: Magnezone|Magnezone, shiny|100/100
|-damage|p1a: Magnezone|94/100|[from] Stealth Rock
|-item|p1a: Magnezone|Air Balloon
|move|p2a: Ferrothorn|Spikes|p1a: Magnezone
|-sidestart|p1: Salutethewolf|Spikes
|
|upkeep
|turn|4
|
|t:|1748617109
|move|p2a: Ferrothorn|Knock Off|p1a: Magnezone
|-resisted|p1a: Magnezone
|-damage|p1a: Magnezone|92/100
|-enditem|p1a: Magnezone|Air Balloon
|move|p1a: Magnezone|Hidden Power|p2a: Ferrothorn
|-supereffective|p2a: Ferrothorn
|-damage|p2a: Ferrothorn|16/100
|
|upkeep
|turn|5
|
|t:|1748617118
|move|p2a: Ferrothorn|Spikes|p1a: Magnezone
|-sidestart|p1: Salutethewolf|Spikes
|move|p1a: Magnezone|Volt Switch|p2a: Ferrothorn
|-resisted|p2a: Ferrothorn
|-damage|p2a: Ferrothorn|3/100
|
|t:|1748617125
|switch|p1a: Reuniclus|Reuniclus, M, shiny|100/100|[from] Volt Switch
|
|upkeep
|turn|6
|
|t:|1748617135
|move|p2a: Ferrothorn|Spikes|p1a: Reuniclus
|-sidestart|p1: Salutethewolf|Spikes
|move|p1a: Reuniclus|Focus Blast|p2a: Ferrothorn
|-supereffective|p2a: Ferrothorn
|-damage|p2a: Ferrothorn|0 fnt
|faint|p2a: Ferrothorn
|
|-fieldend|move: Trick Room
|upkeep
|
|t:|1748617140
|switch|p2a: Tyranitar|Tyranitar, M|100/100
|-damage|p2a: Tyranitar|88/100|[from] Stealth Rock
|-weather|Sandstorm|[from] ability: Sand Stream|[of] p2a: Tyranitar
|turn|7
|
|t:|1748617152
|-activate|p1a: Reuniclus|move: Pursuit
|move|p2a: Tyranitar|Pursuit|p1a: Reuniclus|[from] Pursuit
|-supereffective|p1a: Reuniclus
|-damage|p1a: Reuniclus|14/100
|switch|p1a: Magnezone|Magnezone, shiny|92/100
|-damage|p1a: Magnezone|86/100|[from] Stealth Rock
|-damage|p1a: Magnezone|61/100|[from] Spikes
|
|-weather|Sandstorm|[upkeep]
|upkeep
|turn|8
|j| baixiaohen
|
|t:|1748617171
|switch|p2a: Landorus|Landorus-Therian, M|100/100
|-damage|p2a: Landorus|88/100|[from] Stealth Rock
|-ability|p2a: Landorus|Intimidate|boost
|-unboost|p1a: Magnezone|atk|1
|move|p1a: Magnezone|Flash Cannon|p2a: Landorus
|-damage|p2a: Landorus|38/100
|-unboost|p2a: Landorus|spd|1
|
|-weather|Sandstorm|[upkeep]
|-heal|p2a: Landorus|44/100|[from] item: Leftovers
|upkeep
|turn|9
|
|t:|1748617184
|move|p2a: Landorus|Earthquake|p1a: Magnezone
|-supereffective|p1a: Magnezone
|-damage|p1a: Magnezone|0 fnt
|faint|p1a: Magnezone
|
|-weather|Sandstorm|[upkeep]
|-heal|p2a: Landorus|50/100|[from] item: Leftovers
|upkeep
|
|t:|1748617192
|switch|p1a: Bronzong|Bronzong, shiny|87/100
|-damage|p1a: Bronzong|81/100|[from] Stealth Rock
|turn|10
|
|t:|1748617198
|move|p2a: Landorus|U-turn|p1a: Bronzong
|-damage|p1a: Bronzong|66/100
|
|t:|1748617200
|switch|p2a: Garchomp|Garchomp, F|100/100|[from] U-turn
|-damage|p2a: Garchomp|94/100|[from] Stealth Rock
|move|p1a: Bronzong|Trick Room|p1a: Bronzong
|-fieldstart|move: Trick Room|[of] p1a: Bronzong
|
|-weather|Sandstorm|[upkeep]
|upkeep
|turn|11
|
|t:|1748617208
|move|p1a: Bronzong|Gyro Ball|p2a: Garchomp
|-crit|p2a: Garchomp
|-damage|p2a: Garchomp|0 fnt
|-damage|p1a: Bronzong|53/100|[from] ability: Rough Skin|[of] p2a: Garchomp
|faint|p2a: Garchomp
|
|-weather|Sandstorm|[upkeep]
|upkeep
|
|t:|1748617216
|switch|p2a: Landorus|Landorus-Therian, M|50/100
|-damage|p2a: Landorus|37/100|[from] Stealth Rock
|-ability|p2a: Landorus|Intimidate|boost
|-unboost|p1a: Bronzong|atk|1
|turn|12
|
|t:|1748617237
|switch|p1a: Reuniclus|Reuniclus, M, shiny|14/100
|move|p2a: Landorus|U-turn|p1a: Reuniclus
|-supereffective|p1a: Reuniclus
|-damage|p1a: Reuniclus|0 fnt
|faint|p1a: Reuniclus
|
|t:|1748617256
|switch|p2a: Alakazam|Alakazam, F|100/100|[from] U-turn
|
|-weather|Sandstorm|[upkeep]
|upkeep
|inactive|Salutethewolf has 120 seconds left.
|
|t:|1748617272
|switch|p1a: Crawdaunt|Crawdaunt, M, shiny|100/100
|-damage|p1a: Crawdaunt|88/100|[from] Stealth Rock
|-damage|p1a: Crawdaunt|63/100|[from] Spikes
|turn|13
|inactive|Salutethewolf has 120 seconds left.
|
|t:|1748617294
|move|p1a: Crawdaunt|Dark Pulse|p2a: Alakazam
|-supereffective|p2a: Alakazam
|-enditem|p2a: Alakazam|Focus Sash
|-damage|p2a: Alakazam|1/100
|-damage|p1a: Crawdaunt|53/100|[from] item: Life Orb
|move|p2a: Alakazam|Signal Beam|p1a: Crawdaunt
|-supereffective|p1a: Crawdaunt
|-damage|p1a: Crawdaunt|0 fnt
|faint|p1a: Crawdaunt
|
|-weather|Sandstorm|[upkeep]
|upkeep
|
|t:|1748617308
|switch|p1a: Hariyama|Hariyama, F|100/100
|-damage|p1a: Hariyama|94/100|[from] Stealth Rock
|-damage|p1a: Hariyama|69/100|[from] Spikes
|turn|14
|
|t:|1748617320
|switch|p2a: Landorus|Landorus-Therian, M|37/100
|-damage|p2a: Landorus|25/100|[from] Stealth Rock
|-ability|p2a: Landorus|Intimidate|boost
|-unboost|p1a: Hariyama|atk|1
|move|p1a: Hariyama|Ice Punch|p2a: Landorus
|-supereffective|p2a: Landorus
|-damage|p2a: Landorus|0 fnt
|faint|p2a: Landorus
|
|-weather|Sandstorm|[upkeep]
|-damage|p1a: Hariyama|63/100|[from] Sandstorm
|-fieldend|move: Trick Room
|upkeep
|
|t:|1748617332
|switch|p2a: Latios|Latios, M|100/100
|-damage|p2a: Latios|88/100|[from] Stealth Rock
|turn|15
|
|t:|1748617337
|switch|p1a: Bronzong|Bronzong, shiny|53/100
|-damage|p1a: Bronzong|47/100|[from] Stealth Rock
|move|p2a: Latios|Draco Meteor|p1a: Bronzong
|-resisted|p1a: Bronzong
|-damage|p1a: Bronzong|0 fnt
|-unboost|p2a: Latios|spa|2
|faint|p1a: Bronzong
|
|-weather|Sandstorm|[upkeep]
|-damage|p2a: Latios|82/100|[from] Sandstorm
|upkeep
|
|t:|1748617350
|switch|p1a: Azelf|Azelf|100/100
|-damage|p1a: Azelf|88/100|[from] Stealth Rock
|turn|16
|
|t:|1748617356
|switch|p2a: Tyranitar|Tyranitar, M|88/100
|-damage|p2a: Tyranitar|76/100|[from] Stealth Rock
|move|p1a: Azelf|U-turn|p2a: Tyranitar
|-supereffective|p2a: Tyranitar
|-damage|p2a: Tyranitar|45/100
|
|t:|1748617362
|switch|p1a: Hariyama|Hariyama, F|63/100|[from] U-turn
|-damage|p1a: Hariyama|57/100|[from] Stealth Rock
|-damage|p1a: Hariyama|32/100|[from] Spikes
|
|-weather|Sandstorm|[upkeep]
|-damage|p1a: Hariyama|26/100|[from] Sandstorm
|upkeep
|turn|17
|
|t:|1748617377
|move|p2a: Tyranitar|Crunch|p1a: Hariyama
|-resisted|p1a: Hariyama
|-damage|p1a: Hariyama|3/100
|move|p1a: Hariyama|Close Combat|p2a: Tyranitar
|-supereffective|p2a: Tyranitar
|-enditem|p2a: Tyranitar|Chople Berry|[eat]
|-enditem|p2a: Tyranitar|Chople Berry|[weaken]
|-damage|p2a: Tyranitar|0 fnt
|-unboost|p1a: Hariyama|def|1
|-unboost|p1a: Hariyama|spd|1
|faint|p2a: Tyranitar
|-damage|p1a: Hariyama|0 fnt|[from] item: Life Orb
|faint|p1a: Hariyama
|
|-weather|Sandstorm|[upkeep]
|upkeep
|
|t:|1748617392
|switch|p2a: Latios|Latios, M|82/100
|switch|p1a: Azelf|Azelf|88/100
|-damage|p1a: Azelf|76/100|[from] Stealth Rock
|-damage|p2a: Latios|70/100|[from] Stealth Rock
|turn|18
|
|t:|1748617405
|move|p1a: Azelf|Ice Punch|p2a: Latios
|-supereffective|p2a: Latios
|-crit|p2a: Latios
|-damage|p2a: Latios|0 fnt
|faint|p2a: Latios
|
|-weather|Sandstorm|[upkeep]
|-damage|p1a: Azelf|70/100|[from] Sandstorm
|upkeep
|
|t:|1748617409
|switch|p2a: Alakazam|Alakazam, F|1/100
|turn|19
|
|t:|1748617415
|move|p1a: Azelf|Ice Punch|p2a: Alakazam
|-damage|p2a: Alakazam|0 fnt
|faint|p2a: Alakazam
|
|win|Salutethewolf
|raw|Salutethewolf's rating: 1427 &rarr; <strong>1443</strong><br />(+16 for winning)
|raw|voidheartbw's rating: 1349 &rarr; <strong>1333</strong><br />(-16 for losing)
