|j|☆nekosutemi2837
|j|☆BookofConke
|t:|1719903313
|gametype|singles
|player|p1|nekosutemi2837|102|1364
|player|p2|BookofConke|silver-masters|1506
|teamsize|p1|6
|teamsize|p2|6
|gen|5
|tier|[Gen 5] OU
|rated|
|rule|Species Clause: Limit one of each Pokémon
|rule|OHKO Clause: OHKO moves are banned
|rule|Moody Clause: Moody is banned
|rule|Evasion Items Clause: Evasion items are banned
|rule|Evasion Moves Clause: Evasion moves are banned
|rule|Endless Battle Clause: Forcing endless battles is banned
|rule|HP Percentage Mod: HP is shown in percentages
|rule|Evasion Abilities Clause: Evasion abilities are banned
|rule|Sleep Moves Clause: Sleep-inducing moves are banned
|rule|Swagger Clause: Swagger is banned
|rule|Baton Pass Stat Clause: No Baton Passer may have a way to boost its stats
|clearpoke
|poke|p1|Mienshao, F|item
|poke|p1|Skarmory, M|item
|poke|p1|Tyranitar, M|item
|poke|p1|Jolteon, F|item
|poke|p1|Garchomp, F|item
|poke|p1|Tentacruel, F|item
|poke|p2|Kyurem-Black|item
|poke|p2|Latios, M|item
|poke|p2|Terrakion|item
|poke|p2|Garchomp, F|item
|poke|p2|Starmie|item
|poke|p2|Jirachi|item
|teampreview
|
|t:|1719903332
|start
|switch|p1a: Mienshao|Mienshao, F, shiny|100/100
|switch|p2a: Garchomp|Garchomp, F|100/100
|turn|1
|
|t:|1719903341
|move|p1a: Mienshao|Fake Out|p2a: Garchomp
|-damage|p2a: Garchomp|83/100
|-damage|p1a: Mienshao|88/100|[from] ability: Rough Skin|[of] p2a: Garchomp
|-damage|p1a: Mienshao|78/100|[from] item: Life Orb
|cant|p2a: Garchomp|flinch
|
|upkeep
|turn|2
|
|t:|1719903348
|move|p1a: Mienshao|Hidden Power|p2a: Garchomp
|-supereffective|p2a: Garchomp
|-enditem|p2a: Garchomp|Yache Berry|[eat]
|-enditem|p2a: Garchomp|Yache Berry|[weaken]
|-damage|p2a: Garchomp|40/100
|-damage|p1a: Mienshao|68/100|[from] item: Life Orb
|move|p2a: Garchomp|Stealth Rock|p1a: Mienshao
|-sidestart|p1: nekosutemi2837|move: Stealth Rock
|
|upkeep
|turn|3
|
|t:|1719903366
|switch|p2a: Starmie|Starmie|100/100
|-item|p2a: Starmie|Air Balloon
|move|p1a: Mienshao|High Jump Kick|p2a: Starmie
|-resisted|p2a: Starmie
|-damage|p2a: Starmie|36/100
|-enditem|p2a: Starmie|Air Balloon
|-damage|p1a: Mienshao|58/100|[from] item: Life Orb
|
|upkeep
|turn|4
|
|t:|1719903384
|switch|p1a: Jolteon|Jolteon, F|100/100
|-damage|p1a: Jolteon|88/100|[from] Stealth Rock
|move|p2a: Starmie|Hydro Pump|p1a: Jolteon
|-damage|p1a: Jolteon|0 fnt
|faint|p1a: Jolteon
|
|upkeep
|
|t:|1719903401
|switch|p1a: Garchomp|Garchomp, F|100/100
|-damage|p1a: Garchomp|94/100|[from] Stealth Rock
|turn|5
|
|t:|1719903436
|move|p2a: Starmie|Ice Beam|p1a: Garchomp
|-supereffective|p1a: Garchomp
|-damage|p1a: Garchomp|0 fnt
|faint|p1a: Garchomp
|
|upkeep
|
|t:|1719903447
|switch|p1a: Tyranitar|Tyranitar, M|100/100
|-damage|p1a: Tyranitar|88/100|[from] Stealth Rock
|-weather|Sandstorm|[from] ability: Sand Stream|[of] p1a: Tyranitar
|turn|6
|
|t:|1719903452
|move|p2a: Starmie|Hydro Pump|p1a: Tyranitar|[miss]
|-miss|p2a: Starmie|p1a: Tyranitar
|move|p1a: Tyranitar|Pursuit|p2a: Starmie
|-supereffective|p2a: Starmie
|-damage|p2a: Starmie|0 fnt
|faint|p2a: Starmie
|
|-weather|Sandstorm|[upkeep]
|upkeep
|inactive|Battle timer is ON: inactive players will automatically lose when time's up. (requested by nekosutemi2837)
|
|t:|1719903465
|switch|p2a: Jirachi|Jirachi|100/100
|turn|7
|
|t:|1719903476
|switch|p1a: Skarmory|Skarmory, M, shiny|100/100
|-damage|p1a: Skarmory|88/100|[from] Stealth Rock
|move|p2a: Jirachi|Iron Head|p1a: Skarmory
|-resisted|p1a: Skarmory
|-damage|p1a: Skarmory|80/100
|-damage|p2a: Jirachi|84/100|[from] item: Rocky Helmet|[of] p1a: Skarmory
|
|-weather|Sandstorm|[upkeep]
|-heal|p2a: Jirachi|90/100|[from] item: Leftovers
|upkeep
|turn|8
|
|t:|1719903498
|switch|p2a: Kyurem|Kyurem-Black|100/100
|-ability|p2a: Kyurem|Teravolt
|move|p1a: Skarmory|Stealth Rock|p2a: Kyurem
|-sidestart|p2: BookofConke|move: Stealth Rock
|
|-weather|Sandstorm|[upkeep]
|-damage|p2a: Kyurem|94/100|[from] Sandstorm
|upkeep
|turn|9
|
|t:|1719903508
|move|p2a: Kyurem|Substitute|p2a: Kyurem
|-start|p2a: Kyurem|Substitute
|-damage|p2a: Kyurem|69/100
|move|p1a: Skarmory|Whirlwind|p2a: Kyurem
|drag|p2a: Garchomp|Garchomp, F|40/100
|-damage|p2a: Garchomp|34/100|[from] Stealth Rock
|
|-weather|Sandstorm|[upkeep]
|upkeep
|turn|10
|
|t:|1719903521
|move|p2a: Garchomp|Swords Dance|p2a: Garchomp
|-boost|p2a: Garchomp|atk|2
|move|p1a: Skarmory|Spikes|p2a: Garchomp
|-sidestart|p2: BookofConke|Spikes
|
|-weather|Sandstorm|[upkeep]
|upkeep
|turn|11
|
|t:|1719903526
|move|p2a: Garchomp|Outrage|p1a: Skarmory
|-resisted|p1a: Skarmory
|-damage|p1a: Skarmory|47/100
|-damage|p2a: Garchomp|17/100|[from] item: Rocky Helmet|[of] p1a: Skarmory
|move|p1a: Skarmory|Roost|p1a: Skarmory
|-heal|p1a: Skarmory|97/100
|-singleturn|p1a: Skarmory|move: Roost
|
|-weather|Sandstorm|[upkeep]
|upkeep
|turn|12
|
|t:|1719903535
|move|p2a: Garchomp|Outrage|p1a: Skarmory|[from]lockedmove
|-resisted|p1a: Skarmory
|-damage|p1a: Skarmory|60/100
|-damage|p2a: Garchomp|0 fnt|[from] item: Rocky Helmet|[of] p1a: Skarmory
|faint|p2a: Garchomp
|move|p1a: Skarmory|Spikes|p2: Garchomp
|-sidestart|p2: BookofConke|Spikes
|
|-weather|Sandstorm|[upkeep]
|upkeep
|
|t:|1719903556
|switch|p2a: Kyurem|Kyurem-Black|69/100
|-damage|p2a: Kyurem|44/100|[from] Stealth Rock
|-damage|p2a: Kyurem|28/100|[from] Spikes
|-ability|p2a: Kyurem|Teravolt
|turn|13
|
|t:|1719903568
|move|p2a: Kyurem|Fusion Bolt|p1a: Skarmory
|-supereffective|p1a: Skarmory
|-damage|p1a: Skarmory|6/100
|move|p1a: Skarmory|Whirlwind|p2a: Kyurem
|drag|p2a: Terrakion|Terrakion|100/100
|-damage|p2a: Terrakion|94/100|[from] Stealth Rock
|-damage|p2a: Terrakion|78/100|[from] Spikes
|
|-weather|Sandstorm|[upkeep]
|upkeep
|turn|14
|
|t:|1719903582
|move|p2a: Terrakion|Stone Edge|p1a: Skarmory
|-damage|p1a: Skarmory|0 fnt
|faint|p1a: Skarmory
|
|-weather|Sandstorm|[upkeep]
|upkeep
|
|t:|1719903587
|switch|p1a: Tentacruel|Tentacruel, F|100/100
|-damage|p1a: Tentacruel|88/100|[from] Stealth Rock
|turn|15
|
|t:|1719903596
|move|p2a: Terrakion|Stone Edge|p1a: Tentacruel
|-damage|p1a: Tentacruel|0 fnt
|faint|p1a: Tentacruel
|
|-weather|Sandstorm|[upkeep]
|upkeep
|
|t:|1719903601
|switch|p1a: Mienshao|Mienshao, F, shiny|92/100
|-damage|p1a: Mienshao|86/100|[from] Stealth Rock
|turn|16
|
|t:|1719903608
|switch|p2a: Kyurem|Kyurem-Black|28/100
|-damage|p2a: Kyurem|3/100|[from] Stealth Rock
|-damage|p2a: Kyurem|0 fnt|[from] Spikes
|faint|p2a: Kyurem
|move|p1a: Mienshao|High Jump Kick|p2: Kyurem|[notarget]
|-fail|p1a: Mienshao
|
|-weather|Sandstorm|[upkeep]
|-damage|p1a: Mienshao|80/100|[from] Sandstorm
|upkeep
|
|t:|1719903627
|switch|p2a: Latios|Latios, M|100/100
|-damage|p2a: Latios|88/100|[from] Stealth Rock
|turn|17
|
|t:|1719903633
|switch|p1a: Tyranitar|Tyranitar, M|88/100
|-damage|p1a: Tyranitar|76/100|[from] Stealth Rock
|move|p2a: Latios|Draco Meteor|p1a: Tyranitar
|-damage|p1a: Tyranitar|34/100
|-unboost|p2a: Latios|spa|2
|-enditem|p2a: Latios|White Herb
|-clearnegativeboost|p2a: Latios|[silent]
|
|-weather|Sandstorm|[upkeep]
|-damage|p2a: Latios|82/100|[from] Sandstorm
|upkeep
|turn|18
|
|t:|1719903647
|move|p2a: Latios|Draco Meteor|p1a: Tyranitar|[miss]
|-miss|p2a: Latios|p1a: Tyranitar
|move|p1a: Tyranitar|Pursuit|p2a: Latios
|-supereffective|p2a: Latios
|-damage|p2a: Latios|0 fnt
|faint|p2a: Latios
|
|-weather|Sandstorm|[upkeep]
|upkeep
|
|t:|1719903663
|switch|p2a: Jirachi|Jirachi|90/100
|-damage|p2a: Jirachi|84/100|[from] Stealth Rock
|-damage|p2a: Jirachi|67/100|[from] Spikes
|turn|19
|
|t:|1719903669
|move|p2a: Jirachi|Iron Head|p1a: Tyranitar
|-supereffective|p1a: Tyranitar
|-damage|p1a: Tyranitar|0 fnt
|faint|p1a: Tyranitar
|
|-weather|Sandstorm|[upkeep]
|-heal|p2a: Jirachi|74/100|[from] item: Leftovers
|upkeep
|
|t:|1719903672
|switch|p1a: Mienshao|Mienshao, F, shiny|100/100
|-damage|p1a: Mienshao|95/100|[from] Stealth Rock
|turn|20
|
|t:|1719903690
|move|p1a: Mienshao|Fake Out|p2a: Jirachi
|-resisted|p2a: Jirachi
|-damage|p2a: Jirachi|66/100
|-damage|p1a: Mienshao|85/100|[from] item: Life Orb
|cant|p2a: Jirachi|flinch
|
|-weather|Sandstorm|[upkeep]
|-damage|p1a: Mienshao|79/100|[from] Sandstorm
|-heal|p2a: Jirachi|72/100|[from] item: Leftovers
|upkeep
|turn|21
|
|t:|1719903706
|move|p1a: Mienshao|High Jump Kick|p2a: Jirachi
|-damage|p2a: Jirachi|1/100
|-damage|p1a: Mienshao|69/100|[from] item: Life Orb
|move|p2a: Jirachi|Thunder|p1a: Mienshao
|-damage|p1a: Mienshao|20/100
|
|-weather|Sandstorm|[upkeep]
|-damage|p1a: Mienshao|15/100|[from] Sandstorm
|-heal|p2a: Jirachi|7/100|[from] item: Leftovers
|upkeep
|turn|22
|
|t:|1719903716
|move|p1a: Mienshao|U-turn|p2a: Jirachi
|-damage|p2a: Jirachi|0 fnt
|faint|p2a: Jirachi
|-damage|p1a: Mienshao|5/100|[from] item: Life Orb
|
|-weather|Sandstorm|[upkeep]
|-damage|p1a: Mienshao|0 fnt|[from] Sandstorm
|faint|p1a: Mienshao
|
|win|BookofConke
|upkeep
|raw|nekosutemi2837's rating: 1364 &rarr; <strong>1352</strong><br />(-12 for losing)
|raw|BookofConke's rating: 1506 &rarr; <strong>1518</strong><br />(+12 for winning)
|l|☆nekosutemi2837
|player|p1|
