|j|☆PEASTARS
|j|☆Laone.L.ous
|t:|1714965826
|gametype|singles
|player|p1|PEASTARS|plasmagrunt|1382
|player|p2|Laone.L.ous|1|1298
|teamsize|p1|6
|teamsize|p2|6
|gen|5
|tier|[Gen 5] OU
|rated|
|rule|Species Clause: Limit one of each Pokémon
|rule|OHKO Clause: OHKO moves are banned
|rule|Moody Clause: Moody is banned
|rule|Evasion Items Clause: Evasion items are banned
|rule|Evasion Moves Clause: Evasion moves are banned
|rule|Endless Battle Clause: Forcing endless battles is banned
|rule|HP Percentage Mod: HP is shown in percentages
|rule|Evasion Abilities Clause: Evasion abilities are banned
|rule|Sleep Moves Clause: Sleep-inducing moves are banned
|rule|Swagger Clause: Swagger is banned
|rule|Baton Pass Stat Clause: No Baton Passer may have a way to boost its stats
|clearpoke
|poke|p1|Tornadus, M|item
|poke|p1|Tentacruel, M|item
|poke|p1|Ferrothorn, F|item
|poke|p1|Latios, M|item
|poke|p1|Vaporeon, F|item
|poke|p1|Politoed, M|item
|poke|p2|Keldeo-Resolute|item
|poke|p2|Politoed, F|item
|poke|p2|Scizor, F|item
|poke|p2|Thundurus-Therian, M|item
|poke|p2|Ferrothorn, F|item
|poke|p2|Tentacruel, F|item
|teampreview
|inactive|Battle timer is ON: inactive players will automatically lose when time's up. (requested by Laone.L.ous)
|
|t:|1714965850
|start
|switch|p1a: Tornadus|Tornadus, M|100/100
|switch|p2a: Scizor|Scizor, F, shiny|100/100
|turn|1
|
|t:|1714965862
|move|p2a: Scizor|Bullet Punch|p1a: Tornadus
|-damage|p1a: Tornadus|32/100
|move|p1a: Tornadus|U-turn|p2a: Scizor
|-resisted|p2a: Scizor
|-damage|p2a: Scizor|89/100
|
|t:|1714965869
|switch|p1a: Vaporeon|Vaporeon, F|100/100|[from] U-turn
|
|upkeep
|turn|2
|
|t:|1714965873
|switch|p2a: Ferrothorn|Ferrothorn, F, shiny|100/100
|move|p1a: Vaporeon|Hydro Pump|p2a: Ferrothorn
|-resisted|p2a: Ferrothorn
|-damage|p2a: Ferrothorn|72/100
|
|-heal|p2a: Ferrothorn|79/100|[from] item: Leftovers
|upkeep
|turn|3
|
|t:|1714965884
|switch|p1a: Ferrothorn|Ferrothorn, F|100/100
|move|p2a: Ferrothorn|Stealth Rock|p1a: Ferrothorn
|-sidestart|p1: PEASTARS|move: Stealth Rock
|
|-heal|p2a: Ferrothorn|85/100|[from] item: Leftovers
|upkeep
|turn|4
|
|t:|1714965887
|move|p1a: Ferrothorn|Stealth Rock|p2a: Ferrothorn
|-sidestart|p2: Laone.L.ous|move: Stealth Rock
|move|p2a: Ferrothorn|Spikes|p1a: Ferrothorn
|-sidestart|p1: PEASTARS|Spikes
|
|-heal|p2a: Ferrothorn|91/100|[from] item: Leftovers
|upkeep
|turn|5
|
|t:|1714965891
|move|p1a: Ferrothorn|Knock Off|p2a: Ferrothorn
|-resisted|p2a: Ferrothorn
|-damage|p2a: Ferrothorn|90/100
|-damage|p1a: Ferrothorn|88/100|[from] ability: Iron Barbs|[of] p2a: Ferrothorn
|-enditem|p2a: Ferrothorn|Leftovers|[from] move: Knock Off|[of] p1a: Ferrothorn
|move|p2a: Ferrothorn|Spikes|p1a: Ferrothorn
|-sidestart|p1: PEASTARS|Spikes
|
|-heal|p1a: Ferrothorn|94/100|[from] item: Leftovers
|upkeep
|turn|6
|
|t:|1714965898
|move|p1a: Ferrothorn|Spikes|p2a: Ferrothorn
|-sidestart|p2: Laone.L.ous|Spikes
|move|p2a: Ferrothorn|Spikes|p1a: Ferrothorn
|-sidestart|p1: PEASTARS|Spikes
|
|-heal|p1a: Ferrothorn|100/100|[from] item: Leftovers
|upkeep
|turn|7
|
|t:|1714965905
|switch|p2a: Tentacruel|Tentacruel, F, shiny|100/100
|-damage|p2a: Tentacruel|88/100|[from] Stealth Rock
|-damage|p2a: Tentacruel|76/100|[from] Spikes
|move|p1a: Ferrothorn|Knock Off|p2a: Tentacruel
|-damage|p2a: Tentacruel|71/100
|-enditem|p2a: Tentacruel|Black Sludge|[from] move: Knock Off|[of] p1a: Ferrothorn
|
|upkeep
|turn|8
|
|t:|1714965914
|move|p2a: Tentacruel|Toxic Spikes|p1a: Ferrothorn
|-sidestart|p1: PEASTARS|move: Toxic Spikes
|move|p1a: Ferrothorn|Power Whip|p2a: Tentacruel
|-damage|p2a: Tentacruel|35/100
|
|upkeep
|turn|9
|
|t:|1714965921
|move|p2a: Tentacruel|Protect|p2a: Tentacruel
|-singleturn|p2a: Tentacruel|Protect
|move|p1a: Ferrothorn|Power Whip|p2a: Tentacruel
|-activate|p2a: Tentacruel|move: Protect
|
|upkeep
|turn|10
|
|t:|1714965926
|move|p2a: Tentacruel|Rapid Spin|p1a: Ferrothorn
|-resisted|p1a: Ferrothorn
|-damage|p1a: Ferrothorn|99/100
|-damage|p2a: Tentacruel|23/100|[from] ability: Iron Barbs|[of] p1a: Ferrothorn
|-sideend|p2: Laone.L.ous|Spikes|[from] move: Rapid Spin|[of] p2a: Tentacruel
|-sideend|p2: Laone.L.ous|Stealth Rock|[from] move: Rapid Spin|[of] p2a: Tentacruel
|move|p1a: Ferrothorn|Power Whip|p2a: Tentacruel
|-damage|p2a: Tentacruel|0 fnt
|faint|p2a: Tentacruel
|
|-heal|p1a: Ferrothorn|100/100|[from] item: Leftovers
|upkeep
|
|t:|1714965934
|switch|p2a: Scizor|Scizor, F, shiny|89/100
|turn|11
|
|t:|1714965957
|switch|p1a: Tentacruel|Tentacruel, M|100/100
|-damage|p1a: Tentacruel|88/100|[from] Stealth Rock
|-damage|p1a: Tentacruel|63/100|[from] Spikes
|-sideend|p1: PEASTARS|move: Toxic Spikes|[of] p1a: Tentacruel
|move|p2a: Scizor|U-turn|p1a: Tentacruel
|-resisted|p1a: Tentacruel
|-crit|p1a: Tentacruel
|-damage|p1a: Tentacruel|0 fnt
|faint|p1a: Tentacruel
|
|t:|1714965968
|switch|p2a: Keldeo|Keldeo-Resolute|100/100|[from] U-turn
|
|upkeep
|inactive|PEASTARS has 120 seconds left.
|
|t:|1714965996
|switch|p1a: Politoed|Politoed, M|100/100
|-damage|p1a: Politoed|88/100|[from] Stealth Rock
|-damage|p1a: Politoed|63/100|[from] Spikes
|-weather|RainDance|[from] ability: Drizzle|[of] p1a: Politoed
|turn|12
|
|t:|1714966006
|switch|p2a: Ferrothorn|Ferrothorn, F, shiny|90/100
|move|p1a: Politoed|Toxic|p2a: Ferrothorn
|-immune|p2a: Ferrothorn
|
|-weather|RainDance|[upkeep]
|-heal|p1a: Politoed|69/100|[from] item: Leftovers
|upkeep
|turn|13
|
|t:|1714966015
|switch|p1a: Ferrothorn|Ferrothorn, F|100/100
|-damage|p1a: Ferrothorn|94/100|[from] Stealth Rock
|-damage|p1a: Ferrothorn|69/100|[from] Spikes
|switch|p2a: Keldeo|Keldeo-Resolute|100/100
|
|-weather|RainDance|[upkeep]
|-heal|p1a: Ferrothorn|75/100|[from] item: Leftovers
|upkeep
|turn|14
|
|t:|1714966019
|move|p2a: Keldeo|Secret Sword|p1a: Ferrothorn
|-supereffective|p1a: Ferrothorn
|-damage|p1a: Ferrothorn|0 fnt
|faint|p1a: Ferrothorn
|
|-weather|RainDance|[upkeep]
|upkeep
|
|t:|1714966024
|switch|p1a: Tornadus|Tornadus, M|32/100
|-damage|p1a: Tornadus|7/100|[from] Stealth Rock
|turn|15
|
|t:|1714966031
|switch|p2a: Ferrothorn|Ferrothorn, F, shiny|90/100
|move|p1a: Tornadus|Hurricane|p2a: Ferrothorn
|-damage|p2a: Ferrothorn|34/100
|
|-weather|RainDance|[upkeep]
|upkeep
|turn|16
|
|t:|1714966037
|move|p1a: Tornadus|Hurricane|p2a: Ferrothorn
|-damage|p2a: Ferrothorn|0 fnt
|faint|p2a: Ferrothorn
|
|-weather|RainDance|[upkeep]
|upkeep
|
|t:|1714966040
|switch|p2a: Scizor|Scizor, F, shiny|89/100
|turn|17
|
|t:|1714966045
|move|p2a: Scizor|Bullet Punch|p1a: Tornadus
|-damage|p1a: Tornadus|0 fnt
|faint|p1a: Tornadus
|
|-weather|RainDance|[upkeep]
|upkeep
|
|t:|1714966055
|switch|p1a: Vaporeon|Vaporeon, F|100/100
|-damage|p1a: Vaporeon|88/100|[from] Stealth Rock
|-damage|p1a: Vaporeon|63/100|[from] Spikes
|turn|18
|
|t:|1714966060
|move|p2a: Scizor|Bullet Punch|p1a: Vaporeon
|-resisted|p1a: Vaporeon
|-damage|p1a: Vaporeon|38/100
|move|p1a: Vaporeon|Rest|p1a: Vaporeon
|-status|p1a: Vaporeon|slp|[from] move: Rest
|-heal|p1a: Vaporeon|100/100 slp|[silent]
|
|-weather|RainDance|[upkeep]
|-activate|p1a: Vaporeon|ability: Hydration
|-curestatus|p1a: Vaporeon|slp|[msg]
|upkeep
|turn|19
|
|t:|1714966068
|switch|p2a: Thundurus|Thundurus-Therian, M, shiny|100/100
|move|p1a: Vaporeon|Scald|p2a: Thundurus
|-damage|p2a: Thundurus|1/100
|
|-weather|RainDance|[upkeep]
|upkeep
|turn|20
|j| xxperseusxx3
|
|t:|1714966082
|switch|p1a: Latios|Latios, M|100/100
|-damage|p1a: Latios|88/100|[from] Stealth Rock
|move|p2a: Thundurus|Thunder|p1a: Latios
|-resisted|p1a: Latios
|-crit|p1a: Latios
|-damage|p1a: Latios|17/100
|
|-weather|RainDance|[upkeep]
|upkeep
|turn|21
|l| xxperseusxx3
|
|t:|1714966094
|switch|p2a: Scizor|Scizor, F, shiny|89/100
|move|p1a: Latios|Surf|p2a: Scizor
|-damage|p2a: Scizor|24/100
|
|-weather|RainDance|[upkeep]
|upkeep
|turn|22
|
|t:|1714966101
|move|p2a: Scizor|Bullet Punch|p1a: Latios
|-damage|p1a: Latios|0 fnt
|faint|p1a: Latios
|
|-weather|RainDance|[upkeep]
|upkeep
|
|t:|1714966104
|switch|p1a: Vaporeon|Vaporeon, F|100/100
|-damage|p1a: Vaporeon|88/100|[from] Stealth Rock
|-damage|p1a: Vaporeon|63/100|[from] Spikes
|turn|23
|
|t:|1714966109
|switch|p2a: Politoed|Politoed, F, shiny|100/100
|move|p1a: Vaporeon|Scald|p2a: Politoed
|-resisted|p2a: Politoed
|-damage|p2a: Politoed|66/100
|-status|p2a: Politoed|brn
|
|-weather|RainDance|[upkeep]
|-damage|p2a: Politoed|53/100 brn|[from] brn
|upkeep
|turn|24
|
|t:|1714966113
|move|p2a: Politoed|Hidden Power|p1a: Vaporeon
|-supereffective|p1a: Vaporeon
|-damage|p1a: Vaporeon|13/100
|move|p1a: Vaporeon|Rest|p1a: Vaporeon
|-status|p1a: Vaporeon|slp|[from] move: Rest
|-heal|p1a: Vaporeon|100/100 slp|[silent]
|
|-weather|RainDance|[upkeep]
|-activate|p1a: Vaporeon|ability: Hydration
|-curestatus|p1a: Vaporeon|slp|[msg]
|-damage|p2a: Politoed|41/100 brn|[from] brn
|upkeep
|turn|25
|
|t:|1714966119
|move|p2a: Politoed|Hidden Power|p1a: Vaporeon
|-supereffective|p1a: Vaporeon
|-damage|p1a: Vaporeon|50/100
|move|p1a: Vaporeon|Hydro Pump|p2a: Politoed
|-resisted|p2a: Politoed
|-damage|p2a: Politoed|0 fnt
|faint|p2a: Politoed
|
|-weather|RainDance|[upkeep]
|upkeep
|
|t:|1714966124
|switch|p2a: Thundurus|Thundurus-Therian, M, shiny|1/100
|turn|26
|
|t:|1714966128
|move|p2a: Thundurus|Thunder|p1a: Vaporeon
|-supereffective|p1a: Vaporeon
|-damage|p1a: Vaporeon|0 fnt
|faint|p1a: Vaporeon
|
|-weather|RainDance|[upkeep]
|upkeep
|
|t:|1714966130
|switch|p1a: Politoed|Politoed, M|69/100
|-damage|p1a: Politoed|57/100|[from] Stealth Rock
|-damage|p1a: Politoed|32/100|[from] Spikes
|turn|27
|
|t:|1714966133
|move|p2a: Thundurus|Thunder|p1a: Politoed
|-supereffective|p1a: Politoed
|-damage|p1a: Politoed|0 fnt
|faint|p1a: Politoed
|
|win|Laone.L.ous
|raw|PEASTARS's rating: 1382 &rarr; <strong>1357</strong><br />(-25 for losing)
|raw|Laone.L.ous's rating: 1298 &rarr; <strong>1329</strong><br />(+31 for winning)
|l|☆PEASTARS
|player|p1|
