|j|☆AClockworkOrange
|j|☆Pleasure
|player|p1|AClockworkOrange|170
|player|p2|Pleasure|102
|teamsize|p1|6
|teamsize|p2|6
|gametype|singles
|gen|5
|tier|[Gen 5] OU
|rated|
|rule|Sleep Clause Mod: Limit one foe put to sleep
|rule|Species Clause: Limit one of each Pokémon
|rule|OHKO Clause: OHKO moves are banned
|rule|Moody Clause: Moody is banned
|rule|Evasion Moves Clause: Evasion moves are banned
|rule|Endless Battle Clause: Forcing endless battles is banned
|rule|HP Percentage Mod: HP is shown in percentages
|rule|Evasion Abilities Clause: Evasion abilities are banned
|rule|Baton Pass Clause: Limit one Baton Passer, can't pass Spe and other stats simultaneously
|rule|Swagger Clause: Swagger is banned
|clearpoke
|poke|p1|Ninetales, F|item
|poke|p1|Volcarona, F|item
|poke|p1|Haxorus, F|item
|poke|p1|Meloetta|item
|poke|p1|Donphan, M|item
|poke|p1|Breloom, M|item
|poke|p2|Hippowdon, F|item
|poke|p2|Terrakion|item
|poke|p2|Xatu, F|item
|poke|p2|Jirachi|item
|poke|p2|Latios, M|item
|poke|p2|Rotom-Wash|item
|teampreview
|inactive|Battle timer is ON: inactive players will automatically lose when time's up. (requested by Pleasure)
|c|☆AClockworkOrange|gl hf
|inactive|Pleasure has 135 seconds left.
|
|start
|switch|p1a: Meloetta|Meloetta|100/100
|switch|p2a: Latios|Latios, M|100/100
|turn|1
|
|switch|p2a: Jirachi|Jirachi|100/100
|move|p1a: Meloetta|Hidden Power|p2a: Jirachi
|-resisted|p2a: Jirachi
|-damage|p2a: Jirachi|93/100
|
|-heal|p2a: Jirachi|99/100|[from] item: Leftovers
|upkeep
|turn|2
|inactive|AClockworkOrange has 135 seconds left.
|
|switch|p1a: Donphan|Donphan, M|100/100
|move|p2a: Jirachi|U-turn|p1a: Donphan
|-damage|p1a: Donphan|92/100
|
|switch|p2a: Xatu|Xatu, F|100/100
|
|-heal|p1a: Donphan|98/100|[from] item: Leftovers
|upkeep
|turn|3
|inactive|AClockworkOrange has 135 seconds left.
|
|switch|p1a: Meloetta|Meloetta|100/100
|move|p2a: Xatu|Toxic|p1a: Meloetta
|-status|p1a: Meloetta|tox
|
|-damage|p1a: Meloetta|94/100 tox|[from] psn
|upkeep
|turn|4
|
|switch|p1a: Ninetales|Ninetales, F|100/100
|-weather|SunnyDay|[from] ability: Drought|[of] p1a: Ninetales
|-item|p1a: Ninetales|Air Balloon
|switch|p2a: Jirachi|Jirachi|99/100
|
|-weather|SunnyDay|[upkeep]
|-heal|p2a: Jirachi|100/100|[from] item: Leftovers
|upkeep
|turn|5
|inactive|AClockworkOrange has 135 seconds left.
|inactive|Pleasure has 135 seconds left.
|
|switch|p2a: Rotom|Rotom-Wash|100/100
|move|p1a: Ninetales|Fire Blast|p2a: Rotom
|-resisted|p2a: Rotom
|-damage|p2a: Rotom|69/100
|
|-weather|SunnyDay|[upkeep]
|-heal|p2a: Rotom|75/100|[from] item: Leftovers
|upkeep
|turn|6
|inactive|AClockworkOrange has 135 seconds left.
|
|switch|p1a: Meloetta|Meloetta|94/100 tox
|move|p2a: Rotom|Volt Switch|p1a: Meloetta
|-damage|p1a: Meloetta|73/100 tox
|
|switch|p2a: Jirachi|Jirachi|100/100
|
|-weather|SunnyDay|[upkeep]
|-damage|p1a: Meloetta|67/100 tox|[from] psn
|upkeep
|turn|7
|
|move|p1a: Meloetta|Relic Song|p2a: Jirachi
|-resisted|p2a: Jirachi
|-damage|p2a: Jirachi|88/100
|-formechange|p1a: Meloetta|Meloetta-Pirouette|[msg]
|move|p2a: Jirachi|U-turn|p1a: Meloetta
|-resisted|p1a: Meloetta
|-damage|p1a: Meloetta|57/100 tox
|
|switch|p2a: Hippowdon|Hippowdon, F|100/100
|-weather|Sandstorm|[from] ability: Sand Stream|[of] p2a: Hippowdon
|
|-weather|Sandstorm|[upkeep]
|-damage|p1a: Meloetta|51/100 tox|[from] Sandstorm
|-damage|p1a: Meloetta|38/100 tox|[from] psn
|upkeep
|turn|8
|
|switch|p2a: Jirachi|Jirachi|88/100
|move|p1a: Meloetta|Relic Song|p2a: Jirachi
|-resisted|p2a: Jirachi
|-damage|p2a: Jirachi|80/100
|-formechange|p1a: Meloetta|Meloetta|[msg]
|
|-weather|Sandstorm|[upkeep]
|-damage|p1a: Meloetta|32/100 tox|[from] Sandstorm
|-heal|p2a: Jirachi|86/100|[from] item: Leftovers
|-damage|p1a: Meloetta|14/100 tox|[from] psn
|upkeep
|turn|9
|
|move|p1a: Meloetta|Close Combat|p2a: Jirachi
|-crit|p2a: Jirachi
|-damage|p2a: Jirachi|48/100
|-unboost|p1a: Meloetta|def|1
|-unboost|p1a: Meloetta|spd|1
|move|p2a: Jirachi|Wish|p2a: Jirachi
|
|-weather|Sandstorm|[upkeep]
|-damage|p1a: Meloetta|8/100 tox|[from] Sandstorm
|-heal|p2a: Jirachi|54/100|[from] item: Leftovers
|-damage|p1a: Meloetta|0 fnt|[from] psn
|upkeep
|faint|p1a: Meloetta
|
|switch|p1a: Ninetales|Ninetales, F|100/100
|-weather|SunnyDay|[from] ability: Drought|[of] p1a: Ninetales
|-item|p1a: Ninetales|Air Balloon
|turn|10
|
|switch|p1a: Breloom|Breloom, M|100/100
|switch|p2a: Rotom|Rotom-Wash|75/100
|
|-weather|SunnyDay|[upkeep]
|-heal|p2a: Rotom|100/100|[from] move: Wish|[wisher] Jirachi
|upkeep
|turn|11
|
|-singleturn|p1a: Breloom|move: Focus Punch
|switch|p2a: Xatu|Xatu, F|100/100
|move|p1a: Breloom|Focus Punch|p2a: Xatu
|-enditem|p1a: Breloom|Fighting Gem|[from] gem|[move] Focus Punch
|-resisted|p2a: Xatu
|-damage|p2a: Xatu|67/100
|
|-weather|SunnyDay|[upkeep]
|-heal|p2a: Xatu|73/100|[from] item: Leftovers
|upkeep
|turn|12
|inactive|AClockworkOrange has 135 seconds left.
|
|move|p2a: Xatu|Toxic|p1a: Breloom
|-status|p1a: Breloom|tox
|move|p1a: Breloom|Bullet Seed|p2a: Xatu
|-resisted|p2a: Xatu
|-damage|p2a: Xatu|61/100
|-resisted|p2a: Xatu
|-damage|p2a: Xatu|49/100
|-resisted|p2a: Xatu
|-damage|p2a: Xatu|37/100
|-resisted|p2a: Xatu
|-damage|p2a: Xatu|26/100
|-resisted|p2a: Xatu
|-damage|p2a: Xatu|15/100
|-hitcount|p2a: Xatu|5
|
|-weather|SunnyDay|[upkeep]
|-heal|p2a: Xatu|21/100|[from] item: Leftovers
|-damage|p1a: Breloom|94/100 tox|[from] psn
|upkeep
|turn|13
|inactive|Pleasure has 135 seconds left.
|
|-singleturn|p1a: Breloom|move: Focus Punch
|move|p2a: Xatu|U-turn|p1a: Breloom
|-damage|p1a: Breloom|77/100 tox
|
|switch|p2a: Jirachi|Jirachi|54/100
|cant|p1a: Breloom|Focus Punch|Focus Punch
|
|-weather|SunnyDay|[upkeep]
|-heal|p2a: Jirachi|60/100|[from] item: Leftovers
|-damage|p1a: Breloom|65/100 tox|[from] psn
|upkeep
|turn|14
|
|move|p1a: Breloom|Mach Punch|p2a: Jirachi
|-damage|p2a: Jirachi|31/100
|move|p2a: Jirachi|U-turn|p1a: Breloom
|-damage|p1a: Breloom|41/100 tox
|
|switch|p2a: Xatu|Xatu, F|21/100
|
|-weather|SunnyDay|[upkeep]
|-heal|p2a: Xatu|27/100|[from] item: Leftovers
|-damage|p1a: Breloom|23/100 tox|[from] psn
|upkeep
|turn|15
|
|-singleturn|p1a: Breloom|move: Focus Punch
|move|p2a: Xatu|Roost|p2a: Xatu
|-heal|p2a: Xatu|77/100
|move|p1a: Breloom|Focus Punch|p2a: Xatu
|-resisted|p2a: Xatu
|-damage|p2a: Xatu|31/100
|
|-weather|SunnyDay|[upkeep]
|-heal|p2a: Xatu|37/100|[from] item: Leftovers
|-damage|p1a: Breloom|0 fnt|[from] psn
|upkeep
|faint|p1a: Breloom
|inactive|AClockworkOrange has 135 seconds left.
|
|switch|p1a: Haxorus|Haxorus, F|100/100
|-ability|p1a: Haxorus|Mold Breaker
|turn|16
|
|switch|p2a: Hippowdon|Hippowdon, F|100/100
|-weather|Sandstorm|[from] ability: Sand Stream|[of] p2a: Hippowdon
|move|p1a: Haxorus|Dragon Dance|p1a: Haxorus
|-boost|p1a: Haxorus|atk|1
|-boost|p1a: Haxorus|spe|1
|
|-weather|Sandstorm|[upkeep]
|-damage|p1a: Haxorus|94/100|[from] Sandstorm
|upkeep
|turn|17
|inactive|Pleasure has 135 seconds left.
|
|move|p1a: Haxorus|Outrage|p2a: Hippowdon
|-damage|p2a: Hippowdon|44/100
|move|p2a: Hippowdon|Slack Off|p2a: Hippowdon
|-heal|p2a: Hippowdon|94/100
|
|-weather|Sandstorm|[upkeep]
|-damage|p1a: Haxorus|88/100|[from] Sandstorm
|-heal|p2a: Hippowdon|99/100|[from] item: Leftovers
|upkeep
|turn|18
|
|move|p1a: Haxorus|Outrage|p2a: Hippowdon|[from]lockedmove
|-damage|p2a: Hippowdon|35/100
|move|p2a: Hippowdon|Slack Off|p2a: Hippowdon
|-heal|p2a: Hippowdon|85/100
|
|-weather|Sandstorm|[upkeep]
|-damage|p1a: Haxorus|82/100|[from] Sandstorm
|-heal|p2a: Hippowdon|91/100|[from] item: Leftovers
|upkeep
|turn|19
|
|move|p1a: Haxorus|Outrage|p2a: Hippowdon|[from]lockedmove
|-damage|p2a: Hippowdon|30/100
|-start|p1a: Haxorus|confusion|[fatigue]
|-enditem|p1a: Haxorus|Lum Berry|[eat]
|-end|p1a: Haxorus|confusion
|move|p2a: Hippowdon|Slack Off|p2a: Hippowdon
|-heal|p2a: Hippowdon|80/100
|
|-weather|Sandstorm|[upkeep]
|-damage|p1a: Haxorus|76/100|[from] Sandstorm
|-heal|p2a: Hippowdon|86/100|[from] item: Leftovers
|upkeep
|turn|20
|
|move|p1a: Haxorus|Swords Dance|p1a: Haxorus
|-boost|p1a: Haxorus|atk|2
|move|p2a: Hippowdon|Earthquake|p1a: Haxorus
|-damage|p1a: Haxorus|26/100
|
|-weather|Sandstorm|[upkeep]
|-damage|p1a: Haxorus|20/100|[from] Sandstorm
|-heal|p2a: Hippowdon|92/100|[from] item: Leftovers
|upkeep
|turn|21
|
|switch|p2a: Jirachi|Jirachi|31/100
|move|p1a: Haxorus|Outrage|p2a: Jirachi
|-resisted|p2a: Jirachi
|-damage|p2a: Jirachi|0 fnt
|faint|p2a: Jirachi
|
|-weather|Sandstorm|[upkeep]
|-damage|p1a: Haxorus|13/100|[from] Sandstorm
|upkeep
|
|switch|p2a: Terrakion|Terrakion|100/100
|turn|22
|
|move|p2a: Terrakion|Quick Attack|p1a: Haxorus
|-damage|p1a: Haxorus|0 fnt
|faint|p1a: Haxorus
|
|-weather|Sandstorm|[upkeep]
|upkeep
|
|switch|p1a: Donphan|Donphan, M|98/100
|turn|23
|
|switch|p2a: Rotom|Rotom-Wash|100/100
|move|p1a: Donphan|Ice Shard|p2a: Rotom
|-resisted|p2a: Rotom
|-damage|p2a: Rotom|96/100
|
|-weather|Sandstorm|[upkeep]
|-damage|p2a: Rotom|89/100|[from] Sandstorm
|-heal|p2a: Rotom|96/100|[from] item: Leftovers
|-heal|p1a: Donphan|100/100|[from] item: Leftovers
|upkeep
|turn|24
|
|switch|p2a: Xatu|Xatu, F|37/100
|switch|p1a: Ninetales|Ninetales, F|100/100
|-weather|SunnyDay|[from] ability: Drought|[of] p1a: Ninetales
|-item|p1a: Ninetales|Air Balloon
|
|-weather|SunnyDay|[upkeep]
|-heal|p2a: Xatu|43/100|[from] item: Leftovers
|upkeep
|turn|25
|
|switch|p2a: Latios|Latios, M|100/100
|move|p1a: Ninetales|Fire Blast|p2a: Latios|[miss]
|-miss|p1a: Ninetales|p2a: Latios
|
|-weather|SunnyDay|[upkeep]
|upkeep
|turn|26
|
|switch|p1a: Donphan|Donphan, M|100/100
|move|p2a: Latios|Psyshock|p1a: Donphan
|-damage|p1a: Donphan|66/100
|
|-weather|SunnyDay|[upkeep]
|-heal|p1a: Donphan|72/100|[from] item: Leftovers
|upkeep
|turn|27
|inactive|AClockworkOrange has 135 seconds left.
|
|switch|p2a: Xatu|Xatu, F|43/100
|switch|p1a: Volcarona|Volcarona, F|100/100
|
|-weather|SunnyDay|[upkeep]
|-heal|p2a: Xatu|49/100|[from] item: Leftovers
|upkeep
|turn|28
|
|switch|p2a: Hippowdon|Hippowdon, F|92/100
|-weather|Sandstorm|[from] ability: Sand Stream|[of] p2a: Hippowdon
|move|p1a: Volcarona|Quiver Dance|p1a: Volcarona
|-boost|p1a: Volcarona|spa|1
|-boost|p1a: Volcarona|spd|1
|-boost|p1a: Volcarona|spe|1
|
|-weather|Sandstorm|[upkeep]
|-damage|p1a: Volcarona|95/100|[from] Sandstorm
|-heal|p2a: Hippowdon|98/100|[from] item: Leftovers
|upkeep
|turn|29
|inactive|AClockworkOrange has 135 seconds left.
|
|move|p1a: Volcarona|Flamethrower|p2a: Hippowdon
|-damage|p2a: Hippowdon|25/100
|move|p2a: Hippowdon|Stealth Rock|p1a: Volcarona
|-sidestart|p1: AClockworkOrange|move: Stealth Rock
|
|-weather|Sandstorm|[upkeep]
|-damage|p1a: Volcarona|89/100|[from] Sandstorm
|-heal|p2a: Hippowdon|31/100|[from] item: Leftovers
|upkeep
|turn|30
|
|move|p1a: Volcarona|Bug Buzz|p2a: Hippowdon
|-damage|p2a: Hippowdon|0 fnt
|faint|p2a: Hippowdon
|
|-weather|Sandstorm|[upkeep]
|-damage|p1a: Volcarona|83/100|[from] Sandstorm
|upkeep
|
|switch|p2a: Terrakion|Terrakion|100/100
|turn|31
|
|switch|p1a: Donphan|Donphan, M|72/100
|-damage|p1a: Donphan|66/100|[from] Stealth Rock
|move|p2a: Terrakion|Rock Slide|p1a: Donphan
|-resisted|p1a: Donphan
|-damage|p1a: Donphan|49/100
|
|-weather|Sandstorm|[upkeep]
|-heal|p1a: Donphan|55/100|[from] item: Leftovers
|upkeep
|turn|32
|
|switch|p2a: Rotom|Rotom-Wash|96/100
|move|p1a: Donphan|Rapid Spin|p2a: Rotom
|-damage|p2a: Rotom|90/100
|-sideend|p1: AClockworkOrange|Stealth Rock|[from] move: Rapid Spin|[of] p1a: Donphan
|
|-weather|Sandstorm|[upkeep]
|-damage|p2a: Rotom|84/100|[from] Sandstorm
|-heal|p2a: Rotom|90/100|[from] item: Leftovers
|-heal|p1a: Donphan|61/100|[from] item: Leftovers
|upkeep
|turn|33
|
|move|p2a: Rotom|Hydro Pump|p1a: Donphan
|-supereffective|p1a: Donphan
|-damage|p1a: Donphan|0 fnt
|faint|p1a: Donphan
|
|-weather|Sandstorm|[upkeep]
|-damage|p2a: Rotom|84/100|[from] Sandstorm
|-heal|p2a: Rotom|90/100|[from] item: Leftovers
|upkeep
|
|switch|p1a: Ninetales|Ninetales, F|100/100
|-weather|SunnyDay|[from] ability: Drought|[of] p1a: Ninetales
|-item|p1a: Ninetales|Air Balloon
|turn|34
|
|move|p1a: Ninetales|Solar Beam|p2a: Rotom|[still]
|-prepare|p1a: Ninetales|Solar Beam|p2a: Rotom
|-anim|p1a: Ninetales|Solar Beam|p2a: Rotom
|-supereffective|p2a: Rotom
|-damage|p2a: Rotom|42/100
|move|p2a: Rotom|Volt Switch|p1a: Ninetales
|-damage|p1a: Ninetales|72/100
|-enditem|p1a: Ninetales|Air Balloon
|
|switch|p2a: Latios|Latios, M|100/100
|
|-weather|SunnyDay|[upkeep]
|upkeep
|turn|35
|
|move|p2a: Latios|Psyshock|p1a: Ninetales
|-crit|p1a: Ninetales
|-damage|p1a: Ninetales|0 fnt
|faint|p1a: Ninetales
|
|-weather|SunnyDay|[upkeep]
|upkeep
|
|switch|p1a: Volcarona|Volcarona, F|83/100
|turn|36
|
|move|p2a: Latios|Psyshock|p1a: Volcarona
|-damage|p1a: Volcarona|16/100
|move|p1a: Volcarona|Quiver Dance|p1a: Volcarona
|-boost|p1a: Volcarona|spa|1
|-boost|p1a: Volcarona|spd|1
|-boost|p1a: Volcarona|spe|1
|
|-weather|SunnyDay|[upkeep]
|upkeep
|turn|37
|inactive|AClockworkOrange has 135 seconds left.
|inactive|AClockworkOrange has 120 seconds left.
|
|move|p1a: Volcarona|Rest|p1a: Volcarona
|-status|p1a: Volcarona|slp
|-heal|p1a: Volcarona|100/100 slp|[silent]
|-status|p1a: Volcarona|slp|[from] move: Rest
|-enditem|p1a: Volcarona|Chesto Berry|[eat]
|-curestatus|p1a: Volcarona|slp|[msg]
|move|p2a: Latios|Psyshock|p1a: Volcarona
|-damage|p1a: Volcarona|36/100
|
|-weather|SunnyDay|[upkeep]
|upkeep
|turn|38
|inactive|Pleasure has 135 seconds left.
|inactive|Pleasure has 120 seconds left.
|inactive|Pleasure has 105 seconds left.
|
|move|p1a: Volcarona|Bug Buzz|p2a: Latios
|-supereffective|p2a: Latios
|-damage|p2a: Latios|0 fnt
|faint|p2a: Latios
|
|-weather|SunnyDay|[upkeep]
|upkeep
|
|switch|p2a: Terrakion|Terrakion|100/100
|turn|39
|
|move|p1a: Volcarona|Flamethrower|p2a: Terrakion
|-resisted|p2a: Terrakion
|-damage|p2a: Terrakion|33/100
|move|p2a: Terrakion|Rock Slide|p1a: Volcarona
|-supereffective|p1a: Volcarona
|-damage|p1a: Volcarona|0 fnt
|faint|p1a: Volcarona
|
|win|Pleasure
|raw|AClockworkOrange's rating: 1337 &rarr; <strong>1319</strong><br />(-18 for losing)
|raw|Pleasure's rating: 1370 &rarr; <strong>1388</strong><br />(+18 for winning)
|c|☆AClockworkOrange|gg wp
