|j|☆HydreigonSpammer
|j|☆Tubberknuckles
|t:|1736399223
|gametype|singles
|player|p1|HydreigonSpammer|iris|1414
|player|p2|Tubberknuckles|ethan|1387
|teamsize|p1|6
|teamsize|p2|6
|gen|5
|tier|[Gen 5] OU
|rated|
|rule|Species Clause: Limit one of each Pokémon
|rule|OHKO Clause: OHKO moves are banned
|rule|Moody Clause: Moody is banned
|rule|Evasion Items Clause: Evasion items are banned
|rule|Evasion Moves Clause: Evasion moves are banned
|rule|Endless Battle Clause: Forcing endless battles is banned
|rule|HP Percentage Mod: HP is shown in percentages
|rule|Evasion Abilities Clause: Evasion abilities are banned
|rule|Sleep Moves Clause: Sleep-inducing moves are banned
|rule|Swagger Clause: Swagger is banned
|rule|Baton Pass Stat Clause: No Baton Passer may have a way to boost its stats
|clearpoke
|poke|p1|Hydreigon, F|item
|poke|p1|Golurk|item
|poke|p1|Tyranitar, F|item
|poke|p1|Latios, M|item
|poke|p1|Jirachi|item
|poke|p1|Amoonguss, M|item
|poke|p2|Tyranitar, M|item
|poke|p2|Landorus-Therian, M|item
|poke|p2|Rotom-Wash|item
|poke|p2|Jirachi|item
|poke|p2|Excadrill, F|item
|poke|p2|Starmie|item
|teampreview
|
|t:|1736399242
|start
|switch|p1a: #StopBreloom|Amoonguss, M|100/100
|switch|p2a: Starmie|Starmie|100/100
|turn|1
|
|t:|1736399250
|switch|p1a: #NoAlakazam|Jirachi|100/100
|move|p2a: Starmie|Ice Beam|p1a: #NoAlakazam
|-resisted|p1a: #NoAlakazam
|-damage|p1a: #NoAlakazam|88/100
|
|-heal|p1a: #NoAlakazam|94/100|[from] item: Leftovers
|upkeep
|turn|2
|
|t:|1736399258
|switch|p2a: Landorus|Landorus-Therian, M|100/100
|-ability|p2a: Landorus|Intimidate|boost
|-unboost|p1a: #NoAlakazam|atk|1
|move|p1a: #NoAlakazam|U-turn|p2a: Landorus
|-resisted|p2a: Landorus
|-damage|p2a: Landorus|97/100
|
|t:|1736399264
|switch|p1a: Hydreigon|Hydreigon, F, shiny|100/100|[from] U-turn
|
|-heal|p2a: Landorus|100/100|[from] item: Leftovers
|upkeep
|turn|3
|inactive|Battle timer is ON: inactive players will automatically lose when time's up. (requested by Tubberknuckles)
|
|t:|1736399283
|switch|p2a: Rotom|Rotom-Wash|100/100
|move|p1a: Hydreigon|Draco Meteor|p2a: Rotom
|-damage|p2a: Rotom|18/100
|-unboost|p1a: Hydreigon|spa|2
|-damage|p1a: Hydreigon|91/100|[from] item: Life Orb
|
|-heal|p2a: Rotom|24/100|[from] item: Leftovers
|upkeep
|turn|4
|
|t:|1736399312
|move|p1a: Hydreigon|Draco Meteor|p2a: Rotom
|-damage|p2a: Rotom|0 fnt
|-unboost|p1a: Hydreigon|spa|2
|faint|p2a: Rotom
|-damage|p1a: Hydreigon|81/100|[from] item: Life Orb
|
|upkeep
|
|t:|1736399319
|switch|p2a: Jirachi|Jirachi|100/100
|turn|5
|
|t:|1736399338
|switch|p1a: Latios|Latios, M|100/100
|move|p2a: Jirachi|Calm Mind|p2a: Jirachi
|-boost|p2a: Jirachi|spa|1
|-boost|p2a: Jirachi|spd|1
|
|upkeep
|turn|6
|j| estrogen fiend
|
|t:|1736399343
|move|p1a: Latios|Trick|p2a: Jirachi
|-activate|p1a: Latios|move: Trick|[of] p2a: Jirachi
|-item|p2a: Jirachi|Choice Scarf|[from] move: Trick
|-item|p1a: Latios|Leftovers|[from] move: Trick
|move|p2a: Jirachi|Calm Mind|p2a: Jirachi
|-boost|p2a: Jirachi|spa|1
|-boost|p2a: Jirachi|spd|1
|
|upkeep
|turn|7
|
|t:|1736399360
|switch|p2a: Starmie|Starmie|100/100
|switch|p1a: #NoAlakazam|Jirachi|94/100
|
|-heal|p1a: #NoAlakazam|99/100|[from] item: Leftovers
|upkeep
|turn|8
|
|t:|1736399366
|move|p2a: Starmie|Hydro Pump|p1a: #NoAlakazam
|-damage|p1a: #NoAlakazam|64/100
|move|p1a: #NoAlakazam|U-turn|p2a: Starmie
|-supereffective|p2a: Starmie
|-crit|p2a: Starmie
|-damage|p2a: Starmie|9/100
|
|t:|1736399372
|switch|p1a: I<3Latios|Tyranitar, F|100/100|[from] U-turn
|-weather|Sandstorm|[from] ability: Sand Stream|[of] p1a: I<3Latios
|
|-weather|Sandstorm|[upkeep]
|-damage|p2a: Starmie|2/100|[from] Sandstorm
|upkeep
|turn|9
|
|t:|1736399382
|switch|p1a: #StopBreloom|Amoonguss, M|100/100
|move|p2a: Starmie|Hydro Pump|p1a: #StopBreloom
|-resisted|p1a: #StopBreloom
|-crit|p1a: #StopBreloom
|-damage|p1a: #StopBreloom|41/100
|
|-weather|Sandstorm|[upkeep]
|-damage|p2a: Starmie|0 fnt|[from] Sandstorm
|-damage|p1a: #StopBreloom|35/100|[from] Sandstorm
|faint|p2a: Starmie
|-heal|p1a: #StopBreloom|41/100|[from] item: Black Sludge
|upkeep
|
|t:|1736399390
|switch|p2a: Jirachi|Jirachi|100/100
|turn|10
|
|t:|1736399395
|move|p2a: Jirachi|Hidden Power|p1a: #StopBreloom
|-supereffective|p1a: #StopBreloom
|-damage|p1a: #StopBreloom|0 fnt
|faint|p1a: #StopBreloom
|
|-weather|Sandstorm|[upkeep]
|upkeep
|
|t:|1736399418
|switch|p1a: I<3Latios|Tyranitar, F|100/100
|turn|11
|
|t:|1736399425
|switch|p2a: Landorus|Landorus-Therian, M|100/100
|-ability|p2a: Landorus|Intimidate|boost
|-unboost|p1a: I<3Latios|atk|1
|switch|p1a: Hydreigon|Hydreigon, F, shiny|81/100
|
|-weather|Sandstorm|[upkeep]
|-damage|p1a: Hydreigon|75/100|[from] Sandstorm
|upkeep
|turn|12
|
|t:|1736399440
|move|p1a: Hydreigon|Draco Meteor|p2a: Landorus
|-damage|p2a: Landorus|0 fnt
|-unboost|p1a: Hydreigon|spa|2
|faint|p2a: Landorus
|-damage|p1a: Hydreigon|65/100|[from] item: Life Orb
|
|-weather|Sandstorm|[upkeep]
|-damage|p1a: Hydreigon|59/100|[from] Sandstorm
|upkeep
|
|t:|1736399454
|switch|p2a: Excadrill|Excadrill, F, shiny|100/100
|-ability|p2a: Excadrill|Mold Breaker
|turn|13
|
|t:|1736399474
|switch|p1a: #NoAlakazam|Jirachi|64/100
|move|p2a: Excadrill|Earthquake|p1a: #NoAlakazam
|-supereffective|p1a: #NoAlakazam
|-damage|p1a: #NoAlakazam|0 fnt
|faint|p1a: #NoAlakazam
|
|-weather|Sandstorm|[upkeep]
|upkeep
|
|t:|1736399478
|switch|p1a: #StopTerrakion|Golurk|100/100
|turn|14
|c|☆Tubberknuckles|Name checks out lol
|c|☆HydreigonSpammer|xd
|
|t:|1736399499
|move|p2a: Excadrill|Iron Head|p1a: #StopTerrakion
|-damage|p1a: #StopTerrakion|66/100
|cant|p1a: #StopTerrakion|flinch
|
|-weather|Sandstorm|[upkeep]
|-heal|p1a: #StopTerrakion|72/100|[from] item: Leftovers
|upkeep
|turn|15
|
|t:|1736399510
|move|p2a: Excadrill|Iron Head|p1a: #StopTerrakion
|-damage|p1a: #StopTerrakion|37/100
|move|p1a: #StopTerrakion|Earthquake|p2a: Excadrill
|-supereffective|p2a: Excadrill
|-damage|p2a: Excadrill|0 fnt
|faint|p2a: Excadrill
|
|-weather|Sandstorm|[upkeep]
|-heal|p1a: #StopTerrakion|43/100|[from] item: Leftovers
|upkeep
|
|t:|1736399517
|switch|p2a: Tyranitar|Tyranitar, M|100/100
|turn|16
|
|t:|1736399521
|move|p2a: Tyranitar|Crunch|p1a: #StopTerrakion
|-supereffective|p1a: #StopTerrakion
|-damage|p1a: #StopTerrakion|0 fnt
|faint|p1a: #StopTerrakion
|
|-weather|Sandstorm|[upkeep]
|upkeep
|
|t:|1736399530
|switch|p1a: I<3Latios|Tyranitar, F|100/100
|turn|17
|
|t:|1736399533
|switch|p2a: Jirachi|Jirachi|100/100
|move|p1a: I<3Latios|Superpower|p2a: Jirachi
|-damage|p2a: Jirachi|35/100
|-unboost|p1a: I<3Latios|atk|1
|-unboost|p1a: I<3Latios|def|1
|
|-weather|Sandstorm|[upkeep]
|upkeep
|turn|18
|
|t:|1736399550
|switch|p1a: Hydreigon|Hydreigon, F, shiny|59/100
|move|p2a: Jirachi|Energy Ball|p1a: Hydreigon
|-resisted|p1a: Hydreigon
|-damage|p1a: Hydreigon|44/100
|
|-weather|Sandstorm|[upkeep]
|-damage|p1a: Hydreigon|38/100|[from] Sandstorm
|upkeep
|turn|19
|
|t:|1736399554
|move|p2a: Jirachi|Energy Ball|p1a: Hydreigon
|-resisted|p1a: Hydreigon
|-damage|p1a: Hydreigon|24/100
|move|p1a: Hydreigon|Roost|p1a: Hydreigon
|-heal|p1a: Hydreigon|75/100
|-singleturn|p1a: Hydreigon|move: Roost
|
|-weather|Sandstorm|[upkeep]
|-damage|p1a: Hydreigon|68/100|[from] Sandstorm
|upkeep
|turn|20
|
|t:|1736399560
|move|p2a: Jirachi|Energy Ball|p1a: Hydreigon
|-resisted|p1a: Hydreigon
|-damage|p1a: Hydreigon|53/100
|-unboost|p1a: Hydreigon|spd|1
|move|p1a: Hydreigon|Earth Power|p2a: Jirachi
|-supereffective|p2a: Jirachi
|-damage|p2a: Jirachi|0 fnt
|faint|p2a: Jirachi
|-damage|p1a: Hydreigon|44/100|[from] item: Life Orb
|
|-weather|Sandstorm|[upkeep]
|-damage|p1a: Hydreigon|37/100|[from] Sandstorm
|upkeep
|
|t:|1736399567
|switch|p2a: Tyranitar|Tyranitar, M|100/100
|turn|21
|
|t:|1736399582
|move|p2a: Tyranitar|Crunch|p1a: Hydreigon
|-resisted|p1a: Hydreigon
|-damage|p1a: Hydreigon|12/100
|-unboost|p1a: Hydreigon|def|1
|move|p1a: Hydreigon|Earth Power|p2a: Tyranitar
|-supereffective|p2a: Tyranitar
|-damage|p2a: Tyranitar|43/100
|-damage|p1a: Hydreigon|2/100|[from] item: Life Orb
|
|-weather|Sandstorm|[upkeep]
|-damage|p1a: Hydreigon|0 fnt|[from] Sandstorm
|faint|p1a: Hydreigon
|upkeep
|
|t:|1736399587
|switch|p1a: I<3Latios|Tyranitar, F|100/100
|turn|22
|c|☆Tubberknuckles|Ggs
|
|t:|1736399597
|move|p2a: Tyranitar|Crunch|p1a: I<3Latios
|-resisted|p1a: I<3Latios
|-damage|p1a: I<3Latios|81/100
|move|p1a: I<3Latios|Superpower|p2a: Tyranitar
|-supereffective|p2a: Tyranitar
|-damage|p2a: Tyranitar|0 fnt
|-unboost|p1a: I<3Latios|atk|1
|-unboost|p1a: I<3Latios|def|1
|faint|p2a: Tyranitar
|
|win|HydreigonSpammer
|raw|HydreigonSpammer's rating: 1414 &rarr; <strong>1432</strong><br />(+18 for winning)
|raw|Tubberknuckles's rating: 1387 &rarr; <strong>1369</strong><br />(-18 for losing)
|c|☆HydreigonSpammer|gg
