|j|☆el poeta
|j|☆bxh yy cy
|t:|1743866349
|gametype|singles
|player|p1|el poeta|fantina|1481
|player|p2|bxh yy cy|lillie-masters|1416
|teamsize|p1|6
|teamsize|p2|6
|gen|5
|tier|[Gen 5] OU
|rated|
|rule|Species Clause: Limit one of each Pokémon
|rule|OHKO Clause: OHKO moves are banned
|rule|Moody Clause: Moody is banned
|rule|Evasion Items Clause: Evasion items are banned
|rule|Evasion Moves Clause: Evasion moves are banned
|rule|Endless Battle Clause: Forcing endless battles is banned
|rule|HP Percentage Mod: HP is shown in percentages
|rule|Evasion Abilities Clause: Evasion abilities are banned
|rule|Sleep Moves Clause: Sleep-inducing moves are banned
|rule|Swagger Clause: Swagger is banned
|rule|Baton Pass Stat Clause: No Baton Passer may have a way to boost its stats
|clearpoke
|poke|p1|Tyranitar, F|item
|poke|p1|Landorus-Therian, M|item
|poke|p1|Jirachi|item
|poke|p1|Latios, M|item
|poke|p1|Terrakion|item
|poke|p1|Rotom-Wash|item
|poke|p2|Politoed, M|item
|poke|p2|Starmie|item
|poke|p2|Latios, M|item
|poke|p2|Gyarados, M|item
|poke|p2|Metagross|item
|poke|p2|Scizor, F|item
|teampreview
|inactive|Battle timer is ON: inactive players will automatically lose when time's up. (requested by el poeta)
|
|t:|1743866364
|start
|switch|p1a: Terrakion|Terrakion|100/100
|switch|p2a: Metagross|Metagross|100/100
|turn|1
|inactive|el poeta has 120 seconds left.
|
|t:|1743866396
|move|p1a: Terrakion|Close Combat|p2a: Metagross
|-damage|p2a: Metagross|40/100
|-unboost|p1a: Terrakion|def|1
|-unboost|p1a: Terrakion|spd|1
|-damage|p1a: Terrakion|91/100|[from] item: Life Orb
|move|p2a: Metagross|Stealth Rock|p1a: Terrakion
|-sidestart|p1: el poeta|move: Stealth Rock
|
|upkeep
|turn|2
|
|t:|1743866404
|switch|p2a: Gyarados|Gyarados, M|100/100
|-ability|p2a: Gyarados|Intimidate|boost
|-unboost|p1a: Terrakion|atk|1
|move|p1a: Terrakion|Stone Edge|p2a: Gyarados
|-supereffective|p2a: Gyarados
|-damage|p2a: Gyarados|0 fnt
|faint|p2a: Gyarados
|-damage|p1a: Terrakion|81/100|[from] item: Life Orb
|
|upkeep
|
|t:|1743866431
|switch|p2a: Politoed|Politoed, M|100/100
|-weather|RainDance|[from] ability: Drizzle|[of] p2a: Politoed
|turn|3
|
|t:|1743866435
|move|p1a: Terrakion|Close Combat|p2a: Politoed
|-damage|p2a: Politoed|23/100
|-unboost|p1a: Terrakion|def|1
|-unboost|p1a: Terrakion|spd|1
|-damage|p1a: Terrakion|71/100|[from] item: Life Orb
|move|p2a: Politoed|Scald|p1a: Terrakion
|-supereffective|p1a: Terrakion
|-damage|p1a: Terrakion|0 fnt
|faint|p1a: Terrakion
|
|-weather|RainDance|[upkeep]
|-heal|p2a: Politoed|29/100|[from] item: Leftovers
|upkeep
|
|t:|1743866440
|switch|p1a: Rotom|Rotom-Wash|100/100
|-damage|p1a: Rotom|88/100|[from] Stealth Rock
|turn|4
|
|t:|1743866445
|move|p2a: Politoed|Protect|p2a: Politoed
|-singleturn|p2a: Politoed|Protect
|move|p1a: Rotom|Volt Switch|p2a: Politoed
|-activate|p2a: Politoed|move: Protect
|
|-weather|RainDance|[upkeep]
|-heal|p2a: Politoed|35/100|[from] item: Leftovers
|-heal|p1a: Rotom|94/100|[from] item: Leftovers
|upkeep
|turn|5
|
|t:|1743866457
|switch|p2a: Metagross|Metagross|40/100
|move|p1a: Rotom|Hydro Pump|p2a: Metagross|[miss]
|-miss|p1a: Rotom|p2a: Metagross
|
|-weather|RainDance|[upkeep]
|-heal|p1a: Rotom|100/100|[from] item: Leftovers
|upkeep
|turn|6
|
|t:|1743866474
|switch|p2a: Latios|Latios, M|100/100
|move|p1a: Rotom|Hydro Pump|p2a: Latios
|-resisted|p2a: Latios
|-damage|p2a: Latios|52/100
|
|-weather|RainDance|[upkeep]
|upkeep
|turn|7
|
|t:|1743866484
|switch|p1a: Tyranitar|Tyranitar, F|100/100
|-damage|p1a: Tyranitar|88/100|[from] Stealth Rock
|-weather|Sandstorm|[from] ability: Sand Stream|[of] p1a: Tyranitar
|move|p2a: Latios|Thunder|p1a: Tyranitar
|-damage|p1a: Tyranitar|67/100
|
|-weather|Sandstorm|[upkeep]
|-damage|p2a: Latios|46/100|[from] Sandstorm
|upkeep
|turn|8
|
|t:|1743866491
|-activate|p2a: Latios|move: Pursuit
|move|p1a: Tyranitar|Pursuit|p2a: Latios|[from] Pursuit
|-supereffective|p2a: Latios
|-damage|p2a: Latios|0 fnt
|faint|p2a: Latios
|-hint|A Pokemon can't switch between when it runs out of HP and when it faints
|
|-weather|Sandstorm|[upkeep]
|upkeep
|
|t:|1743866494
|switch|p2a: Politoed|Politoed, M|35/100
|-weather|RainDance|[from] ability: Drizzle|[of] p2a: Politoed
|turn|9
|
|t:|1743866500
|switch|p1a: Rotom|Rotom-Wash|100/100
|-damage|p1a: Rotom|88/100|[from] Stealth Rock
|move|p2a: Politoed|Toxic|p1a: Rotom
|-status|p1a: Rotom|tox
|
|-weather|RainDance|[upkeep]
|-heal|p2a: Politoed|41/100|[from] item: Leftovers
|-heal|p1a: Rotom|94/100 tox|[from] item: Leftovers
|-damage|p1a: Rotom|88/100 tox|[from] psn
|upkeep
|turn|10
|
|t:|1743866505
|move|p2a: Politoed|Protect|p2a: Politoed
|-singleturn|p2a: Politoed|Protect
|move|p1a: Rotom|Volt Switch|p2a: Politoed
|-activate|p2a: Politoed|move: Protect
|
|-weather|RainDance|[upkeep]
|-heal|p2a: Politoed|48/100|[from] item: Leftovers
|-heal|p1a: Rotom|94/100 tox|[from] item: Leftovers
|-damage|p1a: Rotom|82/100 tox|[from] psn
|upkeep
|turn|11
|
|t:|1743866525
|move|p2a: Politoed|Encore|p1a: Rotom
|-start|p1a: Rotom|Encore
|move|p1a: Rotom|Volt Switch|p2a: Politoed
|-supereffective|p2a: Politoed
|-damage|p2a: Politoed|0 fnt
|faint|p2a: Politoed
|
|t:|1743866535
|switch|p1a: Latios|Latios, M|100/100|[from] Volt Switch
|-damage|p1a: Latios|88/100|[from] Stealth Rock
|
|-weather|RainDance|[upkeep]
|upkeep
|
|t:|1743866540
|switch|p2a: Scizor|Scizor, F|100/100
|turn|12
|
|t:|1743866543
|move|p2a: Scizor|Bullet Punch|p1a: Latios
|-damage|p1a: Latios|15/100
|move|p1a: Latios|Surf|p2a: Scizor
|-damage|p2a: Scizor|17/100
|
|-weather|RainDance|[upkeep]
|upkeep
|turn|13
|
|t:|1743866550
|move|p2a: Scizor|Bullet Punch|p1a: Latios
|-damage|p1a: Latios|0 fnt
|faint|p1a: Latios
|
|-weather|RainDance|[upkeep]
|upkeep
|
|t:|1743866552
|switch|p1a: Landorus|Landorus-Therian, M|100/100
|-damage|p1a: Landorus|88/100|[from] Stealth Rock
|-ability|p1a: Landorus|Intimidate|boost
|-unboost|p2a: Scizor|atk|1
|turn|14
|
|t:|1743866559
|switch|p2a: Metagross|Metagross|40/100
|move|p1a: Landorus|Earthquake|p2a: Metagross
|-supereffective|p2a: Metagross
|-damage|p2a: Metagross|0 fnt
|faint|p2a: Metagross
|
|-weather|RainDance|[upkeep]
|upkeep
|
|t:|1743866563
|switch|p2a: Starmie|Starmie|100/100
|turn|15
|
|t:|1743866567
|switch|p1a: Tyranitar|Tyranitar, F|67/100
|-damage|p1a: Tyranitar|54/100|[from] Stealth Rock
|-weather|Sandstorm|[from] ability: Sand Stream|[of] p1a: Tyranitar
|move|p2a: Starmie|Ice Beam|p1a: Tyranitar
|-damage|p1a: Tyranitar|32/100
|-damage|p2a: Starmie|91/100|[from] item: Life Orb
|
|-weather|Sandstorm|[upkeep]
|-damage|p2a: Starmie|84/100|[from] Sandstorm
|upkeep
|turn|16
|
|t:|1743866571
|move|p2a: Starmie|Hydro Pump|p1a: Tyranitar
|-supereffective|p1a: Tyranitar
|-damage|p1a: Tyranitar|0 fnt
|faint|p1a: Tyranitar
|-damage|p2a: Starmie|74/100|[from] item: Life Orb
|
|-weather|Sandstorm|[upkeep]
|-damage|p2a: Starmie|68/100|[from] Sandstorm
|upkeep
|
|t:|1743866575
|switch|p1a: Rotom|Rotom-Wash|82/100 tox
|-damage|p1a: Rotom|69/100 tox|[from] Stealth Rock
|turn|17
|j| Blaise BWOU
|
|t:|1743866578
|switch|p2a: Scizor|Scizor, F|17/100
|move|p1a: Rotom|Volt Switch|p2a: Scizor
|-crit|p2a: Scizor
|-damage|p2a: Scizor|0 fnt
|faint|p2a: Scizor
|
|t:|1743866581
|switch|p1a: Landorus|Landorus-Therian, M|88/100|[from] Volt Switch
|-damage|p1a: Landorus|76/100|[from] Stealth Rock
|
|-weather|Sandstorm|[upkeep]
|upkeep
|c|☆el poeta|gg
|
|t:|1743866585
|switch|p2a: Starmie|Starmie|68/100
|turn|18
|
|t:|1743866588
|move|p1a: Landorus|Earthquake|p2a: Starmie
|-damage|p2a: Starmie|0 fnt
|faint|p2a: Starmie
|
|win|el poeta
|raw|el poeta's rating: 1481 &rarr; <strong>1497</strong><br />(+16 for winning)
|raw|bxh yy cy's rating: 1416 &rarr; <strong>1400</strong><br />(-16 for losing)
|l|☆el poeta
|player|p1|
|l|☆bxh yy cy
|player|p2|
