|uhtml|medal-msg|<div class="broadcast-blue">Curious what those medals under the avatar are? PS now has Ladder Seasons! For more information, check out the <a href="https://www.smogon.com/forums/threads/3740067/">thread on Smogon.</a></div>
|uhtml|medal-msg|<div class="broadcast-blue">Curious what those medals under the avatar are? PS now has Ladder Seasons! For more information, check out the <a href="https://www.smogon.com/forums/threads/3740067/">thread on Smogon.</a></div>
|j|☆Auxplr
|j|☆Ddgjnbcx
|t:|1713718983
|gametype|singles
|player|p1|Auxplr|102|1326
|player|p2|Ddgjnbcx|2|1518
|teamsize|p1|6
|teamsize|p2|6
|gen|5
|tier|[Gen 5] OU
|rated|
|rule|Species Clause: Limit one of each Pokémon
|rule|OHKO Clause: OHKO moves are banned
|rule|Moody Clause: Moody is banned
|rule|Evasion Items Clause: Evasion items are banned
|rule|Evasion Moves Clause: Evasion moves are banned
|rule|Endless Battle Clause: Forcing endless battles is banned
|rule|HP Percentage Mod: HP is shown in percentages
|rule|Evasion Abilities Clause: Evasion abilities are banned
|rule|Sleep Moves Clause: Sleep-inducing moves are banned
|rule|Swagger Clause: Swagger is banned
|rule|Baton Pass Stat Clause: No Baton Passer may have a way to boost its stats
|clearpoke
|poke|p1|Jirachi|item
|poke|p1|Dragonite, M|item
|poke|p1|Magnezone|item
|poke|p1|Starmie|item
|poke|p1|Kyurem-Black|item
|poke|p1|Garchomp, F|item
|poke|p2|Keldeo|item
|poke|p2|Terrakion|item
|poke|p2|Scizor, F|item
|poke|p2|Celebi|item
|poke|p2|Landorus-Therian, M|item
|poke|p2|Rotom-Wash|item
|teampreview
|inactive|Battle timer is ON: inactive players will automatically lose when time's up. (requested by Ddgjnbcx)
|
|t:|1713718992
|start
|switch|p1a: Jirachi|Jirachi|100/100
|switch|p2a: Landorus|Landorus-Therian, M|100/100
|-ability|p2a: Landorus|Intimidate|boost
|-unboost|p1a: Jirachi|atk|1
|turn|1
|
|t:|1713718999
|switch|p2a: Rotom|Rotom-Wash|100/100
|move|p1a: Jirachi|Icy Wind|p2a: Rotom
|-resisted|p2a: Rotom
|-crit|p2a: Rotom
|-damage|p2a: Rotom|87/100
|-unboost|p2a: Rotom|spe|1
|
|upkeep
|turn|2
|
|t:|1713719005
|move|p1a: Jirachi|Stealth Rock|p2a: Rotom
|-sidestart|p2: Ddgjnbcx|move: Stealth Rock
|move|p2a: Rotom|Trick|p1a: Jirachi
|-activate|p2a: Rotom|move: Trick|[of] p1a: Jirachi
|-item|p1a: Jirachi|Choice Specs|[from] move: Trick
|-item|p2a: Rotom|Leftovers|[from] move: Trick
|
|-heal|p2a: Rotom|93/100|[from] item: Leftovers
|upkeep
|turn|3
|
|t:|1713719013
|move|p1a: Jirachi|Thunder|p2a: Rotom|[miss]
|-miss|p1a: Jirachi|p2a: Rotom
|move|p2a: Rotom|Will-O-Wisp|p1a: Jirachi
|-status|p1a: Jirachi|brn
|
|-heal|p2a: Rotom|99/100|[from] item: Leftovers
|-damage|p1a: Jirachi|88/100 brn|[from] brn
|upkeep
|turn|4
|
|t:|1713719020
|switch|p2a: Landorus|Landorus-Therian, M|100/100
|-damage|p2a: Landorus|88/100|[from] Stealth Rock
|-ability|p2a: Landorus|Intimidate|boost
|-unboost|p1a: Jirachi|atk|1
|move|p1a: Jirachi|Thunder|p2a: Landorus
|-immune|p2a: Landorus
|
|-damage|p1a: Jirachi|76/100 brn|[from] brn
|upkeep
|turn|5
|
|t:|1713719027
|switch|p1a: Magnezone|Magnezone|100/100
|-item|p1a: Magnezone|Air Balloon
|move|p2a: Landorus|Stealth Rock|p1a: Magnezone
|-sidestart|p1: Auxplr|move: Stealth Rock
|
|upkeep
|turn|6
|
|t:|1713719037
|switch|p1a: Starmie|Starmie|100/100
|-damage|p1a: Starmie|88/100|[from] Stealth Rock
|-item|p1a: Starmie|Air Balloon
|move|p2a: Landorus|U-turn|p1a: Starmie
|-supereffective|p1a: Starmie
|-damage|p1a: Starmie|23/100
|-enditem|p1a: Starmie|Air Balloon
|
|t:|1713719039
|switch|p2a: Scizor|Scizor, F|100/100|[from] U-turn
|-damage|p2a: Scizor|88/100|[from] Stealth Rock
|
|upkeep
|turn|7
|
|t:|1713719046
|switch|p1a: Magnezone|Magnezone|100/100
|-damage|p1a: Magnezone|94/100|[from] Stealth Rock
|-item|p1a: Magnezone|Air Balloon
|move|p2a: Scizor|U-turn|p1a: Magnezone
|-resisted|p1a: Magnezone
|-damage|p1a: Magnezone|76/100
|-enditem|p1a: Magnezone|Air Balloon
|
|t:|1713719054
|switch|p2a: Landorus|Landorus-Therian, M|88/100|[from] U-turn
|-damage|p2a: Landorus|76/100|[from] Stealth Rock
|-ability|p2a: Landorus|Intimidate|boost
|-unboost|p1a: Magnezone|atk|1
|
|upkeep
|turn|8
|
|t:|1713719063
|move|p2a: Landorus|Earthquake|p1a: Magnezone
|-supereffective|p1a: Magnezone
|-damage|p1a: Magnezone|0 fnt
|faint|p1a: Magnezone
|
|upkeep
|
|t:|1713719067
|switch|p1a: Starmie|Starmie|23/100
|-damage|p1a: Starmie|11/100|[from] Stealth Rock
|turn|9
|
|t:|1713719072
|switch|p2a: Scizor|Scizor, F|88/100
|-damage|p2a: Scizor|76/100|[from] Stealth Rock
|move|p1a: Starmie|Rapid Spin|p2a: Scizor
|-resisted|p2a: Scizor
|-damage|p2a: Scizor|73/100
|-sideend|p1: Auxplr|Stealth Rock|[from] move: Rapid Spin|[of] p1a: Starmie
|
|upkeep
|turn|10
|
|t:|1713719078
|move|p2a: Scizor|U-turn|p1a: Starmie
|-supereffective|p1a: Starmie
|-damage|p1a: Starmie|0 fnt
|faint|p1a: Starmie
|
|t:|1713719084
|switch|p2a: Rotom|Rotom-Wash|99/100|[from] U-turn
|-damage|p2a: Rotom|87/100|[from] Stealth Rock
|
|-heal|p2a: Rotom|93/100|[from] item: Leftovers
|upkeep
|
|t:|1713719088
|switch|p1a: Kyurem|Kyurem-Black|100/100
|-ability|p1a: Kyurem|Teravolt
|turn|11
|
|t:|1713719094
|move|p1a: Kyurem|Outrage|p2a: Rotom
|-damage|p2a: Rotom|0 fnt
|faint|p2a: Rotom
|
|upkeep
|
|t:|1713719104
|switch|p2a: Terrakion|Terrakion|100/100
|-damage|p2a: Terrakion|94/100|[from] Stealth Rock
|turn|12
|
|t:|1713719105
|move|p2a: Terrakion|Close Combat|p1a: Kyurem
|-supereffective|p1a: Kyurem
|-damage|p1a: Kyurem|0 fnt
|-unboost|p2a: Terrakion|def|1
|-unboost|p2a: Terrakion|spd|1
|faint|p1a: Kyurem
|
|upkeep
|
|t:|1713719113
|switch|p1a: Dragonite|Dragonite, M|100/100
|turn|13
|
|t:|1713719115
|switch|p2a: Landorus|Landorus-Therian, M|76/100
|-damage|p2a: Landorus|63/100|[from] Stealth Rock
|-ability|p2a: Landorus|Intimidate|boost
|-unboost|p1a: Dragonite|atk|1
|move|p1a: Dragonite|Substitute|p1a: Dragonite
|-start|p1a: Dragonite|Substitute
|-damage|p1a: Dragonite|76/100
|
|-heal|p1a: Dragonite|82/100|[from] item: Leftovers
|upkeep
|turn|14
|
|t:|1713719119
|move|p2a: Landorus|Hidden Power|p1a: Dragonite
|-supereffective|p1a: Dragonite
|-end|p1a: Dragonite|Substitute
|move|p1a: Dragonite|Dragon Dance|p1a: Dragonite
|-boost|p1a: Dragonite|atk|1
|-boost|p1a: Dragonite|spe|1
|
|-heal|p1a: Dragonite|88/100|[from] item: Leftovers
|upkeep
|turn|15
|
|t:|1713719123
|move|p1a: Dragonite|Roost|p1a: Dragonite
|-heal|p1a: Dragonite|100/100
|-singleturn|p1a: Dragonite|move: Roost
|move|p2a: Landorus|Hidden Power|p1a: Dragonite
|-supereffective|p1a: Dragonite
|-damage|p1a: Dragonite|86/100
|
|-heal|p1a: Dragonite|92/100|[from] item: Leftovers
|upkeep
|turn|16
|
|t:|1713719132
|move|p1a: Dragonite|Substitute|p1a: Dragonite
|-start|p1a: Dragonite|Substitute
|-damage|p1a: Dragonite|68/100
|move|p2a: Landorus|Hidden Power|p1a: Dragonite
|-supereffective|p1a: Dragonite
|-end|p1a: Dragonite|Substitute
|
|-heal|p1a: Dragonite|74/100|[from] item: Leftovers
|upkeep
|turn|17
|
|t:|1713719145
|move|p1a: Dragonite|Substitute|p1a: Dragonite
|-start|p1a: Dragonite|Substitute
|-damage|p1a: Dragonite|49/100
|move|p2a: Landorus|Hidden Power|p1a: Dragonite
|-supereffective|p1a: Dragonite
|-end|p1a: Dragonite|Substitute
|
|-heal|p1a: Dragonite|55/100|[from] item: Leftovers
|upkeep
|turn|18
|
|t:|1713719150
|move|p1a: Dragonite|Roost|p1a: Dragonite
|-heal|p1a: Dragonite|100/100
|-singleturn|p1a: Dragonite|move: Roost
|move|p2a: Landorus|Hidden Power|p1a: Dragonite
|-supereffective|p1a: Dragonite
|-damage|p1a: Dragonite|86/100
|
|-heal|p1a: Dragonite|92/100|[from] item: Leftovers
|upkeep
|turn|19
|
|t:|1713719155
|move|p1a: Dragonite|Substitute|p1a: Dragonite
|-start|p1a: Dragonite|Substitute
|-damage|p1a: Dragonite|67/100
|move|p2a: Landorus|Hidden Power|p1a: Dragonite
|-supereffective|p1a: Dragonite
|-end|p1a: Dragonite|Substitute
|
|-heal|p1a: Dragonite|74/100|[from] item: Leftovers
|upkeep
|turn|20
|
|t:|1713719162
|move|p1a: Dragonite|Substitute|p1a: Dragonite
|-start|p1a: Dragonite|Substitute
|-damage|p1a: Dragonite|49/100
|move|p2a: Landorus|Hidden Power|p1a: Dragonite
|-supereffective|p1a: Dragonite
|-end|p1a: Dragonite|Substitute
|
|-heal|p1a: Dragonite|55/100|[from] item: Leftovers
|upkeep
|turn|21
|
|t:|1713719168
|move|p1a: Dragonite|Roost|p1a: Dragonite
|-heal|p1a: Dragonite|100/100
|-singleturn|p1a: Dragonite|move: Roost
|move|p2a: Landorus|Hidden Power|p1a: Dragonite
|-supereffective|p1a: Dragonite
|-damage|p1a: Dragonite|87/100
|
|-heal|p1a: Dragonite|94/100|[from] item: Leftovers
|upkeep
|turn|22
|
|t:|1713719181
|move|p1a: Dragonite|Substitute|p1a: Dragonite
|-start|p1a: Dragonite|Substitute
|-damage|p1a: Dragonite|69/100
|move|p2a: Landorus|Hidden Power|p1a: Dragonite
|-supereffective|p1a: Dragonite
|-end|p1a: Dragonite|Substitute
|
|-heal|p1a: Dragonite|75/100|[from] item: Leftovers
|upkeep
|turn|23
|
|t:|1713719186
|move|p1a: Dragonite|Substitute|p1a: Dragonite
|-start|p1a: Dragonite|Substitute
|-damage|p1a: Dragonite|50/100
|move|p2a: Landorus|Hidden Power|p1a: Dragonite
|-supereffective|p1a: Dragonite
|-end|p1a: Dragonite|Substitute
|
|-heal|p1a: Dragonite|56/100|[from] item: Leftovers
|upkeep
|turn|24
|
|t:|1713719188
|move|p1a: Dragonite|Roost|p1a: Dragonite
|-heal|p1a: Dragonite|100/100
|-singleturn|p1a: Dragonite|move: Roost
|move|p2a: Landorus|U-turn|p1a: Dragonite
|-damage|p1a: Dragonite|91/100
|
|t:|1713719193
|switch|p2a: Terrakion|Terrakion|94/100|[from] U-turn
|-damage|p2a: Terrakion|88/100|[from] Stealth Rock
|
|-heal|p1a: Dragonite|97/100|[from] item: Leftovers
|upkeep
|turn|25
|
|t:|1713719198
|move|p2a: Terrakion|Stone Edge|p1a: Dragonite|[miss]
|-miss|p2a: Terrakion|p1a: Dragonite
|move|p1a: Dragonite|Substitute|p1a: Dragonite
|-start|p1a: Dragonite|Substitute
|-damage|p1a: Dragonite|73/100
|
|-heal|p1a: Dragonite|79/100|[from] item: Leftovers
|upkeep
|turn|26
|
|t:|1713719202
|move|p2a: Terrakion|Stone Edge|p1a: Dragonite|[miss]
|-miss|p2a: Terrakion|p1a: Dragonite
|move|p1a: Dragonite|Dragon Dance|p1a: Dragonite
|-boost|p1a: Dragonite|atk|1
|-boost|p1a: Dragonite|spe|1
|
|-heal|p1a: Dragonite|85/100|[from] item: Leftovers
|upkeep
|turn|27
|c|☆Ddgjnbcx|Oh no
|
|t:|1713719207
|move|p2a: Terrakion|Stone Edge|p1a: Dragonite
|-supereffective|p1a: Dragonite
|-end|p1a: Dragonite|Substitute
|move|p1a: Dragonite|Roost|p1a: Dragonite
|-heal|p1a: Dragonite|100/100
|-singleturn|p1a: Dragonite|move: Roost
|
|upkeep
|turn|28
|
|t:|1713719214
|switch|p2a: Landorus|Landorus-Therian, M|63/100
|-damage|p2a: Landorus|51/100|[from] Stealth Rock
|-ability|p2a: Landorus|Intimidate|boost
|-unboost|p1a: Dragonite|atk|1
|move|p1a: Dragonite|Dragon Dance|p1a: Dragonite
|-boost|p1a: Dragonite|atk|1
|-boost|p1a: Dragonite|spe|1
|
|upkeep
|turn|29
|c|☆Auxplr|Oh no
|
|t:|1713719230
|move|p1a: Dragonite|Dragon Dance|p1a: Dragonite
|-boost|p1a: Dragonite|atk|1
|-boost|p1a: Dragonite|spe|1
|move|p2a: Landorus|Hidden Power|p1a: Dragonite
|-supereffective|p1a: Dragonite
|-damage|p1a: Dragonite|74/100
|
|-heal|p1a: Dragonite|80/100|[from] item: Leftovers
|upkeep
|turn|30
|
|t:|1713719240
|move|p1a: Dragonite|Roost|p1a: Dragonite
|-heal|p1a: Dragonite|100/100
|-singleturn|p1a: Dragonite|move: Roost
|move|p2a: Landorus|Hidden Power|p1a: Dragonite
|-supereffective|p1a: Dragonite
|-damage|p1a: Dragonite|87/100
|
|-heal|p1a: Dragonite|93/100|[from] item: Leftovers
|upkeep
|turn|31
|c|☆Auxplr|Oh yes
|
|t:|1713719270
|move|p1a: Dragonite|Substitute|p1a: Dragonite
|-start|p1a: Dragonite|Substitute
|-damage|p1a: Dragonite|68/100
|move|p2a: Landorus|Hidden Power|p1a: Dragonite
|-supereffective|p1a: Dragonite
|-end|p1a: Dragonite|Substitute
|
|-heal|p1a: Dragonite|74/100|[from] item: Leftovers
|upkeep
|turn|32
|
|t:|1713719276
|move|p1a: Dragonite|Substitute|p1a: Dragonite
|-start|p1a: Dragonite|Substitute
|-damage|p1a: Dragonite|49/100
|move|p2a: Landorus|Hidden Power|p1a: Dragonite
|-supereffective|p1a: Dragonite
|-end|p1a: Dragonite|Substitute
|
|-heal|p1a: Dragonite|56/100|[from] item: Leftovers
|upkeep
|turn|33
|
|t:|1713719290
|move|p1a: Dragonite|Roost|p1a: Dragonite
|-heal|p1a: Dragonite|100/100
|-singleturn|p1a: Dragonite|move: Roost
|move|p2a: Landorus|U-turn|p1a: Dragonite
|-crit|p1a: Dragonite
|-damage|p1a: Dragonite|82/100
|
|t:|1713719301
|switch|p2a: Terrakion|Terrakion|88/100|[from] U-turn
|-damage|p2a: Terrakion|82/100|[from] Stealth Rock
|
|-heal|p1a: Dragonite|88/100|[from] item: Leftovers
|upkeep
|turn|34
|
|t:|1713719308
|move|p1a: Dragonite|Substitute|p1a: Dragonite
|-start|p1a: Dragonite|Substitute
|-damage|p1a: Dragonite|63/100
|move|p2a: Terrakion|Stone Edge|p1a: Dragonite
|-supereffective|p1a: Dragonite
|-end|p1a: Dragonite|Substitute
|
|-heal|p1a: Dragonite|70/100|[from] item: Leftovers
|upkeep
|turn|35
|
|t:|1713719317
|move|p1a: Dragonite|Roost|p1a: Dragonite
|-heal|p1a: Dragonite|100/100
|-singleturn|p1a: Dragonite|move: Roost
|move|p2a: Terrakion|Stone Edge|p1a: Dragonite
|-damage|p1a: Dragonite|80/100
|
|-heal|p1a: Dragonite|87/100|[from] item: Leftovers
|upkeep
|turn|36
|
|t:|1713719326
|move|p1a: Dragonite|Substitute|p1a: Dragonite
|-start|p1a: Dragonite|Substitute
|-damage|p1a: Dragonite|62/100
|move|p2a: Terrakion|Stone Edge|p1a: Dragonite|[miss]
|-miss|p2a: Terrakion|p1a: Dragonite
|
|-heal|p1a: Dragonite|68/100|[from] item: Leftovers
|upkeep
|turn|37
|
|t:|1713719330
|move|p1a: Dragonite|Roost|p1a: Dragonite
|-heal|p1a: Dragonite|100/100
|-singleturn|p1a: Dragonite|move: Roost
|move|p2a: Terrakion|Stone Edge|p1a: Dragonite
|-activate|p1a: Dragonite|Substitute|[damage]
|
|upkeep
|turn|38
|
|t:|1713719336
|move|p1a: Dragonite|Dragon Dance|p1a: Dragonite
|-boost|p1a: Dragonite|atk|1
|-boost|p1a: Dragonite|spe|1
|move|p2a: Terrakion|Stone Edge|p1a: Dragonite
|-supereffective|p1a: Dragonite
|-end|p1a: Dragonite|Substitute
|
|upkeep
|turn|39
|
|t:|1713719342
|switch|p2a: Landorus|Landorus-Therian, M|51/100
|-damage|p2a: Landorus|38/100|[from] Stealth Rock
|-ability|p2a: Landorus|Intimidate|boost
|-unboost|p1a: Dragonite|atk|1
|move|p1a: Dragonite|Substitute|p1a: Dragonite
|-start|p1a: Dragonite|Substitute
|-damage|p1a: Dragonite|76/100
|
|-heal|p1a: Dragonite|82/100|[from] item: Leftovers
|upkeep
|turn|40
|
|t:|1713719345
|move|p1a: Dragonite|Dragon Dance|p1a: Dragonite
|-boost|p1a: Dragonite|atk|1
|-boost|p1a: Dragonite|spe|1
|move|p2a: Landorus|Hidden Power|p1a: Dragonite
|-supereffective|p1a: Dragonite
|-end|p1a: Dragonite|Substitute
|
|-heal|p1a: Dragonite|88/100|[from] item: Leftovers
|upkeep
|turn|41
|
|t:|1713719362
|move|p1a: Dragonite|Roost|p1a: Dragonite
|-heal|p1a: Dragonite|100/100
|-singleturn|p1a: Dragonite|move: Roost
|move|p2a: Landorus|Hidden Power|p1a: Dragonite
|-supereffective|p1a: Dragonite
|-damage|p1a: Dragonite|85/100
|
|-heal|p1a: Dragonite|92/100|[from] item: Leftovers
|upkeep
|turn|42
|
|t:|1713719375
|move|p1a: Dragonite|Dragon Dance|p1a: Dragonite
|-boost|p1a: Dragonite|atk|1
|-boost|p1a: Dragonite|spe|0
|move|p2a: Landorus|Hidden Power|p1a: Dragonite
|-supereffective|p1a: Dragonite
|-damage|p1a: Dragonite|37/100
|
|-heal|p1a: Dragonite|43/100|[from] item: Leftovers
|upkeep
|turn|43
|
|t:|1713719381
|move|p1a: Dragonite|Roost|p1a: Dragonite
|-heal|p1a: Dragonite|93/100
|-singleturn|p1a: Dragonite|move: Roost
|move|p2a: Landorus|U-turn|p1a: Dragonite
|-damage|p1a: Dragonite|74/100
|
|t:|1713719384
|switch|p2a: Scizor|Scizor, F|73/100|[from] U-turn
|-damage|p2a: Scizor|60/100|[from] Stealth Rock
|
|-heal|p1a: Dragonite|80/100|[from] item: Leftovers
|upkeep
|turn|44
|
|t:|1713719391
|move|p1a: Dragonite|Substitute|p1a: Dragonite
|-start|p1a: Dragonite|Substitute
|-damage|p1a: Dragonite|55/100
|move|p2a: Scizor|U-turn|p1a: Dragonite
|-resisted|p1a: Dragonite
|-activate|p1a: Dragonite|Substitute|[damage]
|
|t:|1713719402
|switch|p2a: Celebi|Celebi|100/100|[from] U-turn
|-damage|p2a: Celebi|88/100|[from] Stealth Rock
|
|-heal|p1a: Dragonite|62/100|[from] item: Leftovers
|-heal|p2a: Celebi|94/100|[from] item: Leftovers
|upkeep
|turn|45
|
|t:|1713719409
|move|p1a: Dragonite|Dragon Dance|p1a: Dragonite
|-boost|p1a: Dragonite|atk|1
|-boost|p1a: Dragonite|spe|0
|move|p2a: Celebi|Psychic|p1a: Dragonite
|-end|p1a: Dragonite|Substitute
|
|-heal|p1a: Dragonite|68/100|[from] item: Leftovers
|-heal|p2a: Celebi|100/100|[from] item: Leftovers
|upkeep
|turn|46
|
|t:|1713719423
|move|p1a: Dragonite|Substitute|p1a: Dragonite
|-start|p1a: Dragonite|Substitute
|-damage|p1a: Dragonite|43/100
|move|p2a: Celebi|Psychic|p1a: Dragonite
|-end|p1a: Dragonite|Substitute
|
|-heal|p1a: Dragonite|49/100|[from] item: Leftovers
|upkeep
|turn|47
|
|t:|1713719428
|switch|p2a: Landorus|Landorus-Therian, M|38/100
|-damage|p2a: Landorus|26/100|[from] Stealth Rock
|-ability|p2a: Landorus|Intimidate|boost
|-unboost|p1a: Dragonite|atk|1
|move|p1a: Dragonite|Roost|p1a: Dragonite
|-heal|p1a: Dragonite|99/100
|-singleturn|p1a: Dragonite|move: Roost
|
|-heal|p1a: Dragonite|100/100|[from] item: Leftovers
|upkeep
|turn|48
|
|t:|1713719439
|move|p1a: Dragonite|Dragon Dance|p1a: Dragonite
|-boost|p1a: Dragonite|atk|1
|-boost|p1a: Dragonite|spe|0
|move|p2a: Landorus|Hidden Power|p1a: Dragonite
|-supereffective|p1a: Dragonite
|-damage|p1a: Dragonite|75/100
|
|-heal|p1a: Dragonite|81/100|[from] item: Leftovers
|upkeep
|turn|49
|
|t:|1713719446
|move|p1a: Dragonite|Outrage|p2a: Landorus
|-damage|p2a: Landorus|0 fnt
|-damage|p1a: Dragonite|64/100|[from] item: Rocky Helmet|[of] p2a: Landorus
|faint|p2a: Landorus
|
|-heal|p1a: Dragonite|70/100|[from] item: Leftovers
|upkeep
|-message|Ddgjnbcx forfeited.
|
|win|Auxplr
|raw|Auxplr's rating: 1326 &rarr; <strong>1356</strong><br />(+30 for winning)
|raw|Ddgjnbcx's rating: 1518 &rarr; <strong>1488</strong><br />(-30 for losing)
|l|☆Ddgjnbcx
|player|p2|
|c|☆Auxplr|Gg
