|j|☆Yeeeeup
|j|☆UnumGenus
|t:|1721771142
|gametype|singles
|player|p1|Yeeeeup|steven|1399
|player|p2|UnumGenus|fisherman-gen4|1337
|teamsize|p1|6
|teamsize|p2|6
|gen|5
|tier|[Gen 5] OU
|rated|
|rule|Species Clause: Limit one of each Pokémon
|rule|OHKO Clause: OHKO moves are banned
|rule|Moody Clause: Moody is banned
|rule|Evasion Items Clause: Evasion items are banned
|rule|Evasion Moves Clause: Evasion moves are banned
|rule|Endless Battle Clause: Forcing endless battles is banned
|rule|HP Percentage Mod: HP is shown in percentages
|rule|Evasion Abilities Clause: Evasion abilities are banned
|rule|Sleep Moves Clause: Sleep-inducing moves are banned
|rule|Swagger Clause: Swagger is banned
|rule|Baton Pass Stat Clause: No Baton Passer may have a way to boost its stats
|clearpoke
|poke|p1|Whimsicott, M|item
|poke|p1|Mienshao, M|item
|poke|p1|Forretress, F|item
|poke|p1|Lanturn, F|item
|poke|p1|Flygon, F|item
|poke|p1|Rotom-Wash|item
|poke|p2|Terrakion|item
|poke|p2|Infernape, M|item
|poke|p2|Keldeo|item
|poke|p2|Lucario, F|item
|poke|p2|Scrafty, F|item
|poke|p2|Conkeldurr, M|item
|teampreview
|inactive|Battle timer is ON: inactive players will automatically lose when time's up. (requested by UnumGenus)
|
|t:|1721771166
|start
|switch|p1a: Mienshao|Mienshao, M|100/100
|switch|p2a: Infernape|Infernape, M|100/100
|turn|1
|
|t:|1721771172
|move|p1a: Mienshao|Fake Out|p2a: Infernape
|-damage|p2a: Infernape|72/100
|-damage|p1a: Mienshao|91/100|[from] item: Life Orb
|cant|p2a: Infernape|flinch
|
|upkeep
|turn|2
|
|t:|1721771181
|switch|p1a: Rotom|Rotom-Wash|100/100
|move|p2a: Infernape|Stealth Rock|p1a: Rotom
|-sidestart|p1: Yeeeeup|move: Stealth Rock
|
|upkeep
|turn|3
|
|t:|1721771191
|move|p2a: Infernape|Close Combat|p1a: Rotom
|-damage|p1a: Rotom|48/100
|-unboost|p2a: Infernape|def|1
|-unboost|p2a: Infernape|spd|1
|move|p1a: Rotom|Volt Switch|p2a: Infernape
|-damage|p2a: Infernape|12/100
|
|t:|1721771198
|switch|p1a: Flygon|Flygon, F|100/100|[from] Volt Switch
|-damage|p1a: Flygon|95/100|[from] Stealth Rock
|
|upkeep
|turn|4
|
|t:|1721771203
|move|p1a: Flygon|U-turn|p2a: Infernape
|-resisted|p2a: Infernape
|-damage|p2a: Infernape|0 fnt
|faint|p2a: Infernape
|
|t:|1721771208
|switch|p1a: Mienshao|Mienshao, M|100/100|[from] U-turn
|-damage|p1a: Mienshao|95/100|[from] Stealth Rock
|
|upkeep
|
|t:|1721771213
|switch|p2a: Lucario|Lucario, F|100/100
|turn|5
|
|t:|1721771216
|move|p1a: Mienshao|Fake Out|p2a: Lucario
|-resisted|p2a: Lucario
|-damage|p2a: Lucario|87/100
|-damage|p1a: Mienshao|85/100|[from] item: Life Orb
|move|p2a: Lucario|Close Combat|p1a: Mienshao
|-damage|p1a: Mienshao|0 fnt
|-unboost|p2a: Lucario|def|1
|-unboost|p2a: Lucario|spd|1
|faint|p1a: Mienshao
|-damage|p2a: Lucario|77/100|[from] item: Life Orb
|
|upkeep
|
|t:|1721771232
|switch|p1a: Flygon|Flygon, F|95/100
|-damage|p1a: Flygon|89/100|[from] Stealth Rock
|turn|6
|
|t:|1721771247
|move|p2a: Lucario|Extreme Speed|p1a: Flygon
|-damage|p1a: Flygon|39/100
|-damage|p2a: Lucario|67/100|[from] item: Life Orb
|move|p1a: Flygon|Earthquake|p2a: Lucario
|-supereffective|p2a: Lucario
|-damage|p2a: Lucario|0 fnt
|faint|p2a: Lucario
|
|upkeep
|
|t:|1721771255
|switch|p2a: Scrafty|Scrafty, F|100/100
|turn|7
|
|t:|1721771258
|switch|p1a: Whimsicott|Whimsicott, M|100/100
|-damage|p1a: Whimsicott|88/100|[from] Stealth Rock
|move|p2a: Scrafty|Ice Punch|p1a: Whimsicott
|-supereffective|p1a: Whimsicott
|-damage|p1a: Whimsicott|52/100
|
|-heal|p1a: Whimsicott|58/100|[from] item: Leftovers
|upkeep
|turn|8
|
|t:|1721771267
|move|p1a: Whimsicott|Leech Seed|p2a: Scrafty
|-start|p2a: Scrafty|move: Leech Seed
|move|p2a: Scrafty|Dragon Dance|p2a: Scrafty
|-boost|p2a: Scrafty|atk|1
|-boost|p2a: Scrafty|spe|1
|
|-heal|p1a: Whimsicott|65/100|[from] item: Leftovers
|-damage|p2a: Scrafty|88/100|[from] Leech Seed|[of] p1a: Whimsicott
|-heal|p1a: Whimsicott|75/100|[silent]
|upkeep
|turn|9
|
|t:|1721771275
|move|p1a: Whimsicott|Encore|p2a: Scrafty
|-start|p2a: Scrafty|Encore
|move|p2a: Scrafty|Dragon Dance|p2a: Scrafty
|-boost|p2a: Scrafty|atk|1
|-boost|p2a: Scrafty|spe|1
|
|-heal|p2a: Scrafty|94/100|[from] item: Leftovers
|-heal|p1a: Whimsicott|81/100|[from] item: Leftovers
|-damage|p2a: Scrafty|82/100|[from] Leech Seed|[of] p1a: Whimsicott
|-heal|p1a: Whimsicott|91/100|[silent]
|upkeep
|turn|10
|
|t:|1721771293
|switch|p2a: Terrakion|Terrakion|100/100
|move|p1a: Whimsicott|Substitute|p1a: Whimsicott
|-start|p1a: Whimsicott|Substitute
|-damage|p1a: Whimsicott|66/100
|
|-heal|p1a: Whimsicott|73/100|[from] item: Leftovers
|upkeep
|turn|11
|
|t:|1721771300
|move|p1a: Whimsicott|Stun Spore|p2a: Terrakion
|-status|p2a: Terrakion|par
|cant|p2a: Terrakion|par
|
|-heal|p1a: Whimsicott|79/100|[from] item: Leftovers
|upkeep
|turn|12
|
|t:|1721771307
|move|p1a: Whimsicott|Leech Seed|p2a: Terrakion
|-start|p2a: Terrakion|move: Leech Seed
|move|p2a: Terrakion|X-Scissor|p1a: Whimsicott
|-supereffective|p1a: Whimsicott
|-end|p1a: Whimsicott|Substitute
|
|-heal|p1a: Whimsicott|85/100|[from] item: Leftovers
|-damage|p2a: Terrakion|88/100 par|[from] Leech Seed|[of] p1a: Whimsicott
|-heal|p1a: Whimsicott|97/100|[silent]
|upkeep
|turn|13
|
|t:|1721771317
|switch|p2a: Scrafty|Scrafty, F|82/100
|move|p1a: Whimsicott|Substitute|p1a: Whimsicott
|-start|p1a: Whimsicott|Substitute
|-damage|p1a: Whimsicott|73/100
|
|-heal|p1a: Whimsicott|79/100|[from] item: Leftovers
|-heal|p2a: Scrafty|88/100|[from] item: Leftovers
|upkeep
|turn|14
|
|t:|1721771337
|move|p1a: Whimsicott|Leech Seed|p2a: Scrafty
|-start|p2a: Scrafty|move: Leech Seed
|move|p2a: Scrafty|Drain Punch|p1a: Whimsicott
|-end|p1a: Whimsicott|Substitute
|-heal|p2a: Scrafty|100/100|[from] drain|[of] p1a: Whimsicott
|
|-heal|p1a: Whimsicott|85/100|[from] item: Leftovers
|-damage|p2a: Scrafty|88/100|[from] Leech Seed|[of] p1a: Whimsicott
|-heal|p1a: Whimsicott|95/100|[silent]
|upkeep
|turn|15
|
|t:|1721771353
|move|p1a: Whimsicott|Stun Spore|p2a: Scrafty
|-status|p2a: Scrafty|par
|move|p2a: Scrafty|Drain Punch|p1a: Whimsicott
|-damage|p1a: Whimsicott|67/100
|-heal|p2a: Scrafty|100/100 par|[from] drain|[of] p1a: Whimsicott
|
|-heal|p1a: Whimsicott|74/100|[from] item: Leftovers
|-damage|p2a: Scrafty|88/100 par|[from] Leech Seed|[of] p1a: Whimsicott
|-heal|p1a: Whimsicott|84/100|[silent]
|upkeep
|turn|16
|
|t:|1721771364
|switch|p1a: Forretress|Forretress, F|100/100
|-damage|p1a: Forretress|88/100|[from] Stealth Rock
|move|p2a: Scrafty|Drain Punch|p1a: Forretress
|-damage|p1a: Forretress|71/100
|-heal|p2a: Scrafty|99/100 par|[from] drain|[of] p1a: Forretress
|
|-heal|p1a: Forretress|77/100|[from] item: Leftovers
|-heal|p2a: Scrafty|100/100 par|[from] item: Leftovers
|-damage|p2a: Scrafty|88/100 par|[from] Leech Seed|[of] p1a: Forretress
|-heal|p1a: Forretress|86/100|[silent]
|upkeep
|turn|17
|
|t:|1721771375
|move|p1a: Forretress|Stealth Rock|p2a: Scrafty
|-sidestart|p2: UnumGenus|move: Stealth Rock
|move|p2a: Scrafty|Dragon Dance|p2a: Scrafty
|-boost|p2a: Scrafty|atk|1
|-boost|p2a: Scrafty|spe|1
|
|-heal|p1a: Forretress|93/100|[from] item: Leftovers
|-heal|p2a: Scrafty|94/100 par|[from] item: Leftovers
|-damage|p2a: Scrafty|82/100 par|[from] Leech Seed|[of] p1a: Forretress
|-heal|p1a: Forretress|100/100|[silent]
|upkeep
|turn|18
|
|t:|1721771385
|move|p1a: Forretress|Spikes|p2a: Scrafty
|-sidestart|p2: UnumGenus|Spikes
|move|p2a: Scrafty|Drain Punch|p1a: Forretress
|-damage|p1a: Forretress|72/100
|-heal|p2a: Scrafty|100/100 par|[from] drain|[of] p1a: Forretress
|
|-heal|p1a: Forretress|78/100|[from] item: Leftovers
|-activate|p2a: Scrafty|ability: Shed Skin
|-curestatus|p2a: Scrafty|par|[msg]
|-damage|p2a: Scrafty|88/100|[from] Leech Seed|[of] p1a: Forretress
|-heal|p1a: Forretress|87/100|[silent]
|upkeep
|turn|19
|
|t:|1721771397
|move|p2a: Scrafty|Dragon Dance|p2a: Scrafty
|-boost|p2a: Scrafty|atk|1
|-boost|p2a: Scrafty|spe|1
|move|p1a: Forretress|Volt Switch|p2a: Scrafty
|-damage|p2a: Scrafty|75/100
|inactive|Yeeeeup has 120 seconds left.
|
|t:|1721771425
|switch|p1a: Whimsicott|Whimsicott, M|84/100|[from] Volt Switch
|-damage|p1a: Whimsicott|71/100|[from] Stealth Rock
|
|-heal|p2a: Scrafty|81/100|[from] item: Leftovers
|-heal|p1a: Whimsicott|78/100|[from] item: Leftovers
|-damage|p2a: Scrafty|69/100|[from] Leech Seed|[of] p1a: Whimsicott
|-heal|p1a: Whimsicott|88/100|[silent]
|upkeep
|turn|20
|
|t:|1721771436
|switch|p2a: Conkeldurr|Conkeldurr, M|100/100
|-damage|p2a: Conkeldurr|94/100|[from] Stealth Rock
|-damage|p2a: Conkeldurr|82/100|[from] Spikes
|move|p1a: Whimsicott|Substitute|p1a: Whimsicott
|-start|p1a: Whimsicott|Substitute
|-damage|p1a: Whimsicott|63/100
|
|-heal|p1a: Whimsicott|69/100|[from] item: Leftovers
|-heal|p2a: Conkeldurr|88/100|[from] item: Leftovers
|upkeep
|turn|21
|
|t:|1721771452
|move|p1a: Whimsicott|Leech Seed|p2a: Conkeldurr
|-start|p2a: Conkeldurr|move: Leech Seed
|move|p2a: Conkeldurr|Drain Punch|p1a: Whimsicott
|-end|p1a: Whimsicott|Substitute
|-heal|p2a: Conkeldurr|98/100|[from] drain|[of] p1a: Whimsicott
|
|-heal|p1a: Whimsicott|75/100|[from] item: Leftovers
|-heal|p2a: Conkeldurr|100/100|[from] item: Leftovers
|-damage|p2a: Conkeldurr|88/100|[from] Leech Seed|[of] p1a: Whimsicott
|-heal|p1a: Whimsicott|91/100|[silent]
|upkeep
|turn|22
|
|t:|1721771463
|move|p1a: Whimsicott|Stun Spore|p2a: Conkeldurr
|-status|p2a: Conkeldurr|par
|move|p2a: Conkeldurr|Drain Punch|p1a: Whimsicott
|-damage|p1a: Whimsicott|31/100
|-heal|p2a: Conkeldurr|100/100 par|[from] drain|[of] p1a: Whimsicott
|
|-heal|p1a: Whimsicott|37/100|[from] item: Leftovers
|-damage|p2a: Conkeldurr|88/100 par|[from] Leech Seed|[of] p1a: Whimsicott
|-heal|p1a: Whimsicott|53/100|[silent]
|upkeep
|turn|23
|
|t:|1721771482
|move|p1a: Whimsicott|Substitute|p1a: Whimsicott
|-start|p1a: Whimsicott|Substitute
|-damage|p1a: Whimsicott|28/100
|move|p2a: Conkeldurr|Drain Punch|p1a: Whimsicott
|-end|p1a: Whimsicott|Substitute
|-heal|p2a: Conkeldurr|98/100 par|[from] drain|[of] p1a: Whimsicott
|
|-heal|p1a: Whimsicott|34/100|[from] item: Leftovers
|-heal|p2a: Conkeldurr|100/100 par|[from] item: Leftovers
|-damage|p2a: Conkeldurr|88/100 par|[from] Leech Seed|[of] p1a: Whimsicott
|-heal|p1a: Whimsicott|50/100|[silent]
|upkeep
|turn|24
|inactive|Yeeeeup has 120 seconds left.
|
|t:|1721771499
|move|p1a: Whimsicott|Substitute|p1a: Whimsicott
|-start|p1a: Whimsicott|Substitute
|-damage|p1a: Whimsicott|25/100
|move|p2a: Conkeldurr|Mach Punch|p1a: Whimsicott
|-end|p1a: Whimsicott|Substitute
|
|-heal|p1a: Whimsicott|31/100|[from] item: Leftovers
|-heal|p2a: Conkeldurr|94/100 par|[from] item: Leftovers
|-damage|p2a: Conkeldurr|82/100 par|[from] Leech Seed|[of] p1a: Whimsicott
|-heal|p1a: Whimsicott|47/100|[silent]
|upkeep
|turn|25
|
|t:|1721771513
|move|p1a: Whimsicott|Substitute|p1a: Whimsicott
|-start|p1a: Whimsicott|Substitute
|-damage|p1a: Whimsicott|22/100
|move|p2a: Conkeldurr|Mach Punch|p1a: Whimsicott
|-end|p1a: Whimsicott|Substitute
|
|-heal|p1a: Whimsicott|29/100|[from] item: Leftovers
|-heal|p2a: Conkeldurr|88/100 par|[from] item: Leftovers
|-damage|p2a: Conkeldurr|76/100 par|[from] Leech Seed|[of] p1a: Whimsicott
|-heal|p1a: Whimsicott|44/100|[silent]
|upkeep
|turn|26
|
|t:|1721771523
|move|p1a: Whimsicott|Encore|p2a: Conkeldurr
|-start|p2a: Conkeldurr|Encore
|cant|p2a: Conkeldurr|par
|
|-heal|p1a: Whimsicott|51/100|[from] item: Leftovers
|-heal|p2a: Conkeldurr|82/100 par|[from] item: Leftovers
|-damage|p2a: Conkeldurr|69/100 par|[from] Leech Seed|[of] p1a: Whimsicott
|-heal|p1a: Whimsicott|66/100|[silent]
|upkeep
|turn|27
|inactive|UnumGenus has 120 seconds left.
|
|t:|1721771556
|switch|p2a: Terrakion|Terrakion|88/100 par
|-damage|p2a: Terrakion|82/100 par|[from] Stealth Rock
|-damage|p2a: Terrakion|70/100 par|[from] Spikes
|move|p1a: Whimsicott|Substitute|p1a: Whimsicott
|-start|p1a: Whimsicott|Substitute
|-damage|p1a: Whimsicott|42/100
|
|-heal|p1a: Whimsicott|48/100|[from] item: Leftovers
|upkeep
|turn|28
|inactive|UnumGenus has 120 seconds left.
|
|t:|1721771565
|move|p1a: Whimsicott|Leech Seed|p2a: Terrakion
|-start|p2a: Terrakion|move: Leech Seed
|move|p2a: Terrakion|Stone Edge|p1a: Whimsicott|[miss]
|-miss|p2a: Terrakion|p1a: Whimsicott
|
|-heal|p1a: Whimsicott|54/100|[from] item: Leftovers
|-damage|p2a: Terrakion|57/100 par|[from] Leech Seed|[of] p1a: Whimsicott
|-heal|p1a: Whimsicott|66/100|[silent]
|upkeep
|turn|29
|
|t:|1721771573
|move|p1a: Whimsicott|Encore|p2a: Terrakion
|-start|p2a: Terrakion|Encore
|move|p2a: Terrakion|Stone Edge|p1a: Whimsicott|[miss]
|-miss|p2a: Terrakion|p1a: Whimsicott
|
|-heal|p1a: Whimsicott|73/100|[from] item: Leftovers
|-damage|p2a: Terrakion|45/100 par|[from] Leech Seed|[of] p1a: Whimsicott
|-heal|p1a: Whimsicott|85/100|[silent]
|upkeep
|turn|30
|
|t:|1721771582
|move|p1a: Whimsicott|Stun Spore|p2a: Terrakion
|-fail|p2a: Terrakion|par
|move|p2a: Terrakion|Stone Edge|p1a: Whimsicott|[miss]
|-miss|p2a: Terrakion|p1a: Whimsicott
|
|-heal|p1a: Whimsicott|91/100|[from] item: Leftovers
|-damage|p2a: Terrakion|32/100 par|[from] Leech Seed|[of] p1a: Whimsicott
|-heal|p1a: Whimsicott|100/100|[silent]
|upkeep
|turn|31
|
|t:|1721771591
|move|p1a: Whimsicott|Stun Spore|p2a: Terrakion
|-fail|p2a: Terrakion|par
|move|p2a: Terrakion|Stone Edge|p1a: Whimsicott
|-end|p1a: Whimsicott|Substitute
|
|-damage|p2a: Terrakion|20/100 par|[from] Leech Seed|[of] p1a: Whimsicott
|-end|p2a: Terrakion|Encore
|upkeep
|turn|32
|
|t:|1721771601
|switch|p2a: Conkeldurr|Conkeldurr, M|69/100 par
|-damage|p2a: Conkeldurr|63/100 par|[from] Stealth Rock
|-damage|p2a: Conkeldurr|51/100 par|[from] Spikes
|move|p1a: Whimsicott|Substitute|p1a: Whimsicott
|-start|p1a: Whimsicott|Substitute
|-damage|p1a: Whimsicott|76/100
|
|-heal|p1a: Whimsicott|82/100|[from] item: Leftovers
|-heal|p2a: Conkeldurr|57/100 par|[from] item: Leftovers
|upkeep
|turn|33
|
|t:|1721771612
|move|p1a: Whimsicott|Leech Seed|p2a: Conkeldurr|[miss]
|-miss|p1a: Whimsicott|p2a: Conkeldurr
|move|p2a: Conkeldurr|Drain Punch|p1a: Whimsicott
|-end|p1a: Whimsicott|Substitute
|-heal|p2a: Conkeldurr|67/100 par|[from] drain|[of] p1a: Whimsicott
|
|-heal|p1a: Whimsicott|88/100|[from] item: Leftovers
|-heal|p2a: Conkeldurr|73/100 par|[from] item: Leftovers
|upkeep
|turn|34
|
|t:|1721771623
|move|p1a: Whimsicott|Leech Seed|p2a: Conkeldurr
|-start|p2a: Conkeldurr|move: Leech Seed
|move|p2a: Conkeldurr|Drain Punch|p1a: Whimsicott
|-damage|p1a: Whimsicott|31/100
|-heal|p2a: Conkeldurr|95/100 par|[from] drain|[of] p1a: Whimsicott
|
|-heal|p1a: Whimsicott|38/100|[from] item: Leftovers
|-heal|p2a: Conkeldurr|100/100 par|[from] item: Leftovers
|-damage|p2a: Conkeldurr|88/100 par|[from] Leech Seed|[of] p1a: Whimsicott
|-heal|p1a: Whimsicott|53/100|[silent]
|upkeep
|turn|35
|
|t:|1721771635
|move|p1a: Whimsicott|Substitute|p1a: Whimsicott
|-start|p1a: Whimsicott|Substitute
|-damage|p1a: Whimsicott|29/100
|cant|p2a: Conkeldurr|par
|
|-heal|p1a: Whimsicott|35/100|[from] item: Leftovers
|-heal|p2a: Conkeldurr|94/100 par|[from] item: Leftovers
|-damage|p2a: Conkeldurr|82/100 par|[from] Leech Seed|[of] p1a: Whimsicott
|-heal|p1a: Whimsicott|51/100|[silent]
|upkeep
|turn|36
|
|t:|1721771644
|move|p1a: Whimsicott|Encore|p2a: Conkeldurr
|-start|p2a: Conkeldurr|Encore
|move|p2a: Conkeldurr|Drain Punch|p1a: Whimsicott
|-end|p1a: Whimsicott|Substitute
|-heal|p2a: Conkeldurr|92/100 par|[from] drain|[of] p1a: Whimsicott
|
|-heal|p1a: Whimsicott|57/100|[from] item: Leftovers
|-heal|p2a: Conkeldurr|98/100 par|[from] item: Leftovers
|-damage|p2a: Conkeldurr|85/100 par|[from] Leech Seed|[of] p1a: Whimsicott
|-heal|p1a: Whimsicott|73/100|[silent]
|upkeep
|turn|37
|
|t:|1721771655
|move|p1a: Whimsicott|Substitute|p1a: Whimsicott
|-start|p1a: Whimsicott|Substitute
|-damage|p1a: Whimsicott|48/100
|move|p2a: Conkeldurr|Drain Punch|p1a: Whimsicott
|-end|p1a: Whimsicott|Substitute
|-heal|p2a: Conkeldurr|95/100 par|[from] drain|[of] p1a: Whimsicott
|
|-heal|p1a: Whimsicott|54/100|[from] item: Leftovers
|-heal|p2a: Conkeldurr|100/100 par|[from] item: Leftovers
|-damage|p2a: Conkeldurr|88/100 par|[from] Leech Seed|[of] p1a: Whimsicott
|-heal|p1a: Whimsicott|70/100|[silent]
|upkeep
|turn|38
|
|t:|1721771666
|move|p1a: Whimsicott|Substitute|p1a: Whimsicott
|-start|p1a: Whimsicott|Substitute
|-damage|p1a: Whimsicott|45/100
|cant|p2a: Conkeldurr|par
|
|-heal|p1a: Whimsicott|51/100|[from] item: Leftovers
|-heal|p2a: Conkeldurr|94/100 par|[from] item: Leftovers
|-damage|p2a: Conkeldurr|82/100 par|[from] Leech Seed|[of] p1a: Whimsicott
|-heal|p1a: Whimsicott|67/100|[silent]
|-end|p2a: Conkeldurr|Encore
|upkeep
|turn|39
|
|t:|1721771676
|move|p1a: Whimsicott|Stun Spore|p2a: Conkeldurr
|-fail|p2a: Conkeldurr|par
|move|p2a: Conkeldurr|Drain Punch|p1a: Whimsicott
|-end|p1a: Whimsicott|Substitute
|-heal|p2a: Conkeldurr|92/100 par|[from] drain|[of] p1a: Whimsicott
|
|-heal|p1a: Whimsicott|73/100|[from] item: Leftovers
|-heal|p2a: Conkeldurr|98/100 par|[from] item: Leftovers
|-damage|p2a: Conkeldurr|85/100 par|[from] Leech Seed|[of] p1a: Whimsicott
|-heal|p1a: Whimsicott|89/100|[silent]
|upkeep
|turn|40
|
|t:|1721771687
|move|p1a: Whimsicott|Stun Spore|p2a: Conkeldurr
|-fail|p2a: Conkeldurr|par
|move|p2a: Conkeldurr|Drain Punch|p1a: Whimsicott
|-damage|p1a: Whimsicott|33/100
|-heal|p2a: Conkeldurr|100/100 par|[from] drain|[of] p1a: Whimsicott
|
|-heal|p1a: Whimsicott|40/100|[from] item: Leftovers
|-damage|p2a: Conkeldurr|88/100 par|[from] Leech Seed|[of] p1a: Whimsicott
|-heal|p1a: Whimsicott|55/100|[silent]
|upkeep
|turn|41
|
|t:|1721771714
|move|p1a: Whimsicott|Substitute|p1a: Whimsicott
|-start|p1a: Whimsicott|Substitute
|-damage|p1a: Whimsicott|31/100
|cant|p2a: Conkeldurr|par
|
|-heal|p1a: Whimsicott|37/100|[from] item: Leftovers
|-heal|p2a: Conkeldurr|94/100 par|[from] item: Leftovers
|-damage|p2a: Conkeldurr|82/100 par|[from] Leech Seed|[of] p1a: Whimsicott
|-heal|p1a: Whimsicott|53/100|[silent]
|upkeep
|turn|42
|
|t:|1721771723
|move|p1a: Whimsicott|Stun Spore|p2a: Conkeldurr
|-fail|p2a: Conkeldurr|par
|move|p2a: Conkeldurr|Drain Punch|p1a: Whimsicott
|-crit|p1a: Whimsicott
|-end|p1a: Whimsicott|Substitute
|-heal|p2a: Conkeldurr|92/100 par|[from] drain|[of] p1a: Whimsicott
|
|-heal|p1a: Whimsicott|59/100|[from] item: Leftovers
|-heal|p2a: Conkeldurr|98/100 par|[from] item: Leftovers
|-damage|p2a: Conkeldurr|85/100 par|[from] Leech Seed|[of] p1a: Whimsicott
|-heal|p1a: Whimsicott|74/100|[silent]
|upkeep
|turn|43
|
|t:|1721771737
|move|p1a: Whimsicott|Encore|p2a: Conkeldurr
|-start|p2a: Conkeldurr|Encore
|cant|p2a: Conkeldurr|par
|
|-heal|p1a: Whimsicott|81/100|[from] item: Leftovers
|-heal|p2a: Conkeldurr|91/100 par|[from] item: Leftovers
|-damage|p2a: Conkeldurr|79/100 par|[from] Leech Seed|[of] p1a: Whimsicott
|-heal|p1a: Whimsicott|96/100|[silent]
|upkeep
|turn|44
|
|t:|1721771746
|move|p1a: Whimsicott|Stun Spore|p2a: Conkeldurr|[miss]
|-miss|p1a: Whimsicott|p2a: Conkeldurr
|cant|p2a: Conkeldurr|par
|
|-heal|p1a: Whimsicott|100/100|[from] item: Leftovers
|-heal|p2a: Conkeldurr|85/100 par|[from] item: Leftovers
|-damage|p2a: Conkeldurr|73/100 par|[from] Leech Seed|[of] p1a: Whimsicott
|upkeep
|turn|45
|
|t:|1721771755
|switch|p1a: Forretress|Forretress, F|87/100
|-damage|p1a: Forretress|75/100|[from] Stealth Rock
|move|p2a: Conkeldurr|Drain Punch|p1a: Forretress
|-damage|p1a: Forretress|38/100
|-heal|p2a: Conkeldurr|88/100 par|[from] drain|[of] p1a: Forretress
|
|-heal|p1a: Forretress|45/100|[from] item: Leftovers
|-heal|p2a: Conkeldurr|94/100 par|[from] item: Leftovers
|-damage|p2a: Conkeldurr|82/100 par|[from] Leech Seed|[of] p1a: Forretress
|-heal|p1a: Forretress|59/100|[silent]
|-end|p2a: Conkeldurr|Encore
|upkeep
|turn|46
|
|t:|1721771769
|move|p1a: Forretress|Spikes|p2a: Conkeldurr
|-sidestart|p2: UnumGenus|Spikes
|move|p2a: Conkeldurr|Bulk Up|p2a: Conkeldurr
|-boost|p2a: Conkeldurr|atk|1
|-boost|p2a: Conkeldurr|def|1
|
|-heal|p1a: Forretress|65/100|[from] item: Leftovers
|-heal|p2a: Conkeldurr|88/100 par|[from] item: Leftovers
|-damage|p2a: Conkeldurr|76/100 par|[from] Leech Seed|[of] p1a: Forretress
|-heal|p1a: Forretress|80/100|[silent]
|upkeep
|turn|47
|
|t:|1721771783
|move|p1a: Forretress|Volt Switch|p2a: Conkeldurr
|-damage|p2a: Conkeldurr|63/100 par
|
|t:|1721771787
|switch|p1a: Whimsicott|Whimsicott, M|100/100|[from] Volt Switch
|-damage|p1a: Whimsicott|88/100|[from] Stealth Rock
|move|p2a: Conkeldurr|Drain Punch|p1a: Whimsicott
|-damage|p1a: Whimsicott|3/100
|-heal|p2a: Conkeldurr|97/100 par|[from] drain|[of] p1a: Whimsicott
|
|-heal|p1a: Whimsicott|9/100|[from] item: Leftovers
|-heal|p2a: Conkeldurr|100/100 par|[from] item: Leftovers
|-damage|p2a: Conkeldurr|88/100 par|[from] Leech Seed|[of] p1a: Whimsicott
|-heal|p1a: Whimsicott|25/100|[silent]
|upkeep
|turn|48
|
|t:|1721771806
|move|p1a: Whimsicott|Substitute|p1a: Whimsicott
|-fail|p1a: Whimsicott|move: Substitute|[weak]
|move|p2a: Conkeldurr|Mach Punch|p1a: Whimsicott
|-damage|p1a: Whimsicott|0 fnt
|faint|p1a: Whimsicott
|
|-heal|p2a: Conkeldurr|94/100 par|[from] item: Leftovers
|upkeep
|
|t:|1721771816
|switch|p1a: Rotom|Rotom-Wash|48/100
|-damage|p1a: Rotom|36/100|[from] Stealth Rock
|turn|49
|
|t:|1721771820
|move|p2a: Conkeldurr|Mach Punch|p1a: Rotom
|-damage|p1a: Rotom|0 fnt
|faint|p1a: Rotom
|
|-heal|p2a: Conkeldurr|99/100 par|[from] item: Leftovers
|upkeep
|
|t:|1721771829
|switch|p1a: Lanturn|Lanturn, F|100/100
|-damage|p1a: Lanturn|88/100|[from] Stealth Rock
|turn|50
|
|t:|1721771833
|move|p1a: Lanturn|Protect|p1a: Lanturn
|-singleturn|p1a: Lanturn|Protect
|move|p2a: Conkeldurr|Drain Punch|p1a: Lanturn
|-activate|p1a: Lanturn|move: Protect
|
|-heal|p1a: Lanturn|94/100|[from] item: Leftovers
|-heal|p2a: Conkeldurr|100/100 par|[from] item: Leftovers
|-damage|p2a: Conkeldurr|88/100 par|[from] Leech Seed|[of] p1a: Lanturn
|-heal|p1a: Lanturn|100/100|[silent]
|upkeep
|turn|51
|
|t:|1721771845
|move|p1a: Lanturn|Scald|p2a: Conkeldurr
|-damage|p2a: Conkeldurr|61/100 par
|move|p2a: Conkeldurr|Payback|p1a: Lanturn
|-damage|p1a: Lanturn|0 fnt
|faint|p1a: Lanturn
|
|-heal|p2a: Conkeldurr|67/100 par|[from] item: Leftovers
|upkeep
|
|t:|1721771854
|switch|p1a: Flygon|Flygon, F|39/100
|-damage|p1a: Flygon|33/100|[from] Stealth Rock
|turn|52
|
|t:|1721771857
|move|p2a: Conkeldurr|Mach Punch|p1a: Flygon
|-damage|p1a: Flygon|0 fnt
|faint|p1a: Flygon
|
|-heal|p2a: Conkeldurr|73/100 par|[from] item: Leftovers
|upkeep
|-message|Yeeeeup forfeited.
|
|win|UnumGenus
|raw|Yeeeeup's rating: 1399 &rarr; <strong>1375</strong><br />(-24 for losing)
|raw|UnumGenus's rating: 1337 &rarr; <strong>1361</strong><br />(+24 for winning)
|l|☆Yeeeeup
|player|p1|
