|join|chadbruv
|join|liugkblo
|player|p1|chadbruv|102
|player|p2|liugkblo|264
|gametype|singles
|gen|5
|tier|[Gen 5] OU
|rated
|rule|Evasion Abilities Clause: Evasion abilities are banned
|clearpoke
|poke|p1|Tyranitar, F
|poke|p1|Magnezone
|poke|p1|Terrakion
|poke|p1|Latios, M, shiny
|poke|p1|Scizor, F, shiny
|poke|p1|Landorus-Therian, M
|poke|p2|Breloom, F
|poke|p2|Terrakion
|poke|p2|Skarmory, F
|poke|p2|Latios, M
|poke|p2|Scizor, F
|poke|p2|Landorus-Therian, M
|rule|Sleep Clause Mod: Limit one foe put to sleep
|rule|Species Clause: Limit one of each Pokemon
|rule|OHKO Clause: OHKO moves are banned
|rule|Moody Clause: Moody is banned
|rule|Evasion Moves Clause: Evasion moves are banned
|rule|Endless Battle Clause: Forcing endless battles is banned.
|rule|HP Percentage Mod: HP is reported as percentages
|teampreview
|
|start
|switch|p1a: Bron Bron|Landorus-Therian, M|382/382
|switch|p2a: Skarmory|Skarmory, F|271/271
|-ability|p1a: Bron Bron|Intimidate|[of] p2a: Skarmory
|-unboost|p2a: Skarmory|atk|1
|turn|1
|
|move|p2a: Skarmory|Stealth Rock|p1a: Bron Bron
|-sidestart|p1: chadbruv|move: Stealth Rock
|move|p1a: Bron Bron|U-turn|p2a: Skarmory
|-resisted|p2a: Skarmory
|-damage|p2a: Skarmory|251/271
|
|switch|p1a: Ray Allen|Magnezone|283/283
|-damage|p1a: Ray Allen|266/283|[from] Stealth Rock
|
|-heal|p1a: Ray Allen|283/283|[from] item: Leftovers
|turn|2
|
|move|p2a: Skarmory|Spikes|p1a: Ray Allen
|-sidestart|p1: chadbruv|Spikes
|move|p1a: Ray Allen|Charge Beam|p2a: Skarmory|[miss]
|-miss|p1a: Ray Allen|p2a: Skarmory
|
|turn|3
|
|move|p2a: Skarmory|Spikes|p1a: Ray Allen
|-sidestart|p1: chadbruv|Spikes
|move|p1a: Ray Allen|Charge Beam|p2a: Skarmory
|-supereffective|p2a: Skarmory
|-damage|p2a: Skarmory|0 fnt
|faint|p2a: Skarmory
|
|
|switch|p2a: Scizor|Scizor, F|344/344
|turn|4
|
|move|p1a: Ray Allen|Hidden Power|p2a: Scizor
|-supereffective|p2a: Scizor
|-damage|p2a: Scizor|0 fnt
|faint|p2a: Scizor
|
|
|switch|p2a: Breloom|Breloom, F|262/262
|turn|5
|
|move|p2a: Breloom|Spore|p1a: Ray Allen
|-status|p1a: Ray Allen|slp
|cant|p1a: Ray Allen|slp
|
|turn|6
|
|switch|p1a: Bron Bron|Landorus-Therian, M|382/382
|-damage|p1a: Bron Bron|335/382|[from] Stealth Rock
|-ability|p1a: Bron Bron|Intimidate|[of] p2a: Breloom
|-unboost|p2a: Breloom|atk|1
|move|p2a: Breloom|Bullet Seed|p1a: Bron Bron
|-damage|p1a: Bron Bron|283/382
|-damage|p1a: Bron Bron|234/382
|-damage|p1a: Bron Bron|185/382
|-damage|p1a: Bron Bron|133/382
|-damage|p1a: Bron Bron|84/382
|-hitcount|p1a: Bron Bron|5
|
|turn|7
|
|move|p2a: Breloom|Mach Punch|p1a: Bron Bron
|-enditem|p2a: Breloom|Fighting Gem|[from] gem|[move] Mach Punch
|-resisted|p1a: Bron Bron
|-damage|p1a: Bron Bron|28/382
|move|p1a: Bron Bron|Hidden Power|p2a: Breloom
|-supereffective|p2a: Breloom
|-damage|p2a: Breloom|46/262
|
|turn|8
|
|move|p2a: Breloom|Mach Punch|p1a: Bron Bron
|-resisted|p1a: Bron Bron
|-damage|p1a: Bron Bron|0 fnt
|faint|p1a: Bron Bron
|
|
|switch|p1a: Miller|Scizor, F, shiny|343/343
|-damage|p1a: Miller|286/343|[from] Spikes
|-damage|p1a: Miller|244/343|[from] Stealth Rock
|turn|9
|
|move|p2a: Breloom|Mach Punch|p1a: Miller
|-damage|p1a: Miller|172/343
|move|p1a: Miller|Bullet Punch|p2a: Breloom
|-damage|p2a: Breloom|0 fnt
|faint|p2a: Breloom
|
|
|switch|p2a: Landorus-Therian|Landorus-Therian, M|335/335
|-ability|p2a: Landorus-Therian|Intimidate|[of] p1a: Miller
|-unboost|p1a: Miller|atk|1
|turn|10
|
|switch|p1a: Bosh|Latios, M, shiny|301/301
|-damage|p1a: Bosh|264/301|[from] Stealth Rock
|move|p2a: Landorus-Therian|Earthquake|p1a: Bosh
|-immune|p1a: Bosh|[msg]
|
|turn|11
|
|switch|p2a: Terrakion|Terrakion|323/323
|move|p1a: Bosh|Surf|p2a: Terrakion
|-supereffective|p2a: Terrakion
|-damage|p2a: Terrakion|66/323
|
|turn|12
|
|move|p2a: Terrakion|X-Scissor|p1a: Bosh
|-supereffective|p1a: Bosh
|-damage|p1a: Bosh|20/301
|move|p1a: Bosh|Surf|p2a: Terrakion
|-supereffective|p2a: Terrakion
|-damage|p2a: Terrakion|0 fnt
|faint|p2a: Terrakion
|
|
|switch|p2a: Landorus-Therian|Landorus-Therian, M|335/335
|-ability|p2a: Landorus-Therian|Intimidate|[of] p1a: Bosh
|-unboost|p1a: Bosh|atk|1
|turn|13
|
|move|p2a: Landorus-Therian|U-turn|p1a: Bosh
|-supereffective|p1a: Bosh
|-damage|p1a: Bosh|0 fnt
|faint|p1a: Bosh
|
|switch|p2a: Latios|Latios, M|302/302
|
|
|switch|p1a: Pat Riely|Tyranitar, F|403/403
|-damage|p1a: Pat Riely|353/403|[from] Stealth Rock
|-damage|p1a: Pat Riely|286/403|[from] Spikes
|-weather|Sandstorm|[from] ability: Sand Stream|[of] p1a: Pat Riely
|turn|14
|
|move|p2a: Latios|Surf|p1a: Pat Riely
|-supereffective|p1a: Pat Riely
|-damage|p1a: Pat Riely|120/403
|move|p1a: Pat Riely|Pursuit|p2a: Latios
|-supereffective|p2a: Latios
|-damage|p2a: Latios|158/302
|
|-weather|Sandstorm|[upkeep]
|-damage|p2a: Latios|140/302|[from] sandstorm
|-heal|p1a: Pat Riely|145/403|[from] item: Leftovers
|turn|15
|
|move|p2a: Latios|Surf|p1a: Pat Riely
|-supereffective|p1a: Pat Riely
|-damage|p1a: Pat Riely|0 fnt
|faint|p1a: Pat Riely
|
|-weather|Sandstorm|[upkeep]
|-damage|p2a: Latios|122/302|[from] sandstorm
|
|switch|p1a: Miller|Scizor, F, shiny|172/343
|-damage|p1a: Miller|115/343|[from] Spikes
|-damage|p1a: Miller|73/343|[from] Stealth Rock
|turn|16
|
|move|p1a: Miller|Bullet Punch|p2a: Latios
|-damage|p2a: Latios|0 fnt
|faint|p2a: Latios
|
|-weather|Sandstorm|[upkeep]
|
|switch|p2a: Landorus-Therian|Landorus-Therian, M|335/335
|-ability|p2a: Landorus-Therian|Intimidate|[of] p1a: Miller
|-unboost|p1a: Miller|atk|1
|turn|17
|
|move|p1a: Miller|Bullet Punch|p2a: Landorus-Therian
|-damage|p2a: Landorus-Therian|230/335
|move|p2a: Landorus-Therian|Earthquake|p1a: Miller
|-damage|p1a: Miller|0 fnt
|faint|p1a: Miller
|
|-weather|Sandstorm|[upkeep]
|
|switch|p1a: D.Wade|Terrakion|323/323
|-damage|p1a: D.Wade|303/323|[from] Stealth Rock
|-damage|p1a: D.Wade|250/323|[from] Spikes
|turn|18
|
|move|p1a: D.Wade|Stone Edge|p2a: Landorus-Therian
|-damage|p2a: Landorus-Therian|58/335
|move|p2a: Landorus-Therian|Earthquake|p1a: D.Wade
|-supereffective|p1a: D.Wade
|-damage|p1a: D.Wade|0 fnt
|faint|p1a: D.Wade
|
|-weather|Sandstorm|[upkeep]
|
|switch|p1a: Ray Allen|Magnezone|283/283 slp
|-damage|p1a: Ray Allen|266/283 slp|[from] Stealth Rock
|-damage|p1a: Ray Allen|219/283 slp|[from] Spikes
|turn|19
|
|move|p2a: Landorus-Therian|Earthquake|p1a: Ray Allen
|-supereffective|p1a: Ray Allen
|-damage|p1a: Ray Allen|0 fnt
|faint|p1a: Ray Allen
|
|win|liugkblo
|raw|Ladder updating...
|raw|chadbruv's rating: 1561 &rarr; <strong>1532</strong><br />(-29 for losing)
|raw|liugkblo's rating: 1402 &rarr; <strong>1431</strong><br />(+29 for winning)
|chat|liugkblo|gg
|leave|chadbruv
|player|p1