|j|☆xpeps_10
|j|☆ybd1
|t:|1733861236
|gametype|singles
|player|p1|xpeps_10|gentleman-gen4|1395
|player|p2|ybd1|ghetsis-gen5bw|1350
|teamsize|p1|6
|teamsize|p2|6
|gen|5
|tier|[Gen 5] OU
|rated|
|rule|Species Clause: Limit one of each Pokémon
|rule|OHKO Clause: OHKO moves are banned
|rule|Moody Clause: Moody is banned
|rule|Evasion Items Clause: Evasion items are banned
|rule|Evasion Moves Clause: Evasion moves are banned
|rule|Endless Battle Clause: Forcing endless battles is banned
|rule|HP Percentage Mod: HP is shown in percentages
|rule|Evasion Abilities Clause: Evasion abilities are banned
|rule|Sleep Moves Clause: Sleep-inducing moves are banned
|rule|Swagger Clause: Swagger is banned
|rule|Baton Pass Stat Clause: No Baton Passer may have a way to boost its stats
|clearpoke
|poke|p1|Politoed, M|item
|poke|p1|Thundurus-Therian, M|item
|poke|p1|Starmie|item
|poke|p1|Ferrothorn, F|item
|poke|p1|Lucario, M|item
|poke|p1|Keldeo|item
|poke|p2|Gyarados, M|item
|poke|p2|Mienshao, F|item
|poke|p2|Garchomp, M|item
|poke|p2|Reuniclus, M|item
|poke|p2|Lucario, F|item
|poke|p2|Conkeldurr, M|item
|teampreview
|inactive|Battle timer is ON: inactive players will automatically lose when time's up. (requested by ybd1)
|inactive|xpeps_10 also wants the timer to be on.
|
|t:|1733861246
|start
|switch|p1a: Ferrothorn|Ferrothorn, F|100/100
|switch|p2a: Mienshao|Mienshao, F|100/100
|turn|1
|
|t:|1733861260
|move|p2a: Mienshao|High Jump Kick|p1a: Ferrothorn
|-supereffective|p1a: Ferrothorn
|-crit|p1a: Ferrothorn
|-enditem|p1a: Ferrothorn|Chople Berry|[eat]
|-enditem|p1a: Ferrothorn|Chople Berry|[weaken]
|-damage|p1a: Ferrothorn|0 fnt
|-damage|p2a: Mienshao|88/100|[from] ability: Iron Barbs|[of] p1a: Ferrothorn
|faint|p1a: Ferrothorn
|-damage|p2a: Mienshao|78/100|[from] item: Life Orb
|
|upkeep
|
|t:|1733861275
|switch|p1a: Keldeo|Keldeo|100/100
|turn|2
|
|t:|1733861283
|switch|p2a: Gyarados|Gyarados, M|100/100
|-ability|p2a: Gyarados|Intimidate|boost
|-unboost|p1a: Keldeo|atk|1
|move|p1a: Keldeo|Surf|p2a: Gyarados
|-resisted|p2a: Gyarados
|-damage|p2a: Gyarados|81/100
|
|-heal|p2a: Gyarados|87/100|[from] item: Leftovers
|upkeep
|turn|3
|
|t:|1733861296
|switch|p1a: Starmie|Starmie|100/100
|-item|p1a: Starmie|Air Balloon
|move|p2a: Gyarados|Dragon Tail|p1a: Starmie
|-damage|p1a: Starmie|74/100
|-enditem|p1a: Starmie|Air Balloon
|drag|p1a: Keldeo|Keldeo|100/100
|
|-heal|p2a: Gyarados|93/100|[from] item: Leftovers
|upkeep
|turn|4
|
|t:|1733861304
|switch|p1a: Politoed|Politoed, M, shiny|100/100
|-weather|RainDance|[from] ability: Drizzle|[of] p1a: Politoed
|move|p2a: Gyarados|Dragon Tail|p1a: Politoed|[miss]
|-miss|p2a: Gyarados|p1a: Politoed
|
|-weather|RainDance|[upkeep]
|-heal|p2a: Gyarados|99/100|[from] item: Leftovers
|upkeep
|turn|5
|
|t:|1733861310
|move|p1a: Politoed|Icy Wind|p2a: Gyarados
|-damage|p2a: Gyarados|89/100
|-unboost|p2a: Gyarados|spe|1
|move|p2a: Gyarados|Dragon Tail|p1a: Politoed
|-damage|p1a: Politoed|84/100
|drag|p1a: Starmie|Starmie|74/100
|
|-weather|RainDance|[upkeep]
|-heal|p2a: Gyarados|95/100|[from] item: Leftovers
|upkeep
|turn|6
|
|t:|1733861319
|switch|p2a: Garchomp|Garchomp, M|100/100
|move|p1a: Starmie|Ice Beam|p2a: Garchomp
|-supereffective|p2a: Garchomp
|-damage|p2a: Garchomp|0 fnt
|faint|p2a: Garchomp
|
|-weather|RainDance|[upkeep]
|upkeep
|
|t:|1733861330
|switch|p2a: Reuniclus|Reuniclus, M|100/100
|turn|7
|
|t:|1733861334
|move|p1a: Starmie|Surf|p2a: Reuniclus
|-damage|p2a: Reuniclus|44/100
|move|p2a: Reuniclus|Thunder|p1a: Starmie
|-supereffective|p1a: Starmie
|-damage|p1a: Starmie|0 fnt
|faint|p1a: Starmie
|
|-weather|RainDance|[upkeep]
|-heal|p2a: Reuniclus|50/100|[from] item: Leftovers
|upkeep
|
|t:|1733861343
|switch|p1a: Thundurus|Thundurus-Therian, M|100/100
|turn|8
|
|t:|1733861345
|move|p1a: Thundurus|Thunder|p2a: Reuniclus
|-damage|p2a: Reuniclus|0 fnt
|faint|p2a: Reuniclus
|
|-weather|RainDance|[upkeep]
|upkeep
|
|t:|1733861352
|switch|p2a: Mienshao|Mienshao, F|100/100
|turn|9
|
|t:|1733861354
|move|p2a: Mienshao|Stone Edge|p1a: Thundurus|[miss]
|-miss|p2a: Mienshao|p1a: Thundurus
|move|p1a: Thundurus|Thunder|p2a: Mienshao
|-damage|p2a: Mienshao|0 fnt
|faint|p2a: Mienshao
|
|-weather|RainDance|[upkeep]
|upkeep
|
|t:|1733861380
|switch|p2a: Conkeldurr|Conkeldurr, M|100/100
|turn|10
|
|t:|1733861392
|move|p1a: Thundurus|Thunder|p2a: Conkeldurr
|-damage|p2a: Conkeldurr|16/100
|-status|p2a: Conkeldurr|par
|move|p2a: Conkeldurr|Ice Punch|p1a: Thundurus
|-supereffective|p1a: Thundurus
|-damage|p1a: Thundurus|0 fnt
|faint|p1a: Thundurus
|
|-weather|RainDance|[upkeep]
|-heal|p2a: Conkeldurr|22/100 par|[from] item: Leftovers
|upkeep
|
|t:|1733861405
|switch|p1a: Politoed|Politoed, M, shiny|84/100
|turn|11
|
|t:|1733861425
|move|p2a: Conkeldurr|Mach Punch|p1a: Politoed
|-damage|p1a: Politoed|56/100
|-enditem|p1a: Politoed|Eject Button
|
|t:|1733861430
|switch|p1a: Keldeo|Keldeo|100/100
|
|-weather|RainDance|[upkeep]
|-heal|p2a: Conkeldurr|28/100 par|[from] item: Leftovers
|upkeep
|turn|12
|
|t:|1733861437
|switch|p2a: Gyarados|Gyarados, M|95/100
|-ability|p2a: Gyarados|Intimidate|boost
|-unboost|p1a: Keldeo|atk|1
|move|p1a: Keldeo|Surf|p2a: Gyarados
|-resisted|p2a: Gyarados
|-damage|p2a: Gyarados|68/100
|
|-weather|RainDance|[upkeep]
|-heal|p2a: Gyarados|74/100|[from] item: Leftovers
|upkeep
|turn|13
|
|t:|1733861453
|switch|p1a: Politoed|Politoed, M, shiny|56/100
|move|p2a: Gyarados|Dragon Tail|p1a: Politoed
|-damage|p1a: Politoed|40/100
|drag|p1a: Lucario|Lucario, M|100/100
|
|-weather|RainDance|[upkeep]
|-heal|p2a: Gyarados|80/100|[from] item: Leftovers
|upkeep
|turn|14
|
|t:|1733861469
|move|p1a: Lucario|Extreme Speed|p2a: Gyarados
|-damage|p2a: Gyarados|51/100
|-damage|p1a: Lucario|91/100|[from] item: Life Orb
|move|p2a: Gyarados|Waterfall|p1a: Lucario
|-damage|p1a: Lucario|7/100
|
|-weather|RainDance|[upkeep]
|-heal|p2a: Gyarados|57/100|[from] item: Leftovers
|upkeep
|turn|15
|
|t:|1733861478
|move|p1a: Lucario|Extreme Speed|p2a: Gyarados
|-damage|p2a: Gyarados|32/100
|-damage|p1a: Lucario|0 fnt|[from] item: Life Orb
|faint|p1a: Lucario
|move|p2a: Gyarados|Rest|p2a: Gyarados
|-status|p2a: Gyarados|slp|[from] move: Rest
|-heal|p2a: Gyarados|100/100 slp|[silent]
|
|-weather|RainDance|[upkeep]
|upkeep
|
|t:|1733861490
|switch|p1a: Politoed|Politoed, M, shiny|40/100
|turn|16
|
|t:|1733861508
|cant|p2a: Gyarados|slp
|move|p2a: Gyarados|Sleep Talk|p2a: Gyarados
|move|p2a: Gyarados|Rest||[from]move: Sleep Talk|[still]
|-fail|p2a: Gyarados
|move|p1a: Politoed|Thief|p2a: Gyarados
|-damage|p2a: Gyarados|96/100 slp
|-enditem|p2a: Gyarados|Leftovers|[silent]|[from] move: Thief|[of] p1a: Politoed
|-item|p1a: Politoed|Leftovers|[from] move: Thief|[of] p2a: Gyarados
|
|-weather|RainDance|[upkeep]
|-heal|p1a: Politoed|47/100|[from] item: Leftovers
|upkeep
|turn|17
|
|t:|1733861515
|cant|p2a: Gyarados|slp
|move|p2a: Gyarados|Sleep Talk|p2a: Gyarados
|move|p2a: Gyarados|Rest||[from]move: Sleep Talk|[still]
|-fail|p2a: Gyarados
|move|p1a: Politoed|Icy Wind|p2a: Gyarados
|-damage|p2a: Gyarados|86/100 slp
|-unboost|p2a: Gyarados|spe|1
|
|-weather|RainDance|[upkeep]
|-heal|p1a: Politoed|53/100|[from] item: Leftovers
|upkeep
|turn|18
|
|t:|1733861525
|move|p1a: Politoed|Scald|p2a: Gyarados
|-resisted|p2a: Gyarados
|-damage|p2a: Gyarados|72/100 slp
|-curestatus|p2a: Gyarados|slp|[msg]
|move|p2a: Gyarados|Waterfall|p1a: Politoed
|-resisted|p1a: Politoed
|-damage|p1a: Politoed|28/100
|
|-weather|RainDance|[upkeep]
|-heal|p1a: Politoed|34/100|[from] item: Leftovers
|upkeep
|turn|19
|
|t:|1733861533
|move|p1a: Politoed|Scald|p2a: Gyarados
|-resisted|p2a: Gyarados
|-damage|p2a: Gyarados|58/100
|-status|p2a: Gyarados|brn
|move|p2a: Gyarados|Dragon Tail|p1a: Politoed|[miss]
|-miss|p2a: Gyarados|p1a: Politoed
|
|-weather|RainDance|[upkeep]
|-heal|p1a: Politoed|40/100|[from] item: Leftovers
|-damage|p2a: Gyarados|46/100 brn|[from] brn
|upkeep
|turn|20
|
|t:|1733861541
|move|p1a: Politoed|Scald|p2a: Gyarados
|-resisted|p2a: Gyarados
|-damage|p2a: Gyarados|31/100 brn
|move|p2a: Gyarados|Rest|p2a: Gyarados
|-status|p2a: Gyarados|slp|[from] move: Rest
|-heal|p2a: Gyarados|100/100 slp|[silent]
|
|-weather|RainDance|[upkeep]
|-heal|p1a: Politoed|46/100|[from] item: Leftovers
|upkeep
|turn|21
|
|t:|1733861551
|move|p1a: Politoed|Icy Wind|p2a: Gyarados
|-damage|p2a: Gyarados|92/100 slp
|-unboost|p2a: Gyarados|spe|1
|cant|p2a: Gyarados|slp
|move|p2a: Gyarados|Sleep Talk|p2a: Gyarados
|move|p2a: Gyarados|Waterfall|p1a: Politoed|[from]move: Sleep Talk
|-resisted|p1a: Politoed
|-damage|p1a: Politoed|22/100
|
|-weather|RainDance|[upkeep]
|-heal|p1a: Politoed|28/100|[from] item: Leftovers
|upkeep
|turn|22
|
|t:|1733861556
|move|p1a: Politoed|Scald|p2a: Gyarados
|-resisted|p2a: Gyarados
|-damage|p2a: Gyarados|77/100 slp
|cant|p2a: Gyarados|slp
|move|p2a: Gyarados|Sleep Talk|p2a: Gyarados
|move|p2a: Gyarados|Rest||[from]move: Sleep Talk|[still]
|-fail|p2a: Gyarados
|
|-weather|RainDance|[upkeep]
|-heal|p1a: Politoed|34/100|[from] item: Leftovers
|upkeep
|turn|23
|
|t:|1733861568
|move|p1a: Politoed|Scald|p2a: Gyarados
|-resisted|p2a: Gyarados
|-damage|p2a: Gyarados|61/100 slp
|-curestatus|p2a: Gyarados|slp|[msg]
|move|p2a: Gyarados|Waterfall|p1a: Politoed
|-resisted|p1a: Politoed
|-damage|p1a: Politoed|11/100
|
|-weather|RainDance|[upkeep]
|-heal|p1a: Politoed|17/100|[from] item: Leftovers
|upkeep
|turn|24
|
|t:|1733861578
|move|p1a: Politoed|Scald|p2a: Gyarados
|-resisted|p2a: Gyarados
|-damage|p2a: Gyarados|46/100
|move|p2a: Gyarados|Waterfall|p1a: Politoed
|-resisted|p1a: Politoed
|-damage|p1a: Politoed|0 fnt
|faint|p1a: Politoed
|
|-weather|RainDance|[upkeep]
|upkeep
|
|t:|1733861582
|switch|p1a: Keldeo|Keldeo|100/100
|turn|25
|j| CertamenMeum
|
|t:|1733861585
|move|p1a: Keldeo|Hydro Pump|p2a: Gyarados
|-resisted|p2a: Gyarados
|-damage|p2a: Gyarados|11/100
|move|p2a: Gyarados|Rest|p2a: Gyarados
|-status|p2a: Gyarados|slp|[from] move: Rest
|-heal|p2a: Gyarados|100/100 slp|[silent]
|
|-weather|RainDance|[upkeep]
|upkeep
|turn|26
|
|t:|1733861593
|move|p1a: Keldeo|Hydro Pump|p2a: Gyarados
|-resisted|p2a: Gyarados
|-damage|p2a: Gyarados|61/100 slp
|cant|p2a: Gyarados|slp
|move|p2a: Gyarados|Sleep Talk|p2a: Gyarados
|move|p2a: Gyarados|Rest||[from]move: Sleep Talk|[still]
|-fail|p2a: Gyarados
|
|-weather|RainDance|[upkeep]
|upkeep
|turn|27
|
|t:|1733861596
|move|p1a: Keldeo|Hydro Pump|p2a: Gyarados
|-resisted|p2a: Gyarados
|-damage|p2a: Gyarados|23/100 slp
|cant|p2a: Gyarados|slp
|move|p2a: Gyarados|Sleep Talk|p2a: Gyarados
|move|p2a: Gyarados|Dragon Tail|p1a: Keldeo|[from]move: Sleep Talk
|-damage|p1a: Keldeo|82/100
|
|-weather|RainDance|[upkeep]
|upkeep
|turn|28
|
|t:|1733861602
|move|p1a: Keldeo|Hydro Pump|p2a: Gyarados
|-resisted|p2a: Gyarados
|-damage|p2a: Gyarados|0 fnt
|faint|p2a: Gyarados
|
|-weather|RainDance|[upkeep]
|upkeep
|
|t:|1733861608
|switch|p2a: Conkeldurr|Conkeldurr, M|28/100 par
|turn|29
|
|t:|1733861610
|move|p2a: Conkeldurr|Mach Punch|p1a: Keldeo
|-damage|p1a: Keldeo|50/100
|move|p1a: Keldeo|Hydro Pump|p2a: Conkeldurr|[miss]
|-miss|p1a: Keldeo|p2a: Conkeldurr
|
|-weather|RainDance|[upkeep]
|-heal|p2a: Conkeldurr|34/100 par|[from] item: Leftovers
|upkeep
|turn|30
|
|t:|1733861614
|cant|p2a: Conkeldurr|par
|move|p1a: Keldeo|Hydro Pump|p2a: Conkeldurr|[miss]
|-miss|p1a: Keldeo|p2a: Conkeldurr
|
|-weather|RainDance|[upkeep]
|-heal|p2a: Conkeldurr|40/100 par|[from] item: Leftovers
|upkeep
|turn|31
|c|☆xpeps_10|Fuck this game
|c|☆xpeps_10|Lol
|
|t:|1733861626
|move|p2a: Conkeldurr|Mach Punch|p1a: Keldeo
|-damage|p1a: Keldeo|15/100
|move|p1a: Keldeo|Hydro Pump|p2a: Conkeldurr
|-damage|p2a: Conkeldurr|0 fnt
|faint|p2a: Conkeldurr
|
|-weather|RainDance|[upkeep]
|upkeep
|
|t:|1733861634
|switch|p2a: Lucario|Lucario, F|100/100
|turn|32
|c|☆ybd1|i think itsa coz u spammed legendaries
|
|t:|1733861641
|move|p2a: Lucario|Extreme Speed|p1a: Keldeo
|-damage|p1a: Keldeo|0 fnt
|faint|p1a: Keldeo
|-damage|p2a: Lucario|91/100|[from] item: Life Orb
|
|win|ybd1
|raw|xpeps_10's rating: 1395 &rarr; <strong>1372</strong><br />(-23 for losing)
|raw|ybd1's rating: 1350 &rarr; <strong>1373</strong><br />(+23 for winning)
|l|☆ybd1
|player|p2|
|l|☆xpeps_10
|player|p1|
|j| Igktor
