|j|☆cherry blooms
|j|☆Zheitgeist
|player|p1|cherry blooms|lucas|1436
|player|p2|Zheitgeist|acetrainer|1404
|teamsize|p1|6
|teamsize|p2|6
|gametype|singles
|gen|5
|tier|[Gen 5] OU
|rated|
|clearpoke
|poke|p1|Celebi|item
|poke|p1|Keldeo-Resolute|item
|poke|p1|Tentacruel, M|item
|poke|p1|Jirachi|item
|poke|p1|Politoed, F|item
|poke|p1|Thundurus-Therian, M|item
|poke|p2|Politoed, F|item
|poke|p2|Garchomp, F|item
|poke|p2|Gyarados, M|item
|poke|p2|Latios, M|item
|poke|p2|Starmie|item
|poke|p2|Ferrothorn, F|item
|rule|Species Clause: Limit one of each Pokémon
|rule|OHKO Clause: OHKO moves are banned
|rule|Moody Clause: Moody is banned
|rule|Evasion Moves Clause: Evasion moves are banned
|rule|Endless Battle Clause: Forcing endless battles is banned
|rule|HP Percentage Mod: HP is shown in percentages
|rule|Evasion Abilities Clause: Evasion abilities are banned
|rule|Baton Pass Clause: Limit one Baton Passer, can't pass Spe and other stats simultaneously
|rule|Sleep Clause: Sleep-inducing moves are banned
|rule|Swagger Clause: Swagger is banned
|teampreview
|j| Mocha Rush
|inactive|Battle timer is ON: inactive players will automatically lose when time's up. (requested by Zheitgeist)
|
|start
|switch|p1a: Politoed|Politoed, F|100/100
|switch|p2a: Mint|Latios, M, shiny|100/100
|-weather|RainDance|[from] ability: Drizzle|[of] p1a: Politoed
|turn|1
|
|move|p1a: Politoed|Protect|p1a: Politoed
|-singleturn|p1a: Politoed|Protect
|move|p2a: Mint|Psyshock|p1a: Politoed
|-activate|p1a: Politoed|move: Protect
|
|-weather|RainDance|[upkeep]
|upkeep
|turn|2
|
|switch|p1a: Jirachi|Jirachi|100/100
|move|p2a: Mint|Psyshock|p1a: Jirachi
|-resisted|p1a: Jirachi
|-damage|p1a: Jirachi|87/100
|
|-weather|RainDance|[upkeep]
|-heal|p1a: Jirachi|94/100|[from] item: Leftovers
|upkeep
|turn|3
|
|switch|p2a: Vanilla|Garchomp, F|100/100
|move|p1a: Jirachi|Stealth Rock|p2a: Vanilla
|-sidestart|p2: Zheitgeist|move: Stealth Rock
|
|-weather|RainDance|[upkeep]
|-heal|p1a: Jirachi|99/100|[from] item: Leftovers
|upkeep
|turn|4
|
|switch|p1a: Politoed|Politoed, F|100/100
|move|p2a: Vanilla|Substitute|p2a: Vanilla
|-start|p2a: Vanilla|Substitute
|-damage|p2a: Vanilla|76/100
|
|-weather|RainDance|[upkeep]
|upkeep
|turn|5
|
|move|p2a: Vanilla|Swords Dance|p2a: Vanilla
|-boost|p2a: Vanilla|atk|2
|move|p1a: Politoed|Encore|p2a: Vanilla
|-start|p2a: Vanilla|Encore
|
|-weather|RainDance|[upkeep]
|upkeep
|turn|6
|
|switch|p2a: Barbier|Ferrothorn, F|100/100
|-damage|p2a: Barbier|94/100|[from] Stealth Rock
|move|p1a: Politoed|Scald|p2a: Barbier
|-resisted|p2a: Barbier
|-crit|p2a: Barbier
|-damage|p2a: Barbier|71/100
|
|-weather|RainDance|[upkeep]
|-heal|p2a: Barbier|77/100|[from] item: Leftovers
|upkeep
|turn|7
|
|move|p1a: Politoed|Scald|p2a: Barbier
|-resisted|p2a: Barbier
|-damage|p2a: Barbier|64/100
|move|p2a: Barbier|Stealth Rock|p1a: Politoed
|-sidestart|p1: cherry blooms|move: Stealth Rock
|
|-weather|RainDance|[upkeep]
|-heal|p2a: Barbier|71/100|[from] item: Leftovers
|upkeep
|turn|8
|
|move|p1a: Politoed|Encore|p2a: Barbier
|-start|p2a: Barbier|Encore
|move|p2a: Barbier|Stealth Rock||[still]
|-fail|p2a: Barbier
|
|-weather|RainDance|[upkeep]
|-heal|p2a: Barbier|77/100|[from] item: Leftovers
|upkeep
|turn|9
|
|switch|p2a: compass|Starmie|100/100
|-damage|p2a: compass|88/100|[from] Stealth Rock
|move|p1a: Politoed|Scald|p2a: compass
|-resisted|p2a: compass
|-damage|p2a: compass|60/100
|-status|p2a: compass|brn
|
|-weather|RainDance|[upkeep]
|-damage|p2a: compass|47/100 brn|[from] brn
|upkeep
|turn|10
|
|move|p1a: Politoed|Protect|p1a: Politoed
|-singleturn|p1a: Politoed|Protect
|move|p2a: compass|Thunder|p1a: Politoed
|-activate|p1a: Politoed|move: Protect
|
|-weather|RainDance|[upkeep]
|-damage|p2a: compass|35/100 brn|[from] brn
|upkeep
|turn|11
|
|switch|p1a: Jirachi|Jirachi|99/100
|-damage|p1a: Jirachi|94/100|[from] Stealth Rock
|move|p2a: compass|Ice Beam|p1a: Jirachi
|-resisted|p1a: Jirachi
|-damage|p1a: Jirachi|78/100
|-damage|p2a: compass|25/100 brn|[from] item: Life Orb
|
|-weather|RainDance|[upkeep]
|-heal|p1a: Jirachi|84/100|[from] item: Leftovers
|-damage|p2a: compass|13/100 brn|[from] brn
|upkeep
|turn|12
|
|move|p2a: compass|Hydro Pump|p1a: Jirachi
|-damage|p1a: Jirachi|18/100
|-damage|p2a: compass|3/100 brn|[from] item: Life Orb
|move|p1a: Jirachi|Wish|p1a: Jirachi
|
|-weather|RainDance|[upkeep]
|-heal|p1a: Jirachi|25/100|[from] item: Leftovers
|-damage|p2a: compass|0 fnt|[from] brn
|faint|p2a: compass
|upkeep
|
|switch|p2a: Toadette|Politoed, F, shiny|100/100
|-damage|p2a: Toadette|88/100|[from] Stealth Rock
|turn|13
|
|switch|p1a: Celebi|Celebi|100/100
|-damage|p1a: Celebi|88/100|[from] Stealth Rock
|move|p2a: Toadette|Scald|p1a: Celebi
|-resisted|p1a: Celebi
|-damage|p1a: Celebi|71/100
|-status|p1a: Celebi|brn
|
|-weather|RainDance|[upkeep]
|-heal|p1a: Celebi|100/100 brn|[from] move: Wish|[wisher] Jirachi
|-damage|p1a: Celebi|88/100 brn|[from] brn
|upkeep
|turn|14
|inactive|Zheitgeist has 120 seconds left.
|
|switch|p2a: Long|Gyarados, M, shiny|100/100
|-damage|p2a: Long|76/100|[from] Stealth Rock
|move|p1a: Celebi|Nasty Plot|p1a: Celebi
|-boost|p1a: Celebi|spa|2
|
|-weather|RainDance|[upkeep]
|-heal|p2a: Long|82/100|[from] item: Leftovers
|-heal|p1a: Celebi|94/100 brn|[from] item: Leftovers
|-damage|p1a: Celebi|82/100 brn|[from] brn
|upkeep
|turn|15
|
|move|p2a: Long|Bounce||[still]
|-prepare|p2a: Long|Bounce|p1a: Celebi
|move|p1a: Celebi|Psychic|p2a: Long|[miss]
|-miss|p1a: Celebi|p2a: Long
|
|-weather|RainDance|[upkeep]
|-heal|p2a: Long|88/100|[from] item: Leftovers
|-heal|p1a: Celebi|88/100 brn|[from] item: Leftovers
|-damage|p1a: Celebi|76/100 brn|[from] brn
|upkeep
|turn|16
|
|switch|p1a: Jirachi|Jirachi|25/100
|-damage|p1a: Jirachi|18/100|[from] Stealth Rock
|move|p2a: Long|Bounce|p1a: Jirachi|[from]lockedmove
|-resisted|p1a: Jirachi
|-damage|p1a: Jirachi|0 fnt
|faint|p1a: Jirachi
|-ability|p2a: Long|Moxie|boost
|-boost|p2a: Long|atk|1
|
|-weather|RainDance|[upkeep]
|-heal|p2a: Long|94/100|[from] item: Leftovers
|upkeep
|
|switch|p1a: Thundurus|Thundurus-Therian, M, shiny|100/100
|-damage|p1a: Thundurus|76/100|[from] Stealth Rock
|turn|17
|
|switch|p2a: Vanilla|Garchomp, F|76/100
|-damage|p2a: Vanilla|69/100|[from] Stealth Rock
|move|p1a: Thundurus|Thunder|p2a: Vanilla
|-immune|p2a: Vanilla
|
|-weather|RainDance|[upkeep]
|-heal|p1a: Thundurus|82/100|[from] item: Leftovers
|upkeep
|turn|18
|
|switch|p1a: Politoed|Politoed, F|100/100
|-damage|p1a: Politoed|88/100|[from] Stealth Rock
|move|p2a: Vanilla|Outrage|p1a: Politoed
|-damage|p1a: Politoed|31/100
|
|-weather|RainDance|[upkeep]
|-heal|p1a: Politoed|37/100|[from] item: Leftovers
|upkeep
|turn|19
|
|move|p1a: Politoed|Protect|p1a: Politoed
|-singleturn|p1a: Politoed|Protect
|move|p2a: Vanilla|Outrage|p1a: Politoed|[from]lockedmove
|-activate|p1a: Politoed|move: Protect
|-start|p2a: Vanilla|confusion|[fatigue]
|
|-weather|RainDance|[upkeep]
|-heal|p1a: Politoed|43/100|[from] item: Leftovers
|upkeep
|turn|20
|
|switch|p2a: Toadette|Politoed, F, shiny|88/100
|-damage|p2a: Toadette|76/100|[from] Stealth Rock
|move|p1a: Politoed|Scald|p2a: Toadette
|-resisted|p2a: Toadette
|-damage|p2a: Toadette|55/100
|
|-weather|RainDance|[upkeep]
|-heal|p1a: Politoed|49/100|[from] item: Leftovers
|upkeep
|turn|21
|
|move|p1a: Politoed|Protect|p1a: Politoed
|-singleturn|p1a: Politoed|Protect
|move|p2a: Toadette|Scald|p1a: Politoed
|-activate|p1a: Politoed|move: Protect
|
|-weather|RainDance|[upkeep]
|-heal|p1a: Politoed|55/100|[from] item: Leftovers
|upkeep
|turn|22
|
|switch|p1a: Celebi|Celebi|76/100
|-damage|p1a: Celebi|63/100|[from] Stealth Rock
|move|p2a: Toadette|Scald|p1a: Celebi
|-resisted|p1a: Celebi
|-damage|p1a: Celebi|47/100
|
|-weather|RainDance|[upkeep]
|-heal|p1a: Celebi|53/100|[from] item: Leftovers
|upkeep
|turn|23
|
|switch|p2a: Mint|Latios, M, shiny|100/100
|-damage|p2a: Mint|88/100|[from] Stealth Rock
|move|p1a: Celebi|Recover|p1a: Celebi
|-heal|p1a: Celebi|100/100
|
|-weather|RainDance|[upkeep]
|upkeep
|turn|24
|
|switch|p1a: Politoed|Politoed, F|55/100
|-damage|p1a: Politoed|43/100|[from] Stealth Rock
|move|p2a: Mint|Draco Meteor|p1a: Politoed
|-damage|p1a: Politoed|0 fnt
|-unboost|p2a: Mint|spa|2
|faint|p1a: Politoed
|
|-weather|RainDance|[upkeep]
|upkeep
|
|switch|p1a: Celebi|Celebi|100/100
|-damage|p1a: Celebi|88/100|[from] Stealth Rock
|turn|25
|
|switch|p2a: Long|Gyarados, M, shiny|94/100
|-damage|p2a: Long|69/100|[from] Stealth Rock
|move|p1a: Celebi|Nasty Plot|p1a: Celebi
|-boost|p1a: Celebi|spa|2
|
|-weather|RainDance|[upkeep]
|-heal|p2a: Long|75/100|[from] item: Leftovers
|-heal|p1a: Celebi|94/100|[from] item: Leftovers
|upkeep
|turn|26
|
|move|p2a: Long|Bounce||[still]
|-prepare|p2a: Long|Bounce|p1a: Celebi
|move|p1a: Celebi|Baton Pass|p1a: Celebi
|
|switch|p1a: Thundurus|Thundurus-Therian, M, shiny|82/100|[from]move: Baton Pass
|-damage|p1a: Thundurus|57/100|[from] Stealth Rock
|
|-weather|RainDance|[upkeep]
|-heal|p1a: Thundurus|63/100|[from] item: Leftovers
|-heal|p2a: Long|81/100|[from] item: Leftovers
|upkeep
|turn|27
|
|move|p1a: Thundurus|Substitute|p1a: Thundurus
|-start|p1a: Thundurus|Substitute
|-damage|p1a: Thundurus|38/100
|move|p2a: Long|Bounce|p1a: Thundurus|[from]lockedmove|[miss]
|-miss|p2a: Long|p1a: Thundurus
|
|-weather|RainDance|[upkeep]
|-heal|p1a: Thundurus|44/100|[from] item: Leftovers
|-heal|p2a: Long|88/100|[from] item: Leftovers
|upkeep
|turn|28
|c|☆Zheitgeist|dude
|c|☆Zheitgeist|uncool
|
|move|p1a: Thundurus|Thunder|p2a: Long
|-supereffective|p2a: Long
|-damage|p2a: Long|0 fnt
|faint|p2a: Long
|
|-weather|RainDance|[upkeep]
|-heal|p1a: Thundurus|50/100|[from] item: Leftovers
|upkeep
|inactive|Zheitgeist has 120 seconds left.
|
|switch|p2a: Toadette|Politoed, F, shiny|55/100
|-damage|p2a: Toadette|43/100|[from] Stealth Rock
|turn|29
|
|move|p2a: Toadette|Scald|p1a: Thundurus
|-end|p1a: Thundurus|Substitute
|move|p1a: Thundurus|Thunder|p2a: Toadette
|-supereffective|p2a: Toadette
|-damage|p2a: Toadette|0 fnt
|faint|p2a: Toadette
|
|-weather|RainDance|[upkeep]
|-heal|p1a: Thundurus|56/100|[from] item: Leftovers
|upkeep
|
|switch|p2a: Vanilla|Garchomp, F|69/100
|-damage|p2a: Vanilla|63/100|[from] Stealth Rock
|turn|30
|
|move|p1a: Thundurus|Hidden Power|p2a: Vanilla
|-supereffective|p2a: Vanilla
|-enditem|p2a: Vanilla|Yache Berry|[eat]
|-enditem|p2a: Vanilla|Yache Berry|[weaken]
|-damage|p2a: Vanilla|0 fnt
|faint|p2a: Vanilla
|
|-weather|RainDance|[upkeep]
|-heal|p1a: Thundurus|62/100|[from] item: Leftovers
|upkeep
|
|switch|p2a: Mint|Latios, M, shiny|88/100
|-damage|p2a: Mint|76/100|[from] Stealth Rock
|turn|31
|
|move|p1a: Thundurus|Hidden Power|p2a: Mint
|-supereffective|p2a: Mint
|-damage|p2a: Mint|0 fnt
|faint|p2a: Mint
|
|-weather|RainDance|[upkeep]
|-heal|p1a: Thundurus|68/100|[from] item: Leftovers
|upkeep
|
|switch|p2a: Barbier|Ferrothorn, F|77/100
|-damage|p2a: Barbier|71/100|[from] Stealth Rock
|turn|32
|
|move|p1a: Thundurus|Substitute|p1a: Thundurus
|-start|p1a: Thundurus|Substitute
|-damage|p1a: Thundurus|44/100
|move|p2a: Barbier|Power Whip|p1a: Thundurus
|-resisted|p1a: Thundurus
|-end|p1a: Thundurus|Substitute
|
|-weather|RainDance|[upkeep]
|-heal|p1a: Thundurus|50/100|[from] item: Leftovers
|-heal|p2a: Barbier|77/100|[from] item: Leftovers
|upkeep
|turn|33
|c|☆Zheitgeist|if the bounce didnt miss :-:
|
|move|p1a: Thundurus|Focus Blast|p2a: Barbier|[miss]
|-miss|p1a: Thundurus|p2a: Barbier
|move|p2a: Barbier|Leech Seed|p1a: Thundurus
|-start|p1a: Thundurus|move: Leech Seed
|
|-weather|RainDance|[upkeep]
|-heal|p1a: Thundurus|56/100|[from] item: Leftovers
|-heal|p2a: Barbier|83/100|[from] item: Leftovers
|-damage|p1a: Thundurus|43/100|[from] Leech Seed|[of] p2a: Barbier
|-heal|p2a: Barbier|94/100|[silent]
|upkeep
|turn|34
|
|move|p1a: Thundurus|Focus Blast|p2a: Barbier
|-supereffective|p2a: Barbier
|-damage|p2a: Barbier|0 fnt
|faint|p2a: Barbier
|
|win|cherry blooms
|c|☆Zheitgeist|gg
|l|☆cherry blooms
|raw|cherry blooms's rating: 1436 &rarr; <strong>1454</strong><br />(+18 for winning)
|raw|Zheitgeist's rating: 1405 &rarr; <strong>1387</strong><br />(-18 for losing)
|l|☆Zheitgeist
