|j|☆MeatballSpaghetti
|j|☆Natasha Grieves
|t:|1709281690
|gametype|singles
|player|p1|MeatballSpaghetti|169|1342
|player|p2|Natasha Grieves|phoebe-gen3|1513
|teamsize|p1|6
|teamsize|p2|6
|gen|5
|tier|[Gen 5] OU
|rated|
|rule|Species Clause: Limit one of each Pokémon
|rule|OHKO Clause: OHKO moves are banned
|rule|Moody Clause: Moody is banned
|rule|Evasion Items Clause: Evasion items are banned
|rule|Evasion Moves Clause: Evasion moves are banned
|rule|Endless Battle Clause: Forcing endless battles is banned
|rule|HP Percentage Mod: HP is shown in percentages
|rule|Evasion Abilities Clause: Evasion abilities are banned
|rule|Sleep Moves Clause: Sleep-inducing moves are banned
|rule|Swagger Clause: Swagger is banned
|rule|Baton Pass Stat Clause: No Baton Passer may have a way to boost its stats
|clearpoke
|poke|p1|Toxicroak, F|item
|poke|p1|Mamoswine, M|item
|poke|p1|Alakazam, M|item
|poke|p1|Magnezone|item
|poke|p1|Azelf|item
|poke|p1|Salamence, M|item
|poke|p2|Tyranitar, M|item
|poke|p2|Mamoswine, M|item
|poke|p2|Keldeo|item
|poke|p2|Amoonguss, F|item
|poke|p2|Gliscor, M|item
|poke|p2|Excadrill, M|item
|teampreview
|inactive|Battle timer is ON: inactive players will automatically lose when time's up. (requested by MeatballSpaghetti)
|
|t:|1709281717
|start
|switch|p1a: Azelf|Azelf|100/100
|switch|p2a: Gliscor|Gliscor, M|100/100
|turn|1
|
|t:|1709281727
|move|p1a: Azelf|Taunt|p2a: Gliscor
|-start|p2a: Gliscor|move: Taunt
|cant|p2a: Gliscor|move: Taunt|Stealth Rock
|
|-status|p2a: Gliscor|tox|[from] item: Toxic Orb
|upkeep
|turn|2
|
|t:|1709281744
|move|p1a: Azelf|Stealth Rock|p2a: Gliscor
|-sidestart|p2: Natasha Grieves|move: Stealth Rock
|move|p2a: Gliscor|U-turn|p1a: Azelf
|-supereffective|p1a: Azelf
|-damage|p1a: Azelf|50/100
|
|t:|1709281760
|switch|p2a: Excadrill|Excadrill, M|100/100|[from] U-turn
|-damage|p2a: Excadrill|97/100|[from] Stealth Rock
|
|-heal|p2a: Excadrill|100/100|[from] item: Leftovers
|upkeep
|turn|3
|
|t:|1709281767
|move|p2a: Excadrill|Protect|p2a: Excadrill
|-singleturn|p2a: Excadrill|Protect
|move|p1a: Azelf|Fire Punch|p2a: Excadrill
|-activate|p2a: Excadrill|move: Protect
|
|upkeep
|turn|4
|
|t:|1709281796
|move|p1a: Azelf|Fire Punch|p2a: Excadrill
|-supereffective|p2a: Excadrill
|-crit|p2a: Excadrill
|-damage|p2a: Excadrill|0 fnt
|faint|p2a: Excadrill
|
|upkeep
|
|t:|1709281803
|switch|p2a: Gliscor|Gliscor, M|100/100 tox
|-damage|p2a: Gliscor|88/100 tox|[from] Stealth Rock
|turn|5
|
|t:|1709281810
|switch|p1a: Mamoswine|Mamoswine, M|100/100
|move|p2a: Gliscor|Protect||[still]
|-fail|p2a: Gliscor
|
|-heal|p2a: Gliscor|100/100 tox|[from] ability: Poison Heal
|upkeep
|turn|6
|
|t:|1709281829
|switch|p2a: Keldeo|Keldeo|100/100
|-damage|p2a: Keldeo|94/100|[from] Stealth Rock
|move|p1a: Mamoswine|Substitute|p1a: Mamoswine
|-start|p1a: Mamoswine|Substitute
|-damage|p1a: Mamoswine|76/100
|
|-heal|p2a: Keldeo|100/100|[from] item: Leftovers
|-heal|p1a: Mamoswine|82/100|[from] item: Leftovers
|upkeep
|turn|7
|
|t:|1709281835
|move|p2a: Keldeo|Secret Sword|p1a: Mamoswine
|-supereffective|p1a: Mamoswine
|-end|p1a: Mamoswine|Substitute
|move|p1a: Mamoswine|Earthquake|p2a: Keldeo
|-damage|p2a: Keldeo|33/100
|
|-heal|p2a: Keldeo|40/100|[from] item: Leftovers
|-heal|p1a: Mamoswine|88/100|[from] item: Leftovers
|upkeep
|turn|8
|n| nikedykey|nikedykey
|
|t:|1709281849
|switch|p1a: Azelf|Azelf|50/100
|move|p2a: Keldeo|Scald|p1a: Azelf
|-damage|p1a: Azelf|0 fnt
|faint|p1a: Azelf
|
|-heal|p2a: Keldeo|46/100|[from] item: Leftovers
|upkeep
|
|t:|1709281850
|switch|p1a: Alakazam|Alakazam, M|100/100
|turn|9
|c| nikedykey|ouchie on exca
|c|☆Natasha Grieves|hey
|c| nikedykey|hey
|c| nikedykey|was that a roll?
|
|t:|1709281871
|switch|p2a: Tyranitar|Tyranitar, M|100/100
|-damage|p2a: Tyranitar|88/100|[from] Stealth Rock
|-weather|Sandstorm|[from] ability: Sand Stream|[of] p2a: Tyranitar
|move|p1a: Alakazam|Psyshock|p2a: Tyranitar
|-immune|p2a: Tyranitar
|
|-weather|Sandstorm|[upkeep]
|upkeep
|turn|10
|c| nikedykey|crit mttrd?
|inactive|Natasha Grieves has 120 seconds left.
|c|☆Natasha Grieves|I feel like it defo did
|
|t:|1709281913
|move|p1a: Alakazam|Focus Blast|p2a: Tyranitar|[miss]
|-miss|p1a: Alakazam|p2a: Tyranitar
|move|p2a: Tyranitar|Pursuit|p1a: Alakazam
|-supereffective|p1a: Alakazam
|-enditem|p1a: Alakazam|Focus Sash
|-damage|p1a: Alakazam|1/100
|
|-weather|Sandstorm|[upkeep]
|upkeep
|turn|11
|
|t:|1709281929
|move|p1a: Alakazam|Focus Blast|p2a: Tyranitar
|-supereffective|p2a: Tyranitar
|-enditem|p2a: Tyranitar|Chople Berry|[eat]
|-enditem|p2a: Tyranitar|Chople Berry|[weaken]
|-damage|p2a: Tyranitar|49/100
|move|p2a: Tyranitar|Pursuit|p1a: Alakazam
|-supereffective|p1a: Alakazam
|-damage|p1a: Alakazam|0 fnt
|faint|p1a: Alakazam
|
|-weather|Sandstorm|[upkeep]
|upkeep
|c| nikedykey|What is ttar learned bullet punch?
|c|☆Natasha Grieves|that'd be bonkz
|c| nikedykey|what if***
|c| nikedykey|How good would it be
|
|t:|1709281959
|switch|p1a: Magnezone|Magnezone|100/100
|turn|12
|
|t:|1709281969
|move|p1a: Magnezone|Flash Cannon|p2a: Tyranitar
|-supereffective|p2a: Tyranitar
|-damage|p2a: Tyranitar|1/100
|move|p2a: Tyranitar|Superpower|p1a: Magnezone
|-supereffective|p1a: Magnezone
|-damage|p1a: Magnezone|9/100
|-unboost|p2a: Tyranitar|atk|1
|-unboost|p2a: Tyranitar|def|1
|
|-weather|Sandstorm|[upkeep]
|-heal|p1a: Magnezone|15/100|[from] item: Leftovers
|upkeep
|turn|13
|c| nikedykey|I just thought of it when i saw it use pursuit. It gets get punch out there basically
|c| nikedykey|gets every punch
|
|t:|1709281993
|switch|p2a: Amoonguss|Amoonguss, F|100/100
|-damage|p2a: Amoonguss|88/100|[from] Stealth Rock
|move|p1a: Magnezone|Flash Cannon|p2a: Amoonguss
|-damage|p2a: Amoonguss|57/100
|
|-weather|Sandstorm|[upkeep]
|-damage|p2a: Amoonguss|51/100|[from] Sandstorm
|-heal|p1a: Magnezone|21/100|[from] item: Leftovers
|-heal|p2a: Amoonguss|57/100|[from] item: Black Sludge
|upkeep
|turn|14
|inactive|MeatballSpaghetti has 120 seconds left.
|
|t:|1709282026
|move|p1a: Magnezone|Flash Cannon|p2a: Amoonguss
|-damage|p2a: Amoonguss|24/100
|move|p2a: Amoonguss|Hidden Power|p1a: Magnezone
|-supereffective|p1a: Magnezone
|-damage|p1a: Magnezone|0 fnt
|faint|p1a: Magnezone
|
|-weather|Sandstorm|[upkeep]
|-damage|p2a: Amoonguss|18/100|[from] Sandstorm
|-heal|p2a: Amoonguss|24/100|[from] item: Black Sludge
|upkeep
|
|t:|1709282038
|switch|p1a: Mamoswine|Mamoswine, M|88/100
|turn|15
|
|t:|1709282044
|move|p1a: Mamoswine|Ice Shard|p2a: Amoonguss
|-supereffective|p2a: Amoonguss
|-damage|p2a: Amoonguss|0 fnt
|faint|p2a: Amoonguss
|
|-weather|Sandstorm|[upkeep]
|-heal|p1a: Mamoswine|94/100|[from] item: Leftovers
|upkeep
|c| nikedykey|I feel like in BW it wouldn't make a difference, but in gen 6 and beyond bullet punch would do insane with fairies
|
|t:|1709282053
|switch|p2a: Keldeo|Keldeo|46/100
|-damage|p2a: Keldeo|40/100|[from] Stealth Rock
|turn|16
|inactive|MeatballSpaghetti has 120 seconds left.
|inactive|Natasha Grieves has 120 seconds left.
|
|t:|1709282062
|switch|p1a: Salamence|Salamence, M|100/100
|move|p2a: Keldeo|Scald|p1a: Salamence
|-resisted|p1a: Salamence
|-damage|p1a: Salamence|74/100
|-status|p1a: Salamence|brn
|-enditem|p1a: Salamence|Lum Berry|[eat]
|-curestatus|p1a: Salamence|brn|[msg]
|
|-weather|Sandstorm|[upkeep]
|-damage|p2a: Keldeo|33/100|[from] Sandstorm
|-damage|p1a: Salamence|68/100|[from] Sandstorm
|-heal|p2a: Keldeo|40/100|[from] item: Leftovers
|upkeep
|turn|17
|inactive|Natasha Grieves has 120 seconds left.
|
|t:|1709282075
|move|p2a: Keldeo|Hidden Power|p1a: Salamence
|-supereffective|p1a: Salamence
|-damage|p1a: Salamence|0 fnt
|faint|p1a: Salamence
|
|-weather|Sandstorm|[upkeep]
|-damage|p2a: Keldeo|33/100|[from] Sandstorm
|-heal|p2a: Keldeo|40/100|[from] item: Leftovers
|upkeep
|
|t:|1709282077
|switch|p1a: Toxicroak|Toxicroak, F|100/100
|turn|18
|c|☆Natasha Grieves|I keep forgetting how good Keldeo is
|inactive|Natasha Grieves has 120 seconds left.
|c| nikedykey|croak is a COOCOO keldy counter
|c| nikedykey|Well, more like check
|c|☆Natasha Grieves|lol
|inactive|Natasha Grieves has 90 seconds left.
|c| nikedykey|not counter. still gets chunked by secret sword, probz
|
|t:|1709282133
|switch|p2a: Gliscor|Gliscor, M|100/100 tox
|-damage|p2a: Gliscor|88/100 tox|[from] Stealth Rock
|move|p1a: Toxicroak|Drain Punch|p2a: Gliscor
|-resisted|p2a: Gliscor
|-damage|p2a: Gliscor|70/100 tox
|-damage|p1a: Toxicroak|91/100|[from] item: Life Orb
|
|-weather|Sandstorm|[upkeep]
|-damage|p1a: Toxicroak|85/100|[from] Sandstorm
|-heal|p2a: Gliscor|83/100 tox|[from] ability: Poison Heal
|upkeep
|turn|19
|c| nikedykey|HOW DO YOU NOT SWORDS DANCE ON THAT TURN
|
|t:|1709282154
|move|p1a: Toxicroak|Ice Punch|p2a: Gliscor
|-supereffective|p2a: Gliscor
|-damage|p2a: Gliscor|0 fnt
|faint|p2a: Gliscor
|-damage|p1a: Toxicroak|75/100|[from] item: Life Orb
|
|-weather|Sandstorm|[upkeep]
|-damage|p1a: Toxicroak|69/100|[from] Sandstorm
|upkeep
|c|☆Natasha Grieves|Shit...
|c| nikedykey|if he SD'd you'd be done girly
|inactive|Natasha Grieves has 60 seconds left.
|c|☆Natasha Grieves|u right
|
|t:|1709282183
|switch|p2a: Keldeo|Keldeo|40/100
|-damage|p2a: Keldeo|33/100|[from] Stealth Rock
|turn|20
|c|☆MeatballSpaghetti|What in the world
|c| nikedykey|keldy lives sucker
|c| nikedykey|??
|c|☆MeatballSpaghetti|I just checked the chat
|c|☆MeatballSpaghetti|I had no idea this wa should ob
|c|☆MeatballSpaghetti|was going on
|
|t:|1709282210
|move|p2a: Keldeo|Secret Sword|p1a: Toxicroak
|-resisted|p1a: Toxicroak
|-crit|p1a: Toxicroak
|-damage|p1a: Toxicroak|0 fnt
|faint|p1a: Toxicroak
|
|-weather|Sandstorm|[upkeep]
|-damage|p2a: Keldeo|27/100|[from] Sandstorm
|-heal|p2a: Keldeo|33/100|[from] item: Leftovers
|upkeep
|c|☆Natasha Grieves|youre about to be scolded nikki
|
|t:|1709282212
|switch|p1a: Mamoswine|Mamoswine, M|94/100
|turn|21
|c| nikedykey|OOOOOHHHHHHHHHHHHHHHHHHHHH
|
|t:|1709282216
|move|p1a: Mamoswine|Ice Shard|p2a: Keldeo
|-resisted|p2a: Keldeo
|-crit|p2a: Keldeo
|-damage|p2a: Keldeo|8/100
|move|p2a: Keldeo|Scald|p1a: Mamoswine
|-supereffective|p1a: Mamoswine
|-damage|p1a: Mamoswine|0 fnt
|faint|p1a: Mamoswine
|
|win|Natasha Grieves
|raw|MeatballSpaghetti's rating: 1342 &rarr; <strong>1331</strong><br />(-11 for losing)
|raw|Natasha Grieves's rating: 1513 &rarr; <strong>1524</strong><br />(+11 for winning)
|l|☆MeatballSpaghetti
|player|p1|
|c|☆Natasha Grieves|I had band mamo
|c| nikedykey|but sucker
|c| nikedykey|a +2 sucker has to KO mamo, right?
|c|☆Natasha Grieves|No actually
|c|☆Natasha Grieves|It does 72~85 according to calc
|c| nikedykey|shit he thicc
|c| nikedykey|XDDD
|c|☆Natasha Grieves|lol
|c|☆Natasha Grieves|new match
|l|☆Natasha Grieves
|player|p2|
