|j|☆doses emotion
|j|☆BUMBACLAAT
|player|p1|doses emotion|100
|player|p2|BUMBACLAAT|69
|teamsize|p1|6
|teamsize|p2|6
|gametype|singles
|gen|5
|tier|[Gen 5] OU
|rated|
|rule|Sleep Clause Mod: Limit one foe put to sleep
|rule|Species Clause: Limit one of each Pokémon
|rule|OHKO Clause: OHKO moves are banned
|rule|Moody Clause: Moody is banned
|rule|Evasion Moves Clause: Evasion moves are banned
|rule|Endless Battle Clause: Forcing endless battles is banned
|rule|HP Percentage Mod: HP is shown in percentages
|rule|Evasion Abilities Clause: Evasion abilities are banned
|rule|Baton Pass Clause: Limit one Baton Passer, can't pass Spe and other stats simultaneously
|rule|Swagger Clause: Swagger is banned
|clearpoke
|poke|p1|Reuniclus, F|item
|poke|p1|Heatran, F|item
|poke|p1|Tyranitar, F|item
|poke|p1|Garchomp, F|item
|poke|p1|Amoonguss, M|item
|poke|p1|Mienshao, M|item
|poke|p2|Garchomp, F|item
|poke|p2|Thundurus-Therian, M|item
|poke|p2|Starmie|item
|poke|p2|Politoed, F|item
|poke|p2|Zoroark, M|item
|poke|p2|Skarmory, M|item
|teampreview
|inactive|Battle timer is ON: inactive players will automatically lose when time's up. (requested by doses emotion)
|
|start
|switch|p1a: Mienshao|Mienshao, M|100/100
|switch|p2a: Skarmory|Skarmory, M|100/100
|turn|1
|
|move|p1a: Mienshao|U-turn|p2a: Skarmory
|-resisted|p2a: Skarmory
|-damage|p2a: Skarmory|97/100
|
|switch|p1a: Amoonguss|Amoonguss, M|100/100|[from]move: U-turn
|move|p2a: Skarmory|Stealth Rock|p1a: Amoonguss
|-sidestart|p1: doses emotion|move: Stealth Rock
|
|-heal|p2a: Skarmory|100/100|[from] item: Leftovers
|upkeep
|turn|2
|
|move|p2a: Skarmory|Brave Bird|p1a: Amoonguss
|-supereffective|p1a: Amoonguss
|-damage|p1a: Amoonguss|24/100
|-damage|p2a: Skarmory|68/100|[from] Recoil
|move|p1a: Amoonguss|Spore|p2a: Skarmory
|-status|p2a: Skarmory|slp
|
|-heal|p2a: Skarmory|74/100 slp|[from] item: Leftovers
|-heal|p1a: Amoonguss|30/100|[from] item: Black Sludge
|upkeep
|turn|3
|j| Vanteline
|
|cant|p2a: Skarmory|slp
|move|p1a: Amoonguss|Stun Spore||[still]
|-fail|p1a: Amoonguss
|
|-heal|p2a: Skarmory|80/100 slp|[from] item: Leftovers
|-heal|p1a: Amoonguss|36/100|[from] item: Black Sludge
|upkeep
|turn|4
|
|switch|p2a: Garchomp|Garchomp, F|100/100
|switch|p1a: Garchomp|Garchomp, F|100/100
|-damage|p1a: Garchomp|94/100|[from] Stealth Rock
|
|upkeep
|turn|5
|inactive|BUMBACLAAT has 120 seconds left.
|
|switch|p2a: Skarmory|Skarmory, M|80/100 slp
|move|p1a: Garchomp|Substitute|p1a: Garchomp
|-start|p1a: Garchomp|Substitute
|-damage|p1a: Garchomp|69/100
|
|-heal|p2a: Skarmory|86/100 slp|[from] item: Leftovers
|upkeep
|turn|6
|inactive|BUMBACLAAT has 120 seconds left.
|
|move|p1a: Garchomp|Swords Dance|p1a: Garchomp
|-boost|p1a: Garchomp|atk|2
|cant|p2a: Skarmory|slp
|
|-heal|p2a: Skarmory|92/100 slp|[from] item: Leftovers
|upkeep
|turn|7
|
|move|p1a: Garchomp|Swords Dance|p1a: Garchomp
|-boost|p1a: Garchomp|atk|2
|cant|p2a: Skarmory|slp
|
|-heal|p2a: Skarmory|98/100 slp|[from] item: Leftovers
|upkeep
|turn|8
|
|move|p1a: Garchomp|Outrage|p2a: Skarmory
|-resisted|p2a: Skarmory
|-crit|p2a: Skarmory
|-damage|p2a: Skarmory|0 fnt
|faint|p2a: Skarmory
|
|upkeep
|
|switch|p2a: Starmie|Starmie, shiny|100/100
|turn|9
|
|move|p2a: Starmie|Substitute|p2a: Starmie
|-start|p2a: Starmie|Substitute
|-damage|p2a: Starmie|76/100
|move|p1a: Garchomp|Outrage|p2a: Starmie|[from]lockedmove
|-end|p2a: Starmie|Substitute
|
|upkeep
|turn|10
|
|move|p2a: Starmie|Substitute|p2a: Starmie
|-start|p2a: Starmie|Substitute
|-damage|p2a: Starmie|51/100
|move|p1a: Garchomp|Outrage|p2a: Starmie|[from]lockedmove
|-crit|p2a: Starmie
|-end|p2a: Starmie|Substitute
|-start|p1a: Garchomp|confusion|[fatigue]
|
|upkeep
|turn|11
|
|move|p2a: Starmie|Substitute|p2a: Starmie
|-start|p2a: Starmie|Substitute
|-damage|p2a: Starmie|26/100
|-activate|p1a: Garchomp|confusion
|-damage|p1a: Garchomp|28/100|[from] confusion
|
|upkeep
|turn|12
|
|move|p2a: Starmie|Dark Pulse|p1a: Garchomp
|-end|p1a: Garchomp|Substitute
|-damage|p2a: Starmie|16/100|[from] item: Life Orb
|-end|p1a: Garchomp|confusion
|move|p1a: Garchomp|Earthquake|p2a: Starmie
|-end|p2a: Starmie|Substitute
|
|upkeep
|turn|13
|
|move|p2a: Starmie|Focus Blast|p1a: Garchomp
|-damage|p1a: Garchomp|0 fnt
|-damage|p2a: Starmie|7/100|[from] item: Life Orb
|faint|p1a: Garchomp
|
|upkeep
|
|switch|p1a: Mienshao|Mienshao, M|100/100
|-damage|p1a: Mienshao|95/100|[from] Stealth Rock
|turn|14
|
|switch|p2a: Thundurus|Thundurus-Therian, M|100/100
|move|p1a: Mienshao|U-turn|p2a: Thundurus
|-resisted|p2a: Thundurus
|-damage|p2a: Thundurus|83/100
|
|switch|p1a: Tyranitar|Tyranitar, F|100/100|[from]move: U-turn
|-damage|p1a: Tyranitar|88/100|[from] Stealth Rock
|-weather|Sandstorm|[from] ability: Sand Stream|[of] p1a: Tyranitar
|
|-weather|Sandstorm|[upkeep]
|-damage|p2a: Thundurus|77/100|[from] Sandstorm
|upkeep
|turn|15
|
|move|p2a: Thundurus|Focus Blast|p1a: Tyranitar
|-supereffective|p1a: Tyranitar
|-enditem|p1a: Tyranitar|Chople Berry|[eat]
|-enditem|p1a: Tyranitar|Chople Berry|[weaken]
|-damage|p1a: Tyranitar|47/100
|move|p1a: Tyranitar|Stealth Rock|p2a: Thundurus
|-sidestart|p2: BUMBACLAAT|move: Stealth Rock
|
|-weather|Sandstorm|[upkeep]
|-damage|p2a: Thundurus|71/100|[from] Sandstorm
|upkeep
|turn|16
|
|move|p2a: Thundurus|Focus Blast|p1a: Tyranitar
|-supereffective|p1a: Tyranitar
|-damage|p1a: Tyranitar|0 fnt
|faint|p1a: Tyranitar
|
|-weather|Sandstorm|[upkeep]
|-damage|p2a: Thundurus|65/100|[from] Sandstorm
|upkeep
|
|switch|p1a: Reuniclus|Reuniclus, F, shiny|100/100
|turn|17
|
|switch|p2a: Politoed|Politoed, F, shiny|100/100
|-damage|p2a: Politoed|88/100|[from] Stealth Rock
|-weather|RainDance|[from] ability: Drizzle|[of] p2a: Politoed
|move|p1a: Reuniclus|Calm Mind|p1a: Reuniclus
|-boost|p1a: Reuniclus|spa|1
|-boost|p1a: Reuniclus|spd|1
|
|-weather|RainDance|[upkeep]
|-heal|p2a: Politoed|94/100|[from] item: Leftovers
|upkeep
|turn|18
|
|move|p2a: Politoed|Hypnosis|p1a: Reuniclus
|-status|p1a: Reuniclus|slp
|cant|p1a: Reuniclus|slp
|
|-weather|RainDance|[upkeep]
|-heal|p2a: Politoed|100/100|[from] item: Leftovers
|upkeep
|turn|19
|
|move|p2a: Politoed|Perish Song|p2a: Politoed
|-start|p1a: Reuniclus|perish3|[silent]
|-start|p2a: Politoed|perish3|[silent]
|-fieldactivate|move: Perish Song
|cant|p1a: Reuniclus|slp
|
|-weather|RainDance|[upkeep]
|-start|p2a: Politoed|perish3
|-start|p1a: Reuniclus|perish3
|upkeep
|turn|20
|
|switch|p2a: Starmie|Starmie, shiny|100/100
|-damage|p2a: Starmie|88/100|[from] Stealth Rock
|cant|p1a: Reuniclus|slp
|
|-weather|RainDance|[upkeep]
|-heal|p2a: Starmie|94/100|[from] item: Leftovers
|-start|p1a: Reuniclus|perish2
|upkeep
|turn|21
|
|move|p2a: Starmie|Rapid Spin|p1a: Reuniclus
|-damage|p1a: Reuniclus|98/100 slp
|-sideend|p2: BUMBACLAAT|Stealth Rock|[from] move: Rapid Spin|[of] p2a: Starmie
|-curestatus|p1a: Reuniclus|slp|[msg]
|move|p1a: Reuniclus|Psyshock|p2a: Starmie
|-resisted|p2a: Starmie
|-crit|p2a: Starmie
|-damage|p2a: Starmie|36/100
|
|-weather|RainDance|[upkeep]
|-heal|p2a: Starmie|42/100|[from] item: Leftovers
|-heal|p1a: Reuniclus|100/100|[from] item: Leftovers
|-start|p1a: Reuniclus|perish1
|upkeep
|turn|22
|
|switch|p1a: Amoonguss|Amoonguss, M|69/100
|-damage|p1a: Amoonguss|57/100|[from] Stealth Rock
|move|p2a: Starmie|Psychic|p1a: Amoonguss
|-supereffective|p1a: Amoonguss
|-damage|p1a: Amoonguss|15/100
|
|-weather|RainDance|[upkeep]
|-heal|p2a: Starmie|48/100|[from] item: Leftovers
|-heal|p1a: Amoonguss|21/100|[from] item: Black Sludge
|upkeep
|turn|23
|
|switch|p1a: Reuniclus|Reuniclus, F, shiny|100/100
|move|p2a: Starmie|Scald|p1a: Reuniclus
|-damage|p1a: Reuniclus|60/100
|
|-weather|RainDance|[upkeep]
|-heal|p2a: Starmie|55/100|[from] item: Leftovers
|-heal|p1a: Reuniclus|66/100|[from] item: Leftovers
|upkeep
|turn|24
|
|switch|p2a: Politoed|Politoed, F, shiny|7/100
|move|p1a: Reuniclus|Calm Mind|p1a: Reuniclus
|-boost|p1a: Reuniclus|spa|1
|-boost|p1a: Reuniclus|spd|1
|
|-weather|RainDance|[upkeep]
|-heal|p1a: Reuniclus|72/100|[from] item: Leftovers
|upkeep
|turn|25
|
|move|p2a: Politoed|Dark Pulse|p1a: Reuniclus
|-supereffective|p1a: Reuniclus
|-damage|p1a: Reuniclus|7/100
|-damage|p2a: Politoed|0 fnt|[from] item: Life Orb
|faint|p2a: Politoed
|move|p1a: Reuniclus|Recover|p1a: Reuniclus
|-heal|p1a: Reuniclus|57/100
|
|-weather|RainDance|[upkeep]
|-heal|p1a: Reuniclus|63/100|[from] item: Leftovers
|upkeep
|
|switch|p2a: Politoed|Politoed, F, shiny|100/100
|turn|26
|c| Vanteline|今のゾロアークか
|
|move|p2a: Politoed|Hypnosis|p1a: Reuniclus
|-status|p1a: Reuniclus|slp
|cant|p1a: Reuniclus|slp
|
|-weather|RainDance|[upkeep]
|-heal|p1a: Reuniclus|70/100 slp|[from] item: Leftovers
|upkeep
|turn|27
|
|switch|p2a: Garchomp|Garchomp, F|100/100
|cant|p1a: Reuniclus|slp
|
|-weather|RainDance|[upkeep]
|-heal|p1a: Reuniclus|76/100 slp|[from] item: Leftovers
|upkeep
|turn|28
|
|switch|p1a: Heatran|Heatran, F, shiny|100/100
|-damage|p1a: Heatran|88/100|[from] Stealth Rock
|-item|p1a: Heatran|Air Balloon
|move|p2a: Garchomp|Swords Dance|p2a: Garchomp
|-boost|p2a: Garchomp|atk|2
|
|-weather|RainDance|[upkeep]
|upkeep
|turn|29
|
|move|p2a: Garchomp|Aqua Tail|p1a: Heatran
|-supereffective|p1a: Heatran
|-damage|p1a: Heatran|0 fnt
|-enditem|p1a: Heatran|Air Balloon
|faint|p1a: Heatran
|
|-weather|RainDance|[upkeep]
|upkeep
|
|switch|p1a: Mienshao|Mienshao, M|100/100
|-damage|p1a: Mienshao|95/100|[from] Stealth Rock
|turn|30
|
|move|p1a: Mienshao|Hidden Power|p2a: Garchomp
|-supereffective|p2a: Garchomp
|-damage|p2a: Garchomp|31/100
|move|p2a: Garchomp|Dragon Claw|p1a: Mienshao
|-damage|p1a: Mienshao|0 fnt
|faint|p1a: Mienshao
|
|-weather|RainDance|[upkeep]
|-heal|p2a: Garchomp|37/100|[from] item: Leftovers
|upkeep
|-message|doses emotion forfeited.
|
|win|BUMBACLAAT
|l|☆doses emotion
|raw|doses emotion's rating: 1368 &rarr; <strong>1350</strong><br />(-18 for losing)
|raw|BUMBACLAAT's rating: 1411 &rarr; <strong>1428</strong><br />(+17 for winning)
