|j|☆rose of geass
|j|☆Emo Birb
|player|p1|rose of geass|lucas|1410
|player|p2|Emo Birb|209|1462
|teamsize|p1|6
|teamsize|p2|6
|gametype|singles
|gen|5
|tier|[Gen 5] OU
|rated|
|clearpoke
|poke|p1|Tyranitar, M|item
|poke|p1|Latios, M|item
|poke|p1|Amoonguss, M|item
|poke|p1|Excadrill, F|item
|poke|p1|Magnezone|item
|poke|p1|Gliscor, F|item
|poke|p2|Tyranitar, M|item
|poke|p2|Landorus-Therian, M|item
|poke|p2|Garchomp, M|item
|poke|p2|Latios, M|item
|poke|p2|Jirachi|item
|poke|p2|Keldeo|item
|rule|Species Clause: Limit one of each Pokémon
|rule|OHKO Clause: OHKO moves are banned
|rule|Moody Clause: Moody is banned
|rule|Evasion Moves Clause: Evasion moves are banned
|rule|Endless Battle Clause: Forcing endless battles is banned
|rule|HP Percentage Mod: HP is shown in percentages
|rule|Evasion Abilities Clause: Evasion abilities are banned
|rule|Baton Pass Clause: Limit one Baton Passer, can't pass Spe and other stats simultaneously
|rule|Sleep Clause: Sleep-inducing moves are banned
|rule|Swagger Clause: Swagger is banned
|teampreview
|
|start
|switch|p1a: Amoonguss|Amoonguss, M|100/100
|switch|p2a: Tyranitar|Tyranitar, M|100/100
|-weather|Sandstorm|[from] ability: Sand Stream|[of] p2a: Tyranitar
|turn|1
|
|move|p2a: Tyranitar|Stone Edge|p1a: Amoonguss
|-damage|p1a: Amoonguss|10/100
|move|p1a: Amoonguss|Giga Drain|p2a: Tyranitar
|-supereffective|p2a: Tyranitar
|-damage|p2a: Tyranitar|73/100
|-heal|p1a: Amoonguss|22/100|[from] drain|[of] p2a: Tyranitar
|
|-weather|Sandstorm|[upkeep]
|-damage|p1a: Amoonguss|16/100|[from] Sandstorm
|-heal|p1a: Amoonguss|22/100|[from] item: Black Sludge
|upkeep
|turn|2
|
|switch|p2a: Garchomp|Garchomp, M|100/100
|switch|p1a: Excadrill|Excadrill, F|100/100
|
|-weather|Sandstorm|[upkeep]
|upkeep
|turn|3
|
|switch|p1a: Latios|Latios, M|100/100
|move|p2a: Garchomp|Substitute|p2a: Garchomp
|-start|p2a: Garchomp|Substitute
|-damage|p2a: Garchomp|76/100
|
|-weather|Sandstorm|[upkeep]
|-damage|p1a: Latios|95/100|[from] Sandstorm
|upkeep
|turn|4
|
|move|p1a: Latios|Dragon Pulse|p2a: Garchomp
|-supereffective|p2a: Garchomp
|-end|p2a: Garchomp|Substitute
|move|p2a: Garchomp|Outrage|p1a: Latios
|-enditem|p2a: Garchomp|Dragon Gem|[from] gem
|-supereffective|p1a: Latios
|-damage|p1a: Latios|0 fnt
|faint|p1a: Latios
|
|-weather|Sandstorm|[upkeep]
|upkeep
|
|switch|p1a: Excadrill|Excadrill, F|100/100
|turn|5
|
|move|p1a: Excadrill|Earthquake|p2a: Garchomp
|-damage|p2a: Garchomp|4/100
|move|p2a: Garchomp|Outrage|p1a: Excadrill|[from]lockedmove
|-resisted|p1a: Excadrill
|-damage|p1a: Excadrill|53/100
|-start|p2a: Garchomp|confusion|[fatigue]
|
|-weather|Sandstorm|[upkeep]
|upkeep
|turn|6
|
|move|p1a: Excadrill|Earthquake|p2a: Garchomp
|-damage|p2a: Garchomp|0 fnt
|faint|p2a: Garchomp
|
|-weather|Sandstorm|[upkeep]
|upkeep
|
|switch|p2a: Landorus|Landorus-Therian, M|100/100
|-ability|p2a: Landorus|Intimidate|boost
|-unboost|p1a: Excadrill|atk|1
|turn|7
|
|switch|p1a: Gliscor|Gliscor, F|100/100
|move|p2a: Landorus|Earthquake|p1a: Gliscor
|-immune|p1a: Gliscor
|
|-weather|Sandstorm|[upkeep]
|-status|p1a: Gliscor|tox|[from] item: Toxic Orb
|upkeep
|turn|8
|
|move|p1a: Gliscor|Facade|p2a: Landorus
|-damage|p2a: Landorus|79/100
|move|p2a: Landorus|Hidden Power|p1a: Gliscor
|-supereffective|p1a: Gliscor
|-damage|p1a: Gliscor|40/100 tox
|
|-weather|Sandstorm|[upkeep]
|-heal|p2a: Landorus|85/100|[from] item: Leftovers
|-heal|p1a: Gliscor|53/100 tox|[from] ability: Poison Heal
|upkeep
|turn|9
|
|move|p1a: Gliscor|Roost|p1a: Gliscor
|-heal|p1a: Gliscor|100/100 tox
|-singleturn|p1a: Gliscor|move: Roost
|move|p2a: Landorus|U-turn|p1a: Gliscor
|-damage|p1a: Gliscor|84/100 tox
|
|switch|p2a: Keldeo|Keldeo|100/100|[from]move: U-turn
|
|-weather|Sandstorm|[upkeep]
|-damage|p2a: Keldeo|94/100|[from] Sandstorm
|-heal|p1a: Gliscor|97/100 tox|[from] ability: Poison Heal
|upkeep
|turn|10
|
|switch|p1a: Excadrill|Excadrill, F|53/100
|move|p2a: Keldeo|Hydro Pump|p1a: Excadrill
|-supereffective|p1a: Excadrill
|-crit|p1a: Excadrill
|-damage|p1a: Excadrill|0 fnt
|faint|p1a: Excadrill
|
|-weather|Sandstorm|[upkeep]
|-damage|p2a: Keldeo|88/100|[from] Sandstorm
|upkeep
|
|switch|p1a: Amoonguss|Amoonguss, M|56/100
|turn|11
|
|move|p2a: Keldeo|Calm Mind|p2a: Keldeo
|-boost|p2a: Keldeo|spa|1
|-boost|p2a: Keldeo|spd|1
|move|p1a: Amoonguss|Stun Spore|p2a: Keldeo
|-status|p2a: Keldeo|par
|
|-weather|Sandstorm|[upkeep]
|-damage|p1a: Amoonguss|50/100|[from] Sandstorm
|-damage|p2a: Keldeo|82/100 par|[from] Sandstorm
|-heal|p1a: Amoonguss|56/100|[from] item: Black Sludge
|upkeep
|turn|12
|
|move|p1a: Amoonguss|Giga Drain|p2a: Keldeo
|-supereffective|p2a: Keldeo
|-crit|p2a: Keldeo
|-damage|p2a: Keldeo|0 fnt
|-heal|p1a: Amoonguss|87/100|[from] drain|[of] p2a: Keldeo
|faint|p2a: Keldeo
|
|-weather|Sandstorm|[upkeep]
|-damage|p1a: Amoonguss|81/100|[from] Sandstorm
|-heal|p1a: Amoonguss|87/100|[from] item: Black Sludge
|upkeep
|
|switch|p2a: Tyranitar|Tyranitar, M|73/100
|turn|13
|
|switch|p1a: Magnezone|Magnezone|100/100
|-item|p1a: Magnezone|Air Balloon
|move|p2a: Tyranitar|Stone Edge|p1a: Magnezone
|-resisted|p1a: Magnezone
|-damage|p1a: Magnezone|56/100
|-enditem|p1a: Magnezone|Air Balloon
|
|-weather|Sandstorm|[upkeep]
|upkeep
|turn|14
|
|switch|p2a: Jirachi|Jirachi|100/100
|move|p1a: Magnezone|Flash Cannon|p2a: Jirachi
|-resisted|p2a: Jirachi
|-damage|p2a: Jirachi|80/100
|
|-weather|Sandstorm|[upkeep]
|upkeep
|turn|15
|
|move|p2a: Jirachi|U-turn|p1a: Magnezone
|-resisted|p1a: Magnezone
|-damage|p1a: Magnezone|46/100
|
|switch|p2a: Latios|Latios, M|100/100|[from]move: U-turn
|move|p1a: Magnezone|Thunderbolt|p2a: Latios
|-resisted|p2a: Latios
|-damage|p2a: Latios|71/100
|
|-weather|Sandstorm|[upkeep]
|-damage|p2a: Latios|65/100|[from] Sandstorm
|upkeep
|turn|16
|
|move|p2a: Latios|Draco Meteor|p1a: Magnezone
|-resisted|p1a: Magnezone
|-damage|p1a: Magnezone|0 fnt
|-unboost|p2a: Latios|spa|2
|faint|p1a: Magnezone
|
|-weather|Sandstorm|[upkeep]
|-damage|p2a: Latios|59/100|[from] Sandstorm
|upkeep
|
|switch|p1a: Tyranitar|Tyranitar, M|100/100
|turn|17
|
|move|p2a: Latios|Draco Meteor|p1a: Tyranitar
|-damage|p1a: Tyranitar|74/100
|-unboost|p2a: Latios|spa|2
|move|p1a: Tyranitar|Pursuit|p2a: Latios
|-supereffective|p2a: Latios
|-damage|p2a: Latios|0 fnt
|faint|p2a: Latios
|
|-weather|Sandstorm|[upkeep]
|upkeep
|
|switch|p2a: Tyranitar|Tyranitar, M|73/100
|turn|18
|
|move|p2a: Tyranitar|Stone Edge|p1a: Tyranitar
|-damage|p1a: Tyranitar|0 fnt
|faint|p1a: Tyranitar
|
|-weather|Sandstorm|[upkeep]
|upkeep
|
|switch|p1a: Gliscor|Gliscor, F|97/100 tox
|turn|19
|
|move|p1a: Gliscor|Swords Dance|p1a: Gliscor
|-boost|p1a: Gliscor|atk|2
|move|p2a: Tyranitar|Stone Edge|p1a: Gliscor
|-damage|p1a: Gliscor|24/100 tox
|
|-weather|Sandstorm|[upkeep]
|-heal|p1a: Gliscor|36/100 tox|[from] ability: Poison Heal
|upkeep
|turn|20
|
|switch|p2a: Landorus|Landorus-Therian, M|85/100
|-ability|p2a: Landorus|Intimidate|boost
|-unboost|p1a: Gliscor|atk|1
|move|p1a: Gliscor|Roost|p1a: Gliscor
|-heal|p1a: Gliscor|86/100 tox
|-singleturn|p1a: Gliscor|move: Roost
|
|-weather|Sandstorm|[upkeep]
|-heal|p2a: Landorus|91/100|[from] item: Leftovers
|-heal|p1a: Gliscor|99/100 tox|[from] ability: Poison Heal
|upkeep
|turn|21
|
|move|p1a: Gliscor|Swords Dance|p1a: Gliscor
|-boost|p1a: Gliscor|atk|2
|move|p2a: Landorus|Hidden Power|p1a: Gliscor
|-supereffective|p1a: Gliscor
|-damage|p1a: Gliscor|41/100 tox
|
|-weather|Sandstorm|[upkeep]
|-heal|p2a: Landorus|97/100|[from] item: Leftovers
|-heal|p1a: Gliscor|53/100 tox|[from] ability: Poison Heal
|upkeep
|turn|22
|
|move|p1a: Gliscor|Roost|p1a: Gliscor
|-heal|p1a: Gliscor|100/100 tox
|-singleturn|p1a: Gliscor|move: Roost
|move|p2a: Landorus|Earthquake|p1a: Gliscor
|-damage|p1a: Gliscor|60/100 tox
|
|-weather|Sandstorm|[upkeep]
|-heal|p2a: Landorus|100/100|[from] item: Leftovers
|-heal|p1a: Gliscor|73/100 tox|[from] ability: Poison Heal
|upkeep
|turn|23
|
|move|p1a: Gliscor|Facade|p2a: Landorus
|-damage|p2a: Landorus|50/100
|move|p2a: Landorus|Hidden Power|p1a: Gliscor
|-supereffective|p1a: Gliscor
|-damage|p1a: Gliscor|18/100 tox
|
|-weather|Sandstorm|[upkeep]
|-heal|p2a: Landorus|57/100|[from] item: Leftovers
|-heal|p1a: Gliscor|31/100 tox|[from] ability: Poison Heal
|upkeep
|turn|24
|
|switch|p2a: Jirachi|Jirachi|80/100
|move|p1a: Gliscor|Roost|p1a: Gliscor
|-heal|p1a: Gliscor|81/100 tox
|-singleturn|p1a: Gliscor|move: Roost
|
|-weather|Sandstorm|[upkeep]
|-heal|p1a: Gliscor|93/100 tox|[from] ability: Poison Heal
|upkeep
|turn|25
|
|move|p2a: Jirachi|Ice Punch|p1a: Gliscor
|-supereffective|p1a: Gliscor
|-damage|p1a: Gliscor|27/100 tox
|move|p1a: Gliscor|Earthquake|p2a: Jirachi
|-supereffective|p2a: Jirachi
|-damage|p2a: Jirachi|0 fnt
|faint|p2a: Jirachi
|
|-weather|Sandstorm|[upkeep]
|-heal|p1a: Gliscor|40/100 tox|[from] ability: Poison Heal
|upkeep
|
|switch|p2a: Landorus|Landorus-Therian, M|57/100
|-ability|p2a: Landorus|Intimidate|boost
|-unboost|p1a: Gliscor|atk|1
|turn|26
|
|move|p1a: Gliscor|Roost|p1a: Gliscor
|-heal|p1a: Gliscor|90/100 tox
|-singleturn|p1a: Gliscor|move: Roost
|move|p2a: Landorus|Earthquake|p1a: Gliscor
|-damage|p1a: Gliscor|50/100 tox
|
|-weather|Sandstorm|[upkeep]
|-heal|p2a: Landorus|63/100|[from] item: Leftovers
|-heal|p1a: Gliscor|62/100 tox|[from] ability: Poison Heal
|upkeep
|turn|27
|
|move|p1a: Gliscor|Roost|p1a: Gliscor
|-heal|p1a: Gliscor|100/100 tox
|-singleturn|p1a: Gliscor|move: Roost
|move|p2a: Landorus|Hidden Power|p1a: Gliscor
|-supereffective|p1a: Gliscor
|-damage|p1a: Gliscor|74/100 tox
|
|-weather|Sandstorm|[upkeep]
|-heal|p2a: Landorus|69/100|[from] item: Leftovers
|-heal|p1a: Gliscor|86/100 tox|[from] ability: Poison Heal
|upkeep
|turn|28
|
|move|p1a: Gliscor|Swords Dance|p1a: Gliscor
|-boost|p1a: Gliscor|atk|2
|move|p2a: Landorus|Hidden Power|p1a: Gliscor
|-supereffective|p1a: Gliscor
|-damage|p1a: Gliscor|28/100 tox
|
|-weather|Sandstorm|[upkeep]
|-heal|p2a: Landorus|75/100|[from] item: Leftovers
|-heal|p1a: Gliscor|41/100 tox|[from] ability: Poison Heal
|upkeep
|turn|29
|
|move|p1a: Gliscor|Roost|p1a: Gliscor
|-heal|p1a: Gliscor|91/100 tox
|-singleturn|p1a: Gliscor|move: Roost
|move|p2a: Landorus|Hidden Power|p1a: Gliscor
|-supereffective|p1a: Gliscor
|-damage|p1a: Gliscor|61/100 tox
|
|-weather|Sandstorm|[upkeep]
|-heal|p2a: Landorus|81/100|[from] item: Leftovers
|-heal|p1a: Gliscor|73/100 tox|[from] ability: Poison Heal
|upkeep
|turn|30
|
|move|p1a: Gliscor|Roost|p1a: Gliscor
|-heal|p1a: Gliscor|100/100 tox
|-singleturn|p1a: Gliscor|move: Roost
|move|p2a: Landorus|Hidden Power|p1a: Gliscor
|-supereffective|p1a: Gliscor
|-damage|p1a: Gliscor|71/100 tox
|
|-weather|Sandstorm|[upkeep]
|-heal|p2a: Landorus|87/100|[from] item: Leftovers
|-heal|p1a: Gliscor|83/100 tox|[from] ability: Poison Heal
|upkeep
|turn|31
|
|move|p1a: Gliscor|Facade|p2a: Landorus
|-damage|p2a: Landorus|20/100
|move|p2a: Landorus|Hidden Power|p1a: Gliscor
|-supereffective|p1a: Gliscor
|-damage|p1a: Gliscor|27/100 tox
|
|-weather|Sandstorm|[upkeep]
|-heal|p2a: Landorus|26/100|[from] item: Leftovers
|-heal|p1a: Gliscor|39/100 tox|[from] ability: Poison Heal
|upkeep
|turn|32
|
|move|p1a: Gliscor|Roost|p1a: Gliscor
|-heal|p1a: Gliscor|89/100 tox
|-singleturn|p1a: Gliscor|move: Roost
|move|p2a: Landorus|Hidden Power|p1a: Gliscor
|-supereffective|p1a: Gliscor
|-damage|p1a: Gliscor|61/100 tox
|
|-weather|Sandstorm|[upkeep]
|-heal|p2a: Landorus|32/100|[from] item: Leftovers
|-heal|p1a: Gliscor|74/100 tox|[from] ability: Poison Heal
|upkeep
|turn|33
|
|move|p1a: Gliscor|Facade|p2a: Landorus
|-damage|p2a: Landorus|0 fnt
|faint|p2a: Landorus
|
|-weather|Sandstorm|[upkeep]
|-heal|p1a: Gliscor|86/100 tox|[from] ability: Poison Heal
|upkeep
|
|switch|p2a: Tyranitar|Tyranitar, M|73/100
|turn|34
|
|move|p1a: Gliscor|Earthquake|p2a: Tyranitar
|-supereffective|p2a: Tyranitar
|-damage|p2a: Tyranitar|0 fnt
|faint|p2a: Tyranitar
|
|win|rose of geass
|l|☆Emo Birb
|c|☆rose of geass|gg
|raw|rose of geass's rating: 1410 &rarr; <strong>1431</strong><br />(+21 for winning)
|raw|Emo Birb's rating: 1429 &rarr; <strong>1408</strong><br />(-21 for losing)
