|j|☆BLJ Mario
|j|☆Lsc29
|t:|1708222825
|gametype|singles
|player|p1|BLJ Mario|blue-gen2|1355
|player|p2|Lsc29|brock|1570
|teamsize|p1|6
|teamsize|p2|6
|gen|5
|tier|[Gen 5] OU
|rated|
|rule|Species Clause: Limit one of each Pokémon
|rule|OHKO Clause: OHKO moves are banned
|rule|Moody Clause: Moody is banned
|rule|Evasion Items Clause: Evasion items are banned
|rule|Evasion Moves Clause: Evasion moves are banned
|rule|Endless Battle Clause: Forcing endless battles is banned
|rule|HP Percentage Mod: HP is shown in percentages
|rule|Evasion Abilities Clause: Evasion abilities are banned
|rule|Sleep Moves Clause: Sleep-inducing moves are banned
|rule|Swagger Clause: Swagger is banned
|rule|Baton Pass Stat Clause: No Baton Passer may have a way to boost its stats
|clearpoke
|poke|p1|Aerodactyl, M|item
|poke|p1|Volcarona, F|item
|poke|p1|Dragonite, M|item
|poke|p1|Lucario, M|item
|poke|p1|Starmie|item
|poke|p1|Scizor, F|item
|poke|p2|Garchomp, F|item
|poke|p2|Terrakion|item
|poke|p2|Starmie|item
|poke|p2|Dragonite, M|item
|poke|p2|Scizor, M|item
|poke|p2|Breloom, F|item
|teampreview
|
|t:|1708222872
|start
|switch|p1a: Aerodactyl|Aerodactyl, M|100/100
|switch|p2a: Breloom|Breloom, F|100/100
|-ability|p1a: Aerodactyl|Pressure
|turn|1
|
|t:|1708222883
|move|p1a: Aerodactyl|Stealth Rock|p2a: Breloom
|-sidestart|p2: Lsc29|move: Stealth Rock
|move|p2a: Breloom|Bullet Seed|p1a: Aerodactyl
|-damage|p1a: Aerodactyl|54/100
|-damage|p1a: Aerodactyl|9/100
|-damage|p1a: Aerodactyl|0 fnt
|faint|p1a: Aerodactyl
|-hitcount|p1: Aerodactyl|3
|-damage|p2a: Breloom|91/100|[from] item: Life Orb
|
|upkeep
|
|t:|1708222892
|switch|p1a: Dragonite|Dragonite, M|100/100
|turn|2
|
|t:|1708222904
|move|p1a: Dragonite|Dragon Dance|p1a: Dragonite
|-boost|p1a: Dragonite|atk|1
|-boost|p1a: Dragonite|spe|1
|move|p2a: Breloom|Low Sweep|p1a: Dragonite
|-resisted|p1a: Dragonite
|-damage|p1a: Dragonite|81/100
|-unboost|p1a: Dragonite|spe|1
|-damage|p2a: Breloom|81/100|[from] item: Life Orb
|
|upkeep
|turn|3
|
|t:|1708222921
|switch|p1a: Volcarona|Volcarona, F, shiny|100/100
|move|p2a: Breloom|Low Sweep|p1a: Volcarona
|-resisted|p1a: Volcarona
|-damage|p1a: Volcarona|50/100
|-unboost|p1a: Volcarona|spe|1
|-damage|p2a: Breloom|71/100|[from] item: Life Orb
|
|upkeep
|turn|4
|
|t:|1708222935
|switch|p1a: Dragonite|Dragonite, M|81/100
|move|p2a: Breloom|Low Sweep|p1a: Dragonite
|-resisted|p1a: Dragonite
|-damage|p1a: Dragonite|45/100
|-unboost|p1a: Dragonite|spe|1
|-damage|p2a: Breloom|61/100|[from] item: Life Orb
|
|upkeep
|turn|5
|
|t:|1708222946
|move|p1a: Dragonite|Extreme Speed|p2a: Breloom
|-damage|p2a: Breloom|13/100
|move|p2a: Breloom|Low Sweep|p1a: Dragonite
|-resisted|p1a: Dragonite
|-damage|p1a: Dragonite|9/100
|-unboost|p1a: Dragonite|spe|1
|-damage|p2a: Breloom|3/100|[from] item: Life Orb
|
|upkeep
|turn|6
|
|t:|1708222952
|move|p1a: Dragonite|Extreme Speed|p2a: Breloom
|-damage|p2a: Breloom|0 fnt
|faint|p2a: Breloom
|
|upkeep
|
|t:|1708222985
|switch|p2a: Terrakion|Terrakion|100/100
|-damage|p2a: Terrakion|94/100|[from] Stealth Rock
|turn|7
|j| SKT T1 Motherfaker
|
|t:|1708222993
|move|p1a: Dragonite|Extreme Speed|p2a: Terrakion
|-resisted|p2a: Terrakion
|-damage|p2a: Terrakion|77/100
|move|p2a: Terrakion|Stealth Rock|p1a: Dragonite
|-sidestart|p1: BLJ Mario|move: Stealth Rock
|
|upkeep
|turn|8
|
|t:|1708222999
|move|p2a: Terrakion|Close Combat|p1a: Dragonite
|-resisted|p1a: Dragonite
|-damage|p1a: Dragonite|0 fnt
|-unboost|p2a: Terrakion|def|1
|-unboost|p2a: Terrakion|spd|1
|faint|p1a: Dragonite
|
|upkeep
|
|t:|1708223006
|switch|p1a: Scizor|Scizor, F, shiny|100/100
|-damage|p1a: Scizor|88/100|[from] Stealth Rock
|turn|9
|
|t:|1708223014
|move|p1a: Scizor|Bullet Punch|p2a: Terrakion
|-supereffective|p2a: Terrakion
|-damage|p2a: Terrakion|0 fnt
|faint|p2a: Terrakion
|-damage|p1a: Scizor|78/100|[from] item: Life Orb
|
|upkeep
|
|t:|1708223035
|switch|p2a: Starmie|Starmie|100/100
|-damage|p2a: Starmie|88/100|[from] Stealth Rock
|-item|p2a: Starmie|Air Balloon
|turn|10
|
|t:|1708223053
|move|p1a: Scizor|Bullet Punch|p2a: Starmie
|-resisted|p2a: Starmie
|-damage|p2a: Starmie|56/100
|-enditem|p2a: Starmie|Air Balloon
|-damage|p1a: Scizor|68/100|[from] item: Life Orb
|move|p2a: Starmie|Rapid Spin|p1a: Scizor
|-resisted|p1a: Scizor
|-crit|p1a: Scizor
|-damage|p1a: Scizor|63/100
|-sideend|p2: Lsc29|Stealth Rock|[from] move: Rapid Spin|[of] p2a: Starmie
|
|upkeep
|turn|11
|
|t:|1708223058
|move|p2a: Starmie|Hydro Pump|p1a: Scizor
|-damage|p1a: Scizor|0 fnt
|faint|p1a: Scizor
|
|upkeep
|
|t:|1708223064
|switch|p1a: Starmie|Starmie|100/100
|-damage|p1a: Starmie|88/100|[from] Stealth Rock
|-item|p1a: Starmie|Air Balloon
|turn|12
|
|t:|1708223072
|move|p1a: Starmie|Ice Beam|p2a: Starmie
|-resisted|p2a: Starmie
|-crit|p2a: Starmie
|-damage|p2a: Starmie|16/100
|move|p2a: Starmie|Thunder|p1a: Starmie|[miss]
|-miss|p2a: Starmie|p1a: Starmie
|
|upkeep
|turn|13
|
|t:|1708223079
|move|p1a: Starmie|Ice Beam|p2a: Starmie
|-resisted|p2a: Starmie
|-damage|p2a: Starmie|0 fnt
|faint|p2a: Starmie
|
|upkeep
|
|t:|1708223099
|switch|p2a: Dragonite|Dragonite, M|100/100
|turn|14
|
|t:|1708223111
|move|p1a: Starmie|Ice Beam|p2a: Dragonite
|-supereffective|p2a: Dragonite
|-crit|p2a: Dragonite
|-damage|p2a: Dragonite|0 fnt
|faint|p2a: Dragonite
|
|upkeep
|l| SKT T1 Motherfaker
|
|t:|1708223139
|switch|p2a: Garchomp|Garchomp, F|100/100
|turn|15
|
|t:|1708223156
|move|p1a: Starmie|Ice Beam|p2a: Garchomp
|-supereffective|p2a: Garchomp
|-enditem|p2a: Garchomp|Focus Sash
|-damage|p2a: Garchomp|1/100
|-status|p2a: Garchomp|frz
|-curestatus|p2a: Garchomp|frz|[msg]
|move|p2a: Garchomp|Outrage|p1a: Starmie
|-damage|p1a: Starmie|0 fnt
|-enditem|p1a: Starmie|Air Balloon
|faint|p1a: Starmie
|
|upkeep
|
|t:|1708223168
|switch|p1a: Lucario|Lucario, M, shiny|100/100
|-damage|p1a: Lucario|98/100|[from] Stealth Rock
|turn|16
|c|☆BLJ Mario|uh what just happened
|c|☆BLJ Mario|im sorry about that luck
|
|t:|1708223194
|move|p1a: Lucario|Extreme Speed|p2a: Garchomp
|-damage|p2a: Garchomp|0 fnt
|-damage|p1a: Lucario|85/100|[from] ability: Rough Skin|[of] p2a: Garchomp
|faint|p2a: Garchomp
|-damage|p1a: Lucario|75/100|[from] item: Life Orb
|
|upkeep
|c|☆Lsc29|It happejs
|c|☆Lsc29|I should still win unlessnyou crit the cc
|
|t:|1708223210
|switch|p2a: Scizor|Scizor, M|100/100
|turn|17
|
|t:|1708223223
|switch|p1a: Volcarona|Volcarona, F, shiny|50/100
|-damage|p1a: Volcarona|0 fnt|[from] Stealth Rock
|faint|p1a: Volcarona
|move|p2a: Scizor|Superpower|p1: Volcarona|[notarget]
|-fail|p2a: Scizor
|
|upkeep
|
|t:|1708223227
|switch|p1a: Lucario|Lucario, M, shiny|75/100
|-damage|p1a: Lucario|72/100|[from] Stealth Rock
|turn|18
|c|☆BLJ Mario|Ggs
|c|☆Lsc29|Gg
|c|☆BLJ Mario|this game was an interesting one for sure
|c|☆BLJ Mario|are you in the bw discord?
|
|t:|1708223258
|move|p1a: Lucario|Close Combat|p2a: Scizor
|-crit|p2a: Scizor
|-damage|p2a: Scizor|0 fnt
|-unboost|p1a: Lucario|def|1
|-unboost|p1a: Lucario|spd|1
|faint|p2a: Scizor
|-damage|p1a: Lucario|62/100|[from] item: Life Orb
|
|win|BLJ Mario
|raw|BLJ Mario's rating: 1355 &rarr; <strong>1386</strong><br />(+31 for winning)
|raw|Lsc29's rating: 1570 &rarr; <strong>1539</strong><br />(-31 for losing)
|c|☆Lsc29|I am.
|c|☆Lsc29|Wow lol.
|c|☆BLJ Mario|whats your username
|c|☆Lsc29|Well it happens.
|c|☆Lsc29|252+ Atk Life Orb Lucario Close Combat vs. 0 HP / 0 Def Scizor: 250-294 (88.9 - 104.6%) -- 50% chance to
|c|☆Lsc29|Chomp29
|c|☆BLJ Mario|oh nice
|c|☆BLJ Mario|i think i have seen you a few times in the cord before
