|j|‽HaxerAreBastards
|j|☆fatakat
|player|p1|HaxerAreBastards|249|1583
|player|p2|fatakat|kimonogirl|1377
|teamsize|p1|6
|teamsize|p2|6
|gametype|singles
|gen|5
|tier|[Gen 5] OU
|rated|
|clearpoke
|poke|p1|Infernape, F|item
|poke|p1|Conkeldurr, M|item
|poke|p1|Tyranitar, F|item
|poke|p1|Jellicent, M|item
|poke|p1|Bronzong|item
|poke|p1|Reuniclus, M|item
|poke|p2|Skarmory, F|item
|poke|p2|Gastrodon-East, F|item
|poke|p2|Reuniclus, F|item
|poke|p2|Tyranitar, F|item
|poke|p2|Latias, F|item
|poke|p2|Heatran, F|item
|rule|Species Clause: Limit one of each Pokémon
|rule|OHKO Clause: OHKO moves are banned
|rule|Moody Clause: Moody is banned
|rule|Evasion Moves Clause: Evasion moves are banned
|rule|Endless Battle Clause: Forcing endless battles is banned
|rule|HP Percentage Mod: HP is shown in percentages
|rule|Evasion Abilities Clause: Evasion abilities are banned
|rule|Baton Pass Clause: Limit one Baton Passer, can't pass Spe and other stats simultaneously
|rule|Sleep Clause: Sleep-inducing moves are banned
|rule|Swagger Clause: Swagger is banned
|teampreview
|
|start
|switch|p1a: Tyranitar|Tyranitar, F|100/100
|switch|p2a: Gastrodon|Gastrodon-East, F|100/100
|-weather|Sandstorm|[from] ability: Sand Stream|[of] p1a: Tyranitar
|turn|1
|
|switch|p1a: Jellicent|Jellicent, M, shiny|100/100
|switch|p2a: Skarmory|Skarmory, F|100/100
|
|-weather|Sandstorm|[upkeep]
|-damage|p1a: Jellicent|94/100|[from] Sandstorm
|-heal|p1a: Jellicent|100/100|[from] item: Leftovers
|upkeep
|turn|2
|
|move|p2a: Skarmory|Spikes|p1a: Jellicent
|-sidestart|p1: HaxerAreBastards|Spikes
|move|p1a: Jellicent|Trick Room|p1a: Jellicent
|-fieldstart|move: Trick Room|[of] p1a: Jellicent
|
|-weather|Sandstorm|[upkeep]
|-damage|p1a: Jellicent|94/100|[from] Sandstorm
|-heal|p1a: Jellicent|100/100|[from] item: Leftovers
|upkeep
|turn|3
|
|switch|p1a: Conkeldurr|Conkeldurr, M|100/100
|-damage|p1a: Conkeldurr|88/100|[from] Spikes
|move|p2a: Skarmory|Spikes|p1a: Conkeldurr
|-sidestart|p1: HaxerAreBastards|Spikes
|
|-weather|Sandstorm|[upkeep]
|-damage|p1a: Conkeldurr|82/100|[from] Sandstorm
|upkeep
|turn|4
|
|switch|p2a: Gastrodon|Gastrodon-East, F|100/100
|move|p1a: Conkeldurr|Thunder Punch|p2a: Gastrodon
|-immune|p2a: Gastrodon
|
|-weather|Sandstorm|[upkeep]
|-damage|p1a: Conkeldurr|76/100|[from] Sandstorm
|upkeep
|turn|5
|inactive|Battle timer is ON: inactive players will automatically lose when time's up. (requested by HaxerAreBastards)
|
|switch|p1a: Reuniclus|Reuniclus, M|100/100
|move|p2a: Gastrodon|Toxic|p1a: Reuniclus
|-status|p1a: Reuniclus|tox
|
|-weather|Sandstorm|[upkeep]
|upkeep
|turn|6
|
|switch|p2a: Tyranitar|Tyranitar, F|100/100
|move|p1a: Reuniclus|Psyshock|p2a: Tyranitar
|-immune|p2a: Tyranitar
|
|-weather|Sandstorm|[upkeep]
|-fieldend|move: Trick Room
|upkeep
|turn|7
|
|switch|p1a: Infernape|Infernape, F|100/100
|-damage|p1a: Infernape|84/100|[from] Spikes
|move|p2a: Tyranitar|Stealth Rock|p1a: Infernape
|-sidestart|p1: HaxerAreBastards|move: Stealth Rock
|
|-weather|Sandstorm|[upkeep]
|-damage|p1a: Infernape|78/100|[from] Sandstorm
|upkeep
|turn|8
|
|switch|p2a: Latias|Latias, F|100/100
|move|p1a: Infernape|Stealth Rock|p2a: Latias
|-sidestart|p2: fatakat|move: Stealth Rock
|
|-weather|Sandstorm|[upkeep]
|-damage|p2a: Latias|94/100|[from] Sandstorm
|-damage|p1a: Infernape|72/100|[from] Sandstorm
|-heal|p2a: Latias|100/100|[from] item: Leftovers
|upkeep
|turn|9
|
|switch|p1a: Tyranitar|Tyranitar, F|100/100
|-damage|p1a: Tyranitar|88/100|[from] Stealth Rock
|-damage|p1a: Tyranitar|72/100|[from] Spikes
|move|p2a: Latias|Surf|p1a: Tyranitar
|-supereffective|p1a: Tyranitar
|-damage|p1a: Tyranitar|34/100
|
|-weather|Sandstorm|[upkeep]
|-damage|p2a: Latias|94/100|[from] Sandstorm
|-heal|p2a: Latias|100/100|[from] item: Leftovers
|upkeep
|turn|10
|
|move|p2a: Latias|Draco Meteor|p1a: Tyranitar
|-crit|p1a: Tyranitar
|-damage|p1a: Tyranitar|0 fnt
|-unboost|p2a: Latias|spa|2
|faint|p1a: Tyranitar
|
|-weather|Sandstorm|[upkeep]
|-damage|p2a: Latias|94/100|[from] Sandstorm
|-heal|p2a: Latias|100/100|[from] item: Leftovers
|upkeep
|
|switch|p1a: Reuniclus|Reuniclus, M|100/100 tox
|turn|11
|
|move|p2a: Latias|Thunder Wave||[still]
|-fail|p2a: Latias
|move|p1a: Reuniclus|Trick Room|p1a: Reuniclus
|-fieldstart|move: Trick Room|[of] p1a: Reuniclus
|
|-weather|Sandstorm|[upkeep]
|-damage|p2a: Latias|94/100|[from] Sandstorm
|-heal|p2a: Latias|100/100|[from] item: Leftovers
|upkeep
|turn|12
|
|switch|p2a: Tyranitar|Tyranitar, F|100/100
|-damage|p2a: Tyranitar|88/100|[from] Stealth Rock
|move|p1a: Reuniclus|Shadow Ball|p2a: Tyranitar
|-resisted|p2a: Tyranitar
|-damage|p2a: Tyranitar|80/100
|
|-weather|Sandstorm|[upkeep]
|upkeep
|turn|13
|
|move|p1a: Reuniclus|Focus Blast|p2a: Tyranitar|[miss]
|-miss|p1a: Reuniclus|p2a: Tyranitar
|move|p2a: Tyranitar|Crunch|p1a: Reuniclus
|-supereffective|p1a: Reuniclus
|-damage|p1a: Reuniclus|11/100 tox
|-unboost|p1a: Reuniclus|def|1
|
|-weather|Sandstorm|[upkeep]
|upkeep
|turn|14
|
|move|p1a: Reuniclus|Focus Blast|p2a: Tyranitar|[miss]
|-miss|p1a: Reuniclus|p2a: Tyranitar
|move|p2a: Tyranitar|Pursuit|p1a: Reuniclus
|-supereffective|p1a: Reuniclus
|-damage|p1a: Reuniclus|0 fnt
|faint|p1a: Reuniclus
|
|-weather|Sandstorm|[upkeep]
|upkeep
|
|switch|p1a: Conkeldurr|Conkeldurr, M|76/100
|-damage|p1a: Conkeldurr|60/100|[from] Spikes
|-damage|p1a: Conkeldurr|54/100|[from] Stealth Rock
|turn|15
|inactive|fatakat has 120 seconds left.
|
|switch|p2a: Latias|Latias, F|100/100
|-damage|p2a: Latias|88/100|[from] Stealth Rock
|move|p1a: Conkeldurr|Drain Punch|p2a: Latias
|-resisted|p2a: Latias
|-damage|p2a: Latias|51/100
|-heal|p1a: Conkeldurr|70/100|[from] drain|[of] p2a: Latias
|-damage|p1a: Conkeldurr|60/100|[from] item: Life Orb
|
|-weather|Sandstorm|[upkeep]
|-damage|p1a: Conkeldurr|54/100|[from] Sandstorm
|-damage|p2a: Latias|45/100|[from] Sandstorm
|-heal|p2a: Latias|51/100|[from] item: Leftovers
|-fieldend|move: Trick Room
|upkeep
|turn|16
|
|switch|p1a: Bronzong|Bronzong|100/100
|-damage|p1a: Bronzong|94/100|[from] Stealth Rock
|move|p2a: Latias|Thunder Wave|p1a: Bronzong
|-status|p1a: Bronzong|par
|
|-weather|Sandstorm|[upkeep]
|-damage|p2a: Latias|45/100|[from] Sandstorm
|-heal|p2a: Latias|51/100|[from] item: Leftovers
|upkeep
|turn|17
|
|move|p2a: Latias|Recover|p2a: Latias
|-heal|p2a: Latias|100/100
|move|p1a: Bronzong|Trick Room|p1a: Bronzong
|-fieldstart|move: Trick Room|[of] p1a: Bronzong
|
|-weather|Sandstorm|[upkeep]
|-damage|p2a: Latias|94/100|[from] Sandstorm
|-heal|p2a: Latias|100/100|[from] item: Leftovers
|upkeep
|turn|18
|
|switch|p1a: Conkeldurr|Conkeldurr, M|54/100
|-damage|p1a: Conkeldurr|47/100|[from] Stealth Rock
|-damage|p1a: Conkeldurr|31/100|[from] Spikes
|switch|p2a: Skarmory|Skarmory, F|100/100
|-damage|p2a: Skarmory|88/100|[from] Stealth Rock
|
|-weather|Sandstorm|[upkeep]
|-damage|p1a: Conkeldurr|25/100|[from] Sandstorm
|upkeep
|turn|19
|
|move|p1a: Conkeldurr|Drain Punch|p2a: Skarmory
|-damage|p2a: Skarmory|44/100
|-heal|p1a: Conkeldurr|44/100|[from] drain|[of] p2a: Skarmory
|-damage|p1a: Conkeldurr|28/100|[from] item: Rocky Helmet|[of] p2a: Skarmory
|-damage|p1a: Conkeldurr|18/100|[from] item: Life Orb
|move|p2a: Skarmory|Whirlwind|p1a: Conkeldurr
|drag|p1a: Bronzong|Bronzong|94/100 par
|-damage|p1a: Bronzong|88/100 par|[from] Stealth Rock
|
|-weather|Sandstorm|[upkeep]
|upkeep
|turn|20
|
|switch|p1a: Infernape|Infernape, F|72/100
|-damage|p1a: Infernape|55/100|[from] Spikes
|-damage|p1a: Infernape|43/100|[from] Stealth Rock
|move|p2a: Skarmory|Roost|p2a: Skarmory
|-heal|p2a: Skarmory|94/100
|-singleturn|p2a: Skarmory|move: Roost
|
|-weather|Sandstorm|[upkeep]
|-damage|p1a: Infernape|37/100|[from] Sandstorm
|upkeep
|turn|21
|
|switch|p2a: Gastrodon|Gastrodon-East, F|100/100
|-damage|p2a: Gastrodon|94/100|[from] Stealth Rock
|move|p1a: Infernape|Fire Blast|p2a: Gastrodon
|-resisted|p2a: Gastrodon
|-damage|p2a: Gastrodon|68/100
|
|-weather|Sandstorm|[upkeep]
|-damage|p1a: Infernape|31/100|[from] Sandstorm
|-heal|p2a: Gastrodon|74/100|[from] item: Leftovers
|-fieldend|move: Trick Room
|upkeep
|turn|22
|
|move|p1a: Infernape|Close Combat|p2a: Gastrodon
|-crit|p2a: Gastrodon
|-damage|p2a: Gastrodon|2/100
|-unboost|p1a: Infernape|def|1
|-unboost|p1a: Infernape|spd|1
|move|p2a: Gastrodon|Scald|p1a: Infernape
|-supereffective|p1a: Infernape
|-damage|p1a: Infernape|0 fnt
|faint|p1a: Infernape
|
|-weather|Sandstorm|[upkeep]
|-heal|p2a: Gastrodon|8/100|[from] item: Leftovers
|upkeep
|
|switch|p1a: Jellicent|Jellicent, M, shiny|100/100
|-damage|p1a: Jellicent|84/100|[from] Spikes
|-damage|p1a: Jellicent|72/100|[from] Stealth Rock
|turn|23
|
|move|p2a: Gastrodon|Recover|p2a: Gastrodon
|-heal|p2a: Gastrodon|58/100
|move|p1a: Jellicent|Trick Room|p1a: Jellicent
|-fieldstart|move: Trick Room|[of] p1a: Jellicent
|
|-weather|Sandstorm|[upkeep]
|-damage|p1a: Jellicent|65/100|[from] Sandstorm
|-heal|p2a: Gastrodon|64/100|[from] item: Leftovers
|-heal|p1a: Jellicent|72/100|[from] item: Leftovers
|upkeep
|turn|24
|
|switch|p2a: Skarmory|Skarmory, F|94/100
|-damage|p2a: Skarmory|82/100|[from] Stealth Rock
|move|p1a: Jellicent|Energy Ball|p2a: Skarmory
|-resisted|p2a: Skarmory
|-damage|p2a: Skarmory|75/100
|
|-weather|Sandstorm|[upkeep]
|-damage|p1a: Jellicent|65/100|[from] Sandstorm
|-heal|p1a: Jellicent|72/100|[from] item: Leftovers
|upkeep
|turn|25
|
|move|p1a: Jellicent|Scald|p2a: Skarmory
|-damage|p2a: Skarmory|29/100
|-status|p2a: Skarmory|brn
|move|p2a: Skarmory|Spikes|p1a: Jellicent
|-sidestart|p1: HaxerAreBastards|Spikes
|
|-weather|Sandstorm|[upkeep]
|-damage|p1a: Jellicent|65/100|[from] Sandstorm
|-heal|p1a: Jellicent|72/100|[from] item: Leftovers
|-damage|p2a: Skarmory|16/100 brn|[from] brn
|upkeep
|turn|26
|
|move|p1a: Jellicent|Hidden Power|p2a: Skarmory
|-supereffective|p2a: Skarmory
|-damage|p2a: Skarmory|0 fnt
|faint|p2a: Skarmory
|
|-weather|Sandstorm|[upkeep]
|-damage|p1a: Jellicent|65/100|[from] Sandstorm
|-heal|p1a: Jellicent|72/100|[from] item: Leftovers
|upkeep
|inactive|fatakat has 120 seconds left.
|
|switch|p2a: Tyranitar|Tyranitar, F|80/100
|-damage|p2a: Tyranitar|68/100|[from] Stealth Rock
|turn|27
|
|move|p1a: Jellicent|Scald|p2a: Tyranitar
|-supereffective|p2a: Tyranitar
|-damage|p2a: Tyranitar|37/100
|move|p2a: Tyranitar|Pursuit|p1a: Jellicent
|-supereffective|p1a: Jellicent
|-damage|p1a: Jellicent|24/100
|
|-weather|Sandstorm|[upkeep]
|-damage|p1a: Jellicent|17/100|[from] Sandstorm
|-heal|p1a: Jellicent|24/100|[from] item: Leftovers
|-fieldend|move: Trick Room
|upkeep
|turn|28
|
|move|p2a: Tyranitar|Crunch|p1a: Jellicent
|-supereffective|p1a: Jellicent
|-damage|p1a: Jellicent|0 fnt
|faint|p1a: Jellicent
|
|-weather|Sandstorm|[upkeep]
|upkeep
|
|switch|p1a: Bronzong|Bronzong|88/100 par
|-damage|p1a: Bronzong|82/100 par|[from] Stealth Rock
|turn|29
|
|move|p2a: Tyranitar|Crunch|p1a: Bronzong
|-damage|p1a: Bronzong|45/100 par
|-unboost|p1a: Bronzong|def|1
|move|p1a: Bronzong|Trick Room|p1a: Bronzong
|-fieldstart|move: Trick Room|[of] p1a: Bronzong
|
|-weather|Sandstorm|[upkeep]
|upkeep
|turn|30
|
|switch|p2a: Heatran|Heatran, F|100/100
|-damage|p2a: Heatran|88/100|[from] Stealth Rock
|move|p1a: Bronzong|Gyro Ball|p2a: Heatran
|-resisted|p2a: Heatran
|-damage|p2a: Heatran|72/100
|
|-weather|Sandstorm|[upkeep]
|upkeep
|turn|31
|
|cant|p1a: Bronzong|par
|move|p2a: Heatran|Fire Blast|p1a: Bronzong
|-supereffective|p1a: Bronzong
|-damage|p1a: Bronzong|0 fnt
|faint|p1a: Bronzong
|
|-weather|Sandstorm|[upkeep]
|upkeep
|
|switch|p1a: Conkeldurr|Conkeldurr, M|18/100
|-damage|p1a: Conkeldurr|12/100|[from] Stealth Rock
|-damage|p1a: Conkeldurr|0 fnt|[from] Spikes
|faint|p1a: Conkeldurr
|
|win|fatakat
|raw|HaxerAreBastards's rating: 1583 &rarr; <strong>1551</strong><br />(-32 for losing)
|raw|fatakat's rating: 1343 &rarr; <strong>1375</strong><br />(+32 for winning)
