|j|☆hello oh oh oh oh
|j|☆sawk123
|player|p1|hello oh oh oh oh|169|1518
|player|p2|sawk123|hugh|1252
|teamsize|p1|6
|teamsize|p2|6
|gametype|singles
|gen|5
|tier|[Gen 5] OU
|rated|
|clearpoke
|poke|p1|Jellicent, M|item
|poke|p1|Ferrothorn, F|item
|poke|p1|Gliscor, F|item
|poke|p1|Tyranitar, M|item
|poke|p1|Heatran, M|item
|poke|p1|Starmie|item
|poke|p2|Archeops, M|item
|poke|p2|Gallade, M|item
|poke|p2|Sceptile, M|item
|poke|p2|Galvantula, F|item
|poke|p2|Spiritomb, F|item
|poke|p2|Lapras, F|item
|rule|Species Clause: Limit one of each Pokémon
|rule|OHKO Clause: OHKO moves are banned
|rule|Moody Clause: Moody is banned
|rule|Evasion Moves Clause: Evasion moves are banned
|rule|Endless Battle Clause: Forcing endless battles is banned
|rule|HP Percentage Mod: HP is shown in percentages
|rule|Evasion Abilities Clause: Evasion abilities are banned
|rule|Baton Pass Clause: Limit one Baton Passer, can't pass Spe and other stats simultaneously
|rule|Sleep Clause: Sleep-inducing moves are banned
|rule|Swagger Clause: Swagger is banned
|teampreview
|inactive|Battle timer is ON: inactive players will automatically lose when time's up. (requested by sawk123)
|inactive|hello oh oh oh oh has 120 seconds left.
|
|start
|switch|p1a: Tyranitar|Tyranitar, M|100/100
|switch|p2a: Galvantula|Galvantula, F|100/100
|-weather|Sandstorm|[from] ability: Sand Stream|[of] p1a: Tyranitar
|turn|1
|
|move|p1a: Tyranitar|Crunch|p2a: Galvantula
|-damage|p2a: Galvantula|35/100
|move|p2a: Galvantula|Bug Buzz|p1a: Tyranitar
|-supereffective|p1a: Tyranitar
|-damage|p1a: Tyranitar|37/100
|-unboost|p1a: Tyranitar|spd|1
|-damage|p2a: Galvantula|25/100|[from] item: Life Orb
|
|-weather|Sandstorm|[upkeep]
|-damage|p2a: Galvantula|19/100|[from] Sandstorm
|upkeep
|turn|2
|
|switch|p2a: Lapras|Lapras, F|100/100
|move|p1a: Tyranitar|Crunch|p2a: Lapras
|-damage|p2a: Lapras|67/100
|
|-weather|Sandstorm|[upkeep]
|-damage|p2a: Lapras|61/100|[from] Sandstorm
|upkeep
|turn|3
|
|switch|p1a: Ferrothorn|Ferrothorn, F|100/100
|move|p2a: Lapras|Hydro Pump|p1a: Ferrothorn
|-resisted|p1a: Ferrothorn
|-damage|p1a: Ferrothorn|69/100
|
|-weather|Sandstorm|[upkeep]
|-damage|p2a: Lapras|55/100|[from] Sandstorm
|-heal|p1a: Ferrothorn|75/100|[from] item: Leftovers
|upkeep
|turn|4
|
|switch|p2a: Sceptile|Sceptile, M|100/100
|move|p1a: Ferrothorn|Spikes|p2a: Sceptile
|-sidestart|p2: sawk123|Spikes
|
|-weather|Sandstorm|[upkeep]
|-damage|p2a: Sceptile|94/100|[from] Sandstorm
|-heal|p1a: Ferrothorn|81/100|[from] item: Leftovers
|upkeep
|turn|5
|
|move|p1a: Ferrothorn|Protect|p1a: Ferrothorn
|-singleturn|p1a: Ferrothorn|Protect
|move|p2a: Sceptile|Swords Dance|p2a: Sceptile
|-boost|p2a: Sceptile|atk|2
|
|-weather|Sandstorm|[upkeep]
|-damage|p2a: Sceptile|88/100|[from] Sandstorm
|-heal|p1a: Ferrothorn|87/100|[from] item: Leftovers
|upkeep
|turn|6
|
|move|p2a: Sceptile|Swords Dance|p2a: Sceptile
|-boost|p2a: Sceptile|atk|2
|move|p1a: Ferrothorn|Spikes|p2a: Sceptile
|-sidestart|p2: sawk123|Spikes
|
|-weather|Sandstorm|[upkeep]
|-damage|p2a: Sceptile|82/100|[from] Sandstorm
|-heal|p1a: Ferrothorn|94/100|[from] item: Leftovers
|upkeep
|turn|7
|
|move|p2a: Sceptile|Earthquake|p1a: Ferrothorn
|-damage|p1a: Ferrothorn|41/100
|move|p1a: Ferrothorn|Spikes|p2a: Sceptile
|-sidestart|p2: sawk123|Spikes
|
|-weather|Sandstorm|[upkeep]
|-damage|p2a: Sceptile|76/100|[from] Sandstorm
|-heal|p1a: Ferrothorn|47/100|[from] item: Leftovers
|upkeep
|turn|8
|
|move|p1a: Ferrothorn|Protect|p1a: Ferrothorn
|-singleturn|p1a: Ferrothorn|Protect
|move|p2a: Sceptile|Earthquake|p1a: Ferrothorn
|-activate|p1a: Ferrothorn|move: Protect
|
|-weather|Sandstorm|[upkeep]
|-damage|p2a: Sceptile|70/100|[from] Sandstorm
|-heal|p1a: Ferrothorn|54/100|[from] item: Leftovers
|upkeep
|turn|9
|
|switch|p1a: Gliscor|Gliscor, F|100/100
|move|p2a: Sceptile|Earthquake|p1a: Gliscor
|-immune|p1a: Gliscor
|
|-weather|Sandstorm|[upkeep]
|-damage|p2a: Sceptile|64/100|[from] Sandstorm
|-status|p1a: Gliscor|tox|[from] item: Toxic Orb
|upkeep
|turn|10
|
|move|p1a: Gliscor|Protect|p1a: Gliscor
|-singleturn|p1a: Gliscor|Protect
|move|p2a: Sceptile|Leaf Blade|p1a: Gliscor
|-activate|p1a: Gliscor|move: Protect
|
|-weather|Sandstorm|[upkeep]
|-damage|p2a: Sceptile|58/100|[from] Sandstorm
|upkeep
|turn|11
|
|switch|p1a: Ferrothorn|Ferrothorn, F|54/100
|move|p2a: Sceptile|Earthquake|p1a: Ferrothorn
|-damage|p1a: Ferrothorn|0 fnt
|faint|p1a: Ferrothorn
|
|-weather|Sandstorm|[upkeep]
|-damage|p2a: Sceptile|52/100|[from] Sandstorm
|upkeep
|inactive|hello oh oh oh oh has 120 seconds left.
|
|switch|p1a: Gliscor|Gliscor, F|100/100 tox
|turn|12
|
|move|p2a: Sceptile|Leaf Blade|p1a: Gliscor
|-enditem|p2a: Sceptile|Grass Gem|[from] gem
|-damage|p1a: Gliscor|0 fnt
|faint|p1a: Gliscor
|
|-weather|Sandstorm|[upkeep]
|-damage|p2a: Sceptile|46/100|[from] Sandstorm
|upkeep
|
|switch|p1a: Jellicent|Jellicent, M, shiny|100/100
|turn|13
|
|switch|p1a: Heatran|Heatran, M, shiny|100/100
|move|p2a: Sceptile|Leaf Blade|p1a: Heatran
|-resisted|p1a: Heatran
|-damage|p1a: Heatran|76/100
|
|-weather|Sandstorm|[upkeep]
|-damage|p2a: Sceptile|40/100|[from] Sandstorm
|-heal|p1a: Heatran|82/100|[from] item: Leftovers
|upkeep
|turn|14
|inactive|hello oh oh oh oh has 120 seconds left.
|
|move|p1a: Heatran|Protect|p1a: Heatran
|-singleturn|p1a: Heatran|Protect
|move|p2a: Sceptile|Earthquake|p1a: Heatran
|-activate|p1a: Heatran|move: Protect
|
|-weather|Sandstorm|[upkeep]
|-damage|p2a: Sceptile|34/100|[from] Sandstorm
|-heal|p1a: Heatran|88/100|[from] item: Leftovers
|upkeep
|turn|15
|
|switch|p1a: Jellicent|Jellicent, M, shiny|100/100
|move|p2a: Sceptile|Earthquake|p1a: Jellicent
|-damage|p1a: Jellicent|17/100
|
|-weather|Sandstorm|[upkeep]
|-damage|p2a: Sceptile|28/100|[from] Sandstorm
|-damage|p1a: Jellicent|11/100|[from] Sandstorm
|-heal|p1a: Jellicent|17/100|[from] item: Leftovers
|upkeep
|turn|16
|inactive|hello oh oh oh oh has 120 seconds left.
|
|move|p2a: Sceptile|Earthquake|p1a: Jellicent
|-damage|p1a: Jellicent|0 fnt
|faint|p1a: Jellicent
|
|-weather|Sandstorm|[upkeep]
|-damage|p2a: Sceptile|22/100|[from] Sandstorm
|upkeep
|inactive|hello oh oh oh oh has 120 seconds left.
|
|switch|p1a: Heatran|Heatran, M, shiny|88/100
|turn|17
|
|move|p1a: Heatran|Protect|p1a: Heatran
|-singleturn|p1a: Heatran|Protect
|move|p2a: Sceptile|Earthquake|p1a: Heatran
|-activate|p1a: Heatran|move: Protect
|
|-weather|Sandstorm|[upkeep]
|-damage|p2a: Sceptile|16/100|[from] Sandstorm
|-heal|p1a: Heatran|94/100|[from] item: Leftovers
|upkeep
|turn|18
|inactive|hello oh oh oh oh has 120 seconds left.
|
|move|p1a: Heatran|Protect||[still]
|-fail|p1a: Heatran
|move|p2a: Sceptile|Earthquake|p1a: Heatran
|-supereffective|p1a: Heatran
|-damage|p1a: Heatran|0 fnt
|faint|p1a: Heatran
|
|-weather|Sandstorm|[upkeep]
|-damage|p2a: Sceptile|10/100|[from] Sandstorm
|upkeep
|
|switch|p1a: Tyranitar|Tyranitar, M|37/100
|turn|19
|
|move|p2a: Sceptile|Leaf Blade|p1a: Tyranitar
|-supereffective|p1a: Tyranitar
|-crit|p1a: Tyranitar
|-damage|p1a: Tyranitar|0 fnt
|faint|p1a: Tyranitar
|
|-weather|Sandstorm|[upkeep]
|-damage|p2a: Sceptile|4/100|[from] Sandstorm
|upkeep
|
|switch|p1a: Starmie|Starmie|100/100
|turn|20
|
|move|p2a: Sceptile|Leaf Blade|p1a: Starmie
|-supereffective|p1a: Starmie
|-damage|p1a: Starmie|0 fnt
|faint|p1a: Starmie
|
|win|sawk123
|raw|hello oh oh oh oh's rating: 1527 &rarr; <strong>1494</strong><br />(-33 for losing)
|raw|sawk123's rating: 1252 &rarr; <strong>1293</strong><br />(+41 for winning)
