|j|☆cov
|j|☆She rode Meraxes
|player|p1|cov|167
|player|p2|She rode Meraxes|166
|teamsize|p1|6
|teamsize|p2|6
|gametype|singles
|gen|5
|tier|[Gen 5] OU
|rated|
|rule|Sleep Clause Mod: Limit one foe put to sleep
|rule|Species Clause: Limit one of each Pokémon
|rule|OHKO Clause: OHKO moves are banned
|rule|Moody Clause: Moody is banned
|rule|Evasion Moves Clause: Evasion moves are banned
|rule|Endless Battle Clause: Forcing endless battles is banned
|rule|HP Percentage Mod: HP is shown in percentages
|rule|Evasion Abilities Clause: Evasion abilities are banned
|rule|Baton Pass Clause: Limit one Baton Passer, can't pass Spe and other stats simultaneously
|rule|Swagger Clause: Swagger is banned
|clearpoke
|poke|p1|Tyranitar, M|item
|poke|p1|Gliscor, F|item
|poke|p1|Starmie|item
|poke|p1|Heatran, F|item
|poke|p1|Skarmory, F|item
|poke|p1|Gastrodon-East, F|item
|poke|p2|Gliscor, F|item
|poke|p2|Amoonguss, F|item
|poke|p2|Gothitelle, M|item
|poke|p2|Skarmory, F|item
|poke|p2|Jellicent, F|item
|poke|p2|Heatran, M|item
|teampreview
|inactive|Battle timer is ON: inactive players will automatically lose when time's up. (requested by cov)
|
|start
|switch|p1a: Heatran|Heatran, F|100/100
|switch|p2a: Gliscor|Gliscor, F|100/100
|turn|1
|
|switch|p1a: Gastrodon|Gastrodon-East, F|100/100
|move|p2a: Gliscor|Earthquake|p1a: Gastrodon
|-damage|p1a: Gastrodon|77/100
|
|-heal|p1a: Gastrodon|83/100|[from] item: Leftovers
|-status|p2a: Gliscor|tox|[from] item: Toxic Orb
|upkeep
|turn|2
|
|switch|p1a: Gliscor|Gliscor, F|100/100
|move|p2a: Gliscor|Toxic|p1a: Gliscor
|-status|p1a: Gliscor|tox
|
|upkeep
|turn|3
|
|switch|p2a: Skarmory|Skarmory, F|100/100
|move|p1a: Gliscor|Earthquake|p2a: Skarmory
|-immune|p2a: Skarmory|[msg]
|
|upkeep
|turn|4
|
|switch|p1a: Heatran|Heatran, F|100/100
|move|p2a: Skarmory|Spikes|p1a: Heatran
|-sidestart|p1: cov|Spikes
|
|upkeep
|turn|5
|
|switch|p2a: Heatran|Heatran, M|100/100
|move|p1a: Heatran|Stealth Rock|p2a: Heatran
|-sidestart|p2: She rode Meraxes|move: Stealth Rock
|
|upkeep
|turn|6
|
|switch|p1a: Gliscor|Gliscor, F|100/100 tox
|move|p2a: Heatran|Stealth Rock|p1a: Gliscor
|-sidestart|p1: cov|move: Stealth Rock
|
|upkeep
|turn|7
|
|switch|p2a: Skarmory|Skarmory, F|100/100
|-damage|p2a: Skarmory|88/100|[from] Stealth Rock
|switch|p1a: Starmie|Starmie|100/100
|-damage|p1a: Starmie|88/100|[from] Stealth Rock
|-damage|p1a: Starmie|76/100|[from] Spikes
|
|-heal|p1a: Starmie|82/100|[from] item: Leftovers
|upkeep
|turn|8
|
|switch|p2a: Jellicent|Jellicent, F|100/100
|-damage|p2a: Jellicent|88/100|[from] Stealth Rock
|move|p1a: Starmie|Thunder Wave|p2a: Jellicent
|-status|p2a: Jellicent|par
|
|-heal|p1a: Starmie|88/100|[from] item: Leftovers
|-heal|p2a: Jellicent|94/100 par|[from] item: Leftovers
|upkeep
|turn|9
|
|switch|p1a: Gliscor|Gliscor, F|100/100 tox
|-damage|p1a: Gliscor|88/100 tox|[from] Stealth Rock
|switch|p2a: Amoonguss|Amoonguss, F|100/100
|-damage|p2a: Amoonguss|88/100|[from] Stealth Rock
|
|-heal|p2a: Amoonguss|94/100|[from] item: Black Sludge
|-heal|p1a: Gliscor|100/100 tox|[from] ability: Poison Heal
|upkeep
|turn|10
|
|move|p1a: Gliscor|Swords Dance|p1a: Gliscor
|-boost|p1a: Gliscor|atk|2
|move|p2a: Amoonguss|Giga Drain|p1a: Gliscor
|-damage|p1a: Gliscor|81/100 tox
|-heal|p2a: Amoonguss|100/100|[from] drain|[of] p1a: Gliscor
|
|-heal|p1a: Gliscor|93/100 tox|[from] ability: Poison Heal
|upkeep
|turn|11
|
|switch|p1a: Skarmory|Skarmory, F|100/100
|-damage|p1a: Skarmory|88/100|[from] Stealth Rock
|switch|p2a: Skarmory|Skarmory, F|88/100
|-damage|p2a: Skarmory|76/100|[from] Stealth Rock
|
|upkeep
|turn|12
|
|move|p2a: Skarmory|Taunt|p1a: Skarmory
|-start|p1a: Skarmory|move: Taunt
|cant|p1a: Skarmory|move: Taunt|Spikes
|
|upkeep
|turn|13
|
|switch|p1a: Starmie|Starmie|88/100
|-damage|p1a: Starmie|76/100|[from] Spikes
|-damage|p1a: Starmie|63/100|[from] Stealth Rock
|move|p2a: Skarmory|Spikes|p1a: Starmie
|-sidestart|p1: cov|Spikes
|
|-heal|p1a: Starmie|70/100|[from] item: Leftovers
|upkeep
|turn|14
|
|switch|p1a: Tyranitar|Tyranitar, M|100/100
|-damage|p1a: Tyranitar|84/100|[from] Spikes
|-damage|p1a: Tyranitar|72/100|[from] Stealth Rock
|-weather|Sandstorm|[from] ability: Sand Stream|[of] p1a: Tyranitar
|switch|p2a: Jellicent|Jellicent, F|94/100 par
|-damage|p2a: Jellicent|82/100 par|[from] Stealth Rock
|
|-weather|Sandstorm|[upkeep]
|-damage|p2a: Jellicent|76/100 par|[from] Sandstorm
|-heal|p2a: Jellicent|82/100 par|[from] item: Leftovers
|upkeep
|turn|15
|
|switch|p2a: Gliscor|Gliscor, F|100/100 tox
|-damage|p2a: Gliscor|88/100 tox|[from] Stealth Rock
|move|p1a: Tyranitar|Crunch|p2a: Gliscor
|-crit|p2a: Gliscor
|-damage|p2a: Gliscor|22/100 tox
|
|-weather|Sandstorm|[upkeep]
|-heal|p2a: Gliscor|34/100 tox|[from] ability: Poison Heal
|upkeep
|turn|16
|
|switch|p1a: Skarmory|Skarmory, F|88/100
|-damage|p1a: Skarmory|76/100|[from] Stealth Rock
|move|p2a: Gliscor|Roost|p2a: Gliscor
|-heal|p2a: Gliscor|84/100 tox
|
|-weather|Sandstorm|[upkeep]
|-heal|p2a: Gliscor|96/100 tox|[from] ability: Poison Heal
|upkeep
|turn|17
|
|move|p2a: Gliscor|Taunt|p1a: Skarmory
|-start|p1a: Skarmory|move: Taunt
|cant|p1a: Skarmory|move: Taunt|Spikes
|
|-weather|Sandstorm|[upkeep]
|-heal|p2a: Gliscor|100/100 tox|[from] ability: Poison Heal
|upkeep
|turn|18
|
|switch|p2a: Skarmory|Skarmory, F|76/100
|-damage|p2a: Skarmory|64/100|[from] Stealth Rock
|switch|p1a: Gliscor|Gliscor, F|93/100 tox
|-damage|p1a: Gliscor|81/100 tox|[from] Stealth Rock
|
|-weather|Sandstorm|[upkeep]
|-heal|p1a: Gliscor|93/100 tox|[from] ability: Poison Heal
|upkeep
|turn|19
|
|switch|p1a: Starmie|Starmie|70/100
|-damage|p1a: Starmie|53/100|[from] Spikes
|-damage|p1a: Starmie|41/100|[from] Stealth Rock
|move|p2a: Skarmory|Spikes|p1a: Starmie
|-sidestart|p1: cov|Spikes
|
|-weather|Sandstorm|[upkeep]
|-damage|p1a: Starmie|35/100|[from] Sandstorm
|-heal|p1a: Starmie|41/100|[from] item: Leftovers
|upkeep
|turn|20
|
|switch|p1a: Tyranitar|Tyranitar, M|72/100
|-damage|p1a: Tyranitar|59/100|[from] Stealth Rock
|-damage|p1a: Tyranitar|35/100|[from] Spikes
|switch|p2a: Jellicent|Jellicent, F|82/100 par
|-damage|p2a: Jellicent|69/100 par|[from] Stealth Rock
|
|-weather|Sandstorm|[upkeep]
|-damage|p2a: Jellicent|63/100 par|[from] Sandstorm
|-heal|p2a: Jellicent|69/100 par|[from] item: Leftovers
|upkeep
|turn|21
|
|move|p1a: Tyranitar|Crunch|p2a: Jellicent
|-supereffective|p2a: Jellicent
|-damage|p2a: Jellicent|5/100 par
|move|p2a: Jellicent|Will-O-Wisp|p1a: Tyranitar
|-status|p1a: Tyranitar|brn
|
|-weather|Sandstorm|[upkeep]
|-damage|p2a: Jellicent|0 fnt|[from] Sandstorm
|-damage|p1a: Tyranitar|22/100 brn|[from] brn
|upkeep
|faint|p2a: Jellicent
|
|switch|p2a: Skarmory|Skarmory, F|64/100
|-damage|p2a: Skarmory|51/100|[from] Stealth Rock
|turn|22
|
|switch|p1a: Heatran|Heatran, F|100/100
|-damage|p1a: Heatran|76/100|[from] Spikes
|-damage|p1a: Heatran|63/100|[from] Stealth Rock
|move|p2a: Skarmory|Roost|p2a: Skarmory
|-heal|p2a: Skarmory|100/100
|
|-weather|Sandstorm|[upkeep]
|-heal|p1a: Heatran|69/100|[from] item: Leftovers
|upkeep
|turn|23
|
|switch|p2a: Gliscor|Gliscor, F|100/100 tox
|-damage|p2a: Gliscor|88/100 tox|[from] Stealth Rock
|move|p1a: Heatran|Lava Plume|p2a: Gliscor
|-damage|p2a: Gliscor|55/100 tox
|
|-weather|Sandstorm|[upkeep]
|-heal|p1a: Heatran|76/100|[from] item: Leftovers
|-heal|p2a: Gliscor|67/100 tox|[from] ability: Poison Heal
|upkeep
|turn|24
|
|move|p1a: Heatran|Protect|p1a: Heatran
|-singleturn|p1a: Heatran|Protect
|move|p2a: Gliscor|Roost|p2a: Gliscor
|-heal|p2a: Gliscor|100/100 tox
|
|-weather|Sandstorm|[upkeep]
|-heal|p1a: Heatran|82/100|[from] item: Leftovers
|upkeep
|turn|25
|
|switch|p1a: Gliscor|Gliscor, F|93/100 tox
|-damage|p1a: Gliscor|81/100 tox|[from] Stealth Rock
|move|p2a: Gliscor|Earthquake|p1a: Gliscor
|-immune|p1a: Gliscor|[msg]
|
|-weather|Sandstorm|[upkeep]
|-heal|p1a: Gliscor|93/100 tox|[from] ability: Poison Heal
|upkeep
|turn|26
|
|switch|p2a: Skarmory|Skarmory, F|100/100
|-damage|p2a: Skarmory|88/100|[from] Stealth Rock
|move|p1a: Gliscor|Swords Dance|p1a: Gliscor
|-boost|p1a: Gliscor|atk|2
|
|-weather|Sandstorm|[upkeep]
|-heal|p1a: Gliscor|100/100 tox|[from] ability: Poison Heal
|upkeep
|turn|27
|
|switch|p1a: Tyranitar|Tyranitar, M|22/100 brn
|-damage|p1a: Tyranitar|0 fnt|[from] Spikes
|faint|p1a: Tyranitar
|move|p2a: Skarmory|Whirlwind|p1: Tyranitar|[notarget]
|-notarget
|
|-weather|Sandstorm|[upkeep]
|upkeep
|
|switch|p1a: Starmie|Starmie|41/100
|-damage|p1a: Starmie|28/100|[from] Stealth Rock
|-damage|p1a: Starmie|4/100|[from] Spikes
|turn|28
|
|switch|p2a: Gothitelle|Gothitelle, M|100/100
|-damage|p2a: Gothitelle|88/100|[from] Stealth Rock
|move|p1a: Starmie|Recover|p1a: Starmie
|-heal|p1a: Starmie|54/100
|
|-weather|Sandstorm|[upkeep]
|-damage|p2a: Gothitelle|82/100|[from] Sandstorm
|-damage|p1a: Starmie|48/100|[from] Sandstorm
|-heal|p1a: Starmie|54/100|[from] item: Leftovers
|upkeep
|turn|29
|
|move|p2a: Gothitelle|Thunderbolt|p1a: Starmie
|-supereffective|p1a: Starmie
|-damage|p1a: Starmie|0 fnt
|faint|p1a: Starmie
|
|-weather|Sandstorm|[upkeep]
|-damage|p2a: Gothitelle|76/100|[from] Sandstorm
|upkeep
|
|switch|p1a: Gastrodon|Gastrodon-East, F|83/100
|-damage|p1a: Gastrodon|58/100|[from] Spikes
|-damage|p1a: Gastrodon|52/100|[from] Stealth Rock
|turn|30
|
|switch|p2a: Amoonguss|Amoonguss, F|100/100
|-damage|p2a: Amoonguss|88/100|[from] Stealth Rock
|move|p1a: Gastrodon|Recover|p1a: Gastrodon
|-heal|p1a: Gastrodon|100/100
|
|-weather|Sandstorm|[upkeep]
|-damage|p2a: Amoonguss|82/100|[from] Sandstorm
|-heal|p2a: Amoonguss|88/100|[from] item: Black Sludge
|upkeep
|turn|31
|
|switch|p1a: Gliscor|Gliscor, F|100/100 tox
|-damage|p1a: Gliscor|88/100 tox|[from] Stealth Rock
|switch|p2a: Gothitelle|Gothitelle, M|76/100
|-damage|p2a: Gothitelle|63/100|[from] Stealth Rock
|
|-weather|Sandstorm|[upkeep]
|-damage|p2a: Gothitelle|57/100|[from] Sandstorm
|-heal|p1a: Gliscor|100/100 tox|[from] ability: Poison Heal
|upkeep
|turn|32
|
|move|p1a: Gliscor|Protect|p1a: Gliscor
|-singleturn|p1a: Gliscor|Protect
|move|p2a: Gothitelle|Trick|p1a: Gliscor
|-activate|p1a: Gliscor|move: Protect
|
|-weather|Sandstorm|[upkeep]
|-damage|p2a: Gothitelle|51/100|[from] Sandstorm
|upkeep
|turn|33
|
|move|p2a: Gothitelle|Trick|p1a: Gliscor
|-activate|p2a: Gothitelle|move: Trick|[of] p1a: Gliscor
|-item|p1a: Gliscor|Choice Scarf|[from] move: Trick
|-item|p2a: Gothitelle|Toxic Orb|[from] move: Trick
|move|p1a: Gliscor|Earthquake|p2a: Gothitelle
|-damage|p2a: Gothitelle|10/100
|
|-weather|Sandstorm|[upkeep]
|-damage|p2a: Gothitelle|4/100|[from] Sandstorm
|-status|p2a: Gothitelle|tox|[from] item: Toxic Orb
|upkeep
|turn|34
|
|switch|p2a: Skarmory|Skarmory, F|88/100
|-damage|p2a: Skarmory|76/100|[from] Stealth Rock
|move|p1a: Gliscor|Earthquake|p2a: Skarmory
|-immune|p2a: Skarmory|[msg]
|
|-weather|Sandstorm|[upkeep]
|upkeep
|turn|35
|
|switch|p1a: Skarmory|Skarmory, F|76/100
|-damage|p1a: Skarmory|64/100|[from] Stealth Rock
|move|p2a: Skarmory|Whirlwind|p1a: Skarmory
|drag|p1a: Gastrodon|Gastrodon-East, F|100/100
|-damage|p1a: Gastrodon|94/100|[from] Stealth Rock
|-damage|p1a: Gastrodon|70/100|[from] Spikes
|
|-weather|Sandstorm|[upkeep]
|-heal|p1a: Gastrodon|76/100|[from] item: Leftovers
|upkeep
|turn|36
|
|switch|p2a: Amoonguss|Amoonguss, F|100/100
|-damage|p2a: Amoonguss|88/100|[from] Stealth Rock
|move|p1a: Gastrodon|Ice Beam|p2a: Amoonguss
|-supereffective|p2a: Amoonguss
|-damage|p2a: Amoonguss|59/100
|
|-weather|Sandstorm|[upkeep]
|-damage|p2a: Amoonguss|53/100|[from] Sandstorm
|-heal|p1a: Gastrodon|82/100|[from] item: Leftovers
|-heal|p2a: Amoonguss|59/100|[from] item: Black Sludge
|upkeep
|turn|37
|
|switch|p1a: Gliscor|Gliscor, F|100/100 tox
|-damage|p1a: Gliscor|88/100 tox|[from] Stealth Rock
|move|p2a: Amoonguss|Spore|p1a: Gliscor
|-fail|p1a: Gliscor
|
|-weather|Sandstorm|[upkeep]
|-damage|p2a: Amoonguss|53/100|[from] Sandstorm
|-heal|p2a: Amoonguss|59/100|[from] item: Black Sludge
|-heal|p1a: Gliscor|100/100 tox|[from] ability: Poison Heal
|upkeep
|turn|38
|
|switch|p2a: Gliscor|Gliscor, F|100/100 tox
|-damage|p2a: Gliscor|88/100 tox|[from] Stealth Rock
|move|p1a: Gliscor|Facade|p2a: Gliscor
|-damage|p2a: Gliscor|62/100 tox
|
|-weather|Sandstorm|[upkeep]
|-heal|p2a: Gliscor|74/100 tox|[from] ability: Poison Heal
|upkeep
|turn|39
|
|move|p1a: Gliscor|Facade|p2a: Gliscor
|-damage|p2a: Gliscor|47/100 tox
|move|p2a: Gliscor|Taunt|p1a: Gliscor
|-start|p1a: Gliscor|move: Taunt
|
|-weather|Sandstorm|[upkeep]
|-heal|p2a: Gliscor|59/100 tox|[from] ability: Poison Heal
|upkeep
|turn|40
|
|switch|p1a: Gastrodon|Gastrodon-East, F|82/100
|-damage|p1a: Gastrodon|57/100|[from] Spikes
|-damage|p1a: Gastrodon|51/100|[from] Stealth Rock
|move|p2a: Gliscor|Roost|p2a: Gliscor
|-heal|p2a: Gliscor|100/100 tox
|
|-weather|Sandstorm|[upkeep]
|-heal|p1a: Gastrodon|57/100|[from] item: Leftovers
|upkeep
|turn|41
|
|move|p2a: Gliscor|Toxic|p1a: Gastrodon
|-status|p1a: Gastrodon|tox
|move|p1a: Gastrodon|Ice Beam|p2a: Gliscor
|-supereffective|p2a: Gliscor
|-damage|p2a: Gliscor|25/100 tox
|
|-weather|Sandstorm|[upkeep]
|-heal|p1a: Gastrodon|63/100 tox|[from] item: Leftovers
|-heal|p2a: Gliscor|38/100 tox|[from] ability: Poison Heal
|-damage|p1a: Gastrodon|57/100 tox|[from] psn
|upkeep
|turn|42
|
|move|p2a: Gliscor|Roost|p2a: Gliscor
|-heal|p2a: Gliscor|88/100 tox
|move|p1a: Gastrodon|Ice Beam|p2a: Gliscor
|-supereffective|p2a: Gliscor
|-damage|p2a: Gliscor|48/100 tox
|
|-weather|Sandstorm|[upkeep]
|-heal|p1a: Gastrodon|63/100 tox|[from] item: Leftovers
|-heal|p2a: Gliscor|61/100 tox|[from] ability: Poison Heal
|-damage|p1a: Gastrodon|51/100 tox|[from] psn
|upkeep
|turn|43
|
|move|p2a: Gliscor|Roost|p2a: Gliscor
|-heal|p2a: Gliscor|100/100 tox
|move|p1a: Gastrodon|Ice Beam|p2a: Gliscor
|-supereffective|p2a: Gliscor
|-damage|p2a: Gliscor|62/100 tox
|
|-weather|Sandstorm|[upkeep]
|-heal|p1a: Gastrodon|57/100 tox|[from] item: Leftovers
|-heal|p2a: Gliscor|75/100 tox|[from] ability: Poison Heal
|-damage|p1a: Gastrodon|39/100 tox|[from] psn
|upkeep
|turn|44
|
|move|p2a: Gliscor|Roost|p2a: Gliscor
|-heal|p2a: Gliscor|100/100 tox
|move|p1a: Gastrodon|Ice Beam|p2a: Gliscor
|-supereffective|p2a: Gliscor
|-damage|p2a: Gliscor|64/100 tox
|
|-weather|Sandstorm|[upkeep]
|-heal|p1a: Gastrodon|45/100 tox|[from] item: Leftovers
|-heal|p2a: Gliscor|76/100 tox|[from] ability: Poison Heal
|-damage|p1a: Gastrodon|20/100 tox|[from] psn
|upkeep
|turn|45
|
|move|p2a: Gliscor|Earthquake|p1a: Gastrodon
|-damage|p1a: Gastrodon|0 fnt
|faint|p1a: Gastrodon
|
|-weather|Sandstorm|[upkeep]
|-heal|p2a: Gliscor|89/100 tox|[from] ability: Poison Heal
|upkeep
|
|switch|p1a: Skarmory|Skarmory, F|64/100
|-damage|p1a: Skarmory|51/100|[from] Stealth Rock
|turn|46
|
|move|p2a: Gliscor|Taunt|p1a: Skarmory
|-start|p1a: Skarmory|move: Taunt
|cant|p1a: Skarmory|move: Taunt|Spikes
|
|-weather|Sandstorm|[upkeep]
|-heal|p2a: Gliscor|100/100 tox|[from] ability: Poison Heal
|upkeep
|turn|47
|
|switch|p2a: Heatran|Heatran, M|100/100
|-damage|p2a: Heatran|88/100|[from] Stealth Rock
|-activate|p1a: Skarmory|move: Struggle
|move|p1a: Skarmory|Struggle|p2a: Heatran
|-damage|p2a: Heatran|82/100
|-damage|p1a: Skarmory|26/100|[from] recoil
|
|-weather|Sandstorm|[upkeep]
|-heal|p2a: Heatran|88/100|[from] item: Leftovers
|upkeep
|turn|48
|
|switch|p1a: Heatran|Heatran, F|82/100
|-damage|p1a: Heatran|57/100|[from] Spikes
|-damage|p1a: Heatran|44/100|[from] Stealth Rock
|move|p2a: Heatran|Taunt|p1a: Heatran
|-start|p1a: Heatran|move: Taunt
|
|-weather|Sandstorm|[upkeep]
|-heal|p2a: Heatran|94/100|[from] item: Leftovers
|-heal|p1a: Heatran|51/100|[from] item: Leftovers
|upkeep
|turn|49
|
|switch|p2a: Gothitelle|Gothitelle, M|4/100 tox
|-damage|p2a: Gothitelle|0 fnt|[from] Stealth Rock
|faint|p2a: Gothitelle
|move|p1a: Heatran|Lava Plume|p2: Gothitelle|[notarget]
|-notarget
|
|-weather|Sandstorm|[upkeep]
|-heal|p1a: Heatran|57/100|[from] item: Leftovers
|upkeep
|
|switch|p2a: Gliscor|Gliscor, F|100/100 tox
|-damage|p2a: Gliscor|88/100 tox|[from] Stealth Rock
|turn|50
|
|switch|p1a: Gliscor|Gliscor, F|100/100 tox
|-damage|p1a: Gliscor|88/100 tox|[from] Stealth Rock
|move|p2a: Gliscor|Earthquake|p1a: Gliscor
|-immune|p1a: Gliscor|[msg]
|
|-weather|Sandstorm|[upkeep]
|-heal|p1a: Gliscor|100/100 tox|[from] ability: Poison Heal
|-heal|p2a: Gliscor|100/100 tox|[from] ability: Poison Heal
|upkeep
|turn|51
|
|move|p1a: Gliscor|Facade|p2a: Gliscor
|-damage|p2a: Gliscor|77/100 tox
|move|p2a: Gliscor|Taunt|p1a: Gliscor
|-start|p1a: Gliscor|move: Taunt
|
|-weather|Sandstorm|[upkeep]
|-heal|p2a: Gliscor|89/100 tox|[from] ability: Poison Heal
|upkeep
|turn|52
|
|switch|p2a: Skarmory|Skarmory, F|76/100
|-damage|p2a: Skarmory|64/100|[from] Stealth Rock
|move|p1a: Gliscor|Facade|p2a: Skarmory
|-resisted|p2a: Skarmory
|-damage|p2a: Skarmory|54/100
|
|-weather|Sandstorm|[upkeep]
|upkeep
|turn|53
|
|move|p1a: Gliscor|Facade|p2a: Skarmory
|-resisted|p2a: Skarmory
|-damage|p2a: Skarmory|44/100
|move|p2a: Skarmory|Roost|p2a: Skarmory
|-heal|p2a: Skarmory|94/100
|
|-weather|Sandstorm|[upkeep]
|upkeep
|turn|54
|
|move|p1a: Gliscor|Facade|p2a: Skarmory
|-resisted|p2a: Skarmory
|-damage|p2a: Skarmory|85/100
|move|p2a: Skarmory|Whirlwind|p1a: Gliscor
|drag|p1a: Heatran|Heatran, F|57/100
|-damage|p1a: Heatran|44/100|[from] Stealth Rock
|-damage|p1a: Heatran|19/100|[from] Spikes
|
|-weather|Sandstorm|[upkeep]
|-heal|p1a: Heatran|26/100|[from] item: Leftovers
|upkeep
|turn|55
|
|switch|p1a: Gliscor|Gliscor, F|100/100 tox
|-damage|p1a: Gliscor|88/100 tox|[from] Stealth Rock
|switch|p2a: Gliscor|Gliscor, F|89/100 tox
|-damage|p2a: Gliscor|77/100 tox|[from] Stealth Rock
|
|-weather|Sandstorm|[upkeep]
|-heal|p1a: Gliscor|100/100 tox|[from] ability: Poison Heal
|-heal|p2a: Gliscor|89/100 tox|[from] ability: Poison Heal
|upkeep
|turn|56
|
|switch|p2a: Skarmory|Skarmory, F|85/100
|-damage|p2a: Skarmory|72/100|[from] Stealth Rock
|move|p1a: Gliscor|Facade|p2a: Skarmory
|-resisted|p2a: Skarmory
|-damage|p2a: Skarmory|64/100
|
|-weather|Sandstorm|[upkeep]
|upkeep
|turn|57
|
|move|p1a: Gliscor|Facade|p2a: Skarmory
|-resisted|p2a: Skarmory
|-damage|p2a: Skarmory|55/100
|move|p2a: Skarmory|Roost|p2a: Skarmory
|-heal|p2a: Skarmory|100/100
|
|-weather|Sandstorm|[upkeep]
|upkeep
|turn|58
|
|move|p1a: Gliscor|Facade|p2a: Skarmory
|-resisted|p2a: Skarmory
|-damage|p2a: Skarmory|92/100
|move|p2a: Skarmory|Whirlwind|p1a: Gliscor
|drag|p1a: Skarmory|Skarmory, F|26/100
|-damage|p1a: Skarmory|14/100|[from] Stealth Rock
|
|-weather|Sandstorm|[upkeep]
|upkeep
|turn|59
|
|move|p2a: Skarmory|Taunt|p1a: Skarmory
|-start|p1a: Skarmory|move: Taunt
|cant|p1a: Skarmory|move: Taunt|Roost
|
|-weather|Sandstorm|[upkeep]
|upkeep
|turn|60
|
|-activate|p1a: Skarmory|move: Struggle
|move|p1a: Skarmory|Struggle|p2a: Skarmory
|-damage|p2a: Skarmory|88/100
|-damage|p1a: Skarmory|0 fnt|[from] recoil
|faint|p1a: Skarmory
|move|p2a: Skarmory|Whirlwind|p1: Skarmory|[notarget]
|-notarget
|
|-weather|Sandstorm|[upkeep]
|upkeep
|
|switch|p1a: Heatran|Heatran, F|26/100
|-damage|p1a: Heatran|13/100|[from] Stealth Rock
|-damage|p1a: Heatran|0 fnt|[from] Spikes
|faint|p1a: Heatran
|
|switch|p1a: Gliscor|Gliscor, F|100/100 tox
|-damage|p1a: Gliscor|88/100 tox|[from] Stealth Rock
|turn|61
|
|move|p1a: Gliscor|Facade|p2a: Skarmory
|-resisted|p2a: Skarmory
|-damage|p2a: Skarmory|79/100
|move|p2a: Skarmory|Taunt|p1a: Gliscor
|-start|p1a: Gliscor|move: Taunt
|
|-weather|Sandstorm|[upkeep]
|-heal|p1a: Gliscor|100/100 tox|[from] ability: Poison Heal
|upkeep
|turn|62
|
|move|p1a: Gliscor|Facade|p2a: Skarmory
|-resisted|p2a: Skarmory
|-damage|p2a: Skarmory|69/100
|move|p2a: Skarmory|Spikes|p1a: Gliscor
|-fail|p2a: Skarmory
|
|-weather|Sandstorm|[upkeep]
|upkeep
|turn|63
|
|move|p1a: Gliscor|Facade|p2a: Skarmory
|-resisted|p2a: Skarmory
|-damage|p2a: Skarmory|59/100
|move|p2a: Skarmory|Spikes|p1a: Gliscor
|-fail|p2a: Skarmory
|
|-weather|Sandstorm|[upkeep]
|upkeep
|turn|64
|
|move|p1a: Gliscor|Facade|p2a: Skarmory
|-resisted|p2a: Skarmory
|-damage|p2a: Skarmory|50/100
|move|p2a: Skarmory|Roost|p2a: Skarmory
|-heal|p2a: Skarmory|99/100
|
|-weather|Sandstorm|[upkeep]
|-end|p1a: Gliscor|move: Taunt
|upkeep
|turn|65
|
|switch|p2a: Heatran|Heatran, M|94/100
|-damage|p2a: Heatran|82/100|[from] Stealth Rock
|move|p1a: Gliscor|Facade|p2a: Heatran
|-resisted|p2a: Heatran
|-crit|p2a: Heatran
|-damage|p2a: Heatran|55/100
|
|-weather|Sandstorm|[upkeep]
|-heal|p2a: Heatran|62/100|[from] item: Leftovers
|upkeep
|turn|66
|
|move|p1a: Gliscor|Facade|p2a: Heatran
|-resisted|p2a: Heatran
|-damage|p2a: Heatran|50/100
|move|p2a: Heatran|Lava Plume|p1a: Gliscor
|-damage|p1a: Gliscor|67/100 tox
|
|-weather|Sandstorm|[upkeep]
|-heal|p2a: Heatran|56/100|[from] item: Leftovers
|-heal|p1a: Gliscor|79/100 tox|[from] ability: Poison Heal
|upkeep
|turn|67
|
|move|p1a: Gliscor|Facade|p2a: Heatran
|-resisted|p2a: Heatran
|-damage|p2a: Heatran|42/100
|move|p2a: Heatran|Lava Plume|p1a: Gliscor
|-damage|p1a: Gliscor|46/100 tox
|
|-weather|Sandstorm|[upkeep]
|-heal|p2a: Heatran|48/100|[from] item: Leftovers
|-heal|p1a: Gliscor|58/100 tox|[from] ability: Poison Heal
|upkeep
|turn|68
|
|move|p1a: Gliscor|Facade|p2a: Heatran
|-resisted|p2a: Heatran
|-damage|p2a: Heatran|36/100
|move|p2a: Heatran|Lava Plume|p1a: Gliscor
|-damage|p1a: Gliscor|26/100 tox
|
|-weather|Sandstorm|[upkeep]
|-heal|p2a: Heatran|42/100|[from] item: Leftovers
|-heal|p1a: Gliscor|38/100 tox|[from] ability: Poison Heal
|upkeep
|turn|69
|
|move|p1a: Gliscor|Facade|p2a: Heatran
|-resisted|p2a: Heatran
|-damage|p2a: Heatran|29/100
|move|p2a: Heatran|Lava Plume|p1a: Gliscor
|-damage|p1a: Gliscor|9/100 tox
|
|-weather|Sandstorm|[upkeep]
|-heal|p2a: Heatran|35/100|[from] item: Leftovers
|-heal|p1a: Gliscor|22/100 tox|[from] ability: Poison Heal
|upkeep
|turn|70
|
|move|p1a: Gliscor|Facade|p2a: Heatran
|-resisted|p2a: Heatran
|-damage|p2a: Heatran|22/100
|move|p2a: Heatran|Lava Plume|p1a: Gliscor
|-damage|p1a: Gliscor|0 fnt
|faint|p1a: Gliscor
|
|win|She rode Meraxes
|raw|cov's rating: 1512 &rarr; <strong>1481</strong><br />(-31 for losing)
|raw|She rode Meraxes's rating: 1287 &rarr; <strong>1326</strong><br />(+39 for winning)
|l|☆She rode Meraxes
|c|☆cov|/log cov made this room hidden.
