|j|☆scrublord999
|j|☆Laone.L.ous
|t:|1714288600
|gametype|singles
|player|p1|scrublord999|burglar|1349
|player|p2|Laone.L.ous|1|1323
|teamsize|p1|6
|teamsize|p2|6
|gen|5
|tier|[Gen 5] OU
|rated|
|rule|Species Clause: Limit one of each Pokémon
|rule|OHKO Clause: OHKO moves are banned
|rule|Moody Clause: Moody is banned
|rule|Evasion Items Clause: Evasion items are banned
|rule|Evasion Moves Clause: Evasion moves are banned
|rule|Endless Battle Clause: Forcing endless battles is banned
|rule|HP Percentage Mod: HP is shown in percentages
|rule|Evasion Abilities Clause: Evasion abilities are banned
|rule|Sleep Moves Clause: Sleep-inducing moves are banned
|rule|Swagger Clause: Swagger is banned
|rule|Baton Pass Stat Clause: No Baton Passer may have a way to boost its stats
|clearpoke
|poke|p1|Abomasnow, F|item
|poke|p1|Forretress, M|item
|poke|p1|Jellicent, M|item
|poke|p1|Heatran, M|item
|poke|p1|Mamoswine, M|item
|poke|p1|Latios, M|item
|poke|p2|Mew|item
|poke|p2|Volcarona, F|item
|poke|p2|Scizor, M|item
|poke|p2|Starmie|item
|poke|p2|Ditto|item
|poke|p2|Dragonite, F|item
|teampreview
|inactive|Battle timer is ON: inactive players will automatically lose when time's up. (requested by Laone.L.ous)
|inactive|Laone.L.ous has 120 seconds left.
|
|t:|1714288632
|start
|switch|p1a: Latios|Latios, M|100/100
|switch|p2a: Mew|Mew|100/100
|turn|1
|
|t:|1714288638
|move|p1a: Latios|Trick|p2a: Mew
|-activate|p1a: Latios|move: Trick|[of] p2a: Mew
|-item|p2a: Mew|Choice Scarf|[from] move: Trick
|-item|p1a: Latios|Leftovers|[from] move: Trick
|move|p2a: Mew|Stealth Rock|p1a: Latios
|-sidestart|p1: scrublord999|move: Stealth Rock
|
|upkeep
|turn|2
|
|t:|1714288642
|switch|p2a: Scizor|Scizor, M|100/100
|switch|p1a: Forretress|Forretress, M|100/100
|-damage|p1a: Forretress|88/100|[from] Stealth Rock
|
|-heal|p1a: Forretress|94/100|[from] item: Leftovers
|upkeep
|turn|3
|
|t:|1714288646
|move|p2a: Scizor|U-turn|p1a: Forretress
|-resisted|p1a: Forretress
|-damage|p1a: Forretress|78/100
|
|t:|1714288650
|switch|p2a: Volcarona|Volcarona, F, shiny|100/100|[from] U-turn
|move|p1a: Forretress|Stealth Rock|p2a: Volcarona
|-sidestart|p2: Laone.L.ous|move: Stealth Rock
|
|-heal|p1a: Forretress|84/100|[from] item: Leftovers
|upkeep
|turn|4
|
|t:|1714288667
|switch|p2a: Starmie|Starmie, shiny|100/100
|-damage|p2a: Starmie|88/100|[from] Stealth Rock
|switch|p1a: Heatran|Heatran, M|100/100
|-damage|p1a: Heatran|88/100|[from] Stealth Rock
|
|-heal|p2a: Starmie|94/100|[from] item: Leftovers
|-heal|p1a: Heatran|94/100|[from] item: Leftovers
|upkeep
|turn|5
|
|t:|1714288680
|switch|p2a: Scizor|Scizor, M|100/100
|-damage|p2a: Scizor|88/100|[from] Stealth Rock
|switch|p1a: Jellicent|Jellicent, M|100/100
|-damage|p1a: Jellicent|88/100|[from] Stealth Rock
|
|upkeep
|turn|6
|
|t:|1714288685
|move|p2a: Scizor|Pursuit|p1a: Jellicent
|-supereffective|p1a: Jellicent
|-damage|p1a: Jellicent|10/100
|-damage|p2a: Scizor|72/100|[from] item: Rocky Helmet|[of] p1a: Jellicent
|move|p1a: Jellicent|Will-O-Wisp|p2a: Scizor
|-status|p2a: Scizor|brn
|
|-damage|p2a: Scizor|59/100 brn|[from] brn
|upkeep
|turn|7
|
|t:|1714288692
|move|p2a: Scizor|Pursuit|p1a: Jellicent
|-supereffective|p1a: Jellicent
|-damage|p1a: Jellicent|0 fnt
|-damage|p2a: Scizor|43/100 brn|[from] item: Rocky Helmet|[of] p1a: Jellicent
|faint|p1a: Jellicent
|
|-damage|p2a: Scizor|31/100 brn|[from] brn
|upkeep
|
|t:|1714288699
|switch|p1a: Forretress|Forretress, M|84/100
|-damage|p1a: Forretress|72/100|[from] Stealth Rock
|turn|8
|
|t:|1714288701
|move|p2a: Scizor|Pursuit|p1a: Forretress
|-resisted|p1a: Forretress
|-damage|p1a: Forretress|67/100
|move|p1a: Forretress|Volt Switch|p2a: Scizor
|-damage|p2a: Scizor|18/100 brn
|
|t:|1714288716
|switch|p1a: Heatran|Heatran, M|94/100|[from] Volt Switch
|-damage|p1a: Heatran|82/100|[from] Stealth Rock
|
|-heal|p1a: Heatran|88/100|[from] item: Leftovers
|-damage|p2a: Scizor|6/100 brn|[from] brn
|upkeep
|turn|9
|
|t:|1714288719
|move|p1a: Heatran|Substitute|p1a: Heatran
|-start|p1a: Heatran|Substitute
|-damage|p1a: Heatran|63/100
|move|p2a: Scizor|Pursuit|p1a: Heatran
|-resisted|p1a: Heatran
|-activate|p1a: Heatran|Substitute|[damage]
|
|-heal|p1a: Heatran|69/100|[from] item: Leftovers
|-damage|p2a: Scizor|0 fnt|[from] brn
|faint|p2a: Scizor
|upkeep
|
|t:|1714288723
|switch|p2a: Starmie|Starmie, shiny|94/100
|-damage|p2a: Starmie|82/100|[from] Stealth Rock
|turn|10
|
|t:|1714288728
|move|p2a: Starmie|Rapid Spin|p1a: Heatran
|-resisted|p1a: Heatran
|-activate|p1a: Heatran|Substitute|[damage]
|-sideend|p2: Laone.L.ous|Stealth Rock|[from] move: Rapid Spin|[of] p2a: Starmie
|move|p1a: Heatran|Lava Plume|p2a: Starmie
|-resisted|p2a: Starmie
|-damage|p2a: Starmie|53/100
|
|-heal|p2a: Starmie|59/100|[from] item: Leftovers
|-heal|p1a: Heatran|76/100|[from] item: Leftovers
|upkeep
|turn|11
|
|t:|1714288739
|move|p2a: Starmie|Scald|p1a: Heatran
|-supereffective|p1a: Heatran
|-crit|p1a: Heatran
|-end|p1a: Heatran|Substitute
|move|p1a: Heatran|Earth Power|p2a: Starmie
|-damage|p2a: Starmie|19/100
|
|-heal|p2a: Starmie|25/100|[from] item: Leftovers
|-heal|p1a: Heatran|82/100|[from] item: Leftovers
|upkeep
|turn|12
|
|t:|1714288747
|switch|p1a: Abomasnow|Abomasnow, F|100/100
|-damage|p1a: Abomasnow|76/100|[from] Stealth Rock
|-weather|Hail|[from] ability: Snow Warning|[of] p1a: Abomasnow
|move|p2a: Starmie|Recover|p2a: Starmie
|-heal|p2a: Starmie|76/100
|
|-weather|Hail|[upkeep]
|-damage|p2a: Starmie|70/100|[from] Hail
|-heal|p2a: Starmie|76/100|[from] item: Leftovers
|upkeep
|turn|13
|
|t:|1714288753
|switch|p2a: Mew|Mew|100/100
|move|p1a: Abomasnow|Blizzard|p2a: Mew
|-damage|p2a: Mew|59/100
|
|-weather|Hail|[upkeep]
|-damage|p2a: Mew|53/100|[from] Hail
|upkeep
|turn|14
|
|t:|1714288764
|move|p2a: Mew|Explosion|p1a: Abomasnow
|-damage|p1a: Abomasnow|0 fnt
|faint|p2a: Mew
|faint|p1a: Abomasnow
|
|-weather|Hail|[upkeep]
|upkeep
|
|t:|1714288776
|switch|p2a: Ditto|Ditto, shiny|100/100
|switch|p1a: Latios|Latios, M|100/100
|-damage|p1a: Latios|88/100|[from] Stealth Rock
|-transform|p2a: Ditto|p1a: Latios|[from] ability: Imposter
|turn|15
|
|t:|1714288781
|move|p2a: Ditto|Draco Meteor|p1a: Latios
|-supereffective|p1a: Latios
|-damage|p1a: Latios|0 fnt
|-unboost|p2a: Ditto|spa|2
|faint|p1a: Latios
|
|-weather|Hail|[upkeep]
|-damage|p2a: Ditto|94/100|[from] Hail
|upkeep
|
|t:|1714288788
|switch|p1a: Forretress|Forretress, M|67/100
|-damage|p1a: Forretress|55/100|[from] Stealth Rock
|turn|16
|
|t:|1714288792
|switch|p2a: Volcarona|Volcarona, F, shiny|100/100
|move|p1a: Forretress|Stealth Rock|p2a: Volcarona
|-sidestart|p2: Laone.L.ous|move: Stealth Rock
|
|-weather|Hail|[upkeep]
|-damage|p2a: Volcarona|94/100|[from] Hail
|-heal|p1a: Forretress|61/100|[from] item: Leftovers
|upkeep
|turn|17
|
|t:|1714288797
|switch|p2a: Starmie|Starmie, shiny|76/100
|-damage|p2a: Starmie|63/100|[from] Stealth Rock
|move|p1a: Forretress|Volt Switch|p2a: Starmie
|-supereffective|p2a: Starmie
|-damage|p2a: Starmie|38/100
|
|t:|1714288806
|switch|p1a: Mamoswine|Mamoswine, M|100/100|[from] Volt Switch
|-damage|p1a: Mamoswine|88/100|[from] Stealth Rock
|
|-weather|Hail|[upkeep]
|-damage|p2a: Starmie|32/100|[from] Hail
|-heal|p2a: Starmie|38/100|[from] item: Leftovers
|upkeep
|turn|18
|
|t:|1714288809
|move|p1a: Mamoswine|Ice Shard|p2a: Starmie
|-resisted|p2a: Starmie
|-damage|p2a: Starmie|22/100
|move|p2a: Starmie|Rapid Spin|p1a: Mamoswine
|-damage|p1a: Mamoswine|85/100
|-sideend|p2: Laone.L.ous|Stealth Rock|[from] move: Rapid Spin|[of] p2a: Starmie
|
|-weather|Hail|[upkeep]
|-damage|p2a: Starmie|16/100|[from] Hail
|-heal|p2a: Starmie|22/100|[from] item: Leftovers
|upkeep
|turn|19
|
|t:|1714288815
|switch|p1a: Forretress|Forretress, M|61/100
|-damage|p1a: Forretress|49/100|[from] Stealth Rock
|move|p2a: Starmie|Recover|p2a: Starmie
|-heal|p2a: Starmie|72/100
|
|-weather|Hail|[upkeep]
|-damage|p2a: Starmie|66/100|[from] Hail
|-heal|p2a: Starmie|72/100|[from] item: Leftovers
|-heal|p1a: Forretress|55/100|[from] item: Leftovers
|upkeep
|turn|20
|
|t:|1714288818
|move|p2a: Starmie|Scald|p1a: Forretress
|-damage|p1a: Forretress|13/100
|move|p1a: Forretress|Stealth Rock|p2a: Starmie
|-sidestart|p2: Laone.L.ous|move: Stealth Rock
|
|-weather|Hail|[upkeep]
|-damage|p2a: Starmie|66/100|[from] Hail
|-heal|p2a: Starmie|72/100|[from] item: Leftovers
|-heal|p1a: Forretress|19/100|[from] item: Leftovers
|upkeep
|turn|21
|
|t:|1714288825
|switch|p1a: Mamoswine|Mamoswine, M|85/100
|-damage|p1a: Mamoswine|72/100|[from] Stealth Rock
|move|p2a: Starmie|Scald|p1a: Mamoswine
|-supereffective|p1a: Mamoswine
|-damage|p1a: Mamoswine|0 fnt
|faint|p1a: Mamoswine
|
|-weather|Hail|[upkeep]
|-damage|p2a: Starmie|66/100|[from] Hail
|-heal|p2a: Starmie|72/100|[from] item: Leftovers
|upkeep
|-message|scrublord999 forfeited.
|
|win|Laone.L.ous
|raw|scrublord999's rating: 1349 &rarr; <strong>1328</strong><br />(-21 for losing)
|raw|Laone.L.ous's rating: 1323 &rarr; <strong>1344</strong><br />(+21 for winning)
|l|☆scrublord999
|player|p1|
