|j|☆Gamer1234556
|j|☆snorlaxplayer82
|t:|1709617829
|gametype|singles
|player|p1|Gamer1234556|101|1278
|player|p2|snorlaxplayer82|clair|1444
|teamsize|p1|6
|teamsize|p2|6
|gen|5
|tier|[Gen 5] OU
|rated|
|rule|Species Clause: Limit one of each Pokémon
|rule|OHKO Clause: OHKO moves are banned
|rule|Moody Clause: Moody is banned
|rule|Evasion Items Clause: Evasion items are banned
|rule|Evasion Moves Clause: Evasion moves are banned
|rule|Endless Battle Clause: Forcing endless battles is banned
|rule|HP Percentage Mod: HP is shown in percentages
|rule|Evasion Abilities Clause: Evasion abilities are banned
|rule|Sleep Moves Clause: Sleep-inducing moves are banned
|rule|Swagger Clause: Swagger is banned
|rule|Baton Pass Stat Clause: No Baton Passer may have a way to boost its stats
|clearpoke
|poke|p1|Tyranitar, M|item
|poke|p1|Landorus-Therian, M|item
|poke|p1|Excadrill, M|item
|poke|p1|Latias, F|item
|poke|p1|Clefable, F|item
|poke|p1|Slowbro, M|item
|poke|p2|Politoed, M|item
|poke|p2|Tentacruel, M|item
|poke|p2|Ferrothorn, F|item
|poke|p2|Keldeo-Resolute|item
|poke|p2|Thundurus-Therian, M|item
|poke|p2|Latios, M|item
|teampreview
|
|t:|1709617855
|start
|switch|p1a: Clefable|Clefable, F|100/100
|switch|p2a: Politoed|Politoed, M|100/100
|-weather|RainDance|[from] ability: Drizzle|[of] p2a: Politoed
|turn|1
|
|t:|1709617861
|move|p2a: Politoed|Perish Song|p2a: Politoed
|-start|p1a: Clefable|perish3|[silent]
|-start|p2a: Politoed|perish3|[silent]
|-fieldactivate|move: Perish Song
|move|p1a: Clefable|Stealth Rock|p2a: Politoed
|-sidestart|p2: snorlaxplayer82|move: Stealth Rock
|
|-weather|RainDance|[upkeep]
|-start|p2a: Politoed|perish3
|-start|p1a: Clefable|perish3
|upkeep
|turn|2
|
|t:|1709617868
|move|p2a: Politoed|Scald|p1a: Clefable
|-damage|p1a: Clefable|73/100
|-status|p1a: Clefable|brn
|move|p1a: Clefable|Thunder Wave|p2a: Politoed
|-status|p2a: Politoed|par
|
|-weather|RainDance|[upkeep]
|-heal|p1a: Clefable|79/100 brn|[from] item: Leftovers
|-start|p1a: Clefable|perish2
|-start|p2a: Politoed|perish2
|upkeep
|turn|3
|
|t:|1709617880
|switch|p1a: Latias|Latias, F|100/100
|switch|p2a: Ferrothorn|Ferrothorn, F|100/100
|-damage|p2a: Ferrothorn|94/100|[from] Stealth Rock
|
|-weather|RainDance|[upkeep]
|-heal|p2a: Ferrothorn|100/100|[from] item: Leftovers
|upkeep
|turn|4
|
|t:|1709617899
|switch|p1a: Clefable|Clefable, F|79/100 brn
|switch|p2a: Politoed|Politoed, M|100/100 par
|-damage|p2a: Politoed|88/100 par|[from] Stealth Rock
|
|-weather|RainDance|[upkeep]
|-heal|p1a: Clefable|85/100 brn|[from] item: Leftovers
|-heal|p2a: Politoed|94/100 par|[from] item: Leftovers
|upkeep
|turn|5
|
|t:|1709617909
|switch|p2a: Ferrothorn|Ferrothorn, F|100/100
|-damage|p2a: Ferrothorn|94/100|[from] Stealth Rock
|move|p1a: Clefable|Seismic Toss|p2a: Ferrothorn
|-damage|p2a: Ferrothorn|66/100
|
|-weather|RainDance|[upkeep]
|-heal|p1a: Clefable|91/100 brn|[from] item: Leftovers
|-heal|p2a: Ferrothorn|72/100|[from] item: Leftovers
|upkeep
|turn|6
|
|t:|1709617917
|move|p1a: Clefable|Thunder Wave|p2a: Ferrothorn
|-status|p2a: Ferrothorn|par
|move|p2a: Ferrothorn|Knock Off|p1a: Clefable
|-damage|p1a: Clefable|86/100 brn
|-enditem|p1a: Clefable|Leftovers|[from] move: Knock Off|[of] p2a: Ferrothorn
|
|-weather|RainDance|[upkeep]
|-heal|p2a: Ferrothorn|78/100 par|[from] item: Leftovers
|upkeep
|turn|7
|
|t:|1709617925
|move|p1a: Clefable|Seismic Toss|p2a: Ferrothorn
|-damage|p2a: Ferrothorn|50/100 par
|move|p2a: Ferrothorn|Stealth Rock|p1a: Clefable
|-sidestart|p1: Gamer1234556|move: Stealth Rock
|
|-weather|RainDance|[upkeep]
|-heal|p2a: Ferrothorn|56/100 par|[from] item: Leftovers
|upkeep
|turn|8
|
|t:|1709617938
|switch|p2a: Tentacruel|Tentacruel, M|100/100
|-damage|p2a: Tentacruel|88/100|[from] Stealth Rock
|move|p1a: Clefable|Seismic Toss|p2a: Tentacruel
|-damage|p2a: Tentacruel|61/100
|
|-weather|RainDance|[upkeep]
|-heal|p2a: Tentacruel|67/100|[from] ability: Rain Dish
|-heal|p2a: Tentacruel|73/100|[from] item: Black Sludge
|upkeep
|turn|9
|
|t:|1709617948
|move|p2a: Tentacruel|Protect|p2a: Tentacruel
|-singleturn|p2a: Tentacruel|Protect
|move|p1a: Clefable|Thunder Wave|p2a: Tentacruel
|-activate|p2a: Tentacruel|move: Protect
|
|-weather|RainDance|[upkeep]
|-heal|p2a: Tentacruel|79/100|[from] ability: Rain Dish
|-heal|p2a: Tentacruel|85/100|[from] item: Black Sludge
|upkeep
|turn|10
|
|t:|1709617956
|switch|p2a: Thundurus|Thundurus-Therian, M|100/100
|-damage|p2a: Thundurus|76/100|[from] Stealth Rock
|move|p1a: Clefable|Thunder Wave|p2a: Thundurus
|-heal|p2a: Thundurus|100/100|[from] ability: Volt Absorb|[of] p1a: Clefable
|
|-weather|RainDance|[upkeep]
|upkeep
|turn|11
|
|t:|1709617965
|switch|p1a: Latias|Latias, F|100/100
|-damage|p1a: Latias|88/100|[from] Stealth Rock
|move|p2a: Thundurus|Substitute|p2a: Thundurus
|-start|p2a: Thundurus|Substitute
|-damage|p2a: Thundurus|76/100
|
|-weather|RainDance|[upkeep]
|-heal|p1a: Latias|94/100|[from] item: Leftovers
|-heal|p2a: Thundurus|82/100|[from] item: Leftovers
|upkeep
|turn|12
|
|t:|1709617975
|move|p1a: Latias|Dragon Pulse|p2a: Thundurus
|-end|p2a: Thundurus|Substitute
|move|p2a: Thundurus|Hidden Power|p1a: Latias
|-supereffective|p1a: Latias
|-damage|p1a: Latias|57/100
|
|-weather|RainDance|[upkeep]
|-heal|p1a: Latias|63/100|[from] item: Leftovers
|-heal|p2a: Thundurus|88/100|[from] item: Leftovers
|upkeep
|turn|13
|
|t:|1709617986
|move|p1a: Latias|Roost|p1a: Latias
|-heal|p1a: Latias|100/100
|-singleturn|p1a: Latias|move: Roost
|move|p2a: Thundurus|Hidden Power|p1a: Latias
|-supereffective|p1a: Latias
|-damage|p1a: Latias|61/100
|
|-weather|RainDance|[upkeep]
|-heal|p1a: Latias|67/100|[from] item: Leftovers
|-heal|p2a: Thundurus|94/100|[from] item: Leftovers
|upkeep
|turn|14
|
|t:|1709617995
|switch|p2a: Ferrothorn|Ferrothorn, F|56/100 par
|-damage|p2a: Ferrothorn|50/100 par|[from] Stealth Rock
|move|p1a: Latias|Dragon Pulse|p2a: Ferrothorn
|-resisted|p2a: Ferrothorn
|-damage|p2a: Ferrothorn|39/100 par
|
|-weather|RainDance|[upkeep]
|-heal|p1a: Latias|73/100|[from] item: Leftovers
|-heal|p2a: Ferrothorn|45/100 par|[from] item: Leftovers
|upkeep
|turn|15
|
|t:|1709618005
|switch|p1a: Clefable|Clefable, F|86/100 brn
|cant|p2a: Ferrothorn|par
|
|-weather|RainDance|[upkeep]
|-heal|p2a: Ferrothorn|51/100 par|[from] item: Leftovers
|upkeep
|turn|16
|
|t:|1709618012
|switch|p2a: Tentacruel|Tentacruel, M|85/100
|-damage|p2a: Tentacruel|72/100|[from] Stealth Rock
|move|p1a: Clefable|Seismic Toss|p2a: Tentacruel
|-damage|p2a: Tentacruel|45/100
|
|-weather|RainDance|[upkeep]
|-heal|p2a: Tentacruel|51/100|[from] ability: Rain Dish
|-heal|p2a: Tentacruel|57/100|[from] item: Black Sludge
|upkeep
|turn|17
|inactive|Battle timer is ON: inactive players will automatically lose when time's up. (requested by snorlaxplayer82)
|
|t:|1709618037
|move|p2a: Tentacruel|Rapid Spin|p1a: Clefable
|-damage|p1a: Clefable|83/100 brn
|-sideend|p2: snorlaxplayer82|Stealth Rock|[from] move: Rapid Spin|[of] p2a: Tentacruel
|move|p1a: Clefable|Stealth Rock|p2a: Tentacruel
|-sidestart|p2: snorlaxplayer82|move: Stealth Rock
|
|-weather|RainDance|[upkeep]
|-heal|p2a: Tentacruel|63/100|[from] ability: Rain Dish
|-heal|p2a: Tentacruel|69/100|[from] item: Black Sludge
|upkeep
|turn|18
|
|t:|1709618046
|move|p2a: Tentacruel|Protect|p2a: Tentacruel
|-singleturn|p2a: Tentacruel|Protect
|move|p1a: Clefable|Stealth Rock||[still]
|-fail|p1a: Clefable
|
|-weather|RainDance|[upkeep]
|-heal|p2a: Tentacruel|75/100|[from] ability: Rain Dish
|-heal|p2a: Tentacruel|81/100|[from] item: Black Sludge
|upkeep
|turn|19
|
|t:|1709618055
|switch|p1a: Latias|Latias, F|73/100
|-damage|p1a: Latias|61/100|[from] Stealth Rock
|move|p2a: Tentacruel|Rapid Spin|p1a: Latias
|-damage|p1a: Latias|58/100
|-sideend|p2: snorlaxplayer82|Stealth Rock|[from] move: Rapid Spin|[of] p2a: Tentacruel
|
|-weather|RainDance|[upkeep]
|-heal|p2a: Tentacruel|87/100|[from] ability: Rain Dish
|-heal|p1a: Latias|64/100|[from] item: Leftovers
|-heal|p2a: Tentacruel|93/100|[from] item: Black Sludge
|upkeep
|turn|20
|
|t:|1709618066
|move|p1a: Latias|Calm Mind|p1a: Latias
|-boost|p1a: Latias|spa|1
|-boost|p1a: Latias|spd|1
|move|p2a: Tentacruel|Scald|p1a: Latias
|-resisted|p1a: Latias
|-damage|p1a: Latias|55/100
|
|-weather|RainDance|[upkeep]
|-heal|p2a: Tentacruel|99/100|[from] ability: Rain Dish
|-heal|p1a: Latias|61/100|[from] item: Leftovers
|-heal|p2a: Tentacruel|100/100|[from] item: Black Sludge
|upkeep
|turn|21
|
|t:|1709618085
|move|p1a: Latias|Calm Mind|p1a: Latias
|-boost|p1a: Latias|spa|1
|-boost|p1a: Latias|spd|1
|move|p2a: Tentacruel|Toxic|p1a: Latias
|-status|p1a: Latias|tox
|
|-weather|RainDance|[upkeep]
|-heal|p1a: Latias|67/100 tox|[from] item: Leftovers
|-damage|p1a: Latias|61/100 tox|[from] psn
|upkeep
|turn|22
|
|t:|1709618093
|move|p1a: Latias|Refresh|p1a: Latias
|-curestatus|p1a: Latias|tox|[msg]
|move|p2a: Tentacruel|Scald|p1a: Latias
|-resisted|p1a: Latias
|-damage|p1a: Latias|54/100
|
|-weather|RainDance|[upkeep]
|-heal|p1a: Latias|60/100|[from] item: Leftovers
|upkeep
|turn|23
|
|t:|1709618101
|switch|p2a: Politoed|Politoed, M|94/100 par
|move|p1a: Latias|Calm Mind|p1a: Latias
|-boost|p1a: Latias|spa|1
|-boost|p1a: Latias|spd|1
|
|-weather|RainDance|[upkeep]
|-heal|p1a: Latias|66/100|[from] item: Leftovers
|-heal|p2a: Politoed|99/100 par|[from] item: Leftovers
|upkeep
|turn|24
|
|t:|1709618118
|move|p1a: Latias|Dragon Pulse|p2a: Politoed
|-damage|p2a: Politoed|37/100 par
|move|p2a: Politoed|Perish Song|p2a: Politoed
|-start|p1a: Latias|perish3|[silent]
|-start|p2a: Politoed|perish3|[silent]
|-fieldactivate|move: Perish Song
|
|-weather|RainDance|[upkeep]
|-heal|p1a: Latias|72/100|[from] item: Leftovers
|-heal|p2a: Politoed|43/100 par|[from] item: Leftovers
|-start|p1a: Latias|perish3
|-start|p2a: Politoed|perish3
|upkeep
|turn|25
|
|t:|1709618128
|switch|p2a: Ferrothorn|Ferrothorn, F|51/100 par
|move|p1a: Latias|Dragon Pulse|p2a: Ferrothorn
|-resisted|p2a: Ferrothorn
|-damage|p2a: Ferrothorn|25/100 par
|
|-weather|RainDance|[upkeep]
|-heal|p1a: Latias|79/100|[from] item: Leftovers
|-heal|p2a: Ferrothorn|31/100 par|[from] item: Leftovers
|-start|p1a: Latias|perish2
|upkeep
|turn|26
|
|t:|1709618137
|move|p1a: Latias|Dragon Pulse|p2a: Ferrothorn
|-resisted|p2a: Ferrothorn
|-damage|p2a: Ferrothorn|3/100 par
|move|p2a: Ferrothorn|Spikes|p1a: Latias
|-sidestart|p1: Gamer1234556|Spikes
|
|-weather|RainDance|[upkeep]
|-heal|p1a: Latias|85/100|[from] item: Leftovers
|-heal|p2a: Ferrothorn|10/100 par|[from] item: Leftovers
|-start|p1a: Latias|perish1
|upkeep
|turn|27
|
|t:|1709618147
|switch|p1a: Clefable|Clefable, F|83/100 brn
|switch|p2a: Keldeo|Keldeo-Resolute|100/100
|
|-weather|RainDance|[upkeep]
|upkeep
|turn|28
|
|t:|1709618157
|switch|p2a: Thundurus|Thundurus-Therian, M|94/100
|switch|p1a: Latias|Latias, F|85/100
|-damage|p1a: Latias|72/100|[from] Stealth Rock
|
|-weather|RainDance|[upkeep]
|-heal|p1a: Latias|78/100|[from] item: Leftovers
|-heal|p2a: Thundurus|99/100|[from] item: Leftovers
|upkeep
|turn|29
|
|t:|1709618170
|move|p1a: Latias|Calm Mind|p1a: Latias
|-boost|p1a: Latias|spa|1
|-boost|p1a: Latias|spd|1
|move|p2a: Thundurus|Hidden Power|p1a: Latias
|-supereffective|p1a: Latias
|-damage|p1a: Latias|52/100
|
|-weather|RainDance|[upkeep]
|-heal|p1a: Latias|58/100|[from] item: Leftovers
|-heal|p2a: Thundurus|100/100|[from] item: Leftovers
|upkeep
|turn|30
|
|t:|1709618179
|switch|p2a: Latios|Latios, M|100/100
|move|p1a: Latias|Calm Mind|p1a: Latias
|-boost|p1a: Latias|spa|1
|-boost|p1a: Latias|spd|1
|
|-weather|RainDance|[upkeep]
|-heal|p1a: Latias|65/100|[from] item: Leftovers
|upkeep
|turn|31
|
|t:|1709618187
|switch|p1a: Clefable|Clefable, F|83/100 brn
|move|p2a: Latios|Draco Meteor|p1a: Clefable
|-crit|p1a: Clefable
|-damage|p1a: Clefable|0 fnt
|-unboost|p2a: Latios|spa|2
|faint|p1a: Clefable
|
|-weather|RainDance|[upkeep]
|upkeep
|
|t:|1709618199
|switch|p1a: Tyranitar|Tyranitar, M|100/100
|-damage|p1a: Tyranitar|88/100|[from] Stealth Rock
|-damage|p1a: Tyranitar|76/100|[from] Spikes
|-weather|Sandstorm|[from] ability: Sand Stream|[of] p1a: Tyranitar
|turn|32
|
|t:|1709618208
|-activate|p2a: Latios|move: Pursuit
|move|p1a: Tyranitar|Pursuit|p2a: Latios|[from]Pursuit
|-supereffective|p2a: Latios
|-damage|p2a: Latios|0 fnt
|faint|p2a: Latios
|-hint|A Pokemon can't switch between when it runs out of HP and when it faints
|
|-weather|Sandstorm|[upkeep]
|upkeep
|
|t:|1709618210
|switch|p2a: Politoed|Politoed, M|43/100 par
|-weather|RainDance|[from] ability: Drizzle|[of] p2a: Politoed
|turn|33
|inactive|Gamer1234556 has 120 seconds left.
|
|t:|1709618244
|switch|p1a: Slowbro|Slowbro, M|100/100
|-damage|p1a: Slowbro|88/100|[from] Stealth Rock
|-damage|p1a: Slowbro|76/100|[from] Spikes
|move|p2a: Politoed|Perish Song|p2a: Politoed
|-start|p1a: Slowbro|perish3|[silent]
|-start|p2a: Politoed|perish3|[silent]
|-fieldactivate|move: Perish Song
|
|-weather|RainDance|[upkeep]
|-heal|p1a: Slowbro|82/100|[from] item: Leftovers
|-heal|p2a: Politoed|49/100 par|[from] item: Leftovers
|-start|p1a: Slowbro|perish3
|-start|p2a: Politoed|perish3
|upkeep
|turn|34
|inactive|Gamer1234556 has 120 seconds left.
|
|t:|1709618259
|switch|p1a: Excadrill|Excadrill, M|100/100
|-damage|p1a: Excadrill|97/100|[from] Stealth Rock
|-damage|p1a: Excadrill|85/100|[from] Spikes
|move|p2a: Politoed|Protect||[still]
|-fail|p2a: Politoed
|
|-weather|RainDance|[upkeep]
|-heal|p1a: Excadrill|91/100|[from] item: Leftovers
|-heal|p2a: Politoed|55/100 par|[from] item: Leftovers
|-start|p2a: Politoed|perish2
|upkeep
|turn|35
|inactive|Gamer1234556 has 120 seconds left.
|
|t:|1709618271
|move|p1a: Excadrill|Rapid Spin|p2a: Politoed
|-damage|p2a: Politoed|46/100 par
|-sideend|p1: Gamer1234556|Spikes|[from] move: Rapid Spin|[of] p1a: Excadrill
|-sideend|p1: Gamer1234556|Stealth Rock|[from] move: Rapid Spin|[of] p1a: Excadrill
|move|p2a: Politoed|Scald|p1a: Excadrill
|-supereffective|p1a: Excadrill
|-damage|p1a: Excadrill|0 fnt
|faint|p1a: Excadrill
|
|-weather|RainDance|[upkeep]
|-heal|p2a: Politoed|52/100 par|[from] item: Leftovers
|-start|p2a: Politoed|perish1
|upkeep
|
|t:|1709618282
|switch|p1a: Landorus|Landorus-Therian, M|100/100
|-ability|p1a: Landorus|Intimidate|boost
|-unboost|p2a: Politoed|atk|1
|turn|36
|
|t:|1709618292
|switch|p2a: Thundurus|Thundurus-Therian, M|100/100
|move|p1a: Landorus|U-turn|p2a: Thundurus
|-resisted|p2a: Thundurus
|-crit|p2a: Thundurus
|-damage|p2a: Thundurus|50/100
|
|t:|1709618302
|switch|p1a: Tyranitar|Tyranitar, M|76/100|[from] U-turn
|-weather|Sandstorm|[from] ability: Sand Stream|[of] p1a: Tyranitar
|
|-weather|Sandstorm|[upkeep]
|-damage|p2a: Thundurus|44/100|[from] Sandstorm
|-heal|p2a: Thundurus|50/100|[from] item: Leftovers
|upkeep
|turn|37
|
|t:|1709618311
|-activate|p2a: Thundurus|move: Pursuit
|move|p1a: Tyranitar|Pursuit|p2a: Thundurus|[from]Pursuit
|-damage|p2a: Thundurus|0 fnt
|faint|p2a: Thundurus
|-hint|A Pokemon can't switch between when it runs out of HP and when it faints
|
|-weather|Sandstorm|[upkeep]
|upkeep
|
|t:|1709618312
|switch|p2a: Politoed|Politoed, M|52/100 par
|-weather|RainDance|[from] ability: Drizzle|[of] p2a: Politoed
|turn|38
|
|t:|1709618322
|switch|p1a: Latias|Latias, F|65/100
|switch|p2a: Keldeo|Keldeo-Resolute|100/100
|
|-weather|RainDance|[upkeep]
|-heal|p1a: Latias|71/100|[from] item: Leftovers
|upkeep
|turn|39
|
|t:|1709618329
|move|p2a: Keldeo|Hidden Power|p1a: Latias
|-supereffective|p1a: Latias
|-damage|p1a: Latias|35/100
|move|p1a: Latias|Calm Mind|p1a: Latias
|-boost|p1a: Latias|spa|1
|-boost|p1a: Latias|spd|1
|
|-weather|RainDance|[upkeep]
|-heal|p1a: Latias|41/100|[from] item: Leftovers
|upkeep
|turn|40
|
|t:|1709618337
|switch|p2a: Politoed|Politoed, M|52/100 par
|move|p1a: Latias|Roost|p1a: Latias
|-heal|p1a: Latias|91/100
|-singleturn|p1a: Latias|move: Roost
|
|-weather|RainDance|[upkeep]
|-heal|p1a: Latias|97/100|[from] item: Leftovers
|-heal|p2a: Politoed|58/100 par|[from] item: Leftovers
|upkeep
|turn|41
|
|t:|1709618346
|move|p1a: Latias|Dragon Pulse|p2a: Politoed
|-damage|p2a: Politoed|22/100 par
|move|p2a: Politoed|Perish Song|p2a: Politoed
|-start|p1a: Latias|perish3|[silent]
|-start|p2a: Politoed|perish3|[silent]
|-fieldactivate|move: Perish Song
|
|-weather|RainDance|[upkeep]
|-heal|p1a: Latias|100/100|[from] item: Leftovers
|-heal|p2a: Politoed|28/100 par|[from] item: Leftovers
|-start|p1a: Latias|perish3
|-start|p2a: Politoed|perish3
|upkeep
|turn|42
|
|t:|1709618356
|switch|p2a: Keldeo|Keldeo-Resolute|100/100
|move|p1a: Latias|Dragon Pulse|p2a: Keldeo
|-damage|p2a: Keldeo|40/100
|
|-weather|RainDance|[upkeep]
|-start|p1a: Latias|perish2
|upkeep
|turn|43
|
|t:|1709618366
|switch|p2a: Ferrothorn|Ferrothorn, F|10/100 par
|move|p1a: Latias|Dragon Pulse|p2a: Ferrothorn
|-resisted|p2a: Ferrothorn
|-damage|p2a: Ferrothorn|0 fnt
|faint|p2a: Ferrothorn
|
|-weather|RainDance|[upkeep]
|-start|p1a: Latias|perish1
|upkeep
|
|t:|1709618370
|switch|p2a: Keldeo|Keldeo-Resolute|40/100
|turn|44
|
|t:|1709618385
|switch|p2a: Politoed|Politoed, M|28/100 par
|switch|p1a: Slowbro|Slowbro, M|100/100
|
|-weather|RainDance|[upkeep]
|-heal|p2a: Politoed|34/100 par|[from] item: Leftovers
|upkeep
|turn|45
|-message|snorlaxplayer82 forfeited.
|
|win|Gamer1234556
|raw|Gamer1234556's rating: 1278 &rarr; <strong>1314</strong><br />(+36 for winning)
|raw|snorlaxplayer82's rating: 1444 &rarr; <strong>1415</strong><br />(-29 for losing)
|l|☆snorlaxplayer82
|player|p2|
