|join|shadowist
|join|chadbruv
|player|p1|shadowist|269
|player|p2|chadbruv|170
|gametype|singles
|gen|5
|tier|[Gen 5] OU
|rated
|rule|Evasion Abilities Clause: Evasion abilities are banned
|clearpoke
|poke|p1|Politoed, M
|poke|p1|Volcarona, F
|poke|p1|Gastrodon, M
|poke|p1|Toxicroak, M
|poke|p1|Starmie
|poke|p1|Ferrothorn, F
|poke|p2|Tyranitar, M
|poke|p2|Magnezone
|poke|p2|Terrakion
|poke|p2|Latios, M, shiny
|poke|p2|Scizor, F, shiny
|poke|p2|Landorus-Therian, M
|rule|Sleep Clause Mod: Limit one foe put to sleep
|rule|Species Clause: Limit one of each Pokémon
|rule|OHKO Clause: OHKO moves are banned
|rule|Moody Clause: Moody is banned
|rule|Evasion Moves Clause: Evasion moves are banned
|rule|Endless Battle Clause: Forcing endless battles is banned
|rule|HP Percentage Mod: HP is reported as percentages
|teampreview
|
|start
|switch|p1a: Ferrothorn|Ferrothorn, F|352/352
|switch|p2a: Pat Riely|Tyranitar, M|403/403
|-weather|Sandstorm|[from] ability: Sand Stream|[of] p2a: Pat Riely
|turn|1
|join|basco
|
|switch|p2a: Ray Allen|Magnezone|283/283
|move|p1a: Ferrothorn|Power Whip|p2a: Ray Allen
|-resisted|p2a: Ray Allen
|-damage|p2a: Ray Allen|220/283
|
|-weather|Sandstorm|[upkeep]
|-heal|p2a: Ray Allen|237/283|[from] item: Leftovers
|turn|2
|
|move|p2a: Ray Allen|Substitute|p2a: Ray Allen
|-start|p2a: Ray Allen|Substitute
|-damage|p2a: Ray Allen|167/283
|move|p1a: Ferrothorn|Stealth Rock|p2a: Ray Allen
|-sidestart|p2: chadbruv|move: Stealth Rock
|
|-weather|Sandstorm|[upkeep]
|-heal|p2a: Ray Allen|184/283|[from] item: Leftovers
|turn|3
|
|move|p2a: Ray Allen|Charge Beam|p1a: Ferrothorn
|-resisted|p1a: Ferrothorn
|-damage|p1a: Ferrothorn|316/352
|-boost|p2a: Ray Allen|spa|1
|move|p1a: Ferrothorn|Power Whip|p2a: Ray Allen
|-resisted|p2a: Ray Allen
|-activate|p2a: Ray Allen|Substitute|[damage]
|
|-weather|Sandstorm|[upkeep]
|-heal|p2a: Ray Allen|201/283|[from] item: Leftovers
|-heal|p1a: Ferrothorn|338/352|[from] item: Leftovers
|turn|4
|
|move|p2a: Ray Allen|Charge Beam|p1a: Ferrothorn
|-resisted|p1a: Ferrothorn
|-damage|p1a: Ferrothorn|289/352
|move|p1a: Ferrothorn|Power Whip|p2a: Ray Allen
|-resisted|p2a: Ray Allen
|-end|p2a: Ray Allen|Substitute
|
|-weather|Sandstorm|[upkeep]
|-heal|p2a: Ray Allen|218/283|[from] item: Leftovers
|-heal|p1a: Ferrothorn|311/352|[from] item: Leftovers
|turn|5
|
|move|p2a: Ray Allen|Substitute|p2a: Ray Allen
|-start|p2a: Ray Allen|Substitute
|-damage|p2a: Ray Allen|148/283
|move|p1a: Ferrothorn|Power Whip|p2a: Ray Allen
|-resisted|p2a: Ray Allen
|-activate|p2a: Ray Allen|Substitute|[damage]
|
|-weather|Sandstorm|[upkeep]
|-heal|p2a: Ray Allen|165/283|[from] item: Leftovers
|-heal|p1a: Ferrothorn|333/352|[from] item: Leftovers
|turn|6
|
|move|p2a: Ray Allen|Charge Beam|p1a: Ferrothorn
|-resisted|p1a: Ferrothorn
|-damage|p1a: Ferrothorn|285/352
|move|p1a: Ferrothorn|Power Whip|p2a: Ray Allen|[miss]
|-miss|p1a: Ferrothorn|p2a: Ray Allen
|
|-weather|Sandstorm|[upkeep]
|-heal|p2a: Ray Allen|182/283|[from] item: Leftovers
|-heal|p1a: Ferrothorn|307/352|[from] item: Leftovers
|turn|7
|
|move|p2a: Ray Allen|Charge Beam|p1a: Ferrothorn
|-resisted|p1a: Ferrothorn
|-damage|p1a: Ferrothorn|255/352
|move|p1a: Ferrothorn|Power Whip|p2a: Ray Allen
|-resisted|p2a: Ray Allen
|-end|p2a: Ray Allen|Substitute
|
|-weather|Sandstorm|[upkeep]
|-heal|p2a: Ray Allen|199/283|[from] item: Leftovers
|-heal|p1a: Ferrothorn|277/352|[from] item: Leftovers
|turn|8
|
|move|p2a: Ray Allen|Substitute|p2a: Ray Allen
|-start|p2a: Ray Allen|Substitute
|-damage|p2a: Ray Allen|129/283
|move|p1a: Ferrothorn|Power Whip|p2a: Ray Allen
|-resisted|p2a: Ray Allen
|-activate|p2a: Ray Allen|Substitute|[damage]
|
|-weather|Sandstorm|[upkeep]
|-heal|p2a: Ray Allen|146/283|[from] item: Leftovers
|-heal|p1a: Ferrothorn|299/352|[from] item: Leftovers
|turn|9
|
|move|p2a: Ray Allen|Charge Beam|p1a: Ferrothorn
|-resisted|p1a: Ferrothorn
|-damage|p1a: Ferrothorn|252/352
|-boost|p2a: Ray Allen|spa|1
|move|p1a: Ferrothorn|Power Whip|p2a: Ray Allen
|-resisted|p2a: Ray Allen
|-end|p2a: Ray Allen|Substitute
|
|-weather|Sandstorm|[upkeep]
|-heal|p2a: Ray Allen|163/283|[from] item: Leftovers
|-heal|p1a: Ferrothorn|274/352|[from] item: Leftovers
|turn|10
|
|move|p2a: Ray Allen|Substitute|p2a: Ray Allen
|-start|p2a: Ray Allen|Substitute
|-damage|p2a: Ray Allen|93/283
|move|p1a: Ferrothorn|Power Whip|p2a: Ray Allen
|-resisted|p2a: Ray Allen
|-activate|p2a: Ray Allen|Substitute|[damage]
|
|-weather|Sandstorm|[upkeep]
|-heal|p2a: Ray Allen|110/283|[from] item: Leftovers
|-heal|p1a: Ferrothorn|296/352|[from] item: Leftovers
|turn|11
|
|move|p2a: Ray Allen|Charge Beam|p1a: Ferrothorn
|-resisted|p1a: Ferrothorn
|-damage|p1a: Ferrothorn|233/352
|-boost|p2a: Ray Allen|spa|1
|move|p1a: Ferrothorn|Power Whip|p2a: Ray Allen
|-resisted|p2a: Ray Allen
|-end|p2a: Ray Allen|Substitute
|
|-weather|Sandstorm|[upkeep]
|-heal|p2a: Ray Allen|127/283|[from] item: Leftovers
|-heal|p1a: Ferrothorn|255/352|[from] item: Leftovers
|turn|12
|
|move|p2a: Ray Allen|Substitute|p2a: Ray Allen
|-start|p2a: Ray Allen|Substitute
|-damage|p2a: Ray Allen|57/283
|move|p1a: Ferrothorn|Power Whip|p2a: Ray Allen
|-resisted|p2a: Ray Allen
|-activate|p2a: Ray Allen|Substitute|[damage]
|
|-weather|Sandstorm|[upkeep]
|-heal|p2a: Ray Allen|74/283|[from] item: Leftovers
|-heal|p1a: Ferrothorn|277/352|[from] item: Leftovers
|turn|13
|
|move|p2a: Ray Allen|Hidden Power|p1a: Ferrothorn
|-supereffective|p1a: Ferrothorn
|-damage|p1a: Ferrothorn|0 fnt
|faint|p1a: Ferrothorn
|
|-weather|Sandstorm|[upkeep]
|-heal|p2a: Ray Allen|91/283|[from] item: Leftovers
|
|switch|p1a: Gastrodon|Gastrodon, M|426/426
|turn|14
|
|move|p2a: Ray Allen|Flash Cannon|p1a: Gastrodon
|-resisted|p1a: Gastrodon
|-damage|p1a: Gastrodon|221/426
|move|p1a: Gastrodon|Earth Power|p2a: Ray Allen
|-supereffective|p2a: Ray Allen
|-end|p2a: Ray Allen|Substitute
|
|-weather|Sandstorm|[upkeep]
|-heal|p2a: Ray Allen|108/283|[from] item: Leftovers
|-heal|p1a: Gastrodon|247/426|[from] item: Leftovers
|turn|15
|
|move|p2a: Ray Allen|Flash Cannon|p1a: Gastrodon
|-resisted|p1a: Gastrodon
|-damage|p1a: Gastrodon|40/426
|move|p1a: Gastrodon|Recover|p1a: Gastrodon
|-heal|p1a: Gastrodon|253/426
|
|-weather|Sandstorm|[upkeep]
|-heal|p2a: Ray Allen|125/283|[from] item: Leftovers
|-heal|p1a: Gastrodon|279/426|[from] item: Leftovers
|turn|16
|
|move|p2a: Ray Allen|Flash Cannon|p1a: Gastrodon
|-resisted|p1a: Gastrodon
|-damage|p1a: Gastrodon|67/426
|move|p1a: Gastrodon|Earth Power|p2a: Ray Allen
|-supereffective|p2a: Ray Allen
|-damage|p2a: Ray Allen|0 fnt
|faint|p2a: Ray Allen
|
|-weather|Sandstorm|[upkeep]
|-heal|p1a: Gastrodon|93/426|[from] item: Leftovers
|
|switch|p2a: Miller|Scizor, F, shiny|343/343
|-damage|p2a: Miller|301/343|[from] Stealth Rock
|turn|17
|
|move|p2a: Miller|U-turn|p1a: Gastrodon
|-damage|p1a: Gastrodon|0 fnt
|faint|p1a: Gastrodon
|
|switch|p2a: Bosh|Latios, M, shiny|301/301
|-damage|p2a: Bosh|264/301|[from] Stealth Rock
|
|-weather|Sandstorm|[upkeep]
|-damage|p2a: Bosh|246/301|[from] sandstorm
|
|switch|p1a: Politoed|Politoed, M|384/384
|-weather|RainDance|[from] ability: Drizzle|[of] p1a: Politoed
|turn|18
|
|move|p2a: Bosh|Energy Ball|p1a: Politoed
|-supereffective|p1a: Politoed
|-damage|p1a: Politoed|142/384
|move|p1a: Politoed|Hydro Pump|p2a: Bosh
|-resisted|p2a: Bosh
|-damage|p2a: Bosh|71/301
|
|-weather|RainDance|[upkeep]
|turn|19
|
|switch|p1a: Volcarona|Volcarona, F|311/311
|move|p2a: Bosh|Energy Ball|p1a: Volcarona
|-resisted|p1a: Volcarona
|-damage|p1a: Volcarona|288/311
|
|-weather|RainDance|[upkeep]
|-heal|p1a: Volcarona|307/311|[from] item: Leftovers
|turn|20
|
|move|p2a: Bosh|Surf|p1a: Volcarona
|-supereffective|p1a: Volcarona
|-damage|p1a: Volcarona|0 fnt
|faint|p1a: Volcarona
|
|-weather|RainDance|[upkeep]
|
|switch|p1a: Starmie|Starmie|261/261
|turn|21
|
|move|p1a: Starmie|Ice Beam|p2a: Bosh
|-supereffective|p2a: Bosh
|-damage|p2a: Bosh|0 fnt
|faint|p2a: Bosh
|
|-weather|RainDance|[upkeep]
|
|switch|p2a: Pat Riely|Tyranitar, M|403/403
|-damage|p2a: Pat Riely|353/403|[from] Stealth Rock
|-weather|Sandstorm|[from] ability: Sand Stream|[of] p2a: Pat Riely
|turn|22
|
|move|p1a: Starmie|Hydro Pump|p2a: Pat Riely
|-supereffective|p2a: Pat Riely
|-damage|p2a: Pat Riely|167/403
|move|p2a: Pat Riely|Pursuit|p1a: Starmie
|-supereffective|p1a: Starmie
|-damage|p1a: Starmie|121/261
|
|-weather|Sandstorm|[upkeep]
|-damage|p1a: Starmie|105/261|[from] sandstorm
|-heal|p1a: Starmie|121/261|[from] item: Leftovers
|-heal|p2a: Pat Riely|192/403|[from] item: Leftovers
|turn|23
|
|move|p1a: Starmie|Hydro Pump|p2a: Pat Riely
|-supereffective|p2a: Pat Riely
|-damage|p2a: Pat Riely|12/403
|move|p2a: Pat Riely|Pursuit|p1a: Starmie
|-supereffective|p1a: Starmie
|-damage|p1a: Starmie|0 fnt
|faint|p1a: Starmie
|
|-weather|Sandstorm|[upkeep]
|-heal|p2a: Pat Riely|37/403|[from] item: Leftovers
|
|switch|p1a: Toxicroak|Toxicroak, M|314/314
|turn|24
|
|move|p1a: Toxicroak|Swords Dance|p1a: Toxicroak
|-boost|p1a: Toxicroak|atk|2
|move|p2a: Pat Riely|Ice Beam|p1a: Toxicroak
|-damage|p1a: Toxicroak|200/314
|
|-weather|Sandstorm|[upkeep]
|-damage|p1a: Toxicroak|181/314|[from] sandstorm
|-heal|p2a: Pat Riely|62/403|[from] item: Leftovers
|turn|25
|
|move|p1a: Toxicroak|Drain Punch|p2a: Pat Riely
|-supereffective|p2a: Pat Riely
|-damage|p2a: Pat Riely|0 fnt
|-heal|p1a: Toxicroak|212/314|[from] drain|[of] p2a: Pat Riely
|-damage|p1a: Toxicroak|181/314|[from] item: Life Orb
|faint|p2a: Pat Riely
|
|-weather|Sandstorm|[upkeep]
|-damage|p1a: Toxicroak|162/314|[from] sandstorm
|
|switch|p2a: Miller|Scizor, F, shiny|301/343
|-damage|p2a: Miller|259/343|[from] Stealth Rock
|turn|26
|
|move|p2a: Miller|Bullet Punch|p1a: Toxicroak
|-crit|p1a: Toxicroak
|-damage|p1a: Toxicroak|0 fnt
|faint|p1a: Toxicroak
|
|-weather|Sandstorm|[upkeep]
|
|switch|p1a: Politoed|Politoed, M|142/384
|-weather|RainDance|[from] ability: Drizzle|[of] p1a: Politoed
|turn|27
|
|move|p2a: Miller|Bullet Punch|p1a: Politoed
|-resisted|p1a: Politoed
|-damage|p1a: Politoed|31/384
|move|p1a: Politoed|Hydro Pump|p2a: Miller
|-damage|p2a: Miller|0 fnt
|faint|p2a: Miller
|
|-weather|RainDance|[upkeep]
|
|switch|p2a: D.Wade|Terrakion|323/323
|-damage|p2a: D.Wade|303/323|[from] Stealth Rock
|turn|28
|
|move|p2a: D.Wade|Close Combat|p1a: Politoed
|-damage|p1a: Politoed|0 fnt
|-unboost|p2a: D.Wade|def|1
|-unboost|p2a: D.Wade|spd|1
|faint|p1a: Politoed
|
|win|chadbruv
|raw|Ladder updating...
|raw|shadowist's rating: 1384 &rarr; <strong>1364</strong><br />(-20 for losing)
|raw|chadbruv's rating: 1385 &rarr; <strong>1405</strong><br />(+20 for winning)
|leave|shadowist
|player|p1