|j|☆the great gazump
|j|☆killapokeman
|t:|1706739723
|gametype|singles
|player|p1|the great gazump|102|1495
|player|p2|killapokeman|hoopster|1325
|teamsize|p1|6
|teamsize|p2|6
|gen|5
|tier|[Gen 5] OU
|rated|
|rule|Species Clause: Limit one of each Pokémon
|rule|OHKO Clause: OHKO moves are banned
|rule|Moody Clause: Moody is banned
|rule|Evasion Items Clause: Evasion items are banned
|rule|Evasion Moves Clause: Evasion moves are banned
|rule|Endless Battle Clause: Forcing endless battles is banned
|rule|HP Percentage Mod: HP is shown in percentages
|rule|Evasion Abilities Clause: Evasion abilities are banned
|rule|Sleep Moves Clause: Sleep-inducing moves are banned
|rule|Swagger Clause: Swagger is banned
|rule|Baton Pass Stat Clause: No Baton Passer may have a way to boost its stats
|clearpoke
|poke|p1|Abomasnow, F|item
|poke|p1|Gliscor, M|item
|poke|p1|Forretress, F|item
|poke|p1|Blissey, F|item
|poke|p1|Latios, M|item
|poke|p1|Reuniclus, F|item
|poke|p2|Sableye, F|item
|poke|p2|Blastoise, F|item
|poke|p2|Blissey, F|item
|poke|p2|Latias, F|item
|poke|p2|Skarmory, F|item
|poke|p2|Celebi|item
|teampreview
|inactive|Battle timer is ON: inactive players will automatically lose when time's up. (requested by killapokeman)
|
|t:|1706739746
|start
|switch|p1a: Abomasnow|Abomasnow, F|100/100
|switch|p2a: Celebi|Celebi|100/100
|-weather|Hail|[from] ability: Snow Warning|[of] p1a: Abomasnow
|turn|1
|
|t:|1706739749
|move|p2a: Celebi|Hidden Power|p1a: Abomasnow
|-supereffective|p1a: Abomasnow
|-damage|p1a: Abomasnow|43/100
|move|p1a: Abomasnow|Blizzard|p2a: Celebi
|-supereffective|p2a: Celebi
|-damage|p2a: Celebi|21/100
|
|-weather|Hail|[upkeep]
|-damage|p2a: Celebi|15/100|[from] Hail
|-heal|p2a: Celebi|21/100|[from] item: Leftovers
|-heal|p1a: Abomasnow|49/100|[from] item: Leftovers
|upkeep
|turn|2
|
|t:|1706739755
|move|p1a: Abomasnow|Ice Shard|p2a: Celebi
|-supereffective|p2a: Celebi
|-crit|p2a: Celebi
|-damage|p2a: Celebi|0 fnt
|faint|p2a: Celebi
|
|-weather|Hail|[upkeep]
|-heal|p1a: Abomasnow|56/100|[from] item: Leftovers
|upkeep
|
|t:|1706739761
|switch|p2a: Latias|Latias, F|100/100
|turn|3
|
|t:|1706739765
|switch|p1a: Blissey|Blissey, F|100/100
|move|p2a: Latias|Hidden Power|p1a: Blissey
|-supereffective|p1a: Blissey
|-damage|p1a: Blissey|78/100
|-damage|p2a: Latias|91/100|[from] item: Life Orb
|
|-weather|Hail|[upkeep]
|-damage|p2a: Latias|85/100|[from] Hail
|-damage|p1a: Blissey|72/100|[from] Hail
|-heal|p1a: Blissey|78/100|[from] item: Leftovers
|upkeep
|turn|4
|
|t:|1706739768
|move|p2a: Latias|Psyshock|p1a: Blissey
|-crit|p1a: Blissey
|-damage|p1a: Blissey|0 fnt
|faint|p1a: Blissey
|-damage|p2a: Latias|75/100|[from] item: Life Orb
|
|-weather|Hail|[upkeep]
|-damage|p2a: Latias|69/100|[from] Hail
|upkeep
|
|t:|1706739773
|switch|p1a: Latios|Latios, M|100/100
|turn|5
|c|☆killapokeman|im so mad rn
|c|☆the great gazump|why
|
|t:|1706739791
|switch|p1a: Gliscor|Gliscor, M|100/100
|switch|p2a: chubs|Blissey, F, shiny|100/100
|
|-weather|Hail|[upkeep]
|-damage|p1a: Gliscor|94/100|[from] Hail
|-damage|p2a: chubs|94/100|[from] Hail
|-heal|p2a: chubs|100/100|[from] item: Leftovers
|-status|p1a: Gliscor|tox|[from] item: Toxic Orb
|upkeep
|turn|6
|c|☆killapokeman|celebi
|c|☆the great gazump|what about it
|
|t:|1706739809
|switch|p2a: Latias|Latias, F|69/100
|move|p1a: Gliscor|Stealth Rock|p2a: Latias
|-sidestart|p2: killapokeman|move: Stealth Rock
|
|-weather|Hail|[upkeep]
|-damage|p2a: Latias|63/100|[from] Hail
|-damage|p1a: Gliscor|88/100 tox|[from] Hail
|-heal|p1a: Gliscor|100/100 tox|[from] ability: Poison Heal
|upkeep
|turn|7
|
|t:|1706739817
|move|p2a: Latias|Recover|p2a: Latias
|-heal|p2a: Latias|100/100
|move|p1a: Gliscor|Ice Fang|p2a: Latias
|-supereffective|p2a: Latias
|-damage|p2a: Latias|69/100
|
|-weather|Hail|[upkeep]
|-damage|p2a: Latias|63/100|[from] Hail
|-damage|p1a: Gliscor|94/100 tox|[from] Hail
|-heal|p1a: Gliscor|100/100 tox|[from] ability: Poison Heal
|upkeep
|turn|8
|
|t:|1706739821
|move|p2a: Latias|Draco Meteor|p1a: Gliscor
|-damage|p1a: Gliscor|20/100 tox
|-unboost|p2a: Latias|spa|2
|-damage|p2a: Latias|53/100|[from] item: Life Orb
|move|p1a: Gliscor|Ice Fang|p2a: Latias
|-supereffective|p2a: Latias
|-damage|p2a: Latias|24/100
|
|-weather|Hail|[upkeep]
|-damage|p2a: Latias|18/100|[from] Hail
|-damage|p1a: Gliscor|14/100 tox|[from] Hail
|-heal|p1a: Gliscor|26/100 tox|[from] ability: Poison Heal
|upkeep
|turn|9
|
|t:|1706739828
|switch|p1a: Latios|Latios, M|100/100
|move|p2a: Latias|Recover|p2a: Latias
|-heal|p2a: Latias|68/100
|
|-weather|Hail|[upkeep]
|-damage|p1a: Latios|95/100|[from] Hail
|-damage|p2a: Latias|62/100|[from] Hail
|upkeep
|turn|10
|
|t:|1706739832
|switch|p1a: Reuniclus|Reuniclus, F|100/100
|switch|p2a: chubs|Blissey, F, shiny|100/100
|-damage|p2a: chubs|88/100|[from] Stealth Rock
|
|-weather|Hail|[upkeep]
|-damage|p2a: chubs|82/100|[from] Hail
|-heal|p2a: chubs|88/100|[from] item: Leftovers
|upkeep
|turn|11
|
|t:|1706739837
|switch|p1a: Abomasnow|Abomasnow, F|56/100
|move|p2a: chubs|Thunder Wave|p1a: Abomasnow
|-status|p1a: Abomasnow|par
|
|-weather|Hail|[upkeep]
|-damage|p2a: chubs|82/100|[from] Hail
|-heal|p2a: chubs|88/100|[from] item: Leftovers
|-heal|p1a: Abomasnow|62/100 par|[from] item: Leftovers
|upkeep
|turn|12
|
|t:|1706739841
|move|p2a: chubs|Wish|p2a: chubs
|move|p1a: Abomasnow|Leech Seed|p2a: chubs
|-start|p2a: chubs|move: Leech Seed
|
|-weather|Hail|[upkeep]
|-damage|p2a: chubs|82/100|[from] Hail
|-heal|p2a: chubs|88/100|[from] item: Leftovers
|-heal|p1a: Abomasnow|68/100 par|[from] item: Leftovers
|-damage|p2a: chubs|76/100|[from] Leech Seed|[of] p1a: Abomasnow
|-heal|p1a: Abomasnow|91/100 par|[silent]
|upkeep
|turn|13
|
|t:|1706739847
|switch|p2a: Blastoise|Blastoise, F|100/100
|-damage|p2a: Blastoise|88/100|[from] Stealth Rock
|move|p1a: Abomasnow|Blizzard|p2a: Blastoise
|-resisted|p2a: Blastoise
|-damage|p2a: Blastoise|74/100
|
|-weather|Hail|[upkeep]
|-damage|p2a: Blastoise|68/100|[from] Hail
|-heal|p2a: Blastoise|100/100|[from] move: Wish|[wisher] chubs
|-heal|p1a: Abomasnow|98/100 par|[from] item: Leftovers
|upkeep
|turn|14
|
|t:|1706739851
|move|p2a: Blastoise|Rapid Spin|p1a: Abomasnow
|-damage|p1a: Abomasnow|93/100 par
|-sideend|p2: killapokeman|Stealth Rock|[from] move: Rapid Spin|[of] p2a: Blastoise
|move|p1a: Abomasnow|Leech Seed|p2a: Blastoise
|-start|p2a: Blastoise|move: Leech Seed
|
|-weather|Hail|[upkeep]
|-damage|p2a: Blastoise|94/100|[from] Hail
|-heal|p2a: Blastoise|100/100|[from] item: Leftovers
|-heal|p1a: Abomasnow|99/100 par|[from] item: Leftovers
|-damage|p2a: Blastoise|88/100|[from] Leech Seed|[of] p1a: Abomasnow
|-heal|p1a: Abomasnow|100/100 par|[silent]
|upkeep
|turn|15
|
|t:|1706739856
|switch|p2a: Sableye|Sableye, F|100/100
|cant|p1a: Abomasnow|par
|
|-weather|Hail|[upkeep]
|-damage|p2a: Sableye|94/100|[from] Hail
|-heal|p2a: Sableye|100/100|[from] item: Leftovers
|upkeep
|turn|16
|
|t:|1706739860
|move|p2a: Sableye|Taunt|p1a: Abomasnow
|-start|p1a: Abomasnow|move: Taunt
|move|p1a: Abomasnow|Blizzard|p2a: Sableye
|-damage|p2a: Sableye|61/100
|
|-weather|Hail|[upkeep]
|-damage|p2a: Sableye|54/100|[from] Hail
|-heal|p2a: Sableye|61/100|[from] item: Leftovers
|upkeep
|turn|17
|
|t:|1706739865
|move|p2a: Sableye|Knock Off|p1a: Abomasnow
|-damage|p1a: Abomasnow|94/100 par
|-enditem|p1a: Abomasnow|Leftovers|[from] move: Knock Off|[of] p2a: Sableye
|move|p1a: Abomasnow|Blizzard|p2a: Sableye
|-damage|p2a: Sableye|17/100
|
|-weather|Hail|[upkeep]
|-damage|p2a: Sableye|11/100|[from] Hail
|-heal|p2a: Sableye|17/100|[from] item: Leftovers
|upkeep
|turn|18
|
|t:|1706739868
|move|p2a: Sableye|Recover|p2a: Sableye
|-heal|p2a: Sableye|67/100
|move|p1a: Abomasnow|Ice Shard|p2a: Sableye
|-damage|p2a: Sableye|49/100
|
|-weather|Hail|[upkeep]
|-damage|p2a: Sableye|43/100|[from] Hail
|-heal|p2a: Sableye|49/100|[from] item: Leftovers
|-end|p1a: Abomasnow|move: Taunt
|upkeep
|turn|19
|
|t:|1706739874
|move|p2a: Sableye|Taunt|p1a: Abomasnow
|-start|p1a: Abomasnow|move: Taunt
|move|p1a: Abomasnow|Blizzard|p2a: Sableye
|-damage|p2a: Sableye|12/100
|
|-weather|Hail|[upkeep]
|-damage|p2a: Sableye|5/100|[from] Hail
|-heal|p2a: Sableye|12/100|[from] item: Leftovers
|upkeep
|turn|20
|
|t:|1706739877
|move|p2a: Sableye|Recover|p2a: Sableye
|-heal|p2a: Sableye|62/100
|move|p1a: Abomasnow|Blizzard|p2a: Sableye
|-damage|p2a: Sableye|17/100
|
|-weather|Hail|[upkeep]
|-damage|p2a: Sableye|11/100|[from] Hail
|-heal|p2a: Sableye|17/100|[from] item: Leftovers
|upkeep
|turn|21
|
|t:|1706739880
|switch|p2a: chubs|Blissey, F, shiny|76/100
|move|p1a: Abomasnow|Blizzard|p2a: chubs
|-damage|p2a: chubs|61/100
|
|-weather|Hail|[upkeep]
|-damage|p2a: chubs|55/100|[from] Hail
|-heal|p2a: chubs|61/100|[from] item: Leftovers
|-end|p1a: Abomasnow|move: Taunt
|upkeep
|turn|22
|
|t:|1706739884
|move|p2a: chubs|Wish|p2a: chubs
|cant|p1a: Abomasnow|par
|
|-weather|Hail|[upkeep]
|-damage|p2a: chubs|55/100|[from] Hail
|-heal|p2a: chubs|61/100|[from] item: Leftovers
|upkeep
|turn|23
|
|t:|1706739888
|switch|p2a: Sableye|Sableye, F|17/100
|move|p1a: Abomasnow|Blizzard|p2a: Sableye
|-damage|p2a: Sableye|0 fnt
|faint|p2a: Sableye
|
|-weather|Hail|[upkeep]
|upkeep
|
|t:|1706739892
|switch|p2a: Skarmory|Skarmory, F|100/100
|turn|24
|
|t:|1706739896
|switch|p1a: Forretress|Forretress, F|100/100
|move|p2a: Skarmory|Stealth Rock|p1a: Forretress
|-sidestart|p1: the great gazump|move: Stealth Rock
|
|-weather|Hail|[upkeep]
|-damage|p2a: Skarmory|95/100|[from] Hail
|upkeep
|turn|25
|
|t:|1706739900
|switch|p2a: Latias|Latias, F|62/100
|move|p1a: Forretress|Rapid Spin|p2a: Latias
|-damage|p2a: Latias|57/100
|-sideend|p1: the great gazump|Stealth Rock|[from] move: Rapid Spin|[of] p1a: Forretress
|
|-weather|Hail|[upkeep]
|-damage|p2a: Latias|51/100|[from] Hail
|upkeep
|turn|26
|
|t:|1706739910
|switch|p1a: Gliscor|Gliscor, M|26/100 tox
|move|p2a: Latias|Recover|p2a: Latias
|-heal|p2a: Latias|100/100
|
|-weather|Hail|[upkeep]
|-damage|p2a: Latias|94/100|[from] Hail
|-damage|p1a: Gliscor|20/100 tox|[from] Hail
|-heal|p1a: Gliscor|32/100 tox|[from] ability: Poison Heal
|upkeep
|turn|27
|
|t:|1706739917
|switch|p2a: Blastoise|Blastoise, F|88/100
|move|p1a: Gliscor|Stealth Rock|p2a: Blastoise
|-sidestart|p2: killapokeman|move: Stealth Rock
|
|-weather|Hail|[upkeep]
|-damage|p1a: Gliscor|26/100 tox|[from] Hail
|-damage|p2a: Blastoise|82/100|[from] Hail
|-heal|p2a: Blastoise|88/100|[from] item: Leftovers
|-heal|p1a: Gliscor|39/100 tox|[from] ability: Poison Heal
|upkeep
|turn|28
|
|t:|1706739922
|switch|p1a: Reuniclus|Reuniclus, F|100/100
|move|p2a: Blastoise|Avalanche|p1a: Reuniclus
|-damage|p1a: Reuniclus|92/100
|
|-weather|Hail|[upkeep]
|-damage|p2a: Blastoise|82/100|[from] Hail
|-heal|p2a: Blastoise|88/100|[from] item: Leftovers
|-heal|p1a: Reuniclus|98/100|[from] item: Leftovers
|upkeep
|turn|29
|
|t:|1706739925
|move|p2a: Blastoise|Rapid Spin|p1a: Reuniclus
|-damage|p1a: Reuniclus|96/100
|-sideend|p2: killapokeman|Stealth Rock|[from] move: Rapid Spin|[of] p2a: Blastoise
|move|p1a: Reuniclus|Calm Mind|p1a: Reuniclus
|-boost|p1a: Reuniclus|spa|1
|-boost|p1a: Reuniclus|spd|1
|
|-weather|Hail|[upkeep]
|-damage|p2a: Blastoise|82/100|[from] Hail
|-heal|p2a: Blastoise|88/100|[from] item: Leftovers
|-heal|p1a: Reuniclus|100/100|[from] item: Leftovers
|upkeep
|turn|30
|
|t:|1706739931
|switch|p2a: Skarmory|Skarmory, F|95/100
|move|p1a: Reuniclus|Psyshock|p2a: Skarmory
|-resisted|p2a: Skarmory
|-damage|p2a: Skarmory|81/100
|
|-weather|Hail|[upkeep]
|-damage|p2a: Skarmory|75/100|[from] Hail
|upkeep
|turn|31
|
|t:|1706739935
|move|p1a: Reuniclus|Focus Blast|p2a: Skarmory
|-damage|p2a: Skarmory|7/100
|-unboost|p2a: Skarmory|spd|1
|move|p2a: Skarmory|Roar|p1a: Reuniclus
|drag|p1a: Forretress|Forretress, F|100/100
|
|-weather|Hail|[upkeep]
|-damage|p2a: Skarmory|1/100|[from] Hail
|upkeep
|turn|32
|
|t:|1706739943
|move|p2a: Skarmory|Roost|p2a: Skarmory
|-heal|p2a: Skarmory|51/100
|-singleturn|p2a: Skarmory|move: Roost
|move|p1a: Forretress|Hidden Power|p2a: Skarmory
|-supereffective|p2a: Skarmory
|-damage|p2a: Skarmory|5/100
|
|-weather|Hail|[upkeep]
|-damage|p2a: Skarmory|0 fnt|[from] Hail
|faint|p2a: Skarmory
|upkeep
|
|t:|1706739951
|switch|p2a: Blastoise|Blastoise, F|88/100
|turn|33
|
|t:|1706739956
|switch|p1a: Reuniclus|Reuniclus, F|100/100
|move|p2a: Blastoise|Scald|p1a: Reuniclus
|-damage|p1a: Reuniclus|78/100
|
|-weather|Hail|[upkeep]
|-damage|p2a: Blastoise|82/100|[from] Hail
|-heal|p2a: Blastoise|88/100|[from] item: Leftovers
|-heal|p1a: Reuniclus|84/100|[from] item: Leftovers
|upkeep
|turn|34
|
|t:|1706739958
|switch|p2a: chubs|Blissey, F, shiny|61/100
|move|p1a: Reuniclus|Calm Mind|p1a: Reuniclus
|-boost|p1a: Reuniclus|spa|1
|-boost|p1a: Reuniclus|spd|1
|
|-weather|Hail|[upkeep]
|-damage|p2a: chubs|55/100|[from] Hail
|-heal|p2a: chubs|61/100|[from] item: Leftovers
|-heal|p1a: Reuniclus|90/100|[from] item: Leftovers
|upkeep
|turn|35
|
|t:|1706739960
|move|p2a: chubs|Thunder Wave|p1a: Reuniclus
|-status|p1a: Reuniclus|par
|cant|p1a: Reuniclus|par
|
|-weather|Hail|[upkeep]
|-damage|p2a: chubs|55/100|[from] Hail
|-heal|p2a: chubs|61/100|[from] item: Leftovers
|-heal|p1a: Reuniclus|96/100 par|[from] item: Leftovers
|upkeep
|turn|36
|
|t:|1706739969
|move|p2a: chubs|Wish|p2a: chubs
|cant|p1a: Reuniclus|par
|
|-weather|Hail|[upkeep]
|-damage|p2a: chubs|55/100|[from] Hail
|-heal|p2a: chubs|61/100|[from] item: Leftovers
|-heal|p1a: Reuniclus|100/100 par|[from] item: Leftovers
|upkeep
|turn|37
|
|t:|1706739975
|switch|p2a: Latias|Latias, F|94/100
|cant|p1a: Reuniclus|par
|
|-weather|Hail|[upkeep]
|-damage|p2a: Latias|88/100|[from] Hail
|-heal|p2a: Latias|100/100|[from] move: Wish|[wisher] chubs
|upkeep
|turn|38
|
|t:|1706739981
|move|p2a: Latias|Psyshock|p1a: Reuniclus
|-resisted|p1a: Reuniclus
|-damage|p1a: Reuniclus|85/100 par
|-damage|p2a: Latias|91/100|[from] item: Life Orb
|move|p1a: Reuniclus|Recover|p1a: Reuniclus
|-heal|p1a: Reuniclus|100/100 par
|
|-weather|Hail|[upkeep]
|-damage|p2a: Latias|85/100|[from] Hail
|upkeep
|turn|39
|
|t:|1706739986
|move|p2a: Latias|Draco Meteor|p1a: Reuniclus
|-crit|p1a: Reuniclus
|-damage|p1a: Reuniclus|0 fnt
|-unboost|p2a: Latias|spa|2
|faint|p1a: Reuniclus
|-damage|p2a: Latias|75/100|[from] item: Life Orb
|
|-weather|Hail|[upkeep]
|-damage|p2a: Latias|69/100|[from] Hail
|upkeep
|c|☆the great gazump|ya lol
|c|☆killapokeman|noice
|
|t:|1706739998
|switch|p1a: Latios|Latios, M|95/100
|turn|40
|inactive|killapokeman has 120 seconds left.
|inactive|killapokeman has 90 seconds left.
|
|t:|1706740063
|switch|p1a: Gliscor|Gliscor, M|39/100 tox
|switch|p2a: chubs|Blissey, F, shiny|61/100
|
|-weather|Hail|[upkeep]
|-damage|p1a: Gliscor|32/100 tox|[from] Hail
|-damage|p2a: chubs|55/100|[from] Hail
|-heal|p2a: chubs|61/100|[from] item: Leftovers
|-heal|p1a: Gliscor|45/100 tox|[from] ability: Poison Heal
|upkeep
|turn|41
|
|t:|1706740068
|switch|p2a: Blastoise|Blastoise, F|88/100
|move|p1a: Gliscor|Earthquake|p2a: Blastoise
|-damage|p2a: Blastoise|58/100
|
|-weather|Hail|[upkeep]
|-damage|p1a: Gliscor|39/100 tox|[from] Hail
|-damage|p2a: Blastoise|52/100|[from] Hail
|-heal|p2a: Blastoise|58/100|[from] item: Leftovers
|-heal|p1a: Gliscor|51/100 tox|[from] ability: Poison Heal
|upkeep
|turn|42
|
|t:|1706740072
|switch|p1a: Abomasnow|Abomasnow, F|94/100 par
|move|p2a: Blastoise|Avalanche|p1a: Abomasnow
|-damage|p1a: Abomasnow|81/100 par
|
|-weather|Hail|[upkeep]
|-damage|p2a: Blastoise|52/100|[from] Hail
|-heal|p2a: Blastoise|58/100|[from] item: Leftovers
|upkeep
|turn|43
|
|t:|1706740080
|move|p1a: Abomasnow|Leech Seed|p2a: Blastoise
|-start|p2a: Blastoise|move: Leech Seed
|move|p2a: Blastoise|Avalanche|p1a: Abomasnow
|-damage|p1a: Abomasnow|68/100 par
|
|-weather|Hail|[upkeep]
|-damage|p2a: Blastoise|52/100|[from] Hail
|-heal|p2a: Blastoise|58/100|[from] item: Leftovers
|-damage|p2a: Blastoise|46/100|[from] Leech Seed|[of] p1a: Abomasnow
|-heal|p1a: Abomasnow|80/100 par|[silent]
|upkeep
|turn|44
|
|t:|1706740086
|cant|p1a: Abomasnow|par
|move|p2a: Blastoise|Scald|p1a: Abomasnow
|-resisted|p1a: Abomasnow
|-damage|p1a: Abomasnow|71/100 par
|
|-weather|Hail|[upkeep]
|-damage|p2a: Blastoise|40/100|[from] Hail
|-heal|p2a: Blastoise|46/100|[from] item: Leftovers
|-damage|p2a: Blastoise|33/100|[from] Leech Seed|[of] p1a: Abomasnow
|-heal|p1a: Abomasnow|83/100 par|[silent]
|upkeep
|turn|45
|
|t:|1706740090
|switch|p2a: chubs|Blissey, F, shiny|61/100
|move|p1a: Abomasnow|Ice Shard|p2a: chubs
|-damage|p2a: chubs|50/100
|
|-weather|Hail|[upkeep]
|-damage|p2a: chubs|44/100|[from] Hail
|-heal|p2a: chubs|50/100|[from] item: Leftovers
|upkeep
|turn|46
|
|t:|1706740094
|move|p2a: chubs|Soft-Boiled|p2a: chubs
|-heal|p2a: chubs|100/100
|move|p1a: Abomasnow|Leech Seed|p2a: chubs
|-start|p2a: chubs|move: Leech Seed
|
|-weather|Hail|[upkeep]
|-damage|p2a: chubs|94/100|[from] Hail
|-heal|p2a: chubs|100/100|[from] item: Leftovers
|-damage|p2a: chubs|88/100|[from] Leech Seed|[of] p1a: Abomasnow
|-heal|p1a: Abomasnow|100/100 par|[silent]
|upkeep
|turn|47
|
|t:|1706740097
|switch|p1a: Gliscor|Gliscor, M|51/100 tox
|move|p2a: chubs|Wish|p2a: chubs
|
|-weather|Hail|[upkeep]
|-damage|p1a: Gliscor|45/100 tox|[from] Hail
|-damage|p2a: chubs|82/100|[from] Hail
|-heal|p2a: chubs|88/100|[from] item: Leftovers
|-damage|p2a: chubs|76/100|[from] Leech Seed|[of] p1a: Gliscor
|-heal|p1a: Gliscor|70/100 tox|[silent]
|-heal|p1a: Gliscor|82/100 tox|[from] ability: Poison Heal
|upkeep
|turn|48
|
|t:|1706740103
|switch|p2a: Latias|Latias, F|69/100
|move|p1a: Gliscor|Earthquake|p2a: Latias
|-immune|p2a: Latias|[from] ability: Levitate
|
|-weather|Hail|[upkeep]
|-damage|p2a: Latias|63/100|[from] Hail
|-damage|p1a: Gliscor|76/100 tox|[from] Hail
|-heal|p2a: Latias|100/100|[from] move: Wish|[wisher] chubs
|-heal|p1a: Gliscor|89/100 tox|[from] ability: Poison Heal
|upkeep
|turn|49
|
|t:|1706740111
|move|p1a: Gliscor|Protect|p1a: Gliscor
|-singleturn|p1a: Gliscor|Protect
|move|p2a: Latias|Draco Meteor|p1a: Gliscor
|-activate|p1a: Gliscor|move: Protect
|
|-weather|Hail|[upkeep]
|-damage|p2a: Latias|94/100|[from] Hail
|-damage|p1a: Gliscor|82/100 tox|[from] Hail
|-heal|p1a: Gliscor|95/100 tox|[from] ability: Poison Heal
|upkeep
|turn|50
|
|t:|1706740113
|move|p2a: Latias|Draco Meteor|p1a: Gliscor
|-damage|p1a: Gliscor|24/100 tox
|-unboost|p2a: Latias|spa|2
|-damage|p2a: Latias|85/100|[from] item: Life Orb
|move|p1a: Gliscor|Stealth Rock|p2a: Latias
|-sidestart|p2: killapokeman|move: Stealth Rock
|
|-weather|Hail|[upkeep]
|-damage|p2a: Latias|79/100|[from] Hail
|-damage|p1a: Gliscor|18/100 tox|[from] Hail
|-heal|p1a: Gliscor|30/100 tox|[from] ability: Poison Heal
|upkeep
|turn|51
|
|t:|1706740119
|switch|p1a: Latios|Latios, M|95/100
|move|p2a: Latias|Draco Meteor|p1a: Latios|[miss]
|-miss|p2a: Latias|p1a: Latios
|
|-weather|Hail|[upkeep]
|-damage|p1a: Latios|89/100|[from] Hail
|-damage|p2a: Latias|72/100|[from] Hail
|upkeep
|turn|52
|c|☆killapokeman|bruhhh
|c|☆the great gazump|scuse me you crit both my blissey and reuniclus lmao
|
|t:|1706740147
|switch|p2a: chubs|Blissey, F, shiny|76/100
|-damage|p2a: chubs|63/100|[from] Stealth Rock
|move|p1a: Latios|Thunder Wave|p2a: chubs
|-status|p2a: chubs|par
|
|-weather|Hail|[upkeep]
|-damage|p1a: Latios|83/100|[from] Hail
|-damage|p2a: chubs|57/100 par|[from] Hail
|-heal|p2a: chubs|63/100 par|[from] item: Leftovers
|upkeep
|turn|53
|c|☆killapokeman|yh fair
|
|t:|1706740155
|switch|p1a: Gliscor|Gliscor, M|30/100 tox
|move|p2a: chubs|Wish|p2a: chubs
|
|-weather|Hail|[upkeep]
|-damage|p1a: Gliscor|24/100 tox|[from] Hail
|-damage|p2a: chubs|57/100 par|[from] Hail
|-heal|p2a: chubs|63/100 par|[from] item: Leftovers
|-heal|p1a: Gliscor|37/100 tox|[from] ability: Poison Heal
|upkeep
|turn|54
|
|t:|1706740164
|switch|p1a: Latios|Latios, M|83/100
|-curestatus|p2a: chubs|par|[from] ability: Natural Cure
|switch|p2a: Latias|Latias, F|72/100
|-damage|p2a: Latias|60/100|[from] Stealth Rock
|
|-weather|Hail|[upkeep]
|-damage|p1a: Latios|77/100|[from] Hail
|-damage|p2a: Latias|54/100|[from] Hail
|-heal|p2a: Latias|100/100|[from] move: Wish|[wisher] chubs
|upkeep
|turn|55
|
|t:|1706740169
|switch|p2a: chubs|Blissey, F, shiny|63/100
|-damage|p2a: chubs|51/100|[from] Stealth Rock
|move|p1a: Latios|Draco Meteor|p2a: chubs
|-damage|p2a: chubs|24/100
|-unboost|p1a: Latios|spa|2
|
|-weather|Hail|[upkeep]
|-damage|p1a: Latios|71/100|[from] Hail
|-damage|p2a: chubs|18/100|[from] Hail
|-heal|p2a: chubs|24/100|[from] item: Leftovers
|upkeep
|turn|56
|
|t:|1706740174
|switch|p1a: Gliscor|Gliscor, M|37/100 tox
|move|p2a: chubs|Soft-Boiled|p2a: chubs
|-heal|p2a: chubs|74/100
|
|-weather|Hail|[upkeep]
|-damage|p1a: Gliscor|30/100 tox|[from] Hail
|-damage|p2a: chubs|68/100|[from] Hail
|-heal|p2a: chubs|74/100|[from] item: Leftovers
|-heal|p1a: Gliscor|43/100 tox|[from] ability: Poison Heal
|upkeep
|turn|57
|
|t:|1706740179
|switch|p2a: Blastoise|Blastoise, F|33/100
|-damage|p2a: Blastoise|21/100|[from] Stealth Rock
|move|p1a: Gliscor|Ice Fang|p2a: Blastoise
|-resisted|p2a: Blastoise
|-damage|p2a: Blastoise|14/100
|
|-weather|Hail|[upkeep]
|-damage|p1a: Gliscor|37/100 tox|[from] Hail
|-damage|p2a: Blastoise|8/100|[from] Hail
|-heal|p2a: Blastoise|14/100|[from] item: Leftovers
|-heal|p1a: Gliscor|49/100 tox|[from] ability: Poison Heal
|upkeep
|turn|58
|
|t:|1706740183
|move|p1a: Gliscor|Earthquake|p2a: Blastoise
|-damage|p2a: Blastoise|0 fnt
|faint|p2a: Blastoise
|
|-weather|Hail|[upkeep]
|-damage|p1a: Gliscor|43/100 tox|[from] Hail
|-heal|p1a: Gliscor|55/100 tox|[from] ability: Poison Heal
|upkeep
|
|t:|1706740186
|switch|p2a: Latias|Latias, F|100/100
|-damage|p2a: Latias|88/100|[from] Stealth Rock
|turn|59
|
|t:|1706740188
|move|p1a: Gliscor|Protect|p1a: Gliscor
|-singleturn|p1a: Gliscor|Protect
|move|p2a: Latias|Draco Meteor|p1a: Gliscor
|-activate|p1a: Gliscor|move: Protect
|
|-weather|Hail|[upkeep]
|-damage|p2a: Latias|82/100|[from] Hail
|-damage|p1a: Gliscor|49/100 tox|[from] Hail
|-heal|p1a: Gliscor|62/100 tox|[from] ability: Poison Heal
|upkeep
|turn|60
|
|t:|1706740193
|switch|p1a: Forretress|Forretress, F|100/100
|move|p2a: Latias|Draco Meteor|p1a: Forretress
|-resisted|p1a: Forretress
|-damage|p1a: Forretress|40/100
|-unboost|p2a: Latias|spa|2
|-damage|p2a: Latias|72/100|[from] item: Life Orb
|
|-weather|Hail|[upkeep]
|-damage|p2a: Latias|66/100|[from] Hail
|-heal|p1a: Forretress|47/100|[from] item: Leftovers
|upkeep
|turn|61
|
|t:|1706740202
|switch|p1a: Gliscor|Gliscor, M|62/100 tox
|move|p2a: Latias|Recover|p2a: Latias
|-heal|p2a: Latias|100/100
|
|-weather|Hail|[upkeep]
|-damage|p2a: Latias|94/100|[from] Hail
|-damage|p1a: Gliscor|55/100 tox|[from] Hail
|-heal|p1a: Gliscor|68/100 tox|[from] ability: Poison Heal
|upkeep
|turn|62
|
|t:|1706740208
|move|p2a: Latias|Draco Meteor|p1a: Gliscor
|-damage|p1a: Gliscor|31/100 tox
|-unboost|p2a: Latias|spa|2
|-damage|p2a: Latias|85/100|[from] item: Life Orb
|move|p1a: Gliscor|Ice Fang|p2a: Latias
|-supereffective|p2a: Latias
|-damage|p2a: Latias|53/100
|
|-weather|Hail|[upkeep]
|-damage|p2a: Latias|47/100|[from] Hail
|-damage|p1a: Gliscor|25/100 tox|[from] Hail
|-heal|p1a: Gliscor|38/100 tox|[from] ability: Poison Heal
|upkeep
|turn|63
|
|t:|1706740215
|move|p2a: Latias|Recover|p2a: Latias
|-heal|p2a: Latias|97/100
|move|p1a: Gliscor|Ice Fang|p2a: Latias
|-supereffective|p2a: Latias
|-damage|p2a: Latias|69/100
|
|-weather|Hail|[upkeep]
|-damage|p2a: Latias|63/100|[from] Hail
|-damage|p1a: Gliscor|31/100 tox|[from] Hail
|-heal|p1a: Gliscor|44/100 tox|[from] ability: Poison Heal
|upkeep
|turn|64
|-message|killapokeman forfeited.
|
|win|the great gazump
|raw|the great gazump's rating: 1495 &rarr; <strong>1506</strong><br />(+11 for winning)
|raw|killapokeman's rating: 1325 &rarr; <strong>1314</strong><br />(-11 for losing)
|l|☆killapokeman
|player|p2|
