|j|Smiletoad
|j|stanefix
|player|p1|Smiletoad|207
|teamsize|p1|6
|player|p2|stanefix|93
|teamsize|p2|6
|gametype|singles
|gen|5
|tier|[Gen 5] OU
|rated|
|seed|34066,49281,25411,43867
|rule|Sleep Clause Mod: Limit one foe put to sleep
|rule|Species Clause: Limit one of each Pokémon
|rule|OHKO Clause: OHKO moves are banned
|rule|Moody Clause: Moody is banned
|rule|Evasion Moves Clause: Evasion moves are banned
|rule|Endless Battle Clause: Forcing endless battles is banned
|rule|HP Percentage Mod: HP is shown in percentages
|rule|Evasion Abilities Clause: Evasion abilities are banned
|rule|Baton Pass Clause: Limit one Baton Passer, can't pass Spe and other stats simultaneously
|rule|Swagger Clause: Swagger is banned
|clearpoke
|poke|p1|Azumarill, M|item
|poke|p1|Keldeo-Resolute|item
|poke|p1|Thundurus-Therian, M|item
|poke|p1|Tornadus, M|item
|poke|p1|Politoed, F|item
|poke|p1|Terrakion|item
|poke|p2|Politoed, M|item
|poke|p2|Tentacruel, F|item
|poke|p2|Ferrothorn, M|item
|poke|p2|Tornadus, M|item
|poke|p2|Landorus-Therian, M|item
|poke|p2|Jirachi|item
|teampreview
|c|☆Smiletoad|wlh ca me soule
|choice|team 3, team 2, team 1, team 4, team 5, team 6|team 1, team 2, team 3, team 4, team 5, team 6
|
|start
|switch|p1a: CTC the poat|Thundurus-Therian, M|337/337
|switch|p2a: Politoed|Politoed, M|321/321
|-weather|RainDance|[from] ability: Drizzle|[of] p2a: Politoed
|turn|1
|choice|move thunder|move hydropump
|
|move|p2a: Politoed|Hydro Pump|p1a: CTC the poat
|-crit|p1a: CTC the poat
|-damage|p1a: CTC the poat|0 fnt
|faint|p1a: CTC the poat
|
|-weather|RainDance|[upkeep]
|upkeep
|c|☆Smiletoad|opela
|c|☆Smiletoad|fdp
|choice|switch 5|
|
|switch|p1a: CTC the toat|Politoed, F|375/375
|turn|2
|choice|move psychic|move hydropump
|
|move|p2a: Politoed|Hydro Pump|p1a: CTC the toat
|-resisted|p1a: CTC the toat
|-damage|p1a: CTC the toat|262/375
|move|p1a: CTC the toat|Psychic|p2a: Politoed
|-damage|p2a: Politoed|234/321
|
|-weather|RainDance|[upkeep]
|upkeep
|turn|3
|choice|move hiddenpower|switch 3
|
|switch|p2a: Ferrothorn|Ferrothorn, M|352/352
|move|p1a: CTC the toat|Hidden Power|p2a: Ferrothorn
|-resisted|p2a: Ferrothorn
|-damage|p2a: Ferrothorn|340/352
|
|-weather|RainDance|[upkeep]
|-heal|p2a: Ferrothorn|352/352|[from] item: Leftovers
|upkeep
|turn|4
|c|☆Smiletoad|redbull check this out
|inactive|Battle timer is ON: inactive players will automatically lose when time's up. (requested by Smiletoad)
|choice|move icebeam|move powerwhip
|
|move|p1a: CTC the toat|Ice Beam|p2a: Ferrothorn
|-damage|p2a: Ferrothorn|280/352
|move|p2a: Ferrothorn|Power Whip|p1a: CTC the toat|[miss]
|-miss|p2a: Ferrothorn|p1a: CTC the toat
|
|-weather|RainDance|[upkeep]
|-heal|p2a: Ferrothorn|302/352|[from] item: Leftovers
|upkeep
|turn|5
|choice|move icebeam|move leechseed
|
|move|p1a: CTC the toat|Ice Beam|p2a: Ferrothorn
|-damage|p2a: Ferrothorn|229/352
|move|p2a: Ferrothorn|Leech Seed|p1a: CTC the toat|[miss]
|-miss|p2a: Ferrothorn|p1a: CTC the toat
|
|-weather|RainDance|[upkeep]
|-heal|p2a: Ferrothorn|251/352|[from] item: Leftovers
|upkeep
|turn|6
|choice|move icebeam|move protect
|
|move|p2a: Ferrothorn|Protect|p2a: Ferrothorn
|-singleturn|p2a: Ferrothorn|Protect
|move|p1a: CTC the toat|Ice Beam|p2a: Ferrothorn
|-activate|p2a: Ferrothorn|move: Protect
|
|-weather|RainDance|[upkeep]
|-heal|p2a: Ferrothorn|273/352|[from] item: Leftovers
|upkeep
|turn|7
|choice|move icebeam|move leechseed
|
|move|p1a: CTC the toat|Ice Beam|p2a: Ferrothorn
|-damage|p2a: Ferrothorn|204/352
|move|p2a: Ferrothorn|Leech Seed|p1a: CTC the toat
|-start|p1a: CTC the toat|move: Leech Seed
|
|-weather|RainDance|[upkeep]
|-heal|p2a: Ferrothorn|226/352|[from] item: Leftovers
|-damage|p1a: CTC the toat|216/375|[from] Leech Seed|[of] p2a: Ferrothorn
|-heal|p2a: Ferrothorn|272/352|[silent]
|upkeep
|turn|8
|choice|switch 4|move spikes
|
|switch|p1a: CTC the soat|Tornadus, M|300/300
|move|p2a: Ferrothorn|Spikes|p1a: CTC the soat
|-sidestart|p1: Smiletoad|Spikes
|
|-weather|RainDance|[upkeep]
|-heal|p2a: Ferrothorn|294/352|[from] item: Leftovers
|upkeep
|turn|9
|choice|move hurricane|move protect
|
|move|p2a: Ferrothorn|Protect|p2a: Ferrothorn
|-singleturn|p2a: Ferrothorn|Protect
|move|p1a: CTC the soat|Hurricane|p2a: Ferrothorn
|-activate|p2a: Ferrothorn|move: Protect
|
|-weather|RainDance|[upkeep]
|-heal|p2a: Ferrothorn|316/352|[from] item: Leftovers
|upkeep
|turn|10
|choice|switch 3|switch 6
|
|switch|p1a: CTC the boat|Azumarill, M|403/403
|-damage|p1a: CTC the boat|353/403|[from] Spikes
|switch|p2a: Jirachi|Jirachi|404/404
|
|-weather|RainDance|[upkeep]
|upkeep
|turn|11
|choice|move waterfall|switch 2
|
|switch|p2a: Tentacruel|Tentacruel, F|363/363
|move|p1a: CTC the boat|Waterfall|p2a: Tentacruel
|-resisted|p2a: Tentacruel
|-damage|p2a: Tentacruel|170/363
|
|-weather|RainDance|[upkeep]
|-heal|p2a: Tentacruel|192/363|[from] ability: Rain Dish
|-heal|p2a: Tentacruel|214/363|[from] item: Black Sludge
|upkeep
|turn|12
|choice|move waterfall|move scald
|
|move|p2a: Tentacruel|Scald|p1a: CTC the boat
|-resisted|p1a: CTC the boat
|-damage|p1a: CTC the boat|277/403
|move|p1a: CTC the boat|Waterfall|p2a: Tentacruel
|-resisted|p2a: Tentacruel
|-damage|p2a: Tentacruel|31/363
|
|-weather|RainDance|[upkeep]
|-heal|p2a: Tentacruel|53/363|[from] ability: Rain Dish
|-heal|p2a: Tentacruel|75/363|[from] item: Black Sludge
|upkeep
|turn|13
|choice|switch 3|move scald
|
|switch|p1a: CTC the soat|Tornadus, M|300/300
|move|p2a: Tentacruel|Scald|p1a: CTC the soat
|-damage|p1a: CTC the soat|150/300
|-status|p1a: CTC the soat|brn
|
|-weather|RainDance|[upkeep]
|-heal|p2a: Tentacruel|97/363|[from] ability: Rain Dish
|-heal|p2a: Tentacruel|119/363|[from] item: Black Sludge
|-damage|p1a: CTC the soat|113/300 brn|[from] brn
|upkeep
|turn|14
|choice|move hurricane|switch 2
|
|switch|p2a: Jirachi|Jirachi|404/404
|move|p1a: CTC the soat|Hurricane|p2a: Jirachi
|-resisted|p2a: Jirachi
|-damage|p2a: Jirachi|242/404
|
|-weather|RainDance|[upkeep]
|-heal|p2a: Jirachi|267/404|[from] item: Leftovers
|-damage|p1a: CTC the soat|76/300 brn|[from] brn
|upkeep
|turn|15
|choice|move hurricane|move flashcannon
|
|move|p1a: CTC the soat|Hurricane|p2a: Jirachi
|-resisted|p2a: Jirachi
|-damage|p2a: Jirachi|108/404
|move|p2a: Jirachi|Flash Cannon|p1a: CTC the soat
|-damage|p1a: CTC the soat|0 fnt
|faint|p1a: CTC the soat
|
|-weather|RainDance|[upkeep]
|-heal|p2a: Jirachi|133/404|[from] item: Leftovers
|upkeep
|j|Hidden & Dangerous
|choice|switch 4|
|
|switch|p1a: CTC the toat|Politoed, F|216/375
|-damage|p1a: CTC the toat|170/375|[from] Spikes
|turn|16
|j|BlazingDark
|inactive|stanefix has 135 seconds left.
|choice|move hydropump|move thunder
|
|move|p2a: Jirachi|Thunder|p1a: CTC the toat
|-supereffective|p1a: CTC the toat
|-damage|p1a: CTC the toat|0 fnt
|faint|p1a: CTC the toat
|
|-weather|RainDance|[upkeep]
|-heal|p2a: Jirachi|158/404|[from] item: Leftovers
|upkeep
|choice|switch 2|
|
|switch|p1a: CTC the doat|Keldeo-Resolute|324/324
|-damage|p1a: CTC the doat|284/324|[from] Spikes
|turn|17
|choice|move hydropump|move thunder
|
|move|p1a: CTC the doat|Hydro Pump|p2a: Jirachi|[miss]
|-miss|p1a: CTC the doat|p2a: Jirachi
|move|p2a: Jirachi|Thunder|p1a: CTC the doat
|-supereffective|p1a: CTC the doat
|-damage|p1a: CTC the doat|44/324
|
|-weather|RainDance|[upkeep]
|-heal|p2a: Jirachi|183/404|[from] item: Leftovers
|upkeep
|turn|18
|choice|move hydropump|move thunder
|
|move|p1a: CTC the doat|Hydro Pump|p2a: Jirachi
|-damage|p2a: Jirachi|0 fnt
|faint|p2a: Jirachi
|
|-weather|RainDance|[upkeep]
|upkeep
|choice||switch 3
|
|switch|p2a: Politoed|Politoed, M|234/321
|turn|19
|choice|move hydropump|move scald
|
|move|p1a: CTC the doat|Hydro Pump|p2a: Politoed
|-resisted|p2a: Politoed
|-damage|p2a: Politoed|69/321
|move|p2a: Politoed|Scald|p1a: CTC the doat
|-resisted|p1a: CTC the doat
|-damage|p1a: CTC the doat|0 fnt
|faint|p1a: CTC the doat
|
|-weather|RainDance|[upkeep]
|upkeep
|choice|switch 3|
|
|switch|p1a: CTC the boat|Azumarill, M|277/403
|-damage|p1a: CTC the boat|227/403|[from] Spikes
|turn|20
|choice|move icepunch|move scald
|
|move|p2a: Politoed|Scald|p1a: CTC the boat
|-resisted|p1a: CTC the boat
|-crit|p1a: CTC the boat
|-damage|p1a: CTC the boat|14/403
|move|p1a: CTC the boat|Ice Punch|p2a: Politoed
|-resisted|p2a: Politoed
|-damage|p2a: Politoed|0 fnt
|faint|p2a: Politoed
|
|-weather|RainDance|[upkeep]
|upkeep
|choice||switch 4
|
|switch|p2a: Tornadus|Tornadus, M|299/299
|turn|21
|choice|move icepunch|move hurricane
|
|move|p2a: Tornadus|Hurricane|p1a: CTC the boat
|-damage|p1a: CTC the boat|0 fnt
|faint|p1a: CTC the boat
|
|-weather|RainDance|[upkeep]
|upkeep
|choice|switch 6|
|
|switch|p1a: CTC the goat|Terrakion|323/323
|-damage|p1a: CTC the goat|283/323|[from] Spikes
|turn|22
|inactive|Smiletoad has 135 seconds left.
|c|☆Smiletoad|The command "!poidsdelamereastanfix" does not exist.
|choice|move stoneedge|move hurricane
|
|move|p2a: Tornadus|Hurricane|p1a: CTC the goat
|-damage|p1a: CTC the goat|0 fnt
|faint|p1a: CTC the goat
|
|win|stanefix
|c| BlazingDark|mdrr
|c| Hidden & Dangerous|mdrrr
|c| Hidden & Dangerous|jsuis mort
|raw|Smiletoad's rating: 1443 &rarr; <strong>1426</strong><br />(-17 for losing)
|raw|stanefix's rating: 1507 &rarr; <strong>1524</strong><br />(+17 for winning)
|c|☆Smiletoad|wlh sa me soule
|c|☆Smiletoad|gt a 1490 ce matin
|j|staxi
|j|Squash17
|c| staxi|ptdr
|c|☆Smiletoad|psq jlavais encule hier
|c| BlazingDark|tu joues depuis quand
|c| BlazingDark|en BW
|c| staxi|t'es trp fort Smiletoad
|c|☆Smiletoad|xD
|l|stanefix
|c| Hidden & Dangerous|il joue depuis 2014 ce bg
|c| staxi|Smiletoad je suis fan de toi !!!
|c| BlazingDark|dans ton équipe, tu devrais virer terrakion et azumarill
|c| BlazingDark|keldeo suffit
|c|☆Smiletoad|jpeu pas
|c| BlazingDark|mets plutôt un pokemon de type acier
|c| Hidden & Dangerous|pour mettre amoonguus?
|c| BlazingDark|comme ferrothorn
|c| staxi|si tu peu
|c|☆Smiletoad|modifier la team de ctc
|l|Squash17
|j|Squash17
|l|Squash17
|l|staxi
|c|☆Smiletoad|c haram
|c| BlazingDark|oué
|c| BlazingDark|c vrai
|l|BlazingDark
|l|Hidden & Dangerous