|j|☆mastur_bator_69
|j|☆tjx93
|player|p1|mastur_bator_69|maid|1466
|player|p2|tjx93|266|1487
|teamsize|p1|6
|teamsize|p2|6
|gametype|singles
|gen|5
|tier|[Gen 5] OU
|rated|
|clearpoke
|poke|p1|Mamoswine, M|item
|poke|p1|Latios, M|item
|poke|p1|Scizor, F|item
|poke|p1|Kyurem-Black|item
|poke|p1|Salamence, M|item
|poke|p1|Magnezone|item
|poke|p2|Politoed, M|item
|poke|p2|Starmie|item
|poke|p2|Keldeo-Resolute|item
|poke|p2|Breloom, M|item
|poke|p2|Landorus-Therian, M|item
|poke|p2|Jirachi|item
|rule|Species Clause: Limit one of each Pokémon
|rule|OHKO Clause: OHKO moves are banned
|rule|Moody Clause: Moody is banned
|rule|Evasion Moves Clause: Evasion moves are banned
|rule|Endless Battle Clause: Forcing endless battles is banned
|rule|HP Percentage Mod: HP is shown in percentages
|rule|Evasion Abilities Clause: Evasion abilities are banned
|rule|Baton Pass Clause: Limit one Baton Passer, can't pass Spe and other stats simultaneously
|rule|Sleep Clause: Sleep-inducing moves are banned
|rule|Swagger Clause: Swagger is banned
|teampreview
|inactive|Battle timer is ON: inactive players will automatically lose when time's up. (requested by mastur_bator_69)
|
|start
|switch|p1a: Kyurem|Kyurem-Black|100/100
|switch|p2a: Politoed|Politoed, M|100/100
|-ability|p1a: Kyurem|Teravolt
|-weather|RainDance|[from] ability: Drizzle|[of] p2a: Politoed
|turn|1
|
|move|p2a: Politoed|Protect|p2a: Politoed
|-singleturn|p2a: Politoed|Protect
|move|p1a: Kyurem|Outrage|p2a: Politoed
|-activate|p2a: Politoed|move: Protect
|
|-weather|RainDance|[upkeep]
|upkeep
|turn|2
|
|move|p1a: Kyurem|Outrage|p2a: Politoed
|-damage|p2a: Politoed|0 fnt
|faint|p2a: Politoed
|
|-weather|RainDance|[upkeep]
|upkeep
|
|switch|p2a: Jirachi|Jirachi|100/100
|turn|3
|
|move|p1a: Kyurem|Outrage|p2a: Jirachi|[from]lockedmove
|-resisted|p2a: Jirachi
|-damage|p2a: Jirachi|51/100
|-start|p1a: Kyurem|confusion|[fatigue]
|move|p2a: Jirachi|Icy Wind|p1a: Kyurem
|-damage|p1a: Kyurem|88/100
|-unboost|p1a: Kyurem|spe|1
|
|-weather|RainDance|[upkeep]
|-heal|p2a: Jirachi|58/100|[from] item: Leftovers
|upkeep
|turn|4
|
|switch|p1a: Magnezone|Magnezone|100/100
|move|p2a: Jirachi|Stealth Rock|p1a: Magnezone
|-sidestart|p1: mastur_bator_69|move: Stealth Rock
|
|-weather|RainDance|[upkeep]
|-heal|p2a: Jirachi|64/100|[from] item: Leftovers
|upkeep
|turn|5
|
|move|p1a: Magnezone|Hidden Power|p2a: Jirachi
|-supereffective|p2a: Jirachi
|-damage|p2a: Jirachi|39/100
|move|p2a: Jirachi|Thunder|p1a: Magnezone
|-resisted|p1a: Magnezone
|-damage|p1a: Magnezone|82/100
|
|-weather|RainDance|[upkeep]
|-heal|p2a: Jirachi|45/100|[from] item: Leftovers
|upkeep
|turn|6
|
|move|p1a: Magnezone|Hidden Power|p2a: Jirachi
|-supereffective|p2a: Jirachi
|-damage|p2a: Jirachi|20/100
|move|p2a: Jirachi|Thunder|p1a: Magnezone
|-resisted|p1a: Magnezone
|-damage|p1a: Magnezone|65/100
|-status|p1a: Magnezone|par
|
|-weather|RainDance|[upkeep]
|-heal|p2a: Jirachi|26/100|[from] item: Leftovers
|upkeep
|turn|7
|
|move|p2a: Jirachi|Iron Head|p1a: Magnezone
|-resisted|p1a: Magnezone
|-damage|p1a: Magnezone|58/100 par
|cant|p1a: Magnezone|flinch
|
|-weather|RainDance|[upkeep]
|-heal|p2a: Jirachi|32/100|[from] item: Leftovers
|upkeep
|turn|8
|
|move|p2a: Jirachi|Iron Head|p1a: Magnezone
|-resisted|p1a: Magnezone
|-damage|p1a: Magnezone|50/100 par
|cant|p1a: Magnezone|flinch
|
|-weather|RainDance|[upkeep]
|-heal|p2a: Jirachi|38/100|[from] item: Leftovers
|upkeep
|turn|9
|
|switch|p1a: Scizor|Scizor, F|100/100
|-damage|p1a: Scizor|88/100|[from] Stealth Rock
|move|p2a: Jirachi|Iron Head|p1a: Scizor
|-resisted|p1a: Scizor
|-damage|p1a: Scizor|76/100
|
|-weather|RainDance|[upkeep]
|-heal|p2a: Jirachi|44/100|[from] item: Leftovers
|upkeep
|turn|10
|
|move|p2a: Jirachi|Thunder|p1a: Scizor
|-damage|p1a: Scizor|40/100
|move|p1a: Scizor|Superpower|p2a: Jirachi
|-damage|p2a: Jirachi|0 fnt
|-unboost|p1a: Scizor|atk|1
|-unboost|p1a: Scizor|def|1
|faint|p2a: Jirachi
|
|-weather|RainDance|[upkeep]
|upkeep
|
|switch|p2a: Keldeo|Keldeo-Resolute|100/100
|turn|11
|
|switch|p1a: Magnezone|Magnezone|50/100 par
|-damage|p1a: Magnezone|44/100 par|[from] Stealth Rock
|move|p2a: Keldeo|Scald|p1a: Magnezone
|-damage|p1a: Magnezone|0 fnt
|faint|p1a: Magnezone
|
|-weather|RainDance|[upkeep]
|upkeep
|
|switch|p1a: Latios|Latios, M|100/100
|-damage|p1a: Latios|88/100|[from] Stealth Rock
|turn|12
|
|switch|p2a: Breloom|Breloom, M|100/100
|move|p1a: Latios|Draco Meteor|p2a: Breloom
|-damage|p2a: Breloom|0 fnt
|-unboost|p1a: Latios|spa|2
|faint|p2a: Breloom
|
|-weather|RainDance|[upkeep]
|upkeep
|
|switch|p2a: Landorus|Landorus-Therian, M|100/100
|-ability|p2a: Landorus|Intimidate|boost
|-unboost|p1a: Latios|atk|1
|turn|13
|inactive|mastur_bator_69 has 120 seconds left.
|
|switch|p1a: Kyurem|Kyurem-Black|88/100
|-damage|p1a: Kyurem|63/100|[from] Stealth Rock
|-ability|p1a: Kyurem|Teravolt
|move|p2a: Landorus|U-turn|p1a: Kyurem
|-damage|p1a: Kyurem|42/100
|
|switch|p2a: Starmie|Starmie|100/100|[from]move: U-turn
|
|-weather|RainDance|[upkeep]
|upkeep
|turn|14
|
|move|p2a: Starmie|Hydro Pump|p1a: Kyurem
|-resisted|p1a: Kyurem
|-damage|p1a: Kyurem|0 fnt
|faint|p1a: Kyurem
|
|-weather|RainDance|[upkeep]
|upkeep
|
|switch|p1a: Salamence|Salamence, M|100/100
|-damage|p1a: Salamence|76/100|[from] Stealth Rock
|turn|15
|
|switch|p2a: Landorus|Landorus-Therian, M|100/100
|-ability|p2a: Landorus|Intimidate|boost
|-unboost|p1a: Salamence|atk|1
|move|p1a: Salamence|Outrage|p2a: Landorus
|-damage|p2a: Landorus|56/100
|
|-weather|RainDance|[upkeep]
|upkeep
|turn|16
|
|move|p1a: Salamence|Outrage|p2a: Landorus|[from]lockedmove
|-damage|p2a: Landorus|13/100
|-start|p1a: Salamence|confusion|[fatigue]
|move|p2a: Landorus|Stone Edge|p1a: Salamence|[miss]
|-miss|p2a: Landorus|p1a: Salamence
|
|-weather|RainDance|[upkeep]
|upkeep
|turn|17
|
|switch|p1a: Mamoswine|Mamoswine, M|100/100
|-damage|p1a: Mamoswine|88/100|[from] Stealth Rock
|move|p2a: Landorus|Stone Edge|p1a: Mamoswine
|-crit|p1a: Mamoswine
|-damage|p1a: Mamoswine|1/100
|
|-weather|RainDance|[upkeep]
|upkeep
|turn|18
|
|switch|p2a: Starmie|Starmie|100/100
|move|p1a: Mamoswine|Endeavor|p2a: Starmie
|-damage|p2a: Starmie|2/100
|
|-weather|RainDance|[upkeep]
|upkeep
|turn|19
|
|switch|p2a: Keldeo|Keldeo-Resolute|100/100
|move|p1a: Mamoswine|Ice Shard|p2a: Keldeo
|-resisted|p2a: Keldeo
|-damage|p2a: Keldeo|88/100
|
|-weather|RainDance|[upkeep]
|upkeep
|turn|20
|
|move|p1a: Mamoswine|Ice Shard|p2a: Keldeo
|-resisted|p2a: Keldeo
|-damage|p2a: Keldeo|76/100
|move|p2a: Keldeo|Scald|p1a: Mamoswine
|-supereffective|p1a: Mamoswine
|-damage|p1a: Mamoswine|0 fnt
|faint|p1a: Mamoswine
|
|-weather|RainDance|[upkeep]
|upkeep
|
|switch|p1a: Salamence|Salamence, M|76/100
|-damage|p1a: Salamence|51/100|[from] Stealth Rock
|turn|21
|
|move|p1a: Salamence|Outrage|p2a: Keldeo
|-damage|p2a: Keldeo|2/100
|move|p2a: Keldeo|Scald|p1a: Salamence
|-resisted|p1a: Salamence
|-damage|p1a: Salamence|0 fnt
|faint|p1a: Salamence
|
|-weather|RainDance|[upkeep]
|upkeep
|
|switch|p1a: Scizor|Scizor, F|40/100
|-damage|p1a: Scizor|27/100|[from] Stealth Rock
|turn|22
|
|move|p1a: Scizor|Bullet Punch|p2a: Keldeo
|-resisted|p2a: Keldeo
|-damage|p2a: Keldeo|0 fnt
|faint|p2a: Keldeo
|
|-weather|RainDance|[upkeep]
|upkeep
|
|switch|p2a: Landorus|Landorus-Therian, M|13/100
|-ability|p2a: Landorus|Intimidate|boost
|-unboost|p1a: Scizor|atk|1
|turn|23
|
|move|p1a: Scizor|Bullet Punch|p2a: Landorus
|-damage|p2a: Landorus|0 fnt
|faint|p2a: Landorus
|
|-weather|RainDance|[upkeep]
|upkeep
|
|switch|p2a: Starmie|Starmie|2/100
|turn|24
|
|move|p1a: Scizor|Bullet Punch|p2a: Starmie
|-resisted|p2a: Starmie
|-damage|p2a: Starmie|0 fnt
|faint|p2a: Starmie
|
|win|mastur_bator_69
|raw|mastur_bator_69's rating: 1442 &rarr; <strong>1465</strong><br />(+23 for winning)
|raw|tjx93's rating: 1487 &rarr; <strong>1464</strong><br />(-23 for losing)
|l|☆tjx93
