|j|☆Skillfullbeing
|j|☆Charliereall
|t:|1739039726
|gametype|singles
|player|p1|Skillfullbeing|nate|1474
|player|p2|Charliereall|teamrocket|1319
|teamsize|p1|6
|teamsize|p2|6
|gen|5
|tier|[Gen 5] OU
|rated|
|rule|Species Clause: Limit one of each Pokémon
|rule|OHKO Clause: OHKO moves are banned
|rule|Moody Clause: Moody is banned
|rule|Evasion Items Clause: Evasion items are banned
|rule|Evasion Moves Clause: Evasion moves are banned
|rule|Endless Battle Clause: Forcing endless battles is banned
|rule|HP Percentage Mod: HP is shown in percentages
|rule|Evasion Abilities Clause: Evasion abilities are banned
|rule|Sleep Moves Clause: Sleep-inducing moves are banned
|rule|Swagger Clause: Swagger is banned
|rule|Baton Pass Stat Clause: No Baton Passer may have a way to boost its stats
|clearpoke
|poke|p1|Jirachi|item
|poke|p1|Garchomp, M|item
|poke|p1|Latios, M|item
|poke|p1|Kyurem-Black|item
|poke|p1|Salamence, F|item
|poke|p1|Magnezone|item
|poke|p2|Abomasnow, F|item
|poke|p2|Gliscor, F|item
|poke|p2|Forretress, F|item
|poke|p2|Blissey, F|item
|poke|p2|Latios, M|item
|poke|p2|Reuniclus, M|item
|teampreview
|inactive|Battle timer is ON: inactive players will automatically lose when time's up. (requested by Charliereall)
|inactive|Skillfullbeing also wants the timer to be on.
|
|t:|1739039735
|start
|switch|p1a: Jirachi|Jirachi|100/100
|switch|p2a: Abomasnow|Abomasnow, F|100/100
|-weather|Hail|[from] ability: Snow Warning|[of] p2a: Abomasnow
|turn|1
|inactive|Charliereall has 120 seconds left.
|
|t:|1739039767
|switch|p2a: Gliscor|Gliscor, F|100/100
|move|p1a: Jirachi|Thunder Wave|p2a: Gliscor
|-immune|p2a: Gliscor
|
|-weather|Hail|[upkeep]
|-damage|p2a: Gliscor|94/100|[from] Hail
|-damage|p1a: Jirachi|94/100|[from] Hail
|-heal|p1a: Jirachi|100/100|[from] item: Leftovers
|-status|p2a: Gliscor|tox|[from] item: Toxic Orb
|upkeep
|turn|2
|inactive|Charliereall has 120 seconds left.
|
|t:|1739039778
|move|p2a: Gliscor|Stealth Rock|p1a: Jirachi
|-sidestart|p1: Skillfullbeing|move: Stealth Rock
|move|p1a: Jirachi|Icy Wind|p2a: Gliscor
|-supereffective|p2a: Gliscor
|-damage|p2a: Gliscor|17/100 tox
|-unboost|p2a: Gliscor|spe|1
|
|-weather|Hail|[upkeep]
|-damage|p1a: Jirachi|94/100|[from] Hail
|-damage|p2a: Gliscor|11/100 tox|[from] Hail
|-heal|p1a: Jirachi|100/100|[from] item: Leftovers
|-heal|p2a: Gliscor|23/100 tox|[from] ability: Poison Heal
|upkeep
|turn|3
|inactive|Charliereall has 120 seconds left.
|
|t:|1739039793
|move|p2a: Gliscor|Protect|p2a: Gliscor
|-singleturn|p2a: Gliscor|Protect
|move|p1a: Jirachi|Icy Wind|p2a: Gliscor
|-activate|p2a: Gliscor|move: Protect
|
|-weather|Hail|[upkeep]
|-damage|p1a: Jirachi|94/100|[from] Hail
|-damage|p2a: Gliscor|17/100 tox|[from] Hail
|-heal|p1a: Jirachi|100/100|[from] item: Leftovers
|-heal|p2a: Gliscor|29/100 tox|[from] ability: Poison Heal
|upkeep
|turn|4
|inactive|Charliereall has 120 seconds left.
|
|t:|1739039809
|switch|p2a: Reuniclus|Reuniclus, M|100/100
|move|p1a: Jirachi|Icy Wind|p2a: Reuniclus
|-crit|p2a: Reuniclus
|-damage|p2a: Reuniclus|79/100
|-unboost|p2a: Reuniclus|spe|1
|
|-weather|Hail|[upkeep]
|-damage|p1a: Jirachi|94/100|[from] Hail
|-heal|p1a: Jirachi|100/100|[from] item: Leftovers
|-heal|p2a: Reuniclus|85/100|[from] item: Leftovers
|upkeep
|turn|5
|
|t:|1739039815
|move|p1a: Jirachi|Thunder Wave|p2a: Reuniclus
|-status|p2a: Reuniclus|par
|move|p2a: Reuniclus|Calm Mind|p2a: Reuniclus
|-boost|p2a: Reuniclus|spa|1
|-boost|p2a: Reuniclus|spd|1
|
|-weather|Hail|[upkeep]
|-damage|p1a: Jirachi|94/100|[from] Hail
|-heal|p1a: Jirachi|100/100|[from] item: Leftovers
|-heal|p2a: Reuniclus|91/100 par|[from] item: Leftovers
|upkeep
|turn|6
|inactive|Charliereall has 120 seconds left.
|
|t:|1739039825
|move|p1a: Jirachi|U-turn|p2a: Reuniclus
|-supereffective|p2a: Reuniclus
|-damage|p2a: Reuniclus|69/100 par
|
|t:|1739039827
|switch|p1a: Kyurem|Kyurem-Black|100/100|[from] U-turn
|-damage|p1a: Kyurem|76/100|[from] Stealth Rock
|-ability|p1a: Kyurem|Teravolt
|move|p2a: Reuniclus|Focus Blast|p1a: Kyurem|[miss]
|-miss|p2a: Reuniclus|p1a: Kyurem
|
|-weather|Hail|[upkeep]
|-heal|p2a: Reuniclus|75/100 par|[from] item: Leftovers
|upkeep
|turn|7
|
|t:|1739039839
|switch|p2a: Forretress|Forretress, F|100/100
|move|p1a: Kyurem|Outrage|p2a: Forretress
|-resisted|p2a: Forretress
|-damage|p2a: Forretress|67/100
|
|-weather|Hail|[upkeep]
|-heal|p2a: Forretress|74/100|[from] item: Leftovers
|upkeep
|turn|8
|
|t:|1739039857
|move|p1a: Kyurem|Outrage|p2a: Forretress|[from] lockedmove
|-resisted|p2a: Forretress
|-damage|p2a: Forretress|39/100
|-start|p1a: Kyurem|confusion|[fatigue]
|move|p2a: Forretress|Gyro Ball|p1a: Kyurem
|-supereffective|p1a: Kyurem
|-damage|p1a: Kyurem|25/100
|
|-weather|Hail|[upkeep]
|-heal|p2a: Forretress|45/100|[from] item: Leftovers
|upkeep
|turn|9
|
|t:|1739039870
|switch|p1a: Jirachi|Jirachi|100/100
|-damage|p1a: Jirachi|94/100|[from] Stealth Rock
|move|p2a: Forretress|Spikes|p1a: Jirachi
|-sidestart|p1: Skillfullbeing|Spikes
|
|-weather|Hail|[upkeep]
|-damage|p1a: Jirachi|88/100|[from] Hail
|-heal|p1a: Jirachi|94/100|[from] item: Leftovers
|-heal|p2a: Forretress|51/100|[from] item: Leftovers
|upkeep
|turn|10
|inactive|Charliereall has 120 seconds left.
|j| Jane Creek
|
|t:|1739039889
|move|p1a: Jirachi|Stealth Rock|p2a: Forretress
|-sidestart|p2: Charliereall|move: Stealth Rock
|move|p2a: Forretress|Earthquake|p1a: Jirachi
|-supereffective|p1a: Jirachi
|-damage|p1a: Jirachi|61/100
|
|-weather|Hail|[upkeep]
|-damage|p1a: Jirachi|55/100|[from] Hail
|-heal|p1a: Jirachi|61/100|[from] item: Leftovers
|-heal|p2a: Forretress|58/100|[from] item: Leftovers
|upkeep
|turn|11
|inactive|Charliereall has 120 seconds left.
|
|t:|1739039909
|move|p1a: Jirachi|Thunder Wave|p2a: Forretress
|-status|p2a: Forretress|par
|cant|p2a: Forretress|par
|
|-weather|Hail|[upkeep]
|-damage|p1a: Jirachi|55/100|[from] Hail
|-heal|p1a: Jirachi|61/100|[from] item: Leftovers
|-heal|p2a: Forretress|64/100 par|[from] item: Leftovers
|upkeep
|turn|12
|
|t:|1739039925
|move|p1a: Jirachi|U-turn|p2a: Forretress
|-resisted|p2a: Forretress
|-damage|p2a: Forretress|60/100 par
|
|t:|1739039926
|switch|p1a: Magnezone|Magnezone|100/100|[from] U-turn
|-damage|p1a: Magnezone|94/100|[from] Stealth Rock
|-item|p1a: Magnezone|Air Balloon
|move|p2a: Forretress|Earthquake|p1a: Magnezone
|-immune|p1a: Magnezone
|
|-weather|Hail|[upkeep]
|-damage|p1a: Magnezone|88/100|[from] Hail
|-heal|p2a: Forretress|66/100 par|[from] item: Leftovers
|upkeep
|turn|13
|
|t:|1739039939
|move|p1a: Magnezone|Hidden Power|p2a: Forretress
|-supereffective|p2a: Forretress
|-damage|p2a: Forretress|0 fnt
|faint|p2a: Forretress
|
|-weather|Hail|[upkeep]
|-damage|p1a: Magnezone|82/100|[from] Hail
|upkeep
|
|t:|1739039954
|switch|p2a: Blissey|Blissey, F|100/100
|-damage|p2a: Blissey|88/100|[from] Stealth Rock
|turn|14
|
|t:|1739039963
|move|p1a: Magnezone|Volt Switch|p2a: Blissey
|-damage|p2a: Blissey|75/100
|
|t:|1739039965
|switch|p1a: Jirachi|Jirachi|61/100|[from] Volt Switch
|-damage|p1a: Jirachi|55/100|[from] Stealth Rock
|-damage|p1a: Jirachi|42/100|[from] Spikes
|move|p2a: Blissey|Thunder Wave|p1a: Jirachi
|-status|p1a: Jirachi|par
|
|-weather|Hail|[upkeep]
|-damage|p2a: Blissey|69/100|[from] Hail
|-damage|p1a: Jirachi|36/100 par|[from] Hail
|-heal|p2a: Blissey|75/100|[from] item: Leftovers
|-heal|p1a: Jirachi|42/100 par|[from] item: Leftovers
|upkeep
|turn|15
|
|t:|1739039978
|move|p2a: Blissey|Seismic Toss|p1a: Jirachi
|-damage|p1a: Jirachi|14/100 par
|move|p1a: Jirachi|U-turn|p2a: Blissey
|-damage|p2a: Blissey|61/100
|
|t:|1739039998
|switch|p1a: Garchomp|Garchomp, M|100/100|[from] U-turn
|-damage|p1a: Garchomp|94/100|[from] Stealth Rock
|-damage|p1a: Garchomp|82/100|[from] Spikes
|
|-weather|Hail|[upkeep]
|-damage|p1a: Garchomp|76/100|[from] Hail
|-damage|p2a: Blissey|55/100|[from] Hail
|-heal|p2a: Blissey|61/100|[from] item: Leftovers
|upkeep
|turn|16
|
|t:|1739040023
|switch|p2a: Gliscor|Gliscor, F|29/100 tox
|-damage|p2a: Gliscor|17/100 tox|[from] Stealth Rock
|move|p1a: Garchomp|Outrage|p2a: Gliscor
|-damage|p2a: Gliscor|0 fnt
|faint|p2a: Gliscor
|
|-weather|Hail|[upkeep]
|-damage|p1a: Garchomp|70/100|[from] Hail
|upkeep
|
|t:|1739040026
|switch|p2a: Abomasnow|Abomasnow, F|100/100
|-damage|p2a: Abomasnow|76/100|[from] Stealth Rock
|turn|17
|
|t:|1739040038
|move|p2a: Abomasnow|Protect|p2a: Abomasnow
|-singleturn|p2a: Abomasnow|Protect
|move|p1a: Garchomp|Outrage|p2a: Abomasnow|[from] lockedmove
|-activate|p2a: Abomasnow|move: Protect
|
|-weather|Hail|[upkeep]
|-damage|p1a: Garchomp|64/100|[from] Hail
|-heal|p2a: Abomasnow|82/100|[from] item: Leftovers
|upkeep
|turn|18
|inactive|Charliereall has 120 seconds left.
|inactive|Charliereall has 90 seconds left.
|
|t:|1739040101
|move|p1a: Garchomp|Outrage|p2a: Abomasnow
|-damage|p2a: Abomasnow|14/100
|move|p2a: Abomasnow|Blizzard|p1a: Garchomp
|-supereffective|p1a: Garchomp
|-damage|p1a: Garchomp|0 fnt
|faint|p1a: Garchomp
|
|-weather|Hail|[upkeep]
|-heal|p2a: Abomasnow|20/100|[from] item: Leftovers
|upkeep
|
|t:|1739040117
|switch|p1a: Magnezone|Magnezone|82/100
|-damage|p1a: Magnezone|76/100|[from] Stealth Rock
|-item|p1a: Magnezone|Air Balloon
|turn|19
|
|t:|1739040125
|move|p2a: Abomasnow|Protect|p2a: Abomasnow
|-singleturn|p2a: Abomasnow|Protect
|move|p1a: Magnezone|Hidden Power|p2a: Abomasnow
|-activate|p2a: Abomasnow|move: Protect
|
|-weather|Hail|[upkeep]
|-damage|p1a: Magnezone|70/100|[from] Hail
|-heal|p2a: Abomasnow|26/100|[from] item: Leftovers
|upkeep
|turn|20
|inactive|Charliereall has 90 seconds left.
|
|t:|1739040141
|switch|p2a: Latios|Latios, M|100/100
|-damage|p2a: Latios|88/100|[from] Stealth Rock
|move|p1a: Magnezone|Hidden Power|p2a: Latios
|-resisted|p2a: Latios
|-damage|p2a: Latios|76/100
|
|-weather|Hail|[upkeep]
|-damage|p2a: Latios|70/100|[from] Hail
|-damage|p1a: Magnezone|64/100|[from] Hail
|upkeep
|turn|21
|inactive|Charliereall has 90 seconds left.
|
|t:|1739040159
|switch|p1a: Jirachi|Jirachi|14/100 par
|-damage|p1a: Jirachi|8/100 par|[from] Stealth Rock
|-damage|p1a: Jirachi|0 fnt|[from] Spikes
|faint|p1a: Jirachi
|move|p2a: Latios|Surf|p1: Jirachi|[notarget]
|-fail|p2a: Latios
|
|-weather|Hail|[upkeep]
|-damage|p2a: Latios|64/100|[from] Hail
|upkeep
|
|t:|1739040161
|switch|p1a: Salamence|Salamence, F|100/100
|-damage|p1a: Salamence|76/100|[from] Stealth Rock
|turn|22
|
|t:|1739040168
|move|p2a: Latios|Draco Meteor|p1a: Salamence
|-supereffective|p1a: Salamence
|-damage|p1a: Salamence|0 fnt
|-unboost|p2a: Latios|spa|2
|faint|p1a: Salamence
|
|-weather|Hail|[upkeep]
|-damage|p2a: Latios|58/100|[from] Hail
|upkeep
|
|t:|1739040170
|switch|p1a: Latios|Latios, M|100/100
|-damage|p1a: Latios|88/100|[from] Stealth Rock
|turn|23
|inactive|Charliereall has 90 seconds left.
|
|t:|1739040197
|move|p1a: Latios|Dragon Pulse|p2a: Latios
|-supereffective|p2a: Latios
|-damage|p2a: Latios|0 fnt
|faint|p2a: Latios
|
|-weather|Hail|[upkeep]
|-damage|p1a: Latios|82/100|[from] Hail
|upkeep
|
|t:|1739040200
|switch|p2a: Blissey|Blissey, F|61/100
|-damage|p2a: Blissey|48/100|[from] Stealth Rock
|turn|24
|
|t:|1739040207
|switch|p1a: Kyurem|Kyurem-Black|25/100
|-damage|p1a: Kyurem|0 fnt|[from] Stealth Rock
|faint|p1a: Kyurem
|move|p2a: Blissey|Thunder Wave|p1: Kyurem|[notarget]
|-fail|p2a: Blissey
|
|-weather|Hail|[upkeep]
|-damage|p2a: Blissey|42/100|[from] Hail
|-heal|p2a: Blissey|48/100|[from] item: Leftovers
|upkeep
|
|t:|1739040209
|switch|p1a: Latios|Latios, M|82/100
|-damage|p1a: Latios|70/100|[from] Stealth Rock
|turn|25
|
|t:|1739040218
|move|p1a: Latios|Psyshock|p2a: Blissey
|-damage|p2a: Blissey|12/100
|move|p2a: Blissey|Soft-Boiled|p2a: Blissey
|-heal|p2a: Blissey|62/100
|
|-weather|Hail|[upkeep]
|-damage|p1a: Latios|64/100|[from] Hail
|-damage|p2a: Blissey|56/100|[from] Hail
|-heal|p2a: Blissey|62/100|[from] item: Leftovers
|upkeep
|turn|26
|
|t:|1739040228
|move|p1a: Latios|Psyshock|p2a: Blissey
|-damage|p2a: Blissey|27/100
|move|p2a: Blissey|Soft-Boiled|p2a: Blissey
|-heal|p2a: Blissey|77/100
|
|-weather|Hail|[upkeep]
|-damage|p1a: Latios|58/100|[from] Hail
|-damage|p2a: Blissey|71/100|[from] Hail
|-heal|p2a: Blissey|77/100|[from] item: Leftovers
|upkeep
|turn|27
|-message|Skillfullbeing forfeited.
|
|win|Charliereall
|raw|Skillfullbeing's rating: 1445 &rarr; <strong>1418</strong><br />(-27 for losing)
|raw|Charliereall's rating: 1319 &rarr; <strong>1346</strong><br />(+27 for winning)
