|j|☆basco
|j|☆120gitanes/day
|player|p1|basco|1
|player|p2|120gitanes/day|9
|teamsize|p1|6
|teamsize|p2|6
|gametype|singles
|gen|5
|tier|[Gen 5] OU
|rated|
|rule|Sleep Clause Mod: Limit one foe put to sleep
|rule|Species Clause: Limit one of each Pokémon
|rule|OHKO Clause: OHKO moves are banned
|rule|Moody Clause: Moody is banned
|rule|Evasion Moves Clause: Evasion moves are banned
|rule|Endless Battle Clause: Forcing endless battles is banned
|rule|HP Percentage Mod: HP is shown in percentages
|rule|Evasion Abilities Clause: Evasion abilities are banned
|rule|Baton Pass Clause: Limit one Baton Passer, can't pass Spe and other stats simultaneously
|rule|Swagger Clause: Swagger is banned
|clearpoke
|poke|p1|Tyranitar, M|item
|poke|p1|Magnezone|item
|poke|p1|Terrakion|item
|poke|p1|Latios, M|item
|poke|p1|Scizor, M|item
|poke|p1|Landorus-Therian, M|item
|poke|p2|Dragonite, M|item
|poke|p2|Jirachi|item
|poke|p2|Excadrill, M|item
|poke|p2|Salamence, F|item
|poke|p2|Breloom, M|item
|poke|p2|Tornadus, M|item
|teampreview
|
|start
|switch|p1a: Bron Bron|Landorus-Therian, M|100/100
|switch|p2a: Dragonite|Dragonite, M|100/100
|-ability|p1a: Bron Bron|Intimidate|boost
|-unboost|p2a: Dragonite|atk|1
|turn|1
|
|move|p1a: Bron Bron|Hidden Power|p2a: Dragonite
|-supereffective|p2a: Dragonite
|-damage|p2a: Dragonite|58/100
|move|p2a: Dragonite|Draco Meteor|p1a: Bron Bron
|-enditem|p2a: Dragonite|Dragon Gem|[from] gem|[move] Draco Meteor
|-damage|p1a: Bron Bron|0
|-unboost|p2a: Dragonite|spa|2
|faint|p1a: Bron Bron
|
|upkeep
|
|switch|p1a: Miller|Scizor, M, shiny|100/100
|turn|2
|
|move|p1a: Miller|Bullet Punch|p2a: Dragonite
|-damage|p2a: Dragonite|5/100
|move|p2a: Dragonite|Fire Blast|p1a: Miller|[miss]
|-miss|p2a: Dragonite|p1a: Miller
|
|upkeep
|turn|3
|
|move|p1a: Miller|Bullet Punch|p2a: Dragonite
|-crit|p2a: Dragonite
|-damage|p2a: Dragonite|0
|faint|p2a: Dragonite
|
|upkeep
|
|switch|p2a: Jirachi|Jirachi|100/100
|turn|4
|
|switch|p1a: Ray Allen|Magnezone|100/100
|move|p2a: Jirachi|Stealth Rock|p1a: Ray Allen
|-sidestart|p1: basco|move: Stealth Rock
|
|upkeep
|turn|5
|
|move|p2a: Jirachi|Hidden Power|p1a: Ray Allen
|-supereffective|p1a: Ray Allen
|-damage|p1a: Ray Allen|40/100
|move|p1a: Ray Allen|Substitute|p1a: Ray Allen
|-start|p1a: Ray Allen|Substitute
|-damage|p1a: Ray Allen|15/100
|
|-heal|p1a: Ray Allen|21/100|[from] item: Leftovers
|upkeep
|turn|6
|
|move|p2a: Jirachi|Hidden Power|p1a: Ray Allen
|-supereffective|p1a: Ray Allen
|-end|p1a: Ray Allen|Substitute
|move|p1a: Ray Allen|Hidden Power|p2a: Jirachi
|-supereffective|p2a: Jirachi
|-damage|p2a: Jirachi|53/100
|
|-heal|p1a: Ray Allen|27/100|[from] item: Leftovers
|upkeep
|turn|7
|
|move|p2a: Jirachi|Hidden Power|p1a: Ray Allen
|-supereffective|p1a: Ray Allen
|-damage|p1a: Ray Allen|0
|faint|p1a: Ray Allen
|
|upkeep
|
|switch|p1a: D.Wade|Terrakion|100/100
|-damage|p1a: D.Wade|94/100|[from] Stealth Rock
|turn|8
|
|switch|p2a: Salamence|Salamence, F|100/100
|move|p1a: D.Wade|Close Combat|p2a: Salamence
|-resisted|p2a: Salamence
|-damage|p2a: Salamence|65/100
|-unboost|p1a: D.Wade|def|1
|-unboost|p1a: D.Wade|spd|1
|
|upkeep
|turn|9
|
|switch|p1a: Miller|Scizor, M, shiny|100/100
|-damage|p1a: Miller|88/100|[from] Stealth Rock
|move|p2a: Salamence|Fire Blast|p1a: Miller|[miss]
|-miss|p2a: Salamence|p1a: Miller
|
|upkeep
|turn|10
|
|move|p1a: Miller|Bullet Punch|p2a: Salamence
|-damage|p2a: Salamence|6/100
|move|p2a: Salamence|Fire Blast|p1a: Miller
|-supereffective|p1a: Miller
|-damage|p1a: Miller|0
|faint|p1a: Miller
|-ability|p2a: Salamence|Moxie|boost
|-boost|p2a: Salamence|atk|1
|
|upkeep
|
|switch|p1a: D.Wade|Terrakion|94/100
|-damage|p1a: D.Wade|88/100|[from] Stealth Rock
|turn|11
|
|move|p1a: D.Wade|Close Combat|p2a: Salamence
|-resisted|p2a: Salamence
|-crit|p2a: Salamence
|-damage|p2a: Salamence|0
|-unboost|p1a: D.Wade|def|1
|-unboost|p1a: D.Wade|spd|1
|faint|p2a: Salamence
|
|upkeep
|
|switch|p2a: Breloom|Breloom, M|100/100
|turn|12
|
|switch|p1a: Pat Riely|Tyranitar, M|100/100
|-damage|p1a: Pat Riely|88/100|[from] Stealth Rock
|-weather|Sandstorm|[from] ability: Sand Stream|[of] p1a: Pat Riely
|move|p2a: Breloom|Mach Punch|p1a: Pat Riely
|-enditem|p2a: Breloom|Fighting Gem|[from] gem|[move] Mach Punch
|-supereffective|p1a: Pat Riely
|-damage|p1a: Pat Riely|0
|faint|p1a: Pat Riely
|
|-weather|Sandstorm|[upkeep]
|-damage|p2a: Breloom|94/100|[from] Sandstorm
|upkeep
|
|switch|p1a: Bosh|Latios, M, shiny|100/100
|-damage|p1a: Bosh|88/100|[from] Stealth Rock
|turn|13
|
|move|p1a: Bosh|Psyshock|p2a: Breloom
|-supereffective|p2a: Breloom
|-damage|p2a: Breloom|0
|faint|p2a: Breloom
|
|-weather|Sandstorm|[upkeep]
|-damage|p1a: Bosh|82/100|[from] Sandstorm
|upkeep
|
|switch|p2a: Tornadus|Tornadus, M|100/100
|turn|14
|
|move|p2a: Tornadus|Icy Wind|p1a: Bosh|[miss]
|-miss|p2a: Tornadus|p1a: Bosh
|move|p1a: Bosh|Psyshock|p2a: Tornadus
|-damage|p2a: Tornadus|33/100
|
|-weather|Sandstorm|[upkeep]
|-damage|p2a: Tornadus|27/100|[from] Sandstorm
|-damage|p1a: Bosh|76/100|[from] Sandstorm
|upkeep
|turn|15
|
|move|p2a: Tornadus|Hurricane|p1a: Bosh|[miss]
|-miss|p2a: Tornadus|p1a: Bosh
|move|p1a: Bosh|Surf|p2a: Tornadus
|-damage|p2a: Tornadus|0
|faint|p2a: Tornadus
|
|-weather|Sandstorm|[upkeep]
|-damage|p1a: Bosh|70/100|[from] Sandstorm
|upkeep
|
|switch|p2a: Excadrill|Excadrill, M, shiny|100/100
|-item|p2a: Excadrill|Air Balloon
|turn|16
|
|move|p2a: Excadrill|Iron Head|p1a: Bosh
|-damage|p1a: Bosh|9/100
|move|p1a: Bosh|Surf|p2a: Excadrill
|-supereffective|p2a: Excadrill
|-damage|p2a: Excadrill|0
|-enditem|p2a: Excadrill|Air Balloon
|faint|p2a: Excadrill
|
|-weather|Sandstorm|[upkeep]
|-damage|p1a: Bosh|3/100|[from] Sandstorm
|upkeep
|
|switch|p2a: Jirachi|Jirachi|53/100
|turn|17
|
|move|p1a: Bosh|Surf|p2a: Jirachi
|-damage|p2a: Jirachi|23/100
|move|p2a: Jirachi|Hidden Power|p1a: Bosh
|-resisted|p1a: Bosh
|-damage|p1a: Bosh|0
|faint|p1a: Bosh
|
|-weather|Sandstorm|[upkeep]
|upkeep
|l|☆120gitanes/day
|player|p2|
|
|switch|p1a: D.Wade|Terrakion|88/100
|-damage|p1a: D.Wade|82/100|[from] Stealth Rock
|turn|18
|inactive|Battle timer is ON: inactive players will automatically lose when time's up. (requested by basco)
|inactive|120gitanes/day has 60 seconds to reconnect!
|c|☆basco|Ezpz
|inactive|120gitanes/day has 30 seconds to reconnect!
|inactive|120gitanes/day has 20 seconds to reconnect!
|inactive|120gitanes/day has 15 seconds to reconnect!
|inactive|120gitanes/day has 10 seconds to reconnect!
|inactive|120gitanes/day has 5 seconds to reconnect!
|-message|120gitanes/day lost due to inactivity.
|
|win|basco
|raw|basco's rating: 1412 &rarr; <strong>1427</strong><br />(+15 for winning)
|raw|120gitanes&#x2f;day's rating: 1328 &rarr; <strong>1313</strong><br />(-15 for losing)
