|join|Leotias
|join|Princess Deluks917
|player|p1|Leotias|169
|player|p2|Princess Deluks917|23
|gametype|singles
|gen|5
|tier|[Gen 5] OU
|rated
|rule|Evasion Abilities Clause: Evasion abilities are banned
|clearpoke
|poke|p1|Tyranitar, F
|poke|p1|Landorus-Therian, M
|poke|p1|Forretress, M
|poke|p1|Celebi
|poke|p1|Rotom-Wash
|poke|p1|Hydreigon, M
|poke|p2|Politoed, M
|poke|p2|Gliscor, M
|poke|p2|Kyurem
|poke|p2|Chansey, F
|poke|p2|Tentacruel, M
|poke|p2|Skarmory, F
|rule|Sleep Clause Mod: Limit one foe put to sleep
|rule|Species Clause: Limit one of each Pokemon
|rule|OHKO Clause: OHKO moves are banned
|rule|Moody Clause: Moody is banned
|rule|Evasion Moves Clause: Evasion moves are banned
|rule|Endless Battle Clause: Forcing endless battles is banned.
|rule|HP Percentage Mod: HP is reported as percentages
|teampreview
|chat|Princess Deluks917|gl
|chat|Leotias|gl
|
|start
|switch|p1a: Rotom-Wash|Rotom-Wash|304/304
|switch|p2a: Princess Lyon|Kyurem|404/404
|-ability|p2a: Princess Lyon|Pressure
|turn|1
|join|epic4eternity
|
|move|p2a: Princess Lyon|Substitute|p2a: Princess Lyon
|-start|p2a: Princess Lyon|Substitute
|-damage|p2a: Princess Lyon|303/404
|move|p1a: Rotom-Wash|Volt Switch|p2a: Princess Lyon
|-resisted|p2a: Princess Lyon
|-activate|p2a: Princess Lyon|Substitute|[damage]
|
|switch|p1a: Tyranitar|Tyranitar, F|342/342
|-weather|Sandstorm|[from] ability: Sand Stream|[of] p1a: Tyranitar
|
|-weather|Sandstorm|[upkeep]
|-damage|p2a: Princess Lyon|278/404|[from] sandstorm
|-heal|p2a: Princess Lyon|303/404|[from] item: Leftovers
|turn|2
|
|move|p1a: Tyranitar|Stone Edge|p2a: Princess Lyon
|-supereffective|p2a: Princess Lyon
|-end|p2a: Princess Lyon|Substitute
|move|p2a: Princess Lyon|Earth Power|p1a: Tyranitar
|-supereffective|p1a: Tyranitar
|-damage|p1a: Tyranitar|200/342
|
|-weather|Sandstorm|[upkeep]
|-damage|p2a: Princess Lyon|278/404|[from] sandstorm
|-heal|p2a: Princess Lyon|303/404|[from] item: Leftovers
|turn|3
|join|BasedGodDeoxys
|join|bleve
|leave|BasedGodDeoxys
|
|switch|p1a: Forretress|Forretress, M|354/354
|switch|p2a: Princess Gajeel|Skarmory, F|334/334
|
|-weather|Sandstorm|[upkeep]
|turn|4
|chat|bleve|omg
|chat|bleve|smogon pros
|
|switch|p2a: Tentacruel|Tentacruel, M|364/364
|move|p1a: Forretress|Spikes|p2a: Tentacruel
|-sidestart|p2: Princess Deluks917|Spikes
|
|-weather|Sandstorm|[upkeep]
|-damage|p2a: Tentacruel|342/364|[from] sandstorm
|-heal|p2a: Tentacruel|364/364|[from] item: Leftovers
|turn|5
|chat|Leotias|lol
|
|move|p2a: Tentacruel|Toxic Spikes|p1a: Forretress
|-sidestart|p1: Leotias|move: Toxic Spikes
|move|p1a: Forretress|Volt Switch|p2a: Tentacruel
|-supereffective|p2a: Tentacruel
|-damage|p2a: Tentacruel|310/364
|
|switch|p1a: Hydreigon|Hydreigon, M|325/325
|
|-weather|Sandstorm|[upkeep]
|-damage|p1a: Hydreigon|305/325|[from] sandstorm
|-damage|p2a: Tentacruel|288/364|[from] sandstorm
|-heal|p2a: Tentacruel|310/364|[from] item: Leftovers
|turn|6
|join|Footwing
|
|switch|p2a: Princess Porlyus|Chansey, F|642/642
|-damage|p2a: Princess Porlyus|562/642|[from] Spikes
|move|p1a: Hydreigon|U-turn|p2a: Princess Porlyus
|-damage|p2a: Princess Porlyus|461/642
|-damage|p1a: Hydreigon|273/325|[from] item: Life Orb
|
|switch|p1a: Forretress|Forretress, M|354/354
|
|-weather|Sandstorm|[upkeep]
|-damage|p2a: Princess Porlyus|421/642|[from] sandstorm
|turn|7
|
|switch|p2a: Tentacruel|Tentacruel, M|310/364
|-damage|p2a: Tentacruel|265/364|[from] Spikes
|move|p1a: Forretress|Spikes|p2a: Tentacruel
|-sidestart|p2: Princess Deluks917|Spikes
|
|-weather|Sandstorm|[upkeep]
|-damage|p2a: Tentacruel|243/364|[from] sandstorm
|-heal|p2a: Tentacruel|265/364|[from] item: Leftovers
|turn|8
|
|move|p2a: Tentacruel|Rapid Spin|p1a: Forretress
|-resisted|p1a: Forretress
|-damage|p1a: Forretress|351/354
|-sideend|p2: Princess Deluks917|Spikes|[from] move: Rapid Spin|[of] p2a: Tentacruel
|move|p1a: Forretress|Volt Switch|p2a: Tentacruel
|-supereffective|p2a: Tentacruel
|-damage|p2a: Tentacruel|209/364
|leave|Footwing
|
|switch|p1a: Tyranitar|Tyranitar, F|200/342
|-status|p1a: Tyranitar|psn
|
|-weather|Sandstorm|[upkeep]
|-damage|p2a: Tentacruel|187/364|[from] sandstorm
|-heal|p2a: Tentacruel|209/364|[from] item: Leftovers
|-damage|p1a: Tyranitar|158/342 psn|[from] psn
|turn|9
|join|Ashiemore again
|join|Ah Yueah
|join|ARQUIUSPRITE
|leave|Ashiemore again
|
|move|p2a: Tentacruel|Protect|p2a: Tentacruel
|-singleturn|p2a: Tentacruel|Protect
|move|p1a: Tyranitar|Pursuit|p2a: Tentacruel
|-activate|p2a: Tentacruel|Protect
|
|-weather|Sandstorm|[upkeep]
|-damage|p2a: Tentacruel|187/364|[from] sandstorm
|-heal|p2a: Tentacruel|209/364|[from] item: Leftovers
|-damage|p1a: Tyranitar|116/342 psn|[from] psn
|turn|10
|
|move|p1a: Tyranitar|Pursuit|p2a: Tentacruel
|-damage|p2a: Tentacruel|113/364
|move|p2a: Tentacruel|Scald|p1a: Tyranitar
|-supereffective|p1a: Tyranitar
|-damage|p1a: Tyranitar|2/342 psn
|
|-weather|Sandstorm|[upkeep]
|-damage|p2a: Tentacruel|91/364|[from] sandstorm
|-heal|p2a: Tentacruel|113/364|[from] item: Leftovers
|-damage|p1a: Tyranitar|0 fnt|[from] psn
|faint|p1a: Tyranitar
|chat|bleve|ah yuh
|chat|Ah Yueah|ye
|chat|bleve|halp me make team i wanna use sub split chandy
|
|switch|p1a: Landorus-Therian|Landorus-Therian, M|382/382
|-ability|p1a: Landorus-Therian|Intimidate|[of] p2a: Tentacruel
|-unboost|p2a: Tentacruel|atk|1
|turn|11
|chat|Ah Yueah|with flash fire or infil?
|
|switch|p2a: Princess Juvia|Politoed, M|384/384
|-weather|RainDance|[from] ability: Drizzle|[of] p2a: Princess Juvia
|move|p1a: Landorus-Therian|Stealth Rock|p2a: Princess Juvia
|-sidestart|p2: Princess Deluks917|move: Stealth Rock
|
|-weather|RainDance|[upkeep]
|turn|12
|chat|bleve|haven't decided
|
|switch|p1a: Rotom-Wash|Rotom-Wash|304/304
|move|p2a: Princess Juvia|Scald|p1a: Rotom-Wash
|-resisted|p1a: Rotom-Wash
|-damage|p1a: Rotom-Wash|256/304
|-status|p1a: Rotom-Wash|brn
|
|-weather|RainDance|[upkeep]
|-heal|p1a: Rotom-Wash|275/304 brn|[from] item: Leftovers
|-damage|p1a: Rotom-Wash|237/304 brn|[from] brn
|turn|13
|chat|bleve|flashfire seems better imo
|chat|Princess Deluks917|sub-split pretty great in uu
|chat|bleve|since im running modest
|chat|Princess Deluks917|in gen6
|chat|Princess Deluks917|and also gen5 
|
|move|p2a: Princess Juvia|Protect|p2a: Princess Juvia
|-singleturn|p2a: Princess Juvia|Protect
|move|p1a: Rotom-Wash|Volt Switch|p2a: Princess Juvia
|-activate|p2a: Princess Juvia|Protect
|
|-weather|RainDance|[upkeep]
|-heal|p1a: Rotom-Wash|256/304 brn|[from] item: Leftovers
|-damage|p1a: Rotom-Wash|218/304 brn|[from] brn
|turn|14
|chat|Ah Yueah|I already laddered today with a garbage team 
|chat|bleve|yeah im talking about uu lol
|
|switch|p2a: Princess Cobra|Gliscor, M|353/353
|-damage|p2a: Princess Cobra|309/353|[from] Stealth Rock
|move|p1a: Rotom-Wash|Volt Switch|p2a: Princess Cobra
|-immune|p2a: Princess Cobra|[msg]
|
|-weather|RainDance|[upkeep]
|-heal|p1a: Rotom-Wash|237/304 brn|[from] item: Leftovers
|-damage|p1a: Rotom-Wash|199/304 brn|[from] brn
|-activate|p2a: Princess Cobra|item: Toxic Orb
|-status|p2a: Princess Cobra|tox
|turn|15
|
|move|p2a: Princess Cobra|Substitute|p2a: Princess Cobra
|-start|p2a: Princess Cobra|Substitute
|-damage|p2a: Princess Cobra|221/353 tox
|move|p1a: Rotom-Wash|Hydro Pump|p2a: Princess Cobra|[miss]
|-miss|p1a: Rotom-Wash|p2a: Princess Cobra
|
|-weather|RainDance|[upkeep]
|-heal|p1a: Rotom-Wash|218/304 brn|[from] item: Leftovers
|-heal|p2a: Princess Cobra|265/353 tox|[from] ability: Poison Heal
|-damage|p1a: Rotom-Wash|180/304 brn|[from] brn
|turn|16
|chat|Ah Yueah|modest is standard
|chat|Ah Yueah|on sub split
|chat|bleve|o
|chat|Leotias|gay
|chat|bleve|im nub
|chat|Leotias|af
|chat|Ah Yueah|who the fuck needs speed on that
|
|switch|p1a: Forretress|Forretress, M|351/354
|move|p2a: Princess Cobra|Substitute|p2a: Princess Cobra
|-fail|p2a: Princess Cobra|move: Substitute
|
|-weather|RainDance|[upkeep]
|-heal|p1a: Forretress|354/354|[from] item: Leftovers
|-heal|p2a: Princess Cobra|309/353 tox|[from] ability: Poison Heal
|turn|17
|chat|bleve|rekt latias
|join|danisahne
|
|switch|p2a: Tentacruel|Tentacruel, M|113/364
|-damage|p2a: Tentacruel|68/364|[from] Stealth Rock
|move|p1a: Forretress|Spikes|p2a: Tentacruel
|-sidestart|p2: Princess Deluks917|Spikes
|
|-weather|RainDance|[upkeep]
|-heal|p2a: Tentacruel|90/364|[from] ability: Rain Dish
|-heal|p2a: Tentacruel|112/364|[from] item: Leftovers
|turn|18
|chat|danisahne|princess? u there?
|chat|ARQUIUSPRITE|sub cm chandy imo
|chat|bleve|u manlet
|
|switch|p1a: Landorus-Therian|Landorus-Therian, M|382/382
|-ability|p1a: Landorus-Therian|Intimidate|[of] p2a: Tentacruel
|-unboost|p2a: Tentacruel|atk|1
|move|p2a: Tentacruel|Rapid Spin|p1a: Landorus-Therian
|-damage|p1a: Landorus-Therian|377/382
|-sideend|p2: Princess Deluks917|Spikes|[from] move: Rapid Spin|[of] p2a: Tentacruel
|-sideend|p2: Princess Deluks917|Stealth Rock|[from] move: Rapid Spin|[of] p2a: Tentacruel
|
|-weather|RainDance|[upkeep]
|-heal|p2a: Tentacruel|134/364|[from] ability: Rain Dish
|-heal|p2a: Tentacruel|156/364|[from] item: Leftovers
|-heal|p1a: Landorus-Therian|382/382|[from] item: Leftovers
|turn|19
|
|switch|p2a: Princess Gajeel|Skarmory, F|334/334
|move|p1a: Landorus-Therian|Stealth Rock|p2a: Princess Gajeel
|-sidestart|p2: Princess Deluks917|move: Stealth Rock
|
|-weather|RainDance|[upkeep]
|turn|20
|chat|danisahne|u need one fight to be number 1
|chat|Princess Deluks917|in ou?
|chat|danisahne|yeah^^
|chat|Princess Deluks917|gen6 yeah
|
|move|p1a: Landorus-Therian|U-turn|p2a: Princess Gajeel
|-resisted|p2a: Princess Gajeel
|-damage|p2a: Princess Gajeel|323/334
|
|switch|p1a: Forretress|Forretress, M|354/354
|move|p2a: Princess Gajeel|Spikes|p1a: Forretress
|-sidestart|p1: Leotias|Spikes
|
|-weather|RainDance|[upkeep]
|-heal|p2a: Princess Gajeel|334/334|[from] item: Leftovers
|turn|21
|
|switch|p2a: Tentacruel|Tentacruel, M|156/364
|-damage|p2a: Tentacruel|111/364|[from] Stealth Rock
|move|p1a: Forretress|Volt Switch|p2a: Tentacruel
|-supereffective|p2a: Tentacruel
|-damage|p2a: Tentacruel|59/364
|chat|danisahne|im klefki haters :D
|chat|Princess Deluks917|!!!
|
|switch|p1a: Hydreigon|Hydreigon, M|273/325
|
|-weather|RainDance|[upkeep]
|-heal|p2a: Tentacruel|81/364|[from] ability: Rain Dish
|-heal|p2a: Tentacruel|103/364|[from] item: Leftovers
|turn|22
|chat|Princess Deluks917|1 point ahead!
|
|move|p2a: Tentacruel|Protect|p2a: Tentacruel
|-singleturn|p2a: Tentacruel|Protect
|move|p1a: Hydreigon|Draco Meteor|p2a: Tentacruel
|-activate|p2a: Tentacruel|Protect
|
|-weather|RainDance|[upkeep]
|-heal|p2a: Tentacruel|125/364|[from] ability: Rain Dish
|-heal|p2a: Tentacruel|147/364|[from] item: Leftovers
|turn|23
|
|switch|p2a: Princess Porlyus|Chansey, F|421/642
|-damage|p2a: Princess Porlyus|341/642|[from] Stealth Rock
|move|p1a: Hydreigon|Draco Meteor|p2a: Princess Porlyus
|-damage|p2a: Princess Porlyus|154/642
|-unboost|p1a: Hydreigon|spa|2
|-damage|p1a: Hydreigon|241/325|[from] item: Life Orb
|
|-weather|RainDance|[upkeep]
|turn|24
|
|switch|p1a: Forretress|Forretress, M|354/354
|-damage|p1a: Forretress|310/354|[from] Spikes
|move|p2a: Princess Porlyus|Soft-Boiled|p2a: Princess Porlyus
|-heal|p2a: Princess Porlyus|475/642
|
|-weather|RainDance|[upkeep]
|-heal|p1a: Forretress|332/354|[from] item: Leftovers
|turn|25
|
|move|p2a: Princess Porlyus|Stealth Rock|p1a: Forretress
|-sidestart|p1: Leotias|move: Stealth Rock
|move|p1a: Forretress|Rapid Spin|p2a: Princess Porlyus
|-damage|p2a: Princess Porlyus|457/642
|-sideend|p1: Leotias|Spikes|[from] move: Rapid Spin|[of] p1a: Forretress
|-sideend|p1: Leotias|Toxic Spikes|[from] move: Rapid Spin|[of] p1a: Forretress
|-sideend|p1: Leotias|Stealth Rock|[from] move: Rapid Spin|[of] p1a: Forretress
|
|-weather|RainDance|[upkeep]
|-heal|p1a: Forretress|354/354|[from] item: Leftovers
|turn|26
|chat|danisahne|yeah :P  want to see ur fight :D
|join|marshmallon
|
|move|p2a: Princess Porlyus|Stealth Rock|p1a: Forretress
|-sidestart|p1: Leotias|move: Stealth Rock
|move|p1a: Forretress|Volt Switch|p2a: Princess Porlyus
|-damage|p2a: Princess Porlyus|439/642
|
|switch|p1a: Rotom-Wash|Rotom-Wash|180/304 brn
|-damage|p1a: Rotom-Wash|142/304 brn|[from] Stealth Rock
|
|-weather|RainDance|[upkeep]
|-heal|p1a: Rotom-Wash|161/304 brn|[from] item: Leftovers
|-damage|p1a: Rotom-Wash|123/304 brn|[from] brn
|turn|27
|
|switch|p2a: Princess Lyon|Kyurem|303/404
|-damage|p2a: Princess Lyon|202/404|[from] Stealth Rock
|-ability|p2a: Princess Lyon|Pressure
|move|p1a: Rotom-Wash|Pain Split|p2a: Princess Lyon
|-sethp|p2a: Princess Lyon|162/404|p1a: Rotom-Wash|162/304 brn|[from] move: Pain Split
|
|-weather|RainDance|[upkeep]
|-heal|p2a: Princess Lyon|187/404|[from] item: Leftovers
|-heal|p1a: Rotom-Wash|181/304 brn|[from] item: Leftovers
|-damage|p1a: Rotom-Wash|143/304 brn|[from] brn
|turn|28
|
|move|p2a: Princess Lyon|Substitute|p2a: Princess Lyon
|-start|p2a: Princess Lyon|Substitute
|-damage|p2a: Princess Lyon|86/404
|move|p1a: Rotom-Wash|Will-O-Wisp|p2a: Princess Lyon
|
|-weather|RainDance|[upkeep]
|-heal|p2a: Princess Lyon|111/404|[from] item: Leftovers
|-heal|p1a: Rotom-Wash|162/304 brn|[from] item: Leftovers
|-damage|p1a: Rotom-Wash|124/304 brn|[from] brn
|turn|29
|chat|danisahne|marsh? hast dus schon mitbekommen? :D
|
|move|p2a: Princess Lyon|Roost|p2a: Princess Lyon
|-heal|p2a: Princess Lyon|313/404
|move|p1a: Rotom-Wash|Hydro Pump|p2a: Princess Lyon
|-resisted|p2a: Princess Lyon
|-end|p2a: Princess Lyon|Substitute
|
|-weather|RainDance|[upkeep]
|-heal|p2a: Princess Lyon|338/404|[from] item: Leftovers
|-heal|p1a: Rotom-Wash|143/304 brn|[from] item: Leftovers
|-damage|p1a: Rotom-Wash|105/304 brn|[from] brn
|turn|30
|
|move|p2a: Princess Lyon|Substitute|p2a: Princess Lyon
|-start|p2a: Princess Lyon|Substitute
|-damage|p2a: Princess Lyon|237/404
|move|p1a: Rotom-Wash|Hydro Pump|p2a: Princess Lyon
|-resisted|p2a: Princess Lyon
|-end|p2a: Princess Lyon|Substitute
|
|-weather|RainDance|[upkeep]
|-heal|p2a: Princess Lyon|262/404|[from] item: Leftovers
|-heal|p1a: Rotom-Wash|124/304 brn|[from] item: Leftovers
|-damage|p1a: Rotom-Wash|86/304 brn|[from] brn
|turn|31
|
|move|p2a: Princess Lyon|Substitute|p2a: Princess Lyon
|-start|p2a: Princess Lyon|Substitute
|-damage|p2a: Princess Lyon|161/404
|move|p1a: Rotom-Wash|Hydro Pump|p2a: Princess Lyon
|-crit|p2a: Princess Lyon
|-resisted|p2a: Princess Lyon
|-end|p2a: Princess Lyon|Substitute
|
|-weather|RainDance|[upkeep]
|-heal|p2a: Princess Lyon|186/404|[from] item: Leftovers
|-heal|p1a: Rotom-Wash|105/304 brn|[from] item: Leftovers
|-damage|p1a: Rotom-Wash|67/304 brn|[from] brn
|turn|32
|
|move|p2a: Princess Lyon|Substitute|p2a: Princess Lyon
|-start|p2a: Princess Lyon|Substitute
|-damage|p2a: Princess Lyon|85/404
|move|p1a: Rotom-Wash|Pain Split|p2a: Princess Lyon
|
|-weather|RainDance|[upkeep]
|-heal|p2a: Princess Lyon|110/404|[from] item: Leftovers
|-heal|p1a: Rotom-Wash|86/304 brn|[from] item: Leftovers
|-damage|p1a: Rotom-Wash|48/304 brn|[from] brn
|turn|33
|
|move|p2a: Princess Lyon|Roost|p2a: Princess Lyon
|-heal|p2a: Princess Lyon|312/404
|move|p1a: Rotom-Wash|Hydro Pump|p2a: Princess Lyon
|-resisted|p2a: Princess Lyon
|-end|p2a: Princess Lyon|Substitute
|
|-weather|RainDance|[upkeep]
|-heal|p2a: Princess Lyon|337/404|[from] item: Leftovers
|-heal|p1a: Rotom-Wash|67/304 brn|[from] item: Leftovers
|-damage|p1a: Rotom-Wash|29/304 brn|[from] brn
|turn|34
|
|move|p2a: Princess Lyon|Substitute|p2a: Princess Lyon
|-start|p2a: Princess Lyon|Substitute
|-damage|p2a: Princess Lyon|236/404
|move|p1a: Rotom-Wash|Will-O-Wisp|p2a: Princess Lyon
|
|-weather|RainDance|[upkeep]
|-heal|p2a: Princess Lyon|261/404|[from] item: Leftovers
|-heal|p1a: Rotom-Wash|48/304 brn|[from] item: Leftovers
|-damage|p1a: Rotom-Wash|10/304 brn|[from] brn
|turn|35
|chat|danisahne|wir waren zu zweit in einem account^^
|chat|danisahne|dat lags -,-
|chat|marshmallon|wer?
|chat|marshmallon|D:
|chat|bleve|wow racist
|
|move|p2a: Princess Lyon|Roost|p2a: Princess Lyon
|-heal|p2a: Princess Lyon|404/404
|move|p1a: Rotom-Wash|Pain Split|p2a: Princess Lyon
|
|-weather|RainDance|[upkeep]
|-heal|p1a: Rotom-Wash|29/304 brn|[from] item: Leftovers
|-damage|p1a: Rotom-Wash|0 fnt|[from] brn
|faint|p1a: Rotom-Wash
|chat|danisahne|ich und bluri :D
|
|switch|p1a: Forretress|Forretress, M|354/354
|-damage|p1a: Forretress|310/354|[from] Stealth Rock
|turn|36
|chat|Princess Deluks917|unfortunately too much lag to use timer anymore :(
|
|move|p2a: Princess Lyon|Earth Power|p1a: Forretress
|-damage|p1a: Forretress|139/354
|-unboost|p1a: Forretress|spd|1
|move|p1a: Forretress|Rapid Spin|p2a: Princess Lyon
|-activate|p2a: Princess Lyon|Substitute|[damage]
|-sideend|p1: Leotias|Stealth Rock|[from] move: Rapid Spin|[of] p1a: Forretress
|
|-weather|RainDance|[upkeep]
|-heal|p1a: Forretress|161/354|[from] item: Leftovers
|turn|37
|chat|Ah Yueah|dat german tho
|chat|marshmallon|lol und was ist dann passiert dani?
|
|move|p2a: Princess Lyon|Ice Beam|p1a: Forretress
|-resisted|p1a: Forretress
|-damage|p1a: Forretress|0 fnt
|faint|p1a: Forretress
|
|-weather|RainDance|[upkeep]
|chat|bleve|y u no help
|chat|marshmallon|:o
|chat|ARQUIUSPRITE|ya
|chat|bleve|:(
|chat|ARQUIUSPRITE|am i right germans
|chat|danisahne|^^ dat americans (?)
|chat|danisahne|wir wurden gelocked :D
|chat|marshmallon|yeah
|chat|marshmallon|lol :(
|
|switch|p1a: Celebi|Celebi|404/404
|turn|38
|chat|Ah Yueah|bleve pn me 
|
|move|p2a: Princess Lyon|Ice Beam|p1a: Celebi
|-supereffective|p1a: Celebi
|-damage|p1a: Celebi|150/404
|move|p1a: Celebi|Psychic|p2a: Princess Lyon
|-end|p2a: Princess Lyon|Substitute
|
|-weather|RainDance|[upkeep]
|-heal|p1a: Celebi|175/404|[from] item: Leftovers
|turn|39
|
|move|p2a: Princess Lyon|Ice Beam|p1a: Celebi
|-supereffective|p1a: Celebi
|-damage|p1a: Celebi|0 fnt
|faint|p1a: Celebi
|
|-weather|RainDance|[upkeep]
|chat|danisahne|weil ich vacate gebeten habe mich zu locken XD
|chat|danisahne|dann haben wir ihn aufgeklärt^^
|chat|marshmallon|dani was war eigentlich mit fly los? D.
|
|switch|p1a: Hydreigon|Hydreigon, M|241/325
|turn|40
|chat|marshmallon|aha^^
|chat|Princess Deluks917|speed tie lol
|chat|danisahne|sry that we are talking in ur chat
|
|switch|p2a: Tentacruel|Tentacruel, M|147/364
|-damage|p2a: Tentacruel|102/364|[from] Stealth Rock
|move|p1a: Hydreigon|U-turn|p2a: Tentacruel
|-resisted|p2a: Tentacruel
|-damage|p2a: Tentacruel|53/364
|-damage|p1a: Hydreigon|209/325|[from] item: Life Orb
|
|switch|p1a: Landorus-Therian|Landorus-Therian, M|382/382
|-ability|p1a: Landorus-Therian|Intimidate|[of] p2a: Tentacruel
|-unboost|p2a: Tentacruel|atk|1
|
|-weather|RainDance|[upkeep]
|-heal|p2a: Tentacruel|75/364|[from] ability: Rain Dish
|-heal|p2a: Tentacruel|97/364|[from] item: Leftovers
|turn|41
|
|move|p2a: Tentacruel|Scald|p1a: Landorus-Therian
|-supereffective|p1a: Landorus-Therian
|-damage|p1a: Landorus-Therian|98/382
|-status|p1a: Landorus-Therian|brn
|move|p1a: Landorus-Therian|Earthquake|p2a: Tentacruel
|-supereffective|p2a: Tentacruel
|-damage|p2a: Tentacruel|0 fnt
|faint|p2a: Tentacruel
|
|-weather|RainDance|[upkeep]
|-heal|p1a: Landorus-Therian|121/382 brn|[from] item: Leftovers
|-damage|p1a: Landorus-Therian|74/382 brn|[from] brn
|chat|danisahne|if u want we can talk private
|
|switch|p2a: Princess Cobra|Gliscor, M|309/353 tox
|-damage|p2a: Princess Cobra|265/353 tox|[from] Stealth Rock
|turn|42
|chat|Leotias|dw
|
|move|p2a: Princess Cobra|Substitute|p2a: Princess Cobra
|-start|p2a: Princess Cobra|Substitute
|-damage|p2a: Princess Cobra|177/353 tox
|move|p1a: Landorus-Therian|Hidden Power|p2a: Princess Cobra
|-supereffective|p2a: Princess Cobra
|-end|p2a: Princess Cobra|Substitute
|
|-weather|RainDance|[upkeep]
|-heal|p1a: Landorus-Therian|97/382 brn|[from] item: Leftovers
|-heal|p2a: Princess Cobra|221/353 tox|[from] ability: Poison Heal
|-damage|p1a: Landorus-Therian|50/382 brn|[from] brn
|turn|43
|
|move|p2a: Princess Cobra|Substitute|p2a: Princess Cobra
|-start|p2a: Princess Cobra|Substitute
|-damage|p2a: Princess Cobra|133/353 tox
|move|p1a: Landorus-Therian|Hidden Power|p2a: Princess Cobra
|-supereffective|p2a: Princess Cobra
|-end|p2a: Princess Cobra|Substitute
|
|-weather|RainDance|[upkeep]
|-heal|p1a: Landorus-Therian|73/382 brn|[from] item: Leftovers
|-heal|p2a: Princess Cobra|177/353 tox|[from] ability: Poison Heal
|-damage|p1a: Landorus-Therian|26/382 brn|[from] brn
|turn|44
|
|move|p2a: Princess Cobra|Substitute|p2a: Princess Cobra
|-start|p2a: Princess Cobra|Substitute
|-damage|p2a: Princess Cobra|89/353 tox
|move|p1a: Landorus-Therian|Hidden Power|p2a: Princess Cobra
|-supereffective|p2a: Princess Cobra
|-end|p2a: Princess Cobra|Substitute
|
|-weather|RainDance|[upkeep]
|-heal|p1a: Landorus-Therian|49/382 brn|[from] item: Leftovers
|-heal|p2a: Princess Cobra|133/353 tox|[from] ability: Poison Heal
|-damage|p1a: Landorus-Therian|2/382 brn|[from] brn
|turn|45
|
|switch|p1a: Hydreigon|Hydreigon, M|209/325
|move|p2a: Princess Cobra|Substitute|p2a: Princess Cobra
|-start|p2a: Princess Cobra|Substitute
|-damage|p2a: Princess Cobra|45/353 tox
|
|-weather|RainDance|[upkeep]
|-heal|p2a: Princess Cobra|89/353 tox|[from] ability: Poison Heal
|turn|46
|chat|Leotias|gg
|-message|Leotias forfeited.
|
|win|Princess Deluks917
|raw|Ladder updating...
|leave|Leotias
|player|p1
|raw|Leotias's rating: 1567 &rarr; <strong>1548</strong><br />(-19 for losing)
|raw|Princess Deluks917's rating: 1593 &rarr; <strong>1611</strong><br />(+18 for winning)
|chat|Princess Deluks917|gg
|chat|marshmallon|gg