|j|☆wisco_womble
|j|☆Ghetsis 789
|t:|1598103723
|player|p1|wisco_womble|2|1325
|player|p2|Ghetsis 789|ghetsis|1384
|teamsize|p1|6
|teamsize|p2|6
|gametype|singles
|gen|5
|tier|[Gen 5] OU
|rated|
|clearpoke
|poke|p1|Haxorus, F|item
|poke|p1|Dragonite, F|item
|poke|p1|Garchomp, F|item
|poke|p1|Kyurem-Black|item
|poke|p1|Magnezone|item
|poke|p1|Salamence, F|item
|poke|p2|Weavile, M|item
|poke|p2|Alakazam, M|item
|poke|p2|Jirachi|item
|poke|p2|Salamence, M|item
|poke|p2|Machamp, M|item
|poke|p2|Dragonite, M|item
|rule|Species Clause: Limit one of each Pokémon
|rule|OHKO Clause: OHKO moves are banned
|rule|Moody Clause: Moody is banned
|rule|Evasion Moves Clause: Evasion moves are banned
|rule|Endless Battle Clause: Forcing endless battles is banned
|rule|HP Percentage Mod: HP is shown in percentages
|rule|Evasion Abilities Clause: Evasion abilities are banned
|rule|Baton Pass Clause: Limit one Baton Passer, can't pass Spe and other stats simultaneously
|rule|Sleep Clause: Sleep-inducing moves are banned
|rule|Swagger Clause: Swagger is banned
|teampreview
|
|t:|1598103746
|start
|switch|p1a: Kyurem|Kyurem-Black|100/100
|switch|p2a: Machamp|Machamp, M|100/100
|-ability|p1a: Kyurem|Teravolt
|turn|1
|-activate|p2a: Machamp|item: Quick Claw
|
|t:|1598103755
|move|p2a: Machamp|Dynamic Punch|p1a: Kyurem
|-supereffective|p1a: Kyurem
|-damage|p1a: Kyurem|3/100
|-start|p1a: Kyurem|confusion
|-activate|p1a: Kyurem|confusion
|move|p1a: Kyurem|Outrage|p2a: Machamp
|-damage|p2a: Machamp|0 fnt
|faint|p2a: Machamp
|
|upkeep
|
|t:|1598103782
|switch|p2a: Weavile|Weavile, M|100/100
|-ability|p2a: Weavile|Pressure
|turn|2
|
|t:|1598103788
|move|p2a: Weavile|Ice Shard|p1a: Kyurem
|-damage|p1a: Kyurem|0 fnt
|-damage|p2a: Weavile|91/100|[from] item: Life Orb
|faint|p1a: Kyurem
|
|upkeep
|
|t:|1598103795
|switch|p1a: Haxorus|Haxorus, F, shiny|100/100
|-ability|p1a: Haxorus|Mold Breaker
|turn|3
|
|t:|1598103801
|move|p2a: Weavile|Ice Punch|p1a: Haxorus
|-supereffective|p1a: Haxorus
|-damage|p1a: Haxorus|0 fnt
|-damage|p2a: Weavile|81/100|[from] item: Life Orb
|faint|p1a: Haxorus
|
|upkeep
|
|t:|1598103808
|switch|p1a: Magnezone|Magnezone|100/100
|turn|4
|
|t:|1598103813
|move|p2a: Weavile|Brick Break|p1a: Magnezone
|-supereffective|p1a: Magnezone
|-damage|p1a: Magnezone|32/100
|-damage|p2a: Weavile|71/100|[from] item: Life Orb
|move|p1a: Magnezone|Thunderbolt|p2a: Weavile
|-damage|p2a: Weavile|0 fnt
|faint|p2a: Weavile
|
|-heal|p1a: Magnezone|38/100|[from] item: Leftovers
|upkeep
|
|t:|1598103829
|switch|p2a: Alakazam|Alakazam, M|100/100
|turn|5
|
|t:|1598103833
|move|p2a: Alakazam|Focus Blast|p1a: Magnezone|[miss]
|-miss|p2a: Alakazam|p1a: Magnezone
|move|p1a: Magnezone|Thunderbolt|p2a: Alakazam
|-damage|p2a: Alakazam|22/100
|
|-heal|p1a: Magnezone|44/100|[from] item: Leftovers
|upkeep
|turn|6
|
|t:|1598103843
|move|p2a: Alakazam|Focus Blast|p1a: Magnezone
|-supereffective|p1a: Magnezone
|-damage|p1a: Magnezone|0 fnt
|faint|p1a: Magnezone
|
|upkeep
|j| ChristoF1
|
|t:|1598103850
|switch|p1a: Salamence|Salamence, F|100/100
|turn|7
|
|t:|1598103856
|move|p1a: Salamence|Dragon Claw|p2a: Alakazam
|-damage|p2a: Alakazam|0 fnt
|faint|p2a: Alakazam
|-ability|p1a: Salamence|Moxie|boost
|-boost|p1a: Salamence|atk|1
|
|upkeep
|
|t:|1598103864
|switch|p2a: Salamence|Salamence, M|100/100
|turn|8
|
|t:|1598103869
|move|p2a: Salamence|Outrage|p1a: Salamence
|-supereffective|p1a: Salamence
|-damage|p1a: Salamence|0 fnt
|faint|p1a: Salamence
|-ability|p2a: Salamence|Moxie|boost
|-boost|p2a: Salamence|atk|1
|
|upkeep
|c|☆wisco_womble|boo
|c|☆wisco_womble|you won the tie
|
|t:|1598103877
|switch|p1a: Dragonite|Dragonite, F|100/100
|turn|9
|c|☆wisco_womble|gg
|
|t:|1598103882
|move|p2a: Salamence|Outrage|p1a: Dragonite|[from]lockedmove
|-supereffective|p1a: Dragonite
|-damage|p1a: Dragonite|0 fnt
|faint|p1a: Dragonite
|-ability|p2a: Salamence|Moxie|boost
|-boost|p2a: Salamence|atk|1
|
|upkeep
|
|t:|1598103887
|switch|p1a: Garchomp|Garchomp, F|100/100
|turn|10
|
|t:|1598103892
|move|p2a: Salamence|Outrage|p1a: Garchomp|[from]lockedmove
|-supereffective|p1a: Garchomp
|-damage|p1a: Garchomp|0 fnt
|-damage|p2a: Salamence|88/100|[from] ability: Rough Skin|[of] p1a: Garchomp
|-start|p2a: Salamence|confusion|[fatigue]
|faint|p1a: Garchomp
|
|win|Ghetsis 789
|raw|wisco_womble's rating: 1325 &rarr; <strong>1308</strong><br />(-17 for losing)
|raw|Ghetsis 789's rating: 1384 &rarr; <strong>1400</strong><br />(+16 for winning)
|l|☆wisco_womble
