|join|Jul14n
|join|ahobowithanoboe
|player|p1|Jul14n|#julian
|player|p2|ahobowithanoboe|273
|gametype|singles
|gen|5
|tier|[Gen 5] OU
|rated
|rule|Evasion Abilities Clause: Evasion abilities are banned
|clearpoke
|poke|p1|Breloom, F
|poke|p1|Volcarona, F
|poke|p1|Starmie
|poke|p1|Garchomp, M
|poke|p1|Dragonite, M
|poke|p1|Jirachi
|poke|p2|Hippowdon, F
|poke|p2|Heatran, F
|poke|p2|Jellicent, F
|poke|p2|Ferrothorn, M
|poke|p2|Alakazam, M
|poke|p2|Dragonite, M, shiny
|rule|Sleep Clause Mod: Limit one foe put to sleep
|rule|Species Clause: Limit one of each Pokemon
|rule|OHKO Clause: OHKO moves are banned
|rule|Moody Clause: Moody is banned
|rule|Evasion Moves Clause: Evasion moves are banned
|rule|Endless Battle Clause: Forcing endless battles is banned.
|rule|HP Percentage Mod: HP is reported as percentages
|teampreview
|
|start
|switch|p1a: Breloom|Breloom, F|262/262
|switch|p2a: Confucius say...|Alakazam, M|252/252
|turn|1
|join|Orphic
|join|Nani Man
|
|switch|p1a: Jirachi|Jirachi|341/341
|move|p2a: Confucius say...|Psyshock|p1a: Jirachi
|-resisted|p1a: Jirachi
|-damage|p1a: Jirachi|303/341
|
|turn|2
|chat|Nani Man|orphic-sama
|chat|Nani Man|/me licks orphic
|chat|Nani Man|/me massages orphic
|
|switch|p2a: Chasity Belt|Ferrothorn, M|352/352
|move|p1a: Jirachi|U-turn|p2a: Chasity Belt
|-damage|p2a: Chasity Belt|307/352
|-damage|p1a: Jirachi|261/341|[from] ability: Iron Barbs|[of] p2a: Chasity Belt
|chat|Jul14n|im gonna go after this
|chat|Jul14n|ill be on later :]
|
|switch|p1a: Volcarona|Volcarona, F|311/311
|
|-heal|p2a: Chasity Belt|329/352|[from] item: Leftovers
|turn|3
|chat|Nani Man|ook man :p
|
|switch|p1a: Garchomp|Garchomp, M|357/357
|switch|p2a: Hawt Tranny ;-)|Heatran, F|386/386
|
|turn|4
|
|switch|p2a: SHANIQUA|Hippowdon, F|420/420
|-weather|Sandstorm|[from] ability: Sand Stream|[of] p2a: SHANIQUA
|move|p1a: Garchomp|Stealth Rock|p2a: SHANIQUA
|-sidestart|p2: ahobowithanoboe|move: Stealth Rock
|
|-weather|Sandstorm|[upkeep]
|turn|5
|
|switch|p1a: Starmie|Starmie|261/261
|move|p2a: SHANIQUA|Stealth Rock|p1a: Starmie
|-sidestart|p1: Jul14n|move: Stealth Rock
|
|-weather|Sandstorm|[upkeep]
|-damage|p1a: Starmie|245/261|[from] sandstorm
|turn|6
|
|switch|p2a: Chasity Belt|Ferrothorn, M|329/352
|-damage|p2a: Chasity Belt|307/352|[from] Stealth Rock
|move|p1a: Starmie|Thunderbolt|p2a: Chasity Belt
|-resisted|p2a: Chasity Belt
|-damage|p2a: Chasity Belt|245/352
|-damage|p1a: Starmie|219/261|[from] item: Life Orb
|
|-weather|Sandstorm|[upkeep]
|-damage|p1a: Starmie|203/261|[from] sandstorm
|-heal|p2a: Chasity Belt|267/352|[from] item: Leftovers
|turn|7
|
|move|p1a: Starmie|Rapid Spin|p2a: Chasity Belt
|-resisted|p2a: Chasity Belt
|-damage|p2a: Chasity Belt|262/352
|-damage|p1a: Starmie|171/261|[from] ability: Iron Barbs|[of] p2a: Chasity Belt
|-sideend|p1: Jul14n|Stealth Rock|[from] move: Rapid Spin|[of] p1a: Starmie
|-damage|p1a: Starmie|145/261|[from] item: Life Orb
|move|p2a: Chasity Belt|Spikes|p1a: Starmie
|-sidestart|p1: Jul14n|Spikes
|
|-weather|Sandstorm|[upkeep]
|-damage|p1a: Starmie|129/261|[from] sandstorm
|-heal|p2a: Chasity Belt|284/352|[from] item: Leftovers
|turn|8
|
|switch|p1a: Volcarona|Volcarona, F|311/311
|-damage|p1a: Volcarona|273/311|[from] Spikes
|move|p2a: Chasity Belt|Spikes|p1a: Volcarona
|-sidestart|p1: Jul14n|Spikes
|
|-weather|Sandstorm|[upkeep]
|-damage|p1a: Volcarona|254/311|[from] sandstorm
|-heal|p2a: Chasity Belt|306/352|[from] item: Leftovers
|turn|9
|
|switch|p2a: Squishee|Jellicent, F|404/404
|-damage|p2a: Squishee|354/404|[from] Stealth Rock
|move|p1a: Volcarona|Fiery Dance|p2a: Squishee
|-resisted|p2a: Squishee
|-damage|p2a: Squishee|274/404
|
|-weather|Sandstorm|[upkeep]
|-damage|p1a: Volcarona|235/311|[from] sandstorm
|-damage|p2a: Squishee|249/404|[from] sandstorm
|-heal|p2a: Squishee|274/404|[from] item: Leftovers
|turn|10
|
|move|p1a: Volcarona|Giga Drain|p2a: Squishee
|-supereffective|p2a: Squishee
|-damage|p2a: Squishee|88/404
|-heal|p1a: Volcarona|311/311|[from] drain|[of] p2a: Squishee
|move|p2a: Squishee|Taunt|p1a: Volcarona
|-start|p1a: Volcarona|move: Taunt
|
|-weather|Sandstorm|[upkeep]
|-damage|p1a: Volcarona|292/311|[from] sandstorm
|-damage|p2a: Squishee|63/404|[from] sandstorm
|-heal|p2a: Squishee|88/404|[from] item: Leftovers
|turn|11
|
|switch|p2a: SHANIQUA|Hippowdon, F|420/420
|-damage|p2a: SHANIQUA|394/420|[from] Stealth Rock
|move|p1a: Volcarona|Giga Drain|p2a: SHANIQUA
|-supereffective|p2a: SHANIQUA
|-damage|p2a: SHANIQUA|208/420
|-heal|p1a: Volcarona|311/311|[from] drain|[of] p2a: SHANIQUA
|
|-weather|Sandstorm|[upkeep]
|-damage|p1a: Volcarona|292/311|[from] sandstorm
|-heal|p2a: SHANIQUA|234/420|[from] item: Leftovers
|turn|12
|
|move|p1a: Volcarona|Giga Drain|p2a: SHANIQUA
|-supereffective|p2a: SHANIQUA
|-damage|p2a: SHANIQUA|50/420
|-heal|p1a: Volcarona|311/311|[from] drain|[of] p2a: SHANIQUA
|move|p2a: SHANIQUA|Roar|p1a: Volcarona
|drag|p1a: Jirachi|Jirachi|261/341
|-damage|p1a: Jirachi|205/341|[from] Spikes
|
|-weather|Sandstorm|[upkeep]
|-heal|p2a: SHANIQUA|76/420|[from] item: Leftovers
|turn|13
|
|move|p1a: Jirachi|Trick|p2a: SHANIQUA
|-activate|p1a: Jirachi|move: Trick|[of] p2a: SHANIQUA
|-item|p2a: SHANIQUA|Choice Scarf|[from] move: Trick
|-item|p1a: Jirachi|Leftovers|[from] move: Trick
|move|p2a: SHANIQUA|Slack Off|p2a: SHANIQUA
|-heal|p2a: SHANIQUA|286/420
|
|-weather|Sandstorm|[upkeep]
|-heal|p1a: Jirachi|226/341|[from] item: Leftovers
|turn|14
|
|move|p1a: Jirachi|U-turn|p2a: SHANIQUA
|-crit|p2a: SHANIQUA
|-damage|p2a: SHANIQUA|164/420
|
|switch|p1a: Dragonite|Dragonite, M|323/323
|move|p2a: SHANIQUA|Slack Off|p2a: SHANIQUA
|-heal|p2a: SHANIQUA|374/420
|
|-weather|Sandstorm|[upkeep]
|-damage|p1a: Dragonite|303/323|[from] sandstorm
|-heal|p1a: Dragonite|323/323|[from] item: Leftovers
|turn|15
|
|switch|p2a: Chasity Belt|Ferrothorn, M|306/352
|-damage|p2a: Chasity Belt|284/352|[from] Stealth Rock
|move|p1a: Dragonite|Dragon Dance|p1a: Dragonite
|-boost|p1a: Dragonite|atk|1
|-boost|p1a: Dragonite|spe|1
|
|-weather|Sandstorm|[upkeep]
|-damage|p1a: Dragonite|303/323|[from] sandstorm
|-heal|p1a: Dragonite|323/323|[from] item: Leftovers
|-heal|p2a: Chasity Belt|306/352|[from] item: Leftovers
|turn|16
|
|move|p1a: Dragonite|Fire Punch|p2a: Chasity Belt
|-supereffective|p2a: Chasity Belt
|-damage|p2a: Chasity Belt|0 fnt
|-damage|p1a: Dragonite|283/323|[from] ability: Iron Barbs|[of] p2a: Chasity Belt
|faint|p2a: Chasity Belt
|
|-weather|Sandstorm|[upkeep]
|-damage|p1a: Dragonite|263/323|[from] sandstorm
|-heal|p1a: Dragonite|283/323|[from] item: Leftovers
|
|switch|p2a: Confucius say...|Alakazam, M|252/252
|turn|17
|
|move|p1a: Dragonite|Extreme Speed|p2a: Confucius say...
|-enditem|p2a: Confucius say...|Focus Sash
|-damage|p2a: Confucius say...|1/252
|move|p2a: Confucius say...|Hidden Power|p1a: Dragonite
|-supereffective|p1a: Dragonite
|-damage|p1a: Dragonite|0 fnt
|faint|p1a: Dragonite
|
|-weather|Sandstorm|[upkeep]
|
|switch|p1a: Breloom|Breloom, F|262/262
|-damage|p1a: Breloom|219/262|[from] Spikes
|turn|18
|
|switch|p2a: Puff the mAgIc DrA|Dragonite, M, shiny|386/386
|-damage|p2a: Puff the mAgIc DrA|290/386|[from] Stealth Rock
|move|p1a: Breloom|Mach Punch|p2a: Puff the mAgIc DrA
|-resisted|p2a: Puff the mAgIc DrA
|-damage|p2a: Puff the mAgIc DrA|248/386
|
|-weather|Sandstorm|[upkeep]
|-damage|p1a: Breloom|203/262|[from] sandstorm
|-damage|p2a: Puff the mAgIc DrA|224/386|[from] sandstorm
|-heal|p2a: Puff the mAgIc DrA|248/386|[from] item: Leftovers
|turn|19
|
|move|p1a: Breloom|Low Sweep|p2a: Puff the mAgIc DrA
|-resisted|p2a: Puff the mAgIc DrA
|-damage|p2a: Puff the mAgIc DrA|185/386
|-unboost|p2a: Puff the mAgIc DrA|spe|1
|move|p2a: Puff the mAgIc DrA|Thunder Wave|p1a: Breloom
|-status|p1a: Breloom|par
|
|-weather|Sandstorm|[upkeep]
|-damage|p2a: Puff the mAgIc DrA|161/386|[from] sandstorm
|-damage|p1a: Breloom|187/262 par|[from] sandstorm
|-heal|p2a: Puff the mAgIc DrA|185/386|[from] item: Leftovers
|turn|20
|
|switch|p1a: Starmie|Starmie|129/261
|-damage|p1a: Starmie|86/261|[from] Spikes
|move|p2a: Puff the mAgIc DrA|Roost|p2a: Puff the mAgIc DrA
|-heal|p2a: Puff the mAgIc DrA|378/386
|
|-weather|Sandstorm|[upkeep]
|-damage|p1a: Starmie|70/261|[from] sandstorm
|-damage|p2a: Puff the mAgIc DrA|354/386|[from] sandstorm
|-heal|p2a: Puff the mAgIc DrA|378/386|[from] item: Leftovers
|turn|21
|join|Melimous
|chat|Jul14n|hmmmmmmmm
|
|move|p1a: Starmie|Rapid Spin|p2a: Puff the mAgIc DrA
|-damage|p2a: Puff the mAgIc DrA|366/386
|-sideend|p1: Jul14n|Spikes|[from] move: Rapid Spin|[of] p1a: Starmie
|-damage|p1a: Starmie|44/261|[from] item: Life Orb
|move|p2a: Puff the mAgIc DrA|Dragon Tail|p1a: Starmie
|-damage|p1a: Starmie|0 fnt
|faint|p1a: Starmie
|
|-weather|Sandstorm|[upkeep]
|-damage|p2a: Puff the mAgIc DrA|342/386|[from] sandstorm
|-heal|p2a: Puff the mAgIc DrA|366/386|[from] item: Leftovers
|chat|Melimous|Am going to touch u
|join|Jokole
|
|switch|p1a: Garchomp|Garchomp, M|357/357
|turn|22
|
|switch|p2a: SHANIQUA|Hippowdon, F|374/420
|-damage|p2a: SHANIQUA|348/420|[from] Stealth Rock
|move|p1a: Garchomp|Outrage|p2a: SHANIQUA
|-damage|p2a: SHANIQUA|173/420
|
|-weather|Sandstorm|[upkeep]
|turn|23
|
|move|p1a: Garchomp|Outrage|p2a: SHANIQUA
|-damage|p2a: SHANIQUA|0 fnt
|faint|p2a: SHANIQUA
|
|-weather|Sandstorm|[upkeep]
|
|switch|p2a: Hawt Tranny ;-)|Heatran, F|386/386
|-damage|p2a: Hawt Tranny ;-)|338/386|[from] Stealth Rock
|turn|24
|
|move|p1a: Garchomp|Outrage|p2a: Hawt Tranny ;-)
|-resisted|p2a: Hawt Tranny ;-)
|-damage|p2a: Hawt Tranny ;-)|244/386
|move|p2a: Hawt Tranny ;-)|Substitute|p2a: Hawt Tranny ;-)
|-start|p2a: Hawt Tranny ;-)|Substitute
|-damage|p2a: Hawt Tranny ;-)|148/386
|
|-end|p1a: Garchomp|rampage
|-start|p1a: Garchomp|confusion
|-weather|Sandstorm|[upkeep]
|-heal|p2a: Hawt Tranny ;-)|172/386|[from] item: Leftovers
|turn|25
|
|switch|p1a: Jirachi|Jirachi|226/341
|move|p2a: Hawt Tranny ;-)|Toxic|p1a: Jirachi
|-fail|p1a: Jirachi
|
|-weather|Sandstorm|[upkeep]
|-heal|p1a: Jirachi|247/341|[from] item: Leftovers
|-heal|p2a: Hawt Tranny ;-)|196/386|[from] item: Leftovers
|turn|26
|
|move|p1a: Jirachi|Iron Head|p2a: Hawt Tranny ;-)
|-resisted|p2a: Hawt Tranny ;-)
|-activate|p2a: Hawt Tranny ;-)|Substitute|[damage]
|move|p2a: Hawt Tranny ;-)|Lava Plume|p1a: Jirachi
|-supereffective|p1a: Jirachi
|-damage|p1a: Jirachi|0 fnt
|faint|p1a: Jirachi
|
|-weather|Sandstorm|[upkeep]
|-heal|p2a: Hawt Tranny ;-)|220/386|[from] item: Leftovers
|join|Dystonia
|leave|Dystonia
|
|switch|p1a: Garchomp|Garchomp, M|357/357
|turn|27
|join|Dystonia
|
|move|p1a: Garchomp|Earthquake|p2a: Hawt Tranny ;-)
|-supereffective|p2a: Hawt Tranny ;-)
|-end|p2a: Hawt Tranny ;-)|Substitute
|move|p2a: Hawt Tranny ;-)|Toxic|p1a: Garchomp
|-status|p1a: Garchomp|tox
|
|-weather|Sandstorm|[upkeep]
|-heal|p2a: Hawt Tranny ;-)|244/386|[from] item: Leftovers
|-damage|p1a: Garchomp|335/357 tox|[from] psn
|turn|28
|join|Amonev
|
|switch|p2a: Puff the mAgIc DrA|Dragonite, M, shiny|366/386
|-damage|p2a: Puff the mAgIc DrA|270/386|[from] Stealth Rock
|move|p1a: Garchomp|Earthquake|p2a: Puff the mAgIc DrA
|-immune|p2a: Puff the mAgIc DrA|[msg]
|
|-weather|Sandstorm|[upkeep]
|-damage|p2a: Puff the mAgIc DrA|246/386|[from] sandstorm
|-heal|p2a: Puff the mAgIc DrA|270/386|[from] item: Leftovers
|-damage|p1a: Garchomp|291/357 tox|[from] psn
|turn|29
|leave|Amonev
|
|switch|p2a: Hawt Tranny ;-)|Heatran, F|244/386
|-damage|p2a: Hawt Tranny ;-)|196/386|[from] Stealth Rock
|move|p1a: Garchomp|Outrage|p2a: Hawt Tranny ;-)
|-resisted|p2a: Hawt Tranny ;-)
|-damage|p2a: Hawt Tranny ;-)|100/386
|
|-weather|Sandstorm|[upkeep]
|-heal|p2a: Hawt Tranny ;-)|124/386|[from] item: Leftovers
|-damage|p1a: Garchomp|225/357 tox|[from] psn
|turn|30
|chat|Jul14n|so obvious
|
|move|p1a: Garchomp|Outrage|p2a: Hawt Tranny ;-)
|-resisted|p2a: Hawt Tranny ;-)
|-damage|p2a: Hawt Tranny ;-)|14/386
|move|p2a: Hawt Tranny ;-)|Lava Plume|p1a: Garchomp
|-resisted|p1a: Garchomp
|-damage|p1a: Garchomp|144/357 tox
|
|-weather|Sandstorm|[upkeep]
|-heal|p2a: Hawt Tranny ;-)|38/386|[from] item: Leftovers
|-damage|p1a: Garchomp|56/357 tox|[from] psn
|turn|31
|
|move|p1a: Garchomp|Outrage|p2a: Hawt Tranny ;-)
|-resisted|p2a: Hawt Tranny ;-)
|-damage|p2a: Hawt Tranny ;-)|0 fnt
|faint|p2a: Hawt Tranny ;-)
|
|-end|p1a: Garchomp|rampage
|-start|p1a: Garchomp|confusion
|-weather|Sandstorm|[upkeep]
|-damage|p1a: Garchomp|0 fnt|[from] psn
|faint|p1a: Garchomp
|
|switch|p2a: Puff the mAgIc DrA|Dragonite, M, shiny|270/386
|-damage|p2a: Puff the mAgIc DrA|174/386|[from] Stealth Rock
|switch|p1a: Breloom|Breloom, F|187/262 par
|turn|32
|
|move|p2a: Puff the mAgIc DrA|Substitute|p2a: Puff the mAgIc DrA
|-start|p2a: Puff the mAgIc DrA|Substitute
|-damage|p2a: Puff the mAgIc DrA|78/386
|cant|p1a: Breloom|par
|
|-weather|Sandstorm|[upkeep]
|-damage|p2a: Puff the mAgIc DrA|54/386|[from] sandstorm
|-damage|p1a: Breloom|171/262 par|[from] sandstorm
|-heal|p2a: Puff the mAgIc DrA|78/386|[from] item: Leftovers
|turn|33
|
|move|p2a: Puff the mAgIc DrA|Roost|p2a: Puff the mAgIc DrA
|-heal|p2a: Puff the mAgIc DrA|271/386
|move|p1a: Breloom|Low Sweep|p2a: Puff the mAgIc DrA
|-end|p2a: Puff the mAgIc DrA|Substitute
|
|-weather|Sandstorm|[upkeep]
|-damage|p2a: Puff the mAgIc DrA|247/386|[from] sandstorm
|-damage|p1a: Breloom|155/262 par|[from] sandstorm
|-heal|p2a: Puff the mAgIc DrA|271/386|[from] item: Leftovers
|turn|34
|
|move|p2a: Puff the mAgIc DrA|Substitute|p2a: Puff the mAgIc DrA
|-start|p2a: Puff the mAgIc DrA|Substitute
|-damage|p2a: Puff the mAgIc DrA|175/386
|move|p1a: Breloom|Low Sweep|p2a: Puff the mAgIc DrA
|-resisted|p2a: Puff the mAgIc DrA
|-activate|p2a: Puff the mAgIc DrA|Substitute|[damage]
|
|-weather|Sandstorm|[upkeep]
|-damage|p2a: Puff the mAgIc DrA|151/386|[from] sandstorm
|-damage|p1a: Breloom|139/262 par|[from] sandstorm
|-heal|p2a: Puff the mAgIc DrA|175/386|[from] item: Leftovers
|turn|35
|chat|Orphic|oh no
|
|move|p2a: Puff the mAgIc DrA|Roost|p2a: Puff the mAgIc DrA
|-heal|p2a: Puff the mAgIc DrA|368/386
|move|p1a: Breloom|Low Sweep|p2a: Puff the mAgIc DrA
|-end|p2a: Puff the mAgIc DrA|Substitute
|
|-weather|Sandstorm|[upkeep]
|-damage|p2a: Puff the mAgIc DrA|344/386|[from] sandstorm
|-damage|p1a: Breloom|123/262 par|[from] sandstorm
|-heal|p2a: Puff the mAgIc DrA|368/386|[from] item: Leftovers
|turn|36
|chat|Orphic|youve lost
|
|move|p2a: Puff the mAgIc DrA|Substitute|p2a: Puff the mAgIc DrA
|-start|p2a: Puff the mAgIc DrA|Substitute
|-damage|p2a: Puff the mAgIc DrA|272/386
|move|p1a: Breloom|Low Sweep|p2a: Puff the mAgIc DrA
|-resisted|p2a: Puff the mAgIc DrA
|-activate|p2a: Puff the mAgIc DrA|Substitute|[damage]
|
|-weather|Sandstorm|[upkeep]
|-damage|p2a: Puff the mAgIc DrA|248/386|[from] sandstorm
|-damage|p1a: Breloom|107/262 par|[from] sandstorm
|-heal|p2a: Puff the mAgIc DrA|272/386|[from] item: Leftovers
|turn|37
|leave|Dystonia
|
|move|p2a: Puff the mAgIc DrA|Roost|p2a: Puff the mAgIc DrA
|-heal|p2a: Puff the mAgIc DrA|386/386
|move|p1a: Breloom|Low Sweep|p2a: Puff the mAgIc DrA
|-end|p2a: Puff the mAgIc DrA|Substitute
|
|-weather|Sandstorm|[upkeep]
|-damage|p2a: Puff the mAgIc DrA|362/386|[from] sandstorm
|-damage|p1a: Breloom|91/262 par|[from] sandstorm
|-heal|p2a: Puff the mAgIc DrA|386/386|[from] item: Leftovers
|turn|38
|chat|ahobowithanoboe|quite a painful death
|
|move|p2a: Puff the mAgIc DrA|Substitute|p2a: Puff the mAgIc DrA
|-start|p2a: Puff the mAgIc DrA|Substitute
|-damage|p2a: Puff the mAgIc DrA|290/386
|move|p1a: Breloom|Low Sweep|p2a: Puff the mAgIc DrA
|-resisted|p2a: Puff the mAgIc DrA
|-activate|p2a: Puff the mAgIc DrA|Substitute|[damage]
|
|-weather|Sandstorm|[upkeep]
|-damage|p2a: Puff the mAgIc DrA|266/386|[from] sandstorm
|-damage|p1a: Breloom|75/262 par|[from] sandstorm
|-heal|p2a: Puff the mAgIc DrA|290/386|[from] item: Leftovers
|turn|39
|
|move|p1a: Breloom|Mach Punch|p2a: Puff the mAgIc DrA
|-resisted|p2a: Puff the mAgIc DrA
|-end|p2a: Puff the mAgIc DrA|Substitute
|move|p2a: Puff the mAgIc DrA|Dragon Tail|p1a: Breloom
|-damage|p1a: Breloom|0 fnt
|faint|p1a: Breloom
|
|-weather|Sandstorm|[upkeep]
|-damage|p2a: Puff the mAgIc DrA|266/386|[from] sandstorm
|-heal|p2a: Puff the mAgIc DrA|290/386|[from] item: Leftovers
|
|switch|p1a: Volcarona|Volcarona, F|311/311
|turn|40
|
|move|p1a: Volcarona|Quiver Dance|p1a: Volcarona
|-boost|p1a: Volcarona|spa|1
|-boost|p1a: Volcarona|spd|1
|-boost|p1a: Volcarona|spe|1
|move|p2a: Puff the mAgIc DrA|Thunder Wave|p1a: Volcarona
|-status|p1a: Volcarona|par
|-enditem|p1a: Volcarona|Lum Berry|[eat]
|-curestatus|p1a: Volcarona|par
|
|-weather|Sandstorm|[upkeep]
|-damage|p1a: Volcarona|292/311|[from] sandstorm
|-damage|p2a: Puff the mAgIc DrA|266/386|[from] sandstorm
|-heal|p2a: Puff the mAgIc DrA|290/386|[from] item: Leftovers
|turn|41
|
|move|p1a: Volcarona|Fiery Dance|p2a: Puff the mAgIc DrA
|-resisted|p2a: Puff the mAgIc DrA
|-damage|p2a: Puff the mAgIc DrA|173/386
|-boost|p1a: Volcarona|spa|1
|move|p2a: Puff the mAgIc DrA|Thunder Wave|p1a: Volcarona
|-status|p1a: Volcarona|par
|
|-weather|Sandstorm|[upkeep]
|-damage|p2a: Puff the mAgIc DrA|149/386|[from] sandstorm
|-damage|p1a: Volcarona|273/311 par|[from] sandstorm
|-heal|p2a: Puff the mAgIc DrA|173/386|[from] item: Leftovers
|turn|42
|
|move|p2a: Puff the mAgIc DrA|Roost|p2a: Puff the mAgIc DrA
|-heal|p2a: Puff the mAgIc DrA|366/386
|cant|p1a: Volcarona|par
|
|-weather|Sandstorm|[upkeep]
|-damage|p2a: Puff the mAgIc DrA|342/386|[from] sandstorm
|-damage|p1a: Volcarona|254/311 par|[from] sandstorm
|-heal|p2a: Puff the mAgIc DrA|366/386|[from] item: Leftovers
|turn|43
|chat|Jul14n|i bug buzzed
|
|move|p2a: Puff the mAgIc DrA|Substitute|p2a: Puff the mAgIc DrA
|-start|p2a: Puff the mAgIc DrA|Substitute
|-damage|p2a: Puff the mAgIc DrA|270/386
|move|p1a: Volcarona|Bug Buzz|p2a: Puff the mAgIc DrA
|-resisted|p2a: Puff the mAgIc DrA
|-end|p2a: Puff the mAgIc DrA|Substitute
|
|-weather|Sandstorm|[upkeep]
|-damage|p2a: Puff the mAgIc DrA|246/386|[from] sandstorm
|-damage|p1a: Volcarona|235/311 par|[from] sandstorm
|-heal|p2a: Puff the mAgIc DrA|270/386|[from] item: Leftovers
|turn|44
|
|move|p2a: Puff the mAgIc DrA|Substitute|p2a: Puff the mAgIc DrA
|-start|p2a: Puff the mAgIc DrA|Substitute
|-damage|p2a: Puff the mAgIc DrA|174/386
|cant|p1a: Volcarona|par
|
|-weather|Sandstorm|[upkeep]
|-damage|p2a: Puff the mAgIc DrA|150/386|[from] sandstorm
|-damage|p1a: Volcarona|216/311 par|[from] sandstorm
|-heal|p2a: Puff the mAgIc DrA|174/386|[from] item: Leftovers
|turn|45
|
|move|p2a: Puff the mAgIc DrA|Roost|p2a: Puff the mAgIc DrA
|-heal|p2a: Puff the mAgIc DrA|367/386
|move|p1a: Volcarona|Fiery Dance|p2a: Puff the mAgIc DrA
|-resisted|p2a: Puff the mAgIc DrA
|-end|p2a: Puff the mAgIc DrA|Substitute
|
|-weather|Sandstorm|[upkeep]
|-damage|p2a: Puff the mAgIc DrA|343/386|[from] sandstorm
|-damage|p1a: Volcarona|197/311 par|[from] sandstorm
|-heal|p2a: Puff the mAgIc DrA|367/386|[from] item: Leftovers
|turn|46
|
|move|p2a: Puff the mAgIc DrA|Roost|p2a: Puff the mAgIc DrA
|-heal|p2a: Puff the mAgIc DrA|386/386
|cant|p1a: Volcarona|par
|
|-weather|Sandstorm|[upkeep]
|-damage|p2a: Puff the mAgIc DrA|362/386|[from] sandstorm
|-damage|p1a: Volcarona|178/311 par|[from] sandstorm
|-heal|p2a: Puff the mAgIc DrA|386/386|[from] item: Leftovers
|turn|47
|
|move|p2a: Puff the mAgIc DrA|Substitute|p2a: Puff the mAgIc DrA
|-start|p2a: Puff the mAgIc DrA|Substitute
|-damage|p2a: Puff the mAgIc DrA|290/386
|move|p1a: Volcarona|Fiery Dance|p2a: Puff the mAgIc DrA
|-crit|p2a: Puff the mAgIc DrA
|-resisted|p2a: Puff the mAgIc DrA
|-end|p2a: Puff the mAgIc DrA|Substitute
|
|-weather|Sandstorm|[upkeep]
|-damage|p2a: Puff the mAgIc DrA|266/386|[from] sandstorm
|-damage|p1a: Volcarona|159/311 par|[from] sandstorm
|-heal|p2a: Puff the mAgIc DrA|290/386|[from] item: Leftovers
|turn|48
|
|move|p2a: Puff the mAgIc DrA|Substitute|p2a: Puff the mAgIc DrA
|-start|p2a: Puff the mAgIc DrA|Substitute
|-damage|p2a: Puff the mAgIc DrA|194/386
|cant|p1a: Volcarona|par
|
|-weather|Sandstorm|[upkeep]
|-damage|p2a: Puff the mAgIc DrA|170/386|[from] sandstorm
|-damage|p1a: Volcarona|140/311 par|[from] sandstorm
|-heal|p2a: Puff the mAgIc DrA|194/386|[from] item: Leftovers
|turn|49
|
|move|p2a: Puff the mAgIc DrA|Roost|p2a: Puff the mAgIc DrA
|-heal|p2a: Puff the mAgIc DrA|386/386
|cant|p1a: Volcarona|par
|
|-weather|Sandstorm|[upkeep]
|-damage|p2a: Puff the mAgIc DrA|362/386|[from] sandstorm
|-damage|p1a: Volcarona|121/311 par|[from] sandstorm
|-heal|p2a: Puff the mAgIc DrA|386/386|[from] item: Leftovers
|turn|50
|chat|Jul14n|fuck me
|
|move|p1a: Volcarona|Quiver Dance|p1a: Volcarona
|-boost|p1a: Volcarona|spa|1
|-boost|p1a: Volcarona|spd|1
|-boost|p1a: Volcarona|spe|1
|move|p2a: Puff the mAgIc DrA|Dragon Tail|p1a: Volcarona
|-damage|p1a: Volcarona|0 fnt
|faint|p1a: Volcarona
|
|win|ahobowithanoboe
|raw|Ladder updating...
|raw|Jul14n's rating: 1579 &rarr; <strong>1547</strong><br />(-32 for losing)
|raw|ahobowithanoboe's rating: 1336 &rarr; <strong>1368</strong><br />(+32 for winning)
|chat|ahobowithanoboe|gg
|chat|Jul14n|misslcik
|chat|Jul14n|bye guys