|j|☆leoperi99
|j|☆scanners
|t:|1707828154
|gametype|singles
|player|p1|leoperi99|wallace-masters|1439
|player|p2|scanners|policeman|1476
|teamsize|p1|6
|teamsize|p2|6
|gen|5
|tier|[Gen 5] OU
|rated|
|rule|Species Clause: Limit one of each Pokémon
|rule|OHKO Clause: OHKO moves are banned
|rule|Moody Clause: Moody is banned
|rule|Evasion Items Clause: Evasion items are banned
|rule|Evasion Moves Clause: Evasion moves are banned
|rule|Endless Battle Clause: Forcing endless battles is banned
|rule|HP Percentage Mod: HP is shown in percentages
|rule|Evasion Abilities Clause: Evasion abilities are banned
|rule|Sleep Moves Clause: Sleep-inducing moves are banned
|rule|Swagger Clause: Swagger is banned
|rule|Baton Pass Stat Clause: No Baton Passer may have a way to boost its stats
|clearpoke
|poke|p1|Hippowdon, F|item
|poke|p1|Clefable, M|item
|poke|p1|Bronzong|item
|poke|p1|Skarmory, M|item
|poke|p1|Latios, M|item
|poke|p1|Reuniclus, F|item
|poke|p2|Alakazam, F|item
|poke|p2|Skarmory, F|item
|poke|p2|Reuniclus, F|item
|poke|p2|Jellicent, F|item
|poke|p2|Tyranitar, F|item
|poke|p2|Mamoswine, F|item
|teampreview
|inactive|Battle timer is ON: inactive players will automatically lose when time's up. (requested by scanners)
|inactive|leoperi99 has 120 seconds left.
|inactive|leoperi99 has 90 seconds left.
|
|t:|1707828214
|start
|switch|p1a: Hippowdon|Hippowdon, F, shiny|100/100
|switch|p2a: Skarmory|Skarmory, F|100/100
|-weather|Sandstorm|[from] ability: Sand Stream|[of] p1a: Hippowdon
|turn|1
|
|t:|1707828223
|move|p2a: Skarmory|Taunt|p1a: Hippowdon
|-start|p1a: Hippowdon|move: Taunt
|cant|p1a: Hippowdon|move: Taunt|Stealth Rock
|
|-weather|Sandstorm|[upkeep]
|upkeep
|turn|2
|
|t:|1707828229
|switch|p1a: Clefable|Clefable, M, shiny|100/100
|move|p2a: Skarmory|Stealth Rock|p1a: Clefable
|-sidestart|p1: leoperi99|move: Stealth Rock
|
|-weather|Sandstorm|[upkeep]
|upkeep
|turn|3
|inactive|scanners has 120 seconds left.
|
|t:|1707828267
|move|p2a: Skarmory|Spikes|p1a: Clefable
|-sidestart|p1: leoperi99|Spikes
|move|p1a: Clefable|Knock Off|p2a: Skarmory
|-resisted|p2a: Skarmory
|-crit|p2a: Skarmory
|-damage|p2a: Skarmory|98/100
|-enditem|p2a: Skarmory|Custap Berry|[from] move: Knock Off|[of] p1a: Clefable
|
|-weather|Sandstorm|[upkeep]
|upkeep
|turn|4
|
|t:|1707828271
|move|p2a: Skarmory|Taunt|p1a: Clefable
|-start|p1a: Clefable|move: Taunt
|cant|p1a: Clefable|move: Taunt|Thunder Wave
|
|-weather|Sandstorm|[upkeep]
|upkeep
|turn|5
|
|t:|1707828276
|move|p1a: Clefable|Seismic Toss|p2a: Skarmory
|-damage|p2a: Skarmory|68/100
|move|p2a: Skarmory|Whirlwind|p1a: Clefable
|drag|p1a: Latios|Latios, M, shiny|100/100
|-damage|p1a: Latios|88/100|[from] Stealth Rock
|
|-weather|Sandstorm|[upkeep]
|-damage|p1a: Latios|82/100|[from] Sandstorm
|upkeep
|turn|6
|
|t:|1707828281
|move|p1a: Latios|Hidden Power|p2a: Skarmory
|-supereffective|p2a: Skarmory
|-damage|p2a: Skarmory|0 fnt
|faint|p2a: Skarmory
|
|-weather|Sandstorm|[upkeep]
|-damage|p1a: Latios|76/100|[from] Sandstorm
|upkeep
|
|t:|1707828283
|switch|p2a: Tyranitar|Tyranitar, F|100/100
|turn|7
|
|t:|1707828287
|-activate|p1a: Latios|move: Pursuit
|move|p2a: Tyranitar|Pursuit|p1a: Latios|[from]Pursuit
|-supereffective|p1a: Latios
|-enditem|p1a: Latios|Colbur Berry|[eat]
|-enditem|p1a: Latios|Colbur Berry|[weaken]
|-damage|p1a: Latios|15/100
|switch|p1a: Hippowdon|Hippowdon, F, shiny|100/100
|-damage|p1a: Hippowdon|94/100|[from] Stealth Rock
|-damage|p1a: Hippowdon|82/100|[from] Spikes
|
|-weather|Sandstorm|[upkeep]
|-heal|p1a: Hippowdon|88/100|[from] item: Leftovers
|upkeep
|turn|8
|
|t:|1707828297
|switch|p2a: Mamoswine|Mamoswine, F|100/100
|move|p1a: Hippowdon|Stealth Rock|p2a: Mamoswine
|-sidestart|p2: scanners|move: Stealth Rock
|
|-weather|Sandstorm|[upkeep]
|-heal|p1a: Hippowdon|94/100|[from] item: Leftovers
|upkeep
|turn|9
|
|t:|1707828300
|switch|p1a: Bronzong|Bronzong, shiny|100/100
|-damage|p1a: Bronzong|94/100|[from] Stealth Rock
|move|p2a: Mamoswine|Icicle Crash|p1a: Bronzong
|-resisted|p1a: Bronzong
|-damage|p1a: Bronzong|70/100
|
|-weather|Sandstorm|[upkeep]
|-heal|p1a: Bronzong|77/100|[from] item: Leftovers
|upkeep
|turn|10
|
|t:|1707828308
|switch|p2a: Jellicent|Jellicent, F|100/100
|-damage|p2a: Jellicent|88/100|[from] Stealth Rock
|-item|p2a: Jellicent|Air Balloon
|move|p1a: Bronzong|Toxic|p2a: Jellicent
|-status|p2a: Jellicent|tox
|
|-weather|Sandstorm|[upkeep]
|-damage|p2a: Jellicent|82/100 tox|[from] Sandstorm
|-heal|p1a: Bronzong|83/100|[from] item: Leftovers
|-damage|p2a: Jellicent|76/100 tox|[from] psn
|upkeep
|turn|11
|
|t:|1707828315
|switch|p2a: Mamoswine|Mamoswine, F|100/100
|-damage|p2a: Mamoswine|88/100|[from] Stealth Rock
|move|p1a: Bronzong|Protect||[still]
|-fail|p1a: Bronzong
|
|-weather|Sandstorm|[upkeep]
|-heal|p1a: Bronzong|89/100|[from] item: Leftovers
|upkeep
|turn|12
|
|t:|1707828319
|switch|p2a: Jellicent|Jellicent, F|76/100 tox
|-damage|p2a: Jellicent|63/100 tox|[from] Stealth Rock
|-item|p2a: Jellicent|Air Balloon
|move|p1a: Bronzong|Gyro Ball|p2a: Jellicent
|-resisted|p2a: Jellicent
|-damage|p2a: Jellicent|55/100 tox
|-enditem|p2a: Jellicent|Air Balloon
|
|-weather|Sandstorm|[upkeep]
|-damage|p2a: Jellicent|49/100 tox|[from] Sandstorm
|-heal|p1a: Bronzong|95/100|[from] item: Leftovers
|-damage|p2a: Jellicent|43/100 tox|[from] psn
|upkeep
|turn|13
|
|t:|1707828330
|switch|p1a: Reuniclus|Reuniclus, F, shiny|100/100
|move|p2a: Jellicent|Recover|p2a: Jellicent
|-heal|p2a: Jellicent|93/100 tox
|
|-weather|Sandstorm|[upkeep]
|-damage|p2a: Jellicent|87/100 tox|[from] Sandstorm
|-damage|p2a: Jellicent|75/100 tox|[from] psn
|upkeep
|turn|14
|
|t:|1707828334
|switch|p2a: Tyranitar|Tyranitar, F|100/100
|-damage|p2a: Tyranitar|88/100|[from] Stealth Rock
|move|p1a: Reuniclus|Calm Mind|p1a: Reuniclus
|-boost|p1a: Reuniclus|spa|1
|-boost|p1a: Reuniclus|spd|1
|
|-weather|Sandstorm|[upkeep]
|upkeep
|turn|15
|
|t:|1707828336
|move|p2a: Tyranitar|Crunch|p1a: Reuniclus
|-supereffective|p1a: Reuniclus
|-damage|p1a: Reuniclus|44/100
|move|p1a: Reuniclus|Signal Beam|p2a: Tyranitar
|-supereffective|p2a: Tyranitar
|-crit|p2a: Tyranitar
|-damage|p2a: Tyranitar|0 fnt
|faint|p2a: Tyranitar
|
|-weather|Sandstorm|[upkeep]
|upkeep
|
|t:|1707828339
|switch|p2a: Alakazam|Alakazam, F|100/100
|turn|16
|
|t:|1707828353
|move|p2a: Alakazam|Signal Beam|p1a: Reuniclus
|-supereffective|p1a: Reuniclus
|-damage|p1a: Reuniclus|0 fnt
|faint|p1a: Reuniclus
|
|-weather|Sandstorm|[upkeep]
|upkeep
|
|t:|1707828359
|switch|p1a: Bronzong|Bronzong, shiny|95/100
|-damage|p1a: Bronzong|89/100|[from] Stealth Rock
|turn|17
|
|t:|1707828361
|switch|p2a: Jellicent|Jellicent, F|75/100 tox
|-damage|p2a: Jellicent|62/100 tox|[from] Stealth Rock
|move|p1a: Bronzong|Gyro Ball|p2a: Jellicent
|-resisted|p2a: Jellicent
|-damage|p2a: Jellicent|54/100 tox
|
|-weather|Sandstorm|[upkeep]
|-damage|p2a: Jellicent|48/100 tox|[from] Sandstorm
|-heal|p1a: Bronzong|95/100|[from] item: Leftovers
|-damage|p2a: Jellicent|42/100 tox|[from] psn
|upkeep
|turn|18
|
|t:|1707828368
|switch|p1a: Skarmory|Skarmory, M, shiny|100/100
|-damage|p1a: Skarmory|88/100|[from] Stealth Rock
|move|p2a: Jellicent|Recover|p2a: Jellicent
|-heal|p2a: Jellicent|92/100 tox
|
|-weather|Sandstorm|[upkeep]
|-damage|p2a: Jellicent|86/100 tox|[from] Sandstorm
|-damage|p2a: Jellicent|73/100 tox|[from] psn
|upkeep
|turn|19
|
|t:|1707828371
|move|p1a: Skarmory|Spikes|p2a: Jellicent
|-sidestart|p2: scanners|Spikes
|move|p2a: Jellicent|Scald|p1a: Skarmory
|-damage|p1a: Skarmory|54/100
|
|-weather|Sandstorm|[upkeep]
|-damage|p2a: Jellicent|67/100 tox|[from] Sandstorm
|-damage|p2a: Jellicent|49/100 tox|[from] psn
|upkeep
|turn|20
|
|t:|1707828375
|move|p2a: Jellicent|Magic Coat|p2a: Jellicent
|-singleturn|p2a: Jellicent|move: Magic Coat
|move|p1a: Skarmory|Roost|p1a: Skarmory
|-heal|p1a: Skarmory|100/100
|-singleturn|p1a: Skarmory|move: Roost
|
|-weather|Sandstorm|[upkeep]
|-damage|p2a: Jellicent|42/100 tox|[from] Sandstorm
|-damage|p2a: Jellicent|18/100 tox|[from] psn
|upkeep
|turn|21
|
|t:|1707828379
|move|p1a: Skarmory|Brave Bird|p2a: Jellicent
|-damage|p2a: Jellicent|0 fnt
|faint|p2a: Jellicent
|-damage|p1a: Skarmory|94/100|[from] Recoil
|
|-weather|Sandstorm|[upkeep]
|upkeep
|
|t:|1707828382
|switch|p2a: Reuniclus|Reuniclus, F|100/100
|turn|22
|
|t:|1707828384
|move|p2a: Reuniclus|Calm Mind|p2a: Reuniclus
|-boost|p2a: Reuniclus|spa|1
|-boost|p2a: Reuniclus|spd|1
|move|p1a: Skarmory|Whirlwind|p2a: Reuniclus
|drag|p2a: Mamoswine|Mamoswine, F|88/100
|-damage|p2a: Mamoswine|76/100|[from] Stealth Rock
|-damage|p2a: Mamoswine|63/100|[from] Spikes
|
|-weather|Sandstorm|[upkeep]
|upkeep
|turn|23
|
|t:|1707828387
|move|p2a: Mamoswine|Icicle Crash|p1a: Skarmory
|-damage|p1a: Skarmory|56/100
|move|p1a: Skarmory|Spikes|p2a: Mamoswine
|-sidestart|p2: scanners|Spikes
|
|-weather|Sandstorm|[upkeep]
|upkeep
|turn|24
|
|t:|1707828389
|move|p2a: Mamoswine|Icicle Crash|p1a: Skarmory
|-damage|p1a: Skarmory|23/100
|move|p1a: Skarmory|Roost|p1a: Skarmory
|-heal|p1a: Skarmory|73/100
|-singleturn|p1a: Skarmory|move: Roost
|
|-weather|Sandstorm|[upkeep]
|upkeep
|turn|25
|
|t:|1707828392
|move|p2a: Mamoswine|Icicle Crash|p1a: Skarmory|[miss]
|-miss|p2a: Mamoswine|p1a: Skarmory
|move|p1a: Skarmory|Whirlwind|p2a: Mamoswine
|drag|p2a: Alakazam|Alakazam, F|100/100
|
|-weather|Sandstorm|[upkeep]
|upkeep
|turn|26
|
|t:|1707828399
|switch|p2a: Reuniclus|Reuniclus, F|100/100
|switch|p1a: Hippowdon|Hippowdon, F, shiny|94/100
|-damage|p1a: Hippowdon|88/100|[from] Stealth Rock
|-damage|p1a: Hippowdon|76/100|[from] Spikes
|
|-weather|Sandstorm|[upkeep]
|-heal|p1a: Hippowdon|82/100|[from] item: Leftovers
|upkeep
|turn|27
|
|t:|1707828403
|move|p1a: Hippowdon|Earthquake|p2a: Reuniclus
|-damage|p2a: Reuniclus|74/100
|move|p2a: Reuniclus|Calm Mind|p2a: Reuniclus
|-boost|p2a: Reuniclus|spa|1
|-boost|p2a: Reuniclus|spd|1
|
|-weather|Sandstorm|[upkeep]
|-heal|p1a: Hippowdon|88/100|[from] item: Leftovers
|-heal|p2a: Reuniclus|80/100|[from] item: Leftovers
|upkeep
|turn|28
|
|t:|1707828406
|move|p2a: Reuniclus|Focus Blast|p1a: Hippowdon
|-damage|p1a: Hippowdon|53/100
|move|p1a: Hippowdon|Whirlwind|p2a: Reuniclus
|drag|p2a: Alakazam|Alakazam, F|100/100
|
|-weather|Sandstorm|[upkeep]
|-heal|p1a: Hippowdon|59/100|[from] item: Leftovers
|upkeep
|turn|29
|
|t:|1707828415
|move|p2a: Alakazam|Focus Blast|p1a: Hippowdon|[miss]
|-miss|p2a: Alakazam|p1a: Hippowdon
|move|p1a: Hippowdon|Slack Off|p1a: Hippowdon
|-heal|p1a: Hippowdon|100/100
|
|-weather|Sandstorm|[upkeep]
|upkeep
|turn|30
|
|t:|1707828419
|switch|p2a: Reuniclus|Reuniclus, F|80/100
|move|p1a: Hippowdon|Earthquake|p2a: Reuniclus
|-damage|p2a: Reuniclus|55/100
|
|-weather|Sandstorm|[upkeep]
|-heal|p2a: Reuniclus|61/100|[from] item: Leftovers
|upkeep
|turn|31
|
|t:|1707828420
|move|p2a: Reuniclus|Recover|p2a: Reuniclus
|-heal|p2a: Reuniclus|100/100
|move|p1a: Hippowdon|Whirlwind|p2a: Reuniclus
|drag|p2a: Alakazam|Alakazam, F|100/100
|
|-weather|Sandstorm|[upkeep]
|upkeep
|turn|32
|
|t:|1707828424
|switch|p2a: Reuniclus|Reuniclus, F|100/100
|move|p1a: Hippowdon|Whirlwind|p2a: Reuniclus
|drag|p2a: Alakazam|Alakazam, F|100/100
|
|-weather|Sandstorm|[upkeep]
|upkeep
|turn|33
|
|t:|1707828427
|switch|p2a: Reuniclus|Reuniclus, F|100/100
|move|p1a: Hippowdon|Earthquake|p2a: Reuniclus
|-damage|p2a: Reuniclus|73/100
|
|-weather|Sandstorm|[upkeep]
|-heal|p2a: Reuniclus|80/100|[from] item: Leftovers
|upkeep
|turn|34
|
|t:|1707828430
|move|p2a: Reuniclus|Calm Mind|p2a: Reuniclus
|-boost|p2a: Reuniclus|spa|1
|-boost|p2a: Reuniclus|spd|1
|move|p1a: Hippowdon|Whirlwind|p2a: Reuniclus
|drag|p2a: Alakazam|Alakazam, F|100/100
|
|-weather|Sandstorm|[upkeep]
|upkeep
|turn|35
|
|t:|1707828433
|switch|p2a: Reuniclus|Reuniclus, F|80/100
|move|p1a: Hippowdon|Whirlwind|p2a: Reuniclus
|drag|p2a: Mamoswine|Mamoswine, F|63/100
|-damage|p2a: Mamoswine|51/100|[from] Stealth Rock
|-damage|p2a: Mamoswine|34/100|[from] Spikes
|
|-weather|Sandstorm|[upkeep]
|upkeep
|turn|36
|
|t:|1707828437
|switch|p1a: Bronzong|Bronzong, shiny|95/100
|-damage|p1a: Bronzong|89/100|[from] Stealth Rock
|move|p2a: Mamoswine|Icicle Crash|p1a: Bronzong
|-resisted|p1a: Bronzong
|-damage|p1a: Bronzong|65/100
|
|-weather|Sandstorm|[upkeep]
|-heal|p1a: Bronzong|71/100|[from] item: Leftovers
|upkeep
|turn|37
|
|t:|1707828441
|switch|p2a: Reuniclus|Reuniclus, F|80/100
|move|p1a: Bronzong|Gyro Ball|p2a: Reuniclus
|-damage|p2a: Reuniclus|71/100
|
|-weather|Sandstorm|[upkeep]
|-heal|p2a: Reuniclus|78/100|[from] item: Leftovers
|-heal|p1a: Bronzong|77/100|[from] item: Leftovers
|upkeep
|turn|38
|
|t:|1707828448
|move|p2a: Reuniclus|Calm Mind|p2a: Reuniclus
|-boost|p2a: Reuniclus|spa|1
|-boost|p2a: Reuniclus|spd|1
|move|p1a: Bronzong|Toxic|p2a: Reuniclus
|-status|p2a: Reuniclus|tox
|
|-weather|Sandstorm|[upkeep]
|-heal|p2a: Reuniclus|84/100 tox|[from] item: Leftovers
|-heal|p1a: Bronzong|83/100|[from] item: Leftovers
|upkeep
|turn|39
|
|t:|1707828453
|move|p1a: Bronzong|Protect|p1a: Bronzong
|-singleturn|p1a: Bronzong|Protect
|move|p2a: Reuniclus|Focus Blast|p1a: Bronzong
|-activate|p1a: Bronzong|move: Protect
|
|-weather|Sandstorm|[upkeep]
|-heal|p2a: Reuniclus|90/100 tox|[from] item: Leftovers
|-heal|p1a: Bronzong|90/100|[from] item: Leftovers
|upkeep
|turn|40
|
|t:|1707828459
|switch|p2a: Mamoswine|Mamoswine, F|34/100
|-damage|p2a: Mamoswine|22/100|[from] Stealth Rock
|-damage|p2a: Mamoswine|5/100|[from] Spikes
|move|p1a: Bronzong|Skill Swap|p2a: Mamoswine
|-activate|p1a: Bronzong|move: Skill Swap|Thick Fat|Levitate|[of] p2a: Mamoswine
|-endability|p1a: Bronzong|Levitate|[from] move: Skill Swap
|-endability|p2a: Mamoswine|Thick Fat|[from] move: Skill Swap
|
|-weather|Sandstorm|[upkeep]
|-heal|p1a: Bronzong|96/100|[from] item: Leftovers
|upkeep
|turn|41
|
|t:|1707828462
|move|p1a: Bronzong|Protect|p1a: Bronzong
|-singleturn|p1a: Bronzong|Protect
|move|p2a: Mamoswine|Icicle Crash|p1a: Bronzong
|-activate|p1a: Bronzong|move: Protect
|
|-weather|Sandstorm|[upkeep]
|-heal|p1a: Bronzong|100/100|[from] item: Leftovers
|upkeep
|turn|42
|
|t:|1707828467
|move|p2a: Mamoswine|Icicle Crash|p1a: Bronzong
|-resisted|p1a: Bronzong
|-damage|p1a: Bronzong|90/100
|move|p1a: Bronzong|Gyro Ball|p2a: Mamoswine
|-supereffective|p2a: Mamoswine
|-damage|p2a: Mamoswine|0 fnt
|faint|p2a: Mamoswine
|
|-weather|Sandstorm|[upkeep]
|-heal|p1a: Bronzong|96/100|[from] item: Leftovers
|upkeep
|
|t:|1707828472
|switch|p2a: Reuniclus|Reuniclus, F|90/100 tox
|turn|43
|
|t:|1707828477
|switch|p1a: Latios|Latios, M, shiny|15/100
|-damage|p1a: Latios|2/100|[from] Stealth Rock
|move|p2a: Reuniclus|Calm Mind|p2a: Reuniclus
|-boost|p2a: Reuniclus|spa|1
|-boost|p2a: Reuniclus|spd|1
|
|-weather|Sandstorm|[upkeep]
|-damage|p1a: Latios|0 fnt|[from] Sandstorm
|faint|p1a: Latios
|-heal|p2a: Reuniclus|96/100 tox|[from] item: Leftovers
|upkeep
|
|t:|1707828480
|switch|p1a: Bronzong|Bronzong, shiny|96/100
|-damage|p1a: Bronzong|90/100|[from] Stealth Rock
|turn|44
|
|t:|1707828484
|move|p2a: Reuniclus|Calm Mind|p2a: Reuniclus
|-boost|p2a: Reuniclus|spa|1
|-boost|p2a: Reuniclus|spd|1
|move|p1a: Bronzong|Skill Swap|p2a: Reuniclus
|-activate|p1a: Bronzong|move: Skill Swap|Magic Guard|Levitate|[of] p2a: Reuniclus
|-endability|p1a: Bronzong|Levitate|[from] move: Skill Swap
|-endability|p2a: Reuniclus|Magic Guard|[from] move: Skill Swap
|
|-weather|Sandstorm|[upkeep]
|-damage|p2a: Reuniclus|90/100 tox|[from] Sandstorm
|-heal|p2a: Reuniclus|96/100 tox|[from] item: Leftovers
|-heal|p1a: Bronzong|96/100|[from] item: Leftovers
|-damage|p2a: Reuniclus|84/100 tox|[from] psn
|upkeep
|turn|45
|
|t:|1707828488
|move|p1a: Bronzong|Protect|p1a: Bronzong
|-singleturn|p1a: Bronzong|Protect
|move|p2a: Reuniclus|Focus Blast|p1a: Bronzong
|-activate|p1a: Bronzong|move: Protect
|
|-weather|Sandstorm|[upkeep]
|-damage|p2a: Reuniclus|78/100 tox|[from] Sandstorm
|-heal|p2a: Reuniclus|84/100 tox|[from] item: Leftovers
|-heal|p1a: Bronzong|100/100|[from] item: Leftovers
|-damage|p2a: Reuniclus|65/100 tox|[from] psn
|upkeep
|turn|46
|
|t:|1707828491
|switch|p1a: Skarmory|Skarmory, M, shiny|73/100
|-damage|p1a: Skarmory|61/100|[from] Stealth Rock
|move|p2a: Reuniclus|Recover|p2a: Reuniclus
|-heal|p2a: Reuniclus|100/100 tox
|
|-weather|Sandstorm|[upkeep]
|-damage|p2a: Reuniclus|94/100 tox|[from] Sandstorm
|-heal|p2a: Reuniclus|100/100 tox|[from] item: Leftovers
|-damage|p2a: Reuniclus|76/100 tox|[from] psn
|upkeep
|turn|47
|
|t:|1707828495
|switch|p2a: Alakazam|Alakazam, F|100/100
|move|p1a: Skarmory|Brave Bird|p2a: Alakazam
|-damage|p2a: Alakazam|10/100
|-damage|p1a: Skarmory|38/100|[from] Recoil
|
|-weather|Sandstorm|[upkeep]
|upkeep
|turn|48
|
|t:|1707828498
|move|p2a: Alakazam|Focus Blast|p1a: Skarmory
|-damage|p1a: Skarmory|0 fnt
|faint|p1a: Skarmory
|
|-weather|Sandstorm|[upkeep]
|upkeep
|
|t:|1707828504
|switch|p1a: Bronzong|Bronzong, shiny|100/100
|-damage|p1a: Bronzong|94/100|[from] Stealth Rock
|turn|49
|
|t:|1707828506
|switch|p2a: Reuniclus|Reuniclus, F|76/100 tox
|move|p1a: Bronzong|Skill Swap|p2a: Reuniclus
|-activate|p1a: Bronzong|move: Skill Swap|Magic Guard|Levitate|[of] p2a: Reuniclus
|-endability|p1a: Bronzong|Levitate|[from] move: Skill Swap
|-endability|p2a: Reuniclus|Magic Guard|[from] move: Skill Swap
|
|-weather|Sandstorm|[upkeep]
|-damage|p2a: Reuniclus|70/100 tox|[from] Sandstorm
|-heal|p2a: Reuniclus|76/100 tox|[from] item: Leftovers
|-heal|p1a: Bronzong|100/100|[from] item: Leftovers
|-damage|p2a: Reuniclus|70/100 tox|[from] psn
|upkeep
|turn|50
|
|t:|1707828510
|switch|p1a: Clefable|Clefable, M, shiny|100/100
|move|p2a: Reuniclus|Recover|p2a: Reuniclus
|-heal|p2a: Reuniclus|100/100 tox
|
|-weather|Sandstorm|[upkeep]
|-damage|p2a: Reuniclus|94/100 tox|[from] Sandstorm
|-heal|p2a: Reuniclus|100/100 tox|[from] item: Leftovers
|-damage|p2a: Reuniclus|88/100 tox|[from] psn
|upkeep
|turn|51
|
|t:|1707828515
|move|p1a: Clefable|Knock Off|p2a: Reuniclus
|-supereffective|p2a: Reuniclus
|-damage|p2a: Reuniclus|83/100 tox
|-enditem|p2a: Reuniclus|Leftovers|[from] move: Knock Off|[of] p1a: Clefable
|move|p2a: Reuniclus|Calm Mind|p2a: Reuniclus
|-boost|p2a: Reuniclus|spa|1
|-boost|p2a: Reuniclus|spd|1
|
|-weather|Sandstorm|[upkeep]
|-damage|p2a: Reuniclus|77/100 tox|[from] Sandstorm
|-damage|p2a: Reuniclus|59/100 tox|[from] psn
|upkeep
|turn|52
|
|t:|1707828517
|move|p1a: Clefable|Seismic Toss|p2a: Reuniclus
|-damage|p2a: Reuniclus|35/100 tox
|move|p2a: Reuniclus|Focus Blast|p1a: Clefable|[miss]
|-miss|p2a: Reuniclus|p1a: Clefable
|
|-weather|Sandstorm|[upkeep]
|-damage|p2a: Reuniclus|29/100 tox|[from] Sandstorm
|-damage|p2a: Reuniclus|4/100 tox|[from] psn
|upkeep
|turn|53
|-message|scanners forfeited.
|
|win|leoperi99
|raw|leoperi99's rating: 1439 &rarr; <strong>1461</strong><br />(+22 for winning)
|raw|scanners's rating: 1476 &rarr; <strong>1454</strong><br />(-22 for losing)
|l|☆scanners
|player|p2|
