|uhtml|medal-msg|<div class="broadcast-blue">Curious what those medals under the avatar are? PS now has Ladder Seasons! For more information, check out the <a href="https://www.smogon.com/forums/threads/3740067/">thread on Smogon.</a></div>
|uhtml|medal-msg|<div class="broadcast-blue">Curious what those medals under the avatar are? PS now has Ladder Seasons! For more information, check out the <a href="https://www.smogon.com/forums/threads/3740067/">thread on Smogon.</a></div>
|j|☆Jellium
|j|☆torinoko city
|t:|1712788278
|gametype|singles
|player|p1|Jellium|scientist-gen4|1363
|player|p2|torinoko city|miku-flying|1406
|teamsize|p1|6
|teamsize|p2|6
|gen|5
|tier|[Gen 5] OU
|rated|
|rule|Species Clause: Limit one of each Pokémon
|rule|OHKO Clause: OHKO moves are banned
|rule|Moody Clause: Moody is banned
|rule|Evasion Items Clause: Evasion items are banned
|rule|Evasion Moves Clause: Evasion moves are banned
|rule|Endless Battle Clause: Forcing endless battles is banned
|rule|HP Percentage Mod: HP is shown in percentages
|rule|Evasion Abilities Clause: Evasion abilities are banned
|rule|Sleep Moves Clause: Sleep-inducing moves are banned
|rule|Swagger Clause: Swagger is banned
|rule|Baton Pass Stat Clause: No Baton Passer may have a way to boost its stats
|clearpoke
|poke|p1|Jirachi|item
|poke|p1|Dragonite, F|item
|poke|p1|Kyurem-Black|item
|poke|p1|Latios, M|item
|poke|p1|Magnezone|item
|poke|p1|Aerodactyl, M|item
|poke|p2|Abomasnow, F|item
|poke|p2|Forretress, M|item
|poke|p2|Blissey, F|item
|poke|p2|Gliscor, M|item
|poke|p2|Latios, M|item
|poke|p2|Reuniclus, F|item
|teampreview
|inactive|Battle timer is ON: inactive players will automatically lose when time's up. (requested by torinoko city)
|
|t:|1712788291
|start
|switch|p1a: SIU|Aerodactyl, M|100/100
|switch|p2a: Gliscor|Gliscor, M|100/100
|-ability|p1a: SIU|Unnerve
|turn|1
|
|t:|1712788297
|switch|p2a: Forretress|Forretress, M|100/100
|move|p1a: SIU|Taunt|p2a: Forretress
|-start|p2a: Forretress|move: Taunt
|
|upkeep
|turn|2
|
|t:|1712788302
|move|p1a: SIU|Fire Blast|p2a: Forretress
|-supereffective|p2a: Forretress
|-crit|p2a: Forretress
|-ability|p2a: Forretress|Sturdy
|-damage|p2a: Forretress|1/100
|move|p2a: Forretress|Volt Switch|p1a: SIU
|-supereffective|p1a: SIU
|-damage|p1a: SIU|67/100
|
|t:|1712788318
|switch|p2a: Latios|Latios, M|100/100|[from] Volt Switch
|
|upkeep
|turn|3
|
|t:|1712788324
|switch|p1a: Badass|Jirachi|100/100
|move|p2a: Latios|Dragon Pulse|p1a: Badass
|-resisted|p1a: Badass
|-damage|p1a: Badass|68/100
|
|upkeep
|turn|4
|
|t:|1712788333
|switch|p2a: Gliscor|Gliscor, M|100/100
|move|p1a: Badass|U-turn|p2a: Gliscor
|-resisted|p2a: Gliscor
|-damage|p2a: Gliscor|94/100
|
|t:|1712788340
|switch|p1a: SIU|Aerodactyl, M|67/100|[from] U-turn
|-ability|p1a: SIU|Unnerve
|
|-status|p2a: Gliscor|tox|[from] item: Toxic Orb
|upkeep
|turn|5
|
|t:|1712788346
|switch|p2a: Latios|Latios, M|100/100
|move|p1a: SIU|Stealth Rock|p2a: Latios
|-sidestart|p2: torinoko city|move: Stealth Rock
|
|upkeep
|turn|6
|
|t:|1712788351
|move|p1a: SIU|Stone Edge|p2a: Latios|[miss]
|-miss|p1a: SIU|p2a: Latios
|move|p2a: Latios|Dragon Pulse|p1a: SIU
|-crit|p1a: SIU
|-damage|p1a: SIU|0 fnt
|faint|p1a: SIU
|
|upkeep
|
|t:|1712788377
|switch|p1a: IDM Hugo|Latios, M|100/100
|turn|7
|
|t:|1712788381
|switch|p2a: Forretress|Forretress, M|1/100
|-damage|p2a: Forretress|0 fnt|[from] Stealth Rock
|faint|p2a: Forretress
|move|p1a: IDM Hugo|Draco Meteor|p2: Forretress|[notarget]
|-fail|p1a: IDM Hugo
|
|upkeep
|
|t:|1712788389
|switch|p2a: Gliscor|Gliscor, M|94/100 tox
|-damage|p2a: Gliscor|81/100 tox|[from] Stealth Rock
|turn|8
|
|t:|1712788392
|move|p1a: IDM Hugo|Draco Meteor|p2a: Gliscor
|-damage|p2a: Gliscor|8/100 tox
|-unboost|p1a: IDM Hugo|spa|2
|move|p2a: Gliscor|Stealth Rock|p1a: IDM Hugo
|-sidestart|p1: Jellium|move: Stealth Rock
|
|-heal|p2a: Gliscor|20/100 tox|[from] ability: Poison Heal
|upkeep
|turn|9
|
|t:|1712788405
|switch|p1a: Badass|Jirachi|68/100
|-damage|p1a: Badass|62/100|[from] Stealth Rock
|move|p2a: Gliscor|Knock Off|p1a: Badass
|-damage|p1a: Badass|58/100
|-enditem|p1a: Badass|Choice Scarf|[from] move: Knock Off|[of] p2a: Gliscor
|
|-heal|p2a: Gliscor|33/100 tox|[from] ability: Poison Heal
|upkeep
|turn|10
|
|t:|1712788414
|move|p2a: Gliscor|Protect|p2a: Gliscor
|-singleturn|p2a: Gliscor|Protect
|move|p1a: Badass|Ice Punch|p2a: Gliscor
|-activate|p2a: Gliscor|move: Protect
|
|-heal|p2a: Gliscor|45/100 tox|[from] ability: Poison Heal
|upkeep
|turn|11
|
|t:|1712788418
|switch|p2a: Abomasnow|Abomasnow, F|100/100
|-damage|p2a: Abomasnow|75/100|[from] Stealth Rock
|-weather|Hail|[from] ability: Snow Warning|[of] p2a: Abomasnow
|move|p1a: Badass|Ice Punch|p2a: Abomasnow
|-damage|p2a: Abomasnow|46/100
|
|-weather|Hail|[upkeep]
|-damage|p1a: Badass|51/100|[from] Hail
|-heal|p2a: Abomasnow|52/100|[from] item: Leftovers
|upkeep
|turn|12
|
|t:|1712788424
|move|p1a: Badass|Fire Punch|p2a: Abomasnow
|-supereffective|p2a: Abomasnow
|-damage|p2a: Abomasnow|0 fnt
|faint|p2a: Abomasnow
|
|-weather|Hail|[upkeep]
|-damage|p1a: Badass|45/100|[from] Hail
|upkeep
|
|t:|1712788430
|switch|p2a: Latios|Latios, M|100/100
|-damage|p2a: Latios|88/100|[from] Stealth Rock
|turn|13
|
|t:|1712788435
|move|p2a: Latios|Surf|p1a: Badass
|-damage|p1a: Badass|0 fnt
|faint|p1a: Badass
|
|-weather|Hail|[upkeep]
|-damage|p2a: Latios|82/100|[from] Hail
|upkeep
|
|t:|1712788448
|switch|p1a: Stone_Cold|Dragonite, F|100/100
|-damage|p1a: Stone_Cold|76/100|[from] Stealth Rock
|turn|14
|
|t:|1712788452
|switch|p2a: Reuniclus|Reuniclus, F|100/100
|move|p1a: Stone_Cold|Dragon Dance|p1a: Stone_Cold
|-boost|p1a: Stone_Cold|atk|1
|-boost|p1a: Stone_Cold|spe|1
|
|-weather|Hail|[upkeep]
|-damage|p1a: Stone_Cold|70/100|[from] Hail
|upkeep
|turn|15
|
|t:|1712788459
|move|p1a: Stone_Cold|Outrage|p2a: Reuniclus
|-damage|p2a: Reuniclus|22/100
|move|p2a: Reuniclus|Psyshock|p1a: Stone_Cold
|-damage|p1a: Stone_Cold|36/100
|
|-weather|Hail|[upkeep]
|-damage|p1a: Stone_Cold|30/100|[from] Hail
|-heal|p2a: Reuniclus|28/100|[from] item: Leftovers
|upkeep
|turn|16
|
|t:|1712788463
|move|p1a: Stone_Cold|Outrage|p2a: Reuniclus|[from]lockedmove
|-crit|p2a: Reuniclus
|-damage|p2a: Reuniclus|0 fnt
|faint|p2a: Reuniclus
|-start|p1a: Stone_Cold|confusion|[fatigue]
|-enditem|p1a: Stone_Cold|Lum Berry|[eat]
|-end|p1a: Stone_Cold|confusion
|
|-weather|Hail|[upkeep]
|-damage|p1a: Stone_Cold|24/100|[from] Hail
|upkeep
|
|t:|1712788465
|switch|p2a: Gliscor|Gliscor, M|45/100 tox
|-damage|p2a: Gliscor|33/100 tox|[from] Stealth Rock
|turn|17
|
|t:|1712788469
|move|p2a: Gliscor|Protect|p2a: Gliscor
|-singleturn|p2a: Gliscor|Protect
|move|p1a: Stone_Cold|Dragon Dance|p1a: Stone_Cold
|-boost|p1a: Stone_Cold|atk|1
|-boost|p1a: Stone_Cold|spe|1
|
|-weather|Hail|[upkeep]
|-damage|p1a: Stone_Cold|18/100|[from] Hail
|-damage|p2a: Gliscor|27/100 tox|[from] Hail
|-heal|p2a: Gliscor|39/100 tox|[from] ability: Poison Heal
|upkeep
|turn|18
|
|t:|1712788473
|move|p2a: Gliscor|Protect||[still]
|-fail|p2a: Gliscor
|move|p1a: Stone_Cold|Outrage|p2a: Gliscor
|-damage|p2a: Gliscor|0 fnt
|faint|p2a: Gliscor
|
|-weather|Hail|[upkeep]
|-damage|p1a: Stone_Cold|12/100|[from] Hail
|upkeep
|
|t:|1712788479
|switch|p2a: Blissey|Blissey, F|100/100
|-damage|p2a: Blissey|88/100|[from] Stealth Rock
|turn|19
|
|t:|1712788483
|move|p1a: Stone_Cold|Outrage|p2a: Blissey|[from]lockedmove
|-damage|p2a: Blissey|0 fnt
|faint|p2a: Blissey
|
|-weather|Hail|[upkeep]
|-damage|p1a: Stone_Cold|6/100|[from] Hail
|upkeep
|
|t:|1712788487
|switch|p2a: Latios|Latios, M|82/100
|-damage|p2a: Latios|70/100|[from] Stealth Rock
|turn|20
|c|☆Jellium|gg
|
|t:|1712788492
|move|p1a: Stone_Cold|Outrage|p2a: Latios|[from]lockedmove
|-supereffective|p2a: Latios
|-damage|p2a: Latios|0 fnt
|faint|p2a: Latios
|-start|p1a: Stone_Cold|confusion|[fatigue]
|
|win|Jellium
|raw|Jellium's rating: 1363 &rarr; <strong>1385</strong><br />(+22 for winning)
|raw|torinoko city's rating: 1406 &rarr; <strong>1384</strong><br />(-22 for losing)
|l|☆torinoko city
|player|p2|
