|j|☆Mono Luce
|j|☆Vanteline
|player|p1|Mono Luce|77
|player|p2|Vanteline|251
|teamsize|p1|6
|teamsize|p2|6
|gametype|singles
|gen|5
|tier|[Gen 5] OU
|rated|
|rule|Sleep Clause Mod: Limit one foe put to sleep
|rule|Species Clause: Limit one of each Pokémon
|rule|OHKO Clause: OHKO moves are banned
|rule|Moody Clause: Moody is banned
|rule|Evasion Moves Clause: Evasion moves are banned
|rule|Endless Battle Clause: Forcing endless battles is banned
|rule|HP Percentage Mod: HP is shown in percentages
|rule|Evasion Abilities Clause: Evasion abilities are banned
|rule|Baton Pass Clause: Limit one Baton Passer, can't pass Spe and other stats simultaneously
|rule|Swagger Clause: Swagger is banned
|clearpoke
|poke|p1|Slowking, F|item
|poke|p1|Scizor, F|item
|poke|p1|Skarmory, M|item
|poke|p1|Chandelure, M|item
|poke|p1|Amoonguss, F|item
|poke|p1|Rotom-Wash|item
|poke|p2|Ferrothorn, F|item
|poke|p2|Gyarados, M|item
|poke|p2|Thundurus-Therian, M|item
|poke|p2|Heatran, M|item
|poke|p2|Latios, M|item
|poke|p2|Conkeldurr, F|item
|teampreview
|
|start
|switch|p1a: UNGRY|Skarmory, M|100/100
|switch|p2a: Heatran|Heatran, M|100/100
|-item|p2a: Heatran|Air Balloon
|turn|1
|
|move|p2a: Heatran|Stealth Rock|p1a: UNGRY
|-sidestart|p1: Mono Luce|move: Stealth Rock
|move|p1a: UNGRY|Stealth Rock|p2a: Heatran
|-sidestart|p2: Vanteline|move: Stealth Rock
|
|upkeep
|turn|2
|
|move|p2a: Heatran|Fire Blast|p1a: UNGRY
|-supereffective|p1a: UNGRY
|-ability|p1a: UNGRY|Sturdy
|-damage|p1a: UNGRY|1/100
|move|p1a: UNGRY|Spikes|p2a: Heatran
|-sidestart|p2: Vanteline|Spikes
|
|upkeep
|turn|3
|-enditem|p1a: UNGRY|Custap Berry|[eat]
|-activate|p1a: UNGRY|item: Custap Berry|[consumed]
|
|move|p1a: UNGRY|Brave Bird|p2a: Heatran
|-resisted|p2a: Heatran
|-damage|p2a: Heatran|76/100
|-enditem|p2a: Heatran|Air Balloon
|-damage|p1a: UNGRY|0 fnt|[from] Recoil
|faint|p1a: UNGRY
|move|p2a: Heatran|Dragon Pulse|p1: UNGRY|[notarget]
|-notarget
|
|upkeep
|
|switch|p1a: KING|Slowking, F|100/100
|-damage|p1a: KING|88/100|[from] Stealth Rock
|turn|4
|
|switch|p2a: Gyarados|Gyarados, M|100/100
|-damage|p2a: Gyarados|76/100|[from] Stealth Rock
|-ability|p2a: Gyarados|Intimidate|boost
|-unboost|p1a: KING|atk|1
|move|p1a: KING|Fire Blast|p2a: Gyarados
|-resisted|p2a: Gyarados
|-damage|p2a: Gyarados|48/100
|
|upkeep
|turn|5
|
|switch|p1a: AGONY|Rotom-Wash|100/100
|-damage|p1a: AGONY|88/100|[from] Stealth Rock
|move|p2a: Gyarados|Dragon Dance|p2a: Gyarados
|-boost|p2a: Gyarados|atk|1
|-boost|p2a: Gyarados|spe|1
|
|upkeep
|turn|6
|
|switch|p2a: Thundurus|Thundurus-Therian, M|100/100
|-damage|p2a: Thundurus|76/100|[from] Stealth Rock
|move|p1a: AGONY|Volt Switch|p2a: Thundurus
|-heal|p2a: Thundurus|100/100|[from] ability: Volt Absorb|[of] p1a: AGONY
|
|upkeep
|turn|7
|
|switch|p1a: SAD|Amoonguss, F|100/100
|-damage|p1a: SAD|88/100|[from] Stealth Rock
|move|p2a: Thundurus|Thunderbolt|p1a: SAD
|-resisted|p1a: SAD
|-damage|p1a: SAD|47/100
|
|upkeep
|turn|8
|
|switch|p2a: Gyarados|Gyarados, M|48/100
|-damage|p2a: Gyarados|23/100|[from] Stealth Rock
|-ability|p2a: Gyarados|Intimidate|boost
|-unboost|p1a: SAD|atk|1
|move|p1a: SAD|Sludge Bomb|p2a: Gyarados
|-damage|p2a: Gyarados|0 fnt
|faint|p2a: Gyarados
|
|upkeep
|
|switch|p2a: Thundurus|Thundurus-Therian, M|100/100
|-damage|p2a: Thundurus|76/100|[from] Stealth Rock
|turn|9
|
|move|p2a: Thundurus|Hidden Power|p1a: SAD
|-supereffective|p1a: SAD
|-damage|p1a: SAD|0 fnt
|faint|p1a: SAD
|
|upkeep
|
|switch|p1a: MALEFIC|Chandelure, M|100/100
|-damage|p1a: MALEFIC|76/100|[from] Stealth Rock
|turn|10
|
|move|p2a: Thundurus|Hidden Power|p1a: MALEFIC
|-crit|p1a: MALEFIC
|-damage|p1a: MALEFIC|0 fnt
|faint|p1a: MALEFIC
|
|upkeep
|
|switch|p1a: KING|Slowking, F|100/100
|-damage|p1a: KING|88/100|[from] Stealth Rock
|turn|11
|
|move|p2a: Thundurus|Hidden Power|p1a: KING
|-damage|p1a: KING|33/100
|move|p1a: KING|Fire Blast|p2a: Thundurus
|-damage|p2a: Thundurus|0 fnt
|faint|p2a: Thundurus
|
|upkeep
|
|switch|p2a: Latios|Latios, M|100/100
|-damage|p2a: Latios|88/100|[from] Stealth Rock
|turn|12
|
|switch|p1a: AGONY|Rotom-Wash|88/100
|-damage|p1a: AGONY|76/100|[from] Stealth Rock
|move|p2a: Latios|Thunderbolt|p1a: AGONY
|-damage|p1a: AGONY|12/100
|
|upkeep
|turn|13
|
|move|p1a: AGONY|Hidden Power|p2a: Latios
|-supereffective|p2a: Latios
|-damage|p2a: Latios|44/100
|move|p2a: Latios|Thunderbolt|p1a: AGONY
|-damage|p1a: AGONY|0 fnt
|faint|p1a: AGONY
|
|upkeep
|
|switch|p1a: BAD|Scizor, F|100/100
|-damage|p1a: BAD|88/100|[from] Stealth Rock
|turn|14
|
|move|p2a: Latios|Thunderbolt|p1a: BAD
|-damage|p1a: BAD|24/100
|move|p1a: BAD|U-turn|p2a: Latios
|-supereffective|p2a: Latios
|-damage|p2a: Latios|0 fnt
|faint|p2a: Latios
|
|switch|p1a: KING|Slowking, F|66/100
|-damage|p1a: KING|54/100|[from] Stealth Rock
|
|upkeep
|
|switch|p2a: Conkeldurr|Conkeldurr, F|100/100
|-damage|p2a: Conkeldurr|88/100|[from] Spikes
|-damage|p2a: Conkeldurr|82/100|[from] Stealth Rock
|turn|15
|
|move|p2a: Conkeldurr|Thunder Punch|p1a: KING
|-supereffective|p1a: KING
|-damage|p1a: KING|0 fnt
|faint|p1a: KING
|
|upkeep
|
|switch|p1a: BAD|Scizor, F|24/100
|-damage|p1a: BAD|12/100|[from] Stealth Rock
|turn|16
|
|move|p2a: Conkeldurr|Mach Punch|p1a: BAD
|-damage|p1a: BAD|0 fnt
|-damage|p2a: Conkeldurr|72/100|[from] item: Life Orb
|faint|p1a: BAD
|
|win|Vanteline
|l|☆Mono Luce
|raw|Mono Luce's rating: 1359 &rarr; <strong>1342</strong><br />(-17 for losing)
|raw|Vanteline's rating: 1405 &rarr; <strong>1422</strong><br />(+17 for winning)
