|j|☆phosphor display
|j|☆Machine Gun Dragon
|player|p1|phosphor display|plasmagruntf-gen5bw|1347
|player|p2|Machine Gun Dragon|ryuki|1536
|teamsize|p1|6
|teamsize|p2|6
|gametype|singles
|gen|5
|tier|[Gen 5] OU
|rated|
|rule|Sleep Clause Mod: Limit one foe put to sleep
|rule|Species Clause: Limit one of each Pokémon
|rule|OHKO Clause: OHKO moves are banned
|rule|Moody Clause: Moody is banned
|rule|Evasion Moves Clause: Evasion moves are banned
|rule|Endless Battle Clause: Forcing endless battles is banned
|rule|HP Percentage Mod: HP is shown in percentages
|rule|Evasion Abilities Clause: Evasion abilities are banned
|rule|Baton Pass Clause: Limit one Baton Passer, can't pass Spe and other stats simultaneously
|rule|Swagger Clause: Swagger is banned
|clearpoke
|poke|p1|Excadrill, M|item
|poke|p1|Tyranitar, M|item
|poke|p1|Gastrodon, M|item
|poke|p1|Tangrowth, F|item
|poke|p1|Skarmory, M|item
|poke|p1|Hydreigon, M|item
|poke|p2|Garchomp, M|item
|poke|p2|Breloom, F|item
|poke|p2|Starmie|item
|poke|p2|Volcarona, F|item
|poke|p2|Dragonite, M|item
|poke|p2|Scizor, M|item
|teampreview
|c|☆phosphor display|gl hf
|c|☆Machine Gun Dragon|hf
|
|start
|switch|p1a: Tangrowth|Tangrowth, F|100/100
|switch|p2a: Breloom|Breloom, F|100/100
|turn|1
|
|move|p2a: Breloom|Spore|p1a: Tangrowth
|-status|p1a: Tangrowth|slp|[from] move: Spore
|cant|p1a: Tangrowth|slp
|move|p1a: Tangrowth|Sleep Talk|p1a: Tangrowth
|move|p1a: Tangrowth|Hidden Power|p2a: Breloom|[from]Sleep Talk
|-supereffective|p2a: Breloom
|-damage|p2a: Breloom|32/100
|
|upkeep
|turn|2
|
|switch|p2a: Garchomp|Garchomp, M|100/100
|switch|p1a: Skarmory|Skarmory, M|100/100
|
|upkeep
|turn|3
|
|move|p2a: Garchomp|Stealth Rock|p1a: Skarmory
|-sidestart|p1: phosphor display|move: Stealth Rock
|move|p1a: Skarmory|Spikes|p2a: Garchomp
|-sidestart|p2: Machine Gun Dragon|Spikes
|
|upkeep
|turn|4
|
|switch|p2a: Starmie|Starmie|100/100
|-damage|p2a: Starmie|88/100|[from] Spikes
|switch|p1a: Tyranitar|Tyranitar, M|100/100
|-damage|p1a: Tyranitar|88/100|[from] Stealth Rock
|-weather|Sandstorm|[from] ability: Sand Stream|[of] p1a: Tyranitar
|
|-weather|Sandstorm|[upkeep]
|-damage|p2a: Starmie|82/100|[from] Sandstorm
|-heal|p1a: Tyranitar|94/100|[from] item: Leftovers
|upkeep
|turn|5
|
|move|p2a: Starmie|Hydro Pump|p1a: Tyranitar|[miss]
|-miss|p2a: Starmie|p1a: Tyranitar
|move|p1a: Tyranitar|Crunch|p2a: Starmie
|-supereffective|p2a: Starmie
|-damage|p2a: Starmie|0 fnt
|faint|p2a: Starmie
|
|-weather|Sandstorm|[upkeep]
|-heal|p1a: Tyranitar|99/100|[from] item: Leftovers
|upkeep
|c|☆phosphor display|sry
|c|☆phosphor display|that sucks
|
|switch|p2a: Scizor|Scizor, M|100/100
|-damage|p2a: Scizor|88/100|[from] Spikes
|turn|6
|
|switch|p1a: Skarmory|Skarmory, M|100/100
|-damage|p1a: Skarmory|88/100|[from] Stealth Rock
|move|p2a: Scizor|U-turn|p1a: Skarmory
|-resisted|p1a: Skarmory
|-damage|p1a: Skarmory|77/100
|-damage|p2a: Scizor|71/100|[from] item: Rocky Helmet|[of] p1a: Skarmory
|
|switch|p2a: Volcarona|Volcarona, F|100/100|[from]move: U-turn
|-damage|p2a: Volcarona|88/100|[from] Spikes
|
|-weather|Sandstorm|[upkeep]
|-damage|p2a: Volcarona|82/100|[from] Sandstorm
|upkeep
|turn|7
|
|switch|p1a: Tyranitar|Tyranitar, M|99/100
|-damage|p1a: Tyranitar|88/100|[from] Stealth Rock
|move|p2a: Volcarona|Flamethrower|p1a: Tyranitar
|-resisted|p1a: Tyranitar
|-damage|p1a: Tyranitar|75/100
|
|-weather|Sandstorm|[upkeep]
|-damage|p2a: Volcarona|76/100|[from] Sandstorm
|-heal|p1a: Tyranitar|81/100|[from] item: Leftovers
|upkeep
|turn|8
|
|move|p2a: Volcarona|Quiver Dance|p2a: Volcarona
|-boost|p2a: Volcarona|spa|1
|-boost|p2a: Volcarona|spd|1
|-boost|p2a: Volcarona|spe|1
|move|p1a: Tyranitar|Stealth Rock|p2a: Volcarona
|-sidestart|p2: Machine Gun Dragon|move: Stealth Rock
|
|-weather|Sandstorm|[upkeep]
|-damage|p2a: Volcarona|69/100|[from] Sandstorm
|-heal|p1a: Tyranitar|87/100|[from] item: Leftovers
|upkeep
|turn|9
|
|move|p2a: Volcarona|Bug Buzz|p1a: Tyranitar
|-supereffective|p1a: Tyranitar
|-damage|p1a: Tyranitar|7/100
|move|p1a: Tyranitar|Crunch|p2a: Volcarona
|-damage|p2a: Volcarona|13/100
|
|-weather|Sandstorm|[upkeep]
|-damage|p2a: Volcarona|7/100|[from] Sandstorm
|-heal|p1a: Tyranitar|13/100|[from] item: Leftovers
|upkeep
|turn|10
|
|move|p2a: Volcarona|Bug Buzz|p1a: Tyranitar
|-supereffective|p1a: Tyranitar
|-damage|p1a: Tyranitar|0 fnt
|faint|p1a: Tyranitar
|
|-weather|Sandstorm|[upkeep]
|-damage|p2a: Volcarona|0 fnt|[from] Sandstorm
|faint|p2a: Volcarona
|upkeep
|-message|Machine Gun Dragon forfeited.
|
|win|phosphor display
|l|☆Machine Gun Dragon
|raw|phosphor display's rating: 1347 &rarr; <strong>1377</strong><br />(+30 for winning)
|raw|Machine Gun Dragon's rating: 1536 &rarr; <strong>1506</strong><br />(-30 for losing)
