|j|☆Coronet077
|j|☆repinho2711
|t:|1711470696
|gametype|singles
|player|p1|Coronet077|fisherman-gen4|1327
|player|p2|repinho2711|ethan|1505
|teamsize|p1|6
|teamsize|p2|6
|gen|5
|tier|[Gen 5] OU
|rated|
|rule|Species Clause: Limit one of each Pokémon
|rule|OHKO Clause: OHKO moves are banned
|rule|Moody Clause: Moody is banned
|rule|Evasion Items Clause: Evasion items are banned
|rule|Evasion Moves Clause: Evasion moves are banned
|rule|Endless Battle Clause: Forcing endless battles is banned
|rule|HP Percentage Mod: HP is shown in percentages
|rule|Evasion Abilities Clause: Evasion abilities are banned
|rule|Sleep Moves Clause: Sleep-inducing moves are banned
|rule|Swagger Clause: Swagger is banned
|rule|Baton Pass Stat Clause: No Baton Passer may have a way to boost its stats
|clearpoke
|poke|p1|Politoed, M|item
|poke|p1|Ferrothorn, M|item
|poke|p1|Tentacruel, F|item
|poke|p1|Latios, M|item
|poke|p1|Keldeo|item
|poke|p1|Thundurus-Therian, M|item
|poke|p2|Scizor, M|item
|poke|p2|Donphan, M|item
|poke|p2|Milotic, M|item
|poke|p2|Dragonite, M|item
|poke|p2|Virizion|item
|poke|p2|Espeon, M|item
|teampreview
|inactive|Battle timer is ON: inactive players will automatically lose when time's up. (requested by repinho2711)
|
|t:|1711470707
|start
|switch|p1a: Politoed|Politoed, M, shiny|100/100
|switch|p2a: Milotic|Milotic, M|100/100
|-weather|RainDance|[from] ability: Drizzle|[of] p1a: Politoed
|turn|1
|
|t:|1711470715
|move|p1a: Politoed|Protect|p1a: Politoed
|-singleturn|p1a: Politoed|Protect
|move|p2a: Milotic|Scald|p1a: Politoed
|-activate|p1a: Politoed|move: Protect
|
|-weather|RainDance|[upkeep]
|upkeep
|turn|2
|
|t:|1711470723
|move|p2a: Milotic|Scald|p1a: Politoed
|-resisted|p1a: Politoed
|-damage|p1a: Politoed|80/100
|move|p1a: Politoed|Encore|p2a: Milotic
|-start|p2a: Milotic|Encore
|
|-weather|RainDance|[upkeep]
|-heal|p1a: Politoed|86/100|[from] item: Leftovers
|upkeep
|turn|3
|
|t:|1711470732
|switch|p1a: Tentacruel|Tentacruel, F|100/100
|move|p2a: Milotic|Scald|p1a: Tentacruel
|-resisted|p1a: Tentacruel
|-damage|p1a: Tentacruel|82/100
|
|-weather|RainDance|[upkeep]
|-heal|p1a: Tentacruel|88/100|[from] ability: Rain Dish
|-heal|p1a: Tentacruel|94/100|[from] item: Black Sludge
|upkeep
|turn|4
|
|t:|1711470743
|switch|p2a: Espeon|Espeon, M, shiny|100/100
|move|p1a: Tentacruel|Toxic|p2a: Espeon
|move|p2a: Espeon|Toxic|p1a: Tentacruel|[from]ability: Magic Bounce
|-immune|p1a: Tentacruel
|
|-weather|RainDance|[upkeep]
|-heal|p1a: Tentacruel|99/100|[from] ability: Rain Dish
|-heal|p1a: Tentacruel|100/100|[from] item: Black Sludge
|upkeep
|turn|5
|
|t:|1711470756
|switch|p1a: Ferrothorn|Ferrothorn, M|100/100
|move|p2a: Espeon|Baton Pass|p2a: Espeon
|
|t:|1711470760
|switch|p2a: Virizion|Virizion, shiny|100/100|[from] Baton Pass
|
|-weather|RainDance|[upkeep]
|upkeep
|turn|6
|
|t:|1711470766
|switch|p1a: Tentacruel|Tentacruel, F|100/100
|move|p2a: Virizion|Calm Mind|p2a: Virizion
|-boost|p2a: Virizion|spa|1
|-boost|p2a: Virizion|spd|1
|
|-weather|RainDance|[upkeep]
|upkeep
|turn|7
|
|t:|1711470775
|move|p2a: Virizion|Calm Mind|p2a: Virizion
|-boost|p2a: Virizion|spa|1
|-boost|p2a: Virizion|spd|1
|move|p1a: Tentacruel|Toxic|p2a: Virizion
|-status|p2a: Virizion|tox
|
|-weather|RainDance|[upkeep]
|-damage|p2a: Virizion|94/100 tox|[from] psn
|upkeep
|turn|8
|
|t:|1711470784
|move|p1a: Tentacruel|Protect|p1a: Tentacruel
|-singleturn|p1a: Tentacruel|Protect
|move|p2a: Virizion|Calm Mind|p2a: Virizion
|-boost|p2a: Virizion|spa|1
|-boost|p2a: Virizion|spd|1
|
|-weather|RainDance|[upkeep]
|-damage|p2a: Virizion|82/100 tox|[from] psn
|upkeep
|turn|9
|
|t:|1711470793
|switch|p1a: Ferrothorn|Ferrothorn, M|100/100
|move|p2a: Virizion|Giga Drain|p1a: Ferrothorn
|-resisted|p1a: Ferrothorn
|-damage|p1a: Ferrothorn|87/100
|-heal|p2a: Virizion|89/100 tox|[from] drain|[of] p1a: Ferrothorn
|
|-weather|RainDance|[upkeep]
|-heal|p1a: Ferrothorn|93/100|[from] item: Leftovers
|-damage|p2a: Virizion|71/100 tox|[from] psn
|upkeep
|turn|10
|
|t:|1711470805
|switch|p1a: Tentacruel|Tentacruel, F|100/100
|move|p2a: Virizion|Giga Drain|p1a: Tentacruel
|-damage|p1a: Tentacruel|39/100
|-heal|p2a: Virizion|100/100 tox|[from] drain|[of] p1a: Tentacruel
|
|-weather|RainDance|[upkeep]
|-heal|p1a: Tentacruel|45/100|[from] ability: Rain Dish
|-heal|p1a: Tentacruel|51/100|[from] item: Black Sludge
|-damage|p2a: Virizion|76/100 tox|[from] psn
|upkeep
|turn|11
|
|t:|1711470817
|switch|p2a: Dragonite|Dragonite, M|100/100
|move|p1a: Tentacruel|Protect||[still]
|-fail|p1a: Tentacruel
|
|-weather|RainDance|[upkeep]
|-heal|p1a: Tentacruel|57/100|[from] ability: Rain Dish
|-heal|p1a: Tentacruel|63/100|[from] item: Black Sludge
|upkeep
|turn|12
|
|t:|1711470832
|switch|p1a: Ferrothorn|Ferrothorn, M|93/100
|move|p2a: Dragonite|Outrage|p1a: Ferrothorn
|-resisted|p1a: Ferrothorn
|-damage|p1a: Ferrothorn|72/100
|-damage|p2a: Dragonite|88/100|[from] ability: Iron Barbs|[of] p1a: Ferrothorn
|
|-weather|RainDance|[upkeep]
|-heal|p1a: Ferrothorn|78/100|[from] item: Leftovers
|upkeep
|turn|13
|-message|repinho2711 forfeited.
|
|win|Coronet077
|raw|Coronet077's rating: 1327 &rarr; <strong>1356</strong><br />(+29 for winning)
|raw|repinho2711's rating: 1505 &rarr; <strong>1476</strong><br />(-29 for losing)
|l|☆repinho2711
|player|p2|
