|uhtml|medal-msg|<div class="broadcast-blue">Curious what those medals under the avatar are? PS now has Ladder Seasons! For more information, check out the <a href="https://www.smogon.com/forums/threads/3740067/">thread on Smogon.</a></div>
|uhtml|medal-msg|<div class="broadcast-blue">Curious what those medals under the avatar are? PS now has Ladder Seasons! For more information, check out the <a href="https://www.smogon.com/forums/threads/3740067/">thread on Smogon.</a></div>
|j|☆Dozkek
|j|☆radaty
|t:|1713433047
|gametype|singles
|player|p1|Dozkek|adaman|1306
|player|p2|radaty|101|1445
|teamsize|p1|6
|teamsize|p2|6
|gen|5
|tier|[Gen 5] OU
|rated|
|rule|Species Clause: Limit one of each Pokémon
|rule|OHKO Clause: OHKO moves are banned
|rule|Moody Clause: Moody is banned
|rule|Evasion Items Clause: Evasion items are banned
|rule|Evasion Moves Clause: Evasion moves are banned
|rule|Endless Battle Clause: Forcing endless battles is banned
|rule|HP Percentage Mod: HP is shown in percentages
|rule|Evasion Abilities Clause: Evasion abilities are banned
|rule|Sleep Moves Clause: Sleep-inducing moves are banned
|rule|Swagger Clause: Swagger is banned
|rule|Baton Pass Stat Clause: No Baton Passer may have a way to boost its stats
|clearpoke
|poke|p1|Politoed, F|item
|poke|p1|Ferrothorn, F|item
|poke|p1|Tentacruel, F|item
|poke|p1|Thundurus-Therian, M|item
|poke|p1|Mamoswine, F|item
|poke|p1|Latios, M|item
|poke|p2|Tyranitar, F|item
|poke|p2|Breloom, F|item
|poke|p2|Keldeo-Resolute|item
|poke|p2|Toxicroak, F|item
|poke|p2|Terrakion|item
|poke|p2|Landorus-Therian, M|item
|teampreview
|inactive|Battle timer is ON: inactive players will automatically lose when time's up. (requested by Dozkek)
|inactive|radaty also wants the timer to be on.
|
|t:|1713433078
|start
|switch|p1a: Thundurus|Thundurus-Therian, M|100/100
|switch|p2a: Breloom|Breloom, F|100/100
|turn|1
|
|t:|1713433086
|switch|p2a: Tyranitar|Tyranitar, F|100/100
|-weather|Sandstorm|[from] ability: Sand Stream|[of] p2a: Tyranitar
|move|p1a: Thundurus|U-turn|p2a: Tyranitar
|-supereffective|p2a: Tyranitar
|-damage|p2a: Tyranitar|76/100
|
|t:|1713433097
|switch|p1a: Politoed|Politoed, F|100/100|[from] U-turn
|-weather|RainDance|[from] ability: Drizzle|[of] p1a: Politoed
|
|-weather|RainDance|[upkeep]
|upkeep
|turn|2
|
|t:|1713433108
|switch|p1a: Ferrothorn|Ferrothorn, F|100/100
|switch|p2a: Toxicroak|Toxicroak, F|100/100
|
|-weather|RainDance|[upkeep]
|upkeep
|turn|3
|
|t:|1713433121
|switch|p1a: Thundurus|Thundurus-Therian, M|100/100
|move|p2a: Toxicroak|Substitute|p2a: Toxicroak
|-start|p2a: Toxicroak|Substitute
|-damage|p2a: Toxicroak|76/100
|
|-weather|RainDance|[upkeep]
|-heal|p2a: Toxicroak|88/100|[from] ability: Dry Skin
|-heal|p2a: Toxicroak|94/100|[from] item: Black Sludge
|upkeep
|turn|4
|
|t:|1713433132
|move|p2a: Toxicroak|Sucker Punch|p1a: Thundurus
|-damage|p1a: Thundurus|66/100
|move|p1a: Thundurus|Thunder|p2a: Toxicroak
|-end|p2a: Toxicroak|Substitute
|
|-weather|RainDance|[upkeep]
|-heal|p2a: Toxicroak|100/100|[from] ability: Dry Skin
|-heal|p1a: Thundurus|72/100|[from] item: Leftovers
|upkeep
|turn|5
|
|t:|1713433140
|move|p1a: Thundurus|Thunder|p2a: Toxicroak
|-damage|p2a: Toxicroak|9/100
|move|p2a: Toxicroak|Swords Dance|p2a: Toxicroak
|-boost|p2a: Toxicroak|atk|2
|
|-weather|RainDance|[upkeep]
|-heal|p2a: Toxicroak|21/100|[from] ability: Dry Skin
|-heal|p1a: Thundurus|79/100|[from] item: Leftovers
|-heal|p2a: Toxicroak|27/100|[from] item: Black Sludge
|upkeep
|turn|6
|
|t:|1713433150
|switch|p1a: Mamoswine|Mamoswine, F|100/100
|switch|p2a: Tyranitar|Tyranitar, F|76/100
|-weather|Sandstorm|[from] ability: Sand Stream|[of] p2a: Tyranitar
|
|-weather|Sandstorm|[upkeep]
|upkeep
|turn|7
|
|t:|1713433171
|switch|p2a: Keldeo|Keldeo-Resolute|100/100
|move|p1a: Mamoswine|Icicle Crash|p2a: Keldeo
|-resisted|p2a: Keldeo
|-damage|p2a: Keldeo|61/100
|
|-weather|Sandstorm|[upkeep]
|-damage|p2a: Keldeo|54/100|[from] Sandstorm
|-heal|p2a: Keldeo|61/100|[from] item: Leftovers
|upkeep
|turn|8
|
|t:|1713433177
|switch|p1a: Tentacruel|Tentacruel, F|100/100
|move|p2a: Keldeo|Scald|p1a: Tentacruel
|-resisted|p1a: Tentacruel
|-damage|p1a: Tentacruel|84/100
|
|-weather|Sandstorm|[upkeep]
|-damage|p2a: Keldeo|54/100|[from] Sandstorm
|-damage|p1a: Tentacruel|78/100|[from] Sandstorm
|-heal|p2a: Keldeo|61/100|[from] item: Leftovers
|-heal|p1a: Tentacruel|84/100|[from] item: Black Sludge
|upkeep
|turn|9
|
|t:|1713433194
|switch|p1a: Latios|Latios, M|100/100
|move|p2a: Keldeo|Substitute|p2a: Keldeo
|-start|p2a: Keldeo|Substitute
|-damage|p2a: Keldeo|36/100
|
|-weather|Sandstorm|[upkeep]
|-damage|p1a: Latios|95/100|[from] Sandstorm
|-damage|p2a: Keldeo|30/100|[from] Sandstorm
|-heal|p2a: Keldeo|36/100|[from] item: Leftovers
|upkeep
|turn|10
|inactive|Dozkek has 120 seconds left.
|
|t:|1713433228
|move|p1a: Latios|Draco Meteor|p2a: Keldeo
|-end|p2a: Keldeo|Substitute
|-unboost|p1a: Latios|spa|2
|move|p2a: Keldeo|Scald|p1a: Latios
|-resisted|p1a: Latios
|-damage|p1a: Latios|72/100
|
|-weather|Sandstorm|[upkeep]
|-damage|p1a: Latios|66/100|[from] Sandstorm
|-damage|p2a: Keldeo|30/100|[from] Sandstorm
|-heal|p2a: Keldeo|36/100|[from] item: Leftovers
|upkeep
|turn|11
|
|t:|1713433236
|move|p1a: Latios|Draco Meteor|p2a: Keldeo
|-damage|p2a: Keldeo|0 fnt
|-unboost|p1a: Latios|spa|2
|faint|p2a: Keldeo
|
|-weather|Sandstorm|[upkeep]
|-damage|p1a: Latios|60/100|[from] Sandstorm
|upkeep
|
|t:|1713433238
|switch|p2a: Tyranitar|Tyranitar, F|76/100
|turn|12
|
|t:|1713433248
|move|p1a: Latios|Draco Meteor|p2a: Tyranitar
|-crit|p2a: Tyranitar
|-damage|p2a: Tyranitar|3/100
|-unboost|p1a: Latios|spa|2
|move|p2a: Tyranitar|Pursuit|p1a: Latios
|-supereffective|p1a: Latios
|-damage|p1a: Latios|3/100
|
|-weather|Sandstorm|[upkeep]
|-damage|p1a: Latios|0 fnt|[from] Sandstorm
|faint|p1a: Latios
|upkeep
|inactive|Dozkek has 120 seconds left.
|
|t:|1713433276
|switch|p1a: Mamoswine|Mamoswine, F|100/100
|turn|13
|
|t:|1713433284
|move|p1a: Mamoswine|Icicle Crash|p2a: Tyranitar|[miss]
|-miss|p1a: Mamoswine|p2a: Tyranitar
|move|p2a: Tyranitar|Superpower|p1a: Mamoswine
|-supereffective|p1a: Mamoswine
|-crit|p1a: Mamoswine
|-damage|p1a: Mamoswine|0 fnt
|-unboost|p2a: Tyranitar|atk|1
|-unboost|p2a: Tyranitar|def|1
|faint|p1a: Mamoswine
|
|-weather|Sandstorm|[upkeep]
|upkeep
|c|☆Dozkek|Ggs
|c|☆Dozkek|I lost
|c|☆Dozkek|Fking rng
|
|t:|1713433307
|switch|p1a: Thundurus|Thundurus-Therian, M|79/100
|turn|14
|
|t:|1713433310
|move|p1a: Thundurus|U-turn|p2a: Tyranitar
|-supereffective|p2a: Tyranitar
|-crit|p2a: Tyranitar
|-damage|p2a: Tyranitar|0 fnt
|faint|p2a: Tyranitar
|
|t:|1713433317
|switch|p1a: Ferrothorn|Ferrothorn, F|100/100|[from] U-turn
|
|-weather|Sandstorm|[upkeep]
|upkeep
|
|t:|1713433330
|switch|p2a: Landorus|Landorus-Therian, M|100/100
|-ability|p2a: Landorus|Intimidate|boost
|-unboost|p1a: Ferrothorn|atk|1
|turn|15
|
|t:|1713433349
|switch|p1a: Thundurus|Thundurus-Therian, M|79/100
|move|p2a: Landorus|Stealth Rock|p1a: Thundurus
|-sidestart|p1: Dozkek|move: Stealth Rock
|
|-weather|Sandstorm|[upkeep]
|-damage|p1a: Thundurus|72/100|[from] Sandstorm
|-heal|p1a: Thundurus|79/100|[from] item: Leftovers
|upkeep
|turn|16
|
|t:|1713433364
|switch|p2a: Terrakion|Terrakion|100/100
|move|p1a: Thundurus|Thunder|p2a: Terrakion
|-damage|p2a: Terrakion|48/100
|
|-weather|Sandstorm|[upkeep]
|-damage|p1a: Thundurus|72/100|[from] Sandstorm
|-heal|p1a: Thundurus|79/100|[from] item: Leftovers
|upkeep
|turn|17
|
|t:|1713433384
|switch|p2a: Toxicroak|Toxicroak, F|27/100
|switch|p1a: Politoed|Politoed, F|100/100
|-damage|p1a: Politoed|88/100|[from] Stealth Rock
|-weather|RainDance|[from] ability: Drizzle|[of] p1a: Politoed
|
|-weather|RainDance|[upkeep]
|-heal|p2a: Toxicroak|40/100|[from] ability: Dry Skin
|-heal|p2a: Toxicroak|46/100|[from] item: Black Sludge
|-heal|p1a: Politoed|94/100|[from] item: Leftovers
|upkeep
|turn|18
|inactive|Dozkek has 90 seconds left.
|
|t:|1713433403
|move|p2a: Toxicroak|Drain Punch|p1a: Politoed
|-damage|p1a: Politoed|67/100
|-heal|p2a: Toxicroak|60/100|[from] drain|[of] p1a: Politoed
|move|p1a: Politoed|Encore|p2a: Toxicroak
|-start|p2a: Toxicroak|Encore
|
|-weather|RainDance|[upkeep]
|-heal|p2a: Toxicroak|73/100|[from] ability: Dry Skin
|-heal|p2a: Toxicroak|79/100|[from] item: Black Sludge
|-heal|p1a: Politoed|73/100|[from] item: Leftovers
|upkeep
|turn|19
|
|t:|1713433412
|switch|p2a: Terrakion|Terrakion|48/100
|switch|p1a: Thundurus|Thundurus-Therian, M|79/100
|-damage|p1a: Thundurus|54/100|[from] Stealth Rock
|
|-weather|RainDance|[upkeep]
|-heal|p1a: Thundurus|60/100|[from] item: Leftovers
|upkeep
|turn|20
|inactive|Dozkek has 90 seconds left.
|
|t:|1713433437
|switch|p1a: Ferrothorn|Ferrothorn, F|100/100
|-damage|p1a: Ferrothorn|94/100|[from] Stealth Rock
|move|p2a: Terrakion|Stone Edge|p1a: Ferrothorn
|-resisted|p1a: Ferrothorn
|-damage|p1a: Ferrothorn|73/100
|-damage|p2a: Terrakion|38/100|[from] item: Life Orb
|
|-weather|RainDance|[upkeep]
|upkeep
|turn|21
|-message|Dozkek forfeited.
|
|win|radaty
|raw|Dozkek's rating: 1306 &rarr; <strong>1294</strong><br />(-12 for losing)
|raw|radaty's rating: 1445 &rarr; <strong>1457</strong><br />(+12 for winning)
|c|☆Dozkek|Fk rng
|l|☆radaty
|player|p2|
|c|☆Dozkek|Ggs
