|j|☆bad big bratt
|j|☆doughboy
|player|p1|bad big bratt|217
|player|p2|doughboy|266
|teamsize|p1|6
|teamsize|p2|6
|gametype|singles
|gen|5
|tier|[Gen 5] OU
|rated|
|rule|Sleep Clause Mod: Limit one foe put to sleep
|rule|Species Clause: Limit one of each Pokémon
|rule|OHKO Clause: OHKO moves are banned
|rule|Moody Clause: Moody is banned
|rule|Evasion Moves Clause: Evasion moves are banned
|rule|Endless Battle Clause: Forcing endless battles is banned
|rule|HP Percentage Mod: HP is shown in percentages
|rule|Evasion Abilities Clause: Evasion abilities are banned
|rule|Baton Pass Clause: Limit one Baton Passer, can't pass Spe and other stats simultaneously
|rule|Swagger Clause: Swagger is banned
|clearpoke
|poke|p1|Garchomp, F|item
|poke|p1|Dragonite, M|item
|poke|p1|Starmie|item
|poke|p1|Scizor, M|item
|poke|p1|Breloom, M|item
|poke|p1|Volcarona, F|item
|poke|p2|Abomasnow, F|item
|poke|p2|Magnezone|item
|poke|p2|Latios, M|item
|poke|p2|Garchomp, M|item
|poke|p2|Latias, F|item
|poke|p2|Mamoswine, F|item
|teampreview
|inactive|Battle timer is ON: inactive players will automatically lose when time's up. (requested by bad big bratt)
|
|start
|switch|p1a: Garchomp|Garchomp, F|100/100
|switch|p2a: Mamoswine|Mamoswine, F|100/100
|turn|1
|
|move|p1a: Garchomp|Stealth Rock|p2a: Mamoswine
|-sidestart|p2: doughboy|move: Stealth Rock
|move|p2a: Mamoswine|Icicle Spear|p1a: Garchomp
|-supereffective|p1a: Garchomp
|-enditem|p1a: Garchomp|Yache Berry|[eat]
|-enditem|p1a: Garchomp|Yache Berry|[weaken]
|-damage|p1a: Garchomp|63/100
|-supereffective|p1a: Garchomp
|-crit|p1a: Garchomp
|-damage|p1a: Garchomp|0 fnt
|-hitcount|p1a: Garchomp|2
|-damage|p2a: Mamoswine|91/100|[from] item: Life Orb
|faint|p1a: Garchomp
|
|upkeep
|
|switch|p1a: Starmie|Starmie|100/100
|turn|2
|
|switch|p2a: Abomasnow|Abomasnow, F|100/100
|-damage|p2a: Abomasnow|76/100|[from] Stealth Rock
|-weather|Hail|[from] ability: Snow Warning|[of] p2a: Abomasnow
|move|p1a: Starmie|Hydro Pump|p2a: Abomasnow
|-resisted|p2a: Abomasnow
|-crit|p2a: Abomasnow
|-damage|p2a: Abomasnow|0 fnt
|-damage|p1a: Starmie|91/100|[from] item: Life Orb
|faint|p2a: Abomasnow
|
|-weather|Hail|[upkeep]
|-damage|p1a: Starmie|84/100|[from] Hail
|upkeep
|
|switch|p2a: Latias|Latias, F|100/100
|-damage|p2a: Latias|88/100|[from] Stealth Rock
|turn|3
|
|move|p1a: Starmie|Ice Beam|p2a: Latias
|-supereffective|p2a: Latias
|-damage|p2a: Latias|17/100
|-damage|p1a: Starmie|74/100|[from] item: Life Orb
|move|p2a: Latias|Dragon Pulse|p1a: Starmie
|-damage|p1a: Starmie|0 fnt
|-damage|p2a: Latias|7/100|[from] item: Life Orb
|faint|p1a: Starmie
|
|-weather|Hail|[upkeep]
|-damage|p2a: Latias|1/100|[from] Hail
|upkeep
|j| ybknlmxsxs
|inactive|bad big bratt has 120 seconds left.
|
|switch|p1a: Scizor|Scizor, M|100/100
|turn|4
|
|move|p1a: Scizor|Bullet Punch|p2a: Latias
|-damage|p2a: Latias|0 fnt
|-damage|p1a: Scizor|91/100|[from] item: Life Orb
|faint|p2a: Latias
|
|-weather|Hail|[upkeep]
|-damage|p1a: Scizor|84/100|[from] Hail
|upkeep
|
|switch|p2a: Magnezone|Magnezone|100/100
|-damage|p2a: Magnezone|94/100|[from] Stealth Rock
|turn|5
|
|move|p2a: Magnezone|Hidden Power|p1a: Scizor
|-supereffective|p1a: Scizor
|-damage|p1a: Scizor|0 fnt
|faint|p1a: Scizor
|
|-weather|Hail|[upkeep]
|-damage|p2a: Magnezone|88/100|[from] Hail
|-heal|p2a: Magnezone|94/100|[from] item: Leftovers
|upkeep
|
|switch|p1a: Volcarona|Volcarona, F|100/100
|turn|6
|
|switch|p2a: Garchomp|Garchomp, M|100/100
|-damage|p2a: Garchomp|94/100|[from] Stealth Rock
|move|p1a: Volcarona|Quiver Dance|p1a: Volcarona
|-boost|p1a: Volcarona|spa|1
|-boost|p1a: Volcarona|spd|1
|-boost|p1a: Volcarona|spe|1
|
|-weather|Hail|[upkeep]
|-damage|p2a: Garchomp|88/100|[from] Hail
|-damage|p1a: Volcarona|94/100|[from] Hail
|upkeep
|turn|7
|inactive|doughboy has 120 seconds left.
|
|move|p2a: Garchomp|Outrage|p1a: Volcarona
|-damage|p1a: Volcarona|37/100
|move|p1a: Volcarona|Hidden Power|p2a: Garchomp
|-supereffective|p2a: Garchomp
|-damage|p2a: Garchomp|0 fnt
|faint|p2a: Garchomp
|
|-weather|Hail|[upkeep]
|-damage|p1a: Volcarona|31/100|[from] Hail
|upkeep
|
|switch|p2a: Magnezone|Magnezone|94/100
|-damage|p2a: Magnezone|88/100|[from] Stealth Rock
|turn|8
|
|move|p2a: Magnezone|Protect|p2a: Magnezone
|-singleturn|p2a: Magnezone|Protect
|move|p1a: Volcarona|Flamethrower|p2a: Magnezone
|-activate|p2a: Magnezone|move: Protect
|
|-weather|Hail|[upkeep]
|-damage|p1a: Volcarona|24/100|[from] Hail
|-damage|p2a: Magnezone|82/100|[from] Hail
|-heal|p2a: Magnezone|88/100|[from] item: Leftovers
|upkeep
|turn|9
|inactive|doughboy has 120 seconds left.
|inactive|doughboy has 90 seconds left.
|
|switch|p2a: Latios|Latios, M|100/100
|-damage|p2a: Latios|88/100|[from] Stealth Rock
|move|p1a: Volcarona|Flamethrower|p2a: Latios
|-resisted|p2a: Latios
|-damage|p2a: Latios|54/100
|
|-weather|Hail|[upkeep]
|-damage|p1a: Volcarona|18/100|[from] Hail
|-damage|p2a: Latios|48/100|[from] Hail
|upkeep
|turn|10
|
|move|p1a: Volcarona|Hidden Power|p2a: Latios
|-supereffective|p2a: Latios
|-damage|p2a: Latios|0 fnt
|faint|p2a: Latios
|
|-weather|Hail|[upkeep]
|-damage|p1a: Volcarona|12/100|[from] Hail
|upkeep
|
|switch|p2a: Mamoswine|Mamoswine, F|91/100
|-damage|p2a: Mamoswine|78/100|[from] Stealth Rock
|turn|11
|
|move|p2a: Mamoswine|Ice Shard|p1a: Volcarona
|-resisted|p1a: Volcarona
|-damage|p1a: Volcarona|0 fnt
|-damage|p2a: Mamoswine|68/100|[from] item: Life Orb
|faint|p1a: Volcarona
|
|-weather|Hail|[upkeep]
|upkeep
|
|switch|p1a: Breloom|Breloom, M|100/100
|turn|12
|
|switch|p2a: Magnezone|Magnezone|88/100
|-damage|p2a: Magnezone|82/100|[from] Stealth Rock
|move|p1a: Breloom|Mach Punch|p2a: Magnezone
|-supereffective|p2a: Magnezone
|-damage|p2a: Magnezone|13/100
|
|-weather|Hail|[upkeep]
|-damage|p1a: Breloom|94/100|[from] Hail
|-damage|p2a: Magnezone|7/100|[from] Hail
|-heal|p2a: Magnezone|13/100|[from] item: Leftovers
|upkeep
|turn|13
|
|move|p2a: Magnezone|Protect|p2a: Magnezone
|-singleturn|p2a: Magnezone|Protect
|move|p1a: Breloom|Mach Punch|p2a: Magnezone
|-activate|p2a: Magnezone|move: Protect
|
|-weather|Hail|[upkeep]
|-damage|p1a: Breloom|88/100|[from] Hail
|-damage|p2a: Magnezone|7/100|[from] Hail
|-heal|p2a: Magnezone|13/100|[from] item: Leftovers
|upkeep
|turn|14
|
|move|p1a: Breloom|Mach Punch|p2a: Magnezone
|-supereffective|p2a: Magnezone
|-damage|p2a: Magnezone|0 fnt
|faint|p2a: Magnezone
|
|-weather|Hail|[upkeep]
|-damage|p1a: Breloom|82/100|[from] Hail
|upkeep
|
|switch|p2a: Mamoswine|Mamoswine, F|68/100
|-damage|p2a: Mamoswine|56/100|[from] Stealth Rock
|turn|15
|
|move|p1a: Breloom|Mach Punch|p2a: Mamoswine
|-supereffective|p2a: Mamoswine
|-damage|p2a: Mamoswine|0 fnt
|faint|p2a: Mamoswine
|
|win|bad big bratt
|l|☆doughboy
|raw|bad big bratt's rating: 1533 &rarr; <strong>1545</strong><br />(+12 for winning)
|raw|doughboy's rating: 1386 &rarr; <strong>1374</strong><br />(-12 for losing)
