|j|☆the King of bel
|j|☆leoperi99
|t:|1707432284
|gametype|singles
|player|p1|the King of bel|1|1364
|player|p2|leoperi99|hexmaniac-gen3jp|1529
|teamsize|p1|6
|teamsize|p2|6
|gen|5
|tier|[Gen 5] OU
|rated|
|rule|Species Clause: Limit one of each Pokémon
|rule|OHKO Clause: OHKO moves are banned
|rule|Moody Clause: Moody is banned
|rule|Evasion Items Clause: Evasion items are banned
|rule|Evasion Moves Clause: Evasion moves are banned
|rule|Endless Battle Clause: Forcing endless battles is banned
|rule|HP Percentage Mod: HP is shown in percentages
|rule|Evasion Abilities Clause: Evasion abilities are banned
|rule|Sleep Moves Clause: Sleep-inducing moves are banned
|rule|Swagger Clause: Swagger is banned
|rule|Baton Pass Stat Clause: No Baton Passer may have a way to boost its stats
|clearpoke
|poke|p1|Magnezone|item
|poke|p1|Scizor, M|item
|poke|p1|Dragonite, M|item
|poke|p1|Garchomp, M|item
|poke|p1|Latios, M|item
|poke|p1|Salamence, M|item
|poke|p2|Breloom, F|item
|poke|p2|Tyranitar, F|item
|poke|p2|Landorus-Therian, M|item
|poke|p2|Rotom-Wash|item
|poke|p2|Latios, M|item
|poke|p2|Excadrill, F|item
|teampreview
|
|t:|1707432318
|start
|switch|p1a: Magnezone|Magnezone, shiny|100/100
|switch|p2a: Landorus|Landorus-Therian, M, shiny|100/100
|-ability|p2a: Landorus|Intimidate|boost
|-unboost|p1a: Magnezone|atk|1
|turn|1
|
|t:|1707432323
|move|p2a: Landorus|Stealth Rock|p1a: Magnezone
|-sidestart|p1: the King of bel|move: Stealth Rock
|move|p1a: Magnezone|Hidden Power|p2a: Landorus
|-supereffective|p2a: Landorus
|-damage|p2a: Landorus|0 fnt
|faint|p2a: Landorus
|
|upkeep
|
|t:|1707432341
|switch|p2a: Breloom|Breloom, F, shiny|100/100
|turn|2
|
|t:|1707432377
|move|p2a: Breloom|Mach Punch|p1a: Magnezone
|-supereffective|p1a: Magnezone
|-damage|p1a: Magnezone|0 fnt
|faint|p1a: Magnezone
|
|upkeep
|
|t:|1707432383
|switch|p1a: Scizor|Scizor, M|100/100
|-damage|p1a: Scizor|88/100|[from] Stealth Rock
|turn|3
|
|t:|1707432397
|move|p2a: Breloom|Mach Punch|p1a: Scizor
|-damage|p1a: Scizor|24/100
|move|p1a: Scizor|U-turn|p2a: Breloom
|-damage|p2a: Breloom|8/100
|
|t:|1707432412
|switch|p1a: Dragonite|Dragonite, M|100/100|[from] U-turn
|-damage|p1a: Dragonite|76/100|[from] Stealth Rock
|
|upkeep
|turn|4
|
|t:|1707432421
|switch|p2a: Excadrill|Excadrill, F, shiny|100/100
|move|p1a: Dragonite|Extreme Speed|p2a: Excadrill
|-resisted|p2a: Excadrill
|-damage|p2a: Excadrill|69/100
|
|upkeep
|turn|5
|
|t:|1707432429
|switch|p1a: Garchomp|Garchomp, M|100/100
|-damage|p1a: Garchomp|94/100|[from] Stealth Rock
|move|p2a: Excadrill|Rock Slide|p1a: Garchomp
|-resisted|p1a: Garchomp
|-damage|p1a: Garchomp|83/100
|
|upkeep
|turn|6
|
|t:|1707432438
|switch|p2a: Rotom|Rotom-Wash, shiny|100/100
|move|p1a: Garchomp|Dual Chop|p2a: Rotom
|-damage|p2a: Rotom|83/100
|-damage|p2a: Rotom|67/100
|-hitcount|p2a: Rotom|2
|
|-heal|p2a: Rotom|73/100|[from] item: Leftovers
|upkeep
|turn|7
|
|t:|1707432451
|switch|p1a: Latios|Latios, M|100/100
|-damage|p1a: Latios|88/100|[from] Stealth Rock
|move|p2a: Rotom|Hydro Pump|p1a: Latios
|-resisted|p1a: Latios
|-damage|p1a: Latios|64/100
|
|-heal|p2a: Rotom|79/100|[from] item: Leftovers
|upkeep
|turn|8
|
|t:|1707432457
|switch|p1a: Scizor|Scizor, M|24/100
|-damage|p1a: Scizor|11/100|[from] Stealth Rock
|switch|p2a: Tyranitar|Tyranitar, F, shiny|100/100
|-weather|Sandstorm|[from] ability: Sand Stream|[of] p2a: Tyranitar
|
|-weather|Sandstorm|[upkeep]
|upkeep
|turn|9
|
|t:|1707432463
|switch|p2a: Breloom|Breloom, F, shiny|8/100
|move|p1a: Scizor|Roost|p1a: Scizor
|-heal|p1a: Scizor|61/100
|-singleturn|p1a: Scizor|move: Roost
|
|-weather|Sandstorm|[upkeep]
|-damage|p2a: Breloom|2/100|[from] Sandstorm
|upkeep
|turn|10
|
|t:|1707432469
|move|p2a: Breloom|Mach Punch|p1a: Scizor
|-damage|p1a: Scizor|2/100
|move|p1a: Scizor|Roost|p1a: Scizor
|-heal|p1a: Scizor|52/100
|-singleturn|p1a: Scizor|move: Roost
|
|-weather|Sandstorm|[upkeep]
|-damage|p2a: Breloom|0 fnt|[from] Sandstorm
|faint|p2a: Breloom
|upkeep
|
|t:|1707432478
|switch|p2a: Latios|Latios, M|100/100
|turn|11
|
|t:|1707432489
|switch|p1a: Garchomp|Garchomp, M|83/100
|-damage|p1a: Garchomp|77/100|[from] Stealth Rock
|move|p2a: Latios|Draco Meteor|p1a: Garchomp
|-supereffective|p1a: Garchomp
|-crit|p1a: Garchomp
|-damage|p1a: Garchomp|0 fnt
|-unboost|p2a: Latios|spa|2
|faint|p1a: Garchomp
|
|-weather|Sandstorm|[upkeep]
|-damage|p2a: Latios|95/100|[from] Sandstorm
|upkeep
|
|t:|1707432493
|switch|p1a: Scizor|Scizor, M|52/100
|-damage|p1a: Scizor|40/100|[from] Stealth Rock
|turn|12
|
|t:|1707432494
|move|p2a: Latios|Draco Meteor|p1a: Scizor
|-resisted|p1a: Scizor
|-damage|p1a: Scizor|9/100
|-unboost|p2a: Latios|spa|2
|move|p1a: Scizor|Pursuit|p2a: Latios
|-supereffective|p2a: Latios
|-damage|p2a: Latios|0 fnt
|faint|p2a: Latios
|
|-weather|Sandstorm|[upkeep]
|upkeep
|
|t:|1707432498
|switch|p2a: Rotom|Rotom-Wash, shiny|79/100
|turn|13
|
|t:|1707432511
|switch|p1a: Latios|Latios, M|64/100
|-damage|p1a: Latios|52/100|[from] Stealth Rock
|move|p2a: Rotom|Volt Switch|p1a: Latios
|-resisted|p1a: Latios
|-damage|p1a: Latios|40/100
|
|t:|1707432516
|switch|p2a: Tyranitar|Tyranitar, F, shiny|100/100|[from] Volt Switch
|
|-weather|Sandstorm|[upkeep]
|-damage|p1a: Latios|34/100|[from] Sandstorm
|upkeep
|turn|14
|
|t:|1707432529
|move|p1a: Latios|Draco Meteor|p2a: Tyranitar
|-damage|p2a: Tyranitar|67/100
|-unboost|p1a: Latios|spa|2
|move|p2a: Tyranitar|Pursuit|p1a: Latios
|-supereffective|p1a: Latios
|-damage|p1a: Latios|0 fnt
|faint|p1a: Latios
|
|-weather|Sandstorm|[upkeep]
|upkeep
|
|t:|1707432538
|switch|p1a: Dragonite|Dragonite, M|76/100
|-damage|p1a: Dragonite|51/100|[from] Stealth Rock
|turn|15
|
|t:|1707432546
|move|p1a: Dragonite|Superpower|p2a: Tyranitar
|-supereffective|p2a: Tyranitar
|-enditem|p2a: Tyranitar|Chople Berry|[eat]
|-enditem|p2a: Tyranitar|Chople Berry|[weaken]
|-damage|p2a: Tyranitar|0 fnt
|-unboost|p1a: Dragonite|atk|1
|-unboost|p1a: Dragonite|def|1
|faint|p2a: Tyranitar
|
|-weather|Sandstorm|[upkeep]
|-damage|p1a: Dragonite|45/100|[from] Sandstorm
|upkeep
|
|t:|1707432552
|switch|p2a: Excadrill|Excadrill, F, shiny|69/100
|turn|16
|
|t:|1707432554
|move|p2a: Excadrill|Rock Slide|p1a: Dragonite
|-supereffective|p1a: Dragonite
|-damage|p1a: Dragonite|0 fnt
|faint|p1a: Dragonite
|
|-weather|Sandstorm|[upkeep]
|upkeep
|
|t:|1707432558
|switch|p1a: Salamence|Salamence, M|100/100
|-damage|p1a: Salamence|76/100|[from] Stealth Rock
|turn|17
|
|t:|1707432560
|move|p2a: Excadrill|Rock Slide|p1a: Salamence|[miss]
|-miss|p2a: Excadrill|p1a: Salamence
|move|p1a: Salamence|Dragon Dance|p1a: Salamence
|-boost|p1a: Salamence|atk|1
|-boost|p1a: Salamence|spe|1
|
|-weather|Sandstorm|[upkeep]
|-damage|p1a: Salamence|70/100|[from] Sandstorm
|upkeep
|turn|18
|
|t:|1707432563
|move|p1a: Salamence|Earthquake|p2a: Excadrill
|-supereffective|p2a: Excadrill
|-damage|p2a: Excadrill|0 fnt
|faint|p2a: Excadrill
|-ability|p1a: Salamence|Moxie|boost
|-boost|p1a: Salamence|atk|1
|
|-weather|Sandstorm|[upkeep]
|-damage|p1a: Salamence|64/100|[from] Sandstorm
|upkeep
|c|☆leoperi99|ok gg
|-message|leoperi99 forfeited.
|
|win|the King of bel
|raw|the King of bel's rating: 1364 &rarr; <strong>1393</strong><br />(+29 for winning)
|raw|leoperi99's rating: 1529 &rarr; <strong>1500</strong><br />(-29 for losing)
