|j|☆aeger4321
|j|☆SattleBimulator
|t:|1737998621
|gametype|singles
|player|p1|aeger4321|dawn-gen4pt|1268
|player|p2|SattleBimulator|1|1343
|teamsize|p1|6
|teamsize|p2|6
|gen|5
|tier|[Gen 5] OU
|rated|
|rule|Species Clause: Limit one of each Pokémon
|rule|OHKO Clause: OHKO moves are banned
|rule|Moody Clause: Moody is banned
|rule|Evasion Items Clause: Evasion items are banned
|rule|Evasion Moves Clause: Evasion moves are banned
|rule|Endless Battle Clause: Forcing endless battles is banned
|rule|HP Percentage Mod: HP is shown in percentages
|rule|Evasion Abilities Clause: Evasion abilities are banned
|rule|Sleep Moves Clause: Sleep-inducing moves are banned
|rule|Swagger Clause: Swagger is banned
|rule|Baton Pass Stat Clause: No Baton Passer may have a way to boost its stats
|clearpoke
|poke|p1|Sableye, F|item
|poke|p1|Starmie|item
|poke|p1|Politoed, F|item
|poke|p1|Reuniclus, F|item
|poke|p1|Toxicroak, M|item
|poke|p1|Ferrothorn, M|item
|poke|p2|Excadrill, M|item
|poke|p2|Garchomp, M|item
|poke|p2|Tyranitar, F|item
|poke|p2|Scizor, F|item
|poke|p2|Skarmory, M|item
|poke|p2|Gengar, F|item
|teampreview
|inactive|Battle timer is ON: inactive players will automatically lose when time's up. (requested by SattleBimulator)
|
|t:|1737998626
|start
|switch|p1a: Sableye|Sableye, F|100/100
|switch|p2a: Skarmory|Skarmory, M|100/100
|turn|1
|
|t:|1737998630
|switch|p2a: Tyranitar|Tyranitar, F|100/100
|-weather|Sandstorm|[from] ability: Sand Stream|[of] p2a: Tyranitar
|move|p1a: Sableye|Taunt|p2a: Tyranitar
|-start|p2a: Tyranitar|move: Taunt
|
|-weather|Sandstorm|[upkeep]
|-damage|p1a: Sableye|95/100|[from] Sandstorm
|-heal|p1a: Sableye|100/100|[from] item: Leftovers
|upkeep
|turn|2
|
|t:|1737998634
|move|p1a: Sableye|Will-O-Wisp|p2a: Tyranitar
|-status|p2a: Tyranitar|brn
|move|p2a: Tyranitar|Rock Slide|p1a: Sableye
|-damage|p1a: Sableye|78/100
|
|-weather|Sandstorm|[upkeep]
|-damage|p1a: Sableye|72/100|[from] Sandstorm
|-heal|p1a: Sableye|78/100|[from] item: Leftovers
|-damage|p2a: Tyranitar|88/100 brn|[from] brn
|upkeep
|turn|3
|
|t:|1737998640
|move|p1a: Sableye|Substitute|p1a: Sableye
|-start|p1a: Sableye|Substitute
|-damage|p1a: Sableye|53/100
|move|p2a: Tyranitar|Ice Beam|p1a: Sableye
|-crit|p1a: Sableye
|-end|p1a: Sableye|Substitute
|
|-weather|Sandstorm|[upkeep]
|-damage|p1a: Sableye|47/100|[from] Sandstorm
|-heal|p1a: Sableye|53/100|[from] item: Leftovers
|-damage|p2a: Tyranitar|76/100 brn|[from] brn
|-end|p2a: Tyranitar|move: Taunt
|upkeep
|turn|4
|
|t:|1737998642
|move|p1a: Sableye|Recover|p1a: Sableye
|-heal|p1a: Sableye|100/100
|move|p2a: Tyranitar|Ice Beam|p1a: Sableye
|-crit|p1a: Sableye
|-damage|p1a: Sableye|32/100
|
|-weather|Sandstorm|[upkeep]
|-damage|p1a: Sableye|26/100|[from] Sandstorm
|-heal|p1a: Sableye|32/100|[from] item: Leftovers
|-damage|p2a: Tyranitar|63/100 brn|[from] brn
|upkeep
|turn|5
|
|t:|1737998651
|move|p1a: Sableye|Recover|p1a: Sableye
|-heal|p1a: Sableye|82/100
|move|p2a: Tyranitar|Ice Beam|p1a: Sableye
|-damage|p1a: Sableye|50/100
|
|-weather|Sandstorm|[upkeep]
|-damage|p1a: Sableye|44/100|[from] Sandstorm
|-heal|p1a: Sableye|50/100|[from] item: Leftovers
|-damage|p2a: Tyranitar|51/100 brn|[from] brn
|upkeep
|turn|6
|
|t:|1737998653
|move|p1a: Sableye|Recover|p1a: Sableye
|-heal|p1a: Sableye|100/100
|move|p2a: Tyranitar|Thunder Wave|p1a: Sableye
|-status|p1a: Sableye|par
|
|-weather|Sandstorm|[upkeep]
|-damage|p1a: Sableye|95/100 par|[from] Sandstorm
|-heal|p1a: Sableye|100/100 par|[from] item: Leftovers
|-damage|p2a: Tyranitar|39/100 brn|[from] brn
|upkeep
|turn|7
|
|t:|1737998660
|cant|p1a: Sableye|par
|move|p2a: Tyranitar|Ice Beam|p1a: Sableye
|-damage|p1a: Sableye|68/100 par
|
|-weather|Sandstorm|[upkeep]
|-damage|p1a: Sableye|63/100 par|[from] Sandstorm
|-heal|p1a: Sableye|68/100 par|[from] item: Leftovers
|-damage|p2a: Tyranitar|26/100 brn|[from] brn
|upkeep
|turn|8
|
|t:|1737998663
|move|p1a: Sableye|Recover|p1a: Sableye
|-heal|p1a: Sableye|100/100 par
|move|p2a: Tyranitar|Ice Beam|p1a: Sableye
|-damage|p1a: Sableye|67/100 par
|
|-weather|Sandstorm|[upkeep]
|-damage|p1a: Sableye|61/100 par|[from] Sandstorm
|-heal|p1a: Sableye|67/100 par|[from] item: Leftovers
|-damage|p2a: Tyranitar|14/100 brn|[from] brn
|upkeep
|turn|9
|
|t:|1737998666
|move|p1a: Sableye|Substitute|p1a: Sableye
|-start|p1a: Sableye|Substitute
|-damage|p1a: Sableye|42/100 par
|move|p2a: Tyranitar|Ice Beam|p1a: Sableye
|-end|p1a: Sableye|Substitute
|
|-weather|Sandstorm|[upkeep]
|-damage|p1a: Sableye|36/100 par|[from] Sandstorm
|-heal|p1a: Sableye|42/100 par|[from] item: Leftovers
|-damage|p2a: Tyranitar|1/100 brn|[from] brn
|upkeep
|turn|10
|
|t:|1737998668
|cant|p1a: Sableye|par
|move|p2a: Tyranitar|Ice Beam|p1a: Sableye
|-damage|p1a: Sableye|8/100 par
|
|-weather|Sandstorm|[upkeep]
|-damage|p1a: Sableye|2/100 par|[from] Sandstorm
|-heal|p1a: Sableye|8/100 par|[from] item: Leftovers
|-damage|p2a: Tyranitar|0 fnt|[from] brn
|faint|p2a: Tyranitar
|upkeep
|
|t:|1737998670
|switch|p2a: Scizor|Scizor, F|100/100
|turn|11
|
|t:|1737998675
|switch|p1a: Ferrothorn|Ferrothorn, M|100/100
|move|p2a: Scizor|Bullet Punch|p1a: Ferrothorn
|-resisted|p1a: Ferrothorn
|-damage|p1a: Ferrothorn|88/100
|-damage|p2a: Scizor|88/100|[from] ability: Iron Barbs|[of] p1a: Ferrothorn
|-damage|p2a: Scizor|78/100|[from] item: Life Orb
|
|-weather|Sandstorm|[upkeep]
|-heal|p1a: Ferrothorn|95/100|[from] item: Leftovers
|upkeep
|turn|12
|
|t:|1737998691
|move|p2a: Scizor|Swords Dance|p2a: Scizor
|-boost|p2a: Scizor|atk|2
|move|p1a: Ferrothorn|Leech Seed|p2a: Scizor
|-start|p2a: Scizor|move: Leech Seed
|
|-weather|Sandstorm|[upkeep]
|-heal|p1a: Ferrothorn|100/100|[from] item: Leftovers
|-damage|p2a: Scizor|66/100|[from] Leech Seed|[of] p1a: Ferrothorn
|upkeep
|turn|13
|
|t:|1737998694
|switch|p1a: Sableye|Sableye, F|8/100 par
|move|p2a: Scizor|Swords Dance|p2a: Scizor
|-boost|p2a: Scizor|atk|2
|
|-weather|Sandstorm|[upkeep]
|-damage|p1a: Sableye|2/100 par|[from] Sandstorm
|-heal|p1a: Sableye|8/100 par|[from] item: Leftovers
|-damage|p2a: Scizor|53/100|[from] Leech Seed|[of] p1a: Sableye
|-heal|p1a: Sableye|19/100 par|[silent]
|upkeep
|turn|14
|
|t:|1737998700
|move|p2a: Scizor|Bullet Punch|p1a: Sableye
|-damage|p1a: Sableye|0 fnt
|faint|p1a: Sableye
|-damage|p2a: Scizor|43/100|[from] item: Life Orb
|
|-weather|Sandstorm|[upkeep]
|upkeep
|j| Hauntaholics
|
|t:|1737998705
|switch|p1a: Politoed|Politoed, F|100/100
|-weather|RainDance|[from] ability: Drizzle|[of] p1a: Politoed
|turn|15
|
|t:|1737998706
|move|p1a: Politoed|Protect|p1a: Politoed
|-singleturn|p1a: Politoed|Protect
|move|p2a: Scizor|Superpower|p1a: Politoed
|-activate|p1a: Politoed|move: Protect
|
|-weather|RainDance|[upkeep]
|-damage|p2a: Scizor|31/100|[from] Leech Seed|[of] p1a: Politoed
|upkeep
|turn|16
|
|t:|1737998717
|move|p1a: Politoed|Protect|p1a: Politoed
|-singleturn|p1a: Politoed|Protect
|move|p2a: Scizor|Superpower|p1a: Politoed
|-activate|p1a: Politoed|move: Protect
|
|-weather|RainDance|[upkeep]
|-damage|p2a: Scizor|18/100|[from] Leech Seed|[of] p1a: Politoed
|upkeep
|turn|17
|
|t:|1737998725
|switch|p1a: Reuniclus|Reuniclus, F|100/100
|move|p2a: Scizor|U-turn|p1a: Reuniclus
|-supereffective|p1a: Reuniclus
|-damage|p1a: Reuniclus|0 fnt
|-damage|p2a: Scizor|2/100|[from] item: Rocky Helmet|[of] p1a: Reuniclus
|faint|p1a: Reuniclus
|-damage|p2a: Scizor|0 fnt|[from] item: Life Orb
|faint|p2a: Scizor
|
|-weather|RainDance|[upkeep]
|upkeep
|
|t:|1737998751
|switch|p2a: Gengar|Gengar, F|100/100
|switch|p1a: Toxicroak|Toxicroak, M|100/100
|turn|18
|
|t:|1737998757
|move|p2a: Gengar|Destiny Bond|p2a: Gengar
|-singlemove|p2a: Gengar|Destiny Bond
|move|p1a: Toxicroak|Substitute|p1a: Toxicroak
|-start|p1a: Toxicroak|Substitute
|-damage|p1a: Toxicroak|76/100
|
|-weather|RainDance|[upkeep]
|-heal|p1a: Toxicroak|88/100|[from] ability: Dry Skin
|-heal|p1a: Toxicroak|94/100|[from] item: Leftovers
|upkeep
|turn|19
|
|t:|1737998761
|move|p2a: Gengar|Shadow Ball|p1a: Toxicroak
|-end|p1a: Toxicroak|Substitute
|-damage|p2a: Gengar|91/100|[from] item: Life Orb
|move|p1a: Toxicroak|Bulk Up|p1a: Toxicroak
|-boost|p1a: Toxicroak|atk|1
|-boost|p1a: Toxicroak|def|1
|
|-weather|RainDance|[upkeep]
|-heal|p1a: Toxicroak|100/100|[from] ability: Dry Skin
|upkeep
|turn|20
|
|t:|1737998766
|move|p1a: Toxicroak|Sucker Punch||[still]
|-fail|p1a: Toxicroak
|move|p2a: Gengar|Destiny Bond|p2a: Gengar
|-singlemove|p2a: Gengar|Destiny Bond
|
|-weather|RainDance|[upkeep]
|upkeep
|turn|21
|
|t:|1737998770
|move|p2a: Gengar|Shadow Ball|p1a: Toxicroak
|-damage|p1a: Toxicroak|14/100
|-damage|p2a: Gengar|81/100|[from] item: Life Orb
|move|p1a: Toxicroak|Substitute|p1a: Toxicroak
|-fail|p1a: Toxicroak|move: Substitute|[weak]
|
|-weather|RainDance|[upkeep]
|-heal|p1a: Toxicroak|26/100|[from] ability: Dry Skin
|-heal|p1a: Toxicroak|32/100|[from] item: Leftovers
|upkeep
|turn|22
|
|t:|1737998775
|move|p1a: Toxicroak|Sucker Punch|p2a: Gengar
|-supereffective|p2a: Gengar
|-damage|p2a: Gengar|0 fnt
|faint|p2a: Gengar
|
|-weather|RainDance|[upkeep]
|-heal|p1a: Toxicroak|45/100|[from] ability: Dry Skin
|-heal|p1a: Toxicroak|51/100|[from] item: Leftovers
|upkeep
|
|t:|1737998779
|switch|p2a: Skarmory|Skarmory, M|100/100
|turn|23
|
|t:|1737998784
|move|p1a: Toxicroak|Drain Punch|p2a: Skarmory
|-damage|p2a: Skarmory|72/100
|-heal|p1a: Toxicroak|67/100|[from] drain|[of] p2a: Skarmory
|-damage|p1a: Toxicroak|50/100|[from] item: Rocky Helmet|[of] p2a: Skarmory
|move|p2a: Skarmory|Stealth Rock|p1a: Toxicroak
|-sidestart|p1: aeger4321|move: Stealth Rock
|
|-weather|RainDance|[upkeep]
|-heal|p1a: Toxicroak|62/100|[from] ability: Dry Skin
|-heal|p1a: Toxicroak|69/100|[from] item: Leftovers
|upkeep
|turn|24
|
|t:|1737998789
|move|p1a: Toxicroak|Substitute|p1a: Toxicroak
|-start|p1a: Toxicroak|Substitute
|-damage|p1a: Toxicroak|44/100
|move|p2a: Skarmory|Brave Bird|p1a: Toxicroak
|-supereffective|p1a: Toxicroak
|-crit|p1a: Toxicroak
|-end|p1a: Toxicroak|Substitute
|-damage|p2a: Skarmory|64/100|[from] Recoil|[of] p1a: Toxicroak
|
|-weather|RainDance|[upkeep]
|-heal|p1a: Toxicroak|56/100|[from] ability: Dry Skin
|-heal|p1a: Toxicroak|62/100|[from] item: Leftovers
|upkeep
|turn|25
|
|t:|1737998803
|move|p1a: Toxicroak|Drain Punch|p2a: Skarmory
|-damage|p2a: Skarmory|36/100
|-heal|p1a: Toxicroak|78/100|[from] drain|[of] p2a: Skarmory
|-damage|p1a: Toxicroak|61/100|[from] item: Rocky Helmet|[of] p2a: Skarmory
|move|p2a: Skarmory|Whirlwind|p1a: Toxicroak
|drag|p1a: Ferrothorn|Ferrothorn, M|100/100
|-damage|p1a: Ferrothorn|94/100|[from] Stealth Rock
|
|-weather|RainDance|[upkeep]
|-heal|p1a: Ferrothorn|100/100|[from] item: Leftovers
|upkeep
|turn|26
|
|t:|1737998812
|move|p2a: Skarmory|Spikes|p1a: Ferrothorn
|-sidestart|p1: aeger4321|Spikes
|move|p1a: Ferrothorn|Stealth Rock|p2a: Skarmory
|-sidestart|p2: SattleBimulator|move: Stealth Rock
|
|-weather|RainDance|[upkeep]
|upkeep
|turn|27
|
|t:|1737998815
|move|p1a: Ferrothorn|Spikes|p2a: Skarmory
|-sidestart|p2: SattleBimulator|Spikes
|move|p2a: Skarmory|Whirlwind|p1a: Ferrothorn
|drag|p1a: Politoed|Politoed, F|100/100
|-damage|p1a: Politoed|88/100|[from] Stealth Rock
|-damage|p1a: Politoed|75/100|[from] Spikes
|
|-weather|RainDance|[upkeep]
|-heal|p1a: Politoed|82/100|[from] item: Leftovers
|upkeep
|turn|28
|
|t:|1737998818
|move|p2a: Skarmory|Spikes|p1a: Politoed
|-sidestart|p1: aeger4321|Spikes
|move|p1a: Politoed|Surf|p2a: Skarmory
|-damage|p2a: Skarmory|0 fnt
|faint|p2a: Skarmory
|
|-weather|RainDance|[upkeep]
|-heal|p1a: Politoed|88/100|[from] item: Leftovers
|upkeep
|
|t:|1737998825
|switch|p2a: Garchomp|Garchomp, M|100/100
|-damage|p2a: Garchomp|94/100|[from] Stealth Rock
|-damage|p2a: Garchomp|82/100|[from] Spikes
|turn|29
|
|t:|1737998828
|move|p2a: Garchomp|Outrage|p1a: Politoed
|-damage|p1a: Politoed|15/100
|move|p1a: Politoed|Ice Beam|p2a: Garchomp
|-supereffective|p2a: Garchomp
|-damage|p2a: Garchomp|0 fnt
|faint|p2a: Garchomp
|
|-weather|RainDance|[upkeep]
|-heal|p1a: Politoed|22/100|[from] item: Leftovers
|upkeep
|
|t:|1737998831
|switch|p2a: Excadrill|Excadrill, M|100/100
|-damage|p2a: Excadrill|97/100|[from] Stealth Rock
|-ability|p2a: Excadrill|Mold Breaker
|-item|p2a: Excadrill|Air Balloon
|turn|30
|
|t:|1737998834
|move|p2a: Excadrill|Earthquake|p1a: Politoed
|-damage|p1a: Politoed|0 fnt
|faint|p1a: Politoed
|
|-weather|RainDance|[upkeep]
|upkeep
|
|t:|1737998839
|switch|p1a: Starmie|Starmie|100/100
|-damage|p1a: Starmie|88/100|[from] Stealth Rock
|-damage|p1a: Starmie|72/100|[from] Spikes
|turn|31
|
|t:|1737998842
|move|p1a: Starmie|Hydro Pump|p2a: Excadrill|[miss]
|-miss|p1a: Starmie|p2a: Excadrill
|move|p2a: Excadrill|Earthquake|p1a: Starmie
|-damage|p1a: Starmie|0 fnt
|faint|p1a: Starmie
|
|-weather|RainDance|[upkeep]
|upkeep
|
|t:|1737998846
|switch|p1a: Ferrothorn|Ferrothorn, M|100/100
|-damage|p1a: Ferrothorn|94/100|[from] Stealth Rock
|-damage|p1a: Ferrothorn|78/100|[from] Spikes
|turn|32
|
|t:|1737998849
|move|p2a: Excadrill|Earthquake|p1a: Ferrothorn
|-damage|p1a: Ferrothorn|45/100
|move|p1a: Ferrothorn|Power Whip|p2a: Excadrill
|-damage|p2a: Excadrill|41/100
|-enditem|p2a: Excadrill|Air Balloon
|
|-weather|RainDance|[upkeep]
|-heal|p1a: Ferrothorn|52/100|[from] item: Leftovers
|upkeep
|turn|33
|
|t:|1737998852
|move|p2a: Excadrill|Earthquake|p1a: Ferrothorn
|-damage|p1a: Ferrothorn|18/100
|move|p1a: Ferrothorn|Power Whip|p2a: Excadrill
|-damage|p2a: Excadrill|0 fnt
|faint|p2a: Excadrill
|
|win|aeger4321
|raw|aeger4321's rating: 1268 &rarr; <strong>1298</strong><br />(+30 for winning)
|raw|SattleBimulator's rating: 1343 &rarr; <strong>1319</strong><br />(-24 for losing)
|l|☆SattleBimulator
|player|p2|
|l|☆aeger4321
|player|p1|
