|j|FNH
|j|Bongi
|player|p1|FNH|272
|player|p2|Bongi|224
|gametype|singles
|gen|5
|tier|[Gen 5] OU
|rated
|seed|
|rule|Evasion Abilities Clause: Evasion abilities are banned
|rule|Baton Pass Clause: Limit one Baton Passer, can't pass Spe and other stats simultaneously
|rule|Swagger Clause: Swagger is banned
|clearpoke
|poke|p1|Heatran, F|item
|poke|p1|Latias, F|item
|poke|p1|Gastrodon, M|item
|poke|p1|Skarmory, M|item
|poke|p1|Tyranitar, M|item
|poke|p1|Terrakion|item
|poke|p2|Politoed, M|item
|poke|p2|Thundurus-Therian, M|item
|poke|p2|Toxicroak, M|item
|poke|p2|Rotom-Wash|item
|poke|p2|Scizor, F|item
|poke|p2|Ferrothorn, F|item
|rule|Sleep Clause Mod: Limit one foe put to sleep
|rule|Species Clause: Limit one of each Pokémon
|rule|OHKO Clause: OHKO moves are banned
|rule|Moody Clause: Moody is banned
|rule|Evasion Moves Clause: Evasion moves are banned
|rule|Endless Battle Clause: Forcing endless battles is banned
|rule|HP Percentage Mod: HP is shown in percentages
|teampreview
|choice||
|
|start
|switch|p1a: Gastrodon|Gastrodon, M|100/100
|switch|p2a: Politoed|Politoed, M|100/100
|-weather|RainDance|[from] ability: Drizzle|[of] p2a: Politoed
|turn|1
|choice||
|
|switch|p1a: Heatran|Heatran, F|100/100
|move|p2a: Politoed|Hidden Power|p1a: Heatran
|-resisted|p1a: Heatran
|-damage|p1a: Heatran|93/100
|
|-weather|RainDance|[upkeep]
|turn|2
|choice||
|
|switch|p2a: Rotom|Rotom-Wash|100/100
|move|p1a: Heatran|Hidden Power|p2a: Rotom
|-enditem|p1a: Heatran|Grass Gem|[from] gem|[move] Hidden Power
|-supereffective|p2a: Rotom
|-damage|p2a: Rotom|11/100
|
|-weather|RainDance|[upkeep]
|turn|3
|choice||
|
|switch|p1a: Gastrodon|Gastrodon, M|100/100
|move|p2a: Rotom|Trick|p1a: Gastrodon
|-activate|p2a: Rotom|move: Trick|[of] p1a: Gastrodon
|-item|p1a: Gastrodon|Choice Scarf|[from] move: Trick
|-item|p2a: Rotom|Leftovers|[from] move: Trick
|
|-weather|RainDance|[upkeep]
|-heal|p2a: Rotom|17/100|[from] item: Leftovers
|turn|4
|choice||
|
|switch|p2a: Ferrothorn|Ferrothorn, F|100/100
|move|p1a: Gastrodon|Scald|p2a: Ferrothorn
|-resisted|p2a: Ferrothorn
|-damage|p2a: Ferrothorn|86/100
|-status|p2a: Ferrothorn|brn
|
|-weather|RainDance|[upkeep]
|-heal|p2a: Ferrothorn|92/100 brn|[from] item: Leftovers
|-damage|p2a: Ferrothorn|80/100 brn|[from] brn
|turn|5
|c|★Bongi|You know this team dont you :/
|choice||
|
|switch|p1a: Tyranitar|Tyranitar, M|100/100
|-weather|Sandstorm|[from] ability: Sand Stream|[of] p1a: Tyranitar
|move|p2a: Ferrothorn|Stealth Rock|p1a: Tyranitar
|-sidestart|p1: FNH|move: Stealth Rock
|
|-weather|Sandstorm|[upkeep]
|-heal|p2a: Ferrothorn|86/100 brn|[from] item: Leftovers
|-damage|p2a: Ferrothorn|74/100 brn|[from] brn
|turn|6
|choice||
|
|move|p1a: Tyranitar|Stealth Rock|p2a: Ferrothorn
|-sidestart|p2: Bongi|move: Stealth Rock
|move|p2a: Ferrothorn|Thunder Wave|p1a: Tyranitar
|-status|p1a: Tyranitar|par
|
|-weather|Sandstorm|[upkeep]
|-heal|p2a: Ferrothorn|80/100 brn|[from] item: Leftovers
|-damage|p2a: Ferrothorn|67/100 brn|[from] brn
|turn|7
|choice||
|
|switch|p1a: Heatran|Heatran, F|93/100
|-damage|p1a: Heatran|81/100|[from] Stealth Rock
|move|p2a: Ferrothorn|Spikes|p1a: Heatran
|-sidestart|p1: FNH|Spikes
|
|-weather|Sandstorm|[upkeep]
|-heal|p2a: Ferrothorn|74/100 brn|[from] item: Leftovers
|-damage|p2a: Ferrothorn|61/100 brn|[from] brn
|turn|8
|choice||
|
|move|p1a: Heatran|Magma Storm|p2a: Ferrothorn
|-supereffective|p2a: Ferrothorn
|-damage|p2a: Ferrothorn|0 fnt
|faint|p2a: Ferrothorn
|
|-weather|Sandstorm|[upkeep]
|choice||
|
|switch|p2a: Politoed|Politoed, M|100/100
|-damage|p2a: Politoed|88/100|[from] Stealth Rock
|-weather|RainDance|[from] ability: Drizzle|[of] p2a: Politoed
|turn|9
|choice||
|
|switch|p1a: Latias|Latias, F|100/100
|-damage|p1a: Latias|88/100|[from] Stealth Rock
|move|p2a: Politoed|Hidden Power|p1a: Latias
|-resisted|p1a: Latias
|-damage|p1a: Latias|76/100
|
|-weather|RainDance|[upkeep]
|-heal|p1a: Latias|82/100|[from] item: Leftovers
|turn|10
|choice||
|
|switch|p1a: Heatran|Heatran, F|81/100
|-damage|p1a: Heatran|68/100|[from] Stealth Rock
|-damage|p1a: Heatran|56/100|[from] Spikes
|switch|p2a: Scizor|Scizor, F|100/100
|-damage|p2a: Scizor|88/100|[from] Stealth Rock
|
|-weather|RainDance|[upkeep]
|turn|11
|l|Bongi
|player|p2
|j|Bongi
|player|p2|Bongi|224
|choice||
|
|move|p1a: Heatran|Magma Storm|p2a: Scizor
|-supereffective|p2a: Scizor
|-damage|p2a: Scizor|0 fnt
|faint|p2a: Scizor
|
|-weather|RainDance|[upkeep]
|choice||
|
|switch|p2a: Toxicroak|Toxicroak, M|100/100
|-damage|p2a: Toxicroak|94/100|[from] Stealth Rock
|turn|12
|choice||
|
|move|p1a: Heatran|Earth Power|p2a: Toxicroak
|-supereffective|p2a: Toxicroak
|-damage|p2a: Toxicroak|0 fnt
|faint|p2a: Toxicroak
|
|-weather|RainDance|[upkeep]
|c|★Bongi|Try hard
|-message|Bongi forfeited.
|
|win|FNH
|player|p1
|player|p2
|l|Bongi
|raw|FNH's rating: 1324 &rarr; <strong>1343</strong><br />(+19 for winning)
|raw|Bongi's rating: 1312 &rarr; <strong>1293</strong><br />(-19 for losing)