|j|☆Ryusen696969
|j|☆affksl1
|t:|1718051243
|gametype|singles
|player|p1|Ryusen696969|266|1425
|player|p2|affksl1|pokemaniac-gen3rs|1390
|teamsize|p1|6
|teamsize|p2|6
|gen|5
|tier|[Gen 5] OU
|rated|
|rule|Species Clause: Limit one of each Pokémon
|rule|OHKO Clause: OHKO moves are banned
|rule|Moody Clause: Moody is banned
|rule|Evasion Items Clause: Evasion items are banned
|rule|Evasion Moves Clause: Evasion moves are banned
|rule|Endless Battle Clause: Forcing endless battles is banned
|rule|HP Percentage Mod: HP is shown in percentages
|rule|Evasion Abilities Clause: Evasion abilities are banned
|rule|Sleep Moves Clause: Sleep-inducing moves are banned
|rule|Swagger Clause: Swagger is banned
|rule|Baton Pass Stat Clause: No Baton Passer may have a way to boost its stats
|clearpoke
|poke|p1|Garchomp, M|item
|poke|p1|Blissey, F|item
|poke|p1|Suicune|item
|poke|p1|Scizor, F|item
|poke|p1|Zoroark, F|item
|poke|p1|Alakazam, F|item
|poke|p2|Bronzong|item
|poke|p2|Gallade, M|item
|poke|p2|Jellicent, M|item
|poke|p2|Conkeldurr, F|item
|poke|p2|Reuniclus, F|item
|poke|p2|Dragonite, M|item
|teampreview
|inactive|Battle timer is ON: inactive players will automatically lose when time's up. (requested by affksl1)
|inactive|Ryusen696969 also wants the timer to be on.
|
|t:|1718051252
|start
|switch|p1a: Garchomp|Garchomp, M|100/100
|switch|p2a: Bronzong|Bronzong|100/100
|turn|1
|
|t:|1718051256
|move|p1a: Garchomp|Flamethrower|p2a: Bronzong
|-supereffective|p2a: Bronzong
|-damage|p2a: Bronzong|65/100
|move|p2a: Bronzong|Trick Room|p2a: Bronzong
|-fieldstart|move: Trick Room|[of] p2a: Bronzong
|
|upkeep
|turn|2
|
|t:|1718051269
|switch|p1a: Scizor|Scizor, F|100/100
|move|p2a: Bronzong|Stealth Rock|p1a: Scizor
|-sidestart|p1: Ryusen696969|move: Stealth Rock
|
|upkeep
|turn|3
|
|t:|1718051280
|switch|p1a: Suicune|Suicune, shiny|100/100
|-damage|p1a: Suicune|88/100|[from] Stealth Rock
|-ability|p1a: Suicune|Pressure
|move|p2a: Bronzong|Explosion|p1a: Suicune
|-damage|p1a: Suicune|43/100
|faint|p2a: Bronzong
|
|-heal|p1a: Suicune|49/100|[from] item: Leftovers
|upkeep
|
|t:|1718051284
|switch|p2a: Conkeldurr|Conkeldurr, F|100/100
|turn|4
|
|t:|1718051286
|move|p2a: Conkeldurr|Thunder Punch|p1a: Suicune
|-supereffective|p1a: Suicune
|-damage|p1a: Suicune|0 fnt
|faint|p1a: Suicune
|-damage|p2a: Conkeldurr|91/100|[from] item: Life Orb
|
|upkeep
|
|t:|1718051292
|switch|p1a: Scizor|Scizor, F|100/100
|-damage|p1a: Scizor|88/100|[from] Stealth Rock
|turn|5
|
|t:|1718051297
|move|p2a: Conkeldurr|Drain Punch|p1a: Scizor
|-crit|p1a: Scizor
|-damage|p1a: Scizor|0 fnt
|-heal|p2a: Conkeldurr|100/100|[from] drain|[of] p1a: Scizor
|faint|p1a: Scizor
|-damage|p2a: Conkeldurr|91/100|[from] item: Life Orb
|
|-fieldend|move: Trick Room
|upkeep
|
|t:|1718051300
|switch|p1a: Alakazam|Alakazam, F|100/100
|turn|6
|
|t:|1718051305
|switch|p2a: Dragonite|Dragonite, M|100/100
|move|p1a: Alakazam|Psychic|p2a: Dragonite
|-damage|p2a: Dragonite|68/100
|
|upkeep
|turn|7
|
|t:|1718051311
|switch|p1a: Garchomp|Garchomp, M|100/100
|-damage|p1a: Garchomp|94/100|[from] Stealth Rock
|move|p2a: Dragonite|Extreme Speed|p1a: Garchomp
|-damage|p1a: Garchomp|49/100
|-damage|p2a: Dragonite|56/100|[from] ability: Rough Skin|[of] p1a: Garchomp
|
|upkeep
|turn|8
|inactive|affksl1 has 120 seconds left.
|
|t:|1718051341
|move|p2a: Dragonite|Extreme Speed|p1a: Garchomp
|-damage|p1a: Garchomp|3/100
|-damage|p2a: Dragonite|44/100|[from] ability: Rough Skin|[of] p1a: Garchomp
|move|p1a: Garchomp|Outrage|p2a: Dragonite
|-supereffective|p2a: Dragonite
|-damage|p2a: Dragonite|0 fnt
|faint|p2a: Dragonite
|
|upkeep
|inactive|affksl1 has 120 seconds left.
|
|t:|1718051347
|switch|p2a: Reuniclus|Reuniclus, F|100/100
|turn|9
|
|t:|1718051352
|move|p1a: Garchomp|Outrage|p2a: Reuniclus|[from]lockedmove
|-damage|p2a: Reuniclus|43/100
|-start|p1a: Garchomp|confusion|[fatigue]
|move|p2a: Reuniclus|Trick Room|p2a: Reuniclus
|-fieldstart|move: Trick Room|[of] p2a: Reuniclus
|
|upkeep
|turn|10
|
|t:|1718051357
|move|p2a: Reuniclus|Psychic|p1a: Garchomp
|-damage|p1a: Garchomp|0 fnt
|faint|p1a: Garchomp
|
|upkeep
|
|t:|1718051359
|switch|p1a: Alakazam|Alakazam, F|100/100
|-damage|p1a: Alakazam|88/100|[from] Stealth Rock
|turn|11
|
|t:|1718051366
|move|p2a: Reuniclus|Shadow Ball|p1a: Alakazam
|-resisted|p1a: Alakazam
|-damage|p1a: Alakazam|51/100
|replace|p1a: Zoroark|Zoroark, F
|-end|p1a: Zoroark|Illusion
|move|p1a: Zoroark|Dark Pulse|p2a: Reuniclus
|-supereffective|p2a: Reuniclus
|-damage|p2a: Reuniclus|0 fnt
|faint|p2a: Reuniclus
|
|upkeep
|
|t:|1718051370
|switch|p2a: Conkeldurr|Conkeldurr, F|91/100
|turn|12
|
|t:|1718051378
|move|p2a: Conkeldurr|Drain Punch|p1a: Zoroark
|-supereffective|p1a: Zoroark
|-damage|p1a: Zoroark|0 fnt
|-heal|p2a: Conkeldurr|100/100|[from] drain|[of] p1a: Zoroark
|faint|p1a: Zoroark
|-damage|p2a: Conkeldurr|91/100|[from] item: Life Orb
|
|upkeep
|
|t:|1718051381
|switch|p1a: Blissey|Blissey, F|100/100
|-damage|p1a: Blissey|88/100|[from] Stealth Rock
|turn|13
|
|t:|1718051388
|move|p2a: Conkeldurr|Drain Punch|p1a: Blissey
|-supereffective|p1a: Blissey
|-crit|p1a: Blissey
|-damage|p1a: Blissey|0 fnt
|-heal|p2a: Conkeldurr|100/100|[from] drain|[of] p1a: Blissey
|faint|p1a: Blissey
|-damage|p2a: Conkeldurr|91/100|[from] item: Life Orb
|
|-fieldend|move: Trick Room
|upkeep
|
|t:|1718051390
|switch|p1a: Alakazam|Alakazam, F|100/100
|turn|14
|
|t:|1718051395
|move|p2a: Conkeldurr|Mach Punch|p1a: Alakazam
|-resisted|p1a: Alakazam
|-damage|p1a: Alakazam|55/100
|-damage|p2a: Conkeldurr|81/100|[from] item: Life Orb
|move|p1a: Alakazam|Psychic|p2a: Conkeldurr
|-supereffective|p2a: Conkeldurr
|-damage|p2a: Conkeldurr|0 fnt
|faint|p2a: Conkeldurr
|
|upkeep
|
|t:|1718051398
|switch|p2a: Jellicent|Jellicent, M|100/100
|-item|p2a: Jellicent|Air Balloon
|turn|15
|
|t:|1718051403
|move|p1a: Alakazam|Shadow Ball|p2a: Jellicent
|-supereffective|p2a: Jellicent
|-damage|p2a: Jellicent|39/100
|-enditem|p2a: Jellicent|Air Balloon
|move|p2a: Jellicent|Trick Room|p2a: Jellicent
|-fieldstart|move: Trick Room|[of] p2a: Jellicent
|
|upkeep
|turn|16
|
|t:|1718051406
|move|p2a: Jellicent|Shadow Ball|p1a: Alakazam
|-supereffective|p1a: Alakazam
|-damage|p1a: Alakazam|0 fnt
|faint|p1a: Alakazam
|
|win|affksl1
|raw|Ryusen696969's rating: 1425 &rarr; <strong>1403</strong><br />(-22 for losing)
|raw|affksl1's rating: 1390 &rarr; <strong>1412</strong><br />(+22 for winning)
