|j|☆roubzer
|j|☆Cubavision
|t:|1745035626
|gametype|singles
|player|p1|roubzer|benga|1355
|player|p2|Cubavision|musician|1394
|teamsize|p1|6
|teamsize|p2|6
|gen|5
|tier|[Gen 5] OU
|rated|
|rule|Species Clause: Limit one of each Pokémon
|rule|OHKO Clause: OHKO moves are banned
|rule|Moody Clause: Moody is banned
|rule|Evasion Items Clause: Evasion items are banned
|rule|Evasion Moves Clause: Evasion moves are banned
|rule|Endless Battle Clause: Forcing endless battles is banned
|rule|HP Percentage Mod: HP is shown in percentages
|rule|Evasion Abilities Clause: Evasion abilities are banned
|rule|Sleep Moves Clause: Sleep-inducing moves are banned
|rule|Swagger Clause: Swagger is banned
|rule|Baton Pass Stat Clause: No Baton Passer may have a way to boost its stats
|clearpoke
|poke|p1|Starmie|item
|poke|p1|Magnezone|item
|poke|p1|Alakazam, M|item
|poke|p1|Breloom, F|item
|poke|p1|Gliscor, F|item
|poke|p1|Tyranitar, F|item
|poke|p2|Tyranitar, M|item
|poke|p2|Amoonguss, M|item
|poke|p2|Excadrill, F|item
|poke|p2|Keldeo|item
|poke|p2|Gliscor, F|item
|poke|p2|Mamoswine, M|item
|teampreview
|inactive|Battle timer is ON: inactive players will automatically lose when time's up. (requested by roubzer)
|
|t:|1745035666
|start
|switch|p1a: Breloom|Breloom, F|100/100
|switch|p2a: Mamoswine|Mamoswine, M|100/100
|turn|1
|
|t:|1745035684
|switch|p1a: Starmie|Starmie|100/100
|-item|p1a: Starmie|Air Balloon
|move|p2a: Mamoswine|Icicle Crash|p1a: Starmie
|-resisted|p1a: Starmie
|-damage|p1a: Starmie|59/100
|-enditem|p1a: Starmie|Air Balloon
|
|upkeep
|turn|2
|
|t:|1745035697
|switch|p2a: Tyranitar|Tyranitar, M|100/100
|-weather|Sandstorm|[from] ability: Sand Stream|[of] p2a: Tyranitar
|move|p1a: Starmie|Hydro Pump|p2a: Tyranitar
|-supereffective|p2a: Tyranitar
|-crit|p2a: Tyranitar
|-damage|p2a: Tyranitar|0 fnt
|faint|p2a: Tyranitar
|
|-weather|Sandstorm|[upkeep]
|-damage|p1a: Starmie|53/100|[from] Sandstorm
|upkeep
|
|t:|1745035717
|switch|p2a: Amoonguss|Amoonguss, M|100/100
|turn|3
|
|t:|1745035736
|switch|p1a: Magnezone|Magnezone|100/100
|move|p2a: Amoonguss|Stun Spore|p1a: Magnezone|[miss]
|-miss|p2a: Amoonguss|p1a: Magnezone
|
|-weather|Sandstorm|[upkeep]
|-damage|p2a: Amoonguss|94/100|[from] Sandstorm
|-heal|p2a: Amoonguss|100/100|[from] item: Black Sludge
|upkeep
|turn|4
|
|t:|1745035751
|move|p1a: Magnezone|Hidden Power|p2a: Amoonguss
|-supereffective|p2a: Amoonguss
|-damage|p2a: Amoonguss|53/100
|move|p2a: Amoonguss|Stun Spore|p1a: Magnezone
|-status|p1a: Magnezone|par
|
|-weather|Sandstorm|[upkeep]
|-damage|p2a: Amoonguss|47/100|[from] Sandstorm
|-heal|p2a: Amoonguss|53/100|[from] item: Black Sludge
|upkeep
|turn|5
|
|t:|1745035759
|switch|p2a: Mamoswine|Mamoswine, M|100/100
|move|p1a: Magnezone|Hidden Power|p2a: Mamoswine
|-supereffective|p2a: Mamoswine
|-crit|p2a: Mamoswine
|-damage|p2a: Mamoswine|29/100
|
|-weather|Sandstorm|[upkeep]
|upkeep
|turn|6
|
|t:|1745035765
|switch|p1a: Starmie|Starmie|53/100
|move|p2a: Mamoswine|Earthquake|p1a: Starmie
|-damage|p1a: Starmie|0 fnt
|faint|p1a: Starmie
|
|-weather|Sandstorm|[upkeep]
|upkeep
|
|t:|1745035784
|switch|p1a: Breloom|Breloom, F|100/100
|turn|7
|
|t:|1745035794
|switch|p2a: Amoonguss|Amoonguss, M|87/100
|move|p1a: Breloom|Mach Punch|p2a: Amoonguss
|-resisted|p2a: Amoonguss
|-crit|p2a: Amoonguss
|-damage|p2a: Amoonguss|47/100
|
|-weather|Sandstorm|[upkeep]
|-damage|p1a: Breloom|94/100|[from] Sandstorm
|-damage|p2a: Amoonguss|41/100|[from] Sandstorm
|-heal|p2a: Amoonguss|47/100|[from] item: Black Sludge
|upkeep
|turn|8
|
|t:|1745035803
|switch|p1a: Magnezone|Magnezone|100/100 par
|move|p2a: Amoonguss|Hidden Power|p1a: Magnezone
|-supereffective|p1a: Magnezone
|-damage|p1a: Magnezone|61/100 par
|
|-weather|Sandstorm|[upkeep]
|-damage|p2a: Amoonguss|41/100|[from] Sandstorm
|-heal|p2a: Amoonguss|47/100|[from] item: Black Sludge
|upkeep
|turn|9
|
|t:|1745035813
|switch|p2a: Keldeo|Keldeo|100/100
|cant|p1a: Magnezone|par
|
|-weather|Sandstorm|[upkeep]
|-damage|p2a: Keldeo|94/100|[from] Sandstorm
|-heal|p2a: Keldeo|100/100|[from] item: Leftovers
|upkeep
|turn|10
|
|t:|1745035821
|move|p2a: Keldeo|Secret Sword|p1a: Magnezone
|-supereffective|p1a: Magnezone
|-damage|p1a: Magnezone|0 fnt
|faint|p1a: Magnezone
|
|-weather|Sandstorm|[upkeep]
|-damage|p2a: Keldeo|94/100|[from] Sandstorm
|-heal|p2a: Keldeo|100/100|[from] item: Leftovers
|upkeep
|
|t:|1745035832
|switch|p1a: Alakazam|Alakazam, M|100/100
|turn|11
|
|t:|1745035843
|switch|p2a: Excadrill|Excadrill, F|100/100
|move|p1a: Alakazam|Psychic|p2a: Excadrill
|-resisted|p2a: Excadrill
|-damage|p2a: Excadrill|66/100
|
|-weather|Sandstorm|[upkeep]
|-heal|p2a: Excadrill|73/100|[from] item: Leftovers
|upkeep
|turn|12
|
|t:|1745035848
|move|p1a: Alakazam|Focus Blast|p2a: Excadrill|[miss]
|-miss|p1a: Alakazam|p2a: Excadrill
|move|p2a: Excadrill|Iron Head|p1a: Alakazam
|-enditem|p1a: Alakazam|Focus Sash
|-damage|p1a: Alakazam|1/100
|
|-weather|Sandstorm|[upkeep]
|-heal|p2a: Excadrill|79/100|[from] item: Leftovers
|upkeep
|turn|13
|
|t:|1745035854
|move|p2a: Excadrill|Protect|p2a: Excadrill
|-singleturn|p2a: Excadrill|Protect
|move|p1a: Alakazam|Focus Blast|p2a: Excadrill
|-activate|p2a: Excadrill|move: Protect
|
|-weather|Sandstorm|[upkeep]
|-heal|p2a: Excadrill|85/100|[from] item: Leftovers
|upkeep
|turn|14
|
|t:|1745035865
|switch|p2a: Gliscor|Gliscor, F|100/100
|move|p1a: Alakazam|Focus Blast|p2a: Gliscor
|-resisted|p2a: Gliscor
|-damage|p2a: Gliscor|77/100
|
|-weather|Sandstorm|[upkeep]
|-status|p2a: Gliscor|tox|[from] item: Toxic Orb
|upkeep
|turn|15
|
|t:|1745035875
|move|p2a: Gliscor|Protect|p2a: Gliscor
|-singleturn|p2a: Gliscor|Protect
|move|p1a: Alakazam|Psychic|p2a: Gliscor
|-activate|p2a: Gliscor|move: Protect
|
|-weather|Sandstorm|[upkeep]
|-heal|p2a: Gliscor|90/100 tox|[from] ability: Poison Heal
|upkeep
|turn|16
|
|t:|1745035887
|move|p1a: Alakazam|Hidden Power|p2a: Gliscor
|-supereffective|p2a: Gliscor
|-damage|p2a: Gliscor|0 fnt
|faint|p2a: Gliscor
|
|-weather|Sandstorm|[upkeep]
|upkeep
|
|t:|1745035890
|switch|p2a: Mamoswine|Mamoswine, M|29/100
|turn|17
|
|t:|1745035902
|switch|p1a: Tyranitar|Tyranitar, F|100/100
|move|p2a: Mamoswine|Ice Shard|p1a: Tyranitar
|-damage|p1a: Tyranitar|79/100
|
|-weather|Sandstorm|[upkeep]
|upkeep
|turn|18
|
|t:|1745035916
|move|p2a: Mamoswine|Earthquake|p1a: Tyranitar
|-supereffective|p1a: Tyranitar
|-damage|p1a: Tyranitar|0 fnt
|faint|p1a: Tyranitar
|
|-weather|Sandstorm|[upkeep]
|upkeep
|
|t:|1745035922
|switch|p1a: Breloom|Breloom, F|94/100
|turn|19
|
|t:|1745035945
|switch|p2a: Amoonguss|Amoonguss, M|81/100
|move|p1a: Breloom|Low Sweep|p2a: Amoonguss
|-resisted|p2a: Amoonguss
|-damage|p2a: Amoonguss|52/100
|-unboost|p2a: Amoonguss|spe|1
|
|-weather|Sandstorm|[upkeep]
|-damage|p1a: Breloom|88/100|[from] Sandstorm
|-damage|p2a: Amoonguss|46/100|[from] Sandstorm
|-heal|p2a: Amoonguss|52/100|[from] item: Black Sludge
|upkeep
|turn|20
|
|t:|1745035954
|move|p1a: Breloom|Low Sweep|p2a: Amoonguss
|-resisted|p2a: Amoonguss
|-damage|p2a: Amoonguss|25/100
|-unboost|p2a: Amoonguss|spe|1
|move|p2a: Amoonguss|Stun Spore|p1a: Breloom|[miss]
|-miss|p2a: Amoonguss|p1a: Breloom
|
|-weather|Sandstorm|[upkeep]
|-damage|p1a: Breloom|82/100|[from] Sandstorm
|-damage|p2a: Amoonguss|18/100|[from] Sandstorm
|-heal|p2a: Amoonguss|25/100|[from] item: Black Sludge
|upkeep
|turn|21
|
|t:|1745035973
|move|p1a: Breloom|Low Sweep|p2a: Amoonguss
|-resisted|p2a: Amoonguss
|-damage|p2a: Amoonguss|0 fnt
|faint|p2a: Amoonguss
|
|-weather|Sandstorm|[upkeep]
|-damage|p1a: Breloom|76/100|[from] Sandstorm
|upkeep
|
|t:|1745035979
|switch|p2a: Keldeo|Keldeo|100/100
|turn|22
|
|t:|1745036003
|switch|p1a: Gliscor|Gliscor, F|100/100
|move|p2a: Keldeo|Hidden Power|p1a: Gliscor
|-supereffective|p1a: Gliscor
|-damage|p1a: Gliscor|12/100
|
|-weather|Sandstorm|[upkeep]
|-damage|p2a: Keldeo|94/100|[from] Sandstorm
|-heal|p2a: Keldeo|100/100|[from] item: Leftovers
|-status|p1a: Gliscor|tox|[from] item: Toxic Orb
|upkeep
|turn|23
|
|t:|1745036014
|move|p1a: Gliscor|Protect|p1a: Gliscor
|-singleturn|p1a: Gliscor|Protect
|move|p2a: Keldeo|Scald|p1a: Gliscor
|-activate|p1a: Gliscor|move: Protect
|
|-weather|Sandstorm|[upkeep]
|-damage|p2a: Keldeo|94/100|[from] Sandstorm
|-heal|p2a: Keldeo|100/100|[from] item: Leftovers
|-heal|p1a: Gliscor|24/100 tox|[from] ability: Poison Heal
|upkeep
|turn|24
|
|t:|1745036022
|move|p2a: Keldeo|Scald|p1a: Gliscor
|-supereffective|p1a: Gliscor
|-damage|p1a: Gliscor|0 fnt
|faint|p1a: Gliscor
|
|-weather|Sandstorm|[upkeep]
|-damage|p2a: Keldeo|94/100|[from] Sandstorm
|-heal|p2a: Keldeo|100/100|[from] item: Leftovers
|upkeep
|
|t:|1745036024
|switch|p1a: Alakazam|Alakazam, M|1/100
|turn|25
|
|t:|1745036033
|move|p1a: Alakazam|Psychic|p2a: Keldeo
|-supereffective|p2a: Keldeo
|-damage|p2a: Keldeo|0 fnt
|faint|p2a: Keldeo
|
|-weather|Sandstorm|[upkeep]
|upkeep
|
|t:|1745036039
|switch|p2a: Excadrill|Excadrill, F|85/100
|turn|26
|
|t:|1745036051
|move|p1a: Alakazam|Psychic|p2a: Excadrill
|-resisted|p2a: Excadrill
|-damage|p2a: Excadrill|50/100
|move|p2a: Excadrill|Iron Head|p1a: Alakazam
|-damage|p1a: Alakazam|0 fnt
|faint|p1a: Alakazam
|
|-weather|Sandstorm|[upkeep]
|-heal|p2a: Excadrill|56/100|[from] item: Leftovers
|upkeep
|
|t:|1745036054
|switch|p1a: Breloom|Breloom, F|76/100
|turn|27
|
|t:|1745036058
|move|p2a: Excadrill|Protect|p2a: Excadrill
|-singleturn|p2a: Excadrill|Protect
|move|p1a: Breloom|Mach Punch|p2a: Excadrill
|-activate|p2a: Excadrill|move: Protect
|
|-weather|Sandstorm|[upkeep]
|-damage|p1a: Breloom|70/100|[from] Sandstorm
|-heal|p2a: Excadrill|63/100|[from] item: Leftovers
|upkeep
|turn|28
|
|t:|1745036066
|move|p2a: Excadrill|Protect|p2a: Excadrill
|-singleturn|p2a: Excadrill|Protect
|move|p1a: Breloom|Mach Punch|p2a: Excadrill
|-activate|p2a: Excadrill|move: Protect
|
|-weather|Sandstorm|[upkeep]
|-damage|p1a: Breloom|64/100|[from] Sandstorm
|-heal|p2a: Excadrill|69/100|[from] item: Leftovers
|upkeep
|turn|29
|
|t:|1745036069
|move|p2a: Excadrill|Protect||[still]
|-fail|p2a: Excadrill
|move|p1a: Breloom|Mach Punch|p2a: Excadrill
|-supereffective|p2a: Excadrill
|-damage|p2a: Excadrill|0 fnt
|faint|p2a: Excadrill
|
|-weather|Sandstorm|[upkeep]
|-damage|p1a: Breloom|58/100|[from] Sandstorm
|upkeep
|
|t:|1745036072
|switch|p2a: Mamoswine|Mamoswine, M|29/100
|turn|30
|
|t:|1745036077
|move|p2a: Mamoswine|Ice Shard|p1a: Breloom
|-supereffective|p1a: Breloom
|-damage|p1a: Breloom|0 fnt
|faint|p1a: Breloom
|
|win|Cubavision
|raw|roubzer's rating: 1355 &rarr; <strong>1337</strong><br />(-18 for losing)
|raw|Cubavision's rating: 1394 &rarr; <strong>1412</strong><br />(+18 for winning)
