|j|☆gamebooadvanced
|j|☆CertamenMeum
|t:|1732326415
|gametype|singles
|player|p1|gamebooadvanced|gordie|1341
|player|p2|CertamenMeum|fisherman-gen4|1352
|teamsize|p1|6
|teamsize|p2|6
|gen|5
|tier|[Gen 5] OU
|rated|
|rule|Species Clause: Limit one of each Pokémon
|rule|OHKO Clause: OHKO moves are banned
|rule|Moody Clause: Moody is banned
|rule|Evasion Items Clause: Evasion items are banned
|rule|Evasion Moves Clause: Evasion moves are banned
|rule|Endless Battle Clause: Forcing endless battles is banned
|rule|HP Percentage Mod: HP is shown in percentages
|rule|Evasion Abilities Clause: Evasion abilities are banned
|rule|Sleep Moves Clause: Sleep-inducing moves are banned
|rule|Swagger Clause: Swagger is banned
|rule|Baton Pass Stat Clause: No Baton Passer may have a way to boost its stats
|clearpoke
|poke|p1|Tyranitar, M|item
|poke|p1|Magnezone|item
|poke|p1|Celebi|item
|poke|p1|Terrakion|item
|poke|p1|Gliscor, M|item
|poke|p1|Seismitoad, M|item
|poke|p2|Forretress, M|item
|poke|p2|Dragonite, M|item
|poke|p2|Scizor, M|item
|poke|p2|Rotom-Wash|item
|poke|p2|Ferrothorn, M|item
|poke|p2|Landorus-Therian, M|item
|teampreview
|inactive|Battle timer is ON: inactive players will automatically lose when time's up. (requested by CertamenMeum)
|
|t:|1732326437
|start
|switch|p1a: Celebi|Celebi|100/100
|switch|p2a: フォレトス|Forretress, M, shiny|100/100
|turn|1
|
|t:|1732326446
|switch|p1a: Magnezone|Magnezone|100/100
|-item|p1a: Magnezone|Air Balloon
|switch|p2a: ランドロス|Landorus-Therian, M|100/100
|-ability|p2a: ランドロス|Intimidate|boost
|-unboost|p1a: Magnezone|atk|1
|
|upkeep
|turn|2
|
|t:|1732326452
|switch|p1a: Seismitoad|Seismitoad, M|100/100
|move|p2a: ランドロス|U-turn|p1a: Seismitoad
|-damage|p1a: Seismitoad|82/100
|
|t:|1732326458
|switch|p2a: フォレトス|Forretress, M, shiny|100/100|[from] U-turn
|
|-heal|p1a: Seismitoad|88/100|[from] item: Leftovers
|upkeep
|turn|3
|
|t:|1732326462
|switch|p1a: Magnezone|Magnezone|100/100
|-item|p1a: Magnezone|Air Balloon
|move|p2a: フォレトス|Stealth Rock|p1a: Magnezone
|-sidestart|p1: gamebooadvanced|move: Stealth Rock
|
|upkeep
|turn|4
|
|t:|1732326466
|move|p1a: Magnezone|Hidden Power|p2a: フォレトス
|-supereffective|p2a: フォレトス
|-ability|p2a: フォレトス|Sturdy
|-damage|p2a: フォレトス|1/100
|move|p2a: フォレトス|Spikes|p1a: Magnezone
|-sidestart|p1: gamebooadvanced|Spikes
|
|upkeep
|turn|5
|-enditem|p2a: フォレトス|Custap Berry|[eat]
|-activate|p2a: フォレトス|item: Custap Berry|[consumed]
|
|t:|1732326475
|move|p2a: フォレトス|Spikes|p1a: Magnezone
|-sidestart|p1: gamebooadvanced|Spikes
|move|p1a: Magnezone|Hidden Power|p2a: フォレトス
|-supereffective|p2a: フォレトス
|-damage|p2a: フォレトス|0 fnt
|faint|p2a: フォレトス
|
|upkeep
|
|t:|1732326481
|switch|p2a: カイリュー|Dragonite, M|100/100
|turn|6
|
|t:|1732326487
|move|p2a: カイリュー|Dragon Dance|p2a: カイリュー
|-boost|p2a: カイリュー|atk|1
|-boost|p2a: カイリュー|spe|1
|move|p1a: Magnezone|Thunderbolt|p2a: カイリュー
|-damage|p2a: カイリュー|70/100
|
|upkeep
|turn|7
|
|t:|1732326499
|move|p2a: カイリュー|Extreme Speed|p1a: Magnezone
|-resisted|p1a: Magnezone
|-damage|p1a: Magnezone|76/100
|-enditem|p1a: Magnezone|Air Balloon
|move|p1a: Magnezone|Thunderbolt|p2a: カイリュー
|-damage|p2a: カイリュー|7/100
|
|upkeep
|turn|8
|
|t:|1732326518
|switch|p1a: Gliscor|Gliscor, M|100/100
|-damage|p1a: Gliscor|88/100|[from] Stealth Rock
|move|p2a: カイリュー|Earthquake|p1a: Gliscor
|-immune|p1a: Gliscor
|
|-status|p1a: Gliscor|tox|[from] item: Toxic Orb
|upkeep
|turn|9
|
|t:|1732326542
|move|p1a: Gliscor|Protect|p1a: Gliscor
|-singleturn|p1a: Gliscor|Protect
|move|p2a: カイリュー|Outrage|p1a: Gliscor
|-activate|p1a: Gliscor|move: Protect
|
|-heal|p1a: Gliscor|100/100 tox|[from] ability: Poison Heal
|upkeep
|turn|10
|
|t:|1732326547
|move|p2a: カイリュー|Outrage|p1a: Gliscor
|-damage|p1a: Gliscor|24/100 tox
|move|p1a: Gliscor|Facade|p2a: カイリュー
|-damage|p2a: カイリュー|0 fnt
|faint|p2a: カイリュー
|
|-heal|p1a: Gliscor|37/100 tox|[from] ability: Poison Heal
|upkeep
|
|t:|1732326560
|switch|p2a: ナットレイ|Ferrothorn, M|100/100
|turn|11
|
|t:|1732326566
|switch|p2a: ランドロス|Landorus-Therian, M|100/100
|-ability|p2a: ランドロス|Intimidate|boost
|-unboost|p1a: Gliscor|atk|1
|move|p1a: Gliscor|Protect||[still]
|-fail|p1a: Gliscor
|
|-heal|p1a: Gliscor|49/100 tox|[from] ability: Poison Heal
|upkeep
|turn|12
|
|t:|1732326573
|move|p1a: Gliscor|Protect|p1a: Gliscor
|-singleturn|p1a: Gliscor|Protect
|move|p2a: ランドロス|Hidden Power|p1a: Gliscor
|-activate|p1a: Gliscor|move: Protect
|
|-heal|p1a: Gliscor|62/100 tox|[from] ability: Poison Heal
|upkeep
|turn|13
|
|t:|1732326581
|switch|p1a: Seismitoad|Seismitoad, M|88/100
|-damage|p1a: Seismitoad|82/100|[from] Stealth Rock
|-damage|p1a: Seismitoad|65/100|[from] Spikes
|move|p2a: ランドロス|Hidden Power|p1a: Seismitoad
|-damage|p1a: Seismitoad|48/100
|
|-heal|p1a: Seismitoad|54/100|[from] item: Leftovers
|upkeep
|turn|14
|
|t:|1732326589
|switch|p2a: ロトム|Rotom-Wash, shiny|100/100
|move|p1a: Seismitoad|Protect||[still]
|-fail|p1a: Seismitoad
|
|-heal|p1a: Seismitoad|60/100|[from] item: Leftovers
|upkeep
|turn|15
|
|t:|1732326604
|move|p1a: Seismitoad|Protect|p1a: Seismitoad
|-singleturn|p1a: Seismitoad|Protect
|move|p2a: ロトム|Hidden Power|p1a: Seismitoad
|-activate|p1a: Seismitoad|move: Protect
|
|-heal|p1a: Seismitoad|66/100|[from] item: Leftovers
|upkeep
|turn|16
|
|t:|1732326617
|switch|p1a: Celebi|Celebi|100/100
|-damage|p1a: Celebi|88/100|[from] Stealth Rock
|-damage|p1a: Celebi|71/100|[from] Spikes
|move|p2a: ロトム|Hidden Power|p1a: Celebi
|-resisted|p1a: Celebi
|-damage|p1a: Celebi|58/100
|
|-heal|p1a: Celebi|64/100|[from] item: Leftovers
|upkeep
|turn|17
|
|t:|1732326625
|switch|p2a: ランドロス|Landorus-Therian, M|100/100
|-ability|p2a: ランドロス|Intimidate|boost
|-unboost|p1a: Celebi|atk|1
|move|p1a: Celebi|Recover|p1a: Celebi
|-heal|p1a: Celebi|100/100
|
|upkeep
|turn|18
|
|t:|1732326640
|move|p2a: ランドロス|U-turn|p1a: Celebi
|-supereffective|p1a: Celebi
|-crit|p1a: Celebi
|-damage|p1a: Celebi|0 fnt
|faint|p1a: Celebi
|
|t:|1732326644
|switch|p2a: ロトム|Rotom-Wash, shiny|100/100|[from] U-turn
|
|upkeep
|
|t:|1732326657
|switch|p1a: Tyranitar|Tyranitar, M|100/100
|-damage|p1a: Tyranitar|88/100|[from] Stealth Rock
|-damage|p1a: Tyranitar|72/100|[from] Spikes
|-weather|Sandstorm|[from] ability: Sand Stream|[of] p1a: Tyranitar
|turn|19
|
|t:|1732326664
|move|p2a: ロトム|Trick|p1a: Tyranitar
|-activate|p2a: ロトム|move: Trick|[of] p1a: Tyranitar
|-item|p1a: Tyranitar|Choice Specs|[from] move: Trick
|-item|p2a: ロトム|Chople Berry|[from] move: Trick
|move|p1a: Tyranitar|Thunder Wave|p2a: ロトム
|-status|p2a: ロトム|par
|
|-weather|Sandstorm|[upkeep]
|-damage|p2a: ロトム|94/100 par|[from] Sandstorm
|upkeep
|turn|20
|
|t:|1732326679
|switch|p1a: Seismitoad|Seismitoad, M|66/100
|-damage|p1a: Seismitoad|60/100|[from] Stealth Rock
|-damage|p1a: Seismitoad|43/100|[from] Spikes
|move|p2a: ロトム|Hidden Power|p1a: Seismitoad
|-supereffective|p1a: Seismitoad
|-damage|p1a: Seismitoad|0 fnt
|faint|p1a: Seismitoad
|
|-weather|Sandstorm|[upkeep]
|-damage|p2a: ロトム|88/100 par|[from] Sandstorm
|upkeep
|
|t:|1732326688
|switch|p1a: Gliscor|Gliscor, M|62/100 tox
|-damage|p1a: Gliscor|49/100 tox|[from] Stealth Rock
|turn|21
|
|t:|1732326692
|move|p1a: Gliscor|Protect|p1a: Gliscor
|-singleturn|p1a: Gliscor|Protect
|move|p2a: ロトム|Hydro Pump|p1a: Gliscor
|-activate|p1a: Gliscor|move: Protect
|
|-weather|Sandstorm|[upkeep]
|-damage|p2a: ロトム|82/100 par|[from] Sandstorm
|-heal|p1a: Gliscor|62/100 tox|[from] ability: Poison Heal
|upkeep
|turn|22
|
|t:|1732326703
|move|p1a: Gliscor|Protect|p1a: Gliscor
|-singleturn|p1a: Gliscor|Protect
|move|p2a: ロトム|Hydro Pump|p1a: Gliscor
|-activate|p1a: Gliscor|move: Protect
|
|-weather|Sandstorm|[upkeep]
|-damage|p2a: ロトム|76/100 par|[from] Sandstorm
|-heal|p1a: Gliscor|74/100 tox|[from] ability: Poison Heal
|upkeep
|turn|23
|
|t:|1732326707
|move|p1a: Gliscor|Swords Dance|p1a: Gliscor
|-boost|p1a: Gliscor|atk|2
|move|p2a: ロトム|Hydro Pump|p1a: Gliscor
|-supereffective|p1a: Gliscor
|-damage|p1a: Gliscor|0 fnt
|faint|p1a: Gliscor
|
|-weather|Sandstorm|[upkeep]
|-damage|p2a: ロトム|70/100 par|[from] Sandstorm
|upkeep
|
|t:|1732326714
|switch|p1a: Magnezone|Magnezone|76/100
|-damage|p1a: Magnezone|70/100|[from] Stealth Rock
|-damage|p1a: Magnezone|54/100|[from] Spikes
|turn|24
|
|t:|1732326723
|move|p1a: Magnezone|Magnet Rise|p1a: Magnezone
|-start|p1a: Magnezone|Magnet Rise
|move|p2a: ロトム|Hydro Pump|p1a: Magnezone
|-damage|p1a: Magnezone|0 fnt
|faint|p1a: Magnezone
|
|-weather|Sandstorm|[upkeep]
|-damage|p2a: ロトム|63/100 par|[from] Sandstorm
|upkeep
|
|t:|1732326727
|switch|p1a: Terrakion|Terrakion|100/100
|-damage|p1a: Terrakion|94/100|[from] Stealth Rock
|-damage|p1a: Terrakion|78/100|[from] Spikes
|turn|25
|
|t:|1732326731
|move|p1a: Terrakion|Close Combat|p2a: ロトム
|-damage|p2a: ロトム|0 fnt
|-unboost|p1a: Terrakion|def|1
|-unboost|p1a: Terrakion|spd|1
|faint|p2a: ロトム
|
|-weather|Sandstorm|[upkeep]
|upkeep
|
|t:|1732326734
|switch|p2a: ハッサム|Scizor, M|100/100
|turn|26
|
|t:|1732326737
|move|p2a: ハッサム|Bullet Punch|p1a: Terrakion
|-supereffective|p1a: Terrakion
|-crit|p1a: Terrakion
|-damage|p1a: Terrakion|0 fnt
|faint|p1a: Terrakion
|
|-weather|Sandstorm|[upkeep]
|upkeep
|-message|gamebooadvanced forfeited.
|
|win|CertamenMeum
|raw|gamebooadvanced's rating: 1341 &rarr; <strong>1322</strong><br />(-19 for losing)
|raw|CertamenMeum's rating: 1352 &rarr; <strong>1371</strong><br />(+19 for winning)
|l|☆gamebooadvanced
|player|p1|
