|j|☆Coyohma
|j|☆doughboy
|player|p1|Coyohma|197|1416
|player|p2|doughboy|2|1577
|teamsize|p1|6
|teamsize|p2|6
|gametype|singles
|gen|5
|tier|[Gen 5] OU
|rated|
|rule|Sleep Clause Mod: Limit one foe put to sleep
|rule|Species Clause: Limit one of each Pokémon
|rule|OHKO Clause: OHKO moves are banned
|rule|Moody Clause: Moody is banned
|rule|Evasion Moves Clause: Evasion moves are banned
|rule|Endless Battle Clause: Forcing endless battles is banned
|rule|HP Percentage Mod: HP is shown in percentages
|rule|Evasion Abilities Clause: Evasion abilities are banned
|rule|Baton Pass Clause: Limit one Baton Passer, can't pass Spe and other stats simultaneously
|rule|Swagger Clause: Swagger is banned
|clearpoke
|poke|p1|Keldeo-Resolute|item
|poke|p1|Jirachi|item
|poke|p1|Breloom, F|item
|poke|p1|Ferrothorn, M|item
|poke|p1|Politoed, M|item
|poke|p1|Kyurem-Black|item
|poke|p2|Jolteon, M|item
|poke|p2|Starmie|item
|poke|p2|Dragonite, F|item
|poke|p2|Ferrothorn, M|item
|poke|p2|Politoed, M|item
|poke|p2|Garchomp, M|item
|teampreview
|
|start
|switch|p1a: Kyurem|Kyurem-Black|100/100
|switch|p2a: Politoed|Politoed, M|100/100
|-ability|p1a: Kyurem|Teravolt
|-weather|RainDance|[from] ability: Drizzle|[of] p2a: Politoed
|turn|1
|
|move|p1a: Kyurem|Substitute|p1a: Kyurem
|-start|p1a: Kyurem|Substitute
|-damage|p1a: Kyurem|75/100
|move|p2a: Politoed|Hypnosis||[still]
|-fail|p2a: Politoed
|
|-weather|RainDance|[upkeep]
|upkeep
|turn|2
|
|move|p1a: Kyurem|Fusion Bolt|p2a: Politoed
|-supereffective|p2a: Politoed
|-damage|p2a: Politoed|0 fnt
|faint|p2a: Politoed
|
|-weather|RainDance|[upkeep]
|upkeep
|
|switch|p2a: Jolteon|Jolteon, M|100/100
|turn|3
|
|move|p2a: Jolteon|Volt Switch|p1a: Kyurem
|-resisted|p1a: Kyurem
|-activate|p1a: Kyurem|Substitute|[damage]
|-damage|p2a: Jolteon|91/100|[from] item: Life Orb
|
|switch|p2a: Ferrothorn|Ferrothorn, M|100/100|[from]move: Volt Switch
|move|p1a: Kyurem|Fusion Bolt|p2a: Ferrothorn
|-resisted|p2a: Ferrothorn
|-damage|p2a: Ferrothorn|82/100
|
|-weather|RainDance|[upkeep]
|-heal|p2a: Ferrothorn|88/100|[from] item: Leftovers
|upkeep
|turn|4
|
|move|p1a: Kyurem|Freeze Shock||[still]
|-prepare|p1a: Kyurem|Freeze Shock|p2a: Ferrothorn
|-enditem|p1a: Kyurem|Power Herb
|-anim|p1a: Kyurem|Freeze Shock|p2a: Ferrothorn
|-damage|p2a: Ferrothorn|16/100
|-status|p2a: Ferrothorn|par
|move|p2a: Ferrothorn|Power Whip|p1a: Kyurem
|-resisted|p1a: Kyurem
|-end|p1a: Kyurem|Substitute
|
|-weather|RainDance|[upkeep]
|-heal|p2a: Ferrothorn|22/100 par|[from] item: Leftovers
|upkeep
|turn|5
|
|move|p1a: Kyurem|Substitute|p1a: Kyurem
|-start|p1a: Kyurem|Substitute
|-damage|p1a: Kyurem|50/100
|move|p2a: Ferrothorn|Spikes|p1a: Kyurem
|-sidestart|p1: Coyohma|Spikes
|
|-weather|RainDance|[upkeep]
|-heal|p2a: Ferrothorn|29/100 par|[from] item: Leftovers
|upkeep
|turn|6
|
|move|p1a: Kyurem|Outrage|p2a: Ferrothorn
|-resisted|p2a: Ferrothorn
|-damage|p2a: Ferrothorn|0 fnt
|-damage|p1a: Kyurem|38/100|[from] ability: Iron Barbs|[of] p2a: Ferrothorn
|faint|p2a: Ferrothorn
|
|-weather|RainDance|[upkeep]
|upkeep
|
|switch|p2a: Garchomp|Garchomp, M|100/100
|turn|7
|
|move|p1a: Kyurem|Outrage|p2a: Garchomp|[from]lockedmove
|-supereffective|p2a: Garchomp
|-damage|p2a: Garchomp|0 fnt
|-damage|p1a: Kyurem|25/100|[from] ability: Rough Skin|[of] p2a: Garchomp
|-damage|p1a: Kyurem|9/100|[from] item: Rocky Helmet|[of] p2a: Garchomp
|-start|p1a: Kyurem|confusion|[fatigue]
|faint|p2a: Garchomp
|
|-weather|RainDance|[upkeep]
|upkeep
|
|switch|p2a: Jolteon|Jolteon, M|91/100
|turn|8
|c|☆Coyohma|why didn't Garchomp outspeed?
|
|switch|p1a: Ferrothorn|Ferrothorn, M|100/100
|-damage|p1a: Ferrothorn|88/100|[from] Spikes
|move|p2a: Jolteon|Thunder|p1a: Ferrothorn
|-resisted|p1a: Ferrothorn
|-crit|p1a: Ferrothorn
|-damage|p1a: Ferrothorn|40/100
|-status|p1a: Ferrothorn|par
|-damage|p2a: Jolteon|81/100|[from] item: Life Orb
|
|-weather|RainDance|[upkeep]
|upkeep
|turn|9
|c|☆doughboy|tank chomp
|c|☆doughboy|wow lol
|c|☆Coyohma|ah
|
|move|p2a: Jolteon|Volt Switch|p1a: Ferrothorn
|-resisted|p1a: Ferrothorn
|-damage|p1a: Ferrothorn|26/100 par
|-damage|p2a: Jolteon|71/100|[from] item: Life Orb
|
|switch|p2a: Dragonite|Dragonite, F|100/100|[from]move: Volt Switch
|cant|p1a: Ferrothorn|par
|
|-weather|RainDance|[upkeep]
|upkeep
|turn|10
|c|☆Coyohma|holy shit I need a new PC, lagging bad
|
|switch|p1a: Jirachi|Jirachi|100/100
|-damage|p1a: Jirachi|88/100|[from] Spikes
|move|p2a: Dragonite|Substitute|p2a: Dragonite
|-start|p2a: Dragonite|Substitute
|-damage|p2a: Dragonite|76/100
|
|-weather|RainDance|[upkeep]
|-heal|p1a: Jirachi|94/100|[from] item: Leftovers
|-heal|p2a: Dragonite|82/100|[from] item: Leftovers
|upkeep
|turn|11
|
|move|p1a: Jirachi|Psyshock|p2a: Dragonite
|-end|p2a: Dragonite|Substitute
|move|p2a: Dragonite|Roost|p2a: Dragonite
|-heal|p2a: Dragonite|100/100
|-singleturn|p2a: Dragonite|move: Roost
|
|-weather|RainDance|[upkeep]
|-heal|p1a: Jirachi|100/100|[from] item: Leftovers
|upkeep
|turn|12
|
|switch|p2a: Jolteon|Jolteon, M|71/100
|move|p1a: Jirachi|Thunder|p2a: Jolteon
|-heal|p2a: Jolteon|95/100|[from] ability: Volt Absorb|[of] p1a: Jirachi
|
|-weather|RainDance|[upkeep]
|upkeep
|turn|13
|
|switch|p1a: Kyurem|Kyurem-Black|9/100
|-damage|p1a: Kyurem|0 fnt|[from] Spikes
|faint|p1a: Kyurem
|move|p2a: Jolteon|Thunder|p1: Kyurem|[notarget]
|-fail|p2a: Jolteon
|
|-weather|RainDance|[upkeep]
|upkeep
|
|switch|p1a: Keldeo|Keldeo-Resolute|100/100
|-damage|p1a: Keldeo|88/100|[from] Spikes
|turn|14
|
|switch|p2a: Dragonite|Dragonite, F|100/100
|move|p1a: Keldeo|Surf|p2a: Dragonite
|-resisted|p2a: Dragonite
|-crit|p2a: Dragonite
|-damage|p2a: Dragonite|64/100
|
|-weather|RainDance|[upkeep]
|-heal|p2a: Dragonite|70/100|[from] item: Leftovers
|upkeep
|turn|15
|
|switch|p1a: Jirachi|Jirachi|100/100
|-damage|p1a: Jirachi|88/100|[from] Spikes
|move|p2a: Dragonite|Dragon Tail|p1a: Jirachi
|-resisted|p1a: Jirachi
|-damage|p1a: Jirachi|80/100
|drag|p1a: Keldeo|Keldeo-Resolute|88/100
|-damage|p1a: Keldeo|76/100|[from] Spikes
|
|-weather|RainDance|[upkeep]
|-heal|p2a: Dragonite|76/100|[from] item: Leftovers
|upkeep
|turn|16
|
|move|p1a: Keldeo|Surf|p2a: Dragonite
|-resisted|p2a: Dragonite
|-crit|p2a: Dragonite
|-damage|p2a: Dragonite|0 fnt
|faint|p2a: Dragonite
|
|-weather|RainDance|[upkeep]
|upkeep
|c|☆Coyohma|srry
|
|switch|p2a: Starmie|Starmie|100/100
|turn|17
|
|switch|p1a: Ferrothorn|Ferrothorn, M|26/100 par
|-damage|p1a: Ferrothorn|14/100 par|[from] Spikes
|move|p2a: Starmie|Surf|p1a: Ferrothorn
|-resisted|p1a: Ferrothorn
|-damage|p1a: Ferrothorn|0 fnt
|faint|p1a: Ferrothorn
|
|-weather|RainDance|[upkeep]
|upkeep
|
|switch|p1a: Jirachi|Jirachi|80/100
|-damage|p1a: Jirachi|67/100|[from] Spikes
|turn|18
|
|move|p2a: Starmie|Surf|p1a: Jirachi
|-damage|p1a: Jirachi|0 fnt
|faint|p1a: Jirachi
|
|-weather|RainDance|[upkeep]
|upkeep
|
|switch|p1a: Politoed|Politoed, M, shiny|100/100
|-damage|p1a: Politoed|88/100|[from] Spikes
|turn|19
|
|switch|p2a: Jolteon|Jolteon, M|95/100
|move|p1a: Politoed|Scald|p2a: Jolteon
|-crit|p2a: Jolteon
|-damage|p2a: Jolteon|0 fnt
|faint|p2a: Jolteon
|
|-weather|RainDance|[upkeep]
|upkeep
|
|switch|p2a: Starmie|Starmie|100/100
|turn|20
|
|move|p2a: Starmie|Psyshock|p1a: Politoed
|-damage|p1a: Politoed|24/100
|move|p1a: Politoed|Scald|p2a: Starmie
|-resisted|p2a: Starmie
|-damage|p2a: Starmie|61/100
|-status|p2a: Starmie|brn
|
|-weather|RainDance|[upkeep]
|-damage|p2a: Starmie|49/100 brn|[from] brn
|upkeep
|turn|21
|
|move|p2a: Starmie|Psyshock|p1a: Politoed
|-damage|p1a: Politoed|0 fnt
|faint|p1a: Politoed
|
|-weather|RainDance|[upkeep]
|-damage|p2a: Starmie|37/100 brn|[from] brn
|upkeep
|
|switch|p1a: Breloom|Breloom, F|100/100
|-damage|p1a: Breloom|88/100|[from] Spikes
|turn|22
|
|move|p1a: Breloom|Mach Punch|p2a: Starmie
|-resisted|p2a: Starmie
|-damage|p2a: Starmie|4/100 brn
|-damage|p1a: Breloom|78/100|[from] item: Life Orb
|move|p2a: Starmie|Psyshock|p1a: Breloom
|-supereffective|p1a: Breloom
|-damage|p1a: Breloom|0 fnt
|faint|p1a: Breloom
|
|-weather|RainDance|[upkeep]
|-damage|p2a: Starmie|0 fnt|[from] brn
|faint|p2a: Starmie
|
|win|Coyohma
|upkeep
|raw|Coyohma's rating: 1416 &rarr; <strong>1445</strong><br />(+29 for winning)
|raw|doughboy's rating: 1577 &rarr; <strong>1549</strong><br />(-28 for losing)
