|uhtml|medal-msg|<div class="broadcast-blue">Curious what those medals under the avatar are? PS now has Ladder Seasons! For more information, check out the <a href="https://www.smogon.com/forums/threads/3740067/">thread on Smogon.</a></div>
|uhtml|medal-msg|<div class="broadcast-blue">Curious what those medals under the avatar are? PS now has Ladder Seasons! For more information, check out the <a href="https://www.smogon.com/forums/threads/3740067/">thread on Smogon.</a></div>
|j|☆Coronet077
|j|‽kinetic koko
|t:|1712418600
|gametype|singles
|player|p1|Coronet077|fisherman-gen4|1356
|player|p2|kinetic koko|265|1479
|teamsize|p1|6
|teamsize|p2|6
|gen|5
|tier|[Gen 5] OU
|rated|
|rule|Species Clause: Limit one of each Pokémon
|rule|OHKO Clause: OHKO moves are banned
|rule|Moody Clause: Moody is banned
|rule|Evasion Items Clause: Evasion items are banned
|rule|Evasion Moves Clause: Evasion moves are banned
|rule|Endless Battle Clause: Forcing endless battles is banned
|rule|HP Percentage Mod: HP is shown in percentages
|rule|Evasion Abilities Clause: Evasion abilities are banned
|rule|Sleep Moves Clause: Sleep-inducing moves are banned
|rule|Swagger Clause: Swagger is banned
|rule|Baton Pass Stat Clause: No Baton Passer may have a way to boost its stats
|clearpoke
|poke|p1|Magnezone|item
|poke|p1|Jirachi|item
|poke|p1|Kyurem-Black|item
|poke|p1|Latios, M|item
|poke|p1|Garchomp, M|item
|poke|p1|Dragonite, M|item
|poke|p2|Jirachi|item
|poke|p2|Latios, M|item
|poke|p2|Tyranitar, F|item
|poke|p2|Landorus-Therian, M|item
|poke|p2|Ferrothorn, F|item
|poke|p2|Starmie|item
|teampreview
|
|t:|1712418621
|start
|switch|p1a: Jirachi|Jirachi|100/100
|switch|p2a: Latios|Latios, M|100/100
|turn|1
|
|t:|1712418663
|move|p2a: Latios|Hidden Power|p1a: Jirachi
|-supereffective|p1a: Jirachi
|-damage|p1a: Jirachi|54/100
|move|p1a: Jirachi|Stealth Rock|p2a: Latios
|-sidestart|p2: kinetic koko|move: Stealth Rock
|
|upkeep
|turn|2
|
|t:|1712418670
|switch|p1a: Latios|Latios, M|100/100
|move|p2a: Latios|Hidden Power|p1a: Latios
|-resisted|p1a: Latios
|-damage|p1a: Latios|81/100
|
|upkeep
|turn|3
|
|t:|1712418684
|switch|p1a: Garchomp|Garchomp, M|100/100
|switch|p2a: Tyranitar|Tyranitar, F|100/100
|-damage|p2a: Tyranitar|88/100|[from] Stealth Rock
|-weather|Sandstorm|[from] ability: Sand Stream|[of] p2a: Tyranitar
|
|-weather|Sandstorm|[upkeep]
|upkeep
|turn|4
|
|t:|1712418696
|switch|p1a: Kyurem|Kyurem-Black|100/100
|-ability|p1a: Kyurem|Teravolt
|move|p2a: Tyranitar|Ice Beam|p1a: Kyurem
|-damage|p1a: Kyurem|82/100
|
|-weather|Sandstorm|[upkeep]
|-damage|p1a: Kyurem|76/100|[from] Sandstorm
|upkeep
|turn|5
|
|t:|1712418705
|switch|p1a: Magnezone|Magnezone|100/100
|-item|p1a: Magnezone|Air Balloon
|switch|p2a: Ferrothorn|Ferrothorn, F|100/100
|-damage|p2a: Ferrothorn|94/100|[from] Stealth Rock
|
|-weather|Sandstorm|[upkeep]
|-heal|p2a: Ferrothorn|100/100|[from] item: Leftovers
|upkeep
|turn|6
|
|t:|1712418708
|move|p1a: Magnezone|Sunny Day|p1a: Magnezone
|-weather|SunnyDay
|move|p2a: Ferrothorn|Thunder Wave|p1a: Magnezone
|-status|p1a: Magnezone|par
|
|-weather|SunnyDay|[upkeep]
|upkeep
|turn|7
|
|t:|1712418712
|move|p2a: Ferrothorn|Spikes|p1a: Magnezone
|-sidestart|p1: Coronet077|Spikes
|move|p1a: Magnezone|Hidden Power|p2a: Ferrothorn
|-supereffective|p2a: Ferrothorn
|-damage|p2a: Ferrothorn|0 fnt
|faint|p2a: Ferrothorn
|
|-weather|SunnyDay|[upkeep]
|upkeep
|
|t:|1712418716
|switch|p2a: Landorus|Landorus-Therian, M|100/100
|-damage|p2a: Landorus|88/100|[from] Stealth Rock
|-ability|p2a: Landorus|Intimidate|boost
|-unboost|p1a: Magnezone|atk|1
|turn|8
|
|t:|1712418726
|move|p2a: Landorus|Stealth Rock|p1a: Magnezone
|-sidestart|p1: Coronet077|move: Stealth Rock
|move|p1a: Magnezone|Thunderbolt|p2a: Landorus
|-immune|p2a: Landorus
|
|-weather|SunnyDay|[upkeep]
|-heal|p2a: Landorus|94/100|[from] item: Leftovers
|upkeep
|turn|9
|
|t:|1712418731
|move|p2a: Landorus|Hidden Power|p1a: Magnezone
|-resisted|p1a: Magnezone
|-damage|p1a: Magnezone|89/100 par
|-enditem|p1a: Magnezone|Air Balloon
|move|p1a: Magnezone|Hidden Power|p2a: Landorus
|-damage|p2a: Landorus|42/100
|
|-weather|SunnyDay|[upkeep]
|-heal|p2a: Landorus|48/100|[from] item: Leftovers
|upkeep
|turn|10
|
|t:|1712418738
|move|p2a: Landorus|Earthquake|p1a: Magnezone
|-supereffective|p1a: Magnezone
|-damage|p1a: Magnezone|0 fnt
|faint|p1a: Magnezone
|
|-weather|none
|-heal|p2a: Landorus|54/100|[from] item: Leftovers
|upkeep
|
|t:|1712418743
|switch|p1a: Kyurem|Kyurem-Black|76/100
|-damage|p1a: Kyurem|63/100|[from] Spikes
|-damage|p1a: Kyurem|39/100|[from] Stealth Rock
|-ability|p1a: Kyurem|Teravolt
|turn|11
|
|t:|1712418761
|switch|p2a: Starmie|Starmie|100/100
|-damage|p2a: Starmie|88/100|[from] Stealth Rock
|move|p1a: Kyurem|Outrage|p2a: Starmie
|-damage|p2a: Starmie|0 fnt
|faint|p2a: Starmie
|
|upkeep
|
|t:|1712418764
|switch|p2a: Latios|Latios, M|100/100
|-damage|p2a: Latios|88/100|[from] Stealth Rock
|turn|12
|
|t:|1712418766
|move|p2a: Latios|Draco Meteor|p1a: Kyurem
|-supereffective|p1a: Kyurem
|-damage|p1a: Kyurem|0 fnt
|-unboost|p2a: Latios|spa|2
|faint|p1a: Kyurem
|
|upkeep
|
|t:|1712418774
|switch|p1a: Jirachi|Jirachi|54/100
|-damage|p1a: Jirachi|42/100|[from] Spikes
|-damage|p1a: Jirachi|36/100|[from] Stealth Rock
|turn|13
|
|t:|1712418778
|switch|p2a: Jirachi|Jirachi|100/100
|-damage|p2a: Jirachi|94/100|[from] Stealth Rock
|move|p1a: Jirachi|U-turn|p2a: Jirachi
|-damage|p2a: Jirachi|80/100
|
|t:|1712418784
|switch|p1a: Garchomp|Garchomp, M|100/100|[from] U-turn
|-damage|p1a: Garchomp|88/100|[from] Spikes
|-damage|p1a: Garchomp|82/100|[from] Stealth Rock
|
|upkeep
|turn|14
|
|t:|1712418790
|move|p1a: Garchomp|Earthquake|p2a: Jirachi
|-supereffective|p2a: Jirachi
|-damage|p2a: Jirachi|0 fnt
|faint|p2a: Jirachi
|
|upkeep
|
|t:|1712418792
|switch|p2a: Landorus|Landorus-Therian, M|54/100
|-damage|p2a: Landorus|42/100|[from] Stealth Rock
|-ability|p2a: Landorus|Intimidate|boost
|-unboost|p1a: Garchomp|atk|1
|turn|15
|
|t:|1712418798
|switch|p1a: Jirachi|Jirachi|36/100
|-damage|p1a: Jirachi|24/100|[from] Spikes
|-damage|p1a: Jirachi|17/100|[from] Stealth Rock
|move|p2a: Landorus|U-turn|p1a: Jirachi
|-damage|p1a: Jirachi|0 fnt
|faint|p1a: Jirachi
|
|t:|1712418803
|switch|p2a: Latios|Latios, M|88/100|[from] U-turn
|-damage|p2a: Latios|76/100|[from] Stealth Rock
|
|upkeep
|
|t:|1712418806
|switch|p1a: Latios|Latios, M|81/100
|-damage|p1a: Latios|68/100|[from] Stealth Rock
|turn|16
|
|t:|1712418813
|move|p1a: Latios|Dragon Pulse|p2a: Latios
|-supereffective|p2a: Latios
|-damage|p2a: Latios|0 fnt
|faint|p2a: Latios
|
|upkeep
|
|t:|1712418815
|switch|p2a: Tyranitar|Tyranitar, F|88/100
|-damage|p2a: Tyranitar|76/100|[from] Stealth Rock
|-weather|Sandstorm|[from] ability: Sand Stream|[of] p2a: Tyranitar
|turn|17
|
|t:|1712418817
|move|p1a: Latios|Dragon Pulse|p2a: Tyranitar
|-damage|p2a: Tyranitar|53/100
|move|p2a: Tyranitar|Pursuit|p1a: Latios
|-supereffective|p1a: Latios
|-damage|p1a: Latios|16/100
|
|-weather|Sandstorm|[upkeep]
|-damage|p1a: Latios|10/100|[from] Sandstorm
|upkeep
|turn|18
|
|t:|1712418823
|move|p1a: Latios|Dragon Pulse|p2a: Tyranitar
|-damage|p2a: Tyranitar|31/100
|move|p2a: Tyranitar|Pursuit|p1a: Latios
|-supereffective|p1a: Latios
|-damage|p1a: Latios|0 fnt
|faint|p1a: Latios
|
|-weather|Sandstorm|[upkeep]
|upkeep
|
|t:|1712418829
|switch|p1a: Garchomp|Garchomp, M|82/100
|-damage|p1a: Garchomp|70/100|[from] Spikes
|-damage|p1a: Garchomp|64/100|[from] Stealth Rock
|turn|19
|-message|kinetic koko forfeited.
|
|win|Coronet077
|raw|Coronet077's rating: 1356 &rarr; <strong>1383</strong><br />(+27 for winning)
|raw|kinetic koko's rating: 1479 &rarr; <strong>1452</strong><br />(-27 for losing)
|l|‽kinetic koko
|player|p2|
