|j|☆nb41st
|j|☆thegoat322
|t:|1717597608
|gametype|singles
|player|p1|nb41st|101|1508
|player|p2|thegoat322|170|1397
|teamsize|p1|6
|teamsize|p2|6
|gen|5
|tier|[Gen 5] OU
|rated|
|rule|Species Clause: Limit one of each Pokémon
|rule|OHKO Clause: OHKO moves are banned
|rule|Moody Clause: Moody is banned
|rule|Evasion Items Clause: Evasion items are banned
|rule|Evasion Moves Clause: Evasion moves are banned
|rule|Endless Battle Clause: Forcing endless battles is banned
|rule|HP Percentage Mod: HP is shown in percentages
|rule|Evasion Abilities Clause: Evasion abilities are banned
|rule|Sleep Moves Clause: Sleep-inducing moves are banned
|rule|Swagger Clause: Swagger is banned
|rule|Baton Pass Stat Clause: No Baton Passer may have a way to boost its stats
|clearpoke
|poke|p1|Tyranitar, F|item
|poke|p1|Latias, F|item
|poke|p1|Excadrill, M|item
|poke|p1|Alakazam, F|item
|poke|p1|Rotom-Wash|item
|poke|p1|Landorus-Therian, M|item
|poke|p2|Politoed, M|item
|poke|p2|Kyurem-Black|item
|poke|p2|Starmie|item
|poke|p2|Ferrothorn, M|item
|poke|p2|Garchomp, M|item
|poke|p2|Latios, M|item
|teampreview
|
|t:|1717597638
|start
|switch|p1a: Tyranitar|Tyranitar, F|100/100
|switch|p2a: Garchomp|Garchomp, M|100/100
|-weather|Sandstorm|[from] ability: Sand Stream|[of] p1a: Tyranitar
|turn|1
|
|t:|1717597642
|move|p2a: Garchomp|Earthquake|p1a: Tyranitar
|-supereffective|p1a: Tyranitar
|-damage|p1a: Tyranitar|20/100
|move|p1a: Tyranitar|Stealth Rock|p2a: Garchomp
|-sidestart|p2: thegoat322|move: Stealth Rock
|
|-weather|Sandstorm|[upkeep]
|upkeep
|turn|2
|
|t:|1717597646
|switch|p1a: Landorus|Landorus-Therian, M|100/100
|-ability|p1a: Landorus|Intimidate|boost
|-unboost|p2a: Garchomp|atk|1
|move|p2a: Garchomp|Stealth Rock|p1a: Landorus
|-sidestart|p1: nb41st|move: Stealth Rock
|
|-weather|Sandstorm|[upkeep]
|upkeep
|turn|3
|inactive|Battle timer is ON: inactive players will automatically lose when time's up. (requested by thegoat322)
|
|t:|1717597655
|switch|p2a: Politoed|Politoed, M|100/100
|-damage|p2a: Politoed|88/100|[from] Stealth Rock
|-weather|RainDance|[from] ability: Drizzle|[of] p2a: Politoed
|move|p1a: Landorus|Hidden Power|p2a: Politoed
|-resisted|p2a: Politoed
|-damage|p2a: Politoed|82/100
|
|-weather|RainDance|[upkeep]
|-heal|p2a: Politoed|89/100|[from] item: Leftovers
|upkeep
|turn|4
|
|t:|1717597662
|move|p1a: Landorus|U-turn|p2a: Politoed
|-damage|p2a: Politoed|66/100
|
|t:|1717597667
|switch|p1a: Rotom|Rotom-Wash|100/100|[from] U-turn
|-damage|p1a: Rotom|88/100|[from] Stealth Rock
|move|p2a: Politoed|Toxic|p1a: Rotom
|-status|p1a: Rotom|tox
|
|-weather|RainDance|[upkeep]
|-heal|p1a: Rotom|94/100 tox|[from] item: Leftovers
|-heal|p2a: Politoed|72/100|[from] item: Leftovers
|-damage|p1a: Rotom|88/100 tox|[from] psn
|upkeep
|turn|5
|
|t:|1717597679
|move|p2a: Politoed|Protect|p2a: Politoed
|-singleturn|p2a: Politoed|Protect
|move|p1a: Rotom|Volt Switch|p2a: Politoed
|-activate|p2a: Politoed|move: Protect
|
|-weather|RainDance|[upkeep]
|-heal|p1a: Rotom|94/100 tox|[from] item: Leftovers
|-heal|p2a: Politoed|78/100|[from] item: Leftovers
|-damage|p1a: Rotom|82/100 tox|[from] psn
|upkeep
|turn|6
|
|t:|1717597690
|switch|p2a: Ferrothorn|Ferrothorn, M|100/100
|-damage|p2a: Ferrothorn|95/100|[from] Stealth Rock
|move|p1a: Rotom|Volt Switch|p2a: Ferrothorn
|-resisted|p2a: Ferrothorn
|-damage|p2a: Ferrothorn|85/100
|
|t:|1717597698
|switch|p1a: Excadrill|Excadrill, M|100/100|[from] Volt Switch
|-damage|p1a: Excadrill|97/100|[from] Stealth Rock
|
|-weather|RainDance|[upkeep]
|-heal|p1a: Excadrill|100/100|[from] item: Leftovers
|-heal|p2a: Ferrothorn|91/100|[from] item: Leftovers
|upkeep
|turn|7
|
|t:|1717597707
|switch|p2a: Garchomp|Garchomp, M|100/100
|-damage|p2a: Garchomp|94/100|[from] Stealth Rock
|move|p1a: Excadrill|Substitute|p1a: Excadrill
|-start|p1a: Excadrill|Substitute
|-damage|p1a: Excadrill|76/100
|
|-weather|RainDance|[upkeep]
|-heal|p1a: Excadrill|82/100|[from] item: Leftovers
|upkeep
|turn|8
|
|t:|1717597712
|move|p2a: Garchomp|Earthquake|p1a: Excadrill
|-supereffective|p1a: Excadrill
|-end|p1a: Excadrill|Substitute
|move|p1a: Excadrill|Earthquake|p2a: Garchomp
|-damage|p2a: Garchomp|34/100
|
|-weather|RainDance|[upkeep]
|-heal|p1a: Excadrill|88/100|[from] item: Leftovers
|upkeep
|turn|9
|
|t:|1717597719
|switch|p1a: Landorus|Landorus-Therian, M|100/100
|-damage|p1a: Landorus|88/100|[from] Stealth Rock
|-ability|p1a: Landorus|Intimidate|boost
|-unboost|p2a: Garchomp|atk|1
|move|p2a: Garchomp|Earthquake|p1a: Landorus
|-immune|p1a: Landorus
|
|-weather|RainDance|[upkeep]
|-heal|p1a: Landorus|94/100|[from] item: Leftovers
|upkeep
|turn|10
|
|t:|1717597730
|switch|p2a: Latios|Latios, M|100/100
|-damage|p2a: Latios|88/100|[from] Stealth Rock
|move|p1a: Landorus|Earthquake|p2a: Latios
|-immune|p2a: Latios|[from] ability: Levitate
|
|-weather|RainDance|[upkeep]
|-heal|p1a: Landorus|99/100|[from] item: Leftovers
|upkeep
|turn|11
|
|t:|1717597744
|switch|p1a: Tyranitar|Tyranitar, F|20/100
|-damage|p1a: Tyranitar|8/100|[from] Stealth Rock
|-weather|Sandstorm|[from] ability: Sand Stream|[of] p1a: Tyranitar
|move|p2a: Latios|Surf|p1a: Tyranitar
|-supereffective|p1a: Tyranitar
|-damage|p1a: Tyranitar|0 fnt
|faint|p1a: Tyranitar
|
|-weather|Sandstorm|[upkeep]
|-damage|p2a: Latios|82/100|[from] Sandstorm
|upkeep
|
|t:|1717597756
|switch|p1a: Latias|Latias, F|100/100
|-damage|p1a: Latias|88/100|[from] Stealth Rock
|turn|12
|
|t:|1717597761
|switch|p2a: Politoed|Politoed, M|78/100
|-damage|p2a: Politoed|66/100|[from] Stealth Rock
|-weather|RainDance|[from] ability: Drizzle|[of] p2a: Politoed
|move|p1a: Latias|Hidden Power|p2a: Politoed
|-resisted|p2a: Politoed
|-damage|p2a: Politoed|63/100
|
|-weather|RainDance|[upkeep]
|-heal|p2a: Politoed|69/100|[from] item: Leftovers
|upkeep
|turn|13
|
|t:|1717597768
|switch|p1a: Rotom|Rotom-Wash|82/100 tox
|-damage|p1a: Rotom|69/100 tox|[from] Stealth Rock
|move|p2a: Politoed|Toxic|p1a: Rotom
|-fail|p1a: Rotom|tox
|
|-weather|RainDance|[upkeep]
|-heal|p1a: Rotom|75/100 tox|[from] item: Leftovers
|-heal|p2a: Politoed|75/100|[from] item: Leftovers
|-damage|p1a: Rotom|69/100 tox|[from] psn
|upkeep
|turn|14
|
|t:|1717597771
|move|p2a: Politoed|Protect|p2a: Politoed
|-singleturn|p2a: Politoed|Protect
|move|p1a: Rotom|Hydro Pump|p2a: Politoed
|-activate|p2a: Politoed|move: Protect
|
|-weather|RainDance|[upkeep]
|-heal|p1a: Rotom|75/100 tox|[from] item: Leftovers
|-heal|p2a: Politoed|82/100|[from] item: Leftovers
|-damage|p1a: Rotom|63/100 tox|[from] psn
|upkeep
|turn|15
|
|t:|1717597784
|move|p1a: Rotom|Volt Switch|p2a: Politoed
|-supereffective|p2a: Politoed
|-damage|p2a: Politoed|46/100
|
|t:|1717597788
|switch|p1a: Latias|Latias, F|88/100|[from] Volt Switch
|-damage|p1a: Latias|76/100|[from] Stealth Rock
|move|p2a: Politoed|Scald|p1a: Latias
|-resisted|p1a: Latias
|-damage|p1a: Latias|62/100
|-status|p1a: Latias|brn
|
|-weather|RainDance|[upkeep]
|-heal|p2a: Politoed|52/100|[from] item: Leftovers
|-damage|p1a: Latias|50/100 brn|[from] brn
|upkeep
|turn|16
|
|t:|1717597795
|move|p2a: Politoed|Protect|p2a: Politoed
|-singleturn|p2a: Politoed|Protect
|move|p1a: Latias|Recover|p1a: Latias
|-heal|p1a: Latias|99/100 brn
|
|-weather|RainDance|[upkeep]
|-heal|p2a: Politoed|58/100|[from] item: Leftovers
|-damage|p1a: Latias|87/100 brn|[from] brn
|upkeep
|turn|17
|
|t:|1717597809
|switch|p1a: Rotom|Rotom-Wash|63/100 tox
|-damage|p1a: Rotom|50/100 tox|[from] Stealth Rock
|move|p2a: Politoed|Encore||[still]
|-fail|p2a: Politoed
|
|-weather|RainDance|[upkeep]
|-heal|p1a: Rotom|57/100 tox|[from] item: Leftovers
|-heal|p2a: Politoed|65/100|[from] item: Leftovers
|-damage|p1a: Rotom|50/100 tox|[from] psn
|upkeep
|turn|18
|
|t:|1717597814
|move|p2a: Politoed|Protect|p2a: Politoed
|-singleturn|p2a: Politoed|Protect
|move|p1a: Rotom|Volt Switch|p2a: Politoed
|-activate|p2a: Politoed|move: Protect
|
|-weather|RainDance|[upkeep]
|-heal|p1a: Rotom|57/100 tox|[from] item: Leftovers
|-heal|p2a: Politoed|71/100|[from] item: Leftovers
|-damage|p1a: Rotom|44/100 tox|[from] psn
|upkeep
|turn|19
|
|t:|1717597829
|switch|p2a: Ferrothorn|Ferrothorn, M|91/100
|-damage|p2a: Ferrothorn|85/100|[from] Stealth Rock
|move|p1a: Rotom|Pain Split|p2a: Ferrothorn
|-sethp|p2a: Ferrothorn|62/100|[from] move: Pain Split|[silent]
|-sethp|p1a: Rotom|71/100 tox|[from] move: Pain Split
|
|-weather|RainDance|[upkeep]
|-heal|p1a: Rotom|77/100 tox|[from] item: Leftovers
|-heal|p2a: Ferrothorn|68/100|[from] item: Leftovers
|-damage|p1a: Rotom|59/100 tox|[from] psn
|upkeep
|turn|20
|
|t:|1717597839
|move|p1a: Rotom|Will-O-Wisp|p2a: Ferrothorn
|-status|p2a: Ferrothorn|brn
|move|p2a: Ferrothorn|Knock Off|p1a: Rotom
|-damage|p1a: Rotom|56/100 tox
|-enditem|p1a: Rotom|Leftovers|[from] move: Knock Off|[of] p2a: Ferrothorn
|
|-weather|RainDance|[upkeep]
|-heal|p2a: Ferrothorn|74/100 brn|[from] item: Leftovers
|-damage|p1a: Rotom|31/100 tox|[from] psn
|-damage|p2a: Ferrothorn|61/100 brn|[from] brn
|upkeep
|turn|21
|
|t:|1717597845
|switch|p1a: Excadrill|Excadrill, M|88/100
|-damage|p1a: Excadrill|85/100|[from] Stealth Rock
|move|p2a: Ferrothorn|Power Whip|p1a: Excadrill
|-damage|p1a: Excadrill|58/100
|
|-weather|RainDance|[upkeep]
|-heal|p1a: Excadrill|64/100|[from] item: Leftovers
|-heal|p2a: Ferrothorn|67/100 brn|[from] item: Leftovers
|-damage|p2a: Ferrothorn|55/100 brn|[from] brn
|upkeep
|turn|22
|
|t:|1717597855
|switch|p2a: Politoed|Politoed, M|71/100
|-damage|p2a: Politoed|58/100|[from] Stealth Rock
|move|p1a: Excadrill|Substitute|p1a: Excadrill
|-start|p1a: Excadrill|Substitute
|-damage|p1a: Excadrill|39/100
|
|-weather|RainDance|[upkeep]
|-heal|p1a: Excadrill|45/100|[from] item: Leftovers
|-heal|p2a: Politoed|65/100|[from] item: Leftovers
|upkeep
|turn|23
|
|t:|1717597860
|move|p1a: Excadrill|Earthquake|p2a: Politoed
|-damage|p2a: Politoed|4/100
|move|p2a: Politoed|Scald|p1a: Excadrill
|-supereffective|p1a: Excadrill
|-end|p1a: Excadrill|Substitute
|
|-weather|RainDance|[upkeep]
|-heal|p1a: Excadrill|51/100|[from] item: Leftovers
|-heal|p2a: Politoed|10/100|[from] item: Leftovers
|upkeep
|turn|24
|
|t:|1717597867
|move|p2a: Politoed|Protect|p2a: Politoed
|-singleturn|p2a: Politoed|Protect
|move|p1a: Excadrill|Iron Head|p2a: Politoed
|-activate|p2a: Politoed|move: Protect
|
|-weather|RainDance|[upkeep]
|-heal|p1a: Excadrill|57/100|[from] item: Leftovers
|-heal|p2a: Politoed|17/100|[from] item: Leftovers
|upkeep
|turn|25
|
|t:|1717597873
|move|p1a: Excadrill|Earthquake|p2a: Politoed
|-damage|p2a: Politoed|0 fnt
|faint|p2a: Politoed
|
|-weather|RainDance|[upkeep]
|-heal|p1a: Excadrill|63/100|[from] item: Leftovers
|upkeep
|
|t:|1717597881
|switch|p2a: Starmie|Starmie|100/100
|-damage|p2a: Starmie|88/100|[from] Stealth Rock
|-item|p2a: Starmie|Air Balloon
|turn|26
|
|t:|1717597890
|move|p1a: Excadrill|Protect|p1a: Excadrill
|-singleturn|p1a: Excadrill|Protect
|move|p2a: Starmie|Ice Beam|p1a: Excadrill
|-activate|p1a: Excadrill|move: Protect
|
|-weather|RainDance|[upkeep]
|-heal|p1a: Excadrill|69/100|[from] item: Leftovers
|upkeep
|turn|27
|
|t:|1717597897
|move|p2a: Starmie|Hydro Pump|p1a: Excadrill
|-supereffective|p1a: Excadrill
|-damage|p1a: Excadrill|0 fnt
|faint|p1a: Excadrill
|
|-weather|RainDance|[upkeep]
|upkeep
|c|☆thegoat322|yesss
|
|t:|1717597903
|switch|p1a: Latias|Latias, F|87/100 brn
|-damage|p1a: Latias|75/100 brn|[from] Stealth Rock
|turn|28
|
|t:|1717597908
|move|p2a: Starmie|Ice Beam|p1a: Latias
|-supereffective|p1a: Latias
|-damage|p1a: Latias|32/100 brn
|move|p1a: Latias|Thunder Wave|p2a: Starmie
|-status|p2a: Starmie|par
|
|-weather|RainDance|[upkeep]
|-damage|p1a: Latias|20/100 brn|[from] brn
|upkeep
|turn|29
|
|t:|1717597923
|move|p1a: Latias|Recover|p1a: Latias
|-heal|p1a: Latias|70/100 brn
|move|p2a: Starmie|Rapid Spin|p1a: Latias
|-damage|p1a: Latias|66/100 brn
|-damage|p2a: Starmie|72/100 par|[from] item: Rocky Helmet|[of] p1a: Latias
|-sideend|p2: thegoat322|Stealth Rock|[from] move: Rapid Spin|[of] p2a: Starmie
|
|-weather|RainDance|[upkeep]
|-damage|p1a: Latias|53/100 brn|[from] brn
|upkeep
|turn|30
|
|t:|1717597934
|move|p1a: Latias|Hidden Power|p2a: Starmie
|-resisted|p2a: Starmie
|-damage|p2a: Starmie|66/100 par
|-enditem|p2a: Starmie|Air Balloon
|move|p2a: Starmie|Ice Beam|p1a: Latias
|-supereffective|p1a: Latias
|-damage|p1a: Latias|0 fnt
|faint|p1a: Latias
|
|-weather|RainDance|[upkeep]
|upkeep
|
|t:|1717597939
|switch|p1a: Landorus|Landorus-Therian, M|99/100
|-damage|p1a: Landorus|88/100|[from] Stealth Rock
|-ability|p1a: Landorus|Intimidate|boost
|-unboost|p2a: Starmie|atk|1
|turn|31
|
|t:|1717597945
|move|p1a: Landorus|U-turn|p2a: Starmie
|-supereffective|p2a: Starmie
|-damage|p2a: Starmie|1/100 par
|
|t:|1717597949
|switch|p1a: Rotom|Rotom-Wash|31/100 tox|[from] U-turn
|-damage|p1a: Rotom|19/100 tox|[from] Stealth Rock
|cant|p2a: Starmie|par
|
|-weather|RainDance|[upkeep]
|-damage|p1a: Rotom|12/100 tox|[from] psn
|upkeep
|turn|32
|
|t:|1717597959
|move|p1a: Rotom|Volt Switch|p2a: Starmie
|-supereffective|p2a: Starmie
|-damage|p2a: Starmie|0 fnt
|faint|p2a: Starmie
|
|t:|1717597965
|switch|p1a: Alakazam|Alakazam, F|100/100|[from] Volt Switch
|
|-weather|RainDance|[upkeep]
|upkeep
|
|t:|1717597978
|switch|p2a: Ferrothorn|Ferrothorn, M|55/100 brn
|turn|33
|
|t:|1717597985
|move|p1a: Alakazam|Focus Blast|p2a: Ferrothorn
|-supereffective|p2a: Ferrothorn
|-damage|p2a: Ferrothorn|0 fnt
|faint|p2a: Ferrothorn
|
|-weather|RainDance|[upkeep]
|upkeep
|
|t:|1717597996
|switch|p2a: Latios|Latios, M|82/100
|turn|34
|
|t:|1717598003
|move|p2a: Latios|Surf|p1a: Alakazam
|-damage|p1a: Alakazam|24/100
|move|p1a: Alakazam|Hidden Power|p2a: Latios
|-supereffective|p2a: Latios
|-damage|p2a: Latios|34/100
|
|-weather|RainDance|[upkeep]
|upkeep
|turn|35
|-message|nb41st forfeited.
|
|win|thegoat322
|raw|nb41st's rating: 1508 &rarr; <strong>1482</strong><br />(-26 for losing)
|raw|thegoat322's rating: 1397 &rarr; <strong>1423</strong><br />(+26 for winning)
|l|☆nb41st
|player|p1|
