|j|☆cdrgcde
|j|‽baixiaohen
|t:|1744617607
|gametype|singles
|player|p1|cdrgcde|hilbert|1393
|player|p2|baixiaohen|red|1377
|teamsize|p1|6
|teamsize|p2|6
|gen|5
|tier|[Gen 5] OU
|rated|
|rule|Species Clause: Limit one of each Pokémon
|rule|OHKO Clause: OHKO moves are banned
|rule|Moody Clause: Moody is banned
|rule|Evasion Items Clause: Evasion items are banned
|rule|Evasion Moves Clause: Evasion moves are banned
|rule|Endless Battle Clause: Forcing endless battles is banned
|rule|HP Percentage Mod: HP is shown in percentages
|rule|Evasion Abilities Clause: Evasion abilities are banned
|rule|Sleep Moves Clause: Sleep-inducing moves are banned
|rule|Swagger Clause: Swagger is banned
|rule|Baton Pass Stat Clause: No Baton Passer may have a way to boost its stats
|clearpoke
|poke|p1|Politoed, M|item
|poke|p1|Keldeo-Resolute|item
|poke|p1|Jirachi|item
|poke|p1|Tentacruel, F|item
|poke|p1|Ferrothorn, M|item
|poke|p1|Thundurus-Therian, M|item
|poke|p2|Jirachi|item
|poke|p2|Scizor, F|item
|poke|p2|Celebi|item
|poke|p2|Gyarados, M|item
|poke|p2|Heatran, M|item
|poke|p2|Starmie|item
|teampreview
|inactive|Battle timer is ON: inactive players will automatically lose when time's up. (requested by baixiaohen)
|inactive|cdrgcde also wants the timer to be on.
|inactive|baixiaohen has 120 seconds left.
|inactive|cdrgcde has 120 seconds left.
|
|t:|1744617650
|start
|switch|p1a: Politoed|Politoed, M|100/100
|switch|p2a: Starmie|Starmie, shiny|100/100
|-weather|RainDance|[from] ability: Drizzle|[of] p1a: Politoed
|turn|1
|
|t:|1744617658
|switch|p1a: Ferrothorn|Ferrothorn, M|100/100
|move|p2a: Starmie|Trick|p1a: Ferrothorn
|-activate|p2a: Starmie|move: Trick|[of] p1a: Ferrothorn
|-item|p1a: Ferrothorn|Choice Specs|[from] move: Trick
|-item|p2a: Starmie|Lum Berry|[from] move: Trick
|
|-weather|RainDance|[upkeep]
|upkeep
|turn|2
|
|t:|1744617680
|switch|p2a: Heatran|Heatran, M, shiny|100/100
|move|p1a: Ferrothorn|Stealth Rock|p2a: Heatran
|-sidestart|p2: baixiaohen|move: Stealth Rock
|
|-weather|RainDance|[upkeep]
|upkeep
|turn|3
|
|t:|1744617685
|switch|p1a: Tentacruel|Tentacruel, F|100/100
|move|p2a: Heatran|Will-O-Wisp|p1a: Tentacruel
|-status|p1a: Tentacruel|brn
|
|-weather|RainDance|[upkeep]
|-damage|p1a: Tentacruel|88/100 brn|[from] brn
|upkeep
|turn|4
|
|t:|1744617694
|switch|p1a: Keldeo|Keldeo-Resolute|100/100
|switch|p2a: Celebi|Celebi|100/100
|-damage|p2a: Celebi|88/100|[from] Stealth Rock
|
|-weather|RainDance|[upkeep]
|-heal|p2a: Celebi|94/100|[from] item: Leftovers
|upkeep
|turn|5
|
|t:|1744617704
|switch|p1a: Jirachi|Jirachi|100/100
|move|p2a: Celebi|Thunder Wave|p1a: Jirachi
|-status|p1a: Jirachi|par
|
|-weather|RainDance|[upkeep]
|-heal|p2a: Celebi|100/100|[from] item: Leftovers
|upkeep
|turn|6
|
|t:|1744617715
|switch|p2a: Heatran|Heatran, M, shiny|100/100
|-damage|p2a: Heatran|88/100|[from] Stealth Rock
|move|p1a: Jirachi|U-turn|p2a: Heatran
|-resisted|p2a: Heatran
|-damage|p2a: Heatran|83/100
|
|t:|1744617727
|switch|p1a: Keldeo|Keldeo-Resolute|100/100|[from] U-turn
|
|-weather|RainDance|[upkeep]
|-heal|p2a: Heatran|90/100|[from] item: Leftovers
|upkeep
|turn|7
|
|t:|1744617731
|switch|p2a: Celebi|Celebi|100/100
|-damage|p2a: Celebi|88/100|[from] Stealth Rock
|move|p1a: Keldeo|Hydro Pump|p2a: Celebi
|-resisted|p2a: Celebi
|-damage|p2a: Celebi|58/100
|
|-weather|RainDance|[upkeep]
|-heal|p2a: Celebi|64/100|[from] item: Leftovers
|upkeep
|turn|8
|
|t:|1744617736
|move|p1a: Keldeo|Substitute|p1a: Keldeo
|-start|p1a: Keldeo|Substitute
|-damage|p1a: Keldeo|76/100
|move|p2a: Celebi|Recover|p2a: Celebi
|-heal|p2a: Celebi|100/100
|
|-weather|RainDance|[upkeep]
|-heal|p1a: Keldeo|82/100|[from] item: Leftovers
|upkeep
|turn|9
|
|t:|1744617745
|switch|p1a: Thundurus|Thundurus-Therian, M|100/100
|move|p2a: Celebi|Giga Drain|p1a: Thundurus
|-resisted|p1a: Thundurus
|-damage|p1a: Thundurus|84/100
|
|-weather|RainDance|[upkeep]
|-heal|p1a: Thundurus|91/100|[from] item: Leftovers
|upkeep
|turn|10
|
|t:|1744617751
|move|p1a: Thundurus|Nasty Plot|p1a: Thundurus
|-boost|p1a: Thundurus|spa|2
|move|p2a: Celebi|Psychic|p1a: Thundurus
|-damage|p1a: Thundurus|51/100
|
|-weather|RainDance|[upkeep]
|-heal|p1a: Thundurus|58/100|[from] item: Leftovers
|upkeep
|turn|11
|
|t:|1744617766
|switch|p2a: Starmie|Starmie, shiny|100/100
|-damage|p2a: Starmie|88/100|[from] Stealth Rock
|move|p1a: Thundurus|Hidden Power|p2a: Starmie
|-resisted|p2a: Starmie
|-damage|p2a: Starmie|49/100
|
|-weather|RainDance|[upkeep]
|-heal|p1a: Thundurus|64/100|[from] item: Leftovers
|upkeep
|turn|12
|
|t:|1744617772
|switch|p1a: Ferrothorn|Ferrothorn, M|100/100
|move|p2a: Starmie|Surf|p1a: Ferrothorn
|-resisted|p1a: Ferrothorn
|-damage|p1a: Ferrothorn|75/100
|
|-weather|RainDance|[upkeep]
|upkeep
|turn|13
|
|t:|1744617787
|switch|p2a: Heatran|Heatran, M, shiny|90/100
|-damage|p2a: Heatran|77/100|[from] Stealth Rock
|move|p1a: Ferrothorn|Power Whip|p2a: Heatran
|-resisted|p2a: Heatran
|-damage|p2a: Heatran|67/100
|
|-weather|RainDance|[upkeep]
|-heal|p2a: Heatran|73/100|[from] item: Leftovers
|upkeep
|turn|14
|
|t:|1744617792
|switch|p1a: Tentacruel|Tentacruel, F|88/100 brn
|move|p2a: Heatran|Stealth Rock|p1a: Tentacruel
|-sidestart|p1: cdrgcde|move: Stealth Rock
|
|-weather|RainDance|[upkeep]
|-heal|p1a: Tentacruel|94/100 brn|[from] ability: Rain Dish
|-heal|p1a: Tentacruel|99/100 brn|[from] item: Black Sludge
|-heal|p2a: Heatran|80/100|[from] item: Leftovers
|-damage|p1a: Tentacruel|88/100 brn|[from] brn
|upkeep
|turn|15
|
|t:|1744617803
|move|p1a: Tentacruel|Rapid Spin|p2a: Heatran
|-resisted|p2a: Heatran
|-damage|p2a: Heatran|79/100
|-sideend|p1: cdrgcde|Stealth Rock|[from] move: Rapid Spin|[of] p1a: Tentacruel
|move|p2a: Heatran|Earth Power|p1a: Tentacruel
|-supereffective|p1a: Tentacruel
|-damage|p1a: Tentacruel|46/100 brn
|
|-weather|RainDance|[upkeep]
|-heal|p1a: Tentacruel|52/100 brn|[from] ability: Rain Dish
|-heal|p1a: Tentacruel|58/100 brn|[from] item: Black Sludge
|-heal|p2a: Heatran|85/100|[from] item: Leftovers
|-damage|p1a: Tentacruel|45/100 brn|[from] brn
|upkeep
|turn|16
|
|t:|1744617818
|switch|p2a: Celebi|Celebi|100/100
|-damage|p2a: Celebi|88/100|[from] Stealth Rock
|move|p1a: Tentacruel|Scald|p2a: Celebi
|-resisted|p2a: Celebi
|-damage|p2a: Celebi|77/100
|
|-weather|RainDance|[upkeep]
|-heal|p1a: Tentacruel|51/100 brn|[from] ability: Rain Dish
|-heal|p1a: Tentacruel|57/100 brn|[from] item: Black Sludge
|-heal|p2a: Celebi|84/100|[from] item: Leftovers
|-damage|p1a: Tentacruel|45/100 brn|[from] brn
|upkeep
|turn|17
|
|t:|1744617833
|switch|p1a: Jirachi|Jirachi|100/100 par
|move|p2a: Celebi|Psychic|p1a: Jirachi
|-resisted|p1a: Jirachi
|-damage|p1a: Jirachi|94/100 par
|
|-weather|RainDance|[upkeep]
|-heal|p2a: Celebi|90/100|[from] item: Leftovers
|upkeep
|turn|18
|
|t:|1744617850
|switch|p2a: Jirachi|Jirachi, shiny|100/100
|-damage|p2a: Jirachi|94/100|[from] Stealth Rock
|cant|p1a: Jirachi|par
|
|-weather|RainDance|[upkeep]
|upkeep
|turn|19
|
|t:|1744617860
|move|p2a: Jirachi|U-turn|p1a: Jirachi
|-damage|p1a: Jirachi|77/100 par
|inactive|baixiaohen has 120 seconds left.
|
|t:|1744617881
|switch|p2a: Heatran|Heatran, M, shiny|85/100|[from] U-turn
|-damage|p2a: Heatran|73/100|[from] Stealth Rock
|move|p1a: Jirachi|U-turn|p2a: Heatran
|-resisted|p2a: Heatran
|-damage|p2a: Heatran|68/100
|
|t:|1744617891
|switch|p1a: Keldeo|Keldeo-Resolute|82/100|[from] U-turn
|
|-weather|RainDance|[upkeep]
|-heal|p1a: Keldeo|88/100|[from] item: Leftovers
|-heal|p2a: Heatran|74/100|[from] item: Leftovers
|upkeep
|turn|20
|
|t:|1744617897
|switch|p1a: Thundurus|Thundurus-Therian, M|64/100
|switch|p2a: Celebi|Celebi|90/100
|-damage|p2a: Celebi|77/100|[from] Stealth Rock
|
|-weather|RainDance|[upkeep]
|-heal|p1a: Thundurus|70/100|[from] item: Leftovers
|-heal|p2a: Celebi|84/100|[from] item: Leftovers
|upkeep
|turn|21
|
|t:|1744617903
|move|p1a: Thundurus|Hidden Power|p2a: Celebi
|-supereffective|p2a: Celebi
|-damage|p2a: Celebi|53/100
|move|p2a: Celebi|Psychic|p1a: Thundurus
|-damage|p1a: Thundurus|31/100
|
|-weather|RainDance|[upkeep]
|-heal|p1a: Thundurus|38/100|[from] item: Leftovers
|-heal|p2a: Celebi|60/100|[from] item: Leftovers
|upkeep
|turn|22
|
|t:|1744617915
|switch|p1a: Jirachi|Jirachi|77/100 par
|move|p2a: Celebi|Recover|p2a: Celebi
|-heal|p2a: Celebi|100/100
|
|-weather|RainDance|[upkeep]
|upkeep
|turn|23
|inactive|baixiaohen has 120 seconds left.
|
|t:|1744617964
|switch|p2a: Heatran|Heatran, M, shiny|74/100
|-damage|p2a: Heatran|62/100|[from] Stealth Rock
|move|p1a: Jirachi|Healing Wish|p1a: Jirachi
|faint|p1a: Jirachi
|
|-weather|RainDance|[upkeep]
|-heal|p2a: Heatran|68/100|[from] item: Leftovers
|upkeep
|
|t:|1744617965
|switch|p1a: Tentacruel|Tentacruel, F|45/100 brn
|-heal|p1a: Tentacruel|100/100|[from] move: Healing Wish
|turn|24
|
|t:|1744617980
|switch|p2a: Celebi|Celebi|100/100
|-damage|p2a: Celebi|88/100|[from] Stealth Rock
|move|p1a: Tentacruel|Substitute|p1a: Tentacruel
|-start|p1a: Tentacruel|Substitute
|-damage|p1a: Tentacruel|75/100
|
|-weather|RainDance|[upkeep]
|-heal|p1a: Tentacruel|82/100|[from] ability: Rain Dish
|-heal|p1a: Tentacruel|88/100|[from] item: Black Sludge
|-heal|p2a: Celebi|94/100|[from] item: Leftovers
|upkeep
|turn|25
|
|t:|1744617986
|move|p1a: Tentacruel|Protect|p1a: Tentacruel
|-singleturn|p1a: Tentacruel|Protect
|move|p2a: Celebi|Psychic|p1a: Tentacruel
|-activate|p1a: Tentacruel|move: Protect
|
|-weather|RainDance|[upkeep]
|-heal|p1a: Tentacruel|94/100|[from] ability: Rain Dish
|-heal|p1a: Tentacruel|99/100|[from] item: Black Sludge
|-heal|p2a: Celebi|100/100|[from] item: Leftovers
|upkeep
|turn|26
|
|t:|1744617989
|move|p1a: Tentacruel|Scald|p2a: Celebi
|-resisted|p2a: Celebi
|-damage|p2a: Celebi|90/100
|move|p2a: Celebi|Psychic|p1a: Tentacruel
|-supereffective|p1a: Tentacruel
|-end|p1a: Tentacruel|Substitute
|
|-weather|RainDance|[upkeep]
|-heal|p1a: Tentacruel|100/100|[from] ability: Rain Dish
|-heal|p2a: Celebi|96/100|[from] item: Leftovers
|upkeep
|turn|27
|
|t:|1744617994
|move|p1a: Tentacruel|Substitute|p1a: Tentacruel
|-start|p1a: Tentacruel|Substitute
|-damage|p1a: Tentacruel|75/100
|move|p2a: Celebi|Psychic|p1a: Tentacruel
|-supereffective|p1a: Tentacruel
|-end|p1a: Tentacruel|Substitute
|
|-weather|RainDance|[upkeep]
|-heal|p1a: Tentacruel|82/100|[from] ability: Rain Dish
|-heal|p1a: Tentacruel|88/100|[from] item: Black Sludge
|-heal|p2a: Celebi|100/100|[from] item: Leftovers
|upkeep
|turn|28
|
|t:|1744618013
|switch|p2a: Starmie|Starmie, shiny|49/100
|-damage|p2a: Starmie|36/100|[from] Stealth Rock
|move|p1a: Tentacruel|Protect||[still]
|-fail|p1a: Tentacruel
|
|-weather|RainDance|[upkeep]
|-heal|p1a: Tentacruel|94/100|[from] ability: Rain Dish
|-heal|p1a: Tentacruel|99/100|[from] item: Black Sludge
|upkeep
|turn|29
|
|t:|1744618017
|switch|p1a: Ferrothorn|Ferrothorn, M|75/100
|move|p2a: Starmie|Thunderbolt|p1a: Ferrothorn
|-resisted|p1a: Ferrothorn
|-damage|p1a: Ferrothorn|63/100
|-status|p1a: Ferrothorn|par
|
|-weather|RainDance|[upkeep]
|upkeep
|turn|30
|
|t:|1744618023
|move|p2a: Starmie|Rapid Spin|p1a: Ferrothorn
|-resisted|p1a: Ferrothorn
|-damage|p1a: Ferrothorn|62/100 par
|-damage|p2a: Starmie|24/100|[from] ability: Iron Barbs|[of] p1a: Ferrothorn
|-sideend|p2: baixiaohen|Stealth Rock|[from] move: Rapid Spin|[of] p2a: Starmie
|move|p1a: Ferrothorn|Power Whip|p2a: Starmie
|-supereffective|p2a: Starmie
|-damage|p2a: Starmie|0 fnt
|faint|p2a: Starmie
|
|-weather|RainDance|[upkeep]
|upkeep
|
|t:|1744618045
|switch|p2a: Gyarados|Gyarados, M, shiny|100/100
|-ability|p2a: Gyarados|Intimidate|boost
|-unboost|p1a: Ferrothorn|atk|1
|turn|31
|
|t:|1744618050
|switch|p1a: Politoed|Politoed, M|100/100
|move|p2a: Gyarados|Dragon Dance|p2a: Gyarados
|-boost|p2a: Gyarados|atk|1
|-boost|p2a: Gyarados|spe|1
|
|-weather|RainDance|[upkeep]
|upkeep
|turn|32
|
|t:|1744618061
|move|p2a: Gyarados|Waterfall|p1a: Politoed
|-resisted|p1a: Politoed
|-damage|p1a: Politoed|62/100
|cant|p1a: Politoed|flinch
|
|-weather|RainDance|[upkeep]
|-heal|p1a: Politoed|68/100|[from] item: Leftovers
|upkeep
|turn|33
|
|t:|1744618074
|move|p2a: Gyarados|Waterfall|p1a: Politoed
|-resisted|p1a: Politoed
|-crit|p1a: Politoed
|-damage|p1a: Politoed|0 fnt
|faint|p1a: Politoed
|
|-weather|RainDance|[upkeep]
|upkeep
|
|t:|1744618080
|switch|p1a: Ferrothorn|Ferrothorn, M|62/100 par
|turn|34
|
|t:|1744618085
|move|p2a: Gyarados|Dragon Dance|p2a: Gyarados
|-boost|p2a: Gyarados|atk|1
|-boost|p2a: Gyarados|spe|1
|move|p1a: Ferrothorn|Explosion|p2a: Gyarados
|-damage|p2a: Gyarados|10/100
|faint|p1a: Ferrothorn
|
|-weather|RainDance|[upkeep]
|-heal|p2a: Gyarados|16/100|[from] item: Leftovers
|upkeep
|
|t:|1744618088
|switch|p1a: Keldeo|Keldeo-Resolute|88/100
|turn|35
|
|t:|1744618093
|move|p2a: Gyarados|Earthquake|p1a: Keldeo
|-damage|p1a: Keldeo|9/100
|move|p1a: Keldeo|Hidden Power|p2a: Gyarados
|-damage|p2a: Gyarados|0 fnt
|faint|p2a: Gyarados
|
|-weather|RainDance|[upkeep]
|-heal|p1a: Keldeo|15/100|[from] item: Leftovers
|upkeep
|
|t:|1744618106
|switch|p2a: Celebi|Celebi|100/100
|turn|36
|
|t:|1744618129
|switch|p1a: Tentacruel|Tentacruel, F|99/100
|move|p2a: Celebi|Psychic|p1a: Tentacruel
|-supereffective|p1a: Tentacruel
|-damage|p1a: Tentacruel|49/100
|
|-weather|RainDance|[upkeep]
|-heal|p1a: Tentacruel|55/100|[from] ability: Rain Dish
|-heal|p1a: Tentacruel|61/100|[from] item: Black Sludge
|upkeep
|turn|37
|
|t:|1744618138
|move|p1a: Tentacruel|Protect|p1a: Tentacruel
|-singleturn|p1a: Tentacruel|Protect
|move|p2a: Celebi|Giga Drain|p1a: Tentacruel
|-activate|p1a: Tentacruel|move: Protect
|
|-weather|RainDance|[upkeep]
|-heal|p1a: Tentacruel|67/100|[from] ability: Rain Dish
|-heal|p1a: Tentacruel|73/100|[from] item: Black Sludge
|upkeep
|turn|38
|
|t:|1744618140
|move|p1a: Tentacruel|Substitute|p1a: Tentacruel
|-start|p1a: Tentacruel|Substitute
|-damage|p1a: Tentacruel|48/100
|move|p2a: Celebi|Psychic|p1a: Tentacruel
|-supereffective|p1a: Tentacruel
|-end|p1a: Tentacruel|Substitute
|
|-weather|RainDance|[upkeep]
|-heal|p1a: Tentacruel|54/100|[from] ability: Rain Dish
|-heal|p1a: Tentacruel|60/100|[from] item: Black Sludge
|upkeep
|turn|39
|
|t:|1744618158
|move|p1a: Tentacruel|Protect|p1a: Tentacruel
|-singleturn|p1a: Tentacruel|Protect
|move|p2a: Celebi|Giga Drain|p1a: Tentacruel
|-activate|p1a: Tentacruel|move: Protect
|
|-weather|RainDance|[upkeep]
|-heal|p1a: Tentacruel|66/100|[from] ability: Rain Dish
|-heal|p1a: Tentacruel|72/100|[from] item: Black Sludge
|upkeep
|turn|40
|
|t:|1744618160
|move|p1a: Tentacruel|Substitute|p1a: Tentacruel
|-start|p1a: Tentacruel|Substitute
|-damage|p1a: Tentacruel|47/100
|move|p2a: Celebi|Psychic|p1a: Tentacruel
|-supereffective|p1a: Tentacruel
|-end|p1a: Tentacruel|Substitute
|
|-weather|RainDance|[upkeep]
|-heal|p1a: Tentacruel|53/100|[from] ability: Rain Dish
|-heal|p1a: Tentacruel|59/100|[from] item: Black Sludge
|upkeep
|turn|41
|
|t:|1744618168
|move|p1a: Tentacruel|Protect|p1a: Tentacruel
|-singleturn|p1a: Tentacruel|Protect
|move|p2a: Celebi|Psychic|p1a: Tentacruel
|-activate|p1a: Tentacruel|move: Protect
|
|-weather|RainDance|[upkeep]
|-heal|p1a: Tentacruel|65/100|[from] ability: Rain Dish
|-heal|p1a: Tentacruel|71/100|[from] item: Black Sludge
|upkeep
|turn|42
|
|t:|1744618171
|move|p1a: Tentacruel|Substitute|p1a: Tentacruel
|-start|p1a: Tentacruel|Substitute
|-damage|p1a: Tentacruel|46/100
|move|p2a: Celebi|Psychic|p1a: Tentacruel
|-supereffective|p1a: Tentacruel
|-end|p1a: Tentacruel|Substitute
|
|-weather|RainDance|[upkeep]
|-heal|p1a: Tentacruel|52/100|[from] ability: Rain Dish
|-heal|p1a: Tentacruel|58/100|[from] item: Black Sludge
|upkeep
|turn|43
|
|t:|1744618173
|switch|p2a: Jirachi|Jirachi, shiny|94/100
|move|p1a: Tentacruel|Protect||[still]
|-fail|p1a: Tentacruel
|
|-weather|RainDance|[upkeep]
|-heal|p1a: Tentacruel|64/100|[from] ability: Rain Dish
|-heal|p1a: Tentacruel|70/100|[from] item: Black Sludge
|upkeep
|turn|44
|
|t:|1744618177
|move|p1a: Tentacruel|Protect|p1a: Tentacruel
|-singleturn|p1a: Tentacruel|Protect
|move|p2a: Jirachi|Trick|p1a: Tentacruel
|-activate|p1a: Tentacruel|move: Protect
|
|-weather|RainDance|[upkeep]
|-heal|p1a: Tentacruel|76/100|[from] ability: Rain Dish
|-heal|p1a: Tentacruel|82/100|[from] item: Black Sludge
|upkeep
|turn|45
|
|t:|1744618183
|switch|p1a: Keldeo|Keldeo-Resolute|15/100
|move|p2a: Jirachi|Trick|p1a: Keldeo
|-activate|p2a: Jirachi|move: Trick|[of] p1a: Keldeo
|-item|p1a: Keldeo|Choice Scarf|[from] move: Trick
|-item|p2a: Jirachi|Leftovers|[from] move: Trick
|
|-weather|RainDance|[upkeep]
|-heal|p2a: Jirachi|100/100|[from] item: Leftovers
|upkeep
|turn|46
|
|t:|1744618193
|switch|p1a: Tentacruel|Tentacruel, F|82/100
|switch|p2a: Celebi|Celebi|100/100
|
|-weather|RainDance|[upkeep]
|-heal|p1a: Tentacruel|88/100|[from] ability: Rain Dish
|-heal|p1a: Tentacruel|94/100|[from] item: Black Sludge
|upkeep
|turn|47
|
|t:|1744618196
|move|p1a: Tentacruel|Substitute|p1a: Tentacruel
|-start|p1a: Tentacruel|Substitute
|-damage|p1a: Tentacruel|69/100
|move|p2a: Celebi|Psychic|p1a: Tentacruel
|-supereffective|p1a: Tentacruel
|-end|p1a: Tentacruel|Substitute
|
|-weather|RainDance|[upkeep]
|-heal|p1a: Tentacruel|75/100|[from] ability: Rain Dish
|-heal|p1a: Tentacruel|82/100|[from] item: Black Sludge
|upkeep
|turn|48
|inactive|baixiaohen has 120 seconds left.
|
|t:|1744618241
|switch|p2a: Heatran|Heatran, M, shiny|68/100
|move|p1a: Tentacruel|Protect||[still]
|-fail|p1a: Tentacruel
|
|-weather|RainDance|[upkeep]
|-heal|p1a: Tentacruel|88/100|[from] ability: Rain Dish
|-heal|p1a: Tentacruel|94/100|[from] item: Black Sludge
|-heal|p2a: Heatran|74/100|[from] item: Leftovers
|upkeep
|turn|49
|
|t:|1744618248
|move|p1a: Tentacruel|Scald|p2a: Heatran
|-supereffective|p2a: Heatran
|-damage|p2a: Heatran|35/100
|move|p2a: Heatran|Earth Power|p1a: Tentacruel
|-supereffective|p1a: Tentacruel
|-damage|p1a: Tentacruel|49/100
|
|-weather|RainDance|[upkeep]
|-heal|p1a: Tentacruel|55/100|[from] ability: Rain Dish
|-heal|p1a: Tentacruel|61/100|[from] item: Black Sludge
|-heal|p2a: Heatran|41/100|[from] item: Leftovers
|upkeep
|turn|50
|inactive|baixiaohen has 120 seconds left.
|
|t:|1744618260
|move|p1a: Tentacruel|Scald|p2a: Heatran
|-supereffective|p2a: Heatran
|-damage|p2a: Heatran|0 fnt
|faint|p2a: Heatran
|
|-weather|RainDance|[upkeep]
|-heal|p1a: Tentacruel|67/100|[from] ability: Rain Dish
|-heal|p1a: Tentacruel|73/100|[from] item: Black Sludge
|upkeep
|
|t:|1744618266
|switch|p2a: Scizor|Scizor, F|100/100
|turn|51
|
|t:|1744618270
|move|p2a: Scizor|Quick Attack|p1a: Tentacruel
|-damage|p1a: Tentacruel|35/100
|-damage|p2a: Scizor|91/100|[from] item: Life Orb
|move|p1a: Tentacruel|Scald|p2a: Scizor
|-crit|p2a: Scizor
|-damage|p2a: Scizor|9/100
|-status|p2a: Scizor|brn
|
|-weather|RainDance|[upkeep]
|-heal|p1a: Tentacruel|41/100|[from] ability: Rain Dish
|-heal|p1a: Tentacruel|47/100|[from] item: Black Sludge
|-damage|p2a: Scizor|0 fnt|[from] brn
|faint|p2a: Scizor
|upkeep
|inactive|baixiaohen has 120 seconds left.
|
|t:|1744618301
|switch|p2a: Celebi|Celebi|100/100
|turn|52
|
|t:|1744618306
|move|p1a: Tentacruel|Protect|p1a: Tentacruel
|-singleturn|p1a: Tentacruel|Protect
|move|p2a: Celebi|Giga Drain|p1a: Tentacruel
|-activate|p1a: Tentacruel|move: Protect
|
|-weather|RainDance|[upkeep]
|-heal|p1a: Tentacruel|53/100|[from] ability: Rain Dish
|-heal|p1a: Tentacruel|59/100|[from] item: Black Sludge
|upkeep
|turn|53
|
|t:|1744618310
|move|p1a: Tentacruel|Substitute|p1a: Tentacruel
|-start|p1a: Tentacruel|Substitute
|-damage|p1a: Tentacruel|34/100
|move|p2a: Celebi|Giga Drain|p1a: Tentacruel
|-activate|p1a: Tentacruel|Substitute|[damage]
|
|-weather|RainDance|[upkeep]
|-heal|p1a: Tentacruel|40/100|[from] ability: Rain Dish
|-heal|p1a: Tentacruel|46/100|[from] item: Black Sludge
|upkeep
|turn|54
|
|t:|1744618314
|move|p1a: Tentacruel|Protect|p1a: Tentacruel
|-singleturn|p1a: Tentacruel|Protect
|move|p2a: Celebi|Giga Drain|p1a: Tentacruel
|-activate|p1a: Tentacruel|move: Protect
|
|-weather|RainDance|[upkeep]
|-heal|p1a: Tentacruel|52/100|[from] ability: Rain Dish
|-heal|p1a: Tentacruel|58/100|[from] item: Black Sludge
|upkeep
|turn|55
|
|t:|1744618316
|move|p1a: Tentacruel|Scald|p2a: Celebi
|-resisted|p2a: Celebi
|-damage|p2a: Celebi|90/100
|move|p2a: Celebi|Giga Drain|p1a: Tentacruel
|-end|p1a: Tentacruel|Substitute
|-heal|p2a: Celebi|92/100|[from] drain|[of] p1a: Tentacruel
|
|-weather|RainDance|[upkeep]
|-heal|p1a: Tentacruel|64/100|[from] ability: Rain Dish
|-heal|p1a: Tentacruel|70/100|[from] item: Black Sludge
|-heal|p2a: Celebi|99/100|[from] item: Leftovers
|upkeep
|turn|56
|
|t:|1744618321
|move|p1a: Tentacruel|Substitute|p1a: Tentacruel
|-start|p1a: Tentacruel|Substitute
|-damage|p1a: Tentacruel|45/100
|move|p2a: Celebi|Giga Drain|p1a: Tentacruel
|-activate|p1a: Tentacruel|Substitute|[damage]
|-heal|p2a: Celebi|100/100|[from] drain|[of] p1a: Tentacruel
|
|-weather|RainDance|[upkeep]
|-heal|p1a: Tentacruel|51/100|[from] ability: Rain Dish
|-heal|p1a: Tentacruel|57/100|[from] item: Black Sludge
|upkeep
|turn|57
|
|t:|1744618325
|move|p1a: Tentacruel|Scald|p2a: Celebi
|-resisted|p2a: Celebi
|-damage|p2a: Celebi|90/100
|move|p2a: Celebi|Giga Drain|p1a: Tentacruel
|-end|p1a: Tentacruel|Substitute
|-heal|p2a: Celebi|93/100|[from] drain|[of] p1a: Tentacruel
|
|-weather|RainDance|[upkeep]
|-heal|p1a: Tentacruel|63/100|[from] ability: Rain Dish
|-heal|p1a: Tentacruel|69/100|[from] item: Black Sludge
|-heal|p2a: Celebi|99/100|[from] item: Leftovers
|upkeep
|turn|58
|
|t:|1744618330
|move|p1a: Tentacruel|Substitute|p1a: Tentacruel
|-start|p1a: Tentacruel|Substitute
|-damage|p1a: Tentacruel|44/100
|move|p2a: Celebi|Thunder Wave||[still]
|-fail|p2a: Celebi
|
|-weather|RainDance|[upkeep]
|-heal|p1a: Tentacruel|50/100|[from] ability: Rain Dish
|-heal|p1a: Tentacruel|57/100|[from] item: Black Sludge
|-heal|p2a: Celebi|100/100|[from] item: Leftovers
|upkeep
|turn|59
|
|t:|1744618332
|move|p1a: Tentacruel|Scald|p2a: Celebi
|-resisted|p2a: Celebi
|-damage|p2a: Celebi|89/100
|move|p2a: Celebi|Giga Drain|p1a: Tentacruel
|-activate|p1a: Tentacruel|Substitute|[damage]
|-heal|p2a: Celebi|98/100|[from] drain|[of] p1a: Tentacruel
|
|-weather|RainDance|[upkeep]
|-heal|p1a: Tentacruel|63/100|[from] ability: Rain Dish
|-heal|p1a: Tentacruel|69/100|[from] item: Black Sludge
|-heal|p2a: Celebi|100/100|[from] item: Leftovers
|upkeep
|turn|60
|
|t:|1744618334
|move|p1a: Tentacruel|Scald|p2a: Celebi
|-resisted|p2a: Celebi
|-damage|p2a: Celebi|89/100
|move|p2a: Celebi|Giga Drain|p1a: Tentacruel
|-crit|p1a: Tentacruel
|-end|p1a: Tentacruel|Substitute
|-heal|p2a: Celebi|92/100|[from] drain|[of] p1a: Tentacruel
|
|-weather|RainDance|[upkeep]
|-heal|p1a: Tentacruel|75/100|[from] ability: Rain Dish
|-heal|p1a: Tentacruel|81/100|[from] item: Black Sludge
|-heal|p2a: Celebi|98/100|[from] item: Leftovers
|upkeep
|turn|61
|
|t:|1744618343
|move|p1a: Tentacruel|Substitute|p1a: Tentacruel
|-start|p1a: Tentacruel|Substitute
|-damage|p1a: Tentacruel|56/100
|move|p2a: Celebi|Giga Drain|p1a: Tentacruel
|-activate|p1a: Tentacruel|Substitute|[damage]
|-heal|p2a: Celebi|100/100|[from] drain|[of] p1a: Tentacruel
|
|-weather|RainDance|[upkeep]
|-heal|p1a: Tentacruel|62/100|[from] ability: Rain Dish
|-heal|p1a: Tentacruel|68/100|[from] item: Black Sludge
|upkeep
|turn|62
|
|t:|1744618346
|move|p1a: Tentacruel|Scald|p2a: Celebi
|-resisted|p2a: Celebi
|-damage|p2a: Celebi|90/100
|move|p2a: Celebi|Giga Drain|p1a: Tentacruel
|-end|p1a: Tentacruel|Substitute
|-heal|p2a: Celebi|92/100|[from] drain|[of] p1a: Tentacruel
|
|-weather|RainDance|[upkeep]
|-heal|p1a: Tentacruel|74/100|[from] ability: Rain Dish
|-heal|p1a: Tentacruel|80/100|[from] item: Black Sludge
|-heal|p2a: Celebi|98/100|[from] item: Leftovers
|upkeep
|turn|63
|
|t:|1744618353
|move|p1a: Tentacruel|Substitute|p1a: Tentacruel
|-start|p1a: Tentacruel|Substitute
|-damage|p1a: Tentacruel|55/100
|move|p2a: Celebi|Thunder Wave||[still]
|-fail|p2a: Celebi
|
|-weather|RainDance|[upkeep]
|-heal|p1a: Tentacruel|61/100|[from] ability: Rain Dish
|-heal|p1a: Tentacruel|67/100|[from] item: Black Sludge
|-heal|p2a: Celebi|100/100|[from] item: Leftovers
|upkeep
|turn|64
|
|t:|1744618355
|move|p1a: Tentacruel|Scald|p2a: Celebi
|-resisted|p2a: Celebi
|-damage|p2a: Celebi|90/100
|move|p2a: Celebi|Thunder Wave||[still]
|-fail|p2a: Celebi
|
|-weather|RainDance|[upkeep]
|-heal|p1a: Tentacruel|73/100|[from] ability: Rain Dish
|-heal|p1a: Tentacruel|79/100|[from] item: Black Sludge
|-heal|p2a: Celebi|96/100|[from] item: Leftovers
|upkeep
|turn|65
|
|t:|1744618358
|move|p1a: Tentacruel|Scald|p2a: Celebi
|-resisted|p2a: Celebi
|-damage|p2a: Celebi|87/100
|move|p2a: Celebi|Thunder Wave||[still]
|-fail|p2a: Celebi
|
|-weather|RainDance|[upkeep]
|-heal|p1a: Tentacruel|85/100|[from] ability: Rain Dish
|-heal|p1a: Tentacruel|91/100|[from] item: Black Sludge
|-heal|p2a: Celebi|93/100|[from] item: Leftovers
|upkeep
|turn|66
|
|t:|1744618360
|move|p1a: Tentacruel|Scald|p2a: Celebi
|-resisted|p2a: Celebi
|-damage|p2a: Celebi|82/100
|move|p2a: Celebi|Thunder Wave||[still]
|-fail|p2a: Celebi
|
|-weather|RainDance|[upkeep]
|-heal|p1a: Tentacruel|97/100|[from] ability: Rain Dish
|-heal|p1a: Tentacruel|100/100|[from] item: Black Sludge
|-heal|p2a: Celebi|88/100|[from] item: Leftovers
|upkeep
|turn|67
|
|t:|1744618363
|move|p1a: Tentacruel|Scald|p2a: Celebi
|-resisted|p2a: Celebi
|-damage|p2a: Celebi|77/100
|move|p2a: Celebi|Thunder Wave||[still]
|-fail|p2a: Celebi
|
|-weather|RainDance|[upkeep]
|-heal|p2a: Celebi|84/100|[from] item: Leftovers
|upkeep
|turn|68
|
|t:|1744618365
|move|p1a: Tentacruel|Scald|p2a: Celebi
|-resisted|p2a: Celebi
|-damage|p2a: Celebi|74/100
|move|p2a: Celebi|Thunder Wave||[still]
|-fail|p2a: Celebi
|
|-weather|RainDance|[upkeep]
|-heal|p2a: Celebi|80/100|[from] item: Leftovers
|upkeep
|turn|69
|
|t:|1744618367
|move|p1a: Tentacruel|Scald|p2a: Celebi
|-resisted|p2a: Celebi
|-damage|p2a: Celebi|69/100
|-status|p2a: Celebi|brn
|move|p2a: Celebi|Thunder Wave||[still]
|-fail|p2a: Celebi
|
|-weather|RainDance|[upkeep]
|-heal|p2a: Celebi|75/100 brn|[from] item: Leftovers
|-damage|p2a: Celebi|62/100 brn|[from] brn
|upkeep
|turn|70
|
|t:|1744618370
|move|p1a: Tentacruel|Rapid Spin|p2a: Celebi
|-damage|p2a: Celebi|60/100 brn
|move|p2a: Celebi|Recover|p2a: Celebi
|-heal|p2a: Celebi|100/100 brn
|
|-weather|RainDance|[upkeep]
|-damage|p2a: Celebi|88/100 brn|[from] brn
|upkeep
|turn|71
|
|t:|1744618377
|move|p1a: Tentacruel|Rapid Spin|p2a: Celebi
|-damage|p2a: Celebi|86/100 brn
|move|p2a: Celebi|Giga Drain|p1a: Tentacruel
|-activate|p1a: Tentacruel|Substitute|[damage]
|-heal|p2a: Celebi|95/100 brn|[from] drain|[of] p1a: Tentacruel
|
|-weather|RainDance|[upkeep]
|-heal|p2a: Celebi|100/100 brn|[from] item: Leftovers
|-damage|p2a: Celebi|88/100 brn|[from] brn
|upkeep
|turn|72
|
|t:|1744618379
|move|p1a: Tentacruel|Rapid Spin|p2a: Celebi
|-damage|p2a: Celebi|86/100 brn
|move|p2a: Celebi|Giga Drain|p1a: Tentacruel
|-end|p1a: Tentacruel|Substitute
|-heal|p2a: Celebi|88/100 brn|[from] drain|[of] p1a: Tentacruel
|
|-weather|RainDance|[upkeep]
|-heal|p2a: Celebi|94/100 brn|[from] item: Leftovers
|-damage|p2a: Celebi|82/100 brn|[from] brn
|upkeep
|turn|73
|
|t:|1744618384
|-curestatus|p2a: Celebi|brn|[from] ability: Natural Cure
|switch|p2a: Jirachi|Jirachi, shiny|100/100
|move|p1a: Tentacruel|Substitute|p1a: Tentacruel
|-start|p1a: Tentacruel|Substitute
|-damage|p1a: Tentacruel|75/100
|
|-weather|RainDance|[upkeep]
|-heal|p1a: Tentacruel|82/100|[from] ability: Rain Dish
|-heal|p1a: Tentacruel|88/100|[from] item: Black Sludge
|upkeep
|turn|74
|
|t:|1744618388
|move|p2a: Jirachi|U-turn|p1a: Tentacruel
|-resisted|p1a: Tentacruel
|-activate|p1a: Tentacruel|Substitute|[damage]
|
|t:|1744618390
|switch|p2a: Celebi|Celebi|82/100|[from] U-turn
|move|p1a: Tentacruel|Scald|p2a: Celebi
|-resisted|p2a: Celebi
|-damage|p2a: Celebi|71/100
|
|-weather|RainDance|[upkeep]
|-heal|p1a: Tentacruel|94/100|[from] ability: Rain Dish
|-heal|p1a: Tentacruel|99/100|[from] item: Black Sludge
|-heal|p2a: Celebi|77/100|[from] item: Leftovers
|upkeep
|turn|75
|
|t:|1744618401
|move|p1a: Tentacruel|Rapid Spin|p2a: Celebi
|-damage|p2a: Celebi|74/100
|move|p2a: Celebi|Giga Drain|p1a: Tentacruel
|-crit|p1a: Tentacruel
|-end|p1a: Tentacruel|Substitute
|-heal|p2a: Celebi|80/100|[from] drain|[of] p1a: Tentacruel
|
|-weather|RainDance|[upkeep]
|-heal|p1a: Tentacruel|100/100|[from] ability: Rain Dish
|-heal|p2a: Celebi|87/100|[from] item: Leftovers
|upkeep
|turn|76
|
|t:|1744618418
|move|p1a: Tentacruel|Substitute|p1a: Tentacruel
|-start|p1a: Tentacruel|Substitute
|-damage|p1a: Tentacruel|75/100
|move|p2a: Celebi|Psychic|p1a: Tentacruel
|-supereffective|p1a: Tentacruel
|-end|p1a: Tentacruel|Substitute
|
|-weather|RainDance|[upkeep]
|-heal|p1a: Tentacruel|82/100|[from] ability: Rain Dish
|-heal|p1a: Tentacruel|88/100|[from] item: Black Sludge
|-heal|p2a: Celebi|93/100|[from] item: Leftovers
|upkeep
|turn|77
|
|t:|1744618433
|move|p1a: Tentacruel|Substitute|p1a: Tentacruel
|-start|p1a: Tentacruel|Substitute
|-damage|p1a: Tentacruel|63/100
|move|p2a: Celebi|Thunder Wave||[still]
|-fail|p2a: Celebi
|
|-weather|RainDance|[upkeep]
|-heal|p1a: Tentacruel|69/100|[from] ability: Rain Dish
|-heal|p1a: Tentacruel|75/100|[from] item: Black Sludge
|-heal|p2a: Celebi|99/100|[from] item: Leftovers
|upkeep
|turn|78
|
|t:|1744618436
|move|p1a: Tentacruel|Protect|p1a: Tentacruel
|-singleturn|p1a: Tentacruel|Protect
|move|p2a: Celebi|Thunder Wave|p1a: Tentacruel
|-activate|p1a: Tentacruel|move: Protect
|
|-weather|RainDance|[upkeep]
|-heal|p1a: Tentacruel|81/100|[from] ability: Rain Dish
|-heal|p1a: Tentacruel|87/100|[from] item: Black Sludge
|-heal|p2a: Celebi|100/100|[from] item: Leftovers
|upkeep
|turn|79
|
|t:|1744618440
|move|p1a: Tentacruel|Rapid Spin|p2a: Celebi
|-damage|p2a: Celebi|98/100
|move|p2a: Celebi|Thunder Wave||[still]
|-fail|p2a: Celebi
|
|-weather|RainDance|[upkeep]
|-heal|p1a: Tentacruel|93/100|[from] ability: Rain Dish
|-heal|p1a: Tentacruel|99/100|[from] item: Black Sludge
|-heal|p2a: Celebi|100/100|[from] item: Leftovers
|upkeep
|turn|80
|-message|baixiaohen forfeited.
|
|win|cdrgcde
|raw|cdrgcde's rating: 1393 &rarr; <strong>1412</strong><br />(+19 for winning)
|raw|baixiaohen's rating: 1377 &rarr; <strong>1358</strong><br />(-19 for losing)
|l|‽baixiaohen
|player|p2|
