|j|☆Miltank321
|j|☆HydreigonSpammer
|t:|1733759443
|gametype|singles
|player|p1|Miltank321|juan|1347
|player|p2|HydreigonSpammer|veteranf|1410
|teamsize|p1|6
|teamsize|p2|6
|gen|5
|tier|[Gen 5] OU
|rated|
|rule|Species Clause: Limit one of each Pokémon
|rule|OHKO Clause: OHKO moves are banned
|rule|Moody Clause: Moody is banned
|rule|Evasion Items Clause: Evasion items are banned
|rule|Evasion Moves Clause: Evasion moves are banned
|rule|Endless Battle Clause: Forcing endless battles is banned
|rule|HP Percentage Mod: HP is shown in percentages
|rule|Evasion Abilities Clause: Evasion abilities are banned
|rule|Sleep Moves Clause: Sleep-inducing moves are banned
|rule|Swagger Clause: Swagger is banned
|rule|Baton Pass Stat Clause: No Baton Passer may have a way to boost its stats
|clearpoke
|poke|p1|Gastrodon, M|item
|poke|p1|Porygon-Z|item
|poke|p1|Gliscor, F|item
|poke|p1|Scizor, M|item
|poke|p1|Conkeldurr, M|item
|poke|p1|Forretress, F|item
|poke|p2|Abomasnow, F|item
|poke|p2|Kyurem|item
|poke|p2|Reuniclus, F|item
|poke|p2|Mamoswine, M|item
|poke|p2|Alakazam, M|item
|poke|p2|Walrein, F|item
|teampreview
|inactive|Battle timer is ON: inactive players will automatically lose when time's up. (requested by Miltank321)
|
|t:|1733759477
|start
|switch|p1a: Porygon-Z|Porygon-Z, shiny|100/100
|switch|p2a: Mamoswine|Mamoswine, M|100/100
|turn|1
|
|t:|1733759486
|move|p1a: Porygon-Z|Tri Attack|p2a: Mamoswine
|-damage|p2a: Mamoswine|43/100
|move|p2a: Mamoswine|Superpower|p1a: Porygon-Z
|-supereffective|p1a: Porygon-Z
|-damage|p1a: Porygon-Z|0 fnt
|-unboost|p2a: Mamoswine|atk|1
|-unboost|p2a: Mamoswine|def|1
|faint|p1a: Porygon-Z
|
|upkeep
|
|t:|1733759496
|switch|p1a: Scizor|Scizor, M|100/100
|turn|2
|
|t:|1733759507
|move|p1a: Scizor|U-turn|p2a: Mamoswine
|-damage|p2a: Mamoswine|0 fnt
|faint|p2a: Mamoswine
|
|t:|1733759512
|switch|p1a: Gliscor|Gliscor, F|100/100|[from] U-turn
|
|-status|p1a: Gliscor|tox|[from] item: Toxic Orb
|upkeep
|
|t:|1733759526
|switch|p2a: Kyurem|Kyurem|100/100
|-ability|p2a: Kyurem|Pressure
|turn|3
|
|t:|1733759531
|move|p2a: Kyurem|Ice Beam|p1a: Gliscor
|-supereffective|p1a: Gliscor
|-damage|p1a: Gliscor|0 fnt
|faint|p1a: Gliscor
|
|upkeep
|
|t:|1733759537
|switch|p1a: Scizor|Scizor, M|100/100
|turn|4
|
|t:|1733759542
|move|p1a: Scizor|Superpower|p2a: Kyurem
|-supereffective|p2a: Kyurem
|-damage|p2a: Kyurem|14/100
|-unboost|p1a: Scizor|atk|1
|-unboost|p1a: Scizor|def|1
|move|p2a: Kyurem|Hidden Power|p1a: Scizor
|-supereffective|p1a: Scizor
|-damage|p1a: Scizor|0 fnt
|faint|p1a: Scizor
|
|upkeep
|
|t:|1733759553
|switch|p1a: Conkeldurr|Conkeldurr, M|100/100
|turn|5
|
|t:|1733759560
|move|p2a: Kyurem|Draco Meteor|p1a: Conkeldurr
|-damage|p1a: Conkeldurr|28/100
|-unboost|p2a: Kyurem|spa|2
|move|p1a: Conkeldurr|Bulk Up|p1a: Conkeldurr
|-boost|p1a: Conkeldurr|atk|1
|-boost|p1a: Conkeldurr|def|1
|
|-heal|p1a: Conkeldurr|34/100|[from] item: Leftovers
|upkeep
|turn|6
|
|t:|1733759571
|move|p1a: Conkeldurr|Mach Punch|p2a: Kyurem
|-supereffective|p2a: Kyurem
|-damage|p2a: Kyurem|0 fnt
|faint|p2a: Kyurem
|
|-heal|p1a: Conkeldurr|41/100|[from] item: Leftovers
|upkeep
|
|t:|1733759577
|switch|p2a: Alakazam|Alakazam, M|100/100
|turn|7
|
|t:|1733759581
|move|p1a: Conkeldurr|Mach Punch|p2a: Alakazam
|-resisted|p2a: Alakazam
|-damage|p2a: Alakazam|53/100
|move|p2a: Alakazam|Psyshock|p1a: Conkeldurr
|-supereffective|p1a: Conkeldurr
|-damage|p1a: Conkeldurr|0 fnt
|faint|p1a: Conkeldurr
|
|upkeep
|
|t:|1733759589
|switch|p1a: Gastrodon|Gastrodon, M|100/100
|turn|8
|
|t:|1733759598
|move|p2a: Alakazam|Psyshock|p1a: Gastrodon
|-crit|p1a: Gastrodon
|-damage|p1a: Gastrodon|0 fnt
|faint|p1a: Gastrodon
|
|upkeep
|c|☆Miltank321|How’s it feel to win because of crits?
|inactive|Miltank321 has 120 seconds left.
|inactive|Miltank321 has 90 seconds left.
|inactive|Miltank321 has 60 seconds left.
|inactive|Miltank321 has 30 seconds left.
|inactive|Miltank321 has 20 seconds left.
|inactive|Miltank321 has 15 seconds left.
|inactive|Miltank321 has 10 seconds left.
|inactive|Miltank321 has 5 seconds left.
|-message|Miltank321 lost due to inactivity.
|
|win|HydreigonSpammer
|raw|Miltank321's rating: 1347 &rarr; <strong>1331</strong><br />(-16 for losing)
|raw|HydreigonSpammer's rating: 1410 &rarr; <strong>1426</strong><br />(+16 for winning)
