|j|☆Varyel
|j|☆porrompompom
|player|p1|Varyel|149
|player|p2|porrompompom|265
|teamsize|p1|6
|teamsize|p2|6
|gametype|singles
|gen|5
|tier|[Gen 5] OU
|rated|
|rule|Sleep Clause Mod: Limit one foe put to sleep
|rule|Species Clause: Limit one of each Pokémon
|rule|OHKO Clause: OHKO moves are banned
|rule|Moody Clause: Moody is banned
|rule|Evasion Moves Clause: Evasion moves are banned
|rule|Endless Battle Clause: Forcing endless battles is banned
|rule|HP Percentage Mod: HP is shown in percentages
|rule|Evasion Abilities Clause: Evasion abilities are banned
|rule|Baton Pass Clause: Limit one Baton Passer, can't pass Spe and other stats simultaneously
|rule|Swagger Clause: Swagger is banned
|clearpoke
|poke|p1|Gyarados, M|item
|poke|p1|Starmie|item
|poke|p1|Politoed, M|item
|poke|p1|Ferrothorn, F|item
|poke|p1|Excadrill, F|item
|poke|p1|Latios, M|item
|poke|p2|Ninetales, F|item
|poke|p2|Heatran, F|item
|poke|p2|Cresselia, F|item
|poke|p2|Forretress, F|item
|poke|p2|Quagsire, M|item
|poke|p2|Chansey, F|item
|teampreview
|
|start
|switch|p1a: Politoed|Politoed, M|100/100
|switch|p2a: Chansey|Chansey, F|100/100
|-weather|RainDance|[from] ability: Drizzle|[of] p1a: Politoed
|turn|1
|
|move|p1a: Politoed|Hypnosis|p2a: Chansey
|-status|p2a: Chansey|slp
|cant|p2a: Chansey|slp
|
|-weather|RainDance|[upkeep]
|upkeep
|turn|2
|
|switch|p1a: Latios|Latios, M|100/100
|switch|p2a: Ninetales|Ninetales, F|100/100
|-weather|SunnyDay|[from] ability: Drought|[of] p2a: Ninetales
|
|-weather|SunnyDay|[upkeep]
|upkeep
|turn|3
|
|switch|p2a: Heatran|Heatran, F|100/100
|move|p1a: Latios|Trick|p2a: Heatran
|-activate|p1a: Latios|move: Trick|[of] p2a: Heatran
|-item|p2a: Heatran|Choice Scarf|[from] move: Trick
|-item|p1a: Latios|Leftovers|[from] move: Trick
|
|-weather|SunnyDay|[upkeep]
|upkeep
|turn|4
|
|switch|p1a: Politoed|Politoed, M|100/100
|-weather|RainDance|[from] ability: Drizzle|[of] p1a: Politoed
|move|p2a: Heatran|Toxic|p1a: Politoed
|-status|p1a: Politoed|tox
|
|-weather|RainDance|[upkeep]
|-damage|p1a: Politoed|94/100 tox|[from] psn
|upkeep
|turn|5
|
|switch|p2a: Ninetales|Ninetales, F|100/100
|-weather|SunnyDay|[from] ability: Drought|[of] p2a: Ninetales
|switch|p1a: Gyarados|Gyarados, M|100/100
|
|-weather|SunnyDay|[upkeep]
|upkeep
|turn|6
|
|switch|p1a: Politoed|Politoed, M|94/100 tox
|-weather|RainDance|[from] ability: Drizzle|[of] p1a: Politoed
|move|p2a: Ninetales|Will-O-Wisp|p1a: Politoed
|-fail|p1a: Politoed
|
|-weather|RainDance|[upkeep]
|-damage|p1a: Politoed|88/100 tox|[from] psn
|upkeep
|turn|7
|
|switch|p1a: Gyarados|Gyarados, M|100/100
|move|p2a: Ninetales|Protect|p2a: Ninetales
|-fail|p2a: Ninetales
|
|-weather|RainDance|[upkeep]
|upkeep
|turn|8
|
|switch|p1a: Politoed|Politoed, M|88/100 tox
|move|p2a: Ninetales|Will-O-Wisp|p1a: Politoed
|-fail|p1a: Politoed
|
|-weather|RainDance|[upkeep]
|-damage|p1a: Politoed|82/100 tox|[from] psn
|upkeep
|turn|9
|
|switch|p2a: Chansey|Chansey, F|100/100
|move|p1a: Politoed|Scald|p2a: Chansey
|-damage|p2a: Chansey|88/100
|
|-weather|RainDance|[upkeep]
|-damage|p1a: Politoed|70/100 tox|[from] psn
|upkeep
|turn|10
|
|switch|p1a: Gyarados|Gyarados, M|100/100
|move|p2a: Chansey|Stealth Rock|p1a: Gyarados
|-sidestart|p1: Varyel|move: Stealth Rock
|
|-weather|RainDance|[upkeep]
|upkeep
|turn|11
|
|move|p1a: Gyarados|Waterfall|p2a: Chansey
|-damage|p2a: Chansey|13/100
|move|p2a: Chansey|Toxic|p1a: Gyarados
|-status|p1a: Gyarados|tox
|
|-weather|RainDance|[upkeep]
|-damage|p1a: Gyarados|94/100 tox|[from] psn
|upkeep
|turn|12
|j| Alpha Kittens
|
|switch|p2a: Cresselia|Cresselia, F|100/100
|move|p1a: Gyarados|Waterfall|p2a: Cresselia
|-crit|p2a: Cresselia
|-damage|p2a: Cresselia|0 fnt
|faint|p2a: Cresselia
|-ability|p1a: Gyarados|Moxie|boost
|-boost|p1a: Gyarados|atk|1
|
|-weather|RainDance|[upkeep]
|-damage|p1a: Gyarados|82/100 tox|[from] psn
|upkeep
|
|switch|p2a: Ninetales|Ninetales, F|100/100
|-weather|SunnyDay|[from] ability: Drought|[of] p2a: Ninetales
|turn|13
|
|switch|p2a: Chansey|Chansey, F|13/100
|switch|p1a: Politoed|Politoed, M|70/100 tox
|-damage|p1a: Politoed|58/100 tox|[from] Stealth Rock
|-weather|RainDance|[from] ability: Drizzle|[of] p1a: Politoed
|
|-weather|RainDance|[upkeep]
|-damage|p1a: Politoed|51/100 tox|[from] psn
|upkeep
|turn|14
|
|move|p1a: Politoed|Hypnosis|p2a: Chansey|[miss]
|-miss|p1a: Politoed|p2a: Chansey
|move|p2a: Chansey|Soft-Boiled|p2a: Chansey
|-heal|p2a: Chansey|63/100
|
|-weather|RainDance|[upkeep]
|-damage|p1a: Politoed|39/100 tox|[from] psn
|upkeep
|turn|15
|
|move|p1a: Politoed|Hypnosis|p2a: Chansey
|-status|p2a: Chansey|slp
|cant|p2a: Chansey|slp
|
|-weather|RainDance|[upkeep]
|-damage|p1a: Politoed|21/100 tox|[from] psn
|upkeep
|turn|16
|-enditem|p1a: Politoed|Custap Berry|[eat]
|-activate|p1a: Politoed|item: Custap Berry|[consumed]
|
|-curestatus|p2a: Chansey|slp|[from] ability: Natural Cure
|switch|p2a: Ninetales|Ninetales, F|100/100
|-weather|SunnyDay|[from] ability: Drought|[of] p2a: Ninetales
|move|p1a: Politoed|Endeavor|p2a: Ninetales
|-damage|p2a: Ninetales|23/100
|
|-weather|SunnyDay|[upkeep]
|-heal|p2a: Ninetales|29/100|[from] item: Leftovers
|-damage|p1a: Politoed|0 fnt|[from] psn
|upkeep
|faint|p1a: Politoed
|
|switch|p1a: Starmie|Starmie|100/100
|-damage|p1a: Starmie|88/100|[from] Stealth Rock
|turn|17
|
|move|p2a: Ninetales|Protect|p2a: Ninetales
|-singleturn|p2a: Ninetales|Protect
|move|p1a: Starmie|Hydro Pump|p2a: Ninetales
|-activate|p2a: Ninetales|move: Protect
|
|-weather|SunnyDay|[upkeep]
|-heal|p2a: Ninetales|35/100|[from] item: Leftovers
|upkeep
|turn|18
|
|switch|p1a: Excadrill|Excadrill, F|100/100
|-damage|p1a: Excadrill|98/100|[from] Stealth Rock
|-ability|p1a: Excadrill|Mold Breaker
|switch|p2a: Chansey|Chansey, F|63/100
|
|-weather|SunnyDay|[upkeep]
|-heal|p1a: Excadrill|100/100|[from] item: Leftovers
|upkeep
|turn|19
|
|move|p1a: Excadrill|Rapid Spin|p2a: Chansey
|-damage|p2a: Chansey|58/100
|-sideend|p1: Varyel|Stealth Rock|[from] move: Rapid Spin|[of] p1a: Excadrill
|move|p2a: Chansey|Soft-Boiled|p2a: Chansey
|-heal|p2a: Chansey|100/100
|
|-weather|SunnyDay|[upkeep]
|upkeep
|turn|20
|
|move|p1a: Excadrill|Toxic|p2a: Chansey
|-status|p2a: Chansey|tox
|move|p2a: Chansey|Seismic Toss|p1a: Excadrill
|-damage|p1a: Excadrill|73/100
|
|-weather|SunnyDay|[upkeep]
|-heal|p1a: Excadrill|80/100|[from] item: Leftovers
|-damage|p2a: Chansey|94/100 tox|[from] psn
|upkeep
|turn|21
|
|-curestatus|p2a: Chansey|tox|[from] ability: Natural Cure
|switch|p2a: Forretress|Forretress, F|100/100
|move|p1a: Excadrill|Earthquake|p2a: Forretress
|-damage|p2a: Forretress|70/100
|
|-weather|SunnyDay|[upkeep]
|-heal|p1a: Excadrill|86/100|[from] item: Leftovers
|-heal|p2a: Forretress|76/100|[from] item: Leftovers
|upkeep
|turn|22
|
|move|p1a: Excadrill|Earthquake|p2a: Forretress
|-damage|p2a: Forretress|48/100
|move|p2a: Forretress|Spikes|p1a: Excadrill
|-sidestart|p1: Varyel|Spikes
|
|-weather|SunnyDay|[upkeep]
|-heal|p1a: Excadrill|92/100|[from] item: Leftovers
|-heal|p2a: Forretress|54/100|[from] item: Leftovers
|upkeep
|turn|23
|
|move|p1a: Excadrill|Earthquake|p2a: Forretress
|-damage|p2a: Forretress|25/100
|move|p2a: Forretress|Pain Split|p1a: Excadrill
|-sethp|p1a: Excadrill|58/100|p2a: Forretress|61/100|[from] move: Pain Split
|
|-weather|SunnyDay|[upkeep]
|-heal|p1a: Excadrill|64/100|[from] item: Leftovers
|-heal|p2a: Forretress|67/100|[from] item: Leftovers
|upkeep
|turn|24
|
|switch|p2a: Ninetales|Ninetales, F|35/100
|move|p1a: Excadrill|Earthquake|p2a: Ninetales
|-supereffective|p2a: Ninetales
|-damage|p2a: Ninetales|0 fnt
|faint|p2a: Ninetales
|
|-weather|SunnyDay|[upkeep]
|-heal|p1a: Excadrill|71/100|[from] item: Leftovers
|upkeep
|
|switch|p2a: Quagsire|Quagsire, M|100/100
|turn|25
|
|switch|p1a: Ferrothorn|Ferrothorn, F|100/100
|-damage|p1a: Ferrothorn|88/100|[from] Spikes
|switch|p2a: Heatran|Heatran, F|100/100
|
|-weather|SunnyDay|[upkeep]
|-heal|p1a: Ferrothorn|94/100|[from] item: Leftovers
|upkeep
|turn|26
|
|switch|p1a: Latios|Latios, M|100/100
|move|p2a: Heatran|Magma Storm|p1a: Latios|[miss]
|-miss|p2a: Heatran|p1a: Latios
|
|-weather|SunnyDay|[upkeep]
|upkeep
|turn|27
|
|switch|p1a: Ferrothorn|Ferrothorn, F|94/100
|-damage|p1a: Ferrothorn|82/100|[from] Spikes
|move|p2a: Heatran|Magma Storm|p1a: Ferrothorn|[miss]
|-miss|p2a: Heatran|p1a: Ferrothorn
|
|-weather|SunnyDay|[upkeep]
|-heal|p1a: Ferrothorn|88/100|[from] item: Leftovers
|upkeep
|turn|28
|
|switch|p1a: Latios|Latios, M|100/100
|move|p2a: Heatran|Magma Storm|p1a: Latios
|-resisted|p1a: Latios
|-damage|p1a: Latios|57/100
|-activate|p1a: Latios|move: Magma Storm|[of] p2a: Heatran
|
|-weather|SunnyDay|[upkeep]
|-heal|p1a: Latios|63/100|[from] item: Leftovers
|-damage|p1a: Latios|57/100|[from] move: Magma Storm|[partiallytrapped]
|upkeep
|turn|29
|
|move|p1a: Latios|Recover|p1a: Latios
|-heal|p1a: Latios|100/100
|move|p2a: Heatran|Magma Storm|p1a: Latios
|-resisted|p1a: Latios
|-damage|p1a: Latios|58/100
|
|-weather|SunnyDay|[upkeep]
|-heal|p1a: Latios|64/100|[from] item: Leftovers
|-damage|p1a: Latios|58/100|[from] move: Magma Storm|[partiallytrapped]
|upkeep
|turn|30
|
|switch|p2a: Chansey|Chansey, F|94/100
|move|p1a: Latios|Recover|p1a: Latios
|-heal|p1a: Latios|100/100
|
|-weather|SunnyDay|[upkeep]
|upkeep
|turn|31
|
|switch|p1a: Ferrothorn|Ferrothorn, F|88/100
|-damage|p1a: Ferrothorn|76/100|[from] Spikes
|move|p2a: Chansey|Seismic Toss|p1a: Ferrothorn
|-damage|p1a: Ferrothorn|47/100
|-damage|p2a: Chansey|82/100|[from] ability: Iron Barbs|[of] p1a: Ferrothorn
|
|-weather|SunnyDay|[upkeep]
|-heal|p1a: Ferrothorn|53/100|[from] item: Leftovers
|upkeep
|turn|32
|
|move|p2a: Chansey|Stealth Rock|p1a: Ferrothorn
|-sidestart|p1: Varyel|move: Stealth Rock
|move|p1a: Ferrothorn|Stealth Rock|p2a: Chansey
|-sidestart|p2: porrompompom|move: Stealth Rock
|
|-weather|SunnyDay|[upkeep]
|-heal|p1a: Ferrothorn|59/100|[from] item: Leftovers
|upkeep
|turn|33
|
|switch|p2a: Forretress|Forretress, F|67/100
|-damage|p2a: Forretress|55/100|[from] Stealth Rock
|move|p1a: Ferrothorn|Spikes|p2a: Forretress
|-sidestart|p2: porrompompom|Spikes
|
|-weather|SunnyDay|[upkeep]
|-heal|p2a: Forretress|61/100|[from] item: Leftovers
|-heal|p1a: Ferrothorn|65/100|[from] item: Leftovers
|upkeep
|turn|34
|
|move|p2a: Forretress|Rapid Spin|p1a: Ferrothorn
|-resisted|p1a: Ferrothorn
|-damage|p1a: Ferrothorn|64/100
|-damage|p2a: Forretress|48/100|[from] ability: Iron Barbs|[of] p1a: Ferrothorn
|-sideend|p2: porrompompom|Spikes|[from] move: Rapid Spin|[of] p2a: Forretress
|-sideend|p2: porrompompom|Stealth Rock|[from] move: Rapid Spin|[of] p2a: Forretress
|move|p1a: Ferrothorn|Knock Off|p2a: Forretress
|-resisted|p2a: Forretress
|-damage|p2a: Forretress|47/100
|-enditem|p2a: Forretress|Leftovers|[from] move: Knock Off|[of] p1a: Ferrothorn
|
|-weather|SunnyDay|[upkeep]
|-heal|p1a: Ferrothorn|70/100|[from] item: Leftovers
|upkeep
|turn|35
|
|switch|p2a: Heatran|Heatran, F|100/100
|move|p1a: Ferrothorn|Stealth Rock|p2a: Heatran
|-sidestart|p2: porrompompom|move: Stealth Rock
|
|-weather|SunnyDay|[upkeep]
|-heal|p1a: Ferrothorn|76/100|[from] item: Leftovers
|upkeep
|turn|36
|
|move|p2a: Heatran|Toxic|p1a: Ferrothorn
|-immune|p1a: Ferrothorn|[msg]
|move|p1a: Ferrothorn|Spikes|p2a: Heatran
|-sidestart|p2: porrompompom|Spikes
|
|-weather|SunnyDay|[upkeep]
|-heal|p1a: Ferrothorn|82/100|[from] item: Leftovers
|upkeep
|turn|37
|
|switch|p2a: Forretress|Forretress, F|47/100
|-damage|p2a: Forretress|35/100|[from] Spikes
|-damage|p2a: Forretress|22/100|[from] Stealth Rock
|switch|p1a: Excadrill|Excadrill, F|71/100
|-damage|p1a: Excadrill|58/100|[from] Spikes
|-damage|p1a: Excadrill|55/100|[from] Stealth Rock
|-ability|p1a: Excadrill|Mold Breaker
|
|-weather|SunnyDay|[upkeep]
|-heal|p1a: Excadrill|61/100|[from] item: Leftovers
|upkeep
|turn|38
|
|switch|p2a: Quagsire|Quagsire, M|100/100
|-damage|p2a: Quagsire|94/100|[from] Stealth Rock
|-damage|p2a: Quagsire|82/100|[from] Spikes
|move|p1a: Excadrill|Earthquake|p2a: Quagsire
|-damage|p2a: Quagsire|46/100
|
|-weather|SunnyDay|[upkeep]
|-heal|p1a: Excadrill|68/100|[from] item: Leftovers
|upkeep
|turn|39
|
|move|p1a: Excadrill|Rapid Spin|p2a: Quagsire
|-damage|p2a: Quagsire|41/100
|-damage|p1a: Excadrill|51/100|[from] item: Rocky Helmet|[of] p2a: Quagsire
|-sideend|p1: Varyel|Spikes|[from] move: Rapid Spin|[of] p1a: Excadrill
|-sideend|p1: Varyel|Stealth Rock|[from] move: Rapid Spin|[of] p1a: Excadrill
|move|p2a: Quagsire|Earthquake|p1a: Excadrill
|-supereffective|p1a: Excadrill
|-damage|p1a: Excadrill|0 fnt
|faint|p1a: Excadrill
|
|-weather|SunnyDay|[upkeep]
|upkeep
|
|switch|p1a: Gyarados|Gyarados, M|82/100 tox
|turn|40
|
|move|p1a: Gyarados|Earthquake|p2a: Quagsire
|-damage|p2a: Quagsire|2/100
|move|p2a: Quagsire|Recover|p2a: Quagsire
|-heal|p2a: Quagsire|52/100
|
|-weather|SunnyDay|[upkeep]
|-damage|p1a: Gyarados|76/100 tox|[from] psn
|upkeep
|turn|41
|
|switch|p1a: Ferrothorn|Ferrothorn, F|82/100
|move|p2a: Quagsire|Recover|p2a: Quagsire
|-heal|p2a: Quagsire|100/100
|
|-weather|SunnyDay|[upkeep]
|-heal|p1a: Ferrothorn|88/100|[from] item: Leftovers
|upkeep
|turn|42
|
|switch|p2a: Forretress|Forretress, F|22/100
|-damage|p2a: Forretress|10/100|[from] Stealth Rock
|-damage|p2a: Forretress|0 fnt|[from] Spikes
|faint|p2a: Forretress
|move|p1a: Ferrothorn|Spikes|p2: Forretress
|-sidestart|p2: porrompompom|Spikes
|
|-weather|SunnyDay|[upkeep]
|-heal|p1a: Ferrothorn|94/100|[from] item: Leftovers
|upkeep
|
|switch|p2a: Heatran|Heatran, F|100/100
|-damage|p2a: Heatran|84/100|[from] Spikes
|-damage|p2a: Heatran|71/100|[from] Stealth Rock
|turn|43
|
|switch|p1a: Gyarados|Gyarados, M|76/100 tox
|move|p2a: Heatran|Magma Storm|p1a: Gyarados
|-resisted|p1a: Gyarados
|-damage|p1a: Gyarados|39/100 tox
|-activate|p1a: Gyarados|move: Magma Storm|[of] p2a: Heatran
|
|-weather|SunnyDay|[upkeep]
|-damage|p1a: Gyarados|33/100 tox|[from] psn
|-damage|p1a: Gyarados|26/100 tox|[from] move: Magma Storm|[partiallytrapped]
|upkeep
|turn|44
|
|move|p2a: Heatran|Magma Storm|p1a: Gyarados
|-resisted|p1a: Gyarados
|-damage|p1a: Gyarados|0 fnt
|faint|p1a: Gyarados
|
|-weather|SunnyDay|[upkeep]
|upkeep
|l| Alpha Kittens
|
|switch|p1a: Starmie|Starmie|88/100
|turn|45
|
|switch|p1a: Latios|Latios, M|100/100
|switch|p2a: Chansey|Chansey, F|82/100
|-damage|p2a: Chansey|65/100|[from] Spikes
|-damage|p2a: Chansey|53/100|[from] Stealth Rock
|
|-weather|SunnyDay|[upkeep]
|upkeep
|turn|46
|
|switch|p1a: Ferrothorn|Ferrothorn, F|94/100
|move|p2a: Chansey|Toxic|p1a: Ferrothorn|[miss]
|-miss|p2a: Chansey|p1a: Ferrothorn
|
|-weather|SunnyDay|[upkeep]
|-heal|p1a: Ferrothorn|99/100|[from] item: Leftovers
|upkeep
|turn|47
|
|move|p2a: Chansey|Soft-Boiled|p2a: Chansey
|-heal|p2a: Chansey|100/100
|move|p1a: Ferrothorn|Spikes|p2a: Chansey
|-sidestart|p2: porrompompom|Spikes
|
|-weather|SunnyDay|[upkeep]
|-heal|p1a: Ferrothorn|100/100|[from] item: Leftovers
|upkeep
|turn|48
|j| Alpha Kittens
|
|switch|p2a: Heatran|Heatran, F|71/100
|-damage|p2a: Heatran|59/100|[from] Stealth Rock
|-damage|p2a: Heatran|34/100|[from] Spikes
|move|p1a: Ferrothorn|Power Whip|p2a: Heatran
|-resisted|p2a: Heatran
|-damage|p2a: Heatran|26/100
|
|-weather|SunnyDay|[upkeep]
|upkeep
|turn|49
|
|switch|p1a: Starmie|Starmie|88/100
|move|p2a: Heatran|Magma Storm|p1a: Starmie
|-resisted|p1a: Starmie
|-damage|p1a: Starmie|32/100
|-activate|p1a: Starmie|move: Magma Storm|[of] p2a: Heatran
|
|-weather|SunnyDay|[upkeep]
|-damage|p1a: Starmie|26/100|[from] move: Magma Storm|[partiallytrapped]
|upkeep
|turn|50
|
|move|p1a: Starmie|Thunder|p2a: Heatran|[miss]
|-miss|p1a: Starmie|p2a: Heatran
|move|p2a: Heatran|Magma Storm|p1a: Starmie|[miss]
|-miss|p2a: Heatran|p1a: Starmie
|
|-weather|SunnyDay|[upkeep]
|-damage|p1a: Starmie|20/100|[from] move: Magma Storm|[partiallytrapped]
|upkeep
|turn|51
|
|move|p1a: Starmie|Thunder|p2a: Heatran
|-damage|p2a: Heatran|0 fnt
|faint|p2a: Heatran
|
|-weather|SunnyDay|[upkeep]
|upkeep
|
|switch|p2a: Quagsire|Quagsire, M|100/100
|-damage|p2a: Quagsire|76/100|[from] Spikes
|-damage|p2a: Quagsire|69/100|[from] Stealth Rock
|turn|52
|
|switch|p1a: Latios|Latios, M|100/100
|move|p2a: Quagsire|Earthquake|p1a: Latios
|-immune|p1a: Latios|[msg]|[from] ability: Levitate
|
|-weather|SunnyDay|[upkeep]
|upkeep
|turn|53
|
|move|p1a: Latios|Draco Meteor|p2a: Quagsire
|-damage|p2a: Quagsire|0 fnt
|-unboost|p1a: Latios|spa|2
|faint|p2a: Quagsire
|
|-weather|SunnyDay|[upkeep]
|upkeep
|
|switch|p2a: Chansey|Chansey, F|100/100
|-damage|p2a: Chansey|88/100|[from] Stealth Rock
|-damage|p2a: Chansey|63/100|[from] Spikes
|turn|54
|
|switch|p1a: Ferrothorn|Ferrothorn, F|100/100
|move|p2a: Chansey|Toxic|p1a: Ferrothorn
|-immune|p1a: Ferrothorn|[msg]
|
|-weather|SunnyDay|[upkeep]
|upkeep
|turn|55
|
|move|p2a: Chansey|Seismic Toss|p1a: Ferrothorn
|-damage|p1a: Ferrothorn|72/100
|-damage|p2a: Chansey|51/100|[from] ability: Iron Barbs|[of] p1a: Ferrothorn
|move|p1a: Ferrothorn|Knock Off|p2a: Chansey
|-damage|p2a: Chansey|48/100
|-enditem|p2a: Chansey|Eviolite|[from] move: Knock Off|[of] p1a: Ferrothorn
|
|-weather|SunnyDay|[upkeep]
|-heal|p1a: Ferrothorn|78/100|[from] item: Leftovers
|upkeep
|turn|56
|
|move|p2a: Chansey|Soft-Boiled|p2a: Chansey
|-heal|p2a: Chansey|98/100
|move|p1a: Ferrothorn|Power Whip|p2a: Chansey
|-crit|p2a: Chansey
|-damage|p2a: Chansey|15/100
|
|-weather|SunnyDay|[upkeep]
|-heal|p1a: Ferrothorn|84/100|[from] item: Leftovers
|upkeep
|turn|57
|
|move|p2a: Chansey|Soft-Boiled|p2a: Chansey
|-heal|p2a: Chansey|65/100
|move|p1a: Ferrothorn|Power Whip|p2a: Chansey|[miss]
|-miss|p1a: Ferrothorn|p2a: Chansey
|
|-weather|SunnyDay|[upkeep]
|-heal|p1a: Ferrothorn|90/100|[from] item: Leftovers
|upkeep
|turn|58
|
|move|p2a: Chansey|Soft-Boiled|p2a: Chansey
|-heal|p2a: Chansey|100/100
|move|p1a: Ferrothorn|Power Whip|p2a: Chansey
|-damage|p2a: Chansey|61/100
|
|-weather|SunnyDay|[upkeep]
|-heal|p1a: Ferrothorn|96/100|[from] item: Leftovers
|upkeep
|turn|59
|
|move|p2a: Chansey|Soft-Boiled|p2a: Chansey
|-heal|p2a: Chansey|100/100
|move|p1a: Ferrothorn|Power Whip|p2a: Chansey
|-damage|p2a: Chansey|56/100
|
|-weather|SunnyDay|[upkeep]
|-heal|p1a: Ferrothorn|100/100|[from] item: Leftovers
|upkeep
|turn|60
|
|move|p2a: Chansey|Soft-Boiled|p2a: Chansey
|-heal|p2a: Chansey|100/100
|move|p1a: Ferrothorn|Power Whip|p2a: Chansey
|-damage|p2a: Chansey|63/100
|
|-weather|SunnyDay|[upkeep]
|upkeep
|turn|61
|
|move|p2a: Chansey|Stealth Rock|p1a: Ferrothorn
|-sidestart|p1: Varyel|move: Stealth Rock
|move|p1a: Ferrothorn|Power Whip|p2a: Chansey
|-damage|p2a: Chansey|20/100
|
|-weather|SunnyDay|[upkeep]
|upkeep
|turn|62
|
|move|p2a: Chansey|Soft-Boiled|p2a: Chansey
|-heal|p2a: Chansey|70/100
|move|p1a: Ferrothorn|Power Whip|p2a: Chansey
|-damage|p2a: Chansey|28/100
|
|-weather|SunnyDay|[upkeep]
|upkeep
|turn|63
|
|move|p2a: Chansey|Soft-Boiled|p2a: Chansey
|-heal|p2a: Chansey|78/100
|move|p1a: Ferrothorn|Power Whip|p2a: Chansey
|-damage|p2a: Chansey|38/100
|
|-weather|SunnyDay|[upkeep]
|upkeep
|turn|64
|
|move|p2a: Chansey|Soft-Boiled|p2a: Chansey
|-heal|p2a: Chansey|88/100
|move|p1a: Ferrothorn|Power Whip|p2a: Chansey
|-damage|p2a: Chansey|43/100
|
|-weather|SunnyDay|[upkeep]
|upkeep
|turn|65
|
|move|p2a: Chansey|Soft-Boiled|p2a: Chansey
|-heal|p2a: Chansey|93/100
|move|p1a: Ferrothorn|Power Whip|p2a: Chansey|[miss]
|-miss|p1a: Ferrothorn|p2a: Chansey
|
|-weather|SunnyDay|[upkeep]
|upkeep
|turn|66
|
|move|p2a: Chansey|Seismic Toss|p1a: Ferrothorn
|-damage|p1a: Ferrothorn|72/100
|-damage|p2a: Chansey|81/100|[from] ability: Iron Barbs|[of] p1a: Ferrothorn
|move|p1a: Ferrothorn|Knock Off|p2a: Chansey
|-damage|p2a: Chansey|76/100
|
|-weather|SunnyDay|[upkeep]
|-heal|p1a: Ferrothorn|78/100|[from] item: Leftovers
|upkeep
|turn|67
|
|move|p2a: Chansey|Seismic Toss|p1a: Ferrothorn
|-damage|p1a: Ferrothorn|50/100
|-damage|p2a: Chansey|63/100|[from] ability: Iron Barbs|[of] p1a: Ferrothorn
|move|p1a: Ferrothorn|Knock Off|p2a: Chansey
|-damage|p2a: Chansey|59/100
|
|-weather|SunnyDay|[upkeep]
|-heal|p1a: Ferrothorn|55/100|[from] item: Leftovers
|upkeep
|turn|68
|
|move|p2a: Chansey|Soft-Boiled|p2a: Chansey
|-heal|p2a: Chansey|100/100
|move|p1a: Ferrothorn|Knock Off|p2a: Chansey
|-damage|p2a: Chansey|96/100
|
|-weather|SunnyDay|[upkeep]
|-heal|p1a: Ferrothorn|61/100|[from] item: Leftovers
|upkeep
|turn|69
|
|move|p2a: Chansey|Seismic Toss|p1a: Ferrothorn
|-damage|p1a: Ferrothorn|33/100
|-damage|p2a: Chansey|83/100|[from] ability: Iron Barbs|[of] p1a: Ferrothorn
|move|p1a: Ferrothorn|Power Whip|p2a: Chansey
|-damage|p2a: Chansey|40/100
|
|-weather|SunnyDay|[upkeep]
|-heal|p1a: Ferrothorn|39/100|[from] item: Leftovers
|upkeep
|turn|70
|
|move|p2a: Chansey|Soft-Boiled|p2a: Chansey
|-heal|p2a: Chansey|90/100
|move|p1a: Ferrothorn|Knock Off|p2a: Chansey
|-damage|p2a: Chansey|86/100
|
|-weather|SunnyDay|[upkeep]
|-heal|p1a: Ferrothorn|45/100|[from] item: Leftovers
|upkeep
|turn|71
|
|move|p2a: Chansey|Seismic Toss|p1a: Ferrothorn
|-damage|p1a: Ferrothorn|16/100
|-damage|p2a: Chansey|73/100|[from] ability: Iron Barbs|[of] p1a: Ferrothorn
|move|p1a: Ferrothorn|Power Whip|p2a: Chansey
|-damage|p2a: Chansey|34/100
|
|-weather|SunnyDay|[upkeep]
|-heal|p1a: Ferrothorn|22/100|[from] item: Leftovers
|upkeep
|turn|72
|
|switch|p1a: Latios|Latios, M|100/100
|-damage|p1a: Latios|88/100|[from] Stealth Rock
|move|p2a: Chansey|Soft-Boiled|p2a: Chansey
|-heal|p2a: Chansey|84/100
|
|-weather|SunnyDay|[upkeep]
|-heal|p1a: Latios|94/100|[from] item: Leftovers
|upkeep
|turn|73
|
|switch|p1a: Ferrothorn|Ferrothorn, F|22/100
|-damage|p1a: Ferrothorn|16/100|[from] Stealth Rock
|move|p2a: Chansey|Toxic|p1a: Ferrothorn
|-immune|p1a: Ferrothorn|[msg]
|
|-weather|SunnyDay|[upkeep]
|-heal|p1a: Ferrothorn|22/100|[from] item: Leftovers
|upkeep
|turn|74
|
|switch|p1a: Latios|Latios, M|94/100
|-damage|p1a: Latios|82/100|[from] Stealth Rock
|move|p2a: Chansey|Seismic Toss|p1a: Latios
|-damage|p1a: Latios|49/100
|
|-weather|SunnyDay|[upkeep]
|-heal|p1a: Latios|55/100|[from] item: Leftovers
|upkeep
|turn|75
|
|move|p1a: Latios|Surf|p2a: Chansey
|-damage|p2a: Chansey|78/100
|move|p2a: Chansey|Toxic|p1a: Latios
|-status|p1a: Latios|tox
|
|-weather|SunnyDay|[upkeep]
|-heal|p1a: Latios|61/100 tox|[from] item: Leftovers
|-damage|p1a: Latios|55/100 tox|[from] psn
|upkeep
|turn|76
|
|move|p1a: Latios|Recover|p1a: Latios
|-heal|p1a: Latios|100/100 tox
|move|p2a: Chansey|Seismic Toss|p1a: Latios
|-damage|p1a: Latios|67/100 tox
|
|-weather|SunnyDay|[upkeep]
|-heal|p1a: Latios|73/100 tox|[from] item: Leftovers
|-damage|p1a: Latios|61/100 tox|[from] psn
|upkeep
|turn|77
|
|move|p1a: Latios|Recover|p1a: Latios
|-heal|p1a: Latios|100/100 tox
|move|p2a: Chansey|Seismic Toss|p1a: Latios
|-damage|p1a: Latios|67/100 tox
|
|-weather|SunnyDay|[upkeep]
|-heal|p1a: Latios|73/100 tox|[from] item: Leftovers
|-damage|p1a: Latios|55/100 tox|[from] psn
|upkeep
|turn|78
|
|move|p1a: Latios|Recover|p1a: Latios
|-heal|p1a: Latios|100/100 tox
|move|p2a: Chansey|Seismic Toss|p1a: Latios
|-damage|p1a: Latios|67/100 tox
|
|-weather|SunnyDay|[upkeep]
|-heal|p1a: Latios|73/100 tox|[from] item: Leftovers
|-damage|p1a: Latios|49/100 tox|[from] psn
|upkeep
|turn|79
|
|switch|p1a: Starmie|Starmie|20/100
|-damage|p1a: Starmie|7/100|[from] Stealth Rock
|move|p2a: Chansey|Seismic Toss|p1a: Starmie
|-damage|p1a: Starmie|0 fnt
|faint|p1a: Starmie
|
|-weather|SunnyDay|[upkeep]
|upkeep
|
|switch|p1a: Latios|Latios, M|49/100 tox
|-damage|p1a: Latios|37/100 tox|[from] Stealth Rock
|turn|80
|
|move|p1a: Latios|Recover|p1a: Latios
|-heal|p1a: Latios|87/100 tox
|move|p2a: Chansey|Seismic Toss|p1a: Latios
|-damage|p1a: Latios|54/100 tox
|
|-weather|SunnyDay|[upkeep]
|-heal|p1a: Latios|60/100 tox|[from] item: Leftovers
|-damage|p1a: Latios|54/100 tox|[from] psn
|upkeep
|turn|81
|
|move|p1a: Latios|Recover|p1a: Latios
|-heal|p1a: Latios|100/100 tox
|move|p2a: Chansey|Seismic Toss|p1a: Latios
|-damage|p1a: Latios|67/100 tox
|
|-weather|SunnyDay|[upkeep]
|-heal|p1a: Latios|73/100 tox|[from] item: Leftovers
|-damage|p1a: Latios|61/100 tox|[from] psn
|upkeep
|turn|82
|
|move|p1a: Latios|Recover|p1a: Latios
|-heal|p1a: Latios|100/100 tox
|move|p2a: Chansey|Seismic Toss|p1a: Latios
|-damage|p1a: Latios|67/100 tox
|
|-weather|SunnyDay|[upkeep]
|-heal|p1a: Latios|73/100 tox|[from] item: Leftovers
|-damage|p1a: Latios|55/100 tox|[from] psn
|upkeep
|turn|83
|
|move|p1a: Latios|Recover|p1a: Latios
|-heal|p1a: Latios|100/100 tox
|move|p2a: Chansey|Seismic Toss|p1a: Latios
|-damage|p1a: Latios|67/100 tox
|
|-weather|SunnyDay|[upkeep]
|-heal|p1a: Latios|73/100 tox|[from] item: Leftovers
|-damage|p1a: Latios|49/100 tox|[from] psn
|upkeep
|turn|84
|
|move|p1a: Latios|Recover|p1a: Latios
|-heal|p1a: Latios|99/100 tox
|move|p2a: Chansey|Seismic Toss|p1a: Latios
|-damage|p1a: Latios|66/100 tox
|
|-weather|SunnyDay|[upkeep]
|-heal|p1a: Latios|72/100 tox|[from] item: Leftovers
|-damage|p1a: Latios|42/100 tox|[from] psn
|upkeep
|turn|85
|
|move|p1a: Latios|Recover|p1a: Latios
|-heal|p1a: Latios|93/100 tox
|move|p2a: Chansey|Seismic Toss|p1a: Latios
|-damage|p1a: Latios|59/100 tox
|
|-weather|SunnyDay|[upkeep]
|-heal|p1a: Latios|65/100 tox|[from] item: Leftovers
|-damage|p1a: Latios|29/100 tox|[from] psn
|upkeep
|turn|86
|
|move|p1a: Latios|Recover|p1a: Latios
|-heal|p1a: Latios|80/100 tox
|move|p2a: Chansey|Seismic Toss|p1a: Latios
|-damage|p1a: Latios|46/100 tox
|
|-weather|SunnyDay|[upkeep]
|-heal|p1a: Latios|52/100 tox|[from] item: Leftovers
|-damage|p1a: Latios|10/100 tox|[from] psn
|upkeep
|turn|87
|
|move|p1a: Latios|Recover|p1a: Latios
|-heal|p1a: Latios|61/100 tox
|move|p2a: Chansey|Seismic Toss|p1a: Latios
|-damage|p1a: Latios|27/100 tox
|
|-weather|SunnyDay|[upkeep]
|-heal|p1a: Latios|33/100 tox|[from] item: Leftovers
|-damage|p1a: Latios|0 fnt|[from] psn
|upkeep
|faint|p1a: Latios
|
|switch|p1a: Ferrothorn|Ferrothorn, F|22/100
|-damage|p1a: Ferrothorn|16/100|[from] Stealth Rock
|turn|88
|
|move|p2a: Chansey|Seismic Toss|p1a: Ferrothorn
|-damage|p1a: Ferrothorn|0 fnt
|-damage|p2a: Chansey|65/100|[from] ability: Iron Barbs|[of] p1a: Ferrothorn
|faint|p1a: Ferrothorn
|
|win|porrompompom
|l| Alpha Kittens
|raw|Varyel's rating: 1359 &rarr; <strong>1350</strong><br />(-9 for losing)
|raw|porrompompom's rating: 1569 &rarr; <strong>1578</strong><br />(+9 for winning)
