|j|☆Aliando Blyat
|j|☆anglemort33
|t:|1723709175
|gametype|singles
|player|p1|Aliando Blyat|bugcatcher-gen4dp|1424
|player|p2|anglemort33|101|1326
|teamsize|p1|6
|teamsize|p2|6
|gen|5
|tier|[Gen 5] OU
|rated|
|rule|Species Clause: Limit one of each Pokémon
|rule|OHKO Clause: OHKO moves are banned
|rule|Moody Clause: Moody is banned
|rule|Evasion Items Clause: Evasion items are banned
|rule|Evasion Moves Clause: Evasion moves are banned
|rule|Endless Battle Clause: Forcing endless battles is banned
|rule|HP Percentage Mod: HP is shown in percentages
|rule|Evasion Abilities Clause: Evasion abilities are banned
|rule|Sleep Moves Clause: Sleep-inducing moves are banned
|rule|Swagger Clause: Swagger is banned
|rule|Baton Pass Stat Clause: No Baton Passer may have a way to boost its stats
|clearpoke
|poke|p1|Kyurem-Black|item
|poke|p1|Latios, M|item
|poke|p1|Garchomp, F|item
|poke|p1|Scizor, F|item
|poke|p1|Salamence, F|item
|poke|p1|Latias, F|item
|poke|p2|Tyranitar, F|item
|poke|p2|Skarmory, M|item
|poke|p2|Jellicent, F|item
|poke|p2|Latios, M|item
|poke|p2|Alakazam, M|item
|poke|p2|Gliscor, F|item
|teampreview
|inactive|Battle timer is ON: inactive players will automatically lose when time's up. (requested by Aliando Blyat)
|
|t:|1723709201
|start
|switch|p1a: Latios|Latios, M|100/100
|switch|p2a: Latios|Latios, M|100/100
|turn|1
|
|t:|1723709209
|switch|p2a: Tyranitar|Tyranitar, F|100/100
|-weather|Sandstorm|[from] ability: Sand Stream|[of] p2a: Tyranitar
|move|p1a: Latios|Draco Meteor|p2a: Tyranitar
|-damage|p2a: Tyranitar|44/100
|-unboost|p1a: Latios|spa|2
|
|-weather|Sandstorm|[upkeep]
|-damage|p1a: Latios|95/100|[from] Sandstorm
|upkeep
|turn|2
|
|t:|1723709225
|move|p1a: Latios|Draco Meteor|p2a: Tyranitar
|-damage|p2a: Tyranitar|17/100
|-unboost|p1a: Latios|spa|2
|move|p2a: Tyranitar|Crunch|p1a: Latios
|-supereffective|p1a: Latios
|-crit|p1a: Latios
|-damage|p1a: Latios|0 fnt
|faint|p1a: Latios
|
|-weather|Sandstorm|[upkeep]
|upkeep
|
|t:|1723709229
|switch|p1a: Garchomp|Garchomp, F|100/100
|turn|3
|inactive|anglemort33 has 120 seconds left.
|inactive|anglemort33 has 90 seconds left.
|
|t:|1723709301
|switch|p2a: Alakazam|Alakazam, M|100/100
|move|p1a: Garchomp|Stealth Rock|p2a: Alakazam
|-sidestart|p2: anglemort33|move: Stealth Rock
|
|-weather|Sandstorm|[upkeep]
|upkeep
|turn|4
|
|t:|1723709308
|move|p2a: Alakazam|Hidden Power|p1a: Garchomp
|-supereffective|p1a: Garchomp
|-enditem|p1a: Garchomp|Focus Sash
|-damage|p1a: Garchomp|1/100
|move|p1a: Garchomp|Earthquake|p2a: Alakazam
|-enditem|p2a: Alakazam|Focus Sash
|-damage|p2a: Alakazam|1/100
|
|-weather|Sandstorm|[upkeep]
|upkeep
|turn|5
|inactive|anglemort33 has 90 seconds left.
|
|t:|1723709318
|move|p2a: Alakazam|Hidden Power|p1a: Garchomp
|-supereffective|p1a: Garchomp
|-damage|p1a: Garchomp|0 fnt
|faint|p1a: Garchomp
|
|-weather|Sandstorm|[upkeep]
|upkeep
|
|t:|1723709326
|switch|p1a: Scizor|Scizor, F|100/100
|turn|6
|inactive|anglemort33 has 90 seconds left.
|
|t:|1723709364
|-activate|p2a: Alakazam|move: Pursuit
|move|p1a: Scizor|Pursuit|p2a: Alakazam|[from]Pursuit
|-supereffective|p2a: Alakazam
|-damage|p2a: Alakazam|0 fnt
|faint|p2a: Alakazam
|-damage|p1a: Scizor|91/100|[from] item: Life Orb
|-hint|A Pokemon can't switch between when it runs out of HP and when it faints
|
|-weather|Sandstorm|[upkeep]
|upkeep
|inactive|anglemort33 has 60 seconds left.
|inactive|anglemort33 has 30 seconds left.
|
|t:|1723709410
|switch|p2a: Latios|Latios, M|100/100
|-damage|p2a: Latios|88/100|[from] Stealth Rock
|turn|7
|
|t:|1723709425
|move|p2a: Latios|Hidden Power|p1a: Scizor
|-supereffective|p1a: Scizor
|-damage|p1a: Scizor|0 fnt
|faint|p1a: Scizor
|
|-weather|Sandstorm|[upkeep]
|-damage|p2a: Latios|82/100|[from] Sandstorm
|upkeep
|
|t:|1723709430
|switch|p1a: Salamence|Salamence, F|100/100
|turn|8
|
|t:|1723709442
|switch|p2a: Tyranitar|Tyranitar, F|17/100
|-damage|p2a: Tyranitar|4/100|[from] Stealth Rock
|move|p1a: Salamence|Outrage|p2a: Tyranitar
|-crit|p2a: Tyranitar
|-damage|p2a: Tyranitar|0 fnt
|faint|p2a: Tyranitar
|-ability|p1a: Salamence|Moxie|boost
|-boost|p1a: Salamence|atk|1
|
|-weather|Sandstorm|[upkeep]
|-damage|p1a: Salamence|94/100|[from] Sandstorm
|upkeep
|
|t:|1723709458
|switch|p2a: Skarmory|Skarmory, M|100/100
|-damage|p2a: Skarmory|88/100|[from] Stealth Rock
|turn|9
|
|t:|1723709469
|move|p1a: Salamence|Outrage|p2a: Skarmory|[from]lockedmove
|-resisted|p2a: Skarmory
|-damage|p2a: Skarmory|54/100
|-start|p1a: Salamence|confusion|[fatigue]
|move|p2a: Skarmory|Roost|p2a: Skarmory
|-heal|p2a: Skarmory|100/100
|-singleturn|p2a: Skarmory|move: Roost
|
|-weather|Sandstorm|[upkeep]
|-damage|p1a: Salamence|88/100|[from] Sandstorm
|upkeep
|turn|10
|inactive|anglemort33 has 30 seconds left.
|inactive|anglemort33 has 20 seconds left.
|inactive|anglemort33 has 15 seconds left.
|
|t:|1723709504
|switch|p1a: Latias|Latias, F|100/100
|move|p2a: Skarmory|Brave Bird|p1a: Latias
|-damage|p1a: Latias|60/100
|-damage|p2a: Skarmory|88/100|[from] Recoil
|
|-weather|Sandstorm|[upkeep]
|-damage|p1a: Latias|54/100|[from] Sandstorm
|-heal|p2a: Skarmory|94/100|[from] item: Leftovers
|upkeep
|turn|11
|inactive|anglemort33 has 25 seconds left this turn.
|inactive|anglemort33 has 20 seconds left.
|inactive|anglemort33 has 15 seconds left.
|
|t:|1723709516
|move|p1a: Latias|Draco Meteor|p2a: Skarmory|[miss]
|-miss|p1a: Latias|p2a: Skarmory
|move|p2a: Skarmory|Brave Bird|p1a: Latias
|-damage|p1a: Latias|11/100
|-damage|p2a: Skarmory|81/100|[from] Recoil
|
|-weather|Sandstorm|[upkeep]
|-damage|p1a: Latias|5/100|[from] Sandstorm
|-heal|p2a: Skarmory|87/100|[from] item: Leftovers
|upkeep
|turn|12
|inactive|anglemort33 has 25 seconds left this turn.
|inactive|anglemort33 has 20 seconds left.
|inactive|anglemort33 has 15 seconds left.
|
|t:|1723709526
|move|p1a: Latias|Draco Meteor|p2a: Skarmory
|-resisted|p2a: Skarmory
|-damage|p2a: Skarmory|59/100
|-unboost|p1a: Latias|spa|2
|move|p2a: Skarmory|Roost|p2a: Skarmory
|-heal|p2a: Skarmory|100/100
|-singleturn|p2a: Skarmory|move: Roost
|
|-weather|Sandstorm|[upkeep]
|-damage|p1a: Latias|0 fnt|[from] Sandstorm
|faint|p1a: Latias
|upkeep
|inactive|anglemort33 has 20 seconds left this turn.
|
|t:|1723709530
|switch|p1a: Kyurem|Kyurem-Black|100/100
|-ability|p1a: Kyurem|Teravolt
|turn|13
|inactive|anglemort33 has 30 seconds left this turn.
|inactive|anglemort33 has 20 seconds left.
|
|t:|1723709543
|switch|p2a: Gliscor|Gliscor, F|100/100
|-damage|p2a: Gliscor|88/100|[from] Stealth Rock
|move|p1a: Kyurem|Fusion Bolt|p2a: Gliscor
|-immune|p2a: Gliscor
|
|-weather|Sandstorm|[upkeep]
|-damage|p1a: Kyurem|94/100|[from] Sandstorm
|-status|p2a: Gliscor|tox|[from] item: Toxic Orb
|upkeep
|turn|14
|inactive|anglemort33 has 30 seconds left this turn.
|-message|Aliando Blyat forfeited.
|
|win|anglemort33
|inactive|anglemort33 has 30 seconds left this turn.
|raw|Aliando Blyat's rating: 1424 &rarr; <strong>1399</strong><br />(-25 for losing)
|raw|anglemort33's rating: 1326 &rarr; <strong>1351</strong><br />(+25 for winning)
|l|☆Aliando Blyat
|player|p1|
