|join|ANGER MANAGEMENT
|join|Ubatuba
|player|p1|ANGER MANAGEMENT|123
|player|p2|Ubatuba|144
|gametype|singles
|gen|5
|tier|[Gen 5] OU
|rated
|rule|Evasion Abilities Clause: Evasion abilities are banned
|clearpoke
|poke|p1|Suicune
|poke|p1|Mienshao, F
|poke|p1|Weavile, M
|poke|p1|Mew
|poke|p1|Heracross, F
|poke|p1|Golurk
|poke|p2|Landorus-Therian, M
|poke|p2|Rotom-Wash, shiny
|poke|p2|Scizor, F, shiny
|poke|p2|Xatu, M
|poke|p2|Celebi
|poke|p2|Tyranitar, F
|rule|Sleep Clause Mod: Limit one foe put to sleep
|rule|Species Clause: Limit one of each Pokémon
|rule|OHKO Clause: OHKO moves are banned
|rule|Moody Clause: Moody is banned
|rule|Evasion Moves Clause: Evasion moves are banned
|rule|Endless Battle Clause: Forcing endless battles is banned
|rule|HP Percentage Mod: HP is shown in percentages
|teampreview
|
|start
|switch|p1a: Mienshao|Mienshao, F|271/271
|switch|p2a: Landorus-Therian|Landorus-Therian, M|319/319
|-ability|p2a: Landorus-Therian|Intimidate|[of] p1a: Mienshao
|-unboost|p1a: Mienshao|atk|1
|turn|1
|
|move|p1a: Mienshao|U-turn|p2a: Landorus-Therian
|-resisted|p2a: Landorus-Therian
|-damage|p2a: Landorus-Therian|291/319
|
|switch|p1a: Suicune|Suicune|401/401
|-ability|p1a: Suicune|Pressure
|move|p2a: Landorus-Therian|U-turn|p1a: Suicune
|-damage|p1a: Suicune|339/401
|
|switch|p2a: Celebi|Celebi|404/404
|
|-heal|p1a: Suicune|364/401|[from] item: Leftovers
|turn|2
|
|switch|p1a: Mew|Mew|401/401
|move|p2a: Celebi|Baton Pass|p2a: Celebi
|
|switch|p2a: Landorus-Therian|Landorus-Therian, M|291/319
|-ability|p2a: Landorus-Therian|Intimidate|[of] p1a: Mew
|-unboost|p1a: Mew|atk|1
|
|turn|3
|
|switch|p1a: Golurk|Golurk|382/382
|move|p2a: Landorus-Therian|U-turn|p1a: Golurk
|-resisted|p1a: Golurk
|-damage|p1a: Golurk|329/382
|
|switch|p2a: Rotom-Wash|Rotom-Wash, shiny|304/304
|
|-heal|p1a: Golurk|352/382|[from] item: Leftovers
|turn|4
|
|move|p1a: Golurk|Protect|p1a: Golurk
|-singleturn|p1a: Golurk|Protect
|move|p2a: Rotom-Wash|Hydro Pump|p1a: Golurk
|-activate|p1a: Golurk|Protect
|
|-heal|p1a: Golurk|375/382|[from] item: Leftovers
|turn|5
|
|move|p2a: Rotom-Wash|Hydro Pump|p1a: Golurk
|-supereffective|p1a: Golurk
|-damage|p1a: Golurk|33/382
|move|p1a: Golurk|Stealth Rock|p2a: Rotom-Wash
|-sidestart|p2: Ubatuba|move: Stealth Rock
|
|-heal|p1a: Golurk|56/382|[from] item: Leftovers
|turn|6
|
|move|p1a: Golurk|Protect|p1a: Golurk
|-singleturn|p1a: Golurk|Protect
|move|p2a: Rotom-Wash|Hydro Pump|p1a: Golurk
|-activate|p1a: Golurk|Protect
|
|-heal|p1a: Golurk|79/382|[from] item: Leftovers
|turn|7
|
|switch|p1a: Suicune|Suicune|364/401
|-ability|p1a: Suicune|Pressure
|move|p2a: Rotom-Wash|Hydro Pump|p1a: Suicune|[miss]
|-miss|p2a: Rotom-Wash|p1a: Suicune
|
|-heal|p1a: Suicune|389/401|[from] item: Leftovers
|turn|8
|
|switch|p1a: Mienshao|Mienshao, F|271/271
|move|p2a: Rotom-Wash|Volt Switch|p1a: Mienshao
|-crit|p1a: Mienshao
|-damage|p1a: Mienshao|13/271
|
|switch|p2a: Tyranitar|Tyranitar, F|404/404
|-damage|p2a: Tyranitar|354/404|[from] Stealth Rock
|-weather|Sandstorm|[from] ability: Sand Stream|[of] p2a: Tyranitar
|
|-weather|Sandstorm|[upkeep]
|-damage|p1a: Mienshao|0 fnt|[from] sandstorm
|faint|p1a: Mienshao
|
|switch|p1a: Heracross|Heracross, F|311/311
|turn|9
|
|switch|p2a: Landorus-Therian|Landorus-Therian, M|291/319
|-damage|p2a: Landorus-Therian|252/319|[from] Stealth Rock
|-ability|p2a: Landorus-Therian|Intimidate|[of] p1a: Heracross
|-unboost|p1a: Heracross|atk|1
|move|p1a: Heracross|Megahorn|p2a: Landorus-Therian|[miss]
|-miss|p1a: Heracross|p2a: Landorus-Therian
|
|-weather|Sandstorm|[upkeep]
|-damage|p1a: Heracross|292/311|[from] sandstorm
|turn|10
|
|move|p2a: Landorus-Therian|U-turn|p1a: Heracross
|-resisted|p1a: Heracross
|-damage|p1a: Heracross|239/311
|
|switch|p2a: Scizor|Scizor, F, shiny|341/341
|-damage|p2a: Scizor|299/341|[from] Stealth Rock
|move|p1a: Heracross|Megahorn|p2a: Scizor
|-resisted|p2a: Scizor
|-damage|p2a: Scizor|188/341
|
|-weather|Sandstorm|[upkeep]
|-damage|p1a: Heracross|220/311|[from] sandstorm
|turn|11
|
|switch|p1a: Golurk|Golurk|79/382
|move|p2a: Scizor|U-turn|p1a: Golurk
|-resisted|p1a: Golurk
|-damage|p1a: Golurk|0 fnt
|faint|p1a: Golurk
|
|switch|p2a: Rotom-Wash|Rotom-Wash, shiny|304/304
|-damage|p2a: Rotom-Wash|266/304|[from] Stealth Rock
|
|-weather|Sandstorm|[upkeep]
|-damage|p2a: Rotom-Wash|247/304|[from] sandstorm
|-heal|p2a: Rotom-Wash|266/304|[from] item: Leftovers
|
|switch|p1a: Heracross|Heracross, F|220/311
|turn|12
|
|move|p1a: Heracross|Megahorn|p2a: Rotom-Wash
|-damage|p2a: Rotom-Wash|0 fnt
|faint|p2a: Rotom-Wash
|
|-weather|Sandstorm|[upkeep]
|-damage|p1a: Heracross|201/311|[from] sandstorm
|
|switch|p2a: Scizor|Scizor, F, shiny|188/341
|-damage|p2a: Scizor|146/341|[from] Stealth Rock
|turn|13
|
|switch|p1a: Suicune|Suicune|389/401
|-ability|p1a: Suicune|Pressure
|move|p2a: Scizor|Bullet Punch|p1a: Suicune
|-resisted|p1a: Suicune
|-damage|p1a: Suicune|332/401
|
|-weather|Sandstorm|[upkeep]
|-damage|p1a: Suicune|307/401|[from] sandstorm
|-heal|p1a: Suicune|332/401|[from] item: Leftovers
|turn|14
|
|switch|p2a: Celebi|Celebi|404/404
|-damage|p2a: Celebi|354/404|[from] Stealth Rock
|move|p1a: Suicune|Scald|p2a: Celebi
|-resisted|p2a: Celebi
|-damage|p2a: Celebi|320/404
|-status|p2a: Celebi|brn
|
|-weather|Sandstorm|[upkeep]
|-damage|p2a: Celebi|295/404 brn|[from] sandstorm
|-damage|p1a: Suicune|307/401|[from] sandstorm
|-heal|p2a: Celebi|320/404 brn|[from] item: Leftovers
|-heal|p1a: Suicune|332/401|[from] item: Leftovers
|-damage|p2a: Celebi|270/404 brn|[from] brn
|turn|15
|
|switch|p1a: Mew|Mew|401/401
|move|p2a: Celebi|Baton Pass|p2a: Celebi
|
|switch|p2a: Landorus-Therian|Landorus-Therian, M|252/319
|-damage|p2a: Landorus-Therian|213/319|[from] Stealth Rock
|-ability|p2a: Landorus-Therian|Intimidate|[of] p1a: Mew
|-unboost|p1a: Mew|atk|1
|
|-weather|Sandstorm|[upkeep]
|-damage|p1a: Mew|376/401|[from] sandstorm
|-heal|p1a: Mew|401/401|[from] item: Leftovers
|turn|16
|
|move|p2a: Landorus-Therian|U-turn|p1a: Mew
|-supereffective|p1a: Mew
|-damage|p1a: Mew|227/401
|
|switch|p2a: Xatu|Xatu, M|334/334
|-damage|p2a: Xatu|251/334|[from] Stealth Rock
|move|p1a: Mew|Aura Sphere|p2a: Xatu
|-resisted|p2a: Xatu
|-damage|p2a: Xatu|234/334
|
|-weather|Sandstorm|[upkeep]
|-damage|p1a: Mew|202/401|[from] sandstorm
|-damage|p2a: Xatu|214/334|[from] sandstorm
|-heal|p1a: Mew|227/401|[from] item: Leftovers
|-heal|p2a: Xatu|234/334|[from] item: Leftovers
|turn|17
|
|move|p1a: Mew|Dark Pulse|p2a: Xatu
|-supereffective|p2a: Xatu
|-damage|p2a: Xatu|96/334
|move|p2a: Xatu|U-turn|p1a: Mew
|-supereffective|p1a: Mew
|-damage|p1a: Mew|147/401
|
|switch|p2a: Landorus-Therian|Landorus-Therian, M|213/319
|-damage|p2a: Landorus-Therian|174/319|[from] Stealth Rock
|-ability|p2a: Landorus-Therian|Intimidate|[of] p1a: Mew
|-unboost|p1a: Mew|atk|1
|
|-weather|Sandstorm|[upkeep]
|-damage|p1a: Mew|122/401|[from] sandstorm
|-heal|p1a: Mew|147/401|[from] item: Leftovers
|turn|18
|
|move|p2a: Landorus-Therian|U-turn|p1a: Mew
|-supereffective|p1a: Mew
|-damage|p1a: Mew|0 fnt
|faint|p1a: Mew
|
|switch|p2a: Xatu|Xatu, M|96/334
|-damage|p2a: Xatu|13/334|[from] Stealth Rock
|
|-weather|Sandstorm|[upkeep]
|-damage|p2a: Xatu|0 fnt|[from] sandstorm
|faint|p2a: Xatu
|
|switch|p1a: Weavile|Weavile, M|301/301
|switch|p2a: Tyranitar|Tyranitar, F|354/404
|-damage|p2a: Tyranitar|304/404|[from] Stealth Rock
|-ability|p1a: Weavile|Pressure
|turn|19
|
|move|p1a: Weavile|Low Kick|p2a: Tyranitar
|-supereffective|p2a: Tyranitar
|-enditem|p2a: Tyranitar|Chople Berry|[eat]
|-damage|p2a: Tyranitar|0 fnt
|-damage|p1a: Weavile|271/301|[from] item: Life Orb
|faint|p2a: Tyranitar
|
|-weather|Sandstorm|[upkeep]
|-damage|p1a: Weavile|253/301|[from] sandstorm
|
|switch|p2a: Scizor|Scizor, F, shiny|146/341
|-damage|p2a: Scizor|104/341|[from] Stealth Rock
|turn|20
|
|switch|p1a: Suicune|Suicune|332/401
|-ability|p1a: Suicune|Pressure
|move|p2a: Scizor|Bullet Punch|p1a: Suicune
|-resisted|p1a: Suicune
|-damage|p1a: Suicune|278/401
|
|-weather|Sandstorm|[upkeep]
|-damage|p1a: Suicune|253/401|[from] sandstorm
|-heal|p1a: Suicune|278/401|[from] item: Leftovers
|turn|21
|
|switch|p1a: Heracross|Heracross, F|201/311
|switch|p2a: Celebi|Celebi|270/404
|-damage|p2a: Celebi|220/404|[from] Stealth Rock
|
|-weather|Sandstorm|[upkeep]
|-damage|p1a: Heracross|182/311|[from] sandstorm
|-damage|p2a: Celebi|195/404|[from] sandstorm
|-heal|p2a: Celebi|220/404|[from] item: Leftovers
|turn|22
|
|switch|p2a: Landorus-Therian|Landorus-Therian, M|174/319
|-damage|p2a: Landorus-Therian|135/319|[from] Stealth Rock
|-ability|p2a: Landorus-Therian|Intimidate|[of] p1a: Heracross
|-unboost|p1a: Heracross|atk|1
|move|p1a: Heracross|Megahorn|p2a: Landorus-Therian
|-resisted|p2a: Landorus-Therian
|-damage|p2a: Landorus-Therian|8/319
|
|-weather|Sandstorm|[upkeep]
|-damage|p1a: Heracross|163/311|[from] sandstorm
|turn|23
|
|move|p2a: Landorus-Therian|Earthquake|p1a: Heracross
|-resisted|p1a: Heracross
|-damage|p1a: Heracross|44/311
|move|p1a: Heracross|Megahorn|p2a: Landorus-Therian|[miss]
|-miss|p1a: Heracross|p2a: Landorus-Therian
|
|-weather|Sandstorm|[upkeep]
|-damage|p1a: Heracross|25/311|[from] sandstorm
|turn|24
|
|switch|p1a: Suicune|Suicune|278/401
|-ability|p1a: Suicune|Pressure
|move|p2a: Landorus-Therian|Earthquake|p1a: Suicune
|-damage|p1a: Suicune|154/401
|
|-weather|Sandstorm|[upkeep]
|-damage|p1a: Suicune|129/401|[from] sandstorm
|-heal|p1a: Suicune|154/401|[from] item: Leftovers
|turn|25
|
|move|p2a: Landorus-Therian|Earthquake|p1a: Suicune
|-damage|p1a: Suicune|31/401
|move|p1a: Suicune|Rest|p1a: Suicune
|-status|p1a: Suicune|slp
|-heal|p1a: Suicune|401/401 slp|[silent]
|-status|p1a: Suicune|slp|[from] move: Rest
|
|-weather|Sandstorm|[upkeep]
|-damage|p1a: Suicune|376/401 slp|[from] sandstorm
|-heal|p1a: Suicune|401/401 slp|[from] item: Leftovers
|turn|26
|
|switch|p2a: Celebi|Celebi|220/404
|-damage|p2a: Celebi|170/404|[from] Stealth Rock
|cant|p1a: Suicune|slp
|move|p1a: Suicune|Sleep Talk|p1a: Suicune
|move|p1a: Suicune|Scald|p2a: Celebi|[from]Sleep Talk
|-resisted|p2a: Celebi
|-damage|p2a: Celebi|140/404
|
|-weather|Sandstorm|[upkeep]
|-damage|p2a: Celebi|115/404|[from] sandstorm
|-damage|p1a: Suicune|376/401 slp|[from] sandstorm
|-heal|p2a: Celebi|140/404|[from] item: Leftovers
|-heal|p1a: Suicune|401/401 slp|[from] item: Leftovers
|turn|27
|
|switch|p1a: Heracross|Heracross, F|25/311
|move|p2a: Celebi|Recover|p2a: Celebi
|-heal|p2a: Celebi|342/404
|
|-weather|Sandstorm|[upkeep]
|-damage|p1a: Heracross|6/311|[from] sandstorm
|-damage|p2a: Celebi|317/404|[from] sandstorm
|-heal|p2a: Celebi|342/404|[from] item: Leftovers
|turn|28
|
|switch|p1a: Weavile|Weavile, M|253/301
|-ability|p1a: Weavile|Pressure
|switch|p2a: Landorus-Therian|Landorus-Therian, M|8/319
|-damage|p2a: Landorus-Therian|0 fnt|[from] Stealth Rock
|faint|p2a: Landorus-Therian
|
|-weather|Sandstorm|[upkeep]
|-damage|p1a: Weavile|235/301|[from] sandstorm
|
|switch|p2a: Scizor|Scizor, F, shiny|104/341
|-damage|p2a: Scizor|62/341|[from] Stealth Rock
|turn|29
|
|switch|p1a: Heracross|Heracross, F|6/311
|move|p2a: Scizor|U-turn|p1a: Heracross
|-resisted|p1a: Heracross
|-damage|p1a: Heracross|0 fnt
|faint|p1a: Heracross
|
|switch|p2a: Celebi|Celebi|342/404
|-damage|p2a: Celebi|292/404|[from] Stealth Rock
|
|-weather|Sandstorm|[upkeep]
|-damage|p2a: Celebi|267/404|[from] sandstorm
|-heal|p2a: Celebi|292/404|[from] item: Leftovers
|
|switch|p1a: Weavile|Weavile, M|235/301
|-ability|p1a: Weavile|Pressure
|turn|30
|
|move|p1a: Weavile|Night Slash|p2a: Celebi
|-supereffective|p2a: Celebi
|-damage|p2a: Celebi|0 fnt
|-damage|p1a: Weavile|205/301|[from] item: Life Orb
|faint|p2a: Celebi
|
|-weather|Sandstorm|[upkeep]
|-damage|p1a: Weavile|187/301|[from] sandstorm
|
|switch|p2a: Scizor|Scizor, F, shiny|62/341
|-damage|p2a: Scizor|20/341|[from] Stealth Rock
|turn|31
|
|move|p1a: Weavile|Ice Shard|p2a: Scizor
|-resisted|p2a: Scizor
|-damage|p2a: Scizor|0 fnt
|-damage|p1a: Weavile|157/301|[from] item: Life Orb
|faint|p2a: Scizor
|
|win|ANGER MANAGEMENT
|raw|Ladder updating...
|raw|ANGER MANAGEMENT's rating: 1327 &rarr; <strong>1351</strong><br />(+24 for winning)
|raw|Ubatuba's rating: 1400 &rarr; <strong>1376</strong><br />(-24 for losing)