|j|☆Salutethewolf
|j|☆lazyhrpseal
|t:|1746259693
|gametype|singles
|player|p1|Salutethewolf|hugh|1333
|player|p2|lazyhrpseal|preschoolerf|1375
|teamsize|p1|6
|teamsize|p2|6
|gen|5
|tier|[Gen 5] OU
|rated|
|rule|Species Clause: Limit one of each Pokémon
|rule|OHKO Clause: OHKO moves are banned
|rule|Moody Clause: Moody is banned
|rule|Evasion Items Clause: Evasion items are banned
|rule|Evasion Moves Clause: Evasion moves are banned
|rule|Endless Battle Clause: Forcing endless battles is banned
|rule|HP Percentage Mod: HP is shown in percentages
|rule|Evasion Abilities Clause: Evasion abilities are banned
|rule|Sleep Moves Clause: Sleep-inducing moves are banned
|rule|Swagger Clause: Swagger is banned
|rule|Baton Pass Stat Clause: No Baton Passer may have a way to boost its stats
|clearpoke
|poke|p1|Ambipom, M|item
|poke|p1|Garchomp, F|item
|poke|p1|Starmie|item
|poke|p1|Latios, M|item
|poke|p1|Skarmory, M|item
|poke|p1|Jellicent, M|item
|poke|p2|Forretress, M|item
|poke|p2|Blissey, F|item
|poke|p2|Tyranitar, F|item
|poke|p2|Xatu, F|item
|poke|p2|Jellicent, M|item
|poke|p2|Gliscor, M|item
|teampreview
|inactive|Battle timer is ON: inactive players will automatically lose when time's up. (requested by Salutethewolf)
|
|t:|1746259717
|start
|switch|p1a: Latios|Latios, M, shiny|100/100
|switch|p2a: Xatu|Xatu, F|100/100
|turn|1
|
|t:|1746259739
|switch|p2a: Blissey|Blissey, F|100/100
|move|p1a: Latios|Trick|p2a: Blissey
|-activate|p1a: Latios|move: Trick|[of] p2a: Blissey
|-item|p2a: Blissey|Choice Scarf|[from] move: Trick
|-item|p1a: Latios|Leftovers|[from] move: Trick
|
|upkeep
|turn|2
|
|t:|1746259747
|switch|p1a: Starmie|Starmie, shiny|100/100
|move|p2a: Blissey|Stealth Rock|p1a: Starmie
|-sidestart|p1: Salutethewolf|move: Stealth Rock
|
|upkeep
|turn|3
|
|t:|1746259753
|switch|p2a: Tyranitar|Tyranitar, F|100/100
|-weather|Sandstorm|[from] ability: Sand Stream|[of] p2a: Tyranitar
|move|p1a: Starmie|Toxic|p2a: Tyranitar
|-status|p2a: Tyranitar|tox
|
|-weather|Sandstorm|[upkeep]
|-damage|p1a: Starmie|94/100|[from] Sandstorm
|-heal|p1a: Starmie|100/100|[from] item: Leftovers
|-damage|p2a: Tyranitar|94/100 tox|[from] psn
|upkeep
|turn|4
|
|t:|1746259765
|switch|p1a: Skarmory|Skarmory, M, shiny|100/100
|-damage|p1a: Skarmory|88/100|[from] Stealth Rock
|move|p2a: Tyranitar|Crunch|p1a: Skarmory
|-resisted|p1a: Skarmory
|-damage|p1a: Skarmory|76/100
|-unboost|p1a: Skarmory|def|1
|-damage|p2a: Tyranitar|78/100 tox|[from] item: Rocky Helmet|[of] p1a: Skarmory
|
|-weather|Sandstorm|[upkeep]
|-damage|p2a: Tyranitar|66/100 tox|[from] psn
|upkeep
|turn|5
|
|t:|1746259781
|switch|p2a: Xatu|Xatu, F|100/100
|switch|p1a: Garchomp|Garchomp, F, shiny|100/100
|-damage|p1a: Garchomp|94/100|[from] Stealth Rock
|
|-weather|Sandstorm|[upkeep]
|-damage|p2a: Xatu|95/100|[from] Sandstorm
|upkeep
|turn|6
|
|t:|1746259790
|move|p1a: Garchomp|Draco Meteor|p2a: Xatu
|-damage|p2a: Xatu|5/100
|-unboost|p1a: Garchomp|spa|2
|-damage|p1a: Garchomp|85/100|[from] item: Life Orb
|move|p2a: Xatu|Reflect|p2a: Xatu
|-sidestart|p2: lazyhrpseal|Reflect
|
|-weather|Sandstorm|[upkeep]
|-damage|p2a: Xatu|0 fnt|[from] Sandstorm
|faint|p2a: Xatu
|upkeep
|
|t:|1746259800
|switch|p2a: Gliscor|Gliscor, M|100/100
|turn|7
|
|t:|1746259804
|move|p1a: Garchomp|Stealth Rock|p2a: Gliscor
|-sidestart|p2: lazyhrpseal|move: Stealth Rock
|move|p2a: Gliscor|Swords Dance|p2a: Gliscor
|-boost|p2a: Gliscor|atk|2
|
|-weather|Sandstorm|[upkeep]
|-status|p2a: Gliscor|tox|[from] item: Toxic Orb
|upkeep
|turn|8
|
|t:|1746259813
|switch|p1a: Skarmory|Skarmory, M, shiny|76/100
|-damage|p1a: Skarmory|63/100|[from] Stealth Rock
|move|p2a: Gliscor|Ice Fang|p1a: Skarmory
|-damage|p1a: Skarmory|45/100
|-damage|p2a: Gliscor|84/100 tox|[from] item: Rocky Helmet|[of] p1a: Skarmory
|
|-weather|Sandstorm|[upkeep]
|-heal|p2a: Gliscor|97/100 tox|[from] ability: Poison Heal
|upkeep
|turn|9
|
|t:|1746259824
|move|p2a: Gliscor|Swords Dance|p2a: Gliscor
|-boost|p2a: Gliscor|atk|2
|move|p1a: Skarmory|Roost|p1a: Skarmory
|-heal|p1a: Skarmory|95/100
|-singleturn|p1a: Skarmory|move: Roost
|
|-weather|Sandstorm|[upkeep]
|-heal|p2a: Gliscor|100/100 tox|[from] ability: Poison Heal
|upkeep
|turn|10
|
|t:|1746259835
|move|p2a: Gliscor|Ice Fang|p1a: Skarmory
|-damage|p1a: Skarmory|71/100
|-damage|p2a: Gliscor|84/100 tox|[from] item: Rocky Helmet|[of] p1a: Skarmory
|move|p1a: Skarmory|Spikes|p2a: Gliscor
|-sidestart|p2: lazyhrpseal|Spikes
|
|-weather|Sandstorm|[upkeep]
|-heal|p2a: Gliscor|97/100 tox|[from] ability: Poison Heal
|-sideend|p2: lazyhrpseal|Reflect
|upkeep
|turn|11
|
|t:|1746259844
|move|p2a: Gliscor|Ice Fang|p1a: Skarmory
|-crit|p1a: Skarmory
|-damage|p1a: Skarmory|16/100
|-damage|p2a: Gliscor|80/100 tox|[from] item: Rocky Helmet|[of] p1a: Skarmory
|move|p1a: Skarmory|Roost|p1a: Skarmory
|-heal|p1a: Skarmory|66/100
|-singleturn|p1a: Skarmory|move: Roost
|
|-weather|Sandstorm|[upkeep]
|-heal|p2a: Gliscor|93/100 tox|[from] ability: Poison Heal
|upkeep
|turn|12
|
|t:|1746259856
|move|p2a: Gliscor|Swords Dance|p2a: Gliscor
|-boost|p2a: Gliscor|atk|2
|move|p1a: Skarmory|Roost|p1a: Skarmory
|-heal|p1a: Skarmory|100/100
|-singleturn|p1a: Skarmory|move: Roost
|
|-weather|Sandstorm|[upkeep]
|-heal|p2a: Gliscor|100/100 tox|[from] ability: Poison Heal
|upkeep
|turn|13
|
|t:|1746259866
|move|p2a: Gliscor|Ice Fang|p1a: Skarmory
|-damage|p1a: Skarmory|66/100
|-damage|p2a: Gliscor|84/100 tox|[from] item: Rocky Helmet|[of] p1a: Skarmory
|move|p1a: Skarmory|Spikes|p2a: Gliscor
|-sidestart|p2: lazyhrpseal|Spikes
|
|-weather|Sandstorm|[upkeep]
|-heal|p2a: Gliscor|97/100 tox|[from] ability: Poison Heal
|upkeep
|turn|14
|
|t:|1746259875
|move|p2a: Gliscor|Ice Fang|p1a: Skarmory|[miss]
|-miss|p2a: Gliscor|p1a: Skarmory
|move|p1a: Skarmory|Roost|p1a: Skarmory
|-heal|p1a: Skarmory|100/100
|-singleturn|p1a: Skarmory|move: Roost
|
|-weather|Sandstorm|[upkeep]
|-heal|p2a: Gliscor|100/100 tox|[from] ability: Poison Heal
|upkeep
|turn|15
|
|t:|1746259887
|move|p2a: Gliscor|Ice Fang|p1a: Skarmory
|-damage|p1a: Skarmory|68/100
|-damage|p2a: Gliscor|84/100 tox|[from] item: Rocky Helmet|[of] p1a: Skarmory
|move|p1a: Skarmory|Spikes|p2a: Gliscor
|-sidestart|p2: lazyhrpseal|Spikes
|
|-weather|Sandstorm|[upkeep]
|-heal|p2a: Gliscor|97/100 tox|[from] ability: Poison Heal
|upkeep
|turn|16
|
|t:|1746259897
|move|p2a: Gliscor|Ice Fang|p1a: Skarmory
|-damage|p1a: Skarmory|35/100
|-damage|p2a: Gliscor|80/100 tox|[from] item: Rocky Helmet|[of] p1a: Skarmory
|move|p1a: Skarmory|Roost|p1a: Skarmory
|-heal|p1a: Skarmory|85/100
|-singleturn|p1a: Skarmory|move: Roost
|
|-weather|Sandstorm|[upkeep]
|-heal|p2a: Gliscor|93/100 tox|[from] ability: Poison Heal
|upkeep
|turn|17
|
|t:|1746259909
|move|p2a: Gliscor|Ice Fang|p1a: Skarmory
|-damage|p1a: Skarmory|53/100
|-status|p1a: Skarmory|frz
|-damage|p2a: Gliscor|76/100 tox|[from] item: Rocky Helmet|[of] p1a: Skarmory
|-curestatus|p1a: Skarmory|frz|[msg]
|move|p1a: Skarmory|Roost|p1a: Skarmory
|-heal|p1a: Skarmory|100/100
|-singleturn|p1a: Skarmory|move: Roost
|
|-weather|Sandstorm|[upkeep]
|-heal|p2a: Gliscor|89/100 tox|[from] ability: Poison Heal
|upkeep
|turn|18
|
|t:|1746259922
|move|p2a: Gliscor|Ice Fang|p1a: Skarmory
|-damage|p1a: Skarmory|65/100
|-damage|p2a: Gliscor|72/100 tox|[from] item: Rocky Helmet|[of] p1a: Skarmory
|move|p1a: Skarmory|Brave Bird|p2a: Gliscor
|-damage|p2a: Gliscor|47/100 tox
|-damage|p1a: Skarmory|56/100|[from] Recoil
|
|-weather|Sandstorm|[upkeep]
|-heal|p2a: Gliscor|59/100 tox|[from] ability: Poison Heal
|upkeep
|turn|19
|
|t:|1746259933
|move|p2a: Gliscor|Ice Fang|p1a: Skarmory
|-damage|p1a: Skarmory|24/100
|-damage|p2a: Gliscor|43/100 tox|[from] item: Rocky Helmet|[of] p1a: Skarmory
|move|p1a: Skarmory|Roost|p1a: Skarmory
|-heal|p1a: Skarmory|74/100
|-singleturn|p1a: Skarmory|move: Roost
|
|-weather|Sandstorm|[upkeep]
|-heal|p2a: Gliscor|55/100 tox|[from] ability: Poison Heal
|upkeep
|turn|20
|
|t:|1746259945
|move|p2a: Gliscor|Ice Fang|p1a: Skarmory
|-damage|p1a: Skarmory|41/100
|-damage|p2a: Gliscor|39/100 tox|[from] item: Rocky Helmet|[of] p1a: Skarmory
|move|p1a: Skarmory|Brave Bird|p2a: Gliscor
|-damage|p2a: Gliscor|12/100 tox
|-damage|p1a: Skarmory|32/100|[from] Recoil
|
|-weather|Sandstorm|[upkeep]
|-heal|p2a: Gliscor|25/100 tox|[from] ability: Poison Heal
|upkeep
|turn|21
|
|t:|1746259956
|move|p2a: Gliscor|Ice Fang|p1a: Skarmory
|-damage|p1a: Skarmory|0 fnt
|-damage|p2a: Gliscor|8/100 tox|[from] item: Rocky Helmet|[of] p1a: Skarmory
|faint|p1a: Skarmory
|
|-weather|Sandstorm|[upkeep]
|-heal|p2a: Gliscor|21/100 tox|[from] ability: Poison Heal
|upkeep
|
|t:|1746259970
|switch|p1a: Garchomp|Garchomp, F, shiny|85/100
|-damage|p1a: Garchomp|78/100|[from] Stealth Rock
|turn|22
|
|t:|1746259974
|switch|p2a: Forretress|Forretress, M|100/100
|-damage|p2a: Forretress|88/100|[from] Stealth Rock
|-damage|p2a: Forretress|63/100|[from] Spikes
|move|p1a: Garchomp|Draco Meteor|p2a: Forretress
|-resisted|p2a: Forretress
|-damage|p2a: Forretress|15/100
|-unboost|p1a: Garchomp|spa|2
|-damage|p1a: Garchomp|69/100|[from] item: Life Orb
|
|-weather|Sandstorm|[upkeep]
|-heal|p2a: Forretress|21/100|[from] item: Leftovers
|upkeep
|turn|23
|
|t:|1746259988
|move|p1a: Garchomp|Fire Blast|p2a: Forretress
|-supereffective|p2a: Forretress
|-damage|p2a: Forretress|0 fnt
|faint|p2a: Forretress
|-damage|p1a: Garchomp|59/100|[from] item: Life Orb
|
|-weather|Sandstorm|[upkeep]
|upkeep
|
|t:|1746259992
|switch|p2a: Tyranitar|Tyranitar, F|66/100 tox
|-damage|p2a: Tyranitar|53/100 tox|[from] Stealth Rock
|-damage|p2a: Tyranitar|28/100 tox|[from] Spikes
|turn|24
|
|t:|1746260007
|switch|p1a: Starmie|Starmie, shiny|100/100
|-damage|p1a: Starmie|88/100|[from] Stealth Rock
|move|p2a: Tyranitar|Ice Beam|p1a: Starmie
|-resisted|p1a: Starmie
|-damage|p1a: Starmie|75/100
|
|-weather|Sandstorm|[upkeep]
|-damage|p1a: Starmie|69/100|[from] Sandstorm
|-heal|p1a: Starmie|75/100|[from] item: Leftovers
|-damage|p2a: Tyranitar|22/100 tox|[from] psn
|upkeep
|turn|25
|
|t:|1746260020
|move|p2a: Tyranitar|Ice Beam|p1a: Starmie
|-resisted|p1a: Starmie
|-damage|p1a: Starmie|62/100
|move|p1a: Starmie|Scald|p2a: Tyranitar
|-supereffective|p2a: Tyranitar
|-damage|p2a: Tyranitar|0 fnt
|faint|p2a: Tyranitar
|
|-weather|Sandstorm|[upkeep]
|-damage|p1a: Starmie|56/100|[from] Sandstorm
|-heal|p1a: Starmie|62/100|[from] item: Leftovers
|upkeep
|
|t:|1746260024
|switch|p2a: Blissey|Blissey, F|100/100
|-damage|p2a: Blissey|88/100|[from] Stealth Rock
|-damage|p2a: Blissey|63/100|[from] Spikes
|turn|26
|
|t:|1746260036
|move|p1a: Starmie|Rapid Spin|p2a: Blissey
|-damage|p2a: Blissey|60/100
|-sideend|p1: Salutethewolf|Stealth Rock|[from] move: Rapid Spin|[of] p1a: Starmie
|move|p2a: Blissey|Soft-Boiled|p2a: Blissey
|-heal|p2a: Blissey|100/100
|
|-weather|Sandstorm|[upkeep]
|-damage|p1a: Starmie|56/100|[from] Sandstorm
|-damage|p2a: Blissey|94/100|[from] Sandstorm
|-heal|p1a: Starmie|62/100|[from] item: Leftovers
|upkeep
|turn|27
|-message|lazyhrpseal forfeited.
|
|win|Salutethewolf
|raw|Salutethewolf's rating: 1333 &rarr; <strong>1355</strong><br />(+22 for winning)
|raw|lazyhrpseal's rating: 1375 &rarr; <strong>1353</strong><br />(-22 for losing)
|l|☆lazyhrpseal
|player|p2|
