|j|☆Pokemon Master JL
|j|☆HydreigonSpammer
|t:|1735430792
|gametype|singles
|player|p1|Pokemon Master JL|dawn|1297
|player|p2|HydreigonSpammer|acetrainer|1372
|teamsize|p1|6
|teamsize|p2|6
|gen|5
|tier|[Gen 5] OU
|rated|
|rule|Species Clause: Limit one of each Pokémon
|rule|OHKO Clause: OHKO moves are banned
|rule|Moody Clause: Moody is banned
|rule|Evasion Items Clause: Evasion items are banned
|rule|Evasion Moves Clause: Evasion moves are banned
|rule|Endless Battle Clause: Forcing endless battles is banned
|rule|HP Percentage Mod: HP is shown in percentages
|rule|Evasion Abilities Clause: Evasion abilities are banned
|rule|Sleep Moves Clause: Sleep-inducing moves are banned
|rule|Swagger Clause: Swagger is banned
|rule|Baton Pass Stat Clause: No Baton Passer may have a way to boost its stats
|clearpoke
|poke|p1|Lanturn, F|item
|poke|p1|Skarmory, F|item
|poke|p1|Rotom-Wash|item
|poke|p1|Landorus-Therian, M|item
|poke|p1|Porygon2|item
|poke|p1|Conkeldurr, F|item
|poke|p2|Hippowdon, F|item
|poke|p2|Forretress, M|item
|poke|p2|Heatran, F|item
|poke|p2|Hydreigon, F|item
|poke|p2|Latios, M|item
|poke|p2|Alakazam, F|item
|teampreview
|
|t:|1735430805
|start
|switch|p1a: Mariana|Lanturn, F|100/100
|switch|p2a: Hydreigon|Hydreigon, F, shiny|100/100
|turn|1
|
|t:|1735430818
|move|p2a: Hydreigon|Draco Meteor|p1a: Mariana
|-damage|p1a: Mariana|36/100
|-unboost|p2a: Hydreigon|spa|2
|move|p1a: Mariana|Substitute|p1a: Mariana
|-start|p1a: Mariana|Substitute
|-damage|p1a: Mariana|11/100
|
|-heal|p1a: Mariana|17/100|[from] item: Leftovers
|upkeep
|turn|2
|
|t:|1735430835
|move|p2a: Hydreigon|Draco Meteor|p1a: Mariana
|-end|p1a: Mariana|Substitute
|-unboost|p2a: Hydreigon|spa|2
|move|p1a: Mariana|Thunder Wave|p2a: Hydreigon
|-status|p2a: Hydreigon|par
|
|-heal|p1a: Mariana|23/100|[from] item: Leftovers
|upkeep
|turn|3
|
|t:|1735430845
|switch|p2a: Hippowdon|Hippowdon, F|100/100
|-weather|Sandstorm|[from] ability: Sand Stream|[of] p2a: Hippowdon
|move|p1a: Mariana|Charge Beam|p2a: Hippowdon
|-immune|p2a: Hippowdon
|
|-weather|Sandstorm|[upkeep]
|-damage|p1a: Mariana|17/100|[from] Sandstorm
|-heal|p1a: Mariana|23/100|[from] item: Leftovers
|upkeep
|turn|4
|
|t:|1735430855
|move|p1a: Mariana|Hydro Pump|p2a: Hippowdon
|-supereffective|p2a: Hippowdon
|-damage|p2a: Hippowdon|27/100
|move|p2a: Hippowdon|Stealth Rock|p1a: Mariana
|-sidestart|p1: Pokemon Master JL|move: Stealth Rock
|
|-weather|Sandstorm|[upkeep]
|-damage|p1a: Mariana|17/100|[from] Sandstorm
|-heal|p1a: Mariana|23/100|[from] item: Leftovers
|-heal|p2a: Hippowdon|33/100|[from] item: Leftovers
|upkeep
|turn|5
|
|t:|1735430882
|switch|p2a: Hydreigon|Hydreigon, F, shiny|100/100 par
|move|p1a: Mariana|Hydro Pump|p2a: Hydreigon
|-resisted|p2a: Hydreigon
|-damage|p2a: Hydreigon|82/100 par
|
|-weather|Sandstorm|[upkeep]
|-damage|p1a: Mariana|17/100|[from] Sandstorm
|-damage|p2a: Hydreigon|76/100 par|[from] Sandstorm
|-heal|p1a: Mariana|23/100|[from] item: Leftovers
|upkeep
|turn|6
|
|t:|1735430891
|move|p1a: Mariana|Charge Beam|p2a: Hydreigon
|-resisted|p2a: Hydreigon
|-crit|p2a: Hydreigon
|-damage|p2a: Hydreigon|59/100 par
|-boost|p1a: Mariana|spa|1
|move|p2a: Hydreigon|Dark Pulse|p1a: Mariana
|-damage|p1a: Mariana|0 fnt
|faint|p1a: Mariana
|
|-weather|Sandstorm|[upkeep]
|-damage|p2a: Hydreigon|53/100 par|[from] Sandstorm
|upkeep
|
|t:|1735430901
|switch|p1a: Alethia|Skarmory, F|100/100
|-damage|p1a: Alethia|88/100|[from] Stealth Rock
|turn|7
|
|t:|1735430913
|switch|p2a: Heatran|Heatran, F|100/100
|move|p1a: Alethia|Substitute|p1a: Alethia
|-start|p1a: Alethia|Substitute
|-damage|p1a: Alethia|63/100
|
|-weather|Sandstorm|[upkeep]
|-heal|p1a: Alethia|69/100|[from] item: Leftovers
|upkeep
|turn|8
|
|t:|1735430921
|move|p2a: Heatran|Lava Plume|p1a: Alethia
|-supereffective|p1a: Alethia
|-end|p1a: Alethia|Substitute
|move|p1a: Alethia|Spikes|p2a: Heatran
|-sidestart|p2: HydreigonSpammer|Spikes
|
|-weather|Sandstorm|[upkeep]
|-heal|p1a: Alethia|75/100|[from] item: Leftovers
|upkeep
|turn|9
|
|t:|1735430928
|switch|p1a: Kenny|Porygon2, shiny|100/100
|-damage|p1a: Kenny|88/100|[from] Stealth Rock
|-ability|p1a: Kenny|Flash Fire|[from] ability: Trace|[of] p2a: Heatran
|move|p2a: Heatran|Lava Plume|p1a: Kenny
|-start|p1a: Kenny|ability: Flash Fire
|
|-weather|Sandstorm|[upkeep]
|-damage|p1a: Kenny|82/100|[from] Sandstorm
|upkeep
|turn|10
|
|t:|1735430938
|move|p2a: Heatran|Toxic|p1a: Kenny
|-status|p1a: Kenny|tox
|move|p1a: Kenny|Thunder Wave|p2a: Heatran
|-status|p2a: Heatran|par
|
|-weather|Sandstorm|[upkeep]
|-damage|p1a: Kenny|76/100 tox|[from] Sandstorm
|-damage|p1a: Kenny|70/100 tox|[from] psn
|upkeep
|turn|11
|
|t:|1735430949
|switch|p2a: Forretress|Forretress, M|100/100
|-damage|p2a: Forretress|88/100|[from] Spikes
|move|p1a: Kenny|Charge Beam|p2a: Forretress
|-damage|p2a: Forretress|77/100
|-boost|p1a: Kenny|spa|1
|
|-weather|Sandstorm|[upkeep]
|-damage|p1a: Kenny|64/100 tox|[from] Sandstorm
|-heal|p2a: Forretress|83/100|[from] item: Leftovers
|-damage|p1a: Kenny|51/100 tox|[from] psn
|upkeep
|turn|12
|
|t:|1735430960
|move|p1a: Kenny|Thunder Wave|p2a: Forretress
|-status|p2a: Forretress|par
|cant|p2a: Forretress|par
|
|-weather|Sandstorm|[upkeep]
|-damage|p1a: Kenny|45/100 tox|[from] Sandstorm
|-heal|p2a: Forretress|89/100 par|[from] item: Leftovers
|-damage|p1a: Kenny|27/100 tox|[from] psn
|upkeep
|turn|13
|
|t:|1735430969
|move|p1a: Kenny|Tri Attack|p2a: Forretress
|-resisted|p2a: Forretress
|-damage|p2a: Forretress|68/100 par
|move|p2a: Forretress|Spikes|p1a: Kenny
|-sidestart|p1: Pokemon Master JL|Spikes
|
|-weather|Sandstorm|[upkeep]
|-damage|p1a: Kenny|21/100 tox|[from] Sandstorm
|-heal|p2a: Forretress|74/100 par|[from] item: Leftovers
|-damage|p1a: Kenny|0 fnt|[from] psn
|faint|p1a: Kenny
|upkeep
|
|t:|1735431001
|switch|p1a: Mind Games|Landorus-Therian, M|100/100
|-damage|p1a: Mind Games|88/100|[from] Stealth Rock
|-ability|p1a: Mind Games|Intimidate|boost
|-unboost|p2a: Forretress|atk|1
|turn|14
|
|t:|1735431023
|move|p1a: Mind Games|Substitute|p1a: Mind Games
|-start|p1a: Mind Games|Substitute
|-damage|p1a: Mind Games|63/100
|move|p2a: Forretress|Spikes|p1a: Mind Games
|-sidestart|p1: Pokemon Master JL|Spikes
|
|-weather|Sandstorm|[upkeep]
|-heal|p1a: Mind Games|69/100|[from] item: Leftovers
|-heal|p2a: Forretress|80/100 par|[from] item: Leftovers
|upkeep
|turn|15
|
|t:|1735431034
|switch|p2a: Hippowdon|Hippowdon, F|33/100
|-damage|p2a: Hippowdon|21/100|[from] Spikes
|move|p1a: Mind Games|Stealth Rock|p2a: Hippowdon
|-sidestart|p2: HydreigonSpammer|move: Stealth Rock
|
|-weather|Sandstorm|[upkeep]
|-heal|p1a: Mind Games|75/100|[from] item: Leftovers
|-heal|p2a: Hippowdon|27/100|[from] item: Leftovers
|upkeep
|turn|16
|
|t:|1735431043
|move|p1a: Mind Games|Earthquake|p2a: Hippowdon
|-damage|p2a: Hippowdon|3/100
|move|p2a: Hippowdon|Slack Off|p2a: Hippowdon
|-heal|p2a: Hippowdon|53/100
|
|-weather|Sandstorm|[upkeep]
|-heal|p1a: Mind Games|81/100|[from] item: Leftovers
|-heal|p2a: Hippowdon|59/100|[from] item: Leftovers
|upkeep
|turn|17
|
|t:|1735431054
|move|p1a: Mind Games|Earthquake|p2a: Hippowdon
|-damage|p2a: Hippowdon|35/100
|move|p2a: Hippowdon|Whirlwind|p1a: Mind Games
|drag|p1a: Sarah|Rotom-Wash, shiny|100/100
|-damage|p1a: Sarah|88/100|[from] Stealth Rock
|
|-weather|Sandstorm|[upkeep]
|-damage|p1a: Sarah|82/100|[from] Sandstorm
|-heal|p1a: Sarah|88/100|[from] item: Leftovers
|-heal|p2a: Hippowdon|42/100|[from] item: Leftovers
|upkeep
|turn|18
|
|t:|1735431073
|switch|p2a: Forretress|Forretress, M|80/100 par
|-damage|p2a: Forretress|68/100 par|[from] Spikes
|-damage|p2a: Forretress|55/100 par|[from] Stealth Rock
|move|p1a: Sarah|Substitute|p1a: Sarah
|-start|p1a: Sarah|Substitute
|-damage|p1a: Sarah|63/100
|
|-weather|Sandstorm|[upkeep]
|-damage|p1a: Sarah|57/100|[from] Sandstorm
|-heal|p1a: Sarah|63/100|[from] item: Leftovers
|-heal|p2a: Forretress|62/100 par|[from] item: Leftovers
|upkeep
|turn|19
|
|t:|1735431084
|move|p1a: Sarah|Charge Beam|p2a: Forretress
|-crit|p2a: Forretress
|-damage|p2a: Forretress|26/100 par
|-boost|p1a: Sarah|spa|1
|move|p2a: Forretress|Rapid Spin|p1a: Sarah
|-activate|p1a: Sarah|Substitute|[damage]
|-sideend|p2: HydreigonSpammer|Spikes|[from] move: Rapid Spin|[of] p2a: Forretress
|-sideend|p2: HydreigonSpammer|Stealth Rock|[from] move: Rapid Spin|[of] p2a: Forretress
|
|-weather|Sandstorm|[upkeep]
|-damage|p1a: Sarah|57/100|[from] Sandstorm
|-heal|p1a: Sarah|63/100|[from] item: Leftovers
|-heal|p2a: Forretress|32/100 par|[from] item: Leftovers
|upkeep
|turn|20
|
|t:|1735431099
|move|p1a: Sarah|Charge Beam|p2a: Forretress
|-damage|p2a: Forretress|4/100 par
|move|p2a: Forretress|Gyro Ball|p1a: Sarah
|-resisted|p1a: Sarah
|-activate|p1a: Sarah|Substitute|[damage]
|
|-weather|Sandstorm|[upkeep]
|-damage|p1a: Sarah|57/100|[from] Sandstorm
|-heal|p1a: Sarah|63/100|[from] item: Leftovers
|-heal|p2a: Forretress|11/100 par|[from] item: Leftovers
|upkeep
|turn|21
|
|t:|1735431109
|move|p1a: Sarah|Charge Beam|p2a: Forretress
|-damage|p2a: Forretress|0 fnt
|faint|p2a: Forretress
|
|-weather|Sandstorm|[upkeep]
|-damage|p1a: Sarah|57/100|[from] Sandstorm
|-heal|p1a: Sarah|63/100|[from] item: Leftovers
|upkeep
|
|t:|1735431115
|switch|p2a: Hydreigon|Hydreigon, F, shiny|53/100 par
|turn|22
|
|t:|1735431118
|move|p1a: Sarah|Hydro Pump|p2a: Hydreigon
|-resisted|p2a: Hydreigon
|-damage|p2a: Hydreigon|18/100 par
|cant|p2a: Hydreigon|par
|
|-weather|Sandstorm|[upkeep]
|-damage|p1a: Sarah|57/100|[from] Sandstorm
|-damage|p2a: Hydreigon|12/100 par|[from] Sandstorm
|-heal|p1a: Sarah|63/100|[from] item: Leftovers
|upkeep
|turn|23
|
|t:|1735431127
|move|p1a: Sarah|Charge Beam|p2a: Hydreigon
|-resisted|p2a: Hydreigon
|-damage|p2a: Hydreigon|0 fnt
|faint|p2a: Hydreigon
|
|-weather|Sandstorm|[upkeep]
|-damage|p1a: Sarah|57/100|[from] Sandstorm
|-heal|p1a: Sarah|63/100|[from] item: Leftovers
|upkeep
|
|t:|1735431176
|switch|p2a: Heatran|Heatran, F|100/100 par
|turn|24
|
|t:|1735431179
|move|p1a: Sarah|Hydro Pump|p2a: Heatran
|-supereffective|p2a: Heatran
|-damage|p2a: Heatran|0 fnt
|faint|p2a: Heatran
|
|-weather|Sandstorm|[upkeep]
|-damage|p1a: Sarah|57/100|[from] Sandstorm
|-heal|p1a: Sarah|63/100|[from] item: Leftovers
|upkeep
|
|t:|1735431187
|switch|p2a: Latios|Latios, M|100/100
|turn|25
|
|t:|1735431202
|switch|p2a: Hippowdon|Hippowdon, F|42/100
|move|p1a: Sarah|Thunder Wave|p2a: Hippowdon
|-immune|p2a: Hippowdon
|
|-weather|Sandstorm|[upkeep]
|-damage|p1a: Sarah|57/100|[from] Sandstorm
|-heal|p1a: Sarah|63/100|[from] item: Leftovers
|-heal|p2a: Hippowdon|48/100|[from] item: Leftovers
|upkeep
|turn|26
|
|t:|1735431211
|switch|p2a: Latios|Latios, M|100/100
|move|p1a: Sarah|Hydro Pump|p2a: Latios
|-resisted|p2a: Latios
|-damage|p2a: Latios|69/100
|
|-weather|Sandstorm|[upkeep]
|-damage|p2a: Latios|63/100|[from] Sandstorm
|-damage|p1a: Sarah|57/100|[from] Sandstorm
|-heal|p1a: Sarah|63/100|[from] item: Leftovers
|upkeep
|turn|27
|
|t:|1735431223
|switch|p2a: Hippowdon|Hippowdon, F|48/100
|move|p1a: Sarah|Thunder Wave|p2a: Hippowdon
|-immune|p2a: Hippowdon
|
|-weather|Sandstorm|[upkeep]
|-damage|p1a: Sarah|57/100|[from] Sandstorm
|-heal|p1a: Sarah|63/100|[from] item: Leftovers
|-heal|p2a: Hippowdon|54/100|[from] item: Leftovers
|upkeep
|turn|28
|
|t:|1735431233
|switch|p2a: Latios|Latios, M|63/100
|move|p1a: Sarah|Hydro Pump|p2a: Latios
|-resisted|p2a: Latios
|-damage|p2a: Latios|27/100
|
|-weather|Sandstorm|[upkeep]
|-damage|p2a: Latios|21/100|[from] Sandstorm
|-damage|p1a: Sarah|57/100|[from] Sandstorm
|-heal|p1a: Sarah|63/100|[from] item: Leftovers
|upkeep
|turn|29
|
|t:|1735431249
|move|p2a: Latios|Recover|p2a: Latios
|-heal|p2a: Latios|71/100
|move|p1a: Sarah|Thunder Wave|p2a: Latios
|-status|p2a: Latios|par
|
|-weather|Sandstorm|[upkeep]
|-damage|p1a: Sarah|57/100|[from] Sandstorm
|-damage|p2a: Latios|65/100 par|[from] Sandstorm
|-heal|p1a: Sarah|63/100|[from] item: Leftovers
|upkeep
|turn|30
|
|t:|1735431260
|move|p1a: Sarah|Charge Beam|p2a: Latios
|-resisted|p2a: Latios
|-damage|p2a: Latios|51/100 par
|-boost|p1a: Sarah|spa|1
|move|p2a: Latios|Recover|p2a: Latios
|-heal|p2a: Latios|100/100 par
|
|-weather|Sandstorm|[upkeep]
|-damage|p1a: Sarah|57/100|[from] Sandstorm
|-damage|p2a: Latios|95/100 par|[from] Sandstorm
|-heal|p1a: Sarah|63/100|[from] item: Leftovers
|upkeep
|turn|31
|
|t:|1735431271
|move|p1a: Sarah|Hydro Pump|p2a: Latios
|-resisted|p2a: Latios
|-crit|p2a: Latios
|-damage|p2a: Latios|0 fnt
|faint|p2a: Latios
|
|-weather|Sandstorm|[upkeep]
|-damage|p1a: Sarah|57/100|[from] Sandstorm
|-heal|p1a: Sarah|63/100|[from] item: Leftovers
|upkeep
|
|t:|1735431283
|switch|p2a: Hippowdon|Hippowdon, F|54/100
|turn|32
|
|t:|1735431287
|move|p1a: Sarah|Hydro Pump|p2a: Hippowdon|[miss]
|-miss|p1a: Sarah|p2a: Hippowdon
|move|p2a: Hippowdon|Whirlwind|p1a: Sarah
|drag|p1a: Alethia|Skarmory, F|75/100
|-damage|p1a: Alethia|63/100|[from] Stealth Rock
|
|-weather|Sandstorm|[upkeep]
|-heal|p1a: Alethia|69/100|[from] item: Leftovers
|-heal|p2a: Hippowdon|60/100|[from] item: Leftovers
|upkeep
|turn|33
|
|t:|1735431299
|move|p1a: Alethia|Spikes|p2a: Hippowdon
|-sidestart|p2: HydreigonSpammer|Spikes
|move|p2a: Hippowdon|Slack Off|p2a: Hippowdon
|-heal|p2a: Hippowdon|100/100
|
|-weather|Sandstorm|[upkeep]
|-heal|p1a: Alethia|75/100|[from] item: Leftovers
|upkeep
|turn|34
|
|t:|1735431305
|move|p1a: Alethia|Spikes|p2a: Hippowdon
|-sidestart|p2: HydreigonSpammer|Spikes
|move|p2a: Hippowdon|Whirlwind|p1a: Alethia
|drag|p1a: Sarah|Rotom-Wash, shiny|63/100
|-damage|p1a: Sarah|50/100|[from] Stealth Rock
|
|-weather|Sandstorm|[upkeep]
|-damage|p1a: Sarah|44/100|[from] Sandstorm
|-heal|p1a: Sarah|50/100|[from] item: Leftovers
|upkeep
|turn|35
|
|t:|1735431323
|move|p1a: Sarah|Hydro Pump|p2a: Hippowdon
|-supereffective|p2a: Hippowdon
|-damage|p2a: Hippowdon|16/100
|move|p2a: Hippowdon|Slack Off|p2a: Hippowdon
|-heal|p2a: Hippowdon|66/100
|
|-weather|Sandstorm|[upkeep]
|-damage|p1a: Sarah|44/100|[from] Sandstorm
|-heal|p1a: Sarah|50/100|[from] item: Leftovers
|-heal|p2a: Hippowdon|72/100|[from] item: Leftovers
|upkeep
|turn|36
|
|t:|1735431343
|switch|p2a: Alakazam|Alakazam, F|100/100
|move|p1a: Sarah|Hydro Pump|p2a: Alakazam
|-damage|p2a: Alakazam|33/100
|
|-weather|Sandstorm|[upkeep]
|-damage|p1a: Sarah|44/100|[from] Sandstorm
|-heal|p1a: Sarah|50/100|[from] item: Leftovers
|upkeep
|turn|37
|
|t:|1735431351
|move|p2a: Alakazam|Psychic|p1a: Sarah
|-damage|p1a: Sarah|0 fnt
|faint|p1a: Sarah
|
|-weather|Sandstorm|[upkeep]
|upkeep
|
|t:|1735431361
|switch|p1a: Alethia|Skarmory, F|75/100
|-damage|p1a: Alethia|63/100|[from] Stealth Rock
|turn|38
|
|t:|1735431367
|move|p2a: Alakazam|Hidden Power|p1a: Alethia
|-supereffective|p1a: Alethia
|-damage|p1a: Alethia|0 fnt
|faint|p1a: Alethia
|
|-weather|Sandstorm|[upkeep]
|upkeep
|
|t:|1735431373
|switch|p1a: Almita|Conkeldurr, F|100/100
|-damage|p1a: Almita|94/100|[from] Stealth Rock
|-damage|p1a: Almita|78/100|[from] Spikes
|turn|39
|
|t:|1735431378
|move|p1a: Almita|Mach Punch|p2a: Alakazam
|-resisted|p2a: Alakazam
|-damage|p2a: Alakazam|0 fnt
|faint|p2a: Alakazam
|
|-weather|Sandstorm|[upkeep]
|-damage|p1a: Almita|72/100|[from] Sandstorm
|upkeep
|
|t:|1735431382
|switch|p2a: Hippowdon|Hippowdon, F|72/100
|-damage|p2a: Hippowdon|56/100|[from] Spikes
|turn|40
|
|t:|1735431389
|switch|p1a: Mind Games|Landorus-Therian, M|81/100
|-damage|p1a: Mind Games|69/100|[from] Stealth Rock
|-ability|p1a: Mind Games|Intimidate|boost
|-unboost|p2a: Hippowdon|atk|1
|move|p2a: Hippowdon|Slack Off|p2a: Hippowdon
|-heal|p2a: Hippowdon|100/100
|
|-weather|Sandstorm|[upkeep]
|-heal|p1a: Mind Games|75/100|[from] item: Leftovers
|upkeep
|turn|41
|
|t:|1735431399
|move|p1a: Mind Games|Fly||[still]
|-prepare|p1a: Mind Games|Fly
|move|p2a: Hippowdon|Whirlwind|p1a: Mind Games|[miss]
|-miss|p2a: Hippowdon|p1a: Mind Games
|
|-weather|Sandstorm|[upkeep]
|-heal|p1a: Mind Games|81/100|[from] item: Leftovers
|upkeep
|turn|42
|
|t:|1735431405
|move|p1a: Mind Games|Fly|p2a: Hippowdon|[from]lockedmove
|-damage|p2a: Hippowdon|80/100
|move|p2a: Hippowdon|Whirlwind|p1a: Mind Games
|drag|p1a: Almita|Conkeldurr, F|72/100
|-damage|p1a: Almita|65/100|[from] Stealth Rock
|-damage|p1a: Almita|49/100|[from] Spikes
|
|-weather|Sandstorm|[upkeep]
|-damage|p1a: Almita|43/100|[from] Sandstorm
|-heal|p2a: Hippowdon|86/100|[from] item: Leftovers
|upkeep
|turn|43
|
|t:|1735431416
|move|p1a: Almita|Drain Punch|p2a: Hippowdon
|-damage|p2a: Hippowdon|49/100
|-heal|p1a: Almita|65/100|[from] drain|[of] p2a: Hippowdon
|move|p2a: Hippowdon|Whirlwind|p1a: Almita
|drag|p1a: Mind Games|Landorus-Therian, M|81/100
|-damage|p1a: Mind Games|69/100|[from] Stealth Rock
|-ability|p1a: Mind Games|Intimidate|boost
|-unboost|p2a: Hippowdon|atk|1
|
|-weather|Sandstorm|[upkeep]
|-heal|p1a: Mind Games|75/100|[from] item: Leftovers
|-heal|p2a: Hippowdon|55/100|[from] item: Leftovers
|upkeep
|turn|44
|
|t:|1735431428
|move|p1a: Mind Games|Earthquake|p2a: Hippowdon
|-damage|p2a: Hippowdon|32/100
|move|p2a: Hippowdon|Slack Off|p2a: Hippowdon
|-heal|p2a: Hippowdon|82/100
|
|-weather|Sandstorm|[upkeep]
|-heal|p1a: Mind Games|81/100|[from] item: Leftovers
|-heal|p2a: Hippowdon|88/100|[from] item: Leftovers
|upkeep
|turn|45
|
|t:|1735431438
|move|p1a: Mind Games|Fly||[still]
|-prepare|p1a: Mind Games|Fly
|move|p2a: Hippowdon|Whirlwind|p1a: Mind Games|[miss]
|-miss|p2a: Hippowdon|p1a: Mind Games
|
|-weather|Sandstorm|[upkeep]
|-heal|p1a: Mind Games|87/100|[from] item: Leftovers
|-heal|p2a: Hippowdon|95/100|[from] item: Leftovers
|upkeep
|turn|46
|
|t:|1735431445
|move|p1a: Mind Games|Fly|p2a: Hippowdon|[from]lockedmove
|-damage|p2a: Hippowdon|71/100
|move|p2a: Hippowdon|Whirlwind|p1a: Mind Games
|drag|p1a: Almita|Conkeldurr, F|65/100
|-damage|p1a: Almita|58/100|[from] Stealth Rock
|-damage|p1a: Almita|42/100|[from] Spikes
|
|-weather|Sandstorm|[upkeep]
|-damage|p1a: Almita|36/100|[from] Sandstorm
|-heal|p2a: Hippowdon|77/100|[from] item: Leftovers
|upkeep
|turn|47
|
|t:|1735431457
|move|p1a: Almita|Ice Punch|p2a: Hippowdon
|-supereffective|p2a: Hippowdon
|-damage|p2a: Hippowdon|27/100
|move|p2a: Hippowdon|Whirlwind|p1a: Almita
|drag|p1a: Mind Games|Landorus-Therian, M|87/100
|-damage|p1a: Mind Games|75/100|[from] Stealth Rock
|-ability|p1a: Mind Games|Intimidate|boost
|-unboost|p2a: Hippowdon|atk|1
|
|-weather|Sandstorm|[upkeep]
|-heal|p1a: Mind Games|81/100|[from] item: Leftovers
|-heal|p2a: Hippowdon|33/100|[from] item: Leftovers
|upkeep
|turn|48
|
|t:|1735431469
|move|p1a: Mind Games|Earthquake|p2a: Hippowdon
|-damage|p2a: Hippowdon|6/100
|move|p2a: Hippowdon|Slack Off|p2a: Hippowdon
|-heal|p2a: Hippowdon|56/100
|
|-weather|Sandstorm|[upkeep]
|-heal|p1a: Mind Games|87/100|[from] item: Leftovers
|-heal|p2a: Hippowdon|62/100|[from] item: Leftovers
|upkeep
|turn|49
|
|t:|1735431477
|move|p1a: Mind Games|Earthquake|p2a: Hippowdon
|-damage|p2a: Hippowdon|38/100
|move|p2a: Hippowdon|Slack Off|p2a: Hippowdon
|-heal|p2a: Hippowdon|88/100
|
|-weather|Sandstorm|[upkeep]
|-heal|p1a: Mind Games|93/100|[from] item: Leftovers
|-heal|p2a: Hippowdon|94/100|[from] item: Leftovers
|upkeep
|turn|50
|
|t:|1735431487
|move|p1a: Mind Games|Fly||[still]
|-prepare|p1a: Mind Games|Fly
|move|p2a: Hippowdon|Whirlwind|p1a: Mind Games|[miss]
|-miss|p2a: Hippowdon|p1a: Mind Games
|
|-weather|Sandstorm|[upkeep]
|-heal|p1a: Mind Games|99/100|[from] item: Leftovers
|-heal|p2a: Hippowdon|99/100|[from] item: Leftovers
|upkeep
|turn|51
|
|t:|1735431494
|move|p1a: Mind Games|Fly|p2a: Hippowdon|[from]lockedmove
|-damage|p2a: Hippowdon|79/100
|move|p2a: Hippowdon|Whirlwind|p1a: Mind Games
|drag|p1a: Almita|Conkeldurr, F|36/100
|-damage|p1a: Almita|29/100|[from] Stealth Rock
|-damage|p1a: Almita|13/100|[from] Spikes
|
|-weather|Sandstorm|[upkeep]
|-damage|p1a: Almita|7/100|[from] Sandstorm
|-heal|p2a: Hippowdon|85/100|[from] item: Leftovers
|upkeep
|turn|52
|
|t:|1735431505
|move|p1a: Almita|Drain Punch|p2a: Hippowdon
|-damage|p2a: Hippowdon|48/100
|-heal|p1a: Almita|29/100|[from] drain|[of] p2a: Hippowdon
|move|p2a: Hippowdon|Whirlwind|p1a: Almita
|drag|p1a: Mind Games|Landorus-Therian, M|99/100
|-damage|p1a: Mind Games|86/100|[from] Stealth Rock
|-ability|p1a: Mind Games|Intimidate|boost
|-unboost|p2a: Hippowdon|atk|1
|
|-weather|Sandstorm|[upkeep]
|-heal|p1a: Mind Games|92/100|[from] item: Leftovers
|-heal|p2a: Hippowdon|54/100|[from] item: Leftovers
|upkeep
|turn|53
|
|t:|1735431516
|move|p1a: Mind Games|Earthquake|p2a: Hippowdon
|-damage|p2a: Hippowdon|27/100
|move|p2a: Hippowdon|Slack Off|p2a: Hippowdon
|-heal|p2a: Hippowdon|77/100
|
|-weather|Sandstorm|[upkeep]
|-heal|p1a: Mind Games|98/100|[from] item: Leftovers
|-heal|p2a: Hippowdon|83/100|[from] item: Leftovers
|upkeep
|turn|54
|
|t:|1735431525
|move|p1a: Mind Games|Fly||[still]
|-prepare|p1a: Mind Games|Fly
|move|p2a: Hippowdon|Whirlwind|p1a: Mind Games|[miss]
|-miss|p2a: Hippowdon|p1a: Mind Games
|
|-weather|Sandstorm|[upkeep]
|-heal|p1a: Mind Games|100/100|[from] item: Leftovers
|-heal|p2a: Hippowdon|90/100|[from] item: Leftovers
|upkeep
|turn|55
|
|t:|1735431535
|move|p1a: Mind Games|Fly|p2a: Hippowdon|[from]lockedmove
|-damage|p2a: Hippowdon|68/100
|move|p2a: Hippowdon|Whirlwind|p1a: Mind Games
|drag|p1a: Almita|Conkeldurr, F|29/100
|-damage|p1a: Almita|23/100|[from] Stealth Rock
|-damage|p1a: Almita|6/100|[from] Spikes
|
|-weather|Sandstorm|[upkeep]
|-damage|p1a: Almita|0 fnt|[from] Sandstorm
|faint|p1a: Almita
|-heal|p2a: Hippowdon|74/100|[from] item: Leftovers
|upkeep
|
|t:|1735431546
|switch|p1a: Mind Games|Landorus-Therian, M|100/100
|-damage|p1a: Mind Games|88/100|[from] Stealth Rock
|-ability|p1a: Mind Games|Intimidate|boost
|-unboost|p2a: Hippowdon|atk|1
|turn|56
|
|t:|1735431570
|move|p1a: Mind Games|Earthquake|p2a: Hippowdon
|-damage|p2a: Hippowdon|48/100
|move|p2a: Hippowdon|Slack Off|p2a: Hippowdon
|-heal|p2a: Hippowdon|98/100
|
|-weather|Sandstorm|[upkeep]
|-heal|p1a: Mind Games|94/100|[from] item: Leftovers
|-heal|p2a: Hippowdon|100/100|[from] item: Leftovers
|upkeep
|turn|57
|
|t:|1735431578
|move|p1a: Mind Games|Substitute|p1a: Mind Games
|-start|p1a: Mind Games|Substitute
|-damage|p1a: Mind Games|69/100
|move|p2a: Hippowdon|Earthquake|p1a: Mind Games
|-immune|p1a: Mind Games
|
|-weather|Sandstorm|[upkeep]
|-heal|p1a: Mind Games|75/100|[from] item: Leftovers
|upkeep
|turn|58
|
|t:|1735431586
|move|p1a: Mind Games|Stealth Rock|p2a: Hippowdon
|-sidestart|p2: HydreigonSpammer|move: Stealth Rock
|move|p2a: Hippowdon|Whirlwind||[still]
|-fail|p2a: Hippowdon
|
|-weather|Sandstorm|[upkeep]
|-heal|p1a: Mind Games|81/100|[from] item: Leftovers
|upkeep
|turn|59
|
|t:|1735431592
|move|p1a: Mind Games|Stealth Rock||[still]
|-fail|p1a: Mind Games
|move|p2a: Hippowdon|Whirlwind||[still]
|-fail|p2a: Hippowdon
|
|-weather|Sandstorm|[upkeep]
|-heal|p1a: Mind Games|87/100|[from] item: Leftovers
|upkeep
|turn|60
|
|t:|1735431599
|move|p1a: Mind Games|Stealth Rock||[still]
|-fail|p1a: Mind Games
|move|p2a: Hippowdon|Whirlwind||[still]
|-fail|p2a: Hippowdon
|
|-weather|Sandstorm|[upkeep]
|-heal|p1a: Mind Games|93/100|[from] item: Leftovers
|upkeep
|turn|61
|
|t:|1735431605
|move|p1a: Mind Games|Stealth Rock||[still]
|-fail|p1a: Mind Games
|move|p2a: Hippowdon|Whirlwind||[still]
|-fail|p2a: Hippowdon
|
|-weather|Sandstorm|[upkeep]
|-heal|p1a: Mind Games|99/100|[from] item: Leftovers
|upkeep
|turn|62
|
|t:|1735431611
|move|p1a: Mind Games|Stealth Rock||[still]
|-fail|p1a: Mind Games
|move|p2a: Hippowdon|Whirlwind||[still]
|-fail|p2a: Hippowdon
|
|-weather|Sandstorm|[upkeep]
|-heal|p1a: Mind Games|100/100|[from] item: Leftovers
|upkeep
|turn|63
|
|t:|1735431617
|move|p1a: Mind Games|Stealth Rock||[still]
|-fail|p1a: Mind Games
|move|p2a: Hippowdon|Whirlwind||[still]
|-fail|p2a: Hippowdon
|
|-weather|Sandstorm|[upkeep]
|upkeep
|turn|64
|
|t:|1735431622
|move|p1a: Mind Games|Stealth Rock||[still]
|-fail|p1a: Mind Games
|move|p2a: Hippowdon|Whirlwind||[still]
|-fail|p2a: Hippowdon
|
|-weather|Sandstorm|[upkeep]
|upkeep
|turn|65
|
|t:|1735431627
|move|p1a: Mind Games|Stealth Rock||[still]
|-fail|p1a: Mind Games
|move|p2a: Hippowdon|Whirlwind||[still]
|-fail|p2a: Hippowdon
|
|-weather|Sandstorm|[upkeep]
|upkeep
|turn|66
|
|t:|1735431632
|move|p1a: Mind Games|Stealth Rock||[still]
|-fail|p1a: Mind Games
|move|p2a: Hippowdon|Stealth Rock||[still]
|-fail|p2a: Hippowdon
|
|-weather|Sandstorm|[upkeep]
|upkeep
|turn|67
|
|t:|1735431637
|move|p1a: Mind Games|Stealth Rock||[still]
|-fail|p1a: Mind Games
|move|p2a: Hippowdon|Earthquake|p1a: Mind Games
|-immune|p1a: Mind Games
|
|-weather|Sandstorm|[upkeep]
|upkeep
|turn|68
|
|t:|1735431643
|move|p1a: Mind Games|Stealth Rock||[still]
|-fail|p1a: Mind Games
|move|p2a: Hippowdon|Whirlwind||[still]
|-fail|p2a: Hippowdon
|
|-weather|Sandstorm|[upkeep]
|upkeep
|turn|69
|
|t:|1735431648
|move|p1a: Mind Games|Stealth Rock||[still]
|-fail|p1a: Mind Games
|move|p2a: Hippowdon|Whirlwind||[still]
|-fail|p2a: Hippowdon
|
|-weather|Sandstorm|[upkeep]
|upkeep
|turn|70
|
|t:|1735431653
|move|p1a: Mind Games|Stealth Rock||[still]
|-fail|p1a: Mind Games
|move|p2a: Hippowdon|Whirlwind||[still]
|-fail|p2a: Hippowdon
|
|-weather|Sandstorm|[upkeep]
|upkeep
|turn|71
|
|t:|1735431659
|move|p1a: Mind Games|Stealth Rock||[still]
|-fail|p1a: Mind Games
|move|p2a: Hippowdon|Whirlwind||[still]
|-fail|p2a: Hippowdon
|
|-weather|Sandstorm|[upkeep]
|upkeep
|turn|72
|
|t:|1735431664
|move|p1a: Mind Games|Stealth Rock||[still]
|-fail|p1a: Mind Games
|move|p2a: Hippowdon|Whirlwind||[still]
|-fail|p2a: Hippowdon
|
|-weather|Sandstorm|[upkeep]
|upkeep
|turn|73
|
|t:|1735431669
|move|p1a: Mind Games|Stealth Rock||[still]
|-fail|p1a: Mind Games
|move|p2a: Hippowdon|Stealth Rock||[still]
|-fail|p2a: Hippowdon
|
|-weather|Sandstorm|[upkeep]
|upkeep
|turn|74
|
|t:|1735431674
|move|p1a: Mind Games|Stealth Rock||[still]
|-fail|p1a: Mind Games
|move|p2a: Hippowdon|Stealth Rock||[still]
|-fail|p2a: Hippowdon
|
|-weather|Sandstorm|[upkeep]
|upkeep
|turn|75
|
|t:|1735431679
|move|p1a: Mind Games|Stealth Rock||[still]
|-fail|p1a: Mind Games
|move|p2a: Hippowdon|Stealth Rock||[still]
|-fail|p2a: Hippowdon
|
|-weather|Sandstorm|[upkeep]
|upkeep
|turn|76
|
|t:|1735431684
|move|p1a: Mind Games|Stealth Rock||[still]
|-fail|p1a: Mind Games
|move|p2a: Hippowdon|Stealth Rock||[still]
|-fail|p2a: Hippowdon
|
|-weather|Sandstorm|[upkeep]
|upkeep
|turn|77
|
|t:|1735431689
|move|p1a: Mind Games|Stealth Rock||[still]
|-fail|p1a: Mind Games
|move|p2a: Hippowdon|Stealth Rock||[still]
|-fail|p2a: Hippowdon
|
|-weather|Sandstorm|[upkeep]
|upkeep
|turn|78
|
|t:|1735431694
|move|p1a: Mind Games|Stealth Rock||[still]
|-fail|p1a: Mind Games
|move|p2a: Hippowdon|Stealth Rock||[still]
|-fail|p2a: Hippowdon
|
|-weather|Sandstorm|[upkeep]
|upkeep
|turn|79
|
|t:|1735431700
|move|p1a: Mind Games|Stealth Rock||[still]
|-fail|p1a: Mind Games
|move|p2a: Hippowdon|Whirlwind||[still]
|-fail|p2a: Hippowdon
|
|-weather|Sandstorm|[upkeep]
|upkeep
|turn|80
|
|t:|1735431705
|move|p1a: Mind Games|Stealth Rock||[still]
|-fail|p1a: Mind Games
|move|p2a: Hippowdon|Stealth Rock||[still]
|-fail|p2a: Hippowdon
|
|-weather|Sandstorm|[upkeep]
|upkeep
|turn|81
|
|t:|1735431710
|move|p1a: Mind Games|Stealth Rock||[still]
|-fail|p1a: Mind Games
|move|p2a: Hippowdon|Stealth Rock||[still]
|-fail|p2a: Hippowdon
|
|-weather|Sandstorm|[upkeep]
|upkeep
|turn|82
|
|t:|1735431715
|move|p1a: Mind Games|Stealth Rock||[still]
|-fail|p1a: Mind Games
|move|p2a: Hippowdon|Earthquake|p1a: Mind Games
|-immune|p1a: Mind Games
|
|-weather|Sandstorm|[upkeep]
|upkeep
|turn|83
|
|t:|1735431720
|move|p1a: Mind Games|Stealth Rock||[still]
|-fail|p1a: Mind Games
|move|p2a: Hippowdon|Stealth Rock||[still]
|-fail|p2a: Hippowdon
|
|-weather|Sandstorm|[upkeep]
|upkeep
|turn|84
|
|t:|1735431725
|move|p1a: Mind Games|Stealth Rock||[still]
|-fail|p1a: Mind Games
|move|p2a: Hippowdon|Stealth Rock||[still]
|-fail|p2a: Hippowdon
|
|-weather|Sandstorm|[upkeep]
|upkeep
|turn|85
|
|t:|1735431730
|move|p1a: Mind Games|Stealth Rock||[still]
|-fail|p1a: Mind Games
|move|p2a: Hippowdon|Earthquake|p1a: Mind Games
|-immune|p1a: Mind Games
|
|-weather|Sandstorm|[upkeep]
|upkeep
|turn|86
|
|t:|1735431736
|move|p1a: Mind Games|Stealth Rock||[still]
|-fail|p1a: Mind Games
|move|p2a: Hippowdon|Earthquake|p1a: Mind Games
|-immune|p1a: Mind Games
|
|-weather|Sandstorm|[upkeep]
|upkeep
|turn|87
|
|t:|1735431741
|move|p1a: Mind Games|Stealth Rock||[still]
|-fail|p1a: Mind Games
|move|p2a: Hippowdon|Earthquake|p1a: Mind Games
|-immune|p1a: Mind Games
|
|-weather|Sandstorm|[upkeep]
|upkeep
|turn|88
|
|t:|1735431747
|move|p1a: Mind Games|Stealth Rock||[still]
|-fail|p1a: Mind Games
|move|p2a: Hippowdon|Earthquake|p1a: Mind Games
|-immune|p1a: Mind Games
|
|-weather|Sandstorm|[upkeep]
|upkeep
|turn|89
|
|t:|1735431753
|move|p1a: Mind Games|Substitute|p1a: Mind Games
|-fail|p1a: Mind Games|move: Substitute
|move|p2a: Hippowdon|Stealth Rock||[still]
|-fail|p2a: Hippowdon
|
|-weather|Sandstorm|[upkeep]
|upkeep
|turn|90
|
|t:|1735431758
|move|p1a: Mind Games|Substitute|p1a: Mind Games
|-fail|p1a: Mind Games|move: Substitute
|move|p2a: Hippowdon|Earthquake|p1a: Mind Games
|-immune|p1a: Mind Games
|
|-weather|Sandstorm|[upkeep]
|upkeep
|turn|91
|
|t:|1735431764
|move|p1a: Mind Games|Substitute|p1a: Mind Games
|-fail|p1a: Mind Games|move: Substitute
|move|p2a: Hippowdon|Earthquake|p1a: Mind Games
|-immune|p1a: Mind Games
|
|-weather|Sandstorm|[upkeep]
|upkeep
|turn|92
|
|t:|1735431776
|move|p1a: Mind Games|Substitute|p1a: Mind Games
|-fail|p1a: Mind Games|move: Substitute
|move|p2a: Hippowdon|Earthquake|p1a: Mind Games
|-immune|p1a: Mind Games
|
|-weather|Sandstorm|[upkeep]
|upkeep
|turn|93
|
|t:|1735431781
|move|p1a: Mind Games|Substitute|p1a: Mind Games
|-fail|p1a: Mind Games|move: Substitute
|move|p2a: Hippowdon|Whirlwind||[still]
|-fail|p2a: Hippowdon
|
|-weather|Sandstorm|[upkeep]
|upkeep
|turn|94
|
|t:|1735431787
|move|p1a: Mind Games|Substitute|p1a: Mind Games
|-fail|p1a: Mind Games|move: Substitute
|move|p2a: Hippowdon|Whirlwind||[still]
|-fail|p2a: Hippowdon
|
|-weather|Sandstorm|[upkeep]
|upkeep
|turn|95
|
|t:|1735431792
|move|p1a: Mind Games|Substitute|p1a: Mind Games
|-fail|p1a: Mind Games|move: Substitute
|move|p2a: Hippowdon|Whirlwind||[still]
|-fail|p2a: Hippowdon
|
|-weather|Sandstorm|[upkeep]
|upkeep
|turn|96
|
|t:|1735431798
|move|p1a: Mind Games|Substitute|p1a: Mind Games
|-fail|p1a: Mind Games|move: Substitute
|move|p2a: Hippowdon|Whirlwind||[still]
|-fail|p2a: Hippowdon
|
|-weather|Sandstorm|[upkeep]
|upkeep
|turn|97
|
|t:|1735431803
|move|p1a: Mind Games|Substitute|p1a: Mind Games
|-fail|p1a: Mind Games|move: Substitute
|move|p2a: Hippowdon|Earthquake|p1a: Mind Games
|-immune|p1a: Mind Games
|
|-weather|Sandstorm|[upkeep]
|upkeep
|turn|98
|
|t:|1735431809
|move|p1a: Mind Games|Substitute|p1a: Mind Games
|-fail|p1a: Mind Games|move: Substitute
|move|p2a: Hippowdon|Earthquake|p1a: Mind Games
|-immune|p1a: Mind Games
|
|-weather|Sandstorm|[upkeep]
|upkeep
|turn|99
|
|t:|1735431814
|move|p1a: Mind Games|Substitute|p1a: Mind Games
|-fail|p1a: Mind Games|move: Substitute
|move|p2a: Hippowdon|Stealth Rock||[still]
|-fail|p2a: Hippowdon
|
|-weather|Sandstorm|[upkeep]
|upkeep
|turn|100
|
|t:|1735431819
|move|p1a: Mind Games|Substitute|p1a: Mind Games
|-fail|p1a: Mind Games|move: Substitute
|move|p2a: Hippowdon|Stealth Rock||[still]
|-fail|p2a: Hippowdon
|
|-weather|Sandstorm|[upkeep]
|upkeep
|turn|101
|
|t:|1735431824
|move|p1a: Mind Games|Substitute|p1a: Mind Games
|-fail|p1a: Mind Games|move: Substitute
|move|p2a: Hippowdon|Stealth Rock||[still]
|-fail|p2a: Hippowdon
|
|-weather|Sandstorm|[upkeep]
|upkeep
|turn|102
|
|t:|1735431830
|move|p1a: Mind Games|Substitute|p1a: Mind Games
|-fail|p1a: Mind Games|move: Substitute
|move|p2a: Hippowdon|Stealth Rock||[still]
|-fail|p2a: Hippowdon
|
|-weather|Sandstorm|[upkeep]
|upkeep
|turn|103
|
|t:|1735431837
|move|p1a: Mind Games|Fly||[still]
|-prepare|p1a: Mind Games|Fly
|move|p2a: Hippowdon|Earthquake|p1a: Mind Games|[miss]
|-miss|p2a: Hippowdon|p1a: Mind Games
|
|-weather|Sandstorm|[upkeep]
|upkeep
|turn|104
|
|t:|1735431842
|move|p1a: Mind Games|Fly|p2a: Hippowdon|[from]lockedmove
|-damage|p2a: Hippowdon|79/100
|move|p2a: Hippowdon|Stealth Rock||[still]
|-fail|p2a: Hippowdon
|
|-weather|Sandstorm|[upkeep]
|-heal|p2a: Hippowdon|85/100|[from] item: Leftovers
|upkeep
|turn|105
|
|t:|1735431849
|move|p1a: Mind Games|Fly||[still]
|-prepare|p1a: Mind Games|Fly
|move|p2a: Hippowdon|Stealth Rock||[still]
|-fail|p2a: Hippowdon
|
|-weather|Sandstorm|[upkeep]
|-heal|p2a: Hippowdon|91/100|[from] item: Leftovers
|upkeep
|turn|106
|
|t:|1735431855
|move|p1a: Mind Games|Fly|p2a: Hippowdon|[from]lockedmove
|-damage|p2a: Hippowdon|68/100
|move|p2a: Hippowdon|Stealth Rock||[still]
|-fail|p2a: Hippowdon
|
|-weather|Sandstorm|[upkeep]
|-heal|p2a: Hippowdon|74/100|[from] item: Leftovers
|upkeep
|turn|107
|
|t:|1735431863
|move|p1a: Mind Games|Fly||[still]
|-prepare|p1a: Mind Games|Fly
|move|p2a: Hippowdon|Stealth Rock||[still]
|-fail|p2a: Hippowdon
|
|-weather|Sandstorm|[upkeep]
|-heal|p2a: Hippowdon|80/100|[from] item: Leftovers
|upkeep
|turn|108
|
|t:|1735431869
|move|p1a: Mind Games|Fly|p2a: Hippowdon|[from]lockedmove
|-damage|p2a: Hippowdon|57/100
|move|p2a: Hippowdon|Earthquake|p1a: Mind Games
|-immune|p1a: Mind Games
|
|-weather|Sandstorm|[upkeep]
|-heal|p2a: Hippowdon|63/100|[from] item: Leftovers
|upkeep
|turn|109
|
|t:|1735431877
|move|p1a: Mind Games|Fly||[still]
|-prepare|p1a: Mind Games|Fly
|move|p2a: Hippowdon|Slack Off|p2a: Hippowdon
|-heal|p2a: Hippowdon|100/100
|
|-weather|Sandstorm|[upkeep]
|upkeep
|turn|110
|
|t:|1735431882
|move|p1a: Mind Games|Fly|p2a: Hippowdon|[from]lockedmove
|-damage|p2a: Hippowdon|77/100
|move|p2a: Hippowdon|Stealth Rock||[still]
|-fail|p2a: Hippowdon
|
|-weather|Sandstorm|[upkeep]
|-heal|p2a: Hippowdon|84/100|[from] item: Leftovers
|upkeep
|turn|111
|
|t:|1735431890
|move|p1a: Mind Games|Fly||[still]
|-prepare|p1a: Mind Games|Fly
|move|p2a: Hippowdon|Stealth Rock||[still]
|-fail|p2a: Hippowdon
|
|-weather|Sandstorm|[upkeep]
|-heal|p2a: Hippowdon|90/100|[from] item: Leftovers
|upkeep
|turn|112
|
|t:|1735431896
|move|p1a: Mind Games|Fly|p2a: Hippowdon|[from]lockedmove
|-damage|p2a: Hippowdon|70/100
|move|p2a: Hippowdon|Stealth Rock||[still]
|-fail|p2a: Hippowdon
|
|-weather|Sandstorm|[upkeep]
|-heal|p2a: Hippowdon|76/100|[from] item: Leftovers
|upkeep
|turn|113
|
|t:|1735431903
|move|p1a: Mind Games|Fly||[still]
|-prepare|p1a: Mind Games|Fly
|move|p2a: Hippowdon|Stealth Rock||[still]
|-fail|p2a: Hippowdon
|
|-weather|Sandstorm|[upkeep]
|-heal|p2a: Hippowdon|82/100|[from] item: Leftovers
|upkeep
|turn|114
|
|t:|1735431909
|move|p1a: Mind Games|Fly|p2a: Hippowdon|[from]lockedmove
|-damage|p2a: Hippowdon|61/100
|move|p2a: Hippowdon|Earthquake|p1a: Mind Games
|-immune|p1a: Mind Games
|
|-weather|Sandstorm|[upkeep]
|-heal|p2a: Hippowdon|67/100|[from] item: Leftovers
|upkeep
|turn|115
|
|t:|1735431917
|move|p1a: Mind Games|Fly||[still]
|-prepare|p1a: Mind Games|Fly
|move|p2a: Hippowdon|Stealth Rock||[still]
|-fail|p2a: Hippowdon
|
|-weather|Sandstorm|[upkeep]
|-heal|p2a: Hippowdon|74/100|[from] item: Leftovers
|upkeep
|turn|116
|
|t:|1735431923
|move|p1a: Mind Games|Fly|p2a: Hippowdon|[from]lockedmove
|-damage|p2a: Hippowdon|52/100
|move|p2a: Hippowdon|Stealth Rock||[still]
|-fail|p2a: Hippowdon
|
|-weather|Sandstorm|[upkeep]
|-heal|p2a: Hippowdon|58/100|[from] item: Leftovers
|upkeep
|turn|117
|
|t:|1735431931
|move|p1a: Mind Games|Fly||[still]
|-prepare|p1a: Mind Games|Fly
|move|p2a: Hippowdon|Stealth Rock||[still]
|-fail|p2a: Hippowdon
|
|-weather|Sandstorm|[upkeep]
|-heal|p2a: Hippowdon|65/100|[from] item: Leftovers
|upkeep
|turn|118
|
|t:|1735431936
|move|p1a: Mind Games|Fly|p2a: Hippowdon|[from]lockedmove
|-crit|p2a: Hippowdon
|-damage|p2a: Hippowdon|18/100
|move|p2a: Hippowdon|Slack Off|p2a: Hippowdon
|-heal|p2a: Hippowdon|68/100
|
|-weather|Sandstorm|[upkeep]
|-heal|p2a: Hippowdon|74/100|[from] item: Leftovers
|upkeep
|turn|119
|
|t:|1735431944
|move|p1a: Mind Games|Fly||[still]
|-prepare|p1a: Mind Games|Fly
|move|p2a: Hippowdon|Stealth Rock||[still]
|-fail|p2a: Hippowdon
|
|-weather|Sandstorm|[upkeep]
|-heal|p2a: Hippowdon|80/100|[from] item: Leftovers
|upkeep
|turn|120
|
|t:|1735431950
|move|p1a: Mind Games|Fly|p2a: Hippowdon|[from]lockedmove
|-damage|p2a: Hippowdon|59/100
|move|p2a: Hippowdon|Earthquake|p1a: Mind Games
|-immune|p1a: Mind Games
|
|-weather|Sandstorm|[upkeep]
|-heal|p2a: Hippowdon|65/100|[from] item: Leftovers
|upkeep
|turn|121
|
|t:|1735431959
|move|p1a: Mind Games|Fly||[still]
|-prepare|p1a: Mind Games|Fly
|move|p2a: Hippowdon|Stealth Rock||[still]
|-fail|p2a: Hippowdon
|
|-weather|Sandstorm|[upkeep]
|-heal|p2a: Hippowdon|71/100|[from] item: Leftovers
|upkeep
|turn|122
|
|t:|1735431964
|move|p1a: Mind Games|Fly|p2a: Hippowdon|[from]lockedmove
|-crit|p2a: Hippowdon
|-damage|p2a: Hippowdon|28/100
|move|p2a: Hippowdon|Slack Off|p2a: Hippowdon
|-heal|p2a: Hippowdon|78/100
|
|-weather|Sandstorm|[upkeep]
|-heal|p2a: Hippowdon|84/100|[from] item: Leftovers
|upkeep
|turn|123
|
|t:|1735431973
|move|p1a: Mind Games|Fly||[still]
|-prepare|p1a: Mind Games|Fly
|move|p2a: Hippowdon|Stealth Rock||[still]
|-fail|p2a: Hippowdon
|
|-weather|Sandstorm|[upkeep]
|-heal|p2a: Hippowdon|90/100|[from] item: Leftovers
|upkeep
|turn|124
|
|t:|1735431979
|move|p1a: Mind Games|Fly|p2a: Hippowdon|[from]lockedmove
|-damage|p2a: Hippowdon|66/100
|move|p2a: Hippowdon|Stealth Rock||[still]
|-fail|p2a: Hippowdon
|
|-weather|Sandstorm|[upkeep]
|-heal|p2a: Hippowdon|72/100|[from] item: Leftovers
|upkeep
|turn|125
|
|t:|1735431987
|move|p1a: Mind Games|Fly||[still]
|-prepare|p1a: Mind Games|Fly
|move|p2a: Hippowdon|Slack Off|p2a: Hippowdon
|-heal|p2a: Hippowdon|100/100
|
|-weather|Sandstorm|[upkeep]
|upkeep
|turn|126
|
|t:|1735431992
|move|p1a: Mind Games|Fly|p2a: Hippowdon|[from]lockedmove
|-damage|p2a: Hippowdon|80/100
|move|p2a: Hippowdon|Slack Off|p2a: Hippowdon
|-heal|p2a: Hippowdon|100/100
|
|-weather|Sandstorm|[upkeep]
|upkeep
|turn|127
|
|t:|1735431999
|move|p1a: Mind Games|Fly||[still]
|-prepare|p1a: Mind Games|Fly
|move|p2a: Hippowdon|Slack Off||[still]
|-fail|p2a: Hippowdon|heal
|
|-weather|Sandstorm|[upkeep]
|upkeep
|turn|128
|
|t:|1735432004
|move|p1a: Mind Games|Fly|p2a: Hippowdon|[from]lockedmove
|-damage|p2a: Hippowdon|79/100
|move|p2a: Hippowdon|Slack Off|p2a: Hippowdon
|-heal|p2a: Hippowdon|100/100
|
|-weather|Sandstorm|[upkeep]
|upkeep
|turn|129
|
|t:|1735432012
|move|p1a: Mind Games|Earthquake|p2a: Hippowdon
|-crit|p2a: Hippowdon
|-damage|p2a: Hippowdon|50/100
|-activate|p2a: Hippowdon|move: Struggle
|move|p2a: Hippowdon|Struggle|p1a: Mind Games
|-activate|p1a: Mind Games|Substitute|[damage]
|-damage|p2a: Hippowdon|25/100|[from] recoil
|
|-weather|Sandstorm|[upkeep]
|-heal|p2a: Hippowdon|31/100|[from] item: Leftovers
|upkeep
|turn|130
|
|t:|1735432021
|move|p1a: Mind Games|Earthquake|p2a: Hippowdon
|-damage|p2a: Hippowdon|7/100
|-activate|p2a: Hippowdon|move: Struggle
|move|p2a: Hippowdon|Struggle|p1a: Mind Games
|-crit|p1a: Mind Games
|-activate|p1a: Mind Games|Substitute|[damage]
|-damage|p2a: Hippowdon|0 fnt|[from] recoil
|faint|p2a: Hippowdon
|
|win|Pokemon Master JL
|raw|Pokemon Master JL's rating: 1297 &rarr; <strong>1327</strong><br />(+30 for winning)
|raw|HydreigonSpammer's rating: 1372 &rarr; <strong>1348</strong><br />(-24 for losing)
|c|☆HydreigonSpammer|gg clown
|c|☆HydreigonSpammer|l2p
|l|☆HydreigonSpammer
|player|p2|
