|j|☆minutemaid13
|j|☆Bulging Biceps Bro
|t:|1706955414
|gametype|singles
|player|p1|minutemaid13|169|1377
|player|p2|Bulging Biceps Bro|169|1386
|teamsize|p1|6
|teamsize|p2|6
|gen|5
|tier|[Gen 5] OU
|rated|
|rule|Species Clause: Limit one of each Pokémon
|rule|OHKO Clause: OHKO moves are banned
|rule|Moody Clause: Moody is banned
|rule|Evasion Items Clause: Evasion items are banned
|rule|Evasion Moves Clause: Evasion moves are banned
|rule|Endless Battle Clause: Forcing endless battles is banned
|rule|HP Percentage Mod: HP is shown in percentages
|rule|Evasion Abilities Clause: Evasion abilities are banned
|rule|Sleep Moves Clause: Sleep-inducing moves are banned
|rule|Swagger Clause: Swagger is banned
|rule|Baton Pass Stat Clause: No Baton Passer may have a way to boost its stats
|clearpoke
|poke|p1|Excadrill, F|item
|poke|p1|Scizor, F|item
|poke|p1|Heatran, M|item
|poke|p1|Keldeo|item
|poke|p1|Kyurem-Black|item
|poke|p1|Heracross, F|item
|poke|p2|Tyranitar, F|item
|poke|p2|Latios, M|item
|poke|p2|Garchomp, M|item
|poke|p2|Jellicent, F|item
|poke|p2|Ferrothorn, M|item
|poke|p2|Rotom-Wash|item
|teampreview
|
|t:|1706955433
|start
|switch|p1a: Heracross|Heracross, F|100/100
|switch|p2a: Latios|Latios, M|100/100
|turn|1
|
|t:|1706955440
|switch|p1a: Scizor|Scizor, F|100/100
|move|p2a: Latios|Hidden Power|p1a: Scizor
|-supereffective|p1a: Scizor
|-damage|p1a: Scizor|0 fnt
|faint|p1a: Scizor
|
|upkeep
|inactive|Battle timer is ON: inactive players will automatically lose when time's up. (requested by Bulging Biceps Bro)
|
|t:|1706955490
|switch|p1a: Heracross|Heracross, F|100/100
|turn|2
|
|t:|1706955498
|switch|p2a: Rotom|Rotom-Wash|100/100
|move|p1a: Heracross|Megahorn|p2a: Rotom|[miss]
|-miss|p1a: Heracross|p2a: Rotom
|
|upkeep
|turn|3
|
|t:|1706955503
|move|p1a: Heracross|Megahorn|p2a: Rotom|[miss]
|-miss|p1a: Heracross|p2a: Rotom
|move|p2a: Rotom|Will-O-Wisp|p1a: Heracross
|-status|p1a: Heracross|brn
|
|-damage|p1a: Heracross|88/100 brn|[from] brn
|upkeep
|turn|4
|
|t:|1706955506
|move|p1a: Heracross|Megahorn|p2a: Rotom
|-damage|p2a: Rotom|0 fnt
|faint|p2a: Rotom
|
|-damage|p1a: Heracross|76/100 brn|[from] brn
|upkeep
|
|t:|1706955523
|switch|p2a: Ferrothorn|Ferrothorn, M|100/100
|turn|5
|
|t:|1706955526
|move|p1a: Heracross|Megahorn|p2a: Ferrothorn
|-damage|p2a: Ferrothorn|0 fnt
|-damage|p1a: Heracross|64/100 brn|[from] ability: Iron Barbs|[of] p2a: Ferrothorn
|faint|p2a: Ferrothorn
|
|-damage|p1a: Heracross|51/100 brn|[from] brn
|upkeep
|
|t:|1706955532
|switch|p2a: Latios|Latios, M|100/100
|turn|6
|
|t:|1706955536
|switch|p1a: Heatran|Heatran, M|100/100
|move|p2a: Latios|Hidden Power|p1a: Heatran
|-start|p1a: Heatran|ability: Flash Fire
|
|upkeep
|turn|7
|
|t:|1706955545
|switch|p2a: Jellicent|Jellicent, F|100/100
|move|p1a: Heatran|Lava Plume|p2a: Jellicent
|-resisted|p2a: Jellicent
|-damage|p2a: Jellicent|79/100
|
|-heal|p2a: Jellicent|85/100|[from] item: Leftovers
|upkeep
|turn|8
|
|t:|1706955557
|move|p1a: Heatran|Lava Plume|p2a: Jellicent
|-resisted|p2a: Jellicent
|-crit|p2a: Jellicent
|-damage|p2a: Jellicent|43/100
|move|p2a: Jellicent|Taunt|p1a: Heatran
|-start|p1a: Heatran|move: Taunt
|
|-heal|p2a: Jellicent|50/100|[from] item: Leftovers
|upkeep
|turn|9
|
|t:|1706955565
|move|p1a: Heatran|Lava Plume|p2a: Jellicent
|-resisted|p2a: Jellicent
|-damage|p2a: Jellicent|31/100
|-status|p2a: Jellicent|brn
|move|p2a: Jellicent|Recover|p2a: Jellicent
|-heal|p2a: Jellicent|81/100 brn
|
|-heal|p2a: Jellicent|87/100 brn|[from] item: Leftovers
|-damage|p2a: Jellicent|75/100 brn|[from] brn
|upkeep
|turn|10
|
|t:|1706955572
|-end|p1a: Heatran|ability: Flash Fire|[silent]
|switch|p1a: Kyurem|Kyurem-Black|100/100
|-ability|p1a: Kyurem|Teravolt
|move|p2a: Jellicent|Scald|p1a: Kyurem
|-resisted|p1a: Kyurem
|-damage|p1a: Kyurem|91/100
|
|-heal|p1a: Kyurem|97/100|[from] item: Leftovers
|-heal|p2a: Jellicent|81/100 brn|[from] item: Leftovers
|-damage|p2a: Jellicent|69/100 brn|[from] brn
|upkeep
|turn|11
|
|t:|1706955577
|move|p1a: Kyurem|Substitute|p1a: Kyurem
|-start|p1a: Kyurem|Substitute
|-damage|p1a: Kyurem|72/100
|move|p2a: Jellicent|Taunt|p1a: Kyurem
|-start|p1a: Kyurem|move: Taunt
|
|-heal|p1a: Kyurem|79/100|[from] item: Leftovers
|-heal|p2a: Jellicent|75/100 brn|[from] item: Leftovers
|-damage|p2a: Jellicent|62/100 brn|[from] brn
|upkeep
|turn|12
|
|t:|1706955581
|move|p1a: Kyurem|Fusion Bolt|p2a: Jellicent
|-supereffective|p2a: Jellicent
|-damage|p2a: Jellicent|0 fnt
|faint|p2a: Jellicent
|
|-heal|p1a: Kyurem|85/100|[from] item: Leftovers
|upkeep
|
|t:|1706955585
|switch|p2a: Garchomp|Garchomp, M|100/100
|turn|13
|
|t:|1706955588
|move|p2a: Garchomp|Dual Chop|p1a: Kyurem
|-supereffective|p1a: Kyurem
|-end|p1a: Kyurem|Substitute
|-supereffective|p1a: Kyurem
|-damage|p1a: Kyurem|43/100
|-hitcount|p1a: Kyurem|2
|move|p1a: Kyurem|Ice Beam|p2a: Garchomp
|-supereffective|p2a: Garchomp
|-damage|p2a: Garchomp|0 fnt
|faint|p2a: Garchomp
|
|-heal|p1a: Kyurem|49/100|[from] item: Leftovers
|upkeep
|
|t:|1706955591
|switch|p2a: Latios|Latios, M|100/100
|turn|14
|
|t:|1706955599
|move|p2a: Latios|Surf|p1a: Kyurem
|-resisted|p1a: Kyurem
|-damage|p1a: Kyurem|27/100
|move|p1a: Kyurem|Ice Beam|p2a: Latios
|-supereffective|p2a: Latios
|-damage|p2a: Latios|0 fnt
|faint|p2a: Latios
|
|-heal|p1a: Kyurem|33/100|[from] item: Leftovers
|-end|p1a: Kyurem|move: Taunt
|upkeep
|-message|Bulging Biceps Bro forfeited.
|
|win|minutemaid13
|raw|minutemaid13's rating: 1377 &rarr; <strong>1398</strong><br />(+21 for winning)
|raw|Bulging Biceps Bro's rating: 1386 &rarr; <strong>1365</strong><br />(-21 for losing)
|l|☆Bulging Biceps Bro
|player|p2|
