|j|☆benjies
|j|☆ergabra
|t:|1748864818
|gametype|singles
|player|p1|benjies|scientist|1478
|player|p2|ergabra|2|1393
|teamsize|p1|6
|teamsize|p2|6
|gen|5
|tier|[Gen 5] OU
|rated|
|rule|Species Clause: Limit one of each Pokémon
|rule|OHKO Clause: OHKO moves are banned
|rule|Moody Clause: Moody is banned
|rule|Evasion Items Clause: Evasion items are banned
|rule|Evasion Moves Clause: Evasion moves are banned
|rule|Endless Battle Clause: Forcing endless battles is banned
|rule|HP Percentage Mod: HP is shown in percentages
|rule|Evasion Abilities Clause: Evasion abilities are banned
|rule|Sleep Moves Clause: Sleep-inducing moves are banned
|rule|Swagger Clause: Swagger is banned
|rule|Baton Pass Stat Clause: No Baton Passer may have a way to boost its stats
|clearpoke
|poke|p1|Hippowdon, F|item
|poke|p1|Ferrothorn, F|item
|poke|p1|Magnezone|item
|poke|p1|Latios, M|item
|poke|p1|Excadrill, M|item
|poke|p1|Reuniclus, F|item
|poke|p2|Dewgong, M|item
|poke|p2|Mamoswine, M|item
|poke|p2|Breloom, M|item
|poke|p2|Alakazam, M|item
|poke|p2|Reuniclus, M|item
|poke|p2|Landorus-Therian, M|item
|teampreview
|inactive|Battle timer is ON: inactive players will automatically lose when time's up. (requested by benjies)
|c|☆ergabra|gl
|c|☆ergabra|h
|c|☆ergabra|f
|c|☆benjies|u2
|
|t:|1748864837
|start
|switch|p1a: Ferrothorn|Ferrothorn, F|100/100
|switch|p2a: Dewgong|Dewgong, M|100/100
|turn|1
|j| zynth
|
|t:|1748864844
|switch|p2a: Breloom|Breloom, M|100/100
|move|p1a: Ferrothorn|Power Whip|p2a: Breloom|[miss]
|-miss|p1a: Ferrothorn|p2a: Breloom
|
|upkeep
|turn|2
|
|t:|1748864858
|switch|p1a: Latios|Latios, M|100/100
|move|p2a: Breloom|Low Sweep|p1a: Latios
|-resisted|p1a: Latios
|-damage|p1a: Latios|59/100
|-unboost|p1a: Latios|spe|1
|-damage|p2a: Breloom|91/100|[from] item: Life Orb
|
|upkeep
|turn|3
|
|t:|1748864872
|switch|p1a: Hippowdon|Hippowdon, F|100/100
|-weather|Sandstorm|[from] ability: Sand Stream|[of] p1a: Hippowdon
|move|p2a: Breloom|Bullet Seed|p1a: Hippowdon
|-supereffective|p1a: Hippowdon
|-damage|p1a: Hippowdon|63/100
|-supereffective|p1a: Hippowdon
|-damage|p1a: Hippowdon|25/100
|-hitcount|p1a: Hippowdon|2
|-damage|p2a: Breloom|81/100|[from] item: Life Orb
|
|-weather|Sandstorm|[upkeep]
|-damage|p2a: Breloom|74/100|[from] Sandstorm
|-heal|p1a: Hippowdon|32/100|[from] item: Leftovers
|upkeep
|turn|4
|
|t:|1748864885
|switch|p1a: Reuniclus|Reuniclus, F|100/100
|move|p2a: Breloom|Bullet Seed|p1a: Reuniclus
|-damage|p1a: Reuniclus|79/100
|-damage|p1a: Reuniclus|59/100
|-damage|p1a: Reuniclus|39/100
|-damage|p1a: Reuniclus|21/100
|-damage|p1a: Reuniclus|0 fnt
|faint|p1a: Reuniclus
|-hitcount|p1: Reuniclus|5
|-damage|p2a: Breloom|64/100|[from] item: Life Orb
|
|-weather|Sandstorm|[upkeep]
|-damage|p2a: Breloom|58/100|[from] Sandstorm
|upkeep
|
|t:|1748864894
|switch|p1a: Latios|Latios, M|59/100
|turn|5
|
|t:|1748864902
|switch|p2a: Dewgong|Dewgong, M|100/100
|move|p1a: Latios|Draco Meteor|p2a: Dewgong
|-damage|p2a: Dewgong|0 fnt
|-unboost|p1a: Latios|spa|2
|faint|p2a: Dewgong
|
|-weather|Sandstorm|[upkeep]
|-damage|p1a: Latios|53/100|[from] Sandstorm
|upkeep
|
|t:|1748864910
|switch|p2a: Mamoswine|Mamoswine, M|100/100
|turn|6
|
|t:|1748864917
|switch|p1a: Ferrothorn|Ferrothorn, F|100/100
|switch|p2a: Breloom|Breloom, M|58/100
|
|-weather|Sandstorm|[upkeep]
|-damage|p2a: Breloom|52/100|[from] Sandstorm
|upkeep
|turn|7
|
|t:|1748864924
|move|p1a: Ferrothorn|Protect|p1a: Ferrothorn
|-singleturn|p1a: Ferrothorn|Protect
|move|p2a: Breloom|Low Sweep|p1a: Ferrothorn
|-activate|p1a: Ferrothorn|move: Protect
|
|-weather|Sandstorm|[upkeep]
|-damage|p2a: Breloom|46/100|[from] Sandstorm
|upkeep
|turn|8
|
|t:|1748864930
|move|p2a: Breloom|Low Sweep|p1a: Ferrothorn
|-supereffective|p1a: Ferrothorn
|-damage|p1a: Ferrothorn|12/100
|-unboost|p1a: Ferrothorn|spe|1
|-damage|p2a: Breloom|34/100|[from] ability: Iron Barbs|[of] p1a: Ferrothorn
|-damage|p2a: Breloom|24/100|[from] item: Life Orb
|move|p1a: Ferrothorn|Power Whip|p2a: Breloom
|-resisted|p2a: Breloom
|-damage|p2a: Breloom|0 fnt
|faint|p2a: Breloom
|
|-weather|Sandstorm|[upkeep]
|-heal|p1a: Ferrothorn|18/100|[from] item: Leftovers
|upkeep
|
|t:|1748864944
|switch|p2a: Mamoswine|Mamoswine, M|100/100
|turn|9
|
|t:|1748864956
|move|p1a: Ferrothorn|Protect|p1a: Ferrothorn
|-singleturn|p1a: Ferrothorn|Protect
|move|p2a: Mamoswine|Substitute|p2a: Mamoswine
|-start|p2a: Mamoswine|Substitute
|-damage|p2a: Mamoswine|76/100
|
|-weather|Sandstorm|[upkeep]
|-heal|p1a: Ferrothorn|24/100|[from] item: Leftovers
|upkeep
|turn|10
|
|t:|1748864962
|switch|p1a: Magnezone|Magnezone|100/100
|-item|p1a: Magnezone|Air Balloon
|move|p2a: Mamoswine|Icicle Crash|p1a: Magnezone
|-resisted|p1a: Magnezone
|-damage|p1a: Magnezone|71/100
|-enditem|p1a: Magnezone|Air Balloon
|
|-weather|Sandstorm|[upkeep]
|upkeep
|turn|11
|
|t:|1748864970
|move|p2a: Mamoswine|Earthquake|p1a: Magnezone
|-supereffective|p1a: Magnezone
|-damage|p1a: Magnezone|0 fnt
|faint|p1a: Magnezone
|
|-weather|Sandstorm|[upkeep]
|upkeep
|-message|benjies forfeited.
|
|win|ergabra
|raw|benjies's rating: 1478 &rarr; <strong>1453</strong><br />(-25 for losing)
|raw|ergabra's rating: 1393 &rarr; <strong>1418</strong><br />(+25 for winning)
|l|☆benjies
|player|p1|
|c|☆ergabra|gg
|c|☆ergabra|dewgong op
|c|☆ergabra|lol
