|j|☆HIV transmission
|j|☆dnite56
|player|p1|HIV transmission|lady-gen4|1344
|player|p2|dnite56|psychic-gen3|1437
|teamsize|p1|6
|teamsize|p2|6
|gametype|singles
|gen|5
|tier|[Gen 5] OU
|rated|
|clearpoke
|poke|p1|Starmie|item
|poke|p1|Jirachi|item
|poke|p1|Politoed, M|item
|poke|p1|Ferrothorn, M|item
|poke|p1|Terrakion|item
|poke|p1|Landorus-Therian, M|item
|poke|p2|Politoed, F|item
|poke|p2|Garchomp, M|item
|poke|p2|Ferrothorn, F|item
|poke|p2|Tentacruel, F|item
|poke|p2|Latios, M|item
|poke|p2|Tornadus, M|item
|rule|Species Clause: Limit one of each Pokémon
|rule|OHKO Clause: OHKO moves are banned
|rule|Moody Clause: Moody is banned
|rule|Evasion Moves Clause: Evasion moves are banned
|rule|Endless Battle Clause: Forcing endless battles is banned
|rule|HP Percentage Mod: HP is shown in percentages
|rule|Evasion Abilities Clause: Evasion abilities are banned
|rule|Baton Pass Clause: Limit one Baton Passer, can't pass Spe and other stats simultaneously
|rule|Sleep Clause: Sleep-inducing moves are banned
|rule|Swagger Clause: Swagger is banned
|teampreview
|j| U2 noll
|inactive|Battle timer is ON: inactive players will automatically lose when time's up. (requested by HIV transmission)
|
|start
|switch|p1a: Ferrothorn|Ferrothorn, M|100/100
|switch|p2a: Politoed|Politoed, F|100/100
|-weather|RainDance|[from] ability: Drizzle|[of] p2a: Politoed
|turn|1
|inactive|dnite56 has 120 seconds left.
|
|switch|p2a: Tornadus|Tornadus, M|100/100
|move|p1a: Ferrothorn|Knock Off|p2a: Tornadus
|-damage|p2a: Tornadus|93/100
|-enditem|p2a: Tornadus|Leftovers|[from] move: Knock Off|[of] p1a: Ferrothorn
|
|-weather|RainDance|[upkeep]
|upkeep
|turn|2
|
|switch|p2a: Garchomp|Garchomp, M|100/100
|switch|p1a: Landorus|Landorus-Therian, M|100/100
|-ability|p1a: Landorus|Intimidate|boost
|-unboost|p2a: Garchomp|atk|1
|
|-weather|RainDance|[upkeep]
|upkeep
|turn|3
|
|move|p2a: Garchomp|Surf|p1a: Landorus
|-supereffective|p1a: Landorus
|-damage|p1a: Landorus|0 fnt
|-damage|p2a: Garchomp|91/100|[from] item: Life Orb
|faint|p1a: Landorus
|
|-weather|RainDance|[upkeep]
|upkeep
|
|switch|p1a: Terrakion|Terrakion|100/100
|turn|4
|inactive|dnite56 has 120 seconds left.
|l| U2 noll
|
|switch|p2a: Politoed|Politoed, F|100/100
|move|p1a: Terrakion|Hidden Power|p2a: Politoed
|-resisted|p2a: Politoed
|-damage|p2a: Politoed|93/100
|-damage|p1a: Terrakion|91/100|[from] item: Life Orb
|
|-weather|RainDance|[upkeep]
|-heal|p2a: Politoed|99/100|[from] item: Leftovers
|upkeep
|turn|5
|
|switch|p1a: Ferrothorn|Ferrothorn, M|100/100
|move|p2a: Politoed|Toxic|p1a: Ferrothorn
|-immune|p1a: Ferrothorn
|
|-weather|RainDance|[upkeep]
|-heal|p2a: Politoed|100/100|[from] item: Leftovers
|upkeep
|turn|6
|
|move|p2a: Politoed|Scald|p1a: Ferrothorn
|-resisted|p1a: Ferrothorn
|-damage|p1a: Ferrothorn|87/100
|-status|p1a: Ferrothorn|brn
|move|p1a: Ferrothorn|Thunder Wave|p2a: Politoed
|-status|p2a: Politoed|par
|
|-weather|RainDance|[upkeep]
|-heal|p1a: Ferrothorn|93/100 brn|[from] item: Leftovers
|-damage|p1a: Ferrothorn|81/100 brn|[from] brn
|upkeep
|turn|7
|
|switch|p2a: Ferrothorn|Ferrothorn, F|100/100
|move|p1a: Ferrothorn|Power Whip|p2a: Ferrothorn
|-resisted|p2a: Ferrothorn
|-damage|p2a: Ferrothorn|96/100
|-damage|p1a: Ferrothorn|68/100 brn|[from] ability: Iron Barbs|[of] p2a: Ferrothorn
|
|-weather|RainDance|[upkeep]
|-heal|p1a: Ferrothorn|74/100 brn|[from] item: Leftovers
|-heal|p2a: Ferrothorn|100/100|[from] item: Leftovers
|-damage|p1a: Ferrothorn|62/100 brn|[from] brn
|upkeep
|turn|8
|
|move|p2a: Ferrothorn|Knock Off|p1a: Ferrothorn
|-resisted|p1a: Ferrothorn
|-damage|p1a: Ferrothorn|60/100 brn
|-damage|p2a: Ferrothorn|88/100|[from] ability: Iron Barbs|[of] p1a: Ferrothorn
|-enditem|p1a: Ferrothorn|Leftovers|[from] move: Knock Off|[of] p2a: Ferrothorn
|move|p1a: Ferrothorn|Knock Off|p2a: Ferrothorn
|-resisted|p2a: Ferrothorn
|-damage|p2a: Ferrothorn|87/100
|-damage|p1a: Ferrothorn|48/100 brn|[from] ability: Iron Barbs|[of] p2a: Ferrothorn
|-enditem|p2a: Ferrothorn|Leftovers|[from] move: Knock Off|[of] p1a: Ferrothorn
|
|-weather|RainDance|[upkeep]
|-damage|p1a: Ferrothorn|35/100 brn|[from] brn
|upkeep
|turn|9
|
|switch|p2a: Tornadus|Tornadus, M|93/100
|switch|p1a: Jirachi|Jirachi|100/100
|
|-weather|RainDance|[upkeep]
|upkeep
|turn|10
|
|switch|p2a: Garchomp|Garchomp, M|91/100
|move|p1a: Jirachi|Substitute|p1a: Jirachi
|-start|p1a: Jirachi|Substitute
|-damage|p1a: Jirachi|75/100
|
|-weather|RainDance|[upkeep]
|-heal|p1a: Jirachi|82/100|[from] item: Leftovers
|upkeep
|turn|11
|
|move|p2a: Garchomp|Earthquake|p1a: Jirachi
|-supereffective|p1a: Jirachi
|-end|p1a: Jirachi|Substitute
|-damage|p2a: Garchomp|81/100|[from] item: Life Orb
|move|p1a: Jirachi|Water Pulse|p2a: Garchomp
|-damage|p2a: Garchomp|56/100
|
|-weather|RainDance|[upkeep]
|-heal|p1a: Jirachi|88/100|[from] item: Leftovers
|upkeep
|turn|12
|
|switch|p1a: Ferrothorn|Ferrothorn, M|35/100 brn
|move|p2a: Garchomp|Earthquake|p1a: Ferrothorn
|-damage|p1a: Ferrothorn|0 fnt
|-damage|p2a: Garchomp|46/100|[from] item: Life Orb
|faint|p1a: Ferrothorn
|
|-weather|RainDance|[upkeep]
|upkeep
|
|switch|p1a: Terrakion|Terrakion|91/100
|turn|13
|
|switch|p2a: Politoed|Politoed, F|100/100 par
|move|p1a: Terrakion|Close Combat|p2a: Politoed
|-damage|p2a: Politoed|34/100 par
|-unboost|p1a: Terrakion|def|1
|-unboost|p1a: Terrakion|spd|1
|-damage|p1a: Terrakion|81/100|[from] item: Life Orb
|
|-weather|RainDance|[upkeep]
|-heal|p2a: Politoed|40/100 par|[from] item: Leftovers
|upkeep
|turn|14
|
|move|p1a: Terrakion|Earthquake|p2a: Politoed
|-damage|p2a: Politoed|5/100 par
|-damage|p1a: Terrakion|71/100|[from] item: Life Orb
|cant|p2a: Politoed|par
|
|-weather|RainDance|[upkeep]
|-heal|p2a: Politoed|11/100 par|[from] item: Leftovers
|upkeep
|turn|15
|
|move|p1a: Terrakion|Earthquake|p2a: Politoed
|-damage|p2a: Politoed|0 fnt
|-damage|p1a: Terrakion|61/100|[from] item: Life Orb
|faint|p2a: Politoed
|
|-weather|RainDance|[upkeep]
|upkeep
|
|switch|p2a: Tornadus|Tornadus, M|93/100
|turn|16
|
|move|p2a: Tornadus|Hurricane|p1a: Terrakion
|-damage|p1a: Terrakion|0 fnt
|faint|p1a: Terrakion
|
|-weather|RainDance|[upkeep]
|upkeep
|
|switch|p1a: Jirachi|Jirachi|88/100
|turn|17
|
|move|p2a: Tornadus|Hurricane|p1a: Jirachi
|-resisted|p1a: Jirachi
|-damage|p1a: Jirachi|63/100
|-start|p1a: Jirachi|confusion
|-activate|p1a: Jirachi|confusion
|-damage|p1a: Jirachi|57/100|[from] confusion
|
|-weather|RainDance|[upkeep]
|-heal|p1a: Jirachi|63/100|[from] item: Leftovers
|upkeep
|turn|18
|
|move|p2a: Tornadus|Hurricane|p1a: Jirachi
|-resisted|p1a: Jirachi
|-damage|p1a: Jirachi|39/100
|-activate|p1a: Jirachi|confusion
|-damage|p1a: Jirachi|33/100|[from] confusion
|
|-weather|RainDance|[upkeep]
|-heal|p1a: Jirachi|40/100|[from] item: Leftovers
|upkeep
|turn|19
|
|move|p2a: Tornadus|Hurricane|p1a: Jirachi
|-resisted|p1a: Jirachi
|-damage|p1a: Jirachi|15/100
|-end|p1a: Jirachi|confusion
|move|p1a: Jirachi|Thunder|p2a: Tornadus
|-supereffective|p2a: Tornadus
|-damage|p2a: Tornadus|11/100
|-status|p2a: Tornadus|par
|
|-weather|RainDance|[upkeep]
|-heal|p1a: Jirachi|21/100|[from] item: Leftovers
|upkeep
|turn|20
|
|move|p1a: Jirachi|Calm Mind|p1a: Jirachi
|-boost|p1a: Jirachi|spa|1
|-boost|p1a: Jirachi|spd|1
|cant|p2a: Tornadus|par
|
|-weather|RainDance|[upkeep]
|-heal|p1a: Jirachi|27/100|[from] item: Leftovers
|upkeep
|turn|21
|
|move|p1a: Jirachi|Substitute|p1a: Jirachi
|-start|p1a: Jirachi|Substitute
|-damage|p1a: Jirachi|2/100
|cant|p2a: Tornadus|par
|
|-weather|RainDance|[upkeep]
|-heal|p1a: Jirachi|8/100|[from] item: Leftovers
|upkeep
|turn|22
|
|move|p1a: Jirachi|Calm Mind|p1a: Jirachi
|-boost|p1a: Jirachi|spa|1
|-boost|p1a: Jirachi|spd|1
|move|p2a: Tornadus|Hurricane|p1a: Jirachi
|-resisted|p1a: Jirachi
|-activate|p1a: Jirachi|Substitute|[damage]
|
|-weather|RainDance|[upkeep]
|-heal|p1a: Jirachi|15/100|[from] item: Leftovers
|upkeep
|turn|23
|
|move|p1a: Jirachi|Calm Mind|p1a: Jirachi
|-boost|p1a: Jirachi|spa|1
|-boost|p1a: Jirachi|spd|1
|move|p2a: Tornadus|Hurricane|p1a: Jirachi
|-resisted|p1a: Jirachi
|-activate|p1a: Jirachi|Substitute|[damage]
|
|-weather|RainDance|[upkeep]
|-heal|p1a: Jirachi|21/100|[from] item: Leftovers
|upkeep
|turn|24
|
|move|p1a: Jirachi|Water Pulse|p2a: Tornadus
|-damage|p2a: Tornadus|0 fnt
|faint|p2a: Tornadus
|
|-weather|RainDance|[upkeep]
|-heal|p1a: Jirachi|27/100|[from] item: Leftovers
|upkeep
|
|switch|p2a: Latios|Latios, M|100/100
|turn|25
|
|move|p2a: Latios|Surf|p1a: Jirachi
|-crit|p1a: Jirachi
|-end|p1a: Jirachi|Substitute
|move|p1a: Jirachi|Thunder|p2a: Latios
|-resisted|p2a: Latios
|-damage|p2a: Latios|67/100
|-status|p2a: Latios|par
|
|-weather|RainDance|[upkeep]
|-heal|p1a: Jirachi|33/100|[from] item: Leftovers
|upkeep
|turn|26
|
|switch|p2a: Garchomp|Garchomp, M|46/100
|move|p1a: Jirachi|Substitute|p1a: Jirachi
|-start|p1a: Jirachi|Substitute
|-damage|p1a: Jirachi|8/100
|
|-weather|RainDance|[upkeep]
|-heal|p1a: Jirachi|14/100|[from] item: Leftovers
|upkeep
|turn|27
|
|switch|p2a: Ferrothorn|Ferrothorn, F|87/100
|move|p1a: Jirachi|Water Pulse|p2a: Ferrothorn
|-resisted|p2a: Ferrothorn
|-damage|p2a: Ferrothorn|72/100
|
|-weather|RainDance|[upkeep]
|-heal|p1a: Jirachi|21/100|[from] item: Leftovers
|upkeep
|turn|28
|
|move|p1a: Jirachi|Thunder|p2a: Ferrothorn
|-resisted|p2a: Ferrothorn
|-damage|p2a: Ferrothorn|49/100
|move|p2a: Ferrothorn|Power Whip|p1a: Jirachi
|-resisted|p1a: Jirachi
|-activate|p1a: Jirachi|Substitute|[damage]
|
|-weather|RainDance|[upkeep]
|-heal|p1a: Jirachi|27/100|[from] item: Leftovers
|upkeep
|turn|29
|
|move|p1a: Jirachi|Calm Mind|p1a: Jirachi
|-boost|p1a: Jirachi|spa|1
|-boost|p1a: Jirachi|spd|1
|move|p2a: Ferrothorn|Power Whip|p1a: Jirachi
|-resisted|p1a: Jirachi
|-end|p1a: Jirachi|Substitute
|
|-weather|RainDance|[upkeep]
|-heal|p1a: Jirachi|33/100|[from] item: Leftovers
|upkeep
|turn|30
|
|move|p1a: Jirachi|Substitute|p1a: Jirachi
|-start|p1a: Jirachi|Substitute
|-damage|p1a: Jirachi|8/100
|move|p2a: Ferrothorn|Power Whip|p1a: Jirachi
|-resisted|p1a: Jirachi
|-activate|p1a: Jirachi|Substitute|[damage]
|
|-weather|RainDance|[upkeep]
|-heal|p1a: Jirachi|14/100|[from] item: Leftovers
|upkeep
|turn|31
|
|move|p1a: Jirachi|Thunder|p2a: Ferrothorn
|-resisted|p2a: Ferrothorn
|-damage|p2a: Ferrothorn|23/100
|-status|p2a: Ferrothorn|par
|move|p2a: Ferrothorn|Power Whip|p1a: Jirachi
|-resisted|p1a: Jirachi
|-end|p1a: Jirachi|Substitute
|
|-weather|RainDance|[upkeep]
|-heal|p1a: Jirachi|20/100|[from] item: Leftovers
|upkeep
|turn|32
|
|switch|p2a: Garchomp|Garchomp, M|46/100
|move|p1a: Jirachi|Water Pulse|p2a: Garchomp
|-damage|p2a: Garchomp|0 fnt
|faint|p2a: Garchomp
|
|-weather|RainDance|[upkeep]
|-heal|p1a: Jirachi|26/100|[from] item: Leftovers
|upkeep
|
|switch|p2a: Tentacruel|Tentacruel, F|100/100
|turn|33
|
|move|p2a: Tentacruel|Scald|p1a: Jirachi
|-damage|p1a: Jirachi|16/100
|-status|p1a: Jirachi|brn
|move|p1a: Jirachi|Thunder|p2a: Tentacruel
|-supereffective|p2a: Tentacruel
|-damage|p2a: Tentacruel|0 fnt
|faint|p2a: Tentacruel
|
|-weather|RainDance|[upkeep]
|-heal|p1a: Jirachi|22/100 brn|[from] item: Leftovers
|-damage|p1a: Jirachi|10/100 brn|[from] brn
|upkeep
|c|☆dnite56|attacking was a choke
|
|switch|p2a: Latios|Latios, M|67/100 par
|turn|34
|c|☆HIV transmission|Not really
|c|☆HIV transmission|I didnt havce enoguh to sub
|c|☆HIV transmission|i suspected you would switch to catch a stall turn
|c|☆dnite56|u cm there
|c|☆HIV transmission|i suspected chomp
|c|☆HIV transmission|and i was right
|c|☆HIV transmission|lol
|c|☆dnite56|sure
|inactive|HIV transmission has 120 seconds left.
|
|switch|p2a: Ferrothorn|Ferrothorn, F|23/100 par
|move|p1a: Jirachi|Water Pulse|p2a: Ferrothorn
|-resisted|p2a: Ferrothorn
|-damage|p2a: Ferrothorn|2/100 par
|-start|p2a: Ferrothorn|confusion
|
|-weather|RainDance|[upkeep]
|-heal|p1a: Jirachi|16/100 brn|[from] item: Leftovers
|-damage|p1a: Jirachi|3/100 brn|[from] brn
|upkeep
|turn|35
|inactive|HIV transmission has 120 seconds left.
|
|move|p1a: Jirachi|Water Pulse|p2a: Ferrothorn
|-resisted|p2a: Ferrothorn
|-damage|p2a: Ferrothorn|0 fnt
|faint|p2a: Ferrothorn
|
|-weather|RainDance|[upkeep]
|-heal|p1a: Jirachi|10/100 brn|[from] item: Leftovers
|-damage|p1a: Jirachi|0 fnt|[from] brn
|faint|p1a: Jirachi
|upkeep
|inactive|HIV transmission has 120 seconds left.
|
|switch|p1a: Starmie|Starmie|100/100
|switch|p2a: Latios|Latios, M|67/100 par
|turn|36
|
|move|p1a: Starmie|Thunder|p2a: Latios
|-resisted|p2a: Latios
|-damage|p2a: Latios|41/100 par
|cant|p2a: Latios|par
|
|-weather|RainDance|[upkeep]
|upkeep
|turn|37
|
|move|p1a: Starmie|Thunder|p2a: Latios
|-resisted|p2a: Latios
|-damage|p2a: Latios|14/100 par
|move|p2a: Latios|Trick|p1a: Starmie
|-activate|p2a: Latios|move: Trick|[of] p1a: Starmie
|-item|p1a: Starmie|Choice Scarf|[from] move: Trick
|-item|p2a: Latios|Choice Specs|[from] move: Trick
|
|-weather|RainDance|[upkeep]
|upkeep
|turn|38
|
|move|p1a: Starmie|Thunder|p2a: Latios
|-resisted|p2a: Latios
|-damage|p2a: Latios|0 fnt
|faint|p2a: Latios
|
|win|HIV transmission
|l|☆dnite56
|raw|HIV transmission's rating: 1344 &rarr; <strong>1368</strong><br />(+24 for winning)
|raw|dnite56's rating: 1423 &rarr; <strong>1398</strong><br />(-25 for losing)
