|j|☆Cinema Staff Fan
|j|☆ladbwsuckkss
|t:|1745254063
|gametype|singles
|player|p1|Cinema Staff Fan|miku-water|1376
|player|p2|ladbwsuckkss|bugcatcher-gen2|1330
|teamsize|p1|6
|teamsize|p2|6
|gen|5
|tier|[Gen 5] OU
|rated|
|rule|Species Clause: Limit one of each Pokémon
|rule|OHKO Clause: OHKO moves are banned
|rule|Moody Clause: Moody is banned
|rule|Evasion Items Clause: Evasion items are banned
|rule|Evasion Moves Clause: Evasion moves are banned
|rule|Endless Battle Clause: Forcing endless battles is banned
|rule|HP Percentage Mod: HP is shown in percentages
|rule|Evasion Abilities Clause: Evasion abilities are banned
|rule|Sleep Moves Clause: Sleep-inducing moves are banned
|rule|Swagger Clause: Swagger is banned
|rule|Baton Pass Stat Clause: No Baton Passer may have a way to boost its stats
|clearpoke
|poke|p1|Ninetales, M|item
|poke|p1|Forretress, F|item
|poke|p1|Xatu, M|item
|poke|p1|Volcarona, M|item
|poke|p1|Dragonite, M|item
|poke|p1|Garchomp, M|item
|poke|p2|Garchomp, F|item
|poke|p2|Mamoswine, M|item
|poke|p2|Dragonite, M|item
|poke|p2|Starmie|item
|poke|p2|Kyurem-Black|item
|poke|p2|Jirachi|item
|teampreview
|inactive|Battle timer is ON: inactive players will automatically lose when time's up. (requested by Cinema Staff Fan)
|
|t:|1745254087
|start
|switch|p1a: Forretress|Forretress, F|100/100
|switch|p2a: Kyurem|Kyurem-Black, shiny|100/100
|-ability|p2a: Kyurem|Teravolt
|turn|1
|
|t:|1745254097
|move|p2a: Kyurem|Ice Beam|p1a: Forretress
|-resisted|p1a: Forretress
|-damage|p1a: Forretress|68/100
|-status|p1a: Forretress|frz
|cant|p1a: Forretress|frz
|
|-heal|p1a: Forretress|75/100 frz|[from] item: Leftovers
|upkeep
|turn|2
|
|t:|1745254104
|move|p2a: Kyurem|Ice Beam|p1a: Forretress
|-resisted|p1a: Forretress
|-damage|p1a: Forretress|41/100 frz
|cant|p1a: Forretress|frz
|
|-heal|p1a: Forretress|47/100 frz|[from] item: Leftovers
|upkeep
|turn|3
|
|t:|1745254107
|move|p2a: Kyurem|Ice Beam|p1a: Forretress
|-resisted|p1a: Forretress
|-damage|p1a: Forretress|15/100 frz
|cant|p1a: Forretress|frz
|
|-heal|p1a: Forretress|21/100 frz|[from] item: Leftovers
|upkeep
|turn|4
|
|t:|1745254109
|move|p2a: Kyurem|Ice Beam|p1a: Forretress
|-resisted|p1a: Forretress
|-damage|p1a: Forretress|0 fnt
|faint|p1a: Forretress
|
|upkeep
|
|t:|1745254117
|switch|p1a: Volcarona|Volcarona, M|100/100
|turn|5
|
|t:|1745254122
|switch|p2a: Garchomp|Garchomp, F|100/100
|move|p1a: Volcarona|Quiver Dance|p1a: Volcarona
|-boost|p1a: Volcarona|spa|1
|-boost|p1a: Volcarona|spd|1
|-boost|p1a: Volcarona|spe|1
|
|upkeep
|turn|6
|
|t:|1745254131
|move|p2a: Garchomp|Rock Slide|p1a: Volcarona
|-supereffective|p1a: Volcarona
|-damage|p1a: Volcarona|0 fnt
|faint|p1a: Volcarona
|
|upkeep
|
|t:|1745254148
|switch|p1a: Garchomp|Garchomp, M|100/100
|turn|7
|
|t:|1745254153
|switch|p2a: Starmie|Starmie|100/100
|-item|p2a: Starmie|Air Balloon
|move|p1a: Garchomp|Earthquake|p2a: Starmie
|-immune|p2a: Starmie
|
|upkeep
|turn|8
|
|t:|1745254162
|switch|p1a: Xatu|Xatu, M|100/100
|switch|p2a: Kyurem|Kyurem-Black, shiny|100/100
|-ability|p2a: Kyurem|Teravolt
|
|upkeep
|turn|9
|
|t:|1745254166
|move|p2a: Kyurem|Draco Meteor|p1a: Xatu
|-damage|p1a: Xatu|0 fnt
|-unboost|p2a: Kyurem|spa|2
|faint|p1a: Xatu
|
|upkeep
|
|t:|1745254170
|switch|p1a: Dragonite|Dragonite, M|100/100
|turn|10
|inactive|ladbwsuckkss has 120 seconds left.
|
|t:|1745254217
|move|p2a: Kyurem|Draco Meteor|p1a: Dragonite
|-supereffective|p1a: Dragonite
|-damage|p1a: Dragonite|0 fnt
|-unboost|p2a: Kyurem|spa|2
|faint|p1a: Dragonite
|
|upkeep
|
|t:|1745254226
|switch|p1a: Garchomp|Garchomp, M|100/100
|turn|11
|
|t:|1745254237
|switch|p2a: Jirachi|Jirachi|100/100
|move|p1a: Garchomp|Outrage|p2a: Jirachi
|-resisted|p2a: Jirachi
|-damage|p2a: Jirachi|73/100
|
|upkeep
|turn|12
|
|t:|1745254242
|move|p1a: Garchomp|Outrage|p2a: Jirachi|[from] lockedmove
|-resisted|p2a: Jirachi
|-damage|p2a: Jirachi|41/100
|move|p2a: Jirachi|Ice Punch|p1a: Garchomp
|-supereffective|p1a: Garchomp
|-damage|p1a: Garchomp|10/100
|-damage|p2a: Jirachi|29/100|[from] ability: Rough Skin|[of] p1a: Garchomp
|
|upkeep
|turn|13
|inactive|ladbwsuckkss has 120 seconds left.
|
|t:|1745254254
|move|p1a: Garchomp|Outrage|p2a: Jirachi|[from] lockedmove
|-resisted|p2a: Jirachi
|-damage|p2a: Jirachi|0 fnt
|faint|p2a: Jirachi
|-start|p1a: Garchomp|confusion|[fatigue]
|
|upkeep
|
|t:|1745254256
|switch|p2a: Mamoswine|Mamoswine, M|100/100
|turn|14
|
|t:|1745254258
|-activate|p1a: Garchomp|confusion
|move|p1a: Garchomp|Outrage|p2a: Mamoswine
|-damage|p2a: Mamoswine|37/100
|move|p2a: Mamoswine|Earthquake|p1a: Garchomp
|-crit|p1a: Garchomp
|-damage|p1a: Garchomp|0 fnt
|faint|p1a: Garchomp
|-damage|p2a: Mamoswine|27/100|[from] item: Life Orb
|
|upkeep
|
|t:|1745254260
|switch|p1a: Ninetales|Ninetales, M|100/100
|-weather|SunnyDay|[from] ability: Drought|[of] p1a: Ninetales
|turn|15
|
|t:|1745254262
|move|p1a: Ninetales|Flamethrower|p2a: Mamoswine
|-supereffective|p2a: Mamoswine
|-damage|p2a: Mamoswine|0 fnt
|faint|p2a: Mamoswine
|
|-weather|SunnyDay|[upkeep]
|upkeep
|
|t:|1745254264
|switch|p2a: Garchomp|Garchomp, F|100/100
|turn|16
|
|t:|1745254266
|move|p2a: Garchomp|Earthquake|p1a: Ninetales
|-supereffective|p1a: Ninetales
|-damage|p1a: Ninetales|0 fnt
|faint|p1a: Ninetales
|
|win|ladbwsuckkss
|raw|Cinema Staff Fan's rating: 1376 &rarr; <strong>1353</strong><br />(-23 for losing)
|raw|ladbwsuckkss's rating: 1330 &rarr; <strong>1353</strong><br />(+23 for winning)
