|j|☆Esurient
|j|☆rabian
|t:|1729453258
|gametype|singles
|player|p1|Esurient|265|1339
|player|p2|rabian|iris-gen5bw2|1422
|teamsize|p1|6
|teamsize|p2|6
|gen|5
|tier|[Gen 5] OU
|rated|
|rule|Species Clause: Limit one of each Pokémon
|rule|OHKO Clause: OHKO moves are banned
|rule|Moody Clause: Moody is banned
|rule|Evasion Items Clause: Evasion items are banned
|rule|Evasion Moves Clause: Evasion moves are banned
|rule|Endless Battle Clause: Forcing endless battles is banned
|rule|HP Percentage Mod: HP is shown in percentages
|rule|Evasion Abilities Clause: Evasion abilities are banned
|rule|Sleep Moves Clause: Sleep-inducing moves are banned
|rule|Swagger Clause: Swagger is banned
|rule|Baton Pass Stat Clause: No Baton Passer may have a way to boost its stats
|clearpoke
|poke|p1|Jirachi|item
|poke|p1|Magnezone|item
|poke|p1|Salamence, F|item
|poke|p1|Garchomp, M|item
|poke|p1|Latios, M|item
|poke|p1|Terrakion|item
|poke|p2|Jolteon, M|item
|poke|p2|Ferrothorn, F|item
|poke|p2|Politoed, M|item
|poke|p2|Gyarados, F|item
|poke|p2|Toxicroak, F|item
|poke|p2|Tentacruel, F|item
|teampreview
|inactive|Battle timer is ON: inactive players will automatically lose when time's up. (requested by Esurient)
|inactive|rabian has 120 seconds left.
|c|☆rabian|glhf!
|
|t:|1729453302
|start
|switch|p1a: Salamence|Salamence, F|100/100
|switch|p2a: Weather Setter|Politoed, M|100/100
|-weather|RainDance|[from] ability: Drizzle|[of] p2a: Weather Setter
|turn|1
|
|t:|1729453306
|move|p1a: Salamence|Outrage|p2a: Weather Setter
|-damage|p2a: Weather Setter|2/100
|move|p2a: Weather Setter|Surf|p1a: Salamence
|-resisted|p1a: Salamence
|-damage|p1a: Salamence|73/100
|
|-weather|RainDance|[upkeep]
|-heal|p2a: Weather Setter|8/100|[from] item: Leftovers
|upkeep
|turn|2
|
|t:|1729453314
|switch|p2a: Wall|Ferrothorn, F|100/100
|move|p1a: Salamence|Outrage|p2a: Wall|[from]lockedmove
|-resisted|p2a: Wall
|-damage|p2a: Wall|66/100
|-damage|p1a: Salamence|60/100|[from] ability: Iron Barbs|[of] p2a: Wall
|
|-weather|RainDance|[upkeep]
|-heal|p2a: Wall|72/100|[from] item: Leftovers
|upkeep
|turn|3
|
|t:|1729453317
|move|p1a: Salamence|Outrage|p2a: Wall|[from]lockedmove
|-resisted|p2a: Wall
|-damage|p2a: Wall|37/100
|-damage|p1a: Salamence|48/100|[from] ability: Iron Barbs|[of] p2a: Wall
|-start|p1a: Salamence|confusion|[fatigue]
|move|p2a: Wall|Stealth Rock|p1a: Salamence
|-sidestart|p1: Esurient|move: Stealth Rock
|
|-weather|RainDance|[upkeep]
|-heal|p2a: Wall|43/100|[from] item: Leftovers
|upkeep
|turn|4
|
|t:|1729453320
|switch|p1a: Magnezone|Magnezone|100/100
|-damage|p1a: Magnezone|94/100|[from] Stealth Rock
|switch|p2a: Just A Magikarp|Gyarados, F, shiny|100/100
|-ability|p2a: Just A Magikarp|Intimidate|boost
|-unboost|p1a: Magnezone|atk|1
|
|-weather|RainDance|[upkeep]
|upkeep
|turn|5
|
|t:|1729453324
|switch|p2a: Look at this boi|Jolteon, M|100/100
|move|p1a: Magnezone|Thunderbolt|p2a: Look at this boi
|-immune|p2a: Look at this boi|[from] ability: Volt Absorb
|
|-weather|RainDance|[upkeep]
|upkeep
|turn|6
|
|t:|1729453331
|switch|p1a: Jirachi|Jirachi|100/100
|-damage|p1a: Jirachi|94/100|[from] Stealth Rock
|move|p2a: Look at this boi|Hidden Power|p1a: Jirachi
|-resisted|p1a: Jirachi
|-damage|p1a: Jirachi|88/100
|
|-weather|RainDance|[upkeep]
|upkeep
|turn|7
|
|t:|1729453333
|switch|p2a: Squid|Tentacruel, F|100/100
|move|p1a: Jirachi|Icy Wind|p2a: Squid
|-resisted|p2a: Squid
|-damage|p2a: Squid|96/100
|-unboost|p2a: Squid|spe|1
|
|-weather|RainDance|[upkeep]
|-heal|p2a: Squid|100/100|[from] ability: Rain Dish
|upkeep
|turn|8
|
|t:|1729453337
|move|p1a: Jirachi|Thunder|p2a: Squid
|-supereffective|p2a: Squid
|-damage|p2a: Squid|63/100
|-status|p2a: Squid|par
|move|p2a: Squid|Scald|p1a: Jirachi
|-crit|p1a: Jirachi
|-damage|p1a: Jirachi|41/100
|-status|p1a: Jirachi|brn
|
|-weather|RainDance|[upkeep]
|-heal|p2a: Squid|69/100 par|[from] ability: Rain Dish
|-heal|p2a: Squid|75/100 par|[from] item: Black Sludge
|-damage|p1a: Jirachi|29/100 brn|[from] brn
|upkeep
|turn|9
|c|☆rabian|sorry for the lucky shot
|
|t:|1729453351
|move|p1a: Jirachi|Stealth Rock|p2a: Squid
|-sidestart|p2: rabian|move: Stealth Rock
|move|p2a: Squid|Scald|p1a: Jirachi
|-damage|p1a: Jirachi|5/100 brn
|
|-weather|RainDance|[upkeep]
|-heal|p2a: Squid|81/100 par|[from] ability: Rain Dish
|-heal|p2a: Squid|87/100 par|[from] item: Black Sludge
|-damage|p1a: Jirachi|0 fnt|[from] brn
|faint|p1a: Jirachi
|upkeep
|
|t:|1729453356
|switch|p1a: Salamence|Salamence, F|48/100
|-damage|p1a: Salamence|23/100|[from] Stealth Rock
|turn|10
|
|t:|1729453361
|move|p1a: Salamence|Outrage|p2a: Squid
|-damage|p2a: Squid|0 fnt
|faint|p2a: Squid
|-ability|p1a: Salamence|Moxie|boost
|-boost|p1a: Salamence|atk|1
|
|-weather|RainDance|[upkeep]
|upkeep
|
|t:|1729453366
|switch|p2a: Look at this boi|Jolteon, M|100/100
|-damage|p2a: Look at this boi|88/100|[from] Stealth Rock
|turn|11
|
|t:|1729453367
|move|p2a: Look at this boi|Volt Switch|p1a: Salamence
|-damage|p1a: Salamence|0 fnt
|faint|p1a: Salamence
|
|t:|1729453370
|switch|p2a: Trans Flag|Toxicroak, F, shiny|100/100|[from] Volt Switch
|-damage|p2a: Trans Flag|94/100|[from] Stealth Rock
|
|-weather|RainDance|[upkeep]
|-heal|p2a: Trans Flag|100/100|[from] ability: Dry Skin
|upkeep
|
|t:|1729453373
|switch|p1a: Garchomp|Garchomp, M|100/100
|-damage|p1a: Garchomp|94/100|[from] Stealth Rock
|turn|12
|
|t:|1729453379
|switch|p2a: Just A Magikarp|Gyarados, F, shiny|100/100
|-damage|p2a: Just A Magikarp|76/100|[from] Stealth Rock
|-ability|p2a: Just A Magikarp|Intimidate|boost
|-unboost|p1a: Garchomp|atk|1
|move|p1a: Garchomp|Swords Dance|p1a: Garchomp
|-boost|p1a: Garchomp|atk|2
|
|-weather|RainDance|[upkeep]
|-heal|p2a: Just A Magikarp|82/100|[from] item: Leftovers
|upkeep
|turn|13
|
|t:|1729453381
|move|p1a: Garchomp|Dual Chop|p2a: Just A Magikarp
|-damage|p2a: Just A Magikarp|49/100
|-damage|p2a: Just A Magikarp|17/100
|-hitcount|p2a: Just A Magikarp|2
|move|p2a: Just A Magikarp|Waterfall|p1a: Garchomp
|-crit|p1a: Garchomp
|-damage|p1a: Garchomp|0 fnt
|-damage|p2a: Just A Magikarp|4/100|[from] ability: Rough Skin|[of] p1a: Garchomp
|faint|p1a: Garchomp
|
|-weather|RainDance|[upkeep]
|-heal|p2a: Just A Magikarp|10/100|[from] item: Leftovers
|upkeep
|c|☆rabian|sorry for the crit
|
|t:|1729453392
|switch|p1a: Latios|Latios, M|100/100
|-damage|p1a: Latios|88/100|[from] Stealth Rock
|turn|14
|
|t:|1729453397
|move|p1a: Latios|Psychic|p2a: Just A Magikarp
|-crit|p2a: Just A Magikarp
|-damage|p2a: Just A Magikarp|0 fnt
|faint|p2a: Just A Magikarp
|
|-weather|RainDance|[upkeep]
|upkeep
|
|t:|1729453411
|switch|p2a: Look at this boi|Jolteon, M|88/100
|-damage|p2a: Look at this boi|75/100|[from] Stealth Rock
|turn|15
|
|t:|1729453413
|move|p2a: Look at this boi|Volt Switch|p1a: Latios
|-resisted|p1a: Latios
|-damage|p1a: Latios|71/100
|
|t:|1729453419
|switch|p2a: Weather Setter|Politoed, M|8/100|[from] Volt Switch
|-damage|p2a: Weather Setter|0 fnt|[from] Stealth Rock
|faint|p2a: Weather Setter
|move|p1a: Latios|Psychic|p2: Weather Setter|[notarget]
|-fail|p1a: Latios
|
|-weather|RainDance|[upkeep]
|upkeep
|
|t:|1729453440
|switch|p2a: Look at this boi|Jolteon, M|75/100
|-damage|p2a: Look at this boi|63/100|[from] Stealth Rock
|turn|16
|
|t:|1729453447
|move|p2a: Look at this boi|Hidden Power|p1a: Latios
|-supereffective|p1a: Latios
|-crit|p1a: Latios
|-damage|p1a: Latios|0 fnt
|faint|p1a: Latios
|
|-weather|RainDance|[upkeep]
|upkeep
|
|t:|1729453453
|switch|p1a: Magnezone|Magnezone|94/100
|-damage|p1a: Magnezone|88/100|[from] Stealth Rock
|turn|17
|c|☆rabian|sorry for the crits...
|
|t:|1729453459
|move|p2a: Look at this boi|Hidden Power|p1a: Magnezone
|-resisted|p1a: Magnezone
|-damage|p1a: Magnezone|73/100
|move|p1a: Magnezone|Hidden Power|p2a: Look at this boi
|-damage|p2a: Look at this boi|32/100
|
|-weather|RainDance|[upkeep]
|upkeep
|turn|18
|
|t:|1729453463
|move|p2a: Look at this boi|Hidden Power|p1a: Magnezone
|-resisted|p1a: Magnezone
|-damage|p1a: Magnezone|60/100
|move|p1a: Magnezone|Hidden Power|p2a: Look at this boi
|-damage|p2a: Look at this boi|2/100
|
|-weather|RainDance|[upkeep]
|upkeep
|turn|19
|
|t:|1729453468
|move|p2a: Look at this boi|Hidden Power|p1a: Magnezone
|-resisted|p1a: Magnezone
|-damage|p1a: Magnezone|46/100
|move|p1a: Magnezone|Substitute|p1a: Magnezone
|-start|p1a: Magnezone|Substitute
|-damage|p1a: Magnezone|21/100
|-enditem|p1a: Magnezone|Salac Berry|[eat]
|-boost|p1a: Magnezone|spe|1|[from] item: Salac Berry
|
|-weather|RainDance|[upkeep]
|upkeep
|turn|20
|
|t:|1729453471
|move|p2a: Look at this boi|Hidden Power|p1a: Magnezone
|-resisted|p1a: Magnezone
|-activate|p1a: Magnezone|Substitute|[damage]
|move|p1a: Magnezone|Hidden Power|p2a: Look at this boi
|-damage|p2a: Look at this boi|0 fnt
|faint|p2a: Look at this boi
|
|-weather|RainDance|[upkeep]
|upkeep
|
|t:|1729453474
|switch|p2a: Trans Flag|Toxicroak, F, shiny|100/100
|-damage|p2a: Trans Flag|94/100|[from] Stealth Rock
|turn|21
|
|t:|1729453476
|move|p1a: Magnezone|Thunderbolt|p2a: Trans Flag
|-damage|p2a: Trans Flag|23/100
|move|p2a: Trans Flag|Drain Punch|p1a: Magnezone
|-supereffective|p1a: Magnezone
|-end|p1a: Magnezone|Substitute
|-heal|p2a: Trans Flag|27/100|[from] drain|[of] p1a: Magnezone
|
|-weather|RainDance|[upkeep]
|-heal|p2a: Trans Flag|40/100|[from] ability: Dry Skin
|upkeep
|turn|22
|
|t:|1729453480
|move|p2a: Trans Flag|Sucker Punch|p1a: Magnezone
|-resisted|p1a: Magnezone
|-crit|p1a: Magnezone
|-damage|p1a: Magnezone|0 fnt
|faint|p1a: Magnezone
|
|-weather|RainDance|[upkeep]
|-heal|p2a: Trans Flag|52/100|[from] ability: Dry Skin
|upkeep
|
|t:|1729453483
|switch|p1a: Terrakion|Terrakion|100/100
|-damage|p1a: Terrakion|94/100|[from] Stealth Rock
|turn|23
|c|☆rabian|i think you win anyway
|c|☆rabian|but also
|c|☆rabian|wow
|
|t:|1729453494
|move|p1a: Terrakion|Close Combat|p2a: Trans Flag
|-resisted|p2a: Trans Flag
|-damage|p2a: Trans Flag|0 fnt
|-unboost|p1a: Terrakion|def|1
|-unboost|p1a: Terrakion|spd|1
|faint|p2a: Trans Flag
|
|-weather|RainDance|[upkeep]
|upkeep
|c|☆rabian|gg
|
|t:|1729453500
|switch|p2a: Wall|Ferrothorn, F|43/100
|-damage|p2a: Wall|37/100|[from] Stealth Rock
|turn|24
|c|☆Esurient|gg
|
|t:|1729453503
|move|p1a: Terrakion|Close Combat|p2a: Wall
|-supereffective|p2a: Wall
|-damage|p2a: Wall|0 fnt
|-unboost|p1a: Terrakion|def|1
|-unboost|p1a: Terrakion|spd|1
|-damage|p1a: Terrakion|82/100|[from] ability: Iron Barbs|[of] p2a: Wall
|faint|p2a: Wall
|
|win|Esurient
|raw|Esurient's rating: 1339 &rarr; <strong>1364</strong><br />(+25 for winning)
|raw|rabian's rating: 1422 &rarr; <strong>1397</strong><br />(-25 for losing)
