|j|☆testdwe
|j|☆phosphor
|t:|1738319619
|gametype|singles
|player|p1|testdwe|preschooler|1318
|player|p2|phosphor|#phosphor|1363
|teamsize|p1|6
|teamsize|p2|6
|gen|5
|tier|[Gen 5] OU
|rated|
|rule|Species Clause: Limit one of each Pokémon
|rule|OHKO Clause: OHKO moves are banned
|rule|Moody Clause: Moody is banned
|rule|Evasion Items Clause: Evasion items are banned
|rule|Evasion Moves Clause: Evasion moves are banned
|rule|Endless Battle Clause: Forcing endless battles is banned
|rule|HP Percentage Mod: HP is shown in percentages
|rule|Evasion Abilities Clause: Evasion abilities are banned
|rule|Sleep Moves Clause: Sleep-inducing moves are banned
|rule|Swagger Clause: Swagger is banned
|rule|Baton Pass Stat Clause: No Baton Passer may have a way to boost its stats
|clearpoke
|poke|p1|Jirachi|item
|poke|p1|Landorus-Therian, M|item
|poke|p1|Keldeo|item
|poke|p1|Scizor, F|item
|poke|p1|Starmie|item
|poke|p1|Kyurem|item
|poke|p2|Ninetales, F|item
|poke|p2|Excadrill, F|item
|poke|p2|Volcarona, M|item
|poke|p2|Chansey, F|item
|poke|p2|Cresselia, F|item
|poke|p2|Rotom-Wash|item
|teampreview
|c|☆phosphor|gl hf
|
|t:|1738319655
|start
|switch|p1a: Kyurem|Kyurem|100/100
|switch|p2a: Ninetales|Ninetales, F|100/100
|-ability|p1a: Kyurem|Pressure
|-weather|SunnyDay|[from] ability: Drought|[of] p2a: Ninetales
|turn|1
|
|t:|1738319668
|move|p1a: Kyurem|Substitute|p1a: Kyurem
|-start|p1a: Kyurem|Substitute
|-damage|p1a: Kyurem|76/100
|move|p2a: Ninetales|Fire Blast|p1a: Kyurem
|-end|p1a: Kyurem|Substitute
|
|-weather|SunnyDay|[upkeep]
|-heal|p1a: Kyurem|82/100|[from] item: Leftovers
|upkeep
|turn|2
|
|t:|1738319687
|switch|p2a: Chansey|Chansey, F|100/100
|move|p1a: Kyurem|Earth Power|p2a: Chansey
|-damage|p2a: Chansey|91/100
|
|-weather|SunnyDay|[upkeep]
|-heal|p1a: Kyurem|88/100|[from] item: Leftovers
|upkeep
|turn|3
|
|t:|1738319697
|move|p1a: Kyurem|Substitute|p1a: Kyurem
|-start|p1a: Kyurem|Substitute
|-damage|p1a: Kyurem|63/100
|move|p2a: Chansey|Stealth Rock|p1a: Kyurem
|-sidestart|p1: testdwe|move: Stealth Rock
|
|-weather|SunnyDay|[upkeep]
|-heal|p1a: Kyurem|69/100|[from] item: Leftovers
|upkeep
|turn|4
|
|t:|1738319709
|move|p1a: Kyurem|Ice Beam|p2a: Chansey
|-damage|p2a: Chansey|77/100
|move|p2a: Chansey|Seismic Toss|p1a: Kyurem
|-activate|p1a: Kyurem|Substitute|[damage]
|
|-weather|SunnyDay|[upkeep]
|-heal|p1a: Kyurem|75/100|[from] item: Leftovers
|upkeep
|turn|5
|
|t:|1738319719
|switch|p2a: Volcarona|Volcarona, M|100/100
|move|p1a: Kyurem|Ice Beam|p2a: Volcarona
|-resisted|p2a: Volcarona
|-damage|p2a: Volcarona|76/100
|
|-weather|SunnyDay|[upkeep]
|-heal|p1a: Kyurem|81/100|[from] item: Leftovers
|upkeep
|turn|6
|
|t:|1738319726
|move|p2a: Volcarona|Quiver Dance|p2a: Volcarona
|-boost|p2a: Volcarona|spa|1
|-boost|p2a: Volcarona|spd|1
|-boost|p2a: Volcarona|spe|1
|move|p1a: Kyurem|Earth Power|p2a: Volcarona
|-crit|p2a: Volcarona
|-damage|p2a: Volcarona|8/100
|
|-weather|SunnyDay|[upkeep]
|-heal|p1a: Kyurem|88/100|[from] item: Leftovers
|upkeep
|turn|7
|
|t:|1738319735
|move|p2a: Volcarona|Rest|p2a: Volcarona
|-status|p2a: Volcarona|slp|[from] move: Rest
|-heal|p2a: Volcarona|100/100 slp|[silent]
|-enditem|p2a: Volcarona|Chesto Berry|[eat]
|-curestatus|p2a: Volcarona|slp|[msg]
|move|p1a: Kyurem|Earth Power|p2a: Volcarona
|-damage|p2a: Volcarona|80/100
|
|-weather|SunnyDay|[upkeep]
|-heal|p1a: Kyurem|94/100|[from] item: Leftovers
|upkeep
|turn|8
|
|t:|1738319738
|move|p2a: Volcarona|Quiver Dance|p2a: Volcarona
|-boost|p2a: Volcarona|spa|1
|-boost|p2a: Volcarona|spd|1
|-boost|p2a: Volcarona|spe|1
|move|p1a: Kyurem|Earth Power|p2a: Volcarona
|-damage|p2a: Volcarona|64/100
|
|-weather|SunnyDay|[upkeep]
|-heal|p1a: Kyurem|99/100|[from] item: Leftovers
|upkeep
|turn|9
|
|t:|1738319745
|move|p2a: Volcarona|Bug Buzz|p1a: Kyurem
|-crit|p1a: Kyurem
|-end|p1a: Kyurem|Substitute
|move|p1a: Kyurem|Earth Power|p2a: Volcarona
|-damage|p2a: Volcarona|47/100
|
|-weather|SunnyDay|[upkeep]
|-heal|p1a: Kyurem|100/100|[from] item: Leftovers
|upkeep
|turn|10
|
|t:|1738319773
|switch|p1a: Jirachi|Jirachi|100/100
|-damage|p1a: Jirachi|94/100|[from] Stealth Rock
|move|p2a: Volcarona|Fire Blast|p1a: Jirachi
|-supereffective|p1a: Jirachi
|-damage|p1a: Jirachi|0 fnt
|faint|p1a: Jirachi
|
|-weather|SunnyDay|[upkeep]
|upkeep
|
|t:|1738319783
|switch|p1a: Scizor|Scizor, F|100/100
|-damage|p1a: Scizor|88/100|[from] Stealth Rock
|turn|11
|j| Big Ants
|c| Big Ants|diff sun team
|
|t:|1738319821
|move|p1a: Scizor|Bullet Punch|p2a: Volcarona
|-resisted|p2a: Volcarona
|-damage|p2a: Volcarona|8/100
|move|p2a: Volcarona|Fire Blast|p1a: Scizor
|-supereffective|p1a: Scizor
|-damage|p1a: Scizor|0 fnt
|faint|p1a: Scizor
|
|-weather|SunnyDay|[upkeep]
|upkeep
|
|t:|1738319829
|switch|p1a: Keldeo|Keldeo|100/100
|-damage|p1a: Keldeo|94/100|[from] Stealth Rock
|turn|12
|c|☆phosphor|that old sun team was really bad
|
|t:|1738319835
|move|p2a: Volcarona|Fire Blast|p1a: Keldeo
|-resisted|p1a: Keldeo
|-damage|p1a: Keldeo|0 fnt
|faint|p1a: Keldeo
|
|-weather|SunnyDay|[upkeep]
|upkeep
|-message|testdwe forfeited.
|
|win|phosphor
|raw|testdwe's rating: 1318 &rarr; <strong>1301</strong><br />(-17 for losing)
|raw|phosphor's rating: 1363 &rarr; <strong>1380</strong><br />(+17 for winning)
|l|☆testdwe
|player|p1|
|c|☆phosphor|it had p2 right?
