|j|☆lingluojunm
|j|☆HydreigonSpammer
|t:|1735268590
|gametype|singles
|player|p1|lingluojunm|102|1359
|player|p2|HydreigonSpammer|acetrainer|1319
|teamsize|p1|6
|teamsize|p2|6
|gen|5
|tier|[Gen 5] OU
|rated|
|rule|Species Clause: Limit one of each Pokémon
|rule|OHKO Clause: OHKO moves are banned
|rule|Moody Clause: Moody is banned
|rule|Evasion Items Clause: Evasion items are banned
|rule|Evasion Moves Clause: Evasion moves are banned
|rule|Endless Battle Clause: Forcing endless battles is banned
|rule|HP Percentage Mod: HP is shown in percentages
|rule|Evasion Abilities Clause: Evasion abilities are banned
|rule|Sleep Moves Clause: Sleep-inducing moves are banned
|rule|Swagger Clause: Swagger is banned
|rule|Baton Pass Stat Clause: No Baton Passer may have a way to boost its stats
|clearpoke
|poke|p1|Mamoswine, M|item
|poke|p1|Dragonite, M|item
|poke|p1|Scizor, F|item
|poke|p1|Breloom, F|item
|poke|p1|Spiritomb, F|item
|poke|p1|Alakazam, M|item
|poke|p2|Machamp, F|item
|poke|p2|Tyranitar, F|item
|poke|p2|Latios, M|item
|poke|p2|Cofagrigus, M|item
|poke|p2|Heatran, F|item
|poke|p2|Scolipede, F|item
|teampreview
|inactive|Battle timer is ON: inactive players will automatically lose when time's up. (requested by lingluojunm)
|
|t:|1735268611
|start
|switch|p1a: Mamoswine|Mamoswine, M|100/100
|switch|p2a: DPP OU|Machamp, F, shiny|100/100
|turn|1
|
|t:|1735268616
|move|p2a: DPP OU|Dynamic Punch|p1a: Mamoswine
|-supereffective|p1a: Mamoswine
|-enditem|p1a: Mamoswine|Focus Sash
|-damage|p1a: Mamoswine|1/100
|-start|p1a: Mamoswine|confusion
|-activate|p1a: Mamoswine|confusion
|move|p1a: Mamoswine|Stealth Rock|p2a: DPP OU
|-sidestart|p2: HydreigonSpammer|move: Stealth Rock
|
|upkeep
|turn|2
|
|t:|1735268627
|switch|p1a: Spiritomb|Spiritomb, F|100/100
|move|p2a: DPP OU|Dynamic Punch|p1a: Spiritomb
|-immune|p1a: Spiritomb
|
|upkeep
|turn|3
|
|t:|1735268655
|switch|p2a: I can fly|Heatran, F|100/100
|-damage|p2a: I can fly|88/100|[from] Stealth Rock
|-item|p2a: I can fly|Air Balloon
|move|p1a: Spiritomb|Shadow Sneak|p2a: I can fly
|-resisted|p2a: I can fly
|-damage|p2a: I can fly|74/100
|-enditem|p2a: I can fly|Air Balloon
|
|upkeep
|turn|4
|
|t:|1735268664
|switch|p1a: Mamoswine|Mamoswine, M|1/100
|move|p2a: I can fly|Stealth Rock|p1a: Mamoswine
|-sidestart|p1: lingluojunm|move: Stealth Rock
|
|upkeep
|turn|5
|
|t:|1735268682
|move|p1a: Mamoswine|Earthquake|p2a: I can fly
|-supereffective|p2a: I can fly
|-damage|p2a: I can fly|0 fnt
|faint|p2a: I can fly
|
|upkeep
|
|t:|1735268695
|switch|p2a: DPP OU|Machamp, F, shiny|100/100
|-damage|p2a: DPP OU|94/100|[from] Stealth Rock
|turn|6
|
|t:|1735268704
|move|p1a: Mamoswine|Ice Shard|p2a: DPP OU
|-damage|p2a: DPP OU|69/100
|move|p2a: DPP OU|Ice Punch|p1a: Mamoswine
|-damage|p1a: Mamoswine|0 fnt
|faint|p1a: Mamoswine
|
|upkeep
|
|t:|1735268714
|switch|p1a: Alakazam|Alakazam, M|100/100
|turn|7
|
|t:|1735268721
|switch|p2a: LatiosISEZ|Tyranitar, F|100/100
|-damage|p2a: LatiosISEZ|88/100|[from] Stealth Rock
|-weather|Sandstorm|[from] ability: Sand Stream|[of] p2a: LatiosISEZ
|move|p1a: Alakazam|Focus Blast|p2a: LatiosISEZ|[miss]
|-miss|p1a: Alakazam|p2a: LatiosISEZ
|
|-weather|Sandstorm|[upkeep]
|upkeep
|turn|8
|
|t:|1735268729
|move|p1a: Alakazam|Focus Blast|p2a: LatiosISEZ
|-supereffective|p2a: LatiosISEZ
|-enditem|p2a: LatiosISEZ|Chople Berry|[eat]
|-enditem|p2a: LatiosISEZ|Chople Berry|[weaken]
|-damage|p2a: LatiosISEZ|50/100
|move|p2a: LatiosISEZ|Pursuit|p1a: Alakazam
|-supereffective|p1a: Alakazam
|-enditem|p1a: Alakazam|Focus Sash
|-damage|p1a: Alakazam|1/100
|
|-weather|Sandstorm|[upkeep]
|upkeep
|turn|9
|
|t:|1735268738
|move|p1a: Alakazam|Focus Blast|p2a: LatiosISEZ|[miss]
|-miss|p1a: Alakazam|p2a: LatiosISEZ
|move|p2a: LatiosISEZ|Pursuit|p1a: Alakazam
|-supereffective|p1a: Alakazam
|-damage|p1a: Alakazam|0 fnt
|faint|p1a: Alakazam
|
|-weather|Sandstorm|[upkeep]
|upkeep
|
|t:|1735268749
|switch|p1a: Breloom|Breloom, F|100/100
|-damage|p1a: Breloom|94/100|[from] Stealth Rock
|turn|10
|
|t:|1735268754
|move|p1a: Breloom|Mach Punch|p2a: LatiosISEZ
|-supereffective|p2a: LatiosISEZ
|-damage|p2a: LatiosISEZ|0 fnt
|faint|p2a: LatiosISEZ
|-damage|p1a: Breloom|84/100|[from] item: Life Orb
|
|-weather|Sandstorm|[upkeep]
|-damage|p1a: Breloom|78/100|[from] Sandstorm
|upkeep
|
|t:|1735268772
|switch|p2a: NotHydreigon|Latios, M, shiny|100/100
|-damage|p2a: NotHydreigon|88/100|[from] Stealth Rock
|turn|11
|
|t:|1735268778
|switch|p1a: Spiritomb|Spiritomb, F|100/100
|-damage|p1a: Spiritomb|88/100|[from] Stealth Rock
|move|p2a: NotHydreigon|Hidden Power|p1a: Spiritomb
|-damage|p1a: Spiritomb|54/100
|-damage|p2a: NotHydreigon|78/100|[from] item: Life Orb
|
|-weather|Sandstorm|[upkeep]
|-damage|p2a: NotHydreigon|72/100|[from] Sandstorm
|-damage|p1a: Spiritomb|48/100|[from] Sandstorm
|upkeep
|turn|12
|
|t:|1735268790
|move|p2a: NotHydreigon|Recover|p2a: NotHydreigon
|-heal|p2a: NotHydreigon|100/100
|move|p1a: Spiritomb|Pursuit|p2a: NotHydreigon
|-supereffective|p2a: NotHydreigon
|-damage|p2a: NotHydreigon|20/100
|
|-weather|Sandstorm|[upkeep]
|-damage|p2a: NotHydreigon|14/100|[from] Sandstorm
|-damage|p1a: Spiritomb|42/100|[from] Sandstorm
|upkeep
|turn|13
|
|t:|1735268798
|move|p2a: NotHydreigon|Recover|p2a: NotHydreigon
|-heal|p2a: NotHydreigon|64/100
|move|p1a: Spiritomb|Pursuit|p2a: NotHydreigon
|-supereffective|p2a: NotHydreigon
|-damage|p2a: NotHydreigon|0 fnt
|faint|p2a: NotHydreigon
|
|-weather|Sandstorm|[upkeep]
|-damage|p1a: Spiritomb|36/100|[from] Sandstorm
|upkeep
|
|t:|1735268806
|switch|p2a: Ballsbreaker|Scolipede, F, shiny|100/100
|-damage|p2a: Ballsbreaker|76/100|[from] Stealth Rock
|turn|14
|
|t:|1735268811
|switch|p1a: Breloom|Breloom, F|78/100
|-damage|p1a: Breloom|72/100|[from] Stealth Rock
|move|p2a: Ballsbreaker|Spikes|p1a: Breloom
|-sidestart|p1: lingluojunm|Spikes
|
|-weather|Sandstorm|[upkeep]
|-damage|p2a: Ballsbreaker|69/100|[from] Sandstorm
|-damage|p1a: Breloom|66/100|[from] Sandstorm
|upkeep
|turn|15
|
|t:|1735268821
|move|p2a: Ballsbreaker|Hidden Power|p1a: Breloom
|-supereffective|p1a: Breloom
|-crit|p1a: Breloom
|-damage|p1a: Breloom|0 fnt
|faint|p1a: Breloom
|
|-weather|Sandstorm|[upkeep]
|-damage|p2a: Ballsbreaker|63/100|[from] Sandstorm
|upkeep
|
|t:|1735268840
|switch|p1a: Spiritomb|Spiritomb, F|36/100
|-damage|p1a: Spiritomb|24/100|[from] Stealth Rock
|-damage|p1a: Spiritomb|12/100|[from] Spikes
|turn|16
|
|t:|1735268848
|move|p1a: Spiritomb|Shadow Sneak|p2a: Ballsbreaker
|-damage|p2a: Ballsbreaker|20/100
|move|p2a: Ballsbreaker|Spikes|p1a: Spiritomb
|-sidestart|p1: lingluojunm|Spikes
|
|-weather|Sandstorm|[upkeep]
|-damage|p2a: Ballsbreaker|14/100|[from] Sandstorm
|-damage|p1a: Spiritomb|6/100|[from] Sandstorm
|upkeep
|turn|17
|
|t:|1735268854
|move|p1a: Spiritomb|Shadow Sneak|p2a: Ballsbreaker
|-damage|p2a: Ballsbreaker|0 fnt
|faint|p2a: Ballsbreaker
|
|-weather|Sandstorm|[upkeep]
|-damage|p1a: Spiritomb|0 fnt|[from] Sandstorm
|faint|p1a: Spiritomb
|upkeep
|
|t:|1735268877
|switch|p2a: Wednesday|Cofagrigus, M, shiny|100/100
|switch|p1a: Dragonite|Dragonite, M|100/100
|-damage|p1a: Dragonite|75/100|[from] Stealth Rock
|-damage|p2a: Wednesday|88/100|[from] Stealth Rock
|turn|18
|
|t:|1735268883
|move|p1a: Dragonite|Dragon Dance|p1a: Dragonite
|-boost|p1a: Dragonite|atk|1
|-boost|p1a: Dragonite|spe|1
|move|p2a: Wednesday|Hidden Power|p1a: Dragonite
|-supereffective|p1a: Dragonite
|-damage|p1a: Dragonite|6/100
|
|-weather|Sandstorm|[upkeep]
|-damage|p1a: Dragonite|0 fnt|[from] Sandstorm
|-damage|p2a: Wednesday|82/100|[from] Sandstorm
|faint|p1a: Dragonite
|-heal|p2a: Wednesday|88/100|[from] item: Leftovers
|upkeep
|
|t:|1735268895
|switch|p1a: Scizor|Scizor, F|100/100
|-damage|p1a: Scizor|88/100|[from] Stealth Rock
|-damage|p1a: Scizor|72/100|[from] Spikes
|turn|19
|l|☆lingluojunm
|inactive|lingluojunm disconnected and has a minute to reconnect!
|player|p1|
|j|☆lingluojunm
|inactive|lingluojunm reconnected and has 110 seconds left.
|player|p1|lingluojunm|102|
|
|t:|1735268938
|move|p1a: Scizor|Swords Dance|p1a: Scizor
|-boost|p1a: Scizor|atk|2
|move|p2a: Wednesday|Will-O-Wisp|p1a: Scizor
|-status|p1a: Scizor|brn
|
|-weather|Sandstorm|[upkeep]
|-damage|p2a: Wednesday|82/100|[from] Sandstorm
|-heal|p2a: Wednesday|88/100|[from] item: Leftovers
|-damage|p1a: Scizor|59/100 brn|[from] brn
|upkeep
|turn|20
|
|t:|1735268948
|move|p1a: Scizor|Pursuit|p2a: Wednesday
|-supereffective|p2a: Wednesday
|-damage|p2a: Wednesday|39/100
|-activate|p2a: Wednesday|ability: Mummy|Technician|[of] p1a: Scizor
|-damage|p1a: Scizor|49/100 brn|[from] item: Life Orb
|move|p2a: Wednesday|Knock Off|p1a: Scizor
|-resisted|p1a: Scizor
|-damage|p1a: Scizor|48/100 brn
|-enditem|p1a: Scizor|Life Orb|[from] move: Knock Off|[of] p2a: Wednesday
|
|-weather|Sandstorm|[upkeep]
|-damage|p2a: Wednesday|33/100|[from] Sandstorm
|-heal|p2a: Wednesday|39/100|[from] item: Leftovers
|-damage|p1a: Scizor|36/100 brn|[from] brn
|upkeep
|turn|21
|inactive|lingluojunm has 120 seconds left.
|
|t:|1735268962
|move|p1a: Scizor|Swords Dance|p1a: Scizor
|-boost|p1a: Scizor|atk|2
|move|p2a: Wednesday|Shadow Ball|p1a: Scizor
|-resisted|p1a: Scizor
|-damage|p1a: Scizor|17/100 brn
|
|-weather|Sandstorm|[upkeep]
|-damage|p2a: Wednesday|33/100|[from] Sandstorm
|-heal|p2a: Wednesday|39/100|[from] item: Leftovers
|-damage|p1a: Scizor|5/100 brn|[from] brn
|upkeep
|turn|22
|inactive|lingluojunm has 120 seconds left.
|
|t:|1735268972
|move|p1a: Scizor|Pursuit|p2a: Wednesday
|-supereffective|p2a: Wednesday
|-crit|p2a: Wednesday
|-damage|p2a: Wednesday|0 fnt
|faint|p2a: Wednesday
|
|-weather|Sandstorm|[upkeep]
|-damage|p1a: Scizor|0 fnt|[from] brn
|faint|p1a: Scizor
|
|win|HydreigonSpammer
|upkeep
|raw|lingluojunm's rating: 1359 &rarr; <strong>1337</strong><br />(-22 for losing)
|raw|HydreigonSpammer's rating: 1319 &rarr; <strong>1341</strong><br />(+22 for winning)
