|j|☆Croaset
|j|☆aiosa
|t:|1732576348
|gametype|singles
|player|p1|Croaset|elesa|1411
|player|p2|aiosa|102|1342
|teamsize|p1|6
|teamsize|p2|6
|gen|5
|tier|[Gen 5] OU
|rated|
|rule|Species Clause: Limit one of each Pokémon
|rule|OHKO Clause: OHKO moves are banned
|rule|Moody Clause: Moody is banned
|rule|Evasion Items Clause: Evasion items are banned
|rule|Evasion Moves Clause: Evasion moves are banned
|rule|Endless Battle Clause: Forcing endless battles is banned
|rule|HP Percentage Mod: HP is shown in percentages
|rule|Evasion Abilities Clause: Evasion abilities are banned
|rule|Sleep Moves Clause: Sleep-inducing moves are banned
|rule|Swagger Clause: Swagger is banned
|rule|Baton Pass Stat Clause: No Baton Passer may have a way to boost its stats
|clearpoke
|poke|p1|Politoed, M|item
|poke|p1|Tentacruel, F|item
|poke|p1|Ferrothorn, F|item
|poke|p1|Gastrodon, M|item
|poke|p1|Toxicroak, M|item
|poke|p1|Keldeo|item
|poke|p2|Metagross|item
|poke|p2|Magnezone|item
|poke|p2|Dragonite, M|item
|poke|p2|Starmie|item
|poke|p2|Infernape, M|item
|poke|p2|Ferrothorn, F|item
|teampreview
|inactive|Battle timer is ON: inactive players will automatically lose when time's up. (requested by Croaset)
|
|t:|1732576356
|start
|switch|p1a: Politoed|Politoed, M|100/100
|switch|p2a: Infernape|Infernape, M|100/100
|-weather|RainDance|[from] ability: Drizzle|[of] p1a: Politoed
|turn|1
|
|t:|1732576361
|move|p2a: Infernape|Thunder Punch|p1a: Politoed
|-supereffective|p1a: Politoed
|-damage|p1a: Politoed|34/100
|move|p1a: Politoed|Scald|p2a: Infernape
|-supereffective|p2a: Infernape
|-damage|p2a: Infernape|0 fnt
|faint|p2a: Infernape
|
|-weather|RainDance|[upkeep]
|-heal|p1a: Politoed|41/100|[from] item: Leftovers
|upkeep
|
|t:|1732576364
|switch|p2a: Ferrothorn|Ferrothorn, F|100/100
|turn|2
|
|t:|1732576375
|switch|p1a: Ferrothorn|Ferrothorn, F|100/100
|move|p2a: Ferrothorn|Stealth Rock|p1a: Ferrothorn
|-sidestart|p1: Croaset|move: Stealth Rock
|
|-weather|RainDance|[upkeep]
|upkeep
|turn|3
|
|t:|1732576385
|switch|p1a: Toxicroak|Toxicroak, M|100/100
|-damage|p1a: Toxicroak|94/100|[from] Stealth Rock
|switch|p2a: Magnezone|Magnezone|100/100
|-item|p2a: Magnezone|Air Balloon
|
|-weather|RainDance|[upkeep]
|-heal|p1a: Toxicroak|100/100|[from] ability: Dry Skin
|upkeep
|turn|4
|
|t:|1732576391
|switch|p2a: Metagross|Metagross|100/100
|move|p1a: Toxicroak|Substitute|p1a: Toxicroak
|-start|p1a: Toxicroak|Substitute
|-damage|p1a: Toxicroak|76/100
|
|-weather|RainDance|[upkeep]
|-heal|p1a: Toxicroak|88/100|[from] ability: Dry Skin
|-heal|p1a: Toxicroak|94/100|[from] item: Black Sludge
|upkeep
|turn|5
|
|t:|1732576395
|move|p2a: Metagross|Meteor Mash|p1a: Toxicroak|[miss]
|-miss|p2a: Metagross|p1a: Toxicroak
|move|p1a: Toxicroak|Bulk Up|p1a: Toxicroak
|-boost|p1a: Toxicroak|atk|1
|-boost|p1a: Toxicroak|def|1
|
|-weather|RainDance|[upkeep]
|-heal|p1a: Toxicroak|100/100|[from] ability: Dry Skin
|upkeep
|turn|6
|
|t:|1732576399
|move|p2a: Metagross|Meteor Mash|p1a: Toxicroak
|-end|p1a: Toxicroak|Substitute
|move|p1a: Toxicroak|Bulk Up|p1a: Toxicroak
|-boost|p1a: Toxicroak|atk|1
|-boost|p1a: Toxicroak|def|1
|
|-weather|RainDance|[upkeep]
|upkeep
|turn|7
|
|t:|1732576401
|move|p2a: Metagross|Meteor Mash|p1a: Toxicroak
|-damage|p1a: Toxicroak|47/100
|move|p1a: Toxicroak|Substitute|p1a: Toxicroak
|-start|p1a: Toxicroak|Substitute
|-damage|p1a: Toxicroak|22/100
|
|-weather|RainDance|[upkeep]
|-heal|p1a: Toxicroak|34/100|[from] ability: Dry Skin
|-heal|p1a: Toxicroak|40/100|[from] item: Black Sludge
|upkeep
|turn|8
|
|t:|1732576405
|move|p2a: Metagross|Meteor Mash|p1a: Toxicroak
|-end|p1a: Toxicroak|Substitute
|move|p1a: Toxicroak|Bulk Up|p1a: Toxicroak
|-boost|p1a: Toxicroak|atk|1
|-boost|p1a: Toxicroak|def|1
|
|-weather|RainDance|[upkeep]
|-heal|p1a: Toxicroak|53/100|[from] ability: Dry Skin
|-heal|p1a: Toxicroak|59/100|[from] item: Black Sludge
|upkeep
|turn|9
|
|t:|1732576411
|move|p2a: Metagross|Meteor Mash|p1a: Toxicroak
|-damage|p1a: Toxicroak|10/100
|move|p1a: Toxicroak|Drain Punch|p2a: Metagross
|-damage|p2a: Metagross|39/100
|-heal|p1a: Toxicroak|35/100|[from] drain|[of] p2a: Metagross
|
|-weather|RainDance|[upkeep]
|-heal|p1a: Toxicroak|48/100|[from] ability: Dry Skin
|-heal|p1a: Toxicroak|54/100|[from] item: Black Sludge
|upkeep
|turn|10
|
|t:|1732576423
|move|p2a: Metagross|Meteor Mash|p1a: Toxicroak
|-damage|p1a: Toxicroak|8/100
|move|p1a: Toxicroak|Drain Punch|p2a: Metagross
|-damage|p2a: Metagross|0 fnt
|-heal|p1a: Toxicroak|23/100|[from] drain|[of] p2a: Metagross
|faint|p2a: Metagross
|
|-weather|RainDance|[upkeep]
|-heal|p1a: Toxicroak|36/100|[from] ability: Dry Skin
|-heal|p1a: Toxicroak|42/100|[from] item: Black Sludge
|upkeep
|
|t:|1732576426
|switch|p2a: Starmie|Starmie|100/100
|turn|11
|
|t:|1732576429
|switch|p1a: Ferrothorn|Ferrothorn, F|100/100
|-damage|p1a: Ferrothorn|94/100|[from] Stealth Rock
|move|p2a: Starmie|Trick|p1a: Ferrothorn
|-activate|p2a: Starmie|move: Trick|[of] p1a: Ferrothorn
|-item|p1a: Ferrothorn|Choice Specs|[from] move: Trick
|-item|p2a: Starmie|Leftovers|[from] move: Trick
|
|-weather|RainDance|[upkeep]
|upkeep
|turn|12
|
|t:|1732576437
|switch|p2a: Magnezone|Magnezone|100/100
|-item|p2a: Magnezone|Air Balloon
|move|p1a: Ferrothorn|Stealth Rock|p2a: Magnezone
|-sidestart|p2: aiosa|move: Stealth Rock
|
|-weather|RainDance|[upkeep]
|upkeep
|turn|13
|
|t:|1732576443
|move|p2a: Magnezone|Sunny Day|p2a: Magnezone
|-weather|SunnyDay
|move|p1a: Ferrothorn|Stealth Rock||[still]
|-fail|p1a: Ferrothorn
|
|-weather|SunnyDay|[upkeep]
|upkeep
|turn|14
|
|t:|1732576446
|move|p2a: Magnezone|Magnet Rise|p2a: Magnezone
|-start|p2a: Magnezone|Magnet Rise
|move|p1a: Ferrothorn|Stealth Rock||[still]
|-fail|p1a: Ferrothorn
|
|-weather|SunnyDay|[upkeep]
|upkeep
|turn|15
|
|t:|1732576447
|move|p2a: Magnezone|Hidden Power|p1a: Ferrothorn
|-supereffective|p1a: Ferrothorn
|-damage|p1a: Ferrothorn|0 fnt
|faint|p1a: Ferrothorn
|
|-weather|SunnyDay|[upkeep]
|upkeep
|
|t:|1732576449
|switch|p1a: Politoed|Politoed, M|41/100
|-damage|p1a: Politoed|28/100|[from] Stealth Rock
|-weather|RainDance|[from] ability: Drizzle|[of] p1a: Politoed
|turn|16
|
|t:|1732576455
|move|p2a: Magnezone|Sunny Day|p2a: Magnezone
|-weather|SunnyDay
|move|p1a: Politoed|Scald|p2a: Magnezone
|-damage|p2a: Magnezone|83/100
|-enditem|p2a: Magnezone|Air Balloon
|
|-weather|SunnyDay|[upkeep]
|-heal|p1a: Politoed|34/100|[from] item: Leftovers
|upkeep
|turn|17
|j| Igktor
|
|t:|1732576458
|switch|p1a: Gastrodon|Gastrodon, M|100/100
|-damage|p1a: Gastrodon|94/100|[from] Stealth Rock
|move|p2a: Magnezone|Thunderbolt|p1a: Gastrodon
|-immune|p1a: Gastrodon
|
|-weather|SunnyDay|[upkeep]
|-heal|p1a: Gastrodon|100/100|[from] item: Leftovers
|upkeep
|turn|18
|
|t:|1732576461
|switch|p2a: Starmie|Starmie|100/100
|-damage|p2a: Starmie|88/100|[from] Stealth Rock
|move|p1a: Gastrodon|Scald|p2a: Starmie
|-resisted|p2a: Starmie
|-damage|p2a: Starmie|79/100
|-status|p2a: Starmie|brn
|
|-weather|SunnyDay|[upkeep]
|-heal|p2a: Starmie|85/100 brn|[from] item: Leftovers
|-damage|p2a: Starmie|73/100 brn|[from] brn
|upkeep
|turn|19
|
|t:|1732576465
|switch|p1a: Politoed|Politoed, M|34/100
|-damage|p1a: Politoed|22/100|[from] Stealth Rock
|-weather|RainDance|[from] ability: Drizzle|[of] p1a: Politoed
|move|p2a: Starmie|Rapid Spin|p1a: Politoed
|-damage|p1a: Politoed|21/100
|-sideend|p2: aiosa|Stealth Rock|[from] move: Rapid Spin|[of] p2a: Starmie
|
|-weather|RainDance|[upkeep]
|-heal|p2a: Starmie|79/100 brn|[from] item: Leftovers
|-heal|p1a: Politoed|27/100|[from] item: Leftovers
|-damage|p2a: Starmie|67/100 brn|[from] brn
|upkeep
|turn|20
|
|t:|1732576471
|switch|p1a: Tentacruel|Tentacruel, F|100/100
|-damage|p1a: Tentacruel|88/100|[from] Stealth Rock
|move|p2a: Starmie|Psyshock|p1a: Tentacruel
|-supereffective|p1a: Tentacruel
|-damage|p1a: Tentacruel|6/100
|
|-weather|RainDance|[upkeep]
|-heal|p1a: Tentacruel|12/100|[from] ability: Rain Dish
|-heal|p2a: Starmie|73/100 brn|[from] item: Leftovers
|-heal|p1a: Tentacruel|18/100|[from] item: Black Sludge
|-damage|p2a: Starmie|61/100 brn|[from] brn
|upkeep
|turn|21
|
|t:|1732576474
|move|p1a: Tentacruel|Protect|p1a: Tentacruel
|-singleturn|p1a: Tentacruel|Protect
|move|p2a: Starmie|Psyshock|p1a: Tentacruel
|-activate|p1a: Tentacruel|move: Protect
|
|-weather|RainDance|[upkeep]
|-heal|p1a: Tentacruel|24/100|[from] ability: Rain Dish
|-heal|p2a: Starmie|67/100 brn|[from] item: Leftovers
|-heal|p1a: Tentacruel|30/100|[from] item: Black Sludge
|-damage|p2a: Starmie|55/100 brn|[from] brn
|upkeep
|turn|22
|
|t:|1732576480
|switch|p1a: Gastrodon|Gastrodon, M|100/100
|-damage|p1a: Gastrodon|94/100|[from] Stealth Rock
|move|p2a: Starmie|Psyshock|p1a: Gastrodon
|-damage|p1a: Gastrodon|60/100
|
|-weather|RainDance|[upkeep]
|-heal|p2a: Starmie|61/100 brn|[from] item: Leftovers
|-heal|p1a: Gastrodon|66/100|[from] item: Leftovers
|-damage|p2a: Starmie|48/100 brn|[from] brn
|upkeep
|turn|23
|
|t:|1732576491
|switch|p2a: Ferrothorn|Ferrothorn, F|100/100
|move|p1a: Gastrodon|Recover|p1a: Gastrodon
|-heal|p1a: Gastrodon|100/100
|
|-weather|RainDance|[upkeep]
|upkeep
|turn|24
|
|t:|1732576495
|switch|p1a: Tentacruel|Tentacruel, F|30/100
|-damage|p1a: Tentacruel|18/100|[from] Stealth Rock
|move|p2a: Ferrothorn|Power Whip|p1a: Tentacruel
|-damage|p1a: Tentacruel|0 fnt
|faint|p1a: Tentacruel
|
|-weather|RainDance|[upkeep]
|upkeep
|
|t:|1732576498
|switch|p1a: Toxicroak|Toxicroak, M|42/100
|-damage|p1a: Toxicroak|36/100|[from] Stealth Rock
|turn|25
|
|t:|1732576504
|move|p1a: Toxicroak|Substitute|p1a: Toxicroak
|-start|p1a: Toxicroak|Substitute
|-damage|p1a: Toxicroak|11/100
|move|p2a: Ferrothorn|Gyro Ball|p1a: Toxicroak
|-end|p1a: Toxicroak|Substitute
|
|-weather|RainDance|[upkeep]
|-heal|p1a: Toxicroak|23/100|[from] ability: Dry Skin
|-heal|p1a: Toxicroak|30/100|[from] item: Black Sludge
|upkeep
|turn|26
|
|t:|1732576509
|switch|p2a: Starmie|Starmie|48/100 brn
|move|p1a: Toxicroak|Bulk Up|p1a: Toxicroak
|-boost|p1a: Toxicroak|atk|1
|-boost|p1a: Toxicroak|def|1
|
|-weather|RainDance|[upkeep]
|-heal|p1a: Toxicroak|42/100|[from] ability: Dry Skin
|-heal|p2a: Starmie|55/100 brn|[from] item: Leftovers
|-heal|p1a: Toxicroak|48/100|[from] item: Black Sludge
|-damage|p2a: Starmie|42/100 brn|[from] brn
|upkeep
|turn|27
|
|t:|1732576516
|switch|p1a: Gastrodon|Gastrodon, M|100/100
|-damage|p1a: Gastrodon|94/100|[from] Stealth Rock
|move|p2a: Starmie|Psyshock|p1a: Gastrodon
|-damage|p1a: Gastrodon|62/100
|
|-weather|RainDance|[upkeep]
|-heal|p2a: Starmie|48/100 brn|[from] item: Leftovers
|-heal|p1a: Gastrodon|68/100|[from] item: Leftovers
|-damage|p2a: Starmie|36/100 brn|[from] brn
|upkeep
|turn|28
|
|t:|1732576520
|switch|p2a: Ferrothorn|Ferrothorn, F|100/100
|move|p1a: Gastrodon|Recover|p1a: Gastrodon
|-heal|p1a: Gastrodon|100/100
|
|-weather|RainDance|[upkeep]
|upkeep
|turn|29
|
|t:|1732576524
|switch|p1a: Politoed|Politoed, M|27/100
|-damage|p1a: Politoed|14/100|[from] Stealth Rock
|move|p2a: Ferrothorn|Spikes|p1a: Politoed
|-sidestart|p1: Croaset|Spikes
|
|-weather|RainDance|[upkeep]
|-heal|p1a: Politoed|21/100|[from] item: Leftovers
|upkeep
|turn|30
|
|t:|1732576528
|move|p1a: Politoed|Scald|p2a: Ferrothorn
|-resisted|p2a: Ferrothorn
|-damage|p2a: Ferrothorn|84/100
|move|p2a: Ferrothorn|Spikes|p1a: Politoed
|-sidestart|p1: Croaset|Spikes
|
|-weather|RainDance|[upkeep]
|-heal|p1a: Politoed|27/100|[from] item: Leftovers
|upkeep
|turn|31
|
|t:|1732576530
|move|p1a: Politoed|Scald|p2a: Ferrothorn
|-resisted|p2a: Ferrothorn
|-damage|p2a: Ferrothorn|67/100
|move|p2a: Ferrothorn|Spikes|p1a: Politoed
|-sidestart|p1: Croaset|Spikes
|
|-weather|RainDance|[upkeep]
|-heal|p1a: Politoed|33/100|[from] item: Leftovers
|upkeep
|turn|32
|
|t:|1732576533
|move|p1a: Politoed|Scald|p2a: Ferrothorn
|-resisted|p2a: Ferrothorn
|-damage|p2a: Ferrothorn|51/100
|-status|p2a: Ferrothorn|brn
|-enditem|p2a: Ferrothorn|Lum Berry|[eat]
|-curestatus|p2a: Ferrothorn|brn|[msg]
|move|p2a: Ferrothorn|Power Whip|p1a: Politoed
|-supereffective|p1a: Politoed
|-damage|p1a: Politoed|0 fnt
|faint|p1a: Politoed
|
|-weather|RainDance|[upkeep]
|upkeep
|
|t:|1732576535
|switch|p1a: Toxicroak|Toxicroak, M|48/100
|-damage|p1a: Toxicroak|42/100|[from] Stealth Rock
|-damage|p1a: Toxicroak|17/100|[from] Spikes
|turn|33
|
|t:|1732576538
|move|p1a: Toxicroak|Drain Punch|p2a: Ferrothorn
|-supereffective|p2a: Ferrothorn
|-damage|p2a: Ferrothorn|8/100
|-heal|p1a: Toxicroak|38/100|[from] drain|[of] p2a: Ferrothorn
|-damage|p1a: Toxicroak|25/100|[from] ability: Iron Barbs|[of] p2a: Ferrothorn
|move|p2a: Ferrothorn|Gyro Ball|p1a: Toxicroak
|-crit|p1a: Toxicroak
|-damage|p1a: Toxicroak|0 fnt
|faint|p1a: Toxicroak
|
|-weather|RainDance|[upkeep]
|upkeep
|
|t:|1732576548
|switch|p1a: Keldeo|Keldeo|100/100
|-damage|p1a: Keldeo|94/100|[from] Stealth Rock
|-damage|p1a: Keldeo|70/100|[from] Spikes
|turn|34
|
|t:|1732576566
|move|p1a: Keldeo|Hidden Power|p2a: Ferrothorn
|-damage|p2a: Ferrothorn|0 fnt
|faint|p2a: Ferrothorn
|
|-weather|RainDance|[upkeep]
|upkeep
|
|t:|1732576577
|switch|p2a: Magnezone|Magnezone|83/100
|turn|35
|
|t:|1732576583
|move|p1a: Keldeo|Hidden Power|p2a: Magnezone
|-resisted|p2a: Magnezone
|-damage|p2a: Magnezone|66/100
|move|p2a: Magnezone|Sunny Day|p2a: Magnezone
|-weather|SunnyDay
|
|-weather|SunnyDay|[upkeep]
|upkeep
|turn|36
|
|t:|1732576588
|move|p1a: Keldeo|Hidden Power|p2a: Magnezone
|-resisted|p2a: Magnezone
|-damage|p2a: Magnezone|49/100
|move|p2a: Magnezone|Thunderbolt|p1a: Keldeo
|-supereffective|p1a: Keldeo
|-damage|p1a: Keldeo|0 fnt
|faint|p1a: Keldeo
|
|-weather|SunnyDay|[upkeep]
|upkeep
|
|t:|1732576590
|switch|p1a: Gastrodon|Gastrodon, M|100/100
|-damage|p1a: Gastrodon|94/100|[from] Stealth Rock
|-damage|p1a: Gastrodon|70/100|[from] Spikes
|turn|37
|
|t:|1732576592
|move|p2a: Magnezone|Magnet Rise|p2a: Magnezone
|-start|p2a: Magnezone|Magnet Rise
|move|p1a: Gastrodon|Recover|p1a: Gastrodon
|-heal|p1a: Gastrodon|100/100
|
|-weather|SunnyDay|[upkeep]
|upkeep
|turn|38
|
|t:|1732576594
|move|p2a: Magnezone|Hidden Power|p1a: Gastrodon
|-resisted|p1a: Gastrodon
|-damage|p1a: Gastrodon|82/100
|move|p1a: Gastrodon|Scald|p2a: Magnezone
|-damage|p2a: Magnezone|31/100
|-status|p2a: Magnezone|brn
|
|-weather|SunnyDay|[upkeep]
|-heal|p1a: Gastrodon|89/100|[from] item: Leftovers
|-damage|p2a: Magnezone|19/100 brn|[from] brn
|upkeep
|turn|39
|
|t:|1732576597
|move|p2a: Magnezone|Hidden Power|p1a: Gastrodon
|-resisted|p1a: Gastrodon
|-damage|p1a: Gastrodon|69/100
|move|p1a: Gastrodon|Recover|p1a: Gastrodon
|-heal|p1a: Gastrodon|100/100
|
|-weather|none
|-damage|p2a: Magnezone|7/100 brn|[from] brn
|upkeep
|turn|40
|
|t:|1732576600
|move|p2a: Magnezone|Hidden Power|p1a: Gastrodon
|-resisted|p1a: Gastrodon
|-damage|p1a: Gastrodon|87/100
|move|p1a: Gastrodon|Recover|p1a: Gastrodon
|-heal|p1a: Gastrodon|100/100
|
|-damage|p2a: Magnezone|0 fnt|[from] brn
|faint|p2a: Magnezone
|upkeep
|
|t:|1732576603
|switch|p2a: Dragonite|Dragonite, M|100/100
|turn|41
|
|t:|1732576605
|move|p2a: Dragonite|Dragon Dance|p2a: Dragonite
|-boost|p2a: Dragonite|atk|1
|-boost|p2a: Dragonite|spe|1
|move|p1a: Gastrodon|Ice Beam|p2a: Dragonite
|-supereffective|p2a: Dragonite
|-damage|p2a: Dragonite|60/100
|
|upkeep
|turn|42
|
|t:|1732576608
|move|p2a: Dragonite|Outrage|p1a: Gastrodon
|-damage|p1a: Gastrodon|18/100
|move|p1a: Gastrodon|Ice Beam|p2a: Dragonite
|-supereffective|p2a: Dragonite
|-damage|p2a: Dragonite|0 fnt
|faint|p2a: Dragonite
|
|-heal|p1a: Gastrodon|24/100|[from] item: Leftovers
|upkeep
|
|t:|1732576612
|switch|p2a: Starmie|Starmie|36/100 brn
|turn|43
|
|t:|1732576614
|move|p2a: Starmie|Psyshock|p1a: Gastrodon
|-damage|p1a: Gastrodon|0 fnt
|faint|p1a: Gastrodon
|
|win|aiosa
|raw|Croaset's rating: 1411 &rarr; <strong>1387</strong><br />(-24 for losing)
|raw|aiosa's rating: 1342 &rarr; <strong>1366</strong><br />(+24 for winning)
