|j|☆HydreigonSpammer
|j|☆I'M CHER BITCH
|t:|1735217033
|gametype|singles
|player|p1|HydreigonSpammer|acetrainer|1331
|player|p2|I'M CHER BITCH|cynthia-masters3|1500
|teamsize|p1|6
|teamsize|p2|6
|gen|5
|tier|[Gen 5] OU
|rated|
|rule|Species Clause: Limit one of each Pokémon
|rule|OHKO Clause: OHKO moves are banned
|rule|Moody Clause: Moody is banned
|rule|Evasion Items Clause: Evasion items are banned
|rule|Evasion Moves Clause: Evasion moves are banned
|rule|Endless Battle Clause: Forcing endless battles is banned
|rule|HP Percentage Mod: HP is shown in percentages
|rule|Evasion Abilities Clause: Evasion abilities are banned
|rule|Sleep Moves Clause: Sleep-inducing moves are banned
|rule|Swagger Clause: Swagger is banned
|rule|Baton Pass Stat Clause: No Baton Passer may have a way to boost its stats
|clearpoke
|poke|p1|Skarmory, M|item
|poke|p1|Reuniclus, M|item
|poke|p1|Landorus-Therian, M|item
|poke|p1|Latios, M|item
|poke|p1|Alakazam, F|item
|poke|p1|Clefable, F|item
|poke|p2|Volcarona, F|item
|poke|p2|Latios, M|item
|poke|p2|Starmie|item
|poke|p2|Garchomp, F|item
|poke|p2|Scizor, F|item
|poke|p2|Jirachi|item
|teampreview
|inactive|Battle timer is ON: inactive players will automatically lose when time's up. (requested by HydreigonSpammer)
|
|t:|1735217065
|start
|switch|p1a: Landorus|Landorus-Therian, M|100/100
|switch|p2a: Jirachi|Jirachi|100/100
|-ability|p1a: Landorus|Intimidate|boost
|-unboost|p2a: Jirachi|atk|1
|turn|1
|
|t:|1735217072
|move|p1a: Landorus|U-turn|p2a: Jirachi
|-damage|p2a: Jirachi|75/100
|
|t:|1735217079
|switch|p1a: Skarmory|Skarmory, M|100/100|[from] U-turn
|move|p2a: Jirachi|Icy Wind|p1a: Skarmory
|-damage|p1a: Skarmory|85/100
|-unboost|p1a: Skarmory|spe|1
|
|-heal|p1a: Skarmory|91/100|[from] item: Leftovers
|upkeep
|turn|2
|
|t:|1735217090
|switch|p1a: Landorus|Landorus-Therian, M|100/100
|-ability|p1a: Landorus|Intimidate|boost
|-unboost|p2a: Jirachi|atk|1
|move|p2a: Jirachi|Stealth Rock|p1a: Landorus
|-sidestart|p1: HydreigonSpammer|move: Stealth Rock
|
|upkeep
|turn|3
|
|t:|1735217120
|move|p1a: Landorus|Earthquake|p2a: Jirachi
|-supereffective|p2a: Jirachi
|-damage|p2a: Jirachi|0 fnt
|faint|p2a: Jirachi
|
|upkeep
|
|t:|1735217131
|switch|p2a: Latios|Latios, M|100/100
|turn|4
|
|t:|1735217153
|switch|p1a: Skarmory|Skarmory, M|91/100
|-damage|p1a: Skarmory|78/100|[from] Stealth Rock
|move|p2a: Latios|Trick|p1a: Skarmory
|-activate|p2a: Latios|move: Trick|[of] p1a: Skarmory
|-item|p1a: Skarmory|Choice Scarf|[from] move: Trick
|-item|p2a: Latios|Leftovers|[from] move: Trick
|
|upkeep
|turn|5
|
|t:|1735217169
|move|p2a: Latios|Surf|p1a: Skarmory
|-damage|p1a: Skarmory|47/100
|move|p1a: Skarmory|Stealth Rock|p2a: Latios
|-sidestart|p2: I'M CHER BITCH|move: Stealth Rock
|
|upkeep
|turn|6
|
|t:|1735217186
|switch|p2a: Scizor|Scizor, F|100/100
|-damage|p2a: Scizor|88/100|[from] Stealth Rock
|switch|p1a: ToXiiic|Clefable, F, shiny|100/100
|
|upkeep
|turn|7
|inactive|I'M CHER BITCH has 120 seconds left.
|
|t:|1735217219
|-activate|p1a: ToXiiic|move: Pursuit
|move|p2a: Scizor|Pursuit|p1a: ToXiiic|[from]Pursuit
|-damage|p1a: ToXiiic|62/100
|-damage|p2a: Scizor|78/100|[from] item: Life Orb
|switch|p1a: Landorus|Landorus-Therian, M|100/100
|-damage|p1a: Landorus|88/100|[from] Stealth Rock
|-ability|p1a: Landorus|Intimidate|boost
|-unboost|p2a: Scizor|atk|1
|
|upkeep
|turn|8
|
|t:|1735217245
|move|p1a: Landorus|Earthquake|p2a: Scizor
|-damage|p2a: Scizor|4/100
|move|p2a: Scizor|Swords Dance|p2a: Scizor
|-boost|p2a: Scizor|atk|2
|
|upkeep
|turn|9
|
|t:|1735217253
|-activate|p1a: Landorus|move: Pursuit
|move|p2a: Scizor|Pursuit|p1a: Landorus|[from]Pursuit
|-damage|p1a: Landorus|22/100
|-damage|p2a: Scizor|0 fnt|[from] item: Life Orb
|faint|p2a: Scizor
|switch|p1a: Skarmory|Skarmory, M|47/100
|-damage|p1a: Skarmory|35/100|[from] Stealth Rock
|
|upkeep
|
|t:|1735217272
|switch|p2a: Starmie|Starmie|100/100
|-damage|p2a: Starmie|88/100|[from] Stealth Rock
|-item|p2a: Starmie|Air Balloon
|turn|10
|
|t:|1735217285
|switch|p1a: ToXiiic|Clefable, F, shiny|62/100
|move|p2a: Starmie|Rapid Spin|p1a: ToXiiic
|-damage|p1a: ToXiiic|58/100
|-sideend|p2: I'M CHER BITCH|Stealth Rock|[from] move: Rapid Spin|[of] p2a: Starmie
|
|-heal|p1a: ToXiiic|64/100|[from] item: Leftovers
|upkeep
|turn|11
|
|t:|1735217290
|switch|p2a: Garchomp|Garchomp, F|100/100
|move|p1a: ToXiiic|Soft-Boiled|p1a: ToXiiic
|-heal|p1a: ToXiiic|100/100
|
|upkeep
|turn|12
|
|t:|1735217300
|switch|p1a: Skarmory|Skarmory, M|35/100
|-damage|p1a: Skarmory|22/100|[from] Stealth Rock
|move|p2a: Garchomp|Swords Dance|p2a: Garchomp
|-boost|p2a: Garchomp|atk|2
|
|upkeep
|turn|13
|
|t:|1735217307
|move|p2a: Garchomp|Dragon Claw|p1a: Skarmory
|-resisted|p1a: Skarmory
|-damage|p1a: Skarmory|0 fnt
|faint|p1a: Skarmory
|
|upkeep
|inactive|HydreigonSpammer has 120 seconds left.
|
|t:|1735217347
|switch|p1a: Alakazam|Alakazam, F|100/100
|turn|14
|inactive|HydreigonSpammer has 120 seconds left.
|
|t:|1735217359
|move|p1a: Alakazam|Hidden Power|p2a: Garchomp
|-supereffective|p2a: Garchomp
|-enditem|p2a: Garchomp|Yache Berry|[eat]
|-enditem|p2a: Garchomp|Yache Berry|[weaken]
|-damage|p2a: Garchomp|29/100
|move|p2a: Garchomp|Earthquake|p1a: Alakazam
|-damage|p1a: Alakazam|0 fnt
|faint|p1a: Alakazam
|
|upkeep
|inactive|HydreigonSpammer has 120 seconds left.
|
|t:|1735217381
|switch|p1a: Latios|Latios, M|100/100
|-damage|p1a: Latios|88/100|[from] Stealth Rock
|turn|15
|
|t:|1735217395
|switch|p2a: Latios|Latios, M|100/100
|move|p1a: Latios|Surf|p2a: Latios
|-resisted|p2a: Latios
|-damage|p2a: Latios|82/100
|
|-heal|p2a: Latios|88/100|[from] item: Leftovers
|upkeep
|turn|16
|
|t:|1735217411
|switch|p1a: ToXiiic|Clefable, F, shiny|100/100
|move|p2a: Latios|Dragon Pulse|p1a: ToXiiic
|-damage|p1a: ToXiiic|68/100
|
|-heal|p2a: Latios|94/100|[from] item: Leftovers
|-heal|p1a: ToXiiic|74/100|[from] item: Leftovers
|upkeep
|turn|17
|
|t:|1735217425
|move|p2a: Latios|Draco Meteor|p1a: ToXiiic
|-damage|p1a: ToXiiic|19/100
|-unboost|p2a: Latios|spa|2
|move|p1a: ToXiiic|Soft-Boiled|p1a: ToXiiic
|-heal|p1a: ToXiiic|69/100
|
|-heal|p2a: Latios|99/100|[from] item: Leftovers
|-heal|p1a: ToXiiic|75/100|[from] item: Leftovers
|upkeep
|turn|18
|
|t:|1735217435
|switch|p2a: Garchomp|Garchomp, F|29/100
|move|p1a: ToXiiic|Seismic Toss|p2a: Garchomp
|-damage|p2a: Garchomp|0 fnt
|faint|p2a: Garchomp
|
|-heal|p1a: ToXiiic|81/100|[from] item: Leftovers
|upkeep
|
|t:|1735217441
|switch|p2a: Volcarona|Volcarona, F|100/100
|turn|19
|
|t:|1735217448
|move|p2a: Volcarona|Quiver Dance|p2a: Volcarona
|-boost|p2a: Volcarona|spa|1
|-boost|p2a: Volcarona|spd|1
|-boost|p2a: Volcarona|spe|1
|move|p1a: ToXiiic|Thunder Wave|p2a: Volcarona
|-status|p2a: Volcarona|par
|-enditem|p2a: Volcarona|Lum Berry|[eat]
|-curestatus|p2a: Volcarona|par|[msg]
|
|-heal|p1a: ToXiiic|87/100|[from] item: Leftovers
|upkeep
|turn|20
|
|t:|1735217452
|move|p2a: Volcarona|Fire Blast|p1a: ToXiiic|[miss]
|-miss|p2a: Volcarona|p1a: ToXiiic
|move|p1a: ToXiiic|Thunder Wave|p2a: Volcarona
|-status|p2a: Volcarona|par
|
|-heal|p1a: ToXiiic|93/100|[from] item: Leftovers
|upkeep
|turn|21
|inactive|HydreigonSpammer has 120 seconds left.
|
|t:|1735217485
|switch|p1a: Reuniclus|Reuniclus, M|100/100
|move|p2a: Volcarona|Fire Blast|p1a: Reuniclus|[miss]
|-miss|p2a: Volcarona|p1a: Reuniclus
|
|upkeep
|turn|22
|
|t:|1735217494
|move|p2a: Volcarona|Bug Buzz|p1a: Reuniclus
|-supereffective|p1a: Reuniclus
|-damage|p1a: Reuniclus|0 fnt
|faint|p1a: Reuniclus
|
|upkeep
|
|t:|1735217500
|switch|p1a: Landorus|Landorus-Therian, M|22/100
|-damage|p1a: Landorus|9/100|[from] Stealth Rock
|-ability|p1a: Landorus|Intimidate|boost
|-unboost|p2a: Volcarona|atk|1
|turn|23
|inactive|HydreigonSpammer has 120 seconds left.
|
|t:|1735217542
|switch|p2a: Latios|Latios, M|99/100
|move|p1a: Landorus|Stone Edge|p2a: Latios
|-crit|p2a: Latios
|-damage|p2a: Latios|1/100
|
|-heal|p2a: Latios|7/100|[from] item: Leftovers
|upkeep
|turn|24
|l|☆I'M CHER BITCH
|inactive|I'M CHER BITCH disconnected and has a minute to reconnect!
|player|p2|
|inactive|I'M CHER BITCH has 30 seconds to reconnect!
|inactive|I'M CHER BITCH has 20 seconds to reconnect!
|inactive|I'M CHER BITCH has 15 seconds to reconnect!
|inactive|I'M CHER BITCH has 10 seconds to reconnect!
|inactive|I'M CHER BITCH has 5 seconds to reconnect!
|-message|I'M CHER BITCH lost due to inactivity.
|
|win|HydreigonSpammer
|raw|HydreigonSpammer's rating: 1331 &rarr; <strong>1360</strong><br />(+29 for winning)
|raw|I&apos;M CHER BITCH's rating: 1500 &rarr; <strong>1471</strong><br />(-29 for losing)
