|j|☆geathan2
|j|☆chomp29
|t:|1718143941
|gametype|singles
|player|p1|geathan2|galacticgruntf|1342
|player|p2|chomp29|lucas|1586
|teamsize|p1|6
|teamsize|p2|6
|gen|5
|tier|[Gen 5] OU
|rated|
|rule|Species Clause: Limit one of each Pokémon
|rule|OHKO Clause: OHKO moves are banned
|rule|Moody Clause: Moody is banned
|rule|Evasion Items Clause: Evasion items are banned
|rule|Evasion Moves Clause: Evasion moves are banned
|rule|Endless Battle Clause: Forcing endless battles is banned
|rule|HP Percentage Mod: HP is shown in percentages
|rule|Evasion Abilities Clause: Evasion abilities are banned
|rule|Sleep Moves Clause: Sleep-inducing moves are banned
|rule|Swagger Clause: Swagger is banned
|rule|Baton Pass Stat Clause: No Baton Passer may have a way to boost its stats
|clearpoke
|poke|p1|Cofagrigus, F|item
|poke|p1|Tyranitar, M|item
|poke|p1|Skarmory, M|item
|poke|p1|Reuniclus, M|item
|poke|p1|Alakazam, M|item
|poke|p1|Gastrodon, F|item
|poke|p2|Abomasnow, F|item
|poke|p2|Chansey, F|item
|poke|p2|Skarmory, M|item
|poke|p2|Gliscor, M|item
|poke|p2|Forretress, M|item
|poke|p2|Jellicent, M|item
|teampreview
|inactive|Battle timer is ON: inactive players will automatically lose when time's up. (requested by geathan2)
|
|t:|1718143952
|start
|switch|p1a: Cofagrigus|Cofagrigus, F, shiny|100/100
|switch|p2a: Forretress|Forretress, M|100/100
|turn|1
|
|t:|1718143957
|move|p1a: Cofagrigus|Magic Coat|p1a: Cofagrigus
|-singleturn|p1a: Cofagrigus|move: Magic Coat
|move|p2a: Forretress|Toxic Spikes|p1a: Cofagrigus
|move|p1a: Cofagrigus|Toxic Spikes|p2a: Forretress|[from]Magic Coat
|-sidestart|p2: chomp29|move: Toxic Spikes
|
|upkeep
|turn|2
|
|t:|1718143963
|move|p2a: Forretress|Toxic Spikes|p1a: Cofagrigus
|-sidestart|p1: geathan2|move: Toxic Spikes
|move|p1a: Cofagrigus|Will-O-Wisp|p2a: Forretress
|-status|p2a: Forretress|brn
|
|-damage|p2a: Forretress|88/100 brn|[from] brn
|upkeep
|turn|3
|inactive|chomp29 has 120 seconds left.
|
|t:|1718143997
|switch|p2a: Jellicent|Jellicent, M|100/100
|-status|p2a: Jellicent|psn
|move|p1a: Cofagrigus|Magic Coat|p1a: Cofagrigus
|-singleturn|p1a: Cofagrigus|move: Magic Coat
|
|-damage|p2a: Jellicent|88/100 psn|[from] psn
|upkeep
|turn|4
|
|t:|1718144000
|move|p2a: Jellicent|Shadow Ball|p1a: Cofagrigus
|-supereffective|p1a: Cofagrigus
|-damage|p1a: Cofagrigus|55/100
|move|p1a: Cofagrigus|Hex|p2a: Jellicent
|-supereffective|p2a: Jellicent
|-crit|p2a: Jellicent
|-damage|p2a: Jellicent|0 fnt
|faint|p2a: Jellicent
|
|-heal|p1a: Cofagrigus|61/100|[from] item: Leftovers
|upkeep
|
|t:|1718144006
|switch|p2a: Gliscor|Gliscor, M|100/100
|turn|5
|
|t:|1718144009
|move|p2a: Gliscor|Taunt|p1a: Cofagrigus
|-start|p1a: Cofagrigus|move: Taunt
|cant|p1a: Cofagrigus|move: Taunt|Pain Split
|
|-heal|p1a: Cofagrigus|67/100|[from] item: Leftovers
|-status|p2a: Gliscor|tox|[from] item: Toxic Orb
|upkeep
|turn|6
|
|t:|1718144014
|move|p2a: Gliscor|Knock Off|p1a: Cofagrigus
|-supereffective|p1a: Cofagrigus
|-damage|p1a: Cofagrigus|61/100
|-activate|p1a: Cofagrigus|ability: Mummy|Poison Heal|[of] p2a: Gliscor
|-enditem|p1a: Cofagrigus|Leftovers|[from] move: Knock Off|[of] p2a: Gliscor
|move|p1a: Cofagrigus|Hex|p2a: Gliscor
|-damage|p2a: Gliscor|70/100 tox
|
|-damage|p2a: Gliscor|64/100 tox|[from] psn
|upkeep
|turn|7
|
|t:|1718144020
|move|p2a: Gliscor|Earthquake|p1a: Cofagrigus
|-damage|p1a: Cofagrigus|43/100
|move|p1a: Cofagrigus|Hex|p2a: Gliscor
|-damage|p2a: Gliscor|35/100 tox
|
|-damage|p2a: Gliscor|23/100 tox|[from] psn
|-end|p1a: Cofagrigus|move: Taunt
|upkeep
|turn|8
|
|t:|1718144022
|move|p2a: Gliscor|Roost|p2a: Gliscor
|-heal|p2a: Gliscor|73/100 tox
|-singleturn|p2a: Gliscor|move: Roost
|move|p1a: Cofagrigus|Hex|p2a: Gliscor
|-damage|p2a: Gliscor|45/100 tox
|
|-damage|p2a: Gliscor|26/100 tox|[from] psn
|upkeep
|turn|9
|
|t:|1718144025
|move|p2a: Gliscor|Roost|p2a: Gliscor
|-heal|p2a: Gliscor|76/100 tox
|-singleturn|p2a: Gliscor|move: Roost
|move|p1a: Cofagrigus|Hex|p2a: Gliscor
|-damage|p2a: Gliscor|45/100 tox
|
|-damage|p2a: Gliscor|20/100 tox|[from] psn
|upkeep
|turn|10
|
|t:|1718144027
|move|p2a: Gliscor|Roost|p2a: Gliscor
|-heal|p2a: Gliscor|70/100 tox
|-singleturn|p2a: Gliscor|move: Roost
|move|p1a: Cofagrigus|Hex|p2a: Gliscor
|-damage|p2a: Gliscor|41/100 tox
|
|-damage|p2a: Gliscor|10/100 tox|[from] psn
|upkeep
|turn|11
|
|t:|1718144031
|move|p2a: Gliscor|Earthquake|p1a: Cofagrigus
|-damage|p1a: Cofagrigus|24/100
|move|p1a: Cofagrigus|Hex|p2a: Gliscor
|-damage|p2a: Gliscor|0 fnt
|faint|p2a: Gliscor
|
|upkeep
|
|t:|1718144037
|switch|p2a: Skarmory|Skarmory, M|100/100
|turn|12
|
|t:|1718144039
|move|p2a: Skarmory|Brave Bird|p1a: Cofagrigus
|-damage|p1a: Cofagrigus|3/100
|-activate|p1a: Cofagrigus|ability: Mummy|Sturdy|[of] p2a: Skarmory
|-damage|p2a: Skarmory|94/100|[from] Recoil
|move|p1a: Cofagrigus|Pain Split|p2a: Skarmory
|-sethp|p2a: Skarmory|48/100|[from] move: Pain Split|[silent]
|-sethp|p1a: Cofagrigus|51/100|[from] move: Pain Split
|
|-heal|p2a: Skarmory|54/100|[from] item: Leftovers
|upkeep
|turn|13
|
|t:|1718144047
|move|p1a: Cofagrigus|Magic Coat|p1a: Cofagrigus
|-singleturn|p1a: Cofagrigus|move: Magic Coat
|move|p2a: Skarmory|Whirlwind|p1a: Cofagrigus
|move|p1a: Cofagrigus|Whirlwind|p2a: Skarmory|[from]Magic Coat
|drag|p2a: Abomasnow|Abomasnow, F|100/100
|-status|p2a: Abomasnow|psn
|-weather|Hail|[from] ability: Snow Warning|[of] p2a: Abomasnow
|
|-weather|Hail|[upkeep]
|-damage|p1a: Cofagrigus|45/100|[from] Hail
|-damage|p2a: Abomasnow|88/100 psn|[from] psn
|upkeep
|turn|14
|
|t:|1718144052
|move|p2a: Abomasnow|Leech Seed|p1a: Cofagrigus
|-start|p1a: Cofagrigus|move: Leech Seed
|move|p1a: Cofagrigus|Hex|p2a: Abomasnow
|-damage|p2a: Abomasnow|51/100 psn
|
|-weather|Hail|[upkeep]
|-damage|p1a: Cofagrigus|39/100|[from] Hail
|-heal|p2a: Abomasnow|58/100 psn|[from] item: Leftovers
|-damage|p1a: Cofagrigus|27/100|[from] Leech Seed|[of] p2a: Abomasnow
|-heal|p2a: Abomasnow|69/100 psn|[silent]
|-damage|p2a: Abomasnow|57/100 psn|[from] psn
|upkeep
|turn|15
|
|t:|1718144056
|switch|p1a: Skarmory|Skarmory, M|100/100
|move|p2a: Abomasnow|Giga Drain|p1a: Skarmory
|-resisted|p1a: Skarmory
|-damage|p1a: Skarmory|92/100
|-heal|p2a: Abomasnow|61/100 psn|[from] drain|[of] p1a: Skarmory
|
|-weather|Hail|[upkeep]
|-damage|p1a: Skarmory|86/100|[from] Hail
|-heal|p2a: Abomasnow|67/100 psn|[from] item: Leftovers
|-heal|p1a: Skarmory|92/100|[from] item: Leftovers
|-damage|p2a: Abomasnow|55/100 psn|[from] psn
|upkeep
|turn|16
|
|t:|1718144060
|switch|p2a: Forretress|Forretress, M|88/100 brn
|move|p1a: Skarmory|Spikes|p2a: Forretress
|-sidestart|p2: chomp29|Spikes
|
|-weather|Hail|[upkeep]
|-damage|p1a: Skarmory|86/100|[from] Hail
|-heal|p1a: Skarmory|92/100|[from] item: Leftovers
|-heal|p2a: Forretress|94/100 brn|[from] item: Leftovers
|-damage|p2a: Forretress|82/100 brn|[from] brn
|upkeep
|turn|17
|
|t:|1718144074
|switch|p1a: Cofagrigus|Cofagrigus, F, shiny|27/100
|-status|p1a: Cofagrigus|psn
|move|p2a: Forretress|Earthquake|p1a: Cofagrigus
|-damage|p1a: Cofagrigus|20/100 psn
|
|-weather|Hail|[upkeep]
|-damage|p1a: Cofagrigus|14/100 psn|[from] Hail
|-heal|p2a: Forretress|88/100 brn|[from] item: Leftovers
|-damage|p1a: Cofagrigus|2/100 psn|[from] psn
|-damage|p2a: Forretress|76/100 brn|[from] brn
|upkeep
|turn|18
|
|t:|1718144083
|switch|p2a: Skarmory|Skarmory, M|54/100
|move|p1a: Cofagrigus|Pain Split|p2a: Skarmory
|-sethp|p2a: Skarmory|28/100|[from] move: Pain Split|[silent]
|-sethp|p1a: Cofagrigus|29/100 psn|[from] move: Pain Split
|
|-weather|Hail|[upkeep]
|-damage|p2a: Skarmory|22/100|[from] Hail
|-damage|p1a: Cofagrigus|23/100 psn|[from] Hail
|-heal|p2a: Skarmory|28/100|[from] item: Leftovers
|-damage|p1a: Cofagrigus|11/100 psn|[from] psn
|upkeep
|turn|19
|
|t:|1718144087
|move|p2a: Skarmory|Roost|p2a: Skarmory
|-heal|p2a: Skarmory|78/100
|-singleturn|p2a: Skarmory|move: Roost
|move|p1a: Cofagrigus|Hex|p2a: Skarmory
|-resisted|p2a: Skarmory
|-damage|p2a: Skarmory|69/100
|
|-weather|Hail|[upkeep]
|-damage|p2a: Skarmory|63/100|[from] Hail
|-damage|p1a: Cofagrigus|5/100 psn|[from] Hail
|-heal|p2a: Skarmory|69/100|[from] item: Leftovers
|-damage|p1a: Cofagrigus|0 fnt|[from] psn
|faint|p1a: Cofagrigus
|upkeep
|
|t:|1718144092
|switch|p1a: Tyranitar|Tyranitar, M|100/100
|-status|p1a: Tyranitar|psn
|-weather|Sandstorm|[from] ability: Sand Stream|[of] p1a: Tyranitar
|turn|20
|
|t:|1718144100
|move|p2a: Skarmory|Spikes|p1a: Tyranitar
|-sidestart|p1: geathan2|Spikes
|move|p1a: Tyranitar|Stealth Rock|p2a: Skarmory
|-sidestart|p2: chomp29|move: Stealth Rock
|
|-weather|Sandstorm|[upkeep]
|-heal|p2a: Skarmory|75/100|[from] item: Leftovers
|-damage|p1a: Tyranitar|88/100 psn|[from] psn
|upkeep
|turn|21
|
|t:|1718144103
|switch|p2a: Forretress|Forretress, M|76/100 brn
|-damage|p2a: Forretress|63/100 brn|[from] Spikes
|-damage|p2a: Forretress|51/100 brn|[from] Stealth Rock
|move|p1a: Tyranitar|Fire Blast|p2a: Forretress
|-supereffective|p2a: Forretress
|-damage|p2a: Forretress|0 fnt
|faint|p2a: Forretress
|
|-weather|Sandstorm|[upkeep]
|-damage|p1a: Tyranitar|76/100 psn|[from] psn
|upkeep
|
|t:|1718144112
|switch|p2a: Skarmory|Skarmory, M|75/100
|-damage|p2a: Skarmory|62/100|[from] Stealth Rock
|turn|22
|
|t:|1718144113
|move|p2a: Skarmory|Spikes|p1a: Tyranitar
|-sidestart|p1: geathan2|Spikes
|move|p1a: Tyranitar|Fire Blast|p2a: Skarmory
|-supereffective|p2a: Skarmory
|-damage|p2a: Skarmory|3/100
|
|-weather|Sandstorm|[upkeep]
|-heal|p2a: Skarmory|9/100|[from] item: Leftovers
|-damage|p1a: Tyranitar|63/100 psn|[from] psn
|upkeep
|turn|23
|
|t:|1718144116
|move|p2a: Skarmory|Roost|p2a: Skarmory
|-heal|p2a: Skarmory|59/100
|-singleturn|p2a: Skarmory|move: Roost
|move|p1a: Tyranitar|Fire Blast|p2a: Skarmory
|-supereffective|p2a: Skarmory
|-damage|p2a: Skarmory|0 fnt
|faint|p2a: Skarmory
|
|-weather|Sandstorm|[upkeep]
|-damage|p1a: Tyranitar|51/100 psn|[from] psn
|upkeep
|-message|chomp29 forfeited.
|
|win|geathan2
|raw|geathan2's rating: 1342 &rarr; <strong>1374</strong><br />(+32 for winning)
|raw|chomp29's rating: 1586 &rarr; <strong>1554</strong><br />(-32 for losing)
|l|☆chomp29
|player|p2|
