|j|☆yxuuu
|j|☆Blobstermob
|t:|1726610814
|gametype|singles
|player|p1|yxuuu|lady-gen4|1317
|player|p2|Blobstermob|lucas|1284
|teamsize|p1|6
|teamsize|p2|6
|gen|5
|tier|[Gen 5] OU
|rated|
|rule|Species Clause: Limit one of each Pokémon
|rule|OHKO Clause: OHKO moves are banned
|rule|Moody Clause: Moody is banned
|rule|Evasion Items Clause: Evasion items are banned
|rule|Evasion Moves Clause: Evasion moves are banned
|rule|Endless Battle Clause: Forcing endless battles is banned
|rule|HP Percentage Mod: HP is shown in percentages
|rule|Evasion Abilities Clause: Evasion abilities are banned
|rule|Sleep Moves Clause: Sleep-inducing moves are banned
|rule|Swagger Clause: Swagger is banned
|rule|Baton Pass Stat Clause: No Baton Passer may have a way to boost its stats
|clearpoke
|poke|p1|Cresselia, F|item
|poke|p1|Chansey, F|item
|poke|p1|Excadrill, M|item
|poke|p1|Ninetales, M|item
|poke|p1|Volcarona, M|item
|poke|p1|Xatu, M|item
|poke|p2|Politoed, F|item
|poke|p2|Tentacruel, M|item
|poke|p2|Lapras, F|item
|poke|p2|Thundurus-Therian, M|item
|poke|p2|Bronzong|item
|poke|p2|Chansey, F|item
|teampreview
|inactive|Battle timer is ON: inactive players will automatically lose when time's up. (requested by Blobstermob)
|
|t:|1726610824
|start
|switch|p1a: Chansey|Chansey, F|100/100
|switch|p2a: Politoed|Politoed, F|100/100
|-weather|RainDance|[from] ability: Drizzle|[of] p2a: Politoed
|turn|1
|
|t:|1726610828
|switch|p2a: Bronzong|Bronzong|100/100
|move|p1a: Chansey|Stealth Rock|p2a: Bronzong
|-sidestart|p2: Blobstermob|move: Stealth Rock
|
|-weather|RainDance|[upkeep]
|upkeep
|turn|2
|
|t:|1726610834
|switch|p1a: Xatu|Xatu, M, shiny|100/100
|move|p2a: Bronzong|Trick|p1a: Xatu
|-activate|p2a: Bronzong|move: Trick|[of] p1a: Xatu
|-item|p1a: Xatu|Choice Scarf|[from] move: Trick
|-item|p2a: Bronzong|Rocky Helmet|[from] move: Trick
|
|-weather|RainDance|[upkeep]
|upkeep
|turn|3
|
|t:|1726610844
|switch|p2a: Tentacruel|Tentacruel, M|100/100
|-damage|p2a: Tentacruel|88/100|[from] Stealth Rock
|move|p1a: Xatu|Reflect|p1a: Xatu
|-sidestart|p1: yxuuu|Reflect
|
|-weather|RainDance|[upkeep]
|-heal|p2a: Tentacruel|94/100|[from] ability: Rain Dish
|-heal|p2a: Tentacruel|99/100|[from] item: Black Sludge
|upkeep
|turn|4
|
|t:|1726610853
|switch|p1a: Chansey|Chansey, F|100/100
|move|p2a: Tentacruel|Rapid Spin|p1a: Chansey
|-damage|p1a: Chansey|99/100
|-sideend|p2: Blobstermob|Stealth Rock|[from] move: Rapid Spin|[of] p2a: Tentacruel
|
|-weather|RainDance|[upkeep]
|-heal|p2a: Tentacruel|100/100|[from] ability: Rain Dish
|upkeep
|turn|5
|
|t:|1726610860
|move|p2a: Tentacruel|Knock Off|p1a: Chansey
|-damage|p1a: Chansey|98/100
|-enditem|p1a: Chansey|Eviolite|[from] move: Knock Off|[of] p2a: Tentacruel
|move|p1a: Chansey|Stealth Rock|p2a: Tentacruel
|-sidestart|p2: Blobstermob|move: Stealth Rock
|
|-weather|RainDance|[upkeep]
|upkeep
|turn|6
|
|t:|1726610863
|move|p2a: Tentacruel|Scald|p1a: Chansey
|-damage|p1a: Chansey|83/100
|move|p1a: Chansey|Seismic Toss|p2a: Tentacruel
|-damage|p2a: Tentacruel|73/100
|
|-weather|RainDance|[upkeep]
|-heal|p2a: Tentacruel|79/100|[from] ability: Rain Dish
|-heal|p2a: Tentacruel|85/100|[from] item: Black Sludge
|upkeep
|turn|7
|
|t:|1726610872
|move|p2a: Tentacruel|Rapid Spin|p1a: Chansey
|-damage|p1a: Chansey|81/100
|-sideend|p2: Blobstermob|Stealth Rock|[from] move: Rapid Spin|[of] p2a: Tentacruel
|move|p1a: Chansey|Seismic Toss|p2a: Tentacruel
|-damage|p2a: Tentacruel|58/100
|
|-weather|RainDance|[upkeep]
|-heal|p2a: Tentacruel|64/100|[from] ability: Rain Dish
|-heal|p2a: Tentacruel|70/100|[from] item: Black Sludge
|-sideend|p1: yxuuu|Reflect
|upkeep
|turn|8
|
|t:|1726610876
|move|p2a: Tentacruel|Protect|p2a: Tentacruel
|-singleturn|p2a: Tentacruel|Protect
|move|p1a: Chansey|Stealth Rock|p2a: Tentacruel
|-sidestart|p2: Blobstermob|move: Stealth Rock
|
|-weather|RainDance|[upkeep]
|-heal|p2a: Tentacruel|76/100|[from] ability: Rain Dish
|-heal|p2a: Tentacruel|82/100|[from] item: Black Sludge
|upkeep
|turn|9
|
|t:|1726610883
|switch|p1a: Ninetales|Ninetales, M|100/100
|-weather|SunnyDay|[from] ability: Drought|[of] p1a: Ninetales
|move|p2a: Tentacruel|Rapid Spin|p1a: Ninetales
|-crit|p1a: Ninetales
|-damage|p1a: Ninetales|93/100
|-sideend|p2: Blobstermob|Stealth Rock|[from] move: Rapid Spin|[of] p2a: Tentacruel
|
|-weather|SunnyDay|[upkeep]
|-heal|p2a: Tentacruel|88/100|[from] item: Black Sludge
|-heal|p1a: Ninetales|99/100|[from] item: Leftovers
|upkeep
|turn|10
|
|t:|1726610891
|switch|p2a: Politoed|Politoed, F|100/100
|-weather|RainDance|[from] ability: Drizzle|[of] p2a: Politoed
|move|p1a: Ninetales|Will-O-Wisp|p2a: Politoed
|-status|p2a: Politoed|brn
|
|-weather|RainDance|[upkeep]
|-heal|p1a: Ninetales|100/100|[from] item: Leftovers
|-damage|p2a: Politoed|88/100 brn|[from] brn
|upkeep
|turn|11
|
|t:|1726610896
|switch|p1a: Chansey|Chansey, F|81/100
|move|p2a: Politoed|Toxic|p1a: Chansey|[miss]
|-miss|p2a: Politoed|p1a: Chansey
|
|-weather|RainDance|[upkeep]
|-heal|p2a: Politoed|94/100 brn|[from] item: Leftovers
|-damage|p2a: Politoed|82/100 brn|[from] brn
|upkeep
|turn|12
|
|t:|1726610902
|switch|p2a: Chansey|Chansey, F|100/100
|move|p1a: Chansey|Stealth Rock|p2a: Chansey
|-sidestart|p2: Blobstermob|move: Stealth Rock
|
|-weather|RainDance|[upkeep]
|upkeep
|turn|13
|
|t:|1726610915
|switch|p1a: Xatu|Xatu, M, shiny|100/100
|move|p2a: Chansey|Heal Bell|p2a: Chansey
|-activate|p2a: Chansey|move: Heal Bell
|-curestatus|p2: Politoed|brn|[msg]
|
|-weather|RainDance|[upkeep]
|upkeep
|turn|14
|
|t:|1726610920
|move|p1a: Xatu|U-turn|p2a: Chansey
|-damage|p2a: Chansey|92/100
|
|t:|1726610924
|switch|p1a: Chansey|Chansey, F|81/100|[from] U-turn
|move|p2a: Chansey|Thunder Wave|p1a: Chansey
|-status|p1a: Chansey|par
|
|-weather|RainDance|[upkeep]
|upkeep
|turn|15
|
|t:|1726610932
|move|p2a: Chansey|Seismic Toss|p1a: Chansey
|-damage|p1a: Chansey|67/100 par
|cant|p1a: Chansey|par
|
|-weather|RainDance|[upkeep]
|upkeep
|turn|16
|
|t:|1726610942
|switch|p2a: Bronzong|Bronzong|100/100
|-damage|p2a: Bronzong|94/100|[from] Stealth Rock
|cant|p1a: Chansey|par
|
|-weather|RainDance|[upkeep]
|upkeep
|turn|17
|
|t:|1726610946
|-curestatus|p1a: Chansey|par|[from] ability: Natural Cure
|switch|p1a: Xatu|Xatu, M, shiny|100/100
|move|p2a: Bronzong|Gyro Ball|p1a: Xatu
|-damage|p1a: Xatu|72/100
|
|-weather|RainDance|[upkeep]
|upkeep
|turn|18
|
|t:|1726610953
|move|p1a: Xatu|Reflect|p1a: Xatu
|-sidestart|p1: yxuuu|Reflect
|move|p2a: Bronzong|Gyro Ball|p1a: Xatu
|-damage|p1a: Xatu|58/100
|
|-weather|RainDance|[upkeep]
|upkeep
|turn|19
|
|t:|1726610962
|switch|p1a: Ninetales|Ninetales, M|100/100
|-weather|SunnyDay|[from] ability: Drought|[of] p1a: Ninetales
|switch|p2a: Lapras|Lapras, F|100/100
|-damage|p2a: Lapras|76/100|[from] Stealth Rock
|
|-weather|SunnyDay|[upkeep]
|-heal|p2a: Lapras|82/100|[from] item: Leftovers
|upkeep
|turn|20
|
|t:|1726610968
|switch|p1a: Chansey|Chansey, F|67/100
|switch|p2a: Politoed|Politoed, F|82/100
|-damage|p2a: Politoed|69/100|[from] Stealth Rock
|-weather|RainDance|[from] ability: Drizzle|[of] p2a: Politoed
|
|-weather|RainDance|[upkeep]
|-heal|p2a: Politoed|75/100|[from] item: Leftovers
|upkeep
|turn|21
|
|t:|1726610973
|move|p2a: Politoed|Encore||[still]
|-fail|p2a: Politoed
|move|p1a: Chansey|Soft-Boiled|p1a: Chansey
|-heal|p1a: Chansey|100/100
|
|-weather|RainDance|[upkeep]
|-heal|p2a: Politoed|82/100|[from] item: Leftovers
|upkeep
|turn|22
|
|t:|1726610977
|switch|p1a: Xatu|Xatu, M, shiny|58/100
|move|p2a: Politoed|Scald|p1a: Xatu
|-damage|p1a: Xatu|9/100
|
|-weather|RainDance|[upkeep]
|-heal|p2a: Politoed|88/100|[from] item: Leftovers
|-sideend|p1: yxuuu|Reflect
|upkeep
|turn|23
|
|t:|1726610981
|switch|p1a: Chansey|Chansey, F|100/100
|move|p2a: Politoed|Scald|p1a: Chansey
|-crit|p1a: Chansey
|-damage|p1a: Chansey|66/100
|
|-weather|RainDance|[upkeep]
|-heal|p2a: Politoed|94/100|[from] item: Leftovers
|upkeep
|turn|24
|
|t:|1726610985
|move|p2a: Politoed|Scald|p1a: Chansey
|-damage|p1a: Chansey|49/100
|move|p1a: Chansey|Toxic|p2a: Politoed
|-status|p2a: Politoed|tox
|
|-weather|RainDance|[upkeep]
|-heal|p2a: Politoed|100/100 tox|[from] item: Leftovers
|-damage|p2a: Politoed|94/100 tox|[from] psn
|upkeep
|turn|25
|
|t:|1726610993
|switch|p1a: Ninetales|Ninetales, M|100/100
|-weather|SunnyDay|[from] ability: Drought|[of] p1a: Ninetales
|move|p2a: Politoed|Toxic|p1a: Ninetales
|-status|p1a: Ninetales|tox
|
|-weather|SunnyDay|[upkeep]
|-heal|p2a: Politoed|100/100 tox|[from] item: Leftovers
|-damage|p1a: Ninetales|94/100 tox|[from] psn
|-damage|p2a: Politoed|88/100 tox|[from] psn
|upkeep
|turn|26
|
|t:|1726610999
|switch|p1a: Chansey|Chansey, F|49/100
|switch|p2a: Chansey|Chansey, F|92/100
|-damage|p2a: Chansey|79/100|[from] Stealth Rock
|
|-weather|SunnyDay|[upkeep]
|upkeep
|turn|27
|
|t:|1726611001
|move|p2a: Chansey|Heal Bell|p2a: Chansey
|-activate|p2a: Chansey|move: Heal Bell
|-curestatus|p2: Politoed|tox|[msg]
|move|p1a: Chansey|Soft-Boiled|p1a: Chansey
|-heal|p1a: Chansey|99/100
|
|-weather|SunnyDay|[upkeep]
|upkeep
|turn|28
|
|t:|1726611010
|switch|p2a: Politoed|Politoed, F|88/100
|-damage|p2a: Politoed|75/100|[from] Stealth Rock
|-weather|RainDance|[from] ability: Drizzle|[of] p2a: Politoed
|move|p1a: Chansey|Seismic Toss|p2a: Politoed
|-damage|p2a: Politoed|49/100
|
|-weather|RainDance|[upkeep]
|-heal|p2a: Politoed|56/100|[from] item: Leftovers
|upkeep
|turn|29
|
|t:|1726611013
|move|p2a: Politoed|Scald|p1a: Chansey
|-damage|p1a: Chansey|80/100
|move|p1a: Chansey|Toxic|p2a: Politoed
|-status|p2a: Politoed|tox
|
|-weather|RainDance|[upkeep]
|-heal|p2a: Politoed|62/100 tox|[from] item: Leftovers
|-damage|p2a: Politoed|56/100 tox|[from] psn
|upkeep
|turn|30
|
|t:|1726611019
|switch|p2a: Tentacruel|Tentacruel, M|88/100
|-damage|p2a: Tentacruel|75/100|[from] Stealth Rock
|move|p1a: Chansey|Seismic Toss|p2a: Tentacruel
|-damage|p2a: Tentacruel|48/100
|
|-weather|RainDance|[upkeep]
|-heal|p2a: Tentacruel|54/100|[from] ability: Rain Dish
|-heal|p2a: Tentacruel|60/100|[from] item: Black Sludge
|upkeep
|turn|31
|
|t:|1726611023
|move|p2a: Tentacruel|Protect|p2a: Tentacruel
|-singleturn|p2a: Tentacruel|Protect
|move|p1a: Chansey|Stealth Rock||[still]
|-fail|p1a: Chansey
|
|-weather|RainDance|[upkeep]
|-heal|p2a: Tentacruel|66/100|[from] ability: Rain Dish
|-heal|p2a: Tentacruel|72/100|[from] item: Black Sludge
|upkeep
|turn|32
|
|t:|1726611029
|switch|p2a: Lapras|Lapras, F|82/100
|-damage|p2a: Lapras|57/100|[from] Stealth Rock
|move|p1a: Chansey|Stealth Rock||[still]
|-fail|p1a: Chansey
|
|-weather|RainDance|[upkeep]
|-heal|p2a: Lapras|63/100|[from] item: Leftovers
|upkeep
|turn|33
|
|t:|1726611032
|move|p2a: Lapras|Rest|p2a: Lapras
|-status|p2a: Lapras|slp|[from] move: Rest
|-heal|p2a: Lapras|100/100 slp|[silent]
|move|p1a: Chansey|Seismic Toss|p2a: Lapras
|-damage|p2a: Lapras|76/100 slp
|
|-weather|RainDance|[upkeep]
|-activate|p2a: Lapras|ability: Hydration
|-curestatus|p2a: Lapras|slp|[msg]
|-heal|p2a: Lapras|82/100|[from] item: Leftovers
|upkeep
|turn|34
|
|t:|1726611037
|switch|p1a: Ninetales|Ninetales, M|94/100 tox
|-weather|SunnyDay|[from] ability: Drought|[of] p1a: Ninetales
|move|p2a: Lapras|Curse|p2a: Lapras
|-unboost|p2a: Lapras|spe|1
|-boost|p2a: Lapras|atk|1
|-boost|p2a: Lapras|def|1
|
|-weather|SunnyDay|[upkeep]
|-heal|p1a: Ninetales|100/100 tox|[from] item: Leftovers
|-heal|p2a: Lapras|88/100|[from] item: Leftovers
|-damage|p1a: Ninetales|94/100 tox|[from] psn
|upkeep
|turn|35
|
|t:|1726611044
|switch|p2a: Bronzong|Bronzong|94/100
|-damage|p2a: Bronzong|88/100|[from] Stealth Rock
|move|p1a: Ninetales|Will-O-Wisp|p2a: Bronzong
|-status|p2a: Bronzong|brn
|
|-weather|SunnyDay|[upkeep]
|-heal|p1a: Ninetales|100/100 tox|[from] item: Leftovers
|-damage|p1a: Ninetales|88/100 tox|[from] psn
|-damage|p2a: Bronzong|76/100 brn|[from] brn
|upkeep
|turn|36
|
|t:|1726611050
|switch|p2a: Chansey|Chansey, F|79/100
|-damage|p2a: Chansey|67/100|[from] Stealth Rock
|move|p1a: Ninetales|Flamethrower|p2a: Chansey
|-damage|p2a: Chansey|55/100
|
|-weather|SunnyDay|[upkeep]
|-heal|p1a: Ninetales|94/100 tox|[from] item: Leftovers
|-damage|p1a: Ninetales|76/100 tox|[from] psn
|upkeep
|turn|37
|
|t:|1726611060
|move|p1a: Ninetales|Will-O-Wisp|p2a: Chansey|[miss]
|-miss|p1a: Ninetales|p2a: Chansey
|move|p2a: Chansey|Heal Bell|p2a: Chansey
|-activate|p2a: Chansey|move: Heal Bell
|-curestatus|p2: Bronzong|brn|[msg]
|-curestatus|p2: Politoed|tox|[msg]
|
|-weather|SunnyDay|[upkeep]
|-heal|p1a: Ninetales|82/100 tox|[from] item: Leftovers
|-damage|p1a: Ninetales|58/100 tox|[from] psn
|upkeep
|turn|38
|
|t:|1726611065
|move|p1a: Ninetales|Pain Split|p2a: Chansey
|-sethp|p2a: Chansey|43/100|[from] move: Pain Split|[silent]
|-sethp|p1a: Ninetales|79/100 tox|[from] move: Pain Split
|move|p2a: Chansey|Seismic Toss|p1a: Ninetales
|-damage|p1a: Ninetales|50/100 tox
|
|-weather|SunnyDay|[upkeep]
|-heal|p1a: Ninetales|57/100 tox|[from] item: Leftovers
|-damage|p1a: Ninetales|26/100 tox|[from] psn
|upkeep
|turn|39
|
|t:|1726611070
|switch|p1a: Chansey|Chansey, F|80/100
|move|p2a: Chansey|Soft-Boiled|p2a: Chansey
|-heal|p2a: Chansey|93/100
|
|-weather|SunnyDay|[upkeep]
|upkeep
|turn|40
|
|t:|1726611082
|move|p2a: Chansey|Seismic Toss|p1a: Chansey
|-damage|p1a: Chansey|66/100
|move|p1a: Chansey|Seismic Toss|p2a: Chansey
|-damage|p2a: Chansey|78/100
|
|-weather|SunnyDay|[upkeep]
|upkeep
|turn|41
|
|t:|1726611088
|move|p2a: Chansey|Thunder Wave|p1a: Chansey
|-status|p1a: Chansey|par
|move|p1a: Chansey|Toxic|p2a: Chansey
|-status|p2a: Chansey|tox
|
|-weather|SunnyDay|[upkeep]
|-damage|p2a: Chansey|72/100 tox|[from] psn
|upkeep
|turn|42
|
|t:|1726611094
|move|p2a: Chansey|Heal Bell|p2a: Chansey
|-activate|p2a: Chansey|move: Heal Bell
|-curestatus|p2a: Chansey|tox|[msg]
|move|p1a: Chansey|Soft-Boiled|p1a: Chansey
|-heal|p1a: Chansey|100/100 par
|
|-weather|SunnyDay|[upkeep]
|upkeep
|turn|43
|
|t:|1726611100
|move|p2a: Chansey|Seismic Toss|p1a: Chansey
|-damage|p1a: Chansey|86/100 par
|cant|p1a: Chansey|par
|
|-weather|SunnyDay|[upkeep]
|upkeep
|turn|44
|
|t:|1726611105
|switch|p2a: Bronzong|Bronzong|76/100
|-damage|p2a: Bronzong|69/100|[from] Stealth Rock
|cant|p1a: Chansey|par
|
|-weather|SunnyDay|[upkeep]
|upkeep
|turn|45
|
|t:|1726611114
|-curestatus|p1a: Chansey|par|[from] ability: Natural Cure
|switch|p1a: Xatu|Xatu, M, shiny|9/100
|move|p2a: Bronzong|Stealth Rock|p1a: Xatu
|move|p1a: Xatu|Stealth Rock||[from]ability: Magic Bounce|[still]
|-fail|p1a: Xatu
|
|-weather|SunnyDay|[upkeep]
|upkeep
|turn|46
|
|t:|1726611121
|move|p1a: Xatu|Night Shade|p2a: Bronzong
|-damage|p2a: Bronzong|40/100
|move|p2a: Bronzong|Stealth Rock|p1a: Xatu
|move|p1a: Xatu|Stealth Rock||[from]ability: Magic Bounce|[still]
|-fail|p1a: Xatu
|
|-weather|SunnyDay|[upkeep]
|upkeep
|turn|47
|
|t:|1726611126
|move|p1a: Xatu|Night Shade|p2a: Bronzong
|-damage|p2a: Bronzong|10/100
|move|p2a: Bronzong|Gyro Ball|p1a: Xatu
|-damage|p1a: Xatu|0 fnt
|faint|p1a: Xatu
|
|-weather|SunnyDay|[upkeep]
|upkeep
|
|t:|1726611141
|switch|p1a: Volcarona|Volcarona, M|100/100
|turn|48
|
|t:|1726611150
|switch|p2a: Politoed|Politoed, F|56/100
|-damage|p2a: Politoed|43/100|[from] Stealth Rock
|-weather|RainDance|[from] ability: Drizzle|[of] p2a: Politoed
|move|p1a: Volcarona|Bug Buzz|p2a: Politoed
|-damage|p2a: Politoed|5/100
|
|-weather|RainDance|[upkeep]
|-heal|p2a: Politoed|12/100|[from] item: Leftovers
|upkeep
|turn|49
|
|t:|1726611153
|move|p2a: Politoed|Protect|p2a: Politoed
|-singleturn|p2a: Politoed|Protect
|move|p1a: Volcarona|Bug Buzz|p2a: Politoed
|-activate|p2a: Politoed|move: Protect
|
|-weather|RainDance|[upkeep]
|-heal|p2a: Politoed|18/100|[from] item: Leftovers
|upkeep
|turn|50
|
|t:|1726611157
|switch|p2a: Tentacruel|Tentacruel, M|72/100
|-damage|p2a: Tentacruel|60/100|[from] Stealth Rock
|move|p1a: Volcarona|Bug Buzz|p2a: Tentacruel
|-resisted|p2a: Tentacruel
|-damage|p2a: Tentacruel|45/100
|
|-weather|RainDance|[upkeep]
|-heal|p2a: Tentacruel|51/100|[from] ability: Rain Dish
|-heal|p2a: Tentacruel|57/100|[from] item: Black Sludge
|upkeep
|turn|51
|
|t:|1726611161
|switch|p1a: Chansey|Chansey, F|86/100
|move|p2a: Tentacruel|Scald|p1a: Chansey
|-damage|p1a: Chansey|70/100
|
|-weather|RainDance|[upkeep]
|-heal|p2a: Tentacruel|63/100|[from] ability: Rain Dish
|-heal|p2a: Tentacruel|69/100|[from] item: Black Sludge
|upkeep
|turn|52
|
|t:|1726611168
|move|p2a: Tentacruel|Protect|p2a: Tentacruel
|-singleturn|p2a: Tentacruel|Protect
|move|p1a: Chansey|Seismic Toss|p2a: Tentacruel
|-activate|p2a: Tentacruel|move: Protect
|
|-weather|RainDance|[upkeep]
|-heal|p2a: Tentacruel|75/100|[from] ability: Rain Dish
|-heal|p2a: Tentacruel|81/100|[from] item: Black Sludge
|upkeep
|turn|53
|
|t:|1726611191
|move|p2a: Tentacruel|Scald|p1a: Chansey
|-damage|p1a: Chansey|54/100
|move|p1a: Chansey|Seismic Toss|p2a: Tentacruel
|-damage|p2a: Tentacruel|54/100
|
|-weather|RainDance|[upkeep]
|-heal|p2a: Tentacruel|60/100|[from] ability: Rain Dish
|-heal|p2a: Tentacruel|66/100|[from] item: Black Sludge
|upkeep
|turn|54
|
|t:|1726611197
|move|p2a: Tentacruel|Protect|p2a: Tentacruel
|-singleturn|p2a: Tentacruel|Protect
|move|p1a: Chansey|Soft-Boiled|p1a: Chansey
|-heal|p1a: Chansey|100/100
|
|-weather|RainDance|[upkeep]
|-heal|p2a: Tentacruel|72/100|[from] ability: Rain Dish
|-heal|p2a: Tentacruel|78/100|[from] item: Black Sludge
|upkeep
|turn|55
|
|t:|1726611203
|switch|p2a: Lapras|Lapras, F|88/100
|-damage|p2a: Lapras|63/100|[from] Stealth Rock
|move|p1a: Chansey|Seismic Toss|p2a: Lapras
|-damage|p2a: Lapras|38/100
|
|-weather|RainDance|[upkeep]
|-heal|p2a: Lapras|44/100|[from] item: Leftovers
|upkeep
|turn|56
|
|t:|1726611215
|switch|p1a: Ninetales|Ninetales, M|26/100 tox
|-weather|SunnyDay|[from] ability: Drought|[of] p1a: Ninetales
|move|p2a: Lapras|Rest|p2a: Lapras
|-status|p2a: Lapras|slp|[from] move: Rest
|-heal|p2a: Lapras|100/100 slp|[silent]
|
|-weather|SunnyDay|[upkeep]
|-heal|p1a: Ninetales|32/100 tox|[from] item: Leftovers
|-damage|p1a: Ninetales|26/100 tox|[from] psn
|upkeep
|turn|57
|
|t:|1726611220
|switch|p2a: Bronzong|Bronzong|10/100
|-damage|p2a: Bronzong|4/100|[from] Stealth Rock
|move|p1a: Ninetales|Pain Split|p2a: Bronzong
|-sethp|p2a: Bronzong|16/100|[from] move: Pain Split|[silent]
|-sethp|p1a: Ninetales|15/100 tox|[from] move: Pain Split
|
|-weather|SunnyDay|[upkeep]
|-heal|p1a: Ninetales|21/100 tox|[from] item: Leftovers
|-damage|p1a: Ninetales|9/100 tox|[from] psn
|upkeep
|turn|58
|
|t:|1726611234
|switch|p1a: Excadrill|Excadrill, M|100/100
|-ability|p1a: Excadrill|Mold Breaker
|move|p2a: Bronzong|Stealth Rock|p1a: Excadrill
|-sidestart|p1: yxuuu|move: Stealth Rock
|
|-weather|SunnyDay|[upkeep]
|upkeep
|turn|59
|
|t:|1726611242
|switch|p2a: Thundurus|Thundurus-Therian, M|100/100
|-damage|p2a: Thundurus|76/100|[from] Stealth Rock
|move|p1a: Excadrill|Rapid Spin|p2a: Thundurus
|-damage|p2a: Thundurus|67/100
|-sideend|p1: yxuuu|Stealth Rock|[from] move: Rapid Spin|[of] p1a: Excadrill
|
|-weather|SunnyDay|[upkeep]
|upkeep
|turn|60
|
|t:|1726611250
|switch|p1a: Chansey|Chansey, F|100/100
|move|p2a: Thundurus|Nasty Plot|p2a: Thundurus
|-boost|p2a: Thundurus|spa|2
|
|-weather|SunnyDay|[upkeep]
|upkeep
|turn|61
|
|t:|1726611255
|move|p2a: Thundurus|Thunder|p1a: Chansey|[miss]
|-miss|p2a: Thundurus|p1a: Chansey
|move|p1a: Chansey|Toxic|p2a: Thundurus
|-status|p2a: Thundurus|tox
|
|-weather|SunnyDay|[upkeep]
|-damage|p2a: Thundurus|61/100 tox|[from] psn
|upkeep
|turn|62
|
|t:|1726611264
|switch|p2a: Chansey|Chansey, F|72/100
|-damage|p2a: Chansey|59/100|[from] Stealth Rock
|move|p1a: Chansey|Soft-Boiled||[still]
|-fail|p1a: Chansey|heal
|
|-weather|SunnyDay|[upkeep]
|upkeep
|turn|63
|
|t:|1726611275
|move|p2a: Chansey|Soft-Boiled|p2a: Chansey
|-heal|p2a: Chansey|100/100
|move|p1a: Chansey|Toxic|p2a: Chansey|[miss]
|-miss|p1a: Chansey|p2a: Chansey
|
|-weather|SunnyDay|[upkeep]
|upkeep
|turn|64
|
|t:|1726611285
|move|p2a: Chansey|Thunder Wave|p1a: Chansey
|-status|p1a: Chansey|par
|move|p1a: Chansey|Toxic|p2a: Chansey
|-status|p2a: Chansey|tox
|
|-weather|SunnyDay|[upkeep]
|-damage|p2a: Chansey|94/100 tox|[from] psn
|upkeep
|turn|65
|
|t:|1726611298
|move|p2a: Chansey|Heal Bell|p2a: Chansey
|-activate|p2a: Chansey|move: Heal Bell
|-curestatus|p2a: Chansey|tox|[msg]
|-curestatus|p2: Thundurus|tox|[msg]
|-curestatus|p2: Lapras|slp|[msg]
|cant|p1a: Chansey|par
|
|-weather|SunnyDay|[upkeep]
|upkeep
|turn|66
|
|t:|1726611306
|switch|p2a: Tentacruel|Tentacruel, M|78/100
|-damage|p2a: Tentacruel|66/100|[from] Stealth Rock
|move|p1a: Chansey|Seismic Toss|p2a: Tentacruel
|-damage|p2a: Tentacruel|38/100
|
|-weather|SunnyDay|[upkeep]
|-heal|p2a: Tentacruel|44/100|[from] item: Black Sludge
|upkeep
|turn|67
|
|t:|1726611311
|move|p2a: Tentacruel|Rapid Spin|p1a: Chansey
|-damage|p1a: Chansey|97/100 par
|-sideend|p2: Blobstermob|Stealth Rock|[from] move: Rapid Spin|[of] p2a: Tentacruel
|move|p1a: Chansey|Stealth Rock|p2a: Tentacruel
|-sidestart|p2: Blobstermob|move: Stealth Rock
|
|-weather|SunnyDay|[upkeep]
|-heal|p2a: Tentacruel|50/100|[from] item: Black Sludge
|upkeep
|turn|68
|
|t:|1726611316
|move|p2a: Tentacruel|Rapid Spin|p1a: Chansey
|-crit|p1a: Chansey
|-damage|p1a: Chansey|91/100 par
|-sideend|p2: Blobstermob|Stealth Rock|[from] move: Rapid Spin|[of] p2a: Tentacruel
|move|p1a: Chansey|Seismic Toss|p2a: Tentacruel
|-damage|p2a: Tentacruel|23/100
|
|-weather|SunnyDay|[upkeep]
|-heal|p2a: Tentacruel|29/100|[from] item: Black Sludge
|upkeep
|turn|69
|
|t:|1726611319
|move|p2a: Tentacruel|Protect|p2a: Tentacruel
|-singleturn|p2a: Tentacruel|Protect
|move|p1a: Chansey|Stealth Rock|p2a: Tentacruel
|-sidestart|p2: Blobstermob|move: Stealth Rock
|
|-weather|SunnyDay|[upkeep]
|-heal|p2a: Tentacruel|35/100|[from] item: Black Sludge
|upkeep
|turn|70
|
|t:|1726611330
|switch|p2a: Lapras|Lapras, F|100/100
|-damage|p2a: Lapras|76/100|[from] Stealth Rock
|move|p1a: Chansey|Seismic Toss|p2a: Lapras
|-damage|p2a: Lapras|51/100
|
|-weather|SunnyDay|[upkeep]
|-heal|p2a: Lapras|57/100|[from] item: Leftovers
|upkeep
|turn|71
|
|t:|1726611336
|move|p2a: Lapras|Waterfall|p1a: Chansey
|-damage|p1a: Chansey|79/100 par
|move|p1a: Chansey|Toxic|p2a: Lapras
|-status|p2a: Lapras|tox
|
|-weather|SunnyDay|[upkeep]
|-heal|p2a: Lapras|63/100 tox|[from] item: Leftovers
|-damage|p2a: Lapras|57/100 tox|[from] psn
|upkeep
|turn|72
|
|t:|1726611346
|switch|p2a: Chansey|Chansey, F|94/100
|-damage|p2a: Chansey|82/100|[from] Stealth Rock
|cant|p1a: Chansey|par
|
|-weather|SunnyDay|[upkeep]
|upkeep
|turn|73
|
|t:|1726611352
|move|p2a: Chansey|Seismic Toss|p1a: Chansey
|-damage|p1a: Chansey|65/100 par
|cant|p1a: Chansey|par
|
|-weather|SunnyDay|[upkeep]
|upkeep
|turn|74
|
|t:|1726611357
|move|p2a: Chansey|Seismic Toss|p1a: Chansey
|-damage|p1a: Chansey|51/100 par
|move|p1a: Chansey|Toxic|p2a: Chansey
|-status|p2a: Chansey|tox
|
|-weather|SunnyDay|[upkeep]
|-damage|p2a: Chansey|76/100 tox|[from] psn
|upkeep
|turn|75
|
|t:|1726611371
|move|p2a: Chansey|Heal Bell|p2a: Chansey
|-activate|p2a: Chansey|move: Heal Bell
|-curestatus|p2a: Chansey|tox|[msg]
|-curestatus|p2: Lapras|tox|[msg]
|move|p1a: Chansey|Soft-Boiled|p1a: Chansey
|-heal|p1a: Chansey|100/100 par
|
|-weather|SunnyDay|[upkeep]
|upkeep
|turn|76
|
|t:|1726611376
|move|p2a: Chansey|Seismic Toss|p1a: Chansey
|-damage|p1a: Chansey|86/100 par
|cant|p1a: Chansey|par
|
|-weather|SunnyDay|[upkeep]
|upkeep
|turn|77
|
|t:|1726611380
|move|p2a: Chansey|Seismic Toss|p1a: Chansey
|-damage|p1a: Chansey|72/100 par
|move|p1a: Chansey|Toxic|p2a: Chansey
|-status|p2a: Chansey|tox
|
|-weather|SunnyDay|[upkeep]
|-damage|p2a: Chansey|69/100 tox|[from] psn
|upkeep
|turn|78
|
|t:|1726611385
|move|p2a: Chansey|Heal Bell|p2a: Chansey
|-activate|p2a: Chansey|move: Heal Bell
|-curestatus|p2a: Chansey|tox|[msg]
|cant|p1a: Chansey|par
|
|-weather|SunnyDay|[upkeep]
|upkeep
|turn|79
|
|t:|1726611388
|switch|p2a: Tentacruel|Tentacruel, M|35/100
|-damage|p2a: Tentacruel|22/100|[from] Stealth Rock
|cant|p1a: Chansey|par
|
|-weather|SunnyDay|[upkeep]
|-heal|p2a: Tentacruel|29/100|[from] item: Black Sludge
|upkeep
|turn|80
|
|t:|1726611393
|move|p2a: Tentacruel|Protect|p2a: Tentacruel
|-singleturn|p2a: Tentacruel|Protect
|cant|p1a: Chansey|par
|
|-weather|SunnyDay|[upkeep]
|-heal|p2a: Tentacruel|35/100|[from] item: Black Sludge
|upkeep
|turn|81
|
|t:|1726611398
|move|p2a: Tentacruel|Rapid Spin|p1a: Chansey
|-damage|p1a: Chansey|69/100 par
|-sideend|p2: Blobstermob|Stealth Rock|[from] move: Rapid Spin|[of] p2a: Tentacruel
|cant|p1a: Chansey|par
|
|-weather|SunnyDay|[upkeep]
|-heal|p2a: Tentacruel|41/100|[from] item: Black Sludge
|upkeep
|turn|82
|
|t:|1726611401
|switch|p2a: Politoed|Politoed, F|18/100
|-weather|RainDance|[from] ability: Drizzle|[of] p2a: Politoed
|cant|p1a: Chansey|par
|
|-weather|RainDance|[upkeep]
|-heal|p2a: Politoed|24/100|[from] item: Leftovers
|upkeep
|turn|83
|
|t:|1726611405
|move|p2a: Politoed|Protect|p2a: Politoed
|-singleturn|p2a: Politoed|Protect
|move|p1a: Chansey|Stealth Rock|p2a: Politoed
|-sidestart|p2: Blobstermob|move: Stealth Rock
|
|-weather|RainDance|[upkeep]
|-heal|p2a: Politoed|30/100|[from] item: Leftovers
|upkeep
|turn|84
|
|t:|1726611411
|move|p2a: Politoed|Encore|p1a: Chansey
|-start|p1a: Chansey|Encore
|move|p1a: Chansey|Stealth Rock||[still]
|-fail|p1a: Chansey
|
|-weather|RainDance|[upkeep]
|-heal|p2a: Politoed|37/100|[from] item: Leftovers
|upkeep
|turn|85
|
|t:|1726611422
|-curestatus|p1a: Chansey|par|[from] ability: Natural Cure
|switch|p1a: Cresselia|Cresselia, F|100/100
|move|p2a: Politoed|Scald|p1a: Cresselia
|-damage|p1a: Cresselia|77/100
|-status|p1a: Cresselia|brn
|
|-weather|RainDance|[upkeep]
|-heal|p1a: Cresselia|83/100 brn|[from] item: Leftovers
|-heal|p2a: Politoed|43/100|[from] item: Leftovers
|-damage|p1a: Cresselia|70/100 brn|[from] brn
|upkeep
|turn|86
|
|t:|1726611425
|move|p2a: Politoed|Protect|p2a: Politoed
|-singleturn|p2a: Politoed|Protect
|move|p1a: Cresselia|Toxic|p2a: Politoed
|-activate|p2a: Politoed|move: Protect
|
|-weather|RainDance|[upkeep]
|-heal|p1a: Cresselia|77/100 brn|[from] item: Leftovers
|-heal|p2a: Politoed|49/100|[from] item: Leftovers
|-damage|p1a: Cresselia|64/100 brn|[from] brn
|upkeep
|turn|87
|
|t:|1726611434
|switch|p1a: Chansey|Chansey, F|69/100
|switch|p2a: Tentacruel|Tentacruel, M|41/100
|-damage|p2a: Tentacruel|28/100|[from] Stealth Rock
|
|-weather|RainDance|[upkeep]
|-heal|p2a: Tentacruel|34/100|[from] ability: Rain Dish
|-heal|p2a: Tentacruel|40/100|[from] item: Black Sludge
|upkeep
|turn|88
|
|t:|1726611438
|switch|p1a: Ninetales|Ninetales, M|9/100 tox
|-weather|SunnyDay|[from] ability: Drought|[of] p1a: Ninetales
|move|p2a: Tentacruel|Protect||[still]
|-fail|p2a: Tentacruel
|
|-weather|SunnyDay|[upkeep]
|-heal|p2a: Tentacruel|46/100|[from] item: Black Sludge
|-heal|p1a: Ninetales|15/100 tox|[from] item: Leftovers
|-damage|p1a: Ninetales|9/100 tox|[from] psn
|upkeep
|turn|89
|
|t:|1726611444
|switch|p2a: Bronzong|Bronzong|16/100
|-damage|p2a: Bronzong|9/100|[from] Stealth Rock
|switch|p1a: Chansey|Chansey, F|69/100
|
|-weather|SunnyDay|[upkeep]
|upkeep
|turn|90
|
|t:|1726611460
|switch|p1a: Excadrill|Excadrill, M|100/100
|-ability|p1a: Excadrill|Mold Breaker
|switch|p2a: Chansey|Chansey, F|69/100
|-damage|p2a: Chansey|57/100|[from] Stealth Rock
|
|-weather|SunnyDay|[upkeep]
|upkeep
|turn|91
|
|t:|1726611470
|switch|p2a: Bronzong|Bronzong|9/100
|-damage|p2a: Bronzong|3/100|[from] Stealth Rock
|move|p1a: Excadrill|Earthquake|p2a: Bronzong
|-supereffective|p2a: Bronzong
|-damage|p2a: Bronzong|0 fnt
|faint|p2a: Bronzong
|
|-weather|SunnyDay|[upkeep]
|upkeep
|
|t:|1726611473
|switch|p2a: Politoed|Politoed, F|49/100
|-damage|p2a: Politoed|37/100|[from] Stealth Rock
|-weather|RainDance|[from] ability: Drizzle|[of] p2a: Politoed
|turn|92
|
|t:|1726611479
|move|p1a: Excadrill|Earthquake|p2a: Politoed
|-damage|p2a: Politoed|1/100
|move|p2a: Politoed|Scald|p1a: Excadrill
|-supereffective|p1a: Excadrill
|-damage|p1a: Excadrill|45/100
|
|-weather|RainDance|[upkeep]
|-heal|p1a: Excadrill|51/100|[from] item: Leftovers
|-heal|p2a: Politoed|7/100|[from] item: Leftovers
|upkeep
|turn|93
|
|t:|1726611486
|switch|p1a: Ninetales|Ninetales, M|9/100 tox
|-weather|SunnyDay|[from] ability: Drought|[of] p1a: Ninetales
|move|p2a: Politoed|Protect||[still]
|-fail|p2a: Politoed
|
|-weather|SunnyDay|[upkeep]
|-heal|p1a: Ninetales|15/100 tox|[from] item: Leftovers
|-heal|p2a: Politoed|13/100|[from] item: Leftovers
|-damage|p1a: Ninetales|9/100 tox|[from] psn
|upkeep
|turn|94
|
|t:|1726611504
|switch|p1a: Volcarona|Volcarona, M|100/100
|move|p2a: Politoed|Protect||[still]
|-fail|p2a: Politoed
|
|-weather|SunnyDay|[upkeep]
|-heal|p2a: Politoed|20/100|[from] item: Leftovers
|upkeep
|turn|95
|
|t:|1726611507
|switch|p2a: Chansey|Chansey, F|57/100
|-damage|p2a: Chansey|44/100|[from] Stealth Rock
|move|p1a: Volcarona|Bug Buzz|p2a: Chansey
|-damage|p2a: Chansey|33/100
|
|-weather|SunnyDay|[upkeep]
|upkeep
|turn|96
|
|t:|1726611515
|switch|p1a: Chansey|Chansey, F|69/100
|move|p2a: Chansey|Soft-Boiled|p2a: Chansey
|-heal|p2a: Chansey|83/100
|
|-weather|SunnyDay|[upkeep]
|upkeep
|turn|97
|
|t:|1726611522
|switch|p2a: Tentacruel|Tentacruel, M|46/100
|-damage|p2a: Tentacruel|34/100|[from] Stealth Rock
|move|p1a: Chansey|Toxic|p2a: Tentacruel
|-immune|p2a: Tentacruel
|
|-weather|SunnyDay|[upkeep]
|-heal|p2a: Tentacruel|40/100|[from] item: Black Sludge
|upkeep
|turn|98
|
|t:|1726611532
|move|p2a: Tentacruel|Protect|p2a: Tentacruel
|-singleturn|p2a: Tentacruel|Protect
|move|p1a: Chansey|Seismic Toss|p2a: Tentacruel
|-activate|p2a: Tentacruel|move: Protect
|
|-weather|SunnyDay|[upkeep]
|-heal|p2a: Tentacruel|46/100|[from] item: Black Sludge
|upkeep
|turn|99
|
|t:|1726611540
|move|p2a: Tentacruel|Rapid Spin|p1a: Chansey
|-damage|p1a: Chansey|66/100
|-sideend|p2: Blobstermob|Stealth Rock|[from] move: Rapid Spin|[of] p2a: Tentacruel
|move|p1a: Chansey|Seismic Toss|p2a: Tentacruel
|-damage|p2a: Tentacruel|19/100
|
|-weather|SunnyDay|[upkeep]
|-heal|p2a: Tentacruel|25/100|[from] item: Black Sludge
|upkeep
|turn|100
|
|t:|1726611543
|switch|p2a: Politoed|Politoed, F|20/100
|-weather|RainDance|[from] ability: Drizzle|[of] p2a: Politoed
|move|p1a: Chansey|Stealth Rock|p2a: Politoed
|-sidestart|p2: Blobstermob|move: Stealth Rock
|
|-weather|RainDance|[upkeep]
|-heal|p2a: Politoed|26/100|[from] item: Leftovers
|upkeep
|turn|101
|
|t:|1726611547
|switch|p1a: Ninetales|Ninetales, M|9/100 tox
|-weather|SunnyDay|[from] ability: Drought|[of] p1a: Ninetales
|move|p2a: Politoed|Protect||[still]
|-fail|p2a: Politoed
|
|-weather|SunnyDay|[upkeep]
|-heal|p1a: Ninetales|15/100 tox|[from] item: Leftovers
|-heal|p2a: Politoed|32/100|[from] item: Leftovers
|-damage|p1a: Ninetales|9/100 tox|[from] psn
|upkeep
|turn|102
|
|t:|1726611558
|switch|p1a: Chansey|Chansey, F|66/100
|move|p2a: Politoed|Scald|p1a: Chansey
|-damage|p1a: Chansey|59/100
|-status|p1a: Chansey|brn
|
|-weather|SunnyDay|[upkeep]
|-heal|p2a: Politoed|38/100|[from] item: Leftovers
|-damage|p1a: Chansey|47/100 brn|[from] brn
|upkeep
|turn|103
|
|t:|1726611563
|move|p2a: Politoed|Protect|p2a: Politoed
|-singleturn|p2a: Politoed|Protect
|move|p1a: Chansey|Soft-Boiled|p1a: Chansey
|-heal|p1a: Chansey|97/100 brn
|
|-weather|SunnyDay|[upkeep]
|-heal|p2a: Politoed|45/100|[from] item: Leftovers
|-damage|p1a: Chansey|85/100 brn|[from] brn
|upkeep
|turn|104
|
|t:|1726611573
|-curestatus|p1a: Chansey|brn|[from] ability: Natural Cure
|switch|p1a: Cresselia|Cresselia, F|64/100 brn
|move|p2a: Politoed|Encore||[still]
|-fail|p2a: Politoed
|
|-weather|SunnyDay|[upkeep]
|-heal|p1a: Cresselia|70/100 brn|[from] item: Leftovers
|-heal|p2a: Politoed|51/100|[from] item: Leftovers
|-damage|p1a: Cresselia|58/100 brn|[from] brn
|upkeep
|turn|105
|
|t:|1726611584
|move|p2a: Politoed|Protect|p2a: Politoed
|-singleturn|p2a: Politoed|Protect
|move|p1a: Cresselia|Toxic|p2a: Politoed
|-activate|p2a: Politoed|move: Protect
|
|-weather|SunnyDay|[upkeep]
|-heal|p1a: Cresselia|64/100 brn|[from] item: Leftovers
|-heal|p2a: Politoed|57/100|[from] item: Leftovers
|-damage|p1a: Cresselia|52/100 brn|[from] brn
|upkeep
|turn|106
|
|t:|1726611589
|switch|p2a: Tentacruel|Tentacruel, M|25/100
|-damage|p2a: Tentacruel|12/100|[from] Stealth Rock
|move|p1a: Cresselia|Toxic|p2a: Tentacruel
|-immune|p2a: Tentacruel
|
|-weather|SunnyDay|[upkeep]
|-heal|p2a: Tentacruel|18/100|[from] item: Black Sludge
|-heal|p1a: Cresselia|58/100 brn|[from] item: Leftovers
|-damage|p1a: Cresselia|45/100 brn|[from] brn
|upkeep
|turn|107
|
|t:|1726611597
|move|p2a: Tentacruel|Protect|p2a: Tentacruel
|-singleturn|p2a: Tentacruel|Protect
|move|p1a: Cresselia|Moonlight|p1a: Cresselia
|-heal|p1a: Cresselia|100/100 brn
|
|-weather|SunnyDay|[upkeep]
|-heal|p2a: Tentacruel|24/100|[from] item: Black Sludge
|-damage|p1a: Cresselia|88/100 brn|[from] brn
|upkeep
|turn|108
|
|t:|1726611605
|switch|p1a: Chansey|Chansey, F|85/100
|move|p2a: Tentacruel|Rapid Spin|p1a: Chansey
|-damage|p1a: Chansey|82/100
|-sideend|p2: Blobstermob|Stealth Rock|[from] move: Rapid Spin|[of] p2a: Tentacruel
|
|-weather|SunnyDay|[upkeep]
|-heal|p2a: Tentacruel|30/100|[from] item: Black Sludge
|upkeep
|turn|109
|
|t:|1726611609
|switch|p2a: Politoed|Politoed, F|57/100
|-weather|RainDance|[from] ability: Drizzle|[of] p2a: Politoed
|move|p1a: Chansey|Stealth Rock|p2a: Politoed
|-sidestart|p2: Blobstermob|move: Stealth Rock
|
|-weather|RainDance|[upkeep]
|-heal|p2a: Politoed|63/100|[from] item: Leftovers
|upkeep
|turn|110
|
|t:|1726611612
|move|p2a: Politoed|Scald|p1a: Chansey
|-damage|p1a: Chansey|63/100
|-status|p1a: Chansey|brn
|move|p1a: Chansey|Toxic|p2a: Politoed
|-status|p2a: Politoed|tox
|
|-weather|RainDance|[upkeep]
|-heal|p2a: Politoed|70/100 tox|[from] item: Leftovers
|-damage|p2a: Politoed|63/100 tox|[from] psn
|-damage|p1a: Chansey|51/100 brn|[from] brn
|upkeep
|turn|111
|
|t:|1726611621
|move|p2a: Politoed|Encore|p1a: Chansey
|-start|p1a: Chansey|Encore
|move|p1a: Chansey|Toxic|p2a: Politoed
|-fail|p2a: Politoed|tox
|
|-weather|RainDance|[upkeep]
|-heal|p2a: Politoed|70/100 tox|[from] item: Leftovers
|-damage|p2a: Politoed|57/100 tox|[from] psn
|-damage|p1a: Chansey|38/100 brn|[from] brn
|upkeep
|turn|112
|
|t:|1726611625
|switch|p2a: Tentacruel|Tentacruel, M|30/100
|-damage|p2a: Tentacruel|18/100|[from] Stealth Rock
|-curestatus|p1a: Chansey|brn|[from] ability: Natural Cure
|switch|p1a: Cresselia|Cresselia, F|88/100 brn
|
|-weather|RainDance|[upkeep]
|-heal|p2a: Tentacruel|24/100|[from] ability: Rain Dish
|-heal|p2a: Tentacruel|30/100|[from] item: Black Sludge
|-heal|p1a: Cresselia|94/100 brn|[from] item: Leftovers
|-damage|p1a: Cresselia|82/100 brn|[from] brn
|upkeep
|turn|113
|
|t:|1726611632
|switch|p1a: Chansey|Chansey, F|38/100
|move|p2a: Tentacruel|Scald|p1a: Chansey
|-damage|p1a: Chansey|22/100
|
|-weather|RainDance|[upkeep]
|-heal|p2a: Tentacruel|36/100|[from] ability: Rain Dish
|-heal|p2a: Tentacruel|42/100|[from] item: Black Sludge
|upkeep
|turn|114
|
|t:|1726611638
|move|p2a: Tentacruel|Scald|p1a: Chansey
|-crit|p1a: Chansey
|-damage|p1a: Chansey|0 fnt
|faint|p1a: Chansey
|
|-weather|RainDance|[upkeep]
|-heal|p2a: Tentacruel|48/100|[from] ability: Rain Dish
|-heal|p2a: Tentacruel|54/100|[from] item: Black Sludge
|upkeep
|
|t:|1726611642
|switch|p1a: Ninetales|Ninetales, M|9/100 tox
|-weather|SunnyDay|[from] ability: Drought|[of] p1a: Ninetales
|turn|115
|
|t:|1726611656
|move|p2a: Tentacruel|Protect|p2a: Tentacruel
|-singleturn|p2a: Tentacruel|Protect
|move|p1a: Ninetales|Will-O-Wisp|p2a: Tentacruel
|-activate|p2a: Tentacruel|move: Protect
|
|-weather|SunnyDay|[upkeep]
|-heal|p2a: Tentacruel|60/100|[from] item: Black Sludge
|-heal|p1a: Ninetales|15/100 tox|[from] item: Leftovers
|-damage|p1a: Ninetales|9/100 tox|[from] psn
|upkeep
|turn|116
|
|t:|1726611663
|move|p2a: Tentacruel|Scald|p1a: Ninetales
|-supereffective|p1a: Ninetales
|-damage|p1a: Ninetales|0 fnt
|faint|p1a: Ninetales
|
|-weather|SunnyDay|[upkeep]
|-heal|p2a: Tentacruel|66/100|[from] item: Black Sludge
|upkeep
|
|t:|1726611665
|switch|p1a: Volcarona|Volcarona, M|100/100
|turn|117
|
|t:|1726611670
|move|p2a: Tentacruel|Knock Off|p1a: Volcarona
|-damage|p1a: Volcarona|96/100
|-status|p2a: Tentacruel|brn|[from] ability: Flame Body|[of] p1a: Volcarona
|-enditem|p1a: Volcarona|Leftovers|[from] move: Knock Off|[of] p2a: Tentacruel
|move|p1a: Volcarona|Quiver Dance|p1a: Volcarona
|-boost|p1a: Volcarona|spa|1
|-boost|p1a: Volcarona|spd|1
|-boost|p1a: Volcarona|spe|1
|
|-weather|SunnyDay|[upkeep]
|-heal|p2a: Tentacruel|72/100 brn|[from] item: Black Sludge
|-damage|p2a: Tentacruel|60/100 brn|[from] brn
|upkeep
|turn|118
|
|t:|1726611676
|switch|p2a: Politoed|Politoed, F|57/100 tox
|-damage|p2a: Politoed|45/100 tox|[from] Stealth Rock
|-weather|RainDance|[from] ability: Drizzle|[of] p2a: Politoed
|move|p1a: Volcarona|Quiver Dance|p1a: Volcarona
|-boost|p1a: Volcarona|spa|1
|-boost|p1a: Volcarona|spd|1
|-boost|p1a: Volcarona|spe|1
|
|-weather|RainDance|[upkeep]
|-heal|p2a: Politoed|51/100 tox|[from] item: Leftovers
|-damage|p2a: Politoed|45/100 tox|[from] psn
|upkeep
|turn|119
|
|t:|1726611681
|switch|p2a: Chansey|Chansey, F|83/100
|-damage|p2a: Chansey|71/100|[from] Stealth Rock
|move|p1a: Volcarona|Bug Buzz|p2a: Chansey
|-damage|p2a: Chansey|49/100
|
|-weather|RainDance|[upkeep]
|upkeep
|turn|120
|
|t:|1726611692
|move|p1a: Volcarona|Quiver Dance|p1a: Volcarona
|-boost|p1a: Volcarona|spa|1
|-boost|p1a: Volcarona|spd|1
|-boost|p1a: Volcarona|spe|1
|move|p2a: Chansey|Soft-Boiled|p2a: Chansey
|-heal|p2a: Chansey|99/100
|
|-weather|RainDance|[upkeep]
|upkeep
|turn|121
|
|t:|1726611696
|move|p1a: Volcarona|Quiver Dance|p1a: Volcarona
|-boost|p1a: Volcarona|spa|1
|-boost|p1a: Volcarona|spd|1
|-boost|p1a: Volcarona|spe|1
|move|p2a: Chansey|Thunder Wave|p1a: Volcarona
|-status|p1a: Volcarona|par
|
|-weather|RainDance|[upkeep]
|upkeep
|turn|122
|
|t:|1726611698
|move|p1a: Volcarona|Quiver Dance|p1a: Volcarona
|-boost|p1a: Volcarona|spa|1
|-boost|p1a: Volcarona|spd|1
|-boost|p1a: Volcarona|spe|1
|move|p2a: Chansey|Seismic Toss|p1a: Volcarona
|-damage|p1a: Volcarona|69/100 par
|-status|p2a: Chansey|brn|[from] ability: Flame Body|[of] p1a: Volcarona
|
|-weather|RainDance|[upkeep]
|-damage|p2a: Chansey|86/100 brn|[from] brn
|upkeep
|turn|123
|
|t:|1726611701
|cant|p1a: Volcarona|par
|move|p2a: Chansey|Seismic Toss|p1a: Volcarona
|-damage|p1a: Volcarona|42/100 par
|
|-weather|RainDance|[upkeep]
|-damage|p2a: Chansey|74/100 brn|[from] brn
|upkeep
|turn|124
|
|t:|1726611704
|move|p1a: Volcarona|Morning Sun|p1a: Volcarona
|-heal|p1a: Volcarona|67/100 par
|move|p2a: Chansey|Seismic Toss|p1a: Volcarona
|-damage|p1a: Volcarona|40/100 par
|
|-weather|RainDance|[upkeep]
|-damage|p2a: Chansey|61/100 brn|[from] brn
|upkeep
|turn|125
|
|t:|1726611708
|move|p1a: Volcarona|Bug Buzz|p2a: Chansey
|-damage|p2a: Chansey|26/100 brn
|move|p2a: Chansey|Seismic Toss|p1a: Volcarona
|-damage|p1a: Volcarona|13/100 par
|
|-weather|RainDance|[upkeep]
|-damage|p2a: Chansey|13/100 brn|[from] brn
|upkeep
|turn|126
|
|t:|1726611712
|move|p1a: Volcarona|Bug Buzz|p2a: Chansey
|-damage|p2a: Chansey|0 fnt
|faint|p2a: Chansey
|
|-weather|RainDance|[upkeep]
|upkeep
|
|t:|1726611715
|switch|p2a: Politoed|Politoed, F|45/100 tox
|-damage|p2a: Politoed|32/100 tox|[from] Stealth Rock
|turn|127
|
|t:|1726611719
|cant|p1a: Volcarona|par
|move|p2a: Politoed|Scald|p1a: Volcarona
|-supereffective|p1a: Volcarona
|-damage|p1a: Volcarona|0 fnt
|faint|p1a: Volcarona
|
|-weather|RainDance|[upkeep]
|-heal|p2a: Politoed|38/100 tox|[from] item: Leftovers
|-damage|p2a: Politoed|32/100 tox|[from] psn
|upkeep
|
|t:|1726611721
|switch|p1a: Cresselia|Cresselia, F|82/100 brn
|turn|128
|
|t:|1726611734
|move|p1a: Cresselia|Ice Beam|p2a: Politoed
|-resisted|p2a: Politoed
|-damage|p2a: Politoed|25/100 tox
|move|p2a: Politoed|Scald|p1a: Cresselia
|-damage|p1a: Cresselia|57/100 brn
|
|-weather|RainDance|[upkeep]
|-heal|p1a: Cresselia|63/100 brn|[from] item: Leftovers
|-heal|p2a: Politoed|31/100 tox|[from] item: Leftovers
|-damage|p2a: Politoed|18/100 tox|[from] psn
|-damage|p1a: Cresselia|51/100 brn|[from] brn
|upkeep
|turn|129
|
|t:|1726611739
|move|p1a: Cresselia|Moonlight|p1a: Cresselia
|-heal|p1a: Cresselia|76/100 brn
|move|p2a: Politoed|Scald|p1a: Cresselia
|-damage|p1a: Cresselia|52/100 brn
|
|-weather|RainDance|[upkeep]
|-heal|p1a: Cresselia|58/100 brn|[from] item: Leftovers
|-heal|p2a: Politoed|25/100 tox|[from] item: Leftovers
|-damage|p2a: Politoed|6/100 tox|[from] psn
|-damage|p1a: Cresselia|45/100 brn|[from] brn
|upkeep
|turn|130
|
|t:|1726611743
|move|p1a: Cresselia|Moonlight|p1a: Cresselia
|-heal|p1a: Cresselia|70/100 brn
|move|p2a: Politoed|Scald|p1a: Cresselia
|-damage|p1a: Cresselia|47/100 brn
|
|-weather|RainDance|[upkeep]
|-heal|p1a: Cresselia|53/100 brn|[from] item: Leftovers
|-heal|p2a: Politoed|12/100 tox|[from] item: Leftovers
|-damage|p2a: Politoed|0 fnt|[from] psn
|faint|p2a: Politoed
|-damage|p1a: Cresselia|41/100 brn|[from] brn
|upkeep
|
|t:|1726611745
|switch|p2a: Tentacruel|Tentacruel, M|60/100 brn
|-damage|p2a: Tentacruel|48/100 brn|[from] Stealth Rock
|turn|131
|
|t:|1726611749
|move|p2a: Tentacruel|Protect|p2a: Tentacruel
|-singleturn|p2a: Tentacruel|Protect
|move|p1a: Cresselia|Ice Beam|p2a: Tentacruel
|-activate|p2a: Tentacruel|move: Protect
|
|-weather|RainDance|[upkeep]
|-heal|p2a: Tentacruel|54/100 brn|[from] ability: Rain Dish
|-heal|p2a: Tentacruel|60/100 brn|[from] item: Black Sludge
|-heal|p1a: Cresselia|47/100 brn|[from] item: Leftovers
|-damage|p2a: Tentacruel|47/100 brn|[from] brn
|-damage|p1a: Cresselia|34/100 brn|[from] brn
|upkeep
|turn|132
|-message|yxuuu forfeited.
|
|win|Blobstermob
|raw|yxuuu's rating: 1317 &rarr; <strong>1295</strong><br />(-22 for losing)
|raw|Blobstermob's rating: 1284 &rarr; <strong>1311</strong><br />(+27 for winning)
|l|☆yxuuu
|player|p1|
