|join|Śhofũ
|join|kirch
|player|p1|Śhofũ|146
|player|p2|kirch|226
|gametype|singles
|gen|5
|tier|[Gen 5] OU
|rated
|rule|Evasion Abilities Clause: Evasion abilities are banned
|clearpoke
|poke|p1|Politoed, F
|poke|p1|Chansey, F
|poke|p1|Skarmory, F
|poke|p1|Tentacruel, F
|poke|p1|Celebi
|poke|p1|Tangrowth, F
|poke|p2|Jirachi
|poke|p2|Breloom, M
|poke|p2|Tyranitar, M, shiny
|poke|p2|Jellicent, M
|poke|p2|Suicune
|poke|p2|Landorus-Therian, M
|rule|Sleep Clause Mod: Limit one foe put to sleep
|rule|Species Clause: Limit one of each Pokemon
|rule|OHKO Clause: OHKO moves are banned
|rule|Moody Clause: Moody is banned
|rule|Evasion Moves Clause: Evasion moves are banned
|rule|Endless Battle Clause: Forcing endless battles is banned.
|rule|HP Percentage Mod: HP is reported as percentages
|teampreview
|
|start
|switch|p1a: Chansey|Chansey, F|704/704
|switch|p2a: Jirachi|Jirachi|404/404
|turn|1
|
|move|p2a: Jirachi|Trick|p1a: Chansey
|-activate|p2a: Jirachi|move: Trick|[of] p1a: Chansey
|-item|p1a: Chansey|Choice Scarf|[from] move: Trick
|-item|p2a: Jirachi|Eviolite|[from] move: Trick
|move|p1a: Chansey|Stealth Rock|p2a: Jirachi
|-sidestart|p2: kirch|move: Stealth Rock
|
|turn|2
|
|switch|p2a: Breloom|Breloom, M|323/323
|-damage|p2a: Breloom|303/323|[from] Stealth Rock
|switch|p1a: Skarmory|Skarmory, F|334/334
|
|-status|p2a: Breloom|tox|[from] item: Toxic Orb
|turn|3
|
|move|p2a: Breloom|Spore|p1a: Skarmory
|-status|p1a: Skarmory|slp
|cant|p1a: Skarmory|slp
|
|-heal|p2a: Breloom|323/323 tox|[from] ability: Poison Heal
|turn|4
|
|switch|p1a: Celebi|Celebi|404/404
|move|p2a: Breloom|Leech Seed|p1a: Celebi
|-immune|p1a: Celebi|[msg]
|
|turn|5
|join|my old alt
|chat|my old alt|leo
|
|switch|p2a: Jirachi|Jirachi|404/404
|-damage|p2a: Jirachi|379/404|[from] Stealth Rock
|move|p1a: Celebi|Baton Pass|p1a: Celebi
|
|switch|p1a: Politoed|Politoed, F|384/384
|-weather|RainDance|[from] ability: Drizzle|[of] p1a: Politoed
|
|-weather|RainDance|[upkeep]
|turn|6
|
|switch|p2a: Jellicent|Jellicent, M|404/404
|-damage|p2a: Jellicent|354/404|[from] Stealth Rock
|move|p1a: Politoed|Scald|p2a: Jellicent
|-heal|p2a: Jellicent|404/404|[from] ability: Water Absorb|[of] p1a: Politoed
|
|-weather|RainDance|[upkeep]
|turn|7
|
|switch|p2a: Breloom|Breloom, M|323/323 tox
|-damage|p2a: Breloom|303/323 tox|[from] Stealth Rock
|move|p1a: Politoed|Protect|p1a: Politoed
|-fail|p1a: Politoed
|
|-weather|RainDance|[upkeep]
|-heal|p2a: Breloom|323/323 tox|[from] ability: Poison Heal
|turn|8
|
|switch|p1a: Celebi|Celebi|404/404
|move|p2a: Breloom|Substitute|p2a: Breloom
|-start|p2a: Breloom|Substitute
|-damage|p2a: Breloom|243/323 tox
|
|-weather|RainDance|[upkeep]
|-heal|p2a: Breloom|283/323 tox|[from] ability: Poison Heal
|turn|9
|
|-singleturn|p2a: Breloom|move: Focus Punch
|move|p1a: Celebi|Psychic|p2a: Breloom
|-supereffective|p2a: Breloom
|-end|p2a: Breloom|Substitute
|move|p2a: Breloom|Focus Punch|p1a: Celebi
|-resisted|p1a: Celebi
|-damage|p1a: Celebi|278/404
|
|-weather|RainDance|[upkeep]
|-heal|p1a: Celebi|303/404|[from] item: Leftovers
|-heal|p2a: Breloom|323/323 tox|[from] ability: Poison Heal
|turn|10
|chat|my old alt|where is spikes
|
|switch|p2a: Jirachi|Jirachi|379/404
|-damage|p2a: Jirachi|354/404|[from] Stealth Rock
|move|p1a: Celebi|Baton Pass|p1a: Celebi
|chat|Śhofũ|skarm is slept
|chat|my old alt|lol suicune
|chat|my old alt|gfukng
|chat|Śhofũ|i didnt know he ran speed on toxic heal loom
|
|switch|p1a: Chansey|Chansey, F|704/704
|
|-weather|RainDance|[upkeep]
|turn|11
|chat|my old alt|its garb set
|
|move|p2a: Jirachi|Stealth Rock|p1a: Chansey
|-sidestart|p1: Śhofũ|move: Stealth Rock
|move|p1a: Chansey|Aromatherapy|p1a: Chansey
|-cureteam|p1a: Chansey|[from] move: Aromatherapy
|
|-weather|RainDance|[upkeep]
|turn|12
|chat|Śhofũ|i
|chat|Śhofũ|k
|
|switch|p2a: Breloom|Breloom, M|323/323 tox
|-damage|p2a: Breloom|303/323 tox|[from] Stealth Rock
|switch|p1a: Skarmory|Skarmory, F|334/334
|-damage|p1a: Skarmory|293/334|[from] Stealth Rock
|
|-weather|RainDance|[upkeep]
|-heal|p2a: Breloom|323/323 tox|[from] ability: Poison Heal
|turn|13
|
|switch|p1a: Tangrowth|Tangrowth, F|404/404
|-damage|p1a: Tangrowth|354/404|[from] Stealth Rock
|move|p2a: Breloom|Spore|p1a: Tangrowth
|-status|p1a: Tangrowth|slp
|
|-weather|RainDance|[upkeep]
|-heal|p1a: Tangrowth|379/404 slp|[from] item: Leftovers
|turn|14
|
|-singleturn|p2a: Breloom|move: Focus Punch
|switch|p1a: Celebi|Celebi|303/404
|-damage|p1a: Celebi|253/404|[from] Stealth Rock
|move|p2a: Breloom|Focus Punch|p1a: Celebi
|-resisted|p1a: Celebi
|-damage|p1a: Celebi|136/404
|
|-weather|RainDance|[upkeep]
|-heal|p1a: Celebi|161/404|[from] item: Leftovers
|turn|15
|
|switch|p2a: Tyranitar|Tyranitar, M, shiny|386/386
|-damage|p2a: Tyranitar|338/386|[from] Stealth Rock
|-weather|Sandstorm|[from] ability: Sand Stream|[of] p2a: Tyranitar
|move|p1a: Celebi|Recover|p1a: Celebi
|-heal|p1a: Celebi|363/404
|
|-weather|Sandstorm|[upkeep]
|-damage|p1a: Celebi|338/404|[from] sandstorm
|-heal|p1a: Celebi|363/404|[from] item: Leftovers
|-heal|p2a: Tyranitar|362/386|[from] item: Leftovers
|turn|16
|
|move|p1a: Celebi|Baton Pass|p1a: Celebi
|chat|my old alt|fire blast imo
|chat|Śhofũ|mixtar
|chat|Śhofũ|fucks this team up
|chat|my old alt|cuz ur team is bad
|chat|Śhofũ|lol
|chat|kirch|^
|chat|my old alt|where is the shofu team
|chat|Śhofũ|im shit at anything but stall and semistall
|chat|my old alt|woulda won alrdy
|chat|Śhofũ|im gonna say
|chat|my old alt|ur shit at everything m7
|chat|Śhofũ|not mixed
|chat|Śhofũ|tar
|
|switch|p1a: Politoed|Politoed, F|384/384
|-damage|p1a: Politoed|336/384|[from] Stealth Rock
|-weather|RainDance|[from] ability: Drizzle|[of] p1a: Politoed
|move|p2a: Tyranitar|Substitute|p2a: Tyranitar
|-start|p2a: Tyranitar|Substitute
|-damage|p2a: Tyranitar|266/386
|
|-weather|RainDance|[upkeep]
|-heal|p1a: Politoed|360/384|[from] item: Leftovers
|-heal|p2a: Tyranitar|290/386|[from] item: Leftovers
|turn|17
|chat|Śhofũ|sub
|chat|Śhofũ|leo
|chat|my old alt|sub dd
|chat|my old alt|imo
|
|-singleturn|p2a: Tyranitar|move: Focus Punch
|move|p1a: Politoed|Encore|p2a: Tyranitar
|-start|p2a: Tyranitar|Encore
|move|p2a: Tyranitar|Substitute|p2a: Tyranitar
|-fail|p2a: Tyranitar|move: Substitute
|
|-weather|RainDance|[upkeep]
|-heal|p1a: Politoed|384/384|[from] item: Leftovers
|-heal|p2a: Tyranitar|314/386|[from] item: Leftovers
|turn|18
|chat|Śhofũ|funk lol
|chat|my old alt|rekt
|chat|kirch|boo
|chat|my old alt|oml
|
|move|p1a: Politoed|Toxic|p2a: Tyranitar
|move|p2a: Tyranitar|Substitute|p2a: Tyranitar
|-fail|p2a: Tyranitar|move: Substitute
|
|-weather|RainDance|[upkeep]
|-heal|p2a: Tyranitar|338/386|[from] item: Leftovers
|turn|19
|chat|my old alt|the plays
|
|move|p1a: Politoed|Toxic|p2a: Tyranitar
|move|p2a: Tyranitar|Substitute|p2a: Tyranitar
|-fail|p2a: Tyranitar|move: Substitute
|
|-weather|RainDance|[upkeep]
|-heal|p2a: Tyranitar|362/386|[from] item: Leftovers
|-end|p2a: Tyranitar|Encore
|turn|20
|
|move|p1a: Politoed|Encore|p2a: Tyranitar
|-start|p2a: Tyranitar|Encore
|move|p2a: Tyranitar|Substitute|p2a: Tyranitar
|-fail|p2a: Tyranitar|move: Substitute
|
|-weather|RainDance|[upkeep]
|-heal|p2a: Tyranitar|386/386|[from] item: Leftovers
|turn|21
|chat|kirch|boo
|chat|Śhofũ|lol
|
|switch|p1a: Skarmory|Skarmory, F|293/334
|-damage|p1a: Skarmory|252/334|[from] Stealth Rock
|move|p2a: Tyranitar|Substitute|p2a: Tyranitar
|-fail|p2a: Tyranitar|move: Substitute
|
|-weather|RainDance|[upkeep]
|turn|22
|
|switch|p2a: Jellicent|Jellicent, M|404/404
|-damage|p2a: Jellicent|354/404|[from] Stealth Rock
|move|p1a: Skarmory|Spikes|p2a: Jellicent
|-sidestart|p2: kirch|Spikes
|
|-weather|RainDance|[upkeep]
|-heal|p2a: Jellicent|379/404|[from] item: Leftovers
|turn|23
|
|switch|p1a: Celebi|Celebi|363/404
|-damage|p1a: Celebi|313/404|[from] Stealth Rock
|move|p2a: Jellicent|Will-O-Wisp|p1a: Celebi|[miss]
|-miss|p2a: Jellicent|p1a: Celebi
|
|-weather|RainDance|[upkeep]
|-heal|p1a: Celebi|338/404|[from] item: Leftovers
|-heal|p2a: Jellicent|404/404|[from] item: Leftovers
|turn|24
|
|move|p1a: Celebi|Perish Song|p1a: Celebi
|-fieldactivate|move: Perish Song
|move|p2a: Jellicent|Will-O-Wisp|p1a: Celebi
|-status|p1a: Celebi|brn
|
|-start|p1a: Celebi|perish3
|-start|p2a: Jellicent|perish3
|-weather|RainDance|[upkeep]
|-heal|p1a: Celebi|363/404 brn|[from] item: Leftovers
|-damage|p1a: Celebi|313/404 brn|[from] brn
|turn|25
|
|switch|p1a: Tentacruel|Tentacruel, F|363/363
|-damage|p1a: Tentacruel|318/363|[from] Stealth Rock
|move|p2a: Jellicent|Will-O-Wisp|p1a: Tentacruel
|-status|p1a: Tentacruel|brn
|
|-start|p2a: Jellicent|perish2
|-weather|RainDance|[upkeep]
|-heal|p1a: Tentacruel|340/363 brn|[from] ability: Rain Dish
|-heal|p1a: Tentacruel|362/363 brn|[from] item: Leftovers
|-damage|p1a: Tentacruel|317/363 brn|[from] brn
|turn|26
|
|switch|p2a: Landorus-Therian|Landorus-Therian, M|382/382
|-damage|p2a: Landorus-Therian|335/382|[from] Stealth Rock
|-ability|p2a: Landorus-Therian|Intimidate|[of] p1a: Tentacruel
|-unboost|p1a: Tentacruel|atk|1
|move|p1a: Tentacruel|Rapid Spin|p2a: Landorus-Therian
|-damage|p2a: Landorus-Therian|331/382
|-sideend|p1: Śhofũ|Stealth Rock|[from] move: Rapid Spin|[of] p1a: Tentacruel
|
|-weather|RainDance|[upkeep]
|-heal|p1a: Tentacruel|339/363 brn|[from] ability: Rain Dish
|-heal|p1a: Tentacruel|361/363 brn|[from] item: Leftovers
|-damage|p1a: Tentacruel|316/363 brn|[from] brn
|turn|27
|
|switch|p1a: Skarmory|Skarmory, F|252/334
|move|p2a: Landorus-Therian|U-turn|p1a: Skarmory
|-resisted|p1a: Skarmory
|-damage|p1a: Skarmory|239/334
|-damage|p2a: Landorus-Therian|268/382|[from] item: Rocky Helmet|[of] p1a: Skarmory
|chat|my old alt|scald
|chat|my old alt|ur shit
|chat|Śhofũ|why
|chat|Śhofũ|risk it
|chat|my old alt|jasmine is ugly
|chat|Śhofũ|no fuk u
|
|switch|p2a: Suicune|Suicune|404/404
|-damage|p2a: Suicune|354/404|[from] Stealth Rock
|-damage|p2a: Suicune|304/404|[from] Spikes
|-ability|p2a: Suicune|Pressure
|
|-weather|RainDance|[upkeep]
|-heal|p2a: Suicune|329/404|[from] item: Leftovers
|turn|28
|chat|Śhofũ|they need may
|chat|Śhofũ|tbh
|
|switch|p1a: Celebi|Celebi|313/404
|move|p2a: Suicune|Scald|p1a: Celebi
|-resisted|p1a: Celebi
|-damage|p1a: Celebi|265/404
|
|-weather|RainDance|[upkeep]
|-heal|p1a: Celebi|290/404|[from] item: Leftovers
|-heal|p2a: Suicune|354/404|[from] item: Leftovers
|turn|29
|chat|my old alt|cune is here
|
|switch|p2a: Landorus-Therian|Landorus-Therian, M|268/382
|-damage|p2a: Landorus-Therian|221/382|[from] Stealth Rock
|-ability|p2a: Landorus-Therian|Intimidate|[of] p1a: Celebi
|-unboost|p1a: Celebi|atk|1
|move|p1a: Celebi|Perish Song|p1a: Celebi
|-fieldactivate|move: Perish Song
|
|-start|p2a: Landorus-Therian|perish3
|-start|p1a: Celebi|perish3
|-weather|RainDance|[upkeep]
|-heal|p1a: Celebi|315/404|[from] item: Leftovers
|turn|30
|
|switch|p1a: Skarmory|Skarmory, F|239/334
|move|p2a: Landorus-Therian|U-turn|p1a: Skarmory
|-resisted|p1a: Skarmory
|-damage|p1a: Skarmory|226/334
|-damage|p2a: Landorus-Therian|158/382|[from] item: Rocky Helmet|[of] p1a: Skarmory
|chat|kirch|you used areoma at one point right
|chat|my old alt|what
|chat|my old alt|areoma
|chat|Śhofũ|n
|chat|my old alt|new move?
|chat|my old alt|gen 7?
|chat|kirch|/ therapy\
|
|switch|p2a: Breloom|Breloom, M|323/323 tox
|-damage|p2a: Breloom|303/323 tox|[from] Stealth Rock
|-damage|p2a: Breloom|263/323 tox|[from] Spikes
|
|-weather|RainDance|[upkeep]
|-heal|p2a: Breloom|303/323 tox|[from] ability: Poison Heal
|turn|31
|chat|Śhofũ|bleve u fukn nerd
|
|switch|p1a: Celebi|Celebi|315/404
|move|p2a: Breloom|Spore|p1a: Celebi
|-message|Sleep Clause Mod activated.
|-fail|p1a: Celebi
|
|-weather|RainDance|[upkeep]
|-heal|p1a: Celebi|340/404|[from] item: Leftovers
|-heal|p2a: Breloom|323/323 tox|[from] ability: Poison Heal
|turn|32
|
|switch|p2a: Tyranitar|Tyranitar, M, shiny|386/386
|-damage|p2a: Tyranitar|338/386|[from] Stealth Rock
|-damage|p2a: Tyranitar|290/386|[from] Spikes
|-weather|Sandstorm|[from] ability: Sand Stream|[of] p2a: Tyranitar
|move|p1a: Celebi|Psychic|p2a: Tyranitar
|-immune|p2a: Tyranitar|[msg]
|
|-weather|Sandstorm|[upkeep]
|-damage|p1a: Celebi|315/404|[from] sandstorm
|-heal|p1a: Celebi|340/404|[from] item: Leftovers
|-heal|p2a: Tyranitar|314/386|[from] item: Leftovers
|turn|33
|chat|my old alt|i was jk
|chat|Śhofũ|ruse.jpeg
|chat|my old alt|lel
|chat|my old alt|nic ply
|
|-singleturn|p2a: Tyranitar|move: Focus Punch
|move|p1a: Celebi|Baton Pass|p1a: Celebi
|chat|my old alt|punch intensiy
|
|switch|p1a: Politoed|Politoed, F|384/384
|-weather|RainDance|[from] ability: Drizzle|[of] p1a: Politoed
|move|p2a: Tyranitar|Focus Punch|p1a: Politoed
|-damage|p1a: Politoed|215/384
|
|-weather|RainDance|[upkeep]
|-heal|p1a: Politoed|239/384|[from] item: Leftovers
|-heal|p2a: Tyranitar|338/386|[from] item: Leftovers
|turn|34
|chat|my old alt|tits
|
|switch|p2a: Breloom|Breloom, M|323/323 tox
|-damage|p2a: Breloom|283/323 tox|[from] Spikes
|-damage|p2a: Breloom|263/323 tox|[from] Stealth Rock
|move|p1a: Politoed|Toxic|p2a: Breloom
|-fail|p2a: Breloom|tox
|
|-weather|RainDance|[upkeep]
|-heal|p1a: Politoed|263/384|[from] item: Leftovers
|-heal|p2a: Breloom|303/323 tox|[from] ability: Poison Heal
|turn|35
|
|-singleturn|p2a: Breloom|move: Focus Punch
|move|p1a: Politoed|Protect|p1a: Politoed
|-singleturn|p1a: Politoed|Protect
|move|p2a: Breloom|Focus Punch|p1a: Politoed
|-activate|p1a: Politoed|Protect
|
|-weather|RainDance|[upkeep]
|-heal|p1a: Politoed|287/384|[from] item: Leftovers
|-heal|p2a: Breloom|323/323 tox|[from] ability: Poison Heal
|turn|36
|join|truth is to blame
|
|move|p1a: Politoed|Encore|p2a: Breloom
|-start|p2a: Breloom|Encore
|move|p2a: Breloom|Focus Punch|p1a: Politoed
|-damage|p1a: Politoed|92/384
|
|-weather|RainDance|[upkeep]
|-heal|p1a: Politoed|116/384|[from] item: Leftovers
|turn|37
|chat|Śhofũ|owait fuk
|chat|my old alt|good play
|chat|Śhofũ|lol
|chat|my old alt|aids
|chat|kirch|nice strats
|
|-singleturn|p2a: Breloom|move: Focus Punch
|move|p1a: Politoed|Scald|p2a: Breloom
|-resisted|p2a: Breloom
|-damage|p2a: Breloom|229/323 tox
|cant|p2a: Breloom|Focus Punch|Focus Punch
|
|-weather|RainDance|[upkeep]
|-heal|p1a: Politoed|140/384|[from] item: Leftovers
|-heal|p2a: Breloom|269/323 tox|[from] ability: Poison Heal
|turn|38
|
|switch|p2a: Jellicent|Jellicent, M|404/404
|-damage|p2a: Jellicent|354/404|[from] Stealth Rock
|-damage|p2a: Jellicent|304/404|[from] Spikes
|move|p1a: Politoed|Toxic|p2a: Jellicent
|-status|p2a: Jellicent|tox
|
|-weather|RainDance|[upkeep]
|-heal|p1a: Politoed|164/384|[from] item: Leftovers
|-heal|p2a: Jellicent|329/404 tox|[from] item: Leftovers
|-damage|p2a: Jellicent|304/404 tox|[from] psn
|turn|39
|chat|my old alt|toxic
|chat|my old alt|omg
|chat|my old alt|plays
|chat|my old alt|shofu
|chat|truth is to blame|oml
|chat|Śhofũ|ik what im doing fgt
|chat|truth is to blame|dem predicts
|chat|my old alt|let me suck ur dik
|
|move|p1a: Politoed|Protect|p1a: Politoed
|-singleturn|p1a: Politoed|Protect
|move|p2a: Jellicent|Shadow Ball|p1a: Politoed
|-activate|p1a: Politoed|Protect
|
|-weather|RainDance|[upkeep]
|-heal|p1a: Politoed|188/384|[from] item: Leftovers
|-heal|p2a: Jellicent|329/404 tox|[from] item: Leftovers
|-damage|p2a: Jellicent|279/404 tox|[from] psn
|turn|40
|chat|truth is to blame|shofu
|chat|Śhofũ|lol
|chat|truth is to blame|kiss me
|
|move|p1a: Politoed|Encore|p2a: Jellicent
|-start|p2a: Jellicent|Encore
|move|p2a: Jellicent|Shadow Ball|p1a: Politoed
|-damage|p1a: Politoed|100/384
|
|-weather|RainDance|[upkeep]
|-heal|p1a: Politoed|124/384|[from] item: Leftovers
|-heal|p2a: Jellicent|304/404 tox|[from] item: Leftovers
|-damage|p2a: Jellicent|229/404 tox|[from] psn
|turn|41
|chat|Śhofũ|bb
|chat|my old alt|i'll shove ur ds up my but
|chat|truth is to blame|ily bb
|
|switch|p1a: Chansey|Chansey, F|704/704
|switch|p2a: Breloom|Breloom, M|269/323 tox
|-damage|p2a: Breloom|249/323 tox|[from] Stealth Rock
|-damage|p2a: Breloom|209/323 tox|[from] Spikes
|
|-weather|RainDance|[upkeep]
|-heal|p2a: Breloom|249/323 tox|[from] ability: Poison Heal
|turn|42
|chat|Śhofũ|o plays
|chat|truth is to blame|shoulda doubled to celebi
|chat|truth is to blame|u bitch nigga
|chat|Śhofũ|ik
|
|-singleturn|p2a: Breloom|move: Focus Punch
|switch|p1a: Celebi|Celebi|340/404
|move|p2a: Breloom|Focus Punch|p1a: Celebi
|-resisted|p1a: Celebi
|-damage|p1a: Celebi|214/404
|
|-weather|RainDance|[upkeep]
|-heal|p1a: Celebi|239/404|[from] item: Leftovers
|-heal|p2a: Breloom|289/323 tox|[from] ability: Poison Heal
|turn|43
|chat|Śhofũ|the focus punching going on here
|
|switch|p2a: Landorus-Therian|Landorus-Therian, M|158/382
|-damage|p2a: Landorus-Therian|111/382|[from] Stealth Rock
|-ability|p2a: Landorus-Therian|Intimidate|[of] p1a: Celebi
|-unboost|p1a: Celebi|atk|1
|move|p1a: Celebi|Recover|p1a: Celebi
|-heal|p1a: Celebi|404/404
|
|-weather|RainDance|[upkeep]
|turn|44
|chat|Śhofũ|is real
|
|switch|p1a: Skarmory|Skarmory, F|226/334
|move|p2a: Landorus-Therian|U-turn|p1a: Skarmory
|-resisted|p1a: Skarmory
|-damage|p1a: Skarmory|213/334
|-damage|p2a: Landorus-Therian|48/382|[from] item: Rocky Helmet|[of] p1a: Skarmory
|
|switch|p2a: Tyranitar|Tyranitar, M, shiny|338/386
|-damage|p2a: Tyranitar|290/386|[from] Spikes
|-damage|p2a: Tyranitar|242/386|[from] Stealth Rock
|-weather|Sandstorm|[from] ability: Sand Stream|[of] p2a: Tyranitar
|
|-weather|Sandstorm|[upkeep]
|-heal|p2a: Tyranitar|266/386|[from] item: Leftovers
|turn|45
|
|move|p2a: Tyranitar|Fire Blast|p1a: Skarmory|[miss]
|-miss|p2a: Tyranitar|p1a: Skarmory
|move|p1a: Skarmory|Spikes|p2a: Tyranitar
|-sidestart|p2: kirch|Spikes
|
|-weather|Sandstorm|[upkeep]
|-heal|p2a: Tyranitar|290/386|[from] item: Leftovers
|turn|46
|chat|my old alt|lel
|chat|kirch|lame
|chat|Śhofũ|it was mixed
|chat|Śhofũ|u nigger
|join|Padotti
|
|-singleturn|p2a: Tyranitar|move: Focus Punch
|switch|p1a: Politoed|Politoed, F|124/384
|-weather|RainDance|[from] ability: Drizzle|[of] p1a: Politoed
|move|p2a: Tyranitar|Focus Punch|p1a: Politoed
|-crit|p1a: Politoed
|-damage|p1a: Politoed|0 fnt
|faint|p1a: Politoed
|
|-weather|RainDance|[upkeep]
|-heal|p2a: Tyranitar|314/386|[from] item: Leftovers
|chat|Padotti|is this thee shofu and blametruth?!?!
|
|switch|p1a: Tentacruel|Tentacruel, F|316/363 brn
|turn|47
|chat|my old alt|gtfo
|chat|Padotti|gofap5
|
|switch|p1a: Chansey|Chansey, F|704/704
|switch|p2a: Jellicent|Jellicent, M|229/404 tox
|-damage|p2a: Jellicent|179/404 tox|[from] Stealth Rock
|-damage|p2a: Jellicent|112/404 tox|[from] Spikes
|
|-weather|RainDance|[upkeep]
|-heal|p2a: Jellicent|137/404 tox|[from] item: Leftovers
|-damage|p2a: Jellicent|112/404 tox|[from] psn
|turn|48
|chat|my old alt|wot
|
|switch|p2a: Breloom|Breloom, M|289/323 tox
|-damage|p2a: Breloom|269/323 tox|[from] Stealth Rock
|-damage|p2a: Breloom|216/323 tox|[from] Spikes
|move|p1a: Chansey|Aromatherapy|p1a: Chansey
|-cureteam|p1a: Chansey|[from] move: Aromatherapy
|
|-weather|RainDance|[upkeep]
|-heal|p2a: Breloom|256/323 tox|[from] ability: Poison Heal
|turn|49
|
|switch|p1a: Celebi|Celebi|404/404
|move|p2a: Breloom|Spore|p1a: Celebi
|-status|p1a: Celebi|slp
|
|-weather|RainDance|[upkeep]
|-heal|p2a: Breloom|296/323 tox|[from] ability: Poison Heal
|turn|50
|
|cant|p1a: Celebi|slp
|move|p2a: Breloom|Substitute|p2a: Breloom
|-start|p2a: Breloom|Substitute
|-damage|p2a: Breloom|216/323 tox
|
|-weather|RainDance|[upkeep]
|-heal|p2a: Breloom|256/323 tox|[from] ability: Poison Heal
|turn|51
|
|-singleturn|p2a: Breloom|move: Focus Punch
|-curestatus|p1a: Celebi|slp
|move|p1a: Celebi|Perish Song|p1a: Celebi
|-fieldactivate|move: Perish Song
|move|p2a: Breloom|Focus Punch|p1a: Celebi
|-resisted|p1a: Celebi
|-damage|p1a: Celebi|291/404
|
|-start|p1a: Celebi|perish3
|-start|p2a: Breloom|perish3
|-weather|RainDance|[upkeep]
|-heal|p1a: Celebi|316/404|[from] item: Leftovers
|-heal|p2a: Breloom|296/323 tox|[from] ability: Poison Heal
|turn|52
|
|-singleturn|p2a: Breloom|move: Focus Punch
|move|p1a: Celebi|Recover|p1a: Celebi
|-heal|p1a: Celebi|404/404
|move|p2a: Breloom|Focus Punch|p1a: Celebi
|-resisted|p1a: Celebi
|-damage|p1a: Celebi|285/404
|
|-start|p1a: Celebi|perish2
|-start|p2a: Breloom|perish2
|-weather|RainDance|[upkeep]
|-heal|p1a: Celebi|310/404|[from] item: Leftovers
|-heal|p2a: Breloom|323/323 tox|[from] ability: Poison Heal
|turn|53
|
|-singleturn|p2a: Breloom|move: Focus Punch
|move|p1a: Celebi|Recover|p1a: Celebi
|-heal|p1a: Celebi|404/404
|move|p2a: Breloom|Focus Punch|p1a: Celebi
|-resisted|p1a: Celebi
|-damage|p1a: Celebi|287/404
|
|-start|p1a: Celebi|perish1
|-start|p2a: Breloom|perish1
|-weather|RainDance|[upkeep]
|-heal|p1a: Celebi|312/404|[from] item: Leftovers
|turn|54
|
|switch|p1a: Tentacruel|Tentacruel, F|316/363
|switch|p2a: Landorus-Therian|Landorus-Therian, M|48/382
|-damage|p2a: Landorus-Therian|1/382|[from] Stealth Rock
|-ability|p2a: Landorus-Therian|Intimidate|[of] p1a: Tentacruel
|-unboost|p1a: Tentacruel|atk|1
|
|-weather|RainDance|[upkeep]
|-heal|p1a: Tentacruel|338/363|[from] ability: Rain Dish
|-heal|p1a: Tentacruel|360/363|[from] item: Leftovers
|turn|55
|chat|my old alt|>not baton pass
|
|switch|p1a: Skarmory|Skarmory, F|213/334
|move|p2a: Landorus-Therian|U-turn|p1a: Skarmory
|-resisted|p1a: Skarmory
|-damage|p1a: Skarmory|199/334
|-damage|p2a: Landorus-Therian|0 fnt|[from] item: Rocky Helmet|[of] p1a: Skarmory
|faint|p2a: Landorus-Therian
|
|-weather|RainDance|[upkeep]
|chat|Śhofũ|lol
|chat|my old alt|AIDS
|chat|Padotti|lulz
|
|switch|p2a: Breloom|Breloom, M|323/323 tox
|-damage|p2a: Breloom|270/323 tox|[from] Spikes
|-damage|p2a: Breloom|250/323 tox|[from] Stealth Rock
|turn|56
|chat|Śhofũ|deth by spiky helmets imo
|
|move|p2a: Breloom|Spore|p1a: Skarmory
|-status|p1a: Skarmory|slp
|cant|p1a: Skarmory|slp
|
|-weather|RainDance|[upkeep]
|-heal|p2a: Breloom|290/323 tox|[from] ability: Poison Heal
|turn|57
|
|-singleturn|p2a: Breloom|move: Focus Punch
|switch|p1a: Tangrowth|Tangrowth, F|404/404
|move|p2a: Breloom|Focus Punch|p1a: Tangrowth
|-damage|p1a: Tangrowth|263/404
|
|-weather|RainDance|[upkeep]
|-heal|p1a: Tangrowth|288/404|[from] item: Leftovers
|-heal|p2a: Breloom|323/323 tox|[from] ability: Poison Heal
|turn|58
|chat|my old alt|balk 
|leave|Padotti
|chat|kirch|i have no idea what to expect 
|chat|kirch|fkn tangrowth 
|chat|Śhofũ|dragon dance
|chat|my old alt|go to rachi
|
|switch|p2a: Jirachi|Jirachi|354/404
|-damage|p2a: Jirachi|329/404|[from] Stealth Rock
|-damage|p2a: Jirachi|262/404|[from] Spikes
|move|p1a: Tangrowth|Hidden Power|p2a: Jirachi
|-resisted|p2a: Jirachi
|-damage|p2a: Jirachi|240/404
|
|-weather|RainDance|[upkeep]
|-heal|p1a: Tangrowth|313/404|[from] item: Leftovers
|turn|59
|chat|my old alt|predicted
|
|move|p2a: Jirachi|Stealth Rock|p1a: Tangrowth
|-sidestart|p1: Śhofũ|move: Stealth Rock
|move|p1a: Tangrowth|Focus Blast|p2a: Jirachi
|-damage|p2a: Jirachi|159/404
|
|-weather|RainDance|[upkeep]
|-heal|p1a: Tangrowth|338/404|[from] item: Leftovers
|turn|60
|chat|my old alt|>rocks on scarf
|chat|my old alt|lel
|chat|Śhofũ|the ole
|chat|Śhofũ|stealth rocks scarf
|chat|Śhofũ|trick
|chat|my old alt|nice move set
|chat|Śhofũ|iron head and u-turn i guess
|chat|Śhofũ|i ran
|chat|Śhofũ|bulky healing wishj on this team
|chat|Śhofũ|it was real af
|
|move|p2a: Jirachi|Thunder Wave|p1a: Tangrowth
|-status|p1a: Tangrowth|par
|move|p1a: Tangrowth|Giga Drain|p2a: Jirachi
|-resisted|p2a: Jirachi
|-damage|p2a: Jirachi|123/404
|-heal|p1a: Tangrowth|356/404 par|[from] drain|[of] p2a: Jirachi
|
|-weather|RainDance|[upkeep]
|-heal|p1a: Tangrowth|381/404 par|[from] item: Leftovers
|turn|61
|chat|kirch|it sounds annoying af
|chat|my old alt|never
|chat|my old alt|use this team again
|chat|Śhofũ|its
|chat|Śhofũ|scarf t wave rocks
|chat|Śhofũ|fuk
|chat|my old alt|fuk
|
|switch|p1a: Skarmory|Skarmory, F|199/334 slp
|-damage|p1a: Skarmory|158/334 slp|[from] Stealth Rock
|move|p2a: Jirachi|Trick|p1a: Skarmory
|-activate|p2a: Jirachi|move: Trick|[of] p1a: Skarmory
|-item|p1a: Skarmory|Eviolite|[from] move: Trick
|-item|p2a: Jirachi|Rocky Helmet|[from] move: Trick
|
|-weather|RainDance|[upkeep]
|turn|62
|chat|my old alt|help
|chat|Śhofũ|jesus
|chat|Śhofũ|fuckign 
|chat|Śhofũ|christ
|chat|my old alt|outplaye
|chat|my old alt|d
|chat|Śhofũ|elo
|
|switch|p2a: Breloom|Breloom, M|323/323 tox
|-damage|p2a: Breloom|270/323 tox|[from] Spikes
|-damage|p2a: Breloom|250/323 tox|[from] Stealth Rock
|cant|p1a: Skarmory|slp
|
|-weather|RainDance|[upkeep]
|-heal|p2a: Breloom|290/323 tox|[from] ability: Poison Heal
|turn|63
|
|-singleturn|p2a: Breloom|move: Focus Punch
|switch|p1a: Tentacruel|Tentacruel, F|360/363
|-damage|p1a: Tentacruel|315/363|[from] Stealth Rock
|move|p2a: Breloom|Focus Punch|p1a: Tentacruel
|-resisted|p1a: Tentacruel
|-damage|p1a: Tentacruel|209/363
|
|-weather|RainDance|[upkeep]
|-heal|p1a: Tentacruel|231/363|[from] ability: Rain Dish
|-heal|p1a: Tentacruel|253/363|[from] item: Leftovers
|-heal|p2a: Breloom|323/323 tox|[from] ability: Poison Heal
|turn|64
|chat|kirch|no sub no sub no sub
|
|move|p1a: Tentacruel|Rapid Spin|p2a: Breloom
|-damage|p2a: Breloom|314/323 tox
|-sideend|p1: Śhofũ|Stealth Rock|[from] move: Rapid Spin|[of] p1a: Tentacruel
|move|p2a: Breloom|Substitute|p2a: Breloom
|-start|p2a: Breloom|Substitute
|-damage|p2a: Breloom|234/323 tox
|
|-weather|RainDance|[upkeep]
|-heal|p1a: Tentacruel|275/363|[from] ability: Rain Dish
|-heal|p1a: Tentacruel|297/363|[from] item: Leftovers
|-heal|p2a: Breloom|274/323 tox|[from] ability: Poison Heal
|turn|65
|
|-singleturn|p2a: Breloom|move: Focus Punch
|move|p1a: Tentacruel|Protect|p1a: Tentacruel
|-singleturn|p1a: Tentacruel|Protect
|move|p2a: Breloom|Focus Punch|p1a: Tentacruel
|-activate|p1a: Tentacruel|Protect
|
|-weather|RainDance|[upkeep]
|-heal|p1a: Tentacruel|319/363|[from] ability: Rain Dish
|-heal|p1a: Tentacruel|341/363|[from] item: Leftovers
|-heal|p2a: Breloom|314/323 tox|[from] ability: Poison Heal
|turn|66
|
|-singleturn|p2a: Breloom|move: Focus Punch
|switch|p1a: Celebi|Celebi|312/404
|move|p2a: Breloom|Focus Punch|p1a: Celebi
|-resisted|p1a: Celebi
|-damage|p1a: Celebi|197/404
|
|-weather|RainDance|[upkeep]
|-heal|p1a: Celebi|222/404|[from] item: Leftovers
|-heal|p2a: Breloom|323/323 tox|[from] ability: Poison Heal
|turn|67
|
|switch|p2a: Tyranitar|Tyranitar, M, shiny|314/386
|-damage|p2a: Tyranitar|266/386|[from] Stealth Rock
|-damage|p2a: Tyranitar|202/386|[from] Spikes
|-weather|Sandstorm|[from] ability: Sand Stream|[of] p2a: Tyranitar
|move|p1a: Celebi|Recover|p1a: Celebi
|-heal|p1a: Celebi|404/404
|
|-weather|Sandstorm|[upkeep]
|-damage|p1a: Celebi|379/404|[from] sandstorm
|-heal|p1a: Celebi|404/404|[from] item: Leftovers
|-heal|p2a: Tyranitar|226/386|[from] item: Leftovers
|turn|68
|
|move|p1a: Celebi|Perish Song|p1a: Celebi
|-fieldactivate|move: Perish Song
|move|p2a: Tyranitar|Substitute|p2a: Tyranitar
|-start|p2a: Tyranitar|Substitute
|-damage|p2a: Tyranitar|130/386
|
|-start|p1a: Celebi|perish3
|-start|p2a: Tyranitar|perish3
|-weather|Sandstorm|[upkeep]
|-damage|p1a: Celebi|379/404|[from] sandstorm
|-heal|p1a: Celebi|404/404|[from] item: Leftovers
|-heal|p2a: Tyranitar|154/386|[from] item: Leftovers
|turn|69
|
|move|p1a: Celebi|Baton Pass|p1a: Celebi
|
|switch|p1a: Tentacruel|Tentacruel, F|341/363
|move|p2a: Tyranitar|Crunch|p1a: Tentacruel
|-damage|p1a: Tentacruel|187/363
|
|-start|p1a: Tentacruel|perish2
|-start|p2a: Tyranitar|perish2
|-weather|Sandstorm|[upkeep]
|-damage|p1a: Tentacruel|165/363|[from] sandstorm
|-heal|p1a: Tentacruel|187/363|[from] item: Leftovers
|-heal|p2a: Tyranitar|178/386|[from] item: Leftovers
|turn|70
|chat|kirch|that bp perish
|
|switch|p1a: Tangrowth|Tangrowth, F|404/404 par
|move|p2a: Tyranitar|Crunch|p1a: Tangrowth
|-damage|p1a: Tangrowth|313/404 par
|
|-start|p2a: Tyranitar|perish1
|-weather|Sandstorm|[upkeep]
|-damage|p1a: Tangrowth|288/404 par|[from] sandstorm
|-heal|p2a: Tyranitar|202/386|[from] item: Leftovers
|-heal|p1a: Tangrowth|313/404 par|[from] item: Leftovers
|turn|71
|chat|Śhofũ|yep
|
|switch|p2a: Jirachi|Jirachi|123/404
|-damage|p2a: Jirachi|98/404|[from] Stealth Rock
|-damage|p2a: Jirachi|31/404|[from] Spikes
|switch|p1a: Chansey|Chansey, F|704/704
|
|-weather|Sandstorm|[upkeep]
|-damage|p1a: Chansey|660/704|[from] sandstorm
|turn|72
|
|move|p2a: Jirachi|Stealth Rock|p1a: Chansey
|-sidestart|p1: Śhofũ|move: Stealth Rock
|move|p1a: Chansey|Aromatherapy|p1a: Chansey
|-cureteam|p1a: Chansey|[from] move: Aromatherapy
|
|-weather|Sandstorm|[upkeep]
|-damage|p1a: Chansey|616/704|[from] sandstorm
|turn|73
|
|switch|p1a: Celebi|Celebi|404/404
|-damage|p1a: Celebi|354/404|[from] Stealth Rock
|move|p2a: Jirachi|Iron Head|p1a: Celebi
|-damage|p1a: Celebi|249/404
|
|-weather|Sandstorm|[upkeep]
|-damage|p1a: Celebi|224/404|[from] sandstorm
|-heal|p1a: Celebi|249/404|[from] item: Leftovers
|turn|74
|
|move|p1a: Celebi|Recover|p1a: Celebi
|-heal|p1a: Celebi|404/404
|move|p2a: Jirachi|Thunder Wave|p1a: Celebi
|-status|p1a: Celebi|par
|
|-weather|Sandstorm|[upkeep]
|-damage|p1a: Celebi|379/404 par|[from] sandstorm
|-heal|p1a: Celebi|404/404 par|[from] item: Leftovers
|turn|75
|
|switch|p1a: Skarmory|Skarmory, F|158/334
|-damage|p1a: Skarmory|117/334|[from] Stealth Rock
|move|p2a: Jirachi|Iron Head|p1a: Skarmory
|-crit|p1a: Skarmory
|-resisted|p1a: Skarmory
|-damage|p1a: Skarmory|63/334
|
|-weather|Sandstorm|[upkeep]
|turn|76
|
|move|p2a: Jirachi|Iron Head|p1a: Skarmory
|-resisted|p1a: Skarmory
|-damage|p1a: Skarmory|35/334
|cant|p1a: Skarmory|flinch
|
|-weather|Sandstorm|[upkeep]
|turn|77
|chat|kirch|here we go
|
|move|p2a: Jirachi|Iron Head|p1a: Skarmory
|-crit|p1a: Skarmory
|-resisted|p1a: Skarmory
|-damage|p1a: Skarmory|0 fnt
|faint|p1a: Skarmory
|
|-weather|Sandstorm|[upkeep]
|chat|Śhofũ|nooo
|join|iloseagain
|
|switch|p1a: Tentacruel|Tentacruel, F|187/363
|-damage|p1a: Tentacruel|142/363|[from] Stealth Rock
|turn|78
|
|move|p1a: Tentacruel|Scald|p2a: Jirachi
|-damage|p2a: Jirachi|0 fnt
|faint|p2a: Jirachi
|
|-weather|Sandstorm|[upkeep]
|-damage|p1a: Tentacruel|120/363|[from] sandstorm
|-heal|p1a: Tentacruel|142/363|[from] item: Leftovers
|
|switch|p2a: Breloom|Breloom, M|323/323 tox
|-damage|p2a: Breloom|303/323 tox|[from] Stealth Rock
|-damage|p2a: Breloom|250/323 tox|[from] Spikes
|turn|79
|
|move|p1a: Tentacruel|Rapid Spin|p2a: Breloom
|-damage|p2a: Breloom|242/323 tox
|-sideend|p1: Śhofũ|Stealth Rock|[from] move: Rapid Spin|[of] p1a: Tentacruel
|move|p2a: Breloom|Spore|p1a: Tentacruel
|-status|p1a: Tentacruel|slp
|
|-weather|Sandstorm|[upkeep]
|-damage|p1a: Tentacruel|120/363 slp|[from] sandstorm
|-damage|p2a: Breloom|222/323 tox|[from] sandstorm
|-heal|p1a: Tentacruel|142/363 slp|[from] item: Leftovers
|-heal|p2a: Breloom|262/323 tox|[from] ability: Poison Heal
|turn|80
|
|-singleturn|p2a: Breloom|move: Focus Punch
|switch|p1a: Tangrowth|Tangrowth, F|404/404
|move|p2a: Breloom|Focus Punch|p1a: Tangrowth
|-damage|p1a: Tangrowth|256/404
|
|-weather|Sandstorm|[upkeep]
|-damage|p2a: Breloom|242/323 tox|[from] sandstorm
|-damage|p1a: Tangrowth|231/404|[from] sandstorm
|-heal|p1a: Tangrowth|256/404|[from] item: Leftovers
|-heal|p2a: Breloom|282/323 tox|[from] ability: Poison Heal
|turn|81
|
|switch|p2a: Jellicent|Jellicent, M|112/404 tox
|-damage|p2a: Jellicent|62/404 tox|[from] Stealth Rock
|-damage|p2a: Jellicent|0 fnt|[from] Spikes
|faint|p2a: Jellicent
|move|p1a: Tangrowth|Focus Blast|p2: Jellicent|[notarget]
|-notarget
|
|-weather|Sandstorm|[upkeep]
|-damage|p1a: Tangrowth|231/404|[from] sandstorm
|-heal|p1a: Tangrowth|256/404|[from] item: Leftovers
|
|switch|p2a: Suicune|Suicune|354/404
|-damage|p2a: Suicune|304/404|[from] Stealth Rock
|-damage|p2a: Suicune|237/404|[from] Spikes
|-ability|p2a: Suicune|Pressure
|turn|82
|
|move|p2a: Suicune|Calm Mind|p2a: Suicune
|-boost|p2a: Suicune|spa|1
|-boost|p2a: Suicune|spd|1
|move|p1a: Tangrowth|Giga Drain|p2a: Suicune
|-supereffective|p2a: Suicune
|-damage|p2a: Suicune|127/404
|-heal|p1a: Tangrowth|311/404|[from] drain|[of] p2a: Suicune
|
|-weather|Sandstorm|[upkeep]
|-damage|p2a: Suicune|102/404|[from] sandstorm
|-damage|p1a: Tangrowth|286/404|[from] sandstorm
|-heal|p2a: Suicune|127/404|[from] item: Leftovers
|-heal|p1a: Tangrowth|311/404|[from] item: Leftovers
|turn|83
|chat|truth is to blame|lel
|
|switch|p1a: Celebi|Celebi|404/404
|move|p2a: Suicune|Calm Mind|p2a: Suicune
|-boost|p2a: Suicune|spa|1
|-boost|p2a: Suicune|spd|1
|
|-weather|Sandstorm|[upkeep]
|-damage|p1a: Celebi|379/404|[from] sandstorm
|-damage|p2a: Suicune|102/404|[from] sandstorm
|-heal|p1a: Celebi|404/404|[from] item: Leftovers
|-heal|p2a: Suicune|127/404|[from] item: Leftovers
|turn|84
|
|move|p1a: Celebi|Perish Song|p1a: Celebi
|-fieldactivate|move: Perish Song
|move|p2a: Suicune|Scald|p1a: Celebi
|-resisted|p1a: Celebi
|-damage|p1a: Celebi|341/404
|
|-start|p1a: Celebi|perish3
|-start|p2a: Suicune|perish3
|-weather|Sandstorm|[upkeep]
|-damage|p1a: Celebi|316/404|[from] sandstorm
|-damage|p2a: Suicune|102/404|[from] sandstorm
|-heal|p1a: Celebi|341/404|[from] item: Leftovers
|-heal|p2a: Suicune|127/404|[from] item: Leftovers
|turn|85
|
|switch|p1a: Chansey|Chansey, F|616/704
|move|p2a: Suicune|Rest|p2a: Suicune
|-status|p2a: Suicune|slp
|-heal|p2a: Suicune|404/404 slp|[silent]
|-status|p2a: Suicune|slp|[from] move: Rest
|
|-start|p2a: Suicune|perish2
|-weather|Sandstorm|[upkeep]
|-damage|p2a: Suicune|379/404 slp|[from] sandstorm
|-damage|p1a: Chansey|572/704|[from] sandstorm
|-heal|p2a: Suicune|404/404 slp|[from] item: Leftovers
|turn|86
|
|switch|p2a: Breloom|Breloom, M|282/323 tox
|-damage|p2a: Breloom|262/323 tox|[from] Stealth Rock
|-damage|p2a: Breloom|209/323 tox|[from] Spikes
|move|p1a: Chansey|Seismic Toss|p2a: Breloom
|-damage|p2a: Breloom|109/323 tox
|
|-weather|Sandstorm|[upkeep]
|-damage|p1a: Chansey|528/704|[from] sandstorm
|-damage|p2a: Breloom|89/323 tox|[from] sandstorm
|-heal|p2a: Breloom|129/323 tox|[from] ability: Poison Heal
|turn|87
|chat|Śhofũ|gonna sweep with my scarf chansey
|
|move|p1a: Chansey|Seismic Toss|p2a: Breloom
|-damage|p2a: Breloom|29/323 tox
|move|p2a: Breloom|Leech Seed|p1a: Chansey
|-start|p1a: Chansey|move: Leech Seed
|
|-weather|Sandstorm|[upkeep]
|-damage|p1a: Chansey|484/704|[from] sandstorm
|-damage|p2a: Breloom|9/323 tox|[from] sandstorm
|-damage|p1a: Chansey|396/704|[from] Leech Seed|[of] p2a: Breloom
|-heal|p2a: Breloom|97/323 tox|[silent]
|-heal|p2a: Breloom|137/323 tox|[from] ability: Poison Heal
|turn|88
|
|switch|p1a: Tangrowth|Tangrowth, F|404/404
|move|p2a: Breloom|Substitute|p2a: Breloom
|-start|p2a: Breloom|Substitute
|-damage|p2a: Breloom|57/323 tox
|
|-weather|Sandstorm|[upkeep]
|-damage|p2a: Breloom|37/323 tox|[from] sandstorm
|-damage|p1a: Tangrowth|379/404|[from] sandstorm
|-heal|p1a: Tangrowth|404/404|[from] item: Leftovers
|-heal|p2a: Breloom|77/323 tox|[from] ability: Poison Heal
|turn|89
|
|-singleturn|p2a: Breloom|move: Focus Punch
|move|p1a: Tangrowth|Hidden Power|p2a: Breloom
|-supereffective|p2a: Breloom
|-end|p2a: Breloom|Substitute
|move|p2a: Breloom|Focus Punch|p1a: Tangrowth
|-damage|p1a: Tangrowth|254/404
|
|-weather|Sandstorm|[upkeep]
|-damage|p2a: Breloom|57/323 tox|[from] sandstorm
|-damage|p1a: Tangrowth|229/404|[from] sandstorm
|-heal|p1a: Tangrowth|254/404|[from] item: Leftovers
|-heal|p2a: Breloom|97/323 tox|[from] ability: Poison Heal
|turn|90
|chat|iloseagain|gg
|
|-singleturn|p2a: Breloom|move: Focus Punch
|move|p1a: Tangrowth|Focus Blast|p2a: Breloom
|-damage|p2a: Breloom|0 fnt
|faint|p2a: Breloom
|
|-weather|Sandstorm|[upkeep]
|-damage|p1a: Tangrowth|229/404|[from] sandstorm
|-heal|p1a: Tangrowth|254/404|[from] item: Leftovers
|
|switch|p2a: Tyranitar|Tyranitar, M, shiny|202/386
|-damage|p2a: Tyranitar|138/386|[from] Spikes
|-damage|p2a: Tyranitar|90/386|[from] Stealth Rock
|turn|91
|
|move|p2a: Tyranitar|Fire Blast|p1a: Tangrowth
|-supereffective|p1a: Tangrowth
|-damage|p1a: Tangrowth|0 fnt
|faint|p1a: Tangrowth
|
|-weather|Sandstorm|[upkeep]
|-heal|p2a: Tyranitar|114/386|[from] item: Leftovers
|
|switch|p1a: Chansey|Chansey, F|396/704
|turn|92
|
|move|p1a: Chansey|Seismic Toss|p2a: Tyranitar
|-damage|p2a: Tyranitar|14/386
|move|p2a: Tyranitar|Crunch|p1a: Chansey
|-damage|p1a: Chansey|92/704
|
|-weather|Sandstorm|[upkeep]
|-damage|p1a: Chansey|48/704|[from] sandstorm
|-heal|p2a: Tyranitar|38/386|[from] item: Leftovers
|turn|93
|chat|kirch|that scarf
|chat|Śhofũ|lol
|
|move|p1a: Chansey|Seismic Toss|p2a: Tyranitar
|-damage|p2a: Tyranitar|0 fnt
|faint|p2a: Tyranitar
|
|-weather|Sandstorm|[upkeep]
|-damage|p1a: Chansey|4/704|[from] sandstorm
|
|switch|p2a: Suicune|Suicune|404/404 slp
|-damage|p2a: Suicune|354/404 slp|[from] Stealth Rock
|-damage|p2a: Suicune|287/404 slp|[from] Spikes
|-ability|p2a: Suicune|Pressure
|turn|94
|
|switch|p1a: Celebi|Celebi|341/404
|cant|p2a: Suicune|slp
|move|p2a: Suicune|Sleep Talk|p2a: Suicune
|move|p2a: Suicune|Scald|p1a: Celebi|[from]Sleep Talk
|-resisted|p1a: Celebi
|-damage|p1a: Celebi|308/404
|
|-weather|Sandstorm|[upkeep]
|-damage|p1a: Celebi|283/404|[from] sandstorm
|-damage|p2a: Suicune|262/404 slp|[from] sandstorm
|-heal|p1a: Celebi|308/404|[from] item: Leftovers
|-heal|p2a: Suicune|287/404 slp|[from] item: Leftovers
|turn|95
|chat|kirch|damn
|chat|kirch|gg
|chat|Śhofũ|game was close as fuck
|chat|Śhofũ|gg
|
|move|p1a: Celebi|Perish Song|p1a: Celebi
|-fieldactivate|move: Perish Song
|cant|p2a: Suicune|slp
|move|p2a: Suicune|Sleep Talk|p2a: Suicune
|move|p2a: Suicune|Rest|p2a: Suicune|[from]Sleep Talk
|-fail|p2a: Suicune
|
|-start|p1a: Celebi|perish3
|-start|p2a: Suicune|perish3
|-weather|Sandstorm|[upkeep]
|-damage|p1a: Celebi|283/404|[from] sandstorm
|-damage|p2a: Suicune|262/404 slp|[from] sandstorm
|-heal|p1a: Celebi|308/404|[from] item: Leftovers
|-heal|p2a: Suicune|287/404 slp|[from] item: Leftovers
|turn|96
|
|move|p1a: Celebi|Recover|p1a: Celebi
|-heal|p1a: Celebi|404/404
|-curestatus|p2a: Suicune|slp
|move|p2a: Suicune|Scald|p1a: Celebi
|-resisted|p1a: Celebi
|-damage|p1a: Celebi|371/404
|
|-start|p1a: Celebi|perish2
|-start|p2a: Suicune|perish2
|-weather|Sandstorm|[upkeep]
|-damage|p1a: Celebi|346/404|[from] sandstorm
|-damage|p2a: Suicune|262/404|[from] sandstorm
|-heal|p1a: Celebi|371/404|[from] item: Leftovers
|-heal|p2a: Suicune|287/404|[from] item: Leftovers
|turn|97
|
|move|p1a: Celebi|Recover|p1a: Celebi
|-heal|p1a: Celebi|404/404
|move|p2a: Suicune|Scald|p1a: Celebi
|-resisted|p1a: Celebi
|-damage|p1a: Celebi|370/404
|-status|p1a: Celebi|brn
|
|-start|p1a: Celebi|perish1
|-start|p2a: Suicune|perish1
|-weather|Sandstorm|[upkeep]
|-damage|p1a: Celebi|345/404 brn|[from] sandstorm
|-damage|p2a: Suicune|262/404|[from] sandstorm
|-heal|p1a: Celebi|370/404 brn|[from] item: Leftovers
|-heal|p2a: Suicune|287/404|[from] item: Leftovers
|-damage|p1a: Celebi|320/404 brn|[from] brn
|turn|98
|
|switch|p1a: Tentacruel|Tentacruel, F|142/363 slp
|move|p2a: Suicune|Scald|p1a: Tentacruel
|-resisted|p1a: Tentacruel
|-damage|p1a: Tentacruel|103/363 slp
|
|-start|p2a: Suicune|perish0
|-weather|Sandstorm|[upkeep]
|-damage|p1a: Tentacruel|81/363 slp|[from] sandstorm
|-heal|p1a: Tentacruel|103/363 slp|[from] item: Leftovers
|faint|p2a: Suicune
|
|win|Śhofũ
|raw|Ladder updating...
|raw|Śhofũ's rating: 1418 &rarr; <strong>1434</strong><br />(+16 for winning)
|raw|kirch's rating: 1354 &rarr; <strong>1337</strong><br />(-17 for losing)
|leave|Śhofũ
|player|p1