|uhtml|medal-msg|<div class="broadcast-blue">Curious what those medals under the avatar are? PS now has Ladder Seasons! For more information, check out the <a href="https://www.smogon.com/forums/threads/3740067/">thread on Smogon.</a></div>
|uhtml|medal-msg|<div class="broadcast-blue">Curious what those medals under the avatar are? PS now has Ladder Seasons! For more information, check out the <a href="https://www.smogon.com/forums/threads/3740067/">thread on Smogon.</a></div>
|j|☆Bossvgl
|j|☆fdsfadsfds
|t:|1713547657
|gametype|singles
|player|p1|Bossvgl|265|1366
|player|p2|fdsfadsfds|266|1375
|teamsize|p1|6
|teamsize|p2|6
|gen|5
|tier|[Gen 5] OU
|rated|
|rule|Species Clause: Limit one of each Pokémon
|rule|OHKO Clause: OHKO moves are banned
|rule|Moody Clause: Moody is banned
|rule|Evasion Items Clause: Evasion items are banned
|rule|Evasion Moves Clause: Evasion moves are banned
|rule|Endless Battle Clause: Forcing endless battles is banned
|rule|HP Percentage Mod: HP is shown in percentages
|rule|Evasion Abilities Clause: Evasion abilities are banned
|rule|Sleep Moves Clause: Sleep-inducing moves are banned
|rule|Swagger Clause: Swagger is banned
|rule|Baton Pass Stat Clause: No Baton Passer may have a way to boost its stats
|clearpoke
|poke|p1|Scizor, M|item
|poke|p1|Tyranitar, M|item
|poke|p1|Latios, M|item
|poke|p1|Jellicent, F|item
|poke|p1|Excadrill, F|item
|poke|p1|Hydreigon, M|item
|poke|p2|Zangoose, M|item
|poke|p2|Forretress, M|item
|poke|p2|Alakazam, M|item
|poke|p2|Keldeo|item
|poke|p2|Scizor, F|item
|poke|p2|Mamoswine, F|item
|teampreview
|
|t:|1713547664
|start
|switch|p1a: Hydreigon|Hydreigon, M|100/100
|switch|p2a: Forretress|Forretress, M|100/100
|turn|1
|
|t:|1713547667
|move|p1a: Hydreigon|Fire Blast|p2a: Forretress
|-supereffective|p2a: Forretress
|-ability|p2a: Forretress|Sturdy
|-damage|p2a: Forretress|1/100
|-damage|p1a: Hydreigon|91/100|[from] item: Life Orb
|move|p2a: Forretress|Stealth Rock|p1a: Hydreigon
|-sidestart|p1: Bossvgl|move: Stealth Rock
|
|upkeep
|turn|2
|-enditem|p2a: Forretress|Custap Berry|[eat]
|-activate|p2a: Forretress|item: Custap Berry|[consumed]
|
|t:|1713547671
|move|p2a: Forretress|Spikes|p1a: Hydreigon
|-sidestart|p1: Bossvgl|Spikes
|move|p1a: Hydreigon|U-turn|p2a: Forretress
|-resisted|p2a: Forretress
|-crit|p2a: Forretress
|-damage|p2a: Forretress|0 fnt
|faint|p2a: Forretress
|-damage|p1a: Hydreigon|81/100|[from] item: Life Orb
|
|t:|1713547677
|switch|p1a: Scizor|Scizor, M|100/100|[from] U-turn
|-damage|p1a: Scizor|88/100|[from] Stealth Rock
|-damage|p1a: Scizor|75/100|[from] Spikes
|
|upkeep
|
|t:|1713547689
|switch|p2a: Keldeo|Keldeo|100/100
|turn|3
|
|t:|1713547701
|move|p2a: Keldeo|Scald|p1a: Scizor
|-damage|p1a: Scizor|30/100
|move|p1a: Scizor|Aerial Ace|p2a: Keldeo
|-supereffective|p2a: Keldeo
|-damage|p2a: Keldeo|0 fnt
|faint|p2a: Keldeo
|
|upkeep
|
|t:|1713547708
|switch|p2a: Zangoose|Zangoose, M|100/100
|turn|4
|
|t:|1713547715
|switch|p1a: Excadrill|Excadrill, F|100/100
|-damage|p1a: Excadrill|97/100|[from] Stealth Rock
|-item|p1a: Excadrill|Air Balloon
|move|p2a: Zangoose|Close Combat|p1a: Excadrill
|-supereffective|p1a: Excadrill
|-damage|p1a: Excadrill|0 fnt
|-unboost|p2a: Zangoose|def|1
|-unboost|p2a: Zangoose|spd|1
|-enditem|p1a: Excadrill|Air Balloon
|faint|p1a: Excadrill
|
|-status|p2a: Zangoose|tox|[from] item: Toxic Orb
|upkeep
|
|t:|1713547725
|switch|p1a: Latios|Latios, M|100/100
|-damage|p1a: Latios|88/100|[from] Stealth Rock
|turn|5
|
|t:|1713547732
|switch|p2a: Scizor|Scizor, F|100/100
|move|p1a: Latios|Surf|p2a: Scizor
|-damage|p2a: Scizor|33/100
|
|upkeep
|turn|6
|
|t:|1713547739
|move|p2a: Scizor|Bullet Punch|p1a: Latios
|-damage|p1a: Latios|14/100
|move|p1a: Latios|Surf|p2a: Scizor
|-damage|p2a: Scizor|0 fnt
|faint|p2a: Scizor
|
|upkeep
|
|t:|1713547748
|switch|p2a: Zangoose|Zangoose, M|100/100 tox
|turn|7
|
|t:|1713547751
|move|p2a: Zangoose|Quick Attack|p1a: Latios
|-damage|p1a: Latios|0 fnt
|faint|p1a: Latios
|
|-damage|p2a: Zangoose|95/100 tox|[from] psn
|upkeep
|
|t:|1713547763
|switch|p1a: Hydreigon|Hydreigon, M|81/100
|-damage|p1a: Hydreigon|69/100|[from] Stealth Rock
|turn|8
|
|t:|1713547769
|switch|p2a: Alakazam|Alakazam, M|100/100
|move|p1a: Hydreigon|Draco Meteor|p2a: Alakazam
|-enditem|p2a: Alakazam|Focus Sash
|-damage|p2a: Alakazam|1/100
|-unboost|p1a: Hydreigon|spa|2
|-damage|p1a: Hydreigon|59/100|[from] item: Life Orb
|
|upkeep
|turn|9
|
|t:|1713547776
|move|p2a: Alakazam|Thunder Wave|p1a: Hydreigon
|-status|p1a: Hydreigon|par
|move|p1a: Hydreigon|U-turn|p2a: Alakazam
|-supereffective|p2a: Alakazam
|-damage|p2a: Alakazam|0 fnt
|faint|p2a: Alakazam
|-damage|p1a: Hydreigon|49/100 par|[from] item: Life Orb
|
|t:|1713547783
|switch|p1a: Scizor|Scizor, M|30/100|[from] U-turn
|-damage|p1a: Scizor|17/100|[from] Stealth Rock
|-damage|p1a: Scizor|5/100|[from] Spikes
|
|upkeep
|
|t:|1713547794
|switch|p2a: Zangoose|Zangoose, M|95/100 tox
|turn|10
|
|t:|1713547798
|switch|p1a: Jellicent|Jellicent, F|100/100
|-damage|p1a: Jellicent|88/100|[from] Stealth Rock
|-damage|p1a: Jellicent|76/100|[from] Spikes
|move|p2a: Zangoose|Quick Attack|p1a: Jellicent
|-immune|p1a: Jellicent
|
|-heal|p1a: Jellicent|82/100|[from] item: Leftovers
|-damage|p2a: Zangoose|89/100 tox|[from] psn
|upkeep
|turn|11
|
|t:|1713547801
|move|p2a: Zangoose|Shadow Claw|p1a: Jellicent
|-supereffective|p1a: Jellicent
|-damage|p1a: Jellicent|8/100
|move|p1a: Jellicent|Scald|p2a: Zangoose
|-damage|p2a: Zangoose|45/100 tox
|
|-heal|p1a: Jellicent|14/100|[from] item: Leftovers
|-damage|p2a: Zangoose|33/100 tox|[from] psn
|upkeep
|turn|12
|
|t:|1713547808
|move|p2a: Zangoose|Shadow Claw|p1a: Jellicent
|-supereffective|p1a: Jellicent
|-damage|p1a: Jellicent|0 fnt
|faint|p1a: Jellicent
|
|-damage|p2a: Zangoose|15/100 tox|[from] psn
|upkeep
|
|t:|1713547815
|switch|p1a: Tyranitar|Tyranitar, M|100/100
|-damage|p1a: Tyranitar|88/100|[from] Stealth Rock
|-damage|p1a: Tyranitar|76/100|[from] Spikes
|-weather|Sandstorm|[from] ability: Sand Stream|[of] p1a: Tyranitar
|turn|13
|
|t:|1713547818
|switch|p1a: Scizor|Scizor, M|5/100
|-damage|p1a: Scizor|0 fnt|[from] Stealth Rock
|faint|p1a: Scizor
|move|p2a: Zangoose|Close Combat|p1: Scizor|[notarget]
|-fail|p2a: Zangoose
|
|-weather|Sandstorm|[upkeep]
|-damage|p2a: Zangoose|9/100 tox|[from] Sandstorm
|-damage|p2a: Zangoose|0 fnt|[from] psn
|faint|p2a: Zangoose
|upkeep
|
|t:|1713547826
|switch|p2a: Mamoswine|Mamoswine, F|100/100
|switch|p1a: Tyranitar|Tyranitar, M|76/100
|-damage|p1a: Tyranitar|64/100|[from] Stealth Rock
|-damage|p1a: Tyranitar|51/100|[from] Spikes
|turn|14
|
|t:|1713547836
|move|p2a: Mamoswine|Earthquake|p1a: Tyranitar
|-supereffective|p1a: Tyranitar
|-damage|p1a: Tyranitar|0 fnt
|faint|p1a: Tyranitar
|
|-weather|Sandstorm|[upkeep]
|upkeep
|
|t:|1713547838
|switch|p1a: Hydreigon|Hydreigon, M|49/100 par
|-damage|p1a: Hydreigon|37/100 par|[from] Stealth Rock
|turn|15
|
|t:|1713547844
|move|p2a: Mamoswine|Ice Shard|p1a: Hydreigon
|-supereffective|p1a: Hydreigon
|-damage|p1a: Hydreigon|0 fnt
|faint|p1a: Hydreigon
|
|win|fdsfadsfds
|raw|Bossvgl's rating: 1366 &rarr; <strong>1347</strong><br />(-19 for losing)
|raw|fdsfadsfds's rating: 1375 &rarr; <strong>1394</strong><br />(+19 for winning)
|l|☆Bossvgl
|player|p1|
