|j|☆porrompompom
|j|☆testaccount5ou
|player|p1|porrompompom|101|1599
|player|p2|testaccount5ou|101|1325
|teamsize|p1|6
|teamsize|p2|6
|gametype|singles
|gen|5
|tier|[Gen 5] OU
|rated|
|clearpoke
|poke|p1|Politoed, F|item
|poke|p1|Jirachi|item
|poke|p1|Tangrowth, M|item
|poke|p1|Tentacruel, M|item
|poke|p1|Quagsire, F|item
|poke|p1|Latias, F|item
|poke|p2|Garchomp, M|item
|poke|p2|Alakazam, F|item
|poke|p2|Jellicent, F|item
|poke|p2|Scizor, M|item
|poke|p2|Tyranitar, M|item
|poke|p2|Eelektross, M|item
|rule|Species Clause: Limit one of each Pokémon
|rule|OHKO Clause: OHKO moves are banned
|rule|Moody Clause: Moody is banned
|rule|Evasion Moves Clause: Evasion moves are banned
|rule|Endless Battle Clause: Forcing endless battles is banned
|rule|HP Percentage Mod: HP is shown in percentages
|rule|Evasion Abilities Clause: Evasion abilities are banned
|rule|Baton Pass Clause: Limit one Baton Passer, can't pass Spe and other stats simultaneously
|rule|Sleep Clause: Sleep-inducing moves are banned
|rule|Swagger Clause: Swagger is banned
|teampreview
|
|start
|switch|p1a: Tangrowth|Tangrowth, M|100/100
|switch|p2a: Jellicent|Jellicent, F|100/100
|turn|1
|
|move|p2a: Jellicent|Ice Beam|p1a: Tangrowth
|-supereffective|p1a: Tangrowth
|-damage|p1a: Tangrowth|0 fnt
|faint|p1a: Tangrowth
|
|upkeep
|
|switch|p1a: Jirachi|Jirachi|100/100
|turn|2
|
|switch|p2a: Garchomp|Garchomp, M|100/100
|move|p1a: Jirachi|Stealth Rock|p2a: Garchomp
|-sidestart|p2: testaccount5ou|move: Stealth Rock
|
|upkeep
|turn|3
|
|switch|p1a: Quagsire|Quagsire, F|100/100
|move|p2a: Garchomp|Dual Chop|p1a: Quagsire
|-damage|p1a: Quagsire|87/100
|-damage|p1a: Quagsire|72/100
|-hitcount|p1a: Quagsire|2
|
|-heal|p1a: Quagsire|78/100|[from] item: Leftovers
|upkeep
|turn|4
|
|switch|p2a: Eelektross|Eelektross, M|100/100
|-damage|p2a: Eelektross|88/100|[from] Stealth Rock
|move|p1a: Quagsire|Recover|p1a: Quagsire
|-heal|p1a: Quagsire|100/100
|
|-heal|p2a: Eelektross|94/100|[from] item: Leftovers
|upkeep
|turn|5
|
|switch|p1a: Latias|Latias, F|100/100
|move|p2a: Eelektross|Giga Drain|p1a: Latias
|-resisted|p1a: Latias
|-damage|p1a: Latias|92/100
|-heal|p2a: Eelektross|99/100|[from] drain|[of] p1a: Latias
|
|-heal|p1a: Latias|98/100|[from] item: Leftovers
|-heal|p2a: Eelektross|100/100|[from] item: Leftovers
|upkeep
|turn|6
|
|switch|p1a: Politoed|Politoed, F|100/100
|-weather|RainDance|[from] ability: Drizzle|[of] p1a: Politoed
|switch|p2a: Tyranitar|Tyranitar, M|100/100
|-damage|p2a: Tyranitar|88/100|[from] Stealth Rock
|-weather|Sandstorm|[from] ability: Sand Stream|[of] p2a: Tyranitar
|
|-weather|Sandstorm|[upkeep]
|-damage|p1a: Politoed|94/100|[from] Sandstorm
|-heal|p1a: Politoed|100/100|[from] item: Leftovers
|-heal|p2a: Tyranitar|94/100|[from] item: Leftovers
|upkeep
|turn|7
|
|move|p1a: Politoed|Toxic|p2a: Tyranitar|[miss]
|-miss|p1a: Politoed|p2a: Tyranitar
|move|p2a: Tyranitar|Crunch|p1a: Politoed
|-damage|p1a: Politoed|72/100
|
|-weather|Sandstorm|[upkeep]
|-damage|p1a: Politoed|66/100|[from] Sandstorm
|-heal|p1a: Politoed|72/100|[from] item: Leftovers
|-heal|p2a: Tyranitar|100/100|[from] item: Leftovers
|upkeep
|turn|8
|
|move|p1a: Politoed|Scald|p2a: Tyranitar
|-supereffective|p2a: Tyranitar
|-damage|p2a: Tyranitar|80/100
|move|p2a: Tyranitar|Stealth Rock|p1a: Politoed
|-sidestart|p1: porrompompom|move: Stealth Rock
|
|-weather|Sandstorm|[upkeep]
|-damage|p1a: Politoed|66/100|[from] Sandstorm
|-heal|p1a: Politoed|72/100|[from] item: Leftovers
|-heal|p2a: Tyranitar|86/100|[from] item: Leftovers
|upkeep
|turn|9
|
|switch|p2a: Eelektross|Eelektross, M|100/100
|-damage|p2a: Eelektross|88/100|[from] Stealth Rock
|move|p1a: Politoed|Scald|p2a: Eelektross
|-damage|p2a: Eelektross|60/100
|
|-weather|Sandstorm|[upkeep]
|-damage|p1a: Politoed|66/100|[from] Sandstorm
|-damage|p2a: Eelektross|54/100|[from] Sandstorm
|-heal|p1a: Politoed|72/100|[from] item: Leftovers
|-heal|p2a: Eelektross|60/100|[from] item: Leftovers
|upkeep
|turn|10
|
|switch|p1a: Jirachi|Jirachi|100/100
|-damage|p1a: Jirachi|94/100|[from] Stealth Rock
|move|p2a: Eelektross|Giga Drain|p1a: Jirachi
|-resisted|p1a: Jirachi
|-damage|p1a: Jirachi|86/100
|-heal|p2a: Eelektross|64/100|[from] drain|[of] p1a: Jirachi
|
|-weather|Sandstorm|[upkeep]
|-damage|p2a: Eelektross|58/100|[from] Sandstorm
|-heal|p1a: Jirachi|93/100|[from] item: Leftovers
|-heal|p2a: Eelektross|64/100|[from] item: Leftovers
|upkeep
|turn|11
|
|switch|p2a: Scizor|Scizor, M|100/100
|-damage|p2a: Scizor|88/100|[from] Stealth Rock
|move|p1a: Jirachi|Wish|p1a: Jirachi
|
|-weather|Sandstorm|[upkeep]
|-heal|p1a: Jirachi|99/100|[from] item: Leftovers
|upkeep
|turn|12
|
|switch|p1a: Politoed|Politoed, F|72/100
|-damage|p1a: Politoed|59/100|[from] Stealth Rock
|-weather|RainDance|[from] ability: Drizzle|[of] p1a: Politoed
|move|p2a: Scizor|U-turn|p1a: Politoed
|-damage|p1a: Politoed|14/100
|
|switch|p2a: Eelektross|Eelektross, M|64/100|[from]move: U-turn
|-damage|p2a: Eelektross|52/100|[from] Stealth Rock
|
|-weather|RainDance|[upkeep]
|-heal|p1a: Politoed|66/100|[from] move: Wish|[wisher] Jirachi
|-heal|p1a: Politoed|72/100|[from] item: Leftovers
|-heal|p2a: Eelektross|58/100|[from] item: Leftovers
|upkeep
|turn|13
|
|move|p1a: Politoed|Protect|p1a: Politoed
|-singleturn|p1a: Politoed|Protect
|move|p2a: Eelektross|Giga Drain|p1a: Politoed
|-activate|p1a: Politoed|move: Protect
|
|-weather|RainDance|[upkeep]
|-heal|p1a: Politoed|78/100|[from] item: Leftovers
|-heal|p2a: Eelektross|64/100|[from] item: Leftovers
|upkeep
|turn|14
|
|switch|p1a: Jirachi|Jirachi|99/100
|-damage|p1a: Jirachi|93/100|[from] Stealth Rock
|move|p2a: Eelektross|Giga Drain|p1a: Jirachi
|-resisted|p1a: Jirachi
|-damage|p1a: Jirachi|85/100
|-heal|p2a: Eelektross|68/100|[from] drain|[of] p1a: Jirachi
|
|-weather|RainDance|[upkeep]
|-heal|p1a: Jirachi|91/100|[from] item: Leftovers
|-heal|p2a: Eelektross|75/100|[from] item: Leftovers
|upkeep
|turn|15
|
|move|p1a: Jirachi|Wish|p1a: Jirachi
|move|p2a: Eelektross|Flamethrower|p1a: Jirachi
|-supereffective|p1a: Jirachi
|-damage|p1a: Jirachi|72/100
|
|-weather|RainDance|[upkeep]
|-heal|p1a: Jirachi|79/100|[from] item: Leftovers
|-heal|p2a: Eelektross|81/100|[from] item: Leftovers
|upkeep
|turn|16
|
|move|p1a: Jirachi|Iron Head|p2a: Eelektross
|-resisted|p2a: Eelektross
|-damage|p2a: Eelektross|64/100
|move|p2a: Eelektross|Thunderbolt|p1a: Jirachi
|-damage|p1a: Jirachi|47/100
|
|-weather|RainDance|[upkeep]
|-heal|p1a: Jirachi|97/100|[from] move: Wish|[wisher] Jirachi
|-heal|p1a: Jirachi|100/100|[from] item: Leftovers
|-heal|p2a: Eelektross|71/100|[from] item: Leftovers
|upkeep
|turn|17
|
|move|p1a: Jirachi|Iron Head|p2a: Eelektross
|-resisted|p2a: Eelektross
|-damage|p2a: Eelektross|55/100
|move|p2a: Eelektross|Thunderbolt|p1a: Jirachi
|-damage|p1a: Jirachi|70/100
|
|-weather|RainDance|[upkeep]
|-heal|p1a: Jirachi|77/100|[from] item: Leftovers
|-heal|p2a: Eelektross|61/100|[from] item: Leftovers
|upkeep
|turn|18
|
|move|p1a: Jirachi|Iron Head|p2a: Eelektross
|-resisted|p2a: Eelektross
|-damage|p2a: Eelektross|46/100
|move|p2a: Eelektross|Giga Drain|p1a: Jirachi
|-resisted|p1a: Jirachi
|-damage|p1a: Jirachi|69/100
|-heal|p2a: Eelektross|50/100|[from] drain|[of] p1a: Jirachi
|
|-weather|RainDance|[upkeep]
|-heal|p1a: Jirachi|75/100|[from] item: Leftovers
|-heal|p2a: Eelektross|57/100|[from] item: Leftovers
|upkeep
|turn|19
|
|switch|p2a: Scizor|Scizor, M|88/100
|-damage|p2a: Scizor|76/100|[from] Stealth Rock
|move|p1a: Jirachi|Iron Head|p2a: Scizor
|-resisted|p2a: Scizor
|-damage|p2a: Scizor|62/100
|
|-weather|RainDance|[upkeep]
|-heal|p1a: Jirachi|82/100|[from] item: Leftovers
|upkeep
|turn|20
|
|move|p1a: Jirachi|Protect|p1a: Jirachi
|-singleturn|p1a: Jirachi|Protect
|move|p2a: Scizor|U-turn|p1a: Jirachi
|-activate|p1a: Jirachi|move: Protect
|
|-weather|RainDance|[upkeep]
|-heal|p1a: Jirachi|88/100|[from] item: Leftovers
|upkeep
|turn|21
|
|switch|p1a: Tentacruel|Tentacruel, M|100/100
|-damage|p1a: Tentacruel|88/100|[from] Stealth Rock
|move|p2a: Scizor|U-turn|p1a: Tentacruel
|-resisted|p1a: Tentacruel
|-damage|p1a: Tentacruel|55/100
|
|switch|p2a: Jellicent|Jellicent, F|100/100|[from]move: U-turn
|-damage|p2a: Jellicent|88/100|[from] Stealth Rock
|
|-weather|RainDance|[upkeep]
|-heal|p1a: Tentacruel|61/100|[from] ability: Rain Dish
|-heal|p1a: Tentacruel|67/100|[from] item: Leftovers
|upkeep
|turn|22
|
|move|p1a: Tentacruel|Toxic|p2a: Jellicent
|-status|p2a: Jellicent|tox
|move|p2a: Jellicent|Shadow Ball|p1a: Tentacruel
|-damage|p1a: Tentacruel|25/100
|
|-weather|RainDance|[upkeep]
|-heal|p1a: Tentacruel|31/100|[from] ability: Rain Dish
|-heal|p1a: Tentacruel|37/100|[from] item: Leftovers
|-damage|p2a: Jellicent|82/100 tox|[from] psn
|upkeep
|turn|23
|
|switch|p1a: Jirachi|Jirachi|88/100
|-damage|p1a: Jirachi|82/100|[from] Stealth Rock
|move|p2a: Jellicent|Shadow Ball|p1a: Jirachi
|-damage|p1a: Jirachi|50/100
|
|-weather|RainDance|[upkeep]
|-heal|p1a: Jirachi|56/100|[from] item: Leftovers
|-damage|p2a: Jellicent|69/100 tox|[from] psn
|upkeep
|turn|24
|
|switch|p2a: Garchomp|Garchomp, M|100/100
|-damage|p2a: Garchomp|94/100|[from] Stealth Rock
|move|p1a: Jirachi|Wish|p1a: Jirachi
|
|-weather|RainDance|[upkeep]
|-heal|p1a: Jirachi|63/100|[from] item: Leftovers
|upkeep
|turn|25
|
|move|p1a: Jirachi|Protect|p1a: Jirachi
|-singleturn|p1a: Jirachi|Protect
|move|p2a: Garchomp|Earthquake|p1a: Jirachi
|-activate|p1a: Jirachi|move: Protect
|
|-weather|RainDance|[upkeep]
|-heal|p1a: Jirachi|100/100|[from] move: Wish|[wisher] Jirachi
|upkeep
|turn|26
|
|switch|p2a: Tyranitar|Tyranitar, M|86/100
|-damage|p2a: Tyranitar|74/100|[from] Stealth Rock
|-weather|Sandstorm|[from] ability: Sand Stream|[of] p2a: Tyranitar
|switch|p1a: Quagsire|Quagsire, F|100/100
|-damage|p1a: Quagsire|94/100|[from] Stealth Rock
|
|-weather|Sandstorm|[upkeep]
|-heal|p2a: Tyranitar|80/100|[from] item: Leftovers
|-heal|p1a: Quagsire|100/100|[from] item: Leftovers
|upkeep
|turn|27
|
|move|p2a: Tyranitar|Crunch|p1a: Quagsire
|-damage|p1a: Quagsire|75/100
|move|p1a: Quagsire|Toxic|p2a: Tyranitar
|-status|p2a: Tyranitar|tox
|
|-weather|Sandstorm|[upkeep]
|-heal|p2a: Tyranitar|86/100 tox|[from] item: Leftovers
|-heal|p1a: Quagsire|81/100|[from] item: Leftovers
|-damage|p2a: Tyranitar|80/100 tox|[from] psn
|upkeep
|turn|28
|
|switch|p2a: Scizor|Scizor, M|62/100
|-damage|p2a: Scizor|50/100|[from] Stealth Rock
|move|p1a: Quagsire|Recover|p1a: Quagsire
|-heal|p1a: Quagsire|100/100
|
|-weather|Sandstorm|[upkeep]
|upkeep
|turn|29
|
|move|p2a: Scizor|Superpower|p1a: Quagsire
|-damage|p1a: Quagsire|56/100
|-unboost|p2a: Scizor|atk|1
|-unboost|p2a: Scizor|def|1
|move|p1a: Quagsire|Recover|p1a: Quagsire
|-heal|p1a: Quagsire|100/100
|
|-weather|Sandstorm|[upkeep]
|upkeep
|turn|30
|
|switch|p2a: Eelektross|Eelektross, M|57/100
|-damage|p2a: Eelektross|44/100|[from] Stealth Rock
|move|p1a: Quagsire|Recover||[still]
|-fail|p1a: Quagsire|heal
|
|-weather|Sandstorm|[upkeep]
|-damage|p2a: Eelektross|38/100|[from] Sandstorm
|-heal|p2a: Eelektross|44/100|[from] item: Leftovers
|upkeep
|turn|31
|
|switch|p1a: Jirachi|Jirachi|100/100
|-damage|p1a: Jirachi|94/100|[from] Stealth Rock
|move|p2a: Eelektross|Flamethrower|p1a: Jirachi
|-supereffective|p1a: Jirachi
|-damage|p1a: Jirachi|54/100
|
|-weather|Sandstorm|[upkeep]
|-damage|p2a: Eelektross|38/100|[from] Sandstorm
|-heal|p1a: Jirachi|60/100|[from] item: Leftovers
|-heal|p2a: Eelektross|44/100|[from] item: Leftovers
|upkeep
|turn|32
|
|move|p1a: Jirachi|Protect|p1a: Jirachi
|-singleturn|p1a: Jirachi|Protect
|move|p2a: Eelektross|Flamethrower|p1a: Jirachi
|-activate|p1a: Jirachi|move: Protect
|
|-weather|Sandstorm|[upkeep]
|-damage|p2a: Eelektross|38/100|[from] Sandstorm
|-heal|p1a: Jirachi|66/100|[from] item: Leftovers
|-heal|p2a: Eelektross|44/100|[from] item: Leftovers
|upkeep
|turn|33
|
|move|p1a: Jirachi|Wish|p1a: Jirachi
|move|p2a: Eelektross|Flamethrower|p1a: Jirachi
|-supereffective|p1a: Jirachi
|-damage|p1a: Jirachi|24/100
|
|-weather|Sandstorm|[upkeep]
|-damage|p2a: Eelektross|38/100|[from] Sandstorm
|-heal|p1a: Jirachi|31/100|[from] item: Leftovers
|-heal|p2a: Eelektross|44/100|[from] item: Leftovers
|upkeep
|turn|34
|
|switch|p2a: Garchomp|Garchomp, M|94/100
|-damage|p2a: Garchomp|88/100|[from] Stealth Rock
|move|p1a: Jirachi|Protect||[still]
|-fail|p1a: Jirachi
|
|-weather|Sandstorm|[upkeep]
|-heal|p1a: Jirachi|80/100|[from] move: Wish|[wisher] Jirachi
|-heal|p1a: Jirachi|87/100|[from] item: Leftovers
|upkeep
|turn|35
|
|move|p1a: Jirachi|Protect|p1a: Jirachi
|-singleturn|p1a: Jirachi|Protect
|move|p2a: Garchomp|Earthquake|p1a: Jirachi
|-activate|p1a: Jirachi|move: Protect
|
|-weather|Sandstorm|[upkeep]
|-heal|p1a: Jirachi|93/100|[from] item: Leftovers
|upkeep
|turn|36
|
|switch|p1a: Quagsire|Quagsire, F|100/100
|-damage|p1a: Quagsire|94/100|[from] Stealth Rock
|move|p2a: Garchomp|Earthquake|p1a: Quagsire
|-damage|p1a: Quagsire|57/100
|
|-weather|Sandstorm|[upkeep]
|-heal|p1a: Quagsire|63/100|[from] item: Leftovers
|upkeep
|turn|37
|
|switch|p2a: Scizor|Scizor, M|50/100
|-damage|p2a: Scizor|38/100|[from] Stealth Rock
|move|p1a: Quagsire|Recover|p1a: Quagsire
|-heal|p1a: Quagsire|100/100
|
|-weather|Sandstorm|[upkeep]
|upkeep
|turn|38
|
|move|p2a: Scizor|U-turn|p1a: Quagsire
|-crit|p1a: Quagsire
|-damage|p1a: Quagsire|13/100
|
|switch|p2a: Eelektross|Eelektross, M|44/100|[from]move: U-turn
|-damage|p2a: Eelektross|32/100|[from] Stealth Rock
|move|p1a: Quagsire|Recover|p1a: Quagsire
|-heal|p1a: Quagsire|63/100
|
|-weather|Sandstorm|[upkeep]
|-damage|p2a: Eelektross|26/100|[from] Sandstorm
|-heal|p2a: Eelektross|32/100|[from] item: Leftovers
|-heal|p1a: Quagsire|69/100|[from] item: Leftovers
|upkeep
|turn|39
|
|switch|p1a: Latias|Latias, F|98/100
|-damage|p1a: Latias|86/100|[from] Stealth Rock
|move|p2a: Eelektross|Thunderbolt|p1a: Latias
|-resisted|p1a: Latias
|-damage|p1a: Latias|69/100
|
|-weather|Sandstorm|[upkeep]
|-damage|p1a: Latias|63/100|[from] Sandstorm
|-damage|p2a: Eelektross|26/100|[from] Sandstorm
|-heal|p1a: Latias|69/100|[from] item: Leftovers
|-heal|p2a: Eelektross|32/100|[from] item: Leftovers
|upkeep
|turn|40
|
|switch|p1a: Politoed|Politoed, F|78/100
|-damage|p1a: Politoed|66/100|[from] Stealth Rock
|-weather|RainDance|[from] ability: Drizzle|[of] p1a: Politoed
|switch|p2a: Tyranitar|Tyranitar, M|80/100 tox
|-damage|p2a: Tyranitar|67/100 tox|[from] Stealth Rock
|-weather|Sandstorm|[from] ability: Sand Stream|[of] p2a: Tyranitar
|
|-weather|Sandstorm|[upkeep]
|-damage|p1a: Politoed|60/100|[from] Sandstorm
|-heal|p1a: Politoed|66/100|[from] item: Leftovers
|-heal|p2a: Tyranitar|74/100 tox|[from] item: Leftovers
|-damage|p2a: Tyranitar|67/100 tox|[from] psn
|upkeep
|turn|41
|
|move|p1a: Politoed|Protect|p1a: Politoed
|-singleturn|p1a: Politoed|Protect
|move|p2a: Tyranitar|Crunch|p1a: Politoed
|-activate|p1a: Politoed|move: Protect
|
|-weather|Sandstorm|[upkeep]
|-damage|p1a: Politoed|60/100|[from] Sandstorm
|-heal|p1a: Politoed|66/100|[from] item: Leftovers
|-heal|p2a: Tyranitar|74/100 tox|[from] item: Leftovers
|-damage|p2a: Tyranitar|61/100 tox|[from] psn
|upkeep
|turn|42
|
|move|p1a: Politoed|Protect|p1a: Politoed
|-singleturn|p1a: Politoed|Protect
|move|p2a: Tyranitar|Pursuit|p1a: Politoed
|-activate|p1a: Politoed|move: Protect
|
|-weather|Sandstorm|[upkeep]
|-damage|p1a: Politoed|60/100|[from] Sandstorm
|-heal|p1a: Politoed|66/100|[from] item: Leftovers
|-heal|p2a: Tyranitar|67/100 tox|[from] item: Leftovers
|-damage|p2a: Tyranitar|49/100 tox|[from] psn
|upkeep
|turn|43
|
|move|p1a: Politoed|Protect||[still]
|-fail|p1a: Politoed
|move|p2a: Tyranitar|Pursuit|p1a: Politoed
|-damage|p1a: Politoed|53/100
|
|-weather|Sandstorm|[upkeep]
|-damage|p1a: Politoed|47/100|[from] Sandstorm
|-heal|p1a: Politoed|53/100|[from] item: Leftovers
|-heal|p2a: Tyranitar|55/100 tox|[from] item: Leftovers
|-damage|p2a: Tyranitar|30/100 tox|[from] psn
|upkeep
|turn|44
|
|move|p1a: Politoed|Protect|p1a: Politoed
|-singleturn|p1a: Politoed|Protect
|move|p2a: Tyranitar|Crunch|p1a: Politoed
|-activate|p1a: Politoed|move: Protect
|
|-weather|Sandstorm|[upkeep]
|-damage|p1a: Politoed|47/100|[from] Sandstorm
|-heal|p1a: Politoed|53/100|[from] item: Leftovers
|-heal|p2a: Tyranitar|36/100 tox|[from] item: Leftovers
|-damage|p2a: Tyranitar|5/100 tox|[from] psn
|upkeep
|turn|45
|
|move|p1a: Politoed|Scald|p2a: Tyranitar
|-supereffective|p2a: Tyranitar
|-damage|p2a: Tyranitar|0 fnt
|faint|p2a: Tyranitar
|
|-weather|Sandstorm|[upkeep]
|-damage|p1a: Politoed|47/100|[from] Sandstorm
|-heal|p1a: Politoed|53/100|[from] item: Leftovers
|upkeep
|
|switch|p2a: Eelektross|Eelektross, M|32/100
|-damage|p2a: Eelektross|20/100|[from] Stealth Rock
|turn|46
|
|move|p1a: Politoed|Scald|p2a: Eelektross
|-damage|p2a: Eelektross|0 fnt
|faint|p2a: Eelektross
|
|-weather|Sandstorm|[upkeep]
|-damage|p1a: Politoed|47/100|[from] Sandstorm
|-heal|p1a: Politoed|53/100|[from] item: Leftovers
|upkeep
|inactive|Battle timer is ON: inactive players will automatically lose when time's up. (requested by porrompompom)
|
|switch|p2a: Scizor|Scizor, M|38/100
|-damage|p2a: Scizor|26/100|[from] Stealth Rock
|turn|47
|
|move|p1a: Politoed|Protect|p1a: Politoed
|-singleturn|p1a: Politoed|Protect
|move|p2a: Scizor|U-turn|p1a: Politoed
|-activate|p1a: Politoed|move: Protect
|
|-weather|Sandstorm|[upkeep]
|-damage|p1a: Politoed|47/100|[from] Sandstorm
|-heal|p1a: Politoed|53/100|[from] item: Leftovers
|upkeep
|turn|48
|
|move|p1a: Politoed|Scald|p2a: Scizor
|-damage|p2a: Scizor|0 fnt
|faint|p2a: Scizor
|
|-weather|Sandstorm|[upkeep]
|-damage|p1a: Politoed|47/100|[from] Sandstorm
|-heal|p1a: Politoed|53/100|[from] item: Leftovers
|upkeep
|
|switch|p2a: Alakazam|Alakazam, F|100/100
|turn|49
|
|switch|p1a: Jirachi|Jirachi|93/100
|-damage|p1a: Jirachi|87/100|[from] Stealth Rock
|move|p2a: Alakazam|Psychic|p1a: Jirachi
|-resisted|p1a: Jirachi
|-damage|p1a: Jirachi|77/100
|
|-weather|Sandstorm|[upkeep]
|-heal|p1a: Jirachi|83/100|[from] item: Leftovers
|upkeep
|turn|50
|
|switch|p2a: Garchomp|Garchomp, M|88/100
|-damage|p2a: Garchomp|82/100|[from] Stealth Rock
|move|p1a: Jirachi|Iron Head|p2a: Garchomp
|-damage|p2a: Garchomp|57/100
|-damage|p1a: Jirachi|70/100|[from] ability: Rough Skin|[of] p2a: Garchomp
|
|-weather|Sandstorm|[upkeep]
|-heal|p1a: Jirachi|77/100|[from] item: Leftovers
|upkeep
|turn|51
|
|move|p1a: Jirachi|Protect|p1a: Jirachi
|-singleturn|p1a: Jirachi|Protect
|move|p2a: Garchomp|Earthquake|p1a: Jirachi
|-activate|p1a: Jirachi|move: Protect
|
|-weather|Sandstorm|[upkeep]
|-heal|p1a: Jirachi|83/100|[from] item: Leftovers
|upkeep
|turn|52
|
|switch|p1a: Politoed|Politoed, F|53/100
|-damage|p1a: Politoed|41/100|[from] Stealth Rock
|-weather|RainDance|[from] ability: Drizzle|[of] p1a: Politoed
|move|p2a: Garchomp|Earthquake|p1a: Politoed
|-damage|p1a: Politoed|3/100
|
|-weather|RainDance|[upkeep]
|-heal|p1a: Politoed|9/100|[from] item: Leftovers
|upkeep
|turn|53
|
|move|p1a: Politoed|Protect|p1a: Politoed
|-singleturn|p1a: Politoed|Protect
|move|p2a: Garchomp|Earthquake|p1a: Politoed
|-activate|p1a: Politoed|move: Protect
|
|-weather|RainDance|[upkeep]
|-heal|p1a: Politoed|15/100|[from] item: Leftovers
|upkeep
|turn|54
|inactive|porrompompom has 120 seconds left.
|
|switch|p1a: Latias|Latias, F|69/100
|-damage|p1a: Latias|57/100|[from] Stealth Rock
|move|p2a: Garchomp|Earthquake|p1a: Latias
|-immune|p1a: Latias|[from] ability: Levitate
|
|-weather|RainDance|[upkeep]
|-heal|p1a: Latias|63/100|[from] item: Leftovers
|upkeep
|turn|55
|
|move|p2a: Garchomp|Earthquake|p1a: Latias
|-immune|p1a: Latias|[from] ability: Levitate
|move|p1a: Latias|Dragon Pulse|p2a: Garchomp
|-supereffective|p2a: Garchomp
|-damage|p2a: Garchomp|0 fnt
|faint|p2a: Garchomp
|
|-weather|RainDance|[upkeep]
|-heal|p1a: Latias|69/100|[from] item: Leftovers
|upkeep
|c|☆testaccount5ou|gg
|c|☆testaccount5ou|bad play haha
|inactive|testaccount5ou has 120 seconds left.
|
|switch|p2a: Alakazam|Alakazam, F|100/100
|turn|56
|
|switch|p1a: Politoed|Politoed, F|15/100
|-damage|p1a: Politoed|3/100|[from] Stealth Rock
|move|p2a: Alakazam|Hidden Power|p1a: Politoed
|-resisted|p1a: Politoed
|-damage|p1a: Politoed|0 fnt
|faint|p1a: Politoed
|
|-weather|RainDance|[upkeep]
|upkeep
|
|switch|p1a: Jirachi|Jirachi|83/100
|-damage|p1a: Jirachi|77/100|[from] Stealth Rock
|turn|57
|
|switch|p2a: Jellicent|Jellicent, F|69/100 tox
|-damage|p2a: Jellicent|57/100 tox|[from] Stealth Rock
|move|p1a: Jirachi|Iron Head|p2a: Jellicent
|-resisted|p2a: Jellicent
|-crit|p2a: Jellicent
|-damage|p2a: Jellicent|22/100 tox
|
|-weather|RainDance|[upkeep]
|-heal|p1a: Jirachi|83/100|[from] item: Leftovers
|-damage|p2a: Jellicent|16/100 tox|[from] psn
|upkeep
|turn|58
|
|move|p1a: Jirachi|Protect|p1a: Jirachi
|-singleturn|p1a: Jirachi|Protect
|move|p2a: Jellicent|Surf|p1a: Jirachi
|-activate|p1a: Jirachi|move: Protect
|
|-weather|RainDance|[upkeep]
|-heal|p1a: Jirachi|89/100|[from] item: Leftovers
|-damage|p2a: Jellicent|3/100 tox|[from] psn
|upkeep
|turn|59
|
|switch|p1a: Tentacruel|Tentacruel, M|37/100
|-damage|p1a: Tentacruel|25/100|[from] Stealth Rock
|move|p2a: Jellicent|Surf|p1a: Tentacruel
|-resisted|p1a: Tentacruel
|-damage|p1a: Tentacruel|0 fnt
|faint|p1a: Tentacruel
|
|-weather|RainDance|[upkeep]
|-damage|p2a: Jellicent|0 fnt|[from] psn
|faint|p2a: Jellicent
|upkeep
|
|switch|p1a: Jirachi|Jirachi|89/100
|switch|p2a: Alakazam|Alakazam, F|100/100
|-damage|p1a: Jirachi|83/100|[from] Stealth Rock
|turn|60
|
|move|p2a: Alakazam|Focus Blast|p1a: Jirachi
|-damage|p1a: Jirachi|45/100
|move|p1a: Jirachi|Iron Head|p2a: Alakazam
|-damage|p2a: Alakazam|28/100
|
|-weather|RainDance|[upkeep]
|-heal|p1a: Jirachi|51/100|[from] item: Leftovers
|upkeep
|turn|61
|
|move|p2a: Alakazam|Focus Blast|p1a: Jirachi
|-damage|p1a: Jirachi|16/100
|move|p1a: Jirachi|Iron Head|p2a: Alakazam
|-damage|p2a: Alakazam|0 fnt
|faint|p2a: Alakazam
|
|win|porrompompom
|raw|porrompompom's rating: 1600 &rarr; <strong>1607</strong><br />(+7 for winning)
|raw|testaccount5ou's rating: 1325 &rarr; <strong>1318</strong><br />(-7 for losing)
|l|☆porrompompom
