|j|☆CHEF WIGGLER 25
|j|☆Hans Bloodsmith
|t:|1731266432
|gametype|singles
|player|p1|CHEF WIGGLER 25|1|1324
|player|p2|Hans Bloodsmith|plasmagrunt|1380
|teamsize|p1|6
|teamsize|p2|6
|gen|5
|tier|[Gen 5] OU
|rated|
|rule|Species Clause: Limit one of each Pokémon
|rule|OHKO Clause: OHKO moves are banned
|rule|Moody Clause: Moody is banned
|rule|Evasion Items Clause: Evasion items are banned
|rule|Evasion Moves Clause: Evasion moves are banned
|rule|Endless Battle Clause: Forcing endless battles is banned
|rule|HP Percentage Mod: HP is shown in percentages
|rule|Evasion Abilities Clause: Evasion abilities are banned
|rule|Sleep Moves Clause: Sleep-inducing moves are banned
|rule|Swagger Clause: Swagger is banned
|rule|Baton Pass Stat Clause: No Baton Passer may have a way to boost its stats
|clearpoke
|poke|p1|Lucario, M|item
|poke|p1|Azelf|item
|poke|p1|Dragonite, M|item
|poke|p1|Garchomp, M|item
|poke|p1|Starmie|item
|poke|p1|Volcarona, M|item
|poke|p2|Volcarona, M|item
|poke|p2|Hydreigon, M|item
|poke|p2|Mamoswine, M|item
|poke|p2|Magnezone|item
|poke|p2|Toxicroak, F|item
|poke|p2|Politoed, M|item
|teampreview
|inactive|Battle timer is ON: inactive players will automatically lose when time's up. (requested by Hans Bloodsmith)
|
|t:|1731266438
|start
|switch|p1a: Azelf|Azelf|100/100
|switch|p2a: Klaus|Mamoswine, M|100/100
|turn|1
|
|t:|1731266446
|move|p1a: Azelf|Taunt|p2a: Klaus
|-start|p2a: Klaus|move: Taunt
|move|p2a: Klaus|Icicle Crash|p1a: Azelf
|-damage|p1a: Azelf|9/100
|
|upkeep
|turn|2
|
|t:|1731266453
|move|p2a: Klaus|Ice Shard|p1a: Azelf
|-damage|p1a: Azelf|0 fnt
|faint|p1a: Azelf
|
|upkeep
|
|t:|1731266466
|switch|p1a: Starmie|Starmie|100/100
|-item|p1a: Starmie|Air Balloon
|turn|3
|
|t:|1731266472
|switch|p2a: Francis|Politoed, M|100/100
|-weather|RainDance|[from] ability: Drizzle|[of] p2a: Francis
|move|p1a: Starmie|Surf|p2a: Francis
|-resisted|p2a: Francis
|-damage|p2a: Francis|57/100
|
|-weather|RainDance|[upkeep]
|upkeep
|turn|4
|
|t:|1731266485
|move|p1a: Starmie|Thunderbolt|p2a: Francis
|-supereffective|p2a: Francis
|-damage|p2a: Francis|6/100
|move|p2a: Francis|Hidden Power|p1a: Starmie
|-supereffective|p1a: Starmie
|-damage|p1a: Starmie|9/100
|-enditem|p1a: Starmie|Air Balloon
|
|-weather|RainDance|[upkeep]
|upkeep
|turn|5
|
|t:|1731266495
|switch|p2a: Klaus|Mamoswine, M|100/100
|move|p1a: Starmie|Surf|p2a: Klaus
|-supereffective|p2a: Klaus
|-damage|p2a: Klaus|0 fnt
|faint|p2a: Klaus
|
|-weather|RainDance|[upkeep]
|upkeep
|
|t:|1731266499
|switch|p2a: Hannibal|Hydreigon, M|100/100
|turn|6
|
|t:|1731266509
|switch|p1a: Lucario|Lucario, M|100/100
|move|p2a: Hannibal|U-turn|p1a: Lucario
|-resisted|p1a: Lucario
|-crit|p1a: Lucario
|-damage|p1a: Lucario|88/100
|
|t:|1731266520
|switch|p2a: Verona|Toxicroak, F|100/100|[from] U-turn
|
|-weather|RainDance|[upkeep]
|upkeep
|turn|7
|
|t:|1731266531
|switch|p1a: Volcarona|Volcarona, M|100/100
|move|p2a: Verona|Ice Punch|p1a: Volcarona
|-resisted|p1a: Volcarona
|-damage|p1a: Volcarona|74/100
|-damage|p2a: Verona|91/100|[from] item: Life Orb
|
|-weather|RainDance|[upkeep]
|-heal|p2a: Verona|100/100|[from] ability: Dry Skin
|upkeep
|turn|8
|
|t:|1731266545
|move|p1a: Volcarona|Quiver Dance|p1a: Volcarona
|-boost|p1a: Volcarona|spa|1
|-boost|p1a: Volcarona|spd|1
|-boost|p1a: Volcarona|spe|1
|move|p2a: Verona|Swords Dance|p2a: Verona
|-boost|p2a: Verona|atk|2
|
|-weather|RainDance|[upkeep]
|upkeep
|turn|9
|
|t:|1731266554
|move|p2a: Verona|Sucker Punch|p1a: Volcarona
|-damage|p1a: Volcarona|0 fnt
|-status|p2a: Verona|brn|[from] ability: Flame Body|[of] p1a: Volcarona
|faint|p1a: Volcarona
|-damage|p2a: Verona|91/100 brn|[from] item: Life Orb
|
|-weather|RainDance|[upkeep]
|-heal|p2a: Verona|100/100 brn|[from] ability: Dry Skin
|-damage|p2a: Verona|88/100 brn|[from] brn
|upkeep
|
|t:|1731266565
|switch|p1a: Starmie|Starmie|9/100
|turn|10
|
|t:|1731266581
|switch|p1a: Garchomp|Garchomp, M|100/100
|move|p2a: Verona|Sucker Punch||[still]
|-fail|p2a: Verona
|
|-weather|RainDance|[upkeep]
|-heal|p2a: Verona|100/100 brn|[from] ability: Dry Skin
|-damage|p2a: Verona|88/100 brn|[from] brn
|upkeep
|turn|11
|
|t:|1731266591
|move|p1a: Garchomp|Earthquake|p2a: Verona
|-supereffective|p2a: Verona
|-damage|p2a: Verona|0 fnt
|faint|p2a: Verona
|
|-weather|RainDance|[upkeep]
|upkeep
|
|t:|1731266596
|switch|p2a: Hannibal|Hydreigon, M|100/100
|turn|12
|
|t:|1731266604
|move|p2a: Hannibal|Surf|p1a: Garchomp
|-damage|p1a: Garchomp|51/100
|move|p1a: Garchomp|Swords Dance|p1a: Garchomp
|-boost|p1a: Garchomp|atk|2
|
|-weather|RainDance|[upkeep]
|upkeep
|turn|13
|
|t:|1731266613
|switch|p2a: Francis|Politoed, M|6/100
|move|p1a: Garchomp|Outrage|p2a: Francis
|-damage|p2a: Francis|0 fnt
|faint|p2a: Francis
|
|-weather|RainDance|[upkeep]
|upkeep
|
|t:|1731266621
|switch|p2a: Hannibal|Hydreigon, M|100/100
|turn|14
|
|t:|1731266624
|move|p2a: Hannibal|Draco Meteor|p1a: Garchomp
|-supereffective|p1a: Garchomp
|-damage|p1a: Garchomp|0 fnt
|-unboost|p2a: Hannibal|spa|2
|faint|p1a: Garchomp
|
|-weather|RainDance|[upkeep]
|upkeep
|
|t:|1731266635
|switch|p1a: Dragonite|Dragonite, M|100/100
|turn|15
|
|t:|1731266641
|switch|p2a: Stein|Magnezone|100/100
|move|p1a: Dragonite|Dragon Dance|p1a: Dragonite
|-boost|p1a: Dragonite|atk|1
|-boost|p1a: Dragonite|spe|1
|
|-weather|RainDance|[upkeep]
|upkeep
|turn|16
|
|t:|1731266651
|move|p1a: Dragonite|Dragon Dance|p1a: Dragonite
|-boost|p1a: Dragonite|atk|1
|-boost|p1a: Dragonite|spe|1
|move|p2a: Stein|Hidden Power|p1a: Dragonite
|-supereffective|p1a: Dragonite
|-damage|p1a: Dragonite|40/100
|
|-weather|RainDance|[upkeep]
|upkeep
|turn|17
|
|t:|1731266662
|move|p1a: Dragonite|Fire Punch|p2a: Stein
|-supereffective|p2a: Stein
|-damage|p2a: Stein|38/100
|-status|p2a: Stein|brn
|move|p2a: Stein|Hidden Power|p1a: Dragonite
|-supereffective|p1a: Dragonite
|-damage|p1a: Dragonite|0 fnt
|faint|p1a: Dragonite
|
|-weather|RainDance|[upkeep]
|-heal|p2a: Stein|44/100 brn|[from] item: Leftovers
|-damage|p2a: Stein|31/100 brn|[from] brn
|upkeep
|
|t:|1731266676
|switch|p1a: Lucario|Lucario, M|88/100
|turn|18
|
|t:|1731266679
|move|p1a: Lucario|Swords Dance|p1a: Lucario
|-boost|p1a: Lucario|atk|2
|move|p2a: Stein|Thunder|p1a: Lucario
|-damage|p1a: Lucario|0 fnt
|faint|p1a: Lucario
|
|-weather|RainDance|[upkeep]
|-heal|p2a: Stein|38/100 brn|[from] item: Leftovers
|-damage|p2a: Stein|25/100 brn|[from] brn
|upkeep
|-message|CHEF WIGGLER 25 forfeited.
|
|win|Hans Bloodsmith
|raw|CHEF WIGGLER 25's rating: 1324 &rarr; <strong>1307</strong><br />(-17 for losing)
|raw|Hans Bloodsmith's rating: 1380 &rarr; <strong>1397</strong><br />(+17 for winning)
|l|☆CHEF WIGGLER 25
|player|p1|
|c|☆Hans Bloodsmith|Gg
