|j|☆Meloriver ヽ
|j|☆porrompompom
|player|p1|Meloriver ヽ|220
|player|p2|porrompompom|10
|teamsize|p1|6
|teamsize|p2|6
|gametype|singles
|gen|5
|tier|[Gen 5] OU
|rated|
|rule|Sleep Clause Mod: Limit one foe put to sleep
|rule|Species Clause: Limit one of each Pokémon
|rule|OHKO Clause: OHKO moves are banned
|rule|Moody Clause: Moody is banned
|rule|Evasion Moves Clause: Evasion moves are banned
|rule|Endless Battle Clause: Forcing endless battles is banned
|rule|HP Percentage Mod: HP is shown in percentages
|rule|Evasion Abilities Clause: Evasion abilities are banned
|rule|Baton Pass Clause: Limit one Baton Passer, can't pass Spe and other stats simultaneously
|rule|Swagger Clause: Swagger is banned
|clearpoke
|poke|p1|Tyranitar, F|item
|poke|p1|Rotom-Wash|item
|poke|p1|Landorus-Therian, M|item
|poke|p1|Keldeo|item
|poke|p1|Latios, M|item
|poke|p1|Scizor, F|item
|poke|p2|Amoonguss, M|item
|poke|p2|Reuniclus, F|item
|poke|p2|Gliscor, M|item
|poke|p2|Heatran, F|item
|poke|p2|Starmie|item
|poke|p2|Tyranitar, M|item
|teampreview
|
|start
|switch|p1a: Landorus|Landorus-Therian, M|100/100
|switch|p2a: Amoonguss|Amoonguss, M|100/100
|-ability|p1a: Landorus|Intimidate|boost
|-unboost|p2a: Amoonguss|atk|1
|turn|1
|
|move|p1a: Landorus|Earthquake|p2a: Amoonguss
|-damage|p2a: Amoonguss|37/100
|move|p2a: Amoonguss|Spore|p1a: Landorus
|-status|p1a: Landorus|slp
|
|-heal|p2a: Amoonguss|43/100|[from] item: Black Sludge
|upkeep
|turn|2
|
|switch|p2a: Gliscor|Gliscor, M|100/100
|cant|p1a: Landorus|slp
|
|-status|p2a: Gliscor|tox|[from] item: Toxic Orb
|upkeep
|turn|3
|
|cant|p1a: Landorus|slp
|move|p2a: Gliscor|Ice Fang|p1a: Landorus
|-supereffective|p1a: Landorus
|-damage|p1a: Landorus|33/100 slp
|
|upkeep
|turn|4
|
|switch|p1a: Rotom|Rotom-Wash|100/100
|switch|p2a: Starmie|Starmie|100/100
|
|upkeep
|turn|5
|
|switch|p2a: Heatran|Heatran, F|100/100
|move|p1a: Rotom|Volt Switch|p2a: Heatran
|-damage|p2a: Heatran|85/100
|
|switch|p1a: Puxão|Keldeo|100/100
|
|-heal|p2a: Heatran|91/100|[from] item: Leftovers
|upkeep
|turn|6
|
|switch|p1a: Tyranitar|Tyranitar, F|100/100
|-weather|Sandstorm|[from] ability: Sand Stream|[of] p1a: Tyranitar
|move|p2a: Heatran|Protect|p2a: Heatran
|-fail|p2a: Heatran
|
|-weather|Sandstorm|[upkeep]
|-heal|p2a: Heatran|97/100|[from] item: Leftovers
|upkeep
|turn|7
|
|move|p2a: Heatran|Stealth Rock|p1a: Tyranitar
|-sidestart|p1: Meloriver ヽ|move: Stealth Rock
|move|p1a: Tyranitar|Stealth Rock|p2a: Heatran
|-sidestart|p2: porrompompom|move: Stealth Rock
|
|-weather|Sandstorm|[upkeep]
|-heal|p2a: Heatran|100/100|[from] item: Leftovers
|upkeep
|turn|8
|
|switch|p1a: Rotom|Rotom-Wash|100/100
|-damage|p1a: Rotom|88/100|[from] Stealth Rock
|move|p2a: Heatran|Toxic|p1a: Rotom
|-status|p1a: Rotom|tox
|
|-weather|Sandstorm|[upkeep]
|-damage|p1a: Rotom|82/100 tox|[from] Sandstorm
|-heal|p1a: Rotom|88/100 tox|[from] item: Leftovers
|-damage|p1a: Rotom|82/100 tox|[from] psn
|upkeep
|turn|9
|
|move|p2a: Heatran|Protect|p2a: Heatran
|-singleturn|p2a: Heatran|Protect
|move|p1a: Rotom|Volt Switch|p2a: Heatran
|-activate|p2a: Heatran|move: Protect
|
|-weather|Sandstorm|[upkeep]
|-damage|p1a: Rotom|75/100 tox|[from] Sandstorm
|-heal|p1a: Rotom|82/100 tox|[from] item: Leftovers
|-damage|p1a: Rotom|69/100 tox|[from] psn
|upkeep
|turn|10
|
|switch|p2a: Amoonguss|Amoonguss, M|76/100
|-damage|p2a: Amoonguss|64/100|[from] Stealth Rock
|move|p1a: Rotom|Pain Split|p2a: Amoonguss
|-sethp|p2a: Amoonguss|56/100|p1a: Rotom|80/100 tox|[from] move: Pain Split
|
|-weather|Sandstorm|[upkeep]
|-damage|p1a: Rotom|74/100 tox|[from] Sandstorm
|-damage|p2a: Amoonguss|50/100|[from] Sandstorm
|-heal|p1a: Rotom|80/100 tox|[from] item: Leftovers
|-heal|p2a: Amoonguss|56/100|[from] item: Black Sludge
|-damage|p1a: Rotom|61/100 tox|[from] psn
|upkeep
|turn|11
|
|move|p1a: Rotom|Volt Switch|p2a: Amoonguss
|-resisted|p2a: Amoonguss
|-damage|p2a: Amoonguss|48/100
|
|switch|p1a: Scizor|Scizor, F|100/100
|-damage|p1a: Scizor|88/100|[from] Stealth Rock
|move|p2a: Amoonguss|Giga Drain|p1a: Scizor
|-resisted|p1a: Scizor
|-damage|p1a: Scizor|82/100
|-heal|p2a: Amoonguss|50/100|[from] drain|[of] p1a: Scizor
|
|-weather|Sandstorm|[upkeep]
|-damage|p2a: Amoonguss|44/100|[from] Sandstorm
|-heal|p1a: Scizor|88/100|[from] item: Leftovers
|-heal|p2a: Amoonguss|50/100|[from] item: Black Sludge
|upkeep
|turn|12
|
|switch|p1a: Tyranitar|Tyranitar, F|100/100
|-damage|p1a: Tyranitar|88/100|[from] Stealth Rock
|switch|p2a: Heatran|Heatran, F|100/100
|-damage|p2a: Heatran|88/100|[from] Stealth Rock
|
|-weather|Sandstorm|[upkeep]
|-heal|p2a: Heatran|94/100|[from] item: Leftovers
|upkeep
|turn|13
|
|move|p2a: Heatran|Protect|p2a: Heatran
|-singleturn|p2a: Heatran|Protect
|move|p1a: Tyranitar|Crunch|p2a: Heatran
|-activate|p2a: Heatran|move: Protect
|
|-weather|Sandstorm|[upkeep]
|-heal|p2a: Heatran|100/100|[from] item: Leftovers
|upkeep
|turn|14
|
|move|p2a: Heatran|Toxic|p1a: Tyranitar
|-status|p1a: Tyranitar|tox
|-enditem|p1a: Tyranitar|Lum Berry|[eat]
|-curestatus|p1a: Tyranitar|tox|[msg]
|move|p1a: Tyranitar|Superpower|p2a: Heatran
|-supereffective|p2a: Heatran
|-damage|p2a: Heatran|36/100
|-unboost|p1a: Tyranitar|atk|1
|-unboost|p1a: Tyranitar|def|1
|
|-weather|Sandstorm|[upkeep]
|-heal|p2a: Heatran|42/100|[from] item: Leftovers
|upkeep
|turn|15
|
|move|p2a: Heatran|Protect|p2a: Heatran
|-singleturn|p2a: Heatran|Protect
|move|p1a: Tyranitar|Superpower|p2a: Heatran
|-activate|p2a: Heatran|move: Protect
|
|-weather|Sandstorm|[upkeep]
|-heal|p2a: Heatran|49/100|[from] item: Leftovers
|upkeep
|turn|16
|
|switch|p2a: Gliscor|Gliscor, M|100/100 tox
|-damage|p2a: Gliscor|88/100 tox|[from] Stealth Rock
|move|p1a: Tyranitar|Superpower|p2a: Gliscor
|-resisted|p2a: Gliscor
|-damage|p2a: Gliscor|79/100 tox
|-unboost|p1a: Tyranitar|atk|1
|-unboost|p1a: Tyranitar|def|1
|
|-weather|Sandstorm|[upkeep]
|-heal|p2a: Gliscor|92/100 tox|[from] ability: Poison Heal
|upkeep
|turn|17
|
|switch|p2a: Heatran|Heatran, F|49/100
|-damage|p2a: Heatran|36/100|[from] Stealth Rock
|switch|p1a: Scizor|Scizor, F|88/100
|-damage|p1a: Scizor|76/100|[from] Stealth Rock
|
|-weather|Sandstorm|[upkeep]
|-heal|p2a: Heatran|42/100|[from] item: Leftovers
|-heal|p1a: Scizor|82/100|[from] item: Leftovers
|upkeep
|turn|18
|
|switch|p1a: Rotom|Rotom-Wash|61/100 tox
|-damage|p1a: Rotom|49/100 tox|[from] Stealth Rock
|move|p2a: Heatran|Lava Plume|p1a: Rotom
|-resisted|p1a: Rotom
|-damage|p1a: Rotom|35/100 tox
|
|-weather|Sandstorm|[upkeep]
|-damage|p1a: Rotom|29/100 tox|[from] Sandstorm
|-heal|p2a: Heatran|49/100|[from] item: Leftovers
|-heal|p1a: Rotom|35/100 tox|[from] item: Leftovers
|-damage|p1a: Rotom|29/100 tox|[from] psn
|upkeep
|turn|19
|
|move|p2a: Heatran|Protect|p2a: Heatran
|-singleturn|p2a: Heatran|Protect
|move|p1a: Rotom|Volt Switch|p2a: Heatran
|-activate|p2a: Heatran|move: Protect
|
|-weather|Sandstorm|[upkeep]
|-damage|p1a: Rotom|23/100 tox|[from] Sandstorm
|-heal|p2a: Heatran|55/100|[from] item: Leftovers
|-heal|p1a: Rotom|29/100 tox|[from] item: Leftovers
|-damage|p1a: Rotom|17/100 tox|[from] psn
|upkeep
|turn|20
|
|move|p2a: Heatran|Protect|p2a: Heatran
|-fail|p2a: Heatran
|move|p1a: Rotom|Pain Split|p2a: Heatran
|-sethp|p2a: Heatran|34/100|p1a: Rotom|43/100 tox|[from] move: Pain Split
|
|-weather|Sandstorm|[upkeep]
|-damage|p1a: Rotom|37/100 tox|[from] Sandstorm
|-heal|p2a: Heatran|40/100|[from] item: Leftovers
|-heal|p1a: Rotom|43/100 tox|[from] item: Leftovers
|-damage|p1a: Rotom|24/100 tox|[from] psn
|upkeep
|turn|21
|
|switch|p1a: Tyranitar|Tyranitar, F|88/100
|-damage|p1a: Tyranitar|76/100|[from] Stealth Rock
|move|p2a: Heatran|Protect|p2a: Heatran
|-fail|p2a: Heatran
|
|-weather|Sandstorm|[upkeep]
|-heal|p2a: Heatran|46/100|[from] item: Leftovers
|upkeep
|turn|22
|
|move|p2a: Heatran|Protect|p2a: Heatran
|-singleturn|p2a: Heatran|Protect
|move|p1a: Tyranitar|Crunch|p2a: Heatran
|-activate|p2a: Heatran|move: Protect
|
|-weather|Sandstorm|[upkeep]
|-heal|p2a: Heatran|53/100|[from] item: Leftovers
|upkeep
|turn|23
|
|-activate|p2a: Heatran|move: Pursuit
|move|p1a: Tyranitar|Pursuit|p2a: Heatran|[from]Pursuit
|-resisted|p2a: Heatran
|-damage|p2a: Heatran|36/100
|switch|p2a: Gliscor|Gliscor, M|92/100 tox
|-damage|p2a: Gliscor|79/100 tox|[from] Stealth Rock
|
|-weather|Sandstorm|[upkeep]
|-heal|p2a: Gliscor|92/100 tox|[from] ability: Poison Heal
|upkeep
|turn|24
|
|switch|p1a: Scizor|Scizor, F|82/100
|-damage|p1a: Scizor|70/100|[from] Stealth Rock
|move|p2a: Gliscor|Swords Dance|p2a: Gliscor
|-boost|p2a: Gliscor|atk|2
|
|-weather|Sandstorm|[upkeep]
|-heal|p1a: Scizor|76/100|[from] item: Leftovers
|-heal|p2a: Gliscor|100/100 tox|[from] ability: Poison Heal
|upkeep
|turn|25
|
|switch|p1a: Latios|Latios, M|100/100
|-damage|p1a: Latios|88/100|[from] Stealth Rock
|move|p2a: Gliscor|Earthquake|p1a: Latios
|-immune|p1a: Latios|[msg]|[from] ability: Levitate
|
|-weather|Sandstorm|[upkeep]
|-damage|p1a: Latios|82/100|[from] Sandstorm
|upkeep
|turn|26
|
|switch|p1a: Puxão|Keldeo|100/100
|-damage|p1a: Puxão|94/100|[from] Stealth Rock
|switch|p2a: Starmie|Starmie|100/100
|-damage|p2a: Starmie|88/100|[from] Stealth Rock
|
|-weather|Sandstorm|[upkeep]
|-damage|p1a: Puxão|88/100|[from] Sandstorm
|-damage|p2a: Starmie|82/100|[from] Sandstorm
|-heal|p2a: Starmie|88/100|[from] item: Leftovers
|upkeep
|turn|27
|
|switch|p1a: Tyranitar|Tyranitar, F|76/100
|-damage|p1a: Tyranitar|63/100|[from] Stealth Rock
|move|p2a: Starmie|Rapid Spin|p1a: Tyranitar
|-resisted|p1a: Tyranitar
|-damage|p1a: Tyranitar|62/100
|-sideend|p2: porrompompom|Stealth Rock|[from] move: Rapid Spin|[of] p2a: Starmie
|
|-weather|Sandstorm|[upkeep]
|-damage|p2a: Starmie|82/100|[from] Sandstorm
|-heal|p2a: Starmie|88/100|[from] item: Leftovers
|upkeep
|turn|28
|
|switch|p2a: Gliscor|Gliscor, M|100/100 tox
|move|p1a: Tyranitar|Crunch|p2a: Gliscor
|-damage|p2a: Gliscor|71/100 tox
|
|-weather|Sandstorm|[upkeep]
|-heal|p2a: Gliscor|84/100 tox|[from] ability: Poison Heal
|upkeep
|turn|29
|
|move|p2a: Gliscor|Earthquake|p1a: Tyranitar
|-supereffective|p1a: Tyranitar
|-damage|p1a: Tyranitar|7/100
|move|p1a: Tyranitar|Stealth Rock|p2a: Gliscor
|-sidestart|p2: porrompompom|move: Stealth Rock
|
|-weather|Sandstorm|[upkeep]
|-heal|p2a: Gliscor|96/100 tox|[from] ability: Poison Heal
|upkeep
|turn|30
|
|move|p2a: Gliscor|Ice Fang|p1a: Tyranitar
|-damage|p1a: Tyranitar|0 fnt
|faint|p1a: Tyranitar
|
|-weather|Sandstorm|[upkeep]
|-heal|p2a: Gliscor|100/100 tox|[from] ability: Poison Heal
|upkeep
|
|switch|p1a: Latios|Latios, M|82/100
|-damage|p1a: Latios|70/100|[from] Stealth Rock
|turn|31
|
|switch|p2a: Starmie|Starmie|88/100
|-damage|p2a: Starmie|76/100|[from] Stealth Rock
|move|p1a: Latios|Draco Meteor|p2a: Starmie
|-damage|p2a: Starmie|0 fnt
|-unboost|p1a: Latios|spa|2
|faint|p2a: Starmie
|
|-weather|Sandstorm|[upkeep]
|-damage|p1a: Latios|64/100|[from] Sandstorm
|upkeep
|
|switch|p2a: Tyranitar|Tyranitar, M|100/100
|-damage|p2a: Tyranitar|88/100|[from] Stealth Rock
|turn|32
|
|move|p2a: Tyranitar|Pursuit|p1a: Latios
|-supereffective|p1a: Latios
|-damage|p1a: Latios|4/100
|move|p1a: Latios|Draco Meteor|p2a: Tyranitar
|-damage|p2a: Tyranitar|52/100
|-unboost|p1a: Latios|spa|2
|
|-weather|Sandstorm|[upkeep]
|-damage|p1a: Latios|0 fnt|[from] Sandstorm
|upkeep
|faint|p1a: Latios
|
|switch|p1a: Scizor|Scizor, F|76/100
|-damage|p1a: Scizor|64/100|[from] Stealth Rock
|turn|33
|
|switch|p2a: Heatran|Heatran, F|36/100
|-damage|p2a: Heatran|24/100|[from] Stealth Rock
|move|p1a: Scizor|Roost|p1a: Scizor
|-heal|p1a: Scizor|100/100
|
|-weather|Sandstorm|[upkeep]
|-heal|p2a: Heatran|30/100|[from] item: Leftovers
|upkeep
|turn|34
|
|switch|p1a: Puxão|Keldeo|88/100
|-damage|p1a: Puxão|82/100|[from] Stealth Rock
|move|p2a: Heatran|Lava Plume|p1a: Puxão
|-resisted|p1a: Puxão
|-damage|p1a: Puxão|64/100
|
|-weather|Sandstorm|[upkeep]
|-damage|p1a: Puxão|57/100|[from] Sandstorm
|-heal|p2a: Heatran|36/100|[from] item: Leftovers
|upkeep
|turn|35
|
|move|p2a: Heatran|Protect|p2a: Heatran
|-singleturn|p2a: Heatran|Protect
|move|p1a: Puxão|Surf|p2a: Heatran
|-activate|p2a: Heatran|move: Protect
|
|-weather|Sandstorm|[upkeep]
|-damage|p1a: Puxão|51/100|[from] Sandstorm
|-heal|p2a: Heatran|43/100|[from] item: Leftovers
|upkeep
|turn|36
|
|switch|p2a: Amoonguss|Amoonguss, M|84/100
|-damage|p2a: Amoonguss|71/100|[from] Stealth Rock
|move|p1a: Puxão|Surf|p2a: Amoonguss
|-resisted|p2a: Amoonguss
|-damage|p2a: Amoonguss|55/100
|
|-weather|Sandstorm|[upkeep]
|-damage|p1a: Puxão|45/100|[from] Sandstorm
|-damage|p2a: Amoonguss|49/100|[from] Sandstorm
|-heal|p2a: Amoonguss|55/100|[from] item: Black Sludge
|upkeep
|turn|37
|
|move|p1a: Puxão|Surf|p2a: Amoonguss
|-resisted|p2a: Amoonguss
|-damage|p2a: Amoonguss|39/100
|move|p2a: Amoonguss|Giga Drain|p1a: Puxão
|-supereffective|p1a: Puxão
|-damage|p1a: Puxão|0 fnt
|-heal|p2a: Amoonguss|56/100|[from] drain|[of] p1a: Puxão
|faint|p1a: Puxão
|
|-weather|Sandstorm|[upkeep]
|-damage|p2a: Amoonguss|50/100|[from] Sandstorm
|-heal|p2a: Amoonguss|56/100|[from] item: Black Sludge
|upkeep
|-message|Meloriver ヽ forfeited.
|
|win|porrompompom
|l|☆Meloriver ヽ
|raw|Meloriver ヽ's rating: 1481 &rarr; <strong>1459</strong><br />(-22 for losing)
|raw|porrompompom's rating: 1448 &rarr; <strong>1470</strong><br />(+22 for winning)
