|j|☆macthemachine
|j|☆ArgenPolmerica
|t:|1743285578
|gametype|singles
|player|p1|macthemachine|169|1363
|player|p2|ArgenPolmerica|lucas|1368
|teamsize|p1|6
|teamsize|p2|6
|gen|5
|tier|[Gen 5] OU
|rated|
|rule|Species Clause: Limit one of each Pokémon
|rule|OHKO Clause: OHKO moves are banned
|rule|Moody Clause: Moody is banned
|rule|Evasion Items Clause: Evasion items are banned
|rule|Evasion Moves Clause: Evasion moves are banned
|rule|Endless Battle Clause: Forcing endless battles is banned
|rule|HP Percentage Mod: HP is shown in percentages
|rule|Evasion Abilities Clause: Evasion abilities are banned
|rule|Sleep Moves Clause: Sleep-inducing moves are banned
|rule|Swagger Clause: Swagger is banned
|rule|Baton Pass Stat Clause: No Baton Passer may have a way to boost its stats
|clearpoke
|poke|p1|Ninetales, M|item
|poke|p1|Darmanitan, F|item
|poke|p1|Victini|item
|poke|p1|Salamence, F|item
|poke|p1|Chansey, F|item
|poke|p1|Cobalion|item
|poke|p2|Dragonite, F|item
|poke|p2|Garchomp, M|item
|poke|p2|Heatran, M|item
|poke|p2|Latios, M|item
|poke|p2|Keldeo|item
|poke|p2|Excadrill, F|item
|teampreview
|inactive|Battle timer is ON: inactive players will automatically lose when time's up. (requested by macthemachine)
|
|t:|1743285589
|start
|switch|p1a: Ninetales|Ninetales, M|100/100
|switch|p2a: Heatran|Heatran, M|100/100
|-weather|SunnyDay|[from] ability: Drought|[of] p1a: Ninetales
|turn|1
|
|t:|1743285597
|switch|p1a: Chansey|Chansey, F|100/100
|move|p2a: Heatran|Stealth Rock|p1a: Chansey
|-sidestart|p1: macthemachine|move: Stealth Rock
|
|-weather|SunnyDay|[upkeep]
|upkeep
|turn|2
|
|t:|1743285605
|switch|p1a: Salamence|Salamence, F|100/100
|-damage|p1a: Salamence|76/100|[from] Stealth Rock
|-ability|p1a: Salamence|Intimidate|boost
|-unboost|p2a: Heatran|atk|1
|move|p2a: Heatran|Roar|p1a: Salamence
|drag|p1a: Chansey|Chansey, F|100/100
|-damage|p1a: Chansey|88/100|[from] Stealth Rock
|
|-weather|SunnyDay|[upkeep]
|upkeep
|turn|3
|
|t:|1743285614
|move|p1a: Chansey|Thunder Wave|p2a: Heatran
|-status|p2a: Heatran|par
|move|p2a: Heatran|Roar|p1a: Chansey
|drag|p1a: Darmanitan|Darmanitan, F|100/100
|-damage|p1a: Darmanitan|76/100|[from] Stealth Rock
|
|-weather|SunnyDay|[upkeep]
|upkeep
|turn|4
|
|t:|1743285621
|move|p1a: Darmanitan|Superpower|p2a: Heatran
|-supereffective|p2a: Heatran
|-damage|p2a: Heatran|20/100 par
|-unboost|p1a: Darmanitan|atk|1
|-unboost|p1a: Darmanitan|def|1
|move|p2a: Heatran|Roar|p1a: Darmanitan
|drag|p1a: Chansey|Chansey, F|88/100
|-damage|p1a: Chansey|76/100|[from] Stealth Rock
|
|-weather|SunnyDay|[upkeep]
|-heal|p2a: Heatran|26/100 par|[from] item: Leftovers
|upkeep
|turn|5
|
|t:|1743285633
|move|p1a: Chansey|Seismic Toss|p2a: Heatran
|-damage|p2a: Heatran|0 fnt
|faint|p2a: Heatran
|
|-weather|SunnyDay|[upkeep]
|upkeep
|
|t:|1743285640
|switch|p2a: Keldeo|Keldeo|100/100
|turn|6
|
|t:|1743285645
|switch|p1a: Salamence|Salamence, F|76/100
|-damage|p1a: Salamence|51/100|[from] Stealth Rock
|-ability|p1a: Salamence|Intimidate|boost
|-unboost|p2a: Keldeo|atk|1
|move|p2a: Keldeo|Secret Sword|p1a: Salamence
|-resisted|p1a: Salamence
|-damage|p1a: Salamence|28/100
|
|-weather|SunnyDay|[upkeep]
|-heal|p1a: Salamence|34/100|[from] item: Leftovers
|upkeep
|turn|7
|
|t:|1743285649
|move|p1a: Salamence|Protect|p1a: Salamence
|-singleturn|p1a: Salamence|Protect
|move|p2a: Keldeo|Hidden Power|p1a: Salamence
|-activate|p1a: Salamence|move: Protect
|
|-weather|SunnyDay|[upkeep]
|-heal|p1a: Salamence|40/100|[from] item: Leftovers
|upkeep
|turn|8
|
|t:|1743285658
|switch|p1a: Ninetales|Ninetales, M|100/100
|-damage|p1a: Ninetales|76/100|[from] Stealth Rock
|move|p2a: Keldeo|Hidden Power|p1a: Ninetales
|-resisted|p1a: Ninetales
|-damage|p1a: Ninetales|61/100
|
|-weather|SunnyDay|[upkeep]
|upkeep
|turn|9
|
|t:|1743285670
|move|p2a: Keldeo|Protect|p2a: Keldeo
|-singleturn|p2a: Keldeo|Protect
|move|p1a: Ninetales|Energy Ball|p2a: Keldeo
|-activate|p2a: Keldeo|move: Protect
|
|-weather|SunnyDay|[upkeep]
|upkeep
|turn|10
|
|t:|1743285682
|move|p1a: Ninetales|Energy Ball|p2a: Keldeo
|-supereffective|p2a: Keldeo
|-damage|p2a: Keldeo|51/100
|move|p2a: Keldeo|Secret Sword|p1a: Ninetales
|-damage|p1a: Ninetales|0 fnt
|faint|p1a: Ninetales
|
|-weather|SunnyDay|[upkeep]
|-heal|p2a: Keldeo|57/100|[from] item: Leftovers
|upkeep
|
|t:|1743285687
|switch|p1a: Darmanitan|Darmanitan, F|76/100
|-damage|p1a: Darmanitan|51/100|[from] Stealth Rock
|turn|11
|
|t:|1743285694
|move|p2a: Keldeo|Protect|p2a: Keldeo
|-singleturn|p2a: Keldeo|Protect
|move|p1a: Darmanitan|Flare Blitz|p2a: Keldeo
|-activate|p2a: Keldeo|move: Protect
|
|-weather|SunnyDay|[upkeep]
|-heal|p2a: Keldeo|63/100|[from] item: Leftovers
|upkeep
|turn|12
|
|t:|1743285717
|switch|p2a: Latios|Latios, M|100/100
|move|p1a: Darmanitan|Flare Blitz|p2a: Latios
|-resisted|p2a: Latios
|-damage|p2a: Latios|7/100
|-damage|p1a: Darmanitan|25/100|[from] Recoil
|
|-weather|SunnyDay|[upkeep]
|upkeep
|turn|13
|
|t:|1743285725
|move|p1a: Darmanitan|Flare Blitz|p2a: Latios
|-resisted|p2a: Latios
|-damage|p2a: Latios|0 fnt
|faint|p2a: Latios
|-damage|p1a: Darmanitan|23/100|[from] Recoil
|
|-weather|SunnyDay|[upkeep]
|upkeep
|inactive|ArgenPolmerica has 120 seconds left.
|
|t:|1743285754
|switch|p2a: Garchomp|Garchomp, M|100/100
|turn|14
|
|t:|1743285756
|move|p2a: Garchomp|Rock Slide|p1a: Darmanitan
|-supereffective|p1a: Darmanitan
|-damage|p1a: Darmanitan|0 fnt
|faint|p1a: Darmanitan
|
|-weather|SunnyDay|[upkeep]
|upkeep
|
|t:|1743285762
|switch|p1a: Cobalion|Cobalion|100/100
|-damage|p1a: Cobalion|97/100|[from] Stealth Rock
|turn|15
|inactive|ArgenPolmerica has 120 seconds left.
|
|t:|1743285788
|switch|p2a: Dragonite|Dragonite, F|100/100
|move|p1a: Cobalion|Close Combat|p2a: Dragonite
|-resisted|p2a: Dragonite
|-damage|p2a: Dragonite|70/100
|-unboost|p1a: Cobalion|def|1
|-unboost|p1a: Cobalion|spd|1
|-damage|p1a: Cobalion|87/100|[from] item: Life Orb
|
|-weather|SunnyDay|[upkeep]
|-heal|p2a: Dragonite|77/100|[from] item: Leftovers
|upkeep
|turn|16
|
|t:|1743285793
|move|p1a: Cobalion|Hidden Power|p2a: Dragonite
|-supereffective|p2a: Dragonite
|-damage|p2a: Dragonite|0 fnt
|faint|p2a: Dragonite
|-damage|p1a: Cobalion|78/100|[from] item: Life Orb
|
|-weather|SunnyDay|[upkeep]
|upkeep
|
|t:|1743285801
|switch|p2a: Keldeo|Keldeo|63/100
|turn|17
|
|t:|1743285806
|switch|p1a: Victini|Victini|100/100
|-damage|p1a: Victini|76/100|[from] Stealth Rock
|move|p2a: Keldeo|Secret Sword|p1a: Victini
|-resisted|p1a: Victini
|-damage|p1a: Victini|53/100
|
|-weather|SunnyDay|[upkeep]
|-heal|p2a: Keldeo|70/100|[from] item: Leftovers
|upkeep
|turn|18
|
|t:|1743285817
|switch|p1a: Chansey|Chansey, F|76/100
|-damage|p1a: Chansey|63/100|[from] Stealth Rock
|move|p2a: Keldeo|Protect||[still]
|-fail|p2a: Keldeo
|
|-weather|SunnyDay|[upkeep]
|-heal|p2a: Keldeo|76/100|[from] item: Leftovers
|upkeep
|turn|19
|
|t:|1743285824
|switch|p1a: Salamence|Salamence, F|40/100
|-damage|p1a: Salamence|15/100|[from] Stealth Rock
|-ability|p1a: Salamence|Intimidate|boost
|-unboost|p2a: Keldeo|atk|1
|move|p2a: Keldeo|Secret Sword|p1a: Salamence
|-resisted|p1a: Salamence
|-damage|p1a: Salamence|0 fnt
|faint|p1a: Salamence
|
|-weather|SunnyDay|[upkeep]
|-heal|p2a: Keldeo|82/100|[from] item: Leftovers
|upkeep
|
|t:|1743285827
|switch|p1a: Cobalion|Cobalion|78/100
|-damage|p1a: Cobalion|74/100|[from] Stealth Rock
|turn|20
|
|t:|1743285834
|move|p1a: Cobalion|Volt Switch|p2a: Keldeo
|-supereffective|p2a: Keldeo
|-damage|p2a: Keldeo|23/100
|-damage|p1a: Cobalion|65/100|[from] item: Life Orb
|
|t:|1743285838
|switch|p1a: Chansey|Chansey, F|63/100|[from] Volt Switch
|-damage|p1a: Chansey|51/100|[from] Stealth Rock
|move|p2a: Keldeo|Secret Sword|p1a: Chansey
|-supereffective|p1a: Chansey
|-damage|p1a: Chansey|0 fnt
|faint|p1a: Chansey
|
|-weather|SunnyDay|[upkeep]
|-heal|p2a: Keldeo|29/100|[from] item: Leftovers
|upkeep
|
|t:|1743285840
|switch|p1a: Cobalion|Cobalion|65/100
|-damage|p1a: Cobalion|61/100|[from] Stealth Rock
|turn|21
|
|t:|1743285847
|move|p1a: Cobalion|Close Combat|p2a: Keldeo
|-damage|p2a: Keldeo|0 fnt
|-unboost|p1a: Cobalion|def|1
|-unboost|p1a: Cobalion|spd|1
|faint|p2a: Keldeo
|-damage|p1a: Cobalion|52/100|[from] item: Life Orb
|
|-weather|SunnyDay|[upkeep]
|upkeep
|
|t:|1743285849
|switch|p2a: Garchomp|Garchomp, M|100/100
|turn|22
|
|t:|1743285850
|move|p2a: Garchomp|Earthquake|p1a: Cobalion
|-supereffective|p1a: Cobalion
|-damage|p1a: Cobalion|0 fnt
|faint|p1a: Cobalion
|
|-weather|SunnyDay|[upkeep]
|upkeep
|
|t:|1743285852
|switch|p1a: Victini|Victini|53/100
|-damage|p1a: Victini|28/100|[from] Stealth Rock
|turn|23
|-message|macthemachine forfeited.
|
|win|ArgenPolmerica
|raw|macthemachine's rating: 1363 &rarr; <strong>1343</strong><br />(-20 for losing)
|raw|ArgenPolmerica's rating: 1368 &rarr; <strong>1388</strong><br />(+20 for winning)
|l|☆macthemachine
|player|p1|
