|j|☆phosphor
|j|☆EndlessDark9
|t:|1720691374
|gametype|singles
|player|p1|phosphor|#phosphor|1353
|player|p2|EndlessDark9|101|1356
|teamsize|p1|6
|teamsize|p2|6
|gen|5
|tier|[Gen 5] OU
|rated|
|rule|Species Clause: Limit one of each Pokémon
|rule|OHKO Clause: OHKO moves are banned
|rule|Moody Clause: Moody is banned
|rule|Evasion Items Clause: Evasion items are banned
|rule|Evasion Moves Clause: Evasion moves are banned
|rule|Endless Battle Clause: Forcing endless battles is banned
|rule|HP Percentage Mod: HP is shown in percentages
|rule|Evasion Abilities Clause: Evasion abilities are banned
|rule|Sleep Moves Clause: Sleep-inducing moves are banned
|rule|Swagger Clause: Swagger is banned
|rule|Baton Pass Stat Clause: No Baton Passer may have a way to boost its stats
|clearpoke
|poke|p1|Tyranitar, M|item
|poke|p1|Excadrill, F|item
|poke|p1|Jellicent, M|item
|poke|p1|Bronzong|item
|poke|p1|Gliscor, M|item
|poke|p1|Roserade, F|item
|poke|p2|Keldeo-Resolute|item
|poke|p2|Ferrothorn, F|item
|poke|p2|Latios, M|item
|poke|p2|Tentacruel, M|item
|poke|p2|Politoed, M|item
|poke|p2|Garchomp, M|item
|teampreview
|inactive|Battle timer is ON: inactive players will automatically lose when time's up. (requested by EndlessDark9)
|j| 574RM4N
|c|☆phosphor|Gl hf
|inactive|EndlessDark9 has 120 seconds left.
|
|t:|1720691419
|start
|switch|p1a: Gliscor|Gliscor, M|100/100
|switch|p2a: Keldeo|Keldeo-Resolute|100/100
|turn|1
|
|t:|1720691438
|switch|p2a: Politoed|Politoed, M|100/100
|-weather|RainDance|[from] ability: Drizzle|[of] p2a: Politoed
|move|p1a: Gliscor|Protect||[still]
|-fail|p1a: Gliscor
|
|-weather|RainDance|[upkeep]
|-status|p1a: Gliscor|tox|[from] item: Toxic Orb
|upkeep
|turn|2
|
|t:|1720691448
|switch|p1a: Roserade|Roserade, F|100/100
|switch|p2a: Tentacruel|Tentacruel, M|100/100
|
|-weather|RainDance|[upkeep]
|upkeep
|turn|3
|
|t:|1720691457
|move|p2a: Tentacruel|Toxic Spikes|p1a: Roserade
|-sidestart|p1: phosphor|move: Toxic Spikes
|move|p1a: Roserade|Spikes|p2a: Tentacruel
|-sidestart|p2: EndlessDark9|Spikes
|
|-weather|RainDance|[upkeep]
|upkeep
|turn|4
|
|t:|1720691463
|move|p2a: Tentacruel|Scald|p1a: Roserade
|-resisted|p1a: Roserade
|-damage|p1a: Roserade|88/100
|move|p1a: Roserade|Giga Drain|p2a: Tentacruel
|-crit|p2a: Tentacruel
|-damage|p2a: Tentacruel|51/100
|-heal|p1a: Roserade|100/100|[from] drain|[of] p2a: Tentacruel
|
|-weather|RainDance|[upkeep]
|-heal|p2a: Tentacruel|58/100|[from] ability: Rain Dish
|-heal|p2a: Tentacruel|64/100|[from] item: Black Sludge
|upkeep
|turn|5
|
|t:|1720691474
|move|p2a: Tentacruel|Protect|p2a: Tentacruel
|-singleturn|p2a: Tentacruel|Protect
|move|p1a: Roserade|Giga Drain|p2a: Tentacruel
|-activate|p2a: Tentacruel|move: Protect
|
|-weather|RainDance|[upkeep]
|-heal|p2a: Tentacruel|70/100|[from] ability: Rain Dish
|-heal|p2a: Tentacruel|76/100|[from] item: Black Sludge
|upkeep
|turn|6
|
|t:|1720691488
|move|p2a: Tentacruel|Rapid Spin|p1a: Roserade
|-damage|p1a: Roserade|96/100
|-sideend|p2: EndlessDark9|Spikes|[from] move: Rapid Spin|[of] p2a: Tentacruel
|move|p1a: Roserade|Giga Drain|p2a: Tentacruel
|-damage|p2a: Tentacruel|49/100
|-heal|p1a: Roserade|100/100|[from] drain|[of] p2a: Tentacruel
|
|-weather|RainDance|[upkeep]
|-heal|p2a: Tentacruel|55/100|[from] ability: Rain Dish
|-heal|p2a: Tentacruel|61/100|[from] item: Black Sludge
|upkeep
|turn|7
|
|t:|1720691513
|switch|p2a: Ferrothorn|Ferrothorn, F|100/100
|move|p1a: Roserade|Spikes|p2a: Ferrothorn
|-sidestart|p2: EndlessDark9|Spikes
|
|-weather|RainDance|[upkeep]
|upkeep
|turn|8
|
|t:|1720691526
|move|p1a: Roserade|Spikes|p2a: Ferrothorn
|-sidestart|p2: EndlessDark9|Spikes
|move|p2a: Ferrothorn|Spikes|p1a: Roserade
|-sidestart|p1: phosphor|Spikes
|
|-weather|RainDance|[upkeep]
|upkeep
|turn|9
|
|t:|1720691535
|switch|p1a: Excadrill|Excadrill, F|100/100
|-damage|p1a: Excadrill|88/100|[from] Spikes
|switch|p2a: Tentacruel|Tentacruel, M|61/100
|-damage|p2a: Tentacruel|45/100|[from] Spikes
|
|-weather|RainDance|[upkeep]
|-heal|p2a: Tentacruel|51/100|[from] ability: Rain Dish
|-heal|p1a: Excadrill|94/100|[from] item: Leftovers
|-heal|p2a: Tentacruel|57/100|[from] item: Black Sludge
|upkeep
|turn|10
|
|t:|1720691546
|switch|p1a: Roserade|Roserade, F|100/100
|-sideend|p1: phosphor|move: Toxic Spikes|[of] p1a: Roserade
|-damage|p1a: Roserade|88/100|[from] Spikes
|move|p2a: Tentacruel|Protect||[still]
|-fail|p2a: Tentacruel
|
|-weather|RainDance|[upkeep]
|-heal|p2a: Tentacruel|63/100|[from] ability: Rain Dish
|-heal|p2a: Tentacruel|69/100|[from] item: Black Sludge
|-heal|p1a: Roserade|94/100|[from] item: Black Sludge
|upkeep
|turn|11
|
|t:|1720691556
|move|p2a: Tentacruel|Protect|p2a: Tentacruel
|-singleturn|p2a: Tentacruel|Protect
|move|p1a: Roserade|Giga Drain|p2a: Tentacruel
|-activate|p2a: Tentacruel|move: Protect
|
|-weather|RainDance|[upkeep]
|-heal|p2a: Tentacruel|75/100|[from] ability: Rain Dish
|-heal|p2a: Tentacruel|81/100|[from] item: Black Sludge
|-heal|p1a: Roserade|100/100|[from] item: Black Sludge
|upkeep
|turn|12
|
|t:|1720691565
|move|p2a: Tentacruel|Scald|p1a: Roserade
|-resisted|p1a: Roserade
|-crit|p1a: Roserade
|-damage|p1a: Roserade|77/100
|-status|p1a: Roserade|brn
|move|p1a: Roserade|Giga Drain|p2a: Tentacruel
|-damage|p2a: Tentacruel|56/100
|-heal|p1a: Roserade|91/100 brn|[from] drain|[of] p2a: Tentacruel
|
|-weather|RainDance|[upkeep]
|-heal|p2a: Tentacruel|62/100|[from] ability: Rain Dish
|-heal|p2a: Tentacruel|68/100|[from] item: Black Sludge
|-heal|p1a: Roserade|97/100 brn|[from] item: Black Sludge
|-damage|p1a: Roserade|85/100 brn|[from] brn
|upkeep
|turn|13
|
|t:|1720691579
|-curestatus|p1a: Roserade|brn|[from] ability: Natural Cure
|switch|p1a: Tyranitar|Tyranitar, M|100/100
|-damage|p1a: Tyranitar|88/100|[from] Spikes
|-weather|Sandstorm|[from] ability: Sand Stream|[of] p1a: Tyranitar
|move|p2a: Tentacruel|Protect||[still]
|-fail|p2a: Tentacruel
|
|-weather|Sandstorm|[upkeep]
|-damage|p2a: Tentacruel|62/100|[from] Sandstorm
|-heal|p2a: Tentacruel|68/100|[from] item: Black Sludge
|upkeep
|turn|14
|
|t:|1720691594
|switch|p1a: Roserade|Roserade, F|85/100
|-damage|p1a: Roserade|73/100|[from] Spikes
|move|p2a: Tentacruel|Protect||[still]
|-fail|p2a: Tentacruel
|
|-weather|Sandstorm|[upkeep]
|-damage|p2a: Tentacruel|62/100|[from] Sandstorm
|-damage|p1a: Roserade|67/100|[from] Sandstorm
|-heal|p2a: Tentacruel|68/100|[from] item: Black Sludge
|-heal|p1a: Roserade|73/100|[from] item: Black Sludge
|upkeep
|turn|15
|
|t:|1720691614
|move|p2a: Tentacruel|Rapid Spin|p1a: Roserade
|-damage|p1a: Roserade|68/100
|-sideend|p2: EndlessDark9|Spikes|[from] move: Rapid Spin|[of] p2a: Tentacruel
|move|p1a: Roserade|Giga Drain|p2a: Tentacruel
|-damage|p2a: Tentacruel|42/100
|-heal|p1a: Roserade|83/100|[from] drain|[of] p2a: Tentacruel
|
|-weather|Sandstorm|[upkeep]
|-damage|p2a: Tentacruel|36/100|[from] Sandstorm
|-damage|p1a: Roserade|76/100|[from] Sandstorm
|-heal|p2a: Tentacruel|42/100|[from] item: Black Sludge
|-heal|p1a: Roserade|83/100|[from] item: Black Sludge
|upkeep
|turn|16
|
|t:|1720691632
|switch|p2a: Garchomp|Garchomp, M|100/100
|move|p1a: Roserade|Spikes|p2a: Garchomp
|-sidestart|p2: EndlessDark9|Spikes
|
|-weather|Sandstorm|[upkeep]
|-damage|p1a: Roserade|76/100|[from] Sandstorm
|-heal|p1a: Roserade|83/100|[from] item: Black Sludge
|upkeep
|turn|17
|
|t:|1720691642
|switch|p1a: Bronzong|Bronzong|100/100
|move|p2a: Garchomp|Earthquake|p1a: Bronzong
|-immune|p1a: Bronzong|[from] ability: Levitate
|
|-weather|Sandstorm|[upkeep]
|upkeep
|turn|18
|
|t:|1720691657
|switch|p2a: Politoed|Politoed, M|100/100
|-damage|p2a: Politoed|88/100|[from] Spikes
|-weather|RainDance|[from] ability: Drizzle|[of] p2a: Politoed
|move|p1a: Bronzong|Stealth Rock|p2a: Politoed
|-sidestart|p2: EndlessDark9|move: Stealth Rock
|
|-weather|RainDance|[upkeep]
|-heal|p2a: Politoed|94/100|[from] item: Leftovers
|upkeep
|turn|19
|
|t:|1720691676
|switch|p2a: Tentacruel|Tentacruel, M|42/100
|-damage|p2a: Tentacruel|30/100|[from] Spikes
|-damage|p2a: Tentacruel|17/100|[from] Stealth Rock
|switch|p1a: Roserade|Roserade, F|83/100
|-damage|p1a: Roserade|70/100|[from] Spikes
|
|-weather|RainDance|[upkeep]
|-heal|p2a: Tentacruel|23/100|[from] ability: Rain Dish
|-heal|p2a: Tentacruel|29/100|[from] item: Black Sludge
|-heal|p1a: Roserade|76/100|[from] item: Black Sludge
|upkeep
|turn|20
|
|t:|1720691697
|switch|p1a: Jellicent|Jellicent, M|100/100
|-damage|p1a: Jellicent|88/100|[from] Spikes
|move|p2a: Tentacruel|Protect||[still]
|-fail|p2a: Tentacruel
|
|-weather|RainDance|[upkeep]
|-heal|p2a: Tentacruel|35/100|[from] ability: Rain Dish
|-heal|p2a: Tentacruel|42/100|[from] item: Black Sludge
|-heal|p1a: Jellicent|94/100|[from] item: Leftovers
|upkeep
|turn|21
|
|t:|1720691715
|move|p2a: Tentacruel|Toxic Spikes|p1a: Jellicent
|-sidestart|p1: phosphor|move: Toxic Spikes
|move|p1a: Jellicent|Will-O-Wisp|p2a: Tentacruel|[miss]
|-miss|p1a: Jellicent|p2a: Tentacruel
|
|-weather|RainDance|[upkeep]
|-heal|p2a: Tentacruel|48/100|[from] ability: Rain Dish
|-heal|p2a: Tentacruel|54/100|[from] item: Black Sludge
|-heal|p1a: Jellicent|100/100|[from] item: Leftovers
|upkeep
|turn|22
|
|t:|1720691729
|move|p2a: Tentacruel|Protect|p2a: Tentacruel
|-singleturn|p2a: Tentacruel|Protect
|move|p1a: Jellicent|Will-O-Wisp|p2a: Tentacruel
|-activate|p2a: Tentacruel|move: Protect
|
|-weather|RainDance|[upkeep]
|-heal|p2a: Tentacruel|60/100|[from] ability: Rain Dish
|-heal|p2a: Tentacruel|66/100|[from] item: Black Sludge
|upkeep
|turn|23
|inactive|EndlessDark9 has 120 seconds left.
|
|t:|1720691752
|switch|p2a: Ferrothorn|Ferrothorn, F|100/100
|-damage|p2a: Ferrothorn|88/100|[from] Spikes
|-damage|p2a: Ferrothorn|82/100|[from] Stealth Rock
|move|p1a: Jellicent|Will-O-Wisp|p2a: Ferrothorn
|-status|p2a: Ferrothorn|brn
|
|-weather|RainDance|[upkeep]
|-heal|p2a: Ferrothorn|88/100 brn|[from] item: Leftovers
|-damage|p2a: Ferrothorn|75/100 brn|[from] brn
|upkeep
|turn|24
|inactive|EndlessDark9 has 120 seconds left.
|
|t:|1720691768
|move|p1a: Jellicent|Taunt|p2a: Ferrothorn
|-start|p2a: Ferrothorn|move: Taunt
|cant|p2a: Ferrothorn|move: Taunt|Stealth Rock
|
|-weather|RainDance|[upkeep]
|-heal|p2a: Ferrothorn|82/100 brn|[from] item: Leftovers
|-damage|p2a: Ferrothorn|69/100 brn|[from] brn
|upkeep
|turn|25
|
|t:|1720691781
|switch|p2a: Latios|Latios, M|100/100
|-damage|p2a: Latios|88/100|[from] Stealth Rock
|move|p1a: Jellicent|Will-O-Wisp|p2a: Latios
|-status|p2a: Latios|brn
|
|-weather|RainDance|[upkeep]
|-damage|p2a: Latios|76/100 brn|[from] brn
|upkeep
|turn|26
|
|t:|1720691792
|switch|p1a: Bronzong|Bronzong|100/100
|move|p2a: Latios|Trick|p1a: Bronzong
|-activate|p2a: Latios|move: Trick|[of] p1a: Bronzong
|-item|p1a: Bronzong|Choice Scarf|[from] move: Trick
|-item|p2a: Latios|Leftovers|[from] move: Trick
|
|-weather|RainDance|[upkeep]
|-heal|p2a: Latios|82/100 brn|[from] item: Leftovers
|-damage|p2a: Latios|70/100 brn|[from] brn
|upkeep
|turn|27
|inactive|EndlessDark9 has 120 seconds left.
|
|t:|1720691809
|move|p2a: Latios|Calm Mind|p2a: Latios
|-boost|p2a: Latios|spa|1
|-boost|p2a: Latios|spd|1
|move|p1a: Bronzong|Earthquake|p2a: Latios
|-immune|p2a: Latios|[from] ability: Levitate
|
|-weather|RainDance|[upkeep]
|-heal|p2a: Latios|76/100 brn|[from] item: Leftovers
|-damage|p2a: Latios|63/100 brn|[from] brn
|upkeep
|turn|28
|inactive|EndlessDark9 has 120 seconds left.
|
|t:|1720691818
|switch|p1a: Tyranitar|Tyranitar, M|88/100
|-damage|p1a: Tyranitar|76/100|[from] Spikes
|-status|p1a: Tyranitar|psn
|-weather|Sandstorm|[from] ability: Sand Stream|[of] p1a: Tyranitar
|move|p2a: Latios|Calm Mind|p2a: Latios
|-boost|p2a: Latios|spa|1
|-boost|p2a: Latios|spd|1
|
|-weather|Sandstorm|[upkeep]
|-damage|p2a: Latios|57/100 brn|[from] Sandstorm
|-heal|p2a: Latios|63/100 brn|[from] item: Leftovers
|-damage|p1a: Tyranitar|63/100 psn|[from] psn
|-damage|p2a: Latios|51/100 brn|[from] brn
|upkeep
|turn|29
|inactive|EndlessDark9 has 120 seconds left.
|
|t:|1720691835
|move|p2a: Latios|Surf|p1a: Tyranitar
|-supereffective|p1a: Tyranitar
|-damage|p1a: Tyranitar|3/100 psn
|move|p1a: Tyranitar|Crunch|p2a: Latios
|-supereffective|p2a: Latios
|-damage|p2a: Latios|0 fnt
|faint|p2a: Latios
|
|-weather|Sandstorm|[upkeep]
|-damage|p1a: Tyranitar|0 fnt|[from] psn
|faint|p1a: Tyranitar
|upkeep
|inactive|EndlessDark9 has 120 seconds left.
|
|t:|1720691859
|switch|p2a: Garchomp|Garchomp, M|100/100
|switch|p1a: Roserade|Roserade, F|76/100
|-damage|p2a: Garchomp|88/100|[from] Spikes
|-damage|p2a: Garchomp|82/100|[from] Stealth Rock
|-damage|p1a: Roserade|64/100|[from] Spikes
|-sideend|p1: phosphor|move: Toxic Spikes|[of] p1a: Roserade
|turn|30
|
|t:|1720691889
|switch|p1a: Bronzong|Bronzong|100/100
|move|p2a: Garchomp|Aqua Tail|p1a: Bronzong
|-damage|p1a: Bronzong|76/100
|
|-weather|Sandstorm|[upkeep]
|upkeep
|turn|31
|
|t:|1720691900
|switch|p2a: Politoed|Politoed, M|94/100
|-damage|p2a: Politoed|82/100|[from] Spikes
|-damage|p2a: Politoed|69/100|[from] Stealth Rock
|-weather|RainDance|[from] ability: Drizzle|[of] p2a: Politoed
|move|p1a: Bronzong|Toxic|p2a: Politoed
|-status|p2a: Politoed|tox
|
|-weather|RainDance|[upkeep]
|-heal|p2a: Politoed|75/100 tox|[from] item: Leftovers
|-damage|p2a: Politoed|69/100 tox|[from] psn
|upkeep
|turn|32
|inactive|EndlessDark9 has 90 seconds left.
|
|t:|1720691940
|switch|p2a: Tentacruel|Tentacruel, M|66/100
|-damage|p2a: Tentacruel|53/100|[from] Spikes
|-damage|p2a: Tentacruel|41/100|[from] Stealth Rock
|switch|p1a: Roserade|Roserade, F|64/100
|-damage|p1a: Roserade|52/100|[from] Spikes
|
|-weather|RainDance|[upkeep]
|-heal|p2a: Tentacruel|47/100|[from] ability: Rain Dish
|-heal|p2a: Tentacruel|53/100|[from] item: Black Sludge
|-heal|p1a: Roserade|58/100|[from] item: Black Sludge
|upkeep
|turn|33
|
|t:|1720691956
|switch|p2a: Garchomp|Garchomp, M|82/100
|-damage|p2a: Garchomp|70/100|[from] Spikes
|-damage|p2a: Garchomp|64/100|[from] Stealth Rock
|switch|p1a: Jellicent|Jellicent, M|100/100
|-damage|p1a: Jellicent|88/100|[from] Spikes
|
|-weather|RainDance|[upkeep]
|-heal|p1a: Jellicent|94/100|[from] item: Leftovers
|upkeep
|turn|34
|
|t:|1720691972
|switch|p1a: Bronzong|Bronzong|76/100
|move|p2a: Garchomp|Outrage|p1a: Bronzong
|-resisted|p1a: Bronzong
|-damage|p1a: Bronzong|51/100
|
|-weather|RainDance|[upkeep]
|upkeep
|turn|35
|
|t:|1720691979
|move|p2a: Garchomp|Outrage|p1a: Bronzong|[from]lockedmove
|-resisted|p1a: Bronzong
|-damage|p1a: Bronzong|26/100
|-start|p2a: Garchomp|confusion|[fatigue]
|move|p1a: Bronzong|Hidden Power|p2a: Garchomp
|-supereffective|p2a: Garchomp
|-damage|p2a: Garchomp|3/100
|
|-weather|RainDance|[upkeep]
|upkeep
|turn|36
|inactive|EndlessDark9 has 60 seconds left.
|
|t:|1720692001
|switch|p2a: Keldeo|Keldeo-Resolute|100/100
|-damage|p2a: Keldeo|88/100|[from] Spikes
|-damage|p2a: Keldeo|82/100|[from] Stealth Rock
|move|p1a: Bronzong|Hidden Power|p2a: Keldeo
|-resisted|p2a: Keldeo
|-damage|p2a: Keldeo|75/100
|
|-weather|RainDance|[upkeep]
|upkeep
|turn|37
|inactive|EndlessDark9 has 60 seconds left.
|
|t:|1720692014
|move|p2a: Keldeo|Hidden Power|p1a: Bronzong
|-resisted|p1a: Bronzong
|-damage|p1a: Bronzong|13/100
|move|p1a: Bronzong|Hidden Power|p2a: Keldeo
|-resisted|p2a: Keldeo
|-damage|p2a: Keldeo|68/100
|
|-weather|RainDance|[upkeep]
|upkeep
|turn|38
|
|t:|1720692025
|move|p2a: Keldeo|Hidden Power|p1a: Bronzong
|-resisted|p1a: Bronzong
|-damage|p1a: Bronzong|0 fnt
|faint|p1a: Bronzong
|
|-weather|RainDance|[upkeep]
|upkeep
|
|t:|1720692034
|switch|p1a: Roserade|Roserade, F|58/100
|-damage|p1a: Roserade|46/100|[from] Spikes
|turn|39
|inactive|EndlessDark9 has 60 seconds left.
|
|t:|1720692054
|switch|p2a: Ferrothorn|Ferrothorn, F|69/100 brn
|-damage|p2a: Ferrothorn|57/100 brn|[from] Spikes
|-damage|p2a: Ferrothorn|50/100 brn|[from] Stealth Rock
|move|p1a: Roserade|Rest|p1a: Roserade
|-status|p1a: Roserade|slp|[from] move: Rest
|-heal|p1a: Roserade|100/100 slp|[silent]
|
|-weather|RainDance|[upkeep]
|-heal|p2a: Ferrothorn|57/100 brn|[from] item: Leftovers
|-damage|p2a: Ferrothorn|44/100 brn|[from] brn
|upkeep
|turn|40
|inactive|EndlessDark9 has 60 seconds left.
|
|t:|1720692083
|-curestatus|p1a: Roserade|slp|[from] ability: Natural Cure
|switch|p1a: Excadrill|Excadrill, F|94/100
|-damage|p1a: Excadrill|82/100|[from] Spikes
|move|p2a: Ferrothorn|Stealth Rock|p1a: Excadrill
|-sidestart|p1: phosphor|move: Stealth Rock
|
|-weather|RainDance|[upkeep]
|-heal|p1a: Excadrill|88/100|[from] item: Leftovers
|-heal|p2a: Ferrothorn|50/100 brn|[from] item: Leftovers
|-damage|p2a: Ferrothorn|38/100 brn|[from] brn
|upkeep
|turn|41
|
|t:|1720692099
|move|p1a: Excadrill|Rapid Spin|p2a: Ferrothorn
|-resisted|p2a: Ferrothorn
|-damage|p2a: Ferrothorn|35/100 brn
|-damage|p1a: Excadrill|75/100|[from] ability: Iron Barbs|[of] p2a: Ferrothorn
|-sideend|p1: phosphor|Spikes|[from] move: Rapid Spin|[of] p1a: Excadrill
|-sideend|p1: phosphor|Stealth Rock|[from] move: Rapid Spin|[of] p1a: Excadrill
|move|p2a: Ferrothorn|Stealth Rock|p1a: Excadrill
|-sidestart|p1: phosphor|move: Stealth Rock
|
|-weather|RainDance|[upkeep]
|-heal|p1a: Excadrill|81/100|[from] item: Leftovers
|-heal|p2a: Ferrothorn|42/100 brn|[from] item: Leftovers
|-damage|p2a: Ferrothorn|29/100 brn|[from] brn
|upkeep
|turn|42
|j| sk8head
|inactive|phosphor has 120 seconds left.
|
|t:|1720692138
|switch|p2a: Keldeo|Keldeo-Resolute|68/100
|-damage|p2a: Keldeo|55/100|[from] Spikes
|-damage|p2a: Keldeo|49/100|[from] Stealth Rock
|move|p1a: Excadrill|Earthquake|p2a: Keldeo
|-damage|p2a: Keldeo|0 fnt
|faint|p2a: Keldeo
|
|-weather|RainDance|[upkeep]
|-heal|p1a: Excadrill|87/100|[from] item: Leftovers
|upkeep
|inactive|EndlessDark9 has 30 seconds left.
|
|t:|1720692160
|switch|p2a: Tentacruel|Tentacruel, M|53/100
|-damage|p2a: Tentacruel|41/100|[from] Spikes
|-damage|p2a: Tentacruel|28/100|[from] Stealth Rock
|turn|43
|inactive|EndlessDark9 has 30 seconds left.
|
|t:|1720692166
|switch|p1a: Jellicent|Jellicent, M|94/100
|-damage|p1a: Jellicent|82/100|[from] Stealth Rock
|move|p2a: Tentacruel|Protect||[still]
|-fail|p2a: Tentacruel
|
|-weather|RainDance|[upkeep]
|-heal|p2a: Tentacruel|34/100|[from] ability: Rain Dish
|-heal|p2a: Tentacruel|40/100|[from] item: Black Sludge
|-heal|p1a: Jellicent|88/100|[from] item: Leftovers
|upkeep
|turn|44
|inactive|EndlessDark9 has 30 seconds left.
|
|t:|1720692178
|move|p2a: Tentacruel|Scald|p1a: Jellicent
|-heal|p1a: Jellicent|100/100|[from] ability: Water Absorb|[of] p2a: Tentacruel
|move|p1a: Jellicent|Will-O-Wisp|p2a: Tentacruel
|-status|p2a: Tentacruel|brn
|
|-weather|RainDance|[upkeep]
|-heal|p2a: Tentacruel|47/100 brn|[from] ability: Rain Dish
|-heal|p2a: Tentacruel|53/100 brn|[from] item: Black Sludge
|-damage|p2a: Tentacruel|40/100 brn|[from] brn
|upkeep
|turn|45
|inactive|EndlessDark9 has 30 seconds left.
|
|t:|1720692190
|move|p2a: Tentacruel|Toxic Spikes|p1a: Jellicent
|-sidestart|p1: phosphor|move: Toxic Spikes
|move|p1a: Jellicent|Night Shade|p2a: Tentacruel
|-damage|p2a: Tentacruel|13/100 brn
|
|-weather|RainDance|[upkeep]
|-heal|p2a: Tentacruel|19/100 brn|[from] ability: Rain Dish
|-heal|p2a: Tentacruel|25/100 brn|[from] item: Black Sludge
|-damage|p2a: Tentacruel|12/100 brn|[from] brn
|upkeep
|turn|46
|inactive|EndlessDark9 has 30 seconds left.
|
|t:|1720692202
|move|p2a: Tentacruel|Rapid Spin|p1a: Jellicent
|-immune|p1a: Jellicent
|move|p1a: Jellicent|Night Shade|p2a: Tentacruel
|-damage|p2a: Tentacruel|0 fnt
|faint|p2a: Tentacruel
|
|-weather|RainDance|[upkeep]
|upkeep
|inactive|EndlessDark9 has 30 seconds left.
|-message|EndlessDark9 forfeited.
|
|win|phosphor
|raw|phosphor's rating: 1353 &rarr; <strong>1373</strong><br />(+20 for winning)
|raw|EndlessDark9's rating: 1356 &rarr; <strong>1336</strong><br />(-20 for losing)
|c|☆phosphor|Gg
