|join|princess ariel
|join|Red Skies
|player|p1|princess ariel|23
|player|p2|Red Skies|64
|gametype|singles
|gen|5
|tier|[Gen 5] OU
|rated
|rule|Evasion Abilities Clause: Evasion abilities are banned
|clearpoke
|poke|p1|Politoed, F
|poke|p1|Tentacruel, F
|poke|p1|Garchomp, M
|poke|p1|Latios, M
|poke|p1|Jirachi
|poke|p1|Ferrothorn, F
|poke|p2|Politoed, M
|poke|p2|Dragonite, M
|poke|p2|Forretress, M
|poke|p2|Tornadus, M
|poke|p2|Celebi
|poke|p2|Gliscor, M
|rule|Sleep Clause Mod: Limit one foe put to sleep
|rule|Species Clause: Limit one of each Pokémon
|rule|OHKO Clause: OHKO moves are banned
|rule|Moody Clause: Moody is banned
|rule|Evasion Moves Clause: Evasion moves are banned
|rule|Endless Battle Clause: Forcing endless battles is banned
|rule|HP Percentage Mod: HP is shown in percentages
|teampreview
|c|★princess ariel|gl
|c|★Red Skies|hf
|
|start
|switch|p1a: Ferrothorn|Ferrothorn, F|352/352
|switch|p2a: Celebi|Celebi|404/404
|turn|1
|
|move|p2a: Celebi|Trick|p1a: Ferrothorn
|-activate|p2a: Celebi|move: Trick|[of] p1a: Ferrothorn
|-item|p1a: Ferrothorn|Choice Specs|[from] move: Trick
|-item|p2a: Celebi|Rocky Helmet|[from] move: Trick
|move|p1a: Ferrothorn|Stealth Rock|p2a: Celebi
|-sidestart|p2: Red Skies|move: Stealth Rock
|
|turn|2
|
|switch|p1a: Jirachi|Jirachi|404/404
|move|p2a: Celebi|Stealth Rock|p1a: Jirachi
|-sidestart|p1: princess ariel|move: Stealth Rock
|
|turn|3
|
|switch|p1a: Ferrothorn|Ferrothorn, F|352/352
|-damage|p1a: Ferrothorn|330/352|[from] Stealth Rock
|switch|p2a: Gliscor|Gliscor, M|354/354
|-damage|p2a: Gliscor|310/354|[from] Stealth Rock
|
|-status|p2a: Gliscor|tox|[from] item: Toxic Orb
|turn|4
|
|move|p2a: Gliscor|Taunt|p1a: Ferrothorn
|-start|p1a: Ferrothorn|move: Taunt
|cant|p1a: Ferrothorn|move: Taunt|Spikes
|
|-heal|p2a: Gliscor|354/354 tox|[from] ability: Poison Heal
|turn|5
|
|switch|p1a: Politoed|Politoed, F|384/384
|-damage|p1a: Politoed|336/384|[from] Stealth Rock
|-weather|RainDance|[from] ability: Drizzle|[of] p1a: Politoed
|move|p2a: Gliscor|Toxic|p1a: Politoed|[miss]
|-miss|p2a: Gliscor|p1a: Politoed
|
|-weather|RainDance|[upkeep]
|turn|6
|
|move|p2a: Gliscor|Protect|p2a: Gliscor
|-singleturn|p2a: Gliscor|Protect
|move|p1a: Politoed|Surf|p2a: Gliscor
|-activate|p2a: Gliscor|Protect
|
|-weather|RainDance|[upkeep]
|turn|7
|
|switch|p2a: Forretress|Forretress, M|354/354
|-damage|p2a: Forretress|310/354|[from] Stealth Rock
|move|p1a: Politoed|Surf|p2a: Forretress
|-damage|p2a: Forretress|0 fnt
|faint|p2a: Forretress
|
|-weather|RainDance|[upkeep]
|
|switch|p2a: Dragonite|Dragonite, M|323/323
|-damage|p2a: Dragonite|243/323|[from] Stealth Rock
|turn|8
|
|switch|p1a: Ferrothorn|Ferrothorn, F|330/352
|-damage|p1a: Ferrothorn|308/352|[from] Stealth Rock
|move|p2a: Dragonite|Hurricane|p1a: Ferrothorn
|-damage|p1a: Ferrothorn|146/352
|
|-weather|RainDance|[upkeep]
|-heal|p2a: Dragonite|263/323|[from] item: Leftovers
|turn|9
|
|move|p2a: Dragonite|Hurricane|p1a: Ferrothorn
|-damage|p1a: Ferrothorn|0 fnt
|faint|p1a: Ferrothorn
|
|-weather|RainDance|[upkeep]
|-heal|p2a: Dragonite|283/323|[from] item: Leftovers
|
|switch|p1a: Latios|Latios, M|302/302
|-damage|p1a: Latios|265/302|[from] Stealth Rock
|turn|10
|
|switch|p2a: Celebi|Celebi|404/404
|-damage|p2a: Celebi|354/404|[from] Stealth Rock
|move|p1a: Latios|Draco Meteor|p2a: Celebi|[miss]
|-miss|p1a: Latios|p2a: Celebi
|
|-weather|RainDance|[upkeep]
|turn|11
|
|move|p1a: Latios|Draco Meteor|p2a: Celebi|[miss]
|-miss|p1a: Latios|p2a: Celebi
|move|p2a: Celebi|Recover|p2a: Celebi
|-heal|p2a: Celebi|404/404
|
|-weather|RainDance|[upkeep]
|turn|12
|
|move|p1a: Latios|Draco Meteor|p2a: Celebi
|-damage|p2a: Celebi|113/404
|-unboost|p1a: Latios|spa|2
|move|p2a: Celebi|Recover|p2a: Celebi
|-heal|p2a: Celebi|315/404
|
|-weather|RainDance|[upkeep]
|turn|13
|
|switch|p1a: Jirachi|Jirachi|404/404
|-damage|p1a: Jirachi|379/404|[from] Stealth Rock
|switch|p2a: Gliscor|Gliscor, M|354/354 tox
|-damage|p2a: Gliscor|310/354 tox|[from] Stealth Rock
|
|-weather|RainDance|[upkeep]
|-heal|p1a: Jirachi|404/404|[from] item: Leftovers
|-heal|p2a: Gliscor|354/354 tox|[from] ability: Poison Heal
|turn|14
|
|move|p1a: Jirachi|Substitute|p1a: Jirachi
|-start|p1a: Jirachi|Substitute
|-damage|p1a: Jirachi|303/404
|move|p2a: Gliscor|Toxic|p1a: Jirachi
|
|-weather|RainDance|[upkeep]
|-heal|p1a: Jirachi|328/404|[from] item: Leftovers
|turn|15
|
|move|p1a: Jirachi|Psyshock|p2a: Gliscor
|-crit|p2a: Gliscor
|-damage|p2a: Gliscor|180/354 tox
|move|p2a: Gliscor|Earthquake|p1a: Jirachi
|-supereffective|p1a: Jirachi
|-end|p1a: Jirachi|Substitute
|
|-weather|RainDance|[upkeep]
|-heal|p1a: Jirachi|353/404|[from] item: Leftovers
|-heal|p2a: Gliscor|224/354 tox|[from] ability: Poison Heal
|turn|16
|
|switch|p1a: Latios|Latios, M|265/302
|-damage|p1a: Latios|228/302|[from] Stealth Rock
|move|p2a: Gliscor|Earthquake|p1a: Latios
|-immune|p1a: Latios|[msg]
|
|-weather|RainDance|[upkeep]
|-heal|p2a: Gliscor|268/354 tox|[from] ability: Poison Heal
|turn|17
|
|move|p2a: Gliscor|Protect|p2a: Gliscor
|-singleturn|p2a: Gliscor|Protect
|move|p1a: Latios|Draco Meteor|p2a: Gliscor
|-activate|p2a: Gliscor|Protect
|
|-weather|RainDance|[upkeep]
|-heal|p2a: Gliscor|312/354 tox|[from] ability: Poison Heal
|turn|18
|
|switch|p2a: Celebi|Celebi|315/404
|-damage|p2a: Celebi|265/404|[from] Stealth Rock
|move|p1a: Latios|Draco Meteor|p2a: Celebi
|-crit|p2a: Celebi
|-damage|p2a: Celebi|0 fnt
|-unboost|p1a: Latios|spa|2
|faint|p2a: Celebi
|
|-weather|RainDance|[upkeep]
|
|switch|p2a: Tornadus|Tornadus, M|299/299
|-damage|p2a: Tornadus|225/299|[from] Stealth Rock
|turn|19
|
|switch|p1a: Jirachi|Jirachi|353/404
|-damage|p1a: Jirachi|328/404|[from] Stealth Rock
|move|p2a: Tornadus|Hurricane|p1a: Jirachi
|-resisted|p1a: Jirachi
|-damage|p1a: Jirachi|198/404
|-start|p1a: Jirachi|confusion
|-damage|p2a: Tornadus|196/299|[from] item: Life Orb
|
|-weather|RainDance|[upkeep]
|-heal|p1a: Jirachi|223/404|[from] item: Leftovers
|turn|20
|
|switch|p1a: Tentacruel|Tentacruel, F|364/364
|-damage|p1a: Tentacruel|319/364|[from] Stealth Rock
|move|p2a: Tornadus|Hurricane|p1a: Tentacruel
|-damage|p1a: Tentacruel|92/364
|-damage|p2a: Tornadus|167/299|[from] item: Life Orb
|
|-weather|RainDance|[upkeep]
|-heal|p1a: Tentacruel|114/364|[from] item: Leftovers
|turn|21
|
|move|p1a: Tentacruel|Protect|p1a: Tentacruel
|-singleturn|p1a: Tentacruel|Protect
|move|p2a: Tornadus|Hurricane|p1a: Tentacruel
|-activate|p1a: Tentacruel|Protect
|
|-weather|RainDance|[upkeep]
|-heal|p1a: Tentacruel|136/364|[from] item: Leftovers
|turn|22
|
|move|p2a: Tornadus|Hurricane|p1a: Tentacruel
|-crit|p1a: Tentacruel
|-damage|p1a: Tentacruel|0 fnt
|-damage|p2a: Tornadus|138/299|[from] item: Life Orb
|faint|p1a: Tentacruel
|
|-weather|RainDance|[upkeep]
|
|switch|p1a: Garchomp|Garchomp, M|358/358
|-damage|p1a: Garchomp|336/358|[from] Stealth Rock
|turn|23
|
|switch|p2a: Gliscor|Gliscor, M|312/354 tox
|-damage|p2a: Gliscor|268/354 tox|[from] Stealth Rock
|move|p1a: Garchomp|Dragon Claw|p2a: Gliscor
|-damage|p2a: Gliscor|169/354 tox
|
|-weather|RainDance|[upkeep]
|-heal|p2a: Gliscor|213/354 tox|[from] ability: Poison Heal
|turn|24
|
|switch|p1a: Jirachi|Jirachi|223/404
|-damage|p1a: Jirachi|198/404|[from] Stealth Rock
|move|p2a: Gliscor|Toxic|p1a: Jirachi
|-fail|p1a: Jirachi
|
|-weather|RainDance|[upkeep]
|-heal|p1a: Jirachi|223/404|[from] item: Leftovers
|-heal|p2a: Gliscor|257/354 tox|[from] ability: Poison Heal
|turn|25
|
|move|p1a: Jirachi|Substitute|p1a: Jirachi
|-start|p1a: Jirachi|Substitute
|-damage|p1a: Jirachi|122/404
|move|p2a: Gliscor|Toxic|p1a: Jirachi|[miss]
|-miss|p2a: Gliscor|p1a: Jirachi
|
|-weather|RainDance|[upkeep]
|-heal|p1a: Jirachi|147/404|[from] item: Leftovers
|-heal|p2a: Gliscor|301/354 tox|[from] ability: Poison Heal
|turn|26
|
|move|p1a: Jirachi|Psyshock|p2a: Gliscor
|-damage|p2a: Gliscor|216/354 tox
|move|p2a: Gliscor|Earthquake|p1a: Jirachi
|-supereffective|p1a: Jirachi
|-end|p1a: Jirachi|Substitute
|
|-weather|RainDance|[upkeep]
|-heal|p1a: Jirachi|172/404|[from] item: Leftovers
|-heal|p2a: Gliscor|260/354 tox|[from] ability: Poison Heal
|turn|27
|
|switch|p1a: Latios|Latios, M|228/302
|-damage|p1a: Latios|191/302|[from] Stealth Rock
|move|p2a: Gliscor|Toxic|p1a: Latios
|-status|p1a: Latios|tox
|
|-weather|RainDance|[upkeep]
|-damage|p1a: Latios|173/302 tox|[from] psn
|-heal|p2a: Gliscor|304/354 tox|[from] ability: Poison Heal
|turn|28
|
|move|p2a: Gliscor|Protect|p2a: Gliscor
|-singleturn|p2a: Gliscor|Protect
|move|p1a: Latios|Draco Meteor|p2a: Gliscor
|-activate|p2a: Gliscor|Protect
|
|-weather|RainDance|[upkeep]
|-damage|p1a: Latios|137/302 tox|[from] psn
|-heal|p2a: Gliscor|348/354 tox|[from] ability: Poison Heal
|turn|29
|
|switch|p2a: Politoed|Politoed, M|322/322
|-damage|p2a: Politoed|282/322|[from] Stealth Rock
|move|p1a: Latios|Draco Meteor|p2a: Politoed
|-damage|p2a: Politoed|0 fnt
|-unboost|p1a: Latios|spa|2
|faint|p2a: Politoed
|
|-weather|RainDance|[upkeep]
|-damage|p1a: Latios|83/302 tox|[from] psn
|
|switch|p2a: Gliscor|Gliscor, M|348/354 tox
|-damage|p2a: Gliscor|304/354 tox|[from] Stealth Rock
|turn|30
|
|move|p1a: Latios|Draco Meteor|p2a: Gliscor
|-damage|p2a: Gliscor|64/354 tox
|-unboost|p1a: Latios|spa|2
|move|p2a: Gliscor|Earthquake|p1a: Latios
|-immune|p1a: Latios|[msg]
|
|-weather|RainDance|[upkeep]
|-damage|p1a: Latios|11/302 tox|[from] psn
|-heal|p2a: Gliscor|108/354 tox|[from] ability: Poison Heal
|turn|31
|
|move|p2a: Gliscor|Protect|p2a: Gliscor
|-singleturn|p2a: Gliscor|Protect
|-activate|p1a: Latios|move: Struggle
|move|p1a: Latios|Struggle|p2a: Gliscor
|-activate|p2a: Gliscor|Protect
|
|-weather|RainDance|[upkeep]
|-damage|p1a: Latios|0 fnt|[from] psn
|-heal|p2a: Gliscor|152/354 tox|[from] ability: Poison Heal
|faint|p1a: Latios
|
|switch|p1a: Politoed|Politoed, F|336/384
|-damage|p1a: Politoed|288/384|[from] Stealth Rock
|turn|32
|
|move|p2a: Gliscor|Earthquake|p1a: Politoed
|-damage|p1a: Politoed|140/384
|move|p1a: Politoed|Ice Beam|p2a: Gliscor
|-supereffective|p2a: Gliscor
|-damage|p2a: Gliscor|0 fnt
|faint|p2a: Gliscor
|
|-weather|RainDance|[upkeep]
|
|switch|p2a: Tornadus|Tornadus, M|138/299
|-damage|p2a: Tornadus|64/299|[from] Stealth Rock
|turn|33
|
|move|p2a: Tornadus|Hurricane|p1a: Politoed
|-damage|p1a: Politoed|0 fnt
|-damage|p2a: Tornadus|35/299|[from] item: Life Orb
|faint|p1a: Politoed
|
|-weather|RainDance|[upkeep]
|
|switch|p1a: Jirachi|Jirachi|172/404
|-damage|p1a: Jirachi|147/404|[from] Stealth Rock
|turn|34
|
|move|p2a: Tornadus|Tailwind|p2a: Tornadus
|-sidestart|p2: Red Skies|move: Tailwind
|move|p1a: Jirachi|Thunder|p2a: Tornadus
|-supereffective|p2a: Tornadus
|-damage|p2a: Tornadus|0 fnt
|faint|p2a: Tornadus
|
|-weather|RainDance|[upkeep]
|-heal|p1a: Jirachi|172/404|[from] item: Leftovers
|
|switch|p2a: Dragonite|Dragonite, M|283/323
|-damage|p2a: Dragonite|203/323|[from] Stealth Rock
|turn|35
|
|move|p2a: Dragonite|Superpower|p1a: Jirachi
|-crit|p1a: Jirachi
|-damage|p1a: Jirachi|0 fnt
|-unboost|p2a: Dragonite|atk|1
|-unboost|p2a: Dragonite|def|1
|faint|p1a: Jirachi
|
|-weather|RainDance|[upkeep]
|-heal|p2a: Dragonite|223/323|[from] item: Leftovers
|
|switch|p1a: Garchomp|Garchomp, M|336/358
|-damage|p1a: Garchomp|314/358|[from] Stealth Rock
|turn|36
|c|★Red Skies|gg
|
|move|p2a: Dragonite|Ice Beam|p1a: Garchomp
|-supereffective|p1a: Garchomp
|-damage|p1a: Garchomp|0 fnt
|faint|p1a: Garchomp
|
|win|Red Skies
|raw|Ladder updating...
|raw|princess ariel's rating: 1350 &rarr; <strong>1328</strong><br />(-22 for losing)
|raw|Red Skies's rating: 1307 &rarr; <strong>1330</strong><br />(+23 for winning)
|leave|Red Skies
|player|p2