|j|☆SattleBimulator
|j|☆oonation
|t:|1738556195
|gametype|singles
|player|p1|SattleBimulator|266|1395
|player|p2|oonation|shadowtriad|1337
|teamsize|p1|6
|teamsize|p2|6
|gen|5
|tier|[Gen 5] OU
|rated|
|rule|Species Clause: Limit one of each Pokémon
|rule|OHKO Clause: OHKO moves are banned
|rule|Moody Clause: Moody is banned
|rule|Evasion Items Clause: Evasion items are banned
|rule|Evasion Moves Clause: Evasion moves are banned
|rule|Endless Battle Clause: Forcing endless battles is banned
|rule|HP Percentage Mod: HP is shown in percentages
|rule|Evasion Abilities Clause: Evasion abilities are banned
|rule|Sleep Moves Clause: Sleep-inducing moves are banned
|rule|Swagger Clause: Swagger is banned
|rule|Baton Pass Stat Clause: No Baton Passer may have a way to boost its stats
|clearpoke
|poke|p1|Politoed, F|item
|poke|p1|Thundurus-Therian, M|item
|poke|p1|Keldeo-Resolute|item
|poke|p1|Starmie|item
|poke|p1|Latios, M|item
|poke|p1|Rotom-Wash|item
|poke|p2|Excadrill, M|item
|poke|p2|Tyranitar, M|item
|poke|p2|Heatran, F|item
|poke|p2|Gliscor, F|item
|poke|p2|Ferrothorn, M|item
|poke|p2|Latias, F|item
|teampreview
|inactive|Battle timer is ON: inactive players will automatically lose when time's up. (requested by SattleBimulator)
|inactive|oonation also wants the timer to be on.
|
|t:|1738556223
|start
|switch|p1a: Politoed|Politoed, F|100/100
|switch|p2a: Latias|Latias, F|100/100
|-weather|RainDance|[from] ability: Drizzle|[of] p1a: Politoed
|turn|1
|
|t:|1738556229
|move|p2a: Latias|Calm Mind|p2a: Latias
|-boost|p2a: Latias|spa|1
|-boost|p2a: Latias|spd|1
|move|p1a: Politoed|Ice Beam|p2a: Latias
|-supereffective|p2a: Latias
|-damage|p2a: Latias|76/100
|
|-weather|RainDance|[upkeep]
|-heal|p2a: Latias|82/100|[from] item: Leftovers
|upkeep
|turn|2
|
|t:|1738556237
|move|p2a: Latias|Calm Mind|p2a: Latias
|-boost|p2a: Latias|spa|1
|-boost|p2a: Latias|spd|1
|move|p1a: Politoed|Encore|p2a: Latias
|-start|p2a: Latias|Encore
|
|-weather|RainDance|[upkeep]
|-heal|p2a: Latias|88/100|[from] item: Leftovers
|upkeep
|turn|3
|
|t:|1738556245
|move|p2a: Latias|Calm Mind|p2a: Latias
|-boost|p2a: Latias|spa|1
|-boost|p2a: Latias|spd|1
|move|p1a: Politoed|Ice Beam|p2a: Latias
|-supereffective|p2a: Latias
|-damage|p2a: Latias|74/100
|
|-weather|RainDance|[upkeep]
|-heal|p2a: Latias|80/100|[from] item: Leftovers
|upkeep
|turn|4
|
|t:|1738556251
|switch|p1a: Latios|Latios, M|100/100
|move|p2a: Latias|Calm Mind|p2a: Latias
|-boost|p2a: Latias|spa|1
|-boost|p2a: Latias|spd|1
|
|-weather|RainDance|[upkeep]
|-heal|p2a: Latias|86/100|[from] item: Leftovers
|upkeep
|turn|5
|
|t:|1738556266
|move|p1a: Latios|Thunder|p2a: Latias
|-resisted|p2a: Latias
|-damage|p2a: Latias|81/100
|move|p2a: Latias|Calm Mind|p2a: Latias
|-boost|p2a: Latias|spa|1
|-boost|p2a: Latias|spd|1
|
|-weather|RainDance|[upkeep]
|-heal|p2a: Latias|87/100|[from] item: Leftovers
|-end|p2a: Latias|Encore
|upkeep
|turn|6
|
|t:|1738556271
|move|p1a: Latios|Thunder|p2a: Latias
|-resisted|p2a: Latias
|-damage|p2a: Latias|82/100
|move|p2a: Latias|Ice Beam|p1a: Latios
|-supereffective|p1a: Latios
|-damage|p1a: Latios|0 fnt
|faint|p1a: Latios
|
|-weather|RainDance|[upkeep]
|-heal|p2a: Latias|88/100|[from] item: Leftovers
|upkeep
|
|t:|1738556277
|switch|p1a: Rotom|Rotom-Wash|100/100
|turn|7
|
|t:|1738556286
|move|p1a: Rotom|Thunder|p2a: Latias
|-resisted|p2a: Latias
|-damage|p2a: Latias|81/100
|move|p2a: Latias|Psyshock|p1a: Rotom
|-damage|p1a: Rotom|0 fnt
|faint|p1a: Rotom
|
|-weather|RainDance|[upkeep]
|-heal|p2a: Latias|87/100|[from] item: Leftovers
|upkeep
|
|t:|1738556295
|switch|p1a: Thundurus|Thundurus-Therian, M|100/100
|turn|8
|-message|SattleBimulator forfeited.
|
|win|oonation
|raw|SattleBimulator's rating: 1395 &rarr; <strong>1372</strong><br />(-23 for losing)
|raw|oonation's rating: 1337 &rarr; <strong>1360</strong><br />(+23 for winning)
|l|☆SattleBimulator
|player|p1|
|l|☆oonation
|player|p2|
|j|☆oonation
|player|p2|oonation|shadowtriad|
