|j|☆Crimsonbacon38
|j|☆happy_hitbox
|t:|1721843355
|gametype|singles
|player|p1|Crimsonbacon38|barry|1337
|player|p2|happy_hitbox|riley|1334
|teamsize|p1|6
|teamsize|p2|6
|gen|5
|tier|[Gen 5] OU
|rated|
|rule|Species Clause: Limit one of each Pokémon
|rule|OHKO Clause: OHKO moves are banned
|rule|Moody Clause: Moody is banned
|rule|Evasion Items Clause: Evasion items are banned
|rule|Evasion Moves Clause: Evasion moves are banned
|rule|Endless Battle Clause: Forcing endless battles is banned
|rule|HP Percentage Mod: HP is shown in percentages
|rule|Evasion Abilities Clause: Evasion abilities are banned
|rule|Sleep Moves Clause: Sleep-inducing moves are banned
|rule|Swagger Clause: Swagger is banned
|rule|Baton Pass Stat Clause: No Baton Passer may have a way to boost its stats
|clearpoke
|poke|p1|Garchomp, M|item
|poke|p1|Starmie|item
|poke|p1|Dragonite, M|item
|poke|p1|Scizor, F|item
|poke|p1|Volcarona, M|item
|poke|p1|Thundurus-Therian, M|item
|poke|p2|Hippowdon, M|item
|poke|p2|Heatran, F|item
|poke|p2|Rotom-Wash|item
|poke|p2|Terrakion|item
|poke|p2|Celebi|item
|poke|p2|Excadrill, F|item
|teampreview
|inactive|Battle timer is ON: inactive players will automatically lose when time's up. (requested by happy_hitbox)
|inactive|happy_hitbox has 120 seconds left.
|inactive|Crimsonbacon38 has 120 seconds left.
|inactive|happy_hitbox has 90 seconds left.
|
|t:|1721843442
|start
|switch|p1a: Garchomp|Garchomp, M|100/100
|switch|p2a: Hippowdon|Hippowdon, M|100/100
|-weather|Sandstorm|[from] ability: Sand Stream|[of] p2a: Hippowdon
|turn|1
|
|t:|1721843447
|move|p1a: Garchomp|Stealth Rock|p2a: Hippowdon
|-sidestart|p2: happy_hitbox|move: Stealth Rock
|move|p2a: Hippowdon|Stealth Rock|p1a: Garchomp
|-sidestart|p1: Crimsonbacon38|move: Stealth Rock
|
|-weather|Sandstorm|[upkeep]
|upkeep
|turn|2
|
|t:|1721843452
|move|p1a: Garchomp|Swords Dance|p1a: Garchomp
|-boost|p1a: Garchomp|atk|2
|move|p2a: Hippowdon|Whirlwind|p1a: Garchomp
|drag|p1a: Dragonite|Dragonite, M|100/100
|-damage|p1a: Dragonite|76/100|[from] Stealth Rock
|
|-weather|Sandstorm|[upkeep]
|-damage|p1a: Dragonite|70/100|[from] Sandstorm
|upkeep
|turn|3
|
|t:|1721843460
|move|p1a: Dragonite|Dragon Dance|p1a: Dragonite
|-boost|p1a: Dragonite|atk|1
|-boost|p1a: Dragonite|spe|1
|move|p2a: Hippowdon|Whirlwind|p1a: Dragonite
|drag|p1a: Scizor|Scizor, F|100/100
|-damage|p1a: Scizor|88/100|[from] Stealth Rock
|
|-weather|Sandstorm|[upkeep]
|upkeep
|turn|4
|
|t:|1721843467
|move|p1a: Scizor|U-turn|p2a: Hippowdon
|-damage|p2a: Hippowdon|65/100
|
|t:|1721843470
|switch|p1a: Starmie|Starmie|100/100|[from] U-turn
|-damage|p1a: Starmie|88/100|[from] Stealth Rock
|-item|p1a: Starmie|Air Balloon
|move|p2a: Hippowdon|Whirlwind|p1a: Starmie
|drag|p1a: Scizor|Scizor, F|88/100
|-damage|p1a: Scizor|76/100|[from] Stealth Rock
|
|-weather|Sandstorm|[upkeep]
|-heal|p2a: Hippowdon|71/100|[from] item: Leftovers
|upkeep
|turn|5
|
|t:|1721843492
|move|p1a: Scizor|Superpower|p2a: Hippowdon
|-damage|p2a: Hippowdon|27/100
|-unboost|p1a: Scizor|atk|1
|-unboost|p1a: Scizor|def|1
|move|p2a: Hippowdon|Slack Off|p2a: Hippowdon
|-heal|p2a: Hippowdon|77/100
|
|-weather|Sandstorm|[upkeep]
|-heal|p2a: Hippowdon|83/100|[from] item: Leftovers
|upkeep
|turn|6
|
|t:|1721843503
|switch|p1a: Garchomp|Garchomp, M|100/100
|-damage|p1a: Garchomp|94/100|[from] Stealth Rock
|move|p2a: Hippowdon|Whirlwind|p1a: Garchomp
|drag|p1a: Volcarona|Volcarona, M|100/100
|-damage|p1a: Volcarona|51/100|[from] Stealth Rock
|
|-weather|Sandstorm|[upkeep]
|-damage|p1a: Volcarona|45/100|[from] Sandstorm
|-heal|p2a: Hippowdon|90/100|[from] item: Leftovers
|upkeep
|turn|7
|
|t:|1721843513
|move|p1a: Volcarona|Giga Drain|p2a: Hippowdon
|-supereffective|p2a: Hippowdon
|-damage|p2a: Hippowdon|45/100
|-heal|p1a: Volcarona|73/100|[from] drain|[of] p2a: Hippowdon
|move|p2a: Hippowdon|Whirlwind|p1a: Volcarona
|drag|p1a: Thundurus|Thundurus-Therian, M|100/100
|-damage|p1a: Thundurus|76/100|[from] Stealth Rock
|
|-weather|Sandstorm|[upkeep]
|-damage|p1a: Thundurus|70/100|[from] Sandstorm
|-heal|p2a: Hippowdon|51/100|[from] item: Leftovers
|upkeep
|turn|8
|
|t:|1721843521
|move|p1a: Thundurus|Hidden Power|p2a: Hippowdon
|-supereffective|p2a: Hippowdon
|-damage|p2a: Hippowdon|0 fnt
|faint|p2a: Hippowdon
|
|-weather|Sandstorm|[upkeep]
|-damage|p1a: Thundurus|64/100|[from] Sandstorm
|upkeep
|inactive|happy_hitbox has 120 seconds left.
|
|t:|1721843542
|switch|p2a: Celebi|Celebi|100/100
|-damage|p2a: Celebi|88/100|[from] Stealth Rock
|turn|9
|inactive|happy_hitbox has 120 seconds left.
|
|t:|1721843557
|switch|p1a: Scizor|Scizor, F|76/100
|-damage|p1a: Scizor|63/100|[from] Stealth Rock
|move|p2a: Celebi|Baton Pass|p2a: Celebi
|inactive|happy_hitbox has 120 seconds left.
|
|t:|1721843583
|switch|p2a: Heatran|Heatran, F|100/100|[from] Baton Pass
|-damage|p2a: Heatran|88/100|[from] Stealth Rock
|
|-weather|Sandstorm|[upkeep]
|-heal|p2a: Heatran|94/100|[from] item: Leftovers
|upkeep
|turn|10
|
|t:|1721843606
|switch|p1a: Starmie|Starmie|88/100
|-damage|p1a: Starmie|76/100|[from] Stealth Rock
|-item|p1a: Starmie|Air Balloon
|move|p2a: Heatran|Substitute|p2a: Heatran
|-start|p2a: Heatran|Substitute
|-damage|p2a: Heatran|69/100
|
|-weather|Sandstorm|[upkeep]
|-damage|p1a: Starmie|70/100|[from] Sandstorm
|-heal|p2a: Heatran|76/100|[from] item: Leftovers
|upkeep
|turn|11
|
|t:|1721843615
|move|p1a: Starmie|Rapid Spin|p2a: Heatran
|-resisted|p2a: Heatran
|-crit|p2a: Heatran
|-activate|p2a: Heatran|Substitute|[damage]
|-sideend|p1: Crimsonbacon38|Stealth Rock|[from] move: Rapid Spin|[of] p1a: Starmie
|move|p2a: Heatran|Toxic|p1a: Starmie
|-status|p1a: Starmie|tox
|
|-weather|Sandstorm|[upkeep]
|-damage|p1a: Starmie|64/100 tox|[from] Sandstorm
|-heal|p2a: Heatran|82/100|[from] item: Leftovers
|-damage|p1a: Starmie|58/100 tox|[from] psn
|upkeep
|turn|12
|
|t:|1721843622
|move|p2a: Heatran|Protect|p2a: Heatran
|-singleturn|p2a: Heatran|Protect
|move|p1a: Starmie|Hydro Pump|p2a: Heatran
|-activate|p2a: Heatran|move: Protect
|
|-weather|Sandstorm|[upkeep]
|-damage|p1a: Starmie|51/100 tox|[from] Sandstorm
|-heal|p2a: Heatran|88/100|[from] item: Leftovers
|-damage|p1a: Starmie|39/100 tox|[from] psn
|upkeep
|turn|13
|
|t:|1721843630
|-curestatus|p1a: Starmie|tox|[from] ability: Natural Cure
|switch|p1a: Thundurus|Thundurus-Therian, M|64/100
|move|p2a: Heatran|Substitute|p2a: Heatran
|-fail|p2a: Heatran|move: Substitute
|
|-weather|Sandstorm|[upkeep]
|-damage|p1a: Thundurus|58/100|[from] Sandstorm
|-heal|p2a: Heatran|94/100|[from] item: Leftovers
|upkeep
|turn|14
|
|t:|1721843636
|move|p1a: Thundurus|Volt Switch|p2a: Heatran
|-end|p2a: Heatran|Substitute
|
|t:|1721843665
|switch|p1a: Scizor|Scizor, F|63/100|[from] Volt Switch
|move|p2a: Heatran|Lava Plume|p1a: Scizor
|-supereffective|p1a: Scizor
|-damage|p1a: Scizor|0 fnt
|faint|p1a: Scizor
|
|-weather|Sandstorm|[upkeep]
|-heal|p2a: Heatran|99/100|[from] item: Leftovers
|upkeep
|inactive|Crimsonbacon38 has 120 seconds left.
|
|t:|1721843681
|switch|p1a: Garchomp|Garchomp, M|94/100
|turn|15
|inactive|Crimsonbacon38 has 120 seconds left.
|
|t:|1721843688
|move|p1a: Garchomp|Swords Dance|p1a: Garchomp
|-boost|p1a: Garchomp|atk|2
|move|p2a: Heatran|Lava Plume|p1a: Garchomp
|-resisted|p1a: Garchomp
|-damage|p1a: Garchomp|74/100
|
|-weather|Sandstorm|[upkeep]
|-heal|p2a: Heatran|100/100|[from] item: Leftovers
|upkeep
|turn|16
|
|t:|1721843698
|switch|p2a: Rotom|Rotom-Wash|100/100
|-damage|p2a: Rotom|88/100|[from] Stealth Rock
|move|p1a: Garchomp|Earthquake|p2a: Rotom
|-immune|p2a: Rotom|[from] ability: Levitate
|
|-weather|Sandstorm|[upkeep]
|-damage|p2a: Rotom|82/100|[from] Sandstorm
|-heal|p2a: Rotom|88/100|[from] item: Leftovers
|upkeep
|turn|17
|
|t:|1721843709
|switch|p2a: Excadrill|Excadrill, F|100/100
|-damage|p2a: Excadrill|97/100|[from] Stealth Rock
|move|p1a: Garchomp|Outrage|p2a: Excadrill
|-resisted|p2a: Excadrill
|-crit|p2a: Excadrill
|-damage|p2a: Excadrill|0 fnt
|faint|p2a: Excadrill
|
|-weather|Sandstorm|[upkeep]
|upkeep
|inactive|happy_hitbox has 120 seconds left.
|inactive|happy_hitbox has 90 seconds left.
|
|t:|1721843760
|switch|p2a: Heatran|Heatran, F|100/100
|-damage|p2a: Heatran|88/100|[from] Stealth Rock
|turn|18
|
|t:|1721843765
|move|p1a: Garchomp|Outrage|p2a: Heatran|[from]lockedmove
|-resisted|p2a: Heatran
|-damage|p2a: Heatran|24/100
|move|p2a: Heatran|Lava Plume|p1a: Garchomp
|-resisted|p1a: Garchomp
|-damage|p1a: Garchomp|53/100
|
|-weather|Sandstorm|[upkeep]
|-heal|p2a: Heatran|30/100|[from] item: Leftovers
|upkeep
|turn|19
|
|t:|1721843776
|move|p2a: Heatran|Protect|p2a: Heatran
|-singleturn|p2a: Heatran|Protect
|move|p1a: Garchomp|Outrage|p2a: Heatran|[from]lockedmove
|-activate|p2a: Heatran|move: Protect
|-start|p1a: Garchomp|confusion|[fatigue]
|
|-weather|Sandstorm|[upkeep]
|-heal|p2a: Heatran|36/100|[from] item: Leftovers
|upkeep
|turn|20
|
|t:|1721843786
|switch|p2a: Rotom|Rotom-Wash|88/100
|-damage|p2a: Rotom|76/100|[from] Stealth Rock
|-activate|p1a: Garchomp|confusion
|move|p1a: Garchomp|Earthquake|p2a: Rotom
|-immune|p2a: Rotom|[from] ability: Levitate
|
|-weather|Sandstorm|[upkeep]
|-damage|p2a: Rotom|70/100|[from] Sandstorm
|-heal|p2a: Rotom|76/100|[from] item: Leftovers
|upkeep
|turn|21
|
|t:|1721843798
|-activate|p1a: Garchomp|confusion
|-damage|p1a: Garchomp|27/100|[from] confusion
|move|p2a: Rotom|Will-O-Wisp|p1a: Garchomp|[miss]
|-miss|p2a: Rotom|p1a: Garchomp
|
|-weather|Sandstorm|[upkeep]
|-damage|p2a: Rotom|70/100|[from] Sandstorm
|-heal|p2a: Rotom|76/100|[from] item: Leftovers
|upkeep
|turn|22
|
|t:|1721843806
|-activate|p1a: Garchomp|confusion
|move|p1a: Garchomp|Outrage|p2a: Rotom
|-damage|p2a: Rotom|0 fnt
|faint|p2a: Rotom
|
|-weather|Sandstorm|[upkeep]
|upkeep
|
|t:|1721843810
|switch|p2a: Terrakion|Terrakion|100/100
|-damage|p2a: Terrakion|94/100|[from] Stealth Rock
|turn|23
|
|t:|1721843814
|move|p2a: Terrakion|Close Combat|p1a: Garchomp
|-damage|p1a: Garchomp|0 fnt
|-unboost|p2a: Terrakion|def|1
|-unboost|p2a: Terrakion|spd|1
|-damage|p2a: Terrakion|82/100|[from] ability: Rough Skin|[of] p1a: Garchomp
|faint|p1a: Garchomp
|
|-weather|Sandstorm|[upkeep]
|upkeep
|
|t:|1721843827
|switch|p1a: Dragonite|Dragonite, M|70/100
|turn|24
|
|t:|1721843835
|switch|p2a: Celebi|Celebi|88/100
|-damage|p2a: Celebi|76/100|[from] Stealth Rock
|move|p1a: Dragonite|Dragon Dance|p1a: Dragonite
|-boost|p1a: Dragonite|atk|1
|-boost|p1a: Dragonite|spe|1
|
|-weather|Sandstorm|[upkeep]
|-damage|p1a: Dragonite|63/100|[from] Sandstorm
|-damage|p2a: Celebi|69/100|[from] Sandstorm
|-heal|p2a: Celebi|76/100|[from] item: Leftovers
|upkeep
|turn|25
|
|t:|1721843843
|move|p1a: Dragonite|Dragon Dance|p1a: Dragonite
|-boost|p1a: Dragonite|atk|1
|-boost|p1a: Dragonite|spe|1
|move|p2a: Celebi|Hidden Power|p1a: Dragonite
|-supereffective|p1a: Dragonite
|-damage|p1a: Dragonite|0 fnt
|faint|p1a: Dragonite
|
|-weather|Sandstorm|[upkeep]
|-damage|p2a: Celebi|69/100|[from] Sandstorm
|-heal|p2a: Celebi|76/100|[from] item: Leftovers
|upkeep
|
|t:|1721843851
|switch|p1a: Volcarona|Volcarona, M|73/100
|turn|26
|
|t:|1721843857
|switch|p2a: Heatran|Heatran, F|36/100
|-damage|p2a: Heatran|24/100|[from] Stealth Rock
|move|p1a: Volcarona|Quiver Dance|p1a: Volcarona
|-boost|p1a: Volcarona|spa|1
|-boost|p1a: Volcarona|spd|1
|-boost|p1a: Volcarona|spe|1
|
|-weather|Sandstorm|[upkeep]
|-damage|p1a: Volcarona|67/100|[from] Sandstorm
|-heal|p2a: Heatran|30/100|[from] item: Leftovers
|upkeep
|turn|27
|
|t:|1721843868
|move|p1a: Volcarona|Quiver Dance|p1a: Volcarona
|-boost|p1a: Volcarona|spa|1
|-boost|p1a: Volcarona|spd|1
|-boost|p1a: Volcarona|spe|1
|move|p2a: Heatran|Lava Plume|p1a: Volcarona
|-damage|p1a: Volcarona|46/100
|
|-weather|Sandstorm|[upkeep]
|-damage|p1a: Volcarona|40/100|[from] Sandstorm
|-heal|p2a: Heatran|36/100|[from] item: Leftovers
|upkeep
|turn|28
|
|t:|1721843877
|move|p1a: Volcarona|Bug Buzz|p2a: Heatran
|-resisted|p2a: Heatran
|-damage|p2a: Heatran|14/100
|move|p2a: Heatran|Substitute|p2a: Heatran
|-fail|p2a: Heatran|move: Substitute|[weak]
|
|-weather|Sandstorm|[upkeep]
|-damage|p1a: Volcarona|34/100|[from] Sandstorm
|-heal|p2a: Heatran|20/100|[from] item: Leftovers
|upkeep
|turn|29
|
|t:|1721843882
|move|p2a: Heatran|Protect|p2a: Heatran
|-singleturn|p2a: Heatran|Protect
|move|p1a: Volcarona|Bug Buzz|p2a: Heatran
|-activate|p2a: Heatran|move: Protect
|
|-weather|Sandstorm|[upkeep]
|-damage|p1a: Volcarona|28/100|[from] Sandstorm
|-heal|p2a: Heatran|26/100|[from] item: Leftovers
|upkeep
|turn|30
|
|t:|1721843886
|move|p1a: Volcarona|Bug Buzz|p2a: Heatran
|-resisted|p2a: Heatran
|-damage|p2a: Heatran|4/100
|move|p2a: Heatran|Lava Plume|p1a: Volcarona
|-damage|p1a: Volcarona|10/100
|
|-weather|Sandstorm|[upkeep]
|-damage|p1a: Volcarona|4/100|[from] Sandstorm
|-heal|p2a: Heatran|10/100|[from] item: Leftovers
|upkeep
|turn|31
|
|t:|1721843890
|move|p2a: Heatran|Protect|p2a: Heatran
|-singleturn|p2a: Heatran|Protect
|move|p1a: Volcarona|Bug Buzz|p2a: Heatran
|-activate|p2a: Heatran|move: Protect
|
|-weather|Sandstorm|[upkeep]
|-damage|p1a: Volcarona|0 fnt|[from] Sandstorm
|faint|p1a: Volcarona
|-heal|p2a: Heatran|16/100|[from] item: Leftovers
|upkeep
|
|t:|1721843899
|switch|p1a: Thundurus|Thundurus-Therian, M|58/100
|turn|32
|
|t:|1721843905
|move|p2a: Heatran|Protect|p2a: Heatran
|-singleturn|p2a: Heatran|Protect
|move|p1a: Thundurus|Volt Switch|p2a: Heatran
|-activate|p2a: Heatran|move: Protect
|
|-weather|Sandstorm|[upkeep]
|-damage|p1a: Thundurus|52/100|[from] Sandstorm
|-heal|p2a: Heatran|22/100|[from] item: Leftovers
|upkeep
|turn|33
|
|t:|1721843910
|move|p1a: Thundurus|Volt Switch|p2a: Heatran
|-crit|p2a: Heatran
|-damage|p2a: Heatran|0 fnt
|faint|p2a: Heatran
|
|t:|1721843914
|switch|p1a: Starmie|Starmie|39/100|[from] Volt Switch
|-item|p1a: Starmie|Air Balloon
|
|-weather|Sandstorm|[upkeep]
|-damage|p1a: Starmie|33/100|[from] Sandstorm
|upkeep
|
|t:|1721843916
|switch|p2a: Celebi|Celebi|76/100
|-damage|p2a: Celebi|63/100|[from] Stealth Rock
|turn|34
|
|t:|1721843922
|move|p1a: Starmie|Ice Beam|p2a: Celebi
|-supereffective|p2a: Celebi
|-damage|p2a: Celebi|27/100
|move|p2a: Celebi|Recover|p2a: Celebi
|-heal|p2a: Celebi|77/100
|
|-weather|Sandstorm|[upkeep]
|-damage|p1a: Starmie|27/100|[from] Sandstorm
|-damage|p2a: Celebi|71/100|[from] Sandstorm
|-heal|p2a: Celebi|77/100|[from] item: Leftovers
|upkeep
|turn|35
|
|t:|1721843927
|move|p1a: Starmie|Ice Beam|p2a: Celebi
|-supereffective|p2a: Celebi
|-damage|p2a: Celebi|45/100
|-status|p2a: Celebi|frz
|cant|p2a: Celebi|frz
|
|-weather|Sandstorm|[upkeep]
|-damage|p1a: Starmie|21/100|[from] Sandstorm
|-damage|p2a: Celebi|39/100 frz|[from] Sandstorm
|-heal|p2a: Celebi|45/100 frz|[from] item: Leftovers
|upkeep
|turn|36
|
|t:|1721843936
|move|p1a: Starmie|Ice Beam|p2a: Celebi
|-supereffective|p2a: Celebi
|-damage|p2a: Celebi|10/100 frz
|cant|p2a: Celebi|frz
|
|-weather|Sandstorm|[upkeep]
|-damage|p1a: Starmie|15/100|[from] Sandstorm
|-damage|p2a: Celebi|3/100 frz|[from] Sandstorm
|-heal|p2a: Celebi|10/100 frz|[from] item: Leftovers
|upkeep
|turn|37
|
|t:|1721843939
|move|p1a: Starmie|Ice Beam|p2a: Celebi
|-supereffective|p2a: Celebi
|-damage|p2a: Celebi|0 fnt
|faint|p2a: Celebi
|
|-weather|Sandstorm|[upkeep]
|-damage|p1a: Starmie|9/100|[from] Sandstorm
|upkeep
|
|t:|1721843944
|switch|p2a: Terrakion|Terrakion|82/100
|-damage|p2a: Terrakion|76/100|[from] Stealth Rock
|turn|38
|
|t:|1721843947
|move|p2a: Terrakion|Rock Slide|p1a: Starmie|[miss]
|-miss|p2a: Terrakion|p1a: Starmie
|move|p1a: Starmie|Hydro Pump|p2a: Terrakion
|-supereffective|p2a: Terrakion
|-damage|p2a: Terrakion|0 fnt
|faint|p2a: Terrakion
|
|win|Crimsonbacon38
|raw|Crimsonbacon38's rating: 1337 &rarr; <strong>1357</strong><br />(+20 for winning)
|raw|happy_hitbox's rating: 1334 &rarr; <strong>1314</strong><br />(-20 for losing)
|l|☆happy_hitbox
|player|p2|
|c|☆Crimsonbacon38|That ending sucked
|c|☆Crimsonbacon38|gg
