|join|Chellison
|join|Pythagorean Python
|player|p1|Chellison|240
|player|p2|Pythagorean Python|265
|gametype|singles
|gen|5
|tier|[Gen 5] OU
|rated
|rule|Evasion Abilities Clause: Evasion abilities are banned
|clearpoke
|poke|p1|Politoed, F
|poke|p1|Quagsire, M
|poke|p1|Dragonite, M
|poke|p1|Chansey, F
|poke|p1|Tentacruel, M
|poke|p1|Ferrothorn, F
|poke|p2|Ninetales, M
|poke|p2|Darmanitan, M
|poke|p2|Victreebel, F
|poke|p2|Shiftry, F
|poke|p2|Forretress, F
|poke|p2|Raikou, shiny
|rule|Sleep Clause Mod: Limit one foe put to sleep
|rule|Species Clause: Limit one of each Pokemon
|rule|OHKO Clause: OHKO moves are banned
|rule|Moody Clause: Moody is banned
|rule|Evasion Moves Clause: Evasion moves are banned
|rule|Endless Battle Clause: Forcing endless battles is banned.
|rule|HP Percentage Mod: HP is reported as percentages
|teampreview
|
|start
|switch|p1a: Politoed|Politoed, F|384/384
|switch|p2a: Shiftry|Shiftry, F|321/321
|-weather|RainDance|[from] ability: Drizzle|[of] p1a: Politoed
|turn|1
|
|move|p2a: Shiftry|Seed Bomb|p1a: Politoed
|-supereffective|p1a: Politoed
|-damage|p1a: Politoed|80/384
|-damage|p2a: Shiftry|289/321|[from] item: Life Orb
|move|p1a: Politoed|Toxic|p2a: Shiftry
|-status|p2a: Shiftry|tox
|
|-weather|RainDance|[upkeep]
|-heal|p1a: Politoed|104/384|[from] item: Leftovers
|-damage|p2a: Shiftry|269/321 tox|[from] psn
|turn|2
|
|move|p1a: Politoed|Protect|p1a: Politoed
|-singleturn|p1a: Politoed|Protect
|move|p2a: Shiftry|Seed Bomb|p1a: Politoed
|-activate|p1a: Politoed|Protect
|
|-weather|RainDance|[upkeep]
|-heal|p1a: Politoed|128/384|[from] item: Leftovers
|-damage|p2a: Shiftry|229/321 tox|[from] psn
|turn|3
|
|switch|p1a: Ferrothorn|Ferrothorn, F|352/352
|move|p2a: Shiftry|Low Kick|p1a: Ferrothorn
|-crit|p1a: Ferrothorn
|-supereffective|p1a: Ferrothorn
|-damage|p1a: Ferrothorn|0 fnt
|-damage|p2a: Shiftry|189/321 tox|[from] ability: Iron Barbs|[of] p1a: Ferrothorn
|-damage|p2a: Shiftry|136/321 tox|[from] item: Rocky Helmet|[of] p1a: Ferrothorn
|-damage|p2a: Shiftry|104/321 tox|[from] item: Life Orb
|faint|p1a: Ferrothorn
|
|-weather|RainDance|[upkeep]
|-damage|p2a: Shiftry|44/321 tox|[from] psn
|
|switch|p1a: Tentacruel|Tentacruel, M|364/364
|turn|4
|
|move|p1a: Tentacruel|Protect|p1a: Tentacruel
|-singleturn|p1a: Tentacruel|Protect
|move|p2a: Shiftry|Seed Bomb|p1a: Tentacruel
|-activate|p1a: Tentacruel|Protect
|
|-weather|RainDance|[upkeep]
|-damage|p2a: Shiftry|0 fnt|[from] psn
|faint|p2a: Shiftry
|
|switch|p2a: Ninetales|Ninetales, M|288/288
|-weather|SunnyDay|[from] ability: Drought|[of] p2a: Ninetales
|turn|5
|
|switch|p1a: Chansey|Chansey, F|701/701
|move|p2a: Ninetales|Fire Blast|p1a: Chansey
|-damage|p1a: Chansey|475/701
|
|-weather|SunnyDay|[upkeep]
|turn|6
|
|move|p2a: Ninetales|Fire Blast|p1a: Chansey|[miss]
|-miss|p2a: Ninetales|p1a: Chansey
|move|p1a: Chansey|Toxic|p2a: Ninetales
|-status|p2a: Ninetales|tox
|
|-weather|SunnyDay|[upkeep]
|-damage|p2a: Ninetales|270/288 tox|[from] psn
|turn|7
|
|move|p2a: Ninetales|Fire Blast|p1a: Chansey
|-damage|p1a: Chansey|240/701
|move|p1a: Chansey|Wish|p1a: Chansey
|
|-weather|SunnyDay|[upkeep]
|-damage|p2a: Ninetales|234/288 tox|[from] psn
|turn|8
|
|switch|p2a: Darmanitan|Darmanitan, M|351/351
|move|p1a: Chansey|Seismic Toss|p2a: Darmanitan
|-damage|p2a: Darmanitan|251/351
|
|-weather|SunnyDay|[upkeep]
|-heal|p1a: Chansey|590/701|[from] move: Wish|[wisher] Chansey
|turn|9
|
|switch|p1a: Quagsire|Quagsire, M|393/393
|move|p2a: Darmanitan|Flare Blitz|p1a: Quagsire
|-resisted|p1a: Quagsire
|-damage|p1a: Quagsire|222/393
|-damage|p2a: Darmanitan|195/351|[from] recoil|[of] p1a: Quagsire
|
|-weather|SunnyDay|[upkeep]
|-heal|p1a: Quagsire|246/393|[from] item: Leftovers
|turn|10
|
|switch|p2a: Forretress|Forretress, F|354/354
|move|p1a: Quagsire|Earthquake|p2a: Forretress
|-damage|p2a: Forretress|297/354
|
|-weather|SunnyDay|[upkeep]
|-heal|p1a: Quagsire|270/393|[from] item: Leftovers
|-heal|p2a: Forretress|319/354|[from] item: Leftovers
|turn|11
|
|switch|p1a: Politoed|Politoed, F|128/384
|-weather|RainDance|[from] ability: Drizzle|[of] p1a: Politoed
|move|p2a: Forretress|Stealth Rock|p1a: Politoed
|-sidestart|p1: Chellison|move: Stealth Rock
|
|-weather|RainDance|[upkeep]
|-heal|p1a: Politoed|152/384|[from] item: Leftovers
|-heal|p2a: Forretress|341/354|[from] item: Leftovers
|turn|12
|
|move|p1a: Politoed|Scald|p2a: Forretress
|-damage|p2a: Forretress|130/354
|move|p2a: Forretress|Volt Switch|p1a: Politoed
|-crit|p1a: Politoed
|-supereffective|p1a: Politoed
|-damage|p1a: Politoed|8/384
|
|switch|p2a: Ninetales|Ninetales, M|234/288 tox
|-weather|SunnyDay|[from] ability: Drought|[of] p2a: Ninetales
|
|-weather|SunnyDay|[upkeep]
|-heal|p1a: Politoed|32/384|[from] item: Leftovers
|-damage|p2a: Ninetales|216/288 tox|[from] psn
|turn|13
|
|move|p1a: Politoed|Protect|p1a: Politoed
|-singleturn|p1a: Politoed|Protect
|move|p2a: Ninetales|Fire Blast|p1a: Politoed
|-activate|p1a: Politoed|Protect
|
|-weather|SunnyDay|[upkeep]
|-heal|p1a: Politoed|56/384|[from] item: Leftovers
|-damage|p2a: Ninetales|180/288 tox|[from] psn
|turn|14
|
|switch|p2a: Darmanitan|Darmanitan, M|195/351
|switch|p1a: Chansey|Chansey, F|590/701
|-damage|p1a: Chansey|503/701|[from] Stealth Rock
|
|-weather|SunnyDay|[upkeep]
|turn|15
|
|switch|p1a: Tentacruel|Tentacruel, M|364/364
|-damage|p1a: Tentacruel|319/364|[from] Stealth Rock
|move|p2a: Darmanitan|Flare Blitz|p1a: Tentacruel
|-resisted|p1a: Tentacruel
|-damage|p1a: Tentacruel|114/364
|-damage|p2a: Darmanitan|127/351|[from] recoil|[of] p1a: Tentacruel
|
|-weather|SunnyDay|[upkeep]
|-heal|p1a: Tentacruel|136/364|[from] item: Black Sludge
|turn|16
|
|move|p1a: Tentacruel|Protect|p1a: Tentacruel
|-singleturn|p1a: Tentacruel|Protect
|move|p2a: Darmanitan|Flare Blitz|p1a: Tentacruel
|-activate|p1a: Tentacruel|Protect
|
|-weather|SunnyDay|[upkeep]
|-heal|p1a: Tentacruel|158/364|[from] item: Black Sludge
|turn|17
|
|switch|p1a: Dragonite|Dragonite, M|386/386
|-damage|p1a: Dragonite|290/386|[from] Stealth Rock
|move|p2a: Darmanitan|Flare Blitz|p1a: Dragonite
|-resisted|p1a: Dragonite
|-damage|p1a: Dragonite|53/386
|-damage|p2a: Darmanitan|49/351|[from] recoil|[of] p1a: Dragonite
|
|-weather|SunnyDay|[upkeep]
|-heal|p1a: Dragonite|77/386|[from] item: Leftovers
|turn|18
|
|move|p2a: Darmanitan|Flare Blitz|p1a: Dragonite
|-resisted|p1a: Dragonite
|-damage|p1a: Dragonite|0 fnt
|-damage|p2a: Darmanitan|24/351|[from] recoil|[of] p1a: Dragonite
|faint|p1a: Dragonite
|
|-weather|SunnyDay|[upkeep]
|
|switch|p1a: Quagsire|Quagsire, M|270/393
|-damage|p1a: Quagsire|246/393|[from] Stealth Rock
|turn|19
|
|switch|p2a: Victreebel|Victreebel, F|302/302
|move|p1a: Quagsire|Recover|p1a: Quagsire
|-heal|p1a: Quagsire|393/393
|
|-weather|SunnyDay|[upkeep]
|turn|20
|
|switch|p1a: Chansey|Chansey, F|503/701
|-damage|p1a: Chansey|416/701|[from] Stealth Rock
|move|p2a: Victreebel|Weather Ball|p1a: Chansey
|-damage|p1a: Chansey|276/701
|-damage|p2a: Victreebel|272/302|[from] item: Life Orb
|
|-weather|SunnyDay|[upkeep]
|turn|21
|
|move|p2a: Victreebel|Growth|p2a: Victreebel
|-boost|p2a: Victreebel|atk|2
|-boost|p2a: Victreebel|spa|2
|move|p1a: Chansey|Wish|p1a: Chansey
|
|-weather|SunnyDay|[upkeep]
|turn|22
|
|switch|p1a: Politoed|Politoed, F|56/384
|-damage|p1a: Politoed|8/384|[from] Stealth Rock
|-weather|RainDance|[from] ability: Drizzle|[of] p1a: Politoed
|move|p2a: Victreebel|Weather Ball|p1a: Politoed
|-resisted|p1a: Politoed
|-damage|p1a: Politoed|0 fnt
|-damage|p2a: Victreebel|242/302|[from] item: Life Orb
|faint|p1a: Politoed
|
|-weather|RainDance|[upkeep]
|
|switch|p1a: Tentacruel|Tentacruel, M|158/364
|-damage|p1a: Tentacruel|113/364|[from] Stealth Rock
|turn|23
|
|switch|p2a: Ninetales|Ninetales, M|180/288 tox
|-weather|SunnyDay|[from] ability: Drought|[of] p2a: Ninetales
|move|p1a: Tentacruel|Toxic Spikes|p2a: Ninetales
|-sidestart|p2: Pythagorean Python|move: Toxic Spikes
|
|-weather|SunnyDay|[upkeep]
|-heal|p1a: Tentacruel|135/364|[from] item: Black Sludge
|-damage|p2a: Ninetales|162/288 tox|[from] psn
|turn|24
|
|move|p2a: Ninetales|Fire Blast|p1a: Tentacruel
|-crit|p1a: Tentacruel
|-resisted|p1a: Tentacruel
|-damage|p1a: Tentacruel|0 fnt
|faint|p1a: Tentacruel
|
|-weather|SunnyDay|[upkeep]
|-damage|p2a: Ninetales|126/288 tox|[from] psn
|
|switch|p1a: Chansey|Chansey, F|276/701
|-damage|p1a: Chansey|189/701|[from] Stealth Rock
|turn|25
|
|move|p2a: Ninetales|Fire Blast|p1a: Chansey
|-damage|p1a: Chansey|0 fnt
|faint|p1a: Chansey
|
|-weather|SunnyDay|[upkeep]
|-damage|p2a: Ninetales|72/288 tox|[from] psn
|
|switch|p1a: Quagsire|Quagsire, M|393/393
|-damage|p1a: Quagsire|369/393|[from] Stealth Rock
|turn|26
|
|move|p2a: Ninetales|Fire Blast|p1a: Quagsire
|-resisted|p1a: Quagsire
|-damage|p1a: Quagsire|142/393
|move|p1a: Quagsire|Earthquake|p2a: Ninetales
|-supereffective|p2a: Ninetales
|-damage|p2a: Ninetales|0 fnt
|faint|p2a: Ninetales
|
|-weather|SunnyDay|[upkeep]
|-heal|p1a: Quagsire|166/393|[from] item: Leftovers
|
|switch|p2a: Victreebel|Victreebel, F|242/302
|-sideend|p2: Pythagorean Python|move: Toxic Spikes|[of] p2a: Victreebel
|turn|27
|
|move|p2a: Victreebel|Solar Beam|p1a: Quagsire|[still]
|-prepare|p2a: Victreebel|Solar Beam|p1a: Quagsire
|-anim|p2a: Victreebel|Solar Beam|p1a: Quagsire
|-supereffective|p1a: Quagsire
|-damage|p1a: Quagsire|0 fnt
|-damage|p2a: Victreebel|212/302|[from] item: Life Orb
|faint|p1a: Quagsire
|
|win|Pythagorean Python
|raw|Ladder updating...
|raw|Chellison's rating: 1388 &rarr; <strong>1363</strong><br />(-25 for losing)
|raw|Pythagorean Python's rating: 1309 &rarr; <strong>1333</strong><br />(+24 for winning)
|leave|Chellison
|player|p1