|j|☆BlueHairedLass
|j|☆WeR#4Hay!
|t:|1743628765
|gametype|singles
|player|p1|BlueHairedLass|lass-gen1rb|1422
|player|p2|WeR#4Hay!|1|1474
|teamsize|p1|6
|teamsize|p2|6
|gen|5
|tier|[Gen 5] OU
|rated|
|rule|Species Clause: Limit one of each Pokémon
|rule|OHKO Clause: OHKO moves are banned
|rule|Moody Clause: Moody is banned
|rule|Evasion Items Clause: Evasion items are banned
|rule|Evasion Moves Clause: Evasion moves are banned
|rule|Endless Battle Clause: Forcing endless battles is banned
|rule|HP Percentage Mod: HP is shown in percentages
|rule|Evasion Abilities Clause: Evasion abilities are banned
|rule|Sleep Moves Clause: Sleep-inducing moves are banned
|rule|Swagger Clause: Swagger is banned
|rule|Baton Pass Stat Clause: No Baton Passer may have a way to boost its stats
|clearpoke
|poke|p1|Breloom, F|item
|poke|p1|Landorus-Therian, M|item
|poke|p1|Latios, M|item
|poke|p1|Rotom-Wash|item
|poke|p1|Jirachi|item
|poke|p1|Magnezone|item
|poke|p2|Breloom, M|item
|poke|p2|Heatran, M|item
|poke|p2|Rotom-Wash|item
|poke|p2|Jirachi|item
|poke|p2|Latias, F|item
|poke|p2|Landorus-Therian, M|item
|teampreview
|
|t:|1743628776
|start
|switch|p1a: Landorus|Landorus-Therian, M|100/100
|switch|p2a: Aito Ohashi|Rotom-Wash|100/100
|-ability|p1a: Landorus|Intimidate|boost
|-unboost|p2a: Aito Ohashi|atk|1
|turn|1
|
|t:|1743628780
|move|p1a: Landorus|Stealth Rock|p2a: Aito Ohashi
|-sidestart|p2: WeR#4Hay!|move: Stealth Rock
|move|p2a: Aito Ohashi|Volt Switch|p1a: Landorus
|-immune|p1a: Landorus
|
|upkeep
|turn|2
|
|t:|1743628783
|move|p1a: Landorus|U-turn|p2a: Aito Ohashi
|-damage|p2a: Aito Ohashi|83/100
|
|t:|1743628786
|switch|p1a: Rotom|Rotom-Wash|100/100|[from] U-turn
|move|p2a: Aito Ohashi|Volt Switch|p1a: Rotom
|-damage|p1a: Rotom|71/100
|
|t:|1743628825
|switch|p2a: Satoshi Nakano|Jirachi|100/100|[from] Volt Switch
|-damage|p2a: Satoshi Nakano|94/100|[from] Stealth Rock
|
|upkeep
|turn|3
|
|t:|1743628827
|move|p1a: Rotom|Volt Switch|p2a: Satoshi Nakano
|-damage|p2a: Satoshi Nakano|74/100
|
|t:|1743628836
|switch|p1a: Magnezone|Magnezone|100/100|[from] Volt Switch
|-item|p1a: Magnezone|Air Balloon
|move|p2a: Satoshi Nakano|Stealth Rock|p1a: Magnezone
|-sidestart|p1: BlueHairedLass|move: Stealth Rock
|
|upkeep
|turn|4
|
|t:|1743628840
|move|p1a: Magnezone|Thunderbolt|p2a: Satoshi Nakano
|-damage|p2a: Satoshi Nakano|40/100
|move|p2a: Satoshi Nakano|U-turn|p1a: Magnezone
|-resisted|p1a: Magnezone
|-damage|p1a: Magnezone|92/100
|-enditem|p1a: Magnezone|Air Balloon
|
|t:|1743628847
|switch|p2a: Masaaki Iwane|Breloom, M|100/100|[from] U-turn
|-damage|p2a: Masaaki Iwane|94/100|[from] Stealth Rock
|
|upkeep
|turn|5
|
|t:|1743628854
|move|p2a: Masaaki Iwane|Low Sweep|p1a: Magnezone
|-supereffective|p1a: Magnezone
|-damage|p1a: Magnezone|0 fnt
|faint|p1a: Magnezone
|
|upkeep
|
|t:|1743628857
|switch|p1a: Latios|Latios, M|100/100
|-damage|p1a: Latios|88/100|[from] Stealth Rock
|turn|6
|
|t:|1743628864
|switch|p2a: Satoshi Nakano|Jirachi|40/100
|-damage|p2a: Satoshi Nakano|34/100|[from] Stealth Rock
|move|p1a: Latios|Calm Mind|p1a: Latios
|-boost|p1a: Latios|spa|1
|-boost|p1a: Latios|spd|1
|
|upkeep
|turn|7
|
|t:|1743628866
|move|p1a: Latios|Surf|p2a: Satoshi Nakano
|-damage|p2a: Satoshi Nakano|0 fnt
|faint|p2a: Satoshi Nakano
|
|upkeep
|
|t:|1743628872
|switch|p2a: Yusuke Oshida|Landorus-Therian, M|100/100
|-damage|p2a: Yusuke Oshida|88/100|[from] Stealth Rock
|-ability|p2a: Yusuke Oshida|Intimidate|boost
|-unboost|p1a: Latios|atk|1
|turn|8
|
|t:|1743628875
|move|p2a: Yusuke Oshida|U-turn|p1a: Latios
|-supereffective|p1a: Latios
|-damage|p1a: Latios|18/100
|
|t:|1743628883
|switch|p2a: Hanako Ueda|Latias, F|100/100|[from] U-turn
|-damage|p2a: Hanako Ueda|88/100|[from] Stealth Rock
|move|p1a: Latios|Surf|p2a: Hanako Ueda
|-resisted|p2a: Hanako Ueda
|-damage|p2a: Hanako Ueda|65/100
|
|upkeep
|turn|9
|
|t:|1743628892
|move|p2a: Hanako Ueda|Draco Meteor|p1a: Latios
|-supereffective|p1a: Latios
|-damage|p1a: Latios|0 fnt
|-unboost|p2a: Hanako Ueda|spa|2
|faint|p1a: Latios
|
|upkeep
|
|t:|1743628897
|switch|p1a: Jirachi|Jirachi|100/100
|-damage|p1a: Jirachi|94/100|[from] Stealth Rock
|turn|10
|
|t:|1743628957
|switch|p2a: Yusuke Oshida|Landorus-Therian, M|88/100
|-damage|p2a: Yusuke Oshida|76/100|[from] Stealth Rock
|-ability|p2a: Yusuke Oshida|Intimidate|boost
|-unboost|p1a: Jirachi|atk|1
|move|p1a: Jirachi|U-turn|p2a: Yusuke Oshida
|-resisted|p2a: Yusuke Oshida
|-damage|p2a: Yusuke Oshida|71/100
|
|t:|1743628961
|switch|p1a: Breloom|Breloom, F, shiny|100/100|[from] U-turn
|-damage|p1a: Breloom|94/100|[from] Stealth Rock
|
|upkeep
|turn|11
|
|t:|1743628979
|move|p2a: Yusuke Oshida|U-turn|p1a: Breloom
|-damage|p1a: Breloom|55/100
|
|t:|1743628987
|switch|p2a: Hanako Ueda|Latias, F|65/100|[from] U-turn
|-damage|p2a: Hanako Ueda|53/100|[from] Stealth Rock
|move|p1a: Breloom|Superpower|p2a: Hanako Ueda
|-resisted|p2a: Hanako Ueda
|-damage|p2a: Hanako Ueda|0 fnt
|-unboost|p1a: Breloom|atk|1
|-unboost|p1a: Breloom|def|1
|faint|p2a: Hanako Ueda
|
|upkeep
|
|t:|1743628990
|switch|p2a: Yusuke Oshida|Landorus-Therian, M|71/100
|-damage|p2a: Yusuke Oshida|58/100|[from] Stealth Rock
|-ability|p2a: Yusuke Oshida|Intimidate|boost
|-unboost|p1a: Breloom|atk|1
|turn|12
|
|t:|1743629001
|switch|p1a: Landorus|Landorus-Therian, M|100/100
|-damage|p1a: Landorus|88/100|[from] Stealth Rock
|-ability|p1a: Landorus|Intimidate|boost
|-unboost|p2a: Yusuke Oshida|atk|1
|move|p2a: Yusuke Oshida|U-turn|p1a: Landorus
|-resisted|p1a: Landorus
|-damage|p1a: Landorus|81/100
|
|t:|1743629004
|switch|p2a: Aito Ohashi|Rotom-Wash|83/100|[from] U-turn
|-damage|p2a: Aito Ohashi|71/100|[from] Stealth Rock
|
|-heal|p1a: Landorus|87/100|[from] item: Leftovers
|-heal|p2a: Aito Ohashi|77/100|[from] item: Leftovers
|upkeep
|turn|13
|
|t:|1743629051
|move|p1a: Landorus|U-turn|p2a: Aito Ohashi
|-damage|p2a: Aito Ohashi|59/100
|
|t:|1743629053
|switch|p1a: Rotom|Rotom-Wash|71/100|[from] U-turn
|-damage|p1a: Rotom|58/100|[from] Stealth Rock
|move|p2a: Aito Ohashi|Volt Switch|p1a: Rotom
|-damage|p1a: Rotom|28/100
|
|t:|1743629067
|switch|p2a: Yusuke Oshida|Landorus-Therian, M|58/100|[from] Volt Switch
|-damage|p2a: Yusuke Oshida|46/100|[from] Stealth Rock
|-ability|p2a: Yusuke Oshida|Intimidate|boost
|-unboost|p1a: Rotom|atk|1
|
|upkeep
|turn|14
|
|t:|1743629072
|move|p2a: Yusuke Oshida|U-turn|p1a: Rotom
|-damage|p1a: Rotom|0 fnt
|faint|p1a: Rotom
|
|t:|1743629079
|switch|p2a: Masaaki Iwane|Breloom, M|94/100|[from] U-turn
|-damage|p2a: Masaaki Iwane|88/100|[from] Stealth Rock
|
|upkeep
|
|t:|1743629092
|switch|p1a: Landorus|Landorus-Therian, M|87/100
|-damage|p1a: Landorus|75/100|[from] Stealth Rock
|-ability|p1a: Landorus|Intimidate|boost
|-unboost|p2a: Masaaki Iwane|atk|1
|turn|15
|
|t:|1743629134
|switch|p2a: Aito Ohashi|Rotom-Wash|59/100
|-damage|p2a: Aito Ohashi|47/100|[from] Stealth Rock
|move|p1a: Landorus|U-turn|p2a: Aito Ohashi
|-damage|p2a: Aito Ohashi|28/100
|
|t:|1743629139
|switch|p1a: Breloom|Breloom, F, shiny|55/100|[from] U-turn
|-damage|p1a: Breloom|49/100|[from] Stealth Rock
|
|-heal|p2a: Aito Ohashi|34/100|[from] item: Leftovers
|upkeep
|turn|16
|
|t:|1743629143
|move|p1a: Breloom|Mach Punch|p2a: Aito Ohashi
|-damage|p2a: Aito Ohashi|0 fnt
|faint|p2a: Aito Ohashi
|
|upkeep
|
|t:|1743629148
|switch|p2a: Yusuke Oshida|Landorus-Therian, M|46/100
|-damage|p2a: Yusuke Oshida|33/100|[from] Stealth Rock
|-ability|p2a: Yusuke Oshida|Intimidate|boost
|-unboost|p1a: Breloom|atk|1
|turn|17
|
|t:|1743629153
|switch|p1a: Landorus|Landorus-Therian, M|75/100
|-damage|p1a: Landorus|62/100|[from] Stealth Rock
|-ability|p1a: Landorus|Intimidate|boost
|-unboost|p2a: Yusuke Oshida|atk|1
|move|p2a: Yusuke Oshida|U-turn|p1a: Landorus
|-resisted|p1a: Landorus
|-damage|p1a: Landorus|55/100
|
|t:|1743629161
|switch|p2a: Takeshi Maenami|Heatran, M|100/100|[from] U-turn
|-damage|p2a: Takeshi Maenami|88/100|[from] Stealth Rock
|-item|p2a: Takeshi Maenami|Air Balloon
|
|-heal|p1a: Landorus|61/100|[from] item: Leftovers
|upkeep
|turn|18
|
|t:|1743629250
|move|p1a: Landorus|U-turn|p2a: Takeshi Maenami
|-resisted|p2a: Takeshi Maenami
|-damage|p2a: Takeshi Maenami|83/100
|-enditem|p2a: Takeshi Maenami|Air Balloon
|
|t:|1743629251
|switch|p1a: Jirachi|Jirachi|94/100|[from] U-turn
|-damage|p1a: Jirachi|88/100|[from] Stealth Rock
|move|p2a: Takeshi Maenami|Lava Plume|p1a: Jirachi
|-supereffective|p1a: Jirachi
|-damage|p1a: Jirachi|30/100
|
|-heal|p1a: Jirachi|36/100|[from] item: Leftovers
|upkeep
|turn|19
|
|t:|1743629269
|move|p2a: Takeshi Maenami|Lava Plume|p1a: Jirachi
|-supereffective|p1a: Jirachi
|-damage|p1a: Jirachi|0 fnt
|faint|p1a: Jirachi
|
|upkeep
|
|t:|1743629273
|switch|p1a: Landorus|Landorus-Therian, M|61/100
|-damage|p1a: Landorus|49/100|[from] Stealth Rock
|-ability|p1a: Landorus|Intimidate|boost
|-unboost|p2a: Takeshi Maenami|atk|1
|turn|20
|
|t:|1743629333
|switch|p2a: Yusuke Oshida|Landorus-Therian, M|33/100
|-damage|p2a: Yusuke Oshida|21/100|[from] Stealth Rock
|-ability|p2a: Yusuke Oshida|Intimidate|boost
|-unboost|p1a: Landorus|atk|1
|move|p1a: Landorus|Hidden Power|p2a: Yusuke Oshida
|-supereffective|p2a: Yusuke Oshida
|-damage|p2a: Yusuke Oshida|0 fnt
|faint|p2a: Yusuke Oshida
|
|-heal|p1a: Landorus|55/100|[from] item: Leftovers
|upkeep
|c|☆WeR#4Hay!|good play
|
|t:|1743629340
|switch|p2a: Masaaki Iwane|Breloom, M|88/100
|-damage|p2a: Masaaki Iwane|82/100|[from] Stealth Rock
|turn|21
|
|t:|1743629365
|move|p1a: Landorus|Hidden Power|p2a: Masaaki Iwane
|-supereffective|p2a: Masaaki Iwane
|-damage|p2a: Masaaki Iwane|14/100
|move|p2a: Masaaki Iwane|Bullet Seed|p1a: Landorus
|-damage|p1a: Landorus|24/100
|-damage|p1a: Landorus|0 fnt
|faint|p1a: Landorus
|-hitcount|p1: Landorus|2
|
|upkeep
|
|t:|1743629368
|switch|p1a: Breloom|Breloom, F, shiny|49/100
|-damage|p1a: Breloom|43/100|[from] Stealth Rock
|turn|22
|
|t:|1743629375
|switch|p2a: Takeshi Maenami|Heatran, M|83/100
|-damage|p2a: Takeshi Maenami|70/100|[from] Stealth Rock
|move|p1a: Breloom|Mach Punch|p2a: Takeshi Maenami
|-supereffective|p2a: Takeshi Maenami
|-damage|p2a: Takeshi Maenami|0 fnt
|faint|p2a: Takeshi Maenami
|
|upkeep
|
|t:|1743629377
|switch|p2a: Masaaki Iwane|Breloom, M|14/100
|-damage|p2a: Masaaki Iwane|8/100|[from] Stealth Rock
|turn|23
|c|☆WeR#4Hay!|you adamant?
|c|☆BlueHairedLass|y
|c|☆WeR#4Hay!|whoever wins the speed tie
|c|☆WeR#4Hay!|gg
|
|t:|1743629397
|move|p2a: Masaaki Iwane|Mach Punch|p1a: Breloom
|-damage|p1a: Breloom|0 fnt
|faint|p1a: Breloom
|
|win|WeR#4Hay!
|raw|BlueHairedLass's rating: 1435 &rarr; <strong>1417</strong><br />(-18 for losing)
|raw|WeR#4Hay!'s rating: 1474 &rarr; <strong>1492</strong><br />(+18 for winning)
|c|☆BlueHairedLass|damn
|c|☆BlueHairedLass|gg dude
|l|☆BlueHairedLass
|player|p1|
