|j|☆STATS Xavi
|j|☆Bro watch your jet
|player|p1|STATS Xavi|preschooler|1422
|player|p2|Bro watch your jet|cheryl|1396
|teamsize|p1|6
|teamsize|p2|6
|gametype|singles
|gen|5
|tier|[Gen 5] OU
|rated|
|clearpoke
|poke|p1|Hippowdon, F|item
|poke|p1|Gastrodon-East, F|item
|poke|p1|Skarmory, M|item
|poke|p1|Excadrill, F|item
|poke|p1|Jirachi|item
|poke|p1|Sigilyph, M|item
|poke|p2|Latios, M|item
|poke|p2|Conkeldurr, F|item
|poke|p2|Mew|item
|poke|p2|Whimsicott, M|item
|poke|p2|Dragonite, M|item
|poke|p2|Jynx, F|item
|rule|Species Clause: Limit one of each Pokémon
|rule|OHKO Clause: OHKO moves are banned
|rule|Moody Clause: Moody is banned
|rule|Evasion Moves Clause: Evasion moves are banned
|rule|Endless Battle Clause: Forcing endless battles is banned
|rule|HP Percentage Mod: HP is shown in percentages
|rule|Evasion Abilities Clause: Evasion abilities are banned
|rule|Baton Pass Clause: Limit one Baton Passer, can't pass Spe and other stats simultaneously
|rule|Sleep Clause: Sleep-inducing moves are banned
|rule|Swagger Clause: Swagger is banned
|teampreview
|
|start
|switch|p1a: Hattori el ninja|Hippowdon, F|100/100
|switch|p2a: Whimsicott|Whimsicott, M|100/100
|-weather|Sandstorm|[from] ability: Sand Stream|[of] p1a: Hattori el ninja
|turn|1
|
|move|p2a: Whimsicott|Taunt|p1a: Hattori el ninja
|-start|p1a: Hattori el ninja|move: Taunt
|cant|p1a: Hattori el ninja|move: Taunt|Stealth Rock
|
|-weather|Sandstorm|[upkeep]
|-damage|p2a: Whimsicott|94/100|[from] Sandstorm
|upkeep
|turn|2
|
|switch|p1a: Piupiupiu|Skarmory, M|100/100
|move|p2a: Whimsicott|Light Screen|p2a: Whimsicott
|-sidestart|p2: Bro watch your jet|move: Light Screen
|
|-weather|Sandstorm|[upkeep]
|-damage|p2a: Whimsicott|88/100|[from] Sandstorm
|upkeep
|turn|3
|
|move|p2a: Whimsicott|Taunt|p1a: Piupiupiu
|-start|p1a: Piupiupiu|move: Taunt
|move|p1a: Piupiupiu|Brave Bird|p2a: Whimsicott
|-supereffective|p2a: Whimsicott
|-damage|p2a: Whimsicott|29/100
|-damage|p1a: Piupiupiu|81/100|[from] Recoil
|
|-weather|Sandstorm|[upkeep]
|-damage|p2a: Whimsicott|23/100|[from] Sandstorm
|upkeep
|turn|4
|
|switch|p1a: W¡sh & K'3D Shop|Jirachi|100/100
|move|p2a: Whimsicott|Encore||[still]
|-fail|p2a: Whimsicott
|
|-weather|Sandstorm|[upkeep]
|-damage|p2a: Whimsicott|17/100|[from] Sandstorm
|upkeep
|turn|5
|
|move|p2a: Whimsicott|Memento|p1a: W¡sh & K'3D Shop
|-unboost|p1a: W¡sh & K'3D Shop|atk|2
|-unboost|p1a: W¡sh & K'3D Shop|spa|2
|faint|p2a: Whimsicott
|move|p1a: W¡sh & K'3D Shop|Body Slam|p2: Whimsicott|[notarget]
|-fail|p1a: W¡sh & K'3D Shop
|
|-weather|Sandstorm|[upkeep]
|upkeep
|
|switch|p2a: Mew|Mew|100/100
|turn|6
|
|switch|p1a: Headnown|Sigilyph, M|100/100
|move|p2a: Mew|Swords Dance|p2a: Mew
|-boost|p2a: Mew|atk|2
|
|-weather|Sandstorm|[upkeep]
|-damage|p2a: Mew|94/100|[from] Sandstorm
|-heal|p2a: Mew|100/100|[from] item: Leftovers
|-status|p1a: Headnown|brn|[from] item: Flame Orb
|upkeep
|turn|7
|
|move|p2a: Mew|Swords Dance|p2a: Mew
|-boost|p2a: Mew|atk|2
|move|p1a: Headnown|Psycho Shift|p2a: Mew
|-status|p2a: Mew|brn
|-activate|p2a: Mew|ability: Synchronize
|-fail|p1a: Headnown|brn
|-curestatus|p1a: Headnown|brn|[msg]
|
|-weather|Sandstorm|[upkeep]
|-damage|p2a: Mew|94/100 brn|[from] Sandstorm
|-heal|p2a: Mew|100/100 brn|[from] item: Leftovers
|-damage|p2a: Mew|88/100 brn|[from] brn
|-status|p1a: Headnown|brn|[from] item: Flame Orb
|upkeep
|turn|8
|
|move|p2a: Mew|Baton Pass|p2a: Mew
|
|switch|p2a: Dragonite|Dragonite, M|100/100|[from]move: Baton Pass
|move|p1a: Headnown|Cosmic Power|p1a: Headnown
|-boost|p1a: Headnown|def|1
|-boost|p1a: Headnown|spd|1
|
|-weather|Sandstorm|[upkeep]
|-damage|p2a: Dragonite|94/100|[from] Sandstorm
|-heal|p2a: Dragonite|100/100|[from] item: Leftovers
|upkeep
|turn|9
|
|move|p1a: Headnown|Psycho Shift|p2a: Dragonite
|-status|p2a: Dragonite|brn
|-curestatus|p1a: Headnown|brn|[msg]
|move|p2a: Dragonite|Dragon Claw|p1a: Headnown
|-damage|p1a: Headnown|59/100
|
|-weather|Sandstorm|[upkeep]
|-damage|p2a: Dragonite|94/100 brn|[from] Sandstorm
|-heal|p2a: Dragonite|100/100 brn|[from] item: Leftovers
|-damage|p2a: Dragonite|88/100 brn|[from] brn
|-sideend|p2: Bro watch your jet|move: Light Screen
|-status|p1a: Headnown|brn|[from] item: Flame Orb
|upkeep
|turn|10
|
|move|p1a: Headnown|Roost|p1a: Headnown
|-heal|p1a: Headnown|100/100 brn
|-singleturn|p1a: Headnown|move: Roost
|move|p2a: Dragonite|Dragon Claw|p1a: Headnown
|-damage|p1a: Headnown|62/100 brn
|
|-weather|Sandstorm|[upkeep]
|-damage|p2a: Dragonite|82/100 brn|[from] Sandstorm
|-heal|p2a: Dragonite|88/100 brn|[from] item: Leftovers
|-damage|p2a: Dragonite|76/100 brn|[from] brn
|upkeep
|turn|11
|
|move|p1a: Headnown|Roost|p1a: Headnown
|-heal|p1a: Headnown|100/100 brn
|-singleturn|p1a: Headnown|move: Roost
|move|p2a: Dragonite|Dragon Claw|p1a: Headnown
|-damage|p1a: Headnown|61/100 brn
|
|-weather|Sandstorm|[upkeep]
|-damage|p2a: Dragonite|69/100 brn|[from] Sandstorm
|-heal|p2a: Dragonite|76/100 brn|[from] item: Leftovers
|-damage|p2a: Dragonite|63/100 brn|[from] brn
|upkeep
|turn|12
|
|switch|p1a: Hattori el ninja|Hippowdon, F|100/100
|switch|p2a: Jynx|Jynx, F|100/100
|
|-weather|Sandstorm|[upkeep]
|-damage|p2a: Jynx|95/100|[from] Sandstorm
|upkeep
|turn|13
|
|move|p2a: Jynx|Ice Beam|p1a: Hattori el ninja
|-supereffective|p1a: Hattori el ninja
|-damage|p1a: Hattori el ninja|44/100
|move|p1a: Hattori el ninja|Stealth Rock|p2a: Jynx
|-sidestart|p2: Bro watch your jet|move: Stealth Rock
|
|-weather|Sandstorm|[upkeep]
|-damage|p2a: Jynx|89/100|[from] Sandstorm
|-heal|p1a: Hattori el ninja|50/100|[from] item: Leftovers
|upkeep
|turn|14
|
|switch|p1a: Amu Pinguilí|Gastrodon-East, F|100/100
|move|p2a: Jynx|Heal Bell|p2a: Jynx
|-activate|p2a: Jynx|move: Heal Bell
|-curestatus|p2: Mew|brn|[msg]
|-curestatus|p2: Dragonite|brn|[msg]
|
|-weather|Sandstorm|[upkeep]
|-damage|p2a: Jynx|83/100|[from] Sandstorm
|upkeep
|turn|15
|
|move|p2a: Jynx|Light Screen|p2a: Jynx
|-sidestart|p2: Bro watch your jet|move: Light Screen
|move|p1a: Amu Pinguilí|Scald|p2a: Jynx
|-heal|p2a: Jynx|100/100|[from] ability: Dry Skin|[of] p1a: Amu Pinguilí
|
|-weather|Sandstorm|[upkeep]
|-damage|p2a: Jynx|95/100|[from] Sandstorm
|upkeep
|turn|16
|
|move|p2a: Jynx|Reflect|p2a: Jynx
|-sidestart|p2: Bro watch your jet|Reflect
|move|p1a: Amu Pinguilí|Earth Power|p2a: Jynx
|-damage|p2a: Jynx|79/100
|
|-weather|Sandstorm|[upkeep]
|-damage|p2a: Jynx|73/100|[from] Sandstorm
|upkeep
|turn|17
|
|move|p2a: Jynx|Ice Beam|p1a: Amu Pinguilí
|-damage|p1a: Amu Pinguilí|74/100
|move|p1a: Amu Pinguilí|Scald|p2a: Jynx
|-heal|p2a: Jynx|98/100|[from] ability: Dry Skin|[of] p1a: Amu Pinguilí
|
|-weather|Sandstorm|[upkeep]
|-damage|p2a: Jynx|92/100|[from] Sandstorm
|-heal|p1a: Amu Pinguilí|80/100|[from] item: Leftovers
|upkeep
|turn|18
|
|switch|p1a: W¡sh & K'3D Shop|Jirachi|100/100
|move|p2a: Jynx|Ice Beam|p1a: W¡sh & K'3D Shop
|-resisted|p1a: W¡sh & K'3D Shop
|-damage|p1a: W¡sh & K'3D Shop|90/100
|
|-weather|Sandstorm|[upkeep]
|-damage|p2a: Jynx|86/100|[from] Sandstorm
|-heal|p1a: W¡sh & K'3D Shop|96/100|[from] item: Leftovers
|upkeep
|turn|19
|
|move|p2a: Jynx|Ice Beam|p1a: W¡sh & K'3D Shop
|-resisted|p1a: W¡sh & K'3D Shop
|-damage|p1a: W¡sh & K'3D Shop|84/100
|move|p1a: W¡sh & K'3D Shop|Body Slam|p2a: Jynx
|-damage|p2a: Jynx|63/100
|
|-weather|Sandstorm|[upkeep]
|-damage|p2a: Jynx|57/100|[from] Sandstorm
|-heal|p1a: W¡sh & K'3D Shop|90/100|[from] item: Leftovers
|upkeep
|turn|20
|
|switch|p2a: Mew|Mew|88/100
|-damage|p2a: Mew|76/100|[from] Stealth Rock
|move|p1a: W¡sh & K'3D Shop|Iron Head|p2a: Mew
|-damage|p2a: Mew|64/100
|
|-weather|Sandstorm|[upkeep]
|-damage|p2a: Mew|57/100|[from] Sandstorm
|-heal|p2a: Mew|64/100|[from] item: Leftovers
|-heal|p1a: W¡sh & K'3D Shop|96/100|[from] item: Leftovers
|upkeep
|turn|21
|
|move|p2a: Mew|Nasty Plot|p2a: Mew
|-boost|p2a: Mew|spa|2
|move|p1a: W¡sh & K'3D Shop|Iron Head|p2a: Mew
|-damage|p2a: Mew|52/100
|
|-weather|Sandstorm|[upkeep]
|-damage|p2a: Mew|46/100|[from] Sandstorm
|-heal|p2a: Mew|52/100|[from] item: Leftovers
|-heal|p1a: W¡sh & K'3D Shop|100/100|[from] item: Leftovers
|upkeep
|turn|22
|
|move|p2a: Mew|Nasty Plot|p2a: Mew
|-boost|p2a: Mew|spa|2
|move|p1a: W¡sh & K'3D Shop|Body Slam|p2a: Mew
|-damage|p2a: Mew|45/100
|-status|p2a: Mew|par
|-activate|p2a: Mew|ability: Synchronize
|-status|p1a: W¡sh & K'3D Shop|par
|
|-weather|Sandstorm|[upkeep]
|-damage|p2a: Mew|39/100 par|[from] Sandstorm
|-heal|p2a: Mew|45/100 par|[from] item: Leftovers
|-sideend|p2: Bro watch your jet|move: Light Screen
|upkeep
|turn|23
|
|switch|p1a: Piupiupiu|Skarmory, M|81/100
|cant|p2a: Mew|par
|
|-weather|Sandstorm|[upkeep]
|-damage|p2a: Mew|39/100 par|[from] Sandstorm
|-heal|p2a: Mew|45/100 par|[from] item: Leftovers
|-sideend|p2: Bro watch your jet|Reflect
|upkeep
|turn|24
|
|move|p2a: Mew|Baton Pass|p2a: Mew
|
|switch|p2a: Latios|Latios, M|100/100|[from]move: Baton Pass
|-damage|p2a: Latios|88/100|[from] Stealth Rock
|move|p1a: Piupiupiu|Whirlwind|p2a: Latios
|drag|p2a: Jynx|Jynx, F|57/100
|-damage|p2a: Jynx|32/100|[from] Stealth Rock
|
|-weather|Sandstorm|[upkeep]
|-damage|p2a: Jynx|26/100|[from] Sandstorm
|upkeep
|turn|25
|
|switch|p1a: W¡sh & K'3D Shop|Jirachi|100/100 par
|move|p2a: Jynx|Ice Beam|p1a: W¡sh & K'3D Shop
|-resisted|p1a: W¡sh & K'3D Shop
|-damage|p1a: W¡sh & K'3D Shop|89/100 par
|
|-weather|Sandstorm|[upkeep]
|-damage|p2a: Jynx|20/100|[from] Sandstorm
|-heal|p1a: W¡sh & K'3D Shop|96/100 par|[from] item: Leftovers
|upkeep
|turn|26
|
|move|p2a: Jynx|Ice Beam|p1a: W¡sh & K'3D Shop
|-resisted|p1a: W¡sh & K'3D Shop
|-crit|p1a: W¡sh & K'3D Shop
|-damage|p1a: W¡sh & K'3D Shop|73/100 par
|move|p1a: W¡sh & K'3D Shop|Iron Head|p2a: Jynx
|-supereffective|p2a: Jynx
|-damage|p2a: Jynx|0 fnt
|faint|p2a: Jynx
|
|-weather|Sandstorm|[upkeep]
|-heal|p1a: W¡sh & K'3D Shop|79/100 par|[from] item: Leftovers
|upkeep
|
|switch|p2a: Latios|Latios, M|88/100
|-damage|p2a: Latios|76/100|[from] Stealth Rock
|turn|27
|
|move|p2a: Latios|Trick|p1a: W¡sh & K'3D Shop
|-activate|p2a: Latios|move: Trick|[of] p1a: W¡sh & K'3D Shop
|-item|p1a: W¡sh & K'3D Shop|Choice Scarf|[from] move: Trick
|-item|p2a: Latios|Leftovers|[from] move: Trick
|move|p1a: W¡sh & K'3D Shop|Body Slam|p2a: Latios
|-damage|p2a: Latios|50/100
|-status|p2a: Latios|par
|
|-weather|Sandstorm|[upkeep]
|-damage|p2a: Latios|44/100 par|[from] Sandstorm
|-heal|p2a: Latios|50/100 par|[from] item: Leftovers
|upkeep
|turn|28
|
|switch|p1a: Amu Pinguilí|Gastrodon-East, F|80/100
|move|p2a: Latios|Ice Beam|p1a: Amu Pinguilí
|-crit|p1a: Amu Pinguilí
|-damage|p1a: Amu Pinguilí|36/100
|-status|p1a: Amu Pinguilí|frz
|
|-weather|Sandstorm|[upkeep]
|-damage|p2a: Latios|44/100 par|[from] Sandstorm
|-heal|p1a: Amu Pinguilí|42/100 frz|[from] item: Leftovers
|-heal|p2a: Latios|50/100 par|[from] item: Leftovers
|upkeep
|turn|29
|
|-curestatus|p1a: Amu Pinguilí|frz|[msg]
|move|p1a: Amu Pinguilí|Recover|p1a: Amu Pinguilí
|-heal|p1a: Amu Pinguilí|92/100
|cant|p2a: Latios|par
|
|-weather|Sandstorm|[upkeep]
|-damage|p2a: Latios|44/100 par|[from] Sandstorm
|-heal|p1a: Amu Pinguilí|98/100|[from] item: Leftovers
|-heal|p2a: Latios|50/100 par|[from] item: Leftovers
|upkeep
|turn|30
|
|move|p1a: Amu Pinguilí|Scald|p2a: Latios
|-resisted|p2a: Latios
|-damage|p2a: Latios|37/100 par
|move|p2a: Latios|Ice Beam|p1a: Amu Pinguilí
|-damage|p1a: Amu Pinguilí|73/100
|-status|p1a: Amu Pinguilí|frz
|
|-weather|Sandstorm|[upkeep]
|-damage|p2a: Latios|31/100 par|[from] Sandstorm
|-heal|p1a: Amu Pinguilí|79/100 frz|[from] item: Leftovers
|-heal|p2a: Latios|37/100 par|[from] item: Leftovers
|upkeep
|turn|31
|c|☆STATS Xavi|lol
|
|switch|p1a: W¡sh & K'3D Shop|Jirachi|79/100 par
|move|p2a: Latios|Ice Beam|p1a: W¡sh & K'3D Shop
|-resisted|p1a: W¡sh & K'3D Shop
|-damage|p1a: W¡sh & K'3D Shop|69/100 par
|
|-weather|Sandstorm|[upkeep]
|-damage|p2a: Latios|31/100 par|[from] Sandstorm
|-heal|p2a: Latios|37/100 par|[from] item: Leftovers
|upkeep
|turn|32
|c|☆Bro watch your jet|Teams are too prepared for cheesy shit like this
|
|cant|p1a: W¡sh & K'3D Shop|par
|move|p2a: Latios|Psyshock|p1a: W¡sh & K'3D Shop
|-resisted|p1a: W¡sh & K'3D Shop
|-damage|p1a: W¡sh & K'3D Shop|60/100 par
|
|-weather|Sandstorm|[upkeep]
|-damage|p2a: Latios|31/100 par|[from] Sandstorm
|-heal|p2a: Latios|37/100 par|[from] item: Leftovers
|upkeep
|turn|33
|
|cant|p1a: W¡sh & K'3D Shop|par
|move|p2a: Latios|Ice Beam|p1a: W¡sh & K'3D Shop
|-resisted|p1a: W¡sh & K'3D Shop
|-damage|p1a: W¡sh & K'3D Shop|50/100 par
|
|-weather|Sandstorm|[upkeep]
|-damage|p2a: Latios|31/100 par|[from] Sandstorm
|-heal|p2a: Latios|37/100 par|[from] item: Leftovers
|upkeep
|turn|34
|
|move|p1a: W¡sh & K'3D Shop|Wish|p1a: W¡sh & K'3D Shop
|move|p2a: Latios|Psyshock|p1a: W¡sh & K'3D Shop
|-resisted|p1a: W¡sh & K'3D Shop
|-damage|p1a: W¡sh & K'3D Shop|42/100 par
|
|-weather|Sandstorm|[upkeep]
|-damage|p2a: Latios|31/100 par|[from] Sandstorm
|-heal|p2a: Latios|37/100 par|[from] item: Leftovers
|upkeep
|turn|35
|
|switch|p1a: Hattori el ninja|Hippowdon, F|50/100
|move|p2a: Latios|Ice Beam|p1a: Hattori el ninja
|-supereffective|p1a: Hattori el ninja
|-damage|p1a: Hattori el ninja|7/100
|
|-weather|Sandstorm|[upkeep]
|-damage|p2a: Latios|31/100 par|[from] Sandstorm
|-heal|p1a: Hattori el ninja|55/100|[from] move: Wish|[wisher] W¡sh & K'3D Shop
|-heal|p1a: Hattori el ninja|61/100|[from] item: Leftovers
|-heal|p2a: Latios|37/100 par|[from] item: Leftovers
|upkeep
|turn|36
|
|move|p1a: Hattori el ninja|Slack Off|p1a: Hattori el ninja
|-heal|p1a: Hattori el ninja|100/100
|move|p2a: Latios|Ice Beam|p1a: Hattori el ninja
|-supereffective|p1a: Hattori el ninja
|-damage|p1a: Hattori el ninja|50/100
|
|-weather|Sandstorm|[upkeep]
|-damage|p2a: Latios|31/100 par|[from] Sandstorm
|-heal|p1a: Hattori el ninja|56/100|[from] item: Leftovers
|-heal|p2a: Latios|37/100 par|[from] item: Leftovers
|upkeep
|turn|37
|
|switch|p1a: Piupiupiu|Skarmory, M|81/100
|move|p2a: Latios|Ice Beam|p1a: Piupiupiu
|-damage|p1a: Piupiupiu|40/100
|
|-weather|Sandstorm|[upkeep]
|-damage|p2a: Latios|31/100 par|[from] Sandstorm
|-heal|p2a: Latios|37/100 par|[from] item: Leftovers
|upkeep
|turn|38
|
|move|p1a: Piupiupiu|Roost|p1a: Piupiupiu
|-heal|p1a: Piupiupiu|90/100
|-singleturn|p1a: Piupiupiu|move: Roost
|move|p2a: Latios|Ice Beam|p1a: Piupiupiu
|-resisted|p1a: Piupiupiu
|-damage|p1a: Piupiupiu|66/100
|-status|p1a: Piupiupiu|frz
|
|-weather|Sandstorm|[upkeep]
|-damage|p2a: Latios|31/100 par|[from] Sandstorm
|-heal|p2a: Latios|37/100 par|[from] item: Leftovers
|upkeep
|turn|39
|c|☆STATS Xavi|no way
|c|☆Bro watch your jet|Lmao
|
|switch|p2a: Conkeldurr|Conkeldurr, F|100/100
|-damage|p2a: Conkeldurr|94/100|[from] Stealth Rock
|cant|p1a: Piupiupiu|frz
|
|-weather|Sandstorm|[upkeep]
|-damage|p2a: Conkeldurr|88/100|[from] Sandstorm
|upkeep
|turn|40
|
|cant|p1a: Piupiupiu|frz
|move|p2a: Conkeldurr|Drain Punch|p1a: Piupiupiu
|-crit|p1a: Piupiupiu
|-damage|p1a: Piupiupiu|0 fnt
|-heal|p2a: Conkeldurr|100/100|[from] drain|[of] p1a: Piupiupiu
|-damage|p2a: Conkeldurr|91/100|[from] item: Life Orb
|faint|p1a: Piupiupiu
|
|-weather|Sandstorm|[upkeep]
|-damage|p2a: Conkeldurr|85/100|[from] Sandstorm
|upkeep
|
|switch|p1a: Headnown|Sigilyph, M|61/100 brn
|turn|41
|
|switch|p2a: Mew|Mew|45/100 par
|-damage|p2a: Mew|32/100 par|[from] Stealth Rock
|move|p1a: Headnown|Psycho Shift||[still]
|-fail|p1a: Headnown
|
|-weather|Sandstorm|[upkeep]
|-damage|p2a: Mew|26/100 par|[from] Sandstorm
|-heal|p2a: Mew|32/100 par|[from] item: Leftovers
|upkeep
|turn|42
|
|move|p1a: Headnown|Roost|p1a: Headnown
|-heal|p1a: Headnown|100/100 brn
|-singleturn|p1a: Headnown|move: Roost
|move|p2a: Mew|Baton Pass|p2a: Mew
|
|switch|p2a: Latios|Latios, M|37/100 par|[from]move: Baton Pass
|-damage|p2a: Latios|25/100 par|[from] Stealth Rock
|
|-weather|Sandstorm|[upkeep]
|-damage|p2a: Latios|19/100 par|[from] Sandstorm
|-heal|p2a: Latios|25/100 par|[from] item: Leftovers
|upkeep
|turn|43
|
|move|p1a: Headnown|Cosmic Power|p1a: Headnown
|-boost|p1a: Headnown|def|1
|-boost|p1a: Headnown|spd|1
|move|p2a: Latios|Ice Beam|p1a: Headnown
|-supereffective|p1a: Headnown
|-damage|p1a: Headnown|47/100 brn
|
|-weather|Sandstorm|[upkeep]
|-damage|p2a: Latios|19/100 par|[from] Sandstorm
|-heal|p2a: Latios|25/100 par|[from] item: Leftovers
|upkeep
|turn|44
|
|move|p1a: Headnown|Roost|p1a: Headnown
|-heal|p1a: Headnown|97/100 brn
|-singleturn|p1a: Headnown|move: Roost
|move|p2a: Latios|Psyshock|p1a: Headnown
|-resisted|p1a: Headnown
|-damage|p1a: Headnown|86/100 brn
|
|-weather|Sandstorm|[upkeep]
|-damage|p2a: Latios|19/100 par|[from] Sandstorm
|-heal|p2a: Latios|25/100 par|[from] item: Leftovers
|upkeep
|turn|45
|
|move|p1a: Headnown|Cosmic Power|p1a: Headnown
|-boost|p1a: Headnown|def|1
|-boost|p1a: Headnown|spd|1
|move|p2a: Latios|Ice Beam|p1a: Headnown
|-supereffective|p1a: Headnown
|-damage|p1a: Headnown|43/100 brn
|
|-weather|Sandstorm|[upkeep]
|-damage|p2a: Latios|19/100 par|[from] Sandstorm
|-heal|p2a: Latios|25/100 par|[from] item: Leftovers
|upkeep
|turn|46
|
|switch|p2a: Dragonite|Dragonite, M|63/100
|-damage|p2a: Dragonite|38/100|[from] Stealth Rock
|move|p1a: Headnown|Roost|p1a: Headnown
|-heal|p1a: Headnown|93/100 brn
|-singleturn|p1a: Headnown|move: Roost
|
|-weather|Sandstorm|[upkeep]
|-damage|p2a: Dragonite|32/100|[from] Sandstorm
|-heal|p2a: Dragonite|38/100|[from] item: Leftovers
|upkeep
|turn|47
|
|move|p2a: Dragonite|Extreme Speed|p1a: Headnown
|-damage|p1a: Headnown|78/100 brn
|move|p1a: Headnown|Psycho Shift|p2a: Dragonite
|-status|p2a: Dragonite|brn
|-curestatus|p1a: Headnown|brn|[msg]
|
|-weather|Sandstorm|[upkeep]
|-damage|p2a: Dragonite|32/100 brn|[from] Sandstorm
|-heal|p2a: Dragonite|38/100 brn|[from] item: Leftovers
|-damage|p2a: Dragonite|26/100 brn|[from] brn
|-status|p1a: Headnown|brn|[from] item: Flame Orb
|upkeep
|turn|48
|
|switch|p2a: Mew|Mew|32/100 par
|-damage|p2a: Mew|20/100 par|[from] Stealth Rock
|move|p1a: Headnown|Cosmic Power|p1a: Headnown
|-boost|p1a: Headnown|def|1
|-boost|p1a: Headnown|spd|1
|
|-weather|Sandstorm|[upkeep]
|-damage|p2a: Mew|14/100 par|[from] Sandstorm
|-heal|p2a: Mew|20/100 par|[from] item: Leftovers
|upkeep
|turn|49
|
|move|p1a: Headnown|Cosmic Power|p1a: Headnown
|-boost|p1a: Headnown|def|1
|-boost|p1a: Headnown|spd|1
|move|p2a: Mew|Stealth Rock|p1a: Headnown
|-sidestart|p1: STATS Xavi|move: Stealth Rock
|
|-weather|Sandstorm|[upkeep]
|-damage|p2a: Mew|14/100 par|[from] Sandstorm
|-heal|p2a: Mew|20/100 par|[from] item: Leftovers
|upkeep
|turn|50
|
|move|p1a: Headnown|Roost|p1a: Headnown
|-heal|p1a: Headnown|100/100 brn
|-singleturn|p1a: Headnown|move: Roost
|move|p2a: Mew|Nasty Plot|p2a: Mew
|-boost|p2a: Mew|spa|2
|
|-weather|Sandstorm|[upkeep]
|-damage|p2a: Mew|14/100 par|[from] Sandstorm
|-heal|p2a: Mew|20/100 par|[from] item: Leftovers
|upkeep
|turn|51
|
|move|p1a: Headnown|Stored Power|p2a: Mew
|-resisted|p2a: Mew
|-damage|p2a: Mew|0 fnt
|faint|p2a: Mew
|
|-weather|Sandstorm|[upkeep]
|upkeep
|
|switch|p2a: Conkeldurr|Conkeldurr, F|85/100
|-damage|p2a: Conkeldurr|79/100|[from] Stealth Rock
|turn|52
|
|move|p1a: Headnown|Stored Power|p2a: Conkeldurr
|-supereffective|p2a: Conkeldurr
|-damage|p2a: Conkeldurr|0 fnt
|faint|p2a: Conkeldurr
|
|-weather|Sandstorm|[upkeep]
|upkeep
|
|switch|p2a: Latios|Latios, M|25/100 par
|-damage|p2a: Latios|12/100 par|[from] Stealth Rock
|turn|53
|
|move|p1a: Headnown|Stored Power|p2a: Latios
|-resisted|p2a: Latios
|-damage|p2a: Latios|0 fnt
|faint|p2a: Latios
|
|-weather|Sandstorm|[upkeep]
|upkeep
|c|☆Bro watch your jet|That’s gg
|j| VibeCentralStation
|c|☆Bro watch your jet|lol
|l| VibeCentralStation
|
|switch|p2a: Dragonite|Dragonite, M|26/100 brn
|-damage|p2a: Dragonite|1/100 brn|[from] Stealth Rock
|turn|54
|
|move|p1a: Headnown|Roost||[still]
|-fail|p1a: Headnown|heal
|move|p2a: Dragonite|Dragon Claw|p1a: Headnown
|-damage|p1a: Headnown|94/100 brn
|
|-weather|Sandstorm|[upkeep]
|-damage|p2a: Dragonite|0 fnt|[from] Sandstorm
|faint|p2a: Dragonite
|
|win|STATS Xavi
|upkeep
|l|☆Bro watch your jet
|l|☆STATS Xavi
|raw|STATS Xavi's rating: 1431 &rarr; <strong>1448</strong><br />(+17 for winning)
|raw|Bro watch your jet's rating: 1380 &rarr; <strong>1363</strong><br />(-17 for losing)
