|j|☆SattleBimulator
|j|☆leoperi99
|t:|1741043206
|gametype|singles
|player|p1|SattleBimulator|266|1384
|player|p2|leoperi99|kris-gen2|1606
|teamsize|p1|6
|teamsize|p2|6
|gen|5
|tier|[Gen 5] OU
|rated|
|rule|Species Clause: Limit one of each Pokémon
|rule|OHKO Clause: OHKO moves are banned
|rule|Moody Clause: Moody is banned
|rule|Evasion Items Clause: Evasion items are banned
|rule|Evasion Moves Clause: Evasion moves are banned
|rule|Endless Battle Clause: Forcing endless battles is banned
|rule|HP Percentage Mod: HP is shown in percentages
|rule|Evasion Abilities Clause: Evasion abilities are banned
|rule|Sleep Moves Clause: Sleep-inducing moves are banned
|rule|Swagger Clause: Swagger is banned
|rule|Baton Pass Stat Clause: No Baton Passer may have a way to boost its stats
|clearpoke
|poke|p1|Excadrill, F|item
|poke|p1|Garchomp, M|item
|poke|p1|Tyranitar, M|item
|poke|p1|Scizor, M|item
|poke|p1|Skarmory, F|item
|poke|p1|Gengar, M|item
|poke|p2|Reuniclus, F|item
|poke|p2|Tyranitar, M|item
|poke|p2|Bronzong|item
|poke|p2|Flygon, M|item
|poke|p2|Jirachi|item
|poke|p2|Seismitoad, F|item
|teampreview
|inactive|Battle timer is ON: inactive players will automatically lose when time's up. (requested by SattleBimulator)
|
|t:|1741043222
|start
|switch|p1a: Skarmory|Skarmory, F|100/100
|switch|p2a: Tyranitar|Tyranitar, M|100/100
|-weather|Sandstorm|[from] ability: Sand Stream|[of] p2a: Tyranitar
|turn|1
|
|t:|1741043226
|move|p1a: Skarmory|Stealth Rock|p2a: Tyranitar
|-sidestart|p2: leoperi99|move: Stealth Rock
|move|p2a: Tyranitar|Ice Beam|p1a: Skarmory
|-crit|p1a: Skarmory
|-damage|p1a: Skarmory|41/100
|
|-weather|Sandstorm|[upkeep]
|upkeep
|turn|2
|
|t:|1741043230
|move|p1a: Skarmory|Spikes|p2a: Tyranitar
|-sidestart|p2: leoperi99|Spikes
|move|p2a: Tyranitar|Ice Beam|p1a: Skarmory
|-damage|p1a: Skarmory|11/100
|
|-weather|Sandstorm|[upkeep]
|upkeep
|turn|3
|
|t:|1741043238
|move|p1a: Skarmory|Spikes|p2a: Tyranitar
|-sidestart|p2: leoperi99|Spikes
|move|p2a: Tyranitar|Ice Beam|p1a: Skarmory
|-damage|p1a: Skarmory|0 fnt
|faint|p1a: Skarmory
|
|-weather|Sandstorm|[upkeep]
|upkeep
|
|t:|1741043243
|switch|p1a: Scizor|Scizor, M|100/100
|turn|4
|
|t:|1741043251
|move|p1a: Scizor|Swords Dance|p1a: Scizor
|-boost|p1a: Scizor|atk|2
|move|p2a: Tyranitar|Superpower|p1a: Scizor
|-damage|p1a: Scizor|57/100
|-unboost|p2a: Tyranitar|atk|1
|-unboost|p2a: Tyranitar|def|1
|
|-weather|Sandstorm|[upkeep]
|upkeep
|turn|5
|
|t:|1741043259
|move|p1a: Scizor|Bullet Punch|p2a: Tyranitar
|-supereffective|p2a: Tyranitar
|-damage|p2a: Tyranitar|0 fnt
|faint|p2a: Tyranitar
|-damage|p1a: Scizor|47/100|[from] item: Life Orb
|
|-weather|Sandstorm|[upkeep]
|upkeep
|
|t:|1741043264
|switch|p2a: Jirachi|Jirachi|100/100
|-damage|p2a: Jirachi|94/100|[from] Stealth Rock
|-damage|p2a: Jirachi|78/100|[from] Spikes
|turn|6
|
|t:|1741043267
|move|p2a: Jirachi|Fire Punch|p1a: Scizor
|-supereffective|p1a: Scizor
|-damage|p1a: Scizor|0 fnt
|faint|p1a: Scizor
|
|-weather|Sandstorm|[upkeep]
|-heal|p2a: Jirachi|84/100|[from] item: Leftovers
|upkeep
|
|t:|1741043274
|switch|p1a: Excadrill|Excadrill, F|100/100
|-ability|p1a: Excadrill|Mold Breaker
|-item|p1a: Excadrill|Air Balloon
|turn|7
|
|t:|1741043280
|move|p2a: Jirachi|U-turn|p1a: Excadrill
|-resisted|p1a: Excadrill
|-damage|p1a: Excadrill|88/100
|-enditem|p1a: Excadrill|Air Balloon
|
|t:|1741043282
|switch|p2a: Seismitoad|Seismitoad, F|100/100|[from] U-turn
|-damage|p2a: Seismitoad|94/100|[from] Stealth Rock
|-damage|p2a: Seismitoad|78/100|[from] Spikes
|move|p1a: Excadrill|Earthquake|p2a: Seismitoad
|-crit|p2a: Seismitoad
|-damage|p2a: Seismitoad|1/100
|
|-weather|Sandstorm|[upkeep]
|-heal|p2a: Seismitoad|7/100|[from] item: Leftovers
|upkeep
|turn|8
|
|t:|1741043291
|move|p1a: Excadrill|Earthquake|p2a: Seismitoad
|-damage|p2a: Seismitoad|0 fnt
|faint|p2a: Seismitoad
|
|-weather|Sandstorm|[upkeep]
|upkeep
|
|t:|1741043297
|switch|p2a: Flygon|Flygon, M|100/100
|-damage|p2a: Flygon|95/100|[from] Stealth Rock
|turn|9
|
|t:|1741043303
|switch|p1a: Gengar|Gengar, M|100/100
|move|p2a: Flygon|U-turn|p1a: Gengar
|-resisted|p1a: Gengar
|-damage|p1a: Gengar|91/100
|
|t:|1741043312
|switch|p2a: Bronzong|Bronzong|100/100|[from] U-turn
|-damage|p2a: Bronzong|94/100|[from] Stealth Rock
|
|-weather|Sandstorm|[upkeep]
|-damage|p1a: Gengar|85/100|[from] Sandstorm
|upkeep
|turn|10
|
|t:|1741043317
|switch|p1a: Excadrill|Excadrill, F|88/100
|-ability|p1a: Excadrill|Mold Breaker
|move|p2a: Bronzong|Trick Room|p2a: Bronzong
|-fieldstart|move: Trick Room|[of] p2a: Bronzong
|
|-weather|Sandstorm|[upkeep]
|upkeep
|turn|11
|
|t:|1741043320
|move|p2a: Bronzong|Earthquake|p1a: Excadrill
|-supereffective|p1a: Excadrill
|-damage|p1a: Excadrill|0 fnt
|faint|p1a: Excadrill
|-damage|p2a: Bronzong|85/100|[from] item: Life Orb
|
|-weather|Sandstorm|[upkeep]
|upkeep
|
|t:|1741043327
|switch|p1a: Tyranitar|Tyranitar, M|100/100
|turn|12
|
|t:|1741043330
|move|p2a: Bronzong|Earthquake|p1a: Tyranitar
|-supereffective|p1a: Tyranitar
|-crit|p1a: Tyranitar
|-damage|p1a: Tyranitar|0 fnt
|faint|p1a: Tyranitar
|-damage|p2a: Bronzong|75/100|[from] item: Life Orb
|
|-weather|Sandstorm|[upkeep]
|upkeep
|
|t:|1741043342
|switch|p1a: Gengar|Gengar, M|85/100
|turn|13
|
|t:|1741043359
|move|p2a: Bronzong|Gyro Ball|p1a: Gengar
|-damage|p1a: Gengar|0 fnt
|faint|p1a: Gengar
|-damage|p2a: Bronzong|65/100|[from] item: Life Orb
|
|-weather|Sandstorm|[upkeep]
|upkeep
|
|t:|1741043364
|switch|p1a: Garchomp|Garchomp, M|100/100
|turn|14
|
|t:|1741043367
|move|p2a: Bronzong|Gyro Ball|p1a: Garchomp
|-damage|p1a: Garchomp|8/100
|-damage|p2a: Bronzong|53/100|[from] ability: Rough Skin|[of] p1a: Garchomp
|-damage|p2a: Bronzong|43/100|[from] item: Life Orb
|move|p1a: Garchomp|Outrage|p2a: Bronzong
|-resisted|p2a: Bronzong
|-damage|p2a: Bronzong|17/100
|
|-weather|Sandstorm|[upkeep]
|-fieldend|move: Trick Room
|upkeep
|turn|15
|
|t:|1741043371
|move|p1a: Garchomp|Outrage|p2a: Bronzong|[from] lockedmove
|-resisted|p2a: Bronzong
|-damage|p2a: Bronzong|0 fnt
|faint|p2a: Bronzong
|
|-weather|Sandstorm|[upkeep]
|upkeep
|
|t:|1741043375
|switch|p2a: Reuniclus|Reuniclus, F|100/100
|turn|16
|
|t:|1741043377
|move|p1a: Garchomp|Outrage|p2a: Reuniclus|[from] lockedmove
|-damage|p2a: Reuniclus|42/100
|-start|p1a: Garchomp|confusion|[fatigue]
|move|p2a: Reuniclus|Psychic|p1a: Garchomp
|-damage|p1a: Garchomp|0 fnt
|faint|p1a: Garchomp
|
|win|leoperi99
|raw|SattleBimulator's rating: 1384 &rarr; <strong>1375</strong><br />(-9 for losing)
|raw|leoperi99's rating: 1606 &rarr; <strong>1615</strong><br />(+9 for winning)
|l|☆SattleBimulator
|player|p1|
|c|☆leoperi99|gg
