|j|☆Alexia B.
|j|☆SchmooMaster
|t:|1738271234
|gametype|singles
|player|p1|Alexia B.|cynthia|1452
|player|p2|SchmooMaster|hilbert|1372
|teamsize|p1|6
|teamsize|p2|6
|gen|5
|tier|[Gen 5] OU
|rated|
|rule|Species Clause: Limit one of each Pokémon
|rule|OHKO Clause: OHKO moves are banned
|rule|Moody Clause: Moody is banned
|rule|Evasion Items Clause: Evasion items are banned
|rule|Evasion Moves Clause: Evasion moves are banned
|rule|Endless Battle Clause: Forcing endless battles is banned
|rule|HP Percentage Mod: HP is shown in percentages
|rule|Evasion Abilities Clause: Evasion abilities are banned
|rule|Sleep Moves Clause: Sleep-inducing moves are banned
|rule|Swagger Clause: Swagger is banned
|rule|Baton Pass Stat Clause: No Baton Passer may have a way to boost its stats
|clearpoke
|poke|p1|Keldeo|item
|poke|p1|Ferrothorn, F|item
|poke|p1|Scizor, M|item
|poke|p1|Latios, M|item
|poke|p1|Tyranitar, F|item
|poke|p1|Landorus-Therian, M|item
|poke|p2|Jirachi|item
|poke|p2|Magnezone|item
|poke|p2|Kyurem-Black|item
|poke|p2|Latios, M|item
|poke|p2|Garchomp, F|item
|poke|p2|Mamoswine, M|item
|teampreview
|
|t:|1738271244
|start
|switch|p1a: Landorus|Landorus-Therian, M|100/100
|switch|p2a: Jirachi|Jirachi|100/100
|-ability|p1a: Landorus|Intimidate|boost
|-unboost|p2a: Jirachi|atk|1
|turn|1
|
|t:|1738271257
|move|p1a: Landorus|Earthquake|p2a: Jirachi
|-supereffective|p2a: Jirachi
|-damage|p2a: Jirachi|11/100
|move|p2a: Jirachi|Icy Wind|p1a: Landorus
|-supereffective|p1a: Landorus
|-damage|p1a: Landorus|33/100
|-unboost|p1a: Landorus|spe|1
|
|-heal|p2a: Jirachi|17/100|[from] item: Leftovers
|upkeep
|turn|2
|
|t:|1738271268
|switch|p2a: Latios|Latios, M|100/100
|switch|p1a: Ferrothorn|Ferrothorn, F|100/100
|
|upkeep
|turn|3
|
|t:|1738271274
|move|p2a: Latios|Trick|p1a: Ferrothorn
|-activate|p2a: Latios|move: Trick|[of] p1a: Ferrothorn
|-item|p1a: Ferrothorn|Choice Scarf|[from] move: Trick
|-item|p2a: Latios|Mental Herb|[from] move: Trick
|move|p1a: Ferrothorn|Spikes|p2a: Latios
|-sidestart|p2: SchmooMaster|Spikes
|
|upkeep
|turn|4
|c|☆SchmooMaster|Mental Herb??
|
|t:|1738271300
|switch|p2a: Magnezone|Magnezone|100/100
|-item|p2a: Magnezone|Air Balloon
|switch|p1a: Tyranitar|Tyranitar, F, shiny|100/100
|-weather|Sandstorm|[from] ability: Sand Stream|[of] p1a: Tyranitar
|
|-weather|Sandstorm|[upkeep]
|upkeep
|turn|5
|
|t:|1738271315
|switch|p2a: Mamoswine|Mamoswine, M|100/100
|-damage|p2a: Mamoswine|88/100|[from] Spikes
|move|p1a: Tyranitar|Fire Punch|p2a: Mamoswine
|-supereffective|p2a: Mamoswine
|-damage|p2a: Mamoswine|40/100
|
|-weather|Sandstorm|[upkeep]
|upkeep
|turn|6
|
|t:|1738271326
|move|p2a: Mamoswine|Superpower|p1a: Tyranitar
|-supereffective|p1a: Tyranitar
|-damage|p1a: Tyranitar|0 fnt
|-unboost|p2a: Mamoswine|atk|1
|-unboost|p2a: Mamoswine|def|1
|faint|p1a: Tyranitar
|-damage|p2a: Mamoswine|30/100|[from] item: Life Orb
|
|-weather|Sandstorm|[upkeep]
|upkeep
|
|t:|1738271339
|switch|p1a: Keldeo|Keldeo|100/100
|turn|7
|
|t:|1738271358
|switch|p2a: Kyurem|Kyurem-Black|100/100
|-damage|p2a: Kyurem|88/100|[from] Spikes
|-ability|p2a: Kyurem|Teravolt
|move|p1a: Keldeo|Secret Sword|p2a: Kyurem
|-supereffective|p2a: Kyurem
|-damage|p2a: Kyurem|0 fnt
|faint|p2a: Kyurem
|
|-weather|Sandstorm|[upkeep]
|-damage|p1a: Keldeo|94/100|[from] Sandstorm
|upkeep
|
|t:|1738271372
|switch|p2a: Latios|Latios, M|100/100
|turn|8
|
|t:|1738271382
|switch|p1a: Ferrothorn|Ferrothorn, F|100/100
|move|p2a: Latios|Draco Meteor|p1a: Ferrothorn
|-resisted|p1a: Ferrothorn
|-damage|p1a: Ferrothorn|79/100
|-unboost|p2a: Latios|spa|2
|
|-weather|Sandstorm|[upkeep]
|-damage|p2a: Latios|95/100|[from] Sandstorm
|upkeep
|turn|9
|
|t:|1738271391
|switch|p2a: Magnezone|Magnezone|100/100
|-item|p2a: Magnezone|Air Balloon
|move|p1a: Ferrothorn|Leech Seed|p2a: Magnezone
|-start|p2a: Magnezone|move: Leech Seed
|
|-weather|Sandstorm|[upkeep]
|-damage|p2a: Magnezone|88/100|[from] Leech Seed|[of] p1a: Ferrothorn
|-heal|p1a: Ferrothorn|89/100|[silent]
|upkeep
|turn|10
|
|t:|1738271399
|move|p2a: Magnezone|Sunny Day|p2a: Magnezone
|-weather|SunnyDay
|move|p1a: Ferrothorn|Leech Seed||[still]
|-fail|p1a: Ferrothorn
|
|-weather|SunnyDay|[upkeep]
|-damage|p2a: Magnezone|76/100|[from] Leech Seed|[of] p1a: Ferrothorn
|-heal|p1a: Ferrothorn|99/100|[silent]
|upkeep
|turn|11
|
|t:|1738271405
|move|p2a: Magnezone|Hidden Power|p1a: Ferrothorn
|-supereffective|p1a: Ferrothorn
|-damage|p1a: Ferrothorn|0 fnt
|faint|p1a: Ferrothorn
|
|-weather|SunnyDay|[upkeep]
|upkeep
|
|t:|1738271416
|switch|p1a: Keldeo|Keldeo|94/100
|turn|12
|
|t:|1738271425
|switch|p2a: Jirachi|Jirachi|17/100
|-damage|p2a: Jirachi|5/100|[from] Spikes
|move|p1a: Keldeo|Secret Sword|p2a: Jirachi
|-damage|p2a: Jirachi|0 fnt
|faint|p2a: Jirachi
|
|-weather|SunnyDay|[upkeep]
|upkeep
|
|t:|1738271451
|switch|p2a: Latios|Latios, M|95/100
|turn|13
|
|t:|1738271472
|switch|p1a: Landorus|Landorus-Therian, M|33/100
|-ability|p1a: Landorus|Intimidate|boost
|-unboost|p2a: Latios|atk|1
|move|p2a: Latios|Draco Meteor|p1a: Landorus
|-damage|p1a: Landorus|0 fnt
|-unboost|p2a: Latios|spa|2
|faint|p1a: Landorus
|
|-weather|SunnyDay|[upkeep]
|upkeep
|
|t:|1738271476
|switch|p1a: Keldeo|Keldeo|94/100
|turn|14
|
|t:|1738271490
|move|p2a: Latios|Draco Meteor|p1a: Keldeo
|-crit|p1a: Keldeo
|-damage|p1a: Keldeo|0 fnt
|-unboost|p2a: Latios|spa|2
|faint|p1a: Keldeo
|
|-weather|none
|upkeep
|
|t:|1738271501
|switch|p1a: Latios|Latios, M|100/100
|turn|15
|
|t:|1738271506
|switch|p2a: Mamoswine|Mamoswine, M|30/100
|-damage|p2a: Mamoswine|18/100|[from] Spikes
|move|p1a: Latios|Dragon Pulse|p2a: Mamoswine
|-damage|p2a: Mamoswine|0 fnt
|faint|p2a: Mamoswine
|
|upkeep
|
|t:|1738271516
|switch|p2a: Magnezone|Magnezone|76/100
|-item|p2a: Magnezone|Air Balloon
|turn|16
|
|t:|1738271535
|move|p1a: Latios|Dragon Pulse|p2a: Magnezone
|-resisted|p2a: Magnezone
|-damage|p2a: Magnezone|46/100
|-enditem|p2a: Magnezone|Air Balloon
|move|p2a: Magnezone|Thunderbolt|p1a: Latios
|-resisted|p1a: Latios
|-damage|p1a: Latios|71/100
|-status|p1a: Latios|par
|
|upkeep
|turn|17
|
|t:|1738271546
|move|p2a: Magnezone|Thunderbolt|p1a: Latios
|-resisted|p1a: Latios
|-damage|p1a: Latios|44/100 par
|cant|p1a: Latios|par
|
|upkeep
|turn|18
|
|t:|1738271559
|move|p2a: Magnezone|Thunderbolt|p1a: Latios
|-resisted|p1a: Latios
|-damage|p1a: Latios|14/100 par
|move|p1a: Latios|Dragon Pulse|p2a: Magnezone
|-resisted|p2a: Magnezone
|-damage|p2a: Magnezone|13/100
|
|upkeep
|turn|19
|
|t:|1738271566
|move|p2a: Magnezone|Thunderbolt|p1a: Latios
|-resisted|p1a: Latios
|-damage|p1a: Latios|0 fnt
|faint|p1a: Latios
|
|upkeep
|
|t:|1738271569
|switch|p1a: Scizor|Scizor, M|100/100
|turn|20
|
|t:|1738271573
|move|p1a: Scizor|Bullet Punch|p2a: Magnezone
|-resisted|p2a: Magnezone
|-damage|p2a: Magnezone|5/100
|move|p2a: Magnezone|Hidden Power|p1a: Scizor
|-supereffective|p1a: Scizor
|-damage|p1a: Scizor|0 fnt
|faint|p1a: Scizor
|
|win|SchmooMaster
|raw|Alexia B.'s rating: 1452 &rarr; <strong>1427</strong><br />(-25 for losing)
|raw|SchmooMaster's rating: 1372 &rarr; <strong>1397</strong><br />(+25 for winning)
