|j|☆tetsuotheironman
|j|☆starmaster
|player|p1|tetsuotheironman|9
|player|p2|starmaster|265
|teamsize|p1|6
|teamsize|p2|6
|gametype|singles
|gen|5
|tier|[Gen 5] OU
|rated|
|rule|Sleep Clause Mod: Limit one foe put to sleep
|rule|Species Clause: Limit one of each Pokémon
|rule|OHKO Clause: OHKO moves are banned
|rule|Moody Clause: Moody is banned
|rule|Evasion Moves Clause: Evasion moves are banned
|rule|Endless Battle Clause: Forcing endless battles is banned
|rule|HP Percentage Mod: HP is shown in percentages
|rule|Evasion Abilities Clause: Evasion abilities are banned
|rule|Baton Pass Clause: Limit one Baton Passer, can't pass Spe and other stats simultaneously
|rule|Swagger Clause: Swagger is banned
|clearpoke
|poke|p1|Abomasnow, M|item
|poke|p1|Alakazam, M|item
|poke|p1|Tentacruel, M|item
|poke|p1|Mamoswine, M|item
|poke|p1|Kyurem-Black|item
|poke|p1|Jellicent, M|item
|poke|p2|Mienshao, M|item
|poke|p2|Tyranitar, M|item
|poke|p2|Skarmory, M|item
|poke|p2|Amoonguss, M|item
|poke|p2|Gliscor, M|item
|poke|p2|Alakazam, M|item
|teampreview
|
|start
|switch|p1a: Abomasnow|Abomasnow, M|100/100
|switch|p2a: Mienshao|Mienshao, M|100/100
|-weather|Hail|[from] ability: Snow Warning|[of] p1a: Abomasnow
|turn|1
|
|switch|p1a: Jellicent|Jellicent, M|100/100
|move|p2a: Mienshao|U-turn|p1a: Jellicent
|-resisted|p1a: Jellicent
|-damage|p1a: Jellicent|89/100
|
|switch|p2a: Tyranitar|Tyranitar, M|100/100
|-weather|Sandstorm|[from] ability: Sand Stream|[of] p2a: Tyranitar
|
|-weather|Sandstorm|[upkeep]
|-damage|p1a: Jellicent|82/100|[from] Sandstorm
|-heal|p1a: Jellicent|89/100|[from] item: Leftovers
|upkeep
|turn|2
|
|move|p2a: Tyranitar|Crunch|p1a: Jellicent
|-supereffective|p1a: Jellicent
|-damage|p1a: Jellicent|4/100
|-unboost|p1a: Jellicent|def|1
|move|p1a: Jellicent|Scald|p2a: Tyranitar
|-supereffective|p2a: Tyranitar
|-damage|p2a: Tyranitar|78/100
|
|-weather|Sandstorm|[upkeep]
|-damage|p1a: Jellicent|0 fnt|[from] Sandstorm
|upkeep
|faint|p1a: Jellicent
|j| markus3362
|
|switch|p1a: Mamoswine|Mamoswine, M|100/100
|turn|3
|
|switch|p2a: Skarmory|Skarmory, M|100/100
|move|p1a: Mamoswine|Stealth Rock|p2a: Skarmory
|-sidestart|p2: starmaster|move: Stealth Rock
|
|-weather|Sandstorm|[upkeep]
|upkeep
|turn|4
|l|markus3362
|
|switch|p1a: Kyurem|Kyurem-Black|100/100
|-ability|p1a: Kyurem|Teravolt
|move|p2a: Skarmory|Spikes|p1a: Kyurem
|-sidestart|p1: tetsuotheironman|Spikes
|
|-weather|Sandstorm|[upkeep]
|-damage|p1a: Kyurem|94/100|[from] Sandstorm
|-heal|p1a: Kyurem|100/100|[from] item: Leftovers
|upkeep
|turn|5
|
|move|p1a: Kyurem|Substitute|p1a: Kyurem
|-start|p1a: Kyurem|Substitute
|-damage|p1a: Kyurem|76/100
|move|p2a: Skarmory|Roost|p2a: Skarmory
|-fail|p2a: Skarmory
|
|-weather|Sandstorm|[upkeep]
|-damage|p1a: Kyurem|69/100|[from] Sandstorm
|-heal|p1a: Kyurem|76/100|[from] item: Leftovers
|upkeep
|turn|6
|
|move|p1a: Kyurem|Dragon Tail|p2a: Skarmory
|-resisted|p2a: Skarmory
|-damage|p2a: Skarmory|87/100
|-damage|p1a: Kyurem|59/100|[from] item: Rocky Helmet|[of] p2a: Skarmory
|drag|p2a: Alakazam|Alakazam, M|100/100
|
|-weather|Sandstorm|[upkeep]
|-damage|p1a: Kyurem|53/100|[from] Sandstorm
|-heal|p1a: Kyurem|59/100|[from] item: Leftovers
|upkeep
|turn|7
|
|switch|p2a: Skarmory|Skarmory, M|87/100
|-damage|p2a: Skarmory|75/100|[from] Stealth Rock
|move|p1a: Kyurem|Dragon Tail|p2a: Skarmory
|-resisted|p2a: Skarmory
|-damage|p2a: Skarmory|62/100
|-damage|p1a: Kyurem|43/100|[from] item: Rocky Helmet|[of] p2a: Skarmory
|drag|p2a: Amoonguss|Amoonguss, M|100/100
|-damage|p2a: Amoonguss|88/100|[from] Stealth Rock
|
|-weather|Sandstorm|[upkeep]
|-damage|p1a: Kyurem|36/100|[from] Sandstorm
|-damage|p2a: Amoonguss|82/100|[from] Sandstorm
|-heal|p1a: Kyurem|43/100|[from] item: Leftovers
|-heal|p2a: Amoonguss|88/100|[from] item: Black Sludge
|upkeep
|turn|8
|
|switch|p2a: Skarmory|Skarmory, M|62/100
|-damage|p2a: Skarmory|50/100|[from] Stealth Rock
|move|p1a: Kyurem|Ice Beam|p2a: Skarmory
|-damage|p2a: Skarmory|15/100
|
|-weather|Sandstorm|[upkeep]
|-damage|p1a: Kyurem|36/100|[from] Sandstorm
|-heal|p1a: Kyurem|43/100|[from] item: Leftovers
|upkeep
|turn|9
|
|switch|p2a: Tyranitar|Tyranitar, M|78/100
|-damage|p2a: Tyranitar|65/100|[from] Stealth Rock
|move|p1a: Kyurem|Ice Beam|p2a: Tyranitar
|-damage|p2a: Tyranitar|46/100
|
|-weather|Sandstorm|[upkeep]
|-damage|p1a: Kyurem|36/100|[from] Sandstorm
|-heal|p1a: Kyurem|43/100|[from] item: Leftovers
|upkeep
|turn|10
|
|move|p2a: Tyranitar|Stealth Rock|p1a: Kyurem
|-sidestart|p1: tetsuotheironman|move: Stealth Rock
|move|p1a: Kyurem|Dragon Tail|p2a: Tyranitar
|-damage|p2a: Tyranitar|17/100
|drag|p2a: Alakazam|Alakazam, M|100/100
|
|-weather|Sandstorm|[upkeep]
|-damage|p1a: Kyurem|36/100|[from] Sandstorm
|-heal|p1a: Kyurem|43/100|[from] item: Leftovers
|upkeep
|turn|11
|
|move|p2a: Alakazam|Psychic|p1a: Kyurem
|-end|p1a: Kyurem|Substitute
|move|p1a: Kyurem|Dragon Tail|p2a: Alakazam
|-damage|p2a: Alakazam|24/100
|drag|p2a: Tyranitar|Tyranitar, M|17/100
|-damage|p2a: Tyranitar|5/100|[from] Stealth Rock
|
|-weather|Sandstorm|[upkeep]
|-damage|p1a: Kyurem|36/100|[from] Sandstorm
|-heal|p1a: Kyurem|43/100|[from] item: Leftovers
|upkeep
|turn|12
|
|switch|p2a: Skarmory|Skarmory, M|15/100
|-damage|p2a: Skarmory|2/100|[from] Stealth Rock
|move|p1a: Kyurem|Roost|p1a: Kyurem
|-heal|p1a: Kyurem|93/100
|
|-weather|Sandstorm|[upkeep]
|-damage|p1a: Kyurem|86/100|[from] Sandstorm
|-heal|p1a: Kyurem|93/100|[from] item: Leftovers
|upkeep
|turn|13
|
|move|p1a: Kyurem|Ice Beam|p2a: Skarmory
|-damage|p2a: Skarmory|0 fnt
|faint|p2a: Skarmory
|
|-weather|Sandstorm|[upkeep]
|-damage|p1a: Kyurem|86/100|[from] Sandstorm
|-heal|p1a: Kyurem|93/100|[from] item: Leftovers
|upkeep
|
|switch|p2a: Mienshao|Mienshao, M|100/100
|-damage|p2a: Mienshao|95/100|[from] Stealth Rock
|turn|14
|
|switch|p1a: Tentacruel|Tentacruel, M, shiny|100/100
|-damage|p1a: Tentacruel|88/100|[from] Spikes
|-damage|p1a: Tentacruel|76/100|[from] Stealth Rock
|move|p2a: Mienshao|High Jump Kick|p1a: Tentacruel
|-resisted|p1a: Tentacruel
|-damage|p1a: Tentacruel|45/100
|
|-weather|Sandstorm|[upkeep]
|-damage|p2a: Mienshao|89/100|[from] Sandstorm
|-damage|p1a: Tentacruel|39/100|[from] Sandstorm
|-heal|p1a: Tentacruel|45/100|[from] item: Black Sludge
|upkeep
|turn|15
|
|switch|p2a: Tyranitar|Tyranitar, M|5/100
|-damage|p2a: Tyranitar|0 fnt|[from] Stealth Rock
|faint|p2a: Tyranitar
|move|p1a: Tentacruel|Rapid Spin|p2: Tyranitar|[notarget]
|-notarget
|
|-weather|Sandstorm|[upkeep]
|-damage|p1a: Tentacruel|39/100|[from] Sandstorm
|-heal|p1a: Tentacruel|45/100|[from] item: Black Sludge
|upkeep
|
|switch|p2a: Alakazam|Alakazam, M|24/100
|turn|16
|
|move|p2a: Alakazam|Psychic|p1a: Tentacruel
|-supereffective|p1a: Tentacruel
|-damage|p1a: Tentacruel|0 fnt
|faint|p1a: Tentacruel
|
|-weather|Sandstorm|[upkeep]
|upkeep
|
|switch|p1a: Abomasnow|Abomasnow, M|100/100
|-damage|p1a: Abomasnow|88/100|[from] Spikes
|-damage|p1a: Abomasnow|63/100|[from] Stealth Rock
|-weather|Hail|[from] ability: Snow Warning|[of] p1a: Abomasnow
|turn|17
|inactive|Battle timer is ON: inactive players will automatically lose when time's up. (requested by tetsuotheironman)
|
|move|p1a: Abomasnow|Ice Shard|p2a: Alakazam
|-damage|p2a: Alakazam|0 fnt
|faint|p2a: Alakazam
|
|-weather|Hail|[upkeep]
|upkeep
|
|switch|p2a: Mienshao|Mienshao, M|100/100
|-damage|p2a: Mienshao|95/100|[from] Stealth Rock
|turn|18
|
|move|p2a: Mienshao|High Jump Kick|p1a: Abomasnow
|-supereffective|p1a: Abomasnow
|-crit|p1a: Abomasnow
|-damage|p1a: Abomasnow|0 fnt
|faint|p1a: Abomasnow
|
|-weather|Hail|[upkeep]
|-damage|p2a: Mienshao|89/100|[from] Hail
|upkeep
|
|switch|p1a: Alakazam|Alakazam, M|100/100
|turn|19
|
|switch|p2a: Amoonguss|Amoonguss, M|100/100
|-damage|p2a: Amoonguss|88/100|[from] Stealth Rock
|move|p1a: Alakazam|Psyshock|p2a: Amoonguss
|-supereffective|p2a: Amoonguss
|-damage|p2a: Amoonguss|0 fnt
|faint|p2a: Amoonguss
|
|-weather|Hail|[upkeep]
|upkeep
|
|switch|p2a: Mienshao|Mienshao, M|100/100
|-damage|p2a: Mienshao|95/100|[from] Stealth Rock
|turn|20
|
|switch|p1a: Kyurem|Kyurem-Black|93/100
|-damage|p1a: Kyurem|68/100|[from] Stealth Rock
|-damage|p1a: Kyurem|55/100|[from] Spikes
|-ability|p1a: Kyurem|Teravolt
|move|p2a: Mienshao|U-turn|p1a: Kyurem
|-damage|p1a: Kyurem|38/100
|
|switch|p2a: Gliscor|Gliscor, M|100/100
|-damage|p2a: Gliscor|88/100|[from] Stealth Rock
|
|-weather|Hail|[upkeep]
|-damage|p2a: Gliscor|82/100|[from] Hail
|-heal|p1a: Kyurem|45/100|[from] item: Leftovers
|-status|p2a: Gliscor|tox|[from] item: Toxic Orb
|upkeep
|turn|21
|
|switch|p2a: Mienshao|Mienshao, M|100/100
|-damage|p2a: Mienshao|95/100|[from] Stealth Rock
|move|p1a: Kyurem|Ice Beam|p2a: Mienshao
|-damage|p2a: Mienshao|9/100
|
|-weather|Hail|[upkeep]
|-damage|p2a: Mienshao|3/100|[from] Hail
|-heal|p1a: Kyurem|51/100|[from] item: Leftovers
|upkeep
|turn|22
|
|move|p2a: Mienshao|High Jump Kick|p1a: Kyurem|[miss]
|-miss|p2a: Mienshao|p1a: Kyurem
|-damage|p2a: Mienshao|0 fnt|[from] highjumpkick
|faint|p2a: Mienshao
|move|p1a: Kyurem|Roost|p1a: Kyurem
|-heal|p1a: Kyurem|100/100
|
|-weather|Hail|[upkeep]
|upkeep
|-message|starmaster forfeited.
|
|win|tetsuotheironman
|l|☆starmaster
|raw|tetsuotheironman's rating: 1269 &rarr; <strong>1299</strong><br />(+30 for winning)
|raw|starmaster's rating: 1353 &rarr; <strong>1328</strong><br />(-25 for losing)
|l|☆tetsuotheironman
