|j|☆Invisible Paradigm
|j|☆Kante au PSG
|player|p1|Invisible Paradigm|acetrainer-gen2
|player|p2|Kante au PSG|1
|teamsize|p1|6
|teamsize|p2|6
|gametype|singles
|gen|5
|tier|[Gen 5] OU
|rated|
|rule|Sleep Clause Mod: Limit one foe put to sleep
|rule|Species Clause: Limit one of each Pokémon
|rule|OHKO Clause: OHKO moves are banned
|rule|Moody Clause: Moody is banned
|rule|Evasion Moves Clause: Evasion moves are banned
|rule|Endless Battle Clause: Forcing endless battles is banned
|rule|HP Percentage Mod: HP is shown in percentages
|rule|Evasion Abilities Clause: Evasion abilities are banned
|rule|Baton Pass Clause: Limit one Baton Passer, can't pass Spe and other stats simultaneously
|rule|Swagger Clause: Swagger is banned
|clearpoke
|poke|p1|Tyranitar, M|item
|poke|p1|Keldeo-Resolute|item
|poke|p1|Ferrothorn, F|item
|poke|p1|Bronzong|item
|poke|p1|Latias, F|item
|poke|p1|Gliscor, F|item
|poke|p2|Reuniclus, M|item
|poke|p2|Bronzong|item
|poke|p2|Tyranitar, F|item
|poke|p2|Keldeo|item
|poke|p2|Garchomp, F|item
|poke|p2|Amoonguss, F|item
|teampreview
|
|start
|switch|p1a: Gliscor|Gliscor, F|100/100
|switch|p2a: Keldeo|Keldeo|100/100
|turn|1
|
|move|p1a: Gliscor|Protect|p1a: Gliscor
|-singleturn|p1a: Gliscor|Protect
|move|p2a: Keldeo|Surf|p1a: Gliscor
|-activate|p1a: Gliscor|move: Protect
|
|-status|p1a: Gliscor|tox|[from] item: Toxic Orb
|upkeep
|turn|2
|
|switch|p2a: Amoonguss|Amoonguss, F|100/100
|switch|p1a: Ferrothorn|Ferrothorn, F|100/100
|
|upkeep
|turn|3
|
|switch|p2a: Bronzong|Bronzong|100/100
|switch|p1a: Gliscor|Gliscor, F|100/100 tox
|
|upkeep
|turn|4
|
|move|p1a: Gliscor|Taunt|p2a: Bronzong
|-start|p2a: Bronzong|move: Taunt
|cant|p2a: Bronzong|move: Taunt|Stealth Rock
|
|upkeep
|turn|5
|
|switch|p2a: Reuniclus|Reuniclus, M|100/100
|move|p1a: Gliscor|Knock Off|p2a: Reuniclus
|-supereffective|p2a: Reuniclus
|-damage|p2a: Reuniclus|94/100
|-enditem|p2a: Reuniclus|Leftovers|[from] move: Knock Off|[of] p1a: Gliscor
|
|upkeep
|turn|6
|
|switch|p2a: Keldeo|Keldeo|100/100
|move|p1a: Gliscor|Earthquake|p2a: Keldeo
|-damage|p2a: Keldeo|64/100
|
|upkeep
|turn|7
|
|move|p1a: Gliscor|Protect|p1a: Gliscor
|-singleturn|p1a: Gliscor|Protect
|move|p2a: Keldeo|Surf|p1a: Gliscor
|-activate|p1a: Gliscor|move: Protect
|
|upkeep
|turn|8
|
|switch|p2a: Bronzong|Bronzong|100/100
|switch|p1a: Latias|Latias, F|100/100
|
|upkeep
|turn|9
|
|switch|p1a: Tyranitar|Tyranitar, M|100/100
|-weather|Sandstorm|[from] ability: Sand Stream|[of] p1a: Tyranitar
|move|p2a: Bronzong|Stealth Rock|p1a: Tyranitar
|-sidestart|p1: Invisible Paradigm|move: Stealth Rock
|
|-weather|Sandstorm|[upkeep]
|upkeep
|turn|10
|
|switch|p2a: Garchomp|Garchomp, F|100/100
|move|p1a: Tyranitar|Stealth Rock|p2a: Garchomp
|-sidestart|p2: Kante au PSG|move: Stealth Rock
|
|-weather|Sandstorm|[upkeep]
|upkeep
|turn|11
|
|switch|p1a: Bronzong|Bronzong|100/100
|-damage|p1a: Bronzong|94/100|[from] Stealth Rock
|move|p2a: Garchomp|Swords Dance|p2a: Garchomp
|-boost|p2a: Garchomp|atk|2
|
|-weather|Sandstorm|[upkeep]
|-heal|p1a: Bronzong|100/100|[from] item: Leftovers
|upkeep
|turn|12
|
|move|p2a: Garchomp|Fire Fang|p1a: Bronzong|[miss]
|-miss|p2a: Garchomp|p1a: Bronzong
|move|p1a: Bronzong|Trick Room|p1a: Bronzong
|-fieldstart|move: Trick Room|[of] p1a: Bronzong
|
|-weather|Sandstorm|[upkeep]
|upkeep
|turn|13
|
|move|p1a: Bronzong|Hidden Power|p2a: Garchomp
|-supereffective|p2a: Garchomp
|-damage|p2a: Garchomp|41/100
|move|p2a: Garchomp|Fire Fang|p1a: Bronzong
|-supereffective|p1a: Bronzong
|-damage|p1a: Bronzong|20/100
|
|-weather|Sandstorm|[upkeep]
|-heal|p1a: Bronzong|26/100|[from] item: Leftovers
|upkeep
|turn|14
|
|switch|p2a: Reuniclus|Reuniclus, M|94/100
|move|p1a: Bronzong|Hidden Power|p2a: Reuniclus
|-damage|p2a: Reuniclus|82/100
|
|-weather|Sandstorm|[upkeep]
|-heal|p1a: Bronzong|32/100|[from] item: Leftovers
|upkeep
|turn|15
|
|switch|p1a: Gliscor|Gliscor, F|100/100 tox
|-damage|p1a: Gliscor|88/100 tox|[from] Stealth Rock
|switch|p2a: Amoonguss|Amoonguss, F|100/100
|-damage|p2a: Amoonguss|88/100|[from] Stealth Rock
|
|-weather|Sandstorm|[upkeep]
|-damage|p2a: Amoonguss|82/100|[from] Sandstorm
|-heal|p2a: Amoonguss|88/100|[from] item: Black Sludge
|-heal|p1a: Gliscor|100/100 tox|[from] ability: Poison Heal
|upkeep
|turn|16
|
|switch|p2a: Reuniclus|Reuniclus, M|82/100
|move|p1a: Gliscor|Earthquake|p2a: Reuniclus
|-damage|p2a: Reuniclus|58/100
|
|-weather|Sandstorm|[upkeep]
|-fieldend|move: Trick Room
|upkeep
|turn|17
|
|switch|p2a: Keldeo|Keldeo|64/100
|-damage|p2a: Keldeo|58/100|[from] Stealth Rock
|move|p1a: Gliscor|Taunt|p2a: Keldeo
|-start|p2a: Keldeo|move: Taunt
|
|-weather|Sandstorm|[upkeep]
|-damage|p2a: Keldeo|52/100|[from] Sandstorm
|upkeep
|turn|18
|
|move|p1a: Gliscor|Protect|p1a: Gliscor
|-singleturn|p1a: Gliscor|Protect
|move|p2a: Keldeo|Surf|p1a: Gliscor
|-activate|p1a: Gliscor|move: Protect
|
|-weather|Sandstorm|[upkeep]
|-damage|p2a: Keldeo|46/100|[from] Sandstorm
|upkeep
|turn|19
|
|switch|p2a: Reuniclus|Reuniclus, M|58/100
|switch|p1a: Bronzong|Bronzong|32/100
|-damage|p1a: Bronzong|26/100|[from] Stealth Rock
|
|-weather|Sandstorm|[upkeep]
|-heal|p1a: Bronzong|32/100|[from] item: Leftovers
|upkeep
|turn|20
|
|switch|p1a: Tyranitar|Tyranitar, M|100/100
|-damage|p1a: Tyranitar|88/100|[from] Stealth Rock
|move|p2a: Reuniclus|Recover|p2a: Reuniclus
|-heal|p2a: Reuniclus|100/100
|
|-weather|Sandstorm|[upkeep]
|upkeep
|turn|21
|
|-activate|p2a: Reuniclus|move: Pursuit
|move|p1a: Tyranitar|Pursuit|p2a: Reuniclus|[from]Pursuit
|-supereffective|p2a: Reuniclus
|-crit|p2a: Reuniclus
|-damage|p2a: Reuniclus|0 fnt
|-hint|A Pokemon can't switch between when it runs out of HP and when it faints
|faint|p2a: Reuniclus
|
|-weather|Sandstorm|[upkeep]
|upkeep
|c|☆Kante au PSG|gg
|-message|Kante au PSG forfeited.
|
|win|Invisible Paradigm
|l|☆Kante au PSG
|raw|Invisible Paradigm's rating: 1537 &rarr; <strong>1546</strong><br />(+9 for winning)
|raw|Kante au PSG's rating: 1321 &rarr; <strong>1312</strong><br />(-9 for losing)
