|j|☆av2336
|j|☆Blossummm
|t:|1715030300
|gametype|singles
|player|p1|av2336|pokemaniac-gen3rs|1317
|player|p2|Blossummm|roxie|1336
|teamsize|p1|6
|teamsize|p2|6
|gen|5
|tier|[Gen 5] OU
|rated|
|rule|Species Clause: Limit one of each Pokémon
|rule|OHKO Clause: OHKO moves are banned
|rule|Moody Clause: Moody is banned
|rule|Evasion Items Clause: Evasion items are banned
|rule|Evasion Moves Clause: Evasion moves are banned
|rule|Endless Battle Clause: Forcing endless battles is banned
|rule|HP Percentage Mod: HP is shown in percentages
|rule|Evasion Abilities Clause: Evasion abilities are banned
|rule|Sleep Moves Clause: Sleep-inducing moves are banned
|rule|Swagger Clause: Swagger is banned
|rule|Baton Pass Stat Clause: No Baton Passer may have a way to boost its stats
|clearpoke
|poke|p1|Bronzong|item
|poke|p1|Gallade, M|item
|poke|p1|Jellicent, M|item
|poke|p1|Conkeldurr, M|item
|poke|p1|Reuniclus, M|item
|poke|p1|Dragonite, M|item
|poke|p2|Tyranitar, F|item
|poke|p2|Alakazam, F|item
|poke|p2|Latios, M|item
|poke|p2|Ferrothorn, F|item
|poke|p2|Keldeo|item
|poke|p2|Landorus-Therian, M|item
|teampreview
|inactive|Battle timer is ON: inactive players will automatically lose when time's up. (requested by av2336)
|inactive|Blossummm has 120 seconds left.
|
|t:|1715030335
|start
|switch|p1a: Bronzong|Bronzong|100/100
|switch|p2a: Tyranitar|Tyranitar, F, shiny|100/100
|-weather|Sandstorm|[from] ability: Sand Stream|[of] p2a: Tyranitar
|turn|1
|
|t:|1715030355
|switch|p2a: Landorus|Landorus-Therian, M|100/100
|-ability|p2a: Landorus|Intimidate|boost
|-unboost|p1a: Bronzong|atk|1
|move|p1a: Bronzong|Stealth Rock|p2a: Landorus
|-sidestart|p2: Blossummm|move: Stealth Rock
|
|-weather|Sandstorm|[upkeep]
|upkeep
|turn|2
|
|t:|1715030373
|move|p2a: Landorus|Stealth Rock|p1a: Bronzong
|-sidestart|p1: av2336|move: Stealth Rock
|move|p1a: Bronzong|Trick Room|p1a: Bronzong
|-fieldstart|move: Trick Room|[of] p1a: Bronzong
|
|-weather|Sandstorm|[upkeep]
|upkeep
|turn|3
|
|t:|1715030391
|move|p1a: Bronzong|Explosion|p2a: Landorus
|-damage|p2a: Landorus|55/100
|faint|p1a: Bronzong
|move|p2a: Landorus|U-turn|p1: Bronzong|[notarget]
|-fail|p2a: Landorus
|
|-weather|Sandstorm|[upkeep]
|-heal|p2a: Landorus|61/100|[from] item: Leftovers
|upkeep
|
|t:|1715030407
|switch|p1a: Gallade|Gallade, M|100/100
|-damage|p1a: Gallade|94/100|[from] Stealth Rock
|turn|4
|
|t:|1715030431
|move|p1a: Gallade|Ice Punch|p2a: Landorus
|-supereffective|p2a: Landorus
|-damage|p2a: Landorus|0 fnt
|faint|p2a: Landorus
|-damage|p1a: Gallade|85/100|[from] item: Life Orb
|
|-weather|Sandstorm|[upkeep]
|-damage|p1a: Gallade|78/100|[from] Sandstorm
|upkeep
|inactive|Blossummm has 120 seconds left.
|
|t:|1715030457
|switch|p2a: Keldeo|Keldeo|100/100
|-damage|p2a: Keldeo|94/100|[from] Stealth Rock
|turn|5
|
|t:|1715030463
|move|p2a: Keldeo|Protect|p2a: Keldeo
|-singleturn|p2a: Keldeo|Protect
|move|p1a: Gallade|Leaf Blade|p2a: Keldeo
|-activate|p2a: Keldeo|move: Protect
|
|-weather|Sandstorm|[upkeep]
|-damage|p1a: Gallade|72/100|[from] Sandstorm
|-damage|p2a: Keldeo|88/100|[from] Sandstorm
|-heal|p2a: Keldeo|94/100|[from] item: Leftovers
|upkeep
|turn|6
|inactive|Blossummm has 120 seconds left.
|
|t:|1715030479
|switch|p2a: Latios|Latios, M|100/100
|-damage|p2a: Latios|88/100|[from] Stealth Rock
|move|p1a: Gallade|Leaf Blade|p2a: Latios
|-resisted|p2a: Latios
|-damage|p2a: Latios|56/100
|-damage|p1a: Gallade|62/100|[from] item: Life Orb
|
|-weather|Sandstorm|[upkeep]
|-damage|p1a: Gallade|56/100|[from] Sandstorm
|-damage|p2a: Latios|50/100|[from] Sandstorm
|-fieldend|move: Trick Room
|upkeep
|turn|7
|
|t:|1715030487
|move|p2a: Latios|Draco Meteor|p1a: Gallade
|-crit|p1a: Gallade
|-damage|p1a: Gallade|0 fnt
|-unboost|p2a: Latios|spa|2
|faint|p1a: Gallade
|
|-weather|Sandstorm|[upkeep]
|-damage|p2a: Latios|44/100|[from] Sandstorm
|upkeep
|
|t:|1715030497
|switch|p1a: Reuniclus|Reuniclus, M|100/100
|turn|8
|
|t:|1715030504
|switch|p2a: Tyranitar|Tyranitar, F, shiny|100/100
|-damage|p2a: Tyranitar|88/100|[from] Stealth Rock
|move|p1a: Reuniclus|Trick Room|p1a: Reuniclus
|-fieldstart|move: Trick Room|[of] p1a: Reuniclus
|
|-weather|Sandstorm|[upkeep]
|upkeep
|turn|9
|
|t:|1715030508
|move|p1a: Reuniclus|Focus Blast|p2a: Tyranitar
|-supereffective|p2a: Tyranitar
|-enditem|p2a: Tyranitar|Chople Berry|[eat]
|-enditem|p2a: Tyranitar|Chople Berry|[weaken]
|-damage|p2a: Tyranitar|35/100
|move|p2a: Tyranitar|Thunder Wave|p1a: Reuniclus
|-status|p1a: Reuniclus|par
|
|-weather|Sandstorm|[upkeep]
|upkeep
|turn|10
|
|t:|1715030518
|switch|p1a: Conkeldurr|Conkeldurr, M|100/100
|-damage|p1a: Conkeldurr|94/100|[from] Stealth Rock
|move|p2a: Tyranitar|Crunch|p1a: Conkeldurr
|-resisted|p1a: Conkeldurr
|-damage|p1a: Conkeldurr|78/100
|
|-weather|Sandstorm|[upkeep]
|-damage|p1a: Conkeldurr|72/100|[from] Sandstorm
|upkeep
|turn|11
|
|t:|1715030530
|move|p1a: Conkeldurr|Drain Punch|p2a: Tyranitar
|-supereffective|p2a: Tyranitar
|-damage|p2a: Tyranitar|0 fnt
|-heal|p1a: Conkeldurr|89/100|[from] drain|[of] p2a: Tyranitar
|faint|p2a: Tyranitar
|-damage|p1a: Conkeldurr|79/100|[from] item: Life Orb
|
|-weather|Sandstorm|[upkeep]
|-damage|p1a: Conkeldurr|73/100|[from] Sandstorm
|upkeep
|
|t:|1715030533
|switch|p2a: Keldeo|Keldeo|94/100
|-damage|p2a: Keldeo|88/100|[from] Stealth Rock
|turn|12
|
|t:|1715030539
|switch|p1a: Jellicent|Jellicent, M|100/100
|-damage|p1a: Jellicent|88/100|[from] Stealth Rock
|-item|p1a: Jellicent|Air Balloon
|move|p2a: Keldeo|Protect||[still]
|-fail|p2a: Keldeo
|
|-weather|Sandstorm|[upkeep]
|-damage|p1a: Jellicent|82/100|[from] Sandstorm
|-damage|p2a: Keldeo|82/100|[from] Sandstorm
|-heal|p2a: Keldeo|88/100|[from] item: Leftovers
|-fieldend|move: Trick Room
|upkeep
|turn|13
|
|t:|1715030548
|switch|p2a: Alakazam|Alakazam, F|100/100
|move|p1a: Jellicent|Trick Room|p1a: Jellicent
|-fieldstart|move: Trick Room|[of] p1a: Jellicent
|
|-weather|Sandstorm|[upkeep]
|-damage|p1a: Jellicent|76/100|[from] Sandstorm
|upkeep
|turn|14
|
|t:|1715030553
|move|p1a: Jellicent|Shadow Ball|p2a: Alakazam
|-supereffective|p2a: Alakazam
|-damage|p2a: Alakazam|0 fnt
|faint|p2a: Alakazam
|
|-weather|Sandstorm|[upkeep]
|-damage|p1a: Jellicent|70/100|[from] Sandstorm
|upkeep
|
|t:|1715030562
|switch|p2a: Ferrothorn|Ferrothorn, F|100/100
|-damage|p2a: Ferrothorn|95/100|[from] Stealth Rock
|turn|15
|
|t:|1715030569
|switch|p1a: Conkeldurr|Conkeldurr, M|73/100
|-damage|p1a: Conkeldurr|67/100|[from] Stealth Rock
|move|p2a: Ferrothorn|Power Whip|p1a: Conkeldurr
|-damage|p1a: Conkeldurr|34/100
|
|-weather|Sandstorm|[upkeep]
|-damage|p1a: Conkeldurr|28/100|[from] Sandstorm
|upkeep
|turn|16
|
|t:|1715030577
|move|p2a: Ferrothorn|Power Whip|p1a: Conkeldurr
|-damage|p1a: Conkeldurr|0 fnt
|faint|p1a: Conkeldurr
|
|-weather|Sandstorm|[upkeep]
|upkeep
|
|t:|1715030584
|switch|p1a: Reuniclus|Reuniclus, M|100/100 par
|turn|17
|
|t:|1715030590
|move|p1a: Reuniclus|Focus Blast|p2a: Ferrothorn
|-supereffective|p2a: Ferrothorn
|-damage|p2a: Ferrothorn|18/100
|-unboost|p2a: Ferrothorn|spd|1
|move|p2a: Ferrothorn|Knock Off|p1a: Reuniclus
|-supereffective|p1a: Reuniclus
|-damage|p1a: Reuniclus|92/100 par
|-enditem|p1a: Reuniclus|Life Orb|[from] move: Knock Off|[of] p2a: Ferrothorn
|
|-weather|Sandstorm|[upkeep]
|-fieldend|move: Trick Room
|upkeep
|turn|18
|
|t:|1715030603
|move|p2a: Ferrothorn|Power Whip|p1a: Reuniclus|[miss]
|-miss|p2a: Ferrothorn|p1a: Reuniclus
|move|p1a: Reuniclus|Trick Room|p1a: Reuniclus
|-fieldstart|move: Trick Room|[of] p1a: Reuniclus
|
|-weather|Sandstorm|[upkeep]
|upkeep
|turn|19
|
|t:|1715030608
|move|p1a: Reuniclus|Psyshock|p2a: Ferrothorn
|-resisted|p2a: Ferrothorn
|-damage|p2a: Ferrothorn|3/100
|move|p2a: Ferrothorn|Power Whip|p1a: Reuniclus
|-damage|p1a: Reuniclus|56/100 par
|
|-weather|Sandstorm|[upkeep]
|upkeep
|turn|20
|
|t:|1715030616
|move|p1a: Reuniclus|Psyshock|p2a: Ferrothorn
|-resisted|p2a: Ferrothorn
|-damage|p2a: Ferrothorn|0 fnt
|faint|p2a: Ferrothorn
|
|-weather|Sandstorm|[upkeep]
|upkeep
|
|t:|1715030633
|switch|p2a: Keldeo|Keldeo|88/100
|-damage|p2a: Keldeo|82/100|[from] Stealth Rock
|turn|21
|
|t:|1715030641
|move|p2a: Keldeo|Protect|p2a: Keldeo
|-singleturn|p2a: Keldeo|Protect
|move|p1a: Reuniclus|Psyshock|p2a: Keldeo
|-activate|p2a: Keldeo|move: Protect
|
|-weather|Sandstorm|[upkeep]
|-damage|p2a: Keldeo|76/100|[from] Sandstorm
|-heal|p2a: Keldeo|82/100|[from] item: Leftovers
|upkeep
|turn|22
|
|t:|1715030650
|move|p1a: Reuniclus|Psyshock|p2a: Keldeo
|-supereffective|p2a: Keldeo
|-damage|p2a: Keldeo|0 fnt
|faint|p2a: Keldeo
|
|-weather|Sandstorm|[upkeep]
|-fieldend|move: Trick Room
|upkeep
|
|t:|1715030653
|switch|p2a: Latios|Latios, M|44/100
|-damage|p2a: Latios|32/100|[from] Stealth Rock
|turn|23
|
|t:|1715030656
|move|p2a: Latios|Draco Meteor|p1a: Reuniclus
|-damage|p1a: Reuniclus|0 fnt
|-unboost|p2a: Latios|spa|2
|faint|p1a: Reuniclus
|
|-weather|Sandstorm|[upkeep]
|-damage|p2a: Latios|26/100|[from] Sandstorm
|upkeep
|
|t:|1715030659
|switch|p1a: Jellicent|Jellicent, M|70/100
|-damage|p1a: Jellicent|57/100|[from] Stealth Rock
|-item|p1a: Jellicent|Air Balloon
|turn|24
|
|t:|1715030662
|move|p2a: Latios|Draco Meteor|p1a: Jellicent
|-damage|p1a: Jellicent|28/100
|-unboost|p2a: Latios|spa|2
|-enditem|p1a: Jellicent|Air Balloon
|move|p1a: Jellicent|Trick Room|p1a: Jellicent
|-fieldstart|move: Trick Room|[of] p1a: Jellicent
|
|-weather|Sandstorm|[upkeep]
|-damage|p1a: Jellicent|22/100|[from] Sandstorm
|-damage|p2a: Latios|20/100|[from] Sandstorm
|upkeep
|turn|25
|
|t:|1715030665
|move|p1a: Jellicent|Shadow Ball|p2a: Latios
|-supereffective|p2a: Latios
|-damage|p2a: Latios|0 fnt
|faint|p2a: Latios
|
|win|av2336
|raw|av2336's rating: 1317 &rarr; <strong>1338</strong><br />(+21 for winning)
|raw|Blossummm's rating: 1336 &rarr; <strong>1315</strong><br />(-21 for losing)
