|join|Wüstenfuchs
|join|alex32
|player|p1|Wüstenfuchs|256
|player|p2|alex32|123
|gametype|singles
|gen|5
|tier|[Gen 5] OU
|rated
|rule|Evasion Abilities Clause: Evasion abilities are banned
|clearpoke
|poke|p1|Politoed, M
|poke|p1|Rotom-Wash
|poke|p1|Celebi
|poke|p1|Tornadus, M
|poke|p1|Forretress, M
|poke|p1|Keldeo
|poke|p2|Skarmory, M
|poke|p2|Celebi
|poke|p2|Landorus-Therian, M
|poke|p2|Heatran, M
|poke|p2|Starmie
|poke|p2|Rotom-Wash
|rule|Sleep Clause Mod: Limit one foe put to sleep
|rule|Species Clause: Limit one of each Pokemon
|rule|OHKO Clause: OHKO moves are banned
|rule|Moody Clause: Moody is banned
|rule|Evasion Moves Clause: Evasion moves are banned
|rule|Endless Battle Clause: Forcing endless battles is banned.
|rule|HP Percentage Mod: HP is reported as percentages
|teampreview
|chat|alex32|hi
|chat|alex32|gl hf
|chat|Wüstenfuchs|you too.
|
|start
|switch|p1a: Politoed|Politoed, M|384/384
|switch|p2a: Celebi|Celebi|396/396
|-weather|RainDance|[from] ability: Drizzle|[of] p1a: Politoed
|turn|1
|
|move|p2a: Celebi|Stealth Rock|p1a: Politoed
|-sidestart|p1: Wüstenfuchs|move: Stealth Rock
|move|p1a: Politoed|Ice Beam|p2a: Celebi
|-supereffective|p2a: Celebi
|-damage|p2a: Celebi|254/396
|
|-weather|RainDance|[upkeep]
|-heal|p2a: Celebi|278/396|[from] item: Leftovers
|turn|2
|
|switch|p1a: Celebi|Celebi|396/396
|-damage|p1a: Celebi|347/396|[from] Stealth Rock
|move|p2a: Celebi|Giga Drain|p1a: Celebi
|-resisted|p1a: Celebi
|-damage|p1a: Celebi|282/396
|-heal|p2a: Celebi|311/396|[from] drain|[of] p1a: Celebi
|
|-weather|RainDance|[upkeep]
|-heal|p1a: Celebi|306/396|[from] item: Leftovers
|-heal|p2a: Celebi|335/396|[from] item: Leftovers
|turn|3
|
|switch|p2a: Skarmory|Skarmory, M|327/327
|move|p1a: Celebi|U-turn|p2a: Skarmory
|-resisted|p2a: Skarmory
|-damage|p2a: Skarmory|319/327
|-damage|p1a: Celebi|240/396|[from] item: Rocky Helmet|[of] p2a: Skarmory
|
|switch|p1a: Keldeo|Keldeo|323/323
|-damage|p1a: Keldeo|303/323|[from] Stealth Rock
|
|-weather|RainDance|[upkeep]
|turn|4
|
|switch|p2a: Celebi|Celebi|335/396
|move|p1a: Keldeo|Hydro Pump|p2a: Celebi
|-resisted|p2a: Celebi
|-damage|p2a: Celebi|128/396
|-damage|p1a: Keldeo|271/323|[from] item: Life Orb
|
|-weather|RainDance|[upkeep]
|-heal|p2a: Celebi|152/396|[from] item: Leftovers
|turn|5
|
|switch|p2a: Rotom-Wash|Rotom-Wash|299/299
|move|p1a: Keldeo|Hydro Pump|p2a: Rotom-Wash
|-resisted|p2a: Rotom-Wash
|-damage|p2a: Rotom-Wash|101/299
|-damage|p1a: Keldeo|239/323|[from] item: Life Orb
|
|-weather|RainDance|[upkeep]
|-heal|p2a: Rotom-Wash|119/299|[from] item: Leftovers
|turn|6
|
|move|p1a: Keldeo|Secret Sword|p2a: Rotom-Wash
|-damage|p2a: Rotom-Wash|0 fnt
|-damage|p1a: Keldeo|207/323|[from] item: Life Orb
|faint|p2a: Rotom-Wash
|
|-weather|RainDance|[upkeep]
|
|switch|p2a: Starmie|Starmie|261/261
|turn|7
|
|switch|p1a: Celebi|Celebi|240/396
|-damage|p1a: Celebi|191/396|[from] Stealth Rock
|move|p2a: Starmie|Thunder|p1a: Celebi
|-resisted|p1a: Celebi
|-damage|p1a: Celebi|91/396
|-damage|p2a: Starmie|235/261|[from] item: Life Orb
|
|-weather|RainDance|[upkeep]
|-heal|p1a: Celebi|115/396|[from] item: Leftovers
|turn|8
|
|switch|p1a: Rotom-Wash|Rotom-Wash|241/241
|-damage|p1a: Rotom-Wash|211/241|[from] Stealth Rock
|move|p2a: Starmie|Ice Beam|p1a: Rotom-Wash
|-resisted|p1a: Rotom-Wash
|-damage|p1a: Rotom-Wash|130/241
|-damage|p2a: Starmie|209/261|[from] item: Life Orb
|
|-weather|RainDance|[upkeep]
|turn|9
|
|switch|p2a: Heatran|Heatran, M|386/386
|-item|p2a: Heatran|Air Balloon
|move|p1a: Rotom-Wash|Volt Switch|p2a: Heatran
|-damage|p2a: Heatran|289/386
|-enditem|p2a: Heatran|Air Balloon
|
|switch|p1a: Keldeo|Keldeo|207/323
|-damage|p1a: Keldeo|187/323|[from] Stealth Rock
|
|-weather|RainDance|[upkeep]
|turn|10
|
|switch|p2a: Landorus-Therian|Landorus-Therian, M|337/337
|-ability|p2a: Landorus-Therian|Intimidate|[of] p1a: Keldeo
|-unboost|p1a: Keldeo|atk|1
|move|p1a: Keldeo|Secret Sword|p2a: Landorus-Therian
|-resisted|p2a: Landorus-Therian
|-damage|p2a: Landorus-Therian|234/337
|-damage|p1a: Keldeo|155/323|[from] item: Life Orb
|
|-weather|RainDance|[upkeep]
|-heal|p2a: Landorus-Therian|255/337|[from] item: Leftovers
|turn|11
|
|move|p1a: Keldeo|Icy Wind|p2a: Landorus-Therian
|-supereffective|p2a: Landorus-Therian
|-damage|p2a: Landorus-Therian|0 fnt
|-damage|p1a: Keldeo|123/323|[from] item: Life Orb
|faint|p2a: Landorus-Therian
|
|-weather|RainDance|[upkeep]
|
|switch|p2a: Starmie|Starmie|209/261
|turn|12
|
|switch|p1a: Forretress|Forretress, M|354/354
|-damage|p1a: Forretress|310/354|[from] Stealth Rock
|move|p2a: Starmie|Thunder|p1a: Forretress
|-damage|p1a: Forretress|15/354
|-status|p1a: Forretress|par
|-damage|p2a: Starmie|183/261|[from] item: Life Orb
|
|-weather|RainDance|[upkeep]
|-heal|p1a: Forretress|37/354 par|[from] item: Leftovers
|turn|13
|
|move|p2a: Starmie|Hydro Pump|p1a: Forretress
|-crit|p1a: Forretress
|-damage|p1a: Forretress|0 fnt
|-damage|p2a: Starmie|157/261|[from] item: Life Orb
|faint|p1a: Forretress
|
|-weather|RainDance|[upkeep]
|
|switch|p1a: Tornadus|Tornadus, M|299/299
|-damage|p1a: Tornadus|225/299|[from] Stealth Rock
|turn|14
|
|switch|p2a: Skarmory|Skarmory, M|319/327
|move|p1a: Tornadus|Tailwind|p1a: Tornadus
|-sidestart|p1: Wüstenfuchs|move: Tailwind
|
|-weather|RainDance|[upkeep]
|turn|15
|
|switch|p1a: Rotom-Wash|Rotom-Wash|130/241
|-damage|p1a: Rotom-Wash|100/241|[from] Stealth Rock
|move|p2a: Skarmory|Spikes|p1a: Rotom-Wash
|-sidestart|p1: Wüstenfuchs|Spikes
|
|-weather|RainDance|[upkeep]
|turn|16
|
|move|p1a: Rotom-Wash|Thunder|p2a: Skarmory
|-supereffective|p2a: Skarmory
|-damage|p2a: Skarmory|0 fnt
|faint|p2a: Skarmory
|
|-weather|RainDance|[upkeep]
|
|switch|p2a: Heatran|Heatran, M|289/386
|turn|17
|
|move|p1a: Rotom-Wash|Hydro Pump|p2a: Heatran
|-supereffective|p2a: Heatran
|-damage|p2a: Heatran|0 fnt
|faint|p2a: Heatran
|
|-weather|RainDance|[upkeep]
|-sideend|p1: Wüstenfuchs|move: Tailwind
|
|switch|p2a: Celebi|Celebi|152/396
|turn|18
|
|switch|p1a: Celebi|Celebi|115/396
|-damage|p1a: Celebi|66/396|[from] Spikes
|-damage|p1a: Celebi|17/396|[from] Stealth Rock
|move|p2a: Celebi|Giga Drain|p1a: Celebi
|-resisted|p1a: Celebi
|-damage|p1a: Celebi|0 fnt
|-heal|p2a: Celebi|161/396|[from] drain|[of] p1a: Celebi
|faint|p1a: Celebi
|
|-weather|RainDance|[upkeep]
|-heal|p2a: Celebi|185/396|[from] item: Leftovers
|
|switch|p1a: Tornadus|Tornadus, M|225/299
|-damage|p1a: Tornadus|151/299|[from] Stealth Rock
|turn|19
|
|move|p1a: Tornadus|U-turn|p2a: Celebi
|-crit|p2a: Celebi
|-supereffective|p2a: Celebi
|-damage|p2a: Celebi|0 fnt
|faint|p2a: Celebi
|
|switch|p1a: Politoed|Politoed, M|384/384
|-damage|p1a: Politoed|336/384|[from] Spikes
|-damage|p1a: Politoed|288/384|[from] Stealth Rock
|
|-weather|RainDance|[upkeep]
|-heal|p1a: Politoed|312/384|[from] item: Leftovers
|
|switch|p2a: Starmie|Starmie|157/261
|turn|20
|chat|Wüstenfuchs|gg
|
|move|p2a: Starmie|Thunder|p1a: Politoed
|-supereffective|p1a: Politoed
|-damage|p1a: Politoed|0 fnt
|-damage|p2a: Starmie|131/261|[from] item: Life Orb
|faint|p1a: Politoed
|
|-weather|RainDance|[upkeep]
|
|switch|p1a: Tornadus|Tornadus, M|151/299
|-damage|p1a: Tornadus|77/299|[from] Stealth Rock
|turn|21
|
|move|p1a: Tornadus|Tailwind|p1a: Tornadus
|-sidestart|p1: Wüstenfuchs|move: Tailwind
|move|p2a: Starmie|Thunder|p1a: Tornadus
|-supereffective|p1a: Tornadus
|-damage|p1a: Tornadus|0 fnt
|-damage|p2a: Starmie|105/261|[from] item: Life Orb
|faint|p1a: Tornadus
|
|-weather|RainDance|[upkeep]
|
|switch|p1a: Rotom-Wash|Rotom-Wash|100/241
|-damage|p1a: Rotom-Wash|70/241|[from] Stealth Rock
|turn|22
|
|move|p1a: Rotom-Wash|Thunder|p2a: Starmie
|-supereffective|p2a: Starmie
|-damage|p2a: Starmie|0 fnt
|faint|p2a: Starmie
|
|win|Wüstenfuchs
|raw|Ladder updating...
|raw|Wüstenfuchs's rating: 1392 &rarr; <strong>1408</strong><br />(+16 for winning)
|raw|alex32's rating: 1323 &rarr; <strong>1307</strong><br />(-16 for losing)
|chat|alex32|gg
|leave|alex32
|player|p2