|j|☆i registered this
|j|☆stonya
|t:|1746243782
|gametype|singles
|player|p1|i registered this|266|1417
|player|p2|stonya|102|1337
|teamsize|p1|6
|teamsize|p2|6
|gen|5
|tier|[Gen 5] OU
|rated|
|rule|Species Clause: Limit one of each Pokémon
|rule|OHKO Clause: OHKO moves are banned
|rule|Moody Clause: Moody is banned
|rule|Evasion Items Clause: Evasion items are banned
|rule|Evasion Moves Clause: Evasion moves are banned
|rule|Endless Battle Clause: Forcing endless battles is banned
|rule|HP Percentage Mod: HP is shown in percentages
|rule|Evasion Abilities Clause: Evasion abilities are banned
|rule|Sleep Moves Clause: Sleep-inducing moves are banned
|rule|Swagger Clause: Swagger is banned
|rule|Baton Pass Stat Clause: No Baton Passer may have a way to boost its stats
|clearpoke
|poke|p1|Landorus-Therian, M|item
|poke|p1|Scrafty, M|item
|poke|p1|Chansey, F|item
|poke|p1|Vaporeon, M|item
|poke|p1|Politoed, M|item
|poke|p1|Tentacruel, M|item
|poke|p2|Tyranitar, M|item
|poke|p2|Magnezone|item
|poke|p2|Terrakion|item
|poke|p2|Latios, M|item
|poke|p2|Scizor, F|item
|poke|p2|Landorus-Therian, M|item
|teampreview
|inactive|Battle timer is ON: inactive players will automatically lose when time's up. (requested by i registered this)
|inactive|stonya has 120 seconds left.
|inactive|stonya has 90 seconds left.
|
|t:|1746243858
|start
|switch|p1a: Chansey|Chansey, F|100/100
|switch|p2a: Bron Bron|Landorus-Therian, M|100/100
|-ability|p2a: Bron Bron|Intimidate|boost
|-unboost|p1a: Chansey|atk|1
|turn|1
|
|t:|1746243867
|switch|p1a: Scrafty|Scrafty, M|100/100
|-ability|p1a: Scrafty|Intimidate|boost
|-unboost|p2a: Bron Bron|atk|1
|move|p2a: Bron Bron|U-turn|p1a: Scrafty
|-damage|p1a: Scrafty|86/100
|
|t:|1746243873
|switch|p2a: Miller|Scizor, F, shiny|100/100|[from] U-turn
|
|-heal|p1a: Scrafty|92/100|[from] item: Leftovers
|upkeep
|turn|2
|
|t:|1746243880
|move|p2a: Miller|U-turn|p1a: Scrafty
|-damage|p1a: Scrafty|53/100
|
|t:|1746243885
|switch|p2a: Bron Bron|Landorus-Therian, M|100/100|[from] U-turn
|-ability|p2a: Bron Bron|Intimidate|boost
|-unboost|p1a: Scrafty|atk|1
|move|p1a: Scrafty|Toxic|p2a: Bron Bron
|-status|p2a: Bron Bron|tox
|
|-heal|p1a: Scrafty|59/100|[from] item: Leftovers
|-damage|p2a: Bron Bron|94/100 tox|[from] psn
|upkeep
|turn|3
|
|t:|1746243890
|switch|p1a: Landorus|Landorus-Therian, M|100/100
|-ability|p1a: Landorus|Intimidate|boost
|-unboost|p2a: Bron Bron|atk|1
|move|p2a: Bron Bron|U-turn|p1a: Landorus
|-resisted|p1a: Landorus
|-damage|p1a: Landorus|93/100
|
|t:|1746243903
|switch|p2a: Bosh|Latios, M, shiny|100/100|[from] U-turn
|
|-heal|p1a: Landorus|99/100|[from] item: Leftovers
|upkeep
|turn|4
|
|t:|1746243916
|switch|p1a: Politoed|Politoed, M|100/100
|-weather|RainDance|[from] ability: Drizzle|[of] p1a: Politoed
|move|p2a: Bosh|Surf|p1a: Politoed
|-resisted|p1a: Politoed
|-damage|p1a: Politoed|77/100
|
|-weather|RainDance|[upkeep]
|-heal|p1a: Politoed|83/100|[from] item: Leftovers
|upkeep
|turn|5
|
|t:|1746243924
|move|p2a: Bosh|Energy Ball|p1a: Politoed
|-supereffective|p1a: Politoed
|-damage|p1a: Politoed|28/100
|move|p1a: Politoed|Scald|p2a: Bosh
|-resisted|p2a: Bosh
|-damage|p2a: Bosh|80/100
|
|-weather|RainDance|[upkeep]
|-heal|p1a: Politoed|35/100|[from] item: Leftovers
|upkeep
|turn|6
|
|t:|1746243931
|switch|p2a: Pat Riely|Tyranitar, M|100/100
|-weather|Sandstorm|[from] ability: Sand Stream|[of] p2a: Pat Riely
|switch|p1a: Chansey|Chansey, F|100/100
|
|-weather|Sandstorm|[upkeep]
|-damage|p1a: Chansey|94/100|[from] Sandstorm
|upkeep
|turn|7
|
|t:|1746243935
|switch|p1a: Landorus|Landorus-Therian, M|99/100
|-ability|p1a: Landorus|Intimidate|boost
|-unboost|p2a: Pat Riely|atk|1
|move|p2a: Pat Riely|Stealth Rock|p1a: Landorus
|-sidestart|p1: i registered this|move: Stealth Rock
|
|-weather|Sandstorm|[upkeep]
|-heal|p1a: Landorus|100/100|[from] item: Leftovers
|upkeep
|turn|8
|
|t:|1746243938
|move|p1a: Landorus|Stealth Rock|p2a: Pat Riely
|-sidestart|p2: stonya|move: Stealth Rock
|move|p2a: Pat Riely|Ice Beam|p1a: Landorus
|-supereffective|p1a: Landorus
|-damage|p1a: Landorus|0 fnt
|faint|p1a: Landorus
|
|-weather|Sandstorm|[upkeep]
|upkeep
|
|t:|1746243946
|switch|p1a: Scrafty|Scrafty, M|59/100
|-damage|p1a: Scrafty|53/100|[from] Stealth Rock
|-ability|p1a: Scrafty|Intimidate|boost
|-unboost|p2a: Pat Riely|atk|1
|turn|9
|
|t:|1746243951
|switch|p2a: Miller|Scizor, F, shiny|100/100
|-damage|p2a: Miller|88/100|[from] Stealth Rock
|move|p1a: Scrafty|Ice Punch|p2a: Miller
|-resisted|p2a: Miller
|-damage|p2a: Miller|81/100
|
|-weather|Sandstorm|[upkeep]
|-damage|p1a: Scrafty|47/100|[from] Sandstorm
|-heal|p1a: Scrafty|53/100|[from] item: Leftovers
|upkeep
|turn|10
|
|t:|1746243956
|move|p2a: Miller|U-turn|p1a: Scrafty
|-damage|p1a: Scrafty|15/100
|
|t:|1746243959
|switch|p2a: Bron Bron|Landorus-Therian, M|94/100 tox|[from] U-turn
|-damage|p2a: Bron Bron|82/100 tox|[from] Stealth Rock
|-ability|p2a: Bron Bron|Intimidate|boost
|-unboost|p1a: Scrafty|atk|1
|move|p1a: Scrafty|Rest|p1a: Scrafty
|-status|p1a: Scrafty|slp|[from] move: Rest
|-heal|p1a: Scrafty|100/100 slp|[silent]
|
|-weather|Sandstorm|[upkeep]
|-damage|p1a: Scrafty|94/100 slp|[from] Sandstorm
|-heal|p1a: Scrafty|100/100 slp|[from] item: Leftovers
|-damage|p2a: Bron Bron|76/100 tox|[from] psn
|upkeep
|turn|11
|
|t:|1746243965
|switch|p1a: Vaporeon|Vaporeon, M|100/100
|-damage|p1a: Vaporeon|88/100|[from] Stealth Rock
|move|p2a: Bron Bron|Earthquake|p1a: Vaporeon
|-damage|p1a: Vaporeon|41/100
|
|-weather|Sandstorm|[upkeep]
|-damage|p1a: Vaporeon|35/100|[from] Sandstorm
|-heal|p1a: Vaporeon|41/100|[from] item: Leftovers
|-damage|p2a: Bron Bron|64/100 tox|[from] psn
|upkeep
|turn|12
|
|t:|1746243971
|switch|p1a: Scrafty|Scrafty, M|100/100 slp
|-damage|p1a: Scrafty|94/100 slp|[from] Stealth Rock
|-ability|p1a: Scrafty|Intimidate|boost
|-unboost|p2a: Bron Bron|atk|1
|move|p2a: Bron Bron|Earthquake|p1a: Scrafty
|-damage|p1a: Scrafty|65/100 slp
|
|-weather|Sandstorm|[upkeep]
|-damage|p1a: Scrafty|59/100 slp|[from] Sandstorm
|-heal|p1a: Scrafty|65/100 slp|[from] item: Leftovers
|-damage|p2a: Bron Bron|46/100 tox|[from] psn
|upkeep
|turn|13
|
|t:|1746243976
|switch|p1a: Chansey|Chansey, F|94/100
|-damage|p1a: Chansey|82/100|[from] Stealth Rock
|move|p2a: Bron Bron|U-turn|p1a: Chansey
|-damage|p1a: Chansey|69/100
|
|t:|1746243980
|switch|p2a: Miller|Scizor, F, shiny|81/100|[from] U-turn
|-damage|p2a: Miller|69/100|[from] Stealth Rock
|
|-weather|Sandstorm|[upkeep]
|-damage|p1a: Chansey|63/100|[from] Sandstorm
|upkeep
|turn|14
|
|t:|1746243989
|switch|p1a: Tentacruel|Tentacruel, M|100/100
|-damage|p1a: Tentacruel|88/100|[from] Stealth Rock
|move|p2a: Miller|Superpower|p1a: Tentacruel
|-resisted|p1a: Tentacruel
|-damage|p1a: Tentacruel|57/100
|-unboost|p2a: Miller|atk|1
|-unboost|p2a: Miller|def|1
|
|-weather|Sandstorm|[upkeep]
|-damage|p1a: Tentacruel|51/100|[from] Sandstorm
|-heal|p1a: Tentacruel|57/100|[from] item: Black Sludge
|upkeep
|turn|15
|
|t:|1746244000
|switch|p2a: Bosh|Latios, M, shiny|80/100
|-damage|p2a: Bosh|68/100|[from] Stealth Rock
|move|p1a: Tentacruel|Rapid Spin|p2a: Bosh
|-damage|p2a: Bosh|64/100
|-sideend|p1: i registered this|Stealth Rock|[from] move: Rapid Spin|[of] p1a: Tentacruel
|
|-weather|Sandstorm|[upkeep]
|-damage|p2a: Bosh|58/100|[from] Sandstorm
|-damage|p1a: Tentacruel|51/100|[from] Sandstorm
|-heal|p1a: Tentacruel|57/100|[from] item: Black Sludge
|upkeep
|turn|16
|
|t:|1746244005
|move|p1a: Tentacruel|Protect|p1a: Tentacruel
|-singleturn|p1a: Tentacruel|Protect
|move|p2a: Bosh|Psyshock|p1a: Tentacruel
|-activate|p1a: Tentacruel|move: Protect
|
|-weather|Sandstorm|[upkeep]
|-damage|p2a: Bosh|52/100|[from] Sandstorm
|-damage|p1a: Tentacruel|51/100|[from] Sandstorm
|-heal|p1a: Tentacruel|57/100|[from] item: Black Sludge
|upkeep
|turn|17
|
|t:|1746244012
|switch|p1a: Scrafty|Scrafty, M|65/100 slp
|-ability|p1a: Scrafty|Intimidate|boost
|-unboost|p2a: Bosh|atk|1
|move|p2a: Bosh|Energy Ball|p1a: Scrafty
|-crit|p1a: Scrafty
|-damage|p1a: Scrafty|15/100 slp
|
|-weather|Sandstorm|[upkeep]
|-damage|p2a: Bosh|46/100|[from] Sandstorm
|-damage|p1a: Scrafty|9/100 slp|[from] Sandstorm
|-heal|p1a: Scrafty|15/100 slp|[from] item: Leftovers
|upkeep
|turn|18
|
|t:|1746244021
|switch|p1a: Chansey|Chansey, F|63/100
|move|p2a: Bosh|Draco Meteor|p1a: Chansey
|-damage|p1a: Chansey|42/100
|-unboost|p2a: Bosh|spa|2
|
|-weather|Sandstorm|[upkeep]
|-damage|p2a: Bosh|40/100|[from] Sandstorm
|-damage|p1a: Chansey|36/100|[from] Sandstorm
|upkeep
|turn|19
|
|t:|1746244027
|switch|p2a: Miller|Scizor, F, shiny|69/100
|-damage|p2a: Miller|56/100|[from] Stealth Rock
|move|p1a: Chansey|Soft-Boiled|p1a: Chansey
|-heal|p1a: Chansey|86/100
|
|-weather|Sandstorm|[upkeep]
|-damage|p1a: Chansey|80/100|[from] Sandstorm
|upkeep
|turn|20
|
|t:|1746244035
|switch|p1a: Tentacruel|Tentacruel, M|57/100
|move|p2a: Miller|U-turn|p1a: Tentacruel
|-resisted|p1a: Tentacruel
|-damage|p1a: Tentacruel|26/100
|
|t:|1746244041
|switch|p2a: Ray Allen|Magnezone|100/100|[from] U-turn
|-damage|p2a: Ray Allen|94/100|[from] Stealth Rock
|
|-weather|Sandstorm|[upkeep]
|-damage|p1a: Tentacruel|20/100|[from] Sandstorm
|-heal|p1a: Tentacruel|26/100|[from] item: Black Sludge
|-heal|p2a: Ray Allen|100/100|[from] item: Leftovers
|upkeep
|turn|21
|
|t:|1746244055
|move|p1a: Tentacruel|Scald|p2a: Ray Allen
|-damage|p2a: Ray Allen|70/100
|move|p2a: Ray Allen|Substitute|p2a: Ray Allen
|-start|p2a: Ray Allen|Substitute
|-damage|p2a: Ray Allen|45/100
|
|-weather|Sandstorm|[upkeep]
|-damage|p1a: Tentacruel|20/100|[from] Sandstorm
|-heal|p1a: Tentacruel|26/100|[from] item: Black Sludge
|-heal|p2a: Ray Allen|51/100|[from] item: Leftovers
|upkeep
|turn|22
|
|t:|1746244061
|switch|p1a: Chansey|Chansey, F|80/100
|move|p2a: Ray Allen|Charge Beam|p1a: Chansey
|-damage|p1a: Chansey|72/100
|
|-weather|Sandstorm|[upkeep]
|-damage|p1a: Chansey|66/100|[from] Sandstorm
|-heal|p2a: Ray Allen|57/100|[from] item: Leftovers
|upkeep
|turn|23
|
|t:|1746244064
|move|p2a: Ray Allen|Charge Beam|p1a: Chansey|[miss]
|-miss|p2a: Ray Allen|p1a: Chansey
|move|p1a: Chansey|Soft-Boiled|p1a: Chansey
|-heal|p1a: Chansey|100/100
|
|-weather|Sandstorm|[upkeep]
|-damage|p1a: Chansey|94/100|[from] Sandstorm
|-heal|p2a: Ray Allen|63/100|[from] item: Leftovers
|upkeep
|turn|24
|
|t:|1746244067
|move|p2a: Ray Allen|Charge Beam|p1a: Chansey
|-damage|p1a: Chansey|86/100
|-boost|p2a: Ray Allen|spa|1
|move|p1a: Chansey|Seismic Toss|p2a: Ray Allen
|-end|p2a: Ray Allen|Substitute
|
|-weather|Sandstorm|[upkeep]
|-damage|p1a: Chansey|80/100|[from] Sandstorm
|-heal|p2a: Ray Allen|69/100|[from] item: Leftovers
|upkeep
|turn|25
|
|t:|1746244072
|move|p2a: Ray Allen|Charge Beam|p1a: Chansey
|-damage|p1a: Chansey|67/100
|-boost|p2a: Ray Allen|spa|1
|move|p1a: Chansey|Seismic Toss|p2a: Ray Allen
|-damage|p2a: Ray Allen|34/100
|
|-weather|Sandstorm|[upkeep]
|-damage|p1a: Chansey|61/100|[from] Sandstorm
|-heal|p2a: Ray Allen|40/100|[from] item: Leftovers
|upkeep
|turn|26
|
|t:|1746244075
|move|p2a: Ray Allen|Flash Cannon|p1a: Chansey
|-damage|p1a: Chansey|34/100
|move|p1a: Chansey|Soft-Boiled|p1a: Chansey
|-heal|p1a: Chansey|84/100
|
|-weather|Sandstorm|[upkeep]
|-damage|p1a: Chansey|78/100|[from] Sandstorm
|-heal|p2a: Ray Allen|46/100|[from] item: Leftovers
|upkeep
|turn|27
|
|t:|1746244078
|move|p2a: Ray Allen|Flash Cannon|p1a: Chansey
|-damage|p1a: Chansey|54/100
|move|p1a: Chansey|Thunder Wave|p2a: Ray Allen
|-status|p2a: Ray Allen|par
|
|-weather|Sandstorm|[upkeep]
|-damage|p1a: Chansey|48/100|[from] Sandstorm
|-heal|p2a: Ray Allen|52/100 par|[from] item: Leftovers
|upkeep
|turn|28
|
|t:|1746244081
|move|p1a: Chansey|Soft-Boiled|p1a: Chansey
|-heal|p1a: Chansey|98/100
|move|p2a: Ray Allen|Flash Cannon|p1a: Chansey
|-damage|p1a: Chansey|71/100
|
|-weather|Sandstorm|[upkeep]
|-damage|p1a: Chansey|65/100|[from] Sandstorm
|-heal|p2a: Ray Allen|58/100 par|[from] item: Leftovers
|upkeep
|turn|29
|
|t:|1746244085
|move|p1a: Chansey|Seismic Toss|p2a: Ray Allen
|-damage|p2a: Ray Allen|22/100 par
|move|p2a: Ray Allen|Charge Beam|p1a: Chansey
|-crit|p1a: Chansey
|-damage|p1a: Chansey|34/100
|
|-weather|Sandstorm|[upkeep]
|-damage|p1a: Chansey|28/100|[from] Sandstorm
|-heal|p2a: Ray Allen|28/100 par|[from] item: Leftovers
|upkeep
|turn|30
|
|t:|1746244088
|move|p1a: Chansey|Soft-Boiled|p1a: Chansey
|-heal|p1a: Chansey|78/100
|move|p2a: Ray Allen|Flash Cannon|p1a: Chansey
|-damage|p1a: Chansey|54/100
|
|-weather|Sandstorm|[upkeep]
|-damage|p1a: Chansey|48/100|[from] Sandstorm
|-heal|p2a: Ray Allen|34/100 par|[from] item: Leftovers
|upkeep
|turn|31
|
|t:|1746244092
|move|p1a: Chansey|Soft-Boiled|p1a: Chansey
|-heal|p1a: Chansey|98/100
|cant|p2a: Ray Allen|par
|
|-weather|Sandstorm|[upkeep]
|-damage|p1a: Chansey|92/100|[from] Sandstorm
|-heal|p2a: Ray Allen|40/100 par|[from] item: Leftovers
|upkeep
|turn|32
|
|t:|1746244094
|move|p1a: Chansey|Seismic Toss|p2a: Ray Allen
|-damage|p2a: Ray Allen|5/100 par
|move|p2a: Ray Allen|Charge Beam|p1a: Chansey
|-damage|p1a: Chansey|74/100
|
|-weather|Sandstorm|[upkeep]
|-damage|p1a: Chansey|68/100|[from] Sandstorm
|-heal|p2a: Ray Allen|11/100 par|[from] item: Leftovers
|upkeep
|turn|33
|
|t:|1746244098
|move|p1a: Chansey|Seismic Toss|p2a: Ray Allen
|-damage|p2a: Ray Allen|0 fnt
|faint|p2a: Ray Allen
|
|-weather|Sandstorm|[upkeep]
|-damage|p1a: Chansey|62/100|[from] Sandstorm
|upkeep
|
|t:|1746244102
|switch|p2a: D.Wade|Terrakion|100/100
|-damage|p2a: D.Wade|94/100|[from] Stealth Rock
|turn|34
|
|t:|1746244107
|switch|p1a: Scrafty|Scrafty, M|15/100 slp
|-ability|p1a: Scrafty|Intimidate|boost
|-unboost|p2a: D.Wade|atk|1
|move|p2a: D.Wade|Close Combat|p1a: Scrafty
|-supereffective|p1a: Scrafty
|-damage|p1a: Scrafty|0 fnt
|-unboost|p2a: D.Wade|def|1
|-unboost|p2a: D.Wade|spd|1
|faint|p1a: Scrafty
|
|-weather|Sandstorm|[upkeep]
|upkeep
|
|t:|1746244111
|switch|p1a: Vaporeon|Vaporeon, M|41/100
|turn|35
|
|t:|1746244117
|move|p2a: D.Wade|Close Combat|p1a: Vaporeon
|-damage|p1a: Vaporeon|10/100
|-unboost|p2a: D.Wade|def|1
|-unboost|p2a: D.Wade|spd|1
|move|p1a: Vaporeon|Rest|p1a: Vaporeon
|-status|p1a: Vaporeon|slp|[from] move: Rest
|-heal|p1a: Vaporeon|100/100 slp|[silent]
|
|-weather|Sandstorm|[upkeep]
|-damage|p1a: Vaporeon|94/100 slp|[from] Sandstorm
|-heal|p1a: Vaporeon|100/100 slp|[from] item: Leftovers
|upkeep
|turn|36
|
|t:|1746244129
|switch|p2a: Bron Bron|Landorus-Therian, M|46/100 tox
|-damage|p2a: Bron Bron|34/100 tox|[from] Stealth Rock
|-ability|p2a: Bron Bron|Intimidate|boost
|-unboost|p1a: Vaporeon|atk|1
|cant|p1a: Vaporeon|slp
|
|-weather|Sandstorm|[upkeep]
|-damage|p1a: Vaporeon|94/100 slp|[from] Sandstorm
|-heal|p1a: Vaporeon|100/100 slp|[from] item: Leftovers
|-damage|p2a: Bron Bron|28/100 tox|[from] psn
|upkeep
|turn|37
|
|t:|1746244139
|move|p2a: Bron Bron|Earthquake|p1a: Vaporeon
|-damage|p1a: Vaporeon|56/100 slp
|cant|p1a: Vaporeon|slp
|
|-weather|Sandstorm|[upkeep]
|-damage|p1a: Vaporeon|50/100 slp|[from] Sandstorm
|-heal|p1a: Vaporeon|56/100 slp|[from] item: Leftovers
|-damage|p2a: Bron Bron|16/100 tox|[from] psn
|upkeep
|turn|38
|
|t:|1746244145
|move|p2a: Bron Bron|Earthquake|p1a: Vaporeon
|-damage|p1a: Vaporeon|11/100 slp
|-curestatus|p1a: Vaporeon|slp|[msg]
|move|p1a: Vaporeon|Rest|p1a: Vaporeon
|-status|p1a: Vaporeon|slp|[from] move: Rest
|-heal|p1a: Vaporeon|100/100 slp|[silent]
|
|-weather|Sandstorm|[upkeep]
|-damage|p1a: Vaporeon|94/100 slp|[from] Sandstorm
|-heal|p1a: Vaporeon|100/100 slp|[from] item: Leftovers
|-damage|p2a: Bron Bron|0 fnt|[from] psn
|faint|p2a: Bron Bron
|upkeep
|
|t:|1746244149
|switch|p2a: Bosh|Latios, M, shiny|40/100
|-damage|p2a: Bosh|27/100|[from] Stealth Rock
|turn|39
|
|t:|1746244158
|switch|p1a: Chansey|Chansey, F|62/100
|move|p2a: Bosh|Psyshock|p1a: Chansey
|-damage|p1a: Chansey|34/100
|
|-weather|Sandstorm|[upkeep]
|-damage|p2a: Bosh|21/100|[from] Sandstorm
|-damage|p1a: Chansey|27/100|[from] Sandstorm
|upkeep
|turn|40
|
|t:|1746244167
|switch|p1a: Vaporeon|Vaporeon, M|100/100 slp
|move|p2a: Bosh|Psyshock|p1a: Vaporeon
|-damage|p1a: Vaporeon|70/100 slp
|
|-weather|Sandstorm|[upkeep]
|-damage|p2a: Bosh|15/100|[from] Sandstorm
|-damage|p1a: Vaporeon|64/100 slp|[from] Sandstorm
|-heal|p1a: Vaporeon|70/100 slp|[from] item: Leftovers
|upkeep
|turn|41
|
|t:|1746244180
|switch|p1a: Chansey|Chansey, F|27/100
|move|p2a: Bosh|Psyshock|p1a: Chansey
|-damage|p1a: Chansey|0 fnt
|faint|p1a: Chansey
|
|-weather|Sandstorm|[upkeep]
|-damage|p2a: Bosh|9/100|[from] Sandstorm
|upkeep
|
|t:|1746244182
|switch|p1a: Tentacruel|Tentacruel, M|26/100
|turn|42
|
|t:|1746244185
|move|p1a: Tentacruel|Protect|p1a: Tentacruel
|-singleturn|p1a: Tentacruel|Protect
|move|p2a: Bosh|Psyshock|p1a: Tentacruel
|-activate|p1a: Tentacruel|move: Protect
|
|-weather|Sandstorm|[upkeep]
|-damage|p2a: Bosh|3/100|[from] Sandstorm
|-damage|p1a: Tentacruel|20/100|[from] Sandstorm
|-heal|p1a: Tentacruel|26/100|[from] item: Black Sludge
|upkeep
|turn|43
|
|t:|1746244189
|move|p1a: Tentacruel|Protect|p1a: Tentacruel
|-singleturn|p1a: Tentacruel|Protect
|move|p2a: Bosh|Energy Ball|p1a: Tentacruel
|-activate|p1a: Tentacruel|move: Protect
|
|-weather|Sandstorm|[upkeep]
|-damage|p2a: Bosh|0 fnt|[from] Sandstorm
|-damage|p1a: Tentacruel|20/100|[from] Sandstorm
|faint|p2a: Bosh
|-heal|p1a: Tentacruel|26/100|[from] item: Black Sludge
|upkeep
|
|t:|1746244193
|switch|p2a: D.Wade|Terrakion|94/100
|-damage|p2a: D.Wade|88/100|[from] Stealth Rock
|turn|44
|
|t:|1746244199
|switch|p1a: Politoed|Politoed, M|35/100
|-weather|RainDance|[from] ability: Drizzle|[of] p1a: Politoed
|move|p2a: D.Wade|Close Combat|p1a: Politoed
|-damage|p1a: Politoed|0 fnt
|-unboost|p2a: D.Wade|def|1
|-unboost|p2a: D.Wade|spd|1
|faint|p1a: Politoed
|
|-weather|RainDance|[upkeep]
|upkeep
|
|t:|1746244203
|switch|p1a: Vaporeon|Vaporeon, M|70/100 slp
|turn|45
|
|t:|1746244208
|switch|p2a: Pat Riely|Tyranitar, M|100/100
|-damage|p2a: Pat Riely|88/100|[from] Stealth Rock
|-weather|Sandstorm|[from] ability: Sand Stream|[of] p2a: Pat Riely
|cant|p1a: Vaporeon|slp
|
|-weather|Sandstorm|[upkeep]
|-damage|p1a: Vaporeon|64/100 slp|[from] Sandstorm
|-heal|p1a: Vaporeon|70/100 slp|[from] item: Leftovers
|-heal|p2a: Pat Riely|94/100|[from] item: Leftovers
|upkeep
|turn|46
|
|t:|1746244213
|cant|p1a: Vaporeon|slp
|move|p2a: Pat Riely|Roar|p1a: Vaporeon
|drag|p1a: Tentacruel|Tentacruel, M|26/100
|
|-weather|Sandstorm|[upkeep]
|-damage|p1a: Tentacruel|20/100|[from] Sandstorm
|-heal|p1a: Tentacruel|26/100|[from] item: Black Sludge
|-heal|p2a: Pat Riely|100/100|[from] item: Leftovers
|upkeep
|turn|47
|
|t:|1746244221
|move|p1a: Tentacruel|Toxic Spikes|p2a: Pat Riely
|-sidestart|p2: stonya|move: Toxic Spikes
|move|p2a: Pat Riely|Stealth Rock|p1a: Tentacruel
|-sidestart|p1: i registered this|move: Stealth Rock
|
|-weather|Sandstorm|[upkeep]
|-damage|p1a: Tentacruel|20/100|[from] Sandstorm
|-heal|p1a: Tentacruel|26/100|[from] item: Black Sludge
|upkeep
|turn|48
|
|t:|1746244225
|move|p1a: Tentacruel|Scald|p2a: Pat Riely
|-supereffective|p2a: Pat Riely
|-damage|p2a: Pat Riely|81/100
|move|p2a: Pat Riely|Roar|p1a: Tentacruel
|drag|p1a: Vaporeon|Vaporeon, M|70/100 slp
|-damage|p1a: Vaporeon|57/100 slp|[from] Stealth Rock
|
|-weather|Sandstorm|[upkeep]
|-damage|p1a: Vaporeon|51/100 slp|[from] Sandstorm
|-heal|p1a: Vaporeon|57/100 slp|[from] item: Leftovers
|-heal|p2a: Pat Riely|87/100|[from] item: Leftovers
|upkeep
|turn|49
|
|t:|1746244228
|cant|p1a: Vaporeon|slp
|move|p2a: Pat Riely|Roar|p1a: Vaporeon
|drag|p1a: Tentacruel|Tentacruel, M|26/100
|-damage|p1a: Tentacruel|13/100|[from] Stealth Rock
|
|-weather|Sandstorm|[upkeep]
|-damage|p1a: Tentacruel|7/100|[from] Sandstorm
|-heal|p1a: Tentacruel|13/100|[from] item: Black Sludge
|-heal|p2a: Pat Riely|93/100|[from] item: Leftovers
|upkeep
|turn|50
|
|t:|1746244232
|move|p1a: Tentacruel|Scald|p2a: Pat Riely
|-supereffective|p2a: Pat Riely
|-damage|p2a: Pat Riely|73/100
|move|p2a: Pat Riely|Roar|p1a: Tentacruel
|drag|p1a: Vaporeon|Vaporeon, M|57/100 slp
|-damage|p1a: Vaporeon|45/100 slp|[from] Stealth Rock
|
|-weather|Sandstorm|[upkeep]
|-damage|p1a: Vaporeon|39/100 slp|[from] Sandstorm
|-heal|p1a: Vaporeon|45/100 slp|[from] item: Leftovers
|-heal|p2a: Pat Riely|79/100|[from] item: Leftovers
|upkeep
|turn|51
|
|t:|1746244235
|switch|p2a: Miller|Scizor, F, shiny|56/100
|-damage|p2a: Miller|44/100|[from] Stealth Rock
|cant|p1a: Vaporeon|slp
|
|-weather|Sandstorm|[upkeep]
|-damage|p1a: Vaporeon|39/100 slp|[from] Sandstorm
|-heal|p1a: Vaporeon|45/100 slp|[from] item: Leftovers
|upkeep
|turn|52
|inactive|i registered this has 120 seconds left.
|c|☆stonya|:)
|inactive|i registered this has 90 seconds left.
|inactive|i registered this has 60 seconds left.
|inactive|i registered this has 30 seconds left.
|inactive|i registered this has 20 seconds left.
|inactive|i registered this has 15 seconds left.
|inactive|i registered this has 10 seconds left.
|inactive|i registered this has 5 seconds left.
|-message|i registered this lost due to inactivity.
|
|win|stonya
|raw|i registered this's rating: 1417 &rarr; <strong>1392</strong><br />(-25 for losing)
|raw|stonya's rating: 1337 &rarr; <strong>1362</strong><br />(+25 for winning)
