|j|☆JeffBeStraight01
|j|☆happy_hitbox
|t:|1728700759
|gametype|singles
|player|p1|JeffBeStraight01|may-contest|1259
|player|p2|happy_hitbox|102|1409
|teamsize|p1|6
|teamsize|p2|6
|gen|5
|tier|[Gen 5] OU
|rated|
|rule|Species Clause: Limit one of each Pokémon
|rule|OHKO Clause: OHKO moves are banned
|rule|Moody Clause: Moody is banned
|rule|Evasion Items Clause: Evasion items are banned
|rule|Evasion Moves Clause: Evasion moves are banned
|rule|Endless Battle Clause: Forcing endless battles is banned
|rule|HP Percentage Mod: HP is shown in percentages
|rule|Evasion Abilities Clause: Evasion abilities are banned
|rule|Sleep Moves Clause: Sleep-inducing moves are banned
|rule|Swagger Clause: Swagger is banned
|rule|Baton Pass Stat Clause: No Baton Passer may have a way to boost its stats
|clearpoke
|poke|p1|Tyranitar, F|item
|poke|p1|Skarmory, M|item
|poke|p1|Reuniclus, M|item
|poke|p1|Alakazam, F|item
|poke|p1|Gliscor, F|item
|poke|p1|Gastrodon, M|item
|poke|p2|Politoed, F|item
|poke|p2|Tentacruel, M|item
|poke|p2|Scizor, M|item
|poke|p2|Thundurus-Therian, M|item
|poke|p2|Seismitoad, M|item
|poke|p2|Breloom, M|item
|teampreview
|inactive|Battle timer is ON: inactive players will automatically lose when time's up. (requested by happy_hitbox)
|inactive|JeffBeStraight01 also wants the timer to be on.
|
|t:|1728700775
|start
|switch|p1a: Gliscor|Gliscor, F|100/100
|switch|p2a: Breloom|Breloom, M|100/100
|turn|1
|
|t:|1728700785
|move|p2a: Breloom|Swords Dance|p2a: Breloom
|-boost|p2a: Breloom|atk|2
|move|p1a: Gliscor|Knock Off|p2a: Breloom
|-resisted|p2a: Breloom
|-damage|p2a: Breloom|97/100
|-enditem|p2a: Breloom|Fist Plate|[from] move: Knock Off|[of] p1a: Gliscor
|
|-status|p1a: Gliscor|tox|[from] item: Toxic Orb
|upkeep
|turn|2
|
|t:|1728700794
|move|p2a: Breloom|Low Sweep|p1a: Gliscor
|-resisted|p1a: Gliscor
|-damage|p1a: Gliscor|68/100 tox
|-unboost|p1a: Gliscor|spe|1
|move|p1a: Gliscor|Stealth Rock|p2a: Breloom
|-sidestart|p2: happy_hitbox|move: Stealth Rock
|
|-heal|p1a: Gliscor|81/100 tox|[from] ability: Poison Heal
|upkeep
|turn|3
|
|t:|1728700805
|move|p2a: Breloom|Low Sweep|p1a: Gliscor
|-resisted|p1a: Gliscor
|-damage|p1a: Gliscor|50/100 tox
|-unboost|p1a: Gliscor|spe|1
|move|p1a: Gliscor|Earthquake|p2a: Breloom
|-resisted|p2a: Breloom
|-damage|p2a: Breloom|69/100
|
|-heal|p1a: Gliscor|63/100 tox|[from] ability: Poison Heal
|upkeep
|turn|4
|
|t:|1728700810
|move|p1a: Gliscor|Protect|p1a: Gliscor
|-singleturn|p1a: Gliscor|Protect
|move|p2a: Breloom|Bullet Seed|p1a: Gliscor
|-activate|p1a: Gliscor|move: Protect
|
|-heal|p1a: Gliscor|75/100 tox|[from] ability: Poison Heal
|upkeep
|turn|5
|
|t:|1728700814
|move|p2a: Breloom|Low Sweep|p1a: Gliscor
|-resisted|p1a: Gliscor
|-crit|p1a: Gliscor
|-damage|p1a: Gliscor|17/100 tox
|-unboost|p1a: Gliscor|spe|1
|move|p1a: Gliscor|Earthquake|p2a: Breloom
|-resisted|p2a: Breloom
|-damage|p2a: Breloom|42/100
|
|-heal|p1a: Gliscor|29/100 tox|[from] ability: Poison Heal
|upkeep
|turn|6
|
|t:|1728700826
|switch|p1a: Skarmory|Skarmory, M|100/100
|move|p2a: Breloom|Bullet Seed|p1a: Skarmory
|-resisted|p1a: Skarmory
|-damage|p1a: Skarmory|93/100
|-resisted|p1a: Skarmory
|-damage|p1a: Skarmory|87/100
|-resisted|p1a: Skarmory
|-damage|p1a: Skarmory|79/100
|-hitcount|p1a: Skarmory|3
|
|-heal|p1a: Skarmory|85/100|[from] item: Leftovers
|upkeep
|turn|7
|
|t:|1728700829
|switch|p2a: Politoed|Politoed, F|100/100
|-damage|p2a: Politoed|88/100|[from] Stealth Rock
|-weather|RainDance|[from] ability: Drizzle|[of] p2a: Politoed
|move|p1a: Skarmory|Brave Bird|p2a: Politoed
|-damage|p2a: Politoed|60/100
|-damage|p1a: Skarmory|74/100|[from] Recoil
|
|-weather|RainDance|[upkeep]
|-heal|p2a: Politoed|67/100|[from] item: Leftovers
|-heal|p1a: Skarmory|80/100|[from] item: Leftovers
|upkeep
|turn|8
|
|t:|1728700835
|switch|p1a: Gastrodon|Gastrodon, M|100/100
|move|p2a: Politoed|Scald|p1a: Gastrodon
|-ability|p1a: Gastrodon|Storm Drain|boost
|-boost|p1a: Gastrodon|spa|1
|
|-weather|RainDance|[upkeep]
|-heal|p2a: Politoed|73/100|[from] item: Leftovers
|upkeep
|turn|9
|
|t:|1728700843
|switch|p2a: Seismitoad|Seismitoad, M|100/100
|-damage|p2a: Seismitoad|94/100|[from] Stealth Rock
|move|p1a: Gastrodon|Earth Power|p2a: Seismitoad
|-damage|p2a: Seismitoad|50/100
|
|-weather|RainDance|[upkeep]
|-heal|p2a: Seismitoad|56/100|[from] item: Leftovers
|upkeep
|turn|10
|
|t:|1728700847
|move|p2a: Seismitoad|Stealth Rock|p1a: Gastrodon
|-sidestart|p1: JeffBeStraight01|move: Stealth Rock
|move|p1a: Gastrodon|Earth Power|p2a: Seismitoad
|-damage|p2a: Seismitoad|12/100
|
|-weather|RainDance|[upkeep]
|-heal|p2a: Seismitoad|18/100|[from] item: Leftovers
|upkeep
|turn|11
|
|t:|1728700851
|switch|p2a: Thundurus|Thundurus-Therian, M|100/100
|-damage|p2a: Thundurus|76/100|[from] Stealth Rock
|move|p1a: Gastrodon|Earth Power|p2a: Thundurus
|-immune|p2a: Thundurus
|
|-weather|RainDance|[upkeep]
|-heal|p2a: Thundurus|82/100|[from] item: Leftovers
|upkeep
|turn|12
|
|t:|1728700859
|switch|p2a: Tentacruel|Tentacruel, M|100/100
|-damage|p2a: Tentacruel|88/100|[from] Stealth Rock
|move|p1a: Gastrodon|Scald|p2a: Tentacruel
|-resisted|p2a: Tentacruel
|-damage|p2a: Tentacruel|66/100
|
|-weather|RainDance|[upkeep]
|-heal|p2a: Tentacruel|72/100|[from] ability: Rain Dish
|-heal|p2a: Tentacruel|78/100|[from] item: Black Sludge
|upkeep
|turn|13
|
|t:|1728700866
|move|p2a: Tentacruel|Protect|p2a: Tentacruel
|-singleturn|p2a: Tentacruel|Protect
|move|p1a: Gastrodon|Earth Power|p2a: Tentacruel
|-activate|p2a: Tentacruel|move: Protect
|
|-weather|RainDance|[upkeep]
|-heal|p2a: Tentacruel|84/100|[from] ability: Rain Dish
|-heal|p2a: Tentacruel|90/100|[from] item: Black Sludge
|upkeep
|turn|14
|
|t:|1728700869
|move|p2a: Tentacruel|Rapid Spin|p1a: Gastrodon
|-crit|p1a: Gastrodon
|-damage|p1a: Gastrodon|97/100
|-sideend|p2: happy_hitbox|Stealth Rock|[from] move: Rapid Spin|[of] p2a: Tentacruel
|move|p1a: Gastrodon|Scald|p2a: Tentacruel
|-resisted|p2a: Tentacruel
|-damage|p2a: Tentacruel|65/100
|
|-weather|RainDance|[upkeep]
|-heal|p2a: Tentacruel|71/100|[from] ability: Rain Dish
|-heal|p2a: Tentacruel|77/100|[from] item: Black Sludge
|-heal|p1a: Gastrodon|100/100|[from] item: Leftovers
|upkeep
|turn|15
|
|t:|1728700875
|switch|p2a: Breloom|Breloom, M|42/100
|move|p1a: Gastrodon|Earth Power|p2a: Breloom
|-resisted|p2a: Breloom
|-damage|p2a: Breloom|0 fnt
|faint|p2a: Breloom
|
|-weather|RainDance|[upkeep]
|upkeep
|
|t:|1728700885
|switch|p2a: Thundurus|Thundurus-Therian, M|82/100
|turn|16
|
|t:|1728700888
|move|p2a: Thundurus|Focus Blast|p1a: Gastrodon
|-damage|p1a: Gastrodon|55/100
|move|p1a: Gastrodon|Scald|p2a: Thundurus
|-damage|p2a: Thundurus|14/100
|
|-weather|RainDance|[upkeep]
|-heal|p2a: Thundurus|20/100|[from] item: Leftovers
|-heal|p1a: Gastrodon|62/100|[from] item: Leftovers
|upkeep
|turn|17
|-message|happy_hitbox forfeited.
|
|win|JeffBeStraight01
|raw|JeffBeStraight01's rating: 1259 &rarr; <strong>1294</strong><br />(+35 for winning)
|raw|happy_hitbox's rating: 1409 &rarr; <strong>1381</strong><br />(-28 for losing)
|l|☆happy_hitbox
|player|p2|
