|j|☆donkedonkemonke
|j|☆WeR#4Hay!
|t:|1743278270
|gametype|singles
|player|p1|donkedonkemonke|hilbert|1325
|player|p2|WeR#4Hay!|266|1406
|teamsize|p1|6
|teamsize|p2|6
|gen|5
|tier|[Gen 5] OU
|rated|
|rule|Species Clause: Limit one of each Pokémon
|rule|OHKO Clause: OHKO moves are banned
|rule|Moody Clause: Moody is banned
|rule|Evasion Items Clause: Evasion items are banned
|rule|Evasion Moves Clause: Evasion moves are banned
|rule|Endless Battle Clause: Forcing endless battles is banned
|rule|HP Percentage Mod: HP is shown in percentages
|rule|Evasion Abilities Clause: Evasion abilities are banned
|rule|Sleep Moves Clause: Sleep-inducing moves are banned
|rule|Swagger Clause: Swagger is banned
|rule|Baton Pass Stat Clause: No Baton Passer may have a way to boost its stats
|clearpoke
|poke|p1|Politoed, M|item
|poke|p1|Tentacruel, M|item
|poke|p1|Ferrothorn, F|item
|poke|p1|Keldeo-Resolute|item
|poke|p1|Thundurus-Therian, M|item
|poke|p1|Latios, M|item
|poke|p2|Breloom, M|item
|poke|p2|Heatran, M|item
|poke|p2|Rotom-Wash|item
|poke|p2|Jirachi|item
|poke|p2|Latias, F|item
|poke|p2|Landorus-Therian, M|item
|teampreview
|inactive|Battle timer is ON: inactive players will automatically lose when time's up. (requested by donkedonkemonke)
|
|t:|1743278323
|start
|switch|p1a: Politoed|Politoed, M|100/100
|switch|p2a: Hanako Ueda|Latias, F|100/100
|-weather|RainDance|[from] ability: Drizzle|[of] p1a: Politoed
|turn|1
|
|t:|1743278333
|switch|p2a: Satoshi Nakano|Jirachi|100/100
|move|p1a: Politoed|Toxic|p2a: Satoshi Nakano
|-immune|p2a: Satoshi Nakano
|
|-weather|RainDance|[upkeep]
|upkeep
|turn|2
|
|t:|1743278338
|move|p2a: Satoshi Nakano|Stealth Rock|p1a: Politoed
|-sidestart|p1: donkedonkemonke|move: Stealth Rock
|move|p1a: Politoed|Scald|p2a: Satoshi Nakano
|-damage|p2a: Satoshi Nakano|75/100
|
|-weather|RainDance|[upkeep]
|upkeep
|turn|3
|
|t:|1743278340
|move|p2a: Satoshi Nakano|U-turn|p1a: Politoed
|-damage|p1a: Politoed|84/100
|
|t:|1743278349
|switch|p2a: Aito Ohashi|Rotom-Wash|100/100|[from] U-turn
|move|p1a: Politoed|Encore||[still]
|-fail|p1a: Politoed
|
|-weather|RainDance|[upkeep]
|-heal|p1a: Politoed|90/100|[from] item: Leftovers
|upkeep
|turn|4
|
|t:|1743278358
|move|p1a: Politoed|Protect|p1a: Politoed
|-singleturn|p1a: Politoed|Protect
|move|p2a: Aito Ohashi|Volt Switch|p1a: Politoed
|-activate|p1a: Politoed|move: Protect
|
|-weather|RainDance|[upkeep]
|-heal|p1a: Politoed|96/100|[from] item: Leftovers
|upkeep
|turn|5
|
|t:|1743278365
|move|p1a: Politoed|Toxic|p2a: Aito Ohashi
|-status|p2a: Aito Ohashi|tox
|move|p2a: Aito Ohashi|Will-O-Wisp|p1a: Politoed
|-status|p1a: Politoed|brn
|
|-weather|RainDance|[upkeep]
|-heal|p1a: Politoed|100/100 brn|[from] item: Leftovers
|-damage|p2a: Aito Ohashi|94/100 tox|[from] psn
|-damage|p1a: Politoed|88/100 brn|[from] brn
|upkeep
|turn|6
|j| Nao mona
|
|t:|1743278372
|switch|p1a: Ferrothorn|Ferrothorn, F|100/100
|-damage|p1a: Ferrothorn|94/100|[from] Stealth Rock
|switch|p2a: Hanako Ueda|Latias, F|100/100
|
|-weather|RainDance|[upkeep]
|-heal|p1a: Ferrothorn|100/100|[from] item: Leftovers
|upkeep
|turn|7
|
|t:|1743278378
|switch|p2a: Masaaki Iwane|Breloom, M|100/100
|move|p1a: Ferrothorn|Stealth Rock|p2a: Masaaki Iwane
|-sidestart|p2: WeR#4Hay!|move: Stealth Rock
|
|-weather|RainDance|[upkeep]
|upkeep
|turn|8
|
|t:|1743278386
|switch|p1a: Tentacruel|Tentacruel, M|100/100
|-damage|p1a: Tentacruel|88/100|[from] Stealth Rock
|move|p2a: Masaaki Iwane|Superpower|p1a: Tentacruel
|-resisted|p1a: Tentacruel
|-damage|p1a: Tentacruel|23/100
|-unboost|p2a: Masaaki Iwane|atk|1
|-unboost|p2a: Masaaki Iwane|def|1
|
|-weather|RainDance|[upkeep]
|-heal|p1a: Tentacruel|29/100|[from] ability: Rain Dish
|-heal|p1a: Tentacruel|35/100|[from] item: Black Sludge
|upkeep
|turn|9
|
|t:|1743278393
|move|p1a: Tentacruel|Protect|p1a: Tentacruel
|-singleturn|p1a: Tentacruel|Protect
|move|p2a: Masaaki Iwane|Superpower|p1a: Tentacruel
|-activate|p1a: Tentacruel|move: Protect
|
|-weather|RainDance|[upkeep]
|-heal|p1a: Tentacruel|41/100|[from] ability: Rain Dish
|-heal|p1a: Tentacruel|47/100|[from] item: Black Sludge
|upkeep
|turn|10
|
|t:|1743278404
|move|p1a: Tentacruel|Rapid Spin|p2a: Masaaki Iwane
|-damage|p2a: Masaaki Iwane|94/100
|-sideend|p1: donkedonkemonke|Stealth Rock|[from] move: Rapid Spin|[of] p1a: Tentacruel
|move|p2a: Masaaki Iwane|Superpower|p1a: Tentacruel
|-resisted|p1a: Tentacruel
|-damage|p1a: Tentacruel|4/100
|-unboost|p2a: Masaaki Iwane|atk|1
|-unboost|p2a: Masaaki Iwane|def|1
|
|-weather|RainDance|[upkeep]
|-heal|p1a: Tentacruel|10/100|[from] ability: Rain Dish
|-heal|p1a: Tentacruel|16/100|[from] item: Black Sludge
|upkeep
|turn|11
|
|t:|1743278411
|move|p1a: Tentacruel|Protect|p1a: Tentacruel
|-singleturn|p1a: Tentacruel|Protect
|move|p2a: Masaaki Iwane|Superpower|p1a: Tentacruel
|-activate|p1a: Tentacruel|move: Protect
|
|-weather|RainDance|[upkeep]
|-heal|p1a: Tentacruel|22/100|[from] ability: Rain Dish
|-heal|p1a: Tentacruel|28/100|[from] item: Black Sludge
|upkeep
|turn|12
|
|t:|1743278416
|switch|p1a: Thundurus|Thundurus-Therian, M|100/100
|move|p2a: Masaaki Iwane|Superpower|p1a: Thundurus
|-resisted|p1a: Thundurus
|-damage|p1a: Thundurus|72/100
|-unboost|p2a: Masaaki Iwane|atk|1
|-unboost|p2a: Masaaki Iwane|def|1
|
|-weather|RainDance|[upkeep]
|-heal|p1a: Thundurus|79/100|[from] item: Leftovers
|upkeep
|turn|13
|
|t:|1743278421
|switch|p2a: Takeshi Maenami|Heatran, M|100/100
|-damage|p2a: Takeshi Maenami|88/100|[from] Stealth Rock
|-item|p2a: Takeshi Maenami|Air Balloon
|move|p1a: Thundurus|Substitute|p1a: Thundurus
|-start|p1a: Thundurus|Substitute
|-damage|p1a: Thundurus|54/100
|
|-weather|RainDance|[upkeep]
|-heal|p1a: Thundurus|60/100|[from] item: Leftovers
|upkeep
|turn|14
|
|t:|1743278424
|move|p1a: Thundurus|Thunder|p2a: Takeshi Maenami
|-damage|p2a: Takeshi Maenami|20/100
|-enditem|p2a: Takeshi Maenami|Air Balloon
|move|p2a: Takeshi Maenami|Hidden Power|p1a: Thundurus
|-supereffective|p1a: Thundurus
|-end|p1a: Thundurus|Substitute
|
|-weather|RainDance|[upkeep]
|-heal|p1a: Thundurus|66/100|[from] item: Leftovers
|upkeep
|turn|15
|
|t:|1743278433
|switch|p2a: Yusuke Oshida|Landorus-Therian, M|100/100
|-damage|p2a: Yusuke Oshida|88/100|[from] Stealth Rock
|-ability|p2a: Yusuke Oshida|Intimidate|boost
|-unboost|p1a: Thundurus|atk|1
|move|p1a: Thundurus|Thunder|p2a: Yusuke Oshida
|-immune|p2a: Yusuke Oshida
|
|-weather|RainDance|[upkeep]
|-heal|p1a: Thundurus|72/100|[from] item: Leftovers
|upkeep
|turn|16
|
|t:|1743278442
|switch|p1a: Politoed|Politoed, M|88/100 brn
|move|p2a: Yusuke Oshida|U-turn|p1a: Politoed
|-damage|p1a: Politoed|66/100 brn
|
|t:|1743278450
|switch|p2a: Satoshi Nakano|Jirachi|75/100|[from] U-turn
|-damage|p2a: Satoshi Nakano|69/100|[from] Stealth Rock
|
|-weather|RainDance|[upkeep]
|-heal|p1a: Politoed|72/100 brn|[from] item: Leftovers
|-damage|p1a: Politoed|60/100 brn|[from] brn
|upkeep
|turn|17
|
|t:|1743278453
|move|p2a: Satoshi Nakano|Stealth Rock|p1a: Politoed
|-sidestart|p1: donkedonkemonke|move: Stealth Rock
|move|p1a: Politoed|Scald|p2a: Satoshi Nakano
|-damage|p2a: Satoshi Nakano|46/100
|
|-weather|RainDance|[upkeep]
|-heal|p1a: Politoed|66/100 brn|[from] item: Leftovers
|-damage|p1a: Politoed|53/100 brn|[from] brn
|upkeep
|turn|18
|
|t:|1743278459
|move|p2a: Satoshi Nakano|U-turn|p1a: Politoed
|-damage|p1a: Politoed|38/100 brn
|
|t:|1743278461
|switch|p2a: Aito Ohashi|Rotom-Wash|94/100 tox|[from] U-turn
|-damage|p2a: Aito Ohashi|82/100 tox|[from] Stealth Rock
|move|p1a: Politoed|Scald|p2a: Aito Ohashi
|-resisted|p2a: Aito Ohashi
|-damage|p2a: Aito Ohashi|64/100 tox
|
|-weather|RainDance|[upkeep]
|-heal|p1a: Politoed|44/100 brn|[from] item: Leftovers
|-heal|p2a: Aito Ohashi|70/100 tox|[from] item: Leftovers
|-damage|p2a: Aito Ohashi|64/100 tox|[from] psn
|-damage|p1a: Politoed|31/100 brn|[from] brn
|upkeep
|turn|19
|
|t:|1743278476
|move|p1a: Politoed|Protect|p1a: Politoed
|-singleturn|p1a: Politoed|Protect
|move|p2a: Aito Ohashi|Sunny Day|p2a: Aito Ohashi
|-weather|SunnyDay
|
|-weather|SunnyDay|[upkeep]
|-heal|p1a: Politoed|37/100 brn|[from] item: Leftovers
|-heal|p2a: Aito Ohashi|70/100 tox|[from] item: Leftovers
|-damage|p2a: Aito Ohashi|58/100 tox|[from] psn
|-damage|p1a: Politoed|25/100 brn|[from] brn
|upkeep
|turn|20
|
|t:|1743278490
|switch|p2a: Takeshi Maenami|Heatran, M|20/100
|-damage|p2a: Takeshi Maenami|8/100|[from] Stealth Rock
|move|p1a: Politoed|Encore||[still]
|-fail|p1a: Politoed
|
|-weather|SunnyDay|[upkeep]
|-heal|p1a: Politoed|31/100 brn|[from] item: Leftovers
|-damage|p1a: Politoed|19/100 brn|[from] brn
|upkeep
|turn|21
|
|t:|1743278508
|switch|p1a: Tentacruel|Tentacruel, M|28/100
|-damage|p1a: Tentacruel|15/100|[from] Stealth Rock
|move|p2a: Takeshi Maenami|Lava Plume|p1a: Tentacruel
|-resisted|p1a: Tentacruel
|-damage|p1a: Tentacruel|0 fnt
|faint|p1a: Tentacruel
|
|-weather|SunnyDay|[upkeep]
|upkeep
|
|t:|1743278527
|switch|p1a: Latios|Latios, M|100/100
|-damage|p1a: Latios|88/100|[from] Stealth Rock
|turn|22
|inactive|WeR#4Hay! has 120 seconds left.
|inactive|WeR#4Hay! has 90 seconds left.
|
|t:|1743278589
|switch|p2a: Satoshi Nakano|Jirachi|46/100
|-damage|p2a: Satoshi Nakano|40/100|[from] Stealth Rock
|move|p1a: Latios|Dragon Pulse|p2a: Satoshi Nakano
|-resisted|p2a: Satoshi Nakano
|-damage|p2a: Satoshi Nakano|20/100
|
|-weather|SunnyDay|[upkeep]
|upkeep
|turn|23
|inactive|WeR#4Hay! has 90 seconds left.
|
|t:|1743278612
|move|p1a: Latios|Dragon Pulse|p2a: Satoshi Nakano
|-resisted|p2a: Satoshi Nakano
|-damage|p2a: Satoshi Nakano|0 fnt
|faint|p2a: Satoshi Nakano
|
|-weather|none
|upkeep
|
|t:|1743278615
|switch|p2a: Yusuke Oshida|Landorus-Therian, M|88/100
|-damage|p2a: Yusuke Oshida|76/100|[from] Stealth Rock
|-ability|p2a: Yusuke Oshida|Intimidate|boost
|-unboost|p1a: Latios|atk|1
|turn|24
|
|t:|1743278622
|switch|p1a: Ferrothorn|Ferrothorn, F|100/100
|-damage|p1a: Ferrothorn|94/100|[from] Stealth Rock
|move|p2a: Yusuke Oshida|U-turn|p1a: Ferrothorn
|-damage|p1a: Ferrothorn|76/100
|-damage|p2a: Yusuke Oshida|63/100|[from] ability: Iron Barbs|[of] p1a: Ferrothorn
|
|t:|1743278626
|switch|p2a: Masaaki Iwane|Breloom, M|94/100|[from] U-turn
|-damage|p2a: Masaaki Iwane|88/100|[from] Stealth Rock
|
|-heal|p1a: Ferrothorn|83/100|[from] item: Leftovers
|upkeep
|turn|25
|
|t:|1743278631
|switch|p1a: Politoed|Politoed, M|19/100 brn
|-damage|p1a: Politoed|7/100 brn|[from] Stealth Rock
|-weather|RainDance|[from] ability: Drizzle|[of] p1a: Politoed
|move|p2a: Masaaki Iwane|Low Sweep|p1a: Politoed
|-damage|p1a: Politoed|0 fnt
|faint|p1a: Politoed
|
|-weather|RainDance|[upkeep]
|upkeep
|
|t:|1743278644
|switch|p1a: Latios|Latios, M|88/100
|-damage|p1a: Latios|76/100|[from] Stealth Rock
|turn|26
|inactive|WeR#4Hay! has 120 seconds left.
|
|t:|1743278650
|switch|p2a: Takeshi Maenami|Heatran, M|8/100
|-damage|p2a: Takeshi Maenami|0 fnt|[from] Stealth Rock
|faint|p2a: Takeshi Maenami
|move|p1a: Latios|Draco Meteor|p2: Takeshi Maenami|[notarget]
|-fail|p1a: Latios
|
|-weather|RainDance|[upkeep]
|upkeep
|inactive|WeR#4Hay! has 120 seconds left.
|
|t:|1743278656
|switch|p2a: Yusuke Oshida|Landorus-Therian, M|63/100
|-damage|p2a: Yusuke Oshida|51/100|[from] Stealth Rock
|-ability|p2a: Yusuke Oshida|Intimidate|boost
|-unboost|p1a: Latios|atk|1
|turn|27
|
|t:|1743278662
|switch|p1a: Ferrothorn|Ferrothorn, F|83/100
|-damage|p1a: Ferrothorn|76/100|[from] Stealth Rock
|move|p2a: Yusuke Oshida|U-turn|p1a: Ferrothorn
|-damage|p1a: Ferrothorn|59/100
|-damage|p2a: Yusuke Oshida|38/100|[from] ability: Iron Barbs|[of] p1a: Ferrothorn
|
|t:|1743278668
|switch|p2a: Masaaki Iwane|Breloom, M|88/100|[from] U-turn
|-damage|p2a: Masaaki Iwane|82/100|[from] Stealth Rock
|
|-weather|RainDance|[upkeep]
|-heal|p1a: Ferrothorn|65/100|[from] item: Leftovers
|upkeep
|turn|28
|
|t:|1743278678
|switch|p1a: Thundurus|Thundurus-Therian, M|72/100
|-damage|p1a: Thundurus|47/100|[from] Stealth Rock
|move|p2a: Masaaki Iwane|Low Sweep|p1a: Thundurus
|-resisted|p1a: Thundurus
|-damage|p1a: Thundurus|5/100
|-unboost|p1a: Thundurus|spe|1
|
|-weather|RainDance|[upkeep]
|-heal|p1a: Thundurus|11/100|[from] item: Leftovers
|upkeep
|turn|29
|
|t:|1743278682
|move|p2a: Masaaki Iwane|Low Sweep|p1a: Thundurus
|-resisted|p1a: Thundurus
|-damage|p1a: Thundurus|0 fnt
|faint|p1a: Thundurus
|
|-weather|RainDance|[upkeep]
|upkeep
|
|t:|1743278685
|switch|p1a: Latios|Latios, M|76/100
|-damage|p1a: Latios|64/100|[from] Stealth Rock
|turn|30
|
|t:|1743278710
|switch|p2a: Aito Ohashi|Rotom-Wash|58/100 tox
|-damage|p2a: Aito Ohashi|45/100 tox|[from] Stealth Rock
|move|p1a: Latios|Draco Meteor|p2a: Aito Ohashi
|-damage|p2a: Aito Ohashi|0 fnt
|-unboost|p1a: Latios|spa|2
|faint|p2a: Aito Ohashi
|
|-weather|RainDance|[upkeep]
|upkeep
|
|t:|1743278712
|switch|p2a: Yusuke Oshida|Landorus-Therian, M|38/100
|-damage|p2a: Yusuke Oshida|26/100|[from] Stealth Rock
|-ability|p2a: Yusuke Oshida|Intimidate|boost
|-unboost|p1a: Latios|atk|1
|turn|31
|
|t:|1743278717
|move|p2a: Yusuke Oshida|U-turn|p1a: Latios
|-supereffective|p1a: Latios
|-damage|p1a: Latios|0 fnt
|faint|p1a: Latios
|inactive|WeR#4Hay! has 120 seconds left.
|inactive|WeR#4Hay! has 90 seconds left.
|
|t:|1743278773
|switch|p2a: Hanako Ueda|Latias, F|100/100|[from] U-turn
|-damage|p2a: Hanako Ueda|88/100|[from] Stealth Rock
|
|-weather|RainDance|[upkeep]
|upkeep
|
|t:|1743278784
|switch|p1a: Ferrothorn|Ferrothorn, F|65/100
|-damage|p1a: Ferrothorn|59/100|[from] Stealth Rock
|turn|32
|inactive|WeR#4Hay! has 90 seconds left.
|
|t:|1743278802
|switch|p2a: Yusuke Oshida|Landorus-Therian, M|26/100
|-damage|p2a: Yusuke Oshida|13/100|[from] Stealth Rock
|-ability|p2a: Yusuke Oshida|Intimidate|boost
|-unboost|p1a: Ferrothorn|atk|1
|move|p1a: Ferrothorn|Knock Off|p2a: Yusuke Oshida
|-damage|p2a: Yusuke Oshida|10/100
|-enditem|p2a: Yusuke Oshida|Choice Scarf|[from] move: Knock Off|[of] p1a: Ferrothorn
|
|-weather|RainDance|[upkeep]
|-heal|p1a: Ferrothorn|65/100|[from] item: Leftovers
|upkeep
|turn|33
|
|t:|1743278816
|move|p2a: Yusuke Oshida|Superpower|p1a: Ferrothorn
|-supereffective|p1a: Ferrothorn
|-damage|p1a: Ferrothorn|4/100
|-unboost|p2a: Yusuke Oshida|atk|1
|-unboost|p2a: Yusuke Oshida|def|1
|-damage|p2a: Yusuke Oshida|0 fnt|[from] ability: Iron Barbs|[of] p1a: Ferrothorn
|faint|p2a: Yusuke Oshida
|move|p1a: Ferrothorn|Power Whip|p2: Yusuke Oshida|[notarget]
|-fail|p1a: Ferrothorn
|
|-weather|RainDance|[upkeep]
|-heal|p1a: Ferrothorn|10/100|[from] item: Leftovers
|upkeep
|
|t:|1743278819
|switch|p2a: Masaaki Iwane|Breloom, M|82/100
|-damage|p2a: Masaaki Iwane|76/100|[from] Stealth Rock
|turn|34
|
|t:|1743278827
|move|p2a: Masaaki Iwane|Mach Punch|p1a: Ferrothorn
|-supereffective|p1a: Ferrothorn
|-damage|p1a: Ferrothorn|0 fnt
|-damage|p2a: Masaaki Iwane|64/100|[from] ability: Iron Barbs|[of] p1a: Ferrothorn
|faint|p1a: Ferrothorn
|
|-weather|RainDance|[upkeep]
|upkeep
|
|t:|1743278829
|switch|p1a: Keldeo|Keldeo-Resolute|100/100
|-damage|p1a: Keldeo|94/100|[from] Stealth Rock
|turn|35
|c|☆WeR#4Hay!|gg
|
|t:|1743278833
|move|p2a: Masaaki Iwane|Mach Punch|p1a: Keldeo
|-damage|p1a: Keldeo|31/100
|move|p1a: Keldeo|Hidden Power|p2a: Masaaki Iwane
|-supereffective|p2a: Masaaki Iwane
|-damage|p2a: Masaaki Iwane|0 fnt
|faint|p2a: Masaaki Iwane
|
|-weather|RainDance|[upkeep]
|upkeep
|c|☆donkedonkemonke|ggwp
|inactive|WeR#4Hay! has 120 seconds left.
|inactive|WeR#4Hay! has 90 seconds left.
|
|t:|1743278877
|switch|p2a: Hanako Ueda|Latias, F|88/100
|-damage|p2a: Hanako Ueda|76/100|[from] Stealth Rock
|turn|36
|inactive|WeR#4Hay! has 90 seconds left.
|
|t:|1743278893
|move|p1a: Keldeo|Hidden Power|p2a: Hanako Ueda
|-supereffective|p2a: Hanako Ueda
|-damage|p2a: Hanako Ueda|30/100
|move|p2a: Hanako Ueda|Surf|p1a: Keldeo
|-resisted|p1a: Keldeo
|-damage|p1a: Keldeo|0 fnt
|faint|p1a: Keldeo
|
|win|WeR#4Hay!
|raw|donkedonkemonke's rating: 1325 &rarr; <strong>1310</strong><br />(-15 for losing)
|raw|WeR#4Hay!'s rating: 1406 &rarr; <strong>1421</strong><br />(+15 for winning)
|c|☆WeR#4Hay!|gg
|l|☆donkedonkemonke
|player|p1|
