|j|‽BVRZUM
|j|☆leoperi99
|t:|1710278619
|gametype|singles
|player|p1|BVRZUM|hilbert|1327
|player|p2|leoperi99|blue-lgpe|1353
|teamsize|p1|6
|teamsize|p2|6
|gen|5
|tier|[Gen 5] OU
|rated|
|rule|Species Clause: Limit one of each Pokémon
|rule|OHKO Clause: OHKO moves are banned
|rule|Moody Clause: Moody is banned
|rule|Evasion Items Clause: Evasion items are banned
|rule|Evasion Moves Clause: Evasion moves are banned
|rule|Endless Battle Clause: Forcing endless battles is banned
|rule|HP Percentage Mod: HP is shown in percentages
|rule|Evasion Abilities Clause: Evasion abilities are banned
|rule|Sleep Moves Clause: Sleep-inducing moves are banned
|rule|Swagger Clause: Swagger is banned
|rule|Baton Pass Stat Clause: No Baton Passer may have a way to boost its stats
|clearpoke
|poke|p1|Politoed, F|item
|poke|p1|Volcarona, M|item
|poke|p1|Jirachi|item
|poke|p1|Dragonite, M|item
|poke|p1|Garchomp, M|item
|poke|p1|Starmie|item
|poke|p2|Heatran, F|item
|poke|p2|Tyranitar, M|item
|poke|p2|Rotom-Wash|item
|poke|p2|Latios, M|item
|poke|p2|Landorus-Therian, M|item
|poke|p2|Excadrill, F|item
|teampreview
|
|t:|1710278633
|start
|switch|p1a: Politoed|Politoed, F, shiny|100/100
|switch|p2a: Rotom|Rotom-Wash|100/100
|-weather|RainDance|[from] ability: Drizzle|[of] p1a: Politoed
|turn|1
|inactive|Battle timer is ON: inactive players will automatically lose when time's up. (requested by leoperi99)
|
|t:|1710278658
|switch|p1a: Jirachi|Jirachi|100/100
|move|p2a: Rotom|Volt Switch|p1a: Jirachi
|-damage|p1a: Jirachi|79/100
|
|t:|1710278674
|switch|p2a: Tyranitar|Tyranitar, M|100/100|[from] Volt Switch
|-weather|Sandstorm|[from] ability: Sand Stream|[of] p2a: Tyranitar
|
|-weather|Sandstorm|[upkeep]
|-heal|p1a: Jirachi|86/100|[from] item: Leftovers
|upkeep
|turn|2
|
|t:|1710278686
|switch|p2a: Heatran|Heatran, F, shiny|100/100
|-item|p2a: Heatran|Air Balloon
|move|p1a: Jirachi|Calm Mind|p1a: Jirachi
|-boost|p1a: Jirachi|spa|1
|-boost|p1a: Jirachi|spd|1
|
|-weather|Sandstorm|[upkeep]
|-heal|p1a: Jirachi|92/100|[from] item: Leftovers
|upkeep
|turn|3
|
|t:|1710278689
|move|p1a: Jirachi|Substitute|p1a: Jirachi
|-start|p1a: Jirachi|Substitute
|-damage|p1a: Jirachi|67/100
|move|p2a: Heatran|Magma Storm|p1a: Jirachi|[miss]
|-miss|p2a: Heatran|p1a: Jirachi
|
|-weather|Sandstorm|[upkeep]
|-heal|p1a: Jirachi|73/100|[from] item: Leftovers
|upkeep
|turn|4
|
|t:|1710278692
|move|p1a: Jirachi|Calm Mind|p1a: Jirachi
|-boost|p1a: Jirachi|spa|1
|-boost|p1a: Jirachi|spd|1
|move|p2a: Heatran|Magma Storm|p1a: Jirachi
|-supereffective|p1a: Jirachi
|-crit|p1a: Jirachi
|-end|p1a: Jirachi|Substitute
|
|-weather|Sandstorm|[upkeep]
|-heal|p1a: Jirachi|79/100|[from] item: Leftovers
|upkeep
|turn|5
|
|t:|1710278698
|move|p1a: Jirachi|Substitute|p1a: Jirachi
|-start|p1a: Jirachi|Substitute
|-damage|p1a: Jirachi|54/100
|move|p2a: Heatran|Magma Storm|p1a: Jirachi
|-supereffective|p1a: Jirachi
|-crit|p1a: Jirachi
|-end|p1a: Jirachi|Substitute
|
|-weather|Sandstorm|[upkeep]
|-heal|p1a: Jirachi|60/100|[from] item: Leftovers
|upkeep
|turn|6
|
|t:|1710278711
|move|p1a: Jirachi|Substitute|p1a: Jirachi
|-start|p1a: Jirachi|Substitute
|-damage|p1a: Jirachi|35/100
|move|p2a: Heatran|Sunny Day|p2a: Heatran
|-weather|SunnyDay
|
|-weather|SunnyDay|[upkeep]
|-heal|p1a: Jirachi|42/100|[from] item: Leftovers
|upkeep
|turn|7
|
|t:|1710278716
|move|p1a: Jirachi|Calm Mind|p1a: Jirachi
|-boost|p1a: Jirachi|spa|1
|-boost|p1a: Jirachi|spd|1
|move|p2a: Heatran|Magma Storm|p1a: Jirachi
|-supereffective|p1a: Jirachi
|-end|p1a: Jirachi|Substitute
|
|-weather|SunnyDay|[upkeep]
|-heal|p1a: Jirachi|48/100|[from] item: Leftovers
|upkeep
|turn|8
|
|t:|1710278721
|move|p1a: Jirachi|Thunder|p2a: Heatran
|-damage|p2a: Heatran|46/100
|-status|p2a: Heatran|par
|-enditem|p2a: Heatran|Air Balloon
|cant|p2a: Heatran|par
|
|-weather|SunnyDay|[upkeep]
|-heal|p1a: Jirachi|54/100|[from] item: Leftovers
|upkeep
|turn|9
|
|t:|1710278729
|move|p1a: Jirachi|Substitute|p1a: Jirachi
|-start|p1a: Jirachi|Substitute
|-damage|p1a: Jirachi|29/100
|move|p2a: Heatran|Magma Storm|p1a: Jirachi|[miss]
|-miss|p2a: Heatran|p1a: Jirachi
|
|-weather|SunnyDay|[upkeep]
|-heal|p1a: Jirachi|35/100|[from] item: Leftovers
|upkeep
|turn|10
|
|t:|1710278750
|move|p1a: Jirachi|Psychic|p2a: Heatran
|-resisted|p2a: Heatran
|-damage|p2a: Heatran|13/100 par
|move|p2a: Heatran|Magma Storm|p1a: Jirachi
|-supereffective|p1a: Jirachi
|-end|p1a: Jirachi|Substitute
|
|-weather|none
|-heal|p1a: Jirachi|41/100|[from] item: Leftovers
|upkeep
|turn|11
|c|☆leoperi99|you should run dynamic punch more often :)
|
|t:|1710278757
|move|p1a: Jirachi|Psychic|p2a: Heatran
|-resisted|p2a: Heatran
|-damage|p2a: Heatran|0 fnt
|faint|p2a: Heatran
|
|-heal|p1a: Jirachi|48/100|[from] item: Leftovers
|upkeep
|
|t:|1710278759
|switch|p2a: Landorus|Landorus-Therian, M|100/100
|-ability|p2a: Landorus|Intimidate|boost
|-unboost|p1a: Jirachi|atk|1
|turn|12
|
|t:|1710278763
|move|p2a: Landorus|Earthquake|p1a: Jirachi
|-supereffective|p1a: Jirachi
|-damage|p1a: Jirachi|0 fnt
|faint|p1a: Jirachi
|
|upkeep
|
|t:|1710278768
|switch|p1a: Politoed|Politoed, F, shiny|100/100
|-weather|RainDance|[from] ability: Drizzle|[of] p1a: Politoed
|turn|13
|
|t:|1710278771
|switch|p2a: Rotom|Rotom-Wash|100/100
|move|p1a: Politoed|Scald|p2a: Rotom
|-resisted|p2a: Rotom
|-damage|p2a: Rotom|82/100
|
|-weather|RainDance|[upkeep]
|-heal|p2a: Rotom|88/100|[from] item: Leftovers
|upkeep
|turn|14
|
|t:|1710278780
|switch|p1a: Starmie|Starmie|100/100
|-item|p1a: Starmie|Air Balloon
|move|p2a: Rotom|Will-O-Wisp|p1a: Starmie|[miss]
|-miss|p2a: Rotom|p1a: Starmie
|
|-weather|RainDance|[upkeep]
|-heal|p2a: Rotom|94/100|[from] item: Leftovers
|upkeep
|turn|15
|
|t:|1710278788
|move|p1a: Starmie|Thunder|p2a: Rotom
|-damage|p2a: Rotom|60/100
|move|p2a: Rotom|Volt Switch|p1a: Starmie
|-supereffective|p1a: Starmie
|-damage|p1a: Starmie|28/100
|-enditem|p1a: Starmie|Air Balloon
|
|t:|1710278792
|switch|p2a: Landorus|Landorus-Therian, M|100/100|[from] Volt Switch
|-ability|p2a: Landorus|Intimidate|boost
|-unboost|p1a: Starmie|atk|1
|
|-weather|RainDance|[upkeep]
|upkeep
|turn|16
|
|t:|1710278801
|move|p2a: Landorus|U-turn|p1a: Starmie
|-supereffective|p1a: Starmie
|-damage|p1a: Starmie|0 fnt
|faint|p1a: Starmie
|
|t:|1710278808
|switch|p2a: Latios|Latios, M|100/100|[from] U-turn
|
|-weather|RainDance|[upkeep]
|upkeep
|
|t:|1710278815
|switch|p1a: Dragonite|Dragonite, M|100/100
|turn|17
|
|t:|1710278828
|move|p2a: Latios|Draco Meteor|p1a: Dragonite|[miss]
|-miss|p2a: Latios|p1a: Dragonite
|move|p1a: Dragonite|Dragon Dance|p1a: Dragonite
|-boost|p1a: Dragonite|atk|1
|-boost|p1a: Dragonite|spe|1
|
|-weather|RainDance|[upkeep]
|upkeep
|turn|18
|
|t:|1710278841
|move|p1a: Dragonite|Dragon Dance|p1a: Dragonite
|-boost|p1a: Dragonite|atk|1
|-boost|p1a: Dragonite|spe|1
|move|p2a: Latios|Draco Meteor|p1a: Dragonite
|-supereffective|p1a: Dragonite
|-damage|p1a: Dragonite|18/100
|-unboost|p2a: Latios|spa|2
|
|-weather|RainDance|[upkeep]
|upkeep
|turn|19
|
|t:|1710278855
|move|p1a: Dragonite|Outrage|p2a: Latios
|-supereffective|p2a: Latios
|-crit|p2a: Latios
|-damage|p2a: Latios|0 fnt
|faint|p2a: Latios
|
|-weather|RainDance|[upkeep]
|upkeep
|
|t:|1710278858
|switch|p2a: Landorus|Landorus-Therian, M|100/100
|-ability|p2a: Landorus|Intimidate|boost
|-unboost|p1a: Dragonite|atk|1
|turn|20
|
|t:|1710278865
|switch|p2a: Rotom|Rotom-Wash|60/100
|move|p1a: Dragonite|Outrage|p2a: Rotom|[from]lockedmove
|-damage|p2a: Rotom|0 fnt
|faint|p2a: Rotom
|
|-weather|RainDance|[upkeep]
|upkeep
|
|t:|1710278869
|switch|p2a: Landorus|Landorus-Therian, M|100/100
|-ability|p2a: Landorus|Intimidate|boost
|-unboost|p1a: Dragonite|atk|1
|turn|21
|
|t:|1710278874
|move|p1a: Dragonite|Outrage|p2a: Landorus|[from]lockedmove
|-damage|p2a: Landorus|31/100
|-start|p1a: Dragonite|confusion|[fatigue]
|-enditem|p1a: Dragonite|Lum Berry|[eat]
|-end|p1a: Dragonite|confusion
|move|p2a: Landorus|Hidden Power|p1a: Dragonite
|-supereffective|p1a: Dragonite
|-damage|p1a: Dragonite|0 fnt
|faint|p1a: Dragonite
|
|-weather|RainDance|[upkeep]
|upkeep
|
|t:|1710278888
|switch|p1a: Volcarona|Volcarona, M|100/100
|turn|22
|
|t:|1710278891
|switch|p2a: Tyranitar|Tyranitar, M|100/100
|-weather|Sandstorm|[from] ability: Sand Stream|[of] p2a: Tyranitar
|move|p1a: Volcarona|Quiver Dance|p1a: Volcarona
|-boost|p1a: Volcarona|spa|1
|-boost|p1a: Volcarona|spd|1
|-boost|p1a: Volcarona|spe|1
|
|-weather|Sandstorm|[upkeep]
|-damage|p1a: Volcarona|94/100|[from] Sandstorm
|upkeep
|turn|23
|
|t:|1710278894
|move|p1a: Volcarona|Bug Buzz|p2a: Tyranitar
|-supereffective|p2a: Tyranitar
|-damage|p2a: Tyranitar|42/100
|move|p2a: Tyranitar|Rock Slide|p1a: Volcarona|[miss]
|-miss|p2a: Tyranitar|p1a: Volcarona
|
|-weather|Sandstorm|[upkeep]
|-damage|p1a: Volcarona|88/100|[from] Sandstorm
|upkeep
|turn|24
|
|t:|1710278898
|move|p1a: Volcarona|Bug Buzz|p2a: Tyranitar
|-supereffective|p2a: Tyranitar
|-damage|p2a: Tyranitar|0 fnt
|faint|p2a: Tyranitar
|
|-weather|Sandstorm|[upkeep]
|-damage|p1a: Volcarona|82/100|[from] Sandstorm
|upkeep
|
|t:|1710278900
|switch|p2a: Excadrill|Excadrill, F|100/100
|turn|25
|
|t:|1710278902
|move|p1a: Volcarona|Hidden Power|p2a: Excadrill
|-supereffective|p2a: Excadrill
|-damage|p2a: Excadrill|0 fnt
|faint|p2a: Excadrill
|
|-weather|Sandstorm|[upkeep]
|-damage|p1a: Volcarona|76/100|[from] Sandstorm
|upkeep
|-message|leoperi99 forfeited.
|
|win|BVRZUM
|raw|BVRZUM's rating: 1338 &rarr; <strong>1359</strong><br />(+21 for winning)
|raw|leoperi99's rating: 1353 &rarr; <strong>1332</strong><br />(-21 for losing)
