|j|☆TurboWakanda
|j|☆el janitor
|t:|1707275039
|gametype|singles
|player|p1|TurboWakanda|cynthia-gen4|1311
|player|p2|el janitor|265|1393
|teamsize|p1|6
|teamsize|p2|6
|gen|5
|tier|[Gen 5] OU
|rated|
|rule|Species Clause: Limit one of each Pokémon
|rule|OHKO Clause: OHKO moves are banned
|rule|Moody Clause: Moody is banned
|rule|Evasion Items Clause: Evasion items are banned
|rule|Evasion Moves Clause: Evasion moves are banned
|rule|Endless Battle Clause: Forcing endless battles is banned
|rule|HP Percentage Mod: HP is shown in percentages
|rule|Evasion Abilities Clause: Evasion abilities are banned
|rule|Sleep Moves Clause: Sleep-inducing moves are banned
|rule|Swagger Clause: Swagger is banned
|rule|Baton Pass Stat Clause: No Baton Passer may have a way to boost its stats
|clearpoke
|poke|p1|Dragonite, M|item
|poke|p1|Jirachi|item
|poke|p1|Starmie|item
|poke|p1|Garchomp, F|item
|poke|p1|Kyurem-Black|item
|poke|p1|Magnezone|item
|poke|p2|Mamoswine, F|item
|poke|p2|Abomasnow, M|item
|poke|p2|Cobalion|item
|poke|p2|Kyurem-Black|item
|poke|p2|Breloom, M|item
|poke|p2|Starmie|item
|teampreview
|inactive|Battle timer is ON: inactive players will automatically lose when time's up. (requested by el janitor)
|inactive|TurboWakanda also wants the timer to be on.
|
|t:|1707275055
|start
|switch|p1a: Starmie|Starmie|100/100
|switch|p2a: Mamoswine|Mamoswine, F|100/100
|turn|1
|
|t:|1707275060
|switch|p2a: Abomasnow|Abomasnow, M|100/100
|-weather|Hail|[from] ability: Snow Warning|[of] p2a: Abomasnow
|move|p1a: Starmie|Cosmic Power|p1a: Starmie
|-boost|p1a: Starmie|def|1
|-boost|p1a: Starmie|spd|1
|
|-weather|Hail|[upkeep]
|-damage|p1a: Starmie|94/100|[from] Hail
|-heal|p1a: Starmie|100/100|[from] item: Leftovers
|upkeep
|turn|2
|
|t:|1707275066
|move|p1a: Starmie|Toxic|p2a: Abomasnow
|-status|p2a: Abomasnow|tox
|move|p2a: Abomasnow|Wood Hammer|p1a: Starmie
|-supereffective|p1a: Starmie
|-damage|p1a: Starmie|28/100
|-damage|p2a: Abomasnow|80/100 tox|[from] Recoil
|
|-weather|Hail|[upkeep]
|-damage|p1a: Starmie|22/100|[from] Hail
|-heal|p1a: Starmie|28/100|[from] item: Leftovers
|-heal|p2a: Abomasnow|87/100 tox|[from] item: Leftovers
|-damage|p2a: Abomasnow|80/100 tox|[from] psn
|upkeep
|turn|3
|
|t:|1707275084
|switch|p1a: Jirachi|Jirachi|100/100
|move|p2a: Abomasnow|Wood Hammer|p1a: Jirachi
|-resisted|p1a: Jirachi
|-damage|p1a: Jirachi|82/100
|-damage|p2a: Abomasnow|74/100 tox|[from] Recoil
|
|-weather|Hail|[upkeep]
|-damage|p1a: Jirachi|76/100|[from] Hail
|-heal|p1a: Jirachi|82/100|[from] item: Leftovers
|-heal|p2a: Abomasnow|80/100 tox|[from] item: Leftovers
|-damage|p2a: Abomasnow|68/100 tox|[from] psn
|upkeep
|turn|4
|
|t:|1707275091
|move|p1a: Jirachi|Stealth Rock|p2a: Abomasnow
|-sidestart|p2: el janitor|move: Stealth Rock
|move|p2a: Abomasnow|Earthquake|p1a: Jirachi
|-supereffective|p1a: Jirachi
|-damage|p1a: Jirachi|40/100
|
|-weather|Hail|[upkeep]
|-damage|p1a: Jirachi|33/100|[from] Hail
|-heal|p1a: Jirachi|40/100|[from] item: Leftovers
|-heal|p2a: Abomasnow|74/100 tox|[from] item: Leftovers
|-damage|p2a: Abomasnow|55/100 tox|[from] psn
|upkeep
|turn|5
|
|t:|1707275096
|switch|p2a: Cobalion|Cobalion|100/100
|-damage|p2a: Cobalion|97/100|[from] Stealth Rock
|move|p1a: Jirachi|Iron Head|p2a: Cobalion
|-resisted|p2a: Cobalion
|-damage|p2a: Cobalion|85/100
|
|-weather|Hail|[upkeep]
|-damage|p2a: Cobalion|79/100|[from] Hail
|-damage|p1a: Jirachi|33/100|[from] Hail
|-heal|p1a: Jirachi|40/100|[from] item: Leftovers
|upkeep
|turn|6
|inactive|el janitor has 120 seconds left.
|
|t:|1707275141
|switch|p1a: Dragonite|Dragonite, M|100/100
|move|p2a: Cobalion|Close Combat|p1a: Dragonite
|-resisted|p1a: Dragonite
|-damage|p1a: Dragonite|86/100
|-unboost|p2a: Cobalion|def|1
|-unboost|p2a: Cobalion|spd|1
|
|-weather|Hail|[upkeep]
|-damage|p2a: Cobalion|72/100|[from] Hail
|-damage|p1a: Dragonite|80/100|[from] Hail
|upkeep
|turn|7
|
|t:|1707275146
|switch|p2a: Abomasnow|Abomasnow, M|55/100 tox
|-damage|p2a: Abomasnow|30/100 tox|[from] Stealth Rock
|move|p1a: Dragonite|Dragon Dance|p1a: Dragonite
|-boost|p1a: Dragonite|atk|1
|-boost|p1a: Dragonite|spe|1
|
|-weather|Hail|[upkeep]
|-damage|p1a: Dragonite|74/100|[from] Hail
|-heal|p2a: Abomasnow|37/100 tox|[from] item: Leftovers
|-damage|p2a: Abomasnow|30/100 tox|[from] psn
|upkeep
|turn|8
|
|t:|1707275150
|move|p1a: Dragonite|Extreme Speed|p2a: Abomasnow
|-crit|p2a: Abomasnow
|-damage|p2a: Abomasnow|0 fnt
|faint|p2a: Abomasnow
|
|-weather|Hail|[upkeep]
|-damage|p1a: Dragonite|68/100|[from] Hail
|upkeep
|
|t:|1707275154
|switch|p2a: Mamoswine|Mamoswine, F|100/100
|-damage|p2a: Mamoswine|88/100|[from] Stealth Rock
|turn|9
|
|t:|1707275157
|move|p2a: Mamoswine|Ice Shard|p1a: Dragonite
|-supereffective|p1a: Dragonite
|-enditem|p1a: Dragonite|Yache Berry|[eat]
|-enditem|p1a: Dragonite|Yache Berry|[weaken]
|-damage|p1a: Dragonite|21/100
|move|p1a: Dragonite|Outrage|p2a: Mamoswine
|-damage|p2a: Mamoswine|0 fnt
|faint|p2a: Mamoswine
|
|-weather|Hail|[upkeep]
|-damage|p1a: Dragonite|14/100|[from] Hail
|upkeep
|
|t:|1707275167
|switch|p2a: Cobalion|Cobalion|72/100
|-damage|p2a: Cobalion|69/100|[from] Stealth Rock
|turn|10
|
|t:|1707275174
|move|p2a: Cobalion|Volt Switch|p1a: Dragonite
|-damage|p1a: Dragonite|0 fnt
|faint|p1a: Dragonite
|
|t:|1707275182
|switch|p2a: Starmie|Starmie|100/100|[from] Volt Switch
|-damage|p2a: Starmie|88/100|[from] Stealth Rock
|
|-weather|Hail|[upkeep]
|-damage|p2a: Starmie|82/100|[from] Hail
|-heal|p2a: Starmie|88/100|[from] item: Leftovers
|upkeep
|
|t:|1707275191
|switch|p1a: Kyurem|Kyurem-Black|100/100
|-ability|p1a: Kyurem|Teravolt
|turn|11
|
|t:|1707275198
|switch|p2a: Cobalion|Cobalion|69/100
|-damage|p2a: Cobalion|66/100|[from] Stealth Rock
|move|p1a: Kyurem|Fusion Bolt|p2a: Cobalion
|-crit|p2a: Cobalion
|-damage|p2a: Cobalion|0 fnt
|faint|p2a: Cobalion
|
|-weather|Hail|[upkeep]
|upkeep
|
|t:|1707275201
|switch|p2a: Breloom|Breloom, M|100/100
|-damage|p2a: Breloom|94/100|[from] Stealth Rock
|turn|12
|
|t:|1707275207
|move|p2a: Breloom|Mach Punch|p1a: Kyurem
|-supereffective|p1a: Kyurem
|-damage|p1a: Kyurem|16/100
|move|p1a: Kyurem|Fusion Bolt|p2a: Breloom
|-resisted|p2a: Breloom
|-damage|p2a: Breloom|42/100
|
|-weather|Hail|[upkeep]
|-damage|p2a: Breloom|36/100|[from] Hail
|upkeep
|turn|13
|
|t:|1707275212
|move|p2a: Breloom|Mach Punch|p1a: Kyurem
|-supereffective|p1a: Kyurem
|-damage|p1a: Kyurem|0 fnt
|faint|p1a: Kyurem
|
|-weather|Hail|[upkeep]
|-damage|p2a: Breloom|30/100|[from] Hail
|upkeep
|
|t:|1707275214
|switch|p1a: Garchomp|Garchomp, F|100/100
|turn|14
|
|t:|1707275221
|switch|p2a: Starmie|Starmie|88/100
|-damage|p2a: Starmie|76/100|[from] Stealth Rock
|move|p1a: Garchomp|Earthquake|p2a: Starmie
|-damage|p2a: Starmie|0 fnt
|faint|p2a: Starmie
|
|-weather|Hail|[upkeep]
|-damage|p1a: Garchomp|94/100|[from] Hail
|upkeep
|
|t:|1707275226
|switch|p2a: Kyurem|Kyurem-Black|100/100
|-damage|p2a: Kyurem|76/100|[from] Stealth Rock
|-ability|p2a: Kyurem|Teravolt
|turn|15
|
|t:|1707275231
|switch|p1a: Magnezone|Magnezone|100/100
|move|p2a: Kyurem|Substitute|p2a: Kyurem
|-start|p2a: Kyurem|Substitute
|-damage|p2a: Kyurem|51/100
|
|-weather|Hail|[upkeep]
|-damage|p1a: Magnezone|95/100|[from] Hail
|-heal|p2a: Kyurem|57/100|[from] item: Leftovers
|upkeep
|turn|16
|
|t:|1707275235
|move|p2a: Kyurem|Earth Power|p1a: Magnezone
|-supereffective|p1a: Magnezone
|-damage|p1a: Magnezone|0 fnt
|faint|p1a: Magnezone
|
|-weather|Hail|[upkeep]
|-heal|p2a: Kyurem|63/100|[from] item: Leftovers
|upkeep
|
|t:|1707275240
|switch|p1a: Garchomp|Garchomp, F|94/100
|turn|17
|
|t:|1707275242
|move|p1a: Garchomp|Earthquake|p2a: Kyurem
|-end|p2a: Kyurem|Substitute
|move|p2a: Kyurem|Ice Beam|p1a: Garchomp
|-supereffective|p1a: Garchomp
|-damage|p1a: Garchomp|0 fnt
|faint|p1a: Garchomp
|
|-weather|Hail|[upkeep]
|-heal|p2a: Kyurem|69/100|[from] item: Leftovers
|upkeep
|
|t:|1707275247
|switch|p1a: Starmie|Starmie|28/100
|turn|18
|
|t:|1707275254
|move|p1a: Starmie|Toxic|p2a: Kyurem
|-status|p2a: Kyurem|tox
|move|p2a: Kyurem|Substitute|p2a: Kyurem
|-start|p2a: Kyurem|Substitute
|-damage|p2a: Kyurem|44/100 tox
|
|-weather|Hail|[upkeep]
|-damage|p1a: Starmie|22/100|[from] Hail
|-heal|p1a: Starmie|28/100|[from] item: Leftovers
|-heal|p2a: Kyurem|50/100 tox|[from] item: Leftovers
|-damage|p2a: Kyurem|44/100 tox|[from] psn
|upkeep
|turn|19
|
|t:|1707275258
|move|p1a: Starmie|Recover|p1a: Starmie
|-heal|p1a: Starmie|78/100
|move|p2a: Kyurem|Fusion Bolt|p1a: Starmie
|-supereffective|p1a: Starmie
|-damage|p1a: Starmie|0 fnt
|faint|p1a: Starmie
|
|-weather|Hail|[upkeep]
|-heal|p2a: Kyurem|50/100 tox|[from] item: Leftovers
|-damage|p2a: Kyurem|38/100 tox|[from] psn
|upkeep
|
|t:|1707275263
|switch|p1a: Jirachi|Jirachi|40/100
|turn|20
|
|t:|1707275269
|move|p2a: Kyurem|Earth Power|p1a: Jirachi
|-supereffective|p1a: Jirachi
|-crit|p1a: Jirachi
|-damage|p1a: Jirachi|0 fnt
|faint|p1a: Jirachi
|
|win|el janitor
|raw|TurboWakanda's rating: 1311 &rarr; <strong>1296</strong><br />(-15 for losing)
|raw|el janitor's rating: 1393 &rarr; <strong>1408</strong><br />(+15 for winning)
|l|☆TurboWakanda
|player|p1|
