|j|☆BWVC BookofConke
|j|☆leoperi99
|t:|1711044563
|gametype|singles
|player|p1|BWVC BookofConke|silver|1341
|player|p2|leoperi99|red-gen2|1375
|teamsize|p1|6
|teamsize|p2|6
|gen|5
|tier|[Gen 5] OU
|rated|
|rule|Species Clause: Limit one of each Pokémon
|rule|OHKO Clause: OHKO moves are banned
|rule|Moody Clause: Moody is banned
|rule|Evasion Items Clause: Evasion items are banned
|rule|Evasion Moves Clause: Evasion moves are banned
|rule|Endless Battle Clause: Forcing endless battles is banned
|rule|HP Percentage Mod: HP is shown in percentages
|rule|Evasion Abilities Clause: Evasion abilities are banned
|rule|Sleep Moves Clause: Sleep-inducing moves are banned
|rule|Swagger Clause: Swagger is banned
|rule|Baton Pass Stat Clause: No Baton Passer may have a way to boost its stats
|clearpoke
|poke|p1|Politoed, F|item
|poke|p1|Ferrothorn, F|item
|poke|p1|Tentacruel, M|item
|poke|p1|Kyurem-Black|item
|poke|p1|Latios, M|item
|poke|p1|Tornadus, M|item
|poke|p2|Heatran, F|item
|poke|p2|Tyranitar, F|item
|poke|p2|Rotom-Wash|item
|poke|p2|Latios, M|item
|poke|p2|Landorus-Therian, M|item
|poke|p2|Excadrill, F|item
|teampreview
|inactive|Battle timer is ON: inactive players will automatically lose when time's up. (requested by leoperi99)
|
|t:|1711044577
|start
|switch|p1a: Politoed|Politoed, F|100/100
|switch|p2a: Landorus|Landorus-Therian, M|100/100
|-ability|p2a: Landorus|Intimidate|boost
|-unboost|p1a: Politoed|atk|1
|-weather|RainDance|[from] ability: Drizzle|[of] p1a: Politoed
|turn|1
|
|t:|1711044606
|move|p2a: Landorus|U-turn|p1a: Politoed
|-damage|p1a: Politoed|76/100
|-enditem|p1a: Politoed|Eject Button
|inactive|BWVC BookofConke has 120 seconds left.
|
|t:|1711044623
|switch|p1a: Kyurem|Kyurem-Black|100/100
|-ability|p1a: Kyurem|Teravolt
|
|-weather|RainDance|[upkeep]
|upkeep
|turn|2
|inactive|BWVC BookofConke has 120 seconds left.
|
|t:|1711044639
|move|p2a: Landorus|U-turn|p1a: Kyurem
|-damage|p1a: Kyurem|82/100
|
|t:|1711044647
|switch|p2a: Tyranitar|Tyranitar, F|100/100|[from] U-turn
|-weather|Sandstorm|[from] ability: Sand Stream|[of] p2a: Tyranitar
|move|p1a: Kyurem|Outrage|p2a: Tyranitar
|-damage|p2a: Tyranitar|0 fnt
|faint|p2a: Tyranitar
|
|-weather|Sandstorm|[upkeep]
|-damage|p1a: Kyurem|76/100|[from] Sandstorm
|upkeep
|
|t:|1711044652
|switch|p2a: Latios|Latios, M|100/100
|turn|3
|
|t:|1711044658
|move|p2a: Latios|Draco Meteor|p1a: Kyurem
|-supereffective|p1a: Kyurem
|-damage|p1a: Kyurem|0 fnt
|-unboost|p2a: Latios|spa|2
|faint|p1a: Kyurem
|
|-weather|Sandstorm|[upkeep]
|-damage|p2a: Latios|95/100|[from] Sandstorm
|upkeep
|
|t:|1711044673
|switch|p1a: Ferrothorn|Ferrothorn, F|100/100
|turn|4
|
|t:|1711044685
|switch|p2a: Heatran|Heatran, F, shiny|100/100
|-item|p2a: Heatran|Air Balloon
|move|p1a: Ferrothorn|Stealth Rock|p2a: Heatran
|-sidestart|p2: leoperi99|move: Stealth Rock
|
|-weather|Sandstorm|[upkeep]
|upkeep
|turn|5
|
|t:|1711044693
|switch|p1a: Politoed|Politoed, F|76/100
|-weather|RainDance|[from] ability: Drizzle|[of] p1a: Politoed
|move|p2a: Heatran|Magma Storm|p1a: Politoed
|-resisted|p1a: Politoed
|-damage|p1a: Politoed|66/100
|-activate|p1a: Politoed|move: Magma Storm|[of] p2a: Heatran
|
|-weather|RainDance|[upkeep]
|-damage|p1a: Politoed|59/100|[from] move: Magma Storm|[partiallytrapped]
|upkeep
|turn|6
|inactive|BWVC BookofConke has 120 seconds left.
|
|t:|1711044713
|move|p2a: Heatran|Sunny Day|p2a: Heatran
|-weather|SunnyDay
|move|p1a: Politoed|Scald|p2a: Heatran
|-supereffective|p2a: Heatran
|-damage|p2a: Heatran|79/100
|-enditem|p2a: Heatran|Air Balloon
|
|-weather|SunnyDay|[upkeep]
|-damage|p1a: Politoed|53/100|[from] move: Magma Storm|[partiallytrapped]
|upkeep
|turn|7
|inactive|BWVC BookofConke has 120 seconds left.
|
|t:|1711044732
|move|p2a: Heatran|Solar Beam||[still]
|-prepare|p2a: Heatran|Solar Beam
|-anim|p2a: Heatran|Solar Beam|p1a: Politoed
|-supereffective|p1a: Politoed
|-damage|p1a: Politoed|0 fnt
|faint|p1a: Politoed
|
|-weather|SunnyDay|[upkeep]
|upkeep
|
|t:|1711044750
|switch|p1a: Tornadus|Tornadus, M|100/100
|turn|8
|
|t:|1711044773
|switch|p2a: Landorus|Landorus-Therian, M|100/100
|-damage|p2a: Landorus|88/100|[from] Stealth Rock
|-ability|p2a: Landorus|Intimidate|boost
|-unboost|p1a: Tornadus|atk|1
|move|p1a: Tornadus|U-turn|p2a: Landorus
|-resisted|p2a: Landorus
|-damage|p2a: Landorus|82/100
|
|t:|1711044787
|switch|p1a: Latios|Latios, M|100/100|[from] U-turn
|
|-weather|SunnyDay|[upkeep]
|upkeep
|turn|9
|
|t:|1711044798
|move|p2a: Landorus|U-turn|p1a: Latios
|-supereffective|p1a: Latios
|-damage|p1a: Latios|27/100
|
|t:|1711044802
|switch|p2a: Excadrill|Excadrill, F|100/100|[from] U-turn
|-damage|p2a: Excadrill|97/100|[from] Stealth Rock
|move|p1a: Latios|Draco Meteor|p2a: Excadrill
|-resisted|p2a: Excadrill
|-damage|p2a: Excadrill|19/100
|-unboost|p1a: Latios|spa|2
|
|-weather|SunnyDay|[upkeep]
|-heal|p2a: Excadrill|25/100|[from] item: Leftovers
|upkeep
|turn|10
|
|t:|1711044822
|move|p2a: Excadrill|Protect|p2a: Excadrill
|-singleturn|p2a: Excadrill|Protect
|move|p1a: Latios|Draco Meteor|p2a: Excadrill
|-activate|p2a: Excadrill|move: Protect
|
|-weather|none
|-heal|p2a: Excadrill|31/100|[from] item: Leftovers
|upkeep
|turn|11
|inactive|BWVC BookofConke has 90 seconds left.
|
|t:|1711044839
|switch|p1a: Tentacruel|Tentacruel, M|100/100
|switch|p2a: Heatran|Heatran, F, shiny|79/100
|-damage|p2a: Heatran|66/100|[from] Stealth Rock
|
|upkeep
|turn|12
|inactive|BWVC BookofConke has 90 seconds left.
|
|t:|1711044853
|switch|p2a: Rotom|Rotom-Wash|100/100
|-damage|p2a: Rotom|88/100|[from] Stealth Rock
|move|p1a: Tentacruel|Scald|p2a: Rotom
|-resisted|p2a: Rotom
|-damage|p2a: Rotom|77/100
|
|-heal|p2a: Rotom|83/100|[from] item: Leftovers
|upkeep
|turn|13
|inactive|BWVC BookofConke has 90 seconds left.
|
|t:|1711044874
|move|p1a: Tentacruel|Scald|p2a: Rotom
|-resisted|p2a: Rotom
|-damage|p2a: Rotom|72/100
|move|p2a: Rotom|Volt Switch|p1a: Tentacruel
|-supereffective|p1a: Tentacruel
|-damage|p1a: Tentacruel|64/100
|j|+Marshmallon
|
|t:|1711044878
|switch|p2a: Latios|Latios, M|95/100|[from] Volt Switch
|-damage|p2a: Latios|82/100|[from] Stealth Rock
|
|-heal|p1a: Tentacruel|70/100|[from] item: Black Sludge
|upkeep
|turn|14
|inactive|BWVC BookofConke has 90 seconds left.
|
|t:|1711044908
|switch|p1a: Ferrothorn|Ferrothorn, F|100/100
|move|p2a: Latios|Draco Meteor|p1a: Ferrothorn|[miss]
|-miss|p2a: Latios|p1a: Ferrothorn
|
|upkeep
|turn|15
|
|t:|1711044922
|switch|p2a: Excadrill|Excadrill, F|31/100
|-damage|p2a: Excadrill|28/100|[from] Stealth Rock
|move|p1a: Ferrothorn|Spikes|p2a: Excadrill
|-sidestart|p2: leoperi99|Spikes
|
|-heal|p2a: Excadrill|34/100|[from] item: Leftovers
|upkeep
|turn|16
|
|t:|1711044929
|move|p2a: Excadrill|Rapid Spin|p1a: Ferrothorn
|-resisted|p1a: Ferrothorn
|-damage|p1a: Ferrothorn|98/100
|-damage|p2a: Excadrill|22/100|[from] ability: Iron Barbs|[of] p1a: Ferrothorn
|-sideend|p2: leoperi99|Spikes|[from] move: Rapid Spin|[of] p2a: Excadrill
|-sideend|p2: leoperi99|Stealth Rock|[from] move: Rapid Spin|[of] p2a: Excadrill
|move|p1a: Ferrothorn|Power Whip|p2a: Excadrill
|-damage|p2a: Excadrill|0 fnt
|faint|p2a: Excadrill
|
|upkeep
|
|t:|1711044932
|switch|p2a: Heatran|Heatran, F, shiny|66/100
|turn|17
|inactive|BWVC BookofConke has 90 seconds left.
|
|t:|1711044945
|switch|p1a: Tentacruel|Tentacruel, M|70/100
|move|p2a: Heatran|Sunny Day|p2a: Heatran
|-weather|SunnyDay
|
|-weather|SunnyDay|[upkeep]
|-heal|p1a: Tentacruel|76/100|[from] item: Black Sludge
|upkeep
|turn|18
|inactive|BWVC BookofConke has 90 seconds left.
|
|t:|1711044955
|move|p1a: Tentacruel|Scald|p2a: Heatran
|-supereffective|p2a: Heatran
|-damage|p2a: Heatran|48/100
|move|p2a: Heatran|Magma Storm|p1a: Tentacruel
|-resisted|p1a: Tentacruel
|-damage|p1a: Tentacruel|39/100
|-activate|p1a: Tentacruel|move: Magma Storm|[of] p2a: Heatran
|
|-weather|SunnyDay|[upkeep]
|-heal|p1a: Tentacruel|45/100|[from] item: Black Sludge
|-damage|p1a: Tentacruel|39/100|[from] move: Magma Storm|[partiallytrapped]
|upkeep
|turn|19
|inactive|BWVC BookofConke has 90 seconds left.
|
|t:|1711044967
|move|p1a: Tentacruel|Protect|p1a: Tentacruel
|-singleturn|p1a: Tentacruel|Protect
|move|p2a: Heatran|Solar Beam||[still]
|-prepare|p2a: Heatran|Solar Beam
|-anim|p2a: Heatran|Solar Beam|p1a: Tentacruel
|-activate|p1a: Tentacruel|move: Protect
|
|-weather|SunnyDay|[upkeep]
|-heal|p1a: Tentacruel|45/100|[from] item: Black Sludge
|-damage|p1a: Tentacruel|39/100|[from] move: Magma Storm|[partiallytrapped]
|upkeep
|turn|20
|inactive|BWVC BookofConke has 90 seconds left.
|
|t:|1711044986
|move|p1a: Tentacruel|Scald|p2a: Heatran
|-supereffective|p2a: Heatran
|-damage|p2a: Heatran|29/100
|move|p2a: Heatran|Solar Beam||[still]
|-prepare|p2a: Heatran|Solar Beam
|-anim|p2a: Heatran|Solar Beam|p1a: Tentacruel
|-damage|p1a: Tentacruel|5/100
|
|-weather|SunnyDay|[upkeep]
|-heal|p1a: Tentacruel|11/100|[from] item: Black Sludge
|-damage|p1a: Tentacruel|5/100|[from] move: Magma Storm|[partiallytrapped]
|upkeep
|turn|21
|inactive|BWVC BookofConke has 90 seconds left.
|
|t:|1711045005
|switch|p2a: Rotom|Rotom-Wash|72/100
|move|p1a: Tentacruel|Protect||[still]
|-fail|p1a: Tentacruel
|
|-weather|none
|-heal|p1a: Tentacruel|11/100|[from] item: Black Sludge
|-heal|p2a: Rotom|78/100|[from] item: Leftovers
|upkeep
|turn|22
|
|t:|1711045020
|move|p1a: Tentacruel|Toxic|p2a: Rotom
|-status|p2a: Rotom|tox
|move|p2a: Rotom|Volt Switch|p1a: Tentacruel
|-supereffective|p1a: Tentacruel
|-damage|p1a: Tentacruel|0 fnt
|faint|p1a: Tentacruel
|
|t:|1711045027
|switch|p2a: Heatran|Heatran, F, shiny|29/100|[from] Volt Switch
|
|upkeep
|
|t:|1711045047
|switch|p1a: Latios|Latios, M|27/100
|turn|23
|
|t:|1711045058
|move|p1a: Latios|Draco Meteor|p2a: Heatran
|-resisted|p2a: Heatran
|-damage|p2a: Heatran|0 fnt
|-unboost|p1a: Latios|spa|2
|faint|p2a: Heatran
|
|upkeep
|
|t:|1711045061
|switch|p2a: Landorus|Landorus-Therian, M|82/100
|-ability|p2a: Landorus|Intimidate|boost
|-unboost|p1a: Latios|atk|1
|turn|24
|inactive|BWVC BookofConke has 90 seconds left.
|
|t:|1711045068
|switch|p1a: Ferrothorn|Ferrothorn, F|98/100
|move|p2a: Landorus|Stealth Rock|p1a: Ferrothorn
|-sidestart|p1: BWVC BookofConke|move: Stealth Rock
|
|upkeep
|turn|25
|inactive|BWVC BookofConke has 90 seconds left.
|
|t:|1711045097
|switch|p2a: Rotom|Rotom-Wash|78/100 tox
|move|p1a: Ferrothorn|Power Whip|p2a: Rotom
|-supereffective|p2a: Rotom
|-damage|p2a: Rotom|14/100 tox
|
|-heal|p2a: Rotom|20/100 tox|[from] item: Leftovers
|-damage|p2a: Rotom|14/100 tox|[from] psn
|upkeep
|turn|26
|
|t:|1711045108
|move|p2a: Rotom|Pain Split|p1a: Ferrothorn
|-sethp|p1a: Ferrothorn|55/100|[from] move: Pain Split|[silent]
|-sethp|p2a: Rotom|63/100 tox|[from] move: Pain Split
|move|p1a: Ferrothorn|Stealth Rock|p2a: Rotom
|-sidestart|p2: leoperi99|move: Stealth Rock
|
|-heal|p2a: Rotom|70/100 tox|[from] item: Leftovers
|-damage|p2a: Rotom|57/100 tox|[from] psn
|upkeep
|turn|27
|l|+Marshmallon
|
|t:|1711045131
|move|p2a: Rotom|Volt Switch|p1a: Ferrothorn
|-resisted|p1a: Ferrothorn
|-damage|p1a: Ferrothorn|46/100
|
|t:|1711045134
|switch|p2a: Latios|Latios, M|82/100|[from] Volt Switch
|-damage|p2a: Latios|70/100|[from] Stealth Rock
|move|p1a: Ferrothorn|Power Whip|p2a: Latios
|-resisted|p2a: Latios
|-damage|p2a: Latios|44/100
|
|upkeep
|turn|28
|
|t:|1711045145
|move|p2a: Latios|Recover|p2a: Latios
|-heal|p2a: Latios|94/100
|move|p1a: Ferrothorn|Explosion|p2a: Latios
|-damage|p2a: Latios|21/100
|faint|p1a: Ferrothorn
|
|upkeep
|
|t:|1711045155
|switch|p1a: Tornadus|Tornadus, M|100/100
|-damage|p1a: Tornadus|76/100|[from] Stealth Rock
|turn|29
|inactive|BWVC BookofConke has 60 seconds left.
|
|t:|1711045201
|move|p1a: Tornadus|Hurricane|p2a: Latios
|-damage|p2a: Latios|0 fnt
|faint|p2a: Latios
|
|upkeep
|
|t:|1711045219
|switch|p2a: Rotom|Rotom-Wash|57/100 tox
|-damage|p2a: Rotom|45/100 tox|[from] Stealth Rock
|turn|30
|inactive|BWVC BookofConke has 30 seconds left.
|
|t:|1711045248
|move|p1a: Tornadus|Hurricane|p2a: Rotom|[miss]
|-miss|p1a: Tornadus|p2a: Rotom
|move|p2a: Rotom|Volt Switch|p1a: Tornadus
|-supereffective|p1a: Tornadus
|-damage|p1a: Tornadus|12/100
|inactive|BWVC BookofConke has 30 seconds left this turn.
|
|t:|1711045250
|switch|p2a: Landorus|Landorus-Therian, M|82/100|[from] Volt Switch
|-damage|p2a: Landorus|70/100|[from] Stealth Rock
|-ability|p2a: Landorus|Intimidate|boost
|-unboost|p1a: Tornadus|atk|1
|
|upkeep
|turn|31
|c|☆leoperi99|gg
|
|t:|1711045259
|move|p1a: Tornadus|Tailwind|p1a: Tornadus
|-sidestart|p1: BWVC BookofConke|move: Tailwind
|move|p2a: Landorus|Hidden Power|p1a: Tornadus
|-supereffective|p1a: Tornadus
|-damage|p1a: Tornadus|0 fnt
|faint|p1a: Tornadus
|
|upkeep
|c|☆leoperi99|oh
|
|t:|1711045265
|switch|p1a: Latios|Latios, M|27/100
|-damage|p1a: Latios|15/100|[from] Stealth Rock
|turn|32
|
|t:|1711045271
|move|p1a: Latios|Draco Meteor|p2a: Landorus
|-damage|p2a: Landorus|0 fnt
|-unboost|p1a: Latios|spa|2
|faint|p2a: Landorus
|
|upkeep
|
|t:|1711045273
|switch|p2a: Rotom|Rotom-Wash|45/100 tox
|-damage|p2a: Rotom|32/100 tox|[from] Stealth Rock
|turn|33
|
|t:|1711045279
|move|p1a: Latios|Draco Meteor|p2a: Rotom
|-damage|p2a: Rotom|0 fnt
|-unboost|p1a: Latios|spa|2
|faint|p2a: Rotom
|
|win|BWVC BookofConke
|raw|BWVC BookofConke's rating: 1341 &rarr; <strong>1363</strong><br />(+22 for winning)
|raw|leoperi99's rating: 1375 &rarr; <strong>1353</strong><br />(-22 for losing)
|l|☆leoperi99
|player|p2|
|c|☆BWVC BookofConke|GG
