|j|☆Xmartin33x
|j|☆HANMA JACK
|t:|1735140344
|gametype|singles
|player|p1|Xmartin33x|colress|1340
|player|p2|HANMA JACK|169|1660
|teamsize|p1|6
|teamsize|p2|6
|gen|5
|tier|[Gen 5] OU
|rated|
|rule|Species Clause: Limit one of each Pokémon
|rule|OHKO Clause: OHKO moves are banned
|rule|Moody Clause: Moody is banned
|rule|Evasion Items Clause: Evasion items are banned
|rule|Evasion Moves Clause: Evasion moves are banned
|rule|Endless Battle Clause: Forcing endless battles is banned
|rule|HP Percentage Mod: HP is shown in percentages
|rule|Evasion Abilities Clause: Evasion abilities are banned
|rule|Sleep Moves Clause: Sleep-inducing moves are banned
|rule|Swagger Clause: Swagger is banned
|rule|Baton Pass Stat Clause: No Baton Passer may have a way to boost its stats
|clearpoke
|poke|p1|Politoed, M|item
|poke|p1|Tentacruel, F|item
|poke|p1|Thundurus-Therian, M|item
|poke|p1|Latios, M|item
|poke|p1|Ferrothorn, F|item
|poke|p1|Landorus-Therian, M|item
|poke|p2|Conkeldurr, M|item
|poke|p2|Garchomp, M|item
|poke|p2|Starmie|item
|poke|p2|Mamoswine, M|item
|poke|p2|Scizor, M|item
|poke|p2|Salamence, F|item
|teampreview
|c|☆HANMA JACK|gl hf
|c|☆Xmartin33x|gl hf
|
|t:|1735140364
|start
|switch|p1a: Politoed|Politoed, M|100/100
|switch|p2a: Conkeldurr|Conkeldurr, M|100/100
|-weather|RainDance|[from] ability: Drizzle|[of] p1a: Politoed
|turn|1
|
|t:|1735140372
|move|p1a: Politoed|Scald|p2a: Conkeldurr
|-damage|p2a: Conkeldurr|56/100
|move|p2a: Conkeldurr|Thunder Punch|p1a: Politoed
|-supereffective|p1a: Politoed
|-damage|p1a: Politoed|17/100
|
|-weather|RainDance|[upkeep]
|upkeep
|turn|2
|
|t:|1735140381
|switch|p1a: Thundurus|Thundurus-Therian, M|100/100
|move|p2a: Conkeldurr|Drain Punch|p1a: Thundurus
|-resisted|p1a: Thundurus
|-damage|p1a: Thundurus|63/100
|-heal|p2a: Conkeldurr|72/100|[from] drain|[of] p1a: Thundurus
|
|-weather|RainDance|[upkeep]
|upkeep
|turn|3
|
|t:|1735140395
|switch|p1a: Landorus|Landorus-Therian, M|100/100
|-ability|p1a: Landorus|Intimidate|boost
|-unboost|p2a: Conkeldurr|atk|1
|switch|p2a: Garchomp|Garchomp, M|100/100
|
|-weather|RainDance|[upkeep]
|upkeep
|turn|4
|
|t:|1735140404
|move|p2a: Garchomp|Stealth Rock|p1a: Landorus
|-sidestart|p1: Xmartin33x|move: Stealth Rock
|move|p1a: Landorus|Stealth Rock|p2a: Garchomp
|-sidestart|p2: HANMA JACK|move: Stealth Rock
|
|-weather|RainDance|[upkeep]
|upkeep
|turn|5
|
|t:|1735140417
|move|p2a: Garchomp|Swords Dance|p2a: Garchomp
|-boost|p2a: Garchomp|atk|2
|move|p1a: Landorus|Explosion|p2a: Garchomp
|-damage|p2a: Garchomp|14/100
|faint|p1a: Landorus
|
|-weather|RainDance|[upkeep]
|upkeep
|
|t:|1735140424
|switch|p1a: Politoed|Politoed, M|17/100
|-damage|p1a: Politoed|5/100|[from] Stealth Rock
|turn|6
|
|t:|1735140433
|move|p1a: Politoed|Scald|p2a: Garchomp
|-damage|p2a: Garchomp|0 fnt
|faint|p2a: Garchomp
|
|-weather|RainDance|[upkeep]
|upkeep
|
|t:|1735140446
|switch|p2a: Starmie|Starmie|100/100
|-damage|p2a: Starmie|88/100|[from] Stealth Rock
|-item|p2a: Starmie|Air Balloon
|turn|7
|
|t:|1735140451
|move|p1a: Politoed|Scald|p2a: Starmie
|-resisted|p2a: Starmie
|-damage|p2a: Starmie|54/100
|-enditem|p2a: Starmie|Air Balloon
|move|p2a: Starmie|Rapid Spin|p1a: Politoed
|-damage|p1a: Politoed|0 fnt
|-sideend|p2: HANMA JACK|Stealth Rock|[from] move: Rapid Spin|[of] p2a: Starmie
|faint|p1a: Politoed
|
|-weather|RainDance|[upkeep]
|upkeep
|
|t:|1735140473
|switch|p1a: Thundurus|Thundurus-Therian, M|63/100
|-damage|p1a: Thundurus|39/100|[from] Stealth Rock
|turn|8
|
|t:|1735140478
|move|p1a: Thundurus|Volt Switch|p2a: Starmie
|-supereffective|p2a: Starmie
|-damage|p2a: Starmie|0 fnt
|faint|p2a: Starmie
|
|t:|1735140499
|switch|p1a: Tentacruel|Tentacruel, F|100/100|[from] Volt Switch
|-damage|p1a: Tentacruel|88/100|[from] Stealth Rock
|
|-weather|RainDance|[upkeep]
|-heal|p1a: Tentacruel|94/100|[from] ability: Rain Dish
|-heal|p1a: Tentacruel|99/100|[from] item: Black Sludge
|upkeep
|
|t:|1735140504
|switch|p2a: Salamence|Salamence, F|100/100
|turn|9
|
|t:|1735140516
|move|p2a: Salamence|Earthquake|p1a: Tentacruel
|-supereffective|p1a: Tentacruel
|-damage|p1a: Tentacruel|24/100
|move|p1a: Tentacruel|Toxic|p2a: Salamence
|-status|p2a: Salamence|tox
|
|-weather|RainDance|[upkeep]
|-heal|p1a: Tentacruel|30/100|[from] ability: Rain Dish
|-heal|p1a: Tentacruel|36/100|[from] item: Black Sludge
|-damage|p2a: Salamence|94/100 tox|[from] psn
|upkeep
|turn|10
|
|t:|1735140521
|move|p2a: Salamence|Dragon Dance|p2a: Salamence
|-boost|p2a: Salamence|atk|1
|-boost|p2a: Salamence|spe|1
|move|p1a: Tentacruel|Rapid Spin|p2a: Salamence
|-damage|p2a: Salamence|91/100 tox
|-sideend|p1: Xmartin33x|Stealth Rock|[from] move: Rapid Spin|[of] p1a: Tentacruel
|
|-weather|RainDance|[upkeep]
|-heal|p1a: Tentacruel|42/100|[from] ability: Rain Dish
|-heal|p1a: Tentacruel|48/100|[from] item: Black Sludge
|-damage|p2a: Salamence|79/100 tox|[from] psn
|upkeep
|turn|11
|
|t:|1735140527
|move|p2a: Salamence|Outrage|p1a: Tentacruel
|-damage|p1a: Tentacruel|0 fnt
|faint|p1a: Tentacruel
|-ability|p2a: Salamence|Moxie|boost
|-boost|p2a: Salamence|atk|1
|
|-weather|RainDance|[upkeep]
|-damage|p2a: Salamence|61/100 tox|[from] psn
|upkeep
|
|t:|1735140535
|switch|p1a: Ferrothorn|Ferrothorn, F|100/100
|turn|12
|
|t:|1735140539
|move|p2a: Salamence|Outrage|p1a: Ferrothorn|[from]lockedmove
|-resisted|p1a: Ferrothorn
|-damage|p1a: Ferrothorn|57/100
|-damage|p2a: Salamence|49/100 tox|[from] ability: Iron Barbs|[of] p1a: Ferrothorn
|-damage|p2a: Salamence|32/100 tox|[from] item: Rocky Helmet|[of] p1a: Ferrothorn
|move|p1a: Ferrothorn|Leech Seed|p2a: Salamence
|-start|p2a: Salamence|move: Leech Seed
|
|-weather|RainDance|[upkeep]
|-damage|p2a: Salamence|20/100 tox|[from] Leech Seed|[of] p1a: Ferrothorn
|-heal|p1a: Ferrothorn|69/100|[silent]
|-damage|p2a: Salamence|0 fnt|[from] psn
|faint|p2a: Salamence
|upkeep
|
|t:|1735140544
|switch|p2a: Conkeldurr|Conkeldurr, M|72/100
|turn|13
|
|t:|1735140563
|switch|p1a: Latios|Latios, M|100/100
|move|p2a: Conkeldurr|Drain Punch|p1a: Latios
|-resisted|p1a: Latios
|-damage|p1a: Latios|67/100
|-heal|p2a: Conkeldurr|86/100|[from] drain|[of] p1a: Latios
|
|-weather|RainDance|[upkeep]
|upkeep
|turn|14
|
|t:|1735140579
|move|p1a: Latios|Trick|p2a: Conkeldurr
|-activate|p1a: Latios|move: Trick|[of] p2a: Conkeldurr
|-item|p2a: Conkeldurr|Choice Specs|[from] move: Trick
|-item|p1a: Latios|Muscle Band|[from] move: Trick
|move|p2a: Conkeldurr|Ice Punch|p1a: Latios
|-supereffective|p1a: Latios
|-damage|p1a: Latios|0 fnt
|faint|p1a: Latios
|
|-weather|RainDance|[upkeep]
|upkeep
|
|t:|1735140588
|switch|p1a: Ferrothorn|Ferrothorn, F|69/100
|turn|15
|
|t:|1735140592
|move|p2a: Conkeldurr|Ice Punch|p1a: Ferrothorn
|-damage|p1a: Ferrothorn|47/100
|-damage|p2a: Conkeldurr|74/100|[from] ability: Iron Barbs|[of] p1a: Ferrothorn
|-damage|p2a: Conkeldurr|57/100|[from] item: Rocky Helmet|[of] p1a: Ferrothorn
|move|p1a: Ferrothorn|Leech Seed|p2a: Conkeldurr
|-start|p2a: Conkeldurr|move: Leech Seed
|
|-weather|RainDance|[upkeep]
|-damage|p2a: Conkeldurr|45/100|[from] Leech Seed|[of] p1a: Ferrothorn
|-heal|p1a: Ferrothorn|59/100|[silent]
|upkeep
|turn|16
|
|t:|1735140605
|switch|p2a: Scizor|Scizor, M|100/100
|move|p1a: Ferrothorn|Thunder Wave|p2a: Scizor
|-status|p2a: Scizor|par
|
|-weather|RainDance|[upkeep]
|upkeep
|turn|17
|
|t:|1735140610
|move|p1a: Ferrothorn|Leech Seed|p2a: Scizor|[miss]
|-miss|p1a: Ferrothorn|p2a: Scizor
|cant|p2a: Scizor|par
|
|-weather|RainDance|[upkeep]
|upkeep
|turn|18
|
|t:|1735140614
|move|p1a: Ferrothorn|Leech Seed|p2a: Scizor|[miss]
|-miss|p1a: Ferrothorn|p2a: Scizor
|move|p2a: Scizor|Superpower|p1a: Ferrothorn
|-supereffective|p1a: Ferrothorn
|-damage|p1a: Ferrothorn|0 fnt
|-unboost|p2a: Scizor|atk|1
|-unboost|p2a: Scizor|def|1
|-damage|p2a: Scizor|88/100 par|[from] ability: Iron Barbs|[of] p1a: Ferrothorn
|-damage|p2a: Scizor|71/100 par|[from] item: Rocky Helmet|[of] p1a: Ferrothorn
|faint|p1a: Ferrothorn
|-damage|p2a: Scizor|61/100 par|[from] item: Life Orb
|
|-weather|RainDance|[upkeep]
|upkeep
|
|t:|1735140622
|switch|p1a: Thundurus|Thundurus-Therian, M|39/100
|turn|19
|
|t:|1735140628
|move|p2a: Scizor|Bullet Punch|p1a: Thundurus
|-resisted|p1a: Thundurus
|-damage|p1a: Thundurus|18/100
|-damage|p2a: Scizor|52/100 par|[from] item: Life Orb
|move|p1a: Thundurus|Dark Pulse|p2a: Scizor
|-resisted|p2a: Scizor
|-damage|p2a: Scizor|30/100 par
|
|-weather|RainDance|[upkeep]
|upkeep
|turn|20
|
|t:|1735140631
|cant|p2a: Scizor|par
|move|p1a: Thundurus|Dark Pulse|p2a: Scizor
|-resisted|p2a: Scizor
|-damage|p2a: Scizor|6/100 par
|
|-weather|RainDance|[upkeep]
|upkeep
|turn|21
|
|t:|1735140633
|move|p2a: Scizor|Bullet Punch|p1a: Thundurus
|-resisted|p1a: Thundurus
|-damage|p1a: Thundurus|0 fnt
|faint|p1a: Thundurus
|-damage|p2a: Scizor|0 fnt|[from] item: Life Orb
|faint|p2a: Scizor
|
|win|HANMA JACK
|raw|Xmartin33x's rating: 1340 &rarr; <strong>1335</strong><br />(-5 for losing)
|raw|HANMA JACK's rating: 1660 &rarr; <strong>1665</strong><br />(+5 for winning)
|c|☆HANMA JACK|gg
