|j|☆stonya
|j|☆radaty
|t:|1705315249
|gametype|singles
|player|p1|stonya|170|1367
|player|p2|radaty|266|1387
|teamsize|p1|6
|teamsize|p2|6
|gen|5
|tier|[Gen 5] OU
|rated|
|rule|Species Clause: Limit one of each Pokémon
|rule|OHKO Clause: OHKO moves are banned
|rule|Moody Clause: Moody is banned
|rule|Evasion Items Clause: Evasion items are banned
|rule|Evasion Moves Clause: Evasion moves are banned
|rule|Endless Battle Clause: Forcing endless battles is banned
|rule|HP Percentage Mod: HP is shown in percentages
|rule|Evasion Abilities Clause: Evasion abilities are banned
|rule|Sleep Moves Clause: Sleep-inducing moves are banned
|rule|Swagger Clause: Swagger is banned
|rule|Baton Pass Stat Clause: No Baton Passer may have a way to boost its stats
|clearpoke
|poke|p1|Tyranitar, M|item
|poke|p1|Magnezone|item
|poke|p1|Terrakion|item
|poke|p1|Latios, M|item
|poke|p1|Scizor, M|item
|poke|p1|Landorus-Therian, M|item
|poke|p2|Chansey, F|item
|poke|p2|Xatu, F|item
|poke|p2|Sableye, F|item
|poke|p2|Quagsire, F|item
|poke|p2|Tentacruel, M|item
|poke|p2|Jirachi|item
|teampreview
|inactive|Battle timer is ON: inactive players will automatically lose when time's up. (requested by radaty)
|
|t:|1705315260
|start
|switch|p1a: Pat Riely|Tyranitar, M|100/100
|switch|p2a: Sableye|Sableye, F|100/100
|-weather|Sandstorm|[from] ability: Sand Stream|[of] p1a: Pat Riely
|turn|1
|
|t:|1705315263
|move|p2a: Sableye|Will-O-Wisp|p1a: Pat Riely
|-status|p1a: Pat Riely|brn
|move|p1a: Pat Riely|Stealth Rock|p2a: Sableye
|-sidestart|p2: radaty|move: Stealth Rock
|
|-weather|Sandstorm|[upkeep]
|-damage|p2a: Sableye|95/100|[from] Sandstorm
|-heal|p2a: Sableye|100/100|[from] item: Leftovers
|-damage|p1a: Pat Riely|88/100 brn|[from] brn
|upkeep
|turn|2
|
|t:|1705315269
|move|p2a: Sableye|Foul Play|p1a: Pat Riely
|-resisted|p1a: Pat Riely
|-damage|p1a: Pat Riely|72/100 brn
|move|p1a: Pat Riely|Roar|p2a: Sableye
|drag|p2a: Tentacruel|Tentacruel, M|100/100
|-damage|p2a: Tentacruel|88/100|[from] Stealth Rock
|
|-weather|Sandstorm|[upkeep]
|-damage|p2a: Tentacruel|82/100|[from] Sandstorm
|-heal|p2a: Tentacruel|88/100|[from] item: Black Sludge
|-heal|p1a: Pat Riely|78/100 brn|[from] item: Leftovers
|-damage|p1a: Pat Riely|66/100 brn|[from] brn
|upkeep
|turn|3
|
|t:|1705315275
|switch|p1a: Bron Bron|Landorus-Therian, M|100/100
|-ability|p1a: Bron Bron|Intimidate|boost
|-unboost|p2a: Tentacruel|atk|1
|move|p2a: Tentacruel|Rapid Spin|p1a: Bron Bron
|-damage|p1a: Bron Bron|99/100
|-sideend|p2: radaty|Stealth Rock|[from] move: Rapid Spin|[of] p2a: Tentacruel
|
|-weather|Sandstorm|[upkeep]
|-damage|p2a: Tentacruel|82/100|[from] Sandstorm
|-heal|p2a: Tentacruel|88/100|[from] item: Black Sludge
|upkeep
|turn|4
|
|t:|1705315282
|move|p2a: Tentacruel|Protect|p2a: Tentacruel
|-singleturn|p2a: Tentacruel|Protect
|move|p1a: Bron Bron|Earthquake|p2a: Tentacruel
|-activate|p2a: Tentacruel|move: Protect
|
|-weather|Sandstorm|[upkeep]
|-damage|p2a: Tentacruel|82/100|[from] Sandstorm
|-heal|p2a: Tentacruel|88/100|[from] item: Black Sludge
|upkeep
|turn|5
|
|t:|1705315287
|switch|p2a: Xatu|Xatu, F|100/100
|move|p1a: Bron Bron|Hidden Power|p2a: Xatu
|-supereffective|p2a: Xatu
|-damage|p2a: Xatu|46/100
|
|-weather|Sandstorm|[upkeep]
|-damage|p2a: Xatu|40/100|[from] Sandstorm
|-heal|p2a: Xatu|46/100|[from] item: Leftovers
|upkeep
|turn|6
|
|t:|1705315298
|switch|p2a: Quagsire|Quagsire, F|100/100
|move|p1a: Bron Bron|U-turn|p2a: Quagsire
|-damage|p2a: Quagsire|80/100
|
|t:|1705315307
|switch|p1a: Bosh|Latios, M, shiny|100/100|[from] U-turn
|
|-weather|Sandstorm|[upkeep]
|-damage|p1a: Bosh|95/100|[from] Sandstorm
|-heal|p2a: Quagsire|87/100|[from] item: Leftovers
|upkeep
|turn|7
|j| Neighthan Trainer
|
|t:|1705315309
|switch|p2a: Jirachi|Jirachi|100/100
|move|p1a: Bosh|Psyshock|p2a: Jirachi
|-resisted|p2a: Jirachi
|-damage|p2a: Jirachi|93/100
|
|-weather|Sandstorm|[upkeep]
|-damage|p1a: Bosh|89/100|[from] Sandstorm
|-heal|p2a: Jirachi|99/100|[from] item: Leftovers
|upkeep
|turn|8
|
|t:|1705315314
|switch|p1a: Ray Allen|Magnezone|100/100
|move|p2a: Jirachi|Fire Punch|p1a: Ray Allen
|-supereffective|p1a: Ray Allen
|-damage|p1a: Ray Allen|64/100
|-status|p1a: Ray Allen|brn
|
|-weather|Sandstorm|[upkeep]
|-heal|p2a: Jirachi|100/100|[from] item: Leftovers
|-heal|p1a: Ray Allen|70/100 brn|[from] item: Leftovers
|-damage|p1a: Ray Allen|58/100 brn|[from] brn
|upkeep
|turn|9
|
|t:|1705315318
|move|p2a: Jirachi|Protect|p2a: Jirachi
|-singleturn|p2a: Jirachi|Protect
|move|p1a: Ray Allen|Hidden Power|p2a: Jirachi
|-activate|p2a: Jirachi|move: Protect
|
|-weather|Sandstorm|[upkeep]
|-heal|p1a: Ray Allen|64/100 brn|[from] item: Leftovers
|-damage|p1a: Ray Allen|52/100 brn|[from] brn
|upkeep
|turn|10
|
|t:|1705315320
|move|p2a: Jirachi|Fire Punch|p1a: Ray Allen
|-supereffective|p1a: Ray Allen
|-damage|p1a: Ray Allen|14/100 brn
|move|p1a: Ray Allen|Hidden Power|p2a: Jirachi
|-supereffective|p2a: Jirachi
|-damage|p2a: Jirachi|58/100
|
|-weather|Sandstorm|[upkeep]
|-heal|p2a: Jirachi|65/100|[from] item: Leftovers
|-heal|p1a: Ray Allen|20/100 brn|[from] item: Leftovers
|-damage|p1a: Ray Allen|8/100 brn|[from] brn
|upkeep
|turn|11
|
|t:|1705315329
|move|p2a: Jirachi|Wish|p2a: Jirachi
|move|p1a: Ray Allen|Hidden Power|p2a: Jirachi
|-supereffective|p2a: Jirachi
|-damage|p2a: Jirachi|26/100
|
|-weather|Sandstorm|[upkeep]
|-heal|p2a: Jirachi|32/100|[from] item: Leftovers
|-heal|p1a: Ray Allen|14/100 brn|[from] item: Leftovers
|-damage|p1a: Ray Allen|2/100 brn|[from] brn
|upkeep
|turn|12
|
|t:|1705315331
|move|p2a: Jirachi|Protect|p2a: Jirachi
|-singleturn|p2a: Jirachi|Protect
|move|p1a: Ray Allen|Hidden Power|p2a: Jirachi
|-activate|p2a: Jirachi|move: Protect
|
|-weather|Sandstorm|[upkeep]
|-heal|p2a: Jirachi|82/100|[from] move: Wish|[wisher] Jirachi
|-heal|p2a: Jirachi|88/100|[from] item: Leftovers
|-heal|p1a: Ray Allen|8/100 brn|[from] item: Leftovers
|-damage|p1a: Ray Allen|0 fnt|[from] brn
|faint|p1a: Ray Allen
|upkeep
|
|t:|1705315335
|switch|p1a: Bron Bron|Landorus-Therian, M|99/100
|-ability|p1a: Bron Bron|Intimidate|boost
|-unboost|p2a: Jirachi|atk|1
|turn|13
|
|t:|1705315339
|move|p2a: Jirachi|Protect|p2a: Jirachi
|-singleturn|p2a: Jirachi|Protect
|move|p1a: Bron Bron|Earthquake|p2a: Jirachi
|-activate|p2a: Jirachi|move: Protect
|
|-weather|Sandstorm|[upkeep]
|-heal|p2a: Jirachi|94/100|[from] item: Leftovers
|upkeep
|turn|14
|
|t:|1705315345
|switch|p2a: Quagsire|Quagsire, F|87/100
|move|p1a: Bron Bron|Earthquake|p2a: Quagsire
|-damage|p2a: Quagsire|41/100
|
|-weather|Sandstorm|[upkeep]
|-heal|p2a: Quagsire|47/100|[from] item: Leftovers
|upkeep
|turn|15
|
|t:|1705315352
|move|p1a: Bron Bron|Toxic|p2a: Quagsire
|-status|p2a: Quagsire|tox
|move|p2a: Quagsire|Recover|p2a: Quagsire
|-heal|p2a: Quagsire|97/100 tox
|
|-weather|Sandstorm|[upkeep]
|-heal|p2a: Quagsire|100/100 tox|[from] item: Leftovers
|-damage|p2a: Quagsire|94/100 tox|[from] psn
|upkeep
|turn|16
|
|t:|1705315361
|move|p1a: Bron Bron|U-turn|p2a: Quagsire
|-damage|p2a: Quagsire|75/100 tox
|
|t:|1705315368
|switch|p1a: Pat Riely|Tyranitar, M|66/100 brn|[from] U-turn
|move|p2a: Quagsire|Scald|p1a: Pat Riely
|-supereffective|p1a: Pat Riely
|-damage|p1a: Pat Riely|51/100 brn
|
|-weather|Sandstorm|[upkeep]
|-heal|p1a: Pat Riely|57/100 brn|[from] item: Leftovers
|-heal|p2a: Quagsire|81/100 tox|[from] item: Leftovers
|-damage|p2a: Quagsire|69/100 tox|[from] psn
|-damage|p1a: Pat Riely|45/100 brn|[from] brn
|upkeep
|turn|17
|
|t:|1705315372
|switch|p2a: Xatu|Xatu, F|46/100
|move|p1a: Pat Riely|Ice Beam|p2a: Xatu
|-supereffective|p2a: Xatu
|-damage|p2a: Xatu|0 fnt
|faint|p2a: Xatu
|
|-weather|Sandstorm|[upkeep]
|-heal|p1a: Pat Riely|51/100 brn|[from] item: Leftovers
|-damage|p1a: Pat Riely|38/100 brn|[from] brn
|upkeep
|
|t:|1705315374
|switch|p2a: Sableye|Sableye, F|100/100
|turn|18
|
|t:|1705315380
|move|p2a: Sableye|Taunt|p1a: Pat Riely
|-start|p1a: Pat Riely|move: Taunt
|move|p1a: Pat Riely|Ice Beam|p2a: Sableye
|-damage|p2a: Sableye|68/100
|
|-weather|Sandstorm|[upkeep]
|-damage|p2a: Sableye|62/100|[from] Sandstorm
|-heal|p1a: Pat Riely|45/100 brn|[from] item: Leftovers
|-heal|p2a: Sableye|68/100|[from] item: Leftovers
|-damage|p1a: Pat Riely|32/100 brn|[from] brn
|upkeep
|turn|19
|
|t:|1705315384
|move|p2a: Sableye|Will-O-Wisp|p1a: Pat Riely|[miss]
|-miss|p2a: Sableye|p1a: Pat Riely
|move|p1a: Pat Riely|Ice Beam|p2a: Sableye
|-damage|p2a: Sableye|35/100
|
|-weather|Sandstorm|[upkeep]
|-damage|p2a: Sableye|30/100|[from] Sandstorm
|-heal|p1a: Pat Riely|38/100 brn|[from] item: Leftovers
|-heal|p2a: Sableye|35/100|[from] item: Leftovers
|-damage|p1a: Pat Riely|26/100 brn|[from] brn
|upkeep
|turn|20
|
|t:|1705315391
|move|p2a: Sableye|Recover|p2a: Sableye
|-heal|p2a: Sableye|86/100
|move|p1a: Pat Riely|Ice Beam|p2a: Sableye
|-damage|p2a: Sableye|49/100
|
|-weather|Sandstorm|[upkeep]
|-damage|p2a: Sableye|43/100|[from] Sandstorm
|-heal|p1a: Pat Riely|32/100 brn|[from] item: Leftovers
|-heal|p2a: Sableye|49/100|[from] item: Leftovers
|-damage|p1a: Pat Riely|20/100 brn|[from] brn
|-end|p1a: Pat Riely|move: Taunt
|upkeep
|turn|21
|
|t:|1705315394
|move|p2a: Sableye|Taunt|p1a: Pat Riely
|-start|p1a: Pat Riely|move: Taunt
|move|p1a: Pat Riely|Ice Beam|p2a: Sableye
|-damage|p2a: Sableye|16/100
|-status|p2a: Sableye|frz
|
|-weather|Sandstorm|[upkeep]
|-damage|p2a: Sableye|10/100 frz|[from] Sandstorm
|-heal|p1a: Pat Riely|26/100 brn|[from] item: Leftovers
|-heal|p2a: Sableye|16/100 frz|[from] item: Leftovers
|-damage|p1a: Pat Riely|14/100 brn|[from] brn
|upkeep
|turn|22
|
|t:|1705315399
|-curestatus|p2a: Sableye|frz|[msg]
|move|p2a: Sableye|Recover|p2a: Sableye
|-heal|p2a: Sableye|66/100
|move|p1a: Pat Riely|Pursuit|p2a: Sableye
|-damage|p2a: Sableye|57/100
|
|-weather|Sandstorm|[upkeep]
|-damage|p2a: Sableye|51/100|[from] Sandstorm
|-heal|p1a: Pat Riely|20/100 brn|[from] item: Leftovers
|-heal|p2a: Sableye|57/100|[from] item: Leftovers
|-damage|p1a: Pat Riely|7/100 brn|[from] brn
|upkeep
|turn|23
|
|t:|1705315402
|move|p2a: Sableye|Recover|p2a: Sableye
|-heal|p2a: Sableye|100/100
|move|p1a: Pat Riely|Ice Beam|p2a: Sableye
|-damage|p2a: Sableye|68/100
|
|-weather|Sandstorm|[upkeep]
|-damage|p2a: Sableye|62/100|[from] Sandstorm
|-heal|p1a: Pat Riely|14/100 brn|[from] item: Leftovers
|-heal|p2a: Sableye|68/100|[from] item: Leftovers
|-damage|p1a: Pat Riely|1/100 brn|[from] brn
|-end|p1a: Pat Riely|move: Taunt
|upkeep
|turn|24
|
|t:|1705315404
|move|p2a: Sableye|Taunt|p1a: Pat Riely
|-start|p1a: Pat Riely|move: Taunt
|move|p1a: Pat Riely|Ice Beam|p2a: Sableye
|-damage|p2a: Sableye|30/100
|
|-weather|Sandstorm|[upkeep]
|-damage|p2a: Sableye|24/100|[from] Sandstorm
|-heal|p1a: Pat Riely|7/100 brn|[from] item: Leftovers
|-heal|p2a: Sableye|30/100|[from] item: Leftovers
|-damage|p1a: Pat Riely|0 fnt|[from] brn
|faint|p1a: Pat Riely
|upkeep
|
|t:|1705315419
|switch|p1a: Bosh|Latios, M, shiny|89/100
|turn|25
|
|t:|1705315421
|switch|p2a: Jirachi|Jirachi|94/100
|move|p1a: Bosh|Surf|p2a: Jirachi
|-damage|p2a: Jirachi|67/100
|
|-weather|Sandstorm|[upkeep]
|-damage|p1a: Bosh|83/100|[from] Sandstorm
|-heal|p2a: Jirachi|73/100|[from] item: Leftovers
|upkeep
|turn|26
|
|t:|1705315432
|move|p1a: Bosh|Surf|p2a: Jirachi
|-damage|p2a: Jirachi|43/100
|move|p2a: Jirachi|Fire Punch|p1a: Bosh
|-resisted|p1a: Bosh
|-damage|p1a: Bosh|72/100
|
|-weather|Sandstorm|[upkeep]
|-damage|p1a: Bosh|66/100|[from] Sandstorm
|-heal|p2a: Jirachi|49/100|[from] item: Leftovers
|upkeep
|turn|27
|
|t:|1705315435
|move|p1a: Bosh|Surf|p2a: Jirachi
|-damage|p2a: Jirachi|23/100
|move|p2a: Jirachi|Wish|p2a: Jirachi
|
|-weather|Sandstorm|[upkeep]
|-damage|p1a: Bosh|60/100|[from] Sandstorm
|-heal|p2a: Jirachi|29/100|[from] item: Leftovers
|upkeep
|turn|28
|
|t:|1705315440
|move|p1a: Bosh|Surf|p2a: Jirachi
|-crit|p2a: Jirachi
|-damage|p2a: Jirachi|0 fnt
|faint|p2a: Jirachi
|
|-weather|Sandstorm|[upkeep]
|-damage|p1a: Bosh|54/100|[from] Sandstorm
|upkeep
|
|t:|1705315444
|switch|p2a: Chansey|Chansey, F|100/100
|turn|29
|
|t:|1705315457
|move|p1a: Bosh|Energy Ball|p2a: Chansey
|-damage|p2a: Chansey|94/100
|move|p2a: Chansey|Stealth Rock|p1a: Bosh
|-sidestart|p1: stonya|move: Stealth Rock
|
|-weather|Sandstorm|[upkeep]
|-damage|p1a: Bosh|48/100|[from] Sandstorm
|-damage|p2a: Chansey|87/100|[from] Sandstorm
|upkeep
|turn|30
|
|t:|1705315460
|move|p1a: Bosh|Energy Ball|p2a: Chansey
|-damage|p2a: Chansey|80/100
|move|p2a: Chansey|Toxic|p1a: Bosh
|-status|p1a: Bosh|tox
|
|-weather|Sandstorm|[upkeep]
|-damage|p1a: Bosh|42/100 tox|[from] Sandstorm
|-damage|p2a: Chansey|74/100|[from] Sandstorm
|-damage|p1a: Bosh|36/100 tox|[from] psn
|upkeep
|turn|31
|
|t:|1705315462
|move|p1a: Bosh|Energy Ball|p2a: Chansey
|-damage|p2a: Chansey|66/100
|move|p2a: Chansey|Seismic Toss|p1a: Bosh
|-damage|p1a: Bosh|2/100 tox
|
|-weather|Sandstorm|[upkeep]
|-damage|p1a: Bosh|0 fnt|[from] Sandstorm
|-damage|p2a: Chansey|60/100|[from] Sandstorm
|faint|p1a: Bosh
|upkeep
|
|t:|1705315471
|switch|p1a: Bron Bron|Landorus-Therian, M|99/100
|-damage|p1a: Bron Bron|86/100|[from] Stealth Rock
|-ability|p1a: Bron Bron|Intimidate|boost
|-unboost|p2a: Chansey|atk|1
|turn|32
|
|t:|1705315473
|move|p1a: Bron Bron|Earthquake|p2a: Chansey
|-damage|p2a: Chansey|13/100
|move|p2a: Chansey|Soft-Boiled|p2a: Chansey
|-heal|p2a: Chansey|63/100
|
|-weather|Sandstorm|[upkeep]
|-damage|p2a: Chansey|57/100|[from] Sandstorm
|upkeep
|turn|33
|
|t:|1705315476
|move|p1a: Bron Bron|Toxic|p2a: Chansey
|-status|p2a: Chansey|tox
|move|p2a: Chansey|Toxic|p1a: Bron Bron
|-status|p1a: Bron Bron|tox
|
|-weather|Sandstorm|[upkeep]
|-damage|p2a: Chansey|51/100 tox|[from] Sandstorm
|-damage|p1a: Bron Bron|80/100 tox|[from] psn
|-damage|p2a: Chansey|44/100 tox|[from] psn
|upkeep
|turn|34
|
|t:|1705315479
|move|p1a: Bron Bron|Earthquake|p2a: Chansey
|-damage|p2a: Chansey|0 fnt
|faint|p2a: Chansey
|
|-weather|Sandstorm|[upkeep]
|-damage|p1a: Bron Bron|68/100 tox|[from] psn
|upkeep
|
|t:|1705315482
|switch|p2a: Tentacruel|Tentacruel, M|88/100
|turn|35
|j| Darkininha
|
|t:|1705315495
|move|p2a: Tentacruel|Protect|p2a: Tentacruel
|-singleturn|p2a: Tentacruel|Protect
|move|p1a: Bron Bron|Earthquake|p2a: Tentacruel
|-activate|p2a: Tentacruel|move: Protect
|
|-weather|Sandstorm|[upkeep]
|-damage|p2a: Tentacruel|82/100|[from] Sandstorm
|-heal|p2a: Tentacruel|88/100|[from] item: Black Sludge
|-damage|p1a: Bron Bron|50/100 tox|[from] psn
|upkeep
|turn|36
|
|t:|1705315499
|move|p2a: Tentacruel|Protect|p2a: Tentacruel
|-singleturn|p2a: Tentacruel|Protect
|move|p1a: Bron Bron|Earthquake|p2a: Tentacruel
|-activate|p2a: Tentacruel|move: Protect
|
|-weather|Sandstorm|[upkeep]
|-damage|p2a: Tentacruel|82/100|[from] Sandstorm
|-heal|p2a: Tentacruel|88/100|[from] item: Black Sludge
|-damage|p1a: Bron Bron|26/100 tox|[from] psn
|upkeep
|turn|37
|
|t:|1705315504
|move|p2a: Tentacruel|Protect||[still]
|-fail|p2a: Tentacruel
|move|p1a: Bron Bron|Earthquake|p2a: Tentacruel
|-supereffective|p2a: Tentacruel
|-damage|p2a: Tentacruel|0 fnt
|faint|p2a: Tentacruel
|
|-weather|Sandstorm|[upkeep]
|-damage|p1a: Bron Bron|0 fnt|[from] psn
|faint|p1a: Bron Bron
|upkeep
|inactive|stonya has 120 seconds left.
|
|t:|1705315556
|switch|p2a: Quagsire|Quagsire, F|69/100 tox
|switch|p1a: D.Wade|Terrakion|100/100
|-damage|p1a: D.Wade|94/100|[from] Stealth Rock
|turn|38
|
|t:|1705315560
|move|p1a: D.Wade|X-Scissor|p2a: Quagsire
|-damage|p2a: Quagsire|49/100 tox
|move|p2a: Quagsire|Scald|p1a: D.Wade
|-supereffective|p1a: D.Wade
|-crit|p1a: D.Wade
|-damage|p1a: D.Wade|40/100
|
|-weather|Sandstorm|[upkeep]
|-heal|p2a: Quagsire|55/100 tox|[from] item: Leftovers
|-damage|p2a: Quagsire|49/100 tox|[from] psn
|upkeep
|turn|39
|
|t:|1705315565
|move|p1a: D.Wade|X-Scissor|p2a: Quagsire
|-damage|p2a: Quagsire|28/100 tox
|move|p2a: Quagsire|Scald|p1a: D.Wade
|-supereffective|p1a: D.Wade
|-damage|p1a: D.Wade|13/100
|
|-weather|Sandstorm|[upkeep]
|-heal|p2a: Quagsire|34/100 tox|[from] item: Leftovers
|-damage|p2a: Quagsire|22/100 tox|[from] psn
|upkeep
|turn|40
|
|t:|1705315568
|move|p1a: D.Wade|X-Scissor|p2a: Quagsire
|-damage|p2a: Quagsire|2/100 tox
|move|p2a: Quagsire|Scald|p1a: D.Wade
|-supereffective|p1a: D.Wade
|-damage|p1a: D.Wade|0 fnt
|faint|p1a: D.Wade
|
|-weather|Sandstorm|[upkeep]
|-heal|p2a: Quagsire|8/100 tox|[from] item: Leftovers
|-damage|p2a: Quagsire|0 fnt|[from] psn
|faint|p2a: Quagsire
|upkeep
|
|t:|1705315570
|switch|p1a: Miller|Scizor, M, shiny|100/100
|switch|p2a: Sableye|Sableye, F|30/100
|-damage|p1a: Miller|88/100|[from] Stealth Rock
|turn|41
|
|t:|1705315573
|move|p1a: Miller|Bullet Punch|p2a: Sableye
|-damage|p2a: Sableye|0 fnt
|faint|p2a: Sableye
|
|win|stonya
|raw|stonya's rating: 1344 &rarr; <strong>1366</strong><br />(+22 for winning)
|raw|radaty's rating: 1387 &rarr; <strong>1365</strong><br />(-22 for losing)
|l|☆radaty
|player|p2|
