|j|☆UncleSlayers
|j|☆ytcd
|t:|1743041699
|gametype|singles
|player|p1|UncleSlayers|n|1482
|player|p2|ytcd|ash-kalos|1388
|teamsize|p1|6
|teamsize|p2|6
|gen|5
|tier|[Gen 5] OU
|rated|
|rule|Species Clause: Limit one of each Pokémon
|rule|OHKO Clause: OHKO moves are banned
|rule|Moody Clause: Moody is banned
|rule|Evasion Items Clause: Evasion items are banned
|rule|Evasion Moves Clause: Evasion moves are banned
|rule|Endless Battle Clause: Forcing endless battles is banned
|rule|HP Percentage Mod: HP is shown in percentages
|rule|Evasion Abilities Clause: Evasion abilities are banned
|rule|Sleep Moves Clause: Sleep-inducing moves are banned
|rule|Swagger Clause: Swagger is banned
|rule|Baton Pass Stat Clause: No Baton Passer may have a way to boost its stats
|clearpoke
|poke|p1|Politoed, M|item
|poke|p1|Keldeo|item
|poke|p1|Starmie|item
|poke|p1|Ferrothorn, M|item
|poke|p1|Latios, M|item
|poke|p1|Thundurus-Therian, M|item
|poke|p2|Hydreigon, F|item
|poke|p2|Landorus-Therian, M|item
|poke|p2|Ferrothorn, F|item
|poke|p2|Tentacruel, M|item
|poke|p2|Scizor, M|item
|poke|p2|Tyranitar, M|item
|teampreview
|inactive|Battle timer is ON: inactive players will automatically lose when time's up. (requested by UncleSlayers)
|
|t:|1743041718
|start
|switch|p1a: The Toed|Politoed, M|100/100
|switch|p2a: Ferrothorn|Ferrothorn, F|100/100
|-weather|RainDance|[from] ability: Drizzle|[of] p1a: The Toed
|turn|1
|
|t:|1743041729
|switch|p1a: OHKO??? ZAMN!!!|Thundurus-Therian, M|100/100
|move|p2a: Ferrothorn|Stealth Rock|p1a: OHKO??? ZAMN!!!
|-sidestart|p1: UncleSlayers|move: Stealth Rock
|
|-weather|RainDance|[upkeep]
|upkeep
|turn|2
|
|t:|1743041746
|switch|p2a: Landorus|Landorus-Therian, M|100/100
|-ability|p2a: Landorus|Intimidate|boost
|-unboost|p1a: OHKO??? ZAMN!!!|atk|1
|move|p1a: OHKO??? ZAMN!!!|Agility|p1a: OHKO??? ZAMN!!!
|-boost|p1a: OHKO??? ZAMN!!!|spe|2
|
|-weather|RainDance|[upkeep]
|upkeep
|turn|3
|
|t:|1743041752
|switch|p2a: Tyranitar|Tyranitar, M|100/100
|-weather|Sandstorm|[from] ability: Sand Stream|[of] p2a: Tyranitar
|move|p1a: OHKO??? ZAMN!!!|Hidden Power|p2a: Tyranitar
|-damage|p2a: Tyranitar|84/100
|
|-weather|Sandstorm|[upkeep]
|-damage|p1a: OHKO??? ZAMN!!!|94/100|[from] Sandstorm
|upkeep
|turn|4
|
|t:|1743041756
|move|p1a: OHKO??? ZAMN!!!|Focus Blast|p2a: Tyranitar
|-supereffective|p2a: Tyranitar
|-enditem|p2a: Tyranitar|Chople Berry|[eat]
|-enditem|p2a: Tyranitar|Chople Berry|[weaken]
|-damage|p2a: Tyranitar|29/100
|-unboost|p2a: Tyranitar|spd|1
|move|p2a: Tyranitar|Stone Edge|p1a: OHKO??? ZAMN!!!
|-supereffective|p1a: OHKO??? ZAMN!!!
|-damage|p1a: OHKO??? ZAMN!!!|0 fnt
|faint|p1a: OHKO??? ZAMN!!!
|
|-weather|Sandstorm|[upkeep]
|upkeep
|
|t:|1743041761
|switch|p1a: The Toed|Politoed, M|100/100
|-damage|p1a: The Toed|88/100|[from] Stealth Rock
|-weather|RainDance|[from] ability: Drizzle|[of] p1a: The Toed
|turn|5
|
|t:|1743041771
|switch|p2a: Tentacruel|Tentacruel, M|100/100
|move|p1a: The Toed|Focus Blast|p2a: Tentacruel
|-resisted|p2a: Tentacruel
|-damage|p2a: Tentacruel|84/100
|
|-weather|RainDance|[upkeep]
|-heal|p2a: Tentacruel|90/100|[from] ability: Rain Dish
|-heal|p2a: Tentacruel|96/100|[from] item: Black Sludge
|upkeep
|turn|6
|
|t:|1743041777
|switch|p1a: lil bro|Keldeo|100/100
|-damage|p1a: lil bro|94/100|[from] Stealth Rock
|move|p2a: Tentacruel|Toxic Spikes|p1a: lil bro
|-sidestart|p1: UncleSlayers|move: Toxic Spikes
|
|-weather|RainDance|[upkeep]
|-heal|p2a: Tentacruel|100/100|[from] ability: Rain Dish
|-heal|p1a: lil bro|100/100|[from] item: Leftovers
|upkeep
|turn|7
|
|t:|1743041790
|switch|p2a: Ferrothorn|Ferrothorn, F|100/100
|move|p1a: lil bro|Substitute|p1a: lil bro
|-start|p1a: lil bro|Substitute
|-damage|p1a: lil bro|75/100
|
|-weather|RainDance|[upkeep]
|-heal|p1a: lil bro|82/100|[from] item: Leftovers
|upkeep
|turn|8
|
|t:|1743041805
|move|p1a: lil bro|Scald|p2a: Ferrothorn
|-resisted|p2a: Ferrothorn
|-damage|p2a: Ferrothorn|78/100
|move|p2a: Ferrothorn|Gyro Ball|p1a: lil bro
|-resisted|p1a: lil bro
|-end|p1a: lil bro|Substitute
|
|-weather|RainDance|[upkeep]
|-heal|p1a: lil bro|88/100|[from] item: Leftovers
|-heal|p2a: Ferrothorn|85/100|[from] item: Leftovers
|upkeep
|turn|9
|
|t:|1743041811
|move|p1a: lil bro|Scald|p2a: Ferrothorn
|-resisted|p2a: Ferrothorn
|-damage|p2a: Ferrothorn|62/100
|-status|p2a: Ferrothorn|brn
|move|p2a: Ferrothorn|Gyro Ball|p1a: lil bro
|-resisted|p1a: lil bro
|-damage|p1a: lil bro|74/100
|
|-weather|RainDance|[upkeep]
|-heal|p1a: lil bro|81/100|[from] item: Leftovers
|-heal|p2a: Ferrothorn|68/100 brn|[from] item: Leftovers
|-damage|p2a: Ferrothorn|55/100 brn|[from] brn
|upkeep
|turn|10
|
|t:|1743041821
|switch|p2a: Hydreigon|Hydreigon, F|100/100
|move|p1a: lil bro|Substitute|p1a: lil bro
|-start|p1a: lil bro|Substitute
|-damage|p1a: lil bro|56/100
|
|-weather|RainDance|[upkeep]
|-heal|p1a: lil bro|62/100|[from] item: Leftovers
|upkeep
|turn|11
|
|t:|1743041826
|move|p1a: lil bro|Protect|p1a: lil bro
|-singleturn|p1a: lil bro|Protect
|move|p2a: Hydreigon|Earth Power|p1a: lil bro
|-activate|p1a: lil bro|move: Protect
|
|-weather|RainDance|[upkeep]
|-heal|p1a: lil bro|68/100|[from] item: Leftovers
|upkeep
|turn|12
|
|t:|1743041829
|move|p1a: lil bro|Scald|p2a: Hydreigon
|-resisted|p2a: Hydreigon
|-damage|p2a: Hydreigon|70/100
|move|p2a: Hydreigon|Earth Power|p1a: lil bro
|-end|p1a: lil bro|Substitute
|
|-weather|RainDance|[upkeep]
|-heal|p1a: lil bro|74/100|[from] item: Leftovers
|upkeep
|turn|13
|
|t:|1743041835
|move|p1a: lil bro|Protect|p1a: lil bro
|-singleturn|p1a: lil bro|Protect
|move|p2a: Hydreigon|Earth Power|p1a: lil bro
|-activate|p1a: lil bro|move: Protect
|
|-weather|RainDance|[upkeep]
|-heal|p1a: lil bro|81/100|[from] item: Leftovers
|upkeep
|turn|14
|
|t:|1743041838
|move|p1a: lil bro|Scald|p2a: Hydreigon
|-resisted|p2a: Hydreigon
|-crit|p2a: Hydreigon
|-damage|p2a: Hydreigon|3/100
|move|p2a: Hydreigon|Earth Power|p1a: lil bro
|-damage|p1a: lil bro|31/100
|
|-weather|RainDance|[upkeep]
|-heal|p1a: lil bro|37/100|[from] item: Leftovers
|upkeep
|turn|15
|
|t:|1743041849
|switch|p2a: Tentacruel|Tentacruel, M|100/100
|move|p1a: lil bro|Protect||[still]
|-fail|p1a: lil bro
|
|-weather|RainDance|[upkeep]
|-heal|p1a: lil bro|43/100|[from] item: Leftovers
|upkeep
|turn|16
|
|t:|1743041853
|move|p1a: lil bro|Substitute|p1a: lil bro
|-start|p1a: lil bro|Substitute
|-damage|p1a: lil bro|18/100
|move|p2a: Tentacruel|Scald|p1a: lil bro
|-resisted|p1a: lil bro
|-activate|p1a: lil bro|Substitute|[damage]
|
|-weather|RainDance|[upkeep]
|-heal|p1a: lil bro|25/100|[from] item: Leftovers
|upkeep
|turn|17
|
|t:|1743041856
|move|p1a: lil bro|Protect|p1a: lil bro
|-singleturn|p1a: lil bro|Protect
|move|p2a: Tentacruel|Scald|p1a: lil bro
|-activate|p1a: lil bro|move: Protect
|
|-weather|RainDance|[upkeep]
|-heal|p1a: lil bro|31/100|[from] item: Leftovers
|upkeep
|turn|18
|
|t:|1743041858
|move|p1a: lil bro|Scald|p2a: Tentacruel
|-resisted|p2a: Tentacruel
|-damage|p2a: Tentacruel|83/100
|move|p2a: Tentacruel|Scald|p1a: lil bro
|-resisted|p1a: lil bro
|-end|p1a: lil bro|Substitute
|
|-weather|RainDance|[upkeep]
|-heal|p2a: Tentacruel|89/100|[from] ability: Rain Dish
|-heal|p1a: lil bro|37/100|[from] item: Leftovers
|-heal|p2a: Tentacruel|95/100|[from] item: Black Sludge
|upkeep
|turn|19
|
|t:|1743041861
|move|p1a: lil bro|Protect|p1a: lil bro
|-singleturn|p1a: lil bro|Protect
|move|p2a: Tentacruel|Scald|p1a: lil bro
|-activate|p1a: lil bro|move: Protect
|
|-weather|RainDance|[upkeep]
|-heal|p2a: Tentacruel|100/100|[from] ability: Rain Dish
|-heal|p1a: lil bro|43/100|[from] item: Leftovers
|upkeep
|turn|20
|
|t:|1743041864
|move|p1a: lil bro|Substitute|p1a: lil bro
|-start|p1a: lil bro|Substitute
|-damage|p1a: lil bro|18/100
|move|p2a: Tentacruel|Scald|p1a: lil bro
|-resisted|p1a: lil bro
|-activate|p1a: lil bro|Substitute|[damage]
|
|-weather|RainDance|[upkeep]
|-heal|p1a: lil bro|25/100|[from] item: Leftovers
|upkeep
|turn|21
|
|t:|1743041868
|move|p1a: lil bro|Scald|p2a: Tentacruel
|-resisted|p2a: Tentacruel
|-damage|p2a: Tentacruel|82/100
|-status|p2a: Tentacruel|brn
|move|p2a: Tentacruel|Scald|p1a: lil bro
|-resisted|p1a: lil bro
|-end|p1a: lil bro|Substitute
|
|-weather|RainDance|[upkeep]
|-heal|p2a: Tentacruel|88/100 brn|[from] ability: Rain Dish
|-heal|p1a: lil bro|31/100|[from] item: Leftovers
|-heal|p2a: Tentacruel|94/100 brn|[from] item: Black Sludge
|-damage|p2a: Tentacruel|82/100 brn|[from] brn
|upkeep
|turn|22
|
|t:|1743041871
|move|p1a: lil bro|Protect|p1a: lil bro
|-singleturn|p1a: lil bro|Protect
|move|p2a: Tentacruel|Scald|p1a: lil bro
|-activate|p1a: lil bro|move: Protect
|
|-weather|RainDance|[upkeep]
|-heal|p2a: Tentacruel|88/100 brn|[from] ability: Rain Dish
|-heal|p1a: lil bro|37/100|[from] item: Leftovers
|-heal|p2a: Tentacruel|94/100 brn|[from] item: Black Sludge
|-damage|p2a: Tentacruel|82/100 brn|[from] brn
|upkeep
|turn|23
|
|t:|1743041873
|move|p1a: lil bro|Substitute|p1a: lil bro
|-start|p1a: lil bro|Substitute
|-damage|p1a: lil bro|12/100
|move|p2a: Tentacruel|Scald|p1a: lil bro
|-resisted|p1a: lil bro
|-activate|p1a: lil bro|Substitute|[damage]
|
|-weather|RainDance|[upkeep]
|-heal|p2a: Tentacruel|88/100 brn|[from] ability: Rain Dish
|-heal|p1a: lil bro|18/100|[from] item: Leftovers
|-heal|p2a: Tentacruel|94/100 brn|[from] item: Black Sludge
|-damage|p2a: Tentacruel|82/100 brn|[from] brn
|upkeep
|turn|24
|
|t:|1743041877
|move|p1a: lil bro|Protect|p1a: lil bro
|-singleturn|p1a: lil bro|Protect
|move|p2a: Tentacruel|Scald|p1a: lil bro
|-activate|p1a: lil bro|move: Protect
|
|-weather|RainDance|[upkeep]
|-heal|p2a: Tentacruel|88/100 brn|[from] ability: Rain Dish
|-heal|p1a: lil bro|25/100|[from] item: Leftovers
|-heal|p2a: Tentacruel|94/100 brn|[from] item: Black Sludge
|-damage|p2a: Tentacruel|81/100 brn|[from] brn
|upkeep
|turn|25
|
|t:|1743041879
|move|p1a: lil bro|Scald|p2a: Tentacruel
|-resisted|p2a: Tentacruel
|-damage|p2a: Tentacruel|62/100 brn
|move|p2a: Tentacruel|Scald|p1a: lil bro
|-resisted|p1a: lil bro
|-end|p1a: lil bro|Substitute
|
|-weather|RainDance|[upkeep]
|-heal|p2a: Tentacruel|68/100 brn|[from] ability: Rain Dish
|-heal|p1a: lil bro|31/100|[from] item: Leftovers
|-heal|p2a: Tentacruel|74/100 brn|[from] item: Black Sludge
|-damage|p2a: Tentacruel|62/100 brn|[from] brn
|upkeep
|turn|26
|
|t:|1743041882
|move|p1a: lil bro|Protect|p1a: lil bro
|-singleturn|p1a: lil bro|Protect
|move|p2a: Tentacruel|Scald|p1a: lil bro
|-activate|p1a: lil bro|move: Protect
|
|-weather|RainDance|[upkeep]
|-heal|p2a: Tentacruel|68/100 brn|[from] ability: Rain Dish
|-heal|p1a: lil bro|37/100|[from] item: Leftovers
|-heal|p2a: Tentacruel|74/100 brn|[from] item: Black Sludge
|-damage|p2a: Tentacruel|62/100 brn|[from] brn
|upkeep
|turn|27
|
|t:|1743041883
|move|p1a: lil bro|Substitute|p1a: lil bro
|-start|p1a: lil bro|Substitute
|-damage|p1a: lil bro|12/100
|move|p2a: Tentacruel|Scald|p1a: lil bro
|-resisted|p1a: lil bro
|-activate|p1a: lil bro|Substitute|[damage]
|
|-weather|RainDance|[upkeep]
|-heal|p2a: Tentacruel|68/100 brn|[from] ability: Rain Dish
|-heal|p1a: lil bro|18/100|[from] item: Leftovers
|-heal|p2a: Tentacruel|74/100 brn|[from] item: Black Sludge
|-damage|p2a: Tentacruel|61/100 brn|[from] brn
|upkeep
|turn|28
|
|t:|1743041886
|move|p1a: lil bro|Protect|p1a: lil bro
|-singleturn|p1a: lil bro|Protect
|move|p2a: Tentacruel|Scald|p1a: lil bro
|-activate|p1a: lil bro|move: Protect
|
|-weather|RainDance|[upkeep]
|-heal|p2a: Tentacruel|68/100 brn|[from] ability: Rain Dish
|-heal|p1a: lil bro|25/100|[from] item: Leftovers
|-heal|p2a: Tentacruel|74/100 brn|[from] item: Black Sludge
|-damage|p2a: Tentacruel|61/100 brn|[from] brn
|upkeep
|turn|29
|
|t:|1743041889
|move|p1a: lil bro|Scald|p2a: Tentacruel
|-resisted|p2a: Tentacruel
|-damage|p2a: Tentacruel|43/100 brn
|move|p2a: Tentacruel|Scald|p1a: lil bro
|-resisted|p1a: lil bro
|-crit|p1a: lil bro
|-end|p1a: lil bro|Substitute
|
|-weather|RainDance|[upkeep]
|-heal|p2a: Tentacruel|49/100 brn|[from] ability: Rain Dish
|-heal|p1a: lil bro|31/100|[from] item: Leftovers
|-heal|p2a: Tentacruel|55/100 brn|[from] item: Black Sludge
|-damage|p2a: Tentacruel|42/100 brn|[from] brn
|upkeep
|turn|30
|
|t:|1743041894
|switch|p2a: Landorus|Landorus-Therian, M|100/100
|-ability|p2a: Landorus|Intimidate|boost
|-unboost|p1a: lil bro|atk|1
|move|p1a: lil bro|Protect||[still]
|-fail|p1a: lil bro
|
|-weather|RainDance|[upkeep]
|-heal|p1a: lil bro|37/100|[from] item: Leftovers
|upkeep
|turn|31
|
|t:|1743041897
|move|p1a: lil bro|Protect|p1a: lil bro
|-singleturn|p1a: lil bro|Protect
|move|p2a: Landorus|Earthquake|p1a: lil bro
|-activate|p1a: lil bro|move: Protect
|
|-weather|RainDance|[upkeep]
|-heal|p1a: lil bro|43/100|[from] item: Leftovers
|upkeep
|turn|32
|
|t:|1743041900
|switch|p1a: The Table Turner|Latios, M|100/100
|-damage|p1a: The Table Turner|88/100|[from] Stealth Rock
|move|p2a: Landorus|Earthquake|p1a: The Table Turner
|-immune|p1a: The Table Turner|[from] ability: Levitate
|
|-weather|RainDance|[upkeep]
|upkeep
|turn|33
|
|t:|1743041907
|switch|p2a: Ferrothorn|Ferrothorn, F|55/100 brn
|move|p1a: The Table Turner|Surf|p2a: Ferrothorn
|-resisted|p2a: Ferrothorn
|-damage|p2a: Ferrothorn|36/100 brn
|
|-weather|RainDance|[upkeep]
|-heal|p2a: Ferrothorn|42/100 brn|[from] item: Leftovers
|-damage|p2a: Ferrothorn|29/100 brn|[from] brn
|upkeep
|turn|34
|
|t:|1743041910
|move|p1a: The Table Turner|Surf|p2a: Ferrothorn
|-resisted|p2a: Ferrothorn
|-damage|p2a: Ferrothorn|12/100 brn
|move|p2a: Ferrothorn|Leech Seed|p1a: The Table Turner
|-start|p1a: The Table Turner|move: Leech Seed
|
|-weather|RainDance|[upkeep]
|-heal|p2a: Ferrothorn|18/100 brn|[from] item: Leftovers
|-damage|p1a: The Table Turner|76/100|[from] Leech Seed|[of] p2a: Ferrothorn
|-heal|p2a: Ferrothorn|28/100 brn|[silent]
|-damage|p2a: Ferrothorn|16/100 brn|[from] brn
|upkeep
|turn|35
|
|t:|1743041915
|switch|p1a: RIP Freaky-Sand|Ferrothorn, M|100/100
|-damage|p1a: RIP Freaky-Sand|94/100|[from] Stealth Rock
|move|p2a: Ferrothorn|Protect||[still]
|-fail|p2a: Ferrothorn
|
|-weather|RainDance|[upkeep]
|-heal|p1a: RIP Freaky-Sand|100/100|[from] item: Leftovers
|-heal|p2a: Ferrothorn|22/100 brn|[from] item: Leftovers
|-damage|p2a: Ferrothorn|10/100 brn|[from] brn
|upkeep
|turn|36
|
|t:|1743041926
|switch|p2a: Hydreigon|Hydreigon, F|3/100
|move|p1a: RIP Freaky-Sand|Stealth Rock|p2a: Hydreigon
|-sidestart|p2: ytcd|move: Stealth Rock
|
|-weather|RainDance|[upkeep]
|upkeep
|turn|37
|
|t:|1743041932
|move|p2a: Hydreigon|Flamethrower|p1a: RIP Freaky-Sand
|-supereffective|p1a: RIP Freaky-Sand
|-damage|p1a: RIP Freaky-Sand|25/100
|move|p1a: RIP Freaky-Sand|Knock Off|p2a: Hydreigon
|-resisted|p2a: Hydreigon
|-damage|p2a: Hydreigon|0 fnt
|-enditem|p2a: Hydreigon|Choice Specs|[from] move: Knock Off|[of] p1a: RIP Freaky-Sand
|faint|p2a: Hydreigon
|
|-weather|RainDance|[upkeep]
|-heal|p1a: RIP Freaky-Sand|32/100|[from] item: Leftovers
|upkeep
|
|t:|1743041935
|switch|p2a: Scizor|Scizor, M|100/100
|-damage|p2a: Scizor|88/100|[from] Stealth Rock
|turn|38
|
|t:|1743041940
|move|p2a: Scizor|Swords Dance|p2a: Scizor
|-boost|p2a: Scizor|atk|2
|move|p1a: RIP Freaky-Sand|Knock Off|p2a: Scizor
|-resisted|p2a: Scizor
|-damage|p2a: Scizor|86/100
|-enditem|p2a: Scizor|Leftovers|[from] move: Knock Off|[of] p1a: RIP Freaky-Sand
|
|-weather|RainDance|[upkeep]
|-heal|p1a: RIP Freaky-Sand|38/100|[from] item: Leftovers
|upkeep
|turn|39
|
|t:|1743041947
|switch|p1a: Rapid Spinner|Starmie|100/100
|-damage|p1a: Rapid Spinner|88/100|[from] Stealth Rock
|-status|p1a: Rapid Spinner|psn
|move|p2a: Scizor|U-turn|p1a: Rapid Spinner
|-supereffective|p1a: Rapid Spinner
|-damage|p1a: Rapid Spinner|0 fnt
|faint|p1a: Rapid Spinner
|
|t:|1743041966
|switch|p2a: Landorus|Landorus-Therian, M|100/100|[from] U-turn
|-damage|p2a: Landorus|88/100|[from] Stealth Rock
|
|-weather|RainDance|[upkeep]
|upkeep
|
|t:|1743041985
|switch|p1a: The Table Turner|Latios, M|76/100
|-damage|p1a: The Table Turner|64/100|[from] Stealth Rock
|turn|40
|
|t:|1743041990
|switch|p2a: Ferrothorn|Ferrothorn, F|10/100 brn
|-damage|p2a: Ferrothorn|3/100 brn|[from] Stealth Rock
|move|p1a: The Table Turner|Surf|p2a: Ferrothorn
|-resisted|p2a: Ferrothorn
|-damage|p2a: Ferrothorn|0 fnt
|faint|p2a: Ferrothorn
|
|-weather|RainDance|[upkeep]
|upkeep
|
|t:|1743041994
|switch|p2a: Tyranitar|Tyranitar, M|29/100
|-damage|p2a: Tyranitar|16/100|[from] Stealth Rock
|-weather|Sandstorm|[from] ability: Sand Stream|[of] p2a: Tyranitar
|turn|41
|
|t:|1743042006
|move|p1a: The Table Turner|Surf|p2a: Tyranitar
|-supereffective|p2a: Tyranitar
|-damage|p2a: Tyranitar|0 fnt
|faint|p2a: Tyranitar
|
|-weather|Sandstorm|[upkeep]
|-damage|p1a: The Table Turner|58/100|[from] Sandstorm
|upkeep
|
|t:|1743042008
|switch|p2a: Scizor|Scizor, M|86/100
|-damage|p2a: Scizor|74/100|[from] Stealth Rock
|turn|42
|
|t:|1743042018
|move|p1a: The Table Turner|Surf|p2a: Scizor
|-damage|p2a: Scizor|33/100
|move|p2a: Scizor|U-turn|p1a: The Table Turner
|-supereffective|p1a: The Table Turner
|-damage|p1a: The Table Turner|0 fnt
|faint|p1a: The Table Turner
|
|t:|1743042024
|switch|p2a: Landorus|Landorus-Therian, M|88/100|[from] U-turn
|-damage|p2a: Landorus|76/100|[from] Stealth Rock
|
|-weather|Sandstorm|[upkeep]
|upkeep
|
|t:|1743042029
|switch|p1a: The Toed|Politoed, M|88/100
|-damage|p1a: The Toed|76/100|[from] Stealth Rock
|-status|p1a: The Toed|psn
|-weather|RainDance|[from] ability: Drizzle|[of] p1a: The Toed
|turn|43
|
|t:|1743042046
|switch|p2a: Tentacruel|Tentacruel, M|42/100 brn
|-damage|p2a: Tentacruel|30/100 brn|[from] Stealth Rock
|switch|p1a: RIP Freaky-Sand|Ferrothorn, M|38/100
|-damage|p1a: RIP Freaky-Sand|32/100|[from] Stealth Rock
|
|-weather|RainDance|[upkeep]
|-heal|p2a: Tentacruel|36/100 brn|[from] ability: Rain Dish
|-heal|p2a: Tentacruel|42/100 brn|[from] item: Black Sludge
|-heal|p1a: RIP Freaky-Sand|38/100|[from] item: Leftovers
|-damage|p2a: Tentacruel|30/100 brn|[from] brn
|upkeep
|turn|44
|
|t:|1743042058
|move|p2a: Tentacruel|Ice Beam|p1a: RIP Freaky-Sand
|-damage|p1a: RIP Freaky-Sand|24/100
|move|p1a: RIP Freaky-Sand|Power Whip|p2a: Tentacruel
|-damage|p2a: Tentacruel|0 fnt
|faint|p2a: Tentacruel
|
|-weather|RainDance|[upkeep]
|-heal|p1a: RIP Freaky-Sand|31/100|[from] item: Leftovers
|upkeep
|
|t:|1743042061
|switch|p2a: Scizor|Scizor, M|33/100
|-damage|p2a: Scizor|21/100|[from] Stealth Rock
|turn|45
|
|t:|1743042064
|move|p2a: Scizor|Roost|p2a: Scizor
|-heal|p2a: Scizor|71/100
|-singleturn|p2a: Scizor|move: Roost
|move|p1a: RIP Freaky-Sand|Power Whip|p2a: Scizor|[miss]
|-miss|p1a: RIP Freaky-Sand|p2a: Scizor
|
|-weather|RainDance|[upkeep]
|-heal|p1a: RIP Freaky-Sand|37/100|[from] item: Leftovers
|upkeep
|turn|46
|
|t:|1743042069
|switch|p1a: lil bro|Keldeo|43/100
|-damage|p1a: lil bro|37/100|[from] Stealth Rock
|-status|p1a: lil bro|psn
|move|p2a: Scizor|Swords Dance|p2a: Scizor
|-boost|p2a: Scizor|atk|2
|
|-weather|RainDance|[upkeep]
|-heal|p1a: lil bro|43/100 psn|[from] item: Leftovers
|-damage|p1a: lil bro|31/100 psn|[from] psn
|upkeep
|turn|47
|
|t:|1743042073
|move|p2a: Scizor|Bullet Punch|p1a: lil bro
|-resisted|p1a: lil bro
|-damage|p1a: lil bro|1/100 psn
|move|p1a: lil bro|Scald|p2a: Scizor
|-damage|p2a: Scizor|0 fnt
|faint|p2a: Scizor
|
|-weather|RainDance|[upkeep]
|-heal|p1a: lil bro|7/100 psn|[from] item: Leftovers
|-damage|p1a: lil bro|0 fnt|[from] psn
|faint|p1a: lil bro
|upkeep
|
|t:|1743042093
|switch|p1a: The Toed|Politoed, M|76/100 psn
|switch|p2a: Landorus|Landorus-Therian, M|76/100
|-damage|p2a: Landorus|64/100|[from] Stealth Rock
|-ability|p2a: Landorus|Intimidate|boost
|-unboost|p1a: The Toed|atk|1
|-damage|p1a: The Toed|63/100 psn|[from] Stealth Rock
|turn|48
|
|t:|1743042097
|move|p2a: Landorus|Earthquake|p1a: The Toed
|-damage|p1a: The Toed|0 fnt
|faint|p1a: The Toed
|
|-weather|RainDance|[upkeep]
|upkeep
|
|t:|1743042100
|switch|p1a: RIP Freaky-Sand|Ferrothorn, M|37/100
|-damage|p1a: RIP Freaky-Sand|31/100|[from] Stealth Rock
|turn|49
|
|t:|1743042105
|move|p2a: Landorus|Earthquake|p1a: RIP Freaky-Sand
|-damage|p1a: RIP Freaky-Sand|0 fnt
|faint|p1a: RIP Freaky-Sand
|
|win|ytcd
|raw|UncleSlayers's rating: 1482 &rarr; <strong>1457</strong><br />(-25 for losing)
|raw|ytcd's rating: 1388 &rarr; <strong>1413</strong><br />(+25 for winning)
|l|☆UncleSlayers
|player|p1|
