|j|☆Clawdia Chauchat
|j|☆Bronzongsunderbell
|t:|1746532291
|gametype|singles
|player|p1|Clawdia Chauchat|winona|1431
|player|p2|Bronzongsunderbell|265|1473
|teamsize|p1|6
|teamsize|p2|6
|gen|5
|tier|[Gen 5] OU
|rated|
|rule|Species Clause: Limit one of each Pokémon
|rule|OHKO Clause: OHKO moves are banned
|rule|Moody Clause: Moody is banned
|rule|Evasion Items Clause: Evasion items are banned
|rule|Evasion Moves Clause: Evasion moves are banned
|rule|Endless Battle Clause: Forcing endless battles is banned
|rule|HP Percentage Mod: HP is shown in percentages
|rule|Evasion Abilities Clause: Evasion abilities are banned
|rule|Sleep Moves Clause: Sleep-inducing moves are banned
|rule|Swagger Clause: Swagger is banned
|rule|Baton Pass Stat Clause: No Baton Passer may have a way to boost its stats
|clearpoke
|poke|p1|Terrakion|item
|poke|p1|Landorus-Therian, M|item
|poke|p1|Garchomp, F|item
|poke|p1|Tyranitar, F|item
|poke|p1|Rotom-Wash|item
|poke|p1|Jirachi|item
|poke|p2|Cryogonal|item
|poke|p2|Rotom-Heat|item
|poke|p2|Keldeo-Resolute|item
|poke|p2|Dragonite, M|item
|poke|p2|Jirachi|item
|poke|p2|Garchomp, F|item
|teampreview
|inactive|Battle timer is ON: inactive players will automatically lose when time's up. (requested by Bronzongsunderbell)
|
|t:|1746532326
|start
|switch|p1a: Henry Rollins|Tyranitar, F, shiny|100/100
|switch|p2a: Garchomp|Garchomp, F|100/100
|-weather|Sandstorm|[from] ability: Sand Stream|[of] p1a: Henry Rollins
|turn|1
|
|t:|1746532331
|switch|p1a: ICARUS 3REESTYLE|Landorus-Therian, M, shiny|100/100
|-ability|p1a: ICARUS 3REESTYLE|Intimidate|boost
|-unboost|p2a: Garchomp|atk|1
|move|p2a: Garchomp|Stealth Rock|p1a: ICARUS 3REESTYLE
|-sidestart|p1: Clawdia Chauchat|move: Stealth Rock
|
|-weather|Sandstorm|[upkeep]
|upkeep
|turn|2
|
|t:|1746532354
|switch|p2a: Cryogonal|Cryogonal|100/100
|move|p1a: ICARUS 3REESTYLE|Stealth Rock|p2a: Cryogonal
|-sidestart|p2: Bronzongsunderbell|move: Stealth Rock
|
|-weather|Sandstorm|[upkeep]
|-damage|p2a: Cryogonal|95/100|[from] Sandstorm
|-heal|p2a: Cryogonal|100/100|[from] item: Leftovers
|upkeep
|turn|3
|inactive|Clawdia Chauchat has 120 seconds left.
|
|t:|1746532376
|switch|p1a: Fela Kuti|Terrakion|100/100
|-damage|p1a: Fela Kuti|94/100|[from] Stealth Rock
|move|p2a: Cryogonal|Rapid Spin|p1a: Fela Kuti
|-resisted|p1a: Fela Kuti
|-damage|p1a: Fela Kuti|93/100
|-sideend|p2: Bronzongsunderbell|Stealth Rock|[from] move: Rapid Spin|[of] p2a: Cryogonal
|
|-weather|Sandstorm|[upkeep]
|-damage|p2a: Cryogonal|95/100|[from] Sandstorm
|-heal|p2a: Cryogonal|100/100|[from] item: Leftovers
|upkeep
|turn|4
|
|t:|1746532387
|switch|p2a: Dragonite|Dragonite, M|100/100
|move|p1a: Fela Kuti|Close Combat|p2a: Dragonite
|-resisted|p2a: Dragonite
|-damage|p2a: Dragonite|72/100
|-unboost|p1a: Fela Kuti|def|1
|-unboost|p1a: Fela Kuti|spd|1
|
|-weather|Sandstorm|[upkeep]
|-damage|p2a: Dragonite|66/100|[from] Sandstorm
|upkeep
|turn|5
|
|t:|1746532396
|switch|p1a: ICARUS 3REESTYLE|Landorus-Therian, M, shiny|100/100
|-damage|p1a: ICARUS 3REESTYLE|88/100|[from] Stealth Rock
|-ability|p1a: ICARUS 3REESTYLE|Intimidate|boost
|-unboost|p2a: Dragonite|atk|1
|switch|p2a: Jirachi|Jirachi|100/100
|
|-weather|Sandstorm|[upkeep]
|-heal|p1a: ICARUS 3REESTYLE|94/100|[from] item: Leftovers
|upkeep
|turn|6
|inactive|Clawdia Chauchat has 120 seconds left.
|inactive|Clawdia Chauchat has 90 seconds left.
|
|t:|1746532466
|move|p2a: Jirachi|U-turn|p1a: ICARUS 3REESTYLE
|-resisted|p1a: ICARUS 3REESTYLE
|-damage|p1a: ICARUS 3REESTYLE|86/100
|
|t:|1746532468
|switch|p2a: Keldeo|Keldeo-Resolute|100/100|[from] U-turn
|move|p1a: ICARUS 3REESTYLE|Earth Power|p2a: Keldeo
|-damage|p2a: Keldeo|55/100
|
|-weather|Sandstorm|[upkeep]
|-damage|p2a: Keldeo|48/100|[from] Sandstorm
|-heal|p2a: Keldeo|55/100|[from] item: Leftovers
|-heal|p1a: ICARUS 3REESTYLE|92/100|[from] item: Leftovers
|upkeep
|turn|7
|
|t:|1746532478
|switch|p1a: Nikolai Gogol|Rotom-Wash|100/100
|-damage|p1a: Nikolai Gogol|88/100|[from] Stealth Rock
|move|p2a: Keldeo|Calm Mind|p2a: Keldeo
|-boost|p2a: Keldeo|spa|1
|-boost|p2a: Keldeo|spd|1
|
|-weather|Sandstorm|[upkeep]
|-damage|p2a: Keldeo|48/100|[from] Sandstorm
|-damage|p1a: Nikolai Gogol|82/100|[from] Sandstorm
|-heal|p2a: Keldeo|55/100|[from] item: Leftovers
|-heal|p1a: Nikolai Gogol|88/100|[from] item: Leftovers
|upkeep
|turn|8
|inactive|Clawdia Chauchat has 90 seconds left.
|
|t:|1746532499
|move|p2a: Keldeo|Secret Sword|p1a: Nikolai Gogol
|-damage|p1a: Nikolai Gogol|27/100
|move|p1a: Nikolai Gogol|Volt Switch|p2a: Keldeo
|-supereffective|p2a: Keldeo
|-damage|p2a: Keldeo|18/100
|
|t:|1746532503
|switch|p1a: Fela Kuti|Terrakion|93/100|[from] Volt Switch
|-damage|p1a: Fela Kuti|87/100|[from] Stealth Rock
|
|-weather|Sandstorm|[upkeep]
|-damage|p2a: Keldeo|11/100|[from] Sandstorm
|-heal|p2a: Keldeo|18/100|[from] item: Leftovers
|upkeep
|turn|9
|
|t:|1746532522
|switch|p2a: Garchomp|Garchomp, F|100/100
|move|p1a: Fela Kuti|Quick Attack|p2a: Garchomp
|-damage|p2a: Garchomp|77/100
|-damage|p1a: Fela Kuti|74/100|[from] ability: Rough Skin|[of] p2a: Garchomp
|
|-weather|Sandstorm|[upkeep]
|upkeep
|turn|10
|inactive|Clawdia Chauchat has 90 seconds left.
|
|t:|1746532545
|switch|p1a: ICARUS 3REESTYLE|Landorus-Therian, M, shiny|92/100
|-damage|p1a: ICARUS 3REESTYLE|79/100|[from] Stealth Rock
|-ability|p1a: ICARUS 3REESTYLE|Intimidate|boost
|-unboost|p2a: Garchomp|atk|1
|move|p2a: Garchomp|Draco Meteor|p1a: ICARUS 3REESTYLE
|-damage|p1a: ICARUS 3REESTYLE|25/100
|-unboost|p2a: Garchomp|spa|2
|
|-weather|Sandstorm|[upkeep]
|-heal|p1a: ICARUS 3REESTYLE|31/100|[from] item: Leftovers
|upkeep
|turn|11
|
|t:|1746532551
|switch|p2a: Cryogonal|Cryogonal|100/100
|move|p1a: ICARUS 3REESTYLE|Stealth Rock|p2a: Cryogonal
|-sidestart|p2: Bronzongsunderbell|move: Stealth Rock
|
|-weather|Sandstorm|[upkeep]
|-damage|p2a: Cryogonal|95/100|[from] Sandstorm
|-heal|p2a: Cryogonal|100/100|[from] item: Leftovers
|-heal|p1a: ICARUS 3REESTYLE|37/100|[from] item: Leftovers
|upkeep
|turn|12
|
|t:|1746532561
|move|p2a: Cryogonal|Rapid Spin|p1a: ICARUS 3REESTYLE
|-damage|p1a: ICARUS 3REESTYLE|35/100
|-sideend|p2: Bronzongsunderbell|Stealth Rock|[from] move: Rapid Spin|[of] p2a: Cryogonal
|move|p1a: ICARUS 3REESTYLE|U-turn|p2a: Cryogonal
|-damage|p2a: Cryogonal|60/100
|
|t:|1746532565
|switch|p1a: Concorde I Miss U|Jirachi|100/100|[from] U-turn
|-damage|p1a: Concorde I Miss U|94/100|[from] Stealth Rock
|
|-weather|Sandstorm|[upkeep]
|-damage|p2a: Cryogonal|55/100|[from] Sandstorm
|-heal|p2a: Cryogonal|60/100|[from] item: Leftovers
|-heal|p1a: Concorde I Miss U|100/100|[from] item: Leftovers
|upkeep
|turn|13
|
|t:|1746532570
|switch|p2a: Rotom|Rotom-Heat|100/100
|move|p1a: Concorde I Miss U|Body Slam|p2a: Rotom
|-damage|p2a: Rotom|81/100
|-status|p2a: Rotom|par
|
|-weather|Sandstorm|[upkeep]
|-damage|p2a: Rotom|75/100 par|[from] Sandstorm
|-heal|p2a: Rotom|81/100 par|[from] item: Leftovers
|upkeep
|turn|14
|
|t:|1746532574
|move|p1a: Concorde I Miss U|U-turn|p2a: Rotom
|-resisted|p2a: Rotom
|-crit|p2a: Rotom
|-damage|p2a: Rotom|64/100 par
|inactive|Clawdia Chauchat has 120 seconds left.
|
|t:|1746532600
|switch|p1a: Henry Rollins|Tyranitar, F, shiny|100/100|[from] U-turn
|-damage|p1a: Henry Rollins|88/100|[from] Stealth Rock
|move|p2a: Rotom|Volt Switch|p1a: Henry Rollins
|-crit|p1a: Henry Rollins
|-damage|p1a: Henry Rollins|61/100
|
|t:|1746532619
|switch|p2a: Garchomp|Garchomp, F|77/100|[from] Volt Switch
|
|-weather|Sandstorm|[upkeep]
|upkeep
|turn|15
|
|t:|1746532626
|move|p2a: Garchomp|Earthquake|p1a: Henry Rollins
|-supereffective|p1a: Henry Rollins
|-damage|p1a: Henry Rollins|0 fnt
|faint|p1a: Henry Rollins
|
|-weather|Sandstorm|[upkeep]
|upkeep
|
|t:|1746532629
|switch|p1a: ICARUS 3REESTYLE|Landorus-Therian, M, shiny|35/100
|-damage|p1a: ICARUS 3REESTYLE|23/100|[from] Stealth Rock
|-ability|p1a: ICARUS 3REESTYLE|Intimidate|boost
|-unboost|p2a: Garchomp|atk|1
|turn|16
|
|t:|1746532633
|move|p2a: Garchomp|Draco Meteor|p1a: ICARUS 3REESTYLE
|-damage|p1a: ICARUS 3REESTYLE|0 fnt
|-unboost|p2a: Garchomp|spa|2
|faint|p1a: ICARUS 3REESTYLE
|
|-weather|Sandstorm|[upkeep]
|upkeep
|
|t:|1746532637
|switch|p1a: Kevin Garnett|Garchomp, F, shiny|100/100
|-damage|p1a: Kevin Garnett|94/100|[from] Stealth Rock
|turn|17
|
|t:|1746532648
|move|p1a: Kevin Garnett|Dual Chop|p2a: Garchomp
|-supereffective|p2a: Garchomp
|-damage|p2a: Garchomp|33/100
|-damage|p1a: Kevin Garnett|82/100|[from] ability: Rough Skin|[of] p2a: Garchomp
|-supereffective|p2a: Garchomp
|-damage|p2a: Garchomp|0 fnt
|-damage|p1a: Kevin Garnett|70/100|[from] ability: Rough Skin|[of] p2a: Garchomp
|faint|p2a: Garchomp
|-hitcount|p2: Garchomp|2
|
|-weather|Sandstorm|[upkeep]
|upkeep
|
|t:|1746532656
|switch|p2a: Jirachi|Jirachi|100/100
|turn|18
|
|t:|1746532661
|switch|p1a: Concorde I Miss U|Jirachi|100/100
|-damage|p1a: Concorde I Miss U|94/100|[from] Stealth Rock
|move|p2a: Jirachi|U-turn|p1a: Concorde I Miss U
|-damage|p1a: Concorde I Miss U|79/100
|
|t:|1746532669
|switch|p2a: Rotom|Rotom-Heat|64/100 par|[from] U-turn
|
|-weather|Sandstorm|[upkeep]
|-damage|p2a: Rotom|58/100 par|[from] Sandstorm
|-heal|p1a: Concorde I Miss U|85/100|[from] item: Leftovers
|-heal|p2a: Rotom|64/100 par|[from] item: Leftovers
|upkeep
|turn|19
|
|t:|1746532677
|move|p1a: Concorde I Miss U|Iron Head|p2a: Rotom
|-resisted|p2a: Rotom
|-damage|p2a: Rotom|58/100 par
|cant|p2a: Rotom|flinch
|
|-weather|Sandstorm|[upkeep]
|-damage|p2a: Rotom|52/100 par|[from] Sandstorm
|-heal|p1a: Concorde I Miss U|92/100|[from] item: Leftovers
|-heal|p2a: Rotom|58/100 par|[from] item: Leftovers
|upkeep
|turn|20
|
|t:|1746532681
|move|p1a: Concorde I Miss U|Iron Head|p2a: Rotom
|-resisted|p2a: Rotom
|-damage|p2a: Rotom|51/100 par
|cant|p2a: Rotom|flinch
|
|-weather|Sandstorm|[upkeep]
|-damage|p2a: Rotom|45/100 par|[from] Sandstorm
|-heal|p1a: Concorde I Miss U|98/100|[from] item: Leftovers
|-heal|p2a: Rotom|51/100 par|[from] item: Leftovers
|upkeep
|turn|21
|
|t:|1746532683
|move|p1a: Concorde I Miss U|Iron Head|p2a: Rotom
|-resisted|p2a: Rotom
|-damage|p2a: Rotom|44/100 par
|cant|p2a: Rotom|flinch
|
|-weather|Sandstorm|[upkeep]
|-damage|p2a: Rotom|38/100 par|[from] Sandstorm
|-heal|p1a: Concorde I Miss U|100/100|[from] item: Leftovers
|-heal|p2a: Rotom|44/100 par|[from] item: Leftovers
|upkeep
|turn|22
|
|t:|1746532693
|move|p1a: Concorde I Miss U|Iron Head|p2a: Rotom
|-resisted|p2a: Rotom
|-damage|p2a: Rotom|37/100 par
|cant|p2a: Rotom|flinch
|
|-weather|Sandstorm|[upkeep]
|-damage|p2a: Rotom|31/100 par|[from] Sandstorm
|-heal|p2a: Rotom|37/100 par|[from] item: Leftovers
|upkeep
|turn|23
|
|t:|1746532696
|move|p1a: Concorde I Miss U|Iron Head|p2a: Rotom
|-resisted|p2a: Rotom
|-damage|p2a: Rotom|30/100 par
|move|p2a: Rotom|Pain Split|p1a: Concorde I Miss U
|-sethp|p1a: Concorde I Miss U|61/100|[from] move: Pain Split|[silent]
|-sethp|p2a: Rotom|87/100 par|[from] move: Pain Split
|
|-weather|Sandstorm|[upkeep]
|-damage|p2a: Rotom|81/100 par|[from] Sandstorm
|-heal|p1a: Concorde I Miss U|67/100|[from] item: Leftovers
|-heal|p2a: Rotom|87/100 par|[from] item: Leftovers
|upkeep
|turn|24
|
|t:|1746532700
|move|p1a: Concorde I Miss U|Iron Head|p2a: Rotom
|-resisted|p2a: Rotom
|-damage|p2a: Rotom|80/100 par
|cant|p2a: Rotom|flinch
|
|-weather|Sandstorm|[upkeep]
|-damage|p2a: Rotom|74/100 par|[from] Sandstorm
|-heal|p1a: Concorde I Miss U|73/100|[from] item: Leftovers
|-heal|p2a: Rotom|80/100 par|[from] item: Leftovers
|upkeep
|turn|25
|
|t:|1746532702
|move|p1a: Concorde I Miss U|Iron Head|p2a: Rotom
|-resisted|p2a: Rotom
|-damage|p2a: Rotom|73/100 par
|cant|p2a: Rotom|flinch
|
|-weather|Sandstorm|[upkeep]
|-damage|p2a: Rotom|67/100 par|[from] Sandstorm
|-heal|p1a: Concorde I Miss U|79/100|[from] item: Leftovers
|-heal|p2a: Rotom|73/100 par|[from] item: Leftovers
|upkeep
|turn|26
|inactive|Clawdia Chauchat has 120 seconds left.
|
|t:|1746532736
|move|p1a: Concorde I Miss U|Iron Head|p2a: Rotom
|-resisted|p2a: Rotom
|-damage|p2a: Rotom|67/100 par
|cant|p2a: Rotom|par
|
|-weather|Sandstorm|[upkeep]
|-damage|p2a: Rotom|61/100 par|[from] Sandstorm
|-heal|p1a: Concorde I Miss U|85/100|[from] item: Leftovers
|-heal|p2a: Rotom|67/100 par|[from] item: Leftovers
|upkeep
|turn|27
|
|t:|1746532745
|move|p1a: Concorde I Miss U|Iron Head|p2a: Rotom
|-resisted|p2a: Rotom
|-damage|p2a: Rotom|60/100 par
|cant|p2a: Rotom|par
|
|-weather|Sandstorm|[upkeep]
|-damage|p2a: Rotom|54/100 par|[from] Sandstorm
|-heal|p1a: Concorde I Miss U|92/100|[from] item: Leftovers
|-heal|p2a: Rotom|60/100 par|[from] item: Leftovers
|upkeep
|turn|28
|
|t:|1746532759
|move|p1a: Concorde I Miss U|Iron Head|p2a: Rotom
|-resisted|p2a: Rotom
|-damage|p2a: Rotom|54/100 par
|cant|p2a: Rotom|flinch
|
|-weather|Sandstorm|[upkeep]
|-damage|p2a: Rotom|47/100 par|[from] Sandstorm
|-heal|p1a: Concorde I Miss U|98/100|[from] item: Leftovers
|-heal|p2a: Rotom|54/100 par|[from] item: Leftovers
|upkeep
|turn|29
|
|t:|1746532765
|move|p1a: Concorde I Miss U|Iron Head|p2a: Rotom
|-resisted|p2a: Rotom
|-damage|p2a: Rotom|47/100 par
|cant|p2a: Rotom|par
|
|-weather|Sandstorm|[upkeep]
|-damage|p2a: Rotom|41/100 par|[from] Sandstorm
|-heal|p1a: Concorde I Miss U|100/100|[from] item: Leftovers
|-heal|p2a: Rotom|47/100 par|[from] item: Leftovers
|upkeep
|turn|30
|
|t:|1746532769
|move|p1a: Concorde I Miss U|Iron Head|p2a: Rotom
|-resisted|p2a: Rotom
|-crit|p2a: Rotom
|-damage|p2a: Rotom|32/100 par
|cant|p2a: Rotom|flinch
|
|-weather|Sandstorm|[upkeep]
|-damage|p2a: Rotom|26/100 par|[from] Sandstorm
|-heal|p2a: Rotom|32/100 par|[from] item: Leftovers
|upkeep
|turn|31
|
|t:|1746532778
|move|p1a: Concorde I Miss U|Iron Head|p2a: Rotom
|-resisted|p2a: Rotom
|-damage|p2a: Rotom|25/100 par
|move|p2a: Rotom|Pain Split|p1a: Concorde I Miss U
|-sethp|p1a: Concorde I Miss U|59/100|[from] move: Pain Split|[silent]
|-sethp|p2a: Rotom|84/100 par|[from] move: Pain Split
|
|-weather|Sandstorm|[upkeep]
|-damage|p2a: Rotom|78/100 par|[from] Sandstorm
|-heal|p1a: Concorde I Miss U|65/100|[from] item: Leftovers
|-heal|p2a: Rotom|84/100 par|[from] item: Leftovers
|upkeep
|turn|32
|inactive|Clawdia Chauchat has 120 seconds left.
|
|t:|1746532820
|move|p1a: Concorde I Miss U|Iron Head|p2a: Rotom
|-resisted|p2a: Rotom
|-damage|p2a: Rotom|78/100 par
|move|p2a: Rotom|Overheat|p1a: Concorde I Miss U
|-supereffective|p1a: Concorde I Miss U
|-crit|p1a: Concorde I Miss U
|-damage|p1a: Concorde I Miss U|0 fnt
|-unboost|p2a: Rotom|spa|2
|faint|p1a: Concorde I Miss U
|
|-weather|Sandstorm|[upkeep]
|-damage|p2a: Rotom|72/100 par|[from] Sandstorm
|-heal|p2a: Rotom|78/100 par|[from] item: Leftovers
|upkeep
|
|t:|1746532823
|switch|p1a: Fela Kuti|Terrakion|74/100
|-damage|p1a: Fela Kuti|68/100|[from] Stealth Rock
|turn|33
|
|t:|1746532826
|switch|p2a: Cryogonal|Cryogonal|60/100
|move|p1a: Fela Kuti|Close Combat|p2a: Cryogonal
|-supereffective|p2a: Cryogonal
|-damage|p2a: Cryogonal|0 fnt
|-unboost|p1a: Fela Kuti|def|1
|-unboost|p1a: Fela Kuti|spd|1
|faint|p2a: Cryogonal
|
|-weather|Sandstorm|[upkeep]
|upkeep
|
|t:|1746532837
|switch|p2a: Jirachi|Jirachi|100/100
|turn|34
|
|t:|1746532839
|move|p2a: Jirachi|Iron Head|p1a: Fela Kuti
|-supereffective|p1a: Fela Kuti
|-damage|p1a: Fela Kuti|0 fnt
|faint|p1a: Fela Kuti
|
|-weather|Sandstorm|[upkeep]
|upkeep
|
|t:|1746532841
|switch|p1a: Kevin Garnett|Garchomp, F, shiny|70/100
|-damage|p1a: Kevin Garnett|64/100|[from] Stealth Rock
|turn|35
|
|t:|1746532845
|switch|p2a: Rotom|Rotom-Heat|78/100 par
|move|p1a: Kevin Garnett|Outrage|p2a: Rotom
|-damage|p2a: Rotom|1/100 par
|
|-weather|Sandstorm|[upkeep]
|-damage|p2a: Rotom|0 fnt|[from] Sandstorm
|faint|p2a: Rotom
|upkeep
|
|t:|1746532853
|switch|p2a: Jirachi|Jirachi|100/100
|turn|36
|
|t:|1746532861
|move|p1a: Kevin Garnett|Outrage|p2a: Jirachi|[from] lockedmove
|-resisted|p2a: Jirachi
|-damage|p2a: Jirachi|71/100
|-start|p1a: Kevin Garnett|confusion|[fatigue]
|move|p2a: Jirachi|Ice Punch|p1a: Kevin Garnett
|-supereffective|p1a: Kevin Garnett
|-damage|p1a: Kevin Garnett|0 fnt
|-damage|p2a: Jirachi|59/100|[from] ability: Rough Skin|[of] p1a: Kevin Garnett
|faint|p1a: Kevin Garnett
|
|-weather|Sandstorm|[upkeep]
|upkeep
|
|t:|1746532863
|switch|p1a: Nikolai Gogol|Rotom-Wash|27/100
|-damage|p1a: Nikolai Gogol|14/100|[from] Stealth Rock
|turn|37
|-message|Clawdia Chauchat forfeited.
|
|win|Bronzongsunderbell
|raw|Clawdia Chauchat's rating: 1454 &rarr; <strong>1435</strong><br />(-19 for losing)
|raw|Bronzongsunderbell's rating: 1473 &rarr; <strong>1492</strong><br />(+19 for winning)
|l|☆Clawdia Chauchat
|player|p1|
