|j|☆panacea18
|j|☆Pilif
|player|p1|panacea18|110
|player|p2|Pilif|101
|teamsize|p1|6
|teamsize|p2|6
|gametype|singles
|gen|5
|tier|[Gen 5] OU
|rated|
|rule|Sleep Clause Mod: Limit one foe put to sleep
|rule|Species Clause: Limit one of each Pokémon
|rule|OHKO Clause: OHKO moves are banned
|rule|Moody Clause: Moody is banned
|rule|Evasion Moves Clause: Evasion moves are banned
|rule|Endless Battle Clause: Forcing endless battles is banned
|rule|HP Percentage Mod: HP is shown in percentages
|rule|Evasion Abilities Clause: Evasion abilities are banned
|rule|Baton Pass Clause: Limit one Baton Passer, can't pass Spe and other stats simultaneously
|rule|Swagger Clause: Swagger is banned
|clearpoke
|poke|p1|Tyranitar, M|item
|poke|p1|Landorus-Therian, M|item
|poke|p1|Garchomp, M|item
|poke|p1|Rotom-Wash|item
|poke|p1|Jirachi|item
|poke|p1|Keldeo|item
|poke|p2|Aerodactyl, M|item
|poke|p2|Gyarados, M|item
|poke|p2|Infernape, M|item
|poke|p2|Victini|item
|poke|p2|Vaporeon, M|item
|poke|p2|Dragonite, M|item
|teampreview
|inactive|Battle timer is ON: inactive players will automatically lose when time's up. (requested by Pilif)
|
|start
|switch|p1a: Rotom|Rotom-Wash|100/100
|switch|p2a: Aerodactyl|Aerodactyl, M|100/100
|-ability|p2a: Aerodactyl|Unnerve|p1: panacea18
|turn|1
|
|move|p2a: Aerodactyl|Stealth Rock|p1a: Rotom
|-sidestart|p1: panacea18|move: Stealth Rock
|move|p1a: Rotom|Hydro Pump|p2a: Aerodactyl|[miss]
|-miss|p1a: Rotom|p2a: Aerodactyl
|
|upkeep
|turn|2
|
|move|p2a: Aerodactyl|Stone Edge|p1a: Rotom
|-damage|p1a: Rotom|57/100
|move|p1a: Rotom|Hydro Pump|p2a: Aerodactyl
|-supereffective|p2a: Aerodactyl
|-enditem|p2a: Aerodactyl|Focus Sash
|-damage|p2a: Aerodactyl|1/100
|
|-heal|p1a: Rotom|63/100|[from] item: Leftovers
|upkeep
|turn|3
|
|switch|p1a: Landorus|Landorus-Therian, M|100/100
|-damage|p1a: Landorus|88/100|[from] Stealth Rock
|-ability|p1a: Landorus|Intimidate|boost
|-unboost|p2a: Aerodactyl|atk|1
|move|p2a: Aerodactyl|Tailwind|p2a: Aerodactyl
|-sidestart|p2: Pilif|move: Tailwind
|
|-heal|p1a: Landorus|94/100|[from] item: Leftovers
|upkeep
|turn|4
|
|move|p2a: Aerodactyl|Taunt|p1a: Landorus
|-start|p1a: Landorus|move: Taunt
|move|p1a: Landorus|U-turn|p2a: Aerodactyl
|-resisted|p2a: Aerodactyl
|-damage|p2a: Aerodactyl|0 fnt
|faint|p2a: Aerodactyl
|
|switch|p1a: Tyranitar|Tyranitar, M|100/100
|-damage|p1a: Tyranitar|88/100|[from] Stealth Rock
|-weather|Sandstorm|[from] ability: Sand Stream|[of] p1a: Tyranitar
|
|-weather|Sandstorm|[upkeep]
|upkeep
|inactive|Pilif has 135 seconds left.
|inactive|Pilif has 120 seconds left.
|
|switch|p2a: Gyarados|Gyarados, M|100/100
|turn|5
|
|move|p2a: Gyarados|Dragon Dance|p2a: Gyarados
|-boost|p2a: Gyarados|atk|1
|-boost|p2a: Gyarados|spe|1
|move|p1a: Tyranitar|Crunch|p2a: Gyarados
|-damage|p2a: Gyarados|55/100
|
|-weather|Sandstorm|[upkeep]
|-damage|p2a: Gyarados|49/100|[from] Sandstorm
|-heal|p2a: Gyarados|55/100|[from] item: Leftovers
|upkeep
|turn|6
|inactive|panacea18 has 135 seconds left.
|inactive|Pilif has 135 seconds left.
|j| luckymugenmirai
|inactive|panacea18 has 120 seconds left.
|
|move|p2a: Gyarados|Waterfall|p1a: Tyranitar
|-supereffective|p1a: Tyranitar
|-damage|p1a: Tyranitar|0 fnt
|faint|p1a: Tyranitar
|-ability|p2a: Gyarados|Moxie|boost
|-boost|p2a: Gyarados|atk|1
|
|-weather|Sandstorm|[upkeep]
|-damage|p2a: Gyarados|49/100|[from] Sandstorm
|-heal|p2a: Gyarados|55/100|[from] item: Leftovers
|-sideend|p2: Pilif|move: Tailwind
|upkeep
|l| luckymugenmirai
|
|switch|p1a: Rotom|Rotom-Wash|63/100
|-damage|p1a: Rotom|51/100|[from] Stealth Rock
|turn|7
|
|move|p2a: Gyarados|Stone Edge|p1a: Rotom
|-damage|p1a: Rotom|0 fnt
|faint|p1a: Rotom
|-ability|p2a: Gyarados|Moxie|boost
|-boost|p2a: Gyarados|atk|1
|
|-weather|Sandstorm|[upkeep]
|-damage|p2a: Gyarados|49/100|[from] Sandstorm
|-heal|p2a: Gyarados|55/100|[from] item: Leftovers
|upkeep
|
|switch|p1a: Garchomp|Garchomp, M|100/100
|-damage|p1a: Garchomp|94/100|[from] Stealth Rock
|turn|8
|
|move|p1a: Garchomp|Outrage|p2a: Gyarados
|-damage|p2a: Gyarados|0 fnt
|faint|p2a: Gyarados
|
|-weather|Sandstorm|[upkeep]
|upkeep
|inactive|Pilif has 135 seconds left.
|inactive|Pilif has 120 seconds left.
|inactive|Pilif has 105 seconds left.
|j| luckymugenmirai
|
|switch|p2a: Dragonite|Dragonite, M|100/100
|turn|9
|
|move|p1a: Garchomp|Outrage|p2a: Dragonite|[from]lockedmove
|-supereffective|p2a: Dragonite
|-damage|p2a: Dragonite|40/100
|-start|p1a: Garchomp|confusion|[fatigue]
|move|p2a: Dragonite|Outrage|p1a: Garchomp
|-supereffective|p1a: Garchomp
|-damage|p1a: Garchomp|0 fnt
|-damage|p2a: Dragonite|28/100|[from] ability: Rough Skin|[of] p1a: Garchomp
|faint|p1a: Garchomp
|
|-weather|Sandstorm|[upkeep]
|-damage|p2a: Dragonite|22/100|[from] Sandstorm
|-heal|p2a: Dragonite|28/100|[from] item: Leftovers
|upkeep
|inactive|panacea18 has 135 seconds left.
|
|switch|p1a: Jirachi|Jirachi|100/100
|-damage|p1a: Jirachi|94/100|[from] Stealth Rock
|turn|10
|inactive|panacea18 has 135 seconds left.
|
|switch|p1a: Landorus|Landorus-Therian, M|94/100
|-damage|p1a: Landorus|82/100|[from] Stealth Rock
|-ability|p1a: Landorus|Intimidate|boost
|-unboost|p2a: Dragonite|atk|1
|move|p2a: Dragonite|Outrage|p1a: Landorus|[from]lockedmove
|-damage|p1a: Landorus|40/100
|
|-weather|Sandstorm|[upkeep]
|-damage|p2a: Dragonite|22/100|[from] Sandstorm
|-heal|p1a: Landorus|46/100|[from] item: Leftovers
|-heal|p2a: Dragonite|28/100|[from] item: Leftovers
|upkeep
|turn|11
|
|move|p1a: Landorus|Stealth Rock|p2a: Dragonite
|-sidestart|p2: Pilif|move: Stealth Rock
|move|p2a: Dragonite|Outrage|p1a: Landorus|[from]lockedmove
|-damage|p1a: Landorus|10/100
|-start|p2a: Dragonite|confusion|[fatigue]
|
|-weather|Sandstorm|[upkeep]
|-damage|p2a: Dragonite|22/100|[from] Sandstorm
|-heal|p1a: Landorus|16/100|[from] item: Leftovers
|-heal|p2a: Dragonite|28/100|[from] item: Leftovers
|upkeep
|turn|12
|inactive|panacea18 has 135 seconds left.
|
|move|p1a: Landorus|Hidden Power|p2a: Dragonite
|-supereffective|p2a: Dragonite
|-damage|p2a: Dragonite|0 fnt
|faint|p2a: Dragonite
|
|-weather|Sandstorm|[upkeep]
|-heal|p1a: Landorus|22/100|[from] item: Leftovers
|upkeep
|
|switch|p2a: Infernape|Infernape, M|100/100
|-damage|p2a: Infernape|88/100|[from] Stealth Rock
|turn|13
|
|move|p2a: Infernape|Hidden Power|p1a: Landorus
|-supereffective|p1a: Landorus
|-crit|p1a: Landorus
|-damage|p1a: Landorus|0 fnt
|-damage|p2a: Infernape|78/100|[from] item: Life Orb
|faint|p1a: Landorus
|
|-weather|Sandstorm|[upkeep]
|-damage|p2a: Infernape|72/100|[from] Sandstorm
|upkeep
|
|switch|p1a: Keldeo|Keldeo|100/100
|-damage|p1a: Keldeo|94/100|[from] Stealth Rock
|turn|14
|inactive|Pilif has 135 seconds left.
|
|move|p2a: Infernape|Thunder Punch|p1a: Keldeo
|-supereffective|p1a: Keldeo
|-damage|p1a: Keldeo|17/100
|-damage|p2a: Infernape|62/100|[from] item: Life Orb
|move|p1a: Keldeo|Surf|p2a: Infernape
|-supereffective|p2a: Infernape
|-damage|p2a: Infernape|0 fnt
|faint|p2a: Infernape
|
|-weather|Sandstorm|[upkeep]
|-damage|p1a: Keldeo|11/100|[from] Sandstorm
|upkeep
|inactive|Pilif has 135 seconds left.
|
|switch|p2a: Vaporeon|Vaporeon, M|100/100
|-damage|p2a: Vaporeon|88/100|[from] Stealth Rock
|turn|15
|
|move|p2a: Vaporeon|Protect|p2a: Vaporeon
|-singleturn|p2a: Vaporeon|Protect
|move|p1a: Keldeo|Secret Sword|p2a: Vaporeon
|-activate|p2a: Vaporeon|move: Protect
|
|-weather|Sandstorm|[upkeep]
|-damage|p1a: Keldeo|5/100|[from] Sandstorm
|-damage|p2a: Vaporeon|82/100|[from] Sandstorm
|-heal|p2a: Vaporeon|88/100|[from] item: Leftovers
|upkeep
|turn|16
|
|move|p1a: Keldeo|Surf|p2a: Vaporeon
|-heal|p2a: Vaporeon|100/100|[from] ability: Water Absorb|[of] p1a: Keldeo
|move|p2a: Vaporeon|Wish|p2a: Vaporeon
|
|-weather|Sandstorm|[upkeep]
|-damage|p1a: Keldeo|0 fnt|[from] Sandstorm
|-damage|p2a: Vaporeon|94/100|[from] Sandstorm
|-heal|p2a: Vaporeon|100/100|[from] item: Leftovers
|upkeep
|faint|p1a: Keldeo
|
|switch|p1a: Jirachi|Jirachi|94/100
|-damage|p1a: Jirachi|88/100|[from] Stealth Rock
|turn|17
|
|switch|p2a: Victini|Victini|100/100
|-damage|p2a: Victini|76/100|[from] Stealth Rock
|move|p1a: Jirachi|Substitute|p1a: Jirachi
|-start|p1a: Jirachi|Substitute
|-damage|p1a: Jirachi|63/100
|
|-weather|Sandstorm|[upkeep]
|-damage|p2a: Victini|69/100|[from] Sandstorm
|-heal|p2a: Victini|100/100|[from] move: Wish|[wisher] Vaporeon
|-heal|p1a: Jirachi|69/100|[from] item: Leftovers
|upkeep
|turn|18
|inactive|Pilif has 135 seconds left.
|
|move|p2a: Victini|Bolt Strike|p1a: Jirachi
|-end|p1a: Jirachi|Substitute
|move|p1a: Jirachi|Calm Mind|p1a: Jirachi
|-boost|p1a: Jirachi|spa|1
|-boost|p1a: Jirachi|spd|1
|
|-weather|Sandstorm|[upkeep]
|-damage|p2a: Victini|94/100|[from] Sandstorm
|-heal|p1a: Jirachi|75/100|[from] item: Leftovers
|upkeep
|turn|19
|
|move|p2a: Victini|Bolt Strike|p1a: Jirachi|[miss]
|-miss|p2a: Victini|p1a: Jirachi
|move|p1a: Jirachi|Thunderbolt|p2a: Victini
|-damage|p2a: Victini|62/100
|
|-weather|Sandstorm|[upkeep]
|-damage|p2a: Victini|56/100|[from] Sandstorm
|-heal|p1a: Jirachi|82/100|[from] item: Leftovers
|upkeep
|turn|20
|
|move|p2a: Victini|Bolt Strike|p1a: Jirachi
|-crit|p1a: Jirachi
|-damage|p1a: Jirachi|29/100
|move|p1a: Jirachi|Thunderbolt|p2a: Victini
|-damage|p2a: Victini|24/100
|
|-weather|Sandstorm|[upkeep]
|-damage|p2a: Victini|18/100|[from] Sandstorm
|-heal|p1a: Jirachi|35/100|[from] item: Leftovers
|upkeep
|turn|21
|
|move|p2a: Victini|Bolt Strike|p1a: Jirachi
|-damage|p1a: Jirachi|7/100
|-status|p1a: Jirachi|par
|move|p1a: Jirachi|Thunderbolt|p2a: Victini
|-damage|p2a: Victini|0 fnt
|faint|p2a: Victini
|
|-weather|Sandstorm|[upkeep]
|-heal|p1a: Jirachi|13/100 par|[from] item: Leftovers
|upkeep
|
|switch|p2a: Vaporeon|Vaporeon, M|100/100
|-damage|p2a: Vaporeon|88/100|[from] Stealth Rock
|turn|22
|
|move|p2a: Vaporeon|Scald|p1a: Jirachi
|-damage|p1a: Jirachi|0 fnt
|faint|p1a: Jirachi
|
|win|Pilif
|l|☆panacea18
|raw|panacea18's rating: 1354 &rarr; <strong>1329</strong><br />(-25 for losing)
|raw|Pilif's rating: 1263 &rarr; <strong>1294</strong><br />(+31 for winning)
