|j|☆i lose evrytiem
|j|☆GrinchsBankAccount
|player|p1|i lose evrytiem|2|1376
|player|p2|GrinchsBankAccount|clemont|1268
|teamsize|p1|6
|teamsize|p2|6
|gametype|singles
|gen|5
|tier|[Gen 5] OU
|rated|
|clearpoke
|poke|p1|Scizor, F|item
|poke|p1|Tentacruel, M|item
|poke|p1|Politoed, F|item
|poke|p1|Volcarona, M|item
|poke|p1|Ferrothorn, M|item
|poke|p1|Latios, M|item
|poke|p2|Articuno|item
|poke|p2|Excadrill, F|item
|poke|p2|Tentacruel, M|item
|poke|p2|Swampert, F|item
|poke|p2|Miltank, F|item
|poke|p2|Alakazam, F|item
|rule|Species Clause: Limit one of each Pokémon
|rule|OHKO Clause: OHKO moves are banned
|rule|Moody Clause: Moody is banned
|rule|Evasion Moves Clause: Evasion moves are banned
|rule|Endless Battle Clause: Forcing endless battles is banned
|rule|HP Percentage Mod: HP is shown in percentages
|rule|Evasion Abilities Clause: Evasion abilities are banned
|rule|Baton Pass Clause: Limit one Baton Passer, can't pass Spe and other stats simultaneously
|rule|Sleep Clause: Sleep-inducing moves are banned
|rule|Swagger Clause: Swagger is banned
|teampreview
|inactive|Battle timer is ON: inactive players will automatically lose when time's up. (requested by i lose evrytiem)
|
|start
|switch|p1a: Politoed|Politoed, F|100/100
|switch|p2a: Tentacruel|Tentacruel, M|100/100
|-weather|RainDance|[from] ability: Drizzle|[of] p1a: Politoed
|turn|1
|
|switch|p1a: Latios|Latios, M|100/100
|move|p2a: Tentacruel|Scald|p1a: Latios
|-resisted|p1a: Latios
|-damage|p1a: Latios|81/100
|-status|p1a: Latios|brn
|
|-weather|RainDance|[upkeep]
|-damage|p1a: Latios|68/100 brn|[from] brn
|upkeep
|turn|2
|
|move|p2a: Tentacruel|Protect|p2a: Tentacruel
|-singleturn|p2a: Tentacruel|Protect
|move|p1a: Latios|Dragon Dance|p1a: Latios
|-boost|p1a: Latios|atk|1
|-boost|p1a: Latios|spe|1
|
|-weather|RainDance|[upkeep]
|-damage|p1a: Latios|56/100 brn|[from] brn
|upkeep
|turn|3
|
|switch|p2a: Miltank|Miltank, F|100/100
|move|p1a: Latios|Dragon Dance|p1a: Latios
|-boost|p1a: Latios|atk|1
|-boost|p1a: Latios|spe|1
|
|-weather|RainDance|[upkeep]
|-damage|p1a: Latios|44/100 brn|[from] brn
|upkeep
|turn|4
|
|move|p1a: Latios|Draco Meteor|p2a: Miltank|[miss]
|-miss|p1a: Latios|p2a: Miltank
|move|p2a: Miltank|Stealth Rock|p1a: Latios
|-sidestart|p1: i lose evrytiem|move: Stealth Rock
|
|-weather|RainDance|[upkeep]
|-damage|p1a: Latios|31/100 brn|[from] brn
|upkeep
|turn|5
|
|move|p1a: Latios|Draco Meteor|p2a: Miltank
|-damage|p2a: Miltank|11/100
|-unboost|p1a: Latios|spa|2
|-damage|p1a: Latios|21/100 brn|[from] item: Life Orb
|move|p2a: Miltank|Milk Drink|p2a: Miltank
|-heal|p2a: Miltank|61/100
|
|-weather|RainDance|[upkeep]
|-heal|p2a: Miltank|67/100|[from] item: Leftovers
|-damage|p1a: Latios|9/100 brn|[from] brn
|upkeep
|turn|6
|
|move|p1a: Latios|Outrage|p2a: Miltank
|-damage|p2a: Miltank|29/100
|-damage|p1a: Latios|0 fnt|[from] item: Life Orb
|faint|p1a: Latios
|move|p2a: Miltank|Milk Drink|p2a: Miltank
|-heal|p2a: Miltank|79/100
|
|-weather|RainDance|[upkeep]
|-heal|p2a: Miltank|85/100|[from] item: Leftovers
|upkeep
|
|switch|p1a: Scizor|Scizor, F|100/100
|-damage|p1a: Scizor|88/100|[from] Stealth Rock
|turn|7
|
|switch|p2a: Tentacruel|Tentacruel, M|100/100
|move|p1a: Scizor|Swords Dance|p1a: Scizor
|-boost|p1a: Scizor|atk|2
|
|-weather|RainDance|[upkeep]
|-heal|p1a: Scizor|94/100|[from] item: Leftovers
|upkeep
|turn|8
|
|move|p2a: Tentacruel|Scald|p1a: Scizor
|-damage|p1a: Scizor|64/100
|-status|p1a: Scizor|brn
|move|p1a: Scizor|U-turn|p2a: Tentacruel
|-resisted|p2a: Tentacruel
|-damage|p2a: Tentacruel|80/100
|c|☆i lose evrytiem|2 sclads
|c|☆i lose evrytiem|2 burns
|c|☆i lose evrytiem|nice
|
|switch|p1a: Ferrothorn|Ferrothorn, M|100/100|[from]move: U-turn
|-damage|p1a: Ferrothorn|95/100|[from] Stealth Rock
|
|-weather|RainDance|[upkeep]
|-heal|p2a: Tentacruel|86/100|[from] ability: Rain Dish
|-heal|p2a: Tentacruel|92/100|[from] item: Black Sludge
|upkeep
|turn|9
|c|☆GrinchsBankAccount|Don't even< especially considering you have the same thing and a rain team no less lol
|c|☆GrinchsBankAccount|like you wouldn't have done/expected the same
|inactive|i lose evrytiem has 120 seconds left.
|c|☆i lose evrytiem|who gives a fuck if i have the same thing
|
|switch|p2a: Miltank|Miltank, F|85/100
|move|p1a: Ferrothorn|Bulldoze|p2a: Miltank
|-crit|p2a: Miltank
|-damage|p2a: Miltank|49/100
|-unboost|p2a: Miltank|spe|1
|
|-weather|RainDance|[upkeep]
|-heal|p2a: Miltank|55/100|[from] item: Leftovers
|upkeep
|turn|10
|inactive|GrinchsBankAccount has 120 seconds left.
|c|☆GrinchsBankAccount|Cause that would make you a hypocrite, which would make you look pretty dumb
|c|☆GrinchsBankAccount|Cause if that had happened to me and if I complained (not that I would) you've have said something along the line of "deal with it"
|
|switch|p1a: Scizor|Scizor, F|64/100 brn
|-damage|p1a: Scizor|51/100 brn|[from] Stealth Rock
|move|p2a: Miltank|Milk Drink|p2a: Miltank
|-heal|p2a: Miltank|100/100
|
|-weather|RainDance|[upkeep]
|-heal|p1a: Scizor|57/100 brn|[from] item: Leftovers
|-damage|p1a: Scizor|45/100 brn|[from] brn
|upkeep
|turn|11
|c|☆i lose evrytiem|you don't know shit kid lol
|
|move|p1a: Scizor|Swords Dance|p1a: Scizor
|-boost|p1a: Scizor|atk|2
|move|p2a: Miltank|Seismic Toss|p1a: Scizor
|-damage|p1a: Scizor|16/100 brn
|
|-weather|RainDance|[upkeep]
|-heal|p1a: Scizor|22/100 brn|[from] item: Leftovers
|-damage|p1a: Scizor|9/100 brn|[from] brn
|upkeep
|turn|12
|c|☆GrinchsBankAccount|Funny enough i'd bet money on it
|
|move|p1a: Scizor|Bullet Punch|p2a: Miltank
|-damage|p2a: Miltank|81/100
|move|p2a: Miltank|Milk Drink|p2a: Miltank
|-heal|p2a: Miltank|100/100
|
|-weather|RainDance|[upkeep]
|-heal|p1a: Scizor|15/100 brn|[from] item: Leftovers
|-damage|p1a: Scizor|3/100 brn|[from] brn
|upkeep
|turn|13
|c|☆i lose evrytiem|Should I post my paypal link>
|
|move|p1a: Scizor|Bullet Punch|p2a: Miltank
|-damage|p2a: Miltank|84/100
|move|p2a: Miltank|Seismic Toss|p1a: Scizor
|-damage|p1a: Scizor|0 fnt
|faint|p1a: Scizor
|
|-weather|RainDance|[upkeep]
|-heal|p2a: Miltank|90/100|[from] item: Leftovers
|upkeep
|inactive|i lose evrytiem has 90 seconds left.
|c|☆i lose evrytiem|Always welcome donations from kinds souls like yourself
|c|☆GrinchsBankAccount|Sorry, couldn't tell whether that was a joke or not, if it was then it's pretty bad
|
|switch|p1a: Tentacruel|Tentacruel, M|100/100
|-damage|p1a: Tentacruel|88/100|[from] Stealth Rock
|turn|14
|c|☆i lose evrytiem|fucking artist lol
|
|switch|p2a: Alakazam|Alakazam, F|100/100
|move|p1a: Tentacruel|Rapid Spin|p2a: Alakazam
|-damage|p2a: Alakazam|93/100
|-sideend|p1: i lose evrytiem|Stealth Rock|[from] move: Rapid Spin|[of] p1a: Tentacruel
|
|-weather|RainDance|[upkeep]
|-heal|p1a: Tentacruel|94/100|[from] ability: Rain Dish
|-heal|p1a: Tentacruel|99/100|[from] item: Black Sludge
|upkeep
|turn|15
|
|move|p1a: Tentacruel|Protect|p1a: Tentacruel
|-singleturn|p1a: Tentacruel|Protect
|move|p2a: Alakazam|Psyshock|p1a: Tentacruel
|-activate|p1a: Tentacruel|move: Protect
|
|-weather|RainDance|[upkeep]
|-heal|p1a: Tentacruel|100/100|[from] ability: Rain Dish
|upkeep
|turn|16
|inactive|i lose evrytiem has 90 seconds left.
|
|switch|p1a: Ferrothorn|Ferrothorn, M|95/100
|move|p2a: Alakazam|Focus Blast|p1a: Ferrothorn
|-supereffective|p1a: Ferrothorn
|-damage|p1a: Ferrothorn|0 fnt
|faint|p1a: Ferrothorn
|
|-weather|RainDance|[upkeep]
|upkeep
|inactive|i lose evrytiem has 90 seconds left.
|
|switch|p1a: Politoed|Politoed, F|100/100
|turn|17
|inactive|GrinchsBankAccount has 120 seconds left.
|
|switch|p2a: Articuno|Articuno|100/100
|-ability|p2a: Articuno|Pressure
|move|p1a: Politoed|Hydro Pump|p2a: Articuno
|-damage|p2a: Articuno|0 fnt
|faint|p2a: Articuno
|
|-weather|RainDance|[upkeep]
|upkeep
|
|switch|p2a: Tentacruel|Tentacruel, M|92/100
|turn|18
|
|switch|p1a: Tentacruel|Tentacruel, M|100/100
|move|p2a: Tentacruel|Toxic|p1a: Tentacruel
|-immune|p1a: Tentacruel
|
|-weather|RainDance|[upkeep]
|-heal|p2a: Tentacruel|98/100|[from] ability: Rain Dish
|-heal|p2a: Tentacruel|100/100|[from] item: Black Sludge
|upkeep
|turn|19
|inactive|i lose evrytiem has 120 seconds left.
|
|move|p1a: Tentacruel|Toxic|p2a: Tentacruel
|-immune|p2a: Tentacruel
|move|p2a: Tentacruel|Scald|p1a: Tentacruel
|-resisted|p1a: Tentacruel
|-damage|p1a: Tentacruel|87/100
|
|-weather|RainDance|[upkeep]
|-heal|p1a: Tentacruel|93/100|[from] ability: Rain Dish
|-heal|p1a: Tentacruel|99/100|[from] item: Black Sludge
|upkeep
|turn|20
|inactive|i lose evrytiem has 120 seconds left.
|
|switch|p1a: Politoed|Politoed, F|100/100
|move|p2a: Tentacruel|Scald|p1a: Politoed
|-resisted|p1a: Politoed
|-damage|p1a: Politoed|85/100
|
|-weather|RainDance|[upkeep]
|upkeep
|turn|21
|inactive|i lose evrytiem has 120 seconds left.
|
|move|p2a: Tentacruel|Scald|p1a: Politoed
|-resisted|p1a: Politoed
|-damage|p1a: Politoed|71/100
|move|p1a: Politoed|Hydro Pump|p2a: Tentacruel
|-resisted|p2a: Tentacruel
|-damage|p2a: Tentacruel|65/100
|
|-weather|RainDance|[upkeep]
|-heal|p2a: Tentacruel|71/100|[from] ability: Rain Dish
|-heal|p2a: Tentacruel|77/100|[from] item: Black Sludge
|upkeep
|turn|22
|-message|i lose evrytiem forfeited.
|
|win|GrinchsBankAccount
|l|☆i lose evrytiem
|raw|i lose evrytiem's rating: 1376 &rarr; <strong>1350</strong><br />(-26 for losing)
|raw|GrinchsBankAccount's rating: 1268 &rarr; <strong>1300</strong><br />(+32 for winning)
