|j|☆HANMA JACK
|j|☆Aq0us
|player|p1|HANMA JACK|123
|player|p2|Aq0us|293
|teamsize|p1|6
|teamsize|p2|6
|gametype|singles
|gen|5
|tier|[Gen 5] OU
|rated|
|rule|Sleep Clause Mod: Limit one foe put to sleep
|rule|Species Clause: Limit one of each Pokémon
|rule|OHKO Clause: OHKO moves are banned
|rule|Moody Clause: Moody is banned
|rule|Evasion Moves Clause: Evasion moves are banned
|rule|Endless Battle Clause: Forcing endless battles is banned
|rule|HP Percentage Mod: HP is shown in percentages
|rule|Evasion Abilities Clause: Evasion abilities are banned
|rule|Baton Pass Clause: Limit one Baton Passer, can't pass Spe and other stats simultaneously
|rule|Swagger Clause: Swagger is banned
|clearpoke
|poke|p1|Tyranitar, F|item
|poke|p1|Landorus-Therian, M|item
|poke|p1|Latios, M|item
|poke|p1|Ferrothorn, F|item
|poke|p1|Starmie|item
|poke|p1|Magnezone|item
|poke|p2|Alakazam, M|item
|poke|p2|Ferrothorn, F|item
|poke|p2|Kyurem-Black|item
|poke|p2|Suicune|item
|poke|p2|Heatran, F|item
|poke|p2|Terrakion|item
|teampreview
|c|☆HANMA JACK|gl hf
|
|start
|switch|p1a: Latios|Latios, M|100/100
|switch|p2a: Ferrothorn|Ferrothorn, F|100/100
|turn|1
|c|☆Aq0us|gl hf
|
|switch|p1a: Landorus|Landorus-Therian, M|100/100
|-ability|p1a: Landorus|Intimidate|boost
|-unboost|p2a: Ferrothorn|atk|1
|move|p2a: Ferrothorn|Stealth Rock|p1a: Landorus
|-sidestart|p1: HANMA JACK|move: Stealth Rock
|
|upkeep
|turn|2
|
|switch|p2a: Heatran|Heatran, F|100/100
|-item|p2a: Heatran|Air Balloon
|move|p1a: Landorus|U-turn|p2a: Heatran
|-resisted|p2a: Heatran
|-damage|p2a: Heatran|95/100
|-enditem|p2a: Heatran|Air Balloon
|
|switch|p1a: Latios|Latios, M|100/100
|-damage|p1a: Latios|88/100|[from] Stealth Rock
|
|upkeep
|turn|3
|
|move|p1a: Latios|Surf|p2a: Heatran
|-supereffective|p2a: Heatran
|-damage|p2a: Heatran|40/100
|move|p2a: Heatran|Dragon Pulse|p1a: Latios
|-supereffective|p1a: Latios
|-damage|p1a: Latios|34/100
|
|upkeep
|turn|4
|
|switch|p1a: Magnezone|Magnezone|100/100
|-damage|p1a: Magnezone|94/100|[from] Stealth Rock
|switch|p2a: Ferrothorn|Ferrothorn, F|100/100
|
|upkeep
|turn|5
|
|move|p1a: Magnezone|Hidden Power|p2a: Ferrothorn
|-supereffective|p2a: Ferrothorn
|-damage|p2a: Ferrothorn|0 fnt
|faint|p2a: Ferrothorn
|
|upkeep
|c|☆Aq0us|good play
|
|switch|p2a: Heatran|Heatran, F|40/100
|turn|6
|c|☆HANMA JACK|thx
|
|switch|p1a: Starmie|Starmie|100/100
|-damage|p1a: Starmie|88/100|[from] Stealth Rock
|move|p2a: Heatran|Fire Blast|p1a: Starmie
|-resisted|p1a: Starmie
|-damage|p1a: Starmie|59/100
|
|-heal|p1a: Starmie|65/100|[from] item: Leftovers
|upkeep
|turn|7
|
|move|p1a: Starmie|Rapid Spin|p2a: Heatran
|-resisted|p2a: Heatran
|-damage|p2a: Heatran|39/100
|-sideend|p1: HANMA JACK|Stealth Rock|[from] move: Rapid Spin|[of] p1a: Starmie
|move|p2a: Heatran|Roar|p1a: Starmie
|drag|p1a: Ferrothorn|Ferrothorn, F|100/100
|
|upkeep
|turn|8
|
|switch|p1a: Tyranitar|Tyranitar, F|100/100
|-weather|Sandstorm|[from] ability: Sand Stream|[of] p1a: Tyranitar
|move|p2a: Heatran|Fire Blast|p1a: Tyranitar
|-resisted|p1a: Tyranitar
|-damage|p1a: Tyranitar|88/100
|
|-weather|Sandstorm|[upkeep]
|upkeep
|turn|9
|
|move|p2a: Heatran|Will-O-Wisp|p1a: Tyranitar
|-status|p1a: Tyranitar|brn
|move|p1a: Tyranitar|Stealth Rock|p2a: Heatran
|-sidestart|p2: Aq0us|move: Stealth Rock
|
|-weather|Sandstorm|[upkeep]
|-damage|p1a: Tyranitar|76/100 brn|[from] brn
|upkeep
|turn|10
|
|switch|p1a: Starmie|Starmie|65/100
|move|p2a: Heatran|Roar|p1a: Starmie
|drag|p1a: Landorus|Landorus-Therian, M|100/100
|-ability|p1a: Landorus|Intimidate|boost
|-unboost|p2a: Heatran|atk|1
|
|-weather|Sandstorm|[upkeep]
|upkeep
|turn|11
|
|move|p1a: Landorus|Earthquake|p2a: Heatran
|-supereffective|p2a: Heatran
|-damage|p2a: Heatran|0 fnt
|faint|p2a: Heatran
|
|-weather|Sandstorm|[upkeep]
|upkeep
|
|switch|p2a: Suicune|Suicune|100/100
|-damage|p2a: Suicune|88/100|[from] Stealth Rock
|-ability|p2a: Suicune|Pressure
|turn|12
|
|switch|p1a: Magnezone|Magnezone|94/100
|move|p2a: Suicune|Ice Beam|p1a: Magnezone
|-resisted|p1a: Magnezone
|-damage|p1a: Magnezone|77/100
|
|-weather|Sandstorm|[upkeep]
|-damage|p2a: Suicune|82/100|[from] Sandstorm
|-heal|p2a: Suicune|88/100|[from] item: Leftovers
|upkeep
|turn|13
|
|switch|p2a: Terrakion|Terrakion, shiny|100/100
|-damage|p2a: Terrakion|94/100|[from] Stealth Rock
|move|p1a: Magnezone|Volt Switch|p2a: Terrakion
|-damage|p2a: Terrakion|47/100
|
|switch|p1a: Landorus|Landorus-Therian, M|100/100
|-ability|p1a: Landorus|Intimidate|boost
|-unboost|p2a: Terrakion|atk|1
|
|-weather|Sandstorm|[upkeep]
|upkeep
|turn|14
|
|switch|p2a: Suicune|Suicune|88/100
|-damage|p2a: Suicune|76/100|[from] Stealth Rock
|-ability|p2a: Suicune|Pressure
|move|p1a: Landorus|Earthquake|p2a: Suicune
|-crit|p2a: Suicune
|-damage|p2a: Suicune|0 fnt
|faint|p2a: Suicune
|
|-weather|Sandstorm|[upkeep]
|upkeep
|c|☆HANMA JACK|sorry
|
|switch|p2a: Kyurem|Kyurem-Black, shiny|100/100
|-damage|p2a: Kyurem|76/100|[from] Stealth Rock
|-ability|p2a: Kyurem|Teravolt
|turn|15
|
|switch|p1a: Ferrothorn|Ferrothorn, F|100/100
|move|p2a: Kyurem|Dragon Claw|p1a: Ferrothorn
|-resisted|p1a: Ferrothorn
|-damage|p1a: Ferrothorn|73/100
|-damage|p2a: Kyurem|63/100|[from] ability: Iron Barbs|[of] p1a: Ferrothorn
|
|-weather|Sandstorm|[upkeep]
|-damage|p2a: Kyurem|57/100|[from] Sandstorm
|-heal|p1a: Ferrothorn|79/100|[from] item: Leftovers
|upkeep
|turn|16
|
|switch|p2a: Terrakion|Terrakion, shiny|47/100
|-damage|p2a: Terrakion|41/100|[from] Stealth Rock
|move|p1a: Ferrothorn|Gyro Ball|p2a: Terrakion
|-supereffective|p2a: Terrakion
|-damage|p2a: Terrakion|0 fnt
|faint|p2a: Terrakion
|
|-weather|Sandstorm|[upkeep]
|-heal|p1a: Ferrothorn|85/100|[from] item: Leftovers
|upkeep
|
|switch|p2a: Kyurem|Kyurem-Black, shiny|57/100
|-damage|p2a: Kyurem|32/100|[from] Stealth Rock
|-ability|p2a: Kyurem|Teravolt
|turn|17
|
|move|p2a: Kyurem|Hidden Power|p1a: Ferrothorn
|-supereffective|p1a: Ferrothorn
|-damage|p1a: Ferrothorn|33/100
|move|p1a: Ferrothorn|Gyro Ball|p2a: Kyurem
|-supereffective|p2a: Kyurem
|-crit|p2a: Kyurem
|-damage|p2a: Kyurem|0 fnt
|faint|p2a: Kyurem
|
|-weather|Sandstorm|[upkeep]
|-heal|p1a: Ferrothorn|39/100|[from] item: Leftovers
|upkeep
|
|switch|p2a: Alakazam|Alakazam, M|100/100
|turn|18
|
|move|p2a: Alakazam|Focus Blast|p1a: Ferrothorn|[miss]
|-miss|p2a: Alakazam|p1a: Ferrothorn
|move|p1a: Ferrothorn|Gyro Ball|p2a: Alakazam
|-enditem|p2a: Alakazam|Focus Sash
|-damage|p2a: Alakazam|1/100
|
|-weather|Sandstorm|[upkeep]
|-heal|p1a: Ferrothorn|45/100|[from] item: Leftovers
|upkeep
|turn|19
|
|switch|p1a: Landorus|Landorus-Therian, M|100/100
|-ability|p1a: Landorus|Intimidate|boost
|-unboost|p2a: Alakazam|atk|1
|move|p2a: Alakazam|Focus Blast|p1a: Landorus
|-resisted|p1a: Landorus
|-damage|p1a: Landorus|67/100
|
|-weather|Sandstorm|[upkeep]
|upkeep
|turn|20
|c|☆HANMA JACK|gg wp
|
|move|p1a: Landorus|U-turn|p2a: Alakazam
|-supereffective|p2a: Alakazam
|-damage|p2a: Alakazam|0 fnt
|faint|p2a: Alakazam
|
|win|HANMA JACK
|c|☆Aq0us|gg
|raw|HANMA JACK's rating: 1534 &rarr; <strong>1543</strong><br />(+9 for winning)
|raw|Aq0us's rating: 1306 &rarr; <strong>1297</strong><br />(-9 for losing)
