|uhtml|medal-msg|<div class="broadcast-blue">Curious what those medals under the avatar are? PS now has Ladder Seasons! For more information, check out the <a href="https://www.smogon.com/forums/threads/3740067/">thread on Smogon.</a></div>
|uhtml|medal-msg|<div class="broadcast-blue">Curious what those medals under the avatar are? PS now has Ladder Seasons! For more information, check out the <a href="https://www.smogon.com/forums/threads/3740067/">thread on Smogon.</a></div>
|j|☆bwc xisop
|j|☆LittleBlueHat
|t:|1713959047
|gametype|singles
|player|p1|bwc xisop|iris-masters|1331
|player|p2|LittleBlueHat|gentleman|1328
|teamsize|p1|6
|teamsize|p2|6
|gen|5
|tier|[Gen 5] OU
|rated|
|rule|Species Clause: Limit one of each Pokémon
|rule|OHKO Clause: OHKO moves are banned
|rule|Moody Clause: Moody is banned
|rule|Evasion Items Clause: Evasion items are banned
|rule|Evasion Moves Clause: Evasion moves are banned
|rule|Endless Battle Clause: Forcing endless battles is banned
|rule|HP Percentage Mod: HP is shown in percentages
|rule|Evasion Abilities Clause: Evasion abilities are banned
|rule|Sleep Moves Clause: Sleep-inducing moves are banned
|rule|Swagger Clause: Swagger is banned
|rule|Baton Pass Stat Clause: No Baton Passer may have a way to boost its stats
|clearpoke
|poke|p1|Infernape, F|item
|poke|p1|Dragonite, M|item
|poke|p1|Ninetales, F|item
|poke|p1|Terrakion|item
|poke|p1|Volcarona, M|item
|poke|p1|Excadrill, M|item
|poke|p2|Tyranitar, M|item
|poke|p2|Skarmory, M|item
|poke|p2|Alakazam, F|item
|poke|p2|Landorus-Therian, M|item
|poke|p2|Latios, M|item
|poke|p2|Rotom-Wash|item
|teampreview
|inactive|Battle timer is ON: inactive players will automatically lose when time's up. (requested by bwc xisop)
|
|t:|1713959067
|start
|switch|p1a: Terrakion|Terrakion|100/100
|switch|p2a: Landorus|Landorus-Therian, M|100/100
|-ability|p2a: Landorus|Intimidate|boost
|-unboost|p1a: Terrakion|atk|1
|turn|1
|
|t:|1713959080
|switch|p2a: Skarmory|Skarmory, M|100/100
|move|p1a: Terrakion|Hidden Power|p2a: Skarmory
|-damage|p2a: Skarmory|88/100
|
|-heal|p2a: Skarmory|94/100|[from] item: Leftovers
|upkeep
|turn|2
|
|t:|1713959084
|move|p1a: Terrakion|Taunt|p2a: Skarmory
|-start|p2a: Skarmory|move: Taunt
|cant|p2a: Skarmory|move: Taunt|Spikes
|
|-heal|p2a: Skarmory|99/100|[from] item: Leftovers
|upkeep
|turn|3
|
|t:|1713959088
|move|p1a: Terrakion|Stealth Rock|p2a: Skarmory
|-sidestart|p2: LittleBlueHat|move: Stealth Rock
|move|p2a: Skarmory|Brave Bird|p1a: Terrakion
|-damage|p1a: Terrakion|59/100
|-damage|p2a: Skarmory|86/100|[from] Recoil
|
|-heal|p2a: Skarmory|92/100|[from] item: Leftovers
|upkeep
|turn|4
|
|t:|1713959094
|switch|p1a: Ninetales|Ninetales, F, shiny|100/100
|-weather|SunnyDay|[from] ability: Drought|[of] p1a: Ninetales
|move|p2a: Skarmory|Brave Bird|p1a: Ninetales
|-damage|p1a: Ninetales|56/100
|-damage|p2a: Skarmory|77/100|[from] Recoil
|
|-weather|SunnyDay|[upkeep]
|-heal|p1a: Ninetales|62/100|[from] item: Leftovers
|-heal|p2a: Skarmory|83/100|[from] item: Leftovers
|-end|p2a: Skarmory|move: Taunt
|upkeep
|turn|5
|
|t:|1713959099
|switch|p2a: Alakazam|Alakazam, F|100/100
|move|p1a: Ninetales|Will-O-Wisp|p2a: Alakazam
|-status|p2a: Alakazam|brn
|
|-weather|SunnyDay|[upkeep]
|-heal|p1a: Ninetales|68/100|[from] item: Leftovers
|upkeep
|turn|6
|
|t:|1713959106
|switch|p2a: Tyranitar|Tyranitar, M|100/100
|-damage|p2a: Tyranitar|88/100|[from] Stealth Rock
|-weather|Sandstorm|[from] ability: Sand Stream|[of] p2a: Tyranitar
|move|p1a: Ninetales|Flamethrower|p2a: Tyranitar
|-resisted|p2a: Tyranitar
|-damage|p2a: Tyranitar|82/100
|
|-weather|Sandstorm|[upkeep]
|-damage|p1a: Ninetales|62/100|[from] Sandstorm
|-heal|p1a: Ninetales|68/100|[from] item: Leftovers
|upkeep
|turn|7
|
|t:|1713959112
|move|p1a: Ninetales|Will-O-Wisp|p2a: Tyranitar
|-status|p2a: Tyranitar|brn
|move|p2a: Tyranitar|Earthquake|p1a: Ninetales
|-supereffective|p1a: Ninetales
|-damage|p1a: Ninetales|26/100
|
|-weather|Sandstorm|[upkeep]
|-damage|p1a: Ninetales|20/100|[from] Sandstorm
|-heal|p1a: Ninetales|26/100|[from] item: Leftovers
|-damage|p2a: Tyranitar|69/100 brn|[from] brn
|upkeep
|turn|8
|
|t:|1713959119
|-activate|p1a: Ninetales|move: Pursuit
|move|p2a: Tyranitar|Pursuit|p1a: Ninetales|[from]Pursuit
|-damage|p1a: Ninetales|0 fnt
|faint|p1a: Ninetales
|-hint|A Pokemon can't switch between when it runs out of HP and when it faints
|
|-weather|Sandstorm|[upkeep]
|-damage|p2a: Tyranitar|57/100 brn|[from] brn
|upkeep
|
|t:|1713959130
|switch|p1a: Terrakion|Terrakion|59/100
|turn|9
|
|t:|1713959133
|switch|p2a: Landorus|Landorus-Therian, M|100/100
|-damage|p2a: Landorus|88/100|[from] Stealth Rock
|-ability|p2a: Landorus|Intimidate|boost
|-unboost|p1a: Terrakion|atk|1
|move|p1a: Terrakion|Close Combat|p2a: Landorus
|-resisted|p2a: Landorus
|-crit|p2a: Landorus
|-damage|p2a: Landorus|40/100
|-unboost|p1a: Terrakion|def|1
|-unboost|p1a: Terrakion|spd|1
|
|-weather|Sandstorm|[upkeep]
|-heal|p2a: Landorus|46/100|[from] item: Leftovers
|upkeep
|turn|10
|
|t:|1713959137
|switch|p2a: LIGHTNING|Rotom-Wash|100/100
|-damage|p2a: LIGHTNING|88/100|[from] Stealth Rock
|move|p1a: Terrakion|Hidden Power|p2a: LIGHTNING
|-resisted|p2a: LIGHTNING
|-damage|p2a: LIGHTNING|82/100
|
|-weather|Sandstorm|[upkeep]
|-damage|p2a: LIGHTNING|76/100|[from] Sandstorm
|upkeep
|turn|11
|
|t:|1713959142
|move|p1a: Terrakion|Close Combat|p2a: LIGHTNING
|-damage|p2a: LIGHTNING|42/100
|-unboost|p1a: Terrakion|def|1
|-unboost|p1a: Terrakion|spd|1
|move|p2a: LIGHTNING|Volt Switch|p1a: Terrakion
|-damage|p1a: Terrakion|16/100
|
|t:|1713959150
|switch|p2a: Alakazam|Alakazam, F|100/100 brn|[from] Volt Switch
|
|-weather|Sandstorm|[upkeep]
|upkeep
|turn|12
|
|t:|1713959166
|move|p2a: Alakazam|Psyshock|p1a: Terrakion
|-supereffective|p1a: Terrakion
|-damage|p1a: Terrakion|0 fnt
|faint|p1a: Terrakion
|
|-weather|Sandstorm|[upkeep]
|upkeep
|
|t:|1713959169
|switch|p1a: Infernape|Infernape, F, shiny|100/100
|turn|13
|
|t:|1713959173
|switch|p2a: Landorus|Landorus-Therian, M|46/100
|-damage|p2a: Landorus|34/100|[from] Stealth Rock
|-ability|p2a: Landorus|Intimidate|boost
|-unboost|p1a: Infernape|atk|1
|move|p1a: Infernape|U-turn|p2a: Landorus
|-resisted|p2a: Landorus
|-damage|p2a: Landorus|29/100
|
|t:|1713959179
|switch|p1a: Volcarona|Volcarona, M, shiny|100/100|[from] U-turn
|
|-weather|Sandstorm|[upkeep]
|-damage|p1a: Volcarona|94/100|[from] Sandstorm
|-heal|p2a: Landorus|35/100|[from] item: Leftovers
|upkeep
|turn|14
|
|t:|1713959190
|move|p1a: Volcarona|Quiver Dance|p1a: Volcarona
|-boost|p1a: Volcarona|spa|1
|-boost|p1a: Volcarona|spd|1
|-boost|p1a: Volcarona|spe|1
|move|p2a: Landorus|Earthquake|p1a: Volcarona
|-damage|p1a: Volcarona|25/100
|
|-weather|Sandstorm|[upkeep]
|-damage|p1a: Volcarona|19/100|[from] Sandstorm
|-heal|p2a: Landorus|41/100|[from] item: Leftovers
|upkeep
|turn|15
|
|t:|1713959193
|move|p1a: Volcarona|Giga Drain|p2a: Landorus
|-damage|p2a: Landorus|0 fnt
|-heal|p1a: Volcarona|41/100|[from] drain|[of] p2a: Landorus
|faint|p2a: Landorus
|
|-weather|Sandstorm|[upkeep]
|-damage|p1a: Volcarona|35/100|[from] Sandstorm
|upkeep
|
|t:|1713959195
|switch|p2a: Alakazam|Alakazam, F|100/100 brn
|turn|16
|
|t:|1713959198
|move|p1a: Volcarona|Giga Drain|p2a: Alakazam
|-damage|p2a: Alakazam|32/100 brn
|-heal|p1a: Volcarona|60/100|[from] drain|[of] p2a: Alakazam
|move|p2a: Alakazam|Psyshock|p1a: Volcarona
|-damage|p1a: Volcarona|4/100
|
|-weather|Sandstorm|[upkeep]
|-damage|p1a: Volcarona|0 fnt|[from] Sandstorm
|faint|p1a: Volcarona
|upkeep
|
|t:|1713959204
|switch|p1a: Infernape|Infernape, F, shiny|100/100
|turn|17
|
|t:|1713959214
|move|p1a: Infernape|U-turn|p2a: Alakazam
|-supereffective|p2a: Alakazam
|-damage|p2a: Alakazam|0 fnt
|faint|p2a: Alakazam
|
|t:|1713959216
|switch|p1a: Excadrill|Excadrill, M|100/100|[from] U-turn
|-ability|p1a: Excadrill|Mold Breaker
|-item|p1a: Excadrill|Air Balloon
|
|-weather|Sandstorm|[upkeep]
|upkeep
|
|t:|1713959221
|switch|p2a: Skarmory|Skarmory, M|83/100
|-damage|p2a: Skarmory|71/100|[from] Stealth Rock
|turn|18
|
|t:|1713959232
|move|p1a: Excadrill|Rock Slide|p2a: Skarmory
|-damage|p2a: Skarmory|50/100
|cant|p2a: Skarmory|flinch
|
|-weather|Sandstorm|[upkeep]
|-heal|p2a: Skarmory|56/100|[from] item: Leftovers
|upkeep
|turn|19
|
|t:|1713959235
|move|p1a: Excadrill|Rock Slide|p2a: Skarmory
|-damage|p2a: Skarmory|38/100
|move|p2a: Skarmory|Roost|p2a: Skarmory
|-heal|p2a: Skarmory|88/100
|-singleturn|p2a: Skarmory|move: Roost
|
|-weather|Sandstorm|[upkeep]
|-heal|p2a: Skarmory|94/100|[from] item: Leftovers
|upkeep
|turn|20
|
|t:|1713959238
|move|p1a: Excadrill|Rock Slide|p2a: Skarmory
|-damage|p2a: Skarmory|74/100
|move|p2a: Skarmory|Spikes|p1a: Excadrill
|-sidestart|p1: bwc xisop|Spikes
|
|-weather|Sandstorm|[upkeep]
|-heal|p2a: Skarmory|80/100|[from] item: Leftovers
|upkeep
|turn|21
|
|t:|1713959243
|move|p1a: Excadrill|Rapid Spin|p2a: Skarmory
|-resisted|p2a: Skarmory
|-damage|p2a: Skarmory|77/100
|-sideend|p1: bwc xisop|Spikes|[from] move: Rapid Spin|[of] p1a: Excadrill
|move|p2a: Skarmory|Brave Bird|p1a: Excadrill
|-resisted|p1a: Excadrill
|-damage|p1a: Excadrill|75/100
|-enditem|p1a: Excadrill|Air Balloon
|-damage|p2a: Skarmory|68/100|[from] Recoil
|
|-weather|Sandstorm|[upkeep]
|-heal|p2a: Skarmory|74/100|[from] item: Leftovers
|upkeep
|turn|22
|
|t:|1713959247
|switch|p1a: Infernape|Infernape, F, shiny|100/100
|move|p2a: Skarmory|Spikes|p1a: Infernape
|-sidestart|p1: bwc xisop|Spikes
|
|-weather|Sandstorm|[upkeep]
|-damage|p1a: Infernape|94/100|[from] Sandstorm
|-heal|p2a: Skarmory|80/100|[from] item: Leftovers
|upkeep
|turn|23
|
|t:|1713959251
|switch|p2a: Tyranitar|Tyranitar, M|57/100 brn
|-damage|p2a: Tyranitar|45/100 brn|[from] Stealth Rock
|move|p1a: Infernape|Flare Blitz|p2a: Tyranitar
|-resisted|p2a: Tyranitar
|-damage|p2a: Tyranitar|22/100 brn
|-damage|p1a: Infernape|84/100|[from] Recoil
|
|-weather|Sandstorm|[upkeep]
|-damage|p1a: Infernape|78/100|[from] Sandstorm
|-damage|p2a: Tyranitar|10/100 brn|[from] brn
|upkeep
|turn|24
|
|t:|1713959259
|move|p1a: Infernape|Flare Blitz|p2a: Tyranitar
|-resisted|p2a: Tyranitar
|-crit|p2a: Tyranitar
|-damage|p2a: Tyranitar|0 fnt
|faint|p2a: Tyranitar
|-damage|p1a: Infernape|74/100|[from] Recoil
|
|-weather|Sandstorm|[upkeep]
|-damage|p1a: Infernape|68/100|[from] Sandstorm
|upkeep
|
|t:|1713959261
|switch|p2a: LIGHTNING|Rotom-Wash|42/100
|-damage|p2a: LIGHTNING|29/100|[from] Stealth Rock
|turn|25
|
|t:|1713959265
|move|p1a: Infernape|Flare Blitz|p2a: LIGHTNING
|-resisted|p2a: LIGHTNING
|-damage|p2a: LIGHTNING|8/100
|-damage|p1a: Infernape|61/100|[from] Recoil
|move|p2a: LIGHTNING|Rest|p2a: LIGHTNING
|-status|p2a: LIGHTNING|slp|[from] move: Rest
|-heal|p2a: LIGHTNING|100/100 slp|[silent]
|-enditem|p2a: LIGHTNING|Chesto Berry|[eat]
|-curestatus|p2a: LIGHTNING|slp|[msg]
|
|-weather|Sandstorm|[upkeep]
|-damage|p1a: Infernape|55/100|[from] Sandstorm
|-damage|p2a: LIGHTNING|94/100|[from] Sandstorm
|upkeep
|turn|26
|
|t:|1713959277
|switch|p1a: Excadrill|Excadrill, M|75/100
|-damage|p1a: Excadrill|63/100|[from] Spikes
|-ability|p1a: Excadrill|Mold Breaker
|move|p2a: LIGHTNING|Will-O-Wisp|p1a: Excadrill|[miss]
|-miss|p2a: LIGHTNING|p1a: Excadrill
|
|-weather|Sandstorm|[upkeep]
|-damage|p2a: LIGHTNING|88/100|[from] Sandstorm
|upkeep
|turn|27
|
|t:|1713959284
|switch|p2a: Skarmory|Skarmory, M|80/100
|-damage|p2a: Skarmory|68/100|[from] Stealth Rock
|move|p1a: Excadrill|Earthquake|p2a: Skarmory
|-immune|p2a: Skarmory
|
|-weather|Sandstorm|[upkeep]
|-heal|p2a: Skarmory|74/100|[from] item: Leftovers
|upkeep
|turn|28
|
|t:|1713959290
|move|p1a: Excadrill|Rapid Spin|p2a: Skarmory
|-resisted|p2a: Skarmory
|-damage|p2a: Skarmory|71/100
|-sideend|p1: bwc xisop|Spikes|[from] move: Rapid Spin|[of] p1a: Excadrill
|move|p2a: Skarmory|Brave Bird|p1a: Excadrill
|-resisted|p1a: Excadrill
|-damage|p1a: Excadrill|39/100
|-damage|p2a: Skarmory|63/100|[from] Recoil
|
|-weather|Sandstorm|[upkeep]
|-heal|p2a: Skarmory|69/100|[from] item: Leftovers
|upkeep
|turn|29
|
|t:|1713959293
|switch|p1a: Infernape|Infernape, F, shiny|55/100
|move|p2a: Skarmory|Spikes|p1a: Infernape
|-sidestart|p1: bwc xisop|Spikes
|
|-weather|Sandstorm|[upkeep]
|-damage|p1a: Infernape|49/100|[from] Sandstorm
|-heal|p2a: Skarmory|75/100|[from] item: Leftovers
|upkeep
|turn|30
|
|t:|1713959300
|switch|p2a: LIGHTNING|Rotom-Wash|88/100
|-damage|p2a: LIGHTNING|75/100|[from] Stealth Rock
|move|p1a: Infernape|Flare Blitz|p2a: LIGHTNING
|-resisted|p2a: LIGHTNING
|-damage|p2a: LIGHTNING|50/100
|-status|p2a: LIGHTNING|brn
|-damage|p1a: Infernape|40/100|[from] Recoil
|
|-weather|Sandstorm|[upkeep]
|-damage|p1a: Infernape|34/100|[from] Sandstorm
|-damage|p2a: LIGHTNING|44/100 brn|[from] Sandstorm
|-damage|p2a: LIGHTNING|32/100 brn|[from] brn
|upkeep
|turn|31
|
|t:|1713959307
|switch|p1a: Excadrill|Excadrill, M|39/100
|-damage|p1a: Excadrill|26/100|[from] Spikes
|-ability|p1a: Excadrill|Mold Breaker
|move|p2a: LIGHTNING|Rest|p2a: LIGHTNING
|-status|p2a: LIGHTNING|slp|[from] move: Rest
|-heal|p2a: LIGHTNING|100/100 slp|[silent]
|
|-weather|Sandstorm|[upkeep]
|-damage|p2a: LIGHTNING|94/100 slp|[from] Sandstorm
|upkeep
|turn|32
|
|t:|1713959312
|switch|p1a: Infernape|Infernape, F, shiny|34/100
|-damage|p1a: Infernape|22/100|[from] Spikes
|switch|p2a: Skarmory|Skarmory, M|75/100
|-damage|p2a: Skarmory|62/100|[from] Stealth Rock
|
|-weather|Sandstorm|[upkeep]
|-damage|p1a: Infernape|16/100|[from] Sandstorm
|-heal|p2a: Skarmory|68/100|[from] item: Leftovers
|upkeep
|turn|33
|
|t:|1713959317
|switch|p2a: LIGHTNING|Rotom-Wash|94/100 slp
|-damage|p2a: LIGHTNING|82/100 slp|[from] Stealth Rock
|move|p1a: Infernape|Close Combat|p2a: LIGHTNING
|-damage|p2a: LIGHTNING|39/100 slp
|-unboost|p1a: Infernape|def|1
|-unboost|p1a: Infernape|spd|1
|
|-weather|Sandstorm|[upkeep]
|-damage|p1a: Infernape|9/100|[from] Sandstorm
|-damage|p2a: LIGHTNING|33/100 slp|[from] Sandstorm
|upkeep
|turn|34
|
|t:|1713959326
|switch|p2a: Skarmory|Skarmory, M|68/100
|-damage|p2a: Skarmory|56/100|[from] Stealth Rock
|move|p1a: Infernape|Close Combat|p2a: Skarmory
|-damage|p2a: Skarmory|18/100
|-unboost|p1a: Infernape|def|1
|-unboost|p1a: Infernape|spd|1
|
|-weather|Sandstorm|[upkeep]
|-damage|p1a: Infernape|3/100|[from] Sandstorm
|-heal|p2a: Skarmory|24/100|[from] item: Leftovers
|upkeep
|turn|35
|
|t:|1713959332
|move|p1a: Infernape|Close Combat|p2a: Skarmory
|-damage|p2a: Skarmory|0 fnt
|-unboost|p1a: Infernape|def|1
|-unboost|p1a: Infernape|spd|1
|faint|p2a: Skarmory
|
|-weather|Sandstorm|[upkeep]
|-damage|p1a: Infernape|0 fnt|[from] Sandstorm
|faint|p1a: Infernape
|upkeep
|
|t:|1713959344
|switch|p1a: Excadrill|Excadrill, M|26/100
|switch|p2a: SHION|Latios, M|100/100
|-damage|p2a: SHION|88/100|[from] Stealth Rock
|-damage|p1a: Excadrill|14/100|[from] Spikes
|-ability|p1a: Excadrill|Mold Breaker
|turn|36
|
|t:|1713959351
|move|p2a: SHION|Surf|p1a: Excadrill
|-supereffective|p1a: Excadrill
|-damage|p1a: Excadrill|0 fnt
|faint|p1a: Excadrill
|
|-weather|Sandstorm|[upkeep]
|-damage|p2a: SHION|82/100|[from] Sandstorm
|upkeep
|
|t:|1713959354
|switch|p1a: Dragonite|Dragonite, M|100/100
|turn|37
|
|t:|1713959356
|switch|p2a: LIGHTNING|Rotom-Wash|33/100 slp
|-damage|p2a: LIGHTNING|20/100 slp|[from] Stealth Rock
|move|p1a: Dragonite|Dragon Dance|p1a: Dragonite
|-boost|p1a: Dragonite|atk|1
|-boost|p1a: Dragonite|spe|1
|
|-weather|Sandstorm|[upkeep]
|-damage|p1a: Dragonite|94/100|[from] Sandstorm
|-damage|p2a: LIGHTNING|14/100 slp|[from] Sandstorm
|upkeep
|turn|38
|
|t:|1713959359
|move|p1a: Dragonite|Dragon Dance|p1a: Dragonite
|-boost|p1a: Dragonite|atk|1
|-boost|p1a: Dragonite|spe|1
|cant|p2a: LIGHTNING|slp
|
|-weather|Sandstorm|[upkeep]
|-damage|p1a: Dragonite|88/100|[from] Sandstorm
|-damage|p2a: LIGHTNING|8/100 slp|[from] Sandstorm
|upkeep
|turn|39
|
|t:|1713959362
|move|p1a: Dragonite|Dragon Dance|p1a: Dragonite
|-boost|p1a: Dragonite|atk|1
|-boost|p1a: Dragonite|spe|1
|cant|p2a: LIGHTNING|slp
|
|-weather|Sandstorm|[upkeep]
|-damage|p1a: Dragonite|82/100|[from] Sandstorm
|-damage|p2a: LIGHTNING|1/100 slp|[from] Sandstorm
|upkeep
|turn|40
|
|t:|1713959365
|move|p1a: Dragonite|Extreme Speed|p2a: LIGHTNING
|-damage|p2a: LIGHTNING|0 fnt
|faint|p2a: LIGHTNING
|
|-weather|Sandstorm|[upkeep]
|-damage|p1a: Dragonite|76/100|[from] Sandstorm
|upkeep
|
|t:|1713959366
|switch|p2a: SHION|Latios, M|82/100
|-damage|p2a: SHION|70/100|[from] Stealth Rock
|turn|41
|
|t:|1713959370
|move|p1a: Dragonite|Extreme Speed|p2a: SHION
|-damage|p2a: SHION|0 fnt
|faint|p2a: SHION
|
|win|bwc xisop
|raw|bwc xisop's rating: 1331 &rarr; <strong>1351</strong><br />(+20 for winning)
|raw|LittleBlueHat's rating: 1328 &rarr; <strong>1308</strong><br />(-20 for losing)
