|j|☆SleepyEevie
|j|☆Rickymixxia
|t:|1733712383
|gametype|singles
|player|p1|SleepyEevie|parasollady-gen4|1305
|player|p2|Rickymixxia|102|1317
|teamsize|p1|6
|teamsize|p2|6
|gen|5
|tier|[Gen 5] OU
|rated|
|rule|Species Clause: Limit one of each Pokémon
|rule|OHKO Clause: OHKO moves are banned
|rule|Moody Clause: Moody is banned
|rule|Evasion Items Clause: Evasion items are banned
|rule|Evasion Moves Clause: Evasion moves are banned
|rule|Endless Battle Clause: Forcing endless battles is banned
|rule|HP Percentage Mod: HP is shown in percentages
|rule|Evasion Abilities Clause: Evasion abilities are banned
|rule|Sleep Moves Clause: Sleep-inducing moves are banned
|rule|Swagger Clause: Swagger is banned
|rule|Baton Pass Stat Clause: No Baton Passer may have a way to boost its stats
|clearpoke
|poke|p1|Ninetales, F|item
|poke|p1|Musharna, F|item
|poke|p1|Forretress, F|item
|poke|p1|Garchomp, F|item
|poke|p1|Volcarona, M|item
|poke|p1|Jellicent, F|item
|poke|p2|Xatu, M|item
|poke|p2|Rhyperior, M|item
|poke|p2|Conkeldurr, F|item
|poke|p2|Porygon2|item
|poke|p2|Scizor, M|item
|poke|p2|Cofagrigus, F|item
|teampreview
|inactive|Battle timer is ON: inactive players will automatically lose when time's up. (requested by SleepyEevie)
|c|☆Rickymixxia|Hai
|c|☆Rickymixxia|Hi*
|
|t:|1733712411
|start
|switch|p1a: Ninetales|Ninetales, F|100/100
|switch|p2a: Xatu|Xatu, M|100/100
|-weather|SunnyDay|[from] ability: Drought|[of] p1a: Ninetales
|turn|1
|
|t:|1733712422
|switch|p2a: Porygon2|Porygon2|100/100
|-ability|p2a: Porygon2|Drought|[from] ability: Trace|[of] p1a: Ninetales
|move|p1a: Ninetales|Dark Pulse|p2a: Porygon2
|-damage|p2a: Porygon2|87/100
|
|-weather|SunnyDay|[upkeep]
|upkeep
|turn|2
|
|t:|1733712438
|switch|p1a: Musharna|Musharna, F|100/100
|move|p2a: Porygon2|Trick Room|p2a: Porygon2
|-fieldstart|move: Trick Room|[of] p2a: Porygon2
|
|-weather|SunnyDay|[upkeep]
|upkeep
|turn|3
|
|t:|1733712445
|move|p1a: Musharna|Barrier|p1a: Musharna
|-boost|p1a: Musharna|def|2
|move|p2a: Porygon2|Tri Attack|p1a: Musharna
|-crit|p1a: Musharna
|-damage|p1a: Musharna|36/100
|
|-weather|SunnyDay|[upkeep]
|-heal|p1a: Musharna|42/100|[from] item: Leftovers
|upkeep
|turn|4
|
|t:|1733712455
|move|p1a: Musharna|Moonlight|p1a: Musharna
|-heal|p1a: Musharna|100/100
|move|p2a: Porygon2|Tri Attack|p1a: Musharna
|-damage|p1a: Musharna|68/100
|
|-weather|SunnyDay|[upkeep]
|-heal|p1a: Musharna|74/100|[from] item: Leftovers
|upkeep
|turn|5
|
|t:|1733712465
|move|p1a: Musharna|Calm Mind|p1a: Musharna
|-boost|p1a: Musharna|spa|1
|-boost|p1a: Musharna|spd|1
|move|p2a: Porygon2|Tri Attack|p1a: Musharna
|-damage|p1a: Musharna|51/100
|
|-weather|SunnyDay|[upkeep]
|-heal|p1a: Musharna|57/100|[from] item: Leftovers
|upkeep
|turn|6
|
|t:|1733712480
|switch|p2a: Cofagrigus|Cofagrigus, F|100/100
|move|p1a: Musharna|Moonlight|p1a: Musharna
|-heal|p1a: Musharna|100/100
|
|-weather|SunnyDay|[upkeep]
|-fieldend|move: Trick Room
|upkeep
|turn|7
|
|t:|1733712488
|move|p2a: Cofagrigus|Hex|p1a: Musharna
|-supereffective|p1a: Musharna
|-damage|p1a: Musharna|82/100
|move|p1a: Musharna|Calm Mind|p1a: Musharna
|-boost|p1a: Musharna|spa|1
|-boost|p1a: Musharna|spd|1
|
|-weather|SunnyDay|[upkeep]
|-heal|p1a: Musharna|88/100|[from] item: Leftovers
|upkeep
|turn|8
|
|t:|1733712498
|move|p2a: Cofagrigus|Hex|p1a: Musharna
|-supereffective|p1a: Musharna
|-damage|p1a: Musharna|75/100
|move|p1a: Musharna|Calm Mind|p1a: Musharna
|-boost|p1a: Musharna|spa|1
|-boost|p1a: Musharna|spd|1
|
|-weather|SunnyDay|[upkeep]
|-heal|p1a: Musharna|82/100|[from] item: Leftovers
|upkeep
|turn|9
|
|t:|1733712507
|move|p2a: Cofagrigus|Hex|p1a: Musharna
|-supereffective|p1a: Musharna
|-damage|p1a: Musharna|70/100
|move|p1a: Musharna|Calm Mind|p1a: Musharna
|-boost|p1a: Musharna|spa|1
|-boost|p1a: Musharna|spd|1
|
|-weather|SunnyDay|[upkeep]
|-heal|p1a: Musharna|76/100|[from] item: Leftovers
|upkeep
|turn|10
|
|t:|1733712517
|move|p2a: Cofagrigus|Hex|p1a: Musharna
|-supereffective|p1a: Musharna
|-damage|p1a: Musharna|67/100
|move|p1a: Musharna|Calm Mind|p1a: Musharna
|-boost|p1a: Musharna|spa|1
|-boost|p1a: Musharna|spd|1
|
|-weather|SunnyDay|[upkeep]
|-heal|p1a: Musharna|73/100|[from] item: Leftovers
|upkeep
|turn|11
|
|t:|1733712526
|move|p2a: Cofagrigus|Hex|p1a: Musharna
|-supereffective|p1a: Musharna
|-damage|p1a: Musharna|66/100
|move|p1a: Musharna|Moonlight|p1a: Musharna
|-heal|p1a: Musharna|100/100
|
|-weather|SunnyDay|[upkeep]
|upkeep
|turn|12
|
|t:|1733712535
|switch|p2a: Scizor|Scizor, M|100/100
|move|p1a: Musharna|Barrier|p1a: Musharna
|-boost|p1a: Musharna|def|2
|
|-weather|SunnyDay|[upkeep]
|upkeep
|turn|13
|
|t:|1733712542
|move|p2a: Scizor|U-turn|p1a: Musharna
|-supereffective|p1a: Musharna
|-damage|p1a: Musharna|74/100
|
|t:|1733712545
|switch|p2a: Xatu|Xatu, M|100/100|[from] U-turn
|move|p1a: Musharna|Barrier|p1a: Musharna
|-boost|p1a: Musharna|def|2
|
|-weather|SunnyDay|[upkeep]
|-heal|p1a: Musharna|80/100|[from] item: Leftovers
|upkeep
|turn|14
|
|t:|1733712555
|switch|p2a: Cofagrigus|Cofagrigus, F|100/100
|move|p1a: Musharna|Calm Mind|p1a: Musharna
|-boost|p1a: Musharna|spa|1
|-boost|p1a: Musharna|spd|1
|
|-weather|SunnyDay|[upkeep]
|-heal|p1a: Musharna|86/100|[from] item: Leftovers
|upkeep
|turn|15
|
|t:|1733712564
|move|p2a: Cofagrigus|Haze|p2a: Cofagrigus
|-clearallboost
|move|p1a: Musharna|Moonlight|p1a: Musharna
|-heal|p1a: Musharna|100/100
|
|-weather|SunnyDay|[upkeep]
|upkeep
|turn|16
|
|t:|1733712581
|move|p2a: Cofagrigus|Hex|p1a: Musharna
|-supereffective|p1a: Musharna
|-damage|p1a: Musharna|72/100
|move|p1a: Musharna|Calm Mind|p1a: Musharna
|-boost|p1a: Musharna|spa|1
|-boost|p1a: Musharna|spd|1
|
|-weather|SunnyDay|[upkeep]
|-heal|p1a: Musharna|78/100|[from] item: Leftovers
|upkeep
|turn|17
|
|t:|1733712591
|switch|p2a: Scizor|Scizor, M|100/100
|move|p1a: Musharna|Stored Power|p2a: Scizor
|-resisted|p2a: Scizor
|-damage|p2a: Scizor|80/100
|
|-weather|SunnyDay|[upkeep]
|-heal|p1a: Musharna|84/100|[from] item: Leftovers
|upkeep
|turn|18
|
|t:|1733712600
|switch|p1a: Forretress|Forretress, F|100/100
|move|p2a: Scizor|U-turn|p1a: Forretress
|-resisted|p1a: Forretress
|-damage|p1a: Forretress|80/100
|
|t:|1733712606
|switch|p2a: Xatu|Xatu, M|100/100|[from] U-turn
|
|-weather|SunnyDay|[upkeep]
|-heal|p1a: Forretress|86/100|[from] item: Leftovers
|upkeep
|turn|19
|
|t:|1733712613
|move|p2a: Xatu|Heat Wave|p1a: Forretress|[miss]
|-miss|p2a: Xatu|p1a: Forretress
|move|p1a: Forretress|Body Slam|p2a: Xatu
|-damage|p2a: Xatu|68/100
|-status|p2a: Xatu|par
|
|-weather|SunnyDay|[upkeep]
|-heal|p1a: Forretress|92/100|[from] item: Leftovers
|-heal|p2a: Xatu|74/100 par|[from] item: Leftovers
|upkeep
|turn|20
|
|t:|1733712625
|switch|p1a: Musharna|Musharna, F|84/100
|move|p2a: Xatu|Trick Room|p2a: Xatu
|-fieldstart|move: Trick Room|[of] p2a: Xatu
|
|-weather|SunnyDay|[upkeep]
|-heal|p2a: Xatu|80/100 par|[from] item: Leftovers
|-heal|p1a: Musharna|90/100|[from] item: Leftovers
|upkeep
|turn|21
|
|t:|1733712634
|switch|p2a: Scizor|Scizor, M|80/100
|move|p1a: Musharna|Calm Mind|p1a: Musharna
|-boost|p1a: Musharna|spa|1
|-boost|p1a: Musharna|spd|1
|
|-weather|SunnyDay|[upkeep]
|-heal|p1a: Musharna|96/100|[from] item: Leftovers
|upkeep
|turn|22
|
|t:|1733712642
|move|p1a: Musharna|Barrier|p1a: Musharna
|-boost|p1a: Musharna|def|2
|move|p2a: Scizor|U-turn|p1a: Musharna
|-supereffective|p1a: Musharna
|-damage|p1a: Musharna|59/100
|
|t:|1733712648
|switch|p2a: Cofagrigus|Cofagrigus, F|100/100|[from] U-turn
|
|-weather|SunnyDay|[upkeep]
|-heal|p1a: Musharna|65/100|[from] item: Leftovers
|upkeep
|turn|23
|
|t:|1733712655
|move|p1a: Musharna|Stored Power|p2a: Cofagrigus
|-damage|p2a: Cofagrigus|49/100
|move|p2a: Cofagrigus|Haze|p2a: Cofagrigus
|-clearallboost
|
|-weather|SunnyDay|[upkeep]
|-heal|p1a: Musharna|72/100|[from] item: Leftovers
|-heal|p2a: Cofagrigus|55/100|[from] item: Leftovers
|upkeep
|turn|24
|
|t:|1733712665
|move|p1a: Musharna|Moonlight|p1a: Musharna
|-heal|p1a: Musharna|100/100
|move|p2a: Cofagrigus|Hex|p1a: Musharna
|-supereffective|p1a: Musharna
|-damage|p1a: Musharna|74/100
|
|-weather|SunnyDay|[upkeep]
|-heal|p1a: Musharna|80/100|[from] item: Leftovers
|-heal|p2a: Cofagrigus|61/100|[from] item: Leftovers
|-fieldend|move: Trick Room
|upkeep
|turn|25
|
|t:|1733712675
|switch|p1a: Forretress|Forretress, F|92/100
|move|p2a: Cofagrigus|Hex|p1a: Forretress
|-resisted|p1a: Forretress
|-crit|p1a: Forretress
|-damage|p1a: Forretress|66/100
|
|-weather|SunnyDay|[upkeep]
|-heal|p1a: Forretress|72/100|[from] item: Leftovers
|-heal|p2a: Cofagrigus|68/100|[from] item: Leftovers
|upkeep
|turn|26
|
|t:|1733712686
|switch|p2a: Xatu|Xatu, M|80/100 par
|move|p1a: Forretress|Earthquake|p2a: Xatu
|-immune|p2a: Xatu
|
|-weather|SunnyDay|[upkeep]
|-heal|p1a: Forretress|78/100|[from] item: Leftovers
|-heal|p2a: Xatu|86/100 par|[from] item: Leftovers
|upkeep
|turn|27
|
|t:|1733712695
|switch|p1a: Musharna|Musharna, F|80/100
|move|p2a: Xatu|Heat Wave|p1a: Musharna
|-damage|p1a: Musharna|40/100
|
|-weather|SunnyDay|[upkeep]
|-heal|p1a: Musharna|46/100|[from] item: Leftovers
|-heal|p2a: Xatu|92/100 par|[from] item: Leftovers
|upkeep
|turn|28
|
|t:|1733712705
|move|p1a: Musharna|Moonlight|p1a: Musharna
|-heal|p1a: Musharna|100/100
|move|p2a: Xatu|U-turn|p1a: Musharna
|-supereffective|p1a: Musharna
|-damage|p1a: Musharna|84/100
|
|t:|1733712711
|switch|p2a: Scizor|Scizor, M|80/100|[from] U-turn
|
|-weather|SunnyDay|[upkeep]
|-heal|p1a: Musharna|91/100|[from] item: Leftovers
|upkeep
|turn|29
|
|t:|1733712722
|switch|p1a: Volcarona|Volcarona, M|100/100
|move|p2a: Scizor|U-turn|p1a: Volcarona
|-resisted|p1a: Volcarona
|-damage|p1a: Volcarona|56/100
|
|t:|1733712730
|switch|p2a: Porygon2|Porygon2|87/100|[from] U-turn
|-ability|p2a: Porygon2|Flame Body|[from] ability: Trace|[of] p1a: Volcarona
|
|-weather|SunnyDay|[upkeep]
|-heal|p1a: Volcarona|63/100|[from] item: Leftovers
|upkeep
|turn|30
|
|t:|1733712740
|move|p1a: Volcarona|Protect|p1a: Volcarona
|-singleturn|p1a: Volcarona|Protect
|move|p2a: Porygon2|Trick Room|p2a: Porygon2
|-fieldstart|move: Trick Room|[of] p2a: Porygon2
|
|-weather|SunnyDay|[upkeep]
|-heal|p1a: Volcarona|69/100|[from] item: Leftovers
|upkeep
|turn|31
|
|t:|1733712749
|switch|p2a: Rhyperior|Rhyperior, M|100/100
|move|p1a: Volcarona|Flamethrower|p2a: Rhyperior
|-resisted|p2a: Rhyperior
|-damage|p2a: Rhyperior|53/100
|
|-weather|SunnyDay|[upkeep]
|-heal|p2a: Rhyperior|59/100|[from] item: Leftovers
|-heal|p1a: Volcarona|75/100|[from] item: Leftovers
|upkeep
|turn|32
|
|t:|1733712759
|switch|p1a: Forretress|Forretress, F|78/100
|move|p2a: Rhyperior|Rock Slide|p1a: Forretress
|-damage|p1a: Forretress|54/100
|
|-weather|SunnyDay|[upkeep]
|-heal|p2a: Rhyperior|65/100|[from] item: Leftovers
|-heal|p1a: Forretress|60/100|[from] item: Leftovers
|upkeep
|turn|33
|
|t:|1733712769
|move|p2a: Rhyperior|Swords Dance|p2a: Rhyperior
|-boost|p2a: Rhyperior|atk|2
|move|p1a: Forretress|Earthquake|p2a: Rhyperior
|-supereffective|p2a: Rhyperior
|-damage|p2a: Rhyperior|44/100
|
|-weather|SunnyDay|[upkeep]
|-heal|p2a: Rhyperior|50/100|[from] item: Leftovers
|-heal|p1a: Forretress|66/100|[from] item: Leftovers
|upkeep
|turn|34
|
|t:|1733712780
|move|p2a: Rhyperior|Earthquake|p1a: Forretress
|-damage|p1a: Forretress|2/100
|move|p1a: Forretress|Earthquake|p2a: Rhyperior
|-supereffective|p2a: Rhyperior
|-damage|p2a: Rhyperior|29/100
|
|-weather|SunnyDay|[upkeep]
|-heal|p2a: Rhyperior|36/100|[from] item: Leftovers
|-heal|p1a: Forretress|8/100|[from] item: Leftovers
|-fieldend|move: Trick Room
|upkeep
|turn|35
|
|t:|1733712790
|move|p1a: Forretress|Explosion|p2a: Rhyperior
|-resisted|p2a: Rhyperior
|-damage|p2a: Rhyperior|18/100
|faint|p1a: Forretress
|move|p2a: Rhyperior|Earthquake|p1: Forretress|[notarget]
|-fail|p2a: Rhyperior
|
|-weather|SunnyDay|[upkeep]
|-heal|p2a: Rhyperior|24/100|[from] item: Leftovers
|upkeep
|
|t:|1733712800
|switch|p1a: Ninetales|Ninetales, F|100/100
|turn|36
|
|t:|1733712805
|switch|p2a: Porygon2|Porygon2|87/100
|-ability|p2a: Porygon2|Drought|[from] ability: Trace|[of] p1a: Ninetales
|move|p1a: Ninetales|Solar Beam||[still]
|-prepare|p1a: Ninetales|Solar Beam
|-anim|p1a: Ninetales|Solar Beam|p2a: Porygon2
|-damage|p2a: Porygon2|69/100
|
|-weather|SunnyDay|[upkeep]
|upkeep
|turn|37
|
|t:|1733712816
|switch|p1a: Jellicent|Jellicent, F|100/100
|move|p2a: Porygon2|Trick Room|p2a: Porygon2
|-fieldstart|move: Trick Room|[of] p2a: Porygon2
|
|-weather|SunnyDay|[upkeep]
|upkeep
|turn|38
|
|t:|1733712823
|move|p2a: Porygon2|Thunder|p1a: Jellicent|[miss]
|-miss|p2a: Porygon2|p1a: Jellicent
|move|p1a: Jellicent|Toxic|p2a: Porygon2|[miss]
|-miss|p1a: Jellicent|p2a: Porygon2
|
|-weather|SunnyDay|[upkeep]
|upkeep
|turn|39
|
|t:|1733712831
|switch|p2a: Xatu|Xatu, M|92/100 par
|switch|p1a: Garchomp|Garchomp, F|100/100
|
|-weather|SunnyDay|[upkeep]
|-heal|p2a: Xatu|98/100 par|[from] item: Leftovers
|upkeep
|turn|40
|
|t:|1733712840
|switch|p2a: Conkeldurr|Conkeldurr, F|100/100
|move|p1a: Garchomp|Stealth Rock|p2a: Conkeldurr
|-sidestart|p2: Rickymixxia|move: Stealth Rock
|
|-weather|SunnyDay|[upkeep]
|-status|p2a: Conkeldurr|brn|[from] item: Flame Orb
|upkeep
|turn|41
|
|t:|1733712849
|switch|p1a: Jellicent|Jellicent, F|100/100
|move|p2a: Conkeldurr|Ice Punch|p1a: Jellicent
|-resisted|p1a: Jellicent
|-damage|p1a: Jellicent|85/100
|
|-weather|SunnyDay|[upkeep]
|-heal|p1a: Jellicent|91/100|[from] item: Leftovers
|-damage|p2a: Conkeldurr|88/100 brn|[from] brn
|-fieldend|move: Trick Room
|upkeep
|turn|42
|
|t:|1733712864
|switch|p2a: Porygon2|Porygon2|69/100
|-damage|p2a: Porygon2|57/100|[from] Stealth Rock
|-ability|p2a: Porygon2|Water Absorb|[from] ability: Trace|[of] p1a: Jellicent
|move|p1a: Jellicent|Shadow Ball|p2a: Porygon2
|-immune|p2a: Porygon2
|
|-weather|SunnyDay|[upkeep]
|-heal|p1a: Jellicent|97/100|[from] item: Leftovers
|upkeep
|turn|43
|
|t:|1733712870
|move|p1a: Jellicent|Toxic|p2a: Porygon2
|-status|p2a: Porygon2|tox
|move|p2a: Porygon2|Thunder|p1a: Jellicent|[miss]
|-miss|p2a: Porygon2|p1a: Jellicent
|
|-weather|SunnyDay|[upkeep]
|-heal|p1a: Jellicent|100/100|[from] item: Leftovers
|-damage|p2a: Porygon2|51/100 tox|[from] psn
|upkeep
|turn|44
|
|t:|1733712882
|switch|p1a: Garchomp|Garchomp, F|100/100
|move|p2a: Porygon2|Ice Beam|p1a: Garchomp
|-supereffective|p1a: Garchomp
|-damage|p1a: Garchomp|0 fnt
|faint|p1a: Garchomp
|
|-weather|SunnyDay|[upkeep]
|-damage|p2a: Porygon2|38/100 tox|[from] psn
|upkeep
|
|t:|1733712893
|switch|p1a: Volcarona|Volcarona, M|75/100
|turn|45
|
|t:|1733712896
|move|p1a: Volcarona|Flamethrower|p2a: Porygon2
|-damage|p2a: Porygon2|0 fnt
|faint|p2a: Porygon2
|
|-weather|SunnyDay|[upkeep]
|-heal|p1a: Volcarona|81/100|[from] item: Leftovers
|upkeep
|
|t:|1733712905
|switch|p2a: Cofagrigus|Cofagrigus, F|68/100
|-damage|p2a: Cofagrigus|55/100|[from] Stealth Rock
|turn|46
|
|t:|1733712915
|move|p1a: Volcarona|Protect|p1a: Volcarona
|-singleturn|p1a: Volcarona|Protect
|move|p2a: Cofagrigus|Trick Room|p2a: Cofagrigus
|-fieldstart|move: Trick Room|[of] p2a: Cofagrigus
|
|-weather|SunnyDay|[upkeep]
|-heal|p2a: Cofagrigus|61/100|[from] item: Leftovers
|-heal|p1a: Volcarona|87/100|[from] item: Leftovers
|upkeep
|turn|47
|
|t:|1733712924
|move|p2a: Cofagrigus|Destiny Bond|p2a: Cofagrigus
|-singlemove|p2a: Cofagrigus|Destiny Bond
|move|p1a: Volcarona|Flamethrower|p2a: Cofagrigus
|-damage|p2a: Cofagrigus|0 fnt
|faint|p2a: Cofagrigus
|-activate|p2a: Cofagrigus|move: Destiny Bond
|faint|p1a: Volcarona
|
|-weather|SunnyDay|[upkeep]
|upkeep
|
|t:|1733712937
|switch|p2a: Scizor|Scizor, M|80/100
|switch|p1a: Jellicent|Jellicent, F|100/100
|-damage|p2a: Scizor|68/100|[from] Stealth Rock
|turn|48
|
|t:|1733712949
|move|p2a: Scizor|Pursuit|p1a: Jellicent
|-supereffective|p1a: Jellicent
|-damage|p1a: Jellicent|45/100
|move|p1a: Jellicent|Shadow Ball|p2a: Scizor
|-resisted|p2a: Scizor
|-damage|p2a: Scizor|54/100
|
|-weather|SunnyDay|[upkeep]
|-heal|p1a: Jellicent|51/100|[from] item: Leftovers
|upkeep
|turn|49
|j| zibio
|
|t:|1733712963
|move|p2a: Scizor|Pursuit|p1a: Jellicent
|-supereffective|p1a: Jellicent
|-damage|p1a: Jellicent|0 fnt
|faint|p1a: Jellicent
|
|-weather|SunnyDay|[upkeep]
|upkeep
|
|t:|1733712968
|switch|p1a: Ninetales|Ninetales, F|100/100
|turn|50
|
|t:|1733712974
|switch|p2a: Conkeldurr|Conkeldurr, F|88/100 brn
|-damage|p2a: Conkeldurr|82/100 brn|[from] Stealth Rock
|move|p1a: Ninetales|Flamethrower|p2a: Conkeldurr
|-damage|p2a: Conkeldurr|16/100 brn
|
|-weather|SunnyDay|[upkeep]
|-damage|p2a: Conkeldurr|4/100 brn|[from] brn
|-fieldend|move: Trick Room
|upkeep
|turn|51
|
|t:|1733712987
|move|p2a: Conkeldurr|Mach Punch|p1a: Ninetales
|-damage|p1a: Ninetales|47/100
|move|p1a: Ninetales|Flamethrower|p2a: Conkeldurr
|-damage|p2a: Conkeldurr|0 fnt
|faint|p2a: Conkeldurr
|
|-weather|SunnyDay|[upkeep]
|-heal|p1a: Ninetales|53/100|[from] item: Leftovers
|upkeep
|
|t:|1733712997
|switch|p2a: Xatu|Xatu, M|98/100 par
|-damage|p2a: Xatu|74/100 par|[from] Stealth Rock
|turn|52
|
|t:|1733713007
|move|p1a: Ninetales|Flamethrower|p2a: Xatu
|-damage|p2a: Xatu|1/100 par
|move|p2a: Xatu|Trick Room|p2a: Xatu
|-fieldstart|move: Trick Room|[of] p2a: Xatu
|
|-weather|SunnyDay|[upkeep]
|-heal|p2a: Xatu|7/100 par|[from] item: Leftovers
|-heal|p1a: Ninetales|59/100|[from] item: Leftovers
|upkeep
|turn|53
|
|t:|1733713017
|switch|p1a: Musharna|Musharna, F|91/100
|cant|p2a: Xatu|par
|
|-weather|SunnyDay|[upkeep]
|-heal|p2a: Xatu|13/100 par|[from] item: Leftovers
|-heal|p1a: Musharna|97/100|[from] item: Leftovers
|upkeep
|turn|54
|
|t:|1733713027
|switch|p2a: Scizor|Scizor, M|54/100
|-damage|p2a: Scizor|42/100|[from] Stealth Rock
|move|p1a: Musharna|Barrier|p1a: Musharna
|-boost|p1a: Musharna|def|2
|
|-weather|SunnyDay|[upkeep]
|-heal|p1a: Musharna|100/100|[from] item: Leftovers
|upkeep
|turn|55
|
|t:|1733713036
|move|p1a: Musharna|Barrier|p1a: Musharna
|-boost|p1a: Musharna|def|2
|move|p2a: Scizor|U-turn|p1a: Musharna
|-supereffective|p1a: Musharna
|-damage|p1a: Musharna|75/100
|
|t:|1733713041
|switch|p2a: Rhyperior|Rhyperior, M|24/100|[from] U-turn
|-damage|p2a: Rhyperior|18/100|[from] Stealth Rock
|
|-weather|SunnyDay|[upkeep]
|-heal|p1a: Musharna|81/100|[from] item: Leftovers
|-heal|p2a: Rhyperior|24/100|[from] item: Leftovers
|upkeep
|turn|56
|
|t:|1733713050
|move|p1a: Musharna|Barrier|p1a: Musharna
|-boost|p1a: Musharna|def|2
|move|p2a: Rhyperior|Swords Dance|p2a: Rhyperior
|-boost|p2a: Rhyperior|atk|2
|
|-weather|SunnyDay|[upkeep]
|-heal|p1a: Musharna|88/100|[from] item: Leftovers
|-heal|p2a: Rhyperior|30/100|[from] item: Leftovers
|-fieldend|move: Trick Room
|upkeep
|turn|57
|
|t:|1733713060
|move|p2a: Rhyperior|Swords Dance|p2a: Rhyperior
|-boost|p2a: Rhyperior|atk|2
|move|p1a: Musharna|Stored Power|p2a: Rhyperior
|-damage|p2a: Rhyperior|0 fnt
|faint|p2a: Rhyperior
|
|-weather|SunnyDay|[upkeep]
|-heal|p1a: Musharna|94/100|[from] item: Leftovers
|upkeep
|c|☆Rickymixxia|You're a Little bitch
|
|t:|1733713081
|switch|p2a: Scizor|Scizor, M|42/100
|-damage|p2a: Scizor|29/100|[from] Stealth Rock
|turn|58
|c|☆SleepyEevie|Thank you! :)
|
|t:|1733713093
|move|p2a: Scizor|U-turn|p1a: Musharna
|-supereffective|p1a: Musharna
|-damage|p1a: Musharna|75/100
|
|t:|1733713102
|switch|p2a: Xatu|Xatu, M|13/100 par|[from] U-turn
|-damage|p2a: Xatu|0 fnt|[from] Stealth Rock
|faint|p2a: Xatu
|move|p1a: Musharna|Stored Power|p2: Xatu|[notarget]
|-fail|p1a: Musharna
|
|-weather|SunnyDay|[upkeep]
|-heal|p1a: Musharna|82/100|[from] item: Leftovers
|upkeep
|
|t:|1733713113
|switch|p2a: Scizor|Scizor, M|29/100
|-damage|p2a: Scizor|17/100|[from] Stealth Rock
|turn|59
|
|t:|1733713118
|move|p2a: Scizor|U-turn|p1a: Musharna
|-supereffective|p1a: Musharna
|-damage|p1a: Musharna|61/100
|move|p1a: Musharna|Stored Power|p2a: Scizor
|-resisted|p2a: Scizor
|-damage|p2a: Scizor|0 fnt
|faint|p2a: Scizor
|
|win|SleepyEevie
|raw|SleepyEevie's rating: 1305 &rarr; <strong>1326</strong><br />(+21 for winning)
|raw|Rickymixxia's rating: 1317 &rarr; <strong>1296</strong><br />(-21 for losing)
|c|☆SleepyEevie|gg
