|uhtml|medal-msg|<div class="broadcast-blue">Curious what those medals under the avatar are? PS now has Ladder Seasons! For more information, check out the <a href="https://www.smogon.com/forums/threads/3740067/">thread on Smogon.</a></div>
|uhtml|medal-msg|<div class="broadcast-blue">Curious what those medals under the avatar are? PS now has Ladder Seasons! For more information, check out the <a href="https://www.smogon.com/forums/threads/3740067/">thread on Smogon.</a></div>
|j|☆Draco Bombers
|j|☆torinoko city
|t:|1712357952
|gametype|singles
|player|p1|Draco Bombers|silver-gen2kanto|1321
|player|p2|torinoko city|miku-flying|1450
|teamsize|p1|6
|teamsize|p2|6
|gen|5
|tier|[Gen 5] OU
|rated|
|rule|Species Clause: Limit one of each Pokémon
|rule|OHKO Clause: OHKO moves are banned
|rule|Moody Clause: Moody is banned
|rule|Evasion Items Clause: Evasion items are banned
|rule|Evasion Moves Clause: Evasion moves are banned
|rule|Endless Battle Clause: Forcing endless battles is banned
|rule|HP Percentage Mod: HP is shown in percentages
|rule|Evasion Abilities Clause: Evasion abilities are banned
|rule|Sleep Moves Clause: Sleep-inducing moves are banned
|rule|Swagger Clause: Swagger is banned
|rule|Baton Pass Stat Clause: No Baton Passer may have a way to boost its stats
|clearpoke
|poke|p1|Tyranitar, M|item
|poke|p1|Mamoswine, F|item
|poke|p1|Keldeo|item
|poke|p1|Amoonguss, F|item
|poke|p1|Gliscor, F|item
|poke|p1|Excadrill, M|item
|poke|p2|Politoed, F|item
|poke|p2|Starmie|item
|poke|p2|Azumarill, M|item
|poke|p2|Volcarona, M|item
|poke|p2|Garchomp, F|item
|poke|p2|Jirachi|item
|teampreview
|inactive|Battle timer is ON: inactive players will automatically lose when time's up. (requested by torinoko city)
|c|☆Draco Bombers|oh hi alice
|c|☆torinoko city|hi
|c|☆Draco Bombers|mario
|c|☆torinoko city|mario.
|inactive|Draco Bombers has 120 seconds left.
|
|t:|1712358005
|start
|switch|p1a: Amoonguss|Amoonguss, F|100/100
|switch|p2a: Hazard Lead|Garchomp, F|100/100
|turn|1
|
|t:|1712358016
|switch|p2a: Easter Froggy|Politoed, F|100/100
|-weather|RainDance|[from] ability: Drizzle|[of] p2a: Easter Froggy
|move|p1a: Amoonguss|Stun Spore|p2a: Easter Froggy
|-status|p2a: Easter Froggy|par
|
|-weather|RainDance|[upkeep]
|upkeep
|turn|2
|
|t:|1712358022
|move|p1a: Amoonguss|Giga Drain|p2a: Easter Froggy
|-supereffective|p2a: Easter Froggy
|-damage|p2a: Easter Froggy|62/100 par
|move|p2a: Easter Froggy|Ice Beam|p1a: Amoonguss
|-supereffective|p1a: Amoonguss
|-damage|p1a: Amoonguss|43/100
|
|-weather|RainDance|[upkeep]
|-heal|p1a: Amoonguss|49/100|[from] item: Black Sludge
|upkeep
|turn|3
|
|t:|1712358031
|switch|p1a: Tyranitar|Tyranitar, M|100/100
|-weather|Sandstorm|[from] ability: Sand Stream|[of] p1a: Tyranitar
|switch|p2a: Hazard Lead|Garchomp, F|100/100
|
|-weather|Sandstorm|[upkeep]
|upkeep
|turn|4
|
|t:|1712358037
|move|p2a: Hazard Lead|Stealth Rock|p1a: Tyranitar
|-sidestart|p1: Draco Bombers|move: Stealth Rock
|move|p1a: Tyranitar|Ice Beam|p2a: Hazard Lead
|-supereffective|p2a: Hazard Lead
|-crit|p2a: Hazard Lead
|-damage|p2a: Hazard Lead|0 fnt
|faint|p2a: Hazard Lead
|
|-weather|Sandstorm|[upkeep]
|upkeep
|
|t:|1712358045
|switch|p2a: Easter Froggy|Politoed, F|62/100 par
|-weather|RainDance|[from] ability: Drizzle|[of] p2a: Easter Froggy
|turn|5
|
|t:|1712358054
|switch|p1a: Amoonguss|Amoonguss, F|82/100
|-damage|p1a: Amoonguss|70/100|[from] Stealth Rock
|switch|p2a: Easter Egg|Azumarill, M|100/100
|
|-weather|RainDance|[upkeep]
|-heal|p1a: Amoonguss|76/100|[from] item: Black Sludge
|upkeep
|turn|6
|
|t:|1712358064
|switch|p1a: Keldeo|Keldeo|100/100
|-damage|p1a: Keldeo|94/100|[from] Stealth Rock
|move|p2a: Easter Egg|Ice Punch|p1a: Keldeo
|-resisted|p1a: Keldeo
|-damage|p1a: Keldeo|65/100
|
|-weather|RainDance|[upkeep]
|-heal|p1a: Keldeo|71/100|[from] item: Leftovers
|upkeep
|turn|7
|
|t:|1712358079
|switch|p2a: Crucifixion|Starmie|100/100
|-item|p2a: Crucifixion|Air Balloon
|move|p1a: Keldeo|Scald|p2a: Crucifixion
|-resisted|p2a: Crucifixion
|-damage|p2a: Crucifixion|53/100
|-status|p2a: Crucifixion|brn
|-enditem|p2a: Crucifixion|Air Balloon
|
|-weather|RainDance|[upkeep]
|-heal|p1a: Keldeo|77/100|[from] item: Leftovers
|-damage|p2a: Crucifixion|41/100 brn|[from] brn
|upkeep
|turn|8
|
|t:|1712358099
|switch|p1a: Amoonguss|Amoonguss, F|100/100
|-damage|p1a: Amoonguss|88/100|[from] Stealth Rock
|move|p2a: Crucifixion|Hydro Pump|p1a: Amoonguss|[miss]
|-miss|p2a: Crucifixion|p1a: Amoonguss
|
|-weather|RainDance|[upkeep]
|-heal|p1a: Amoonguss|94/100|[from] item: Black Sludge
|-damage|p2a: Crucifixion|29/100 brn|[from] brn
|upkeep
|turn|9
|inactive|Draco Bombers has 120 seconds left.
|
|t:|1712358120
|switch|p2a: Second Coming|Jirachi|100/100
|move|p1a: Amoonguss|Giga Drain|p2a: Second Coming
|-resisted|p2a: Second Coming
|-damage|p2a: Second Coming|90/100
|-heal|p1a: Amoonguss|99/100|[from] drain|[of] p2a: Second Coming
|
|-weather|RainDance|[upkeep]
|-heal|p1a: Amoonguss|100/100|[from] item: Black Sludge
|upkeep
|turn|10
|inactive|Draco Bombers has 120 seconds left.
|
|t:|1712358125
|move|p2a: Second Coming|U-turn|p1a: Amoonguss
|-damage|p1a: Amoonguss|80/100
|
|t:|1712358128
|switch|p2a: Crucifixion|Starmie|29/100 brn|[from] U-turn
|move|p1a: Amoonguss|Stun Spore||[still]
|-fail|p1a: Amoonguss
|
|-weather|RainDance|[upkeep]
|-heal|p1a: Amoonguss|86/100|[from] item: Black Sludge
|-damage|p2a: Crucifixion|17/100 brn|[from] brn
|upkeep
|turn|11
|
|t:|1712358134
|move|p2a: Crucifixion|Ice Beam|p1a: Amoonguss
|-supereffective|p1a: Amoonguss
|-damage|p1a: Amoonguss|45/100
|move|p1a: Amoonguss|Giga Drain|p2a: Crucifixion
|-supereffective|p2a: Crucifixion
|-damage|p2a: Crucifixion|0 fnt
|-heal|p1a: Amoonguss|49/100|[from] drain|[of] p2a: Crucifixion
|faint|p2a: Crucifixion
|
|-weather|RainDance|[upkeep]
|-heal|p1a: Amoonguss|56/100|[from] item: Black Sludge
|upkeep
|
|t:|1712358138
|switch|p2a: Easter Egg|Azumarill, M|100/100
|turn|12
|inactive|Draco Bombers has 120 seconds left.
|inactive|Draco Bombers has 90 seconds left.
|
|t:|1712358198
|switch|p1a: Excadrill|Excadrill, M|100/100
|-damage|p1a: Excadrill|97/100|[from] Stealth Rock
|move|p2a: Easter Egg|Waterfall|p1a: Excadrill
|-supereffective|p1a: Excadrill
|-damage|p1a: Excadrill|0 fnt
|faint|p1a: Excadrill
|
|-weather|RainDance|[upkeep]
|upkeep
|inactive|Draco Bombers has 90 seconds left.
|
|t:|1712358212
|switch|p1a: Keldeo|Keldeo|77/100
|-damage|p1a: Keldeo|71/100|[from] Stealth Rock
|turn|13
|inactive|Draco Bombers has 90 seconds left.
|
|t:|1712358221
|move|p1a: Keldeo|Secret Sword|p2a: Easter Egg
|-crit|p2a: Easter Egg
|-damage|p2a: Easter Egg|6/100
|move|p2a: Easter Egg|Waterfall|p1a: Keldeo
|-resisted|p1a: Keldeo
|-damage|p1a: Keldeo|0 fnt
|faint|p1a: Keldeo
|
|-weather|RainDance|[upkeep]
|upkeep
|inactive|Draco Bombers has 90 seconds left.
|c|☆Draco Bombers|crit into range pretty cool
|c|☆Draco Bombers|luck is equal
|
|t:|1712358247
|switch|p1a: Mamoswine|Mamoswine, F|100/100
|-damage|p1a: Mamoswine|88/100|[from] Stealth Rock
|turn|14
|
|t:|1712358264
|move|p1a: Mamoswine|Earthquake|p2a: Easter Egg
|-damage|p2a: Easter Egg|0 fnt
|faint|p2a: Easter Egg
|
|-weather|RainDance|[upkeep]
|upkeep
|
|t:|1712358267
|switch|p2a: Jesus Christ|Volcarona, M|100/100
|turn|15
|inactive|Draco Bombers has 60 seconds left.
|
|t:|1712358290
|switch|p1a: Gliscor|Gliscor, F|100/100
|-damage|p1a: Gliscor|88/100|[from] Stealth Rock
|move|p2a: Jesus Christ|Hidden Power|p1a: Gliscor
|-supereffective|p1a: Gliscor
|-damage|p1a: Gliscor|15/100
|
|-weather|RainDance|[upkeep]
|-status|p1a: Gliscor|tox|[from] item: Toxic Orb
|upkeep
|turn|16
|inactive|Draco Bombers has 60 seconds left.
|inactive|Draco Bombers has 30 seconds left.
|inactive|Draco Bombers has 20 seconds left.
|
|t:|1712358341
|switch|p1a: Tyranitar|Tyranitar, M|100/100
|-damage|p1a: Tyranitar|88/100|[from] Stealth Rock
|-weather|Sandstorm|[from] ability: Sand Stream|[of] p1a: Tyranitar
|move|p2a: Jesus Christ|Hidden Power|p1a: Tyranitar
|-supereffective|p1a: Tyranitar
|-damage|p1a: Tyranitar|64/100
|
|-weather|Sandstorm|[upkeep]
|-damage|p2a: Jesus Christ|94/100|[from] Sandstorm
|upkeep
|turn|17
|inactive|Draco Bombers has 30 seconds left this turn.
|
|t:|1712358350
|switch|p2a: Second Coming|Jirachi|90/100
|move|p1a: Tyranitar|Crunch|p2a: Second Coming
|-damage|p2a: Second Coming|53/100
|
|-weather|Sandstorm|[upkeep]
|upkeep
|turn|18
|inactive|Draco Bombers has 30 seconds left.
|inactive|Draco Bombers has 20 seconds left.
|
|t:|1712358369
|switch|p1a: Gliscor|Gliscor, F|15/100 tox
|-damage|p1a: Gliscor|3/100 tox|[from] Stealth Rock
|move|p2a: Second Coming|U-turn|p1a: Gliscor
|-resisted|p1a: Gliscor
|-damage|p1a: Gliscor|0 fnt
|faint|p1a: Gliscor
|inactive|Draco Bombers has 25 seconds left this turn.
|
|t:|1712358374
|switch|p2a: Easter Froggy|Politoed, F|62/100 par|[from] U-turn
|-weather|RainDance|[from] ability: Drizzle|[of] p2a: Easter Froggy
|
|-weather|RainDance|[upkeep]
|upkeep
|inactive|Draco Bombers has 30 seconds left this turn.
|
|t:|1712358380
|switch|p1a: Tyranitar|Tyranitar, M|64/100
|-damage|p1a: Tyranitar|52/100|[from] Stealth Rock
|-weather|Sandstorm|[from] ability: Sand Stream|[of] p1a: Tyranitar
|turn|19
|inactive|Draco Bombers has 30 seconds left.
|
|t:|1712358387
|switch|p2a: Second Coming|Jirachi|53/100
|move|p1a: Tyranitar|Crunch|p2a: Second Coming
|-damage|p2a: Second Coming|14/100
|
|-weather|Sandstorm|[upkeep]
|upkeep
|turn|20
|inactive|Draco Bombers has 30 seconds left.
|inactive|Draco Bombers has 20 seconds left.
|inactive|Draco Bombers has 15 seconds left.
|inactive|Draco Bombers has 10 seconds left.
|
|t:|1712358419
|move|p2a: Second Coming|Iron Head|p1a: Tyranitar
|-supereffective|p1a: Tyranitar
|-damage|p1a: Tyranitar|2/100
|cant|p1a: Tyranitar|flinch
|
|-weather|Sandstorm|[upkeep]
|upkeep
|turn|21
|inactive|Draco Bombers has 20 seconds left this turn.
|inactive|Draco Bombers has 15 seconds left.
|
|t:|1712358426
|move|p2a: Second Coming|Iron Head|p1a: Tyranitar
|-supereffective|p1a: Tyranitar
|-damage|p1a: Tyranitar|0 fnt
|faint|p1a: Tyranitar
|
|-weather|Sandstorm|[upkeep]
|upkeep
|inactive|Draco Bombers has 20 seconds left this turn.
|
|t:|1712358429
|switch|p1a: Amoonguss|Amoonguss, F|89/100
|-damage|p1a: Amoonguss|76/100|[from] Stealth Rock
|turn|22
|inactive|Draco Bombers has 30 seconds left this turn.
|
|t:|1712358432
|move|p2a: Second Coming|Iron Head|p1a: Amoonguss
|-damage|p1a: Amoonguss|43/100
|move|p1a: Amoonguss|Stun Spore|p2a: Second Coming
|-status|p2a: Second Coming|par
|
|-weather|Sandstorm|[upkeep]
|-damage|p1a: Amoonguss|37/100|[from] Sandstorm
|-heal|p1a: Amoonguss|43/100|[from] item: Black Sludge
|upkeep
|turn|23
|
|t:|1712358438
|cant|p2a: Second Coming|par
|move|p1a: Amoonguss|Hidden Power|p2a: Second Coming
|-supereffective|p2a: Second Coming
|-damage|p2a: Second Coming|0 fnt
|faint|p2a: Second Coming
|
|-weather|Sandstorm|[upkeep]
|-damage|p1a: Amoonguss|37/100|[from] Sandstorm
|-heal|p1a: Amoonguss|43/100|[from] item: Black Sludge
|upkeep
|
|t:|1712358442
|switch|p2a: Jesus Christ|Volcarona, M|94/100
|turn|24
|
|t:|1712358447
|move|p2a: Jesus Christ|Hurricane|p1a: Amoonguss|[miss]
|-miss|p2a: Jesus Christ|p1a: Amoonguss
|move|p1a: Amoonguss|Stun Spore|p2a: Jesus Christ
|-status|p2a: Jesus Christ|par
|-enditem|p2a: Jesus Christ|Lum Berry|[eat]
|-curestatus|p2a: Jesus Christ|par|[msg]
|
|-weather|Sandstorm|[upkeep]
|-damage|p2a: Jesus Christ|88/100|[from] Sandstorm
|-damage|p1a: Amoonguss|37/100|[from] Sandstorm
|-heal|p1a: Amoonguss|43/100|[from] item: Black Sludge
|upkeep
|turn|25
|c|☆Draco Bombers|i had a YEEESSSSSS NOOOOOO moment
|
|t:|1712358467
|move|p2a: Jesus Christ|Hurricane|p1a: Amoonguss
|-supereffective|p1a: Amoonguss
|-damage|p1a: Amoonguss|0 fnt
|faint|p1a: Amoonguss
|
|-weather|Sandstorm|[upkeep]
|-damage|p2a: Jesus Christ|82/100|[from] Sandstorm
|upkeep
|
|t:|1712358471
|switch|p1a: Mamoswine|Mamoswine, F|88/100
|-damage|p1a: Mamoswine|76/100|[from] Stealth Rock
|turn|26
|
|t:|1712358490
|switch|p2a: Easter Froggy|Politoed, F|62/100 par
|-weather|RainDance|[from] ability: Drizzle|[of] p2a: Easter Froggy
|move|p1a: Mamoswine|Earthquake|p2a: Easter Froggy
|-damage|p2a: Easter Froggy|0 fnt
|faint|p2a: Easter Froggy
|
|-weather|RainDance|[upkeep]
|upkeep
|
|t:|1712358496
|switch|p2a: Jesus Christ|Volcarona, M|82/100
|turn|27
|
|t:|1712358500
|move|p2a: Jesus Christ|Hidden Power|p1a: Mamoswine
|-supereffective|p1a: Mamoswine
|-damage|p1a: Mamoswine|0 fnt
|faint|p1a: Mamoswine
|
|win|torinoko city
|raw|Draco Bombers's rating: 1321 &rarr; <strong>1308</strong><br />(-13 for losing)
|raw|torinoko city's rating: 1450 &rarr; <strong>1463</strong><br />(+13 for winning)
|c|☆torinoko city|gg
|c|☆Draco Bombers|Gg
|l|☆torinoko city
|player|p2|
