|j|☆leoperi99
|j|☆rabian
|t:|1710369697
|gametype|singles
|player|p1|leoperi99|blue-lgpe|1473
|player|p2|rabian|iris-gen5bw2|1453
|teamsize|p1|6
|teamsize|p2|6
|gen|5
|tier|[Gen 5] OU
|rated|
|rule|Species Clause: Limit one of each Pokémon
|rule|OHKO Clause: OHKO moves are banned
|rule|Moody Clause: Moody is banned
|rule|Evasion Items Clause: Evasion items are banned
|rule|Evasion Moves Clause: Evasion moves are banned
|rule|Endless Battle Clause: Forcing endless battles is banned
|rule|HP Percentage Mod: HP is shown in percentages
|rule|Evasion Abilities Clause: Evasion abilities are banned
|rule|Sleep Moves Clause: Sleep-inducing moves are banned
|rule|Swagger Clause: Swagger is banned
|rule|Baton Pass Stat Clause: No Baton Passer may have a way to boost its stats
|clearpoke
|poke|p1|Heatran, F|item
|poke|p1|Tyranitar, M|item
|poke|p1|Rotom-Wash|item
|poke|p1|Latios, M|item
|poke|p1|Landorus-Therian, M|item
|poke|p1|Excadrill, M|item
|poke|p2|Jolteon, M|item
|poke|p2|Ferrothorn, M|item
|poke|p2|Politoed, F|item
|poke|p2|Gyarados, F|item
|poke|p2|Toxicroak, F|item
|poke|p2|Tentacruel, F|item
|teampreview
|c|☆rabian|glhf!
|
|t:|1710369731
|start
|switch|p1a: Rotom|Rotom-Wash|100/100
|switch|p2a: Weather Setter|Politoed, F|100/100
|-weather|RainDance|[from] ability: Drizzle|[of] p2a: Weather Setter
|turn|1
|
|t:|1710369738
|move|p2a: Weather Setter|Protect|p2a: Weather Setter
|-singleturn|p2a: Weather Setter|Protect
|move|p1a: Rotom|Volt Switch|p2a: Weather Setter
|-activate|p2a: Weather Setter|move: Protect
|
|-weather|RainDance|[upkeep]
|upkeep
|turn|2
|
|t:|1710369746
|move|p1a: Rotom|Hydro Pump|p2a: Weather Setter
|-resisted|p2a: Weather Setter
|-damage|p2a: Weather Setter|76/100
|move|p2a: Weather Setter|Toxic|p1a: Rotom
|-status|p1a: Rotom|tox
|
|-weather|RainDance|[upkeep]
|-heal|p2a: Weather Setter|83/100|[from] item: Leftovers
|-damage|p1a: Rotom|94/100 tox|[from] psn
|upkeep
|turn|3
|
|t:|1710369749
|move|p2a: Weather Setter|Protect|p2a: Weather Setter
|-singleturn|p2a: Weather Setter|Protect
|move|p1a: Rotom|Volt Switch|p2a: Weather Setter
|-activate|p2a: Weather Setter|move: Protect
|
|-weather|RainDance|[upkeep]
|-heal|p1a: Rotom|100/100 tox|[from] item: Leftovers
|-heal|p2a: Weather Setter|89/100|[from] item: Leftovers
|-damage|p1a: Rotom|88/100 tox|[from] psn
|upkeep
|turn|4
|inactive|Battle timer is ON: inactive players will automatically lose when time's up. (requested by leoperi99)
|
|t:|1710369756
|switch|p2a: Wall|Ferrothorn, M|100/100
|move|p1a: Rotom|Volt Switch|p2a: Wall
|-resisted|p2a: Wall
|-damage|p2a: Wall|90/100
|
|t:|1710369758
|switch|p1a: Heatran|Heatran, F, shiny|100/100|[from] Volt Switch
|-item|p1a: Heatran|Air Balloon
|
|-weather|RainDance|[upkeep]
|-heal|p2a: Wall|96/100|[from] item: Leftovers
|upkeep
|turn|5
|
|t:|1710369762
|switch|p2a: Squid|Tentacruel, F|100/100
|move|p1a: Heatran|Magma Storm|p2a: Squid
|-resisted|p2a: Squid
|-damage|p2a: Squid|90/100
|-activate|p2a: Squid|move: Magma Storm|[of] p1a: Heatran
|
|-weather|RainDance|[upkeep]
|-heal|p2a: Squid|96/100|[from] ability: Rain Dish
|-heal|p2a: Squid|100/100|[from] item: Black Sludge
|-damage|p2a: Squid|95/100|[from] move: Magma Storm|[partiallytrapped]
|upkeep
|turn|6
|
|t:|1710369768
|move|p2a: Squid|Scald|p1a: Heatran
|-supereffective|p1a: Heatran
|-damage|p1a: Heatran|46/100
|-enditem|p1a: Heatran|Air Balloon
|move|p1a: Heatran|Sunny Day|p1a: Heatran
|-weather|SunnyDay
|
|-weather|SunnyDay|[upkeep]
|-heal|p2a: Squid|100/100|[from] item: Black Sludge
|-damage|p2a: Squid|95/100|[from] move: Magma Storm|[partiallytrapped]
|upkeep
|turn|7
|
|t:|1710369777
|move|p2a: Squid|Scald|p1a: Heatran
|-supereffective|p1a: Heatran
|-damage|p1a: Heatran|25/100
|move|p1a: Heatran|Solar Beam||[still]
|-prepare|p1a: Heatran|Solar Beam
|-anim|p1a: Heatran|Solar Beam|p2a: Squid
|-damage|p2a: Squid|64/100
|
|-weather|SunnyDay|[upkeep]
|-heal|p2a: Squid|70/100|[from] item: Black Sludge
|-damage|p2a: Squid|64/100|[from] move: Magma Storm|[partiallytrapped]
|upkeep
|turn|8
|
|t:|1710369785
|move|p2a: Squid|Scald|p1a: Heatran
|-supereffective|p1a: Heatran
|-damage|p1a: Heatran|6/100
|move|p1a: Heatran|Solar Beam||[still]
|-prepare|p1a: Heatran|Solar Beam
|-anim|p1a: Heatran|Solar Beam|p2a: Squid
|-damage|p2a: Squid|33/100
|
|-weather|SunnyDay|[upkeep]
|-heal|p2a: Squid|39/100|[from] item: Black Sludge
|-damage|p2a: Squid|33/100|[from] move: Magma Storm|[partiallytrapped]
|upkeep
|turn|9
|
|t:|1710369791
|switch|p1a: Landorus|Landorus-Therian, M|100/100
|-ability|p1a: Landorus|Intimidate|boost
|-unboost|p2a: Squid|atk|1
|move|p2a: Squid|Scald|p1a: Landorus
|-supereffective|p1a: Landorus
|-damage|p1a: Landorus|68/100
|
|-weather|SunnyDay|[upkeep]
|-heal|p2a: Squid|39/100|[from] item: Black Sludge
|-end|p2a: Squid|Magma Storm|[partiallytrapped]
|upkeep
|turn|10
|
|t:|1710369796
|switch|p2a: Just A Magikarp|Gyarados, F, shiny|100/100
|-ability|p2a: Just A Magikarp|Intimidate|boost
|-unboost|p1a: Landorus|atk|1
|move|p1a: Landorus|Stealth Rock|p2a: Just A Magikarp
|-sidestart|p2: rabian|move: Stealth Rock
|
|-weather|none
|upkeep
|turn|11
|
|t:|1710369807
|switch|p1a: Rotom|Rotom-Wash|88/100 tox
|move|p2a: Just A Magikarp|Waterfall|p1a: Rotom
|-resisted|p1a: Rotom
|-damage|p1a: Rotom|73/100 tox
|
|-heal|p1a: Rotom|79/100 tox|[from] item: Leftovers
|-damage|p1a: Rotom|73/100 tox|[from] psn
|upkeep
|turn|12
|
|t:|1710369811
|switch|p2a: Wall|Ferrothorn, M|96/100
|-damage|p2a: Wall|90/100|[from] Stealth Rock
|move|p1a: Rotom|Will-O-Wisp|p2a: Wall
|-status|p2a: Wall|brn
|
|-heal|p1a: Rotom|79/100 tox|[from] item: Leftovers
|-heal|p2a: Wall|96/100 brn|[from] item: Leftovers
|-damage|p1a: Rotom|66/100 tox|[from] psn
|-damage|p2a: Wall|84/100 brn|[from] brn
|upkeep
|turn|13
|
|t:|1710369815
|move|p1a: Rotom|Volt Switch|p2a: Wall
|-resisted|p2a: Wall
|-damage|p2a: Wall|74/100 brn
|
|t:|1710369817
|switch|p1a: Heatran|Heatran, F, shiny|6/100|[from] Volt Switch
|move|p2a: Wall|Stealth Rock|p1a: Heatran
|-sidestart|p1: leoperi99|move: Stealth Rock
|
|-heal|p2a: Wall|80/100 brn|[from] item: Leftovers
|-damage|p2a: Wall|67/100 brn|[from] brn
|upkeep
|turn|14
|
|t:|1710369823
|switch|p2a: Squid|Tentacruel, F|39/100
|-damage|p2a: Squid|26/100|[from] Stealth Rock
|move|p1a: Heatran|Sunny Day|p1a: Heatran
|-weather|SunnyDay
|
|-weather|SunnyDay|[upkeep]
|-heal|p2a: Squid|32/100|[from] item: Black Sludge
|upkeep
|turn|15
|
|t:|1710369827
|switch|p1a: Rotom|Rotom-Wash|66/100 tox
|-damage|p1a: Rotom|54/100 tox|[from] Stealth Rock
|move|p2a: Squid|Rapid Spin|p1a: Rotom
|-damage|p1a: Rotom|51/100 tox
|-sideend|p2: rabian|Stealth Rock|[from] move: Rapid Spin|[of] p2a: Squid
|
|-weather|SunnyDay|[upkeep]
|-heal|p2a: Squid|38/100|[from] item: Black Sludge
|-heal|p1a: Rotom|58/100 tox|[from] item: Leftovers
|-damage|p1a: Rotom|51/100 tox|[from] psn
|upkeep
|turn|16
|
|t:|1710369831
|switch|p2a: Look at this boi|Jolteon, M|100/100
|move|p1a: Rotom|Volt Switch|p2a: Look at this boi
|-immune|p2a: Look at this boi|[from] ability: Volt Absorb
|
|-weather|SunnyDay|[upkeep]
|-heal|p1a: Rotom|58/100 tox|[from] item: Leftovers
|-damage|p1a: Rotom|45/100 tox|[from] psn
|upkeep
|turn|17
|
|t:|1710369837
|switch|p1a: Excadrill|Excadrill, M|100/100
|-damage|p1a: Excadrill|97/100|[from] Stealth Rock
|move|p2a: Look at this boi|Hidden Power|p1a: Excadrill
|-damage|p1a: Excadrill|69/100
|
|-weather|SunnyDay|[upkeep]
|-heal|p1a: Excadrill|75/100|[from] item: Leftovers
|upkeep
|turn|18
|
|t:|1710369842
|switch|p2a: Just A Magikarp|Gyarados, F, shiny|100/100
|-ability|p2a: Just A Magikarp|Intimidate|boost
|-unboost|p1a: Excadrill|atk|1
|move|p1a: Excadrill|Rapid Spin|p2a: Just A Magikarp
|-damage|p2a: Just A Magikarp|95/100
|-sideend|p1: leoperi99|Stealth Rock|[from] move: Rapid Spin|[of] p1a: Excadrill
|
|-weather|none
|-heal|p1a: Excadrill|81/100|[from] item: Leftovers
|-heal|p2a: Just A Magikarp|100/100|[from] item: Leftovers
|upkeep
|turn|19
|
|t:|1710369850
|switch|p1a: Rotom|Rotom-Wash|45/100 tox
|move|p2a: Just A Magikarp|Substitute|p2a: Just A Magikarp
|-start|p2a: Just A Magikarp|Substitute
|-damage|p2a: Just A Magikarp|76/100
|
|-heal|p2a: Just A Magikarp|82/100|[from] item: Leftovers
|-heal|p1a: Rotom|51/100 tox|[from] item: Leftovers
|-damage|p1a: Rotom|45/100 tox|[from] psn
|upkeep
|turn|20
|
|t:|1710369852
|move|p2a: Just A Magikarp|Dragon Dance|p2a: Just A Magikarp
|-boost|p2a: Just A Magikarp|atk|1
|-boost|p2a: Just A Magikarp|spe|1
|move|p1a: Rotom|Volt Switch|p2a: Just A Magikarp
|-supereffective|p2a: Just A Magikarp
|-end|p2a: Just A Magikarp|Substitute
|
|t:|1710369856
|switch|p1a: Latios|Latios, M|100/100|[from] Volt Switch
|
|-heal|p2a: Just A Magikarp|88/100|[from] item: Leftovers
|upkeep
|turn|21
|
|t:|1710369860
|switch|p2a: Wall|Ferrothorn, M|67/100 brn
|move|p1a: Latios|Draco Meteor|p2a: Wall
|-resisted|p2a: Wall
|-crit|p2a: Wall
|-damage|p2a: Wall|0 fnt
|-unboost|p1a: Latios|spa|2
|faint|p2a: Wall
|
|upkeep
|
|t:|1710369868
|switch|p2a: Weather Setter|Politoed, F|89/100
|-weather|RainDance|[from] ability: Drizzle|[of] p2a: Weather Setter
|turn|22
|
|t:|1710369874
|switch|p1a: Heatran|Heatran, F, shiny|6/100
|move|p2a: Weather Setter|Toxic|p1a: Heatran
|-immune|p1a: Heatran
|
|-weather|RainDance|[upkeep]
|-heal|p2a: Weather Setter|95/100|[from] item: Leftovers
|upkeep
|turn|23
|
|t:|1710369881
|switch|p2a: Squid|Tentacruel, F|38/100
|move|p1a: Heatran|Sunny Day|p1a: Heatran
|-weather|SunnyDay
|
|-weather|SunnyDay|[upkeep]
|-heal|p2a: Squid|44/100|[from] item: Black Sludge
|upkeep
|turn|24
|
|t:|1710369887
|move|p2a: Squid|Scald|p1a: Heatran
|-supereffective|p1a: Heatran
|-damage|p1a: Heatran|0 fnt
|faint|p1a: Heatran
|
|-weather|SunnyDay|[upkeep]
|-heal|p2a: Squid|50/100|[from] item: Black Sludge
|upkeep
|
|t:|1710369892
|switch|p1a: Tyranitar|Tyranitar, M|100/100
|-weather|Sandstorm|[from] ability: Sand Stream|[of] p1a: Tyranitar
|turn|25
|
|t:|1710369896
|move|p2a: Squid|Toxic|p1a: Tyranitar
|-status|p1a: Tyranitar|tox
|move|p1a: Tyranitar|Pursuit|p2a: Squid
|-damage|p2a: Squid|28/100
|
|-weather|Sandstorm|[upkeep]
|-damage|p2a: Squid|22/100|[from] Sandstorm
|-heal|p2a: Squid|28/100|[from] item: Black Sludge
|-damage|p1a: Tyranitar|94/100 tox|[from] psn
|upkeep
|turn|26
|
|t:|1710369902
|move|p2a: Squid|Scald|p1a: Tyranitar
|-supereffective|p1a: Tyranitar
|-damage|p1a: Tyranitar|73/100 tox
|move|p1a: Tyranitar|Pursuit|p2a: Squid
|-crit|p2a: Squid
|-damage|p2a: Squid|0 fnt
|faint|p2a: Squid
|
|-weather|Sandstorm|[upkeep]
|-damage|p1a: Tyranitar|61/100 tox|[from] psn
|upkeep
|
|t:|1710369908
|switch|p2a: Weather Setter|Politoed, F|95/100
|-weather|RainDance|[from] ability: Drizzle|[of] p2a: Weather Setter
|turn|27
|
|t:|1710369916
|switch|p1a: Latios|Latios, M|100/100
|move|p2a: Weather Setter|Surf|p1a: Latios
|-resisted|p1a: Latios
|-damage|p1a: Latios|79/100
|
|-weather|RainDance|[upkeep]
|-heal|p2a: Weather Setter|100/100|[from] item: Leftovers
|upkeep
|turn|28
|
|t:|1710369922
|move|p2a: Weather Setter|Protect|p2a: Weather Setter
|-singleturn|p2a: Weather Setter|Protect
|move|p1a: Latios|Draco Meteor|p2a: Weather Setter
|-activate|p2a: Weather Setter|move: Protect
|
|-weather|RainDance|[upkeep]
|upkeep
|turn|29
|
|t:|1710369934
|move|p1a: Latios|Draco Meteor|p2a: Weather Setter
|-damage|p2a: Weather Setter|47/100
|-unboost|p1a: Latios|spa|2
|move|p2a: Weather Setter|Toxic|p1a: Latios
|-status|p1a: Latios|tox
|
|-weather|RainDance|[upkeep]
|-heal|p2a: Weather Setter|53/100|[from] item: Leftovers
|-damage|p1a: Latios|73/100 tox|[from] psn
|upkeep
|turn|30
|
|t:|1710369942
|switch|p1a: Tyranitar|Tyranitar, M|61/100 tox
|-weather|Sandstorm|[from] ability: Sand Stream|[of] p1a: Tyranitar
|switch|p2a: Just A Magikarp|Gyarados, F, shiny|88/100
|-ability|p2a: Just A Magikarp|Intimidate|boost
|-unboost|p1a: Tyranitar|atk|1
|
|-weather|Sandstorm|[upkeep]
|-damage|p2a: Just A Magikarp|82/100|[from] Sandstorm
|-heal|p2a: Just A Magikarp|88/100|[from] item: Leftovers
|-damage|p1a: Tyranitar|54/100 tox|[from] psn
|upkeep
|turn|31
|
|t:|1710369945
|move|p2a: Just A Magikarp|Substitute|p2a: Just A Magikarp
|-start|p2a: Just A Magikarp|Substitute
|-damage|p2a: Just A Magikarp|63/100
|move|p1a: Tyranitar|Rock Slide|p2a: Just A Magikarp
|-supereffective|p2a: Just A Magikarp
|-end|p2a: Just A Magikarp|Substitute
|
|-weather|Sandstorm|[upkeep]
|-damage|p2a: Just A Magikarp|57/100|[from] Sandstorm
|-heal|p2a: Just A Magikarp|63/100|[from] item: Leftovers
|-damage|p1a: Tyranitar|42/100 tox|[from] psn
|upkeep
|turn|32
|
|t:|1710369950
|move|p2a: Just A Magikarp|Waterfall|p1a: Tyranitar
|-supereffective|p1a: Tyranitar
|-damage|p1a: Tyranitar|0 fnt
|faint|p1a: Tyranitar
|
|-weather|Sandstorm|[upkeep]
|-damage|p2a: Just A Magikarp|57/100|[from] Sandstorm
|-heal|p2a: Just A Magikarp|63/100|[from] item: Leftovers
|upkeep
|
|t:|1710369953
|switch|p1a: Rotom|Rotom-Wash|45/100 tox
|turn|33
|
|t:|1710369959
|switch|p2a: Weather Setter|Politoed, F|53/100
|-weather|RainDance|[from] ability: Drizzle|[of] p2a: Weather Setter
|move|p1a: Rotom|Pain Split|p2a: Weather Setter
|-sethp|p2a: Weather Setter|45/100|[from] move: Pain Split|[silent]
|-sethp|p1a: Rotom|56/100 tox|[from] move: Pain Split
|
|-weather|RainDance|[upkeep]
|-heal|p1a: Rotom|62/100 tox|[from] item: Leftovers
|-heal|p2a: Weather Setter|51/100|[from] item: Leftovers
|-damage|p1a: Rotom|56/100 tox|[from] psn
|upkeep
|turn|34
|
|t:|1710369965
|move|p2a: Weather Setter|Protect|p2a: Weather Setter
|-singleturn|p2a: Weather Setter|Protect
|move|p1a: Rotom|Volt Switch|p2a: Weather Setter
|-activate|p2a: Weather Setter|move: Protect
|
|-weather|RainDance|[upkeep]
|-heal|p1a: Rotom|62/100 tox|[from] item: Leftovers
|-heal|p2a: Weather Setter|57/100|[from] item: Leftovers
|-damage|p1a: Rotom|50/100 tox|[from] psn
|upkeep
|turn|35
|
|t:|1710369980
|move|p1a: Rotom|Volt Switch|p2a: Weather Setter
|-supereffective|p2a: Weather Setter
|-damage|p2a: Weather Setter|23/100
|
|t:|1710369983
|switch|p1a: Latios|Latios, M|73/100 tox|[from] Volt Switch
|move|p2a: Weather Setter|Ice Beam|p1a: Latios
|-supereffective|p1a: Latios
|-damage|p1a: Latios|33/100 tox
|
|-weather|RainDance|[upkeep]
|-heal|p2a: Weather Setter|29/100|[from] item: Leftovers
|-damage|p1a: Latios|27/100 tox|[from] psn
|upkeep
|turn|36
|
|t:|1710369992
|move|p2a: Weather Setter|Protect|p2a: Weather Setter
|-singleturn|p2a: Weather Setter|Protect
|move|p1a: Latios|Draco Meteor|p2a: Weather Setter
|-activate|p2a: Weather Setter|move: Protect
|
|-weather|RainDance|[upkeep]
|-heal|p2a: Weather Setter|35/100|[from] item: Leftovers
|-damage|p1a: Latios|15/100 tox|[from] psn
|upkeep
|turn|37
|
|t:|1710369997
|move|p1a: Latios|Draco Meteor|p2a: Weather Setter
|-crit|p2a: Weather Setter
|-damage|p2a: Weather Setter|0 fnt
|-unboost|p1a: Latios|spa|2
|faint|p2a: Weather Setter
|
|-weather|RainDance|[upkeep]
|-damage|p1a: Latios|0 fnt|[from] psn
|faint|p1a: Latios
|upkeep
|
|t:|1710370008
|switch|p1a: Landorus|Landorus-Therian, M|68/100
|switch|p2a: Just A Magikarp|Gyarados, F, shiny|63/100
|-ability|p1a: Landorus|Intimidate|boost
|-unboost|p2a: Just A Magikarp|atk|1
|-ability|p2a: Just A Magikarp|Intimidate|boost
|-unboost|p1a: Landorus|atk|1
|turn|38
|
|t:|1710370015
|move|p1a: Landorus|U-turn|p2a: Just A Magikarp
|-resisted|p2a: Just A Magikarp
|-damage|p2a: Just A Magikarp|55/100
|
|t:|1710370017
|switch|p1a: Rotom|Rotom-Wash|50/100 tox|[from] U-turn
|move|p2a: Just A Magikarp|Substitute|p2a: Just A Magikarp
|-start|p2a: Just A Magikarp|Substitute
|-damage|p2a: Just A Magikarp|30/100
|
|-weather|RainDance|[upkeep]
|-heal|p2a: Just A Magikarp|36/100|[from] item: Leftovers
|-heal|p1a: Rotom|56/100 tox|[from] item: Leftovers
|-damage|p1a: Rotom|50/100 tox|[from] psn
|upkeep
|turn|39
|
|t:|1710370023
|move|p2a: Just A Magikarp|Waterfall|p1a: Rotom
|-resisted|p1a: Rotom
|-damage|p1a: Rotom|35/100 tox
|move|p1a: Rotom|Volt Switch|p2a: Just A Magikarp
|-supereffective|p2a: Just A Magikarp
|-end|p2a: Just A Magikarp|Substitute
|
|t:|1710370027
|switch|p1a: Excadrill|Excadrill, M|81/100|[from] Volt Switch
|
|-weather|RainDance|[upkeep]
|-heal|p1a: Excadrill|87/100|[from] item: Leftovers
|-heal|p2a: Just A Magikarp|42/100|[from] item: Leftovers
|upkeep
|turn|40
|
|t:|1710370031
|move|p1a: Excadrill|Iron Head|p2a: Just A Magikarp
|-resisted|p2a: Just A Magikarp
|-damage|p2a: Just A Magikarp|17/100
|move|p2a: Just A Magikarp|Waterfall|p1a: Excadrill
|-supereffective|p1a: Excadrill
|-damage|p1a: Excadrill|0 fnt
|faint|p1a: Excadrill
|
|-weather|RainDance|[upkeep]
|-heal|p2a: Just A Magikarp|23/100|[from] item: Leftovers
|upkeep
|
|t:|1710370034
|switch|p1a: Rotom|Rotom-Wash|35/100 tox
|turn|41
|
|t:|1710370043
|move|p2a: Just A Magikarp|Waterfall|p1a: Rotom
|-resisted|p1a: Rotom
|-damage|p1a: Rotom|20/100 tox
|move|p1a: Rotom|Hydro Pump|p2a: Just A Magikarp
|-resisted|p2a: Just A Magikarp
|-damage|p2a: Just A Magikarp|0 fnt
|faint|p2a: Just A Magikarp
|
|-weather|RainDance|[upkeep]
|-heal|p1a: Rotom|26/100 tox|[from] item: Leftovers
|-damage|p1a: Rotom|20/100 tox|[from] psn
|upkeep
|
|t:|1710370049
|switch|p2a: Trans Flag|Toxicroak, F, shiny|100/100
|turn|42
|
|t:|1710370057
|move|p2a: Trans Flag|Poison Jab|p1a: Rotom
|-damage|p1a: Rotom|0 fnt
|faint|p1a: Rotom
|
|-weather|RainDance|[upkeep]
|upkeep
|
|t:|1710370059
|switch|p1a: Landorus|Landorus-Therian, M|68/100
|-ability|p1a: Landorus|Intimidate|boost
|-unboost|p2a: Trans Flag|atk|1
|turn|43
|
|t:|1710370063
|move|p1a: Landorus|Earthquake|p2a: Trans Flag
|-supereffective|p2a: Trans Flag
|-enditem|p2a: Trans Flag|Focus Sash
|-damage|p2a: Trans Flag|1/100
|move|p2a: Trans Flag|Poison Jab|p1a: Landorus
|-resisted|p1a: Landorus
|-damage|p1a: Landorus|53/100
|
|-weather|RainDance|[upkeep]
|-heal|p2a: Trans Flag|13/100|[from] ability: Dry Skin
|upkeep
|turn|44
|
|t:|1710370071
|move|p2a: Trans Flag|Sucker Punch|p1a: Landorus
|-damage|p1a: Landorus|36/100
|move|p1a: Landorus|Earthquake|p2a: Trans Flag
|-supereffective|p2a: Trans Flag
|-damage|p2a: Trans Flag|0 fnt
|faint|p2a: Trans Flag
|
|-weather|RainDance|[upkeep]
|upkeep
|c|☆rabian|gg
|
|t:|1710370075
|switch|p2a: Look at this boi|Jolteon, M|100/100
|turn|45
|c|☆leoperi99|gg
|
|t:|1710370077
|move|p2a: Look at this boi|Hidden Power|p1a: Landorus
|-supereffective|p1a: Landorus
|-damage|p1a: Landorus|0 fnt
|faint|p1a: Landorus
|
|win|rabian
|raw|leoperi99's rating: 1473 &rarr; <strong>1452</strong><br />(-21 for losing)
|raw|rabian's rating: 1453 &rarr; <strong>1474</strong><br />(+21 for winning)
|c|☆leoperi99|wow
|c|☆leoperi99|scarf
|c|☆rabian|yup
|c|☆leoperi99|thats wild
|c|☆rabian|ye
|l|☆leoperi99
|player|p1|
|l|☆rabian
|player|p2|
