|j|☆Crimsonbacon38
|j|☆Clawdia Chauchat
|t:|1705936696
|gametype|singles
|player|p1|Crimsonbacon38|266|1258
|player|p2|Clawdia Chauchat|winona|1452
|teamsize|p1|6
|teamsize|p2|6
|gen|5
|tier|[Gen 5] OU
|rated|
|rule|Species Clause: Limit one of each Pokémon
|rule|OHKO Clause: OHKO moves are banned
|rule|Moody Clause: Moody is banned
|rule|Evasion Items Clause: Evasion items are banned
|rule|Evasion Moves Clause: Evasion moves are banned
|rule|Endless Battle Clause: Forcing endless battles is banned
|rule|HP Percentage Mod: HP is shown in percentages
|rule|Evasion Abilities Clause: Evasion abilities are banned
|rule|Sleep Moves Clause: Sleep-inducing moves are banned
|rule|Swagger Clause: Swagger is banned
|rule|Baton Pass Stat Clause: No Baton Passer may have a way to boost its stats
|clearpoke
|poke|p1|Politoed, M|item
|poke|p1|Ferrothorn, M|item
|poke|p1|Starmie|item
|poke|p1|Latios, M|item
|poke|p1|Keldeo|item
|poke|p1|Garchomp, F|item
|poke|p2|Aerodactyl, M|item
|poke|p2|Excadrill, F|item
|poke|p2|Tyranitar, F|item
|poke|p2|Keldeo|item
|poke|p2|Skarmory, M|item
|poke|p2|Celebi|item
|teampreview
|
|t:|1705936735
|start
|switch|p1a: Politoed|Politoed, M|100/100
|switch|p2a: Diogenes|Tyranitar, F, shiny|100/100
|-weather|RainDance|[from] ability: Drizzle|[of] p1a: Politoed
|-weather|Sandstorm|[from] ability: Sand Stream|[of] p2a: Diogenes
|turn|1
|
|t:|1705936758
|switch|p1a: Ferrothorn|Ferrothorn, M|100/100
|switch|p2a: Celebi|Celebi|100/100
|
|-weather|Sandstorm|[upkeep]
|-damage|p2a: Celebi|94/100|[from] Sandstorm
|-heal|p2a: Celebi|100/100|[from] item: Leftovers
|upkeep
|turn|2
|
|t:|1705936765
|move|p2a: Celebi|Thunder Wave|p1a: Ferrothorn
|-status|p1a: Ferrothorn|par
|move|p1a: Ferrothorn|Stealth Rock|p2a: Celebi
|-sidestart|p2: Clawdia Chauchat|move: Stealth Rock
|
|-weather|Sandstorm|[upkeep]
|-damage|p2a: Celebi|94/100|[from] Sandstorm
|-heal|p2a: Celebi|100/100|[from] item: Leftovers
|upkeep
|turn|3
|
|t:|1705936767
|move|p2a: Celebi|Stealth Rock|p1a: Ferrothorn
|-sidestart|p1: Crimsonbacon38|move: Stealth Rock
|move|p1a: Ferrothorn|Gyro Ball|p2a: Celebi
|-damage|p2a: Celebi|57/100
|
|-weather|Sandstorm|[upkeep]
|-damage|p2a: Celebi|51/100|[from] Sandstorm
|-heal|p2a: Celebi|57/100|[from] item: Leftovers
|upkeep
|turn|4
|
|t:|1705936773
|move|p2a: Celebi|Recover|p2a: Celebi
|-heal|p2a: Celebi|100/100
|move|p1a: Ferrothorn|Spikes|p2a: Celebi
|-sidestart|p2: Clawdia Chauchat|Spikes
|
|-weather|Sandstorm|[upkeep]
|-damage|p2a: Celebi|94/100|[from] Sandstorm
|-heal|p2a: Celebi|100/100|[from] item: Leftovers
|upkeep
|turn|5
|
|t:|1705936779
|switch|p2a: Back From The Dead|Excadrill, F|100/100
|-damage|p2a: Back From The Dead|98/100|[from] Stealth Rock
|-damage|p2a: Back From The Dead|85/100|[from] Spikes
|switch|p1a: Politoed|Politoed, M|100/100
|-damage|p1a: Politoed|88/100|[from] Stealth Rock
|-weather|RainDance|[from] ability: Drizzle|[of] p1a: Politoed
|
|-weather|RainDance|[upkeep]
|-heal|p2a: Back From The Dead|91/100|[from] item: Leftovers
|-heal|p1a: Politoed|94/100|[from] item: Leftovers
|upkeep
|turn|6
|
|t:|1705936806
|move|p2a: Back From The Dead|Rapid Spin|p1a: Politoed
|-damage|p1a: Politoed|89/100
|-sideend|p2: Clawdia Chauchat|Spikes|[from] move: Rapid Spin|[of] p2a: Back From The Dead
|-sideend|p2: Clawdia Chauchat|Stealth Rock|[from] move: Rapid Spin|[of] p2a: Back From The Dead
|move|p1a: Politoed|Scald|p2a: Back From The Dead
|-supereffective|p2a: Back From The Dead
|-damage|p2a: Back From The Dead|1/100
|-status|p2a: Back From The Dead|brn
|
|-weather|RainDance|[upkeep]
|-heal|p2a: Back From The Dead|7/100 brn|[from] item: Leftovers
|-heal|p1a: Politoed|95/100|[from] item: Leftovers
|-damage|p2a: Back From The Dead|0 fnt|[from] brn
|faint|p2a: Back From The Dead
|upkeep
|
|t:|1705936813
|switch|p2a: Diogenes|Tyranitar, F, shiny|100/100
|-weather|Sandstorm|[from] ability: Sand Stream|[of] p2a: Diogenes
|turn|7
|
|t:|1705936824
|switch|p2a: Cross The Sea|Keldeo|100/100
|move|p1a: Politoed|Scald|p2a: Cross The Sea
|-resisted|p2a: Cross The Sea
|-damage|p2a: Cross The Sea|86/100
|-status|p2a: Cross The Sea|brn
|
|-weather|Sandstorm|[upkeep]
|-damage|p2a: Cross The Sea|80/100 brn|[from] Sandstorm
|-damage|p1a: Politoed|89/100|[from] Sandstorm
|-heal|p2a: Cross The Sea|86/100 brn|[from] item: Leftovers
|-heal|p1a: Politoed|95/100|[from] item: Leftovers
|-damage|p2a: Cross The Sea|73/100 brn|[from] brn
|upkeep
|turn|8
|
|t:|1705936833
|switch|p2a: Diogenes|Tyranitar, F, shiny|100/100
|move|p1a: Politoed|Protect||[still]
|-fail|p1a: Politoed
|
|-weather|Sandstorm|[upkeep]
|-damage|p1a: Politoed|89/100|[from] Sandstorm
|-heal|p1a: Politoed|95/100|[from] item: Leftovers
|upkeep
|turn|9
|
|t:|1705936836
|move|p1a: Politoed|Scald|p2a: Diogenes
|-supereffective|p2a: Diogenes
|-damage|p2a: Diogenes|78/100
|move|p2a: Diogenes|Crunch|p1a: Politoed
|-damage|p1a: Politoed|66/100
|
|-weather|Sandstorm|[upkeep]
|-damage|p1a: Politoed|60/100|[from] Sandstorm
|-heal|p1a: Politoed|66/100|[from] item: Leftovers
|upkeep
|turn|10
|
|t:|1705936843
|switch|p2a: Celebi|Celebi|100/100
|move|p1a: Politoed|Scald|p2a: Celebi
|-resisted|p2a: Celebi
|-damage|p2a: Celebi|93/100
|-status|p2a: Celebi|brn
|
|-weather|Sandstorm|[upkeep]
|-damage|p2a: Celebi|87/100 brn|[from] Sandstorm
|-damage|p1a: Politoed|60/100|[from] Sandstorm
|-heal|p2a: Celebi|93/100 brn|[from] item: Leftovers
|-heal|p1a: Politoed|66/100|[from] item: Leftovers
|-damage|p2a: Celebi|81/100 brn|[from] brn
|upkeep
|turn|11
|c|☆Crimsonbacon38|Bro that’s my bad
|c|☆Crimsonbacon38|three scald burns is cray
|
|t:|1705936861
|-curestatus|p2a: Celebi|brn|[from] ability: Natural Cure
|switch|p2a: Sidi H'bibi|Skarmory, M, shiny|100/100
|switch|p1a: Ferrothorn|Ferrothorn, M|100/100 par
|-damage|p1a: Ferrothorn|94/100 par|[from] Stealth Rock
|
|-weather|Sandstorm|[upkeep]
|-heal|p1a: Ferrothorn|100/100 par|[from] item: Leftovers
|upkeep
|turn|12
|
|t:|1705936867
|move|p2a: Sidi H'bibi|Spikes|p1a: Ferrothorn
|-sidestart|p1: Crimsonbacon38|Spikes
|move|p1a: Ferrothorn|Stealth Rock|p2a: Sidi H'bibi
|-sidestart|p2: Clawdia Chauchat|move: Stealth Rock
|
|-weather|Sandstorm|[upkeep]
|upkeep
|turn|13
|
|t:|1705936872
|move|p1a: Ferrothorn|Knock Off|p2a: Sidi H'bibi
|-resisted|p2a: Sidi H'bibi
|-damage|p2a: Sidi H'bibi|99/100
|-enditem|p2a: Sidi H'bibi|Leftovers|[from] move: Knock Off|[of] p1a: Ferrothorn
|move|p2a: Sidi H'bibi|Whirlwind|p1a: Ferrothorn
|drag|p1a: Starmie|Starmie|100/100
|-damage|p1a: Starmie|88/100|[from] Stealth Rock
|-item|p1a: Starmie|Air Balloon
|
|-weather|Sandstorm|[upkeep]
|-damage|p1a: Starmie|82/100|[from] Sandstorm
|upkeep
|turn|14
|
|t:|1705936881
|move|p1a: Starmie|Thunder|p2a: Sidi H'bibi
|-supereffective|p2a: Sidi H'bibi
|-damage|p2a: Sidi H'bibi|2/100
|-status|p2a: Sidi H'bibi|par
|move|p2a: Sidi H'bibi|Brave Bird|p1a: Starmie
|-damage|p1a: Starmie|30/100
|-enditem|p1a: Starmie|Air Balloon
|-damage|p2a: Sidi H'bibi|0 fnt|[from] Recoil
|faint|p2a: Sidi H'bibi
|
|-weather|Sandstorm|[upkeep]
|-damage|p1a: Starmie|24/100|[from] Sandstorm
|upkeep
|
|t:|1705936895
|switch|p2a: Rather Ripped|Aerodactyl, M|100/100
|-damage|p2a: Rather Ripped|76/100|[from] Stealth Rock
|-ability|p2a: Rather Ripped|Pressure
|turn|15
|
|t:|1705936899
|move|p2a: Rather Ripped|Pursuit|p1a: Starmie
|-supereffective|p1a: Starmie
|-damage|p1a: Starmie|0 fnt
|faint|p1a: Starmie
|
|-weather|Sandstorm|[upkeep]
|-heal|p2a: Rather Ripped|82/100|[from] item: Leftovers
|upkeep
|
|t:|1705936911
|switch|p1a: Keldeo|Keldeo|100/100
|-damage|p1a: Keldeo|94/100|[from] Stealth Rock
|-damage|p1a: Keldeo|82/100|[from] Spikes
|turn|16
|
|t:|1705936940
|switch|p2a: Celebi|Celebi|81/100
|-damage|p2a: Celebi|69/100|[from] Stealth Rock
|move|p1a: Keldeo|Hidden Power|p2a: Celebi
|-supereffective|p2a: Celebi
|-damage|p2a: Celebi|39/100
|
|-weather|Sandstorm|[upkeep]
|-damage|p1a: Keldeo|76/100|[from] Sandstorm
|-damage|p2a: Celebi|33/100|[from] Sandstorm
|-heal|p2a: Celebi|39/100|[from] item: Leftovers
|upkeep
|turn|17
|
|t:|1705936948
|switch|p1a: Latios|Latios, M|100/100
|-damage|p1a: Latios|88/100|[from] Stealth Rock
|move|p2a: Celebi|Recover|p2a: Celebi
|-heal|p2a: Celebi|89/100
|
|-weather|Sandstorm|[upkeep]
|-damage|p1a: Latios|82/100|[from] Sandstorm
|-damage|p2a: Celebi|83/100|[from] Sandstorm
|-heal|p2a: Celebi|89/100|[from] item: Leftovers
|upkeep
|turn|18
|
|t:|1705936968
|switch|p1a: Garchomp|Garchomp, F|100/100
|-damage|p1a: Garchomp|94/100|[from] Stealth Rock
|-damage|p1a: Garchomp|82/100|[from] Spikes
|switch|p2a: Diogenes|Tyranitar, F, shiny|78/100
|-damage|p2a: Diogenes|65/100|[from] Stealth Rock
|
|-weather|Sandstorm|[upkeep]
|upkeep
|turn|19
|
|t:|1705936975
|move|p1a: Garchomp|Outrage|p2a: Diogenes
|-damage|p2a: Diogenes|0 fnt
|faint|p2a: Diogenes
|
|-weather|Sandstorm|[upkeep]
|upkeep
|
|t:|1705936988
|switch|p2a: Rather Ripped|Aerodactyl, M|82/100
|-damage|p2a: Rather Ripped|57/100|[from] Stealth Rock
|-ability|p2a: Rather Ripped|Pressure
|turn|20
|
|t:|1705936990
|move|p2a: Rather Ripped|Toxic|p1a: Garchomp
|-status|p1a: Garchomp|tox
|move|p1a: Garchomp|Outrage|p2a: Rather Ripped|[from]lockedmove
|-crit|p2a: Rather Ripped
|-damage|p2a: Rather Ripped|0 fnt
|faint|p2a: Rather Ripped
|
|-weather|Sandstorm|[upkeep]
|-damage|p1a: Garchomp|76/100 tox|[from] psn
|upkeep
|
|t:|1705936994
|switch|p2a: Celebi|Celebi|89/100
|-damage|p2a: Celebi|77/100|[from] Stealth Rock
|turn|21
|
|t:|1705936996
|move|p1a: Garchomp|Outrage|p2a: Celebi|[from]lockedmove
|-damage|p2a: Celebi|0 fnt
|faint|p2a: Celebi
|-start|p1a: Garchomp|confusion|[fatigue]
|
|-weather|Sandstorm|[upkeep]
|-damage|p1a: Garchomp|64/100 tox|[from] psn
|upkeep
|-message|Clawdia Chauchat forfeited.
|
|win|Crimsonbacon38
|raw|Crimsonbacon38's rating: 1258 &rarr; <strong>1297</strong><br />(+39 for winning)
|raw|Clawdia Chauchat's rating: 1476 &rarr; <strong>1445</strong><br />(-31 for losing)
|l|☆Clawdia Chauchat
|player|p2|
