|j|☆MovieOfConke
|j|☆bbqsauceenjoyer
|t:|1708425630
|gametype|singles
|player|p1|MovieOfConke|miku-water|1531
|player|p2|bbqsauceenjoyer|170|1291
|teamsize|p1|6
|teamsize|p2|6
|gen|5
|tier|[Gen 5] OU
|rated|
|rule|Species Clause: Limit one of each Pokémon
|rule|OHKO Clause: OHKO moves are banned
|rule|Moody Clause: Moody is banned
|rule|Evasion Items Clause: Evasion items are banned
|rule|Evasion Moves Clause: Evasion moves are banned
|rule|Endless Battle Clause: Forcing endless battles is banned
|rule|HP Percentage Mod: HP is shown in percentages
|rule|Evasion Abilities Clause: Evasion abilities are banned
|rule|Sleep Moves Clause: Sleep-inducing moves are banned
|rule|Swagger Clause: Swagger is banned
|rule|Baton Pass Stat Clause: No Baton Passer may have a way to boost its stats
|clearpoke
|poke|p1|Abomasnow, M|item
|poke|p1|Mamoswine, F|item
|poke|p1|Cloyster, M|item
|poke|p1|Salamence, M|item
|poke|p1|Starmie|item
|poke|p1|Jirachi|item
|poke|p2|Mew|item
|poke|p2|Landorus-Therian, M|item
|poke|p2|Empoleon, M|item
|poke|p2|Starmie|item
|poke|p2|Dragonite, M|item
|poke|p2|Volcarona, F|item
|teampreview
|inactive|Battle timer is ON: inactive players will automatically lose when time's up. (requested by MovieOfConke)
|c|☆bbqsauceenjoyer|gl hf
|c|☆MovieOfConke|gl hf
|
|t:|1708425656
|start
|switch|p1a: Jirachi|Jirachi|100/100
|switch|p2a: Landorus|Landorus-Therian, M|100/100
|-ability|p2a: Landorus|Intimidate|boost
|-unboost|p1a: Jirachi|atk|1
|turn|1
|
|t:|1708425671
|switch|p1a: Cloyster|Cloyster, M|100/100
|move|p2a: Landorus|Earthquake|p1a: Cloyster
|-damage|p1a: Cloyster|49/100
|
|upkeep
|turn|2
|
|t:|1708425677
|switch|p1a: Salamence|Salamence, M|100/100
|move|p2a: Landorus|Earthquake|p1a: Salamence
|-immune|p1a: Salamence
|
|upkeep
|turn|3
|
|t:|1708425686
|move|p1a: Salamence|Earthquake|p2a: Landorus
|-immune|p2a: Landorus
|move|p2a: Landorus|Stealth Rock|p1a: Salamence
|-sidestart|p1: MovieOfConke|move: Stealth Rock
|
|upkeep
|turn|4
|
|t:|1708425693
|switch|p1a: Abomasnow|Abomasnow, M, shiny|100/100
|-damage|p1a: Abomasnow|76/100|[from] Stealth Rock
|-weather|Hail|[from] ability: Snow Warning|[of] p1a: Abomasnow
|move|p2a: Landorus|Explosion|p1a: Abomasnow
|-damage|p1a: Abomasnow|0 fnt
|faint|p2a: Landorus
|faint|p1a: Abomasnow
|
|-weather|Hail|[upkeep]
|upkeep
|
|t:|1708425713
|switch|p2a: Mew|Mew|100/100
|switch|p1a: Jirachi|Jirachi|100/100
|-damage|p1a: Jirachi|94/100|[from] Stealth Rock
|turn|5
|
|t:|1708425719
|move|p2a: Mew|Nasty Plot|p2a: Mew
|-boost|p2a: Mew|spa|2
|move|p1a: Jirachi|Stealth Rock|p2a: Mew
|-sidestart|p2: bbqsauceenjoyer|move: Stealth Rock
|
|-weather|Hail|[upkeep]
|-damage|p2a: Mew|94/100|[from] Hail
|-damage|p1a: Jirachi|88/100|[from] Hail
|upkeep
|turn|6
|
|t:|1708425724
|move|p2a: Mew|Focus Blast|p1a: Jirachi|[miss]
|-miss|p2a: Mew|p1a: Jirachi
|move|p1a: Jirachi|Body Slam|p2a: Mew
|-damage|p2a: Mew|75/100
|
|-weather|Hail|[upkeep]
|-damage|p2a: Mew|69/100|[from] Hail
|-damage|p1a: Jirachi|82/100|[from] Hail
|upkeep
|turn|7
|j| SKT T1 Motherfaker
|
|t:|1708425728
|move|p2a: Mew|Focus Blast|p1a: Jirachi
|-damage|p1a: Jirachi|32/100
|move|p1a: Jirachi|Body Slam|p2a: Mew
|-damage|p2a: Mew|49/100
|-status|p2a: Mew|par
|-activate|p2a: Mew|ability: Synchronize
|-status|p1a: Jirachi|par
|
|-weather|Hail|[upkeep]
|-damage|p2a: Mew|43/100 par|[from] Hail
|-damage|p1a: Jirachi|26/100 par|[from] Hail
|upkeep
|turn|8
|
|t:|1708425737
|move|p2a: Mew|Soft-Boiled|p2a: Mew
|-heal|p2a: Mew|93/100 par
|move|p1a: Jirachi|Healing Wish|p1a: Jirachi
|faint|p1a: Jirachi
|
|-weather|Hail|[upkeep]
|-damage|p2a: Mew|87/100 par|[from] Hail
|upkeep
|
|t:|1708425739
|switch|p1a: Cloyster|Cloyster, M|49/100
|-heal|p1a: Cloyster|100/100|[from] move: Healing Wish
|-damage|p1a: Cloyster|76/100|[from] Stealth Rock
|turn|9
|
|t:|1708425747
|move|p1a: Cloyster|Icicle Spear|p2a: Mew
|-damage|p2a: Mew|75/100 par
|-damage|p2a: Mew|62/100 par
|-damage|p2a: Mew|49/100 par
|-damage|p2a: Mew|35/100 par
|-damage|p2a: Mew|23/100 par
|-hitcount|p2a: Mew|5
|move|p2a: Mew|Psychic|p1a: Cloyster
|-damage|p1a: Cloyster|0 fnt
|faint|p1a: Cloyster
|
|-weather|Hail|[upkeep]
|-damage|p2a: Mew|17/100 par|[from] Hail
|upkeep
|
|t:|1708425750
|switch|p1a: Mamoswine|Mamoswine, F|100/100
|-damage|p1a: Mamoswine|88/100|[from] Stealth Rock
|turn|10
|
|t:|1708425753
|move|p1a: Mamoswine|Substitute|p1a: Mamoswine
|-start|p1a: Mamoswine|Substitute
|-damage|p1a: Mamoswine|63/100
|move|p2a: Mew|Psychic|p1a: Mamoswine
|-end|p1a: Mamoswine|Substitute
|
|-weather|Hail|[upkeep]
|-damage|p2a: Mew|10/100 par|[from] Hail
|upkeep
|turn|11
|
|t:|1708425757
|move|p1a: Mamoswine|Ice Shard|p2a: Mew
|-crit|p2a: Mew
|-damage|p2a: Mew|0 fnt
|faint|p2a: Mew
|
|-weather|Hail|[upkeep]
|upkeep
|
|t:|1708425761
|switch|p2a: Starmie|Starmie|100/100
|-damage|p2a: Starmie|88/100|[from] Stealth Rock
|-item|p2a: Starmie|Air Balloon
|turn|12
|
|t:|1708425768
|switch|p1a: Starmie|Starmie|100/100
|-damage|p1a: Starmie|88/100|[from] Stealth Rock
|-item|p1a: Starmie|Air Balloon
|move|p2a: Starmie|Rapid Spin|p1a: Starmie
|-damage|p1a: Starmie|83/100
|-enditem|p1a: Starmie|Air Balloon
|-sideend|p2: bbqsauceenjoyer|Stealth Rock|[from] move: Rapid Spin|[of] p2a: Starmie
|
|-weather|Hail|[upkeep]
|-damage|p2a: Starmie|82/100|[from] Hail
|-damage|p1a: Starmie|77/100|[from] Hail
|upkeep
|turn|13
|
|t:|1708425772
|move|p2a: Starmie|Thunder|p1a: Starmie
|-supereffective|p1a: Starmie
|-damage|p1a: Starmie|0 fnt
|faint|p1a: Starmie
|
|-weather|Hail|[upkeep]
|-damage|p2a: Starmie|76/100|[from] Hail
|upkeep
|
|t:|1708425776
|switch|p1a: Salamence|Salamence, M|100/100
|-damage|p1a: Salamence|76/100|[from] Stealth Rock
|turn|14
|
|t:|1708425782
|move|p1a: Salamence|Outrage|p2a: Starmie
|-damage|p2a: Starmie|0 fnt
|-enditem|p2a: Starmie|Air Balloon
|faint|p2a: Starmie
|-ability|p1a: Salamence|Moxie|boost
|-boost|p1a: Salamence|atk|1
|
|-weather|Hail|[upkeep]
|-damage|p1a: Salamence|70/100|[from] Hail
|upkeep
|
|t:|1708425785
|switch|p2a: Empoleon|Empoleon, M|100/100
|turn|15
|
|t:|1708425789
|move|p1a: Salamence|Outrage|p2a: Empoleon|[from]lockedmove
|-resisted|p2a: Empoleon
|-damage|p2a: Empoleon|45/100
|move|p2a: Empoleon|Ice Beam|p1a: Salamence
|-supereffective|p1a: Salamence
|-damage|p1a: Salamence|0 fnt
|faint|p1a: Salamence
|
|-weather|Hail|[upkeep]
|-damage|p2a: Empoleon|39/100|[from] Hail
|upkeep
|
|t:|1708425792
|switch|p1a: Mamoswine|Mamoswine, F|63/100
|-damage|p1a: Mamoswine|51/100|[from] Stealth Rock
|turn|16
|
|t:|1708425796
|move|p1a: Mamoswine|Earthquake|p2a: Empoleon
|-supereffective|p2a: Empoleon
|-damage|p2a: Empoleon|0 fnt
|faint|p2a: Empoleon
|
|-weather|Hail|[upkeep]
|upkeep
|
|t:|1708425800
|switch|p2a: Volcarona|Volcarona, F|100/100
|turn|17
|
|t:|1708425803
|move|p2a: Volcarona|Bug Buzz|p1a: Mamoswine
|-damage|p1a: Mamoswine|0 fnt
|faint|p1a: Mamoswine
|
|win|bbqsauceenjoyer
|raw|MovieOfConke's rating: 1531 &rarr; <strong>1499</strong><br />(-32 for losing)
|raw|bbqsauceenjoyer's rating: 1291 &rarr; <strong>1331</strong><br />(+40 for winning)
|c|☆bbqsauceenjoyer|gg
|l|☆MovieOfConke
|player|p1|
|l|☆bbqsauceenjoyer
|player|p2|
