|j|☆dvdalt
|j|☆ddfghhjdd
|t:|1718661841
|gametype|singles
|player|p1|dvdalt|101|1349
|player|p2|ddfghhjdd|266|1421
|teamsize|p1|6
|teamsize|p2|6
|gen|5
|tier|[Gen 5] OU
|rated|
|rule|Species Clause: Limit one of each Pokémon
|rule|OHKO Clause: OHKO moves are banned
|rule|Moody Clause: Moody is banned
|rule|Evasion Items Clause: Evasion items are banned
|rule|Evasion Moves Clause: Evasion moves are banned
|rule|Endless Battle Clause: Forcing endless battles is banned
|rule|HP Percentage Mod: HP is shown in percentages
|rule|Evasion Abilities Clause: Evasion abilities are banned
|rule|Sleep Moves Clause: Sleep-inducing moves are banned
|rule|Swagger Clause: Swagger is banned
|rule|Baton Pass Stat Clause: No Baton Passer may have a way to boost its stats
|clearpoke
|poke|p1|Politoed, M|item
|poke|p1|Ferrothorn, M|item
|poke|p1|Tentacruel, F|item
|poke|p1|Thundurus-Therian, M|item
|poke|p1|Scizor, F|item
|poke|p1|Volcarona, M|item
|poke|p2|Azelf|item
|poke|p2|Celebi|item
|poke|p2|Heatran, M|item
|poke|p2|Breloom, F|item
|poke|p2|Dragonite, F|item
|poke|p2|Excadrill, F|item
|teampreview
|c|☆dvdalt|glhf!
|
|t:|1718661851
|start
|switch|p1a: Scizor|Scizor, F|100/100
|switch|p2a: Azelf|Azelf|100/100
|turn|1
|
|t:|1718661855
|switch|p2a: Heatran|Heatran, M|100/100
|switch|p1a: Politoed|Politoed, M|100/100
|-weather|RainDance|[from] ability: Drizzle|[of] p1a: Politoed
|
|-weather|RainDance|[upkeep]
|upkeep
|turn|2
|
|t:|1718661858
|switch|p2a: Celebi|Celebi|100/100
|move|p1a: Politoed|Scald|p2a: Celebi
|-resisted|p2a: Celebi
|-damage|p2a: Celebi|88/100
|
|-weather|RainDance|[upkeep]
|-heal|p2a: Celebi|95/100|[from] item: Leftovers
|upkeep
|turn|3
|
|t:|1718661862
|switch|p1a: Scizor|Scizor, F|100/100
|move|p2a: Celebi|Baton Pass|p2a: Celebi
|
|t:|1718661864
|switch|p2a: Heatran|Heatran, M|100/100|[from] Baton Pass
|
|-weather|RainDance|[upkeep]
|upkeep
|turn|4
|
|t:|1718661867
|move|p2a: Heatran|Substitute|p2a: Heatran
|-start|p2a: Heatran|Substitute
|-damage|p2a: Heatran|76/100
|move|p1a: Scizor|Superpower|p2a: Heatran
|-supereffective|p2a: Heatran
|-end|p2a: Heatran|Substitute
|-unboost|p1a: Scizor|atk|1
|-unboost|p1a: Scizor|def|1
|
|-weather|RainDance|[upkeep]
|-heal|p2a: Heatran|82/100|[from] item: Leftovers
|upkeep
|turn|5
|
|t:|1718661874
|switch|p1a: Tentacruel|Tentacruel, F|100/100
|move|p2a: Heatran|Substitute|p2a: Heatran
|-start|p2a: Heatran|Substitute
|-damage|p2a: Heatran|57/100
|
|-weather|RainDance|[upkeep]
|-heal|p2a: Heatran|63/100|[from] item: Leftovers
|upkeep
|turn|6
|
|t:|1718661882
|move|p2a: Heatran|Protect|p2a: Heatran
|-singleturn|p2a: Heatran|Protect
|move|p1a: Tentacruel|Scald|p2a: Heatran
|-activate|p2a: Heatran|move: Protect
|
|-weather|RainDance|[upkeep]
|-heal|p2a: Heatran|69/100|[from] item: Leftovers
|upkeep
|turn|7
|
|t:|1718661886
|move|p2a: Heatran|Torment|p1a: Tentacruel
|-start|p1a: Tentacruel|Torment
|move|p1a: Tentacruel|Scald|p2a: Heatran
|-supereffective|p2a: Heatran
|-crit|p2a: Heatran
|-end|p2a: Heatran|Substitute
|
|-weather|RainDance|[upkeep]
|-heal|p2a: Heatran|76/100|[from] item: Leftovers
|upkeep
|turn|8
|
|t:|1718661890
|move|p2a: Heatran|Substitute|p2a: Heatran
|-start|p2a: Heatran|Substitute
|-damage|p2a: Heatran|51/100
|move|p1a: Tentacruel|Toxic Spikes|p2a: Heatran
|-sidestart|p2: ddfghhjdd|move: Toxic Spikes
|
|-weather|RainDance|[upkeep]
|-heal|p2a: Heatran|57/100|[from] item: Leftovers
|upkeep
|turn|9
|
|t:|1718661897
|move|p2a: Heatran|Protect|p2a: Heatran
|-singleturn|p2a: Heatran|Protect
|move|p1a: Tentacruel|Scald|p2a: Heatran
|-activate|p2a: Heatran|move: Protect
|
|-weather|RainDance|[upkeep]
|-heal|p2a: Heatran|63/100|[from] item: Leftovers
|upkeep
|turn|10
|
|t:|1718661899
|move|p2a: Heatran|Lava Plume|p1a: Tentacruel
|-resisted|p1a: Tentacruel
|-damage|p1a: Tentacruel|94/100
|move|p1a: Tentacruel|Toxic Spikes|p2a: Heatran
|-sidestart|p2: ddfghhjdd|move: Toxic Spikes
|
|-weather|RainDance|[upkeep]
|-heal|p1a: Tentacruel|99/100|[from] ability: Rain Dish
|-heal|p2a: Heatran|69/100|[from] item: Leftovers
|-heal|p1a: Tentacruel|100/100|[from] item: Black Sludge
|upkeep
|turn|11
|
|t:|1718661914
|switch|p1a: Politoed|Politoed, M|100/100
|move|p2a: Heatran|Lava Plume|p1a: Politoed
|-resisted|p1a: Politoed
|-damage|p1a: Politoed|93/100
|-status|p1a: Politoed|brn
|
|-weather|RainDance|[upkeep]
|-heal|p2a: Heatran|76/100|[from] item: Leftovers
|-heal|p1a: Politoed|99/100 brn|[from] item: Leftovers
|-damage|p1a: Politoed|87/100 brn|[from] brn
|upkeep
|turn|12
|
|t:|1718661918
|move|p2a: Heatran|Protect|p2a: Heatran
|-singleturn|p2a: Heatran|Protect
|move|p1a: Politoed|Scald|p2a: Heatran
|-activate|p2a: Heatran|move: Protect
|
|-weather|RainDance|[upkeep]
|-heal|p2a: Heatran|82/100|[from] item: Leftovers
|-heal|p1a: Politoed|93/100 brn|[from] item: Leftovers
|-damage|p1a: Politoed|81/100 brn|[from] brn
|upkeep
|turn|13
|
|t:|1718661922
|move|p2a: Heatran|Torment|p1a: Politoed
|-start|p1a: Politoed|Torment
|move|p1a: Politoed|Scald|p2a: Heatran
|-supereffective|p2a: Heatran
|-crit|p2a: Heatran
|-end|p2a: Heatran|Substitute
|
|-weather|RainDance|[upkeep]
|-heal|p2a: Heatran|88/100|[from] item: Leftovers
|-heal|p1a: Politoed|87/100 brn|[from] item: Leftovers
|-damage|p1a: Politoed|75/100 brn|[from] brn
|upkeep
|turn|14
|
|t:|1718661924
|move|p2a: Heatran|Substitute|p2a: Heatran
|-start|p2a: Heatran|Substitute
|-damage|p2a: Heatran|63/100
|move|p1a: Politoed|Encore|p2a: Heatran
|-start|p2a: Heatran|Encore
|
|-weather|RainDance|[upkeep]
|-heal|p2a: Heatran|69/100|[from] item: Leftovers
|-heal|p1a: Politoed|81/100 brn|[from] item: Leftovers
|-damage|p1a: Politoed|68/100 brn|[from] brn
|upkeep
|turn|15
|
|t:|1718661933
|switch|p1a: Thundurus|Thundurus-Therian, M|100/100
|move|p2a: Heatran|Substitute|p2a: Heatran
|-fail|p2a: Heatran|move: Substitute
|
|-weather|RainDance|[upkeep]
|-heal|p2a: Heatran|76/100|[from] item: Leftovers
|upkeep
|turn|16
|
|t:|1718661937
|switch|p2a: Azelf|Azelf|100/100
|move|p1a: Thundurus|Substitute|p1a: Thundurus
|-start|p1a: Thundurus|Substitute
|-damage|p1a: Thundurus|76/100
|
|-weather|RainDance|[upkeep]
|-heal|p1a: Thundurus|82/100|[from] item: Leftovers
|upkeep
|turn|17
|
|t:|1718661940
|move|p2a: Azelf|Taunt|p1a: Thundurus
|-start|p1a: Thundurus|move: Taunt
|move|p1a: Thundurus|Thunder|p2a: Azelf
|-damage|p2a: Azelf|26/100
|-enditem|p2a: Azelf|Sitrus Berry|[eat]
|-heal|p2a: Azelf|51/100|[from] item: Sitrus Berry
|
|-weather|RainDance|[upkeep]
|-heal|p1a: Thundurus|88/100|[from] item: Leftovers
|upkeep
|turn|18
|
|t:|1718661944
|move|p2a: Azelf|Stealth Rock|p1a: Thundurus
|-sidestart|p1: dvdalt|move: Stealth Rock
|move|p1a: Thundurus|Thunder|p2a: Azelf
|-damage|p2a: Azelf|0 fnt
|faint|p2a: Azelf
|
|-weather|RainDance|[upkeep]
|-heal|p1a: Thundurus|94/100|[from] item: Leftovers
|upkeep
|
|t:|1718661949
|switch|p2a: Celebi|Celebi|95/100
|-status|p2a: Celebi|tox
|turn|19
|
|t:|1718661953
|move|p1a: Thundurus|Hidden Power|p2a: Celebi
|-supereffective|p2a: Celebi
|-damage|p2a: Celebi|67/100 tox
|move|p2a: Celebi|Psychic|p1a: Thundurus
|-crit|p1a: Thundurus
|-end|p1a: Thundurus|Substitute
|
|-weather|RainDance|[upkeep]
|-heal|p1a: Thundurus|99/100|[from] item: Leftovers
|-heal|p2a: Celebi|73/100 tox|[from] item: Leftovers
|-damage|p2a: Celebi|67/100 tox|[from] psn
|-end|p1a: Thundurus|move: Taunt
|upkeep
|turn|20
|
|t:|1718661961
|switch|p1a: Scizor|Scizor, F|100/100
|-damage|p1a: Scizor|88/100|[from] Stealth Rock
|move|p2a: Celebi|Baton Pass|p2a: Celebi
|
|t:|1718661968
|-curestatus|p2a: Celebi|tox|[from] ability: Natural Cure
|switch|p2a: Heatran|Heatran, M|76/100|[from] Baton Pass
|
|-weather|RainDance|[upkeep]
|-heal|p2a: Heatran|82/100|[from] item: Leftovers
|upkeep
|turn|21
|
|t:|1718661974
|move|p2a: Heatran|Lava Plume|p1a: Scizor
|-supereffective|p1a: Scizor
|-damage|p1a: Scizor|1/100
|-status|p1a: Scizor|brn
|move|p1a: Scizor|U-turn|p2a: Heatran
|-resisted|p2a: Heatran
|-damage|p2a: Heatran|76/100
|
|t:|1718661978
|switch|p1a: Tentacruel|Tentacruel, F|100/100|[from] U-turn
|-damage|p1a: Tentacruel|88/100|[from] Stealth Rock
|
|-weather|RainDance|[upkeep]
|-heal|p1a: Tentacruel|94/100|[from] ability: Rain Dish
|-heal|p2a: Heatran|82/100|[from] item: Leftovers
|-heal|p1a: Tentacruel|99/100|[from] item: Black Sludge
|upkeep
|turn|22
|
|t:|1718661981
|move|p2a: Heatran|Protect|p2a: Heatran
|-singleturn|p2a: Heatran|Protect
|move|p1a: Tentacruel|Rapid Spin|p2a: Heatran
|-activate|p2a: Heatran|move: Protect
|
|-weather|RainDance|[upkeep]
|-heal|p1a: Tentacruel|100/100|[from] ability: Rain Dish
|-heal|p2a: Heatran|89/100|[from] item: Leftovers
|upkeep
|turn|23
|
|t:|1718661988
|move|p2a: Heatran|Lava Plume|p1a: Tentacruel
|-resisted|p1a: Tentacruel
|-damage|p1a: Tentacruel|94/100
|-status|p1a: Tentacruel|brn
|move|p1a: Tentacruel|Scald|p2a: Heatran
|-supereffective|p2a: Heatran
|-damage|p2a: Heatran|36/100
|
|-weather|RainDance|[upkeep]
|-heal|p1a: Tentacruel|99/100 brn|[from] ability: Rain Dish
|-heal|p2a: Heatran|42/100|[from] item: Leftovers
|-heal|p1a: Tentacruel|100/100 brn|[from] item: Black Sludge
|-damage|p1a: Tentacruel|88/100 brn|[from] brn
|upkeep
|turn|24
|
|t:|1718661991
|move|p2a: Heatran|Protect|p2a: Heatran
|-singleturn|p2a: Heatran|Protect
|move|p1a: Tentacruel|Rapid Spin|p2a: Heatran
|-activate|p2a: Heatran|move: Protect
|
|-weather|RainDance|[upkeep]
|-heal|p1a: Tentacruel|94/100 brn|[from] ability: Rain Dish
|-heal|p2a: Heatran|48/100|[from] item: Leftovers
|-heal|p1a: Tentacruel|99/100 brn|[from] item: Black Sludge
|-damage|p1a: Tentacruel|88/100 brn|[from] brn
|upkeep
|turn|25
|
|t:|1718661997
|switch|p2a: Celebi|Celebi|67/100
|-status|p2a: Celebi|tox
|move|p1a: Tentacruel|Rapid Spin|p2a: Celebi
|-damage|p2a: Celebi|66/100 tox
|-sideend|p1: dvdalt|Stealth Rock|[from] move: Rapid Spin|[of] p1a: Tentacruel
|
|-weather|RainDance|[upkeep]
|-heal|p1a: Tentacruel|94/100 brn|[from] ability: Rain Dish
|-heal|p1a: Tentacruel|99/100 brn|[from] item: Black Sludge
|-heal|p2a: Celebi|72/100 tox|[from] item: Leftovers
|-damage|p2a: Celebi|66/100 tox|[from] psn
|-damage|p1a: Tentacruel|88/100 brn|[from] brn
|upkeep
|turn|26
|
|t:|1718662023
|move|p1a: Tentacruel|Scald|p2a: Celebi
|-resisted|p2a: Celebi
|-damage|p2a: Celebi|56/100 tox
|move|p2a: Celebi|Baton Pass|p2a: Celebi
|
|t:|1718662029
|-curestatus|p2a: Celebi|tox|[from] ability: Natural Cure
|switch|p2a: Dragonite|Dragonite, F|100/100|[from] Baton Pass
|
|-weather|RainDance|[upkeep]
|-heal|p1a: Tentacruel|94/100 brn|[from] ability: Rain Dish
|-heal|p1a: Tentacruel|99/100 brn|[from] item: Black Sludge
|-damage|p1a: Tentacruel|87/100 brn|[from] brn
|upkeep
|turn|27
|
|t:|1718662033
|move|p2a: Dragonite|Substitute|p2a: Dragonite
|-start|p2a: Dragonite|Substitute
|-damage|p2a: Dragonite|76/100
|move|p1a: Tentacruel|Scald|p2a: Dragonite
|-resisted|p2a: Dragonite
|-activate|p2a: Dragonite|Substitute|[damage]
|
|-weather|RainDance|[upkeep]
|-heal|p1a: Tentacruel|93/100 brn|[from] ability: Rain Dish
|-heal|p2a: Dragonite|82/100|[from] item: Leftovers
|-heal|p1a: Tentacruel|99/100 brn|[from] item: Black Sludge
|-damage|p1a: Tentacruel|87/100 brn|[from] brn
|upkeep
|turn|28
|
|t:|1718662037
|move|p2a: Dragonite|Dragon Dance|p2a: Dragonite
|-boost|p2a: Dragonite|atk|1
|-boost|p2a: Dragonite|spe|1
|move|p1a: Tentacruel|Scald|p2a: Dragonite
|-resisted|p2a: Dragonite
|-end|p2a: Dragonite|Substitute
|
|-weather|RainDance|[upkeep]
|-heal|p1a: Tentacruel|93/100 brn|[from] ability: Rain Dish
|-heal|p2a: Dragonite|88/100|[from] item: Leftovers
|-heal|p1a: Tentacruel|99/100 brn|[from] item: Black Sludge
|-damage|p1a: Tentacruel|87/100 brn|[from] brn
|upkeep
|turn|29
|
|t:|1718662039
|switch|p1a: Ferrothorn|Ferrothorn, M|100/100
|move|p2a: Dragonite|Substitute|p2a: Dragonite
|-start|p2a: Dragonite|Substitute
|-damage|p2a: Dragonite|63/100
|
|-weather|RainDance|[upkeep]
|-heal|p2a: Dragonite|69/100|[from] item: Leftovers
|upkeep
|turn|30
|
|t:|1718662045
|move|p2a: Dragonite|Roost|p2a: Dragonite
|-heal|p2a: Dragonite|100/100
|-singleturn|p2a: Dragonite|move: Roost
|move|p1a: Ferrothorn|Stealth Rock|p2a: Dragonite
|-sidestart|p2: ddfghhjdd|move: Stealth Rock
|
|-weather|RainDance|[upkeep]
|upkeep
|turn|31
|c|☆dvdalt|does everyone have sub
|
|t:|1718662062
|move|p2a: Dragonite|Dragon Dance|p2a: Dragonite
|-boost|p2a: Dragonite|atk|1
|-boost|p2a: Dragonite|spe|1
|move|p1a: Ferrothorn|Knock Off|p2a: Dragonite
|-activate|p2a: Dragonite|Substitute|[damage]
|
|-weather|RainDance|[upkeep]
|upkeep
|turn|32
|
|t:|1718662066
|move|p2a: Dragonite|Dragon Dance|p2a: Dragonite
|-boost|p2a: Dragonite|atk|1
|-boost|p2a: Dragonite|spe|1
|move|p1a: Ferrothorn|Knock Off|p2a: Dragonite
|-crit|p2a: Dragonite
|-activate|p2a: Dragonite|Substitute|[damage]
|
|-weather|RainDance|[upkeep]
|upkeep
|turn|33
|
|t:|1718662071
|switch|p1a: Politoed|Politoed, M|68/100 brn
|move|p2a: Dragonite|Dragon Dance|p2a: Dragonite
|-boost|p2a: Dragonite|atk|1
|-boost|p2a: Dragonite|spe|1
|
|-weather|RainDance|[upkeep]
|-heal|p1a: Politoed|75/100 brn|[from] item: Leftovers
|-damage|p1a: Politoed|62/100 brn|[from] brn
|upkeep
|turn|34
|
|t:|1718662073
|move|p2a: Dragonite|Dragon Claw|p1a: Politoed
|-damage|p1a: Politoed|0 fnt
|faint|p1a: Politoed
|
|-weather|RainDance|[upkeep]
|upkeep
|
|t:|1718662079
|switch|p1a: Scizor|Scizor, F|1/100 brn
|turn|35
|
|t:|1718662084
|move|p1a: Scizor|Bullet Punch|p2a: Dragonite
|-activate|p2a: Dragonite|Substitute|[damage]
|move|p2a: Dragonite|Substitute|p2a: Dragonite
|-fail|p2a: Dragonite|move: Substitute
|
|-weather|RainDance|[upkeep]
|-damage|p1a: Scizor|0 fnt|[from] brn
|faint|p1a: Scizor
|upkeep
|
|t:|1718662113
|switch|p1a: Thundurus|Thundurus-Therian, M|99/100
|turn|36
|
|t:|1718662122
|move|p2a: Dragonite|Dragon Claw|p1a: Thundurus
|-crit|p1a: Thundurus
|-damage|p1a: Thundurus|0 fnt
|faint|p1a: Thundurus
|
|-weather|RainDance|[upkeep]
|upkeep
|c|☆dvdalt|gg
|-message|dvdalt forfeited.
|
|win|ddfghhjdd
|raw|dvdalt's rating: 1349 &rarr; <strong>1333</strong><br />(-16 for losing)
|raw|ddfghhjdd's rating: 1421 &rarr; <strong>1437</strong><br />(+16 for winning)
|l|☆dvdalt
|player|p1|
|c|☆ddfghhjdd|gg
