|j|☆alvar03
|j|☆MikeyTapsa
|player|p1|alvar03|alder|1436
|player|p2|MikeyTapsa|sightseer|1486
|teamsize|p1|6
|teamsize|p2|6
|gametype|singles
|gen|5
|tier|[Gen 5] OU
|rated|
|clearpoke
|poke|p1|Moltres|item
|poke|p1|Tentacruel, M|item
|poke|p1|Politoed, F|item
|poke|p1|Ferrothorn, M|item
|poke|p1|Rotom-Wash|item
|poke|p1|Gliscor, M|item
|poke|p2|Politoed, M|item
|poke|p2|Thundurus-Therian, M|item
|poke|p2|Tornadus, M|item
|poke|p2|Tentacruel, M|item
|poke|p2|Ferrothorn, M|item
|poke|p2|Jirachi|item
|rule|Species Clause: Limit one of each Pokémon
|rule|OHKO Clause: OHKO moves are banned
|rule|Moody Clause: Moody is banned
|rule|Evasion Moves Clause: Evasion moves are banned
|rule|Endless Battle Clause: Forcing endless battles is banned
|rule|HP Percentage Mod: HP is shown in percentages
|rule|Evasion Abilities Clause: Evasion abilities are banned
|rule|Baton Pass Clause: Limit one Baton Passer, can't pass Spe and other stats simultaneously
|rule|Sleep Clause: Sleep-inducing moves are banned
|rule|Swagger Clause: Swagger is banned
|teampreview
|
|start
|switch|p1a: Ferrothorn|Ferrothorn, M|100/100
|switch|p2a: Jirachi|Jirachi|100/100
|turn|1
|inactive|Battle timer is ON: inactive players will automatically lose when time's up. (requested by alvar03)
|
|move|p2a: Jirachi|Substitute|p2a: Jirachi
|-start|p2a: Jirachi|Substitute
|-damage|p2a: Jirachi|75/100
|move|p1a: Ferrothorn|Stealth Rock|p2a: Jirachi
|-sidestart|p2: MikeyTapsa|move: Stealth Rock
|
|-heal|p2a: Jirachi|82/100|[from] item: Leftovers
|upkeep
|turn|2
|
|switch|p1a: Gliscor|Gliscor, M|100/100
|move|p2a: Jirachi|Calm Mind|p2a: Jirachi
|-boost|p2a: Jirachi|spa|1
|-boost|p2a: Jirachi|spd|1
|
|-heal|p2a: Jirachi|88/100|[from] item: Leftovers
|-status|p1a: Gliscor|tox|[from] item: Toxic Orb
|upkeep
|turn|3
|
|move|p1a: Gliscor|Earthquake|p2a: Jirachi
|-supereffective|p2a: Jirachi
|-end|p2a: Jirachi|Substitute
|move|p2a: Jirachi|Water Pulse|p1a: Gliscor
|-supereffective|p1a: Gliscor
|-damage|p1a: Gliscor|35/100 tox
|
|-heal|p2a: Jirachi|94/100|[from] item: Leftovers
|-heal|p1a: Gliscor|47/100 tox|[from] ability: Poison Heal
|upkeep
|turn|4
|
|move|p1a: Gliscor|Taunt|p2a: Jirachi
|-start|p2a: Jirachi|move: Taunt
|move|p2a: Jirachi|Water Pulse|p1a: Gliscor
|-supereffective|p1a: Gliscor
|-damage|p1a: Gliscor|0 fnt
|faint|p1a: Gliscor
|
|-heal|p2a: Jirachi|99/100|[from] item: Leftovers
|upkeep
|
|switch|p1a: Moltres|Moltres|100/100
|-ability|p1a: Moltres|Pressure
|turn|5
|
|move|p1a: Moltres|Fire Blast|p2a: Jirachi
|-supereffective|p2a: Jirachi
|-damage|p2a: Jirachi|0 fnt
|faint|p2a: Jirachi
|
|upkeep
|
|switch|p2a: Tentacruel|Tentacruel, M|100/100
|-damage|p2a: Tentacruel|88/100|[from] Stealth Rock
|turn|6
|
|switch|p1a: Ferrothorn|Ferrothorn, M|100/100
|move|p2a: Tentacruel|Substitute|p2a: Tentacruel
|-start|p2a: Tentacruel|Substitute
|-damage|p2a: Tentacruel|63/100
|
|-heal|p2a: Tentacruel|69/100|[from] item: Black Sludge
|upkeep
|turn|7
|
|move|p2a: Tentacruel|Scald|p1a: Ferrothorn
|-resisted|p1a: Ferrothorn
|-damage|p1a: Ferrothorn|93/100
|move|p1a: Ferrothorn|Gyro Ball|p2a: Tentacruel
|-resisted|p2a: Tentacruel
|-activate|p2a: Tentacruel|Substitute|[damage]
|
|-heal|p2a: Tentacruel|75/100|[from] item: Black Sludge
|-heal|p1a: Ferrothorn|99/100|[from] item: Leftovers
|upkeep
|turn|8
|
|move|p2a: Tentacruel|Scald|p1a: Ferrothorn
|-resisted|p1a: Ferrothorn
|-damage|p1a: Ferrothorn|91/100
|move|p1a: Ferrothorn|Gyro Ball|p2a: Tentacruel
|-resisted|p2a: Tentacruel
|-end|p2a: Tentacruel|Substitute
|
|-heal|p2a: Tentacruel|81/100|[from] item: Black Sludge
|-heal|p1a: Ferrothorn|98/100|[from] item: Leftovers
|upkeep
|turn|9
|
|switch|p1a: Rotom|Rotom-Wash|100/100
|move|p2a: Tentacruel|Substitute|p2a: Tentacruel
|-start|p2a: Tentacruel|Substitute
|-damage|p2a: Tentacruel|56/100
|
|-heal|p2a: Tentacruel|62/100|[from] item: Black Sludge
|upkeep
|turn|10
|
|move|p2a: Tentacruel|Rapid Spin|p1a: Rotom
|-damage|p1a: Rotom|98/100
|-sideend|p2: MikeyTapsa|Stealth Rock|[from] move: Rapid Spin|[of] p2a: Tentacruel
|move|p1a: Rotom|Volt Switch|p2a: Tentacruel
|-supereffective|p2a: Tentacruel
|-end|p2a: Tentacruel|Substitute
|
|switch|p1a: Moltres|Moltres|100/100|[from]move: Volt Switch
|-ability|p1a: Moltres|Pressure
|
|-heal|p2a: Tentacruel|68/100|[from] item: Black Sludge
|upkeep
|turn|11
|
|move|p1a: Moltres|Hurricane|p2a: Tentacruel
|-damage|p2a: Tentacruel|0 fnt
|faint|p2a: Tentacruel
|
|upkeep
|
|switch|p2a: Politoed|Politoed, M|100/100
|-weather|RainDance|[from] ability: Drizzle|[of] p2a: Politoed
|turn|12
|
|switch|p1a: Politoed|Politoed, F|100/100
|move|p2a: Politoed|Scald|p1a: Politoed
|-resisted|p1a: Politoed
|-damage|p1a: Politoed|81/100
|
|-weather|RainDance|[upkeep]
|-heal|p1a: Politoed|87/100|[from] item: Leftovers
|upkeep
|turn|13
|
|switch|p2a: Ferrothorn|Ferrothorn, M|100/100
|switch|p1a: Moltres|Moltres|100/100
|-ability|p1a: Moltres|Pressure
|
|-weather|RainDance|[upkeep]
|upkeep
|turn|14
|
|move|p1a: Moltres|Fire Blast|p2a: Ferrothorn
|-supereffective|p2a: Ferrothorn
|-crit|p2a: Ferrothorn
|-damage|p2a: Ferrothorn|0 fnt
|faint|p2a: Ferrothorn
|
|-weather|RainDance|[upkeep]
|upkeep
|c|☆MikeyTapsa|...
|-message|MikeyTapsa forfeited.
|
|win|alvar03
|l|☆MikeyTapsa
|c|☆alvar03|BODIED
|j|☆MikeyTapsa
|player|p2|MikeyTapsa|sightseer
|raw|alvar03's rating: 1437 &rarr; <strong>1460</strong><br />(+23 for winning)
|raw|MikeyTapsa's rating: 1486 &rarr; <strong>1463</strong><br />(-23 for losing)
