|j|☆sk8head
|j|☆dice
|t:|1716081357
|gametype|singles
|player|p1|sk8head|2|1315
|player|p2|dice|#splxvwolfpack2|1572
|teamsize|p1|6
|teamsize|p2|6
|gen|5
|tier|[Gen 5] OU
|rated|
|rule|Species Clause: Limit one of each Pokémon
|rule|OHKO Clause: OHKO moves are banned
|rule|Moody Clause: Moody is banned
|rule|Evasion Items Clause: Evasion items are banned
|rule|Evasion Moves Clause: Evasion moves are banned
|rule|Endless Battle Clause: Forcing endless battles is banned
|rule|HP Percentage Mod: HP is shown in percentages
|rule|Evasion Abilities Clause: Evasion abilities are banned
|rule|Sleep Moves Clause: Sleep-inducing moves are banned
|rule|Swagger Clause: Swagger is banned
|rule|Baton Pass Stat Clause: No Baton Passer may have a way to boost its stats
|clearpoke
|poke|p1|Abomasnow, M|item
|poke|p1|Ninetales, F|item
|poke|p1|Heatran, M|item
|poke|p1|Xatu, M|item
|poke|p1|Starmie|item
|poke|p1|Landorus-Therian, M|item
|poke|p2|Garchomp, F|item
|poke|p2|Tyranitar, M|item
|poke|p2|Jellicent, F|item
|poke|p2|Skarmory, F|item
|poke|p2|Scizor, F|item
|poke|p2|Jirachi|item
|teampreview
|c|☆sk8head|gl
|j| bwcbestbytest
|inactive|Battle timer is ON: inactive players will automatically lose when time's up. (requested by dice)
|c| bwcbestbytest|Wassup sk8head.
|c|☆sk8head|ay chomp wsg
|c|☆sk8head|im jus having fun w this double weather man
|inactive|sk8head has 120 seconds left.
|c|☆dice|u better not bm me again
|
|t:|1716081418
|start
|switch|p1a: Ninetales|Ninetales, F|100/100
|switch|p2a: Tyranitar|Tyranitar, M, shiny|100/100
|-weather|Sandstorm|[from] ability: Sand Stream|[of] p2a: Tyranitar
|-weather|SunnyDay|[from] ability: Drought|[of] p1a: Ninetales
|turn|1
|
|t:|1716081424
|switch|p1a: Landorus|Landorus-Therian, M|100/100
|-ability|p1a: Landorus|Intimidate|boost
|-unboost|p2a: Tyranitar|atk|1
|move|p2a: Tyranitar|Earthquake|p1a: Landorus
|-immune|p1a: Landorus
|
|-weather|SunnyDay|[upkeep]
|upkeep
|turn|2
|c|☆sk8head|haha I'm sorry for last time
|
|t:|1716081454
|switch|p2a: Skarmory|Skarmory, F, shiny|100/100
|move|p1a: Landorus|U-turn|p2a: Skarmory
|-resisted|p2a: Skarmory
|-damage|p2a: Skarmory|95/100
|
|t:|1716081458
|switch|p1a: Heatran|Heatran, M|100/100|[from] U-turn
|
|-weather|SunnyDay|[upkeep]
|upkeep
|turn|3
|
|t:|1716081465
|move|p2a: Skarmory|Stealth Rock|p1a: Heatran
|-sidestart|p1: sk8head|move: Stealth Rock
|move|p1a: Heatran|Magma Storm|p2a: Skarmory
|-supereffective|p2a: Skarmory
|-damage|p2a: Skarmory|0 fnt
|faint|p2a: Skarmory
|
|-weather|SunnyDay|[upkeep]
|upkeep
|
|t:|1716081468
|switch|p2a: Garchomp|Garchomp, F, shiny|100/100
|turn|4
|
|t:|1716081490
|switch|p2a: Tyranitar|Tyranitar, M, shiny|100/100
|-weather|Sandstorm|[from] ability: Sand Stream|[of] p2a: Tyranitar
|switch|p1a: Abomasnow|Abomasnow, M|100/100
|-damage|p1a: Abomasnow|76/100|[from] Stealth Rock
|-weather|Hail|[from] ability: Snow Warning|[of] p1a: Abomasnow
|
|-weather|Hail|[upkeep]
|-damage|p2a: Tyranitar|94/100|[from] Hail
|upkeep
|turn|5
|
|t:|1716081503
|switch|p2a: Jirachi|Jirachi|100/100
|move|p1a: Abomasnow|Wood Hammer|p2a: Jirachi
|-resisted|p2a: Jirachi
|-damage|p2a: Jirachi|71/100
|-damage|p1a: Abomasnow|65/100|[from] Recoil
|
|-weather|Hail|[upkeep]
|-damage|p2a: Jirachi|65/100|[from] Hail
|-heal|p2a: Jirachi|71/100|[from] item: Leftovers
|upkeep
|turn|6
|inactive|dice has 120 seconds left.
|
|t:|1716081550
|switch|p1a: Landorus|Landorus-Therian, M|100/100
|-damage|p1a: Landorus|88/100|[from] Stealth Rock
|-ability|p1a: Landorus|Intimidate|boost
|-unboost|p2a: Jirachi|atk|1
|move|p2a: Jirachi|Iron Head|p1a: Landorus
|-damage|p1a: Landorus|66/100
|
|-weather|Hail|[upkeep]
|-damage|p1a: Landorus|60/100|[from] Hail
|-damage|p2a: Jirachi|65/100|[from] Hail
|-heal|p2a: Jirachi|71/100|[from] item: Leftovers
|upkeep
|turn|7
|
|t:|1716081556
|switch|p2a: Jellicent|Jellicent, F|100/100
|-item|p2a: Jellicent|Air Balloon
|move|p1a: Landorus|Earthquake|p2a: Jellicent
|-immune|p2a: Jellicent
|
|-weather|Hail|[upkeep]
|-damage|p1a: Landorus|54/100|[from] Hail
|-damage|p2a: Jellicent|94/100|[from] Hail
|upkeep
|turn|8
|inactive|dice has 120 seconds left.
|
|t:|1716081572
|switch|p1a: Ninetales|Ninetales, F|100/100
|-damage|p1a: Ninetales|76/100|[from] Stealth Rock
|-weather|SunnyDay|[from] ability: Drought|[of] p1a: Ninetales
|switch|p2a: Tyranitar|Tyranitar, M, shiny|94/100
|-weather|Sandstorm|[from] ability: Sand Stream|[of] p2a: Tyranitar
|
|-weather|Sandstorm|[upkeep]
|-damage|p1a: Ninetales|70/100|[from] Sandstorm
|upkeep
|turn|9
|inactive|dice has 120 seconds left.
|
|t:|1716081581
|switch|p1a: Heatran|Heatran, M|100/100
|-damage|p1a: Heatran|88/100|[from] Stealth Rock
|move|p2a: Tyranitar|Crunch|p1a: Heatran
|-resisted|p1a: Heatran
|-damage|p1a: Heatran|67/100
|
|-weather|Sandstorm|[upkeep]
|-heal|p1a: Heatran|74/100|[from] item: Leftovers
|upkeep
|turn|10
|
|t:|1716081586
|switch|p2a: Garchomp|Garchomp, F, shiny|100/100
|move|p1a: Heatran|Stealth Rock|p2a: Garchomp
|-sidestart|p2: dice|move: Stealth Rock
|
|-weather|Sandstorm|[upkeep]
|-heal|p1a: Heatran|80/100|[from] item: Leftovers
|upkeep
|turn|11
|
|t:|1716081593
|switch|p1a: Abomasnow|Abomasnow, M|65/100
|-damage|p1a: Abomasnow|40/100|[from] Stealth Rock
|-weather|Hail|[from] ability: Snow Warning|[of] p1a: Abomasnow
|move|p2a: Garchomp|Outrage|p1a: Abomasnow
|-damage|p1a: Abomasnow|0 fnt
|faint|p1a: Abomasnow
|
|-weather|Hail|[upkeep]
|-damage|p2a: Garchomp|94/100|[from] Hail
|upkeep
|
|t:|1716081602
|switch|p1a: Starmie|Starmie|100/100
|-damage|p1a: Starmie|88/100|[from] Stealth Rock
|turn|12
|
|t:|1716081605
|move|p2a: Garchomp|Outrage|p1a: Starmie|[from]lockedmove
|-damage|p1a: Starmie|0 fnt
|faint|p1a: Starmie
|
|-weather|Hail|[upkeep]
|-damage|p2a: Garchomp|88/100|[from] Hail
|upkeep
|
|t:|1716081618
|switch|p1a: Heatran|Heatran, M|80/100
|-damage|p1a: Heatran|67/100|[from] Stealth Rock
|turn|13
|
|t:|1716081624
|move|p2a: Garchomp|Outrage|p1a: Heatran|[from]lockedmove
|-resisted|p1a: Heatran
|-damage|p1a: Heatran|39/100
|-start|p2a: Garchomp|confusion|[fatigue]
|move|p1a: Heatran|Magma Storm|p2a: Garchomp|[miss]
|-miss|p1a: Heatran|p2a: Garchomp
|
|-weather|Hail|[upkeep]
|-damage|p2a: Garchomp|82/100|[from] Hail
|-damage|p1a: Heatran|33/100|[from] Hail
|-heal|p1a: Heatran|39/100|[from] item: Leftovers
|upkeep
|turn|14
|
|t:|1716081636
|switch|p2a: Jellicent|Jellicent, F|94/100
|-damage|p2a: Jellicent|82/100|[from] Stealth Rock
|-item|p2a: Jellicent|Air Balloon
|move|p1a: Heatran|Magma Storm|p2a: Jellicent
|-resisted|p2a: Jellicent
|-crit|p2a: Jellicent
|-damage|p2a: Jellicent|24/100
|-activate|p2a: Jellicent|move: Magma Storm|[of] p1a: Heatran
|-enditem|p2a: Jellicent|Air Balloon
|
|-weather|Hail|[upkeep]
|-damage|p1a: Heatran|33/100|[from] Hail
|-damage|p2a: Jellicent|18/100|[from] Hail
|-heal|p1a: Heatran|39/100|[from] item: Leftovers
|-damage|p2a: Jellicent|12/100|[from] move: Magma Storm|[partiallytrapped]
|upkeep
|turn|15
|
|t:|1716081644
|move|p1a: Heatran|Earth Power|p2a: Jellicent
|-damage|p2a: Jellicent|0 fnt
|faint|p2a: Jellicent
|
|-weather|Hail|[upkeep]
|-damage|p1a: Heatran|33/100|[from] Hail
|-heal|p1a: Heatran|39/100|[from] item: Leftovers
|upkeep
|
|t:|1716081648
|switch|p2a: Tyranitar|Tyranitar, M, shiny|94/100
|-damage|p2a: Tyranitar|82/100|[from] Stealth Rock
|-weather|Sandstorm|[from] ability: Sand Stream|[of] p2a: Tyranitar
|turn|16
|
|t:|1716081653
|move|p1a: Heatran|Protect|p1a: Heatran
|-singleturn|p1a: Heatran|Protect
|move|p2a: Tyranitar|Earthquake|p1a: Heatran
|-activate|p1a: Heatran|move: Protect
|
|-weather|Sandstorm|[upkeep]
|-heal|p1a: Heatran|45/100|[from] item: Leftovers
|upkeep
|turn|17
|
|t:|1716081668
|switch|p2a: Garchomp|Garchomp, F, shiny|82/100
|-damage|p2a: Garchomp|76/100|[from] Stealth Rock
|switch|p1a: Landorus|Landorus-Therian, M|54/100
|-damage|p1a: Landorus|42/100|[from] Stealth Rock
|-ability|p1a: Landorus|Intimidate|boost
|-unboost|p2a: Garchomp|atk|1
|
|-weather|Sandstorm|[upkeep]
|upkeep
|turn|18
|
|t:|1716081687
|switch|p1a: Xatu|Xatu, M|100/100
|-damage|p1a: Xatu|76/100|[from] Stealth Rock
|move|p2a: Garchomp|Outrage|p1a: Xatu
|-crit|p1a: Xatu
|-damage|p1a: Xatu|0 fnt
|faint|p1a: Xatu
|
|-weather|Sandstorm|[upkeep]
|upkeep
|
|t:|1716081689
|switch|p1a: Heatran|Heatran, M|45/100
|-damage|p1a: Heatran|33/100|[from] Stealth Rock
|turn|19
|
|t:|1716081695
|move|p2a: Garchomp|Outrage|p1a: Heatran|[from]lockedmove
|-resisted|p1a: Heatran
|-damage|p1a: Heatran|13/100
|-start|p2a: Garchomp|confusion|[fatigue]
|move|p1a: Heatran|Magma Storm|p2a: Garchomp
|-resisted|p2a: Garchomp
|-damage|p2a: Garchomp|37/100
|-activate|p2a: Garchomp|move: Magma Storm|[of] p1a: Heatran
|
|-weather|Sandstorm|[upkeep]
|-heal|p1a: Heatran|19/100|[from] item: Leftovers
|-damage|p2a: Garchomp|31/100|[from] move: Magma Storm|[partiallytrapped]
|upkeep
|turn|20
|
|t:|1716081705
|move|p1a: Heatran|Protect|p1a: Heatran
|-singleturn|p1a: Heatran|Protect
|-activate|p2a: Garchomp|confusion
|move|p2a: Garchomp|Outrage|p1a: Heatran
|-activate|p1a: Heatran|move: Protect
|
|-weather|Sandstorm|[upkeep]
|-heal|p1a: Heatran|25/100|[from] item: Leftovers
|-damage|p2a: Garchomp|25/100|[from] move: Magma Storm|[partiallytrapped]
|upkeep
|turn|21
|
|t:|1716081717
|-end|p2a: Garchomp|confusion
|move|p2a: Garchomp|Outrage|p1a: Heatran
|-resisted|p1a: Heatran
|-damage|p1a: Heatran|5/100
|move|p1a: Heatran|Magma Storm|p2a: Garchomp
|-resisted|p2a: Garchomp
|-damage|p2a: Garchomp|0 fnt
|faint|p2a: Garchomp
|
|-weather|Sandstorm|[upkeep]
|-heal|p1a: Heatran|11/100|[from] item: Leftovers
|upkeep
|
|t:|1716081722
|switch|p2a: Tyranitar|Tyranitar, M, shiny|82/100
|-damage|p2a: Tyranitar|70/100|[from] Stealth Rock
|turn|22
|
|t:|1716081727
|move|p1a: Heatran|Protect|p1a: Heatran
|-singleturn|p1a: Heatran|Protect
|move|p2a: Tyranitar|Crunch|p1a: Heatran
|-activate|p1a: Heatran|move: Protect
|
|-weather|Sandstorm|[upkeep]
|-heal|p1a: Heatran|17/100|[from] item: Leftovers
|upkeep
|turn|23
|
|t:|1716081739
|move|p2a: Tyranitar|Crunch|p1a: Heatran
|-resisted|p1a: Heatran
|-damage|p1a: Heatran|0 fnt
|faint|p1a: Heatran
|
|-weather|Sandstorm|[upkeep]
|upkeep
|
|t:|1716081743
|switch|p1a: Landorus|Landorus-Therian, M|42/100
|-damage|p1a: Landorus|30/100|[from] Stealth Rock
|-ability|p1a: Landorus|Intimidate|boost
|-unboost|p2a: Tyranitar|atk|1
|turn|24
|
|t:|1716081754
|move|p1a: Landorus|Earthquake|p2a: Tyranitar
|-supereffective|p2a: Tyranitar
|-damage|p2a: Tyranitar|0 fnt
|faint|p2a: Tyranitar
|
|-weather|Sandstorm|[upkeep]
|upkeep
|
|t:|1716081759
|switch|p2a: Scizor|Scizor, F|100/100
|-damage|p2a: Scizor|88/100|[from] Stealth Rock
|turn|25
|
|t:|1716081761
|move|p1a: Landorus|Earthquake|p2a: Scizor
|-damage|p2a: Scizor|18/100
|move|p2a: Scizor|Swords Dance|p2a: Scizor
|-boost|p2a: Scizor|atk|2
|
|-weather|Sandstorm|[upkeep]
|upkeep
|turn|26
|
|t:|1716081767
|move|p2a: Scizor|Quick Attack|p1a: Landorus
|-damage|p1a: Landorus|0 fnt
|faint|p1a: Landorus
|-damage|p2a: Scizor|8/100|[from] item: Life Orb
|
|-weather|Sandstorm|[upkeep]
|upkeep
|c|☆sk8head|damn
|c|☆sk8head|ggs
|
|t:|1716081788
|switch|p1a: Ninetales|Ninetales, F|70/100
|-damage|p1a: Ninetales|45/100|[from] Stealth Rock
|-weather|SunnyDay|[from] ability: Drought|[of] p1a: Ninetales
|turn|27
|
|t:|1716081791
|move|p2a: Scizor|Quick Attack|p1a: Ninetales
|-damage|p1a: Ninetales|0 fnt
|faint|p1a: Ninetales
|-damage|p2a: Scizor|0 fnt|[from] item: Life Orb
|faint|p2a: Scizor
|
|win|dice
|raw|sk8head's rating: 1315 &rarr; <strong>1308</strong><br />(-7 for losing)
|raw|dice's rating: 1572 &rarr; <strong>1579</strong><br />(+7 for winning)
|l|☆dice
|player|p2|
|l| bwcbestbytest
