|j|‽frogfacts
|j|‽AltTestingAlt
|t:|1743709538
|gametype|singles
|player|p1|frogfacts|ninjaboy|1344
|player|p2|AltTestingAlt|twins-gen4dp|1325
|teamsize|p1|6
|teamsize|p2|6
|gen|5
|tier|[Gen 5] OU
|rated|
|rule|Species Clause: Limit one of each Pokémon
|rule|OHKO Clause: OHKO moves are banned
|rule|Moody Clause: Moody is banned
|rule|Evasion Items Clause: Evasion items are banned
|rule|Evasion Moves Clause: Evasion moves are banned
|rule|Endless Battle Clause: Forcing endless battles is banned
|rule|HP Percentage Mod: HP is shown in percentages
|rule|Evasion Abilities Clause: Evasion abilities are banned
|rule|Sleep Moves Clause: Sleep-inducing moves are banned
|rule|Swagger Clause: Swagger is banned
|rule|Baton Pass Stat Clause: No Baton Passer may have a way to boost its stats
|clearpoke
|poke|p1|Archeops, F|item
|poke|p1|Garchomp, F|item
|poke|p1|Dragonite, M|item
|poke|p1|Scizor, M|item
|poke|p1|Starmie|item
|poke|p1|Volcarona, M|item
|poke|p2|Alomomola, M|item
|poke|p2|Amoonguss, M|item
|poke|p2|Quagsire, M|item
|poke|p2|Chansey, F|item
|poke|p2|Blissey, F|item
|poke|p2|Xatu, M|item
|teampreview
|inactive|Battle timer is ON: inactive players will automatically lose when time's up. (requested by frogfacts)
|inactive|AltTestingAlt has 120 seconds left.
|
|t:|1743709571
|start
|switch|p1a: Archeops|Archeops, F|100/100
|switch|p2a: Blissey|Blissey, F|100/100
|turn|1
|
|t:|1743709577
|move|p1a: Archeops|Taunt|p2a: Blissey
|-start|p2a: Blissey|move: Taunt
|move|p2a: Blissey|Ice Beam|p1a: Archeops
|-supereffective|p1a: Archeops
|-enditem|p1a: Archeops|Focus Sash
|-damage|p1a: Archeops|1/100
|
|upkeep
|turn|2
|
|t:|1743709587
|move|p1a: Archeops|Stealth Rock|p2a: Blissey
|-sidestart|p2: AltTestingAlt|move: Stealth Rock
|move|p2a: Blissey|Ice Beam|p1a: Archeops
|-supereffective|p1a: Archeops
|-damage|p1a: Archeops|0 fnt
|faint|p1a: Archeops
|
|upkeep
|
|t:|1743709590
|switch|p1a: Scizor|Scizor, M|100/100
|turn|3
|
|t:|1743709595
|move|p1a: Scizor|Swords Dance|p1a: Scizor
|-boost|p1a: Scizor|atk|2
|move|p2a: Blissey|Ice Beam|p1a: Scizor
|-resisted|p1a: Scizor
|-damage|p1a: Scizor|78/100
|
|-end|p2a: Blissey|move: Taunt
|upkeep
|turn|4
|
|t:|1743709602
|move|p1a: Scizor|Superpower|p2a: Blissey
|-supereffective|p2a: Blissey
|-damage|p2a: Blissey|0 fnt
|-unboost|p1a: Scizor|atk|1
|-unboost|p1a: Scizor|def|1
|faint|p2a: Blissey
|-damage|p1a: Scizor|68/100|[from] item: Life Orb
|
|upkeep
|
|t:|1743709604
|switch|p2a: Quagsire|Quagsire, M|100/100
|-damage|p2a: Quagsire|94/100|[from] Stealth Rock
|turn|5
|
|t:|1743709609
|switch|p1a: Starmie|Starmie|100/100
|-item|p1a: Starmie|Air Balloon
|move|p2a: Quagsire|Counter||[still]
|-fail|p2a: Quagsire
|
|upkeep
|turn|6
|
|t:|1743709624
|switch|p2a: Amoonguss|Amoonguss, M|100/100
|-damage|p2a: Amoonguss|88/100|[from] Stealth Rock
|move|p1a: Starmie|Surf|p2a: Amoonguss
|-resisted|p2a: Amoonguss
|-damage|p2a: Amoonguss|72/100
|
|-heal|p2a: Amoonguss|79/100|[from] item: Black Sludge
|upkeep
|turn|7
|
|t:|1743709628
|move|p1a: Starmie|Ice Beam|p2a: Amoonguss
|-supereffective|p2a: Amoonguss
|-damage|p2a: Amoonguss|38/100
|move|p2a: Amoonguss|Sludge Bomb|p1a: Starmie
|-damage|p1a: Starmie|61/100
|-enditem|p1a: Starmie|Air Balloon
|
|-heal|p2a: Amoonguss|44/100|[from] item: Black Sludge
|upkeep
|turn|8
|
|t:|1743709631
|switch|p2a: Chansey|Chansey, F|100/100
|-damage|p2a: Chansey|88/100|[from] Stealth Rock
|move|p1a: Starmie|Ice Beam|p2a: Chansey
|-damage|p2a: Chansey|80/100
|
|upkeep
|turn|9
|
|t:|1743709636
|switch|p1a: Scizor|Scizor, M|68/100
|move|p2a: Chansey|Soft-Boiled|p2a: Chansey
|-heal|p2a: Chansey|100/100
|
|upkeep
|turn|10
|
|t:|1743709642
|switch|p1a: Volcarona|Volcarona, M|100/100
|switch|p2a: Alomomola|Alomomola, M|100/100
|-damage|p2a: Alomomola|88/100|[from] Stealth Rock
|
|upkeep
|turn|11
|
|t:|1743709646
|switch|p2a: Chansey|Chansey, F|100/100
|-damage|p2a: Chansey|88/100|[from] Stealth Rock
|move|p1a: Volcarona|Quiver Dance|p1a: Volcarona
|-boost|p1a: Volcarona|spa|1
|-boost|p1a: Volcarona|spd|1
|-boost|p1a: Volcarona|spe|1
|
|upkeep
|turn|12
|
|t:|1743709648
|move|p1a: Volcarona|Quiver Dance|p1a: Volcarona
|-boost|p1a: Volcarona|spa|1
|-boost|p1a: Volcarona|spd|1
|-boost|p1a: Volcarona|spe|1
|move|p2a: Chansey|Toxic|p1a: Volcarona
|-status|p1a: Volcarona|tox
|
|-damage|p1a: Volcarona|94/100 tox|[from] psn
|upkeep
|turn|13
|
|t:|1743709654
|move|p1a: Volcarona|Fire Blast|p2a: Chansey
|-damage|p2a: Chansey|30/100
|-damage|p1a: Volcarona|85/100 tox|[from] item: Life Orb
|move|p2a: Chansey|Soft-Boiled|p2a: Chansey
|-heal|p2a: Chansey|80/100
|
|-damage|p1a: Volcarona|73/100 tox|[from] psn
|upkeep
|turn|14
|
|t:|1743709658
|move|p1a: Volcarona|Fire Blast|p2a: Chansey
|-damage|p2a: Chansey|25/100
|-damage|p1a: Volcarona|63/100 tox|[from] item: Life Orb
|move|p2a: Chansey|Soft-Boiled|p2a: Chansey
|-heal|p2a: Chansey|75/100
|
|-damage|p1a: Volcarona|45/100 tox|[from] psn
|upkeep
|turn|15
|
|t:|1743709661
|move|p1a: Volcarona|Bug Buzz|p2a: Chansey
|-damage|p2a: Chansey|35/100
|-damage|p1a: Volcarona|35/100 tox|[from] item: Life Orb
|move|p2a: Chansey|Soft-Boiled|p2a: Chansey
|-heal|p2a: Chansey|85/100
|
|-damage|p1a: Volcarona|11/100 tox|[from] psn
|upkeep
|turn|16
|
|t:|1743709663
|move|p1a: Volcarona|Bug Buzz|p2a: Chansey
|-damage|p2a: Chansey|45/100
|-damage|p1a: Volcarona|1/100 tox|[from] item: Life Orb
|move|p2a: Chansey|Soft-Boiled|p2a: Chansey
|-heal|p2a: Chansey|95/100
|
|-damage|p1a: Volcarona|0 fnt|[from] psn
|faint|p1a: Volcarona
|upkeep
|
|t:|1743709665
|switch|p1a: Scizor|Scizor, M|68/100
|turn|17
|
|t:|1743709667
|switch|p2a: Alomomola|Alomomola, M|100/100
|-damage|p2a: Alomomola|88/100|[from] Stealth Rock
|move|p1a: Scizor|Superpower|p2a: Alomomola
|-damage|p2a: Alomomola|54/100
|-unboost|p1a: Scizor|atk|1
|-unboost|p1a: Scizor|def|1
|-damage|p1a: Scizor|52/100|[from] item: Rocky Helmet|[of] p2a: Alomomola
|-damage|p1a: Scizor|42/100|[from] item: Life Orb
|
|upkeep
|turn|18
|
|t:|1743709672
|switch|p1a: Starmie|Starmie|61/100
|move|p2a: Alomomola|Wish|p2a: Alomomola
|
|upkeep
|turn|19
|
|t:|1743709679
|switch|p2a: Amoonguss|Amoonguss, M|77/100
|-damage|p2a: Amoonguss|65/100|[from] Stealth Rock
|move|p1a: Starmie|Thunderbolt|p2a: Amoonguss
|-resisted|p2a: Amoonguss
|-crit|p2a: Amoonguss
|-damage|p2a: Amoonguss|44/100
|
|-heal|p2a: Amoonguss|100/100|[from] move: Wish|[wisher] Alomomola
|upkeep
|turn|20
|
|t:|1743709686
|switch|p1a: Scizor|Scizor, M|42/100
|move|p2a: Amoonguss|Sludge Bomb|p1a: Scizor
|-immune|p1a: Scizor
|
|upkeep
|turn|21
|
|t:|1743709689
|switch|p2a: Alomomola|Alomomola, M|88/100
|-damage|p2a: Alomomola|75/100|[from] Stealth Rock
|move|p1a: Scizor|Swords Dance|p1a: Scizor
|-boost|p1a: Scizor|atk|2
|
|upkeep
|turn|22
|
|t:|1743709692
|move|p1a: Scizor|Swords Dance|p1a: Scizor
|-boost|p1a: Scizor|atk|2
|move|p2a: Alomomola|Wish|p2a: Alomomola
|
|upkeep
|turn|23
|
|t:|1743709695
|switch|p2a: Quagsire|Quagsire, M|94/100
|-damage|p2a: Quagsire|88/100|[from] Stealth Rock
|move|p1a: Scizor|Swords Dance|p1a: Scizor
|-boost|p1a: Scizor|atk|2
|
|-heal|p2a: Quagsire|100/100|[from] move: Wish|[wisher] Alomomola
|upkeep
|turn|24
|
|t:|1743709698
|move|p1a: Scizor|Superpower|p2a: Quagsire
|-damage|p2a: Quagsire|60/100
|-unboost|p1a: Scizor|atk|1
|-unboost|p1a: Scizor|def|1
|-damage|p1a: Scizor|25/100|[from] item: Rocky Helmet|[of] p2a: Quagsire
|-damage|p1a: Scizor|16/100|[from] item: Life Orb
|move|p2a: Quagsire|Recover|p2a: Quagsire
|-heal|p2a: Quagsire|100/100
|
|upkeep
|turn|25
|
|t:|1743709702
|move|p1a: Scizor|Superpower|p2a: Quagsire
|-damage|p2a: Quagsire|57/100
|-unboost|p1a: Scizor|atk|1
|-unboost|p1a: Scizor|def|1
|-damage|p1a: Scizor|0 fnt|[from] item: Rocky Helmet|[of] p2a: Quagsire
|faint|p1a: Scizor
|move|p2a: Quagsire|Recover|p2a: Quagsire
|-heal|p2a: Quagsire|100/100
|
|upkeep
|
|t:|1743709711
|switch|p1a: Starmie|Starmie|61/100
|turn|26
|
|t:|1743709714
|switch|p2a: Chansey|Chansey, F|95/100
|-damage|p2a: Chansey|82/100|[from] Stealth Rock
|move|p1a: Starmie|Surf|p2a: Chansey
|-damage|p2a: Chansey|69/100
|
|upkeep
|turn|27
|
|t:|1743709729
|move|p1a: Starmie|Surf|p2a: Chansey
|-damage|p2a: Chansey|57/100
|move|p2a: Chansey|Soft-Boiled|p2a: Chansey
|-heal|p2a: Chansey|100/100
|
|upkeep
|turn|28
|
|t:|1743709732
|move|p1a: Starmie|Surf|p2a: Chansey
|-damage|p2a: Chansey|88/100
|move|p2a: Chansey|Toxic|p1a: Starmie
|-status|p1a: Starmie|tox
|
|-damage|p1a: Starmie|55/100 tox|[from] psn
|upkeep
|turn|29
|
|t:|1743709739
|-curestatus|p1a: Starmie|tox|[from] ability: Natural Cure
|switch|p1a: Garchomp|Garchomp, F|100/100
|move|p2a: Chansey|Toxic|p1a: Garchomp|[miss]
|-miss|p2a: Chansey|p1a: Garchomp
|
|upkeep
|turn|30
|
|t:|1743709744
|switch|p2a: Xatu|Xatu, M|100/100
|-damage|p2a: Xatu|76/100|[from] Stealth Rock
|move|p1a: Garchomp|Swords Dance|p1a: Garchomp
|-boost|p1a: Garchomp|atk|2
|
|-heal|p2a: Xatu|82/100|[from] item: Leftovers
|upkeep
|turn|31
|
|t:|1743709747
|move|p1a: Garchomp|Outrage|p2a: Xatu
|-damage|p2a: Xatu|0 fnt
|faint|p2a: Xatu
|
|upkeep
|
|t:|1743709751
|switch|p2a: Quagsire|Quagsire, M|100/100
|-damage|p2a: Quagsire|94/100|[from] Stealth Rock
|turn|32
|
|t:|1743709756
|move|p1a: Garchomp|Outrage|p2a: Quagsire|[from] lockedmove
|-crit|p2a: Quagsire
|-damage|p2a: Quagsire|0 fnt
|-damage|p1a: Garchomp|84/100|[from] item: Rocky Helmet|[of] p2a: Quagsire
|faint|p2a: Quagsire
|
|upkeep
|-message|AltTestingAlt forfeited.
|
|win|frogfacts
|raw|frogfacts's rating: 1344 &rarr; <strong>1363</strong><br />(+19 for winning)
|raw|AltTestingAlt's rating: 1325 &rarr; <strong>1306</strong><br />(-19 for losing)
|l|‽frogfacts
|player|p1|
