|j|☆Spritzalcianuro96
|j|☆GrinchsBankAccount
|t:|1597146232
|player|p1|Spritzalcianuro96|colress|1528
|player|p2|GrinchsBankAccount|bruno-gen3|1300
|teamsize|p1|6
|teamsize|p2|6
|gametype|singles
|gen|5
|tier|[Gen 5] OU
|rated|
|clearpoke
|poke|p1|Keldeo|item
|poke|p1|Hydreigon, M|item
|poke|p1|Celebi|item
|poke|p1|Politoed, F|item
|poke|p1|Starmie|item
|poke|p1|Tornadus, M|item
|poke|p2|Regice|item
|poke|p2|Tentacruel, F|item
|poke|p2|Krookodile, F|item
|poke|p2|Gliscor, F|item
|poke|p2|Scizor, M|item
|poke|p2|Rotom-Wash|item
|rule|Species Clause: Limit one of each Pokémon
|rule|OHKO Clause: OHKO moves are banned
|rule|Moody Clause: Moody is banned
|rule|Evasion Moves Clause: Evasion moves are banned
|rule|Endless Battle Clause: Forcing endless battles is banned
|rule|HP Percentage Mod: HP is shown in percentages
|rule|Evasion Abilities Clause: Evasion abilities are banned
|rule|Baton Pass Clause: Limit one Baton Passer, can't pass Spe and other stats simultaneously
|rule|Sleep Clause: Sleep-inducing moves are banned
|rule|Swagger Clause: Swagger is banned
|teampreview
|inactive|Battle timer is ON: inactive players will automatically lose when time's up. (requested by GrinchsBankAccount)
|
|t:|1597146261
|start
|switch|p1a: Celebi|Celebi|100/100
|switch|p2a: Regice|Regice|100/100
|turn|1
|
|t:|1597146265
|move|p1a: Celebi|Stealth Rock|p2a: Regice
|-sidestart|p2: GrinchsBankAccount|move: Stealth Rock
|move|p2a: Regice|Ice Beam|p1a: Celebi
|-supereffective|p1a: Celebi
|-damage|p1a: Celebi|49/100
|
|-heal|p1a: Celebi|55/100|[from] item: Leftovers
|upkeep
|turn|2
|
|t:|1597146274
|switch|p1a: Politoed|Politoed, F|100/100
|-weather|RainDance|[from] ability: Drizzle|[of] p1a: Politoed
|move|p2a: Regice|Ice Beam|p1a: Politoed
|-resisted|p1a: Politoed
|-damage|p1a: Politoed|79/100
|
|-weather|RainDance|[upkeep]
|-heal|p1a: Politoed|85/100|[from] item: Leftovers
|upkeep
|turn|3
|
|t:|1597146283
|move|p1a: Politoed|Toxic|p2a: Regice
|-status|p2a: Regice|tox
|move|p2a: Regice|Thunderbolt|p1a: Politoed
|-supereffective|p1a: Politoed
|-damage|p1a: Politoed|25/100
|
|-weather|RainDance|[upkeep]
|-heal|p1a: Politoed|31/100|[from] item: Leftovers
|-damage|p2a: Regice|94/100 tox|[from] psn
|upkeep
|turn|4
|
|t:|1597146295
|switch|p1a: Celebi|Celebi|55/100
|move|p2a: Regice|Ice Beam|p1a: Celebi
|-supereffective|p1a: Celebi
|-damage|p1a: Celebi|4/100
|
|-weather|RainDance|[upkeep]
|-heal|p1a: Celebi|10/100|[from] item: Leftovers
|-damage|p2a: Regice|82/100 tox|[from] psn
|upkeep
|turn|5
|
|t:|1597146298
|move|p1a: Celebi|Recover|p1a: Celebi
|-heal|p1a: Celebi|60/100
|move|p2a: Regice|Rest|p2a: Regice
|-status|p2a: Regice|slp|[from] move: Rest
|-heal|p2a: Regice|100/100 slp|[silent]
|-enditem|p2a: Regice|Chesto Berry|[eat]
|-curestatus|p2a: Regice|slp|[msg]
|
|-weather|RainDance|[upkeep]
|-heal|p1a: Celebi|66/100|[from] item: Leftovers
|upkeep
|turn|6
|
|t:|1597146303
|move|p1a: Celebi|Nasty Plot|p1a: Celebi
|-boost|p1a: Celebi|spa|2
|move|p2a: Regice|Ice Beam|p1a: Celebi
|-supereffective|p1a: Celebi
|-damage|p1a: Celebi|7/100
|-status|p1a: Celebi|frz
|
|-weather|RainDance|[upkeep]
|-heal|p1a: Celebi|13/100 frz|[from] item: Leftovers
|upkeep
|turn|7
|
|t:|1597146310
|switch|p1a: Keldeo|Keldeo|100/100
|move|p2a: Regice|Thunderbolt|p1a: Keldeo
|-supereffective|p1a: Keldeo
|-damage|p1a: Keldeo|34/100
|
|-weather|RainDance|[upkeep]
|upkeep
|turn|8
|
|t:|1597146316
|switch|p2a: Tentacruel|Tentacruel, F|100/100
|-damage|p2a: Tentacruel|88/100|[from] Stealth Rock
|move|p1a: Keldeo|Secret Sword|p2a: Tentacruel
|-resisted|p2a: Tentacruel
|-damage|p2a: Tentacruel|59/100
|
|-weather|RainDance|[upkeep]
|-heal|p2a: Tentacruel|65/100|[from] ability: Rain Dish
|-heal|p2a: Tentacruel|71/100|[from] item: Black Sludge
|upkeep
|turn|9
|
|t:|1597146320
|switch|p1a: Celebi|Celebi|13/100
|move|p2a: Tentacruel|Rapid Spin|p1a: Celebi
|-damage|p1a: Celebi|11/100
|-sideend|p2: GrinchsBankAccount|Stealth Rock|[from] move: Rapid Spin|[of] p2a: Tentacruel
|
|-weather|RainDance|[upkeep]
|-heal|p2a: Tentacruel|77/100|[from] ability: Rain Dish
|-heal|p1a: Celebi|17/100|[from] item: Leftovers
|-heal|p2a: Tentacruel|83/100|[from] item: Black Sludge
|upkeep
|turn|10
|
|t:|1597146323
|move|p1a: Celebi|Recover|p1a: Celebi
|-heal|p1a: Celebi|67/100
|move|p2a: Tentacruel|Toxic|p1a: Celebi
|-status|p1a: Celebi|tox
|
|-weather|RainDance|[upkeep]
|-heal|p2a: Tentacruel|89/100|[from] ability: Rain Dish
|-heal|p1a: Celebi|73/100 tox|[from] item: Leftovers
|-heal|p2a: Tentacruel|96/100|[from] item: Black Sludge
|-damage|p1a: Celebi|67/100 tox|[from] psn
|upkeep
|turn|11
|
|t:|1597146329
|switch|p2a: Scizor|Scizor, M|100/100
|move|p1a: Celebi|Nasty Plot|p1a: Celebi
|-boost|p1a: Celebi|spa|2
|
|-weather|RainDance|[upkeep]
|-heal|p1a: Celebi|73/100 tox|[from] item: Leftovers
|-damage|p1a: Celebi|61/100 tox|[from] psn
|upkeep
|turn|12
|
|t:|1597146338
|move|p2a: Scizor|U-turn|p1a: Celebi
|-supereffective|p1a: Celebi
|-damage|p1a: Celebi|0 fnt
|faint|p1a: Celebi
|
|t:|1597146346
|switch|p2a: Rotom|Rotom-Wash|100/100|[from]move: U-turn
|
|-weather|RainDance|[upkeep]
|upkeep
|
|t:|1597146351
|switch|p1a: Hydreigon|Hydreigon, M|100/100
|turn|13
|
|t:|1597146356
|move|p1a: Hydreigon|Dark Pulse|p2a: Rotom
|-damage|p2a: Rotom|52/100
|-damage|p1a: Hydreigon|91/100|[from] item: Life Orb
|cant|p2a: Rotom|flinch
|
|-weather|RainDance|[upkeep]
|upkeep
|turn|14
|
|t:|1597146372
|move|p1a: Hydreigon|Dark Pulse|p2a: Rotom
|-crit|p2a: Rotom
|-damage|p2a: Rotom|0 fnt
|-damage|p1a: Hydreigon|81/100|[from] item: Life Orb
|faint|p2a: Rotom
|
|-weather|RainDance|[upkeep]
|upkeep
|c|☆GrinchsBankAccount|lol
|
|t:|1597146381
|switch|p2a: Scizor|Scizor, M|100/100
|turn|15
|
|t:|1597146397
|switch|p1a: Politoed|Politoed, F|31/100
|move|p2a: Scizor|U-turn|p1a: Politoed
|-damage|p1a: Politoed|0 fnt
|faint|p1a: Politoed
|
|t:|1597146404
|switch|p2a: Regice|Regice|100/100|[from]move: U-turn
|
|-weather|RainDance|[upkeep]
|upkeep
|
|t:|1597146411
|switch|p1a: Keldeo|Keldeo|34/100
|turn|16
|
|t:|1597146415
|switch|p1a: Tornadus|Tornadus, M|100/100
|switch|p2a: Tentacruel|Tentacruel, F|96/100
|
|-weather|RainDance|[upkeep]
|-heal|p2a: Tentacruel|100/100|[from] ability: Rain Dish
|upkeep
|turn|17
|
|t:|1597146421
|move|p1a: Tornadus|Hurricane|p2a: Tentacruel
|-damage|p2a: Tentacruel|67/100
|-start|p2a: Tentacruel|confusion
|-activate|p2a: Tentacruel|confusion
|move|p2a: Tentacruel|Scald|p1a: Tornadus
|-crit|p1a: Tornadus
|-damage|p1a: Tornadus|1/100
|
|-weather|RainDance|[upkeep]
|-heal|p2a: Tentacruel|73/100|[from] ability: Rain Dish
|-heal|p2a: Tentacruel|79/100|[from] item: Black Sludge
|upkeep
|turn|18
|
|t:|1597146432
|move|p1a: Tornadus|Hurricane|p2a: Tentacruel
|-damage|p2a: Tentacruel|41/100
|-activate|p2a: Tentacruel|confusion
|move|p2a: Tentacruel|Scald|p1a: Tornadus
|-damage|p1a: Tornadus|0 fnt
|faint|p1a: Tornadus
|
|-weather|RainDance|[upkeep]
|-heal|p2a: Tentacruel|47/100|[from] ability: Rain Dish
|-heal|p2a: Tentacruel|53/100|[from] item: Black Sludge
|upkeep
|
|t:|1597146438
|switch|p1a: Hydreigon|Hydreigon, M|81/100
|turn|19
|
|t:|1597146442
|-activate|p2a: Tentacruel|confusion
|move|p2a: Tentacruel|Protect|p2a: Tentacruel
|-singleturn|p2a: Tentacruel|Protect
|move|p1a: Hydreigon|Dark Pulse|p2a: Tentacruel
|-activate|p2a: Tentacruel|move: Protect
|
|-weather|RainDance|[upkeep]
|-heal|p2a: Tentacruel|59/100|[from] ability: Rain Dish
|-heal|p2a: Tentacruel|66/100|[from] item: Black Sludge
|upkeep
|turn|20
|
|t:|1597146446
|move|p1a: Hydreigon|Earth Power|p2a: Tentacruel
|-supereffective|p2a: Tentacruel
|-damage|p2a: Tentacruel|9/100
|-damage|p1a: Hydreigon|71/100|[from] item: Life Orb
|-activate|p2a: Tentacruel|confusion
|-damage|p2a: Tentacruel|2/100|[from] confusion
|
|-weather|RainDance|[upkeep]
|-heal|p2a: Tentacruel|8/100|[from] ability: Rain Dish
|-heal|p2a: Tentacruel|14/100|[from] item: Black Sludge
|upkeep
|turn|21
|
|t:|1597146453
|-end|p2a: Tentacruel|confusion
|move|p2a: Tentacruel|Protect|p2a: Tentacruel
|-singleturn|p2a: Tentacruel|Protect
|move|p1a: Hydreigon|Earth Power|p2a: Tentacruel
|-activate|p2a: Tentacruel|move: Protect
|
|-weather|RainDance|[upkeep]
|-heal|p2a: Tentacruel|20/100|[from] ability: Rain Dish
|-heal|p2a: Tentacruel|26/100|[from] item: Black Sludge
|upkeep
|turn|22
|
|t:|1597146458
|switch|p2a: Regice|Regice|100/100
|move|p1a: Hydreigon|Dark Pulse|p2a: Regice
|-damage|p2a: Regice|72/100
|-damage|p1a: Hydreigon|61/100|[from] item: Life Orb
|
|-weather|RainDance|[upkeep]
|upkeep
|turn|23
|
|t:|1597146462
|move|p1a: Hydreigon|Focus Blast|p2a: Regice
|-supereffective|p2a: Regice
|-damage|p2a: Regice|13/100
|-damage|p1a: Hydreigon|51/100|[from] item: Life Orb
|move|p2a: Regice|Ice Beam|p1a: Hydreigon
|-supereffective|p1a: Hydreigon
|-damage|p1a: Hydreigon|0 fnt
|faint|p1a: Hydreigon
|
|-weather|RainDance|[upkeep]
|upkeep
|
|t:|1597146467
|switch|p1a: Starmie|Starmie|100/100
|turn|24
|
|t:|1597146471
|move|p1a: Starmie|Psyshock|p2a: Regice
|-damage|p2a: Regice|0 fnt
|faint|p2a: Regice
|
|-weather|RainDance|[upkeep]
|upkeep
|
|t:|1597146474
|switch|p2a: Scizor|Scizor, M|100/100
|turn|25
|
|t:|1597146478
|move|p2a: Scizor|Bug Bite|p1a: Starmie
|-supereffective|p1a: Starmie
|-damage|p1a: Starmie|0 fnt
|faint|p1a: Starmie
|
|-weather|RainDance|[upkeep]
|upkeep
|
|t:|1597146480
|switch|p1a: Keldeo|Keldeo|34/100
|turn|26
|
|t:|1597146485
|move|p1a: Keldeo|Surf|p2a: Scizor
|-damage|p2a: Scizor|0 fnt
|faint|p2a: Scizor
|
|-weather|RainDance|[upkeep]
|upkeep
|
|t:|1597146488
|switch|p2a: Tentacruel|Tentacruel, F|26/100
|turn|27
|
|t:|1597146491
|move|p2a: Tentacruel|Protect|p2a: Tentacruel
|-singleturn|p2a: Tentacruel|Protect
|move|p1a: Keldeo|Surf|p2a: Tentacruel
|-activate|p2a: Tentacruel|move: Protect
|
|-weather|RainDance|[upkeep]
|-heal|p2a: Tentacruel|32/100|[from] ability: Rain Dish
|-heal|p2a: Tentacruel|38/100|[from] item: Black Sludge
|upkeep
|turn|28
|
|t:|1597146496
|move|p1a: Keldeo|Surf|p2a: Tentacruel
|-resisted|p2a: Tentacruel
|-damage|p2a: Tentacruel|18/100
|move|p2a: Tentacruel|Scald|p1a: Keldeo
|-resisted|p1a: Keldeo
|-damage|p1a: Keldeo|15/100
|-status|p1a: Keldeo|brn
|
|-weather|RainDance|[upkeep]
|-heal|p2a: Tentacruel|24/100|[from] ability: Rain Dish
|-heal|p2a: Tentacruel|30/100|[from] item: Black Sludge
|-damage|p1a: Keldeo|3/100 brn|[from] brn
|upkeep
|turn|29
|
|t:|1597146500
|move|p2a: Tentacruel|Protect|p2a: Tentacruel
|-singleturn|p2a: Tentacruel|Protect
|move|p1a: Keldeo|Surf|p2a: Tentacruel
|-activate|p2a: Tentacruel|move: Protect
|
|-weather|RainDance|[upkeep]
|-heal|p2a: Tentacruel|36/100|[from] ability: Rain Dish
|-heal|p2a: Tentacruel|42/100|[from] item: Black Sludge
|-damage|p1a: Keldeo|0 fnt|[from] brn
|faint|p1a: Keldeo
|
|win|GrinchsBankAccount
|upkeep
|l|☆Spritzalcianuro96
|raw|Spritzalcianuro96's rating: 1528 &rarr; <strong>1497</strong><br />(-31 for losing)
|raw|GrinchsBankAccount's rating: 1300 &rarr; <strong>1339</strong><br />(+39 for winning)
