|j|☆HydreigonSpammer
|j|☆Clawdia Chauchat
|t:|1736245249
|gametype|singles
|player|p1|HydreigonSpammer|iris|1412
|player|p2|Clawdia Chauchat|winona|1429
|teamsize|p1|6
|teamsize|p2|6
|gen|5
|tier|[Gen 5] OU
|rated|
|rule|Species Clause: Limit one of each Pokémon
|rule|OHKO Clause: OHKO moves are banned
|rule|Moody Clause: Moody is banned
|rule|Evasion Items Clause: Evasion items are banned
|rule|Evasion Moves Clause: Evasion moves are banned
|rule|Endless Battle Clause: Forcing endless battles is banned
|rule|HP Percentage Mod: HP is shown in percentages
|rule|Evasion Abilities Clause: Evasion abilities are banned
|rule|Sleep Moves Clause: Sleep-inducing moves are banned
|rule|Swagger Clause: Swagger is banned
|rule|Baton Pass Stat Clause: No Baton Passer may have a way to boost its stats
|clearpoke
|poke|p1|Tyranitar, M|item
|poke|p1|Garchomp, M|item
|poke|p1|Excadrill, F|item
|poke|p1|Rotom-Wash|item
|poke|p1|Landorus-Therian, M|item
|poke|p1|Latios, M|item
|poke|p2|Tyranitar, F|item
|poke|p2|Excadrill, M|item
|poke|p2|Celebi|item
|poke|p2|Jirachi|item
|poke|p2|Rotom-Wash|item
|poke|p2|Landorus-Therian, M|item
|teampreview
|
|t:|1736245343
|start
|switch|p1a: Landorus|Landorus-Therian, M|100/100
|switch|p2a: Jirachi|Jirachi|100/100
|-ability|p1a: Landorus|Intimidate|boost
|-unboost|p2a: Jirachi|atk|1
|turn|1
|
|t:|1736245363
|switch|p1a: Rotom|Rotom-Wash|100/100
|move|p2a: Jirachi|Body Slam|p1a: Rotom
|-damage|p1a: Rotom|89/100
|-status|p1a: Rotom|par
|
|-heal|p1a: Rotom|95/100 par|[from] item: Leftovers
|upkeep
|turn|2
|
|t:|1736245368
|move|p2a: Jirachi|U-turn|p1a: Rotom
|-damage|p1a: Rotom|84/100 par
|
|t:|1736245428
|switch|p2a: Celebi|Celebi|100/100|[from] U-turn
|move|p1a: Rotom|Volt Switch|p2a: Celebi
|-resisted|p2a: Celebi
|-damage|p2a: Celebi|93/100
|
|t:|1736245438
|switch|p1a: Landorus|Landorus-Therian, M|100/100|[from] Volt Switch
|-ability|p1a: Landorus|Intimidate|boost
|-unboost|p2a: Celebi|atk|1
|
|-heal|p2a: Celebi|99/100|[from] item: Leftovers
|upkeep
|turn|3
|
|t:|1736245458
|move|p1a: Landorus|U-turn|p2a: Celebi
|-supereffective|p2a: Celebi
|-damage|p2a: Celebi|25/100
|
|t:|1736245465
|switch|p1a: Tyranitar|Tyranitar, M|100/100|[from] U-turn
|-weather|Sandstorm|[from] ability: Sand Stream|[of] p1a: Tyranitar
|move|p2a: Celebi|Baton Pass|p2a: Celebi
|
|t:|1736245482
|switch|p2a: Landorus|Landorus-Therian, M|100/100|[from] Baton Pass
|-ability|p2a: Landorus|Intimidate|boost
|-unboost|p1a: Tyranitar|atk|1
|
|-weather|Sandstorm|[upkeep]
|upkeep
|turn|4
|
|t:|1736245505
|switch|p1a: Rotom|Rotom-Wash|84/100 par
|move|p2a: Landorus|Stealth Rock|p1a: Rotom
|-sidestart|p1: HydreigonSpammer|move: Stealth Rock
|
|-weather|Sandstorm|[upkeep]
|-damage|p1a: Rotom|78/100 par|[from] Sandstorm
|-heal|p1a: Rotom|84/100 par|[from] item: Leftovers
|upkeep
|turn|5
|
|t:|1736245559
|move|p2a: Landorus|U-turn|p1a: Rotom
|-damage|p1a: Rotom|69/100 par
|
|t:|1736245563
|switch|p2a: Celebi|Celebi|25/100|[from] U-turn
|cant|p1a: Rotom|par
|
|-weather|Sandstorm|[upkeep]
|-damage|p2a: Celebi|19/100|[from] Sandstorm
|-damage|p1a: Rotom|64/100 par|[from] Sandstorm
|-heal|p2a: Celebi|25/100|[from] item: Leftovers
|-heal|p1a: Rotom|69/100 par|[from] item: Leftovers
|upkeep
|turn|6
|
|t:|1736245571
|switch|p1a: Landorus|Landorus-Therian, M|100/100
|-damage|p1a: Landorus|88/100|[from] Stealth Rock
|-ability|p1a: Landorus|Intimidate|boost
|-unboost|p2a: Celebi|atk|1
|move|p2a: Celebi|Recover|p2a: Celebi
|-heal|p2a: Celebi|75/100
|
|-weather|Sandstorm|[upkeep]
|-damage|p2a: Celebi|69/100|[from] Sandstorm
|-heal|p1a: Landorus|94/100|[from] item: Leftovers
|-heal|p2a: Celebi|75/100|[from] item: Leftovers
|upkeep
|turn|7
|
|t:|1736245582
|switch|p2a: Landorus|Landorus-Therian, M|100/100
|-ability|p2a: Landorus|Intimidate|boost
|-unboost|p1a: Landorus|atk|1
|move|p1a: Landorus|Stealth Rock|p2a: Landorus
|-sidestart|p2: Clawdia Chauchat|move: Stealth Rock
|
|-weather|Sandstorm|[upkeep]
|-heal|p1a: Landorus|99/100|[from] item: Leftovers
|upkeep
|turn|8
|
|t:|1736245586
|switch|p1a: Rotom|Rotom-Wash|69/100 par
|-damage|p1a: Rotom|57/100 par|[from] Stealth Rock
|move|p2a: Landorus|Hidden Power|p1a: Rotom
|-resisted|p1a: Rotom
|-crit|p1a: Rotom
|-damage|p1a: Rotom|43/100 par
|
|-weather|Sandstorm|[upkeep]
|-damage|p1a: Rotom|37/100 par|[from] Sandstorm
|-heal|p1a: Rotom|43/100 par|[from] item: Leftovers
|upkeep
|turn|9
|
|t:|1736245589
|move|p2a: Landorus|U-turn|p1a: Rotom
|-damage|p1a: Rotom|22/100 par
|
|t:|1736245592
|switch|p2a: Excadrill|Excadrill, M|100/100|[from] U-turn
|-damage|p2a: Excadrill|97/100|[from] Stealth Rock
|move|p1a: Rotom|Pain Split|p2a: Excadrill
|-sethp|p2a: Excadrill|56/100|[from] move: Pain Split|[silent]
|-sethp|p1a: Rotom|79/100 par|[from] move: Pain Split
|
|-weather|Sandstorm|[upkeep]
|-damage|p1a: Rotom|73/100 par|[from] Sandstorm
|-heal|p2a: Excadrill|63/100|[from] item: Leftovers
|-heal|p1a: Rotom|79/100 par|[from] item: Leftovers
|upkeep
|turn|10
|
|t:|1736245599
|move|p2a: Excadrill|Rock Slide|p1a: Rotom
|-damage|p1a: Rotom|43/100 par
|move|p1a: Rotom|Hydro Pump|p2a: Excadrill
|-supereffective|p2a: Excadrill
|-damage|p2a: Excadrill|0 fnt
|faint|p2a: Excadrill
|
|-weather|Sandstorm|[upkeep]
|-damage|p1a: Rotom|37/100 par|[from] Sandstorm
|-heal|p1a: Rotom|43/100 par|[from] item: Leftovers
|upkeep
|
|t:|1736245605
|switch|p2a: Tyranitar|Tyranitar, F|100/100
|-damage|p2a: Tyranitar|88/100|[from] Stealth Rock
|turn|11
|
|t:|1736245611
|move|p2a: Tyranitar|Crunch|p1a: Rotom
|-damage|p1a: Rotom|0 fnt
|faint|p1a: Rotom
|
|-weather|Sandstorm|[upkeep]
|upkeep
|
|t:|1736245640
|switch|p1a: Landorus|Landorus-Therian, M|99/100
|-damage|p1a: Landorus|88/100|[from] Stealth Rock
|-ability|p1a: Landorus|Intimidate|boost
|-unboost|p2a: Tyranitar|atk|1
|turn|12
|
|t:|1736245644
|move|p1a: Landorus|U-turn|p2a: Tyranitar
|-supereffective|p2a: Tyranitar
|-damage|p2a: Tyranitar|56/100
|
|t:|1736245652
|switch|p1a: Tyranitar|Tyranitar, M|100/100|[from] U-turn
|-damage|p1a: Tyranitar|88/100|[from] Stealth Rock
|move|p2a: Tyranitar|Crunch|p1a: Tyranitar
|-resisted|p1a: Tyranitar
|-damage|p1a: Tyranitar|69/100
|-unboost|p1a: Tyranitar|def|1
|
|-weather|Sandstorm|[upkeep]
|upkeep
|turn|13
|
|t:|1736245657
|switch|p2a: Jirachi|Jirachi|100/100
|-damage|p2a: Jirachi|94/100|[from] Stealth Rock
|move|p1a: Tyranitar|Superpower|p2a: Jirachi
|-damage|p2a: Jirachi|59/100
|-unboost|p1a: Tyranitar|atk|1
|-unboost|p1a: Tyranitar|def|1
|
|-weather|Sandstorm|[upkeep]
|upkeep
|turn|14
|
|t:|1736245673
|move|p2a: Jirachi|Body Slam|p1a: Tyranitar
|-resisted|p1a: Tyranitar
|-damage|p1a: Tyranitar|55/100
|-status|p1a: Tyranitar|par
|cant|p1a: Tyranitar|par
|
|-weather|Sandstorm|[upkeep]
|upkeep
|turn|15
|
|t:|1736245682
|move|p2a: Jirachi|U-turn|p1a: Tyranitar
|-supereffective|p1a: Tyranitar
|-damage|p1a: Tyranitar|11/100 par
|
|t:|1736245685
|switch|p2a: Landorus|Landorus-Therian, M|100/100|[from] U-turn
|-damage|p2a: Landorus|88/100|[from] Stealth Rock
|-ability|p2a: Landorus|Intimidate|boost
|-unboost|p1a: Tyranitar|atk|1
|move|p1a: Tyranitar|Crunch|p2a: Landorus
|-damage|p2a: Landorus|71/100
|
|-weather|Sandstorm|[upkeep]
|-heal|p2a: Landorus|77/100|[from] item: Leftovers
|upkeep
|turn|16
|
|t:|1736245689
|move|p2a: Landorus|Earthquake|p1a: Tyranitar
|-supereffective|p1a: Tyranitar
|-damage|p1a: Tyranitar|0 fnt
|faint|p1a: Tyranitar
|
|-weather|Sandstorm|[upkeep]
|-heal|p2a: Landorus|83/100|[from] item: Leftovers
|upkeep
|
|t:|1736245701
|switch|p1a: Latios|Latios, M|100/100
|-damage|p1a: Latios|88/100|[from] Stealth Rock
|turn|17
|
|t:|1736245710
|switch|p2a: Celebi|Celebi|75/100
|-damage|p2a: Celebi|63/100|[from] Stealth Rock
|move|p1a: Latios|Surf|p2a: Celebi
|-resisted|p2a: Celebi
|-damage|p2a: Celebi|49/100
|
|-weather|Sandstorm|[upkeep]
|-damage|p1a: Latios|82/100|[from] Sandstorm
|-damage|p2a: Celebi|42/100|[from] Sandstorm
|-heal|p2a: Celebi|49/100|[from] item: Leftovers
|upkeep
|turn|18
|
|t:|1736245719
|switch|p1a: Landorus|Landorus-Therian, M|88/100
|-damage|p1a: Landorus|76/100|[from] Stealth Rock
|-ability|p1a: Landorus|Intimidate|boost
|-unboost|p2a: Celebi|atk|1
|move|p2a: Celebi|Baton Pass|p2a: Celebi
|
|t:|1736245727
|switch|p2a: Rotom|Rotom-Wash|100/100|[from] Baton Pass
|-damage|p2a: Rotom|88/100|[from] Stealth Rock
|
|-weather|Sandstorm|[upkeep]
|-damage|p2a: Rotom|82/100|[from] Sandstorm
|-heal|p1a: Landorus|82/100|[from] item: Leftovers
|upkeep
|turn|19
|
|t:|1736245739
|switch|p1a: Latios|Latios, M|82/100
|-damage|p1a: Latios|70/100|[from] Stealth Rock
|move|p2a: Rotom|Hydro Pump|p1a: Latios
|-resisted|p1a: Latios
|-damage|p1a: Latios|44/100
|
|-weather|Sandstorm|[upkeep]
|-damage|p2a: Rotom|76/100|[from] Sandstorm
|-damage|p1a: Latios|38/100|[from] Sandstorm
|upkeep
|turn|20
|
|t:|1736245758
|switch|p2a: Celebi|Celebi|49/100
|-damage|p2a: Celebi|36/100|[from] Stealth Rock
|move|p1a: Latios|Draco Meteor|p2a: Celebi|[miss]
|-miss|p1a: Latios|p2a: Celebi
|
|-weather|Sandstorm|[upkeep]
|-damage|p1a: Latios|32/100|[from] Sandstorm
|-damage|p2a: Celebi|30/100|[from] Sandstorm
|-heal|p2a: Celebi|36/100|[from] item: Leftovers
|upkeep
|turn|21
|
|t:|1736245771
|switch|p1a: Landorus|Landorus-Therian, M|82/100
|-damage|p1a: Landorus|69/100|[from] Stealth Rock
|-ability|p1a: Landorus|Intimidate|boost
|-unboost|p2a: Celebi|atk|1
|move|p2a: Celebi|Recover|p2a: Celebi
|-heal|p2a: Celebi|86/100
|
|-weather|Sandstorm|[upkeep]
|-damage|p2a: Celebi|80/100|[from] Sandstorm
|-heal|p1a: Landorus|75/100|[from] item: Leftovers
|-heal|p2a: Celebi|86/100|[from] item: Leftovers
|upkeep
|turn|22
|
|t:|1736245793
|move|p1a: Landorus|U-turn|p2a: Celebi
|-supereffective|p2a: Celebi
|-damage|p2a: Celebi|5/100
|
|t:|1736245801
|switch|p1a: Excadrill|Excadrill, F|100/100|[from] U-turn
|-damage|p1a: Excadrill|97/100|[from] Stealth Rock
|move|p2a: Celebi|Psychic|p1a: Excadrill
|-resisted|p1a: Excadrill
|-damage|p1a: Excadrill|79/100
|
|-weather|Sandstorm|[upkeep]
|-damage|p2a: Celebi|0 fnt|[from] Sandstorm
|faint|p2a: Celebi
|upkeep
|
|t:|1736245813
|switch|p2a: Landorus|Landorus-Therian, M|83/100
|-damage|p2a: Landorus|71/100|[from] Stealth Rock
|-ability|p2a: Landorus|Intimidate|boost
|-unboost|p1a: Excadrill|atk|1
|turn|23
|
|t:|1736245827
|move|p1a: Excadrill|Iron Head|p2a: Landorus
|-damage|p2a: Landorus|33/100
|cant|p2a: Landorus|flinch
|
|-weather|Sandstorm|[upkeep]
|-heal|p2a: Landorus|39/100|[from] item: Leftovers
|upkeep
|turn|24
|
|t:|1736245831
|move|p1a: Excadrill|Iron Head|p2a: Landorus
|-damage|p2a: Landorus|0 fnt
|faint|p2a: Landorus
|
|-weather|Sandstorm|[upkeep]
|upkeep
|
|t:|1736245846
|switch|p2a: Jirachi|Jirachi|59/100
|-damage|p2a: Jirachi|53/100|[from] Stealth Rock
|turn|25
|
|t:|1736245869
|move|p1a: Excadrill|Iron Head|p2a: Jirachi
|-resisted|p2a: Jirachi
|-damage|p2a: Jirachi|37/100
|move|p2a: Jirachi|Body Slam|p1a: Excadrill
|-resisted|p1a: Excadrill
|-damage|p1a: Excadrill|65/100
|
|-weather|Sandstorm|[upkeep]
|upkeep
|turn|26
|
|t:|1736245877
|move|p1a: Excadrill|Iron Head|p2a: Jirachi
|-resisted|p2a: Jirachi
|-damage|p2a: Jirachi|20/100
|move|p2a: Jirachi|Fire Punch|p1a: Excadrill
|-supereffective|p1a: Excadrill
|-damage|p1a: Excadrill|19/100
|
|-weather|Sandstorm|[upkeep]
|upkeep
|turn|27
|
|t:|1736245889
|move|p1a: Excadrill|Iron Head|p2a: Jirachi
|-resisted|p2a: Jirachi
|-damage|p2a: Jirachi|2/100
|move|p2a: Jirachi|Fire Punch|p1a: Excadrill
|-supereffective|p1a: Excadrill
|-damage|p1a: Excadrill|0 fnt
|faint|p1a: Excadrill
|
|-weather|Sandstorm|[upkeep]
|upkeep
|
|t:|1736245901
|switch|p1a: Garchomp|Garchomp, M|100/100
|-damage|p1a: Garchomp|94/100|[from] Stealth Rock
|turn|28
|
|t:|1736245906
|move|p1a: Garchomp|Earthquake|p2a: Jirachi
|-supereffective|p2a: Jirachi
|-enditem|p2a: Jirachi|Shuca Berry|[eat]
|-enditem|p2a: Jirachi|Shuca Berry|[weaken]
|-damage|p2a: Jirachi|0 fnt
|faint|p2a: Jirachi
|
|-weather|Sandstorm|[upkeep]
|upkeep
|
|t:|1736245907
|switch|p2a: Rotom|Rotom-Wash|76/100
|-damage|p2a: Rotom|63/100|[from] Stealth Rock
|turn|29
|
|t:|1736245912
|move|p2a: Rotom|Hydro Pump|p1a: Garchomp
|-damage|p1a: Garchomp|40/100
|move|p1a: Garchomp|Dragon Claw|p2a: Rotom
|-damage|p2a: Rotom|8/100
|
|-weather|Sandstorm|[upkeep]
|-damage|p2a: Rotom|2/100|[from] Sandstorm
|upkeep
|turn|30
|
|t:|1736245924
|move|p2a: Rotom|Hydro Pump|p1a: Garchomp
|-damage|p1a: Garchomp|0 fnt
|faint|p1a: Garchomp
|
|-weather|Sandstorm|[upkeep]
|-damage|p2a: Rotom|0 fnt|[from] Sandstorm
|faint|p2a: Rotom
|upkeep
|
|t:|1736245929
|switch|p1a: Landorus|Landorus-Therian, M|75/100
|switch|p2a: Tyranitar|Tyranitar, F|56/100
|-damage|p1a: Landorus|63/100|[from] Stealth Rock
|-ability|p1a: Landorus|Intimidate|boost
|-unboost|p2a: Tyranitar|atk|1
|-damage|p2a: Tyranitar|44/100|[from] Stealth Rock
|turn|31
|
|t:|1736245932
|move|p1a: Landorus|Earthquake|p2a: Tyranitar
|-supereffective|p2a: Tyranitar
|-damage|p2a: Tyranitar|0 fnt
|faint|p2a: Tyranitar
|
|win|HydreigonSpammer
|raw|HydreigonSpammer's rating: 1412 &rarr; <strong>1434</strong><br />(+22 for winning)
|raw|Clawdia Chauchat's rating: 1447 &rarr; <strong>1425</strong><br />(-22 for losing)
|l|☆Clawdia Chauchat
|player|p2|
|c|☆HydreigonSpammer|gg wp
