|j|☆133fcsq
|j|☆silverfuck
|t:|1739504919
|gametype|singles
|player|p1|133fcsq|265|1331
|player|p2|silverfuck|1|1353
|teamsize|p1|6
|teamsize|p2|6
|gen|5
|tier|[Gen 5] OU
|rated|
|rule|Species Clause: Limit one of each Pokémon
|rule|OHKO Clause: OHKO moves are banned
|rule|Moody Clause: Moody is banned
|rule|Evasion Items Clause: Evasion items are banned
|rule|Evasion Moves Clause: Evasion moves are banned
|rule|Endless Battle Clause: Forcing endless battles is banned
|rule|HP Percentage Mod: HP is shown in percentages
|rule|Evasion Abilities Clause: Evasion abilities are banned
|rule|Sleep Moves Clause: Sleep-inducing moves are banned
|rule|Swagger Clause: Swagger is banned
|rule|Baton Pass Stat Clause: No Baton Passer may have a way to boost its stats
|clearpoke
|poke|p1|Politoed, F|item
|poke|p1|Keldeo|item
|poke|p1|Latios, M|item
|poke|p1|Starmie|item
|poke|p1|Thundurus-Therian, M|item
|poke|p1|Jirachi|item
|poke|p2|Rotom-Wash|item
|poke|p2|Landorus-Therian, M|item
|poke|p2|Jirachi|item
|poke|p2|Tyranitar, F|item
|poke|p2|Latios, M|item
|poke|p2|Garchomp, M|item
|teampreview
|
|t:|1739504962
|start
|switch|p1a: Jirachi|Jirachi|100/100
|switch|p2a: TURBO RUMP|Rotom-Wash|100/100
|turn|1
|
|t:|1739504975
|move|p2a: TURBO RUMP|Volt Switch|p1a: Jirachi
|-damage|p1a: Jirachi|77/100
|
|t:|1739504981
|switch|p2a: INBRED IGUANA|Landorus-Therian, M|100/100|[from] Volt Switch
|-ability|p2a: INBRED IGUANA|Intimidate|boost
|-unboost|p1a: Jirachi|atk|1
|move|p1a: Jirachi|Stealth Rock|p2a: INBRED IGUANA
|-sidestart|p2: silverfuck|move: Stealth Rock
|
|-heal|p1a: Jirachi|84/100|[from] item: Leftovers
|upkeep
|turn|2
|
|t:|1739504985
|switch|p1a: Politoed|Politoed, F|100/100
|-weather|RainDance|[from] ability: Drizzle|[of] p1a: Politoed
|move|p2a: INBRED IGUANA|U-turn|p1a: Politoed
|-damage|p1a: Politoed|81/100
|
|t:|1739504989
|switch|p2a: MCDONALD'S SPRITE|Jirachi|100/100|[from] U-turn
|-damage|p2a: MCDONALD'S SPRITE|94/100|[from] Stealth Rock
|
|-weather|RainDance|[upkeep]
|-heal|p1a: Politoed|87/100|[from] item: Leftovers
|upkeep
|turn|3
|
|t:|1739504995
|switch|p1a: Thundurus|Thundurus-Therian, M|100/100
|move|p2a: MCDONALD'S SPRITE|Thunder|p1a: Thundurus
|-immune|p1a: Thundurus|[from] ability: Volt Absorb
|
|-weather|RainDance|[upkeep]
|upkeep
|turn|4
|
|t:|1739505000
|move|p2a: MCDONALD'S SPRITE|Ice Punch|p1a: Thundurus
|-supereffective|p1a: Thundurus
|-damage|p1a: Thundurus|23/100
|move|p1a: Thundurus|Focus Blast|p2a: MCDONALD'S SPRITE
|-damage|p2a: MCDONALD'S SPRITE|43/100
|-unboost|p2a: MCDONALD'S SPRITE|spd|1
|
|-weather|RainDance|[upkeep]
|-heal|p1a: Thundurus|30/100|[from] item: Leftovers
|upkeep
|turn|5
|
|t:|1739505008
|switch|p1a: Jirachi|Jirachi|84/100
|move|p2a: MCDONALD'S SPRITE|Ice Punch|p1a: Jirachi
|-resisted|p1a: Jirachi
|-crit|p1a: Jirachi
|-damage|p1a: Jirachi|65/100
|
|-weather|RainDance|[upkeep]
|-heal|p1a: Jirachi|71/100|[from] item: Leftovers
|upkeep
|turn|6
|
|t:|1739505011
|move|p2a: MCDONALD'S SPRITE|Fire Punch|p1a: Jirachi
|-supereffective|p1a: Jirachi
|-damage|p1a: Jirachi|50/100
|-status|p1a: Jirachi|brn
|move|p1a: Jirachi|Thunder|p2a: MCDONALD'S SPRITE
|-damage|p2a: MCDONALD'S SPRITE|5/100
|-status|p2a: MCDONALD'S SPRITE|par
|
|-weather|RainDance|[upkeep]
|-heal|p1a: Jirachi|56/100 brn|[from] item: Leftovers
|-damage|p1a: Jirachi|44/100 brn|[from] brn
|upkeep
|turn|7
|
|t:|1739505016
|move|p1a: Jirachi|U-turn|p2a: MCDONALD'S SPRITE
|-damage|p2a: MCDONALD'S SPRITE|0 fnt
|faint|p2a: MCDONALD'S SPRITE
|
|t:|1739505024
|switch|p1a: Keldeo|Keldeo|100/100|[from] U-turn
|
|-weather|RainDance|[upkeep]
|upkeep
|
|t:|1739505032
|switch|p2a: DOPPELSOLDNER|Latios, M|100/100
|-damage|p2a: DOPPELSOLDNER|88/100|[from] Stealth Rock
|turn|8
|
|t:|1739505037
|switch|p1a: Jirachi|Jirachi|44/100 brn
|move|p2a: DOPPELSOLDNER|Draco Meteor|p1a: Jirachi
|-resisted|p1a: Jirachi
|-damage|p1a: Jirachi|9/100 brn
|-unboost|p2a: DOPPELSOLDNER|spa|2
|
|-weather|RainDance|[upkeep]
|-heal|p1a: Jirachi|16/100 brn|[from] item: Leftovers
|-damage|p1a: Jirachi|3/100 brn|[from] brn
|upkeep
|turn|9
|
|t:|1739505041
|move|p2a: DOPPELSOLDNER|Draco Meteor|p1a: Jirachi
|-resisted|p1a: Jirachi
|-damage|p1a: Jirachi|0 fnt
|-unboost|p2a: DOPPELSOLDNER|spa|2
|faint|p1a: Jirachi
|
|-weather|RainDance|[upkeep]
|upkeep
|
|t:|1739505050
|switch|p1a: Latios|Latios, M|100/100
|turn|10
|
|t:|1739505054
|switch|p1a: Keldeo|Keldeo|100/100
|switch|p2a: TTARIANA GRANDE|Tyranitar, F|100/100
|-damage|p2a: TTARIANA GRANDE|88/100|[from] Stealth Rock
|-weather|Sandstorm|[from] ability: Sand Stream|[of] p2a: TTARIANA GRANDE
|
|-weather|Sandstorm|[upkeep]
|-damage|p1a: Keldeo|94/100|[from] Sandstorm
|upkeep
|turn|11
|
|t:|1739505058
|switch|p2a: TURBO RUMP|Rotom-Wash|100/100
|-damage|p2a: TURBO RUMP|88/100|[from] Stealth Rock
|move|p1a: Keldeo|Secret Sword|p2a: TURBO RUMP
|-crit|p2a: TURBO RUMP
|-damage|p2a: TURBO RUMP|0 fnt
|faint|p2a: TURBO RUMP
|
|-weather|Sandstorm|[upkeep]
|-damage|p1a: Keldeo|88/100|[from] Sandstorm
|upkeep
|
|t:|1739505062
|switch|p2a: DOPPELSOLDNER|Latios, M|88/100
|-damage|p2a: DOPPELSOLDNER|76/100|[from] Stealth Rock
|turn|12
|
|t:|1739505069
|switch|p1a: Thundurus|Thundurus-Therian, M|30/100
|move|p2a: DOPPELSOLDNER|Draco Meteor|p1a: Thundurus
|-crit|p1a: Thundurus
|-damage|p1a: Thundurus|0 fnt
|-unboost|p2a: DOPPELSOLDNER|spa|2
|faint|p1a: Thundurus
|
|-weather|Sandstorm|[upkeep]
|-damage|p2a: DOPPELSOLDNER|70/100|[from] Sandstorm
|upkeep
|
|t:|1739505075
|switch|p1a: Starmie|Starmie|100/100
|-item|p1a: Starmie|Air Balloon
|turn|13
|
|t:|1739505080
|switch|p2a: TTARIANA GRANDE|Tyranitar, F|88/100
|-damage|p2a: TTARIANA GRANDE|76/100|[from] Stealth Rock
|move|p1a: Starmie|Ice Beam|p2a: TTARIANA GRANDE
|-damage|p2a: TTARIANA GRANDE|59/100
|
|-weather|Sandstorm|[upkeep]
|-damage|p1a: Starmie|94/100|[from] Sandstorm
|upkeep
|turn|14
|
|t:|1739505085
|move|p1a: Starmie|Hydro Pump|p2a: TTARIANA GRANDE
|-supereffective|p2a: TTARIANA GRANDE
|-damage|p2a: TTARIANA GRANDE|11/100
|move|p2a: TTARIANA GRANDE|Crunch|p1a: Starmie
|-supereffective|p1a: Starmie
|-damage|p1a: Starmie|0 fnt
|-enditem|p1a: Starmie|Air Balloon
|faint|p1a: Starmie
|
|-weather|Sandstorm|[upkeep]
|upkeep
|
|t:|1739505090
|switch|p1a: Politoed|Politoed, F|87/100
|-weather|RainDance|[from] ability: Drizzle|[of] p1a: Politoed
|turn|15
|
|t:|1739505103
|move|p1a: Politoed|Scald|p2a: TTARIANA GRANDE
|-supereffective|p2a: TTARIANA GRANDE
|-damage|p2a: TTARIANA GRANDE|0 fnt
|faint|p2a: TTARIANA GRANDE
|
|-weather|RainDance|[upkeep]
|-heal|p1a: Politoed|93/100|[from] item: Leftovers
|upkeep
|
|t:|1739505111
|switch|p2a: EL CHOMPO|Garchomp, M|100/100
|-damage|p2a: EL CHOMPO|94/100|[from] Stealth Rock
|turn|16
|
|t:|1739505115
|move|p2a: EL CHOMPO|Draco Meteor|p1a: Politoed
|-damage|p1a: Politoed|21/100
|-unboost|p2a: EL CHOMPO|spa|2
|-damage|p2a: EL CHOMPO|85/100|[from] item: Life Orb
|move|p1a: Politoed|Encore|p2a: EL CHOMPO
|-start|p2a: EL CHOMPO|Encore
|
|-weather|RainDance|[upkeep]
|-heal|p1a: Politoed|28/100|[from] item: Leftovers
|upkeep
|turn|17
|
|t:|1739505119
|move|p1a: Politoed|Protect|p1a: Politoed
|-singleturn|p1a: Politoed|Protect
|move|p2a: EL CHOMPO|Draco Meteor|p1a: Politoed
|-activate|p1a: Politoed|move: Protect
|
|-weather|RainDance|[upkeep]
|-heal|p1a: Politoed|34/100|[from] item: Leftovers
|upkeep
|turn|18
|
|t:|1739505122
|move|p2a: EL CHOMPO|Draco Meteor|p1a: Politoed
|-damage|p1a: Politoed|2/100
|-unboost|p2a: EL CHOMPO|spa|2
|-damage|p2a: EL CHOMPO|75/100|[from] item: Life Orb
|move|p1a: Politoed|Scald|p2a: EL CHOMPO
|-crit|p2a: EL CHOMPO
|-damage|p2a: EL CHOMPO|0 fnt
|faint|p2a: EL CHOMPO
|
|-weather|RainDance|[upkeep]
|-heal|p1a: Politoed|8/100|[from] item: Leftovers
|upkeep
|
|t:|1739505125
|switch|p2a: INBRED IGUANA|Landorus-Therian, M|100/100
|-damage|p2a: INBRED IGUANA|88/100|[from] Stealth Rock
|-ability|p2a: INBRED IGUANA|Intimidate|boost
|-unboost|p1a: Politoed|atk|1
|turn|19
|
|t:|1739505127
|move|p1a: Politoed|Protect|p1a: Politoed
|-singleturn|p1a: Politoed|Protect
|move|p2a: INBRED IGUANA|U-turn|p1a: Politoed
|-activate|p1a: Politoed|move: Protect
|
|-weather|RainDance|[upkeep]
|-heal|p1a: Politoed|15/100|[from] item: Leftovers
|upkeep
|turn|20
|
|t:|1739505132
|move|p2a: INBRED IGUANA|U-turn|p1a: Politoed
|-damage|p1a: Politoed|0 fnt
|faint|p1a: Politoed
|
|t:|1739505133
|switch|p2a: DOPPELSOLDNER|Latios, M|70/100|[from] U-turn
|-damage|p2a: DOPPELSOLDNER|58/100|[from] Stealth Rock
|
|-weather|RainDance|[upkeep]
|upkeep
|
|t:|1739505135
|switch|p1a: Latios|Latios, M|100/100
|turn|21
|
|t:|1739505138
|move|p1a: Latios|Dragon Pulse|p2a: DOPPELSOLDNER
|-supereffective|p2a: DOPPELSOLDNER
|-damage|p2a: DOPPELSOLDNER|0 fnt
|faint|p2a: DOPPELSOLDNER
|
|-weather|RainDance|[upkeep]
|upkeep
|
|t:|1739505140
|switch|p2a: INBRED IGUANA|Landorus-Therian, M|88/100
|-damage|p2a: INBRED IGUANA|76/100|[from] Stealth Rock
|-ability|p2a: INBRED IGUANA|Intimidate|boost
|-unboost|p1a: Latios|atk|1
|turn|22
|
|t:|1739505146
|move|p1a: Latios|Dragon Pulse|p2a: INBRED IGUANA
|-damage|p2a: INBRED IGUANA|16/100
|move|p2a: INBRED IGUANA|U-turn|p1a: Latios
|-supereffective|p1a: Latios
|-damage|p1a: Latios|30/100
|
|-weather|RainDance|[upkeep]
|upkeep
|turn|23
|
|t:|1739505151
|move|p1a: Latios|Dragon Pulse|p2a: INBRED IGUANA
|-damage|p2a: INBRED IGUANA|0 fnt
|faint|p2a: INBRED IGUANA
|
|win|133fcsq
|raw|133fcsq's rating: 1331 &rarr; <strong>1352</strong><br />(+21 for winning)
|raw|silverfuck's rating: 1353 &rarr; <strong>1332</strong><br />(-21 for losing)
