|j|☆Leeto64
|j|☆100XO
|t:|1739923293
|gametype|singles
|player|p1|Leeto64|shauntal|1282
|player|p2|100XO|veteran|1376
|teamsize|p1|6
|teamsize|p2|6
|gen|5
|tier|[Gen 5] OU
|rated|
|rule|Species Clause: Limit one of each Pokémon
|rule|OHKO Clause: OHKO moves are banned
|rule|Moody Clause: Moody is banned
|rule|Evasion Items Clause: Evasion items are banned
|rule|Evasion Moves Clause: Evasion moves are banned
|rule|Endless Battle Clause: Forcing endless battles is banned
|rule|HP Percentage Mod: HP is shown in percentages
|rule|Evasion Abilities Clause: Evasion abilities are banned
|rule|Sleep Moves Clause: Sleep-inducing moves are banned
|rule|Swagger Clause: Swagger is banned
|rule|Baton Pass Stat Clause: No Baton Passer may have a way to boost its stats
|clearpoke
|poke|p1|Politoed, M|item
|poke|p1|Starmie|item
|poke|p1|Thundurus-Therian, M|item
|poke|p1|Garchomp, M|item
|poke|p1|Ferrothorn, M|item
|poke|p1|Keldeo|item
|poke|p2|Xatu, M|item
|poke|p2|Ferrothorn, F|item
|poke|p2|Rotom-Wash|item
|poke|p2|Scizor, M|item
|poke|p2|Tyranitar, M|item
|poke|p2|Excadrill, M|item
|teampreview
|inactive|Battle timer is ON: inactive players will automatically lose when time's up. (requested by 100XO)
|
|t:|1739923317
|start
|switch|p1a: Keldeo|Keldeo|100/100
|switch|p2a: Scizor|Scizor, M|100/100
|turn|1
|
|t:|1739923331
|switch|p2a: Xatu|Xatu, M|100/100
|move|p1a: Keldeo|Secret Sword|p2a: Xatu
|-resisted|p2a: Xatu
|-crit|p2a: Xatu
|-damage|p2a: Xatu|69/100
|
|upkeep
|turn|2
|
|t:|1739923342
|switch|p1a: Politoed|Politoed, M|100/100
|-weather|RainDance|[from] ability: Drizzle|[of] p1a: Politoed
|move|p2a: Xatu|U-turn|p1a: Politoed
|-damage|p1a: Politoed|89/100
|-enditem|p1a: Politoed|Eject Button
|
|t:|1739923347
|switch|p1a: Starmie|Starmie|100/100
|-item|p1a: Starmie|Air Balloon
|
|-weather|RainDance|[upkeep]
|upkeep
|turn|3
|
|t:|1739923363
|switch|p2a: Tyranitar|Tyranitar, M|100/100
|-weather|Sandstorm|[from] ability: Sand Stream|[of] p2a: Tyranitar
|move|p1a: Starmie|Hydro Pump|p2a: Tyranitar
|-supereffective|p2a: Tyranitar
|-damage|p2a: Tyranitar|46/100
|
|-weather|Sandstorm|[upkeep]
|-damage|p1a: Starmie|94/100|[from] Sandstorm
|upkeep
|turn|4
|
|t:|1739923369
|move|p1a: Starmie|Hydro Pump|p2a: Tyranitar
|-supereffective|p2a: Tyranitar
|-damage|p2a: Tyranitar|6/100
|move|p2a: Tyranitar|Pursuit|p1a: Starmie
|-supereffective|p1a: Starmie
|-damage|p1a: Starmie|41/100
|-enditem|p1a: Starmie|Air Balloon
|
|-weather|Sandstorm|[upkeep]
|-damage|p1a: Starmie|35/100|[from] Sandstorm
|upkeep
|turn|5
|
|t:|1739923376
|move|p1a: Starmie|Ice Beam|p2a: Tyranitar
|-damage|p2a: Tyranitar|0 fnt
|faint|p2a: Tyranitar
|
|-weather|Sandstorm|[upkeep]
|-damage|p1a: Starmie|29/100|[from] Sandstorm
|upkeep
|
|t:|1739923396
|switch|p2a: Ferrothorn|Ferrothorn, F|100/100
|turn|6
|
|t:|1739923403
|switch|p1a: Politoed|Politoed, M|89/100
|-weather|RainDance|[from] ability: Drizzle|[of] p1a: Politoed
|move|p2a: Ferrothorn|Stealth Rock|p1a: Politoed
|-sidestart|p1: Leeto64|move: Stealth Rock
|
|-weather|RainDance|[upkeep]
|upkeep
|turn|7
|
|t:|1739923411
|move|p1a: Politoed|Encore|p2a: Ferrothorn
|-start|p2a: Ferrothorn|Encore
|move|p2a: Ferrothorn|Stealth Rock||[still]
|-fail|p2a: Ferrothorn
|
|-weather|RainDance|[upkeep]
|upkeep
|turn|8
|
|t:|1739923426
|switch|p1a: Keldeo|Keldeo|100/100
|-damage|p1a: Keldeo|94/100|[from] Stealth Rock
|switch|p2a: Excadrill|Excadrill, M|100/100
|
|-weather|RainDance|[upkeep]
|upkeep
|turn|9
|
|t:|1739923434
|switch|p2a: Ferrothorn|Ferrothorn, F|100/100
|move|p1a: Keldeo|Hydro Pump|p2a: Ferrothorn
|-resisted|p2a: Ferrothorn
|-damage|p2a: Ferrothorn|53/100
|
|-weather|RainDance|[upkeep]
|upkeep
|turn|10
|
|t:|1739923441
|move|p1a: Keldeo|Hydro Pump|p2a: Ferrothorn
|-resisted|p2a: Ferrothorn
|-damage|p2a: Ferrothorn|7/100
|move|p2a: Ferrothorn|Leech Seed|p1a: Keldeo
|-start|p1a: Keldeo|move: Leech Seed
|
|-weather|RainDance|[upkeep]
|-damage|p1a: Keldeo|82/100|[from] Leech Seed|[of] p2a: Ferrothorn
|-heal|p2a: Ferrothorn|18/100|[silent]
|upkeep
|turn|11
|
|t:|1739923456
|switch|p1a: Starmie|Starmie|29/100
|-damage|p1a: Starmie|17/100|[from] Stealth Rock
|move|p2a: Ferrothorn|Power Whip|p1a: Starmie
|-supereffective|p1a: Starmie
|-damage|p1a: Starmie|0 fnt
|faint|p1a: Starmie
|
|-weather|RainDance|[upkeep]
|upkeep
|
|t:|1739923470
|switch|p1a: Garchomp|Garchomp, M, shiny|100/100
|-damage|p1a: Garchomp|94/100|[from] Stealth Rock
|turn|12
|
|t:|1739923474
|move|p1a: Garchomp|Earthquake|p2a: Ferrothorn
|-damage|p2a: Ferrothorn|0 fnt
|faint|p2a: Ferrothorn
|
|-weather|RainDance|[upkeep]
|upkeep
|
|t:|1739923495
|switch|p2a: Rotom|Rotom-Wash|100/100
|turn|13
|
|t:|1739923508
|switch|p1a: Ferrothorn|Ferrothorn, M|100/100
|-damage|p1a: Ferrothorn|94/100|[from] Stealth Rock
|move|p2a: Rotom|Will-O-Wisp|p1a: Ferrothorn
|-status|p1a: Ferrothorn|brn
|
|-weather|RainDance|[upkeep]
|-damage|p1a: Ferrothorn|82/100 brn|[from] brn
|upkeep
|turn|14
|
|t:|1739923512
|move|p2a: Rotom|Volt Switch|p1a: Ferrothorn
|-resisted|p1a: Ferrothorn
|-damage|p1a: Ferrothorn|74/100 brn
|
|t:|1739923515
|switch|p2a: Xatu|Xatu, M|69/100|[from] Volt Switch
|move|p1a: Ferrothorn|Stealth Rock|p2a: Xatu
|move|p2a: Xatu|Stealth Rock||[from] ability: Magic Bounce|[still]
|-fail|p2a: Xatu
|
|-weather|RainDance|[upkeep]
|-damage|p1a: Ferrothorn|62/100 brn|[from] brn
|upkeep
|turn|15
|
|t:|1739923525
|move|p2a: Xatu|Roost|p2a: Xatu
|-heal|p2a: Xatu|100/100
|-singleturn|p2a: Xatu|move: Roost
|move|p1a: Ferrothorn|Knock Off|p2a: Xatu
|-supereffective|p2a: Xatu
|-damage|p2a: Xatu|96/100
|-damage|p1a: Ferrothorn|45/100 brn|[from] item: Rocky Helmet|[of] p2a: Xatu
|-enditem|p2a: Xatu|Rocky Helmet|[from] move: Knock Off|[of] p1a: Ferrothorn
|
|-weather|RainDance|[upkeep]
|-damage|p1a: Ferrothorn|33/100 brn|[from] brn
|upkeep
|turn|16
|
|t:|1739923532
|move|p2a: Xatu|U-turn|p1a: Ferrothorn
|-damage|p1a: Ferrothorn|24/100 brn
|-damage|p2a: Xatu|83/100|[from] ability: Iron Barbs|[of] p1a: Ferrothorn
|
|t:|1739923542
|switch|p2a: Rotom|Rotom-Wash|100/100|[from] U-turn
|move|p1a: Ferrothorn|Gyro Ball|p2a: Rotom
|-resisted|p2a: Rotom
|-damage|p2a: Rotom|97/100
|
|-weather|RainDance|[upkeep]
|-damage|p1a: Ferrothorn|11/100 brn|[from] brn
|upkeep
|turn|17
|
|t:|1739923546
|switch|p2a: Xatu|Xatu, M|83/100
|move|p1a: Ferrothorn|Knock Off|p2a: Xatu
|-supereffective|p2a: Xatu
|-damage|p2a: Xatu|79/100
|
|-weather|RainDance|[upkeep]
|-damage|p1a: Ferrothorn|0 fnt|[from] brn
|faint|p1a: Ferrothorn
|upkeep
|
|t:|1739923552
|switch|p1a: Thundurus|Thundurus-Therian, M, shiny|100/100
|-damage|p1a: Thundurus|76/100|[from] Stealth Rock
|turn|18
|
|t:|1739923562
|move|p1a: Thundurus|Agility|p1a: Thundurus
|-boost|p1a: Thundurus|spe|2
|move|p2a: Xatu|Night Shade|p1a: Thundurus
|-damage|p1a: Thundurus|44/100
|
|-weather|RainDance|[upkeep]
|upkeep
|turn|19
|
|t:|1739923567
|move|p1a: Thundurus|Thunder|p2a: Xatu
|-supereffective|p2a: Xatu
|-damage|p2a: Xatu|0 fnt
|faint|p2a: Xatu
|
|-weather|RainDance|[upkeep]
|upkeep
|
|t:|1739923595
|switch|p2a: Scizor|Scizor, M|100/100
|turn|20
|
|t:|1739923598
|move|p2a: Scizor|Bullet Punch|p1a: Thundurus
|-resisted|p1a: Thundurus
|-damage|p1a: Thundurus|6/100
|move|p1a: Thundurus|Thunder|p2a: Scizor
|-damage|p2a: Scizor|0 fnt
|faint|p2a: Scizor
|
|-weather|RainDance|[upkeep]
|upkeep
|
|t:|1739923610
|switch|p2a: Excadrill|Excadrill, M|100/100
|turn|21
|
|t:|1739923620
|move|p1a: Thundurus|Hidden Power|p2a: Excadrill
|-damage|p2a: Excadrill|62/100
|move|p2a: Excadrill|Iron Head|p1a: Thundurus
|-resisted|p1a: Thundurus
|-damage|p1a: Thundurus|0 fnt
|faint|p1a: Thundurus
|
|-weather|RainDance|[upkeep]
|upkeep
|
|t:|1739923626
|switch|p1a: Keldeo|Keldeo|82/100
|-damage|p1a: Keldeo|76/100|[from] Stealth Rock
|turn|22
|
|t:|1739923637
|switch|p2a: Rotom|Rotom-Wash|97/100
|move|p1a: Keldeo|Secret Sword|p2a: Rotom
|-damage|p2a: Rotom|35/100
|
|-weather|RainDance|[upkeep]
|upkeep
|turn|23
|
|t:|1739923643
|move|p1a: Keldeo|Secret Sword|p2a: Rotom
|-damage|p2a: Rotom|0 fnt
|faint|p2a: Rotom
|
|-weather|RainDance|[upkeep]
|upkeep
|
|t:|1739923645
|switch|p2a: Excadrill|Excadrill, M|62/100
|turn|24
|c|☆Leeto64|gg wp
|
|t:|1739923655
|move|p2a: Excadrill|Iron Head|p1a: Keldeo
|-resisted|p1a: Keldeo
|-damage|p1a: Keldeo|53/100
|move|p1a: Keldeo|Secret Sword|p2a: Excadrill
|-supereffective|p2a: Excadrill
|-damage|p2a: Excadrill|0 fnt
|faint|p2a: Excadrill
|
|win|Leeto64
|raw|Leeto64's rating: 1282 &rarr; <strong>1314</strong><br />(+32 for winning)
|raw|100XO's rating: 1376 &rarr; <strong>1351</strong><br />(-25 for losing)
|l|☆100XO
|player|p2|
