|j|☆JeffIsGay69420
|j|☆BWR Terra
|t:|1719079761
|gametype|singles
|player|p1|JeffIsGay69420|cynthia-masters3|1367
|player|p2|BWR Terra|zinnia|1364
|teamsize|p1|6
|teamsize|p2|6
|gen|5
|tier|[Gen 5] OU
|rated|
|rule|Species Clause: Limit one of each Pokémon
|rule|OHKO Clause: OHKO moves are banned
|rule|Moody Clause: Moody is banned
|rule|Evasion Items Clause: Evasion items are banned
|rule|Evasion Moves Clause: Evasion moves are banned
|rule|Endless Battle Clause: Forcing endless battles is banned
|rule|HP Percentage Mod: HP is shown in percentages
|rule|Evasion Abilities Clause: Evasion abilities are banned
|rule|Sleep Moves Clause: Sleep-inducing moves are banned
|rule|Swagger Clause: Swagger is banned
|rule|Baton Pass Stat Clause: No Baton Passer may have a way to boost its stats
|clearpoke
|poke|p1|Tyranitar, F|item
|poke|p1|Skarmory, M|item
|poke|p1|Reuniclus, F|item
|poke|p1|Alakazam, M|item
|poke|p1|Gliscor, F|item
|poke|p1|Gastrodon, F|item
|poke|p2|Politoed, F|item
|poke|p2|Starmie|item
|poke|p2|Thundurus-Therian, M|item
|poke|p2|Garchomp, M|item
|poke|p2|Ferrothorn, F|item
|poke|p2|Keldeo|item
|teampreview
|inactive|Battle timer is ON: inactive players will automatically lose when time's up. (requested by BWR Terra)
|
|t:|1719079789
|start
|switch|p1a: Gliscor|Gliscor, F|100/100
|switch|p2a: Ferrothorn|Ferrothorn, F|100/100
|turn|1
|
|t:|1719079796
|move|p1a: Gliscor|Knock Off|p2a: Ferrothorn
|-resisted|p2a: Ferrothorn
|-damage|p2a: Ferrothorn|99/100
|-damage|p1a: Gliscor|88/100|[from] ability: Iron Barbs|[of] p2a: Ferrothorn
|-enditem|p2a: Ferrothorn|Chople Berry|[from] move: Knock Off|[of] p1a: Gliscor
|move|p2a: Ferrothorn|Knock Off|p1a: Gliscor
|-damage|p1a: Gliscor|85/100
|-enditem|p1a: Gliscor|Toxic Orb|[from] move: Knock Off|[of] p2a: Ferrothorn
|
|upkeep
|turn|2
|
|t:|1719079798
|move|p1a: Gliscor|Stealth Rock|p2a: Ferrothorn
|-sidestart|p2: BWR Terra|move: Stealth Rock
|move|p2a: Ferrothorn|Stealth Rock|p1a: Gliscor
|-sidestart|p1: JeffIsGay69420|move: Stealth Rock
|
|upkeep
|turn|3
|
|t:|1719079803
|move|p1a: Gliscor|Earthquake|p2a: Ferrothorn
|-damage|p2a: Ferrothorn|75/100
|move|p2a: Ferrothorn|Gyro Ball|p1a: Gliscor
|-damage|p1a: Gliscor|57/100
|
|upkeep
|turn|4
|
|t:|1719079807
|switch|p2a: Starmie|Starmie|100/100
|-damage|p2a: Starmie|88/100|[from] Stealth Rock
|-item|p2a: Starmie|Air Balloon
|move|p1a: Gliscor|Earthquake|p2a: Starmie
|-immune|p2a: Starmie
|
|upkeep
|turn|5
|
|t:|1719079810
|move|p2a: Starmie|Ice Beam|p1a: Gliscor
|-supereffective|p1a: Gliscor
|-damage|p1a: Gliscor|0 fnt
|faint|p1a: Gliscor
|
|upkeep
|c|☆BWR Terra|??
|
|t:|1719079814
|switch|p1a: Gastrodon|Gastrodon, F|100/100
|-damage|p1a: Gastrodon|94/100|[from] Stealth Rock
|turn|6
|
|t:|1719079816
|move|p2a: Starmie|Rapid Spin|p1a: Gastrodon
|-damage|p1a: Gastrodon|92/100
|-sideend|p2: BWR Terra|Stealth Rock|[from] move: Rapid Spin|[of] p2a: Starmie
|move|p1a: Gastrodon|Scald|p2a: Starmie
|-resisted|p2a: Starmie
|-damage|p2a: Starmie|69/100
|-enditem|p2a: Starmie|Air Balloon
|
|-heal|p1a: Gastrodon|98/100|[from] item: Leftovers
|upkeep
|turn|7
|
|t:|1719079819
|switch|p2a: Ferrothorn|Ferrothorn, F|75/100
|move|p1a: Gastrodon|Earth Power|p2a: Ferrothorn
|-damage|p2a: Ferrothorn|56/100
|-unboost|p2a: Ferrothorn|spd|1
|
|-heal|p1a: Gastrodon|100/100|[from] item: Leftovers
|upkeep
|turn|8
|
|t:|1719079823
|move|p1a: Gastrodon|Earth Power|p2a: Ferrothorn
|-damage|p2a: Ferrothorn|29/100
|move|p2a: Ferrothorn|Power Whip|p1a: Gastrodon
|-supereffective|p1a: Gastrodon
|-damage|p1a: Gastrodon|0 fnt
|faint|p1a: Gastrodon
|
|upkeep
|
|t:|1719079827
|switch|p1a: Reuniclus|Reuniclus, F, shiny|100/100
|turn|9
|
|t:|1719079828
|move|p1a: Reuniclus|Calm Mind|p1a: Reuniclus
|-boost|p1a: Reuniclus|spa|1
|-boost|p1a: Reuniclus|spd|1
|move|p2a: Ferrothorn|Knock Off|p1a: Reuniclus
|-supereffective|p1a: Reuniclus
|-damage|p1a: Reuniclus|94/100
|-enditem|p1a: Reuniclus|Leftovers|[from] move: Knock Off|[of] p2a: Ferrothorn
|
|upkeep
|turn|10
|
|t:|1719079831
|switch|p2a: Politoed|Politoed, F|100/100
|-weather|RainDance|[from] ability: Drizzle|[of] p2a: Politoed
|move|p1a: Reuniclus|Calm Mind|p1a: Reuniclus
|-boost|p1a: Reuniclus|spa|1
|-boost|p1a: Reuniclus|spd|1
|
|-weather|RainDance|[upkeep]
|upkeep
|turn|11
|
|t:|1719079833
|move|p2a: Politoed|Encore|p1a: Reuniclus
|-start|p1a: Reuniclus|Encore
|move|p1a: Reuniclus|Calm Mind|p1a: Reuniclus
|-boost|p1a: Reuniclus|spa|1
|-boost|p1a: Reuniclus|spd|1
|
|-weather|RainDance|[upkeep]
|upkeep
|turn|12
|
|t:|1719079835
|switch|p2a: Garchomp|Garchomp, M|100/100
|move|p1a: Reuniclus|Calm Mind|p1a: Reuniclus
|-boost|p1a: Reuniclus|spa|1
|-boost|p1a: Reuniclus|spd|1
|
|-weather|RainDance|[upkeep]
|upkeep
|turn|13
|
|t:|1719079837
|move|p2a: Garchomp|Outrage|p1a: Reuniclus
|-damage|p1a: Reuniclus|53/100
|move|p1a: Reuniclus|Calm Mind|p1a: Reuniclus
|-boost|p1a: Reuniclus|spa|1
|-boost|p1a: Reuniclus|spd|1
|
|-weather|RainDance|[upkeep]
|-end|p1a: Reuniclus|Encore
|upkeep
|turn|14
|
|t:|1719079840
|move|p2a: Garchomp|Outrage|p1a: Reuniclus|[from]lockedmove
|-damage|p1a: Reuniclus|7/100
|-start|p2a: Garchomp|confusion|[fatigue]
|move|p1a: Reuniclus|Recover|p1a: Reuniclus
|-heal|p1a: Reuniclus|57/100
|
|-weather|RainDance|[upkeep]
|upkeep
|turn|15
|
|t:|1719079845
|switch|p2a: Politoed|Politoed, F|100/100
|move|p1a: Reuniclus|Psyshock|p2a: Politoed
|-damage|p2a: Politoed|0 fnt
|faint|p2a: Politoed
|
|-weather|RainDance|[upkeep]
|upkeep
|
|t:|1719079854
|switch|p2a: Ferrothorn|Ferrothorn, F|29/100
|turn|16
|
|t:|1719079856
|move|p1a: Reuniclus|Psyshock|p2a: Ferrothorn
|-resisted|p2a: Ferrothorn
|-damage|p2a: Ferrothorn|0 fnt
|faint|p2a: Ferrothorn
|
|-weather|RainDance|[upkeep]
|upkeep
|
|t:|1719079858
|switch|p2a: Garchomp|Garchomp, M|100/100
|turn|17
|
|t:|1719079860
|move|p2a: Garchomp|Outrage|p1a: Reuniclus
|-damage|p1a: Reuniclus|12/100
|move|p1a: Reuniclus|Psyshock|p2a: Garchomp
|-damage|p2a: Garchomp|0 fnt
|faint|p2a: Garchomp
|
|-weather|RainDance|[upkeep]
|upkeep
|
|t:|1719079863
|switch|p2a: Keldeo|Keldeo|100/100
|turn|18
|
|t:|1719079864
|move|p2a: Keldeo|Surf|p1a: Reuniclus
|-damage|p1a: Reuniclus|0 fnt
|faint|p1a: Reuniclus
|
|-weather|RainDance|[upkeep]
|upkeep
|
|t:|1719079866
|switch|p1a: Alakazam|Alakazam, M|100/100
|turn|19
|
|t:|1719079869
|switch|p2a: Starmie|Starmie|69/100
|move|p1a: Alakazam|Psychic|p2a: Starmie
|-resisted|p2a: Starmie
|-damage|p2a: Starmie|36/100
|
|-weather|RainDance|[upkeep]
|upkeep
|turn|20
|
|t:|1719079872
|move|p1a: Alakazam|Shadow Ball|p2a: Starmie
|-supereffective|p2a: Starmie
|-damage|p2a: Starmie|0 fnt
|faint|p2a: Starmie
|
|-weather|RainDance|[upkeep]
|upkeep
|
|t:|1719079873
|switch|p2a: Thundurus|Thundurus-Therian, M|100/100
|turn|21
|
|t:|1719079877
|switch|p1a: Tyranitar|Tyranitar, F|100/100
|-damage|p1a: Tyranitar|88/100|[from] Stealth Rock
|-weather|Sandstorm|[from] ability: Sand Stream|[of] p1a: Tyranitar
|move|p2a: Thundurus|Agility|p2a: Thundurus
|-boost|p2a: Thundurus|spe|2
|
|-weather|Sandstorm|[upkeep]
|-damage|p2a: Thundurus|94/100|[from] Sandstorm
|upkeep
|turn|22
|
|t:|1719079880
|move|p2a: Thundurus|Grass Knot|p1a: Tyranitar
|-supereffective|p1a: Tyranitar
|-damage|p1a: Tyranitar|43/100
|move|p1a: Tyranitar|Crunch|p2a: Thundurus
|-damage|p2a: Thundurus|30/100
|
|-weather|Sandstorm|[upkeep]
|-damage|p2a: Thundurus|24/100|[from] Sandstorm
|upkeep
|turn|23
|
|t:|1719079882
|move|p2a: Thundurus|Grass Knot|p1a: Tyranitar
|-supereffective|p1a: Tyranitar
|-damage|p1a: Tyranitar|0 fnt
|faint|p1a: Tyranitar
|
|-weather|Sandstorm|[upkeep]
|-damage|p2a: Thundurus|18/100|[from] Sandstorm
|upkeep
|
|t:|1719079884
|switch|p1a: Alakazam|Alakazam, M|100/100
|turn|24
|
|t:|1719079886
|move|p2a: Thundurus|Thunder|p1a: Alakazam
|-enditem|p1a: Alakazam|Focus Sash
|-damage|p1a: Alakazam|1/100
|move|p1a: Alakazam|Shadow Ball|p2a: Thundurus
|-damage|p2a: Thundurus|0 fnt
|faint|p2a: Thundurus
|
|-weather|Sandstorm|[upkeep]
|upkeep
|
|t:|1719079887
|switch|p2a: Keldeo|Keldeo|100/100
|turn|25
|
|t:|1719079889
|move|p1a: Alakazam|Shadow Ball|p2a: Keldeo
|-damage|p2a: Keldeo|67/100
|move|p2a: Keldeo|Surf|p1a: Alakazam
|-damage|p1a: Alakazam|0 fnt
|faint|p1a: Alakazam
|
|-weather|Sandstorm|[upkeep]
|-damage|p2a: Keldeo|61/100|[from] Sandstorm
|upkeep
|
|t:|1719079892
|switch|p1a: Skarmory|Skarmory, M|100/100
|-damage|p1a: Skarmory|88/100|[from] Stealth Rock
|turn|26
|
|t:|1719079893
|move|p2a: Keldeo|Surf|p1a: Skarmory
|-damage|p1a: Skarmory|26/100
|move|p1a: Skarmory|Brave Bird|p2a: Keldeo
|-supereffective|p2a: Keldeo
|-damage|p2a: Keldeo|0 fnt
|faint|p2a: Keldeo
|-damage|p1a: Skarmory|7/100|[from] Recoil
|
|win|JeffIsGay69420
|raw|JeffIsGay69420's rating: 1367 &rarr; <strong>1387</strong><br />(+20 for winning)
|raw|BWR Terra's rating: 1364 &rarr; <strong>1344</strong><br />(-20 for losing)
