|uhtml|medal-msg|<div class="broadcast-blue">Curious what those medals under the avatar are? PS now has Ladder Seasons! For more information, check out the <a href="https://www.smogon.com/forums/threads/3740067/">thread on Smogon.</a></div>
|uhtml|medal-msg|<div class="broadcast-blue">Curious what those medals under the avatar are? PS now has Ladder Seasons! For more information, check out the <a href="https://www.smogon.com/forums/threads/3740067/">thread on Smogon.</a></div>
|j|☆257m
|j|☆yeetbois
|t:|1713049898
|gametype|singles
|player|p1|257m|juggler|1276
|player|p2|yeetbois|170|1353
|teamsize|p1|6
|teamsize|p2|6
|gen|5
|tier|[Gen 5] OU
|rated|
|rule|Species Clause: Limit one of each Pokémon
|rule|OHKO Clause: OHKO moves are banned
|rule|Moody Clause: Moody is banned
|rule|Evasion Items Clause: Evasion items are banned
|rule|Evasion Moves Clause: Evasion moves are banned
|rule|Endless Battle Clause: Forcing endless battles is banned
|rule|HP Percentage Mod: HP is shown in percentages
|rule|Evasion Abilities Clause: Evasion abilities are banned
|rule|Sleep Moves Clause: Sleep-inducing moves are banned
|rule|Swagger Clause: Swagger is banned
|rule|Baton Pass Stat Clause: No Baton Passer may have a way to boost its stats
|clearpoke
|poke|p1|Abomasnow, M|item
|poke|p1|Landorus-Therian, M|item
|poke|p1|Cloyster, F|item
|poke|p1|Volcarona, F|item
|poke|p1|Dragonite, M|item
|poke|p1|Jirachi|item
|poke|p2|Politoed, M|item
|poke|p2|Ferrothorn, M|item
|poke|p2|Rotom-Wash|item
|poke|p2|Volcarona, F|item
|poke|p2|Keldeo-Resolute|item
|poke|p2|Gyarados, M|item
|teampreview
|inactive|Battle timer is ON: inactive players will automatically lose when time's up. (requested by 257m)
|c|☆yeetbois|i literally just played a different guy that had the exact same team
|inactive|257m has 120 seconds left.
|inactive|yeetbois has 120 seconds left.
|c|☆yeetbois|lmao
|c|☆257m|its a sample
|c|☆yeetbois|ahhhh ok
|
|t:|1713049950
|start
|switch|p1a: Abomasnow|Abomasnow, M, shiny|100/100
|switch|p2a: Ferrothorn|Ferrothorn, M|100/100
|-weather|Hail|[from] ability: Snow Warning|[of] p1a: Abomasnow
|turn|1
|c|☆257m|hmm volc in rain?
|
|t:|1713049960
|switch|p1a: Cloyster|Cloyster, F, shiny|100/100
|move|p2a: Ferrothorn|Stealth Rock|p1a: Cloyster
|-sidestart|p1: 257m|move: Stealth Rock
|
|-weather|Hail|[upkeep]
|-damage|p2a: Ferrothorn|94/100|[from] Hail
|-heal|p2a: Ferrothorn|100/100|[from] item: Leftovers
|upkeep
|turn|2
|
|t:|1713049969
|switch|p2a: Rotom|Rotom-Wash|100/100
|move|p1a: Cloyster|Shell Smash|p1a: Cloyster
|-unboost|p1a: Cloyster|def|1
|-unboost|p1a: Cloyster|spd|1
|-boost|p1a: Cloyster|atk|2
|-boost|p1a: Cloyster|spa|2
|-boost|p1a: Cloyster|spe|2
|
|-weather|Hail|[upkeep]
|-damage|p2a: Rotom|94/100|[from] Hail
|upkeep
|turn|3
|
|t:|1713049976
|move|p1a: Cloyster|Icicle Spear|p2a: Rotom
|-resisted|p2a: Rotom
|-damage|p2a: Rotom|78/100
|-resisted|p2a: Rotom
|-damage|p2a: Rotom|62/100
|-resisted|p2a: Rotom
|-damage|p2a: Rotom|46/100
|-resisted|p2a: Rotom
|-damage|p2a: Rotom|30/100
|-resisted|p2a: Rotom
|-damage|p2a: Rotom|15/100
|-hitcount|p2a: Rotom|5
|move|p2a: Rotom|Thunder|p1a: Cloyster|[miss]
|-miss|p2a: Rotom|p1a: Cloyster
|
|-weather|Hail|[upkeep]
|-damage|p2a: Rotom|9/100|[from] Hail
|upkeep
|turn|4
|
|t:|1713049987
|move|p1a: Cloyster|Rapid Spin|p2a: Rotom
|-crit|p2a: Rotom
|-damage|p2a: Rotom|0 fnt
|-sideend|p1: 257m|Stealth Rock|[from] move: Rapid Spin|[of] p1a: Cloyster
|faint|p2a: Rotom
|
|-weather|Hail|[upkeep]
|upkeep
|
|t:|1713050005
|switch|p2a: Politoed|Politoed, M|100/100
|-weather|RainDance|[from] ability: Drizzle|[of] p2a: Politoed
|turn|5
|
|t:|1713050013
|move|p1a: Cloyster|Icicle Spear|p2a: Politoed
|-resisted|p2a: Politoed
|-damage|p2a: Politoed|86/100
|-resisted|p2a: Politoed
|-damage|p2a: Politoed|73/100
|-resisted|p2a: Politoed
|-damage|p2a: Politoed|60/100
|-resisted|p2a: Politoed
|-damage|p2a: Politoed|46/100
|-resisted|p2a: Politoed
|-damage|p2a: Politoed|32/100
|-hitcount|p2a: Politoed|5
|move|p2a: Politoed|Haze|p2a: Politoed
|-clearallboost
|
|-weather|RainDance|[upkeep]
|-heal|p2a: Politoed|39/100|[from] item: Leftovers
|upkeep
|turn|6
|
|t:|1713050030
|switch|p1a: Abomasnow|Abomasnow, M, shiny|100/100
|-weather|Hail|[from] ability: Snow Warning|[of] p1a: Abomasnow
|move|p2a: Politoed|Scald|p1a: Abomasnow
|-resisted|p1a: Abomasnow
|-damage|p1a: Abomasnow|82/100
|
|-weather|Hail|[upkeep]
|-damage|p2a: Politoed|32/100|[from] Hail
|-heal|p2a: Politoed|39/100|[from] item: Leftovers
|upkeep
|turn|7
|
|t:|1713050042
|switch|p2a: Ferrothorn|Ferrothorn, M|100/100
|switch|p1a: Jirachi|Jirachi|100/100
|
|-weather|Hail|[upkeep]
|-damage|p1a: Jirachi|94/100|[from] Hail
|-damage|p2a: Ferrothorn|94/100|[from] Hail
|-heal|p2a: Ferrothorn|100/100|[from] item: Leftovers
|upkeep
|turn|8
|
|t:|1713050047
|switch|p2a: Gyarados|Gyarados, M|100/100
|-ability|p2a: Gyarados|Intimidate|boost
|-unboost|p1a: Jirachi|atk|1
|move|p1a: Jirachi|Trick|p2a: Gyarados
|-activate|p1a: Jirachi|move: Trick|[of] p2a: Gyarados
|-item|p2a: Gyarados|Choice Scarf|[from] move: Trick
|-item|p1a: Jirachi|Leftovers|[from] move: Trick
|
|-weather|Hail|[upkeep]
|-damage|p2a: Gyarados|94/100|[from] Hail
|-damage|p1a: Jirachi|88/100|[from] Hail
|-heal|p1a: Jirachi|94/100|[from] item: Leftovers
|upkeep
|turn|9
|
|t:|1713050052
|move|p2a: Gyarados|Dragon Dance|p2a: Gyarados
|-boost|p2a: Gyarados|atk|1
|-boost|p2a: Gyarados|spe|1
|move|p1a: Jirachi|U-turn|p2a: Gyarados
|-resisted|p2a: Gyarados
|-damage|p2a: Gyarados|87/100
|
|t:|1713050057
|switch|p1a: Landorus|Landorus-Therian, M|100/100|[from] U-turn
|-ability|p1a: Landorus|Intimidate|boost
|-unboost|p2a: Gyarados|atk|1
|
|-weather|Hail|[upkeep]
|-damage|p2a: Gyarados|81/100|[from] Hail
|-damage|p1a: Landorus|95/100|[from] Hail
|upkeep
|turn|10
|
|t:|1713050073
|switch|p2a: Ferrothorn|Ferrothorn, M|100/100
|move|p1a: Landorus|Stealth Rock|p2a: Ferrothorn
|-sidestart|p2: yeetbois|move: Stealth Rock
|
|-weather|Hail|[upkeep]
|-damage|p1a: Landorus|89/100|[from] Hail
|-damage|p2a: Ferrothorn|94/100|[from] Hail
|-heal|p2a: Ferrothorn|100/100|[from] item: Leftovers
|upkeep
|turn|11
|
|t:|1713050080
|switch|p1a: Volcarona|Volcarona, F|100/100
|move|p2a: Ferrothorn|Stealth Rock|p1a: Volcarona
|-sidestart|p1: 257m|move: Stealth Rock
|
|-weather|Hail|[upkeep]
|-damage|p1a: Volcarona|94/100|[from] Hail
|-damage|p2a: Ferrothorn|94/100|[from] Hail
|-heal|p2a: Ferrothorn|100/100|[from] item: Leftovers
|upkeep
|turn|12
|
|t:|1713050087
|move|p2a: Ferrothorn|Protect|p2a: Ferrothorn
|-singleturn|p2a: Ferrothorn|Protect
|move|p1a: Volcarona|Quiver Dance|p1a: Volcarona
|-boost|p1a: Volcarona|spa|1
|-boost|p1a: Volcarona|spd|1
|-boost|p1a: Volcarona|spe|1
|
|-weather|Hail|[upkeep]
|-damage|p1a: Volcarona|88/100|[from] Hail
|-damage|p2a: Ferrothorn|94/100|[from] Hail
|-heal|p2a: Ferrothorn|100/100|[from] item: Leftovers
|upkeep
|turn|13
|
|t:|1713050091
|move|p1a: Volcarona|Fiery Dance|p2a: Ferrothorn
|-supereffective|p2a: Ferrothorn
|-damage|p2a: Ferrothorn|0 fnt
|-boost|p1a: Volcarona|spa|1
|faint|p2a: Ferrothorn
|
|-weather|Hail|[upkeep]
|-damage|p1a: Volcarona|82/100|[from] Hail
|upkeep
|
|t:|1713050094
|switch|p2a: Keldeo|Keldeo-Resolute|100/100
|-damage|p2a: Keldeo|94/100|[from] Stealth Rock
|turn|14
|
|t:|1713050101
|move|p2a: Keldeo|Aqua Jet|p1a: Volcarona
|-supereffective|p1a: Volcarona
|-damage|p1a: Volcarona|41/100
|-damage|p2a: Keldeo|84/100|[from] item: Life Orb
|move|p1a: Volcarona|Giga Drain|p2a: Keldeo
|-supereffective|p2a: Keldeo
|-damage|p2a: Keldeo|0 fnt
|-heal|p1a: Volcarona|83/100|[from] drain|[of] p2a: Keldeo
|faint|p2a: Keldeo
|
|-weather|Hail|[upkeep]
|-damage|p1a: Volcarona|76/100|[from] Hail
|upkeep
|
|t:|1713050104
|switch|p2a: Gyarados|Gyarados, M|81/100
|-damage|p2a: Gyarados|56/100|[from] Stealth Rock
|-ability|p2a: Gyarados|Intimidate|boost
|-unboost|p1a: Volcarona|atk|1
|turn|15
|
|t:|1713050116
|move|p1a: Volcarona|Giga Drain|p2a: Gyarados
|-crit|p2a: Gyarados
|-damage|p2a: Gyarados|0 fnt
|-heal|p1a: Volcarona|100/100|[from] drain|[of] p2a: Gyarados
|faint|p2a: Gyarados
|
|-weather|Hail|[upkeep]
|-damage|p1a: Volcarona|94/100|[from] Hail
|upkeep
|
|t:|1713050119
|switch|p2a: Politoed|Politoed, M|39/100
|-damage|p2a: Politoed|26/100|[from] Stealth Rock
|-weather|RainDance|[from] ability: Drizzle|[of] p2a: Politoed
|turn|16
|
|t:|1713050127
|move|p1a: Volcarona|Giga Drain|p2a: Politoed
|-supereffective|p2a: Politoed
|-damage|p2a: Politoed|0 fnt
|-heal|p1a: Volcarona|100/100|[from] drain|[of] p2a: Politoed
|faint|p2a: Politoed
|
|-weather|RainDance|[upkeep]
|upkeep
|
|t:|1713050128
|switch|p2a: Volcarona|Volcarona, F|100/100
|-damage|p2a: Volcarona|51/100|[from] Stealth Rock
|turn|17
|
|t:|1713050136
|move|p1a: Volcarona|Bug Buzz|p2a: Volcarona
|-resisted|p2a: Volcarona
|-damage|p2a: Volcarona|3/100
|move|p2a: Volcarona|Hurricane|p1a: Volcarona
|-supereffective|p1a: Volcarona
|-damage|p1a: Volcarona|46/100
|-start|p1a: Volcarona|confusion
|-enditem|p1a: Volcarona|Lum Berry|[eat]
|-end|p1a: Volcarona|confusion
|
|-weather|RainDance|[upkeep]
|-heal|p2a: Volcarona|10/100|[from] item: Leftovers
|upkeep
|turn|18
|
|t:|1713050143
|move|p1a: Volcarona|Giga Drain|p2a: Volcarona
|-resisted|p2a: Volcarona
|-damage|p2a: Volcarona|0 fnt
|-heal|p1a: Volcarona|50/100|[from] drain|[of] p2a: Volcarona
|faint|p2a: Volcarona
|
|win|257m
|raw|257m's rating: 1276 &rarr; <strong>1306</strong><br />(+30 for winning)
|raw|yeetbois's rating: 1353 &rarr; <strong>1329</strong><br />(-24 for losing)
|c|☆257m|gg
|c|☆yeetbois|gg
|l|☆yeetbois
|player|p2|
|l|☆257m
|player|p1|
|j|☆257m
|player|p1|257m|juggler|
