|j|☆mewtwobaws
|j|☆radaty
|t:|1711387480
|gametype|singles
|player|p1|mewtwobaws|lucian|1419
|player|p2|radaty|266|1569
|teamsize|p1|6
|teamsize|p2|6
|gen|5
|tier|[Gen 5] OU
|rated|
|rule|Species Clause: Limit one of each Pokémon
|rule|OHKO Clause: OHKO moves are banned
|rule|Moody Clause: Moody is banned
|rule|Evasion Items Clause: Evasion items are banned
|rule|Evasion Moves Clause: Evasion moves are banned
|rule|Endless Battle Clause: Forcing endless battles is banned
|rule|HP Percentage Mod: HP is shown in percentages
|rule|Evasion Abilities Clause: Evasion abilities are banned
|rule|Sleep Moves Clause: Sleep-inducing moves are banned
|rule|Swagger Clause: Swagger is banned
|rule|Baton Pass Stat Clause: No Baton Passer may have a way to boost its stats
|clearpoke
|poke|p1|Mamoswine, M|item
|poke|p1|Magnezone|item
|poke|p1|Scizor, F|item
|poke|p1|Latios, M|item
|poke|p1|Dragonite, M|item
|poke|p1|Salamence, M|item
|poke|p2|Chansey, F|item
|poke|p2|Xatu, F|item
|poke|p2|Sableye, F|item
|poke|p2|Quagsire, F|item
|poke|p2|Tentacruel, M|item
|poke|p2|Jirachi|item
|teampreview
|inactive|Battle timer is ON: inactive players will automatically lose when time's up. (requested by radaty)
|
|t:|1711387489
|start
|switch|p1a: Scizor|Scizor, F|100/100
|switch|p2a: Sableye|Sableye, F|100/100
|turn|1
|
|t:|1711387493
|switch|p1a: Magnezone|Magnezone|100/100
|move|p2a: Sableye|Will-O-Wisp|p1a: Magnezone
|-status|p1a: Magnezone|brn
|
|-damage|p1a: Magnezone|88/100 brn|[from] brn
|upkeep
|turn|2
|
|t:|1711387495
|switch|p2a: Quagsire|Quagsire, F|100/100
|move|p1a: Magnezone|Volt Switch|p2a: Quagsire
|-immune|p2a: Quagsire
|
|-damage|p1a: Magnezone|76/100 brn|[from] brn
|upkeep
|turn|3
|
|t:|1711387500
|switch|p1a: Dragonite|Dragonite, M|100/100
|move|p2a: Quagsire|Scald|p1a: Dragonite
|-resisted|p1a: Dragonite
|-damage|p1a: Dragonite|97/100
|
|upkeep
|turn|4
|
|t:|1711387505
|move|p1a: Dragonite|Outrage|p2a: Quagsire
|-damage|p2a: Quagsire|33/100
|move|p2a: Quagsire|Scald|p1a: Dragonite
|-resisted|p1a: Dragonite
|-damage|p1a: Dragonite|88/100
|
|-heal|p2a: Quagsire|39/100|[from] item: Leftovers
|upkeep
|turn|5
|
|t:|1711387508
|switch|p2a: Jirachi|Jirachi|100/100
|move|p1a: Dragonite|Outrage|p2a: Jirachi|[from]lockedmove
|-resisted|p2a: Jirachi
|-damage|p2a: Jirachi|53/100
|-start|p1a: Dragonite|confusion|[fatigue]
|
|-heal|p2a: Jirachi|60/100|[from] item: Leftovers
|upkeep
|turn|6
|
|t:|1711387511
|switch|p1a: Magnezone|Magnezone|76/100 brn
|move|p2a: Jirachi|Wish|p2a: Jirachi
|
|-heal|p2a: Jirachi|66/100|[from] item: Leftovers
|-damage|p1a: Magnezone|63/100 brn|[from] brn
|upkeep
|turn|7
|
|t:|1711387519
|move|p2a: Jirachi|Fire Punch|p1a: Magnezone
|-supereffective|p1a: Magnezone
|-damage|p1a: Magnezone|31/100 brn
|move|p1a: Magnezone|Thunderbolt|p2a: Jirachi
|-damage|p2a: Jirachi|0 fnt
|faint|p2a: Jirachi
|
|-damage|p1a: Magnezone|18/100 brn|[from] brn
|upkeep
|
|t:|1711387522
|switch|p2a: Quagsire|Quagsire, F|39/100
|turn|8
|
|t:|1711387526
|switch|p1a: Latios|Latios, M|100/100
|move|p2a: Quagsire|Recover|p2a: Quagsire
|-heal|p2a: Quagsire|90/100
|
|-heal|p2a: Quagsire|96/100|[from] item: Leftovers
|upkeep
|turn|9
|
|t:|1711387530
|switch|p1a: Scizor|Scizor, F|100/100
|switch|p2a: Tentacruel|Tentacruel, M|100/100
|
|upkeep
|turn|10
|
|t:|1711387533
|move|p2a: Tentacruel|Scald|p1a: Scizor
|-damage|p1a: Scizor|73/100
|move|p1a: Scizor|U-turn|p2a: Tentacruel
|-resisted|p2a: Tentacruel
|-damage|p2a: Tentacruel|65/100
|
|t:|1711387542
|switch|p1a: Salamence|Salamence, M|100/100|[from] U-turn
|
|-heal|p2a: Tentacruel|71/100|[from] item: Black Sludge
|upkeep
|turn|11
|
|t:|1711387545
|move|p2a: Tentacruel|Protect|p2a: Tentacruel
|-singleturn|p2a: Tentacruel|Protect
|move|p1a: Salamence|Earthquake|p2a: Tentacruel
|-activate|p2a: Tentacruel|move: Protect
|
|-heal|p2a: Tentacruel|77/100|[from] item: Black Sludge
|upkeep
|turn|12
|
|t:|1711387548
|switch|p1a: Mamoswine|Mamoswine, M|100/100
|switch|p2a: Xatu|Xatu, F|100/100
|
|upkeep
|turn|13
|
|t:|1711387553
|switch|p2a: Sableye|Sableye, F|100/100
|move|p1a: Mamoswine|Icicle Crash|p2a: Sableye
|-damage|p2a: Sableye|46/100
|-damage|p1a: Mamoswine|91/100|[from] item: Life Orb
|
|-heal|p2a: Sableye|52/100|[from] item: Leftovers
|upkeep
|turn|14
|
|t:|1711387555
|switch|p1a: Magnezone|Magnezone|18/100 brn
|move|p2a: Sableye|Recover|p2a: Sableye
|-heal|p2a: Sableye|100/100
|
|-damage|p1a: Magnezone|6/100 brn|[from] brn
|upkeep
|turn|15
|
|t:|1711387558
|switch|p2a: Quagsire|Quagsire, F|96/100
|move|p1a: Magnezone|Flash Cannon|p2a: Quagsire
|-resisted|p2a: Quagsire
|-damage|p2a: Quagsire|57/100
|
|-heal|p2a: Quagsire|63/100|[from] item: Leftovers
|-damage|p1a: Magnezone|0 fnt|[from] brn
|faint|p1a: Magnezone
|upkeep
|
|t:|1711387562
|switch|p1a: Latios|Latios, M|100/100
|turn|16
|
|t:|1711387567
|switch|p2a: Chansey|Chansey, F|100/100
|move|p1a: Latios|Draco Meteor|p2a: Chansey
|-damage|p2a: Chansey|73/100
|-unboost|p1a: Latios|spa|2
|
|upkeep
|turn|17
|
|t:|1711387572
|switch|p1a: Mamoswine|Mamoswine, M|91/100
|move|p2a: Chansey|Stealth Rock|p1a: Mamoswine
|-sidestart|p1: mewtwobaws|move: Stealth Rock
|
|upkeep
|turn|18
|
|t:|1711387574
|move|p1a: Mamoswine|Stealth Rock|p2a: Chansey
|-sidestart|p2: radaty|move: Stealth Rock
|move|p2a: Chansey|Toxic|p1a: Mamoswine
|-status|p1a: Mamoswine|tox
|
|-damage|p1a: Mamoswine|84/100 tox|[from] psn
|upkeep
|turn|19
|
|t:|1711387578
|move|p1a: Mamoswine|Earthquake|p2a: Chansey
|-damage|p2a: Chansey|26/100
|-damage|p1a: Mamoswine|74/100 tox|[from] item: Life Orb
|move|p2a: Chansey|Soft-Boiled|p2a: Chansey
|-heal|p2a: Chansey|76/100
|
|-damage|p1a: Mamoswine|62/100 tox|[from] psn
|upkeep
|turn|20
|
|t:|1711387581
|move|p1a: Mamoswine|Icicle Crash|p2a: Chansey|[miss]
|-miss|p1a: Mamoswine|p2a: Chansey
|move|p2a: Chansey|Soft-Boiled|p2a: Chansey
|-heal|p2a: Chansey|100/100
|
|-damage|p1a: Mamoswine|44/100 tox|[from] psn
|upkeep
|turn|21
|
|t:|1711387584
|switch|p1a: Scizor|Scizor, F|73/100
|-damage|p1a: Scizor|61/100|[from] Stealth Rock
|move|p2a: Chansey|Soft-Boiled||[still]
|-fail|p2a: Chansey|heal
|
|upkeep
|turn|22
|
|t:|1711387587
|switch|p2a: Tentacruel|Tentacruel, M|77/100
|-damage|p2a: Tentacruel|65/100|[from] Stealth Rock
|move|p1a: Scizor|Superpower|p2a: Tentacruel
|-resisted|p2a: Tentacruel
|-damage|p2a: Tentacruel|22/100
|-unboost|p1a: Scizor|atk|1
|-unboost|p1a: Scizor|def|1
|
|-heal|p2a: Tentacruel|28/100|[from] item: Black Sludge
|upkeep
|turn|23
|
|t:|1711387598
|switch|p1a: Salamence|Salamence, M|100/100
|-damage|p1a: Salamence|76/100|[from] Stealth Rock
|move|p2a: Tentacruel|Rapid Spin|p1a: Salamence
|-damage|p1a: Salamence|72/100
|-sideend|p2: radaty|Stealth Rock|[from] move: Rapid Spin|[of] p2a: Tentacruel
|
|-heal|p2a: Tentacruel|34/100|[from] item: Black Sludge
|upkeep
|turn|24
|
|t:|1711387600
|move|p2a: Tentacruel|Protect|p2a: Tentacruel
|-singleturn|p2a: Tentacruel|Protect
|move|p1a: Salamence|Outrage|p2a: Tentacruel
|-activate|p2a: Tentacruel|move: Protect
|
|-heal|p2a: Tentacruel|41/100|[from] item: Black Sludge
|upkeep
|turn|25
|
|t:|1711387610
|switch|p2a: Sableye|Sableye, F|100/100
|move|p1a: Salamence|Outrage|p2a: Sableye
|-damage|p2a: Sableye|35/100
|
|-heal|p2a: Sableye|41/100|[from] item: Leftovers
|upkeep
|turn|26
|
|t:|1711387612
|move|p2a: Sableye|Will-O-Wisp|p1a: Salamence
|-status|p1a: Salamence|brn
|move|p1a: Salamence|Outrage|p2a: Sableye|[from]lockedmove
|-damage|p2a: Sableye|10/100
|-start|p1a: Salamence|confusion|[fatigue]
|
|-heal|p2a: Sableye|16/100|[from] item: Leftovers
|-damage|p1a: Salamence|60/100 brn|[from] brn
|upkeep
|turn|27
|
|t:|1711387616
|switch|p1a: Mamoswine|Mamoswine, M|44/100 tox
|-damage|p1a: Mamoswine|32/100 tox|[from] Stealth Rock
|move|p2a: Sableye|Recover|p2a: Sableye
|-heal|p2a: Sableye|66/100
|
|-heal|p2a: Sableye|72/100|[from] item: Leftovers
|-damage|p1a: Mamoswine|25/100 tox|[from] psn
|upkeep
|turn|28
|
|t:|1711387619
|move|p2a: Sableye|Taunt|p1a: Mamoswine
|-start|p1a: Mamoswine|move: Taunt
|cant|p1a: Mamoswine|move: Taunt|Stealth Rock
|
|-heal|p2a: Sableye|78/100|[from] item: Leftovers
|-damage|p1a: Mamoswine|13/100 tox|[from] psn
|upkeep
|turn|29
|
|t:|1711387622
|move|p2a: Sableye|Recover|p2a: Sableye
|-heal|p2a: Sableye|100/100
|move|p1a: Mamoswine|Earthquake|p2a: Sableye
|-damage|p2a: Sableye|29/100
|-damage|p1a: Mamoswine|3/100 tox|[from] item: Life Orb
|
|-heal|p2a: Sableye|34/100|[from] item: Leftovers
|-damage|p1a: Mamoswine|0 fnt|[from] psn
|faint|p1a: Mamoswine
|upkeep
|
|t:|1711387629
|switch|p1a: Latios|Latios, M|100/100
|-damage|p1a: Latios|88/100|[from] Stealth Rock
|turn|30
|
|t:|1711387632
|switch|p2a: Tentacruel|Tentacruel, M|41/100
|move|p1a: Latios|Draco Meteor|p2a: Tentacruel
|-damage|p2a: Tentacruel|0 fnt
|-unboost|p1a: Latios|spa|2
|faint|p2a: Tentacruel
|
|upkeep
|
|t:|1711387640
|switch|p2a: Sableye|Sableye, F|34/100
|turn|31
|
|t:|1711387642
|move|p2a: Sableye|Recover|p2a: Sableye
|-heal|p2a: Sableye|85/100
|move|p1a: Latios|Draco Meteor|p2a: Sableye
|-damage|p2a: Sableye|0 fnt
|-unboost|p1a: Latios|spa|2
|faint|p2a: Sableye
|
|upkeep
|
|t:|1711387647
|switch|p2a: Quagsire|Quagsire, F|63/100
|turn|32
|
|t:|1711387650
|switch|p1a: Scizor|Scizor, F|61/100
|-damage|p1a: Scizor|49/100|[from] Stealth Rock
|move|p2a: Quagsire|Recover|p2a: Quagsire
|-heal|p2a: Quagsire|100/100
|
|upkeep
|turn|33
|
|t:|1711387652
|move|p1a: Scizor|U-turn|p2a: Quagsire
|-damage|p2a: Quagsire|60/100
|
|t:|1711387655
|switch|p1a: Latios|Latios, M|88/100|[from] U-turn
|-damage|p1a: Latios|76/100|[from] Stealth Rock
|move|p2a: Quagsire|Recover|p2a: Quagsire
|-heal|p2a: Quagsire|100/100
|
|upkeep
|turn|34
|
|t:|1711387658
|switch|p1a: Scizor|Scizor, F|49/100
|-damage|p1a: Scizor|37/100|[from] Stealth Rock
|switch|p2a: Chansey|Chansey, F|100/100
|
|upkeep
|turn|35
|
|t:|1711387661
|switch|p2a: Xatu|Xatu, F|100/100
|move|p1a: Scizor|Superpower|p2a: Xatu
|-resisted|p2a: Xatu
|-damage|p2a: Xatu|83/100
|-unboost|p1a: Scizor|atk|1
|-unboost|p1a: Scizor|def|1
|
|-heal|p2a: Xatu|89/100|[from] item: Leftovers
|upkeep
|turn|36
|
|t:|1711387664
|switch|p1a: Salamence|Salamence, M|60/100 brn
|-damage|p1a: Salamence|35/100 brn|[from] Stealth Rock
|move|p2a: Xatu|U-turn|p1a: Salamence
|-resisted|p1a: Salamence
|-damage|p1a: Salamence|28/100 brn
|
|t:|1711387668
|switch|p2a: Chansey|Chansey, F|100/100|[from] U-turn
|
|-damage|p1a: Salamence|15/100 brn|[from] brn
|upkeep
|turn|37
|
|t:|1711387671
|move|p1a: Salamence|Outrage|p2a: Chansey
|-damage|p2a: Chansey|78/100
|move|p2a: Chansey|Soft-Boiled|p2a: Chansey
|-heal|p2a: Chansey|100/100
|
|-damage|p1a: Salamence|3/100 brn|[from] brn
|upkeep
|turn|38
|
|t:|1711387675
|move|p1a: Salamence|Outrage|p2a: Chansey|[from]lockedmove
|-crit|p2a: Chansey
|-damage|p2a: Chansey|52/100
|-start|p1a: Salamence|confusion|[fatigue]
|move|p2a: Chansey|Soft-Boiled|p2a: Chansey
|-heal|p2a: Chansey|100/100
|
|-damage|p1a: Salamence|0 fnt|[from] brn
|faint|p1a: Salamence
|upkeep
|
|t:|1711387679
|switch|p1a: Scizor|Scizor, F|37/100
|-damage|p1a: Scizor|24/100|[from] Stealth Rock
|turn|39
|
|t:|1711387681
|move|p1a: Scizor|U-turn|p2a: Chansey
|-damage|p2a: Chansey|62/100
|
|t:|1711387683
|switch|p1a: Dragonite|Dragonite, M|88/100|[from] U-turn
|-damage|p1a: Dragonite|63/100|[from] Stealth Rock
|move|p2a: Chansey|Seismic Toss|p1a: Dragonite
|-damage|p1a: Dragonite|37/100
|
|upkeep
|turn|40
|
|t:|1711387687
|switch|p2a: Xatu|Xatu, F|89/100
|move|p1a: Dragonite|Outrage|p2a: Xatu
|-damage|p2a: Xatu|0 fnt
|faint|p2a: Xatu
|
|upkeep
|
|t:|1711387688
|switch|p2a: Quagsire|Quagsire, F|100/100
|turn|41
|
|t:|1711387690
|move|p1a: Dragonite|Outrage|p2a: Quagsire|[from]lockedmove
|-damage|p2a: Quagsire|32/100
|-start|p1a: Dragonite|confusion|[fatigue]
|move|p2a: Quagsire|Scald|p1a: Dragonite
|-resisted|p1a: Dragonite
|-crit|p1a: Dragonite
|-damage|p1a: Dragonite|20/100
|-status|p1a: Dragonite|brn
|
|-heal|p2a: Quagsire|38/100|[from] item: Leftovers
|-damage|p1a: Dragonite|7/100 brn|[from] brn
|upkeep
|turn|42
|
|t:|1711387696
|switch|p1a: Scizor|Scizor, F|24/100
|-damage|p1a: Scizor|12/100|[from] Stealth Rock
|move|p2a: Quagsire|Recover|p2a: Quagsire
|-heal|p2a: Quagsire|88/100
|
|-heal|p2a: Quagsire|94/100|[from] item: Leftovers
|upkeep
|turn|43
|
|t:|1711387698
|move|p1a: Scizor|U-turn|p2a: Quagsire
|-damage|p2a: Quagsire|52/100
|
|t:|1711387700
|switch|p1a: Latios|Latios, M|76/100|[from] U-turn
|-damage|p1a: Latios|64/100|[from] Stealth Rock
|move|p2a: Quagsire|Recover|p2a: Quagsire
|-heal|p2a: Quagsire|100/100
|
|upkeep
|turn|44
|
|t:|1711387704
|switch|p1a: Dragonite|Dragonite, M|7/100 brn
|-damage|p1a: Dragonite|0 fnt|[from] Stealth Rock
|faint|p1a: Dragonite
|move|p2a: Quagsire|Scald|p1: Dragonite|[notarget]
|-fail|p2a: Quagsire
|
|upkeep
|
|t:|1711387707
|switch|p1a: Latios|Latios, M|64/100
|-damage|p1a: Latios|51/100|[from] Stealth Rock
|turn|45
|
|t:|1711387709
|switch|p2a: Chansey|Chansey, F|62/100
|move|p1a: Latios|Draco Meteor|p2a: Chansey
|-damage|p2a: Chansey|33/100
|-unboost|p1a: Latios|spa|2
|
|upkeep
|turn|46
|
|t:|1711387714
|move|p1a: Latios|Draco Meteor|p2a: Chansey
|-crit|p2a: Chansey
|-damage|p2a: Chansey|0 fnt
|-unboost|p1a: Latios|spa|2
|faint|p2a: Chansey
|
|upkeep
|
|t:|1711387717
|switch|p2a: Quagsire|Quagsire, F|100/100
|turn|47
|
|t:|1711387719
|move|p1a: Latios|Draco Meteor|p2a: Quagsire
|-damage|p2a: Quagsire|0 fnt
|-unboost|p1a: Latios|spa|2
|faint|p2a: Quagsire
|
|win|mewtwobaws
|raw|mewtwobaws's rating: 1419 &rarr; <strong>1447</strong><br />(+28 for winning)
|raw|radaty's rating: 1569 &rarr; <strong>1541</strong><br />(-28 for losing)
|l|☆radaty
|player|p2|
|c|☆mewtwobaws|lol
