|j|bro fuck off
|j|High Impulse
|player|p1|bro fuck off|#clemont
|teamsize|p1|6
|player|p2|High Impulse|1
|teamsize|p2|6
|gametype|singles
|gen|5
|tier|[Gen 5] OU
|rated
|seed|35786,8370,7612,7671
|rule|Sleep Clause Mod: Limit one foe put to sleep
|rule|Species Clause: Limit one of each Pokémon
|rule|OHKO Clause: OHKO moves are banned
|rule|Moody Clause: Moody is banned
|rule|Evasion Moves Clause: Evasion moves are banned
|rule|Endless Battle Clause: Forcing endless battles is banned
|rule|HP Percentage Mod: HP is shown in percentages
|rule|Evasion Abilities Clause: Evasion abilities are banned
|rule|Baton Pass Clause: Limit one Baton Passer, can't pass Spe and other stats simultaneously
|rule|Swagger Clause: Swagger is banned
|clearpoke
|poke|p1|Alakazam, F|item
|poke|p1|Politoed, F|item
|poke|p1|Toxicroak, M|item
|poke|p1|Tornadus, M|item
|poke|p1|Ferrothorn, M|item
|poke|p1|Garchomp, F|item
|poke|p2|Politoed, M|item
|poke|p2|Magnezone|item
|poke|p2|Gyarados, F|item
|poke|p2|Excadrill, M|item
|poke|p2|Amoonguss, F|item
|poke|p2|Alakazam, M|item
|teampreview
|l|High Impulse
|player|p2|
|j|High Impulse
|player|p2|High Impulse|1
|choice|team 2, team 1, team 3, team 4, team 5, team 6|team 5, team 2, team 3, team 4, team 1, team 6
|
|start
|switch|p1a: Politoed|Politoed, F|384/384
|switch|p2a: Amoonguss|Amoonguss, F|432/432
|-weather|RainDance|[from] ability: Drizzle|[of] p1a: Politoed
|turn|1
|inactive|Battle timer is ON: inactive players will automatically lose when time's up. (requested by bro fuck off)
|choice|move icebeam|move spore
|
|move|p1a: Politoed|Ice Beam|p2a: Amoonguss
|-supereffective|p2a: Amoonguss
|-crit|p2a: Amoonguss
|-damage|p2a: Amoonguss|0 fnt
|faint|p2a: Amoonguss
|
|-weather|RainDance|[upkeep]
|upkeep
|choice||switch 2
|
|switch|p2a: Magnezone|Magnezone|282/282
|turn|2
|choice|switch 6|move substitute
|
|switch|p1a: Garchomp|Garchomp, F|357/357
|move|p2a: Magnezone|Substitute|p2a: Magnezone
|-start|p2a: Magnezone|Substitute
|-damage|p2a: Magnezone|212/282
|
|-weather|RainDance|[upkeep]
|-heal|p2a: Magnezone|229/282|[from] item: Leftovers
|upkeep
|turn|3
|choice|move earthquake|move hiddenpower
|
|move|p1a: Garchomp|Earthquake|p2a: Magnezone
|-supereffective|p2a: Magnezone
|-end|p2a: Magnezone|Substitute
|move|p2a: Magnezone|Hidden Power|p1a: Garchomp
|-supereffective|p1a: Garchomp
|-damage|p1a: Garchomp|0 fnt
|faint|p1a: Garchomp
|
|-weather|RainDance|[upkeep]
|-heal|p2a: Magnezone|246/282|[from] item: Leftovers
|upkeep
|choice|switch 3|
|
|switch|p1a: Toxicroak|Toxicroak, M|307/307
|turn|4
|choice|move drainpunch|switch 3
|
|switch|p2a: Gyarados|Gyarados, F|353/353
|-ability|p2a: Gyarados|Intimidate|boost
|-unboost|p1a: Toxicroak|atk|1
|move|p1a: Toxicroak|Drain Punch|p2a: Gyarados
|-resisted|p2a: Gyarados
|-damage|p2a: Gyarados|296/353
|-damage|p1a: Toxicroak|277/307|[from] item: Life Orb
|
|-weather|RainDance|[upkeep]
|-heal|p1a: Toxicroak|307/307|[from] ability: Dry Skin
|-heal|p2a: Gyarados|318/353|[from] item: Leftovers
|upkeep
|turn|5
|choice|switch 5|switch 4
|
|switch|p1a: Ferrothorn|Ferrothorn, M|352/352
|switch|p2a: Excadrill|Excadrill, M|424/424
|-ability|p2a: Excadrill|Mold Breaker
|
|-weather|RainDance|[upkeep]
|upkeep
|turn|6
|choice|move stealthrock|move stealthrock
|
|move|p2a: Excadrill|Stealth Rock|p1a: Ferrothorn
|-sidestart|p1: bro fuck off|move: Stealth Rock
|move|p1a: Ferrothorn|Stealth Rock|p2a: Excadrill
|-sidestart|p2: High Impulse|move: Stealth Rock
|
|-weather|RainDance|[upkeep]
|upkeep
|turn|7
|choice|move leechseed|move earthquake
|
|move|p2a: Excadrill|Earthquake|p1a: Ferrothorn
|-damage|p1a: Ferrothorn|268/352
|move|p1a: Ferrothorn|Leech Seed|p2a: Excadrill
|-start|p2a: Excadrill|move: Leech Seed
|
|-weather|RainDance|[upkeep]
|-heal|p1a: Ferrothorn|290/352|[from] item: Leftovers
|-damage|p2a: Excadrill|371/424|[from] Leech Seed|[of] p1a: Ferrothorn
|-heal|p1a: Ferrothorn|343/352|[silent]
|upkeep
|turn|8
|choice|move powerwhip|move rapidspin
|
|move|p2a: Excadrill|Rapid Spin|p1a: Ferrothorn
|-resisted|p1a: Ferrothorn
|-damage|p1a: Ferrothorn|337/352
|-damage|p2a: Excadrill|318/424|[from] ability: Iron Barbs|[of] p1a: Ferrothorn
|-end|p2a: Excadrill|Leech Seed|[from] move: Rapid Spin|[of] p2a: Excadrill
|-sideend|p2: High Impulse|Stealth Rock|[from] move: Rapid Spin|[of] p2a: Excadrill
|move|p1a: Ferrothorn|Power Whip|p2a: Excadrill
|-damage|p2a: Excadrill|114/424
|
|-weather|RainDance|[upkeep]
|-heal|p2a: Excadrill|140/424|[from] item: Leftovers
|-heal|p1a: Ferrothorn|352/352|[from] item: Leftovers
|upkeep
|turn|9
|choice|move stealthrock|switch 3
|
|switch|p2a: Magnezone|Magnezone|246/282
|move|p1a: Ferrothorn|Stealth Rock|p2a: Magnezone
|-sidestart|p2: High Impulse|move: Stealth Rock
|
|-weather|RainDance|[upkeep]
|-heal|p2a: Magnezone|263/282|[from] item: Leftovers
|upkeep
|turn|10
|choice|move powerwhip|move substitute
|
|move|p2a: Magnezone|Substitute|p2a: Magnezone
|-start|p2a: Magnezone|Substitute
|-damage|p2a: Magnezone|193/282
|move|p1a: Ferrothorn|Power Whip|p2a: Magnezone
|-resisted|p2a: Magnezone
|-activate|p2a: Magnezone|Substitute|[damage]
|
|-weather|RainDance|[upkeep]
|-heal|p2a: Magnezone|210/282|[from] item: Leftovers
|upkeep
|turn|11
|choice|move powerwhip|move chargebeam
|
|move|p2a: Magnezone|Charge Beam|p1a: Ferrothorn
|-resisted|p1a: Ferrothorn
|-damage|p1a: Ferrothorn|310/352
|-boost|p2a: Magnezone|spa|1
|move|p1a: Ferrothorn|Power Whip|p2a: Magnezone
|-resisted|p2a: Magnezone
|-end|p2a: Magnezone|Substitute
|
|-weather|RainDance|[upkeep]
|-heal|p2a: Magnezone|227/282|[from] item: Leftovers
|-heal|p1a: Ferrothorn|332/352|[from] item: Leftovers
|upkeep
|turn|12
|choice|move powerwhip|move substitute
|
|move|p2a: Magnezone|Substitute|p2a: Magnezone
|-start|p2a: Magnezone|Substitute
|-damage|p2a: Magnezone|157/282
|move|p1a: Ferrothorn|Power Whip|p2a: Magnezone
|-resisted|p2a: Magnezone
|-activate|p2a: Magnezone|Substitute|[damage]
|
|-weather|RainDance|[upkeep]
|-heal|p2a: Magnezone|174/282|[from] item: Leftovers
|-heal|p1a: Ferrothorn|352/352|[from] item: Leftovers
|upkeep
|turn|13
|choice|move powerwhip|move chargebeam
|
|move|p2a: Magnezone|Charge Beam|p1a: Ferrothorn
|-resisted|p1a: Ferrothorn
|-damage|p1a: Ferrothorn|293/352
|move|p1a: Ferrothorn|Power Whip|p2a: Magnezone
|-resisted|p2a: Magnezone
|-end|p2a: Magnezone|Substitute
|
|-weather|RainDance|[upkeep]
|-heal|p2a: Magnezone|191/282|[from] item: Leftovers
|-heal|p1a: Ferrothorn|315/352|[from] item: Leftovers
|upkeep
|turn|14
|choice|move powerwhip|move chargebeam
|
|move|p2a: Magnezone|Charge Beam|p1a: Ferrothorn
|-resisted|p1a: Ferrothorn
|-damage|p1a: Ferrothorn|257/352
|move|p1a: Ferrothorn|Power Whip|p2a: Magnezone
|-resisted|p2a: Magnezone
|-damage|p2a: Magnezone|135/282
|
|-weather|RainDance|[upkeep]
|-heal|p2a: Magnezone|152/282|[from] item: Leftovers
|-heal|p1a: Ferrothorn|279/352|[from] item: Leftovers
|upkeep
|turn|15
|choice|move leechseed|move substitute
|
|move|p2a: Magnezone|Substitute|p2a: Magnezone
|-start|p2a: Magnezone|Substitute
|-damage|p2a: Magnezone|82/282
|move|p1a: Ferrothorn|Leech Seed|p2a: Magnezone
|-fail|p2a: Magnezone
|
|-weather|RainDance|[upkeep]
|-heal|p2a: Magnezone|99/282|[from] item: Leftovers
|-heal|p1a: Ferrothorn|301/352|[from] item: Leftovers
|upkeep
|turn|16
|choice|move powerwhip|move chargebeam
|
|move|p2a: Magnezone|Charge Beam|p1a: Ferrothorn
|-resisted|p1a: Ferrothorn
|-damage|p1a: Ferrothorn|238/352
|-boost|p2a: Magnezone|spa|1
|move|p1a: Ferrothorn|Power Whip|p2a: Magnezone
|-resisted|p2a: Magnezone
|-activate|p2a: Magnezone|Substitute|[damage]
|
|-weather|RainDance|[upkeep]
|-heal|p2a: Magnezone|116/282|[from] item: Leftovers
|-heal|p1a: Ferrothorn|260/352|[from] item: Leftovers
|upkeep
|turn|17
|choice|move powerwhip|move chargebeam
|
|move|p2a: Magnezone|Charge Beam|p1a: Ferrothorn
|-resisted|p1a: Ferrothorn
|-damage|p1a: Ferrothorn|175/352
|move|p1a: Ferrothorn|Power Whip|p2a: Magnezone
|-resisted|p2a: Magnezone
|-end|p2a: Magnezone|Substitute
|
|-weather|RainDance|[upkeep]
|-heal|p2a: Magnezone|133/282|[from] item: Leftovers
|-heal|p1a: Ferrothorn|197/352|[from] item: Leftovers
|upkeep
|turn|18
|choice|move powerwhip|move substitute
|
|move|p2a: Magnezone|Substitute|p2a: Magnezone
|-start|p2a: Magnezone|Substitute
|-damage|p2a: Magnezone|63/282
|move|p1a: Ferrothorn|Power Whip|p2a: Magnezone
|-resisted|p2a: Magnezone
|-activate|p2a: Magnezone|Substitute|[damage]
|
|-weather|RainDance|[upkeep]
|-heal|p2a: Magnezone|80/282|[from] item: Leftovers
|-heal|p1a: Ferrothorn|219/352|[from] item: Leftovers
|upkeep
|turn|19
|choice|move powerwhip|move thunder
|
|move|p2a: Magnezone|Thunder|p1a: Ferrothorn
|-resisted|p1a: Ferrothorn
|-damage|p1a: Ferrothorn|22/352
|move|p1a: Ferrothorn|Power Whip|p2a: Magnezone|[miss]
|-miss|p1a: Ferrothorn|p2a: Magnezone
|
|-weather|RainDance|[upkeep]
|-heal|p2a: Magnezone|97/282|[from] item: Leftovers
|-heal|p1a: Ferrothorn|44/352|[from] item: Leftovers
|upkeep
|turn|20
|choice|move powerwhip|move chargebeam
|
|move|p2a: Magnezone|Charge Beam|p1a: Ferrothorn
|-resisted|p1a: Ferrothorn
|-damage|p1a: Ferrothorn|0 fnt
|-boost|p2a: Magnezone|spa|1
|faint|p1a: Ferrothorn
|
|-weather|RainDance|[upkeep]
|-heal|p2a: Magnezone|114/282|[from] item: Leftovers
|upkeep
|choice|switch 2|
|
|switch|p1a: Alakazam|Alakazam, F|251/251
|turn|21
|choice|move psychic|move thunder
|
|move|p1a: Alakazam|Psychic|p2a: Magnezone
|-resisted|p2a: Magnezone
|-end|p2a: Magnezone|Substitute
|move|p2a: Magnezone|Thunder|p1a: Alakazam
|-enditem|p1a: Alakazam|Focus Sash
|-damage|p1a: Alakazam|1/251
|
|-weather|RainDance|[upkeep]
|-heal|p2a: Magnezone|131/282|[from] item: Leftovers
|upkeep
|turn|22
|choice|move focusblast|switch 5
|
|switch|p2a: Politoed|Politoed, M|384/384
|-damage|p2a: Politoed|336/384|[from] Stealth Rock
|move|p1a: Alakazam|Focus Blast|p2a: Politoed
|-damage|p2a: Politoed|200/384
|
|-weather|RainDance|[upkeep]
|upkeep
|turn|23
|choice|move energyball|move icebeam
|
|move|p1a: Alakazam|Energy Ball|p2a: Politoed
|-supereffective|p2a: Politoed
|-damage|p2a: Politoed|20/384
|move|p2a: Politoed|Ice Beam|p1a: Alakazam
|-damage|p1a: Alakazam|0 fnt
|faint|p1a: Alakazam
|
|-weather|RainDance|[upkeep]
|upkeep
|choice|switch 4|
|
|switch|p1a: Tornadus|Tornadus, M|299/299
|-damage|p1a: Tornadus|225/299|[from] Stealth Rock
|turn|24
|l|bro fuck off
|inactive|bro fuck off disconnected and has a minute to reconnect!
|player|p1|
|inactive|bro fuck off has 40 seconds to reconnect!
|j|bro fuck off
|inactive|bro fuck off reconnected and has 100 seconds left.
|player|p1|bro fuck off|#clemont
|inactive|bro fuck off has 90 seconds left.
|choice|move hurricane|move icebeam
|
|move|p1a: Tornadus|Hurricane|p2a: Politoed
|-damage|p2a: Politoed|0 fnt
|faint|p2a: Politoed
|
|-weather|RainDance|[upkeep]
|-heal|p1a: Tornadus|243/299|[from] item: Leftovers
|upkeep
|choice||switch 6
|
|switch|p2a: Alakazam|Alakazam, M|251/251
|turn|25
|choice|move hurricane|move psychic
|
|move|p2a: Alakazam|Psychic|p1a: Tornadus
|-damage|p1a: Tornadus|48/299
|move|p1a: Tornadus|Hurricane|p2a: Alakazam
|-enditem|p2a: Alakazam|Focus Sash
|-damage|p2a: Alakazam|1/251
|
|-weather|RainDance|[upkeep]
|-heal|p1a: Tornadus|66/299|[from] item: Leftovers
|upkeep
|turn|26
|choice|move tailwind|move psychic
|
|move|p1a: Tornadus|Tailwind|p1a: Tornadus
|-sidestart|p1: bro fuck off|move: Tailwind
|move|p2a: Alakazam|Psychic|p1a: Tornadus
|-damage|p1a: Tornadus|0 fnt
|faint|p1a: Tornadus
|
|-weather|RainDance|[upkeep]
|upkeep
|choice|switch 6|
|
|switch|p1a: Politoed|Politoed, F|384/384
|-damage|p1a: Politoed|336/384|[from] Stealth Rock
|turn|27
|choice|move hydropump|switch 5
|
|switch|p2a: Magnezone|Magnezone|131/282
|-damage|p2a: Magnezone|114/282|[from] Stealth Rock
|move|p1a: Politoed|Hydro Pump|p2a: Magnezone
|-crit|p2a: Magnezone
|-damage|p2a: Magnezone|0 fnt
|faint|p2a: Magnezone
|
|-weather|RainDance|[upkeep]
|upkeep
|choice||switch 3
|
|switch|p2a: Excadrill|Excadrill, M|140/424
|-damage|p2a: Excadrill|127/424|[from] Stealth Rock
|-ability|p2a: Excadrill|Mold Breaker
|turn|28
|choice|move hydropump|move rapidspin
|
|move|p1a: Politoed|Hydro Pump|p2a: Excadrill
|-supereffective|p2a: Excadrill
|-damage|p2a: Excadrill|0 fnt
|faint|p2a: Excadrill
|
|-weather|RainDance|[upkeep]
|upkeep
|choice||switch 4
|
|switch|p2a: Gyarados|Gyarados, F|318/353
|-damage|p2a: Gyarados|230/353|[from] Stealth Rock
|-ability|p2a: Gyarados|Intimidate|boost
|-unboost|p1a: Politoed|atk|1
|turn|29
|choice|move hydropump|move dragondance
|
|move|p1a: Politoed|Hydro Pump|p2a: Gyarados
|-resisted|p2a: Gyarados
|-damage|p2a: Gyarados|11/353
|move|p2a: Gyarados|Dragon Dance|p2a: Gyarados
|-boost|p2a: Gyarados|atk|1
|-boost|p2a: Gyarados|spe|1
|
|-weather|RainDance|[upkeep]
|-heal|p2a: Gyarados|33/353|[from] item: Leftovers
|-sideend|p1: bro fuck off|move: Tailwind
|upkeep
|turn|30
|choice|move hydropump|move bounce
|
|move|p2a: Gyarados|Bounce|p1a: Politoed|[still]
|-prepare|p2a: Gyarados|Bounce|p1a: Politoed
|move|p1a: Politoed|Hydro Pump|p2a: Gyarados|[miss]
|-miss|p1a: Politoed|p2a: Gyarados
|
|-weather|RainDance|[upkeep]
|-heal|p2a: Gyarados|55/353|[from] item: Leftovers
|upkeep
|turn|31
|choice|move hydropump|move bounce
|
|move|p2a: Gyarados|Bounce|p1a: Politoed|[from]lockedmove
|-damage|p1a: Politoed|42/384
|move|p1a: Politoed|Hydro Pump|p2a: Gyarados
|-resisted|p2a: Gyarados
|-damage|p2a: Gyarados|0 fnt
|faint|p2a: Gyarados
|
|-weather|RainDance|[upkeep]
|upkeep
|choice||switch 5
|
|switch|p2a: Alakazam|Alakazam, M|1/251
|turn|32
|c|☆bro fuck off|bye dude
|c|☆High Impulse|NO
|c|☆High Impulse|STAY
|l|bro fuck off
|inactive|bro fuck off disconnected and has a minute to reconnect!
|player|p1|
|c|☆High Impulse|for fuck sake
|inactive|bro fuck off has 40 seconds to reconnect!
|j|bro fuck off
|inactive|bro fuck off reconnected and has 110 seconds left.
|player|p1|bro fuck off|#clemont
|choice|move hydropump|move psychic
|
|move|p2a: Alakazam|Psychic|p1a: Politoed
|-damage|p1a: Politoed|0 fnt
|faint|p1a: Politoed
|
|-weather|RainDance|[upkeep]
|upkeep
|choice|switch 5|
|
|switch|p1a: Toxicroak|Toxicroak, M|307/307
|-damage|p1a: Toxicroak|288/307|[from] Stealth Rock
|turn|33
|choice|move suckerpunch|move encore
|
|move|p1a: Toxicroak|Sucker Punch|p2a: Alakazam|[still]
|-fail|p1a: Toxicroak
|move|p2a: Alakazam|Encore|p1a: Toxicroak
|-start|p1a: Toxicroak|Encore
|
|-weather|RainDance|[upkeep]
|-heal|p1a: Toxicroak|307/307|[from] ability: Dry Skin
|upkeep
|turn|34
|choice|move suckerpunch|move encore
|
|move|p1a: Toxicroak|Sucker Punch|p2a: Alakazam|[still]
|-fail|p1a: Toxicroak
|move|p2a: Alakazam|Encore|p1a: Toxicroak
|-fail|p1a: Toxicroak
|
|-weather|RainDance|[upkeep]
|upkeep
|turn|35
|choice|move suckerpunch|move encore
|
|move|p1a: Toxicroak|Sucker Punch|p2a: Alakazam|[still]
|-fail|p1a: Toxicroak
|move|p2a: Alakazam|Encore|p1a: Toxicroak
|-fail|p1a: Toxicroak
|
|-weather|RainDance|[upkeep]
|upkeep
|turn|36
|choice|move suckerpunch|move encore
|
|move|p1a: Toxicroak|Sucker Punch|p2a: Alakazam|[still]
|-fail|p1a: Toxicroak
|move|p2a: Alakazam|Encore|p1a: Toxicroak
|-fail|p1a: Toxicroak
|
|-weather|RainDance|[upkeep]
|-end|p1a: Toxicroak|Encore
|upkeep
|turn|37
|choice|move suckerpunch|move encore
|
|move|p1a: Toxicroak|Sucker Punch|p2a: Alakazam|[still]
|-fail|p1a: Toxicroak
|move|p2a: Alakazam|Encore|p1a: Toxicroak
|-start|p1a: Toxicroak|Encore
|
|-weather|RainDance|[upkeep]
|upkeep
|turn|38
|choice|move suckerpunch|move encore
|
|move|p1a: Toxicroak|Sucker Punch|p2a: Alakazam|[still]
|-fail|p1a: Toxicroak
|move|p2a: Alakazam|Encore|p1a: Toxicroak
|-fail|p1a: Toxicroak
|
|-weather|RainDance|[upkeep]
|upkeep
|turn|39
|choice|move suckerpunch|move encore
|
|move|p1a: Toxicroak|Sucker Punch|p2a: Alakazam|[still]
|-fail|p1a: Toxicroak
|move|p2a: Alakazam|Encore|p1a: Toxicroak
|-fail|p1a: Toxicroak
|
|-weather|RainDance|[upkeep]
|upkeep
|turn|40
|choice|move suckerpunch|move encore
|
|move|p1a: Toxicroak|Sucker Punch|p2a: Alakazam|[still]
|-fail|p1a: Toxicroak
|move|p2a: Alakazam|Encore|p1a: Toxicroak
|-fail|p1a: Toxicroak
|
|-weather|RainDance|[upkeep]
|-end|p1a: Toxicroak|Encore
|upkeep
|turn|41
|c|☆High Impulse|gg
|choice|move poisonjab|move psychic
|
|move|p2a: Alakazam|Psychic|p1a: Toxicroak
|-supereffective|p1a: Toxicroak
|-damage|p1a: Toxicroak|0 fnt
|faint|p1a: Toxicroak
|
|win|High Impulse
|raw|bro fuck off's rating: 1350 &rarr; <strong>1326</strong><br />(-24 for losing)
|raw|High Impulse's rating: 1277 &rarr; <strong>1307</strong><br />(+30 for winning)
|c|☆bro fuck off|gg