|j|☆qscf331
|j|☆UncleSlayers
|t:|1738643170
|gametype|singles
|player|p1|qscf331|1|1294
|player|p2|UncleSlayers|n|1435
|teamsize|p1|6
|teamsize|p2|6
|gen|5
|tier|[Gen 5] OU
|rated|
|rule|Species Clause: Limit one of each Pokémon
|rule|OHKO Clause: OHKO moves are banned
|rule|Moody Clause: Moody is banned
|rule|Evasion Items Clause: Evasion items are banned
|rule|Evasion Moves Clause: Evasion moves are banned
|rule|Endless Battle Clause: Forcing endless battles is banned
|rule|HP Percentage Mod: HP is shown in percentages
|rule|Evasion Abilities Clause: Evasion abilities are banned
|rule|Sleep Moves Clause: Sleep-inducing moves are banned
|rule|Swagger Clause: Swagger is banned
|rule|Baton Pass Stat Clause: No Baton Passer may have a way to boost its stats
|clearpoke
|poke|p1|Latios, M|item
|poke|p1|Skarmory, F|item
|poke|p1|Excadrill, M|item
|poke|p1|Tyranitar, F|item
|poke|p1|Keldeo|item
|poke|p1|Terrakion|item
|poke|p2|Politoed, M|item
|poke|p2|Keldeo|item
|poke|p2|Starmie|item
|poke|p2|Ferrothorn, M|item
|poke|p2|Latios, M|item
|poke|p2|Thundurus-Therian, M|item
|teampreview
|
|t:|1738643186
|start
|switch|p1a: Latios|Latios, M|100/100
|switch|p2a: The Toed|Politoed, M|100/100
|-weather|RainDance|[from] ability: Drizzle|[of] p2a: The Toed
|turn|1
|
|t:|1738643191
|switch|p2a: RIP Freaky-Sand|Ferrothorn, M|100/100
|move|p1a: Latios|Draco Meteor|p2a: RIP Freaky-Sand
|-resisted|p2a: RIP Freaky-Sand
|-damage|p2a: RIP Freaky-Sand|60/100
|-unboost|p1a: Latios|spa|2
|
|-weather|RainDance|[upkeep]
|-heal|p2a: RIP Freaky-Sand|66/100|[from] item: Leftovers
|upkeep
|turn|2
|
|t:|1738643196
|switch|p1a: Keldeo|Keldeo|100/100
|move|p2a: RIP Freaky-Sand|Stealth Rock|p1a: Keldeo
|-sidestart|p1: qscf331|move: Stealth Rock
|
|-weather|RainDance|[upkeep]
|-heal|p2a: RIP Freaky-Sand|72/100|[from] item: Leftovers
|upkeep
|turn|3
|
|t:|1738643205
|move|p1a: Keldeo|Secret Sword|p2a: RIP Freaky-Sand
|-supereffective|p2a: RIP Freaky-Sand
|-damage|p2a: RIP Freaky-Sand|12/100
|move|p2a: RIP Freaky-Sand|Power Whip|p1a: Keldeo
|-supereffective|p1a: Keldeo
|-damage|p1a: Keldeo|5/100
|
|-weather|RainDance|[upkeep]
|-heal|p1a: Keldeo|11/100|[from] item: Leftovers
|-heal|p2a: RIP Freaky-Sand|18/100|[from] item: Leftovers
|upkeep
|turn|4
|
|t:|1738643219
|switch|p2a: The Toed|Politoed, M|100/100
|move|p1a: Keldeo|Scald|p2a: The Toed
|-resisted|p2a: The Toed
|-damage|p2a: The Toed|68/100
|
|-weather|RainDance|[upkeep]
|-heal|p1a: Keldeo|18/100|[from] item: Leftovers
|upkeep
|turn|5
|
|t:|1738643237
|switch|p2a: Rapid Spinner|Starmie|100/100
|move|p1a: Keldeo|Secret Sword|p2a: Rapid Spinner
|-resisted|p2a: Rapid Spinner
|-crit|p2a: Rapid Spinner
|-damage|p2a: Rapid Spinner|32/100
|
|-weather|RainDance|[upkeep]
|-heal|p1a: Keldeo|24/100|[from] item: Leftovers
|upkeep
|turn|6
|
|t:|1738643243
|switch|p1a: Tyranitar|Tyranitar, F|100/100
|-damage|p1a: Tyranitar|88/100|[from] Stealth Rock
|-weather|Sandstorm|[from] ability: Sand Stream|[of] p1a: Tyranitar
|move|p2a: Rapid Spinner|Surf|p1a: Tyranitar
|-supereffective|p1a: Tyranitar
|-damage|p1a: Tyranitar|9/100
|
|-weather|Sandstorm|[upkeep]
|-damage|p2a: Rapid Spinner|26/100|[from] Sandstorm
|upkeep
|turn|7
|
|t:|1738643252
|switch|p1a: Keldeo|Keldeo|24/100
|-damage|p1a: Keldeo|18/100|[from] Stealth Rock
|move|p2a: Rapid Spinner|Surf|p1a: Keldeo
|-resisted|p1a: Keldeo
|-damage|p1a: Keldeo|0 fnt
|faint|p1a: Keldeo
|
|-weather|Sandstorm|[upkeep]
|-damage|p2a: Rapid Spinner|20/100|[from] Sandstorm
|upkeep
|
|t:|1738643257
|switch|p1a: Terrakion|Terrakion|100/100
|-damage|p1a: Terrakion|94/100|[from] Stealth Rock
|turn|8
|
|t:|1738643261
|move|p1a: Terrakion|X-Scissor|p2a: Rapid Spinner
|-supereffective|p2a: Rapid Spinner
|-damage|p2a: Rapid Spinner|0 fnt
|faint|p2a: Rapid Spinner
|
|-weather|Sandstorm|[upkeep]
|upkeep
|
|t:|1738643270
|switch|p2a: lil bro|Keldeo|100/100
|turn|9
|
|t:|1738643277
|switch|p1a: Skarmory|Skarmory, F|100/100
|-damage|p1a: Skarmory|88/100|[from] Stealth Rock
|move|p2a: lil bro|Scald|p1a: Skarmory
|-damage|p1a: Skarmory|24/100
|-status|p1a: Skarmory|brn
|
|-weather|Sandstorm|[upkeep]
|-damage|p2a: lil bro|94/100|[from] Sandstorm
|-heal|p2a: lil bro|100/100|[from] item: Leftovers
|-damage|p1a: Skarmory|12/100 brn|[from] brn
|upkeep
|turn|10
|-enditem|p1a: Skarmory|Custap Berry|[eat]
|-activate|p1a: Skarmory|item: Custap Berry|[consumed]
|
|t:|1738643284
|move|p1a: Skarmory|Stealth Rock|p2a: lil bro
|-sidestart|p2: UncleSlayers|move: Stealth Rock
|move|p2a: lil bro|Scald|p1a: Skarmory
|-damage|p1a: Skarmory|0 fnt
|faint|p1a: Skarmory
|
|-weather|Sandstorm|[upkeep]
|-damage|p2a: lil bro|94/100|[from] Sandstorm
|-heal|p2a: lil bro|100/100|[from] item: Leftovers
|upkeep
|
|t:|1738643294
|switch|p1a: Latios|Latios, M|100/100
|-damage|p1a: Latios|88/100|[from] Stealth Rock
|turn|11
|
|t:|1738643297
|switch|p2a: RIP Freaky-Sand|Ferrothorn, M|18/100
|-damage|p2a: RIP Freaky-Sand|12/100|[from] Stealth Rock
|move|p1a: Latios|Draco Meteor|p2a: RIP Freaky-Sand
|-resisted|p2a: RIP Freaky-Sand
|-damage|p2a: RIP Freaky-Sand|0 fnt
|-unboost|p1a: Latios|spa|2
|faint|p2a: RIP Freaky-Sand
|
|-weather|Sandstorm|[upkeep]
|-damage|p1a: Latios|82/100|[from] Sandstorm
|upkeep
|
|t:|1738643299
|switch|p2a: The Toed|Politoed, M|68/100
|-damage|p2a: The Toed|55/100|[from] Stealth Rock
|-weather|RainDance|[from] ability: Drizzle|[of] p2a: The Toed
|turn|12
|
|t:|1738643307
|switch|p2a: lil bro|Keldeo|100/100
|-damage|p2a: lil bro|94/100|[from] Stealth Rock
|move|p1a: Latios|Draco Meteor|p2a: lil bro
|-damage|p2a: lil bro|39/100
|-unboost|p1a: Latios|spa|2
|
|-weather|RainDance|[upkeep]
|-heal|p2a: lil bro|45/100|[from] item: Leftovers
|upkeep
|turn|13
|
|t:|1738643319
|switch|p1a: Excadrill|Excadrill, M|100/100
|-damage|p1a: Excadrill|97/100|[from] Stealth Rock
|move|p2a: lil bro|Scald|p1a: Excadrill
|-supereffective|p1a: Excadrill
|-damage|p1a: Excadrill|0 fnt
|faint|p1a: Excadrill
|
|-weather|RainDance|[upkeep]
|-heal|p2a: lil bro|51/100|[from] item: Leftovers
|upkeep
|
|t:|1738643322
|switch|p1a: Latios|Latios, M|82/100
|-damage|p1a: Latios|70/100|[from] Stealth Rock
|turn|14
|
|t:|1738643325
|move|p2a: lil bro|Protect|p2a: lil bro
|-singleturn|p2a: lil bro|Protect
|move|p1a: Latios|Dragon Pulse|p2a: lil bro
|-activate|p2a: lil bro|move: Protect
|
|-weather|RainDance|[upkeep]
|-heal|p2a: lil bro|58/100|[from] item: Leftovers
|upkeep
|turn|15
|
|t:|1738643329
|move|p1a: Latios|Dragon Pulse|p2a: lil bro
|-damage|p2a: lil bro|0 fnt
|faint|p2a: lil bro
|
|-weather|RainDance|[upkeep]
|upkeep
|
|t:|1738643333
|switch|p2a: OHKO??? ZAMN!!!|Thundurus-Therian, M|100/100
|-damage|p2a: OHKO??? ZAMN!!!|75/100|[from] Stealth Rock
|turn|16
|
|t:|1738643338
|move|p1a: Latios|Dragon Pulse|p2a: OHKO??? ZAMN!!!
|-crit|p2a: OHKO??? ZAMN!!!
|-damage|p2a: OHKO??? ZAMN!!!|0 fnt
|faint|p2a: OHKO??? ZAMN!!!
|
|-weather|RainDance|[upkeep]
|upkeep
|
|t:|1738643341
|switch|p2a: The Table Turner|Latios, M|100/100
|-damage|p2a: The Table Turner|88/100|[from] Stealth Rock
|turn|17
|
|t:|1738643351
|switch|p1a: Tyranitar|Tyranitar, F|9/100
|-damage|p1a: Tyranitar|0 fnt|[from] Stealth Rock
|faint|p1a: Tyranitar
|move|p2a: The Table Turner|Dragon Pulse|p1: Tyranitar|[notarget]
|-fail|p2a: The Table Turner
|
|-weather|RainDance|[upkeep]
|upkeep
|
|t:|1738643357
|switch|p1a: Terrakion|Terrakion|94/100
|-damage|p1a: Terrakion|88/100|[from] Stealth Rock
|turn|18
|
|t:|1738643365
|switch|p2a: The Toed|Politoed, M|55/100
|-damage|p2a: The Toed|43/100|[from] Stealth Rock
|move|p1a: Terrakion|X-Scissor|p2a: The Toed
|-damage|p2a: The Toed|6/100
|
|-weather|RainDance|[upkeep]
|upkeep
|turn|19
|
|t:|1738643369
|move|p1a: Terrakion|X-Scissor|p2a: The Toed
|-damage|p2a: The Toed|0 fnt
|faint|p2a: The Toed
|
|-weather|RainDance|[upkeep]
|upkeep
|
|t:|1738643373
|switch|p2a: The Table Turner|Latios, M|88/100
|-damage|p2a: The Table Turner|76/100|[from] Stealth Rock
|turn|20
|
|t:|1738643377
|move|p2a: The Table Turner|Draco Meteor|p1a: Terrakion
|-damage|p1a: Terrakion|10/100
|-unboost|p2a: The Table Turner|spa|2
|move|p1a: Terrakion|X-Scissor|p2a: The Table Turner
|-supereffective|p2a: The Table Turner
|-damage|p2a: The Table Turner|6/100
|
|-weather|RainDance|[upkeep]
|upkeep
|turn|21
|
|t:|1738643383
|move|p2a: The Table Turner|Draco Meteor|p1a: Terrakion
|-damage|p1a: Terrakion|0 fnt
|-unboost|p2a: The Table Turner|spa|2
|faint|p1a: Terrakion
|
|-weather|RainDance|[upkeep]
|upkeep
|
|t:|1738643386
|switch|p1a: Latios|Latios, M|70/100
|-damage|p1a: Latios|58/100|[from] Stealth Rock
|turn|22
|
|t:|1738643387
|move|p2a: The Table Turner|Draco Meteor|p1a: Latios
|-supereffective|p1a: Latios
|-damage|p1a: Latios|8/100
|-unboost|p2a: The Table Turner|spa|2
|move|p1a: Latios|Dragon Pulse|p2a: The Table Turner
|-supereffective|p2a: The Table Turner
|-damage|p2a: The Table Turner|0 fnt
|faint|p2a: The Table Turner
|
|win|qscf331
|raw|qscf331's rating: 1294 &rarr; <strong>1329</strong><br />(+35 for winning)
|raw|UncleSlayers's rating: 1435 &rarr; <strong>1407</strong><br />(-28 for losing)
