|uhtml|medal-msg|<div class="broadcast-blue">Curious what those medals under the avatar are? PS now has Ladder Seasons! For more information, check out the <a href="https://www.smogon.com/forums/threads/3740067/">thread on Smogon.</a></div>
|uhtml|medal-msg|<div class="broadcast-blue">Curious what those medals under the avatar are? PS now has Ladder Seasons! For more information, check out the <a href="https://www.smogon.com/forums/threads/3740067/">thread on Smogon.</a></div>
|j|☆BWVC BookofConke
|j|‽wabrit
|t:|1713394742
|gametype|singles
|player|p1|BWVC BookofConke|silver-masters|1445
|player|p2|wabrit|170|1315
|teamsize|p1|6
|teamsize|p2|6
|gen|5
|tier|[Gen 5] OU
|rated|
|rule|Species Clause: Limit one of each Pokémon
|rule|OHKO Clause: OHKO moves are banned
|rule|Moody Clause: Moody is banned
|rule|Evasion Items Clause: Evasion items are banned
|rule|Evasion Moves Clause: Evasion moves are banned
|rule|Endless Battle Clause: Forcing endless battles is banned
|rule|HP Percentage Mod: HP is shown in percentages
|rule|Evasion Abilities Clause: Evasion abilities are banned
|rule|Sleep Moves Clause: Sleep-inducing moves are banned
|rule|Swagger Clause: Swagger is banned
|rule|Baton Pass Stat Clause: No Baton Passer may have a way to boost its stats
|clearpoke
|poke|p1|Kyurem-Black|item
|poke|p1|Latios, M|item
|poke|p1|Garchomp, M|item
|poke|p1|Magnezone|item
|poke|p1|Reuniclus, M|item
|poke|p1|Jirachi|item
|poke|p2|Latios, M|item
|poke|p2|Excadrill, F|item
|poke|p2|Reuniclus, F|item
|poke|p2|Skarmory, M|item
|poke|p2|Tyranitar, M|item
|poke|p2|Jellicent, F|item
|teampreview
|n|☆wabrit|wabrit
|c|☆wabrit|is another suspect happening?
|
|t:|1713394793
|start
|switch|p1a: Magnezone|Magnezone|100/100
|switch|p2a: Latios|Latios, M|100/100
|turn|1
|
|t:|1713394800
|switch|p1a: Jirachi|Jirachi|100/100
|move|p2a: Latios|Hidden Power|p1a: Jirachi
|-supereffective|p1a: Jirachi
|-crit|p1a: Jirachi
|-damage|p1a: Jirachi|18/100
|-damage|p2a: Latios|91/100|[from] item: Life Orb
|
|-heal|p1a: Jirachi|24/100|[from] item: Leftovers
|upkeep
|turn|2
|
|t:|1713394825
|move|p2a: Latios|Hidden Power|p1a: Jirachi
|-supereffective|p1a: Jirachi
|-damage|p1a: Jirachi|0 fnt
|faint|p1a: Jirachi
|-damage|p2a: Latios|81/100|[from] item: Life Orb
|
|upkeep
|
|t:|1713394844
|switch|p1a: Latios|Latios, M|100/100
|turn|3
|
|t:|1713394865
|switch|p1a: Magnezone|Magnezone|100/100
|switch|p2a: Jellicent|Jellicent, F|100/100
|
|upkeep
|turn|4
|
|t:|1713394898
|switch|p2a: Tyranitar|Tyranitar, M|100/100
|-weather|Sandstorm|[from] ability: Sand Stream|[of] p2a: Tyranitar
|move|p1a: Magnezone|Hidden Power|p2a: Tyranitar
|-resisted|p2a: Tyranitar
|-damage|p2a: Tyranitar|93/100
|
|-weather|Sandstorm|[upkeep]
|upkeep
|turn|5
|
|t:|1713394911
|switch|p2a: Excadrill|Excadrill, F|100/100
|move|p1a: Magnezone|Volt Switch|p2a: Excadrill
|-immune|p2a: Excadrill
|
|-weather|Sandstorm|[upkeep]
|upkeep
|turn|6
|
|t:|1713394920
|switch|p1a: Latios|Latios, M|100/100
|move|p2a: Excadrill|Earthquake|p1a: Latios
|-immune|p1a: Latios|[from] ability: Levitate
|
|-weather|Sandstorm|[upkeep]
|-damage|p1a: Latios|95/100|[from] Sandstorm
|upkeep
|turn|7
|
|t:|1713394943
|switch|p2a: Tyranitar|Tyranitar, M|93/100
|move|p1a: Latios|Draco Meteor|p2a: Tyranitar|[miss]
|-miss|p1a: Latios|p2a: Tyranitar
|
|-weather|Sandstorm|[upkeep]
|-damage|p1a: Latios|89/100|[from] Sandstorm
|upkeep
|turn|8
|
|t:|1713394954
|move|p1a: Latios|Draco Meteor|p2a: Tyranitar
|-damage|p2a: Tyranitar|28/100
|-unboost|p1a: Latios|spa|2
|move|p2a: Tyranitar|Pursuit|p1a: Latios
|-supereffective|p1a: Latios
|-damage|p1a: Latios|0 fnt
|faint|p1a: Latios
|
|-weather|Sandstorm|[upkeep]
|upkeep
|
|t:|1713394990
|switch|p1a: Kyurem|Kyurem-Black|100/100
|-ability|p1a: Kyurem|Teravolt
|turn|9
|
|t:|1713395012
|move|p1a: Kyurem|Dragon Claw|p2a: Tyranitar
|-damage|p2a: Tyranitar|0 fnt
|faint|p2a: Tyranitar
|
|-weather|Sandstorm|[upkeep]
|-damage|p1a: Kyurem|94/100|[from] Sandstorm
|upkeep
|
|t:|1713395022
|switch|p2a: Latios|Latios, M|81/100
|turn|10
|
|t:|1713395032
|switch|p1a: Magnezone|Magnezone|100/100
|move|p2a: Latios|Dragon Pulse|p1a: Magnezone
|-resisted|p1a: Magnezone
|-damage|p1a: Magnezone|59/100
|-damage|p2a: Latios|71/100|[from] item: Life Orb
|
|-weather|Sandstorm|[upkeep]
|-damage|p2a: Latios|65/100|[from] Sandstorm
|upkeep
|turn|11
|
|t:|1713395053
|switch|p1a: Garchomp|Garchomp, M|100/100
|move|p2a: Latios|Hidden Power|p1a: Garchomp
|-resisted|p1a: Garchomp
|-crit|p1a: Garchomp
|-damage|p1a: Garchomp|60/100
|-damage|p2a: Latios|55/100|[from] item: Life Orb
|
|-weather|Sandstorm|[upkeep]
|-damage|p2a: Latios|49/100|[from] Sandstorm
|upkeep
|turn|12
|
|t:|1713395084
|switch|p2a: Skarmory|Skarmory, M|100/100
|move|p1a: Garchomp|Dual Chop|p2a: Skarmory|[miss]
|-miss|p1a: Garchomp|p2a: Skarmory
|
|-weather|Sandstorm|[upkeep]
|upkeep
|turn|13
|c|☆BWVC BookofConke|Turn 1 crit
|c|☆BWVC BookofConke|Draco miss
|c|☆BWVC BookofConke|Dual Chop miss
|c|☆BWVC BookofConke|I'm in shambles
|
|t:|1713395118
|switch|p1a: Magnezone|Magnezone|59/100
|move|p2a: Skarmory|Spikes|p1a: Magnezone
|-sidestart|p1: BWVC BookofConke|Spikes
|
|-weather|Sandstorm|[upkeep]
|upkeep
|turn|14
|c|☆wabrit|gen 5 moment
|
|t:|1713395142
|move|p1a: Magnezone|Thunderbolt|p2a: Skarmory
|-supereffective|p2a: Skarmory
|-damage|p2a: Skarmory|14/100
|move|p2a: Skarmory|Whirlwind|p1a: Magnezone
|drag|p1a: Reuniclus|Reuniclus, M|100/100
|
|-weather|Sandstorm|[upkeep]
|-heal|p2a: Skarmory|20/100|[from] item: Leftovers
|upkeep
|turn|15
|
|t:|1713395159
|move|p2a: Skarmory|Roost|p2a: Skarmory
|-heal|p2a: Skarmory|70/100
|-singleturn|p2a: Skarmory|move: Roost
|move|p1a: Reuniclus|Trick Room|p1a: Reuniclus
|-fieldstart|move: Trick Room|[of] p1a: Reuniclus
|
|-weather|Sandstorm|[upkeep]
|-heal|p2a: Skarmory|76/100|[from] item: Leftovers
|upkeep
|turn|16
|
|t:|1713395171
|move|p1a: Reuniclus|Psychic|p2a: Skarmory
|-resisted|p2a: Skarmory
|-damage|p2a: Skarmory|44/100
|move|p2a: Skarmory|Whirlwind|p1a: Reuniclus
|drag|p1a: Magnezone|Magnezone|59/100
|-damage|p1a: Magnezone|46/100|[from] Spikes
|
|-weather|Sandstorm|[upkeep]
|-heal|p2a: Skarmory|50/100|[from] item: Leftovers
|upkeep
|turn|17
|
|t:|1713395183
|move|p2a: Skarmory|Roost|p2a: Skarmory
|-heal|p2a: Skarmory|99/100
|-singleturn|p2a: Skarmory|move: Roost
|move|p1a: Magnezone|Thunderbolt|p2a: Skarmory
|-damage|p2a: Skarmory|56/100
|
|-weather|Sandstorm|[upkeep]
|-heal|p2a: Skarmory|62/100|[from] item: Leftovers
|upkeep
|turn|18
|
|t:|1713395197
|move|p2a: Skarmory|Roost|p2a: Skarmory
|-heal|p2a: Skarmory|100/100
|-singleturn|p2a: Skarmory|move: Roost
|move|p1a: Magnezone|Volt Switch|p2a: Skarmory
|-damage|p2a: Skarmory|65/100
|
|t:|1713395203
|switch|p1a: Reuniclus|Reuniclus, M|100/100|[from] Volt Switch
|
|-weather|Sandstorm|[upkeep]
|-heal|p2a: Skarmory|71/100|[from] item: Leftovers
|upkeep
|turn|19
|
|t:|1713395212
|move|p1a: Reuniclus|Focus Blast|p2a: Skarmory|[miss]
|-miss|p1a: Reuniclus|p2a: Skarmory
|move|p2a: Skarmory|Whirlwind|p1a: Reuniclus
|drag|p1a: Garchomp|Garchomp, M|60/100
|-damage|p1a: Garchomp|48/100|[from] Spikes
|
|-weather|Sandstorm|[upkeep]
|-heal|p2a: Skarmory|77/100|[from] item: Leftovers
|-fieldend|move: Trick Room
|upkeep
|turn|20
|c|☆wabrit|soz
|
|t:|1713395224
|move|p1a: Garchomp|Rock Slide|p2a: Skarmory
|-damage|p2a: Skarmory|57/100
|move|p2a: Skarmory|Whirlwind|p1a: Garchomp
|drag|p1a: Kyurem|Kyurem-Black|94/100
|-damage|p1a: Kyurem|82/100|[from] Spikes
|-ability|p1a: Kyurem|Teravolt
|
|-weather|Sandstorm|[upkeep]
|-damage|p1a: Kyurem|76/100|[from] Sandstorm
|-heal|p2a: Skarmory|63/100|[from] item: Leftovers
|upkeep
|turn|21
|
|t:|1713395248
|switch|p2a: Excadrill|Excadrill, F|100/100
|move|p1a: Kyurem|Fusion Bolt|p2a: Excadrill
|-immune|p2a: Excadrill
|
|-weather|Sandstorm|[upkeep]
|-damage|p1a: Kyurem|70/100|[from] Sandstorm
|upkeep
|turn|22
|
|t:|1713395261
|switch|p1a: Reuniclus|Reuniclus, M|100/100
|move|p2a: Excadrill|Earthquake|p1a: Reuniclus
|-damage|p1a: Reuniclus|37/100
|
|-weather|Sandstorm|[upkeep]
|upkeep
|turn|23
|
|t:|1713395275
|move|p2a: Excadrill|Earthquake|p1a: Reuniclus
|-damage|p1a: Reuniclus|0 fnt
|faint|p1a: Reuniclus
|
|-weather|Sandstorm|[upkeep]
|upkeep
|
|t:|1713395283
|switch|p1a: Garchomp|Garchomp, M|48/100
|-damage|p1a: Garchomp|36/100|[from] Spikes
|turn|24
|
|t:|1713395292
|switch|p1a: Magnezone|Magnezone|46/100
|-damage|p1a: Magnezone|34/100|[from] Spikes
|switch|p2a: Skarmory|Skarmory, M|63/100
|
|-weather|Sandstorm|[upkeep]
|-heal|p2a: Skarmory|69/100|[from] item: Leftovers
|upkeep
|turn|25
|
|t:|1713395302
|move|p1a: Magnezone|Thunderbolt|p2a: Skarmory
|-supereffective|p2a: Skarmory
|-damage|p2a: Skarmory|0 fnt
|faint|p2a: Skarmory
|
|-weather|Sandstorm|[upkeep]
|upkeep
|
|t:|1713395307
|switch|p2a: Latios|Latios, M|49/100
|turn|26
|
|t:|1713395321
|switch|p1a: Garchomp|Garchomp, M|36/100
|-damage|p1a: Garchomp|23/100|[from] Spikes
|move|p2a: Latios|Dragon Pulse|p1a: Garchomp
|-supereffective|p1a: Garchomp
|-damage|p1a: Garchomp|0 fnt
|faint|p1a: Garchomp
|-damage|p2a: Latios|39/100|[from] item: Life Orb
|
|-weather|Sandstorm|[upkeep]
|-damage|p2a: Latios|33/100|[from] Sandstorm
|upkeep
|
|t:|1713395335
|switch|p1a: Magnezone|Magnezone|34/100
|-damage|p1a: Magnezone|21/100|[from] Spikes
|turn|27
|
|t:|1713395340
|move|p2a: Latios|Recover|p2a: Latios
|-heal|p2a: Latios|83/100
|move|p1a: Magnezone|Thunderbolt|p2a: Latios
|-resisted|p2a: Latios
|-damage|p2a: Latios|58/100
|
|-weather|Sandstorm|[upkeep]
|-damage|p2a: Latios|52/100|[from] Sandstorm
|upkeep
|turn|28
|
|t:|1713395348
|move|p2a: Latios|Hidden Power|p1a: Magnezone
|-supereffective|p1a: Magnezone
|-crit|p1a: Magnezone
|-damage|p1a: Magnezone|0 fnt
|faint|p1a: Magnezone
|-damage|p2a: Latios|43/100|[from] item: Life Orb
|
|-weather|Sandstorm|[upkeep]
|-damage|p2a: Latios|37/100|[from] Sandstorm
|upkeep
|
|t:|1713395357
|switch|p1a: Kyurem|Kyurem-Black|70/100
|-damage|p1a: Kyurem|58/100|[from] Spikes
|-ability|p1a: Kyurem|Teravolt
|turn|29
|
|t:|1713395362
|move|p2a: Latios|Dragon Pulse|p1a: Kyurem
|-supereffective|p1a: Kyurem
|-crit|p1a: Kyurem
|-damage|p1a: Kyurem|0 fnt
|faint|p1a: Kyurem
|-damage|p2a: Latios|27/100|[from] item: Life Orb
|
|win|wabrit
|raw|BWVC BookofConke's rating: 1445 &rarr; <strong>1418</strong><br />(-27 for losing)
|raw|wabrit's rating: 1315 &rarr; <strong>1342</strong><br />(+27 for winning)
|c|☆wabrit|gg
|l|☆wabrit
|player|p2|
