|j|☆zaraki kenpaachi
|j|☆stonya
|t:|1747163959
|gametype|singles
|player|p1|zaraki kenpaachi|lucas|1363
|player|p2|stonya|102|1457
|teamsize|p1|6
|teamsize|p2|6
|gen|5
|tier|[Gen 5] OU
|rated|
|rule|Species Clause: Limit one of each Pokémon
|rule|OHKO Clause: OHKO moves are banned
|rule|Moody Clause: Moody is banned
|rule|Evasion Items Clause: Evasion items are banned
|rule|Evasion Moves Clause: Evasion moves are banned
|rule|Endless Battle Clause: Forcing endless battles is banned
|rule|HP Percentage Mod: HP is shown in percentages
|rule|Evasion Abilities Clause: Evasion abilities are banned
|rule|Sleep Moves Clause: Sleep-inducing moves are banned
|rule|Swagger Clause: Swagger is banned
|rule|Baton Pass Stat Clause: No Baton Passer may have a way to boost its stats
|clearpoke
|poke|p1|Starmie|item
|poke|p1|Politoed, M|item
|poke|p1|Keldeo|item
|poke|p1|Ferrothorn, M|item
|poke|p1|Thundurus-Therian, M|item
|poke|p1|Scizor, M|item
|poke|p2|Tyranitar, M|item
|poke|p2|Magnezone|item
|poke|p2|Terrakion|item
|poke|p2|Latios, M|item
|poke|p2|Scizor, F|item
|poke|p2|Landorus-Therian, M|item
|teampreview
|
|t:|1747163968
|start
|switch|p1a: Keldeo|Keldeo|100/100
|switch|p2a: Miller|Scizor, F, shiny|100/100
|turn|1
|
|t:|1747163971
|move|p2a: Miller|Bullet Punch|p1a: Keldeo
|-resisted|p1a: Keldeo
|-damage|p1a: Keldeo|69/100
|move|p1a: Keldeo|Hydro Pump|p2a: Miller
|-damage|p2a: Miller|0 fnt
|faint|p2a: Miller
|
|upkeep
|
|t:|1747163975
|switch|p2a: D.Wade|Terrakion|100/100
|turn|2
|
|t:|1747163976
|move|p2a: D.Wade|Close Combat|p1a: Keldeo
|-damage|p1a: Keldeo|0 fnt
|-unboost|p2a: D.Wade|def|1
|-unboost|p2a: D.Wade|spd|1
|faint|p1a: Keldeo
|
|upkeep
|
|t:|1747163980
|switch|p1a: Scizor|Scizor, M|100/100
|turn|3
|
|t:|1747163991
|switch|p2a: Bron Bron|Landorus-Therian, M|100/100
|-ability|p2a: Bron Bron|Intimidate|boost
|-unboost|p1a: Scizor|atk|1
|move|p1a: Scizor|Superpower|p2a: Bron Bron
|-resisted|p2a: Bron Bron
|-damage|p2a: Bron Bron|85/100
|-unboost|p1a: Scizor|atk|1
|-unboost|p1a: Scizor|def|1
|
|upkeep
|turn|4
|
|t:|1747163998
|switch|p1a: Ferrothorn|Ferrothorn, M, shiny|100/100
|move|p2a: Bron Bron|U-turn|p1a: Ferrothorn
|-damage|p1a: Ferrothorn|80/100
|-damage|p2a: Bron Bron|72/100|[from] ability: Iron Barbs|[of] p1a: Ferrothorn
|
|t:|1747164000
|switch|p2a: Ray Allen|Magnezone|100/100|[from] U-turn
|
|upkeep
|turn|5
|
|t:|1747164002
|move|p2a: Ray Allen|Substitute|p2a: Ray Allen
|-start|p2a: Ray Allen|Substitute
|-damage|p2a: Ray Allen|76/100
|move|p1a: Ferrothorn|Stealth Rock|p2a: Ray Allen
|-sidestart|p2: stonya|move: Stealth Rock
|
|-heal|p2a: Ray Allen|82/100|[from] item: Leftovers
|upkeep
|turn|6
|
|t:|1747164004
|move|p2a: Ray Allen|Charge Beam|p1a: Ferrothorn
|-resisted|p1a: Ferrothorn
|-damage|p1a: Ferrothorn|72/100
|-boost|p2a: Ray Allen|spa|1
|move|p1a: Ferrothorn|Spikes|p2a: Ray Allen
|-sidestart|p2: stonya|Spikes
|
|-heal|p2a: Ray Allen|88/100|[from] item: Leftovers
|upkeep
|turn|7
|
|t:|1747164006
|move|p2a: Ray Allen|Charge Beam|p1a: Ferrothorn
|-resisted|p1a: Ferrothorn
|-damage|p1a: Ferrothorn|60/100
|-boost|p2a: Ray Allen|spa|1
|move|p1a: Ferrothorn|Spikes|p2a: Ray Allen
|-sidestart|p2: stonya|Spikes
|
|-heal|p2a: Ray Allen|94/100|[from] item: Leftovers
|upkeep
|turn|8
|
|t:|1747164007
|move|p2a: Ray Allen|Charge Beam|p1a: Ferrothorn
|-resisted|p1a: Ferrothorn
|-damage|p1a: Ferrothorn|43/100
|-boost|p2a: Ray Allen|spa|1
|move|p1a: Ferrothorn|Spikes|p2a: Ray Allen
|-sidestart|p2: stonya|Spikes
|
|-heal|p2a: Ray Allen|99/100|[from] item: Leftovers
|upkeep
|turn|9
|
|t:|1747164009
|move|p2a: Ray Allen|Hidden Power|p1a: Ferrothorn
|-supereffective|p1a: Ferrothorn
|-damage|p1a: Ferrothorn|0 fnt
|faint|p1a: Ferrothorn
|
|-heal|p2a: Ray Allen|100/100|[from] item: Leftovers
|upkeep
|
|t:|1747164012
|switch|p1a: Politoed|Politoed, M|100/100
|-weather|RainDance|[from] ability: Drizzle|[of] p1a: Politoed
|turn|10
|
|t:|1747164013
|move|p2a: Ray Allen|Charge Beam|p1a: Politoed
|-supereffective|p1a: Politoed
|-damage|p1a: Politoed|0 fnt
|-boost|p2a: Ray Allen|spa|1
|faint|p1a: Politoed
|
|-weather|RainDance|[upkeep]
|upkeep
|
|t:|1747164018
|switch|p1a: Thundurus|Thundurus-Therian, M, shiny|100/100
|turn|11
|
|t:|1747164020
|move|p1a: Thundurus|Thunder|p2a: Ray Allen
|-resisted|p2a: Ray Allen
|-end|p2a: Ray Allen|Substitute
|move|p2a: Ray Allen|Flash Cannon|p1a: Thundurus
|-resisted|p1a: Thundurus
|-damage|p1a: Thundurus|20/100
|
|-weather|RainDance|[upkeep]
|-heal|p1a: Thundurus|26/100|[from] item: Leftovers
|upkeep
|turn|12
|
|t:|1747164027
|switch|p2a: Pat Riely|Tyranitar, M|100/100
|-damage|p2a: Pat Riely|88/100|[from] Stealth Rock
|-damage|p2a: Pat Riely|63/100|[from] Spikes
|-weather|Sandstorm|[from] ability: Sand Stream|[of] p2a: Pat Riely
|move|p1a: Thundurus|Focus Blast|p2a: Pat Riely
|-supereffective|p2a: Pat Riely
|-damage|p2a: Pat Riely|0 fnt
|faint|p2a: Pat Riely
|
|-weather|Sandstorm|[upkeep]
|-damage|p1a: Thundurus|20/100|[from] Sandstorm
|-heal|p1a: Thundurus|26/100|[from] item: Leftovers
|upkeep
|
|t:|1747164030
|switch|p2a: D.Wade|Terrakion|100/100
|-damage|p2a: D.Wade|94/100|[from] Stealth Rock
|-damage|p2a: D.Wade|70/100|[from] Spikes
|turn|13
|
|t:|1747164034
|move|p2a: D.Wade|Close Combat|p1a: Thundurus
|-resisted|p1a: Thundurus
|-damage|p1a: Thundurus|0 fnt
|-unboost|p2a: D.Wade|def|1
|-unboost|p2a: D.Wade|spd|1
|faint|p1a: Thundurus
|
|-weather|Sandstorm|[upkeep]
|upkeep
|
|t:|1747164039
|switch|p1a: Starmie|Starmie, shiny|100/100
|turn|14
|
|t:|1747164046
|switch|p2a: Bron Bron|Landorus-Therian, M|72/100
|-damage|p2a: Bron Bron|60/100|[from] Stealth Rock
|-ability|p2a: Bron Bron|Intimidate|boost
|-unboost|p1a: Starmie|atk|1
|move|p1a: Starmie|Hydro Pump|p2a: Bron Bron
|-supereffective|p2a: Bron Bron
|-damage|p2a: Bron Bron|0 fnt
|faint|p2a: Bron Bron
|
|-weather|Sandstorm|[upkeep]
|-damage|p1a: Starmie|95/100|[from] Sandstorm
|upkeep
|
|t:|1747164052
|switch|p2a: D.Wade|Terrakion|70/100
|-damage|p2a: D.Wade|63/100|[from] Stealth Rock
|-damage|p2a: D.Wade|39/100|[from] Spikes
|turn|15
|
|t:|1747164054
|move|p1a: Starmie|Hydro Pump|p2a: D.Wade|[miss]
|-miss|p1a: Starmie|p2a: D.Wade
|move|p2a: D.Wade|X-Scissor|p1a: Starmie
|-supereffective|p1a: Starmie
|-damage|p1a: Starmie|12/100
|
|-weather|Sandstorm|[upkeep]
|-damage|p1a: Starmie|6/100|[from] Sandstorm
|upkeep
|turn|16
|c|☆zaraki kenpaachi|lol
|
|t:|1747164061
|move|p1a: Starmie|Hydro Pump|p2a: D.Wade
|-supereffective|p2a: D.Wade
|-damage|p2a: D.Wade|0 fnt
|faint|p2a: D.Wade
|
|-weather|Sandstorm|[upkeep]
|-damage|p1a: Starmie|0 fnt|[from] Sandstorm
|faint|p1a: Starmie
|upkeep
|c|☆stonya|ez
|
|t:|1747164068
|switch|p1a: Scizor|Scizor, M|100/100
|switch|p2a: Ray Allen|Magnezone|100/100
|-damage|p2a: Ray Allen|94/100|[from] Stealth Rock
|-damage|p2a: Ray Allen|70/100|[from] Spikes
|turn|17
|c|☆zaraki kenpaachi|wwav over
|
|t:|1747164072
|move|p2a: Ray Allen|Hidden Power|p1a: Scizor
|-supereffective|p1a: Scizor
|-damage|p1a: Scizor|0 fnt
|faint|p1a: Scizor
|
|win|stonya
|raw|zaraki kenpaachi's rating: 1363 &rarr; <strong>1348</strong><br />(-15 for losing)
|raw|stonya's rating: 1457 &rarr; <strong>1472</strong><br />(+15 for winning)
|c|☆zaraki kenpaachi|don't say easy
|c|☆zaraki kenpaachi|ur bad
|l|☆zaraki kenpaachi
|player|p1|
|c|☆stonya|gg no re
