|j|☆Tb0lt
|j|☆I love Neco Arc
|t:|1721062245
|gametype|singles
|player|p1|Tb0lt|ethan-pokeathlon|1377
|player|p2|I love Neco Arc|pokemonranger|1471
|teamsize|p1|6
|teamsize|p2|6
|gen|5
|tier|[Gen 5] OU
|rated|
|rule|Species Clause: Limit one of each Pokémon
|rule|OHKO Clause: OHKO moves are banned
|rule|Moody Clause: Moody is banned
|rule|Evasion Items Clause: Evasion items are banned
|rule|Evasion Moves Clause: Evasion moves are banned
|rule|Endless Battle Clause: Forcing endless battles is banned
|rule|HP Percentage Mod: HP is shown in percentages
|rule|Evasion Abilities Clause: Evasion abilities are banned
|rule|Sleep Moves Clause: Sleep-inducing moves are banned
|rule|Swagger Clause: Swagger is banned
|rule|Baton Pass Stat Clause: No Baton Passer may have a way to boost its stats
|clearpoke
|poke|p1|Tyranitar, F|item
|poke|p1|Excadrill, F|item
|poke|p1|Slowbro, M|item
|poke|p1|Ferrothorn, F|item
|poke|p1|Latios, M|item
|poke|p1|Terrakion|item
|poke|p2|Slowbro, M|item
|poke|p2|Tyranitar, F|item
|poke|p2|Scizor, F|item
|poke|p2|Garchomp, F|item
|poke|p2|Latias, F|item
|poke|p2|Magnezone|item
|teampreview
|c|☆Tb0lt|glhf
|c|☆I love Neco Arc|You too
|
|t:|1721062271
|start
|switch|p1a: Ferrothorn|Ferrothorn, F|100/100
|switch|p2a: Scizor|Scizor, F|100/100
|turn|1
|
|t:|1721062280
|switch|p1a: Excadrill|Excadrill, F|100/100
|move|p2a: Scizor|U-turn|p1a: Excadrill
|-resisted|p1a: Excadrill
|-damage|p1a: Excadrill|59/100
|
|t:|1721062285
|switch|p2a: Magnezone|Magnezone|100/100|[from] U-turn
|-item|p2a: Magnezone|Air Balloon
|
|-heal|p1a: Excadrill|65/100|[from] item: Leftovers
|upkeep
|turn|2
|
|t:|1721062288
|move|p1a: Excadrill|Iron Head|p2a: Magnezone
|-resisted|p2a: Magnezone
|-damage|p2a: Magnezone|88/100
|-enditem|p2a: Magnezone|Air Balloon
|move|p2a: Magnezone|Hidden Power|p1a: Excadrill
|-supereffective|p1a: Excadrill
|-damage|p1a: Excadrill|0 fnt
|faint|p1a: Excadrill
|
|upkeep
|
|t:|1721062292
|switch|p1a: Terrakion|Terrakion|100/100
|turn|3
|
|t:|1721062297
|switch|p1a: Ferrothorn|Ferrothorn, F|100/100
|switch|p2a: Slowbro|Slowbro, M|100/100
|
|upkeep
|turn|4
|
|t:|1721062299
|move|p2a: Slowbro|Flamethrower|p1a: Ferrothorn
|-supereffective|p1a: Ferrothorn
|-damage|p1a: Ferrothorn|43/100
|move|p1a: Ferrothorn|Stealth Rock|p2a: Slowbro
|-sidestart|p2: I love Neco Arc|move: Stealth Rock
|
|-heal|p1a: Ferrothorn|49/100|[from] item: Leftovers
|upkeep
|turn|5
|
|t:|1721062304
|switch|p2a: Scizor|Scizor, F|100/100
|-damage|p2a: Scizor|88/100|[from] Stealth Rock
|switch|p1a: Slowbro|Slowbro, M|100/100
|
|upkeep
|turn|6
|
|t:|1721062308
|move|p2a: Scizor|U-turn|p1a: Slowbro
|-supereffective|p1a: Slowbro
|-damage|p1a: Slowbro|33/100
|-damage|p2a: Scizor|72/100|[from] item: Rocky Helmet|[of] p1a: Slowbro
|
|t:|1721062311
|switch|p2a: Magnezone|Magnezone|88/100|[from] U-turn
|-damage|p2a: Magnezone|82/100|[from] Stealth Rock
|move|p1a: Slowbro|Slack Off|p1a: Slowbro
|-heal|p1a: Slowbro|83/100
|
|upkeep
|turn|7
|
|t:|1721062319
|switch|p1a: Tyranitar|Tyranitar, F|100/100
|-weather|Sandstorm|[from] ability: Sand Stream|[of] p1a: Tyranitar
|move|p2a: Magnezone|Thunderbolt|p1a: Tyranitar
|-damage|p1a: Tyranitar|74/100
|
|-weather|Sandstorm|[upkeep]
|upkeep
|turn|8
|
|t:|1721062325
|switch|p2a: Scizor|Scizor, F|72/100
|-damage|p2a: Scizor|59/100|[from] Stealth Rock
|move|p1a: Tyranitar|Superpower|p2a: Scizor
|-damage|p2a: Scizor|19/100
|-unboost|p1a: Tyranitar|atk|1
|-unboost|p1a: Tyranitar|def|1
|
|-weather|Sandstorm|[upkeep]
|upkeep
|turn|9
|
|t:|1721062331
|switch|p1a: Slowbro|Slowbro, M|100/100
|move|p2a: Scizor|U-turn|p1a: Slowbro
|-supereffective|p1a: Slowbro
|-damage|p1a: Slowbro|32/100
|-damage|p2a: Scizor|3/100|[from] item: Rocky Helmet|[of] p1a: Slowbro
|
|t:|1721062338
|switch|p2a: Tyranitar|Tyranitar, F|100/100|[from] U-turn
|-damage|p2a: Tyranitar|88/100|[from] Stealth Rock
|
|-weather|Sandstorm|[upkeep]
|-damage|p1a: Slowbro|26/100|[from] Sandstorm
|upkeep
|turn|10
|
|t:|1721062344
|move|p2a: Tyranitar|Crunch|p1a: Slowbro
|-supereffective|p1a: Slowbro
|-damage|p1a: Slowbro|0 fnt
|-damage|p2a: Tyranitar|72/100|[from] item: Rocky Helmet|[of] p1a: Slowbro
|faint|p1a: Slowbro
|
|-weather|Sandstorm|[upkeep]
|upkeep
|
|t:|1721062347
|switch|p1a: Terrakion|Terrakion|100/100
|turn|11
|
|t:|1721062354
|switch|p1a: Ferrothorn|Ferrothorn, F|49/100
|switch|p2a: Scizor|Scizor, F|3/100
|-damage|p2a: Scizor|0 fnt|[from] Stealth Rock
|faint|p2a: Scizor
|
|-weather|Sandstorm|[upkeep]
|-heal|p1a: Ferrothorn|55/100|[from] item: Leftovers
|upkeep
|
|t:|1721062357
|switch|p2a: Magnezone|Magnezone|82/100
|-damage|p2a: Magnezone|76/100|[from] Stealth Rock
|turn|12
|
|t:|1721062359
|move|p2a: Magnezone|Hidden Power|p1a: Ferrothorn
|-supereffective|p1a: Ferrothorn
|-damage|p1a: Ferrothorn|0 fnt
|faint|p1a: Ferrothorn
|
|-weather|Sandstorm|[upkeep]
|upkeep
|
|t:|1721062362
|switch|p1a: Terrakion|Terrakion|100/100
|turn|13
|
|t:|1721062369
|switch|p1a: Latios|Latios, M|100/100
|move|p2a: Magnezone|Thunderbolt|p1a: Latios
|-resisted|p1a: Latios
|-damage|p1a: Latios|72/100
|
|-weather|Sandstorm|[upkeep]
|-damage|p1a: Latios|66/100|[from] Sandstorm
|upkeep
|turn|14
|
|t:|1721062374
|switch|p1a: Tyranitar|Tyranitar, F|74/100
|move|p2a: Magnezone|Thunderbolt|p1a: Tyranitar
|-damage|p1a: Tyranitar|46/100
|
|-weather|Sandstorm|[upkeep]
|upkeep
|turn|15
|
|t:|1721062381
|move|p2a: Magnezone|Thunderbolt|p1a: Tyranitar
|-damage|p1a: Tyranitar|22/100
|move|p1a: Tyranitar|Superpower|p2a: Magnezone
|-supereffective|p2a: Magnezone
|-damage|p2a: Magnezone|0 fnt
|-unboost|p1a: Tyranitar|atk|1
|-unboost|p1a: Tyranitar|def|1
|faint|p2a: Magnezone
|
|-weather|Sandstorm|[upkeep]
|upkeep
|
|t:|1721062387
|switch|p2a: Garchomp|Garchomp, F|100/100
|-damage|p2a: Garchomp|94/100|[from] Stealth Rock
|turn|16
|
|t:|1721062394
|switch|p1a: Terrakion|Terrakion|100/100
|move|p2a: Garchomp|Dragon Claw|p1a: Terrakion
|-damage|p1a: Terrakion|55/100
|
|-weather|Sandstorm|[upkeep]
|upkeep
|turn|17
|
|t:|1721062401
|switch|p2a: Slowbro|Slowbro, M|100/100
|-damage|p2a: Slowbro|88/100|[from] Stealth Rock
|switch|p1a: Latios|Latios, M|66/100
|
|-weather|Sandstorm|[upkeep]
|-damage|p1a: Latios|60/100|[from] Sandstorm
|-damage|p2a: Slowbro|82/100|[from] Sandstorm
|-heal|p2a: Slowbro|88/100|[from] item: Leftovers
|upkeep
|turn|18
|
|t:|1721062404
|switch|p2a: Tyranitar|Tyranitar, F|72/100
|-damage|p2a: Tyranitar|59/100|[from] Stealth Rock
|move|p1a: Latios|Trick|p2a: Tyranitar
|-activate|p1a: Latios|move: Trick|[of] p2a: Tyranitar
|-item|p2a: Tyranitar|Choice Scarf|[from] move: Trick
|-item|p1a: Latios|Chople Berry|[from] move: Trick
|
|-weather|Sandstorm|[upkeep]
|-damage|p1a: Latios|54/100|[from] Sandstorm
|upkeep
|turn|19
|
|t:|1721062415
|move|p1a: Latios|Surf|p2a: Tyranitar
|-supereffective|p2a: Tyranitar
|-damage|p2a: Tyranitar|23/100
|move|p2a: Tyranitar|Pursuit|p1a: Latios
|-supereffective|p1a: Latios
|-damage|p1a: Latios|0 fnt
|faint|p1a: Latios
|
|-weather|Sandstorm|[upkeep]
|upkeep
|
|t:|1721062418
|switch|p1a: Terrakion|Terrakion|55/100
|turn|20
|
|t:|1721062421
|switch|p2a: Slowbro|Slowbro, M|100/100
|-damage|p2a: Slowbro|88/100|[from] Stealth Rock
|move|p1a: Terrakion|Stone Edge|p2a: Slowbro
|-damage|p2a: Slowbro|39/100
|
|-weather|Sandstorm|[upkeep]
|-damage|p2a: Slowbro|33/100|[from] Sandstorm
|-heal|p2a: Slowbro|39/100|[from] item: Leftovers
|upkeep
|turn|21
|
|t:|1721062427
|switch|p2a: Tyranitar|Tyranitar, F|23/100
|-damage|p2a: Tyranitar|11/100|[from] Stealth Rock
|move|p1a: Terrakion|Stone Edge|p2a: Tyranitar|[miss]
|-miss|p1a: Terrakion|p2a: Tyranitar
|
|-weather|Sandstorm|[upkeep]
|upkeep
|turn|22
|
|t:|1721062430
|move|p1a: Terrakion|Stone Edge|p2a: Tyranitar
|-crit|p2a: Tyranitar
|-damage|p2a: Tyranitar|0 fnt
|faint|p2a: Tyranitar
|
|-weather|Sandstorm|[upkeep]
|upkeep
|
|t:|1721062435
|switch|p2a: Garchomp|Garchomp, F|94/100
|-damage|p2a: Garchomp|88/100|[from] Stealth Rock
|turn|23
|
|t:|1721062438
|switch|p1a: Tyranitar|Tyranitar, F|22/100
|move|p2a: Garchomp|Outrage|p1a: Tyranitar
|-damage|p1a: Tyranitar|0 fnt
|faint|p1a: Tyranitar
|
|-weather|Sandstorm|[upkeep]
|upkeep
|
|t:|1721062440
|switch|p1a: Terrakion|Terrakion|55/100
|turn|24
|
|t:|1721062441
|move|p2a: Garchomp|Outrage|p1a: Terrakion|[from]lockedmove
|-damage|p1a: Terrakion|0 fnt
|faint|p1a: Terrakion
|
|win|I love Neco Arc
|raw|Tb0lt's rating: 1377 &rarr; <strong>1362</strong><br />(-15 for losing)
|raw|I love Neco Arc's rating: 1471 &rarr; <strong>1486</strong><br />(+15 for winning)
|c|☆Tb0lt|gg
|c|☆I love Neco Arc|GG
|l|☆Tb0lt
|player|p1|
