|j|☆ZBUEB
|j|☆HANMA JACK
|t:|1735139519
|gametype|singles
|player|p1|ZBUEB|emmet|1314
|player|p2|HANMA JACK|169|1648
|teamsize|p1|6
|teamsize|p2|6
|gen|5
|tier|[Gen 5] OU
|rated|
|rule|Species Clause: Limit one of each Pokémon
|rule|OHKO Clause: OHKO moves are banned
|rule|Moody Clause: Moody is banned
|rule|Evasion Items Clause: Evasion items are banned
|rule|Evasion Moves Clause: Evasion moves are banned
|rule|Endless Battle Clause: Forcing endless battles is banned
|rule|HP Percentage Mod: HP is shown in percentages
|rule|Evasion Abilities Clause: Evasion abilities are banned
|rule|Sleep Moves Clause: Sleep-inducing moves are banned
|rule|Swagger Clause: Swagger is banned
|rule|Baton Pass Stat Clause: No Baton Passer may have a way to boost its stats
|clearpoke
|poke|p1|Alakazam, M|item
|poke|p1|Skarmory, M|item
|poke|p1|Tyranitar, M|item
|poke|p1|Mamoswine, M|item
|poke|p1|Jellicent, F|item
|poke|p1|Excadrill, F|item
|poke|p2|Abomasnow, M|item
|poke|p2|Landorus-Therian, M|item
|poke|p2|Starmie|item
|poke|p2|Mamoswine, F|item
|poke|p2|Scizor, M|item
|poke|p2|Salamence, M|item
|teampreview
|c|☆ZBUEB|glhf
|c|☆HANMA JACK|gl hf
|
|t:|1735139527
|start
|switch|p1a: Skarmory|Skarmory, M|100/100
|switch|p2a: Landorus|Landorus-Therian, M|100/100
|-ability|p2a: Landorus|Intimidate|boost
|-unboost|p1a: Skarmory|atk|1
|turn|1
|
|t:|1735139530
|move|p2a: Landorus|Imprison|p2a: Landorus
|-start|p2a: Landorus|move: Imprison
|cant|p1a: Skarmory|move: Imprison|Stealth Rock
|
|upkeep
|turn|2
|
|t:|1735139542
|move|p2a: Landorus|Stealth Rock|p1a: Skarmory
|-sidestart|p1: ZBUEB|move: Stealth Rock
|move|p1a: Skarmory|Spikes|p2a: Landorus
|-sidestart|p2: HANMA JACK|Spikes
|
|upkeep
|turn|3
|
|t:|1735139555
|switch|p2a: Starmie|Starmie|100/100
|-item|p2a: Starmie|Air Balloon
|move|p1a: Skarmory|Spikes|p2a: Starmie
|-sidestart|p2: HANMA JACK|Spikes
|
|upkeep
|turn|4
|
|t:|1735139560
|move|p2a: Starmie|Rapid Spin|p1a: Skarmory
|-resisted|p1a: Skarmory
|-damage|p1a: Skarmory|99/100
|-sideend|p2: HANMA JACK|Spikes|[from] move: Rapid Spin|[of] p2a: Starmie
|move|p1a: Skarmory|Brave Bird|p2a: Starmie
|-damage|p2a: Starmie|56/100
|-enditem|p2a: Starmie|Air Balloon
|-damage|p1a: Skarmory|85/100|[from] Recoil
|
|upkeep
|turn|5
|
|t:|1735139566
|move|p2a: Starmie|Thunder|p1a: Skarmory
|-supereffective|p1a: Skarmory
|-damage|p1a: Skarmory|0 fnt
|faint|p1a: Skarmory
|
|upkeep
|
|t:|1735139572
|switch|p1a: Tyranitar|Tyranitar, M|100/100
|-damage|p1a: Tyranitar|88/100|[from] Stealth Rock
|-weather|Sandstorm|[from] ability: Sand Stream|[of] p1a: Tyranitar
|turn|6
|
|t:|1735139576
|move|p2a: Starmie|Hydro Pump|p1a: Tyranitar
|-supereffective|p1a: Tyranitar
|-damage|p1a: Tyranitar|45/100
|move|p1a: Tyranitar|Pursuit|p2a: Starmie
|-supereffective|p2a: Starmie
|-damage|p2a: Starmie|0 fnt
|faint|p2a: Starmie
|
|-weather|Sandstorm|[upkeep]
|upkeep
|j| Blaise BWOU
|
|t:|1735139596
|switch|p2a: Salamence|Salamence, M|100/100
|turn|7
|
|t:|1735139599
|move|p2a: Salamence|Earthquake|p1a: Tyranitar
|-supereffective|p1a: Tyranitar
|-damage|p1a: Tyranitar|0 fnt
|faint|p1a: Tyranitar
|-ability|p2a: Salamence|Moxie|boost
|-boost|p2a: Salamence|atk|1
|
|-weather|Sandstorm|[upkeep]
|-damage|p2a: Salamence|94/100|[from] Sandstorm
|upkeep
|
|t:|1735139607
|switch|p1a: Mamoswine|Mamoswine, M|100/100
|-damage|p1a: Mamoswine|88/100|[from] Stealth Rock
|turn|8
|
|t:|1735139611
|move|p2a: Salamence|Outrage|p1a: Mamoswine
|-damage|p1a: Mamoswine|0 fnt
|faint|p1a: Mamoswine
|-ability|p2a: Salamence|Moxie|boost
|-boost|p2a: Salamence|atk|1
|
|-weather|Sandstorm|[upkeep]
|-damage|p2a: Salamence|88/100|[from] Sandstorm
|upkeep
|-message|ZBUEB forfeited.
|
|win|HANMA JACK
|raw|ZBUEB's rating: 1314 &rarr; <strong>1309</strong><br />(-5 for losing)
|raw|HANMA JACK's rating: 1648 &rarr; <strong>1653</strong><br />(+5 for winning)
|l|☆ZBUEB
|player|p1|
|c|☆HANMA JACK|gg
