|j|☆Basco
|j|☆chadbro
|player|p1|Basco|170|1351
|player|p2|chadbro|1|1313
|teamsize|p1|6
|teamsize|p2|6
|gametype|singles
|gen|5
|tier|[Gen 5] OU
|rated|
|clearpoke
|poke|p1|Tyranitar, M|item
|poke|p1|Magnezone|item
|poke|p1|Terrakion|item
|poke|p1|Latios, M|item
|poke|p1|Scizor, F|item
|poke|p1|Landorus-Therian, M|item
|poke|p2|Tyranitar, M|item
|poke|p2|Magnezone|item
|poke|p2|Terrakion|item
|poke|p2|Latios, M|item
|poke|p2|Scizor, M|item
|poke|p2|Landorus-Therian, M|item
|rule|Species Clause: Limit one of each Pokémon
|rule|OHKO Clause: OHKO moves are banned
|rule|Moody Clause: Moody is banned
|rule|Evasion Moves Clause: Evasion moves are banned
|rule|Endless Battle Clause: Forcing endless battles is banned
|rule|HP Percentage Mod: HP is shown in percentages
|rule|Evasion Abilities Clause: Evasion abilities are banned
|rule|Baton Pass Clause: Limit one Baton Passer, can't pass Spe and other stats simultaneously
|rule|Sleep Clause: Sleep-inducing moves are banned
|rule|Swagger Clause: Swagger is banned
|teampreview
|c|☆chadbro|sniped
|
|start
|switch|p1a: Bron Bron|Landorus-Therian, M|100/100
|switch|p2a: Pat Riely|Tyranitar, M|100/100
|-ability|p1a: Bron Bron|Intimidate|boost
|-unboost|p2a: Pat Riely|atk|1
|-weather|Sandstorm|[from] ability: Sand Stream|[of] p2a: Pat Riely
|turn|1
|
|move|p1a: Bron Bron|Earthquake|p2a: Pat Riely
|-supereffective|p2a: Pat Riely
|-damage|p2a: Pat Riely|0 fnt
|faint|p2a: Pat Riely
|
|-weather|Sandstorm|[upkeep]
|upkeep
|
|switch|p2a: Bron Bron|Landorus-Therian, M|100/100
|-ability|p2a: Bron Bron|Intimidate|boost
|-unboost|p1a: Bron Bron|atk|1
|turn|2
|c|☆Basco|Kids stuff ;)
|c|☆chadbro|ez
|
|move|p1a: Bron Bron|Hidden Power|p2a: Bron Bron
|-supereffective|p2a: Bron Bron
|-damage|p2a: Bron Bron|0 fnt
|faint|p2a: Bron Bron
|
|-weather|Sandstorm|[upkeep]
|upkeep
|c|☆chadbro|breh
|
|switch|p2a: Bosh|Latios, M, shiny|100/100
|turn|3
|c|☆Basco|Yeet
|
|switch|p2a: D.Wade|Terrakion|100/100
|switch|p1a: Pat Riely|Tyranitar, M|100/100
|
|-weather|Sandstorm|[upkeep]
|upkeep
|turn|4
|
|switch|p1a: Bron Bron|Landorus-Therian, M|100/100
|-ability|p1a: Bron Bron|Intimidate|boost
|-unboost|p2a: D.Wade|atk|1
|move|p2a: D.Wade|Close Combat|p1a: Bron Bron
|-resisted|p1a: Bron Bron
|-damage|p1a: Bron Bron|82/100
|-unboost|p2a: D.Wade|def|1
|-unboost|p2a: D.Wade|spd|1
|
|-weather|Sandstorm|[upkeep]
|upkeep
|turn|5
|
|switch|p2a: Miller|Scizor, M, shiny|100/100
|move|p1a: Bron Bron|U-turn|p2a: Miller
|-resisted|p2a: Miller
|-damage|p2a: Miller|85/100
|
|switch|p1a: Ray Allen|Magnezone|100/100|[from]move: U-turn
|
|-weather|Sandstorm|[upkeep]
|upkeep
|turn|6
|c|☆chadbro|yeeeet
|c|☆Basco|Yoink
|
|move|p1a: Ray Allen|Hidden Power|p2a: Miller
|-supereffective|p2a: Miller
|-damage|p2a: Miller|0 fnt
|faint|p2a: Miller
|
|-weather|Sandstorm|[upkeep]
|upkeep
|c|☆chadbro|rankboost 9000
|
|switch|p2a: D.Wade|Terrakion|100/100
|turn|7
|c|☆Basco|Lol
|
|switch|p1a: Bron Bron|Landorus-Therian, M|82/100
|-ability|p1a: Bron Bron|Intimidate|boost
|-unboost|p2a: D.Wade|atk|1
|move|p2a: D.Wade|Stone Edge|p1a: Bron Bron
|-damage|p1a: Bron Bron|47/100
|
|-weather|Sandstorm|[upkeep]
|upkeep
|turn|8
|
|move|p2a: D.Wade|Stone Edge|p1a: Bron Bron
|-crit|p1a: Bron Bron
|-damage|p1a: Bron Bron|0 fnt
|faint|p1a: Bron Bron
|
|-weather|Sandstorm|[upkeep]
|upkeep
|c|☆chadbro|ez
|c|☆Basco|Damn sone
|
|switch|p1a: D.Wade|Terrakion|100/100
|turn|9
|
|switch|p2a: Bosh|Latios, M, shiny|100/100
|move|p1a: D.Wade|Close Combat|p2a: Bosh
|-resisted|p2a: Bosh
|-damage|p2a: Bosh|57/100
|-unboost|p1a: D.Wade|def|1
|-unboost|p1a: D.Wade|spd|1
|
|-weather|Sandstorm|[upkeep]
|-damage|p2a: Bosh|51/100|[from] Sandstorm
|upkeep
|turn|10
|
|move|p1a: D.Wade|Close Combat|p2a: Bosh
|-resisted|p2a: Bosh
|-damage|p2a: Bosh|6/100
|-unboost|p1a: D.Wade|def|1
|-unboost|p1a: D.Wade|spd|1
|move|p2a: Bosh|Surf|p1a: D.Wade
|-supereffective|p1a: D.Wade
|-damage|p1a: D.Wade|0 fnt
|faint|p1a: D.Wade
|
|-weather|Sandstorm|[upkeep]
|-damage|p2a: Bosh|0 fnt|[from] Sandstorm
|faint|p2a: Bosh
|upkeep
|
|switch|p2a: D.Wade|Terrakion|100/100
|switch|p1a: Bosh|Latios, M, shiny|100/100
|turn|11
|c|☆chadbro|easy xcissor crit
|
|move|p2a: D.Wade|X-Scissor|p1a: Bosh
|-supereffective|p1a: Bosh
|-damage|p1a: Bosh|25/100
|move|p1a: Bosh|Psyshock|p2a: D.Wade
|-supereffective|p2a: D.Wade
|-damage|p2a: D.Wade|0 fnt
|faint|p2a: D.Wade
|
|-weather|Sandstorm|[upkeep]
|-damage|p1a: Bosh|19/100|[from] Sandstorm
|upkeep
|
|switch|p2a: Ray Allen|Magnezone|100/100
|turn|12
|
|move|p1a: Bosh|Surf|p2a: Ray Allen
|-damage|p2a: Ray Allen|61/100
|move|p2a: Ray Allen|Charge Beam|p1a: Bosh|[miss]
|-miss|p2a: Ray Allen|p1a: Bosh
|
|-weather|Sandstorm|[upkeep]
|-damage|p1a: Bosh|13/100|[from] Sandstorm
|-heal|p2a: Ray Allen|67/100|[from] item: Leftovers
|upkeep
|turn|13
|c|☆chadbro|yeet
|c|☆Basco|Heck
|
|move|p1a: Bosh|Surf|p2a: Ray Allen
|-damage|p2a: Ray Allen|20/100
|move|p2a: Ray Allen|Charge Beam|p1a: Bosh
|-resisted|p1a: Bosh
|-damage|p1a: Bosh|0 fnt
|-boost|p2a: Ray Allen|spa|1
|faint|p1a: Bosh
|
|-weather|Sandstorm|[upkeep]
|-heal|p2a: Ray Allen|26/100|[from] item: Leftovers
|upkeep
|c|☆chadbro|1v1 magne
|
|switch|p1a: Ray Allen|Magnezone|100/100
|turn|14
|c|☆chadbro|1v1 suddden death
|
|move|p1a: Ray Allen|Hidden Power|p2a: Ray Allen
|-supereffective|p2a: Ray Allen
|-damage|p2a: Ray Allen|0 fnt
|faint|p2a: Ray Allen
|
|win|Basco
|c|☆Basco|Gg
|c|☆chadbro|bruh why you change his speed
|raw|Basco's rating: 1351 &rarr; <strong>1369</strong><br />(+18 for winning)
|raw|chadbro's rating: 1313 &rarr; <strong>1296</strong><br />(-17 for losing)
|c|☆chadbro|cheating
|c|☆Basco|Lol!
|c|☆Basco|Ony 17 points
