|j|☆CringLord!
|j|☆Crowned Crystals ♔
|t:|1742083430
|gametype|singles
|player|p1|CringLord!|parasollady-gen4|1525
|player|p2|Crowned Crystals ♔|lucas|1530
|teamsize|p1|6
|teamsize|p2|6
|gen|5
|tier|[Gen 5] OU
|rated|
|rule|Species Clause: Limit one of each Pokémon
|rule|OHKO Clause: OHKO moves are banned
|rule|Moody Clause: Moody is banned
|rule|Evasion Items Clause: Evasion items are banned
|rule|Evasion Moves Clause: Evasion moves are banned
|rule|Endless Battle Clause: Forcing endless battles is banned
|rule|HP Percentage Mod: HP is shown in percentages
|rule|Evasion Abilities Clause: Evasion abilities are banned
|rule|Sleep Moves Clause: Sleep-inducing moves are banned
|rule|Swagger Clause: Swagger is banned
|rule|Baton Pass Stat Clause: No Baton Passer may have a way to boost its stats
|clearpoke
|poke|p1|Politoed, M|item
|poke|p1|Reuniclus, M|item
|poke|p1|Tentacruel, M|item
|poke|p1|Thundurus-Therian, M|item
|poke|p1|Jirachi|item
|poke|p1|Latios, M|item
|poke|p2|Politoed, M|item
|poke|p2|Jirachi|item
|poke|p2|Starmie|item
|poke|p2|Ferrothorn, M|item
|poke|p2|Thundurus-Therian, M|item
|poke|p2|Keldeo|item
|teampreview
|c|☆CringLord!|glhf
|inactive|Battle timer is ON: inactive players will automatically lose when time's up. (requested by Crowned Crystals ♔)
|
|t:|1742083459
|start
|switch|p1a: Reuniclus|Reuniclus, M|100/100
|switch|p2a: Thundurus|Thundurus-Therian, M|100/100
|turn|1
|
|t:|1742083475
|switch|p2a: Politoed|Politoed, M, shiny|100/100
|-weather|RainDance|[from] ability: Drizzle|[of] p2a: Politoed
|move|p1a: Reuniclus|Psychic|p2a: Politoed
|-damage|p2a: Politoed|68/100
|-enditem|p2a: Politoed|Eject Button
|
|t:|1742083480
|switch|p2a: Starmie|Starmie, shiny|100/100
|
|-weather|RainDance|[upkeep]
|upkeep
|turn|2
|
|t:|1742083489
|move|p2a: Starmie|Thunder|p1a: Reuniclus
|-damage|p1a: Reuniclus|61/100
|-status|p1a: Reuniclus|par
|cant|p1a: Reuniclus|par
|
|-weather|RainDance|[upkeep]
|-heal|p1a: Reuniclus|67/100 par|[from] item: Leftovers
|upkeep
|turn|3
|
|t:|1742083493
|move|p2a: Starmie|Thunder|p1a: Reuniclus
|-damage|p1a: Reuniclus|28/100 par
|move|p1a: Reuniclus|Recover|p1a: Reuniclus
|-heal|p1a: Reuniclus|78/100 par
|
|-weather|RainDance|[upkeep]
|-heal|p1a: Reuniclus|84/100 par|[from] item: Leftovers
|upkeep
|turn|4
|
|t:|1742083498
|switch|p2a: Jirachi|Jirachi, shiny|100/100
|move|p1a: Reuniclus|Thunder|p2a: Jirachi
|-damage|p2a: Jirachi|64/100
|
|-weather|RainDance|[upkeep]
|-heal|p1a: Reuniclus|91/100 par|[from] item: Leftovers
|upkeep
|turn|5
|
|t:|1742083503
|switch|p1a: Thundurus|Thundurus-Therian, M|100/100
|move|p2a: Jirachi|Iron Head|p1a: Thundurus
|-resisted|p1a: Thundurus
|-damage|p1a: Thundurus|75/100
|
|-weather|RainDance|[upkeep]
|-heal|p1a: Thundurus|81/100|[from] item: Leftovers
|upkeep
|turn|6
|
|t:|1742083512
|move|p2a: Jirachi|Ice Punch|p1a: Thundurus
|-supereffective|p1a: Thundurus
|-damage|p1a: Thundurus|12/100
|move|p1a: Thundurus|Agility|p1a: Thundurus
|-boost|p1a: Thundurus|spe|2
|
|-weather|RainDance|[upkeep]
|-heal|p1a: Thundurus|18/100|[from] item: Leftovers
|upkeep
|turn|7
|
|t:|1742083518
|switch|p2a: Thundurus|Thundurus-Therian, M|100/100
|move|p1a: Thundurus|Thunder|p2a: Thundurus
|-immune|p2a: Thundurus|[from] ability: Volt Absorb
|
|-weather|RainDance|[upkeep]
|-heal|p1a: Thundurus|24/100|[from] item: Leftovers
|upkeep
|turn|8
|
|t:|1742083523
|move|p1a: Thundurus|Hidden Power|p2a: Thundurus
|-supereffective|p2a: Thundurus
|-enditem|p2a: Thundurus|Yache Berry|[eat]
|-enditem|p2a: Thundurus|Yache Berry|[weaken]
|-damage|p2a: Thundurus|64/100
|move|p2a: Thundurus|Hidden Power|p1a: Thundurus
|-supereffective|p1a: Thundurus
|-damage|p1a: Thundurus|0 fnt
|faint|p1a: Thundurus
|
|-weather|RainDance|[upkeep]
|upkeep
|
|t:|1742083532
|switch|p1a: Latios|Latios, M|100/100
|turn|9
|
|t:|1742083535
|switch|p2a: Ferrothorn|Ferrothorn, M, shiny|100/100
|move|p1a: Latios|Trick|p2a: Ferrothorn
|-activate|p1a: Latios|move: Trick|[of] p2a: Ferrothorn
|-item|p2a: Ferrothorn|Choice Scarf|[from] move: Trick
|-item|p1a: Latios|Lum Berry|[from] move: Trick
|
|-weather|RainDance|[upkeep]
|upkeep
|turn|10
|
|t:|1742083541
|switch|p1a: Jirachi|Jirachi|100/100
|move|p2a: Ferrothorn|Stealth Rock|p1a: Jirachi
|-sidestart|p1: CringLord!|move: Stealth Rock
|
|-weather|RainDance|[upkeep]
|upkeep
|turn|11
|
|t:|1742083546
|switch|p2a: Thundurus|Thundurus-Therian, M|64/100
|move|p1a: Jirachi|Stealth Rock|p2a: Thundurus
|-sidestart|p2: Crowned Crystals ♔|move: Stealth Rock
|
|-weather|RainDance|[upkeep]
|upkeep
|turn|12
|
|t:|1742083554
|move|p2a: Thundurus|Thunder|p1a: Jirachi
|-damage|p1a: Jirachi|63/100
|move|p1a: Jirachi|U-turn|p2a: Thundurus
|-resisted|p2a: Thundurus
|-damage|p2a: Thundurus|52/100
|
|t:|1742083556
|switch|p1a: Latios|Latios, M|100/100|[from] U-turn
|-damage|p1a: Latios|88/100|[from] Stealth Rock
|
|-weather|RainDance|[upkeep]
|upkeep
|turn|13
|
|t:|1742083563
|switch|p1a: Tentacruel|Tentacruel, M|100/100
|-damage|p1a: Tentacruel|88/100|[from] Stealth Rock
|switch|p2a: Ferrothorn|Ferrothorn, M, shiny|100/100
|-damage|p2a: Ferrothorn|95/100|[from] Stealth Rock
|
|-weather|RainDance|[upkeep]
|-heal|p1a: Tentacruel|94/100|[from] ability: Rain Dish
|-heal|p1a: Tentacruel|99/100|[from] item: Black Sludge
|upkeep
|turn|14
|
|t:|1742083568
|move|p1a: Tentacruel|Scald|p2a: Ferrothorn
|-resisted|p2a: Ferrothorn
|-damage|p2a: Ferrothorn|81/100
|move|p2a: Ferrothorn|Power Whip|p1a: Tentacruel
|-damage|p1a: Tentacruel|54/100
|
|-weather|RainDance|[upkeep]
|-heal|p1a: Tentacruel|60/100|[from] ability: Rain Dish
|-heal|p1a: Tentacruel|66/100|[from] item: Black Sludge
|upkeep
|turn|15
|
|t:|1742083571
|move|p1a: Tentacruel|Protect|p1a: Tentacruel
|-singleturn|p1a: Tentacruel|Protect
|move|p2a: Ferrothorn|Power Whip|p1a: Tentacruel
|-activate|p1a: Tentacruel|move: Protect
|
|-weather|RainDance|[upkeep]
|-heal|p1a: Tentacruel|72/100|[from] ability: Rain Dish
|-heal|p1a: Tentacruel|78/100|[from] item: Black Sludge
|upkeep
|turn|16
|
|t:|1742083574
|move|p1a: Tentacruel|Scald|p2a: Ferrothorn
|-resisted|p2a: Ferrothorn
|-damage|p2a: Ferrothorn|68/100
|-status|p2a: Ferrothorn|brn
|move|p2a: Ferrothorn|Power Whip|p1a: Tentacruel|[miss]
|-miss|p2a: Ferrothorn|p1a: Tentacruel
|
|-weather|RainDance|[upkeep]
|-heal|p1a: Tentacruel|84/100|[from] ability: Rain Dish
|-heal|p1a: Tentacruel|90/100|[from] item: Black Sludge
|-damage|p2a: Ferrothorn|56/100 brn|[from] brn
|upkeep
|turn|17
|
|t:|1742083588
|switch|p2a: Thundurus|Thundurus-Therian, M|52/100
|-damage|p2a: Thundurus|27/100|[from] Stealth Rock
|move|p1a: Tentacruel|Scald|p2a: Thundurus
|-damage|p2a: Thundurus|0 fnt
|faint|p2a: Thundurus
|
|-weather|RainDance|[upkeep]
|-heal|p1a: Tentacruel|96/100|[from] ability: Rain Dish
|-heal|p1a: Tentacruel|100/100|[from] item: Black Sludge
|upkeep
|
|t:|1742083593
|switch|p2a: Starmie|Starmie, shiny|100/100
|-damage|p2a: Starmie|88/100|[from] Stealth Rock
|turn|18
|
|t:|1742083596
|move|p1a: Tentacruel|Protect|p1a: Tentacruel
|-singleturn|p1a: Tentacruel|Protect
|move|p2a: Starmie|Thunder|p1a: Tentacruel
|-activate|p1a: Tentacruel|move: Protect
|
|-weather|RainDance|[upkeep]
|upkeep
|turn|19
|
|t:|1742083618
|move|p2a: Starmie|Thunder|p1a: Tentacruel
|-supereffective|p1a: Tentacruel
|-damage|p1a: Tentacruel|16/100
|-status|p1a: Tentacruel|par
|cant|p1a: Tentacruel|par
|
|-weather|RainDance|[upkeep]
|-heal|p1a: Tentacruel|22/100 par|[from] ability: Rain Dish
|-heal|p1a: Tentacruel|29/100 par|[from] item: Black Sludge
|upkeep
|turn|20
|
|t:|1742083635
|move|p2a: Starmie|Thunder|p1a: Tentacruel
|-supereffective|p1a: Tentacruel
|-crit|p1a: Tentacruel
|-damage|p1a: Tentacruel|0 fnt
|faint|p1a: Tentacruel
|
|-weather|RainDance|[upkeep]
|upkeep
|
|t:|1742083639
|switch|p1a: Latios|Latios, M|88/100
|-damage|p1a: Latios|76/100|[from] Stealth Rock
|turn|21
|
|t:|1742083643
|switch|p2a: Ferrothorn|Ferrothorn, M, shiny|56/100 brn
|-damage|p2a: Ferrothorn|50/100 brn|[from] Stealth Rock
|move|p1a: Latios|Draco Meteor|p2a: Ferrothorn
|-resisted|p2a: Ferrothorn
|-crit|p2a: Ferrothorn
|-damage|p2a: Ferrothorn|0 fnt
|-unboost|p1a: Latios|spa|2
|faint|p2a: Ferrothorn
|
|-weather|RainDance|[upkeep]
|upkeep
|
|t:|1742083656
|switch|p2a: Starmie|Starmie, shiny|88/100
|-damage|p2a: Starmie|76/100|[from] Stealth Rock
|turn|22
|
|t:|1742083660
|switch|p1a: Politoed|Politoed, M|100/100
|-damage|p1a: Politoed|88/100|[from] Stealth Rock
|move|p2a: Starmie|Surf|p1a: Politoed
|-resisted|p1a: Politoed
|-damage|p1a: Politoed|35/100
|
|-weather|RainDance|[upkeep]
|-heal|p1a: Politoed|41/100|[from] item: Leftovers
|upkeep
|turn|23
|
|t:|1742083668
|switch|p2a: Politoed|Politoed, M, shiny|68/100
|-damage|p2a: Politoed|55/100|[from] Stealth Rock
|move|p1a: Politoed|Encore||[still]
|-fail|p1a: Politoed
|
|-weather|RainDance|[upkeep]
|-heal|p1a: Politoed|47/100|[from] item: Leftovers
|upkeep
|turn|24
|
|t:|1742083674
|switch|p1a: Reuniclus|Reuniclus, M|91/100 par
|move|p2a: Politoed|Thief|p1a: Reuniclus
|-supereffective|p1a: Reuniclus
|-damage|p1a: Reuniclus|79/100 par
|-enditem|p1a: Reuniclus|Leftovers|[silent]|[from] move: Thief|[of] p2a: Politoed
|-item|p2a: Politoed|Leftovers|[from] move: Thief|[of] p1a: Reuniclus
|
|-weather|RainDance|[upkeep]
|-heal|p2a: Politoed|61/100|[from] item: Leftovers
|upkeep
|turn|25
|
|t:|1742083684
|move|p2a: Politoed|Scald|p1a: Reuniclus
|-damage|p1a: Reuniclus|52/100 par
|move|p1a: Reuniclus|Thunder|p2a: Politoed
|-supereffective|p2a: Politoed
|-damage|p2a: Politoed|0 fnt
|faint|p2a: Politoed
|
|-weather|RainDance|[upkeep]
|upkeep
|
|t:|1742083688
|switch|p2a: Starmie|Starmie, shiny|76/100
|-damage|p2a: Starmie|64/100|[from] Stealth Rock
|turn|26
|
|t:|1742083700
|switch|p1a: Politoed|Politoed, M|47/100
|-damage|p1a: Politoed|35/100|[from] Stealth Rock
|move|p2a: Starmie|Surf|p1a: Politoed
|-resisted|p1a: Politoed
|-damage|p1a: Politoed|0 fnt
|faint|p1a: Politoed
|
|-weather|RainDance|[upkeep]
|upkeep
|
|t:|1742083703
|switch|p1a: Jirachi|Jirachi|63/100
|-damage|p1a: Jirachi|57/100|[from] Stealth Rock
|turn|27
|
|t:|1742083708
|move|p2a: Starmie|Surf|p1a: Jirachi
|-damage|p1a: Jirachi|0 fnt
|faint|p1a: Jirachi
|
|-weather|RainDance|[upkeep]
|upkeep
|c|☆CringLord!|starmie shouldve been dead like 20 turns ago
|c|☆CringLord!|ugh
|
|t:|1742083727
|switch|p1a: Latios|Latios, M|76/100
|-damage|p1a: Latios|64/100|[from] Stealth Rock
|turn|28
|c|☆CringLord!|gg
|-message|CringLord! forfeited.
|
|win|Crowned Crystals ♔
|raw|CringLord!'s rating: 1525 &rarr; <strong>1505</strong><br />(-20 for losing)
|raw|Crowned Crystals ♔'s rating: 1530 &rarr; <strong>1550</strong><br />(+20 for winning)
|l|☆CringLord!
|player|p1|
|c|☆Crowned Crystals ♔|/log Crowned Crystals ♔ made this room public.
