|j|☆UnzipsCrogre
|j|☆dnite10
|t:|1741579170
|gametype|singles
|player|p1|UnzipsCrogre|unknown|1453
|player|p2|dnite10|lance|1341
|teamsize|p1|6
|teamsize|p2|6
|gen|5
|tier|[Gen 5] OU
|rated|
|rule|Species Clause: Limit one of each Pokémon
|rule|OHKO Clause: OHKO moves are banned
|rule|Moody Clause: Moody is banned
|rule|Evasion Items Clause: Evasion items are banned
|rule|Evasion Moves Clause: Evasion moves are banned
|rule|Endless Battle Clause: Forcing endless battles is banned
|rule|HP Percentage Mod: HP is shown in percentages
|rule|Evasion Abilities Clause: Evasion abilities are banned
|rule|Sleep Moves Clause: Sleep-inducing moves are banned
|rule|Swagger Clause: Swagger is banned
|rule|Baton Pass Stat Clause: No Baton Passer may have a way to boost its stats
|clearpoke
|poke|p1|Garchomp, F|item
|poke|p1|Volcarona, F|item
|poke|p1|Dragonite, M|item
|poke|p1|Breloom, M|item
|poke|p1|Starmie|item
|poke|p1|Scizor, M|item
|poke|p2|Volcarona, M|item
|poke|p2|Starmie|item
|poke|p2|Kyurem-Black|item
|poke|p2|Mamoswine, F|item
|poke|p2|Scizor, M|item
|poke|p2|Breloom, M|item
|teampreview
|inactive|Battle timer is ON: inactive players will automatically lose when time's up. (requested by UnzipsCrogre)
|
|t:|1741579188
|start
|switch|p1a: Garchomp|Garchomp, F|100/100
|switch|p2a: Mamoswine|Mamoswine, F|100/100
|turn|1
|
|t:|1741579194
|move|p1a: Garchomp|Stealth Rock|p2a: Mamoswine
|-sidestart|p2: dnite10|move: Stealth Rock
|move|p2a: Mamoswine|Stealth Rock|p1a: Garchomp
|-sidestart|p1: UnzipsCrogre|move: Stealth Rock
|
|upkeep
|turn|2
|
|t:|1741579204
|move|p1a: Garchomp|Outrage|p2a: Mamoswine
|-damage|p2a: Mamoswine|26/100
|move|p2a: Mamoswine|Icicle Crash|p1a: Garchomp
|-supereffective|p1a: Garchomp
|-enditem|p1a: Garchomp|Focus Sash
|-damage|p1a: Garchomp|1/100
|
|upkeep
|turn|3
|
|t:|1741579210
|move|p2a: Mamoswine|Ice Shard|p1a: Garchomp
|-supereffective|p1a: Garchomp
|-damage|p1a: Garchomp|0 fnt
|faint|p1a: Garchomp
|
|upkeep
|
|t:|1741579214
|switch|p1a: Starmie|Starmie|100/100
|-damage|p1a: Starmie|88/100|[from] Stealth Rock
|-item|p1a: Starmie|Air Balloon
|turn|4
|
|t:|1741579223
|move|p2a: Mamoswine|Ice Shard|p1a: Starmie
|-resisted|p1a: Starmie
|-damage|p1a: Starmie|71/100
|-enditem|p1a: Starmie|Air Balloon
|move|p1a: Starmie|Rapid Spin|p2a: Mamoswine
|-damage|p2a: Mamoswine|21/100
|-sideend|p1: UnzipsCrogre|Stealth Rock|[from] move: Rapid Spin|[of] p1a: Starmie
|
|upkeep
|turn|5
|
|t:|1741579232
|switch|p2a: Starmie|Starmie, shiny|100/100
|-damage|p2a: Starmie|88/100|[from] Stealth Rock
|move|p1a: Starmie|Ice Beam|p2a: Starmie
|-resisted|p2a: Starmie
|-crit|p2a: Starmie
|-damage|p2a: Starmie|37/100
|
|upkeep
|turn|6
|
|t:|1741579236
|move|p2a: Starmie|Rapid Spin|p1a: Starmie
|-damage|p1a: Starmie|66/100
|-sideend|p2: dnite10|Stealth Rock|[from] move: Rapid Spin|[of] p2a: Starmie
|-damage|p2a: Starmie|27/100|[from] item: Life Orb
|move|p1a: Starmie|Thunderbolt|p2a: Starmie
|-supereffective|p2a: Starmie
|-damage|p2a: Starmie|0 fnt
|faint|p2a: Starmie
|
|upkeep
|inactive|dnite10 has 120 seconds left.
|
|t:|1741579275
|switch|p2a: Kyurem|Kyurem-Black|100/100
|-ability|p2a: Kyurem|Teravolt
|turn|7
|inactive|dnite10 has 120 seconds left.
|j| bajaga
|
|t:|1741579295
|move|p1a: Starmie|Ice Beam|p2a: Kyurem
|-damage|p2a: Kyurem|76/100
|move|p2a: Kyurem|Fusion Bolt|p1a: Starmie
|-supereffective|p1a: Starmie
|-damage|p1a: Starmie|0 fnt
|faint|p1a: Starmie
|
|upkeep
|inactive|UnzipsCrogre has 120 seconds left.
|
|t:|1741579322
|switch|p1a: Breloom|Breloom, M|100/100
|turn|8
|inactive|dnite10 has 120 seconds left.
|
|t:|1741579343
|switch|p2a: Volcarona|Volcarona, M|100/100
|move|p1a: Breloom|Mach Punch|p2a: Volcarona
|-resisted|p2a: Volcarona
|-damage|p2a: Volcarona|67/100
|-damage|p1a: Breloom|91/100|[from] item: Life Orb
|
|upkeep
|turn|9
|inactive|dnite10 has 120 seconds left.
|
|t:|1741579351
|move|p2a: Volcarona|Quiver Dance|p2a: Volcarona
|-boost|p2a: Volcarona|spa|1
|-boost|p2a: Volcarona|spd|1
|-boost|p2a: Volcarona|spe|1
|move|p1a: Breloom|Low Sweep|p2a: Volcarona
|-resisted|p2a: Volcarona
|-damage|p2a: Volcarona|22/100
|-unboost|p2a: Volcarona|spe|1
|-damage|p1a: Breloom|81/100|[from] item: Life Orb
|
|upkeep
|turn|10
|
|t:|1741579356
|move|p1a: Breloom|Mach Punch|p2a: Volcarona
|-resisted|p2a: Volcarona
|-damage|p2a: Volcarona|0 fnt
|faint|p2a: Volcarona
|-damage|p1a: Breloom|71/100|[from] item: Life Orb
|
|upkeep
|
|t:|1741579359
|switch|p2a: Mamoswine|Mamoswine, F|21/100
|turn|11
|
|t:|1741579365
|switch|p1a: Scizor|Scizor, M|100/100
|move|p2a: Mamoswine|Ice Shard|p1a: Scizor
|-resisted|p1a: Scizor
|-damage|p1a: Scizor|86/100
|
|upkeep
|turn|12
|
|t:|1741579369
|switch|p2a: Scizor|Scizor, M|100/100
|move|p1a: Scizor|Bullet Punch|p2a: Scizor
|-resisted|p2a: Scizor
|-damage|p2a: Scizor|78/100
|-damage|p1a: Scizor|76/100|[from] item: Life Orb
|
|upkeep
|turn|13
|j| Fengxistar
|
|t:|1741579380
|move|p1a: Scizor|Superpower|p2a: Scizor
|-damage|p2a: Scizor|14/100
|-unboost|p1a: Scizor|atk|1
|-unboost|p1a: Scizor|def|1
|-damage|p1a: Scizor|66/100|[from] item: Life Orb
|move|p2a: Scizor|U-turn|p1a: Scizor
|-resisted|p1a: Scizor
|-damage|p1a: Scizor|10/100
|
|t:|1741579390
|switch|p2a: Mamoswine|Mamoswine, F|21/100|[from] U-turn
|
|upkeep
|turn|14
|
|t:|1741579392
|move|p2a: Mamoswine|Ice Shard|p1a: Scizor
|-resisted|p1a: Scizor
|-damage|p1a: Scizor|0 fnt
|faint|p1a: Scizor
|
|upkeep
|
|t:|1741579397
|switch|p1a: Volcarona|Volcarona, F|100/100
|turn|15
|
|t:|1741579403
|move|p1a: Volcarona|Bug Buzz|p2a: Mamoswine
|-damage|p2a: Mamoswine|0 fnt
|faint|p2a: Mamoswine
|
|upkeep
|
|t:|1741579415
|switch|p2a: Kyurem|Kyurem-Black|76/100
|-ability|p2a: Kyurem|Teravolt
|turn|16
|
|t:|1741579420
|move|p1a: Volcarona|Bug Buzz|p2a: Kyurem
|-damage|p2a: Kyurem|19/100
|move|p2a: Kyurem|Outrage|p1a: Volcarona
|-damage|p1a: Volcarona|0 fnt
|faint|p1a: Volcarona
|
|upkeep
|
|t:|1741579426
|switch|p1a: Breloom|Breloom, M|71/100
|turn|17
|
|t:|1741579428
|move|p1a: Breloom|Mach Punch|p2a: Kyurem
|-supereffective|p2a: Kyurem
|-damage|p2a: Kyurem|0 fnt
|faint|p2a: Kyurem
|-damage|p1a: Breloom|61/100|[from] item: Life Orb
|
|upkeep
|
|t:|1741579432
|switch|p2a: Breloom|Breloom, M, shiny|100/100
|turn|18
|
|t:|1741579435
|move|p2a: Breloom|Mach Punch|p1a: Breloom
|-damage|p1a: Breloom|0 fnt
|faint|p1a: Breloom
|-damage|p2a: Breloom|91/100|[from] item: Life Orb
|
|upkeep
|
|t:|1741579438
|switch|p1a: Dragonite|Dragonite, M|100/100
|turn|19
|
|t:|1741579448
|move|p2a: Breloom|Mach Punch|p1a: Dragonite
|-resisted|p1a: Dragonite
|-damage|p1a: Dragonite|87/100
|-damage|p2a: Breloom|81/100|[from] item: Life Orb
|move|p1a: Dragonite|Fire Punch|p2a: Breloom
|-supereffective|p2a: Breloom
|-damage|p2a: Breloom|0 fnt
|faint|p2a: Breloom
|
|upkeep
|
|t:|1741579454
|switch|p2a: Scizor|Scizor, M|14/100
|turn|20
|
|t:|1741579471
|move|p1a: Dragonite|Extreme Speed|p2a: Scizor
|-resisted|p2a: Scizor
|-damage|p2a: Scizor|0 fnt
|faint|p2a: Scizor
|
|win|UnzipsCrogre
|raw|UnzipsCrogre's rating: 1453 &rarr; <strong>1467</strong><br />(+14 for winning)
|raw|dnite10's rating: 1341 &rarr; <strong>1327</strong><br />(-14 for losing)
