|j|☆Draco Bombers
|j|☆Crimsonbacon38
|t:|1721063652
|gametype|singles
|player|p1|Draco Bombers|lucas-gen4pt|1345
|player|p2|Crimsonbacon38|barry|1310
|teamsize|p1|6
|teamsize|p2|6
|gen|5
|tier|[Gen 5] OU
|rated|
|rule|Species Clause: Limit one of each Pokémon
|rule|OHKO Clause: OHKO moves are banned
|rule|Moody Clause: Moody is banned
|rule|Evasion Items Clause: Evasion items are banned
|rule|Evasion Moves Clause: Evasion moves are banned
|rule|Endless Battle Clause: Forcing endless battles is banned
|rule|HP Percentage Mod: HP is shown in percentages
|rule|Evasion Abilities Clause: Evasion abilities are banned
|rule|Sleep Moves Clause: Sleep-inducing moves are banned
|rule|Swagger Clause: Swagger is banned
|rule|Baton Pass Stat Clause: No Baton Passer may have a way to boost its stats
|clearpoke
|poke|p1|Abomasnow, M|item
|poke|p1|Gliscor, M|item
|poke|p1|Forretress, F|item
|poke|p1|Blissey, F|item
|poke|p1|Latios, M|item
|poke|p1|Reuniclus, M|item
|poke|p2|Garchomp, M|item
|poke|p2|Latios, M|item
|poke|p2|Dragonite, M|item
|poke|p2|Jirachi|item
|poke|p2|Starmie|item
|poke|p2|Magnezone|item
|teampreview
|
|t:|1721063675
|start
|switch|p1a: Gliscor|Gliscor, M|100/100
|switch|p2a: Garchomp|Garchomp, M|100/100
|turn|1
|
|t:|1721063682
|move|p2a: Garchomp|Stealth Rock|p1a: Gliscor
|-sidestart|p1: Draco Bombers|move: Stealth Rock
|move|p1a: Gliscor|Stealth Rock|p2a: Garchomp
|-sidestart|p2: Crimsonbacon38|move: Stealth Rock
|
|-status|p1a: Gliscor|tox|[from] item: Toxic Orb
|upkeep
|turn|2
|
|t:|1721063690
|move|p2a: Garchomp|Swords Dance|p2a: Garchomp
|-boost|p2a: Garchomp|atk|2
|move|p1a: Gliscor|Earthquake|p2a: Garchomp
|-damage|p2a: Garchomp|65/100
|
|upkeep
|turn|3
|c|☆Draco Bombers|moonman
|c|☆Draco Bombers|wsg bro
|c|☆Draco Bombers|its mario
|
|t:|1721063711
|switch|p2a: Starmie|Starmie|100/100
|-damage|p2a: Starmie|88/100|[from] Stealth Rock
|-item|p2a: Starmie|Air Balloon
|move|p1a: Gliscor|Protect||[still]
|-fail|p1a: Gliscor
|
|upkeep
|turn|4
|
|t:|1721063716
|switch|p1a: Abomasnow|Abomasnow, M|100/100
|-damage|p1a: Abomasnow|76/100|[from] Stealth Rock
|-weather|Hail|[from] ability: Snow Warning|[of] p1a: Abomasnow
|move|p2a: Starmie|Ice Beam|p1a: Abomasnow
|-damage|p1a: Abomasnow|44/100
|
|-weather|Hail|[upkeep]
|-damage|p2a: Starmie|82/100|[from] Hail
|-heal|p1a: Abomasnow|50/100|[from] item: Leftovers
|upkeep
|turn|5
|
|t:|1721063727
|switch|p2a: Jirachi|Jirachi|100/100
|-damage|p2a: Jirachi|94/100|[from] Stealth Rock
|move|p1a: Abomasnow|Giga Drain|p2a: Jirachi
|-resisted|p2a: Jirachi
|-damage|p2a: Jirachi|81/100
|-heal|p1a: Abomasnow|56/100|[from] drain|[of] p2a: Jirachi
|
|-weather|Hail|[upkeep]
|-damage|p2a: Jirachi|74/100|[from] Hail
|-heal|p1a: Abomasnow|62/100|[from] item: Leftovers
|upkeep
|turn|6
|
|t:|1721063738
|move|p1a: Abomasnow|Protect|p1a: Abomasnow
|-singleturn|p1a: Abomasnow|Protect
|move|p2a: Jirachi|Iron Head|p1a: Abomasnow
|-activate|p1a: Abomasnow|move: Protect
|
|-weather|Hail|[upkeep]
|-damage|p2a: Jirachi|68/100|[from] Hail
|-heal|p1a: Abomasnow|68/100|[from] item: Leftovers
|upkeep
|turn|7
|
|t:|1721063755
|switch|p1a: Gliscor|Gliscor, M|100/100 tox
|-damage|p1a: Gliscor|88/100 tox|[from] Stealth Rock
|move|p2a: Jirachi|Iron Head|p1a: Gliscor
|-damage|p1a: Gliscor|63/100 tox
|
|-weather|Hail|[upkeep]
|-damage|p2a: Jirachi|62/100|[from] Hail
|-damage|p1a: Gliscor|57/100 tox|[from] Hail
|-heal|p1a: Gliscor|70/100 tox|[from] ability: Poison Heal
|upkeep
|turn|8
|
|t:|1721063771
|switch|p2a: Latios|Latios, M|100/100
|-damage|p2a: Latios|88/100|[from] Stealth Rock
|move|p1a: Gliscor|Earthquake|p2a: Latios
|-immune|p2a: Latios|[from] ability: Levitate
|
|-weather|Hail|[upkeep]
|-damage|p2a: Latios|82/100|[from] Hail
|-damage|p1a: Gliscor|63/100 tox|[from] Hail
|-heal|p1a: Gliscor|76/100 tox|[from] ability: Poison Heal
|upkeep
|turn|9
|
|t:|1721063778
|move|p1a: Gliscor|Protect|p1a: Gliscor
|-singleturn|p1a: Gliscor|Protect
|move|p2a: Latios|Draco Meteor|p1a: Gliscor
|-activate|p1a: Gliscor|move: Protect
|
|-weather|Hail|[upkeep]
|-damage|p2a: Latios|76/100|[from] Hail
|-damage|p1a: Gliscor|70/100 tox|[from] Hail
|-heal|p1a: Gliscor|82/100 tox|[from] ability: Poison Heal
|upkeep
|turn|10
|
|t:|1721063783
|switch|p1a: Blissey|Blissey, F|100/100
|-damage|p1a: Blissey|88/100|[from] Stealth Rock
|move|p2a: Latios|Draco Meteor|p1a: Blissey
|-damage|p1a: Blissey|50/100
|-unboost|p2a: Latios|spa|2
|
|-weather|Hail|[upkeep]
|-damage|p2a: Latios|70/100|[from] Hail
|-damage|p1a: Blissey|44/100|[from] Hail
|-heal|p1a: Blissey|50/100|[from] item: Leftovers
|upkeep
|turn|11
|
|t:|1721063789
|switch|p2a: Magnezone|Magnezone|100/100
|-damage|p2a: Magnezone|94/100|[from] Stealth Rock
|move|p1a: Blissey|Thunder Wave|p2a: Magnezone
|-status|p2a: Magnezone|par
|
|-weather|Hail|[upkeep]
|-damage|p1a: Blissey|44/100|[from] Hail
|-damage|p2a: Magnezone|88/100 par|[from] Hail
|-heal|p1a: Blissey|50/100|[from] item: Leftovers
|upkeep
|turn|12
|
|t:|1721063797
|move|p1a: Blissey|Soft-Boiled|p1a: Blissey
|-heal|p1a: Blissey|99/100
|move|p2a: Magnezone|Volt Switch|p1a: Blissey
|-damage|p1a: Blissey|80/100
|
|t:|1721063807
|switch|p2a: Garchomp|Garchomp, M|65/100|[from] Volt Switch
|-damage|p2a: Garchomp|59/100|[from] Stealth Rock
|
|-weather|Hail|[upkeep]
|-damage|p2a: Garchomp|53/100|[from] Hail
|-damage|p1a: Blissey|74/100|[from] Hail
|-heal|p1a: Blissey|80/100|[from] item: Leftovers
|upkeep
|turn|13
|
|t:|1721063822
|move|p2a: Garchomp|Earthquake|p1a: Blissey
|-damage|p1a: Blissey|32/100
|move|p1a: Blissey|Soft-Boiled|p1a: Blissey
|-heal|p1a: Blissey|82/100
|
|-weather|Hail|[upkeep]
|-damage|p2a: Garchomp|47/100|[from] Hail
|-damage|p1a: Blissey|75/100|[from] Hail
|-heal|p1a: Blissey|82/100|[from] item: Leftovers
|upkeep
|turn|14
|
|t:|1721063840
|switch|p2a: Starmie|Starmie|82/100
|-damage|p2a: Starmie|70/100|[from] Stealth Rock
|-item|p2a: Starmie|Air Balloon
|move|p1a: Blissey|Seismic Toss|p2a: Starmie
|-damage|p2a: Starmie|32/100
|-enditem|p2a: Starmie|Air Balloon
|
|-weather|Hail|[upkeep]
|-damage|p2a: Starmie|25/100|[from] Hail
|-damage|p1a: Blissey|75/100|[from] Hail
|-heal|p1a: Blissey|82/100|[from] item: Leftovers
|upkeep
|turn|15
|
|t:|1721063864
|switch|p1a: Abomasnow|Abomasnow, M|68/100
|-damage|p1a: Abomasnow|43/100|[from] Stealth Rock
|move|p2a: Starmie|Rapid Spin|p1a: Abomasnow
|-damage|p1a: Abomasnow|38/100
|-sideend|p2: Crimsonbacon38|Stealth Rock|[from] move: Rapid Spin|[of] p2a: Starmie
|
|-weather|Hail|[upkeep]
|-damage|p2a: Starmie|19/100|[from] Hail
|-heal|p1a: Abomasnow|44/100|[from] item: Leftovers
|upkeep
|turn|16
|
|t:|1721063870
|switch|p2a: Magnezone|Magnezone|88/100 par
|move|p1a: Abomasnow|Giga Drain|p2a: Magnezone
|-resisted|p2a: Magnezone
|-damage|p2a: Magnezone|68/100 par
|-heal|p1a: Abomasnow|52/100|[from] drain|[of] p2a: Magnezone
|
|-weather|Hail|[upkeep]
|-damage|p2a: Magnezone|62/100 par|[from] Hail
|-heal|p1a: Abomasnow|58/100|[from] item: Leftovers
|upkeep
|turn|17
|
|t:|1721063878
|move|p1a: Abomasnow|Protect|p1a: Abomasnow
|-singleturn|p1a: Abomasnow|Protect
|move|p2a: Magnezone|Volt Switch|p1a: Abomasnow
|-activate|p1a: Abomasnow|move: Protect
|
|-weather|Hail|[upkeep]
|-damage|p2a: Magnezone|56/100 par|[from] Hail
|-heal|p1a: Abomasnow|64/100|[from] item: Leftovers
|upkeep
|turn|18
|
|t:|1721063883
|move|p1a: Abomasnow|Blizzard|p2a: Magnezone
|-resisted|p2a: Magnezone
|-damage|p2a: Magnezone|24/100 par
|cant|p2a: Magnezone|par
|
|-weather|Hail|[upkeep]
|-damage|p2a: Magnezone|18/100 par|[from] Hail
|-heal|p1a: Abomasnow|70/100|[from] item: Leftovers
|upkeep
|turn|19
|
|t:|1721063891
|switch|p2a: Jirachi|Jirachi|62/100
|move|p1a: Abomasnow|Blizzard|p2a: Jirachi
|-resisted|p2a: Jirachi
|-damage|p2a: Jirachi|37/100
|
|-weather|Hail|[upkeep]
|-damage|p2a: Jirachi|31/100|[from] Hail
|-heal|p1a: Abomasnow|76/100|[from] item: Leftovers
|upkeep
|turn|20
|
|t:|1721063896
|move|p1a: Abomasnow|Protect|p1a: Abomasnow
|-singleturn|p1a: Abomasnow|Protect
|move|p2a: Jirachi|U-turn|p1a: Abomasnow
|-activate|p1a: Abomasnow|move: Protect
|
|-weather|Hail|[upkeep]
|-damage|p2a: Jirachi|25/100|[from] Hail
|-heal|p1a: Abomasnow|82/100|[from] item: Leftovers
|upkeep
|turn|21
|
|t:|1721063906
|switch|p1a: Gliscor|Gliscor, M|82/100 tox
|-damage|p1a: Gliscor|70/100 tox|[from] Stealth Rock
|move|p2a: Jirachi|U-turn|p1a: Gliscor
|-resisted|p1a: Gliscor
|-damage|p1a: Gliscor|61/100 tox
|
|t:|1721063926
|switch|p2a: Latios|Latios, M|70/100|[from] U-turn
|
|-weather|Hail|[upkeep]
|-damage|p2a: Latios|64/100|[from] Hail
|-damage|p1a: Gliscor|55/100 tox|[from] Hail
|-heal|p1a: Gliscor|68/100 tox|[from] ability: Poison Heal
|upkeep
|turn|22
|
|t:|1721063931
|move|p1a: Gliscor|Protect|p1a: Gliscor
|-singleturn|p1a: Gliscor|Protect
|move|p2a: Latios|Draco Meteor|p1a: Gliscor
|-activate|p1a: Gliscor|move: Protect
|
|-weather|Hail|[upkeep]
|-damage|p2a: Latios|58/100|[from] Hail
|-damage|p1a: Gliscor|61/100 tox|[from] Hail
|-heal|p1a: Gliscor|74/100 tox|[from] ability: Poison Heal
|upkeep
|turn|23
|
|t:|1721063951
|switch|p1a: Forretress|Forretress, F|100/100
|-damage|p1a: Forretress|88/100|[from] Stealth Rock
|move|p2a: Latios|Draco Meteor|p1a: Forretress
|-resisted|p1a: Forretress
|-damage|p1a: Forretress|8/100
|-unboost|p2a: Latios|spa|2
|
|-weather|Hail|[upkeep]
|-damage|p2a: Latios|52/100|[from] Hail
|-heal|p1a: Forretress|14/100|[from] item: Leftovers
|upkeep
|turn|24
|
|t:|1721063968
|move|p2a: Latios|Draco Meteor|p1a: Forretress
|-resisted|p1a: Forretress
|-damage|p1a: Forretress|0 fnt
|-unboost|p2a: Latios|spa|2
|faint|p1a: Forretress
|
|-weather|Hail|[upkeep]
|-damage|p2a: Latios|46/100|[from] Hail
|upkeep
|j| Fruitpunchsamurai2
|
|t:|1721064028
|switch|p1a: Reuniclus|Reuniclus, M|100/100
|turn|25
|l| Fruitpunchsamurai2
|
|t:|1721064043
|switch|p2a: Jirachi|Jirachi|25/100
|move|p1a: Reuniclus|Calm Mind|p1a: Reuniclus
|-boost|p1a: Reuniclus|spa|1
|-boost|p1a: Reuniclus|spd|1
|
|-weather|Hail|[upkeep]
|-damage|p2a: Jirachi|19/100|[from] Hail
|upkeep
|turn|26
|
|t:|1721064063
|switch|p1a: Latios|Latios, M|100/100
|-damage|p1a: Latios|88/100|[from] Stealth Rock
|move|p2a: Jirachi|Healing Wish|p2a: Jirachi
|faint|p2a: Jirachi
|
|-weather|Hail|[upkeep]
|-damage|p1a: Latios|82/100|[from] Hail
|upkeep
|
|t:|1721064076
|switch|p2a: Garchomp|Garchomp, M|47/100
|-heal|p2a: Garchomp|100/100|[from] move: Healing Wish
|turn|27
|
|t:|1721064126
|switch|p1a: Gliscor|Gliscor, M|74/100 tox
|-damage|p1a: Gliscor|61/100 tox|[from] Stealth Rock
|move|p2a: Garchomp|Outrage|p1a: Gliscor
|-damage|p1a: Gliscor|13/100 tox
|
|-weather|Hail|[upkeep]
|-damage|p2a: Garchomp|94/100|[from] Hail
|-damage|p1a: Gliscor|7/100 tox|[from] Hail
|-heal|p1a: Gliscor|19/100 tox|[from] ability: Poison Heal
|upkeep
|turn|28
|
|t:|1721064136
|move|p1a: Gliscor|Protect|p1a: Gliscor
|-singleturn|p1a: Gliscor|Protect
|move|p2a: Garchomp|Outrage|p1a: Gliscor|[from]lockedmove
|-activate|p1a: Gliscor|move: Protect
|-start|p2a: Garchomp|confusion|[fatigue]
|
|-weather|Hail|[upkeep]
|-damage|p2a: Garchomp|88/100|[from] Hail
|-damage|p1a: Gliscor|13/100 tox|[from] Hail
|-heal|p1a: Gliscor|25/100 tox|[from] ability: Poison Heal
|upkeep
|turn|29
|
|t:|1721064141
|-activate|p2a: Garchomp|confusion
|move|p2a: Garchomp|Outrage|p1a: Gliscor
|-damage|p1a: Gliscor|0 fnt
|faint|p1a: Gliscor
|
|-weather|Hail|[upkeep]
|-damage|p2a: Garchomp|82/100|[from] Hail
|upkeep
|
|t:|1721064147
|switch|p1a: Latios|Latios, M|82/100
|-damage|p1a: Latios|70/100|[from] Stealth Rock
|turn|30
|
|t:|1721064154
|move|p1a: Latios|Draco Meteor|p2a: Garchomp
|-supereffective|p2a: Garchomp
|-damage|p2a: Garchomp|0 fnt
|-unboost|p1a: Latios|spa|2
|faint|p2a: Garchomp
|
|-weather|Hail|[upkeep]
|-damage|p1a: Latios|64/100|[from] Hail
|upkeep
|
|t:|1721064185
|switch|p2a: Starmie|Starmie|19/100
|turn|31
|
|t:|1721064192
|switch|p1a: Reuniclus|Reuniclus, M|100/100
|move|p2a: Starmie|Ice Beam|p1a: Reuniclus
|-damage|p1a: Reuniclus|66/100
|
|-weather|Hail|[upkeep]
|-damage|p2a: Starmie|13/100|[from] Hail
|-heal|p1a: Reuniclus|72/100|[from] item: Leftovers
|upkeep
|turn|32
|
|t:|1721064199
|move|p2a: Starmie|Hydro Pump|p1a: Reuniclus
|-damage|p1a: Reuniclus|24/100
|move|p1a: Reuniclus|Recover|p1a: Reuniclus
|-heal|p1a: Reuniclus|74/100
|
|-weather|Hail|[upkeep]
|-damage|p2a: Starmie|7/100|[from] Hail
|-heal|p1a: Reuniclus|80/100|[from] item: Leftovers
|upkeep
|turn|33
|
|t:|1721064218
|move|p2a: Starmie|Hydro Pump|p1a: Reuniclus|[miss]
|-miss|p2a: Starmie|p1a: Reuniclus
|move|p1a: Reuniclus|Recover|p1a: Reuniclus
|-heal|p1a: Reuniclus|100/100
|
|-weather|Hail|[upkeep]
|-damage|p2a: Starmie|1/100|[from] Hail
|upkeep
|turn|34
|
|t:|1721064229
|move|p2a: Starmie|Hydro Pump|p1a: Reuniclus
|-damage|p1a: Reuniclus|56/100
|move|p1a: Reuniclus|Recover|p1a: Reuniclus
|-heal|p1a: Reuniclus|100/100
|
|-weather|Hail|[upkeep]
|-damage|p2a: Starmie|0 fnt|[from] Hail
|faint|p2a: Starmie
|upkeep
|
|t:|1721064241
|switch|p2a: Dragonite|Dragonite, M|100/100
|turn|35
|
|t:|1721064246
|move|p2a: Dragonite|Dragon Dance|p2a: Dragonite
|-boost|p2a: Dragonite|atk|1
|-boost|p2a: Dragonite|spe|1
|move|p1a: Reuniclus|Psyshock|p2a: Dragonite
|-damage|p2a: Dragonite|81/100
|
|-weather|Hail|[upkeep]
|-damage|p2a: Dragonite|75/100|[from] Hail
|upkeep
|turn|36
|
|t:|1721064253
|move|p2a: Dragonite|Dragon Dance|p2a: Dragonite
|-boost|p2a: Dragonite|atk|1
|-boost|p2a: Dragonite|spe|1
|move|p1a: Reuniclus|Psyshock|p2a: Dragonite
|-damage|p2a: Dragonite|36/100
|
|-weather|Hail|[upkeep]
|-damage|p2a: Dragonite|30/100|[from] Hail
|upkeep
|turn|37
|
|t:|1721064260
|move|p2a: Dragonite|Outrage|p1a: Reuniclus
|-damage|p1a: Reuniclus|3/100
|move|p1a: Reuniclus|Psyshock|p2a: Dragonite
|-damage|p2a: Dragonite|0 fnt
|faint|p2a: Dragonite
|
|-weather|Hail|[upkeep]
|-heal|p1a: Reuniclus|9/100|[from] item: Leftovers
|upkeep
|
|t:|1721064282
|switch|p2a: Latios|Latios, M|46/100
|turn|38
|
|t:|1721064287
|move|p2a: Latios|Draco Meteor|p1a: Reuniclus
|-damage|p1a: Reuniclus|0 fnt
|-unboost|p2a: Latios|spa|2
|faint|p1a: Reuniclus
|
|-weather|Hail|[upkeep]
|-damage|p2a: Latios|40/100|[from] Hail
|upkeep
|
|t:|1721064296
|switch|p1a: Blissey|Blissey, F|82/100
|-damage|p1a: Blissey|69/100|[from] Stealth Rock
|turn|39
|
|t:|1721064300
|switch|p2a: Magnezone|Magnezone|18/100 par
|move|p1a: Blissey|Seismic Toss|p2a: Magnezone
|-damage|p2a: Magnezone|0 fnt
|faint|p2a: Magnezone
|
|-weather|Hail|[upkeep]
|-damage|p1a: Blissey|63/100|[from] Hail
|-heal|p1a: Blissey|69/100|[from] item: Leftovers
|upkeep
|
|t:|1721064304
|switch|p2a: Latios|Latios, M|40/100
|turn|40
|
|t:|1721064307
|move|p2a: Latios|Psyshock|p1a: Blissey
|-damage|p1a: Blissey|19/100
|move|p1a: Blissey|Soft-Boiled|p1a: Blissey
|-heal|p1a: Blissey|69/100
|
|-weather|Hail|[upkeep]
|-damage|p2a: Latios|34/100|[from] Hail
|-damage|p1a: Blissey|63/100|[from] Hail
|-heal|p1a: Blissey|69/100|[from] item: Leftovers
|upkeep
|turn|41
|
|t:|1721064311
|move|p2a: Latios|Psyshock|p1a: Blissey
|-damage|p1a: Blissey|16/100
|move|p1a: Blissey|Soft-Boiled|p1a: Blissey
|-heal|p1a: Blissey|66/100
|
|-weather|Hail|[upkeep]
|-damage|p2a: Latios|28/100|[from] Hail
|-damage|p1a: Blissey|60/100|[from] Hail
|-heal|p1a: Blissey|66/100|[from] item: Leftovers
|upkeep
|turn|42
|c|☆Crimsonbacon38|gg
|c|☆Draco Bombers|Gg
|c|☆Crimsonbacon38|reuni living that outrage was wild
|c|☆Draco Bombers|moonman
|c|☆Draco Bombers|have a good day
|c|☆Crimsonbacon38|Who r u
|c|☆Draco Bombers|its mario
|
|t:|1721064338
|move|p2a: Latios|Psyshock|p1a: Blissey
|-damage|p1a: Blissey|16/100
|move|p1a: Blissey|Soft-Boiled|p1a: Blissey
|-heal|p1a: Blissey|66/100
|
|-weather|Hail|[upkeep]
|-damage|p2a: Latios|22/100|[from] Hail
|-damage|p1a: Blissey|60/100|[from] Hail
|-heal|p1a: Blissey|66/100|[from] item: Leftovers
|upkeep
|turn|43
|c|☆Crimsonbacon38|Oh hello Mario
|
|t:|1721064350
|move|p2a: Latios|Psyshock|p1a: Blissey
|-damage|p1a: Blissey|14/100
|move|p1a: Blissey|Soft-Boiled|p1a: Blissey
|-heal|p1a: Blissey|64/100
|
|-weather|Hail|[upkeep]
|-damage|p2a: Latios|16/100|[from] Hail
|-damage|p1a: Blissey|58/100|[from] Hail
|-heal|p1a: Blissey|64/100|[from] item: Leftovers
|upkeep
|turn|44
|c|☆Draco Bombers|hi
|l|☆Crimsonbacon38
|player|p2|
|j|☆Crimsonbacon38
|player|p2|Crimsonbacon38|barry|
|c|☆Draco Bombers|im r3 in bw cup
|
|t:|1721064381
|move|p2a: Latios|Psyshock|p1a: Blissey
|-damage|p1a: Blissey|14/100
|move|p1a: Blissey|Soft-Boiled|p1a: Blissey
|-heal|p1a: Blissey|64/100
|
|-weather|Hail|[upkeep]
|-damage|p2a: Latios|10/100|[from] Hail
|-damage|p1a: Blissey|58/100|[from] Hail
|-heal|p1a: Blissey|64/100|[from] item: Leftovers
|upkeep
|turn|45
|
|t:|1721064384
|move|p2a: Latios|Psyshock|p1a: Blissey
|-damage|p1a: Blissey|12/100
|move|p1a: Blissey|Soft-Boiled|p1a: Blissey
|-heal|p1a: Blissey|62/100
|
|-weather|Hail|[upkeep]
|-damage|p2a: Latios|4/100|[from] Hail
|-damage|p1a: Blissey|56/100|[from] Hail
|-heal|p1a: Blissey|62/100|[from] item: Leftovers
|upkeep
|turn|46
|
|t:|1721064388
|switch|p1a: Latios|Latios, M|64/100
|-damage|p1a: Latios|52/100|[from] Stealth Rock
|move|p2a: Latios|Psyshock|p1a: Latios
|-resisted|p1a: Latios
|-damage|p1a: Latios|6/100
|
|-weather|Hail|[upkeep]
|-damage|p2a: Latios|0 fnt|[from] Hail
|-damage|p1a: Latios|0 fnt|[from] Hail
|faint|p2a: Latios
|faint|p1a: Latios
|
|win|Draco Bombers
|upkeep
|raw|Draco Bombers's rating: 1345 &rarr; <strong>1363</strong><br />(+18 for winning)
|raw|Crimsonbacon38's rating: 1310 &rarr; <strong>1292</strong><br />(-18 for losing)
|c|☆Crimsonbacon38|There’s my crit
|c|☆Crimsonbacon38|oh no not even
|c|☆Draco Bombers|i was t wave tios
|c|☆Crimsonbacon38|Have a nice day Mario
|c|☆Draco Bombers|you too
|l|☆Crimsonbacon38
|player|p2|
