|j|☆BWR Ashes
|j|☆deepfriedtacos
|t:|1719610359
|gametype|singles
|player|p1|BWR Ashes|skier-gen2|1439
|player|p2|deepfriedtacos|benga|1435
|teamsize|p1|6
|teamsize|p2|6
|gen|5
|tier|[Gen 5] OU
|rated|
|rule|Species Clause: Limit one of each Pokémon
|rule|OHKO Clause: OHKO moves are banned
|rule|Moody Clause: Moody is banned
|rule|Evasion Items Clause: Evasion items are banned
|rule|Evasion Moves Clause: Evasion moves are banned
|rule|Endless Battle Clause: Forcing endless battles is banned
|rule|HP Percentage Mod: HP is shown in percentages
|rule|Evasion Abilities Clause: Evasion abilities are banned
|rule|Sleep Moves Clause: Sleep-inducing moves are banned
|rule|Swagger Clause: Swagger is banned
|rule|Baton Pass Stat Clause: No Baton Passer may have a way to boost its stats
|clearpoke
|poke|p1|Politoed, M|item
|poke|p1|Mamoswine, F|item
|poke|p1|Tentacruel, M|item
|poke|p1|Thundurus-Therian, M|item
|poke|p1|Ferrothorn, F|item
|poke|p1|Latios, M|item
|poke|p2|Politoed, M|item
|poke|p2|Dragonite, M|item
|poke|p2|Ferrothorn, F|item
|poke|p2|Tentacruel, M|item
|poke|p2|Keldeo-Resolute|item
|poke|p2|Thundurus-Therian, M|item
|teampreview
|j| Basstard
|
|t:|1719610381
|start
|switch|p1a: Thundurus|Thundurus-Therian, M|100/100
|switch|p2a: Ferrothorn|Ferrothorn, F, shiny|100/100
|turn|1
|inactive|Battle timer is ON: inactive players will automatically lose when time's up. (requested by deepfriedtacos)
|
|t:|1719610394
|move|p1a: Thundurus|Focus Blast|p2a: Ferrothorn|[miss]
|-miss|p1a: Thundurus|p2a: Ferrothorn
|move|p2a: Ferrothorn|Power Whip|p1a: Thundurus
|-resisted|p1a: Thundurus
|-damage|p1a: Thundurus|73/100
|
|-heal|p1a: Thundurus|79/100|[from] item: Leftovers
|upkeep
|turn|2
|
|t:|1719610400
|move|p1a: Thundurus|Focus Blast|p2a: Ferrothorn
|-supereffective|p2a: Ferrothorn
|-damage|p2a: Ferrothorn|36/100
|move|p2a: Ferrothorn|Leech Seed|p1a: Thundurus
|-start|p1a: Thundurus|move: Leech Seed
|
|-heal|p1a: Thundurus|85/100|[from] item: Leftovers
|-heal|p2a: Ferrothorn|43/100|[from] item: Leftovers
|-damage|p1a: Thundurus|73/100|[from] Leech Seed|[of] p2a: Ferrothorn
|-heal|p2a: Ferrothorn|54/100|[silent]
|upkeep
|turn|3
|inactive|BWR Ashes has 120 seconds left.
|
|t:|1719610432
|switch|p2a: Politoed|Politoed, M|100/100
|-weather|RainDance|[from] ability: Drizzle|[of] p2a: Politoed
|move|p1a: Thundurus|Focus Blast|p2a: Politoed
|-damage|p2a: Politoed|60/100
|
|-weather|RainDance|[upkeep]
|-heal|p1a: Thundurus|79/100|[from] item: Leftovers
|-heal|p2a: Politoed|66/100|[from] item: Leftovers
|-damage|p1a: Thundurus|67/100|[from] Leech Seed|[of] p2a: Politoed
|-heal|p2a: Politoed|77/100|[silent]
|upkeep
|turn|4
|
|t:|1719610441
|switch|p1a: Latios|Latios, M|100/100
|switch|p2a: Thundurus|Thundurus-Therian, M|100/100
|
|-weather|RainDance|[upkeep]
|upkeep
|turn|5
|
|t:|1719610446
|switch|p2a: Politoed|Politoed, M|77/100
|move|p1a: Latios|Trick|p2a: Politoed
|-activate|p1a: Latios|move: Trick|[of] p2a: Politoed
|-item|p2a: Politoed|Choice Scarf|[from] move: Trick
|-item|p1a: Latios|Leftovers|[from] move: Trick
|
|-weather|RainDance|[upkeep]
|upkeep
|turn|6
|
|t:|1719610457
|switch|p1a: Ferrothorn|Ferrothorn, F|100/100
|move|p2a: Politoed|Scald|p1a: Ferrothorn
|-resisted|p1a: Ferrothorn
|-damage|p1a: Ferrothorn|87/100
|
|-weather|RainDance|[upkeep]
|upkeep
|turn|7
|
|t:|1719610461
|move|p2a: Politoed|Scald|p1a: Ferrothorn
|-resisted|p1a: Ferrothorn
|-damage|p1a: Ferrothorn|75/100
|move|p1a: Ferrothorn|Stealth Rock|p2a: Politoed
|-sidestart|p2: deepfriedtacos|move: Stealth Rock
|
|-weather|RainDance|[upkeep]
|upkeep
|turn|8
|
|t:|1719610465
|move|p2a: Politoed|Scald|p1a: Ferrothorn
|-resisted|p1a: Ferrothorn
|-damage|p1a: Ferrothorn|60/100
|-status|p1a: Ferrothorn|brn
|-enditem|p1a: Ferrothorn|Lum Berry|[eat]
|-curestatus|p1a: Ferrothorn|brn|[msg]
|move|p1a: Ferrothorn|Power Whip|p2a: Politoed
|-supereffective|p2a: Politoed
|-damage|p2a: Politoed|4/100
|
|-weather|RainDance|[upkeep]
|upkeep
|turn|9
|
|t:|1719610467
|move|p2a: Politoed|Scald|p1a: Ferrothorn
|-resisted|p1a: Ferrothorn
|-damage|p1a: Ferrothorn|47/100
|-status|p1a: Ferrothorn|brn
|move|p1a: Ferrothorn|Gyro Ball|p2a: Politoed
|-resisted|p2a: Politoed
|-crit|p2a: Politoed
|-damage|p2a: Politoed|0 fnt
|faint|p2a: Politoed
|
|-weather|RainDance|[upkeep]
|-damage|p1a: Ferrothorn|34/100 brn|[from] brn
|upkeep
|
|t:|1719610472
|switch|p2a: Thundurus|Thundurus-Therian, M|100/100
|-damage|p2a: Thundurus|76/100|[from] Stealth Rock
|turn|10
|
|t:|1719610477
|switch|p1a: Latios|Latios, M|100/100
|move|p2a: Thundurus|Substitute|p2a: Thundurus
|-start|p2a: Thundurus|Substitute
|-damage|p2a: Thundurus|51/100
|
|-weather|RainDance|[upkeep]
|-heal|p2a: Thundurus|57/100|[from] item: Leftovers
|upkeep
|turn|11
|
|t:|1719610480
|move|p1a: Latios|Surf|p2a: Thundurus
|-end|p2a: Thundurus|Substitute
|move|p2a: Thundurus|Thunder|p1a: Latios
|-resisted|p1a: Latios
|-damage|p1a: Latios|65/100
|-status|p1a: Latios|par
|
|-weather|RainDance|[upkeep]
|-heal|p2a: Thundurus|63/100|[from] item: Leftovers
|-heal|p1a: Latios|71/100 par|[from] item: Leftovers
|upkeep
|turn|12
|
|t:|1719610490
|switch|p2a: Tentacruel|Tentacruel, M, shiny|100/100
|-damage|p2a: Tentacruel|88/100|[from] Stealth Rock
|switch|p1a: Mamoswine|Mamoswine, F|100/100
|
|-weather|RainDance|[upkeep]
|-heal|p2a: Tentacruel|94/100|[from] ability: Rain Dish
|-heal|p2a: Tentacruel|99/100|[from] item: Black Sludge
|upkeep
|turn|13
|
|t:|1719610494
|move|p2a: Tentacruel|Scald|p1a: Mamoswine
|-supereffective|p1a: Mamoswine
|-damage|p1a: Mamoswine|20/100
|-status|p1a: Mamoswine|brn
|move|p1a: Mamoswine|Earthquake|p2a: Tentacruel
|-supereffective|p2a: Tentacruel
|-damage|p2a: Tentacruel|41/100
|
|-weather|RainDance|[upkeep]
|-heal|p2a: Tentacruel|47/100|[from] ability: Rain Dish
|-heal|p2a: Tentacruel|53/100|[from] item: Black Sludge
|-damage|p1a: Mamoswine|7/100 brn|[from] brn
|upkeep
|turn|14
|
|t:|1719610499
|move|p2a: Tentacruel|Scald|p1a: Mamoswine
|-supereffective|p1a: Mamoswine
|-damage|p1a: Mamoswine|0 fnt
|faint|p1a: Mamoswine
|
|-weather|RainDance|[upkeep]
|-heal|p2a: Tentacruel|59/100|[from] ability: Rain Dish
|-heal|p2a: Tentacruel|65/100|[from] item: Black Sludge
|upkeep
|
|t:|1719610501
|switch|p1a: Thundurus|Thundurus-Therian, M|67/100
|turn|15
|
|t:|1719610504
|move|p2a: Tentacruel|Scald|p1a: Thundurus
|-damage|p1a: Thundurus|27/100
|-status|p1a: Thundurus|brn
|move|p1a: Thundurus|Thunder|p2a: Tentacruel
|-supereffective|p2a: Tentacruel
|-damage|p2a: Tentacruel|0 fnt
|faint|p2a: Tentacruel
|
|-weather|RainDance|[upkeep]
|-heal|p1a: Thundurus|33/100 brn|[from] item: Leftovers
|-damage|p1a: Thundurus|20/100 brn|[from] brn
|upkeep
|
|t:|1719610508
|switch|p2a: Keldeo|Keldeo-Resolute|100/100
|-damage|p2a: Keldeo|94/100|[from] Stealth Rock
|turn|16
|
|t:|1719610512
|switch|p1a: Ferrothorn|Ferrothorn, F|34/100 brn
|move|p2a: Keldeo|Icy Wind|p1a: Ferrothorn
|-damage|p1a: Ferrothorn|19/100 brn
|-unboost|p1a: Ferrothorn|spe|1
|
|-weather|RainDance|[upkeep]
|-damage|p1a: Ferrothorn|7/100 brn|[from] brn
|upkeep
|turn|17
|
|t:|1719610516
|switch|p1a: Politoed|Politoed, M|100/100
|move|p2a: Keldeo|Icy Wind|p1a: Politoed
|-resisted|p1a: Politoed
|-damage|p1a: Politoed|92/100
|-unboost|p1a: Politoed|spe|1
|
|-weather|RainDance|[upkeep]
|-heal|p1a: Politoed|99/100|[from] item: Leftovers
|upkeep
|turn|18
|
|t:|1719610523
|move|p2a: Keldeo|Hidden Power|p1a: Politoed
|-supereffective|p1a: Politoed
|-damage|p1a: Politoed|49/100
|move|p1a: Politoed|Scald|p2a: Keldeo
|-resisted|p2a: Keldeo
|-damage|p2a: Keldeo|74/100
|
|-weather|RainDance|[upkeep]
|-heal|p1a: Politoed|55/100|[from] item: Leftovers
|upkeep
|turn|19
|
|t:|1719610528
|move|p2a: Keldeo|Hydro Pump|p1a: Politoed
|-resisted|p1a: Politoed
|-damage|p1a: Politoed|13/100
|move|p1a: Politoed|Toxic|p2a: Keldeo
|-status|p2a: Keldeo|tox
|
|-weather|RainDance|[upkeep]
|-heal|p1a: Politoed|19/100|[from] item: Leftovers
|-damage|p2a: Keldeo|68/100 tox|[from] psn
|upkeep
|turn|20
|
|t:|1719610532
|move|p1a: Politoed|Protect|p1a: Politoed
|-singleturn|p1a: Politoed|Protect
|move|p2a: Keldeo|Secret Sword|p1a: Politoed
|-activate|p1a: Politoed|move: Protect
|
|-weather|RainDance|[upkeep]
|-heal|p1a: Politoed|25/100|[from] item: Leftovers
|-damage|p2a: Keldeo|55/100 tox|[from] psn
|upkeep
|turn|21
|
|t:|1719610535
|switch|p1a: Ferrothorn|Ferrothorn, F|7/100 brn
|move|p2a: Keldeo|Secret Sword|p1a: Ferrothorn
|-supereffective|p1a: Ferrothorn
|-damage|p1a: Ferrothorn|0 fnt
|faint|p1a: Ferrothorn
|
|-weather|RainDance|[upkeep]
|-damage|p2a: Keldeo|37/100 tox|[from] psn
|upkeep
|
|t:|1719610541
|switch|p1a: Tentacruel|Tentacruel, M|100/100
|turn|22
|
|t:|1719610545
|switch|p2a: Thundurus|Thundurus-Therian, M|63/100
|-damage|p2a: Thundurus|38/100|[from] Stealth Rock
|move|p1a: Tentacruel|Protect||[still]
|-fail|p1a: Tentacruel
|
|-weather|RainDance|[upkeep]
|-heal|p2a: Thundurus|44/100|[from] item: Leftovers
|upkeep
|turn|23
|
|t:|1719610550
|move|p2a: Thundurus|Substitute|p2a: Thundurus
|-start|p2a: Thundurus|Substitute
|-damage|p2a: Thundurus|20/100
|move|p1a: Tentacruel|Scald|p2a: Thundurus
|-end|p2a: Thundurus|Substitute
|
|-weather|RainDance|[upkeep]
|-heal|p2a: Thundurus|26/100|[from] item: Leftovers
|upkeep
|turn|24
|
|t:|1719610554
|switch|p1a: Thundurus|Thundurus-Therian, M|20/100 brn
|move|p2a: Thundurus|Thunder|p1a: Thundurus
|-heal|p1a: Thundurus|45/100 brn|[from] ability: Volt Absorb|[of] p2a: Thundurus
|
|-weather|RainDance|[upkeep]
|-heal|p2a: Thundurus|32/100|[from] item: Leftovers
|-heal|p1a: Thundurus|52/100 brn|[from] item: Leftovers
|-damage|p1a: Thundurus|39/100 brn|[from] brn
|upkeep
|turn|25
|
|t:|1719610561
|switch|p1a: Politoed|Politoed, M|25/100
|move|p2a: Thundurus|Hidden Power|p1a: Politoed
|-resisted|p1a: Politoed
|-damage|p1a: Politoed|14/100
|
|-weather|RainDance|[upkeep]
|-heal|p2a: Thundurus|38/100|[from] item: Leftovers
|-heal|p1a: Politoed|21/100|[from] item: Leftovers
|upkeep
|turn|26
|
|t:|1719610577
|move|p2a: Thundurus|Substitute|p2a: Thundurus
|-start|p2a: Thundurus|Substitute
|-damage|p2a: Thundurus|13/100
|move|p1a: Politoed|Scald|p2a: Thundurus
|-end|p2a: Thundurus|Substitute
|
|-weather|RainDance|[upkeep]
|-heal|p2a: Thundurus|20/100|[from] item: Leftovers
|-heal|p1a: Politoed|27/100|[from] item: Leftovers
|upkeep
|turn|27
|
|t:|1719610594
|move|p2a: Thundurus|Focus Blast|p1a: Politoed
|-damage|p1a: Politoed|0 fnt
|faint|p1a: Politoed
|
|-weather|RainDance|[upkeep]
|-heal|p2a: Thundurus|26/100|[from] item: Leftovers
|upkeep
|
|t:|1719610597
|switch|p1a: Latios|Latios, M|71/100 par
|turn|28
|
|t:|1719610606
|move|p2a: Thundurus|Hidden Power|p1a: Latios
|-supereffective|p1a: Latios
|-damage|p1a: Latios|13/100 par
|move|p1a: Latios|Surf|p2a: Thundurus
|-damage|p2a: Thundurus|0 fnt
|faint|p2a: Thundurus
|
|-weather|RainDance|[upkeep]
|-heal|p1a: Latios|19/100 par|[from] item: Leftovers
|upkeep
|
|t:|1719610616
|switch|p2a: Dragonite|Dragonite, M|100/100
|-damage|p2a: Dragonite|76/100|[from] Stealth Rock
|turn|29
|
|t:|1719610619
|move|p2a: Dragonite|Hurricane|p1a: Latios
|-damage|p1a: Latios|0 fnt
|faint|p1a: Latios
|
|-weather|RainDance|[upkeep]
|upkeep
|
|t:|1719610622
|switch|p1a: Thundurus|Thundurus-Therian, M|39/100 brn
|turn|30
|
|t:|1719610626
|switch|p2a: Keldeo|Keldeo-Resolute|37/100 tox
|-damage|p2a: Keldeo|31/100 tox|[from] Stealth Rock
|move|p1a: Thundurus|Hidden Power|p2a: Keldeo
|-resisted|p2a: Keldeo
|-damage|p2a: Keldeo|14/100 tox
|
|-weather|RainDance|[upkeep]
|-heal|p1a: Thundurus|45/100 brn|[from] item: Leftovers
|-damage|p2a: Keldeo|8/100 tox|[from] psn
|-damage|p1a: Thundurus|33/100 brn|[from] brn
|upkeep
|turn|31
|
|t:|1719610630
|switch|p1a: Tentacruel|Tentacruel, M|100/100
|move|p2a: Keldeo|Hydro Pump|p1a: Tentacruel
|-resisted|p1a: Tentacruel
|-damage|p1a: Tentacruel|64/100
|
|-weather|RainDance|[upkeep]
|-heal|p1a: Tentacruel|70/100|[from] ability: Rain Dish
|-heal|p1a: Tentacruel|76/100|[from] item: Black Sludge
|-damage|p2a: Keldeo|0 fnt|[from] psn
|faint|p2a: Keldeo
|upkeep
|
|t:|1719610631
|switch|p2a: Dragonite|Dragonite, M|76/100
|-damage|p2a: Dragonite|51/100|[from] Stealth Rock
|turn|32
|
|t:|1719610636
|move|p1a: Tentacruel|Protect|p1a: Tentacruel
|-singleturn|p1a: Tentacruel|Protect
|move|p2a: Dragonite|Roost|p2a: Dragonite
|-heal|p2a: Dragonite|100/100
|-singleturn|p2a: Dragonite|move: Roost
|
|-weather|RainDance|[upkeep]
|-heal|p1a: Tentacruel|82/100|[from] ability: Rain Dish
|-heal|p1a: Tentacruel|88/100|[from] item: Black Sludge
|upkeep
|turn|33
|
|t:|1719610639
|move|p1a: Tentacruel|Scald|p2a: Dragonite
|-resisted|p2a: Dragonite
|-damage|p2a: Dragonite|91/100
|move|p2a: Dragonite|Thunder|p1a: Tentacruel
|-supereffective|p1a: Tentacruel
|-damage|p1a: Tentacruel|21/100
|-status|p1a: Tentacruel|par
|
|-weather|RainDance|[upkeep]
|-heal|p1a: Tentacruel|27/100 par|[from] ability: Rain Dish
|-heal|p1a: Tentacruel|33/100 par|[from] item: Black Sludge
|upkeep
|turn|34
|
|t:|1719610643
|move|p2a: Dragonite|Hurricane|p1a: Tentacruel
|-damage|p1a: Tentacruel|0 fnt
|faint|p1a: Tentacruel
|
|-weather|RainDance|[upkeep]
|upkeep
|
|t:|1719610645
|switch|p1a: Thundurus|Thundurus-Therian, M|33/100 brn
|turn|35
|
|t:|1719610650
|move|p1a: Thundurus|Hidden Power|p2a: Dragonite
|-supereffective|p2a: Dragonite
|-damage|p2a: Dragonite|0 fnt
|faint|p2a: Dragonite
|
|-weather|RainDance|[upkeep]
|-heal|p1a: Thundurus|39/100 brn|[from] item: Leftovers
|-damage|p1a: Thundurus|27/100 brn|[from] brn
|upkeep
|
|t:|1719610651
|switch|p2a: Ferrothorn|Ferrothorn, F, shiny|54/100
|-damage|p2a: Ferrothorn|48/100|[from] Stealth Rock
|turn|36
|
|t:|1719610654
|move|p1a: Thundurus|Focus Blast|p2a: Ferrothorn
|-supereffective|p2a: Ferrothorn
|-damage|p2a: Ferrothorn|0 fnt
|faint|p2a: Ferrothorn
|
|win|BWR Ashes
|raw|BWR Ashes's rating: 1439 &rarr; <strong>1459</strong><br />(+20 for winning)
|raw|deepfriedtacos's rating: 1435 &rarr; <strong>1415</strong><br />(-20 for losing)
|l|☆deepfriedtacos
|player|p2|
