|j|☆WeR#4Hay!
|j|☆For 4LOM
|t:|1701997503
|gametype|singles
|player|p1|WeR#4Hay!|102|1546
|player|p2|For 4LOM|psychicf|1409
|teamsize|p1|6
|teamsize|p2|6
|gen|5
|tier|[Gen 5] OU
|rated|
|rule|Species Clause: Limit one of each Pokémon
|rule|OHKO Clause: OHKO moves are banned
|rule|Moody Clause: Moody is banned
|rule|Evasion Items Clause: Evasion items are banned
|rule|Evasion Moves Clause: Evasion moves are banned
|rule|Endless Battle Clause: Forcing endless battles is banned
|rule|HP Percentage Mod: HP is shown in percentages
|rule|Evasion Abilities Clause: Evasion abilities are banned
|rule|Sleep Moves Clause: Sleep-inducing moves are banned
|rule|Swagger Clause: Swagger is banned
|rule|Baton Pass Stat Clause: No Baton Passer may have a way to boost its stats
|clearpoke
|poke|p1|Tyranitar, F|item
|poke|p1|Mienshao, M|item
|poke|p1|Garchomp, M|item
|poke|p1|Ferrothorn, M|item
|poke|p1|Latios, M|item
|poke|p1|Gliscor, M|item
|poke|p2|Garchomp, M|item
|poke|p2|Magnezone|item
|poke|p2|Dragonite, M|item
|poke|p2|Cloyster, M|item
|poke|p2|Starmie|item
|poke|p2|Jirachi|item
|teampreview
|j| SandGetsEverywhere
|
|t:|1701997529
|start
|switch|p1a: Dustin Hoffman|Mienshao, M, shiny|100/100
|switch|p2a: Garchomp|Garchomp, M|100/100
|turn|1
|
|t:|1701997536
|switch|p2a: Jirachi|Jirachi|100/100
|move|p1a: Dustin Hoffman|Fake Out|p2a: Jirachi
|-resisted|p2a: Jirachi
|-damage|p2a: Jirachi|92/100
|-damage|p1a: Dustin Hoffman|91/100|[from] item: Life Orb
|
|upkeep
|turn|2
|
|t:|1701997541
|move|p2a: Jirachi|U-turn|p1a: Dustin Hoffman
|-resisted|p1a: Dustin Hoffman
|-damage|p1a: Dustin Hoffman|72/100
|
|t:|1701997546
|switch|p2a: Garchomp|Garchomp, M|100/100|[from] U-turn
|move|p1a: Dustin Hoffman|High Jump Kick|p2a: Garchomp
|-damage|p2a: Garchomp|21/100
|-damage|p1a: Dustin Hoffman|60/100|[from] ability: Rough Skin|[of] p2a: Garchomp
|-damage|p1a: Dustin Hoffman|50/100|[from] item: Life Orb
|
|upkeep
|turn|3
|
|t:|1701997555
|move|p1a: Dustin Hoffman|U-turn|p2a: Garchomp
|-damage|p2a: Garchomp|0 fnt
|-damage|p1a: Dustin Hoffman|37/100|[from] ability: Rough Skin|[of] p2a: Garchomp
|faint|p2a: Garchomp
|-damage|p1a: Dustin Hoffman|27/100|[from] item: Life Orb
|
|t:|1701997558
|switch|p1a: Andrew Neiman|Latios, M|100/100|[from] U-turn
|
|upkeep
|
|t:|1701997561
|switch|p2a: Jirachi|Jirachi|92/100
|turn|4
|
|t:|1701997569
|switch|p1a: Adam Sandler|Gliscor, M|100/100
|move|p2a: Jirachi|U-turn|p1a: Adam Sandler
|-resisted|p1a: Adam Sandler
|-damage|p1a: Adam Sandler|91/100
|
|t:|1701997571
|switch|p2a: Cloyster|Cloyster, M|100/100|[from] U-turn
|
|-status|p1a: Adam Sandler|tox|[from] item: Toxic Orb
|upkeep
|turn|5
|
|t:|1701997577
|switch|p1a: Two Eyes Only|Tyranitar, F|100/100
|-weather|Sandstorm|[from] ability: Sand Stream|[of] p1a: Two Eyes Only
|move|p2a: Cloyster|Shell Smash|p2a: Cloyster
|-unboost|p2a: Cloyster|def|1
|-unboost|p2a: Cloyster|spd|1
|-boost|p2a: Cloyster|atk|2
|-boost|p2a: Cloyster|spa|2
|-boost|p2a: Cloyster|spe|2
|
|-weather|Sandstorm|[upkeep]
|-damage|p2a: Cloyster|94/100|[from] Sandstorm
|upkeep
|turn|6
|
|t:|1701997580
|move|p2a: Cloyster|Icicle Spear|p1a: Two Eyes Only
|-damage|p1a: Two Eyes Only|83/100
|-damage|p1a: Two Eyes Only|64/100
|-damage|p1a: Two Eyes Only|46/100
|-damage|p1a: Two Eyes Only|28/100
|-damage|p1a: Two Eyes Only|9/100
|-hitcount|p1a: Two Eyes Only|5
|move|p1a: Two Eyes Only|Rock Slide|p2a: Cloyster
|-supereffective|p2a: Cloyster
|-damage|p2a: Cloyster|10/100
|
|-weather|Sandstorm|[upkeep]
|-damage|p2a: Cloyster|4/100|[from] Sandstorm
|upkeep
|turn|7
|
|t:|1701997587
|move|p2a: Cloyster|Icicle Spear|p1a: Two Eyes Only
|-damage|p1a: Two Eyes Only|0 fnt
|faint|p1a: Two Eyes Only
|-hitcount|p1: Two Eyes Only|1
|
|-weather|Sandstorm|[upkeep]
|-damage|p2a: Cloyster|0 fnt|[from] Sandstorm
|faint|p2a: Cloyster
|upkeep
|
|t:|1701997608
|switch|p2a: Magnezone|Magnezone|100/100
|switch|p1a: Roy Scheider|Garchomp, M|100/100
|-item|p2a: Magnezone|Air Balloon
|turn|8
|
|t:|1701997625
|move|p1a: Roy Scheider|Dragon Claw|p2a: Magnezone
|-resisted|p2a: Magnezone
|-damage|p2a: Magnezone|80/100
|-enditem|p2a: Magnezone|Air Balloon
|move|p2a: Magnezone|Hidden Power|p1a: Roy Scheider
|-resisted|p1a: Roy Scheider
|-damage|p1a: Roy Scheider|88/100
|
|-weather|Sandstorm|[upkeep]
|upkeep
|turn|9
|
|t:|1701997633
|switch|p1a: Adam Sandler|Gliscor, M|91/100 tox
|switch|p2a: Starmie|Starmie|100/100
|-item|p2a: Starmie|Air Balloon
|
|-weather|Sandstorm|[upkeep]
|-damage|p2a: Starmie|94/100|[from] Sandstorm
|-heal|p1a: Adam Sandler|100/100 tox|[from] ability: Poison Heal
|upkeep
|turn|10
|
|t:|1701997642
|switch|p2a: Magnezone|Magnezone|80/100
|switch|p1a: Tony Stalk|Ferrothorn, M|100/100
|
|-weather|Sandstorm|[upkeep]
|upkeep
|turn|11
|
|t:|1701997654
|move|p2a: Magnezone|Sunny Day|p2a: Magnezone
|-weather|SunnyDay
|move|p1a: Tony Stalk|Stealth Rock|p2a: Magnezone
|-sidestart|p2: For 4LOM|move: Stealth Rock
|
|-weather|SunnyDay|[upkeep]
|upkeep
|turn|12
|
|t:|1701997661
|move|p2a: Magnezone|Hidden Power|p1a: Tony Stalk
|-supereffective|p1a: Tony Stalk
|-damage|p1a: Tony Stalk|2/100
|move|p1a: Tony Stalk|Power Whip|p2a: Magnezone|[miss]
|-miss|p1a: Tony Stalk|p2a: Magnezone
|
|-weather|SunnyDay|[upkeep]
|-heal|p1a: Tony Stalk|8/100|[from] item: Leftovers
|upkeep
|turn|13
|
|t:|1701997666
|move|p2a: Magnezone|Hidden Power|p1a: Tony Stalk
|-supereffective|p1a: Tony Stalk
|-damage|p1a: Tony Stalk|0 fnt
|faint|p1a: Tony Stalk
|
|-weather|SunnyDay|[upkeep]
|upkeep
|
|t:|1701997668
|switch|p1a: Dustin Hoffman|Mienshao, M, shiny|61/100
|turn|14
|
|t:|1701997673
|move|p1a: Dustin Hoffman|High Jump Kick|p2a: Magnezone
|-supereffective|p2a: Magnezone
|-damage|p2a: Magnezone|0 fnt
|faint|p2a: Magnezone
|-damage|p1a: Dustin Hoffman|51/100|[from] item: Life Orb
|
|-weather|SunnyDay|[upkeep]
|upkeep
|
|t:|1701997675
|switch|p2a: Starmie|Starmie|94/100
|-damage|p2a: Starmie|82/100|[from] Stealth Rock
|-item|p2a: Starmie|Air Balloon
|turn|15
|j| sixsevn
|
|t:|1701997683
|move|p2a: Starmie|Ice Beam|p1a: Dustin Hoffman
|-damage|p1a: Dustin Hoffman|0 fnt
|faint|p1a: Dustin Hoffman
|
|-weather|none
|upkeep
|j| eurosvgc
|
|t:|1701997700
|switch|p1a: Roy Scheider|Garchomp, M|88/100
|turn|16
|
|t:|1701997707
|switch|p2a: Jirachi|Jirachi|92/100
|-damage|p2a: Jirachi|86/100|[from] Stealth Rock
|move|p1a: Roy Scheider|Outrage|p2a: Jirachi
|-resisted|p2a: Jirachi
|-damage|p2a: Jirachi|58/100
|
|upkeep
|turn|17
|
|t:|1701997720
|move|p1a: Roy Scheider|Outrage|p2a: Jirachi|[from]lockedmove
|-resisted|p2a: Jirachi
|-damage|p2a: Jirachi|27/100
|move|p2a: Jirachi|Iron Head|p1a: Roy Scheider
|-damage|p1a: Roy Scheider|49/100
|-damage|p2a: Jirachi|14/100|[from] ability: Rough Skin|[of] p1a: Roy Scheider
|
|upkeep
|turn|18
|
|t:|1701997725
|move|p1a: Roy Scheider|Outrage|p2a: Jirachi|[from]lockedmove
|-resisted|p2a: Jirachi
|-damage|p2a: Jirachi|0 fnt
|faint|p2a: Jirachi
|-start|p1a: Roy Scheider|confusion|[fatigue]
|
|upkeep
|
|t:|1701997728
|switch|p2a: Starmie|Starmie|82/100
|-damage|p2a: Starmie|70/100|[from] Stealth Rock
|-item|p2a: Starmie|Air Balloon
|turn|19
|
|t:|1701997730
|switch|p1a: Adam Sandler|Gliscor, M|100/100 tox
|move|p2a: Starmie|Rapid Spin|p1a: Adam Sandler
|-damage|p1a: Adam Sandler|97/100 tox
|-sideend|p2: For 4LOM|Stealth Rock|[from] move: Rapid Spin|[of] p2a: Starmie
|
|-heal|p1a: Adam Sandler|100/100 tox|[from] ability: Poison Heal
|upkeep
|turn|20
|
|t:|1701997741
|move|p2a: Starmie|Ice Beam|p1a: Adam Sandler
|-supereffective|p1a: Adam Sandler
|-damage|p1a: Adam Sandler|13/100 tox
|move|p1a: Adam Sandler|Ice Fang|p2a: Starmie
|-resisted|p2a: Starmie
|-damage|p2a: Starmie|60/100
|-enditem|p2a: Starmie|Air Balloon
|
|-heal|p1a: Adam Sandler|26/100 tox|[from] ability: Poison Heal
|upkeep
|turn|21
|
|t:|1701997751
|move|p2a: Starmie|Ice Beam|p1a: Adam Sandler
|-supereffective|p1a: Adam Sandler
|-damage|p1a: Adam Sandler|0 fnt
|faint|p1a: Adam Sandler
|
|upkeep
|
|t:|1701997752
|switch|p1a: Andrew Neiman|Latios, M|100/100
|turn|22
|
|t:|1701997764
|move|p2a: Starmie|Ice Beam|p1a: Andrew Neiman
|-supereffective|p1a: Andrew Neiman
|-damage|p1a: Andrew Neiman|39/100
|move|p1a: Andrew Neiman|Draco Meteor|p2a: Starmie
|-damage|p2a: Starmie|0 fnt
|-unboost|p1a: Andrew Neiman|spa|2
|faint|p2a: Starmie
|
|upkeep
|
|t:|1701997769
|switch|p2a: Dragonite|Dragonite, M|100/100
|turn|23
|
|t:|1701997772
|move|p1a: Andrew Neiman|Draco Meteor|p2a: Dragonite
|-supereffective|p2a: Dragonite
|-damage|p2a: Dragonite|42/100
|-unboost|p1a: Andrew Neiman|spa|2
|move|p2a: Dragonite|Dragon Dance|p2a: Dragonite
|-boost|p2a: Dragonite|atk|1
|-boost|p2a: Dragonite|spe|1
|
|upkeep
|turn|24
|
|t:|1701997778
|move|p2a: Dragonite|Extreme Speed|p1a: Andrew Neiman
|-damage|p1a: Andrew Neiman|0 fnt
|faint|p1a: Andrew Neiman
|
|upkeep
|
|t:|1701997780
|switch|p1a: Roy Scheider|Garchomp, M|49/100
|turn|25
|
|t:|1701997781
|move|p2a: Dragonite|Extreme Speed|p1a: Roy Scheider
|-crit|p1a: Roy Scheider
|-damage|p1a: Roy Scheider|0 fnt
|-damage|p2a: Dragonite|29/100|[from] ability: Rough Skin|[of] p1a: Roy Scheider
|faint|p1a: Roy Scheider
|
|win|For 4LOM
|raw|WeR#4Hay!'s rating: 1546 &rarr; <strong>1518</strong><br />(-28 for losing)
|raw|For 4LOM's rating: 1409 &rarr; <strong>1437</strong><br />(+28 for winning)
|c|☆WeR#4Hay!|gg
|c|☆For 4LOM|gg
|l| SandGetsEverywhere
|l| sixsevn
