|j|☆The Daisuke
|j|☆refsunpersons
|player|p1|The Daisuke|152
|player|p2|refsunpersons|15
|teamsize|p1|6
|teamsize|p2|6
|gametype|singles
|gen|5
|tier|[Gen 5] OU
|rated|
|rule|Sleep Clause Mod: Limit one foe put to sleep
|rule|Species Clause: Limit one of each Pokémon
|rule|OHKO Clause: OHKO moves are banned
|rule|Moody Clause: Moody is banned
|rule|Evasion Moves Clause: Evasion moves are banned
|rule|Endless Battle Clause: Forcing endless battles is banned
|rule|HP Percentage Mod: HP is shown in percentages
|rule|Evasion Abilities Clause: Evasion abilities are banned
|rule|Baton Pass Clause: Limit one Baton Passer, can't pass Spe and other stats simultaneously
|rule|Swagger Clause: Swagger is banned
|clearpoke
|poke|p1|Politoed, M|item
|poke|p1|Tentacruel, M|item
|poke|p1|Ferrothorn, M|item
|poke|p1|Celebi|item
|poke|p1|Landorus-Therian, M|item
|poke|p1|Terrakion|item
|poke|p2|Politoed, F|item
|poke|p2|Ferrothorn, F|item
|poke|p2|Xatu, M|item
|poke|p2|Diglett, F|item
|poke|p2|Latias, F|item
|poke|p2|Toxicroak, F|item
|teampreview
|c|☆refsunpersons|gl hf
|
|start
|switch|p1a: Terrakion|Terrakion|100/100
|switch|p2a: hygogg|Politoed, F|100/100
|-weather|RainDance|[from] ability: Drizzle|[of] p2a: hygogg
|turn|1
|inactive|Battle timer is ON: inactive players will automatically lose when time's up. (requested by The Daisuke)
|
|switch|p1a: Celebi|Celebi|100/100
|move|p2a: hygogg|Hydro Pump|p1a: Celebi|[miss]
|-miss|p2a: hygogg|p1a: Celebi
|
|-weather|RainDance|[upkeep]
|upkeep
|turn|2
|
|switch|p2a: big zam|Ferrothorn, F|100/100
|move|p1a: Celebi|Hidden Power|p2a: big zam
|-damage|p2a: big zam|89/100
|
|-weather|RainDance|[upkeep]
|-heal|p2a: big zam|96/100|[from] item: Leftovers
|upkeep
|turn|3
|
|move|p1a: Celebi|Stealth Rock|p2a: big zam
|-sidestart|p2: refsunpersons|move: Stealth Rock
|move|p2a: big zam|Spikes|p1a: Celebi
|-sidestart|p1: The Daisuke|Spikes
|
|-weather|RainDance|[upkeep]
|-heal|p2a: big zam|100/100|[from] item: Leftovers
|upkeep
|turn|4
|
|switch|p1a: Tentacruel|Tentacruel, M|100/100
|-damage|p1a: Tentacruel|88/100|[from] Spikes
|move|p2a: big zam|Leech Seed|p1a: Tentacruel
|-start|p1a: Tentacruel|move: Leech Seed
|
|-weather|RainDance|[upkeep]
|-heal|p1a: Tentacruel|94/100|[from] ability: Rain Dish
|-heal|p1a: Tentacruel|99/100|[from] item: Black Sludge
|-damage|p1a: Tentacruel|88/100|[from] Leech Seed|[of] p2a: big zam
|upkeep
|turn|5
|
|switch|p2a: acguy|Diglett, F|100/100
|-damage|p2a: acguy|95/100|[from] Stealth Rock
|move|p1a: Tentacruel|Scald|p2a: acguy
|-supereffective|p2a: acguy
|-damage|p2a: acguy|0 fnt
|faint|p2a: acguy
|
|-weather|RainDance|[upkeep]
|-heal|p1a: Tentacruel|94/100|[from] ability: Rain Dish
|-heal|p1a: Tentacruel|99/100|[from] item: Black Sludge
|upkeep
|
|switch|p2a: zeong|Toxicroak, F|100/100
|-damage|p2a: zeong|94/100|[from] Stealth Rock
|turn|6
|
|switch|p1a: Landorus|Landorus-Therian, M|100/100
|-ability|p1a: Landorus|Intimidate|boost
|-unboost|p2a: zeong|atk|1
|move|p2a: zeong|Swords Dance|p2a: zeong
|-boost|p2a: zeong|atk|2
|
|-weather|RainDance|[upkeep]
|-heal|p2a: zeong|100/100|[from] ability: Dry Skin
|upkeep
|turn|7
|
|switch|p2a: zaku|Xatu, M|100/100
|-damage|p2a: zaku|76/100|[from] Stealth Rock
|move|p1a: Landorus|Earthquake|p2a: zaku
|-immune|p2a: zaku|[msg]
|
|-weather|RainDance|[upkeep]
|upkeep
|turn|8
|
|switch|p1a: Ferrothorn|Ferrothorn, M|100/100
|-damage|p1a: Ferrothorn|88/100|[from] Spikes
|move|p2a: zaku|U-turn|p1a: Ferrothorn
|-damage|p1a: Ferrothorn|80/100
|-damage|p2a: zaku|63/100|[from] ability: Iron Barbs|[of] p1a: Ferrothorn
|
|switch|p2a: zeong|Toxicroak, F|100/100
|-damage|p2a: zeong|94/100|[from] Stealth Rock
|
|-weather|RainDance|[upkeep]
|-heal|p2a: zeong|100/100|[from] ability: Dry Skin
|-heal|p1a: Ferrothorn|86/100|[from] item: Leftovers
|upkeep
|turn|9
|
|switch|p1a: Landorus|Landorus-Therian, M|100/100
|-ability|p1a: Landorus|Intimidate|boost
|-unboost|p2a: zeong|atk|1
|move|p2a: zeong|Drain Punch|p1a: Landorus
|-resisted|p1a: Landorus
|-damage|p1a: Landorus|85/100
|-damage|p2a: zeong|91/100|[from] item: Life Orb
|
|-weather|RainDance|[upkeep]
|-heal|p2a: zeong|100/100|[from] ability: Dry Skin
|upkeep
|turn|10
|
|switch|p2a: zaku|Xatu, M|63/100
|-damage|p2a: zaku|38/100|[from] Stealth Rock
|move|p1a: Landorus|U-turn|p2a: zaku
|-crit|p2a: zaku
|-damage|p2a: zaku|0 fnt
|-damage|p1a: Landorus|68/100|[from] item: Rocky Helmet|[of] p2a: zaku
|faint|p2a: zaku
|
|switch|p1a: Tentacruel|Tentacruel, M|99/100
|-damage|p1a: Tentacruel|88/100|[from] Spikes
|
|-weather|RainDance|[upkeep]
|-heal|p1a: Tentacruel|94/100|[from] ability: Rain Dish
|-heal|p1a: Tentacruel|99/100|[from] item: Black Sludge
|upkeep
|
|switch|p2a: zeong|Toxicroak, F|100/100
|-damage|p2a: zeong|94/100|[from] Stealth Rock
|turn|11
|
|move|p2a: zeong|Drain Punch|p1a: Tentacruel
|-resisted|p1a: Tentacruel
|-damage|p1a: Tentacruel|80/100
|-heal|p2a: zeong|100/100|[from] drain|[of] p1a: Tentacruel
|-damage|p2a: zeong|91/100|[from] item: Life Orb
|move|p1a: Tentacruel|Rapid Spin|p2a: zeong
|-damage|p2a: zeong|86/100
|-sideend|p1: The Daisuke|Spikes|[from] move: Rapid Spin|[of] p1a: Tentacruel
|
|-weather|RainDance|[upkeep]
|-heal|p2a: zeong|99/100|[from] ability: Dry Skin
|-heal|p1a: Tentacruel|86/100|[from] ability: Rain Dish
|-heal|p1a: Tentacruel|92/100|[from] item: Black Sludge
|upkeep
|turn|12
|
|switch|p1a: Landorus|Landorus-Therian, M|68/100
|-ability|p1a: Landorus|Intimidate|boost
|-unboost|p2a: zeong|atk|1
|move|p2a: zeong|Ice Punch|p1a: Landorus
|-supereffective|p1a: Landorus
|-damage|p1a: Landorus|0 fnt
|-damage|p2a: zeong|89/100|[from] item: Life Orb
|faint|p1a: Landorus
|
|-weather|RainDance|[upkeep]
|-heal|p2a: zeong|100/100|[from] ability: Dry Skin
|upkeep
|
|switch|p1a: Terrakion|Terrakion|100/100
|turn|13
|
|move|p1a: Terrakion|Earthquake|p2a: zeong
|-supereffective|p2a: zeong
|-crit|p2a: zeong
|-damage|p2a: zeong|0 fnt
|faint|p2a: zeong
|
|-weather|RainDance|[upkeep]
|upkeep
|
|switch|p2a: hygogg|Politoed, F|100/100
|-damage|p2a: hygogg|88/100|[from] Stealth Rock
|turn|14
|
|switch|p1a: Ferrothorn|Ferrothorn, M|86/100
|move|p2a: hygogg|Ice Beam|p1a: Ferrothorn
|-damage|p1a: Ferrothorn|67/100
|
|-weather|RainDance|[upkeep]
|-heal|p1a: Ferrothorn|74/100|[from] item: Leftovers
|upkeep
|turn|15
|
|switch|p2a: big zam|Ferrothorn, F|100/100
|-damage|p2a: big zam|94/100|[from] Stealth Rock
|move|p1a: Ferrothorn|Leech Seed|p2a: big zam
|-immune|p2a: big zam|[msg]
|
|-weather|RainDance|[upkeep]
|-heal|p1a: Ferrothorn|80/100|[from] item: Leftovers
|-heal|p2a: big zam|100/100|[from] item: Leftovers
|upkeep
|turn|16
|
|move|p1a: Ferrothorn|Spikes|p2a: big zam
|-sidestart|p2: refsunpersons|Spikes
|move|p2a: big zam|Spikes|p1a: Ferrothorn
|-sidestart|p1: The Daisuke|Spikes
|
|-weather|RainDance|[upkeep]
|-heal|p1a: Ferrothorn|86/100|[from] item: Leftovers
|upkeep
|turn|17
|
|move|p1a: Ferrothorn|Spikes|p2a: big zam
|-sidestart|p2: refsunpersons|Spikes
|move|p2a: big zam|Spikes|p1a: Ferrothorn
|-sidestart|p1: The Daisuke|Spikes
|
|-weather|RainDance|[upkeep]
|-heal|p1a: Ferrothorn|92/100|[from] item: Leftovers
|upkeep
|turn|18
|
|move|p1a: Ferrothorn|Spikes|p2a: big zam
|-sidestart|p2: refsunpersons|Spikes
|move|p2a: big zam|Spikes|p1a: Ferrothorn
|-sidestart|p1: The Daisuke|Spikes
|
|-weather|RainDance|[upkeep]
|-heal|p1a: Ferrothorn|99/100|[from] item: Leftovers
|upkeep
|turn|19
|j| Susermaru
|
|switch|p2a: hygogg|Politoed, F|88/100
|-damage|p2a: hygogg|75/100|[from] Stealth Rock
|-damage|p2a: hygogg|50/100|[from] Spikes
|move|p1a: Ferrothorn|Spikes|p2a: hygogg
|-fail|p1a: Ferrothorn
|
|-weather|RainDance|[upkeep]
|-heal|p1a: Ferrothorn|100/100|[from] item: Leftovers
|upkeep
|turn|20
|j| Gakki001
|
|move|p2a: hygogg|Encore|p1a: Ferrothorn
|-start|p1a: Ferrothorn|Encore
|move|p1a: Ferrothorn|Spikes|p2a: hygogg
|-fail|p1a: Ferrothorn
|
|-weather|RainDance|[upkeep]
|upkeep
|turn|21
|
|switch|p2a: rx-78-2|Latias, F|100/100
|-damage|p2a: rx-78-2|88/100|[from] Stealth Rock
|switch|p1a: Tentacruel|Tentacruel, M|92/100
|-damage|p1a: Tentacruel|67/100|[from] Spikes
|
|-weather|RainDance|[upkeep]
|-heal|p1a: Tentacruel|73/100|[from] ability: Rain Dish
|-heal|p2a: rx-78-2|94/100|[from] item: Leftovers
|-heal|p1a: Tentacruel|79/100|[from] item: Black Sludge
|upkeep
|turn|22
|
|move|p2a: rx-78-2|Substitute|p2a: rx-78-2
|-start|p2a: rx-78-2|Substitute
|-damage|p2a: rx-78-2|69/100
|move|p1a: Tentacruel|Rapid Spin|p2a: rx-78-2
|-activate|p2a: rx-78-2|Substitute|[damage]
|-sideend|p1: The Daisuke|Spikes|[from] move: Rapid Spin|[of] p1a: Tentacruel
|
|-weather|RainDance|[upkeep]
|-heal|p1a: Tentacruel|85/100|[from] ability: Rain Dish
|-heal|p2a: rx-78-2|75/100|[from] item: Leftovers
|-heal|p1a: Tentacruel|91/100|[from] item: Black Sludge
|upkeep
|turn|23
|
|switch|p1a: Politoed|Politoed, M|100/100
|move|p2a: rx-78-2|Calm Mind|p2a: rx-78-2
|-boost|p2a: rx-78-2|spa|1
|-boost|p2a: rx-78-2|spd|1
|
|-weather|RainDance|[upkeep]
|-heal|p2a: rx-78-2|81/100|[from] item: Leftovers
|upkeep
|turn|24
|
|move|p2a: rx-78-2|Dragon Pulse|p1a: Politoed
|-damage|p1a: Politoed|52/100
|move|p1a: Politoed|Ice Beam|p2a: rx-78-2
|-supereffective|p2a: rx-78-2
|-activate|p2a: rx-78-2|Substitute|[damage]
|
|-weather|RainDance|[upkeep]
|-heal|p2a: rx-78-2|87/100|[from] item: Leftovers
|-heal|p1a: Politoed|58/100|[from] item: Leftovers
|upkeep
|turn|25
|
|move|p1a: Politoed|Protect|p1a: Politoed
|-singleturn|p1a: Politoed|Protect
|move|p2a: rx-78-2|Calm Mind|p2a: rx-78-2
|-boost|p2a: rx-78-2|spa|1
|-boost|p2a: rx-78-2|spd|1
|
|-weather|RainDance|[upkeep]
|-heal|p2a: rx-78-2|93/100|[from] item: Leftovers
|-heal|p1a: Politoed|64/100|[from] item: Leftovers
|upkeep
|turn|26
|
|switch|p1a: Celebi|Celebi|100/100
|move|p2a: rx-78-2|Calm Mind|p2a: rx-78-2
|-boost|p2a: rx-78-2|spa|1
|-boost|p2a: rx-78-2|spd|1
|
|-weather|RainDance|[upkeep]
|-heal|p2a: rx-78-2|99/100|[from] item: Leftovers
|upkeep
|turn|27
|
|move|p2a: rx-78-2|Dragon Pulse|p1a: Celebi
|-damage|p1a: Celebi|45/100
|move|p1a: Celebi|Hidden Power|p2a: rx-78-2
|-supereffective|p2a: rx-78-2
|-end|p2a: rx-78-2|Substitute
|
|-weather|RainDance|[upkeep]
|-heal|p2a: rx-78-2|100/100|[from] item: Leftovers
|-heal|p1a: Celebi|51/100|[from] item: Leftovers
|upkeep
|turn|28
|c|☆refsunpersons|please no perish song
|
|move|p2a: rx-78-2|Substitute|p2a: rx-78-2
|-start|p2a: rx-78-2|Substitute
|-damage|p2a: rx-78-2|75/100
|move|p1a: Celebi|Recover|p1a: Celebi
|-heal|p1a: Celebi|100/100
|
|-weather|RainDance|[upkeep]
|-heal|p2a: rx-78-2|82/100|[from] item: Leftovers
|upkeep
|turn|29
|
|switch|p1a: Ferrothorn|Ferrothorn, M|100/100
|move|p2a: rx-78-2|Calm Mind|p2a: rx-78-2
|-boost|p2a: rx-78-2|spa|1
|-boost|p2a: rx-78-2|spd|1
|
|-weather|RainDance|[upkeep]
|-heal|p2a: rx-78-2|88/100|[from] item: Leftovers
|upkeep
|turn|30
|
|move|p2a: rx-78-2|Dragon Pulse|p1a: Ferrothorn
|-resisted|p1a: Ferrothorn
|-damage|p1a: Ferrothorn|66/100
|move|p1a: Ferrothorn|Power Whip|p2a: rx-78-2
|-resisted|p2a: rx-78-2
|-activate|p2a: rx-78-2|Substitute|[damage]
|
|-weather|RainDance|[upkeep]
|-heal|p2a: rx-78-2|94/100|[from] item: Leftovers
|-heal|p1a: Ferrothorn|72/100|[from] item: Leftovers
|upkeep
|turn|31
|
|move|p2a: rx-78-2|Dragon Pulse|p1a: Ferrothorn
|-resisted|p1a: Ferrothorn
|-crit|p1a: Ferrothorn
|-damage|p1a: Ferrothorn|6/100
|move|p1a: Ferrothorn|Power Whip|p2a: rx-78-2|[miss]
|-miss|p1a: Ferrothorn|p2a: rx-78-2
|
|-weather|RainDance|[upkeep]
|-heal|p2a: rx-78-2|99/100|[from] item: Leftovers
|-heal|p1a: Ferrothorn|12/100|[from] item: Leftovers
|upkeep
|turn|32
|
|move|p1a: Ferrothorn|Protect|p1a: Ferrothorn
|-singleturn|p1a: Ferrothorn|Protect
|move|p2a: rx-78-2|Dragon Pulse|p1a: Ferrothorn
|-activate|p1a: Ferrothorn|move: Protect
|
|-weather|RainDance|[upkeep]
|-heal|p2a: rx-78-2|100/100|[from] item: Leftovers
|-heal|p1a: Ferrothorn|18/100|[from] item: Leftovers
|upkeep
|turn|33
|
|switch|p1a: Tentacruel|Tentacruel, M|91/100
|move|p2a: rx-78-2|Dragon Pulse|p1a: Tentacruel
|-damage|p1a: Tentacruel|4/100
|
|-weather|RainDance|[upkeep]
|-heal|p1a: Tentacruel|10/100|[from] ability: Rain Dish
|-heal|p1a: Tentacruel|16/100|[from] item: Black Sludge
|upkeep
|turn|34
|
|move|p1a: Tentacruel|Protect|p1a: Tentacruel
|-singleturn|p1a: Tentacruel|Protect
|move|p2a: rx-78-2|Dragon Pulse|p1a: Tentacruel
|-activate|p1a: Tentacruel|move: Protect
|
|-weather|RainDance|[upkeep]
|-heal|p1a: Tentacruel|22/100|[from] ability: Rain Dish
|-heal|p1a: Tentacruel|29/100|[from] item: Black Sludge
|upkeep
|turn|35
|
|switch|p1a: Ferrothorn|Ferrothorn, M|18/100
|move|p2a: rx-78-2|Dragon Pulse|p1a: Ferrothorn
|-resisted|p1a: Ferrothorn
|-damage|p1a: Ferrothorn|0 fnt
|faint|p1a: Ferrothorn
|
|-weather|RainDance|[upkeep]
|upkeep
|
|switch|p1a: Celebi|Celebi|100/100
|turn|36
|
|move|p2a: rx-78-2|Dragon Pulse|p1a: Celebi
|-damage|p1a: Celebi|35/100
|move|p1a: Celebi|Recover|p1a: Celebi
|-heal|p1a: Celebi|85/100
|
|-weather|RainDance|[upkeep]
|-heal|p1a: Celebi|91/100|[from] item: Leftovers
|upkeep
|turn|37
|
|move|p2a: rx-78-2|Calm Mind|p2a: rx-78-2
|-boost|p2a: rx-78-2|spa|1
|-boost|p2a: rx-78-2|spd|1
|move|p1a: Celebi|Hidden Power|p2a: rx-78-2
|-supereffective|p2a: rx-78-2
|-end|p2a: rx-78-2|Substitute
|
|-weather|RainDance|[upkeep]
|-heal|p1a: Celebi|97/100|[from] item: Leftovers
|upkeep
|turn|38
|
|move|p2a: rx-78-2|Substitute|p2a: rx-78-2
|-start|p2a: rx-78-2|Substitute
|-damage|p2a: rx-78-2|75/100
|move|p1a: Celebi|Hidden Power|p2a: rx-78-2
|-supereffective|p2a: rx-78-2
|-activate|p2a: rx-78-2|Substitute|[damage]
|
|-weather|RainDance|[upkeep]
|-heal|p2a: rx-78-2|82/100|[from] item: Leftovers
|-heal|p1a: Celebi|100/100|[from] item: Leftovers
|upkeep
|turn|39
|
|move|p2a: rx-78-2|Dragon Pulse|p1a: Celebi
|-damage|p1a: Celebi|22/100
|move|p1a: Celebi|Hidden Power|p2a: rx-78-2
|-supereffective|p2a: rx-78-2
|-activate|p2a: rx-78-2|Substitute|[damage]
|
|-weather|RainDance|[upkeep]
|-heal|p2a: rx-78-2|88/100|[from] item: Leftovers
|-heal|p1a: Celebi|28/100|[from] item: Leftovers
|upkeep
|turn|40
|c|☆refsunpersons|gg wp
|
|move|p2a: rx-78-2|Dragon Pulse|p1a: Celebi
|-damage|p1a: Celebi|0 fnt
|faint|p1a: Celebi
|
|-weather|RainDance|[upkeep]
|-heal|p2a: rx-78-2|94/100|[from] item: Leftovers
|upkeep
|
|switch|p1a: Tentacruel|Tentacruel, M|29/100
|turn|41
|
|move|p1a: Tentacruel|Protect|p1a: Tentacruel
|-singleturn|p1a: Tentacruel|Protect
|move|p2a: rx-78-2|Dragon Pulse|p1a: Tentacruel
|-activate|p1a: Tentacruel|move: Protect
|
|-weather|RainDance|[upkeep]
|-heal|p1a: Tentacruel|35/100|[from] ability: Rain Dish
|-heal|p2a: rx-78-2|99/100|[from] item: Leftovers
|-heal|p1a: Tentacruel|41/100|[from] item: Black Sludge
|upkeep
|turn|42
|
|switch|p1a: Politoed|Politoed, M|64/100
|move|p2a: rx-78-2|Dragon Pulse|p1a: Politoed
|-damage|p1a: Politoed|0 fnt
|faint|p1a: Politoed
|
|-weather|RainDance|[upkeep]
|-heal|p2a: rx-78-2|100/100|[from] item: Leftovers
|upkeep
|
|switch|p1a: Terrakion|Terrakion|100/100
|turn|43
|
|move|p2a: rx-78-2|Dragon Pulse|p1a: Terrakion
|-damage|p1a: Terrakion|0 fnt
|faint|p1a: Terrakion
|
|-weather|RainDance|[upkeep]
|upkeep
|l| Susermaru
|-message|The Daisuke forfeited.
|
|win|refsunpersons
|l|☆The Daisuke
|raw|The Daisuke's rating: 1448 &rarr; <strong>1422</strong><br />(-26 for losing)
|raw|refsunpersons's rating: 1341 &rarr; <strong>1367</strong><br />(+26 for winning)
