|j|☆Call me Fouge
|j|☆TriKiwi
|player|p1|Call me Fouge|224
|player|p2|TriKiwi|197
|teamsize|p1|6
|teamsize|p2|6
|gametype|singles
|gen|5
|tier|[Gen 5] OU
|rated|
|rule|Sleep Clause Mod: Limit one foe put to sleep
|rule|Species Clause: Limit one of each Pokémon
|rule|OHKO Clause: OHKO moves are banned
|rule|Moody Clause: Moody is banned
|rule|Evasion Moves Clause: Evasion moves are banned
|rule|Endless Battle Clause: Forcing endless battles is banned
|rule|HP Percentage Mod: HP is shown in percentages
|rule|Evasion Abilities Clause: Evasion abilities are banned
|rule|Baton Pass Clause: Limit one Baton Passer, can't pass Spe and other stats simultaneously
|rule|Swagger Clause: Swagger is banned
|clearpoke
|poke|p1|Magnezone|item
|poke|p1|Salamence, M|item
|poke|p1|Kyurem-Black|item
|poke|p1|Jirachi|item
|poke|p1|Alakazam, M|item
|poke|p1|Garchomp, M|item
|poke|p2|Keldeo-Resolute|item
|poke|p2|Jirachi|item
|poke|p2|Breloom, M|item
|poke|p2|Ferrothorn, M|item
|poke|p2|Politoed, F|item
|poke|p2|Excadrill, M|item
|teampreview
|inactive|Battle timer is ON: inactive players will automatically lose when time's up. (requested by TriKiwi)
|
|start
|switch|p1a: Jirachi|Jirachi|100/100
|switch|p2a: Politoed|Politoed, F, shiny|100/100
|-weather|RainDance|[from] ability: Drizzle|[of] p2a: Politoed
|turn|1
|
|move|p1a: Jirachi|U-turn|p2a: Politoed
|-damage|p2a: Politoed|74/100
|
|switch|p1a: Kyurem|Kyurem-Black|100/100
|-ability|p1a: Kyurem|Teravolt
|move|p2a: Politoed|Scald|p1a: Kyurem
|-resisted|p1a: Kyurem
|-damage|p1a: Kyurem|79/100
|
|-weather|RainDance|[upkeep]
|upkeep
|turn|2
|
|switch|p2a: Ferrothorn|Ferrothorn, M|100/100
|move|p1a: Kyurem|Fusion Bolt|p2a: Ferrothorn
|-resisted|p2a: Ferrothorn
|-damage|p2a: Ferrothorn|76/100
|
|-weather|RainDance|[upkeep]
|upkeep
|turn|3
|
|switch|p1a: Magnezone|Magnezone|100/100
|move|p2a: Ferrothorn|Leech Seed|p1a: Magnezone
|-start|p1a: Magnezone|move: Leech Seed
|
|-weather|RainDance|[upkeep]
|-damage|p1a: Magnezone|88/100|[from] Leech Seed|[of] p2a: Ferrothorn
|-heal|p2a: Ferrothorn|86/100|[silent]
|upkeep
|turn|4
|
|switch|p1a: Kyurem|Kyurem-Black|79/100
|-ability|p1a: Kyurem|Teravolt
|move|p2a: Ferrothorn|Spikes|p1a: Kyurem
|-sidestart|p1: Call me Fouge|Spikes
|
|-weather|RainDance|[upkeep]
|upkeep
|turn|5
|
|move|p1a: Kyurem|Ice Beam|p2a: Ferrothorn
|-damage|p2a: Ferrothorn|66/100
|move|p2a: Ferrothorn|Spikes|p1a: Kyurem
|-sidestart|p1: Call me Fouge|Spikes
|
|-weather|RainDance|[upkeep]
|upkeep
|turn|6
|
|switch|p1a: Magnezone|Magnezone|88/100
|-damage|p1a: Magnezone|71/100|[from] Spikes
|move|p2a: Ferrothorn|Leech Seed|p1a: Magnezone
|-start|p1a: Magnezone|move: Leech Seed
|
|-weather|RainDance|[upkeep]
|-heal|p1a: Magnezone|77/100|[from] item: Leftovers
|-damage|p1a: Magnezone|65/100|[from] Leech Seed|[of] p2a: Ferrothorn
|-heal|p2a: Ferrothorn|76/100|[silent]
|upkeep
|turn|7
|
|switch|p1a: Salamence|Salamence, M|100/100
|move|p2a: Ferrothorn|Spikes|p1a: Salamence
|-sidestart|p1: Call me Fouge|Spikes
|
|-weather|RainDance|[upkeep]
|upkeep
|turn|8
|
|move|p1a: Salamence|Earthquake|p2a: Ferrothorn
|-damage|p2a: Ferrothorn|49/100
|move|p2a: Ferrothorn|Gyro Ball|p1a: Salamence
|-damage|p1a: Salamence|36/100
|
|-weather|RainDance|[upkeep]
|upkeep
|turn|9
|
|switch|p1a: Magnezone|Magnezone|65/100
|-damage|p1a: Magnezone|40/100|[from] Spikes
|move|p2a: Ferrothorn|Leech Seed|p1a: Magnezone
|-start|p1a: Magnezone|move: Leech Seed
|
|-weather|RainDance|[upkeep]
|-heal|p1a: Magnezone|46/100|[from] item: Leftovers
|-damage|p1a: Magnezone|34/100|[from] Leech Seed|[of] p2a: Ferrothorn
|-heal|p2a: Ferrothorn|59/100|[silent]
|upkeep
|turn|10
|-message|Call me Fouge forfeited.
|
|win|TriKiwi
|l|☆Call me Fouge
|raw|Call me Fouge's rating: 1407 &rarr; <strong>1383</strong><br />(-24 for losing)
|raw|TriKiwi's rating: 1337 &rarr; <strong>1361</strong><br />(+24 for winning)
