|j|☆bw lordd moonman
|j|☆leoperi99
|t:|1708191930
|gametype|singles
|player|p1|bw lordd moonman|melony|1504
|player|p2|leoperi99|roxie-masters|1448
|teamsize|p1|6
|teamsize|p2|6
|gen|5
|tier|[Gen 5] OU
|rated|
|rule|Species Clause: Limit one of each Pokémon
|rule|OHKO Clause: OHKO moves are banned
|rule|Moody Clause: Moody is banned
|rule|Evasion Items Clause: Evasion items are banned
|rule|Evasion Moves Clause: Evasion moves are banned
|rule|Endless Battle Clause: Forcing endless battles is banned
|rule|HP Percentage Mod: HP is shown in percentages
|rule|Evasion Abilities Clause: Evasion abilities are banned
|rule|Sleep Moves Clause: Sleep-inducing moves are banned
|rule|Swagger Clause: Swagger is banned
|rule|Baton Pass Stat Clause: No Baton Passer may have a way to boost its stats
|clearpoke
|poke|p1|Skarmory, F|item
|poke|p1|Jellicent, M|item
|poke|p1|Latios, M|item
|poke|p1|Jirachi|item
|poke|p1|Alakazam, M|item
|poke|p1|Garchomp, M|item
|poke|p2|Hippowdon, F|item
|poke|p2|Clefable, M|item
|poke|p2|Bronzong|item
|poke|p2|Skarmory, F|item
|poke|p2|Latios, M|item
|poke|p2|Reuniclus, F|item
|teampreview
|
|t:|1708191944
|start
|switch|p1a: Skarmory|Skarmory, F|100/100
|switch|p2a: Hippowdon|Hippowdon, F, shiny|100/100
|-weather|Sandstorm|[from] ability: Sand Stream|[of] p2a: Hippowdon
|turn|1
|
|t:|1708191949
|move|p1a: Skarmory|Taunt|p2a: Hippowdon
|-start|p2a: Hippowdon|move: Taunt
|cant|p2a: Hippowdon|move: Taunt|Stealth Rock
|
|-weather|Sandstorm|[upkeep]
|upkeep
|turn|2
|
|t:|1708191954
|switch|p2a: Skarmory|Skarmory, F, shiny|100/100
|move|p1a: Skarmory|Stealth Rock|p2a: Skarmory
|-sidestart|p2: leoperi99|move: Stealth Rock
|
|-weather|Sandstorm|[upkeep]
|upkeep
|turn|3
|
|t:|1708191956
|switch|p2a: Clefable|Clefable, M, shiny|100/100
|move|p1a: Skarmory|Taunt|p2a: Clefable
|-start|p2a: Clefable|move: Taunt
|
|-weather|Sandstorm|[upkeep]
|upkeep
|turn|4
|
|t:|1708191958
|move|p1a: Skarmory|Spikes|p2a: Clefable
|-sidestart|p2: leoperi99|Spikes
|move|p2a: Clefable|Knock Off|p1a: Skarmory
|-resisted|p1a: Skarmory
|-damage|p1a: Skarmory|99/100
|-enditem|p1a: Skarmory|Mental Herb|[from] move: Knock Off|[of] p2a: Clefable
|
|-weather|Sandstorm|[upkeep]
|upkeep
|turn|5
|
|t:|1708191962
|move|p1a: Skarmory|Spikes|p2a: Clefable
|-sidestart|p2: leoperi99|Spikes
|move|p2a: Clefable|Seismic Toss|p1a: Skarmory
|-damage|p1a: Skarmory|62/100
|
|-weather|Sandstorm|[upkeep]
|-end|p2a: Clefable|move: Taunt
|upkeep
|turn|6
|
|t:|1708191964
|move|p1a: Skarmory|Taunt|p2a: Clefable
|-start|p2a: Clefable|move: Taunt
|cant|p2a: Clefable|move: Taunt|Thunder Wave
|
|-weather|Sandstorm|[upkeep]
|upkeep
|turn|7
|
|t:|1708191969
|switch|p2a: Skarmory|Skarmory, F, shiny|100/100
|-damage|p2a: Skarmory|88/100|[from] Stealth Rock
|move|p1a: Skarmory|Spikes|p2a: Skarmory
|-sidestart|p2: leoperi99|Spikes
|
|-weather|Sandstorm|[upkeep]
|upkeep
|turn|8
|
|t:|1708191971
|move|p1a: Skarmory|Taunt|p2a: Skarmory
|-start|p2a: Skarmory|move: Taunt
|cant|p2a: Skarmory|move: Taunt|Roost
|
|-weather|Sandstorm|[upkeep]
|upkeep
|turn|9
|
|t:|1708191975
|switch|p2a: Reuniclus|Reuniclus, F, shiny|100/100
|move|p1a: Skarmory|Icy Wind|p2a: Reuniclus
|-damage|p2a: Reuniclus|91/100
|-unboost|p2a: Reuniclus|spe|1
|
|-weather|Sandstorm|[upkeep]
|upkeep
|turn|10
|inactive|Battle timer is ON: inactive players will automatically lose when time's up. (requested by leoperi99)
|
|t:|1708192009
|move|p1a: Skarmory|Taunt|p2a: Reuniclus
|-start|p2a: Reuniclus|move: Taunt
|move|p2a: Reuniclus|Psyshock|p1a: Skarmory
|-resisted|p1a: Skarmory
|-damage|p1a: Skarmory|43/100
|
|-weather|Sandstorm|[upkeep]
|upkeep
|turn|11
|
|t:|1708192019
|move|p1a: Skarmory|Icy Wind|p2a: Reuniclus
|-damage|p2a: Reuniclus|82/100
|-unboost|p2a: Reuniclus|spe|1
|move|p2a: Reuniclus|Signal Beam|p1a: Skarmory
|-resisted|p1a: Skarmory
|-damage|p1a: Skarmory|32/100
|
|-weather|Sandstorm|[upkeep]
|upkeep
|turn|12
|
|t:|1708192021
|move|p1a: Skarmory|Icy Wind|p2a: Reuniclus
|-damage|p2a: Reuniclus|73/100
|-unboost|p2a: Reuniclus|spe|1
|move|p2a: Reuniclus|Psyshock|p1a: Skarmory
|-resisted|p1a: Skarmory
|-damage|p1a: Skarmory|11/100
|
|-weather|Sandstorm|[upkeep]
|-end|p2a: Reuniclus|move: Taunt
|upkeep
|turn|13
|
|t:|1708192025
|move|p1a: Skarmory|Taunt|p2a: Reuniclus
|-start|p2a: Reuniclus|move: Taunt
|move|p2a: Reuniclus|Psyshock|p1a: Skarmory
|-resisted|p1a: Skarmory
|-damage|p1a: Skarmory|0 fnt
|faint|p1a: Skarmory
|
|-weather|Sandstorm|[upkeep]
|upkeep
|
|t:|1708192029
|switch|p1a: Latios|Latios, M|100/100
|turn|14
|
|t:|1708192049
|switch|p2a: Clefable|Clefable, M, shiny|100/100
|move|p1a: Latios|Draco Meteor|p2a: Clefable
|-damage|p2a: Clefable|35/100
|-unboost|p1a: Latios|spa|2
|-damage|p1a: Latios|91/100|[from] item: Life Orb
|
|-weather|Sandstorm|[upkeep]
|-damage|p1a: Latios|85/100|[from] Sandstorm
|-heal|p2a: Clefable|41/100|[from] item: Leftovers
|upkeep
|turn|15
|inactive|leoperi99 has 120 seconds left.
|
|t:|1708192086
|switch|p1a: Jellicent|Jellicent, M|100/100
|-item|p1a: Jellicent|Air Balloon
|move|p2a: Clefable|Soft-Boiled|p2a: Clefable
|-heal|p2a: Clefable|91/100
|
|-weather|Sandstorm|[upkeep]
|-damage|p1a: Jellicent|94/100|[from] Sandstorm
|-heal|p2a: Clefable|97/100|[from] item: Leftovers
|upkeep
|turn|16
|
|t:|1708192091
|move|p1a: Jellicent|Taunt|p2a: Clefable
|-start|p2a: Clefable|move: Taunt
|cant|p2a: Clefable|move: Taunt|Thunder Wave
|
|-weather|Sandstorm|[upkeep]
|-damage|p1a: Jellicent|88/100|[from] Sandstorm
|-heal|p2a: Clefable|100/100|[from] item: Leftovers
|upkeep
|turn|17
|
|t:|1708192094
|move|p1a: Jellicent|Scald|p2a: Clefable
|-damage|p2a: Clefable|79/100
|move|p2a: Clefable|Knock Off|p1a: Jellicent
|-supereffective|p1a: Jellicent
|-damage|p1a: Jellicent|79/100
|-enditem|p1a: Jellicent|Air Balloon
|
|-weather|Sandstorm|[upkeep]
|-damage|p1a: Jellicent|73/100|[from] Sandstorm
|-heal|p2a: Clefable|85/100|[from] item: Leftovers
|upkeep
|turn|18
|
|t:|1708192102
|move|p1a: Jellicent|Scald|p2a: Clefable
|-damage|p2a: Clefable|63/100
|-status|p2a: Clefable|brn
|move|p2a: Clefable|Knock Off|p1a: Jellicent
|-supereffective|p1a: Jellicent
|-damage|p1a: Jellicent|68/100
|
|-weather|Sandstorm|[upkeep]
|-damage|p1a: Jellicent|62/100|[from] Sandstorm
|-heal|p2a: Clefable|69/100 brn|[from] item: Leftovers
|-end|p2a: Clefable|move: Taunt
|upkeep
|turn|19
|
|t:|1708192108
|switch|p2a: Latios|Latios, M, shiny|100/100
|-damage|p2a: Latios|88/100|[from] Stealth Rock
|move|p1a: Jellicent|Taunt|p2a: Latios
|-start|p2a: Latios|move: Taunt
|
|-weather|Sandstorm|[upkeep]
|-damage|p2a: Latios|82/100|[from] Sandstorm
|-damage|p1a: Jellicent|56/100|[from] Sandstorm
|upkeep
|turn|20
|
|t:|1708192119
|switch|p1a: Jirachi|Jirachi|100/100
|move|p2a: Latios|Draco Meteor|p1a: Jirachi
|-resisted|p1a: Jirachi
|-damage|p1a: Jirachi|65/100
|-unboost|p2a: Latios|spa|2
|
|-weather|Sandstorm|[upkeep]
|-damage|p2a: Latios|76/100|[from] Sandstorm
|-heal|p1a: Jirachi|71/100|[from] item: Leftovers
|upkeep
|turn|21
|
|t:|1708192126
|switch|p2a: Skarmory|Skarmory, F, shiny|88/100
|-damage|p2a: Skarmory|76/100|[from] Stealth Rock
|move|p1a: Jirachi|Iron Head|p2a: Skarmory
|-resisted|p2a: Skarmory
|-damage|p2a: Skarmory|67/100
|-damage|p1a: Jirachi|55/100|[from] item: Rocky Helmet|[of] p2a: Skarmory
|
|-weather|Sandstorm|[upkeep]
|-heal|p1a: Jirachi|61/100|[from] item: Leftovers
|upkeep
|turn|22
|
|t:|1708192131
|move|p1a: Jirachi|Hidden Power|p2a: Skarmory
|-supereffective|p2a: Skarmory
|-damage|p2a: Skarmory|8/100
|move|p2a: Skarmory|Roost|p2a: Skarmory
|-heal|p2a: Skarmory|58/100
|-singleturn|p2a: Skarmory|move: Roost
|
|-weather|Sandstorm|[upkeep]
|-heal|p1a: Jirachi|67/100|[from] item: Leftovers
|upkeep
|turn|23
|
|t:|1708192135
|switch|p2a: Hippowdon|Hippowdon, F, shiny|100/100
|-damage|p2a: Hippowdon|94/100|[from] Stealth Rock
|-damage|p2a: Hippowdon|69/100|[from] Spikes
|move|p1a: Jirachi|Hidden Power|p2a: Hippowdon
|-damage|p2a: Hippowdon|53/100
|
|-weather|Sandstorm|[upkeep]
|-heal|p1a: Jirachi|73/100|[from] item: Leftovers
|-heal|p2a: Hippowdon|60/100|[from] item: Leftovers
|upkeep
|turn|24
|
|t:|1708192137
|move|p1a: Jirachi|Energy Ball|p2a: Hippowdon
|-supereffective|p2a: Hippowdon
|-damage|p2a: Hippowdon|29/100
|-unboost|p2a: Hippowdon|spd|1
|move|p2a: Hippowdon|Stealth Rock|p1a: Jirachi
|-sidestart|p1: bw lordd moonman|move: Stealth Rock
|
|-weather|Sandstorm|[upkeep]
|-heal|p1a: Jirachi|79/100|[from] item: Leftovers
|-heal|p2a: Hippowdon|35/100|[from] item: Leftovers
|upkeep
|turn|25
|
|t:|1708192143
|move|p1a: Jirachi|Energy Ball|p2a: Hippowdon
|-supereffective|p2a: Hippowdon
|-damage|p2a: Hippowdon|0 fnt
|faint|p2a: Hippowdon
|
|-weather|Sandstorm|[upkeep]
|-heal|p1a: Jirachi|86/100|[from] item: Leftovers
|upkeep
|
|t:|1708192150
|switch|p2a: Latios|Latios, M, shiny|76/100
|-damage|p2a: Latios|64/100|[from] Stealth Rock
|turn|26
|
|t:|1708192172
|switch|p1a: Garchomp|Garchomp, M|100/100
|-damage|p1a: Garchomp|94/100|[from] Stealth Rock
|move|p2a: Latios|Hidden Power|p1a: Garchomp
|-resisted|p1a: Garchomp
|-damage|p1a: Garchomp|81/100
|
|-weather|Sandstorm|[upkeep]
|-damage|p2a: Latios|58/100|[from] Sandstorm
|upkeep
|turn|27
|inactive|bw lordd moonman has 120 seconds left.
|inactive|leoperi99 has 120 seconds left.
|
|t:|1708192210
|switch|p2a: Skarmory|Skarmory, F, shiny|58/100
|-damage|p2a: Skarmory|46/100|[from] Stealth Rock
|move|p1a: Garchomp|Dual Chop|p2a: Skarmory
|-resisted|p2a: Skarmory
|-damage|p2a: Skarmory|40/100
|-damage|p1a: Garchomp|64/100|[from] item: Rocky Helmet|[of] p2a: Skarmory
|-resisted|p2a: Skarmory
|-damage|p2a: Skarmory|33/100
|-damage|p1a: Garchomp|48/100|[from] item: Rocky Helmet|[of] p2a: Skarmory
|-hitcount|p2a: Skarmory|2
|
|-weather|Sandstorm|[upkeep]
|upkeep
|turn|28
|
|t:|1708192213
|switch|p1a: Jirachi|Jirachi|86/100
|-damage|p1a: Jirachi|79/100|[from] Stealth Rock
|move|p2a: Skarmory|Roost|p2a: Skarmory
|-heal|p2a: Skarmory|83/100
|-singleturn|p2a: Skarmory|move: Roost
|
|-weather|Sandstorm|[upkeep]
|-heal|p1a: Jirachi|86/100|[from] item: Leftovers
|upkeep
|turn|29
|
|t:|1708192221
|switch|p2a: Reuniclus|Reuniclus, F, shiny|73/100
|move|p1a: Jirachi|Hidden Power|p2a: Reuniclus
|-crit|p2a: Reuniclus
|-damage|p2a: Reuniclus|35/100
|
|-weather|Sandstorm|[upkeep]
|-heal|p1a: Jirachi|92/100|[from] item: Leftovers
|upkeep
|turn|30
|
|t:|1708192224
|move|p1a: Jirachi|Iron Head|p2a: Reuniclus
|-damage|p2a: Reuniclus|15/100
|cant|p2a: Reuniclus|flinch
|
|-weather|Sandstorm|[upkeep]
|-heal|p1a: Jirachi|98/100|[from] item: Leftovers
|upkeep
|turn|31
|
|t:|1708192226
|move|p1a: Jirachi|Iron Head|p2a: Reuniclus
|-damage|p2a: Reuniclus|0 fnt
|faint|p2a: Reuniclus
|
|-weather|Sandstorm|[upkeep]
|-heal|p1a: Jirachi|100/100|[from] item: Leftovers
|upkeep
|
|t:|1708192229
|switch|p2a: Latios|Latios, M, shiny|58/100
|-damage|p2a: Latios|46/100|[from] Stealth Rock
|turn|32
|
|t:|1708192233
|move|p2a: Latios|Hidden Power|p1a: Jirachi
|-supereffective|p1a: Jirachi
|-damage|p1a: Jirachi|55/100
|move|p1a: Jirachi|Icy Wind|p2a: Latios
|-supereffective|p2a: Latios
|-damage|p2a: Latios|11/100
|-unboost|p2a: Latios|spe|1
|
|-weather|Sandstorm|[upkeep]
|-damage|p2a: Latios|5/100|[from] Sandstorm
|-heal|p1a: Jirachi|61/100|[from] item: Leftovers
|upkeep
|turn|33
|
|t:|1708192236
|move|p1a: Jirachi|Iron Head|p2a: Latios
|-damage|p2a: Latios|0 fnt
|faint|p2a: Latios
|
|-weather|Sandstorm|[upkeep]
|-heal|p1a: Jirachi|68/100|[from] item: Leftovers
|upkeep
|c|☆leoperi99|ngl i shouldve just eq your jirachi
|c|☆leoperi99|that spdef drop from energy ball though
|c|☆leoperi99|ggs regardless
|c|☆bw lordd moonman|stop crying you misplayed
|-message|leoperi99 forfeited.
|
|win|bw lordd moonman
|raw|bw lordd moonman's rating: 1504 &rarr; <strong>1521</strong><br />(+17 for winning)
|raw|leoperi99's rating: 1448 &rarr; <strong>1431</strong><br />(-17 for losing)
|l|☆leoperi99
|player|p2|
