|j|☆voidheartbw
|j|☆Blossummm
|t:|1749874713
|gametype|singles
|player|p1|voidheartbw|266|1311
|player|p2|Blossummm|roxie|1583
|teamsize|p1|6
|teamsize|p2|6
|gen|5
|tier|[Gen 5] OU
|rated|
|rule|Species Clause: Limit one of each Pokémon
|rule|OHKO Clause: OHKO moves are banned
|rule|Moody Clause: Moody is banned
|rule|Evasion Items Clause: Evasion items are banned
|rule|Evasion Moves Clause: Evasion moves are banned
|rule|Endless Battle Clause: Forcing endless battles is banned
|rule|HP Percentage Mod: HP is shown in percentages
|rule|Evasion Abilities Clause: Evasion abilities are banned
|rule|Sleep Moves Clause: Sleep-inducing moves are banned
|rule|Swagger Clause: Swagger is banned
|rule|Baton Pass Stat Clause: No Baton Passer may have a way to boost its stats
|clearpoke
|poke|p1|Keldeo-Resolute|item
|poke|p1|Tyranitar, F|item
|poke|p1|Excadrill, M|item
|poke|p1|Ferrothorn, M|item
|poke|p1|Landorus-Therian, M|item
|poke|p1|Latios, M|item
|poke|p2|Hippowdon, F|item
|poke|p2|Ferrothorn, M|item
|poke|p2|Latios, M|item
|poke|p2|Excadrill, M|item
|poke|p2|Reuniclus, M|item
|poke|p2|Zapdos|item
|teampreview
|inactive|Battle timer is ON: inactive players will automatically lose when time's up. (requested by voidheartbw)
|
|t:|1749874739
|start
|switch|p1a: Keldeo|Keldeo-Resolute|100/100
|switch|p2a: Zapdos|Zapdos|100/100
|-ability|p2a: Zapdos|Pressure
|turn|1
|
|t:|1749874751
|move|p1a: Keldeo|Scald|p2a: Zapdos
|-damage|p2a: Zapdos|64/100
|move|p2a: Zapdos|Substitute|p2a: Zapdos
|-start|p2a: Zapdos|Substitute
|-damage|p2a: Zapdos|40/100
|
|-heal|p2a: Zapdos|46/100|[from] item: Leftovers
|upkeep
|turn|2
|
|t:|1749874760
|move|p1a: Keldeo|Protect|p1a: Keldeo
|-singleturn|p1a: Keldeo|Protect
|move|p2a: Zapdos|Thunderbolt|p1a: Keldeo
|-activate|p1a: Keldeo|move: Protect
|
|-heal|p2a: Zapdos|52/100|[from] item: Leftovers
|upkeep
|turn|3
|
|t:|1749874765
|switch|p1a: Tyranitar|Tyranitar, F|100/100
|-weather|Sandstorm|[from] ability: Sand Stream|[of] p1a: Tyranitar
|move|p2a: Zapdos|Thunderbolt|p1a: Tyranitar
|-damage|p1a: Tyranitar|83/100
|
|-weather|Sandstorm|[upkeep]
|-damage|p2a: Zapdos|46/100|[from] Sandstorm
|-heal|p2a: Zapdos|52/100|[from] item: Leftovers
|upkeep
|turn|4
|
|t:|1749874773
|move|p2a: Zapdos|Baton Pass|p2a: Zapdos
|
|t:|1749874777
|switch|p2a: Hippowdon|Hippowdon, F|100/100|[from] Baton Pass
|move|p1a: Tyranitar|Crunch|p2a: Hippowdon
|-end|p2a: Hippowdon|Substitute
|
|-weather|Sandstorm|[upkeep]
|upkeep
|turn|5
|
|t:|1749874781
|switch|p1a: Keldeo|Keldeo-Resolute|100/100
|move|p2a: Hippowdon|Stealth Rock|p1a: Keldeo
|-sidestart|p1: voidheartbw|move: Stealth Rock
|
|-weather|Sandstorm|[upkeep]
|-damage|p1a: Keldeo|94/100|[from] Sandstorm
|-heal|p1a: Keldeo|100/100|[from] item: Leftovers
|upkeep
|turn|6
|j| lily blooming
|inactive|Blossummm has 120 seconds left.
|
|t:|1749874812
|switch|p2a: Reuniclus|Reuniclus, M|100/100
|move|p1a: Keldeo|Scald|p2a: Reuniclus
|-damage|p2a: Reuniclus|61/100
|
|-weather|Sandstorm|[upkeep]
|-damage|p1a: Keldeo|94/100|[from] Sandstorm
|-heal|p1a: Keldeo|100/100|[from] item: Leftovers
|-heal|p2a: Reuniclus|67/100|[from] item: Leftovers
|upkeep
|turn|7
|inactive|Blossummm has 120 seconds left.
|
|t:|1749874823
|switch|p1a: Tyranitar|Tyranitar, F|83/100
|-damage|p1a: Tyranitar|71/100|[from] Stealth Rock
|move|p2a: Reuniclus|Calm Mind|p2a: Reuniclus
|-boost|p2a: Reuniclus|spa|1
|-boost|p2a: Reuniclus|spd|1
|
|-weather|Sandstorm|[upkeep]
|-heal|p2a: Reuniclus|73/100|[from] item: Leftovers
|upkeep
|turn|8
|
|t:|1749874827
|move|p1a: Tyranitar|Crunch|p2a: Reuniclus
|-supereffective|p2a: Reuniclus
|-damage|p2a: Reuniclus|11/100
|move|p2a: Reuniclus|Focus Blast|p1a: Tyranitar
|-supereffective|p1a: Tyranitar
|-enditem|p1a: Tyranitar|Chople Berry|[eat]
|-enditem|p1a: Tyranitar|Chople Berry|[weaken]
|-damage|p1a: Tyranitar|28/100
|
|-weather|Sandstorm|[upkeep]
|-heal|p2a: Reuniclus|17/100|[from] item: Leftovers
|upkeep
|turn|9
|
|t:|1749874836
|move|p1a: Tyranitar|Pursuit|p2a: Reuniclus
|-supereffective|p2a: Reuniclus
|-damage|p2a: Reuniclus|0 fnt
|faint|p2a: Reuniclus
|
|-weather|Sandstorm|[upkeep]
|upkeep
|inactive|Blossummm has 120 seconds left.
|
|t:|1749874852
|switch|p2a: Zapdos|Zapdos|52/100
|-ability|p2a: Zapdos|Pressure
|turn|10
|inactive|Blossummm has 120 seconds left.
|
|t:|1749874864
|move|p2a: Zapdos|Thunderbolt|p1a: Tyranitar
|-damage|p1a: Tyranitar|9/100
|-status|p1a: Tyranitar|par
|move|p1a: Tyranitar|Crunch|p2a: Zapdos
|-damage|p2a: Zapdos|20/100
|
|-weather|Sandstorm|[upkeep]
|-damage|p2a: Zapdos|14/100|[from] Sandstorm
|-heal|p2a: Zapdos|20/100|[from] item: Leftovers
|upkeep
|turn|11
|
|t:|1749874871
|move|p2a: Zapdos|Thunderbolt|p1a: Tyranitar
|-damage|p1a: Tyranitar|0 fnt
|faint|p1a: Tyranitar
|
|-weather|Sandstorm|[upkeep]
|-damage|p2a: Zapdos|14/100|[from] Sandstorm
|-heal|p2a: Zapdos|20/100|[from] item: Leftovers
|upkeep
|
|t:|1749874875
|switch|p1a: Keldeo|Keldeo-Resolute|100/100
|-damage|p1a: Keldeo|94/100|[from] Stealth Rock
|turn|12
|
|t:|1749874881
|move|p1a: Keldeo|Scald|p2a: Zapdos
|-damage|p2a: Zapdos|0 fnt
|faint|p2a: Zapdos
|
|-weather|Sandstorm|[upkeep]
|-damage|p1a: Keldeo|88/100|[from] Sandstorm
|-heal|p1a: Keldeo|94/100|[from] item: Leftovers
|upkeep
|
|t:|1749874883
|switch|p2a: Ferrothorn|Ferrothorn, M|100/100
|turn|13
|
|t:|1749874890
|move|p1a: Keldeo|Secret Sword|p2a: Ferrothorn
|-supereffective|p2a: Ferrothorn
|-damage|p2a: Ferrothorn|39/100
|move|p2a: Ferrothorn|Power Whip|p1a: Keldeo
|-supereffective|p1a: Keldeo
|-damage|p1a: Keldeo|0 fnt
|faint|p1a: Keldeo
|
|-weather|Sandstorm|[upkeep]
|-heal|p2a: Ferrothorn|45/100|[from] item: Leftovers
|upkeep
|
|t:|1749874900
|switch|p1a: Excadrill|Excadrill, M|100/100
|-damage|p1a: Excadrill|97/100|[from] Stealth Rock
|turn|14
|
|t:|1749874904
|move|p1a: Excadrill|Earthquake|p2a: Ferrothorn
|-damage|p2a: Ferrothorn|0 fnt
|faint|p2a: Ferrothorn
|
|-weather|Sandstorm|[upkeep]
|upkeep
|
|t:|1749874931
|switch|p2a: Latios|Latios, M|100/100
|turn|15
|
|t:|1749874936
|switch|p1a: Ferrothorn|Ferrothorn, M|100/100
|-damage|p1a: Ferrothorn|95/100|[from] Stealth Rock
|move|p2a: Latios|Draco Meteor|p1a: Ferrothorn
|-resisted|p1a: Ferrothorn
|-damage|p1a: Ferrothorn|58/100
|-unboost|p2a: Latios|spa|2
|
|-weather|Sandstorm|[upkeep]
|-damage|p2a: Latios|95/100|[from] Sandstorm
|-heal|p1a: Ferrothorn|64/100|[from] item: Leftovers
|upkeep
|turn|16
|
|t:|1749874944
|switch|p2a: Excadrill|Excadrill, M|100/100
|move|p1a: Ferrothorn|Knock Off|p2a: Excadrill
|-resisted|p2a: Excadrill
|-damage|p2a: Excadrill|97/100
|-enditem|p2a: Excadrill|Choice Scarf|[from] move: Knock Off|[of] p1a: Ferrothorn
|
|-weather|Sandstorm|[upkeep]
|-heal|p1a: Ferrothorn|70/100|[from] item: Leftovers
|upkeep
|turn|17
|
|t:|1749874953
|switch|p2a: Latios|Latios, M|95/100
|switch|p1a: Landorus|Landorus-Therian, M|100/100
|-damage|p1a: Landorus|88/100|[from] Stealth Rock
|-ability|p1a: Landorus|Intimidate|boost
|-unboost|p2a: Latios|atk|1
|
|-weather|Sandstorm|[upkeep]
|-damage|p2a: Latios|89/100|[from] Sandstorm
|-heal|p1a: Landorus|94/100|[from] item: Leftovers
|upkeep
|turn|18
|
|t:|1749874962
|switch|p1a: Ferrothorn|Ferrothorn, M|70/100
|-damage|p1a: Ferrothorn|64/100|[from] Stealth Rock
|move|p2a: Latios|Draco Meteor|p1a: Ferrothorn
|-resisted|p1a: Ferrothorn
|-damage|p1a: Ferrothorn|29/100
|-unboost|p2a: Latios|spa|2
|
|-weather|Sandstorm|[upkeep]
|-damage|p2a: Latios|83/100|[from] Sandstorm
|-heal|p1a: Ferrothorn|35/100|[from] item: Leftovers
|upkeep
|turn|19
|
|t:|1749874972
|switch|p2a: Excadrill|Excadrill, M|97/100
|switch|p1a: Landorus|Landorus-Therian, M|94/100
|-damage|p1a: Landorus|82/100|[from] Stealth Rock
|-ability|p1a: Landorus|Intimidate|boost
|-unboost|p2a: Excadrill|atk|1
|
|-weather|Sandstorm|[upkeep]
|-heal|p1a: Landorus|88/100|[from] item: Leftovers
|upkeep
|turn|20
|
|t:|1749874978
|switch|p2a: Hippowdon|Hippowdon, F|100/100
|move|p1a: Landorus|U-turn|p2a: Hippowdon
|-damage|p2a: Hippowdon|85/100
|
|t:|1749874981
|switch|p1a: Latios|Latios, M|100/100|[from] U-turn
|-damage|p1a: Latios|88/100|[from] Stealth Rock
|
|-weather|Sandstorm|[upkeep]
|-damage|p1a: Latios|82/100|[from] Sandstorm
|-heal|p2a: Hippowdon|91/100|[from] item: Leftovers
|upkeep
|turn|21
|
|t:|1749874994
|move|p1a: Latios|Surf|p2a: Hippowdon
|-supereffective|p2a: Hippowdon
|-damage|p2a: Hippowdon|17/100
|move|p2a: Hippowdon|Slack Off|p2a: Hippowdon
|-heal|p2a: Hippowdon|67/100
|
|-weather|Sandstorm|[upkeep]
|-damage|p1a: Latios|76/100|[from] Sandstorm
|-heal|p2a: Hippowdon|73/100|[from] item: Leftovers
|upkeep
|turn|22
|
|t:|1749875004
|switch|p2a: Latios|Latios, M|83/100
|move|p1a: Latios|Surf|p2a: Latios
|-resisted|p2a: Latios
|-damage|p2a: Latios|56/100
|
|-weather|Sandstorm|[upkeep]
|-damage|p2a: Latios|50/100|[from] Sandstorm
|-damage|p1a: Latios|70/100|[from] Sandstorm
|upkeep
|turn|23
|
|t:|1749875012
|switch|p1a: Excadrill|Excadrill, M|97/100
|-damage|p1a: Excadrill|94/100|[from] Stealth Rock
|move|p2a: Latios|Dragon Pulse|p1a: Excadrill
|-resisted|p1a: Excadrill
|-damage|p1a: Excadrill|50/100
|
|-weather|Sandstorm|[upkeep]
|-damage|p2a: Latios|44/100|[from] Sandstorm
|upkeep
|turn|24
|
|t:|1749875019
|switch|p2a: Hippowdon|Hippowdon, F|73/100
|move|p1a: Excadrill|Iron Head|p2a: Hippowdon
|-damage|p2a: Hippowdon|33/100
|
|-weather|Sandstorm|[upkeep]
|-heal|p2a: Hippowdon|39/100|[from] item: Leftovers
|upkeep
|turn|25
|
|t:|1749875027
|switch|p2a: Excadrill|Excadrill, M|97/100
|move|p1a: Excadrill|Iron Head|p2a: Excadrill
|-resisted|p2a: Excadrill
|-damage|p2a: Excadrill|51/100
|
|-weather|Sandstorm|[upkeep]
|upkeep
|turn|26
|
|t:|1749875037
|switch|p1a: Ferrothorn|Ferrothorn, M|35/100
|-damage|p1a: Ferrothorn|29/100|[from] Stealth Rock
|move|p2a: Excadrill|Iron Head|p1a: Ferrothorn
|-resisted|p1a: Ferrothorn
|-damage|p1a: Ferrothorn|8/100
|-damage|p2a: Excadrill|39/100|[from] ability: Iron Barbs|[of] p1a: Ferrothorn
|
|-weather|Sandstorm|[upkeep]
|-heal|p1a: Ferrothorn|14/100|[from] item: Leftovers
|upkeep
|turn|27
|
|t:|1749875066
|switch|p2a: Hippowdon|Hippowdon, F|39/100
|move|p1a: Ferrothorn|Power Whip|p2a: Hippowdon|[miss]
|-miss|p1a: Ferrothorn|p2a: Hippowdon
|
|-weather|Sandstorm|[upkeep]
|-heal|p2a: Hippowdon|45/100|[from] item: Leftovers
|-heal|p1a: Ferrothorn|20/100|[from] item: Leftovers
|upkeep
|turn|28
|
|t:|1749875071
|move|p2a: Hippowdon|Slack Off|p2a: Hippowdon
|-heal|p2a: Hippowdon|95/100
|move|p1a: Ferrothorn|Power Whip|p2a: Hippowdon
|-supereffective|p2a: Hippowdon
|-damage|p2a: Hippowdon|50/100
|
|-weather|Sandstorm|[upkeep]
|-heal|p2a: Hippowdon|56/100|[from] item: Leftovers
|-heal|p1a: Ferrothorn|26/100|[from] item: Leftovers
|upkeep
|turn|29
|
|t:|1749875080
|switch|p2a: Latios|Latios, M|44/100
|move|p1a: Ferrothorn|Knock Off|p2a: Latios
|-supereffective|p2a: Latios
|-damage|p2a: Latios|31/100
|-enditem|p2a: Latios|Choice Specs|[from] move: Knock Off|[of] p1a: Ferrothorn
|
|-weather|Sandstorm|[upkeep]
|-damage|p2a: Latios|25/100|[from] Sandstorm
|-heal|p1a: Ferrothorn|32/100|[from] item: Leftovers
|upkeep
|turn|30
|
|t:|1749875086
|move|p2a: Latios|Draco Meteor|p1a: Ferrothorn
|-resisted|p1a: Ferrothorn
|-damage|p1a: Ferrothorn|5/100
|-unboost|p2a: Latios|spa|2
|move|p1a: Ferrothorn|Gyro Ball|p2a: Latios
|-damage|p2a: Latios|0 fnt
|faint|p2a: Latios
|
|-weather|Sandstorm|[upkeep]
|-heal|p1a: Ferrothorn|11/100|[from] item: Leftovers
|upkeep
|
|t:|1749875107
|switch|p2a: Excadrill|Excadrill, M|39/100
|turn|31
|
|t:|1749875113
|move|p2a: Excadrill|Earthquake|p1a: Ferrothorn
|-damage|p1a: Ferrothorn|0 fnt
|faint|p1a: Ferrothorn
|
|-weather|Sandstorm|[upkeep]
|upkeep
|
|t:|1749875114
|switch|p1a: Excadrill|Excadrill, M|50/100
|-damage|p1a: Excadrill|47/100|[from] Stealth Rock
|turn|32
|
|t:|1749875119
|move|p1a: Excadrill|Iron Head|p2a: Excadrill
|-resisted|p2a: Excadrill
|-damage|p2a: Excadrill|0 fnt
|faint|p2a: Excadrill
|
|-weather|Sandstorm|[upkeep]
|upkeep
|
|t:|1749875122
|switch|p2a: Hippowdon|Hippowdon, F|56/100
|turn|33
|
|t:|1749875127
|move|p1a: Excadrill|Iron Head|p2a: Hippowdon
|-damage|p2a: Hippowdon|21/100
|move|p2a: Hippowdon|Slack Off|p2a: Hippowdon
|-heal|p2a: Hippowdon|71/100
|
|-weather|Sandstorm|[upkeep]
|-heal|p2a: Hippowdon|78/100|[from] item: Leftovers
|upkeep
|turn|34
|
|t:|1749875132
|move|p1a: Excadrill|Iron Head|p2a: Hippowdon
|-damage|p2a: Hippowdon|38/100
|move|p2a: Hippowdon|Slack Off|p2a: Hippowdon
|-heal|p2a: Hippowdon|88/100
|
|-weather|Sandstorm|[upkeep]
|-heal|p2a: Hippowdon|94/100|[from] item: Leftovers
|upkeep
|turn|35
|
|t:|1749875145
|move|p1a: Excadrill|Iron Head|p2a: Hippowdon
|-damage|p2a: Hippowdon|57/100
|move|p2a: Hippowdon|Slack Off|p2a: Hippowdon
|-heal|p2a: Hippowdon|100/100
|
|-weather|Sandstorm|[upkeep]
|upkeep
|turn|36
|
|t:|1749875152
|move|p1a: Excadrill|Iron Head|p2a: Hippowdon
|-crit|p2a: Hippowdon
|-damage|p2a: Hippowdon|27/100
|move|p2a: Hippowdon|Earthquake|p1a: Excadrill
|-supereffective|p1a: Excadrill
|-damage|p1a: Excadrill|0 fnt
|faint|p1a: Excadrill
|
|-weather|Sandstorm|[upkeep]
|-heal|p2a: Hippowdon|33/100|[from] item: Leftovers
|upkeep
|
|t:|1749875156
|switch|p1a: Latios|Latios, M|70/100
|-damage|p1a: Latios|58/100|[from] Stealth Rock
|turn|37
|
|t:|1749875160
|move|p1a: Latios|Trick|p2a: Hippowdon
|-activate|p1a: Latios|move: Trick|[of] p2a: Hippowdon
|-item|p2a: Hippowdon|Choice Specs|[from] move: Trick
|-item|p1a: Latios|Leftovers|[from] move: Trick
|move|p2a: Hippowdon|Whirlwind|p1a: Latios
|drag|p1a: Landorus|Landorus-Therian, M|88/100
|-damage|p1a: Landorus|76/100|[from] Stealth Rock
|-ability|p1a: Landorus|Intimidate|boost
|-unboost|p2a: Hippowdon|atk|1
|
|-weather|Sandstorm|[upkeep]
|-heal|p1a: Landorus|82/100|[from] item: Leftovers
|upkeep
|turn|38
|
|t:|1749875173
|move|p1a: Landorus|Stealth Rock|p2a: Hippowdon
|-sidestart|p2: Blossummm|move: Stealth Rock
|move|p2a: Hippowdon|Whirlwind|p1a: Landorus
|drag|p1a: Latios|Latios, M|58/100
|-damage|p1a: Latios|46/100|[from] Stealth Rock
|
|-weather|Sandstorm|[upkeep]
|-damage|p1a: Latios|40/100|[from] Sandstorm
|-heal|p1a: Latios|46/100|[from] item: Leftovers
|upkeep
|turn|39
|
|t:|1749875186
|move|p1a: Latios|Roost|p1a: Latios
|-heal|p1a: Latios|96/100
|-singleturn|p1a: Latios|move: Roost
|move|p2a: Hippowdon|Whirlwind|p1a: Latios
|drag|p1a: Landorus|Landorus-Therian, M|82/100
|-damage|p1a: Landorus|69/100|[from] Stealth Rock
|-ability|p1a: Landorus|Intimidate|boost
|-unboost|p2a: Hippowdon|atk|1
|
|-weather|Sandstorm|[upkeep]
|-heal|p1a: Landorus|75/100|[from] item: Leftovers
|upkeep
|turn|40
|
|t:|1749875198
|move|p1a: Landorus|Earthquake|p2a: Hippowdon
|-damage|p2a: Hippowdon|4/100
|move|p2a: Hippowdon|Whirlwind|p1a: Landorus
|drag|p1a: Latios|Latios, M|96/100
|-damage|p1a: Latios|84/100|[from] Stealth Rock
|
|-weather|Sandstorm|[upkeep]
|-damage|p1a: Latios|78/100|[from] Sandstorm
|-heal|p1a: Latios|84/100|[from] item: Leftovers
|upkeep
|turn|41
|
|t:|1749875201
|move|p1a: Latios|Draco Meteor|p2a: Hippowdon
|-damage|p2a: Hippowdon|0 fnt
|-unboost|p1a: Latios|spa|2
|faint|p2a: Hippowdon
|
|win|voidheartbw
|raw|voidheartbw's rating: 1311 &rarr; <strong>1344</strong><br />(+33 for winning)
|raw|Blossummm's rating: 1583 &rarr; <strong>1550</strong><br />(-33 for losing)
|c|☆Blossummm|gg
|c|☆voidheartbw|gg
|l|☆Blossummm
|player|p2|
|l|☆voidheartbw
|player|p1|
|l| lily blooming
|j|☆Blossummm
|player|p2|Blossummm|roxie|
|l|☆Blossummm
|player|p2|
|j| lily blooming
|j|☆Blossummm
|player|p2|Blossummm|roxie|
