|j|☆qingruo
|j|☆Tangyz
|t:|1743570442
|gametype|singles
|player|p1|qingruo|red|1375
|player|p2|Tangyz|shadowtriad|1437
|teamsize|p1|6
|teamsize|p2|6
|gen|5
|tier|[Gen 5] OU
|rated|
|rule|Species Clause: Limit one of each Pokémon
|rule|OHKO Clause: OHKO moves are banned
|rule|Moody Clause: Moody is banned
|rule|Evasion Items Clause: Evasion items are banned
|rule|Evasion Moves Clause: Evasion moves are banned
|rule|Endless Battle Clause: Forcing endless battles is banned
|rule|HP Percentage Mod: HP is shown in percentages
|rule|Evasion Abilities Clause: Evasion abilities are banned
|rule|Sleep Moves Clause: Sleep-inducing moves are banned
|rule|Swagger Clause: Swagger is banned
|rule|Baton Pass Stat Clause: No Baton Passer may have a way to boost its stats
|clearpoke
|poke|p1|Kyurem|item
|poke|p1|Magnezone|item
|poke|p1|Scizor, M|item
|poke|p1|Starmie|item
|poke|p1|Salamence, F|item
|poke|p1|Landorus-Therian, M|item
|poke|p2|Politoed, M|item
|poke|p2|Latios, M|item
|poke|p2|Ferrothorn, F|item
|poke|p2|Keldeo|item
|poke|p2|Excadrill, F|item
|poke|p2|Thundurus-Therian, M|item
|teampreview
|inactive|Battle timer is ON: inactive players will automatically lose when time's up. (requested by Tangyz)
|
|t:|1743570456
|start
|switch|p1a: 冰！|Kyurem|100/100
|switch|p2a: Ferrothorn|Ferrothorn, F|100/100
|-ability|p1a: 冰！|Pressure
|turn|1
|
|t:|1743570478
|switch|p2a: Politoed|Politoed, M, shiny|100/100
|-weather|RainDance|[from] ability: Drizzle|[of] p2a: Politoed
|move|p1a: 冰！|Ice Beam|p2a: Politoed
|-resisted|p2a: Politoed
|-damage|p2a: Politoed|58/100
|
|-weather|RainDance|[upkeep]
|upkeep
|turn|2
|
|t:|1743570485
|move|p1a: 冰！|Ice Beam|p2a: Politoed
|-resisted|p2a: Politoed
|-damage|p2a: Politoed|16/100
|move|p2a: Politoed|Focus Blast|p1a: 冰！
|-supereffective|p1a: 冰！
|-crit|p1a: 冰！
|-damage|p1a: 冰！|0 fnt
|faint|p1a: 冰！
|
|-weather|RainDance|[upkeep]
|upkeep
|
|t:|1743570497
|switch|p1a: 报废|Salamence, F|100/100
|turn|3
|
|t:|1743570507
|switch|p2a: Ferrothorn|Ferrothorn, F|100/100
|move|p1a: 报废|Earthquake|p2a: Ferrothorn
|-damage|p2a: Ferrothorn|73/100
|
|-weather|RainDance|[upkeep]
|-heal|p2a: Ferrothorn|79/100|[from] item: Leftovers
|upkeep
|turn|4
|
|t:|1743570535
|switch|p1a: 磁铁|Magnezone|100/100
|switch|p2a: Thundurus|Thundurus-Therian, M, shiny|100/100
|
|-weather|RainDance|[upkeep]
|upkeep
|turn|5
|
|t:|1743570556
|switch|p1a: 海星|Starmie|100/100
|move|p2a: Thundurus|Substitute|p2a: Thundurus
|-start|p2a: Thundurus|Substitute
|-damage|p2a: Thundurus|76/100
|
|-weather|RainDance|[upkeep]
|-heal|p2a: Thundurus|82/100|[from] item: Leftovers
|upkeep
|turn|6
|
|t:|1743570559
|move|p1a: 海星|Surf|p2a: Thundurus
|-end|p2a: Thundurus|Substitute
|move|p2a: Thundurus|Thunder|p1a: 海星
|-supereffective|p1a: 海星
|-damage|p1a: 海星|0 fnt
|faint|p1a: 海星
|
|-weather|RainDance|[upkeep]
|-heal|p2a: Thundurus|88/100|[from] item: Leftovers
|upkeep
|
|t:|1743570561
|switch|p1a: 报废|Salamence, F|100/100
|turn|7
|
|t:|1743570569
|move|p1a: 报废|Stone Edge|p2a: Thundurus
|-supereffective|p2a: Thundurus
|-damage|p2a: Thundurus|0 fnt
|faint|p2a: Thundurus
|-ability|p1a: 报废|Moxie|boost
|-boost|p1a: 报废|atk|1
|
|-weather|RainDance|[upkeep]
|upkeep
|
|t:|1743570574
|switch|p2a: Excadrill|Excadrill, F|100/100
|-ability|p2a: Excadrill|Mold Breaker
|turn|8
|
|t:|1743570584
|switch|p1a: 土猫|Landorus-Therian, M|100/100
|-ability|p1a: 土猫|Intimidate|boost
|-unboost|p2a: Excadrill|atk|1
|move|p2a: Excadrill|Protect||[still]
|-fail|p2a: Excadrill
|
|-weather|RainDance|[upkeep]
|upkeep
|turn|9
|j| nb41st
|l| nb41st
|
|t:|1743570598
|switch|p2a: Ferrothorn|Ferrothorn, F|79/100
|move|p1a: 土猫|U-turn|p2a: Ferrothorn
|-damage|p2a: Ferrothorn|61/100
|-damage|p1a: 土猫|88/100|[from] ability: Iron Barbs|[of] p2a: Ferrothorn
|
|t:|1743570601
|switch|p1a: 磁铁|Magnezone|100/100|[from] U-turn
|
|-weather|RainDance|[upkeep]
|-heal|p2a: Ferrothorn|68/100|[from] item: Leftovers
|upkeep
|turn|10
|
|t:|1743570603
|move|p1a: 磁铁|Hidden Power|p2a: Ferrothorn
|-supereffective|p2a: Ferrothorn
|-damage|p2a: Ferrothorn|36/100
|move|p2a: Ferrothorn|Stealth Rock|p1a: 磁铁
|-sidestart|p1: qingruo|move: Stealth Rock
|
|-weather|RainDance|[upkeep]
|-heal|p2a: Ferrothorn|42/100|[from] item: Leftovers
|upkeep
|turn|11
|
|t:|1743570611
|move|p1a: 磁铁|Hidden Power|p2a: Ferrothorn
|-supereffective|p2a: Ferrothorn
|-damage|p2a: Ferrothorn|10/100
|move|p2a: Ferrothorn|Knock Off|p1a: 磁铁
|-resisted|p1a: 磁铁
|-damage|p1a: 磁铁|99/100
|-enditem|p1a: 磁铁|Chople Berry|[from] move: Knock Off|[of] p2a: Ferrothorn
|
|-weather|RainDance|[upkeep]
|-heal|p2a: Ferrothorn|16/100|[from] item: Leftovers
|upkeep
|turn|12
|
|t:|1743570615
|move|p1a: 磁铁|Hidden Power|p2a: Ferrothorn
|-supereffective|p2a: Ferrothorn
|-damage|p2a: Ferrothorn|0 fnt
|faint|p2a: Ferrothorn
|
|-weather|RainDance|[upkeep]
|upkeep
|
|t:|1743570618
|switch|p2a: Excadrill|Excadrill, F|100/100
|-ability|p2a: Excadrill|Mold Breaker
|turn|13
|
|t:|1743570623
|move|p2a: Excadrill|Toxic|p1a: 磁铁
|-immune|p1a: 磁铁
|move|p1a: 磁铁|Thunder Wave|p2a: Excadrill
|-immune|p2a: Excadrill
|
|-weather|RainDance|[upkeep]
|upkeep
|turn|14
|
|t:|1743570629
|switch|p1a: 土猫|Landorus-Therian, M|88/100
|-damage|p1a: 土猫|76/100|[from] Stealth Rock
|-ability|p1a: 土猫|Intimidate|boost
|-unboost|p2a: Excadrill|atk|1
|move|p2a: Excadrill|Toxic|p1a: 土猫
|-status|p1a: 土猫|tox
|
|-weather|RainDance|[upkeep]
|-heal|p1a: 土猫|82/100 tox|[from] item: Leftovers
|-damage|p1a: 土猫|76/100 tox|[from] psn
|upkeep
|turn|15
|
|t:|1743570637
|move|p2a: Excadrill|Protect|p2a: Excadrill
|-singleturn|p2a: Excadrill|Protect
|move|p1a: 土猫|Earthquake|p2a: Excadrill
|-activate|p2a: Excadrill|move: Protect
|
|-weather|RainDance|[upkeep]
|-heal|p1a: 土猫|82/100 tox|[from] item: Leftovers
|-damage|p1a: 土猫|70/100 tox|[from] psn
|upkeep
|turn|16
|
|t:|1743570654
|switch|p2a: Politoed|Politoed, M, shiny|16/100
|move|p1a: 土猫|Earthquake|p2a: Politoed
|-damage|p2a: Politoed|0 fnt
|faint|p2a: Politoed
|
|-weather|RainDance|[upkeep]
|-heal|p1a: 土猫|76/100 tox|[from] item: Leftovers
|-damage|p1a: 土猫|58/100 tox|[from] psn
|upkeep
|
|t:|1743570673
|switch|p2a: Keldeo|Keldeo|100/100
|turn|17
|
|t:|1743570677
|move|p2a: Keldeo|Surf|p1a: 土猫
|-supereffective|p1a: 土猫
|-damage|p1a: 土猫|0 fnt
|faint|p1a: 土猫
|
|-weather|RainDance|[upkeep]
|upkeep
|
|t:|1743570681
|switch|p1a: 磁铁|Magnezone|99/100
|-damage|p1a: 磁铁|93/100|[from] Stealth Rock
|turn|18
|
|t:|1743570692
|move|p2a: Keldeo|Surf|p1a: 磁铁
|-damage|p1a: 磁铁|15/100
|move|p1a: 磁铁|Hidden Power|p2a: Keldeo
|-resisted|p2a: Keldeo
|-damage|p2a: Keldeo|93/100
|
|-weather|RainDance|[upkeep]
|upkeep
|turn|19
|
|t:|1743570697
|move|p2a: Keldeo|Surf|p1a: 磁铁
|-damage|p1a: 磁铁|0 fnt
|faint|p1a: 磁铁
|
|-weather|RainDance|[upkeep]
|upkeep
|
|t:|1743570698
|switch|p1a: 报废|Salamence, F|100/100
|-damage|p1a: 报废|76/100|[from] Stealth Rock
|turn|20
|
|t:|1743570709
|switch|p2a: Excadrill|Excadrill, F|100/100
|-ability|p2a: Excadrill|Mold Breaker
|move|p1a: 报废|Earthquake|p2a: Excadrill
|-supereffective|p2a: Excadrill
|-damage|p2a: Excadrill|0 fnt
|faint|p2a: Excadrill
|-ability|p1a: 报废|Moxie|boost
|-boost|p1a: 报废|atk|1
|
|-weather|RainDance|[upkeep]
|upkeep
|
|t:|1743570714
|switch|p2a: Latios|Latios, M, shiny|100/100
|turn|21
|
|t:|1743570721
|switch|p1a: 螳螂兄|Scizor, M|100/100
|-damage|p1a: 螳螂兄|88/100|[from] Stealth Rock
|move|p2a: Latios|Surf|p1a: 螳螂兄
|-damage|p1a: 螳螂兄|0 fnt
|faint|p1a: 螳螂兄
|
|-weather|RainDance|[upkeep]
|upkeep
|
|t:|1743570723
|switch|p1a: 报废|Salamence, F|76/100
|-damage|p1a: 报废|51/100|[from] Stealth Rock
|turn|22
|
|t:|1743570725
|move|p1a: 报废|Outrage|p2a: Latios
|-supereffective|p2a: Latios
|-damage|p2a: Latios|0 fnt
|faint|p2a: Latios
|-ability|p1a: 报废|Moxie|boost
|-boost|p1a: 报废|atk|1
|
|-weather|RainDance|[upkeep]
|upkeep
|
|t:|1743570726
|switch|p2a: Keldeo|Keldeo|93/100
|turn|23
|
|t:|1743570728
|move|p2a: Keldeo|Hidden Power|p1a: 报废
|-supereffective|p1a: 报废
|-damage|p1a: 报废|0 fnt
|faint|p1a: 报废
|
|win|Tangyz
|raw|qingruo's rating: 1375 &rarr; <strong>1359</strong><br />(-16 for losing)
|raw|Tangyz's rating: 1437 &rarr; <strong>1453</strong><br />(+16 for winning)
|l|☆qingruo
|player|p1|
