|j|☆Coronet077
|j|☆XP3R1
|t:|1705025566
|gametype|singles
|player|p1|Coronet077|265|1404
|player|p2|XP3R1|ghetsis|1380
|teamsize|p1|6
|teamsize|p2|6
|gen|5
|tier|[Gen 5] OU
|rated|
|rule|Species Clause: Limit one of each Pokémon
|rule|OHKO Clause: OHKO moves are banned
|rule|Moody Clause: Moody is banned
|rule|Evasion Items Clause: Evasion items are banned
|rule|Evasion Moves Clause: Evasion moves are banned
|rule|Endless Battle Clause: Forcing endless battles is banned
|rule|HP Percentage Mod: HP is shown in percentages
|rule|Evasion Abilities Clause: Evasion abilities are banned
|rule|Sleep Moves Clause: Sleep-inducing moves are banned
|rule|Swagger Clause: Swagger is banned
|rule|Baton Pass Stat Clause: No Baton Passer may have a way to boost its stats
|clearpoke
|poke|p1|Politoed, F|item
|poke|p1|Ferrothorn, M|item
|poke|p1|Tentacruel, M|item
|poke|p1|Latios, M|item
|poke|p1|Keldeo|item
|poke|p1|Thundurus-Therian, M|item
|poke|p2|Landorus-Therian, M|item
|poke|p2|Tyranitar, F|item
|poke|p2|Slowbro, M|item
|poke|p2|Scizor, F|item
|poke|p2|Ferrothorn, M|item
|poke|p2|Reuniclus, M|item
|teampreview
|inactive|Battle timer is ON: inactive players will automatically lose when time's up. (requested by XP3R1)
|
|t:|1705025585
|start
|switch|p1a: Ferrothorn|Ferrothorn, M|100/100
|switch|p2a: Tyratina|Tyranitar, F, shiny|100/100
|-weather|Sandstorm|[from] ability: Sand Stream|[of] p2a: Tyratina
|turn|1
|
|t:|1705025599
|switch|p2a: Your Ruin|Reuniclus, M, shiny|100/100
|move|p1a: Ferrothorn|Stealth Rock|p2a: Your Ruin
|-sidestart|p2: XP3R1|move: Stealth Rock
|
|-weather|Sandstorm|[upkeep]
|upkeep
|turn|2
|
|t:|1705025604
|switch|p1a: Politoed|Politoed, F, shiny|100/100
|-weather|RainDance|[from] ability: Drizzle|[of] p1a: Politoed
|move|p2a: Your Ruin|Calm Mind|p2a: Your Ruin
|-boost|p2a: Your Ruin|spa|1
|-boost|p2a: Your Ruin|spd|1
|
|-weather|RainDance|[upkeep]
|upkeep
|turn|3
|
|t:|1705025609
|move|p1a: Politoed|Encore|p2a: Your Ruin
|-start|p2a: Your Ruin|Encore
|move|p2a: Your Ruin|Calm Mind|p2a: Your Ruin
|-boost|p2a: Your Ruin|spa|1
|-boost|p2a: Your Ruin|spd|1
|
|-weather|RainDance|[upkeep]
|upkeep
|turn|4
|
|t:|1705025616
|switch|p1a: Latios|Latios, M|100/100
|move|p2a: Your Ruin|Calm Mind|p2a: Your Ruin
|-boost|p2a: Your Ruin|spa|1
|-boost|p2a: Your Ruin|spd|1
|
|-weather|RainDance|[upkeep]
|upkeep
|turn|5
|
|t:|1705025631
|switch|p2a: Feral|Ferrothorn, M, shiny|100/100
|-damage|p2a: Feral|94/100|[from] Stealth Rock
|move|p1a: Latios|Trick|p2a: Feral
|-activate|p1a: Latios|move: Trick|[of] p2a: Feral
|-item|p2a: Feral|Choice Scarf|[from] move: Trick
|-item|p1a: Latios|Rocky Helmet|[from] move: Trick
|
|-weather|RainDance|[upkeep]
|upkeep
|turn|6
|
|t:|1705025642
|switch|p1a: Thundurus|Thundurus-Therian, M|100/100
|switch|p2a: Tyratina|Tyranitar, F, shiny|100/100
|-damage|p2a: Tyratina|88/100|[from] Stealth Rock
|-weather|Sandstorm|[from] ability: Sand Stream|[of] p2a: Tyratina
|
|-weather|Sandstorm|[upkeep]
|-damage|p1a: Thundurus|94/100|[from] Sandstorm
|-heal|p1a: Thundurus|100/100|[from] item: Leftovers
|upkeep
|turn|7
|
|t:|1705025651
|switch|p1a: Keldeo|Keldeo|100/100
|move|p2a: Tyratina|Rock Slide|p1a: Keldeo
|-resisted|p1a: Keldeo
|-damage|p1a: Keldeo|78/100
|
|-weather|Sandstorm|[upkeep]
|-damage|p1a: Keldeo|72/100|[from] Sandstorm
|upkeep
|turn|8
|
|t:|1705025656
|move|p1a: Keldeo|Hydro Pump|p2a: Tyratina
|-supereffective|p2a: Tyratina
|-damage|p2a: Tyratina|0 fnt
|faint|p2a: Tyratina
|
|-weather|Sandstorm|[upkeep]
|-damage|p1a: Keldeo|66/100|[from] Sandstorm
|upkeep
|
|t:|1705025674
|switch|p2a: Your Ruin|Reuniclus, M, shiny|100/100
|turn|9
|
|t:|1705025678
|move|p1a: Keldeo|Hydro Pump|p2a: Your Ruin
|-damage|p2a: Your Ruin|18/100
|move|p2a: Your Ruin|Psyshock|p1a: Keldeo
|-supereffective|p1a: Keldeo
|-damage|p1a: Keldeo|0 fnt
|faint|p1a: Keldeo
|
|-weather|Sandstorm|[upkeep]
|-heal|p2a: Your Ruin|25/100|[from] item: Leftovers
|upkeep
|
|t:|1705025686
|switch|p1a: Thundurus|Thundurus-Therian, M|100/100
|turn|10
|inactive|XP3R1 has 120 seconds left.
|
|t:|1705025733
|switch|p1a: Politoed|Politoed, F, shiny|100/100
|-weather|RainDance|[from] ability: Drizzle|[of] p1a: Politoed
|switch|p2a: Feral|Ferrothorn, M, shiny|94/100
|-damage|p2a: Feral|88/100|[from] Stealth Rock
|
|-weather|RainDance|[upkeep]
|upkeep
|turn|11
|
|t:|1705025741
|switch|p1a: Thundurus|Thundurus-Therian, M|100/100
|move|p2a: Feral|Stealth Rock|p1a: Thundurus
|-sidestart|p1: Coronet077|move: Stealth Rock
|
|-weather|RainDance|[upkeep]
|upkeep
|turn|12
|inactive|XP3R1 has 120 seconds left.
|
|t:|1705025771
|move|p1a: Thundurus|Substitute|p1a: Thundurus
|-start|p1a: Thundurus|Substitute
|-damage|p1a: Thundurus|76/100
|move|p2a: Feral|Stealth Rock||[still]
|-fail|p2a: Feral
|
|-weather|RainDance|[upkeep]
|-heal|p1a: Thundurus|82/100|[from] item: Leftovers
|upkeep
|turn|13
|
|t:|1705025779
|move|p1a: Thundurus|Focus Blast|p2a: Feral
|-supereffective|p2a: Feral
|-damage|p2a: Feral|15/100
|-unboost|p2a: Feral|spd|1
|move|p2a: Feral|Stealth Rock||[still]
|-fail|p2a: Feral
|
|-weather|RainDance|[upkeep]
|-heal|p1a: Thundurus|88/100|[from] item: Leftovers
|upkeep
|turn|14
|
|t:|1705025786
|move|p1a: Thundurus|Thunder|p2a: Feral
|-resisted|p2a: Feral
|-damage|p2a: Feral|0 fnt
|faint|p2a: Feral
|
|-weather|RainDance|[upkeep]
|-heal|p1a: Thundurus|94/100|[from] item: Leftovers
|upkeep
|
|t:|1705025802
|switch|p2a: Don|Slowbro, M, shiny|100/100
|-damage|p2a: Don|88/100|[from] Stealth Rock
|turn|15
|
|t:|1705025805
|switch|p2a: Good Boy|Landorus-Therian, M|100/100
|-damage|p2a: Good Boy|88/100|[from] Stealth Rock
|-ability|p2a: Good Boy|Intimidate|boost
|-immune|p1a: Thundurus
|move|p1a: Thundurus|Thunder|p2a: Good Boy
|-immune|p2a: Good Boy
|
|-weather|RainDance|[upkeep]
|-heal|p1a: Thundurus|99/100|[from] item: Leftovers
|upkeep
|turn|16
|
|t:|1705025817
|move|p2a: Good Boy|Outrage|p1a: Thundurus
|-end|p1a: Thundurus|Substitute
|move|p1a: Thundurus|Hidden Power|p2a: Good Boy
|-supereffective|p2a: Good Boy
|-damage|p2a: Good Boy|0 fnt
|faint|p2a: Good Boy
|
|-weather|RainDance|[upkeep]
|-heal|p1a: Thundurus|100/100|[from] item: Leftovers
|upkeep
|
|t:|1705025828
|switch|p2a: Don|Slowbro, M, shiny|100/100
|-damage|p2a: Don|88/100|[from] Stealth Rock
|turn|17
|
|t:|1705025831
|move|p1a: Thundurus|Substitute|p1a: Thundurus
|-start|p1a: Thundurus|Substitute
|-damage|p1a: Thundurus|76/100
|move|p2a: Don|Ice Beam|p1a: Thundurus
|-supereffective|p1a: Thundurus
|-end|p1a: Thundurus|Substitute
|
|-weather|RainDance|[upkeep]
|-heal|p1a: Thundurus|82/100|[from] item: Leftovers
|-heal|p2a: Don|94/100|[from] item: Leftovers
|upkeep
|turn|18
|
|t:|1705025833
|move|p1a: Thundurus|Thunder|p2a: Don
|-supereffective|p2a: Don
|-crit|p2a: Don
|-damage|p2a: Don|0 fnt
|faint|p2a: Don
|
|-weather|RainDance|[upkeep]
|-heal|p1a: Thundurus|88/100|[from] item: Leftovers
|upkeep
|-message|XP3R1 forfeited.
|
|win|Coronet077
|raw|Coronet077's rating: 1404 &rarr; <strong>1423</strong><br />(+19 for winning)
|raw|XP3R1's rating: 1380 &rarr; <strong>1361</strong><br />(-19 for losing)
|l|☆XP3R1
|player|p2|
