|j|☆SkAm NEwToN
|j|☆BigT4040
|player|p1|SkAm NEwToN|plasmagrunt|1439
|player|p2|BigT4040|170|1312
|teamsize|p1|6
|teamsize|p2|6
|gametype|singles
|gen|5
|tier|[Gen 5] OU
|rated|
|rule|Sleep Clause Mod: Limit one foe put to sleep
|rule|Species Clause: Limit one of each Pokémon
|rule|OHKO Clause: OHKO moves are banned
|rule|Moody Clause: Moody is banned
|rule|Evasion Moves Clause: Evasion moves are banned
|rule|Endless Battle Clause: Forcing endless battles is banned
|rule|HP Percentage Mod: HP is shown in percentages
|rule|Evasion Abilities Clause: Evasion abilities are banned
|rule|Baton Pass Clause: Limit one Baton Passer, can't pass Spe and other stats simultaneously
|rule|Swagger Clause: Swagger is banned
|clearpoke
|poke|p1|Victini|item
|poke|p1|Ludicolo, M|item
|poke|p1|Metagross|item
|poke|p1|Starmie|item
|poke|p1|Thundurus-Therian, M|item
|poke|p1|Terrakion|item
|poke|p2|Gyarados, F|item
|poke|p2|Politoed, M|item
|poke|p2|Jirachi|item
|poke|p2|Ferrothorn, M|item
|poke|p2|Starmie|item
|poke|p2|Salamence, M|item
|teampreview
|inactive|Battle timer is ON: inactive players will automatically lose when time's up. (requested by BigT4040)
|
|start
|switch|p1a: Terrakion|Terrakion|100/100
|switch|p2a: Politoed|Politoed, M|100/100
|-weather|RainDance|[from] ability: Drizzle|[of] p2a: Politoed
|turn|1
|
|move|p1a: Terrakion|Close Combat|p2a: Politoed
|-damage|p2a: Politoed|32/100
|-unboost|p1a: Terrakion|def|1
|-unboost|p1a: Terrakion|spd|1
|move|p2a: Politoed|Hydro Pump|p1a: Terrakion|[miss]
|-miss|p2a: Politoed|p1a: Terrakion
|
|-weather|RainDance|[upkeep]
|upkeep
|turn|2
|
|switch|p2a: Gyarados|Gyarados, F|100/100
|-ability|p2a: Gyarados|Intimidate|boost
|-unboost|p1a: Terrakion|atk|1
|move|p1a: Terrakion|Stealth Rock|p2a: Gyarados
|-sidestart|p2: BigT4040|move: Stealth Rock
|
|-weather|RainDance|[upkeep]
|upkeep
|turn|3
|
|move|p1a: Terrakion|Stone Edge|p2a: Gyarados
|-supereffective|p2a: Gyarados
|-damage|p2a: Gyarados|53/100
|move|p2a: Gyarados|Thunder Wave|p1a: Terrakion
|-status|p1a: Terrakion|par
|
|-weather|RainDance|[upkeep]
|-heal|p2a: Gyarados|59/100|[from] item: Leftovers
|upkeep
|turn|4
|
|move|p2a: Gyarados|Waterfall|p1a: Terrakion
|-supereffective|p1a: Terrakion
|-enditem|p1a: Terrakion|Focus Sash
|-damage|p1a: Terrakion|1/100 par
|cant|p1a: Terrakion|flinch
|
|-weather|RainDance|[upkeep]
|-heal|p2a: Gyarados|65/100|[from] item: Leftovers
|upkeep
|turn|5
|
|move|p2a: Gyarados|Waterfall|p1a: Terrakion
|-supereffective|p1a: Terrakion
|-damage|p1a: Terrakion|0 fnt
|faint|p1a: Terrakion
|
|-weather|RainDance|[upkeep]
|-heal|p2a: Gyarados|71/100|[from] item: Leftovers
|upkeep
|
|switch|p1a: Thundurus|Thundurus-Therian, M|100/100
|turn|6
|
|switch|p2a: Ferrothorn|Ferrothorn, M|100/100
|-damage|p2a: Ferrothorn|94/100|[from] Stealth Rock
|move|p1a: Thundurus|Nasty Plot|p1a: Thundurus
|-boost|p1a: Thundurus|spa|2
|
|-weather|RainDance|[upkeep]
|-heal|p2a: Ferrothorn|100/100|[from] item: Leftovers
|upkeep
|turn|7
|
|move|p1a: Thundurus|Nasty Plot|p1a: Thundurus
|-boost|p1a: Thundurus|spa|2
|move|p2a: Ferrothorn|Leech Seed|p1a: Thundurus
|-start|p1a: Thundurus|move: Leech Seed
|
|-weather|RainDance|[upkeep]
|-damage|p1a: Thundurus|88/100|[from] Leech Seed|[of] p2a: Ferrothorn
|upkeep
|turn|8
|
|move|p1a: Thundurus|Thunderbolt|p2a: Ferrothorn
|-resisted|p2a: Ferrothorn
|-damage|p2a: Ferrothorn|35/100
|move|p2a: Ferrothorn|Stealth Rock|p1a: Thundurus
|-sidestart|p1: SkAm NEwToN|move: Stealth Rock
|
|-weather|RainDance|[upkeep]
|-heal|p2a: Ferrothorn|41/100|[from] item: Leftovers
|-damage|p1a: Thundurus|76/100|[from] Leech Seed|[of] p2a: Ferrothorn
|-heal|p2a: Ferrothorn|53/100|[silent]
|upkeep
|turn|9
|
|switch|p2a: Politoed|Politoed, M|32/100
|-damage|p2a: Politoed|19/100|[from] Stealth Rock
|move|p1a: Thundurus|Agility|p1a: Thundurus
|-boost|p1a: Thundurus|spe|2
|
|-weather|RainDance|[upkeep]
|-damage|p1a: Thundurus|63/100|[from] Leech Seed|[of] p2a: Politoed
|-heal|p2a: Politoed|30/100|[silent]
|upkeep
|turn|10
|
|move|p1a: Thundurus|Thunderbolt|p2a: Politoed
|-supereffective|p2a: Politoed
|-damage|p2a: Politoed|0 fnt
|faint|p2a: Politoed
|
|-weather|RainDance|[upkeep]
|upkeep
|
|switch|p2a: Ferrothorn|Ferrothorn, M|53/100
|-damage|p2a: Ferrothorn|47/100|[from] Stealth Rock
|turn|11
|
|move|p1a: Thundurus|Thunderbolt|p2a: Ferrothorn
|-resisted|p2a: Ferrothorn
|-damage|p2a: Ferrothorn|0 fnt
|faint|p2a: Ferrothorn
|
|-weather|RainDance|[upkeep]
|upkeep
|
|switch|p2a: Jirachi|Jirachi|100/100
|-damage|p2a: Jirachi|94/100|[from] Stealth Rock
|turn|12
|
|move|p1a: Thundurus|Thunderbolt|p2a: Jirachi
|-crit|p2a: Jirachi
|-damage|p2a: Jirachi|0 fnt
|faint|p2a: Jirachi
|
|-weather|RainDance|[upkeep]
|upkeep
|
|switch|p2a: Salamence|Salamence, M|100/100
|-damage|p2a: Salamence|76/100|[from] Stealth Rock
|turn|13
|
|move|p1a: Thundurus|Thunderbolt|p2a: Salamence
|-damage|p2a: Salamence|0 fnt
|faint|p2a: Salamence
|
|-weather|RainDance|[upkeep]
|upkeep
|-message|BigT4040 forfeited.
|
|win|SkAm NEwToN
|l|☆BigT4040
|raw|SkAm NEwToN's rating: 1439 &rarr; <strong>1452</strong><br />(+13 for winning)
|raw|BigT4040's rating: 1312 &rarr; <strong>1299</strong><br />(-13 for losing)
