|j|☆Hail Bert
|j|☆Wally
|player|p1|Hail Bert|242
|player|p2|Wally|291
|teamsize|p1|6
|teamsize|p2|6
|gametype|singles
|gen|5
|tier|[Gen 5] OU
|rated|
|rule|Sleep Clause Mod: Limit one foe put to sleep
|rule|Species Clause: Limit one of each Pokémon
|rule|OHKO Clause: OHKO moves are banned
|rule|Moody Clause: Moody is banned
|rule|Evasion Moves Clause: Evasion moves are banned
|rule|Endless Battle Clause: Forcing endless battles is banned
|rule|HP Percentage Mod: HP is shown in percentages
|rule|Evasion Abilities Clause: Evasion abilities are banned
|rule|Baton Pass Clause: Limit one Baton Passer, can't pass Spe and other stats simultaneously
|rule|Swagger Clause: Swagger is banned
|clearpoke
|poke|p1|Aerodactyl, F|item
|poke|p1|Breloom, M|item
|poke|p1|Volcarona, M|item
|poke|p1|Starmie|item
|poke|p1|Weavile, F|item
|poke|p1|Salamence, M|item
|poke|p2|Alakazam, F|item
|poke|p2|Garchomp, F|item
|poke|p2|Breloom, F|item
|poke|p2|Skarmory, F|item
|poke|p2|Jellicent, M|item
|poke|p2|Tyranitar, F|item
|teampreview
|j| Lionyx
|
|start
|switch|p1a: Aerodactyl|Aerodactyl, F|100/100
|switch|p2a: Garchomp|Garchomp, F|100/100
|-ability|p1a: Aerodactyl|Unnerve|p2: Wally
|turn|1
|j| Zokuru ☭
|j| Tikau
|l| Zokuru ☭
|
|move|p2a: Garchomp|Dual Chop|p1a: Aerodactyl
|-damage|p1a: Aerodactyl|66/100
|-damage|p1a: Aerodactyl|29/100
|-hitcount|p1a: Aerodactyl|2
|move|p1a: Aerodactyl|Taunt|p2a: Garchomp
|-start|p2a: Garchomp|move: Taunt
|
|upkeep
|turn|2
|j| Lucix
|
|move|p2a: Garchomp|Dual Chop|p1a: Aerodactyl
|-damage|p1a: Aerodactyl|0 fnt
|-hitcount|p1a: Aerodactyl|1
|faint|p1a: Aerodactyl
|
|upkeep
|l| Tikau
|
|switch|p1a: Weavile|Weavile, F|100/100
|-ability|p1a: Weavile|Pressure
|turn|3
|
|switch|p2a: Skarmory|Skarmory, F|100/100
|switch|p1a: Volcarona|Volcarona, M|100/100
|
|upkeep
|turn|4
|
|move|p1a: Volcarona|Fiery Dance|p2a: Skarmory
|-supereffective|p2a: Skarmory
|-ability|p2a: Skarmory|Sturdy
|-damage|p2a: Skarmory|1/100
|-boost|p1a: Volcarona|spa|1
|-damage|p1a: Volcarona|91/100|[from] item: Life Orb
|move|p2a: Skarmory|Spikes|p1a: Volcarona
|-sidestart|p1: Hail Bert|Spikes
|
|-heal|p2a: Skarmory|7/100|[from] item: Leftovers
|upkeep
|turn|5
|
|switch|p2a: Tyranitar|Tyranitar, F|100/100
|-weather|Sandstorm|[from] ability: Sand Stream|[of] p2a: Tyranitar
|move|p1a: Volcarona|Fiery Dance|p2a: Tyranitar
|-resisted|p2a: Tyranitar
|-damage|p2a: Tyranitar|80/100
|-boost|p1a: Volcarona|spa|1
|-damage|p1a: Volcarona|81/100|[from] item: Life Orb
|
|-weather|Sandstorm|[upkeep]
|-damage|p1a: Volcarona|74/100|[from] Sandstorm
|upkeep
|turn|6
|
|switch|p2a: Skarmory|Skarmory, F|7/100
|move|p1a: Volcarona|Bug Buzz|p2a: Skarmory
|-resisted|p2a: Skarmory
|-damage|p2a: Skarmory|0 fnt
|-damage|p1a: Volcarona|64/100|[from] item: Life Orb
|faint|p2a: Skarmory
|
|-weather|Sandstorm|[upkeep]
|-damage|p1a: Volcarona|58/100|[from] Sandstorm
|upkeep
|
|switch|p2a: Garchomp|Garchomp, F|100/100
|turn|7
|j| Aurore Boreale
|
|switch|p1a: Salamence|Salamence, M|100/100
|move|p2a: Garchomp|Earthquake|p1a: Salamence
|-immune|p1a: Salamence|[msg]
|
|-weather|Sandstorm|[upkeep]
|-damage|p1a: Salamence|94/100|[from] Sandstorm
|upkeep
|turn|8
|
|switch|p2a: Tyranitar|Tyranitar, F|80/100
|move|p1a: Salamence|Dragon Dance|p1a: Salamence
|-boost|p1a: Salamence|atk|1
|-boost|p1a: Salamence|spe|1
|
|-weather|Sandstorm|[upkeep]
|-damage|p1a: Salamence|88/100|[from] Sandstorm
|upkeep
|turn|9
|
|move|p1a: Salamence|Earthquake|p2a: Tyranitar
|-supereffective|p2a: Tyranitar
|-damage|p2a: Tyranitar|0 fnt
|faint|p2a: Tyranitar
|-ability|p1a: Salamence|Moxie|boost
|-boost|p1a: Salamence|atk|1
|
|-weather|Sandstorm|[upkeep]
|-damage|p1a: Salamence|82/100|[from] Sandstorm
|upkeep
|
|switch|p2a: Garchomp|Garchomp, F|100/100
|turn|10
|
|move|p1a: Salamence|Outrage|p2a: Garchomp
|-supereffective|p2a: Garchomp
|-damage|p2a: Garchomp|0 fnt
|-damage|p1a: Salamence|70/100|[from] ability: Rough Skin|[of] p2a: Garchomp
|faint|p2a: Garchomp
|-ability|p1a: Salamence|Moxie|boost
|-boost|p1a: Salamence|atk|1
|
|-weather|Sandstorm|[upkeep]
|-damage|p1a: Salamence|64/100|[from] Sandstorm
|upkeep
|
|switch|p2a: Alakazam|Alakazam, F|100/100
|turn|11
|
|move|p1a: Salamence|Outrage|p2a: Alakazam|[from]lockedmove
|-enditem|p2a: Alakazam|Focus Sash
|-damage|p2a: Alakazam|1/100
|move|p2a: Alakazam|Psychic|p1a: Salamence
|-crit|p1a: Salamence
|-damage|p1a: Salamence|0 fnt
|faint|p1a: Salamence
|
|-weather|Sandstorm|[upkeep]
|upkeep
|
|switch|p1a: Weavile|Weavile, F|100/100
|-damage|p1a: Weavile|88/100|[from] Spikes
|-ability|p1a: Weavile|Pressure
|turn|12
|
|-activate|p2a: Alakazam|move: Pursuit
|move|p1a: Weavile|Pursuit|p2a: Alakazam|[from]Pursuit
|-supereffective|p2a: Alakazam
|-damage|p2a: Alakazam|0 fnt
|-damage|p1a: Weavile|78/100|[from] item: Life Orb
|faint|p2a: Alakazam
|
|-weather|Sandstorm|[upkeep]
|-damage|p1a: Weavile|72/100|[from] Sandstorm
|upkeep
|
|switch|p2a: Jellicent|Jellicent, M, shiny|100/100
|turn|13
|
|switch|p2a: Breloom|Breloom, F|100/100
|move|p1a: Weavile|Night Slash|p2a: Breloom
|-resisted|p2a: Breloom
|-damage|p2a: Breloom|71/100
|-damage|p1a: Weavile|62/100|[from] item: Life Orb
|
|-weather|Sandstorm|[upkeep]
|-damage|p1a: Weavile|56/100|[from] Sandstorm
|-damage|p2a: Breloom|65/100|[from] Sandstorm
|-status|p2a: Breloom|tox|[from] item: Toxic Orb
|upkeep
|turn|14
|
|move|p2a: Breloom|Protect|p2a: Breloom
|-singleturn|p2a: Breloom|Protect
|move|p1a: Weavile|Ice Shard|p2a: Breloom
|-activate|p2a: Breloom|move: Protect
|
|-weather|Sandstorm|[upkeep]
|-damage|p1a: Weavile|50/100|[from] Sandstorm
|-damage|p2a: Breloom|59/100 tox|[from] Sandstorm
|-heal|p2a: Breloom|71/100 tox|[from] ability: Poison Heal
|upkeep
|turn|15
|j| Panur
|
|switch|p2a: Jellicent|Jellicent, M, shiny|100/100
|move|p1a: Weavile|Ice Shard|p2a: Jellicent
|-resisted|p2a: Jellicent
|-crit|p2a: Jellicent
|-damage|p2a: Jellicent|77/100
|-damage|p1a: Weavile|40/100|[from] item: Life Orb
|
|-weather|Sandstorm|[upkeep]
|-damage|p1a: Weavile|34/100|[from] Sandstorm
|-damage|p2a: Jellicent|71/100|[from] Sandstorm
|-heal|p2a: Jellicent|77/100|[from] item: Leftovers
|upkeep
|turn|16
|
|move|p1a: Weavile|Night Slash|p2a: Jellicent
|-supereffective|p2a: Jellicent
|-damage|p2a: Jellicent|1/100
|-damage|p1a: Weavile|24/100|[from] item: Life Orb
|move|p2a: Jellicent|Scald|p1a: Weavile
|-damage|p1a: Weavile|0 fnt
|faint|p1a: Weavile
|
|-weather|Sandstorm|[upkeep]
|-damage|p2a: Jellicent|0 fnt|[from] Sandstorm
|upkeep
|faint|p2a: Jellicent
|
|switch|p1a: Starmie|Starmie|100/100
|switch|p2a: Breloom|Breloom, F|71/100 tox
|-damage|p1a: Starmie|88/100|[from] Spikes
|turn|17
|
|move|p1a: Starmie|Psychic|p2a: Breloom
|-supereffective|p2a: Breloom
|-damage|p2a: Breloom|0 fnt
|-damage|p1a: Starmie|78/100|[from] item: Life Orb
|faint|p2a: Breloom
|
|win|Hail Bert
|l|☆Wally
|raw|Hail Bert's rating: 1392 &rarr; <strong>1407</strong><br />(+15 for winning)
|raw|Wally's rating: 1315 &rarr; <strong>1299</strong><br />(-16 for losing)
|l|☆Hail Bert
