|j|☆SwordIsBored
|j|☆HydreigonSpammer
|t:|1735218101
|gametype|singles
|player|p1|SwordIsBored|miku-water|1433
|player|p2|HydreigonSpammer|acetrainer|1343
|teamsize|p1|6
|teamsize|p2|6
|gen|5
|tier|[Gen 5] OU
|rated|
|rule|Species Clause: Limit one of each Pokémon
|rule|OHKO Clause: OHKO moves are banned
|rule|Moody Clause: Moody is banned
|rule|Evasion Items Clause: Evasion items are banned
|rule|Evasion Moves Clause: Evasion moves are banned
|rule|Endless Battle Clause: Forcing endless battles is banned
|rule|HP Percentage Mod: HP is shown in percentages
|rule|Evasion Abilities Clause: Evasion abilities are banned
|rule|Sleep Moves Clause: Sleep-inducing moves are banned
|rule|Swagger Clause: Swagger is banned
|rule|Baton Pass Stat Clause: No Baton Passer may have a way to boost its stats
|clearpoke
|poke|p1|Tyranitar, F|item
|poke|p1|Latios, M|item
|poke|p1|Celebi|item
|poke|p1|Excadrill, M|item
|poke|p1|Garchomp, M|item
|poke|p1|Rotom-Wash|item
|poke|p2|Skarmory, M|item
|poke|p2|Reuniclus, M|item
|poke|p2|Landorus-Therian, M|item
|poke|p2|Latios, M|item
|poke|p2|Alakazam, M|item
|poke|p2|Clefable, M|item
|teampreview
|
|t:|1735218125
|start
|switch|p1a: Rotom|Rotom-Wash|100/100
|switch|p2a: Landorus|Landorus-Therian, M|100/100
|-ability|p2a: Landorus|Intimidate|boost
|-unboost|p1a: Rotom|atk|1
|turn|1
|
|t:|1735218146
|switch|p2a: ToXiiic|Clefable, M, shiny|100/100
|move|p1a: Rotom|Hydro Pump|p2a: ToXiiic
|-damage|p2a: ToXiiic|69/100
|
|-heal|p2a: ToXiiic|75/100|[from] item: Leftovers
|upkeep
|turn|2
|
|t:|1735218154
|move|p1a: Rotom|Volt Switch|p2a: ToXiiic
|-damage|p2a: ToXiiic|57/100
|
|t:|1735218157
|switch|p1a: Celebi|Celebi|100/100|[from] Volt Switch
|move|p2a: ToXiiic|Knock Off|p1a: Celebi
|-supereffective|p1a: Celebi
|-damage|p1a: Celebi|95/100
|-enditem|p1a: Celebi|Meadow Plate|[from] move: Knock Off|[of] p2a: ToXiiic
|
|-heal|p2a: ToXiiic|63/100|[from] item: Leftovers
|upkeep
|turn|3
|
|t:|1735218173
|move|p1a: Celebi|Nasty Plot|p1a: Celebi
|-boost|p1a: Celebi|spa|2
|move|p2a: ToXiiic|Soft-Boiled|p2a: ToXiiic
|-heal|p2a: ToXiiic|100/100
|
|upkeep
|turn|4
|
|t:|1735218201
|switch|p2a: Skarmory|Skarmory, M|100/100
|move|p1a: Celebi|Nasty Plot|p1a: Celebi
|-boost|p1a: Celebi|spa|2
|
|upkeep
|turn|5
|
|t:|1735218212
|move|p1a: Celebi|Hidden Power|p2a: Skarmory
|-damage|p2a: Skarmory|48/100
|move|p2a: Skarmory|Stealth Rock|p1a: Celebi
|-sidestart|p1: SwordIsBored|move: Stealth Rock
|
|-heal|p2a: Skarmory|54/100|[from] item: Leftovers
|upkeep
|turn|6
|
|t:|1735218222
|move|p1a: Celebi|Hidden Power|p2a: Skarmory
|-damage|p2a: Skarmory|2/100
|move|p2a: Skarmory|Whirlwind|p1a: Celebi
|drag|p1a: Tyranitar|Tyranitar, F|100/100
|-damage|p1a: Tyranitar|88/100|[from] Stealth Rock
|-weather|Sandstorm|[from] ability: Sand Stream|[of] p1a: Tyranitar
|
|-weather|Sandstorm|[upkeep]
|-heal|p2a: Skarmory|8/100|[from] item: Leftovers
|upkeep
|turn|7
|
|t:|1735218230
|move|p2a: Skarmory|Roost|p2a: Skarmory
|-heal|p2a: Skarmory|58/100
|-singleturn|p2a: Skarmory|move: Roost
|move|p1a: Tyranitar|Crunch|p2a: Skarmory
|-resisted|p2a: Skarmory
|-damage|p2a: Skarmory|44/100
|
|-weather|Sandstorm|[upkeep]
|-heal|p2a: Skarmory|50/100|[from] item: Leftovers
|upkeep
|turn|8
|
|t:|1735218242
|switch|p2a: Landorus|Landorus-Therian, M|100/100
|-ability|p2a: Landorus|Intimidate|boost
|-unboost|p1a: Tyranitar|atk|1
|move|p1a: Tyranitar|Thunder Wave|p2a: Landorus
|-immune|p2a: Landorus
|
|-weather|Sandstorm|[upkeep]
|upkeep
|turn|9
|
|t:|1735218247
|switch|p1a: Rotom|Rotom-Wash|100/100
|-damage|p1a: Rotom|88/100|[from] Stealth Rock
|move|p2a: Landorus|U-turn|p1a: Rotom
|-damage|p1a: Rotom|65/100
|
|t:|1735218249
|switch|p2a: Latios|Latios, M|100/100|[from] U-turn
|
|-weather|Sandstorm|[upkeep]
|-damage|p2a: Latios|95/100|[from] Sandstorm
|-damage|p1a: Rotom|59/100|[from] Sandstorm
|-heal|p1a: Rotom|65/100|[from] item: Leftovers
|upkeep
|turn|10
|
|t:|1735218270
|switch|p2a: ToXiiic|Clefable, M, shiny|100/100
|switch|p1a: Tyranitar|Tyranitar, F|88/100
|-damage|p1a: Tyranitar|76/100|[from] Stealth Rock
|
|-weather|Sandstorm|[upkeep]
|upkeep
|turn|11
|
|t:|1735218280
|switch|p2a: Landorus|Landorus-Therian, M|100/100
|-ability|p2a: Landorus|Intimidate|boost
|-unboost|p1a: Tyranitar|atk|1
|move|p1a: Tyranitar|Crunch|p2a: Landorus
|-damage|p2a: Landorus|68/100
|-unboost|p2a: Landorus|def|1
|
|-weather|Sandstorm|[upkeep]
|upkeep
|turn|12
|
|t:|1735218285
|switch|p1a: Rotom|Rotom-Wash|65/100
|-damage|p1a: Rotom|53/100|[from] Stealth Rock
|move|p2a: Landorus|U-turn|p1a: Rotom
|-damage|p1a: Rotom|31/100
|
|t:|1735218294
|switch|p2a: Alakazam|Alakazam, M|100/100|[from] U-turn
|
|-weather|Sandstorm|[upkeep]
|-damage|p1a: Rotom|25/100|[from] Sandstorm
|-heal|p1a: Rotom|31/100|[from] item: Leftovers
|upkeep
|turn|13
|
|t:|1735218301
|move|p2a: Alakazam|Psyshock|p1a: Rotom
|-damage|p1a: Rotom|0 fnt
|faint|p1a: Rotom
|
|-weather|Sandstorm|[upkeep]
|upkeep
|
|t:|1735218303
|switch|p1a: Tyranitar|Tyranitar, F|76/100
|-damage|p1a: Tyranitar|63/100|[from] Stealth Rock
|turn|14
|
|t:|1735218310
|move|p2a: Alakazam|Grass Knot|p1a: Tyranitar
|-supereffective|p1a: Tyranitar
|-damage|p1a: Tyranitar|6/100
|move|p1a: Tyranitar|Pursuit|p2a: Alakazam
|-supereffective|p2a: Alakazam
|-damage|p2a: Alakazam|5/100
|
|-weather|Sandstorm|[upkeep]
|upkeep
|turn|15
|
|t:|1735218322
|switch|p1a: Excadrill|Excadrill, M|100/100
|-damage|p1a: Excadrill|97/100|[from] Stealth Rock
|move|p2a: Alakazam|Grass Knot|p1a: Excadrill
|-damage|p1a: Excadrill|60/100
|
|-weather|Sandstorm|[upkeep]
|upkeep
|turn|16
|
|t:|1735218331
|switch|p2a: Skarmory|Skarmory, M|50/100
|move|p1a: Excadrill|Rapid Spin|p2a: Skarmory
|-resisted|p2a: Skarmory
|-damage|p2a: Skarmory|47/100
|-sideend|p1: SwordIsBored|Stealth Rock|[from] move: Rapid Spin|[of] p1a: Excadrill
|
|-weather|Sandstorm|[upkeep]
|-heal|p2a: Skarmory|53/100|[from] item: Leftovers
|upkeep
|turn|17
|
|t:|1735218335
|switch|p1a: Garchomp|Garchomp, M|100/100
|move|p2a: Skarmory|Stealth Rock|p1a: Garchomp
|-sidestart|p1: SwordIsBored|move: Stealth Rock
|
|-weather|Sandstorm|[upkeep]
|-heal|p2a: Skarmory|59/100|[from] item: Leftovers
|upkeep
|turn|18
|
|t:|1735218344
|move|p1a: Garchomp|Fire Blast|p2a: Skarmory|[miss]
|-miss|p1a: Garchomp|p2a: Skarmory
|move|p2a: Skarmory|Whirlwind|p1a: Garchomp
|drag|p1a: Tyranitar|Tyranitar, F|6/100
|-damage|p1a: Tyranitar|0 fnt|[from] Stealth Rock
|faint|p1a: Tyranitar
|
|-weather|Sandstorm|[upkeep]
|-heal|p2a: Skarmory|65/100|[from] item: Leftovers
|upkeep
|
|t:|1735218350
|switch|p1a: Garchomp|Garchomp, M|100/100
|-damage|p1a: Garchomp|94/100|[from] Stealth Rock
|turn|19
|
|t:|1735218365
|switch|p2a: Reuniclus|Reuniclus, M|100/100
|move|p1a: Garchomp|Fire Blast|p2a: Reuniclus
|-crit|p2a: Reuniclus
|-damage|p2a: Reuniclus|23/100
|-damage|p1a: Garchomp|85/100|[from] item: Life Orb
|
|-weather|Sandstorm|[upkeep]
|upkeep
|turn|20
|
|t:|1735218372
|move|p1a: Garchomp|Earthquake|p2a: Reuniclus
|-damage|p2a: Reuniclus|0 fnt
|faint|p2a: Reuniclus
|-damage|p1a: Garchomp|75/100|[from] item: Life Orb
|
|-weather|Sandstorm|[upkeep]
|upkeep
|
|t:|1735218376
|switch|p2a: Latios|Latios, M|95/100
|turn|21
|
|t:|1735218383
|switch|p1a: Celebi|Celebi|95/100
|-damage|p1a: Celebi|82/100|[from] Stealth Rock
|move|p2a: Latios|Dragon Pulse|p1a: Celebi
|-damage|p1a: Celebi|17/100
|
|-weather|Sandstorm|[upkeep]
|-damage|p2a: Latios|89/100|[from] Sandstorm
|-damage|p1a: Celebi|11/100|[from] Sandstorm
|upkeep
|turn|22
|
|t:|1735218390
|move|p2a: Latios|Dragon Pulse|p1a: Celebi
|-damage|p1a: Celebi|0 fnt
|faint|p1a: Celebi
|
|-weather|Sandstorm|[upkeep]
|-damage|p2a: Latios|83/100|[from] Sandstorm
|upkeep
|
|t:|1735218393
|switch|p1a: Excadrill|Excadrill, M|60/100
|-damage|p1a: Excadrill|57/100|[from] Stealth Rock
|turn|23
|
|t:|1735218401
|switch|p2a: Skarmory|Skarmory, M|65/100
|move|p1a: Excadrill|Iron Head|p2a: Skarmory
|-resisted|p2a: Skarmory
|-damage|p2a: Skarmory|42/100
|
|-weather|Sandstorm|[upkeep]
|-heal|p2a: Skarmory|48/100|[from] item: Leftovers
|upkeep
|turn|24
|
|t:|1735218407
|move|p1a: Excadrill|Iron Head|p2a: Skarmory
|-resisted|p2a: Skarmory
|-damage|p2a: Skarmory|24/100
|move|p2a: Skarmory|Spikes|p1a: Excadrill
|-sidestart|p1: SwordIsBored|Spikes
|
|-weather|Sandstorm|[upkeep]
|-heal|p2a: Skarmory|30/100|[from] item: Leftovers
|upkeep
|turn|25
|
|t:|1735218412
|move|p1a: Excadrill|Iron Head|p2a: Skarmory
|-resisted|p2a: Skarmory
|-damage|p2a: Skarmory|5/100
|move|p2a: Skarmory|Roost|p2a: Skarmory
|-heal|p2a: Skarmory|55/100
|-singleturn|p2a: Skarmory|move: Roost
|
|-weather|Sandstorm|[upkeep]
|-heal|p2a: Skarmory|61/100|[from] item: Leftovers
|upkeep
|turn|26
|
|t:|1735218418
|move|p1a: Excadrill|Iron Head|p2a: Skarmory
|-resisted|p2a: Skarmory
|-damage|p2a: Skarmory|38/100
|move|p2a: Skarmory|Whirlwind|p1a: Excadrill
|drag|p1a: Latios|Latios, M|100/100
|-damage|p1a: Latios|88/100|[from] Stealth Rock
|
|-weather|Sandstorm|[upkeep]
|-damage|p1a: Latios|82/100|[from] Sandstorm
|-heal|p2a: Skarmory|44/100|[from] item: Leftovers
|upkeep
|turn|27
|
|t:|1735218427
|move|p1a: Latios|Surf|p2a: Skarmory
|-crit|p2a: Skarmory
|-damage|p2a: Skarmory|0 fnt
|faint|p2a: Skarmory
|
|-weather|Sandstorm|[upkeep]
|-damage|p1a: Latios|76/100|[from] Sandstorm
|upkeep
|
|t:|1735218448
|switch|p2a: ToXiiic|Clefable, M, shiny|100/100
|turn|28
|
|t:|1735218452
|switch|p1a: Garchomp|Garchomp, M|75/100
|-damage|p1a: Garchomp|69/100|[from] Stealth Rock
|-damage|p1a: Garchomp|56/100|[from] Spikes
|move|p2a: ToXiiic|Knock Off|p1a: Garchomp
|-damage|p1a: Garchomp|53/100
|-enditem|p1a: Garchomp|Life Orb|[from] move: Knock Off|[of] p2a: ToXiiic
|
|-weather|Sandstorm|[upkeep]
|upkeep
|turn|29
|
|t:|1735218460
|switch|p2a: Alakazam|Alakazam, M|5/100
|move|p1a: Garchomp|Earthquake|p2a: Alakazam
|-damage|p2a: Alakazam|0 fnt
|faint|p2a: Alakazam
|
|-weather|Sandstorm|[upkeep]
|upkeep
|
|t:|1735218465
|switch|p2a: Latios|Latios, M|83/100
|turn|30
|
|t:|1735218468
|move|p2a: Latios|Dragon Pulse|p1a: Garchomp
|-supereffective|p1a: Garchomp
|-damage|p1a: Garchomp|0 fnt
|faint|p1a: Garchomp
|
|-weather|Sandstorm|[upkeep]
|-damage|p2a: Latios|77/100|[from] Sandstorm
|upkeep
|
|t:|1735218470
|switch|p1a: Excadrill|Excadrill, M|57/100
|-damage|p1a: Excadrill|54/100|[from] Stealth Rock
|-damage|p1a: Excadrill|42/100|[from] Spikes
|turn|31
|
|t:|1735218488
|move|p1a: Excadrill|Iron Head|p2a: Latios
|-damage|p2a: Latios|0 fnt
|faint|p2a: Latios
|
|-weather|Sandstorm|[upkeep]
|upkeep
|
|t:|1735218491
|switch|p2a: Landorus|Landorus-Therian, M|68/100
|-ability|p2a: Landorus|Intimidate|boost
|-unboost|p1a: Excadrill|atk|1
|turn|32
|
|t:|1735218515
|move|p2a: Landorus|Superpower|p1a: Excadrill
|-supereffective|p1a: Excadrill
|-damage|p1a: Excadrill|0 fnt
|-unboost|p2a: Landorus|atk|1
|-unboost|p2a: Landorus|def|1
|faint|p1a: Excadrill
|
|-weather|Sandstorm|[upkeep]
|upkeep
|
|t:|1735218519
|switch|p1a: Latios|Latios, M|76/100
|-damage|p1a: Latios|64/100|[from] Stealth Rock
|turn|33
|
|t:|1735218522
|switch|p2a: ToXiiic|Clefable, M, shiny|100/100
|move|p1a: Latios|Draco Meteor|p2a: ToXiiic
|-damage|p2a: ToXiiic|23/100
|-unboost|p1a: Latios|spa|2
|
|-weather|Sandstorm|[upkeep]
|-damage|p1a: Latios|58/100|[from] Sandstorm
|-heal|p2a: ToXiiic|29/100|[from] item: Leftovers
|upkeep
|turn|34
|
|t:|1735218530
|move|p1a: Latios|Draco Meteor|p2a: ToXiiic
|-damage|p2a: ToXiiic|0 fnt
|-unboost|p1a: Latios|spa|2
|faint|p2a: ToXiiic
|
|-weather|Sandstorm|[upkeep]
|-damage|p1a: Latios|52/100|[from] Sandstorm
|upkeep
|
|t:|1735218534
|switch|p2a: Landorus|Landorus-Therian, M|68/100
|-ability|p2a: Landorus|Intimidate|boost
|-unboost|p1a: Latios|atk|1
|turn|35
|
|t:|1735218536
|move|p2a: Landorus|U-turn|p1a: Latios
|-supereffective|p1a: Latios
|-damage|p1a: Latios|0 fnt
|faint|p1a: Latios
|
|win|HydreigonSpammer
|raw|SwordIsBored's rating: 1433 &rarr; <strong>1408</strong><br />(-25 for losing)
|raw|HydreigonSpammer's rating: 1343 &rarr; <strong>1368</strong><br />(+25 for winning)
