|j|☆zerqaq
|j|☆Claude's Journey
|t:|1747189422
|gametype|singles
|player|p1|zerqaq|266|1368
|player|p2|Claude's Journey|lass-gen1rb|1325
|teamsize|p1|6
|teamsize|p2|6
|gen|5
|tier|[Gen 5] OU
|rated|
|rule|Species Clause: Limit one of each Pokémon
|rule|OHKO Clause: OHKO moves are banned
|rule|Moody Clause: Moody is banned
|rule|Evasion Items Clause: Evasion items are banned
|rule|Evasion Moves Clause: Evasion moves are banned
|rule|Endless Battle Clause: Forcing endless battles is banned
|rule|HP Percentage Mod: HP is shown in percentages
|rule|Evasion Abilities Clause: Evasion abilities are banned
|rule|Sleep Moves Clause: Sleep-inducing moves are banned
|rule|Swagger Clause: Swagger is banned
|rule|Baton Pass Stat Clause: No Baton Passer may have a way to boost its stats
|clearpoke
|poke|p1|Landorus-Therian, M|item
|poke|p1|Politoed, F|item
|poke|p1|Starmie|item
|poke|p1|Ferrothorn, F|item
|poke|p1|Jirachi|item
|poke|p1|Latios, M|item
|poke|p2|Tyranitar, M|item
|poke|p2|Landorus-Therian, M|item
|poke|p2|Ferrothorn, F|item
|poke|p2|Starmie|item
|poke|p2|Latios, M|item
|poke|p2|Garchomp, M|item
|teampreview
|inactive|Battle timer is ON: inactive players will automatically lose when time's up. (requested by zerqaq)
|j| weather type
|inactive|Claude's Journey has 120 seconds left.
|inactive|Claude's Journey has 90 seconds left.
|inactive|Claude's Journey has 60 seconds left.
|
|t:|1747189610
|start
|switch|p1a: Politoed|Politoed, F|100/100
|switch|p2a: Ferrothorn|Ferrothorn, F|100/100
|-weather|RainDance|[from] ability: Drizzle|[of] p1a: Politoed
|turn|1
|
|t:|1747189618
|switch|p1a: Ferrothorn|Ferrothorn, F|100/100
|move|p2a: Ferrothorn|Stealth Rock|p1a: Ferrothorn
|-sidestart|p1: zerqaq|move: Stealth Rock
|
|-weather|RainDance|[upkeep]
|upkeep
|turn|2
|inactive|Claude's Journey has 90 seconds left.
|inactive|Claude's Journey has 60 seconds left.
|inactive|Claude's Journey has 30 seconds left.
|inactive|Claude's Journey has 20 seconds left.
|inactive|Claude's Journey has 15 seconds left.
|inactive|Claude's Journey has 10 seconds left.
|
|t:|1747189726
|move|p1a: Ferrothorn|Stealth Rock|p2a: Ferrothorn
|-sidestart|p2: Claude's Journey|move: Stealth Rock
|move|p2a: Ferrothorn|Spikes|p1a: Ferrothorn
|-sidestart|p1: zerqaq|Spikes
|
|-weather|RainDance|[upkeep]
|upkeep
|turn|3
|inactive|Claude's Journey has 20 seconds left this turn.
|inactive|Claude's Journey has 15 seconds left.
|
|t:|1747189733
|move|p1a: Ferrothorn|Knock Off|p2a: Ferrothorn
|-resisted|p2a: Ferrothorn
|-damage|p2a: Ferrothorn|99/100
|-damage|p1a: Ferrothorn|88/100|[from] ability: Iron Barbs|[of] p2a: Ferrothorn
|-enditem|p2a: Ferrothorn|Lum Berry|[from] move: Knock Off|[of] p1a: Ferrothorn
|move|p2a: Ferrothorn|Spikes|p1a: Ferrothorn
|-sidestart|p1: zerqaq|Spikes
|
|-weather|RainDance|[upkeep]
|-heal|p1a: Ferrothorn|94/100|[from] item: Leftovers
|upkeep
|turn|4
|inactive|Claude's Journey has 25 seconds left this turn.
|inactive|Claude's Journey has 20 seconds left.
|
|t:|1747189743
|move|p1a: Ferrothorn|Spikes|p2a: Ferrothorn
|-sidestart|p2: Claude's Journey|Spikes
|move|p2a: Ferrothorn|Power Whip|p1a: Ferrothorn
|-resisted|p1a: Ferrothorn
|-damage|p1a: Ferrothorn|87/100
|-damage|p2a: Ferrothorn|86/100|[from] ability: Iron Barbs|[of] p1a: Ferrothorn
|
|-weather|RainDance|[upkeep]
|-heal|p1a: Ferrothorn|94/100|[from] item: Leftovers
|upkeep
|turn|5
|inactive|Claude's Journey has 30 seconds left this turn.
|inactive|Claude's Journey has 20 seconds left.
|
|t:|1747189755
|switch|p2a: Landorus|Landorus-Therian, M|100/100
|-damage|p2a: Landorus|88/100|[from] Stealth Rock
|-ability|p2a: Landorus|Intimidate|boost
|-unboost|p1a: Ferrothorn|atk|1
|move|p1a: Ferrothorn|Spikes|p2a: Landorus
|-sidestart|p2: Claude's Journey|Spikes
|
|-weather|RainDance|[upkeep]
|-heal|p1a: Ferrothorn|99/100|[from] item: Leftovers
|upkeep
|turn|6
|inactive|Claude's Journey has 30 seconds left this turn.
|
|t:|1747189767
|switch|p1a: Landorus|Landorus-Therian, M|100/100
|-damage|p1a: Landorus|88/100|[from] Stealth Rock
|-ability|p1a: Landorus|Intimidate|boost
|-unboost|p2a: Landorus|atk|1
|move|p2a: Landorus|Swords Dance|p2a: Landorus
|-boost|p2a: Landorus|atk|2
|
|-weather|RainDance|[upkeep]
|upkeep
|turn|7
|
|t:|1747189777
|move|p1a: Landorus|Hidden Power|p2a: Landorus
|-supereffective|p2a: Landorus
|-enditem|p2a: Landorus|Yache Berry|[eat]
|-enditem|p2a: Landorus|Yache Berry|[weaken]
|-damage|p2a: Landorus|41/100
|move|p2a: Landorus|Hidden Power|p1a: Landorus
|-supereffective|p1a: Landorus
|-damage|p1a: Landorus|0 fnt
|faint|p1a: Landorus
|
|-weather|RainDance|[upkeep]
|upkeep
|l| weather type
|
|t:|1747189791
|switch|p1a: Starmie|Starmie|100/100
|-damage|p1a: Starmie|88/100|[from] Stealth Rock
|-damage|p1a: Starmie|72/100|[from] Spikes
|turn|8
|inactive|Claude's Journey has 30 seconds left.
|
|t:|1747189818
|move|p1a: Starmie|Surf|p2a: Landorus
|-supereffective|p2a: Landorus
|-damage|p2a: Landorus|0 fnt
|faint|p2a: Landorus
|
|-weather|RainDance|[upkeep]
|upkeep
|inactive|Claude's Journey has 30 seconds left.
|
|t:|1747189826
|switch|p2a: Tyranitar|Tyranitar, M|100/100
|-damage|p2a: Tyranitar|88/100|[from] Stealth Rock
|-damage|p2a: Tyranitar|71/100|[from] Spikes
|-weather|Sandstorm|[from] ability: Sand Stream|[of] p2a: Tyranitar
|turn|9
|
|t:|1747189833
|move|p1a: Starmie|Surf|p2a: Tyranitar
|-supereffective|p2a: Tyranitar
|-damage|p2a: Tyranitar|10/100
|move|p2a: Tyranitar|Crunch|p1a: Starmie
|-supereffective|p1a: Starmie
|-damage|p1a: Starmie|0 fnt
|faint|p1a: Starmie
|
|-weather|Sandstorm|[upkeep]
|upkeep
|inactive|zerqaq has 120 seconds left.
|
|t:|1747189874
|switch|p1a: Politoed|Politoed, F|100/100
|-damage|p1a: Politoed|88/100|[from] Stealth Rock
|-damage|p1a: Politoed|72/100|[from] Spikes
|-weather|RainDance|[from] ability: Drizzle|[of] p1a: Politoed
|turn|10
|inactive|Claude's Journey has 30 seconds left.
|inactive|Claude's Journey has 20 seconds left.
|inactive|Claude's Journey has 15 seconds left.
|inactive|Claude's Journey has 10 seconds left.
|inactive|Claude's Journey has 5 seconds left.
|
|t:|1747189927
|move|p1a: Politoed|Scald|p2a: Tyranitar
|-supereffective|p2a: Tyranitar
|-damage|p2a: Tyranitar|0 fnt
|faint|p2a: Tyranitar
|
|-weather|RainDance|[upkeep]
|-heal|p1a: Politoed|78/100|[from] item: Leftovers
|upkeep
|inactive|Claude's Journey has 10 seconds left this turn.
|inactive|Claude's Journey has 5 seconds left.
|
|t:|1747189933
|switch|p2a: Starmie|Starmie|100/100
|-damage|p2a: Starmie|88/100|[from] Stealth Rock
|-item|p2a: Starmie|Air Balloon
|turn|11
|inactive|Claude's Journey has 15 seconds left this turn.
|inactive|Claude's Journey has 10 seconds left.
|
|t:|1747189942
|switch|p1a: Ferrothorn|Ferrothorn, F|99/100
|-damage|p1a: Ferrothorn|94/100|[from] Stealth Rock
|-damage|p1a: Ferrothorn|77/100|[from] Spikes
|move|p2a: Starmie|Thunder|p1a: Ferrothorn
|-resisted|p1a: Ferrothorn
|-damage|p1a: Ferrothorn|64/100
|
|-weather|RainDance|[upkeep]
|-heal|p1a: Ferrothorn|70/100|[from] item: Leftovers
|upkeep
|turn|12
|inactive|Claude's Journey has 20 seconds left this turn.
|
|t:|1747189954
|move|p2a: Starmie|Hidden Power|p1a: Ferrothorn
|-supereffective|p1a: Ferrothorn
|-damage|p1a: Ferrothorn|45/100
|move|p1a: Ferrothorn|Power Whip|p2a: Starmie
|-supereffective|p2a: Starmie
|-damage|p2a: Starmie|0 fnt
|-enditem|p2a: Starmie|Air Balloon
|faint|p2a: Starmie
|
|-weather|RainDance|[upkeep]
|-heal|p1a: Ferrothorn|51/100|[from] item: Leftovers
|upkeep
|inactive|Claude's Journey has 25 seconds left this turn.
|j| fengxistar
|inactive|Claude's Journey has 20 seconds left.
|inactive|Claude's Journey has 15 seconds left.
|inactive|Claude's Journey has 10 seconds left.
|inactive|Claude's Journey has 5 seconds left.
|
|t:|1747189979
|switch|p2a: Ferrothorn|Ferrothorn, F|86/100
|-damage|p2a: Ferrothorn|80/100|[from] Stealth Rock
|-damage|p2a: Ferrothorn|64/100|[from] Spikes
|turn|13
|inactive|Claude's Journey has 15 seconds left this turn.
|inactive|Claude's Journey has 10 seconds left.
|
|t:|1747189994
|move|p2a: Ferrothorn|Explosion|p1a: Ferrothorn
|-resisted|p1a: Ferrothorn
|-damage|p1a: Ferrothorn|31/100
|faint|p2a: Ferrothorn
|move|p1a: Ferrothorn|Spikes|p2: Ferrothorn
|-sidestart|p2: Claude's Journey|Spikes
|
|-weather|RainDance|[upkeep]
|-heal|p1a: Ferrothorn|37/100|[from] item: Leftovers
|upkeep
|inactive|Claude's Journey has 15 seconds left this turn.
|inactive|Claude's Journey has 10 seconds left.
|
|t:|1747190003
|switch|p2a: Garchomp|Garchomp, M|100/100
|-damage|p2a: Garchomp|94/100|[from] Stealth Rock
|-damage|p2a: Garchomp|69/100|[from] Spikes
|turn|14
|inactive|Claude's Journey has 20 seconds left this turn.
|
|t:|1747190016
|move|p2a: Garchomp|Earthquake|p1a: Ferrothorn
|-damage|p1a: Ferrothorn|0 fnt
|faint|p1a: Ferrothorn
|
|-weather|RainDance|[upkeep]
|upkeep
|inactive|Claude's Journey has 25 seconds left this turn.
|
|t:|1747190022
|switch|p1a: Latios|Latios, M|100/100
|-damage|p1a: Latios|88/100|[from] Stealth Rock
|turn|15
|inactive|Claude's Journey has 30 seconds left.
|
|t:|1747190029
|move|p2a: Garchomp|Earthquake|p1a: Latios
|-immune|p1a: Latios|[from] ability: Levitate
|move|p1a: Latios|Draco Meteor|p2a: Garchomp
|-supereffective|p2a: Garchomp
|-damage|p2a: Garchomp|0 fnt
|-unboost|p1a: Latios|spa|2
|faint|p2a: Garchomp
|
|-weather|RainDance|[upkeep]
|upkeep
|
|t:|1747190031
|switch|p2a: Latios|Latios, M|100/100
|-damage|p2a: Latios|88/100|[from] Stealth Rock
|turn|16
|
|t:|1747190044
|move|p2a: Latios|Surf|p1a: Latios
|-resisted|p1a: Latios
|-damage|p1a: Latios|62/100
|move|p1a: Latios|Draco Meteor|p2a: Latios
|-supereffective|p2a: Latios
|-damage|p2a: Latios|0 fnt
|-unboost|p1a: Latios|spa|2
|faint|p2a: Latios
|
|win|zerqaq
|raw|zerqaq's rating: 1368 &rarr; <strong>1386</strong><br />(+18 for winning)
|raw|Claude&apos;s Journey's rating: 1325 &rarr; <strong>1307</strong><br />(-18 for losing)
