|j|☆Mammary
|j|☆Battleboyz
|t:|1596924592
|player|p1|Mammary|1|1332
|player|p2|Battleboyz|2|1354
|teamsize|p1|6
|teamsize|p2|6
|gametype|singles
|gen|5
|tier|[Gen 5] OU
|rated|
|clearpoke
|poke|p1|Tentacruel, M|item
|poke|p1|Zapdos|item
|poke|p1|Arcanine, M|item
|poke|p1|Flygon, F|item
|poke|p1|Hitmontop, M|item
|poke|p1|Omastar, M|item
|poke|p2|Rotom-Wash|item
|poke|p2|Scizor, F|item
|poke|p2|Tyranitar, M|item
|poke|p2|Latios, M|item
|poke|p2|Breloom, M|item
|poke|p2|Heatran, F|item
|rule|Species Clause: Limit one of each Pokémon
|rule|OHKO Clause: OHKO moves are banned
|rule|Moody Clause: Moody is banned
|rule|Evasion Moves Clause: Evasion moves are banned
|rule|Endless Battle Clause: Forcing endless battles is banned
|rule|HP Percentage Mod: HP is shown in percentages
|rule|Evasion Abilities Clause: Evasion abilities are banned
|rule|Baton Pass Clause: Limit one Baton Passer, can't pass Spe and other stats simultaneously
|rule|Sleep Clause: Sleep-inducing moves are banned
|rule|Swagger Clause: Swagger is banned
|teampreview
|
|t:|1596924605
|start
|switch|p1a: Sand Lion|Flygon, F|100/100
|switch|p2a: Rotom|Rotom-Wash|100/100
|turn|1
|inactive|Battle timer is ON: inactive players will automatically lose when time's up. (requested by Battleboyz)
|
|t:|1596924625
|move|p1a: Sand Lion|U-turn|p2a: Rotom
|-damage|p2a: Rotom|74/100
|
|t:|1596924628
|switch|p1a: NSFW|Tentacruel, M, shiny|100/100|[from]move: U-turn
|move|p2a: Rotom|Hydro Pump|p1a: NSFW
|-resisted|p1a: NSFW
|-damage|p1a: NSFW|83/100
|
|-heal|p2a: Rotom|80/100|[from] item: Leftovers
|-heal|p1a: NSFW|90/100|[from] item: Black Sludge
|upkeep
|turn|2
|
|t:|1596924637
|move|p2a: Rotom|Volt Switch|p1a: NSFW
|-supereffective|p1a: NSFW
|-damage|p1a: NSFW|49/100
|
|t:|1596924640
|switch|p2a: Latios|Latios, M, shiny|100/100|[from]move: Volt Switch
|move|p1a: NSFW|Toxic Spikes|p2a: Latios
|-sidestart|p2: Battleboyz|move: Toxic Spikes
|
|-heal|p1a: NSFW|55/100|[from] item: Black Sludge
|upkeep
|turn|3
|
|t:|1596924647
|move|p1a: NSFW|Protect|p1a: NSFW
|-singleturn|p1a: NSFW|Protect
|move|p2a: Latios|Psyshock|p1a: NSFW
|-activate|p1a: NSFW|move: Protect
|
|-heal|p1a: NSFW|61/100|[from] item: Black Sludge
|upkeep
|turn|4
|
|t:|1596924654
|switch|p1a: Sparky|Zapdos, shiny|100/100
|-ability|p1a: Sparky|Pressure
|move|p2a: Latios|Psyshock|p1a: Sparky
|-damage|p1a: Sparky|59/100
|-damage|p2a: Latios|91/100|[from] item: Life Orb
|
|-heal|p1a: Sparky|65/100|[from] item: Leftovers
|upkeep
|turn|5
|
|t:|1596924667
|switch|p1a: NSFW|Tentacruel, M, shiny|61/100
|move|p2a: Latios|Draco Meteor|p1a: NSFW
|-crit|p1a: NSFW
|-damage|p1a: NSFW|0 fnt
|-unboost|p2a: Latios|spa|2
|-damage|p2a: Latios|81/100|[from] item: Life Orb
|faint|p1a: NSFW
|
|upkeep
|
|t:|1596924677
|switch|p1a: Sand Lion|Flygon, F|100/100
|turn|6
|
|t:|1596924680
|move|p1a: Sand Lion|U-turn|p2a: Latios
|-supereffective|p2a: Latios
|-damage|p2a: Latios|26/100
|
|t:|1596924686
|switch|p1a: HitMunStoppable|Hitmontop, M|100/100|[from]move: U-turn
|-ability|p1a: HitMunStoppable|Intimidate|boost
|-unboost|p2a: Latios|atk|1
|move|p2a: Latios|Draco Meteor|p1a: HitMunStoppable
|-damage|p1a: HitMunStoppable|54/100
|-unboost|p2a: Latios|spa|2
|-damage|p2a: Latios|16/100|[from] item: Life Orb
|
|-heal|p1a: HitMunStoppable|60/100|[from] item: Leftovers
|upkeep
|turn|7
|
|t:|1596924702
|switch|p2a: Scizor|Scizor, F|100/100
|move|p1a: HitMunStoppable|High Jump Kick|p2a: Scizor
|-crit|p2a: Scizor
|-damage|p2a: Scizor|21/100
|
|-heal|p1a: HitMunStoppable|66/100|[from] item: Leftovers
|upkeep
|turn|8
|
|t:|1596924710
|move|p2a: Scizor|Bullet Punch|p1a: HitMunStoppable
|-damage|p1a: HitMunStoppable|22/100
|move|p1a: HitMunStoppable|High Jump Kick|p2a: Scizor|[miss]
|-miss|p1a: HitMunStoppable|p2a: Scizor
|-damage|p1a: HitMunStoppable|0 fnt|[from] highjumpkick
|faint|p1a: HitMunStoppable
|
|upkeep
|
|t:|1596924721
|switch|p1a: Dogmeat|Arcanine, M|100/100
|-ability|p1a: Dogmeat|Intimidate|boost
|-unboost|p2a: Scizor|atk|1
|turn|9
|
|t:|1596924725
|switch|p2a: Heatran|Heatran, F, shiny|100/100
|-item|p2a: Heatran|Air Balloon
|move|p1a: Dogmeat|Wild Charge|p2a: Heatran
|-damage|p2a: Heatran|69/100
|-enditem|p2a: Heatran|Air Balloon
|-damage|p1a: Dogmeat|91/100|[from] Recoil
|-damage|p1a: Dogmeat|81/100|[from] item: Life Orb
|
|upkeep
|turn|10
|
|t:|1596924736
|move|p1a: Dogmeat|Wild Charge|p2a: Heatran
|-damage|p2a: Heatran|34/100
|-damage|p1a: Dogmeat|72/100|[from] Recoil
|-damage|p1a: Dogmeat|62/100|[from] item: Life Orb
|move|p2a: Heatran|Earth Power|p1a: Dogmeat
|-supereffective|p1a: Dogmeat
|-damage|p1a: Dogmeat|0 fnt
|faint|p1a: Dogmeat
|
|upkeep
|
|t:|1596924754
|switch|p1a: Sparky|Zapdos, shiny|65/100
|-ability|p1a: Sparky|Pressure
|turn|11
|
|t:|1596924762
|move|p1a: Sparky|Thunder|p2a: Heatran
|-damage|p2a: Heatran|0 fnt
|faint|p2a: Heatran
|
|-heal|p1a: Sparky|71/100|[from] item: Leftovers
|upkeep
|
|t:|1596924765
|switch|p2a: Tyranitar|Tyranitar, M, shiny|100/100
|-status|p2a: Tyranitar|psn
|-weather|Sandstorm|[from] ability: Sand Stream|[of] p2a: Tyranitar
|turn|12
|
|t:|1596924772
|move|p1a: Sparky|Roost|p1a: Sparky
|-heal|p1a: Sparky|100/100
|-singleturn|p1a: Sparky|move: Roost
|move|p2a: Tyranitar|Stone Edge|p1a: Sparky
|-damage|p1a: Sparky|58/100
|
|-weather|Sandstorm|[upkeep]
|-damage|p1a: Sparky|52/100|[from] Sandstorm
|-heal|p1a: Sparky|58/100|[from] item: Leftovers
|-damage|p2a: Tyranitar|88/100 psn|[from] psn
|upkeep
|turn|13
|
|t:|1596924783
|move|p1a: Sparky|Roost|p1a: Sparky
|-heal|p1a: Sparky|100/100
|-singleturn|p1a: Sparky|move: Roost
|move|p2a: Tyranitar|Stone Edge|p1a: Sparky
|-damage|p1a: Sparky|61/100
|
|-weather|Sandstorm|[upkeep]
|-damage|p1a: Sparky|55/100|[from] Sandstorm
|-heal|p1a: Sparky|61/100|[from] item: Leftovers
|-heal|p2a: Tyranitar|94/100 psn|[from] item: Leftovers
|-damage|p2a: Tyranitar|82/100 psn|[from] psn
|upkeep
|turn|14
|
|t:|1596924794
|move|p1a: Sparky|Roost|p1a: Sparky
|-heal|p1a: Sparky|100/100
|-singleturn|p1a: Sparky|move: Roost
|move|p2a: Tyranitar|Stone Edge|p1a: Sparky
|-damage|p1a: Sparky|59/100
|
|-weather|Sandstorm|[upkeep]
|-damage|p1a: Sparky|53/100|[from] Sandstorm
|-heal|p1a: Sparky|59/100|[from] item: Leftovers
|-heal|p2a: Tyranitar|88/100 psn|[from] item: Leftovers
|-damage|p2a: Tyranitar|76/100 psn|[from] psn
|upkeep
|turn|15
|
|t:|1596924806
|switch|p2a: Breloom|Breloom, M|100/100
|-status|p2a: Breloom|psn
|move|p1a: Sparky|Roost|p1a: Sparky
|-heal|p1a: Sparky|100/100
|-singleturn|p1a: Sparky|move: Roost
|
|-weather|Sandstorm|[upkeep]
|-damage|p2a: Breloom|94/100 psn|[from] Sandstorm
|-damage|p1a: Sparky|94/100|[from] Sandstorm
|-heal|p1a: Sparky|100/100|[from] item: Leftovers
|-damage|p2a: Breloom|82/100 psn|[from] psn
|upkeep
|turn|16
|
|t:|1596924817
|move|p2a: Breloom|Low Sweep|p1a: Sparky
|-resisted|p1a: Sparky
|-damage|p1a: Sparky|75/100
|-unboost|p1a: Sparky|spe|1
|-damage|p2a: Breloom|72/100 psn|[from] item: Life Orb
|move|p1a: Sparky|Heat Wave|p2a: Breloom
|-supereffective|p2a: Breloom
|-damage|p2a: Breloom|0 fnt
|faint|p2a: Breloom
|
|-weather|Sandstorm|[upkeep]
|-damage|p1a: Sparky|69/100|[from] Sandstorm
|-heal|p1a: Sparky|75/100|[from] item: Leftovers
|upkeep
|j| dNeon
|
|t:|1596924827
|switch|p2a: Latios|Latios, M, shiny|16/100
|turn|17
|
|t:|1596924849
|switch|p1a: Cthullu|Omastar, M|100/100
|move|p2a: Latios|Recover|p2a: Latios
|-heal|p2a: Latios|66/100
|
|-weather|Sandstorm|[upkeep]
|-damage|p2a: Latios|60/100|[from] Sandstorm
|upkeep
|turn|18
|
|t:|1596924864
|switch|p2a: Rotom|Rotom-Wash|80/100
|move|p1a: Cthullu|Ice Beam|p2a: Rotom
|-resisted|p2a: Rotom
|-damage|p2a: Rotom|60/100
|-status|p2a: Rotom|frz
|
|-weather|Sandstorm|[upkeep]
|-damage|p2a: Rotom|54/100 frz|[from] Sandstorm
|-heal|p2a: Rotom|60/100 frz|[from] item: Leftovers
|upkeep
|turn|19
|
|t:|1596924874
|-curestatus|p2a: Rotom|frz|[msg]
|move|p2a: Rotom|Volt Switch|p1a: Cthullu
|-supereffective|p1a: Cthullu
|-damage|p1a: Cthullu|34/100
|
|t:|1596924884
|switch|p2a: Latios|Latios, M, shiny|60/100|[from]move: Volt Switch
|move|p1a: Cthullu|Shell Smash|p1a: Cthullu
|-unboost|p1a: Cthullu|def|1
|-unboost|p1a: Cthullu|spd|1
|-boost|p1a: Cthullu|atk|2
|-boost|p1a: Cthullu|spa|2
|-boost|p1a: Cthullu|spe|2
|
|-weather|Sandstorm|[upkeep]
|-damage|p2a: Latios|54/100|[from] Sandstorm
|upkeep
|turn|20
|
|t:|1596924894
|switch|p2a: Rotom|Rotom-Wash|60/100
|move|p1a: Cthullu|Ice Beam|p2a: Rotom
|-resisted|p2a: Rotom
|-damage|p2a: Rotom|18/100
|
|-weather|Sandstorm|[upkeep]
|-damage|p2a: Rotom|11/100|[from] Sandstorm
|-heal|p2a: Rotom|18/100|[from] item: Leftovers
|upkeep
|turn|21
|
|t:|1596924903
|move|p1a: Cthullu|Ice Beam|p2a: Rotom
|-resisted|p2a: Rotom
|-damage|p2a: Rotom|0 fnt
|faint|p2a: Rotom
|
|-weather|Sandstorm|[upkeep]
|upkeep
|
|t:|1596924905
|switch|p2a: Scizor|Scizor, F|21/100
|turn|22
|
|t:|1596924909
|move|p2a: Scizor|Bullet Punch|p1a: Cthullu
|-damage|p1a: Cthullu|0 fnt
|faint|p1a: Cthullu
|
|-weather|Sandstorm|[upkeep]
|upkeep
|
|t:|1596924920
|switch|p1a: Sand Lion|Flygon, F|100/100
|turn|23
|
|t:|1596924928
|switch|p2a: Tyranitar|Tyranitar, M, shiny|76/100 psn
|move|p1a: Sand Lion|Outrage|p2a: Tyranitar
|-damage|p2a: Tyranitar|33/100 psn
|
|-weather|Sandstorm|[upkeep]
|-heal|p2a: Tyranitar|39/100 psn|[from] item: Leftovers
|-damage|p2a: Tyranitar|26/100 psn|[from] psn
|upkeep
|turn|24
|
|t:|1596924936
|move|p1a: Sand Lion|Outrage|p2a: Tyranitar|[from]lockedmove
|-damage|p2a: Tyranitar|0 fnt
|faint|p2a: Tyranitar
|
|-weather|Sandstorm|[upkeep]
|upkeep
|
|t:|1596924942
|switch|p2a: Scizor|Scizor, F|21/100
|turn|25
|
|t:|1596924946
|move|p2a: Scizor|Bullet Punch|p1a: Sand Lion
|-damage|p1a: Sand Lion|35/100
|move|p1a: Sand Lion|Outrage|p2a: Scizor|[from]lockedmove
|-resisted|p2a: Scizor
|-damage|p2a: Scizor|0 fnt
|-start|p1a: Sand Lion|confusion|[fatigue]
|faint|p2a: Scizor
|
|-weather|Sandstorm|[upkeep]
|upkeep
|
|t:|1596924948
|switch|p2a: Latios|Latios, M, shiny|54/100
|turn|26
|
|t:|1596924956
|switch|p1a: Sparky|Zapdos, shiny|75/100
|-ability|p1a: Sparky|Pressure
|move|p2a: Latios|Surf|p1a: Sparky
|-damage|p1a: Sparky|31/100
|-damage|p2a: Latios|44/100|[from] item: Life Orb
|
|-weather|Sandstorm|[upkeep]
|-damage|p2a: Latios|38/100|[from] Sandstorm
|-damage|p1a: Sparky|24/100|[from] Sandstorm
|-heal|p1a: Sparky|31/100|[from] item: Leftovers
|upkeep
|turn|27
|
|t:|1596924967
|move|p2a: Latios|Surf|p1a: Sparky
|-damage|p1a: Sparky|0 fnt
|-damage|p2a: Latios|28/100|[from] item: Life Orb
|faint|p1a: Sparky
|
|-weather|Sandstorm|[upkeep]
|-damage|p2a: Latios|22/100|[from] Sandstorm
|upkeep
|c|☆Mammary|gg
|
|t:|1596924974
|switch|p1a: Sand Lion|Flygon, F|35/100
|turn|28
|
|t:|1596924976
|move|p1a: Sand Lion|Outrage|p2a: Latios
|-supereffective|p2a: Latios
|-crit|p2a: Latios
|-damage|p2a: Latios|0 fnt
|faint|p2a: Latios
|
|win|Mammary
|l|☆Battleboyz
|raw|Mammary's rating: 1332 &rarr; <strong>1353</strong><br />(+21 for winning)
|raw|Battleboyz's rating: 1354 &rarr; <strong>1332</strong><br />(-22 for losing)
