|j|☆killapokeman
|j|☆vvariants
|t:|1705175239
|gametype|singles
|player|p1|killapokeman|hoopster|1315
|player|p2|vvariants|lyra|1388
|teamsize|p1|6
|teamsize|p2|6
|gen|5
|tier|[Gen 5] OU
|rated|
|rule|Species Clause: Limit one of each Pokémon
|rule|OHKO Clause: OHKO moves are banned
|rule|Moody Clause: Moody is banned
|rule|Evasion Items Clause: Evasion items are banned
|rule|Evasion Moves Clause: Evasion moves are banned
|rule|Endless Battle Clause: Forcing endless battles is banned
|rule|HP Percentage Mod: HP is shown in percentages
|rule|Evasion Abilities Clause: Evasion abilities are banned
|rule|Sleep Moves Clause: Sleep-inducing moves are banned
|rule|Swagger Clause: Swagger is banned
|rule|Baton Pass Stat Clause: No Baton Passer may have a way to boost its stats
|clearpoke
|poke|p1|Skarmory, M|item
|poke|p1|Politoed, F|item
|poke|p1|Tentacruel, F|item
|poke|p1|Salamence, M|item
|poke|p1|Volcarona, F|item
|poke|p1|Cofagrigus, M|item
|poke|p2|Tyranitar, F|item
|poke|p2|Landorus-Therian, M|item
|poke|p2|Garchomp, F|item
|poke|p2|Jirachi|item
|poke|p2|Latios, M|item
|poke|p2|Rotom-Wash|item
|teampreview
|inactive|Battle timer is ON: inactive players will automatically lose when time's up. (requested by vvariants)
|inactive|killapokeman also wants the timer to be on.
|
|t:|1705175268
|start
|switch|p1a: Skarmory|Skarmory, M, shiny|100/100
|switch|p2a: Rotom|Rotom-Wash|100/100
|turn|1
|
|t:|1705175273
|move|p2a: Rotom|Volt Switch|p1a: Skarmory
|-supereffective|p1a: Skarmory
|-damage|p1a: Skarmory|25/100
|
|t:|1705175275
|switch|p2a: Garchomp|Garchomp, F|100/100|[from] Volt Switch
|move|p1a: Skarmory|Stealth Rock|p2a: Garchomp
|-sidestart|p2: vvariants|move: Stealth Rock
|
|upkeep
|turn|2
|
|t:|1705175280
|move|p2a: Garchomp|Stealth Rock|p1a: Skarmory
|-sidestart|p1: killapokeman|move: Stealth Rock
|move|p1a: Skarmory|Taunt|p2a: Garchomp
|-start|p2a: Garchomp|move: Taunt
|
|upkeep
|turn|3
|
|t:|1705175283
|move|p2a: Garchomp|Fire Blast|p1a: Skarmory
|-supereffective|p1a: Skarmory
|-damage|p1a: Skarmory|0 fnt
|faint|p1a: Skarmory
|-damage|p2a: Garchomp|91/100|[from] item: Life Orb
|
|upkeep
|
|t:|1705175291
|switch|p1a: Politoed|Politoed, F, shiny|100/100
|-damage|p1a: Politoed|88/100|[from] Stealth Rock
|-weather|RainDance|[from] ability: Drizzle|[of] p1a: Politoed
|turn|4
|
|t:|1705175294
|move|p2a: Garchomp|Earthquake|p1a: Politoed
|-damage|p1a: Politoed|19/100
|-damage|p2a: Garchomp|81/100|[from] item: Life Orb
|move|p1a: Politoed|Ice Beam|p2a: Garchomp
|-supereffective|p2a: Garchomp
|-damage|p2a: Garchomp|0 fnt
|faint|p2a: Garchomp
|
|-weather|RainDance|[upkeep]
|upkeep
|
|t:|1705175301
|switch|p2a: Jirachi|Jirachi|100/100
|-damage|p2a: Jirachi|94/100|[from] Stealth Rock
|turn|5
|
|t:|1705175306
|move|p2a: Jirachi|Thunder|p1a: Politoed
|-supereffective|p1a: Politoed
|-damage|p1a: Politoed|0 fnt
|faint|p1a: Politoed
|
|-weather|RainDance|[upkeep]
|upkeep
|
|t:|1705175308
|switch|p1a: Tentacruel|Tentacruel, F, shiny|100/100
|-damage|p1a: Tentacruel|88/100|[from] Stealth Rock
|turn|6
|
|t:|1705175310
|move|p2a: Jirachi|Thunder|p1a: Tentacruel
|-supereffective|p1a: Tentacruel
|-damage|p1a: Tentacruel|39/100
|-status|p1a: Tentacruel|par
|cant|p1a: Tentacruel|par
|
|-weather|RainDance|[upkeep]
|-heal|p1a: Tentacruel|45/100 par|[from] ability: Rain Dish
|-heal|p1a: Tentacruel|51/100 par|[from] item: Black Sludge
|upkeep
|turn|7
|
|t:|1705175315
|move|p1a: Tentacruel|Protect|p1a: Tentacruel
|-singleturn|p1a: Tentacruel|Protect
|move|p2a: Jirachi|Thunder|p1a: Tentacruel
|-activate|p1a: Tentacruel|move: Protect
|
|-weather|RainDance|[upkeep]
|-heal|p1a: Tentacruel|57/100 par|[from] ability: Rain Dish
|-heal|p1a: Tentacruel|63/100 par|[from] item: Black Sludge
|upkeep
|turn|8
|
|t:|1705175318
|move|p2a: Jirachi|Thunder|p1a: Tentacruel
|-supereffective|p1a: Tentacruel
|-damage|p1a: Tentacruel|16/100 par
|move|p1a: Tentacruel|Rapid Spin|p2a: Jirachi
|-resisted|p2a: Jirachi
|-damage|p2a: Jirachi|93/100
|-sideend|p1: killapokeman|Stealth Rock|[from] move: Rapid Spin|[of] p1a: Tentacruel
|
|-weather|RainDance|[upkeep]
|-heal|p1a: Tentacruel|22/100 par|[from] ability: Rain Dish
|-heal|p1a: Tentacruel|28/100 par|[from] item: Black Sludge
|upkeep
|turn|9
|
|t:|1705175323
|move|p1a: Tentacruel|Protect|p1a: Tentacruel
|-singleturn|p1a: Tentacruel|Protect
|move|p2a: Jirachi|Thunder|p1a: Tentacruel
|-activate|p1a: Tentacruel|move: Protect
|
|-weather|RainDance|[upkeep]
|-heal|p1a: Tentacruel|34/100 par|[from] ability: Rain Dish
|-heal|p1a: Tentacruel|40/100 par|[from] item: Black Sludge
|upkeep
|turn|10
|
|t:|1705175328
|switch|p1a: Cofagrigus|Cofagrigus, M|100/100
|move|p2a: Jirachi|Thunder|p1a: Cofagrigus
|-damage|p1a: Cofagrigus|80/100
|
|-weather|RainDance|[upkeep]
|-heal|p1a: Cofagrigus|86/100|[from] item: Leftovers
|upkeep
|turn|11
|
|t:|1705175332
|move|p2a: Jirachi|Thunder|p1a: Cofagrigus
|-damage|p1a: Cofagrigus|65/100
|move|p1a: Cofagrigus|Calm Mind|p1a: Cofagrigus
|-boost|p1a: Cofagrigus|spa|1
|-boost|p1a: Cofagrigus|spd|1
|
|-weather|RainDance|[upkeep]
|-heal|p1a: Cofagrigus|72/100|[from] item: Leftovers
|upkeep
|turn|12
|
|t:|1705175340
|move|p2a: Jirachi|Thunder|p1a: Cofagrigus
|-crit|p1a: Cofagrigus
|-damage|p1a: Cofagrigus|33/100
|-status|p1a: Cofagrigus|par
|move|p1a: Cofagrigus|Shadow Ball|p2a: Jirachi
|-damage|p2a: Jirachi|52/100
|-unboost|p2a: Jirachi|spd|1
|
|-weather|RainDance|[upkeep]
|-heal|p1a: Cofagrigus|39/100 par|[from] item: Leftovers
|upkeep
|turn|13
|
|t:|1705175343
|move|p2a: Jirachi|Iron Head|p1a: Cofagrigus
|-damage|p1a: Cofagrigus|13/100 par
|-activate|p1a: Cofagrigus|ability: Mummy|Serene Grace|[of] p2a: Jirachi
|move|p1a: Cofagrigus|Pain Split|p2a: Jirachi
|-sethp|p2a: Jirachi|32/100|[from] move: Pain Split|[silent]
|-sethp|p1a: Cofagrigus|34/100 par|[from] move: Pain Split
|
|-weather|RainDance|[upkeep]
|-heal|p1a: Cofagrigus|40/100 par|[from] item: Leftovers
|upkeep
|turn|14
|
|t:|1705175351
|move|p2a: Jirachi|Iron Head|p1a: Cofagrigus
|-damage|p1a: Cofagrigus|15/100 par
|move|p1a: Cofagrigus|Shadow Ball|p2a: Jirachi
|-damage|p2a: Jirachi|0 fnt
|faint|p2a: Jirachi
|
|-weather|RainDance|[upkeep]
|-heal|p1a: Cofagrigus|21/100 par|[from] item: Leftovers
|upkeep
|
|t:|1705175360
|switch|p2a: Latios|Latios, M|100/100
|-damage|p2a: Latios|88/100|[from] Stealth Rock
|turn|15
|
|t:|1705175363
|move|p2a: Latios|Surf|p1a: Cofagrigus
|-damage|p1a: Cofagrigus|0 fnt
|faint|p1a: Cofagrigus
|
|-weather|RainDance|[upkeep]
|upkeep
|
|t:|1705175366
|switch|p1a: Salamence|Salamence, M, shiny|100/100
|turn|16
|
|t:|1705175373
|switch|p2a: Tyranitar|Tyranitar, F|100/100
|-damage|p2a: Tyranitar|88/100|[from] Stealth Rock
|-weather|Sandstorm|[from] ability: Sand Stream|[of] p2a: Tyranitar
|switch|p1a: Tentacruel|Tentacruel, F, shiny|40/100 par
|
|-weather|Sandstorm|[upkeep]
|-damage|p1a: Tentacruel|34/100 par|[from] Sandstorm
|-heal|p1a: Tentacruel|40/100 par|[from] item: Black Sludge
|upkeep
|turn|17
|
|t:|1705175377
|move|p2a: Tyranitar|Crunch|p1a: Tentacruel
|-damage|p1a: Tentacruel|0 fnt
|faint|p1a: Tentacruel
|
|-weather|Sandstorm|[upkeep]
|upkeep
|
|t:|1705175387
|switch|p1a: Salamence|Salamence, M, shiny|100/100
|turn|18
|
|t:|1705175391
|move|p1a: Salamence|Dragon Dance|p1a: Salamence
|-boost|p1a: Salamence|atk|1
|-boost|p1a: Salamence|spe|1
|move|p2a: Tyranitar|Ice Punch|p1a: Salamence
|-supereffective|p1a: Salamence
|-crit|p1a: Salamence
|-damage|p1a: Salamence|0 fnt
|faint|p1a: Salamence
|
|-weather|Sandstorm|[upkeep]
|upkeep
|
|t:|1705175395
|switch|p1a: Volcarona|Volcarona, F, shiny|100/100
|turn|19
|
|t:|1705175400
|move|p1a: Volcarona|Quiver Dance|p1a: Volcarona
|-boost|p1a: Volcarona|spa|1
|-boost|p1a: Volcarona|spd|1
|-boost|p1a: Volcarona|spe|1
|move|p2a: Tyranitar|Crunch|p1a: Volcarona
|-damage|p1a: Volcarona|41/100
|
|-weather|Sandstorm|[upkeep]
|-damage|p1a: Volcarona|35/100|[from] Sandstorm
|upkeep
|turn|20
|
|t:|1705175403
|move|p1a: Volcarona|Giga Drain|p2a: Tyranitar
|-supereffective|p2a: Tyranitar
|-damage|p2a: Tyranitar|47/100
|-heal|p1a: Volcarona|58/100|[from] drain|[of] p2a: Tyranitar
|move|p2a: Tyranitar|Crunch|p1a: Volcarona
|-damage|p1a: Volcarona|0 fnt
|-status|p2a: Tyranitar|brn|[from] ability: Flame Body|[of] p1a: Volcarona
|faint|p1a: Volcarona
|
|win|vvariants
|raw|killapokeman's rating: 1315 &rarr; <strong>1299</strong><br />(-16 for losing)
|raw|vvariants's rating: 1388 &rarr; <strong>1404</strong><br />(+16 for winning)
|l|☆killapokeman
|player|p1|
