|j|☆hooters enthusiast
|j|☆bwc candyland
|t:|1714863803
|gametype|singles
|player|p1|hooters enthusiast|acetrainersnow|1345
|player|p2|bwc candyland|battlegirl-gen4|1649
|teamsize|p1|6
|teamsize|p2|6
|gen|5
|tier|[Gen 5] OU
|rated|
|rule|Species Clause: Limit one of each Pokémon
|rule|OHKO Clause: OHKO moves are banned
|rule|Moody Clause: Moody is banned
|rule|Evasion Items Clause: Evasion items are banned
|rule|Evasion Moves Clause: Evasion moves are banned
|rule|Endless Battle Clause: Forcing endless battles is banned
|rule|HP Percentage Mod: HP is shown in percentages
|rule|Evasion Abilities Clause: Evasion abilities are banned
|rule|Sleep Moves Clause: Sleep-inducing moves are banned
|rule|Swagger Clause: Swagger is banned
|rule|Baton Pass Stat Clause: No Baton Passer may have a way to boost its stats
|clearpoke
|poke|p1|Magnezone|item
|poke|p1|Kyurem-Black|item
|poke|p1|Latios, M|item
|poke|p1|Garchomp, M|item
|poke|p1|Jirachi|item
|poke|p1|Reuniclus, F|item
|poke|p2|Garchomp, F|item
|poke|p2|Landorus-Therian, M|item
|poke|p2|Tyranitar, F|item
|poke|p2|Tangrowth, F|item
|poke|p2|Slowking, F|item
|poke|p2|Excadrill, F|item
|teampreview
|inactive|Battle timer is ON: inactive players will automatically lose when time's up. (requested by hooters enthusiast)
|inactive|bwc candyland has 120 seconds left.
|
|t:|1714863835
|start
|switch|p1a: Xmas Ornament|Jirachi|100/100
|switch|p2a: Tyranitar|Tyranitar, F|100/100
|-weather|Sandstorm|[from] ability: Sand Stream|[of] p2a: Tyranitar
|turn|1
|
|t:|1714863843
|move|p1a: Xmas Ornament|Stealth Rock|p2a: Tyranitar
|-sidestart|p2: bwc candyland|move: Stealth Rock
|move|p2a: Tyranitar|Thunder Wave|p1a: Xmas Ornament
|-status|p1a: Xmas Ornament|par
|
|-weather|Sandstorm|[upkeep]
|upkeep
|turn|2
|
|t:|1714863847
|move|p2a: Tyranitar|Stealth Rock|p1a: Xmas Ornament
|-sidestart|p1: hooters enthusiast|move: Stealth Rock
|move|p1a: Xmas Ornament|U-turn|p2a: Tyranitar
|-supereffective|p2a: Tyranitar
|-damage|p2a: Tyranitar|73/100
|
|t:|1714863854
|switch|p1a: AMG|Garchomp, M, shiny|100/100|[from] U-turn
|-damage|p1a: AMG|94/100|[from] Stealth Rock
|
|-weather|Sandstorm|[upkeep]
|upkeep
|turn|3
|
|t:|1714863860
|switch|p1a: Playdough|Reuniclus, F, shiny|100/100
|switch|p2a: Tangrowth|Tangrowth, F|100/100
|-damage|p2a: Tangrowth|88/100|[from] Stealth Rock
|
|-weather|Sandstorm|[upkeep]
|-damage|p2a: Tangrowth|82/100|[from] Sandstorm
|upkeep
|turn|4
|
|t:|1714863866
|switch|p2a: Slowking|Slowking, F|100/100
|-damage|p2a: Slowking|88/100|[from] Stealth Rock
|move|p1a: Playdough|Trick Room|p1a: Playdough
|-fieldstart|move: Trick Room|[of] p1a: Playdough
|
|-weather|Sandstorm|[upkeep]
|-damage|p2a: Slowking|82/100|[from] Sandstorm
|-heal|p2a: Slowking|88/100|[from] item: Leftovers
|upkeep
|turn|5
|
|t:|1714863870
|move|p1a: Playdough|Shadow Ball|p2a: Slowking
|-supereffective|p2a: Slowking
|-damage|p2a: Slowking|29/100
|-unboost|p2a: Slowking|spd|1
|move|p2a: Slowking|Slack Off|p2a: Slowking
|-heal|p2a: Slowking|79/100
|
|-weather|Sandstorm|[upkeep]
|-damage|p2a: Slowking|73/100|[from] Sandstorm
|-heal|p2a: Slowking|79/100|[from] item: Leftovers
|upkeep
|turn|6
|
|t:|1714863874
|switch|p2a: Tyranitar|Tyranitar, F|73/100
|-damage|p2a: Tyranitar|61/100|[from] Stealth Rock
|move|p1a: Playdough|Shadow Ball|p2a: Tyranitar
|-resisted|p2a: Tyranitar
|-damage|p2a: Tyranitar|51/100
|-unboost|p2a: Tyranitar|spd|1
|
|-weather|Sandstorm|[upkeep]
|upkeep
|turn|7
|
|t:|1714863878
|switch|p2a: Slowking|Slowking, F|100/100
|-damage|p2a: Slowking|88/100|[from] Stealth Rock
|move|p1a: Playdough|Focus Blast|p2a: Slowking|[miss]
|-miss|p1a: Playdough|p2a: Slowking
|
|-weather|Sandstorm|[upkeep]
|-damage|p2a: Slowking|82/100|[from] Sandstorm
|-heal|p2a: Slowking|88/100|[from] item: Leftovers
|upkeep
|turn|8
|
|t:|1714863881
|switch|p2a: Tyranitar|Tyranitar, F|51/100
|-damage|p2a: Tyranitar|38/100|[from] Stealth Rock
|move|p1a: Playdough|Shadow Ball|p2a: Tyranitar
|-resisted|p2a: Tyranitar
|-damage|p2a: Tyranitar|29/100
|
|-weather|Sandstorm|[upkeep]
|-fieldend|move: Trick Room
|upkeep
|turn|9
|
|t:|1714863884
|move|p2a: Tyranitar|Thunder Wave|p1a: Playdough
|-status|p1a: Playdough|par
|move|p1a: Playdough|Trick Room|p1a: Playdough
|-fieldstart|move: Trick Room|[of] p1a: Playdough
|
|-weather|Sandstorm|[upkeep]
|upkeep
|turn|10
|
|t:|1714863887
|switch|p2a: Slowking|Slowking, F|100/100
|-damage|p2a: Slowking|88/100|[from] Stealth Rock
|move|p1a: Playdough|Shadow Ball|p2a: Slowking
|-supereffective|p2a: Slowking
|-crit|p2a: Slowking
|-damage|p2a: Slowking|0 fnt
|faint|p2a: Slowking
|
|-weather|Sandstorm|[upkeep]
|upkeep
|
|t:|1714863891
|switch|p2a: Tyranitar|Tyranitar, F|29/100
|-damage|p2a: Tyranitar|16/100|[from] Stealth Rock
|turn|11
|
|t:|1714863893
|move|p1a: Playdough|Shadow Ball|p2a: Tyranitar
|-resisted|p2a: Tyranitar
|-damage|p2a: Tyranitar|7/100
|move|p2a: Tyranitar|Rock Slide|p1a: Playdough
|-damage|p1a: Playdough|63/100 par
|
|-weather|Sandstorm|[upkeep]
|upkeep
|turn|12
|
|t:|1714863896
|move|p1a: Playdough|Shadow Ball|p2a: Tyranitar
|-resisted|p2a: Tyranitar
|-damage|p2a: Tyranitar|0 fnt
|faint|p2a: Tyranitar
|
|-weather|Sandstorm|[upkeep]
|upkeep
|
|t:|1714863899
|switch|p2a: Excadrill|Excadrill, F|100/100
|-damage|p2a: Excadrill|97/100|[from] Stealth Rock
|turn|13
|
|t:|1714863903
|cant|p1a: Playdough|par
|move|p2a: Excadrill|Rapid Spin|p1a: Playdough
|-damage|p1a: Playdough|56/100 par
|-sideend|p2: bwc candyland|Stealth Rock|[from] move: Rapid Spin|[of] p2a: Excadrill
|
|-weather|Sandstorm|[upkeep]
|-heal|p2a: Excadrill|100/100|[from] item: Leftovers
|-fieldend|move: Trick Room
|upkeep
|turn|14
|
|t:|1714863908
|move|p2a: Excadrill|Earthquake|p1a: Playdough
|-damage|p1a: Playdough|0 fnt
|faint|p1a: Playdough
|
|-weather|Sandstorm|[upkeep]
|upkeep
|
|t:|1714863912
|switch|p1a: The Claw|Magnezone, shiny|100/100
|-damage|p1a: The Claw|94/100|[from] Stealth Rock
|-item|p1a: The Claw|Air Balloon
|turn|15
|
|t:|1714863914
|move|p2a: Excadrill|Iron Head|p1a: The Claw
|-resisted|p1a: The Claw
|-damage|p1a: The Claw|82/100
|-enditem|p1a: The Claw|Air Balloon
|cant|p1a: The Claw|flinch
|
|-weather|Sandstorm|[upkeep]
|upkeep
|turn|16
|
|t:|1714863917
|move|p2a: Excadrill|Iron Head|p1a: The Claw
|-resisted|p1a: The Claw
|-damage|p1a: The Claw|69/100
|move|p1a: The Claw|Sunny Day|p1a: The Claw
|-weather|SunnyDay
|
|-weather|SunnyDay|[upkeep]
|upkeep
|turn|17
|
|t:|1714863920
|move|p2a: Excadrill|Earthquake|p1a: The Claw
|-supereffective|p1a: The Claw
|-damage|p1a: The Claw|0 fnt
|faint|p1a: The Claw
|
|-weather|SunnyDay|[upkeep]
|upkeep
|
|t:|1714863925
|switch|p1a: AMG|Garchomp, M, shiny|94/100
|-damage|p1a: AMG|88/100|[from] Stealth Rock
|turn|18
|
|t:|1714863927
|switch|p2a: Tangrowth|Tangrowth, F|100/100
|move|p1a: AMG|Fire Fang|p2a: Tangrowth
|-supereffective|p2a: Tangrowth
|-damage|p2a: Tangrowth|65/100
|-damage|p1a: AMG|72/100|[from] item: Rocky Helmet|[of] p2a: Tangrowth
|
|-weather|SunnyDay|[upkeep]
|upkeep
|turn|19
|
|t:|1714863932
|switch|p2a: Landorus|Landorus-Therian, M|100/100
|-ability|p2a: Landorus|Intimidate|boost
|-unboost|p1a: AMG|atk|1
|move|p1a: AMG|Fire Fang|p2a: Landorus
|-damage|p2a: Landorus|75/100
|
|-weather|SunnyDay|[upkeep]
|upkeep
|turn|20
|
|t:|1714863939
|switch|p1a: Xmas Ornament|Jirachi|100/100 par
|-damage|p1a: Xmas Ornament|94/100 par|[from] Stealth Rock
|move|p2a: Landorus|Earthquake|p1a: Xmas Ornament
|-supereffective|p1a: Xmas Ornament
|-damage|p1a: Xmas Ornament|0 fnt
|faint|p1a: Xmas Ornament
|
|-weather|none
|upkeep
|
|t:|1714863945
|switch|p1a: AMG|Garchomp, M, shiny|72/100
|-damage|p1a: AMG|65/100|[from] Stealth Rock
|turn|21
|
|t:|1714863949
|move|p1a: AMG|Outrage|p2a: Landorus
|-damage|p2a: Landorus|3/100
|move|p2a: Landorus|Earthquake|p1a: AMG
|-crit|p1a: AMG
|-damage|p1a: AMG|0 fnt
|faint|p1a: AMG
|
|upkeep
|
|t:|1714863962
|switch|p1a: Turbo|Kyurem-Black, shiny|100/100
|-damage|p1a: Turbo|76/100|[from] Stealth Rock
|-ability|p1a: Turbo|Teravolt
|turn|22
|
|t:|1714863965
|move|p1a: Turbo|Outrage|p2a: Landorus
|-damage|p2a: Landorus|0 fnt
|faint|p2a: Landorus
|
|upkeep
|
|t:|1714863968
|switch|p2a: Garchomp|Garchomp, F|100/100
|turn|23
|
|t:|1714863970
|move|p2a: Garchomp|Outrage|p1a: Turbo
|-supereffective|p1a: Turbo
|-damage|p1a: Turbo|0 fnt
|faint|p1a: Turbo
|
|upkeep
|
|t:|1714863972
|switch|p1a: What You Need|Latios, M, shiny|100/100
|-damage|p1a: What You Need|88/100|[from] Stealth Rock
|turn|24
|
|t:|1714863977
|move|p1a: What You Need|Dragon Pulse|p2a: Garchomp
|-supereffective|p2a: Garchomp
|-damage|p2a: Garchomp|2/100
|move|p2a: Garchomp|Outrage|p1a: What You Need|[from]lockedmove
|-supereffective|p1a: What You Need
|-damage|p1a: What You Need|0 fnt
|faint|p1a: What You Need
|-start|p2a: Garchomp|confusion|[fatigue]
|
|win|bwc candyland
|raw|hooters enthusiast's rating: 1345 &rarr; <strong>1339</strong><br />(-6 for losing)
|raw|bwc candyland's rating: 1649 &rarr; <strong>1655</strong><br />(+6 for winning)
|l|☆hooters enthusiast
|player|p1|
|c|☆bwc candyland|gg
