|j|☆Kobe_Pain
|j|☆tgrdfgfdf
|player|p1|Kobe_Pain|100
|player|p2|tgrdfgfdf|169
|teamsize|p1|6
|teamsize|p2|6
|gametype|singles
|gen|5
|tier|[Gen 5] OU
|rated|
|rule|Sleep Clause Mod: Limit one foe put to sleep
|rule|Species Clause: Limit one of each Pokémon
|rule|OHKO Clause: OHKO moves are banned
|rule|Moody Clause: Moody is banned
|rule|Evasion Moves Clause: Evasion moves are banned
|rule|Endless Battle Clause: Forcing endless battles is banned
|rule|HP Percentage Mod: HP is shown in percentages
|rule|Evasion Abilities Clause: Evasion abilities are banned
|rule|Baton Pass Clause: Limit one Baton Passer, can't pass Spe and other stats simultaneously
|rule|Swagger Clause: Swagger is banned
|clearpoke
|poke|p1|Tyranitar, M|item
|poke|p1|Latios, M|item
|poke|p1|Landorus-Therian, M|item
|poke|p1|Ferrothorn, M|item
|poke|p1|Alakazam, F|item
|poke|p1|Excadrill, M|item
|poke|p2|Politoed, M|item
|poke|p2|Excadrill, M|item
|poke|p2|Tentacruel, F|item
|poke|p2|Breloom, F|item
|poke|p2|Jirachi|item
|poke|p2|Latios, M|item
|teampreview
|inactive|Battle timer is ON: inactive players will automatically lose when time's up. (requested by tgrdfgfdf)
|
|start
|switch|p1a: Landorus|Landorus-Therian, M|319/319
|switch|p2a: Politoed|Politoed, M|384/384
|-ability|p1a: Landorus|Intimidate|boost
|-unboost|p2a: Politoed|atk|1
|-weather|RainDance|[from] ability: Drizzle|[of] p2a: Politoed
|turn|1
|
|move|p1a: Landorus|U-turn|p2a: Politoed
|-damage|p2a: Politoed|303/384
|
|switch|p1a: Latios|Latios, M|301/301
|move|p2a: Politoed|Scald|p1a: Latios
|-resisted|p1a: Latios
|-damage|p1a: Latios|245/301
|
|-weather|RainDance|[upkeep]
|-heal|p2a: Politoed|327/384|[from] item: Leftovers
|upkeep
|turn|2
|
|move|p2a: Politoed|Protect|p2a: Politoed
|-singleturn|p2a: Politoed|Protect
|move|p1a: Latios|Surf|p2a: Politoed
|-activate|p2a: Politoed|move: Protect
|
|-weather|RainDance|[upkeep]
|-heal|p2a: Politoed|351/384|[from] item: Leftovers
|upkeep
|turn|3
|
|move|p1a: Latios|Surf|p2a: Politoed
|-resisted|p2a: Politoed
|-damage|p2a: Politoed|223/384
|move|p2a: Politoed|Scald|p1a: Latios
|-resisted|p1a: Latios
|-damage|p1a: Latios|191/301
|
|-weather|RainDance|[upkeep]
|-heal|p2a: Politoed|247/384|[from] item: Leftovers
|upkeep
|turn|4
|
|move|p2a: Politoed|Protect|p2a: Politoed
|-singleturn|p2a: Politoed|Protect
|move|p1a: Latios|Surf|p2a: Politoed
|-activate|p2a: Politoed|move: Protect
|
|-weather|RainDance|[upkeep]
|-heal|p2a: Politoed|271/384|[from] item: Leftovers
|upkeep
|turn|5
|
|move|p1a: Latios|Surf|p2a: Politoed
|-resisted|p2a: Politoed
|-damage|p2a: Politoed|145/384
|move|p2a: Politoed|Scald|p1a: Latios
|-resisted|p1a: Latios
|-damage|p1a: Latios|133/301
|
|-weather|RainDance|[upkeep]
|-heal|p2a: Politoed|169/384|[from] item: Leftovers
|upkeep
|turn|6
|
|switch|p2a: Latios|Latios, M|301/301
|move|p1a: Latios|Surf|p2a: Latios
|-resisted|p2a: Latios
|-damage|p2a: Latios|188/301
|
|-weather|RainDance|[upkeep]
|upkeep
|turn|7
|
|switch|p2a: Breloom|Breloom, F|320/320
|switch|p1a: Tyranitar|Tyranitar, M|380/380
|-weather|Sandstorm|[from] ability: Sand Stream|[of] p1a: Tyranitar
|
|-weather|Sandstorm|[upkeep]
|-damage|p2a: Breloom|300/320|[from] Sandstorm
|-status|p2a: Breloom|tox|[from] item: Toxic Orb
|upkeep
|turn|8
|
|switch|p1a: Latios|Latios, M|133/301
|move|p2a: Breloom|Spore|p1a: Latios
|-status|p1a: Latios|slp|[from] move: Spore
|
|-weather|Sandstorm|[upkeep]
|-damage|p1a: Latios|115/301 slp|[from] Sandstorm
|-damage|p2a: Breloom|280/320 tox|[from] Sandstorm
|-heal|p2a: Breloom|320/320 tox|[from] ability: Poison Heal
|upkeep
|turn|9
|
|switch|p2a: Jirachi|Jirachi|404/404
|cant|p1a: Latios|slp
|move|p1a: Latios|Sleep Talk|p1a: Latios
|move|p1a: Latios|Draco Meteor|p2a: Jirachi|[from]Sleep Talk
|-resisted|p2a: Jirachi
|-damage|p2a: Jirachi|272/404
|-unboost|p1a: Latios|spa|2
|
|-weather|Sandstorm|[upkeep]
|-damage|p1a: Latios|97/301 slp|[from] Sandstorm
|-heal|p2a: Jirachi|297/404|[from] item: Leftovers
|upkeep
|turn|10
|
|switch|p1a: Landorus|Landorus-Therian, M|319/319
|-ability|p1a: Landorus|Intimidate|boost
|-unboost|p2a: Jirachi|atk|1
|move|p2a: Jirachi|Stealth Rock|p1a: Landorus
|-sidestart|p1: Kobe_Pain|move: Stealth Rock
|
|-weather|Sandstorm|[upkeep]
|-heal|p2a: Jirachi|322/404|[from] item: Leftovers
|upkeep
|turn|11
|
|move|p1a: Landorus|U-turn|p2a: Jirachi
|-damage|p2a: Jirachi|232/404
|
|switch|p1a: Ferrothorn|Ferrothorn, M|352/352
|-damage|p1a: Ferrothorn|330/352|[from] Stealth Rock
|move|p2a: Jirachi|U-turn|p1a: Ferrothorn
|-crit|p1a: Ferrothorn
|-damage|p1a: Ferrothorn|252/352
|-damage|p2a: Jirachi|182/404|[from] ability: Iron Barbs|[of] p1a: Ferrothorn
|
|switch|p2a: Politoed|Politoed, M|169/384
|-weather|RainDance|[from] ability: Drizzle|[of] p2a: Politoed
|
|-weather|RainDance|[upkeep]
|-heal|p2a: Politoed|193/384|[from] item: Leftovers
|-heal|p1a: Ferrothorn|274/352|[from] item: Leftovers
|upkeep
|turn|12
|
|switch|p2a: Excadrill|Excadrill, M|361/361
|-ability|p2a: Excadrill|Mold Breaker
|move|p1a: Ferrothorn|Leech Seed|p2a: Excadrill
|-start|p2a: Excadrill|move: Leech Seed
|
|-weather|RainDance|[upkeep]
|-heal|p1a: Ferrothorn|296/352|[from] item: Leftovers
|-damage|p2a: Excadrill|316/361|[from] Leech Seed|[of] p1a: Ferrothorn
|-heal|p1a: Ferrothorn|341/352|[silent]
|upkeep
|turn|13
|
|move|p2a: Excadrill|Swords Dance|p2a: Excadrill
|-boost|p2a: Excadrill|atk|2
|move|p1a: Ferrothorn|Power Whip|p2a: Excadrill
|-damage|p2a: Excadrill|123/361
|
|-weather|RainDance|[upkeep]
|-heal|p2a: Excadrill|145/361|[from] item: Leftovers
|-heal|p1a: Ferrothorn|352/352|[from] item: Leftovers
|-damage|p2a: Excadrill|100/361|[from] Leech Seed|[of] p1a: Ferrothorn
|upkeep
|turn|14
|
|switch|p1a: Landorus|Landorus-Therian, M|319/319
|-damage|p1a: Landorus|280/319|[from] Stealth Rock
|-ability|p1a: Landorus|Intimidate|boost
|-unboost|p2a: Excadrill|atk|1
|move|p2a: Excadrill|Earthquake|p1a: Landorus
|-immune|p1a: Landorus
|
|-weather|RainDance|[upkeep]
|-heal|p2a: Excadrill|122/361|[from] item: Leftovers
|-damage|p2a: Excadrill|77/361|[from] Leech Seed|[of] p1a: Landorus
|-heal|p1a: Landorus|319/319|[silent]
|upkeep
|turn|15
|
|move|p1a: Landorus|Superpower|p2a: Excadrill
|-supereffective|p2a: Excadrill
|-damage|p2a: Excadrill|0 fnt
|-unboost|p1a: Landorus|atk|1
|-unboost|p1a: Landorus|def|1
|faint|p2a: Excadrill
|
|-weather|RainDance|[upkeep]
|upkeep
|
|switch|p2a: Politoed|Politoed, M|193/384
|turn|16
|
|switch|p1a: Ferrothorn|Ferrothorn, M|352/352
|-damage|p1a: Ferrothorn|330/352|[from] Stealth Rock
|move|p2a: Politoed|Scald|p1a: Ferrothorn
|-resisted|p1a: Ferrothorn
|-damage|p1a: Ferrothorn|280/352
|
|-weather|RainDance|[upkeep]
|-heal|p2a: Politoed|217/384|[from] item: Leftovers
|-heal|p1a: Ferrothorn|302/352|[from] item: Leftovers
|upkeep
|turn|17
|
|move|p2a: Politoed|Scald|p1a: Ferrothorn
|-resisted|p1a: Ferrothorn
|-crit|p1a: Ferrothorn
|-damage|p1a: Ferrothorn|207/352
|move|p1a: Ferrothorn|Gyro Ball|p2a: Politoed
|-resisted|p2a: Politoed
|-damage|p2a: Politoed|160/384
|
|-weather|RainDance|[upkeep]
|-heal|p2a: Politoed|184/384|[from] item: Leftovers
|-heal|p1a: Ferrothorn|229/352|[from] item: Leftovers
|upkeep
|turn|18
|
|switch|p2a: Jirachi|Jirachi|182/404
|move|p1a: Ferrothorn|Spikes|p2a: Jirachi
|-sidestart|p2: tgrdfgfdf|Spikes
|
|-weather|RainDance|[upkeep]
|-heal|p2a: Jirachi|207/404|[from] item: Leftovers
|-heal|p1a: Ferrothorn|251/352|[from] item: Leftovers
|upkeep
|turn|19
|
|move|p2a: Jirachi|Thunder|p1a: Ferrothorn
|-resisted|p1a: Ferrothorn
|-damage|p1a: Ferrothorn|216/352
|-status|p1a: Ferrothorn|par
|cant|p1a: Ferrothorn|par
|
|-weather|RainDance|[upkeep]
|-heal|p2a: Jirachi|232/404|[from] item: Leftovers
|-heal|p1a: Ferrothorn|238/352 par|[from] item: Leftovers
|upkeep
|turn|20
|
|move|p2a: Jirachi|U-turn|p1a: Ferrothorn
|-damage|p1a: Ferrothorn|202/352 par
|-damage|p2a: Jirachi|182/404|[from] ability: Iron Barbs|[of] p1a: Ferrothorn
|
|switch|p2a: Breloom|Breloom, F|320/320 tox
|-damage|p2a: Breloom|280/320 tox|[from] Spikes
|move|p1a: Ferrothorn|Leech Seed|p2a: Breloom
|-immune|p2a: Breloom
|
|-weather|RainDance|[upkeep]
|-heal|p1a: Ferrothorn|224/352 par|[from] item: Leftovers
|-heal|p2a: Breloom|320/320 tox|[from] ability: Poison Heal
|upkeep
|turn|21
|
|switch|p1a: Landorus|Landorus-Therian, M|319/319
|-damage|p1a: Landorus|280/319|[from] Stealth Rock
|-ability|p1a: Landorus|Intimidate|boost
|-unboost|p2a: Breloom|atk|1
|move|p2a: Breloom|Bulk Up|p2a: Breloom
|-boost|p2a: Breloom|atk|1
|-boost|p2a: Breloom|def|1
|
|-weather|RainDance|[upkeep]
|upkeep
|turn|22
|
|move|p1a: Landorus|Hidden Power|p2a: Breloom
|-supereffective|p2a: Breloom
|-damage|p2a: Breloom|206/320 tox
|move|p2a: Breloom|Seed Bomb|p1a: Landorus
|-damage|p1a: Landorus|145/319
|
|-weather|RainDance|[upkeep]
|-heal|p2a: Breloom|246/320 tox|[from] ability: Poison Heal
|upkeep
|turn|23
|
|move|p1a: Landorus|Hidden Power|p2a: Breloom
|-supereffective|p2a: Breloom
|-damage|p2a: Breloom|124/320 tox
|move|p2a: Breloom|Seed Bomb|p1a: Landorus
|-damage|p1a: Landorus|12/319
|
|-weather|RainDance|[upkeep]
|-heal|p2a: Breloom|164/320 tox|[from] ability: Poison Heal
|upkeep
|turn|24
|
|switch|p2a: Tentacruel|Tentacruel, F|363/363
|-damage|p2a: Tentacruel|318/363|[from] Spikes
|move|p1a: Landorus|Hidden Power|p2a: Tentacruel
|-resisted|p2a: Tentacruel
|-damage|p2a: Tentacruel|295/363
|
|-weather|RainDance|[upkeep]
|-heal|p2a: Tentacruel|317/363|[from] ability: Rain Dish
|-heal|p2a: Tentacruel|339/363|[from] item: Black Sludge
|upkeep
|turn|25
|
|switch|p1a: Ferrothorn|Ferrothorn, M|224/352 par
|-damage|p1a: Ferrothorn|202/352 par|[from] Stealth Rock
|move|p2a: Tentacruel|Scald|p1a: Ferrothorn
|-resisted|p1a: Ferrothorn
|-damage|p1a: Ferrothorn|162/352 par
|
|-weather|RainDance|[upkeep]
|-heal|p2a: Tentacruel|361/363|[from] ability: Rain Dish
|-heal|p2a: Tentacruel|363/363|[from] item: Black Sludge
|-heal|p1a: Ferrothorn|184/352 par|[from] item: Leftovers
|upkeep
|turn|26
|
|move|p2a: Tentacruel|Substitute|p2a: Tentacruel
|-start|p2a: Tentacruel|Substitute
|-damage|p2a: Tentacruel|273/363
|move|p1a: Ferrothorn|Power Whip|p2a: Tentacruel
|-end|p2a: Tentacruel|Substitute
|
|-weather|RainDance|[upkeep]
|-heal|p2a: Tentacruel|295/363|[from] ability: Rain Dish
|-heal|p2a: Tentacruel|317/363|[from] item: Black Sludge
|-heal|p1a: Ferrothorn|206/352 par|[from] item: Leftovers
|upkeep
|turn|27
|
|move|p2a: Tentacruel|Substitute|p2a: Tentacruel
|-start|p2a: Tentacruel|Substitute
|-damage|p2a: Tentacruel|227/363
|cant|p1a: Ferrothorn|par
|
|-weather|RainDance|[upkeep]
|-heal|p2a: Tentacruel|249/363|[from] ability: Rain Dish
|-heal|p2a: Tentacruel|271/363|[from] item: Black Sludge
|-heal|p1a: Ferrothorn|228/352 par|[from] item: Leftovers
|upkeep
|turn|28
|
|move|p2a: Tentacruel|Acupressure|p2a: Tentacruel
|-boost|p2a: Tentacruel|accuracy|2
|move|p1a: Ferrothorn|Power Whip|p2a: Tentacruel
|-end|p2a: Tentacruel|Substitute
|
|-weather|RainDance|[upkeep]
|-heal|p2a: Tentacruel|293/363|[from] ability: Rain Dish
|-heal|p2a: Tentacruel|315/363|[from] item: Black Sludge
|-heal|p1a: Ferrothorn|250/352 par|[from] item: Leftovers
|upkeep
|turn|29
|
|move|p2a: Tentacruel|Substitute|p2a: Tentacruel
|-start|p2a: Tentacruel|Substitute
|-damage|p2a: Tentacruel|225/363
|cant|p1a: Ferrothorn|par
|
|-weather|RainDance|[upkeep]
|-heal|p2a: Tentacruel|247/363|[from] ability: Rain Dish
|-heal|p2a: Tentacruel|269/363|[from] item: Black Sludge
|-heal|p1a: Ferrothorn|272/352 par|[from] item: Leftovers
|upkeep
|turn|30
|
|move|p2a: Tentacruel|Acupressure|p2a: Tentacruel
|-boost|p2a: Tentacruel|spd|2
|move|p1a: Ferrothorn|Power Whip|p2a: Tentacruel
|-end|p2a: Tentacruel|Substitute
|
|-weather|RainDance|[upkeep]
|-heal|p2a: Tentacruel|291/363|[from] ability: Rain Dish
|-heal|p2a: Tentacruel|313/363|[from] item: Black Sludge
|-heal|p1a: Ferrothorn|294/352 par|[from] item: Leftovers
|upkeep
|turn|31
|
|switch|p1a: Tyranitar|Tyranitar, M|380/380
|-damage|p1a: Tyranitar|333/380|[from] Stealth Rock
|-weather|Sandstorm|[from] ability: Sand Stream|[of] p1a: Tyranitar
|move|p2a: Tentacruel|Substitute|p2a: Tentacruel
|-start|p2a: Tentacruel|Substitute
|-damage|p2a: Tentacruel|223/363
|
|-weather|Sandstorm|[upkeep]
|-damage|p2a: Tentacruel|201/363|[from] Sandstorm
|-heal|p2a: Tentacruel|223/363|[from] item: Black Sludge
|upkeep
|turn|32
|
|move|p2a: Tentacruel|Protect|p2a: Tentacruel
|-singleturn|p2a: Tentacruel|Protect
|move|p1a: Tyranitar|Crunch|p2a: Tentacruel
|-activate|p2a: Tentacruel|move: Protect
|
|-weather|Sandstorm|[upkeep]
|-damage|p2a: Tentacruel|201/363|[from] Sandstorm
|-heal|p2a: Tentacruel|223/363|[from] item: Black Sludge
|upkeep
|turn|33
|
|move|p2a: Tentacruel|Scald|p1a: Tyranitar
|-supereffective|p1a: Tyranitar
|-damage|p1a: Tyranitar|255/380
|move|p1a: Tyranitar|Crunch|p2a: Tentacruel
|-end|p2a: Tentacruel|Substitute
|
|-weather|Sandstorm|[upkeep]
|-damage|p2a: Tentacruel|201/363|[from] Sandstorm
|-heal|p2a: Tentacruel|223/363|[from] item: Black Sludge
|upkeep
|turn|34
|
|move|p2a: Tentacruel|Protect|p2a: Tentacruel
|-singleturn|p2a: Tentacruel|Protect
|move|p1a: Tyranitar|Stealth Rock|p2a: Tentacruel
|-sidestart|p2: tgrdfgfdf|move: Stealth Rock
|
|-weather|Sandstorm|[upkeep]
|-damage|p2a: Tentacruel|201/363|[from] Sandstorm
|-heal|p2a: Tentacruel|223/363|[from] item: Black Sludge
|upkeep
|turn|35
|
|switch|p2a: Breloom|Breloom, F|164/320 tox
|-damage|p2a: Breloom|144/320 tox|[from] Stealth Rock
|-damage|p2a: Breloom|104/320 tox|[from] Spikes
|move|p1a: Tyranitar|Crunch|p2a: Breloom
|-resisted|p2a: Breloom
|-damage|p2a: Breloom|19/320 tox
|
|-weather|Sandstorm|[upkeep]
|-damage|p2a: Breloom|0 fnt|[from] Sandstorm
|faint|p2a: Breloom
|upkeep
|
|switch|p2a: Politoed|Politoed, M|184/384
|-damage|p2a: Politoed|136/384|[from] Spikes
|-damage|p2a: Politoed|88/384|[from] Stealth Rock
|-weather|RainDance|[from] ability: Drizzle|[of] p2a: Politoed
|turn|36
|
|switch|p1a: Ferrothorn|Ferrothorn, M|294/352 par
|-damage|p1a: Ferrothorn|272/352 par|[from] Stealth Rock
|move|p2a: Politoed|Protect||[still]
|-fail|p2a: Politoed
|
|-weather|RainDance|[upkeep]
|-heal|p2a: Politoed|112/384|[from] item: Leftovers
|-heal|p1a: Ferrothorn|294/352 par|[from] item: Leftovers
|upkeep
|turn|37
|
|move|p2a: Politoed|Protect|p2a: Politoed
|-singleturn|p2a: Politoed|Protect
|cant|p1a: Ferrothorn|par
|
|-weather|RainDance|[upkeep]
|-heal|p2a: Politoed|136/384|[from] item: Leftovers
|-heal|p1a: Ferrothorn|316/352 par|[from] item: Leftovers
|upkeep
|turn|38
|
|switch|p2a: Latios|Latios, M|188/301
|-damage|p2a: Latios|151/301|[from] Stealth Rock
|move|p1a: Ferrothorn|Power Whip|p2a: Latios
|-resisted|p2a: Latios
|-damage|p2a: Latios|71/301
|
|-weather|RainDance|[upkeep]
|-heal|p1a: Ferrothorn|338/352 par|[from] item: Leftovers
|upkeep
|turn|39
|
|switch|p1a: Tyranitar|Tyranitar, M|255/380
|-damage|p1a: Tyranitar|208/380|[from] Stealth Rock
|-weather|Sandstorm|[from] ability: Sand Stream|[of] p1a: Tyranitar
|move|p2a: Latios|Trick|p1a: Tyranitar
|-activate|p2a: Latios|move: Trick|[of] p1a: Tyranitar
|-item|p1a: Tyranitar|Choice Scarf|[from] move: Trick
|-item|p2a: Latios|Chople Berry|[from] move: Trick
|
|-weather|Sandstorm|[upkeep]
|-damage|p2a: Latios|53/301|[from] Sandstorm
|upkeep
|turn|40
|
|move|p2a: Latios|Surf|p1a: Tyranitar
|-supereffective|p1a: Tyranitar
|-damage|p1a: Tyranitar|100/380
|move|p1a: Tyranitar|Crunch|p2a: Latios
|-supereffective|p2a: Latios
|-damage|p2a: Latios|0 fnt
|faint|p2a: Latios
|
|-weather|Sandstorm|[upkeep]
|upkeep
|
|switch|p2a: Politoed|Politoed, M|136/384
|-damage|p2a: Politoed|88/384|[from] Spikes
|-damage|p2a: Politoed|40/384|[from] Stealth Rock
|-weather|RainDance|[from] ability: Drizzle|[of] p2a: Politoed
|turn|41
|
|move|p1a: Tyranitar|Crunch|p2a: Politoed
|-damage|p2a: Politoed|0 fnt
|faint|p2a: Politoed
|
|-weather|RainDance|[upkeep]
|upkeep
|
|switch|p2a: Tentacruel|Tentacruel, F|223/363
|-damage|p2a: Tentacruel|178/363|[from] Spikes
|-damage|p2a: Tentacruel|133/363|[from] Stealth Rock
|turn|42
|
|move|p2a: Tentacruel|Protect|p2a: Tentacruel
|-singleturn|p2a: Tentacruel|Protect
|move|p1a: Tyranitar|Crunch|p2a: Tentacruel
|-activate|p2a: Tentacruel|move: Protect
|
|-weather|RainDance|[upkeep]
|-heal|p2a: Tentacruel|155/363|[from] ability: Rain Dish
|-heal|p2a: Tentacruel|177/363|[from] item: Black Sludge
|upkeep
|turn|43
|
|move|p2a: Tentacruel|Acupressure|p2a: Tentacruel
|-boost|p2a: Tentacruel|spd|2
|move|p1a: Tyranitar|Crunch|p2a: Tentacruel
|-damage|p2a: Tentacruel|0 fnt
|faint|p2a: Tentacruel
|
|-weather|RainDance|[upkeep]
|upkeep
|
|switch|p2a: Jirachi|Jirachi|182/404
|-damage|p2a: Jirachi|132/404|[from] Spikes
|-damage|p2a: Jirachi|107/404|[from] Stealth Rock
|turn|44
|
|move|p1a: Tyranitar|Crunch|p2a: Jirachi
|-damage|p2a: Jirachi|0 fnt
|faint|p2a: Jirachi
|
|win|Kobe_Pain
|l|☆tgrdfgfdf
|raw|Kobe_Pain's rating: 1294 &rarr; <strong>1324</strong><br />(+30 for winning)
|raw|tgrdfgfdf's rating: 1366 &rarr; <strong>1342</strong><br />(-24 for losing)
|c|☆Kobe_Pain|gg
