|join|Aristogatto
|join|ParkLife
|player|p1|Aristogatto|264
|player|p2|ParkLife|265
|gametype|singles
|gen|5
|tier|[Gen 5] OU
|rated
|rule|Evasion Abilities Clause: Evasion abilities are banned
|clearpoke
|poke|p1|Terrakion
|poke|p1|Mamoswine, M
|poke|p1|Wobbuffet, M
|poke|p1|Dragonite, F
|poke|p1|Espeon, M
|poke|p1|Magnezone
|poke|p2|Dragonite, F
|poke|p2|Politoed, F
|poke|p2|Tornadus, M
|poke|p2|Starmie
|poke|p2|Jolteon, F
|poke|p2|Dugtrio, F
|rule|Sleep Clause Mod: Limit one foe put to sleep
|rule|Species Clause: Limit one of each Pokemon
|rule|OHKO Clause: OHKO moves are banned
|rule|Moody Clause: Moody is banned
|rule|Evasion Moves Clause: Evasion moves are banned
|rule|Endless Battle Clause: Forcing endless battles is banned.
|rule|HP Percentage Mod: HP is reported as percentages
|teampreview
|join|treecko800+
|
|start
|switch|p1a: Dragonite|Dragonite, F|324/324
|switch|p2a: Politoed|Politoed, F|322/322
|-weather|RainDance|[from] ability: Drizzle|[of] p2a: Politoed
|turn|1
|
|move|p2a: Politoed|Ice Beam|p1a: Dragonite
|-supereffective|p1a: Dragonite
|-damage|p1a: Dragonite|156/324
|move|p1a: Dragonite|Outrage|p2a: Politoed
|-damage|p2a: Politoed|6/322
|
|-weather|RainDance|[upkeep]
|turn|2
|
|move|p2a: Politoed|Ice Beam|p1a: Dragonite
|-supereffective|p1a: Dragonite
|-damage|p1a: Dragonite|0 fnt
|faint|p1a: Dragonite
|
|-weather|RainDance|[upkeep]
|
|switch|p1a: Wobbuffet|Wobbuffet, M|528/528
|turn|3
|
|move|p2a: Politoed|Ice Beam|p1a: Wobbuffet
|-damage|p1a: Wobbuffet|433/528
|move|p1a: Wobbuffet|Mirror Coat|p2a: Politoed
|-damage|p2a: Politoed|0 fnt
|faint|p2a: Politoed
|
|-weather|RainDance|[upkeep]
|
|switch|p2a: Tornadus|Tornadus, M|300/300
|turn|4
|
|move|p2a: Tornadus|U-turn|p1a: Wobbuffet
|-supereffective|p1a: Wobbuffet
|-damage|p1a: Wobbuffet|317/528
|
|switch|p2a: Jolteon|Jolteon, F|272/272
|move|p1a: Wobbuffet|Counter|p2a: Jolteon
|-damage|p2a: Jolteon|40/272
|
|-weather|RainDance|[upkeep]
|turn|5
|
|switch|p1a: Mamoswine|Mamoswine, M|361/361
|move|p2a: Jolteon|Baton Pass|p2a: Jolteon
|
|switch|p2a: Starmie|Starmie|262/262
|
|-weather|RainDance|[upkeep]
|turn|6
|
|switch|p1a: Terrakion|Terrakion|323/323
|move|p2a: Starmie|Hydro Pump|p1a: Terrakion
|-supereffective|p1a: Terrakion
|-damage|p1a: Terrakion|0 fnt
|faint|p1a: Terrakion
|
|-weather|RainDance|[upkeep]
|
|switch|p1a: Wobbuffet|Wobbuffet, M|317/528
|turn|7
|
|move|p2a: Starmie|Hydro Pump|p1a: Wobbuffet
|-damage|p1a: Wobbuffet|49/528
|move|p1a: Wobbuffet|Encore|p2a: Starmie
|-start|p2a: Starmie|Encore
|
|-weather|RainDance|[upkeep]
|turn|8
|-enditem|p1a: Wobbuffet|Custap Berry|[eat]
|-activate|p1a: Wobbuffet|Custap Berry
|
|move|p1a: Wobbuffet|Destiny Bond|p1a: Wobbuffet
|-singlemove|p1a: Wobbuffet|Destiny Bond
|move|p2a: Starmie|Hydro Pump|p1a: Wobbuffet
|-crit|p1a: Wobbuffet
|-damage|p1a: Wobbuffet|0 fnt
|faint|p1a: Wobbuffet
|-activate|p1a: Wobbuffet|Destiny Bond
|faint|p2a: Starmie
|
|-weather|RainDance|[upkeep]
|
|switch|p1a: Espeon|Espeon, M|272/272
|switch|p2a: Dragonite|Dragonite, F|386/386
|turn|9
|
|move|p1a: Espeon|Psychic|p2a: Dragonite
|-damage|p2a: Dragonite|312/386
|move|p2a: Dragonite|Substitute|p2a: Dragonite
|-start|p2a: Dragonite|Substitute
|-damage|p2a: Dragonite|216/386
|
|-weather|RainDance|[upkeep]
|-heal|p2a: Dragonite|240/386|[from] item: Leftovers
|turn|10
|
|move|p1a: Espeon|Sunny Day|p1a: Espeon
|-weather|SunnyDay
|move|p2a: Dragonite|Dragon Dance|p2a: Dragonite
|-boost|p2a: Dragonite|atk|1
|-boost|p2a: Dragonite|spe|1
|
|-weather|SunnyDay|[upkeep]
|-heal|p2a: Dragonite|264/386|[from] item: Leftovers
|turn|11
|
|switch|p1a: Magnezone|Magnezone|282/282
|move|p2a: Dragonite|Roost|p2a: Dragonite
|-heal|p2a: Dragonite|386/386
|
|-weather|SunnyDay|[upkeep]
|turn|12
|
|switch|p2a: Dugtrio|Dugtrio, F|211/211
|move|p1a: Magnezone|Substitute|p1a: Magnezone
|-start|p1a: Magnezone|Substitute
|-damage|p1a: Magnezone|212/282
|
|-weather|SunnyDay|[upkeep]
|-heal|p1a: Magnezone|229/282|[from] item: Leftovers
|turn|13
|
|move|p2a: Dugtrio|Earthquake|p1a: Magnezone
|-supereffective|p1a: Magnezone
|-end|p1a: Magnezone|Substitute
|move|p1a: Magnezone|Hidden Power|p2a: Dugtrio
|-supereffective|p2a: Dugtrio
|-enditem|p2a: Dugtrio|Focus Sash
|-damage|p2a: Dugtrio|1/211
|
|-weather|SunnyDay|[upkeep]
|-heal|p1a: Magnezone|246/282|[from] item: Leftovers
|turn|14
|
|move|p2a: Dugtrio|Earthquake|p1a: Magnezone
|-supereffective|p1a: Magnezone
|-damage|p1a: Magnezone|0 fnt
|faint|p1a: Magnezone
|
|-weather|none
|
|switch|p1a: Mamoswine|Mamoswine, M|361/361
|turn|15
|
|move|p1a: Mamoswine|Ice Shard|p2a: Dugtrio
|-supereffective|p2a: Dugtrio
|-damage|p2a: Dugtrio|0 fnt
|-damage|p1a: Mamoswine|325/361|[from] item: Life Orb
|faint|p2a: Dugtrio
|
|
|switch|p2a: Jolteon|Jolteon, F|40/272
|turn|16
|
|move|p1a: Mamoswine|Ice Shard|p2a: Jolteon
|-damage|p2a: Jolteon|0 fnt
|-damage|p1a: Mamoswine|289/361|[from] item: Life Orb
|faint|p2a: Jolteon
|
|
|switch|p2a: Tornadus|Tornadus, M|300/300
|turn|17
|
|switch|p1a: Espeon|Espeon, M|272/272
|move|p2a: Tornadus|Focus Blast|p1a: Espeon
|-resisted|p1a: Espeon
|-damage|p1a: Espeon|163/272
|
|-heal|p1a: Espeon|180/272|[from] item: Leftovers
|turn|18
|
|switch|p2a: Dragonite|Dragonite, F|386/386
|switch|p1a: Mamoswine|Mamoswine, M|289/361
|
|turn|19
|
|move|p1a: Mamoswine|Stealth Rock|p2a: Dragonite
|-sidestart|p2: ParkLife|move: Stealth Rock
|move|p2a: Dragonite|Substitute|p2a: Dragonite
|-start|p2a: Dragonite|Substitute
|-damage|p2a: Dragonite|290/386
|
|-heal|p2a: Dragonite|314/386|[from] item: Leftovers
|turn|20
|
|move|p1a: Mamoswine|Ice Shard|p2a: Dragonite
|-supereffective|p2a: Dragonite
|-end|p2a: Dragonite|Substitute
|-damage|p1a: Mamoswine|253/361|[from] item: Life Orb
|move|p2a: Dragonite|Roost|p2a: Dragonite
|-heal|p2a: Dragonite|386/386
|
|turn|21
|
|move|p1a: Mamoswine|Icicle Crash|p2a: Dragonite
|-supereffective|p2a: Dragonite
|-damage|p2a: Dragonite|0 fnt
|-damage|p1a: Mamoswine|217/361|[from] item: Life Orb
|faint|p2a: Dragonite
|
|chat|Aristogatto|gg
|
|switch|p2a: Tornadus|Tornadus, M|300/300
|-damage|p2a: Tornadus|225/300|[from] Stealth Rock
|turn|22
|
|move|p1a: Mamoswine|Ice Shard|p2a: Tornadus
|-supereffective|p2a: Tornadus
|-damage|p2a: Tornadus|0 fnt
|-damage|p1a: Mamoswine|181/361|[from] item: Life Orb
|faint|p2a: Tornadus
|
|win|Aristogatto
|raw|Ladder updating...
|raw|Aristogatto's rating: 1514 &rarr; <strong>1523</strong><br />(+9 for winning)
|raw|ParkLife's rating: 1321 &rarr; <strong>1311</strong><br />(-10 for losing)