|j|☆plsbb
|j|☆Wvwhwhwwhhw
|player|p1|plsbb|red|1305
|player|p2|Wvwhwhwwhhw|266|1391
|teamsize|p1|6
|teamsize|p2|6
|gametype|singles
|gen|5
|tier|[Gen 5] OU
|rated|
|rule|Sleep Clause Mod: Limit one foe put to sleep
|rule|Species Clause: Limit one of each Pokémon
|rule|OHKO Clause: OHKO moves are banned
|rule|Moody Clause: Moody is banned
|rule|Evasion Moves Clause: Evasion moves are banned
|rule|Endless Battle Clause: Forcing endless battles is banned
|rule|HP Percentage Mod: HP is shown in percentages
|rule|Evasion Abilities Clause: Evasion abilities are banned
|rule|Baton Pass Clause: Limit one Baton Passer, can't pass Spe and other stats simultaneously
|rule|Swagger Clause: Swagger is banned
|clearpoke
|poke|p1|Tyranitar, M|item
|poke|p1|Rotom-Wash|item
|poke|p1|Excadrill, M|item
|poke|p1|Landorus-Therian, M|item
|poke|p1|Alakazam, M|item
|poke|p1|Ferrothorn, F|item
|poke|p2|Dragonite, F|item
|poke|p2|Politoed, M|item
|poke|p2|Tentacruel, M|item
|poke|p2|Ferrothorn, F|item
|poke|p2|Gliscor, M|item
|poke|p2|Jellicent, F|item
|teampreview
|inactive|Battle timer is ON: inactive players will automatically lose when time's up. (requested by Wvwhwhwwhhw)
|
|start
|switch|p1a: Ned Flandorus|Landorus-Therian, M, shiny|100/100
|switch|p2a: Politoed|Politoed, M|100/100
|-ability|p1a: Ned Flandorus|Intimidate|boost
|-unboost|p2a: Politoed|atk|1
|-weather|RainDance|[from] ability: Drizzle|[of] p2a: Politoed
|turn|1
|
|move|p1a: Ned Flandorus|U-turn|p2a: Politoed
|-damage|p2a: Politoed|78/100
|
|switch|p1a: WASHED|Rotom-Wash, shiny|100/100|[from]move: U-turn
|move|p2a: Politoed|Scald|p1a: WASHED
|-resisted|p1a: WASHED
|-damage|p1a: WASHED|79/100
|-status|p1a: WASHED|brn
|
|-weather|RainDance|[upkeep]
|-heal|p1a: WASHED|85/100 brn|[from] item: Leftovers
|-heal|p2a: Politoed|84/100|[from] item: Leftovers
|-damage|p1a: WASHED|72/100 brn|[from] brn
|upkeep
|turn|2
|
|switch|p2a: Ferrothorn|Ferrothorn, F|100/100
|move|p1a: WASHED|Hydro Pump|p2a: Ferrothorn
|-resisted|p2a: Ferrothorn
|-damage|p2a: Ferrothorn|78/100
|
|-weather|RainDance|[upkeep]
|-heal|p1a: WASHED|78/100 brn|[from] item: Leftovers
|-heal|p2a: Ferrothorn|85/100|[from] item: Leftovers
|-damage|p1a: WASHED|66/100 brn|[from] brn
|upkeep
|turn|3
|
|move|p1a: WASHED|Volt Switch|p2a: Ferrothorn
|-resisted|p2a: Ferrothorn
|-damage|p2a: Ferrothorn|76/100
|
|switch|p1a: T-Drizzy|Tyranitar, M, shiny|100/100|[from]move: Volt Switch
|-weather|Sandstorm|[from] ability: Sand Stream|[of] p1a: T-Drizzy
|move|p2a: Ferrothorn|Stealth Rock|p1a: T-Drizzy
|-sidestart|p1: plsbb|move: Stealth Rock
|
|-weather|Sandstorm|[upkeep]
|-heal|p2a: Ferrothorn|83/100|[from] item: Leftovers
|upkeep
|turn|4
|
|switch|p2a: Gliscor|Gliscor, M|100/100
|move|p1a: T-Drizzy|Stealth Rock|p2a: Gliscor
|-sidestart|p2: Wvwhwhwwhhw|move: Stealth Rock
|
|-weather|Sandstorm|[upkeep]
|-status|p2a: Gliscor|tox|[from] item: Toxic Orb
|upkeep
|turn|5
|
|switch|p1a: Robocop|Ferrothorn, F, shiny|100/100
|-damage|p1a: Robocop|94/100|[from] Stealth Rock
|move|p2a: Gliscor|Toxic|p1a: Robocop
|-immune|p1a: Robocop
|
|-weather|Sandstorm|[upkeep]
|-heal|p1a: Robocop|100/100|[from] item: Leftovers
|upkeep
|turn|6
|
|switch|p2a: Politoed|Politoed, M|84/100
|-damage|p2a: Politoed|72/100|[from] Stealth Rock
|-weather|RainDance|[from] ability: Drizzle|[of] p2a: Politoed
|move|p1a: Robocop|Spikes|p2a: Politoed
|-sidestart|p2: Wvwhwhwwhhw|Spikes
|
|-weather|RainDance|[upkeep]
|-heal|p2a: Politoed|78/100|[from] item: Leftovers
|upkeep
|turn|7
|
|move|p2a: Politoed|Scald|p1a: Robocop
|-resisted|p1a: Robocop
|-damage|p1a: Robocop|87/100
|-status|p1a: Robocop|brn
|move|p1a: Robocop|Spikes|p2a: Politoed
|-sidestart|p2: Wvwhwhwwhhw|Spikes
|
|-weather|RainDance|[upkeep]
|-heal|p2a: Politoed|84/100|[from] item: Leftovers
|-heal|p1a: Robocop|93/100 brn|[from] item: Leftovers
|-damage|p1a: Robocop|80/100 brn|[from] brn
|upkeep
|turn|8
|
|switch|p2a: Tentacruel|Tentacruel, M|100/100
|-damage|p2a: Tentacruel|84/100|[from] Spikes
|-damage|p2a: Tentacruel|72/100|[from] Stealth Rock
|switch|p1a: zam in cut|Alakazam, M, shiny|100/100
|
|-weather|RainDance|[upkeep]
|-heal|p2a: Tentacruel|78/100|[from] ability: Rain Dish
|-heal|p2a: Tentacruel|84/100|[from] item: Black Sludge
|upkeep
|turn|9
|
|switch|p2a: Dragonite|Dragonite, F|100/100
|-damage|p2a: Dragonite|76/100|[from] Stealth Rock
|move|p1a: zam in cut|Psychic|p2a: Dragonite
|-crit|p2a: Dragonite
|-damage|p2a: Dragonite|0 fnt
|faint|p2a: Dragonite
|
|-weather|RainDance|[upkeep]
|upkeep
|
|switch|p2a: Ferrothorn|Ferrothorn, F|83/100
|-damage|p2a: Ferrothorn|76/100|[from] Stealth Rock
|-damage|p2a: Ferrothorn|60/100|[from] Spikes
|turn|10
|
|move|p1a: zam in cut|Focus Blast|p2a: Ferrothorn
|-supereffective|p2a: Ferrothorn
|-damage|p2a: Ferrothorn|0 fnt
|faint|p2a: Ferrothorn
|
|-weather|RainDance|[upkeep]
|upkeep
|
|switch|p2a: Politoed|Politoed, M|84/100
|-damage|p2a: Politoed|67/100|[from] Spikes
|-damage|p2a: Politoed|55/100|[from] Stealth Rock
|turn|11
|
|move|p1a: zam in cut|Psychic|p2a: Politoed
|-damage|p2a: Politoed|0 fnt
|faint|p2a: Politoed
|
|-weather|RainDance|[upkeep]
|upkeep
|
|switch|p2a: Jellicent|Jellicent, F|100/100
|-damage|p2a: Jellicent|88/100|[from] Stealth Rock
|-damage|p2a: Jellicent|71/100|[from] Spikes
|turn|12
|
|move|p1a: zam in cut|Shadow Ball|p2a: Jellicent
|-supereffective|p2a: Jellicent
|-damage|p2a: Jellicent|12/100
|move|p2a: Jellicent|Recover|p2a: Jellicent
|-heal|p2a: Jellicent|62/100
|
|-weather|RainDance|[upkeep]
|-heal|p2a: Jellicent|68/100|[from] item: Leftovers
|upkeep
|turn|13
|
|move|p1a: zam in cut|Shadow Ball|p2a: Jellicent
|-supereffective|p2a: Jellicent
|-damage|p2a: Jellicent|8/100
|move|p2a: Jellicent|Recover|p2a: Jellicent
|-heal|p2a: Jellicent|58/100
|
|-weather|RainDance|[upkeep]
|-heal|p2a: Jellicent|64/100|[from] item: Leftovers
|upkeep
|turn|14
|
|move|p1a: zam in cut|Shadow Ball|p2a: Jellicent
|-supereffective|p2a: Jellicent
|-damage|p2a: Jellicent|2/100
|move|p2a: Jellicent|Scald|p1a: zam in cut
|-damage|p1a: zam in cut|45/100
|
|-weather|RainDance|[upkeep]
|-heal|p2a: Jellicent|8/100|[from] item: Leftovers
|upkeep
|turn|15
|
|move|p1a: zam in cut|Shadow Ball|p2a: Jellicent
|-supereffective|p2a: Jellicent
|-damage|p2a: Jellicent|0 fnt
|faint|p2a: Jellicent
|
|-weather|RainDance|[upkeep]
|upkeep
|
|switch|p2a: Gliscor|Gliscor, M|100/100 tox
|-damage|p2a: Gliscor|88/100 tox|[from] Stealth Rock
|turn|16
|
|move|p2a: Gliscor|Protect|p2a: Gliscor
|-singleturn|p2a: Gliscor|Protect
|move|p1a: zam in cut|Hidden Power|p2a: Gliscor
|-activate|p2a: Gliscor|move: Protect
|
|-weather|RainDance|[upkeep]
|-heal|p2a: Gliscor|100/100 tox|[from] ability: Poison Heal
|upkeep
|turn|17
|
|move|p1a: zam in cut|Hidden Power|p2a: Gliscor
|-supereffective|p2a: Gliscor
|-damage|p2a: Gliscor|0 fnt
|faint|p2a: Gliscor
|
|-weather|RainDance|[upkeep]
|upkeep
|-message|Wvwhwhwwhhw forfeited.
|
|win|plsbb
|l|☆Wvwhwhwwhhw
|raw|plsbb's rating: 1316 &rarr; <strong>1338</strong><br />(+22 for winning)
|raw|Wvwhwhwwhhw's rating: 1361 &rarr; <strong>1338</strong><br />(-23 for losing)
