|j|☆doctortime
|j|☆Brasilian Flygon
|t:|1728957009
|gametype|singles
|player|p1|doctortime|hiker-gen4|1334
|player|p2|Brasilian Flygon|ethan|1328
|teamsize|p1|6
|teamsize|p2|6
|gen|5
|tier|[Gen 5] OU
|rated|
|rule|Species Clause: Limit one of each Pokémon
|rule|OHKO Clause: OHKO moves are banned
|rule|Moody Clause: Moody is banned
|rule|Evasion Items Clause: Evasion items are banned
|rule|Evasion Moves Clause: Evasion moves are banned
|rule|Endless Battle Clause: Forcing endless battles is banned
|rule|HP Percentage Mod: HP is shown in percentages
|rule|Evasion Abilities Clause: Evasion abilities are banned
|rule|Sleep Moves Clause: Sleep-inducing moves are banned
|rule|Swagger Clause: Swagger is banned
|rule|Baton Pass Stat Clause: No Baton Passer may have a way to boost its stats
|clearpoke
|poke|p1|Scizor, M|item
|poke|p1|Tyranitar, F|item
|poke|p1|Abomasnow, F|item
|poke|p1|Rotom-Wash|item
|poke|p1|Alakazam, M|item
|poke|p1|Garchomp, M|item
|poke|p2|Politoed, M|item
|poke|p2|Starmie|item
|poke|p2|Thundurus-Therian, M|item
|poke|p2|Keldeo|item
|poke|p2|Ferrothorn, F|item
|poke|p2|Scizor, F|item
|teampreview
|
|t:|1728957020
|start
|switch|p1a: Rotom|Rotom-Wash, shiny|100/100
|switch|p2a: Politoed|Politoed, M|100/100
|-weather|RainDance|[from] ability: Drizzle|[of] p2a: Politoed
|turn|1
|inactive|Battle timer is ON: inactive players will automatically lose when time's up. (requested by doctortime)
|
|t:|1728957030
|switch|p2a: Ferrothorn|Ferrothorn, F|100/100
|move|p1a: Rotom|Volt Switch|p2a: Ferrothorn
|-resisted|p2a: Ferrothorn
|-damage|p2a: Ferrothorn|89/100
|
|t:|1728957053
|switch|p1a: Garchomp|Garchomp, M, shiny|100/100|[from] Volt Switch
|
|-weather|RainDance|[upkeep]
|-heal|p2a: Ferrothorn|96/100|[from] item: Leftovers
|upkeep
|turn|2
|
|t:|1728957061
|move|p1a: Garchomp|Fire Blast|p2a: Ferrothorn
|-supereffective|p2a: Ferrothorn
|-damage|p2a: Ferrothorn|67/100
|move|p2a: Ferrothorn|Leech Seed|p1a: Garchomp
|-start|p1a: Garchomp|move: Leech Seed
|
|-weather|RainDance|[upkeep]
|-heal|p2a: Ferrothorn|74/100|[from] item: Leftovers
|-damage|p1a: Garchomp|88/100|[from] Leech Seed|[of] p2a: Ferrothorn
|-heal|p2a: Ferrothorn|86/100|[silent]
|upkeep
|turn|3
|
|t:|1728957070
|switch|p1a: Abomasnow|Abomasnow, F, shiny|100/100
|-weather|Hail|[from] ability: Snow Warning|[of] p1a: Abomasnow
|move|p2a: Ferrothorn|Spikes|p1a: Abomasnow
|-sidestart|p1: doctortime|Spikes
|
|-weather|Hail|[upkeep]
|-damage|p2a: Ferrothorn|80/100|[from] Hail
|-heal|p2a: Ferrothorn|86/100|[from] item: Leftovers
|upkeep
|turn|4
|
|t:|1728957074
|switch|p2a: Politoed|Politoed, M|100/100
|-weather|RainDance|[from] ability: Drizzle|[of] p2a: Politoed
|move|p1a: Abomasnow|Hidden Power|p2a: Politoed
|-resisted|p2a: Politoed
|-damage|p2a: Politoed|95/100
|-damage|p1a: Abomasnow|91/100|[from] item: Life Orb
|
|-weather|RainDance|[upkeep]
|-heal|p2a: Politoed|100/100|[from] item: Leftovers
|upkeep
|turn|5
|
|t:|1728957082
|move|p2a: Politoed|Encore|p1a: Abomasnow
|-start|p1a: Abomasnow|Encore
|move|p1a: Abomasnow|Hidden Power|p2a: Politoed
|-resisted|p2a: Politoed
|-crit|p2a: Politoed
|-damage|p2a: Politoed|88/100
|-damage|p1a: Abomasnow|81/100|[from] item: Life Orb
|
|-weather|RainDance|[upkeep]
|-heal|p2a: Politoed|94/100|[from] item: Leftovers
|upkeep
|turn|6
|
|t:|1728957085
|switch|p1a: Tyranitar|Tyranitar, F|100/100
|-damage|p1a: Tyranitar|88/100|[from] Spikes
|-weather|Sandstorm|[from] ability: Sand Stream|[of] p1a: Tyranitar
|move|p2a: Politoed|Scald|p1a: Tyranitar
|-supereffective|p1a: Tyranitar
|-damage|p1a: Tyranitar|58/100
|-status|p1a: Tyranitar|brn
|
|-weather|Sandstorm|[upkeep]
|-damage|p2a: Politoed|88/100|[from] Sandstorm
|-heal|p2a: Politoed|94/100|[from] item: Leftovers
|-damage|p1a: Tyranitar|46/100 brn|[from] brn
|upkeep
|turn|7
|
|t:|1728957102
|switch|p2a: Ferrothorn|Ferrothorn, F|86/100
|move|p1a: Tyranitar|Stealth Rock|p2a: Ferrothorn
|-sidestart|p2: Brasilian Flygon|move: Stealth Rock
|
|-weather|Sandstorm|[upkeep]
|-heal|p2a: Ferrothorn|92/100|[from] item: Leftovers
|-damage|p1a: Tyranitar|34/100 brn|[from] brn
|upkeep
|turn|8
|
|t:|1728957107
|switch|p2a: Politoed|Politoed, M|94/100
|-damage|p2a: Politoed|82/100|[from] Stealth Rock
|-weather|RainDance|[from] ability: Drizzle|[of] p2a: Politoed
|move|p1a: Tyranitar|Superpower|p2a: Politoed
|-damage|p2a: Politoed|64/100
|-unboost|p1a: Tyranitar|atk|1
|-unboost|p1a: Tyranitar|def|1
|
|-weather|RainDance|[upkeep]
|-heal|p2a: Politoed|70/100|[from] item: Leftovers
|-damage|p1a: Tyranitar|21/100 brn|[from] brn
|upkeep
|turn|9
|
|t:|1728957118
|move|p2a: Politoed|Scald|p1a: Tyranitar
|-supereffective|p1a: Tyranitar
|-crit|p1a: Tyranitar
|-damage|p1a: Tyranitar|0 fnt
|faint|p1a: Tyranitar
|
|-weather|RainDance|[upkeep]
|-heal|p2a: Politoed|76/100|[from] item: Leftovers
|upkeep
|
|t:|1728957125
|switch|p1a: Rotom|Rotom-Wash, shiny|100/100
|turn|10
|
|t:|1728957132
|move|p2a: Politoed|Protect|p2a: Politoed
|-singleturn|p2a: Politoed|Protect
|move|p1a: Rotom|Hydro Pump|p2a: Politoed
|-activate|p2a: Politoed|move: Protect
|
|-weather|RainDance|[upkeep]
|-heal|p2a: Politoed|82/100|[from] item: Leftovers
|upkeep
|turn|11
|
|t:|1728957140
|switch|p2a: Ferrothorn|Ferrothorn, F|92/100
|-damage|p2a: Ferrothorn|86/100|[from] Stealth Rock
|move|p1a: Rotom|Hydro Pump|p2a: Ferrothorn|[miss]
|-miss|p1a: Rotom|p2a: Ferrothorn
|
|-weather|RainDance|[upkeep]
|-heal|p2a: Ferrothorn|92/100|[from] item: Leftovers
|upkeep
|turn|12
|
|t:|1728957145
|switch|p1a: Abomasnow|Abomasnow, F, shiny|81/100
|-damage|p1a: Abomasnow|68/100|[from] Spikes
|-weather|Hail|[from] ability: Snow Warning|[of] p1a: Abomasnow
|move|p2a: Ferrothorn|Stealth Rock|p1a: Abomasnow
|-sidestart|p1: doctortime|move: Stealth Rock
|
|-weather|Hail|[upkeep]
|-damage|p2a: Ferrothorn|86/100|[from] Hail
|-heal|p2a: Ferrothorn|92/100|[from] item: Leftovers
|upkeep
|turn|13
|
|t:|1728957153
|switch|p2a: Politoed|Politoed, M|82/100
|-damage|p2a: Politoed|70/100|[from] Stealth Rock
|-weather|RainDance|[from] ability: Drizzle|[of] p2a: Politoed
|move|p1a: Abomasnow|Giga Drain|p2a: Politoed
|-supereffective|p2a: Politoed
|-damage|p2a: Politoed|0 fnt
|-heal|p1a: Abomasnow|100/100|[from] drain|[of] p2a: Politoed
|faint|p2a: Politoed
|-damage|p1a: Abomasnow|91/100|[from] item: Life Orb
|
|-weather|RainDance|[upkeep]
|upkeep
|
|t:|1728957161
|switch|p2a: Keldeo|Keldeo|100/100
|-damage|p2a: Keldeo|94/100|[from] Stealth Rock
|turn|14
|
|t:|1728957168
|switch|p1a: Rotom|Rotom-Wash, shiny|100/100
|-damage|p1a: Rotom|88/100|[from] Stealth Rock
|move|p2a: Keldeo|Secret Sword|p1a: Rotom
|-damage|p1a: Rotom|0 fnt
|faint|p1a: Rotom
|
|-weather|RainDance|[upkeep]
|upkeep
|
|t:|1728957171
|switch|p1a: Abomasnow|Abomasnow, F, shiny|91/100
|-damage|p1a: Abomasnow|78/100|[from] Spikes
|-damage|p1a: Abomasnow|53/100|[from] Stealth Rock
|-weather|Hail|[from] ability: Snow Warning|[of] p1a: Abomasnow
|turn|15
|
|t:|1728957178
|move|p2a: Keldeo|Secret Sword|p1a: Abomasnow
|-supereffective|p1a: Abomasnow
|-damage|p1a: Abomasnow|0 fnt
|faint|p1a: Abomasnow
|
|-weather|Hail|[upkeep]
|-damage|p2a: Keldeo|88/100|[from] Hail
|upkeep
|
|t:|1728957185
|switch|p1a: Alakazam|Alakazam, M|100/100
|turn|16
|
|t:|1728957195
|switch|p2a: Ferrothorn|Ferrothorn, F|92/100
|-damage|p2a: Ferrothorn|86/100|[from] Stealth Rock
|move|p1a: Alakazam|Psychic|p2a: Ferrothorn
|-resisted|p2a: Ferrothorn
|-damage|p2a: Ferrothorn|70/100
|
|-weather|Hail|[upkeep]
|-damage|p2a: Ferrothorn|64/100|[from] Hail
|-heal|p2a: Ferrothorn|70/100|[from] item: Leftovers
|upkeep
|turn|17
|
|t:|1728957201
|move|p1a: Alakazam|Focus Blast|p2a: Ferrothorn|[miss]
|-miss|p1a: Alakazam|p2a: Ferrothorn
|move|p2a: Ferrothorn|Power Whip|p1a: Alakazam
|-enditem|p1a: Alakazam|Focus Sash
|-damage|p1a: Alakazam|1/100
|
|-weather|Hail|[upkeep]
|-damage|p2a: Ferrothorn|64/100|[from] Hail
|-heal|p2a: Ferrothorn|70/100|[from] item: Leftovers
|upkeep
|turn|18
|
|t:|1728957207
|move|p1a: Alakazam|Focus Blast|p2a: Ferrothorn
|-supereffective|p2a: Ferrothorn
|-damage|p2a: Ferrothorn|16/100
|move|p2a: Ferrothorn|Power Whip|p1a: Alakazam
|-damage|p1a: Alakazam|0 fnt
|faint|p1a: Alakazam
|
|-weather|Hail|[upkeep]
|-damage|p2a: Ferrothorn|10/100|[from] Hail
|-heal|p2a: Ferrothorn|16/100|[from] item: Leftovers
|upkeep
|
|t:|1728957211
|switch|p1a: Scizor|Scizor, M|100/100
|-damage|p1a: Scizor|88/100|[from] Spikes
|-damage|p1a: Scizor|76/100|[from] Stealth Rock
|turn|19
|
|t:|1728957213
|move|p1a: Scizor|Swords Dance|p1a: Scizor
|-boost|p1a: Scizor|atk|2
|move|p2a: Ferrothorn|Leech Seed|p1a: Scizor
|-start|p1a: Scizor|move: Leech Seed
|
|-weather|Hail|[upkeep]
|-damage|p1a: Scizor|70/100|[from] Hail
|-damage|p2a: Ferrothorn|10/100|[from] Hail
|-heal|p1a: Scizor|76/100|[from] item: Leftovers
|-heal|p2a: Ferrothorn|16/100|[from] item: Leftovers
|-damage|p1a: Scizor|64/100|[from] Leech Seed|[of] p2a: Ferrothorn
|-heal|p2a: Ferrothorn|28/100|[silent]
|upkeep
|turn|20
|
|t:|1728957218
|switch|p2a: Thundurus|Thundurus-Therian, M|100/100
|-damage|p2a: Thundurus|76/100|[from] Stealth Rock
|move|p1a: Scizor|Swords Dance|p1a: Scizor
|-boost|p1a: Scizor|atk|2
|
|-weather|Hail|[upkeep]
|-damage|p2a: Thundurus|69/100|[from] Hail
|-damage|p1a: Scizor|58/100|[from] Hail
|-heal|p2a: Thundurus|76/100|[from] item: Leftovers
|-heal|p1a: Scizor|64/100|[from] item: Leftovers
|-damage|p1a: Scizor|52/100|[from] Leech Seed|[of] p2a: Thundurus
|-heal|p2a: Thundurus|88/100|[silent]
|upkeep
|turn|21
|
|t:|1728957228
|move|p1a: Scizor|Bullet Punch|p2a: Thundurus
|-resisted|p2a: Thundurus
|-damage|p2a: Thundurus|29/100
|move|p2a: Thundurus|Hidden Power|p1a: Scizor
|-resisted|p1a: Scizor
|-damage|p1a: Scizor|36/100
|
|-weather|Hail|[upkeep]
|-damage|p2a: Thundurus|22/100|[from] Hail
|-damage|p1a: Scizor|30/100|[from] Hail
|-heal|p2a: Thundurus|29/100|[from] item: Leftovers
|-heal|p1a: Scizor|36/100|[from] item: Leftovers
|-damage|p1a: Scizor|24/100|[from] Leech Seed|[of] p2a: Thundurus
|-heal|p2a: Thundurus|41/100|[silent]
|upkeep
|turn|22
|
|t:|1728957242
|switch|p2a: Starmie|Starmie|100/100
|-damage|p2a: Starmie|88/100|[from] Stealth Rock
|-item|p2a: Starmie|Air Balloon
|move|p1a: Scizor|Bullet Punch|p2a: Starmie
|-resisted|p2a: Starmie
|-damage|p2a: Starmie|8/100
|-enditem|p2a: Starmie|Air Balloon
|
|-weather|Hail|[upkeep]
|-damage|p2a: Starmie|2/100|[from] Hail
|-damage|p1a: Scizor|18/100|[from] Hail
|-heal|p1a: Scizor|24/100|[from] item: Leftovers
|-damage|p1a: Scizor|12/100|[from] Leech Seed|[of] p2a: Starmie
|-heal|p2a: Starmie|18/100|[silent]
|upkeep
|turn|23
|
|t:|1728957256
|switch|p2a: Ferrothorn|Ferrothorn, F|28/100
|-damage|p2a: Ferrothorn|22/100|[from] Stealth Rock
|move|p1a: Scizor|Bullet Punch|p2a: Ferrothorn
|-resisted|p2a: Ferrothorn
|-damage|p2a: Ferrothorn|0 fnt
|-damage|p1a: Scizor|0 fnt|[from] ability: Iron Barbs|[of] p2a: Ferrothorn
|faint|p1a: Scizor
|faint|p2a: Ferrothorn
|
|-weather|Hail|[upkeep]
|upkeep
|
|t:|1728957261
|switch|p1a: Garchomp|Garchomp, M, shiny|88/100
|switch|p2a: Keldeo|Keldeo|88/100
|-damage|p1a: Garchomp|76/100|[from] Spikes
|-damage|p1a: Garchomp|70/100|[from] Stealth Rock
|-damage|p2a: Keldeo|82/100|[from] Stealth Rock
|turn|24
|
|t:|1728957264
|move|p1a: Garchomp|Outrage|p2a: Keldeo
|-damage|p2a: Keldeo|7/100
|move|p2a: Keldeo|Surf|p1a: Garchomp
|-damage|p1a: Garchomp|0 fnt
|faint|p1a: Garchomp
|
|win|Brasilian Flygon
|raw|doctortime's rating: 1334 &rarr; <strong>1314</strong><br />(-20 for losing)
|raw|Brasilian Flygon's rating: 1328 &rarr; <strong>1348</strong><br />(+20 for winning)
|l|☆Brasilian Flygon
|player|p2|
|l|☆doctortime
|player|p1|
