|j|☆WeR#4Hay!
|j|☆BWR Momentum city
|t:|1720190629
|gametype|singles
|player|p1|WeR#4Hay!|170|1416
|player|p2|BWR Momentum city|lucas-gen4pt|1336
|teamsize|p1|6
|teamsize|p2|6
|gen|5
|tier|[Gen 5] OU
|rated|
|rule|Species Clause: Limit one of each Pokémon
|rule|OHKO Clause: OHKO moves are banned
|rule|Moody Clause: Moody is banned
|rule|Evasion Items Clause: Evasion items are banned
|rule|Evasion Moves Clause: Evasion moves are banned
|rule|Endless Battle Clause: Forcing endless battles is banned
|rule|HP Percentage Mod: HP is shown in percentages
|rule|Evasion Abilities Clause: Evasion abilities are banned
|rule|Sleep Moves Clause: Sleep-inducing moves are banned
|rule|Swagger Clause: Swagger is banned
|rule|Baton Pass Stat Clause: No Baton Passer may have a way to boost its stats
|clearpoke
|poke|p1|Tyranitar, M|item
|poke|p1|Garchomp, F|item
|poke|p1|Landorus-Therian, M|item
|poke|p1|Excadrill, M|item
|poke|p1|Celebi|item
|poke|p1|Rotom-Wash|item
|poke|p2|Tyranitar, M|item
|poke|p2|Alakazam, F|item
|poke|p2|Latios, M|item
|poke|p2|Ferrothorn, M|item
|poke|p2|Keldeo|item
|poke|p2|Landorus-Therian, M|item
|teampreview
|
|t:|1720190649
|start
|switch|p1a: Hopelessly Devoted|Landorus-Therian, M|100/100
|switch|p2a: Ferrothorn|Ferrothorn, M|100/100
|-ability|p1a: Hopelessly Devoted|Intimidate|boost
|-unboost|p2a: Ferrothorn|atk|1
|turn|1
|
|t:|1720190656
|move|p1a: Hopelessly Devoted|Gravity|p1a: Hopelessly Devoted
|-fieldstart|move: Gravity
|move|p2a: Ferrothorn|Spikes|p1a: Hopelessly Devoted
|-sidestart|p1: WeR#4Hay!|Spikes
|
|upkeep
|turn|2
|
|t:|1720190659
|move|p1a: Hopelessly Devoted|Earthquake|p2a: Ferrothorn
|-damage|p2a: Ferrothorn|55/100
|move|p2a: Ferrothorn|Knock Off|p1a: Hopelessly Devoted
|-damage|p1a: Hopelessly Devoted|97/100
|-enditem|p1a: Hopelessly Devoted|Leftovers|[from] move: Knock Off|[of] p2a: Ferrothorn
|
|upkeep
|turn|3
|
|t:|1720190703
|switch|p2a: Landorus|Landorus-Therian, M|100/100
|-ability|p2a: Landorus|Intimidate|boost
|-unboost|p1a: Hopelessly Devoted|atk|1
|move|p1a: Hopelessly Devoted|Earthquake|p2a: Landorus
|-damage|p2a: Landorus|60/100
|
|-heal|p2a: Landorus|66/100|[from] item: Leftovers
|upkeep
|turn|4
|
|t:|1720190721
|switch|p2a: Keldeo|Keldeo|100/100
|move|p1a: Hopelessly Devoted|Hidden Power|p2a: Keldeo
|-resisted|p2a: Keldeo
|-damage|p2a: Keldeo|92/100
|
|-heal|p2a: Keldeo|98/100|[from] item: Leftovers
|upkeep
|turn|5
|
|t:|1720190726
|switch|p1a: Shrek 5 WOOOO!|Celebi|100/100
|-damage|p1a: Shrek 5 WOOOO!|88/100|[from] Spikes
|move|p2a: Keldeo|Taunt|p1a: Shrek 5 WOOOO!
|-start|p1a: Shrek 5 WOOOO!|move: Taunt
|
|-heal|p2a: Keldeo|100/100|[from] item: Leftovers
|-heal|p1a: Shrek 5 WOOOO!|94/100|[from] item: Leftovers
|-fieldend|move: Gravity
|upkeep
|turn|6
|
|t:|1720190761
|switch|p2a: Ferrothorn|Ferrothorn, M|55/100
|switch|p1a: MatPat's Dinner|Rotom-Wash|100/100
|
|upkeep
|turn|7
|
|t:|1720190768
|move|p1a: MatPat's Dinner|Volt Switch|p2a: Ferrothorn
|-resisted|p2a: Ferrothorn
|-damage|p2a: Ferrothorn|46/100
|
|t:|1720190777
|switch|p1a: Hopelessly Devoted|Landorus-Therian, M|97/100|[from] Volt Switch
|-ability|p1a: Hopelessly Devoted|Intimidate|boost
|-unboost|p2a: Ferrothorn|atk|1
|move|p2a: Ferrothorn|Power Whip|p1a: Hopelessly Devoted
|-damage|p1a: Hopelessly Devoted|66/100
|
|upkeep
|turn|8
|
|t:|1720190798
|switch|p2a: Latios|Latios, M|100/100
|move|p1a: Hopelessly Devoted|Gravity|p1a: Hopelessly Devoted
|-fieldstart|move: Gravity
|
|upkeep
|turn|9
|
|t:|1720190810
|switch|p2a: Landorus|Landorus-Therian, M|66/100
|-ability|p2a: Landorus|Intimidate|boost
|-unboost|p1a: Hopelessly Devoted|atk|1
|switch|p1a: Shrek 5 WOOOO!|Celebi|94/100
|-damage|p1a: Shrek 5 WOOOO!|82/100|[from] Spikes
|
|-heal|p2a: Landorus|73/100|[from] item: Leftovers
|-heal|p1a: Shrek 5 WOOOO!|88/100|[from] item: Leftovers
|upkeep
|turn|10
|
|t:|1720190814
|move|p2a: Landorus|U-turn|p1a: Shrek 5 WOOOO!
|-supereffective|p1a: Shrek 5 WOOOO!
|-damage|p1a: Shrek 5 WOOOO!|19/100
|
|t:|1720190818
|switch|p2a: Tyranitar|Tyranitar, M|100/100|[from] U-turn
|-weather|Sandstorm|[from] ability: Sand Stream|[of] p2a: Tyranitar
|move|p1a: Shrek 5 WOOOO!|Stealth Rock|p2a: Tyranitar
|-sidestart|p2: BWR Momentum city|move: Stealth Rock
|
|-weather|Sandstorm|[upkeep]
|-damage|p1a: Shrek 5 WOOOO!|13/100|[from] Sandstorm
|-heal|p1a: Shrek 5 WOOOO!|19/100|[from] item: Leftovers
|upkeep
|turn|11
|
|t:|1720190827
|move|p1a: Shrek 5 WOOOO!|Baton Pass|p1a: Shrek 5 WOOOO!
|
|t:|1720190832
|switch|p1a: THE UNDERMINERRRRR|Excadrill, M|100/100|[from] Baton Pass
|-damage|p1a: THE UNDERMINERRRRR|88/100|[from] Spikes
|move|p2a: Tyranitar|Crunch|p1a: THE UNDERMINERRRRR
|-resisted|p1a: THE UNDERMINERRRRR
|-damage|p1a: THE UNDERMINERRRRR|59/100
|
|-weather|Sandstorm|[upkeep]
|-heal|p1a: THE UNDERMINERRRRR|65/100|[from] item: Leftovers
|upkeep
|turn|12
|
|t:|1720190838
|move|p1a: THE UNDERMINERRRRR|Earthquake|p2a: Tyranitar
|-supereffective|p2a: Tyranitar
|-damage|p2a: Tyranitar|0 fnt
|faint|p2a: Tyranitar
|
|-weather|Sandstorm|[upkeep]
|-heal|p1a: THE UNDERMINERRRRR|71/100|[from] item: Leftovers
|-fieldend|move: Gravity
|upkeep
|
|t:|1720190857
|switch|p2a: Keldeo|Keldeo|100/100
|-damage|p2a: Keldeo|94/100|[from] Stealth Rock
|turn|13
|
|t:|1720190869
|switch|p1a: Shrek 5 WOOOO!|Celebi|19/100
|-damage|p1a: Shrek 5 WOOOO!|6/100|[from] Spikes
|move|p2a: Keldeo|Secret Sword|p1a: Shrek 5 WOOOO!
|-resisted|p1a: Shrek 5 WOOOO!
|-damage|p1a: Shrek 5 WOOOO!|0 fnt
|faint|p1a: Shrek 5 WOOOO!
|
|-weather|Sandstorm|[upkeep]
|-damage|p2a: Keldeo|88/100|[from] Sandstorm
|-heal|p2a: Keldeo|94/100|[from] item: Leftovers
|upkeep
|
|t:|1720190877
|switch|p1a: MatPat's Dinner|Rotom-Wash|100/100
|turn|14
|
|t:|1720190915
|switch|p2a: Latios|Latios, M|100/100
|-damage|p2a: Latios|88/100|[from] Stealth Rock
|move|p1a: MatPat's Dinner|Volt Switch|p2a: Latios
|-resisted|p2a: Latios
|-crit|p2a: Latios
|-damage|p2a: Latios|61/100
|
|t:|1720190922
|switch|p1a: *dies to Spikes*|Tyranitar, M|100/100|[from] Volt Switch
|-damage|p1a: *dies to Spikes*|88/100|[from] Spikes
|
|-weather|Sandstorm|[upkeep]
|-damage|p2a: Latios|55/100|[from] Sandstorm
|upkeep
|turn|15
|
|t:|1720190930
|move|p2a: Latios|Draco Meteor|p1a: *dies to Spikes*
|-damage|p1a: *dies to Spikes*|51/100
|-unboost|p2a: Latios|spa|2
|move|p1a: *dies to Spikes*|Pursuit|p2a: Latios
|-supereffective|p2a: Latios
|-damage|p2a: Latios|0 fnt
|faint|p2a: Latios
|
|-weather|Sandstorm|[upkeep]
|upkeep
|
|t:|1720190955
|switch|p2a: Landorus|Landorus-Therian, M|73/100
|-damage|p2a: Landorus|60/100|[from] Stealth Rock
|-ability|p2a: Landorus|Intimidate|boost
|-unboost|p1a: *dies to Spikes*|atk|1
|turn|16
|
|t:|1720190959
|switch|p1a: Hopelessly Devoted|Landorus-Therian, M|66/100
|-ability|p1a: Hopelessly Devoted|Intimidate|boost
|-unboost|p2a: Landorus|atk|1
|move|p2a: Landorus|Stealth Rock|p1a: Hopelessly Devoted
|-sidestart|p1: WeR#4Hay!|move: Stealth Rock
|
|-weather|Sandstorm|[upkeep]
|-heal|p2a: Landorus|66/100|[from] item: Leftovers
|upkeep
|turn|17
|
|t:|1720190967
|move|p2a: Landorus|Hidden Power|p1a: Hopelessly Devoted
|-supereffective|p1a: Hopelessly Devoted
|-damage|p1a: Hopelessly Devoted|0 fnt
|faint|p1a: Hopelessly Devoted
|
|-weather|Sandstorm|[upkeep]
|-heal|p2a: Landorus|72/100|[from] item: Leftovers
|upkeep
|
|t:|1720190974
|switch|p1a: MatPat's Dinner|Rotom-Wash|100/100
|-damage|p1a: MatPat's Dinner|88/100|[from] Stealth Rock
|turn|18
|
|t:|1720191009
|move|p2a: Landorus|U-turn|p1a: MatPat's Dinner
|-damage|p1a: MatPat's Dinner|77/100
|
|t:|1720191028
|switch|p2a: Keldeo|Keldeo|94/100|[from] U-turn
|-damage|p2a: Keldeo|88/100|[from] Stealth Rock
|move|p1a: MatPat's Dinner|Volt Switch|p2a: Keldeo
|-supereffective|p2a: Keldeo
|-damage|p2a: Keldeo|26/100
|
|t:|1720191034
|switch|p1a: Olivia Newton-John|Garchomp, F|100/100|[from] Volt Switch
|-damage|p1a: Olivia Newton-John|88/100|[from] Spikes
|-damage|p1a: Olivia Newton-John|82/100|[from] Stealth Rock
|
|-weather|Sandstorm|[upkeep]
|-damage|p2a: Keldeo|20/100|[from] Sandstorm
|-heal|p2a: Keldeo|26/100|[from] item: Leftovers
|upkeep
|turn|19
|
|t:|1720191041
|switch|p2a: Ferrothorn|Ferrothorn, M|46/100
|-damage|p2a: Ferrothorn|40/100|[from] Stealth Rock
|move|p1a: Olivia Newton-John|Dual Chop|p2a: Ferrothorn
|-resisted|p2a: Ferrothorn
|-damage|p2a: Ferrothorn|33/100
|-damage|p1a: Olivia Newton-John|70/100|[from] ability: Iron Barbs|[of] p2a: Ferrothorn
|-resisted|p2a: Ferrothorn
|-damage|p2a: Ferrothorn|26/100
|-damage|p1a: Olivia Newton-John|57/100|[from] ability: Iron Barbs|[of] p2a: Ferrothorn
|-hitcount|p2a: Ferrothorn|2
|
|-weather|Sandstorm|[upkeep]
|upkeep
|turn|20
|
|t:|1720191053
|switch|p1a: *dies to Spikes*|Tyranitar, M|51/100
|-damage|p1a: *dies to Spikes*|39/100|[from] Spikes
|-damage|p1a: *dies to Spikes*|26/100|[from] Stealth Rock
|move|p2a: Ferrothorn|Power Whip|p1a: *dies to Spikes*
|-supereffective|p1a: *dies to Spikes*
|-damage|p1a: *dies to Spikes*|0 fnt
|faint|p1a: *dies to Spikes*
|
|-weather|Sandstorm|[upkeep]
|upkeep
|
|t:|1720191055
|switch|p1a: THE UNDERMINERRRRR|Excadrill, M|71/100
|-damage|p1a: THE UNDERMINERRRRR|59/100|[from] Spikes
|-damage|p1a: THE UNDERMINERRRRR|56/100|[from] Stealth Rock
|turn|21
|
|t:|1720191064
|move|p1a: THE UNDERMINERRRRR|Rapid Spin|p2a: Ferrothorn
|-resisted|p2a: Ferrothorn
|-damage|p2a: Ferrothorn|24/100
|-damage|p1a: THE UNDERMINERRRRR|43/100|[from] ability: Iron Barbs|[of] p2a: Ferrothorn
|-sideend|p1: WeR#4Hay!|Spikes|[from] move: Rapid Spin|[of] p1a: THE UNDERMINERRRRR
|-sideend|p1: WeR#4Hay!|Stealth Rock|[from] move: Rapid Spin|[of] p1a: THE UNDERMINERRRRR
|move|p2a: Ferrothorn|Spikes|p1a: THE UNDERMINERRRRR
|-sidestart|p1: WeR#4Hay!|Spikes
|
|-weather|Sandstorm|[upkeep]
|-heal|p1a: THE UNDERMINERRRRR|50/100|[from] item: Leftovers
|upkeep
|turn|22
|
|t:|1720191070
|move|p1a: THE UNDERMINERRRRR|Earthquake|p2a: Ferrothorn
|-damage|p2a: Ferrothorn|0 fnt
|faint|p2a: Ferrothorn
|
|-weather|Sandstorm|[upkeep]
|-heal|p1a: THE UNDERMINERRRRR|56/100|[from] item: Leftovers
|upkeep
|
|t:|1720191115
|switch|p2a: Alakazam|Alakazam, F|100/100
|turn|23
|
|t:|1720191122
|move|p2a: Alakazam|Hidden Power|p1a: THE UNDERMINERRRRR
|-supereffective|p1a: THE UNDERMINERRRRR
|-damage|p1a: THE UNDERMINERRRRR|0 fnt
|faint|p1a: THE UNDERMINERRRRR
|
|-weather|Sandstorm|[upkeep]
|upkeep
|
|t:|1720191126
|switch|p1a: Olivia Newton-John|Garchomp, F|57/100
|-damage|p1a: Olivia Newton-John|45/100|[from] Spikes
|turn|24
|
|t:|1720191141
|move|p1a: Olivia Newton-John|Dual Chop|p2a: Alakazam
|-damage|p2a: Alakazam|53/100
|-damage|p2a: Alakazam|5/100
|-hitcount|p2a: Alakazam|2
|move|p2a: Alakazam|Psychic|p1a: Olivia Newton-John
|-damage|p1a: Olivia Newton-John|0 fnt
|faint|p1a: Olivia Newton-John
|
|-weather|Sandstorm|[upkeep]
|upkeep
|
|t:|1720191145
|switch|p1a: MatPat's Dinner|Rotom-Wash|77/100
|turn|25
|c|☆WeR#4Hay!|gg
|c|☆BWR Momentum city|Gg
|
|t:|1720191153
|move|p2a: Alakazam|Psychic|p1a: MatPat's Dinner
|-damage|p1a: MatPat's Dinner|14/100
|move|p1a: MatPat's Dinner|Volt Switch|p2a: Alakazam
|-damage|p2a: Alakazam|0 fnt
|faint|p2a: Alakazam
|
|-weather|Sandstorm|[upkeep]
|-damage|p1a: MatPat's Dinner|8/100|[from] Sandstorm
|-heal|p1a: MatPat's Dinner|14/100|[from] item: Leftovers
|upkeep
|
|t:|1720191162
|switch|p2a: Keldeo|Keldeo|26/100
|-damage|p2a: Keldeo|20/100|[from] Stealth Rock
|turn|26
|
|t:|1720191167
|move|p2a: Keldeo|Hidden Power|p1a: MatPat's Dinner
|-supereffective|p1a: MatPat's Dinner
|-damage|p1a: MatPat's Dinner|0 fnt
|faint|p1a: MatPat's Dinner
|
|win|BWR Momentum city
|raw|WeR#4Hay!'s rating: 1444 &rarr; <strong>1418</strong><br />(-26 for losing)
|raw|BWR Momentum city's rating: 1336 &rarr; <strong>1362</strong><br />(+26 for winning)
