|j|☆HydreigonSpammer
|j|☆aodh gift
|t:|1736694490
|gametype|singles
|player|p1|HydreigonSpammer|iris|1331
|player|p2|aodh gift|lass-gen4|1313
|teamsize|p1|6
|teamsize|p2|6
|gen|5
|tier|[Gen 5] OU
|rated|
|rule|Species Clause: Limit one of each Pokémon
|rule|OHKO Clause: OHKO moves are banned
|rule|Moody Clause: Moody is banned
|rule|Evasion Items Clause: Evasion items are banned
|rule|Evasion Moves Clause: Evasion moves are banned
|rule|Endless Battle Clause: Forcing endless battles is banned
|rule|HP Percentage Mod: HP is shown in percentages
|rule|Evasion Abilities Clause: Evasion abilities are banned
|rule|Sleep Moves Clause: Sleep-inducing moves are banned
|rule|Swagger Clause: Swagger is banned
|rule|Baton Pass Stat Clause: No Baton Passer may have a way to boost its stats
|clearpoke
|poke|p1|Excadrill, F|item
|poke|p1|Kyurem-Black|item
|poke|p1|Gliscor, F|
|poke|p1|Latias, F|item
|poke|p1|Jellicent, M|item
|poke|p1|Jirachi|item
|poke|p2|Tyranitar, M|item
|poke|p2|Ferrothorn, M|item
|poke|p2|Gliscor, M|item
|poke|p2|Rotom-Wash|item
|poke|p2|Magnezone|item
|poke|p2|Gastrodon-East, F|item
|teampreview
|inactive|Battle timer is ON: inactive players will automatically lose when time's up. (requested by aodh gift)
|
|t:|1736694500
|start
|switch|p1a: Excadrill|Excadrill, F, shiny|100/100
|switch|p2a: Rotom|Rotom-Wash|100/100
|-ability|p1a: Excadrill|Mold Breaker
|turn|1
|
|t:|1736694510
|move|p2a: Rotom|Hydro Pump|p1a: Excadrill
|-supereffective|p1a: Excadrill
|-damage|p1a: Excadrill|11/100
|move|p1a: Excadrill|Earthquake|p2a: Rotom
|-supereffective|p2a: Rotom
|-damage|p2a: Rotom|0 fnt
|faint|p2a: Rotom
|
|upkeep
|
|t:|1736694516
|switch|p2a: Gastrodon|Gastrodon-East, F|100/100
|turn|2
|
|t:|1736694522
|move|p1a: Excadrill|Toxic|p2a: Gastrodon
|-status|p2a: Gastrodon|tox
|move|p2a: Gastrodon|Scald|p1a: Excadrill
|-supereffective|p1a: Excadrill
|-crit|p1a: Excadrill
|-damage|p1a: Excadrill|0 fnt
|faint|p1a: Excadrill
|
|-damage|p2a: Gastrodon|94/100 tox|[from] psn
|upkeep
|
|t:|1736694527
|switch|p1a: Kyurem|Kyurem-Black|100/100
|-ability|p1a: Kyurem|Teravolt
|turn|3
|
|t:|1736694529
|move|p1a: Kyurem|Substitute|p1a: Kyurem
|-start|p1a: Kyurem|Substitute
|-damage|p1a: Kyurem|76/100
|move|p2a: Gastrodon|Scald|p1a: Kyurem
|-resisted|p1a: Kyurem
|-crit|p1a: Kyurem
|-activate|p1a: Kyurem|Substitute|[damage]
|
|-heal|p1a: Kyurem|82/100|[from] item: Leftovers
|-heal|p2a: Gastrodon|100/100 tox|[from] item: Leftovers
|-damage|p2a: Gastrodon|88/100 tox|[from] psn
|upkeep
|turn|4
|
|t:|1736694533
|switch|p2a: Tyranitar|Tyranitar, M|100/100
|-weather|Sandstorm|[from] ability: Sand Stream|[of] p2a: Tyranitar
|move|p1a: Kyurem|Ice Beam|p2a: Tyranitar
|-damage|p2a: Tyranitar|68/100
|
|-weather|Sandstorm|[upkeep]
|-damage|p1a: Kyurem|76/100|[from] Sandstorm
|-heal|p1a: Kyurem|82/100|[from] item: Leftovers
|upkeep
|turn|5
|
|t:|1736694539
|move|p2a: Tyranitar|Stone Edge|p1a: Kyurem|[miss]
|-miss|p2a: Tyranitar|p1a: Kyurem
|move|p1a: Kyurem|Ice Beam|p2a: Tyranitar
|-damage|p2a: Tyranitar|34/100
|
|-weather|Sandstorm|[upkeep]
|-damage|p1a: Kyurem|76/100|[from] Sandstorm
|-heal|p1a: Kyurem|82/100|[from] item: Leftovers
|upkeep
|turn|6
|
|t:|1736694546
|move|p2a: Tyranitar|Stone Edge|p1a: Kyurem
|-supereffective|p1a: Kyurem
|-end|p1a: Kyurem|Substitute
|move|p1a: Kyurem|Earth Power|p2a: Tyranitar
|-supereffective|p2a: Tyranitar
|-damage|p2a: Tyranitar|0 fnt
|faint|p2a: Tyranitar
|
|-weather|Sandstorm|[upkeep]
|-damage|p1a: Kyurem|76/100|[from] Sandstorm
|-heal|p1a: Kyurem|82/100|[from] item: Leftovers
|upkeep
|
|t:|1736694553
|switch|p2a: Gastrodon|Gastrodon-East, F|88/100 tox
|turn|7
|
|t:|1736694558
|move|p1a: Kyurem|Substitute|p1a: Kyurem
|-start|p1a: Kyurem|Substitute
|-damage|p1a: Kyurem|57/100
|move|p2a: Gastrodon|Ice Beam|p1a: Kyurem
|-activate|p1a: Kyurem|Substitute|[damage]
|
|-weather|Sandstorm|[upkeep]
|-damage|p1a: Kyurem|51/100|[from] Sandstorm
|-heal|p1a: Kyurem|57/100|[from] item: Leftovers
|-heal|p2a: Gastrodon|94/100 tox|[from] item: Leftovers
|-damage|p2a: Gastrodon|88/100 tox|[from] psn
|upkeep
|turn|8
|-message|aodh gift forfeited.
|
|win|HydreigonSpammer
|raw|HydreigonSpammer's rating: 1331 &rarr; <strong>1350</strong><br />(+19 for winning)
|raw|aodh gift's rating: 1313 &rarr; <strong>1294</strong><br />(-19 for losing)
|l|☆aodh gift
|player|p2|
