|j|BLT1 Mahrez
|j|KastyTP--
|player|p1|BLT1 Mahrez|249
|player|p2|KastyTP--|1
|gametype|singles
|gen|5
|tier|[Gen 5] OU
|rated
|seed|
|rule|Evasion Abilities Clause: Evasion abilities are banned
|rule|Baton Pass Clause: Limit one Baton Passer, can't pass Spe and other stats simultaneously
|rule|Swagger Clause: Swagger is banned
|clearpoke
|poke|p1|Tyranitar, F|item
|poke|p1|Breloom, M|item
|poke|p1|Keldeo|item
|poke|p1|Garchomp, M|item
|poke|p1|Jirachi|item
|poke|p1|Latios, M|item
|poke|p2|Alakazam, M|item
|poke|p2|Landorus-Therian, M|item
|poke|p2|Ferrothorn, M|item
|poke|p2|Jellicent, F|item
|poke|p2|Garchomp, F|item
|poke|p2|Tyranitar, M|item
|rule|Sleep Clause Mod: Limit one foe put to sleep
|rule|Species Clause: Limit one of each Pokémon
|rule|OHKO Clause: OHKO moves are banned
|rule|Moody Clause: Moody is banned
|rule|Evasion Moves Clause: Evasion moves are banned
|rule|Endless Battle Clause: Forcing endless battles is banned
|rule|HP Percentage Mod: HP is shown in percentages
|teampreview
|j|PLANET KROOM/ DAR
|l|PLANET KROOM/ DAR
|choice||
|
|start
|switch|p1a: Breloom|Breloom, M|100/100
|switch|p2a: Garchomp|Garchomp, F|100/100
|turn|1
|choice||
|
|switch|p1a: Jirachi|Jirachi|100/100
|move|p2a: Garchomp|Dual Chop|p1a: Jirachi
|-resisted|p1a: Jirachi
|-damage|p1a: Jirachi|86/100
|-resisted|p1a: Jirachi
|-damage|p1a: Jirachi|71/100
|-hitcount|p1a: Jirachi|2
|
|turn|2
|choice||
|
|switch|p1a: Keldeo|Keldeo|100/100
|switch|p2a: Landorus|Landorus-Therian, M|100/100
|-ability|p2a: Landorus|Intimidate|boost
|-unboost|p1a: Keldeo|atk|1
|
|turn|3
|choice||
|
|move|p2a: Landorus|U-turn|p1a: Keldeo
|-resisted|p1a: Keldeo
|-damage|p1a: Keldeo|84/100
|choice||
|
|switch|p2a: Ferrothorn|Ferrothorn, M|100/100
|move|p1a: Keldeo|Calm Mind|p1a: Keldeo
|-boost|p1a: Keldeo|spa|1
|-boost|p1a: Keldeo|spd|1
|
|turn|4
|choice||
|
|switch|p2a: Jellicent|Jellicent, F|100/100
|move|p1a: Keldeo|Secret Sword|p2a: Jellicent
|-immune|p2a: Jellicent|[msg]
|
|turn|5
|choice||
|
|move|p1a: Keldeo|Calm Mind|p1a: Keldeo
|-boost|p1a: Keldeo|spa|1
|-boost|p1a: Keldeo|spd|1
|move|p2a: Jellicent|Will-O-Wisp|p1a: Keldeo
|-status|p1a: Keldeo|brn
|
|-damage|p1a: Keldeo|72/100 brn|[from] brn
|turn|6
|choice||
|
|move|p1a: Keldeo|Hidden Power|p2a: Jellicent
|-enditem|p1a: Keldeo|Ghost Gem|[from] gem|[move] Hidden Power
|-supereffective|p2a: Jellicent
|-damage|p2a: Jellicent|0 fnt
|faint|p2a: Jellicent
|
|-damage|p1a: Keldeo|60/100 brn|[from] brn
|j|pink bow
|choice||
|
|switch|p2a: Alakazam|Alakazam, M|100/100
|turn|7
|choice||
|
|switch|p1a: Jirachi|Jirachi|71/100
|move|p2a: Alakazam|Psychic|p1a: Jirachi
|-resisted|p1a: Jirachi
|-damage|p1a: Jirachi|59/100
|
|turn|8
|choice||
|
|switch|p2a: Ferrothorn|Ferrothorn, M|100/100
|move|p1a: Jirachi|U-turn|p2a: Ferrothorn
|-damage|p2a: Ferrothorn|87/100
|-damage|p1a: Jirachi|47/100|[from] ability: Iron Barbs|[of] p2a: Ferrothorn
|choice||
|
|switch|p1a: Breloom|Breloom, M|100/100
|
|-heal|p2a: Ferrothorn|94/100|[from] item: Leftovers
|turn|9
|choice||
|
|move|p1a: Breloom|Spore|p2a: Ferrothorn
|-status|p2a: Ferrothorn|slp
|cant|p2a: Ferrothorn|slp
|
|-heal|p2a: Ferrothorn|99/100 slp|[from] item: Leftovers
|turn|10
|choice||
|
|switch|p2a: Landorus|Landorus-Therian, M|100/100
|-ability|p2a: Landorus|Intimidate|boost
|-unboost|p1a: Breloom|atk|1
|move|p1a: Breloom|Bullet Seed|p2a: Landorus
|-damage|p2a: Landorus|85/100
|-damage|p2a: Landorus|71/100
|-damage|p2a: Landorus|54/100
|-hitcount|p2a: Landorus|3
|
|turn|11
|choice||
|
|move|p2a: Landorus|U-turn|p1a: Breloom
|-damage|p1a: Breloom|60/100
|choice||
|
|switch|p2a: Garchomp|Garchomp, F|100/100
|move|p1a: Breloom|Bullet Seed|p2a: Garchomp
|-damage|p2a: Garchomp|87/100
|-damage|p2a: Garchomp|74/100
|-damage|p2a: Garchomp|63/100
|-damage|p2a: Garchomp|49/100
|-damage|p2a: Garchomp|35/100
|-hitcount|p2a: Garchomp|5
|
|turn|12
|choice||
|
|switch|p1a: Latios|Latios, M|100/100
|move|p2a: Garchomp|Fire Fang|p1a: Latios
|-resisted|p1a: Latios
|-damage|p1a: Latios|76/100
|
|turn|13
|choice||
|
|switch|p2a: Tyranitar|Tyranitar, M|100/100
|-weather|Sandstorm|[from] ability: Sand Stream|[of] p2a: Tyranitar
|move|p1a: Latios|Draco Meteor|p2a: Tyranitar
|-damage|p2a: Tyranitar|49/100
|-unboost|p1a: Latios|spa|2
|
|-weather|Sandstorm|[upkeep]
|-damage|p1a: Latios|70/100|[from] sandstorm
|turn|14
|choice||
|
|-activate|p1a: Latios|move: Pursuit
|move|p2a: Tyranitar|Pursuit|p1a: Latios|[from]Pursuit
|-supereffective|p1a: Latios
|-crit|p1a: Latios
|-damage|p1a: Latios|0 fnt
|faint|p1a: Latios
|
|-weather|Sandstorm|[upkeep]
|choice||
|
|switch|p1a: Keldeo|Keldeo|60/100 brn
|turn|15
|choice||
|
|switch|p2a: Ferrothorn|Ferrothorn, M|99/100 slp
|move|p1a: Keldeo|Hydro Pump|p2a: Ferrothorn|[miss]
|-miss|p1a: Keldeo|p2a: Ferrothorn
|
|-weather|Sandstorm|[upkeep]
|-damage|p1a: Keldeo|53/100 brn|[from] sandstorm
|-heal|p2a: Ferrothorn|100/100 slp|[from] item: Leftovers
|-damage|p1a: Keldeo|41/100 brn|[from] brn
|turn|16
|choice||
|
|move|p1a: Keldeo|Secret Sword|p2a: Ferrothorn
|-supereffective|p2a: Ferrothorn
|-damage|p2a: Ferrothorn|36/100 slp
|cant|p2a: Ferrothorn|slp
|
|-weather|Sandstorm|[upkeep]
|-damage|p1a: Keldeo|35/100 brn|[from] sandstorm
|-heal|p2a: Ferrothorn|42/100 slp|[from] item: Leftovers
|-damage|p1a: Keldeo|22/100 brn|[from] brn
|turn|17
|choice||
|
|move|p1a: Keldeo|Secret Sword|p2a: Ferrothorn
|-supereffective|p2a: Ferrothorn
|-damage|p2a: Ferrothorn|0 fnt
|faint|p2a: Ferrothorn
|
|-weather|Sandstorm|[upkeep]
|-damage|p1a: Keldeo|16/100 brn|[from] sandstorm
|-damage|p1a: Keldeo|4/100 brn|[from] brn
|choice||
|
|switch|p2a: Landorus|Landorus-Therian, M|54/100
|-ability|p2a: Landorus|Intimidate|boost
|-unboost|p1a: Keldeo|atk|1
|turn|18
|choice||
|
|move|p2a: Landorus|Earthquake|p1a: Keldeo
|-damage|p1a: Keldeo|0 fnt
|faint|p1a: Keldeo
|
|-weather|Sandstorm|[upkeep]
|choice||
|
|switch|p1a: Garchomp|Garchomp, M|100/100
|turn|19
|choice||
|
|switch|p2a: Tyranitar|Tyranitar, M|49/100
|move|p1a: Garchomp|Substitute|p1a: Garchomp
|-start|p1a: Garchomp|Substitute
|-damage|p1a: Garchomp|76/100
|
|-weather|Sandstorm|[upkeep]
|turn|20
|choice||
|
|switch|p2a: Landorus|Landorus-Therian, M|54/100
|-ability|p2a: Landorus|Intimidate|boost
|-immune|p1a: Garchomp|[msg]
|move|p1a: Garchomp|Swords Dance|p1a: Garchomp
|-boost|p1a: Garchomp|atk|2
|
|-weather|Sandstorm|[upkeep]
|turn|21
|choice||
|
|move|p2a: Landorus|U-turn|p1a: Garchomp
|-end|p1a: Garchomp|Substitute
|choice||
|
|switch|p2a: Tyranitar|Tyranitar, M|49/100
|move|p1a: Garchomp|Outrage|p2a: Tyranitar
|-crit|p2a: Tyranitar
|-damage|p2a: Tyranitar|0 fnt
|faint|p2a: Tyranitar
|
|-weather|Sandstorm|[upkeep]
|c|★BLT1 Mahrez|oh that breaks
|c|★BLT1 Mahrez|oops
|choice||
|
|switch|p2a: Landorus|Landorus-Therian, M|54/100
|-ability|p2a: Landorus|Intimidate|boost
|-unboost|p1a: Garchomp|atk|1
|turn|22
|choice||
|
|move|p2a: Landorus|Hidden Power|p1a: Garchomp
|-supereffective|p1a: Garchomp
|-damage|p1a: Garchomp|0 fnt
|faint|p1a: Garchomp
|
|-weather|Sandstorm|[upkeep]
|choice||
|
|switch|p1a: Jirachi|Jirachi|47/100
|turn|23
|choice||
|
|switch|p2a: Alakazam|Alakazam, M|100/100
|move|p1a: Jirachi|Ice Punch|p2a: Alakazam
|-damage|p2a: Alakazam|41/100
|
|-weather|Sandstorm|[upkeep]
|turn|24
|c|★KastyTP--|ops, I think it will be lower
|choice||
|
|move|p1a: Jirachi|Ice Punch|p2a: Alakazam
|-damage|p2a: Alakazam|0 fnt
|faint|p2a: Alakazam
|
|-weather|Sandstorm|[upkeep]
|choice||
|
|switch|p2a: Landorus|Landorus-Therian, M|54/100
|-ability|p2a: Landorus|Intimidate|boost
|-unboost|p1a: Jirachi|atk|1
|turn|25
|choice||
|
|switch|p1a: Tyranitar|Tyranitar, F|100/100
|move|p2a: Landorus|Earthquake|p1a: Tyranitar
|-supereffective|p1a: Tyranitar
|-damage|p1a: Tyranitar|4/100
|
|-weather|Sandstorm|[upkeep]
|turn|26
|choice||
|
|move|p2a: Landorus|Earthquake|p1a: Tyranitar
|-supereffective|p1a: Tyranitar
|-damage|p1a: Tyranitar|0 fnt
|faint|p1a: Tyranitar
|
|-weather|Sandstorm|[upkeep]
|choice||
|
|switch|p1a: Breloom|Breloom, M|60/100
|turn|27
|choice||
|
|switch|p2a: Garchomp|Garchomp, F|35/100
|move|p1a: Breloom|Spore|p2a: Garchomp
|-status|p2a: Garchomp|slp
|
|-weather|Sandstorm|[upkeep]
|-damage|p1a: Breloom|54/100|[from] sandstorm
|turn|28
|c|★BLT1 Mahrez|hm ok lets not choke this
|choice||
|
|cant|p2a: Garchomp|slp
|move|p1a: Breloom|Bullet Seed|p2a: Garchomp
|-damage|p2a: Garchomp|15/100 slp
|-damage|p2a: Garchomp|0 fnt
|-hitcount|p2a: Garchomp|2
|faint|p2a: Garchomp
|
|-weather|Sandstorm|[upkeep]
|-damage|p1a: Breloom|48/100|[from] sandstorm
|choice||
|
|switch|p2a: Landorus|Landorus-Therian, M|54/100
|-ability|p2a: Landorus|Intimidate|boost
|-unboost|p1a: Breloom|atk|1
|turn|29
|choice||
|
|move|p2a: Landorus|Earthquake|p1a: Breloom
|-resisted|p1a: Breloom
|-damage|p1a: Breloom|2/100
|move|p1a: Breloom|Spore|p2a: Landorus
|-status|p2a: Landorus|slp
|
|-weather|Sandstorm|[upkeep]
|-damage|p1a: Breloom|0 fnt|[from] sandstorm
|faint|p1a: Breloom
|choice||
|
|switch|p1a: Jirachi|Jirachi|47/100
|turn|30
|choice||
|
|move|p1a: Jirachi|Ice Punch|p2a: Landorus
|-supereffective|p2a: Landorus
|-damage|p2a: Landorus|0 fnt
|faint|p2a: Landorus
|
|win|BLT1 Mahrez
|player|p1
|player|p2
|c|★BLT1 Mahrez|ggz
|l|BLT1 Mahrez
|l|KastyTP--
|raw|BLT1 Mahrez's rating: 1304 &rarr; <strong>1326</strong><br />(+22 for winning)
|raw|KastyTP--'s rating: 1327 &rarr; <strong>1306</strong><br />(-21 for losing)