|j|☆MovieofConke
|j|☆Crowned Crystals ♔@!
|t:|1708482162
|gametype|singles
|player|p1|MovieofConke|miku-water|1572
|player|p2|Crowned Crystals ♔|266|1426
|teamsize|p1|6
|teamsize|p2|6
|gen|5
|tier|[Gen 5] OU
|rated|
|rule|Species Clause: Limit one of each Pokémon
|rule|OHKO Clause: OHKO moves are banned
|rule|Moody Clause: Moody is banned
|rule|Evasion Items Clause: Evasion items are banned
|rule|Evasion Moves Clause: Evasion moves are banned
|rule|Endless Battle Clause: Forcing endless battles is banned
|rule|HP Percentage Mod: HP is shown in percentages
|rule|Evasion Abilities Clause: Evasion abilities are banned
|rule|Sleep Moves Clause: Sleep-inducing moves are banned
|rule|Swagger Clause: Swagger is banned
|rule|Baton Pass Stat Clause: No Baton Passer may have a way to boost its stats
|clearpoke
|poke|p1|Abomasnow, M|item
|poke|p1|Mamoswine, F|item
|poke|p1|Cloyster, F|item
|poke|p1|Salamence, F|item
|poke|p1|Starmie|item
|poke|p1|Jirachi|item
|poke|p2|Politoed, M|item
|poke|p2|Mamoswine, M|item
|poke|p2|Ferrothorn, F|item
|poke|p2|Tentacruel, M|item
|poke|p2|Keldeo|item
|poke|p2|Thundurus-Therian, M|item
|teampreview
|inactive|Battle timer is ON: inactive players will automatically lose when time's up. (requested by MovieofConke)
|
|t:|1708482184
|start
|switch|p1a: Jirachi|Jirachi|100/100
|switch|p2a: Thundurus|Thundurus-Therian, M|100/100
|turn|1
|
|t:|1708482190
|move|p2a: Thundurus|Thunder|p1a: Jirachi|[miss]
|-miss|p2a: Thundurus|p1a: Jirachi
|move|p1a: Jirachi|Body Slam|p2a: Thundurus
|-damage|p2a: Thundurus|68/100
|
|-heal|p2a: Thundurus|74/100|[from] item: Leftovers
|upkeep
|turn|2
|
|t:|1708482194
|move|p2a: Thundurus|Thunder|p1a: Jirachi
|-damage|p1a: Jirachi|57/100
|move|p1a: Jirachi|Body Slam|p2a: Thundurus
|-damage|p2a: Thundurus|44/100
|-status|p2a: Thundurus|par
|
|-heal|p2a: Thundurus|50/100 par|[from] item: Leftovers
|upkeep
|turn|3
|
|t:|1708482201
|switch|p2a: Ferrothorn|Ferrothorn, F|100/100
|move|p1a: Jirachi|Stealth Rock|p2a: Ferrothorn
|-sidestart|p2: Crowned Crystals ♔|move: Stealth Rock
|
|upkeep
|turn|4
|
|t:|1708482209
|switch|p1a: Starmie|Starmie|100/100
|-item|p1a: Starmie|Air Balloon
|move|p2a: Ferrothorn|Stealth Rock|p1a: Starmie
|-sidestart|p1: MovieofConke|move: Stealth Rock
|
|upkeep
|turn|5
|
|t:|1708482215
|move|p1a: Starmie|Hidden Power|p2a: Ferrothorn
|-supereffective|p2a: Ferrothorn
|-damage|p2a: Ferrothorn|48/100
|move|p2a: Ferrothorn|Power Whip|p1a: Starmie
|-supereffective|p1a: Starmie
|-damage|p1a: Starmie|0 fnt
|-enditem|p1a: Starmie|Air Balloon
|faint|p1a: Starmie
|
|upkeep
|
|t:|1708482225
|switch|p1a: Abomasnow|Abomasnow, M, shiny|100/100
|-damage|p1a: Abomasnow|76/100|[from] Stealth Rock
|-weather|Hail|[from] ability: Snow Warning|[of] p1a: Abomasnow
|turn|6
|
|t:|1708482235
|move|p1a: Abomasnow|Wood Hammer|p2a: Ferrothorn
|-resisted|p2a: Ferrothorn
|-damage|p2a: Ferrothorn|40/100
|-damage|p1a: Abomasnow|63/100|[from] ability: Iron Barbs|[of] p2a: Ferrothorn
|-damage|p1a: Abomasnow|60/100|[from] Recoil
|move|p2a: Ferrothorn|Gyro Ball|p1a: Abomasnow
|-supereffective|p1a: Abomasnow
|-damage|p1a: Abomasnow|0 fnt
|faint|p1a: Abomasnow
|
|-weather|Hail|[upkeep]
|-damage|p2a: Ferrothorn|34/100|[from] Hail
|upkeep
|
|t:|1708482241
|switch|p1a: Mamoswine|Mamoswine, F|100/100
|-damage|p1a: Mamoswine|88/100|[from] Stealth Rock
|turn|7
|
|t:|1708482264
|move|p1a: Mamoswine|Earthquake|p2a: Ferrothorn
|-damage|p2a: Ferrothorn|0 fnt
|faint|p2a: Ferrothorn
|
|-weather|Hail|[upkeep]
|upkeep
|
|t:|1708482268
|switch|p2a: Keldeo|Keldeo|100/100
|-damage|p2a: Keldeo|94/100|[from] Stealth Rock
|turn|8
|
|t:|1708482274
|move|p2a: Keldeo|Secret Sword|p1a: Mamoswine
|-supereffective|p1a: Mamoswine
|-damage|p1a: Mamoswine|0 fnt
|faint|p1a: Mamoswine
|
|-weather|Hail|[upkeep]
|-damage|p2a: Keldeo|88/100|[from] Hail
|-heal|p2a: Keldeo|94/100|[from] item: Leftovers
|upkeep
|
|t:|1708482277
|switch|p1a: Jirachi|Jirachi|57/100
|-damage|p1a: Jirachi|50/100|[from] Stealth Rock
|turn|9
|inactive|Crowned Crystals ♔ has 120 seconds left.
|
|t:|1708482327
|switch|p2a: Tentacruel|Tentacruel, M|100/100
|-damage|p2a: Tentacruel|88/100|[from] Stealth Rock
|move|p1a: Jirachi|Body Slam|p2a: Tentacruel
|-damage|p2a: Tentacruel|64/100
|
|-weather|Hail|[upkeep]
|-damage|p2a: Tentacruel|58/100|[from] Hail
|-damage|p1a: Jirachi|44/100|[from] Hail
|-heal|p2a: Tentacruel|64/100|[from] item: Black Sludge
|upkeep
|turn|10
|
|t:|1708482335
|move|p2a: Tentacruel|Rapid Spin|p1a: Jirachi
|-resisted|p1a: Jirachi
|-damage|p1a: Jirachi|43/100
|-damage|p2a: Tentacruel|47/100|[from] item: Rocky Helmet|[of] p1a: Jirachi
|-sideend|p2: Crowned Crystals ♔|Stealth Rock|[from] move: Rapid Spin|[of] p2a: Tentacruel
|move|p1a: Jirachi|Body Slam|p2a: Tentacruel
|-damage|p2a: Tentacruel|21/100
|-status|p2a: Tentacruel|par
|
|-weather|Hail|[upkeep]
|-damage|p1a: Jirachi|37/100|[from] Hail
|-damage|p2a: Tentacruel|15/100 par|[from] Hail
|-heal|p2a: Tentacruel|21/100 par|[from] item: Black Sludge
|upkeep
|turn|11
|
|t:|1708482341
|move|p1a: Jirachi|Stealth Rock|p2a: Tentacruel
|-sidestart|p2: Crowned Crystals ♔|move: Stealth Rock
|cant|p2a: Tentacruel|par
|
|-weather|Hail|[upkeep]
|-damage|p1a: Jirachi|31/100|[from] Hail
|-damage|p2a: Tentacruel|15/100 par|[from] Hail
|-heal|p2a: Tentacruel|21/100 par|[from] item: Black Sludge
|upkeep
|turn|12
|
|t:|1708482345
|move|p1a: Jirachi|Body Slam|p2a: Tentacruel
|-damage|p2a: Tentacruel|0 fnt
|faint|p2a: Tentacruel
|
|-weather|Hail|[upkeep]
|-damage|p1a: Jirachi|25/100|[from] Hail
|upkeep
|inactive|Crowned Crystals ♔ has 120 seconds left.
|
|t:|1708482357
|switch|p2a: Keldeo|Keldeo|94/100
|-damage|p2a: Keldeo|88/100|[from] Stealth Rock
|turn|13
|
|t:|1708482364
|move|p2a: Keldeo|Surf|p1a: Jirachi
|-damage|p1a: Jirachi|0 fnt
|faint|p1a: Jirachi
|
|-weather|Hail|[upkeep]
|-damage|p2a: Keldeo|82/100|[from] Hail
|-heal|p2a: Keldeo|88/100|[from] item: Leftovers
|upkeep
|
|t:|1708482367
|switch|p1a: Salamence|Salamence, F|100/100
|-damage|p1a: Salamence|76/100|[from] Stealth Rock
|turn|14
|
|t:|1708482373
|switch|p2a: Thundurus|Thundurus-Therian, M|50/100 par
|-damage|p2a: Thundurus|26/100 par|[from] Stealth Rock
|move|p1a: Salamence|Dragon Claw|p2a: Thundurus
|-damage|p2a: Thundurus|0 fnt
|faint|p2a: Thundurus
|-ability|p1a: Salamence|Moxie|boost
|-boost|p1a: Salamence|atk|1
|
|-weather|Hail|[upkeep]
|-damage|p1a: Salamence|70/100|[from] Hail
|upkeep
|
|t:|1708482377
|switch|p2a: Mamoswine|Mamoswine, M|100/100
|-damage|p2a: Mamoswine|88/100|[from] Stealth Rock
|turn|15
|
|t:|1708482382
|switch|p1a: Cloyster|Cloyster, F|100/100
|-damage|p1a: Cloyster|76/100|[from] Stealth Rock
|move|p2a: Mamoswine|Ice Shard|p1a: Cloyster
|-resisted|p1a: Cloyster
|-damage|p1a: Cloyster|71/100
|
|-weather|Hail|[upkeep]
|upkeep
|turn|16
|
|t:|1708482390
|switch|p2a: Politoed|Politoed, M|100/100
|-damage|p2a: Politoed|88/100|[from] Stealth Rock
|-weather|RainDance|[from] ability: Drizzle|[of] p2a: Politoed
|move|p1a: Cloyster|Shell Smash|p1a: Cloyster
|-unboost|p1a: Cloyster|def|1
|-unboost|p1a: Cloyster|spd|1
|-boost|p1a: Cloyster|atk|2
|-boost|p1a: Cloyster|spa|2
|-boost|p1a: Cloyster|spe|2
|
|-weather|RainDance|[upkeep]
|-heal|p2a: Politoed|94/100|[from] item: Leftovers
|upkeep
|turn|17
|
|t:|1708482396
|move|p2a: Politoed|Protect|p2a: Politoed
|-singleturn|p2a: Politoed|Protect
|move|p1a: Cloyster|Icicle Spear|p2a: Politoed
|-activate|p2a: Politoed|move: Protect
|
|-weather|RainDance|[upkeep]
|-heal|p2a: Politoed|100/100|[from] item: Leftovers
|upkeep
|turn|18
|
|t:|1708482401
|move|p1a: Cloyster|Rock Blast|p2a: Politoed
|-damage|p2a: Politoed|86/100
|-damage|p2a: Politoed|73/100
|-damage|p2a: Politoed|59/100
|-damage|p2a: Politoed|45/100
|-damage|p2a: Politoed|31/100
|-hitcount|p2a: Politoed|5
|move|p2a: Politoed|Scald|p1a: Cloyster
|-resisted|p1a: Cloyster
|-damage|p1a: Cloyster|3/100
|
|-weather|RainDance|[upkeep]
|-heal|p2a: Politoed|37/100|[from] item: Leftovers
|upkeep
|turn|19
|
|t:|1708482409
|move|p1a: Cloyster|Icicle Spear|p2a: Politoed
|-resisted|p2a: Politoed
|-damage|p2a: Politoed|26/100
|-resisted|p2a: Politoed
|-damage|p2a: Politoed|14/100
|-resisted|p2a: Politoed
|-damage|p2a: Politoed|0 fnt
|faint|p2a: Politoed
|-hitcount|p2: Politoed|3
|
|-weather|RainDance|[upkeep]
|upkeep
|
|t:|1708482412
|switch|p2a: Mamoswine|Mamoswine, M|88/100
|-damage|p2a: Mamoswine|76/100|[from] Stealth Rock
|turn|20
|
|t:|1708482416
|move|p1a: Cloyster|Ice Shard|p2a: Mamoswine
|-damage|p2a: Mamoswine|51/100
|move|p2a: Mamoswine|Ice Shard|p1a: Cloyster
|-resisted|p1a: Cloyster
|-damage|p1a: Cloyster|0 fnt
|faint|p1a: Cloyster
|
|-weather|RainDance|[upkeep]
|upkeep
|
|t:|1708482419
|switch|p1a: Salamence|Salamence, F|70/100
|-damage|p1a: Salamence|45/100|[from] Stealth Rock
|turn|21
|
|t:|1708482423
|move|p2a: Mamoswine|Ice Shard|p1a: Salamence
|-supereffective|p1a: Salamence
|-damage|p1a: Salamence|0 fnt
|faint|p1a: Salamence
|
|win|Crowned Crystals ♔
|raw|MovieofConke's rating: 1572 &rarr; <strong>1544</strong><br />(-28 for losing)
|raw|Crowned Crystals ♔'s rating: 1426 &rarr; <strong>1454</strong><br />(+28 for winning)
|l|☆MovieofConke
|player|p1|
|l|☆Crowned Crystals ♔
|player|p2|
|j|☆Crowned Crystals ♔@!
|player|p2|Crowned Crystals ♔|266
|c|☆Crowned Crystals ♔|/log Crowned Crystals ♔ made this room public.
