|j|☆BWVC BookofConke
|j|☆KakoLy
|t:|1717242934
|gametype|singles
|player|p1|BWVC BookofConke|silver-masters|1408
|player|p2|KakoLy|brendan-gen3|1456
|teamsize|p1|6
|teamsize|p2|6
|gen|5
|tier|[Gen 5] OU
|rated|
|rule|Species Clause: Limit one of each Pokémon
|rule|OHKO Clause: OHKO moves are banned
|rule|Moody Clause: Moody is banned
|rule|Evasion Items Clause: Evasion items are banned
|rule|Evasion Moves Clause: Evasion moves are banned
|rule|Endless Battle Clause: Forcing endless battles is banned
|rule|HP Percentage Mod: HP is shown in percentages
|rule|Evasion Abilities Clause: Evasion abilities are banned
|rule|Sleep Moves Clause: Sleep-inducing moves are banned
|rule|Swagger Clause: Swagger is banned
|rule|Baton Pass Stat Clause: No Baton Passer may have a way to boost its stats
|clearpoke
|poke|p1|Tyranitar, F|item
|poke|p1|Latios, M|item
|poke|p1|Volcarona, M|item
|poke|p1|Seismitoad, M|item
|poke|p1|Landorus-Therian, M|item
|poke|p1|Excadrill, M|item
|poke|p2|Skarmory, F|item
|poke|p2|Jirachi|item
|poke|p2|Latios, M|item
|poke|p2|Garchomp, M|item
|poke|p2|Scizor, F|item
|poke|p2|Jellicent, M|item
|teampreview
|inactive|Battle timer is ON: inactive players will automatically lose when time's up. (requested by KakoLy)
|
|t:|1717242960
|start
|switch|p1a: Latios|Latios, M|100/100
|switch|p2a: Fatiada|Scizor, F|100/100
|turn|1
|j| CertamenMeum
|c|☆KakoLy|Hi
|
|t:|1717242986
|-activate|p1a: Latios|move: Pursuit
|move|p2a: Fatiada|Pursuit|p1a: Latios|[from]Pursuit
|-supereffective|p1a: Latios
|-damage|p1a: Latios|0 fnt
|faint|p1a: Latios
|-hint|A Pokemon can't switch between when it runs out of HP and when it faints
|
|upkeep
|
|t:|1717242993
|switch|p1a: Volcarona|Volcarona, M|100/100
|turn|2
|inactive|BWVC BookofConke has 120 seconds left.
|
|t:|1717243009
|switch|p1a: Tyranitar|Tyranitar, F|100/100
|-weather|Sandstorm|[from] ability: Sand Stream|[of] p1a: Tyranitar
|switch|p2a: Lula molusco|Jellicent, M|100/100
|
|-weather|Sandstorm|[upkeep]
|-damage|p2a: Lula molusco|94/100|[from] Sandstorm
|-heal|p2a: Lula molusco|100/100|[from] item: Leftovers
|upkeep
|turn|3
|inactive|BWVC BookofConke has 120 seconds left.
|
|t:|1717243023
|move|p2a: Lula molusco|Will-O-Wisp|p1a: Tyranitar
|-status|p1a: Tyranitar|brn
|move|p1a: Tyranitar|Pursuit|p2a: Lula molusco
|-supereffective|p2a: Lula molusco
|-damage|p2a: Lula molusco|78/100
|
|-weather|Sandstorm|[upkeep]
|-damage|p2a: Lula molusco|72/100|[from] Sandstorm
|-heal|p2a: Lula molusco|78/100|[from] item: Leftovers
|-damage|p1a: Tyranitar|88/100 brn|[from] brn
|upkeep
|turn|4
|inactive|BWVC BookofConke has 120 seconds left.
|
|t:|1717243036
|move|p2a: Lula molusco|Scald|p1a: Tyranitar
|-supereffective|p1a: Tyranitar
|-damage|p1a: Tyranitar|63/100 brn
|move|p1a: Tyranitar|Crunch|p2a: Lula molusco
|-supereffective|p2a: Lula molusco
|-damage|p2a: Lula molusco|31/100
|
|-weather|Sandstorm|[upkeep]
|-damage|p2a: Lula molusco|25/100|[from] Sandstorm
|-heal|p2a: Lula molusco|31/100|[from] item: Leftovers
|-damage|p1a: Tyranitar|50/100 brn|[from] brn
|upkeep
|turn|5
|inactive|BWVC BookofConke has 120 seconds left.
|
|t:|1717243051
|switch|p1a: Excadrill|Excadrill, M|100/100
|move|p2a: Lula molusco|Recover|p2a: Lula molusco
|-heal|p2a: Lula molusco|81/100
|
|-weather|Sandstorm|[upkeep]
|-damage|p2a: Lula molusco|75/100|[from] Sandstorm
|-heal|p2a: Lula molusco|81/100|[from] item: Leftovers
|upkeep
|turn|6
|inactive|BWVC BookofConke has 120 seconds left.
|
|t:|1717243064
|move|p1a: Excadrill|Swords Dance|p1a: Excadrill
|-boost|p1a: Excadrill|atk|2
|move|p2a: Lula molusco|Will-O-Wisp|p1a: Excadrill|[miss]
|-miss|p2a: Lula molusco|p1a: Excadrill
|
|-weather|Sandstorm|[upkeep]
|-damage|p2a: Lula molusco|75/100|[from] Sandstorm
|-heal|p2a: Lula molusco|81/100|[from] item: Leftovers
|upkeep
|turn|7
|inactive|BWVC BookofConke has 120 seconds left.
|
|t:|1717243074
|switch|p2a: Tetano|Skarmory, F|100/100
|move|p1a: Excadrill|Iron Head|p2a: Tetano
|-resisted|p2a: Tetano
|-damage|p2a: Tetano|74/100
|
|-weather|Sandstorm|[upkeep]
|upkeep
|turn|8
|
|t:|1717243084
|move|p1a: Excadrill|Iron Head|p2a: Tetano
|-resisted|p2a: Tetano
|-damage|p2a: Tetano|47/100
|cant|p2a: Tetano|flinch
|
|-weather|Sandstorm|[upkeep]
|upkeep
|turn|9
|
|t:|1717243092
|move|p1a: Excadrill|Iron Head|p2a: Tetano
|-resisted|p2a: Tetano
|-damage|p2a: Tetano|17/100
|cant|p2a: Tetano|flinch
|
|-weather|Sandstorm|[upkeep]
|upkeep
|turn|10
|
|t:|1717243105
|switch|p2a: Fatiada|Scizor, F|100/100
|move|p1a: Excadrill|Iron Head|p2a: Fatiada
|-resisted|p2a: Fatiada
|-damage|p2a: Fatiada|53/100
|
|-weather|Sandstorm|[upkeep]
|upkeep
|turn|11
|c|☆KakoLy|Wow
|
|t:|1717243116
|switch|p2a: Azul linhas aéreas|Latios, M|100/100
|move|p1a: Excadrill|Earthquake|p2a: Azul linhas aéreas
|-immune|p2a: Azul linhas aéreas|[from] ability: Levitate
|
|-weather|Sandstorm|[upkeep]
|-damage|p2a: Azul linhas aéreas|95/100|[from] Sandstorm
|upkeep
|turn|12
|c|☆KakoLy|U are so luckest
|
|t:|1717243141
|switch|p1a: Seismitoad|Seismitoad, M|100/100
|move|p2a: Azul linhas aéreas|Surf|p1a: Seismitoad
|-immune|p1a: Seismitoad|[from] ability: Water Absorb
|
|-weather|Sandstorm|[upkeep]
|-damage|p2a: Azul linhas aéreas|89/100|[from] Sandstorm
|upkeep
|turn|13
|
|t:|1717243156
|switch|p2a: Lula molusco|Jellicent, M|81/100
|move|p1a: Seismitoad|Knock Off|p2a: Lula molusco
|-supereffective|p2a: Lula molusco
|-damage|p2a: Lula molusco|74/100
|-enditem|p2a: Lula molusco|Leftovers|[from] move: Knock Off|[of] p1a: Seismitoad
|
|-weather|Sandstorm|[upkeep]
|-damage|p2a: Lula molusco|67/100|[from] Sandstorm
|upkeep
|turn|14
|inactive|BWVC BookofConke has 120 seconds left.
|
|t:|1717243179
|move|p1a: Seismitoad|Knock Off|p2a: Lula molusco
|-supereffective|p2a: Lula molusco
|-damage|p2a: Lula molusco|58/100
|move|p2a: Lula molusco|Recover|p2a: Lula molusco
|-heal|p2a: Lula molusco|100/100
|
|-weather|Sandstorm|[upkeep]
|-damage|p2a: Lula molusco|94/100|[from] Sandstorm
|upkeep
|turn|15
|inactive|BWVC BookofConke has 120 seconds left.
|
|t:|1717243191
|move|p1a: Seismitoad|Knock Off|p2a: Lula molusco
|-supereffective|p2a: Lula molusco
|-damage|p2a: Lula molusco|86/100
|move|p2a: Lula molusco|Will-O-Wisp|p1a: Seismitoad|[miss]
|-miss|p2a: Lula molusco|p1a: Seismitoad
|
|-weather|Sandstorm|[upkeep]
|-damage|p2a: Lula molusco|80/100|[from] Sandstorm
|upkeep
|turn|16
|inactive|BWVC BookofConke has 120 seconds left.
|
|t:|1717243199
|move|p1a: Seismitoad|Knock Off|p2a: Lula molusco
|-supereffective|p2a: Lula molusco
|-damage|p2a: Lula molusco|71/100
|move|p2a: Lula molusco|Shadow Ball|p1a: Seismitoad
|-damage|p1a: Seismitoad|75/100
|
|-weather|Sandstorm|[upkeep]
|-damage|p2a: Lula molusco|65/100|[from] Sandstorm
|-heal|p1a: Seismitoad|81/100|[from] item: Leftovers
|upkeep
|turn|17
|inactive|BWVC BookofConke has 120 seconds left.
|
|t:|1717243211
|move|p1a: Seismitoad|Protect|p1a: Seismitoad
|-singleturn|p1a: Seismitoad|Protect
|move|p2a: Lula molusco|Recover|p2a: Lula molusco
|-heal|p2a: Lula molusco|100/100
|
|-weather|Sandstorm|[upkeep]
|-damage|p2a: Lula molusco|94/100|[from] Sandstorm
|-heal|p1a: Seismitoad|87/100|[from] item: Leftovers
|upkeep
|turn|18
|inactive|BWVC BookofConke has 120 seconds left.
|
|t:|1717243228
|move|p1a: Seismitoad|Knock Off|p2a: Lula molusco
|-supereffective|p2a: Lula molusco
|-damage|p2a: Lula molusco|85/100
|move|p2a: Lula molusco|Will-O-Wisp|p1a: Seismitoad|[miss]
|-miss|p2a: Lula molusco|p1a: Seismitoad
|
|-weather|Sandstorm|[upkeep]
|-damage|p2a: Lula molusco|79/100|[from] Sandstorm
|-heal|p1a: Seismitoad|93/100|[from] item: Leftovers
|upkeep
|turn|19
|inactive|BWVC BookofConke has 120 seconds left.
|
|t:|1717243237
|move|p1a: Seismitoad|Knock Off|p2a: Lula molusco
|-supereffective|p2a: Lula molusco
|-damage|p2a: Lula molusco|71/100
|move|p2a: Lula molusco|Will-O-Wisp|p1a: Seismitoad
|-status|p1a: Seismitoad|brn
|
|-weather|Sandstorm|[upkeep]
|-damage|p2a: Lula molusco|65/100|[from] Sandstorm
|-heal|p1a: Seismitoad|99/100 brn|[from] item: Leftovers
|-damage|p1a: Seismitoad|87/100 brn|[from] brn
|upkeep
|turn|20
|inactive|BWVC BookofConke has 120 seconds left.
|
|t:|1717243248
|move|p1a: Seismitoad|Refresh|p1a: Seismitoad
|-curestatus|p1a: Seismitoad|brn|[msg]
|move|p2a: Lula molusco|Recover|p2a: Lula molusco
|-heal|p2a: Lula molusco|100/100
|
|-weather|Sandstorm|[upkeep]
|-damage|p2a: Lula molusco|94/100|[from] Sandstorm
|-heal|p1a: Seismitoad|93/100|[from] item: Leftovers
|upkeep
|turn|21
|
|t:|1717243257
|move|p1a: Seismitoad|Knock Off|p2a: Lula molusco
|-supereffective|p2a: Lula molusco
|-damage|p2a: Lula molusco|86/100
|move|p2a: Lula molusco|Shadow Ball|p1a: Seismitoad
|-damage|p1a: Seismitoad|70/100
|
|-weather|Sandstorm|[upkeep]
|-damage|p2a: Lula molusco|80/100|[from] Sandstorm
|-heal|p1a: Seismitoad|76/100|[from] item: Leftovers
|upkeep
|turn|22
|
|t:|1717243267
|move|p1a: Seismitoad|Protect|p1a: Seismitoad
|-singleturn|p1a: Seismitoad|Protect
|move|p2a: Lula molusco|Shadow Ball|p1a: Seismitoad
|-activate|p1a: Seismitoad|move: Protect
|
|-weather|Sandstorm|[upkeep]
|-damage|p2a: Lula molusco|74/100|[from] Sandstorm
|-heal|p1a: Seismitoad|82/100|[from] item: Leftovers
|upkeep
|turn|23
|
|t:|1717243276
|move|p1a: Seismitoad|Knock Off|p2a: Lula molusco
|-supereffective|p2a: Lula molusco
|-damage|p2a: Lula molusco|66/100
|move|p2a: Lula molusco|Shadow Ball|p1a: Seismitoad
|-damage|p1a: Seismitoad|56/100
|
|-weather|Sandstorm|[upkeep]
|-damage|p2a: Lula molusco|60/100|[from] Sandstorm
|-heal|p1a: Seismitoad|62/100|[from] item: Leftovers
|upkeep
|turn|24
|
|t:|1717243293
|switch|p1a: Excadrill|Excadrill, M|100/100
|move|p2a: Lula molusco|Recover|p2a: Lula molusco
|-heal|p2a: Lula molusco|100/100
|
|-weather|Sandstorm|[upkeep]
|-damage|p2a: Lula molusco|94/100|[from] Sandstorm
|upkeep
|turn|25
|inactive|BWVC BookofConke has 120 seconds left.
|
|t:|1717243316
|move|p1a: Excadrill|Swords Dance|p1a: Excadrill
|-boost|p1a: Excadrill|atk|2
|move|p2a: Lula molusco|Scald|p1a: Excadrill
|-supereffective|p1a: Excadrill
|-damage|p1a: Excadrill|51/100
|
|-weather|Sandstorm|[upkeep]
|-damage|p2a: Lula molusco|88/100|[from] Sandstorm
|-heal|p1a: Excadrill|57/100|[from] item: Leftovers
|upkeep
|turn|26
|inactive|BWVC BookofConke has 120 seconds left.
|
|t:|1717243328
|move|p1a: Excadrill|Iron Head|p2a: Lula molusco
|-resisted|p2a: Lula molusco
|-damage|p2a: Lula molusco|32/100
|move|p2a: Lula molusco|Scald|p1a: Excadrill
|-supereffective|p1a: Excadrill
|-damage|p1a: Excadrill|10/100
|
|-weather|Sandstorm|[upkeep]
|-damage|p2a: Lula molusco|26/100|[from] Sandstorm
|-heal|p1a: Excadrill|16/100|[from] item: Leftovers
|upkeep
|turn|27
|inactive|BWVC BookofConke has 120 seconds left.
|
|t:|1717243342
|switch|p2a: Tetano|Skarmory, F|17/100
|move|p1a: Excadrill|Iron Head|p2a: Tetano
|-resisted|p2a: Tetano
|-damage|p2a: Tetano|0 fnt
|faint|p2a: Tetano
|
|-weather|Sandstorm|[upkeep]
|-heal|p1a: Excadrill|22/100|[from] item: Leftovers
|upkeep
|
|t:|1717243344
|switch|p2a: Fatiada|Scizor, F|53/100
|turn|28
|inactive|BWVC BookofConke has 120 seconds left.
|
|t:|1717243362
|switch|p1a: Landorus|Landorus-Therian, M|100/100
|-ability|p1a: Landorus|Intimidate|boost
|-unboost|p2a: Fatiada|atk|1
|move|p2a: Fatiada|Bullet Punch|p1a: Landorus
|-crit|p1a: Landorus
|-damage|p1a: Landorus|5/100
|
|-weather|Sandstorm|[upkeep]
|-heal|p1a: Landorus|11/100|[from] item: Leftovers
|upkeep
|turn|29
|inactive|BWVC BookofConke has 120 seconds left.
|
|t:|1717243374
|move|p2a: Fatiada|Bullet Punch|p1a: Landorus
|-damage|p1a: Landorus|0 fnt
|faint|p1a: Landorus
|
|-weather|Sandstorm|[upkeep]
|upkeep
|
|t:|1717243385
|switch|p1a: Volcarona|Volcarona, M|100/100
|turn|30
|
|t:|1717243391
|move|p2a: Fatiada|Bullet Punch|p1a: Volcarona
|-resisted|p1a: Volcarona
|-damage|p1a: Volcarona|77/100
|move|p1a: Volcarona|Quiver Dance|p1a: Volcarona
|-boost|p1a: Volcarona|spa|1
|-boost|p1a: Volcarona|spd|1
|-boost|p1a: Volcarona|spe|1
|
|-weather|Sandstorm|[upkeep]
|-damage|p1a: Volcarona|70/100|[from] Sandstorm
|upkeep
|turn|31
|inactive|BWVC BookofConke has 120 seconds left.
|
|t:|1717243401
|switch|p2a: Lula molusco|Jellicent, M|26/100
|move|p1a: Volcarona|Quiver Dance|p1a: Volcarona
|-boost|p1a: Volcarona|spa|1
|-boost|p1a: Volcarona|spd|1
|-boost|p1a: Volcarona|spe|1
|
|-weather|Sandstorm|[upkeep]
|-damage|p1a: Volcarona|64/100|[from] Sandstorm
|-damage|p2a: Lula molusco|20/100|[from] Sandstorm
|upkeep
|turn|32
|inactive|BWVC BookofConke has 120 seconds left.
|
|t:|1717243412
|move|p1a: Volcarona|Psychic|p2a: Lula molusco
|-damage|p2a: Lula molusco|0 fnt
|faint|p2a: Lula molusco
|
|-weather|Sandstorm|[upkeep]
|-damage|p1a: Volcarona|58/100|[from] Sandstorm
|upkeep
|
|t:|1717243415
|switch|p2a: SharkBoy|Garchomp, M|100/100
|turn|33
|
|t:|1717243421
|move|p1a: Volcarona|Bug Buzz|p2a: SharkBoy
|-damage|p2a: SharkBoy|0 fnt
|faint|p2a: SharkBoy
|
|-weather|Sandstorm|[upkeep]
|-damage|p1a: Volcarona|52/100|[from] Sandstorm
|upkeep
|
|t:|1717243427
|switch|p2a: Fatiada|Scizor, F|53/100
|turn|34
|
|t:|1717243433
|move|p2a: Fatiada|Bullet Punch|p1a: Volcarona
|-resisted|p1a: Volcarona
|-damage|p1a: Volcarona|12/100
|-status|p2a: Fatiada|brn|[from] ability: Flame Body|[of] p1a: Volcarona
|move|p1a: Volcarona|Bug Buzz|p2a: Fatiada
|-resisted|p2a: Fatiada
|-damage|p2a: Fatiada|0 fnt
|faint|p2a: Fatiada
|
|-weather|Sandstorm|[upkeep]
|-damage|p1a: Volcarona|5/100|[from] Sandstorm
|upkeep
|
|t:|1717243436
|switch|p2a: Cearense|Jirachi|100/100
|turn|35
|
|t:|1717243446
|move|p2a: Cearense|Protect|p2a: Cearense
|-singleturn|p2a: Cearense|Protect
|move|p1a: Volcarona|Fire Blast|p2a: Cearense
|-activate|p2a: Cearense|move: Protect
|
|-weather|Sandstorm|[upkeep]
|-damage|p1a: Volcarona|0 fnt|[from] Sandstorm
|faint|p1a: Volcarona
|upkeep
|
|t:|1717243468
|switch|p1a: Seismitoad|Seismitoad, M|62/100
|turn|36
|
|t:|1717243478
|move|p2a: Cearense|Body Slam|p1a: Seismitoad
|-damage|p1a: Seismitoad|43/100
|-status|p1a: Seismitoad|par
|move|p1a: Seismitoad|Scald|p2a: Cearense
|-damage|p2a: Cearense|81/100
|
|-weather|Sandstorm|[upkeep]
|-heal|p2a: Cearense|87/100|[from] item: Leftovers
|-heal|p1a: Seismitoad|49/100 par|[from] item: Leftovers
|upkeep
|turn|37
|inactive|BWVC BookofConke has 120 seconds left.
|
|t:|1717243494
|move|p1a: Seismitoad|Protect|p1a: Seismitoad
|-singleturn|p1a: Seismitoad|Protect
|move|p2a: Cearense|Iron Head|p1a: Seismitoad
|-activate|p1a: Seismitoad|move: Protect
|
|-weather|Sandstorm|[upkeep]
|-heal|p2a: Cearense|93/100|[from] item: Leftovers
|-heal|p1a: Seismitoad|55/100 par|[from] item: Leftovers
|upkeep
|turn|38
|
|t:|1717243504
|move|p2a: Cearense|Iron Head|p1a: Seismitoad
|-resisted|p1a: Seismitoad
|-damage|p1a: Seismitoad|40/100 par
|move|p1a: Seismitoad|Scald|p2a: Cearense
|-damage|p2a: Cearense|73/100
|-status|p2a: Cearense|brn
|
|-weather|Sandstorm|[upkeep]
|-heal|p2a: Cearense|79/100 brn|[from] item: Leftovers
|-heal|p1a: Seismitoad|47/100 par|[from] item: Leftovers
|-damage|p2a: Cearense|67/100 brn|[from] brn
|upkeep
|turn|39
|
|t:|1717243528
|switch|p2a: Azul linhas aéreas|Latios, M|89/100
|move|p1a: Seismitoad|Knock Off|p2a: Azul linhas aéreas
|-supereffective|p2a: Azul linhas aéreas
|-damage|p2a: Azul linhas aéreas|79/100
|-enditem|p2a: Azul linhas aéreas|Choice Scarf|[from] move: Knock Off|[of] p1a: Seismitoad
|
|-weather|Sandstorm|[upkeep]
|-damage|p2a: Azul linhas aéreas|73/100|[from] Sandstorm
|-heal|p1a: Seismitoad|53/100 par|[from] item: Leftovers
|upkeep
|turn|40
|
|t:|1717243542
|cant|p1a: Seismitoad|par
|move|p2a: Azul linhas aéreas|Trick|p1a: Seismitoad
|-activate|p2a: Azul linhas aéreas|move: Trick|[of] p1a: Seismitoad
|-enditem|p1a: Seismitoad|Leftovers|[silent]|[from] move: Trick
|-item|p2a: Azul linhas aéreas|Leftovers|[from] move: Trick
|
|-weather|Sandstorm|[upkeep]
|-damage|p2a: Azul linhas aéreas|67/100|[from] Sandstorm
|-heal|p2a: Azul linhas aéreas|73/100|[from] item: Leftovers
|upkeep
|turn|41
|inactive|BWVC BookofConke has 120 seconds left.
|
|t:|1717243566
|move|p1a: Seismitoad|Protect|p1a: Seismitoad
|-singleturn|p1a: Seismitoad|Protect
|move|p2a: Azul linhas aéreas|Draco Meteor|p1a: Seismitoad
|-activate|p1a: Seismitoad|move: Protect
|
|-weather|Sandstorm|[upkeep]
|-damage|p2a: Azul linhas aéreas|67/100|[from] Sandstorm
|-heal|p2a: Azul linhas aéreas|73/100|[from] item: Leftovers
|upkeep
|turn|42
|inactive|BWVC BookofConke has 120 seconds left.
|
|t:|1717243577
|move|p2a: Azul linhas aéreas|Draco Meteor|p1a: Seismitoad
|-damage|p1a: Seismitoad|0 fnt
|-unboost|p2a: Azul linhas aéreas|spa|2
|faint|p1a: Seismitoad
|
|-weather|Sandstorm|[upkeep]
|-damage|p2a: Azul linhas aéreas|67/100|[from] Sandstorm
|-heal|p2a: Azul linhas aéreas|73/100|[from] item: Leftovers
|upkeep
|
|t:|1717243586
|switch|p1a: Tyranitar|Tyranitar, F|50/100 brn
|turn|43
|
|t:|1717243591
|move|p2a: Azul linhas aéreas|Surf|p1a: Tyranitar
|-supereffective|p1a: Tyranitar
|-damage|p1a: Tyranitar|36/100 brn
|move|p1a: Tyranitar|Pursuit|p2a: Azul linhas aéreas
|-supereffective|p2a: Azul linhas aéreas
|-damage|p2a: Azul linhas aéreas|43/100
|
|-weather|Sandstorm|[upkeep]
|-damage|p2a: Azul linhas aéreas|37/100|[from] Sandstorm
|-heal|p2a: Azul linhas aéreas|43/100|[from] item: Leftovers
|-damage|p1a: Tyranitar|23/100 brn|[from] brn
|upkeep
|turn|44
|inactive|BWVC BookofConke has 120 seconds left.
|
|t:|1717243607
|move|p2a: Azul linhas aéreas|Surf|p1a: Tyranitar
|-supereffective|p1a: Tyranitar
|-damage|p1a: Tyranitar|7/100 brn
|move|p1a: Tyranitar|Pursuit|p2a: Azul linhas aéreas
|-supereffective|p2a: Azul linhas aéreas
|-damage|p2a: Azul linhas aéreas|13/100
|
|-weather|Sandstorm|[upkeep]
|-damage|p2a: Azul linhas aéreas|7/100|[from] Sandstorm
|-heal|p2a: Azul linhas aéreas|13/100|[from] item: Leftovers
|-damage|p1a: Tyranitar|0 fnt|[from] brn
|faint|p1a: Tyranitar
|upkeep
|inactive|BWVC BookofConke has 120 seconds left.
|
|t:|1717243619
|switch|p1a: Excadrill|Excadrill, M|22/100
|turn|45
|inactive|BWVC BookofConke has 120 seconds left.
|
|t:|1717243627
|move|p2a: Azul linhas aéreas|Surf|p1a: Excadrill
|-supereffective|p1a: Excadrill
|-damage|p1a: Excadrill|0 fnt
|faint|p1a: Excadrill
|
|win|KakoLy
|raw|BWVC BookofConke's rating: 1408 &rarr; <strong>1391</strong><br />(-17 for losing)
|raw|KakoLy's rating: 1456 &rarr; <strong>1473</strong><br />(+17 for winning)
