|j|☆Skillfullbeing
|j|☆Croaset
|t:|1739051482
|gametype|singles
|player|p1|Skillfullbeing|nate|1428
|player|p2|Croaset|elesa|1418
|teamsize|p1|6
|teamsize|p2|6
|gen|5
|tier|[Gen 5] OU
|rated|
|rule|Species Clause: Limit one of each Pokémon
|rule|OHKO Clause: OHKO moves are banned
|rule|Moody Clause: Moody is banned
|rule|Evasion Items Clause: Evasion items are banned
|rule|Evasion Moves Clause: Evasion moves are banned
|rule|Endless Battle Clause: Forcing endless battles is banned
|rule|HP Percentage Mod: HP is shown in percentages
|rule|Evasion Abilities Clause: Evasion abilities are banned
|rule|Sleep Moves Clause: Sleep-inducing moves are banned
|rule|Swagger Clause: Swagger is banned
|rule|Baton Pass Stat Clause: No Baton Passer may have a way to boost its stats
|clearpoke
|poke|p1|Jirachi|item
|poke|p1|Garchomp, F|item
|poke|p1|Latios, M|item
|poke|p1|Kyurem-Black|item
|poke|p1|Salamence, F|item
|poke|p1|Magnezone|item
|poke|p2|Mienshao, M|item
|poke|p2|Reuniclus, F|item
|poke|p2|Skarmory, M|item
|poke|p2|Rotom-Wash|item
|poke|p2|Hippowdon, F|item
|poke|p2|Jellicent, M|item
|teampreview
|inactive|Battle timer is ON: inactive players will automatically lose when time's up. (requested by Skillfullbeing)
|
|t:|1739051489
|start
|switch|p1a: Jirachi|Jirachi|100/100
|switch|p2a: Rotom|Rotom-Wash|100/100
|turn|1
|
|t:|1739051494
|move|p1a: Jirachi|Thunder Wave|p2a: Rotom
|-status|p2a: Rotom|par
|move|p2a: Rotom|Thunder Wave|p1a: Jirachi
|-status|p1a: Jirachi|par
|
|upkeep
|turn|2
|
|t:|1739051498
|move|p1a: Jirachi|Stealth Rock|p2a: Rotom
|-sidestart|p2: Croaset|move: Stealth Rock
|move|p2a: Rotom|Volt Switch|p1a: Jirachi
|-damage|p1a: Jirachi|84/100 par
|
|t:|1739051503
|switch|p2a: Skarmory|Skarmory, M|100/100|[from] Volt Switch
|-damage|p2a: Skarmory|88/100|[from] Stealth Rock
|
|-heal|p2a: Skarmory|94/100|[from] item: Leftovers
|-heal|p1a: Jirachi|90/100 par|[from] item: Leftovers
|upkeep
|turn|3
|
|t:|1739051505
|move|p2a: Skarmory|Stealth Rock|p1a: Jirachi
|-sidestart|p1: Skillfullbeing|move: Stealth Rock
|move|p1a: Jirachi|Thunder Wave|p2a: Skarmory
|-status|p2a: Skarmory|par
|
|-heal|p1a: Jirachi|96/100 par|[from] item: Leftovers
|-heal|p2a: Skarmory|99/100 par|[from] item: Leftovers
|upkeep
|turn|4
|
|t:|1739051515
|switch|p2a: Hippowdon|Hippowdon, F|100/100
|-damage|p2a: Hippowdon|94/100|[from] Stealth Rock
|-weather|Sandstorm|[from] ability: Sand Stream|[of] p2a: Hippowdon
|move|p1a: Jirachi|U-turn|p2a: Hippowdon
|-damage|p2a: Hippowdon|83/100
|
|t:|1739051520
|switch|p1a: Kyurem|Kyurem-Black|100/100|[from] U-turn
|-damage|p1a: Kyurem|76/100|[from] Stealth Rock
|-ability|p1a: Kyurem|Teravolt
|
|-weather|Sandstorm|[upkeep]
|-damage|p1a: Kyurem|70/100|[from] Sandstorm
|-heal|p2a: Hippowdon|90/100|[from] item: Leftovers
|upkeep
|turn|5
|
|t:|1739051529
|switch|p2a: Mienshao|Mienshao, M|100/100
|-damage|p2a: Mienshao|95/100|[from] Stealth Rock
|move|p1a: Kyurem|Outrage|p2a: Mienshao
|-damage|p2a: Mienshao|0 fnt
|faint|p2a: Mienshao
|
|-weather|Sandstorm|[upkeep]
|-damage|p1a: Kyurem|63/100|[from] Sandstorm
|upkeep
|
|t:|1739051536
|switch|p2a: Skarmory|Skarmory, M|99/100 par
|-damage|p2a: Skarmory|88/100 par|[from] Stealth Rock
|turn|6
|
|t:|1739051537
|move|p1a: Kyurem|Outrage|p2a: Skarmory|[from] lockedmove
|-resisted|p2a: Skarmory
|-damage|p2a: Skarmory|51/100 par
|cant|p2a: Skarmory|par
|
|-weather|Sandstorm|[upkeep]
|-damage|p1a: Kyurem|57/100|[from] Sandstorm
|-heal|p2a: Skarmory|57/100 par|[from] item: Leftovers
|upkeep
|turn|7
|
|t:|1739051540
|move|p1a: Kyurem|Outrage|p2a: Skarmory|[from] lockedmove
|-resisted|p2a: Skarmory
|-damage|p2a: Skarmory|18/100 par
|-start|p1a: Kyurem|confusion|[fatigue]
|move|p2a: Skarmory|Roost|p2a: Skarmory
|-heal|p2a: Skarmory|68/100 par
|-singleturn|p2a: Skarmory|move: Roost
|
|-weather|Sandstorm|[upkeep]
|-damage|p1a: Kyurem|51/100|[from] Sandstorm
|-heal|p2a: Skarmory|74/100 par|[from] item: Leftovers
|upkeep
|turn|8
|
|t:|1739051547
|switch|p1a: Magnezone|Magnezone|100/100
|-damage|p1a: Magnezone|94/100|[from] Stealth Rock
|-item|p1a: Magnezone|Air Balloon
|switch|p2a: Hippowdon|Hippowdon, F|90/100
|-damage|p2a: Hippowdon|83/100|[from] Stealth Rock
|
|-weather|Sandstorm|[upkeep]
|-heal|p2a: Hippowdon|90/100|[from] item: Leftovers
|upkeep
|turn|9
|
|t:|1739051553
|move|p1a: Magnezone|Sunny Day|p1a: Magnezone
|-weather|SunnyDay
|move|p2a: Hippowdon|Roar|p1a: Magnezone
|drag|p1a: Salamence|Salamence, F|100/100
|-damage|p1a: Salamence|76/100|[from] Stealth Rock
|
|-weather|SunnyDay|[upkeep]
|-heal|p2a: Hippowdon|96/100|[from] item: Leftovers
|upkeep
|turn|10
|
|t:|1739051557
|move|p1a: Salamence|Outrage|p2a: Hippowdon
|-damage|p2a: Hippowdon|51/100
|move|p2a: Hippowdon|Roar|p1a: Salamence
|drag|p1a: Magnezone|Magnezone|94/100
|-damage|p1a: Magnezone|88/100|[from] Stealth Rock
|-item|p1a: Magnezone|Air Balloon
|
|-weather|SunnyDay|[upkeep]
|-heal|p2a: Hippowdon|57/100|[from] item: Leftovers
|upkeep
|turn|11
|
|t:|1739051561
|move|p1a: Magnezone|Hidden Power|p2a: Hippowdon
|-damage|p2a: Hippowdon|33/100
|move|p2a: Hippowdon|Slack Off|p2a: Hippowdon
|-heal|p2a: Hippowdon|83/100
|
|-weather|SunnyDay|[upkeep]
|-heal|p2a: Hippowdon|90/100|[from] item: Leftovers
|upkeep
|turn|12
|
|t:|1739051566
|move|p1a: Magnezone|Hidden Power|p2a: Hippowdon
|-damage|p2a: Hippowdon|66/100
|move|p2a: Hippowdon|Roar|p1a: Magnezone
|drag|p1a: Salamence|Salamence, F|76/100
|-damage|p1a: Salamence|51/100|[from] Stealth Rock
|
|-weather|SunnyDay|[upkeep]
|-heal|p2a: Hippowdon|72/100|[from] item: Leftovers
|upkeep
|turn|13
|
|t:|1739051571
|move|p1a: Salamence|Outrage|p2a: Hippowdon
|-damage|p2a: Hippowdon|23/100
|move|p2a: Hippowdon|Toxic|p1a: Salamence
|-status|p1a: Salamence|tox
|-enditem|p1a: Salamence|Lum Berry|[eat]
|-curestatus|p1a: Salamence|tox|[msg]
|
|-weather|none
|-heal|p2a: Hippowdon|29/100|[from] item: Leftovers
|upkeep
|turn|14
|
|t:|1739051578
|switch|p2a: Skarmory|Skarmory, M|74/100 par
|-damage|p2a: Skarmory|61/100 par|[from] Stealth Rock
|move|p1a: Salamence|Outrage|p2a: Skarmory|[from] lockedmove
|-resisted|p2a: Skarmory
|-damage|p2a: Skarmory|43/100 par
|-start|p1a: Salamence|confusion|[fatigue]
|
|-heal|p2a: Skarmory|49/100 par|[from] item: Leftovers
|upkeep
|turn|15
|
|t:|1739051581
|switch|p1a: Magnezone|Magnezone|88/100
|-damage|p1a: Magnezone|82/100|[from] Stealth Rock
|-item|p1a: Magnezone|Air Balloon
|move|p2a: Skarmory|Roost|p2a: Skarmory
|-heal|p2a: Skarmory|99/100 par
|-singleturn|p2a: Skarmory|move: Roost
|
|-heal|p2a: Skarmory|100/100 par|[from] item: Leftovers
|upkeep
|turn|16
|
|t:|1739051584
|move|p1a: Magnezone|Hidden Power|p2a: Skarmory
|-supereffective|p2a: Skarmory
|-damage|p2a: Skarmory|38/100 par
|cant|p2a: Skarmory|par
|
|-heal|p2a: Skarmory|44/100 par|[from] item: Leftovers
|upkeep
|turn|17
|
|t:|1739051586
|move|p1a: Magnezone|Volt Switch|p2a: Skarmory
|-supereffective|p2a: Skarmory
|-damage|p2a: Skarmory|0 fnt
|faint|p2a: Skarmory
|
|t:|1739051598
|switch|p1a: Salamence|Salamence, F|51/100|[from] Volt Switch
|-damage|p1a: Salamence|26/100|[from] Stealth Rock
|
|upkeep
|
|t:|1739051602
|switch|p2a: Reuniclus|Reuniclus, F|100/100
|turn|18
|
|t:|1739051604
|move|p1a: Salamence|Outrage|p2a: Reuniclus
|-damage|p2a: Reuniclus|54/100
|move|p2a: Reuniclus|Recover|p2a: Reuniclus
|-heal|p2a: Reuniclus|100/100
|
|upkeep
|turn|19
|
|t:|1739051608
|move|p1a: Salamence|Outrage|p2a: Reuniclus|[from] lockedmove
|-damage|p2a: Reuniclus|54/100
|move|p2a: Reuniclus|Recover|p2a: Reuniclus
|-heal|p2a: Reuniclus|100/100
|
|upkeep
|turn|20
|
|t:|1739051611
|move|p1a: Salamence|Outrage|p2a: Reuniclus|[from] lockedmove
|-damage|p2a: Reuniclus|56/100
|-start|p1a: Salamence|confusion|[fatigue]
|move|p2a: Reuniclus|Recover|p2a: Reuniclus
|-heal|p2a: Reuniclus|100/100
|
|upkeep
|turn|21
|
|t:|1739051614
|-activate|p1a: Salamence|confusion
|move|p1a: Salamence|Dragon Dance|p1a: Salamence
|-boost|p1a: Salamence|atk|1
|-boost|p1a: Salamence|spe|1
|move|p2a: Reuniclus|Calm Mind|p2a: Reuniclus
|-boost|p2a: Reuniclus|spa|1
|-boost|p2a: Reuniclus|spd|1
|
|upkeep
|turn|22
|
|t:|1739051618
|-activate|p1a: Salamence|confusion
|-damage|p1a: Salamence|0 fnt|[from] confusion
|faint|p1a: Salamence
|move|p2a: Reuniclus|Recover||[still]
|-fail|p2a: Reuniclus|heal
|
|upkeep
|
|t:|1739051620
|switch|p1a: Kyurem|Kyurem-Black|51/100
|-damage|p1a: Kyurem|26/100|[from] Stealth Rock
|-ability|p1a: Kyurem|Teravolt
|turn|23
|
|t:|1739051624
|move|p1a: Kyurem|Outrage|p2a: Reuniclus
|-damage|p2a: Reuniclus|15/100
|move|p2a: Reuniclus|Recover|p2a: Reuniclus
|-heal|p2a: Reuniclus|65/100
|
|-heal|p2a: Reuniclus|71/100|[from] item: Leftovers
|upkeep
|turn|24
|
|t:|1739051627
|move|p1a: Kyurem|Outrage|p2a: Reuniclus|[from] lockedmove
|-damage|p2a: Reuniclus|0 fnt
|faint|p2a: Reuniclus
|-start|p1a: Kyurem|confusion|[fatigue]
|
|upkeep
|
|t:|1739051636
|switch|p2a: Rotom|Rotom-Wash|100/100 par
|-damage|p2a: Rotom|88/100 par|[from] Stealth Rock
|turn|25
|
|t:|1739051641
|switch|p1a: Jirachi|Jirachi|96/100 par
|-damage|p1a: Jirachi|90/100 par|[from] Stealth Rock
|move|p2a: Rotom|Hydro Pump|p1a: Jirachi
|-damage|p1a: Jirachi|62/100 par
|
|-heal|p2a: Rotom|94/100 par|[from] item: Leftovers
|-heal|p1a: Jirachi|68/100 par|[from] item: Leftovers
|upkeep
|turn|26
|
|t:|1739051646
|move|p1a: Jirachi|U-turn|p2a: Rotom
|-damage|p2a: Rotom|82/100 par
|
|t:|1739051650
|switch|p1a: Magnezone|Magnezone|82/100|[from] U-turn
|-damage|p1a: Magnezone|76/100|[from] Stealth Rock
|-item|p1a: Magnezone|Air Balloon
|cant|p2a: Rotom|par
|
|-heal|p2a: Rotom|89/100 par|[from] item: Leftovers
|upkeep
|turn|27
|
|t:|1739051654
|switch|p2a: Hippowdon|Hippowdon, F|29/100
|-damage|p2a: Hippowdon|23/100|[from] Stealth Rock
|-weather|Sandstorm|[from] ability: Sand Stream|[of] p2a: Hippowdon
|move|p1a: Magnezone|Volt Switch|p2a: Hippowdon
|-immune|p2a: Hippowdon
|
|-weather|Sandstorm|[upkeep]
|-heal|p2a: Hippowdon|29/100|[from] item: Leftovers
|upkeep
|turn|28
|
|t:|1739051658
|move|p1a: Magnezone|Hidden Power|p2a: Hippowdon
|-damage|p2a: Hippowdon|14/100
|move|p2a: Hippowdon|Slack Off|p2a: Hippowdon
|-heal|p2a: Hippowdon|64/100
|
|-weather|Sandstorm|[upkeep]
|-heal|p2a: Hippowdon|70/100|[from] item: Leftovers
|upkeep
|turn|29
|
|t:|1739051660
|move|p1a: Magnezone|Hidden Power|p2a: Hippowdon
|-damage|p2a: Hippowdon|52/100
|move|p2a: Hippowdon|Slack Off|p2a: Hippowdon
|-heal|p2a: Hippowdon|100/100
|
|-weather|Sandstorm|[upkeep]
|upkeep
|turn|30
|
|t:|1739051663
|move|p1a: Magnezone|Sunny Day|p1a: Magnezone
|-weather|SunnyDay
|move|p2a: Hippowdon|Roar|p1a: Magnezone
|drag|p1a: Jirachi|Jirachi|68/100 par
|-damage|p1a: Jirachi|62/100 par|[from] Stealth Rock
|
|-weather|SunnyDay|[upkeep]
|-heal|p1a: Jirachi|68/100 par|[from] item: Leftovers
|upkeep
|turn|31
|
|t:|1739051667
|move|p2a: Hippowdon|Earthquake|p1a: Jirachi
|-supereffective|p1a: Jirachi
|-damage|p1a: Jirachi|13/100 par
|move|p1a: Jirachi|Icy Wind|p2a: Hippowdon|[miss]
|-miss|p1a: Jirachi|p2a: Hippowdon
|
|-weather|SunnyDay|[upkeep]
|-heal|p1a: Jirachi|19/100 par|[from] item: Leftovers
|upkeep
|turn|32
|
|t:|1739051670
|move|p2a: Hippowdon|Earthquake|p1a: Jirachi
|-supereffective|p1a: Jirachi
|-crit|p1a: Jirachi
|-damage|p1a: Jirachi|0 fnt
|faint|p1a: Jirachi
|
|-weather|SunnyDay|[upkeep]
|upkeep
|
|t:|1739051675
|switch|p1a: Latios|Latios, M|100/100
|-damage|p1a: Latios|88/100|[from] Stealth Rock
|turn|33
|
|t:|1739051678
|switch|p2a: Jellicent|Jellicent, M|100/100
|-damage|p2a: Jellicent|88/100|[from] Stealth Rock
|move|p1a: Latios|Dragon Pulse|p2a: Jellicent
|-damage|p2a: Jellicent|59/100
|
|-weather|SunnyDay|[upkeep]
|-heal|p2a: Jellicent|65/100|[from] item: Leftovers
|upkeep
|turn|34
|
|t:|1739051685
|switch|p1a: Magnezone|Magnezone|76/100
|-damage|p1a: Magnezone|70/100|[from] Stealth Rock
|-item|p1a: Magnezone|Air Balloon
|move|p2a: Jellicent|Scald|p1a: Magnezone
|-damage|p1a: Magnezone|56/100
|-status|p1a: Magnezone|brn
|-enditem|p1a: Magnezone|Air Balloon
|
|-weather|none
|-heal|p2a: Jellicent|72/100|[from] item: Leftovers
|-damage|p1a: Magnezone|44/100 brn|[from] brn
|upkeep
|turn|35
|
|t:|1739051687
|switch|p2a: Hippowdon|Hippowdon, F|100/100
|-damage|p2a: Hippowdon|94/100|[from] Stealth Rock
|-weather|Sandstorm|[from] ability: Sand Stream|[of] p2a: Hippowdon
|move|p1a: Magnezone|Hidden Power|p2a: Hippowdon
|-damage|p2a: Hippowdon|78/100
|
|-weather|Sandstorm|[upkeep]
|-heal|p2a: Hippowdon|84/100|[from] item: Leftovers
|-damage|p1a: Magnezone|31/100 brn|[from] brn
|upkeep
|turn|36
|
|t:|1739051690
|move|p1a: Magnezone|Hidden Power|p2a: Hippowdon
|-damage|p2a: Hippowdon|68/100
|move|p2a: Hippowdon|Roar|p1a: Magnezone
|drag|p1a: Kyurem|Kyurem-Black|26/100
|-damage|p1a: Kyurem|2/100|[from] Stealth Rock
|-ability|p1a: Kyurem|Teravolt
|
|-weather|Sandstorm|[upkeep]
|-damage|p1a: Kyurem|0 fnt|[from] Sandstorm
|faint|p1a: Kyurem
|-heal|p2a: Hippowdon|74/100|[from] item: Leftovers
|upkeep
|
|t:|1739051692
|switch|p1a: Magnezone|Magnezone|31/100 brn
|-damage|p1a: Magnezone|25/100 brn|[from] Stealth Rock
|turn|37
|
|t:|1739051696
|move|p1a: Magnezone|Hidden Power|p2a: Hippowdon
|-damage|p2a: Hippowdon|57/100
|move|p2a: Hippowdon|Slack Off|p2a: Hippowdon
|-heal|p2a: Hippowdon|100/100
|
|-weather|Sandstorm|[upkeep]
|-damage|p1a: Magnezone|13/100 brn|[from] brn
|upkeep
|turn|38
|
|t:|1739051698
|move|p1a: Magnezone|Hidden Power|p2a: Hippowdon
|-damage|p2a: Hippowdon|85/100
|move|p2a: Hippowdon|Roar|p1a: Magnezone
|drag|p1a: Garchomp|Garchomp, F|100/100
|-damage|p1a: Garchomp|94/100|[from] Stealth Rock
|
|-weather|Sandstorm|[upkeep]
|-heal|p2a: Hippowdon|91/100|[from] item: Leftovers
|upkeep
|turn|39
|
|t:|1739051700
|move|p1a: Garchomp|Outrage|p2a: Hippowdon
|-damage|p2a: Hippowdon|48/100
|move|p2a: Hippowdon|Toxic|p1a: Garchomp
|-status|p1a: Garchomp|tox
|
|-weather|Sandstorm|[upkeep]
|-heal|p2a: Hippowdon|54/100|[from] item: Leftovers
|-damage|p1a: Garchomp|88/100 tox|[from] psn
|upkeep
|turn|40
|
|t:|1739051703
|move|p1a: Garchomp|Outrage|p2a: Hippowdon|[from] lockedmove
|-damage|p2a: Hippowdon|10/100
|move|p2a: Hippowdon|Slack Off|p2a: Hippowdon
|-heal|p2a: Hippowdon|60/100
|
|-weather|Sandstorm|[upkeep]
|-heal|p2a: Hippowdon|66/100|[from] item: Leftovers
|-damage|p1a: Garchomp|76/100 tox|[from] psn
|upkeep
|turn|41
|
|t:|1739051705
|move|p1a: Garchomp|Outrage|p2a: Hippowdon|[from] lockedmove
|-damage|p2a: Hippowdon|20/100
|-start|p1a: Garchomp|confusion|[fatigue]
|move|p2a: Hippowdon|Slack Off|p2a: Hippowdon
|-heal|p2a: Hippowdon|70/100
|
|-weather|Sandstorm|[upkeep]
|-heal|p2a: Hippowdon|77/100|[from] item: Leftovers
|-damage|p1a: Garchomp|57/100 tox|[from] psn
|upkeep
|turn|42
|
|t:|1739051708
|switch|p1a: Latios|Latios, M|88/100
|-damage|p1a: Latios|76/100|[from] Stealth Rock
|move|p2a: Hippowdon|Slack Off|p2a: Hippowdon
|-heal|p2a: Hippowdon|100/100
|
|-weather|Sandstorm|[upkeep]
|-damage|p1a: Latios|70/100|[from] Sandstorm
|upkeep
|turn|43
|
|t:|1739051712
|switch|p2a: Rotom|Rotom-Wash|89/100 par
|-damage|p2a: Rotom|76/100 par|[from] Stealth Rock
|move|p1a: Latios|Dragon Pulse|p2a: Rotom
|-damage|p2a: Rotom|27/100 par
|
|-weather|Sandstorm|[upkeep]
|-damage|p1a: Latios|64/100|[from] Sandstorm
|-damage|p2a: Rotom|21/100 par|[from] Sandstorm
|-heal|p2a: Rotom|27/100 par|[from] item: Leftovers
|upkeep
|turn|44
|
|t:|1739051718
|move|p1a: Latios|Dragon Pulse|p2a: Rotom
|-damage|p2a: Rotom|0 fnt
|faint|p2a: Rotom
|
|-weather|Sandstorm|[upkeep]
|-damage|p1a: Latios|58/100|[from] Sandstorm
|upkeep
|
|t:|1739051719
|switch|p2a: Jellicent|Jellicent, M|72/100
|-damage|p2a: Jellicent|59/100|[from] Stealth Rock
|turn|45
|
|t:|1739051722
|switch|p1a: Magnezone|Magnezone|13/100 brn
|-damage|p1a: Magnezone|7/100 brn|[from] Stealth Rock
|move|p2a: Jellicent|Scald|p1a: Magnezone
|-damage|p1a: Magnezone|0 fnt
|faint|p1a: Magnezone
|
|-weather|Sandstorm|[upkeep]
|-damage|p2a: Jellicent|53/100|[from] Sandstorm
|-heal|p2a: Jellicent|59/100|[from] item: Leftovers
|upkeep
|
|t:|1739051726
|switch|p1a: Garchomp|Garchomp, F|57/100 tox
|-damage|p1a: Garchomp|51/100 tox|[from] Stealth Rock
|turn|46
|
|t:|1739051729
|switch|p2a: Hippowdon|Hippowdon, F|100/100
|-damage|p2a: Hippowdon|94/100|[from] Stealth Rock
|move|p1a: Garchomp|Outrage|p2a: Hippowdon
|-damage|p2a: Hippowdon|51/100
|
|-weather|Sandstorm|[upkeep]
|-heal|p2a: Hippowdon|57/100|[from] item: Leftovers
|-damage|p1a: Garchomp|45/100 tox|[from] psn
|upkeep
|turn|47
|
|t:|1739051736
|move|p1a: Garchomp|Outrage|p2a: Hippowdon|[from] lockedmove
|-damage|p2a: Hippowdon|13/100
|-start|p1a: Garchomp|confusion|[fatigue]
|move|p2a: Hippowdon|Slack Off|p2a: Hippowdon
|-heal|p2a: Hippowdon|63/100
|
|-weather|Sandstorm|[upkeep]
|-heal|p2a: Hippowdon|69/100|[from] item: Leftovers
|-damage|p1a: Garchomp|33/100 tox|[from] psn
|upkeep
|turn|48
|
|t:|1739051742
|-activate|p1a: Garchomp|confusion
|move|p1a: Garchomp|Outrage|p2a: Hippowdon
|-damage|p2a: Hippowdon|26/100
|move|p2a: Hippowdon|Toxic|p1a: Garchomp
|-fail|p1a: Garchomp|tox
|
|-weather|Sandstorm|[upkeep]
|-heal|p2a: Hippowdon|32/100|[from] item: Leftovers
|-damage|p1a: Garchomp|14/100 tox|[from] psn
|upkeep
|turn|49
|
|t:|1739051745
|-end|p1a: Garchomp|confusion
|move|p1a: Garchomp|Outrage|p2a: Hippowdon|[from] lockedmove
|-damage|p2a: Hippowdon|0 fnt
|faint|p2a: Hippowdon
|
|-weather|Sandstorm|[upkeep]
|-damage|p1a: Garchomp|0 fnt|[from] psn
|faint|p1a: Garchomp
|upkeep
|
|t:|1739051747
|switch|p1a: Latios|Latios, M|58/100
|switch|p2a: Jellicent|Jellicent, M|59/100
|-damage|p1a: Latios|46/100|[from] Stealth Rock
|-damage|p2a: Jellicent|47/100|[from] Stealth Rock
|turn|50
|
|t:|1739051749
|move|p1a: Latios|Draco Meteor|p2a: Jellicent
|-damage|p2a: Jellicent|6/100
|-unboost|p1a: Latios|spa|2
|move|p2a: Jellicent|Recover|p2a: Jellicent
|-heal|p2a: Jellicent|56/100
|
|-weather|Sandstorm|[upkeep]
|-damage|p1a: Latios|40/100|[from] Sandstorm
|-damage|p2a: Jellicent|50/100|[from] Sandstorm
|-heal|p2a: Jellicent|56/100|[from] item: Leftovers
|upkeep
|turn|51
|
|t:|1739051751
|move|p1a: Latios|Draco Meteor|p2a: Jellicent
|-damage|p2a: Jellicent|34/100
|-unboost|p1a: Latios|spa|2
|move|p2a: Jellicent|Recover|p2a: Jellicent
|-heal|p2a: Jellicent|84/100
|
|-weather|Sandstorm|[upkeep]
|-damage|p1a: Latios|34/100|[from] Sandstorm
|-damage|p2a: Jellicent|77/100|[from] Sandstorm
|-heal|p2a: Jellicent|84/100|[from] item: Leftovers
|upkeep
|turn|52
|-message|Skillfullbeing forfeited.
|
|win|Croaset
|raw|Skillfullbeing's rating: 1428 &rarr; <strong>1407</strong><br />(-21 for losing)
|raw|Croaset's rating: 1418 &rarr; <strong>1439</strong><br />(+21 for winning)
