|j|☆dark web uzi
|j|☆phosphor
|player|p1|dark web uzi|roxanne|1429
|player|p2|phosphor|bugsy|1361
|teamsize|p1|6
|teamsize|p2|6
|gametype|singles
|gen|5
|tier|[Gen 5] OU
|rated|
|clearpoke
|poke|p1|Politoed, F|item
|poke|p1|Landorus-Therian, M|item
|poke|p1|Jirachi|item
|poke|p1|Celebi|item
|poke|p1|Kyurem|item
|poke|p1|Tentacruel, F|item
|poke|p2|Tyranitar, F|item
|poke|p2|Ferrothorn, M|item
|poke|p2|Latios, M|item
|poke|p2|Tangrowth, M|item
|poke|p2|Gliscor, F|item
|poke|p2|Reuniclus, F|item
|rule|Species Clause: Limit one of each Pokémon
|rule|OHKO Clause: OHKO moves are banned
|rule|Moody Clause: Moody is banned
|rule|Evasion Moves Clause: Evasion moves are banned
|rule|Endless Battle Clause: Forcing endless battles is banned
|rule|HP Percentage Mod: HP is shown in percentages
|rule|Evasion Abilities Clause: Evasion abilities are banned
|rule|Baton Pass Clause: Limit one Baton Passer, can't pass Spe and other stats simultaneously
|rule|Sleep Clause: Sleep-inducing moves are banned
|rule|Swagger Clause: Swagger is banned
|teampreview
|
|start
|switch|p1a: Landorus|Landorus-Therian, M|100/100
|switch|p2a: caramelldansen|Gliscor, F|100/100
|-ability|p1a: Landorus|Intimidate|boost
|-unboost|p2a: caramelldansen|atk|1
|turn|1
|
|move|p2a: caramelldansen|Toxic|p1a: Landorus
|-status|p1a: Landorus|tox
|move|p1a: Landorus|Stealth Rock|p2a: caramelldansen
|-sidestart|p2: phosphor|move: Stealth Rock
|
|-damage|p1a: Landorus|94/100 tox|[from] psn
|-status|p2a: caramelldansen|tox|[from] item: Toxic Orb
|upkeep
|turn|2
|
|move|p2a: caramelldansen|Toxic|p1a: Landorus
|-fail|p1a: Landorus|tox
|move|p1a: Landorus|U-turn|p2a: caramelldansen
|-resisted|p2a: caramelldansen
|-damage|p2a: caramelldansen|92/100 tox
|
|switch|p1a: Politoed|Politoed, F|100/100|[from]move: U-turn
|-weather|RainDance|[from] ability: Drizzle|[of] p1a: Politoed
|
|-weather|RainDance|[upkeep]
|-heal|p2a: caramelldansen|100/100 tox|[from] ability: Poison Heal
|upkeep
|turn|3
|
|move|p1a: Politoed|Scald|p2a: caramelldansen
|-supereffective|p2a: caramelldansen
|-damage|p2a: caramelldansen|25/100 tox
|move|p2a: caramelldansen|Toxic|p1a: Politoed
|-status|p1a: Politoed|tox
|
|-weather|RainDance|[upkeep]
|-damage|p1a: Politoed|94/100 tox|[from] psn
|-heal|p2a: caramelldansen|37/100 tox|[from] ability: Poison Heal
|upkeep
|turn|4
|
|move|p2a: caramelldansen|Protect|p2a: caramelldansen
|-singleturn|p2a: caramelldansen|Protect
|move|p1a: Politoed|Scald|p2a: caramelldansen
|-activate|p2a: caramelldansen|move: Protect
|
|-weather|RainDance|[upkeep]
|-damage|p1a: Politoed|82/100 tox|[from] psn
|-heal|p2a: caramelldansen|50/100 tox|[from] ability: Poison Heal
|upkeep
|turn|5
|
|switch|p2a: hyperkineticrabbit|Reuniclus, F, shiny|100/100
|move|p1a: Politoed|Scald|p2a: hyperkineticrabbit
|-damage|p2a: hyperkineticrabbit|56/100
|
|-weather|RainDance|[upkeep]
|-heal|p2a: hyperkineticrabbit|62/100|[from] item: Leftovers
|-damage|p1a: Politoed|63/100 tox|[from] psn
|upkeep
|turn|6
|
|switch|p1a: Jirachi|Jirachi|100/100
|switch|p2a: van darkholme|Ferrothorn, M|100/100
|-damage|p2a: van darkholme|94/100|[from] Stealth Rock
|
|-weather|RainDance|[upkeep]
|-heal|p2a: van darkholme|100/100|[from] item: Leftovers
|upkeep
|turn|7
|
|switch|p1a: Tentacruel|Tentacruel, F|100/100
|move|p2a: van darkholme|Stealth Rock|p1a: Tentacruel
|-sidestart|p1: dark web uzi|move: Stealth Rock
|
|-weather|RainDance|[upkeep]
|upkeep
|turn|8
|
|move|p1a: Tentacruel|Rapid Spin|p2a: van darkholme
|-resisted|p2a: van darkholme
|-damage|p2a: van darkholme|99/100
|-damage|p1a: Tentacruel|88/100|[from] ability: Iron Barbs|[of] p2a: van darkholme
|-sideend|p1: dark web uzi|Stealth Rock|[from] move: Rapid Spin|[of] p1a: Tentacruel
|move|p2a: van darkholme|Knock Off|p1a: Tentacruel
|-damage|p1a: Tentacruel|84/100
|-enditem|p1a: Tentacruel|Leftovers|[from] move: Knock Off|[of] p2a: van darkholme
|
|-weather|RainDance|[upkeep]
|-heal|p1a: Tentacruel|90/100|[from] ability: Rain Dish
|-heal|p2a: van darkholme|100/100|[from] item: Leftovers
|upkeep
|turn|9
|
|switch|p2a: me_irl|Tangrowth, M|100/100
|-damage|p2a: me_irl|88/100|[from] Stealth Rock
|move|p1a: Tentacruel|Toxic Spikes|p2a: me_irl
|-sidestart|p2: phosphor|move: Toxic Spikes
|
|-weather|RainDance|[upkeep]
|-heal|p1a: Tentacruel|96/100|[from] ability: Rain Dish
|-heal|p2a: me_irl|94/100|[from] item: Leftovers
|upkeep
|turn|10
|
|move|p1a: Tentacruel|Toxic Spikes|p2a: me_irl
|-sidestart|p2: phosphor|move: Toxic Spikes
|move|p2a: me_irl|Stun Spore|p1a: Tentacruel
|-status|p1a: Tentacruel|par
|
|-weather|RainDance|[upkeep]
|-heal|p1a: Tentacruel|100/100 par|[from] ability: Rain Dish
|-heal|p2a: me_irl|100/100|[from] item: Leftovers
|upkeep
|turn|11
|
|switch|p2a: hyperkineticrabbit|Reuniclus, F, shiny|62/100
|-status|p2a: hyperkineticrabbit|tox
|switch|p1a: Politoed|Politoed, F|63/100 tox
|
|-weather|RainDance|[upkeep]
|-heal|p2a: hyperkineticrabbit|68/100 tox|[from] item: Leftovers
|-damage|p1a: Politoed|57/100 tox|[from] psn
|upkeep
|turn|12
|
|move|p1a: Politoed|Hydro Pump|p2a: hyperkineticrabbit
|-damage|p2a: hyperkineticrabbit|3/100 tox
|move|p2a: hyperkineticrabbit|Thunder|p1a: Politoed
|-supereffective|p1a: Politoed
|-damage|p1a: Politoed|0 fnt
|faint|p1a: Politoed
|
|-weather|RainDance|[upkeep]
|-heal|p2a: hyperkineticrabbit|9/100 tox|[from] item: Leftovers
|upkeep
|
|switch|p1a: Celebi|Celebi|100/100
|turn|13
|
|switch|p2a: van darkholme|Ferrothorn, M|100/100
|-damage|p2a: van darkholme|94/100|[from] Stealth Rock
|move|p1a: Celebi|Hidden Power|p2a: van darkholme
|-damage|p2a: van darkholme|80/100
|
|-weather|RainDance|[upkeep]
|-heal|p2a: van darkholme|86/100|[from] item: Leftovers
|upkeep
|turn|14
|
|switch|p2a: big zam|Tyranitar, F|100/100
|-status|p2a: big zam|tox
|-damage|p2a: big zam|88/100 tox|[from] Stealth Rock
|-weather|Sandstorm|[from] ability: Sand Stream|[of] p2a: big zam
|move|p1a: Celebi|Nasty Plot|p1a: Celebi
|-boost|p1a: Celebi|spa|2
|
|-weather|Sandstorm|[upkeep]
|-damage|p1a: Celebi|94/100|[from] Sandstorm
|-heal|p1a: Celebi|100/100|[from] item: Leftovers
|-damage|p2a: big zam|82/100 tox|[from] psn
|upkeep
|turn|15
|
|move|p2a: big zam|Crunch|p1a: Celebi
|-supereffective|p1a: Celebi
|-damage|p1a: Celebi|20/100
|move|p1a: Celebi|Giga Drain|p2a: big zam
|-supereffective|p2a: big zam
|-crit|p2a: big zam
|-damage|p2a: big zam|0 fnt
|-heal|p1a: Celebi|57/100|[from] drain|[of] p2a: big zam
|faint|p2a: big zam
|
|-weather|Sandstorm|[upkeep]
|-damage|p1a: Celebi|51/100|[from] Sandstorm
|-heal|p1a: Celebi|57/100|[from] item: Leftovers
|upkeep
|
|switch|p2a: sticky fingers|Latios, M|100/100
|-damage|p2a: sticky fingers|88/100|[from] Stealth Rock
|turn|16
|
|switch|p1a: Tentacruel|Tentacruel, F|100/100 par
|move|p2a: sticky fingers|Trick|p1a: Tentacruel
|-activate|p2a: sticky fingers|move: Trick|[of] p1a: Tentacruel
|-item|p1a: Tentacruel|Choice Scarf|[from] move: Trick
|-enditem|p2a: sticky fingers|Choice Scarf|[silent]|[from] move: Trick
|
|-weather|Sandstorm|[upkeep]
|-damage|p2a: sticky fingers|82/100|[from] Sandstorm
|-damage|p1a: Tentacruel|94/100 par|[from] Sandstorm
|upkeep
|turn|17
|
|move|p2a: sticky fingers|Trick|p1a: Tentacruel
|-activate|p2a: sticky fingers|move: Trick|[of] p1a: Tentacruel
|-enditem|p1a: Tentacruel|Choice Scarf|[silent]|[from] move: Trick
|-item|p2a: sticky fingers|Choice Scarf|[from] move: Trick
|cant|p1a: Tentacruel|par
|
|-weather|Sandstorm|[upkeep]
|-damage|p2a: sticky fingers|76/100|[from] Sandstorm
|-damage|p1a: Tentacruel|88/100 par|[from] Sandstorm
|upkeep
|turn|18
|
|move|p1a: Tentacruel|Protect|p1a: Tentacruel
|-singleturn|p1a: Tentacruel|Protect
|move|p2a: sticky fingers|Psyshock|p1a: Tentacruel
|-activate|p1a: Tentacruel|move: Protect
|
|-weather|Sandstorm|[upkeep]
|-damage|p2a: sticky fingers|70/100|[from] Sandstorm
|-damage|p1a: Tentacruel|82/100 par|[from] Sandstorm
|upkeep
|turn|19
|
|switch|p2a: van darkholme|Ferrothorn, M|86/100
|-damage|p2a: van darkholme|80/100|[from] Stealth Rock
|switch|p1a: Jirachi|Jirachi|100/100
|
|-weather|Sandstorm|[upkeep]
|-heal|p2a: van darkholme|86/100|[from] item: Leftovers
|upkeep
|turn|20
|
|move|p1a: Jirachi|Wish|p1a: Jirachi
|move|p2a: van darkholme|Stealth Rock|p1a: Jirachi
|-sidestart|p1: dark web uzi|move: Stealth Rock
|
|-weather|Sandstorm|[upkeep]
|-heal|p2a: van darkholme|92/100|[from] item: Leftovers
|upkeep
|turn|21
|
|switch|p1a: Tentacruel|Tentacruel, F|82/100 par
|-damage|p1a: Tentacruel|70/100 par|[from] Stealth Rock
|switch|p2a: caramelldansen|Gliscor, F|50/100 tox
|-damage|p2a: caramelldansen|37/100 tox|[from] Stealth Rock
|
|-weather|Sandstorm|[upkeep]
|-damage|p1a: Tentacruel|64/100 par|[from] Sandstorm
|-heal|p1a: Tentacruel|100/100 par|[from] move: Wish|[wisher] Jirachi
|-heal|p2a: caramelldansen|50/100 tox|[from] ability: Poison Heal
|upkeep
|turn|22
|inactive|Battle timer is ON: inactive players will automatically lose when time's up. (requested by dark web uzi)
|
|move|p2a: caramelldansen|Earthquake|p1a: Tentacruel
|-supereffective|p1a: Tentacruel
|-damage|p1a: Tentacruel|44/100 par
|move|p1a: Tentacruel|Rapid Spin|p2a: caramelldansen
|-damage|p2a: caramelldansen|48/100 tox
|-sideend|p1: dark web uzi|Stealth Rock|[from] move: Rapid Spin|[of] p1a: Tentacruel
|
|-weather|Sandstorm|[upkeep]
|-damage|p1a: Tentacruel|38/100 par|[from] Sandstorm
|-heal|p2a: caramelldansen|60/100 tox|[from] ability: Poison Heal
|upkeep
|turn|23
|
|switch|p1a: Landorus|Landorus-Therian, M|94/100 tox
|-ability|p1a: Landorus|Intimidate|boost
|-unboost|p2a: caramelldansen|atk|1
|move|p2a: caramelldansen|Toxic|p1a: Landorus
|-fail|p1a: Landorus|tox
|
|-weather|Sandstorm|[upkeep]
|-heal|p1a: Landorus|100/100 tox|[from] item: Leftovers
|-heal|p2a: caramelldansen|73/100 tox|[from] ability: Poison Heal
|-damage|p1a: Landorus|94/100 tox|[from] psn
|upkeep
|turn|24
|
|move|p2a: caramelldansen|Protect|p2a: caramelldansen
|-singleturn|p2a: caramelldansen|Protect
|move|p1a: Landorus|U-turn|p2a: caramelldansen
|-activate|p2a: caramelldansen|move: Protect
|
|-weather|Sandstorm|[upkeep]
|-heal|p1a: Landorus|100/100 tox|[from] item: Leftovers
|-heal|p2a: caramelldansen|85/100 tox|[from] ability: Poison Heal
|-damage|p1a: Landorus|88/100 tox|[from] psn
|upkeep
|turn|25
|
|move|p2a: caramelldansen|Earthquake|p1a: Landorus
|-immune|p1a: Landorus
|move|p1a: Landorus|Hidden Power|p2a: caramelldansen
|-supereffective|p2a: caramelldansen
|-damage|p2a: caramelldansen|31/100 tox
|
|-weather|Sandstorm|[upkeep]
|-heal|p1a: Landorus|94/100 tox|[from] item: Leftovers
|-heal|p2a: caramelldansen|43/100 tox|[from] ability: Poison Heal
|-damage|p1a: Landorus|76/100 tox|[from] psn
|upkeep
|turn|26
|
|move|p2a: caramelldansen|Protect|p2a: caramelldansen
|-singleturn|p2a: caramelldansen|Protect
|move|p1a: Landorus|U-turn|p2a: caramelldansen
|-activate|p2a: caramelldansen|move: Protect
|
|-weather|Sandstorm|[upkeep]
|-heal|p1a: Landorus|82/100 tox|[from] item: Leftovers
|-heal|p2a: caramelldansen|56/100 tox|[from] ability: Poison Heal
|-damage|p1a: Landorus|58/100 tox|[from] psn
|upkeep
|turn|27
|
|switch|p2a: van darkholme|Ferrothorn, M|92/100
|-damage|p2a: van darkholme|86/100|[from] Stealth Rock
|move|p1a: Landorus|U-turn|p2a: van darkholme
|-damage|p2a: van darkholme|69/100
|-damage|p1a: Landorus|46/100 tox|[from] ability: Iron Barbs|[of] p2a: van darkholme
|
|switch|p1a: Kyurem|Kyurem|100/100|[from]move: U-turn
|-ability|p1a: Kyurem|Pressure
|
|-weather|Sandstorm|[upkeep]
|-damage|p1a: Kyurem|94/100|[from] Sandstorm
|-heal|p1a: Kyurem|100/100|[from] item: Leftovers
|-heal|p2a: van darkholme|75/100|[from] item: Leftovers
|upkeep
|turn|28
|inactive|phosphor has 120 seconds left.
|
|move|p1a: Kyurem|Substitute|p1a: Kyurem
|-start|p1a: Kyurem|Substitute
|-damage|p1a: Kyurem|76/100
|move|p2a: van darkholme|Gyro Ball|p1a: Kyurem
|-supereffective|p1a: Kyurem
|-end|p1a: Kyurem|Substitute
|
|-weather|Sandstorm|[upkeep]
|-damage|p1a: Kyurem|70/100|[from] Sandstorm
|-heal|p1a: Kyurem|76/100|[from] item: Leftovers
|-heal|p2a: van darkholme|81/100|[from] item: Leftovers
|upkeep
|turn|29
|inactive|phosphor has 120 seconds left.
|
|move|p1a: Kyurem|Substitute|p1a: Kyurem
|-start|p1a: Kyurem|Substitute
|-damage|p1a: Kyurem|51/100
|move|p2a: van darkholme|Gyro Ball|p1a: Kyurem
|-supereffective|p1a: Kyurem
|-end|p1a: Kyurem|Substitute
|
|-weather|Sandstorm|[upkeep]
|-damage|p1a: Kyurem|45/100|[from] Sandstorm
|-heal|p1a: Kyurem|51/100|[from] item: Leftovers
|-heal|p2a: van darkholme|88/100|[from] item: Leftovers
|upkeep
|turn|30
|inactive|phosphor has 120 seconds left.
|inactive|dark web uzi has 120 seconds left.
|inactive|phosphor has 90 seconds left.
|
|switch|p1a: Jirachi|Jirachi|100/100
|switch|p2a: sticky fingers|Latios, M|70/100
|-damage|p2a: sticky fingers|58/100|[from] Stealth Rock
|
|-weather|Sandstorm|[upkeep]
|-damage|p2a: sticky fingers|52/100|[from] Sandstorm
|upkeep
|turn|31
|inactive|phosphor has 90 seconds left.
|inactive|dark web uzi has 120 seconds left.
|
|switch|p2a: van darkholme|Ferrothorn, M|88/100
|-damage|p2a: van darkholme|81/100|[from] Stealth Rock
|move|p1a: Jirachi|Body Slam|p2a: van darkholme
|-resisted|p2a: van darkholme
|-damage|p2a: van darkholme|74/100
|-status|p2a: van darkholme|par
|-damage|p1a: Jirachi|88/100|[from] ability: Iron Barbs|[of] p2a: van darkholme
|
|-weather|Sandstorm|[upkeep]
|-heal|p1a: Jirachi|94/100|[from] item: Leftovers
|-heal|p2a: van darkholme|81/100 par|[from] item: Leftovers
|upkeep
|turn|32
|inactive|dark web uzi has 120 seconds left.
|
|move|p1a: Jirachi|Wish|p1a: Jirachi
|move|p2a: van darkholme|Knock Off|p1a: Jirachi
|-crit|p1a: Jirachi
|-damage|p1a: Jirachi|87/100
|-enditem|p1a: Jirachi|Leftovers|[from] move: Knock Off|[of] p2a: van darkholme
|
|-weather|Sandstorm|[upkeep]
|-heal|p2a: van darkholme|87/100 par|[from] item: Leftovers
|upkeep
|turn|33
|
|switch|p1a: Landorus|Landorus-Therian, M|46/100 tox
|-ability|p1a: Landorus|Intimidate|boost
|-unboost|p2a: van darkholme|atk|1
|switch|p2a: hyperkineticrabbit|Reuniclus, F, shiny|9/100 tox
|
|-weather|Sandstorm|[upkeep]
|-heal|p1a: Landorus|99/100 tox|[from] move: Wish|[wisher] Jirachi
|-heal|p1a: Landorus|100/100 tox|[from] item: Leftovers
|-heal|p2a: hyperkineticrabbit|15/100 tox|[from] item: Leftovers
|-damage|p1a: Landorus|94/100 tox|[from] psn
|upkeep
|turn|34
|inactive|phosphor has 90 seconds left.
|
|switch|p2a: caramelldansen|Gliscor, F|56/100 tox
|-damage|p2a: caramelldansen|43/100 tox|[from] Stealth Rock
|move|p1a: Landorus|U-turn|p2a: caramelldansen
|-resisted|p2a: caramelldansen
|-crit|p2a: caramelldansen
|-damage|p2a: caramelldansen|24/100 tox
|
|switch|p1a: Celebi|Celebi|57/100|[from]move: U-turn
|
|-weather|Sandstorm|[upkeep]
|-damage|p1a: Celebi|51/100|[from] Sandstorm
|-heal|p1a: Celebi|57/100|[from] item: Leftovers
|-heal|p2a: caramelldansen|37/100 tox|[from] ability: Poison Heal
|upkeep
|turn|35
|
|switch|p2a: van darkholme|Ferrothorn, M|87/100 par
|-damage|p2a: van darkholme|81/100 par|[from] Stealth Rock
|move|p1a: Celebi|Hidden Power|p2a: van darkholme
|-damage|p2a: van darkholme|64/100 par
|
|-weather|Sandstorm|[upkeep]
|-damage|p1a: Celebi|51/100|[from] Sandstorm
|-heal|p1a: Celebi|57/100|[from] item: Leftovers
|-heal|p2a: van darkholme|70/100 par|[from] item: Leftovers
|upkeep
|turn|36
|
|move|p1a: Celebi|Nasty Plot|p1a: Celebi
|-boost|p1a: Celebi|spa|2
|cant|p2a: van darkholme|par
|
|-weather|Sandstorm|[upkeep]
|-damage|p1a: Celebi|51/100|[from] Sandstorm
|-heal|p1a: Celebi|57/100|[from] item: Leftovers
|-heal|p2a: van darkholme|77/100 par|[from] item: Leftovers
|upkeep
|turn|37
|
|move|p1a: Celebi|Earth Power|p2a: van darkholme
|-damage|p2a: van darkholme|35/100 par
|move|p2a: van darkholme|Gyro Ball|p1a: Celebi
|-damage|p1a: Celebi|13/100
|
|-weather|Sandstorm|[upkeep]
|-damage|p1a: Celebi|7/100|[from] Sandstorm
|-heal|p1a: Celebi|13/100|[from] item: Leftovers
|-heal|p2a: van darkholme|41/100 par|[from] item: Leftovers
|upkeep
|turn|38
|
|move|p1a: Celebi|Earth Power|p2a: van darkholme
|-damage|p2a: van darkholme|1/100 par
|-unboost|p2a: van darkholme|spd|1
|move|p2a: van darkholme|Stealth Rock|p1a: Celebi
|-sidestart|p1: dark web uzi|move: Stealth Rock
|
|-weather|Sandstorm|[upkeep]
|-damage|p1a: Celebi|7/100|[from] Sandstorm
|-heal|p1a: Celebi|13/100|[from] item: Leftovers
|-heal|p2a: van darkholme|7/100 par|[from] item: Leftovers
|upkeep
|turn|39
|
|move|p1a: Celebi|Hidden Power|p2a: van darkholme
|-damage|p2a: van darkholme|0 fnt
|faint|p2a: van darkholme
|
|-weather|Sandstorm|[upkeep]
|-damage|p1a: Celebi|7/100|[from] Sandstorm
|-heal|p1a: Celebi|13/100|[from] item: Leftovers
|upkeep
|inactive|phosphor has 90 seconds left.
|
|switch|p2a: sticky fingers|Latios, M|52/100
|-damage|p2a: sticky fingers|40/100|[from] Stealth Rock
|turn|40
|inactive|dark web uzi has 120 seconds left.
|inactive|dark web uzi has 90 seconds left.
|
|move|p2a: sticky fingers|Psyshock|p1a: Celebi
|-resisted|p1a: Celebi
|-crit|p1a: Celebi
|-damage|p1a: Celebi|0 fnt
|faint|p1a: Celebi
|
|-weather|Sandstorm|[upkeep]
|-damage|p2a: sticky fingers|34/100|[from] Sandstorm
|upkeep
|inactive|dark web uzi has 90 seconds left.
|
|switch|p1a: Jirachi|Jirachi|87/100
|-damage|p1a: Jirachi|80/100|[from] Stealth Rock
|turn|41
|
|switch|p2a: caramelldansen|Gliscor, F|37/100 tox
|-damage|p2a: caramelldansen|24/100 tox|[from] Stealth Rock
|move|p1a: Jirachi|Iron Head|p2a: caramelldansen
|-damage|p2a: caramelldansen|2/100 tox
|
|-weather|Sandstorm|[upkeep]
|-heal|p2a: caramelldansen|14/100 tox|[from] ability: Poison Heal
|upkeep
|turn|42
|inactive|dark web uzi has 90 seconds left.
|
|switch|p1a: Kyurem|Kyurem|51/100
|-damage|p1a: Kyurem|26/100|[from] Stealth Rock
|-ability|p1a: Kyurem|Pressure
|move|p2a: caramelldansen|Protect||[still]
|-fail|p2a: caramelldansen
|
|-weather|Sandstorm|[upkeep]
|-damage|p1a: Kyurem|20/100|[from] Sandstorm
|-heal|p1a: Kyurem|26/100|[from] item: Leftovers
|-heal|p2a: caramelldansen|27/100 tox|[from] ability: Poison Heal
|upkeep
|turn|43
|
|move|p1a: Kyurem|Roost|p1a: Kyurem
|-heal|p1a: Kyurem|76/100
|-singleturn|p1a: Kyurem|move: Roost
|move|p2a: caramelldansen|Toxic|p1a: Kyurem
|-status|p1a: Kyurem|tox
|
|-weather|Sandstorm|[upkeep]
|-damage|p1a: Kyurem|70/100 tox|[from] Sandstorm
|-heal|p1a: Kyurem|76/100 tox|[from] item: Leftovers
|-damage|p1a: Kyurem|70/100 tox|[from] psn
|-heal|p2a: caramelldansen|39/100 tox|[from] ability: Poison Heal
|upkeep
|turn|44
|
|move|p2a: caramelldansen|Protect|p2a: caramelldansen
|-singleturn|p2a: caramelldansen|Protect
|move|p1a: Kyurem|Ice Beam|p2a: caramelldansen
|-activate|p2a: caramelldansen|move: Protect
|
|-weather|Sandstorm|[upkeep]
|-damage|p1a: Kyurem|64/100 tox|[from] Sandstorm
|-heal|p1a: Kyurem|70/100 tox|[from] item: Leftovers
|-damage|p1a: Kyurem|58/100 tox|[from] psn
|-heal|p2a: caramelldansen|52/100 tox|[from] ability: Poison Heal
|upkeep
|turn|45
|inactive|phosphor has 60 seconds left.
|
|switch|p2a: hyperkineticrabbit|Reuniclus, F, shiny|15/100 tox
|move|p1a: Kyurem|Ice Beam|p2a: hyperkineticrabbit
|-damage|p2a: hyperkineticrabbit|0 fnt
|faint|p2a: hyperkineticrabbit
|
|-weather|Sandstorm|[upkeep]
|-damage|p1a: Kyurem|51/100 tox|[from] Sandstorm
|-heal|p1a: Kyurem|58/100 tox|[from] item: Leftovers
|-damage|p1a: Kyurem|39/100 tox|[from] psn
|upkeep
|inactive|phosphor has 30 seconds left.
|
|switch|p2a: sticky fingers|Latios, M|34/100
|-damage|p2a: sticky fingers|22/100|[from] Stealth Rock
|turn|46
|
|switch|p2a: me_irl|Tangrowth, M|100/100
|-damage|p2a: me_irl|88/100|[from] Stealth Rock
|-status|p2a: me_irl|tox
|switch|p1a: Jirachi|Jirachi|80/100
|-damage|p1a: Jirachi|74/100|[from] Stealth Rock
|
|-weather|Sandstorm|[upkeep]
|-damage|p2a: me_irl|82/100 tox|[from] Sandstorm
|-heal|p2a: me_irl|88/100 tox|[from] item: Leftovers
|-damage|p2a: me_irl|82/100 tox|[from] psn
|upkeep
|turn|47
|
|move|p1a: Jirachi|Wish|p1a: Jirachi
|move|p2a: me_irl|Stun Spore|p1a: Jirachi
|-status|p1a: Jirachi|par
|
|-weather|Sandstorm|[upkeep]
|-damage|p2a: me_irl|76/100 tox|[from] Sandstorm
|-heal|p2a: me_irl|82/100 tox|[from] item: Leftovers
|-damage|p2a: me_irl|69/100 tox|[from] psn
|upkeep
|turn|48
|inactive|dark web uzi has 120 seconds left.
|
|switch|p2a: sticky fingers|Latios, M|22/100
|-damage|p2a: sticky fingers|9/100|[from] Stealth Rock
|switch|p1a: Tentacruel|Tentacruel, F|38/100 par
|-damage|p1a: Tentacruel|26/100 par|[from] Stealth Rock
|
|-weather|Sandstorm|[upkeep]
|-damage|p2a: sticky fingers|3/100|[from] Sandstorm
|-damage|p1a: Tentacruel|20/100 par|[from] Sandstorm
|-heal|p1a: Tentacruel|75/100 par|[from] move: Wish|[wisher] Jirachi
|upkeep
|turn|49
|
|switch|p2a: caramelldansen|Gliscor, F|52/100 tox
|-damage|p2a: caramelldansen|39/100 tox|[from] Stealth Rock
|move|p1a: Tentacruel|Protect||[still]
|-fail|p1a: Tentacruel
|
|-weather|Sandstorm|[upkeep]
|-damage|p1a: Tentacruel|69/100 par|[from] Sandstorm
|-heal|p2a: caramelldansen|52/100 tox|[from] ability: Poison Heal
|upkeep
|turn|50
|
|move|p2a: caramelldansen|Earthquake|p1a: Tentacruel
|-supereffective|p1a: Tentacruel
|-damage|p1a: Tentacruel|8/100 par
|move|p1a: Tentacruel|Scald|p2a: caramelldansen
|-supereffective|p2a: caramelldansen
|-damage|p2a: caramelldansen|11/100 tox
|
|-weather|Sandstorm|[upkeep]
|-damage|p1a: Tentacruel|2/100 par|[from] Sandstorm
|-heal|p2a: caramelldansen|24/100 tox|[from] ability: Poison Heal
|upkeep
|turn|51
|
|move|p2a: caramelldansen|Protect|p2a: caramelldansen
|-singleturn|p2a: caramelldansen|Protect
|cant|p1a: Tentacruel|par
|
|-weather|Sandstorm|[upkeep]
|-damage|p1a: Tentacruel|0 fnt|[from] Sandstorm
|faint|p1a: Tentacruel
|-heal|p2a: caramelldansen|36/100 tox|[from] ability: Poison Heal
|upkeep
|inactive|dark web uzi has 120 seconds left.
|inactive|dark web uzi has 90 seconds left.
|
|switch|p1a: Landorus|Landorus-Therian, M|94/100 tox
|-damage|p1a: Landorus|82/100 tox|[from] Stealth Rock
|-ability|p1a: Landorus|Intimidate|boost
|-unboost|p2a: caramelldansen|atk|1
|turn|52
|inactive|phosphor has 60 seconds left.
|
|switch|p2a: sticky fingers|Latios, M|3/100
|-damage|p2a: sticky fingers|0 fnt|[from] Stealth Rock
|faint|p2a: sticky fingers
|move|p1a: Landorus|Hidden Power|p2: sticky fingers|[notarget]
|-fail|p1a: Landorus
|
|-weather|Sandstorm|[upkeep]
|-heal|p1a: Landorus|88/100 tox|[from] item: Leftovers
|-damage|p1a: Landorus|82/100 tox|[from] psn
|upkeep
|
|switch|p2a: me_irl|Tangrowth, M|100/100 tox
|-damage|p2a: me_irl|88/100 tox|[from] Stealth Rock
|turn|53
|inactive|phosphor has 60 seconds left.
|
|move|p1a: Landorus|U-turn|p2a: me_irl
|-supereffective|p2a: me_irl
|-damage|p2a: me_irl|64/100 tox
|
|switch|p1a: Jirachi|Jirachi|74/100 par|[from]move: U-turn
|-damage|p1a: Jirachi|68/100 par|[from] Stealth Rock
|move|p2a: me_irl|Giga Drain|p1a: Jirachi
|-resisted|p1a: Jirachi
|-damage|p1a: Jirachi|59/100 par
|-heal|p2a: me_irl|69/100 tox|[from] drain|[of] p1a: Jirachi
|
|-weather|Sandstorm|[upkeep]
|-damage|p2a: me_irl|62/100 tox|[from] Sandstorm
|-heal|p2a: me_irl|69/100 tox|[from] item: Leftovers
|-damage|p2a: me_irl|62/100 tox|[from] psn
|upkeep
|turn|54
|
|switch|p2a: caramelldansen|Gliscor, F|36/100 tox
|-damage|p2a: caramelldansen|24/100 tox|[from] Stealth Rock
|switch|p1a: Landorus|Landorus-Therian, M|82/100 tox
|-damage|p1a: Landorus|70/100 tox|[from] Stealth Rock
|-ability|p1a: Landorus|Intimidate|boost
|-unboost|p2a: caramelldansen|atk|1
|
|-weather|Sandstorm|[upkeep]
|-heal|p1a: Landorus|76/100 tox|[from] item: Leftovers
|-heal|p2a: caramelldansen|36/100 tox|[from] ability: Poison Heal
|-damage|p1a: Landorus|70/100 tox|[from] psn
|upkeep
|turn|55
|
|move|p2a: caramelldansen|Protect|p2a: caramelldansen
|-singleturn|p2a: caramelldansen|Protect
|move|p1a: Landorus|Hidden Power|p2a: caramelldansen
|-activate|p2a: caramelldansen|move: Protect
|
|-weather|Sandstorm|[upkeep]
|-heal|p1a: Landorus|76/100 tox|[from] item: Leftovers
|-heal|p2a: caramelldansen|49/100 tox|[from] ability: Poison Heal
|-damage|p1a: Landorus|64/100 tox|[from] psn
|upkeep
|turn|56
|inactive|phosphor has 60 seconds left.
|
|switch|p2a: me_irl|Tangrowth, M|96/100 tox
|-damage|p2a: me_irl|83/100 tox|[from] Stealth Rock
|move|p1a: Landorus|Hidden Power|p2a: me_irl
|-supereffective|p2a: me_irl
|-damage|p2a: me_irl|28/100 tox
|
|-weather|Sandstorm|[upkeep]
|-damage|p2a: me_irl|22/100 tox|[from] Sandstorm
|-heal|p1a: Landorus|70/100 tox|[from] item: Leftovers
|-heal|p2a: me_irl|28/100 tox|[from] item: Leftovers
|-damage|p1a: Landorus|52/100 tox|[from] psn
|-damage|p2a: me_irl|22/100 tox|[from] psn
|upkeep
|turn|57
|
|move|p1a: Landorus|Hidden Power|p2a: me_irl
|-supereffective|p2a: me_irl
|-damage|p2a: me_irl|0 fnt
|faint|p2a: me_irl
|
|-weather|Sandstorm|[upkeep]
|-heal|p1a: Landorus|58/100 tox|[from] item: Leftovers
|-damage|p1a: Landorus|34/100 tox|[from] psn
|upkeep
|
|switch|p2a: caramelldansen|Gliscor, F|49/100 tox
|-damage|p2a: caramelldansen|36/100 tox|[from] Stealth Rock
|turn|58
|
|move|p2a: caramelldansen|Protect|p2a: caramelldansen
|-singleturn|p2a: caramelldansen|Protect
|move|p1a: Landorus|Hidden Power|p2a: caramelldansen
|-activate|p2a: caramelldansen|move: Protect
|
|-weather|Sandstorm|[upkeep]
|-heal|p1a: Landorus|40/100 tox|[from] item: Leftovers
|-heal|p2a: caramelldansen|49/100 tox|[from] ability: Poison Heal
|-damage|p1a: Landorus|10/100 tox|[from] psn
|upkeep
|turn|59
|inactive|phosphor has 60 seconds left.
|
|move|p2a: caramelldansen|Protect|p2a: caramelldansen
|-singleturn|p2a: caramelldansen|Protect
|move|p1a: Landorus|Hidden Power|p2a: caramelldansen
|-activate|p2a: caramelldansen|move: Protect
|
|-weather|Sandstorm|[upkeep]
|-heal|p1a: Landorus|16/100 tox|[from] item: Leftovers
|-heal|p2a: caramelldansen|61/100 tox|[from] ability: Poison Heal
|-damage|p1a: Landorus|0 fnt|[from] psn
|faint|p1a: Landorus
|upkeep
|
|switch|p1a: Kyurem|Kyurem|39/100 tox
|-damage|p1a: Kyurem|14/100 tox|[from] Stealth Rock
|-ability|p1a: Kyurem|Pressure
|turn|60
|
|move|p2a: caramelldansen|Protect||[still]
|-fail|p2a: caramelldansen
|move|p1a: Kyurem|Ice Beam|p2a: caramelldansen
|-supereffective|p2a: caramelldansen
|-damage|p2a: caramelldansen|0 fnt
|faint|p2a: caramelldansen
|
|win|dark web uzi
|l|☆phosphor
|raw|dark web uzi's rating: 1429 &rarr; <strong>1445</strong><br />(+16 for winning)
|raw|phosphor's rating: 1361 &rarr; <strong>1344</strong><br />(-17 for losing)
