|j|☆happy_hitbox
|j|☆Primary Trout
|t:|1731093178
|gametype|singles
|player|p1|happy_hitbox|169|1497
|player|p2|Primary Trout|marshal|1416
|teamsize|p1|6
|teamsize|p2|6
|gen|5
|tier|[Gen 5] OU
|rated|
|rule|Species Clause: Limit one of each Pokémon
|rule|OHKO Clause: OHKO moves are banned
|rule|Moody Clause: Moody is banned
|rule|Evasion Items Clause: Evasion items are banned
|rule|Evasion Moves Clause: Evasion moves are banned
|rule|Endless Battle Clause: Forcing endless battles is banned
|rule|HP Percentage Mod: HP is shown in percentages
|rule|Evasion Abilities Clause: Evasion abilities are banned
|rule|Sleep Moves Clause: Sleep-inducing moves are banned
|rule|Swagger Clause: Swagger is banned
|rule|Baton Pass Stat Clause: No Baton Passer may have a way to boost its stats
|clearpoke
|poke|p1|Dragonite, F|item
|poke|p1|Magnezone|item
|poke|p1|Skarmory, M|item
|poke|p1|Jirachi|item
|poke|p1|Rotom-Wash|item
|poke|p1|Excadrill, M|item
|poke|p2|Landorus-Therian, M|item
|poke|p2|Keldeo-Resolute|item
|poke|p2|Latias, F|item
|poke|p2|Tyranitar, F|item
|poke|p2|Jirachi|item
|poke|p2|Conkeldurr, M|item
|teampreview
|inactive|Battle timer is ON: inactive players will automatically lose when time's up. (requested by Primary Trout)
|inactive|happy_hitbox has 120 seconds left.
|
|t:|1731093213
|start
|switch|p1a: Rotom|Rotom-Wash|100/100
|switch|p2a: Keldeo|Keldeo-Resolute|100/100
|turn|1
|
|t:|1731093222
|move|p2a: Keldeo|Focus Blast|p1a: Rotom
|-damage|p1a: Rotom|21/100
|move|p1a: Rotom|Volt Switch|p2a: Keldeo
|-supereffective|p2a: Keldeo
|-damage|p2a: Keldeo|42/100
|
|t:|1731093230
|switch|p1a: Dragonite|Dragonite, F|100/100|[from] Volt Switch
|
|upkeep
|turn|2
|
|t:|1731093237
|switch|p2a: Tyranitar|Tyranitar, F|100/100
|-weather|Sandstorm|[from] ability: Sand Stream|[of] p2a: Tyranitar
|move|p1a: Dragonite|Dragon Dance|p1a: Dragonite
|-boost|p1a: Dragonite|atk|1
|-boost|p1a: Dragonite|spe|1
|
|-weather|Sandstorm|[upkeep]
|-damage|p1a: Dragonite|94/100|[from] Sandstorm
|-heal|p1a: Dragonite|100/100|[from] item: Leftovers
|upkeep
|turn|3
|
|t:|1731093247
|move|p1a: Dragonite|Substitute|p1a: Dragonite
|-start|p1a: Dragonite|Substitute
|-damage|p1a: Dragonite|76/100
|move|p2a: Tyranitar|Ice Beam|p1a: Dragonite
|-supereffective|p1a: Dragonite
|-crit|p1a: Dragonite
|-end|p1a: Dragonite|Substitute
|
|-weather|Sandstorm|[upkeep]
|-damage|p1a: Dragonite|70/100|[from] Sandstorm
|-heal|p1a: Dragonite|76/100|[from] item: Leftovers
|upkeep
|turn|4
|
|t:|1731093271
|switch|p1a: Jirachi|Jirachi|100/100
|move|p2a: Tyranitar|Crunch|p1a: Jirachi
|-damage|p1a: Jirachi|69/100
|-unboost|p1a: Jirachi|def|1
|
|-weather|Sandstorm|[upkeep]
|-heal|p1a: Jirachi|75/100|[from] item: Leftovers
|upkeep
|turn|5
|
|t:|1731093277
|switch|p2a: Conkeldurr|Conkeldurr, M|100/100
|move|p1a: Jirachi|U-turn|p2a: Conkeldurr
|-resisted|p2a: Conkeldurr
|-damage|p2a: Conkeldurr|93/100
|
|t:|1731093286
|switch|p1a: Skarmory|Skarmory, M|100/100|[from] U-turn
|
|-weather|Sandstorm|[upkeep]
|-damage|p2a: Conkeldurr|87/100|[from] Sandstorm
|-heal|p2a: Conkeldurr|93/100|[from] item: Leftovers
|upkeep
|turn|6
|
|t:|1731093292
|move|p1a: Skarmory|Spikes|p2a: Conkeldurr
|-sidestart|p2: Primary Trout|Spikes
|move|p2a: Conkeldurr|Bulk Up|p2a: Conkeldurr
|-boost|p2a: Conkeldurr|atk|1
|-boost|p2a: Conkeldurr|def|1
|
|-weather|Sandstorm|[upkeep]
|-damage|p2a: Conkeldurr|87/100|[from] Sandstorm
|-heal|p2a: Conkeldurr|93/100|[from] item: Leftovers
|upkeep
|turn|7
|
|t:|1731093296
|move|p2a: Conkeldurr|Drain Punch|p1a: Skarmory
|-damage|p1a: Skarmory|63/100
|-heal|p2a: Conkeldurr|100/100|[from] drain|[of] p1a: Skarmory
|move|p1a: Skarmory|Whirlwind|p2a: Conkeldurr
|drag|p2a: Latias|Latias, F|100/100
|
|-weather|Sandstorm|[upkeep]
|-damage|p2a: Latias|94/100|[from] Sandstorm
|-heal|p2a: Latias|100/100|[from] item: Leftovers
|upkeep
|turn|8
|
|t:|1731093304
|move|p2a: Latias|Dragon Pulse|p1a: Skarmory
|-resisted|p1a: Skarmory
|-damage|p1a: Skarmory|42/100
|move|p1a: Skarmory|Roost|p1a: Skarmory
|-heal|p1a: Skarmory|92/100
|-singleturn|p1a: Skarmory|move: Roost
|
|-weather|Sandstorm|[upkeep]
|-damage|p2a: Latias|94/100|[from] Sandstorm
|-heal|p2a: Latias|100/100|[from] item: Leftovers
|upkeep
|turn|9
|
|t:|1731093309
|move|p2a: Latias|Calm Mind|p2a: Latias
|-boost|p2a: Latias|spa|1
|-boost|p2a: Latias|spd|1
|move|p1a: Skarmory|Spikes|p2a: Latias
|-sidestart|p2: Primary Trout|Spikes
|
|-weather|Sandstorm|[upkeep]
|-damage|p2a: Latias|94/100|[from] Sandstorm
|-heal|p2a: Latias|100/100|[from] item: Leftovers
|upkeep
|turn|10
|
|t:|1731093312
|move|p2a: Latias|Dragon Pulse|p1a: Skarmory
|-resisted|p1a: Skarmory
|-damage|p1a: Skarmory|57/100
|move|p1a: Skarmory|Spikes|p2a: Latias
|-sidestart|p2: Primary Trout|Spikes
|
|-weather|Sandstorm|[upkeep]
|-damage|p2a: Latias|94/100|[from] Sandstorm
|-heal|p2a: Latias|100/100|[from] item: Leftovers
|upkeep
|turn|11
|
|t:|1731093315
|move|p2a: Latias|Dragon Pulse|p1a: Skarmory
|-resisted|p1a: Skarmory
|-damage|p1a: Skarmory|21/100
|move|p1a: Skarmory|Roost|p1a: Skarmory
|-heal|p1a: Skarmory|71/100
|-singleturn|p1a: Skarmory|move: Roost
|
|-weather|Sandstorm|[upkeep]
|-damage|p2a: Latias|94/100|[from] Sandstorm
|-heal|p2a: Latias|100/100|[from] item: Leftovers
|upkeep
|turn|12
|
|t:|1731093320
|move|p2a: Latias|Dragon Pulse|p1a: Skarmory
|-resisted|p1a: Skarmory
|-damage|p1a: Skarmory|40/100
|move|p1a: Skarmory|Whirlwind|p2a: Latias
|drag|p2a: Jirachi|Jirachi|100/100
|-damage|p2a: Jirachi|75/100|[from] Spikes
|
|-weather|Sandstorm|[upkeep]
|-heal|p2a: Jirachi|82/100|[from] item: Leftovers
|upkeep
|turn|13
|
|t:|1731093325
|move|p2a: Jirachi|Thunderbolt|p1a: Skarmory
|-supereffective|p1a: Skarmory
|-damage|p1a: Skarmory|0 fnt
|faint|p1a: Skarmory
|
|-weather|Sandstorm|[upkeep]
|-heal|p2a: Jirachi|88/100|[from] item: Leftovers
|upkeep
|
|t:|1731093334
|switch|p1a: Excadrill|Excadrill, M|100/100
|-ability|p1a: Excadrill|Mold Breaker
|turn|14
|
|t:|1731093337
|switch|p2a: Landorus|Landorus-Therian, M, shiny|100/100
|-ability|p2a: Landorus|Intimidate|boost
|-unboost|p1a: Excadrill|atk|1
|move|p1a: Excadrill|Iron Head|p2a: Landorus
|-damage|p2a: Landorus|68/100
|
|-weather|Sandstorm|[upkeep]
|upkeep
|turn|15
|
|t:|1731093354
|switch|p1a: Magnezone|Magnezone|100/100
|-item|p1a: Magnezone|Air Balloon
|move|p2a: Landorus|Earthquake|p1a: Magnezone
|-immune|p1a: Magnezone
|
|-weather|Sandstorm|[upkeep]
|upkeep
|turn|16
|
|t:|1731093360
|move|p2a: Landorus|U-turn|p1a: Magnezone
|-resisted|p1a: Magnezone
|-damage|p1a: Magnezone|81/100
|-enditem|p1a: Magnezone|Air Balloon
|-damage|p2a: Landorus|58/100|[from] item: Life Orb
|
|t:|1731093363
|switch|p2a: Latias|Latias, F|100/100|[from] U-turn
|move|p1a: Magnezone|Sunny Day|p1a: Magnezone
|-weather|SunnyDay
|
|-weather|SunnyDay|[upkeep]
|upkeep
|turn|17
|
|t:|1731093374
|switch|p1a: Excadrill|Excadrill, M|100/100
|-ability|p1a: Excadrill|Mold Breaker
|move|p2a: Latias|Substitute|p2a: Latias
|-start|p2a: Latias|Substitute
|-damage|p2a: Latias|76/100
|
|-weather|SunnyDay|[upkeep]
|-heal|p2a: Latias|82/100|[from] item: Leftovers
|upkeep
|turn|18
|
|t:|1731093378
|move|p1a: Excadrill|Iron Head|p2a: Latias
|-end|p2a: Latias|Substitute
|move|p2a: Latias|Dragon Pulse|p1a: Excadrill
|-resisted|p1a: Excadrill
|-damage|p1a: Excadrill|78/100
|
|-weather|SunnyDay|[upkeep]
|-heal|p2a: Latias|88/100|[from] item: Leftovers
|upkeep
|turn|19
|
|t:|1731093383
|switch|p2a: Jirachi|Jirachi|88/100
|-damage|p2a: Jirachi|63/100|[from] Spikes
|move|p1a: Excadrill|Iron Head|p2a: Jirachi
|-resisted|p2a: Jirachi
|-damage|p2a: Jirachi|47/100
|
|-weather|SunnyDay|[upkeep]
|-heal|p2a: Jirachi|53/100|[from] item: Leftovers
|upkeep
|turn|20
|
|t:|1731093402
|switch|p1a: Dragonite|Dragonite, F|76/100
|move|p2a: Jirachi|Wish|p2a: Jirachi
|
|-weather|none
|-heal|p2a: Jirachi|59/100|[from] item: Leftovers
|-heal|p1a: Dragonite|82/100|[from] item: Leftovers
|upkeep
|turn|21
|
|t:|1731093412
|move|p2a: Jirachi|Psychic|p1a: Dragonite
|-damage|p1a: Dragonite|57/100
|-unboost|p1a: Dragonite|spd|1
|move|p1a: Dragonite|Substitute|p1a: Dragonite
|-start|p1a: Dragonite|Substitute
|-damage|p1a: Dragonite|33/100
|
|-heal|p2a: Jirachi|100/100|[from] move: Wish|[wisher] Jirachi
|-heal|p1a: Dragonite|39/100|[from] item: Leftovers
|upkeep
|turn|22
|
|t:|1731093416
|move|p2a: Jirachi|Psychic|p1a: Dragonite
|-end|p1a: Dragonite|Substitute
|move|p1a: Dragonite|Roost|p1a: Dragonite
|-heal|p1a: Dragonite|89/100
|-singleturn|p1a: Dragonite|move: Roost
|
|-heal|p1a: Dragonite|95/100|[from] item: Leftovers
|upkeep
|turn|23
|
|t:|1731093427
|switch|p1a: Magnezone|Magnezone|81/100
|move|p2a: Jirachi|Psychic|p1a: Magnezone
|-resisted|p1a: Magnezone
|-damage|p1a: Magnezone|61/100
|
|upkeep
|turn|24
|
|t:|1731093437
|move|p2a: Jirachi|Calm Mind|p2a: Jirachi
|-boost|p2a: Jirachi|spa|1
|-boost|p2a: Jirachi|spd|1
|move|p1a: Magnezone|Sunny Day|p1a: Magnezone
|-weather|SunnyDay
|
|-weather|SunnyDay|[upkeep]
|upkeep
|turn|25
|
|t:|1731093439
|move|p2a: Jirachi|Wish|p2a: Jirachi
|move|p1a: Magnezone|Hidden Power|p2a: Jirachi
|-supereffective|p2a: Jirachi
|-damage|p2a: Jirachi|54/100
|
|-weather|SunnyDay|[upkeep]
|-heal|p2a: Jirachi|60/100|[from] item: Leftovers
|upkeep
|turn|26
|
|t:|1731093442
|move|p2a: Jirachi|Calm Mind|p2a: Jirachi
|-boost|p2a: Jirachi|spa|1
|-boost|p2a: Jirachi|spd|1
|move|p1a: Magnezone|Hidden Power|p2a: Jirachi
|-supereffective|p2a: Jirachi
|-damage|p2a: Jirachi|24/100
|
|-weather|SunnyDay|[upkeep]
|-heal|p2a: Jirachi|74/100|[from] move: Wish|[wisher] Jirachi
|-heal|p2a: Jirachi|80/100|[from] item: Leftovers
|upkeep
|turn|27
|
|t:|1731093446
|move|p2a: Jirachi|Wish|p2a: Jirachi
|move|p1a: Magnezone|Hidden Power|p2a: Jirachi
|-supereffective|p2a: Jirachi
|-damage|p2a: Jirachi|48/100
|
|-weather|SunnyDay|[upkeep]
|-heal|p2a: Jirachi|54/100|[from] item: Leftovers
|upkeep
|turn|28
|
|t:|1731093449
|move|p2a: Jirachi|Psychic|p1a: Magnezone
|-resisted|p1a: Magnezone
|-crit|p1a: Magnezone
|-damage|p1a: Magnezone|0 fnt
|faint|p1a: Magnezone
|
|-weather|none
|-heal|p2a: Jirachi|100/100|[from] move: Wish|[wisher] Jirachi
|upkeep
|
|t:|1731093452
|switch|p1a: Excadrill|Excadrill, M|78/100
|-ability|p1a: Excadrill|Mold Breaker
|turn|29
|
|t:|1731093458
|move|p1a: Excadrill|Earthquake|p2a: Jirachi
|-supereffective|p2a: Jirachi
|-crit|p2a: Jirachi
|-damage|p2a: Jirachi|0 fnt
|faint|p2a: Jirachi
|
|upkeep
|
|t:|1731093464
|switch|p2a: Conkeldurr|Conkeldurr, M|100/100
|-damage|p2a: Conkeldurr|76/100|[from] Spikes
|turn|30
|
|t:|1731093472
|switch|p1a: Rotom|Rotom-Wash|21/100
|move|p2a: Conkeldurr|Ice Punch|p1a: Rotom
|-resisted|p1a: Rotom
|-damage|p1a: Rotom|6/100
|
|-heal|p1a: Rotom|12/100|[from] item: Leftovers
|-heal|p2a: Conkeldurr|82/100|[from] item: Leftovers
|upkeep
|turn|31
|
|t:|1731093475
|move|p2a: Conkeldurr|Mach Punch|p1a: Rotom
|-damage|p1a: Rotom|0 fnt
|faint|p1a: Rotom
|
|-heal|p2a: Conkeldurr|88/100|[from] item: Leftovers
|upkeep
|
|t:|1731093478
|switch|p1a: Jirachi|Jirachi|75/100
|turn|32
|
|t:|1731093480
|move|p1a: Jirachi|Body Slam|p2a: Conkeldurr
|-damage|p2a: Conkeldurr|71/100
|-status|p2a: Conkeldurr|par
|move|p2a: Conkeldurr|Bulk Up|p2a: Conkeldurr
|-boost|p2a: Conkeldurr|atk|1
|-boost|p2a: Conkeldurr|def|1
|
|-heal|p1a: Jirachi|81/100|[from] item: Leftovers
|-heal|p2a: Conkeldurr|77/100 par|[from] item: Leftovers
|upkeep
|turn|33
|
|t:|1731093486
|move|p1a: Jirachi|Wish|p1a: Jirachi
|move|p2a: Conkeldurr|Drain Punch|p1a: Jirachi
|-damage|p1a: Jirachi|0 fnt
|-heal|p2a: Conkeldurr|100/100 par|[from] drain|[of] p1a: Jirachi
|faint|p1a: Jirachi
|
|upkeep
|
|t:|1731093495
|switch|p1a: Dragonite|Dragonite, F|95/100
|turn|34
|-message|happy_hitbox forfeited.
|
|win|Primary Trout
|raw|happy_hitbox's rating: 1497 &rarr; <strong>1472</strong><br />(-25 for losing)
|raw|Primary Trout's rating: 1416 &rarr; <strong>1441</strong><br />(+25 for winning)
|l|☆happy_hitbox
|player|p1|
