|join|ahobowithanoboe
|join|roundwon
|player|p1|ahobowithanoboe|273
|player|p2|roundwon|266
|gametype|singles
|gen|5
|tier|[Gen 5] OU
|rated
|rule|Evasion Abilities Clause: Evasion abilities are banned
|clearpoke
|poke|p1|Latias, F, shiny
|poke|p1|Infernape, M
|poke|p1|Magnezone
|poke|p1|Dusclops, M
|poke|p1|Mamoswine, M
|poke|p1|Rotom-Wash
|poke|p2|Kyurem
|poke|p2|Salamence, F
|poke|p2|Scizor, M
|poke|p2|Azelf
|poke|p2|Celebi
|poke|p2|Skarmory, M
|rule|Sleep Clause Mod: Limit one foe put to sleep
|rule|Species Clause: Limit one of each Pokemon
|rule|OHKO Clause: OHKO moves are banned
|rule|Moody Clause: Moody is banned
|rule|Evasion Moves Clause: Evasion moves are banned
|rule|Endless Battle Clause: Forcing endless battles is banned.
|rule|HP Percentage Mod: HP is reported as percentages
|teampreview
|
|start
|switch|p1a: shenanigans|Infernape, M|293/293
|switch|p2a: Azelf|Azelf|292/292
|turn|1
|
|move|p1a: shenanigans|Fake Out|p2a: Azelf
|-damage|p2a: Azelf|228/292
|cant|p2a: Azelf|flinch
|
|turn|2
|
|move|p2a: Azelf|Psychic|p1a: shenanigans
|-supereffective|p1a: shenanigans
|-enditem|p1a: shenanigans|Focus Sash
|-damage|p1a: shenanigans|1/293
|-damage|p2a: Azelf|199/292|[from] item: Life Orb
|move|p1a: shenanigans|Stealth Rock|p2a: Azelf
|-sidestart|p2: roundwon|move: Stealth Rock
|
|turn|3
|
|move|p2a: Azelf|Psychic|p1a: shenanigans
|-supereffective|p1a: shenanigans
|-damage|p1a: shenanigans|0 fnt
|-damage|p2a: Azelf|170/292|[from] item: Life Orb
|faint|p1a: shenanigans
|
|
|switch|p1a: Laundry Day|Rotom-Wash|241/241
|turn|4
|
|switch|p2a: Celebi|Celebi|404/404
|-damage|p2a: Celebi|354/404|[from] Stealth Rock
|move|p1a: Laundry Day|Hydro Pump|p2a: Celebi
|-resisted|p2a: Celebi
|-damage|p2a: Celebi|288/404
|
|-heal|p2a: Celebi|313/404|[from] item: Leftovers
|turn|5
|
|switch|p1a: Who U gonna call?|Dusclops, M|284/284
|-ability|p1a: Who U gonna call?|Pressure
|move|p2a: Celebi|Giga Drain|p1a: Who U gonna call?
|-damage|p1a: Who U gonna call?|242/284
|-heal|p2a: Celebi|334/404|[from] drain|[of] p1a: Who U gonna call?
|
|-heal|p2a: Celebi|359/404|[from] item: Leftovers
|turn|6
|
|move|p2a: Celebi|Baton Pass|p2a: Celebi
|
|switch|p2a: Kyurem|Kyurem|392/392
|-damage|p2a: Kyurem|294/392|[from] Stealth Rock
|-ability|p2a: Kyurem|Pressure
|move|p1a: Who U gonna call?|Taunt|p2a: Kyurem
|-start|p2a: Kyurem|move: Taunt
|
|turn|7
|
|move|p2a: Kyurem|Hidden Power|p1a: Who U gonna call?
|-damage|p1a: Who U gonna call?|189/284
|-damage|p2a: Kyurem|255/392|[from] item: Life Orb
|move|p1a: Who U gonna call?|Toxic|p2a: Kyurem
|-status|p2a: Kyurem|tox
|
|-damage|p2a: Kyurem|231/392 tox|[from] psn
|turn|8
|
|move|p2a: Kyurem|Draco Meteor|p1a: Who U gonna call?
|-damage|p1a: Who U gonna call?|20/284
|-unboost|p2a: Kyurem|spa|2
|-damage|p2a: Kyurem|192/392 tox|[from] item: Life Orb
|move|p1a: Who U gonna call?|Night Shade|p2a: Kyurem
|-damage|p2a: Kyurem|92/392 tox
|
|-damage|p2a: Kyurem|44/392 tox|[from] psn
|turn|9
|
|move|p2a: Kyurem|Hidden Power|p1a: Who U gonna call?
|-damage|p1a: Who U gonna call?|0 fnt
|-damage|p2a: Kyurem|5/392 tox|[from] item: Life Orb
|faint|p1a: Who U gonna call?
|
|-damage|p2a: Kyurem|0 fnt|[from] psn
|faint|p2a: Kyurem
|
|switch|p1a: Laundry Day|Rotom-Wash|241/241
|switch|p2a: Azelf|Azelf|170/292
|-damage|p2a: Azelf|134/292|[from] Stealth Rock
|turn|10
|chat|ahobowithanoboe|...
|
|move|p1a: Laundry Day|Volt Switch|p2a: Azelf
|-damage|p2a: Azelf|0 fnt
|faint|p2a: Azelf
|
|switch|p1a: Golden Shower|Latias, F, shiny|364/364
|
|
|switch|p2a: Celebi|Celebi|359/404
|-damage|p2a: Celebi|309/404|[from] Stealth Rock
|turn|11
|
|move|p1a: Golden Shower|Substitute|p1a: Golden Shower
|-start|p1a: Golden Shower|Substitute
|-damage|p1a: Golden Shower|273/364
|move|p2a: Celebi|Perish Song|p2a: Celebi
|-fieldactivate|move: Perish Song
|
|-start|p1a: Golden Shower|perish3
|-start|p2a: Celebi|perish3
|-heal|p1a: Golden Shower|295/364|[from] item: Leftovers
|-heal|p2a: Celebi|334/404|[from] item: Leftovers
|turn|12
|
|move|p1a: Golden Shower|Dragon Pulse|p2a: Celebi
|-damage|p2a: Celebi|255/404
|move|p2a: Celebi|Recover|p2a: Celebi
|-heal|p2a: Celebi|404/404
|
|-start|p1a: Golden Shower|perish2
|-start|p2a: Celebi|perish2
|-heal|p1a: Golden Shower|317/364|[from] item: Leftovers
|turn|13
|
|switch|p1a: PUSSAY magnet|Magnezone|282/282
|move|p2a: Celebi|Recover|p2a: Celebi
|-fail|p2a: Celebi
|
|-start|p2a: Celebi|perish1
|turn|14
|
|switch|p2a: Salamence|Salamence, F|331/331
|-damage|p2a: Salamence|249/331|[from] Stealth Rock
|move|p1a: PUSSAY magnet|Substitute|p1a: PUSSAY magnet
|-start|p1a: PUSSAY magnet|Substitute
|-damage|p1a: PUSSAY magnet|212/282
|
|-heal|p2a: Salamence|269/331|[from] item: Leftovers
|-heal|p1a: PUSSAY magnet|229/282|[from] item: Leftovers
|turn|15
|
|move|p2a: Salamence|Fire Blast|p1a: PUSSAY magnet
|-supereffective|p1a: PUSSAY magnet
|-end|p1a: PUSSAY magnet|Substitute
|move|p1a: PUSSAY magnet|Thunderbolt|p2a: Salamence
|-damage|p2a: Salamence|52/331
|
|-heal|p2a: Salamence|72/331|[from] item: Leftovers
|-heal|p1a: PUSSAY magnet|246/282|[from] item: Leftovers
|turn|16
|
|switch|p1a: Laundry Day|Rotom-Wash|241/241
|move|p2a: Salamence|Dragon Dance|p2a: Salamence
|-boost|p2a: Salamence|atk|1
|-boost|p2a: Salamence|spe|1
|
|-heal|p2a: Salamence|92/331|[from] item: Leftovers
|turn|17
|
|move|p2a: Salamence|Dragon Claw|p1a: Laundry Day
|-damage|p1a: Laundry Day|42/241
|move|p1a: Laundry Day|Volt Switch|p2a: Salamence
|-damage|p2a: Salamence|0 fnt
|faint|p2a: Salamence
|
|switch|p1a: Golden Shower|Latias, F, shiny|317/364
|
|-heal|p1a: Golden Shower|339/364|[from] item: Leftovers
|
|switch|p2a: Celebi|Celebi|404/404
|-damage|p2a: Celebi|354/404|[from] Stealth Rock
|turn|18
|
|move|p1a: Golden Shower|Calm Mind|p1a: Golden Shower
|-boost|p1a: Golden Shower|spa|1
|-boost|p1a: Golden Shower|spd|1
|move|p2a: Celebi|Perish Song|p2a: Celebi
|-fieldactivate|move: Perish Song
|
|-start|p1a: Golden Shower|perish3
|-start|p2a: Celebi|perish3
|-heal|p1a: Golden Shower|361/364|[from] item: Leftovers
|-heal|p2a: Celebi|379/404|[from] item: Leftovers
|turn|19
|
|move|p1a: Golden Shower|Dragon Pulse|p2a: Celebi
|-damage|p2a: Celebi|259/404
|move|p2a: Celebi|Giga Drain|p1a: Golden Shower
|-resisted|p1a: Golden Shower
|-damage|p1a: Golden Shower|335/364
|-heal|p2a: Celebi|272/404|[from] drain|[of] p1a: Golden Shower
|
|-start|p1a: Golden Shower|perish2
|-start|p2a: Celebi|perish2
|-heal|p1a: Golden Shower|357/364|[from] item: Leftovers
|-heal|p2a: Celebi|297/404|[from] item: Leftovers
|turn|20
|
|switch|p1a: PUSSAY magnet|Magnezone|246/282
|move|p2a: Celebi|Recover|p2a: Celebi
|-heal|p2a: Celebi|404/404
|
|-start|p2a: Celebi|perish1
|-heal|p1a: PUSSAY magnet|263/282|[from] item: Leftovers
|turn|21
|
|switch|p2a: Scizor|Scizor, M|281/281
|-damage|p2a: Scizor|246/281|[from] Stealth Rock
|move|p1a: PUSSAY magnet|Substitute|p1a: PUSSAY magnet
|-start|p1a: PUSSAY magnet|Substitute
|-damage|p1a: PUSSAY magnet|193/282
|
|-heal|p1a: PUSSAY magnet|210/282|[from] item: Leftovers
|turn|22
|
|move|p1a: PUSSAY magnet|Hidden Power|p2a: Scizor
|-supereffective|p2a: Scizor
|-damage|p2a: Scizor|0 fnt
|faint|p2a: Scizor
|
|-heal|p1a: PUSSAY magnet|227/282|[from] item: Leftovers
|chat|ahobowithanoboe|gg
|
|switch|p2a: Celebi|Celebi|404/404
|-damage|p2a: Celebi|354/404|[from] Stealth Rock
|turn|23
|
|move|p2a: Celebi|Perish Song|p2a: Celebi
|-fieldactivate|move: Perish Song
|move|p1a: PUSSAY magnet|Hidden Power|p2a: Celebi
|-supereffective|p2a: Celebi
|-damage|p2a: Celebi|242/404
|
|-start|p2a: Celebi|perish3
|-start|p1a: PUSSAY magnet|perish3
|-heal|p2a: Celebi|267/404|[from] item: Leftovers
|-heal|p1a: PUSSAY magnet|244/282|[from] item: Leftovers
|turn|24
|
|switch|p1a: Laundry Day|Rotom-Wash|42/241
|move|p2a: Celebi|Recover|p2a: Celebi
|-heal|p2a: Celebi|404/404
|
|-start|p2a: Celebi|perish2
|turn|25
|
|move|p1a: Laundry Day|Trick|p2a: Celebi
|-activate|p1a: Laundry Day|move: Trick|[of] p2a: Celebi
|-item|p2a: Celebi|Choice Scarf|[from] move: Trick
|-item|p1a: Laundry Day|Leftovers|[from] move: Trick
|move|p2a: Celebi|Giga Drain|p1a: Laundry Day
|-supereffective|p1a: Laundry Day
|-damage|p1a: Laundry Day|0 fnt
|faint|p1a: Laundry Day
|
|-start|p2a: Celebi|perish1
|
|switch|p1a: PUSSAY magnet|Magnezone|244/282
|turn|26
|chat|ahobowithanoboe|gg
|
|switch|p2a: Skarmory|Skarmory, M|327/327
|-damage|p2a: Skarmory|287/327|[from] Stealth Rock
|move|p1a: PUSSAY magnet|Substitute|p1a: PUSSAY magnet
|-start|p1a: PUSSAY magnet|Substitute
|-damage|p1a: PUSSAY magnet|174/282
|
|-heal|p1a: PUSSAY magnet|191/282|[from] item: Leftovers
|-heal|p2a: Skarmory|307/327|[from] item: Leftovers
|turn|27
|
|move|p1a: PUSSAY magnet|Thunderbolt|p2a: Skarmory
|-supereffective|p2a: Skarmory
|-damage|p2a: Skarmory|0 fnt
|faint|p2a: Skarmory
|
|-heal|p1a: PUSSAY magnet|208/282|[from] item: Leftovers
|
|switch|p2a: Celebi|Celebi|404/404
|-damage|p2a: Celebi|354/404|[from] Stealth Rock
|turn|28
|
|move|p2a: Celebi|Giga Drain|p1a: PUSSAY magnet
|-resisted|p1a: PUSSAY magnet
|-activate|p1a: PUSSAY magnet|Substitute|[damage]
|-heal|p2a: Celebi|379/404|[from] drain|[of] p1a: PUSSAY magnet
|move|p1a: PUSSAY magnet|Hidden Power|p2a: Celebi
|-supereffective|p2a: Celebi
|-damage|p2a: Celebi|259/404
|
|-heal|p1a: PUSSAY magnet|225/282|[from] item: Leftovers
|turn|29
|
|move|p2a: Celebi|Giga Drain|p1a: PUSSAY magnet
|-resisted|p1a: PUSSAY magnet
|-end|p1a: PUSSAY magnet|Substitute
|-heal|p2a: Celebi|269/404|[from] drain|[of] p1a: PUSSAY magnet
|move|p1a: PUSSAY magnet|Hidden Power|p2a: Celebi
|-supereffective|p2a: Celebi
|-damage|p2a: Celebi|155/404
|
|-heal|p1a: PUSSAY magnet|242/282|[from] item: Leftovers
|turn|30
|
|move|p2a: Celebi|Giga Drain|p1a: PUSSAY magnet
|-resisted|p1a: PUSSAY magnet
|-damage|p1a: PUSSAY magnet|191/282
|-heal|p2a: Celebi|181/404|[from] drain|[of] p1a: PUSSAY magnet
|move|p1a: PUSSAY magnet|Hidden Power|p2a: Celebi
|-supereffective|p2a: Celebi
|-damage|p2a: Celebi|69/404
|
|-heal|p1a: PUSSAY magnet|208/282|[from] item: Leftovers
|turn|31
|
|move|p2a: Celebi|Giga Drain|p1a: PUSSAY magnet
|-resisted|p1a: PUSSAY magnet
|-damage|p1a: PUSSAY magnet|159/282
|-heal|p2a: Celebi|94/404|[from] drain|[of] p1a: PUSSAY magnet
|move|p1a: PUSSAY magnet|Hidden Power|p2a: Celebi
|-supereffective|p2a: Celebi
|-damage|p2a: Celebi|0 fnt
|faint|p2a: Celebi
|
|win|ahobowithanoboe
|raw|Ladder updating...
|raw|ahobowithanoboe's rating: 1310 &rarr; <strong>1331</strong><br />(+21 for winning)
|raw|roundwon's rating: 1336 &rarr; <strong>1314</strong><br />(-22 for losing)