|j|☆Giovanna G
|j|☆Pandas Are Cute
|player|p1|Giovanna G|erika|1463
|player|p2|Pandas Are Cute|170|1371
|teamsize|p1|6
|teamsize|p2|6
|gametype|singles
|gen|5
|tier|[Gen 5] OU
|rated|
|clearpoke
|poke|p1|Skarmory, M|item
|poke|p1|Volcarona, M|item
|poke|p1|Excadrill, F|item
|poke|p1|Gengar, M|item
|poke|p1|Breloom, M|item
|poke|p1|Reuniclus, F|item
|poke|p2|Garchomp, F|item
|poke|p2|Rotom-Wash|item
|poke|p2|Heatran, F|item
|poke|p2|Ferrothorn, M|item
|poke|p2|Landorus-Therian, M|item
|poke|p2|Latios, M|item
|rule|Species Clause: Limit one of each Pokémon
|rule|OHKO Clause: OHKO moves are banned
|rule|Moody Clause: Moody is banned
|rule|Evasion Moves Clause: Evasion moves are banned
|rule|Endless Battle Clause: Forcing endless battles is banned
|rule|HP Percentage Mod: HP is shown in percentages
|rule|Evasion Abilities Clause: Evasion abilities are banned
|rule|Baton Pass Clause: Limit one Baton Passer, can't pass Spe and other stats simultaneously
|rule|Sleep Clause: Sleep-inducing moves are banned
|rule|Swagger Clause: Swagger is banned
|teampreview
|inactive|Battle timer is ON: inactive players will automatically lose when time's up. (requested by Pandas Are Cute)
|
|start
|switch|p1a: Skarmory|Skarmory, M|100/100
|switch|p2a: Heatran|Heatran, F, shiny|100/100
|turn|1
|
|move|p1a: Skarmory|Stealth Rock|p2a: Heatran
|-sidestart|p2: Pandas Are Cute|move: Stealth Rock
|move|p2a: Heatran|Lava Plume|p1a: Skarmory
|-supereffective|p1a: Skarmory
|-damage|p1a: Skarmory|2/100
|
|upkeep
|turn|2
|-enditem|p1a: Skarmory|Custap Berry|[eat]
|-activate|p1a: Skarmory|item: Custap Berry|[consumed]
|
|move|p1a: Skarmory|Spikes|p2a: Heatran
|-sidestart|p2: Pandas Are Cute|Spikes
|move|p2a: Heatran|Stealth Rock|p1a: Skarmory
|-sidestart|p1: Giovanna G|move: Stealth Rock
|
|upkeep
|turn|3
|
|move|p1a: Skarmory|Taunt|p2a: Heatran
|-start|p2a: Heatran|move: Taunt
|move|p2a: Heatran|Lava Plume|p1a: Skarmory
|-supereffective|p1a: Skarmory
|-damage|p1a: Skarmory|0 fnt
|faint|p1a: Skarmory
|
|upkeep
|
|switch|p1a: Reuniclus|Reuniclus, F|100/100
|turn|4
|
|switch|p2a: Latios|Latios, M|100/100
|-damage|p2a: Latios|88/100|[from] Stealth Rock
|move|p1a: Reuniclus|Trick Room|p1a: Reuniclus
|-fieldstart|move: Trick Room|[of] p1a: Reuniclus
|
|upkeep
|turn|5
|
|move|p1a: Reuniclus|Shadow Ball|p2a: Latios
|-supereffective|p2a: Latios
|-damage|p2a: Latios|6/100
|move|p2a: Latios|Draco Meteor|p1a: Reuniclus
|-damage|p1a: Reuniclus|6/100
|-unboost|p2a: Latios|spa|2
|
|upkeep
|turn|6
|
|move|p1a: Reuniclus|Shadow Ball|p2a: Latios
|-supereffective|p2a: Latios
|-damage|p2a: Latios|0 fnt
|faint|p2a: Latios
|
|upkeep
|
|switch|p2a: Heatran|Heatran, F, shiny|100/100
|-damage|p2a: Heatran|88/100|[from] Spikes
|-damage|p2a: Heatran|76/100|[from] Stealth Rock
|turn|7
|
|move|p1a: Reuniclus|Focus Blast|p2a: Heatran
|-supereffective|p2a: Heatran
|-damage|p2a: Heatran|0 fnt
|faint|p2a: Heatran
|
|upkeep
|c|☆Pandas Are Cute|that shouldn't kill LOL
|c|☆Pandas Are Cute|rip roll
|
|switch|p2a: Landorus|Landorus-Therian, M|100/100
|-damage|p2a: Landorus|88/100|[from] Stealth Rock
|-ability|p2a: Landorus|Intimidate|boost
|-unboost|p1a: Reuniclus|atk|1
|turn|8
|
|move|p1a: Reuniclus|Psychic|p2a: Landorus
|-damage|p2a: Landorus|19/100
|move|p2a: Landorus|U-turn|p1a: Reuniclus
|-supereffective|p1a: Reuniclus
|-damage|p1a: Reuniclus|0 fnt
|faint|p1a: Reuniclus
|
|switch|p2a: Garchomp|Garchomp, F|100/100|[from]move: U-turn
|-damage|p2a: Garchomp|94/100|[from] Stealth Rock
|-damage|p2a: Garchomp|82/100|[from] Spikes
|
|-fieldend|move: Trick Room
|upkeep
|
|switch|p1a: Excadrill|Excadrill, F|100/100
|-damage|p1a: Excadrill|97/100|[from] Stealth Rock
|-ability|p1a: Excadrill|Mold Breaker
|turn|9
|
|move|p2a: Garchomp|Earthquake|p1a: Excadrill
|-supereffective|p1a: Excadrill
|-crit|p1a: Excadrill
|-damage|p1a: Excadrill|0 fnt
|faint|p1a: Excadrill
|
|upkeep
|
|switch|p1a: Gengar|Gengar, M|100/100
|-damage|p1a: Gengar|88/100|[from] Stealth Rock
|turn|10
|
|switch|p2a: Ferrothorn|Ferrothorn, M|100/100
|-damage|p2a: Ferrothorn|88/100|[from] Spikes
|-damage|p2a: Ferrothorn|82/100|[from] Stealth Rock
|move|p1a: Gengar|Substitute|p1a: Gengar
|-start|p1a: Gengar|Substitute
|-damage|p1a: Gengar|63/100
|
|-heal|p1a: Gengar|70/100|[from] item: Black Sludge
|-heal|p2a: Ferrothorn|88/100|[from] item: Leftovers
|upkeep
|turn|11
|
|move|p1a: Gengar|Focus Blast|p2a: Ferrothorn|[miss]
|-miss|p1a: Gengar|p2a: Ferrothorn
|move|p2a: Ferrothorn|Gyro Ball|p1a: Gengar
|-crit|p1a: Gengar
|-end|p1a: Gengar|Substitute
|
|-heal|p1a: Gengar|76/100|[from] item: Black Sludge
|-heal|p2a: Ferrothorn|94/100|[from] item: Leftovers
|upkeep
|turn|12
|
|move|p1a: Gengar|Focus Blast|p2a: Ferrothorn
|-supereffective|p2a: Ferrothorn
|-crit|p2a: Ferrothorn
|-damage|p2a: Ferrothorn|0 fnt
|faint|p2a: Ferrothorn
|
|-heal|p1a: Gengar|82/100|[from] item: Black Sludge
|upkeep
|c|☆Pandas Are Cute|ofc
|
|switch|p2a: Garchomp|Garchomp, F|82/100
|-damage|p2a: Garchomp|76/100|[from] Stealth Rock
|-damage|p2a: Garchomp|64/100|[from] Spikes
|turn|13
|
|switch|p1a: Volcarona|Volcarona, M|100/100
|-damage|p1a: Volcarona|50/100|[from] Stealth Rock
|-enditem|p1a: Volcarona|Sitrus Berry|[eat]
|-heal|p1a: Volcarona|75/100|[from] item: Sitrus Berry
|move|p2a: Garchomp|Outrage|p1a: Volcarona
|-damage|p1a: Volcarona|0 fnt
|faint|p1a: Volcarona
|
|upkeep
|
|switch|p1a: Breloom|Breloom, M|100/100
|-damage|p1a: Breloom|94/100|[from] Stealth Rock
|turn|14
|
|move|p1a: Breloom|Mach Punch|p2a: Garchomp
|-enditem|p1a: Breloom|Fighting Gem|[from] gem
|-damage|p2a: Garchomp|9/100
|-damage|p1a: Breloom|82/100|[from] ability: Rough Skin|[of] p2a: Garchomp
|move|p2a: Garchomp|Outrage|p1a: Breloom|[from]lockedmove
|-damage|p1a: Breloom|0 fnt
|faint|p1a: Breloom
|
|upkeep
|c|☆Pandas Are Cute|gg ez
|-message|Giovanna G forfeited.
|
|win|Pandas Are Cute
|l|☆Giovanna G
|c|☆Pandas Are Cute|even w/ hax
|raw|Giovanna G's rating: 1464 &rarr; <strong>1439</strong><br />(-25 for losing)
|raw|Pandas Are Cute's rating: 1372 &rarr; <strong>1397</strong><br />(+25 for winning)
