|join|Melablugiallorossa
|join|chimps
|player|p1|Melablugiallorossa|283
|player|p2|chimps|262
|gametype|singles
|gen|5
|tier|[Gen 5] OU
|rated
|rule|Evasion Abilities Clause: Evasion abilities are banned
|clearpoke
|poke|p1|Scizor, F
|poke|p1|Garchomp, F
|poke|p1|Latios, M
|poke|p1|Tyranitar, M
|poke|p1|Landorus-Therian, M
|poke|p1|Keldeo
|poke|p2|Politoed, M
|poke|p2|Ferrothorn, M
|poke|p2|Starmie
|poke|p2|Toxicroak, M
|poke|p2|Vaporeon, F
|poke|p2|Azumarill, F
|rule|Sleep Clause Mod: Limit one foe put to sleep
|rule|Species Clause: Limit one of each Pokemon
|rule|OHKO Clause: OHKO moves are banned
|rule|Moody Clause: Moody is banned
|rule|Evasion Moves Clause: Evasion moves are banned
|rule|Endless Battle Clause: Forcing endless battles is banned
|rule|HP Percentage Mod: HP is reported as percentages
|teampreview
|
|start
|switch|p1a: Latios|Latios, M|301/301
|switch|p2a: Politoed|Politoed, M|384/384
|-weather|RainDance|[from] ability: Drizzle|[of] p2a: Politoed
|turn|1
|
|switch|p2a: Ferrothorn|Ferrothorn, M|352/352
|move|p1a: Latios|Draco Meteor|p2a: Ferrothorn|[miss]
|-miss|p1a: Latios|p2a: Ferrothorn
|
|-weather|RainDance|[upkeep]
|turn|2
|
|switch|p1a: Landorus-Therian|Landorus-Therian, M|381/381
|-ability|p1a: Landorus-Therian|Intimidate|[of] p2a: Ferrothorn
|-unboost|p2a: Ferrothorn|atk|1
|move|p2a: Ferrothorn|Stealth Rock|p1a: Landorus-Therian
|-sidestart|p1: Melablugiallorossa|move: Stealth Rock
|
|-weather|RainDance|[upkeep]
|turn|3
|
|move|p1a: Landorus-Therian|Stealth Rock|p2a: Ferrothorn
|-sidestart|p2: chimps|move: Stealth Rock
|move|p2a: Ferrothorn|Leech Seed|p1a: Landorus-Therian
|-start|p1a: Landorus-Therian|move: Leech Seed
|
|-weather|RainDance|[upkeep]
|-damage|p1a: Landorus-Therian|334/381|[from] Leech Seed|[of] p2a: Ferrothorn
|turn|4
|
|switch|p1a: Tyranitar|Tyranitar, M|404/404
|-damage|p1a: Tyranitar|354/404|[from] Stealth Rock
|-weather|Sandstorm|[from] ability: Sand Stream|[of] p1a: Tyranitar
|move|p2a: Ferrothorn|Leech Seed|p1a: Tyranitar
|-start|p1a: Tyranitar|move: Leech Seed
|
|-weather|Sandstorm|[upkeep]
|-heal|p1a: Tyranitar|379/404|[from] item: Leftovers
|-damage|p1a: Tyranitar|329/404|[from] Leech Seed|[of] p2a: Ferrothorn
|turn|5
|
|switch|p2a: Politoed|Politoed, M|384/384
|-damage|p2a: Politoed|336/384|[from] Stealth Rock
|-weather|RainDance|[from] ability: Drizzle|[of] p2a: Politoed
|move|p1a: Tyranitar|Fire Blast|p2a: Politoed
|-resisted|p2a: Politoed
|-damage|p2a: Politoed|313/384
|
|-weather|RainDance|[upkeep]
|-heal|p1a: Tyranitar|354/404|[from] item: Leftovers
|-damage|p1a: Tyranitar|304/404|[from] Leech Seed|[of] p2a: Politoed
|-heal|p2a: Politoed|363/384|[silent]
|turn|6
|
|switch|p1a: Latios|Latios, M|301/301
|-damage|p1a: Latios|264/301|[from] Stealth Rock
|move|p2a: Politoed|Hydro Pump|p1a: Latios
|-crit|p1a: Latios
|-resisted|p1a: Latios
|-damage|p1a: Latios|4/301
|
|-weather|RainDance|[upkeep]
|turn|7
|chat|Melablugiallorossa|hax
|
|switch|p2a: Vaporeon|Vaporeon, F|464/464
|-damage|p2a: Vaporeon|406/464|[from] Stealth Rock
|move|p1a: Latios|Draco Meteor|p2a: Vaporeon
|-damage|p2a: Vaporeon|130/464
|-unboost|p1a: Latios|spa|2
|
|-weather|RainDance|[upkeep]
|-heal|p2a: Vaporeon|159/464|[from] item: Leftovers
|turn|8
|
|move|p1a: Latios|Draco Meteor|p2a: Vaporeon
|-damage|p2a: Vaporeon|23/464
|-unboost|p1a: Latios|spa|2
|move|p2a: Vaporeon|Rest|p2a: Vaporeon
|-status|p2a: Vaporeon|slp
|-heal|p2a: Vaporeon|464/464 slp|[silent]
|-status|p2a: Vaporeon|slp|[from] move: Rest
|
|-weather|RainDance|[upkeep]
|-curestatus|p2a: Vaporeon|slp
|turn|9
|
|move|p1a: Latios|Draco Meteor|p2a: Vaporeon
|-damage|p2a: Vaporeon|376/464
|-unboost|p1a: Latios|spa|2
|move|p2a: Vaporeon|Toxic|p1a: Latios
|-status|p1a: Latios|tox
|
|-weather|RainDance|[upkeep]
|-heal|p2a: Vaporeon|405/464|[from] item: Leftovers
|-damage|p1a: Latios|0 fnt|[from] psn
|faint|p1a: Latios
|
|switch|p1a: Keldeo|Keldeo|323/323
|-damage|p1a: Keldeo|303/323|[from] Stealth Rock
|turn|10
|join|MauveStorm
|
|move|p1a: Keldeo|Substitute|p1a: Keldeo
|-start|p1a: Keldeo|Substitute
|-damage|p1a: Keldeo|223/323
|move|p2a: Vaporeon|Toxic|p1a: Keldeo
|
|-weather|RainDance|[upkeep]
|-heal|p1a: Keldeo|243/323|[from] item: Leftovers
|-heal|p2a: Vaporeon|434/464|[from] item: Leftovers
|turn|11
|
|move|p1a: Keldeo|Secret Sword|p2a: Vaporeon
|-crit|p2a: Vaporeon
|-damage|p2a: Vaporeon|11/464
|move|p2a: Vaporeon|Roar|p1a: Keldeo
|drag|p1a: Landorus-Therian|Landorus-Therian, M|334/381
|-damage|p1a: Landorus-Therian|287/381|[from] Stealth Rock
|-ability|p1a: Landorus-Therian|Intimidate|[of] p2a: Vaporeon
|-unboost|p2a: Vaporeon|atk|1
|
|-weather|RainDance|[upkeep]
|-heal|p1a: Landorus-Therian|310/381|[from] item: Leftovers
|-heal|p2a: Vaporeon|40/464|[from] item: Leftovers
|turn|12
|
|switch|p1a: Tyranitar|Tyranitar, M|304/404
|-damage|p1a: Tyranitar|254/404|[from] Stealth Rock
|-weather|Sandstorm|[from] ability: Sand Stream|[of] p1a: Tyranitar
|switch|p2a: Ferrothorn|Ferrothorn, M|352/352
|-damage|p2a: Ferrothorn|330/352|[from] Stealth Rock
|
|-weather|Sandstorm|[upkeep]
|-heal|p1a: Tyranitar|279/404|[from] item: Leftovers
|-heal|p2a: Ferrothorn|352/352|[from] item: Leftovers
|turn|13
|
|switch|p2a: Politoed|Politoed, M|363/384
|-damage|p2a: Politoed|315/384|[from] Stealth Rock
|-weather|RainDance|[from] ability: Drizzle|[of] p2a: Politoed
|move|p1a: Tyranitar|Fire Blast|p2a: Politoed
|-resisted|p2a: Politoed
|-damage|p2a: Politoed|293/384
|-status|p2a: Politoed|brn
|
|-weather|RainDance|[upkeep]
|-heal|p1a: Tyranitar|304/404|[from] item: Leftovers
|-damage|p2a: Politoed|245/384 brn|[from] brn
|turn|14
|
|switch|p2a: Starmie|Starmie|261/261
|-damage|p2a: Starmie|229/261|[from] Stealth Rock
|switch|p1a: Keldeo|Keldeo|243/323
|-damage|p1a: Keldeo|223/323|[from] Stealth Rock
|
|-weather|RainDance|[upkeep]
|-heal|p2a: Starmie|245/261|[from] item: Leftovers
|-heal|p1a: Keldeo|243/323|[from] item: Leftovers
|turn|15
|
|move|p2a: Starmie|Psychic|p1a: Keldeo
|-supereffective|p1a: Keldeo
|-damage|p1a: Keldeo|0 fnt
|faint|p1a: Keldeo
|
|-weather|RainDance|[upkeep]
|-heal|p2a: Starmie|261/261|[from] item: Leftovers
|
|switch|p1a: Scizor|Scizor, F|344/344
|-damage|p1a: Scizor|301/344|[from] Stealth Rock
|turn|16
|
|move|p2a: Starmie|Scald|p1a: Scizor
|-damage|p1a: Scizor|87/344
|-status|p1a: Scizor|brn
|move|p1a: Scizor|Pursuit|p2a: Starmie
|-supereffective|p2a: Starmie
|-damage|p2a: Starmie|137/261
|
|-weather|RainDance|[upkeep]
|-heal|p2a: Starmie|153/261|[from] item: Leftovers
|-damage|p1a: Scizor|44/344 brn|[from] brn
|turn|17
|
|move|p2a: Starmie|Scald|p1a: Scizor
|-damage|p1a: Scizor|0 fnt
|faint|p1a: Scizor
|
|-weather|RainDance|[upkeep]
|-heal|p2a: Starmie|169/261|[from] item: Leftovers
|
|switch|p1a: Tyranitar|Tyranitar, M|304/404
|-damage|p1a: Tyranitar|254/404|[from] Stealth Rock
|-weather|Sandstorm|[from] ability: Sand Stream|[of] p1a: Tyranitar
|turn|18
|
|move|p1a: Tyranitar|Pursuit|p2a: Starmie|[from]Pursuit
|-supereffective|p2a: Starmie
|-damage|p2a: Starmie|0 fnt
|faint|p2a: Starmie
|
|-weather|Sandstorm|[upkeep]
|-heal|p1a: Tyranitar|279/404|[from] item: Leftovers
|
|switch|p2a: Politoed|Politoed, M|245/384 brn
|-damage|p2a: Politoed|197/384 brn|[from] Stealth Rock
|-weather|RainDance|[from] ability: Drizzle|[of] p2a: Politoed
|turn|19
|
|switch|p1a: Landorus-Therian|Landorus-Therian, M|310/381
|-damage|p1a: Landorus-Therian|263/381|[from] Stealth Rock
|-ability|p1a: Landorus-Therian|Intimidate|[of] p2a: Politoed
|-unboost|p2a: Politoed|atk|1
|move|p2a: Politoed|Endeavor|p1a: Landorus-Therian
|-damage|p1a: Landorus-Therian|197/381
|
|-weather|RainDance|[upkeep]
|-heal|p1a: Landorus-Therian|220/381|[from] item: Leftovers
|-damage|p2a: Politoed|149/384 brn|[from] brn
|turn|20
|
|switch|p2a: Vaporeon|Vaporeon, F|40/464
|-damage|p2a: Vaporeon|0 fnt|[from] Stealth Rock
|faint|p2a: Vaporeon
|move|p1a: Landorus-Therian|Earthquake|p2: Vaporeon|[notarget]
|-notarget
|
|-weather|RainDance|[upkeep]
|-heal|p1a: Landorus-Therian|243/381|[from] item: Leftovers
|
|switch|p2a: Azumarill|Azumarill, F|404/404
|-damage|p2a: Azumarill|354/404|[from] Stealth Rock
|turn|21
|
|switch|p1a: Tyranitar|Tyranitar, M|279/404
|-damage|p1a: Tyranitar|229/404|[from] Stealth Rock
|-weather|Sandstorm|[from] ability: Sand Stream|[of] p1a: Tyranitar
|move|p2a: Azumarill|Aqua Jet|p1a: Tyranitar
|-supereffective|p1a: Tyranitar
|-damage|p1a: Tyranitar|55/404
|
|-weather|Sandstorm|[upkeep]
|-damage|p2a: Azumarill|329/404|[from] sandstorm
|-heal|p1a: Tyranitar|80/404|[from] item: Leftovers
|-heal|p2a: Azumarill|354/404|[from] item: Leftovers
|turn|22
|
|move|p2a: Azumarill|Aqua Jet|p1a: Tyranitar
|-supereffective|p1a: Tyranitar
|-damage|p1a: Tyranitar|0 fnt
|faint|p1a: Tyranitar
|
|-weather|Sandstorm|[upkeep]
|-damage|p2a: Azumarill|329/404|[from] sandstorm
|-heal|p2a: Azumarill|354/404|[from] item: Leftovers
|
|switch|p1a: Garchomp|Garchomp, F|358/358
|-damage|p1a: Garchomp|336/358|[from] Stealth Rock
|turn|23
|
|switch|p2a: Politoed|Politoed, M|149/384 brn
|-damage|p2a: Politoed|101/384 brn|[from] Stealth Rock
|-weather|RainDance|[from] ability: Drizzle|[of] p2a: Politoed
|move|p1a: Garchomp|Earthquake|p2a: Politoed
|-damage|p2a: Politoed|0 fnt
|faint|p2a: Politoed
|
|-weather|RainDance|[upkeep]
|
|switch|p2a: Ferrothorn|Ferrothorn, M|352/352
|-damage|p2a: Ferrothorn|330/352|[from] Stealth Rock
|turn|24
|
|move|p1a: Garchomp|Earthquake|p2a: Ferrothorn
|-damage|p2a: Ferrothorn|206/352
|move|p2a: Ferrothorn|Leech Seed|p1a: Garchomp|[miss]
|-miss|p2a: Ferrothorn|p1a: Garchomp
|
|-weather|RainDance|[upkeep]
|-heal|p2a: Ferrothorn|228/352|[from] item: Leftovers
|turn|25
|
|move|p1a: Garchomp|Earthquake|p2a: Ferrothorn
|-damage|p2a: Ferrothorn|107/352
|move|p2a: Ferrothorn|Leech Seed|p1a: Garchomp
|-start|p1a: Garchomp|move: Leech Seed
|
|-weather|RainDance|[upkeep]
|-heal|p2a: Ferrothorn|129/352|[from] item: Leftovers
|-damage|p1a: Garchomp|292/358|[from] Leech Seed|[of] p2a: Ferrothorn
|-heal|p2a: Ferrothorn|173/352|[silent]
|turn|26
|
|switch|p1a: Landorus-Therian|Landorus-Therian, M|243/381
|-damage|p1a: Landorus-Therian|196/381|[from] Stealth Rock
|-ability|p1a: Landorus-Therian|Intimidate|[of] p2a: Ferrothorn
|-unboost|p2a: Ferrothorn|atk|1
|move|p2a: Ferrothorn|Gyro Ball|p1a: Landorus-Therian
|-crit|p1a: Landorus-Therian
|-damage|p1a: Landorus-Therian|0 fnt
|faint|p1a: Landorus-Therian
|
|-weather|RainDance|[upkeep]
|-heal|p2a: Ferrothorn|195/352|[from] item: Leftovers
|chat|chimps|gg
|
|switch|p1a: Garchomp|Garchomp, F|292/358
|-damage|p1a: Garchomp|270/358|[from] Stealth Rock
|turn|27
|
|move|p1a: Garchomp|Earthquake|p2a: Ferrothorn
|-damage|p2a: Ferrothorn|63/352
|move|p2a: Ferrothorn|Leech Seed|p1a: Garchomp
|-start|p1a: Garchomp|move: Leech Seed
|
|-weather|RainDance|[upkeep]
|-heal|p2a: Ferrothorn|85/352|[from] item: Leftovers
|-damage|p1a: Garchomp|226/358|[from] Leech Seed|[of] p2a: Ferrothorn
|-heal|p2a: Ferrothorn|129/352|[silent]
|turn|28
|
|move|p1a: Garchomp|Earthquake|p2a: Ferrothorn
|-damage|p2a: Ferrothorn|14/352
|move|p2a: Ferrothorn|Gyro Ball|p1a: Garchomp
|-damage|p1a: Garchomp|102/358
|-damage|p2a: Ferrothorn|0 fnt|[from] ability: Rough Skin|[of] p1a: Garchomp
|faint|p2a: Ferrothorn
|
|-weather|RainDance|[upkeep]
|
|switch|p2a: Azumarill|Azumarill, F|354/404
|-damage|p2a: Azumarill|304/404|[from] Stealth Rock
|turn|29
|
|move|p2a: Azumarill|Aqua Jet|p1a: Garchomp
|-damage|p1a: Garchomp|0 fnt
|-damage|p2a: Azumarill|254/404|[from] ability: Rough Skin|[of] p1a: Garchomp
|faint|p1a: Garchomp
|
|win|chimps
|raw|Ladder updating...
|raw|Melablugiallorossa's rating: 1376 &rarr; <strong>1352</strong><br />(-24 for losing)
|raw|chimps's rating: 1295 &rarr; <strong>1325</strong><br />(+30 for winning)
|chat|chimps|g
|chat|chimps|g
|leave|Melablugiallorossa
|player|p1