|join|Chellison
|join|dtw
|player|p1|Chellison|240
|player|p2|dtw|170
|gametype|singles
|gen|5
|tier|[Gen 5] OU
|rated
|rule|Evasion Abilities Clause: Evasion abilities are banned
|clearpoke
|poke|p1|Hippowdon, M
|poke|p1|Forretress, F
|poke|p1|Jellicent, M
|poke|p1|Roserade, F
|poke|p1|Jirachi
|poke|p1|Gliscor, M
|poke|p2|Scrafty, F
|poke|p2|Reuniclus, F
|poke|p2|Staraptor, M
|poke|p2|Gengar, F
|poke|p2|Skarmory, M
|poke|p2|Gyarados, F
|rule|Sleep Clause Mod: Limit one foe put to sleep
|rule|Species Clause: Limit one of each Pokemon
|rule|OHKO Clause: OHKO moves are banned
|rule|Moody Clause: Moody is banned
|rule|Evasion Moves Clause: Evasion moves are banned
|rule|Endless Battle Clause: Forcing endless battles is banned.
|rule|HP Percentage Mod: HP is reported as percentages
|teampreview
|
|start
|switch|p1a: Hippowdon|Hippowdon, M|420/420
|switch|p2a: Skarmory|Skarmory, M|334/334
|-weather|Sandstorm|[from] ability: Sand Stream|[of] p1a: Hippowdon
|turn|1
|
|move|p2a: Skarmory|Stealth Rock|p1a: Hippowdon
|-sidestart|p1: Chellison|move: Stealth Rock
|move|p1a: Hippowdon|Stealth Rock|p2a: Skarmory
|-sidestart|p2: dtw|move: Stealth Rock
|
|-weather|Sandstorm|[upkeep]
|turn|2
|
|switch|p1a: Forretress|Forretress, F|353/353
|-damage|p1a: Forretress|309/353|[from] Stealth Rock
|move|p2a: Skarmory|Whirlwind|p1a: Forretress
|drag|p1a: Jirachi|Jirachi|361/361
|-damage|p1a: Jirachi|339/361|[from] Stealth Rock
|
|-weather|Sandstorm|[upkeep]
|turn|3
|
|move|p1a: Jirachi|U-turn|p2a: Skarmory
|-resisted|p2a: Skarmory
|-damage|p2a: Skarmory|324/334
|-enditem|p2a: Skarmory|Red Card|[of] p1a: Jirachi
|drag|p1a: Forretress|Forretress, F|309/353
|-damage|p1a: Forretress|265/353|[from] Stealth Rock
|move|p2a: Skarmory|Whirlwind|p1a: Forretress
|drag|p1a: Gliscor|Gliscor, M|297/297
|-damage|p1a: Gliscor|260/297|[from] Stealth Rock
|
|-weather|Sandstorm|[upkeep]
|-status|p1a: Gliscor|tox|[from] item: Toxic Orb
|turn|4
|
|move|p1a: Gliscor|Swords Dance|p1a: Gliscor
|-boost|p1a: Gliscor|atk|2
|move|p2a: Skarmory|Roost|p2a: Skarmory
|-heal|p2a: Skarmory|334/334
|
|-weather|Sandstorm|[upkeep]
|-heal|p1a: Gliscor|297/297 tox|[from] ability: Poison Heal
|turn|5
|
|move|p1a: Gliscor|Acrobatics|p2a: Skarmory
|-resisted|p2a: Skarmory
|-damage|p2a: Skarmory|289/334
|move|p2a: Skarmory|Whirlwind|p1a: Gliscor
|drag|p1a: Jellicent|Jellicent, M|403/403
|-damage|p1a: Jellicent|353/403|[from] Stealth Rock
|
|-weather|Sandstorm|[upkeep]
|-damage|p1a: Jellicent|328/403|[from] sandstorm
|-heal|p1a: Jellicent|353/403|[from] item: Leftovers
|turn|6
|
|move|p2a: Skarmory|Roost|p2a: Skarmory
|-heal|p2a: Skarmory|334/334
|move|p1a: Jellicent|Taunt|p2a: Skarmory
|-start|p2a: Skarmory|move: Taunt
|
|-weather|Sandstorm|[upkeep]
|-damage|p1a: Jellicent|328/403|[from] sandstorm
|-heal|p1a: Jellicent|353/403|[from] item: Leftovers
|turn|7
|join|nasodi
|
|switch|p2a: Reuniclus|Reuniclus, F|406/406
|move|p1a: Jellicent|Will-O-Wisp|p2a: Reuniclus
|-status|p2a: Reuniclus|brn
|
|-weather|Sandstorm|[upkeep]
|-damage|p1a: Jellicent|328/403|[from] sandstorm
|-heal|p1a: Jellicent|353/403|[from] item: Leftovers
|turn|8
|leave|nasodi
|
|move|p1a: Jellicent|Taunt|p2a: Reuniclus
|-start|p2a: Reuniclus|move: Taunt
|cant|p2a: Reuniclus|move: Taunt|Trick Room
|
|-weather|Sandstorm|[upkeep]
|-damage|p1a: Jellicent|328/403|[from] sandstorm
|-heal|p1a: Jellicent|353/403|[from] item: Leftovers
|turn|9
|
|move|p1a: Jellicent|Shadow Ball|p2a: Reuniclus
|-supereffective|p2a: Reuniclus
|-damage|p2a: Reuniclus|220/406 brn
|move|p2a: Reuniclus|Psyshock|p1a: Jellicent
|-damage|p1a: Jellicent|193/403
|
|-weather|Sandstorm|[upkeep]
|-damage|p1a: Jellicent|168/403|[from] sandstorm
|-heal|p1a: Jellicent|193/403|[from] item: Leftovers
|turn|10
|
|switch|p2a: Skarmory|Skarmory, M|334/334
|-damage|p2a: Skarmory|293/334|[from] Stealth Rock
|move|p1a: Jellicent|Shadow Ball|p2a: Skarmory
|-resisted|p2a: Skarmory
|-damage|p2a: Skarmory|233/334
|-unboost|p2a: Skarmory|spd|1
|
|-weather|Sandstorm|[upkeep]
|-damage|p1a: Jellicent|168/403|[from] sandstorm
|-heal|p1a: Jellicent|193/403|[from] item: Leftovers
|turn|11
|
|move|p1a: Jellicent|Will-O-Wisp|p2a: Skarmory
|-status|p2a: Skarmory|brn
|move|p2a: Skarmory|Whirlwind|p1a: Jellicent
|drag|p1a: Forretress|Forretress, F|265/353
|-damage|p1a: Forretress|221/353|[from] Stealth Rock
|
|-weather|Sandstorm|[upkeep]
|-heal|p1a: Forretress|243/353|[from] item: Leftovers
|-damage|p2a: Skarmory|192/334 brn|[from] brn
|turn|12
|
|switch|p2a: Gengar|Gengar, F|261/261
|-damage|p2a: Gengar|229/261|[from] Stealth Rock
|move|p1a: Forretress|Rapid Spin|p2a: Gengar
|-immune|p2a: Gengar|[msg]
|
|-weather|Sandstorm|[upkeep]
|-damage|p2a: Gengar|213/261|[from] sandstorm
|-heal|p1a: Forretress|265/353|[from] item: Leftovers
|turn|13
|
|switch|p1a: Hippowdon|Hippowdon, M|420/420
|-damage|p1a: Hippowdon|394/420|[from] Stealth Rock
|move|p2a: Gengar|Substitute|p2a: Gengar
|-start|p2a: Gengar|Substitute
|-damage|p2a: Gengar|148/261
|
|-weather|Sandstorm|[upkeep]
|-damage|p2a: Gengar|132/261|[from] sandstorm
|-heal|p1a: Hippowdon|420/420|[from] item: Leftovers
|turn|14
|
|move|p2a: Gengar|Shadow Ball|p1a: Hippowdon
|-damage|p1a: Hippowdon|267/420
|-damage|p2a: Gengar|106/261|[from] item: Life Orb
|move|p1a: Hippowdon|Ice Fang|p2a: Gengar
|-end|p2a: Gengar|Substitute
|
|-weather|Sandstorm|[upkeep]
|-damage|p2a: Gengar|90/261|[from] sandstorm
|-heal|p1a: Hippowdon|293/420|[from] item: Leftovers
|turn|15
|
|move|p2a: Gengar|Pain Split|p1a: Hippowdon
|-sethp|p1a: Hippowdon|191/420|p2a: Gengar|191/261|[from] move: Pain Split
|move|p1a: Hippowdon|Ice Fang|p2a: Gengar
|-damage|p2a: Gengar|102/261
|
|-weather|Sandstorm|[upkeep]
|-damage|p2a: Gengar|86/261|[from] sandstorm
|-heal|p1a: Hippowdon|217/420|[from] item: Leftovers
|turn|16
|
|switch|p2a: Scrafty|Scrafty, F|334/334
|-damage|p2a: Scrafty|314/334|[from] Stealth Rock
|move|p1a: Hippowdon|Slack Off|p1a: Hippowdon
|-heal|p1a: Hippowdon|420/420
|
|-weather|Sandstorm|[upkeep]
|-damage|p2a: Scrafty|294/334|[from] sandstorm
|-heal|p2a: Scrafty|314/334|[from] item: Leftovers
|turn|17
|
|switch|p1a: Jellicent|Jellicent, M|193/403
|-damage|p1a: Jellicent|143/403|[from] Stealth Rock
|move|p2a: Scrafty|Bulk Up|p2a: Scrafty
|-boost|p2a: Scrafty|atk|1
|-boost|p2a: Scrafty|def|1
|
|-weather|Sandstorm|[upkeep]
|-damage|p1a: Jellicent|118/403|[from] sandstorm
|-damage|p2a: Scrafty|294/334|[from] sandstorm
|-heal|p1a: Jellicent|143/403|[from] item: Leftovers
|-heal|p2a: Scrafty|314/334|[from] item: Leftovers
|turn|18
|
|move|p1a: Jellicent|Will-O-Wisp|p2a: Scrafty
|-status|p2a: Scrafty|brn
|move|p2a: Scrafty|Crunch|p1a: Jellicent
|-crit|p1a: Jellicent
|-supereffective|p1a: Jellicent
|-damage|p1a: Jellicent|0 fnt
|-start|p2a: Scrafty|Disable|Crunch
|faint|p1a: Jellicent
|
|-weather|Sandstorm|[upkeep]
|-damage|p2a: Scrafty|294/334 brn|[from] sandstorm
|-heal|p2a: Scrafty|314/334 brn|[from] item: Leftovers
|-damage|p2a: Scrafty|273/334 brn|[from] brn
|
|switch|p1a: Forretress|Forretress, F|265/353
|-damage|p1a: Forretress|221/353|[from] Stealth Rock
|turn|19
|
|switch|p2a: Gengar|Gengar, F|86/261
|-damage|p2a: Gengar|54/261|[from] Stealth Rock
|move|p1a: Forretress|Spikes|p2a: Gengar
|-sidestart|p2: dtw|Spikes
|
|-weather|Sandstorm|[upkeep]
|-damage|p2a: Gengar|38/261|[from] sandstorm
|-heal|p1a: Forretress|243/353|[from] item: Leftovers
|turn|20
|
|move|p2a: Gengar|Pain Split|p1a: Forretress
|-sethp|p1a: Forretress|140/353|p2a: Gengar|140/261|[from] move: Pain Split
|move|p1a: Forretress|Volt Switch|p2a: Gengar
|-damage|p2a: Gengar|85/261
|
|switch|p1a: Jirachi|Jirachi|339/361
|-damage|p1a: Jirachi|317/361|[from] Stealth Rock
|
|-weather|Sandstorm|[upkeep]
|-damage|p2a: Gengar|69/261|[from] sandstorm
|turn|21
|
|switch|p2a: Skarmory|Skarmory, M|192/334 brn
|-damage|p2a: Skarmory|151/334 brn|[from] Stealth Rock
|move|p1a: Jirachi|U-turn|p2a: Skarmory
|-resisted|p2a: Skarmory
|-damage|p2a: Skarmory|141/334 brn
|
|switch|p1a: Roserade|Roserade, F|321/321
|-damage|p1a: Roserade|281/321|[from] Stealth Rock
|
|-weather|Sandstorm|[upkeep]
|-damage|p1a: Roserade|261/321|[from] sandstorm
|-heal|p1a: Roserade|281/321|[from] item: Black Sludge
|-damage|p2a: Skarmory|100/334 brn|[from] brn
|turn|22
|
|move|p1a: Roserade|Hidden Power|p2a: Skarmory
|-supereffective|p2a: Skarmory
|-damage|p2a: Skarmory|0 fnt
|faint|p2a: Skarmory
|
|-weather|Sandstorm|[upkeep]
|-damage|p1a: Roserade|261/321|[from] sandstorm
|-heal|p1a: Roserade|281/321|[from] item: Black Sludge
|
|switch|p2a: Staraptor|Staraptor, M|311/311
|-damage|p2a: Staraptor|234/311|[from] Stealth Rock
|turn|23
|
|switch|p1a: Hippowdon|Hippowdon, M|420/420
|-damage|p1a: Hippowdon|394/420|[from] Stealth Rock
|move|p2a: Staraptor|Brave Bird|p1a: Hippowdon
|-crit|p1a: Hippowdon
|-damage|p1a: Hippowdon|0 fnt
|-damage|p2a: Staraptor|104/311|[from] recoil|[of] p1a: Hippowdon
|faint|p1a: Hippowdon
|
|-weather|Sandstorm|[upkeep]
|-damage|p2a: Staraptor|85/311|[from] sandstorm
|
|switch|p1a: Jirachi|Jirachi|317/361
|-damage|p1a: Jirachi|295/361|[from] Stealth Rock
|turn|24
|
|move|p1a: Jirachi|Ice Punch|p2a: Staraptor
|-supereffective|p2a: Staraptor
|-damage|p2a: Staraptor|0 fnt
|faint|p2a: Staraptor
|
|-weather|Sandstorm|[upkeep]
|
|switch|p2a: Gyarados|Gyarados, F|352/352
|-damage|p2a: Gyarados|264/352|[from] Stealth Rock
|-ability|p2a: Gyarados|Intimidate|[of] p1a: Jirachi
|-unboost|p1a: Jirachi|atk|1
|turn|25
|
|switch|p1a: Forretress|Forretress, F|140/353
|-damage|p1a: Forretress|96/353|[from] Stealth Rock
|move|p2a: Gyarados|Substitute|p2a: Gyarados
|-start|p2a: Gyarados|Substitute
|-damage|p2a: Gyarados|176/352
|
|-weather|Sandstorm|[upkeep]
|-damage|p2a: Gyarados|154/352|[from] sandstorm
|-heal|p2a: Gyarados|176/352|[from] item: Leftovers
|-heal|p1a: Forretress|118/353|[from] item: Leftovers
|turn|26
|
|move|p2a: Gyarados|Waterfall|p1a: Forretress
|-damage|p1a: Forretress|39/353
|move|p1a: Forretress|Rapid Spin|p2a: Gyarados
|-activate|p2a: Gyarados|Substitute|[damage]
|-sideend|p1: Chellison|Stealth Rock|[from] move: Rapid Spin|[of] p1a: Forretress
|
|-weather|Sandstorm|[upkeep]
|-damage|p2a: Gyarados|154/352|[from] sandstorm
|-heal|p2a: Gyarados|176/352|[from] item: Leftovers
|-heal|p1a: Forretress|61/353|[from] item: Leftovers
|turn|27
|
|move|p2a: Gyarados|Waterfall|p1a: Forretress
|-damage|p1a: Forretress|0 fnt
|faint|p1a: Forretress
|
|-weather|Sandstorm|[upkeep]
|-damage|p2a: Gyarados|154/352|[from] sandstorm
|-heal|p2a: Gyarados|176/352|[from] item: Leftovers
|
|switch|p1a: Roserade|Roserade, F|281/321
|turn|28
|
|move|p2a: Gyarados|Dragon Dance|p2a: Gyarados
|-boost|p2a: Gyarados|atk|1
|-boost|p2a: Gyarados|spe|1
|move|p1a: Roserade|Giga Drain|p2a: Gyarados
|-end|p2a: Gyarados|Substitute
|-heal|p1a: Roserade|318/321|[from] drain|[of] p2a: Gyarados
|
|-weather|Sandstorm|[upkeep]
|-damage|p2a: Gyarados|154/352|[from] sandstorm
|-damage|p1a: Roserade|298/321|[from] sandstorm
|-heal|p2a: Gyarados|176/352|[from] item: Leftovers
|-heal|p1a: Roserade|318/321|[from] item: Black Sludge
|turn|29
|
|move|p2a: Gyarados|Bounce|p1a: Roserade|[still]
|-prepare|p2a: Gyarados|Bounce|p1a: Roserade
|move|p1a: Roserade|Giga Drain|p2a: Gyarados|[miss]
|-miss|p1a: Roserade|p2a: Gyarados
|
|-weather|Sandstorm|[upkeep]
|-damage|p2a: Gyarados|154/352|[from] sandstorm
|-damage|p1a: Roserade|298/321|[from] sandstorm
|-heal|p2a: Gyarados|176/352|[from] item: Leftovers
|-heal|p1a: Roserade|318/321|[from] item: Black Sludge
|turn|30
|
|switch|p1a: Jirachi|Jirachi|295/361
|move|p2a: Gyarados|Bounce|p1a: Jirachi
|-resisted|p1a: Jirachi
|-damage|p1a: Jirachi|202/361
|
|-weather|Sandstorm|[upkeep]
|-damage|p2a: Gyarados|154/352|[from] sandstorm
|-heal|p2a: Gyarados|176/352|[from] item: Leftovers
|turn|31
|
|move|p1a: Jirachi|Ice Punch|p2a: Gyarados
|-damage|p2a: Gyarados|90/352
|move|p2a: Gyarados|Dragon Dance|p2a: Gyarados
|-boost|p2a: Gyarados|atk|1
|-boost|p2a: Gyarados|spe|1
|
|-weather|Sandstorm|[upkeep]
|-damage|p2a: Gyarados|68/352|[from] sandstorm
|-heal|p2a: Gyarados|90/352|[from] item: Leftovers
|turn|32
|
|move|p1a: Jirachi|Ice Punch|p2a: Gyarados
|-damage|p2a: Gyarados|12/352
|move|p2a: Gyarados|Waterfall|p1a: Jirachi
|-damage|p1a: Jirachi|0 fnt
|faint|p1a: Jirachi
|
|-weather|Sandstorm|[upkeep]
|-damage|p2a: Gyarados|0 fnt|[from] sandstorm
|faint|p2a: Gyarados
|
|switch|p1a: Gliscor|Gliscor, M|297/297 tox
|switch|p2a: Reuniclus|Reuniclus, F|220/406 brn
|turn|33
|
|move|p1a: Gliscor|Swords Dance|p1a: Gliscor
|-boost|p1a: Gliscor|atk|2
|move|p2a: Reuniclus|Hidden Power|p1a: Gliscor
|-damage|p1a: Gliscor|159/297 tox
|
|-weather|Sandstorm|[upkeep]
|-heal|p1a: Gliscor|196/297 tox|[from] ability: Poison Heal
|turn|34
|
|move|p1a: Gliscor|Acrobatics|p2a: Reuniclus
|-crit|p2a: Reuniclus
|-damage|p2a: Reuniclus|0 fnt
|faint|p2a: Reuniclus
|
|-weather|Sandstorm|[upkeep]
|-heal|p1a: Gliscor|233/297 tox|[from] ability: Poison Heal
|
|switch|p2a: Gengar|Gengar, F|69/261
|-damage|p2a: Gengar|37/261|[from] Stealth Rock
|turn|35
|
|move|p2a: Gengar|Shadow Ball|p1a: Gliscor
|-damage|p1a: Gliscor|0 fnt
|-damage|p2a: Gengar|11/261|[from] item: Life Orb
|faint|p1a: Gliscor
|
|-weather|Sandstorm|[upkeep]
|-damage|p2a: Gengar|0 fnt|[from] sandstorm
|faint|p2a: Gengar
|
|switch|p1a: Roserade|Roserade, F|318/321
|switch|p2a: Scrafty|Scrafty, F|273/334 brn
|-damage|p2a: Scrafty|232/334 brn|[from] Spikes
|-damage|p2a: Scrafty|212/334 brn|[from] Stealth Rock
|turn|36
|
|move|p1a: Roserade|Giga Drain|p2a: Scrafty
|-damage|p2a: Scrafty|130/334 brn
|-heal|p1a: Roserade|321/321|[from] drain|[of] p2a: Scrafty
|move|p2a: Scrafty|Bulk Up|p2a: Scrafty
|-boost|p2a: Scrafty|atk|1
|-boost|p2a: Scrafty|def|1
|
|-weather|Sandstorm|[upkeep]
|-damage|p1a: Roserade|301/321|[from] sandstorm
|-damage|p2a: Scrafty|110/334 brn|[from] sandstorm
|-heal|p1a: Roserade|321/321|[from] item: Black Sludge
|-activate|p2a: Scrafty|ability: Shed Skin
|-curestatus|p2a: Scrafty|brn
|-heal|p2a: Scrafty|130/334|[from] item: Leftovers
|turn|37
|
|move|p1a: Roserade|Giga Drain|p2a: Scrafty
|-damage|p2a: Scrafty|48/334
|move|p2a: Scrafty|Rest|p2a: Scrafty
|-status|p2a: Scrafty|slp
|-heal|p2a: Scrafty|334/334 slp|[silent]
|-status|p2a: Scrafty|slp|[from] move: Rest
|
|-weather|Sandstorm|[upkeep]
|-damage|p1a: Roserade|301/321|[from] sandstorm
|-damage|p2a: Scrafty|314/334 slp|[from] sandstorm
|-heal|p1a: Roserade|321/321|[from] item: Black Sludge
|-activate|p2a: Scrafty|ability: Shed Skin
|-curestatus|p2a: Scrafty|slp
|-heal|p2a: Scrafty|334/334|[from] item: Leftovers
|turn|38
|
|move|p1a: Roserade|Giga Drain|p2a: Scrafty
|-damage|p2a: Scrafty|259/334
|move|p2a: Scrafty|Bulk Up|p2a: Scrafty
|-boost|p2a: Scrafty|atk|1
|-boost|p2a: Scrafty|def|1
|
|-weather|Sandstorm|[upkeep]
|-damage|p1a: Roserade|301/321|[from] sandstorm
|-damage|p2a: Scrafty|239/334|[from] sandstorm
|-heal|p1a: Roserade|321/321|[from] item: Black Sludge
|-heal|p2a: Scrafty|259/334|[from] item: Leftovers
|turn|39
|
|move|p1a: Roserade|Giga Drain|p2a: Scrafty
|-damage|p2a: Scrafty|175/334
|move|p2a: Scrafty|Bulk Up|p2a: Scrafty
|-boost|p2a: Scrafty|atk|1
|-boost|p2a: Scrafty|def|1
|
|-weather|Sandstorm|[upkeep]
|-damage|p1a: Roserade|301/321|[from] sandstorm
|-damage|p2a: Scrafty|155/334|[from] sandstorm
|-heal|p1a: Roserade|321/321|[from] item: Black Sludge
|-heal|p2a: Scrafty|175/334|[from] item: Leftovers
|turn|40
|
|move|p1a: Roserade|Giga Drain|p2a: Scrafty
|-damage|p2a: Scrafty|96/334
|move|p2a: Scrafty|Rest|p2a: Scrafty
|-status|p2a: Scrafty|slp
|-heal|p2a: Scrafty|334/334 slp|[silent]
|-status|p2a: Scrafty|slp|[from] move: Rest
|
|-weather|Sandstorm|[upkeep]
|-damage|p1a: Roserade|301/321|[from] sandstorm
|-damage|p2a: Scrafty|314/334 slp|[from] sandstorm
|-heal|p1a: Roserade|321/321|[from] item: Black Sludge
|-activate|p2a: Scrafty|ability: Shed Skin
|-curestatus|p2a: Scrafty|slp
|-heal|p2a: Scrafty|334/334|[from] item: Leftovers
|turn|41
|
|move|p1a: Roserade|Giga Drain|p2a: Scrafty
|-damage|p2a: Scrafty|262/334
|move|p2a: Scrafty|Crunch|p1a: Roserade
|-damage|p1a: Roserade|53/321
|
|-weather|Sandstorm|[upkeep]
|-damage|p1a: Roserade|33/321|[from] sandstorm
|-damage|p2a: Scrafty|242/334|[from] sandstorm
|-heal|p1a: Roserade|53/321|[from] item: Black Sludge
|-heal|p2a: Scrafty|262/334|[from] item: Leftovers
|turn|42
|
|move|p1a: Roserade|Giga Drain|p2a: Scrafty
|-damage|p2a: Scrafty|184/334
|-heal|p1a: Roserade|92/321|[from] drain|[of] p2a: Scrafty
|move|p2a: Scrafty|Crunch|p1a: Roserade
|-damage|p1a: Roserade|0 fnt
|faint|p1a: Roserade
|
|win|dtw
|raw|Ladder updating...
|chat|dtw|gg
|raw|Chellison's rating: 1315 &rarr; <strong>1294</strong><br />(-21 for losing)
|raw|dtw's rating: 1288 &rarr; <strong>1315</strong><br />(+27 for winning)
|chat|Chellison|gg