|j|☆Coronet077
|j|☆BWR Ashes
|t:|1719416123
|gametype|singles
|player|p1|Coronet077|fisherman-gen4|1382
|player|p2|BWR Ashes|skier-gen2|1522
|teamsize|p1|6
|teamsize|p2|6
|gen|5
|tier|[Gen 5] OU
|rated|
|rule|Species Clause: Limit one of each Pokémon
|rule|OHKO Clause: OHKO moves are banned
|rule|Moody Clause: Moody is banned
|rule|Evasion Items Clause: Evasion items are banned
|rule|Evasion Moves Clause: Evasion moves are banned
|rule|Endless Battle Clause: Forcing endless battles is banned
|rule|HP Percentage Mod: HP is shown in percentages
|rule|Evasion Abilities Clause: Evasion abilities are banned
|rule|Sleep Moves Clause: Sleep-inducing moves are banned
|rule|Swagger Clause: Swagger is banned
|rule|Baton Pass Stat Clause: No Baton Passer may have a way to boost its stats
|clearpoke
|poke|p1|Magnezone|item
|poke|p1|Jirachi|item
|poke|p1|Kyurem-Black|item
|poke|p1|Latios, M|item
|poke|p1|Garchomp, F|item
|poke|p1|Dragonite, M|item
|poke|p2|Politoed, F|item
|poke|p2|Mamoswine, F|item
|poke|p2|Tentacruel, M|item
|poke|p2|Thundurus-Therian, M|item
|poke|p2|Ferrothorn, F|item
|poke|p2|Latios, M|item
|teampreview
|j| BillyFan
|c|☆BWR Ashes|hi
|
|t:|1719416196
|start
|switch|p1a: Jirachi|Jirachi|100/100
|switch|p2a: Mamoswine|Mamoswine, F|100/100
|turn|1
|c|☆Coronet077|Hmm?
|
|t:|1719416204
|switch|p2a: Politoed|Politoed, F|100/100
|-weather|RainDance|[from] ability: Drizzle|[of] p2a: Politoed
|move|p1a: Jirachi|Stealth Rock|p2a: Politoed
|-sidestart|p2: BWR Ashes|move: Stealth Rock
|
|-weather|RainDance|[upkeep]
|upkeep
|turn|2
|
|t:|1719416219
|switch|p2a: Mamoswine|Mamoswine, F|100/100
|-damage|p2a: Mamoswine|88/100|[from] Stealth Rock
|move|p1a: Jirachi|Thunder|p2a: Mamoswine
|-immune|p2a: Mamoswine
|
|-weather|RainDance|[upkeep]
|upkeep
|turn|3
|
|t:|1719416228
|move|p2a: Mamoswine|Icicle Crash|p1a: Jirachi
|-resisted|p1a: Jirachi
|-crit|p1a: Jirachi
|-damage|p1a: Jirachi|55/100
|move|p1a: Jirachi|U-turn|p2a: Mamoswine
|-damage|p2a: Mamoswine|71/100
|c| BillyFan|hi
|
|t:|1719416236
|switch|p1a: Kyurem|Kyurem-Black|100/100|[from] U-turn
|-ability|p1a: Kyurem|Teravolt
|
|-weather|RainDance|[upkeep]
|upkeep
|turn|4
|
|t:|1719416242
|switch|p2a: Ferrothorn|Ferrothorn, F|100/100
|-damage|p2a: Ferrothorn|94/100|[from] Stealth Rock
|move|p1a: Kyurem|Dragon Claw|p2a: Ferrothorn
|-resisted|p2a: Ferrothorn
|-damage|p2a: Ferrothorn|65/100
|-damage|p1a: Kyurem|88/100|[from] ability: Iron Barbs|[of] p2a: Ferrothorn
|
|-weather|RainDance|[upkeep]
|upkeep
|turn|5
|
|t:|1719416244
|switch|p1a: Magnezone|Magnezone|100/100
|-item|p1a: Magnezone|Air Balloon
|switch|p2a: Mamoswine|Mamoswine, F|71/100
|-damage|p2a: Mamoswine|58/100|[from] Stealth Rock
|
|-weather|RainDance|[upkeep]
|upkeep
|turn|6
|
|t:|1719416249
|move|p2a: Mamoswine|Icicle Crash|p1a: Magnezone
|-resisted|p1a: Magnezone
|-crit|p1a: Magnezone
|-damage|p1a: Magnezone|43/100
|-enditem|p1a: Magnezone|Air Balloon
|move|p1a: Magnezone|Magnet Rise|p1a: Magnezone
|-start|p1a: Magnezone|Magnet Rise
|
|-weather|RainDance|[upkeep]
|upkeep
|turn|7
|
|t:|1719416256
|switch|p2a: Tentacruel|Tentacruel, M|100/100
|-damage|p2a: Tentacruel|88/100|[from] Stealth Rock
|move|p1a: Magnezone|Sunny Day|p1a: Magnezone
|-weather|SunnyDay
|
|-weather|SunnyDay|[upkeep]
|-heal|p2a: Tentacruel|94/100|[from] item: Black Sludge
|upkeep
|turn|8
|
|t:|1719416263
|move|p2a: Tentacruel|Protect|p2a: Tentacruel
|-singleturn|p2a: Tentacruel|Protect
|move|p1a: Magnezone|Thunderbolt|p2a: Tentacruel
|-activate|p2a: Tentacruel|move: Protect
|
|-weather|SunnyDay|[upkeep]
|-heal|p2a: Tentacruel|99/100|[from] item: Black Sludge
|upkeep
|turn|9
|
|t:|1719416283
|switch|p2a: Thundurus|Thundurus-Therian, M|100/100
|-damage|p2a: Thundurus|76/100|[from] Stealth Rock
|move|p1a: Magnezone|Hidden Power|p2a: Thundurus
|-damage|p2a: Thundurus|22/100
|
|-weather|SunnyDay|[upkeep]
|-heal|p2a: Thundurus|28/100|[from] item: Leftovers
|upkeep
|turn|10
|
|t:|1719416301
|switch|p2a: Tentacruel|Tentacruel, M|99/100
|-damage|p2a: Tentacruel|88/100|[from] Stealth Rock
|switch|p1a: Latios|Latios, M|100/100
|
|-weather|SunnyDay|[upkeep]
|-heal|p2a: Tentacruel|94/100|[from] item: Black Sludge
|upkeep
|turn|11
|
|t:|1719416307
|move|p1a: Latios|Trick|p2a: Tentacruel
|-activate|p1a: Latios|move: Trick|[of] p2a: Tentacruel
|-item|p2a: Tentacruel|Choice Scarf|[from] move: Trick
|-item|p1a: Latios|Black Sludge|[from] move: Trick
|move|p2a: Tentacruel|Toxic Spikes|p1a: Latios
|-sidestart|p1: Coronet077|move: Toxic Spikes
|
|-weather|none
|-damage|p1a: Latios|88/100|[from] item: Black Sludge
|upkeep
|turn|12
|
|t:|1719416314
|switch|p2a: Politoed|Politoed, F|100/100
|-damage|p2a: Politoed|88/100|[from] Stealth Rock
|-weather|RainDance|[from] ability: Drizzle|[of] p2a: Politoed
|switch|p1a: Dragonite|Dragonite, M|100/100
|
|-weather|RainDance|[upkeep]
|-heal|p2a: Politoed|94/100|[from] item: Leftovers
|upkeep
|turn|13
|
|t:|1719416320
|move|p1a: Dragonite|Dragon Dance|p1a: Dragonite
|-boost|p1a: Dragonite|atk|1
|-boost|p1a: Dragonite|spe|1
|move|p2a: Politoed|Encore|p1a: Dragonite
|-start|p1a: Dragonite|Encore
|
|-weather|RainDance|[upkeep]
|-heal|p2a: Politoed|100/100|[from] item: Leftovers
|upkeep
|turn|14
|
|t:|1719416324
|move|p1a: Dragonite|Dragon Dance|p1a: Dragonite
|-boost|p1a: Dragonite|atk|1
|-boost|p1a: Dragonite|spe|1
|move|p2a: Politoed|Scald|p1a: Dragonite
|-resisted|p1a: Dragonite
|-damage|p1a: Dragonite|92/100
|
|-weather|RainDance|[upkeep]
|upkeep
|turn|15
|
|t:|1719416332
|switch|p2a: Mamoswine|Mamoswine, F|58/100
|-damage|p2a: Mamoswine|46/100|[from] Stealth Rock
|move|p1a: Dragonite|Dragon Dance|p1a: Dragonite
|-boost|p1a: Dragonite|atk|1
|-boost|p1a: Dragonite|spe|1
|
|-weather|RainDance|[upkeep]
|upkeep
|turn|16
|
|t:|1719416341
|switch|p1a: Jirachi|Jirachi|55/100
|move|p2a: Mamoswine|Icicle Crash|p1a: Jirachi|[miss]
|-miss|p2a: Mamoswine|p1a: Jirachi
|
|-weather|RainDance|[upkeep]
|upkeep
|turn|17
|
|t:|1719416345
|move|p2a: Mamoswine|Earthquake|p1a: Jirachi
|-supereffective|p1a: Jirachi
|-enditem|p1a: Jirachi|Shuca Berry|[eat]
|-enditem|p1a: Jirachi|Shuca Berry|[weaken]
|-damage|p1a: Jirachi|16/100
|move|p1a: Jirachi|U-turn|p2a: Mamoswine
|-damage|p2a: Mamoswine|28/100
|
|t:|1719416360
|switch|p1a: Dragonite|Dragonite, M|92/100|[from] U-turn
|
|-weather|RainDance|[upkeep]
|upkeep
|turn|18
|
|t:|1719416367
|switch|p2a: Ferrothorn|Ferrothorn, F|65/100
|-damage|p2a: Ferrothorn|58/100|[from] Stealth Rock
|move|p1a: Dragonite|Extreme Speed|p2a: Ferrothorn
|-resisted|p2a: Ferrothorn
|-damage|p2a: Ferrothorn|48/100
|-damage|p1a: Dragonite|79/100|[from] ability: Iron Barbs|[of] p2a: Ferrothorn
|
|-weather|RainDance|[upkeep]
|upkeep
|turn|19
|
|t:|1719416377
|move|p1a: Dragonite|Dragon Dance|p1a: Dragonite
|-boost|p1a: Dragonite|atk|1
|-boost|p1a: Dragonite|spe|1
|move|p2a: Ferrothorn|Stealth Rock|p1a: Dragonite
|-sidestart|p1: Coronet077|move: Stealth Rock
|
|-weather|RainDance|[upkeep]
|upkeep
|turn|20
|
|t:|1719416384
|move|p1a: Dragonite|Superpower|p2a: Ferrothorn
|-supereffective|p2a: Ferrothorn
|-damage|p2a: Ferrothorn|0 fnt
|-unboost|p1a: Dragonite|atk|1
|-unboost|p1a: Dragonite|def|1
|-damage|p1a: Dragonite|67/100|[from] ability: Iron Barbs|[of] p2a: Ferrothorn
|faint|p2a: Ferrothorn
|
|-weather|RainDance|[upkeep]
|upkeep
|
|t:|1719416393
|switch|p2a: Latios|Latios, M|100/100
|-damage|p2a: Latios|88/100|[from] Stealth Rock
|turn|21
|
|t:|1719416405
|switch|p1a: Jirachi|Jirachi|16/100
|-damage|p1a: Jirachi|9/100|[from] Stealth Rock
|move|p2a: Latios|Draco Meteor|p1a: Jirachi
|-resisted|p1a: Jirachi
|-damage|p1a: Jirachi|0 fnt
|-unboost|p2a: Latios|spa|2
|faint|p1a: Jirachi
|
|-weather|RainDance|[upkeep]
|upkeep
|
|t:|1719416413
|switch|p1a: Dragonite|Dragonite, M|67/100
|-damage|p1a: Dragonite|42/100|[from] Stealth Rock
|turn|22
|
|t:|1719416416
|move|p2a: Latios|Draco Meteor|p1a: Dragonite
|-supereffective|p1a: Dragonite
|-damage|p1a: Dragonite|0 fnt
|-unboost|p2a: Latios|spa|2
|faint|p1a: Dragonite
|
|-weather|RainDance|[upkeep]
|upkeep
|
|t:|1719416423
|switch|p1a: Garchomp|Garchomp, F|100/100
|-status|p1a: Garchomp|psn
|-damage|p1a: Garchomp|94/100 psn|[from] Stealth Rock
|turn|23
|
|t:|1719416427
|switch|p2a: Thundurus|Thundurus-Therian, M|28/100
|-damage|p2a: Thundurus|3/100|[from] Stealth Rock
|move|p1a: Garchomp|Dual Chop|p2a: Thundurus
|-damage|p2a: Thundurus|0 fnt
|faint|p2a: Thundurus
|-hitcount|p2: Thundurus|1
|
|-weather|RainDance|[upkeep]
|-damage|p1a: Garchomp|82/100 psn|[from] psn
|upkeep
|
|t:|1719416443
|switch|p2a: Mamoswine|Mamoswine, F|28/100
|-damage|p2a: Mamoswine|16/100|[from] Stealth Rock
|turn|24
|
|t:|1719416448
|switch|p1a: Magnezone|Magnezone|43/100
|-damage|p1a: Magnezone|37/100|[from] Stealth Rock
|move|p2a: Mamoswine|Ice Shard|p1a: Magnezone
|-resisted|p1a: Magnezone
|-damage|p1a: Magnezone|23/100
|
|-weather|RainDance|[upkeep]
|upkeep
|turn|25
|
|t:|1719416452
|move|p2a: Mamoswine|Earthquake|p1a: Magnezone
|-supereffective|p1a: Magnezone
|-damage|p1a: Magnezone|0 fnt
|faint|p1a: Magnezone
|
|-weather|RainDance|[upkeep]
|upkeep
|
|t:|1719416456
|switch|p1a: Kyurem|Kyurem-Black|88/100
|-status|p1a: Kyurem|psn
|-damage|p1a: Kyurem|63/100 psn|[from] Stealth Rock
|-ability|p1a: Kyurem|Teravolt
|turn|26
|
|t:|1719416474
|move|p2a: Mamoswine|Ice Shard|p1a: Kyurem
|-damage|p1a: Kyurem|43/100 psn
|move|p1a: Kyurem|Dragon Claw|p2a: Mamoswine
|-damage|p2a: Mamoswine|0 fnt
|faint|p2a: Mamoswine
|
|-weather|RainDance|[upkeep]
|-damage|p1a: Kyurem|31/100 psn|[from] psn
|upkeep
|
|t:|1719416490
|switch|p2a: Tentacruel|Tentacruel, M|94/100
|-damage|p2a: Tentacruel|82/100|[from] Stealth Rock
|turn|27
|
|t:|1719416498
|move|p2a: Tentacruel|Scald|p1a: Kyurem
|-resisted|p1a: Kyurem
|-damage|p1a: Kyurem|15/100 psn
|move|p1a: Kyurem|Dragon Claw|p2a: Tentacruel
|-damage|p2a: Tentacruel|6/100
|
|-weather|RainDance|[upkeep]
|-heal|p2a: Tentacruel|12/100|[from] ability: Rain Dish
|-damage|p1a: Kyurem|3/100 psn|[from] psn
|upkeep
|turn|28
|
|t:|1719416505
|move|p2a: Tentacruel|Scald|p1a: Kyurem
|-resisted|p1a: Kyurem
|-damage|p1a: Kyurem|0 fnt
|faint|p1a: Kyurem
|
|-weather|RainDance|[upkeep]
|-heal|p2a: Tentacruel|18/100|[from] ability: Rain Dish
|upkeep
|
|t:|1719416507
|switch|p1a: Latios|Latios, M|88/100
|-damage|p1a: Latios|76/100|[from] Stealth Rock
|turn|29
|
|t:|1719416511
|move|p2a: Tentacruel|Scald|p1a: Latios
|-resisted|p1a: Latios
|-damage|p1a: Latios|56/100
|-status|p1a: Latios|brn
|move|p1a: Latios|Dragon Pulse|p2a: Tentacruel
|-damage|p2a: Tentacruel|0 fnt
|faint|p2a: Tentacruel
|
|-weather|RainDance|[upkeep]
|-damage|p1a: Latios|44/100 brn|[from] item: Black Sludge
|-damage|p1a: Latios|32/100 brn|[from] brn
|upkeep
|
|t:|1719416515
|switch|p2a: Politoed|Politoed, F|100/100
|-damage|p2a: Politoed|88/100|[from] Stealth Rock
|turn|30
|
|t:|1719416520
|move|p1a: Latios|Trick|p2a: Politoed
|-activate|p1a: Latios|move: Trick|[of] p2a: Politoed
|-item|p2a: Politoed|Black Sludge|[from] move: Trick
|-item|p1a: Latios|Leftovers|[from] move: Trick
|move|p2a: Politoed|Scald|p1a: Latios
|-resisted|p1a: Latios
|-damage|p1a: Latios|12/100 brn
|
|-weather|RainDance|[upkeep]
|-heal|p1a: Latios|18/100 brn|[from] item: Leftovers
|-damage|p2a: Politoed|75/100|[from] item: Black Sludge
|-damage|p1a: Latios|5/100 brn|[from] brn
|upkeep
|turn|31
|
|t:|1719416525
|move|p1a: Latios|Draco Meteor|p2a: Politoed
|-damage|p2a: Politoed|12/100
|-unboost|p1a: Latios|spa|2
|move|p2a: Politoed|Scald|p1a: Latios
|-resisted|p1a: Latios
|-damage|p1a: Latios|0 fnt
|faint|p1a: Latios
|
|-weather|RainDance|[upkeep]
|-damage|p2a: Politoed|0 fnt|[from] item: Black Sludge
|faint|p2a: Politoed
|upkeep
|
|t:|1719416529
|switch|p1a: Garchomp|Garchomp, F|82/100 psn
|switch|p2a: Latios|Latios, M|88/100
|-damage|p2a: Latios|76/100|[from] Stealth Rock
|-damage|p1a: Garchomp|76/100 psn|[from] Stealth Rock
|turn|32
|
|t:|1719416531
|move|p2a: Latios|Draco Meteor|p1a: Garchomp
|-supereffective|p1a: Garchomp
|-damage|p1a: Garchomp|0 fnt
|-unboost|p2a: Latios|spa|2
|faint|p1a: Garchomp
|
|win|BWR Ashes
|raw|Coronet077's rating: 1382 &rarr; <strong>1370</strong><br />(-12 for losing)
|raw|BWR Ashes's rating: 1522 &rarr; <strong>1534</strong><br />(+12 for winning)
|l|☆Coronet077
|player|p1|
