|j|☆Mamoswine247
|j|☆dark web uzi
|player|p1|Mamoswine247|cynthia-gen4|1436
|player|p2|dark web uzi|roxie|1360
|teamsize|p1|6
|teamsize|p2|6
|gametype|singles
|gen|5
|tier|[Gen 5] OU
|rated|
|clearpoke
|poke|p1|Tyranitar, M|item
|poke|p1|Landorus-Therian, M|item
|poke|p1|Rotom-Wash|item
|poke|p1|Scizor, M|item
|poke|p1|Reuniclus, M|item
|poke|p1|Dragonite, M|item
|poke|p2|Politoed, M|item
|poke|p2|Garchomp, F|item
|poke|p2|Gyarados, M|item
|poke|p2|Latios, M|item
|poke|p2|Starmie|item
|poke|p2|Ferrothorn, F|item
|rule|Species Clause: Limit one of each Pokémon
|rule|OHKO Clause: OHKO moves are banned
|rule|Moody Clause: Moody is banned
|rule|Evasion Moves Clause: Evasion moves are banned
|rule|Endless Battle Clause: Forcing endless battles is banned
|rule|HP Percentage Mod: HP is shown in percentages
|rule|Evasion Abilities Clause: Evasion abilities are banned
|rule|Baton Pass Clause: Limit one Baton Passer, can't pass Spe and other stats simultaneously
|rule|Sleep Clause: Sleep-inducing moves are banned
|rule|Swagger Clause: Swagger is banned
|teampreview
|inactive|Battle timer is ON: inactive players will automatically lose when time's up. (requested by Mamoswine247)
|
|start
|switch|p1a: HydroShock|Rotom-Wash, shiny|100/100
|switch|p2a: Garchomp|Garchomp, F|100/100
|turn|1
|
|move|p2a: Garchomp|Substitute|p2a: Garchomp
|-start|p2a: Garchomp|Substitute
|-damage|p2a: Garchomp|76/100
|move|p1a: HydroShock|Will-O-Wisp||[still]
|-fail|p1a: HydroShock
|
|upkeep
|turn|2
|
|move|p2a: Garchomp|Swords Dance|p2a: Garchomp
|-boost|p2a: Garchomp|atk|2
|move|p1a: HydroShock|Hydro Pump|p2a: Garchomp|[miss]
|-miss|p1a: HydroShock|p2a: Garchomp
|
|upkeep
|turn|3
|
|move|p2a: Garchomp|Outrage|p1a: HydroShock
|-damage|p1a: HydroShock|0 fnt
|faint|p1a: HydroShock
|
|upkeep
|
|switch|p1a: Crimson|Scizor, M|100/100
|turn|4
|
|move|p2a: Garchomp|Outrage|p1a: Crimson|[from]lockedmove
|-resisted|p1a: Crimson
|-damage|p1a: Crimson|23/100
|move|p1a: Crimson|Bug Bite|p2a: Garchomp
|-end|p2a: Garchomp|Substitute
|
|upkeep
|turn|5
|
|move|p1a: Crimson|Bullet Punch|p2a: Garchomp
|-damage|p2a: Garchomp|42/100
|-damage|p1a: Crimson|10/100|[from] ability: Rough Skin|[of] p2a: Garchomp
|move|p2a: Garchomp|Outrage|p1a: Crimson|[from]lockedmove
|-resisted|p1a: Crimson
|-damage|p1a: Crimson|0 fnt
|-start|p2a: Garchomp|confusion|[fatigue]
|faint|p1a: Crimson
|
|upkeep
|
|switch|p1a: Bangirasu|Tyranitar, M, shiny|100/100
|-weather|Sandstorm|[from] ability: Sand Stream|[of] p1a: Bangirasu
|turn|6
|
|switch|p2a: Politoed|Politoed, M|100/100
|-weather|RainDance|[from] ability: Drizzle|[of] p2a: Politoed
|move|p1a: Bangirasu|Ice Beam|p2a: Politoed
|-resisted|p2a: Politoed
|-damage|p2a: Politoed|88/100
|
|-weather|RainDance|[upkeep]
|upkeep
|turn|7
|
|switch|p1a: SuperFetus|Reuniclus, M, shiny|100/100
|move|p2a: Politoed|Scald|p1a: SuperFetus
|-damage|p1a: SuperFetus|57/100
|
|-weather|RainDance|[upkeep]
|upkeep
|turn|8
|
|switch|p2a: Garchomp|Garchomp, F|42/100
|move|p1a: SuperFetus|Trick Room|p1a: SuperFetus
|-fieldstart|move: Trick Room|[of] p1a: SuperFetus
|
|-weather|RainDance|[upkeep]
|upkeep
|turn|9
|
|switch|p2a: Ferrothorn|Ferrothorn, F|100/100
|move|p1a: SuperFetus|Psychic|p2a: Ferrothorn
|-resisted|p2a: Ferrothorn
|-damage|p2a: Ferrothorn|81/100
|
|-weather|RainDance|[upkeep]
|-heal|p2a: Ferrothorn|87/100|[from] item: Leftovers
|upkeep
|turn|10
|
|switch|p2a: Latios|Latios, M|100/100
|move|p1a: SuperFetus|Focus Blast|p2a: Latios
|-resisted|p2a: Latios
|-damage|p2a: Latios|69/100
|-unboost|p2a: Latios|spd|1
|
|-weather|RainDance|[upkeep]
|upkeep
|turn|11
|
|switch|p2a: Ferrothorn|Ferrothorn, F|87/100
|move|p1a: SuperFetus|Shadow Ball|p2a: Ferrothorn
|-resisted|p2a: Ferrothorn
|-damage|p2a: Ferrothorn|75/100
|
|-weather|RainDance|[upkeep]
|-heal|p2a: Ferrothorn|81/100|[from] item: Leftovers
|upkeep
|turn|12
|
|move|p2a: Ferrothorn|Power Whip|p1a: SuperFetus
|-damage|p1a: SuperFetus|18/100
|move|p1a: SuperFetus|Shadow Ball|p2a: Ferrothorn
|-resisted|p2a: Ferrothorn
|-damage|p2a: Ferrothorn|67/100
|
|-weather|RainDance|[upkeep]
|-heal|p2a: Ferrothorn|74/100|[from] item: Leftovers
|-fieldend|move: Trick Room
|upkeep
|turn|13
|
|move|p1a: SuperFetus|Focus Blast|p2a: Ferrothorn|[miss]
|-miss|p1a: SuperFetus|p2a: Ferrothorn
|move|p2a: Ferrothorn|Power Whip|p1a: SuperFetus
|-damage|p1a: SuperFetus|0 fnt
|faint|p1a: SuperFetus
|
|-weather|RainDance|[upkeep]
|-heal|p2a: Ferrothorn|80/100|[from] item: Leftovers
|upkeep
|-message|Mamoswine247 forfeited.
|
|win|dark web uzi
|l|☆Mamoswine247
|raw|Mamoswine247's rating: 1436 &rarr; <strong>1412</strong><br />(-24 for losing)
|raw|dark web uzi's rating: 1360 &rarr; <strong>1385</strong><br />(+25 for winning)
