|j|☆Seiji 15
|j|☆fopdoodleSHMACK
|player|p1|Seiji 15|263
|player|p2|fopdoodleSHMACK|124
|teamsize|p1|6
|teamsize|p2|6
|gametype|singles
|gen|5
|tier|[Gen 5] OU
|rated|
|rule|Sleep Clause Mod: Limit one foe put to sleep
|rule|Species Clause: Limit one of each Pokémon
|rule|OHKO Clause: OHKO moves are banned
|rule|Moody Clause: Moody is banned
|rule|Evasion Moves Clause: Evasion moves are banned
|rule|Endless Battle Clause: Forcing endless battles is banned
|rule|HP Percentage Mod: HP is shown in percentages
|rule|Evasion Abilities Clause: Evasion abilities are banned
|rule|Baton Pass Clause: Limit one Baton Passer, can't pass Spe and other stats simultaneously
|rule|Swagger Clause: Swagger is banned
|clearpoke
|poke|p1|Jirachi|item
|poke|p1|Gyarados, M|item
|poke|p1|Kyurem-Black|item
|poke|p1|Excadrill, F|item
|poke|p1|Magnezone|item
|poke|p1|Latias, F|item
|poke|p2|Abomasnow, F|item
|poke|p2|Jellicent, F|item
|poke|p2|Heatran, F|item
|poke|p2|Forretress, M|item
|poke|p2|Gliscor, M|item
|poke|p2|Kyurem|item
|teampreview
|inactive|Battle timer is ON: inactive players will automatically lose when time's up. (requested by fopdoodleSHMACK)
|inactive|Seiji 15 has 120 seconds left.
|
|start
|switch|p1a: Gyarados|Gyarados, M|100/100
|switch|p2a: Gliscor|Gliscor, M|100/100
|-ability|p1a: Gyarados|Intimidate|boost
|-unboost|p2a: Gliscor|atk|1
|turn|1
|
|switch|p1a: Jirachi|Jirachi|100/100
|move|p2a: Gliscor|Taunt|p1a: Jirachi
|-start|p1a: Jirachi|move: Taunt
|
|-status|p2a: Gliscor|tox|[from] item: Toxic Orb
|upkeep
|turn|2
|
|switch|p1a: Gyarados|Gyarados, M|100/100
|-ability|p1a: Gyarados|Intimidate|boost
|-unboost|p2a: Gliscor|atk|1
|switch|p2a: Heatran|Heatran, F|100/100
|
|upkeep
|turn|3
|
|move|p1a: Gyarados|Substitute|p1a: Gyarados
|-start|p1a: Gyarados|Substitute
|-damage|p1a: Gyarados|76/100
|move|p2a: Heatran|Will-O-Wisp||[still]
|-fail|p2a: Heatran
|
|-heal|p1a: Gyarados|82/100|[from] item: Leftovers
|upkeep
|turn|4
|
|switch|p2a: Kyurem|Kyurem|100/100
|-ability|p2a: Kyurem|Pressure
|move|p1a: Gyarados|Waterfall|p2a: Kyurem
|-resisted|p2a: Kyurem
|-damage|p2a: Kyurem|82/100
|
|-heal|p2a: Kyurem|88/100|[from] item: Leftovers
|-heal|p1a: Gyarados|88/100|[from] item: Leftovers
|upkeep
|turn|5
|
|move|p2a: Kyurem|Ice Beam|p1a: Gyarados
|-end|p1a: Gyarados|Substitute
|move|p1a: Gyarados|Dragon Dance|p1a: Gyarados
|-boost|p1a: Gyarados|atk|1
|-boost|p1a: Gyarados|spe|1
|
|-heal|p1a: Gyarados|94/100|[from] item: Leftovers
|-heal|p2a: Kyurem|94/100|[from] item: Leftovers
|upkeep
|turn|6
|
|move|p1a: Gyarados|Substitute|p1a: Gyarados
|-start|p1a: Gyarados|Substitute
|-damage|p1a: Gyarados|69/100
|move|p2a: Kyurem|Ice Beam|p1a: Gyarados
|-end|p1a: Gyarados|Substitute
|
|-heal|p1a: Gyarados|76/100|[from] item: Leftovers
|-heal|p2a: Kyurem|99/100|[from] item: Leftovers
|upkeep
|turn|7
|
|move|p1a: Gyarados|Bounce||[still]
|-prepare|p1a: Gyarados|Bounce|p2a: Kyurem
|move|p2a: Kyurem|Ice Beam|p1a: Gyarados|[miss]
|-miss|p2a: Kyurem|p1a: Gyarados
|
|-heal|p1a: Gyarados|82/100|[from] item: Leftovers
|-heal|p2a: Kyurem|100/100|[from] item: Leftovers
|upkeep
|turn|8
|
|move|p1a: Gyarados|Bounce|p2a: Kyurem|[from]lockedmove
|-damage|p2a: Kyurem|45/100
|-status|p2a: Kyurem|par
|move|p2a: Kyurem|Ice Beam|p1a: Gyarados
|-damage|p1a: Gyarados|26/100
|
|-heal|p1a: Gyarados|32/100|[from] item: Leftovers
|-heal|p2a: Kyurem|51/100 par|[from] item: Leftovers
|upkeep
|turn|9
|inactive|Seiji 15 has 120 seconds left.
|
|switch|p1a: Jirachi|Jirachi|100/100
|move|p2a: Kyurem|Roost|p2a: Kyurem
|-heal|p2a: Kyurem|100/100 par
|
|upkeep
|turn|10
|
|switch|p2a: Jellicent|Jellicent, F|100/100
|move|p1a: Jirachi|Stealth Rock|p2a: Jellicent
|-sidestart|p2: fopdoodleSHMACK|move: Stealth Rock
|
|upkeep
|turn|11
|
|move|p1a: Jirachi|Energy Ball|p2a: Jellicent
|-supereffective|p2a: Jellicent
|-damage|p2a: Jellicent|67/100
|move|p2a: Jellicent|Will-O-Wisp|p1a: Jirachi
|-status|p1a: Jirachi|brn
|
|-heal|p2a: Jellicent|73/100|[from] item: Leftovers
|-damage|p1a: Jirachi|88/100 brn|[from] brn
|upkeep
|turn|12
|
|move|p1a: Jirachi|Energy Ball|p2a: Jellicent
|-supereffective|p2a: Jellicent
|-damage|p2a: Jellicent|44/100
|move|p2a: Jellicent|Recover|p2a: Jellicent
|-heal|p2a: Jellicent|94/100
|
|-heal|p2a: Jellicent|100/100|[from] item: Leftovers
|-damage|p1a: Jirachi|76/100 brn|[from] brn
|upkeep
|turn|13
|
|switch|p2a: Heatran|Heatran, F|100/100
|-damage|p2a: Heatran|88/100|[from] Stealth Rock
|move|p1a: Jirachi|Energy Ball|p2a: Heatran
|-resisted|p2a: Heatran
|-damage|p2a: Heatran|85/100
|
|-heal|p2a: Heatran|92/100|[from] item: Leftovers
|-damage|p1a: Jirachi|63/100 brn|[from] brn
|upkeep
|turn|14
|
|switch|p1a: Latias|Latias, F|100/100
|move|p2a: Heatran|Stealth Rock|p1a: Latias
|-sidestart|p1: Seiji 15|move: Stealth Rock
|
|-heal|p2a: Heatran|98/100|[from] item: Leftovers
|upkeep
|turn|15
|
|switch|p2a: Jellicent|Jellicent, F|100/100
|-damage|p2a: Jellicent|88/100|[from] Stealth Rock
|move|p1a: Latias|Surf|p2a: Jellicent
|-heal|p2a: Jellicent|100/100|[from] ability: Water Absorb|[of] p1a: Latias
|
|upkeep
|turn|16
|
|move|p1a: Latias|Dragon Pulse|p2a: Jellicent
|-damage|p2a: Jellicent|67/100
|move|p2a: Jellicent|Will-O-Wisp|p1a: Latias
|-status|p1a: Latias|brn
|
|-heal|p2a: Jellicent|73/100|[from] item: Leftovers
|-damage|p1a: Latias|88/100 brn|[from] brn
|upkeep
|turn|17
|
|switch|p1a: Kyurem|Kyurem-Black|100/100
|-damage|p1a: Kyurem|75/100|[from] Stealth Rock
|-ability|p1a: Kyurem|Teravolt
|move|p2a: Jellicent|Taunt|p1a: Kyurem
|-start|p1a: Kyurem|move: Taunt
|
|-heal|p2a: Jellicent|79/100|[from] item: Leftovers
|upkeep
|turn|18
|
|switch|p2a: Forretress|Forretress, M|100/100
|-damage|p2a: Forretress|88/100|[from] Stealth Rock
|move|p1a: Kyurem|Outrage|p2a: Forretress
|-resisted|p2a: Forretress
|-crit|p2a: Forretress
|-damage|p2a: Forretress|12/100
|
|-heal|p2a: Forretress|18/100|[from] item: Leftovers
|upkeep
|turn|19
|
|move|p1a: Kyurem|Outrage|p2a: Forretress|[from]lockedmove
|-resisted|p2a: Forretress
|-damage|p2a: Forretress|0 fnt
|-start|p1a: Kyurem|confusion|[fatigue]
|faint|p2a: Forretress
|
|-end|p1a: Kyurem|move: Taunt
|upkeep
|
|switch|p2a: Heatran|Heatran, F|98/100
|-damage|p2a: Heatran|85/100|[from] Stealth Rock
|turn|20
|inactive|Seiji 15 has 120 seconds left.
|
|switch|p1a: Latias|Latias, F|88/100 brn
|-damage|p1a: Latias|76/100 brn|[from] Stealth Rock
|move|p2a: Heatran|Will-O-Wisp|p1a: Latias
|-fail|p1a: Latias|brn
|
|-heal|p1a: Latias|82/100 brn|[from] item: Leftovers
|-heal|p2a: Heatran|92/100|[from] item: Leftovers
|-damage|p1a: Latias|70/100 brn|[from] brn
|upkeep
|turn|21
|inactive|Seiji 15 has 120 seconds left.
|
|switch|p2a: Jellicent|Jellicent, F|79/100
|-damage|p2a: Jellicent|67/100|[from] Stealth Rock
|move|p1a: Latias|Dragon Pulse|p2a: Jellicent
|-damage|p2a: Jellicent|33/100
|
|-heal|p1a: Latias|76/100 brn|[from] item: Leftovers
|-heal|p2a: Jellicent|39/100|[from] item: Leftovers
|-damage|p1a: Latias|63/100 brn|[from] brn
|upkeep
|turn|22
|
|move|p1a: Latias|Psyshock|p2a: Jellicent
|-damage|p2a: Jellicent|9/100
|move|p2a: Jellicent|Recover|p2a: Jellicent
|-heal|p2a: Jellicent|59/100
|
|-heal|p1a: Latias|70/100 brn|[from] item: Leftovers
|-heal|p2a: Jellicent|65/100|[from] item: Leftovers
|-damage|p1a: Latias|57/100 brn|[from] brn
|upkeep
|turn|23
|inactive|Seiji 15 has 90 seconds left.
|
|switch|p1a: Kyurem|Kyurem-Black|75/100
|-damage|p1a: Kyurem|50/100|[from] Stealth Rock
|-ability|p1a: Kyurem|Teravolt
|move|p2a: Jellicent|Will-O-Wisp|p1a: Kyurem
|-status|p1a: Kyurem|brn
|
|-heal|p2a: Jellicent|71/100|[from] item: Leftovers
|-damage|p1a: Kyurem|38/100 brn|[from] brn
|upkeep
|turn|24
|inactive|Seiji 15 has 90 seconds left.
|inactive|Seiji 15 has 60 seconds left.
|inactive|fopdoodleSHMACK has 120 seconds left.
|
|switch|p1a: Latias|Latias, F|57/100 brn
|-damage|p1a: Latias|45/100 brn|[from] Stealth Rock
|move|p2a: Jellicent|Recover|p2a: Jellicent
|-heal|p2a: Jellicent|100/100
|
|-heal|p1a: Latias|51/100 brn|[from] item: Leftovers
|-damage|p1a: Latias|39/100 brn|[from] brn
|upkeep
|turn|25
|inactive|Seiji 15 has 60 seconds left.
|inactive|Seiji 15 has 30 seconds left.
|
|move|p1a: Latias|Healing Wish|p1a: Latias
|faint|p1a: Latias
|move|p2a: Jellicent|Taunt|p1: Latias|[notarget]
|-fail|p2a: Jellicent
|
|upkeep
|inactive|Seiji 15 has 30 seconds left.
|
|switch|p1a: Kyurem|Kyurem-Black|38/100 brn
|-heal|p1a: Kyurem|100/100|[from] move: Healing Wish
|-damage|p1a: Kyurem|75/100|[from] Stealth Rock
|-ability|p1a: Kyurem|Teravolt
|turn|26
|inactive|Seiji 15 has 30 seconds left.
|
|switch|p2a: Abomasnow|Abomasnow, F|100/100
|-damage|p2a: Abomasnow|76/100|[from] Stealth Rock
|-weather|Hail|[from] ability: Snow Warning|[of] p2a: Abomasnow
|move|p1a: Kyurem|Outrage|p2a: Abomasnow
|-damage|p2a: Abomasnow|0 fnt
|faint|p2a: Abomasnow
|
|-weather|Hail|[upkeep]
|upkeep
|
|switch|p2a: Heatran|Heatran, F|92/100
|-damage|p2a: Heatran|79/100|[from] Stealth Rock
|turn|27
|
|move|p1a: Kyurem|Outrage|p2a: Heatran|[from]lockedmove
|-resisted|p2a: Heatran
|-damage|p2a: Heatran|26/100
|move|p2a: Heatran|Will-O-Wisp|p1a: Kyurem
|-status|p1a: Kyurem|brn
|
|-weather|Hail|[upkeep]
|-damage|p2a: Heatran|20/100|[from] Hail
|-heal|p2a: Heatran|26/100|[from] item: Leftovers
|-damage|p1a: Kyurem|63/100 brn|[from] brn
|upkeep
|turn|28
|
|switch|p2a: Kyurem|Kyurem|100/100 par
|-damage|p2a: Kyurem|76/100 par|[from] Stealth Rock
|-ability|p2a: Kyurem|Pressure
|move|p1a: Kyurem|Outrage|p2a: Kyurem|[from]lockedmove
|-supereffective|p2a: Kyurem
|-damage|p2a: Kyurem|0 fnt
|-start|p1a: Kyurem|confusion|[fatigue]
|faint|p2a: Kyurem
|
|-weather|Hail|[upkeep]
|-damage|p1a: Kyurem|50/100 brn|[from] brn
|upkeep
|
|switch|p2a: Jellicent|Jellicent, F|100/100
|-damage|p2a: Jellicent|88/100|[from] Stealth Rock
|turn|29
|inactive|Seiji 15 has 60 seconds left.
|
|-activate|p1a: Kyurem|confusion
|move|p1a: Kyurem|Outrage|p2a: Jellicent
|-damage|p2a: Jellicent|31/100
|move|p2a: Jellicent|Recover|p2a: Jellicent
|-heal|p2a: Jellicent|81/100
|
|-weather|Hail|[upkeep]
|-damage|p2a: Jellicent|75/100|[from] Hail
|-heal|p2a: Jellicent|81/100|[from] item: Leftovers
|-damage|p1a: Kyurem|38/100 brn|[from] brn
|upkeep
|turn|30
|
|-activate|p1a: Kyurem|confusion
|-damage|p1a: Kyurem|26/100 brn|[from] confusion
|move|p2a: Jellicent|Recover|p2a: Jellicent
|-heal|p2a: Jellicent|100/100
|
|-weather|Hail|[upkeep]
|-damage|p2a: Jellicent|94/100|[from] Hail
|-heal|p2a: Jellicent|100/100|[from] item: Leftovers
|-damage|p1a: Kyurem|14/100 brn|[from] brn
|upkeep
|turn|31
|
|-activate|p1a: Kyurem|confusion
|-damage|p1a: Kyurem|2/100 brn|[from] confusion
|move|p2a: Jellicent|Recover||[still]
|-fail|p2a: Jellicent
|
|-weather|Hail|[upkeep]
|-damage|p2a: Jellicent|94/100|[from] Hail
|-heal|p2a: Jellicent|100/100|[from] item: Leftovers
|-damage|p1a: Kyurem|0 fnt|[from] brn
|upkeep
|faint|p1a: Kyurem
|inactive|Seiji 15 has 60 seconds left.
|
|switch|p1a: Magnezone|Magnezone|100/100
|-damage|p1a: Magnezone|94/100|[from] Stealth Rock
|turn|32
|inactive|Seiji 15 has 60 seconds left.
|
|switch|p2a: Heatran|Heatran, F|26/100
|-damage|p2a: Heatran|14/100|[from] Stealth Rock
|move|p1a: Magnezone|Sunny Day|p1a: Magnezone
|-weather|SunnyDay
|
|-weather|SunnyDay|[upkeep]
|-heal|p2a: Heatran|20/100|[from] item: Leftovers
|upkeep
|turn|33
|
|move|p1a: Magnezone|Thunderbolt|p2a: Heatran
|-crit|p2a: Heatran
|-damage|p2a: Heatran|0 fnt
|faint|p2a: Heatran
|
|-weather|SunnyDay|[upkeep]
|upkeep
|
|switch|p2a: Gliscor|Gliscor, M|100/100 tox
|-damage|p2a: Gliscor|88/100 tox|[from] Stealth Rock
|turn|34
|inactive|Seiji 15 has 60 seconds left.
|
|move|p2a: Gliscor|Toxic|p1a: Magnezone
|-immune|p1a: Magnezone
|move|p1a: Magnezone|Hidden Power|p2a: Gliscor
|-damage|p2a: Gliscor|40/100 tox
|
|-weather|SunnyDay|[upkeep]
|-heal|p2a: Gliscor|52/100 tox|[from] ability: Poison Heal
|upkeep
|turn|35
|
|move|p2a: Gliscor|Protect|p2a: Gliscor
|-singleturn|p2a: Gliscor|Protect
|move|p1a: Magnezone|Hidden Power|p2a: Gliscor
|-activate|p2a: Gliscor|move: Protect
|
|-weather|SunnyDay|[upkeep]
|-heal|p2a: Gliscor|65/100 tox|[from] ability: Poison Heal
|upkeep
|turn|36
|inactive|Seiji 15 has 30 seconds left.
|
|move|p2a: Gliscor|Earthquake|p1a: Magnezone
|-supereffective|p1a: Magnezone
|-damage|p1a: Magnezone|0 fnt
|faint|p1a: Magnezone
|
|-weather|none
|-heal|p2a: Gliscor|77/100 tox|[from] ability: Poison Heal
|upkeep
|inactive|Seiji 15 has 30 seconds left.
|inactive|Seiji 15 has 20 seconds left.
|inactive|Seiji 15 has 15 seconds left.
|inactive|Seiji 15 has 10 seconds left.
|
|switch|p1a: Jirachi|Jirachi|63/100 brn
|-damage|p1a: Jirachi|57/100 brn|[from] Stealth Rock
|turn|37
|inactive|Seiji 15 has 15 seconds left.
|inactive|Seiji 15 has 10 seconds left.
|
|move|p2a: Gliscor|Protect|p2a: Gliscor
|-singleturn|p2a: Gliscor|Protect
|move|p1a: Jirachi|Icy Wind|p2a: Gliscor
|-activate|p2a: Gliscor|move: Protect
|
|-damage|p1a: Jirachi|45/100 brn|[from] brn
|-heal|p2a: Gliscor|89/100 tox|[from] ability: Poison Heal
|upkeep
|turn|38
|inactive|Seiji 15 has 15 seconds left.
|inactive|Seiji 15 has 10 seconds left.
|inactive|Seiji 15 has 5 seconds left.
|
|switch|p2a: Jellicent|Jellicent, F|100/100
|-damage|p2a: Jellicent|88/100|[from] Stealth Rock
|move|p1a: Jirachi|Energy Ball|p2a: Jellicent
|-supereffective|p2a: Jellicent
|-damage|p2a: Jellicent|56/100
|
|-heal|p2a: Jellicent|62/100|[from] item: Leftovers
|-damage|p1a: Jirachi|32/100 brn|[from] brn
|upkeep
|turn|39
|inactive|Seiji 15 has 10 seconds left.
|
|move|p1a: Jirachi|Energy Ball|p2a: Jellicent
|-supereffective|p2a: Jellicent
|-damage|p2a: Jellicent|30/100
|move|p2a: Jellicent|Recover|p2a: Jellicent
|-heal|p2a: Jellicent|80/100
|
|-heal|p2a: Jellicent|86/100|[from] item: Leftovers
|-damage|p1a: Jirachi|20/100 brn|[from] brn
|upkeep
|turn|40
|
|move|p1a: Jirachi|Energy Ball|p2a: Jellicent
|-supereffective|p2a: Jellicent
|-damage|p2a: Jellicent|58/100
|move|p2a: Jellicent|Recover|p2a: Jellicent
|-heal|p2a: Jellicent|100/100
|
|-damage|p1a: Jirachi|7/100 brn|[from] brn
|upkeep
|turn|41
|
|move|p1a: Jirachi|Energy Ball|p2a: Jellicent
|-supereffective|p2a: Jellicent
|-damage|p2a: Jellicent|70/100
|move|p2a: Jellicent|Recover|p2a: Jellicent
|-heal|p2a: Jellicent|100/100
|
|-damage|p1a: Jirachi|0 fnt|[from] brn
|upkeep
|faint|p1a: Jirachi
|inactive|Seiji 15 has 30 seconds left.
|
|switch|p1a: Gyarados|Gyarados, M|32/100
|-damage|p1a: Gyarados|7/100|[from] Stealth Rock
|-ability|p1a: Gyarados|Intimidate|boost
|-unboost|p2a: Jellicent|atk|1
|turn|42
|
|move|p1a: Gyarados|Dragon Dance|p1a: Gyarados
|-boost|p1a: Gyarados|atk|1
|-boost|p1a: Gyarados|spe|1
|move|p2a: Jellicent|Surf|p1a: Gyarados
|-resisted|p1a: Gyarados
|-damage|p1a: Gyarados|0 fnt
|faint|p1a: Gyarados
|
|upkeep
|-message|Seiji 15 forfeited.
|
|win|fopdoodleSHMACK
|l|☆Seiji 15
|raw|Seiji 15's rating: 1464 &rarr; <strong>1442</strong><br />(-22 for losing)
|raw|fopdoodleSHMACK's rating: 1436 &rarr; <strong>1457</strong><br />(+21 for winning)
