|j|☆cdrgcde
|j|☆shadowist
|t:|1743666788
|gametype|singles
|player|p1|cdrgcde|dawn|1352
|player|p2|shadowist|ghetsis|1443
|teamsize|p1|6
|teamsize|p2|6
|gen|5
|tier|[Gen 5] OU
|rated|
|rule|Species Clause: Limit one of each Pokémon
|rule|OHKO Clause: OHKO moves are banned
|rule|Moody Clause: Moody is banned
|rule|Evasion Items Clause: Evasion items are banned
|rule|Evasion Moves Clause: Evasion moves are banned
|rule|Endless Battle Clause: Forcing endless battles is banned
|rule|HP Percentage Mod: HP is shown in percentages
|rule|Evasion Abilities Clause: Evasion abilities are banned
|rule|Sleep Moves Clause: Sleep-inducing moves are banned
|rule|Swagger Clause: Swagger is banned
|rule|Baton Pass Stat Clause: No Baton Passer may have a way to boost its stats
|clearpoke
|poke|p1|Politoed, M|item
|poke|p1|Jirachi|item
|poke|p1|Scizor, F|item
|poke|p1|Starmie|item
|poke|p1|Dragonite, F|item
|poke|p1|Ferrothorn, M|item
|poke|p2|Politoed, F|item
|poke|p2|Gastrodon, M|item
|poke|p2|Starmie|item
|poke|p2|Volcarona, F|item
|poke|p2|Toxicroak, F|item
|poke|p2|Bronzong|item
|teampreview
|inactive|Battle timer is ON: inactive players will automatically lose when time's up. (requested by cdrgcde)
|inactive|cdrgcde has 120 seconds left.
|inactive|shadowist has 120 seconds left.
|inactive|shadowist has 90 seconds left.
|inactive|shadowist has 60 seconds left.
|
|t:|1743666882
|start
|switch|p1a: Ferrothorn|Ferrothorn, M|100/100
|switch|p2a: Bronzong|Bronzong|100/100
|turn|1
|
|t:|1743666887
|move|p1a: Ferrothorn|Stealth Rock|p2a: Bronzong
|-sidestart|p2: shadowist|move: Stealth Rock
|move|p2a: Bronzong|Stealth Rock|p1a: Ferrothorn
|-sidestart|p1: cdrgcde|move: Stealth Rock
|
|upkeep
|turn|2
|
|t:|1743666898
|switch|p2a: Politoed|Politoed, F|100/100
|-damage|p2a: Politoed|88/100|[from] Stealth Rock
|-weather|RainDance|[from] ability: Drizzle|[of] p2a: Politoed
|move|p1a: Ferrothorn|Spikes|p2a: Politoed
|-sidestart|p2: shadowist|Spikes
|
|-weather|RainDance|[upkeep]
|upkeep
|turn|3
|
|t:|1743666906
|move|p2a: Politoed|Focus Blast|p1a: Ferrothorn
|-supereffective|p1a: Ferrothorn
|-damage|p1a: Ferrothorn|36/100
|-unboost|p1a: Ferrothorn|spd|1
|move|p1a: Ferrothorn|Power Whip|p2a: Politoed
|-supereffective|p2a: Politoed
|-damage|p2a: Politoed|6/100
|
|-weather|RainDance|[upkeep]
|-heal|p1a: Ferrothorn|43/100|[from] item: Leftovers
|upkeep
|turn|4
|
|t:|1743666915
|switch|p1a: Starmie|Starmie|100/100
|-damage|p1a: Starmie|88/100|[from] Stealth Rock
|-item|p1a: Starmie|Air Balloon
|move|p2a: Politoed|Focus Blast|p1a: Starmie
|-resisted|p1a: Starmie
|-damage|p1a: Starmie|50/100
|-enditem|p1a: Starmie|Air Balloon
|
|-weather|RainDance|[upkeep]
|upkeep
|turn|5
|
|t:|1743666935
|switch|p2a: Bronzong|Bronzong|100/100
|-damage|p2a: Bronzong|94/100|[from] Stealth Rock
|move|p1a: Starmie|Rapid Spin|p2a: Bronzong
|-resisted|p2a: Bronzong
|-damage|p2a: Bronzong|93/100
|-sideend|p1: cdrgcde|Stealth Rock|[from] move: Rapid Spin|[of] p1a: Starmie
|
|-weather|RainDance|[upkeep]
|-heal|p2a: Bronzong|99/100|[from] item: Leftovers
|upkeep
|turn|6
|
|t:|1743666943
|move|p1a: Starmie|Hydro Pump|p2a: Bronzong
|-damage|p2a: Bronzong|42/100
|move|p2a: Bronzong|Toxic|p1a: Starmie
|-status|p1a: Starmie|tox
|
|-weather|RainDance|[upkeep]
|-heal|p2a: Bronzong|48/100|[from] item: Leftovers
|-damage|p1a: Starmie|44/100 tox|[from] psn
|upkeep
|turn|7
|
|t:|1743666953
|switch|p1a: Scizor|Scizor, F|100/100
|switch|p2a: Gastrodon|Gastrodon, M|100/100
|-damage|p2a: Gastrodon|94/100|[from] Stealth Rock
|-damage|p2a: Gastrodon|82/100|[from] Spikes
|
|-weather|RainDance|[upkeep]
|-heal|p2a: Gastrodon|88/100|[from] item: Leftovers
|upkeep
|turn|8
|
|t:|1743666962
|move|p1a: Scizor|U-turn|p2a: Gastrodon
|-damage|p2a: Gastrodon|25/100
|
|t:|1743666968
|switch|p1a: Ferrothorn|Ferrothorn, M|43/100|[from] U-turn
|move|p2a: Gastrodon|Scald|p1a: Ferrothorn
|-resisted|p1a: Ferrothorn
|-damage|p1a: Ferrothorn|30/100
|-status|p1a: Ferrothorn|brn
|
|-weather|RainDance|[upkeep]
|-heal|p2a: Gastrodon|31/100|[from] item: Leftovers
|-heal|p1a: Ferrothorn|36/100 brn|[from] item: Leftovers
|-damage|p1a: Ferrothorn|24/100 brn|[from] brn
|upkeep
|turn|9
|
|t:|1743666981
|switch|p2a: Politoed|Politoed, F|6/100
|-damage|p2a: Politoed|0 fnt|[from] Stealth Rock
|faint|p2a: Politoed
|move|p1a: Ferrothorn|Explosion|p2: Politoed|[notarget]
|-fail|p1a: Ferrothorn
|faint|p1a: Ferrothorn
|
|-weather|RainDance|[upkeep]
|upkeep
|
|t:|1743667008
|switch|p2a: Starmie|Starmie|100/100
|switch|p1a: Starmie|Starmie|44/100 tox
|-damage|p2a: Starmie|88/100|[from] Stealth Rock
|-damage|p2a: Starmie|76/100|[from] Spikes
|turn|10
|
|t:|1743667014
|move|p2a: Starmie|Rapid Spin|p1a: Starmie
|-damage|p1a: Starmie|39/100 tox
|-sideend|p2: shadowist|Spikes|[from] move: Rapid Spin|[of] p2a: Starmie
|-sideend|p2: shadowist|Stealth Rock|[from] move: Rapid Spin|[of] p2a: Starmie
|move|p1a: Starmie|Thunder|p2a: Starmie
|-supereffective|p2a: Starmie
|-damage|p2a: Starmie|0 fnt
|faint|p2a: Starmie
|
|-weather|RainDance|[upkeep]
|-damage|p1a: Starmie|33/100 tox|[from] psn
|upkeep
|
|t:|1743667031
|switch|p2a: Bronzong|Bronzong|48/100
|turn|11
|
|t:|1743667035
|switch|p2a: Gastrodon|Gastrodon, M|31/100
|move|p1a: Starmie|Hydro Pump|p2a: Gastrodon
|-ability|p2a: Gastrodon|Storm Drain|boost
|-boost|p2a: Gastrodon|spa|1
|
|-weather|RainDance|[upkeep]
|-heal|p2a: Gastrodon|38/100|[from] item: Leftovers
|-damage|p1a: Starmie|20/100 tox|[from] psn
|upkeep
|turn|12
|
|t:|1743667047
|switch|p1a: Scizor|Scizor, F|100/100
|move|p2a: Gastrodon|Recover|p2a: Gastrodon
|-heal|p2a: Gastrodon|88/100
|
|-weather|RainDance|[upkeep]
|-heal|p2a: Gastrodon|94/100|[from] item: Leftovers
|upkeep
|turn|13
|
|t:|1743667054
|move|p1a: Scizor|U-turn|p2a: Gastrodon
|-damage|p2a: Gastrodon|30/100
|
|t:|1743667057
|switch|p1a: Starmie|Starmie|20/100 tox|[from] U-turn
|move|p2a: Gastrodon|Scald|p1a: Starmie
|-resisted|p1a: Starmie
|-damage|p1a: Starmie|0 fnt
|faint|p1a: Starmie
|
|-weather|RainDance|[upkeep]
|-heal|p2a: Gastrodon|36/100|[from] item: Leftovers
|upkeep
|
|t:|1743667058
|switch|p1a: Scizor|Scizor, F|100/100
|turn|14
|
|t:|1743667072
|move|p1a: Scizor|U-turn|p2a: Gastrodon
|-damage|p2a: Gastrodon|0 fnt
|faint|p2a: Gastrodon
|
|t:|1743667092
|switch|p1a: Dragonite|Dragonite, F|100/100|[from] U-turn
|
|-weather|RainDance|[upkeep]
|upkeep
|
|t:|1743667096
|switch|p2a: Bronzong|Bronzong|48/100
|turn|15
|
|t:|1743667100
|move|p1a: Dragonite|Dragon Dance|p1a: Dragonite
|-boost|p1a: Dragonite|atk|1
|-boost|p1a: Dragonite|spe|1
|move|p2a: Bronzong|Toxic|p1a: Dragonite
|-status|p1a: Dragonite|tox
|
|-weather|RainDance|[upkeep]
|-heal|p2a: Bronzong|55/100|[from] item: Leftovers
|-damage|p1a: Dragonite|94/100 tox|[from] psn
|upkeep
|turn|16
|
|t:|1743667114
|move|p1a: Dragonite|Outrage|p2a: Bronzong
|-resisted|p2a: Bronzong
|-damage|p2a: Bronzong|13/100
|move|p2a: Bronzong|Hidden Power|p1a: Dragonite
|-supereffective|p1a: Dragonite
|-enditem|p1a: Dragonite|Yache Berry|[eat]
|-enditem|p1a: Dragonite|Yache Berry|[weaken]
|-damage|p1a: Dragonite|70/100 tox
|
|-weather|RainDance|[upkeep]
|-heal|p2a: Bronzong|19/100|[from] item: Leftovers
|-damage|p1a: Dragonite|58/100 tox|[from] psn
|upkeep
|turn|17
|
|t:|1743667124
|move|p1a: Dragonite|Outrage|p2a: Bronzong|[from] lockedmove
|-resisted|p2a: Bronzong
|-damage|p2a: Bronzong|0 fnt
|faint|p2a: Bronzong
|
|-weather|RainDance|[upkeep]
|-damage|p1a: Dragonite|39/100 tox|[from] psn
|upkeep
|inactive|shadowist has 120 seconds left.
|
|t:|1743667174
|switch|p2a: Volcarona|Volcarona, F|100/100
|turn|18
|
|t:|1743667182
|move|p1a: Dragonite|Outrage|p2a: Volcarona|[from] lockedmove
|-damage|p2a: Volcarona|0 fnt
|faint|p2a: Volcarona
|-start|p1a: Dragonite|confusion|[fatigue]
|
|-weather|RainDance|[upkeep]
|-damage|p1a: Dragonite|14/100 tox|[from] psn
|upkeep
|
|t:|1743667189
|switch|p2a: Toxicroak|Toxicroak, F, shiny|100/100
|turn|19
|
|t:|1743667192
|switch|p1a: Politoed|Politoed, M|100/100
|move|p2a: Toxicroak|Sucker Punch||[still]
|-fail|p2a: Toxicroak
|
|-weather|RainDance|[upkeep]
|upkeep
|turn|20
|inactive|shadowist has 120 seconds left.
|
|t:|1743667199
|move|p2a: Toxicroak|Swords Dance|p2a: Toxicroak
|-boost|p2a: Toxicroak|atk|2
|move|p1a: Politoed|Encore|p2a: Toxicroak
|-start|p2a: Toxicroak|Encore
|
|-weather|RainDance|[upkeep]
|upkeep
|turn|21
|
|t:|1743667205
|switch|p1a: Jirachi|Jirachi|100/100
|move|p2a: Toxicroak|Swords Dance|p2a: Toxicroak
|-boost|p2a: Toxicroak|atk|2
|
|-weather|RainDance|[upkeep]
|upkeep
|turn|22
|
|t:|1743667211
|move|p1a: Jirachi|Trick|p2a: Toxicroak
|-activate|p1a: Jirachi|move: Trick|[of] p2a: Toxicroak
|-item|p2a: Toxicroak|Choice Scarf|[from] move: Trick
|-item|p1a: Jirachi|Life Orb|[from] move: Trick
|move|p2a: Toxicroak|Swords Dance|p2a: Toxicroak
|-boost|p2a: Toxicroak|atk|2
|
|-weather|RainDance|[upkeep]
|upkeep
|turn|23
|
|t:|1743667217
|move|p2a: Toxicroak|Swords Dance|p2a: Toxicroak
|-boost|p2a: Toxicroak|atk|0
|move|p1a: Jirachi|Healing Wish|p1a: Jirachi
|faint|p1a: Jirachi
|
|-weather|RainDance|[upkeep]
|-end|p2a: Toxicroak|Encore
|upkeep
|
|t:|1743667219
|switch|p1a: Dragonite|Dragonite, F|14/100 tox
|-heal|p1a: Dragonite|100/100|[from] move: Healing Wish
|turn|24
|
|t:|1743667227
|move|p2a: Toxicroak|Swords Dance|p2a: Toxicroak
|-boost|p2a: Toxicroak|atk|0
|move|p1a: Dragonite|Earthquake|p2a: Toxicroak
|-supereffective|p2a: Toxicroak
|-damage|p2a: Toxicroak|0 fnt
|faint|p2a: Toxicroak
|
|win|cdrgcde
|raw|cdrgcde's rating: 1352 &rarr; <strong>1377</strong><br />(+25 for winning)
|raw|shadowist's rating: 1443 &rarr; <strong>1418</strong><br />(-25 for losing)
|l|☆shadowist
|player|p2|
