|j|☆Blaise Mister B
|j|☆The Commune
|t:|1723596139
|gametype|singles
|player|p1|Blaise Mister B|n|1294
|player|p2|The Commune|fisherman-gen3|1443
|teamsize|p1|6
|teamsize|p2|6
|gen|5
|tier|[Gen 5] OU
|rated|
|rule|Species Clause: Limit one of each Pokémon
|rule|OHKO Clause: OHKO moves are banned
|rule|Moody Clause: Moody is banned
|rule|Evasion Items Clause: Evasion items are banned
|rule|Evasion Moves Clause: Evasion moves are banned
|rule|Endless Battle Clause: Forcing endless battles is banned
|rule|HP Percentage Mod: HP is shown in percentages
|rule|Evasion Abilities Clause: Evasion abilities are banned
|rule|Sleep Moves Clause: Sleep-inducing moves are banned
|rule|Swagger Clause: Swagger is banned
|rule|Baton Pass Stat Clause: No Baton Passer may have a way to boost its stats
|clearpoke
|poke|p1|Garchomp, M|item
|poke|p1|Latios, M|item
|poke|p1|Breloom, F|item
|poke|p1|Scizor, M|item
|poke|p1|Jirachi|item
|poke|p1|Gliscor, M|item
|poke|p2|Alakazam, M|item
|poke|p2|Skarmory, F|item
|poke|p2|Tyranitar, F|item
|poke|p2|Mamoswine, F|item
|poke|p2|Jellicent, F|item
|poke|p2|Excadrill, F|item
|teampreview
|inactive|Battle timer is ON: inactive players will automatically lose when time's up. (requested by The Commune)
|
|t:|1723596162
|start
|switch|p1a: Garchomp|Garchomp, M|100/100
|switch|p2a: Skarmory|Skarmory, F|100/100
|turn|1
|
|t:|1723596175
|move|p1a: Garchomp|Fire Blast|p2a: Skarmory|[miss]
|-miss|p1a: Garchomp|p2a: Skarmory
|move|p2a: Skarmory|Stealth Rock|p1a: Garchomp
|-sidestart|p1: Blaise Mister B|move: Stealth Rock
|
|upkeep
|turn|2
|
|t:|1723596179
|move|p1a: Garchomp|Stealth Rock|p2a: Skarmory
|-sidestart|p2: The Commune|move: Stealth Rock
|move|p2a: Skarmory|Spikes|p1a: Garchomp
|-sidestart|p1: Blaise Mister B|Spikes
|
|upkeep
|turn|3
|
|t:|1723596184
|move|p1a: Garchomp|Fire Blast|p2a: Skarmory
|-supereffective|p2a: Skarmory
|-damage|p2a: Skarmory|4/100
|move|p2a: Skarmory|Spikes|p1a: Garchomp
|-sidestart|p1: Blaise Mister B|Spikes
|
|upkeep
|turn|4
|-enditem|p2a: Skarmory|Custap Berry|[eat]
|-activate|p2a: Skarmory|item: Custap Berry|[consumed]
|
|t:|1723596191
|move|p2a: Skarmory|Spikes|p1a: Garchomp
|-sidestart|p1: Blaise Mister B|Spikes
|move|p1a: Garchomp|Fire Blast|p2a: Skarmory
|-supereffective|p2a: Skarmory
|-damage|p2a: Skarmory|0 fnt
|faint|p2a: Skarmory
|
|upkeep
|
|t:|1723596193
|switch|p2a: Mamoswine|Mamoswine, F|100/100
|-damage|p2a: Mamoswine|88/100|[from] Stealth Rock
|turn|5
|
|t:|1723596201
|move|p1a: Garchomp|Draco Meteor|p2a: Mamoswine
|-damage|p2a: Mamoswine|18/100
|-unboost|p1a: Garchomp|spa|2
|move|p2a: Mamoswine|Icicle Crash|p1a: Garchomp
|-supereffective|p1a: Garchomp
|-enditem|p1a: Garchomp|Focus Sash
|-damage|p1a: Garchomp|1/100
|
|upkeep
|turn|6
|
|t:|1723596208
|move|p2a: Mamoswine|Ice Shard|p1a: Garchomp
|-supereffective|p1a: Garchomp
|-damage|p1a: Garchomp|0 fnt
|faint|p1a: Garchomp
|
|upkeep
|
|t:|1723596228
|switch|p1a: Scizor|Scizor, M|100/100
|-damage|p1a: Scizor|88/100|[from] Stealth Rock
|-damage|p1a: Scizor|63/100|[from] Spikes
|turn|7
|
|t:|1723596232
|move|p1a: Scizor|Bullet Punch|p2a: Mamoswine
|-supereffective|p2a: Mamoswine
|-damage|p2a: Mamoswine|0 fnt
|faint|p2a: Mamoswine
|-damage|p1a: Scizor|53/100|[from] item: Life Orb
|
|upkeep
|
|t:|1723596236
|switch|p2a: Excadrill|Excadrill, F|100/100
|-damage|p2a: Excadrill|97/100|[from] Stealth Rock
|turn|8
|
|t:|1723596257
|switch|p1a: Gliscor|Gliscor, M|100/100
|-damage|p1a: Gliscor|88/100|[from] Stealth Rock
|move|p2a: Excadrill|Earthquake|p1a: Gliscor
|-immune|p1a: Gliscor
|
|-status|p1a: Gliscor|tox|[from] item: Toxic Orb
|upkeep
|turn|9
|inactive|Blaise Mister B has 120 seconds left.
|
|t:|1723596280
|switch|p2a: Jellicent|Jellicent, F|100/100
|-damage|p2a: Jellicent|88/100|[from] Stealth Rock
|-item|p2a: Jellicent|Air Balloon
|move|p1a: Gliscor|Earthquake|p2a: Jellicent
|-immune|p2a: Jellicent
|
|-heal|p1a: Gliscor|100/100 tox|[from] ability: Poison Heal
|upkeep
|turn|10
|
|t:|1723596295
|move|p1a: Gliscor|U-turn|p2a: Jellicent
|-resisted|p2a: Jellicent
|-damage|p2a: Jellicent|81/100
|-enditem|p2a: Jellicent|Air Balloon
|inactive|Blaise Mister B has 120 seconds left.
|
|t:|1723596305
|switch|p1a: Latios|Latios, M|100/100|[from] U-turn
|-damage|p1a: Latios|88/100|[from] Stealth Rock
|move|p2a: Jellicent|Taunt|p1a: Latios
|-start|p1a: Latios|move: Taunt
|
|upkeep
|turn|11
|inactive|Blaise Mister B has 120 seconds left.
|
|t:|1723596316
|switch|p2a: Tyranitar|Tyranitar, F|100/100
|-damage|p2a: Tyranitar|88/100|[from] Stealth Rock
|-weather|Sandstorm|[from] ability: Sand Stream|[of] p2a: Tyranitar
|move|p1a: Latios|Draco Meteor|p2a: Tyranitar
|-damage|p2a: Tyranitar|43/100
|-unboost|p1a: Latios|spa|2
|
|-weather|Sandstorm|[upkeep]
|-damage|p1a: Latios|82/100|[from] Sandstorm
|upkeep
|turn|12
|
|t:|1723596325
|move|p1a: Latios|Draco Meteor|p2a: Tyranitar
|-damage|p2a: Tyranitar|20/100
|-unboost|p1a: Latios|spa|2
|move|p2a: Tyranitar|Pursuit|p1a: Latios
|-supereffective|p1a: Latios
|-damage|p1a: Latios|34/100
|
|-weather|Sandstorm|[upkeep]
|-damage|p1a: Latios|28/100|[from] Sandstorm
|-end|p1a: Latios|move: Taunt
|upkeep
|turn|13
|
|t:|1723596331
|move|p1a: Latios|Draco Meteor|p2a: Tyranitar
|-damage|p2a: Tyranitar|4/100
|-unboost|p1a: Latios|spa|2
|move|p2a: Tyranitar|Pursuit|p1a: Latios
|-supereffective|p1a: Latios
|-damage|p1a: Latios|0 fnt
|faint|p1a: Latios
|
|-weather|Sandstorm|[upkeep]
|upkeep
|inactive|Blaise Mister B has 120 seconds left.
|
|t:|1723596352
|switch|p1a: Gliscor|Gliscor, M|100/100 tox
|-damage|p1a: Gliscor|88/100 tox|[from] Stealth Rock
|turn|14
|
|t:|1723596370
|move|p1a: Gliscor|U-turn|p2a: Tyranitar
|-supereffective|p2a: Tyranitar
|-damage|p2a: Tyranitar|0 fnt
|faint|p2a: Tyranitar
|inactive|Blaise Mister B has 120 seconds left.
|
|t:|1723596381
|switch|p1a: Jirachi|Jirachi|100/100|[from] U-turn
|-damage|p1a: Jirachi|94/100|[from] Stealth Rock
|-damage|p1a: Jirachi|69/100|[from] Spikes
|
|-weather|Sandstorm|[upkeep]
|-heal|p1a: Jirachi|75/100|[from] item: Leftovers
|upkeep
|
|t:|1723596395
|switch|p2a: Excadrill|Excadrill, F|97/100
|-damage|p2a: Excadrill|94/100|[from] Stealth Rock
|turn|15
|
|t:|1723596400
|switch|p1a: Gliscor|Gliscor, M|88/100 tox
|-damage|p1a: Gliscor|75/100 tox|[from] Stealth Rock
|move|p2a: Excadrill|Iron Head|p1a: Gliscor
|-damage|p1a: Gliscor|41/100 tox
|
|-weather|Sandstorm|[upkeep]
|-heal|p1a: Gliscor|54/100 tox|[from] ability: Poison Heal
|upkeep
|turn|16
|
|t:|1723596410
|move|p2a: Excadrill|Iron Head|p1a: Gliscor
|-damage|p1a: Gliscor|16/100 tox
|cant|p1a: Gliscor|flinch
|
|-weather|Sandstorm|[upkeep]
|-heal|p1a: Gliscor|28/100 tox|[from] ability: Poison Heal
|upkeep
|turn|17
|
|t:|1723596414
|move|p1a: Gliscor|Protect|p1a: Gliscor
|-singleturn|p1a: Gliscor|Protect
|move|p2a: Excadrill|Iron Head|p1a: Gliscor
|-activate|p1a: Gliscor|move: Protect
|
|-weather|Sandstorm|[upkeep]
|-heal|p1a: Gliscor|41/100 tox|[from] ability: Poison Heal
|upkeep
|turn|18
|
|t:|1723596419
|move|p2a: Excadrill|Iron Head|p1a: Gliscor
|-damage|p1a: Gliscor|5/100 tox
|move|p1a: Gliscor|Earthquake|p2a: Excadrill
|-supereffective|p2a: Excadrill
|-damage|p2a: Excadrill|0 fnt
|faint|p2a: Excadrill
|
|-weather|Sandstorm|[upkeep]
|-heal|p1a: Gliscor|18/100 tox|[from] ability: Poison Heal
|upkeep
|
|t:|1723596421
|switch|p2a: Alakazam|Alakazam, M|100/100
|turn|19
|
|t:|1723596428
|move|p2a: Alakazam|Psychic|p1a: Gliscor
|-damage|p1a: Gliscor|0 fnt
|faint|p1a: Gliscor
|
|-weather|Sandstorm|[upkeep]
|upkeep
|
|t:|1723596442
|switch|p1a: Jirachi|Jirachi|75/100
|-damage|p1a: Jirachi|69/100|[from] Stealth Rock
|-damage|p1a: Jirachi|44/100|[from] Spikes
|turn|20
|
|t:|1723596449
|move|p2a: Alakazam|Hidden Power|p1a: Jirachi
|-supereffective|p1a: Jirachi
|-damage|p1a: Jirachi|4/100
|move|p1a: Jirachi|U-turn|p2a: Alakazam
|-supereffective|p2a: Alakazam
|-damage|p2a: Alakazam|35/100
|
|t:|1723596460
|switch|p1a: Breloom|Breloom, F|100/100|[from] U-turn
|-damage|p1a: Breloom|94/100|[from] Stealth Rock
|-damage|p1a: Breloom|69/100|[from] Spikes
|
|-weather|Sandstorm|[upkeep]
|-damage|p1a: Breloom|63/100|[from] Sandstorm
|upkeep
|turn|21
|
|t:|1723596463
|move|p1a: Breloom|Mach Punch|p2a: Alakazam
|-resisted|p2a: Alakazam
|-damage|p2a: Alakazam|0 fnt
|faint|p2a: Alakazam
|-damage|p1a: Breloom|53/100|[from] item: Life Orb
|
|-weather|Sandstorm|[upkeep]
|-damage|p1a: Breloom|47/100|[from] Sandstorm
|upkeep
|
|t:|1723596465
|switch|p2a: Jellicent|Jellicent, F|81/100
|-damage|p2a: Jellicent|69/100|[from] Stealth Rock
|turn|22
|
|t:|1723596468
|move|p1a: Breloom|Bullet Seed|p2a: Jellicent
|-supereffective|p2a: Jellicent
|-damage|p2a: Jellicent|23/100
|-supereffective|p2a: Jellicent
|-damage|p2a: Jellicent|0 fnt
|faint|p2a: Jellicent
|-hitcount|p2: Jellicent|2
|-damage|p1a: Breloom|37/100|[from] item: Life Orb
|
|win|Blaise Mister B
|raw|Blaise Mister B's rating: 1294 &rarr; <strong>1329</strong><br />(+35 for winning)
|raw|The Commune's rating: 1443 &rarr; <strong>1415</strong><br />(-28 for losing)
|c|☆The Commune|gg
|c|☆Blaise Mister B|gg
