|j|☆Shoka
|j|☆CroCoeur
|player|p1|Shoka|226
|player|p2|CroCoeur|161
|teamsize|p1|6
|teamsize|p2|6
|gametype|singles
|gen|5
|tier|[Gen 5] OU
|rated|
|rule|Sleep Clause Mod: Limit one foe put to sleep
|rule|Species Clause: Limit one of each Pokémon
|rule|OHKO Clause: OHKO moves are banned
|rule|Moody Clause: Moody is banned
|rule|Evasion Moves Clause: Evasion moves are banned
|rule|Endless Battle Clause: Forcing endless battles is banned
|rule|HP Percentage Mod: HP is shown in percentages
|rule|Evasion Abilities Clause: Evasion abilities are banned
|rule|Baton Pass Clause: Limit one Baton Passer, can't pass Spe and other stats simultaneously
|rule|Swagger Clause: Swagger is banned
|clearpoke
|poke|p1|Alakazam, M|item
|poke|p1|Tyranitar, F|item
|poke|p1|Excadrill, F|item
|poke|p1|Landorus-Therian, M|item
|poke|p1|Ferrothorn, M|item
|poke|p1|Latios, M|item
|poke|p2|Politoed, M|item
|poke|p2|Vaporeon, F|item
|poke|p2|Celebi|item
|poke|p2|Ferrothorn, M|item
|poke|p2|Latios, M|item
|poke|p2|Jirachi|item
|teampreview
|inactive|Battle timer is ON: inactive players will automatically lose when time's up. (requested by CroCoeur)
|
|start
|switch|p1a: Tyranitar|Tyranitar, F|100/100
|switch|p2a: Politoed|Politoed, M|100/100
|-weather|RainDance|[from] ability: Drizzle|[of] p2a: Politoed
|-weather|Sandstorm|[from] ability: Sand Stream|[of] p1a: Tyranitar
|turn|1
|
|move|p2a: Politoed|Hydro Pump|p1a: Tyranitar
|-supereffective|p1a: Tyranitar
|-damage|p1a: Tyranitar|54/100
|move|p1a: Tyranitar|Stealth Rock|p2a: Politoed
|-sidestart|p2: CroCoeur|move: Stealth Rock
|
|-weather|Sandstorm|[upkeep]
|-damage|p2a: Politoed|94/100|[from] Sandstorm
|upkeep
|turn|2
|
|switch|p2a: Ferrothorn|Ferrothorn, M|100/100
|-damage|p2a: Ferrothorn|94/100|[from] Stealth Rock
|switch|p1a: Ferrothorn|Ferrothorn, M|100/100
|
|-weather|Sandstorm|[upkeep]
|-heal|p2a: Ferrothorn|100/100|[from] item: Leftovers
|upkeep
|turn|3
|
|move|p1a: Ferrothorn|Spikes|p2a: Ferrothorn
|-sidestart|p2: CroCoeur|Spikes
|move|p2a: Ferrothorn|Stealth Rock|p1a: Ferrothorn
|-sidestart|p1: Shoka|move: Stealth Rock
|
|-weather|Sandstorm|[upkeep]
|upkeep
|turn|4
|
|move|p1a: Ferrothorn|Leech Seed|p2a: Ferrothorn
|-immune|p2a: Ferrothorn
|move|p2a: Ferrothorn|Spikes|p1a: Ferrothorn
|-sidestart|p1: Shoka|Spikes
|
|-weather|Sandstorm|[upkeep]
|upkeep
|turn|5
|
|move|p1a: Ferrothorn|Spikes|p2a: Ferrothorn
|-sidestart|p2: CroCoeur|Spikes
|move|p2a: Ferrothorn|Spikes|p1a: Ferrothorn
|-sidestart|p1: Shoka|Spikes
|
|-weather|Sandstorm|[upkeep]
|upkeep
|turn|6
|
|move|p1a: Ferrothorn|Spikes|p2a: Ferrothorn
|-sidestart|p2: CroCoeur|Spikes
|move|p2a: Ferrothorn|Spikes|p1a: Ferrothorn
|-sidestart|p1: Shoka|Spikes
|
|-weather|Sandstorm|[upkeep]
|upkeep
|turn|7
|j| seeergi
|
|move|p1a: Ferrothorn|Leech Seed|p2a: Ferrothorn
|-immune|p2a: Ferrothorn
|move|p2a: Ferrothorn|Power Whip|p1a: Ferrothorn
|-resisted|p1a: Ferrothorn
|-damage|p1a: Ferrothorn|94/100
|-damage|p2a: Ferrothorn|88/100|[from] ability: Iron Barbs|[of] p1a: Ferrothorn
|
|-weather|Sandstorm|[upkeep]
|-heal|p1a: Ferrothorn|100/100|[from] item: Leftovers
|-heal|p2a: Ferrothorn|94/100|[from] item: Leftovers
|upkeep
|turn|8
|
|move|p1a: Ferrothorn|Leech Seed|p2a: Ferrothorn
|-immune|p2a: Ferrothorn
|move|p2a: Ferrothorn|Leech Seed|p1a: Ferrothorn
|-immune|p1a: Ferrothorn
|
|-weather|Sandstorm|[upkeep]
|-heal|p2a: Ferrothorn|100/100|[from] item: Leftovers
|upkeep
|turn|9
|
|move|p1a: Ferrothorn|Leech Seed|p2a: Ferrothorn
|-immune|p2a: Ferrothorn
|move|p2a: Ferrothorn|Spikes||[still]
|-fail|p2a: Ferrothorn
|
|-weather|Sandstorm|[upkeep]
|upkeep
|turn|10
|
|move|p1a: Ferrothorn|Power Whip|p2a: Ferrothorn
|-resisted|p2a: Ferrothorn
|-damage|p2a: Ferrothorn|94/100
|-damage|p1a: Ferrothorn|88/100|[from] ability: Iron Barbs|[of] p2a: Ferrothorn
|move|p2a: Ferrothorn|Leech Seed|p1a: Ferrothorn
|-immune|p1a: Ferrothorn
|
|-weather|Sandstorm|[upkeep]
|-heal|p1a: Ferrothorn|94/100|[from] item: Leftovers
|-heal|p2a: Ferrothorn|100/100|[from] item: Leftovers
|upkeep
|turn|11
|
|move|p1a: Ferrothorn|Leech Seed|p2a: Ferrothorn
|-immune|p2a: Ferrothorn
|move|p2a: Ferrothorn|Power Whip|p1a: Ferrothorn
|-resisted|p1a: Ferrothorn
|-damage|p1a: Ferrothorn|88/100
|-damage|p2a: Ferrothorn|88/100|[from] ability: Iron Barbs|[of] p1a: Ferrothorn
|
|-weather|Sandstorm|[upkeep]
|-heal|p1a: Ferrothorn|95/100|[from] item: Leftovers
|-heal|p2a: Ferrothorn|94/100|[from] item: Leftovers
|upkeep
|turn|12
|
|switch|p1a: Landorus|Landorus-Therian, M|100/100
|-damage|p1a: Landorus|88/100|[from] Stealth Rock
|-ability|p1a: Landorus|Intimidate|boost
|-unboost|p2a: Ferrothorn|atk|1
|move|p2a: Ferrothorn|Leech Seed|p1a: Landorus
|-start|p1a: Landorus|move: Leech Seed
|
|-weather|Sandstorm|[upkeep]
|-heal|p2a: Ferrothorn|100/100|[from] item: Leftovers
|-damage|p1a: Landorus|76/100|[from] Leech Seed|[of] p2a: Ferrothorn
|upkeep
|turn|13
|
|switch|p1a: Ferrothorn|Ferrothorn, M|95/100
|-damage|p1a: Ferrothorn|70/100|[from] Spikes
|-damage|p1a: Ferrothorn|63/100|[from] Stealth Rock
|move|p2a: Ferrothorn|Power Whip|p1a: Ferrothorn
|-resisted|p1a: Ferrothorn
|-damage|p1a: Ferrothorn|59/100
|-damage|p2a: Ferrothorn|88/100|[from] ability: Iron Barbs|[of] p1a: Ferrothorn
|
|-weather|Sandstorm|[upkeep]
|-heal|p1a: Ferrothorn|66/100|[from] item: Leftovers
|-heal|p2a: Ferrothorn|94/100|[from] item: Leftovers
|upkeep
|turn|14
|
|move|p1a: Ferrothorn|Leech Seed|p2a: Ferrothorn
|-immune|p2a: Ferrothorn
|move|p2a: Ferrothorn|Leech Seed|p1a: Ferrothorn
|-immune|p1a: Ferrothorn
|
|-weather|Sandstorm|[upkeep]
|-heal|p1a: Ferrothorn|72/100|[from] item: Leftovers
|-heal|p2a: Ferrothorn|100/100|[from] item: Leftovers
|upkeep
|turn|15
|
|move|p1a: Ferrothorn|Spikes||[still]
|-fail|p1a: Ferrothorn
|move|p2a: Ferrothorn|Leech Seed|p1a: Ferrothorn
|-immune|p1a: Ferrothorn
|
|-weather|Sandstorm|[upkeep]
|-heal|p1a: Ferrothorn|78/100|[from] item: Leftovers
|upkeep
|turn|16
|
|switch|p2a: Jirachi|Jirachi|100/100
|-damage|p2a: Jirachi|94/100|[from] Stealth Rock
|-damage|p2a: Jirachi|69/100|[from] Spikes
|move|p1a: Ferrothorn|Leech Seed|p2a: Jirachi
|-start|p2a: Jirachi|move: Leech Seed
|
|-weather|Sandstorm|[upkeep]
|-heal|p2a: Jirachi|75/100|[from] item: Leftovers
|-heal|p1a: Ferrothorn|84/100|[from] item: Leftovers
|-damage|p2a: Jirachi|63/100|[from] Leech Seed|[of] p1a: Ferrothorn
|-heal|p1a: Ferrothorn|99/100|[silent]
|upkeep
|turn|17
|c|☆Shoka|bingo
|
|switch|p2a: Celebi|Celebi|100/100
|-damage|p2a: Celebi|88/100|[from] Stealth Rock
|-damage|p2a: Celebi|63/100|[from] Spikes
|move|p1a: Ferrothorn|Leech Seed|p2a: Celebi
|-immune|p2a: Celebi
|
|-weather|Sandstorm|[upkeep]
|-damage|p2a: Celebi|57/100|[from] Sandstorm
|-heal|p2a: Celebi|63/100|[from] item: Leftovers
|-heal|p1a: Ferrothorn|100/100|[from] item: Leftovers
|upkeep
|turn|18
|
|switch|p1a: Latios|Latios, M|100/100
|-damage|p1a: Latios|88/100|[from] Stealth Rock
|move|p2a: Celebi|Giga Drain|p1a: Latios
|-resisted|p1a: Latios
|-damage|p1a: Latios|76/100
|-heal|p2a: Celebi|68/100|[from] drain|[of] p1a: Latios
|
|-weather|Sandstorm|[upkeep]
|-damage|p1a: Latios|70/100|[from] Sandstorm
|-damage|p2a: Celebi|62/100|[from] Sandstorm
|-heal|p2a: Celebi|68/100|[from] item: Leftovers
|upkeep
|turn|19
|
|switch|p2a: Ferrothorn|Ferrothorn, M|100/100
|-damage|p2a: Ferrothorn|75/100|[from] Spikes
|-damage|p2a: Ferrothorn|69/100|[from] Stealth Rock
|move|p1a: Latios|Draco Meteor|p2a: Ferrothorn|[miss]
|-miss|p1a: Latios|p2a: Ferrothorn
|
|-weather|Sandstorm|[upkeep]
|-damage|p1a: Latios|64/100|[from] Sandstorm
|-heal|p2a: Ferrothorn|75/100|[from] item: Leftovers
|upkeep
|turn|20
|c|☆Shoka|not cool
|
|switch|p1a: Ferrothorn|Ferrothorn, M|100/100
|-damage|p1a: Ferrothorn|75/100|[from] Spikes
|-damage|p1a: Ferrothorn|69/100|[from] Stealth Rock
|move|p2a: Ferrothorn|Leech Seed|p1a: Ferrothorn
|-immune|p1a: Ferrothorn
|
|-weather|Sandstorm|[upkeep]
|-heal|p1a: Ferrothorn|75/100|[from] item: Leftovers
|-heal|p2a: Ferrothorn|82/100|[from] item: Leftovers
|upkeep
|turn|21
|
|switch|p2a: Celebi|Celebi|68/100
|-damage|p2a: Celebi|43/100|[from] Spikes
|-damage|p2a: Celebi|30/100|[from] Stealth Rock
|move|p1a: Ferrothorn|Spikes||[still]
|-fail|p1a: Ferrothorn
|
|-weather|Sandstorm|[upkeep]
|-damage|p2a: Celebi|24/100|[from] Sandstorm
|-heal|p2a: Celebi|30/100|[from] item: Leftovers
|-heal|p1a: Ferrothorn|82/100|[from] item: Leftovers
|upkeep
|turn|22
|
|switch|p1a: Latios|Latios, M|64/100
|-damage|p1a: Latios|52/100|[from] Stealth Rock
|move|p2a: Celebi|Recover|p2a: Celebi
|-heal|p2a: Celebi|80/100
|
|-weather|Sandstorm|[upkeep]
|-damage|p1a: Latios|46/100|[from] Sandstorm
|-damage|p2a: Celebi|74/100|[from] Sandstorm
|-heal|p2a: Celebi|80/100|[from] item: Leftovers
|upkeep
|turn|23
|
|move|p1a: Latios|Draco Meteor|p2a: Celebi
|-crit|p2a: Celebi
|-damage|p2a: Celebi|0 fnt
|-unboost|p1a: Latios|spa|2
|faint|p2a: Celebi
|
|-weather|Sandstorm|[upkeep]
|-damage|p1a: Latios|40/100|[from] Sandstorm
|upkeep
|c|☆CroCoeur|Of course
|
|switch|p2a: Politoed|Politoed, M|94/100
|-damage|p2a: Politoed|82/100|[from] Stealth Rock
|-damage|p2a: Politoed|57/100|[from] Spikes
|-weather|RainDance|[from] ability: Drizzle|[of] p2a: Politoed
|turn|24
|c|☆Shoka|dude
|c|☆Shoka|im spec
|
|move|p2a: Politoed|Ice Beam|p1a: Latios
|-supereffective|p1a: Latios
|-damage|p1a: Latios|0 fnt
|faint|p1a: Latios
|
|-weather|RainDance|[upkeep]
|upkeep
|c| seeergi|you don't ko spd celebi
|c| seeergi|lol
|c|☆Shoka|he isnt
|c|☆Shoka|spedef full
|c|☆CroCoeur|I am
|inactive|Shoka has 120 seconds left.
|c|☆Shoka|dude
|c|☆Shoka|you showed me your set
|c|☆Shoka|last game lol
|
|switch|p1a: Tyranitar|Tyranitar, F|54/100
|-damage|p1a: Tyranitar|42/100|[from] Stealth Rock
|-damage|p1a: Tyranitar|17/100|[from] Spikes
|-weather|Sandstorm|[from] ability: Sand Stream|[of] p1a: Tyranitar
|turn|25
|c|☆CroCoeur|20 EV in speed
|c|☆CroCoeur|full Spd
|c|☆CroCoeur|rest in aHp
|inactive|Shoka has 120 seconds left.
|
|move|p2a: Politoed|Ice Beam|p1a: Tyranitar
|-damage|p1a: Tyranitar|4/100
|-status|p1a: Tyranitar|frz
|cant|p1a: Tyranitar|frz
|
|-weather|Sandstorm|[upkeep]
|-damage|p2a: Politoed|51/100|[from] Sandstorm
|upkeep
|turn|26
|
|switch|p1a: Ferrothorn|Ferrothorn, M|82/100
|-damage|p1a: Ferrothorn|57/100|[from] Spikes
|-damage|p1a: Ferrothorn|50/100|[from] Stealth Rock
|move|p2a: Politoed|Ice Beam|p1a: Ferrothorn
|-crit|p1a: Ferrothorn
|-damage|p1a: Ferrothorn|12/100
|
|-weather|Sandstorm|[upkeep]
|-damage|p2a: Politoed|45/100|[from] Sandstorm
|-heal|p1a: Ferrothorn|18/100|[from] item: Leftovers
|upkeep
|turn|27
|c|☆Shoka|ok
|c|☆Shoka|is this enough for you
|j| Ayoukooo◕‿◕
|inactive|CroCoeur has 120 seconds left.
|
|switch|p2a: Ferrothorn|Ferrothorn, M|82/100
|-damage|p2a: Ferrothorn|75/100|[from] Stealth Rock
|-damage|p2a: Ferrothorn|50/100|[from] Spikes
|move|p1a: Ferrothorn|Protect||[still]
|-fail|p1a: Ferrothorn
|
|-weather|Sandstorm|[upkeep]
|-heal|p1a: Ferrothorn|24/100|[from] item: Leftovers
|-heal|p2a: Ferrothorn|57/100|[from] item: Leftovers
|upkeep
|turn|28
|
|move|p1a: Ferrothorn|Leech Seed|p2a: Ferrothorn
|-immune|p2a: Ferrothorn
|move|p2a: Ferrothorn|Power Whip|p1a: Ferrothorn|[miss]
|-miss|p2a: Ferrothorn|p1a: Ferrothorn
|
|-weather|Sandstorm|[upkeep]
|-heal|p1a: Ferrothorn|30/100|[from] item: Leftovers
|-heal|p2a: Ferrothorn|63/100|[from] item: Leftovers
|upkeep
|turn|29
|
|move|p1a: Ferrothorn|Leech Seed|p2a: Ferrothorn
|-immune|p2a: Ferrothorn
|move|p2a: Ferrothorn|Power Whip|p1a: Ferrothorn
|-resisted|p1a: Ferrothorn
|-damage|p1a: Ferrothorn|24/100
|-damage|p2a: Ferrothorn|50/100|[from] ability: Iron Barbs|[of] p1a: Ferrothorn
|
|-weather|Sandstorm|[upkeep]
|-heal|p1a: Ferrothorn|30/100|[from] item: Leftovers
|-heal|p2a: Ferrothorn|57/100|[from] item: Leftovers
|upkeep
|turn|30
|
|move|p1a: Ferrothorn|Leech Seed|p2a: Ferrothorn|[miss]
|-miss|p1a: Ferrothorn|p2a: Ferrothorn
|move|p2a: Ferrothorn|Power Whip|p1a: Ferrothorn
|-resisted|p1a: Ferrothorn
|-damage|p1a: Ferrothorn|23/100
|-damage|p2a: Ferrothorn|44/100|[from] ability: Iron Barbs|[of] p1a: Ferrothorn
|
|-weather|Sandstorm|[upkeep]
|-heal|p1a: Ferrothorn|29/100|[from] item: Leftovers
|-heal|p2a: Ferrothorn|50/100|[from] item: Leftovers
|upkeep
|turn|31
|
|move|p1a: Ferrothorn|Leech Seed|p2a: Ferrothorn
|-immune|p2a: Ferrothorn
|move|p2a: Ferrothorn|Leech Seed|p1a: Ferrothorn|[miss]
|-miss|p2a: Ferrothorn|p1a: Ferrothorn
|
|-weather|Sandstorm|[upkeep]
|-heal|p1a: Ferrothorn|35/100|[from] item: Leftovers
|-heal|p2a: Ferrothorn|57/100|[from] item: Leftovers
|upkeep
|turn|32
|
|move|p1a: Ferrothorn|Spikes||[still]
|-fail|p1a: Ferrothorn
|move|p2a: Ferrothorn|Power Whip|p1a: Ferrothorn
|-resisted|p1a: Ferrothorn
|-damage|p1a: Ferrothorn|29/100
|-damage|p2a: Ferrothorn|44/100|[from] ability: Iron Barbs|[of] p1a: Ferrothorn
|
|-weather|Sandstorm|[upkeep]
|-heal|p1a: Ferrothorn|36/100|[from] item: Leftovers
|-heal|p2a: Ferrothorn|50/100|[from] item: Leftovers
|upkeep
|turn|33
|
|switch|p1a: Excadrill|Excadrill, F|100/100
|-damage|p1a: Excadrill|76/100|[from] Spikes
|-damage|p1a: Excadrill|73/100|[from] Stealth Rock
|move|p2a: Ferrothorn|Leech Seed|p1a: Excadrill
|-start|p1a: Excadrill|move: Leech Seed
|
|-weather|Sandstorm|[upkeep]
|-heal|p2a: Ferrothorn|57/100|[from] item: Leftovers
|-damage|p1a: Excadrill|60/100|[from] Leech Seed|[of] p2a: Ferrothorn
|-heal|p2a: Ferrothorn|70/100|[silent]
|upkeep
|turn|34
|
|move|p1a: Excadrill|Rapid Spin|p2a: Ferrothorn
|-resisted|p2a: Ferrothorn
|-damage|p2a: Ferrothorn|67/100
|-damage|p1a: Excadrill|48/100|[from] ability: Iron Barbs|[of] p2a: Ferrothorn
|-end|p1a: Excadrill|Leech Seed|[from] move: Rapid Spin|[of] p1a: Excadrill
|-sideend|p1: Shoka|Spikes|[from] move: Rapid Spin|[of] p1a: Excadrill
|-sideend|p1: Shoka|Stealth Rock|[from] move: Rapid Spin|[of] p1a: Excadrill
|move|p2a: Ferrothorn|Power Whip|p1a: Excadrill
|-damage|p1a: Excadrill|0 fnt
|faint|p1a: Excadrill
|
|-weather|Sandstorm|[upkeep]
|-heal|p2a: Ferrothorn|73/100|[from] item: Leftovers
|upkeep
|
|switch|p1a: Alakazam|Alakazam, M|100/100
|turn|35
|
|move|p1a: Alakazam|Focus Blast|p2a: Ferrothorn|[miss]
|-miss|p1a: Alakazam|p2a: Ferrothorn
|move|p2a: Ferrothorn|Stealth Rock|p1a: Alakazam
|-sidestart|p1: Shoka|move: Stealth Rock
|
|-weather|Sandstorm|[upkeep]
|-heal|p2a: Ferrothorn|79/100|[from] item: Leftovers
|upkeep
|turn|36
|c|☆Shoka|lol god
|c|☆Shoka|how can he be so lucky
|
|move|p1a: Alakazam|Focus Blast|p2a: Ferrothorn
|-supereffective|p2a: Ferrothorn
|-damage|p2a: Ferrothorn|17/100
|move|p2a: Ferrothorn|Spikes|p1a: Alakazam
|-sidestart|p1: Shoka|Spikes
|
|-weather|Sandstorm|[upkeep]
|-heal|p2a: Ferrothorn|24/100|[from] item: Leftovers
|upkeep
|turn|37
|
|move|p1a: Alakazam|Focus Blast|p2a: Ferrothorn|[miss]
|-miss|p1a: Alakazam|p2a: Ferrothorn
|move|p2a: Ferrothorn|Power Whip|p1a: Alakazam
|-damage|p1a: Alakazam|5/100
|
|-weather|Sandstorm|[upkeep]
|-heal|p2a: Ferrothorn|30/100|[from] item: Leftovers
|upkeep
|turn|38
|
|move|p1a: Alakazam|Focus Blast|p2a: Ferrothorn
|-supereffective|p2a: Ferrothorn
|-damage|p2a: Ferrothorn|0 fnt
|faint|p2a: Ferrothorn
|
|-weather|Sandstorm|[upkeep]
|upkeep
|
|switch|p2a: Politoed|Politoed, M|45/100
|-damage|p2a: Politoed|32/100|[from] Stealth Rock
|-damage|p2a: Politoed|7/100|[from] Spikes
|-weather|RainDance|[from] ability: Drizzle|[of] p2a: Politoed
|turn|39
|
|switch|p1a: Tyranitar|Tyranitar, F|4/100 frz
|-damage|p1a: Tyranitar|0 fnt|[from] Stealth Rock
|faint|p1a: Tyranitar
|move|p2a: Politoed|Ice Beam|p1: Tyranitar|[notarget]
|-notarget
|
|-weather|RainDance|[upkeep]
|upkeep
|
|switch|p1a: Ferrothorn|Ferrothorn, M|36/100
|-damage|p1a: Ferrothorn|23/100|[from] Spikes
|-damage|p1a: Ferrothorn|17/100|[from] Stealth Rock
|turn|40
|
|move|p1a: Ferrothorn|Protect|p1a: Ferrothorn
|-singleturn|p1a: Ferrothorn|Protect
|move|p2a: Politoed|Ice Beam|p1a: Ferrothorn
|-activate|p1a: Ferrothorn|move: Protect
|
|-weather|RainDance|[upkeep]
|-heal|p1a: Ferrothorn|23/100|[from] item: Leftovers
|upkeep
|turn|41
|c|☆Shoka|why dont you talk now
|
|move|p2a: Politoed|Ice Beam|p1a: Ferrothorn
|-damage|p1a: Ferrothorn|5/100
|move|p1a: Ferrothorn|Leech Seed|p2a: Politoed
|-start|p2a: Politoed|move: Leech Seed
|
|-weather|RainDance|[upkeep]
|-heal|p1a: Ferrothorn|11/100|[from] item: Leftovers
|-damage|p2a: Politoed|0 fnt|[from] Leech Seed|[of] p1a: Ferrothorn
|-heal|p1a: Ferrothorn|17/100|[silent]
|upkeep
|faint|p2a: Politoed
|
|switch|p2a: Jirachi|Jirachi|63/100
|-damage|p2a: Jirachi|38/100|[from] Spikes
|-damage|p2a: Jirachi|32/100|[from] Stealth Rock
|turn|42
|
|move|p2a: Jirachi|Substitute|p2a: Jirachi
|-start|p2a: Jirachi|Substitute
|-damage|p2a: Jirachi|7/100
|move|p1a: Ferrothorn|Power Whip|p2a: Jirachi
|-resisted|p2a: Jirachi
|-activate|p2a: Jirachi|Substitute|[damage]
|
|-weather|RainDance|[upkeep]
|-heal|p2a: Jirachi|13/100|[from] item: Leftovers
|-heal|p1a: Ferrothorn|24/100|[from] item: Leftovers
|upkeep
|turn|43
|
|move|p1a: Ferrothorn|Protect|p1a: Ferrothorn
|-singleturn|p1a: Ferrothorn|Protect
|move|p2a: Jirachi|Thunder|p1a: Ferrothorn
|-activate|p1a: Ferrothorn|move: Protect
|
|-weather|RainDance|[upkeep]
|-heal|p2a: Jirachi|19/100|[from] item: Leftovers
|-heal|p1a: Ferrothorn|30/100|[from] item: Leftovers
|upkeep
|turn|44
|
|move|p2a: Jirachi|Thunder|p1a: Ferrothorn
|-resisted|p1a: Ferrothorn
|-damage|p1a: Ferrothorn|20/100
|-status|p1a: Ferrothorn|par
|move|p1a: Ferrothorn|Power Whip|p2a: Jirachi
|-resisted|p2a: Jirachi
|-crit|p2a: Jirachi
|-end|p2a: Jirachi|Substitute
|
|-weather|RainDance|[upkeep]
|-heal|p2a: Jirachi|25/100|[from] item: Leftovers
|-heal|p1a: Ferrothorn|26/100 par|[from] item: Leftovers
|upkeep
|turn|45
|
|move|p2a: Jirachi|Water Pulse|p1a: Ferrothorn
|-resisted|p1a: Ferrothorn
|-damage|p1a: Ferrothorn|18/100 par
|-start|p1a: Ferrothorn|confusion
|-activate|p1a: Ferrothorn|confusion
|-damage|p1a: Ferrothorn|12/100 par|[from] confusion
|
|-weather|RainDance|[upkeep]
|-heal|p2a: Jirachi|32/100|[from] item: Leftovers
|-heal|p1a: Ferrothorn|18/100 par|[from] item: Leftovers
|upkeep
|turn|46
|c|☆Shoka|eigohqgiphzeqg
|-message|Shoka forfeited.
|
|win|CroCoeur
|l|☆Shoka
|l| seeergi
|raw|Shoka's rating: 1618 &rarr; <strong>1585</strong><br />(-33 for losing)
|raw|CroCoeur's rating: 1361 &rarr; <strong>1394</strong><br />(+33 for winning)
|l| Ayoukooo◕‿◕
