|j|☆TheRareCandyDealer
|j|☆Nedab
|player|p1|TheRareCandyDealer|dragontamer|1306
|player|p2|Nedab|170|1379
|teamsize|p1|6
|teamsize|p2|6
|gametype|singles
|gen|5
|tier|[Gen 5] OU
|rated|
|clearpoke
|poke|p1|Gengar, F|item
|poke|p1|Golurk|item
|poke|p1|Forretress, F|item
|poke|p1|Gyarados, F|item
|poke|p1|Terrakion|item
|poke|p1|Metagross|item
|poke|p2|Uxie|item
|poke|p2|Cresselia, F|item
|poke|p2|Crawdaunt, M|item
|poke|p2|Conkeldurr, F|item
|poke|p2|Magnezone|item
|poke|p2|Reuniclus, F|item
|rule|Species Clause: Limit one of each Pokémon
|rule|OHKO Clause: OHKO moves are banned
|rule|Moody Clause: Moody is banned
|rule|Evasion Moves Clause: Evasion moves are banned
|rule|Endless Battle Clause: Forcing endless battles is banned
|rule|HP Percentage Mod: HP is shown in percentages
|rule|Evasion Abilities Clause: Evasion abilities are banned
|rule|Baton Pass Clause: Limit one Baton Passer, can't pass Spe and other stats simultaneously
|rule|Sleep Clause: Sleep-inducing moves are banned
|rule|Swagger Clause: Swagger is banned
|teampreview
|
|start
|switch|p1a: Shadow Stalker|Gengar, F|100/100
|switch|p2a: Uxie|Uxie|100/100
|turn|1
|
|move|p1a: Shadow Stalker|Shadow Ball|p2a: Uxie
|-supereffective|p2a: Uxie
|-damage|p2a: Uxie|9/100
|move|p2a: Uxie|Trick Room|p2a: Uxie
|-fieldstart|move: Trick Room|[of] p2a: Uxie
|
|upkeep
|turn|2
|
|switch|p1a: See Ya!|Forretress, F|100/100
|move|p2a: Uxie|Stealth Rock|p1a: See Ya!
|-sidestart|p1: TheRareCandyDealer|move: Stealth Rock
|
|upkeep
|turn|3
|
|move|p1a: See Ya!|Stealth Rock|p2a: Uxie
|-sidestart|p2: Nedab|move: Stealth Rock
|move|p2a: Uxie|Memento|p1a: See Ya!
|-unboost|p1a: See Ya!|atk|2
|-unboost|p1a: See Ya!|spa|2
|faint|p2a: Uxie
|
|upkeep
|
|switch|p2a: Magnezone|Magnezone|100/100
|-damage|p2a: Magnezone|94/100|[from] Stealth Rock
|turn|4
|
|move|p2a: Magnezone|Thunderbolt|p1a: See Ya!
|-ability|p1a: See Ya!|Sturdy
|-damage|p1a: See Ya!|1/100
|move|p1a: See Ya!|Rapid Spin|p2a: Magnezone
|-resisted|p2a: Magnezone
|-damage|p2a: Magnezone|94/100
|-sideend|p1: TheRareCandyDealer|Stealth Rock|[from] move: Rapid Spin|[of] p1a: See Ya!
|
|-heal|p1a: See Ya!|7/100|[from] item: Leftovers
|upkeep
|turn|5
|
|move|p2a: Magnezone|Thunderbolt|p1a: See Ya!
|-damage|p1a: See Ya!|0 fnt
|faint|p1a: See Ya!
|
|-fieldend|move: Trick Room
|upkeep
|
|switch|p1a: It's A Gundam!|Golurk|100/100
|turn|6
|
|switch|p1a: Shadow Stalker|Gengar, F|100/100
|switch|p2a: Reuniclus|Reuniclus, F|100/100
|
|upkeep
|turn|7
|
|switch|p2a: Crawdaunt|Crawdaunt, M|100/100
|-damage|p2a: Crawdaunt|88/100|[from] Stealth Rock
|move|p1a: Shadow Stalker|Shadow Ball|p2a: Crawdaunt
|-resisted|p2a: Crawdaunt
|-damage|p2a: Crawdaunt|34/100
|-unboost|p2a: Crawdaunt|spd|1
|
|upkeep
|turn|8
|
|move|p1a: Shadow Stalker|Shadow Ball|p2a: Crawdaunt
|-resisted|p2a: Crawdaunt
|-damage|p2a: Crawdaunt|0 fnt
|faint|p2a: Crawdaunt
|
|upkeep
|
|switch|p2a: Magnezone|Magnezone|94/100
|-damage|p2a: Magnezone|87/100|[from] Stealth Rock
|turn|9
|
|switch|p1a: It's A Gundam!|Golurk|100/100
|move|p2a: Magnezone|Flash Cannon|p1a: It's A Gundam!
|-damage|p1a: It's A Gundam!|21/100
|
|upkeep
|turn|10
|
|move|p1a: It's A Gundam!|Fire Punch|p2a: Magnezone
|-supereffective|p2a: Magnezone
|-damage|p2a: Magnezone|0 fnt
|faint|p2a: Magnezone
|
|upkeep
|
|switch|p2a: Reuniclus|Reuniclus, F|100/100
|turn|11
|
|move|p1a: It's A Gundam!|Fire Punch|p2a: Reuniclus
|-crit|p2a: Reuniclus
|-damage|p2a: Reuniclus|0 fnt
|faint|p2a: Reuniclus
|
|upkeep
|-message|Nedab forfeited.
|
|win|TheRareCandyDealer
|l|☆Nedab
|c|☆TheRareCandyDealer|holy shit
|raw|TheRareCandyDealer's rating: 1306 &rarr; <strong>1329</strong><br />(+23 for winning)
|raw|Nedab's rating: 1352 &rarr; <strong>1329</strong><br />(-23 for losing)
