|j|☆erauogenkl
|j|☆Stoned Edging
|t:|1746419530
|gametype|singles
|player|p1|erauogenkl|serena-masters3|1340
|player|p2|Stoned Edging|hilbert-wonderlauncher|1354
|teamsize|p1|6
|teamsize|p2|6
|gen|5
|tier|[Gen 5] OU
|rated|
|rule|Species Clause: Limit one of each Pokémon
|rule|OHKO Clause: OHKO moves are banned
|rule|Moody Clause: Moody is banned
|rule|Evasion Items Clause: Evasion items are banned
|rule|Evasion Moves Clause: Evasion moves are banned
|rule|Endless Battle Clause: Forcing endless battles is banned
|rule|HP Percentage Mod: HP is shown in percentages
|rule|Evasion Abilities Clause: Evasion abilities are banned
|rule|Sleep Moves Clause: Sleep-inducing moves are banned
|rule|Swagger Clause: Swagger is banned
|rule|Baton Pass Stat Clause: No Baton Passer may have a way to boost its stats
|clearpoke
|poke|p1|Scizor, M|item
|poke|p1|Politoed, M|item
|poke|p1|Starmie|item
|poke|p1|Keldeo|item
|poke|p1|Thundurus-Therian, M|item
|poke|p1|Ferrothorn, F|item
|poke|p2|Slowking, M|item
|poke|p2|Excadrill, F|item
|poke|p2|Kyurem|item
|poke|p2|Skarmory, F|item
|poke|p2|Tyranitar, F|item
|poke|p2|Quagsire, M|item
|teampreview
|inactive|Battle timer is ON: inactive players will automatically lose when time's up. (requested by Stoned Edging)
|
|t:|1746419544
|start
|switch|p1a: Scizor|Scizor, M|100/100
|switch|p2a: Kyurem|Kyurem, shiny|100/100
|-ability|p2a: Kyurem|Pressure
|turn|1
|
|t:|1746419549
|switch|p2a: Skarmory|Skarmory, F, shiny|100/100
|move|p1a: Scizor|U-turn|p2a: Skarmory
|-resisted|p2a: Skarmory
|-damage|p2a: Skarmory|90/100
|
|t:|1746419560
|switch|p1a: Politoed|Politoed, M|100/100|[from] U-turn
|-weather|RainDance|[from] ability: Drizzle|[of] p1a: Politoed
|
|-weather|RainDance|[upkeep]
|upkeep
|turn|2
|
|t:|1746419572
|switch|p2a: Slowking|Slowking, M, shiny|100/100
|move|p1a: Politoed|Hydro Pump|p2a: Slowking
|-resisted|p2a: Slowking
|-damage|p2a: Slowking|58/100
|
|-weather|RainDance|[upkeep]
|upkeep
|turn|3
|
|t:|1746419580
|switch|p1a: Ferrothorn|Ferrothorn, F|100/100
|move|p2a: Slowking|Slack Off|p2a: Slowking
|-heal|p2a: Slowking|100/100
|
|-weather|RainDance|[upkeep]
|upkeep
|turn|4
|
|t:|1746419589
|switch|p2a: Kyurem|Kyurem, shiny|100/100
|-ability|p2a: Kyurem|Pressure
|move|p1a: Ferrothorn|Knock Off|p2a: Kyurem
|-damage|p2a: Kyurem|96/100
|-enditem|p2a: Kyurem|Choice Specs|[from] move: Knock Off|[of] p1a: Ferrothorn
|
|-weather|RainDance|[upkeep]
|upkeep
|turn|5
|
|t:|1746419594
|move|p2a: Kyurem|Focus Blast|p1a: Ferrothorn
|-supereffective|p1a: Ferrothorn
|-damage|p1a: Ferrothorn|49/100
|move|p1a: Ferrothorn|Stealth Rock|p2a: Kyurem
|-sidestart|p2: Stoned Edging|move: Stealth Rock
|
|-weather|RainDance|[upkeep]
|-heal|p1a: Ferrothorn|56/100|[from] item: Leftovers
|upkeep
|turn|6
|
|t:|1746419600
|switch|p1a: Scizor|Scizor, M|100/100
|move|p2a: Kyurem|Focus Blast|p1a: Scizor
|-damage|p1a: Scizor|44/100
|-unboost|p1a: Scizor|spd|1
|
|-weather|RainDance|[upkeep]
|upkeep
|turn|7
|
|t:|1746419607
|move|p1a: Scizor|Bullet Punch|p2a: Kyurem
|-supereffective|p2a: Kyurem
|-damage|p2a: Kyurem|0 fnt
|faint|p2a: Kyurem
|
|-weather|RainDance|[upkeep]
|upkeep
|
|t:|1746419611
|switch|p2a: Excadrill|Excadrill, F, shiny|100/100
|-damage|p2a: Excadrill|98/100|[from] Stealth Rock
|-ability|p2a: Excadrill|Mold Breaker
|turn|8
|
|t:|1746419620
|switch|p1a: Thundurus|Thundurus-Therian, M|100/100
|move|p2a: Excadrill|Rapid Spin|p1a: Thundurus
|-damage|p1a: Thundurus|91/100
|-sideend|p2: Stoned Edging|Stealth Rock|[from] move: Rapid Spin|[of] p2a: Excadrill
|
|-weather|RainDance|[upkeep]
|-heal|p2a: Excadrill|100/100|[from] item: Leftovers
|upkeep
|turn|9
|
|t:|1746419632
|switch|p1a: Starmie|Starmie|100/100
|switch|p2a: Slowking|Slowking, M, shiny|100/100
|
|-weather|RainDance|[upkeep]
|upkeep
|turn|10
|
|t:|1746419647
|switch|p1a: Ferrothorn|Ferrothorn, F|56/100
|switch|p2a: Tyranitar|Tyranitar, F, shiny|100/100
|-weather|Sandstorm|[from] ability: Sand Stream|[of] p2a: Tyranitar
|
|-weather|Sandstorm|[upkeep]
|-heal|p1a: Ferrothorn|62/100|[from] item: Leftovers
|upkeep
|turn|11
|
|t:|1746419653
|switch|p2a: Excadrill|Excadrill, F, shiny|100/100
|-ability|p2a: Excadrill|Mold Breaker
|move|p1a: Ferrothorn|Power Whip|p2a: Excadrill
|-damage|p2a: Excadrill|47/100
|
|-weather|Sandstorm|[upkeep]
|-heal|p2a: Excadrill|53/100|[from] item: Leftovers
|-heal|p1a: Ferrothorn|68/100|[from] item: Leftovers
|upkeep
|turn|12
|
|t:|1746419664
|switch|p1a: Thundurus|Thundurus-Therian, M|91/100
|move|p2a: Excadrill|Stealth Rock|p1a: Thundurus
|-sidestart|p1: erauogenkl|move: Stealth Rock
|
|-weather|Sandstorm|[upkeep]
|-damage|p1a: Thundurus|85/100|[from] Sandstorm
|-heal|p2a: Excadrill|59/100|[from] item: Leftovers
|upkeep
|turn|13
|
|t:|1746419674
|switch|p1a: Ferrothorn|Ferrothorn, F|68/100
|-damage|p1a: Ferrothorn|62/100|[from] Stealth Rock
|move|p2a: Excadrill|Earthquake|p1a: Ferrothorn
|-damage|p1a: Ferrothorn|29/100
|
|-weather|Sandstorm|[upkeep]
|-heal|p2a: Excadrill|65/100|[from] item: Leftovers
|-heal|p1a: Ferrothorn|35/100|[from] item: Leftovers
|upkeep
|turn|14
|
|t:|1746419683
|move|p2a: Excadrill|Earthquake|p1a: Ferrothorn
|-damage|p1a: Ferrothorn|4/100
|move|p1a: Ferrothorn|Stealth Rock|p2a: Excadrill
|-sidestart|p2: Stoned Edging|move: Stealth Rock
|
|-weather|Sandstorm|[upkeep]
|-heal|p2a: Excadrill|71/100|[from] item: Leftovers
|-heal|p1a: Ferrothorn|10/100|[from] item: Leftovers
|upkeep
|turn|15
|
|t:|1746419693
|move|p2a: Excadrill|Rapid Spin|p1a: Ferrothorn
|-resisted|p1a: Ferrothorn
|-damage|p1a: Ferrothorn|8/100
|-damage|p2a: Excadrill|59/100|[from] ability: Iron Barbs|[of] p1a: Ferrothorn
|-sideend|p2: Stoned Edging|Stealth Rock|[from] move: Rapid Spin|[of] p2a: Excadrill
|move|p1a: Ferrothorn|Power Whip|p2a: Excadrill
|-damage|p2a: Excadrill|2/100
|
|-weather|Sandstorm|[upkeep]
|-heal|p2a: Excadrill|8/100|[from] item: Leftovers
|-heal|p1a: Ferrothorn|14/100|[from] item: Leftovers
|upkeep
|turn|16
|
|t:|1746419710
|switch|p1a: Thundurus|Thundurus-Therian, M|85/100
|-damage|p1a: Thundurus|61/100|[from] Stealth Rock
|move|p2a: Excadrill|Earthquake|p1a: Thundurus
|-immune|p1a: Thundurus
|
|-weather|Sandstorm|[upkeep]
|-damage|p1a: Thundurus|55/100|[from] Sandstorm
|-heal|p2a: Excadrill|14/100|[from] item: Leftovers
|upkeep
|turn|17
|
|t:|1746419716
|switch|p2a: Slowking|Slowking, M, shiny|100/100
|move|p1a: Thundurus|Focus Blast|p2a: Slowking|[miss]
|-miss|p1a: Thundurus|p2a: Slowking
|
|-weather|Sandstorm|[upkeep]
|-damage|p1a: Thundurus|49/100|[from] Sandstorm
|-damage|p2a: Slowking|94/100|[from] Sandstorm
|upkeep
|turn|18
|
|t:|1746419723
|move|p1a: Thundurus|Thunder|p2a: Slowking
|-supereffective|p2a: Slowking
|-damage|p2a: Slowking|4/100
|move|p2a: Slowking|Scald|p1a: Thundurus
|-damage|p1a: Thundurus|11/100
|-status|p1a: Thundurus|brn
|
|-weather|Sandstorm|[upkeep]
|-damage|p1a: Thundurus|5/100 brn|[from] Sandstorm
|-damage|p2a: Slowking|0 fnt|[from] Sandstorm
|faint|p2a: Slowking
|-damage|p1a: Thundurus|0 fnt|[from] brn
|faint|p1a: Thundurus
|upkeep
|
|t:|1746419732
|switch|p1a: Scizor|Scizor, M|44/100
|switch|p2a: Tyranitar|Tyranitar, F, shiny|100/100
|-damage|p1a: Scizor|32/100|[from] Stealth Rock
|turn|19
|
|t:|1746419736
|switch|p2a: Skarmory|Skarmory, F, shiny|90/100
|move|p1a: Scizor|U-turn|p2a: Skarmory
|-resisted|p2a: Skarmory
|-damage|p2a: Skarmory|80/100
|
|t:|1746419742
|switch|p1a: Ferrothorn|Ferrothorn, F|14/100|[from] U-turn
|-damage|p1a: Ferrothorn|8/100|[from] Stealth Rock
|
|-weather|Sandstorm|[upkeep]
|-heal|p1a: Ferrothorn|14/100|[from] item: Leftovers
|upkeep
|turn|20
|
|t:|1746419745
|move|p2a: Skarmory|Brave Bird|p1a: Ferrothorn
|-damage|p1a: Ferrothorn|0 fnt
|-damage|p2a: Skarmory|67/100|[from] ability: Iron Barbs|[of] p1a: Ferrothorn
|faint|p1a: Ferrothorn
|-damage|p2a: Skarmory|63/100|[from] Recoil
|
|-weather|Sandstorm|[upkeep]
|upkeep
|
|t:|1746419750
|switch|p1a: Politoed|Politoed, M|100/100
|-damage|p1a: Politoed|88/100|[from] Stealth Rock
|-weather|RainDance|[from] ability: Drizzle|[of] p1a: Politoed
|turn|21
|
|t:|1746419755
|switch|p2a: Excadrill|Excadrill, F, shiny|14/100
|-ability|p2a: Excadrill|Mold Breaker
|move|p1a: Politoed|Hydro Pump|p2a: Excadrill
|-supereffective|p2a: Excadrill
|-damage|p2a: Excadrill|0 fnt
|faint|p2a: Excadrill
|
|-weather|RainDance|[upkeep]
|upkeep
|
|t:|1746419758
|switch|p2a: Tyranitar|Tyranitar, F, shiny|100/100
|-weather|Sandstorm|[from] ability: Sand Stream|[of] p2a: Tyranitar
|turn|22
|
|t:|1746419763
|switch|p1a: Scizor|Scizor, M|32/100
|-damage|p1a: Scizor|19/100|[from] Stealth Rock
|move|p2a: Tyranitar|Rock Slide|p1a: Scizor
|-damage|p1a: Scizor|0 fnt
|faint|p1a: Scizor
|
|-weather|Sandstorm|[upkeep]
|upkeep
|
|t:|1746419765
|switch|p1a: Politoed|Politoed, M|88/100
|-damage|p1a: Politoed|76/100|[from] Stealth Rock
|-weather|RainDance|[from] ability: Drizzle|[of] p1a: Politoed
|turn|23
|
|t:|1746419775
|switch|p1a: Starmie|Starmie|100/100
|-damage|p1a: Starmie|88/100|[from] Stealth Rock
|switch|p2a: Skarmory|Skarmory, F, shiny|63/100
|
|-weather|RainDance|[upkeep]
|upkeep
|turn|24
|
|t:|1746419789
|switch|p2a: Quagsire|Quagsire, M, shiny|100/100
|move|p1a: Starmie|Trick|p2a: Quagsire
|-activate|p1a: Starmie|move: Trick|[of] p2a: Quagsire
|-item|p2a: Quagsire|Choice Specs|[from] move: Trick
|-item|p1a: Starmie|Leftovers|[from] move: Trick
|
|-weather|RainDance|[upkeep]
|-heal|p1a: Starmie|94/100|[from] item: Leftovers
|upkeep
|turn|25
|
|t:|1746419796
|switch|p2a: Tyranitar|Tyranitar, F, shiny|100/100
|-weather|Sandstorm|[from] ability: Sand Stream|[of] p2a: Tyranitar
|move|p1a: Starmie|Rapid Spin|p2a: Tyranitar
|-resisted|p2a: Tyranitar
|-damage|p2a: Tyranitar|99/100
|-sideend|p1: erauogenkl|Stealth Rock|[from] move: Rapid Spin|[of] p1a: Starmie
|
|-weather|Sandstorm|[upkeep]
|-damage|p1a: Starmie|88/100|[from] Sandstorm
|-heal|p1a: Starmie|94/100|[from] item: Leftovers
|-heal|p2a: Tyranitar|100/100|[from] item: Leftovers
|upkeep
|turn|26
|
|t:|1746419803
|move|p1a: Starmie|Hydro Pump|p2a: Tyranitar
|-supereffective|p2a: Tyranitar
|-damage|p2a: Tyranitar|59/100
|move|p2a: Tyranitar|Pursuit|p1a: Starmie
|-supereffective|p1a: Starmie
|-damage|p1a: Starmie|38/100
|
|-weather|Sandstorm|[upkeep]
|-damage|p1a: Starmie|32/100|[from] Sandstorm
|-heal|p1a: Starmie|38/100|[from] item: Leftovers
|-heal|p2a: Tyranitar|65/100|[from] item: Leftovers
|upkeep
|turn|27
|
|t:|1746419809
|move|p1a: Starmie|Hydro Pump|p2a: Tyranitar
|-supereffective|p2a: Tyranitar
|-damage|p2a: Tyranitar|20/100
|move|p2a: Tyranitar|Rest|p2a: Tyranitar
|-status|p2a: Tyranitar|slp|[from] move: Rest
|-heal|p2a: Tyranitar|100/100 slp|[silent]
|
|-weather|Sandstorm|[upkeep]
|-damage|p1a: Starmie|32/100|[from] Sandstorm
|-heal|p1a: Starmie|38/100|[from] item: Leftovers
|upkeep
|turn|28
|
|t:|1746419815
|move|p1a: Starmie|Hydro Pump|p2a: Tyranitar
|-supereffective|p2a: Tyranitar
|-damage|p2a: Tyranitar|60/100 slp
|cant|p2a: Tyranitar|slp
|move|p2a: Tyranitar|Sleep Talk|p2a: Tyranitar
|move|p2a: Tyranitar|Rock Slide|p1a: Starmie|[from] move: Sleep Talk
|-damage|p1a: Starmie|0 fnt
|faint|p1a: Starmie
|
|-weather|Sandstorm|[upkeep]
|-heal|p2a: Tyranitar|67/100 slp|[from] item: Leftovers
|upkeep
|
|t:|1746419819
|switch|p1a: Politoed|Politoed, M|76/100
|-weather|RainDance|[from] ability: Drizzle|[of] p1a: Politoed
|turn|29
|
|t:|1746419826
|switch|p1a: Keldeo|Keldeo|100/100
|switch|p2a: Quagsire|Quagsire, M, shiny|100/100
|
|-weather|RainDance|[upkeep]
|upkeep
|turn|30
|
|t:|1746419834
|switch|p2a: Skarmory|Skarmory, F, shiny|63/100
|move|p1a: Keldeo|Surf|p2a: Skarmory
|-crit|p2a: Skarmory
|-damage|p2a: Skarmory|0 fnt
|faint|p2a: Skarmory
|
|-weather|RainDance|[upkeep]
|upkeep
|-message|Stoned Edging forfeited.
|
|win|erauogenkl
|raw|erauogenkl's rating: 1340 &rarr; <strong>1361</strong><br />(+21 for winning)
|raw|Stoned Edging's rating: 1354 &rarr; <strong>1333</strong><br />(-21 for losing)
|l|☆Stoned Edging
|player|p2|
|l|☆erauogenkl
|player|p1|
