|j|‽sqdsqf
|j|☆Cherbou
|player|p1|sqdsqf|lucas|1517
|player|p2|Cherbou|92|1389
|teamsize|p1|6
|teamsize|p2|6
|gametype|singles
|gen|5
|tier|[Gen 5] OU
|rated|
|rule|Sleep Clause Mod: Limit one foe put to sleep
|rule|Species Clause: Limit one of each Pokémon
|rule|OHKO Clause: OHKO moves are banned
|rule|Moody Clause: Moody is banned
|rule|Evasion Moves Clause: Evasion moves are banned
|rule|Endless Battle Clause: Forcing endless battles is banned
|rule|HP Percentage Mod: HP is shown in percentages
|rule|Evasion Abilities Clause: Evasion abilities are banned
|rule|Baton Pass Clause: Limit one Baton Passer, can't pass Spe and other stats simultaneously
|rule|Swagger Clause: Swagger is banned
|clearpoke
|poke|p1|Politoed, M|item
|poke|p1|Thundurus-Therian, M|item
|poke|p1|Landorus-Therian, M|item
|poke|p1|Ferrothorn, F|item
|poke|p1|Tentacruel, F|item
|poke|p1|Tornadus, M|item
|poke|p2|Garchomp, F|item
|poke|p2|Magnezone|item
|poke|p2|Starmie|item
|poke|p2|Latios, M|item
|poke|p2|Salamence, M|item
|poke|p2|Scizor, F|item
|teampreview
|
|start
|switch|p1a: Politoed|Politoed, M|100/100
|switch|p2a: Magnezone|Magnezone, shiny|100/100
|-weather|RainDance|[from] ability: Drizzle|[of] p1a: Politoed
|turn|1
|inactive|Battle timer is ON: inactive players will automatically lose when time's up. (requested by sqdsqf)
|
|move|p1a: Politoed|Hydro Pump|p2a: Magnezone
|-damage|p2a: Magnezone|11/100
|move|p2a: Magnezone|Volt Switch|p1a: Politoed
|-supereffective|p1a: Politoed
|-damage|p1a: Politoed|0 fnt
|faint|p1a: Politoed
|
|switch|p2a: Latios|Latios, M, shiny|100/100|[from]move: Volt Switch
|
|-weather|RainDance|[upkeep]
|upkeep
|
|switch|p1a: Ferrothorn|Ferrothorn, F|100/100
|turn|2
|
|switch|p2a: Magnezone|Magnezone, shiny|11/100
|move|p1a: Ferrothorn|Thunder Wave|p2a: Magnezone
|-status|p2a: Magnezone|par
|
|-weather|RainDance|[upkeep]
|upkeep
|turn|3
|
|move|p1a: Ferrothorn|Leech Seed|p2a: Magnezone
|-start|p2a: Magnezone|move: Leech Seed
|move|p2a: Magnezone|Hidden Power|p1a: Ferrothorn
|-supereffective|p1a: Ferrothorn
|-damage|p1a: Ferrothorn|43/100
|
|-weather|RainDance|[upkeep]
|-heal|p1a: Ferrothorn|49/100|[from] item: Leftovers
|-damage|p2a: Magnezone|0 fnt|[from] Leech Seed|[of] p1a: Ferrothorn
|-heal|p1a: Ferrothorn|57/100|[silent]
|faint|p2a: Magnezone
|upkeep
|
|switch|p2a: Scizor|Scizor, F, shiny|100/100
|turn|4
|
|switch|p1a: Landorus|Landorus-Therian, M|100/100
|-ability|p1a: Landorus|Intimidate|boost
|-unboost|p2a: Scizor|atk|1
|move|p2a: Scizor|Swords Dance|p2a: Scizor
|-boost|p2a: Scizor|atk|2
|
|-weather|RainDance|[upkeep]
|upkeep
|turn|5
|
|move|p2a: Scizor|Bullet Punch|p1a: Landorus
|-damage|p1a: Landorus|47/100
|move|p1a: Landorus|Stealth Rock|p2a: Scizor
|-sidestart|p2: Cherbou|move: Stealth Rock
|
|-weather|RainDance|[upkeep]
|-heal|p1a: Landorus|53/100|[from] item: Leftovers
|upkeep
|turn|6
|
|switch|p1a: Tentacruel|Tentacruel, F|100/100
|move|p2a: Scizor|Swords Dance|p2a: Scizor
|-boost|p2a: Scizor|atk|2
|
|-weather|RainDance|[upkeep]
|upkeep
|turn|7
|
|move|p1a: Tentacruel|Scald|p2a: Scizor
|-damage|p2a: Scizor|56/100
|move|p2a: Scizor|U-turn|p1a: Tentacruel
|-resisted|p1a: Tentacruel
|-damage|p1a: Tentacruel|51/100
|
|switch|p2a: Latios|Latios, M, shiny|100/100|[from]move: U-turn
|-damage|p2a: Latios|88/100|[from] Stealth Rock
|
|-weather|RainDance|[upkeep]
|-heal|p1a: Tentacruel|57/100|[from] ability: Rain Dish
|-heal|p1a: Tentacruel|63/100|[from] item: Black Sludge
|upkeep
|turn|8
|
|move|p1a: Tentacruel|Protect|p1a: Tentacruel
|-singleturn|p1a: Tentacruel|Protect
|move|p2a: Latios|Draco Meteor|p1a: Tentacruel
|-activate|p1a: Tentacruel|move: Protect
|
|-weather|RainDance|[upkeep]
|-heal|p1a: Tentacruel|69/100|[from] ability: Rain Dish
|-heal|p1a: Tentacruel|75/100|[from] item: Black Sludge
|upkeep
|turn|9
|
|switch|p1a: Ferrothorn|Ferrothorn, F|57/100
|move|p2a: Latios|Psychic|p1a: Ferrothorn
|-resisted|p1a: Ferrothorn
|-damage|p1a: Ferrothorn|34/100
|-unboost|p1a: Ferrothorn|spd|1
|-damage|p2a: Latios|78/100|[from] item: Life Orb
|
|-weather|RainDance|[upkeep]
|-heal|p1a: Ferrothorn|40/100|[from] item: Leftovers
|upkeep
|turn|10
|
|move|p2a: Latios|Draco Meteor|p1a: Ferrothorn
|-resisted|p1a: Ferrothorn
|-damage|p1a: Ferrothorn|0 fnt
|-unboost|p2a: Latios|spa|2
|-damage|p2a: Latios|68/100|[from] item: Life Orb
|faint|p1a: Ferrothorn
|
|-weather|RainDance|[upkeep]
|upkeep
|
|switch|p1a: Tornadus|Tornadus, M|100/100
|turn|11
|
|move|p1a: Tornadus|Hurricane|p2a: Latios
|-damage|p2a: Latios|0 fnt
|faint|p2a: Latios
|
|-weather|RainDance|[upkeep]
|upkeep
|
|switch|p2a: Starmie|Starmie|100/100
|-damage|p2a: Starmie|88/100|[from] Stealth Rock
|turn|12
|
|move|p2a: Starmie|Thunderbolt|p1a: Tornadus
|-supereffective|p1a: Tornadus
|-damage|p1a: Tornadus|5/100
|-damage|p2a: Starmie|78/100|[from] item: Life Orb
|move|p1a: Tornadus|Hurricane|p2a: Starmie
|-damage|p2a: Starmie|0 fnt
|faint|p2a: Starmie
|
|-weather|RainDance|[upkeep]
|upkeep
|
|switch|p2a: Garchomp|Garchomp, F|100/100
|-damage|p2a: Garchomp|94/100|[from] Stealth Rock
|turn|13
|
|switch|p1a: Landorus|Landorus-Therian, M|53/100
|-ability|p1a: Landorus|Intimidate|boost
|-unboost|p2a: Garchomp|atk|1
|move|p2a: Garchomp|Dual Chop|p1a: Landorus
|-damage|p1a: Landorus|40/100
|-damage|p1a: Landorus|28/100
|-hitcount|p1a: Landorus|2
|
|-weather|RainDance|[upkeep]
|-heal|p1a: Landorus|34/100|[from] item: Leftovers
|upkeep
|turn|14
|
|switch|p2a: Scizor|Scizor, F, shiny|56/100
|-damage|p2a: Scizor|43/100|[from] Stealth Rock
|switch|p1a: Tentacruel|Tentacruel, F|75/100
|
|-weather|RainDance|[upkeep]
|-heal|p1a: Tentacruel|81/100|[from] ability: Rain Dish
|-heal|p1a: Tentacruel|87/100|[from] item: Black Sludge
|upkeep
|turn|15
|j| memrgm
|
|move|p1a: Tentacruel|Scald|p2a: Scizor
|-damage|p2a: Scizor|0 fnt
|faint|p2a: Scizor
|
|-weather|RainDance|[upkeep]
|-heal|p1a: Tentacruel|93/100|[from] ability: Rain Dish
|-heal|p1a: Tentacruel|99/100|[from] item: Black Sludge
|upkeep
|
|switch|p2a: Garchomp|Garchomp, F|94/100
|-damage|p2a: Garchomp|88/100|[from] Stealth Rock
|turn|16
|
|move|p1a: Tentacruel|Protect|p1a: Tentacruel
|-singleturn|p1a: Tentacruel|Protect
|move|p2a: Garchomp|Earthquake|p1a: Tentacruel
|-activate|p1a: Tentacruel|move: Protect
|
|-weather|RainDance|[upkeep]
|-heal|p1a: Tentacruel|100/100|[from] ability: Rain Dish
|upkeep
|turn|17
|
|switch|p2a: Salamence|Salamence, M|100/100
|-damage|p2a: Salamence|75/100|[from] Stealth Rock
|switch|p1a: Landorus|Landorus-Therian, M|34/100
|-ability|p1a: Landorus|Intimidate|boost
|-unboost|p2a: Salamence|atk|1
|
|-weather|RainDance|[upkeep]
|-heal|p1a: Landorus|40/100|[from] item: Leftovers
|upkeep
|turn|18
|
|move|p2a: Salamence|Dragon Dance|p2a: Salamence
|-boost|p2a: Salamence|atk|1
|-boost|p2a: Salamence|spe|1
|move|p1a: Landorus|Hidden Power|p2a: Salamence
|-supereffective|p2a: Salamence
|-damage|p2a: Salamence|0 fnt
|faint|p2a: Salamence
|
|-weather|RainDance|[upkeep]
|-heal|p1a: Landorus|46/100|[from] item: Leftovers
|upkeep
|
|switch|p2a: Garchomp|Garchomp, F|88/100
|-damage|p2a: Garchomp|82/100|[from] Stealth Rock
|turn|19
|
|switch|p1a: Tornadus|Tornadus, M|5/100
|move|p2a: Garchomp|Outrage|p1a: Tornadus
|-damage|p1a: Tornadus|0 fnt
|faint|p1a: Tornadus
|
|-weather|RainDance|[upkeep]
|upkeep
|
|switch|p1a: Landorus|Landorus-Therian, M|46/100
|-ability|p1a: Landorus|Intimidate|boost
|-unboost|p2a: Garchomp|atk|1
|turn|20
|
|move|p2a: Garchomp|Outrage|p1a: Landorus|[from]lockedmove
|-damage|p1a: Landorus|9/100
|-start|p2a: Garchomp|confusion|[fatigue]
|move|p1a: Landorus|Hidden Power|p2a: Garchomp
|-supereffective|p2a: Garchomp
|-damage|p2a: Garchomp|13/100
|
|-weather|RainDance|[upkeep]
|-heal|p1a: Landorus|15/100|[from] item: Leftovers
|upkeep
|turn|21
|
|-activate|p2a: Garchomp|confusion
|move|p2a: Garchomp|Outrage|p1a: Landorus
|-damage|p1a: Landorus|0 fnt
|faint|p1a: Landorus
|
|-weather|RainDance|[upkeep]
|upkeep
|
|switch|p1a: Tentacruel|Tentacruel, F|100/100
|turn|22
|
|-activate|p2a: Garchomp|confusion
|-damage|p2a: Garchomp|3/100|[from] confusion
|move|p1a: Tentacruel|Scald|p2a: Garchomp
|-damage|p2a: Garchomp|0 fnt
|faint|p2a: Garchomp
|
|win|sqdsqf
|l|☆Cherbou
|l|‽sqdsqf
|l| memrgm
|raw|sqdsqf's rating: 1517 &rarr; <strong>1530</strong><br />(+13 for winning)
|raw|Cherbou's rating: 1389 &rarr; <strong>1376</strong><br />(-13 for losing)
