|j|☆HydreigonSpammer
|j|‽Miltank321
|t:|1734964569
|gametype|singles
|player|p1|HydreigonSpammer|janitor|1381
|player|p2|Miltank321|juan|1379
|teamsize|p1|6
|teamsize|p2|6
|gen|5
|tier|[Gen 5] OU
|rated|
|rule|Species Clause: Limit one of each Pokémon
|rule|OHKO Clause: OHKO moves are banned
|rule|Moody Clause: Moody is banned
|rule|Evasion Items Clause: Evasion items are banned
|rule|Evasion Moves Clause: Evasion moves are banned
|rule|Endless Battle Clause: Forcing endless battles is banned
|rule|HP Percentage Mod: HP is shown in percentages
|rule|Evasion Abilities Clause: Evasion abilities are banned
|rule|Sleep Moves Clause: Sleep-inducing moves are banned
|rule|Swagger Clause: Swagger is banned
|rule|Baton Pass Stat Clause: No Baton Passer may have a way to boost its stats
|clearpoke
|poke|p1|Reuniclus, F|item
|poke|p1|Ferrothorn, M|item
|poke|p1|Clefable, M|item
|poke|p1|Latios, M|item
|poke|p1|Tyranitar, M|item
|poke|p1|Landorus-Therian, M|item
|poke|p2|Rotom-Heat|item
|poke|p2|Mamoswine, M|item
|poke|p2|Keldeo|item
|poke|p2|Salamence, M|item
|poke|p2|Conkeldurr, M|item
|poke|p2|Jirachi|item
|teampreview
|inactive|Battle timer is ON: inactive players will automatically lose when time's up. (requested by Miltank321)
|
|t:|1734964594
|start
|switch|p1a: GayMon|Clefable, M, shiny|100/100
|switch|p2a: Rotom|Rotom-Heat|100/100
|turn|1
|
|t:|1734964602
|move|p2a: Rotom|Volt Switch|p1a: GayMon
|-damage|p1a: GayMon|72/100
|
|t:|1734964605
|switch|p2a: Jirachi|Jirachi|100/100|[from] Volt Switch
|move|p1a: GayMon|Thunder Wave|p2a: Jirachi
|-status|p2a: Jirachi|par
|
|upkeep
|turn|2
|
|t:|1734964622
|move|p1a: GayMon|Flamethrower|p2a: Jirachi
|-supereffective|p2a: Jirachi
|-damage|p2a: Jirachi|55/100 par
|move|p2a: Jirachi|Stealth Rock|p1a: GayMon
|-sidestart|p1: HydreigonSpammer|move: Stealth Rock
|
|upkeep
|turn|3
|
|t:|1734964629
|move|p1a: GayMon|Soft-Boiled|p1a: GayMon
|-heal|p1a: GayMon|100/100
|move|p2a: Jirachi|Thunder Wave|p1a: GayMon
|-status|p1a: GayMon|par
|
|upkeep
|turn|4
|
|t:|1734964643
|move|p2a: Jirachi|Iron Head|p1a: GayMon
|-damage|p1a: GayMon|70/100 par
|cant|p1a: GayMon|flinch
|
|upkeep
|turn|5
|inactive|Miltank321 has 120 seconds left.
|
|t:|1734964675
|switch|p1a: Landorus|Landorus-Therian, M|100/100
|-damage|p1a: Landorus|88/100|[from] Stealth Rock
|-ability|p1a: Landorus|Intimidate|boost
|-unboost|p2a: Jirachi|atk|1
|cant|p2a: Jirachi|par
|
|-heal|p1a: Landorus|94/100|[from] item: Leftovers
|upkeep
|turn|6
|inactive|Miltank321 has 120 seconds left.
|l|‽Miltank321
|inactive|Miltank321 disconnected and has a minute to reconnect!
|player|p2|
|j|‽Miltank321
|inactive|Miltank321 reconnected and has 95 seconds left.
|player|p2|Miltank321|juan|
|n|‽Miltank321|miltank321
|n|‽Miltank321|miltank321
|n|‽Miltank321|miltank321
|n|‽Miltank321|miltank321
|n|‽Miltank321|miltank321
|n|‽Miltank321|miltank321
|n|‽Miltank321|miltank321
|n|‽Miltank321|miltank321
|n|‽Miltank321|miltank321
|n|‽Miltank321|miltank321
|n|‽Miltank321|miltank321
|inactive|Miltank321 has 90 seconds left.
|
|t:|1734964719
|switch|p2a: Rotom|Rotom-Heat|100/100
|move|p1a: Landorus|Stealth Rock|p2a: Rotom
|-sidestart|p2: Miltank321|move: Stealth Rock
|
|-heal|p1a: Landorus|99/100|[from] item: Leftovers
|upkeep
|turn|7
|
|t:|1734964741
|switch|p1a: Tyranitar|Tyranitar, M|100/100
|-damage|p1a: Tyranitar|88/100|[from] Stealth Rock
|-weather|Sandstorm|[from] ability: Sand Stream|[of] p1a: Tyranitar
|move|p2a: Rotom|Overheat|p1a: Tyranitar|[miss]
|-miss|p2a: Rotom|p1a: Tyranitar
|
|-weather|Sandstorm|[upkeep]
|-damage|p2a: Rotom|94/100|[from] Sandstorm
|upkeep
|turn|8
|
|t:|1734964754
|switch|p2a: Jirachi|Jirachi|55/100 par
|-damage|p2a: Jirachi|49/100 par|[from] Stealth Rock
|move|p1a: Tyranitar|Crunch|p2a: Jirachi
|-crit|p2a: Jirachi
|-damage|p2a: Jirachi|0 fnt
|faint|p2a: Jirachi
|
|-weather|Sandstorm|[upkeep]
|upkeep
|inactive|Miltank321 has 90 seconds left.
|
|t:|1734964771
|switch|p2a: Conkeldurr|Conkeldurr, M|100/100
|-damage|p2a: Conkeldurr|95/100|[from] Stealth Rock
|turn|9
|
|t:|1734964780
|switch|p1a: Reuniclus|Reuniclus, F|100/100
|move|p2a: Conkeldurr|Bulk Up|p2a: Conkeldurr
|-boost|p2a: Conkeldurr|atk|1
|-boost|p2a: Conkeldurr|def|1
|
|-weather|Sandstorm|[upkeep]
|-damage|p2a: Conkeldurr|89/100|[from] Sandstorm
|-heal|p2a: Conkeldurr|95/100|[from] item: Leftovers
|upkeep
|turn|10
|
|t:|1734964790
|move|p2a: Conkeldurr|Ice Punch|p1a: Reuniclus
|-crit|p1a: Reuniclus
|-damage|p1a: Reuniclus|25/100
|move|p1a: Reuniclus|Psyshock|p2a: Conkeldurr
|-supereffective|p2a: Conkeldurr
|-damage|p2a: Conkeldurr|53/100
|
|-weather|Sandstorm|[upkeep]
|-damage|p2a: Conkeldurr|47/100|[from] Sandstorm
|-heal|p2a: Conkeldurr|53/100|[from] item: Leftovers
|-heal|p1a: Reuniclus|32/100|[from] item: Leftovers
|upkeep
|turn|11
|
|t:|1734964805
|move|p2a: Conkeldurr|Ice Punch|p1a: Reuniclus
|-damage|p1a: Reuniclus|0 fnt
|faint|p1a: Reuniclus
|
|-weather|Sandstorm|[upkeep]
|-damage|p2a: Conkeldurr|47/100|[from] Sandstorm
|-heal|p2a: Conkeldurr|53/100|[from] item: Leftovers
|upkeep
|
|t:|1734964820
|switch|p1a: Latios|Latios, M|100/100
|-damage|p1a: Latios|88/100|[from] Stealth Rock
|turn|12
|
|t:|1734964825
|move|p1a: Latios|Psyshock|p2a: Conkeldurr
|-supereffective|p2a: Conkeldurr
|-crit|p2a: Conkeldurr
|-damage|p2a: Conkeldurr|0 fnt
|faint|p2a: Conkeldurr
|
|-weather|Sandstorm|[upkeep]
|-damage|p1a: Latios|82/100|[from] Sandstorm
|upkeep
|
|t:|1734964838
|switch|p2a: Mamoswine|Mamoswine, M|100/100
|-damage|p2a: Mamoswine|88/100|[from] Stealth Rock
|turn|13
|
|t:|1734964844
|switch|p1a: GayMon|Clefable, M, shiny|70/100 par
|move|p2a: Mamoswine|Icicle Crash|p1a: GayMon
|-damage|p1a: GayMon|11/100 par
|
|-weather|Sandstorm|[upkeep]
|upkeep
|turn|14
|
|t:|1734964853
|move|p2a: Mamoswine|Earthquake|p1a: GayMon
|-damage|p1a: GayMon|0 fnt
|faint|p1a: GayMon
|
|-weather|Sandstorm|[upkeep]
|upkeep
|
|t:|1734964859
|switch|p1a: Ferrothorn|Ferrothorn, M|100/100
|-damage|p1a: Ferrothorn|94/100|[from] Stealth Rock
|turn|15
|inactive|Miltank321 has 120 seconds left.
|
|t:|1734964870
|move|p2a: Mamoswine|Icicle Crash|p1a: Ferrothorn
|-damage|p1a: Ferrothorn|58/100
|move|p1a: Ferrothorn|Power Whip|p2a: Mamoswine
|-supereffective|p2a: Mamoswine
|-damage|p2a: Mamoswine|0 fnt
|faint|p2a: Mamoswine
|
|-weather|Sandstorm|[upkeep]
|-heal|p1a: Ferrothorn|64/100|[from] item: Leftovers
|upkeep
|inactive|Miltank321 has 120 seconds left.
|
|t:|1734964882
|switch|p2a: Rotom|Rotom-Heat|94/100
|-damage|p2a: Rotom|69/100|[from] Stealth Rock
|turn|16
|inactive|Miltank321 has 120 seconds left.
|
|t:|1734964892
|move|p2a: Rotom|Volt Switch|p1a: Ferrothorn
|-resisted|p1a: Ferrothorn
|-damage|p1a: Ferrothorn|54/100
|
|t:|1734964896
|switch|p2a: Keldeo|Keldeo|100/100|[from] Volt Switch
|-damage|p2a: Keldeo|94/100|[from] Stealth Rock
|move|p1a: Ferrothorn|Thunder Wave|p2a: Keldeo
|-status|p2a: Keldeo|par
|
|-weather|Sandstorm|[upkeep]
|-damage|p2a: Keldeo|88/100 par|[from] Sandstorm
|-heal|p2a: Keldeo|94/100 par|[from] item: Leftovers
|-heal|p1a: Ferrothorn|60/100|[from] item: Leftovers
|upkeep
|turn|17
|
|t:|1734964918
|move|p2a: Keldeo|Secret Sword|p1a: Ferrothorn
|-supereffective|p1a: Ferrothorn
|-damage|p1a: Ferrothorn|0 fnt
|faint|p1a: Ferrothorn
|
|-weather|Sandstorm|[upkeep]
|-damage|p2a: Keldeo|88/100 par|[from] Sandstorm
|-heal|p2a: Keldeo|94/100 par|[from] item: Leftovers
|upkeep
|
|t:|1734964923
|switch|p1a: Latios|Latios, M|82/100
|-damage|p1a: Latios|70/100|[from] Stealth Rock
|turn|18
|
|t:|1734964931
|move|p1a: Latios|Psyshock|p2a: Keldeo
|-supereffective|p2a: Keldeo
|-damage|p2a: Keldeo|3/100 par
|move|p2a: Keldeo|Surf|p1a: Latios
|-resisted|p1a: Latios
|-damage|p1a: Latios|43/100
|
|-weather|Sandstorm|[upkeep]
|-damage|p1a: Latios|37/100|[from] Sandstorm
|-damage|p2a: Keldeo|0 fnt|[from] Sandstorm
|faint|p2a: Keldeo
|upkeep
|
|t:|1734964944
|switch|p2a: Rotom|Rotom-Heat|69/100
|-damage|p2a: Rotom|44/100|[from] Stealth Rock
|turn|19
|
|t:|1734964953
|move|p1a: Latios|Psyshock|p2a: Rotom
|-damage|p2a: Rotom|0 fnt
|faint|p2a: Rotom
|
|-weather|Sandstorm|[upkeep]
|-damage|p1a: Latios|31/100|[from] Sandstorm
|upkeep
|
|t:|1734964960
|switch|p2a: Salamence|Salamence, M|100/100
|-damage|p2a: Salamence|76/100|[from] Stealth Rock
|turn|20
|
|t:|1734964967
|move|p1a: Latios|Psyshock|p2a: Salamence
|-damage|p2a: Salamence|22/100
|move|p2a: Salamence|Outrage|p1a: Latios
|-supereffective|p1a: Latios
|-damage|p1a: Latios|0 fnt
|faint|p1a: Latios
|-ability|p2a: Salamence|Moxie|boost
|-boost|p2a: Salamence|atk|1
|
|-weather|Sandstorm|[upkeep]
|-damage|p2a: Salamence|16/100|[from] Sandstorm
|upkeep
|
|t:|1734964975
|switch|p1a: Landorus|Landorus-Therian, M|99/100
|-damage|p1a: Landorus|88/100|[from] Stealth Rock
|-ability|p1a: Landorus|Intimidate|boost
|-unboost|p2a: Salamence|atk|1
|turn|21
|
|t:|1734964984
|move|p2a: Salamence|Outrage|p1a: Landorus|[from]lockedmove
|-damage|p1a: Landorus|26/100
|-start|p2a: Salamence|confusion|[fatigue]
|move|p1a: Landorus|U-turn|p2a: Salamence
|-resisted|p2a: Salamence
|-crit|p2a: Salamence
|-damage|p2a: Salamence|0 fnt
|faint|p2a: Salamence
|
|win|HydreigonSpammer
|raw|HydreigonSpammer's rating: 1381 &rarr; <strong>1401</strong><br />(+20 for winning)
|raw|Miltank321's rating: 1379 &rarr; <strong>1359</strong><br />(-20 for losing)
