|j|☆PatheticManchild3
|j|☆ArthurTimothyRead
|t:|1742855600
|gametype|singles
|player|p1|PatheticManchild3|101|1315
|player|p2|ArthurTimothyRead|schoolkid-gen4dp|1378
|teamsize|p1|6
|teamsize|p2|6
|gen|5
|tier|[Gen 5] OU
|rated|
|rule|Species Clause: Limit one of each Pokémon
|rule|OHKO Clause: OHKO moves are banned
|rule|Moody Clause: Moody is banned
|rule|Evasion Items Clause: Evasion items are banned
|rule|Evasion Moves Clause: Evasion moves are banned
|rule|Endless Battle Clause: Forcing endless battles is banned
|rule|HP Percentage Mod: HP is shown in percentages
|rule|Evasion Abilities Clause: Evasion abilities are banned
|rule|Sleep Moves Clause: Sleep-inducing moves are banned
|rule|Swagger Clause: Swagger is banned
|rule|Baton Pass Stat Clause: No Baton Passer may have a way to boost its stats
|clearpoke
|poke|p1|Starmie|item
|poke|p1|Volcarona, F|item
|poke|p1|Alakazam, F|item
|poke|p1|Machamp, M|item
|poke|p1|Gyarados, M|item
|poke|p1|Dragonite, M|item
|poke|p2|Garchomp, M|item
|poke|p2|Terrakion|item
|poke|p2|Starmie|item
|poke|p2|Dragonite, F|item
|poke|p2|Scizor, M|item
|poke|p2|Breloom, M|item
|teampreview
|inactive|Battle timer is ON: inactive players will automatically lose when time's up. (requested by ArthurTimothyRead)
|inactive|ArthurTimothyRead has 120 seconds left.
|
|t:|1742855640
|start
|switch|p1a: Machamp|Machamp, M|100/100
|switch|p2a: Terrakion|Terrakion, shiny|100/100
|turn|1
|
|t:|1742855647
|switch|p2a: Garchomp|Garchomp, M, shiny|100/100
|move|p1a: Machamp|Dynamic Punch|p2a: Garchomp
|-damage|p2a: Garchomp|38/100
|-start|p2a: Garchomp|confusion
|-damage|p1a: Machamp|88/100|[from] ability: Rough Skin|[of] p2a: Garchomp
|
|upkeep
|turn|2
|
|t:|1742855655
|-activate|p2a: Garchomp|confusion
|move|p2a: Garchomp|Outrage|p1a: Machamp
|-damage|p1a: Machamp|16/100
|move|p1a: Machamp|Dynamic Punch|p2a: Garchomp
|-damage|p2a: Garchomp|0 fnt
|-damage|p1a: Machamp|3/100|[from] ability: Rough Skin|[of] p2a: Garchomp
|faint|p2a: Garchomp
|
|upkeep
|
|t:|1742855680
|switch|p2a: Teemo|Breloom, M|100/100
|turn|3
|
|t:|1742855683
|move|p2a: Teemo|Mach Punch|p1a: Machamp
|-damage|p1a: Machamp|0 fnt
|faint|p1a: Machamp
|-damage|p2a: Teemo|91/100|[from] item: Life Orb
|
|upkeep
|
|t:|1742855692
|switch|p1a: Gyarados|Gyarados, M|100/100
|-ability|p1a: Gyarados|Intimidate|boost
|-unboost|p2a: Teemo|atk|1
|turn|4
|
|t:|1742855695
|move|p1a: Gyarados|Dragon Dance|p1a: Gyarados
|-boost|p1a: Gyarados|atk|1
|-boost|p1a: Gyarados|spe|1
|move|p2a: Teemo|Low Sweep|p1a: Gyarados
|-resisted|p1a: Gyarados
|-damage|p1a: Gyarados|72/100
|-unboost|p1a: Gyarados|spe|1
|-damage|p2a: Teemo|81/100|[from] item: Life Orb
|
|upkeep
|turn|5
|
|t:|1742855704
|move|p1a: Gyarados|Ice Fang|p2a: Teemo
|-supereffective|p2a: Teemo
|-damage|p2a: Teemo|0 fnt
|faint|p2a: Teemo
|
|upkeep
|
|t:|1742855714
|switch|p2a: Patrick Star|Starmie, shiny|100/100
|-item|p2a: Patrick Star|Air Balloon
|turn|6
|
|t:|1742855717
|move|p2a: Patrick Star|Thunder|p1a: Gyarados
|-supereffective|p1a: Gyarados
|-damage|p1a: Gyarados|0 fnt
|faint|p1a: Gyarados
|
|upkeep
|
|t:|1742855723
|switch|p1a: Alakazam|Alakazam, F|100/100
|turn|7
|
|t:|1742855727
|move|p1a: Alakazam|Shadow Ball|p2a: Patrick Star
|-supereffective|p2a: Patrick Star
|-damage|p2a: Patrick Star|9/100
|-enditem|p2a: Patrick Star|Air Balloon
|move|p2a: Patrick Star|Ice Beam|p1a: Alakazam
|-damage|p1a: Alakazam|47/100
|
|upkeep
|turn|8
|
|t:|1742855735
|switch|p2a: Iron Man|Scizor, M|100/100
|move|p1a: Alakazam|Shadow Ball|p2a: Iron Man
|-resisted|p2a: Iron Man
|-damage|p2a: Iron Man|81/100
|
|upkeep
|turn|9
|
|t:|1742855743
|-activate|p1a: Alakazam|move: Pursuit
|move|p2a: Iron Man|Pursuit|p1a: Alakazam|[from] Pursuit
|-supereffective|p1a: Alakazam
|-damage|p1a: Alakazam|0 fnt
|faint|p1a: Alakazam
|-damage|p2a: Iron Man|71/100|[from] item: Life Orb
|-hint|A Pokemon can't switch between when it runs out of HP and when it faints
|
|upkeep
|
|t:|1742855750
|switch|p1a: Starmie|Starmie|100/100
|turn|10
|
|t:|1742855758
|move|p1a: Starmie|Scald|p2a: Iron Man
|-damage|p2a: Iron Man|35/100
|move|p2a: Iron Man|Pursuit|p1a: Starmie
|-supereffective|p1a: Starmie
|-damage|p1a: Starmie|35/100
|-damage|p2a: Iron Man|19/100|[from] item: Rocky Helmet|[of] p1a: Starmie
|-damage|p2a: Iron Man|9/100|[from] item: Life Orb
|
|upkeep
|turn|11
|
|t:|1742855767
|move|p2a: Iron Man|Bullet Punch|p1a: Starmie
|-resisted|p1a: Starmie
|-damage|p1a: Starmie|10/100
|-damage|p2a: Iron Man|0 fnt|[from] item: Rocky Helmet|[of] p1a: Starmie
|faint|p2a: Iron Man
|move|p1a: Starmie|Scald|p2: Iron Man|[notarget]
|-fail|p1a: Starmie
|
|upkeep
|
|t:|1742855772
|switch|p2a: Terrakion|Terrakion, shiny|100/100
|turn|12
|
|t:|1742855776
|move|p1a: Starmie|Scald|p2a: Terrakion
|-supereffective|p2a: Terrakion
|-damage|p2a: Terrakion|35/100
|move|p2a: Terrakion|Stealth Rock|p1a: Starmie
|-sidestart|p1: PatheticManchild3|move: Stealth Rock
|
|upkeep
|turn|13
|
|t:|1742855783
|move|p1a: Starmie|Rapid Spin|p2a: Terrakion
|-resisted|p2a: Terrakion
|-crit|p2a: Terrakion
|-damage|p2a: Terrakion|32/100
|-sideend|p1: PatheticManchild3|Stealth Rock|[from] move: Rapid Spin|[of] p1a: Starmie
|move|p2a: Terrakion|Close Combat|p1a: Starmie
|-resisted|p1a: Starmie
|-damage|p1a: Starmie|0 fnt
|-unboost|p2a: Terrakion|def|1
|-unboost|p2a: Terrakion|spd|1
|-damage|p2a: Terrakion|16/100|[from] item: Rocky Helmet|[of] p1a: Starmie
|faint|p1a: Starmie
|
|upkeep
|
|t:|1742855794
|switch|p1a: Volcarona|Volcarona, F|100/100
|turn|14
|
|t:|1742855798
|switch|p1a: Dragonite|Dragonite, M|100/100
|move|p2a: Terrakion|Stone Edge|p1a: Dragonite
|-supereffective|p1a: Dragonite
|-damage|p1a: Dragonite|39/100
|
|upkeep
|turn|15
|
|t:|1742855805
|switch|p2a: Patrick Star|Starmie, shiny|9/100
|move|p1a: Dragonite|Extreme Speed|p2a: Patrick Star
|-damage|p2a: Patrick Star|0 fnt
|faint|p2a: Patrick Star
|
|upkeep
|
|t:|1742855807
|switch|p2a: Tohru|Dragonite, F, shiny|100/100
|turn|16
|
|t:|1742855813
|move|p1a: Dragonite|Extreme Speed|p2a: Tohru
|-damage|p2a: Tohru|83/100
|move|p2a: Tohru|Dragon Dance|p2a: Tohru
|-boost|p2a: Tohru|atk|1
|-boost|p2a: Tohru|spe|1
|
|upkeep
|turn|17
|
|t:|1742855819
|move|p1a: Dragonite|Extreme Speed|p2a: Tohru
|-damage|p2a: Tohru|47/100
|move|p2a: Tohru|Outrage|p1a: Dragonite
|-supereffective|p1a: Dragonite
|-damage|p1a: Dragonite|0 fnt
|faint|p1a: Dragonite
|
|upkeep
|-message|PatheticManchild3 forfeited.
|
|win|ArthurTimothyRead
|raw|PatheticManchild3's rating: 1315 &rarr; <strong>1299</strong><br />(-16 for losing)
|raw|ArthurTimothyRead's rating: 1378 &rarr; <strong>1394</strong><br />(+16 for winning)
|l|☆PatheticManchild3
|player|p1|
