|j|☆CertamenMeum
|j|‽baishii
|t:|1716566145
|gametype|singles
|player|p1|CertamenMeum|blue|1403
|player|p2|baishii|steven|1685
|teamsize|p1|6
|teamsize|p2|6
|gen|5
|tier|[Gen 5] OU
|rated|
|rule|Species Clause: Limit one of each Pokémon
|rule|OHKO Clause: OHKO moves are banned
|rule|Moody Clause: Moody is banned
|rule|Evasion Items Clause: Evasion items are banned
|rule|Evasion Moves Clause: Evasion moves are banned
|rule|Endless Battle Clause: Forcing endless battles is banned
|rule|HP Percentage Mod: HP is shown in percentages
|rule|Evasion Abilities Clause: Evasion abilities are banned
|rule|Sleep Moves Clause: Sleep-inducing moves are banned
|rule|Swagger Clause: Swagger is banned
|rule|Baton Pass Stat Clause: No Baton Passer may have a way to boost its stats
|clearpoke
|poke|p1|Dragonite, M|item
|poke|p1|Scizor, M|item
|poke|p1|Forretress, M|item
|poke|p1|Ferrothorn, M|item
|poke|p1|Alakazam, M|item
|poke|p1|Rotom-Wash|item
|poke|p2|Magnezone|item
|poke|p2|Latios, M|item
|poke|p2|Garchomp, M|item
|poke|p2|Scizor, F|item
|poke|p2|Mamoswine, F|item
|poke|p2|Dragonite, M|item
|teampreview
|inactive|Battle timer is ON: inactive players will automatically lose when time's up. (requested by CertamenMeum)
|
|t:|1716566153
|start
|switch|p1a: Forretress|Forretress, M|100/100
|switch|p2a: Dragonite|Dragonite, M|100/100
|turn|1
|
|t:|1716566157
|move|p2a: Dragonite|Flamethrower|p1a: Forretress
|-supereffective|p1a: Forretress
|-ability|p1a: Forretress|Sturdy
|-damage|p1a: Forretress|1/100
|-damage|p2a: Dragonite|91/100|[from] item: Life Orb
|move|p1a: Forretress|Stealth Rock|p2a: Dragonite
|-sidestart|p2: baishii|move: Stealth Rock
|
|upkeep
|turn|2
|
|t:|1716566165
|switch|p1a: Rotom|Rotom-Wash, shiny|100/100
|move|p2a: Dragonite|Extreme Speed|p1a: Rotom
|-damage|p1a: Rotom|50/100
|-damage|p2a: Dragonite|81/100|[from] item: Life Orb
|
|upkeep
|turn|3
|
|t:|1716566176
|move|p1a: Rotom|Volt Switch|p2a: Dragonite
|-damage|p2a: Dragonite|24/100
|
|t:|1716566181
|switch|p1a: Ferrothorn|Ferrothorn, M|100/100|[from] Volt Switch
|move|p2a: Dragonite|Flamethrower|p1a: Ferrothorn
|-supereffective|p1a: Ferrothorn
|-crit|p1a: Ferrothorn
|-damage|p1a: Ferrothorn|0 fnt
|faint|p1a: Ferrothorn
|-damage|p2a: Dragonite|14/100|[from] item: Life Orb
|
|upkeep
|
|t:|1716566195
|switch|p1a: Alakazam|Alakazam, M|100/100
|turn|4
|
|t:|1716566199
|move|p2a: Dragonite|Extreme Speed|p1a: Alakazam
|-damage|p1a: Alakazam|6/100
|-damage|p2a: Dragonite|4/100|[from] item: Life Orb
|move|p1a: Alakazam|Psychic|p2a: Dragonite
|-damage|p2a: Dragonite|0 fnt
|faint|p2a: Dragonite
|
|upkeep
|
|t:|1716566210
|switch|p2a: Mamoswine|Mamoswine, F|100/100
|-damage|p2a: Mamoswine|88/100|[from] Stealth Rock
|turn|5
|
|t:|1716566217
|switch|p1a: Scizor|Scizor, M|100/100
|move|p2a: Mamoswine|Ice Shard|p1a: Scizor
|-resisted|p1a: Scizor
|-damage|p1a: Scizor|87/100
|
|upkeep
|turn|6
|
|t:|1716566233
|switch|p2a: Garchomp|Garchomp, M|100/100
|-damage|p2a: Garchomp|94/100|[from] Stealth Rock
|move|p1a: Scizor|U-turn|p2a: Garchomp
|-damage|p2a: Garchomp|33/100
|-damage|p1a: Scizor|75/100|[from] ability: Rough Skin|[of] p2a: Garchomp
|
|t:|1716566249
|switch|p1a: Forretress|Forretress, M|1/100|[from] U-turn
|
|-heal|p2a: Garchomp|39/100|[from] item: Leftovers
|upkeep
|turn|7
|-enditem|p1a: Forretress|Custap Berry|[eat]
|-activate|p1a: Forretress|item: Custap Berry|[consumed]
|
|t:|1716566267
|move|p1a: Forretress|Explosion|p2a: Garchomp
|-crit|p2a: Garchomp
|-damage|p2a: Garchomp|0 fnt
|faint|p1a: Forretress
|faint|p2a: Garchomp
|
|upkeep
|
|t:|1716566286
|switch|p2a: Mamoswine|Mamoswine, F|88/100
|switch|p1a: Scizor|Scizor, M|75/100
|-damage|p2a: Mamoswine|76/100|[from] Stealth Rock
|turn|8
|
|t:|1716566303
|switch|p2a: Magnezone|Magnezone|100/100
|-damage|p2a: Magnezone|94/100|[from] Stealth Rock
|move|p1a: Scizor|Superpower|p2a: Magnezone
|-supereffective|p2a: Magnezone
|-damage|p2a: Magnezone|0 fnt
|-unboost|p1a: Scizor|atk|1
|-unboost|p1a: Scizor|def|1
|faint|p2a: Magnezone
|
|upkeep
|inactive|baishii has 120 seconds left.
|
|t:|1716566324
|switch|p2a: Mamoswine|Mamoswine, F|76/100
|-damage|p2a: Mamoswine|63/100|[from] Stealth Rock
|turn|9
|
|t:|1716566336
|switch|p1a: Alakazam|Alakazam, M|6/100
|move|p2a: Mamoswine|Earthquake|p1a: Alakazam
|-damage|p1a: Alakazam|0 fnt
|faint|p1a: Alakazam
|
|upkeep
|
|t:|1716566351
|switch|p1a: Scizor|Scizor, M|75/100
|turn|10
|
|t:|1716566360
|move|p1a: Scizor|Bullet Punch|p2a: Mamoswine
|-supereffective|p2a: Mamoswine
|-damage|p2a: Mamoswine|0 fnt
|faint|p2a: Mamoswine
|
|upkeep
|
|t:|1716566365
|switch|p2a: Scizor|Scizor, F|100/100
|-damage|p2a: Scizor|88/100|[from] Stealth Rock
|turn|11
|
|t:|1716566372
|switch|p1a: Rotom|Rotom-Wash, shiny|50/100
|move|p2a: Scizor|U-turn|p1a: Rotom
|-damage|p1a: Rotom|0 fnt
|faint|p1a: Rotom
|
|t:|1716566377
|switch|p2a: Latios|Latios, M, shiny|100/100|[from] U-turn
|-damage|p2a: Latios|88/100|[from] Stealth Rock
|
|upkeep
|
|t:|1716566382
|switch|p1a: Scizor|Scizor, M|75/100
|turn|12
|
|t:|1716566395
|move|p1a: Scizor|Bullet Punch|p2a: Latios
|-damage|p2a: Latios|24/100
|move|p2a: Latios|Draco Meteor|p1a: Scizor
|-resisted|p1a: Scizor
|-damage|p1a: Scizor|19/100
|-unboost|p2a: Latios|spa|2
|
|upkeep
|turn|13
|
|t:|1716566404
|move|p1a: Scizor|Bullet Punch|p2a: Latios
|-damage|p2a: Latios|0 fnt
|faint|p2a: Latios
|
|upkeep
|
|t:|1716566405
|switch|p2a: Scizor|Scizor, F|88/100
|-damage|p2a: Scizor|76/100|[from] Stealth Rock
|turn|14
|
|t:|1716566410
|move|p1a: Scizor|Bullet Punch|p2a: Scizor
|-resisted|p2a: Scizor
|-damage|p2a: Scizor|49/100
|move|p2a: Scizor|Bullet Punch|p1a: Scizor
|-resisted|p1a: Scizor
|-crit|p1a: Scizor
|-damage|p1a: Scizor|0 fnt
|faint|p1a: Scizor
|
|upkeep
|
|t:|1716566417
|switch|p1a: Dragonite|Dragonite, M|100/100
|turn|15
|
|t:|1716566421
|move|p2a: Scizor|Bullet Punch|p1a: Dragonite
|-damage|p1a: Dragonite|70/100
|move|p1a: Dragonite|Earthquake|p2a: Scizor
|-damage|p2a: Scizor|10/100
|
|upkeep
|turn|16
|
|t:|1716566434
|move|p1a: Dragonite|Extreme Speed|p2a: Scizor
|-resisted|p2a: Scizor
|-damage|p2a: Scizor|0 fnt
|faint|p2a: Scizor
|
|win|CertamenMeum
|raw|CertamenMeum's rating: 1403 &rarr; <strong>1436</strong><br />(+33 for winning)
|raw|baishii's rating: 1685 &rarr; <strong>1652</strong><br />(-33 for losing)
|l|‽baishii
|player|p2|
