|j|☆Drag_My_Mag
|j|☆bc sciz killer
|t:|1702982380
|gametype|singles
|player|p1|Drag_My_Mag|pokemonrangerf-gen4|1321
|player|p2|bc sciz killer|red|1623
|teamsize|p1|6
|teamsize|p2|6
|gen|5
|tier|[Gen 5] OU
|rated|
|rule|Species Clause: Limit one of each Pokémon
|rule|OHKO Clause: OHKO moves are banned
|rule|Moody Clause: Moody is banned
|rule|Evasion Items Clause: Evasion items are banned
|rule|Evasion Moves Clause: Evasion moves are banned
|rule|Endless Battle Clause: Forcing endless battles is banned
|rule|HP Percentage Mod: HP is shown in percentages
|rule|Evasion Abilities Clause: Evasion abilities are banned
|rule|Sleep Moves Clause: Sleep-inducing moves are banned
|rule|Swagger Clause: Swagger is banned
|rule|Baton Pass Stat Clause: No Baton Passer may have a way to boost its stats
|clearpoke
|poke|p1|Kyurem-Black|item
|poke|p1|Garchomp, M|item
|poke|p1|Magnezone|item
|poke|p1|Salamence, M|item
|poke|p1|Scizor, M|item
|poke|p1|Starmie|item
|poke|p2|Skarmory, F|item
|poke|p2|Gengar, F|item
|poke|p2|Kyurem-Black|item
|poke|p2|Garchomp, M|item
|poke|p2|Latios, M|item
|poke|p2|Scizor, M|item
|teampreview
|c|☆Drag_My_Mag|gl hf
|c|☆bc sciz killer|hf
|
|t:|1702982426
|start
|switch|p1a: Death Mask|Scizor, M|100/100
|switch|p2a: Bw Starmie|Skarmory, F|100/100
|turn|1
|
|t:|1702982435
|move|p2a: Bw Starmie|Stealth Rock|p1a: Death Mask
|-sidestart|p1: Drag_My_Mag|move: Stealth Rock
|move|p1a: Death Mask|U-turn|p2a: Bw Starmie
|-resisted|p2a: Bw Starmie
|-damage|p2a: Bw Starmie|88/100
|
|t:|1702982438
|switch|p1a: Slow Burn|Magnezone|100/100|[from] U-turn
|-damage|p1a: Slow Burn|94/100|[from] Stealth Rock
|
|upkeep
|turn|2
|
|t:|1702982444
|move|p1a: Slow Burn|Thunderbolt|p2a: Bw Starmie
|-supereffective|p2a: Bw Starmie
|-damage|p2a: Bw Starmie|0 fnt
|faint|p2a: Bw Starmie
|
|upkeep
|
|t:|1702982450
|switch|p2a: Bw Sandslash|Garchomp, M|100/100
|turn|3
|
|t:|1702982455
|switch|p1a: Hung High|Starmie|100/100
|-damage|p1a: Hung High|88/100|[from] Stealth Rock
|-item|p1a: Hung High|Air Balloon
|move|p2a: Bw Sandslash|Dragon Claw|p1a: Hung High
|-crit|p1a: Hung High
|-damage|p1a: Hung High|0 fnt
|-enditem|p1a: Hung High|Air Balloon
|faint|p1a: Hung High
|
|upkeep
|
|t:|1702982467
|switch|p1a: Dust|Garchomp, M|100/100
|-damage|p1a: Dust|94/100|[from] Stealth Rock
|turn|4
|
|t:|1702982488
|switch|p2a: Bw Exeggutor|Scizor, M|100/100
|move|p1a: Dust|Outrage|p2a: Bw Exeggutor
|-resisted|p2a: Bw Exeggutor
|-damage|p2a: Bw Exeggutor|66/100
|
|upkeep
|turn|5
|
|t:|1702982492
|move|p2a: Bw Exeggutor|Bullet Punch|p1a: Dust
|-damage|p1a: Dust|54/100
|-damage|p2a: Bw Exeggutor|54/100|[from] ability: Rough Skin|[of] p1a: Dust
|move|p1a: Dust|Outrage|p2a: Bw Exeggutor|[from]lockedmove
|-resisted|p2a: Bw Exeggutor
|-damage|p2a: Bw Exeggutor|22/100
|-start|p1a: Dust|confusion|[fatigue]
|
|upkeep
|turn|6
|
|t:|1702982497
|-activate|p1a: Dust|confusion
|move|p1a: Dust|Stealth Rock|p2a: Bw Exeggutor
|-sidestart|p2: bc sciz killer|move: Stealth Rock
|move|p2a: Bw Exeggutor|Pursuit|p1a: Dust
|-damage|p1a: Dust|32/100
|-damage|p2a: Bw Exeggutor|10/100|[from] ability: Rough Skin|[of] p1a: Dust
|
|upkeep
|turn|7
|
|t:|1702982504
|move|p2a: Bw Exeggutor|Bullet Punch|p1a: Dust
|-damage|p1a: Dust|0 fnt
|-damage|p2a: Bw Exeggutor|0 fnt|[from] ability: Rough Skin|[of] p1a: Dust
|faint|p2a: Bw Exeggutor
|faint|p1a: Dust
|
|upkeep
|
|t:|1702982531
|switch|p1a: Slow Burn|Magnezone|94/100
|switch|p2a: Bw Sandslash|Garchomp, M|100/100
|-damage|p2a: Bw Sandslash|94/100|[from] Stealth Rock
|-damage|p1a: Slow Burn|88/100|[from] Stealth Rock
|turn|8
|
|t:|1702982536
|move|p2a: Bw Sandslash|Earthquake|p1a: Slow Burn
|-supereffective|p1a: Slow Burn
|-damage|p1a: Slow Burn|0 fnt
|faint|p1a: Slow Burn
|
|upkeep
|
|t:|1702982544
|switch|p1a: Portent|Salamence, M|100/100
|-damage|p1a: Portent|76/100|[from] Stealth Rock
|turn|9
|
|t:|1702982550
|switch|p2a: Bw Snorlax|Kyurem-Black|100/100
|-damage|p2a: Bw Snorlax|76/100|[from] Stealth Rock
|-ability|p2a: Bw Snorlax|Teravolt
|move|p1a: Portent|Dragon Claw|p2a: Bw Snorlax
|-supereffective|p2a: Bw Snorlax
|-damage|p2a: Bw Snorlax|0 fnt
|faint|p2a: Bw Snorlax
|-ability|p1a: Portent|Moxie|boost
|-boost|p1a: Portent|atk|1
|
|upkeep
|
|t:|1702982554
|switch|p2a: Bw Tauros|Latios, M|100/100
|-damage|p2a: Bw Tauros|88/100|[from] Stealth Rock
|turn|10
|
|t:|1702982561
|switch|p2a: Bw Sandslash|Garchomp, M|94/100
|-damage|p2a: Bw Sandslash|88/100|[from] Stealth Rock
|move|p1a: Portent|Dragon Claw|p2a: Bw Sandslash
|-supereffective|p2a: Bw Sandslash
|-damage|p2a: Bw Sandslash|0 fnt
|-damage|p1a: Portent|63/100|[from] ability: Rough Skin|[of] p2a: Bw Sandslash
|faint|p2a: Bw Sandslash
|-ability|p1a: Portent|Moxie|boost
|-boost|p1a: Portent|atk|1
|
|upkeep
|
|t:|1702982565
|switch|p2a: Bw Tauros|Latios, M|88/100
|-damage|p2a: Bw Tauros|76/100|[from] Stealth Rock
|turn|11
|
|t:|1702982568
|move|p2a: Bw Tauros|Dragon Pulse|p1a: Portent
|-supereffective|p1a: Portent
|-damage|p1a: Portent|0 fnt
|faint|p1a: Portent
|
|upkeep
|
|t:|1702982571
|switch|p1a: Death Mask|Scizor, M|100/100
|-damage|p1a: Death Mask|88/100|[from] Stealth Rock
|turn|12
|
|t:|1702982575
|move|p2a: Bw Tauros|Dragon Pulse|p1a: Death Mask
|-resisted|p1a: Death Mask
|-damage|p1a: Death Mask|61/100
|move|p1a: Death Mask|Pursuit|p2a: Bw Tauros
|-supereffective|p2a: Bw Tauros
|-damage|p2a: Bw Tauros|0 fnt
|faint|p2a: Bw Tauros
|
|upkeep
|
|t:|1702982578
|switch|p2a: Bw Gengar|Gengar, F|100/100
|-damage|p2a: Bw Gengar|88/100|[from] Stealth Rock
|turn|13
|
|t:|1702982581
|move|p2a: Bw Gengar|Focus Blast|p1a: Death Mask
|-damage|p1a: Death Mask|15/100
|-unboost|p1a: Death Mask|spd|1
|move|p1a: Death Mask|Pursuit|p2a: Bw Gengar
|-supereffective|p2a: Bw Gengar
|-damage|p2a: Bw Gengar|0 fnt
|faint|p2a: Bw Gengar
|
|win|Drag_My_Mag
|raw|Drag_My_Mag's rating: 1321 &rarr; <strong>1355</strong><br />(+34 for winning)
|raw|bc sciz killer's rating: 1623 &rarr; <strong>1589</strong><br />(-34 for losing)
|l|☆bc sciz killer
