|j|☆HydreigonSpammer
|j|☆Blaise BWOU
|t:|1735056654
|gametype|singles
|player|p1|HydreigonSpammer|janitor|1453
|player|p2|Blaise BWOU|n|1393
|teamsize|p1|6
|teamsize|p2|6
|gen|5
|tier|[Gen 5] OU
|rated|
|rule|Species Clause: Limit one of each Pokémon
|rule|OHKO Clause: OHKO moves are banned
|rule|Moody Clause: Moody is banned
|rule|Evasion Items Clause: Evasion items are banned
|rule|Evasion Moves Clause: Evasion moves are banned
|rule|Endless Battle Clause: Forcing endless battles is banned
|rule|HP Percentage Mod: HP is shown in percentages
|rule|Evasion Abilities Clause: Evasion abilities are banned
|rule|Sleep Moves Clause: Sleep-inducing moves are banned
|rule|Swagger Clause: Swagger is banned
|rule|Baton Pass Stat Clause: No Baton Passer may have a way to boost its stats
|clearpoke
|poke|p1|Politoed, M|item
|poke|p1|Ferrothorn, M|item
|poke|p1|Thundurus-Therian, M|item
|poke|p1|Keldeo|item
|poke|p1|Tornadus, M|item
|poke|p1|Jirachi|item
|poke|p2|Latios, M|item
|poke|p2|Magnezone|item
|poke|p2|Starmie|item
|poke|p2|Volcarona, F|item
|poke|p2|Lombre, M|item
|poke|p2|Ludicolo, M|item
|teampreview
|
|t:|1735056667
|start
|switch|p1a: Politoed|Politoed, M|100/100
|switch|p2a: Latios|Latios, M|100/100
|-weather|RainDance|[from] ability: Drizzle|[of] p1a: Politoed
|turn|1
|
|t:|1735056674
|switch|p1a: Jirachi|Jirachi|100/100
|move|p2a: Latios|Draco Meteor|p1a: Jirachi
|-resisted|p1a: Jirachi
|-crit|p1a: Jirachi
|-damage|p1a: Jirachi|23/100
|-unboost|p2a: Latios|spa|2
|
|-weather|RainDance|[upkeep]
|-heal|p1a: Jirachi|29/100|[from] item: Leftovers
|upkeep
|turn|2
|
|t:|1735056683
|switch|p2a: Area B|Magnezone, shiny|100/100
|move|p1a: Jirachi|Stealth Rock|p2a: Area B
|-sidestart|p2: Blaise BWOU|move: Stealth Rock
|
|-weather|RainDance|[upkeep]
|-heal|p1a: Jirachi|35/100|[from] item: Leftovers
|upkeep
|turn|3
|
|t:|1735056688
|move|p1a: Jirachi|U-turn|p2a: Area B
|-resisted|p2a: Area B
|-damage|p2a: Area B|94/100
|
|t:|1735056698
|switch|p1a: Thundurus|Thundurus-Therian, M|100/100|[from] U-turn
|move|p2a: Area B|Thunder|p1a: Thundurus
|-immune|p1a: Thundurus|[from] ability: Volt Absorb
|
|-weather|RainDance|[upkeep]
|upkeep
|turn|4
|
|t:|1735056704
|move|p1a: Thundurus|Hidden Power|p2a: Area B
|-resisted|p2a: Area B
|-damage|p2a: Area B|80/100
|move|p2a: Area B|Hidden Power|p1a: Thundurus
|-supereffective|p1a: Thundurus
|-damage|p1a: Thundurus|24/100
|
|-weather|RainDance|[upkeep]
|-heal|p1a: Thundurus|30/100|[from] item: Leftovers
|upkeep
|turn|5
|
|t:|1735056712
|move|p1a: Thundurus|Focus Blast|p2a: Area B|[miss]
|-miss|p1a: Thundurus|p2a: Area B
|move|p2a: Area B|Hidden Power|p1a: Thundurus
|-supereffective|p1a: Thundurus
|-damage|p1a: Thundurus|0 fnt
|faint|p1a: Thundurus
|
|-weather|RainDance|[upkeep]
|upkeep
|
|t:|1735056716
|switch|p1a: Keldeo|Keldeo|100/100
|turn|6
|
|t:|1735056735
|switch|p2a: Mister B jr|Lombre, M|100/100
|-damage|p2a: Mister B jr|88/100|[from] Stealth Rock
|move|p1a: Keldeo|Scald|p2a: Mister B jr
|-resisted|p2a: Mister B jr
|-damage|p2a: Mister B jr|56/100
|-status|p2a: Mister B jr|brn
|
|-weather|RainDance|[upkeep]
|-heal|p2a: Mister B jr|62/100 brn|[from] ability: Rain Dish
|-damage|p2a: Mister B jr|50/100 brn|[from] brn
|upkeep
|turn|7
|
|t:|1735056750
|switch|p1a: Jirachi|Jirachi|35/100
|move|p2a: Mister B jr|Scald|p1a: Jirachi
|-damage|p1a: Jirachi|17/100
|-status|p1a: Jirachi|brn
|
|-weather|RainDance|[upkeep]
|-heal|p2a: Mister B jr|56/100 brn|[from] ability: Rain Dish
|-heal|p1a: Jirachi|23/100 brn|[from] item: Leftovers
|-damage|p1a: Jirachi|11/100 brn|[from] brn
|-damage|p2a: Mister B jr|43/100 brn|[from] brn
|upkeep
|turn|8
|
|t:|1735056756
|move|p1a: Jirachi|U-turn|p2a: Mister B jr
|-supereffective|p2a: Mister B jr
|-damage|p2a: Mister B jr|26/100 brn
|
|t:|1735056760
|switch|p1a: Ferrothorn|Ferrothorn, M|100/100|[from] U-turn
|move|p2a: Mister B jr|Scald|p1a: Ferrothorn
|-resisted|p1a: Ferrothorn
|-damage|p1a: Ferrothorn|91/100
|-status|p1a: Ferrothorn|brn
|
|-weather|RainDance|[upkeep]
|-heal|p2a: Mister B jr|33/100 brn|[from] ability: Rain Dish
|-heal|p1a: Ferrothorn|97/100 brn|[from] item: Leftovers
|-damage|p2a: Mister B jr|20/100 brn|[from] brn
|-damage|p1a: Ferrothorn|85/100 brn|[from] brn
|upkeep
|turn|9
|
|t:|1735056773
|switch|p2a: Area B|Magnezone, shiny|80/100
|-damage|p2a: Area B|74/100|[from] Stealth Rock
|switch|p1a: Tornadus|Tornadus, M|100/100
|
|-weather|RainDance|[upkeep]
|upkeep
|turn|10
|
|t:|1735056782
|switch|p1a: Jirachi|Jirachi|11/100 brn
|move|p2a: Area B|Thunder|p1a: Jirachi
|-crit|p1a: Jirachi
|-damage|p1a: Jirachi|0 fnt
|faint|p1a: Jirachi
|
|-weather|RainDance|[upkeep]
|upkeep
|
|t:|1735056786
|switch|p1a: Keldeo|Keldeo|100/100
|turn|11
|
|t:|1735056793
|switch|p2a: Mister B jr|Lombre, M|20/100 brn
|-damage|p2a: Mister B jr|8/100 brn|[from] Stealth Rock
|move|p1a: Keldeo|Scald|p2a: Mister B jr
|-resisted|p2a: Mister B jr
|-crit|p2a: Mister B jr
|-damage|p2a: Mister B jr|0 fnt
|faint|p2a: Mister B jr
|
|-weather|RainDance|[upkeep]
|upkeep
|c|☆Blaise BWOU|oh hi it is you
|c|☆HydreigonSpammer|yay
|
|t:|1735056822
|switch|p2a: Latios|Latios, M|100/100
|-damage|p2a: Latios|88/100|[from] Stealth Rock
|turn|12
|
|t:|1735056832
|switch|p1a: Ferrothorn|Ferrothorn, M|85/100 brn
|move|p2a: Latios|Draco Meteor|p1a: Ferrothorn
|-resisted|p1a: Ferrothorn
|-damage|p1a: Ferrothorn|48/100 brn
|-unboost|p2a: Latios|spa|2
|
|-weather|RainDance|[upkeep]
|-heal|p1a: Ferrothorn|54/100 brn|[from] item: Leftovers
|-damage|p1a: Ferrothorn|42/100 brn|[from] brn
|upkeep
|turn|13
|
|t:|1735056851
|switch|p2a: Area B|Magnezone, shiny|74/100
|-damage|p2a: Area B|68/100|[from] Stealth Rock
|move|p1a: Ferrothorn|Spikes|p2a: Area B
|-sidestart|p2: Blaise BWOU|Spikes
|
|-weather|RainDance|[upkeep]
|-heal|p1a: Ferrothorn|48/100 brn|[from] item: Leftovers
|-damage|p1a: Ferrothorn|35/100 brn|[from] brn
|upkeep
|turn|14
|
|t:|1735056860
|move|p2a: Area B|Substitute|p2a: Area B
|-start|p2a: Area B|Substitute
|-damage|p2a: Area B|43/100
|move|p1a: Ferrothorn|Seed Bomb|p2a: Area B
|-resisted|p2a: Area B
|-activate|p2a: Area B|Substitute|[damage]
|
|-weather|RainDance|[upkeep]
|-heal|p1a: Ferrothorn|42/100 brn|[from] item: Leftovers
|-damage|p1a: Ferrothorn|29/100 brn|[from] brn
|upkeep
|turn|15
|j| no1ceb
|
|t:|1735056866
|move|p2a: Area B|Thunder|p1a: Ferrothorn
|-resisted|p1a: Ferrothorn
|-damage|p1a: Ferrothorn|7/100 brn
|move|p1a: Ferrothorn|Seed Bomb|p2a: Area B
|-resisted|p2a: Area B
|-activate|p2a: Area B|Substitute|[damage]
|
|-weather|RainDance|[upkeep]
|-heal|p1a: Ferrothorn|13/100 brn|[from] item: Leftovers
|-damage|p1a: Ferrothorn|1/100 brn|[from] brn
|upkeep
|turn|16
|l| no1ceb
|c|☆HydreigonSpammer|wtf is that
|
|t:|1735056874
|move|p2a: Area B|Thunder|p1a: Ferrothorn
|-resisted|p1a: Ferrothorn
|-damage|p1a: Ferrothorn|0 fnt
|faint|p1a: Ferrothorn
|
|-weather|RainDance|[upkeep]
|upkeep
|c|☆HydreigonSpammer|i understand nothing in this match lol
|c|☆HydreigonSpammer|gg wp
|c|☆Blaise BWOU|hehe
|
|t:|1735056886
|switch|p1a: Politoed|Politoed, M|100/100
|turn|17
|
|t:|1735056889
|move|p1a: Politoed|Scald|p2a: Area B
|-crit|p2a: Area B
|-end|p2a: Area B|Substitute
|move|p2a: Area B|Thunder|p1a: Politoed
|-supereffective|p1a: Politoed
|-damage|p1a: Politoed|0 fnt
|faint|p1a: Politoed
|
|-weather|RainDance|[upkeep]
|upkeep
|
|t:|1735056901
|switch|p1a: Keldeo|Keldeo|100/100
|turn|18
|
|t:|1735056906
|move|p1a: Keldeo|Scald|p2a: Area B
|-damage|p2a: Area B|0 fnt
|faint|p2a: Area B
|
|-weather|RainDance|[upkeep]
|upkeep
|
|t:|1735056913
|switch|p2a: Latios|Latios, M|88/100
|-damage|p2a: Latios|76/100|[from] Stealth Rock
|turn|19
|j| no1ceb
|
|t:|1735056917
|move|p2a: Latios|Psyshock|p1a: Keldeo
|-supereffective|p1a: Keldeo
|-damage|p1a: Keldeo|0 fnt
|faint|p1a: Keldeo
|
|-weather|RainDance|[upkeep]
|upkeep
|
|t:|1735056919
|switch|p1a: Tornadus|Tornadus, M|100/100
|turn|20
|
|t:|1735056922
|move|p1a: Tornadus|Hurricane|p2a: Latios
|-damage|p2a: Latios|15/100
|move|p2a: Latios|Psyshock|p1a: Tornadus
|-damage|p1a: Tornadus|0 fnt
|faint|p1a: Tornadus
|
|win|Blaise BWOU
|raw|HydreigonSpammer's rating: 1453 &rarr; <strong>1430</strong><br />(-23 for losing)
|raw|Blaise BWOU's rating: 1393 &rarr; <strong>1416</strong><br />(+23 for winning)
|l| no1ceb
|l|☆HydreigonSpammer
|player|p1|
