|j|☆SwordIsBored
|j|☆Silent Ensemble
|t:|1734788070
|gametype|singles
|player|p1|SwordIsBored|cynthia-gen7|1445
|player|p2|Silent Ensemble|cyclistf-gen4|1443
|teamsize|p1|6
|teamsize|p2|6
|gen|5
|tier|[Gen 5] OU
|rated|
|rule|Species Clause: Limit one of each Pokémon
|rule|OHKO Clause: OHKO moves are banned
|rule|Moody Clause: Moody is banned
|rule|Evasion Items Clause: Evasion items are banned
|rule|Evasion Moves Clause: Evasion moves are banned
|rule|Endless Battle Clause: Forcing endless battles is banned
|rule|HP Percentage Mod: HP is shown in percentages
|rule|Evasion Abilities Clause: Evasion abilities are banned
|rule|Sleep Moves Clause: Sleep-inducing moves are banned
|rule|Swagger Clause: Swagger is banned
|rule|Baton Pass Stat Clause: No Baton Passer may have a way to boost its stats
|clearpoke
|poke|p1|Tyranitar, F|item
|poke|p1|Latios, M|item
|poke|p1|Celebi|item
|poke|p1|Excadrill, M|item
|poke|p1|Garchomp, F|item
|poke|p1|Rotom-Wash|item
|poke|p2|Tyranitar, F|item
|poke|p2|Skarmory, M|item
|poke|p2|Blissey, F|item
|poke|p2|Celebi|item
|poke|p2|Donphan, M|item
|poke|p2|Milotic, F|item
|teampreview
|c|☆Silent Ensemble|Gl hf
|c|☆SwordIsBored|glhf
|
|t:|1734788113
|start
|switch|p1a: Garchomp|Garchomp, F|100/100
|switch|p2a: Blissey|Blissey, F|100/100
|turn|1
|j| nightsuwu
|
|t:|1734788124
|move|p1a: Garchomp|Stealth Rock|p2a: Blissey
|-sidestart|p2: Silent Ensemble|move: Stealth Rock
|move|p2a: Blissey|Stealth Rock|p1a: Garchomp
|-sidestart|p1: SwordIsBored|move: Stealth Rock
|
|upkeep
|turn|2
|
|t:|1734788152
|switch|p2a: Donphan|Donphan, M|100/100
|-damage|p2a: Donphan|94/100|[from] Stealth Rock
|move|p1a: Garchomp|Earthquake|p2a: Donphan
|-damage|p2a: Donphan|61/100
|-damage|p1a: Garchomp|91/100|[from] item: Life Orb
|
|-heal|p2a: Donphan|68/100|[from] item: Leftovers
|upkeep
|turn|3
|
|t:|1734788164
|switch|p2a: Milotic|Milotic, F|100/100
|-damage|p2a: Milotic|88/100|[from] Stealth Rock
|move|p1a: Garchomp|Draco Meteor|p2a: Milotic
|-damage|p2a: Milotic|38/100
|-unboost|p1a: Garchomp|spa|2
|-damage|p1a: Garchomp|81/100|[from] item: Life Orb
|
|-heal|p2a: Milotic|44/100|[from] item: Leftovers
|upkeep
|turn|4
|
|t:|1734788172
|switch|p1a: Celebi|Celebi|100/100
|-damage|p1a: Celebi|88/100|[from] Stealth Rock
|move|p2a: Milotic|Recover|p2a: Milotic
|-heal|p2a: Milotic|94/100
|
|-heal|p2a: Milotic|99/100|[from] item: Leftovers
|upkeep
|turn|5
|
|t:|1734788180
|move|p1a: Celebi|Nasty Plot|p1a: Celebi
|-boost|p1a: Celebi|spa|2
|move|p2a: Milotic|Dragon Tail|p1a: Celebi
|-damage|p1a: Celebi|80/100
|drag|p1a: Garchomp|Garchomp, F|81/100
|-damage|p1a: Garchomp|75/100|[from] Stealth Rock
|
|-heal|p2a: Milotic|100/100|[from] item: Leftovers
|upkeep
|turn|6
|
|t:|1734788186
|switch|p1a: Celebi|Celebi|80/100
|-damage|p1a: Celebi|68/100|[from] Stealth Rock
|move|p2a: Milotic|Toxic|p1a: Celebi
|-status|p1a: Celebi|tox
|
|-damage|p1a: Celebi|62/100 tox|[from] psn
|upkeep
|turn|7
|
|t:|1734788199
|switch|p2a: Tyranitar|Tyranitar, F|100/100
|-damage|p2a: Tyranitar|88/100|[from] Stealth Rock
|-weather|Sandstorm|[from] ability: Sand Stream|[of] p2a: Tyranitar
|move|p1a: Celebi|Giga Drain|p2a: Tyranitar
|-supereffective|p2a: Tyranitar
|-damage|p2a: Tyranitar|42/100
|-heal|p1a: Celebi|82/100 tox|[from] drain|[of] p2a: Tyranitar
|
|-weather|Sandstorm|[upkeep]
|-damage|p1a: Celebi|76/100 tox|[from] Sandstorm
|-damage|p1a: Celebi|64/100 tox|[from] psn
|upkeep
|turn|8
|
|t:|1734788229
|switch|p2a: Skarmory|Skarmory, M|100/100
|-damage|p2a: Skarmory|88/100|[from] Stealth Rock
|move|p1a: Celebi|Leaf Storm|p2a: Skarmory
|-resisted|p2a: Skarmory
|-damage|p2a: Skarmory|68/100
|-unboost|p1a: Celebi|spa|2
|
|-weather|Sandstorm|[upkeep]
|-damage|p1a: Celebi|57/100 tox|[from] Sandstorm
|-damage|p1a: Celebi|39/100 tox|[from] psn
|upkeep
|turn|9
|
|t:|1734788242
|-curestatus|p1a: Celebi|tox|[from] ability: Natural Cure
|switch|p1a: Rotom|Rotom-Wash|100/100
|-damage|p1a: Rotom|88/100|[from] Stealth Rock
|move|p2a: Skarmory|Spikes|p1a: Rotom
|-sidestart|p1: SwordIsBored|Spikes
|
|-weather|Sandstorm|[upkeep]
|-damage|p1a: Rotom|82/100|[from] Sandstorm
|-heal|p1a: Rotom|88/100|[from] item: Leftovers
|upkeep
|turn|10
|
|t:|1734788265
|switch|p2a: Donphan|Donphan, M|68/100
|-damage|p2a: Donphan|61/100|[from] Stealth Rock
|move|p1a: Rotom|Volt Switch|p2a: Donphan
|-immune|p2a: Donphan
|
|-weather|Sandstorm|[upkeep]
|-damage|p1a: Rotom|82/100|[from] Sandstorm
|-heal|p1a: Rotom|88/100|[from] item: Leftovers
|-heal|p2a: Donphan|68/100|[from] item: Leftovers
|upkeep
|turn|11
|l| nightsuwu
|
|t:|1734788269
|switch|p2a: Celebi|Celebi|100/100
|-damage|p2a: Celebi|88/100|[from] Stealth Rock
|move|p1a: Rotom|Hydro Pump|p2a: Celebi
|-resisted|p2a: Celebi
|-damage|p2a: Celebi|75/100
|
|-weather|Sandstorm|[upkeep]
|-damage|p2a: Celebi|69/100|[from] Sandstorm
|-damage|p1a: Rotom|82/100|[from] Sandstorm
|-heal|p2a: Celebi|75/100|[from] item: Leftovers
|-heal|p1a: Rotom|88/100|[from] item: Leftovers
|upkeep
|turn|12
|
|t:|1734788276
|switch|p1a: Latios|Latios, M|100/100
|-damage|p1a: Latios|88/100|[from] Stealth Rock
|move|p2a: Celebi|Giga Drain|p1a: Latios
|-resisted|p1a: Latios
|-damage|p1a: Latios|75/100
|-heal|p2a: Celebi|80/100|[from] drain|[of] p1a: Latios
|
|-weather|Sandstorm|[upkeep]
|-damage|p1a: Latios|69/100|[from] Sandstorm
|-damage|p2a: Celebi|74/100|[from] Sandstorm
|-heal|p2a: Celebi|80/100|[from] item: Leftovers
|upkeep
|turn|13
|
|t:|1734788293
|switch|p2a: Blissey|Blissey, F|100/100
|-damage|p2a: Blissey|88/100|[from] Stealth Rock
|move|p1a: Latios|Draco Meteor|p2a: Blissey
|-damage|p2a: Blissey|50/100
|-unboost|p1a: Latios|spa|2
|
|-weather|Sandstorm|[upkeep]
|-damage|p1a: Latios|63/100|[from] Sandstorm
|-damage|p2a: Blissey|44/100|[from] Sandstorm
|-heal|p2a: Blissey|50/100|[from] item: Leftovers
|upkeep
|turn|14
|
|t:|1734788304
|switch|p1a: Excadrill|Excadrill, M|100/100
|-damage|p1a: Excadrill|97/100|[from] Stealth Rock
|-damage|p1a: Excadrill|85/100|[from] Spikes
|move|p2a: Blissey|Soft-Boiled|p2a: Blissey
|-heal|p2a: Blissey|99/100
|
|-weather|Sandstorm|[upkeep]
|-damage|p2a: Blissey|94/100|[from] Sandstorm
|-heal|p2a: Blissey|99/100|[from] item: Leftovers
|upkeep
|turn|15
|
|t:|1734788313
|switch|p2a: Skarmory|Skarmory, M|68/100
|-damage|p2a: Skarmory|55/100|[from] Stealth Rock
|move|p1a: Excadrill|Iron Head|p2a: Skarmory
|-resisted|p2a: Skarmory
|-damage|p2a: Skarmory|39/100
|-damage|p1a: Excadrill|68/100|[from] item: Rocky Helmet|[of] p2a: Skarmory
|
|-weather|Sandstorm|[upkeep]
|upkeep
|turn|16
|
|t:|1734788323
|switch|p1a: Rotom|Rotom-Wash|88/100
|-damage|p1a: Rotom|75/100|[from] Stealth Rock
|move|p2a: Skarmory|Roost|p2a: Skarmory
|-heal|p2a: Skarmory|89/100
|-singleturn|p2a: Skarmory|move: Roost
|
|-weather|Sandstorm|[upkeep]
|-damage|p1a: Rotom|69/100|[from] Sandstorm
|-heal|p1a: Rotom|75/100|[from] item: Leftovers
|upkeep
|turn|17
|
|t:|1734788329
|switch|p2a: Tyranitar|Tyranitar, F|42/100
|-damage|p2a: Tyranitar|30/100|[from] Stealth Rock
|move|p1a: Rotom|Will-O-Wisp|p2a: Tyranitar|[miss]
|-miss|p1a: Rotom|p2a: Tyranitar
|
|-weather|Sandstorm|[upkeep]
|-damage|p1a: Rotom|69/100|[from] Sandstorm
|-heal|p1a: Rotom|75/100|[from] item: Leftovers
|upkeep
|turn|18
|
|t:|1734788336
|move|p2a: Tyranitar|Superpower|p1a: Rotom
|-damage|p1a: Rotom|18/100
|-unboost|p2a: Tyranitar|atk|1
|-unboost|p2a: Tyranitar|def|1
|move|p1a: Rotom|Hydro Pump|p2a: Tyranitar
|-supereffective|p2a: Tyranitar
|-damage|p2a: Tyranitar|0 fnt
|faint|p2a: Tyranitar
|
|-weather|Sandstorm|[upkeep]
|-damage|p1a: Rotom|11/100|[from] Sandstorm
|-heal|p1a: Rotom|18/100|[from] item: Leftovers
|upkeep
|
|t:|1734788342
|switch|p2a: Celebi|Celebi|80/100
|-damage|p2a: Celebi|68/100|[from] Stealth Rock
|turn|19
|
|t:|1734788346
|switch|p1a: Latios|Latios, M|63/100
|-damage|p1a: Latios|51/100|[from] Stealth Rock
|move|p2a: Celebi|Giga Drain|p1a: Latios
|-resisted|p1a: Latios
|-damage|p1a: Latios|37/100
|-heal|p2a: Celebi|73/100|[from] drain|[of] p1a: Latios
|
|-weather|Sandstorm|[upkeep]
|-damage|p1a: Latios|31/100|[from] Sandstorm
|-damage|p2a: Celebi|67/100|[from] Sandstorm
|-heal|p2a: Celebi|73/100|[from] item: Leftovers
|upkeep
|turn|20
|
|t:|1734788356
|switch|p2a: Blissey|Blissey, F|99/100
|-damage|p2a: Blissey|87/100|[from] Stealth Rock
|move|p1a: Latios|Draco Meteor|p2a: Blissey
|-damage|p2a: Blissey|47/100
|-unboost|p1a: Latios|spa|2
|
|-weather|Sandstorm|[upkeep]
|-damage|p1a: Latios|25/100|[from] Sandstorm
|-damage|p2a: Blissey|41/100|[from] Sandstorm
|-heal|p2a: Blissey|47/100|[from] item: Leftovers
|upkeep
|turn|21
|
|t:|1734788361
|switch|p1a: Rotom|Rotom-Wash|18/100
|-damage|p1a: Rotom|5/100|[from] Stealth Rock
|move|p2a: Blissey|Soft-Boiled|p2a: Blissey
|-heal|p2a: Blissey|97/100
|
|-weather|Sandstorm|[upkeep]
|-damage|p1a: Rotom|0 fnt|[from] Sandstorm
|-damage|p2a: Blissey|91/100|[from] Sandstorm
|faint|p1a: Rotom
|-heal|p2a: Blissey|97/100|[from] item: Leftovers
|upkeep
|
|t:|1734788368
|switch|p1a: Excadrill|Excadrill, M|68/100
|-damage|p1a: Excadrill|65/100|[from] Stealth Rock
|-damage|p1a: Excadrill|53/100|[from] Spikes
|turn|22
|
|t:|1734788373
|switch|p1a: Latios|Latios, M|25/100
|-damage|p1a: Latios|12/100|[from] Stealth Rock
|switch|p2a: Skarmory|Skarmory, M|89/100
|-damage|p2a: Skarmory|76/100|[from] Stealth Rock
|
|-weather|Sandstorm|[upkeep]
|-damage|p1a: Latios|6/100|[from] Sandstorm
|upkeep
|turn|23
|
|t:|1734788380
|switch|p2a: Blissey|Blissey, F|97/100
|-damage|p2a: Blissey|85/100|[from] Stealth Rock
|move|p1a: Latios|Roost|p1a: Latios
|-heal|p1a: Latios|57/100
|-singleturn|p1a: Latios|move: Roost
|
|-weather|Sandstorm|[upkeep]
|-damage|p1a: Latios|51/100|[from] Sandstorm
|-damage|p2a: Blissey|79/100|[from] Sandstorm
|-heal|p2a: Blissey|85/100|[from] item: Leftovers
|upkeep
|turn|24
|
|t:|1734788387
|switch|p1a: Tyranitar|Tyranitar, F|100/100
|-damage|p1a: Tyranitar|88/100|[from] Stealth Rock
|-damage|p1a: Tyranitar|76/100|[from] Spikes
|move|p2a: Blissey|Seismic Toss|p1a: Tyranitar
|-damage|p1a: Tyranitar|51/100
|
|-weather|Sandstorm|[upkeep]
|-damage|p2a: Blissey|79/100|[from] Sandstorm
|-heal|p2a: Blissey|85/100|[from] item: Leftovers
|upkeep
|turn|25
|
|t:|1734788398
|switch|p2a: Milotic|Milotic, F|100/100
|-damage|p2a: Milotic|88/100|[from] Stealth Rock
|move|p1a: Tyranitar|Crunch|p2a: Milotic
|-damage|p2a: Milotic|59/100
|
|-weather|Sandstorm|[upkeep]
|-damage|p2a: Milotic|53/100|[from] Sandstorm
|-heal|p2a: Milotic|59/100|[from] item: Leftovers
|upkeep
|turn|26
|
|t:|1734788409
|switch|p1a: Celebi|Celebi|39/100
|-damage|p1a: Celebi|27/100|[from] Stealth Rock
|-damage|p1a: Celebi|14/100|[from] Spikes
|move|p2a: Milotic|Dragon Tail|p1a: Celebi
|-damage|p1a: Celebi|7/100
|drag|p1a: Garchomp|Garchomp, F|75/100
|-damage|p1a: Garchomp|69/100|[from] Stealth Rock
|-damage|p1a: Garchomp|56/100|[from] Spikes
|
|-weather|Sandstorm|[upkeep]
|-damage|p2a: Milotic|53/100|[from] Sandstorm
|-heal|p2a: Milotic|59/100|[from] item: Leftovers
|upkeep
|turn|27
|
|t:|1734788418
|move|p1a: Garchomp|Earthquake|p2a: Milotic
|-damage|p2a: Milotic|20/100
|-damage|p1a: Garchomp|46/100|[from] item: Life Orb
|move|p2a: Milotic|Recover|p2a: Milotic
|-heal|p2a: Milotic|70/100
|
|-weather|Sandstorm|[upkeep]
|-damage|p2a: Milotic|63/100|[from] Sandstorm
|-heal|p2a: Milotic|70/100|[from] item: Leftovers
|upkeep
|turn|28
|
|t:|1734788424
|move|p1a: Garchomp|Draco Meteor|p2a: Milotic
|-damage|p2a: Milotic|20/100
|-unboost|p1a: Garchomp|spa|2
|-damage|p1a: Garchomp|37/100|[from] item: Life Orb
|move|p2a: Milotic|Recover|p2a: Milotic
|-heal|p2a: Milotic|70/100
|
|-weather|Sandstorm|[upkeep]
|-damage|p2a: Milotic|64/100|[from] Sandstorm
|-heal|p2a: Milotic|70/100|[from] item: Leftovers
|upkeep
|turn|29
|
|t:|1734788435
|switch|p1a: Latios|Latios, M|51/100
|-damage|p1a: Latios|38/100|[from] Stealth Rock
|move|p2a: Milotic|Scald|p1a: Latios
|-resisted|p1a: Latios
|-damage|p1a: Latios|23/100
|-status|p1a: Latios|brn
|
|-weather|Sandstorm|[upkeep]
|-damage|p1a: Latios|17/100 brn|[from] Sandstorm
|-damage|p2a: Milotic|64/100|[from] Sandstorm
|-heal|p2a: Milotic|70/100|[from] item: Leftovers
|-damage|p1a: Latios|5/100 brn|[from] brn
|upkeep
|turn|30
|
|t:|1734788452
|switch|p2a: Blissey|Blissey, F|85/100
|-damage|p2a: Blissey|73/100|[from] Stealth Rock
|move|p1a: Latios|Draco Meteor|p2a: Blissey
|-damage|p2a: Blissey|33/100
|-unboost|p1a: Latios|spa|2
|
|-weather|Sandstorm|[upkeep]
|-damage|p1a: Latios|0 fnt|[from] Sandstorm
|-damage|p2a: Blissey|27/100|[from] Sandstorm
|faint|p1a: Latios
|-heal|p2a: Blissey|33/100|[from] item: Leftovers
|upkeep
|
|t:|1734788477
|switch|p1a: Garchomp|Garchomp, F|37/100
|-damage|p1a: Garchomp|30/100|[from] Stealth Rock
|-damage|p1a: Garchomp|18/100|[from] Spikes
|turn|31
|
|t:|1734788487
|move|p1a: Garchomp|Earthquake|p2a: Blissey
|-damage|p2a: Blissey|0 fnt
|faint|p2a: Blissey
|-damage|p1a: Garchomp|8/100|[from] item: Life Orb
|
|-weather|Sandstorm|[upkeep]
|upkeep
|
|t:|1734788499
|switch|p2a: Donphan|Donphan, M|68/100
|-damage|p2a: Donphan|61/100|[from] Stealth Rock
|turn|32
|
|t:|1734788507
|move|p2a: Donphan|Ice Shard|p1a: Garchomp
|-supereffective|p1a: Garchomp
|-damage|p1a: Garchomp|0 fnt
|faint|p1a: Garchomp
|
|-weather|Sandstorm|[upkeep]
|-heal|p2a: Donphan|68/100|[from] item: Leftovers
|upkeep
|-message|SwordIsBored forfeited.
|
|win|Silent Ensemble
|raw|SwordIsBored's rating: 1445 &rarr; <strong>1425</strong><br />(-20 for losing)
|raw|Silent Ensemble's rating: 1443 &rarr; <strong>1463</strong><br />(+20 for winning)
|l|☆SwordIsBored
|player|p1|
|c|☆Silent Ensemble|Gg
