|j|☆Koolwraith
|j|☆BWR wtfteam
|t:|1719712616
|gametype|singles
|player|p1|Koolwraith|miku-water|1339
|player|p2|BWR wtfteam|170|1330
|teamsize|p1|6
|teamsize|p2|6
|gen|5
|tier|[Gen 5] OU
|rated|
|rule|Species Clause: Limit one of each Pokémon
|rule|OHKO Clause: OHKO moves are banned
|rule|Moody Clause: Moody is banned
|rule|Evasion Items Clause: Evasion items are banned
|rule|Evasion Moves Clause: Evasion moves are banned
|rule|Endless Battle Clause: Forcing endless battles is banned
|rule|HP Percentage Mod: HP is shown in percentages
|rule|Evasion Abilities Clause: Evasion abilities are banned
|rule|Sleep Moves Clause: Sleep-inducing moves are banned
|rule|Swagger Clause: Swagger is banned
|rule|Baton Pass Stat Clause: No Baton Passer may have a way to boost its stats
|clearpoke
|poke|p1|Garchomp, F|item
|poke|p1|Milotic, F|item
|poke|p1|Lucario, F|item
|poke|p1|Volcarona, F|item
|poke|p1|Amoonguss, F|item
|poke|p1|Zapdos|item
|poke|p2|Tyranitar, F|item
|poke|p2|Xatu, M|item
|poke|p2|Seismitoad, F|item
|poke|p2|Excadrill, F|item
|poke|p2|Volcarona, M|item
|poke|p2|Latios, M|item
|teampreview
|inactive|Battle timer is ON: inactive players will automatically lose when time's up. (requested by Koolwraith)
|
|t:|1719712639
|start
|switch|p1a: Milotic|Milotic, F, shiny|100/100
|switch|p2a: Seismitoad|Seismitoad, F|100/100
|turn|1
|
|t:|1719712644
|move|p1a: Milotic|Toxic|p2a: Seismitoad|[miss]
|-miss|p1a: Milotic|p2a: Seismitoad
|move|p2a: Seismitoad|Stealth Rock|p1a: Milotic
|-sidestart|p1: Koolwraith|move: Stealth Rock
|
|upkeep
|turn|2
|
|t:|1719712653
|switch|p1a: Amoonguss|Amoonguss, F|100/100
|-damage|p1a: Amoonguss|88/100|[from] Stealth Rock
|move|p2a: Seismitoad|Earthquake|p1a: Amoonguss
|-damage|p1a: Amoonguss|54/100
|
|-heal|p1a: Amoonguss|61/100|[from] item: Leftovers
|upkeep
|turn|3
|
|t:|1719712663
|switch|p2a: Xatu|Xatu, M|100/100
|move|p1a: Amoonguss|Toxic|p2a: Xatu
|move|p2a: Xatu|Toxic|p1a: Amoonguss|[from]ability: Magic Bounce
|-immune|p1a: Amoonguss
|
|-heal|p1a: Amoonguss|67/100|[from] item: Leftovers
|upkeep
|turn|4
|
|t:|1719712673
|switch|p1a: Lucario|Lucario, F|100/100
|-damage|p1a: Lucario|98/100|[from] Stealth Rock
|move|p2a: Xatu|Heat Wave|p1a: Lucario
|-supereffective|p1a: Lucario
|-damage|p1a: Lucario|0 fnt
|faint|p1a: Lucario
|-damage|p2a: Xatu|91/100|[from] item: Life Orb
|
|upkeep
|
|t:|1719712683
|switch|p1a: Volcarona|Volcarona, F|100/100
|-damage|p1a: Volcarona|51/100|[from] Stealth Rock
|turn|5
|
|t:|1719712698
|switch|p2a: Latios|Latios, M|100/100
|move|p1a: Volcarona|Quiver Dance|p1a: Volcarona
|-boost|p1a: Volcarona|spa|1
|-boost|p1a: Volcarona|spd|1
|-boost|p1a: Volcarona|spe|1
|
|upkeep
|turn|6
|
|t:|1719712705
|move|p2a: Latios|Surf|p1a: Volcarona
|-supereffective|p1a: Volcarona
|-damage|p1a: Volcarona|5/100
|move|p1a: Volcarona|Bug Buzz|p2a: Latios
|-supereffective|p2a: Latios
|-damage|p2a: Latios|0 fnt
|faint|p2a: Latios
|
|upkeep
|
|t:|1719712725
|switch|p2a: Volcarona|Volcarona, M|100/100
|turn|7
|
|t:|1719712729
|move|p1a: Volcarona|Fiery Dance|p2a: Volcarona
|-damage|p2a: Volcarona|24/100
|-boost|p1a: Volcarona|spa|1
|move|p2a: Volcarona|Bug Buzz|p1a: Volcarona
|-resisted|p1a: Volcarona
|-crit|p1a: Volcarona
|-damage|p1a: Volcarona|0 fnt
|faint|p1a: Volcarona
|
|-heal|p2a: Volcarona|31/100|[from] item: Leftovers
|upkeep
|
|t:|1719712739
|switch|p1a: Garchomp|Garchomp, F|100/100
|-damage|p1a: Garchomp|94/100|[from] Stealth Rock
|turn|8
|
|t:|1719712746
|switch|p2a: Seismitoad|Seismitoad, F|100/100
|move|p1a: Garchomp|Outrage|p2a: Seismitoad
|-damage|p2a: Seismitoad|49/100
|
|-heal|p2a: Seismitoad|55/100|[from] item: Leftovers
|upkeep
|turn|9
|
|t:|1719712754
|move|p1a: Garchomp|Outrage|p2a: Seismitoad|[from]lockedmove
|-damage|p2a: Seismitoad|7/100
|move|p2a: Seismitoad|Scald|p1a: Garchomp
|-damage|p1a: Garchomp|67/100
|
|-heal|p2a: Seismitoad|13/100|[from] item: Leftovers
|upkeep
|turn|10
|
|t:|1719712763
|move|p1a: Garchomp|Outrage|p2a: Seismitoad|[from]lockedmove
|-damage|p2a: Seismitoad|0 fnt
|faint|p2a: Seismitoad
|-start|p1a: Garchomp|confusion|[fatigue]
|
|upkeep
|
|t:|1719712784
|switch|p2a: Volcarona|Volcarona, M|31/100
|turn|11
|
|t:|1719712788
|switch|p1a: Milotic|Milotic, F, shiny|100/100
|-damage|p1a: Milotic|88/100|[from] Stealth Rock
|move|p2a: Volcarona|Quiver Dance|p2a: Volcarona
|-boost|p2a: Volcarona|spa|1
|-boost|p2a: Volcarona|spd|1
|-boost|p2a: Volcarona|spe|1
|
|-heal|p2a: Volcarona|37/100|[from] item: Leftovers
|-heal|p1a: Milotic|94/100|[from] item: Leftovers
|upkeep
|turn|12
|
|t:|1719712799
|move|p2a: Volcarona|Bug Buzz|p1a: Milotic
|-damage|p1a: Milotic|44/100
|move|p1a: Milotic|Scald|p2a: Volcarona
|-supereffective|p2a: Volcarona
|-damage|p2a: Volcarona|0 fnt
|faint|p2a: Volcarona
|
|-heal|p1a: Milotic|50/100|[from] item: Leftovers
|upkeep
|
|t:|1719712806
|switch|p2a: Excadrill|Excadrill, F|100/100
|turn|13
|j| MrJinzj
|
|t:|1719712811
|move|p2a: Excadrill|Earthquake|p1a: Milotic
|-damage|p1a: Milotic|7/100
|move|p1a: Milotic|Recover|p1a: Milotic
|-heal|p1a: Milotic|57/100
|
|-heal|p1a: Milotic|63/100|[from] item: Leftovers
|upkeep
|turn|14
|
|t:|1719712821
|switch|p2a: Tyranitar|Tyranitar, F|100/100
|-weather|Sandstorm|[from] ability: Sand Stream|[of] p2a: Tyranitar
|move|p1a: Milotic|Protect||[still]
|-fail|p1a: Milotic
|
|-weather|Sandstorm|[upkeep]
|-damage|p1a: Milotic|57/100|[from] Sandstorm
|-heal|p1a: Milotic|63/100|[from] item: Leftovers
|upkeep
|turn|15
|
|t:|1719712830
|switch|p2a: Xatu|Xatu, M|91/100
|move|p1a: Milotic|Scald|p2a: Xatu
|-damage|p2a: Xatu|46/100
|
|-weather|Sandstorm|[upkeep]
|-damage|p2a: Xatu|40/100|[from] Sandstorm
|-damage|p1a: Milotic|57/100|[from] Sandstorm
|-heal|p1a: Milotic|63/100|[from] item: Leftovers
|upkeep
|turn|16
|
|t:|1719712839
|move|p2a: Xatu|Psychic|p1a: Milotic
|-damage|p1a: Milotic|27/100
|-damage|p2a: Xatu|30/100|[from] item: Life Orb
|move|p1a: Milotic|Scald|p2a: Xatu
|-damage|p2a: Xatu|0 fnt
|faint|p2a: Xatu
|
|-weather|Sandstorm|[upkeep]
|-damage|p1a: Milotic|21/100|[from] Sandstorm
|-heal|p1a: Milotic|27/100|[from] item: Leftovers
|upkeep
|
|t:|1719712843
|switch|p2a: Excadrill|Excadrill, F|100/100
|turn|17
|
|t:|1719712857
|switch|p1a: Zapdos|Zapdos|100/100
|-damage|p1a: Zapdos|76/100|[from] Stealth Rock
|-ability|p1a: Zapdos|Pressure
|move|p2a: Excadrill|Earthquake|p1a: Zapdos
|-immune|p1a: Zapdos
|
|-weather|Sandstorm|[upkeep]
|-damage|p1a: Zapdos|69/100|[from] Sandstorm
|-heal|p1a: Zapdos|76/100|[from] item: Leftovers
|upkeep
|turn|18
|
|t:|1719712867
|move|p2a: Excadrill|Protect|p2a: Excadrill
|-singleturn|p2a: Excadrill|Protect
|move|p1a: Zapdos|Hidden Power|p2a: Excadrill
|-activate|p2a: Excadrill|move: Protect
|
|-weather|Sandstorm|[upkeep]
|-damage|p1a: Zapdos|69/100|[from] Sandstorm
|-heal|p1a: Zapdos|76/100|[from] item: Leftovers
|upkeep
|turn|19
|
|t:|1719712879
|move|p1a: Zapdos|Hidden Power|p2a: Excadrill
|-damage|p2a: Excadrill|69/100
|move|p2a: Excadrill|Iron Head|p1a: Zapdos
|-resisted|p1a: Zapdos
|-damage|p1a: Zapdos|43/100
|
|-weather|Sandstorm|[upkeep]
|-damage|p1a: Zapdos|36/100|[from] Sandstorm
|-heal|p1a: Zapdos|43/100|[from] item: Leftovers
|-heal|p2a: Excadrill|75/100|[from] item: Leftovers
|upkeep
|turn|20
|
|t:|1719712888
|move|p1a: Zapdos|Roost|p1a: Zapdos
|-heal|p1a: Zapdos|93/100
|-singleturn|p1a: Zapdos|move: Roost
|move|p2a: Excadrill|Iron Head|p1a: Zapdos
|-resisted|p1a: Zapdos
|-damage|p1a: Zapdos|58/100
|
|-weather|Sandstorm|[upkeep]
|-damage|p1a: Zapdos|51/100|[from] Sandstorm
|-heal|p1a: Zapdos|58/100|[from] item: Leftovers
|-heal|p2a: Excadrill|81/100|[from] item: Leftovers
|upkeep
|turn|21
|
|t:|1719712910
|move|p1a: Zapdos|Hidden Power|p2a: Excadrill
|-damage|p2a: Excadrill|49/100
|move|p2a: Excadrill|Iron Head|p1a: Zapdos
|-resisted|p1a: Zapdos
|-damage|p1a: Zapdos|24/100
|
|-weather|Sandstorm|[upkeep]
|-damage|p1a: Zapdos|18/100|[from] Sandstorm
|-heal|p1a: Zapdos|24/100|[from] item: Leftovers
|-heal|p2a: Excadrill|55/100|[from] item: Leftovers
|upkeep
|turn|22
|
|t:|1719712920
|move|p1a: Zapdos|Hidden Power|p2a: Excadrill
|-crit|p2a: Excadrill
|-damage|p2a: Excadrill|0 fnt
|faint|p2a: Excadrill
|
|-weather|Sandstorm|[upkeep]
|-damage|p1a: Zapdos|18/100|[from] Sandstorm
|-heal|p1a: Zapdos|24/100|[from] item: Leftovers
|upkeep
|
|t:|1719712923
|switch|p2a: Tyranitar|Tyranitar, F|100/100
|turn|23
|
|t:|1719712930
|move|p1a: Zapdos|Thunder Wave|p2a: Tyranitar
|-status|p2a: Tyranitar|par
|cant|p2a: Tyranitar|par
|
|-weather|Sandstorm|[upkeep]
|-damage|p1a: Zapdos|18/100|[from] Sandstorm
|-heal|p1a: Zapdos|24/100|[from] item: Leftovers
|upkeep
|turn|24
|
|t:|1719712937
|move|p1a: Zapdos|Hidden Power|p2a: Tyranitar
|-supereffective|p2a: Tyranitar
|-damage|p2a: Tyranitar|82/100 par
|move|p2a: Tyranitar|Crunch|p1a: Zapdos
|-damage|p1a: Zapdos|0 fnt
|faint|p1a: Zapdos
|
|-weather|Sandstorm|[upkeep]
|upkeep
|
|t:|1719712944
|switch|p1a: Garchomp|Garchomp, F|67/100
|-damage|p1a: Garchomp|61/100|[from] Stealth Rock
|turn|25
|inactive|BWR wtfteam has 120 seconds left.
|
|t:|1719712980
|move|p1a: Garchomp|Earthquake|p2a: Tyranitar
|-supereffective|p2a: Tyranitar
|-damage|p2a: Tyranitar|0 fnt
|faint|p2a: Tyranitar
|
|win|Koolwraith
|raw|Koolwraith's rating: 1339 &rarr; <strong>1358</strong><br />(+19 for winning)
|raw|BWR wtfteam's rating: 1330 &rarr; <strong>1311</strong><br />(-19 for losing)
|l|☆BWR wtfteam
|player|p2|
|c|☆Koolwraith|gg
