|j|☆ReallyFunTeams
|j|☆talismanik
|t:|1702308301
|gametype|singles
|player|p1|ReallyFunTeams|janitor|1616
|player|p2|talismanik|flint|1499
|teamsize|p1|6
|teamsize|p2|6
|gen|5
|tier|[Gen 5] OU
|rated|
|rule|Species Clause: Limit one of each Pokémon
|rule|OHKO Clause: OHKO moves are banned
|rule|Moody Clause: Moody is banned
|rule|Evasion Items Clause: Evasion items are banned
|rule|Evasion Moves Clause: Evasion moves are banned
|rule|Endless Battle Clause: Forcing endless battles is banned
|rule|HP Percentage Mod: HP is shown in percentages
|rule|Evasion Abilities Clause: Evasion abilities are banned
|rule|Sleep Moves Clause: Sleep-inducing moves are banned
|rule|Swagger Clause: Swagger is banned
|rule|Baton Pass Stat Clause: No Baton Passer may have a way to boost its stats
|clearpoke
|poke|p1|Dragonite, M|item
|poke|p1|Forretress, F|item
|poke|p1|Scizor, M|item
|poke|p1|Alakazam, M|item
|poke|p1|Ferrothorn, F|item
|poke|p1|Rotom-Wash|item
|poke|p2|Excadrill, M|item
|poke|p2|Froslass, F|item
|poke|p2|Scizor, M|item
|poke|p2|Magnezone|item
|poke|p2|Gyarados, M|item
|poke|p2|Latios, M|item
|teampreview
|inactive|Battle timer is ON: inactive players will automatically lose when time's up. (requested by ReallyFunTeams)
|
|t:|1702308313
|start
|switch|p1a: Rotom|Rotom-Wash, shiny|100/100
|switch|p2a: Excadrill|Excadrill, M|100/100
|-ability|p2a: Excadrill|Mold Breaker
|turn|1
|
|t:|1702308319
|move|p1a: Rotom|Hydro Pump|p2a: Excadrill
|-supereffective|p2a: Excadrill
|-enditem|p2a: Excadrill|Focus Sash
|-damage|p2a: Excadrill|1/100
|move|p2a: Excadrill|Stealth Rock|p1a: Rotom
|-sidestart|p1: ReallyFunTeams|move: Stealth Rock
|
|upkeep
|turn|2
|
|t:|1702308329
|move|p1a: Rotom|Hydro Pump|p2a: Excadrill
|-supereffective|p2a: Excadrill
|-damage|p2a: Excadrill|0 fnt
|faint|p2a: Excadrill
|
|upkeep
|
|t:|1702308337
|switch|p2a: Froslass|Froslass, F|100/100
|turn|3
|
|t:|1702308342
|move|p1a: Rotom|Hydro Pump|p2a: Froslass
|-damage|p2a: Froslass|10/100
|-start|p1a: Rotom|Disable|Hydro Pump|[from] ability: Cursed Body|[of] p2a: Froslass
|move|p2a: Froslass|Spikes|p1a: Rotom
|-sidestart|p1: ReallyFunTeams|Spikes
|
|-heal|p2a: Froslass|16/100|[from] item: Leftovers
|upkeep
|turn|4
|
|t:|1702308363
|switch|p1a: Scizor|Scizor, M, shiny|100/100
|-damage|p1a: Scizor|88/100|[from] Stealth Rock
|-damage|p1a: Scizor|76/100|[from] Spikes
|move|p2a: Froslass|Spikes|p1a: Scizor
|-sidestart|p1: ReallyFunTeams|Spikes
|
|-heal|p2a: Froslass|22/100|[from] item: Leftovers
|upkeep
|turn|5
|
|t:|1702308370
|move|p2a: Froslass|Destiny Bond|p2a: Froslass
|-singlemove|p2a: Froslass|Destiny Bond
|move|p1a: Scizor|U-turn|p2a: Froslass
|-resisted|p2a: Froslass
|-crit|p2a: Froslass
|-damage|p2a: Froslass|0 fnt
|faint|p2a: Froslass
|-activate|p2a: Froslass|move: Destiny Bond
|faint|p1a: Scizor
|
|upkeep
|
|t:|1702308382
|switch|p2a: Magnezone|Magnezone|100/100
|switch|p1a: Alakazam|Alakazam, M|100/100
|-item|p2a: Magnezone|Air Balloon
|turn|6
|
|t:|1702308387
|switch|p2a: Scizor|Scizor, M|100/100
|move|p1a: Alakazam|Focus Blast|p2a: Scizor|[miss]
|-miss|p1a: Alakazam|p2a: Scizor
|
|upkeep
|turn|7
|
|t:|1702308402
|move|p1a: Alakazam|Focus Blast|p2a: Scizor
|-damage|p2a: Scizor|51/100
|move|p2a: Scizor|Swords Dance|p2a: Scizor
|-boost|p2a: Scizor|atk|2
|
|upkeep
|turn|8
|
|t:|1702308408
|move|p2a: Scizor|Bullet Punch|p1a: Alakazam
|-enditem|p1a: Alakazam|Focus Sash
|-damage|p1a: Alakazam|1/100
|-damage|p2a: Scizor|41/100|[from] item: Life Orb
|move|p1a: Alakazam|Focus Blast|p2a: Scizor
|-damage|p2a: Scizor|0 fnt
|faint|p2a: Scizor
|
|upkeep
|
|t:|1702308416
|switch|p2a: Latios|Latios, M|100/100
|turn|9
|
|t:|1702308420
|move|p2a: Latios|Dragon Pulse|p1a: Alakazam
|-damage|p1a: Alakazam|0 fnt
|faint|p1a: Alakazam
|
|upkeep
|
|t:|1702308428
|switch|p1a: Forretress|Forretress, F|100/100
|-damage|p1a: Forretress|88/100|[from] Stealth Rock
|-damage|p1a: Forretress|72/100|[from] Spikes
|turn|10
|
|t:|1702308433
|switch|p2a: Magnezone|Magnezone|100/100
|-item|p2a: Magnezone|Air Balloon
|move|p1a: Forretress|Rapid Spin|p2a: Magnezone
|-resisted|p2a: Magnezone
|-crit|p2a: Magnezone
|-damage|p2a: Magnezone|93/100
|-enditem|p2a: Magnezone|Air Balloon
|-sideend|p1: ReallyFunTeams|Spikes|[from] move: Rapid Spin|[of] p1a: Forretress
|-sideend|p1: ReallyFunTeams|Stealth Rock|[from] move: Rapid Spin|[of] p1a: Forretress
|
|upkeep
|turn|11
|
|t:|1702308442
|move|p2a: Magnezone|Substitute|p2a: Magnezone
|-start|p2a: Magnezone|Substitute
|-damage|p2a: Magnezone|68/100
|move|p1a: Forretress|Stealth Rock|p2a: Magnezone
|-sidestart|p2: talismanik|move: Stealth Rock
|
|upkeep
|turn|12
|
|t:|1702308447
|move|p2a: Magnezone|Hidden Power|p1a: Forretress
|-supereffective|p1a: Forretress
|-damage|p1a: Forretress|0 fnt
|faint|p1a: Forretress
|
|upkeep
|
|t:|1702308461
|switch|p1a: Dragonite|Dragonite, M|100/100
|turn|13
|
|t:|1702308464
|move|p1a: Dragonite|Dragon Dance|p1a: Dragonite
|-boost|p1a: Dragonite|atk|1
|-boost|p1a: Dragonite|spe|1
|move|p2a: Magnezone|Discharge|p1a: Dragonite
|-damage|p1a: Dragonite|79/100
|-status|p1a: Dragonite|par
|-enditem|p1a: Dragonite|Lum Berry|[eat]
|-curestatus|p1a: Dragonite|par|[msg]
|
|upkeep
|turn|14
|
|t:|1702308479
|move|p1a: Dragonite|Fire Punch|p2a: Magnezone
|-supereffective|p2a: Magnezone
|-end|p2a: Magnezone|Substitute
|move|p2a: Magnezone|Discharge|p1a: Dragonite
|-damage|p1a: Dragonite|34/100
|
|upkeep
|turn|15
|
|t:|1702308487
|switch|p2a: Gyarados|Gyarados, M|100/100
|-damage|p2a: Gyarados|76/100|[from] Stealth Rock
|-ability|p2a: Gyarados|Intimidate|boost
|-unboost|p1a: Dragonite|atk|1
|move|p1a: Dragonite|Fire Punch|p2a: Gyarados
|-resisted|p2a: Gyarados
|-damage|p2a: Gyarados|57/100
|
|-heal|p2a: Gyarados|63/100|[from] item: Leftovers
|upkeep
|turn|16
|
|t:|1702308497
|move|p1a: Dragonite|Outrage|p2a: Gyarados
|-damage|p2a: Gyarados|0 fnt
|faint|p2a: Gyarados
|
|upkeep
|
|t:|1702308500
|switch|p2a: Latios|Latios, M|100/100
|-damage|p2a: Latios|88/100|[from] Stealth Rock
|turn|17
|
|t:|1702308504
|move|p2a: Latios|Dragon Pulse|p1a: Dragonite
|-supereffective|p1a: Dragonite
|-damage|p1a: Dragonite|0 fnt
|faint|p1a: Dragonite
|
|upkeep
|
|t:|1702308514
|switch|p1a: Ferrothorn|Ferrothorn, F|100/100
|turn|18
|
|t:|1702308517
|switch|p2a: Magnezone|Magnezone|68/100
|-damage|p2a: Magnezone|62/100|[from] Stealth Rock
|move|p1a: Ferrothorn|Leech Seed|p2a: Magnezone
|-start|p2a: Magnezone|move: Leech Seed
|
|-damage|p2a: Magnezone|50/100|[from] Leech Seed|[of] p1a: Ferrothorn
|upkeep
|turn|19
|
|t:|1702308526
|move|p1a: Ferrothorn|Protect|p1a: Ferrothorn
|-singleturn|p1a: Ferrothorn|Protect
|move|p2a: Magnezone|Hidden Power|p1a: Ferrothorn
|-activate|p1a: Ferrothorn|move: Protect
|
|-damage|p2a: Magnezone|38/100|[from] Leech Seed|[of] p1a: Ferrothorn
|upkeep
|turn|20
|
|t:|1702308532
|move|p1a: Ferrothorn|Protect|p1a: Ferrothorn
|-singleturn|p1a: Ferrothorn|Protect
|move|p2a: Magnezone|Hidden Power|p1a: Ferrothorn
|-activate|p1a: Ferrothorn|move: Protect
|
|-damage|p2a: Magnezone|25/100|[from] Leech Seed|[of] p1a: Ferrothorn
|upkeep
|turn|21
|
|t:|1702308546
|move|p2a: Magnezone|Hidden Power|p1a: Ferrothorn
|-supereffective|p1a: Ferrothorn
|-damage|p1a: Ferrothorn|37/100
|move|p1a: Ferrothorn|Gyro Ball|p2a: Magnezone
|-resisted|p2a: Magnezone
|-damage|p2a: Magnezone|13/100
|
|-heal|p1a: Ferrothorn|43/100|[from] item: Leftovers
|-damage|p2a: Magnezone|0 fnt|[from] Leech Seed|[of] p1a: Ferrothorn
|-heal|p1a: Ferrothorn|53/100|[silent]
|faint|p2a: Magnezone
|upkeep
|
|t:|1702308550
|switch|p2a: Latios|Latios, M|88/100
|-damage|p2a: Latios|76/100|[from] Stealth Rock
|turn|22
|
|t:|1702308558
|move|p1a: Ferrothorn|Protect|p1a: Ferrothorn
|-singleturn|p1a: Ferrothorn|Protect
|move|p2a: Latios|Dragon Pulse|p1a: Ferrothorn
|-activate|p1a: Ferrothorn|move: Protect
|
|-heal|p1a: Ferrothorn|59/100|[from] item: Leftovers
|upkeep
|turn|23
|c|☆talismanik|sale merde$*
|n|‽talismanik|talismanik
|c|&|/log talismanik was locked from talking by Artemis. (☆talismanik: sale merde$*)
|c|&|/raw <small>This action was done automatically. Want to learn more about the AI? <a href="https://www.smogon.com/forums/threads/3570628/#post-9056769">Visit the information thread</a>.</small>
|
|t:|1702308570
|move|p2a: Latios|Dragon Pulse|p1a: Ferrothorn
|-resisted|p1a: Ferrothorn
|-damage|p1a: Ferrothorn|45/100
|move|p1a: Ferrothorn|Gyro Ball|p2a: Latios
|-damage|p2a: Latios|3/100
|
|-heal|p1a: Ferrothorn|51/100|[from] item: Leftovers
|upkeep
|turn|24
|
|t:|1702308583
|move|p1a: Ferrothorn|Protect|p1a: Ferrothorn
|-singleturn|p1a: Ferrothorn|Protect
|move|p2a: Latios|Dragon Pulse|p1a: Ferrothorn
|-activate|p1a: Ferrothorn|move: Protect
|
|-heal|p1a: Ferrothorn|57/100|[from] item: Leftovers
|upkeep
|turn|25
|
|t:|1702308592
|move|p2a: Latios|Dragon Pulse|p1a: Ferrothorn
|-resisted|p1a: Ferrothorn
|-damage|p1a: Ferrothorn|43/100
|move|p1a: Ferrothorn|Gyro Ball|p2a: Latios
|-damage|p2a: Latios|0 fnt
|faint|p2a: Latios
|
|win|ReallyFunTeams
|raw|ReallyFunTeams's rating: 1616 &rarr; <strong>1630</strong><br />(+14 for winning)
|raw|talismanik's rating: 1499 &rarr; <strong>1485</strong><br />(-14 for losing)
