|j|☆fangqiang
|j|☆Jellium
|t:|1720842144
|gametype|singles
|player|p1|fangqiang|lance|1307
|player|p2|Jellium|scientist-gen4|1471
|teamsize|p1|6
|teamsize|p2|6
|gen|5
|tier|[Gen 5] OU
|rated|
|rule|Species Clause: Limit one of each Pokémon
|rule|OHKO Clause: OHKO moves are banned
|rule|Moody Clause: Moody is banned
|rule|Evasion Items Clause: Evasion items are banned
|rule|Evasion Moves Clause: Evasion moves are banned
|rule|Endless Battle Clause: Forcing endless battles is banned
|rule|HP Percentage Mod: HP is shown in percentages
|rule|Evasion Abilities Clause: Evasion abilities are banned
|rule|Sleep Moves Clause: Sleep-inducing moves are banned
|rule|Swagger Clause: Swagger is banned
|rule|Baton Pass Stat Clause: No Baton Passer may have a way to boost its stats
|clearpoke
|poke|p1|Alakazam, M|item
|poke|p1|Ferrothorn, M|item
|poke|p1|Mamoswine, M|item
|poke|p1|Rotom-Wash|item
|poke|p1|Tyranitar, M|item
|poke|p1|Latios, M|item
|poke|p2|Tyranitar, F|item
|poke|p2|Rotom-Wash|item
|poke|p2|Landorus-Therian, M|item
|poke|p2|Jirachi|item
|poke|p2|Garchomp, F|item
|poke|p2|Latios, M|item
|teampreview
|inactive|Battle timer is ON: inactive players will automatically lose when time's up. (requested by fangqiang)
|
|t:|1720842148
|start
|switch|p1a: Rotom|Rotom-Wash, shiny|100/100
|switch|p2a: Worm from Dune|Garchomp, F|100/100
|turn|1
|
|t:|1720842157
|move|p1a: Rotom|Hydro Pump|p2a: Worm from Dune
|-damage|p2a: Worm from Dune|37/100
|move|p2a: Worm from Dune|Draco Meteor|p1a: Rotom
|-damage|p1a: Rotom|0 fnt
|-unboost|p2a: Worm from Dune|spa|2
|faint|p1a: Rotom
|-damage|p2a: Worm from Dune|28/100|[from] item: Life Orb
|
|upkeep
|
|t:|1720842183
|switch|p1a: Mamoswine|Mamoswine, M, shiny|100/100
|turn|2
|
|t:|1720842191
|move|p2a: Worm from Dune|Fire Blast|p1a: Mamoswine
|-supereffective|p1a: Mamoswine
|-damage|p1a: Mamoswine|69/100
|-damage|p2a: Worm from Dune|18/100|[from] item: Life Orb
|move|p1a: Mamoswine|Stealth Rock|p2a: Worm from Dune
|-sidestart|p2: Jellium|move: Stealth Rock
|
|upkeep
|turn|3
|
|t:|1720842200
|switch|p2a: Samsung|Rotom-Wash|100/100
|-damage|p2a: Samsung|88/100|[from] Stealth Rock
|move|p1a: Mamoswine|Ice Shard|p2a: Samsung
|-resisted|p2a: Samsung
|-damage|p2a: Samsung|72/100
|
|-heal|p2a: Samsung|78/100|[from] item: Leftovers
|upkeep
|turn|4
|
|t:|1720842210
|switch|p1a: Ferrothorn|Ferrothorn, M, shiny|100/100
|move|p2a: Samsung|Volt Switch|p1a: Ferrothorn
|-resisted|p1a: Ferrothorn
|-damage|p1a: Ferrothorn|89/100
|
|t:|1720842213
|switch|p2a: Worm from Dune|Garchomp, F|18/100|[from] Volt Switch
|-damage|p2a: Worm from Dune|12/100|[from] Stealth Rock
|
|upkeep
|turn|5
|
|t:|1720842224
|switch|p1a: Latios|Latios, M, shiny|100/100
|move|p2a: Worm from Dune|Stealth Rock|p1a: Latios
|-sidestart|p1: fangqiang|move: Stealth Rock
|
|upkeep
|turn|6
|
|t:|1720842231
|move|p1a: Latios|Surf|p2a: Worm from Dune
|-damage|p2a: Worm from Dune|0 fnt
|faint|p2a: Worm from Dune
|
|upkeep
|
|t:|1720842234
|switch|p2a: Blue Oyster Cult|Tyranitar, F|100/100
|-damage|p2a: Blue Oyster Cult|88/100|[from] Stealth Rock
|-weather|Sandstorm|[from] ability: Sand Stream|[of] p2a: Blue Oyster Cult
|turn|7
|
|t:|1720842264
|switch|p1a: Ferrothorn|Ferrothorn, M, shiny|89/100
|-damage|p1a: Ferrothorn|83/100|[from] Stealth Rock
|move|p2a: Blue Oyster Cult|Crunch|p1a: Ferrothorn
|-resisted|p1a: Ferrothorn
|-damage|p1a: Ferrothorn|69/100
|-damage|p2a: Blue Oyster Cult|76/100|[from] ability: Iron Barbs|[of] p1a: Ferrothorn
|
|-weather|Sandstorm|[upkeep]
|upkeep
|turn|8
|
|t:|1720842275
|move|p2a: Blue Oyster Cult|Fire Blast|p1a: Ferrothorn
|-supereffective|p1a: Ferrothorn
|-damage|p1a: Ferrothorn|0 fnt
|faint|p1a: Ferrothorn
|
|-weather|Sandstorm|[upkeep]
|upkeep
|
|t:|1720842282
|switch|p1a: Mamoswine|Mamoswine, M, shiny|69/100
|-damage|p1a: Mamoswine|56/100|[from] Stealth Rock
|turn|9
|
|t:|1720842292
|switch|p1a: Alakazam|Alakazam, M, shiny|100/100
|move|p2a: Blue Oyster Cult|Fire Blast|p1a: Alakazam
|-damage|p1a: Alakazam|59/100
|
|-weather|Sandstorm|[upkeep]
|upkeep
|turn|10
|-message|fangqiang forfeited.
|
|win|Jellium
|raw|fangqiang's rating: 1307 &rarr; <strong>1296</strong><br />(-11 for losing)
|raw|Jellium's rating: 1471 &rarr; <strong>1482</strong><br />(+11 for winning)
|l|☆fangqiang
|player|p1|
|c|☆Jellium|lol
