|j|☆spliffdiff
|j|☆nidiedi
|t:|1724586457
|gametype|singles
|player|p1|spliffdiff|scientist-gen4|1356
|player|p2|nidiedi|2|1508
|teamsize|p1|6
|teamsize|p2|6
|gen|5
|tier|[Gen 5] OU
|rated|
|rule|Species Clause: Limit one of each Pokémon
|rule|OHKO Clause: OHKO moves are banned
|rule|Moody Clause: Moody is banned
|rule|Evasion Items Clause: Evasion items are banned
|rule|Evasion Moves Clause: Evasion moves are banned
|rule|Endless Battle Clause: Forcing endless battles is banned
|rule|HP Percentage Mod: HP is shown in percentages
|rule|Evasion Abilities Clause: Evasion abilities are banned
|rule|Sleep Moves Clause: Sleep-inducing moves are banned
|rule|Swagger Clause: Swagger is banned
|rule|Baton Pass Stat Clause: No Baton Passer may have a way to boost its stats
|clearpoke
|poke|p1|Terrakion|item
|poke|p1|Garchomp, F|item
|poke|p1|Keldeo-Resolute|item
|poke|p1|Conkeldurr, F|item
|poke|p1|Honchkrow, M|item
|poke|p1|Gengar, F|item
|poke|p2|Heatran, M|item
|poke|p2|Latios, M|item
|poke|p2|Breloom, F|item
|poke|p2|Landorus-Therian, M|item
|poke|p2|Excadrill, M|item
|poke|p2|Ninetales, M|item
|teampreview
|inactive|Battle timer is ON: inactive players will automatically lose when time's up. (requested by nidiedi)
|
|t:|1724586477
|start
|switch|p1a: Terrakion|Terrakion|100/100
|switch|p2a: Landorus|Landorus-Therian, M|100/100
|-ability|p2a: Landorus|Intimidate|boost
|-unboost|p1a: Terrakion|atk|1
|turn|1
|
|t:|1724586492
|move|p2a: Landorus|Earthquake|p1a: Terrakion
|-supereffective|p1a: Terrakion
|-enditem|p1a: Terrakion|Focus Sash
|-damage|p1a: Terrakion|1/100
|move|p1a: Terrakion|Stealth Rock|p2a: Landorus
|-sidestart|p2: nidiedi|move: Stealth Rock
|
|upkeep
|turn|2
|
|t:|1724586505
|switch|p2a: Breloom|Breloom, F|100/100
|-damage|p2a: Breloom|94/100|[from] Stealth Rock
|switch|p1a: Gengar|Gengar, F|100/100
|
|-status|p2a: Breloom|tox|[from] item: Toxic Orb
|upkeep
|turn|3
|
|t:|1724586522
|switch|p2a: Ninetales|Ninetales, M|100/100
|-damage|p2a: Ninetales|76/100|[from] Stealth Rock
|-weather|SunnyDay|[from] ability: Drought|[of] p2a: Ninetales
|move|p1a: Gengar|Hidden Power|p2a: Ninetales
|-resisted|p2a: Ninetales
|-damage|p2a: Ninetales|63/100
|-enditem|p2a: Ninetales|Eject Button
|
|t:|1724586540
|switch|p2a: Excadrill|Excadrill, M|100/100
|-damage|p2a: Excadrill|97/100|[from] Stealth Rock
|-ability|p2a: Excadrill|Mold Breaker
|
|-weather|SunnyDay|[upkeep]
|-heal|p2a: Excadrill|100/100|[from] item: Leftovers
|upkeep
|turn|4
|
|t:|1724586557
|switch|p1a: Terrakion|Terrakion|1/100
|move|p2a: Excadrill|Earthquake|p1a: Terrakion
|-supereffective|p1a: Terrakion
|-damage|p1a: Terrakion|0 fnt
|faint|p1a: Terrakion
|
|-weather|SunnyDay|[upkeep]
|upkeep
|
|t:|1724586562
|switch|p1a: Keldeo|Keldeo-Resolute|100/100
|turn|5
|inactive|nidiedi has 120 seconds left.
|
|t:|1724586587
|switch|p1a: Honchkrow|Honchkrow, M|100/100
|switch|p2a: Latios|Latios, M|100/100
|-damage|p2a: Latios|88/100|[from] Stealth Rock
|
|-weather|SunnyDay|[upkeep]
|upkeep
|turn|6
|inactive|nidiedi has 120 seconds left.
|
|t:|1724586599
|-activate|p2a: Latios|move: Pursuit
|move|p1a: Honchkrow|Pursuit|p2a: Latios|[from]Pursuit
|-supereffective|p2a: Latios
|-damage|p2a: Latios|0 fnt
|faint|p2a: Latios
|-hint|A Pokemon can't switch between when it runs out of HP and when it faints
|
|-weather|SunnyDay|[upkeep]
|upkeep
|inactive|nidiedi has 120 seconds left.
|
|t:|1724586624
|switch|p2a: Landorus|Landorus-Therian, M|100/100
|-damage|p2a: Landorus|88/100|[from] Stealth Rock
|-ability|p2a: Landorus|Intimidate|boost
|-unboost|p1a: Honchkrow|atk|1
|turn|7
|
|t:|1724586636
|switch|p1a: Garchomp|Garchomp, F|100/100
|move|p2a: Landorus|U-turn|p1a: Garchomp
|-damage|p1a: Garchomp|69/100
|-damage|p2a: Landorus|76/100|[from] ability: Rough Skin|[of] p1a: Garchomp
|inactive|nidiedi has 90 seconds left.
|
|t:|1724586677
|switch|p2a: Heatran|Heatran, M|100/100|[from] U-turn
|-damage|p2a: Heatran|88/100|[from] Stealth Rock
|-item|p2a: Heatran|Air Balloon
|
|-weather|SunnyDay|[upkeep]
|upkeep
|turn|8
|inactive|nidiedi has 60 seconds left.
|
|t:|1724586702
|switch|p1a: Honchkrow|Honchkrow, M|100/100
|move|p2a: Heatran|Flame Charge|p1a: Honchkrow
|-damage|p1a: Honchkrow|73/100
|-boost|p2a: Heatran|spe|1
|
|-weather|SunnyDay|[upkeep]
|upkeep
|turn|9
|inactive|nidiedi has 60 seconds left.
|
|t:|1724586722
|-activate|p2a: Heatran|move: Pursuit
|move|p1a: Honchkrow|Pursuit|p2a: Heatran|[from]Pursuit
|-resisted|p2a: Heatran
|-damage|p2a: Heatran|66/100
|-enditem|p2a: Heatran|Air Balloon
|switch|p2a: Landorus|Landorus-Therian, M|76/100
|-damage|p2a: Landorus|64/100|[from] Stealth Rock
|-ability|p2a: Landorus|Intimidate|boost
|-unboost|p1a: Honchkrow|atk|1
|
|-weather|SunnyDay|[upkeep]
|upkeep
|turn|10
|
|t:|1724586734
|move|p1a: Honchkrow|Sucker Punch|p2a: Landorus
|-damage|p2a: Landorus|32/100
|move|p2a: Landorus|U-turn|p1a: Honchkrow
|-damage|p1a: Honchkrow|31/100
|
|t:|1724586741
|switch|p2a: Heatran|Heatran, M|66/100|[from] U-turn
|-damage|p2a: Heatran|54/100|[from] Stealth Rock
|
|-weather|SunnyDay|[upkeep]
|upkeep
|turn|11
|
|t:|1724586770
|move|p1a: Honchkrow|Sucker Punch|p2a: Heatran
|-resisted|p2a: Heatran
|-damage|p2a: Heatran|38/100
|move|p2a: Heatran|Flame Charge|p1a: Honchkrow
|-damage|p1a: Honchkrow|0 fnt
|-boost|p2a: Heatran|spe|1
|faint|p1a: Honchkrow
|
|-weather|SunnyDay|[upkeep]
|upkeep
|
|t:|1724586780
|switch|p1a: Keldeo|Keldeo-Resolute|100/100
|turn|12
|inactive|nidiedi has 30 seconds left.
|
|t:|1724586802
|move|p2a: Heatran|Fire Blast|p1a: Keldeo
|-resisted|p1a: Keldeo
|-damage|p1a: Keldeo|40/100
|move|p1a: Keldeo|Calm Mind|p1a: Keldeo
|-boost|p1a: Keldeo|spa|1
|-boost|p1a: Keldeo|spd|1
|
|-weather|SunnyDay|[upkeep]
|upkeep
|turn|13
|inactive|nidiedi has 30 seconds left.
|
|t:|1724586813
|move|p2a: Heatran|Fire Blast|p1a: Keldeo
|-resisted|p1a: Keldeo
|-damage|p1a: Keldeo|0 fnt
|faint|p1a: Keldeo
|
|-weather|SunnyDay|[upkeep]
|upkeep
|
|t:|1724586818
|switch|p1a: Garchomp|Garchomp, F|69/100
|turn|14
|
|t:|1724586822
|switch|p1a: Gengar|Gengar, F|100/100
|move|p2a: Heatran|Hidden Power|p1a: Gengar
|-damage|p1a: Gengar|57/100
|
|-weather|SunnyDay|[upkeep]
|upkeep
|turn|15
|
|t:|1724586833
|move|p2a: Heatran|Fire Blast|p1a: Gengar
|-damage|p1a: Gengar|0 fnt
|faint|p1a: Gengar
|
|-weather|SunnyDay|[upkeep]
|upkeep
|
|t:|1724586837
|switch|p1a: Garchomp|Garchomp, F|69/100
|turn|16
|
|t:|1724586840
|move|p1a: Garchomp|Earthquake|p2a: Heatran
|-supereffective|p2a: Heatran
|-crit|p2a: Heatran
|-damage|p2a: Heatran|0 fnt
|faint|p2a: Heatran
|
|-weather|SunnyDay|[upkeep]
|upkeep
|inactive|nidiedi has 60 seconds left.
|-message|spliffdiff forfeited.
|
|win|nidiedi
|raw|spliffdiff's rating: 1356 &rarr; <strong>1344</strong><br />(-12 for losing)
|raw|nidiedi's rating: 1508 &rarr; <strong>1520</strong><br />(+12 for winning)
|l|☆spliffdiff
|player|p1|
