|j|☆Machine Gun Dragon
|j|☆Gh0stp3pper
|player|p1|Machine Gun Dragon|ryuki|1502
|player|p2|Gh0stp3pper|170|1349
|teamsize|p1|6
|teamsize|p2|6
|gametype|singles
|gen|5
|tier|[Gen 5] OU
|rated|
|rule|Sleep Clause Mod: Limit one foe put to sleep
|rule|Species Clause: Limit one of each Pokémon
|rule|OHKO Clause: OHKO moves are banned
|rule|Moody Clause: Moody is banned
|rule|Evasion Moves Clause: Evasion moves are banned
|rule|Endless Battle Clause: Forcing endless battles is banned
|rule|HP Percentage Mod: HP is shown in percentages
|rule|Evasion Abilities Clause: Evasion abilities are banned
|rule|Baton Pass Clause: Limit one Baton Passer, can't pass Spe and other stats simultaneously
|rule|Swagger Clause: Swagger is banned
|clearpoke
|poke|p1|Alakazam, M|item
|poke|p1|Garchomp, M|item
|poke|p1|Gastrodon, F|item
|poke|p1|Skarmory, F|item
|poke|p1|Tyranitar, F|item
|poke|p1|Gengar, F|item
|poke|p2|Latias, F|item
|poke|p2|Kyurem-Black|item
|poke|p2|Ferrothorn, F|item
|poke|p2|Hitmontop, M|item
|poke|p2|Keldeo-Resolute|item
|poke|p2|Volcarona, M|item
|teampreview
|inactive|Battle timer is ON: inactive players will automatically lose when time's up. (requested by Gh0stp3pper)
|
|start
|switch|p1a: Alakazam|Alakazam, M|100/100
|switch|p2a: Keldeo|Keldeo-Resolute|100/100
|turn|1
|inactive|Gh0stp3pper has 120 seconds left.
|
|switch|p2a: Latias|Latias, F, shiny|100/100
|move|p1a: Alakazam|Focus Blast|p2a: Latias
|-resisted|p2a: Latias
|-crit|p2a: Latias
|-damage|p2a: Latias|67/100
|
|-heal|p2a: Latias|73/100|[from] item: Leftovers
|upkeep
|turn|2
|
|switch|p1a: Tyranitar|Tyranitar, F|100/100
|-weather|Sandstorm|[from] ability: Sand Stream|[of] p1a: Tyranitar
|move|p2a: Latias|Dragon Pulse|p1a: Tyranitar
|-damage|p1a: Tyranitar|80/100
|
|-weather|Sandstorm|[upkeep]
|-damage|p2a: Latias|67/100|[from] Sandstorm
|-heal|p2a: Latias|73/100|[from] item: Leftovers
|upkeep
|turn|3
|
|-activate|p2a: Latias|move: Pursuit
|move|p1a: Tyranitar|Pursuit|p2a: Latias|[from]Pursuit
|-supereffective|p2a: Latias
|-damage|p2a: Latias|0 fnt
|-hint|A Pokemon can't switch between when it runs out of HP and when it faints
|faint|p2a: Latias
|
|-weather|Sandstorm|[upkeep]
|upkeep
|
|switch|p2a: Keldeo|Keldeo-Resolute|100/100
|turn|4
|
|switch|p1a: Gengar|Gengar, F|100/100
|move|p2a: Keldeo|Surf|p1a: Gengar
|-damage|p1a: Gengar|26/100
|
|-weather|Sandstorm|[upkeep]
|-damage|p1a: Gengar|20/100|[from] Sandstorm
|-damage|p2a: Keldeo|94/100|[from] Sandstorm
|-heal|p1a: Gengar|26/100|[from] item: Black Sludge
|upkeep
|turn|5
|
|switch|p1a: Gastrodon|Gastrodon, F|100/100
|switch|p2a: Ferrothorn|Ferrothorn, F, shiny|100/100
|
|-weather|Sandstorm|[upkeep]
|upkeep
|turn|6
|inactive|Gh0stp3pper has 120 seconds left.
|
|switch|p1a: Garchomp|Garchomp, M|100/100
|move|p2a: Ferrothorn|Stealth Rock|p1a: Garchomp
|-sidestart|p1: Machine Gun Dragon|move: Stealth Rock
|
|-weather|Sandstorm|[upkeep]
|upkeep
|turn|7
|
|move|p1a: Garchomp|Stealth Rock|p2a: Ferrothorn
|-sidestart|p2: Gh0stp3pper|move: Stealth Rock
|move|p2a: Ferrothorn|Leech Seed|p1a: Garchomp
|-start|p1a: Garchomp|move: Leech Seed
|
|-weather|Sandstorm|[upkeep]
|-damage|p1a: Garchomp|88/100|[from] Leech Seed|[of] p2a: Ferrothorn
|upkeep
|turn|8
|
|switch|p1a: Skarmory|Skarmory, F|100/100
|-damage|p1a: Skarmory|88/100|[from] Stealth Rock
|switch|p2a: Hitmontop|Hitmontop, M, shiny|100/100
|-damage|p2a: Hitmontop|95/100|[from] Stealth Rock
|-ability|p2a: Hitmontop|Intimidate|boost
|-unboost|p1a: Skarmory|atk|1
|
|-weather|Sandstorm|[upkeep]
|-damage|p2a: Hitmontop|89/100|[from] Sandstorm
|-heal|p2a: Hitmontop|95/100|[from] item: Leftovers
|upkeep
|turn|9
|
|switch|p1a: Garchomp|Garchomp, M|88/100
|-damage|p1a: Garchomp|82/100|[from] Stealth Rock
|move|p2a: Hitmontop|Foresight|p1a: Garchomp
|-start|p1a: Garchomp|Foresight
|
|-weather|Sandstorm|[upkeep]
|-damage|p2a: Hitmontop|89/100|[from] Sandstorm
|-heal|p2a: Hitmontop|95/100|[from] item: Leftovers
|upkeep
|turn|10
|
|move|p1a: Garchomp|Earthquake|p2a: Hitmontop
|-damage|p2a: Hitmontop|56/100
|move|p2a: Hitmontop|Rapid Spin|p1a: Garchomp
|-damage|p1a: Garchomp|78/100
|-damage|p2a: Hitmontop|43/100|[from] ability: Rough Skin|[of] p1a: Garchomp
|-damage|p2a: Hitmontop|27/100|[from] item: Rocky Helmet|[of] p1a: Garchomp
|-sideend|p2: Gh0stp3pper|Stealth Rock|[from] move: Rapid Spin|[of] p2a: Hitmontop
|
|-weather|Sandstorm|[upkeep]
|-damage|p2a: Hitmontop|21/100|[from] Sandstorm
|-heal|p2a: Hitmontop|27/100|[from] item: Leftovers
|upkeep
|turn|11
|
|switch|p2a: Volcarona|Volcarona, M, shiny|100/100
|move|p1a: Garchomp|Stealth Rock|p2a: Volcarona
|-sidestart|p2: Gh0stp3pper|move: Stealth Rock
|
|-weather|Sandstorm|[upkeep]
|-damage|p2a: Volcarona|94/100|[from] Sandstorm
|-heal|p2a: Volcarona|100/100|[from] item: Leftovers
|upkeep
|turn|12
|
|move|p2a: Volcarona|Quiver Dance|p2a: Volcarona
|-boost|p2a: Volcarona|spa|1
|-boost|p2a: Volcarona|spd|1
|-boost|p2a: Volcarona|spe|1
|move|p1a: Garchomp|Dragon Tail|p2a: Volcarona
|-damage|p2a: Volcarona|59/100
|drag|p2a: Ferrothorn|Ferrothorn, F, shiny|100/100
|-damage|p2a: Ferrothorn|94/100|[from] Stealth Rock
|
|-weather|Sandstorm|[upkeep]
|-heal|p2a: Ferrothorn|100/100|[from] item: Leftovers
|upkeep
|turn|13
|
|move|p1a: Garchomp|Fire Blast|p2a: Ferrothorn
|-supereffective|p2a: Ferrothorn
|-damage|p2a: Ferrothorn|39/100
|move|p2a: Ferrothorn|Leech Seed|p1a: Garchomp|[miss]
|-miss|p2a: Ferrothorn|p1a: Garchomp
|
|-weather|Sandstorm|[upkeep]
|-heal|p2a: Ferrothorn|45/100|[from] item: Leftovers
|upkeep
|turn|14
|-message|Gh0stp3pper forfeited.
|
|win|Machine Gun Dragon
|l|☆Gh0stp3pper
|raw|Machine Gun Dragon's rating: 1502 &rarr; <strong>1514</strong><br />(+12 for winning)
|raw|Gh0stp3pper's rating: 1349 &rarr; <strong>1338</strong><br />(-11 for losing)
