|j|☆torinoko city
|j|☆BookOfMonk
|t:|1727291010
|gametype|singles
|player|p1|torinoko city|miku-flying|1550
|player|p2|BookOfMonk|silver|1317
|teamsize|p1|6
|teamsize|p2|6
|gen|5
|tier|[Gen 5] OU
|rated|
|rule|Species Clause: Limit one of each Pokémon
|rule|OHKO Clause: OHKO moves are banned
|rule|Moody Clause: Moody is banned
|rule|Evasion Items Clause: Evasion items are banned
|rule|Evasion Moves Clause: Evasion moves are banned
|rule|Endless Battle Clause: Forcing endless battles is banned
|rule|HP Percentage Mod: HP is shown in percentages
|rule|Evasion Abilities Clause: Evasion abilities are banned
|rule|Sleep Moves Clause: Sleep-inducing moves are banned
|rule|Swagger Clause: Swagger is banned
|rule|Baton Pass Stat Clause: No Baton Passer may have a way to boost its stats
|clearpoke
|poke|p1|Landorus-Therian, M|item
|poke|p1|Latios, M|item
|poke|p1|Excadrill, F|item
|poke|p1|Alakazam, F|item
|poke|p1|Tyranitar, M|item
|poke|p1|Amoonguss, M|item
|poke|p2|Tyranitar, F|item
|poke|p2|Latios, M|item
|poke|p2|Landorus-Therian, M|item
|poke|p2|Ferrothorn, M|item
|poke|p2|Alakazam, M|item
|poke|p2|Excadrill, F|item
|teampreview
|inactive|Battle timer is ON: inactive players will automatically lose when time's up. (requested by torinoko city)
|c|☆torinoko city|hi conke
|c|☆BookOfMonk|Hi!
|
|t:|1727291034
|start
|switch|p1a: Amoonguss|Amoonguss, M|100/100
|switch|p2a: Landorus|Landorus-Therian, M|100/100
|-ability|p2a: Landorus|Intimidate|boost
|-unboost|p1a: Amoonguss|atk|1
|turn|1
|
|t:|1727291042
|move|p2a: Landorus|U-turn|p1a: Amoonguss
|-damage|p1a: Amoonguss|76/100
|inactive|BookOfMonk has 120 seconds left.
|
|t:|1727291077
|switch|p2a: Tyranitar|Tyranitar, F|100/100|[from] U-turn
|-weather|Sandstorm|[from] ability: Sand Stream|[of] p2a: Tyranitar
|move|p1a: Amoonguss|Stun Spore|p2a: Tyranitar
|-status|p2a: Tyranitar|par
|
|-weather|Sandstorm|[upkeep]
|-damage|p1a: Amoonguss|69/100|[from] Sandstorm
|-heal|p1a: Amoonguss|76/100|[from] item: Black Sludge
|upkeep
|turn|2
|
|t:|1727291083
|switch|p1a: Landorus|Landorus-Therian, M|100/100
|-ability|p1a: Landorus|Intimidate|boost
|-unboost|p2a: Tyranitar|atk|1
|move|p2a: Tyranitar|Stealth Rock|p1a: Landorus
|-sidestart|p1: torinoko city|move: Stealth Rock
|
|-weather|Sandstorm|[upkeep]
|upkeep
|turn|3
|
|t:|1727291088
|switch|p2a: Landorus|Landorus-Therian, M|100/100
|-ability|p2a: Landorus|Intimidate|boost
|-unboost|p1a: Landorus|atk|1
|move|p1a: Landorus|Stealth Rock|p2a: Landorus
|-sidestart|p2: BookOfMonk|move: Stealth Rock
|
|-weather|Sandstorm|[upkeep]
|upkeep
|turn|4
|
|t:|1727291098
|move|p2a: Landorus|Hidden Power|p1a: Landorus
|-supereffective|p1a: Landorus
|-damage|p1a: Landorus|54/100
|move|p1a: Landorus|Hidden Power|p2a: Landorus
|-supereffective|p2a: Landorus
|-damage|p2a: Landorus|16/100
|
|-weather|Sandstorm|[upkeep]
|-heal|p1a: Landorus|60/100|[from] item: Leftovers
|upkeep
|turn|5
|
|t:|1727291110
|switch|p2a: Ferrothorn|Ferrothorn, M|100/100
|-damage|p2a: Ferrothorn|94/100|[from] Stealth Rock
|move|p1a: Landorus|Hidden Power|p2a: Ferrothorn
|-damage|p2a: Ferrothorn|82/100
|
|-weather|Sandstorm|[upkeep]
|-heal|p1a: Landorus|66/100|[from] item: Leftovers
|-heal|p2a: Ferrothorn|89/100|[from] item: Leftovers
|upkeep
|turn|6
|
|t:|1727291119
|switch|p2a: Latios|Latios, M|100/100
|-damage|p2a: Latios|88/100|[from] Stealth Rock
|move|p1a: Landorus|U-turn|p2a: Latios
|-supereffective|p2a: Latios
|-damage|p2a: Latios|50/100
|
|t:|1727291130
|switch|p1a: Tyranitar|Tyranitar, M|100/100|[from] U-turn
|-damage|p1a: Tyranitar|88/100|[from] Stealth Rock
|
|-weather|Sandstorm|[upkeep]
|-damage|p2a: Latios|44/100|[from] Sandstorm
|upkeep
|turn|7
|
|t:|1727291133
|move|p2a: Latios|Draco Meteor|p1a: Tyranitar
|-damage|p1a: Tyranitar|32/100
|-unboost|p2a: Latios|spa|2
|move|p1a: Tyranitar|Pursuit|p2a: Latios
|-supereffective|p2a: Latios
|-damage|p2a: Latios|0 fnt
|faint|p2a: Latios
|
|-weather|Sandstorm|[upkeep]
|upkeep
|
|t:|1727291138
|switch|p2a: Excadrill|Excadrill, F|100/100
|-damage|p2a: Excadrill|98/100|[from] Stealth Rock
|turn|8
|
|t:|1727291145
|switch|p1a: Landorus|Landorus-Therian, M|66/100
|-damage|p1a: Landorus|54/100|[from] Stealth Rock
|-ability|p1a: Landorus|Intimidate|boost
|-unboost|p2a: Excadrill|atk|1
|move|p2a: Excadrill|Iron Head|p1a: Landorus
|-damage|p1a: Landorus|16/100
|
|-weather|Sandstorm|[upkeep]
|-heal|p2a: Excadrill|100/100|[from] item: Leftovers
|-heal|p1a: Landorus|22/100|[from] item: Leftovers
|upkeep
|turn|9
|
|t:|1727291152
|move|p2a: Excadrill|Iron Head|p1a: Landorus
|-damage|p1a: Landorus|0 fnt
|faint|p1a: Landorus
|
|-weather|Sandstorm|[upkeep]
|upkeep
|
|t:|1727291163
|switch|p1a: Excadrill|Excadrill, F|100/100
|-damage|p1a: Excadrill|97/100|[from] Stealth Rock
|-ability|p1a: Excadrill|Mold Breaker
|turn|10
|
|t:|1727291176
|switch|p2a: Ferrothorn|Ferrothorn, M|89/100
|-damage|p2a: Ferrothorn|82/100|[from] Stealth Rock
|move|p1a: Excadrill|Earthquake|p2a: Ferrothorn
|-damage|p2a: Ferrothorn|45/100
|
|-weather|Sandstorm|[upkeep]
|-heal|p2a: Ferrothorn|52/100|[from] item: Leftovers
|upkeep
|turn|11
|
|t:|1727291181
|switch|p1a: Tyranitar|Tyranitar, M|32/100
|-damage|p1a: Tyranitar|20/100|[from] Stealth Rock
|move|p2a: Ferrothorn|Power Whip|p1a: Tyranitar|[miss]
|-miss|p2a: Ferrothorn|p1a: Tyranitar
|
|-weather|Sandstorm|[upkeep]
|-heal|p2a: Ferrothorn|58/100|[from] item: Leftovers
|upkeep
|turn|12
|
|t:|1727291198
|switch|p1a: Amoonguss|Amoonguss, M|100/100
|-damage|p1a: Amoonguss|88/100|[from] Stealth Rock
|switch|p2a: Tyranitar|Tyranitar, F|100/100 par
|-damage|p2a: Tyranitar|88/100 par|[from] Stealth Rock
|
|-weather|Sandstorm|[upkeep]
|-damage|p1a: Amoonguss|82/100|[from] Sandstorm
|-heal|p1a: Amoonguss|88/100|[from] item: Black Sludge
|upkeep
|turn|13
|
|t:|1727291207
|move|p1a: Amoonguss|Giga Drain|p2a: Tyranitar
|-supereffective|p2a: Tyranitar
|-damage|p2a: Tyranitar|69/100 par
|-heal|p1a: Amoonguss|96/100|[from] drain|[of] p2a: Tyranitar
|move|p2a: Tyranitar|Fire Blast|p1a: Amoonguss
|-supereffective|p1a: Amoonguss
|-damage|p1a: Amoonguss|61/100
|
|-weather|Sandstorm|[upkeep]
|-damage|p1a: Amoonguss|54/100|[from] Sandstorm
|-heal|p1a: Amoonguss|61/100|[from] item: Black Sludge
|upkeep
|turn|14
|
|t:|1727291217
|move|p1a: Amoonguss|Giga Drain|p2a: Tyranitar
|-supereffective|p2a: Tyranitar
|-damage|p2a: Tyranitar|50/100 par
|-heal|p1a: Amoonguss|69/100|[from] drain|[of] p2a: Tyranitar
|cant|p2a: Tyranitar|par
|
|-weather|Sandstorm|[upkeep]
|-damage|p1a: Amoonguss|63/100|[from] Sandstorm
|-heal|p1a: Amoonguss|69/100|[from] item: Black Sludge
|upkeep
|turn|15
|
|t:|1727291230
|switch|p2a: Landorus|Landorus-Therian, M|16/100
|-damage|p2a: Landorus|4/100|[from] Stealth Rock
|-ability|p2a: Landorus|Intimidate|boost
|-unboost|p1a: Amoonguss|atk|1
|move|p1a: Amoonguss|Giga Drain|p2a: Landorus
|-damage|p2a: Landorus|0 fnt
|-heal|p1a: Amoonguss|70/100|[from] drain|[of] p2a: Landorus
|faint|p2a: Landorus
|
|-weather|Sandstorm|[upkeep]
|-damage|p1a: Amoonguss|64/100|[from] Sandstorm
|-heal|p1a: Amoonguss|70/100|[from] item: Black Sludge
|upkeep
|
|t:|1727291236
|switch|p2a: Excadrill|Excadrill, F|100/100
|-damage|p2a: Excadrill|98/100|[from] Stealth Rock
|turn|16
|
|t:|1727291240
|move|p2a: Excadrill|Earthquake|p1a: Amoonguss
|-damage|p1a: Amoonguss|0 fnt
|faint|p1a: Amoonguss
|
|-weather|Sandstorm|[upkeep]
|-heal|p2a: Excadrill|100/100|[from] item: Leftovers
|upkeep
|
|t:|1727291242
|switch|p1a: Excadrill|Excadrill, F|97/100
|-damage|p1a: Excadrill|94/100|[from] Stealth Rock
|-ability|p1a: Excadrill|Mold Breaker
|turn|17
|
|t:|1727291247
|move|p2a: Excadrill|Protect|p2a: Excadrill
|-singleturn|p2a: Excadrill|Protect
|move|p1a: Excadrill|Earthquake|p2a: Excadrill
|-activate|p2a: Excadrill|move: Protect
|
|-weather|Sandstorm|[upkeep]
|upkeep
|turn|18
|
|t:|1727291255
|move|p1a: Excadrill|Earthquake|p2a: Excadrill
|-supereffective|p2a: Excadrill
|-damage|p2a: Excadrill|0 fnt
|faint|p2a: Excadrill
|
|-weather|Sandstorm|[upkeep]
|upkeep
|c|☆BookOfMonk|Gg
|c|☆torinoko city|gg
|c|☆BookOfMonk|Played super poorly this game
|-message|BookOfMonk forfeited.
|
|win|torinoko city
|raw|torinoko city's rating: 1550 &rarr; <strong>1558</strong><br />(+8 for winning)
|raw|BookOfMonk's rating: 1317 &rarr; <strong>1309</strong><br />(-8 for losing)
|c|☆torinoko city|i think you played fine
|l|☆torinoko city
|player|p1|
|l|☆BookOfMonk
|player|p2|
|j|☆BookOfMonk
|player|p2|BookOfMonk|silver|
