|j|☆bc sciz killer
|j|☆BookofConke
|t:|1702986978
|gametype|singles
|player|p1|bc sciz killer|red|1621
|player|p2|BookofConke|silver-masters|1529
|teamsize|p1|6
|teamsize|p2|6
|gen|5
|tier|[Gen 5] OU
|rated|
|rule|Species Clause: Limit one of each Pokémon
|rule|OHKO Clause: OHKO moves are banned
|rule|Moody Clause: Moody is banned
|rule|Evasion Items Clause: Evasion items are banned
|rule|Evasion Moves Clause: Evasion moves are banned
|rule|Endless Battle Clause: Forcing endless battles is banned
|rule|HP Percentage Mod: HP is shown in percentages
|rule|Evasion Abilities Clause: Evasion abilities are banned
|rule|Sleep Moves Clause: Sleep-inducing moves are banned
|rule|Swagger Clause: Swagger is banned
|rule|Baton Pass Stat Clause: No Baton Passer may have a way to boost its stats
|clearpoke
|poke|p1|Skarmory, F|item
|poke|p1|Gengar, F|item
|poke|p1|Kyurem-Black|item
|poke|p1|Garchomp, M|item
|poke|p1|Latios, M|item
|poke|p1|Scizor, M|item
|poke|p2|Kyurem-Black|item
|poke|p2|Garchomp, F|item
|poke|p2|Magnezone|item
|poke|p2|Salamence, M|item
|poke|p2|Scizor, F|item
|poke|p2|Starmie|item
|teampreview
|
|t:|1702986994
|start
|switch|p1a: Bw Starmie|Skarmory, F|100/100
|switch|p2a: Magnezone|Magnezone|100/100
|turn|1
|
|t:|1702986999
|move|p2a: Magnezone|Thunderbolt|p1a: Bw Starmie
|-supereffective|p1a: Bw Starmie
|-ability|p1a: Bw Starmie|Sturdy
|-damage|p1a: Bw Starmie|1/100
|move|p1a: Bw Starmie|Stealth Rock|p2a: Magnezone
|-sidestart|p2: BookofConke|move: Stealth Rock
|
|upkeep
|turn|2
|-enditem|p1a: Bw Starmie|Custap Berry|[eat]
|-activate|p1a: Bw Starmie|item: Custap Berry|[consumed]
|
|t:|1702987007
|move|p1a: Bw Starmie|Spikes|p2a: Magnezone
|-sidestart|p2: BookofConke|Spikes
|move|p2a: Magnezone|Volt Switch|p1a: Bw Starmie
|-supereffective|p1a: Bw Starmie
|-damage|p1a: Bw Starmie|0 fnt
|faint|p1a: Bw Starmie
|
|t:|1702987020
|switch|p2a: Starmie|Starmie|100/100|[from] Volt Switch
|-damage|p2a: Starmie|88/100|[from] Stealth Rock
|-item|p2a: Starmie|Air Balloon
|
|upkeep
|
|t:|1702987030
|switch|p1a: Bw Gengar|Gengar, F|100/100
|turn|3
|
|t:|1702987045
|switch|p2a: Scizor|Scizor, F|100/100
|-damage|p2a: Scizor|88/100|[from] Stealth Rock
|-damage|p2a: Scizor|76/100|[from] Spikes
|move|p1a: Bw Gengar|Shadow Ball|p2a: Scizor
|-resisted|p2a: Scizor
|-damage|p2a: Scizor|54/100
|
|upkeep
|turn|4
|
|t:|1702987053
|move|p1a: Bw Gengar|Shadow Ball|p2a: Scizor
|-resisted|p2a: Scizor
|-damage|p2a: Scizor|33/100
|move|p2a: Scizor|Pursuit|p1a: Bw Gengar
|-supereffective|p1a: Bw Gengar
|-damage|p1a: Bw Gengar|0 fnt
|faint|p1a: Bw Gengar
|
|upkeep
|
|t:|1702987070
|switch|p1a: Bw Snorlax|Kyurem-Black|100/100
|-ability|p1a: Bw Snorlax|Teravolt
|turn|5
|
|t:|1702987084
|switch|p2a: Kyurem|Kyurem-Black|100/100
|-damage|p2a: Kyurem|76/100|[from] Stealth Rock
|-damage|p2a: Kyurem|63/100|[from] Spikes
|-ability|p2a: Kyurem|Teravolt
|move|p1a: Bw Snorlax|Fusion Bolt|p2a: Kyurem
|-resisted|p2a: Kyurem
|-damage|p2a: Kyurem|49/100
|
|upkeep
|turn|6
|
|t:|1702987107
|move|p1a: Bw Snorlax|Substitute|p1a: Bw Snorlax
|-start|p1a: Bw Snorlax|Substitute
|-damage|p1a: Bw Snorlax|76/100
|move|p2a: Kyurem|Outrage|p1a: Bw Snorlax
|-supereffective|p1a: Bw Snorlax
|-end|p1a: Bw Snorlax|Substitute
|
|-heal|p1a: Bw Snorlax|82/100|[from] item: Leftovers
|upkeep
|turn|7
|
|t:|1702987119
|switch|p1a: Bw Exeggutor|Scizor, M|100/100
|move|p2a: Kyurem|Outrage|p1a: Bw Exeggutor|[from]lockedmove
|-resisted|p1a: Bw Exeggutor
|-damage|p1a: Bw Exeggutor|43/100
|
|upkeep
|turn|8
|
|t:|1702987125
|move|p1a: Bw Exeggutor|Bullet Punch|p2a: Kyurem
|-supereffective|p2a: Kyurem
|-damage|p2a: Kyurem|0 fnt
|faint|p2a: Kyurem
|
|upkeep
|
|t:|1702987142
|switch|p2a: Magnezone|Magnezone|100/100
|-damage|p2a: Magnezone|94/100|[from] Stealth Rock
|-damage|p2a: Magnezone|82/100|[from] Spikes
|turn|9
|
|t:|1702987148
|move|p2a: Magnezone|Volt Switch|p1a: Bw Exeggutor
|-damage|p1a: Bw Exeggutor|2/100
|
|t:|1702987157
|switch|p2a: Garchomp|Garchomp, F|100/100|[from] Volt Switch
|-damage|p2a: Garchomp|94/100|[from] Stealth Rock
|-damage|p2a: Garchomp|82/100|[from] Spikes
|move|p1a: Bw Exeggutor|Roost|p1a: Bw Exeggutor
|-heal|p1a: Bw Exeggutor|52/100
|-singleturn|p1a: Bw Exeggutor|move: Roost
|
|upkeep
|turn|10
|
|t:|1702987183
|switch|p1a: Bw Sandslash|Garchomp, M|100/100
|move|p2a: Garchomp|Earthquake|p1a: Bw Sandslash
|-damage|p1a: Bw Sandslash|51/100
|
|upkeep
|turn|11
|
|t:|1702987198
|move|p1a: Bw Sandslash|Dragon Claw|p2a: Garchomp
|-supereffective|p2a: Garchomp
|-damage|p2a: Garchomp|5/100
|-damage|p1a: Bw Sandslash|39/100|[from] ability: Rough Skin|[of] p2a: Garchomp
|move|p2a: Garchomp|Earthquake|p1a: Bw Sandslash
|-damage|p1a: Bw Sandslash|0 fnt
|faint|p1a: Bw Sandslash
|
|upkeep
|
|t:|1702987216
|switch|p1a: Bw Tauros|Latios, M|100/100
|turn|12
|
|t:|1702987222
|move|p1a: Bw Tauros|Dragon Pulse|p2a: Garchomp
|-supereffective|p2a: Garchomp
|-damage|p2a: Garchomp|0 fnt
|faint|p2a: Garchomp
|
|upkeep
|
|t:|1702987237
|switch|p2a: Magnezone|Magnezone|82/100
|-damage|p2a: Magnezone|76/100|[from] Stealth Rock
|-damage|p2a: Magnezone|63/100|[from] Spikes
|turn|13
|
|t:|1702987243
|move|p1a: Bw Tauros|Dragon Pulse|p2a: Magnezone
|-resisted|p2a: Magnezone
|-crit|p2a: Magnezone
|-damage|p2a: Magnezone|0 fnt
|faint|p2a: Magnezone
|
|upkeep
|
|t:|1702987266
|switch|p2a: Starmie|Starmie|88/100
|-damage|p2a: Starmie|76/100|[from] Stealth Rock
|-item|p2a: Starmie|Air Balloon
|turn|14
|
|t:|1702987271
|move|p1a: Bw Tauros|Dragon Pulse|p2a: Starmie
|-damage|p2a: Starmie|8/100
|-enditem|p2a: Starmie|Air Balloon
|move|p2a: Starmie|Rapid Spin|p1a: Bw Tauros
|-damage|p1a: Bw Tauros|96/100
|-sideend|p2: BookofConke|Spikes|[from] move: Rapid Spin|[of] p2a: Starmie
|-sideend|p2: BookofConke|Stealth Rock|[from] move: Rapid Spin|[of] p2a: Starmie
|
|upkeep
|turn|15
|
|t:|1702987291
|move|p1a: Bw Tauros|Dragon Pulse|p2a: Starmie
|-damage|p2a: Starmie|0 fnt
|faint|p2a: Starmie
|
|upkeep
|
|t:|1702987306
|switch|p2a: Scizor|Scizor, F|33/100
|turn|16
|
|t:|1702987314
|move|p2a: Scizor|Bullet Punch|p1a: Bw Tauros
|-damage|p1a: Bw Tauros|29/100
|move|p1a: Bw Tauros|Dragon Pulse|p2a: Scizor
|-resisted|p2a: Scizor
|-damage|p2a: Scizor|5/100
|
|upkeep
|turn|17
|
|t:|1702987322
|switch|p1a: Bw Snorlax|Kyurem-Black|82/100
|-ability|p1a: Bw Snorlax|Teravolt
|move|p2a: Scizor|Bullet Punch|p1a: Bw Snorlax
|-supereffective|p1a: Bw Snorlax
|-damage|p1a: Bw Snorlax|0 fnt
|faint|p1a: Bw Snorlax
|
|upkeep
|
|t:|1702987326
|switch|p1a: Bw Exeggutor|Scizor, M|52/100
|turn|18
|
|t:|1702987349
|-activate|p2a: Scizor|move: Pursuit
|move|p1a: Bw Exeggutor|Pursuit|p2a: Scizor|[from]Pursuit
|-resisted|p2a: Scizor
|-damage|p2a: Scizor|0 fnt
|faint|p2a: Scizor
|-hint|A Pokemon can't switch between when it runs out of HP and when it faints
|
|upkeep
|
|t:|1702987354
|switch|p2a: Salamence|Salamence, M|100/100
|turn|19
|
|t:|1702987360
|move|p1a: Bw Exeggutor|Bullet Punch|p2a: Salamence
|-damage|p2a: Salamence|46/100
|move|p2a: Salamence|Outrage|p1a: Bw Exeggutor
|-resisted|p1a: Bw Exeggutor
|-damage|p1a: Bw Exeggutor|23/100
|
|upkeep
|turn|20
|
|t:|1702987366
|move|p1a: Bw Exeggutor|Bullet Punch|p2a: Salamence
|-damage|p2a: Salamence|0 fnt
|faint|p2a: Salamence
|
|win|bc sciz killer
|raw|bc sciz killer's rating: 1621 &rarr; <strong>1636</strong><br />(+15 for winning)
|raw|BookofConke's rating: 1529 &rarr; <strong>1514</strong><br />(-15 for losing)
|l|☆bc sciz killer
