|j|☆ghosted by brizz
|j|☆Deepseaofmare
|t:|1741090111
|gametype|singles
|player|p1|ghosted by brizz|magmagruntf|1563
|player|p2|Deepseaofmare|kimonogirl|1325
|teamsize|p1|6
|teamsize|p2|6
|gen|5
|tier|[Gen 5] OU
|rated|
|rule|Species Clause: Limit one of each Pokémon
|rule|OHKO Clause: OHKO moves are banned
|rule|Moody Clause: Moody is banned
|rule|Evasion Items Clause: Evasion items are banned
|rule|Evasion Moves Clause: Evasion moves are banned
|rule|Endless Battle Clause: Forcing endless battles is banned
|rule|HP Percentage Mod: HP is shown in percentages
|rule|Evasion Abilities Clause: Evasion abilities are banned
|rule|Sleep Moves Clause: Sleep-inducing moves are banned
|rule|Swagger Clause: Swagger is banned
|rule|Baton Pass Stat Clause: No Baton Passer may have a way to boost its stats
|clearpoke
|poke|p1|Meloetta|item
|poke|p1|Donphan, M|item
|poke|p1|Umbreon, M|item
|poke|p1|Slowking, M|item
|poke|p1|Cresselia, F|item
|poke|p1|Machamp, F|item
|poke|p2|Tyranitar, F|item
|poke|p2|Excadrill, M|item
|poke|p2|Celebi|item
|poke|p2|Keldeo|item
|poke|p2|Rotom-Wash|item
|poke|p2|Landorus-Therian, M|item
|teampreview
|inactive|Battle timer is ON: inactive players will automatically lose when time's up. (requested by ghosted by brizz)
|
|t:|1741090132
|start
|switch|p1a: Hatsune Miku|Meloetta|100/100
|switch|p2a: Celebi|Celebi|100/100
|turn|1
|
|t:|1741090138
|move|p1a: Hatsune Miku|Relic Song|p2a: Celebi
|-damage|p2a: Celebi|77/100
|-formechange|p1a: Hatsune Miku|Meloetta-Pirouette|[msg]
|move|p2a: Celebi|Nasty Plot|p2a: Celebi
|-boost|p2a: Celebi|spa|2
|
|-heal|p2a: Celebi|83/100|[from] item: Leftovers
|upkeep
|turn|2
|
|t:|1741090144
|move|p1a: Hatsune Miku|Relic Song|p2a: Celebi
|-crit|p2a: Celebi
|-damage|p2a: Celebi|49/100
|-status|p2a: Celebi|slp|[from] move: Relic Song
|-formechange|p1a: Hatsune Miku|Meloetta|[msg]
|cant|p2a: Celebi|slp
|
|-heal|p2a: Celebi|55/100 slp|[from] item: Leftovers
|upkeep
|turn|3
|
|t:|1741090155
|move|p1a: Hatsune Miku|Hidden Power|p2a: Celebi
|-supereffective|p2a: Celebi
|-damage|p2a: Celebi|23/100 slp
|cant|p2a: Celebi|slp
|
|-heal|p2a: Celebi|29/100 slp|[from] item: Leftovers
|upkeep
|turn|4
|
|t:|1741090167
|-curestatus|p2a: Celebi|slp|[from] ability: Natural Cure
|switch|p2a: Landorus|Landorus-Therian, M|100/100
|-ability|p2a: Landorus|Intimidate|boost
|-unboost|p1a: Hatsune Miku|atk|1
|move|p1a: Hatsune Miku|Hidden Power|p2a: Landorus
|-supereffective|p2a: Landorus
|-damage|p2a: Landorus|22/100
|
|-heal|p2a: Landorus|28/100|[from] item: Leftovers
|upkeep
|turn|5
|
|t:|1741090178
|move|p1a: Hatsune Miku|Hidden Power|p2a: Landorus
|-supereffective|p2a: Landorus
|-damage|p2a: Landorus|0 fnt
|faint|p2a: Landorus
|
|upkeep
|
|t:|1741090181
|switch|p2a: Keldeo|Keldeo|100/100
|turn|6
|
|t:|1741090186
|move|p2a: Keldeo|Hydro Pump|p1a: Hatsune Miku
|-damage|p1a: Hatsune Miku|25/100
|move|p1a: Hatsune Miku|Thunder|p2a: Keldeo
|-supereffective|p2a: Keldeo
|-damage|p2a: Keldeo|18/100
|
|upkeep
|turn|7
|
|t:|1741090189
|switch|p1a: Slowking|Slowking, M|100/100
|move|p2a: Keldeo|Hydro Pump|p1a: Slowking|[miss]
|-miss|p2a: Keldeo|p1a: Slowking
|
|upkeep
|turn|8
|
|t:|1741090199
|switch|p2a: Tyranitar|Tyranitar, F|100/100
|-weather|Sandstorm|[from] ability: Sand Stream|[of] p2a: Tyranitar
|move|p1a: Slowking|Scald|p2a: Tyranitar
|-supereffective|p2a: Tyranitar
|-damage|p2a: Tyranitar|77/100
|
|-weather|Sandstorm|[upkeep]
|-damage|p1a: Slowking|94/100|[from] Sandstorm
|-heal|p1a: Slowking|100/100|[from] item: Leftovers
|upkeep
|turn|9
|
|t:|1741090209
|move|p2a: Tyranitar|Pursuit|p1a: Slowking
|-supereffective|p1a: Slowking
|-damage|p1a: Slowking|44/100
|move|p1a: Slowking|Scald|p2a: Tyranitar
|-supereffective|p2a: Tyranitar
|-damage|p2a: Tyranitar|51/100
|
|-weather|Sandstorm|[upkeep]
|-damage|p1a: Slowking|38/100|[from] Sandstorm
|-heal|p1a: Slowking|44/100|[from] item: Leftovers
|upkeep
|turn|10
|
|t:|1741090214
|move|p2a: Tyranitar|Pursuit|p1a: Slowking
|-supereffective|p1a: Slowking
|-damage|p1a: Slowking|0 fnt
|faint|p1a: Slowking
|
|-weather|Sandstorm|[upkeep]
|upkeep
|
|t:|1741090222
|switch|p1a: Great Nose|Donphan, M|100/100
|turn|11
|
|t:|1741090230
|switch|p2a: Rotom|Rotom-Wash|100/100
|move|p1a: Great Nose|Stealth Rock|p2a: Rotom
|-sidestart|p2: Deepseaofmare|move: Stealth Rock
|
|-weather|Sandstorm|[upkeep]
|-damage|p2a: Rotom|94/100|[from] Sandstorm
|-heal|p2a: Rotom|100/100|[from] item: Leftovers
|upkeep
|turn|12
|
|t:|1741090233
|switch|p1a: Umbreon|Umbreon, M|100/100
|move|p2a: Rotom|Will-O-Wisp|p1a: Umbreon
|-status|p1a: Umbreon|brn
|-activate|p1a: Umbreon|ability: Synchronize
|-status|p2a: Rotom|brn
|
|-weather|Sandstorm|[upkeep]
|-damage|p2a: Rotom|94/100 brn|[from] Sandstorm
|-damage|p1a: Umbreon|94/100 brn|[from] Sandstorm
|-heal|p2a: Rotom|100/100 brn|[from] item: Leftovers
|-heal|p1a: Umbreon|100/100 brn|[from] item: Leftovers
|-damage|p2a: Rotom|88/100 brn|[from] brn
|-damage|p1a: Umbreon|88/100 brn|[from] brn
|upkeep
|turn|13
|
|t:|1741090244
|move|p2a: Rotom|Hydro Pump|p1a: Umbreon
|-damage|p1a: Umbreon|64/100 brn
|move|p1a: Umbreon|Wish|p1a: Umbreon
|
|-weather|Sandstorm|[upkeep]
|-damage|p2a: Rotom|82/100 brn|[from] Sandstorm
|-damage|p1a: Umbreon|58/100 brn|[from] Sandstorm
|-heal|p2a: Rotom|88/100 brn|[from] item: Leftovers
|-heal|p1a: Umbreon|64/100 brn|[from] item: Leftovers
|-damage|p2a: Rotom|75/100 brn|[from] brn
|-damage|p1a: Umbreon|51/100 brn|[from] brn
|upkeep
|turn|14
|
|t:|1741090265
|move|p2a: Rotom|Hydro Pump|p1a: Umbreon
|-damage|p1a: Umbreon|30/100 brn
|move|p1a: Umbreon|Heal Bell|p1a: Umbreon
|-activate|p1a: Umbreon|move: Heal Bell
|-curestatus|p1a: Umbreon|brn|[msg]
|
|-weather|Sandstorm|[upkeep]
|-damage|p2a: Rotom|69/100 brn|[from] Sandstorm
|-damage|p1a: Umbreon|24/100|[from] Sandstorm
|-heal|p1a: Umbreon|74/100|[from] move: Wish|[wisher] Umbreon
|-heal|p2a: Rotom|75/100 brn|[from] item: Leftovers
|-heal|p1a: Umbreon|80/100|[from] item: Leftovers
|-damage|p2a: Rotom|63/100 brn|[from] brn
|upkeep
|turn|15
|
|t:|1741090273
|switch|p2a: Celebi|Celebi|29/100
|-damage|p2a: Celebi|16/100|[from] Stealth Rock
|move|p1a: Umbreon|Wish|p1a: Umbreon
|
|-weather|Sandstorm|[upkeep]
|-damage|p2a: Celebi|10/100|[from] Sandstorm
|-damage|p1a: Umbreon|74/100|[from] Sandstorm
|-heal|p2a: Celebi|16/100|[from] item: Leftovers
|-heal|p1a: Umbreon|80/100|[from] item: Leftovers
|upkeep
|turn|16
|
|t:|1741090278
|move|p2a: Celebi|Recover|p2a: Celebi
|-heal|p2a: Celebi|67/100
|move|p1a: Umbreon|Pursuit|p2a: Celebi
|-supereffective|p2a: Celebi
|-damage|p2a: Celebi|50/100
|
|-weather|Sandstorm|[upkeep]
|-damage|p2a: Celebi|43/100|[from] Sandstorm
|-damage|p1a: Umbreon|74/100|[from] Sandstorm
|-heal|p1a: Umbreon|100/100|[from] move: Wish|[wisher] Umbreon
|-heal|p2a: Celebi|50/100|[from] item: Leftovers
|upkeep
|turn|17
|
|t:|1741090282
|switch|p1a: Cresselia|Cresselia, F|100/100
|move|p2a: Celebi|Recover|p2a: Celebi
|-heal|p2a: Celebi|99/100
|
|-weather|Sandstorm|[upkeep]
|-damage|p2a: Celebi|94/100|[from] Sandstorm
|-damage|p1a: Cresselia|94/100|[from] Sandstorm
|-heal|p2a: Celebi|99/100|[from] item: Leftovers
|upkeep
|turn|18
|
|t:|1741090284
|move|p2a: Celebi|Nasty Plot|p2a: Celebi
|-boost|p2a: Celebi|spa|2
|move|p1a: Cresselia|Thunder Wave|p2a: Celebi
|-status|p2a: Celebi|par
|
|-weather|Sandstorm|[upkeep]
|-damage|p1a: Cresselia|88/100|[from] Sandstorm
|-damage|p2a: Celebi|94/100 par|[from] Sandstorm
|-heal|p2a: Celebi|99/100 par|[from] item: Leftovers
|upkeep
|turn|19
|
|t:|1741090290
|switch|p1a: Hatsune Miku|Meloetta|25/100
|move|p2a: Celebi|Nasty Plot|p2a: Celebi
|-boost|p2a: Celebi|spa|2
|
|-weather|Sandstorm|[upkeep]
|-damage|p1a: Hatsune Miku|19/100|[from] Sandstorm
|-damage|p2a: Celebi|94/100 par|[from] Sandstorm
|-heal|p2a: Celebi|99/100 par|[from] item: Leftovers
|upkeep
|turn|20
|
|t:|1741090293
|move|p1a: Hatsune Miku|Hidden Power|p2a: Celebi
|-supereffective|p2a: Celebi
|-damage|p2a: Celebi|71/100 par
|move|p2a: Celebi|Hidden Power|p1a: Hatsune Miku
|-damage|p1a: Hatsune Miku|0 fnt
|faint|p1a: Hatsune Miku
|
|-weather|Sandstorm|[upkeep]
|-damage|p2a: Celebi|65/100 par|[from] Sandstorm
|-heal|p2a: Celebi|71/100 par|[from] item: Leftovers
|upkeep
|
|t:|1741090300
|switch|p1a: Olive|Machamp, F, shiny|100/100
|turn|21
|
|t:|1741090302
|move|p1a: Olive|Dynamic Punch|p2a: Celebi
|-resisted|p2a: Celebi
|-damage|p2a: Celebi|47/100 par
|-start|p2a: Celebi|confusion
|-activate|p2a: Celebi|confusion
|move|p2a: Celebi|Leaf Storm|p1a: Olive
|-damage|p1a: Olive|0 fnt
|-unboost|p2a: Celebi|spa|2
|faint|p1a: Olive
|
|-weather|Sandstorm|[upkeep]
|-damage|p2a: Celebi|41/100 par|[from] Sandstorm
|-heal|p2a: Celebi|47/100 par|[from] item: Leftovers
|upkeep
|
|t:|1741090309
|switch|p1a: Umbreon|Umbreon, M|100/100
|turn|22
|
|t:|1741090316
|move|p1a: Umbreon|Pursuit|p2a: Celebi
|-supereffective|p2a: Celebi
|-damage|p2a: Celebi|32/100 par
|-activate|p2a: Celebi|confusion
|-damage|p2a: Celebi|27/100 par|[from] confusion
|
|-weather|Sandstorm|[upkeep]
|-damage|p1a: Umbreon|94/100|[from] Sandstorm
|-damage|p2a: Celebi|20/100 par|[from] Sandstorm
|-heal|p1a: Umbreon|100/100|[from] item: Leftovers
|-heal|p2a: Celebi|27/100 par|[from] item: Leftovers
|upkeep
|turn|23
|
|t:|1741090321
|move|p1a: Umbreon|Pursuit|p2a: Celebi
|-supereffective|p2a: Celebi
|-damage|p2a: Celebi|12/100 par
|-activate|p2a: Celebi|confusion
|-damage|p2a: Celebi|6/100 par|[from] confusion
|
|-weather|Sandstorm|[upkeep]
|-damage|p1a: Umbreon|94/100|[from] Sandstorm
|-damage|p2a: Celebi|0 fnt|[from] Sandstorm
|faint|p2a: Celebi
|-heal|p1a: Umbreon|100/100|[from] item: Leftovers
|upkeep
|
|t:|1741090329
|switch|p2a: Keldeo|Keldeo|18/100
|-damage|p2a: Keldeo|11/100|[from] Stealth Rock
|turn|24
|
|t:|1741090332
|move|p1a: Umbreon|Protect|p1a: Umbreon
|-singleturn|p1a: Umbreon|Protect
|move|p2a: Keldeo|Secret Sword|p1a: Umbreon
|-activate|p1a: Umbreon|move: Protect
|
|-weather|Sandstorm|[upkeep]
|-damage|p2a: Keldeo|5/100|[from] Sandstorm
|-damage|p1a: Umbreon|94/100|[from] Sandstorm
|-heal|p1a: Umbreon|100/100|[from] item: Leftovers
|upkeep
|turn|25
|
|t:|1741090339
|switch|p1a: Cresselia|Cresselia, F|88/100
|move|p2a: Keldeo|Secret Sword|p1a: Cresselia
|-resisted|p1a: Cresselia
|-damage|p1a: Cresselia|73/100
|
|-weather|Sandstorm|[upkeep]
|-damage|p2a: Keldeo|0 fnt|[from] Sandstorm
|-damage|p1a: Cresselia|67/100|[from] Sandstorm
|faint|p2a: Keldeo
|upkeep
|
|t:|1741090343
|switch|p2a: Tyranitar|Tyranitar, F|51/100
|-damage|p2a: Tyranitar|39/100|[from] Stealth Rock
|turn|26
|
|t:|1741090357
|move|p1a: Cresselia|Thunder Wave|p2a: Tyranitar
|-status|p2a: Tyranitar|par
|move|p2a: Tyranitar|Pursuit|p1a: Cresselia
|-supereffective|p1a: Cresselia
|-crit|p1a: Cresselia
|-damage|p1a: Cresselia|3/100
|-damage|p2a: Tyranitar|23/100 par|[from] item: Rocky Helmet|[of] p1a: Cresselia
|
|-weather|Sandstorm|[upkeep]
|-damage|p1a: Cresselia|0 fnt|[from] Sandstorm
|faint|p1a: Cresselia
|upkeep
|
|t:|1741090363
|switch|p1a: Great Nose|Donphan, M|100/100
|turn|27
|
|t:|1741090368
|move|p1a: Great Nose|Earthquake|p2a: Tyranitar
|-supereffective|p2a: Tyranitar
|-damage|p2a: Tyranitar|0 fnt
|faint|p2a: Tyranitar
|
|-weather|Sandstorm|[upkeep]
|upkeep
|
|t:|1741090371
|switch|p2a: Rotom|Rotom-Wash|63/100 brn
|-damage|p2a: Rotom|50/100 brn|[from] Stealth Rock
|turn|28
|
|t:|1741090375
|switch|p1a: Umbreon|Umbreon, M|100/100
|move|p2a: Rotom|Pain Split|p1a: Umbreon
|-sethp|p1a: Umbreon|70/100|[from] move: Pain Split|[silent]
|-sethp|p2a: Rotom|90/100 brn|[from] move: Pain Split
|
|-weather|Sandstorm|[upkeep]
|-damage|p2a: Rotom|84/100 brn|[from] Sandstorm
|-damage|p1a: Umbreon|64/100|[from] Sandstorm
|-heal|p2a: Rotom|90/100 brn|[from] item: Leftovers
|-heal|p1a: Umbreon|70/100|[from] item: Leftovers
|-damage|p2a: Rotom|78/100 brn|[from] brn
|upkeep
|turn|29
|
|t:|1741090381
|move|p2a: Rotom|Volt Switch|p1a: Umbreon
|-damage|p1a: Umbreon|57/100
|-activate|p2a: Rotom|move: Pursuit
|move|p1a: Umbreon|Pursuit|p2a: Rotom|[from] Pursuit
|-damage|p2a: Rotom|63/100 brn
|
|t:|1741090388
|switch|p2a: Excadrill|Excadrill, M|100/100|[from] Volt Switch
|-damage|p2a: Excadrill|97/100|[from] Stealth Rock
|
|-weather|Sandstorm|[upkeep]
|-damage|p1a: Umbreon|51/100|[from] Sandstorm
|-heal|p1a: Umbreon|57/100|[from] item: Leftovers
|upkeep
|turn|30
|
|t:|1741090390
|switch|p1a: Great Nose|Donphan, M|100/100
|move|p2a: Excadrill|Earthquake|p1a: Great Nose
|-damage|p1a: Great Nose|54/100
|
|-weather|Sandstorm|[upkeep]
|upkeep
|turn|31
|
|t:|1741090393
|switch|p2a: Rotom|Rotom-Wash|63/100 brn
|-damage|p2a: Rotom|50/100 brn|[from] Stealth Rock
|switch|p1a: Umbreon|Umbreon, M|57/100
|
|-weather|Sandstorm|[upkeep]
|-damage|p2a: Rotom|44/100 brn|[from] Sandstorm
|-damage|p1a: Umbreon|51/100|[from] Sandstorm
|-heal|p2a: Rotom|50/100 brn|[from] item: Leftovers
|-heal|p1a: Umbreon|57/100|[from] item: Leftovers
|-damage|p2a: Rotom|38/100 brn|[from] brn
|upkeep
|turn|32
|
|t:|1741090397
|move|p2a: Rotom|Pain Split|p1a: Umbreon
|-sethp|p1a: Umbreon|43/100|[from] move: Pain Split|[silent]
|-sethp|p2a: Rotom|56/100 brn|[from] move: Pain Split
|move|p1a: Umbreon|Wish|p1a: Umbreon
|
|-weather|Sandstorm|[upkeep]
|-damage|p2a: Rotom|50/100 brn|[from] Sandstorm
|-damage|p1a: Umbreon|37/100|[from] Sandstorm
|-heal|p2a: Rotom|56/100 brn|[from] item: Leftovers
|-heal|p1a: Umbreon|43/100|[from] item: Leftovers
|-damage|p2a: Rotom|43/100 brn|[from] brn
|upkeep
|turn|33
|
|t:|1741090404
|move|p1a: Umbreon|Protect|p1a: Umbreon
|-singleturn|p1a: Umbreon|Protect
|move|p2a: Rotom|Hydro Pump|p1a: Umbreon
|-activate|p1a: Umbreon|move: Protect
|
|-weather|Sandstorm|[upkeep]
|-damage|p2a: Rotom|37/100 brn|[from] Sandstorm
|-damage|p1a: Umbreon|37/100|[from] Sandstorm
|-heal|p1a: Umbreon|87/100|[from] move: Wish|[wisher] Umbreon
|-heal|p2a: Rotom|43/100 brn|[from] item: Leftovers
|-heal|p1a: Umbreon|93/100|[from] item: Leftovers
|-damage|p2a: Rotom|31/100 brn|[from] brn
|upkeep
|turn|34
|
|t:|1741090406
|move|p2a: Rotom|Pain Split|p1a: Umbreon
|-sethp|p1a: Umbreon|58/100|[from] move: Pain Split|[silent]
|-sethp|p2a: Rotom|75/100 brn|[from] move: Pain Split
|move|p1a: Umbreon|Wish|p1a: Umbreon
|
|-weather|Sandstorm|[upkeep]
|-damage|p2a: Rotom|69/100 brn|[from] Sandstorm
|-damage|p1a: Umbreon|52/100|[from] Sandstorm
|-heal|p2a: Rotom|75/100 brn|[from] item: Leftovers
|-heal|p1a: Umbreon|58/100|[from] item: Leftovers
|-damage|p2a: Rotom|63/100 brn|[from] brn
|upkeep
|turn|35
|
|t:|1741090413
|switch|p2a: Excadrill|Excadrill, M|97/100
|-damage|p2a: Excadrill|94/100|[from] Stealth Rock
|switch|p1a: Great Nose|Donphan, M|54/100
|
|-weather|Sandstorm|[upkeep]
|-heal|p1a: Great Nose|100/100|[from] move: Wish|[wisher] Umbreon
|upkeep
|turn|36
|
|t:|1741090419
|switch|p2a: Rotom|Rotom-Wash|63/100 brn
|-damage|p2a: Rotom|50/100 brn|[from] Stealth Rock
|switch|p1a: Umbreon|Umbreon, M|58/100
|
|-weather|Sandstorm|[upkeep]
|-damage|p2a: Rotom|44/100 brn|[from] Sandstorm
|-damage|p1a: Umbreon|52/100|[from] Sandstorm
|-heal|p2a: Rotom|50/100 brn|[from] item: Leftovers
|-heal|p1a: Umbreon|58/100|[from] item: Leftovers
|-damage|p2a: Rotom|38/100 brn|[from] brn
|upkeep
|turn|37
|
|t:|1741090427
|move|p2a: Rotom|Will-O-Wisp|p1a: Umbreon
|-status|p1a: Umbreon|brn
|-activate|p1a: Umbreon|ability: Synchronize
|-fail|p2a: Rotom|brn
|move|p1a: Umbreon|Pursuit|p2a: Rotom
|-damage|p2a: Rotom|34/100 brn
|
|-weather|Sandstorm|[upkeep]
|-damage|p2a: Rotom|27/100 brn|[from] Sandstorm
|-damage|p1a: Umbreon|52/100 brn|[from] Sandstorm
|-heal|p2a: Rotom|34/100 brn|[from] item: Leftovers
|-heal|p1a: Umbreon|58/100 brn|[from] item: Leftovers
|-damage|p2a: Rotom|21/100 brn|[from] brn
|-damage|p1a: Umbreon|46/100 brn|[from] brn
|upkeep
|turn|38
|
|t:|1741090430
|move|p2a: Rotom|Hydro Pump|p1a: Umbreon|[miss]
|-miss|p2a: Rotom|p1a: Umbreon
|move|p1a: Umbreon|Pursuit|p2a: Rotom
|-damage|p2a: Rotom|17/100 brn
|
|-weather|Sandstorm|[upkeep]
|-damage|p2a: Rotom|11/100 brn|[from] Sandstorm
|-damage|p1a: Umbreon|40/100 brn|[from] Sandstorm
|-heal|p2a: Rotom|17/100 brn|[from] item: Leftovers
|-heal|p1a: Umbreon|46/100 brn|[from] item: Leftovers
|-damage|p2a: Rotom|5/100 brn|[from] brn
|-damage|p1a: Umbreon|33/100 brn|[from] brn
|upkeep
|turn|39
|
|t:|1741090433
|move|p2a: Rotom|Pain Split|p1a: Umbreon
|-sethp|p1a: Umbreon|19/100 brn|[from] move: Pain Split|[silent]
|-sethp|p2a: Rotom|24/100 brn|[from] move: Pain Split
|move|p1a: Umbreon|Pursuit|p2a: Rotom
|-damage|p2a: Rotom|20/100 brn
|
|-weather|Sandstorm|[upkeep]
|-damage|p2a: Rotom|14/100 brn|[from] Sandstorm
|-damage|p1a: Umbreon|12/100 brn|[from] Sandstorm
|-heal|p2a: Rotom|20/100 brn|[from] item: Leftovers
|-heal|p1a: Umbreon|19/100 brn|[from] item: Leftovers
|-damage|p2a: Rotom|7/100 brn|[from] brn
|-damage|p1a: Umbreon|6/100 brn|[from] brn
|upkeep
|turn|40
|
|t:|1741090437
|move|p2a: Rotom|Volt Switch|p1a: Umbreon
|-damage|p1a: Umbreon|0 fnt
|faint|p1a: Umbreon
|
|t:|1741090439
|switch|p2a: Excadrill|Excadrill, M|94/100|[from] Volt Switch
|-damage|p2a: Excadrill|91/100|[from] Stealth Rock
|
|-weather|Sandstorm|[upkeep]
|upkeep
|
|t:|1741090440
|switch|p1a: Great Nose|Donphan, M|100/100
|turn|41
|
|t:|1741090445
|switch|p2a: Rotom|Rotom-Wash|7/100 brn
|-damage|p2a: Rotom|0 fnt|[from] Stealth Rock
|faint|p2a: Rotom
|move|p1a: Great Nose|Earthquake|p2: Rotom|[notarget]
|-fail|p1a: Great Nose
|
|-weather|Sandstorm|[upkeep]
|upkeep
|
|t:|1741090448
|switch|p2a: Excadrill|Excadrill, M|91/100
|-damage|p2a: Excadrill|88/100|[from] Stealth Rock
|turn|42
|
|t:|1741090450
|move|p2a: Excadrill|Iron Head|p1a: Great Nose
|-damage|p1a: Great Nose|67/100
|-damage|p2a: Excadrill|72/100|[from] item: Rocky Helmet|[of] p1a: Great Nose
|move|p1a: Great Nose|Earthquake|p2a: Excadrill
|-supereffective|p2a: Excadrill
|-damage|p2a: Excadrill|0 fnt
|faint|p2a: Excadrill
|
|win|ghosted by brizz
|raw|ghosted by brizz's rating: 1563 &rarr; <strong>1571</strong><br />(+8 for winning)
|raw|Deepseaofmare's rating: 1325 &rarr; <strong>1317</strong><br />(-8 for losing)
|l|☆Deepseaofmare
|player|p2|
