|j|☆HANMA JACK
|j|☆Aliando blyat
|t:|1735135153
|gametype|singles
|player|p1|HANMA JACK|169|1592
|player|p2|Aliando blyat|rocketgruntf|1333
|teamsize|p1|6
|teamsize|p2|6
|gen|5
|tier|[Gen 5] OU
|rated|
|rule|Species Clause: Limit one of each Pokémon
|rule|OHKO Clause: OHKO moves are banned
|rule|Moody Clause: Moody is banned
|rule|Evasion Items Clause: Evasion items are banned
|rule|Evasion Moves Clause: Evasion moves are banned
|rule|Endless Battle Clause: Forcing endless battles is banned
|rule|HP Percentage Mod: HP is shown in percentages
|rule|Evasion Abilities Clause: Evasion abilities are banned
|rule|Sleep Moves Clause: Sleep-inducing moves are banned
|rule|Swagger Clause: Swagger is banned
|rule|Baton Pass Stat Clause: No Baton Passer may have a way to boost its stats
|clearpoke
|poke|p1|Abomasnow, F|item
|poke|p1|Blissey, F|item
|poke|p1|Forretress, M|item
|poke|p1|Gastrodon, M|item
|poke|p1|Kyurem|item
|poke|p1|Mandibuzz, F|item
|poke|p2|Tyranitar, F|item
|poke|p2|Latios, M|item
|poke|p2|Excadrill, F|item
|poke|p2|Forretress, M|item
|poke|p2|Conkeldurr, F|item
|poke|p2|Alakazam, F|item
|teampreview
|c|☆HANMA JACK|gl hf
|
|t:|1735135164
|start
|switch|p1a: Kyurem|Kyurem|100/100
|switch|p2a: Conkeldurr|Conkeldurr, F|100/100
|-ability|p1a: Kyurem|Pressure
|turn|1
|
|t:|1735135169
|switch|p2a: Forretress|Forretress, M|100/100
|move|p1a: Kyurem|Draco Meteor|p2a: Forretress
|-resisted|p2a: Forretress
|-damage|p2a: Forretress|15/100
|-unboost|p1a: Kyurem|spa|2
|
|-heal|p2a: Forretress|21/100|[from] item: Leftovers
|upkeep
|turn|2
|
|t:|1735135174
|move|p1a: Kyurem|Draco Meteor|p2a: Forretress
|-resisted|p2a: Forretress
|-damage|p2a: Forretress|0 fnt
|-unboost|p1a: Kyurem|spa|2
|faint|p2a: Forretress
|
|upkeep
|
|t:|1735135179
|switch|p2a: Conkeldurr|Conkeldurr, F|100/100
|turn|3
|
|t:|1735135183
|switch|p1a: Gastrodon|Gastrodon, M|100/100
|move|p2a: Conkeldurr|Bulk Up|p2a: Conkeldurr
|-boost|p2a: Conkeldurr|atk|1
|-boost|p2a: Conkeldurr|def|1
|
|upkeep
|turn|4
|
|t:|1735135187
|move|p2a: Conkeldurr|Bulk Up|p2a: Conkeldurr
|-boost|p2a: Conkeldurr|atk|1
|-boost|p2a: Conkeldurr|def|1
|move|p1a: Gastrodon|Clear Smog|p2a: Conkeldurr
|-crit|p2a: Conkeldurr
|-damage|p2a: Conkeldurr|80/100
|-clearboost|p2a: Conkeldurr
|
|-heal|p2a: Conkeldurr|86/100|[from] item: Leftovers
|upkeep
|turn|5
|
|t:|1735135190
|move|p2a: Conkeldurr|Bulk Up|p2a: Conkeldurr
|-boost|p2a: Conkeldurr|atk|1
|-boost|p2a: Conkeldurr|def|1
|move|p1a: Gastrodon|Ice Beam|p2a: Conkeldurr
|-damage|p2a: Conkeldurr|69/100
|
|-heal|p2a: Conkeldurr|75/100|[from] item: Leftovers
|upkeep
|turn|6
|
|t:|1735135193
|move|p2a: Conkeldurr|Drain Punch|p1a: Gastrodon
|-damage|p1a: Gastrodon|62/100
|-heal|p2a: Conkeldurr|95/100|[from] drain|[of] p1a: Gastrodon
|move|p1a: Gastrodon|Clear Smog|p2a: Conkeldurr
|-damage|p2a: Conkeldurr|86/100
|-clearboost|p2a: Conkeldurr
|
|-heal|p2a: Conkeldurr|92/100|[from] item: Leftovers
|-heal|p1a: Gastrodon|68/100|[from] item: Leftovers
|upkeep
|turn|7
|
|t:|1735135196
|move|p2a: Conkeldurr|Bulk Up|p2a: Conkeldurr
|-boost|p2a: Conkeldurr|atk|1
|-boost|p2a: Conkeldurr|def|1
|move|p1a: Gastrodon|Recover|p1a: Gastrodon
|-heal|p1a: Gastrodon|100/100
|
|-heal|p2a: Conkeldurr|98/100|[from] item: Leftovers
|upkeep
|turn|8
|
|t:|1735135198
|move|p2a: Conkeldurr|Drain Punch|p1a: Gastrodon
|-damage|p1a: Gastrodon|58/100
|-heal|p2a: Conkeldurr|100/100|[from] drain|[of] p1a: Gastrodon
|move|p1a: Gastrodon|Clear Smog|p2a: Conkeldurr
|-damage|p2a: Conkeldurr|92/100
|-clearboost|p2a: Conkeldurr
|
|-heal|p2a: Conkeldurr|98/100|[from] item: Leftovers
|-heal|p1a: Gastrodon|64/100|[from] item: Leftovers
|upkeep
|turn|9
|
|t:|1735135203
|move|p2a: Conkeldurr|Bulk Up|p2a: Conkeldurr
|-boost|p2a: Conkeldurr|atk|1
|-boost|p2a: Conkeldurr|def|1
|move|p1a: Gastrodon|Recover|p1a: Gastrodon
|-heal|p1a: Gastrodon|100/100
|
|-heal|p2a: Conkeldurr|100/100|[from] item: Leftovers
|upkeep
|turn|10
|
|t:|1735135205
|move|p2a: Conkeldurr|Drain Punch|p1a: Gastrodon
|-damage|p1a: Gastrodon|61/100
|move|p1a: Gastrodon|Clear Smog|p2a: Conkeldurr
|-damage|p2a: Conkeldurr|92/100
|-clearboost|p2a: Conkeldurr
|
|-heal|p2a: Conkeldurr|98/100|[from] item: Leftovers
|-heal|p1a: Gastrodon|67/100|[from] item: Leftovers
|upkeep
|turn|11
|
|t:|1735135208
|move|p2a: Conkeldurr|Bulk Up|p2a: Conkeldurr
|-boost|p2a: Conkeldurr|atk|1
|-boost|p2a: Conkeldurr|def|1
|move|p1a: Gastrodon|Recover|p1a: Gastrodon
|-heal|p1a: Gastrodon|100/100
|
|-heal|p2a: Conkeldurr|100/100|[from] item: Leftovers
|upkeep
|turn|12
|
|t:|1735135212
|move|p2a: Conkeldurr|Bulk Up|p2a: Conkeldurr
|-boost|p2a: Conkeldurr|atk|1
|-boost|p2a: Conkeldurr|def|1
|move|p1a: Gastrodon|Clear Smog|p2a: Conkeldurr
|-damage|p2a: Conkeldurr|92/100
|-clearboost|p2a: Conkeldurr
|
|-heal|p2a: Conkeldurr|98/100|[from] item: Leftovers
|upkeep
|turn|13
|
|t:|1735135218
|move|p2a: Conkeldurr|Bulk Up|p2a: Conkeldurr
|-boost|p2a: Conkeldurr|atk|1
|-boost|p2a: Conkeldurr|def|1
|move|p1a: Gastrodon|Ice Beam|p2a: Conkeldurr
|-damage|p2a: Conkeldurr|82/100
|
|-heal|p2a: Conkeldurr|88/100|[from] item: Leftovers
|upkeep
|turn|14
|
|t:|1735135221
|move|p2a: Conkeldurr|Mach Punch|p1a: Gastrodon
|-damage|p1a: Gastrodon|76/100
|move|p1a: Gastrodon|Clear Smog|p2a: Conkeldurr
|-damage|p2a: Conkeldurr|79/100
|-clearboost|p2a: Conkeldurr
|
|-heal|p2a: Conkeldurr|85/100|[from] item: Leftovers
|-heal|p1a: Gastrodon|82/100|[from] item: Leftovers
|upkeep
|turn|15
|
|t:|1735135225
|move|p2a: Conkeldurr|Bulk Up|p2a: Conkeldurr
|-boost|p2a: Conkeldurr|atk|1
|-boost|p2a: Conkeldurr|def|1
|move|p1a: Gastrodon|Earthquake|p2a: Conkeldurr
|-damage|p2a: Conkeldurr|67/100
|
|-heal|p2a: Conkeldurr|73/100|[from] item: Leftovers
|-heal|p1a: Gastrodon|89/100|[from] item: Leftovers
|upkeep
|turn|16
|
|t:|1735135228
|move|p2a: Conkeldurr|Mach Punch|p1a: Gastrodon
|-damage|p1a: Gastrodon|68/100
|move|p1a: Gastrodon|Clear Smog|p2a: Conkeldurr
|-damage|p2a: Conkeldurr|63/100
|-clearboost|p2a: Conkeldurr
|
|-heal|p2a: Conkeldurr|69/100|[from] item: Leftovers
|-heal|p1a: Gastrodon|74/100|[from] item: Leftovers
|upkeep
|turn|17
|
|t:|1735135238
|move|p2a: Conkeldurr|Bulk Up|p2a: Conkeldurr
|-boost|p2a: Conkeldurr|atk|1
|-boost|p2a: Conkeldurr|def|1
|move|p1a: Gastrodon|Earthquake|p2a: Conkeldurr
|-damage|p2a: Conkeldurr|51/100
|
|-heal|p2a: Conkeldurr|57/100|[from] item: Leftovers
|-heal|p1a: Gastrodon|80/100|[from] item: Leftovers
|upkeep
|turn|18
|
|t:|1735135240
|move|p2a: Conkeldurr|Drain Punch|p1a: Gastrodon
|-damage|p1a: Gastrodon|38/100
|-heal|p2a: Conkeldurr|79/100|[from] drain|[of] p1a: Gastrodon
|move|p1a: Gastrodon|Recover|p1a: Gastrodon
|-heal|p1a: Gastrodon|88/100
|
|-heal|p2a: Conkeldurr|85/100|[from] item: Leftovers
|-heal|p1a: Gastrodon|94/100|[from] item: Leftovers
|upkeep
|turn|19
|
|t:|1735135243
|move|p2a: Conkeldurr|Drain Punch|p1a: Gastrodon
|-damage|p1a: Gastrodon|54/100
|-heal|p2a: Conkeldurr|100/100|[from] drain|[of] p1a: Gastrodon
|move|p1a: Gastrodon|Clear Smog|p2a: Conkeldurr
|-damage|p2a: Conkeldurr|92/100
|-clearboost|p2a: Conkeldurr
|
|-heal|p2a: Conkeldurr|98/100|[from] item: Leftovers
|-heal|p1a: Gastrodon|60/100|[from] item: Leftovers
|upkeep
|turn|20
|
|t:|1735135246
|move|p2a: Conkeldurr|Bulk Up|p2a: Conkeldurr
|-boost|p2a: Conkeldurr|atk|1
|-boost|p2a: Conkeldurr|def|1
|move|p1a: Gastrodon|Recover|p1a: Gastrodon
|-heal|p1a: Gastrodon|100/100
|
|-heal|p2a: Conkeldurr|100/100|[from] item: Leftovers
|upkeep
|turn|21
|
|t:|1735135251
|move|p2a: Conkeldurr|Mach Punch|p1a: Gastrodon
|-damage|p1a: Gastrodon|79/100
|move|p1a: Gastrodon|Clear Smog|p2a: Conkeldurr
|-damage|p2a: Conkeldurr|92/100
|-clearboost|p2a: Conkeldurr
|
|-heal|p2a: Conkeldurr|98/100|[from] item: Leftovers
|-heal|p1a: Gastrodon|85/100|[from] item: Leftovers
|upkeep
|turn|22
|
|t:|1735135255
|move|p2a: Conkeldurr|Bulk Up|p2a: Conkeldurr
|-boost|p2a: Conkeldurr|atk|1
|-boost|p2a: Conkeldurr|def|1
|move|p1a: Gastrodon|Ice Beam|p2a: Conkeldurr
|-damage|p2a: Conkeldurr|81/100
|
|-heal|p2a: Conkeldurr|87/100|[from] item: Leftovers
|-heal|p1a: Gastrodon|91/100|[from] item: Leftovers
|upkeep
|turn|23
|
|t:|1735135257
|move|p2a: Conkeldurr|Mach Punch|p1a: Gastrodon
|-crit|p1a: Gastrodon
|-damage|p1a: Gastrodon|47/100
|move|p1a: Gastrodon|Clear Smog|p2a: Conkeldurr
|-damage|p2a: Conkeldurr|77/100
|-clearboost|p2a: Conkeldurr
|
|-heal|p2a: Conkeldurr|83/100|[from] item: Leftovers
|-heal|p1a: Gastrodon|53/100|[from] item: Leftovers
|upkeep
|turn|24
|
|t:|1735135261
|move|p2a: Conkeldurr|Bulk Up|p2a: Conkeldurr
|-boost|p2a: Conkeldurr|atk|1
|-boost|p2a: Conkeldurr|def|1
|move|p1a: Gastrodon|Recover|p1a: Gastrodon
|-heal|p1a: Gastrodon|100/100
|
|-heal|p2a: Conkeldurr|89/100|[from] item: Leftovers
|upkeep
|turn|25
|
|t:|1735135266
|move|p2a: Conkeldurr|Mach Punch|p1a: Gastrodon
|-crit|p1a: Gastrodon
|-damage|p1a: Gastrodon|59/100
|move|p1a: Gastrodon|Clear Smog|p2a: Conkeldurr
|-damage|p2a: Conkeldurr|80/100
|-clearboost|p2a: Conkeldurr
|
|-heal|p2a: Conkeldurr|86/100|[from] item: Leftovers
|-heal|p1a: Gastrodon|65/100|[from] item: Leftovers
|upkeep
|turn|26
|
|t:|1735135269
|move|p2a: Conkeldurr|Bulk Up|p2a: Conkeldurr
|-boost|p2a: Conkeldurr|atk|1
|-boost|p2a: Conkeldurr|def|1
|move|p1a: Gastrodon|Recover|p1a: Gastrodon
|-heal|p1a: Gastrodon|100/100
|
|-heal|p2a: Conkeldurr|92/100|[from] item: Leftovers
|upkeep
|turn|27
|
|t:|1735135274
|move|p2a: Conkeldurr|Mach Punch|p1a: Gastrodon
|-damage|p1a: Gastrodon|76/100
|move|p1a: Gastrodon|Clear Smog|p2a: Conkeldurr
|-damage|p2a: Conkeldurr|83/100
|-clearboost|p2a: Conkeldurr
|
|-heal|p2a: Conkeldurr|89/100|[from] item: Leftovers
|-heal|p1a: Gastrodon|82/100|[from] item: Leftovers
|upkeep
|turn|28
|
|t:|1735135277
|move|p2a: Conkeldurr|Bulk Up|p2a: Conkeldurr
|-boost|p2a: Conkeldurr|atk|1
|-boost|p2a: Conkeldurr|def|1
|move|p1a: Gastrodon|Ice Beam|p2a: Conkeldurr
|-damage|p2a: Conkeldurr|72/100
|
|-heal|p2a: Conkeldurr|78/100|[from] item: Leftovers
|-heal|p1a: Gastrodon|89/100|[from] item: Leftovers
|upkeep
|turn|29
|
|t:|1735135279
|move|p2a: Conkeldurr|Mach Punch|p1a: Gastrodon
|-damage|p1a: Gastrodon|65/100
|move|p1a: Gastrodon|Clear Smog|p2a: Conkeldurr
|-damage|p2a: Conkeldurr|69/100
|-clearboost|p2a: Conkeldurr
|
|-heal|p2a: Conkeldurr|75/100|[from] item: Leftovers
|-heal|p1a: Gastrodon|71/100|[from] item: Leftovers
|upkeep
|turn|30
|
|t:|1735135283
|move|p2a: Conkeldurr|Bulk Up|p2a: Conkeldurr
|-boost|p2a: Conkeldurr|atk|1
|-boost|p2a: Conkeldurr|def|1
|move|p1a: Gastrodon|Ice Beam|p2a: Conkeldurr
|-damage|p2a: Conkeldurr|58/100
|
|-heal|p2a: Conkeldurr|64/100|[from] item: Leftovers
|-heal|p1a: Gastrodon|77/100|[from] item: Leftovers
|upkeep
|turn|31
|
|t:|1735135285
|move|p2a: Conkeldurr|Mach Punch|p1a: Gastrodon
|-damage|p1a: Gastrodon|57/100
|move|p1a: Gastrodon|Clear Smog|p2a: Conkeldurr
|-damage|p2a: Conkeldurr|54/100
|-clearboost|p2a: Conkeldurr
|
|-heal|p2a: Conkeldurr|60/100|[from] item: Leftovers
|-heal|p1a: Gastrodon|63/100|[from] item: Leftovers
|upkeep
|turn|32
|
|t:|1735135289
|move|p2a: Conkeldurr|Bulk Up|p2a: Conkeldurr
|-boost|p2a: Conkeldurr|atk|1
|-boost|p2a: Conkeldurr|def|1
|move|p1a: Gastrodon|Recover|p1a: Gastrodon
|-heal|p1a: Gastrodon|100/100
|
|-heal|p2a: Conkeldurr|66/100|[from] item: Leftovers
|upkeep
|turn|33
|
|t:|1735135292
|move|p2a: Conkeldurr|Drain Punch|p1a: Gastrodon
|-damage|p1a: Gastrodon|61/100
|-heal|p2a: Conkeldurr|87/100|[from] drain|[of] p1a: Gastrodon
|move|p1a: Gastrodon|Clear Smog|p2a: Conkeldurr
|-damage|p2a: Conkeldurr|78/100
|-clearboost|p2a: Conkeldurr
|
|-heal|p2a: Conkeldurr|84/100|[from] item: Leftovers
|-heal|p1a: Gastrodon|67/100|[from] item: Leftovers
|upkeep
|turn|34
|
|t:|1735135295
|move|p2a: Conkeldurr|Bulk Up|p2a: Conkeldurr
|-boost|p2a: Conkeldurr|atk|1
|-boost|p2a: Conkeldurr|def|1
|move|p1a: Gastrodon|Recover|p1a: Gastrodon
|-heal|p1a: Gastrodon|100/100
|
|-heal|p2a: Conkeldurr|90/100|[from] item: Leftovers
|upkeep
|turn|35
|
|t:|1735135299
|move|p2a: Conkeldurr|Mach Punch|p1a: Gastrodon
|-crit|p1a: Gastrodon
|-damage|p1a: Gastrodon|52/100
|move|p1a: Gastrodon|Clear Smog|p2a: Conkeldurr
|-damage|p2a: Conkeldurr|81/100
|-clearboost|p2a: Conkeldurr
|
|-heal|p2a: Conkeldurr|87/100|[from] item: Leftovers
|-heal|p1a: Gastrodon|58/100|[from] item: Leftovers
|upkeep
|turn|36
|
|t:|1735135306
|move|p2a: Conkeldurr|Bulk Up|p2a: Conkeldurr
|-boost|p2a: Conkeldurr|atk|1
|-boost|p2a: Conkeldurr|def|1
|move|p1a: Gastrodon|Recover|p1a: Gastrodon
|-heal|p1a: Gastrodon|100/100
|
|-heal|p2a: Conkeldurr|93/100|[from] item: Leftovers
|upkeep
|turn|37
|
|t:|1735135310
|move|p2a: Conkeldurr|Mach Punch|p1a: Gastrodon
|-damage|p1a: Gastrodon|77/100
|move|p1a: Gastrodon|Clear Smog|p2a: Conkeldurr
|-damage|p2a: Conkeldurr|84/100
|-clearboost|p2a: Conkeldurr
|
|-heal|p2a: Conkeldurr|90/100|[from] item: Leftovers
|-heal|p1a: Gastrodon|83/100|[from] item: Leftovers
|upkeep
|turn|38
|
|t:|1735135315
|switch|p1a: Abomasnow|Abomasnow, F|100/100
|-weather|Hail|[from] ability: Snow Warning|[of] p1a: Abomasnow
|move|p2a: Conkeldurr|Bulk Up|p2a: Conkeldurr
|-boost|p2a: Conkeldurr|atk|1
|-boost|p2a: Conkeldurr|def|1
|
|-weather|Hail|[upkeep]
|-damage|p2a: Conkeldurr|84/100|[from] Hail
|-heal|p2a: Conkeldurr|90/100|[from] item: Leftovers
|upkeep
|turn|39
|inactive|Battle timer is ON: inactive players will automatically lose when time's up. (requested by Aliando blyat)
|
|t:|1735135336
|switch|p1a: Mandibuzz|Mandibuzz, F|100/100
|move|p2a: Conkeldurr|Drain Punch|p1a: Mandibuzz
|-damage|p1a: Mandibuzz|54/100
|-heal|p2a: Conkeldurr|100/100|[from] drain|[of] p1a: Mandibuzz
|
|-weather|Hail|[upkeep]
|-damage|p2a: Conkeldurr|94/100|[from] Hail
|-heal|p1a: Mandibuzz|60/100|[from] item: Leftovers
|-heal|p2a: Conkeldurr|100/100|[from] item: Leftovers
|upkeep
|turn|40
|
|t:|1735135340
|move|p1a: Mandibuzz|Taunt|p2a: Conkeldurr
|-start|p2a: Conkeldurr|move: Taunt
|cant|p2a: Conkeldurr|move: Taunt|Bulk Up
|
|-weather|Hail|[upkeep]
|-damage|p2a: Conkeldurr|94/100|[from] Hail
|-heal|p1a: Mandibuzz|66/100|[from] item: Leftovers
|-heal|p2a: Conkeldurr|100/100|[from] item: Leftovers
|upkeep
|turn|41
|
|t:|1735135361
|move|p1a: Mandibuzz|Heat Wave|p2a: Conkeldurr
|-damage|p2a: Conkeldurr|83/100
|move|p2a: Conkeldurr|Drain Punch|p1a: Mandibuzz
|-damage|p1a: Mandibuzz|16/100
|-heal|p2a: Conkeldurr|100/100|[from] drain|[of] p1a: Mandibuzz
|
|-weather|Hail|[upkeep]
|-damage|p2a: Conkeldurr|94/100|[from] Hail
|-heal|p1a: Mandibuzz|22/100|[from] item: Leftovers
|-heal|p2a: Conkeldurr|100/100|[from] item: Leftovers
|upkeep
|turn|42
|
|t:|1735135369
|move|p2a: Conkeldurr|Mach Punch|p1a: Mandibuzz
|-damage|p1a: Mandibuzz|0 fnt
|faint|p1a: Mandibuzz
|
|-weather|Hail|[upkeep]
|-damage|p2a: Conkeldurr|94/100|[from] Hail
|-heal|p2a: Conkeldurr|100/100|[from] item: Leftovers
|-end|p2a: Conkeldurr|move: Taunt
|upkeep
|
|t:|1735135385
|switch|p1a: Gastrodon|Gastrodon, M|83/100
|turn|43
|
|t:|1735135393
|move|p2a: Conkeldurr|Mach Punch|p1a: Gastrodon
|-damage|p1a: Gastrodon|62/100
|move|p1a: Gastrodon|Clear Smog|p2a: Conkeldurr
|-damage|p2a: Conkeldurr|91/100
|-clearboost|p2a: Conkeldurr
|
|-weather|Hail|[upkeep]
|-damage|p2a: Conkeldurr|85/100|[from] Hail
|-damage|p1a: Gastrodon|55/100|[from] Hail
|-heal|p2a: Conkeldurr|91/100|[from] item: Leftovers
|-heal|p1a: Gastrodon|62/100|[from] item: Leftovers
|upkeep
|turn|44
|
|t:|1735135402
|switch|p1a: Kyurem|Kyurem|100/100
|-ability|p1a: Kyurem|Pressure
|move|p2a: Conkeldurr|Bulk Up|p2a: Conkeldurr
|-boost|p2a: Conkeldurr|atk|1
|-boost|p2a: Conkeldurr|def|1
|
|-weather|Hail|[upkeep]
|-damage|p2a: Conkeldurr|85/100|[from] Hail
|-heal|p2a: Conkeldurr|91/100|[from] item: Leftovers
|upkeep
|turn|45
|
|t:|1735135406
|move|p1a: Kyurem|Draco Meteor|p2a: Conkeldurr
|-damage|p2a: Conkeldurr|0 fnt
|-unboost|p1a: Kyurem|spa|2
|faint|p2a: Conkeldurr
|
|-weather|Hail|[upkeep]
|upkeep
|
|t:|1735135410
|switch|p2a: Tyranitar|Tyranitar, F|100/100
|-weather|Sandstorm|[from] ability: Sand Stream|[of] p2a: Tyranitar
|turn|46
|
|t:|1735135413
|-activate|p1a: Kyurem|move: Pursuit
|move|p2a: Tyranitar|Pursuit|p1a: Kyurem|[from]Pursuit
|-damage|p1a: Kyurem|58/100
|switch|p1a: Gastrodon|Gastrodon, M|62/100
|
|-weather|Sandstorm|[upkeep]
|-heal|p1a: Gastrodon|68/100|[from] item: Leftovers
|upkeep
|turn|47
|
|t:|1735135422
|switch|p2a: Latios|Latios, M|100/100
|move|p1a: Gastrodon|Earthquake|p2a: Latios
|-immune|p2a: Latios|[from] ability: Levitate
|
|-weather|Sandstorm|[upkeep]
|-damage|p2a: Latios|95/100|[from] Sandstorm
|-heal|p1a: Gastrodon|74/100|[from] item: Leftovers
|upkeep
|turn|48
|
|t:|1735135438
|switch|p1a: Kyurem|Kyurem|58/100
|-ability|p1a: Kyurem|Pressure
|move|p2a: Latios|Draco Meteor|p1a: Kyurem
|-supereffective|p1a: Kyurem
|-damage|p1a: Kyurem|0 fnt
|-unboost|p2a: Latios|spa|2
|faint|p1a: Kyurem
|
|-weather|Sandstorm|[upkeep]
|-damage|p2a: Latios|89/100|[from] Sandstorm
|upkeep
|
|t:|1735135444
|switch|p1a: Abomasnow|Abomasnow, F|100/100
|-weather|Hail|[from] ability: Snow Warning|[of] p1a: Abomasnow
|turn|49
|
|t:|1735135455
|switch|p2a: Tyranitar|Tyranitar, F|100/100
|-weather|Sandstorm|[from] ability: Sand Stream|[of] p2a: Tyranitar
|move|p1a: Abomasnow|Giga Drain|p2a: Tyranitar
|-supereffective|p2a: Tyranitar
|-damage|p2a: Tyranitar|52/100
|
|-weather|Sandstorm|[upkeep]
|-damage|p1a: Abomasnow|94/100|[from] Sandstorm
|upkeep
|turn|50
|
|t:|1735135462
|move|p2a: Tyranitar|Crunch|p1a: Abomasnow
|-damage|p1a: Abomasnow|34/100
|move|p1a: Abomasnow|Giga Drain|p2a: Tyranitar
|-supereffective|p2a: Tyranitar
|-damage|p2a: Tyranitar|6/100
|-heal|p1a: Abomasnow|58/100|[from] drain|[of] p2a: Tyranitar
|
|-weather|Sandstorm|[upkeep]
|-damage|p1a: Abomasnow|52/100|[from] Sandstorm
|upkeep
|turn|51
|
|t:|1735135476
|switch|p1a: Forretress|Forretress, M|100/100
|move|p2a: Tyranitar|Crunch|p1a: Forretress
|-resisted|p1a: Forretress
|-damage|p1a: Forretress|89/100
|
|-weather|Sandstorm|[upkeep]
|-heal|p1a: Forretress|95/100|[from] item: Leftovers
|upkeep
|turn|52
|
|t:|1735135481
|switch|p2a: Excadrill|Excadrill, F|100/100
|move|p1a: Forretress|Spikes|p2a: Excadrill
|-sidestart|p2: Aliando blyat|Spikes
|
|-weather|Sandstorm|[upkeep]
|-heal|p1a: Forretress|100/100|[from] item: Leftovers
|upkeep
|turn|53
|
|t:|1735135485
|move|p2a: Excadrill|Earthquake|p1a: Forretress
|-crit|p1a: Forretress
|-damage|p1a: Forretress|19/100
|move|p1a: Forretress|Earthquake|p2a: Excadrill
|-supereffective|p2a: Excadrill
|-damage|p2a: Excadrill|36/100
|
|-weather|Sandstorm|[upkeep]
|-heal|p1a: Forretress|25/100|[from] item: Leftovers
|upkeep
|turn|54
|
|t:|1735135494
|move|p2a: Excadrill|Earthquake|p1a: Forretress
|-damage|p1a: Forretress|0 fnt
|faint|p1a: Forretress
|
|-weather|Sandstorm|[upkeep]
|upkeep
|
|t:|1735135497
|switch|p1a: Abomasnow|Abomasnow, F|52/100
|-weather|Hail|[from] ability: Snow Warning|[of] p1a: Abomasnow
|turn|55
|
|t:|1735135504
|switch|p2a: Tyranitar|Tyranitar, F|6/100
|-damage|p2a: Tyranitar|0 fnt|[from] Spikes
|faint|p2a: Tyranitar
|move|p1a: Abomasnow|Giga Drain|p2: Tyranitar|[notarget]
|-fail|p1a: Abomasnow
|
|-weather|Hail|[upkeep]
|upkeep
|
|t:|1735135506
|switch|p2a: Alakazam|Alakazam, F|100/100
|turn|56
|
|t:|1735135510
|switch|p1a: Blissey|Blissey, F|100/100
|move|p2a: Alakazam|Psychic|p1a: Blissey
|-damage|p1a: Blissey|83/100
|
|-weather|Hail|[upkeep]
|-damage|p1a: Blissey|76/100|[from] Hail
|-heal|p1a: Blissey|83/100|[from] item: Leftovers
|upkeep
|turn|57
|
|t:|1735135519
|move|p2a: Alakazam|Focus Blast|p1a: Blissey
|-supereffective|p1a: Blissey
|-damage|p1a: Blissey|54/100
|move|p1a: Blissey|Soft-Boiled|p1a: Blissey
|-heal|p1a: Blissey|100/100
|
|-weather|Hail|[upkeep]
|-damage|p1a: Blissey|94/100|[from] Hail
|-heal|p1a: Blissey|100/100|[from] item: Leftovers
|upkeep
|turn|58
|
|t:|1735135523
|move|p2a: Alakazam|Psychic|p1a: Blissey
|-damage|p1a: Blissey|83/100
|move|p1a: Blissey|Seismic Toss|p2a: Alakazam
|-damage|p2a: Alakazam|61/100
|
|-weather|Hail|[upkeep]
|-damage|p1a: Blissey|77/100|[from] Hail
|-heal|p1a: Blissey|83/100|[from] item: Leftovers
|upkeep
|turn|59
|
|t:|1735135527
|move|p2a: Alakazam|Psychic|p1a: Blissey
|-damage|p1a: Blissey|68/100
|move|p1a: Blissey|Stealth Rock|p2a: Alakazam
|-sidestart|p2: Aliando blyat|move: Stealth Rock
|
|-weather|Hail|[upkeep]
|-damage|p1a: Blissey|62/100|[from] Hail
|-heal|p1a: Blissey|68/100|[from] item: Leftovers
|upkeep
|turn|60
|
|t:|1735135530
|move|p2a: Alakazam|Psychic|p1a: Blissey
|-damage|p1a: Blissey|50/100
|move|p1a: Blissey|Soft-Boiled|p1a: Blissey
|-heal|p1a: Blissey|99/100
|
|-weather|Hail|[upkeep]
|-damage|p1a: Blissey|94/100|[from] Hail
|-heal|p1a: Blissey|99/100|[from] item: Leftovers
|upkeep
|turn|61
|
|t:|1735135533
|move|p2a: Alakazam|Psychic|p1a: Blissey
|-crit|p1a: Blissey
|-damage|p1a: Blissey|70/100
|move|p1a: Blissey|Seismic Toss|p2a: Alakazam
|-damage|p2a: Alakazam|21/100
|
|-weather|Hail|[upkeep]
|-damage|p1a: Blissey|64/100|[from] Hail
|-heal|p1a: Blissey|70/100|[from] item: Leftovers
|upkeep
|turn|62
|
|t:|1735135535
|move|p2a: Alakazam|Psychic|p1a: Blissey
|-damage|p1a: Blissey|53/100
|move|p1a: Blissey|Soft-Boiled|p1a: Blissey
|-heal|p1a: Blissey|100/100
|
|-weather|Hail|[upkeep]
|-damage|p1a: Blissey|94/100|[from] Hail
|-heal|p1a: Blissey|100/100|[from] item: Leftovers
|upkeep
|turn|63
|
|t:|1735135538
|move|p2a: Alakazam|Psychic|p1a: Blissey
|-damage|p1a: Blissey|84/100
|move|p1a: Blissey|Seismic Toss|p2a: Alakazam
|-damage|p2a: Alakazam|0 fnt
|faint|p2a: Alakazam
|
|-weather|Hail|[upkeep]
|-damage|p1a: Blissey|77/100|[from] Hail
|-heal|p1a: Blissey|84/100|[from] item: Leftovers
|upkeep
|
|t:|1735135540
|switch|p2a: Latios|Latios, M|89/100
|-damage|p2a: Latios|76/100|[from] Stealth Rock
|turn|64
|-message|Aliando blyat forfeited.
|
|win|HANMA JACK
|raw|HANMA JACK's rating: 1592 &rarr; <strong>1599</strong><br />(+7 for winning)
|raw|Aliando blyat's rating: 1333 &rarr; <strong>1326</strong><br />(-7 for losing)
|l|☆Aliando blyat
|player|p2|
|c|☆HANMA JACK|gg
