|j|☆Spritzalcianuro96
|j|☆ChaosXI
|player|p1|Spritzalcianuro96|n|1419
|player|p2|ChaosXI|266|1315
|teamsize|p1|6
|teamsize|p2|6
|gametype|singles
|gen|5
|tier|[Gen 5] OU
|rated|
|rule|Sleep Clause Mod: Limit one foe put to sleep
|rule|Species Clause: Limit one of each Pokémon
|rule|OHKO Clause: OHKO moves are banned
|rule|Moody Clause: Moody is banned
|rule|Evasion Moves Clause: Evasion moves are banned
|rule|Endless Battle Clause: Forcing endless battles is banned
|rule|HP Percentage Mod: HP is shown in percentages
|rule|Evasion Abilities Clause: Evasion abilities are banned
|rule|Baton Pass Clause: Limit one Baton Passer, can't pass Spe and other stats simultaneously
|rule|Swagger Clause: Swagger is banned
|clearpoke
|poke|p1|Ninetales, M|item
|poke|p1|Terrakion|item
|poke|p1|Hydreigon, M|item
|poke|p1|Heatran, M|item
|poke|p1|Volcarona, M|item
|poke|p1|Starmie|item
|poke|p2|Ferrothorn, F|item
|poke|p2|Dusclops, F|item
|poke|p2|Cloyster, F|item
|poke|p2|Dragonite, F|item
|poke|p2|Espeon, F|item
|poke|p2|Zapdos|item
|teampreview
|inactive|Battle timer is ON: inactive players will automatically lose when time's up. (requested by Spritzalcianuro96)
|
|start
|switch|p1a: Terrakion|Terrakion|100/100
|switch|p2a: Cloyster|Cloyster, F|100/100
|turn|1
|
|switch|p2a: Espeon|Espeon, F|100/100
|move|p1a: Terrakion|Taunt|p2a: Espeon
|move|p2a: Espeon|Taunt|p1a: Terrakion|[from]Magic Bounce
|-start|p1a: Terrakion|move: Taunt
|
|upkeep
|turn|2
|
|switch|p1a: Hydreigon|Hydreigon, M|100/100
|move|p2a: Espeon|Substitute|p2a: Espeon
|-start|p2a: Espeon|Substitute
|-damage|p2a: Espeon|76/100
|
|-heal|p2a: Espeon|82/100|[from] item: Leftovers
|upkeep
|turn|3
|inactive|Spritzalcianuro96 has 120 seconds left.
|
|move|p2a: Espeon|Baton Pass|p2a: Espeon
|
|switch|p2a: Cloyster|Cloyster, F|100/100|[from]move: Baton Pass
|move|p1a: Hydreigon|Dark Pulse|p2a: Cloyster
|-end|p2a: Cloyster|Substitute
|
|upkeep
|turn|4
|
|move|p2a: Cloyster|Rock Blast|p1a: Hydreigon
|-damage|p1a: Hydreigon|92/100
|-damage|p1a: Hydreigon|84/100
|-damage|p1a: Hydreigon|76/100
|-damage|p1a: Hydreigon|67/100
|-damage|p1a: Hydreigon|59/100
|-hitcount|p1a: Hydreigon|5
|move|p1a: Hydreigon|Taunt|p2a: Cloyster
|-start|p2a: Cloyster|move: Taunt
|
|-heal|p1a: Hydreigon|65/100|[from] item: Leftovers
|upkeep
|turn|5
|
|switch|p2a: Zapdos|Zapdos|100/100
|-ability|p2a: Zapdos|Pressure
|move|p1a: Hydreigon|Roost|p1a: Hydreigon
|-heal|p1a: Hydreigon|100/100
|-singleturn|p1a: Hydreigon|move: Roost
|
|upkeep
|turn|6
|
|move|p1a: Hydreigon|Dark Pulse|p2a: Zapdos
|-damage|p2a: Zapdos|72/100
|move|p2a: Zapdos|U-turn|p1a: Hydreigon
|-supereffective|p1a: Hydreigon
|-damage|p1a: Hydreigon|69/100
|
|switch|p2a: Cloyster|Cloyster, F|100/100|[from]move: U-turn
|
|-heal|p1a: Hydreigon|75/100|[from] item: Leftovers
|upkeep
|turn|7
|
|switch|p1a: Heatran|Heatran, M|100/100
|move|p2a: Cloyster|Icicle Spear|p1a: Heatran
|-resisted|p1a: Heatran
|-damage|p1a: Heatran|98/100
|-resisted|p1a: Heatran
|-damage|p1a: Heatran|95/100
|-resisted|p1a: Heatran
|-damage|p1a: Heatran|92/100
|-resisted|p1a: Heatran
|-damage|p1a: Heatran|90/100
|-resisted|p1a: Heatran
|-damage|p1a: Heatran|87/100
|-hitcount|p1a: Heatran|5
|
|upkeep
|turn|8
|
|switch|p2a: Espeon|Espeon, F|82/100
|move|p1a: Heatran|Overheat|p2a: Espeon
|-damage|p2a: Espeon|0 fnt
|-unboost|p1a: Heatran|spa|2
|faint|p2a: Espeon
|
|upkeep
|
|switch|p2a: Dragonite|Dragonite, F|100/100
|turn|9
|
|move|p1a: Heatran|Overheat|p2a: Dragonite
|-resisted|p2a: Dragonite
|-damage|p2a: Dragonite|91/100
|-unboost|p1a: Heatran|spa|2
|move|p2a: Dragonite|Dragon Dance|p2a: Dragonite
|-boost|p2a: Dragonite|atk|1
|-boost|p2a: Dragonite|spe|1
|
|upkeep
|turn|10
|inactive|Spritzalcianuro96 has 120 seconds left.
|
|switch|p1a: Ninetales|Ninetales, M|100/100
|-weather|SunnyDay|[from] ability: Drought|[of] p1a: Ninetales
|move|p2a: Dragonite|Dragon Dance|p2a: Dragonite
|-boost|p2a: Dragonite|atk|1
|-boost|p2a: Dragonite|spe|1
|
|-weather|SunnyDay|[upkeep]
|upkeep
|turn|11
|inactive|Spritzalcianuro96 has 120 seconds left.
|
|move|p2a: Dragonite|Earthquake|p1a: Ninetales
|-supereffective|p1a: Ninetales
|-damage|p1a: Ninetales|0 fnt
|faint|p1a: Ninetales
|
|-weather|SunnyDay|[upkeep]
|upkeep
|
|switch|p1a: Terrakion|Terrakion|100/100
|turn|12
|inactive|Spritzalcianuro96 has 120 seconds left.
|
|move|p2a: Dragonite|Earthquake|p1a: Terrakion
|-supereffective|p1a: Terrakion
|-enditem|p1a: Terrakion|Focus Sash
|-damage|p1a: Terrakion|1/100
|move|p1a: Terrakion|Stone Edge|p2a: Dragonite
|-supereffective|p2a: Dragonite
|-damage|p2a: Dragonite|0 fnt
|faint|p2a: Dragonite
|
|-weather|SunnyDay|[upkeep]
|upkeep
|
|switch|p2a: Cloyster|Cloyster, F|100/100
|turn|13
|
|move|p2a: Cloyster|Rock Blast|p1a: Terrakion
|-resisted|p1a: Terrakion
|-damage|p1a: Terrakion|0 fnt
|-hitcount|p1a: Terrakion|1
|faint|p1a: Terrakion
|
|-weather|SunnyDay|[upkeep]
|upkeep
|
|switch|p1a: Heatran|Heatran, M|87/100
|turn|14
|
|move|p1a: Heatran|Overheat|p2a: Cloyster
|-damage|p2a: Cloyster|0 fnt
|-unboost|p1a: Heatran|spa|2
|faint|p2a: Cloyster
|
|-weather|SunnyDay|[upkeep]
|upkeep
|
|switch|p2a: Zapdos|Zapdos|72/100
|-ability|p2a: Zapdos|Pressure
|turn|15
|c|☆ChaosXI|gg
|-message|ChaosXI forfeited.
|
|win|Spritzalcianuro96
|l|☆ChaosXI
|raw|Spritzalcianuro96's rating: 1419 &rarr; <strong>1433</strong><br />(+14 for winning)
|raw|ChaosXI's rating: 1316 &rarr; <strong>1302</strong><br />(-14 for losing)
