|j|☆good untier
|j|☆Teamsalee
|player|p1|good untier|ethan|1553
|player|p2|Teamsalee|steven|1350
|teamsize|p1|6
|teamsize|p2|6
|gametype|singles
|gen|5
|tier|[Gen 5] OU
|rated|
|clearpoke
|poke|p1|Hippowdon, M|item
|poke|p1|Alakazam, M|item
|poke|p1|Starmie|item
|poke|p1|Ferrothorn, M|item
|poke|p1|Togekiss, M|item
|poke|p1|Jirachi|item
|poke|p2|Tyranitar, F|item
|poke|p2|Slowking, M|item
|poke|p2|Excadrill, F|item
|poke|p2|Salamence, M|item
|poke|p2|Landorus-Therian, M|item
|poke|p2|Terrakion|item
|rule|Species Clause: Limit one of each Pokémon
|rule|OHKO Clause: OHKO moves are banned
|rule|Moody Clause: Moody is banned
|rule|Evasion Moves Clause: Evasion moves are banned
|rule|Endless Battle Clause: Forcing endless battles is banned
|rule|HP Percentage Mod: HP is shown in percentages
|rule|Evasion Abilities Clause: Evasion abilities are banned
|rule|Baton Pass Clause: Limit one Baton Passer, can't pass Spe and other stats simultaneously
|rule|Sleep Clause: Sleep-inducing moves are banned
|rule|Swagger Clause: Swagger is banned
|teampreview
|
|start
|switch|p1a: Hippowdon|Hippowdon, M|100/100
|switch|p2a: Salamence|Salamence, M|100/100
|-ability|p2a: Salamence|Intimidate|boost
|-unboost|p1a: Hippowdon|atk|1
|-weather|Sandstorm|[from] ability: Sand Stream|[of] p1a: Hippowdon
|turn|1
|
|switch|p1a: :p owo x)|Jirachi|100/100
|move|p2a: Salamence|Hydro Pump|p1a: :p owo x)
|-damage|p1a: :p owo x)|62/100
|
|-weather|Sandstorm|[upkeep]
|-damage|p2a: Salamence|94/100|[from] Sandstorm
|-heal|p1a: :p owo x)|68/100|[from] item: Leftovers
|upkeep
|turn|2
|j| yuzmv
|l| yuzmv
|
|switch|p2a: Excadrill|Excadrill, F|100/100
|move|p1a: :p owo x)|Body Slam|p2a: Excadrill
|-resisted|p2a: Excadrill
|-damage|p2a: Excadrill|87/100
|
|-weather|Sandstorm|[upkeep]
|-heal|p1a: :p owo x)|74/100|[from] item: Leftovers
|upkeep
|turn|3
|
|move|p1a: :p owo x)|Protect|p1a: :p owo x)
|-singleturn|p1a: :p owo x)|Protect
|move|p2a: Excadrill|Earthquake|p1a: :p owo x)
|-activate|p1a: :p owo x)|move: Protect
|
|-weather|Sandstorm|[upkeep]
|-heal|p1a: :p owo x)|80/100|[from] item: Leftovers
|upkeep
|turn|4
|
|switch|p2a: Terrakion|Terrakion|100/100
|switch|p1a: Togekiss|Togekiss, M|100/100
|
|-weather|Sandstorm|[upkeep]
|-damage|p1a: Togekiss|94/100|[from] Sandstorm
|-heal|p1a: Togekiss|100/100|[from] item: Leftovers
|upkeep
|turn|5
|
|switch|p1a: Hippowdon|Hippowdon, M|100/100
|move|p2a: Terrakion|Stone Edge|p1a: Hippowdon|[miss]
|-miss|p2a: Terrakion|p1a: Hippowdon
|
|-weather|Sandstorm|[upkeep]
|upkeep
|turn|6
|
|switch|p2a: Slowking|Slowking, M|100/100
|move|p1a: Hippowdon|Stealth Rock|p2a: Slowking
|-sidestart|p2: Teamsalee|move: Stealth Rock
|
|-weather|Sandstorm|[upkeep]
|-damage|p2a: Slowking|94/100|[from] Sandstorm
|-heal|p2a: Slowking|100/100|[from] item: Leftovers
|upkeep
|turn|7
|
|switch|p1a: Starmie|Starmie|100/100
|move|p2a: Slowking|Scald|p1a: Starmie
|-resisted|p1a: Starmie
|-damage|p1a: Starmie|85/100
|
|-weather|Sandstorm|[upkeep]
|-damage|p1a: Starmie|79/100|[from] Sandstorm
|-damage|p2a: Slowking|94/100|[from] Sandstorm
|-heal|p1a: Starmie|85/100|[from] item: Leftovers
|-heal|p2a: Slowking|100/100|[from] item: Leftovers
|upkeep
|turn|8
|
|move|p1a: Starmie|Scald|p2a: Slowking
|-resisted|p2a: Slowking
|-damage|p2a: Slowking|90/100
|-status|p2a: Slowking|brn
|move|p2a: Slowking|Scald|p1a: Starmie
|-resisted|p1a: Starmie
|-damage|p1a: Starmie|69/100
|
|-weather|Sandstorm|[upkeep]
|-damage|p1a: Starmie|63/100|[from] Sandstorm
|-damage|p2a: Slowking|84/100 brn|[from] Sandstorm
|-heal|p1a: Starmie|69/100|[from] item: Leftovers
|-heal|p2a: Slowking|90/100 brn|[from] item: Leftovers
|-damage|p2a: Slowking|77/100 brn|[from] brn
|upkeep
|turn|9
|
|move|p1a: Starmie|Recover|p1a: Starmie
|-heal|p1a: Starmie|100/100
|move|p2a: Slowking|Scald|p1a: Starmie
|-resisted|p1a: Starmie
|-damage|p1a: Starmie|85/100
|
|-weather|Sandstorm|[upkeep]
|-damage|p1a: Starmie|79/100|[from] Sandstorm
|-damage|p2a: Slowking|71/100 brn|[from] Sandstorm
|-heal|p1a: Starmie|85/100|[from] item: Leftovers
|-heal|p2a: Slowking|77/100 brn|[from] item: Leftovers
|-damage|p2a: Slowking|65/100 brn|[from] brn
|upkeep
|turn|10
|
|move|p1a: Starmie|Scald|p2a: Slowking
|-resisted|p2a: Slowking
|-damage|p2a: Slowking|53/100 brn
|move|p2a: Slowking|Slack Off|p2a: Slowking
|-heal|p2a: Slowking|100/100 brn
|
|-weather|Sandstorm|[upkeep]
|-damage|p1a: Starmie|79/100|[from] Sandstorm
|-damage|p2a: Slowking|94/100 brn|[from] Sandstorm
|-heal|p1a: Starmie|85/100|[from] item: Leftovers
|-heal|p2a: Slowking|100/100 brn|[from] item: Leftovers
|-damage|p2a: Slowking|88/100 brn|[from] brn
|upkeep
|turn|11
|
|move|p1a: Starmie|Scald|p2a: Slowking
|-resisted|p2a: Slowking
|-damage|p2a: Slowking|76/100 brn
|move|p2a: Slowking|Scald|p1a: Starmie
|-resisted|p1a: Starmie
|-damage|p1a: Starmie|69/100
|
|-weather|Sandstorm|[upkeep]
|-damage|p1a: Starmie|63/100|[from] Sandstorm
|-damage|p2a: Slowking|70/100 brn|[from] Sandstorm
|-heal|p1a: Starmie|69/100|[from] item: Leftovers
|-heal|p2a: Slowking|76/100 brn|[from] item: Leftovers
|-damage|p2a: Slowking|64/100 brn|[from] brn
|upkeep
|turn|12
|
|move|p1a: Starmie|Recover|p1a: Starmie
|-heal|p1a: Starmie|100/100
|move|p2a: Slowking|Scald|p1a: Starmie
|-resisted|p1a: Starmie
|-damage|p1a: Starmie|83/100
|
|-weather|Sandstorm|[upkeep]
|-damage|p1a: Starmie|76/100|[from] Sandstorm
|-damage|p2a: Slowking|58/100 brn|[from] Sandstorm
|-heal|p1a: Starmie|83/100|[from] item: Leftovers
|-heal|p2a: Slowking|64/100 brn|[from] item: Leftovers
|-damage|p2a: Slowking|51/100 brn|[from] brn
|upkeep
|turn|13
|
|move|p1a: Starmie|Scald|p2a: Slowking
|-resisted|p2a: Slowking
|-damage|p2a: Slowking|41/100 brn
|move|p2a: Slowking|Slack Off|p2a: Slowking
|-heal|p2a: Slowking|91/100 brn
|
|-weather|Sandstorm|[upkeep]
|-damage|p1a: Starmie|76/100|[from] Sandstorm
|-damage|p2a: Slowking|85/100 brn|[from] Sandstorm
|-heal|p1a: Starmie|83/100|[from] item: Leftovers
|-heal|p2a: Slowking|91/100 brn|[from] item: Leftovers
|-damage|p2a: Slowking|78/100 brn|[from] brn
|upkeep
|turn|14
|
|move|p1a: Starmie|Scald|p2a: Slowking
|-resisted|p2a: Slowking
|-damage|p2a: Slowking|68/100 brn
|move|p2a: Slowking|Scald|p1a: Starmie
|-resisted|p1a: Starmie
|-damage|p1a: Starmie|65/100
|
|-weather|Sandstorm|[upkeep]
|-damage|p1a: Starmie|59/100|[from] Sandstorm
|-damage|p2a: Slowking|62/100 brn|[from] Sandstorm
|-heal|p1a: Starmie|65/100|[from] item: Leftovers
|-heal|p2a: Slowking|68/100 brn|[from] item: Leftovers
|-damage|p2a: Slowking|55/100 brn|[from] brn
|upkeep
|turn|15
|
|move|p1a: Starmie|Recover|p1a: Starmie
|-heal|p1a: Starmie|100/100
|move|p2a: Slowking|Slack Off|p2a: Slowking
|-heal|p2a: Slowking|100/100 brn
|
|-weather|Sandstorm|[upkeep]
|-damage|p1a: Starmie|94/100|[from] Sandstorm
|-damage|p2a: Slowking|94/100 brn|[from] Sandstorm
|-heal|p1a: Starmie|100/100|[from] item: Leftovers
|-heal|p2a: Slowking|100/100 brn|[from] item: Leftovers
|-damage|p2a: Slowking|88/100 brn|[from] brn
|upkeep
|turn|16
|
|move|p1a: Starmie|Scald|p2a: Slowking
|-resisted|p2a: Slowking
|-damage|p2a: Slowking|77/100 brn
|move|p2a: Slowking|Scald|p1a: Starmie
|-resisted|p1a: Starmie
|-damage|p1a: Starmie|84/100
|
|-weather|Sandstorm|[upkeep]
|-damage|p1a: Starmie|78/100|[from] Sandstorm
|-damage|p2a: Slowking|71/100 brn|[from] Sandstorm
|-heal|p1a: Starmie|84/100|[from] item: Leftovers
|-heal|p2a: Slowking|77/100 brn|[from] item: Leftovers
|-damage|p2a: Slowking|64/100 brn|[from] brn
|upkeep
|turn|17
|
|move|p1a: Starmie|Scald|p2a: Slowking
|-resisted|p2a: Slowking
|-damage|p2a: Slowking|53/100 brn
|move|p2a: Slowking|Scald|p1a: Starmie
|-resisted|p1a: Starmie
|-damage|p1a: Starmie|68/100
|-status|p1a: Starmie|brn
|
|-weather|Sandstorm|[upkeep]
|-damage|p1a: Starmie|62/100 brn|[from] Sandstorm
|-damage|p2a: Slowking|47/100 brn|[from] Sandstorm
|-heal|p1a: Starmie|68/100 brn|[from] item: Leftovers
|-heal|p2a: Slowking|53/100 brn|[from] item: Leftovers
|-damage|p1a: Starmie|56/100 brn|[from] brn
|-damage|p2a: Slowking|41/100 brn|[from] brn
|upkeep
|turn|18
|
|switch|p1a: Togekiss|Togekiss, M|100/100
|move|p2a: Slowking|Slack Off|p2a: Slowking
|-heal|p2a: Slowking|91/100 brn
|
|-weather|Sandstorm|[upkeep]
|-damage|p1a: Togekiss|94/100|[from] Sandstorm
|-damage|p2a: Slowking|85/100 brn|[from] Sandstorm
|-heal|p1a: Togekiss|100/100|[from] item: Leftovers
|-heal|p2a: Slowking|91/100 brn|[from] item: Leftovers
|-damage|p2a: Slowking|78/100 brn|[from] brn
|upkeep
|turn|19
|
|switch|p2a: Tyranitar|Tyranitar, F|100/100
|-damage|p2a: Tyranitar|88/100|[from] Stealth Rock
|move|p1a: Togekiss|Air Slash|p2a: Tyranitar
|-resisted|p2a: Tyranitar
|-damage|p2a: Tyranitar|80/100
|
|-weather|Sandstorm|[upkeep]
|-damage|p1a: Togekiss|94/100|[from] Sandstorm
|-heal|p1a: Togekiss|100/100|[from] item: Leftovers
|upkeep
|turn|20
|
|-activate|p1a: Togekiss|move: Pursuit
|move|p2a: Tyranitar|Pursuit|p1a: Togekiss|[from]Pursuit
|-crit|p1a: Togekiss
|-damage|p1a: Togekiss|24/100
|switch|p1a: Hippowdon|Hippowdon, M|100/100
|
|-weather|Sandstorm|[upkeep]
|upkeep
|turn|21
|
|move|p2a: Tyranitar|Stealth Rock|p1a: Hippowdon
|-sidestart|p1: good untier|move: Stealth Rock
|move|p1a: Hippowdon|Earthquake|p2a: Tyranitar
|-supereffective|p2a: Tyranitar
|-damage|p2a: Tyranitar|25/100
|
|-weather|Sandstorm|[upkeep]
|upkeep
|turn|22
|
|switch|p2a: Slowking|Slowking, M|100/100 brn
|-damage|p2a: Slowking|88/100 brn|[from] Stealth Rock
|move|p1a: Hippowdon|Earthquake|p2a: Slowking
|-damage|p2a: Slowking|61/100 brn
|
|-weather|Sandstorm|[upkeep]
|-damage|p2a: Slowking|55/100 brn|[from] Sandstorm
|-heal|p2a: Slowking|61/100 brn|[from] item: Leftovers
|-damage|p2a: Slowking|49/100 brn|[from] brn
|upkeep
|turn|23
|
|switch|p1a: Starmie|Starmie|56/100
|-damage|p1a: Starmie|43/100|[from] Stealth Rock
|move|p2a: Slowking|Scald|p1a: Starmie
|-resisted|p1a: Starmie
|-damage|p1a: Starmie|28/100
|
|-weather|Sandstorm|[upkeep]
|-damage|p1a: Starmie|22/100|[from] Sandstorm
|-damage|p2a: Slowking|42/100 brn|[from] Sandstorm
|-heal|p1a: Starmie|28/100|[from] item: Leftovers
|-heal|p2a: Slowking|49/100 brn|[from] item: Leftovers
|-damage|p2a: Slowking|36/100 brn|[from] brn
|upkeep
|turn|24
|
|move|p1a: Starmie|Recover|p1a: Starmie
|-heal|p1a: Starmie|78/100
|move|p2a: Slowking|Slack Off|p2a: Slowking
|-heal|p2a: Slowking|86/100 brn
|
|-weather|Sandstorm|[upkeep]
|-damage|p1a: Starmie|72/100|[from] Sandstorm
|-damage|p2a: Slowking|80/100 brn|[from] Sandstorm
|-heal|p1a: Starmie|78/100|[from] item: Leftovers
|-heal|p2a: Slowking|86/100 brn|[from] item: Leftovers
|-damage|p2a: Slowking|74/100 brn|[from] brn
|upkeep
|turn|25
|
|move|p1a: Starmie|Rapid Spin|p2a: Slowking
|-damage|p2a: Slowking|71/100 brn
|-sideend|p1: good untier|Stealth Rock|[from] move: Rapid Spin|[of] p1a: Starmie
|move|p2a: Slowking|Nasty Plot|p2a: Slowking
|-boost|p2a: Slowking|spa|2
|
|-weather|Sandstorm|[upkeep]
|-damage|p1a: Starmie|72/100|[from] Sandstorm
|-damage|p2a: Slowking|65/100 brn|[from] Sandstorm
|-heal|p1a: Starmie|78/100|[from] item: Leftovers
|-heal|p2a: Slowking|71/100 brn|[from] item: Leftovers
|-damage|p2a: Slowking|59/100 brn|[from] brn
|upkeep
|turn|26
|
|switch|p1a: :p owo x)|Jirachi|80/100
|move|p2a: Slowking|Slack Off|p2a: Slowking
|-heal|p2a: Slowking|100/100 brn
|
|-weather|Sandstorm|[upkeep]
|-damage|p2a: Slowking|94/100 brn|[from] Sandstorm
|-heal|p1a: :p owo x)|86/100|[from] item: Leftovers
|-heal|p2a: Slowking|100/100 brn|[from] item: Leftovers
|-damage|p2a: Slowking|88/100 brn|[from] brn
|upkeep
|turn|27
|
|move|p1a: :p owo x)|Protect|p1a: :p owo x)
|-singleturn|p1a: :p owo x)|Protect
|move|p2a: Slowking|Scald|p1a: :p owo x)
|-activate|p1a: :p owo x)|move: Protect
|
|-weather|Sandstorm|[upkeep]
|-damage|p2a: Slowking|82/100 brn|[from] Sandstorm
|-heal|p1a: :p owo x)|93/100|[from] item: Leftovers
|-heal|p2a: Slowking|88/100 brn|[from] item: Leftovers
|-damage|p2a: Slowking|76/100 brn|[from] brn
|upkeep
|turn|28
|
|move|p1a: :p owo x)|Iron Head|p2a: Slowking
|-resisted|p2a: Slowking
|-damage|p2a: Slowking|66/100 brn
|cant|p2a: Slowking|flinch
|
|-weather|Sandstorm|[upkeep]
|-damage|p2a: Slowking|60/100 brn|[from] Sandstorm
|-heal|p1a: :p owo x)|99/100|[from] item: Leftovers
|-heal|p2a: Slowking|66/100 brn|[from] item: Leftovers
|-damage|p2a: Slowking|53/100 brn|[from] brn
|upkeep
|turn|29
|
|move|p1a: :p owo x)|Iron Head|p2a: Slowking
|-resisted|p2a: Slowking
|-damage|p2a: Slowking|43/100 brn
|move|p2a: Slowking|Slack Off|p2a: Slowking
|-heal|p2a: Slowking|93/100 brn
|
|-weather|Sandstorm|[upkeep]
|-damage|p2a: Slowking|87/100 brn|[from] Sandstorm
|-heal|p1a: :p owo x)|100/100|[from] item: Leftovers
|-heal|p2a: Slowking|93/100 brn|[from] item: Leftovers
|-damage|p2a: Slowking|81/100 brn|[from] brn
|upkeep
|turn|30
|j| yuzmv
|l| yuzmv
|
|move|p1a: :p owo x)|Iron Head|p2a: Slowking
|-resisted|p2a: Slowking
|-damage|p2a: Slowking|71/100 brn
|move|p2a: Slowking|Scald|p1a: :p owo x)
|-damage|p1a: :p owo x)|65/100
|
|-weather|Sandstorm|[upkeep]
|-damage|p2a: Slowking|65/100 brn|[from] Sandstorm
|-heal|p1a: :p owo x)|71/100|[from] item: Leftovers
|-heal|p2a: Slowking|71/100 brn|[from] item: Leftovers
|-damage|p2a: Slowking|58/100 brn|[from] brn
|upkeep
|turn|31
|
|move|p1a: :p owo x)|Iron Head|p2a: Slowking
|-resisted|p2a: Slowking
|-crit|p2a: Slowking
|-damage|p2a: Slowking|38/100 brn
|cant|p2a: Slowking|flinch
|
|-weather|Sandstorm|[upkeep]
|-damage|p2a: Slowking|32/100 brn|[from] Sandstorm
|-heal|p1a: :p owo x)|77/100|[from] item: Leftovers
|-heal|p2a: Slowking|38/100 brn|[from] item: Leftovers
|-damage|p2a: Slowking|26/100 brn|[from] brn
|upkeep
|turn|32
|
|move|p1a: :p owo x)|Iron Head|p2a: Slowking
|-resisted|p2a: Slowking
|-damage|p2a: Slowking|16/100 brn
|move|p2a: Slowking|Slack Off|p2a: Slowking
|-heal|p2a: Slowking|66/100 brn
|
|-weather|Sandstorm|[upkeep]
|-damage|p2a: Slowking|60/100 brn|[from] Sandstorm
|-heal|p1a: :p owo x)|83/100|[from] item: Leftovers
|-heal|p2a: Slowking|66/100 brn|[from] item: Leftovers
|-damage|p2a: Slowking|53/100 brn|[from] brn
|upkeep
|turn|33
|
|move|p1a: :p owo x)|Iron Head|p2a: Slowking
|-resisted|p2a: Slowking
|-damage|p2a: Slowking|43/100 brn
|move|p2a: Slowking|Slack Off|p2a: Slowking
|-heal|p2a: Slowking|93/100 brn
|
|-weather|Sandstorm|[upkeep]
|-damage|p2a: Slowking|87/100 brn|[from] Sandstorm
|-heal|p1a: :p owo x)|90/100|[from] item: Leftovers
|-heal|p2a: Slowking|93/100 brn|[from] item: Leftovers
|-damage|p2a: Slowking|81/100 brn|[from] brn
|upkeep
|turn|34
|
|move|p1a: :p owo x)|Iron Head|p2a: Slowking
|-resisted|p2a: Slowking
|-damage|p2a: Slowking|71/100 brn
|cant|p2a: Slowking|flinch
|
|-weather|Sandstorm|[upkeep]
|-damage|p2a: Slowking|65/100 brn|[from] Sandstorm
|-heal|p1a: :p owo x)|96/100|[from] item: Leftovers
|-heal|p2a: Slowking|71/100 brn|[from] item: Leftovers
|-damage|p2a: Slowking|59/100 brn|[from] brn
|upkeep
|turn|35
|
|move|p1a: :p owo x)|Iron Head|p2a: Slowking
|-resisted|p2a: Slowking
|-damage|p2a: Slowking|49/100 brn
|move|p2a: Slowking|Scald|p1a: :p owo x)
|-damage|p1a: :p owo x)|64/100
|-status|p1a: :p owo x)|brn
|
|-weather|Sandstorm|[upkeep]
|-damage|p2a: Slowking|43/100 brn|[from] Sandstorm
|-heal|p1a: :p owo x)|70/100 brn|[from] item: Leftovers
|-heal|p2a: Slowking|49/100 brn|[from] item: Leftovers
|-damage|p1a: :p owo x)|57/100 brn|[from] brn
|-damage|p2a: Slowking|36/100 brn|[from] brn
|upkeep
|turn|36
|
|switch|p1a: Ferrothorn|Ferrothorn, M|100/100
|move|p2a: Slowking|Slack Off|p2a: Slowking
|-heal|p2a: Slowking|87/100 brn
|
|-weather|Sandstorm|[upkeep]
|-damage|p2a: Slowking|80/100 brn|[from] Sandstorm
|-heal|p2a: Slowking|87/100 brn|[from] item: Leftovers
|-damage|p2a: Slowking|74/100 brn|[from] brn
|upkeep
|turn|37
|
|switch|p2a: Salamence|Salamence, M|94/100
|-damage|p2a: Salamence|70/100|[from] Stealth Rock
|-ability|p2a: Salamence|Intimidate|boost
|-unboost|p1a: Ferrothorn|atk|1
|move|p1a: Ferrothorn|Knock Off|p2a: Salamence
|-damage|p2a: Salamence|66/100
|-enditem|p2a: Salamence|Choice Specs|[from] move: Knock Off|[of] p1a: Ferrothorn
|
|-weather|Sandstorm|[upkeep]
|-damage|p2a: Salamence|60/100|[from] Sandstorm
|upkeep
|turn|38
|
|switch|p1a: Starmie|Starmie|78/100
|move|p2a: Salamence|Fire Blast|p1a: Starmie
|-resisted|p1a: Starmie
|-damage|p1a: Starmie|52/100
|
|-weather|Sandstorm|[upkeep]
|-damage|p1a: Starmie|46/100|[from] Sandstorm
|-damage|p2a: Salamence|54/100|[from] Sandstorm
|-heal|p1a: Starmie|52/100|[from] item: Leftovers
|upkeep
|turn|39
|
|switch|p2a: Slowking|Slowking, M|100/100 brn
|-damage|p2a: Slowking|88/100 brn|[from] Stealth Rock
|move|p1a: Starmie|Recover|p1a: Starmie
|-heal|p1a: Starmie|100/100
|
|-weather|Sandstorm|[upkeep]
|-damage|p1a: Starmie|94/100|[from] Sandstorm
|-damage|p2a: Slowking|82/100 brn|[from] Sandstorm
|-heal|p1a: Starmie|100/100|[from] item: Leftovers
|-heal|p2a: Slowking|88/100 brn|[from] item: Leftovers
|-damage|p2a: Slowking|76/100 brn|[from] brn
|upkeep
|turn|40
|
|switch|p1a: Ferrothorn|Ferrothorn, M|100/100
|move|p2a: Slowking|Scald|p1a: Ferrothorn
|-resisted|p1a: Ferrothorn
|-damage|p1a: Ferrothorn|91/100
|
|-weather|Sandstorm|[upkeep]
|-damage|p2a: Slowking|69/100 brn|[from] Sandstorm
|-heal|p2a: Slowking|76/100 brn|[from] item: Leftovers
|-heal|p1a: Ferrothorn|97/100|[from] item: Leftovers
|-damage|p2a: Slowking|63/100 brn|[from] brn
|upkeep
|turn|41
|
|switch|p2a: Salamence|Salamence, M|54/100
|-damage|p2a: Salamence|29/100|[from] Stealth Rock
|-ability|p2a: Salamence|Intimidate|boost
|-unboost|p1a: Ferrothorn|atk|1
|move|p1a: Ferrothorn|Spikes|p2a: Salamence
|-sidestart|p2: Teamsalee|Spikes
|
|-weather|Sandstorm|[upkeep]
|-damage|p2a: Salamence|23/100|[from] Sandstorm
|-heal|p1a: Ferrothorn|100/100|[from] item: Leftovers
|upkeep
|turn|42
|
|switch|p1a: Starmie|Starmie|100/100
|move|p2a: Salamence|Draco Meteor|p1a: Starmie
|-damage|p1a: Starmie|18/100
|-unboost|p2a: Salamence|spa|2
|
|-weather|Sandstorm|[upkeep]
|-damage|p1a: Starmie|12/100|[from] Sandstorm
|-damage|p2a: Salamence|17/100|[from] Sandstorm
|-heal|p1a: Starmie|18/100|[from] item: Leftovers
|upkeep
|turn|43
|
|move|p1a: Starmie|Recover|p1a: Starmie
|-heal|p1a: Starmie|68/100
|move|p2a: Salamence|Draco Meteor|p1a: Starmie
|-damage|p1a: Starmie|22/100
|-unboost|p2a: Salamence|spa|2
|
|-weather|Sandstorm|[upkeep]
|-damage|p1a: Starmie|16/100|[from] Sandstorm
|-damage|p2a: Salamence|11/100|[from] Sandstorm
|-heal|p1a: Starmie|22/100|[from] item: Leftovers
|upkeep
|turn|44
|
|move|p1a: Starmie|Recover|p1a: Starmie
|-heal|p1a: Starmie|72/100
|move|p2a: Salamence|Draco Meteor|p1a: Starmie
|-damage|p1a: Starmie|45/100
|-unboost|p2a: Salamence|spa|2
|
|-weather|Sandstorm|[upkeep]
|-damage|p1a: Starmie|39/100|[from] Sandstorm
|-damage|p2a: Salamence|5/100|[from] Sandstorm
|-heal|p1a: Starmie|45/100|[from] item: Leftovers
|upkeep
|turn|45
|
|move|p1a: Starmie|Recover|p1a: Starmie
|-heal|p1a: Starmie|96/100
|move|p2a: Salamence|Draco Meteor|p1a: Starmie
|-damage|p1a: Starmie|75/100
|
|-weather|Sandstorm|[upkeep]
|-damage|p1a: Starmie|69/100|[from] Sandstorm
|-damage|p2a: Salamence|0 fnt|[from] Sandstorm
|faint|p2a: Salamence
|-heal|p1a: Starmie|75/100|[from] item: Leftovers
|upkeep
|
|switch|p2a: Terrakion|Terrakion|100/100
|-damage|p2a: Terrakion|88/100|[from] Spikes
|-damage|p2a: Terrakion|82/100|[from] Stealth Rock
|turn|46
|
|switch|p1a: Hippowdon|Hippowdon, M|100/100
|move|p2a: Terrakion|X-Scissor|p1a: Hippowdon
|-damage|p1a: Hippowdon|80/100
|
|-weather|Sandstorm|[upkeep]
|-heal|p1a: Hippowdon|86/100|[from] item: Leftovers
|upkeep
|turn|47
|
|switch|p2a: Landorus|Landorus-Therian, M|100/100
|-damage|p2a: Landorus|88/100|[from] Stealth Rock
|-ability|p2a: Landorus|Intimidate|boost
|-unboost|p1a: Hippowdon|atk|1
|move|p1a: Hippowdon|Earthquake|p2a: Landorus
|-immune|p2a: Landorus
|
|-weather|Sandstorm|[upkeep]
|-heal|p2a: Landorus|94/100|[from] item: Leftovers
|-heal|p1a: Hippowdon|92/100|[from] item: Leftovers
|upkeep
|turn|48
|j|‽tax payer delphine
|
|move|p2a: Landorus|Earthquake|p1a: Hippowdon
|-crit|p1a: Hippowdon
|-damage|p1a: Hippowdon|34/100
|move|p1a: Hippowdon|Whirlwind|p2a: Landorus
|drag|p2a: Tyranitar|Tyranitar, F|25/100
|-damage|p2a: Tyranitar|13/100|[from] Stealth Rock
|-damage|p2a: Tyranitar|1/100|[from] Spikes
|
|-weather|Sandstorm|[upkeep]
|-heal|p1a: Hippowdon|40/100|[from] item: Leftovers
|upkeep
|turn|49
|
|move|p2a: Tyranitar|Stealth Rock|p1a: Hippowdon
|-sidestart|p1: good untier|move: Stealth Rock
|move|p1a: Hippowdon|Slack Off|p1a: Hippowdon
|-heal|p1a: Hippowdon|90/100
|
|-weather|Sandstorm|[upkeep]
|-heal|p1a: Hippowdon|96/100|[from] item: Leftovers
|upkeep
|turn|50
|
|move|p2a: Tyranitar|Crunch|p1a: Hippowdon
|-damage|p1a: Hippowdon|72/100
|move|p1a: Hippowdon|Whirlwind|p2a: Tyranitar
|drag|p2a: Excadrill|Excadrill, F|87/100
|-damage|p2a: Excadrill|84/100|[from] Stealth Rock
|-damage|p2a: Excadrill|72/100|[from] Spikes
|
|-weather|Sandstorm|[upkeep]
|-heal|p1a: Hippowdon|79/100|[from] item: Leftovers
|upkeep
|turn|51
|
|switch|p2a: Landorus|Landorus-Therian, M|94/100
|-damage|p2a: Landorus|82/100|[from] Stealth Rock
|-ability|p2a: Landorus|Intimidate|boost
|-unboost|p1a: Hippowdon|atk|1
|move|p1a: Hippowdon|Earthquake|p2a: Landorus
|-immune|p2a: Landorus
|
|-weather|Sandstorm|[upkeep]
|-heal|p2a: Landorus|88/100|[from] item: Leftovers
|-heal|p1a: Hippowdon|85/100|[from] item: Leftovers
|upkeep
|turn|52
|
|move|p2a: Landorus|Hidden Power|p1a: Hippowdon
|-supereffective|p1a: Hippowdon
|-damage|p1a: Hippowdon|48/100
|move|p1a: Hippowdon|Whirlwind|p2a: Landorus
|drag|p2a: Terrakion|Terrakion|82/100
|-damage|p2a: Terrakion|76/100|[from] Stealth Rock
|-damage|p2a: Terrakion|63/100|[from] Spikes
|
|-weather|Sandstorm|[upkeep]
|-heal|p1a: Hippowdon|54/100|[from] item: Leftovers
|upkeep
|turn|53
|
|move|p2a: Terrakion|Close Combat|p1a: Hippowdon
|-crit|p1a: Hippowdon
|-damage|p1a: Hippowdon|0 fnt
|-unboost|p2a: Terrakion|def|1
|-unboost|p2a: Terrakion|spd|1
|faint|p1a: Hippowdon
|
|-weather|Sandstorm|[upkeep]
|upkeep
|
|switch|p1a: Starmie|Starmie|75/100
|-damage|p1a: Starmie|63/100|[from] Stealth Rock
|turn|54
|
|switch|p2a: Tyranitar|Tyranitar, F|1/100
|-damage|p2a: Tyranitar|0 fnt|[from] Spikes
|faint|p2a: Tyranitar
|move|p1a: Starmie|Recover|p1a: Starmie
|-heal|p1a: Starmie|100/100
|
|-weather|Sandstorm|[upkeep]
|-damage|p1a: Starmie|94/100|[from] Sandstorm
|-heal|p1a: Starmie|100/100|[from] item: Leftovers
|upkeep
|
|switch|p2a: Excadrill|Excadrill, F|72/100
|-damage|p2a: Excadrill|69/100|[from] Stealth Rock
|-damage|p2a: Excadrill|56/100|[from] Spikes
|turn|55
|
|move|p2a: Excadrill|Earthquake|p1a: Starmie
|-damage|p1a: Starmie|17/100
|move|p1a: Starmie|Scald|p2a: Excadrill
|-supereffective|p2a: Excadrill
|-damage|p2a: Excadrill|0 fnt
|faint|p2a: Excadrill
|
|-weather|Sandstorm|[upkeep]
|-damage|p1a: Starmie|11/100|[from] Sandstorm
|-heal|p1a: Starmie|17/100|[from] item: Leftovers
|upkeep
|
|switch|p2a: Terrakion|Terrakion|63/100
|-damage|p2a: Terrakion|57/100|[from] Stealth Rock
|-damage|p2a: Terrakion|45/100|[from] Spikes
|turn|56
|
|switch|p1a: :p owo x)|Jirachi|57/100 brn
|-damage|p1a: :p owo x)|51/100 brn|[from] Stealth Rock
|move|p2a: Terrakion|Close Combat|p1a: :p owo x)
|-damage|p1a: :p owo x)|0 fnt
|-unboost|p2a: Terrakion|def|1
|-unboost|p2a: Terrakion|spd|1
|faint|p1a: :p owo x)
|
|-weather|Sandstorm|[upkeep]
|upkeep
|
|switch|p1a: Alakazam|Alakazam, M|100/100
|turn|57
|
|switch|p2a: Slowking|Slowking, M|96/100 brn
|-damage|p2a: Slowking|84/100 brn|[from] Spikes
|-damage|p2a: Slowking|71/100 brn|[from] Stealth Rock
|move|p1a: Alakazam|Psychic|p2a: Slowking
|-resisted|p2a: Slowking
|-damage|p2a: Slowking|52/100 brn
|
|-weather|Sandstorm|[upkeep]
|-damage|p2a: Slowking|46/100 brn|[from] Sandstorm
|-heal|p2a: Slowking|52/100 brn|[from] item: Leftovers
|-damage|p2a: Slowking|40/100 brn|[from] brn
|upkeep
|turn|58
|
|switch|p1a: Ferrothorn|Ferrothorn, M|100/100
|-damage|p1a: Ferrothorn|94/100|[from] Stealth Rock
|move|p2a: Slowking|Slack Off|p2a: Slowking
|-heal|p2a: Slowking|90/100 brn
|
|-weather|Sandstorm|[upkeep]
|-damage|p2a: Slowking|84/100 brn|[from] Sandstorm
|-heal|p2a: Slowking|90/100 brn|[from] item: Leftovers
|-heal|p1a: Ferrothorn|100/100|[from] item: Leftovers
|-damage|p2a: Slowking|78/100 brn|[from] brn
|upkeep
|turn|59
|
|move|p2a: Slowking|Scald|p1a: Ferrothorn
|-resisted|p1a: Ferrothorn
|-damage|p1a: Ferrothorn|92/100
|-status|p1a: Ferrothorn|brn
|move|p1a: Ferrothorn|Gyro Ball|p2a: Slowking
|-resisted|p2a: Slowking
|-damage|p2a: Slowking|74/100 brn
|
|-weather|Sandstorm|[upkeep]
|-damage|p2a: Slowking|68/100 brn|[from] Sandstorm
|-heal|p2a: Slowking|74/100 brn|[from] item: Leftovers
|-heal|p1a: Ferrothorn|98/100 brn|[from] item: Leftovers
|-damage|p2a: Slowking|62/100 brn|[from] brn
|-damage|p1a: Ferrothorn|86/100 brn|[from] brn
|upkeep
|turn|60
|
|move|p2a: Slowking|Nasty Plot|p2a: Slowking
|-boost|p2a: Slowking|spa|2
|move|p1a: Ferrothorn|Knock Off|p2a: Slowking
|-supereffective|p2a: Slowking
|-damage|p2a: Slowking|58/100 brn
|-enditem|p2a: Slowking|Leftovers|[from] move: Knock Off|[of] p1a: Ferrothorn
|
|-weather|Sandstorm|[upkeep]
|-damage|p2a: Slowking|52/100 brn|[from] Sandstorm
|-heal|p1a: Ferrothorn|92/100 brn|[from] item: Leftovers
|-damage|p2a: Slowking|39/100 brn|[from] brn
|-damage|p1a: Ferrothorn|79/100 brn|[from] brn
|upkeep
|turn|61
|
|move|p2a: Slowking|Slack Off|p2a: Slowking
|-heal|p2a: Slowking|90/100 brn
|move|p1a: Ferrothorn|Spikes|p2a: Slowking
|-sidestart|p2: Teamsalee|Spikes
|
|-weather|Sandstorm|[upkeep]
|-damage|p2a: Slowking|83/100 brn|[from] Sandstorm
|-heal|p1a: Ferrothorn|86/100 brn|[from] item: Leftovers
|-damage|p2a: Slowking|71/100 brn|[from] brn
|-damage|p1a: Ferrothorn|73/100 brn|[from] brn
|upkeep
|turn|62
|
|move|p2a: Slowking|Scald|p1a: Ferrothorn
|-resisted|p1a: Ferrothorn
|-damage|p1a: Ferrothorn|56/100 brn
|move|p1a: Ferrothorn|Spikes|p2a: Slowking
|-sidestart|p2: Teamsalee|Spikes
|
|-weather|Sandstorm|[upkeep]
|-damage|p2a: Slowking|65/100 brn|[from] Sandstorm
|-heal|p1a: Ferrothorn|62/100 brn|[from] item: Leftovers
|-damage|p2a: Slowking|52/100 brn|[from] brn
|-damage|p1a: Ferrothorn|50/100 brn|[from] brn
|upkeep
|turn|63
|
|move|p2a: Slowking|Scald|p1a: Ferrothorn
|-resisted|p1a: Ferrothorn
|-damage|p1a: Ferrothorn|33/100 brn
|move|p1a: Ferrothorn|Knock Off|p2a: Slowking
|-supereffective|p2a: Slowking
|-damage|p2a: Slowking|49/100 brn
|
|-weather|Sandstorm|[upkeep]
|-damage|p2a: Slowking|43/100 brn|[from] Sandstorm
|-heal|p1a: Ferrothorn|39/100 brn|[from] item: Leftovers
|-damage|p2a: Slowking|30/100 brn|[from] brn
|-damage|p1a: Ferrothorn|27/100 brn|[from] brn
|upkeep
|turn|64
|
|move|p2a: Slowking|Slack Off|p2a: Slowking
|-heal|p2a: Slowking|80/100 brn
|move|p1a: Ferrothorn|Knock Off|p2a: Slowking
|-supereffective|p2a: Slowking
|-damage|p2a: Slowking|77/100 brn
|
|-weather|Sandstorm|[upkeep]
|-damage|p2a: Slowking|71/100 brn|[from] Sandstorm
|-heal|p1a: Ferrothorn|33/100 brn|[from] item: Leftovers
|-damage|p2a: Slowking|59/100 brn|[from] brn
|-damage|p1a: Ferrothorn|20/100 brn|[from] brn
|upkeep
|turn|65
|
|move|p2a: Slowking|Scald|p1a: Ferrothorn
|-resisted|p1a: Ferrothorn
|-damage|p1a: Ferrothorn|0 fnt
|faint|p1a: Ferrothorn
|
|-weather|Sandstorm|[upkeep]
|-damage|p2a: Slowking|52/100 brn|[from] Sandstorm
|-damage|p2a: Slowking|40/100 brn|[from] brn
|upkeep
|
|switch|p1a: Starmie|Starmie|17/100
|-damage|p1a: Starmie|5/100|[from] Stealth Rock
|turn|66
|
|move|p1a: Starmie|Rapid Spin|p2a: Slowking
|-damage|p2a: Slowking|38/100 brn
|-sideend|p1: good untier|Stealth Rock|[from] move: Rapid Spin|[of] p1a: Starmie
|move|p2a: Slowking|Psyshock|p1a: Starmie
|-resisted|p1a: Starmie
|-damage|p1a: Starmie|0 fnt
|faint|p1a: Starmie
|
|-weather|Sandstorm|[upkeep]
|-damage|p2a: Slowking|32/100 brn|[from] Sandstorm
|-damage|p2a: Slowking|19/100 brn|[from] brn
|upkeep
|
|switch|p1a: Togekiss|Togekiss, M|24/100
|turn|67
|
|move|p1a: Togekiss|Air Slash|p2a: Slowking
|-damage|p2a: Slowking|0 fnt
|faint|p2a: Slowking
|
|-weather|Sandstorm|[upkeep]
|-damage|p1a: Togekiss|18/100|[from] Sandstorm
|-heal|p1a: Togekiss|24/100|[from] item: Leftovers
|upkeep
|
|switch|p2a: Terrakion|Terrakion|45/100
|-damage|p2a: Terrakion|39/100|[from] Stealth Rock
|-damage|p2a: Terrakion|14/100|[from] Spikes
|turn|68
|
|move|p2a: Terrakion|Quick Attack|p1a: Togekiss
|-damage|p1a: Togekiss|4/100
|move|p1a: Togekiss|Aura Sphere|p2a: Terrakion
|-supereffective|p2a: Terrakion
|-damage|p2a: Terrakion|0 fnt
|faint|p2a: Terrakion
|
|-weather|Sandstorm|[upkeep]
|-damage|p1a: Togekiss|0 fnt|[from] Sandstorm
|faint|p1a: Togekiss
|upkeep
|j| Sweets
|
|switch|p2a: Landorus|Landorus-Therian, M|88/100
|switch|p1a: Alakazam|Alakazam, M|100/100
|-damage|p2a: Landorus|76/100|[from] Stealth Rock
|-ability|p2a: Landorus|Intimidate|boost
|-unboost|p1a: Alakazam|atk|1
|turn|69
|
|move|p1a: Alakazam|Psychic|p2a: Landorus
|-damage|p2a: Landorus|4/100
|move|p2a: Landorus|Earthquake|p1a: Alakazam
|-enditem|p1a: Alakazam|Focus Sash
|-damage|p1a: Alakazam|1/100
|
|-weather|Sandstorm|[upkeep]
|-heal|p2a: Landorus|10/100|[from] item: Leftovers
|upkeep
|turn|70
|c|☆Teamsalee|gg wp
|
|move|p1a: Alakazam|Hidden Power|p2a: Landorus
|-damage|p2a: Landorus|0 fnt
|faint|p2a: Landorus
|
|win|good untier
|l| Sweets
|l|☆good untier
|raw|good untier's rating: 1558 &rarr; <strong>1568</strong><br />(+10 for winning)
|raw|Teamsalee's rating: 1350 &rarr; <strong>1341</strong><br />(-9 for losing)
