|j|☆storlev
|j|☆SwordIsBored
|t:|1716763857
|gametype|singles
|player|p1|storlev|1|1330
|player|p2|SwordIsBored|miku-water|1405
|teamsize|p1|6
|teamsize|p2|6
|gen|5
|tier|[Gen 5] OU
|rated|
|rule|Species Clause: Limit one of each Pokémon
|rule|OHKO Clause: OHKO moves are banned
|rule|Moody Clause: Moody is banned
|rule|Evasion Items Clause: Evasion items are banned
|rule|Evasion Moves Clause: Evasion moves are banned
|rule|Endless Battle Clause: Forcing endless battles is banned
|rule|HP Percentage Mod: HP is shown in percentages
|rule|Evasion Abilities Clause: Evasion abilities are banned
|rule|Sleep Moves Clause: Sleep-inducing moves are banned
|rule|Swagger Clause: Swagger is banned
|rule|Baton Pass Stat Clause: No Baton Passer may have a way to boost its stats
|clearpoke
|poke|p1|Skarmory, M|item
|poke|p1|Jellicent, M|item
|poke|p1|Tyranitar, F|item
|poke|p1|Chandelure, F|item
|poke|p1|Latios, M|item
|poke|p1|Alakazam, M|item
|poke|p2|Politoed, F|item
|poke|p2|Kyurem-Black|item
|poke|p2|Tentacruel, F|item
|poke|p2|Ferrothorn, F|item
|poke|p2|Thundurus-Therian, M|item
|poke|p2|Landorus-Therian, M|item
|teampreview
|inactive|Battle timer is ON: inactive players will automatically lose when time's up. (requested by storlev)
|
|t:|1716763870
|start
|switch|p1a: Tyranitar|Tyranitar, F|100/100
|switch|p2a: Kyurem|Kyurem-Black|100/100
|-weather|Sandstorm|[from] ability: Sand Stream|[of] p1a: Tyranitar
|-ability|p2a: Kyurem|Teravolt
|turn|1
|
|t:|1716763896
|move|p1a: Tyranitar|Superpower|p2a: Kyurem
|-supereffective|p2a: Kyurem
|-damage|p2a: Kyurem|31/100
|-unboost|p1a: Tyranitar|atk|1
|-unboost|p1a: Tyranitar|def|1
|move|p2a: Kyurem|Outrage|p1a: Tyranitar
|-damage|p1a: Tyranitar|0 fnt
|faint|p1a: Tyranitar
|
|-weather|Sandstorm|[upkeep]
|-damage|p2a: Kyurem|25/100|[from] Sandstorm
|upkeep
|
|t:|1716763913
|switch|p1a: Giovanni Giorgio|Alakazam, M|100/100
|turn|2
|
|t:|1716763917
|move|p1a: Giovanni Giorgio|Psyshock|p2a: Kyurem
|-damage|p2a: Kyurem|0 fnt
|faint|p2a: Kyurem
|
|-weather|Sandstorm|[upkeep]
|upkeep
|
|t:|1716763921
|switch|p2a: Ferrothorn|Ferrothorn, F|100/100
|turn|3
|
|t:|1716763927
|move|p1a: Giovanni Giorgio|Focus Blast|p2a: Ferrothorn
|-supereffective|p2a: Ferrothorn
|-damage|p2a: Ferrothorn|38/100
|move|p2a: Ferrothorn|Stealth Rock|p1a: Giovanni Giorgio
|-sidestart|p1: storlev|move: Stealth Rock
|
|-weather|Sandstorm|[upkeep]
|-heal|p2a: Ferrothorn|44/100|[from] item: Leftovers
|upkeep
|turn|4
|
|t:|1716763931
|move|p1a: Giovanni Giorgio|Focus Blast|p2a: Ferrothorn
|-supereffective|p2a: Ferrothorn
|-damage|p2a: Ferrothorn|0 fnt
|faint|p2a: Ferrothorn
|
|-weather|Sandstorm|[upkeep]
|upkeep
|
|t:|1716763933
|switch|p2a: Landorus|Landorus-Therian, M|100/100
|-ability|p2a: Landorus|Intimidate|boost
|-unboost|p1a: Giovanni Giorgio|atk|1
|turn|5
|
|t:|1716763943
|move|p2a: Landorus|U-turn|p1a: Giovanni Giorgio
|-supereffective|p1a: Giovanni Giorgio
|-enditem|p1a: Giovanni Giorgio|Focus Sash
|-damage|p1a: Giovanni Giorgio|1/100
|
|t:|1716763951
|switch|p2a: Politoed|Politoed, F|100/100|[from] U-turn
|-weather|RainDance|[from] ability: Drizzle|[of] p2a: Politoed
|move|p1a: Giovanni Giorgio|Psyshock|p2a: Politoed
|-damage|p2a: Politoed|46/100
|
|-weather|RainDance|[upkeep]
|upkeep
|turn|6
|
|t:|1716763961
|move|p1a: Giovanni Giorgio|Psyshock|p2a: Politoed
|-damage|p2a: Politoed|0 fnt
|faint|p2a: Politoed
|
|-weather|RainDance|[upkeep]
|upkeep
|
|t:|1716763963
|switch|p2a: Landorus|Landorus-Therian, M|100/100
|-ability|p2a: Landorus|Intimidate|boost
|-unboost|p1a: Giovanni Giorgio|atk|1
|turn|7
|
|t:|1716763973
|switch|p1a: Skarmory|Skarmory, M|100/100
|-damage|p1a: Skarmory|88/100|[from] Stealth Rock
|move|p2a: Landorus|U-turn|p1a: Skarmory
|-resisted|p1a: Skarmory
|-damage|p1a: Skarmory|82/100
|
|t:|1716763976
|switch|p2a: Thundurus|Thundurus-Therian, M|100/100|[from] U-turn
|
|-weather|RainDance|[upkeep]
|upkeep
|turn|8
|
|t:|1716763988
|switch|p1a: Jellicent|Jellicent, M|100/100
|-damage|p1a: Jellicent|88/100|[from] Stealth Rock
|move|p2a: Thundurus|Thunder|p1a: Jellicent
|-supereffective|p1a: Jellicent
|-damage|p1a: Jellicent|0 fnt
|faint|p1a: Jellicent
|
|-weather|RainDance|[upkeep]
|upkeep
|
|t:|1716763993
|switch|p1a: Latios|Latios, M|100/100
|-damage|p1a: Latios|88/100|[from] Stealth Rock
|turn|9
|
|t:|1716763999
|switch|p2a: Landorus|Landorus-Therian, M|100/100
|-ability|p2a: Landorus|Intimidate|boost
|-unboost|p1a: Latios|atk|1
|move|p1a: Latios|Surf|p2a: Landorus
|-supereffective|p2a: Landorus
|-damage|p2a: Landorus|0 fnt
|faint|p2a: Landorus
|-damage|p1a: Latios|78/100|[from] item: Life Orb
|
|-weather|RainDance|[upkeep]
|upkeep
|
|t:|1716764001
|switch|p2a: Thundurus|Thundurus-Therian, M|100/100
|turn|10
|
|t:|1716764012
|move|p1a: Latios|Surf|p2a: Thundurus
|-damage|p2a: Thundurus|12/100
|-damage|p1a: Latios|68/100|[from] item: Life Orb
|move|p2a: Thundurus|Hidden Power|p1a: Latios
|-supereffective|p1a: Latios
|-damage|p1a: Latios|11/100
|
|-weather|RainDance|[upkeep]
|-heal|p2a: Thundurus|18/100|[from] item: Leftovers
|upkeep
|turn|11
|
|t:|1716764019
|switch|p2a: Tentacruel|Tentacruel, F|100/100
|move|p1a: Latios|Surf|p2a: Tentacruel
|-resisted|p2a: Tentacruel
|-damage|p2a: Tentacruel|74/100
|-damage|p1a: Latios|1/100|[from] item: Life Orb
|
|-weather|RainDance|[upkeep]
|-heal|p2a: Tentacruel|80/100|[from] item: Black Sludge
|upkeep
|turn|12
|
|t:|1716764029
|move|p2a: Tentacruel|Protect|p2a: Tentacruel
|-singleturn|p2a: Tentacruel|Protect
|move|p1a: Latios|Draco Meteor|p2a: Tentacruel
|-activate|p2a: Tentacruel|move: Protect
|
|-weather|RainDance|[upkeep]
|-heal|p2a: Tentacruel|86/100|[from] item: Black Sludge
|upkeep
|turn|13
|
|t:|1716764044
|move|p2a: Tentacruel|Protect||[still]
|-fail|p2a: Tentacruel
|move|p1a: Latios|Draco Meteor|p2a: Tentacruel
|-damage|p2a: Tentacruel|14/100
|-unboost|p1a: Latios|spa|2
|-damage|p1a: Latios|0 fnt|[from] item: Life Orb
|faint|p1a: Latios
|
|-weather|RainDance|[upkeep]
|-heal|p2a: Tentacruel|20/100|[from] item: Black Sludge
|upkeep
|
|t:|1716764047
|switch|p1a: Giovanni Giorgio|Alakazam, M|1/100
|turn|14
|
|t:|1716764051
|move|p2a: Tentacruel|Protect|p2a: Tentacruel
|-singleturn|p2a: Tentacruel|Protect
|move|p1a: Giovanni Giorgio|Psyshock|p2a: Tentacruel
|-activate|p2a: Tentacruel|move: Protect
|
|-weather|RainDance|[upkeep]
|-heal|p2a: Tentacruel|26/100|[from] item: Black Sludge
|upkeep
|turn|15
|
|t:|1716764067
|move|p1a: Giovanni Giorgio|Psyshock|p2a: Tentacruel
|-supereffective|p2a: Tentacruel
|-damage|p2a: Tentacruel|0 fnt
|faint|p2a: Tentacruel
|
|-weather|RainDance|[upkeep]
|upkeep
|
|t:|1716764069
|switch|p2a: Thundurus|Thundurus-Therian, M|18/100
|turn|16
|c|☆storlev|gg
|
|t:|1716764072
|move|p1a: Giovanni Giorgio|Psyshock|p2a: Thundurus
|-damage|p2a: Thundurus|0 fnt
|faint|p2a: Thundurus
|
|win|storlev
|raw|storlev's rating: 1300 &rarr; <strong>1332</strong><br />(+32 for winning)
|raw|SwordIsBored's rating: 1405 &rarr; <strong>1379</strong><br />(-26 for losing)
|l|☆SwordIsBored
|player|p2|
