|j|☆Killerfishsandiego
|j|☆Hazess
|t:|1729806003
|gametype|singles
|player|p1|Killerfishsandiego|101|1478
|player|p2|Hazess|hilbert|1311
|teamsize|p1|6
|teamsize|p2|6
|gen|5
|tier|[Gen 5] OU
|rated|
|rule|Species Clause: Limit one of each Pokémon
|rule|OHKO Clause: OHKO moves are banned
|rule|Moody Clause: Moody is banned
|rule|Evasion Items Clause: Evasion items are banned
|rule|Evasion Moves Clause: Evasion moves are banned
|rule|Endless Battle Clause: Forcing endless battles is banned
|rule|HP Percentage Mod: HP is shown in percentages
|rule|Evasion Abilities Clause: Evasion abilities are banned
|rule|Sleep Moves Clause: Sleep-inducing moves are banned
|rule|Swagger Clause: Swagger is banned
|rule|Baton Pass Stat Clause: No Baton Passer may have a way to boost its stats
|clearpoke
|poke|p1|Tyranitar, F|item
|poke|p1|Rotom-Heat|item
|poke|p1|Terrakion|item
|poke|p1|Alakazam, M|item
|poke|p1|Jellicent, F|item
|poke|p1|Forretress, L99, F|item
|poke|p2|Infernape, M|item
|poke|p2|Dragonite, M|item
|poke|p2|Garchomp, M|item
|poke|p2|Starmie|item
|poke|p2|Jirachi|item
|poke|p2|Thundurus-Therian, M|item
|teampreview
|inactive|Battle timer is ON: inactive players will automatically lose when time's up. (requested by Hazess)
|
|t:|1729806031
|start
|switch|p1a: Forretress|Forretress, L99, F|100/100
|switch|p2a: Cranberry|Infernape, M, shiny|100/100
|turn|1
|
|t:|1729806041
|move|p2a: Cranberry|Overheat|p1a: Forretress
|-supereffective|p1a: Forretress
|-ability|p1a: Forretress|Sturdy
|-damage|p1a: Forretress|1/100
|-unboost|p2a: Cranberry|spa|2
|-damage|p2a: Cranberry|91/100|[from] item: Life Orb
|move|p1a: Forretress|Stealth Rock|p2a: Cranberry
|-sidestart|p2: Hazess|move: Stealth Rock
|
|upkeep
|turn|2
|-enditem|p1a: Forretress|Custap Berry|[eat]
|-activate|p1a: Forretress|item: Custap Berry|[consumed]
|
|t:|1729806051
|move|p2a: Cranberry|Mach Punch|p1a: Forretress
|-damage|p1a: Forretress|0 fnt
|faint|p1a: Forretress
|-damage|p2a: Cranberry|81/100|[from] item: Life Orb
|
|upkeep
|
|t:|1729806061
|switch|p1a: Alakazam|Alakazam, M|100/100
|turn|3
|
|t:|1729806068
|switch|p2a: Jirachi|Jirachi|100/100
|-damage|p2a: Jirachi|94/100|[from] Stealth Rock
|move|p1a: Alakazam|Psyshock|p2a: Jirachi
|-resisted|p2a: Jirachi
|-crit|p2a: Jirachi
|-damage|p2a: Jirachi|74/100
|
|upkeep
|turn|4
|
|t:|1729806072
|switch|p1a: Rotom|Rotom-Heat|100/100
|move|p2a: Jirachi|U-turn|p1a: Rotom
|-resisted|p1a: Rotom
|-damage|p1a: Rotom|89/100
|
|t:|1729806079
|switch|p2a: Starmie|Starmie|100/100|[from] U-turn
|-damage|p2a: Starmie|88/100|[from] Stealth Rock
|-item|p2a: Starmie|Air Balloon
|
|-heal|p1a: Rotom|95/100|[from] item: Leftovers
|upkeep
|turn|5
|j| GokturkGamer0
|l| GokturkGamer0
|inactive|Killerfishsandiego has 120 seconds left.
|
|t:|1729806135
|switch|p2a: Garchomp|Garchomp, M|100/100
|-damage|p2a: Garchomp|94/100|[from] Stealth Rock
|switch|p1a: Jellicent|Jellicent, F|100/100
|-item|p1a: Jellicent|Air Balloon
|
|upkeep
|turn|6
|inactive|Killerfishsandiego has 90 seconds left.
|
|t:|1729806158
|move|p2a: Garchomp|Stealth Rock|p1a: Jellicent
|-sidestart|p1: Killerfishsandiego|move: Stealth Rock
|move|p1a: Jellicent|Shadow Ball|p2a: Garchomp
|-damage|p2a: Garchomp|58/100
|
|upkeep
|turn|7
|inactive|Killerfishsandiego has 90 seconds left.
|inactive|Killerfishsandiego has 60 seconds left.
|
|t:|1729806219
|move|p2a: Garchomp|Outrage|p1a: Jellicent
|-damage|p1a: Jellicent|29/100
|-enditem|p1a: Jellicent|Air Balloon
|move|p1a: Jellicent|Shadow Ball|p2a: Garchomp
|-damage|p2a: Garchomp|19/100
|
|upkeep
|turn|8
|
|t:|1729806230
|move|p2a: Garchomp|Outrage|p1a: Jellicent|[from]lockedmove
|-damage|p1a: Jellicent|0 fnt
|faint|p1a: Jellicent
|
|upkeep
|
|t:|1729806234
|switch|p1a: Alakazam|Alakazam, M|100/100
|turn|9
|
|t:|1729806248
|move|p1a: Alakazam|Hidden Power|p2a: Garchomp
|-supereffective|p2a: Garchomp
|-enditem|p2a: Garchomp|Yache Berry|[eat]
|-enditem|p2a: Garchomp|Yache Berry|[weaken]
|-damage|p2a: Garchomp|0 fnt
|faint|p2a: Garchomp
|
|upkeep
|
|t:|1729806252
|switch|p2a: Jirachi|Jirachi|74/100
|-damage|p2a: Jirachi|67/100|[from] Stealth Rock
|turn|10
|inactive|Killerfishsandiego has 60 seconds left.
|
|t:|1729806262
|switch|p1a: Terrakion|Terrakion|100/100
|-damage|p1a: Terrakion|94/100|[from] Stealth Rock
|move|p2a: Jirachi|U-turn|p1a: Terrakion
|-resisted|p1a: Terrakion
|-damage|p1a: Terrakion|81/100
|
|t:|1729806287
|switch|p2a: Starmie|Starmie|88/100|[from] U-turn
|-damage|p2a: Starmie|76/100|[from] Stealth Rock
|-item|p2a: Starmie|Air Balloon
|
|upkeep
|turn|11
|inactive|Killerfishsandiego has 60 seconds left.
|inactive|Killerfishsandiego has 30 seconds left.
|
|t:|1729806336
|switch|p2a: Jirachi|Jirachi|67/100
|-damage|p2a: Jirachi|61/100|[from] Stealth Rock
|move|p1a: Terrakion|Stone Edge|p2a: Jirachi|[miss]
|-miss|p1a: Terrakion|p2a: Jirachi
|
|upkeep
|turn|12
|
|t:|1729806355
|switch|p1a: Rotom|Rotom-Heat|95/100
|-damage|p1a: Rotom|70/100|[from] Stealth Rock
|move|p2a: Jirachi|Iron Head|p1a: Rotom
|-resisted|p1a: Rotom
|-damage|p1a: Rotom|61/100
|
|-heal|p1a: Rotom|67/100|[from] item: Leftovers
|upkeep
|turn|13
|
|t:|1729806368
|switch|p2a: Dragonite|Dragonite, M|100/100
|-damage|p2a: Dragonite|76/100|[from] Stealth Rock
|move|p1a: Rotom|Volt Switch|p2a: Dragonite
|-damage|p2a: Dragonite|46/100
|
|t:|1729806376
|switch|p1a: Terrakion|Terrakion|81/100|[from] Volt Switch
|-damage|p1a: Terrakion|75/100|[from] Stealth Rock
|
|upkeep
|turn|14
|inactive|Killerfishsandiego has 30 seconds left.
|
|t:|1729806403
|switch|p2a: Thundurus|Thundurus-Therian, M|100/100
|-damage|p2a: Thundurus|76/100|[from] Stealth Rock
|move|p1a: Terrakion|Stone Edge|p2a: Thundurus
|-supereffective|p2a: Thundurus
|-damage|p2a: Thundurus|0 fnt
|faint|p2a: Thundurus
|
|upkeep
|
|t:|1729806411
|switch|p2a: Jirachi|Jirachi|61/100
|-damage|p2a: Jirachi|55/100|[from] Stealth Rock
|turn|15
|
|t:|1729806428
|switch|p1a: Tyranitar|Tyranitar, F|100/100
|-damage|p1a: Tyranitar|88/100|[from] Stealth Rock
|-weather|Sandstorm|[from] ability: Sand Stream|[of] p1a: Tyranitar
|move|p2a: Jirachi|Iron Head|p1a: Tyranitar
|-supereffective|p1a: Tyranitar
|-damage|p1a: Tyranitar|37/100
|
|-weather|Sandstorm|[upkeep]
|upkeep
|turn|16
|
|t:|1729806436
|move|p2a: Jirachi|Iron Head|p1a: Tyranitar
|-supereffective|p1a: Tyranitar
|-damage|p1a: Tyranitar|0 fnt
|faint|p1a: Tyranitar
|
|-weather|Sandstorm|[upkeep]
|upkeep
|
|t:|1729806441
|switch|p1a: Rotom|Rotom-Heat|67/100
|-damage|p1a: Rotom|42/100|[from] Stealth Rock
|turn|17
|
|t:|1729806452
|move|p2a: Jirachi|Iron Head|p1a: Rotom
|-resisted|p1a: Rotom
|-damage|p1a: Rotom|33/100
|move|p1a: Rotom|Overheat|p2a: Jirachi
|-supereffective|p2a: Jirachi
|-damage|p2a: Jirachi|0 fnt
|-unboost|p1a: Rotom|spa|2
|faint|p2a: Jirachi
|
|-weather|Sandstorm|[upkeep]
|-damage|p1a: Rotom|27/100|[from] Sandstorm
|-heal|p1a: Rotom|33/100|[from] item: Leftovers
|upkeep
|
|t:|1729806468
|switch|p2a: Starmie|Starmie|76/100
|-damage|p2a: Starmie|64/100|[from] Stealth Rock
|-item|p2a: Starmie|Air Balloon
|turn|18
|
|t:|1729806482
|move|p2a: Starmie|Rapid Spin|p1a: Rotom
|-crit|p1a: Rotom
|-damage|p1a: Rotom|26/100
|-sideend|p2: Hazess|Stealth Rock|[from] move: Rapid Spin|[of] p2a: Starmie
|move|p1a: Rotom|Volt Switch|p2a: Starmie
|-supereffective|p2a: Starmie
|-damage|p2a: Starmie|18/100
|-enditem|p2a: Starmie|Air Balloon
|inactive|Killerfishsandiego has 60 seconds left.
|
|t:|1729806500
|switch|p1a: Alakazam|Alakazam, M|100/100|[from] Volt Switch
|
|-weather|Sandstorm|[upkeep]
|-damage|p2a: Starmie|12/100|[from] Sandstorm
|upkeep
|turn|19
|
|t:|1729806515
|move|p1a: Alakazam|Psyshock|p2a: Starmie
|-resisted|p2a: Starmie
|-damage|p2a: Starmie|0 fnt
|faint|p2a: Starmie
|
|-weather|Sandstorm|[upkeep]
|upkeep
|
|t:|1729806517
|switch|p2a: Cranberry|Infernape, M, shiny|81/100
|turn|20
|
|t:|1729806519
|move|p2a: Cranberry|Fake Out|p1a: Alakazam
|-damage|p1a: Alakazam|58/100
|-damage|p2a: Cranberry|71/100|[from] item: Life Orb
|cant|p1a: Alakazam|flinch
|
|-weather|Sandstorm|[upkeep]
|-damage|p2a: Cranberry|65/100|[from] Sandstorm
|upkeep
|turn|21
|inactive|Killerfishsandiego has 60 seconds left.
|
|t:|1729806561
|switch|p2a: Dragonite|Dragonite, M|46/100
|move|p1a: Alakazam|Psyshock|p2a: Dragonite
|-damage|p2a: Dragonite|2/100
|
|-weather|Sandstorm|[upkeep]
|-damage|p2a: Dragonite|0 fnt|[from] Sandstorm
|faint|p2a: Dragonite
|upkeep
|
|t:|1729806568
|switch|p2a: Cranberry|Infernape, M, shiny|65/100
|turn|22
|
|t:|1729806573
|switch|p1a: Rotom|Rotom-Heat|26/100
|-damage|p1a: Rotom|1/100|[from] Stealth Rock
|move|p2a: Cranberry|Fake Out|p1a: Rotom
|-damage|p1a: Rotom|0 fnt
|faint|p1a: Rotom
|-damage|p2a: Cranberry|55/100|[from] item: Life Orb
|
|-weather|Sandstorm|[upkeep]
|-damage|p2a: Cranberry|49/100|[from] Sandstorm
|upkeep
|
|t:|1729806578
|switch|p1a: Alakazam|Alakazam, M|58/100
|turn|23
|
|t:|1729806581
|move|p2a: Cranberry|Mach Punch|p1a: Alakazam
|-resisted|p1a: Alakazam
|-damage|p1a: Alakazam|30/100
|-damage|p2a: Cranberry|39/100|[from] item: Life Orb
|move|p1a: Alakazam|Psyshock|p2a: Cranberry
|-supereffective|p2a: Cranberry
|-damage|p2a: Cranberry|0 fnt
|faint|p2a: Cranberry
|
|win|Killerfishsandiego
|raw|Killerfishsandiego's rating: 1478 &rarr; <strong>1489</strong><br />(+11 for winning)
|raw|Hazess's rating: 1311 &rarr; <strong>1300</strong><br />(-11 for losing)
|l|☆Hazess
|player|p2|
