|j|☆Oro e Diamanti
|j|☆Stjerne
|player|p1|Oro e Diamanti|169
|player|p2|Stjerne|124
|teamsize|p1|6
|teamsize|p2|6
|gametype|singles
|gen|5
|tier|[Gen 5] OU
|rated|
|rule|Sleep Clause Mod: Limit one foe put to sleep
|rule|Species Clause: Limit one of each Pokémon
|rule|OHKO Clause: OHKO moves are banned
|rule|Moody Clause: Moody is banned
|rule|Evasion Moves Clause: Evasion moves are banned
|rule|Endless Battle Clause: Forcing endless battles is banned
|rule|HP Percentage Mod: HP is shown in percentages
|rule|Evasion Abilities Clause: Evasion abilities are banned
|rule|Baton Pass Clause: Limit one Baton Passer, can't pass Spe and other stats simultaneously
|rule|Swagger Clause: Swagger is banned
|clearpoke
|poke|p1|Slowking, M|item
|poke|p1|Skarmory, M|item
|poke|p1|Hydreigon, M|item
|poke|p1|Garchomp, M|item
|poke|p1|Tyranitar, M|item
|poke|p1|Alakazam, M|item
|poke|p2|Heatran, M|item
|poke|p2|Starmie|item
|poke|p2|Gliscor, F|item
|poke|p2|Jirachi|item
|poke|p2|Keldeo-Resolute|item
|poke|p2|Hydreigon, M|item
|teampreview
|j| Ayo~ukoo
|inactive|Battle timer is ON: inactive players will automatically lose when time's up. (requested by Stjerne)
|
|start
|switch|p1a: Hydreigon|Hydreigon, M|100/100
|switch|p2a: Keldeo|Keldeo-Resolute|100/100
|turn|1
|
|switch|p1a: Slowking|Slowking, M|100/100
|move|p2a: Keldeo|Secret Sword|p1a: Slowking
|-resisted|p1a: Slowking
|-damage|p1a: Slowking|77/100
|
|-heal|p1a: Slowking|83/100|[from] item: Leftovers
|upkeep
|turn|2
|
|move|p2a: Keldeo|Substitute|p2a: Keldeo
|-start|p2a: Keldeo|Substitute
|-damage|p2a: Keldeo|76/100
|move|p1a: Slowking|Scald|p2a: Keldeo
|-resisted|p2a: Keldeo
|-crit|p2a: Keldeo
|-end|p2a: Keldeo|Substitute
|
|-heal|p2a: Keldeo|82/100|[from] item: Leftovers
|-heal|p1a: Slowking|89/100|[from] item: Leftovers
|upkeep
|turn|3
|
|move|p2a: Keldeo|Substitute|p2a: Keldeo
|-start|p2a: Keldeo|Substitute
|-damage|p2a: Keldeo|57/100
|move|p1a: Slowking|Scald|p2a: Keldeo
|-resisted|p2a: Keldeo
|-activate|p2a: Keldeo|Substitute|[damage]
|
|-heal|p2a: Keldeo|63/100|[from] item: Leftovers
|-heal|p1a: Slowking|95/100|[from] item: Leftovers
|upkeep
|turn|4
|
|move|p2a: Keldeo|Toxic|p1a: Slowking
|-status|p1a: Slowking|tox
|move|p1a: Slowking|Psyshock|p2a: Keldeo
|-supereffective|p2a: Keldeo
|-end|p2a: Keldeo|Substitute
|
|-heal|p2a: Keldeo|70/100|[from] item: Leftovers
|-heal|p1a: Slowking|100/100 tox|[from] item: Leftovers
|-damage|p1a: Slowking|94/100 tox|[from] psn
|upkeep
|turn|5
|
|switch|p2a: Heatran|Heatran, M|100/100
|move|p1a: Slowking|Psyshock|p2a: Heatran
|-resisted|p2a: Heatran
|-damage|p2a: Heatran|85/100
|
|-heal|p2a: Heatran|91/100|[from] item: Leftovers
|-heal|p1a: Slowking|100/100 tox|[from] item: Leftovers
|-damage|p1a: Slowking|88/100 tox|[from] psn
|upkeep
|turn|6
|
|switch|p1a: Garchomp|Garchomp, M|100/100
|move|p2a: Heatran|Stealth Rock|p1a: Garchomp
|-sidestart|p1: Oro e Diamanti|move: Stealth Rock
|
|-heal|p2a: Heatran|97/100|[from] item: Leftovers
|upkeep
|turn|7
|
|switch|p2a: Gliscor|Gliscor, F|100/100
|move|p1a: Garchomp|Stealth Rock|p2a: Gliscor
|-sidestart|p2: Stjerne|move: Stealth Rock
|
|-status|p2a: Gliscor|tox|[from] item: Toxic Orb
|upkeep
|turn|8
|
|switch|p2a: Starmie|Starmie|100/100
|-damage|p2a: Starmie|88/100|[from] Stealth Rock
|switch|p1a: Skarmory|Skarmory, M|100/100
|-damage|p1a: Skarmory|88/100|[from] Stealth Rock
|
|-heal|p2a: Starmie|94/100|[from] item: Leftovers
|-heal|p1a: Skarmory|94/100|[from] item: Leftovers
|upkeep
|turn|9
|
|switch|p1a: Tyranitar|Tyranitar, M|100/100
|-damage|p1a: Tyranitar|88/100|[from] Stealth Rock
|-weather|Sandstorm|[from] ability: Sand Stream|[of] p1a: Tyranitar
|move|p2a: Starmie|Rapid Spin|p1a: Tyranitar
|-resisted|p1a: Tyranitar
|-damage|p1a: Tyranitar|86/100
|-sideend|p2: Stjerne|Stealth Rock|[from] move: Rapid Spin|[of] p2a: Starmie
|
|-weather|Sandstorm|[upkeep]
|-damage|p2a: Starmie|88/100|[from] Sandstorm
|-heal|p2a: Starmie|94/100|[from] item: Leftovers
|upkeep
|turn|10
|
|move|p1a: Tyranitar|Crunch|p2a: Starmie
|-supereffective|p2a: Starmie
|-damage|p2a: Starmie|0 fnt
|faint|p2a: Starmie
|
|-weather|Sandstorm|[upkeep]
|upkeep
|
|switch|p2a: Keldeo|Keldeo-Resolute|70/100
|turn|11
|
|switch|p1a: Slowking|Slowking, M|100/100 tox
|-damage|p1a: Slowking|88/100 tox|[from] Stealth Rock
|move|p2a: Keldeo|Secret Sword|p1a: Slowking
|-resisted|p1a: Slowking
|-damage|p1a: Slowking|63/100 tox
|
|-weather|Sandstorm|[upkeep]
|-damage|p2a: Keldeo|63/100|[from] Sandstorm
|-damage|p1a: Slowking|57/100 tox|[from] Sandstorm
|-heal|p2a: Keldeo|70/100|[from] item: Leftovers
|-heal|p1a: Slowking|63/100 tox|[from] item: Leftovers
|-damage|p1a: Slowking|57/100 tox|[from] psn
|upkeep
|turn|12
|
|switch|p2a: Jirachi|Jirachi|100/100
|move|p1a: Slowking|Psyshock|p2a: Jirachi
|-resisted|p2a: Jirachi
|-damage|p2a: Jirachi|91/100
|
|-weather|Sandstorm|[upkeep]
|-damage|p1a: Slowking|51/100 tox|[from] Sandstorm
|-heal|p1a: Slowking|57/100 tox|[from] item: Leftovers
|-damage|p1a: Slowking|45/100 tox|[from] psn
|upkeep
|turn|13
|
|switch|p1a: Garchomp|Garchomp, M|100/100
|-damage|p1a: Garchomp|94/100|[from] Stealth Rock
|move|p2a: Jirachi|U-turn|p1a: Garchomp
|-damage|p1a: Garchomp|80/100
|-damage|p2a: Jirachi|79/100|[from] ability: Rough Skin|[of] p1a: Garchomp
|-damage|p2a: Jirachi|62/100|[from] item: Rocky Helmet|[of] p1a: Garchomp
|
|switch|p2a: Gliscor|Gliscor, F|100/100 tox
|
|-weather|Sandstorm|[upkeep]
|upkeep
|turn|14
|
|switch|p2a: Heatran|Heatran, M|97/100
|move|p1a: Garchomp|Stealth Rock|p2a: Heatran
|-sidestart|p2: Stjerne|move: Stealth Rock
|
|-weather|Sandstorm|[upkeep]
|-heal|p2a: Heatran|100/100|[from] item: Leftovers
|upkeep
|turn|15
|
|switch|p1a: Skarmory|Skarmory, M|94/100
|-damage|p1a: Skarmory|82/100|[from] Stealth Rock
|switch|p2a: Gliscor|Gliscor, F|100/100 tox
|-damage|p2a: Gliscor|88/100 tox|[from] Stealth Rock
|
|-weather|Sandstorm|[upkeep]
|-heal|p1a: Skarmory|88/100|[from] item: Leftovers
|-heal|p2a: Gliscor|100/100 tox|[from] ability: Poison Heal
|upkeep
|turn|16
|
|switch|p2a: Heatran|Heatran, M|100/100
|-damage|p2a: Heatran|88/100|[from] Stealth Rock
|move|p1a: Skarmory|Spikes|p2a: Heatran
|-sidestart|p2: Stjerne|Spikes
|
|-weather|Sandstorm|[upkeep]
|-heal|p2a: Heatran|94/100|[from] item: Leftovers
|-heal|p1a: Skarmory|94/100|[from] item: Leftovers
|upkeep
|turn|17
|
|switch|p1a: Garchomp|Garchomp, M|80/100
|-damage|p1a: Garchomp|74/100|[from] Stealth Rock
|move|p2a: Heatran|Lava Plume|p1a: Garchomp
|-resisted|p1a: Garchomp
|-damage|p1a: Garchomp|56/100
|
|-weather|Sandstorm|[upkeep]
|-heal|p2a: Heatran|100/100|[from] item: Leftovers
|upkeep
|turn|18
|
|move|p1a: Garchomp|Earthquake|p2a: Heatran
|-supereffective|p2a: Heatran
|-damage|p2a: Heatran|0 fnt
|faint|p2a: Heatran
|
|-weather|Sandstorm|[upkeep]
|upkeep
|
|switch|p2a: Keldeo|Keldeo-Resolute|70/100
|-damage|p2a: Keldeo|63/100|[from] Stealth Rock
|-damage|p2a: Keldeo|51/100|[from] Spikes
|turn|19
|
|move|p2a: Keldeo|Scald|p1a: Garchomp
|-damage|p1a: Garchomp|9/100
|-status|p1a: Garchomp|brn
|move|p1a: Garchomp|Earthquake|p2a: Keldeo
|-damage|p2a: Keldeo|27/100
|
|-weather|Sandstorm|[upkeep]
|-damage|p2a: Keldeo|21/100|[from] Sandstorm
|-heal|p2a: Keldeo|27/100|[from] item: Leftovers
|-damage|p1a: Garchomp|0 fnt|[from] brn
|upkeep
|faint|p1a: Garchomp
|
|switch|p1a: Alakazam|Alakazam, M|100/100
|turn|20
|
|switch|p2a: Jirachi|Jirachi|62/100
|-damage|p2a: Jirachi|56/100|[from] Stealth Rock
|-damage|p2a: Jirachi|44/100|[from] Spikes
|move|p1a: Alakazam|Psychic|p2a: Jirachi
|-resisted|p2a: Jirachi
|-damage|p2a: Jirachi|32/100
|
|-weather|Sandstorm|[upkeep]
|upkeep
|turn|21
|
|switch|p1a: Skarmory|Skarmory, M|94/100
|-damage|p1a: Skarmory|82/100|[from] Stealth Rock
|move|p2a: Jirachi|Iron Head|p1a: Skarmory
|-resisted|p1a: Skarmory
|-damage|p1a: Skarmory|69/100
|
|-weather|Sandstorm|[upkeep]
|-heal|p1a: Skarmory|75/100|[from] item: Leftovers
|upkeep
|turn|22
|
|move|p2a: Jirachi|Iron Head|p1a: Skarmory
|-resisted|p1a: Skarmory
|-damage|p1a: Skarmory|62/100
|cant|p1a: Skarmory|flinch
|
|-weather|Sandstorm|[upkeep]
|-heal|p1a: Skarmory|68/100|[from] item: Leftovers
|upkeep
|turn|23
|
|move|p2a: Jirachi|Iron Head|p1a: Skarmory
|-resisted|p1a: Skarmory
|-damage|p1a: Skarmory|54/100
|move|p1a: Skarmory|Spikes|p2a: Jirachi
|-sidestart|p2: Stjerne|Spikes
|
|-weather|Sandstorm|[upkeep]
|-heal|p1a: Skarmory|60/100|[from] item: Leftovers
|upkeep
|turn|24
|
|move|p2a: Jirachi|Iron Head|p1a: Skarmory
|-resisted|p1a: Skarmory
|-damage|p1a: Skarmory|47/100
|cant|p1a: Skarmory|flinch
|
|-weather|Sandstorm|[upkeep]
|-heal|p1a: Skarmory|53/100|[from] item: Leftovers
|upkeep
|turn|25
|
|move|p2a: Jirachi|Iron Head|p1a: Skarmory
|-resisted|p1a: Skarmory
|-damage|p1a: Skarmory|40/100
|move|p1a: Skarmory|Roost|p1a: Skarmory
|-heal|p1a: Skarmory|91/100
|
|-weather|Sandstorm|[upkeep]
|-heal|p1a: Skarmory|97/100|[from] item: Leftovers
|upkeep
|turn|26
|
|switch|p2a: Hydreigon|Hydreigon, M|100/100
|-damage|p2a: Hydreigon|88/100|[from] Stealth Rock
|move|p1a: Skarmory|Whirlwind|p2a: Hydreigon
|drag|p2a: Keldeo|Keldeo-Resolute|27/100
|-damage|p2a: Keldeo|10/100|[from] Spikes
|-damage|p2a: Keldeo|4/100|[from] Stealth Rock
|
|-weather|Sandstorm|[upkeep]
|-damage|p2a: Keldeo|0 fnt|[from] Sandstorm
|-heal|p1a: Skarmory|100/100|[from] item: Leftovers
|upkeep
|faint|p2a: Keldeo
|
|switch|p2a: Hydreigon|Hydreigon, M|88/100
|-damage|p2a: Hydreigon|76/100|[from] Stealth Rock
|turn|27
|
|move|p2a: Hydreigon|Superpower|p1a: Skarmory
|-damage|p1a: Skarmory|70/100
|-unboost|p2a: Hydreigon|atk|1
|-unboost|p2a: Hydreigon|def|1
|-damage|p2a: Hydreigon|66/100|[from] item: Life Orb
|move|p1a: Skarmory|Whirlwind|p2a: Hydreigon
|drag|p2a: Jirachi|Jirachi|32/100
|-damage|p2a: Jirachi|26/100|[from] Stealth Rock
|-damage|p2a: Jirachi|10/100|[from] Spikes
|
|-weather|Sandstorm|[upkeep]
|-heal|p1a: Skarmory|76/100|[from] item: Leftovers
|upkeep
|turn|28
|
|move|p2a: Jirachi|Trick|p1a: Skarmory
|-activate|p2a: Jirachi|move: Trick|[of] p1a: Skarmory
|-item|p1a: Skarmory|Choice Scarf|[from] move: Trick
|-item|p2a: Jirachi|Leftovers|[from] move: Trick
|move|p1a: Skarmory|Whirlwind|p2a: Jirachi
|drag|p2a: Gliscor|Gliscor, F|100/100 tox
|-damage|p2a: Gliscor|88/100 tox|[from] Stealth Rock
|
|-weather|Sandstorm|[upkeep]
|-heal|p2a: Gliscor|100/100 tox|[from] ability: Poison Heal
|upkeep
|turn|29
|
|move|p2a: Gliscor|Substitute|p2a: Gliscor
|-start|p2a: Gliscor|Substitute
|-damage|p2a: Gliscor|76/100 tox
|move|p1a: Skarmory|Whirlwind|p2a: Gliscor
|drag|p2a: Jirachi|Jirachi|10/100
|-damage|p2a: Jirachi|0 fnt|[from] Spikes
|faint|p2a: Jirachi
|
|-weather|Sandstorm|[upkeep]
|upkeep
|
|switch|p2a: Hydreigon|Hydreigon, M|66/100
|-damage|p2a: Hydreigon|54/100|[from] Stealth Rock
|turn|30
|
|move|p2a: Hydreigon|Roost|p2a: Hydreigon
|-heal|p2a: Hydreigon|100/100
|move|p1a: Skarmory|Whirlwind|p2a: Hydreigon
|drag|p2a: Gliscor|Gliscor, F|76/100 tox
|-damage|p2a: Gliscor|63/100 tox|[from] Stealth Rock
|
|-weather|Sandstorm|[upkeep]
|-heal|p2a: Gliscor|76/100 tox|[from] ability: Poison Heal
|upkeep
|turn|31
|
|move|p2a: Gliscor|Protect|p2a: Gliscor
|-singleturn|p2a: Gliscor|Protect
|move|p1a: Skarmory|Whirlwind|p2a: Gliscor
|-activate|p2a: Gliscor|move: Protect
|
|-weather|Sandstorm|[upkeep]
|-heal|p2a: Gliscor|88/100 tox|[from] ability: Poison Heal
|upkeep
|turn|32
|
|move|p2a: Gliscor|Earthquake|p1a: Skarmory
|-immune|p1a: Skarmory|[msg]
|move|p1a: Skarmory|Whirlwind|p2a: Gliscor
|drag|p2a: Hydreigon|Hydreigon, M|100/100
|-damage|p2a: Hydreigon|88/100|[from] Stealth Rock
|
|-weather|Sandstorm|[upkeep]
|-damage|p2a: Hydreigon|82/100|[from] Sandstorm
|upkeep
|turn|33
|
|move|p2a: Hydreigon|Fire Blast|p1a: Skarmory
|-supereffective|p1a: Skarmory
|-damage|p1a: Skarmory|0 fnt
|-damage|p2a: Hydreigon|72/100|[from] item: Life Orb
|faint|p1a: Skarmory
|
|-weather|Sandstorm|[upkeep]
|-damage|p2a: Hydreigon|66/100|[from] Sandstorm
|upkeep
|
|switch|p1a: Alakazam|Alakazam, M|100/100
|turn|34
|
|move|p1a: Alakazam|Focus Blast|p2a: Hydreigon|[miss]
|-miss|p1a: Alakazam|p2a: Hydreigon
|move|p2a: Hydreigon|Draco Meteor|p1a: Alakazam
|-crit|p1a: Alakazam
|-enditem|p1a: Alakazam|Focus Sash
|-damage|p1a: Alakazam|1/100
|-unboost|p2a: Hydreigon|spa|2
|-damage|p2a: Hydreigon|56/100|[from] item: Life Orb
|
|-weather|Sandstorm|[upkeep]
|-damage|p2a: Hydreigon|50/100|[from] Sandstorm
|upkeep
|turn|35
|
|move|p1a: Alakazam|Focus Blast|p2a: Hydreigon
|-supereffective|p2a: Hydreigon
|-damage|p2a: Hydreigon|0 fnt
|faint|p2a: Hydreigon
|
|-weather|Sandstorm|[upkeep]
|upkeep
|
|switch|p2a: Gliscor|Gliscor, F|88/100 tox
|-damage|p2a: Gliscor|76/100 tox|[from] Stealth Rock
|turn|36
|
|move|p2a: Gliscor|Protect|p2a: Gliscor
|-singleturn|p2a: Gliscor|Protect
|move|p1a: Alakazam|Psychic|p2a: Gliscor
|-activate|p2a: Gliscor|move: Protect
|
|-weather|Sandstorm|[upkeep]
|-heal|p2a: Gliscor|88/100 tox|[from] ability: Poison Heal
|upkeep
|turn|37
|
|move|p1a: Alakazam|Psychic|p2a: Gliscor
|-damage|p2a: Gliscor|25/100 tox
|move|p2a: Gliscor|Earthquake|p1a: Alakazam
|-damage|p1a: Alakazam|0 fnt
|faint|p1a: Alakazam
|
|-weather|Sandstorm|[upkeep]
|-heal|p2a: Gliscor|38/100 tox|[from] ability: Poison Heal
|upkeep
|
|switch|p1a: Tyranitar|Tyranitar, M|86/100
|-damage|p1a: Tyranitar|74/100|[from] Stealth Rock
|turn|38
|
|move|p2a: Gliscor|Protect|p2a: Gliscor
|-singleturn|p2a: Gliscor|Protect
|move|p1a: Tyranitar|Ice Beam|p2a: Gliscor
|-activate|p2a: Gliscor|move: Protect
|
|-weather|Sandstorm|[upkeep]
|-heal|p2a: Gliscor|50/100 tox|[from] ability: Poison Heal
|upkeep
|turn|39
|
|move|p1a: Tyranitar|Ice Beam|p2a: Gliscor
|-supereffective|p2a: Gliscor
|-damage|p2a: Gliscor|0 fnt
|faint|p2a: Gliscor
|
|win|Oro e Diamanti
|l|☆Stjerne
|l| Ayo~ukoo
|raw|Oro e Diamanti's rating: 1372 &rarr; <strong>1394</strong><br />(+22 for winning)
|raw|Stjerne's rating: 1420 &rarr; <strong>1397</strong><br />(-23 for losing)
|j| Ayo~ukoo
|l| Ayo~ukoo
