|j|sugarhigh
|j|BKC
|player|p1|sugarhigh|223
|player|p2|BKC|#bkc
|gametype|singles
|gen|5
|tier|[Gen 5] OU
|rated
|seed|
|rule|Evasion Abilities Clause: Evasion abilities are banned
|rule|Baton Pass Clause: Limit one Baton Passer, can't pass Spe and other stats simultaneously
|rule|Swagger Clause: Swagger is banned
|clearpoke
|poke|p1|Salamence, M|item
|poke|p1|Dragonite, F|item
|poke|p1|Magnezone|item
|poke|p1|Latios, M|item
|poke|p1|Jirachi|item
|poke|p1|Terrakion|item
|poke|p2|Landorus-Therian, M|item
|poke|p2|Tyranitar, F|item
|poke|p2|Slowking, M|item
|poke|p2|Garchomp, F|item
|poke|p2|Breloom, F|item
|poke|p2|Jirachi|item
|rule|Sleep Clause Mod: Limit one foe put to sleep
|rule|Species Clause: Limit one of each Pokémon
|rule|OHKO Clause: OHKO moves are banned
|rule|Moody Clause: Moody is banned
|rule|Evasion Moves Clause: Evasion moves are banned
|rule|Endless Battle Clause: Forcing endless battles is banned
|rule|HP Percentage Mod: HP is shown in percentages
|teampreview
|c|★BKC|g_L
|c|★sugarhigh|hello!
|choice||
|
|start
|switch|p1a: Latios|Latios, M|100/100
|switch|p2a: Jirachi|Jirachi|100/100
|turn|1
|choice||
|
|switch|p1a: Terrakion|Terrakion|100/100
|move|p2a: Jirachi|Icy Wind|p1a: Terrakion
|-damage|p1a: Terrakion|79/100
|-unboost|p1a: Terrakion|spe|1
|
|turn|2
|choice||
|
|switch|p1a: Magnezone|Magnezone|100/100
|move|p2a: Jirachi|Energy Ball|p1a: Magnezone
|-resisted|p1a: Magnezone
|-damage|p1a: Magnezone|83/100
|
|-heal|p1a: Magnezone|89/100|[from] item: Leftovers
|turn|3
|choice||
|
|move|p2a: Jirachi|Hidden Power|p1a: Magnezone
|-supereffective|p1a: Magnezone
|-damage|p1a: Magnezone|31/100
|move|p1a: Magnezone|Substitute|p1a: Magnezone
|-start|p1a: Magnezone|Substitute
|-damage|p1a: Magnezone|6/100
|
|-heal|p1a: Magnezone|12/100|[from] item: Leftovers
|turn|4
|choice||
|
|move|p2a: Jirachi|Hidden Power|p1a: Magnezone
|-supereffective|p1a: Magnezone
|-end|p1a: Magnezone|Substitute
|move|p1a: Magnezone|Thunderbolt|p2a: Jirachi
|-crit|p2a: Jirachi
|-damage|p2a: Jirachi|4/100
|
|-heal|p1a: Magnezone|18/100|[from] item: Leftovers
|turn|5
|choice||
|
|switch|p1a: Terrakion|Terrakion|79/100
|move|p2a: Jirachi|Stealth Rock|p1a: Terrakion
|-sidestart|p1: sugarhigh|move: Stealth Rock
|
|turn|6
|choice||
|
|switch|p2a: Landorus|Landorus-Therian, M|100/100
|-ability|p2a: Landorus|Intimidate|boost
|-unboost|p1a: Terrakion|atk|1
|move|p1a: Terrakion|Stealth Rock|p2a: Landorus
|-sidestart|p2: BKC|move: Stealth Rock
|
|turn|7
|j|Ishy D Squishy
|choice||
|
|switch|p1a: Magnezone|Magnezone|18/100
|-damage|p1a: Magnezone|12/100|[from] Stealth Rock
|move|p2a: Landorus|Earthquake|p1a: Magnezone
|-supereffective|p1a: Magnezone
|-damage|p1a: Magnezone|0 fnt
|faint|p1a: Magnezone
|
|choice||
|
|switch|p1a: Latios|Latios, M|100/100
|-damage|p1a: Latios|88/100|[from] Stealth Rock
|turn|8
|choice||
|
|switch|p2a: Jirachi|Jirachi|4/100
|-damage|p2a: Jirachi|0 fnt|[from] Stealth Rock
|faint|p2a: Jirachi
|move|p1a: Latios|Draco Meteor|p2: Jirachi|[notarget]
|-notarget
|
|choice||
|
|switch|p2a: Tyranitar|Tyranitar, F|100/100
|-damage|p2a: Tyranitar|88/100|[from] Stealth Rock
|-weather|Sandstorm|[from] ability: Sand Stream|[of] p2a: Tyranitar
|turn|9
|choice||
|
|move|p1a: Latios|Draco Meteor|p2a: Tyranitar
|-damage|p2a: Tyranitar|27/100
|-unboost|p1a: Latios|spa|2
|move|p2a: Tyranitar|Pursuit|p1a: Latios
|-supereffective|p1a: Latios
|-damage|p1a: Latios|22/100
|
|-weather|Sandstorm|[upkeep]
|-damage|p1a: Latios|16/100|[from] sandstorm
|turn|10
|choice||
|
|switch|p2a: Slowking|Slowking, M|100/100
|-damage|p2a: Slowking|88/100|[from] Stealth Rock
|move|p1a: Latios|Draco Meteor|p2a: Slowking
|-damage|p2a: Slowking|40/100
|-unboost|p1a: Latios|spa|2
|
|-weather|Sandstorm|[upkeep]
|-damage|p1a: Latios|10/100|[from] sandstorm
|-damage|p2a: Slowking|34/100|[from] sandstorm
|-heal|p2a: Slowking|40/100|[from] item: Leftovers
|turn|11
|choice||
|
|switch|p1a: Jirachi|Jirachi|100/100
|-damage|p1a: Jirachi|94/100|[from] Stealth Rock
|move|p2a: Slowking|Slack Off|p2a: Slowking
|-heal|p2a: Slowking|91/100
|
|-weather|Sandstorm|[upkeep]
|-damage|p2a: Slowking|84/100|[from] sandstorm
|-heal|p2a: Slowking|91/100|[from] item: Leftovers
|turn|12
|choice||
|
|move|p1a: Jirachi|U-turn|p2a: Slowking
|-supereffective|p2a: Slowking
|-damage|p2a: Slowking|51/100
|choice||
|
|switch|p1a: Terrakion|Terrakion|79/100
|-damage|p1a: Terrakion|73/100|[from] Stealth Rock
|move|p2a: Slowking|Fire Blast|p1a: Terrakion
|-resisted|p1a: Terrakion
|-damage|p1a: Terrakion|59/100
|
|-weather|Sandstorm|[upkeep]
|-damage|p2a: Slowking|45/100|[from] sandstorm
|-heal|p2a: Slowking|51/100|[from] item: Leftovers
|turn|13
|choice||
|
|switch|p2a: Landorus|Landorus-Therian, M|100/100
|-damage|p2a: Landorus|88/100|[from] Stealth Rock
|-ability|p2a: Landorus|Intimidate|boost
|-unboost|p1a: Terrakion|atk|1
|move|p1a: Terrakion|Stone Edge|p2a: Landorus
|-damage|p2a: Landorus|50/100
|
|-weather|Sandstorm|[upkeep]
|turn|14
|choice||
|
|move|p2a: Landorus|U-turn|p1a: Terrakion
|-resisted|p1a: Terrakion
|-damage|p1a: Terrakion|42/100
|choice||
|
|switch|p2a: Garchomp|Garchomp, F|100/100
|-damage|p2a: Garchomp|94/100|[from] Stealth Rock
|move|p1a: Terrakion|Close Combat|p2a: Garchomp
|-damage|p2a: Garchomp|55/100
|-damage|p1a: Terrakion|30/100|[from] ability: Rough Skin|[of] p2a: Garchomp
|-unboost|p1a: Terrakion|def|1
|-unboost|p1a: Terrakion|spd|1
|
|-weather|Sandstorm|[upkeep]
|turn|15
|choice||
|
|move|p1a: Terrakion|Taunt|p2a: Garchomp
|-start|p2a: Garchomp|move: Taunt
|move|p2a: Garchomp|Earthquake|p1a: Terrakion
|-supereffective|p1a: Terrakion
|-damage|p1a: Terrakion|0 fnt
|faint|p1a: Terrakion
|
|-weather|Sandstorm|[upkeep]
|choice||
|
|switch|p1a: Jirachi|Jirachi|94/100
|-damage|p1a: Jirachi|88/100|[from] Stealth Rock
|turn|16
|choice||
|
|switch|p2a: Tyranitar|Tyranitar, F|27/100
|-damage|p2a: Tyranitar|15/100|[from] Stealth Rock
|move|p1a: Jirachi|Iron Head|p2a: Tyranitar
|-supereffective|p2a: Tyranitar
|-damage|p2a: Tyranitar|0 fnt
|faint|p2a: Tyranitar
|
|-weather|Sandstorm|[upkeep]
|choice||
|
|switch|p2a: Slowking|Slowking, M|84/100
|-damage|p2a: Slowking|72/100|[from] Stealth Rock
|turn|17
|choice||
|
|switch|p1a: Salamence|Salamence, M|100/100
|-damage|p1a: Salamence|76/100|[from] Stealth Rock
|move|p2a: Slowking|Scald|p1a: Salamence
|-resisted|p1a: Salamence
|-damage|p1a: Salamence|49/100
|-status|p1a: Salamence|brn
|-enditem|p1a: Salamence|Lum Berry|[eat]
|-curestatus|p1a: Salamence|brn
|
|-weather|Sandstorm|[upkeep]
|-damage|p1a: Salamence|42/100|[from] sandstorm
|-damage|p2a: Slowking|66/100|[from] sandstorm
|-heal|p2a: Slowking|72/100|[from] item: Leftovers
|turn|18
|choice||
|
|move|p1a: Salamence|Outrage|p2a: Slowking
|-damage|p2a: Slowking|8/100
|move|p2a: Slowking|Psyshock|p1a: Salamence
|-damage|p1a: Salamence|0 fnt
|faint|p1a: Salamence
|
|-weather|Sandstorm|[upkeep]
|-damage|p2a: Slowking|2/100|[from] sandstorm
|-heal|p2a: Slowking|8/100|[from] item: Leftovers
|choice||
|
|switch|p1a: Dragonite|Dragonite, F|100/100
|-damage|p1a: Dragonite|76/100|[from] Stealth Rock
|turn|19
|choice||
|
|switch|p2a: Landorus|Landorus-Therian, M|50/100
|-damage|p2a: Landorus|38/100|[from] Stealth Rock
|-ability|p2a: Landorus|Intimidate|boost
|-unboost|p1a: Dragonite|atk|1
|move|p1a: Dragonite|Dragon Dance|p1a: Dragonite
|-boost|p1a: Dragonite|atk|1
|-boost|p1a: Dragonite|spe|1
|
|-weather|Sandstorm|[upkeep]
|-damage|p1a: Dragonite|70/100|[from] sandstorm
|turn|20
|choice||
|
|switch|p2a: Garchomp|Garchomp, F|55/100
|-damage|p2a: Garchomp|48/100|[from] Stealth Rock
|move|p1a: Dragonite|Dragon Dance|p1a: Dragonite
|-boost|p1a: Dragonite|atk|1
|-boost|p1a: Dragonite|spe|1
|
|-weather|Sandstorm|[upkeep]
|-damage|p1a: Dragonite|63/100|[from] sandstorm
|turn|21
|choice||
|
|switch|p2a: Landorus|Landorus-Therian, M|38/100
|-damage|p2a: Landorus|26/100|[from] Stealth Rock
|-ability|p2a: Landorus|Intimidate|boost
|-unboost|p1a: Dragonite|atk|1
|move|p1a: Dragonite|Dragon Claw|p2a: Landorus
|-damage|p2a: Landorus|0 fnt
|faint|p2a: Landorus
|
|-weather|Sandstorm|[upkeep]
|-damage|p1a: Dragonite|57/100|[from] sandstorm
|choice||
|
|switch|p2a: Garchomp|Garchomp, F|48/100
|-damage|p2a: Garchomp|42/100|[from] Stealth Rock
|turn|22
|choice||
|
|move|p1a: Dragonite|Dragon Claw|p2a: Garchomp
|-supereffective|p2a: Garchomp
|-damage|p2a: Garchomp|0 fnt
|-damage|p1a: Dragonite|45/100|[from] ability: Rough Skin|[of] p2a: Garchomp
|faint|p2a: Garchomp
|
|-weather|Sandstorm|[upkeep]
|-damage|p1a: Dragonite|39/100|[from] sandstorm
|choice||
|
|switch|p2a: Breloom|Breloom, F|100/100
|-damage|p2a: Breloom|94/100|[from] Stealth Rock
|turn|23
|choice||
|
|move|p2a: Breloom|Mach Punch|p1a: Dragonite
|-resisted|p1a: Dragonite
|-damage|p1a: Dragonite|14/100
|-damage|p2a: Breloom|85/100|[from] item: Life Orb
|move|p1a: Dragonite|Fire Punch|p2a: Breloom
|-supereffective|p2a: Breloom
|-damage|p2a: Breloom|0 fnt
|faint|p2a: Breloom
|
|-weather|Sandstorm|[upkeep]
|-damage|p1a: Dragonite|8/100|[from] sandstorm
|c|★BKC|gg
|c|★sugarhigh|GG
|choice||
|
|switch|p2a: Slowking|Slowking, M|42/100
|-damage|p2a: Slowking|29/100|[from] Stealth Rock
|turn|24
|l|Ishy D Squishy
|choice||
|
|move|p1a: Dragonite|Dragon Claw|p2a: Slowking
|-damage|p2a: Slowking|0 fnt
|faint|p2a: Slowking
|
|win|sugarhigh
|player|p1
|player|p2
|raw|sugarhigh's rating: 1425 &rarr; <strong>1451</strong><br />(+26 for winning)
|raw|BKC's rating: 1534 &rarr; <strong>1508</strong><br />(-26 for losing)