|join|Spartanlt
|join|dtw
|player|p1|Spartanlt|52
|player|p2|dtw|170
|gametype|singles
|gen|5
|tier|[Gen 5] OU
|rated
|rule|Evasion Abilities Clause: Evasion abilities are banned
|clearpoke
|poke|p1|Politoed, M
|poke|p1|Toxicroak, M
|poke|p1|Ferrothorn, M
|poke|p1|Jolteon, M
|poke|p1|Volcarona, M
|poke|p1|Gyarados, F
|poke|p2|Tyranitar, F
|poke|p2|Breloom, M
|poke|p2|Skarmory, F
|poke|p2|Gengar, F
|poke|p2|Gothitelle, M
|poke|p2|Staraptor, F
|rule|Sleep Clause Mod: Limit one foe put to sleep
|rule|Species Clause: Limit one of each Pokemon
|rule|OHKO Clause: OHKO moves are banned
|rule|Moody Clause: Moody is banned
|rule|Evasion Moves Clause: Evasion moves are banned
|rule|Endless Battle Clause: Forcing endless battles is banned.
|rule|HP Percentage Mod: HP is reported as percentages
|teampreview
|
|start
|switch|p1a: Volcarona|Volcarona, M|312/312
|switch|p2a: Skarmory|Skarmory, F|271/271
|turn|1
|
|move|p1a: Volcarona|Fiery Dance|p2a: Skarmory
|-supereffective|p2a: Skarmory
|-activate|p2a: Skarmory|Sturdy
|-damage|p2a: Skarmory|1/271
|move|p2a: Skarmory|Stealth Rock|p1a: Volcarona
|-sidestart|p1: Spartanlt|move: Stealth Rock
|
|turn|2
|-enditem|p2a: Skarmory|Custap Berry|[eat]
|-activate|p2a: Skarmory|Custap Berry
|
|move|p2a: Skarmory|Spikes|p1a: Volcarona
|-sidestart|p1: Spartanlt|Spikes
|move|p1a: Volcarona|Fiery Dance|p2a: Skarmory
|-supereffective|p2a: Skarmory
|-damage|p2a: Skarmory|0 fnt
|-boost|p1a: Volcarona|spa|1
|faint|p2a: Skarmory
|
|
|switch|p2a: Tyranitar|Tyranitar, F|386/386
|-weather|Sandstorm|[from] ability: Sand Stream|[of] p2a: Tyranitar
|turn|3
|
|move|p1a: Volcarona|Giga Drain|p2a: Tyranitar
|-supereffective|p2a: Tyranitar
|-damage|p2a: Tyranitar|174/386
|move|p2a: Tyranitar|Pursuit|p1a: Volcarona
|-damage|p1a: Volcarona|132/312
|
|-weather|Sandstorm|[upkeep]
|-damage|p1a: Volcarona|113/312|[from] Sandstorm
|turn|4
|
|switch|p2a: Gothitelle|Gothitelle, M|281/281
|move|p1a: Volcarona|Giga Drain|p2a: Gothitelle
|-damage|p2a: Gothitelle|140/281
|-heal|p1a: Volcarona|184/312|[from] drain|[of] p2a: Gothitelle
|
|-weather|Sandstorm|[upkeep]
|-damage|p2a: Gothitelle|123/281|[from] Sandstorm
|-damage|p1a: Volcarona|165/312|[from] Sandstorm
|turn|5
|
|move|p2a: Gothitelle|Trick|p1a: Volcarona
|-activate|p2a: Gothitelle|move: Trick|[of] p1a: Volcarona
|-item|p1a: Volcarona|Choice Scarf|[from] move: Trick
|-item|p2a: Gothitelle|Focus Sash|[from] move: Trick
|move|p1a: Volcarona|Fiery Dance|p2a: Gothitelle
|-damage|p2a: Gothitelle|0 fnt
|-boost|p1a: Volcarona|spa|1
|faint|p2a: Gothitelle
|
|-weather|Sandstorm|[upkeep]
|-damage|p1a: Volcarona|146/312|[from] Sandstorm
|
|switch|p2a: Tyranitar|Tyranitar, F|174/386
|turn|6
|
|move|p1a: Volcarona|Fiery Dance|p2a: Tyranitar
|-resisted|p2a: Tyranitar
|-damage|p2a: Tyranitar|66/386
|-boost|p1a: Volcarona|spa|1
|move|p2a: Tyranitar|Crunch|p1a: Volcarona
|-damage|p1a: Volcarona|0 fnt
|-status|p2a: Tyranitar|brn
|faint|p1a: Volcarona
|
|-weather|Sandstorm|[upkeep]
|-damage|p2a: Tyranitar|18/386 brn|[from] brn
|
|switch|p1a: Politoed|Politoed, M|384/384
|-damage|p1a: Politoed|336/384|[from] Stealth Rock
|-damage|p1a: Politoed|288/384|[from] Spikes
|-weather|RainDance|[from] ability: Drizzle|[of] p1a: Politoed
|turn|7
|
|move|p1a: Politoed|Protect|p1a: Politoed
|-singleturn|p1a: Politoed|Protect
|move|p2a: Tyranitar|Crunch|p1a: Politoed
|-activate|p1a: Politoed|Protect
|
|-weather|RainDance|[upkeep]
|-heal|p1a: Politoed|312/384|[from] item: Leftovers
|-damage|p2a: Tyranitar|0 fnt|[from] brn
|faint|p2a: Tyranitar
|
|switch|p2a: Breloom|Breloom, M|261/261
|turn|8
|
|switch|p1a: Ferrothorn|Ferrothorn, M|352/352
|-damage|p1a: Ferrothorn|330/352|[from] Stealth Rock
|-damage|p1a: Ferrothorn|286/352|[from] Spikes
|move|p2a: Breloom|Spore|p1a: Ferrothorn
|-status|p1a: Ferrothorn|slp
|
|-weather|RainDance|[upkeep]
|-heal|p1a: Ferrothorn|308/352 slp|[from] item: Leftovers
|turn|9
|
|switch|p2a: Gengar|Gengar, F|261/261
|switch|p1a: Toxicroak|Toxicroak, M|370/370
|-damage|p1a: Toxicroak|324/370|[from] Spikes
|-damage|p1a: Toxicroak|301/370|[from] Stealth Rock
|
|-weather|RainDance|[upkeep]
|-heal|p1a: Toxicroak|347/370|[from] ability: Dry Skin
|-heal|p1a: Toxicroak|370/370|[from] item: Black Sludge
|turn|10
|
|move|p2a: Gengar|Substitute|p2a: Gengar
|-start|p2a: Gengar|Substitute
|-damage|p2a: Gengar|196/261
|move|p1a: Toxicroak|Ice Punch|p2a: Gengar
|-end|p2a: Gengar|Substitute
|
|-weather|RainDance|[upkeep]
|turn|11
|
|switch|p1a: Politoed|Politoed, M|312/384
|-damage|p1a: Politoed|264/384|[from] Stealth Rock
|-damage|p1a: Politoed|216/384|[from] Spikes
|move|p2a: Gengar|Shadow Ball|p1a: Politoed
|-damage|p1a: Politoed|35/384
|-unboost|p1a: Politoed|spd|1
|-damage|p2a: Gengar|170/261|[from] item: Life Orb
|
|-weather|RainDance|[upkeep]
|-heal|p1a: Politoed|59/384|[from] item: Leftovers
|turn|12
|
|move|p2a: Gengar|Substitute|p2a: Gengar
|-start|p2a: Gengar|Substitute
|-damage|p2a: Gengar|105/261
|move|p1a: Politoed|Perish Song|p1a: Politoed
|-fieldactivate|move: Perish Song
|
|-start|p2a: Gengar|perish3
|-start|p1a: Politoed|perish3
|-weather|RainDance|[upkeep]
|-heal|p1a: Politoed|83/384|[from] item: Leftovers
|turn|13
|
|move|p1a: Politoed|Protect|p1a: Politoed
|-singleturn|p1a: Politoed|Protect
|move|p2a: Gengar|Shadow Ball|p1a: Politoed
|-activate|p1a: Politoed|Protect
|
|-start|p2a: Gengar|perish2
|-start|p1a: Politoed|perish2
|-weather|RainDance|[upkeep]
|-heal|p1a: Politoed|107/384|[from] item: Leftovers
|turn|14
|
|move|p2a: Gengar|Shadow Ball|p1a: Politoed
|-damage|p1a: Politoed|0 fnt
|-damage|p2a: Gengar|79/261|[from] item: Life Orb
|faint|p1a: Politoed
|
|-start|p2a: Gengar|perish1
|-weather|RainDance|[upkeep]
|
|switch|p1a: Jolteon|Jolteon, M|272/272
|-damage|p1a: Jolteon|238/272|[from] Stealth Rock
|-item|p1a: Jolteon|Air Balloon
|turn|15
|
|move|p1a: Jolteon|Thunder|p2a: Gengar
|-end|p2a: Gengar|Substitute
|move|p2a: Gengar|Shadow Ball|p1a: Jolteon
|-damage|p1a: Jolteon|38/272
|-enditem|p1a: Jolteon|Air Balloon
|-damage|p2a: Gengar|53/261|[from] item: Life Orb
|
|-start|p2a: Gengar|perish0
|-weather|RainDance|[upkeep]
|faint|p2a: Gengar
|
|switch|p2a: Breloom|Breloom, M|261/261
|turn|16
|
|move|p2a: Breloom|Mach Punch|p1a: Jolteon
|-damage|p1a: Jolteon|0 fnt
|faint|p1a: Jolteon
|
|-weather|RainDance|[upkeep]
|
|switch|p1a: Toxicroak|Toxicroak, M|370/370
|-damage|p1a: Toxicroak|347/370|[from] Stealth Rock
|-damage|p1a: Toxicroak|301/370|[from] Spikes
|turn|17
|
|move|p2a: Breloom|Bullet Seed|p1a: Toxicroak
|-resisted|p1a: Toxicroak
|-damage|p1a: Toxicroak|246/370
|-resisted|p1a: Toxicroak
|-damage|p1a: Toxicroak|190/370
|-hitcount|p1a: Toxicroak|2
|move|p1a: Toxicroak|Ice Punch|p2a: Breloom
|-supereffective|p2a: Breloom
|-damage|p2a: Breloom|59/261
|
|-weather|RainDance|[upkeep]
|-heal|p1a: Toxicroak|236/370|[from] ability: Dry Skin
|-heal|p1a: Toxicroak|259/370|[from] item: Black Sludge
|turn|18
|
|move|p2a: Breloom|Bullet Seed|p1a: Toxicroak
|-crit|p1a: Toxicroak
|-resisted|p1a: Toxicroak
|-damage|p1a: Toxicroak|156/370
|-crit|p1a: Toxicroak
|-resisted|p1a: Toxicroak
|-damage|p1a: Toxicroak|59/370
|-resisted|p1a: Toxicroak
|-damage|p1a: Toxicroak|11/370
|-resisted|p1a: Toxicroak
|-damage|p1a: Toxicroak|0 fnt
|-hitcount|p1a: Toxicroak|4
|faint|p1a: Toxicroak
|
|-weather|RainDance|[upkeep]
|
|switch|p1a: Gyarados|Gyarados, F|332/332
|-damage|p1a: Gyarados|249/332|[from] Stealth Rock
|turn|19
|
|move|p1a: Gyarados|Waterfall|p2a: Breloom
|-crit|p2a: Breloom
|-resisted|p2a: Breloom
|-damage|p2a: Breloom|0 fnt
|faint|p2a: Breloom
|-boost|p1a: Gyarados|atk|1|[from] ability: Moxie
|
|-weather|RainDance|[upkeep]
|
|switch|p2a: Staraptor|Staraptor, F|311/311
|turn|20
|
|move|p2a: Staraptor|Brave Bird|p1a: Gyarados
|-damage|p1a: Gyarados|0 fnt
|-damage|p2a: Staraptor|229/311|[from] recoil|[of] p1a: Gyarados
|faint|p1a: Gyarados
|
|-weather|RainDance|[upkeep]
|
|switch|p1a: Ferrothorn|Ferrothorn, M|308/352 slp
|-damage|p1a: Ferrothorn|286/352 slp|[from] Stealth Rock
|-damage|p1a: Ferrothorn|242/352 slp|[from] Spikes
|turn|21
|
|move|p2a: Staraptor|Brave Bird|p1a: Ferrothorn
|-crit|p1a: Ferrothorn
|-damage|p1a: Ferrothorn|0 fnt
|-damage|p2a: Staraptor|191/311|[from] ability: Iron Barbs|[of] p1a: Ferrothorn
|-damage|p2a: Staraptor|111/311|[from] recoil|[of] p1a: Ferrothorn
|faint|p1a: Ferrothorn
|
|win|dtw
|raw|Ladder updating...
|raw|Spartanlt's rating: 1361 &rarr; <strong>1338</strong><br />(-23 for losing)
|raw|dtw's rating: 1308 &rarr; <strong>1331</strong><br />(+23 for winning)
|chat|dtw|gg