|j|☆Gen5OU.AntiMeta
|j|☆bronzongsunderbell
|t:|1747582625
|gametype|singles
|player|p1|Gen5OU.AntiMeta|cyrus|1273
|player|p2|bronzongsunderbell|1|1461
|teamsize|p1|6
|teamsize|p2|6
|gen|5
|tier|[Gen 5] OU
|rated|
|rule|Species Clause: Limit one of each Pokémon
|rule|OHKO Clause: OHKO moves are banned
|rule|Moody Clause: Moody is banned
|rule|Evasion Items Clause: Evasion items are banned
|rule|Evasion Moves Clause: Evasion moves are banned
|rule|Endless Battle Clause: Forcing endless battles is banned
|rule|HP Percentage Mod: HP is shown in percentages
|rule|Evasion Abilities Clause: Evasion abilities are banned
|rule|Sleep Moves Clause: Sleep-inducing moves are banned
|rule|Swagger Clause: Swagger is banned
|rule|Baton Pass Stat Clause: No Baton Passer may have a way to boost its stats
|clearpoke
|poke|p1|Breloom, F|item
|poke|p1|Gyarados, M|item
|poke|p1|Ferrothorn, M|item
|poke|p1|Jirachi|item
|poke|p1|Blastoise, M|item
|poke|p1|Heatran, M|item
|poke|p2|Omastar, M|item
|poke|p2|Ferrothorn, M|item
|poke|p2|Mesprit|item
|poke|p2|Reuniclus, M|item
|poke|p2|Jellicent, F|item
|poke|p2|Machamp, F|item
|teampreview
|inactive|Battle timer is ON: inactive players will automatically lose when time's up. (requested by Gen5OU.AntiMeta)
|c|☆Gen5OU.AntiMeta|:)))))))))
|c|☆bronzongsunderbell|Hmmm
|inactive|bronzongsunderbell has 120 seconds left.
|
|t:|1747582657
|start
|switch|p1a: Blastoise|Blastoise, M|100/100
|switch|p2a: Machamp|Machamp, F|100/100
|turn|1
|
|t:|1747582662
|move|p2a: Machamp|Close Combat|p1a: Blastoise
|-damage|p1a: Blastoise|9/100
|-unboost|p2a: Machamp|def|1
|-unboost|p2a: Machamp|spd|1
|-damage|p2a: Machamp|91/100|[from] item: Life Orb
|move|p1a: Blastoise|Counter|p2a: Machamp
|-damage|p2a: Machamp|0 fnt
|faint|p2a: Machamp
|
|-heal|p1a: Blastoise|15/100|[from] item: Leftovers
|upkeep
|
|t:|1747582669
|switch|p2a: Ferrothorn|Ferrothorn, M|100/100
|turn|2
|
|t:|1747582671
|switch|p1a: Jirachi|Jirachi|100/100
|move|p2a: Ferrothorn|Stealth Rock|p1a: Jirachi
|-sidestart|p1: Gen5OU.AntiMeta|move: Stealth Rock
|
|upkeep
|turn|3
|
|t:|1747582676
|switch|p2a: Mesprit|Mesprit|100/100
|move|p1a: Jirachi|Doom Desire|p2a: Mesprit
|-start|p1a: Jirachi|Doom Desire
|
|upkeep
|turn|4
|
|t:|1747582681
|move|p1a: Jirachi|Thunder|p2a: Mesprit|[miss]
|-miss|p1a: Jirachi|p2a: Mesprit
|move|p2a: Mesprit|Trick Room|p2a: Mesprit
|-fieldstart|move: Trick Room|[of] p2a: Mesprit
|
|upkeep
|turn|5
|
|t:|1747582690
|move|p2a: Mesprit|U-turn|p1a: Jirachi
|-damage|p1a: Jirachi|86/100
|
|t:|1747582691
|switch|p2a: Ferrothorn|Ferrothorn, M|100/100|[from] U-turn
|move|p1a: Jirachi|Thunder|p2a: Ferrothorn
|-resisted|p2a: Ferrothorn
|-damage|p2a: Ferrothorn|84/100
|-status|p2a: Ferrothorn|par
|
|-end|p2a: Ferrothorn|move: Doom Desire
|-resisted|p2a: Ferrothorn
|-damage|p2a: Ferrothorn|57/100 par
|upkeep
|turn|6
|
|t:|1747582699
|move|p2a: Ferrothorn|Bulldoze|p1a: Jirachi
|-supereffective|p1a: Jirachi
|-damage|p1a: Jirachi|53/100
|-unboost|p1a: Jirachi|spe|1
|move|p1a: Jirachi|Doom Desire|p2a: Ferrothorn
|-start|p1a: Jirachi|Doom Desire
|
|upkeep
|turn|7
|
|t:|1747582706
|cant|p2a: Ferrothorn|par
|move|p1a: Jirachi|Wish|p1a: Jirachi
|
|upkeep
|turn|8
|
|t:|1747582713
|switch|p1a: Breloom|Breloom, F|100/100
|-damage|p1a: Breloom|94/100|[from] Stealth Rock
|move|p2a: Ferrothorn|Gyro Ball|p1a: Breloom
|-damage|p1a: Breloom|11/100
|
|-end|p2a: Ferrothorn|move: Doom Desire
|-resisted|p2a: Ferrothorn
|-damage|p2a: Ferrothorn|30/100 par
|-heal|p1a: Breloom|67/100|[from] move: Wish|[wisher] Jirachi
|-fieldend|move: Trick Room
|upkeep
|turn|9
|
|t:|1747582723
|switch|p2a: Mesprit|Mesprit|100/100
|move|p1a: Breloom|Drain Punch|p2a: Mesprit
|-resisted|p2a: Mesprit
|-damage|p2a: Mesprit|82/100
|-heal|p1a: Breloom|77/100|[from] drain|[of] p2a: Mesprit
|
|upkeep
|turn|10
|
|t:|1747582732
|switch|p1a: chuck|Ferrothorn, M|100/100
|-damage|p1a: chuck|94/100|[from] Stealth Rock
|move|p2a: Mesprit|Trick Room|p2a: Mesprit
|-fieldstart|move: Trick Room|[of] p2a: Mesprit
|
|upkeep
|turn|11
|
|t:|1747582734
|move|p1a: chuck|Stealth Rock|p2a: Mesprit
|-sidestart|p2: bronzongsunderbell|move: Stealth Rock
|move|p2a: Mesprit|U-turn|p1a: chuck
|-damage|p1a: chuck|81/100
|-damage|p2a: Mesprit|69/100|[from] ability: Iron Barbs|[of] p1a: chuck
|
|t:|1747582739
|switch|p2a: Reuniclus|Reuniclus, M|100/100|[from] U-turn
|
|upkeep
|turn|12
|
|t:|1747582743
|move|p2a: Reuniclus|Focus Blast|p1a: chuck|[miss]
|-miss|p2a: Reuniclus|p1a: chuck
|move|p1a: chuck|Thunder Wave|p2a: Reuniclus
|-status|p2a: Reuniclus|par
|
|upkeep
|turn|13
|
|t:|1747582749
|switch|p1a: Blastoise|Blastoise, M|15/100
|-damage|p1a: Blastoise|3/100|[from] Stealth Rock
|move|p2a: Reuniclus|Focus Blast|p1a: Blastoise|[miss]
|-miss|p2a: Reuniclus|p1a: Blastoise
|
|-heal|p1a: Blastoise|9/100|[from] item: Leftovers
|upkeep
|turn|14
|c|☆bronzongsunderbell|Hahhh
|
|t:|1747582754
|move|p2a: Reuniclus|Psychic|p1a: Blastoise
|-damage|p1a: Blastoise|0 fnt
|faint|p1a: Blastoise
|
|-fieldend|move: Trick Room
|upkeep
|
|t:|1747582758
|switch|p1a: Jirachi|Jirachi|53/100
|-damage|p1a: Jirachi|47/100|[from] Stealth Rock
|turn|15
|
|t:|1747582764
|move|p1a: Jirachi|Doom Desire|p2a: Reuniclus
|-start|p1a: Jirachi|Doom Desire
|move|p2a: Reuniclus|Shadow Ball|p1a: Jirachi
|-damage|p1a: Jirachi|18/100
|
|upkeep
|turn|16
|
|t:|1747582770
|move|p1a: Jirachi|Wish|p1a: Jirachi
|cant|p2a: Reuniclus|par
|
|upkeep
|turn|17
|
|t:|1747582777
|switch|p1a: maxus|Gyarados, M|100/100
|-damage|p1a: maxus|76/100|[from] Stealth Rock
|cant|p2a: Reuniclus|par
|
|-end|p2a: Reuniclus|move: Doom Desire
|-damage|p2a: Reuniclus|42/100 par
|-heal|p1a: maxus|100/100|[from] move: Wish|[wisher] Jirachi
|upkeep
|turn|18
|
|t:|1747582785
|move|p1a: maxus|Substitute|p1a: maxus
|-start|p1a: maxus|Substitute
|-damage|p1a: maxus|76/100
|move|p2a: Reuniclus|Trick Room|p2a: Reuniclus
|-fieldstart|move: Trick Room|[of] p2a: Reuniclus
|
|-heal|p1a: maxus|82/100|[from] item: Leftovers
|upkeep
|turn|19
|
|t:|1747582789
|move|p2a: Reuniclus|Psychic|p1a: maxus
|-end|p1a: maxus|Substitute
|move|p1a: maxus|Bounce||[still]
|-prepare|p1a: maxus|Bounce
|
|-heal|p1a: maxus|88/100|[from] item: Leftovers
|upkeep
|turn|20
|
|t:|1747582791
|move|p2a: Reuniclus|Psychic|p1a: maxus|[miss]
|-miss|p2a: Reuniclus|p1a: maxus
|move|p1a: maxus|Bounce|p2a: Reuniclus|[from] lockedmove
|-damage|p2a: Reuniclus|0 fnt
|faint|p2a: Reuniclus
|-ability|p1a: maxus|Moxie|boost
|-boost|p1a: maxus|atk|1
|
|-heal|p1a: maxus|94/100|[from] item: Leftovers
|upkeep
|
|t:|1747582795
|switch|p2a: Omastar|Omastar, M|100/100
|-damage|p2a: Omastar|88/100|[from] Stealth Rock
|turn|21
|
|t:|1747582800
|switch|p1a: Jirachi|Jirachi|18/100
|-damage|p1a: Jirachi|12/100|[from] Stealth Rock
|move|p2a: Omastar|Hidden Power|p1a: Jirachi
|-damage|p1a: Jirachi|0 fnt
|faint|p1a: Jirachi
|-damage|p2a: Omastar|78/100|[from] item: Life Orb
|
|upkeep
|
|t:|1747582802
|switch|p1a: chuck|Ferrothorn, M|81/100
|-damage|p1a: chuck|74/100|[from] Stealth Rock
|turn|22
|
|t:|1747582809
|switch|p2a: Ferrothorn|Ferrothorn, M|30/100 par
|-damage|p2a: Ferrothorn|24/100 par|[from] Stealth Rock
|move|p1a: chuck|Thunder Wave|p2a: Ferrothorn
|-fail|p2a: Ferrothorn|par
|
|-fieldend|move: Trick Room
|upkeep
|turn|23
|
|t:|1747582814
|switch|p1a: kyoto|Heatran, M|100/100
|-damage|p1a: kyoto|88/100|[from] Stealth Rock
|move|p2a: Ferrothorn|Bulldoze|p1a: kyoto
|-supereffective|p1a: kyoto
|-damage|p1a: kyoto|19/100
|-unboost|p1a: kyoto|spe|1
|
|-heal|p1a: kyoto|25/100|[from] item: Leftovers
|upkeep
|turn|24
|
|t:|1747582821
|move|p1a: kyoto|Magma Storm|p2a: Ferrothorn
|-supereffective|p2a: Ferrothorn
|-damage|p2a: Ferrothorn|0 fnt
|faint|p2a: Ferrothorn
|
|-heal|p1a: kyoto|31/100|[from] item: Leftovers
|upkeep
|
|t:|1747582826
|switch|p2a: Mesprit|Mesprit|69/100
|-damage|p2a: Mesprit|57/100|[from] Stealth Rock
|turn|25
|
|t:|1747582835
|move|p1a: kyoto|Magma Storm|p2a: Mesprit
|-damage|p2a: Mesprit|9/100
|-activate|p2a: Mesprit|move: Magma Storm|[of] p1a: kyoto
|move|p2a: Mesprit|Trick Room|p2a: Mesprit
|-fieldstart|move: Trick Room|[of] p2a: Mesprit
|
|-heal|p1a: kyoto|37/100|[from] item: Leftovers
|-damage|p2a: Mesprit|3/100|[from] move: Magma Storm|[partiallytrapped]
|upkeep
|turn|26
|
|t:|1747582840
|move|p2a: Mesprit|Healing Wish|p2a: Mesprit
|faint|p2a: Mesprit
|move|p1a: kyoto|Substitute|p1a: kyoto
|-start|p1a: kyoto|Substitute
|-damage|p1a: kyoto|13/100
|
|-heal|p1a: kyoto|19/100|[from] item: Leftovers
|upkeep
|
|t:|1747582843
|switch|p2a: Omastar|Omastar, M|78/100
|-heal|p2a: Omastar|100/100|[from] move: Healing Wish
|-damage|p2a: Omastar|88/100|[from] Stealth Rock
|turn|27
|
|t:|1747582845
|move|p2a: Omastar|Hydro Pump|p1a: kyoto
|-supereffective|p1a: kyoto
|-end|p1a: kyoto|Substitute
|-damage|p2a: Omastar|78/100|[from] item: Life Orb
|move|p1a: kyoto|Earth Power|p2a: Omastar
|-supereffective|p2a: Omastar
|-damage|p2a: Omastar|0 fnt
|faint|p2a: Omastar
|
|-heal|p1a: kyoto|25/100|[from] item: Leftovers
|upkeep
|-message|bronzongsunderbell forfeited.
|
|win|Gen5OU.AntiMeta
|raw|Gen5OU.AntiMeta's rating: 1273 &rarr; <strong>1310</strong><br />(+37 for winning)
|raw|bronzongsunderbell's rating: 1461 &rarr; <strong>1431</strong><br />(-30 for losing)
|l|☆Gen5OU.AntiMeta
|player|p1|
|c|☆bronzongsunderbell|I get it
|c|☆bronzongsunderbell|key to win
|c|☆bronzongsunderbell|Dodge thirty focus blasts
