|j|☆Cinema Staff Fan
|j|☆cat at work
|t:|1741868016
|gametype|singles
|player|p1|Cinema Staff Fan|iris|1554
|player|p2|cat at work|169|1485
|teamsize|p1|6
|teamsize|p2|6
|gen|5
|tier|[Gen 5] OU
|rated|
|rule|Species Clause: Limit one of each Pokémon
|rule|OHKO Clause: OHKO moves are banned
|rule|Moody Clause: Moody is banned
|rule|Evasion Items Clause: Evasion items are banned
|rule|Evasion Moves Clause: Evasion moves are banned
|rule|Endless Battle Clause: Forcing endless battles is banned
|rule|HP Percentage Mod: HP is shown in percentages
|rule|Evasion Abilities Clause: Evasion abilities are banned
|rule|Sleep Moves Clause: Sleep-inducing moves are banned
|rule|Swagger Clause: Swagger is banned
|rule|Baton Pass Stat Clause: No Baton Passer may have a way to boost its stats
|clearpoke
|poke|p1|Keldeo|item
|poke|p1|Politoed, M|item
|poke|p1|Excadrill, M|item
|poke|p1|Conkeldurr, F|item
|poke|p1|Toxicroak, M|item
|poke|p1|Alakazam, M|item
|poke|p2|Landorus-Therian, M|item
|poke|p2|Jirachi|item
|poke|p2|Starmie|item
|poke|p2|Mamoswine, M|item
|poke|p2|Dragonite, M|item
|poke|p2|Metagross|item
|teampreview
|inactive|Battle timer is ON: inactive players will automatically lose when time's up. (requested by Cinema Staff Fan)
|c|☆cat at work|Gl hf
|
|t:|1741868028
|start
|switch|p1a: Conkeldurr|Conkeldurr, F|100/100
|switch|p2a: Jirachi|Jirachi|100/100
|turn|1
|
|t:|1741868031
|move|p2a: Jirachi|Psyshock|p1a: Conkeldurr
|-supereffective|p1a: Conkeldurr
|-damage|p1a: Conkeldurr|14/100
|-damage|p2a: Jirachi|91/100|[from] item: Life Orb
|move|p1a: Conkeldurr|Drain Punch|p2a: Jirachi
|-damage|p2a: Jirachi|26/100
|-heal|p1a: Conkeldurr|44/100|[from] drain|[of] p2a: Jirachi
|-damage|p1a: Conkeldurr|34/100|[from] item: Life Orb
|
|upkeep
|turn|2
|
|t:|1741868041
|move|p1a: Conkeldurr|Mach Punch|p2a: Jirachi
|-damage|p2a: Jirachi|0 fnt
|faint|p2a: Jirachi
|-damage|p1a: Conkeldurr|24/100|[from] item: Life Orb
|
|upkeep
|
|t:|1741868048
|switch|p2a: Landorus|Landorus-Therian, M|100/100
|-ability|p2a: Landorus|Intimidate|boost
|-unboost|p1a: Conkeldurr|atk|1
|turn|3
|
|t:|1741868050
|move|p2a: Landorus|Earthquake|p1a: Conkeldurr
|-damage|p1a: Conkeldurr|0 fnt
|faint|p1a: Conkeldurr
|
|upkeep
|c|☆Cinema Staff Fan|hf
|
|t:|1741868060
|switch|p1a: Toxicroak|Toxicroak, M|100/100
|-item|p1a: Toxicroak|Air Balloon
|turn|4
|
|t:|1741868073
|move|p2a: Landorus|Stealth Rock|p1a: Toxicroak
|-sidestart|p1: Cinema Staff Fan|move: Stealth Rock
|move|p1a: Toxicroak|Swords Dance|p1a: Toxicroak
|-boost|p1a: Toxicroak|atk|2
|
|upkeep
|turn|5
|
|t:|1741868078
|move|p2a: Landorus|Explosion|p1a: Toxicroak
|-damage|p1a: Toxicroak|0 fnt
|-enditem|p1a: Toxicroak|Air Balloon
|faint|p2a: Landorus
|faint|p1a: Toxicroak
|
|upkeep
|
|t:|1741868092
|switch|p2a: Starmie|Starmie|100/100
|switch|p1a: Excadrill|Excadrill, M|100/100
|-item|p2a: Starmie|Air Balloon
|-damage|p1a: Excadrill|97/100|[from] Stealth Rock
|-ability|p1a: Excadrill|Mold Breaker
|turn|6
|
|t:|1741868099
|move|p2a: Starmie|Hydro Pump|p1a: Excadrill|[miss]
|-miss|p2a: Starmie|p1a: Excadrill
|move|p1a: Excadrill|Rapid Spin|p2a: Starmie
|-damage|p2a: Starmie|92/100
|-enditem|p2a: Starmie|Air Balloon
|-sideend|p1: Cinema Staff Fan|Stealth Rock|[from] move: Rapid Spin|[of] p1a: Excadrill
|
|-heal|p1a: Excadrill|100/100|[from] item: Leftovers
|upkeep
|turn|7
|
|t:|1741868104
|move|p2a: Starmie|Thunder|p1a: Excadrill
|-immune|p1a: Excadrill
|move|p1a: Excadrill|Earthquake|p2a: Starmie
|-damage|p2a: Starmie|26/100
|
|upkeep
|turn|8
|
|t:|1741868111
|move|p2a: Starmie|Hydro Pump|p1a: Excadrill
|-supereffective|p1a: Excadrill
|-damage|p1a: Excadrill|28/100
|move|p1a: Excadrill|Earthquake|p2a: Starmie
|-damage|p2a: Starmie|0 fnt
|faint|p2a: Starmie
|
|-heal|p1a: Excadrill|34/100|[from] item: Leftovers
|upkeep
|
|t:|1741868121
|switch|p2a: Mamoswine|Mamoswine, M|100/100
|turn|9
|
|t:|1741868125
|move|p2a: Mamoswine|Earthquake|p1a: Excadrill
|-supereffective|p1a: Excadrill
|-damage|p1a: Excadrill|0 fnt
|faint|p1a: Excadrill
|
|upkeep
|
|t:|1741868129
|switch|p1a: Politoed|Politoed, M|100/100
|-weather|RainDance|[from] ability: Drizzle|[of] p1a: Politoed
|turn|10
|
|t:|1741868132
|move|p2a: Mamoswine|Substitute|p2a: Mamoswine
|-start|p2a: Mamoswine|Substitute
|-damage|p2a: Mamoswine|75/100
|move|p1a: Politoed|Scald|p2a: Mamoswine
|-supereffective|p2a: Mamoswine
|-end|p2a: Mamoswine|Substitute
|
|-weather|RainDance|[upkeep]
|upkeep
|turn|11
|
|t:|1741868135
|move|p2a: Mamoswine|Substitute|p2a: Mamoswine
|-start|p2a: Mamoswine|Substitute
|-damage|p2a: Mamoswine|50/100
|move|p1a: Politoed|Scald|p2a: Mamoswine
|-supereffective|p2a: Mamoswine
|-end|p2a: Mamoswine|Substitute
|
|-weather|RainDance|[upkeep]
|upkeep
|turn|12
|
|t:|1741868137
|move|p2a: Mamoswine|Substitute|p2a: Mamoswine
|-start|p2a: Mamoswine|Substitute
|-damage|p2a: Mamoswine|25/100
|-enditem|p2a: Mamoswine|Salac Berry|[eat]
|-boost|p2a: Mamoswine|spe|1|[from] item: Salac Berry
|move|p1a: Politoed|Scald|p2a: Mamoswine
|-supereffective|p2a: Mamoswine
|-end|p2a: Mamoswine|Substitute
|
|-weather|RainDance|[upkeep]
|upkeep
|turn|13
|
|t:|1741868140
|move|p2a: Mamoswine|Earthquake|p1a: Politoed
|-damage|p1a: Politoed|20/100
|move|p1a: Politoed|Scald|p2a: Mamoswine
|-supereffective|p2a: Mamoswine
|-damage|p2a: Mamoswine|0 fnt
|faint|p2a: Mamoswine
|
|-weather|RainDance|[upkeep]
|upkeep
|
|t:|1741868142
|switch|p2a: Dragonite|Dragonite, M|100/100
|turn|14
|
|t:|1741868147
|move|p2a: Dragonite|Extreme Speed|p1a: Politoed
|-damage|p1a: Politoed|0 fnt
|faint|p1a: Politoed
|
|-weather|RainDance|[upkeep]
|upkeep
|
|t:|1741868151
|switch|p1a: Alakazam|Alakazam, M|100/100
|turn|15
|
|t:|1741868162
|move|p1a: Alakazam|Hidden Power|p2a: Dragonite
|-supereffective|p2a: Dragonite
|-damage|p2a: Dragonite|44/100
|move|p2a: Dragonite|Dragon Dance|p2a: Dragonite
|-boost|p2a: Dragonite|atk|1
|-boost|p2a: Dragonite|spe|1
|
|-weather|RainDance|[upkeep]
|upkeep
|turn|16
|
|t:|1741868166
|move|p2a: Dragonite|Outrage|p1a: Alakazam
|-enditem|p1a: Alakazam|Focus Sash
|-damage|p1a: Alakazam|1/100
|move|p1a: Alakazam|Hidden Power|p2a: Dragonite
|-supereffective|p2a: Dragonite
|-damage|p2a: Dragonite|0 fnt
|faint|p2a: Dragonite
|
|-weather|RainDance|[upkeep]
|upkeep
|
|t:|1741868169
|switch|p2a: Metagross|Metagross|100/100
|turn|17
|
|t:|1741868175
|move|p1a: Alakazam|Psychic|p2a: Metagross
|-resisted|p2a: Metagross
|-damage|p2a: Metagross|85/100
|move|p2a: Metagross|Agility|p2a: Metagross
|-boost|p2a: Metagross|spe|2
|
|-weather|RainDance|[upkeep]
|upkeep
|turn|18
|
|t:|1741868180
|move|p2a: Metagross|Earthquake|p1a: Alakazam
|-damage|p1a: Alakazam|0 fnt
|faint|p1a: Alakazam
|-damage|p2a: Metagross|75/100|[from] item: Life Orb
|
|-weather|RainDance|[upkeep]
|upkeep
|
|t:|1741868182
|switch|p1a: Keldeo|Keldeo|100/100
|turn|19
|
|t:|1741868184
|move|p2a: Metagross|Explosion|p1a: Keldeo
|-damage|p1a: Keldeo|0 fnt
|faint|p2a: Metagross
|faint|p1a: Keldeo
|
|win|Cinema Staff Fan
|raw|Cinema Staff Fan's rating: 1554 &rarr; <strong>1570</strong><br />(+16 for winning)
|raw|cat at work's rating: 1485 &rarr; <strong>1469</strong><br />(-16 for losing)
|c|☆cat at work|Oh
|c|☆cat at work|You win if i do that?
|c|☆cat at work|Interesting
|c|☆cat at work|Gg
|c|☆Cinema Staff Fan|gg
