|j|☆DarkInTheStreets
|j|☆Radli9
|player|p1|DarkInTheStreets|102|1531
|player|p2|Radli9|candice|1382
|teamsize|p1|6
|teamsize|p2|6
|gametype|singles
|gen|5
|tier|[Gen 5] OU
|rated|
|clearpoke
|poke|p1|Tyranitar, F|item
|poke|p1|Rotom-Wash|item
|poke|p1|Reuniclus, M|item
|poke|p1|Ferrothorn, M|item
|poke|p1|Alakazam, M|item
|poke|p1|Landorus-Therian, M|item
|poke|p2|Forretress, M|item
|poke|p2|Scizor, M|item
|poke|p2|Magnezone|item
|poke|p2|Kyurem-Black|item
|poke|p2|Mamoswine, F|item
|poke|p2|Latios, M|item
|rule|Species Clause: Limit one of each Pokémon
|rule|OHKO Clause: OHKO moves are banned
|rule|Moody Clause: Moody is banned
|rule|Evasion Moves Clause: Evasion moves are banned
|rule|Endless Battle Clause: Forcing endless battles is banned
|rule|HP Percentage Mod: HP is shown in percentages
|rule|Evasion Abilities Clause: Evasion abilities are banned
|rule|Baton Pass Clause: Limit one Baton Passer, can't pass Spe and other stats simultaneously
|rule|Sleep Clause: Sleep-inducing moves are banned
|rule|Swagger Clause: Swagger is banned
|teampreview
|inactive|Battle timer is ON: inactive players will automatically lose when time's up. (requested by Radli9)
|inactive|DarkInTheStreets has 120 seconds left.
|
|start
|switch|p1a: Tyranitar|Tyranitar, F|100/100
|switch|p2a: Forretress|Forretress, M|100/100
|-weather|Sandstorm|[from] ability: Sand Stream|[of] p1a: Tyranitar
|turn|1
|inactive|DarkInTheStreets has 120 seconds left.
|
|move|p1a: Tyranitar|Stealth Rock|p2a: Forretress
|-sidestart|p2: Radli9|move: Stealth Rock
|move|p2a: Forretress|Stealth Rock|p1a: Tyranitar
|-sidestart|p1: DarkInTheStreets|move: Stealth Rock
|
|-weather|Sandstorm|[upkeep]
|upkeep
|turn|2
|
|switch|p1a: Ferrothorn|Ferrothorn, M|100/100
|-damage|p1a: Ferrothorn|94/100|[from] Stealth Rock
|move|p2a: Forretress|Rapid Spin|p1a: Ferrothorn
|-resisted|p1a: Ferrothorn
|-damage|p1a: Ferrothorn|93/100
|-damage|p2a: Forretress|88/100|[from] ability: Iron Barbs|[of] p1a: Ferrothorn
|-sideend|p2: Radli9|Stealth Rock|[from] move: Rapid Spin|[of] p2a: Forretress
|
|-weather|Sandstorm|[upkeep]
|-heal|p2a: Forretress|94/100|[from] item: Leftovers
|-heal|p1a: Ferrothorn|99/100|[from] item: Leftovers
|upkeep
|turn|3
|
|switch|p2a: Magnezone|Magnezone|100/100
|move|p1a: Ferrothorn|Spikes|p2a: Magnezone
|-sidestart|p2: Radli9|Spikes
|
|-weather|Sandstorm|[upkeep]
|-heal|p1a: Ferrothorn|100/100|[from] item: Leftovers
|upkeep
|turn|4
|inactive|DarkInTheStreets has 120 seconds left.
|
|move|p2a: Magnezone|Hidden Power|p1a: Ferrothorn
|-supereffective|p1a: Ferrothorn
|-damage|p1a: Ferrothorn|28/100
|move|p1a: Ferrothorn|Spikes|p2a: Magnezone
|-sidestart|p2: Radli9|Spikes
|
|-weather|Sandstorm|[upkeep]
|-heal|p1a: Ferrothorn|34/100|[from] item: Leftovers
|upkeep
|turn|5
|
|move|p2a: Magnezone|Hidden Power|p1a: Ferrothorn
|-supereffective|p1a: Ferrothorn
|-damage|p1a: Ferrothorn|0 fnt
|faint|p1a: Ferrothorn
|
|-weather|Sandstorm|[upkeep]
|upkeep
|
|switch|p1a: Landorus|Landorus-Therian, M|100/100
|-damage|p1a: Landorus|88/100|[from] Stealth Rock
|-ability|p1a: Landorus|Intimidate|boost
|-unboost|p2a: Magnezone|atk|1
|turn|6
|
|switch|p2a: Forretress|Forretress, M|94/100
|-damage|p2a: Forretress|78/100|[from] Spikes
|move|p1a: Landorus|U-turn|p2a: Forretress
|-resisted|p2a: Forretress
|-damage|p2a: Forretress|71/100
|
|switch|p1a: Reuniclus|Reuniclus, M|100/100|[from]move: U-turn
|
|-weather|Sandstorm|[upkeep]
|-heal|p2a: Forretress|78/100|[from] item: Leftovers
|upkeep
|turn|7
|
|move|p2a: Forretress|Rapid Spin|p1a: Reuniclus
|-damage|p1a: Reuniclus|97/100
|-sideend|p2: Radli9|Spikes|[from] move: Rapid Spin|[of] p2a: Forretress
|move|p1a: Reuniclus|Focus Blast|p2a: Forretress
|-damage|p2a: Forretress|0 fnt
|faint|p2a: Forretress
|
|-weather|Sandstorm|[upkeep]
|upkeep
|
|switch|p2a: Scizor|Scizor, M|100/100
|turn|8
|
|switch|p1a: Landorus|Landorus-Therian, M|88/100
|-damage|p1a: Landorus|76/100|[from] Stealth Rock
|-ability|p1a: Landorus|Intimidate|boost
|-unboost|p2a: Scizor|atk|1
|move|p2a: Scizor|U-turn|p1a: Landorus
|-resisted|p1a: Landorus
|-damage|p1a: Landorus|57/100
|
|switch|p2a: Mamoswine|Mamoswine, F|100/100|[from]move: U-turn
|
|-weather|Sandstorm|[upkeep]
|upkeep
|turn|9
|
|switch|p1a: Rotom|Rotom-Wash|100/100
|-damage|p1a: Rotom|88/100|[from] Stealth Rock
|move|p2a: Mamoswine|Ice Shard|p1a: Rotom
|-resisted|p1a: Rotom
|-damage|p1a: Rotom|70/100
|
|-weather|Sandstorm|[upkeep]
|-damage|p1a: Rotom|65/100|[from] Sandstorm
|-heal|p1a: Rotom|70/100|[from] item: Leftovers
|upkeep
|turn|10
|
|switch|p2a: Latios|Latios, M|100/100
|move|p1a: Rotom|Volt Switch|p2a: Latios
|-resisted|p2a: Latios
|-damage|p2a: Latios|87/100
|
|switch|p1a: Tyranitar|Tyranitar, F|100/100|[from]move: Volt Switch
|-damage|p1a: Tyranitar|88/100|[from] Stealth Rock
|
|-weather|Sandstorm|[upkeep]
|-damage|p2a: Latios|81/100|[from] Sandstorm
|upkeep
|turn|11
|
|move|p2a: Latios|Surf|p1a: Tyranitar
|-supereffective|p1a: Tyranitar
|-damage|p1a: Tyranitar|45/100
|move|p1a: Tyranitar|Pursuit|p2a: Latios
|-supereffective|p2a: Latios
|-damage|p2a: Latios|21/100
|
|-weather|Sandstorm|[upkeep]
|-damage|p2a: Latios|15/100|[from] Sandstorm
|upkeep
|turn|12
|
|move|p2a: Latios|Surf|p1a: Tyranitar
|-supereffective|p1a: Tyranitar
|-damage|p1a: Tyranitar|0 fnt
|faint|p1a: Tyranitar
|
|-weather|Sandstorm|[upkeep]
|-damage|p2a: Latios|9/100|[from] Sandstorm
|upkeep
|
|switch|p1a: Alakazam|Alakazam, M|100/100
|turn|13
|
|move|p1a: Alakazam|Psychic|p2a: Latios
|-resisted|p2a: Latios
|-damage|p2a: Latios|0 fnt
|faint|p2a: Latios
|
|-weather|Sandstorm|[upkeep]
|upkeep
|
|switch|p2a: Scizor|Scizor, M|100/100
|turn|14
|inactive|DarkInTheStreets has 120 seconds left.
|
|move|p1a: Alakazam|Focus Blast|p2a: Scizor|[miss]
|-miss|p1a: Alakazam|p2a: Scizor
|move|p2a: Scizor|U-turn|p1a: Alakazam
|-supereffective|p1a: Alakazam
|-enditem|p1a: Alakazam|Focus Sash
|-damage|p1a: Alakazam|1/100
|
|switch|p2a: Mamoswine|Mamoswine, F|100/100|[from]move: U-turn
|
|-weather|Sandstorm|[upkeep]
|upkeep
|turn|15
|
|switch|p1a: Rotom|Rotom-Wash|70/100
|-damage|p1a: Rotom|58/100|[from] Stealth Rock
|move|p2a: Mamoswine|Ice Shard|p1a: Rotom
|-resisted|p1a: Rotom
|-damage|p1a: Rotom|42/100
|
|-weather|Sandstorm|[upkeep]
|-damage|p1a: Rotom|36/100|[from] Sandstorm
|-heal|p1a: Rotom|42/100|[from] item: Leftovers
|upkeep
|turn|16
|
|switch|p2a: Kyurem|Kyurem-Black|100/100
|-ability|p2a: Kyurem|Teravolt
|move|p1a: Rotom|Pain Split|p2a: Kyurem
|-sethp|p2a: Kyurem|67/100|[from] move: Pain Split|[silent]
|-sethp|p1a: Rotom|86/100|[from] move: Pain Split
|
|-weather|Sandstorm|[upkeep]
|-damage|p2a: Kyurem|61/100|[from] Sandstorm
|-damage|p1a: Rotom|80/100|[from] Sandstorm
|-heal|p1a: Rotom|86/100|[from] item: Leftovers
|upkeep
|turn|17
|inactive|DarkInTheStreets has 120 seconds left.
|
|switch|p1a: Landorus|Landorus-Therian, M|57/100
|-damage|p1a: Landorus|45/100|[from] Stealth Rock
|-ability|p1a: Landorus|Intimidate|boost
|-unboost|p2a: Kyurem|atk|1
|move|p2a: Kyurem|Outrage|p1a: Landorus
|-damage|p1a: Landorus|0 fnt
|faint|p1a: Landorus
|
|-weather|Sandstorm|[upkeep]
|-damage|p2a: Kyurem|54/100|[from] Sandstorm
|upkeep
|inactive|DarkInTheStreets has 120 seconds left.
|
|switch|p1a: Alakazam|Alakazam, M|1/100
|turn|18
|
|move|p2a: Kyurem|Outrage|p1a: Alakazam|[from]lockedmove
|-damage|p1a: Alakazam|0 fnt
|-start|p2a: Kyurem|confusion|[fatigue]
|faint|p1a: Alakazam
|
|-weather|Sandstorm|[upkeep]
|-damage|p2a: Kyurem|48/100|[from] Sandstorm
|upkeep
|
|switch|p1a: Reuniclus|Reuniclus, M|97/100
|turn|19
|
|switch|p2a: Scizor|Scizor, M|100/100
|move|p1a: Reuniclus|Focus Blast|p2a: Scizor|[miss]
|-miss|p1a: Reuniclus|p2a: Scizor
|
|-weather|Sandstorm|[upkeep]
|upkeep
|turn|20
|c|☆DarkInTheStreets|jesus fuck
|
|move|p2a: Scizor|U-turn|p1a: Reuniclus
|-supereffective|p1a: Reuniclus
|-damage|p1a: Reuniclus|0 fnt
|faint|p1a: Reuniclus
|
|switch|p2a: Kyurem|Kyurem-Black|48/100|[from]move: U-turn
|-ability|p2a: Kyurem|Teravolt
|
|-weather|Sandstorm|[upkeep]
|-damage|p2a: Kyurem|42/100|[from] Sandstorm
|upkeep
|-message|DarkInTheStreets forfeited.
|
|win|Radli9
|l|☆DarkInTheStreets
|raw|DarkInTheStreets's rating: 1540 &rarr; <strong>1511</strong><br />(-29 for losing)
|raw|Radli9's rating: 1363 &rarr; <strong>1393</strong><br />(+30 for winning)
