|j|☆SkillfullBeing
|j|☆BWR Ashes
|t:|1719108621
|gametype|singles
|player|p1|SkillfullBeing|nate|1307
|player|p2|BWR Ashes|skier-gen2|1476
|teamsize|p1|6
|teamsize|p2|6
|gen|5
|tier|[Gen 5] OU
|rated|
|rule|Species Clause: Limit one of each Pokémon
|rule|OHKO Clause: OHKO moves are banned
|rule|Moody Clause: Moody is banned
|rule|Evasion Items Clause: Evasion items are banned
|rule|Evasion Moves Clause: Evasion moves are banned
|rule|Endless Battle Clause: Forcing endless battles is banned
|rule|HP Percentage Mod: HP is shown in percentages
|rule|Evasion Abilities Clause: Evasion abilities are banned
|rule|Sleep Moves Clause: Sleep-inducing moves are banned
|rule|Swagger Clause: Swagger is banned
|rule|Baton Pass Stat Clause: No Baton Passer may have a way to boost its stats
|clearpoke
|poke|p1|Garchomp, F|item
|poke|p1|Dragonite, M|item
|poke|p1|Volcarona, M|item
|poke|p1|Starmie|item
|poke|p1|Jirachi|item
|poke|p1|Breloom, M|item
|poke|p2|Tyranitar, F|item
|poke|p2|Landorus-Therian, M|item
|poke|p2|Ferrothorn, M|item
|poke|p2|Slowking, M|item
|poke|p2|Mienshao, M|item
|poke|p2|Excadrill, F|item
|teampreview
|inactive|Battle timer is ON: inactive players will automatically lose when time's up. (requested by SkillfullBeing)
|j| Basstard
|inactive|BWR Ashes has 120 seconds left.
|j| MoCanah97
|l| MoCanah97
|
|t:|1719108677
|start
|switch|p1a: Jirachi|Jirachi|100/100
|switch|p2a: Landorus|Landorus-Therian, M|100/100
|-ability|p2a: Landorus|Intimidate|boost
|-unboost|p1a: Jirachi|atk|1
|turn|1
|
|t:|1719108707
|move|p1a: Jirachi|Ice Punch|p2a: Landorus
|-supereffective|p2a: Landorus
|-damage|p2a: Landorus|52/100
|move|p2a: Landorus|Earthquake|p1a: Jirachi
|-supereffective|p1a: Jirachi
|-damage|p1a: Jirachi|18/100
|
|-heal|p2a: Landorus|58/100|[from] item: Leftovers
|upkeep
|turn|2
|
|t:|1719108712
|switch|p2a: plasma skip enc|Ferrothorn, M|100/100
|move|p1a: Jirachi|Ice Punch|p2a: plasma skip enc
|-damage|p2a: plasma skip enc|92/100
|-damage|p1a: Jirachi|5/100|[from] ability: Iron Barbs|[of] p2a: plasma skip enc
|
|-heal|p2a: plasma skip enc|99/100|[from] item: Leftovers
|upkeep
|turn|3
|
|t:|1719108715
|switch|p1a: Volcarona|Volcarona, M|100/100
|move|p2a: plasma skip enc|Spikes|p1a: Volcarona
|-sidestart|p1: SkillfullBeing|Spikes
|
|-heal|p2a: plasma skip enc|100/100|[from] item: Leftovers
|upkeep
|turn|4
|
|t:|1719108722
|switch|p2a: x attack x3 eq|Tyranitar, F|100/100
|-weather|Sandstorm|[from] ability: Sand Stream|[of] p2a: x attack x3 eq
|move|p1a: Volcarona|Quiver Dance|p1a: Volcarona
|-boost|p1a: Volcarona|spa|1
|-boost|p1a: Volcarona|spd|1
|-boost|p1a: Volcarona|spe|1
|
|-weather|Sandstorm|[upkeep]
|-damage|p1a: Volcarona|94/100|[from] Sandstorm
|upkeep
|turn|5
|
|t:|1719108726
|move|p1a: Volcarona|Bug Buzz|p2a: x attack x3 eq
|-supereffective|p2a: x attack x3 eq
|-damage|p2a: x attack x3 eq|25/100
|-unboost|p2a: x attack x3 eq|spd|1
|move|p2a: x attack x3 eq|Crunch|p1a: Volcarona
|-damage|p1a: Volcarona|28/100
|
|-weather|Sandstorm|[upkeep]
|-damage|p1a: Volcarona|22/100|[from] Sandstorm
|upkeep
|turn|6
|
|t:|1719108731
|move|p1a: Volcarona|Giga Drain|p2a: x attack x3 eq
|-supereffective|p2a: x attack x3 eq
|-damage|p2a: x attack x3 eq|0 fnt
|-heal|p1a: Volcarona|38/100|[from] drain|[of] p2a: x attack x3 eq
|faint|p2a: x attack x3 eq
|
|-weather|Sandstorm|[upkeep]
|-damage|p1a: Volcarona|32/100|[from] Sandstorm
|upkeep
|
|t:|1719108748
|switch|p2a: work up return|Mienshao, M|100/100
|turn|7
|
|t:|1719108762
|move|p2a: work up return|Fake Out|p1a: Volcarona
|-damage|p1a: Volcarona|4/100
|-damage|p2a: work up return|91/100|[from] item: Life Orb
|cant|p1a: Volcarona|flinch
|
|-weather|Sandstorm|[upkeep]
|-damage|p1a: Volcarona|0 fnt|[from] Sandstorm
|-damage|p2a: work up return|85/100|[from] Sandstorm
|faint|p1a: Volcarona
|upkeep
|
|t:|1719108765
|switch|p1a: Starmie|Starmie|100/100
|-item|p1a: Starmie|Air Balloon
|turn|8
|
|t:|1719108773
|switch|p2a: plasma skip enc|Ferrothorn, M|100/100
|move|p1a: Starmie|Rapid Spin|p2a: plasma skip enc
|-resisted|p2a: plasma skip enc
|-damage|p2a: plasma skip enc|99/100
|-damage|p1a: Starmie|88/100|[from] ability: Iron Barbs|[of] p2a: plasma skip enc
|-sideend|p1: SkillfullBeing|Spikes|[from] move: Rapid Spin|[of] p1a: Starmie
|
|-weather|Sandstorm|[upkeep]
|-damage|p1a: Starmie|82/100|[from] Sandstorm
|-heal|p2a: plasma skip enc|100/100|[from] item: Leftovers
|upkeep
|turn|9
|
|t:|1719108778
|switch|p1a: Breloom|Breloom, M|100/100
|move|p2a: plasma skip enc|Gyro Ball|p1a: Breloom
|-damage|p1a: Breloom|22/100
|
|-weather|Sandstorm|[upkeep]
|-damage|p1a: Breloom|16/100|[from] Sandstorm
|upkeep
|turn|10
|
|t:|1719108783
|switch|p2a: Landorus|Landorus-Therian, M|58/100
|-ability|p2a: Landorus|Intimidate|boost
|-unboost|p1a: Breloom|atk|1
|move|p1a: Breloom|Mach Punch|p2a: Landorus
|-resisted|p2a: Landorus
|-damage|p2a: Landorus|43/100
|-damage|p1a: Breloom|6/100|[from] item: Life Orb
|
|-weather|Sandstorm|[upkeep]
|-damage|p1a: Breloom|0 fnt|[from] Sandstorm
|faint|p1a: Breloom
|-heal|p2a: Landorus|49/100|[from] item: Leftovers
|upkeep
|
|t:|1719108788
|switch|p1a: Dragonite|Dragonite, M|100/100
|turn|11
|
|t:|1719108799
|move|p2a: Landorus|U-turn|p1a: Dragonite
|-resisted|p1a: Dragonite
|-damage|p1a: Dragonite|94/100
|
|t:|1719108801
|switch|p2a: plasma skip enc|Ferrothorn, M|100/100|[from] U-turn
|move|p1a: Dragonite|Dragon Dance|p1a: Dragonite
|-boost|p1a: Dragonite|atk|1
|-boost|p1a: Dragonite|spe|1
|
|-weather|Sandstorm|[upkeep]
|-damage|p1a: Dragonite|88/100|[from] Sandstorm
|upkeep
|turn|12
|
|t:|1719108805
|switch|p2a: Landorus|Landorus-Therian, M|49/100
|-ability|p2a: Landorus|Intimidate|boost
|-unboost|p1a: Dragonite|atk|1
|move|p1a: Dragonite|Earthquake|p2a: Landorus
|-immune|p2a: Landorus
|
|-weather|Sandstorm|[upkeep]
|-damage|p1a: Dragonite|82/100|[from] Sandstorm
|-heal|p2a: Landorus|55/100|[from] item: Leftovers
|upkeep
|turn|13
|
|t:|1719108808
|move|p1a: Dragonite|Dragon Claw|p2a: Landorus
|-damage|p2a: Landorus|10/100
|move|p2a: Landorus|Hidden Power|p1a: Dragonite
|-supereffective|p1a: Dragonite
|-damage|p1a: Dragonite|10/100
|
|-weather|Sandstorm|[upkeep]
|-damage|p1a: Dragonite|4/100|[from] Sandstorm
|-heal|p2a: Landorus|16/100|[from] item: Leftovers
|upkeep
|turn|14
|
|t:|1719108813
|move|p1a: Dragonite|Earthquake|p2a: Landorus
|-immune|p2a: Landorus
|move|p2a: Landorus|Stealth Rock|p1a: Dragonite
|-sidestart|p1: SkillfullBeing|move: Stealth Rock
|
|-weather|Sandstorm|[upkeep]
|-damage|p1a: Dragonite|0 fnt|[from] Sandstorm
|faint|p1a: Dragonite
|-heal|p2a: Landorus|22/100|[from] item: Leftovers
|upkeep
|
|t:|1719108818
|switch|p1a: Starmie|Starmie|82/100
|-damage|p1a: Starmie|70/100|[from] Stealth Rock
|-item|p1a: Starmie|Air Balloon
|turn|15
|
|t:|1719108821
|move|p1a: Starmie|Rapid Spin|p2a: Landorus
|-damage|p2a: Landorus|19/100
|-sideend|p1: SkillfullBeing|Stealth Rock|[from] move: Rapid Spin|[of] p1a: Starmie
|move|p2a: Landorus|U-turn|p1a: Starmie
|-supereffective|p1a: Starmie
|-damage|p1a: Starmie|9/100
|-enditem|p1a: Starmie|Air Balloon
|
|t:|1719108826
|switch|p2a: work up return|Mienshao, M|100/100|[from] U-turn
|
|-weather|Sandstorm|[upkeep]
|-damage|p1a: Starmie|2/100|[from] Sandstorm
|-damage|p2a: work up return|95/100|[from] Sandstorm
|upkeep
|turn|16
|-message|SkillfullBeing forfeited.
|
|win|BWR Ashes
|raw|SkillfullBeing's rating: 1307 &rarr; <strong>1296</strong><br />(-11 for losing)
|raw|BWR Ashes's rating: 1476 &rarr; <strong>1487</strong><br />(+11 for winning)
