|j|☆Chomp29
|j|☆jusuraveragenoob
|t:|1597595372
|player|p1|Chomp29|266|1493
|player|p2|jusuraveragenoob|265|1461
|teamsize|p1|6
|teamsize|p2|6
|gametype|singles
|gen|5
|tier|[Gen 5] OU
|rated|
|clearpoke
|poke|p1|Latios, M|item
|poke|p1|Mamoswine, F|item
|poke|p1|Garchomp, F|item
|poke|p1|Keldeo|item
|poke|p1|Alakazam, F|item
|poke|p1|Rotom-Wash|item
|poke|p2|Tyranitar, F|item
|poke|p2|Latios, M|item
|poke|p2|Ferrothorn, M|item
|poke|p2|Landorus-Therian, M|item
|poke|p2|Garchomp, F|item
|poke|p2|Rotom-Wash|item
|rule|Species Clause: Limit one of each Pokémon
|rule|OHKO Clause: OHKO moves are banned
|rule|Moody Clause: Moody is banned
|rule|Evasion Moves Clause: Evasion moves are banned
|rule|Endless Battle Clause: Forcing endless battles is banned
|rule|HP Percentage Mod: HP is shown in percentages
|rule|Evasion Abilities Clause: Evasion abilities are banned
|rule|Baton Pass Clause: Limit one Baton Passer, can't pass Spe and other stats simultaneously
|rule|Sleep Clause: Sleep-inducing moves are banned
|rule|Swagger Clause: Swagger is banned
|teampreview
|c|☆jusuraveragenoob|glhf
|
|t:|1597595405
|start
|switch|p1a: Garchomp|Garchomp, F|100/100
|switch|p2a: Rotom|Rotom-Wash|100/100
|turn|1
|j| IIIFlareIII
|
|t:|1597595411
|move|p1a: Garchomp|Swords Dance|p1a: Garchomp
|-boost|p1a: Garchomp|atk|2
|move|p2a: Rotom|Will-O-Wisp|p1a: Garchomp|[miss]
|-miss|p2a: Rotom|p1a: Garchomp
|
|upkeep
|turn|2
|c|☆Chomp29|Gl hf
|
|t:|1597595434
|switch|p2a: Landorus|Landorus-Therian, M|100/100
|-ability|p2a: Landorus|Intimidate|boost
|-unboost|p1a: Garchomp|atk|1
|move|p1a: Garchomp|Stealth Rock|p2a: Landorus
|-sidestart|p2: jusuraveragenoob|move: Stealth Rock
|
|upkeep
|turn|3
|
|t:|1597595441
|move|p1a: Garchomp|Outrage|p2a: Landorus
|-damage|p2a: Landorus|0 fnt
|faint|p2a: Landorus
|
|upkeep
|
|t:|1597595447
|switch|p2a: Latios|Latios, M|100/100
|-damage|p2a: Latios|88/100|[from] Stealth Rock
|turn|4
|
|t:|1597595450
|move|p2a: Latios|Dragon Pulse|p1a: Garchomp
|-supereffective|p1a: Garchomp
|-damage|p1a: Garchomp|0 fnt
|faint|p1a: Garchomp
|
|upkeep
|
|t:|1597595456
|switch|p1a: Mamoswine|Mamoswine, F|100/100
|turn|5
|
|t:|1597595461
|switch|p2a: Rotom|Rotom-Wash|100/100
|-damage|p2a: Rotom|88/100|[from] Stealth Rock
|move|p1a: Mamoswine|Superpower|p2a: Rotom
|-damage|p2a: Rotom|25/100
|-unboost|p1a: Mamoswine|atk|1
|-unboost|p1a: Mamoswine|def|1
|-damage|p1a: Mamoswine|91/100|[from] item: Life Orb
|
|-heal|p2a: Rotom|31/100|[from] item: Leftovers
|upkeep
|turn|6
|
|t:|1597595467
|move|p1a: Mamoswine|Superpower|p2a: Rotom
|-damage|p2a: Rotom|0 fnt
|-unboost|p1a: Mamoswine|atk|1
|-unboost|p1a: Mamoswine|def|1
|-damage|p1a: Mamoswine|81/100|[from] item: Life Orb
|faint|p2a: Rotom
|
|upkeep
|
|t:|1597595479
|switch|p2a: Latios|Latios, M|88/100
|-damage|p2a: Latios|76/100|[from] Stealth Rock
|turn|7
|
|t:|1597595492
|switch|p1a: Latios|Latios, M|100/100
|move|p2a: Latios|Dragon Pulse|p1a: Latios
|-supereffective|p1a: Latios
|-damage|p1a: Latios|0 fnt
|faint|p1a: Latios
|
|upkeep
|
|t:|1597595527
|switch|p1a: Mamoswine|Mamoswine, F|81/100
|turn|8
|
|t:|1597595535
|switch|p2a: Tyranitar|Tyranitar, F|100/100
|-damage|p2a: Tyranitar|88/100|[from] Stealth Rock
|-weather|Sandstorm|[from] ability: Sand Stream|[of] p2a: Tyranitar
|move|p1a: Mamoswine|Ice Shard|p2a: Tyranitar
|-damage|p2a: Tyranitar|67/100
|-damage|p1a: Mamoswine|71/100|[from] item: Life Orb
|
|-weather|Sandstorm|[upkeep]
|upkeep
|turn|9
|
|t:|1597595543
|move|p1a: Mamoswine|Earthquake|p2a: Tyranitar
|-supereffective|p2a: Tyranitar
|-damage|p2a: Tyranitar|0 fnt
|-damage|p1a: Mamoswine|61/100|[from] item: Life Orb
|faint|p2a: Tyranitar
|
|-weather|Sandstorm|[upkeep]
|upkeep
|
|t:|1597595547
|switch|p2a: Ferrothorn|Ferrothorn, M|100/100
|-damage|p2a: Ferrothorn|94/100|[from] Stealth Rock
|turn|10
|
|t:|1597595559
|switch|p1a: Rotom|Rotom-Wash|100/100
|move|p2a: Ferrothorn|Gyro Ball|p1a: Rotom
|-resisted|p1a: Rotom
|-damage|p1a: Rotom|90/100
|
|-weather|Sandstorm|[upkeep]
|-damage|p1a: Rotom|84/100|[from] Sandstorm
|-heal|p1a: Rotom|90/100|[from] item: Leftovers
|-heal|p2a: Ferrothorn|100/100|[from] item: Leftovers
|upkeep
|turn|11
|
|t:|1597595566
|move|p1a: Rotom|Will-O-Wisp|p2a: Ferrothorn
|-status|p2a: Ferrothorn|brn
|move|p2a: Ferrothorn|Spikes|p1a: Rotom
|-sidestart|p1: Chomp29|Spikes
|
|-weather|Sandstorm|[upkeep]
|-damage|p1a: Rotom|84/100|[from] Sandstorm
|-heal|p1a: Rotom|90/100|[from] item: Leftovers
|-damage|p2a: Ferrothorn|88/100 brn|[from] brn
|upkeep
|turn|12
|
|t:|1597595576
|move|p1a: Rotom|Volt Switch|p2a: Ferrothorn
|-resisted|p2a: Ferrothorn
|-damage|p2a: Ferrothorn|76/100 brn
|
|t:|1597595579
|switch|p1a: Alakazam|Alakazam, F|100/100|[from]move: Volt Switch
|move|p2a: Ferrothorn|Power Whip|p1a: Alakazam
|-damage|p1a: Alakazam|67/100
|
|-weather|Sandstorm|[upkeep]
|-heal|p2a: Ferrothorn|83/100 brn|[from] item: Leftovers
|-damage|p2a: Ferrothorn|70/100 brn|[from] brn
|upkeep
|turn|13
|
|t:|1597595585
|switch|p2a: Garchomp|Garchomp, F|100/100
|-damage|p2a: Garchomp|94/100|[from] Stealth Rock
|move|p1a: Alakazam|Calm Mind|p1a: Alakazam
|-boost|p1a: Alakazam|spa|1
|-boost|p1a: Alakazam|spd|1
|
|-weather|Sandstorm|[upkeep]
|upkeep
|turn|14
|
|t:|1597595606
|move|p2a: Garchomp|Dual Chop|p1a: Alakazam
|-damage|p1a: Alakazam|30/100
|-damage|p1a: Alakazam|0 fnt
|-hitcount|p1a: Alakazam|2
|faint|p1a: Alakazam
|
|-weather|Sandstorm|[upkeep]
|upkeep
|
|t:|1597595616
|switch|p1a: Mamoswine|Mamoswine, F|61/100
|-damage|p1a: Mamoswine|48/100|[from] Spikes
|turn|15
|
|t:|1597595630
|switch|p2a: Ferrothorn|Ferrothorn, M|70/100 brn
|-damage|p2a: Ferrothorn|64/100 brn|[from] Stealth Rock
|move|p1a: Mamoswine|Ice Shard|p2a: Ferrothorn
|-damage|p2a: Ferrothorn|45/100 brn
|-damage|p1a: Mamoswine|38/100|[from] item: Life Orb
|
|-weather|Sandstorm|[upkeep]
|-heal|p2a: Ferrothorn|51/100 brn|[from] item: Leftovers
|-damage|p2a: Ferrothorn|39/100 brn|[from] brn
|upkeep
|turn|16
|l| IIIFlareIII
|j| IIIFlareIII
|
|t:|1597595663
|move|p1a: Mamoswine|Earthquake|p2a: Ferrothorn
|-damage|p2a: Ferrothorn|0 fnt
|-damage|p1a: Mamoswine|28/100|[from] item: Life Orb
|faint|p2a: Ferrothorn
|
|-weather|Sandstorm|[upkeep]
|upkeep
|
|t:|1597595704
|switch|p2a: Garchomp|Garchomp, F|94/100
|-damage|p2a: Garchomp|88/100|[from] Stealth Rock
|turn|17
|l|☆Chomp29
|player|p1|
|inactive|Battle timer is ON: inactive players will automatically lose when time's up. (requested by jusuraveragenoob)
|j|☆Chomp29
|inactive|Chomp29 reconnected and has 140 seconds left.
|player|p1|Chomp29|266
|
|t:|1597595744
|move|p1a: Mamoswine|Ice Shard|p2a: Garchomp
|-supereffective|p2a: Garchomp
|-damage|p2a: Garchomp|0 fnt
|-damage|p1a: Mamoswine|18/100|[from] item: Life Orb
|faint|p2a: Garchomp
|
|-weather|Sandstorm|[upkeep]
|upkeep
|inactiveoff|Battle timer is now OFF.
|c|☆jusuraveragenoob|ggs
|
|t:|1597595750
|switch|p2a: Latios|Latios, M|76/100
|-damage|p2a: Latios|64/100|[from] Stealth Rock
|turn|18
|
|t:|1597595752
|move|p1a: Mamoswine|Ice Shard|p2a: Latios
|-supereffective|p2a: Latios
|-damage|p2a: Latios|0 fnt
|-damage|p1a: Mamoswine|8/100|[from] item: Life Orb
|faint|p2a: Latios
|
|win|Chomp29
|l|☆jusuraveragenoob
|raw|Chomp29's rating: 1493 &rarr; <strong>1511</strong><br />(+18 for winning)
|raw|jusuraveragenoob's rating: 1462 &rarr; <strong>1444</strong><br />(-18 for losing)
