|j|☆Hector5463
|j|☆TheRealVaetosh
|player|p1|Hector5463|picnicker|1474
|player|p2|TheRealVaetosh|167|1362
|teamsize|p1|6
|teamsize|p2|6
|gametype|singles
|gen|5
|tier|[Gen 5] OU
|rated|
|clearpoke
|poke|p1|Terrakion|item
|poke|p1|Jirachi|item
|poke|p1|Hydreigon, M|item
|poke|p1|Landorus-Therian, M|item
|poke|p1|Rotom-Wash|item
|poke|p1|Alakazam, F|item
|poke|p2|Keldeo-Resolute|item
|poke|p2|Landorus-Therian, M|item
|poke|p2|Ferrothorn, M|item
|poke|p2|Dragonite, M|item
|poke|p2|Starmie|item
|poke|p2|Jirachi|item
|rule|Species Clause: Limit one of each Pokémon
|rule|OHKO Clause: OHKO moves are banned
|rule|Moody Clause: Moody is banned
|rule|Evasion Moves Clause: Evasion moves are banned
|rule|Endless Battle Clause: Forcing endless battles is banned
|rule|HP Percentage Mod: HP is shown in percentages
|rule|Evasion Abilities Clause: Evasion abilities are banned
|rule|Baton Pass Clause: Limit one Baton Passer, can't pass Spe and other stats simultaneously
|rule|Sleep Clause: Sleep-inducing moves are banned
|rule|Swagger Clause: Swagger is banned
|teampreview
|
|start
|switch|p1a: Landorus|Landorus-Therian, M|100/100
|switch|p2a: Keldeo|Keldeo-Resolute|100/100
|-ability|p1a: Landorus|Intimidate|boost
|-unboost|p2a: Keldeo|atk|1
|turn|1
|
|move|p1a: Landorus|U-turn|p2a: Keldeo
|-resisted|p2a: Keldeo
|-damage|p2a: Keldeo|84/100
|
|switch|p1a: Rotom|Rotom-Wash|100/100|[from]move: U-turn
|move|p2a: Keldeo|Scald|p1a: Rotom
|-resisted|p1a: Rotom
|-damage|p1a: Rotom|66/100
|-status|p1a: Rotom|brn
|
|-heal|p1a: Rotom|71/100 brn|[from] item: Leftovers
|-damage|p1a: Rotom|59/100 brn|[from] brn
|upkeep
|turn|2
|
|switch|p2a: Jirachi|Jirachi|100/100
|move|p1a: Rotom|Volt Switch|p2a: Jirachi
|-damage|p2a: Jirachi|83/100
|
|switch|p1a: Hydreigon|Hydreigon, M|100/100|[from]move: Volt Switch
|
|-heal|p2a: Jirachi|90/100|[from] item: Leftovers
|upkeep
|turn|3
|
|move|p1a: Hydreigon|Fire Blast|p2a: Jirachi
|-supereffective|p2a: Jirachi
|-damage|p2a: Jirachi|32/100
|-damage|p1a: Hydreigon|91/100|[from] item: Life Orb
|move|p2a: Jirachi|Thunder Wave|p1a: Hydreigon
|-status|p1a: Hydreigon|par
|
|-heal|p2a: Jirachi|38/100|[from] item: Leftovers
|upkeep
|turn|4
|
|move|p2a: Jirachi|Protect|p2a: Jirachi
|-singleturn|p2a: Jirachi|Protect
|move|p1a: Hydreigon|Fire Blast|p2a: Jirachi
|-activate|p2a: Jirachi|move: Protect
|
|-heal|p2a: Jirachi|44/100|[from] item: Leftovers
|upkeep
|turn|5
|
|switch|p2a: Keldeo|Keldeo-Resolute|84/100
|move|p1a: Hydreigon|Fire Blast|p2a: Keldeo
|-resisted|p2a: Keldeo
|-damage|p2a: Keldeo|55/100
|-status|p2a: Keldeo|brn
|-damage|p1a: Hydreigon|81/100 par|[from] item: Life Orb
|
|-damage|p2a: Keldeo|43/100 brn|[from] brn
|upkeep
|turn|6
|
|switch|p1a: Jirachi|Jirachi|100/100
|move|p2a: Keldeo|Secret Sword|p1a: Jirachi
|-damage|p1a: Jirachi|45/100
|
|-heal|p1a: Jirachi|51/100|[from] item: Leftovers
|-damage|p2a: Keldeo|30/100 brn|[from] brn
|upkeep
|turn|7
|
|switch|p1a: Landorus|Landorus-Therian, M|100/100
|-ability|p1a: Landorus|Intimidate|boost
|-unboost|p2a: Keldeo|atk|1
|move|p2a: Keldeo|Secret Sword|p1a: Landorus
|-resisted|p1a: Landorus
|-damage|p1a: Landorus|64/100
|
|-damage|p2a: Keldeo|18/100 brn|[from] brn
|upkeep
|turn|8
|
|switch|p2a: Landorus|Landorus-Therian, M, shiny|100/100
|-ability|p2a: Landorus|Intimidate|boost
|-unboost|p1a: Landorus|atk|1
|move|p1a: Landorus|Hidden Power|p2a: Landorus
|-supereffective|p2a: Landorus
|-damage|p2a: Landorus|9/100
|
|upkeep
|turn|9
|
|switch|p1a: Rotom|Rotom-Wash|59/100 brn
|switch|p2a: Jirachi|Jirachi|44/100
|
|-heal|p2a: Jirachi|50/100|[from] item: Leftovers
|-heal|p1a: Rotom|65/100 brn|[from] item: Leftovers
|-damage|p1a: Rotom|53/100 brn|[from] brn
|upkeep
|turn|10
|
|move|p2a: Jirachi|Wish|p2a: Jirachi
|move|p1a: Rotom|Will-O-Wisp|p2a: Jirachi
|-status|p2a: Jirachi|brn
|
|-heal|p2a: Jirachi|56/100 brn|[from] item: Leftovers
|-heal|p1a: Rotom|59/100 brn|[from] item: Leftovers
|-damage|p2a: Jirachi|44/100 brn|[from] brn
|-damage|p1a: Rotom|47/100 brn|[from] brn
|upkeep
|turn|11
|
|move|p2a: Jirachi|Protect|p2a: Jirachi
|-singleturn|p2a: Jirachi|Protect
|move|p1a: Rotom|Volt Switch|p2a: Jirachi
|-activate|p2a: Jirachi|move: Protect
|
|-heal|p2a: Jirachi|94/100 brn|[from] move: Wish|[wisher] Jirachi
|-heal|p2a: Jirachi|99/100 brn|[from] item: Leftovers
|-heal|p1a: Rotom|53/100 brn|[from] item: Leftovers
|-damage|p2a: Jirachi|88/100 brn|[from] brn
|-damage|p1a: Rotom|40/100 brn|[from] brn
|upkeep
|turn|12
|
|move|p2a: Jirachi|Wish|p2a: Jirachi
|move|p1a: Rotom|Volt Switch|p2a: Jirachi
|-damage|p2a: Jirachi|72/100 brn
|
|switch|p1a: Jirachi|Jirachi|51/100|[from]move: Volt Switch
|
|-heal|p2a: Jirachi|78/100 brn|[from] item: Leftovers
|-heal|p1a: Jirachi|57/100|[from] item: Leftovers
|-damage|p2a: Jirachi|66/100 brn|[from] brn
|upkeep
|turn|13
|
|move|p2a: Jirachi|Thunder Wave|p1a: Jirachi
|-status|p1a: Jirachi|par
|move|p1a: Jirachi|Iron Head|p2a: Jirachi
|-resisted|p2a: Jirachi
|-damage|p2a: Jirachi|55/100 brn
|
|-heal|p2a: Jirachi|100/100 brn|[from] move: Wish|[wisher] Jirachi
|-heal|p1a: Jirachi|63/100 par|[from] item: Leftovers
|-damage|p2a: Jirachi|88/100 brn|[from] brn
|upkeep
|turn|14
|
|move|p2a: Jirachi|Wish|p2a: Jirachi
|cant|p1a: Jirachi|par
|
|-heal|p2a: Jirachi|94/100 brn|[from] item: Leftovers
|-heal|p1a: Jirachi|69/100 par|[from] item: Leftovers
|-damage|p2a: Jirachi|82/100 brn|[from] brn
|upkeep
|turn|15
|
|switch|p2a: Ferrothorn|Ferrothorn, M, shiny|100/100
|move|p1a: Jirachi|Stealth Rock|p2a: Ferrothorn
|-sidestart|p2: TheRealVaetosh|move: Stealth Rock
|
|-heal|p1a: Jirachi|75/100 par|[from] item: Leftovers
|upkeep
|turn|16
|
|move|p2a: Ferrothorn|Stealth Rock|p1a: Jirachi
|-sidestart|p1: Hector5463|move: Stealth Rock
|move|p1a: Jirachi|U-turn|p2a: Ferrothorn
|-damage|p2a: Ferrothorn|92/100
|-damage|p1a: Jirachi|63/100 par|[from] ability: Iron Barbs|[of] p2a: Ferrothorn
|-damage|p1a: Jirachi|47/100 par|[from] item: Rocky Helmet|[of] p2a: Ferrothorn
|
|switch|p1a: Terrakion|Terrakion|100/100|[from]move: U-turn
|-damage|p1a: Terrakion|94/100|[from] Stealth Rock
|
|upkeep
|turn|17
|
|switch|p2a: Starmie|Starmie, shiny|100/100
|-damage|p2a: Starmie|88/100|[from] Stealth Rock
|move|p1a: Terrakion|Close Combat|p2a: Starmie
|-resisted|p2a: Starmie
|-damage|p2a: Starmie|30/100
|-unboost|p1a: Terrakion|def|1
|-unboost|p1a: Terrakion|spd|1
|
|-heal|p2a: Starmie|36/100|[from] item: Leftovers
|upkeep
|turn|18
|
|switch|p1a: Jirachi|Jirachi|47/100 par
|-damage|p1a: Jirachi|40/100 par|[from] Stealth Rock
|move|p2a: Starmie|Rapid Spin|p1a: Jirachi
|-resisted|p1a: Jirachi
|-damage|p1a: Jirachi|39/100 par
|-sideend|p2: TheRealVaetosh|Stealth Rock|[from] move: Rapid Spin|[of] p2a: Starmie
|
|-heal|p2a: Starmie|42/100|[from] item: Leftovers
|-heal|p1a: Jirachi|45/100 par|[from] item: Leftovers
|upkeep
|turn|19
|
|move|p2a: Starmie|Recover|p2a: Starmie
|-heal|p2a: Starmie|92/100
|move|p1a: Jirachi|Stealth Rock|p2a: Starmie
|-sidestart|p2: TheRealVaetosh|move: Stealth Rock
|
|-heal|p2a: Starmie|98/100|[from] item: Leftovers
|-heal|p1a: Jirachi|51/100 par|[from] item: Leftovers
|upkeep
|turn|20
|
|move|p2a: Starmie|Rapid Spin|p1a: Jirachi
|-resisted|p1a: Jirachi
|-damage|p1a: Jirachi|50/100 par
|-sideend|p2: TheRealVaetosh|Stealth Rock|[from] move: Rapid Spin|[of] p2a: Starmie
|move|p1a: Jirachi|Wish|p1a: Jirachi
|
|-heal|p2a: Starmie|100/100|[from] item: Leftovers
|-heal|p1a: Jirachi|56/100 par|[from] item: Leftovers
|upkeep
|turn|21
|
|switch|p2a: Dragonite|Dragonite, M, shiny|100/100
|move|p1a: Jirachi|Stealth Rock|p2a: Dragonite
|-sidestart|p2: TheRealVaetosh|move: Stealth Rock
|
|-heal|p1a: Jirachi|100/100 par|[from] move: Wish|[wisher] Jirachi
|upkeep
|turn|22
|
|switch|p1a: Landorus|Landorus-Therian, M|64/100
|-damage|p1a: Landorus|52/100|[from] Stealth Rock
|-ability|p1a: Landorus|Intimidate|boost
|-unboost|p2a: Dragonite|atk|1
|move|p2a: Dragonite|Dragon Claw|p1a: Landorus
|-damage|p1a: Landorus|12/100
|
|upkeep
|turn|23
|j| YreX-DwX
|
|switch|p1a: Terrakion|Terrakion|94/100
|-damage|p1a: Terrakion|88/100|[from] Stealth Rock
|move|p2a: Dragonite|Extreme Speed|p1a: Terrakion
|-resisted|p1a: Terrakion
|-damage|p1a: Terrakion|76/100
|
|upkeep
|turn|24
|
|switch|p2a: Ferrothorn|Ferrothorn, M, shiny|92/100
|-damage|p2a: Ferrothorn|86/100|[from] Stealth Rock
|move|p1a: Terrakion|Stone Edge|p2a: Ferrothorn
|-resisted|p2a: Ferrothorn
|-damage|p2a: Ferrothorn|64/100
|
|upkeep
|turn|25
|
|switch|p1a: Jirachi|Jirachi|100/100 par
|-damage|p1a: Jirachi|94/100 par|[from] Stealth Rock
|move|p2a: Ferrothorn|Leech Seed|p1a: Jirachi
|-start|p1a: Jirachi|move: Leech Seed
|
|-heal|p1a: Jirachi|100/100 par|[from] item: Leftovers
|-damage|p1a: Jirachi|88/100 par|[from] Leech Seed|[of] p2a: Ferrothorn
|-heal|p2a: Ferrothorn|78/100|[silent]
|upkeep
|turn|26
|
|switch|p2a: Starmie|Starmie, shiny|100/100
|-damage|p2a: Starmie|88/100|[from] Stealth Rock
|move|p1a: Jirachi|Wish|p1a: Jirachi
|
|-heal|p2a: Starmie|94/100|[from] item: Leftovers
|-heal|p1a: Jirachi|94/100 par|[from] item: Leftovers
|-damage|p1a: Jirachi|82/100 par|[from] Leech Seed|[of] p2a: Starmie
|-heal|p2a: Starmie|100/100|[silent]
|upkeep
|turn|27
|
|switch|p1a: Rotom|Rotom-Wash|40/100 brn
|-damage|p1a: Rotom|28/100 brn|[from] Stealth Rock
|move|p2a: Starmie|Scald|p1a: Rotom
|-resisted|p1a: Rotom
|-damage|p1a: Rotom|14/100 brn
|
|-heal|p1a: Rotom|81/100 brn|[from] move: Wish|[wisher] Jirachi
|-heal|p1a: Rotom|87/100 brn|[from] item: Leftovers
|-damage|p1a: Rotom|75/100 brn|[from] brn
|upkeep
|turn|28
|
|move|p2a: Starmie|Rapid Spin|p1a: Rotom
|-damage|p1a: Rotom|72/100 brn
|-sideend|p2: TheRealVaetosh|Stealth Rock|[from] move: Rapid Spin|[of] p2a: Starmie
|move|p1a: Rotom|Volt Switch|p2a: Starmie
|-supereffective|p2a: Starmie
|-damage|p2a: Starmie|36/100
|
|switch|p1a: Alakazam|Alakazam, F|100/100|[from]move: Volt Switch
|
|-heal|p2a: Starmie|42/100|[from] item: Leftovers
|upkeep
|turn|29
|
|switch|p2a: Jirachi|Jirachi|82/100 brn
|move|p1a: Alakazam|Shadow Ball|p2a: Jirachi
|-damage|p2a: Jirachi|65/100 brn
|
|-heal|p2a: Jirachi|72/100 brn|[from] item: Leftovers
|-damage|p2a: Jirachi|59/100 brn|[from] brn
|upkeep
|turn|30
|
|move|p1a: Alakazam|Focus Blast|p2a: Jirachi|[miss]
|-miss|p1a: Alakazam|p2a: Jirachi
|move|p2a: Jirachi|Wish|p2a: Jirachi
|
|-heal|p2a: Jirachi|65/100 brn|[from] item: Leftovers
|-damage|p2a: Jirachi|53/100 brn|[from] brn
|upkeep
|turn|31
|
|move|p1a: Alakazam|Encore|p2a: Jirachi
|-start|p2a: Jirachi|Encore
|move|p2a: Jirachi|Wish||[still]
|-fail|p2a: Jirachi
|
|-heal|p2a: Jirachi|100/100 brn|[from] move: Wish|[wisher] Jirachi
|-damage|p2a: Jirachi|88/100 brn|[from] brn
|upkeep
|turn|32
|
|move|p1a: Alakazam|Psychic|p2a: Jirachi
|-resisted|p2a: Jirachi
|-damage|p2a: Jirachi|81/100 brn
|move|p2a: Jirachi|Wish|p2a: Jirachi
|
|-heal|p2a: Jirachi|87/100 brn|[from] item: Leftovers
|-damage|p2a: Jirachi|75/100 brn|[from] brn
|upkeep
|turn|33
|
|switch|p2a: Dragonite|Dragonite, M, shiny|100/100
|move|p1a: Alakazam|Psychic|p2a: Dragonite
|-damage|p2a: Dragonite|74/100
|
|-heal|p2a: Dragonite|100/100|[from] move: Wish|[wisher] Jirachi
|upkeep
|turn|34
|
|switch|p1a: Landorus|Landorus-Therian, M|12/100
|-damage|p1a: Landorus|0 fnt|[from] Stealth Rock
|faint|p1a: Landorus
|move|p2a: Dragonite|Dragon Dance|p2a: Dragonite
|-boost|p2a: Dragonite|atk|1
|-boost|p2a: Dragonite|spe|1
|
|upkeep
|
|switch|p1a: Rotom|Rotom-Wash|72/100 brn
|-damage|p1a: Rotom|60/100 brn|[from] Stealth Rock
|turn|35
|
|move|p2a: Dragonite|Dragon Claw|p1a: Rotom
|-damage|p1a: Rotom|2/100 brn
|move|p1a: Rotom|Will-O-Wisp|p2a: Dragonite
|-status|p2a: Dragonite|brn
|-enditem|p2a: Dragonite|Lum Berry|[eat]
|-curestatus|p2a: Dragonite|brn|[msg]
|
|-heal|p1a: Rotom|8/100 brn|[from] item: Leftovers
|-damage|p1a: Rotom|0 fnt|[from] brn
|faint|p1a: Rotom
|upkeep
|
|switch|p1a: Terrakion|Terrakion|76/100
|-damage|p1a: Terrakion|70/100|[from] Stealth Rock
|turn|36
|
|move|p2a: Dragonite|Dragon Claw|p1a: Terrakion
|-damage|p1a: Terrakion|0 fnt
|faint|p1a: Terrakion
|
|upkeep
|l|☆Hector5463
|player|p1|
|l| YreX-DwX
|inactive|Battle timer is ON: inactive players will automatically lose when time's up. (requested by TheRealVaetosh)
|inactive|Hector5463 has 30 seconds to reconnect!
|inactive|Hector5463 has 20 seconds to reconnect!
|inactive|Hector5463 has 15 seconds to reconnect!
|inactive|Hector5463 has 10 seconds to reconnect!
|inactive|Hector5463 has 5 seconds to reconnect!
|-message|Hector5463 lost due to inactivity.
|
|win|TheRealVaetosh
|raw|Hector5463's rating: 1483 &rarr; <strong>1457</strong><br />(-26 for losing)
|raw|TheRealVaetosh's rating: 1362 &rarr; <strong>1389</strong><br />(+27 for winning)
