|j|☆H3RRO
|j|☆mastur_bator_69
|player|p1|H3RRO|50|1476
|player|p2|mastur_bator_69|maid|1450
|teamsize|p1|6
|teamsize|p2|6
|gametype|singles
|gen|5
|tier|[Gen 5] OU
|rated|
|clearpoke
|poke|p1|Reuniclus, F|item
|poke|p1|Abomasnow, F|item
|poke|p1|Scizor, M|item
|poke|p1|Tentacruel, F|item
|poke|p1|Kyurem-Black|item
|poke|p1|Landorus-Therian, M|item
|poke|p2|Mamoswine, M|item
|poke|p2|Latios, M|item
|poke|p2|Scizor, F|item
|poke|p2|Kyurem-Black|item
|poke|p2|Salamence, M|item
|poke|p2|Magnezone|item
|rule|Species Clause: Limit one of each Pokémon
|rule|OHKO Clause: OHKO moves are banned
|rule|Moody Clause: Moody is banned
|rule|Evasion Moves Clause: Evasion moves are banned
|rule|Endless Battle Clause: Forcing endless battles is banned
|rule|HP Percentage Mod: HP is shown in percentages
|rule|Evasion Abilities Clause: Evasion abilities are banned
|rule|Baton Pass Clause: Limit one Baton Passer, can't pass Spe and other stats simultaneously
|rule|Sleep Clause: Sleep-inducing moves are banned
|rule|Swagger Clause: Swagger is banned
|teampreview
|inactive|Battle timer is ON: inactive players will automatically lose when time's up. (requested by mastur_bator_69)
|j| oh oh Dahlia
|
|start
|switch|p1a: Abomasnow|Abomasnow, F|100/100
|switch|p2a: Kyurem|Kyurem-Black|100/100
|-ability|p2a: Kyurem|Teravolt
|-weather|Hail|[from] ability: Snow Warning|[of] p1a: Abomasnow
|turn|1
|
|move|p1a: Abomasnow|Protect|p1a: Abomasnow
|-singleturn|p1a: Abomasnow|Protect
|move|p2a: Kyurem|Outrage|p1a: Abomasnow
|-activate|p1a: Abomasnow|move: Protect
|
|-weather|Hail|[upkeep]
|upkeep
|turn|2
|
|switch|p1a: Scizor|Scizor, M|100/100
|move|p2a: Kyurem|Outrage|p1a: Scizor
|-resisted|p1a: Scizor
|-damage|p1a: Scizor|37/100
|
|-weather|Hail|[upkeep]
|-damage|p1a: Scizor|30/100|[from] Hail
|upkeep
|turn|3
|
|move|p1a: Scizor|Bullet Punch|p2a: Kyurem
|-supereffective|p2a: Kyurem
|-damage|p2a: Kyurem|16/100
|move|p2a: Kyurem|Outrage|p1a: Scizor|[from]lockedmove
|-resisted|p1a: Scizor
|-damage|p1a: Scizor|0 fnt
|faint|p1a: Scizor
|
|-weather|Hail|[upkeep]
|upkeep
|
|switch|p1a: Landorus|Landorus-Therian, M|100/100
|-ability|p1a: Landorus|Intimidate|boost
|-unboost|p2a: Kyurem|atk|1
|turn|4
|
|move|p2a: Kyurem|Outrage|p1a: Landorus|[from]lockedmove
|-crit|p1a: Landorus
|-damage|p1a: Landorus|0 fnt
|-damage|p2a: Kyurem|0 fnt|[from] item: Rocky Helmet|[of] p1a: Landorus
|faint|p2a: Kyurem
|faint|p1a: Landorus
|
|-weather|Hail|[upkeep]
|upkeep
|
|switch|p2a: Latios|Latios, M|100/100
|switch|p1a: Abomasnow|Abomasnow, F|100/100
|turn|5
|
|move|p2a: Latios|Draco Meteor|p1a: Abomasnow
|-damage|p1a: Abomasnow|6/100
|-unboost|p2a: Latios|spa|2
|move|p1a: Abomasnow|Leech Seed|p2a: Latios
|-start|p2a: Latios|move: Leech Seed
|
|-weather|Hail|[upkeep]
|-damage|p2a: Latios|94/100|[from] Hail
|-heal|p1a: Abomasnow|12/100|[from] item: Leftovers
|-damage|p2a: Latios|82/100|[from] Leech Seed|[of] p1a: Abomasnow
|-heal|p1a: Abomasnow|22/100|[silent]
|upkeep
|turn|6
|
|switch|p2a: Scizor|Scizor, F|100/100
|move|p1a: Abomasnow|Protect||[still]
|-fail|p1a: Abomasnow
|
|-weather|Hail|[upkeep]
|-damage|p2a: Scizor|94/100|[from] Hail
|-heal|p1a: Abomasnow|29/100|[from] item: Leftovers
|upkeep
|turn|7
|
|move|p1a: Abomasnow|Protect|p1a: Abomasnow
|-singleturn|p1a: Abomasnow|Protect
|move|p2a: Scizor|U-turn|p1a: Abomasnow
|-activate|p1a: Abomasnow|move: Protect
|
|-weather|Hail|[upkeep]
|-damage|p2a: Scizor|88/100|[from] Hail
|-heal|p1a: Abomasnow|35/100|[from] item: Leftovers
|upkeep
|turn|8
|
|switch|p1a: Tentacruel|Tentacruel, F|100/100
|move|p2a: Scizor|U-turn|p1a: Tentacruel
|-resisted|p1a: Tentacruel
|-damage|p1a: Tentacruel|67/100
|
|switch|p2a: Latios|Latios, M|82/100|[from]move: U-turn
|
|-weather|Hail|[upkeep]
|-damage|p2a: Latios|76/100|[from] Hail
|-damage|p1a: Tentacruel|61/100|[from] Hail
|-heal|p1a: Tentacruel|67/100|[from] item: Black Sludge
|upkeep
|turn|9
|
|move|p1a: Tentacruel|Protect|p1a: Tentacruel
|-singleturn|p1a: Tentacruel|Protect
|move|p2a: Latios|Draco Meteor|p1a: Tentacruel
|-activate|p1a: Tentacruel|move: Protect
|
|-weather|Hail|[upkeep]
|-damage|p2a: Latios|70/100|[from] Hail
|-damage|p1a: Tentacruel|61/100|[from] Hail
|-heal|p1a: Tentacruel|67/100|[from] item: Black Sludge
|upkeep
|turn|10
|c|☆H3RRO|drag spam is so cheap
|-message|H3RRO forfeited.
|
|win|mastur_bator_69
|l|☆H3RRO
|raw|H3RRO's rating: 1457 &rarr; <strong>1436</strong><br />(-21 for losing)
|raw|mastur_bator_69's rating: 1451 &rarr; <strong>1471</strong><br />(+20 for winning)
