|j|☆wobbuffoon3
|j|☆refsunpersons
|player|p1|wobbuffoon3|8
|player|p2|refsunpersons|5
|teamsize|p1|6
|teamsize|p2|6
|gametype|singles
|gen|5
|tier|[Gen 5] OU
|rated|
|rule|Sleep Clause Mod: Limit one foe put to sleep
|rule|Species Clause: Limit one of each Pokémon
|rule|OHKO Clause: OHKO moves are banned
|rule|Moody Clause: Moody is banned
|rule|Evasion Moves Clause: Evasion moves are banned
|rule|Endless Battle Clause: Forcing endless battles is banned
|rule|HP Percentage Mod: HP is shown in percentages
|rule|Evasion Abilities Clause: Evasion abilities are banned
|rule|Baton Pass Clause: Limit one Baton Passer, can't pass Spe and other stats simultaneously
|rule|Swagger Clause: Swagger is banned
|clearpoke
|poke|p1|Tyranitar, M|item
|poke|p1|Wobbuffet, M|item
|poke|p1|Latios, M|item
|poke|p1|Skarmory, M|item
|poke|p1|Garchomp, M|item
|poke|p1|Breloom, M|item
|poke|p2|Tyranitar, F|item
|poke|p2|Landorus-Therian, M|item
|poke|p2|Latios, M|item
|poke|p2|Ferrothorn, F|item
|poke|p2|Heatran, F|item
|poke|p2|Rotom-Wash|item
|teampreview
|c|☆refsunpersons|cool pick
|c|☆refsunpersons|gl hf
|inactive|Battle timer is ON: inactive players will automatically lose when time's up. (requested by wobbuffoon3)
|
|start
|switch|p1a: Garchomp|Garchomp, M|100/100
|switch|p2a: PUNISHMENT OF GOD|Latios, M|100/100
|turn|1
|
|switch|p1a: Tyranitar|Tyranitar, M|100/100
|-weather|Sandstorm|[from] ability: Sand Stream|[of] p1a: Tyranitar
|move|p2a: PUNISHMENT OF GOD|Surf|p1a: Tyranitar
|-supereffective|p1a: Tyranitar
|-crit|p1a: Tyranitar
|-damage|p1a: Tyranitar|0 fnt
|faint|p1a: Tyranitar
|
|-weather|Sandstorm|[upkeep]
|-damage|p2a: PUNISHMENT OF GOD|95/100|[from] Sandstorm
|upkeep
|
|switch|p1a: Wobbuffet|Wobbuffet, M|100/100
|turn|2
|j| Tree Dance
|
|move|p2a: PUNISHMENT OF GOD|Surf|p1a: Wobbuffet
|-damage|p1a: Wobbuffet|67/100
|move|p1a: Wobbuffet|Mirror Coat|p2a: PUNISHMENT OF GOD
|-damage|p2a: PUNISHMENT OF GOD|0 fnt
|faint|p2a: PUNISHMENT OF GOD
|
|-weather|Sandstorm|[upkeep]
|-damage|p1a: Wobbuffet|61/100|[from] Sandstorm
|-heal|p1a: Wobbuffet|67/100|[from] item: Leftovers
|upkeep
|
|switch|p2a: MAN OF KILL|Tyranitar, F|100/100
|turn|3
|
|switch|p1a: Skarmory|Skarmory, M|100/100
|move|p2a: MAN OF KILL|Stealth Rock|p1a: Skarmory
|-sidestart|p1: wobbuffoon3|move: Stealth Rock
|
|-weather|Sandstorm|[upkeep]
|upkeep
|turn|4
|
|switch|p2a: I AM WHO I AM|Rotom-Wash|100/100
|move|p1a: Skarmory|Spikes|p2a: I AM WHO I AM
|-sidestart|p2: refsunpersons|Spikes
|
|-weather|Sandstorm|[upkeep]
|-damage|p2a: I AM WHO I AM|94/100|[from] Sandstorm
|-heal|p2a: I AM WHO I AM|100/100|[from] item: Leftovers
|upkeep
|turn|5
|
|move|p2a: I AM WHO I AM|Will-O-Wisp|p1a: Skarmory
|-status|p1a: Skarmory|brn
|move|p1a: Skarmory|Spikes|p2a: I AM WHO I AM
|-sidestart|p2: refsunpersons|Spikes
|
|-weather|Sandstorm|[upkeep]
|-damage|p2a: I AM WHO I AM|94/100|[from] Sandstorm
|-heal|p2a: I AM WHO I AM|100/100|[from] item: Leftovers
|-damage|p1a: Skarmory|88/100 brn|[from] brn
|upkeep
|turn|6
|
|move|p2a: I AM WHO I AM|Volt Switch|p1a: Skarmory
|-supereffective|p1a: Skarmory
|-damage|p1a: Skarmory|29/100 brn
|
|switch|p2a: BITCH LASAGNA|Heatran, F|100/100
|-damage|p2a: BITCH LASAGNA|84/100|[from] Spikes
|move|p1a: Skarmory|Spikes|p2a: BITCH LASAGNA
|-sidestart|p2: refsunpersons|Spikes
|
|-weather|Sandstorm|[upkeep]
|-heal|p2a: BITCH LASAGNA|90/100|[from] item: Leftovers
|-heal|p1a: Skarmory|35/100 brn|[from] item: Leftovers
|-damage|p1a: Skarmory|23/100 brn|[from] brn
|upkeep
|turn|7
|
|move|p2a: BITCH LASAGNA|Substitute|p2a: BITCH LASAGNA
|-start|p2a: BITCH LASAGNA|Substitute
|-damage|p2a: BITCH LASAGNA|65/100
|move|p1a: Skarmory|Whirlwind|p2a: BITCH LASAGNA
|drag|p2a: BEAST OF EARTH|Ferrothorn, F|100/100
|-damage|p2a: BEAST OF EARTH|75/100|[from] Spikes
|
|-weather|Sandstorm|[upkeep]
|-heal|p1a: Skarmory|29/100 brn|[from] item: Leftovers
|-heal|p2a: BEAST OF EARTH|82/100|[from] item: Leftovers
|-damage|p1a: Skarmory|16/100 brn|[from] brn
|upkeep
|turn|8
|
|switch|p1a: Breloom|Breloom, M|100/100
|-damage|p1a: Breloom|94/100|[from] Stealth Rock
|move|p2a: BEAST OF EARTH|Leech Seed|p1a: Breloom
|-immune|p1a: Breloom
|
|-weather|Sandstorm|[upkeep]
|-damage|p1a: Breloom|88/100|[from] Sandstorm
|-heal|p2a: BEAST OF EARTH|88/100|[from] item: Leftovers
|upkeep
|turn|9
|inactive|refsunpersons has 120 seconds left.
|
|move|p1a: Breloom|Spore|p2a: BEAST OF EARTH
|-status|p2a: BEAST OF EARTH|slp
|cant|p2a: BEAST OF EARTH|slp
|
|-weather|Sandstorm|[upkeep]
|-damage|p1a: Breloom|82/100|[from] Sandstorm
|-heal|p2a: BEAST OF EARTH|94/100 slp|[from] item: Leftovers
|upkeep
|turn|10
|
|-singleturn|p1a: Breloom|move: Focus Punch
|switch|p2a: TRUE JUSTICE|Landorus-Therian, M|100/100
|-ability|p2a: TRUE JUSTICE|Intimidate|boost
|-unboost|p1a: Breloom|atk|1
|move|p1a: Breloom|Focus Punch|p2a: TRUE JUSTICE
|-resisted|p2a: TRUE JUSTICE
|-damage|p2a: TRUE JUSTICE|58/100
|-damage|p1a: Breloom|72/100|[from] item: Life Orb
|
|-weather|Sandstorm|[upkeep]
|-damage|p1a: Breloom|66/100|[from] Sandstorm
|upkeep
|turn|11
|
|switch|p1a: Skarmory|Skarmory, M|16/100 brn
|-damage|p1a: Skarmory|4/100 brn|[from] Stealth Rock
|move|p2a: TRUE JUSTICE|U-turn|p1a: Skarmory
|-resisted|p1a: Skarmory
|-damage|p1a: Skarmory|0 fnt
|faint|p1a: Skarmory
|
|switch|p2a: BITCH LASAGNA|Heatran, F|65/100
|-damage|p2a: BITCH LASAGNA|40/100|[from] Spikes
|
|-weather|Sandstorm|[upkeep]
|-heal|p2a: BITCH LASAGNA|46/100|[from] item: Leftovers
|upkeep
|
|switch|p1a: Garchomp|Garchomp, M|100/100
|-damage|p1a: Garchomp|94/100|[from] Stealth Rock
|turn|12
|
|switch|p2a: I AM WHO I AM|Rotom-Wash|100/100
|move|p1a: Garchomp|Stealth Rock|p2a: I AM WHO I AM
|-sidestart|p2: refsunpersons|move: Stealth Rock
|
|-weather|Sandstorm|[upkeep]
|-damage|p2a: I AM WHO I AM|94/100|[from] Sandstorm
|-heal|p2a: I AM WHO I AM|100/100|[from] item: Leftovers
|upkeep
|turn|13
|
|switch|p1a: Breloom|Breloom, M|66/100
|-damage|p1a: Breloom|60/100|[from] Stealth Rock
|move|p2a: I AM WHO I AM|Will-O-Wisp|p1a: Breloom
|-status|p1a: Breloom|brn
|
|-weather|Sandstorm|[upkeep]
|-damage|p2a: I AM WHO I AM|94/100|[from] Sandstorm
|-damage|p1a: Breloom|54/100 brn|[from] Sandstorm
|-heal|p2a: I AM WHO I AM|100/100|[from] item: Leftovers
|-damage|p1a: Breloom|41/100 brn|[from] brn
|upkeep
|turn|14
|
|move|p2a: I AM WHO I AM|Volt Switch|p1a: Breloom
|-resisted|p1a: Breloom
|-damage|p1a: Breloom|11/100 brn
|
|switch|p2a: BEAST OF EARTH|Ferrothorn, F|94/100 slp
|-damage|p2a: BEAST OF EARTH|69/100 slp|[from] Spikes
|-damage|p2a: BEAST OF EARTH|63/100 slp|[from] Stealth Rock
|move|p1a: Breloom|Bullet Seed|p2a: BEAST OF EARTH
|-resisted|p2a: BEAST OF EARTH
|-damage|p2a: BEAST OF EARTH|61/100 slp
|-resisted|p2a: BEAST OF EARTH
|-damage|p2a: BEAST OF EARTH|59/100 slp
|-hitcount|p2a: BEAST OF EARTH|2
|-damage|p1a: Breloom|1/100 brn|[from] item: Life Orb
|
|-weather|Sandstorm|[upkeep]
|-damage|p1a: Breloom|0 fnt|[from] Sandstorm
|-heal|p2a: BEAST OF EARTH|65/100 slp|[from] item: Leftovers
|upkeep
|faint|p1a: Breloom
|
|switch|p1a: Garchomp|Garchomp, M|94/100
|-damage|p1a: Garchomp|88/100|[from] Stealth Rock
|turn|15
|
|move|p1a: Garchomp|Fire Blast|p2a: BEAST OF EARTH
|-supereffective|p2a: BEAST OF EARTH
|-damage|p2a: BEAST OF EARTH|0 fnt
|-damage|p1a: Garchomp|78/100|[from] item: Life Orb
|faint|p2a: BEAST OF EARTH
|
|-weather|Sandstorm|[upkeep]
|upkeep
|
|switch|p2a: I AM WHO I AM|Rotom-Wash|100/100
|-damage|p2a: I AM WHO I AM|88/100|[from] Stealth Rock
|turn|16
|
|switch|p1a: Latios|Latios, M|100/100
|-damage|p1a: Latios|88/100|[from] Stealth Rock
|move|p2a: I AM WHO I AM|Will-O-Wisp|p1a: Latios
|-status|p1a: Latios|brn
|
|-weather|Sandstorm|[upkeep]
|-damage|p1a: Latios|82/100 brn|[from] Sandstorm
|-damage|p2a: I AM WHO I AM|82/100|[from] Sandstorm
|-heal|p2a: I AM WHO I AM|88/100|[from] item: Leftovers
|-damage|p1a: Latios|70/100 brn|[from] brn
|upkeep
|turn|17
|
|switch|p2a: BITCH LASAGNA|Heatran, F|46/100
|-damage|p2a: BITCH LASAGNA|21/100|[from] Spikes
|-damage|p2a: BITCH LASAGNA|9/100|[from] Stealth Rock
|move|p1a: Latios|Draco Meteor|p2a: BITCH LASAGNA|[miss]
|-miss|p1a: Latios|p2a: BITCH LASAGNA
|
|-weather|Sandstorm|[upkeep]
|-damage|p1a: Latios|64/100 brn|[from] Sandstorm
|-heal|p2a: BITCH LASAGNA|15/100|[from] item: Leftovers
|-damage|p1a: Latios|52/100 brn|[from] brn
|upkeep
|turn|18
|
|move|p1a: Latios|Draco Meteor|p2a: BITCH LASAGNA
|-resisted|p2a: BITCH LASAGNA
|-damage|p2a: BITCH LASAGNA|0 fnt
|-unboost|p1a: Latios|spa|2
|faint|p2a: BITCH LASAGNA
|
|-weather|Sandstorm|[upkeep]
|-damage|p1a: Latios|46/100 brn|[from] Sandstorm
|-damage|p1a: Latios|33/100 brn|[from] brn
|upkeep
|
|switch|p2a: MAN OF KILL|Tyranitar, F|100/100
|-damage|p2a: MAN OF KILL|75/100|[from] Spikes
|-damage|p2a: MAN OF KILL|63/100|[from] Stealth Rock
|turn|19
|
|move|p1a: Latios|Draco Meteor|p2a: MAN OF KILL
|-damage|p2a: MAN OF KILL|40/100
|-unboost|p1a: Latios|spa|2
|move|p2a: MAN OF KILL|Pursuit|p1a: Latios
|-supereffective|p1a: Latios
|-damage|p1a: Latios|0 fnt
|faint|p1a: Latios
|
|-weather|Sandstorm|[upkeep]
|upkeep
|
|switch|p1a: Garchomp|Garchomp, M|78/100
|-damage|p1a: Garchomp|72/100|[from] Stealth Rock
|turn|20
|
|move|p1a: Garchomp|Earthquake|p2a: MAN OF KILL
|-supereffective|p2a: MAN OF KILL
|-damage|p2a: MAN OF KILL|0 fnt
|-damage|p1a: Garchomp|62/100|[from] item: Life Orb
|faint|p2a: MAN OF KILL
|
|-weather|Sandstorm|[upkeep]
|upkeep
|
|switch|p2a: I AM WHO I AM|Rotom-Wash|88/100
|-damage|p2a: I AM WHO I AM|76/100|[from] Stealth Rock
|turn|21
|
|move|p1a: Garchomp|Draco Meteor|p2a: I AM WHO I AM
|-crit|p2a: I AM WHO I AM
|-damage|p2a: I AM WHO I AM|0 fnt
|-unboost|p1a: Garchomp|spa|2
|-damage|p1a: Garchomp|53/100|[from] item: Life Orb
|faint|p2a: I AM WHO I AM
|
|-weather|Sandstorm|[upkeep]
|upkeep
|
|switch|p2a: TRUE JUSTICE|Landorus-Therian, M|58/100
|-damage|p2a: TRUE JUSTICE|46/100|[from] Stealth Rock
|-ability|p2a: TRUE JUSTICE|Intimidate|boost
|-unboost|p1a: Garchomp|atk|1
|turn|22
|
|move|p2a: TRUE JUSTICE|Earthquake|p1a: Garchomp
|-damage|p1a: Garchomp|0 fnt
|faint|p1a: Garchomp
|
|-weather|Sandstorm|[upkeep]
|upkeep
|
|switch|p1a: Wobbuffet|Wobbuffet, M|67/100
|-damage|p1a: Wobbuffet|54/100|[from] Stealth Rock
|turn|23
|
|move|p2a: TRUE JUSTICE|Earthquake|p1a: Wobbuffet
|-damage|p1a: Wobbuffet|18/100
|move|p1a: Wobbuffet|Counter|p2a: TRUE JUSTICE
|-damage|p2a: TRUE JUSTICE|0 fnt
|faint|p2a: TRUE JUSTICE
|
|win|wobbuffoon3
|c|☆refsunpersons|gg
|raw|wobbuffoon3's rating: 1264 &rarr; <strong>1297</strong><br />(+33 for winning)
|raw|refsunpersons's rating: 1369 &rarr; <strong>1344</strong><br />(-25 for losing)
|c|☆wobbuffoon3|gg
