|join|FS Princess Anna
|join|Astrio
|player|p1|FS Princess Anna|96
|player|p2|Astrio|52
|gametype|singles
|gen|5
|tier|[Gen 5] OU
|rated
|rule|Evasion Abilities Clause: Evasion abilities are banned
|clearpoke
|poke|p1|Politoed, M
|poke|p1|Tyranitar, M
|poke|p1|Kyurem
|poke|p1|Chansey, F
|poke|p1|Tentacruel, M
|poke|p1|Skarmory, F
|poke|p2|Latias, F
|poke|p2|Thundurus-Therian, M
|poke|p2|Politoed, F
|poke|p2|Ferrothorn, M
|poke|p2|Toxicroak, M, shiny
|poke|p2|Lucario, M
|rule|Sleep Clause Mod: Limit one foe put to sleep
|rule|Species Clause: Limit one of each Pokemon
|rule|OHKO Clause: OHKO moves are banned
|rule|Moody Clause: Moody is banned
|rule|Evasion Moves Clause: Evasion moves are banned
|rule|Endless Battle Clause: Forcing endless battles is banned.
|rule|HP Percentage Mod: HP is reported as percentages
|teampreview
|
|start
|switch|p1a: Kyurem|Kyurem|404/404
|switch|p2a: Tarpaud|Politoed, F|384/384
|-ability|p1a: Kyurem|Pressure
|-weather|RainDance|[from] ability: Drizzle|[of] p2a: Tarpaud
|turn|1
|
|move|p1a: Kyurem|Substitute|p1a: Kyurem
|-start|p1a: Kyurem|Substitute
|-damage|p1a: Kyurem|303/404
|move|p2a: Tarpaud|Focus Blast|p1a: Kyurem|[miss]
|-miss|p2a: Tarpaud|p1a: Kyurem
|
|-weather|RainDance|[upkeep]
|-heal|p1a: Kyurem|328/404|[from] item: Leftovers
|turn|2
|
|move|p1a: Kyurem|Earth Power|p2a: Tarpaud
|-damage|p2a: Tarpaud|260/384
|move|p2a: Tarpaud|Focus Blast|p1a: Kyurem
|-supereffective|p1a: Kyurem
|-end|p1a: Kyurem|Substitute
|
|-weather|RainDance|[upkeep]
|-heal|p1a: Kyurem|353/404|[from] item: Leftovers
|turn|3
|
|switch|p2a: Noacier|Ferrothorn, M|352/352
|move|p1a: Kyurem|Substitute|p1a: Kyurem
|-start|p1a: Kyurem|Substitute
|-damage|p1a: Kyurem|252/404
|
|-weather|RainDance|[upkeep]
|-heal|p1a: Kyurem|277/404|[from] item: Leftovers
|turn|4
|
|move|p1a: Kyurem|Roost|p1a: Kyurem
|-heal|p1a: Kyurem|404/404
|move|p2a: Noacier|Gyro Ball|p1a: Kyurem
|-supereffective|p1a: Kyurem
|-end|p1a: Kyurem|Substitute
|
|-weather|RainDance|[upkeep]
|turn|5
|
|move|p1a: Kyurem|Substitute|p1a: Kyurem
|-start|p1a: Kyurem|Substitute
|-damage|p1a: Kyurem|303/404
|move|p2a: Noacier|Stealth Rock|p1a: Kyurem
|-sidestart|p1: FS Princess Anna|move: Stealth Rock
|
|-weather|RainDance|[upkeep]
|-heal|p1a: Kyurem|328/404|[from] item: Leftovers
|turn|6
|
|move|p1a: Kyurem|Ice Beam|p2a: Noacier
|-damage|p2a: Noacier|234/352
|move|p2a: Noacier|Gyro Ball|p1a: Kyurem
|-supereffective|p1a: Kyurem
|-end|p1a: Kyurem|Substitute
|
|-weather|RainDance|[upkeep]
|-heal|p1a: Kyurem|353/404|[from] item: Leftovers
|-heal|p2a: Noacier|256/352|[from] item: Leftovers
|turn|7
|
|move|p1a: Kyurem|Substitute|p1a: Kyurem
|-start|p1a: Kyurem|Substitute
|-damage|p1a: Kyurem|252/404
|move|p2a: Noacier|Gyro Ball|p1a: Kyurem
|-supereffective|p1a: Kyurem
|-end|p1a: Kyurem|Substitute
|
|-weather|RainDance|[upkeep]
|-heal|p1a: Kyurem|277/404|[from] item: Leftovers
|-heal|p2a: Noacier|278/352|[from] item: Leftovers
|turn|8
|
|move|p1a: Kyurem|Substitute|p1a: Kyurem
|-start|p1a: Kyurem|Substitute
|-damage|p1a: Kyurem|176/404
|move|p2a: Noacier|Gyro Ball|p1a: Kyurem
|-supereffective|p1a: Kyurem
|-end|p1a: Kyurem|Substitute
|
|-weather|RainDance|[upkeep]
|-heal|p1a: Kyurem|201/404|[from] item: Leftovers
|-heal|p2a: Noacier|300/352|[from] item: Leftovers
|turn|9
|
|switch|p2a: Fulguris-T|Thundurus-Therian, M|300/300
|move|p1a: Kyurem|Substitute|p1a: Kyurem
|-start|p1a: Kyurem|Substitute
|-damage|p1a: Kyurem|100/404
|
|-weather|RainDance|[upkeep]
|-heal|p1a: Kyurem|125/404|[from] item: Leftovers
|turn|10
|
|move|p2a: Fulguris-T|Thunder|p1a: Kyurem
|-resisted|p1a: Kyurem
|-end|p1a: Kyurem|Substitute
|move|p1a: Kyurem|Ice Beam|p2a: Fulguris-T
|-supereffective|p2a: Fulguris-T
|-damage|p2a: Fulguris-T|0 fnt
|faint|p2a: Fulguris-T
|
|-weather|RainDance|[upkeep]
|-heal|p1a: Kyurem|150/404|[from] item: Leftovers
|
|switch|p2a: Lucario|Lucario, M|281/281
|turn|11
|
|switch|p1a: Skarmory|Skarmory, F|334/334
|-damage|p1a: Skarmory|293/334|[from] Stealth Rock
|move|p2a: Lucario|Close Combat|p1a: Skarmory
|-damage|p1a: Skarmory|137/334
|-unboost|p2a: Lucario|def|1
|-unboost|p2a: Lucario|spd|1
|-damage|p2a: Lucario|253/281|[from] item: Life Orb
|
|-weather|RainDance|[upkeep]
|turn|12
|
|move|p2a: Lucario|Close Combat|p1a: Skarmory
|-damage|p1a: Skarmory|0 fnt
|-unboost|p2a: Lucario|def|1
|-unboost|p2a: Lucario|spd|1
|-damage|p2a: Lucario|225/281|[from] item: Life Orb
|faint|p1a: Skarmory
|
|-weather|RainDance|[upkeep]
|
|switch|p1a: Tyranitar|Tyranitar, M|342/342
|-damage|p1a: Tyranitar|300/342|[from] Stealth Rock
|-ability|p1a: Tyranitar|Unnerve|p2: Astrio
|turn|13
|
|move|p1a: Tyranitar|Superpower|p2a: Lucario
|-crit|p2a: Lucario
|-supereffective|p2a: Lucario
|-damage|p2a: Lucario|0 fnt
|-unboost|p1a: Tyranitar|atk|1
|-unboost|p1a: Tyranitar|def|1
|faint|p2a: Lucario
|
|-weather|RainDance|[upkeep]
|
|switch|p2a: Coatox|Toxicroak, M, shiny|370/370
|turn|14
|
|switch|p1a: Politoed|Politoed, M|384/384
|-damage|p1a: Politoed|336/384|[from] Stealth Rock
|move|p2a: Coatox|Substitute|p2a: Coatox
|-start|p2a: Coatox|Substitute
|-damage|p2a: Coatox|278/370
|
|-weather|RainDance|[upkeep]
|-heal|p2a: Coatox|324/370|[from] ability: Dry Skin
|-heal|p2a: Coatox|347/370|[from] item: Black Sludge
|-heal|p1a: Politoed|360/384|[from] item: Leftovers
|turn|15
|
|move|p2a: Coatox|Bulk Up|p2a: Coatox
|-boost|p2a: Coatox|atk|1
|-boost|p2a: Coatox|def|1
|move|p1a: Politoed|Perish Song|p1a: Politoed
|-fieldactivate|move: Perish Song
|
|-start|p2a: Coatox|perish3
|-start|p1a: Politoed|perish3
|-weather|RainDance|[upkeep]
|-heal|p2a: Coatox|370/370|[from] ability: Dry Skin
|-heal|p1a: Politoed|384/384|[from] item: Leftovers
|turn|16
|
|move|p1a: Politoed|Protect|p1a: Politoed
|-singleturn|p1a: Politoed|Protect
|move|p2a: Coatox|Drain Punch|p1a: Politoed
|-activate|p1a: Politoed|Protect
|
|-start|p2a: Coatox|perish2
|-start|p1a: Politoed|perish2
|-weather|RainDance|[upkeep]
|turn|17
|
|switch|p1a: Tentacruel|Tentacruel, M|352/352
|-damage|p1a: Tentacruel|308/352|[from] Stealth Rock
|move|p2a: Coatox|Drain Punch|p1a: Tentacruel
|-resisted|p1a: Tentacruel
|-damage|p1a: Tentacruel|212/352
|
|-start|p2a: Coatox|perish1
|-weather|RainDance|[upkeep]
|-heal|p1a: Tentacruel|234/352|[from] ability: Rain Dish
|-heal|p1a: Tentacruel|256/352|[from] item: Black Sludge
|turn|18
|
|switch|p2a: Noacier|Ferrothorn, M|300/352
|move|p1a: Tentacruel|Rapid Spin|p2a: Noacier
|-resisted|p2a: Noacier
|-damage|p2a: Noacier|297/352
|-damage|p1a: Tentacruel|212/352|[from] ability: Iron Barbs|[of] p2a: Noacier
|-sideend|p1: FS Princess Anna|Stealth Rock|[from] move: Rapid Spin|[of] p1a: Tentacruel
|
|-weather|RainDance|[upkeep]
|-heal|p1a: Tentacruel|234/352|[from] ability: Rain Dish
|-heal|p1a: Tentacruel|256/352|[from] item: Black Sludge
|-heal|p2a: Noacier|319/352|[from] item: Leftovers
|turn|19
|
|switch|p1a: Politoed|Politoed, M|384/384
|move|p2a: Noacier|Leech Seed|p1a: Politoed|[miss]
|-miss|p2a: Noacier|p1a: Politoed
|
|-weather|RainDance|[upkeep]
|-heal|p2a: Noacier|341/352|[from] item: Leftovers
|turn|20
|
|move|p1a: Politoed|Scald|p2a: Noacier
|-resisted|p2a: Noacier
|-damage|p2a: Noacier|295/352
|move|p2a: Noacier|Leech Seed|p1a: Politoed|[miss]
|-miss|p2a: Noacier|p1a: Politoed
|
|-weather|RainDance|[upkeep]
|-heal|p2a: Noacier|317/352|[from] item: Leftovers
|turn|21
|
|switch|p2a: Coatox|Toxicroak, M, shiny|370/370
|move|p1a: Politoed|Scald|p2a: Coatox
|-immune|p2a: Coatox|[msg]
|
|-weather|RainDance|[upkeep]
|turn|22
|
|move|p2a: Coatox|Drain Punch|p1a: Politoed
|-damage|p1a: Politoed|276/384
|move|p1a: Politoed|Perish Song|p1a: Politoed
|-fieldactivate|move: Perish Song
|
|-start|p2a: Coatox|perish3
|-start|p1a: Politoed|perish3
|-weather|RainDance|[upkeep]
|-heal|p1a: Politoed|300/384|[from] item: Leftovers
|turn|23
|
|move|p1a: Politoed|Protect|p1a: Politoed
|-singleturn|p1a: Politoed|Protect
|move|p2a: Coatox|Bulk Up|p2a: Coatox
|-boost|p2a: Coatox|atk|1
|-boost|p2a: Coatox|def|1
|
|-start|p2a: Coatox|perish2
|-start|p1a: Politoed|perish2
|-weather|RainDance|[upkeep]
|-heal|p1a: Politoed|324/384|[from] item: Leftovers
|turn|24
|
|move|p1a: Politoed|Protect|p1a: Politoed
|-singleturn|p1a: Politoed|Protect
|move|p2a: Coatox|Drain Punch|p1a: Politoed
|-activate|p1a: Politoed|Protect
|
|-start|p2a: Coatox|perish1
|-start|p1a: Politoed|perish1
|-weather|RainDance|[upkeep]
|-heal|p1a: Politoed|348/384|[from] item: Leftovers
|turn|25
|
|switch|p2a: Tarpaud|Politoed, F|260/384
|switch|p1a: Kyurem|Kyurem|150/404
|-ability|p1a: Kyurem|Pressure
|
|-weather|RainDance|[upkeep]
|-heal|p1a: Kyurem|175/404|[from] item: Leftovers
|turn|26
|
|move|p1a: Kyurem|Substitute|p1a: Kyurem
|-start|p1a: Kyurem|Substitute
|-damage|p1a: Kyurem|74/404
|move|p2a: Tarpaud|Hydro Pump|p1a: Kyurem
|-resisted|p1a: Kyurem
|-end|p1a: Kyurem|Substitute
|
|-weather|RainDance|[upkeep]
|-heal|p1a: Kyurem|99/404|[from] item: Leftovers
|turn|27
|
|move|p1a: Kyurem|Roost|p1a: Kyurem
|-heal|p1a: Kyurem|301/404
|move|p2a: Tarpaud|Hydro Pump|p1a: Kyurem
|-resisted|p1a: Kyurem
|-damage|p1a: Kyurem|61/404
|
|-weather|RainDance|[upkeep]
|-heal|p1a: Kyurem|86/404|[from] item: Leftovers
|turn|28
|
|move|p1a: Kyurem|Roost|p1a: Kyurem
|-heal|p1a: Kyurem|288/404
|move|p2a: Tarpaud|Hydro Pump|p1a: Kyurem
|-resisted|p1a: Kyurem
|-damage|p1a: Kyurem|65/404
|
|-weather|RainDance|[upkeep]
|-heal|p1a: Kyurem|90/404|[from] item: Leftovers
|turn|29
|
|switch|p2a: Coatox|Toxicroak, M, shiny|370/370
|move|p1a: Kyurem|Roost|p1a: Kyurem
|-heal|p1a: Kyurem|292/404
|
|-weather|RainDance|[upkeep]
|-heal|p1a: Kyurem|317/404|[from] item: Leftovers
|turn|30
|
|move|p1a: Kyurem|Earth Power|p2a: Coatox
|-supereffective|p2a: Coatox
|-damage|p2a: Coatox|42/370
|move|p2a: Coatox|Substitute|p2a: Coatox
|-fail|p2a: Coatox|move: Substitute|[weak]
|
|-weather|RainDance|[upkeep]
|-heal|p2a: Coatox|88/370|[from] ability: Dry Skin
|-heal|p1a: Kyurem|342/404|[from] item: Leftovers
|-heal|p2a: Coatox|111/370|[from] item: Black Sludge
|turn|31
|
|switch|p2a: Latias|Latias, F|364/364
|move|p1a: Kyurem|Substitute|p1a: Kyurem
|-start|p1a: Kyurem|Substitute
|-damage|p1a: Kyurem|241/404
|
|-weather|RainDance|[upkeep]
|-heal|p1a: Kyurem|266/404|[from] item: Leftovers
|turn|32
|-message|Astrio forfeited.
|
|win|FS Princess Anna
|raw|Ladder updating...
|raw|FS Princess Anna's rating: 1367 &rarr; <strong>1387</strong><br />(+20 for winning)
|raw|Astrio's rating: 1377 &rarr; <strong>1356</strong><br />(-21 for losing)
|leave|Astrio
|player|p2