|j|☆Coronet077
|j|☆XPlayer101 J
|t:|1711150429
|gametype|singles
|player|p1|Coronet077|fisherman-gen4|1369
|player|p2|XPlayer101 J|yellow|1422
|teamsize|p1|6
|teamsize|p2|6
|gen|5
|tier|[Gen 5] OU
|rated|
|rule|Species Clause: Limit one of each Pokémon
|rule|OHKO Clause: OHKO moves are banned
|rule|Moody Clause: Moody is banned
|rule|Evasion Items Clause: Evasion items are banned
|rule|Evasion Moves Clause: Evasion moves are banned
|rule|Endless Battle Clause: Forcing endless battles is banned
|rule|HP Percentage Mod: HP is shown in percentages
|rule|Evasion Abilities Clause: Evasion abilities are banned
|rule|Sleep Moves Clause: Sleep-inducing moves are banned
|rule|Swagger Clause: Swagger is banned
|rule|Baton Pass Stat Clause: No Baton Passer may have a way to boost its stats
|clearpoke
|poke|p1|Tyranitar, M|item
|poke|p1|Ferrothorn, F|item
|poke|p1|Gliscor, F|item
|poke|p1|Alakazam, M|item
|poke|p1|Reuniclus, F|item
|poke|p1|Latios, M|item
|poke|p2|Politoed, M|item
|poke|p2|Keldeo|item
|poke|p2|Ferrothorn, M|item
|poke|p2|Latios, M|item
|poke|p2|Tentacruel, M|item
|poke|p2|Scizor, M|item
|teampreview
|inactive|Battle timer is ON: inactive players will automatically lose when time's up. (requested by Coronet077)
|
|t:|1711150554
|start
|switch|p1a: Latios|Latios, M|100/100
|switch|p2a: Tentacruel|Tentacruel, M|100/100
|turn|1
|
|t:|1711150577
|move|p2a: Tentacruel|Protect|p2a: Tentacruel
|-singleturn|p2a: Tentacruel|Protect
|move|p1a: Latios|Draco Meteor|p2a: Tentacruel
|-activate|p2a: Tentacruel|move: Protect
|
|upkeep
|turn|2
|
|t:|1711150583
|switch|p1a: Tyranitar|Tyranitar, M|100/100
|-weather|Sandstorm|[from] ability: Sand Stream|[of] p1a: Tyranitar
|switch|p2a: Ferrothorn|Ferrothorn, M|100/100
|
|-weather|Sandstorm|[upkeep]
|upkeep
|turn|3
|
|t:|1711150594
|switch|p2a: Politoed|Politoed, M|100/100
|-weather|RainDance|[from] ability: Drizzle|[of] p2a: Politoed
|move|p1a: Tyranitar|Fire Blast|p2a: Politoed
|-resisted|p2a: Politoed
|-damage|p2a: Politoed|96/100
|
|-weather|RainDance|[upkeep]
|-heal|p2a: Politoed|100/100|[from] item: Leftovers
|upkeep
|turn|4
|inactive|XPlayer101 J has 120 seconds left.
|
|t:|1711150631
|switch|p1a: Ferrothorn|Ferrothorn, F|100/100
|move|p2a: Politoed|Scald|p1a: Ferrothorn
|-resisted|p1a: Ferrothorn
|-damage|p1a: Ferrothorn|89/100
|-status|p1a: Ferrothorn|brn
|
|-weather|RainDance|[upkeep]
|-heal|p1a: Ferrothorn|95/100 brn|[from] item: Leftovers
|-damage|p1a: Ferrothorn|82/100 brn|[from] brn
|upkeep
|turn|5
|inactive|XPlayer101 J has 120 seconds left.
|
|t:|1711150644
|switch|p2a: Tentacruel|Tentacruel, M|100/100
|move|p1a: Ferrothorn|Knock Off|p2a: Tentacruel
|-damage|p2a: Tentacruel|98/100
|-enditem|p2a: Tentacruel|Black Sludge|[from] move: Knock Off|[of] p1a: Ferrothorn
|
|-weather|RainDance|[upkeep]
|-heal|p2a: Tentacruel|100/100|[from] ability: Rain Dish
|-heal|p1a: Ferrothorn|89/100 brn|[from] item: Leftovers
|-damage|p1a: Ferrothorn|76/100 brn|[from] brn
|upkeep
|turn|6
|inactive|XPlayer101 J has 120 seconds left.
|
|t:|1711150654
|move|p2a: Tentacruel|Toxic Spikes|p1a: Ferrothorn
|-sidestart|p1: Coronet077|move: Toxic Spikes
|move|p1a: Ferrothorn|Leech Seed|p2a: Tentacruel
|-start|p2a: Tentacruel|move: Leech Seed
|
|-weather|RainDance|[upkeep]
|-heal|p1a: Ferrothorn|82/100 brn|[from] item: Leftovers
|-damage|p2a: Tentacruel|88/100|[from] Leech Seed|[of] p1a: Ferrothorn
|-heal|p1a: Ferrothorn|95/100 brn|[silent]
|-damage|p1a: Ferrothorn|83/100 brn|[from] brn
|upkeep
|turn|7
|inactive|XPlayer101 J has 120 seconds left.
|
|t:|1711150669
|switch|p2a: Keldeo|Keldeo|100/100
|move|p1a: Ferrothorn|Spikes|p2a: Keldeo
|-sidestart|p2: XPlayer101 J|Spikes
|
|-weather|RainDance|[upkeep]
|-heal|p1a: Ferrothorn|89/100 brn|[from] item: Leftovers
|-damage|p1a: Ferrothorn|76/100 brn|[from] brn
|upkeep
|turn|8
|
|t:|1711150681
|move|p2a: Keldeo|Icy Wind|p1a: Ferrothorn
|-damage|p1a: Ferrothorn|64/100 brn
|-unboost|p1a: Ferrothorn|spe|1
|move|p1a: Ferrothorn|Power Whip|p2a: Keldeo
|-supereffective|p2a: Keldeo
|-damage|p2a: Keldeo|57/100
|
|-weather|RainDance|[upkeep]
|-heal|p1a: Ferrothorn|70/100 brn|[from] item: Leftovers
|-damage|p1a: Ferrothorn|57/100 brn|[from] brn
|upkeep
|turn|9
|inactive|XPlayer101 J has 120 seconds left.
|
|t:|1711150695
|move|p2a: Keldeo|Secret Sword|p1a: Ferrothorn
|-supereffective|p1a: Ferrothorn
|-damage|p1a: Ferrothorn|0 fnt
|faint|p1a: Ferrothorn
|
|-weather|RainDance|[upkeep]
|upkeep
|
|t:|1711150707
|switch|p1a: Alakazam|Alakazam, M|100/100
|-status|p1a: Alakazam|psn
|turn|10
|inactive|XPlayer101 J has 120 seconds left.
|
|t:|1711150722
|switch|p2a: Ferrothorn|Ferrothorn, M|100/100
|-damage|p2a: Ferrothorn|88/100|[from] Spikes
|move|p1a: Alakazam|Thunder Wave|p2a: Ferrothorn
|-status|p2a: Ferrothorn|par
|
|-weather|RainDance|[upkeep]
|-heal|p2a: Ferrothorn|94/100 par|[from] item: Leftovers
|upkeep
|turn|11
|inactive|XPlayer101 J has 120 seconds left.
|
|t:|1711150731
|switch|p1a: Gliscor|Gliscor, F|100/100
|move|p2a: Ferrothorn|Stealth Rock|p1a: Gliscor
|-sidestart|p1: Coronet077|move: Stealth Rock
|
|-weather|RainDance|[upkeep]
|-heal|p2a: Ferrothorn|100/100 par|[from] item: Leftovers
|-status|p1a: Gliscor|tox|[from] item: Toxic Orb
|upkeep
|turn|12
|inactive|XPlayer101 J has 120 seconds left.
|
|t:|1711150749
|switch|p2a: Tentacruel|Tentacruel, M|88/100
|-damage|p2a: Tentacruel|76/100|[from] Spikes
|move|p1a: Gliscor|Stealth Rock|p2a: Tentacruel
|-sidestart|p2: XPlayer101 J|move: Stealth Rock
|
|-weather|RainDance|[upkeep]
|-heal|p2a: Tentacruel|82/100|[from] ability: Rain Dish
|upkeep
|turn|13
|inactive|XPlayer101 J has 120 seconds left.
|
|t:|1711150757
|move|p2a: Tentacruel|Rapid Spin|p1a: Gliscor
|-crit|p1a: Gliscor
|-damage|p1a: Gliscor|97/100 tox
|-sideend|p2: XPlayer101 J|Spikes|[from] move: Rapid Spin|[of] p2a: Tentacruel
|-sideend|p2: XPlayer101 J|Stealth Rock|[from] move: Rapid Spin|[of] p2a: Tentacruel
|move|p1a: Gliscor|Earthquake|p2a: Tentacruel
|-supereffective|p2a: Tentacruel
|-damage|p2a: Tentacruel|17/100
|
|-weather|RainDance|[upkeep]
|-heal|p2a: Tentacruel|23/100|[from] ability: Rain Dish
|-heal|p1a: Gliscor|100/100 tox|[from] ability: Poison Heal
|upkeep
|turn|14
|
|t:|1711150767
|move|p1a: Gliscor|Protect|p1a: Gliscor
|-singleturn|p1a: Gliscor|Protect
|move|p2a: Tentacruel|Scald|p1a: Gliscor
|-activate|p1a: Gliscor|move: Protect
|
|-weather|RainDance|[upkeep]
|-heal|p2a: Tentacruel|29/100|[from] ability: Rain Dish
|upkeep
|turn|15
|
|t:|1711150775
|switch|p1a: Latios|Latios, M|100/100
|-damage|p1a: Latios|88/100|[from] Stealth Rock
|move|p2a: Tentacruel|Scald|p1a: Latios
|-resisted|p1a: Latios
|-damage|p1a: Latios|72/100
|
|-weather|RainDance|[upkeep]
|-heal|p2a: Tentacruel|35/100|[from] ability: Rain Dish
|upkeep
|turn|16
|
|t:|1711150786
|move|p2a: Tentacruel|Protect|p2a: Tentacruel
|-singleturn|p2a: Tentacruel|Protect
|move|p1a: Latios|Trick|p2a: Tentacruel
|-activate|p2a: Tentacruel|move: Protect
|
|-weather|RainDance|[upkeep]
|-heal|p2a: Tentacruel|41/100|[from] ability: Rain Dish
|upkeep
|turn|17
|
|t:|1711150803
|switch|p1a: Reuniclus|Reuniclus, F|100/100
|-status|p1a: Reuniclus|psn
|move|p2a: Tentacruel|Scald|p1a: Reuniclus
|-damage|p1a: Reuniclus|68/100 psn
|
|-weather|RainDance|[upkeep]
|-heal|p2a: Tentacruel|47/100|[from] ability: Rain Dish
|upkeep
|turn|18
|
|t:|1711150811
|switch|p2a: Scizor|Scizor, M|100/100
|move|p1a: Reuniclus|Trick Room|p1a: Reuniclus
|-fieldstart|move: Trick Room|[of] p1a: Reuniclus
|
|-weather|RainDance|[upkeep]
|upkeep
|turn|19
|
|t:|1711150816
|move|p1a: Reuniclus|Focus Blast|p2a: Scizor
|-crit|p2a: Scizor
|-damage|p2a: Scizor|0 fnt
|faint|p2a: Scizor
|
|-weather|RainDance|[upkeep]
|upkeep
|
|t:|1711150832
|switch|p2a: Ferrothorn|Ferrothorn, M|100/100 par
|turn|20
|
|t:|1711150838
|move|p2a: Ferrothorn|Gyro Ball|p1a: Reuniclus
|-damage|p1a: Reuniclus|18/100 psn
|move|p1a: Reuniclus|Focus Blast|p2a: Ferrothorn
|-supereffective|p2a: Ferrothorn
|-damage|p2a: Ferrothorn|25/100 par
|
|-weather|RainDance|[upkeep]
|-heal|p2a: Ferrothorn|31/100 par|[from] item: Leftovers
|upkeep
|turn|21
|
|t:|1711150852
|move|p2a: Ferrothorn|Gyro Ball|p1a: Reuniclus
|-damage|p1a: Reuniclus|0 fnt
|faint|p1a: Reuniclus
|
|-weather|RainDance|[upkeep]
|-heal|p2a: Ferrothorn|38/100 par|[from] item: Leftovers
|upkeep
|
|t:|1711150854
|switch|p1a: Gliscor|Gliscor, F|100/100 tox
|-damage|p1a: Gliscor|88/100 tox|[from] Stealth Rock
|turn|22
|
|t:|1711150881
|move|p2a: Ferrothorn|Gyro Ball|p1a: Gliscor
|-damage|p1a: Gliscor|54/100 tox
|move|p1a: Gliscor|Stealth Rock|p2a: Ferrothorn
|-sidestart|p2: XPlayer101 J|move: Stealth Rock
|
|-weather|RainDance|[upkeep]
|-heal|p2a: Ferrothorn|44/100 par|[from] item: Leftovers
|-heal|p1a: Gliscor|67/100 tox|[from] ability: Poison Heal
|-fieldend|move: Trick Room
|upkeep
|turn|23
|
|t:|1711150888
|move|p1a: Gliscor|Earthquake|p2a: Ferrothorn
|-damage|p2a: Ferrothorn|21/100 par
|move|p2a: Ferrothorn|Spikes|p1a: Gliscor
|-sidestart|p1: Coronet077|Spikes
|
|-weather|RainDance|[upkeep]
|-heal|p2a: Ferrothorn|27/100 par|[from] item: Leftovers
|-heal|p1a: Gliscor|79/100 tox|[from] ability: Poison Heal
|upkeep
|turn|24
|
|t:|1711150897
|move|p1a: Gliscor|Earthquake|p2a: Ferrothorn
|-damage|p2a: Ferrothorn|3/100 par
|move|p2a: Ferrothorn|Spikes|p1a: Gliscor
|-sidestart|p1: Coronet077|Spikes
|
|-weather|RainDance|[upkeep]
|-heal|p2a: Ferrothorn|9/100 par|[from] item: Leftovers
|-heal|p1a: Gliscor|92/100 tox|[from] ability: Poison Heal
|upkeep
|turn|25
|
|t:|1711150905
|move|p1a: Gliscor|U-turn|p2a: Ferrothorn
|-damage|p2a: Ferrothorn|0 fnt
|-damage|p1a: Gliscor|79/100 tox|[from] ability: Iron Barbs|[of] p2a: Ferrothorn
|faint|p2a: Ferrothorn
|
|t:|1711150910
|switch|p1a: Alakazam|Alakazam, M|100/100 psn|[from] U-turn
|
|-weather|RainDance|[upkeep]
|upkeep
|
|t:|1711150923
|switch|p2a: Politoed|Politoed, M|100/100
|-damage|p2a: Politoed|88/100|[from] Stealth Rock
|turn|26
|
|t:|1711150930
|switch|p1a: Gliscor|Gliscor, F|79/100 tox
|-damage|p1a: Gliscor|67/100 tox|[from] Stealth Rock
|move|p2a: Politoed|Scald|p1a: Gliscor
|-supereffective|p1a: Gliscor
|-damage|p1a: Gliscor|0 fnt
|faint|p1a: Gliscor
|
|-weather|RainDance|[upkeep]
|-heal|p2a: Politoed|94/100|[from] item: Leftovers
|upkeep
|
|t:|1711150935
|switch|p1a: Latios|Latios, M|72/100
|-damage|p1a: Latios|59/100|[from] Stealth Rock
|turn|27
|
|t:|1711150949
|move|p2a: Politoed|Protect|p2a: Politoed
|-singleturn|p2a: Politoed|Protect
|move|p1a: Latios|Dragon Pulse|p2a: Politoed
|-activate|p2a: Politoed|move: Protect
|
|-weather|RainDance|[upkeep]
|-heal|p2a: Politoed|100/100|[from] item: Leftovers
|upkeep
|turn|28
|inactive|XPlayer101 J has 120 seconds left.
|inactive|XPlayer101 J has 90 seconds left.
|inactive|XPlayer101 J has 60 seconds left.
|
|t:|1711151041
|switch|p2a: Tentacruel|Tentacruel, M|47/100
|-damage|p2a: Tentacruel|35/100|[from] Stealth Rock
|move|p1a: Latios|Dragon Pulse|p2a: Tentacruel
|-damage|p2a: Tentacruel|0 fnt
|faint|p2a: Tentacruel
|
|-weather|RainDance|[upkeep]
|upkeep
|inactive|XPlayer101 J has 60 seconds left.
|
|t:|1711151049
|switch|p2a: Latios|Latios, M|100/100
|-damage|p2a: Latios|88/100|[from] Stealth Rock
|turn|29
|
|t:|1711151059
|move|p2a: Latios|Draco Meteor|p1a: Latios
|-supereffective|p1a: Latios
|-damage|p1a: Latios|0 fnt
|-unboost|p2a: Latios|spa|2
|faint|p1a: Latios
|
|-weather|RainDance|[upkeep]
|upkeep
|
|t:|1711151066
|switch|p1a: Alakazam|Alakazam, M|100/100 psn
|turn|30
|
|t:|1711151078
|switch|p2a: Politoed|Politoed, M|100/100
|-damage|p2a: Politoed|88/100|[from] Stealth Rock
|move|p1a: Alakazam|Thunder Wave|p2a: Politoed
|-status|p2a: Politoed|par
|
|-weather|RainDance|[upkeep]
|-heal|p2a: Politoed|94/100 par|[from] item: Leftovers
|upkeep
|turn|31
|
|t:|1711151086
|move|p1a: Alakazam|Grass Knot|p2a: Politoed
|-supereffective|p2a: Politoed
|-crit|p2a: Politoed
|-damage|p2a: Politoed|18/100 par
|move|p2a: Politoed|Scald|p1a: Alakazam
|-damage|p1a: Alakazam|38/100 psn
|
|-weather|RainDance|[upkeep]
|-heal|p2a: Politoed|24/100 par|[from] item: Leftovers
|upkeep
|turn|32
|
|t:|1711151095
|move|p1a: Alakazam|Grass Knot|p2a: Politoed
|-supereffective|p2a: Politoed
|-damage|p2a: Politoed|0 fnt
|faint|p2a: Politoed
|
|-weather|RainDance|[upkeep]
|upkeep
|
|t:|1711151116
|switch|p2a: Latios|Latios, M|88/100
|-damage|p2a: Latios|76/100|[from] Stealth Rock
|turn|33
|
|t:|1711151120
|switch|p1a: Tyranitar|Tyranitar, M|100/100
|-status|p1a: Tyranitar|psn
|-damage|p1a: Tyranitar|88/100 psn|[from] Stealth Rock
|-damage|p1a: Tyranitar|71/100 psn|[from] Spikes
|-weather|Sandstorm|[from] ability: Sand Stream|[of] p1a: Tyranitar
|move|p2a: Latios|Surf|p1a: Tyranitar
|-supereffective|p1a: Tyranitar
|-damage|p1a: Tyranitar|44/100 psn
|
|-weather|Sandstorm|[upkeep]
|-damage|p2a: Latios|70/100|[from] Sandstorm
|-damage|p1a: Tyranitar|31/100 psn|[from] psn
|upkeep
|turn|34
|
|t:|1711151134
|move|p2a: Latios|Surf|p1a: Tyranitar
|-supereffective|p1a: Tyranitar
|-damage|p1a: Tyranitar|4/100 psn
|move|p1a: Tyranitar|Pursuit|p2a: Latios
|-supereffective|p2a: Latios
|-crit|p2a: Latios
|-damage|p2a: Latios|0 fnt
|faint|p2a: Latios
|
|-weather|Sandstorm|[upkeep]
|-damage|p1a: Tyranitar|0 fnt|[from] psn
|faint|p1a: Tyranitar
|upkeep
|-message|XPlayer101 J forfeited.
|
|win|Coronet077
|raw|Coronet077's rating: 1369 &rarr; <strong>1392</strong><br />(+23 for winning)
|raw|XPlayer101 J's rating: 1422 &rarr; <strong>1399</strong><br />(-23 for losing)
|l|☆XPlayer101 J
|player|p2|
