|j|☆SwordIsBored
|j|☆Clawdia Chauchat
|t:|1708533569
|gametype|singles
|player|p1|SwordIsBored|hexmaniac-gen6|1437
|player|p2|Clawdia Chauchat|winona|1512
|teamsize|p1|6
|teamsize|p2|6
|gen|5
|tier|[Gen 5] OU
|rated|
|rule|Species Clause: Limit one of each Pokémon
|rule|OHKO Clause: OHKO moves are banned
|rule|Moody Clause: Moody is banned
|rule|Evasion Items Clause: Evasion items are banned
|rule|Evasion Moves Clause: Evasion moves are banned
|rule|Endless Battle Clause: Forcing endless battles is banned
|rule|HP Percentage Mod: HP is shown in percentages
|rule|Evasion Abilities Clause: Evasion abilities are banned
|rule|Sleep Moves Clause: Sleep-inducing moves are banned
|rule|Swagger Clause: Swagger is banned
|rule|Baton Pass Stat Clause: No Baton Passer may have a way to boost its stats
|clearpoke
|poke|p1|Politoed, F|item
|poke|p1|Tornadus, M|item
|poke|p1|Ferrothorn, M|item
|poke|p1|Tentacruel, M|item
|poke|p1|Mamoswine, M|item
|poke|p1|Keldeo|item
|poke|p2|Scizor, F|item
|poke|p2|Keldeo|item
|poke|p2|Dragonite, M|item
|poke|p2|Garchomp, F|item
|poke|p2|Jirachi|item
|poke|p2|Rotom-Wash|item
|teampreview
|c|☆SwordIsBored|glhf
|c|☆Clawdia Chauchat|u2
|
|t:|1708533630
|start
|switch|p1a: Mamoswine|Mamoswine, M|100/100
|switch|p2a: Jirachi|Jirachi|100/100
|turn|1
|
|t:|1708533638
|move|p2a: Jirachi|U-turn|p1a: Mamoswine
|-damage|p1a: Mamoswine|78/100
|
|t:|1708533653
|switch|p2a: Rotom|Rotom-Wash|100/100|[from] U-turn
|move|p1a: Mamoswine|Earthquake|p2a: Rotom
|-immune|p2a: Rotom|[from] ability: Levitate
|
|upkeep
|turn|2
|
|t:|1708533660
|switch|p1a: Ferrothorn|Ferrothorn, M|100/100
|move|p2a: Rotom|Will-O-Wisp|p1a: Ferrothorn
|-status|p1a: Ferrothorn|brn
|-enditem|p1a: Ferrothorn|Lum Berry|[eat]
|-curestatus|p1a: Ferrothorn|brn|[msg]
|
|upkeep
|turn|3
|
|t:|1708533687
|move|p2a: Rotom|Will-O-Wisp|p1a: Ferrothorn
|-status|p1a: Ferrothorn|brn
|move|p1a: Ferrothorn|Stealth Rock|p2a: Rotom
|-sidestart|p2: Clawdia Chauchat|move: Stealth Rock
|
|-damage|p1a: Ferrothorn|88/100 brn|[from] brn
|upkeep
|turn|4
|
|t:|1708533694
|move|p2a: Rotom|Volt Switch|p1a: Ferrothorn
|-resisted|p1a: Ferrothorn
|-damage|p1a: Ferrothorn|80/100 brn
|
|t:|1708533695
|switch|p2a: Garchomp|Garchomp, F|100/100|[from] Volt Switch
|-damage|p2a: Garchomp|94/100|[from] Stealth Rock
|move|p1a: Ferrothorn|Spikes|p2a: Garchomp
|-sidestart|p2: Clawdia Chauchat|Spikes
|
|-damage|p1a: Ferrothorn|67/100 brn|[from] brn
|upkeep
|turn|5
|
|t:|1708533701
|move|p2a: Garchomp|Stealth Rock|p1a: Ferrothorn
|-sidestart|p1: SwordIsBored|move: Stealth Rock
|move|p1a: Ferrothorn|Spikes|p2a: Garchomp
|-sidestart|p2: Clawdia Chauchat|Spikes
|
|-damage|p1a: Ferrothorn|55/100 brn|[from] brn
|upkeep
|turn|6
|
|t:|1708533720
|move|p2a: Garchomp|Fire Blast|p1a: Ferrothorn
|-supereffective|p1a: Ferrothorn
|-damage|p1a: Ferrothorn|0 fnt
|faint|p1a: Ferrothorn
|-damage|p2a: Garchomp|85/100|[from] item: Life Orb
|
|upkeep
|
|t:|1708533723
|switch|p1a: Politoed|Politoed, F|100/100
|-damage|p1a: Politoed|88/100|[from] Stealth Rock
|-weather|RainDance|[from] ability: Drizzle|[of] p1a: Politoed
|turn|7
|
|t:|1708533734
|move|p1a: Politoed|Hydro Pump|p2a: Garchomp
|-damage|p2a: Garchomp|0 fnt
|faint|p2a: Garchomp
|
|-weather|RainDance|[upkeep]
|upkeep
|inactive|Battle timer is ON: inactive players will automatically lose when time's up. (requested by Clawdia Chauchat)
|
|t:|1708533739
|switch|p2a: Dragonite|Dragonite, M|100/100
|-damage|p2a: Dragonite|76/100|[from] Stealth Rock
|turn|8
|
|t:|1708533750
|move|p1a: Politoed|Hydro Pump|p2a: Dragonite|[miss]
|-miss|p1a: Politoed|p2a: Dragonite
|move|p2a: Dragonite|Dragon Dance|p2a: Dragonite
|-boost|p2a: Dragonite|atk|1
|-boost|p2a: Dragonite|spe|1
|
|-weather|RainDance|[upkeep]
|upkeep
|turn|9
|
|t:|1708533770
|move|p1a: Politoed|Hydro Pump|p2a: Dragonite
|-resisted|p2a: Dragonite
|-damage|p2a: Dragonite|35/100
|move|p2a: Dragonite|Dragon Dance|p2a: Dragonite
|-boost|p2a: Dragonite|atk|1
|-boost|p2a: Dragonite|spe|1
|
|-weather|RainDance|[upkeep]
|upkeep
|turn|10
|
|t:|1708533775
|move|p2a: Dragonite|Outrage|p1a: Politoed
|-damage|p1a: Politoed|0 fnt
|faint|p1a: Politoed
|
|-weather|RainDance|[upkeep]
|upkeep
|
|t:|1708533777
|switch|p1a: Mamoswine|Mamoswine, M|78/100
|-damage|p1a: Mamoswine|65/100|[from] Stealth Rock
|turn|11
|
|t:|1708533788
|move|p1a: Mamoswine|Ice Shard|p2a: Dragonite
|-supereffective|p2a: Dragonite
|-damage|p2a: Dragonite|0 fnt
|faint|p2a: Dragonite
|
|-weather|RainDance|[upkeep]
|upkeep
|
|t:|1708533795
|switch|p2a: Rotom|Rotom-Wash|100/100
|-damage|p2a: Rotom|88/100|[from] Stealth Rock
|turn|12
|
|t:|1708533807
|switch|p1a: Tentacruel|Tentacruel, M|100/100
|-damage|p1a: Tentacruel|88/100|[from] Stealth Rock
|move|p2a: Rotom|Volt Switch|p1a: Tentacruel
|-supereffective|p1a: Tentacruel
|-damage|p1a: Tentacruel|50/100
|
|t:|1708533830
|switch|p2a: Keldeo|Keldeo|100/100|[from] Volt Switch
|-damage|p2a: Keldeo|94/100|[from] Stealth Rock
|-damage|p2a: Keldeo|78/100|[from] Spikes
|
|-weather|RainDance|[upkeep]
|-heal|p1a: Tentacruel|56/100|[from] ability: Rain Dish
|-heal|p2a: Keldeo|84/100|[from] item: Leftovers
|-heal|p1a: Tentacruel|62/100|[from] item: Black Sludge
|upkeep
|turn|13
|
|t:|1708533838
|move|p1a: Tentacruel|Protect|p1a: Tentacruel
|-singleturn|p1a: Tentacruel|Protect
|move|p2a: Keldeo|Calm Mind|p2a: Keldeo
|-boost|p2a: Keldeo|spa|1
|-boost|p2a: Keldeo|spd|1
|
|-weather|RainDance|[upkeep]
|-heal|p1a: Tentacruel|68/100|[from] ability: Rain Dish
|-heal|p2a: Keldeo|90/100|[from] item: Leftovers
|-heal|p1a: Tentacruel|74/100|[from] item: Black Sludge
|upkeep
|turn|14
|
|t:|1708533843
|move|p2a: Keldeo|Hydro Pump|p1a: Tentacruel|[miss]
|-miss|p2a: Keldeo|p1a: Tentacruel
|move|p1a: Tentacruel|Toxic|p2a: Keldeo
|-status|p2a: Keldeo|tox
|
|-weather|RainDance|[upkeep]
|-heal|p1a: Tentacruel|80/100|[from] ability: Rain Dish
|-heal|p2a: Keldeo|96/100 tox|[from] item: Leftovers
|-heal|p1a: Tentacruel|86/100|[from] item: Black Sludge
|-damage|p2a: Keldeo|90/100 tox|[from] psn
|upkeep
|turn|15
|
|t:|1708533848
|move|p2a: Keldeo|Calm Mind|p2a: Keldeo
|-boost|p2a: Keldeo|spa|1
|-boost|p2a: Keldeo|spd|1
|move|p1a: Tentacruel|Rapid Spin|p2a: Keldeo
|-damage|p2a: Keldeo|87/100 tox
|-sideend|p1: SwordIsBored|Stealth Rock|[from] move: Rapid Spin|[of] p1a: Tentacruel
|
|-weather|RainDance|[upkeep]
|-heal|p1a: Tentacruel|93/100|[from] ability: Rain Dish
|-heal|p2a: Keldeo|93/100 tox|[from] item: Leftovers
|-heal|p1a: Tentacruel|99/100|[from] item: Black Sludge
|-damage|p2a: Keldeo|81/100 tox|[from] psn
|upkeep
|turn|16
|
|t:|1708533858
|move|p2a: Keldeo|Calm Mind|p2a: Keldeo
|-boost|p2a: Keldeo|spa|1
|-boost|p2a: Keldeo|spd|1
|move|p1a: Tentacruel|Scald|p2a: Keldeo
|-resisted|p2a: Keldeo
|-damage|p2a: Keldeo|72/100 tox
|
|-weather|RainDance|[upkeep]
|-heal|p1a: Tentacruel|100/100|[from] ability: Rain Dish
|-heal|p2a: Keldeo|78/100 tox|[from] item: Leftovers
|-damage|p2a: Keldeo|60/100 tox|[from] psn
|upkeep
|turn|17
|
|t:|1708533879
|move|p2a: Keldeo|Hydro Pump|p1a: Tentacruel
|-resisted|p1a: Tentacruel
|-damage|p1a: Tentacruel|10/100
|move|p1a: Tentacruel|Scald|p2a: Keldeo
|-resisted|p2a: Keldeo
|-crit|p2a: Keldeo
|-damage|p2a: Keldeo|21/100 tox
|
|-weather|RainDance|[upkeep]
|-heal|p1a: Tentacruel|16/100|[from] ability: Rain Dish
|-heal|p2a: Keldeo|27/100 tox|[from] item: Leftovers
|-heal|p1a: Tentacruel|22/100|[from] item: Black Sludge
|-damage|p2a: Keldeo|2/100 tox|[from] psn
|upkeep
|turn|18
|c|☆SwordIsBored|sorry
|
|t:|1708533891
|move|p1a: Tentacruel|Protect|p1a: Tentacruel
|-singleturn|p1a: Tentacruel|Protect
|move|p2a: Keldeo|Hydro Pump|p1a: Tentacruel
|-activate|p1a: Tentacruel|move: Protect
|
|-weather|RainDance|[upkeep]
|-heal|p1a: Tentacruel|28/100|[from] ability: Rain Dish
|-heal|p2a: Keldeo|8/100 tox|[from] item: Leftovers
|-heal|p1a: Tentacruel|34/100|[from] item: Black Sludge
|-damage|p2a: Keldeo|0 fnt|[from] psn
|faint|p2a: Keldeo
|upkeep
|c|☆Clawdia Chauchat|no worries
|
|t:|1708533908
|switch|p2a: Rotom|Rotom-Wash|88/100
|-damage|p2a: Rotom|75/100|[from] Stealth Rock
|turn|19
|
|t:|1708533920
|switch|p1a: Tornadus|Tornadus, M|100/100
|move|p2a: Rotom|Volt Switch|p1a: Tornadus
|-supereffective|p1a: Tornadus
|-damage|p1a: Tornadus|26/100
|
|t:|1708533940
|switch|p2a: Jirachi|Jirachi|100/100|[from] Volt Switch
|-damage|p2a: Jirachi|94/100|[from] Stealth Rock
|-damage|p2a: Jirachi|78/100|[from] Spikes
|
|-weather|RainDance|[upkeep]
|-heal|p1a: Tornadus|32/100|[from] item: Leftovers
|upkeep
|turn|20
|
|t:|1708533951
|switch|p1a: Tentacruel|Tentacruel, M|34/100
|move|p2a: Jirachi|Trick|p1a: Tentacruel
|-activate|p2a: Jirachi|move: Trick|[of] p1a: Tentacruel
|-item|p1a: Tentacruel|Choice Scarf|[from] move: Trick
|-item|p2a: Jirachi|Black Sludge|[from] move: Trick
|
|-weather|RainDance|[upkeep]
|-heal|p1a: Tentacruel|40/100|[from] ability: Rain Dish
|-damage|p2a: Jirachi|66/100|[from] item: Black Sludge
|upkeep
|turn|21
|
|t:|1708533960
|move|p1a: Tentacruel|Scald|p2a: Jirachi
|-damage|p2a: Jirachi|34/100
|-status|p2a: Jirachi|brn
|move|p2a: Jirachi|Healing Wish|p2a: Jirachi
|faint|p2a: Jirachi
|
|-weather|RainDance|[upkeep]
|-heal|p1a: Tentacruel|46/100|[from] ability: Rain Dish
|upkeep
|
|t:|1708533963
|switch|p2a: Rotom|Rotom-Wash|75/100
|-heal|p2a: Rotom|100/100|[from] move: Healing Wish
|-damage|p2a: Rotom|88/100|[from] Stealth Rock
|turn|22
|
|t:|1708533974
|move|p1a: Tentacruel|Scald|p2a: Rotom
|-resisted|p2a: Rotom
|-damage|p2a: Rotom|69/100
|move|p2a: Rotom|Volt Switch|p1a: Tentacruel
|-supereffective|p1a: Tentacruel
|-damage|p1a: Tentacruel|3/100
|
|t:|1708533979
|switch|p2a: Scizor|Scizor, F|100/100|[from] Volt Switch
|-damage|p2a: Scizor|88/100|[from] Stealth Rock
|-damage|p2a: Scizor|72/100|[from] Spikes
|
|-weather|RainDance|[upkeep]
|-heal|p1a: Tentacruel|9/100|[from] ability: Rain Dish
|upkeep
|turn|23
|
|t:|1708533991
|switch|p1a: Keldeo|Keldeo|100/100
|move|p2a: Scizor|Bullet Punch|p1a: Keldeo
|-resisted|p1a: Keldeo
|-damage|p1a: Keldeo|68/100
|
|-weather|RainDance|[upkeep]
|-heal|p1a: Keldeo|74/100|[from] item: Leftovers
|upkeep
|turn|24
|
|t:|1708534012
|switch|p2a: Rotom|Rotom-Wash|69/100
|-damage|p2a: Rotom|56/100|[from] Stealth Rock
|move|p1a: Keldeo|Scald|p2a: Rotom
|-resisted|p2a: Rotom
|-damage|p2a: Rotom|24/100
|
|-weather|RainDance|[upkeep]
|-heal|p1a: Keldeo|81/100|[from] item: Leftovers
|-heal|p2a: Rotom|30/100|[from] item: Leftovers
|upkeep
|turn|25
|c|☆Clawdia Chauchat|ah gg
|
|t:|1708534023
|move|p1a: Keldeo|Secret Sword|p2a: Rotom
|-damage|p2a: Rotom|0 fnt
|faint|p2a: Rotom
|
|-weather|RainDance|[upkeep]
|-heal|p1a: Keldeo|87/100|[from] item: Leftovers
|upkeep
|c|☆SwordIsBored|gg
|c|☆SwordIsBored|im very sorry for the hax
|c|☆Clawdia Chauchat|no worries!
|
|t:|1708534041
|switch|p2a: Scizor|Scizor, F|72/100
|-damage|p2a: Scizor|59/100|[from] Stealth Rock
|-damage|p2a: Scizor|43/100|[from] Spikes
|turn|26
|
|t:|1708534045
|move|p2a: Scizor|Bullet Punch|p1a: Keldeo
|-resisted|p1a: Keldeo
|-damage|p1a: Keldeo|59/100
|move|p1a: Keldeo|Scald|p2a: Scizor
|-damage|p2a: Scizor|0 fnt
|faint|p2a: Scizor
|
|win|SwordIsBored
|raw|SwordIsBored's rating: 1437 &rarr; <strong>1461</strong><br />(+24 for winning)
|raw|Clawdia Chauchat's rating: 1512 &rarr; <strong>1488</strong><br />(-24 for losing)
