|j|☆magialice
|j|☆dice
|t:|1731039671
|gametype|singles
|player|p1|magialice|miku-flying|1397
|player|p2|dice|#wcop2024usmidwest|1526
|teamsize|p1|6
|teamsize|p2|6
|gen|5
|tier|[Gen 5] OU
|rated|
|rule|Species Clause: Limit one of each Pokémon
|rule|OHKO Clause: OHKO moves are banned
|rule|Moody Clause: Moody is banned
|rule|Evasion Items Clause: Evasion items are banned
|rule|Evasion Moves Clause: Evasion moves are banned
|rule|Endless Battle Clause: Forcing endless battles is banned
|rule|HP Percentage Mod: HP is shown in percentages
|rule|Evasion Abilities Clause: Evasion abilities are banned
|rule|Sleep Moves Clause: Sleep-inducing moves are banned
|rule|Swagger Clause: Swagger is banned
|rule|Baton Pass Stat Clause: No Baton Passer may have a way to boost its stats
|clearpoke
|poke|p1|Alakazam, F|item
|poke|p1|Latios, M|item
|poke|p1|Tyranitar, F|item
|poke|p1|Landorus-Therian, M|item
|poke|p1|Ferrothorn, M|item
|poke|p1|Keldeo|item
|poke|p2|Breloom, F|item
|poke|p2|Magnezone|item
|poke|p2|Tyranitar, M|item
|poke|p2|Gyarados, M|item
|poke|p2|Donphan, M|item
|poke|p2|Gliscor, M|item
|teampreview
|inactive|Battle timer is ON: inactive players will automatically lose when time's up. (requested by magialice)
|inactive|magialice has 120 seconds left.
|
|t:|1731039710
|start
|switch|p1a: Keldeo|Keldeo|100/100
|switch|p2a: Gyarados|Gyarados, M|100/100
|-ability|p2a: Gyarados|Intimidate|boost
|-unboost|p1a: Keldeo|atk|1
|turn|1
|
|t:|1731039715
|move|p1a: Keldeo|Taunt|p2a: Gyarados
|-start|p2a: Gyarados|move: Taunt
|cant|p2a: Gyarados|move: Taunt|Thunder Wave
|
|upkeep
|turn|2
|
|t:|1731039722
|switch|p1a: Ferrothorn|Ferrothorn, M|100/100
|move|p2a: Gyarados|Return|p1a: Ferrothorn
|-resisted|p1a: Ferrothorn
|-damage|p1a: Ferrothorn|87/100
|-damage|p2a: Gyarados|88/100|[from] ability: Iron Barbs|[of] p1a: Ferrothorn
|
|-heal|p2a: Gyarados|94/100|[from] item: Leftovers
|upkeep
|turn|3
|
|t:|1731039727
|switch|p2a: Magnezone|Magnezone|100/100
|switch|p1a: Landorus|Landorus-Therian, M|100/100
|-ability|p1a: Landorus|Intimidate|boost
|-unboost|p2a: Magnezone|atk|1
|
|upkeep
|turn|4
|
|t:|1731039743
|switch|p2a: Donphan|Donphan, M|100/100
|move|p1a: Landorus|Stealth Rock|p2a: Donphan
|-sidestart|p2: dice|move: Stealth Rock
|
|upkeep
|turn|5
|
|t:|1731039747
|move|p1a: Landorus|Hidden Power|p2a: Donphan
|-supereffective|p2a: Donphan
|-damage|p2a: Donphan|57/100
|move|p2a: Donphan|Rapid Spin|p1a: Landorus
|-damage|p1a: Landorus|95/100
|-sideend|p2: dice|Stealth Rock|[from] move: Rapid Spin|[of] p2a: Donphan
|
|-heal|p1a: Landorus|100/100|[from] item: Leftovers
|-heal|p2a: Donphan|64/100|[from] item: Leftovers
|upkeep
|turn|6
|
|t:|1731039752
|move|p1a: Landorus|Hidden Power|p2a: Donphan
|-supereffective|p2a: Donphan
|-damage|p2a: Donphan|19/100
|move|p2a: Donphan|Stealth Rock|p1a: Landorus
|-sidestart|p1: magialice|move: Stealth Rock
|
|-heal|p2a: Donphan|25/100|[from] item: Leftovers
|upkeep
|turn|7
|
|t:|1731039756
|move|p2a: Donphan|Ice Shard|p1a: Landorus
|-supereffective|p1a: Landorus
|-damage|p1a: Landorus|54/100
|move|p1a: Landorus|Stealth Rock|p2a: Donphan
|-sidestart|p2: dice|move: Stealth Rock
|
|-heal|p1a: Landorus|60/100|[from] item: Leftovers
|-heal|p2a: Donphan|31/100|[from] item: Leftovers
|upkeep
|turn|8
|
|t:|1731039759
|move|p2a: Donphan|Ice Shard|p1a: Landorus
|-supereffective|p1a: Landorus
|-damage|p1a: Landorus|15/100
|move|p1a: Landorus|Hidden Power|p2a: Donphan
|-supereffective|p2a: Donphan
|-damage|p2a: Donphan|0 fnt
|faint|p2a: Donphan
|
|-heal|p1a: Landorus|21/100|[from] item: Leftovers
|upkeep
|
|t:|1731039764
|switch|p2a: Breloom|Breloom, F|100/100
|-damage|p2a: Breloom|94/100|[from] Stealth Rock
|turn|9
|
|t:|1731039773
|move|p2a: Breloom|Protect|p2a: Breloom
|-singleturn|p2a: Breloom|Protect
|move|p1a: Landorus|Hidden Power|p2a: Breloom
|-activate|p2a: Breloom|move: Protect
|
|-heal|p1a: Landorus|27/100|[from] item: Leftovers
|-status|p2a: Breloom|tox|[from] item: Toxic Orb
|upkeep
|turn|10
|
|t:|1731039786
|move|p1a: Landorus|Hidden Power|p2a: Breloom
|-supereffective|p2a: Breloom
|-damage|p2a: Breloom|39/100 tox
|move|p2a: Breloom|Facade|p1a: Landorus
|-crit|p1a: Landorus
|-damage|p1a: Landorus|0 fnt
|faint|p1a: Landorus
|
|-heal|p2a: Breloom|51/100 tox|[from] ability: Poison Heal
|upkeep
|
|t:|1731039799
|switch|p1a: Alakazam|Alakazam, F|100/100
|turn|11
|
|t:|1731039803
|move|p2a: Breloom|Protect|p2a: Breloom
|-singleturn|p2a: Breloom|Protect
|move|p1a: Alakazam|Psyshock|p2a: Breloom
|-activate|p2a: Breloom|move: Protect
|
|-heal|p2a: Breloom|64/100 tox|[from] ability: Poison Heal
|upkeep
|turn|12
|
|t:|1731039808
|switch|p2a: Tyranitar|Tyranitar, M|100/100
|-damage|p2a: Tyranitar|88/100|[from] Stealth Rock
|-weather|Sandstorm|[from] ability: Sand Stream|[of] p2a: Tyranitar
|move|p1a: Alakazam|Psyshock|p2a: Tyranitar
|-immune|p2a: Tyranitar
|
|-weather|Sandstorm|[upkeep]
|upkeep
|turn|13
|
|t:|1731039811
|move|p1a: Alakazam|Focus Blast|p2a: Tyranitar
|-supereffective|p2a: Tyranitar
|-enditem|p2a: Tyranitar|Chople Berry|[eat]
|-enditem|p2a: Tyranitar|Chople Berry|[weaken]
|-damage|p2a: Tyranitar|53/100
|move|p2a: Tyranitar|Pursuit|p1a: Alakazam
|-supereffective|p1a: Alakazam
|-damage|p1a: Alakazam|5/100
|
|-weather|Sandstorm|[upkeep]
|upkeep
|turn|14
|
|t:|1731039814
|move|p1a: Alakazam|Focus Blast|p2a: Tyranitar|[miss]
|-miss|p1a: Alakazam|p2a: Tyranitar
|move|p2a: Tyranitar|Pursuit|p1a: Alakazam
|-supereffective|p1a: Alakazam
|-damage|p1a: Alakazam|0 fnt
|faint|p1a: Alakazam
|
|-weather|Sandstorm|[upkeep]
|upkeep
|
|t:|1731039818
|switch|p1a: Keldeo|Keldeo|100/100
|-damage|p1a: Keldeo|94/100|[from] Stealth Rock
|turn|15
|
|t:|1731039837
|switch|p2a: Gliscor|Gliscor, M|100/100
|-damage|p2a: Gliscor|88/100|[from] Stealth Rock
|move|p1a: Keldeo|Secret Sword|p2a: Gliscor
|-resisted|p2a: Gliscor
|-damage|p2a: Gliscor|71/100
|
|-weather|Sandstorm|[upkeep]
|-damage|p1a: Keldeo|88/100|[from] Sandstorm
|-heal|p1a: Keldeo|94/100|[from] item: Leftovers
|-status|p2a: Gliscor|tox|[from] item: Toxic Orb
|upkeep
|turn|16
|
|t:|1731039845
|move|p2a: Gliscor|Protect|p2a: Gliscor
|-singleturn|p2a: Gliscor|Protect
|move|p1a: Keldeo|Scald|p2a: Gliscor
|-activate|p2a: Gliscor|move: Protect
|
|-weather|Sandstorm|[upkeep]
|-damage|p1a: Keldeo|88/100|[from] Sandstorm
|-heal|p1a: Keldeo|94/100|[from] item: Leftovers
|-heal|p2a: Gliscor|83/100 tox|[from] ability: Poison Heal
|upkeep
|turn|17
|
|t:|1731039849
|switch|p2a: Magnezone|Magnezone|100/100
|-damage|p2a: Magnezone|94/100|[from] Stealth Rock
|move|p1a: Keldeo|Scald|p2a: Magnezone
|-damage|p2a: Magnezone|44/100
|
|-weather|Sandstorm|[upkeep]
|-damage|p1a: Keldeo|88/100|[from] Sandstorm
|-heal|p1a: Keldeo|94/100|[from] item: Leftovers
|upkeep
|turn|18
|
|t:|1731039857
|switch|p1a: Tyranitar|Tyranitar, F|100/100
|-damage|p1a: Tyranitar|88/100|[from] Stealth Rock
|move|p2a: Magnezone|Volt Switch|p1a: Tyranitar
|-damage|p1a: Tyranitar|74/100
|
|t:|1731039871
|switch|p2a: Breloom|Breloom, F|64/100 tox|[from] Volt Switch
|-damage|p2a: Breloom|57/100 tox|[from] Stealth Rock
|
|-weather|Sandstorm|[upkeep]
|-damage|p2a: Breloom|51/100 tox|[from] Sandstorm
|-heal|p2a: Breloom|64/100 tox|[from] ability: Poison Heal
|upkeep
|turn|19
|
|t:|1731039874
|move|p2a: Breloom|Superpower|p1a: Tyranitar
|-supereffective|p1a: Tyranitar
|-enditem|p1a: Tyranitar|Chople Berry|[eat]
|-enditem|p1a: Tyranitar|Chople Berry|[weaken]
|-damage|p1a: Tyranitar|0 fnt
|-unboost|p2a: Breloom|atk|1
|-unboost|p2a: Breloom|def|1
|faint|p1a: Tyranitar
|
|-weather|Sandstorm|[upkeep]
|-damage|p2a: Breloom|57/100 tox|[from] Sandstorm
|-heal|p2a: Breloom|70/100 tox|[from] ability: Poison Heal
|upkeep
|
|t:|1731039879
|switch|p1a: Keldeo|Keldeo|94/100
|-damage|p1a: Keldeo|88/100|[from] Stealth Rock
|turn|20
|
|t:|1731039883
|move|p2a: Breloom|Protect|p2a: Breloom
|-singleturn|p2a: Breloom|Protect
|move|p1a: Keldeo|Secret Sword|p2a: Breloom
|-activate|p2a: Breloom|move: Protect
|
|-weather|Sandstorm|[upkeep]
|-damage|p1a: Keldeo|82/100|[from] Sandstorm
|-damage|p2a: Breloom|64/100 tox|[from] Sandstorm
|-heal|p1a: Keldeo|88/100|[from] item: Leftovers
|-heal|p2a: Breloom|76/100 tox|[from] ability: Poison Heal
|upkeep
|turn|21
|
|t:|1731039888
|switch|p2a: Gliscor|Gliscor, M|83/100 tox
|-damage|p2a: Gliscor|71/100 tox|[from] Stealth Rock
|move|p1a: Keldeo|Secret Sword|p2a: Gliscor
|-resisted|p2a: Gliscor
|-damage|p2a: Gliscor|54/100 tox
|
|-weather|Sandstorm|[upkeep]
|-damage|p1a: Keldeo|82/100|[from] Sandstorm
|-heal|p1a: Keldeo|88/100|[from] item: Leftovers
|-heal|p2a: Gliscor|66/100 tox|[from] ability: Poison Heal
|upkeep
|turn|22
|
|t:|1731039891
|move|p2a: Gliscor|Protect|p2a: Gliscor
|-singleturn|p2a: Gliscor|Protect
|move|p1a: Keldeo|Secret Sword|p2a: Gliscor
|-activate|p2a: Gliscor|move: Protect
|
|-weather|Sandstorm|[upkeep]
|-damage|p1a: Keldeo|82/100|[from] Sandstorm
|-heal|p1a: Keldeo|88/100|[from] item: Leftovers
|-heal|p2a: Gliscor|79/100 tox|[from] ability: Poison Heal
|upkeep
|turn|23
|
|t:|1731039902
|move|p1a: Keldeo|Scald|p2a: Gliscor
|-supereffective|p2a: Gliscor
|-damage|p2a: Gliscor|0 fnt
|faint|p2a: Gliscor
|
|-weather|Sandstorm|[upkeep]
|-damage|p1a: Keldeo|82/100|[from] Sandstorm
|-heal|p1a: Keldeo|88/100|[from] item: Leftovers
|upkeep
|
|t:|1731039908
|switch|p2a: Magnezone|Magnezone|44/100
|-damage|p2a: Magnezone|38/100|[from] Stealth Rock
|turn|24
|
|t:|1731039915
|switch|p1a: Latios|Latios, M, shiny|100/100
|-damage|p1a: Latios|88/100|[from] Stealth Rock
|move|p2a: Magnezone|Volt Switch|p1a: Latios
|-resisted|p1a: Latios
|-damage|p1a: Latios|71/100
|
|t:|1731039923
|switch|p2a: Tyranitar|Tyranitar, M|53/100|[from] Volt Switch
|-damage|p2a: Tyranitar|40/100|[from] Stealth Rock
|
|-weather|Sandstorm|[upkeep]
|-damage|p1a: Latios|65/100|[from] Sandstorm
|upkeep
|turn|25
|
|t:|1731039928
|move|p1a: Latios|Surf|p2a: Tyranitar
|-supereffective|p2a: Tyranitar
|-damage|p2a: Tyranitar|0 fnt
|faint|p2a: Tyranitar
|
|-weather|Sandstorm|[upkeep]
|-damage|p1a: Latios|59/100|[from] Sandstorm
|upkeep
|
|t:|1731039933
|switch|p2a: Breloom|Breloom, F|76/100 tox
|-damage|p2a: Breloom|70/100 tox|[from] Stealth Rock
|turn|26
|
|t:|1731039949
|switch|p1a: Ferrothorn|Ferrothorn, M|87/100
|-damage|p1a: Ferrothorn|81/100|[from] Stealth Rock
|move|p2a: Breloom|Superpower|p1a: Ferrothorn
|-supereffective|p1a: Ferrothorn
|-damage|p1a: Ferrothorn|0 fnt
|-unboost|p2a: Breloom|atk|1
|-unboost|p2a: Breloom|def|1
|-damage|p2a: Breloom|57/100 tox|[from] ability: Iron Barbs|[of] p1a: Ferrothorn
|faint|p1a: Ferrothorn
|
|-weather|Sandstorm|[upkeep]
|-damage|p2a: Breloom|51/100 tox|[from] Sandstorm
|-heal|p2a: Breloom|64/100 tox|[from] ability: Poison Heal
|upkeep
|
|t:|1731039951
|switch|p1a: Keldeo|Keldeo|88/100
|-damage|p1a: Keldeo|82/100|[from] Stealth Rock
|turn|27
|
|t:|1731039957
|switch|p1a: Latios|Latios, M, shiny|59/100
|-damage|p1a: Latios|47/100|[from] Stealth Rock
|move|p2a: Breloom|Protect||[still]
|-fail|p2a: Breloom
|
|-weather|Sandstorm|[upkeep]
|-damage|p1a: Latios|41/100|[from] Sandstorm
|-damage|p2a: Breloom|57/100 tox|[from] Sandstorm
|-heal|p2a: Breloom|70/100 tox|[from] ability: Poison Heal
|upkeep
|turn|28
|
|t:|1731039961
|move|p2a: Breloom|Protect|p2a: Breloom
|-singleturn|p2a: Breloom|Protect
|move|p1a: Latios|Draco Meteor|p2a: Breloom
|-activate|p2a: Breloom|move: Protect
|
|-weather|Sandstorm|[upkeep]
|-damage|p1a: Latios|35/100|[from] Sandstorm
|-damage|p2a: Breloom|64/100 tox|[from] Sandstorm
|-heal|p2a: Breloom|76/100 tox|[from] ability: Poison Heal
|upkeep
|turn|29
|
|t:|1731039970
|move|p1a: Latios|Draco Meteor|p2a: Breloom|[miss]
|-miss|p1a: Latios|p2a: Breloom
|move|p2a: Breloom|Facade|p1a: Latios
|-damage|p1a: Latios|0 fnt
|faint|p1a: Latios
|
|-weather|Sandstorm|[upkeep]
|-damage|p2a: Breloom|70/100 tox|[from] Sandstorm
|-heal|p2a: Breloom|82/100 tox|[from] ability: Poison Heal
|upkeep
|
|t:|1731039974
|switch|p1a: Keldeo|Keldeo|82/100
|-damage|p1a: Keldeo|76/100|[from] Stealth Rock
|turn|30
|
|t:|1731039984
|switch|p2a: Gyarados|Gyarados, M|94/100
|-damage|p2a: Gyarados|69/100|[from] Stealth Rock
|-ability|p2a: Gyarados|Intimidate|boost
|-unboost|p1a: Keldeo|atk|1
|move|p1a: Keldeo|Secret Sword|p2a: Gyarados
|-resisted|p2a: Gyarados
|-damage|p2a: Gyarados|42/100
|
|-weather|Sandstorm|[upkeep]
|-damage|p1a: Keldeo|70/100|[from] Sandstorm
|-damage|p2a: Gyarados|36/100|[from] Sandstorm
|-heal|p1a: Keldeo|76/100|[from] item: Leftovers
|-heal|p2a: Gyarados|42/100|[from] item: Leftovers
|upkeep
|turn|31
|
|t:|1731039987
|move|p1a: Keldeo|Taunt|p2a: Gyarados
|-start|p2a: Gyarados|move: Taunt
|move|p2a: Gyarados|Return|p1a: Keldeo
|-damage|p1a: Keldeo|33/100
|
|-weather|Sandstorm|[upkeep]
|-damage|p1a: Keldeo|27/100|[from] Sandstorm
|-damage|p2a: Gyarados|36/100|[from] Sandstorm
|-heal|p1a: Keldeo|33/100|[from] item: Leftovers
|-heal|p2a: Gyarados|42/100|[from] item: Leftovers
|upkeep
|turn|32
|c|☆dice|gg
|
|t:|1731039992
|move|p1a: Keldeo|Secret Sword|p2a: Gyarados
|-resisted|p2a: Gyarados
|-damage|p2a: Gyarados|16/100
|move|p2a: Gyarados|Return|p1a: Keldeo
|-damage|p1a: Keldeo|0 fnt
|faint|p1a: Keldeo
|
|win|dice
|raw|magialice's rating: 1397 &rarr; <strong>1384</strong><br />(-13 for losing)
|raw|dice's rating: 1526 &rarr; <strong>1539</strong><br />(+13 for winning)
|c|☆magialice|gg
