|j|☆el janitor
|j|☆minutemaid13
|t:|1706955989
|gametype|singles
|player|p1|el janitor|266|1442
|player|p2|minutemaid13|169|1398
|teamsize|p1|6
|teamsize|p2|6
|gen|5
|tier|[Gen 5] OU
|rated|
|rule|Species Clause: Limit one of each Pokémon
|rule|OHKO Clause: OHKO moves are banned
|rule|Moody Clause: Moody is banned
|rule|Evasion Items Clause: Evasion items are banned
|rule|Evasion Moves Clause: Evasion moves are banned
|rule|Endless Battle Clause: Forcing endless battles is banned
|rule|HP Percentage Mod: HP is shown in percentages
|rule|Evasion Abilities Clause: Evasion abilities are banned
|rule|Sleep Moves Clause: Sleep-inducing moves are banned
|rule|Swagger Clause: Swagger is banned
|rule|Baton Pass Stat Clause: No Baton Passer may have a way to boost its stats
|clearpoke
|poke|p1|Azelf|item
|poke|p1|Celebi|item
|poke|p1|Heatran, M|item
|poke|p1|Excadrill, M|item
|poke|p1|Zapdos|item
|poke|p1|Breloom, F|item
|poke|p2|Excadrill, M|item
|poke|p2|Scizor, M|item
|poke|p2|Heatran, F|item
|poke|p2|Keldeo|item
|poke|p2|Kyurem-Black|item
|poke|p2|Heracross, F|item
|teampreview
|inactive|Battle timer is ON: inactive players will automatically lose when time's up. (requested by el janitor)
|
|t:|1706956002
|start
|switch|p1a: Zapdos|Zapdos|100/100
|switch|p2a: Kyurem|Kyurem-Black|100/100
|-ability|p1a: Zapdos|Pressure
|-ability|p2a: Kyurem|Teravolt
|turn|1
|
|t:|1706956015
|switch|p1a: Heatran|Heatran, M|100/100
|move|p2a: Kyurem|Ice Beam|p1a: Heatran
|-resisted|p1a: Heatran
|-damage|p1a: Heatran|93/100
|
|-heal|p1a: Heatran|99/100|[from] item: Leftovers
|upkeep
|turn|2
|
|t:|1706956025
|switch|p1a: Zapdos|Zapdos|100/100
|-ability|p1a: Zapdos|Pressure
|move|p2a: Kyurem|Earth Power|p1a: Zapdos
|-immune|p1a: Zapdos
|
|upkeep
|turn|3
|j| SteamBuns
|
|t:|1706956038
|move|p1a: Zapdos|Heat Wave|p2a: Kyurem
|-damage|p2a: Kyurem|75/100
|-status|p2a: Kyurem|brn
|move|p2a: Kyurem|Substitute|p2a: Kyurem
|-start|p2a: Kyurem|Substitute
|-damage|p2a: Kyurem|50/100 brn
|
|-heal|p2a: Kyurem|56/100 brn|[from] item: Leftovers
|-damage|p2a: Kyurem|44/100 brn|[from] brn
|upkeep
|turn|4
|l| SteamBuns
|
|t:|1706956050
|move|p1a: Zapdos|Heat Wave|p2a: Kyurem
|-end|p2a: Kyurem|Substitute
|move|p2a: Kyurem|Ice Beam|p1a: Zapdos
|-supereffective|p1a: Zapdos
|-damage|p1a: Zapdos|0 fnt
|faint|p1a: Zapdos
|
|-heal|p2a: Kyurem|50/100 brn|[from] item: Leftovers
|-damage|p2a: Kyurem|38/100 brn|[from] brn
|upkeep
|
|t:|1706956053
|switch|p1a: Breloom|Breloom, F|100/100
|turn|5
|
|t:|1706956057
|switch|p2a: Scizor|Scizor, M|100/100
|move|p1a: Breloom|Mach Punch|p2a: Scizor
|-damage|p2a: Scizor|52/100
|
|upkeep
|turn|6
|
|t:|1706956069
|switch|p1a: Heatran|Heatran, M|99/100
|move|p2a: Scizor|U-turn|p1a: Heatran
|-resisted|p1a: Heatran
|-damage|p1a: Heatran|87/100
|
|t:|1706956075
|switch|p2a: Heracross|Heracross, F|100/100|[from] U-turn
|
|-heal|p1a: Heatran|93/100|[from] item: Leftovers
|upkeep
|turn|7
|
|t:|1706956085
|switch|p1a: Azelf|Azelf|100/100
|move|p2a: Heracross|Close Combat|p1a: Azelf
|-resisted|p1a: Azelf
|-damage|p1a: Azelf|27/100
|-unboost|p2a: Heracross|def|1
|-unboost|p2a: Heracross|spd|1
|-enditem|p1a: Azelf|Sitrus Berry|[eat]
|-heal|p1a: Azelf|52/100|[from] item: Sitrus Berry
|
|upkeep
|turn|8
|
|t:|1706956102
|switch|p2a: Heatran|Heatran, F|100/100
|move|p1a: Azelf|Explosion|p2a: Heatran
|-resisted|p2a: Heatran
|-damage|p2a: Heatran|59/100
|faint|p1a: Azelf
|
|upkeep
|
|t:|1706956114
|switch|p1a: Excadrill|Excadrill, M|100/100
|-ability|p1a: Excadrill|Mold Breaker
|turn|9
|
|t:|1706956119
|move|p2a: Heatran|Lava Plume|p1a: Excadrill
|-supereffective|p1a: Excadrill
|-damage|p1a: Excadrill|0 fnt
|faint|p1a: Excadrill
|
|upkeep
|
|t:|1706956126
|switch|p1a: Heatran|Heatran, M|93/100
|turn|10
|
|t:|1706956133
|switch|p2a: Kyurem|Kyurem-Black|38/100 brn
|-ability|p2a: Kyurem|Teravolt
|move|p1a: Heatran|Magma Storm|p2a: Kyurem
|-damage|p2a: Kyurem|0 fnt
|faint|p2a: Kyurem
|
|-heal|p1a: Heatran|99/100|[from] item: Leftovers
|upkeep
|
|t:|1706956140
|switch|p2a: Excadrill|Excadrill, M|100/100
|-ability|p2a: Excadrill|Mold Breaker
|turn|11
|
|t:|1706956145
|move|p1a: Heatran|Protect|p1a: Heatran
|-singleturn|p1a: Heatran|Protect
|move|p2a: Excadrill|Earthquake|p1a: Heatran
|-activate|p1a: Heatran|move: Protect
|
|-heal|p1a: Heatran|100/100|[from] item: Leftovers
|upkeep
|turn|12
|
|t:|1706956148
|switch|p1a: Celebi|Celebi|100/100
|move|p2a: Excadrill|Earthquake|p1a: Celebi
|-resisted|p1a: Celebi
|-crit|p1a: Celebi
|-damage|p1a: Celebi|37/100
|-damage|p2a: Excadrill|91/100|[from] item: Life Orb
|
|-heal|p1a: Celebi|43/100|[from] item: Leftovers
|upkeep
|turn|13
|
|t:|1706956175
|move|p2a: Excadrill|Swords Dance|p2a: Excadrill
|-boost|p2a: Excadrill|atk|2
|move|p1a: Celebi|U-turn|p2a: Excadrill
|-resisted|p2a: Excadrill
|-damage|p2a: Excadrill|80/100
|
|t:|1706956177
|switch|p1a: Breloom|Breloom, F|100/100|[from] U-turn
|
|upkeep
|turn|14
|inactive|minutemaid13 has 120 seconds left.
|
|t:|1706956199
|switch|p2a: Heatran|Heatran, F|59/100
|move|p1a: Breloom|Mach Punch|p2a: Heatran
|-supereffective|p2a: Heatran
|-damage|p2a: Heatran|0 fnt
|faint|p2a: Heatran
|
|upkeep
|inactive|minutemaid13 has 120 seconds left.
|
|t:|1706956204
|switch|p2a: Scizor|Scizor, M|52/100
|turn|15
|
|t:|1706956217
|move|p1a: Breloom|Mach Punch|p2a: Scizor
|-damage|p2a: Scizor|2/100
|move|p2a: Scizor|U-turn|p1a: Breloom
|-damage|p1a: Breloom|0 fnt
|faint|p1a: Breloom
|
|t:|1706956223
|switch|p2a: Heracross|Heracross, F|100/100|[from] U-turn
|
|upkeep
|-message|el janitor forfeited.
|
|win|minutemaid13
|raw|el janitor's rating: 1442 &rarr; <strong>1419</strong><br />(-23 for losing)
|raw|minutemaid13's rating: 1398 &rarr; <strong>1421</strong><br />(+23 for winning)
|l|☆el janitor
|player|p1|
