|j|☆testing4g4in
|j|☆uncertainty of tmr
|player|p1|testing4g4in|sidney-gen3|1488
|player|p2|uncertainty of tmr|2|1451
|teamsize|p1|6
|teamsize|p2|6
|gametype|singles
|gen|5
|tier|[Gen 5] OU
|rated|
|rule|Sleep Clause Mod: Limit one foe put to sleep
|rule|Species Clause: Limit one of each Pokémon
|rule|OHKO Clause: OHKO moves are banned
|rule|Moody Clause: Moody is banned
|rule|Evasion Moves Clause: Evasion moves are banned
|rule|Endless Battle Clause: Forcing endless battles is banned
|rule|HP Percentage Mod: HP is shown in percentages
|rule|Evasion Abilities Clause: Evasion abilities are banned
|rule|Baton Pass Clause: Limit one Baton Passer, can't pass Spe and other stats simultaneously
|rule|Swagger Clause: Swagger is banned
|clearpoke
|poke|p1|Tyranitar, M|item
|poke|p1|Amoonguss, M|item
|poke|p1|Starmie|item
|poke|p1|Alakazam, F|item
|poke|p1|Heatran, F|item
|poke|p1|Skarmory, F|item
|poke|p2|Alakazam, F|item
|poke|p2|Skarmory, F|item
|poke|p2|Gengar, F|item
|poke|p2|Scizor, M|item
|poke|p2|Toxicroak, F|item
|poke|p2|Dragonite, M|item
|teampreview
|inactive|Battle timer is ON: inactive players will automatically lose when time's up. (requested by testing4g4in)
|inactive|uncertainty of tmr has 120 seconds left.
|inactive|uncertainty of tmr has 90 seconds left.
|
|start
|switch|p1a: Starmie|Starmie|100/100
|switch|p2a: Skarmory|Skarmory, F|100/100
|turn|1
|
|move|p1a: Starmie|Trick|p2a: Skarmory
|-activate|p1a: Starmie|move: Trick|[of] p2a: Skarmory
|-item|p2a: Skarmory|Flame Orb|[from] move: Trick
|-item|p1a: Starmie|Custap Berry|[from] move: Trick
|move|p2a: Skarmory|Stealth Rock|p1a: Starmie
|-sidestart|p1: testing4g4in|move: Stealth Rock
|
|-status|p2a: Skarmory|brn|[from] item: Flame Orb
|upkeep
|turn|2
|
|switch|p2a: Gengar|Gengar, F|100/100
|move|p1a: Starmie|Rapid Spin|p2a: Gengar
|-immune|p2a: Gengar
|
|upkeep
|turn|3
|
|switch|p1a: Tyranitar|Tyranitar, M|100/100
|-damage|p1a: Tyranitar|88/100|[from] Stealth Rock
|-weather|Sandstorm|[from] ability: Sand Stream|[of] p1a: Tyranitar
|move|p2a: Gengar|Shadow Ball|p1a: Tyranitar
|-resisted|p1a: Tyranitar
|-damage|p1a: Tyranitar|77/100
|
|-weather|Sandstorm|[upkeep]
|-damage|p2a: Gengar|94/100|[from] Sandstorm
|upkeep
|turn|4
|
|-activate|p2a: Gengar|move: Pursuit
|move|p1a: Tyranitar|Pursuit|p2a: Gengar|[from]Pursuit
|-supereffective|p2a: Gengar
|-damage|p2a: Gengar|0 fnt
|-hint|A Pokemon can't switch between when it runs out of HP and when it faints
|faint|p2a: Gengar
|
|-weather|Sandstorm|[upkeep]
|upkeep
|
|switch|p2a: Toxicroak|Toxicroak, F|100/100
|turn|5
|
|switch|p1a: Skarmory|Skarmory, F|100/100
|-damage|p1a: Skarmory|88/100|[from] Stealth Rock
|move|p2a: Toxicroak|Swords Dance|p2a: Toxicroak
|-boost|p2a: Toxicroak|atk|2
|
|-weather|Sandstorm|[upkeep]
|-damage|p2a: Toxicroak|94/100|[from] Sandstorm
|-heal|p1a: Skarmory|94/100|[from] item: Leftovers
|upkeep
|turn|6
|
|move|p2a: Toxicroak|Drain Punch|p1a: Skarmory
|-damage|p1a: Skarmory|38/100
|-heal|p2a: Toxicroak|100/100|[from] drain|[of] p1a: Skarmory
|-damage|p2a: Toxicroak|91/100|[from] item: Life Orb
|move|p1a: Skarmory|Brave Bird|p2a: Toxicroak
|-supereffective|p2a: Toxicroak
|-damage|p2a: Toxicroak|0 fnt
|-damage|p1a: Skarmory|11/100|[from] Recoil
|faint|p2a: Toxicroak
|
|-weather|Sandstorm|[upkeep]
|-heal|p1a: Skarmory|17/100|[from] item: Leftovers
|upkeep
|
|switch|p2a: Scizor|Scizor, M|100/100
|turn|7
|
|switch|p1a: Starmie|Starmie|100/100
|-damage|p1a: Starmie|88/100|[from] Stealth Rock
|move|p2a: Scizor|Superpower|p1a: Starmie
|-resisted|p1a: Starmie
|-damage|p1a: Starmie|64/100
|-unboost|p2a: Scizor|atk|1
|-unboost|p2a: Scizor|def|1
|
|-weather|Sandstorm|[upkeep]
|-damage|p1a: Starmie|57/100|[from] Sandstorm
|upkeep
|turn|8
|
|move|p1a: Starmie|Rapid Spin|p2a: Scizor
|-resisted|p2a: Scizor
|-damage|p2a: Scizor|98/100
|-sideend|p1: testing4g4in|Stealth Rock|[from] move: Rapid Spin|[of] p1a: Starmie
|move|p2a: Scizor|U-turn|p1a: Starmie
|-supereffective|p1a: Starmie
|-crit|p1a: Starmie
|-damage|p1a: Starmie|0 fnt
|faint|p1a: Starmie
|
|switch|p2a: Alakazam|Alakazam, F|100/100|[from]move: U-turn
|
|-weather|Sandstorm|[upkeep]
|upkeep
|
|switch|p1a: Tyranitar|Tyranitar, M|77/100
|turn|9
|
|move|p2a: Alakazam|Focus Blast|p1a: Tyranitar
|-supereffective|p1a: Tyranitar
|-enditem|p1a: Tyranitar|Chople Berry|[eat]
|-enditem|p1a: Tyranitar|Chople Berry|[weaken]
|-damage|p1a: Tyranitar|31/100
|move|p1a: Tyranitar|Stealth Rock|p2a: Alakazam
|-sidestart|p2: uncertainty of tmr|move: Stealth Rock
|
|-weather|Sandstorm|[upkeep]
|upkeep
|turn|10
|
|move|p2a: Alakazam|Focus Blast|p1a: Tyranitar
|-supereffective|p1a: Tyranitar
|-damage|p1a: Tyranitar|0 fnt
|faint|p1a: Tyranitar
|
|-weather|Sandstorm|[upkeep]
|upkeep
|
|switch|p1a: Amoonguss|Amoonguss, M|100/100
|turn|11
|
|switch|p2a: Skarmory|Skarmory, F|100/100 brn
|-damage|p2a: Skarmory|88/100 brn|[from] Stealth Rock
|move|p1a: Amoonguss|Spore||[still]
|-fail|p1a: Amoonguss
|
|-weather|Sandstorm|[upkeep]
|-damage|p1a: Amoonguss|94/100|[from] Sandstorm
|-heal|p1a: Amoonguss|100/100|[from] item: Black Sludge
|-damage|p2a: Skarmory|75/100 brn|[from] brn
|upkeep
|turn|12
|
|switch|p1a: Heatran|Heatran, F|100/100
|move|p2a: Skarmory|Stealth Rock|p1a: Heatran
|-sidestart|p1: testing4g4in|move: Stealth Rock
|
|-weather|Sandstorm|[upkeep]
|-damage|p2a: Skarmory|63/100 brn|[from] brn
|upkeep
|turn|13
|
|move|p1a: Heatran|Fire Blast|p2a: Skarmory
|-supereffective|p2a: Skarmory
|-damage|p2a: Skarmory|0 fnt
|faint|p2a: Skarmory
|
|-weather|Sandstorm|[upkeep]
|upkeep
|
|switch|p2a: Alakazam|Alakazam, F|100/100
|turn|14
|
|move|p1a: Heatran|Fire Blast|p2a: Alakazam
|-damage|p2a: Alakazam|6/100
|-status|p2a: Alakazam|brn
|move|p2a: Alakazam|Focus Blast|p1a: Heatran
|-supereffective|p1a: Heatran
|-damage|p1a: Heatran|22/100
|
|-weather|Sandstorm|[upkeep]
|upkeep
|turn|15
|
|move|p1a: Heatran|Fire Blast|p2a: Alakazam|[miss]
|-miss|p1a: Heatran|p2a: Alakazam
|move|p2a: Alakazam|Focus Blast|p1a: Heatran
|-supereffective|p1a: Heatran
|-crit|p1a: Heatran
|-damage|p1a: Heatran|0 fnt
|faint|p1a: Heatran
|
|-weather|Sandstorm|[upkeep]
|upkeep
|
|switch|p1a: Alakazam|Alakazam, F|100/100
|turn|16
|
|move|p1a: Alakazam|Psychic|p2a: Alakazam
|-resisted|p2a: Alakazam
|-damage|p2a: Alakazam|0 fnt
|faint|p2a: Alakazam
|
|-weather|Sandstorm|[upkeep]
|upkeep
|
|switch|p2a: Scizor|Scizor, M|98/100
|-damage|p2a: Scizor|86/100|[from] Stealth Rock
|turn|17
|
|switch|p1a: Skarmory|Skarmory, F|17/100
|-damage|p1a: Skarmory|5/100|[from] Stealth Rock
|move|p2a: Scizor|U-turn|p1a: Skarmory
|-resisted|p1a: Skarmory
|-damage|p1a: Skarmory|0 fnt
|faint|p1a: Skarmory
|
|switch|p2a: Dragonite|Dragonite, M|100/100|[from]move: U-turn
|-damage|p2a: Dragonite|76/100|[from] Stealth Rock
|
|-weather|Sandstorm|[upkeep]
|-damage|p2a: Dragonite|70/100|[from] Sandstorm
|upkeep
|
|switch|p1a: Alakazam|Alakazam, F|100/100
|turn|18
|
|switch|p2a: Scizor|Scizor, M|86/100
|-damage|p2a: Scizor|73/100|[from] Stealth Rock
|move|p1a: Alakazam|Psychic|p2a: Scizor
|-resisted|p2a: Scizor
|-damage|p2a: Scizor|44/100
|
|-weather|Sandstorm|[upkeep]
|upkeep
|turn|19
|
|move|p2a: Scizor|Bullet Punch|p1a: Alakazam
|-crit|p1a: Alakazam
|-enditem|p1a: Alakazam|Focus Sash
|-damage|p1a: Alakazam|1/100
|move|p1a: Alakazam|Focus Blast|p2a: Scizor
|-crit|p2a: Scizor
|-damage|p2a: Scizor|0 fnt
|faint|p2a: Scizor
|
|-weather|Sandstorm|[upkeep]
|upkeep
|
|switch|p2a: Dragonite|Dragonite, M|70/100
|-damage|p2a: Dragonite|45/100|[from] Stealth Rock
|turn|20
|
|move|p2a: Dragonite|Extreme Speed|p1a: Alakazam
|-crit|p1a: Alakazam
|-damage|p1a: Alakazam|0 fnt
|faint|p1a: Alakazam
|
|-weather|Sandstorm|[upkeep]
|-damage|p2a: Dragonite|39/100|[from] Sandstorm
|upkeep
|
|switch|p1a: Amoonguss|Amoonguss, M|100/100
|-damage|p1a: Amoonguss|88/100|[from] Stealth Rock
|turn|21
|
|move|p2a: Dragonite|Dragon Dance|p2a: Dragonite
|-boost|p2a: Dragonite|atk|1
|-boost|p2a: Dragonite|spe|1
|move|p1a: Amoonguss|Spore|p2a: Dragonite
|-status|p2a: Dragonite|slp|[from] move: Spore
|-enditem|p2a: Dragonite|Lum Berry|[eat]
|-curestatus|p2a: Dragonite|slp|[msg]
|
|-weather|Sandstorm|[upkeep]
|-damage|p2a: Dragonite|32/100|[from] Sandstorm
|-damage|p1a: Amoonguss|82/100|[from] Sandstorm
|-heal|p1a: Amoonguss|88/100|[from] item: Black Sludge
|upkeep
|turn|22
|
|move|p2a: Dragonite|Outrage|p1a: Amoonguss
|-damage|p1a: Amoonguss|0 fnt
|faint|p1a: Amoonguss
|
|win|uncertainty of tmr
|l|☆testing4g4in
|raw|testing4g4in's rating: 1488 &rarr; <strong>1466</strong><br />(-22 for losing)
|raw|uncertainty of tmr's rating: 1451 &rarr; <strong>1473</strong><br />(+22 for winning)
