|j|☆blackkaiser
|j|☆Onionpizza
|player|p1|blackkaiser|265|1457
|player|p2|Onionpizza|1|1350
|teamsize|p1|6
|teamsize|p2|6
|gametype|singles
|gen|5
|tier|[Gen 5] OU
|rated|
|clearpoke
|poke|p1|Hippowdon, F|item
|poke|p1|Ferrothorn, M|item
|poke|p1|Jellicent, M|item
|poke|p1|Latios, M|item
|poke|p1|Garchomp, M|item
|poke|p1|Scizor, F|item
|poke|p2|Politoed, F|item
|poke|p2|Jolteon, M|item
|poke|p2|Gyarados, F|item
|poke|p2|Gliscor, M|item
|poke|p2|Ferrothorn, F|item
|poke|p2|Jirachi|item
|rule|Species Clause: Limit one of each Pokémon
|rule|OHKO Clause: OHKO moves are banned
|rule|Moody Clause: Moody is banned
|rule|Evasion Moves Clause: Evasion moves are banned
|rule|Endless Battle Clause: Forcing endless battles is banned
|rule|HP Percentage Mod: HP is shown in percentages
|rule|Evasion Abilities Clause: Evasion abilities are banned
|rule|Baton Pass Clause: Limit one Baton Passer, can't pass Spe and other stats simultaneously
|rule|Sleep Clause: Sleep-inducing moves are banned
|rule|Swagger Clause: Swagger is banned
|teampreview
|inactive|Battle timer is ON: inactive players will automatically lose when time's up. (requested by blackkaiser)
|
|start
|switch|p1a: Hippowdon|Hippowdon, F|100/100
|switch|p2a: Gyarados|Gyarados, F|100/100
|-ability|p2a: Gyarados|Intimidate|boost
|-unboost|p1a: Hippowdon|atk|1
|-weather|Sandstorm|[from] ability: Sand Stream|[of] p1a: Hippowdon
|turn|1
|
|move|p2a: Gyarados|Taunt|p1a: Hippowdon
|-start|p1a: Hippowdon|move: Taunt
|cant|p1a: Hippowdon|move: Taunt|Stealth Rock
|
|-weather|Sandstorm|[upkeep]
|-damage|p2a: Gyarados|94/100|[from] Sandstorm
|-heal|p2a: Gyarados|100/100|[from] item: Leftovers
|upkeep
|turn|2
|
|switch|p2a: Ferrothorn|Ferrothorn, F|100/100
|switch|p1a: Ferrothorn|Ferrothorn, M|100/100
|
|-weather|Sandstorm|[upkeep]
|upkeep
|turn|3
|j| bundledort
|
|move|p1a: Ferrothorn|Spikes|p2a: Ferrothorn
|-sidestart|p2: Onionpizza|Spikes
|move|p2a: Ferrothorn|Stealth Rock|p1a: Ferrothorn
|-sidestart|p1: blackkaiser|move: Stealth Rock
|
|-weather|Sandstorm|[upkeep]
|upkeep
|turn|4
|
|move|p1a: Ferrothorn|Spikes|p2a: Ferrothorn
|-sidestart|p2: Onionpizza|Spikes
|move|p2a: Ferrothorn|Spikes|p1a: Ferrothorn
|-sidestart|p1: blackkaiser|Spikes
|
|-weather|Sandstorm|[upkeep]
|upkeep
|turn|5
|
|move|p1a: Ferrothorn|Spikes|p2a: Ferrothorn
|-sidestart|p2: Onionpizza|Spikes
|move|p2a: Ferrothorn|Spikes|p1a: Ferrothorn
|-sidestart|p1: blackkaiser|Spikes
|
|-weather|Sandstorm|[upkeep]
|upkeep
|turn|6
|
|switch|p1a: Hippowdon|Hippowdon, F|100/100
|-damage|p1a: Hippowdon|84/100|[from] Spikes
|-damage|p1a: Hippowdon|78/100|[from] Stealth Rock
|move|p2a: Ferrothorn|Spikes|p1a: Hippowdon
|-sidestart|p1: blackkaiser|Spikes
|
|-weather|Sandstorm|[upkeep]
|-heal|p1a: Hippowdon|84/100|[from] item: Leftovers
|upkeep
|turn|7
|
|move|p1a: Hippowdon|Stealth Rock|p2a: Ferrothorn
|-sidestart|p2: Onionpizza|move: Stealth Rock
|move|p2a: Ferrothorn|Power Whip|p1a: Hippowdon
|-supereffective|p1a: Hippowdon
|-damage|p1a: Hippowdon|44/100
|
|-weather|Sandstorm|[upkeep]
|-heal|p1a: Hippowdon|50/100|[from] item: Leftovers
|upkeep
|turn|8
|
|move|p1a: Hippowdon|Slack Off|p1a: Hippowdon
|-heal|p1a: Hippowdon|99/100
|move|p2a: Ferrothorn|Power Whip|p1a: Hippowdon
|-supereffective|p1a: Hippowdon
|-damage|p1a: Hippowdon|63/100
|
|-weather|Sandstorm|[upkeep]
|-heal|p1a: Hippowdon|69/100|[from] item: Leftovers
|upkeep
|turn|9
|
|switch|p2a: Gliscor|Gliscor, M|100/100
|-damage|p2a: Gliscor|88/100|[from] Stealth Rock
|move|p1a: Hippowdon|Earthquake|p2a: Gliscor
|-immune|p2a: Gliscor
|
|-weather|Sandstorm|[upkeep]
|-heal|p1a: Hippowdon|75/100|[from] item: Leftovers
|-status|p2a: Gliscor|tox|[from] item: Toxic Orb
|upkeep
|turn|10
|j| Tu26082000
|
|move|p2a: Gliscor|Toxic|p1a: Hippowdon
|-status|p1a: Hippowdon|tox
|move|p1a: Hippowdon|Roar|p2a: Gliscor
|drag|p2a: Politoed|Politoed, F|100/100
|-damage|p2a: Politoed|75/100|[from] Spikes
|-damage|p2a: Politoed|63/100|[from] Stealth Rock
|-weather|RainDance|[from] ability: Drizzle|[of] p2a: Politoed
|
|-weather|RainDance|[upkeep]
|-heal|p1a: Hippowdon|81/100 tox|[from] item: Leftovers
|-damage|p1a: Hippowdon|75/100 tox|[from] psn
|upkeep
|turn|11
|
|switch|p1a: Jellicent|Jellicent, M|100/100
|-damage|p1a: Jellicent|76/100|[from] Spikes
|-damage|p1a: Jellicent|63/100|[from] Stealth Rock
|move|p2a: Politoed|Hidden Power|p1a: Jellicent
|-supereffective|p1a: Jellicent
|-damage|p1a: Jellicent|34/100
|
|-weather|RainDance|[upkeep]
|-heal|p1a: Jellicent|41/100|[from] item: Leftovers
|upkeep
|turn|12
|
|move|p2a: Politoed|Hidden Power|p1a: Jellicent
|-supereffective|p1a: Jellicent
|-damage|p1a: Jellicent|10/100
|move|p1a: Jellicent|Recover|p1a: Jellicent
|-heal|p1a: Jellicent|61/100
|
|-weather|RainDance|[upkeep]
|-heal|p1a: Jellicent|67/100|[from] item: Leftovers
|upkeep
|turn|13
|
|switch|p2a: Gyarados|Gyarados, F|100/100
|-damage|p2a: Gyarados|75/100|[from] Stealth Rock
|-ability|p2a: Gyarados|Intimidate|boost
|-unboost|p1a: Jellicent|atk|1
|move|p1a: Jellicent|Recover|p1a: Jellicent
|-heal|p1a: Jellicent|100/100
|
|-weather|RainDance|[upkeep]
|-heal|p2a: Gyarados|82/100|[from] item: Leftovers
|upkeep
|turn|14
|
|switch|p2a: Ferrothorn|Ferrothorn, F|100/100
|-damage|p2a: Ferrothorn|94/100|[from] Stealth Rock
|-damage|p2a: Ferrothorn|69/100|[from] Spikes
|switch|p1a: Hippowdon|Hippowdon, F|75/100 tox
|-damage|p1a: Hippowdon|50/100 tox|[from] Spikes
|-damage|p1a: Hippowdon|44/100 tox|[from] Stealth Rock
|-weather|Sandstorm|[from] ability: Sand Stream|[of] p1a: Hippowdon
|
|-weather|Sandstorm|[upkeep]
|-heal|p1a: Hippowdon|50/100 tox|[from] item: Leftovers
|-heal|p2a: Ferrothorn|75/100|[from] item: Leftovers
|-damage|p1a: Hippowdon|44/100 tox|[from] psn
|upkeep
|turn|15
|
|move|p1a: Hippowdon|Slack Off|p1a: Hippowdon
|-heal|p1a: Hippowdon|94/100 tox
|move|p2a: Ferrothorn|Power Whip|p1a: Hippowdon
|-supereffective|p1a: Hippowdon
|-damage|p1a: Hippowdon|56/100 tox
|
|-weather|Sandstorm|[upkeep]
|-heal|p1a: Hippowdon|63/100 tox|[from] item: Leftovers
|-heal|p2a: Ferrothorn|82/100|[from] item: Leftovers
|-damage|p1a: Hippowdon|50/100 tox|[from] psn
|upkeep
|turn|16
|
|switch|p1a: Latios|Latios, M, shiny|100/100
|-damage|p1a: Latios|88/100|[from] Stealth Rock
|move|p2a: Ferrothorn|Power Whip|p1a: Latios
|-resisted|p1a: Latios
|-damage|p1a: Latios|61/100
|
|-weather|Sandstorm|[upkeep]
|-damage|p1a: Latios|55/100|[from] Sandstorm
|-heal|p2a: Ferrothorn|88/100|[from] item: Leftovers
|upkeep
|turn|17
|
|move|p1a: Latios|Trick|p2a: Ferrothorn
|-activate|p1a: Latios|move: Trick|[of] p2a: Ferrothorn
|-item|p2a: Ferrothorn|Choice Specs|[from] move: Trick
|-item|p1a: Latios|Leftovers|[from] move: Trick
|move|p2a: Ferrothorn|Gyro Ball|p1a: Latios
|-damage|p1a: Latios|0 fnt
|faint|p1a: Latios
|
|-weather|Sandstorm|[upkeep]
|upkeep
|
|switch|p1a: Jellicent|Jellicent, M|100/100
|-damage|p1a: Jellicent|76/100|[from] Spikes
|-damage|p1a: Jellicent|63/100|[from] Stealth Rock
|turn|18
|
|switch|p2a: Politoed|Politoed, F|63/100
|-damage|p2a: Politoed|50/100|[from] Stealth Rock
|-damage|p2a: Politoed|25/100|[from] Spikes
|-weather|RainDance|[from] ability: Drizzle|[of] p2a: Politoed
|move|p1a: Jellicent|Will-O-Wisp|p2a: Politoed
|-status|p2a: Politoed|brn
|
|-weather|RainDance|[upkeep]
|-heal|p1a: Jellicent|69/100|[from] item: Leftovers
|-damage|p2a: Politoed|13/100 brn|[from] brn
|upkeep
|turn|19
|
|move|p2a: Politoed|Hidden Power|p1a: Jellicent
|-supereffective|p1a: Jellicent
|-damage|p1a: Jellicent|42/100
|move|p1a: Jellicent|Recover|p1a: Jellicent
|-heal|p1a: Jellicent|92/100
|
|-weather|RainDance|[upkeep]
|-heal|p1a: Jellicent|98/100|[from] item: Leftovers
|-damage|p2a: Politoed|0 fnt|[from] brn
|faint|p2a: Politoed
|upkeep
|inactive|Onionpizza has 120 seconds left.
|
|switch|p2a: Jolteon|Jolteon, M|100/100
|-damage|p2a: Jolteon|75/100|[from] Spikes
|-damage|p2a: Jolteon|63/100|[from] Stealth Rock
|turn|20
|
|move|p2a: Jolteon|Hidden Power|p1a: Jellicent
|-resisted|p1a: Jellicent
|-damage|p1a: Jellicent|91/100
|move|p1a: Jellicent|Scald|p2a: Jolteon
|-damage|p2a: Jolteon|14/100
|-status|p2a: Jolteon|brn
|
|-weather|RainDance|[upkeep]
|-heal|p1a: Jellicent|97/100|[from] item: Leftovers
|-damage|p2a: Jolteon|2/100 brn|[from] brn
|upkeep
|turn|21
|-message|Onionpizza forfeited.
|
|win|blackkaiser
|l|☆Onionpizza
|raw|blackkaiser's rating: 1463 &rarr; <strong>1476</strong><br />(+13 for winning)
|raw|Onionpizza's rating: 1343 &rarr; <strong>1330</strong><br />(-13 for losing)
