|j|☆leoperi99
|j|☆CringLord!
|t:|1724446405
|gametype|singles
|player|p1|leoperi99|sage-gen2|1483
|player|p2|CringLord!|caitlin|1366
|teamsize|p1|6
|teamsize|p2|6
|gen|5
|tier|[Gen 5] OU
|rated|
|rule|Species Clause: Limit one of each Pokémon
|rule|OHKO Clause: OHKO moves are banned
|rule|Moody Clause: Moody is banned
|rule|Evasion Items Clause: Evasion items are banned
|rule|Evasion Moves Clause: Evasion moves are banned
|rule|Endless Battle Clause: Forcing endless battles is banned
|rule|HP Percentage Mod: HP is shown in percentages
|rule|Evasion Abilities Clause: Evasion abilities are banned
|rule|Sleep Moves Clause: Sleep-inducing moves are banned
|rule|Swagger Clause: Swagger is banned
|rule|Baton Pass Stat Clause: No Baton Passer may have a way to boost its stats
|clearpoke
|poke|p1|Abomasnow, M|item
|poke|p1|Latias, F|item
|poke|p1|Keldeo|item
|poke|p1|Excadrill, M|item
|poke|p1|Jirachi|item
|poke|p1|Garchomp, M|item
|poke|p2|Skarmory, F|item
|poke|p2|Gliscor, F|item
|poke|p2|Gastrodon, F|item
|poke|p2|Tyranitar, F|item
|poke|p2|Alakazam, M|item
|poke|p2|Reuniclus, M|item
|teampreview
|inactive|Battle timer is ON: inactive players will automatically lose when time's up. (requested by CringLord!)
|
|t:|1724446432
|start
|switch|p1a: Jirachi|Jirachi|100/100
|switch|p2a: Skarmory|Skarmory, F|100/100
|turn|1
|j| Neighthan Trainer
|
|t:|1724446444
|move|p1a: Jirachi|Stealth Rock|p2a: Skarmory
|-sidestart|p2: CringLord!|move: Stealth Rock
|move|p2a: Skarmory|Spikes|p1a: Jirachi
|-sidestart|p1: leoperi99|Spikes
|
|upkeep
|turn|2
|
|t:|1724446448
|switch|p2a: Gliscor|Gliscor, F|100/100
|-damage|p2a: Gliscor|88/100|[from] Stealth Rock
|move|p1a: Jirachi|Fire Punch|p2a: Gliscor
|-damage|p2a: Gliscor|77/100
|
|-status|p2a: Gliscor|tox|[from] item: Toxic Orb
|upkeep
|turn|3
|
|t:|1724446458
|move|p1a: Jirachi|Hidden Power|p2a: Gliscor
|-supereffective|p2a: Gliscor
|-damage|p2a: Gliscor|0 fnt
|faint|p2a: Gliscor
|
|upkeep
|
|t:|1724446465
|switch|p2a: Gastrodon|Gastrodon, F|100/100
|-damage|p2a: Gastrodon|94/100|[from] Stealth Rock
|turn|4
|
|t:|1724446470
|switch|p1a: Abomasnow|Abomasnow, M|100/100
|-damage|p1a: Abomasnow|88/100|[from] Spikes
|-weather|Hail|[from] ability: Snow Warning|[of] p1a: Abomasnow
|move|p2a: Gastrodon|Scald|p1a: Abomasnow
|-resisted|p1a: Abomasnow
|-damage|p1a: Abomasnow|76/100
|-status|p1a: Abomasnow|brn
|
|-weather|Hail|[upkeep]
|-damage|p2a: Gastrodon|88/100|[from] Hail
|-heal|p1a: Abomasnow|82/100 brn|[from] item: Leftovers
|-heal|p2a: Gastrodon|94/100|[from] item: Leftovers
|-damage|p1a: Abomasnow|70/100 brn|[from] brn
|upkeep
|turn|5
|
|t:|1724446475
|move|p1a: Abomasnow|Giga Drain|p2a: Gastrodon
|-supereffective|p2a: Gastrodon
|-damage|p2a: Gastrodon|0 fnt
|-heal|p1a: Abomasnow|100/100 brn|[from] drain|[of] p2a: Gastrodon
|faint|p2a: Gastrodon
|
|-weather|Hail|[upkeep]
|-damage|p1a: Abomasnow|88/100 brn|[from] brn
|upkeep
|
|t:|1724446482
|switch|p2a: Tyranitar|Tyranitar, F|100/100
|-damage|p2a: Tyranitar|88/100|[from] Stealth Rock
|-weather|Sandstorm|[from] ability: Sand Stream|[of] p2a: Tyranitar
|turn|6
|
|t:|1724446506
|-activate|p1a: Abomasnow|move: Pursuit
|move|p2a: Tyranitar|Pursuit|p1a: Abomasnow|[from]Pursuit
|-damage|p1a: Abomasnow|47/100 brn
|switch|p1a: Jirachi|Jirachi|100/100
|-damage|p1a: Jirachi|88/100|[from] Spikes
|
|-weather|Sandstorm|[upkeep]
|upkeep
|turn|7
|
|t:|1724446517
|move|p1a: Jirachi|Iron Head|p2a: Tyranitar
|-supereffective|p2a: Tyranitar
|-damage|p2a: Tyranitar|43/100
|move|p2a: Tyranitar|Thunder Wave|p1a: Jirachi
|-status|p1a: Jirachi|par
|
|-weather|Sandstorm|[upkeep]
|upkeep
|turn|8
|
|t:|1724446530
|switch|p2a: Skarmory|Skarmory, F|100/100
|-damage|p2a: Skarmory|88/100|[from] Stealth Rock
|move|p1a: Jirachi|Iron Head|p2a: Skarmory
|-resisted|p2a: Skarmory
|-damage|p2a: Skarmory|76/100
|-damage|p1a: Jirachi|72/100 par|[from] item: Rocky Helmet|[of] p2a: Skarmory
|
|-weather|Sandstorm|[upkeep]
|upkeep
|turn|9
|
|t:|1724446537
|switch|p1a: Excadrill|Excadrill, M|100/100
|-damage|p1a: Excadrill|88/100|[from] Spikes
|-ability|p1a: Excadrill|Mold Breaker
|move|p2a: Skarmory|Roost|p2a: Skarmory
|-heal|p2a: Skarmory|100/100
|-singleturn|p2a: Skarmory|move: Roost
|
|-weather|Sandstorm|[upkeep]
|-heal|p1a: Excadrill|94/100|[from] item: Leftovers
|upkeep
|turn|10
|
|t:|1724446546
|move|p1a: Excadrill|Rapid Spin|p2a: Skarmory
|-resisted|p2a: Skarmory
|-damage|p2a: Skarmory|98/100
|-damage|p1a: Excadrill|78/100|[from] item: Rocky Helmet|[of] p2a: Skarmory
|-sideend|p1: leoperi99|Spikes|[from] move: Rapid Spin|[of] p1a: Excadrill
|move|p2a: Skarmory|Brave Bird|p1a: Excadrill
|-resisted|p1a: Excadrill
|-damage|p1a: Excadrill|55/100
|-damage|p2a: Skarmory|89/100|[from] Recoil
|
|-weather|Sandstorm|[upkeep]
|-heal|p1a: Excadrill|61/100|[from] item: Leftovers
|upkeep
|turn|11
|
|t:|1724446558
|switch|p1a: Latias|Latias, F|100/100
|move|p2a: Skarmory|Spikes|p1a: Latias
|-sidestart|p1: leoperi99|Spikes
|
|-weather|Sandstorm|[upkeep]
|-damage|p1a: Latias|95/100|[from] Sandstorm
|upkeep
|turn|12
|
|t:|1724446564
|switch|p2a: Reuniclus|Reuniclus, M|100/100
|move|p1a: Latias|Hidden Power|p2a: Reuniclus
|-damage|p2a: Reuniclus|80/100
|
|-weather|Sandstorm|[upkeep]
|-damage|p1a: Latias|89/100|[from] Sandstorm
|-heal|p2a: Reuniclus|86/100|[from] item: Leftovers
|upkeep
|turn|13
|
|t:|1724446572
|move|p1a: Latias|Healing Wish|p1a: Latias
|faint|p1a: Latias
|move|p2a: Reuniclus|Calm Mind|p2a: Reuniclus
|-boost|p2a: Reuniclus|spa|1
|-boost|p2a: Reuniclus|spd|1
|
|-weather|Sandstorm|[upkeep]
|-heal|p2a: Reuniclus|92/100|[from] item: Leftovers
|upkeep
|
|t:|1724446588
|switch|p1a: Jirachi|Jirachi|72/100 par
|-heal|p1a: Jirachi|100/100|[from] move: Healing Wish
|-damage|p1a: Jirachi|88/100|[from] Spikes
|turn|14
|
|t:|1724446599
|move|p1a: Jirachi|Iron Head|p2a: Reuniclus
|-damage|p2a: Reuniclus|70/100
|cant|p2a: Reuniclus|flinch
|
|-weather|Sandstorm|[upkeep]
|-heal|p2a: Reuniclus|76/100|[from] item: Leftovers
|upkeep
|turn|15
|
|t:|1724446604
|move|p1a: Jirachi|Iron Head|p2a: Reuniclus
|-damage|p2a: Reuniclus|55/100
|cant|p2a: Reuniclus|flinch
|
|-weather|Sandstorm|[upkeep]
|-heal|p2a: Reuniclus|61/100|[from] item: Leftovers
|upkeep
|turn|16
|
|t:|1724446615
|move|p1a: Jirachi|Iron Head|p2a: Reuniclus
|-damage|p2a: Reuniclus|41/100
|cant|p2a: Reuniclus|flinch
|
|-weather|Sandstorm|[upkeep]
|-heal|p2a: Reuniclus|47/100|[from] item: Leftovers
|upkeep
|turn|17
|
|t:|1724446618
|move|p1a: Jirachi|Iron Head|p2a: Reuniclus
|-damage|p2a: Reuniclus|26/100
|cant|p2a: Reuniclus|flinch
|
|-weather|Sandstorm|[upkeep]
|-heal|p2a: Reuniclus|32/100|[from] item: Leftovers
|upkeep
|turn|18
|
|t:|1724446621
|move|p1a: Jirachi|Iron Head|p2a: Reuniclus
|-damage|p2a: Reuniclus|11/100
|cant|p2a: Reuniclus|flinch
|
|-weather|Sandstorm|[upkeep]
|-heal|p2a: Reuniclus|17/100|[from] item: Leftovers
|upkeep
|turn|19
|
|t:|1724446625
|switch|p2a: Skarmory|Skarmory, F|89/100
|-damage|p2a: Skarmory|77/100|[from] Stealth Rock
|move|p1a: Jirachi|Iron Head|p2a: Skarmory
|-resisted|p2a: Skarmory
|-crit|p2a: Skarmory
|-damage|p2a: Skarmory|54/100
|-damage|p1a: Jirachi|72/100|[from] item: Rocky Helmet|[of] p2a: Skarmory
|
|-weather|Sandstorm|[upkeep]
|upkeep
|turn|20
|
|t:|1724446628
|move|p1a: Jirachi|Fire Punch|p2a: Skarmory
|-supereffective|p2a: Skarmory
|-damage|p2a: Skarmory|23/100
|-damage|p1a: Jirachi|55/100|[from] item: Rocky Helmet|[of] p2a: Skarmory
|move|p2a: Skarmory|Roost|p2a: Skarmory
|-heal|p2a: Skarmory|73/100
|-singleturn|p2a: Skarmory|move: Roost
|
|-weather|Sandstorm|[upkeep]
|upkeep
|turn|21
|
|t:|1724446641
|switch|p1a: Excadrill|Excadrill, M|61/100
|-damage|p1a: Excadrill|49/100|[from] Spikes
|-ability|p1a: Excadrill|Mold Breaker
|move|p2a: Skarmory|Roost|p2a: Skarmory
|-heal|p2a: Skarmory|100/100
|-singleturn|p2a: Skarmory|move: Roost
|
|-weather|Sandstorm|[upkeep]
|-heal|p1a: Excadrill|55/100|[from] item: Leftovers
|upkeep
|turn|22
|
|t:|1724446656
|move|p1a: Excadrill|Rapid Spin|p2a: Skarmory
|-resisted|p2a: Skarmory
|-damage|p2a: Skarmory|98/100
|-damage|p1a: Excadrill|38/100|[from] item: Rocky Helmet|[of] p2a: Skarmory
|-sideend|p1: leoperi99|Spikes|[from] move: Rapid Spin|[of] p1a: Excadrill
|move|p2a: Skarmory|Brave Bird|p1a: Excadrill
|-resisted|p1a: Excadrill
|-damage|p1a: Excadrill|15/100
|-damage|p2a: Skarmory|89/100|[from] Recoil
|
|-weather|Sandstorm|[upkeep]
|-heal|p1a: Excadrill|21/100|[from] item: Leftovers
|upkeep
|turn|23
|
|t:|1724446668
|move|p1a: Excadrill|Swords Dance|p1a: Excadrill
|-boost|p1a: Excadrill|atk|2
|move|p2a: Skarmory|Brave Bird|p1a: Excadrill
|-resisted|p1a: Excadrill
|-damage|p1a: Excadrill|0 fnt
|faint|p1a: Excadrill
|-damage|p2a: Skarmory|82/100|[from] Recoil
|
|-weather|Sandstorm|[upkeep]
|upkeep
|
|t:|1724446681
|switch|p1a: Abomasnow|Abomasnow, M|47/100 brn
|-weather|Hail|[from] ability: Snow Warning|[of] p1a: Abomasnow
|turn|24
|
|t:|1724446688
|move|p2a: Skarmory|Spikes|p1a: Abomasnow
|-sidestart|p1: leoperi99|Spikes
|move|p1a: Abomasnow|Blizzard|p2a: Skarmory
|-damage|p2a: Skarmory|37/100
|
|-weather|Hail|[upkeep]
|-damage|p2a: Skarmory|31/100|[from] Hail
|-heal|p1a: Abomasnow|54/100 brn|[from] item: Leftovers
|-damage|p1a: Abomasnow|41/100 brn|[from] brn
|upkeep
|turn|25
|
|t:|1724446701
|move|p2a: Skarmory|Roost|p2a: Skarmory
|-heal|p2a: Skarmory|81/100
|-singleturn|p2a: Skarmory|move: Roost
|move|p1a: Abomasnow|Blizzard|p2a: Skarmory
|-resisted|p2a: Skarmory
|-damage|p2a: Skarmory|57/100
|
|-weather|Hail|[upkeep]
|-damage|p2a: Skarmory|51/100|[from] Hail
|-heal|p1a: Abomasnow|47/100 brn|[from] item: Leftovers
|-damage|p1a: Abomasnow|35/100 brn|[from] brn
|upkeep
|turn|26
|
|t:|1724446711
|move|p2a: Skarmory|Roost|p2a: Skarmory
|-heal|p2a: Skarmory|100/100
|-singleturn|p2a: Skarmory|move: Roost
|move|p1a: Abomasnow|Blizzard|p2a: Skarmory
|-resisted|p2a: Skarmory
|-damage|p2a: Skarmory|77/100
|
|-weather|Hail|[upkeep]
|-damage|p2a: Skarmory|71/100|[from] Hail
|-heal|p1a: Abomasnow|41/100 brn|[from] item: Leftovers
|-damage|p1a: Abomasnow|29/100 brn|[from] brn
|upkeep
|turn|27
|
|t:|1724446726
|switch|p2a: Tyranitar|Tyranitar, F|43/100
|-damage|p2a: Tyranitar|31/100|[from] Stealth Rock
|-weather|Sandstorm|[from] ability: Sand Stream|[of] p2a: Tyranitar
|move|p1a: Abomasnow|Blizzard|p2a: Tyranitar
|-damage|p2a: Tyranitar|6/100
|
|-weather|Sandstorm|[upkeep]
|-damage|p1a: Abomasnow|22/100 brn|[from] Sandstorm
|-heal|p1a: Abomasnow|29/100 brn|[from] item: Leftovers
|-damage|p1a: Abomasnow|16/100 brn|[from] brn
|upkeep
|turn|28
|
|t:|1724446734
|move|p2a: Tyranitar|Pursuit|p1a: Abomasnow
|-damage|p1a: Abomasnow|0 fnt
|faint|p1a: Abomasnow
|
|-weather|Sandstorm|[upkeep]
|upkeep
|
|t:|1724446741
|switch|p1a: Jirachi|Jirachi|55/100
|-damage|p1a: Jirachi|43/100|[from] Spikes
|turn|29
|l| Neighthan Trainer
|
|t:|1724446748
|switch|p2a: Skarmory|Skarmory, F|71/100
|-damage|p2a: Skarmory|59/100|[from] Stealth Rock
|move|p1a: Jirachi|Iron Head|p2a: Skarmory
|-resisted|p2a: Skarmory
|-damage|p2a: Skarmory|46/100
|-damage|p1a: Jirachi|27/100|[from] item: Rocky Helmet|[of] p2a: Skarmory
|
|-weather|Sandstorm|[upkeep]
|upkeep
|turn|30
|
|t:|1724446757
|move|p1a: Jirachi|Fire Punch|p2a: Skarmory
|-supereffective|p2a: Skarmory
|-damage|p2a: Skarmory|18/100
|-damage|p1a: Jirachi|10/100|[from] item: Rocky Helmet|[of] p2a: Skarmory
|move|p2a: Skarmory|Roost|p2a: Skarmory
|-heal|p2a: Skarmory|68/100
|-singleturn|p2a: Skarmory|move: Roost
|
|-weather|Sandstorm|[upkeep]
|upkeep
|turn|31
|
|t:|1724446769
|switch|p2a: Tyranitar|Tyranitar, F|6/100
|-damage|p2a: Tyranitar|0 fnt|[from] Stealth Rock
|faint|p2a: Tyranitar
|move|p1a: Jirachi|Fire Punch|p2: Tyranitar|[notarget]
|-fail|p1a: Jirachi
|
|-weather|Sandstorm|[upkeep]
|upkeep
|
|t:|1724446771
|switch|p2a: Alakazam|Alakazam, M|100/100
|turn|32
|
|t:|1724446787
|move|p2a: Alakazam|Signal Beam|p1a: Jirachi
|-damage|p1a: Jirachi|0 fnt
|faint|p1a: Jirachi
|
|-weather|Sandstorm|[upkeep]
|upkeep
|
|t:|1724446790
|switch|p1a: Garchomp|Garchomp, M|100/100
|-damage|p1a: Garchomp|88/100|[from] Spikes
|turn|33
|
|t:|1724446795
|switch|p2a: Reuniclus|Reuniclus, M|17/100
|move|p1a: Garchomp|Dual Chop|p2a: Reuniclus
|-damage|p2a: Reuniclus|3/100
|-damage|p2a: Reuniclus|0 fnt
|faint|p2a: Reuniclus
|-hitcount|p2: Reuniclus|2
|
|-weather|Sandstorm|[upkeep]
|upkeep
|
|t:|1724446800
|switch|p2a: Skarmory|Skarmory, F|68/100
|-damage|p2a: Skarmory|55/100|[from] Stealth Rock
|turn|34
|
|t:|1724446810
|switch|p1a: Keldeo|Keldeo|100/100
|-damage|p1a: Keldeo|88/100|[from] Spikes
|move|p2a: Skarmory|Brave Bird|p1a: Keldeo
|-supereffective|p1a: Keldeo
|-crit|p1a: Keldeo
|-damage|p1a: Keldeo|0 fnt
|faint|p1a: Keldeo
|-damage|p2a: Skarmory|27/100|[from] Recoil
|
|-weather|Sandstorm|[upkeep]
|upkeep
|
|t:|1724446812
|switch|p1a: Garchomp|Garchomp, M|88/100
|-damage|p1a: Garchomp|76/100|[from] Spikes
|turn|35
|
|t:|1724446818
|move|p1a: Garchomp|Rock Slide|p2a: Skarmory
|-damage|p2a: Skarmory|9/100
|move|p2a: Skarmory|Roost|p2a: Skarmory
|-heal|p2a: Skarmory|59/100
|-singleturn|p2a: Skarmory|move: Roost
|
|-weather|Sandstorm|[upkeep]
|upkeep
|turn|36
|
|t:|1724446821
|move|p1a: Garchomp|Rock Slide|p2a: Skarmory
|-damage|p2a: Skarmory|40/100
|move|p2a: Skarmory|Roost|p2a: Skarmory
|-heal|p2a: Skarmory|90/100
|-singleturn|p2a: Skarmory|move: Roost
|
|-weather|Sandstorm|[upkeep]
|upkeep
|turn|37
|
|t:|1724446825
|move|p1a: Garchomp|Rock Slide|p2a: Skarmory
|-damage|p2a: Skarmory|70/100
|move|p2a: Skarmory|Brave Bird|p1a: Garchomp
|-damage|p1a: Garchomp|45/100
|-damage|p2a: Skarmory|58/100|[from] ability: Rough Skin|[of] p1a: Garchomp
|-damage|p2a: Skarmory|47/100|[from] Recoil
|
|-weather|Sandstorm|[upkeep]
|upkeep
|turn|38
|
|t:|1724446831
|move|p1a: Garchomp|Rock Slide|p2a: Skarmory
|-damage|p2a: Skarmory|28/100
|move|p2a: Skarmory|Roost|p2a: Skarmory
|-heal|p2a: Skarmory|78/100
|-singleturn|p2a: Skarmory|move: Roost
|
|-weather|Sandstorm|[upkeep]
|upkeep
|turn|39
|
|t:|1724446834
|move|p1a: Garchomp|Rock Slide|p2a: Skarmory
|-damage|p2a: Skarmory|57/100
|move|p2a: Skarmory|Roost|p2a: Skarmory
|-heal|p2a: Skarmory|100/100
|-singleturn|p2a: Skarmory|move: Roost
|
|-weather|Sandstorm|[upkeep]
|upkeep
|turn|40
|
|t:|1724446836
|move|p1a: Garchomp|Rock Slide|p2a: Skarmory
|-damage|p2a: Skarmory|82/100
|cant|p2a: Skarmory|flinch
|
|-weather|Sandstorm|[upkeep]
|upkeep
|turn|41
|
|t:|1724446839
|move|p1a: Garchomp|Rock Slide|p2a: Skarmory
|-damage|p2a: Skarmory|63/100
|move|p2a: Skarmory|Brave Bird|p1a: Garchomp
|-damage|p1a: Garchomp|10/100
|-damage|p2a: Skarmory|51/100|[from] ability: Rough Skin|[of] p1a: Garchomp
|-damage|p2a: Skarmory|39/100|[from] Recoil
|
|-weather|Sandstorm|[upkeep]
|upkeep
|turn|42
|
|t:|1724446841
|move|p1a: Garchomp|Rock Slide|p2a: Skarmory
|-damage|p2a: Skarmory|18/100
|move|p2a: Skarmory|Roost|p2a: Skarmory
|-heal|p2a: Skarmory|68/100
|-singleturn|p2a: Skarmory|move: Roost
|
|-weather|Sandstorm|[upkeep]
|upkeep
|turn|43
|-message|leoperi99 forfeited.
|
|win|CringLord!
|raw|leoperi99's rating: 1483 &rarr; <strong>1457</strong><br />(-26 for losing)
|raw|CringLord!'s rating: 1366 &rarr; <strong>1392</strong><br />(+26 for winning)
|l|☆leoperi99
|player|p1|
|c|☆CringLord!|"gg"
