|j|☆cglob
|j|☆Blossummm
|t:|1731971403
|gametype|singles
|player|p1|cglob|plasmagrunt|1297
|player|p2|Blossummm|roxie|1394
|teamsize|p1|6
|teamsize|p2|6
|gen|5
|tier|[Gen 5] OU
|rated|
|rule|Species Clause: Limit one of each Pokémon
|rule|OHKO Clause: OHKO moves are banned
|rule|Moody Clause: Moody is banned
|rule|Evasion Items Clause: Evasion items are banned
|rule|Evasion Moves Clause: Evasion moves are banned
|rule|Endless Battle Clause: Forcing endless battles is banned
|rule|HP Percentage Mod: HP is shown in percentages
|rule|Evasion Abilities Clause: Evasion abilities are banned
|rule|Sleep Moves Clause: Sleep-inducing moves are banned
|rule|Swagger Clause: Swagger is banned
|rule|Baton Pass Stat Clause: No Baton Passer may have a way to boost its stats
|clearpoke
|poke|p1|Roserade, M|item
|poke|p1|Garchomp, F|item
|poke|p1|Starmie|item
|poke|p1|Mamoswine, M|item
|poke|p1|Politoed, M|item
|poke|p1|Mawile, M|item
|poke|p2|Tyranitar, F|item
|poke|p2|Alakazam, F|item
|poke|p2|Latios, M|item
|poke|p2|Ferrothorn, F|item
|poke|p2|Keldeo|item
|poke|p2|Landorus-Therian, M|item
|teampreview
|
|t:|1731971413
|start
|switch|p1a: Rot|Mawile, M|100/100
|switch|p2a: Ferrothorn|Ferrothorn, F|100/100
|turn|1
|
|t:|1731971417
|move|p1a: Rot|Flamethrower|p2a: Ferrothorn
|-supereffective|p2a: Ferrothorn
|-damage|p2a: Ferrothorn|0 fnt
|faint|p2a: Ferrothorn
|
|upkeep
|
|t:|1731971429
|switch|p2a: Landorus|Landorus-Therian, M|100/100
|-ability|p2a: Landorus|Intimidate|boost
|-unboost|p1a: Rot|atk|1
|turn|2
|
|t:|1731971433
|switch|p1a: The Twist|Starmie|100/100
|-item|p1a: The Twist|Air Balloon
|move|p2a: Landorus|Earthquake|p1a: The Twist
|-immune|p1a: The Twist
|
|upkeep
|turn|3
|
|t:|1731971446
|switch|p1a: Borraceira 5|Mamoswine, M|100/100
|switch|p2a: Tyranitar|Tyranitar, F, shiny|100/100
|-weather|Sandstorm|[from] ability: Sand Stream|[of] p2a: Tyranitar
|
|-weather|Sandstorm|[upkeep]
|upkeep
|turn|4
|
|t:|1731971454
|switch|p2a: Landorus|Landorus-Therian, M|100/100
|-ability|p2a: Landorus|Intimidate|boost
|-unboost|p1a: Borraceira 5|atk|1
|move|p1a: Borraceira 5|Stealth Rock|p2a: Landorus
|-sidestart|p2: Blossummm|move: Stealth Rock
|
|-weather|Sandstorm|[upkeep]
|upkeep
|turn|5
|
|t:|1731971472
|switch|p2a: Keldeo|Keldeo|100/100
|-damage|p2a: Keldeo|94/100|[from] Stealth Rock
|switch|p1a: Dump Frog|Politoed, M|100/100
|-weather|RainDance|[from] ability: Drizzle|[of] p1a: Dump Frog
|
|-weather|RainDance|[upkeep]
|-heal|p2a: Keldeo|100/100|[from] item: Leftovers
|upkeep
|turn|6
|
|t:|1731971479
|move|p2a: Keldeo|Taunt|p1a: Dump Frog
|-start|p1a: Dump Frog|move: Taunt
|cant|p1a: Dump Frog|move: Taunt|Encore
|
|-weather|RainDance|[upkeep]
|upkeep
|turn|7
|
|t:|1731971488
|move|p2a: Keldeo|Scald|p1a: Dump Frog
|-resisted|p1a: Dump Frog
|-damage|p1a: Dump Frog|73/100
|move|p1a: Dump Frog|Scald|p2a: Keldeo
|-resisted|p2a: Keldeo
|-damage|p2a: Keldeo|78/100
|-status|p2a: Keldeo|brn
|
|-weather|RainDance|[upkeep]
|-heal|p2a: Keldeo|84/100 brn|[from] item: Leftovers
|-heal|p1a: Dump Frog|79/100|[from] item: Leftovers
|-damage|p2a: Keldeo|72/100 brn|[from] brn
|upkeep
|turn|8
|
|t:|1731971493
|switch|p1a: m36772|Roserade, M|100/100
|move|p2a: Keldeo|Hidden Power|p1a: m36772
|-resisted|p1a: m36772
|-damage|p1a: m36772|96/100
|
|-weather|RainDance|[upkeep]
|-heal|p2a: Keldeo|78/100 brn|[from] item: Leftovers
|-heal|p1a: m36772|100/100|[from] item: Black Sludge
|-damage|p2a: Keldeo|66/100 brn|[from] brn
|upkeep
|turn|9
|
|t:|1731971508
|switch|p2a: Landorus|Landorus-Therian, M|100/100
|-damage|p2a: Landorus|88/100|[from] Stealth Rock
|-ability|p2a: Landorus|Intimidate|boost
|-unboost|p1a: m36772|atk|1
|move|p1a: m36772|Energy Ball|p2a: Landorus
|-damage|p2a: Landorus|46/100
|
|-weather|RainDance|[upkeep]
|-heal|p2a: Landorus|52/100|[from] item: Leftovers
|upkeep
|turn|10
|
|t:|1731971522
|move|p2a: Landorus|Stealth Rock|p1a: m36772
|-sidestart|p1: cglob|move: Stealth Rock
|move|p1a: m36772|Rest|p1a: m36772
|-fail|p1a: m36772|heal
|
|-weather|RainDance|[upkeep]
|-heal|p2a: Landorus|59/100|[from] item: Leftovers
|upkeep
|turn|11
|
|t:|1731971529
|move|p2a: Landorus|Hidden Power|p1a: m36772
|-supereffective|p1a: m36772
|-damage|p1a: m36772|75/100
|move|p1a: m36772|Energy Ball|p2a: Landorus
|-damage|p2a: Landorus|14/100
|
|-weather|RainDance|[upkeep]
|-heal|p2a: Landorus|21/100|[from] item: Leftovers
|-heal|p1a: m36772|81/100|[from] item: Black Sludge
|upkeep
|turn|12
|
|t:|1731971541
|move|p2a: Landorus|Earthquake|p1a: m36772
|-damage|p1a: m36772|5/100
|move|p1a: m36772|Rest|p1a: m36772
|-status|p1a: m36772|slp|[from] move: Rest
|-heal|p1a: m36772|100/100 slp|[silent]
|
|-weather|RainDance|[upkeep]
|-heal|p2a: Landorus|27/100|[from] item: Leftovers
|upkeep
|turn|13
|
|t:|1731971547
|-curestatus|p1a: m36772|slp|[from] ability: Natural Cure
|switch|p1a: The Twist|Starmie|100/100
|-damage|p1a: The Twist|88/100|[from] Stealth Rock
|-item|p1a: The Twist|Air Balloon
|move|p2a: Landorus|Earthquake|p1a: The Twist
|-immune|p1a: The Twist
|
|-weather|RainDance|[upkeep]
|-heal|p2a: Landorus|33/100|[from] item: Leftovers
|upkeep
|turn|14
|
|t:|1731971553
|switch|p2a: Tyranitar|Tyranitar, F, shiny|100/100
|-damage|p2a: Tyranitar|88/100|[from] Stealth Rock
|-weather|Sandstorm|[from] ability: Sand Stream|[of] p2a: Tyranitar
|move|p1a: The Twist|Rapid Spin|p2a: Tyranitar
|-resisted|p2a: Tyranitar
|-damage|p2a: Tyranitar|87/100
|-sideend|p1: cglob|Stealth Rock|[from] move: Rapid Spin|[of] p1a: The Twist
|
|-weather|Sandstorm|[upkeep]
|-damage|p1a: The Twist|82/100|[from] Sandstorm
|upkeep
|turn|15
|
|t:|1731971557
|move|p1a: The Twist|Hydro Pump|p2a: Tyranitar
|-supereffective|p2a: Tyranitar
|-crit|p2a: Tyranitar
|-damage|p2a: Tyranitar|0 fnt
|faint|p2a: Tyranitar
|
|-weather|Sandstorm|[upkeep]
|-damage|p1a: The Twist|76/100|[from] Sandstorm
|upkeep
|
|t:|1731971566
|switch|p2a: Alakazam|Alakazam, F|100/100
|turn|16
|inactive|Battle timer is ON: inactive players will automatically lose when time's up. (requested by Blossummm)
|
|t:|1731971596
|switch|p1a: Dump Frog|Politoed, M|79/100
|-weather|RainDance|[from] ability: Drizzle|[of] p1a: Dump Frog
|move|p2a: Alakazam|Shadow Ball|p1a: Dump Frog
|-damage|p1a: Dump Frog|48/100
|-unboost|p1a: Dump Frog|spd|1
|
|-weather|RainDance|[upkeep]
|-heal|p1a: Dump Frog|54/100|[from] item: Leftovers
|upkeep
|turn|17
|
|t:|1731971605
|move|p1a: Dump Frog|Protect|p1a: Dump Frog
|-singleturn|p1a: Dump Frog|Protect
|move|p2a: Alakazam|Psychic|p1a: Dump Frog
|-activate|p1a: Dump Frog|move: Protect
|
|-weather|RainDance|[upkeep]
|-heal|p1a: Dump Frog|61/100|[from] item: Leftovers
|upkeep
|turn|18
|
|t:|1731971631
|switch|p1a: CharBoggin+o.5|Garchomp, F|100/100
|move|p2a: Alakazam|Psychic|p1a: CharBoggin+o.5
|-damage|p1a: CharBoggin+o.5|29/100
|-unboost|p1a: CharBoggin+o.5|spd|1
|
|-weather|RainDance|[upkeep]
|upkeep
|turn|19
|
|t:|1731971647
|switch|p2a: Landorus|Landorus-Therian, M|33/100
|-damage|p2a: Landorus|21/100|[from] Stealth Rock
|-ability|p2a: Landorus|Intimidate|boost
|-unboost|p1a: CharBoggin+o.5|atk|1
|move|p1a: CharBoggin+o.5|Outrage|p2a: Landorus
|-damage|p2a: Landorus|0 fnt
|faint|p2a: Landorus
|
|-weather|RainDance|[upkeep]
|upkeep
|
|t:|1731971665
|switch|p2a: Latios|Latios, M|100/100
|-damage|p2a: Latios|88/100|[from] Stealth Rock
|turn|20
|inactive|Blossummm has 120 seconds left.
|
|t:|1731971682
|move|p2a: Latios|Dragon Pulse|p1a: CharBoggin+o.5
|-supereffective|p1a: CharBoggin+o.5
|-damage|p1a: CharBoggin+o.5|0 fnt
|faint|p1a: CharBoggin+o.5
|
|-weather|RainDance|[upkeep]
|upkeep
|inactive|cglob has 120 seconds left.
|
|t:|1731971717
|switch|p1a: The Twist|Starmie|76/100
|-item|p1a: The Twist|Air Balloon
|turn|21
|inactive|Blossummm has 120 seconds left.
|
|t:|1731971732
|move|p2a: Latios|Dragon Pulse|p1a: The Twist
|-damage|p1a: The Twist|2/100
|-enditem|p1a: The Twist|Air Balloon
|move|p1a: The Twist|Ice Beam|p2a: Latios
|-supereffective|p2a: Latios
|-damage|p2a: Latios|12/100
|
|-weather|RainDance|[upkeep]
|upkeep
|turn|22
|inactive|cglob has 120 seconds left.
|
|t:|1731971759
|move|p2a: Latios|Dragon Pulse|p1a: The Twist
|-damage|p1a: The Twist|0 fnt
|faint|p1a: The Twist
|
|-weather|RainDance|[upkeep]
|upkeep
|
|t:|1731971777
|switch|p1a: Borraceira 5|Mamoswine, M|100/100
|turn|23
|
|t:|1731971783
|switch|p2a: Keldeo|Keldeo|66/100 brn
|-damage|p2a: Keldeo|60/100 brn|[from] Stealth Rock
|move|p1a: Borraceira 5|Ice Shard|p2a: Keldeo
|-resisted|p2a: Keldeo
|-crit|p2a: Keldeo
|-damage|p2a: Keldeo|35/100 brn
|
|-weather|RainDance|[upkeep]
|-heal|p2a: Keldeo|41/100 brn|[from] item: Leftovers
|-damage|p2a: Keldeo|29/100 brn|[from] brn
|upkeep
|turn|24
|inactive|cglob has 120 seconds left.
|
|t:|1731971790
|switch|p1a: m36772|Roserade, M|100/100
|move|p2a: Keldeo|Scald|p1a: m36772
|-resisted|p1a: m36772
|-damage|p1a: m36772|77/100
|
|-weather|RainDance|[upkeep]
|-heal|p2a: Keldeo|35/100 brn|[from] item: Leftovers
|-heal|p1a: m36772|83/100|[from] item: Black Sludge
|-damage|p2a: Keldeo|22/100 brn|[from] brn
|upkeep
|turn|25
|
|t:|1731971800
|move|p2a: Keldeo|Secret Sword|p1a: m36772
|-resisted|p1a: m36772
|-damage|p1a: m36772|46/100
|move|p1a: m36772|Energy Ball|p2a: Keldeo
|-supereffective|p2a: Keldeo
|-crit|p2a: Keldeo
|-damage|p2a: Keldeo|0 fnt
|faint|p2a: Keldeo
|
|-weather|RainDance|[upkeep]
|-heal|p1a: m36772|52/100|[from] item: Black Sludge
|upkeep
|inactive|Blossummm has 120 seconds left.
|
|t:|1731971827
|switch|p2a: Alakazam|Alakazam, F|100/100
|turn|26
|
|t:|1731971829
|move|p2a: Alakazam|Psychic|p1a: m36772
|-supereffective|p1a: m36772
|-damage|p1a: m36772|0 fnt
|faint|p1a: m36772
|
|-weather|RainDance|[upkeep]
|upkeep
|
|t:|1731971840
|switch|p1a: Dump Frog|Politoed, M|61/100
|turn|27
|
|t:|1731971843
|move|p1a: Dump Frog|Protect|p1a: Dump Frog
|-singleturn|p1a: Dump Frog|Protect
|move|p2a: Alakazam|Psychic|p1a: Dump Frog
|-activate|p1a: Dump Frog|move: Protect
|
|-weather|RainDance|[upkeep]
|-heal|p1a: Dump Frog|67/100|[from] item: Leftovers
|upkeep
|turn|28
|
|t:|1731971849
|move|p2a: Alakazam|Psychic|p1a: Dump Frog
|-damage|p1a: Dump Frog|14/100
|move|p1a: Dump Frog|Scald|p2a: Alakazam
|-damage|p2a: Alakazam|40/100
|
|-weather|RainDance|[upkeep]
|-heal|p1a: Dump Frog|20/100|[from] item: Leftovers
|upkeep
|turn|29
|
|t:|1731971854
|move|p2a: Alakazam|Psychic|p1a: Dump Frog
|-damage|p1a: Dump Frog|0 fnt
|faint|p1a: Dump Frog
|
|-weather|RainDance|[upkeep]
|upkeep
|
|t:|1731971856
|switch|p1a: Rot|Mawile, M|100/100
|turn|30
|
|t:|1731971860
|move|p1a: Rot|Sucker Punch|p2a: Alakazam
|-supereffective|p2a: Alakazam
|-damage|p2a: Alakazam|0 fnt
|faint|p2a: Alakazam
|-damage|p1a: Rot|91/100|[from] item: Life Orb
|
|-weather|RainDance|[upkeep]
|upkeep
|
|t:|1731971862
|switch|p2a: Latios|Latios, M|12/100
|-damage|p2a: Latios|0 fnt|[from] Stealth Rock
|faint|p2a: Latios
|
|win|cglob
|raw|cglob's rating: 1297 &rarr; <strong>1329</strong><br />(+32 for winning)
|raw|Blossummm's rating: 1394 &rarr; <strong>1369</strong><br />(-25 for losing)
|l|☆Blossummm
|player|p2|
