|join|usa #1
|join|Sir Ryan House
|player|p1|usa #1|167
|player|p2|Sir Ryan House|110
|gametype|singles
|gen|5
|tier|[Gen 5] OU
|rated
|rule|Evasion Abilities Clause: Evasion abilities are banned
|clearpoke
|poke|p1|Alakazam, M
|poke|p1|Latios, M
|poke|p1|Lucario, F
|poke|p1|Umbreon, F
|poke|p1|Scizor, M
|poke|p1|Rotom-Wash
|poke|p2|Zoroark, M, shiny
|poke|p2|Gengar, M
|poke|p2|Rotom-Wash, shiny
|poke|p2|Landorus-Therian, M
|poke|p2|Donphan, M
|poke|p2|Jirachi
|rule|Sleep Clause Mod: Limit one foe put to sleep
|rule|Species Clause: Limit one of each Pokemon
|rule|OHKO Clause: OHKO moves are banned
|rule|Moody Clause: Moody is banned
|rule|Evasion Moves Clause: Evasion moves are banned
|rule|Endless Battle Clause: Forcing endless battles is banned.
|rule|HP Percentage Mod: HP is reported as percentages
|teampreview
|
|start
|switch|p1a: Scizor|Scizor, M|344/344
|switch|p2a: Laundry Service|Rotom-Wash, shiny|304/304
|turn|1
|
|move|p2a: Laundry Service|Will-O-Wisp|p1a: Scizor|[miss]
|-miss|p2a: Laundry Service|p1a: Scizor
|move|p1a: Scizor|U-turn|p2a: Laundry Service
|-damage|p2a: Laundry Service|112/304
|
|switch|p1a: Umbreon|Umbreon, F|394/394
|
|turn|2
|
|move|p2a: Laundry Service|Volt Switch|p1a: Umbreon
|-crit|p1a: Umbreon
|-damage|p1a: Umbreon|285/394
|
|switch|p2a: Berrry|Jirachi|404/404
|move|p1a: Umbreon|Wish|p1a: Umbreon
|
|-heal|p1a: Umbreon|309/394|[from] item: Leftovers
|turn|3
|
|move|p2a: Berrry|Wish|p2a: Berrry
|move|p1a: Umbreon|Foul Play|p2a: Berrry
|-damage|p2a: Berrry|289/404
|
|-heal|p1a: Umbreon|394/394|[from] move: Wish|[wisher] Umbreon
|-heal|p2a: Berrry|314/404|[from] item: Leftovers
|turn|4
|
|move|p2a: Berrry|U-turn|p1a: Umbreon
|-supereffective|p1a: Umbreon
|-damage|p1a: Umbreon|294/394
|
|switch|p2a: Laundry Service|Rotom-Wash, shiny|112/304
|move|p1a: Umbreon|Foul Play|p2a: Laundry Service
|-damage|p2a: Laundry Service|45/304
|
|-heal|p2a: Laundry Service|247/304|[from] move: Wish|[wisher] Berrry
|-heal|p1a: Umbreon|318/394|[from] item: Leftovers
|turn|5
|
|move|p2a: Laundry Service|Volt Switch|p1a: Umbreon
|-damage|p1a: Umbreon|263/394
|
|switch|p2a: Timothy Q.|Donphan, M|384/384
|move|p1a: Umbreon|Wish|p1a: Umbreon
|
|-heal|p1a: Umbreon|287/394|[from] item: Leftovers
|turn|6
|
|move|p1a: Umbreon|Protect|p1a: Umbreon
|-singleturn|p1a: Umbreon|Protect
|move|p2a: Timothy Q.|Stealth Rock|p1a: Umbreon
|-sidestart|p1: usa #1|move: Stealth Rock
|
|-heal|p1a: Umbreon|394/394|[from] move: Wish|[wisher] Umbreon
|turn|7
|
|switch|p1a: Rotom-Wash|Rotom-Wash|304/304
|-damage|p1a: Rotom-Wash|266/304|[from] Stealth Rock
|move|p2a: Timothy Q.|Earthquake|p1a: Rotom-Wash
|-immune|p1a: Rotom-Wash|[msg]
|
|-heal|p1a: Rotom-Wash|285/304|[from] item: Leftovers
|turn|8
|
|switch|p2a: Laundry Service|Rotom-Wash, shiny|247/304
|move|p1a: Rotom-Wash|Hydro Pump|p2a: Laundry Service
|-resisted|p2a: Laundry Service
|-damage|p2a: Laundry Service|176/304
|
|-heal|p1a: Rotom-Wash|304/304|[from] item: Leftovers
|turn|9
|
|move|p2a: Laundry Service|Volt Switch|p1a: Rotom-Wash
|-damage|p1a: Rotom-Wash|219/304
|
|switch|p2a: Berrry|Jirachi|314/404
|move|p1a: Rotom-Wash|Thunder Wave|p2a: Berrry
|-status|p2a: Berrry|par
|
|-heal|p1a: Rotom-Wash|238/304|[from] item: Leftovers
|-heal|p2a: Berrry|339/404 par|[from] item: Leftovers
|turn|10
|
|move|p1a: Rotom-Wash|Pain Split|p2a: Berrry
|-sethp|p2a: Berrry|288/404 par|p1a: Rotom-Wash|288/304|[from] move: Pain Split
|move|p2a: Berrry|Wish|p2a: Berrry
|
|-heal|p1a: Rotom-Wash|304/304|[from] item: Leftovers
|-heal|p2a: Berrry|313/404 par|[from] item: Leftovers
|turn|11
|
|move|p1a: Rotom-Wash|Hydro Pump|p2a: Berrry
|-damage|p2a: Berrry|199/404 par
|move|p2a: Berrry|Thunder|p1a: Rotom-Wash
|-damage|p1a: Rotom-Wash|226/304
|
|-heal|p2a: Berrry|401/404 par|[from] move: Wish|[wisher] Berrry
|-heal|p1a: Rotom-Wash|245/304|[from] item: Leftovers
|-heal|p2a: Berrry|404/404 par|[from] item: Leftovers
|turn|12
|
|move|p1a: Rotom-Wash|Hydro Pump|p2a: Berrry
|-damage|p2a: Berrry|295/404 par
|cant|p2a: Berrry|par
|
|-heal|p1a: Rotom-Wash|264/304|[from] item: Leftovers
|-heal|p2a: Berrry|320/404 par|[from] item: Leftovers
|turn|13
|
|move|p1a: Rotom-Wash|Volt Switch|p2a: Berrry
|-damage|p2a: Berrry|262/404 par
|
|switch|p1a: Scizor|Scizor, M|344/344
|-damage|p1a: Scizor|301/344|[from] Stealth Rock
|move|p2a: Berrry|Wish|p2a: Berrry
|
|-heal|p2a: Berrry|287/404 par|[from] item: Leftovers
|turn|14
|
|move|p1a: Scizor|U-turn|p2a: Berrry
|-damage|p2a: Berrry|98/404 par
|
|switch|p1a: Lucario|Lucario, F|282/282
|-damage|p1a: Lucario|274/282|[from] Stealth Rock
|cant|p2a: Berrry|par
|
|-heal|p2a: Berrry|300/404 par|[from] move: Wish|[wisher] Berrry
|-heal|p2a: Berrry|325/404 par|[from] item: Leftovers
|turn|15
|
|switch|p2a: Khan|Landorus-Therian, M|319/319
|-ability|p2a: Khan|Intimidate|[of] p1a: Lucario
|-unboost|p1a: Lucario|atk|1
|move|p1a: Lucario|Swords Dance|p1a: Lucario
|-boost|p1a: Lucario|atk|2
|
|turn|16
|
|move|p1a: Lucario|Extreme Speed|p2a: Khan
|-damage|p2a: Khan|106/319
|-damage|p1a: Lucario|246/282|[from] item: Life Orb
|move|p2a: Khan|U-turn|p1a: Lucario
|-resisted|p1a: Lucario
|-damage|p1a: Lucario|216/282
|
|switch|p2a: Unchained|Gengar, M|262/262
|
|turn|17
|
|move|p2a: Unchained|Shadow Ball|p1a: Lucario
|-resisted|p1a: Lucario
|-damage|p1a: Lucario|125/282
|-unboost|p1a: Lucario|spd|1
|move|p1a: Lucario|Crunch|p2a: Unchained
|-supereffective|p2a: Unchained
|-enditem|p2a: Unchained|Focus Sash
|-damage|p2a: Unchained|1/262
|-damage|p1a: Lucario|97/282|[from] item: Life Orb
|
|turn|18
|
|switch|p1a: Umbreon|Umbreon, F|394/394
|-damage|p1a: Umbreon|345/394|[from] Stealth Rock
|move|p2a: Unchained|Thunderbolt|p1a: Umbreon
|-damage|p1a: Umbreon|279/394
|
|-heal|p1a: Umbreon|303/394|[from] item: Leftovers
|turn|19
|
|switch|p2a: Berrry|Jirachi|325/404 par
|move|p1a: Umbreon|Wish|p1a: Umbreon
|
|-heal|p1a: Umbreon|327/394|[from] item: Leftovers
|-heal|p2a: Berrry|350/404 par|[from] item: Leftovers
|turn|20
|
|move|p1a: Umbreon|Foul Play|p2a: Berrry
|-damage|p2a: Berrry|230/404 par
|move|p2a: Berrry|Wish|p2a: Berrry
|
|-heal|p1a: Umbreon|394/394|[from] move: Wish|[wisher] Umbreon
|-heal|p2a: Berrry|255/404 par|[from] item: Leftovers
|turn|21
|
|move|p1a: Umbreon|Foul Play|p2a: Berrry
|-damage|p2a: Berrry|141/404 par
|cant|p2a: Berrry|par
|
|-heal|p2a: Berrry|343/404 par|[from] move: Wish|[wisher] Berrry
|-heal|p2a: Berrry|368/404 par|[from] item: Leftovers
|turn|22
|
|move|p1a: Umbreon|Foul Play|p2a: Berrry
|-damage|p2a: Berrry|248/404 par
|move|p2a: Berrry|Wish|p2a: Berrry
|
|-heal|p2a: Berrry|273/404 par|[from] item: Leftovers
|turn|23
|
|move|p1a: Umbreon|Foul Play|p2a: Berrry
|-damage|p2a: Berrry|164/404 par
|move|p2a: Berrry|Thunder|p1a: Umbreon|[miss]
|-miss|p2a: Berrry|p1a: Umbreon
|
|-heal|p2a: Berrry|366/404 par|[from] move: Wish|[wisher] Berrry
|-heal|p2a: Berrry|391/404 par|[from] item: Leftovers
|turn|24
|
|move|p1a: Umbreon|Foul Play|p2a: Berrry
|-damage|p2a: Berrry|280/404 par
|move|p2a: Berrry|Wish|p2a: Berrry
|
|-heal|p2a: Berrry|305/404 par|[from] item: Leftovers
|turn|25
|
|move|p1a: Umbreon|Foul Play|p2a: Berrry
|-damage|p2a: Berrry|184/404 par
|move|p2a: Berrry|U-turn|p1a: Umbreon
|-supereffective|p1a: Umbreon
|-damage|p1a: Umbreon|294/394
|
|switch|p2a: Khan|Landorus-Therian, M|106/319
|-ability|p2a: Khan|Intimidate|[of] p1a: Umbreon
|-unboost|p1a: Umbreon|atk|1
|
|-heal|p2a: Khan|308/319|[from] move: Wish|[wisher] Berrry
|-heal|p1a: Umbreon|318/394|[from] item: Leftovers
|turn|26
|
|move|p1a: Umbreon|Protect|p1a: Umbreon
|-singleturn|p1a: Umbreon|Protect
|move|p2a: Khan|U-turn|p1a: Umbreon
|-activate|p1a: Umbreon|Protect
|
|-heal|p1a: Umbreon|342/394|[from] item: Leftovers
|turn|27
|
|switch|p1a: Scizor|Scizor, M|301/344
|-damage|p1a: Scizor|258/344|[from] Stealth Rock
|move|p2a: Khan|U-turn|p1a: Scizor
|-resisted|p1a: Scizor
|-damage|p1a: Scizor|209/344
|
|switch|p2a: Berrry|Jirachi|261/261
|
|turn|28
|
|move|p2a: Berrry|Trick|p1a: Scizor
|-activate|p2a: Berrry|move: Trick|[of] p1a: Scizor
|-item|p1a: Scizor|Choice Scarf|[from] move: Trick
|-item|p2a: Berrry|Choice Band|[from] move: Trick
|move|p1a: Scizor|Superpower|p2a: Berrry
|-supereffective|p2a: Berrry
|replace|p2a: Blues|Zoroark, M, shiny|261/261
|-damage|p2a: Blues|0 fnt
|-unboost|p1a: Scizor|atk|1
|-unboost|p1a: Scizor|def|1
|faint|p2a: Blues
|
|
|switch|p2a: Laundry Service|Rotom-Wash, shiny|176/304
|turn|29
|
|switch|p1a: Rotom-Wash|Rotom-Wash|264/304
|-damage|p1a: Rotom-Wash|226/304|[from] Stealth Rock
|move|p2a: Laundry Service|Hydro Pump|p1a: Rotom-Wash|[miss]
|-miss|p2a: Laundry Service|p1a: Rotom-Wash
|
|-heal|p1a: Rotom-Wash|245/304|[from] item: Leftovers
|turn|30
|
|move|p2a: Laundry Service|Will-O-Wisp|p1a: Rotom-Wash
|-status|p1a: Rotom-Wash|brn
|move|p1a: Rotom-Wash|Thunder Wave|p2a: Laundry Service
|-status|p2a: Laundry Service|par
|
|-heal|p1a: Rotom-Wash|264/304 brn|[from] item: Leftovers
|-damage|p1a: Rotom-Wash|226/304 brn|[from] brn
|turn|31
|
|move|p1a: Rotom-Wash|Hydro Pump|p2a: Laundry Service
|-resisted|p2a: Laundry Service
|-damage|p2a: Laundry Service|102/304 par
|move|p2a: Laundry Service|Volt Switch|p1a: Rotom-Wash
|-crit|p1a: Rotom-Wash
|-damage|p1a: Rotom-Wash|46/304 brn
|
|switch|p2a: Khan|Landorus-Therian, M|308/319
|-ability|p2a: Khan|Intimidate|[of] p1a: Rotom-Wash
|-unboost|p1a: Rotom-Wash|atk|1
|
|-heal|p1a: Rotom-Wash|65/304 brn|[from] item: Leftovers
|-damage|p1a: Rotom-Wash|27/304 brn|[from] brn
|turn|32
|
|move|p2a: Khan|U-turn|p1a: Rotom-Wash
|-damage|p1a: Rotom-Wash|0 fnt
|faint|p1a: Rotom-Wash
|
|switch|p2a: Timothy Q.|Donphan, M|384/384
|
|
|switch|p1a: Alakazam|Alakazam, M|252/252
|turn|33
|
|move|p1a: Alakazam|Hidden Power|p2a: Timothy Q.
|-supereffective|p2a: Timothy Q.
|-damage|p2a: Timothy Q.|188/384
|move|p2a: Timothy Q.|Earthquake|p1a: Alakazam
|-damage|p1a: Alakazam|12/252
|
|-heal|p2a: Timothy Q.|212/384|[from] item: Leftovers
|turn|34
|
|switch|p1a: Scizor|Scizor, M|209/344
|-damage|p1a: Scizor|166/344|[from] Stealth Rock
|move|p2a: Timothy Q.|Ice Shard|p1a: Scizor
|-resisted|p1a: Scizor
|-damage|p1a: Scizor|147/344
|
|-heal|p2a: Timothy Q.|236/384|[from] item: Leftovers
|turn|35
|
|switch|p2a: Khan|Landorus-Therian, M|308/319
|-ability|p2a: Khan|Intimidate|[of] p1a: Scizor
|-unboost|p1a: Scizor|atk|1
|move|p1a: Scizor|Bullet Punch|p2a: Khan
|-damage|p2a: Khan|229/319
|
|turn|36
|
|move|p1a: Scizor|Bullet Punch|p2a: Khan
|-damage|p2a: Khan|144/319
|move|p2a: Khan|Stone Edge|p1a: Scizor|[miss]
|-miss|p2a: Khan|p1a: Scizor
|
|turn|37
|
|switch|p2a: Berrry|Jirachi|184/404 par
|move|p1a: Scizor|Bullet Punch|p2a: Berrry
|-resisted|p2a: Berrry
|-damage|p2a: Berrry|142/404 par
|
|-heal|p2a: Berrry|167/404 par|[from] item: Leftovers
|turn|38
|
|switch|p1a: Lucario|Lucario, F|97/282
|-damage|p1a: Lucario|89/282|[from] Stealth Rock
|move|p2a: Berrry|Wish|p2a: Berrry
|
|-heal|p2a: Berrry|192/404 par|[from] item: Leftovers
|turn|39
|
|switch|p2a: Khan|Landorus-Therian, M|144/319
|-ability|p2a: Khan|Intimidate|[of] p1a: Lucario
|-unboost|p1a: Lucario|atk|1
|move|p1a: Lucario|Close Combat|p2a: Khan
|-resisted|p2a: Khan
|-damage|p2a: Khan|44/319
|-unboost|p1a: Lucario|def|1
|-unboost|p1a: Lucario|spd|1
|-damage|p1a: Lucario|61/282|[from] item: Life Orb
|
|-heal|p2a: Khan|246/319|[from] move: Wish|[wisher] Berrry
|turn|40
|
|move|p1a: Lucario|Extreme Speed|p2a: Khan
|-damage|p2a: Khan|158/319
|-damage|p1a: Lucario|33/282|[from] item: Life Orb
|move|p2a: Khan|U-turn|p1a: Lucario
|-resisted|p1a: Lucario
|-damage|p1a: Lucario|0 fnt
|faint|p1a: Lucario
|
|switch|p2a: Timothy Q.|Donphan, M|236/384
|
|-heal|p2a: Timothy Q.|260/384|[from] item: Leftovers
|
|switch|p1a: Umbreon|Umbreon, F|342/394
|-damage|p1a: Umbreon|293/394|[from] Stealth Rock
|turn|41
|
|switch|p2a: Laundry Service|Rotom-Wash, shiny|102/304 par
|move|p1a: Umbreon|Foul Play|p2a: Laundry Service
|-damage|p2a: Laundry Service|38/304 par
|
|-heal|p1a: Umbreon|317/394|[from] item: Leftovers
|turn|42
|
|move|p1a: Umbreon|Foul Play|p2a: Laundry Service
|-damage|p2a: Laundry Service|0 fnt
|faint|p2a: Laundry Service
|
|-heal|p1a: Umbreon|341/394|[from] item: Leftovers
|
|switch|p2a: Berrry|Jirachi|192/404 par
|turn|43
|
|move|p1a: Umbreon|Wish|p1a: Umbreon
|move|p2a: Berrry|Wish|p2a: Berrry
|
|-heal|p1a: Umbreon|365/394|[from] item: Leftovers
|-heal|p2a: Berrry|217/404 par|[from] item: Leftovers
|turn|44
|
|switch|p1a: Scizor|Scizor, M|147/344
|-damage|p1a: Scizor|104/344|[from] Stealth Rock
|move|p2a: Berrry|U-turn|p1a: Scizor
|-resisted|p1a: Scizor
|-damage|p1a: Scizor|74/344
|
|switch|p2a: Khan|Landorus-Therian, M|158/319
|-ability|p2a: Khan|Intimidate|[of] p1a: Scizor
|-unboost|p1a: Scizor|atk|1
|
|-heal|p1a: Scizor|271/344|[from] move: Wish|[wisher] Umbreon
|-heal|p2a: Khan|319/319|[from] move: Wish|[wisher] Berrry
|turn|45
|
|move|p2a: Khan|Earthquake|p1a: Scizor
|-damage|p1a: Scizor|63/344
|move|p1a: Scizor|Pursuit|p2a: Khan
|-damage|p2a: Khan|256/319
|
|turn|46
|
|move|p1a: Scizor|Pursuit|p2a: Khan|[from]Pursuit
|-damage|p2a: Khan|175/319
|switch|p2a: Berrry|Jirachi|217/404 par
|
|-heal|p2a: Berrry|242/404 par|[from] item: Leftovers
|turn|47
|
|switch|p1a: Umbreon|Umbreon, F|365/394
|-damage|p1a: Umbreon|316/394|[from] Stealth Rock
|move|p2a: Berrry|Wish|p2a: Berrry
|
|-heal|p1a: Umbreon|340/394|[from] item: Leftovers
|-heal|p2a: Berrry|267/404 par|[from] item: Leftovers
|turn|48
|
|move|p1a: Umbreon|Foul Play|p2a: Berrry
|-damage|p2a: Berrry|159/404 par
|move|p2a: Berrry|Thunder|p1a: Umbreon|[miss]
|-miss|p2a: Berrry|p1a: Umbreon
|
|-heal|p2a: Berrry|361/404 par|[from] move: Wish|[wisher] Berrry
|-heal|p1a: Umbreon|364/394|[from] item: Leftovers
|-heal|p2a: Berrry|386/404 par|[from] item: Leftovers
|turn|49
|
|move|p1a: Umbreon|Wish|p1a: Umbreon
|move|p2a: Berrry|Wish|p2a: Berrry
|
|-heal|p1a: Umbreon|388/394|[from] item: Leftovers
|-heal|p2a: Berrry|404/404 par|[from] item: Leftovers
|turn|50
|
|move|p1a: Umbreon|Foul Play|p2a: Berrry
|-damage|p2a: Berrry|302/404 par
|move|p2a: Berrry|U-turn|p1a: Umbreon
|-supereffective|p1a: Umbreon
|-damage|p1a: Umbreon|286/394
|
|switch|p2a: Unchained|Gengar, M|1/262
|
|-heal|p2a: Unchained|203/262|[from] move: Wish|[wisher] Berrry
|-heal|p1a: Umbreon|394/394|[from] move: Wish|[wisher] Umbreon
|turn|51
|
|switch|p2a: Berrry|Jirachi|302/404 par
|move|p1a: Umbreon|Foul Play|p2a: Berrry
|-damage|p2a: Berrry|197/404 par
|
|-heal|p2a: Berrry|222/404 par|[from] item: Leftovers
|turn|52
|
|move|p1a: Umbreon|Wish|p1a: Umbreon
|move|p2a: Berrry|Wish|p2a: Berrry
|
|-heal|p2a: Berrry|247/404 par|[from] item: Leftovers
|turn|53
|
|switch|p1a: Alakazam|Alakazam, M|12/252
|move|p2a: Berrry|Thunder|p1a: Alakazam|[miss]
|-miss|p2a: Berrry|p1a: Alakazam
|
|-heal|p2a: Berrry|404/404 par|[from] move: Wish|[wisher] Berrry
|-heal|p1a: Alakazam|209/252|[from] move: Wish|[wisher] Umbreon
|turn|54
|
|switch|p1a: Umbreon|Umbreon, F|394/394
|-damage|p1a: Umbreon|345/394|[from] Stealth Rock
|move|p2a: Berrry|Thunder|p1a: Umbreon
|-damage|p1a: Umbreon|291/394
|-status|p1a: Umbreon|par
|
|-heal|p1a: Umbreon|315/394 par|[from] item: Leftovers
|turn|55
|
|cant|p2a: Berrry|par
|cant|p1a: Umbreon|par
|
|-heal|p1a: Umbreon|339/394 par|[from] item: Leftovers
|turn|56
|
|move|p2a: Berrry|Wish|p2a: Berrry
|move|p1a: Umbreon|Heal Bell|p1a: Umbreon
|-cureteam|p1a: Umbreon|[from] move: HealBell
|
|-heal|p1a: Umbreon|363/394|[from] item: Leftovers
|turn|57
|
|move|p1a: Umbreon|Foul Play|p2a: Berrry
|-damage|p2a: Berrry|295/404 par
|move|p2a: Berrry|U-turn|p1a: Umbreon
|-supereffective|p1a: Umbreon
|-damage|p1a: Umbreon|259/394
|
|switch|p2a: Khan|Landorus-Therian, M|175/319
|-ability|p2a: Khan|Intimidate|[of] p1a: Umbreon
|-unboost|p1a: Umbreon|atk|1
|
|-heal|p2a: Khan|319/319|[from] move: Wish|[wisher] Berrry
|-heal|p1a: Umbreon|283/394|[from] item: Leftovers
|turn|58
|
|move|p1a: Umbreon|Protect|p1a: Umbreon
|-singleturn|p1a: Umbreon|Protect
|move|p2a: Khan|U-turn|p1a: Umbreon
|-activate|p1a: Umbreon|Protect
|
|-heal|p1a: Umbreon|307/394|[from] item: Leftovers
|turn|59
|
|move|p2a: Khan|U-turn|p1a: Umbreon
|-supereffective|p1a: Umbreon
|-damage|p1a: Umbreon|131/394
|
|switch|p2a: Berrry|Jirachi|295/404 par
|move|p1a: Umbreon|Wish|p1a: Umbreon
|
|-heal|p1a: Umbreon|155/394|[from] item: Leftovers
|-heal|p2a: Berrry|320/404 par|[from] item: Leftovers
|turn|60
|
|move|p1a: Umbreon|Foul Play|p2a: Berrry
|-damage|p2a: Berrry|211/404 par
|move|p2a: Berrry|U-turn|p1a: Umbreon
|-supereffective|p1a: Umbreon
|-damage|p1a: Umbreon|45/394
|
|switch|p2a: Khan|Landorus-Therian, M|319/319
|-ability|p2a: Khan|Intimidate|[of] p1a: Umbreon
|-unboost|p1a: Umbreon|atk|1
|
|-heal|p1a: Umbreon|242/394|[from] move: Wish|[wisher] Umbreon
|-heal|p1a: Umbreon|266/394|[from] item: Leftovers
|turn|61
|
|move|p1a: Umbreon|Protect|p1a: Umbreon
|-singleturn|p1a: Umbreon|Protect
|move|p2a: Khan|U-turn|p1a: Umbreon
|-activate|p1a: Umbreon|Protect
|
|-heal|p1a: Umbreon|290/394|[from] item: Leftovers
|turn|62
|
|move|p2a: Khan|U-turn|p1a: Umbreon
|-supereffective|p1a: Umbreon
|-damage|p1a: Umbreon|100/394
|
|switch|p2a: Timothy Q.|Donphan, M|260/384
|move|p1a: Umbreon|Wish|p1a: Umbreon
|
|-heal|p2a: Timothy Q.|284/384|[from] item: Leftovers
|-heal|p1a: Umbreon|124/394|[from] item: Leftovers
|turn|63
|
|move|p1a: Umbreon|Protect|p1a: Umbreon
|-singleturn|p1a: Umbreon|Protect
|move|p2a: Timothy Q.|Earthquake|p1a: Umbreon
|-activate|p1a: Umbreon|Protect
|
|-heal|p1a: Umbreon|321/394|[from] move: Wish|[wisher] Umbreon
|-heal|p2a: Timothy Q.|308/384|[from] item: Leftovers
|-heal|p1a: Umbreon|345/394|[from] item: Leftovers
|turn|64
|
|move|p2a: Timothy Q.|Earthquake|p1a: Umbreon
|-damage|p1a: Umbreon|212/394
|move|p1a: Umbreon|Wish|p1a: Umbreon
|
|-heal|p2a: Timothy Q.|332/384|[from] item: Leftovers
|-heal|p1a: Umbreon|236/394|[from] item: Leftovers
|turn|65
|
|move|p1a: Umbreon|Protect|p1a: Umbreon
|-singleturn|p1a: Umbreon|Protect
|move|p2a: Timothy Q.|Earthquake|p1a: Umbreon
|-activate|p1a: Umbreon|Protect
|
|-heal|p1a: Umbreon|394/394|[from] move: Wish|[wisher] Umbreon
|-heal|p2a: Timothy Q.|356/384|[from] item: Leftovers
|turn|66
|
|move|p2a: Timothy Q.|Earthquake|p1a: Umbreon
|-damage|p1a: Umbreon|267/394
|move|p1a: Umbreon|Wish|p1a: Umbreon
|
|-heal|p2a: Timothy Q.|380/384|[from] item: Leftovers
|-heal|p1a: Umbreon|291/394|[from] item: Leftovers
|turn|67
|
|switch|p1a: Scizor|Scizor, M|63/344
|-damage|p1a: Scizor|20/344|[from] Stealth Rock
|move|p2a: Timothy Q.|Earthquake|p1a: Scizor
|-damage|p1a: Scizor|0 fnt
|faint|p1a: Scizor
|
|-heal|p2a: Timothy Q.|384/384|[from] item: Leftovers
|
|switch|p1a: Alakazam|Alakazam, M|209/252
|turn|68
|
|move|p1a: Alakazam|Hidden Power|p2a: Timothy Q.
|-supereffective|p2a: Timothy Q.
|-damage|p2a: Timothy Q.|204/384
|move|p2a: Timothy Q.|Earthquake|p1a: Alakazam
|-damage|p1a: Alakazam|0 fnt
|faint|p1a: Alakazam
|
|-heal|p2a: Timothy Q.|228/384|[from] item: Leftovers
|
|switch|p1a: Latios|Latios, M|301/301
|-damage|p1a: Latios|264/301|[from] Stealth Rock
|turn|69
|
|switch|p2a: Berrry|Jirachi|211/404 par
|move|p1a: Latios|Surf|p2a: Berrry
|-damage|p2a: Berrry|133/404 par
|
|-heal|p2a: Berrry|158/404 par|[from] item: Leftovers
|turn|70
|
|move|p1a: Latios|Surf|p2a: Berrry
|-damage|p2a: Berrry|77/404 par
|move|p2a: Berrry|Wish|p2a: Berrry
|
|-heal|p2a: Berrry|102/404 par|[from] item: Leftovers
|turn|71
|
|move|p1a: Latios|Surf|p2a: Berrry
|-damage|p2a: Berrry|24/404 par
|move|p2a: Berrry|Thunder|p1a: Latios
|-resisted|p1a: Latios
|-damage|p1a: Latios|222/301
|-status|p1a: Latios|par
|
|-heal|p2a: Berrry|226/404 par|[from] move: Wish|[wisher] Berrry
|-heal|p2a: Berrry|251/404 par|[from] item: Leftovers
|turn|72
|
|move|p1a: Latios|Surf|p2a: Berrry
|-damage|p2a: Berrry|166/404 par
|cant|p2a: Berrry|par
|
|-heal|p2a: Berrry|191/404 par|[from] item: Leftovers
|turn|73
|
|move|p1a: Latios|Surf|p2a: Berrry
|-damage|p2a: Berrry|104/404 par
|cant|p2a: Berrry|par
|
|-heal|p2a: Berrry|129/404 par|[from] item: Leftovers
|turn|74
|
|cant|p1a: Latios|par
|move|p2a: Berrry|Wish|p2a: Berrry
|
|-heal|p2a: Berrry|154/404 par|[from] item: Leftovers
|turn|75
|
|switch|p1a: Umbreon|Umbreon, F|291/394
|-damage|p1a: Umbreon|242/394|[from] Stealth Rock
|move|p2a: Berrry|Iron Head|p1a: Umbreon
|-damage|p1a: Umbreon|160/394
|
|-heal|p2a: Berrry|356/404 par|[from] move: Wish|[wisher] Berrry
|-heal|p1a: Umbreon|184/394|[from] item: Leftovers
|-heal|p2a: Berrry|381/404 par|[from] item: Leftovers
|turn|76
|
|move|p1a: Umbreon|Heal Bell|p1a: Umbreon
|-cureteam|p1a: Umbreon|[from] move: HealBell
|move|p2a: Berrry|Wish|p2a: Berrry
|
|-heal|p1a: Umbreon|208/394|[from] item: Leftovers
|-heal|p2a: Berrry|404/404 par|[from] item: Leftovers
|turn|77
|
|move|p1a: Umbreon|Wish|p1a: Umbreon
|move|p2a: Berrry|U-turn|p1a: Umbreon
|-supereffective|p1a: Umbreon
|-damage|p1a: Umbreon|104/394
|
|switch|p2a: Timothy Q.|Donphan, M|228/384
|
|-heal|p2a: Timothy Q.|384/384|[from] move: Wish|[wisher] Berrry
|-heal|p1a: Umbreon|128/394|[from] item: Leftovers
|turn|78
|
|move|p1a: Umbreon|Protect|p1a: Umbreon
|-singleturn|p1a: Umbreon|Protect
|move|p2a: Timothy Q.|Earthquake|p1a: Umbreon
|-activate|p1a: Umbreon|Protect
|
|-heal|p1a: Umbreon|325/394|[from] move: Wish|[wisher] Umbreon
|-heal|p1a: Umbreon|349/394|[from] item: Leftovers
|turn|79
|
|switch|p2a: Khan|Landorus-Therian, M|319/319
|-ability|p2a: Khan|Intimidate|[of] p1a: Umbreon
|-unboost|p1a: Umbreon|atk|1
|move|p1a: Umbreon|Wish|p1a: Umbreon
|
|-heal|p1a: Umbreon|373/394|[from] item: Leftovers
|turn|80
|
|move|p2a: Khan|U-turn|p1a: Umbreon
|-supereffective|p1a: Umbreon
|-damage|p1a: Umbreon|181/394
|
|switch|p2a: Berrry|Jirachi|404/404 par
|move|p1a: Umbreon|Foul Play|p2a: Berrry
|-damage|p2a: Berrry|298/404 par
|
|-heal|p1a: Umbreon|378/394|[from] move: Wish|[wisher] Umbreon
|-heal|p1a: Umbreon|394/394|[from] item: Leftovers
|-heal|p2a: Berrry|323/404 par|[from] item: Leftovers
|turn|81
|
|move|p1a: Umbreon|Wish|p1a: Umbreon
|move|p2a: Berrry|U-turn|p1a: Umbreon
|-supereffective|p1a: Umbreon
|-damage|p1a: Umbreon|286/394
|
|switch|p2a: Khan|Landorus-Therian, M|319/319
|-ability|p2a: Khan|Intimidate|[of] p1a: Umbreon
|-unboost|p1a: Umbreon|atk|1
|
|-heal|p1a: Umbreon|310/394|[from] item: Leftovers
|turn|82
|
|move|p1a: Umbreon|Protect|p1a: Umbreon
|-singleturn|p1a: Umbreon|Protect
|move|p2a: Khan|U-turn|p1a: Umbreon
|-activate|p1a: Umbreon|Protect
|
|-heal|p1a: Umbreon|394/394|[from] move: Wish|[wisher] Umbreon
|turn|83
|
|move|p2a: Khan|U-turn|p1a: Umbreon
|-supereffective|p1a: Umbreon
|-damage|p1a: Umbreon|222/394
|
|switch|p2a: Berrry|Jirachi|323/404 par
|move|p1a: Umbreon|Wish|p1a: Umbreon
|
|-heal|p1a: Umbreon|246/394|[from] item: Leftovers
|-heal|p2a: Berrry|348/404 par|[from] item: Leftovers
|turn|84
|
|switch|p1a: Latios|Latios, M|222/301
|-damage|p1a: Latios|185/301|[from] Stealth Rock
|move|p2a: Berrry|U-turn|p1a: Latios
|-supereffective|p1a: Latios
|-damage|p1a: Latios|53/301
|
|switch|p2a: Khan|Landorus-Therian, M|319/319
|-ability|p2a: Khan|Intimidate|[of] p1a: Latios
|-unboost|p1a: Latios|atk|1
|
|-heal|p1a: Latios|250/301|[from] move: Wish|[wisher] Umbreon
|turn|85
|
|switch|p2a: Berrry|Jirachi|348/404 par
|move|p1a: Latios|Surf|p2a: Berrry
|-damage|p2a: Berrry|272/404 par
|
|-heal|p2a: Berrry|297/404 par|[from] item: Leftovers
|turn|86
|
|move|p1a: Latios|Surf|p2a: Berrry
|-damage|p2a: Berrry|213/404 par
|move|p2a: Berrry|U-turn|p1a: Latios
|-supereffective|p1a: Latios
|-damage|p1a: Latios|122/301
|
|switch|p2a: Timothy Q.|Donphan, M|384/384
|
|turn|87
|
|move|p2a: Timothy Q.|Ice Shard|p1a: Latios
|-supereffective|p1a: Latios
|-damage|p1a: Latios|24/301
|move|p1a: Latios|Surf|p2a: Timothy Q.
|-supereffective|p2a: Timothy Q.
|-damage|p2a: Timothy Q.|136/384
|
|-heal|p2a: Timothy Q.|160/384|[from] item: Leftovers
|turn|88
|
|switch|p1a: Umbreon|Umbreon, F|246/394
|-damage|p1a: Umbreon|197/394|[from] Stealth Rock
|move|p2a: Timothy Q.|Ice Shard|p1a: Umbreon
|-damage|p1a: Umbreon|163/394
|
|-heal|p2a: Timothy Q.|184/384|[from] item: Leftovers
|-heal|p1a: Umbreon|187/394|[from] item: Leftovers
|turn|89
|
|move|p2a: Timothy Q.|Earthquake|p1a: Umbreon
|-damage|p1a: Umbreon|61/394
|move|p1a: Umbreon|Wish|p1a: Umbreon
|
|-heal|p2a: Timothy Q.|208/384|[from] item: Leftovers
|-heal|p1a: Umbreon|85/394|[from] item: Leftovers
|turn|90
|
|move|p1a: Umbreon|Protect|p1a: Umbreon
|-singleturn|p1a: Umbreon|Protect
|move|p2a: Timothy Q.|Earthquake|p1a: Umbreon
|-activate|p1a: Umbreon|Protect
|
|-heal|p1a: Umbreon|282/394|[from] move: Wish|[wisher] Umbreon
|-heal|p2a: Timothy Q.|232/384|[from] item: Leftovers
|-heal|p1a: Umbreon|306/394|[from] item: Leftovers
|turn|91
|
|move|p2a: Timothy Q.|Earthquake|p1a: Umbreon
|-damage|p1a: Umbreon|173/394
|move|p1a: Umbreon|Wish|p1a: Umbreon
|
|-heal|p2a: Timothy Q.|256/384|[from] item: Leftovers
|-heal|p1a: Umbreon|197/394|[from] item: Leftovers
|turn|92
|
|switch|p1a: Latios|Latios, M|24/301
|-damage|p1a: Latios|0 fnt|[from] Stealth Rock
|faint|p1a: Latios
|move|p2a: Timothy Q.|Earthquake|p1: Latios|[notarget]
|-notarget
|
|-heal|p2a: Timothy Q.|280/384|[from] item: Leftovers
|
|switch|p1a: Umbreon|Umbreon, F|197/394
|-damage|p1a: Umbreon|148/394|[from] Stealth Rock
|turn|93
|
|move|p2a: Timothy Q.|Earthquake|p1a: Umbreon
|-damage|p1a: Umbreon|19/394
|move|p1a: Umbreon|Foul Play|p2a: Timothy Q.
|-damage|p2a: Timothy Q.|180/384
|
|-heal|p2a: Timothy Q.|204/384|[from] item: Leftovers
|-heal|p1a: Umbreon|43/394|[from] item: Leftovers
|turn|94
|
|move|p2a: Timothy Q.|Earthquake|p1a: Umbreon
|-damage|p1a: Umbreon|0 fnt
|faint|p1a: Umbreon
|
|win|Sir Ryan House
|raw|Ladder updating...
|raw|usa #1's rating: 1310 &rarr; <strong>1292</strong><br />(-18 for losing)
|raw|Sir Ryan House's rating: 1354 &rarr; <strong>1372</strong><br />(+18 for winning)
|chat|Sir Ryan House|g
|chat|Sir Ryan House|gg
|leave|usa #1
|player|p1