|j|☆refsunpersons
|j|☆Spiritmonger
|player|p1|refsunpersons|169
|player|p2|Spiritmonger|170
|teamsize|p1|6
|teamsize|p2|6
|gametype|singles
|gen|5
|tier|[Gen 5] OU
|rated|
|rule|Sleep Clause Mod: Limit one foe put to sleep
|rule|Species Clause: Limit one of each Pokémon
|rule|OHKO Clause: OHKO moves are banned
|rule|Moody Clause: Moody is banned
|rule|Evasion Moves Clause: Evasion moves are banned
|rule|Endless Battle Clause: Forcing endless battles is banned
|rule|HP Percentage Mod: HP is shown in percentages
|rule|Evasion Abilities Clause: Evasion abilities are banned
|rule|Baton Pass Clause: Limit one Baton Passer, can't pass Spe and other stats simultaneously
|rule|Swagger Clause: Swagger is banned
|clearpoke
|poke|p1|Breloom, F|item
|poke|p1|Skarmory, M|item
|poke|p1|Tyranitar, F|item
|poke|p1|Jellicent, M|item
|poke|p1|Salamence, F|item
|poke|p1|Excadrill, M|item
|poke|p2|Politoed, F|item
|poke|p2|Jirachi|item
|poke|p2|Landorus-Therian, M|item
|poke|p2|Thundurus-Therian, M|item
|poke|p2|Ferrothorn, F|item
|poke|p2|Keldeo|item
|teampreview
|c|☆refsunpersons|gl hf
|
|start
|switch|p1a: Tyranitar|Tyranitar, F|100/100
|switch|p2a: 牛蛙君|Politoed, F|100/100
|-weather|RainDance|[from] ability: Drizzle|[of] p2a: 牛蛙君
|-weather|Sandstorm|[from] ability: Sand Stream|[of] p1a: Tyranitar
|turn|1
|inactive|Battle timer is ON: inactive players will automatically lose when time's up. (requested by Spiritmonger)
|
|switch|p2a: 坚果哑铃|Ferrothorn, F|100/100
|move|p1a: Tyranitar|Stealth Rock|p2a: 坚果哑铃
|-sidestart|p2: Spiritmonger|move: Stealth Rock
|
|-weather|Sandstorm|[upkeep]
|upkeep
|turn|2
|
|switch|p2a: 牛蛙君|Politoed, F|100/100
|-damage|p2a: 牛蛙君|88/100|[from] Stealth Rock
|-weather|RainDance|[from] ability: Drizzle|[of] p2a: 牛蛙君
|move|p1a: Tyranitar|Fire Blast|p2a: 牛蛙君|[miss]
|-miss|p1a: Tyranitar|p2a: 牛蛙君
|
|-weather|RainDance|[upkeep]
|upkeep
|turn|3
|
|switch|p2a: Thundurus|Thundurus-Therian, M|100/100
|-damage|p2a: Thundurus|76/100|[from] Stealth Rock
|switch|p1a: Jellicent|Jellicent, M|100/100
|
|-weather|RainDance|[upkeep]
|-heal|p2a: Thundurus|82/100|[from] item: Leftovers
|upkeep
|turn|4
|
|switch|p1a: Tyranitar|Tyranitar, F|100/100
|-weather|Sandstorm|[from] ability: Sand Stream|[of] p1a: Tyranitar
|move|p2a: Thundurus|Thunderbolt|p1a: Tyranitar
|-damage|p1a: Tyranitar|78/100
|
|-weather|Sandstorm|[upkeep]
|-damage|p2a: Thundurus|76/100|[from] Sandstorm
|-heal|p2a: Thundurus|82/100|[from] item: Leftovers
|upkeep
|turn|5
|
|move|p2a: Thundurus|Focus Blast|p1a: Tyranitar
|-supereffective|p1a: Tyranitar
|-enditem|p1a: Tyranitar|Chople Berry|[eat]
|-enditem|p1a: Tyranitar|Chople Berry|[weaken]
|-damage|p1a: Tyranitar|42/100
|move|p1a: Tyranitar|Crunch|p2a: Thundurus
|-damage|p2a: Thundurus|24/100
|
|-weather|Sandstorm|[upkeep]
|-damage|p2a: Thundurus|18/100|[from] Sandstorm
|-heal|p2a: Thundurus|24/100|[from] item: Leftovers
|upkeep
|turn|6
|inactive|refsunpersons has 120 seconds left.
|c|☆refsunpersons|I really should have rock slide on this thing
|
|switch|p1a: Jellicent|Jellicent, M|100/100
|move|p2a: Thundurus|Hidden Power|p1a: Jellicent
|-resisted|p1a: Jellicent
|-damage|p1a: Jellicent|89/100
|
|-weather|Sandstorm|[upkeep]
|-damage|p2a: Thundurus|18/100|[from] Sandstorm
|-damage|p1a: Jellicent|83/100|[from] Sandstorm
|-heal|p2a: Thundurus|24/100|[from] item: Leftovers
|-heal|p1a: Jellicent|89/100|[from] item: Leftovers
|upkeep
|turn|7
|
|switch|p1a: Excadrill|Excadrill, M|100/100
|move|p2a: Thundurus|Focus Blast|p1a: Excadrill
|-supereffective|p1a: Excadrill
|-damage|p1a: Excadrill|0 fnt
|faint|p1a: Excadrill
|
|-weather|Sandstorm|[upkeep]
|-damage|p2a: Thundurus|18/100|[from] Sandstorm
|-heal|p2a: Thundurus|24/100|[from] item: Leftovers
|upkeep
|
|switch|p1a: Breloom|Breloom, F|100/100
|turn|8
|c|☆refsunpersons|good one
|
|move|p2a: Thundurus|Hidden Power|p1a: Breloom
|-supereffective|p1a: Breloom
|-damage|p1a: Breloom|39/100
|move|p1a: Breloom|Drain Punch|p2a: Thundurus
|-resisted|p2a: Thundurus
|-damage|p2a: Thundurus|1/100
|-heal|p1a: Breloom|50/100|[from] drain|[of] p2a: Thundurus
|
|-weather|Sandstorm|[upkeep]
|-damage|p2a: Thundurus|0 fnt|[from] Sandstorm
|-damage|p1a: Breloom|43/100|[from] Sandstorm
|-status|p1a: Breloom|tox|[from] item: Toxic Orb
|upkeep
|faint|p2a: Thundurus
|
|switch|p2a: 牛蛙君|Politoed, F|88/100
|-damage|p2a: 牛蛙君|76/100|[from] Stealth Rock
|-weather|RainDance|[from] ability: Drizzle|[of] p2a: 牛蛙君
|turn|9
|
|switch|p2a: Keldeo|Keldeo|100/100
|-damage|p2a: Keldeo|94/100|[from] Stealth Rock
|switch|p1a: Jellicent|Jellicent, M|89/100
|
|-weather|RainDance|[upkeep]
|-heal|p2a: Keldeo|100/100|[from] item: Leftovers
|-heal|p1a: Jellicent|95/100|[from] item: Leftovers
|upkeep
|turn|10
|
|move|p2a: Keldeo|Calm Mind|p2a: Keldeo
|-boost|p2a: Keldeo|spa|1
|-boost|p2a: Keldeo|spd|1
|move|p1a: Jellicent|Will-O-Wisp|p2a: Keldeo
|-status|p2a: Keldeo|brn
|
|-weather|RainDance|[upkeep]
|-heal|p1a: Jellicent|100/100|[from] item: Leftovers
|-damage|p2a: Keldeo|88/100 brn|[from] brn
|upkeep
|turn|11
|
|move|p2a: Keldeo|Hidden Power|p1a: Jellicent
|-supereffective|p1a: Jellicent
|-damage|p1a: Jellicent|37/100
|move|p1a: Jellicent|Taunt|p2a: Keldeo
|-start|p2a: Keldeo|move: Taunt
|
|-weather|RainDance|[upkeep]
|-heal|p2a: Keldeo|94/100 brn|[from] item: Leftovers
|-heal|p1a: Jellicent|43/100|[from] item: Leftovers
|-damage|p2a: Keldeo|82/100 brn|[from] brn
|upkeep
|turn|12
|
|switch|p1a: Skarmory|Skarmory, M|100/100
|move|p2a: Keldeo|Hidden Power|p1a: Skarmory
|-supereffective|p1a: Skarmory
|-damage|p1a: Skarmory|23/100
|
|-weather|RainDance|[upkeep]
|-heal|p2a: Keldeo|88/100 brn|[from] item: Leftovers
|-damage|p2a: Keldeo|76/100 brn|[from] brn
|upkeep
|turn|13
|
|move|p2a: Keldeo|Hidden Power|p1a: Skarmory
|-supereffective|p1a: Skarmory
|-damage|p1a: Skarmory|0 fnt
|faint|p1a: Skarmory
|
|-weather|RainDance|[upkeep]
|-heal|p2a: Keldeo|82/100 brn|[from] item: Leftovers
|-damage|p2a: Keldeo|70/100 brn|[from] brn
|upkeep
|c|☆Spiritmonger|gg
|
|switch|p1a: Tyranitar|Tyranitar, F|42/100
|-weather|Sandstorm|[from] ability: Sand Stream|[of] p1a: Tyranitar
|turn|14
|c|☆refsunpersons|I have a plan, but it's a bit of a gamble
|
|move|p2a: Keldeo|Secret Sword|p1a: Tyranitar
|-supereffective|p1a: Tyranitar
|-damage|p1a: Tyranitar|0 fnt
|faint|p1a: Tyranitar
|
|-weather|Sandstorm|[upkeep]
|-damage|p2a: Keldeo|63/100 brn|[from] Sandstorm
|-heal|p2a: Keldeo|70/100 brn|[from] item: Leftovers
|-damage|p2a: Keldeo|57/100 brn|[from] brn
|-end|p2a: Keldeo|move: Taunt
|upkeep
|
|switch|p1a: Salamence|Salamence, F|100/100
|turn|15
|c|☆Spiritmonger|let me see your plan
|
|move|p2a: Keldeo|Icy Wind|p1a: Salamence
|-supereffective|p1a: Salamence
|-damage|p1a: Salamence|0 fnt
|faint|p1a: Salamence
|
|-weather|Sandstorm|[upkeep]
|-damage|p2a: Keldeo|51/100 brn|[from] Sandstorm
|-heal|p2a: Keldeo|57/100 brn|[from] item: Leftovers
|-damage|p2a: Keldeo|45/100 brn|[from] brn
|upkeep
|c|☆Spiritmonger|come on
|c|☆Spiritmonger|let me see
|c|☆refsunpersons|That was it
|c|☆refsunpersons|hahahaha
|c|☆refsunpersons|No water moves
|c|☆Spiritmonger|so?
|inactive|refsunpersons has 120 seconds left.
|
|switch|p1a: Jellicent|Jellicent, M|43/100
|turn|16
|c|☆refsunpersons|Water moves are like your priority for abusing rain keldeo
|c|☆Spiritmonger|everyone thinks keldeo will have a wator move
|
|move|p2a: Keldeo|Hidden Power|p1a: Jellicent
|-supereffective|p1a: Jellicent
|-damage|p1a: Jellicent|0 fnt
|faint|p1a: Jellicent
|
|-weather|Sandstorm|[upkeep]
|-damage|p2a: Keldeo|39/100 brn|[from] Sandstorm
|-heal|p2a: Keldeo|45/100 brn|[from] item: Leftovers
|-damage|p2a: Keldeo|32/100 brn|[from] brn
|upkeep
|
|switch|p1a: Breloom|Breloom, F|43/100 tox
|turn|17
|c|☆Spiritmonger|if I don't, it will be surprise
|c|☆refsunpersons|Yeah, once
|inactive|refsunpersons has 120 seconds left.
|c|☆refsunpersons|Although let's be honest I lost when I switched drill into focus blast
|
|move|p2a: Keldeo|Icy Wind|p1a: Breloom
|-supereffective|p1a: Breloom
|-damage|p1a: Breloom|0 fnt
|faint|p1a: Breloom
|
|win|Spiritmonger
|raw|refsunpersons's rating: 1357 &rarr; <strong>1334</strong><br />(-23 for losing)
|raw|Spiritmonger's rating: 1305 &rarr; <strong>1328</strong><br />(+23 for winning)
|c|☆Spiritmonger|yeah
|c|☆refsunpersons|gg wp
|c|☆Spiritmonger|that's my prediction
|c|☆Spiritmonger|gg
|c|☆refsunpersons|no hard feelings?
|c|☆Spiritmonger|why hard feeling?
|c|☆refsunpersons|Well, you got pretty mad at me our first game
|c|☆Spiritmonger|because focus blast did not miss?
|c|☆Spiritmonger|is that u?
|c|☆Spiritmonger|Oh
|c|☆Spiritmonger|I am sorry
|c|☆Spiritmonger|my apologize
|c|☆refsunpersons|Just don't get mad, it makes you short sighted
|c|☆refsunpersons|And makes your play worse
|c|☆Spiritmonger|but your team is good
|c|☆refsunpersons|thanks
|c|☆Spiritmonger|you build this team?
|c|☆refsunpersons|Yes I did
|c|☆Spiritmonger|you must played a long time for Gen5
|c|☆refsunpersons|Since inception
|c|☆refsunpersons|I have an alt in 1500 and another in 1470
|c|☆Spiritmonger|cool
|c|☆refsunpersons|cya
|c|☆Spiritmonger|cya
|l|☆refsunpersons
