|j|☆silverfuck
|j|☆Charliereall
|t:|1739076731
|gametype|singles
|player|p1|silverfuck|169|1357
|player|p2|Charliereall|teamrocket|1347
|teamsize|p1|6
|teamsize|p2|6
|gen|5
|tier|[Gen 5] OU
|rated|
|rule|Species Clause: Limit one of each Pokémon
|rule|OHKO Clause: OHKO moves are banned
|rule|Moody Clause: Moody is banned
|rule|Evasion Items Clause: Evasion items are banned
|rule|Evasion Moves Clause: Evasion moves are banned
|rule|Endless Battle Clause: Forcing endless battles is banned
|rule|HP Percentage Mod: HP is shown in percentages
|rule|Evasion Abilities Clause: Evasion abilities are banned
|rule|Sleep Moves Clause: Sleep-inducing moves are banned
|rule|Swagger Clause: Swagger is banned
|rule|Baton Pass Stat Clause: No Baton Passer may have a way to boost its stats
|clearpoke
|poke|p1|Rotom-Wash|item
|poke|p1|Landorus-Therian, M|item
|poke|p1|Jirachi|item
|poke|p1|Tyranitar, F|item
|poke|p1|Latios, M|item
|poke|p1|Garchomp, M|item
|poke|p2|Abomasnow, M|item
|poke|p2|Gliscor, M|item
|poke|p2|Forretress, M|item
|poke|p2|Blissey, F|item
|poke|p2|Latios, M|item
|poke|p2|Reuniclus, F|item
|teampreview
|inactive|Battle timer is ON: inactive players will automatically lose when time's up. (requested by Charliereall)
|inactive|Charliereall has 120 seconds left.
|
|t:|1739076770
|start
|switch|p1a: EL CHOMPO|Garchomp, M|100/100
|switch|p2a: Abomasnow|Abomasnow, M|100/100
|-weather|Hail|[from] ability: Snow Warning|[of] p2a: Abomasnow
|turn|1
|inactive|silverfuck has 120 seconds left.
|inactive|silverfuck has 90 seconds left.
|
|t:|1739076841
|move|p1a: EL CHOMPO|Fire Blast|p2a: Abomasnow
|-supereffective|p2a: Abomasnow
|-damage|p2a: Abomasnow|0 fnt
|faint|p2a: Abomasnow
|-damage|p1a: EL CHOMPO|91/100|[from] item: Life Orb
|
|-weather|Hail|[upkeep]
|-damage|p1a: EL CHOMPO|85/100|[from] Hail
|upkeep
|
|t:|1739076869
|switch|p2a: Latios|Latios, M|100/100
|turn|2
|inactive|silverfuck has 90 seconds left.
|
|t:|1739076882
|switch|p1a: TTARIANA GRANDE|Tyranitar, F|100/100
|-weather|Sandstorm|[from] ability: Sand Stream|[of] p1a: TTARIANA GRANDE
|move|p2a: Latios|Thunder Wave|p1a: TTARIANA GRANDE
|-status|p1a: TTARIANA GRANDE|par
|
|-weather|Sandstorm|[upkeep]
|-damage|p2a: Latios|95/100|[from] Sandstorm
|upkeep
|turn|3
|
|t:|1739076891
|-activate|p2a: Latios|move: Pursuit
|move|p1a: TTARIANA GRANDE|Pursuit|p2a: Latios|[from] Pursuit
|-supereffective|p2a: Latios
|-enditem|p2a: Latios|Colbur Berry|[eat]
|-enditem|p2a: Latios|Colbur Berry|[weaken]
|-damage|p2a: Latios|40/100
|switch|p2a: Gliscor|Gliscor, M|100/100
|
|-weather|Sandstorm|[upkeep]
|-status|p2a: Gliscor|tox|[from] item: Toxic Orb
|upkeep
|turn|4
|inactive|Charliereall has 120 seconds left.
|
|t:|1739076933
|switch|p1a: TURBO RUMP|Rotom-Wash|100/100
|move|p2a: Gliscor|Stealth Rock|p1a: TURBO RUMP
|-sidestart|p1: silverfuck|move: Stealth Rock
|
|-weather|Sandstorm|[upkeep]
|-damage|p1a: TURBO RUMP|95/100|[from] Sandstorm
|-heal|p1a: TURBO RUMP|100/100|[from] item: Leftovers
|upkeep
|turn|5
|inactive|silverfuck has 90 seconds left.
|inactive|Charliereall has 90 seconds left.
|
|t:|1739076981
|switch|p2a: Blissey|Blissey, F|100/100
|move|p1a: TURBO RUMP|Volt Switch|p2a: Blissey
|-damage|p2a: Blissey|87/100
|inactive|silverfuck has 60 seconds left.
|inactive|silverfuck has 30 seconds left.
|inactive|silverfuck has 20 seconds left.
|inactive|silverfuck has 15 seconds left.
|inactive|silverfuck has 10 seconds left.
|
|t:|1739077045
|switch|p1a: INBRED IGUANA|Landorus-Therian, M|100/100|[from] Volt Switch
|-damage|p1a: INBRED IGUANA|88/100|[from] Stealth Rock
|-ability|p1a: INBRED IGUANA|Intimidate|boost
|-unboost|p2a: Blissey|atk|1
|
|-weather|Sandstorm|[upkeep]
|-damage|p2a: Blissey|81/100|[from] Sandstorm
|-heal|p2a: Blissey|87/100|[from] item: Leftovers
|upkeep
|turn|6
|inactive|silverfuck has 20 seconds left this turn.
|inactive|silverfuck has 15 seconds left.
|inactive|Charliereall has 90 seconds left.
|inactive|silverfuck has 10 seconds left.
|
|t:|1739077072
|switch|p2a: Forretress|Forretress, M|100/100
|move|p1a: INBRED IGUANA|U-turn|p2a: Forretress
|-resisted|p2a: Forretress
|-damage|p2a: Forretress|94/100
|inactive|silverfuck has 15 seconds left this turn.
|inactive|silverfuck has 10 seconds left.
|inactive|silverfuck has 5 seconds left.
|
|t:|1739077083
|switch|p1a: EL CHOMPO|Garchomp, M|85/100|[from] U-turn
|-damage|p1a: EL CHOMPO|78/100|[from] Stealth Rock
|
|-weather|Sandstorm|[upkeep]
|-heal|p2a: Forretress|99/100|[from] item: Leftovers
|upkeep
|turn|7
|inactive|silverfuck has 15 seconds left this turn.
|inactive|silverfuck has 10 seconds left.
|
|t:|1739077095
|switch|p2a: Gliscor|Gliscor, M|100/100 tox
|move|p1a: EL CHOMPO|Stealth Rock|p2a: Gliscor
|-sidestart|p2: Charliereall|move: Stealth Rock
|
|-weather|Sandstorm|[upkeep]
|upkeep
|turn|8
|inactive|silverfuck has 20 seconds left this turn.
|
|t:|1739077106
|move|p2a: Gliscor|Protect|p2a: Gliscor
|-singleturn|p2a: Gliscor|Protect
|move|p1a: EL CHOMPO|Fire Blast|p2a: Gliscor
|-activate|p2a: Gliscor|move: Protect
|
|-weather|Sandstorm|[upkeep]
|upkeep
|turn|9
|inactive|silverfuck has 30 seconds left this turn.
|
|t:|1739077115
|switch|p2a: Blissey|Blissey, F|87/100
|-damage|p2a: Blissey|75/100|[from] Stealth Rock
|move|p1a: EL CHOMPO|Fire Blast|p2a: Blissey
|-damage|p2a: Blissey|60/100
|-damage|p1a: EL CHOMPO|69/100|[from] item: Life Orb
|
|-weather|Sandstorm|[upkeep]
|-damage|p2a: Blissey|54/100|[from] Sandstorm
|-heal|p2a: Blissey|60/100|[from] item: Leftovers
|upkeep
|turn|10
|
|t:|1739077124
|move|p1a: EL CHOMPO|Earthquake|p2a: Blissey
|-damage|p2a: Blissey|9/100
|-damage|p1a: EL CHOMPO|59/100|[from] item: Life Orb
|move|p2a: Blissey|Soft-Boiled|p2a: Blissey
|-heal|p2a: Blissey|59/100
|
|-weather|Sandstorm|[upkeep]
|-damage|p2a: Blissey|53/100|[from] Sandstorm
|-heal|p2a: Blissey|59/100|[from] item: Leftovers
|upkeep
|turn|11
|inactive|Charliereall has 90 seconds left.
|
|t:|1739077134
|switch|p1a: INBRED IGUANA|Landorus-Therian, M|88/100
|-damage|p1a: INBRED IGUANA|76/100|[from] Stealth Rock
|-ability|p1a: INBRED IGUANA|Intimidate|boost
|-unboost|p2a: Blissey|atk|1
|move|p2a: Blissey|Soft-Boiled|p2a: Blissey
|-heal|p2a: Blissey|100/100
|
|-weather|Sandstorm|[upkeep]
|-damage|p2a: Blissey|94/100|[from] Sandstorm
|-heal|p2a: Blissey|100/100|[from] item: Leftovers
|upkeep
|turn|12
|inactive|Charliereall has 90 seconds left.
|inactive|silverfuck has 30 seconds left.
|inactive|silverfuck has 20 seconds left.
|inactive|silverfuck has 15 seconds left.
|inactive|silverfuck has 10 seconds left.
|
|t:|1739077182
|switch|p2a: Gliscor|Gliscor, M|100/100 tox
|-damage|p2a: Gliscor|88/100 tox|[from] Stealth Rock
|move|p1a: INBRED IGUANA|Superpower|p2a: Gliscor
|-resisted|p2a: Gliscor
|-crit|p2a: Gliscor
|-damage|p2a: Gliscor|53/100 tox
|-unboost|p1a: INBRED IGUANA|atk|1
|-unboost|p1a: INBRED IGUANA|def|1
|
|-weather|Sandstorm|[upkeep]
|-heal|p2a: Gliscor|65/100 tox|[from] ability: Poison Heal
|upkeep
|turn|13
|inactive|silverfuck has 20 seconds left this turn.
|inactive|silverfuck has 15 seconds left.
|inactive|Charliereall has 90 seconds left.
|inactive|silverfuck has 10 seconds left.
|
|t:|1739077197
|switch|p1a: TURBO RUMP|Rotom-Wash|100/100
|-damage|p1a: TURBO RUMP|88/100|[from] Stealth Rock
|move|p2a: Gliscor|Knock Off|p1a: TURBO RUMP
|-damage|p1a: TURBO RUMP|83/100
|-enditem|p1a: TURBO RUMP|Leftovers|[from] move: Knock Off|[of] p2a: Gliscor
|
|-weather|Sandstorm|[upkeep]
|-damage|p1a: TURBO RUMP|77/100|[from] Sandstorm
|-heal|p2a: Gliscor|78/100 tox|[from] ability: Poison Heal
|upkeep
|turn|14
|inactive|silverfuck has 20 seconds left this turn.
|inactive|silverfuck has 15 seconds left.
|inactive|Charliereall has 90 seconds left.
|inactive|silverfuck has 10 seconds left.
|
|t:|1739077210
|move|p2a: Gliscor|Protect|p2a: Gliscor
|-singleturn|p2a: Gliscor|Protect
|move|p1a: TURBO RUMP|Hydro Pump|p2a: Gliscor
|-activate|p2a: Gliscor|move: Protect
|
|-weather|Sandstorm|[upkeep]
|-damage|p1a: TURBO RUMP|71/100|[from] Sandstorm
|-heal|p2a: Gliscor|90/100 tox|[from] ability: Poison Heal
|upkeep
|turn|15
|inactive|silverfuck has 20 seconds left this turn.
|inactive|silverfuck has 15 seconds left.
|inactive|Charliereall has 90 seconds left.
|inactive|silverfuck has 10 seconds left.
|
|t:|1739077222
|switch|p2a: Blissey|Blissey, F|100/100
|-damage|p2a: Blissey|88/100|[from] Stealth Rock
|move|p1a: TURBO RUMP|Volt Switch|p2a: Blissey
|-damage|p2a: Blissey|74/100
|inactive|silverfuck has 15 seconds left this turn.
|inactive|silverfuck has 10 seconds left.
|
|t:|1739077230
|switch|p1a: TTARIANA GRANDE|Tyranitar, F|100/100 par|[from] Volt Switch
|-damage|p1a: TTARIANA GRANDE|88/100 par|[from] Stealth Rock
|
|-weather|Sandstorm|[upkeep]
|-damage|p2a: Blissey|68/100|[from] Sandstorm
|-heal|p2a: Blissey|74/100|[from] item: Leftovers
|upkeep
|turn|16
|inactive|silverfuck has 20 seconds left this turn.
|inactive|Charliereall has 90 seconds left.
|
|t:|1739077252
|move|p2a: Blissey|Seismic Toss|p1a: TTARIANA GRANDE
|-damage|p1a: TTARIANA GRANDE|63/100 par
|cant|p1a: TTARIANA GRANDE|par
|
|-weather|Sandstorm|[upkeep]
|-damage|p2a: Blissey|68/100|[from] Sandstorm
|-heal|p2a: Blissey|74/100|[from] item: Leftovers
|upkeep
|turn|17
|inactive|silverfuck has 30 seconds left this turn.
|inactive|silverfuck has 20 seconds left.
|inactive|silverfuck has 15 seconds left.
|inactive|silverfuck has 10 seconds left.
|
|t:|1739077275
|move|p2a: Blissey|Seismic Toss|p1a: TTARIANA GRANDE
|-damage|p1a: TTARIANA GRANDE|38/100 par
|move|p1a: TTARIANA GRANDE|Crunch|p2a: Blissey
|-damage|p2a: Blissey|39/100
|
|-weather|Sandstorm|[upkeep]
|-damage|p2a: Blissey|33/100|[from] Sandstorm
|-heal|p2a: Blissey|39/100|[from] item: Leftovers
|upkeep
|turn|18
|inactive|silverfuck has 20 seconds left this turn.
|inactive|silverfuck has 15 seconds left.
|inactive|Charliereall has 90 seconds left.
|inactive|silverfuck has 10 seconds left.
|
|t:|1739077290
|move|p2a: Blissey|Soft-Boiled|p2a: Blissey
|-heal|p2a: Blissey|89/100
|cant|p1a: TTARIANA GRANDE|par
|
|-weather|Sandstorm|[upkeep]
|-damage|p2a: Blissey|83/100|[from] Sandstorm
|-heal|p2a: Blissey|89/100|[from] item: Leftovers
|upkeep
|turn|19
|inactive|silverfuck has 20 seconds left this turn.
|inactive|silverfuck has 15 seconds left.
|inactive|Charliereall has 90 seconds left.
|inactive|silverfuck has 10 seconds left.
|
|t:|1739077302
|switch|p2a: Gliscor|Gliscor, M|90/100 tox
|-damage|p2a: Gliscor|78/100 tox|[from] Stealth Rock
|move|p1a: TTARIANA GRANDE|Crunch|p2a: Gliscor
|-damage|p2a: Gliscor|48/100 tox
|
|-weather|Sandstorm|[upkeep]
|-heal|p2a: Gliscor|61/100 tox|[from] ability: Poison Heal
|upkeep
|turn|20
|inactive|silverfuck has 20 seconds left this turn.
|inactive|silverfuck has 15 seconds left.
|inactive|Charliereall has 90 seconds left.
|inactive|silverfuck has 10 seconds left.
|inactive|silverfuck has 5 seconds left.
|-message|silverfuck lost due to inactivity.
|
|win|Charliereall
|raw|silverfuck's rating: 1357 &rarr; <strong>1336</strong><br />(-21 for losing)
|raw|Charliereall's rating: 1347 &rarr; <strong>1368</strong><br />(+21 for winning)
