|j|☆refsunpersons
|j|☆120gitanes/day
|player|p1|refsunpersons|15
|player|p2|120gitanes/day|9
|teamsize|p1|6
|teamsize|p2|6
|gametype|singles
|gen|5
|tier|[Gen 5] OU
|rated|
|rule|Sleep Clause Mod: Limit one foe put to sleep
|rule|Species Clause: Limit one of each Pokémon
|rule|OHKO Clause: OHKO moves are banned
|rule|Moody Clause: Moody is banned
|rule|Evasion Moves Clause: Evasion moves are banned
|rule|Endless Battle Clause: Forcing endless battles is banned
|rule|HP Percentage Mod: HP is shown in percentages
|rule|Evasion Abilities Clause: Evasion abilities are banned
|rule|Baton Pass Clause: Limit one Baton Passer, can't pass Spe and other stats simultaneously
|rule|Swagger Clause: Swagger is banned
|clearpoke
|poke|p1|Politoed, F|item
|poke|p1|Diglett, F|item
|poke|p1|Xatu, M|item
|poke|p1|Volcarona, F|item
|poke|p1|Salamence, M|item
|poke|p1|Jirachi|item
|poke|p2|Dragonite, M|item
|poke|p2|Jirachi|item
|poke|p2|Excadrill, M|item
|poke|p2|Salamence, F|item
|poke|p2|Breloom, M|item
|poke|p2|Tornadus, M|item
|teampreview
|c|☆refsunpersons|gl hf
|
|start
|switch|p1a: Jirachi|Jirachi|100/100
|switch|p2a: Dragonite|Dragonite, M|100/100
|turn|1
|
|move|p1a: Jirachi|U-turn|p2a: Dragonite
|-resisted|p2a: Dragonite
|-damage|p2a: Dragonite|95/100
|
|switch|p1a: Politoed|Politoed, F|100/100
|-weather|RainDance|[from] ability: Drizzle|[of] p1a: Politoed
|move|p2a: Dragonite|Fire Blast|p1a: Politoed
|-resisted|p1a: Politoed
|-damage|p1a: Politoed|93/100
|
|-weather|RainDance|[upkeep]
|upkeep
|turn|2
|
|move|p1a: Politoed|Ice Beam|p2a: Dragonite
|-supereffective|p2a: Dragonite
|-damage|p2a: Dragonite|0
|faint|p2a: Dragonite
|
|-weather|RainDance|[upkeep]
|upkeep
|
|switch|p2a: Jirachi|Jirachi|100/100
|turn|3
|
|move|p2a: Jirachi|Thunder|p1a: Politoed
|-supereffective|p1a: Politoed
|-damage|p1a: Politoed|19/100
|move|p1a: Politoed|Hydro Pump|p2a: Jirachi
|-enditem|p1a: Politoed|Water Gem|[from] gem|[move] Hydro Pump
|-damage|p2a: Jirachi|0
|faint|p2a: Jirachi
|
|-weather|RainDance|[upkeep]
|upkeep
|
|switch|p2a: Tornadus|Tornadus, M|100/100
|turn|4
|
|switch|p1a: Jirachi|Jirachi|100/100
|move|p2a: Tornadus|Hurricane|p1a: Jirachi
|-resisted|p1a: Jirachi
|-damage|p1a: Jirachi|57/100
|-damage|p2a: Tornadus|91/100|[from] item: Life Orb
|
|-weather|RainDance|[upkeep]
|upkeep
|turn|5
|
|switch|p2a: Excadrill|Excadrill, M, shiny|100/100
|-item|p2a: Excadrill|Air Balloon
|move|p1a: Jirachi|Ice Punch|p2a: Excadrill
|-damage|p2a: Excadrill|67/100
|-enditem|p2a: Excadrill|Air Balloon
|
|-weather|RainDance|[upkeep]
|upkeep
|turn|6
|
|switch|p1a: Salamence|Salamence, M|100/100
|-ability|p1a: Salamence|Intimidate|boost
|-unboost|p2a: Excadrill|atk|1
|move|p2a: Excadrill|Earthquake|p1a: Salamence
|-immune|p1a: Salamence|[msg]
|
|-weather|RainDance|[upkeep]
|upkeep
|turn|7
|
|move|p1a: Salamence|Hydro Pump|p2a: Excadrill
|-supereffective|p2a: Excadrill
|-damage|p2a: Excadrill|0
|faint|p2a: Excadrill
|
|-weather|RainDance|[upkeep]
|upkeep
|
|switch|p2a: Salamence|Salamence, F|100/100
|turn|8
|
|switch|p1a: Politoed|Politoed, F|19/100
|move|p2a: Salamence|Outrage|p1a: Politoed
|-damage|p1a: Politoed|0
|faint|p1a: Politoed
|-ability|p2a: Salamence|Moxie|boost
|-boost|p2a: Salamence|atk|1
|
|-weather|RainDance|[upkeep]
|upkeep
|
|switch|p1a: Jirachi|Jirachi|57/100
|turn|9
|
|move|p1a: Jirachi|Ice Punch|p2a: Salamence
|-supereffective|p2a: Salamence
|-crit|p2a: Salamence
|-damage|p2a: Salamence|0
|faint|p2a: Salamence
|
|-weather|RainDance|[upkeep]
|upkeep
|
|switch|p2a: Tornadus|Tornadus, M|91/100
|turn|10
|
|move|p1a: Jirachi|Ice Punch|p2a: Tornadus
|-supereffective|p2a: Tornadus
|-damage|p2a: Tornadus|21/100
|-status|p2a: Tornadus|frz
|cant|p2a: Tornadus|frz
|
|-weather|RainDance|[upkeep]
|upkeep
|turn|11
|
|move|p1a: Jirachi|Ice Punch|p2a: Tornadus
|-supereffective|p2a: Tornadus
|-damage|p2a: Tornadus|0 frz
|faint|p2a: Tornadus
|
|-weather|RainDance|[upkeep]
|upkeep
|
|switch|p2a: Breloom|Breloom, M|100/100
|turn|12
|
|switch|p1a: Xatu|Xatu, M|100/100
|move|p2a: Breloom|Mach Punch|p1a: Xatu
|-enditem|p2a: Breloom|Fighting Gem|[from] gem|[move] Mach Punch
|-resisted|p1a: Xatu
|-damage|p1a: Xatu|88/100
|-damage|p2a: Breloom|84/100|[from] item: Rocky Helmet|[of] p1a: Xatu
|
|-weather|RainDance|[upkeep]
|upkeep
|turn|13
|-message|120gitanes/day forfeited.
|
|win|refsunpersons
|l|☆120gitanes/day
|raw|refsunpersons's rating: 1376 &rarr; <strong>1396</strong><br />(+20 for winning)
|raw|120gitanes&#x2f;day's rating: 1376 &rarr; <strong>1356</strong><br />(-20 for losing)
