|j|☆flrian
|j|☆HANMA JACK
|t:|1735133828
|gametype|singles
|player|p1|flrian|170|1397
|player|p2|HANMA JACK|169|1559
|teamsize|p1|6
|teamsize|p2|6
|gen|5
|tier|[Gen 5] OU
|rated|
|rule|Species Clause: Limit one of each Pokémon
|rule|OHKO Clause: OHKO moves are banned
|rule|Moody Clause: Moody is banned
|rule|Evasion Items Clause: Evasion items are banned
|rule|Evasion Moves Clause: Evasion moves are banned
|rule|Endless Battle Clause: Forcing endless battles is banned
|rule|HP Percentage Mod: HP is shown in percentages
|rule|Evasion Abilities Clause: Evasion abilities are banned
|rule|Sleep Moves Clause: Sleep-inducing moves are banned
|rule|Swagger Clause: Swagger is banned
|rule|Baton Pass Stat Clause: No Baton Passer may have a way to boost its stats
|clearpoke
|poke|p1|Ninetales, F|item
|poke|p1|Victini|item
|poke|p1|Infernape, M|item
|poke|p1|Xatu, F|item
|poke|p1|Excadrill, M|item
|poke|p1|Latios, M|item
|poke|p2|Abomasnow, F|item
|poke|p2|Blissey, F|item
|poke|p2|Forretress, F|item
|poke|p2|Gastrodon, F|item
|poke|p2|Kyurem|item
|poke|p2|Mandibuzz, F|item
|teampreview
|c|☆HANMA JACK|gl hf
|inactive|Battle timer is ON: inactive players will automatically lose when time's up. (requested by flrian)
|
|t:|1735133847
|start
|switch|p1a: Infernape|Infernape, M|100/100
|switch|p2a: Gastrodon|Gastrodon, F|100/100
|turn|1
|
|t:|1735133850
|move|p1a: Infernape|U-turn|p2a: Gastrodon
|-damage|p2a: Gastrodon|84/100
|
|t:|1735133853
|switch|p1a: Xatu|Xatu, F|100/100|[from] U-turn
|move|p2a: Gastrodon|Earthquake|p1a: Xatu
|-immune|p1a: Xatu
|
|-heal|p2a: Gastrodon|90/100|[from] item: Leftovers
|upkeep
|turn|2
|
|t:|1735133859
|move|p1a: Xatu|U-turn|p2a: Gastrodon
|-damage|p2a: Gastrodon|80/100
|
|t:|1735133862
|switch|p1a: Ninetales|Ninetales, F|100/100|[from] U-turn
|-weather|SunnyDay|[from] ability: Drought|[of] p1a: Ninetales
|move|p2a: Gastrodon|Ice Beam|p1a: Ninetales
|-resisted|p1a: Ninetales
|-crit|p1a: Ninetales
|-damage|p1a: Ninetales|86/100
|
|-weather|SunnyDay|[upkeep]
|-heal|p1a: Ninetales|92/100|[from] item: Leftovers
|-heal|p2a: Gastrodon|86/100|[from] item: Leftovers
|upkeep
|turn|3
|
|t:|1735133871
|switch|p2a: Blissey|Blissey, F|100/100
|move|p1a: Ninetales|Will-O-Wisp|p2a: Blissey
|-status|p2a: Blissey|brn
|
|-weather|SunnyDay|[upkeep]
|-heal|p1a: Ninetales|98/100|[from] item: Leftovers
|-damage|p2a: Blissey|88/100 brn|[from] brn
|upkeep
|turn|4
|
|t:|1735133876
|switch|p1a: Xatu|Xatu, F|100/100
|-curestatus|p2a: Blissey|brn|[from] ability: Natural Cure
|switch|p2a: Kyurem|Kyurem|100/100
|-ability|p2a: Kyurem|Pressure
|
|-weather|SunnyDay|[upkeep]
|upkeep
|turn|5
|
|t:|1735133889
|switch|p1a: Excadrill|Excadrill, M|100/100
|-ability|p1a: Excadrill|Mold Breaker
|move|p2a: Kyurem|Draco Meteor|p1a: Excadrill
|-resisted|p1a: Excadrill
|-crit|p1a: Excadrill
|-damage|p1a: Excadrill|13/100
|-unboost|p2a: Kyurem|spa|2
|
|-weather|SunnyDay|[upkeep]
|-heal|p1a: Excadrill|20/100|[from] item: Leftovers
|upkeep
|turn|6
|
|t:|1735133910
|switch|p2a: Mandibuzz|Mandibuzz, F|100/100
|switch|p1a: Victini|Victini|100/100
|
|-weather|SunnyDay|[upkeep]
|upkeep
|turn|7
|
|t:|1735133926
|move|p1a: Victini|V-create|p2a: Mandibuzz
|-damage|p2a: Mandibuzz|0 fnt
|-unboost|p1a: Victini|spe|1
|-unboost|p1a: Victini|def|1
|-unboost|p1a: Victini|spd|1
|faint|p2a: Mandibuzz
|
|-weather|SunnyDay|[upkeep]
|upkeep
|inactive|HANMA JACK has 120 seconds left.
|
|t:|1735133951
|switch|p2a: Kyurem|Kyurem|100/100
|-ability|p2a: Kyurem|Pressure
|turn|8
|
|t:|1735133954
|switch|p1a: Excadrill|Excadrill, M|20/100
|-ability|p1a: Excadrill|Mold Breaker
|move|p2a: Kyurem|Dragon Pulse|p1a: Excadrill
|-resisted|p1a: Excadrill
|-crit|p1a: Excadrill
|-damage|p1a: Excadrill|0 fnt
|faint|p1a: Excadrill
|
|-weather|SunnyDay|[upkeep]
|upkeep
|
|t:|1735133961
|switch|p1a: Latios|Latios, M|100/100
|turn|9
|
|t:|1735133974
|switch|p2a: Forretress|Forretress, F|100/100
|move|p1a: Latios|Dragon Pulse|p2a: Forretress
|-resisted|p2a: Forretress
|-damage|p2a: Forretress|69/100
|
|-weather|SunnyDay|[upkeep]
|-heal|p2a: Forretress|76/100|[from] item: Leftovers
|upkeep
|turn|10
|
|t:|1735133987
|switch|p1a: Xatu|Xatu, F|100/100
|move|p2a: Forretress|Earthquake|p1a: Xatu
|-immune|p1a: Xatu
|
|-weather|SunnyDay|[upkeep]
|-heal|p2a: Forretress|82/100|[from] item: Leftovers
|upkeep
|turn|11
|
|t:|1735133998
|move|p1a: Xatu|U-turn|p2a: Forretress
|-resisted|p2a: Forretress
|-damage|p2a: Forretress|78/100
|
|t:|1735134002
|switch|p1a: Infernape|Infernape, M|100/100|[from] U-turn
|move|p2a: Forretress|Gyro Ball|p1a: Infernape
|-resisted|p1a: Infernape
|-damage|p1a: Infernape|62/100
|
|-weather|SunnyDay|[upkeep]
|-heal|p2a: Forretress|85/100|[from] item: Leftovers
|upkeep
|turn|12
|
|t:|1735134021
|move|p1a: Infernape|U-turn|p2a: Forretress
|-resisted|p2a: Forretress
|-damage|p2a: Forretress|79/100
|
|t:|1735134023
|switch|p1a: Xatu|Xatu, F|100/100|[from] U-turn
|move|p2a: Forretress|Earthquake|p1a: Xatu
|-immune|p1a: Xatu
|
|-weather|SunnyDay|[upkeep]
|-heal|p2a: Forretress|85/100|[from] item: Leftovers
|upkeep
|turn|13
|
|t:|1735134027
|move|p1a: Xatu|Wish|p1a: Xatu
|move|p2a: Forretress|Earthquake|p1a: Xatu
|-immune|p1a: Xatu
|
|-weather|SunnyDay|[upkeep]
|-heal|p2a: Forretress|91/100|[from] item: Leftovers
|upkeep
|turn|14
|
|t:|1735134033
|move|p1a: Xatu|Heat Wave|p2a: Forretress
|-supereffective|p2a: Forretress
|-damage|p2a: Forretress|0 fnt
|faint|p2a: Forretress
|
|-weather|SunnyDay|[upkeep]
|upkeep
|
|t:|1735134055
|switch|p2a: Kyurem|Kyurem|100/100
|-ability|p2a: Kyurem|Pressure
|turn|15
|
|t:|1735134059
|switch|p1a: Ninetales|Ninetales, F|98/100
|move|p2a: Kyurem|Draco Meteor|p1a: Ninetales
|-crit|p1a: Ninetales
|-damage|p1a: Ninetales|0 fnt
|-unboost|p2a: Kyurem|spa|2
|faint|p1a: Ninetales
|
|-weather|SunnyDay|[upkeep]
|upkeep
|
|t:|1735134071
|switch|p1a: Victini|Victini|100/100
|turn|16
|
|t:|1735134077
|switch|p2a: Abomasnow|Abomasnow, F|100/100
|-weather|Hail|[from] ability: Snow Warning|[of] p2a: Abomasnow
|move|p1a: Victini|V-create|p2a: Abomasnow
|-supereffective|p2a: Abomasnow
|-damage|p2a: Abomasnow|0 fnt
|-unboost|p1a: Victini|spe|1
|-unboost|p1a: Victini|def|1
|-unboost|p1a: Victini|spd|1
|faint|p2a: Abomasnow
|
|-weather|Hail|[upkeep]
|-damage|p1a: Victini|94/100|[from] Hail
|upkeep
|
|t:|1735134082
|switch|p2a: Kyurem|Kyurem|100/100
|-ability|p2a: Kyurem|Pressure
|turn|17
|
|t:|1735134091
|switch|p1a: Xatu|Xatu, F|100/100
|move|p2a: Kyurem|Dragon Pulse|p1a: Xatu
|-damage|p1a: Xatu|0 fnt
|faint|p1a: Xatu
|
|-weather|Hail|[upkeep]
|upkeep
|
|t:|1735134101
|switch|p1a: Infernape|Infernape, M|62/100
|turn|18
|
|t:|1735134108
|switch|p2a: Gastrodon|Gastrodon, F|86/100
|move|p1a: Infernape|Close Combat|p2a: Gastrodon
|-damage|p2a: Gastrodon|48/100
|-unboost|p1a: Infernape|def|1
|-unboost|p1a: Infernape|spd|1
|
|-weather|Hail|[upkeep]
|-damage|p1a: Infernape|55/100|[from] Hail
|-damage|p2a: Gastrodon|42/100|[from] Hail
|-heal|p2a: Gastrodon|48/100|[from] item: Leftovers
|upkeep
|turn|19
|
|t:|1735134118
|switch|p1a: Victini|Victini|94/100
|move|p2a: Gastrodon|Recover|p2a: Gastrodon
|-heal|p2a: Gastrodon|98/100
|
|-weather|Hail|[upkeep]
|-damage|p1a: Victini|88/100|[from] Hail
|-damage|p2a: Gastrodon|92/100|[from] Hail
|-heal|p2a: Gastrodon|98/100|[from] item: Leftovers
|upkeep
|turn|20
|
|t:|1735134126
|move|p1a: Victini|V-create|p2a: Gastrodon
|-resisted|p2a: Gastrodon
|-damage|p2a: Gastrodon|55/100
|-unboost|p1a: Victini|spe|1
|-unboost|p1a: Victini|def|1
|-unboost|p1a: Victini|spd|1
|move|p2a: Gastrodon|Earthquake|p1a: Victini
|-supereffective|p1a: Victini
|-damage|p1a: Victini|0 fnt
|faint|p1a: Victini
|
|-weather|Hail|[upkeep]
|-damage|p2a: Gastrodon|49/100|[from] Hail
|-heal|p2a: Gastrodon|55/100|[from] item: Leftovers
|upkeep
|
|t:|1735134132
|switch|p1a: Latios|Latios, M|100/100
|turn|21
|
|t:|1735134140
|switch|p1a: Infernape|Infernape, M|55/100
|switch|p2a: Kyurem|Kyurem|100/100
|-ability|p2a: Kyurem|Pressure
|
|-weather|Hail|[upkeep]
|-damage|p1a: Infernape|49/100|[from] Hail
|upkeep
|turn|22
|
|t:|1735134143
|move|p1a: Infernape|Close Combat|p2a: Kyurem
|-supereffective|p2a: Kyurem
|-damage|p2a: Kyurem|6/100
|-unboost|p1a: Infernape|def|1
|-unboost|p1a: Infernape|spd|1
|move|p2a: Kyurem|Dragon Pulse|p1a: Infernape
|-damage|p1a: Infernape|0 fnt
|faint|p1a: Infernape
|
|-weather|Hail|[upkeep]
|upkeep
|-message|flrian forfeited.
|
|win|HANMA JACK
|raw|flrian's rating: 1397 &rarr; <strong>1386</strong><br />(-11 for losing)
|raw|HANMA JACK's rating: 1559 &rarr; <strong>1570</strong><br />(+11 for winning)
|l|☆flrian
|player|p1|
|c|☆HANMA JACK|gg
