|j|☆gnrf
|j|☆Cakeconnesseur
|t:|1717526236
|gametype|singles
|player|p1|gnrf|plasmagruntf|1375
|player|p2|Cakeconnesseur|skyla-masters2|1329
|teamsize|p1|6
|teamsize|p2|6
|gen|5
|tier|[Gen 5] OU
|rated|
|rule|Species Clause: Limit one of each Pokémon
|rule|OHKO Clause: OHKO moves are banned
|rule|Moody Clause: Moody is banned
|rule|Evasion Items Clause: Evasion items are banned
|rule|Evasion Moves Clause: Evasion moves are banned
|rule|Endless Battle Clause: Forcing endless battles is banned
|rule|HP Percentage Mod: HP is shown in percentages
|rule|Evasion Abilities Clause: Evasion abilities are banned
|rule|Sleep Moves Clause: Sleep-inducing moves are banned
|rule|Swagger Clause: Swagger is banned
|rule|Baton Pass Stat Clause: No Baton Passer may have a way to boost its stats
|clearpoke
|poke|p1|Tyranitar, M|item
|poke|p1|Latios, M|item
|poke|p1|Gengar, F|item
|poke|p1|Ferrothorn, M|item
|poke|p1|Alakazam, F|item
|poke|p1|Gliscor, F|item
|poke|p2|Reuniclus, M|item
|poke|p2|Tyranitar, F|item
|poke|p2|Alakazam, M|item
|poke|p2|Latios, M|item
|poke|p2|Skarmory, F|item
|poke|p2|Landorus-Therian, M|item
|teampreview
|inactive|Battle timer is ON: inactive players will automatically lose when time's up. (requested by gnrf)
|inactive|Cakeconnesseur also wants the timer to be on.
|
|t:|1717526260
|start
|switch|p1a: Drop a Draco🤙|Latios, M|100/100
|switch|p2a: Landorus|Landorus-Therian, M|100/100
|-ability|p2a: Landorus|Intimidate|boost
|-unboost|p1a: Drop a Draco🤙|atk|1
|turn|1
|
|t:|1717526283
|switch|p2a: Skarmory|Skarmory, F|100/100
|move|p1a: Drop a Draco🤙|Surf|p2a: Skarmory
|-damage|p2a: Skarmory|56/100
|
|-heal|p2a: Skarmory|62/100|[from] item: Leftovers
|upkeep
|turn|2
|
|t:|1717526295
|switch|p1a: Hater|Ferrothorn, M|100/100
|move|p2a: Skarmory|Roost|p2a: Skarmory
|-heal|p2a: Skarmory|100/100
|-singleturn|p2a: Skarmory|move: Roost
|
|upkeep
|turn|3
|
|t:|1717526304
|move|p2a: Skarmory|Spikes|p1a: Hater
|-sidestart|p1: gnrf|Spikes
|move|p1a: Hater|Knock Off|p2a: Skarmory
|-resisted|p2a: Skarmory
|-damage|p2a: Skarmory|99/100
|-enditem|p2a: Skarmory|Leftovers|[from] move: Knock Off|[of] p1a: Hater
|
|upkeep
|turn|4
|
|t:|1717526309
|move|p2a: Skarmory|Spikes|p1a: Hater
|-sidestart|p1: gnrf|Spikes
|move|p1a: Hater|Spikes|p2a: Skarmory
|-sidestart|p2: Cakeconnesseur|Spikes
|
|upkeep
|turn|5
|
|t:|1717526313
|move|p2a: Skarmory|Spikes|p1a: Hater
|-sidestart|p1: gnrf|Spikes
|move|p1a: Hater|Spikes|p2a: Skarmory
|-sidestart|p2: Cakeconnesseur|Spikes
|
|upkeep
|turn|6
|
|t:|1717526317
|switch|p2a: Landorus|Landorus-Therian, M|100/100
|-ability|p2a: Landorus|Intimidate|boost
|-unboost|p1a: Hater|atk|1
|move|p1a: Hater|Spikes|p2a: Landorus
|-sidestart|p2: Cakeconnesseur|Spikes
|
|upkeep
|turn|7
|
|t:|1717526336
|switch|p1a: Drop a Draco🤙|Latios, M|100/100
|move|p2a: Landorus|Earthquake|p1a: Drop a Draco🤙
|-immune|p1a: Drop a Draco🤙|[from] ability: Levitate
|
|upkeep
|turn|8
|
|t:|1717526345
|switch|p2a: Skarmory|Skarmory, F|99/100
|move|p1a: Drop a Draco🤙|Trick|p2a: Skarmory
|-activate|p1a: Drop a Draco🤙|move: Trick|[of] p2a: Skarmory
|-item|p2a: Skarmory|Choice Specs|[from] move: Trick
|-enditem|p1a: Drop a Draco🤙|Choice Specs|[silent]|[from] move: Trick
|
|upkeep
|turn|9
|
|t:|1717526362
|move|p1a: Drop a Draco🤙|Hidden Power|p2a: Skarmory
|-supereffective|p2a: Skarmory
|-damage|p2a: Skarmory|56/100
|move|p2a: Skarmory|Whirlwind|p1a: Drop a Draco🤙
|drag|p1a: Raven|Gliscor, F, shiny|100/100
|
|-status|p1a: Raven|tox|[from] item: Toxic Orb
|upkeep
|turn|10
|
|t:|1717526374
|move|p1a: Raven|Protect|p1a: Raven
|-singleturn|p1a: Raven|Protect
|move|p2a: Skarmory|Whirlwind|p1a: Raven
|-activate|p1a: Raven|move: Protect
|
|upkeep
|turn|11
|
|t:|1717526382
|move|p1a: Raven|Toxic|p2a: Skarmory
|-immune|p2a: Skarmory
|move|p2a: Skarmory|Whirlwind|p1a: Raven
|drag|p1a: Queen Bach|Alakazam, F|100/100
|
|upkeep
|turn|12
|
|t:|1717526393
|move|p1a: Queen Bach|Hidden Power|p2a: Skarmory
|-damage|p2a: Skarmory|32/100
|move|p2a: Skarmory|Whirlwind|p1a: Queen Bach
|drag|p1a: Raven|Gliscor, F, shiny|100/100 tox
|
|upkeep
|turn|13
|
|t:|1717526403
|move|p1a: Raven|Toxic|p2a: Skarmory
|-immune|p2a: Skarmory
|move|p2a: Skarmory|Whirlwind|p1a: Raven
|drag|p1a: Madame Spook|Gengar, F|100/100
|
|upkeep
|turn|14
|
|t:|1717526415
|move|p1a: Madame Spook|Will-O-Wisp|p2a: Skarmory
|-status|p2a: Skarmory|brn
|move|p2a: Skarmory|Whirlwind|p1a: Madame Spook
|drag|p1a: Raven|Gliscor, F, shiny|100/100 tox
|
|-damage|p2a: Skarmory|19/100 brn|[from] brn
|upkeep
|turn|15
|
|t:|1717526423
|move|p1a: Raven|Protect|p1a: Raven
|-singleturn|p1a: Raven|Protect
|move|p2a: Skarmory|Whirlwind|p1a: Raven
|-activate|p1a: Raven|move: Protect
|
|-damage|p2a: Skarmory|7/100 brn|[from] brn
|upkeep
|turn|16
|
|t:|1717526433
|move|p1a: Raven|Toxic||[still]
|-fail|p1a: Raven
|move|p2a: Skarmory|Whirlwind|p1a: Raven
|drag|p1a: AnnakinsNightmare|Tyranitar, M|100/100
|-damage|p1a: AnnakinsNightmare|75/100|[from] Spikes
|-weather|Sandstorm|[from] ability: Sand Stream|[of] p1a: AnnakinsNightmare
|
|-weather|Sandstorm|[upkeep]
|-damage|p2a: Skarmory|0 fnt|[from] brn
|faint|p2a: Skarmory
|upkeep
|
|t:|1717526459
|switch|p2a: Landorus|Landorus-Therian, M|100/100
|-ability|p2a: Landorus|Intimidate|boost
|-unboost|p1a: AnnakinsNightmare|atk|1
|turn|17
|
|t:|1717526464
|move|p2a: Landorus|U-turn|p1a: AnnakinsNightmare
|-supereffective|p1a: AnnakinsNightmare
|-damage|p1a: AnnakinsNightmare|42/100
|
|t:|1717526471
|switch|p2a: Tyranitar|Tyranitar, F|100/100|[from] U-turn
|-damage|p2a: Tyranitar|76/100|[from] Spikes
|move|p1a: AnnakinsNightmare|Stealth Rock|p2a: Tyranitar
|-sidestart|p2: Cakeconnesseur|move: Stealth Rock
|
|-weather|Sandstorm|[upkeep]
|upkeep
|turn|18
|
|t:|1717526479
|switch|p2a: Landorus|Landorus-Therian, M|100/100
|-damage|p2a: Landorus|88/100|[from] Stealth Rock
|-ability|p2a: Landorus|Intimidate|boost
|-unboost|p1a: AnnakinsNightmare|atk|1
|move|p1a: AnnakinsNightmare|Rock Slide|p2a: Landorus
|-damage|p2a: Landorus|71/100
|
|-weather|Sandstorm|[upkeep]
|-heal|p2a: Landorus|77/100|[from] item: Leftovers
|upkeep
|turn|19
|
|t:|1717526488
|move|p2a: Landorus|Stealth Rock|p1a: AnnakinsNightmare
|-sidestart|p1: gnrf|move: Stealth Rock
|move|p1a: AnnakinsNightmare|Rock Slide|p2a: Landorus
|-damage|p2a: Landorus|61/100
|
|-weather|Sandstorm|[upkeep]
|-heal|p2a: Landorus|67/100|[from] item: Leftovers
|upkeep
|turn|20
|
|t:|1717526492
|move|p2a: Landorus|Earthquake|p1a: AnnakinsNightmare
|-supereffective|p1a: AnnakinsNightmare
|-damage|p1a: AnnakinsNightmare|0 fnt
|faint|p1a: AnnakinsNightmare
|
|-weather|Sandstorm|[upkeep]
|-heal|p2a: Landorus|73/100|[from] item: Leftovers
|upkeep
|
|t:|1717526495
|switch|p1a: Queen Bach|Alakazam, F|100/100
|turn|21
|
|t:|1717526513
|move|p1a: Queen Bach|Hidden Power|p2a: Landorus
|-supereffective|p2a: Landorus
|-damage|p2a: Landorus|0 fnt
|faint|p2a: Landorus
|
|-weather|Sandstorm|[upkeep]
|upkeep
|
|t:|1717526516
|switch|p2a: Tyranitar|Tyranitar, F|76/100
|-damage|p2a: Tyranitar|51/100|[from] Spikes
|-damage|p2a: Tyranitar|38/100|[from] Stealth Rock
|turn|22
|
|t:|1717526525
|move|p1a: Queen Bach|Focus Blast|p2a: Tyranitar
|-supereffective|p2a: Tyranitar
|-enditem|p2a: Tyranitar|Chople Berry|[eat]
|-enditem|p2a: Tyranitar|Chople Berry|[weaken]
|-damage|p2a: Tyranitar|0 fnt
|faint|p2a: Tyranitar
|
|-weather|Sandstorm|[upkeep]
|upkeep
|
|t:|1717526536
|switch|p2a: Latios|Latios, M|100/100
|-damage|p2a: Latios|88/100|[from] Stealth Rock
|turn|23
|
|t:|1717526543
|switch|p1a: Hater|Ferrothorn, M|100/100
|-damage|p1a: Hater|75/100|[from] Spikes
|-damage|p1a: Hater|69/100|[from] Stealth Rock
|move|p2a: Latios|Surf|p1a: Hater
|-resisted|p1a: Hater
|-damage|p1a: Hater|58/100
|
|-weather|Sandstorm|[upkeep]
|-damage|p2a: Latios|82/100|[from] Sandstorm
|-heal|p1a: Hater|64/100|[from] item: Leftovers
|upkeep
|turn|24
|
|t:|1717526559
|move|p1a: Hater|Knock Off|p2a: Latios
|-supereffective|p2a: Latios
|-enditem|p2a: Latios|Colbur Berry|[eat]
|-enditem|p2a: Latios|Colbur Berry|[weaken]
|-damage|p2a: Latios|76/100
|move|p2a: Latios|Roar|p1a: Hater
|drag|p1a: Drop a Draco🤙|Latios, M|100/100
|-damage|p1a: Drop a Draco🤙|88/100|[from] Stealth Rock
|
|-weather|Sandstorm|[upkeep]
|-damage|p2a: Latios|70/100|[from] Sandstorm
|-damage|p1a: Drop a Draco🤙|82/100|[from] Sandstorm
|upkeep
|turn|25
|
|t:|1717526571
|switch|p1a: Hater|Ferrothorn, M|64/100
|-damage|p1a: Hater|39/100|[from] Spikes
|-damage|p1a: Hater|33/100|[from] Stealth Rock
|move|p2a: Latios|Draco Meteor|p1a: Hater
|-resisted|p1a: Hater
|-damage|p1a: Hater|8/100
|-unboost|p2a: Latios|spa|2
|
|-weather|Sandstorm|[upkeep]
|-damage|p2a: Latios|64/100|[from] Sandstorm
|-heal|p1a: Hater|15/100|[from] item: Leftovers
|upkeep
|turn|26
|
|t:|1717526579
|move|p2a: Latios|Recover|p2a: Latios
|-heal|p2a: Latios|100/100
|move|p1a: Hater|Power Whip|p2a: Latios
|-resisted|p2a: Latios
|-damage|p2a: Latios|72/100
|
|-weather|Sandstorm|[upkeep]
|-damage|p2a: Latios|66/100|[from] Sandstorm
|-heal|p1a: Hater|21/100|[from] item: Leftovers
|upkeep
|turn|27
|
|t:|1717526586
|move|p1a: Hater|Power Whip|p2a: Latios
|-resisted|p2a: Latios
|-damage|p2a: Latios|41/100
|move|p2a: Latios|Roar|p1a: Hater
|drag|p1a: Raven|Gliscor, F, shiny|100/100 tox
|-damage|p1a: Raven|88/100 tox|[from] Stealth Rock
|
|-weather|Sandstorm|[upkeep]
|-damage|p2a: Latios|35/100|[from] Sandstorm
|-heal|p1a: Raven|100/100 tox|[from] ability: Poison Heal
|upkeep
|turn|28
|
|t:|1717526606
|move|p2a: Latios|Surf|p1a: Raven
|-supereffective|p1a: Raven
|-damage|p1a: Raven|59/100 tox
|move|p1a: Raven|Toxic|p2a: Latios
|-status|p2a: Latios|tox
|
|-weather|Sandstorm|[upkeep]
|-damage|p2a: Latios|29/100 tox|[from] Sandstorm
|-damage|p2a: Latios|23/100 tox|[from] psn
|-heal|p1a: Raven|71/100 tox|[from] ability: Poison Heal
|upkeep
|turn|29
|
|t:|1717526614
|move|p2a: Latios|Recover|p2a: Latios
|-heal|p2a: Latios|73/100 tox
|move|p1a: Raven|Substitute|p1a: Raven
|-start|p1a: Raven|Substitute
|-damage|p1a: Raven|46/100 tox
|
|-weather|Sandstorm|[upkeep]
|-damage|p2a: Latios|67/100 tox|[from] Sandstorm
|-damage|p2a: Latios|55/100 tox|[from] psn
|-heal|p1a: Raven|59/100 tox|[from] ability: Poison Heal
|upkeep
|turn|30
|
|t:|1717526621
|move|p1a: Raven|Protect|p1a: Raven
|-singleturn|p1a: Raven|Protect
|move|p2a: Latios|Surf|p1a: Raven
|-activate|p1a: Raven|move: Protect
|
|-weather|Sandstorm|[upkeep]
|-damage|p2a: Latios|49/100 tox|[from] Sandstorm
|-damage|p2a: Latios|31/100 tox|[from] psn
|-heal|p1a: Raven|71/100 tox|[from] ability: Poison Heal
|upkeep
|turn|31
|
|t:|1717526628
|move|p2a: Latios|Surf|p1a: Raven
|-supereffective|p1a: Raven
|-end|p1a: Raven|Substitute
|move|p1a: Raven|Earthquake|p2a: Latios
|-immune|p2a: Latios|[from] ability: Levitate
|
|-weather|Sandstorm|[upkeep]
|-damage|p2a: Latios|25/100 tox|[from] Sandstorm
|-damage|p2a: Latios|1/100 tox|[from] psn
|-heal|p1a: Raven|84/100 tox|[from] ability: Poison Heal
|upkeep
|turn|32
|
|t:|1717526635
|move|p1a: Raven|Protect|p1a: Raven
|-singleturn|p1a: Raven|Protect
|move|p2a: Latios|Surf|p1a: Raven
|-activate|p1a: Raven|move: Protect
|
|-weather|Sandstorm|[upkeep]
|-damage|p2a: Latios|0 fnt|[from] Sandstorm
|faint|p2a: Latios
|-heal|p1a: Raven|96/100 tox|[from] ability: Poison Heal
|upkeep
|
|t:|1717526638
|switch|p2a: Alakazam|Alakazam, M|100/100
|turn|33
|
|t:|1717526642
|move|p2a: Alakazam|Hidden Power|p1a: Raven
|-supereffective|p1a: Raven
|-damage|p1a: Raven|0 fnt
|faint|p1a: Raven
|
|-weather|Sandstorm|[upkeep]
|upkeep
|
|t:|1717526647
|switch|p1a: Hater|Ferrothorn, M|21/100
|-damage|p1a: Hater|0 fnt|[from] Spikes
|faint|p1a: Hater
|
|t:|1717526650
|switch|p1a: Queen Bach|Alakazam, F|100/100
|turn|34
|inactive|Cakeconnesseur has 120 seconds left.
|
|t:|1717526683
|move|p2a: Alakazam|Shadow Ball|p1a: Queen Bach
|-supereffective|p1a: Queen Bach
|-damage|p1a: Queen Bach|10/100
|move|p1a: Queen Bach|Shadow Ball|p2a: Alakazam
|-supereffective|p2a: Alakazam
|-damage|p2a: Alakazam|4/100
|-unboost|p2a: Alakazam|spd|1
|
|-weather|Sandstorm|[upkeep]
|upkeep
|turn|35
|
|t:|1717526689
|move|p1a: Queen Bach|Shadow Ball|p2a: Alakazam
|-supereffective|p2a: Alakazam
|-damage|p2a: Alakazam|0 fnt
|faint|p2a: Alakazam
|
|-weather|Sandstorm|[upkeep]
|upkeep
|
|t:|1717526692
|switch|p2a: Reuniclus|Reuniclus, M|100/100
|turn|36
|
|t:|1717526697
|move|p1a: Queen Bach|Shadow Ball|p2a: Reuniclus
|-supereffective|p2a: Reuniclus
|-damage|p2a: Reuniclus|50/100
|-unboost|p2a: Reuniclus|spd|1
|move|p2a: Reuniclus|Calm Mind|p2a: Reuniclus
|-boost|p2a: Reuniclus|spa|1
|-boost|p2a: Reuniclus|spd|1
|
|-weather|Sandstorm|[upkeep]
|-heal|p2a: Reuniclus|56/100|[from] item: Leftovers
|upkeep
|turn|37
|
|t:|1717526704
|move|p1a: Queen Bach|Shadow Ball|p2a: Reuniclus
|-supereffective|p2a: Reuniclus
|-damage|p2a: Reuniclus|6/100
|move|p2a: Reuniclus|Recover|p2a: Reuniclus
|-heal|p2a: Reuniclus|56/100
|
|-weather|Sandstorm|[upkeep]
|-heal|p2a: Reuniclus|62/100|[from] item: Leftovers
|upkeep
|turn|38
|
|t:|1717526709
|move|p1a: Queen Bach|Shadow Ball|p2a: Reuniclus
|-supereffective|p2a: Reuniclus
|-damage|p2a: Reuniclus|9/100
|-unboost|p2a: Reuniclus|spd|1
|move|p2a: Reuniclus|Recover|p2a: Reuniclus
|-heal|p2a: Reuniclus|59/100
|
|-weather|Sandstorm|[upkeep]
|-heal|p2a: Reuniclus|65/100|[from] item: Leftovers
|upkeep
|turn|39
|c|☆Cakeconnesseur|Oh
|c|☆Cakeconnesseur|just
|c|☆Cakeconnesseur|wow
|c|☆Cakeconnesseur|why
|-message|Cakeconnesseur forfeited.
|
|win|gnrf
|raw|gnrf's rating: 1375 &rarr; <strong>1392</strong><br />(+17 for winning)
|raw|Cakeconnesseur's rating: 1329 &rarr; <strong>1312</strong><br />(-17 for losing)
|l|☆Cakeconnesseur
|player|p2|
|c|☆gnrf|joker arc??
|c|☆gnrf|Nah, i would be frustrated about those drops as well
