|j|☆willthekid65934
|j|☆lsc29
|t:|1709359437
|gametype|singles
|player|p1|willthekid65934|steven|1318
|player|p2|lsc29|janitor|1656
|teamsize|p1|6
|teamsize|p2|6
|gen|5
|tier|[Gen 5] OU
|rated|
|rule|Species Clause: Limit one of each Pokémon
|rule|OHKO Clause: OHKO moves are banned
|rule|Moody Clause: Moody is banned
|rule|Evasion Items Clause: Evasion items are banned
|rule|Evasion Moves Clause: Evasion moves are banned
|rule|Endless Battle Clause: Forcing endless battles is banned
|rule|HP Percentage Mod: HP is shown in percentages
|rule|Evasion Abilities Clause: Evasion abilities are banned
|rule|Sleep Moves Clause: Sleep-inducing moves are banned
|rule|Swagger Clause: Swagger is banned
|rule|Baton Pass Stat Clause: No Baton Passer may have a way to boost its stats
|clearpoke
|poke|p1|Gliscor, M|item
|poke|p1|Tyranitar, F|item
|poke|p1|Mamoswine, F|item
|poke|p1|Keldeo|item
|poke|p1|Amoonguss, M|item
|poke|p1|Excadrill, M|item
|poke|p2|Latios, M|item
|poke|p2|Garchomp, F|item
|poke|p2|Jellicent, M|item
|poke|p2|Skarmory, F|item
|poke|p2|Scizor, M|item
|poke|p2|Jirachi|item
|teampreview
|inactive|Battle timer is ON: inactive players will automatically lose when time's up. (requested by willthekid65934)
|c|☆lsc29|Gl
|inactive|lsc29 has 120 seconds left.
|
|t:|1709359475
|start
|switch|p1a: Godzilla|Tyranitar, F|100/100
|switch|p2a: Skarmory|Skarmory, F|100/100
|-weather|Sandstorm|[from] ability: Sand Stream|[of] p1a: Godzilla
|turn|1
|
|t:|1709359479
|switch|p1a: Dracula|Gliscor, M|100/100
|move|p2a: Skarmory|Stealth Rock|p1a: Dracula
|-sidestart|p1: willthekid65934|move: Stealth Rock
|
|-weather|Sandstorm|[upkeep]
|-status|p1a: Dracula|tox|[from] item: Toxic Orb
|upkeep
|turn|2
|
|t:|1709359482
|move|p2a: Skarmory|Spikes|p1a: Dracula
|-sidestart|p1: willthekid65934|Spikes
|move|p1a: Dracula|Stealth Rock|p2a: Skarmory
|-sidestart|p2: lsc29|move: Stealth Rock
|
|-weather|Sandstorm|[upkeep]
|upkeep
|turn|3
|
|t:|1709359487
|move|p2a: Skarmory|Spikes|p1a: Dracula
|-sidestart|p1: willthekid65934|Spikes
|move|p1a: Dracula|U-turn|p2a: Skarmory
|-resisted|p2a: Skarmory
|-damage|p2a: Skarmory|97/100
|c|☆willthekid65934|U2
|
|t:|1709359498
|switch|p1a: Mole man|Excadrill, M|100/100|[from] U-turn
|-damage|p1a: Mole man|97/100|[from] Stealth Rock
|-damage|p1a: Mole man|81/100|[from] Spikes
|
|-weather|Sandstorm|[upkeep]
|-heal|p1a: Mole man|87/100|[from] item: Leftovers
|upkeep
|turn|4
|
|t:|1709359501
|switch|p2a: Jellicent|Jellicent, M|100/100
|-damage|p2a: Jellicent|88/100|[from] Stealth Rock
|move|p1a: Mole man|Earthquake|p2a: Jellicent
|-damage|p2a: Jellicent|44/100
|
|-weather|Sandstorm|[upkeep]
|-damage|p2a: Jellicent|38/100|[from] Sandstorm
|-heal|p1a: Mole man|93/100|[from] item: Leftovers
|-heal|p2a: Jellicent|44/100|[from] item: Leftovers
|upkeep
|turn|5
|
|t:|1709359508
|switch|p2a: Latios|Latios, M|100/100
|-damage|p2a: Latios|88/100|[from] Stealth Rock
|move|p1a: Mole man|Earthquake|p2a: Latios
|-immune|p2a: Latios|[from] ability: Levitate
|
|-weather|Sandstorm|[upkeep]
|-damage|p2a: Latios|82/100|[from] Sandstorm
|-heal|p1a: Mole man|99/100|[from] item: Leftovers
|upkeep
|turn|6
|
|t:|1709359518
|switch|p1a: Mushroom man|Amoonguss, M|100/100
|-damage|p1a: Mushroom man|88/100|[from] Stealth Rock
|-damage|p1a: Mushroom man|72/100|[from] Spikes
|move|p2a: Latios|Surf|p1a: Mushroom man
|-resisted|p1a: Mushroom man
|-damage|p1a: Mushroom man|57/100
|-damage|p2a: Latios|72/100|[from] item: Life Orb
|
|-weather|Sandstorm|[upkeep]
|-damage|p2a: Latios|66/100|[from] Sandstorm
|-damage|p1a: Mushroom man|51/100|[from] Sandstorm
|-heal|p1a: Mushroom man|57/100|[from] item: Black Sludge
|upkeep
|turn|7
|inactive|lsc29 has 120 seconds left.
|
|t:|1709359559
|switch|p1a: Godzilla|Tyranitar, F|100/100
|-damage|p1a: Godzilla|88/100|[from] Stealth Rock
|-damage|p1a: Godzilla|72/100|[from] Spikes
|move|p2a: Latios|Hidden Power|p1a: Godzilla
|-resisted|p1a: Godzilla
|-damage|p1a: Godzilla|64/100
|-damage|p2a: Latios|56/100|[from] item: Life Orb
|
|-weather|Sandstorm|[upkeep]
|-damage|p2a: Latios|50/100|[from] Sandstorm
|upkeep
|turn|8
|
|t:|1709359566
|move|p2a: Latios|Draco Meteor|p1a: Godzilla
|-damage|p1a: Godzilla|14/100
|-unboost|p2a: Latios|spa|2
|-damage|p2a: Latios|40/100|[from] item: Life Orb
|move|p1a: Godzilla|Crunch|p2a: Latios
|-supereffective|p2a: Latios
|-damage|p2a: Latios|0 fnt
|faint|p2a: Latios
|
|-weather|Sandstorm|[upkeep]
|upkeep
|
|t:|1709359581
|switch|p2a: Jirachi|Jirachi|100/100
|-damage|p2a: Jirachi|94/100|[from] Stealth Rock
|turn|9
|
|t:|1709359586
|move|p2a: Jirachi|Iron Head|p1a: Godzilla
|-supereffective|p1a: Godzilla
|-crit|p1a: Godzilla
|-damage|p1a: Godzilla|0 fnt
|faint|p1a: Godzilla
|
|-weather|Sandstorm|[upkeep]
|upkeep
|
|t:|1709359593
|switch|p1a: Mole man|Excadrill, M|99/100
|-damage|p1a: Mole man|96/100|[from] Stealth Rock
|-damage|p1a: Mole man|79/100|[from] Spikes
|turn|10
|inactive|lsc29 has 120 seconds left.
|
|t:|1709359617
|move|p2a: Jirachi|Iron Head|p1a: Mole man
|-resisted|p1a: Mole man
|-damage|p1a: Mole man|57/100
|cant|p1a: Mole man|flinch
|
|-weather|Sandstorm|[upkeep]
|-heal|p1a: Mole man|63/100|[from] item: Leftovers
|upkeep
|turn|11
|
|t:|1709359623
|move|p1a: Mole man|Protect|p1a: Mole man
|-singleturn|p1a: Mole man|Protect
|move|p2a: Jirachi|Fire Punch|p1a: Mole man
|-activate|p1a: Mole man|move: Protect
|
|-weather|Sandstorm|[upkeep]
|-heal|p1a: Mole man|69/100|[from] item: Leftovers
|upkeep
|turn|12
|inactive|lsc29 has 120 seconds left.
|
|t:|1709359636
|move|p2a: Jirachi|Fire Punch|p1a: Mole man
|-supereffective|p1a: Mole man
|-crit|p1a: Mole man
|-damage|p1a: Mole man|0 fnt
|faint|p1a: Mole man
|
|-weather|Sandstorm|[upkeep]
|upkeep
|c|☆willthekid65934|A frickin crit
|c|☆lsc29|Am ebelt and calced, 85% to kill
|c|☆lsc29|Unless you have def invest
|
|t:|1709359661
|switch|p1a: kirin|Keldeo|100/100
|-damage|p1a: kirin|94/100|[from] Stealth Rock
|-damage|p1a: kirin|78/100|[from] Spikes
|turn|13
|c|☆lsc29|But based on iron head dmg you dont
|inactive|lsc29 has 120 seconds left.
|c|☆willthekid65934|Ok
|
|t:|1709359677
|move|p1a: kirin|Scald|p2a: Jirachi
|-crit|p2a: Jirachi
|-damage|p2a: Jirachi|7/100
|-status|p2a: Jirachi|brn
|move|p2a: Jirachi|Thunder|p1a: kirin
|-supereffective|p1a: kirin
|-crit|p1a: kirin
|-damage|p1a: kirin|0 fnt
|faint|p1a: kirin
|
|-weather|Sandstorm|[upkeep]
|-damage|p2a: Jirachi|0 fnt|[from] brn
|faint|p2a: Jirachi
|upkeep
|inactive|lsc29 has 120 seconds left.
|inactive|willthekid65934 has 120 seconds left.
|c|☆willthekid65934|U did not need a crit on that inaccurate move
|
|t:|1709359711
|switch|p1a: Mushroom man|Amoonguss, M|90/100
|switch|p2a: Skarmory|Skarmory, F|97/100
|-damage|p2a: Skarmory|85/100|[from] Stealth Rock
|-damage|p1a: Mushroom man|78/100|[from] Stealth Rock
|-damage|p1a: Mushroom man|62/100|[from] Spikes
|turn|14
|
|t:|1709359720
|move|p2a: Skarmory|Brave Bird|p1a: Mushroom man
|-supereffective|p1a: Mushroom man
|-damage|p1a: Mushroom man|0 fnt
|faint|p1a: Mushroom man
|-damage|p2a: Skarmory|53/100|[from] Recoil
|
|-weather|Sandstorm|[upkeep]
|upkeep
|
|t:|1709359725
|switch|p1a: Manny|Mamoswine, F|100/100
|-damage|p1a: Manny|88/100|[from] Stealth Rock
|-damage|p1a: Manny|71/100|[from] Spikes
|turn|15
|
|t:|1709359729
|move|p1a: Manny|Ice Shard|p2a: Skarmory
|-damage|p2a: Skarmory|23/100
|move|p2a: Skarmory|Brave Bird|p1a: Manny
|-damage|p1a: Manny|23/100
|-damage|p2a: Skarmory|2/100|[from] Recoil
|
|-weather|Sandstorm|[upkeep]
|upkeep
|turn|16
|-enditem|p2a: Skarmory|Custap Berry|[eat]
|-activate|p2a: Skarmory|item: Custap Berry|[consumed]
|
|t:|1709359733
|switch|p1a: Dracula|Gliscor, M|100/100 tox
|-damage|p1a: Dracula|88/100 tox|[from] Stealth Rock
|move|p2a: Skarmory|Brave Bird|p1a: Dracula
|-crit|p1a: Dracula
|-damage|p1a: Dracula|21/100 tox
|-damage|p2a: Skarmory|0 fnt|[from] Recoil
|faint|p2a: Skarmory
|
|-weather|Sandstorm|[upkeep]
|-heal|p1a: Dracula|34/100 tox|[from] ability: Poison Heal
|upkeep
|
|t:|1709359741
|switch|p2a: Garchomp|Garchomp, F|100/100
|-damage|p2a: Garchomp|94/100|[from] Stealth Rock
|turn|17
|
|t:|1709359744
|move|p1a: Dracula|Protect|p1a: Dracula
|-singleturn|p1a: Dracula|Protect
|move|p2a: Garchomp|Outrage|p1a: Dracula
|-activate|p1a: Dracula|move: Protect
|
|-weather|Sandstorm|[upkeep]
|-heal|p1a: Dracula|46/100 tox|[from] ability: Poison Heal
|upkeep
|turn|18
|
|t:|1709359752
|move|p2a: Garchomp|Outrage|p1a: Dracula
|-damage|p1a: Dracula|0 fnt
|faint|p1a: Dracula
|
|-weather|Sandstorm|[upkeep]
|upkeep
|
|t:|1709359754
|switch|p1a: Manny|Mamoswine, F|23/100
|-damage|p1a: Manny|10/100|[from] Stealth Rock
|-damage|p1a: Manny|0 fnt|[from] Spikes
|faint|p1a: Manny
|
|win|lsc29
|raw|willthekid65934's rating: 1318 &rarr; <strong>1313</strong><br />(-5 for losing)
|raw|lsc29's rating: 1656 &rarr; <strong>1661</strong><br />(+5 for winning)
|c|☆willthekid65934|Gg
|c|☆lsc29|Gg
|c|☆lsc29|Just so you know.
|c|☆lsc29|I am not lying.
|c|☆lsc29|252 Atk Expert Belt Jirachi Fire Punch vs. 0 HP / 4 Def Excadrill: 245-290 (67.8 - 80.3%) -- guaranteed 2HKO after Leftovers recovery
|l|☆lsc29
|player|p2|
