|j|☆TestingFunnyTeams
|j|‽baixiaohen
|t:|1733233968
|gametype|singles
|player|p1|TestingFunnyTeams|ghetsis|1304
|player|p2|baixiaohen|steven|1372
|teamsize|p1|6
|teamsize|p2|6
|gen|5
|tier|[Gen 5] OU
|rated|
|rule|Species Clause: Limit one of each Pokémon
|rule|OHKO Clause: OHKO moves are banned
|rule|Moody Clause: Moody is banned
|rule|Evasion Items Clause: Evasion items are banned
|rule|Evasion Moves Clause: Evasion moves are banned
|rule|Endless Battle Clause: Forcing endless battles is banned
|rule|HP Percentage Mod: HP is shown in percentages
|rule|Evasion Abilities Clause: Evasion abilities are banned
|rule|Sleep Moves Clause: Sleep-inducing moves are banned
|rule|Swagger Clause: Swagger is banned
|rule|Baton Pass Stat Clause: No Baton Passer may have a way to boost its stats
|clearpoke
|poke|p1|Weavile, M|item
|poke|p1|Ferrothorn, F|item
|poke|p1|Politoed, M|item
|poke|p1|Tentacruel, F|item
|poke|p1|Thundurus-Therian, M|item
|poke|p1|Keldeo|item
|poke|p2|Metagross|item
|poke|p2|Starmie|item
|poke|p2|Chansey, F|item
|poke|p2|Dragonite, M|item
|poke|p2|Gengar, M|item
|poke|p2|Mamoswine, F|item
|teampreview
|inactive|Battle timer is ON: inactive players will automatically lose when time's up. (requested by TestingFunnyTeams)
|
|t:|1733233993
|start
|switch|p1a: Politoed|Politoed, M|100/100
|switch|p2a: Starmie|Starmie|100/100
|-weather|RainDance|[from] ability: Drizzle|[of] p1a: Politoed
|turn|1
|
|t:|1733234001
|move|p1a: Politoed|Protect|p1a: Politoed
|-singleturn|p1a: Politoed|Protect
|move|p2a: Starmie|Surf|p1a: Politoed
|-activate|p1a: Politoed|move: Protect
|
|-weather|RainDance|[upkeep]
|upkeep
|turn|2
|
|t:|1733234005
|move|p2a: Starmie|Thunder|p1a: Politoed
|-supereffective|p1a: Politoed
|-damage|p1a: Politoed|29/100
|-status|p1a: Politoed|par
|-damage|p2a: Starmie|91/100|[from] item: Life Orb
|move|p1a: Politoed|Toxic|p2a: Starmie
|-status|p2a: Starmie|tox
|
|-weather|RainDance|[upkeep]
|-heal|p1a: Politoed|35/100 par|[from] item: Leftovers
|-damage|p2a: Starmie|84/100 tox|[from] psn
|upkeep
|turn|3
|
|t:|1733234014
|switch|p1a: Ferrothorn|Ferrothorn, F|100/100
|move|p2a: Starmie|Surf|p1a: Ferrothorn
|-resisted|p1a: Ferrothorn
|-damage|p1a: Ferrothorn|68/100
|-enditem|p1a: Ferrothorn|Eject Button
|-damage|p2a: Starmie|74/100 tox|[from] item: Life Orb
|
|t:|1733234019
|switch|p1a: Weavile|Weavile, M|100/100
|-ability|p1a: Weavile|Pressure
|
|-weather|RainDance|[upkeep]
|-damage|p2a: Starmie|62/100 tox|[from] psn
|upkeep
|turn|4
|
|t:|1733234026
|move|p1a: Weavile|Night Slash|p2a: Starmie
|-supereffective|p2a: Starmie
|-damage|p2a: Starmie|0 fnt
|faint|p2a: Starmie
|
|-weather|RainDance|[upkeep]
|upkeep
|
|t:|1733234035
|switch|p2a: Mamoswine|Mamoswine, F|100/100
|turn|5
|
|t:|1733234047
|switch|p1a: Politoed|Politoed, M|35/100 par
|move|p2a: Mamoswine|Earthquake|p1a: Politoed
|-damage|p1a: Politoed|0 fnt
|faint|p1a: Politoed
|-damage|p2a: Mamoswine|91/100|[from] item: Life Orb
|
|-weather|RainDance|[upkeep]
|upkeep
|
|t:|1733234053
|switch|p1a: Keldeo|Keldeo|100/100
|turn|6
|
|t:|1733234062
|switch|p2a: Chansey|Chansey, F|100/100
|move|p1a: Keldeo|Substitute|p1a: Keldeo
|-start|p1a: Keldeo|Substitute
|-damage|p1a: Keldeo|76/100
|
|-weather|RainDance|[upkeep]
|-heal|p1a: Keldeo|82/100|[from] item: Leftovers
|upkeep
|turn|7
|
|t:|1733234069
|move|p1a: Keldeo|Calm Mind|p1a: Keldeo
|-boost|p1a: Keldeo|spa|1
|-boost|p1a: Keldeo|spd|1
|move|p2a: Chansey|Seismic Toss|p1a: Keldeo
|-end|p1a: Keldeo|Substitute
|
|-weather|RainDance|[upkeep]
|-heal|p1a: Keldeo|88/100|[from] item: Leftovers
|upkeep
|turn|8
|
|t:|1733234077
|move|p1a: Keldeo|Substitute|p1a: Keldeo
|-start|p1a: Keldeo|Substitute
|-damage|p1a: Keldeo|63/100
|move|p2a: Chansey|Toxic||[still]
|-fail|p2a: Chansey
|
|-weather|RainDance|[upkeep]
|-heal|p1a: Keldeo|70/100|[from] item: Leftovers
|upkeep
|turn|9
|-message|baixiaohen forfeited.
|
|win|TestingFunnyTeams
|raw|TestingFunnyTeams's rating: 1304 &rarr; <strong>1328</strong><br />(+24 for winning)
|raw|baixiaohen's rating: 1372 &rarr; <strong>1348</strong><br />(-24 for losing)
|l|‽baixiaohen
|player|p2|
|l|☆TestingFunnyTeams
|player|p1|
|j| nitro611
|j|☆TestingFunnyTeams
|player|p1|TestingFunnyTeams|ghetsis|
