|j|☆fatyfatty
|j|☆cinema staff fan
|t:|1748805142
|gametype|singles
|player|p1|fatyfatty|101|1440
|player|p2|cinema staff fan|miku-flying|1392
|teamsize|p1|6
|teamsize|p2|6
|gen|5
|tier|[Gen 5] OU
|rated|
|rule|Species Clause: Limit one of each Pokémon
|rule|OHKO Clause: OHKO moves are banned
|rule|Moody Clause: Moody is banned
|rule|Evasion Items Clause: Evasion items are banned
|rule|Evasion Moves Clause: Evasion moves are banned
|rule|Endless Battle Clause: Forcing endless battles is banned
|rule|HP Percentage Mod: HP is shown in percentages
|rule|Evasion Abilities Clause: Evasion abilities are banned
|rule|Sleep Moves Clause: Sleep-inducing moves are banned
|rule|Swagger Clause: Swagger is banned
|rule|Baton Pass Stat Clause: No Baton Passer may have a way to boost its stats
|clearpoke
|poke|p1|Hippowdon, M|item
|poke|p1|Tyranitar, F|item
|poke|p1|Skarmory, M|item
|poke|p1|Reuniclus, M|item
|poke|p1|Amoonguss, M|item
|poke|p1|Poliwrath, M|item
|poke|p2|Jirachi|item
|poke|p2|Volcarona, M|item
|poke|p2|Conkeldurr, M|item
|poke|p2|Starmie|item
|poke|p2|Terrakion|item
|poke|p2|Dragonite, M|item
|teampreview
|inactive|Battle timer is ON: inactive players will automatically lose when time's up. (requested by cinema staff fan)
|inactive|fatyfatty also wants the timer to be on.
|
|t:|1748805155
|start
|switch|p1a: PoliCorrupto|Poliwrath, M|100/100
|switch|p2a: Terrakion|Terrakion|100/100
|turn|1
|
|t:|1748805158
|move|p2a: Terrakion|Stealth Rock|p1a: PoliCorrupto
|-sidestart|p1: fatyfatty|move: Stealth Rock
|move|p1a: PoliCorrupto|Scald|p2a: Terrakion
|-supereffective|p2a: Terrakion
|-damage|p2a: Terrakion|54/100
|
|upkeep
|turn|2
|
|t:|1748805164
|move|p2a: Terrakion|Close Combat|p1a: PoliCorrupto
|-damage|p1a: PoliCorrupto|57/100
|-unboost|p2a: Terrakion|def|1
|-unboost|p2a: Terrakion|spd|1
|move|p1a: PoliCorrupto|Circle Throw|p2a: Terrakion
|-supereffective|p2a: Terrakion
|-damage|p2a: Terrakion|0 fnt
|faint|p2a: Terrakion
|
|-heal|p1a: PoliCorrupto|63/100|[from] item: Leftovers
|upkeep
|
|t:|1748805172
|switch|p2a: Conkeldurr|Conkeldurr, M|100/100
|turn|3
|
|t:|1748805178
|switch|p1a: Psicopata|Reuniclus, M|100/100
|move|p2a: Conkeldurr|Thunder Punch|p1a: Psicopata
|-damage|p1a: Psicopata|66/100
|-damage|p2a: Conkeldurr|84/100|[from] item: Rocky Helmet|[of] p1a: Psicopata
|
|upkeep
|turn|4
|
|t:|1748805185
|switch|p2a: Jirachi|Jirachi|100/100
|move|p1a: Psicopata|Recover|p1a: Psicopata
|-heal|p1a: Psicopata|100/100
|
|upkeep
|turn|5
|
|t:|1748805199
|switch|p1a: Acerondor|Skarmory, M|100/100
|-damage|p1a: Acerondor|88/100|[from] Stealth Rock
|move|p2a: Jirachi|U-turn|p1a: Acerondor
|-resisted|p1a: Acerondor
|-damage|p1a: Acerondor|84/100
|-damage|p2a: Jirachi|84/100|[from] item: Rocky Helmet|[of] p1a: Acerondor
|
|t:|1748805203
|switch|p2a: Volcarona|Volcarona, M|100/100|[from] U-turn
|
|upkeep
|turn|6
|
|t:|1748805216
|switch|p1a: Jurasica|Tyranitar, F|100/100
|-damage|p1a: Jurasica|88/100|[from] Stealth Rock
|-weather|Sandstorm|[from] ability: Sand Stream|[of] p1a: Jurasica
|move|p2a: Volcarona|Fire Blast|p1a: Jurasica
|-resisted|p1a: Jurasica
|-damage|p1a: Jurasica|68/100
|-status|p1a: Jurasica|brn
|
|-weather|Sandstorm|[upkeep]
|-damage|p2a: Volcarona|94/100|[from] Sandstorm
|-damage|p1a: Jurasica|56/100 brn|[from] brn
|upkeep
|turn|7
|
|t:|1748805220
|move|p1a: Jurasica|Stone Edge|p2a: Volcarona
|-supereffective|p2a: Volcarona
|-damage|p2a: Volcarona|0 fnt
|faint|p2a: Volcarona
|
|-weather|Sandstorm|[upkeep]
|-damage|p1a: Jurasica|44/100 brn|[from] brn
|upkeep
|
|t:|1748805230
|switch|p2a: Dragonite|Dragonite, M|100/100
|turn|8
|
|t:|1748805235
|switch|p1a: Acerondor|Skarmory, M|84/100
|-damage|p1a: Acerondor|72/100|[from] Stealth Rock
|move|p2a: Dragonite|Dragon Dance|p2a: Dragonite
|-boost|p2a: Dragonite|atk|1
|-boost|p2a: Dragonite|spe|1
|
|-weather|Sandstorm|[upkeep]
|-damage|p2a: Dragonite|94/100|[from] Sandstorm
|upkeep
|turn|9
|
|t:|1748805241
|move|p2a: Dragonite|Outrage|p1a: Acerondor
|-resisted|p1a: Acerondor
|-damage|p1a: Acerondor|32/100
|-damage|p2a: Dragonite|78/100|[from] item: Rocky Helmet|[of] p1a: Acerondor
|move|p1a: Acerondor|Whirlwind|p2a: Dragonite
|drag|p2a: Jirachi|Jirachi|84/100
|
|-weather|Sandstorm|[upkeep]
|upkeep
|turn|10
|
|t:|1748805247
|switch|p2a: Starmie|Starmie|100/100
|-item|p2a: Starmie|Air Balloon
|move|p1a: Acerondor|Roost|p1a: Acerondor
|-heal|p1a: Acerondor|82/100
|-singleturn|p1a: Acerondor|move: Roost
|
|-weather|Sandstorm|[upkeep]
|-damage|p2a: Starmie|94/100|[from] Sandstorm
|upkeep
|turn|11
|
|t:|1748805259
|switch|p1a: Jurasica|Tyranitar, F|44/100 brn
|-damage|p1a: Jurasica|31/100 brn|[from] Stealth Rock
|move|p2a: Starmie|Thunderbolt|p1a: Jurasica
|-damage|p1a: Jurasica|8/100 brn
|
|-weather|Sandstorm|[upkeep]
|-damage|p2a: Starmie|88/100|[from] Sandstorm
|-damage|p1a: Jurasica|0 fnt|[from] brn
|faint|p1a: Jurasica
|upkeep
|
|t:|1748805264
|switch|p1a: Mr. Seton|Amoonguss, M|100/100
|-damage|p1a: Mr. Seton|88/100|[from] Stealth Rock
|turn|12
|
|t:|1748805271
|switch|p2a: Dragonite|Dragonite, M|78/100
|move|p1a: Mr. Seton|Stun Spore|p2a: Dragonite
|-status|p2a: Dragonite|par
|-enditem|p2a: Dragonite|Lum Berry|[eat]
|-curestatus|p2a: Dragonite|par|[msg]
|
|-weather|Sandstorm|[upkeep]
|-damage|p2a: Dragonite|72/100|[from] Sandstorm
|-damage|p1a: Mr. Seton|82/100|[from] Sandstorm
|-heal|p1a: Mr. Seton|88/100|[from] item: Black Sludge
|upkeep
|turn|13
|
|t:|1748805276
|move|p2a: Dragonite|Outrage|p1a: Mr. Seton
|-damage|p1a: Mr. Seton|26/100
|move|p1a: Mr. Seton|Stun Spore|p2a: Dragonite|[miss]
|-miss|p1a: Mr. Seton|p2a: Dragonite
|
|-weather|Sandstorm|[upkeep]
|-damage|p2a: Dragonite|66/100|[from] Sandstorm
|-damage|p1a: Mr. Seton|20/100|[from] Sandstorm
|-heal|p1a: Mr. Seton|26/100|[from] item: Black Sludge
|upkeep
|turn|14
|
|t:|1748805280
|switch|p1a: Acerondor|Skarmory, M|82/100
|-damage|p1a: Acerondor|70/100|[from] Stealth Rock
|move|p2a: Dragonite|Outrage|p1a: Acerondor|[from] lockedmove
|-resisted|p1a: Acerondor
|-damage|p1a: Acerondor|44/100
|-damage|p2a: Dragonite|49/100|[from] item: Rocky Helmet|[of] p1a: Acerondor
|-start|p2a: Dragonite|confusion|[fatigue]
|
|-weather|Sandstorm|[upkeep]
|-damage|p2a: Dragonite|43/100|[from] Sandstorm
|upkeep
|turn|15
|
|t:|1748805284
|switch|p2a: Starmie|Starmie|88/100
|-item|p2a: Starmie|Air Balloon
|move|p1a: Acerondor|Roost|p1a: Acerondor
|-heal|p1a: Acerondor|94/100
|-singleturn|p1a: Acerondor|move: Roost
|
|-weather|Sandstorm|[upkeep]
|-damage|p2a: Starmie|82/100|[from] Sandstorm
|upkeep
|turn|16
|
|t:|1748805292
|move|p2a: Starmie|Thunderbolt|p1a: Acerondor
|-supereffective|p1a: Acerondor
|-damage|p1a: Acerondor|43/100
|move|p1a: Acerondor|Brave Bird|p2a: Starmie
|-damage|p2a: Starmie|29/100
|-enditem|p2a: Starmie|Air Balloon
|-damage|p1a: Acerondor|29/100|[from] Recoil
|
|-weather|Sandstorm|[upkeep]
|-damage|p2a: Starmie|23/100|[from] Sandstorm
|upkeep
|turn|17
|
|t:|1748805298
|switch|p1a: Mr. Seton|Amoonguss, M|59/100
|-damage|p1a: Mr. Seton|47/100|[from] Stealth Rock
|move|p2a: Starmie|Thunderbolt|p1a: Mr. Seton
|-resisted|p1a: Mr. Seton
|-damage|p1a: Mr. Seton|34/100
|
|-weather|Sandstorm|[upkeep]
|-damage|p2a: Starmie|17/100|[from] Sandstorm
|-damage|p1a: Mr. Seton|28/100|[from] Sandstorm
|-heal|p1a: Mr. Seton|34/100|[from] item: Black Sludge
|upkeep
|turn|18
|
|t:|1748805304
|switch|p1a: Acerondor|Skarmory, M|29/100
|-damage|p1a: Acerondor|17/100|[from] Stealth Rock
|move|p2a: Starmie|Ice Beam|p1a: Acerondor
|-damage|p1a: Acerondor|0 fnt
|faint|p1a: Acerondor
|
|-weather|Sandstorm|[upkeep]
|-damage|p2a: Starmie|11/100|[from] Sandstorm
|upkeep
|
|t:|1748805312
|switch|p1a: Hippo|Hippowdon, M|100/100
|-damage|p1a: Hippo|94/100|[from] Stealth Rock
|turn|19
|
|t:|1748805314
|switch|p1a: PoliCorrupto|Poliwrath, M|63/100
|-damage|p1a: PoliCorrupto|57/100|[from] Stealth Rock
|move|p2a: Starmie|Hydro Pump|p1a: PoliCorrupto
|-heal|p1a: PoliCorrupto|81/100|[from] ability: Water Absorb|[of] p2a: Starmie
|
|-weather|Sandstorm|[upkeep]
|-damage|p2a: Starmie|5/100|[from] Sandstorm
|-damage|p1a: PoliCorrupto|75/100|[from] Sandstorm
|-heal|p1a: PoliCorrupto|81/100|[from] item: Leftovers
|upkeep
|turn|20
|
|t:|1748805318
|switch|p1a: Hippo|Hippowdon, M|94/100
|-damage|p1a: Hippo|88/100|[from] Stealth Rock
|move|p2a: Starmie|Hydro Pump|p1a: Hippo
|-supereffective|p1a: Hippo
|-damage|p1a: Hippo|0 fnt
|faint|p1a: Hippo
|
|-weather|Sandstorm|[upkeep]
|-damage|p2a: Starmie|0 fnt|[from] Sandstorm
|faint|p2a: Starmie
|upkeep
|
|t:|1748805328
|switch|p2a: Dragonite|Dragonite, M|43/100
|switch|p1a: Psicopata|Reuniclus, M|100/100
|turn|21
|
|t:|1748805335
|move|p2a: Dragonite|Outrage|p1a: Psicopata
|-damage|p1a: Psicopata|53/100
|-damage|p2a: Dragonite|27/100|[from] item: Rocky Helmet|[of] p1a: Psicopata
|move|p1a: Psicopata|Recover|p1a: Psicopata
|-heal|p1a: Psicopata|100/100
|
|-weather|Sandstorm|[upkeep]
|-damage|p2a: Dragonite|20/100|[from] Sandstorm
|upkeep
|turn|22
|
|t:|1748805341
|move|p2a: Dragonite|Outrage|p1a: Psicopata|[from] lockedmove
|-damage|p1a: Psicopata|50/100
|-damage|p2a: Dragonite|4/100|[from] item: Rocky Helmet|[of] p1a: Psicopata
|move|p1a: Psicopata|Recover|p1a: Psicopata
|-heal|p1a: Psicopata|99/100
|
|-weather|Sandstorm|[upkeep]
|-damage|p2a: Dragonite|0 fnt|[from] Sandstorm
|faint|p2a: Dragonite
|upkeep
|
|t:|1748805345
|switch|p2a: Jirachi|Jirachi|84/100
|turn|23
|
|t:|1748805347
|move|p2a: Jirachi|Trick|p1a: Psicopata
|-activate|p2a: Jirachi|move: Trick|[of] p1a: Psicopata
|-item|p1a: Psicopata|Choice Scarf|[from] move: Trick
|-item|p2a: Jirachi|Rocky Helmet|[from] move: Trick
|move|p1a: Psicopata|Recover|p1a: Psicopata
|-heal|p1a: Psicopata|100/100
|
|-weather|Sandstorm|[upkeep]
|upkeep
|turn|24
|
|t:|1748805352
|switch|p1a: PoliCorrupto|Poliwrath, M|81/100
|-damage|p1a: PoliCorrupto|75/100|[from] Stealth Rock
|move|p2a: Jirachi|U-turn|p1a: PoliCorrupto
|-resisted|p1a: PoliCorrupto
|-damage|p1a: PoliCorrupto|68/100
|
|t:|1748805354
|switch|p2a: Conkeldurr|Conkeldurr, M|84/100|[from] U-turn
|
|-weather|Sandstorm|[upkeep]
|-damage|p1a: PoliCorrupto|62/100|[from] Sandstorm
|-damage|p2a: Conkeldurr|78/100|[from] Sandstorm
|-heal|p1a: PoliCorrupto|68/100|[from] item: Leftovers
|upkeep
|turn|25
|
|t:|1748805357
|move|p1a: PoliCorrupto|Scald|p2a: Conkeldurr
|-damage|p2a: Conkeldurr|57/100
|-status|p2a: Conkeldurr|brn
|move|p2a: Conkeldurr|Thunder Punch|p1a: PoliCorrupto
|-supereffective|p1a: PoliCorrupto
|-damage|p1a: PoliCorrupto|32/100
|
|-weather|Sandstorm|[upkeep]
|-damage|p1a: PoliCorrupto|26/100|[from] Sandstorm
|-damage|p2a: Conkeldurr|51/100 brn|[from] Sandstorm
|-heal|p1a: PoliCorrupto|32/100|[from] item: Leftovers
|-damage|p2a: Conkeldurr|39/100 brn|[from] brn
|upkeep
|turn|26
|
|t:|1748805364
|move|p1a: PoliCorrupto|Rest|p1a: PoliCorrupto
|-status|p1a: PoliCorrupto|slp|[from] move: Rest
|-heal|p1a: PoliCorrupto|100/100 slp|[silent]
|move|p2a: Conkeldurr|Ice Punch|p1a: PoliCorrupto
|-resisted|p1a: PoliCorrupto
|-damage|p1a: PoliCorrupto|92/100 slp
|
|-weather|Sandstorm|[upkeep]
|-damage|p1a: PoliCorrupto|86/100 slp|[from] Sandstorm
|-damage|p2a: Conkeldurr|32/100 brn|[from] Sandstorm
|-heal|p1a: PoliCorrupto|92/100 slp|[from] item: Leftovers
|-damage|p2a: Conkeldurr|20/100 brn|[from] brn
|upkeep
|turn|27
|
|t:|1748805367
|switch|p2a: Jirachi|Jirachi|84/100
|cant|p1a: PoliCorrupto|slp
|move|p1a: PoliCorrupto|Sleep Talk|p1a: PoliCorrupto
|move|p1a: PoliCorrupto|Scald|p2a: Jirachi|[from] move: Sleep Talk
|-damage|p2a: Jirachi|64/100
|
|-weather|Sandstorm|[upkeep]
|-damage|p1a: PoliCorrupto|86/100 slp|[from] Sandstorm
|-heal|p1a: PoliCorrupto|92/100 slp|[from] item: Leftovers
|upkeep
|turn|28
|
|t:|1748805374
|move|p2a: Jirachi|Iron Head|p1a: PoliCorrupto
|-resisted|p1a: PoliCorrupto
|-damage|p1a: PoliCorrupto|81/100 slp
|cant|p1a: PoliCorrupto|slp
|cant|p1a: PoliCorrupto|flinch
|
|-weather|Sandstorm|[upkeep]
|-damage|p1a: PoliCorrupto|75/100 slp|[from] Sandstorm
|-heal|p1a: PoliCorrupto|81/100 slp|[from] item: Leftovers
|upkeep
|turn|29
|
|t:|1748805381
|move|p2a: Jirachi|Iron Head|p1a: PoliCorrupto
|-resisted|p1a: PoliCorrupto
|-damage|p1a: PoliCorrupto|69/100 slp
|-curestatus|p1a: PoliCorrupto|slp|[msg]
|cant|p1a: PoliCorrupto|flinch
|
|-weather|Sandstorm|[upkeep]
|-damage|p1a: PoliCorrupto|63/100|[from] Sandstorm
|-heal|p1a: PoliCorrupto|69/100|[from] item: Leftovers
|upkeep
|turn|30
|
|t:|1748805384
|move|p2a: Jirachi|Iron Head|p1a: PoliCorrupto
|-resisted|p1a: PoliCorrupto
|-damage|p1a: PoliCorrupto|58/100
|cant|p1a: PoliCorrupto|flinch
|
|-weather|Sandstorm|[upkeep]
|-damage|p1a: PoliCorrupto|52/100|[from] Sandstorm
|-heal|p1a: PoliCorrupto|58/100|[from] item: Leftovers
|upkeep
|turn|31
|
|t:|1748805387
|move|p2a: Jirachi|Iron Head|p1a: PoliCorrupto
|-resisted|p1a: PoliCorrupto
|-damage|p1a: PoliCorrupto|46/100
|cant|p1a: PoliCorrupto|flinch
|
|-weather|Sandstorm|[upkeep]
|-damage|p1a: PoliCorrupto|40/100|[from] Sandstorm
|-heal|p1a: PoliCorrupto|46/100|[from] item: Leftovers
|upkeep
|turn|32
|
|t:|1748805389
|move|p2a: Jirachi|Iron Head|p1a: PoliCorrupto
|-resisted|p1a: PoliCorrupto
|-damage|p1a: PoliCorrupto|33/100
|cant|p1a: PoliCorrupto|flinch
|
|-weather|Sandstorm|[upkeep]
|-damage|p1a: PoliCorrupto|27/100|[from] Sandstorm
|-heal|p1a: PoliCorrupto|33/100|[from] item: Leftovers
|upkeep
|turn|33
|
|t:|1748805390
|move|p2a: Jirachi|Iron Head|p1a: PoliCorrupto
|-resisted|p1a: PoliCorrupto
|-damage|p1a: PoliCorrupto|22/100
|move|p1a: PoliCorrupto|Rest|p1a: PoliCorrupto
|-status|p1a: PoliCorrupto|slp|[from] move: Rest
|-heal|p1a: PoliCorrupto|100/100 slp|[silent]
|
|-weather|Sandstorm|[upkeep]
|-damage|p1a: PoliCorrupto|94/100 slp|[from] Sandstorm
|-heal|p1a: PoliCorrupto|100/100 slp|[from] item: Leftovers
|upkeep
|turn|34
|
|t:|1748805395
|switch|p2a: Conkeldurr|Conkeldurr, M|20/100 brn
|cant|p1a: PoliCorrupto|slp
|move|p1a: PoliCorrupto|Sleep Talk|p1a: PoliCorrupto
|move|p1a: PoliCorrupto|Circle Throw|p2a: Conkeldurr|[from] move: Sleep Talk
|-damage|p2a: Conkeldurr|4/100 brn
|drag|p2a: Jirachi|Jirachi|64/100
|
|-weather|Sandstorm|[upkeep]
|-damage|p1a: PoliCorrupto|94/100 slp|[from] Sandstorm
|-heal|p1a: PoliCorrupto|100/100 slp|[from] item: Leftovers
|upkeep
|turn|35
|
|t:|1748805398
|switch|p2a: Conkeldurr|Conkeldurr, M|4/100 brn
|cant|p1a: PoliCorrupto|slp
|move|p1a: PoliCorrupto|Sleep Talk|p1a: PoliCorrupto
|move|p1a: PoliCorrupto|Scald|p2a: Conkeldurr|[from] move: Sleep Talk
|-damage|p2a: Conkeldurr|0 fnt
|faint|p2a: Conkeldurr
|
|-weather|Sandstorm|[upkeep]
|-damage|p1a: PoliCorrupto|94/100 slp|[from] Sandstorm
|-heal|p1a: PoliCorrupto|100/100 slp|[from] item: Leftovers
|upkeep
|
|t:|1748805400
|switch|p2a: Jirachi|Jirachi|64/100
|turn|36
|
|t:|1748805404
|move|p2a: Jirachi|Iron Head|p1a: PoliCorrupto
|-resisted|p1a: PoliCorrupto
|-damage|p1a: PoliCorrupto|89/100 slp
|-curestatus|p1a: PoliCorrupto|slp|[msg]
|move|p1a: PoliCorrupto|Scald|p2a: Jirachi
|-damage|p2a: Jirachi|43/100
|
|-weather|Sandstorm|[upkeep]
|-damage|p1a: PoliCorrupto|83/100|[from] Sandstorm
|-heal|p1a: PoliCorrupto|89/100|[from] item: Leftovers
|upkeep
|turn|37
|
|t:|1748805409
|move|p2a: Jirachi|Iron Head|p1a: PoliCorrupto
|-resisted|p1a: PoliCorrupto
|-damage|p1a: PoliCorrupto|77/100
|cant|p1a: PoliCorrupto|flinch
|
|-weather|Sandstorm|[upkeep]
|-damage|p1a: PoliCorrupto|71/100|[from] Sandstorm
|-heal|p1a: PoliCorrupto|77/100|[from] item: Leftovers
|upkeep
|turn|38
|
|t:|1748805410
|move|p2a: Jirachi|Iron Head|p1a: PoliCorrupto
|-resisted|p1a: PoliCorrupto
|-damage|p1a: PoliCorrupto|66/100
|cant|p1a: PoliCorrupto|flinch
|
|-weather|Sandstorm|[upkeep]
|-damage|p1a: PoliCorrupto|60/100|[from] Sandstorm
|-heal|p1a: PoliCorrupto|66/100|[from] item: Leftovers
|upkeep
|turn|39
|
|t:|1748805412
|move|p2a: Jirachi|Iron Head|p1a: PoliCorrupto
|-resisted|p1a: PoliCorrupto
|-damage|p1a: PoliCorrupto|54/100
|cant|p1a: PoliCorrupto|flinch
|
|-weather|Sandstorm|[upkeep]
|-damage|p1a: PoliCorrupto|47/100|[from] Sandstorm
|-heal|p1a: PoliCorrupto|54/100|[from] item: Leftovers
|upkeep
|turn|40
|
|t:|1748805415
|move|p2a: Jirachi|Iron Head|p1a: PoliCorrupto
|-resisted|p1a: PoliCorrupto
|-damage|p1a: PoliCorrupto|43/100
|cant|p1a: PoliCorrupto|flinch
|
|-weather|Sandstorm|[upkeep]
|-damage|p1a: PoliCorrupto|37/100|[from] Sandstorm
|-heal|p1a: PoliCorrupto|43/100|[from] item: Leftovers
|upkeep
|turn|41
|
|t:|1748805417
|move|p2a: Jirachi|Iron Head|p1a: PoliCorrupto
|-resisted|p1a: PoliCorrupto
|-damage|p1a: PoliCorrupto|32/100
|move|p1a: PoliCorrupto|Rest|p1a: PoliCorrupto
|-status|p1a: PoliCorrupto|slp|[from] move: Rest
|-heal|p1a: PoliCorrupto|100/100 slp|[silent]
|
|-weather|Sandstorm|[upkeep]
|-damage|p1a: PoliCorrupto|94/100 slp|[from] Sandstorm
|-heal|p1a: PoliCorrupto|100/100 slp|[from] item: Leftovers
|upkeep
|turn|42
|
|t:|1748805420
|move|p2a: Jirachi|Iron Head|p1a: PoliCorrupto
|-resisted|p1a: PoliCorrupto
|-damage|p1a: PoliCorrupto|90/100 slp
|cant|p1a: PoliCorrupto|slp
|cant|p1a: PoliCorrupto|flinch
|
|-weather|Sandstorm|[upkeep]
|-damage|p1a: PoliCorrupto|84/100 slp|[from] Sandstorm
|-heal|p1a: PoliCorrupto|90/100 slp|[from] item: Leftovers
|upkeep
|turn|43
|c|☆fatyfatty|rng won't save your ass
|
|t:|1748805429
|move|p2a: Jirachi|Iron Head|p1a: PoliCorrupto
|-resisted|p1a: PoliCorrupto
|-damage|p1a: PoliCorrupto|78/100 slp
|cant|p1a: PoliCorrupto|slp
|cant|p1a: PoliCorrupto|flinch
|
|-weather|Sandstorm|[upkeep]
|-damage|p1a: PoliCorrupto|72/100 slp|[from] Sandstorm
|-heal|p1a: PoliCorrupto|78/100 slp|[from] item: Leftovers
|upkeep
|turn|44
|c|☆cinema staff fan|????????????????
|c|☆cinema staff fan|you got a burn dude
|c|☆cinema staff fan|you lose otherwise
|c|☆cinema staff fan|ayfk me
|c|☆fatyfatty|and you maybe lol ?
|inactive|cinema staff fan has 120 seconds left.
|c|☆cinema staff fan|the burn on t tar did not matter
|
|t:|1748805471
|move|p2a: Jirachi|Iron Head|p1a: PoliCorrupto
|-resisted|p1a: PoliCorrupto
|-damage|p1a: PoliCorrupto|66/100 slp
|-curestatus|p1a: PoliCorrupto|slp|[msg]
|cant|p1a: PoliCorrupto|flinch
|
|-weather|Sandstorm|[upkeep]
|-damage|p1a: PoliCorrupto|60/100|[from] Sandstorm
|-heal|p1a: PoliCorrupto|66/100|[from] item: Leftovers
|upkeep
|turn|45
|c|☆fatyfatty|Ttar should have been in range to kill starmie without dying
|
|t:|1748805492
|move|p2a: Jirachi|Iron Head|p1a: PoliCorrupto
|-resisted|p1a: PoliCorrupto
|-damage|p1a: PoliCorrupto|55/100
|cant|p1a: PoliCorrupto|flinch
|
|-weather|Sandstorm|[upkeep]
|-damage|p1a: PoliCorrupto|49/100|[from] Sandstorm
|-heal|p1a: PoliCorrupto|55/100|[from] item: Leftovers
|upkeep
|turn|46
|
|t:|1748805495
|move|p2a: Jirachi|Iron Head|p1a: PoliCorrupto
|-resisted|p1a: PoliCorrupto
|-damage|p1a: PoliCorrupto|43/100
|cant|p1a: PoliCorrupto|flinch
|
|-weather|Sandstorm|[upkeep]
|-damage|p1a: PoliCorrupto|37/100|[from] Sandstorm
|-heal|p1a: PoliCorrupto|43/100|[from] item: Leftovers
|upkeep
|turn|47
|
|t:|1748805497
|move|p2a: Jirachi|Iron Head|p1a: PoliCorrupto
|-resisted|p1a: PoliCorrupto
|-damage|p1a: PoliCorrupto|32/100
|cant|p1a: PoliCorrupto|flinch
|
|-weather|Sandstorm|[upkeep]
|-damage|p1a: PoliCorrupto|26/100|[from] Sandstorm
|-heal|p1a: PoliCorrupto|32/100|[from] item: Leftovers
|upkeep
|turn|48
|
|t:|1748805500
|move|p2a: Jirachi|Iron Head|p1a: PoliCorrupto
|-resisted|p1a: PoliCorrupto
|-damage|p1a: PoliCorrupto|21/100
|move|p1a: PoliCorrupto|Rest|p1a: PoliCorrupto
|-status|p1a: PoliCorrupto|slp|[from] move: Rest
|-heal|p1a: PoliCorrupto|100/100 slp|[silent]
|
|-weather|Sandstorm|[upkeep]
|-damage|p1a: PoliCorrupto|94/100 slp|[from] Sandstorm
|-heal|p1a: PoliCorrupto|100/100 slp|[from] item: Leftovers
|upkeep
|turn|49
|c|☆fatyfatty|see ya
|-message|cinema staff fan forfeited.
|
|win|fatyfatty
|raw|fatyfatty's rating: 1440 &rarr; <strong>1457</strong><br />(+17 for winning)
|raw|cinema staff fan's rating: 1392 &rarr; <strong>1375</strong><br />(-17 for losing)
|l|☆cinema staff fan
|player|p2|
