|j|☆SkAm NEwToN
|j|☆RahelGamer03
|player|p1|SkAm NEwToN|275|1417
|player|p2|RahelGamer03|ninjaboy-gen3|1315
|teamsize|p1|6
|teamsize|p2|6
|gametype|singles
|gen|5
|tier|[Gen 5] OU
|rated|
|rule|Sleep Clause Mod: Limit one foe put to sleep
|rule|Species Clause: Limit one of each Pokémon
|rule|OHKO Clause: OHKO moves are banned
|rule|Moody Clause: Moody is banned
|rule|Evasion Moves Clause: Evasion moves are banned
|rule|Endless Battle Clause: Forcing endless battles is banned
|rule|HP Percentage Mod: HP is shown in percentages
|rule|Evasion Abilities Clause: Evasion abilities are banned
|rule|Baton Pass Clause: Limit one Baton Passer, can't pass Spe and other stats simultaneously
|rule|Swagger Clause: Swagger is banned
|clearpoke
|poke|p1|Rotom-Wash|item
|poke|p1|Scizor, M|item
|poke|p1|Mew|item
|poke|p1|Venusaur, M|item
|poke|p1|Garchomp, F|item
|poke|p1|Hydreigon, M|item
|poke|p2|Magnezone|item
|poke|p2|Dragonite, M|item
|poke|p2|Starmie|item
|poke|p2|Gliscor, F|item
|poke|p2|Jirachi|item
|poke|p2|Garchomp, M|item
|teampreview
|
|start
|switch|p1a: Mew|Mew|100/100
|switch|p2a: Jirachi|Jirachi|100/100
|turn|1
|inactive|Battle timer is ON: inactive players will automatically lose when time's up. (requested by SkAm NEwToN)
|
|move|p2a: Jirachi|Stealth Rock|p1a: Mew
|-sidestart|p1: SkAm NEwToN|move: Stealth Rock
|move|p1a: Mew|Will-O-Wisp|p2a: Jirachi|[miss]
|-miss|p1a: Mew|p2a: Jirachi
|
|upkeep
|turn|2
|
|move|p2a: Jirachi|U-turn|p1a: Mew
|-supereffective|p1a: Mew
|-damage|p1a: Mew|74/100
|
|switch|p2a: Starmie|Starmie|100/100|[from]move: U-turn
|move|p1a: Mew|Will-O-Wisp|p2a: Starmie
|-status|p2a: Starmie|brn
|
|-heal|p1a: Mew|80/100|[from] item: Leftovers
|-damage|p2a: Starmie|88/100 brn|[from] brn
|upkeep
|turn|3
|
|move|p2a: Starmie|Hydro Pump|p1a: Mew
|-damage|p1a: Mew|36/100
|-damage|p2a: Starmie|78/100 brn|[from] item: Life Orb
|move|p1a: Mew|U-turn|p2a: Starmie
|-supereffective|p2a: Starmie
|-damage|p2a: Starmie|26/100 brn
|
|switch|p1a: Rotom|Rotom-Wash|100/100|[from]move: U-turn
|-damage|p1a: Rotom|88/100|[from] Stealth Rock
|
|-heal|p1a: Rotom|94/100|[from] item: Leftovers
|-damage|p2a: Starmie|14/100 brn|[from] brn
|upkeep
|turn|4
|
|move|p2a: Starmie|Thunderbolt|p1a: Rotom
|-damage|p1a: Rotom|54/100
|-damage|p2a: Starmie|4/100 brn|[from] item: Life Orb
|move|p1a: Rotom|Will-O-Wisp|p2a: Starmie
|-fail|p2a: Starmie|brn
|
|-heal|p1a: Rotom|60/100|[from] item: Leftovers
|-damage|p2a: Starmie|0 fnt|[from] brn
|faint|p2a: Starmie
|upkeep
|
|switch|p2a: Garchomp|Garchomp, M|100/100
|turn|5
|
|move|p2a: Garchomp|Outrage|p1a: Rotom
|-damage|p1a: Rotom|13/100
|move|p1a: Rotom|Will-O-Wisp|p2a: Garchomp|[miss]
|-miss|p1a: Rotom|p2a: Garchomp
|
|-heal|p1a: Rotom|19/100|[from] item: Leftovers
|upkeep
|turn|6
|
|move|p1a: Rotom|Protect|p1a: Rotom
|-singleturn|p1a: Rotom|Protect
|move|p2a: Garchomp|Outrage|p1a: Rotom|[from]lockedmove
|-activate|p1a: Rotom|move: Protect
|-start|p2a: Garchomp|confusion|[fatigue]
|
|-heal|p1a: Rotom|25/100|[from] item: Leftovers
|upkeep
|turn|7
|
|-activate|p2a: Garchomp|confusion
|-damage|p2a: Garchomp|87/100|[from] confusion
|move|p1a: Rotom|Will-O-Wisp|p2a: Garchomp
|-status|p2a: Garchomp|brn
|
|-heal|p1a: Rotom|31/100|[from] item: Leftovers
|-damage|p2a: Garchomp|75/100 brn|[from] brn
|upkeep
|turn|8
|inactive|RahelGamer03 has 120 seconds left.
|
|-activate|p2a: Garchomp|confusion
|-damage|p2a: Garchomp|68/100 brn|[from] confusion
|move|p1a: Rotom|Will-O-Wisp|p2a: Garchomp
|-fail|p2a: Garchomp|brn
|
|-heal|p1a: Rotom|38/100|[from] item: Leftovers
|-damage|p2a: Garchomp|55/100 brn|[from] brn
|upkeep
|turn|9
|
|move|p1a: Rotom|Protect|p1a: Rotom
|-singleturn|p1a: Rotom|Protect
|-activate|p2a: Garchomp|confusion
|move|p2a: Garchomp|Outrage|p1a: Rotom
|-activate|p1a: Rotom|move: Protect
|
|-heal|p1a: Rotom|44/100|[from] item: Leftovers
|-damage|p2a: Garchomp|43/100 brn|[from] brn
|upkeep
|turn|10
|
|-end|p2a: Garchomp|confusion
|move|p2a: Garchomp|Outrage|p1a: Rotom
|-damage|p1a: Rotom|18/100
|move|p1a: Rotom|Hydro Pump|p2a: Garchomp|[miss]
|-miss|p1a: Rotom|p2a: Garchomp
|
|-heal|p1a: Rotom|24/100|[from] item: Leftovers
|-damage|p2a: Garchomp|31/100 brn|[from] brn
|upkeep
|turn|11
|inactive|RahelGamer03 has 120 seconds left.
|
|move|p1a: Rotom|Protect|p1a: Rotom
|-singleturn|p1a: Rotom|Protect
|move|p2a: Garchomp|Outrage|p1a: Rotom|[from]lockedmove
|-activate|p1a: Rotom|move: Protect
|-start|p2a: Garchomp|confusion|[fatigue]
|
|-heal|p1a: Rotom|30/100|[from] item: Leftovers
|-damage|p2a: Garchomp|18/100 brn|[from] brn
|upkeep
|turn|12
|
|-activate|p2a: Garchomp|confusion
|move|p2a: Garchomp|Outrage|p1a: Rotom
|-damage|p1a: Rotom|4/100
|move|p1a: Rotom|Hydro Pump|p2a: Garchomp
|-crit|p2a: Garchomp
|-damage|p2a: Garchomp|0 fnt
|faint|p2a: Garchomp
|
|-heal|p1a: Rotom|11/100|[from] item: Leftovers
|upkeep
|
|switch|p2a: Dragonite|Dragonite, M|100/100
|turn|13
|
|move|p2a: Dragonite|Extreme Speed|p1a: Rotom
|-damage|p1a: Rotom|0 fnt
|faint|p1a: Rotom
|
|upkeep
|
|switch|p1a: Garchomp|Garchomp, F|100/100
|-damage|p1a: Garchomp|94/100|[from] Stealth Rock
|turn|14
|
|switch|p2a: Jirachi|Jirachi|100/100
|move|p1a: Garchomp|Stealth Rock|p2a: Jirachi
|-sidestart|p2: RahelGamer03|move: Stealth Rock
|
|upkeep
|turn|15
|
|switch|p2a: Gliscor|Gliscor, F|100/100
|-damage|p2a: Gliscor|88/100|[from] Stealth Rock
|move|p1a: Garchomp|Earthquake|p2a: Gliscor
|-immune|p2a: Gliscor
|
|-status|p2a: Gliscor|tox|[from] item: Toxic Orb
|upkeep
|turn|16
|
|move|p1a: Garchomp|Swords Dance|p1a: Garchomp
|-boost|p1a: Garchomp|atk|2
|move|p2a: Gliscor|Swords Dance|p2a: Gliscor
|-boost|p2a: Gliscor|atk|2
|
|-heal|p2a: Gliscor|100/100 tox|[from] ability: Poison Heal
|upkeep
|turn|17
|
|move|p1a: Garchomp|Dragon Claw|p2a: Gliscor
|-damage|p2a: Gliscor|30/100 tox
|move|p2a: Gliscor|Ice Fang|p1a: Garchomp
|-supereffective|p1a: Garchomp
|-damage|p1a: Garchomp|0 fnt
|-damage|p2a: Gliscor|17/100 tox|[from] ability: Rough Skin|[of] p1a: Garchomp
|-damage|p2a: Gliscor|1/100 tox|[from] item: Rocky Helmet|[of] p1a: Garchomp
|faint|p1a: Garchomp
|
|-heal|p2a: Gliscor|13/100 tox|[from] ability: Poison Heal
|upkeep
|
|switch|p1a: Hydreigon|Hydreigon, M|100/100
|-damage|p1a: Hydreigon|88/100|[from] Stealth Rock
|turn|18
|inactive|RahelGamer03 has 120 seconds left.
|
|move|p1a: Hydreigon|Dark Pulse|p2a: Gliscor
|-damage|p2a: Gliscor|0 fnt
|faint|p2a: Gliscor
|
|upkeep
|
|switch|p2a: Jirachi|Jirachi|100/100
|-damage|p2a: Jirachi|94/100|[from] Stealth Rock
|turn|19
|
|switch|p1a: Mew|Mew|36/100
|-damage|p1a: Mew|24/100|[from] Stealth Rock
|move|p2a: Jirachi|U-turn|p1a: Mew
|-supereffective|p1a: Mew
|-damage|p1a: Mew|0 fnt
|faint|p1a: Mew
|inactive|RahelGamer03 has 120 seconds left.
|
|switch|p2a: Magnezone|Magnezone|100/100|[from]move: U-turn
|-damage|p2a: Magnezone|94/100|[from] Stealth Rock
|-item|p2a: Magnezone|Air Balloon
|
|upkeep
|
|switch|p1a: Venusaur|Venusaur, M|100/100
|-damage|p1a: Venusaur|88/100|[from] Stealth Rock
|turn|20
|inactive|RahelGamer03 has 120 seconds left.
|
|move|p2a: Magnezone|Sunny Day|p2a: Magnezone
|-weather|SunnyDay
|move|p1a: Venusaur|Giga Drain|p2a: Magnezone
|-resisted|p2a: Magnezone
|-damage|p2a: Magnezone|78/100
|-heal|p1a: Venusaur|94/100|[from] drain|[of] p2a: Magnezone
|-enditem|p2a: Magnezone|Air Balloon
|
|-weather|SunnyDay|[upkeep]
|-heal|p1a: Venusaur|100/100|[from] item: Black Sludge
|upkeep
|turn|21
|
|move|p1a: Venusaur|Earthquake|p2a: Magnezone
|-supereffective|p2a: Magnezone
|-damage|p2a: Magnezone|5/100
|move|p2a: Magnezone|Magnet Rise|p2a: Magnezone
|-start|p2a: Magnezone|Magnet Rise
|
|-weather|SunnyDay|[upkeep]
|upkeep
|turn|22
|
|move|p1a: Venusaur|Giga Drain|p2a: Magnezone
|-resisted|p2a: Magnezone
|-damage|p2a: Magnezone|0 fnt
|faint|p2a: Magnezone
|
|-weather|SunnyDay|[upkeep]
|upkeep
|
|switch|p2a: Dragonite|Dragonite, M|100/100
|-damage|p2a: Dragonite|75/100|[from] Stealth Rock
|turn|23
|
|move|p1a: Venusaur|Toxic|p2a: Dragonite
|-status|p2a: Dragonite|tox
|move|p2a: Dragonite|Fire Punch|p1a: Venusaur
|-supereffective|p1a: Venusaur
|-damage|p1a: Venusaur|0 fnt
|faint|p1a: Venusaur
|
|-weather|SunnyDay|[upkeep]
|-damage|p2a: Dragonite|69/100 tox|[from] psn
|upkeep
|
|switch|p1a: Hydreigon|Hydreigon, M|88/100
|-damage|p1a: Hydreigon|76/100|[from] Stealth Rock
|turn|24
|
|switch|p2a: Jirachi|Jirachi|94/100
|-damage|p2a: Jirachi|88/100|[from] Stealth Rock
|move|p1a: Hydreigon|Draco Meteor|p2a: Jirachi
|-resisted|p2a: Jirachi
|-damage|p2a: Jirachi|63/100
|-unboost|p1a: Hydreigon|spa|2
|
|-weather|none
|-heal|p2a: Jirachi|69/100|[from] item: Leftovers
|upkeep
|turn|25
|
|switch|p1a: Scizor|Scizor, M|100/100
|-damage|p1a: Scizor|88/100|[from] Stealth Rock
|move|p2a: Jirachi|U-turn|p1a: Scizor
|-resisted|p1a: Scizor
|-damage|p1a: Scizor|80/100
|
|switch|p2a: Dragonite|Dragonite, M|69/100 tox|[from]move: U-turn
|-damage|p2a: Dragonite|44/100 tox|[from] Stealth Rock
|
|-heal|p1a: Scizor|86/100|[from] item: Leftovers
|-damage|p2a: Dragonite|38/100 tox|[from] psn
|upkeep
|turn|26
|
|move|p1a: Scizor|Bullet Punch|p2a: Dragonite
|-damage|p2a: Dragonite|2/100 tox
|move|p2a: Dragonite|Fire Punch|p1a: Scizor
|-supereffective|p1a: Scizor
|-damage|p1a: Scizor|0 fnt
|faint|p1a: Scizor
|
|-damage|p2a: Dragonite|0 fnt|[from] psn
|faint|p2a: Dragonite
|upkeep
|
|switch|p2a: Jirachi|Jirachi|69/100
|switch|p1a: Hydreigon|Hydreigon, M|76/100
|-damage|p1a: Hydreigon|64/100|[from] Stealth Rock
|-damage|p2a: Jirachi|63/100|[from] Stealth Rock
|turn|27
|
|move|p1a: Hydreigon|Dark Pulse|p2a: Jirachi
|-damage|p2a: Jirachi|35/100
|move|p2a: Jirachi|Icy Wind|p1a: Hydreigon
|-supereffective|p1a: Hydreigon
|-damage|p1a: Hydreigon|36/100
|-unboost|p1a: Hydreigon|spe|1
|
|-heal|p2a: Jirachi|41/100|[from] item: Leftovers
|upkeep
|turn|28
|
|move|p1a: Hydreigon|Dark Pulse|p2a: Jirachi
|-damage|p2a: Jirachi|13/100
|move|p2a: Jirachi|Icy Wind|p1a: Hydreigon
|-supereffective|p1a: Hydreigon
|-damage|p1a: Hydreigon|7/100
|-unboost|p1a: Hydreigon|spe|1
|
|-heal|p2a: Jirachi|19/100|[from] item: Leftovers
|upkeep
|turn|29
|
|move|p2a: Jirachi|U-turn|p1a: Hydreigon
|-supereffective|p1a: Hydreigon
|-damage|p1a: Hydreigon|0 fnt
|faint|p1a: Hydreigon
|
|win|RahelGamer03
|l|☆SkAm NEwToN
|raw|SkAm NEwToN's rating: 1418 &rarr; <strong>1392</strong><br />(-26 for losing)
|raw|RahelGamer03's rating: 1315 &rarr; <strong>1341</strong><br />(+26 for winning)
