|j|☆refsunpersons()
|j|☆Invisible Paradigm
|player|p1|refsunpersons()|142
|player|p2|Invisible Paradigm|25
|teamsize|p1|6
|teamsize|p2|6
|gametype|singles
|gen|5
|tier|[Gen 5] OU
|rated|
|rule|Sleep Clause Mod: Limit one foe put to sleep
|rule|Species Clause: Limit one of each Pokémon
|rule|OHKO Clause: OHKO moves are banned
|rule|Moody Clause: Moody is banned
|rule|Evasion Moves Clause: Evasion moves are banned
|rule|Endless Battle Clause: Forcing endless battles is banned
|rule|HP Percentage Mod: HP is shown in percentages
|rule|Evasion Abilities Clause: Evasion abilities are banned
|rule|Baton Pass Clause: Limit one Baton Passer, can't pass Spe and other stats simultaneously
|rule|Swagger Clause: Swagger is banned
|clearpoke
|poke|p1|Gliscor, F|item
|poke|p1|Tyranitar, F|item
|poke|p1|Latios, M|item
|poke|p1|Excadrill, M|item
|poke|p1|Amoonguss, F|item
|poke|p1|Magnezone|item
|poke|p2|Rotom-Wash|item
|poke|p2|Starmie|item
|poke|p2|Politoed, M|item
|poke|p2|Ferrothorn, M|item
|poke|p2|Gyarados, F|item
|poke|p2|Garchomp, M|item
|teampreview
|c|☆refsunpersons()|gl hf
|c|☆Invisible Paradigm|u2 !
|c|☆refsunpersons()|rotom in rain
|c|☆refsunpersons()|does that work?
|c|☆Invisible Paradigm|it does yup
|c|☆refsunpersons()|4 waters
|
|start
|switch|p1a: Tyranitar|Tyranitar, F|100/100
|switch|p2a: Garchomp|Garchomp, M|100/100
|-weather|Sandstorm|[from] ability: Sand Stream|[of] p1a: Tyranitar
|turn|1
|c|☆refsunpersons()|the new dragmag
|
|switch|p1a: Gliscor|Gliscor, F|100/100
|move|p2a: Garchomp|Swords Dance|p2a: Garchomp
|-boost|p2a: Garchomp|atk|2
|
|-weather|Sandstorm|[upkeep]
|-status|p1a: Gliscor|tox|[from] item: Toxic Orb
|upkeep
|turn|2
|j| RAND0M TEAM GENS
|
|move|p1a: Gliscor|Protect|p1a: Gliscor
|-singleturn|p1a: Gliscor|Protect
|move|p2a: Garchomp|Swords Dance|p2a: Garchomp
|-boost|p2a: Garchomp|atk|2
|
|-weather|Sandstorm|[upkeep]
|upkeep
|turn|3
|
|switch|p1a: Excadrill|Excadrill, M|100/100
|move|p2a: Garchomp|Aqua Tail|p1a: Excadrill
|-supereffective|p1a: Excadrill
|-damage|p1a: Excadrill|0 fnt
|faint|p1a: Excadrill
|
|-weather|Sandstorm|[upkeep]
|upkeep
|
|switch|p1a: Latios|Latios, M|100/100
|turn|4
|
|switch|p1a: Magnezone|Magnezone|100/100
|-item|p1a: Magnezone|Air Balloon
|switch|p2a: Ferrothorn|Ferrothorn, M|100/100
|
|-weather|Sandstorm|[upkeep]
|upkeep
|turn|5
|
|move|p1a: Magnezone|Hidden Power|p2a: Ferrothorn
|-supereffective|p2a: Ferrothorn
|-damage|p2a: Ferrothorn|27/100
|move|p2a: Ferrothorn|Stealth Rock|p1a: Magnezone
|-sidestart|p1: refsunpersons()|move: Stealth Rock
|
|-weather|Sandstorm|[upkeep]
|-heal|p2a: Ferrothorn|33/100|[from] item: Leftovers
|upkeep
|turn|6
|
|move|p1a: Magnezone|Hidden Power|p2a: Ferrothorn
|-supereffective|p2a: Ferrothorn
|-damage|p2a: Ferrothorn|0 fnt
|faint|p2a: Ferrothorn
|
|-weather|Sandstorm|[upkeep]
|upkeep
|
|switch|p2a: Rotom|Rotom-Wash|100/100
|turn|7
|
|move|p2a: Rotom|Volt Switch|p1a: Magnezone
|-resisted|p1a: Magnezone
|-damage|p1a: Magnezone|84/100
|-enditem|p1a: Magnezone|Air Balloon
|
|switch|p2a: Garchomp|Garchomp, M|100/100
|move|p1a: Magnezone|Thunderbolt|p2a: Garchomp
|-immune|p2a: Garchomp
|
|-weather|Sandstorm|[upkeep]
|upkeep
|turn|8
|
|move|p2a: Garchomp|Outrage|p1a: Magnezone
|-resisted|p1a: Magnezone
|-damage|p1a: Magnezone|52/100
|move|p1a: Magnezone|Flash Cannon|p2a: Garchomp
|-damage|p2a: Garchomp|53/100
|
|-weather|Sandstorm|[upkeep]
|upkeep
|turn|9
|
|move|p2a: Garchomp|Outrage|p1a: Magnezone|[from]lockedmove
|-resisted|p1a: Magnezone
|-damage|p1a: Magnezone|20/100
|-start|p2a: Garchomp|confusion|[fatigue]
|move|p1a: Magnezone|Flash Cannon|p2a: Garchomp
|-damage|p2a: Garchomp|6/100
|
|-weather|Sandstorm|[upkeep]
|upkeep
|turn|10
|
|switch|p2a: Rotom|Rotom-Wash|100/100
|switch|p1a: Gliscor|Gliscor, F|100/100 tox
|-damage|p1a: Gliscor|88/100 tox|[from] Stealth Rock
|
|-weather|Sandstorm|[upkeep]
|-damage|p2a: Rotom|95/100|[from] Sandstorm
|-heal|p2a: Rotom|100/100|[from] item: Leftovers
|-heal|p1a: Gliscor|100/100 tox|[from] ability: Poison Heal
|upkeep
|turn|11
|
|move|p1a: Gliscor|Protect|p1a: Gliscor
|-singleturn|p1a: Gliscor|Protect
|move|p2a: Rotom|Will-O-Wisp|p1a: Gliscor
|-activate|p1a: Gliscor|move: Protect
|
|-weather|Sandstorm|[upkeep]
|-damage|p2a: Rotom|95/100|[from] Sandstorm
|-heal|p2a: Rotom|100/100|[from] item: Leftovers
|upkeep
|turn|12
|
|switch|p1a: Tyranitar|Tyranitar, F|100/100
|-damage|p1a: Tyranitar|88/100|[from] Stealth Rock
|move|p2a: Rotom|Volt Switch|p1a: Tyranitar
|-damage|p1a: Tyranitar|77/100
|
|switch|p2a: Politoed|Politoed, M|100/100
|-weather|RainDance|[from] ability: Drizzle|[of] p2a: Politoed
|
|-weather|RainDance|[upkeep]
|upkeep
|turn|13
|
|switch|p1a: Amoonguss|Amoonguss, F|100/100
|-damage|p1a: Amoonguss|88/100|[from] Stealth Rock
|move|p2a: Politoed|Scald|p1a: Amoonguss
|-resisted|p1a: Amoonguss
|-damage|p1a: Amoonguss|73/100
|
|-weather|RainDance|[upkeep]
|-heal|p1a: Amoonguss|79/100|[from] item: Black Sludge
|upkeep
|turn|14
|
|switch|p2a: Garchomp|Garchomp, M|6/100
|move|p1a: Amoonguss|Stun Spore|p2a: Garchomp
|-status|p2a: Garchomp|par
|
|-weather|RainDance|[upkeep]
|-heal|p1a: Amoonguss|86/100|[from] item: Black Sludge
|upkeep
|turn|15
|
|move|p1a: Amoonguss|Giga Drain|p2a: Garchomp
|-damage|p2a: Garchomp|0 fnt
|-heal|p1a: Amoonguss|88/100|[from] drain|[of] p2a: Garchomp
|faint|p2a: Garchomp
|
|-weather|RainDance|[upkeep]
|-heal|p1a: Amoonguss|94/100|[from] item: Black Sludge
|upkeep
|
|switch|p2a: Gyarados|Gyarados, F|100/100
|turn|16
|
|switch|p1a: Latios|Latios, M|100/100
|-damage|p1a: Latios|88/100|[from] Stealth Rock
|move|p2a: Gyarados|Substitute|p2a: Gyarados
|-start|p2a: Gyarados|Substitute
|-damage|p2a: Gyarados|76/100
|
|-weather|RainDance|[upkeep]
|-heal|p2a: Gyarados|82/100|[from] item: Leftovers
|upkeep
|turn|17
|
|move|p1a: Latios|Dragon Pulse|p2a: Gyarados
|-end|p2a: Gyarados|Substitute
|move|p2a: Gyarados|Dragon Dance|p2a: Gyarados
|-boost|p2a: Gyarados|atk|1
|-boost|p2a: Gyarados|spe|1
|
|-weather|RainDance|[upkeep]
|-heal|p2a: Gyarados|88/100|[from] item: Leftovers
|upkeep
|turn|18
|
|move|p1a: Latios|Dragon Pulse|p2a: Gyarados
|-damage|p2a: Gyarados|49/100
|move|p2a: Gyarados|Bounce||[still]
|-prepare|p2a: Gyarados|Bounce|p1a: Latios
|
|-weather|RainDance|[upkeep]
|-heal|p2a: Gyarados|55/100|[from] item: Leftovers
|upkeep
|turn|19
|
|switch|p1a: Magnezone|Magnezone|20/100
|-damage|p1a: Magnezone|14/100|[from] Stealth Rock
|move|p2a: Gyarados|Bounce|p1a: Magnezone|[from]lockedmove
|-resisted|p1a: Magnezone
|-damage|p1a: Magnezone|0 fnt
|faint|p1a: Magnezone
|-ability|p2a: Gyarados|Moxie|boost
|-boost|p2a: Gyarados|atk|1
|
|-weather|RainDance|[upkeep]
|-heal|p2a: Gyarados|61/100|[from] item: Leftovers
|upkeep
|
|switch|p1a: Latios|Latios, M|88/100
|-damage|p1a: Latios|76/100|[from] Stealth Rock
|turn|20
|
|switch|p2a: Rotom|Rotom-Wash|100/100
|move|p1a: Latios|Draco Meteor|p2a: Rotom
|-damage|p2a: Rotom|21/100
|-unboost|p1a: Latios|spa|2
|
|-weather|RainDance|[upkeep]
|-heal|p2a: Rotom|27/100|[from] item: Leftovers
|upkeep
|turn|21
|
|switch|p1a: Tyranitar|Tyranitar, F|77/100
|-damage|p1a: Tyranitar|65/100|[from] Stealth Rock
|-weather|Sandstorm|[from] ability: Sand Stream|[of] p1a: Tyranitar
|move|p2a: Rotom|Volt Switch|p1a: Tyranitar
|-damage|p1a: Tyranitar|54/100
|
|switch|p2a: Gyarados|Gyarados, F|61/100
|
|-weather|Sandstorm|[upkeep]
|-damage|p2a: Gyarados|55/100|[from] Sandstorm
|-heal|p2a: Gyarados|61/100|[from] item: Leftovers
|upkeep
|turn|22
|
|move|p2a: Gyarados|Waterfall|p1a: Tyranitar
|-supereffective|p1a: Tyranitar
|-damage|p1a: Tyranitar|0 fnt
|faint|p1a: Tyranitar
|-ability|p2a: Gyarados|Moxie|boost
|-boost|p2a: Gyarados|atk|1
|
|-weather|Sandstorm|[upkeep]
|-damage|p2a: Gyarados|55/100|[from] Sandstorm
|-heal|p2a: Gyarados|61/100|[from] item: Leftovers
|upkeep
|
|switch|p1a: Latios|Latios, M|76/100
|-damage|p1a: Latios|64/100|[from] Stealth Rock
|turn|23
|
|switch|p2a: Rotom|Rotom-Wash|27/100
|move|p1a: Latios|Dragon Pulse|p2a: Rotom
|-damage|p2a: Rotom|0 fnt
|faint|p2a: Rotom
|
|-weather|Sandstorm|[upkeep]
|-damage|p1a: Latios|58/100|[from] Sandstorm
|upkeep
|
|switch|p2a: Politoed|Politoed, M|100/100
|-weather|RainDance|[from] ability: Drizzle|[of] p2a: Politoed
|turn|24
|
|switch|p1a: Amoonguss|Amoonguss, F|100/100
|-damage|p1a: Amoonguss|88/100|[from] Stealth Rock
|move|p2a: Politoed|Ice Beam|p1a: Amoonguss
|-supereffective|p1a: Amoonguss
|-damage|p1a: Amoonguss|59/100
|
|-weather|RainDance|[upkeep]
|-heal|p1a: Amoonguss|66/100|[from] item: Black Sludge
|upkeep
|turn|25
|
|move|p2a: Politoed|Ice Beam|p1a: Amoonguss
|-supereffective|p1a: Amoonguss
|-damage|p1a: Amoonguss|35/100
|move|p1a: Amoonguss|Spore|p2a: Politoed
|-status|p2a: Politoed|slp
|
|-weather|RainDance|[upkeep]
|-heal|p1a: Amoonguss|41/100|[from] item: Black Sludge
|upkeep
|turn|26
|
|cant|p2a: Politoed|slp
|move|p1a: Amoonguss|Stun Spore||[still]
|-fail|p1a: Amoonguss
|
|-weather|RainDance|[upkeep]
|-heal|p1a: Amoonguss|47/100|[from] item: Black Sludge
|upkeep
|turn|27
|
|-curestatus|p2a: Politoed|slp|[msg]
|move|p2a: Politoed|Ice Beam|p1a: Amoonguss
|-supereffective|p1a: Amoonguss
|-damage|p1a: Amoonguss|16/100
|move|p1a: Amoonguss|Giga Drain|p2a: Politoed
|-supereffective|p2a: Politoed
|-damage|p2a: Politoed|61/100
|-heal|p1a: Amoonguss|33/100|[from] drain|[of] p2a: Politoed
|
|-weather|RainDance|[upkeep]
|-heal|p1a: Amoonguss|39/100|[from] item: Black Sludge
|upkeep
|turn|28
|
|move|p2a: Politoed|Ice Beam|p1a: Amoonguss
|-supereffective|p1a: Amoonguss
|-damage|p1a: Amoonguss|13/100
|move|p1a: Amoonguss|Spore|p2a: Politoed
|-status|p2a: Politoed|slp
|
|-weather|RainDance|[upkeep]
|-heal|p1a: Amoonguss|19/100|[from] item: Black Sludge
|upkeep
|turn|29
|
|switch|p2a: Gyarados|Gyarados, F|61/100
|move|p1a: Amoonguss|Giga Drain|p2a: Gyarados
|-damage|p2a: Gyarados|40/100
|-heal|p1a: Amoonguss|28/100|[from] drain|[of] p2a: Gyarados
|
|-weather|RainDance|[upkeep]
|-heal|p2a: Gyarados|46/100|[from] item: Leftovers
|-heal|p1a: Amoonguss|35/100|[from] item: Black Sludge
|upkeep
|turn|30
|
|switch|p1a: Latios|Latios, M|58/100
|-damage|p1a: Latios|45/100|[from] Stealth Rock
|move|p2a: Gyarados|Substitute|p2a: Gyarados
|-start|p2a: Gyarados|Substitute
|-damage|p2a: Gyarados|21/100
|
|-weather|RainDance|[upkeep]
|-heal|p2a: Gyarados|27/100|[from] item: Leftovers
|upkeep
|turn|31
|
|move|p1a: Latios|Dragon Pulse|p2a: Gyarados
|-end|p2a: Gyarados|Substitute
|move|p2a: Gyarados|Bounce||[still]
|-prepare|p2a: Gyarados|Bounce|p1a: Latios
|
|-weather|RainDance|[upkeep]
|-heal|p2a: Gyarados|34/100|[from] item: Leftovers
|upkeep
|turn|32
|
|switch|p1a: Gliscor|Gliscor, F|100/100 tox
|-damage|p1a: Gliscor|88/100 tox|[from] Stealth Rock
|move|p2a: Gyarados|Bounce|p1a: Gliscor|[from]lockedmove
|-damage|p1a: Gliscor|62/100 tox
|
|-weather|RainDance|[upkeep]
|-heal|p2a: Gyarados|40/100|[from] item: Leftovers
|-heal|p1a: Gliscor|74/100 tox|[from] ability: Poison Heal
|upkeep
|turn|33
|
|move|p2a: Gyarados|Waterfall|p1a: Gliscor
|-supereffective|p1a: Gliscor
|-crit|p1a: Gliscor
|-damage|p1a: Gliscor|0 fnt
|faint|p1a: Gliscor
|-ability|p2a: Gyarados|Moxie|boost
|-boost|p2a: Gyarados|atk|1
|
|-weather|RainDance|[upkeep]
|-heal|p2a: Gyarados|46/100|[from] item: Leftovers
|upkeep
|
|switch|p1a: Latios|Latios, M|45/100
|-damage|p1a: Latios|33/100|[from] Stealth Rock
|turn|34
|
|switch|p2a: Politoed|Politoed, M|61/100 slp
|move|p1a: Latios|Dragon Pulse|p2a: Politoed
|-damage|p2a: Politoed|19/100 slp
|
|-weather|RainDance|[upkeep]
|upkeep
|turn|35
|
|move|p1a: Latios|Dragon Pulse|p2a: Politoed
|-damage|p2a: Politoed|0 fnt
|faint|p2a: Politoed
|
|-weather|RainDance|[upkeep]
|upkeep
|
|switch|p2a: Starmie|Starmie|100/100
|turn|36
|
|move|p1a: Latios|Dragon Pulse|p2a: Starmie
|-damage|p2a: Starmie|33/100
|move|p2a: Starmie|Psyshock|p1a: Latios
|-resisted|p1a: Latios
|-damage|p1a: Latios|0 fnt
|faint|p1a: Latios
|
|-weather|RainDance|[upkeep]
|upkeep
|
|switch|p1a: Amoonguss|Amoonguss, F|68/100
|-damage|p1a: Amoonguss|55/100|[from] Stealth Rock
|turn|37
|c|☆Invisible Paradigm|gg
|
|move|p2a: Starmie|Psyshock|p1a: Amoonguss
|-supereffective|p1a: Amoonguss
|-damage|p1a: Amoonguss|0 fnt
|faint|p1a: Amoonguss
|
|win|Invisible Paradigm
|c|☆refsunpersons()|gg
|c|☆refsunpersons()|i misplayed
|c|☆refsunpersons()|turn 1
|l|☆refsunpersons()
|raw|refsunpersons()'s rating: 1468 &rarr; <strong>1452</strong><br />(-16 for losing)
|raw|Invisible Paradigm's rating: 1540 &rarr; <strong>1556</strong><br />(+16 for winning)
