|j|☆Excaliburn88tests
|j|☆Clawdia Chauchat
|t:|1705088907
|gametype|singles
|player|p1|Excaliburn88tests|flannery|1400
|player|p2|Clawdia Chauchat|winona|1485
|teamsize|p1|6
|teamsize|p2|6
|gen|5
|tier|[Gen 5] OU
|rated|
|rule|Species Clause: Limit one of each Pokémon
|rule|OHKO Clause: OHKO moves are banned
|rule|Moody Clause: Moody is banned
|rule|Evasion Items Clause: Evasion items are banned
|rule|Evasion Moves Clause: Evasion moves are banned
|rule|Endless Battle Clause: Forcing endless battles is banned
|rule|HP Percentage Mod: HP is shown in percentages
|rule|Evasion Abilities Clause: Evasion abilities are banned
|rule|Sleep Moves Clause: Sleep-inducing moves are banned
|rule|Swagger Clause: Swagger is banned
|rule|Baton Pass Stat Clause: No Baton Passer may have a way to boost its stats
|clearpoke
|poke|p1|Ninetales, F|item
|poke|p1|Heatran, F|item
|poke|p1|Excadrill, F|item
|poke|p1|Zapdos|item
|poke|p1|Xatu, M|item
|poke|p1|Scizor, M|item
|poke|p2|Milotic, M|item
|poke|p2|Skarmory, M|item
|poke|p2|Starmie|item
|poke|p2|Landorus-Therian, M|item
|poke|p2|Latias, F|item
|poke|p2|Garchomp, F|item
|teampreview
|inactive|Battle timer is ON: inactive players will automatically lose when time's up. (requested by Clawdia Chauchat)
|
|t:|1705088916
|start
|switch|p1a: Maxilos|Scizor, M|100/100
|switch|p2a: Concorde I Miss U|Latias, F, shiny|100/100
|turn|1
|
|t:|1705088931
|switch|p1a: one drippy birb|Xatu, M, shiny|100/100
|move|p2a: Concorde I Miss U|Trick|p1a: one drippy birb
|-activate|p2a: Concorde I Miss U|move: Trick|[of] p1a: one drippy birb
|-item|p1a: one drippy birb|Flame Orb|[from] move: Trick
|-item|p2a: Concorde I Miss U|Rocky Helmet|[from] move: Trick
|
|-status|p1a: one drippy birb|brn|[from] item: Flame Orb
|upkeep
|turn|2
|
|t:|1705088951
|move|p2a: Concorde I Miss U|Draco Meteor|p1a: one drippy birb
|-damage|p1a: one drippy birb|33/100 brn
|-unboost|p2a: Concorde I Miss U|spa|2
|move|p1a: one drippy birb|Reflect|p1a: one drippy birb
|-sidestart|p1: Excaliburn88tests|Reflect
|
|-damage|p1a: one drippy birb|21/100 brn|[from] brn
|upkeep
|turn|3
|
|t:|1705088976
|switch|p1a: Zapdos|Zapdos, shiny|100/100
|-ability|p1a: Zapdos|Pressure
|move|p2a: Concorde I Miss U|Draco Meteor|p1a: Zapdos
|-damage|p1a: Zapdos|80/100
|-unboost|p2a: Concorde I Miss U|spa|2
|
|-heal|p1a: Zapdos|86/100|[from] item: Leftovers
|upkeep
|turn|4
|
|t:|1705088988
|switch|p2a: Amare Stoudemire|Garchomp, F|100/100
|switch|p1a: one drippy birb|Xatu, M, shiny|21/100 brn
|
|-damage|p1a: one drippy birb|9/100 brn|[from] brn
|upkeep
|turn|5
|
|t:|1705088997
|move|p2a: Amare Stoudemire|Fire Blast|p1a: one drippy birb
|-damage|p1a: one drippy birb|0 fnt
|faint|p1a: one drippy birb
|
|upkeep
|
|t:|1705089001
|switch|p1a: Zapdos|Zapdos, shiny|86/100
|-ability|p1a: Zapdos|Pressure
|turn|6
|
|t:|1705089008
|move|p2a: Amare Stoudemire|Stealth Rock|p1a: Zapdos
|-sidestart|p1: Excaliburn88tests|move: Stealth Rock
|move|p1a: Zapdos|Hidden Power|p2a: Amare Stoudemire
|-supereffective|p2a: Amare Stoudemire
|-crit|p2a: Amare Stoudemire
|-damage|p2a: Amare Stoudemire|0 fnt
|faint|p2a: Amare Stoudemire
|
|-heal|p1a: Zapdos|92/100|[from] item: Leftovers
|-sideend|p1: Excaliburn88tests|Reflect
|upkeep
|
|t:|1705089012
|switch|p2a: Concorde I Miss U|Latias, F, shiny|100/100
|turn|7
|
|t:|1705089021
|switch|p1a: Kirei|Excadrill, F, shiny|100/100
|-damage|p1a: Kirei|97/100|[from] Stealth Rock
|-ability|p1a: Kirei|Mold Breaker
|move|p2a: Concorde I Miss U|Trick|p1a: Kirei
|-activate|p2a: Concorde I Miss U|move: Trick|[of] p1a: Kirei
|-item|p1a: Kirei|Rocky Helmet|[from] move: Trick
|-item|p2a: Concorde I Miss U|Leftovers|[from] move: Trick
|
|upkeep
|turn|8
|inactive|Clawdia Chauchat has 120 seconds left.
|
|t:|1705089055
|switch|p2a: Stress Fracture|Landorus-Therian, M, shiny|100/100
|-ability|p2a: Stress Fracture|Intimidate|boost
|-unboost|p1a: Kirei|atk|1
|move|p1a: Kirei|Rapid Spin|p2a: Stress Fracture
|-damage|p2a: Stress Fracture|95/100
|-sideend|p1: Excaliburn88tests|Stealth Rock|[from] move: Rapid Spin|[of] p1a: Kirei
|
|upkeep
|turn|9
|
|t:|1705089071
|switch|p1a: All Apologies|Ninetales, F, shiny|100/100
|-weather|SunnyDay|[from] ability: Drought|[of] p1a: All Apologies
|move|p2a: Stress Fracture|U-turn|p1a: All Apologies
|-resisted|p1a: All Apologies
|-damage|p1a: All Apologies|84/100
|
|t:|1705089084
|switch|p2a: God Loves Ugly|Milotic, M, shiny|100/100|[from] U-turn
|
|-weather|SunnyDay|[upkeep]
|-heal|p1a: All Apologies|90/100|[from] item: Leftovers
|upkeep
|turn|10
|
|t:|1705089091
|switch|p1a: Zapdos|Zapdos, shiny|92/100
|-ability|p1a: Zapdos|Pressure
|move|p2a: God Loves Ugly|Scald|p1a: Zapdos
|-damage|p1a: Zapdos|80/100
|-status|p1a: Zapdos|brn
|
|-weather|SunnyDay|[upkeep]
|-heal|p1a: Zapdos|86/100 brn|[from] item: Leftovers
|-damage|p1a: Zapdos|73/100 brn|[from] brn
|upkeep
|turn|11
|inactive|Clawdia Chauchat has 120 seconds left.
|
|t:|1705089120
|switch|p2a: Concorde I Miss U|Latias, F, shiny|100/100
|move|p1a: Zapdos|Thunderbolt|p2a: Concorde I Miss U
|-resisted|p2a: Concorde I Miss U
|-damage|p2a: Concorde I Miss U|83/100
|
|-weather|SunnyDay|[upkeep]
|-heal|p2a: Concorde I Miss U|89/100|[from] item: Leftovers
|-heal|p1a: Zapdos|79/100 brn|[from] item: Leftovers
|-damage|p1a: Zapdos|67/100 brn|[from] brn
|upkeep
|turn|12
|
|t:|1705089129
|switch|p2a: Stress Fracture|Landorus-Therian, M, shiny|95/100
|-ability|p2a: Stress Fracture|Intimidate|boost
|-unboost|p1a: Zapdos|atk|1
|switch|p1a: Kirei|Excadrill, F, shiny|97/100
|-ability|p1a: Kirei|Mold Breaker
|
|-weather|SunnyDay|[upkeep]
|upkeep
|turn|13
|
|t:|1705089134
|move|p1a: Kirei|Protect|p1a: Kirei
|-singleturn|p1a: Kirei|Protect
|move|p2a: Stress Fracture|Earthquake|p1a: Kirei
|-activate|p1a: Kirei|move: Protect
|
|-weather|SunnyDay|[upkeep]
|upkeep
|turn|14
|
|t:|1705089140
|switch|p2a: Zurich Is Stained|Skarmory, M|100/100
|switch|p1a: Zapdos|Zapdos, shiny|67/100 brn
|-ability|p1a: Zapdos|Pressure
|
|-weather|SunnyDay|[upkeep]
|-heal|p1a: Zapdos|73/100 brn|[from] item: Leftovers
|-damage|p1a: Zapdos|60/100 brn|[from] brn
|upkeep
|turn|15
|
|t:|1705089157
|switch|p2a: Concorde I Miss U|Latias, F, shiny|89/100
|move|p1a: Zapdos|Thunderbolt|p2a: Concorde I Miss U
|-resisted|p2a: Concorde I Miss U
|-damage|p2a: Concorde I Miss U|72/100
|
|-weather|SunnyDay|[upkeep]
|-heal|p2a: Concorde I Miss U|79/100|[from] item: Leftovers
|-heal|p1a: Zapdos|67/100 brn|[from] item: Leftovers
|-damage|p1a: Zapdos|54/100 brn|[from] brn
|upkeep
|turn|16
|inactive|Excaliburn88tests has 120 seconds left.
|
|t:|1705089210
|switch|p2a: La Femme|Starmie|100/100
|switch|p1a: Kirei|Excadrill, F, shiny|97/100
|-ability|p1a: Kirei|Mold Breaker
|
|-weather|SunnyDay|[upkeep]
|upkeep
|turn|17
|
|t:|1705089224
|move|p1a: Kirei|Protect|p1a: Kirei
|-singleturn|p1a: Kirei|Protect
|move|p2a: La Femme|Scald|p1a: Kirei
|-activate|p1a: Kirei|move: Protect
|
|-weather|SunnyDay|[upkeep]
|upkeep
|turn|18
|inactive|Clawdia Chauchat has 120 seconds left.
|
|t:|1705089266
|switch|p1a: All Apologies|Ninetales, F, shiny|90/100
|move|p2a: La Femme|Scald|p1a: All Apologies
|-supereffective|p1a: All Apologies
|-damage|p1a: All Apologies|65/100
|
|-weather|SunnyDay|[upkeep]
|-heal|p1a: All Apologies|72/100|[from] item: Leftovers
|upkeep
|turn|19
|
|t:|1705089281
|switch|p2a: Concorde I Miss U|Latias, F, shiny|79/100
|move|p1a: All Apologies|Flamethrower|p2a: Concorde I Miss U
|-resisted|p2a: Concorde I Miss U
|-damage|p2a: Concorde I Miss U|63/100
|
|-weather|SunnyDay|[upkeep]
|-heal|p2a: Concorde I Miss U|69/100|[from] item: Leftovers
|-heal|p1a: All Apologies|78/100|[from] item: Leftovers
|upkeep
|turn|20
|
|t:|1705089295
|move|p2a: Concorde I Miss U|Draco Meteor|p1a: All Apologies
|-damage|p1a: All Apologies|37/100
|-unboost|p2a: Concorde I Miss U|spa|2
|move|p1a: All Apologies|Pain Split|p2a: Concorde I Miss U
|-sethp|p2a: Concorde I Miss U|50/100|[from] move: Pain Split|[silent]
|-sethp|p1a: All Apologies|57/100|[from] move: Pain Split
|
|-weather|SunnyDay|[upkeep]
|-heal|p2a: Concorde I Miss U|57/100|[from] item: Leftovers
|-heal|p1a: All Apologies|64/100|[from] item: Leftovers
|upkeep
|turn|21
|inactive|Clawdia Chauchat has 120 seconds left.
|inactive|Excaliburn88tests has 90 seconds left.
|
|t:|1705089312
|switch|p2a: God Loves Ugly|Milotic, M, shiny|100/100
|switch|p1a: Maxilos|Scizor, M|100/100
|
|-weather|SunnyDay|[upkeep]
|upkeep
|turn|22
|inactive|Excaliburn88tests has 90 seconds left.
|
|t:|1705089333
|move|p2a: God Loves Ugly|Scald|p1a: Maxilos
|-damage|p1a: Maxilos|82/100
|move|p1a: Maxilos|Knock Off|p2a: God Loves Ugly
|-damage|p2a: God Loves Ugly|89/100
|-enditem|p2a: God Loves Ugly|Leftovers|[from] move: Knock Off|[of] p1a: Maxilos
|
|-weather|SunnyDay|[upkeep]
|upkeep
|turn|23
|inactive|Clawdia Chauchat has 120 seconds left.
|
|t:|1705089347
|switch|p1a: Pizza Nightmare|Heatran, F, shiny|100/100
|move|p2a: God Loves Ugly|Scald|p1a: Pizza Nightmare
|-supereffective|p1a: Pizza Nightmare
|-damage|p1a: Pizza Nightmare|78/100
|
|-weather|SunnyDay|[upkeep]
|-heal|p1a: Pizza Nightmare|84/100|[from] item: Leftovers
|upkeep
|turn|24
|inactive|Excaliburn88tests has 90 seconds left.
|
|t:|1705089353
|move|p1a: Pizza Nightmare|Substitute|p1a: Pizza Nightmare
|-start|p1a: Pizza Nightmare|Substitute
|-damage|p1a: Pizza Nightmare|60/100
|move|p2a: God Loves Ugly|Scald|p1a: Pizza Nightmare
|-supereffective|p1a: Pizza Nightmare
|-activate|p1a: Pizza Nightmare|Substitute|[damage]
|
|-weather|SunnyDay|[upkeep]
|-heal|p1a: Pizza Nightmare|66/100|[from] item: Leftovers
|upkeep
|turn|25
|inactive|Clawdia Chauchat has 120 seconds left.
|
|t:|1705089373
|move|p1a: Pizza Nightmare|Protect|p1a: Pizza Nightmare
|-singleturn|p1a: Pizza Nightmare|Protect
|move|p2a: God Loves Ugly|Scald|p1a: Pizza Nightmare
|-activate|p1a: Pizza Nightmare|move: Protect
|
|-weather|SunnyDay|[upkeep]
|-heal|p1a: Pizza Nightmare|72/100|[from] item: Leftovers
|upkeep
|turn|26
|
|t:|1705089376
|move|p1a: Pizza Nightmare|Torment|p2a: God Loves Ugly
|-start|p2a: God Loves Ugly|Torment
|move|p2a: God Loves Ugly|Scald|p1a: Pizza Nightmare
|-supereffective|p1a: Pizza Nightmare
|-end|p1a: Pizza Nightmare|Substitute
|
|-weather|SunnyDay|[upkeep]
|-heal|p1a: Pizza Nightmare|78/100|[from] item: Leftovers
|upkeep
|turn|27
|inactive|Clawdia Chauchat has 120 seconds left.
|
|t:|1705089409
|switch|p2a: La Femme|Starmie|100/100
|move|p1a: Pizza Nightmare|Substitute|p1a: Pizza Nightmare
|-start|p1a: Pizza Nightmare|Substitute
|-damage|p1a: Pizza Nightmare|53/100
|
|-weather|SunnyDay|[upkeep]
|-heal|p1a: Pizza Nightmare|59/100|[from] item: Leftovers
|upkeep
|turn|28
|
|t:|1705089414
|move|p1a: Pizza Nightmare|Protect|p1a: Pizza Nightmare
|-singleturn|p1a: Pizza Nightmare|Protect
|move|p2a: La Femme|Scald|p1a: Pizza Nightmare
|-activate|p1a: Pizza Nightmare|move: Protect
|
|-weather|SunnyDay|[upkeep]
|-heal|p1a: Pizza Nightmare|65/100|[from] item: Leftovers
|upkeep
|turn|29
|inactive|Clawdia Chauchat has 120 seconds left.
|
|t:|1705089445
|move|p2a: La Femme|Scald|p1a: Pizza Nightmare
|-supereffective|p1a: Pizza Nightmare
|-activate|p1a: Pizza Nightmare|Substitute|[damage]
|move|p1a: Pizza Nightmare|Torment|p2a: La Femme
|-start|p2a: La Femme|Torment
|
|-weather|SunnyDay|[upkeep]
|-heal|p1a: Pizza Nightmare|72/100|[from] item: Leftovers
|upkeep
|turn|30
|
|t:|1705089453
|move|p2a: La Femme|Psyshock|p1a: Pizza Nightmare
|-resisted|p1a: Pizza Nightmare
|-end|p1a: Pizza Nightmare|Substitute
|move|p1a: Pizza Nightmare|Substitute|p1a: Pizza Nightmare
|-start|p1a: Pizza Nightmare|Substitute
|-damage|p1a: Pizza Nightmare|47/100
|
|-weather|SunnyDay|[upkeep]
|-heal|p1a: Pizza Nightmare|53/100|[from] item: Leftovers
|upkeep
|turn|31
|
|t:|1705089462
|move|p1a: Pizza Nightmare|Protect|p1a: Pizza Nightmare
|-singleturn|p1a: Pizza Nightmare|Protect
|move|p2a: La Femme|Scald|p1a: Pizza Nightmare
|-activate|p1a: Pizza Nightmare|move: Protect
|
|-weather|SunnyDay|[upkeep]
|-heal|p1a: Pizza Nightmare|59/100|[from] item: Leftovers
|upkeep
|turn|32
|
|t:|1705089466
|move|p2a: La Femme|Psyshock|p1a: Pizza Nightmare
|-resisted|p1a: Pizza Nightmare
|-activate|p1a: Pizza Nightmare|Substitute|[damage]
|move|p1a: Pizza Nightmare|Lava Plume|p2a: La Femme
|-resisted|p2a: La Femme
|-damage|p2a: La Femme|72/100
|
|-weather|SunnyDay|[upkeep]
|-heal|p2a: La Femme|78/100|[from] item: Leftovers
|-heal|p1a: Pizza Nightmare|65/100|[from] item: Leftovers
|upkeep
|turn|33
|inactive|Clawdia Chauchat has 120 seconds left.
|
|t:|1705089504
|move|p1a: Pizza Nightmare|Protect|p1a: Pizza Nightmare
|-singleturn|p1a: Pizza Nightmare|Protect
|move|p2a: La Femme|Scald|p1a: Pizza Nightmare
|-activate|p1a: Pizza Nightmare|move: Protect
|
|-weather|SunnyDay|[upkeep]
|-heal|p2a: La Femme|84/100|[from] item: Leftovers
|-heal|p1a: Pizza Nightmare|71/100|[from] item: Leftovers
|upkeep
|turn|34
|
|t:|1705089510
|move|p2a: La Femme|Psyshock|p1a: Pizza Nightmare
|-resisted|p1a: Pizza Nightmare
|-end|p1a: Pizza Nightmare|Substitute
|move|p1a: Pizza Nightmare|Substitute|p1a: Pizza Nightmare
|-start|p1a: Pizza Nightmare|Substitute
|-damage|p1a: Pizza Nightmare|46/100
|
|-weather|SunnyDay|[upkeep]
|-heal|p2a: La Femme|90/100|[from] item: Leftovers
|-heal|p1a: Pizza Nightmare|52/100|[from] item: Leftovers
|upkeep
|turn|35
|
|t:|1705089520
|move|p1a: Pizza Nightmare|Protect|p1a: Pizza Nightmare
|-singleturn|p1a: Pizza Nightmare|Protect
|move|p2a: La Femme|Rapid Spin|p1a: Pizza Nightmare
|-activate|p1a: Pizza Nightmare|move: Protect
|
|-weather|SunnyDay|[upkeep]
|-heal|p2a: La Femme|96/100|[from] item: Leftovers
|-heal|p1a: Pizza Nightmare|59/100|[from] item: Leftovers
|upkeep
|turn|36
|
|t:|1705089522
|move|p2a: La Femme|Scald|p1a: Pizza Nightmare
|-supereffective|p1a: Pizza Nightmare
|-activate|p1a: Pizza Nightmare|Substitute|[damage]
|move|p1a: Pizza Nightmare|Lava Plume|p2a: La Femme
|-resisted|p2a: La Femme
|-damage|p2a: La Femme|63/100
|
|-weather|SunnyDay|[upkeep]
|-heal|p2a: La Femme|69/100|[from] item: Leftovers
|-heal|p1a: Pizza Nightmare|65/100|[from] item: Leftovers
|upkeep
|turn|37
|inactive|Clawdia Chauchat has 120 seconds left.
|
|t:|1705089550
|move|p2a: La Femme|Rapid Spin|p1a: Pizza Nightmare
|-resisted|p1a: Pizza Nightmare
|-activate|p1a: Pizza Nightmare|Substitute|[damage]
|move|p1a: Pizza Nightmare|Substitute|p1a: Pizza Nightmare
|-fail|p1a: Pizza Nightmare|move: Substitute
|
|-weather|SunnyDay|[upkeep]
|-heal|p2a: La Femme|75/100|[from] item: Leftovers
|-heal|p1a: Pizza Nightmare|71/100|[from] item: Leftovers
|upkeep
|turn|38
|inactive|Clawdia Chauchat has 120 seconds left.
|
|t:|1705089580
|move|p1a: Pizza Nightmare|Protect|p1a: Pizza Nightmare
|-singleturn|p1a: Pizza Nightmare|Protect
|move|p2a: La Femme|Psyshock|p1a: Pizza Nightmare
|-activate|p1a: Pizza Nightmare|move: Protect
|
|-weather|SunnyDay|[upkeep]
|-heal|p2a: La Femme|82/100|[from] item: Leftovers
|-heal|p1a: Pizza Nightmare|77/100|[from] item: Leftovers
|upkeep
|turn|39
|
|t:|1705089590
|move|p2a: La Femme|Scald|p1a: Pizza Nightmare
|-supereffective|p1a: Pizza Nightmare
|-end|p1a: Pizza Nightmare|Substitute
|move|p1a: Pizza Nightmare|Substitute|p1a: Pizza Nightmare
|-start|p1a: Pizza Nightmare|Substitute
|-damage|p1a: Pizza Nightmare|52/100
|
|-weather|SunnyDay|[upkeep]
|-heal|p2a: La Femme|88/100|[from] item: Leftovers
|-heal|p1a: Pizza Nightmare|58/100|[from] item: Leftovers
|upkeep
|turn|40
|inactive|Clawdia Chauchat has 120 seconds left.
|
|t:|1705089600
|move|p2a: La Femme|Psyshock|p1a: Pizza Nightmare
|-resisted|p1a: Pizza Nightmare
|-activate|p1a: Pizza Nightmare|Substitute|[damage]
|move|p1a: Pizza Nightmare|Lava Plume|p2a: La Femme
|-resisted|p2a: La Femme
|-damage|p2a: La Femme|56/100
|
|-weather|SunnyDay|[upkeep]
|-heal|p2a: La Femme|62/100|[from] item: Leftovers
|-heal|p1a: Pizza Nightmare|64/100|[from] item: Leftovers
|upkeep
|turn|41
|
|t:|1705089610
|move|p1a: Pizza Nightmare|Protect|p1a: Pizza Nightmare
|-singleturn|p1a: Pizza Nightmare|Protect
|move|p2a: La Femme|Rapid Spin|p1a: Pizza Nightmare
|-activate|p1a: Pizza Nightmare|move: Protect
|
|-weather|SunnyDay|[upkeep]
|-heal|p2a: La Femme|68/100|[from] item: Leftovers
|-heal|p1a: Pizza Nightmare|71/100|[from] item: Leftovers
|upkeep
|turn|42
|
|t:|1705089614
|move|p2a: La Femme|Psyshock|p1a: Pizza Nightmare
|-resisted|p1a: Pizza Nightmare
|-end|p1a: Pizza Nightmare|Substitute
|move|p1a: Pizza Nightmare|Substitute|p1a: Pizza Nightmare
|-start|p1a: Pizza Nightmare|Substitute
|-damage|p1a: Pizza Nightmare|46/100
|
|-weather|SunnyDay|[upkeep]
|-heal|p2a: La Femme|75/100|[from] item: Leftovers
|-heal|p1a: Pizza Nightmare|52/100|[from] item: Leftovers
|upkeep
|turn|43
|inactive|Clawdia Chauchat has 120 seconds left.
|
|t:|1705089652
|move|p2a: La Femme|Scald|p1a: Pizza Nightmare
|-supereffective|p1a: Pizza Nightmare
|-crit|p1a: Pizza Nightmare
|-end|p1a: Pizza Nightmare|Substitute
|move|p1a: Pizza Nightmare|Lava Plume|p2a: La Femme
|-resisted|p2a: La Femme
|-damage|p2a: La Femme|42/100
|-status|p2a: La Femme|brn
|
|-weather|SunnyDay|[upkeep]
|-heal|p2a: La Femme|48/100 brn|[from] item: Leftovers
|-heal|p1a: Pizza Nightmare|58/100|[from] item: Leftovers
|-damage|p2a: La Femme|36/100 brn|[from] brn
|upkeep
|turn|44
|
|t:|1705089665
|move|p2a: La Femme|Recover|p2a: La Femme
|-heal|p2a: La Femme|86/100 brn
|move|p1a: Pizza Nightmare|Substitute|p1a: Pizza Nightmare
|-start|p1a: Pizza Nightmare|Substitute
|-damage|p1a: Pizza Nightmare|33/100
|
|-weather|SunnyDay|[upkeep]
|-heal|p2a: La Femme|92/100 brn|[from] item: Leftovers
|-heal|p1a: Pizza Nightmare|39/100|[from] item: Leftovers
|-damage|p2a: La Femme|80/100 brn|[from] brn
|upkeep
|turn|45
|
|t:|1705089675
|-curestatus|p2a: La Femme|brn|[from] ability: Natural Cure
|switch|p2a: God Loves Ugly|Milotic, M, shiny|89/100
|move|p1a: Pizza Nightmare|Lava Plume|p2a: God Loves Ugly
|-resisted|p2a: God Loves Ugly
|-damage|p2a: God Loves Ugly|71/100
|
|-weather|SunnyDay|[upkeep]
|-heal|p1a: Pizza Nightmare|45/100|[from] item: Leftovers
|upkeep
|turn|46
|
|t:|1705089683
|switch|p2a: La Femme|Starmie|80/100
|move|p1a: Pizza Nightmare|Protect||[still]
|-fail|p1a: Pizza Nightmare
|
|-weather|SunnyDay|[upkeep]
|-heal|p2a: La Femme|86/100|[from] item: Leftovers
|-heal|p1a: Pizza Nightmare|52/100|[from] item: Leftovers
|upkeep
|turn|47
|
|t:|1705089696
|move|p2a: La Femme|Scald|p1a: Pizza Nightmare
|-supereffective|p1a: Pizza Nightmare
|-activate|p1a: Pizza Nightmare|Substitute|[damage]
|move|p1a: Pizza Nightmare|Lava Plume|p2a: La Femme
|-resisted|p2a: La Femme
|-damage|p2a: La Femme|57/100
|-status|p2a: La Femme|brn
|
|-weather|SunnyDay|[upkeep]
|-heal|p2a: La Femme|63/100 brn|[from] item: Leftovers
|-heal|p1a: Pizza Nightmare|58/100|[from] item: Leftovers
|-damage|p2a: La Femme|50/100 brn|[from] brn
|upkeep
|turn|48
|inactive|Excaliburn88tests has 120 seconds left.
|
|t:|1705089734
|-curestatus|p2a: La Femme|brn|[from] ability: Natural Cure
|switch|p2a: God Loves Ugly|Milotic, M, shiny|71/100
|move|p1a: Pizza Nightmare|Lava Plume|p2a: God Loves Ugly
|-resisted|p2a: God Loves Ugly
|-damage|p2a: God Loves Ugly|53/100
|
|-weather|SunnyDay|[upkeep]
|-heal|p1a: Pizza Nightmare|64/100|[from] item: Leftovers
|upkeep
|turn|49
|inactive|Excaliburn88tests has 120 seconds left.
|
|t:|1705089750
|move|p1a: Pizza Nightmare|Torment|p2a: God Loves Ugly
|-start|p2a: God Loves Ugly|Torment
|move|p2a: God Loves Ugly|Recover|p2a: God Loves Ugly
|-heal|p2a: God Loves Ugly|100/100
|
|-weather|SunnyDay|[upkeep]
|-heal|p1a: Pizza Nightmare|70/100|[from] item: Leftovers
|upkeep
|turn|50
|
|t:|1705089758
|move|p1a: Pizza Nightmare|Lava Plume|p2a: God Loves Ugly
|-resisted|p2a: God Loves Ugly
|-damage|p2a: God Loves Ugly|81/100
|move|p2a: God Loves Ugly|Scald|p1a: Pizza Nightmare
|-supereffective|p1a: Pizza Nightmare
|-end|p1a: Pizza Nightmare|Substitute
|
|-weather|SunnyDay|[upkeep]
|-heal|p1a: Pizza Nightmare|76/100|[from] item: Leftovers
|upkeep
|turn|51
|inactive|Excaliburn88tests has 120 seconds left.
|
|t:|1705089772
|switch|p2a: Stress Fracture|Landorus-Therian, M, shiny|95/100
|-ability|p2a: Stress Fracture|Intimidate|boost
|-unboost|p1a: Pizza Nightmare|atk|1
|move|p1a: Pizza Nightmare|Lava Plume|p2a: Stress Fracture
|-damage|p2a: Stress Fracture|20/100
|-status|p2a: Stress Fracture|brn
|
|-weather|SunnyDay|[upkeep]
|-heal|p1a: Pizza Nightmare|82/100|[from] item: Leftovers
|-damage|p2a: Stress Fracture|8/100 brn|[from] brn
|upkeep
|turn|52
|inactive|Excaliburn88tests has 120 seconds left.
|l|☆Clawdia Chauchat
|inactive|Clawdia Chauchat disconnected and has a minute to reconnect!
|player|p2|
|
|t:|1705089784
|move|p1a: Pizza Nightmare|Protect|p1a: Pizza Nightmare
|-singleturn|p1a: Pizza Nightmare|Protect
|move|p2a: Stress Fracture|Earthquake|p1a: Pizza Nightmare
|-activate|p1a: Pizza Nightmare|move: Protect
|
|-weather|SunnyDay|[upkeep]
|-heal|p1a: Pizza Nightmare|88/100|[from] item: Leftovers
|-damage|p2a: Stress Fracture|0 fnt|[from] brn
|faint|p2a: Stress Fracture
|upkeep
|inactive|Clawdia Chauchat has 30 seconds to reconnect!
|inactive|Clawdia Chauchat has 20 seconds to reconnect!
|inactive|Clawdia Chauchat has 15 seconds to reconnect!
|inactive|Clawdia Chauchat has 10 seconds to reconnect!
|inactive|Clawdia Chauchat has 5 seconds to reconnect!
|-message|Clawdia Chauchat lost due to inactivity.
|
|win|Excaliburn88tests
|raw|Excaliburn88tests's rating: 1400 &rarr; <strong>1423</strong><br />(+23 for winning)
|raw|Clawdia Chauchat's rating: 1455 &rarr; <strong>1432</strong><br />(-23 for losing)
|l|☆Excaliburn88tests
|player|p1|
|j|☆Excaliburn88tests
|player|p1|Excaliburn88tests|flannery
