|j|☆34k4
|j|☆phosphor
|t:|1722664762
|gametype|singles
|player|p1|34k4|169|1324
|player|p2|phosphor|#phosphor|1486
|teamsize|p1|6
|teamsize|p2|6
|gen|5
|tier|[Gen 5] OU
|rated|
|rule|Species Clause: Limit one of each Pokémon
|rule|OHKO Clause: OHKO moves are banned
|rule|Moody Clause: Moody is banned
|rule|Evasion Items Clause: Evasion items are banned
|rule|Evasion Moves Clause: Evasion moves are banned
|rule|Endless Battle Clause: Forcing endless battles is banned
|rule|HP Percentage Mod: HP is shown in percentages
|rule|Evasion Abilities Clause: Evasion abilities are banned
|rule|Sleep Moves Clause: Sleep-inducing moves are banned
|rule|Swagger Clause: Swagger is banned
|rule|Baton Pass Stat Clause: No Baton Passer may have a way to boost its stats
|clearpoke
|poke|p1|Alakazam, F|item
|poke|p1|Skarmory, F|item
|poke|p1|Tyranitar, F|item
|poke|p1|Mamoswine, M|item
|poke|p1|Jellicent, F|item
|poke|p1|Excadrill, F|item
|poke|p2|Landorus-Therian, M|item
|poke|p2|Starmie|item
|poke|p2|Dragonite, M|item
|poke|p2|Mamoswine, M|item
|poke|p2|Jirachi|item
|poke|p2|Metagross|item
|teampreview
|c|☆phosphor|GLhf
|
|t:|1722664772
|start
|switch|p1a: Skarmory|Skarmory, F|100/100
|switch|p2a: Landorus|Landorus-Therian, M|100/100
|-ability|p2a: Landorus|Intimidate|boost
|-unboost|p1a: Skarmory|atk|1
|turn|1
|c|☆34k4|glhf
|
|t:|1722664781
|move|p2a: Landorus|Imprison|p2a: Landorus
|-start|p2a: Landorus|move: Imprison
|cant|p1a: Skarmory|move: Imprison|Stealth Rock
|
|upkeep
|turn|2
|
|t:|1722664787
|move|p2a: Landorus|Stealth Rock|p1a: Skarmory
|-sidestart|p1: 34k4|move: Stealth Rock
|move|p1a: Skarmory|Spikes|p2a: Landorus
|-sidestart|p2: phosphor|Spikes
|
|upkeep
|turn|3
|
|t:|1722664796
|switch|p2a: Starmie|Starmie|100/100
|-item|p2a: Starmie|Air Balloon
|move|p1a: Skarmory|Spikes|p2a: Starmie
|-sidestart|p2: phosphor|Spikes
|
|upkeep
|turn|4
|
|t:|1722664803
|move|p2a: Starmie|Rapid Spin|p1a: Skarmory
|-resisted|p1a: Skarmory
|-damage|p1a: Skarmory|99/100
|-sideend|p2: phosphor|Spikes|[from] move: Rapid Spin|[of] p2a: Starmie
|move|p1a: Skarmory|Brave Bird|p2a: Starmie
|-damage|p2a: Starmie|52/100
|-enditem|p2a: Starmie|Air Balloon
|-damage|p1a: Skarmory|84/100|[from] Recoil
|
|upkeep
|turn|5
|
|t:|1722664812
|move|p2a: Starmie|Thunder|p1a: Skarmory
|-supereffective|p1a: Skarmory
|-damage|p1a: Skarmory|0 fnt
|faint|p1a: Skarmory
|
|upkeep
|
|t:|1722664847
|switch|p1a: Alakazam|Alakazam, F|100/100
|turn|6
|
|t:|1722664867
|switch|p2a: Jirachi|Jirachi|100/100
|move|p1a: Alakazam|Shadow Ball|p2a: Jirachi
|-damage|p2a: Jirachi|67/100
|
|upkeep
|turn|7
|
|t:|1722664882
|move|p1a: Alakazam|Hidden Power|p2a: Jirachi
|-supereffective|p2a: Jirachi
|-damage|p2a: Jirachi|6/100
|move|p2a: Jirachi|Hidden Power|p1a: Alakazam
|-damage|p1a: Alakazam|60/100
|-damage|p2a: Jirachi|0 fnt|[from] item: Life Orb
|faint|p2a: Jirachi
|
|upkeep
|
|t:|1722664892
|switch|p2a: Dragonite|Dragonite, M|100/100
|turn|8
|
|t:|1722664905
|move|p2a: Dragonite|Extreme Speed|p1a: Alakazam
|-damage|p1a: Alakazam|0 fnt
|faint|p1a: Alakazam
|
|upkeep
|
|t:|1722664914
|switch|p1a: Tyranitar|Tyranitar, F|100/100
|-damage|p1a: Tyranitar|88/100|[from] Stealth Rock
|-weather|Sandstorm|[from] ability: Sand Stream|[of] p1a: Tyranitar
|turn|9
|
|t:|1722664920
|move|p2a: Dragonite|Dragon Dance|p2a: Dragonite
|-boost|p2a: Dragonite|atk|1
|-boost|p2a: Dragonite|spe|1
|move|p1a: Tyranitar|Thunder Wave|p2a: Dragonite
|-status|p2a: Dragonite|par
|-enditem|p2a: Dragonite|Lum Berry|[eat]
|-curestatus|p2a: Dragonite|par|[msg]
|
|-weather|Sandstorm|[upkeep]
|-damage|p2a: Dragonite|94/100|[from] Sandstorm
|upkeep
|turn|10
|
|t:|1722664938
|move|p2a: Dragonite|Superpower|p1a: Tyranitar
|-supereffective|p1a: Tyranitar
|-enditem|p1a: Tyranitar|Chople Berry|[eat]
|-enditem|p1a: Tyranitar|Chople Berry|[weaken]
|-damage|p1a: Tyranitar|0 fnt
|-unboost|p2a: Dragonite|atk|1
|-unboost|p2a: Dragonite|def|1
|faint|p1a: Tyranitar
|
|-weather|Sandstorm|[upkeep]
|-damage|p2a: Dragonite|88/100|[from] Sandstorm
|upkeep
|
|t:|1722664950
|switch|p1a: Mamoswine|Mamoswine, M|100/100
|-damage|p1a: Mamoswine|88/100|[from] Stealth Rock
|turn|11
|
|t:|1722664956
|switch|p2a: Metagross|Metagross|100/100
|move|p1a: Mamoswine|Ice Shard|p2a: Metagross
|-resisted|p2a: Metagross
|-damage|p2a: Metagross|87/100
|
|-weather|Sandstorm|[upkeep]
|upkeep
|turn|12
|
|t:|1722664962
|move|p2a: Metagross|Meteor Mash|p1a: Mamoswine|[miss]
|-miss|p2a: Metagross|p1a: Mamoswine
|move|p1a: Mamoswine|Earthquake|p2a: Metagross
|-supereffective|p2a: Metagross
|-damage|p2a: Metagross|0 fnt
|faint|p2a: Metagross
|
|-weather|Sandstorm|[upkeep]
|upkeep
|
|t:|1722664966
|switch|p2a: Starmie|Starmie|52/100
|turn|13
|
|t:|1722664973
|switch|p1a: Jellicent|Jellicent, F|100/100
|-damage|p1a: Jellicent|88/100|[from] Stealth Rock
|-item|p1a: Jellicent|Air Balloon
|move|p2a: Starmie|Hydro Pump|p1a: Jellicent
|-heal|p1a: Jellicent|100/100|[from] ability: Water Absorb|[of] p2a: Starmie
|
|-weather|Sandstorm|[upkeep]
|-damage|p2a: Starmie|46/100|[from] Sandstorm
|-damage|p1a: Jellicent|94/100|[from] Sandstorm
|upkeep
|turn|14
|
|t:|1722664987
|move|p2a: Starmie|Thunder|p1a: Jellicent
|-supereffective|p1a: Jellicent
|-damage|p1a: Jellicent|41/100
|-enditem|p1a: Jellicent|Air Balloon
|move|p1a: Jellicent|Night Shade|p2a: Starmie
|-damage|p2a: Starmie|7/100
|
|-weather|Sandstorm|[upkeep]
|-damage|p2a: Starmie|1/100|[from] Sandstorm
|-damage|p1a: Jellicent|35/100|[from] Sandstorm
|upkeep
|turn|15
|
|t:|1722664997
|switch|p1a: Excadrill|Excadrill, F|100/100
|-damage|p1a: Excadrill|97/100|[from] Stealth Rock
|move|p2a: Starmie|Ice Beam|p1a: Excadrill
|-damage|p1a: Excadrill|48/100
|
|-weather|Sandstorm|[upkeep]
|-damage|p2a: Starmie|0 fnt|[from] Sandstorm
|faint|p2a: Starmie
|upkeep
|
|t:|1722665000
|switch|p2a: Landorus|Landorus-Therian, M|100/100
|-ability|p2a: Landorus|Intimidate|boost
|-unboost|p1a: Excadrill|atk|1
|turn|16
|
|t:|1722665009
|move|p1a: Excadrill|Rapid Spin|p2a: Landorus
|-crit|p2a: Landorus
|-damage|p2a: Landorus|84/100
|-sideend|p1: 34k4|Stealth Rock|[from] move: Rapid Spin|[of] p1a: Excadrill
|move|p2a: Landorus|Earthquake|p1a: Excadrill
|-supereffective|p1a: Excadrill
|-damage|p1a: Excadrill|0 fnt
|faint|p1a: Excadrill
|
|-weather|Sandstorm|[upkeep]
|upkeep
|j| ill lifestyle
|
|t:|1722665018
|switch|p1a: Mamoswine|Mamoswine, M|88/100
|turn|17
|l| ill lifestyle
|
|t:|1722665026
|switch|p2a: Mamoswine|Mamoswine, M|100/100
|move|p1a: Mamoswine|Icicle Crash|p2a: Mamoswine
|-damage|p2a: Mamoswine|70/100
|
|-weather|Sandstorm|[upkeep]
|upkeep
|turn|18
|
|t:|1722665036
|switch|p1a: Jellicent|Jellicent, F|35/100
|move|p2a: Mamoswine|Earthquake|p1a: Jellicent
|-damage|p1a: Jellicent|0 fnt
|faint|p1a: Jellicent
|
|-weather|Sandstorm|[upkeep]
|upkeep
|
|t:|1722665043
|switch|p1a: Mamoswine|Mamoswine, M|88/100
|turn|19
|
|t:|1722665051
|move|p2a: Mamoswine|Earthquake|p1a: Mamoswine
|-damage|p1a: Mamoswine|26/100
|move|p1a: Mamoswine|Icicle Crash|p2a: Mamoswine
|-damage|p2a: Mamoswine|37/100
|
|-weather|Sandstorm|[upkeep]
|upkeep
|turn|20
|
|t:|1722665057
|move|p2a: Mamoswine|Ice Shard|p1a: Mamoswine
|-damage|p1a: Mamoswine|13/100
|move|p1a: Mamoswine|Superpower|p2a: Mamoswine
|-supereffective|p2a: Mamoswine
|-damage|p2a: Mamoswine|0 fnt
|-unboost|p1a: Mamoswine|atk|1
|-unboost|p1a: Mamoswine|def|1
|faint|p2a: Mamoswine
|
|-weather|Sandstorm|[upkeep]
|upkeep
|
|t:|1722665059
|switch|p2a: Dragonite|Dragonite, M|88/100
|turn|21
|c|☆phosphor|Gg
|
|t:|1722665068
|move|p2a: Dragonite|Extreme Speed|p1a: Mamoswine
|-damage|p1a: Mamoswine|0 fnt
|faint|p1a: Mamoswine
|
|win|phosphor
|raw|34k4's rating: 1324 &rarr; <strong>1313</strong><br />(-11 for losing)
|raw|phosphor's rating: 1486 &rarr; <strong>1497</strong><br />(+11 for winning)
