|j|☆foxbeatsfalco
|j|☆BUMBACLAAT
|player|p1|foxbeatsfalco|169|1318
|player|p2|BUMBACLAAT|200|1417
|teamsize|p1|6
|teamsize|p2|6
|gametype|singles
|gen|5
|tier|[Gen 5] OU
|rated|
|rule|Sleep Clause Mod: Limit one foe put to sleep
|rule|Species Clause: Limit one of each Pokémon
|rule|OHKO Clause: OHKO moves are banned
|rule|Moody Clause: Moody is banned
|rule|Evasion Moves Clause: Evasion moves are banned
|rule|Endless Battle Clause: Forcing endless battles is banned
|rule|HP Percentage Mod: HP is shown in percentages
|rule|Evasion Abilities Clause: Evasion abilities are banned
|rule|Baton Pass Clause: Limit one Baton Passer, can't pass Spe and other stats simultaneously
|rule|Swagger Clause: Swagger is banned
|clearpoke
|poke|p1|Hippowdon, M|item
|poke|p1|Ferrothorn, F|item
|poke|p1|Jellicent, M|item
|poke|p1|Latios, M|item
|poke|p1|Garchomp, M|item
|poke|p1|Scizor, M|item
|poke|p2|Forretress, M|item
|poke|p2|Heatran, F|item
|poke|p2|Latios, M|item
|poke|p2|Landorus-Therian, M|item
|poke|p2|Tyranitar, M|item
|poke|p2|Dusclops, M|item
|teampreview
|inactive|Battle timer is ON: inactive players will automatically lose when time's up. (requested by foxbeatsfalco)
|
|start
|switch|p1a: Hippowdon|Hippowdon, M|100/100
|switch|p2a: Forretress|Forretress, M|100/100
|-weather|Sandstorm|[from] ability: Sand Stream|[of] p1a: Hippowdon
|turn|1
|inactive|foxbeatsfalco has 120 seconds left.
|
|move|p1a: Hippowdon|Stealth Rock|p2a: Forretress
|-sidestart|p2: BUMBACLAAT|move: Stealth Rock
|move|p2a: Forretress|Toxic Spikes|p1a: Hippowdon
|-sidestart|p1: foxbeatsfalco|move: Toxic Spikes
|
|-weather|Sandstorm|[upkeep]
|upkeep
|turn|2
|
|switch|p1a: Jellicent|Jellicent, M|100/100
|-status|p1a: Jellicent|psn
|move|p2a: Forretress|Toxic Spikes|p1a: Jellicent
|-sidestart|p1: foxbeatsfalco|move: Toxic Spikes
|
|-weather|Sandstorm|[upkeep]
|-damage|p1a: Jellicent|94/100 psn|[from] Sandstorm
|-heal|p1a: Jellicent|100/100 psn|[from] item: Leftovers
|-damage|p1a: Jellicent|88/100 psn|[from] psn
|upkeep
|turn|3
|
|switch|p2a: Latios|Latios, M|100/100
|-damage|p2a: Latios|88/100|[from] Stealth Rock
|move|p1a: Jellicent|Scald|p2a: Latios
|-resisted|p2a: Latios
|-damage|p2a: Latios|76/100
|-status|p2a: Latios|brn
|
|-weather|Sandstorm|[upkeep]
|-damage|p2a: Latios|70/100 brn|[from] Sandstorm
|-damage|p1a: Jellicent|82/100 psn|[from] Sandstorm
|-heal|p1a: Jellicent|88/100 psn|[from] item: Leftovers
|-damage|p2a: Latios|57/100 brn|[from] brn
|-damage|p1a: Jellicent|76/100 psn|[from] psn
|upkeep
|turn|4
|
|switch|p1a: Ferrothorn|Ferrothorn, F|100/100
|move|p2a: Latios|Trick|p1a: Ferrothorn
|-activate|p2a: Latios|move: Trick|[of] p1a: Ferrothorn
|-item|p1a: Ferrothorn|Choice Specs|[from] move: Trick
|-item|p2a: Latios|Rocky Helmet|[from] move: Trick
|
|-weather|Sandstorm|[upkeep]
|-damage|p2a: Latios|51/100 brn|[from] Sandstorm
|-damage|p2a: Latios|38/100 brn|[from] brn
|upkeep
|turn|5
|
|switch|p2a: Forretress|Forretress, M|100/100
|-damage|p2a: Forretress|88/100|[from] Stealth Rock
|move|p1a: Ferrothorn|Spikes|p2a: Forretress
|-sidestart|p2: BUMBACLAAT|Spikes
|
|-weather|Sandstorm|[upkeep]
|-heal|p2a: Forretress|94/100|[from] item: Leftovers
|upkeep
|turn|6
|
|switch|p1a: Jellicent|Jellicent, M|76/100 psn
|move|p2a: Forretress|Spikes|p1a: Jellicent
|-sidestart|p1: foxbeatsfalco|Spikes
|
|-weather|Sandstorm|[upkeep]
|-damage|p1a: Jellicent|69/100 psn|[from] Sandstorm
|-heal|p1a: Jellicent|76/100 psn|[from] item: Leftovers
|-heal|p2a: Forretress|100/100|[from] item: Leftovers
|-damage|p1a: Jellicent|63/100 psn|[from] psn
|upkeep
|turn|7
|
|move|p1a: Jellicent|Scald|p2a: Forretress
|-damage|p2a: Forretress|68/100
|move|p2a: Forretress|Spikes|p1a: Jellicent
|-sidestart|p1: foxbeatsfalco|Spikes
|
|-weather|Sandstorm|[upkeep]
|-damage|p1a: Jellicent|57/100 psn|[from] Sandstorm
|-heal|p1a: Jellicent|63/100 psn|[from] item: Leftovers
|-heal|p2a: Forretress|74/100|[from] item: Leftovers
|-damage|p1a: Jellicent|51/100 psn|[from] psn
|upkeep
|turn|8
|
|move|p1a: Jellicent|Will-O-Wisp|p2a: Forretress|[miss]
|-miss|p1a: Jellicent|p2a: Forretress
|move|p2a: Forretress|Volt Switch|p1a: Jellicent
|-supereffective|p1a: Jellicent
|-damage|p1a: Jellicent|37/100 psn
|
|switch|p2a: Tyranitar|Tyranitar, M|100/100|[from]move: Volt Switch
|-damage|p2a: Tyranitar|88/100|[from] Spikes
|-damage|p2a: Tyranitar|76/100|[from] Stealth Rock
|
|-weather|Sandstorm|[upkeep]
|-damage|p1a: Jellicent|31/100 psn|[from] Sandstorm
|-heal|p2a: Tyranitar|82/100|[from] item: Leftovers
|-heal|p1a: Jellicent|37/100 psn|[from] item: Leftovers
|-damage|p1a: Jellicent|25/100 psn|[from] psn
|upkeep
|turn|9
|
|move|p2a: Tyranitar|Substitute|p2a: Tyranitar
|-start|p2a: Tyranitar|Substitute
|-damage|p2a: Tyranitar|57/100
|move|p1a: Jellicent|Scald|p2a: Tyranitar
|-supereffective|p2a: Tyranitar
|-end|p2a: Tyranitar|Substitute
|
|-weather|Sandstorm|[upkeep]
|-damage|p1a: Jellicent|19/100 psn|[from] Sandstorm
|-heal|p2a: Tyranitar|63/100|[from] item: Leftovers
|-heal|p1a: Jellicent|25/100 psn|[from] item: Leftovers
|-damage|p1a: Jellicent|13/100 psn|[from] psn
|upkeep
|turn|10
|
|switch|p1a: Ferrothorn|Ferrothorn, F|100/100
|-damage|p1a: Ferrothorn|84/100|[from] Spikes
|move|p2a: Tyranitar|Substitute|p2a: Tyranitar
|-start|p2a: Tyranitar|Substitute
|-damage|p2a: Tyranitar|38/100
|
|-weather|Sandstorm|[upkeep]
|-heal|p2a: Tyranitar|44/100|[from] item: Leftovers
|upkeep
|turn|11
|
|-singleturn|p2a: Tyranitar|move: Focus Punch
|move|p1a: Ferrothorn|Spikes|p2a: Tyranitar
|-sidestart|p2: BUMBACLAAT|Spikes
|move|p2a: Tyranitar|Focus Punch|p1a: Ferrothorn
|-supereffective|p1a: Ferrothorn
|-damage|p1a: Ferrothorn|21/100
|-damage|p2a: Tyranitar|32/100|[from] ability: Iron Barbs|[of] p1a: Ferrothorn
|
|-weather|Sandstorm|[upkeep]
|-heal|p2a: Tyranitar|38/100|[from] item: Leftovers
|upkeep
|turn|12
|
|-singleturn|p2a: Tyranitar|move: Focus Punch
|move|p1a: Ferrothorn|Spikes|p2a: Tyranitar
|-sidestart|p2: BUMBACLAAT|Spikes
|move|p2a: Tyranitar|Focus Punch|p1a: Ferrothorn
|-supereffective|p1a: Ferrothorn
|-damage|p1a: Ferrothorn|0 fnt
|-damage|p2a: Tyranitar|26/100|[from] ability: Iron Barbs|[of] p1a: Ferrothorn
|faint|p1a: Ferrothorn
|
|-weather|Sandstorm|[upkeep]
|-heal|p2a: Tyranitar|32/100|[from] item: Leftovers
|upkeep
|
|switch|p1a: Hippowdon|Hippowdon, M|100/100
|-status|p1a: Hippowdon|tox
|-damage|p1a: Hippowdon|84/100 tox|[from] Spikes
|turn|13
|
|move|p2a: Tyranitar|Ice Beam|p1a: Hippowdon
|-supereffective|p1a: Hippowdon
|-damage|p1a: Hippowdon|42/100 tox
|move|p1a: Hippowdon|Roar|p2a: Tyranitar
|drag|p2a: Latios|Latios, M|38/100 brn
|-damage|p2a: Latios|26/100 brn|[from] Stealth Rock
|
|-weather|Sandstorm|[upkeep]
|-damage|p2a: Latios|20/100 brn|[from] Sandstorm
|-heal|p1a: Hippowdon|48/100 tox|[from] item: Leftovers
|-damage|p2a: Latios|7/100 brn|[from] brn
|-damage|p1a: Hippowdon|42/100 tox|[from] psn
|upkeep
|turn|14
|
|move|p2a: Latios|Surf|p1a: Hippowdon
|-supereffective|p1a: Hippowdon
|-damage|p1a: Hippowdon|0 fnt
|faint|p1a: Hippowdon
|
|-weather|Sandstorm|[upkeep]
|-damage|p2a: Latios|1/100 brn|[from] Sandstorm
|-damage|p2a: Latios|0 fnt|[from] brn
|faint|p2a: Latios
|upkeep
|
|switch|p2a: NO TEETH|Landorus-Therian, M|100/100
|switch|p1a: Latios|Latios, M, shiny|100/100
|-damage|p2a: NO TEETH|88/100|[from] Stealth Rock
|-ability|p2a: NO TEETH|Intimidate|boost
|-unboost|p1a: Latios|atk|1
|turn|15
|
|switch|p1a: Scizor|Scizor, M|100/100
|-damage|p1a: Scizor|84/100|[from] Spikes
|move|p2a: NO TEETH|U-turn|p1a: Scizor
|-resisted|p1a: Scizor
|-damage|p1a: Scizor|71/100
|
|switch|p2a: Forretress|Forretress, M|74/100|[from]move: U-turn
|-damage|p2a: Forretress|62/100|[from] Stealth Rock
|-damage|p2a: Forretress|37/100|[from] Spikes
|
|-weather|Sandstorm|[upkeep]
|-heal|p2a: Forretress|43/100|[from] item: Leftovers
|upkeep
|turn|16
|
|move|p1a: Scizor|U-turn|p2a: Forretress
|-resisted|p2a: Forretress
|-damage|p2a: Forretress|26/100
|
|switch|p1a: Jellicent|Jellicent, M|13/100 psn|[from]move: U-turn
|-damage|p1a: Jellicent|0 fnt|[from] Spikes
|faint|p1a: Jellicent
|move|p2a: Forretress|Spikes|p1: Jellicent
|-sidestart|p1: foxbeatsfalco|Spikes
|
|-weather|Sandstorm|[upkeep]
|-heal|p2a: Forretress|32/100|[from] item: Leftovers
|upkeep
|
|switch|p1a: Latios|Latios, M, shiny|100/100
|turn|17
|
|switch|p2a: Tyranitar|Tyranitar, M|32/100
|-damage|p2a: Tyranitar|7/100|[from] Spikes
|-damage|p2a: Tyranitar|0 fnt|[from] Stealth Rock
|faint|p2a: Tyranitar
|move|p1a: Latios|Surf|p2: Tyranitar|[notarget]
|-fail|p1a: Latios
|
|-weather|Sandstorm|[upkeep]
|-damage|p1a: Latios|95/100|[from] Sandstorm
|upkeep
|
|switch|p2a: NO TEETH|Landorus-Therian, M|88/100
|-damage|p2a: NO TEETH|75/100|[from] Stealth Rock
|-ability|p2a: NO TEETH|Intimidate|boost
|-unboost|p1a: Latios|atk|1
|turn|18
|inactive|BUMBACLAAT has 120 seconds left.
|
|move|p2a: NO TEETH|U-turn|p1a: Latios
|-supereffective|p1a: Latios
|-damage|p1a: Latios|27/100
|inactive|BUMBACLAAT has 120 seconds left.
|
|switch|p2a: Forretress|Forretress, M|32/100|[from]move: U-turn
|-damage|p2a: Forretress|7/100|[from] Spikes
|-damage|p2a: Forretress|0 fnt|[from] Stealth Rock
|faint|p2a: Forretress
|move|p1a: Latios|Surf|p2: Forretress|[notarget]
|-fail|p1a: Latios
|
|-weather|Sandstorm|[upkeep]
|-damage|p1a: Latios|21/100|[from] Sandstorm
|upkeep
|inactive|BUMBACLAAT has 120 seconds left.
|
|switch|p2a: NO TEETH|Landorus-Therian, M|75/100
|-damage|p2a: NO TEETH|63/100|[from] Stealth Rock
|-ability|p2a: NO TEETH|Intimidate|boost
|-unboost|p1a: Latios|atk|1
|turn|19
|
|switch|p1a: Garchomp|Garchomp, M|100/100
|-damage|p1a: Garchomp|76/100|[from] Spikes
|-status|p1a: Garchomp|tox
|move|p2a: NO TEETH|Stealth Rock|p1a: Garchomp
|-sidestart|p1: foxbeatsfalco|move: Stealth Rock
|
|-weather|Sandstorm|[upkeep]
|-damage|p1a: Garchomp|69/100 tox|[from] psn
|upkeep
|turn|20
|
|switch|p2a: Dusclops|Dusclops, M, shiny|100/100
|-damage|p2a: Dusclops|75/100|[from] Spikes
|-damage|p2a: Dusclops|63/100|[from] Stealth Rock
|-ability|p2a: Dusclops|Pressure
|move|p1a: Garchomp|Earthquake|p2a: Dusclops
|-damage|p2a: Dusclops|27/100
|-damage|p1a: Garchomp|60/100 tox|[from] item: Life Orb
|
|-weather|Sandstorm|[upkeep]
|-damage|p2a: Dusclops|21/100|[from] Sandstorm
|-damage|p1a: Garchomp|47/100 tox|[from] psn
|upkeep
|turn|21
|
|move|p1a: Garchomp|Earthquake|p2a: Dusclops
|-damage|p2a: Dusclops|0 fnt
|-damage|p1a: Garchomp|37/100 tox|[from] item: Life Orb
|faint|p2a: Dusclops
|
|-weather|Sandstorm|[upkeep]
|-damage|p1a: Garchomp|19/100 tox|[from] psn
|upkeep
|inactive|BUMBACLAAT has 120 seconds left.
|
|switch|p2a: NO TEETH|Landorus-Therian, M|63/100
|-damage|p2a: NO TEETH|50/100|[from] Stealth Rock
|-ability|p2a: NO TEETH|Intimidate|boost
|-unboost|p1a: Garchomp|atk|1
|turn|22
|
|move|p2a: NO TEETH|Earthquake|p1a: Garchomp
|-damage|p1a: Garchomp|0 fnt
|faint|p1a: Garchomp
|
|-weather|Sandstorm|[upkeep]
|upkeep
|
|switch|p1a: Latios|Latios, M, shiny|21/100
|-damage|p1a: Latios|9/100|[from] Stealth Rock
|turn|23
|
|move|p2a: NO TEETH|Earthquake|p1a: Latios
|-immune|p1a: Latios|[from] ability: Levitate
|move|p1a: Latios|Surf|p2a: NO TEETH
|-supereffective|p2a: NO TEETH
|-damage|p2a: NO TEETH|0 fnt
|faint|p2a: NO TEETH
|
|-weather|Sandstorm|[upkeep]
|-damage|p1a: Latios|3/100|[from] Sandstorm
|upkeep
|inactive|BUMBACLAAT has 120 seconds left.
|
|switch|p2a: Mob Piru|Heatran, F, shiny|100/100
|-damage|p2a: Mob Piru|88/100|[from] Stealth Rock
|-damage|p2a: Mob Piru|63/100|[from] Spikes
|turn|24
|
|move|p2a: Mob Piru|Protect|p2a: Mob Piru
|-singleturn|p2a: Mob Piru|Protect
|move|p1a: Latios|Surf|p2a: Mob Piru
|-activate|p2a: Mob Piru|move: Protect
|
|-weather|Sandstorm|[upkeep]
|-damage|p1a: Latios|0 fnt|[from] Sandstorm
|faint|p1a: Latios
|-heal|p2a: Mob Piru|69/100|[from] item: Leftovers
|upkeep
|
|switch|p1a: Scizor|Scizor, M|71/100
|-damage|p1a: Scizor|59/100|[from] Stealth Rock
|-damage|p1a: Scizor|34/100|[from] Spikes
|turn|25
|
|move|p2a: Mob Piru|Lava Plume|p1a: Scizor
|-supereffective|p1a: Scizor
|-damage|p1a: Scizor|0 fnt
|faint|p1a: Scizor
|
|win|BUMBACLAAT
|l|☆foxbeatsfalco
|raw|foxbeatsfalco's rating: 1334 &rarr; <strong>1318</strong><br />(-16 for losing)
|raw|BUMBACLAAT's rating: 1417 &rarr; <strong>1433</strong><br />(+16 for winning)
