|j|☆refsunpersons
|j|☆alenpa
|player|p1|refsunpersons|123
|player|p2|alenpa|52
|teamsize|p1|6
|teamsize|p2|6
|gametype|singles
|gen|5
|tier|[Gen 5] OU
|rated|
|rule|Sleep Clause Mod: Limit one foe put to sleep
|rule|Species Clause: Limit one of each Pokémon
|rule|OHKO Clause: OHKO moves are banned
|rule|Moody Clause: Moody is banned
|rule|Evasion Moves Clause: Evasion moves are banned
|rule|Endless Battle Clause: Forcing endless battles is banned
|rule|HP Percentage Mod: HP is shown in percentages
|rule|Evasion Abilities Clause: Evasion abilities are banned
|rule|Baton Pass Clause: Limit one Baton Passer, can't pass Spe and other stats simultaneously
|rule|Swagger Clause: Swagger is banned
|clearpoke
|poke|p1|Tyranitar, F|item
|poke|p1|Landorus-Therian, M|item
|poke|p1|Latios, M|item
|poke|p1|Ferrothorn, F|item
|poke|p1|Starmie|item
|poke|p1|Magnezone|item
|poke|p2|Heatran, F|item
|poke|p2|Gastrodon, F|item
|poke|p2|Tyranitar, M|item
|poke|p2|Gyarados, M|item
|poke|p2|Starmie|item
|poke|p2|Kyurem-Black|item
|teampreview
|j| osuni
|l| osuni
|c|☆refsunpersons|gl hf
|
|start
|switch|p1a: Tyranitar|Tyranitar, F|100/100
|switch|p2a: Gastrodon|Gastrodon, F|100/100
|-weather|Sandstorm|[from] ability: Sand Stream|[of] p1a: Tyranitar
|turn|1
|
|switch|p1a: Ferrothorn|Ferrothorn, F|100/100
|move|p2a: Gastrodon|Earthquake|p1a: Ferrothorn
|-damage|p1a: Ferrothorn|81/100
|
|-weather|Sandstorm|[upkeep]
|-heal|p1a: Ferrothorn|88/100|[from] item: Leftovers
|upkeep
|turn|2
|
|switch|p2a: Heatran|Heatran, F|100/100
|move|p1a: Ferrothorn|Leech Seed|p2a: Heatran
|-start|p2a: Heatran|move: Leech Seed
|
|-weather|Sandstorm|[upkeep]
|-heal|p1a: Ferrothorn|94/100|[from] item: Leftovers
|-damage|p2a: Heatran|88/100|[from] Leech Seed|[of] p1a: Ferrothorn
|-heal|p1a: Ferrothorn|100/100|[silent]
|upkeep
|turn|3
|
|switch|p1a: Tyranitar|Tyranitar, F|100/100
|move|p2a: Heatran|Fire Blast|p1a: Tyranitar
|-resisted|p1a: Tyranitar
|-damage|p1a: Tyranitar|88/100
|
|-weather|Sandstorm|[upkeep]
|-heal|p2a: Heatran|94/100|[from] item: Leftovers
|-damage|p2a: Heatran|82/100|[from] Leech Seed|[of] p1a: Tyranitar
|-heal|p1a: Tyranitar|99/100|[silent]
|upkeep
|turn|4
|
|switch|p2a: Gastrodon|Gastrodon, F|100/100
|move|p1a: Tyranitar|Stealth Rock|p2a: Gastrodon
|-sidestart|p2: alenpa|move: Stealth Rock
|
|-weather|Sandstorm|[upkeep]
|upkeep
|turn|5
|
|switch|p1a: Ferrothorn|Ferrothorn, F|100/100
|move|p2a: Gastrodon|Scald|p1a: Ferrothorn
|-resisted|p1a: Ferrothorn
|-crit|p1a: Ferrothorn
|-damage|p1a: Ferrothorn|80/100
|
|-weather|Sandstorm|[upkeep]
|-heal|p1a: Ferrothorn|86/100|[from] item: Leftovers
|upkeep
|turn|6
|
|switch|p2a: Heatran|Heatran, F|82/100
|-damage|p2a: Heatran|70/100|[from] Stealth Rock
|move|p1a: Ferrothorn|Power Whip|p2a: Heatran
|-resisted|p2a: Heatran
|-damage|p2a: Heatran|60/100
|
|-weather|Sandstorm|[upkeep]
|-heal|p2a: Heatran|66/100|[from] item: Leftovers
|-heal|p1a: Ferrothorn|93/100|[from] item: Leftovers
|upkeep
|turn|7
|
|switch|p1a: Starmie|Starmie|100/100
|move|p2a: Heatran|Earth Power|p1a: Starmie
|-damage|p1a: Starmie|60/100
|
|-weather|Sandstorm|[upkeep]
|-damage|p1a: Starmie|54/100|[from] Sandstorm
|-heal|p1a: Starmie|60/100|[from] item: Leftovers
|-heal|p2a: Heatran|73/100|[from] item: Leftovers
|upkeep
|turn|8
|
|switch|p1a: Latios|Latios, M|100/100
|switch|p2a: Gastrodon|Gastrodon, F|100/100
|-damage|p2a: Gastrodon|94/100|[from] Stealth Rock
|
|-weather|Sandstorm|[upkeep]
|-damage|p1a: Latios|95/100|[from] Sandstorm
|-heal|p2a: Gastrodon|100/100|[from] item: Leftovers
|upkeep
|turn|9
|
|move|p1a: Latios|Dragon Pulse|p2a: Gastrodon
|-damage|p2a: Gastrodon|34/100
|move|p2a: Gastrodon|Toxic|p1a: Latios
|-status|p1a: Latios|tox
|
|-weather|Sandstorm|[upkeep]
|-damage|p1a: Latios|89/100 tox|[from] Sandstorm
|-heal|p2a: Gastrodon|40/100|[from] item: Leftovers
|-damage|p1a: Latios|83/100 tox|[from] psn
|upkeep
|turn|10
|
|switch|p2a: Tyranitar|Tyranitar, M|100/100
|-damage|p2a: Tyranitar|88/100|[from] Stealth Rock
|move|p1a: Latios|Dragon Pulse|p2a: Tyranitar
|-damage|p2a: Tyranitar|54/100
|
|-weather|Sandstorm|[upkeep]
|-damage|p1a: Latios|77/100 tox|[from] Sandstorm
|-damage|p1a: Latios|65/100 tox|[from] psn
|upkeep
|turn|11
|
|-activate|p1a: Latios|move: Pursuit
|move|p2a: Tyranitar|Pursuit|p1a: Latios|[from]Pursuit
|-supereffective|p1a: Latios
|-damage|p1a: Latios|0 fnt
|faint|p1a: Latios
|
|-weather|Sandstorm|[upkeep]
|upkeep
|
|switch|p1a: Landorus|Landorus-Therian, M|100/100
|-ability|p1a: Landorus|Intimidate|boost
|-unboost|p2a: Tyranitar|atk|1
|turn|12
|
|switch|p2a: Gyarados|Gyarados, M|100/100
|-damage|p2a: Gyarados|76/100|[from] Stealth Rock
|-ability|p2a: Gyarados|Intimidate|boost
|-unboost|p1a: Landorus|atk|1
|move|p1a: Landorus|U-turn|p2a: Gyarados
|-resisted|p2a: Gyarados
|-damage|p2a: Gyarados|69/100
|
|switch|p1a: Starmie|Starmie|60/100
|
|-weather|Sandstorm|[upkeep]
|-damage|p1a: Starmie|54/100|[from] Sandstorm
|-damage|p2a: Gyarados|63/100|[from] Sandstorm
|-heal|p1a: Starmie|60/100|[from] item: Leftovers
|-heal|p2a: Gyarados|69/100|[from] item: Leftovers
|upkeep
|turn|13
|
|switch|p1a: Ferrothorn|Ferrothorn, F|93/100
|switch|p2a: Kyurem|Kyurem-Black|100/100
|-damage|p2a: Kyurem|76/100|[from] Stealth Rock
|-ability|p2a: Kyurem|Teravolt
|
|-weather|Sandstorm|[upkeep]
|-damage|p2a: Kyurem|70/100|[from] Sandstorm
|-heal|p1a: Ferrothorn|99/100|[from] item: Leftovers
|upkeep
|turn|14
|
|switch|p2a: Tyranitar|Tyranitar, M|54/100
|-damage|p2a: Tyranitar|42/100|[from] Stealth Rock
|move|p1a: Ferrothorn|Gyro Ball|p2a: Tyranitar
|-supereffective|p2a: Tyranitar
|-damage|p2a: Tyranitar|0 fnt
|faint|p2a: Tyranitar
|
|-weather|Sandstorm|[upkeep]
|-heal|p1a: Ferrothorn|100/100|[from] item: Leftovers
|upkeep
|
|switch|p2a: Heatran|Heatran, F|73/100
|-damage|p2a: Heatran|60/100|[from] Stealth Rock
|turn|15
|
|switch|p1a: Tyranitar|Tyranitar, F|99/100
|move|p2a: Heatran|Substitute|p2a: Heatran
|-start|p2a: Heatran|Substitute
|-damage|p2a: Heatran|35/100
|
|-weather|Sandstorm|[upkeep]
|-heal|p2a: Heatran|42/100|[from] item: Leftovers
|upkeep
|turn|16
|
|move|p2a: Heatran|Earth Power|p1a: Tyranitar
|-supereffective|p1a: Tyranitar
|-crit|p1a: Tyranitar
|-damage|p1a: Tyranitar|45/100
|move|p1a: Tyranitar|Rock Slide|p2a: Heatran|[miss]
|-miss|p1a: Tyranitar|p2a: Heatran
|
|-weather|Sandstorm|[upkeep]
|-heal|p2a: Heatran|48/100|[from] item: Leftovers
|upkeep
|turn|17
|
|move|p2a: Heatran|Earth Power|p1a: Tyranitar
|-supereffective|p1a: Tyranitar
|-damage|p1a: Tyranitar|16/100
|move|p1a: Tyranitar|Rock Slide|p2a: Heatran
|-end|p2a: Heatran|Substitute
|
|-weather|Sandstorm|[upkeep]
|-heal|p2a: Heatran|54/100|[from] item: Leftovers
|upkeep
|turn|18
|
|move|p2a: Heatran|Earth Power|p1a: Tyranitar
|-supereffective|p1a: Tyranitar
|-damage|p1a: Tyranitar|0 fnt
|faint|p1a: Tyranitar
|
|-weather|Sandstorm|[upkeep]
|-heal|p2a: Heatran|60/100|[from] item: Leftovers
|upkeep
|
|switch|p1a: Landorus|Landorus-Therian, M|100/100
|-ability|p1a: Landorus|Intimidate|boost
|-unboost|p2a: Heatran|atk|1
|turn|19
|
|switch|p2a: Gyarados|Gyarados, M|69/100
|-damage|p2a: Gyarados|44/100|[from] Stealth Rock
|-ability|p2a: Gyarados|Intimidate|boost
|-unboost|p1a: Landorus|atk|1
|move|p1a: Landorus|Earthquake|p2a: Gyarados
|-immune|p2a: Gyarados
|
|-weather|Sandstorm|[upkeep]
|-damage|p2a: Gyarados|38/100|[from] Sandstorm
|-heal|p2a: Gyarados|44/100|[from] item: Leftovers
|upkeep
|turn|20
|
|switch|p1a: Ferrothorn|Ferrothorn, F|100/100
|move|p2a: Gyarados|Rest|p2a: Gyarados
|-status|p2a: Gyarados|slp
|-heal|p2a: Gyarados|100/100 slp|[silent]
|-status|p2a: Gyarados|slp|[from] move: Rest
|
|-weather|Sandstorm|[upkeep]
|-damage|p2a: Gyarados|94/100 slp|[from] Sandstorm
|-heal|p2a: Gyarados|100/100 slp|[from] item: Leftovers
|upkeep
|turn|21
|
|switch|p2a: Kyurem|Kyurem-Black|70/100
|-damage|p2a: Kyurem|45/100|[from] Stealth Rock
|-ability|p2a: Kyurem|Teravolt
|move|p1a: Ferrothorn|Leech Seed|p2a: Kyurem
|-start|p2a: Kyurem|move: Leech Seed
|
|-weather|Sandstorm|[upkeep]
|-damage|p2a: Kyurem|39/100|[from] Sandstorm
|-damage|p2a: Kyurem|26/100|[from] Leech Seed|[of] p1a: Ferrothorn
|upkeep
|turn|22
|
|move|p2a: Kyurem|Earth Power|p1a: Ferrothorn
|-damage|p1a: Ferrothorn|86/100
|move|p1a: Ferrothorn|Leech Seed||[still]
|-fail|p1a: Ferrothorn
|
|-weather|Sandstorm|[upkeep]
|-damage|p2a: Kyurem|20/100|[from] Sandstorm
|-heal|p1a: Ferrothorn|92/100|[from] item: Leftovers
|-damage|p2a: Kyurem|8/100|[from] Leech Seed|[of] p1a: Ferrothorn
|-heal|p1a: Ferrothorn|100/100|[silent]
|upkeep
|turn|23
|
|move|p2a: Kyurem|Earth Power|p1a: Ferrothorn
|-damage|p1a: Ferrothorn|85/100
|move|p1a: Ferrothorn|Spikes|p2a: Kyurem
|-sidestart|p2: alenpa|Spikes
|
|-weather|Sandstorm|[upkeep]
|-damage|p2a: Kyurem|2/100|[from] Sandstorm
|-heal|p1a: Ferrothorn|91/100|[from] item: Leftovers
|-damage|p2a: Kyurem|0 fnt|[from] Leech Seed|[of] p1a: Ferrothorn
|-heal|p1a: Ferrothorn|93/100|[silent]
|upkeep
|faint|p2a: Kyurem
|
|switch|p2a: Heatran|Heatran, F|60/100
|-damage|p2a: Heatran|48/100|[from] Spikes
|-damage|p2a: Heatran|35/100|[from] Stealth Rock
|turn|24
|
|switch|p1a: Magnezone|Magnezone|100/100
|move|p2a: Heatran|Fire Blast|p1a: Magnezone
|-supereffective|p1a: Magnezone
|-damage|p1a: Magnezone|0 fnt
|faint|p1a: Magnezone
|
|-weather|Sandstorm|[upkeep]
|-heal|p2a: Heatran|42/100|[from] item: Leftovers
|upkeep
|
|switch|p1a: Landorus|Landorus-Therian, M|100/100
|-ability|p1a: Landorus|Intimidate|boost
|-unboost|p2a: Heatran|atk|1
|turn|25
|
|switch|p2a: Gastrodon|Gastrodon, F|40/100
|-damage|p2a: Gastrodon|28/100|[from] Spikes
|-damage|p2a: Gastrodon|22/100|[from] Stealth Rock
|move|p1a: Landorus|U-turn|p2a: Gastrodon
|-damage|p2a: Gastrodon|1/100
|
|switch|p1a: Ferrothorn|Ferrothorn, F|93/100
|
|-weather|Sandstorm|[upkeep]
|-heal|p2a: Gastrodon|7/100|[from] item: Leftovers
|-heal|p1a: Ferrothorn|99/100|[from] item: Leftovers
|upkeep
|turn|26
|
|move|p2a: Gastrodon|Scald|p1a: Ferrothorn
|-resisted|p1a: Ferrothorn
|-damage|p1a: Ferrothorn|90/100
|move|p1a: Ferrothorn|Power Whip|p2a: Gastrodon
|-supereffective|p2a: Gastrodon
|-damage|p2a: Gastrodon|0 fnt
|faint|p2a: Gastrodon
|
|-weather|Sandstorm|[upkeep]
|-heal|p1a: Ferrothorn|97/100|[from] item: Leftovers
|upkeep
|
|switch|p2a: Starmie|Starmie|100/100
|-damage|p2a: Starmie|88/100|[from] Stealth Rock
|-damage|p2a: Starmie|76/100|[from] Spikes
|turn|27
|
|move|p2a: Starmie|Rapid Spin|p1a: Ferrothorn
|-resisted|p1a: Ferrothorn
|-damage|p1a: Ferrothorn|95/100
|-damage|p2a: Starmie|63/100|[from] ability: Iron Barbs|[of] p1a: Ferrothorn
|-sideend|p2: alenpa|Spikes|[from] move: Rapid Spin|[of] p2a: Starmie
|-sideend|p2: alenpa|Stealth Rock|[from] move: Rapid Spin|[of] p2a: Starmie
|move|p1a: Ferrothorn|Power Whip|p2a: Starmie
|-supereffective|p2a: Starmie
|-damage|p2a: Starmie|0 fnt
|faint|p2a: Starmie
|
|-weather|Sandstorm|[upkeep]
|-heal|p1a: Ferrothorn|100/100|[from] item: Leftovers
|upkeep
|
|switch|p2a: Heatran|Heatran, F|42/100
|turn|28
|
|switch|p1a: Landorus|Landorus-Therian, M|100/100
|-ability|p1a: Landorus|Intimidate|boost
|-unboost|p2a: Heatran|atk|1
|move|p2a: Heatran|Fire Blast|p1a: Landorus
|-damage|p1a: Landorus|9/100
|
|-weather|Sandstorm|[upkeep]
|-heal|p2a: Heatran|48/100|[from] item: Leftovers
|upkeep
|turn|29
|
|switch|p2a: Gyarados|Gyarados, M|100/100 slp
|-ability|p2a: Gyarados|Intimidate|boost
|-unboost|p1a: Landorus|atk|1
|move|p1a: Landorus|U-turn|p2a: Gyarados
|-resisted|p2a: Gyarados
|-damage|p2a: Gyarados|94/100 slp
|
|switch|p1a: Starmie|Starmie|60/100
|
|-weather|Sandstorm|[upkeep]
|-damage|p1a: Starmie|54/100|[from] Sandstorm
|-damage|p2a: Gyarados|88/100 slp|[from] Sandstorm
|-heal|p1a: Starmie|60/100|[from] item: Leftovers
|-heal|p2a: Gyarados|94/100 slp|[from] item: Leftovers
|upkeep
|turn|30
|
|move|p1a: Starmie|Thunderbolt|p2a: Gyarados
|-supereffective|p2a: Gyarados
|-crit|p2a: Gyarados
|-damage|p2a: Gyarados|0 fnt
|faint|p2a: Gyarados
|
|-weather|Sandstorm|[upkeep]
|-damage|p1a: Starmie|54/100|[from] Sandstorm
|-heal|p1a: Starmie|60/100|[from] item: Leftovers
|upkeep
|
|switch|p2a: Heatran|Heatran, F|48/100
|turn|31
|c|☆refsunpersons|gg
|c|☆alenpa|gg
|
|move|p1a: Starmie|Hydro Pump|p2a: Heatran
|-supereffective|p2a: Heatran
|-damage|p2a: Heatran|0 fnt
|faint|p2a: Heatran
|
|win|refsunpersons
|raw|refsunpersons's rating: 1341 &rarr; <strong>1363</strong><br />(+22 for winning)
|raw|alenpa's rating: 1388 &rarr; <strong>1366</strong><br />(-22 for losing)
