|join|MadBull
|join|Senior Frosty
|player|p1|MadBull|283
|player|p2|Senior Frosty|266
|gametype|singles
|gen|5
|tier|[Gen 5] OU
|rated
|rule|Evasion Abilities Clause: Evasion abilities are banned
|clearpoke
|poke|p1|Terrakion
|poke|p1|Gengar, M
|poke|p1|Kyurem-Black
|poke|p1|Azelf
|poke|p1|Scizor, M
|poke|p1|Gorebyss, M
|poke|p2|Bronzong
|poke|p2|Heatran, M
|poke|p2|Ninetales, F
|poke|p2|Sawsbuck, M
|poke|p2|Infernape, M
|poke|p2|Starmie
|rule|Sleep Clause Mod: Limit one foe put to sleep
|rule|Species Clause: Limit one of each Pokemon
|rule|OHKO Clause: OHKO moves are banned
|rule|Moody Clause: Moody is banned
|rule|Evasion Moves Clause: Evasion moves are banned
|rule|Endless Battle Clause: Forcing endless battles is banned.
|rule|HP Percentage Mod: HP is reported as percentages
|teampreview
|
|start
|switch|p1a: Azelf|Azelf|333/333
|switch|p2a: Ninetales|Ninetales, F|350/350
|-weather|SunnyDay|[from] ability: Drought|[of] p2a: Ninetales
|turn|1
|
|move|p1a: Azelf|Taunt|p2a: Ninetales
|-start|p2a: Ninetales|move: Taunt
|move|p2a: Ninetales|Flamethrower|p1a: Azelf
|-damage|p1a: Azelf|146/333
|
|-weather|SunnyDay|[upkeep]
|turn|2
|
|move|p1a: Azelf|Light Screen|p1a: Azelf
|-sidestart|p1: MadBull|move: Light Screen
|move|p2a: Ninetales|Flamethrower|p1a: Azelf
|-damage|p1a: Azelf|48/333
|
|-weather|SunnyDay|[upkeep]
|turn|3
|
|move|p1a: Azelf|Stealth Rock|p2a: Ninetales
|-sidestart|p2: Senior Frosty|move: Stealth Rock
|move|p2a: Ninetales|Flamethrower|p1a: Azelf
|-damage|p1a: Azelf|0 fnt
|faint|p1a: Azelf
|
|-weather|SunnyDay|[upkeep]
|-end|p2a: Ninetales|move: Taunt
|
|switch|p1a: Terrakion|Terrakion|324/324
|-item|p1a: Terrakion|Air Balloon
|turn|4
|
|move|p1a: Terrakion|Rock Polish|p1a: Terrakion
|-boost|p1a: Terrakion|spe|2
|move|p2a: Ninetales|Will-O-Wisp|p1a: Terrakion
|-status|p1a: Terrakion|brn
|
|-weather|SunnyDay|[upkeep]
|-damage|p1a: Terrakion|284/324 brn|[from] brn
|turn|5
|
|move|p1a: Terrakion|Swords Dance|p1a: Terrakion
|-boost|p1a: Terrakion|atk|2
|move|p2a: Ninetales|Roar|p1a: Terrakion
|drag|p1a: Gengar|Gengar, M|261/261
|
|-weather|SunnyDay|[upkeep]
|turn|6
|
|move|p1a: Gengar|Shadow Ball|p2a: Ninetales
|-damage|p2a: Ninetales|196/350
|move|p2a: Ninetales|Flamethrower|p1a: Gengar
|-damage|p1a: Gengar|177/261
|-status|p1a: Gengar|brn
|
|-weather|SunnyDay|[upkeep]
|-heal|p1a: Gengar|193/261 brn|[from] item: Black Sludge
|-heal|p2a: Ninetales|217/350|[from] item: Leftovers
|-damage|p1a: Gengar|161/261 brn|[from] brn
|turn|7
|chat|Senior Frosty|How does it feel?
|
|move|p1a: Gengar|Focus Blast|p2a: Ninetales
|-damage|p2a: Ninetales|73/350
|move|p2a: Ninetales|Flamethrower|p1a: Gengar
|-damage|p1a: Gengar|67/261 brn
|
|-weather|SunnyDay|[upkeep]
|-heal|p1a: Gengar|83/261 brn|[from] item: Black Sludge
|-heal|p2a: Ninetales|94/350|[from] item: Leftovers
|-damage|p1a: Gengar|51/261 brn|[from] brn
|turn|8
|chat|MadBull|burn on all my Pokemon you mean?
|
|move|p1a: Gengar|Shadow Ball|p2a: Ninetales
|-damage|p2a: Ninetales|0 fnt
|faint|p2a: Ninetales
|
|-weather|SunnyDay|[upkeep]
|-heal|p1a: Gengar|67/261 brn|[from] item: Black Sludge
|-damage|p1a: Gengar|35/261 brn|[from] brn
|chat|Senior Frosty|To be getting beat by a defensive ninetales. o3o
|
|switch|p2a: Sawsbuck|Sawsbuck, M|301/301
|-damage|p2a: Sawsbuck|264/301|[from] Stealth Rock
|turn|9
|chat|MadBull|much like being beaten by any Pokemon to be honest
|
|move|p2a: Sawsbuck|Horn Leech|p1a: Gengar
|-resisted|p1a: Gengar
|-damage|p1a: Gengar|0 fnt
|-heal|p2a: Sawsbuck|282/301|[from] drain|[of] p1a: Gengar
|-damage|p2a: Sawsbuck|252/301|[from] item: Life Orb
|faint|p1a: Gengar
|
|-weather|SunnyDay|[upkeep]
|-sideend|p1: MadBull|move: Light Screen
|
|switch|p1a: Scizor|Scizor, M|281/281
|turn|10
|
|switch|p2a: Bronzong|Bronzong|338/338
|-damage|p2a: Bronzong|317/338|[from] Stealth Rock
|move|p1a: Scizor|Bullet Punch|p2a: Bronzong
|-resisted|p2a: Bronzong
|-damage|p2a: Bronzong|259/338
|-damage|p1a: Scizor|253/281|[from] item: Life Orb
|
|-weather|SunnyDay|[upkeep]
|-heal|p2a: Bronzong|280/338|[from] item: Leftovers
|turn|11
|
|move|p1a: Scizor|Swords Dance|p1a: Scizor
|-boost|p1a: Scizor|atk|2
|move|p2a: Bronzong|Stealth Rock|p1a: Scizor
|-sidestart|p1: MadBull|move: Stealth Rock
|
|-weather|SunnyDay|[upkeep]
|-heal|p2a: Bronzong|301/338|[from] item: Leftovers
|turn|12
|
|switch|p2a: Heatran|Heatran, M|323/323
|-damage|p2a: Heatran|283/323|[from] Stealth Rock
|move|p1a: Scizor|Bug Bite|p2a: Heatran
|-resisted|p2a: Heatran
|-damage|p2a: Heatran|191/323
|-damage|p1a: Scizor|225/281|[from] item: Life Orb
|
|-weather|SunnyDay|[upkeep]
|-heal|p2a: Heatran|211/323|[from] item: Leftovers
|turn|13
|
|move|p2a: Heatran|Magma Storm|p1a: Scizor
|-supereffective|p1a: Scizor
|-damage|p1a: Scizor|0 fnt
|faint|p1a: Scizor
|
|-weather|SunnyDay|[upkeep]
|-heal|p2a: Heatran|231/323|[from] item: Leftovers
|
|switch|p1a: Gorebyss|Gorebyss, M|314/314
|-damage|p1a: Gorebyss|275/314|[from] Stealth Rock
|turn|14
|
|move|p2a: Heatran|Solar Beam|p1a: Gorebyss|[still]
|-prepare|p2a: Heatran|Solar Beam|p1a: Gorebyss
|-anim|p2a: Heatran|Solar Beam|p1a: Gorebyss
|-supereffective|p1a: Gorebyss
|-damage|p1a: Gorebyss|0 fnt
|faint|p1a: Gorebyss
|
|-weather|SunnyDay|[upkeep]
|-heal|p2a: Heatran|251/323|[from] item: Leftovers
|chat|MadBull|gg
|chat|Senior Frosty|gg
|
|switch|p1a: Kyurem-Black|Kyurem-Black|391/391
|-damage|p1a: Kyurem-Black|294/391|[from] Stealth Rock
|-ability|p1a: Kyurem-Black|Teravolt
|turn|15
|
|move|p1a: Kyurem-Black|Earth Power|p2a: Heatran
|-crit|p2a: Heatran
|-supereffective|p2a: Heatran
|-damage|p2a: Heatran|0 fnt
|-damage|p1a: Kyurem-Black|255/391|[from] item: Life Orb
|faint|p2a: Heatran
|
|-weather|SunnyDay|[upkeep]
|
|switch|p2a: Infernape|Infernape, M|293/293
|-damage|p2a: Infernape|257/293|[from] Stealth Rock
|turn|16
|
|move|p2a: Infernape|Close Combat|p1a: Kyurem-Black
|-supereffective|p1a: Kyurem-Black
|-damage|p1a: Kyurem-Black|0 fnt
|-unboost|p2a: Infernape|def|1
|-unboost|p2a: Infernape|spd|1
|faint|p1a: Kyurem-Black
|
|-weather|SunnyDay|[upkeep]
|
|switch|p1a: Terrakion|Terrakion|284/324 brn
|-damage|p1a: Terrakion|264/324 brn|[from] Stealth Rock
|-item|p1a: Terrakion|Air Balloon
|turn|17
|
|move|p2a: Infernape|Close Combat|p1a: Terrakion
|-crit|p1a: Terrakion
|-supereffective|p1a: Terrakion
|-damage|p1a: Terrakion|0 fnt
|-enditem|p1a: Terrakion|Air Balloon
|-unboost|p2a: Infernape|def|1
|-unboost|p2a: Infernape|spd|1
|faint|p1a: Terrakion
|
|win|Senior Frosty
|raw|Ladder updating...
|raw|MadBull's rating: 1370 &rarr; <strong>1348</strong><br />(-22 for losing)
|raw|Senior Frosty's rating: 1336 &rarr; <strong>1358</strong><br />(+22 for winning)