|j|☆XXOO For Ever
|j|☆Alexia B.
|player|p1|XXOO For Ever|170|1366
|player|p2|Alexia B.|fantina|1543
|teamsize|p1|6
|teamsize|p2|6
|gametype|singles
|gen|5
|tier|[Gen 5] OU
|rated|
|clearpoke
|poke|p1|Politoed, F|item
|poke|p1|Jirachi|item
|poke|p1|Landorus-Therian, M|item
|poke|p1|Thundurus-Therian, M|item
|poke|p1|Ferrothorn, F|item
|poke|p1|Keldeo|item
|poke|p2|Tyranitar, M|item
|poke|p2|Landorus-Therian, M|item
|poke|p2|Latios, M|item
|poke|p2|Ferrothorn, M|item
|poke|p2|Jellicent, F|item
|poke|p2|Celebi|item
|rule|Species Clause: Limit one of each Pokémon
|rule|OHKO Clause: OHKO moves are banned
|rule|Moody Clause: Moody is banned
|rule|Evasion Moves Clause: Evasion moves are banned
|rule|Endless Battle Clause: Forcing endless battles is banned
|rule|HP Percentage Mod: HP is shown in percentages
|rule|Evasion Abilities Clause: Evasion abilities are banned
|rule|Baton Pass Clause: Limit one Baton Passer, can't pass Spe and other stats simultaneously
|rule|Sleep Clause: Sleep-inducing moves are banned
|rule|Swagger Clause: Swagger is banned
|teampreview
|inactive|Battle timer is ON: inactive players will automatically lose when time's up. (requested by XXOO For Ever)
|
|start
|switch|p1a: Landorus|Landorus-Therian, M|100/100
|switch|p2a: Blind Guardian|Landorus-Therian, M|100/100
|-ability|p1a: Landorus|Intimidate|boost
|-unboost|p2a: Blind Guardian|atk|1
|-ability|p2a: Blind Guardian|Intimidate|boost
|-unboost|p1a: Landorus|atk|1
|turn|1
|
|move|p1a: Landorus|U-turn|p2a: Blind Guardian
|-resisted|p2a: Blind Guardian
|-damage|p2a: Blind Guardian|94/100
|
|switch|p1a: Ferrothorn|Ferrothorn, F|100/100|[from]move: U-turn
|move|p2a: Blind Guardian|Stealth Rock|p1a: Ferrothorn
|-sidestart|p1: XXOO For Ever|move: Stealth Rock
|
|-heal|p2a: Blind Guardian|99/100|[from] item: Leftovers
|upkeep
|turn|2
|
|switch|p2a: CANNES FESTIVAL|Jellicent, F|100/100
|move|p1a: Ferrothorn|Stealth Rock|p2a: CANNES FESTIVAL
|-sidestart|p2: Alexia B.|move: Stealth Rock
|
|upkeep
|turn|3
|
|move|p2a: CANNES FESTIVAL|Will-O-Wisp|p1a: Ferrothorn
|-status|p1a: Ferrothorn|brn
|move|p1a: Ferrothorn|Power Whip|p2a: CANNES FESTIVAL
|-supereffective|p2a: CANNES FESTIVAL
|-damage|p2a: CANNES FESTIVAL|73/100
|
|-heal|p2a: CANNES FESTIVAL|79/100|[from] item: Leftovers
|-damage|p1a: Ferrothorn|88/100 brn|[from] brn
|upkeep
|turn|4
|
|switch|p2a: FLOOR JANSEN|Ferrothorn, M, shiny|100/100
|-damage|p2a: FLOOR JANSEN|94/100|[from] Stealth Rock
|switch|p1a: Keldeo|Keldeo|100/100
|-damage|p1a: Keldeo|94/100|[from] Stealth Rock
|
|-heal|p1a: Keldeo|100/100|[from] item: Leftovers
|upkeep
|turn|5
|
|switch|p2a: CANNES FESTIVAL|Jellicent, F|79/100
|-damage|p2a: CANNES FESTIVAL|67/100|[from] Stealth Rock
|move|p1a: Keldeo|Calm Mind|p1a: Keldeo
|-boost|p1a: Keldeo|spa|1
|-boost|p1a: Keldeo|spd|1
|
|-heal|p2a: CANNES FESTIVAL|73/100|[from] item: Leftovers
|upkeep
|turn|6
|
|switch|p2a: Time Travel|Celebi|100/100
|-damage|p2a: Time Travel|88/100|[from] Stealth Rock
|move|p1a: Keldeo|Calm Mind|p1a: Keldeo
|-boost|p1a: Keldeo|spa|1
|-boost|p1a: Keldeo|spd|1
|
|-heal|p2a: Time Travel|94/100|[from] item: Leftovers
|upkeep
|turn|7
|
|move|p1a: Keldeo|Icy Wind|p2a: Time Travel
|-supereffective|p2a: Time Travel
|-damage|p2a: Time Travel|47/100
|-unboost|p2a: Time Travel|spe|1
|move|p2a: Time Travel|Perish Song|p2a: Time Travel
|-start|p1a: Keldeo|perish3|[silent]
|-start|p2a: Time Travel|perish3|[silent]
|-fieldactivate|move: Perish Song
|
|-heal|p2a: Time Travel|53/100|[from] item: Leftovers
|-start|p1a: Keldeo|perish3
|-start|p2a: Time Travel|perish3
|upkeep
|turn|8
|
|move|p1a: Keldeo|Icy Wind|p2a: Time Travel
|-supereffective|p2a: Time Travel
|-damage|p2a: Time Travel|8/100
|-unboost|p2a: Time Travel|spe|1
|move|p2a: Time Travel|Recover|p2a: Time Travel
|-heal|p2a: Time Travel|58/100
|
|-heal|p2a: Time Travel|65/100|[from] item: Leftovers
|-start|p1a: Keldeo|perish2
|-start|p2a: Time Travel|perish2
|upkeep
|turn|9
|
|move|p1a: Keldeo|Calm Mind|p1a: Keldeo
|-boost|p1a: Keldeo|spa|1
|-boost|p1a: Keldeo|spd|1
|move|p2a: Time Travel|Recover|p2a: Time Travel
|-heal|p2a: Time Travel|100/100
|
|-start|p1a: Keldeo|perish1
|-start|p2a: Time Travel|perish1
|upkeep
|turn|10
|inactive|XXOO For Ever has 120 seconds left.
|
|switch|p1a: Politoed|Politoed, F|100/100
|-damage|p1a: Politoed|88/100|[from] Stealth Rock
|-weather|RainDance|[from] ability: Drizzle|[of] p1a: Politoed
|switch|p2a: FLOOR JANSEN|Ferrothorn, M, shiny|94/100
|-damage|p2a: FLOOR JANSEN|88/100|[from] Stealth Rock
|
|-weather|RainDance|[upkeep]
|upkeep
|turn|11
|
|switch|p1a: Jirachi|Jirachi|100/100
|-damage|p1a: Jirachi|94/100|[from] Stealth Rock
|move|p2a: FLOOR JANSEN|Spikes|p1a: Jirachi
|-sidestart|p1: XXOO For Ever|Spikes
|
|-weather|RainDance|[upkeep]
|-heal|p1a: Jirachi|100/100|[from] item: Leftovers
|upkeep
|turn|12
|
|move|p1a: Jirachi|Substitute|p1a: Jirachi
|-start|p1a: Jirachi|Substitute
|-damage|p1a: Jirachi|75/100
|move|p2a: FLOOR JANSEN|Spikes|p1a: Jirachi
|-sidestart|p1: XXOO For Ever|Spikes
|
|-weather|RainDance|[upkeep]
|-heal|p1a: Jirachi|82/100|[from] item: Leftovers
|upkeep
|turn|13
|
|switch|p2a: Time Travel|Celebi|100/100
|-damage|p2a: Time Travel|88/100|[from] Stealth Rock
|move|p1a: Jirachi|Calm Mind|p1a: Jirachi
|-boost|p1a: Jirachi|spa|1
|-boost|p1a: Jirachi|spd|1
|
|-weather|RainDance|[upkeep]
|-heal|p1a: Jirachi|88/100|[from] item: Leftovers
|-heal|p2a: Time Travel|94/100|[from] item: Leftovers
|upkeep
|turn|14
|
|move|p1a: Jirachi|Thunder|p2a: Time Travel
|-resisted|p2a: Time Travel
|-damage|p2a: Time Travel|82/100
|-status|p2a: Time Travel|par
|cant|p2a: Time Travel|par
|
|-weather|RainDance|[upkeep]
|-heal|p1a: Jirachi|94/100|[from] item: Leftovers
|-heal|p2a: Time Travel|88/100 par|[from] item: Leftovers
|upkeep
|turn|15
|
|move|p1a: Jirachi|Water Pulse|p2a: Time Travel
|-resisted|p2a: Time Travel
|-damage|p2a: Time Travel|78/100 par
|move|p2a: Time Travel|Perish Song|p2a: Time Travel
|-start|p1a: Jirachi|perish3|[silent]
|-start|p2a: Time Travel|perish3|[silent]
|-fieldactivate|move: Perish Song
|
|-weather|RainDance|[upkeep]
|-heal|p1a: Jirachi|99/100|[from] item: Leftovers
|-heal|p2a: Time Travel|85/100 par|[from] item: Leftovers
|-start|p1a: Jirachi|perish3
|-start|p2a: Time Travel|perish3
|upkeep
|turn|16
|
|switch|p2a: FLOOR JANSEN|Ferrothorn, M, shiny|88/100
|-damage|p2a: FLOOR JANSEN|82/100|[from] Stealth Rock
|move|p1a: Jirachi|Water Pulse|p2a: FLOOR JANSEN
|-resisted|p2a: FLOOR JANSEN
|-damage|p2a: FLOOR JANSEN|71/100
|-start|p2a: FLOOR JANSEN|confusion
|
|-weather|RainDance|[upkeep]
|-heal|p1a: Jirachi|100/100|[from] item: Leftovers
|-start|p1a: Jirachi|perish2
|upkeep
|turn|17
|
|move|p1a: Jirachi|Thunder|p2a: FLOOR JANSEN
|-resisted|p2a: FLOOR JANSEN
|-damage|p2a: FLOOR JANSEN|56/100
|-status|p2a: FLOOR JANSEN|par
|-activate|p2a: FLOOR JANSEN|confusion
|move|p2a: FLOOR JANSEN|Leech Seed||[still]
|-fail|p2a: FLOOR JANSEN
|
|-weather|RainDance|[upkeep]
|-start|p1a: Jirachi|perish1
|upkeep
|turn|18
|
|switch|p1a: Keldeo|Keldeo|100/100
|-damage|p1a: Keldeo|84/100|[from] Spikes
|-damage|p1a: Keldeo|78/100|[from] Stealth Rock
|-activate|p2a: FLOOR JANSEN|confusion
|move|p2a: FLOOR JANSEN|Spikes|p1a: Keldeo
|-sidestart|p1: XXOO For Ever|Spikes
|
|-weather|RainDance|[upkeep]
|-heal|p1a: Keldeo|84/100|[from] item: Leftovers
|upkeep
|turn|19
|inactive|Alexia B. has 120 seconds left.
|
|switch|p2a: Time Travel|Celebi|85/100
|-damage|p2a: Time Travel|72/100|[from] Stealth Rock
|move|p1a: Keldeo|Calm Mind|p1a: Keldeo
|-boost|p1a: Keldeo|spa|1
|-boost|p1a: Keldeo|spd|1
|
|-weather|RainDance|[upkeep]
|-heal|p1a: Keldeo|90/100|[from] item: Leftovers
|-heal|p2a: Time Travel|78/100|[from] item: Leftovers
|upkeep
|turn|20
|
|move|p1a: Keldeo|Icy Wind|p2a: Time Travel
|-supereffective|p2a: Time Travel
|-crit|p2a: Time Travel
|-damage|p2a: Time Travel|6/100
|-unboost|p2a: Time Travel|spe|1
|move|p2a: Time Travel|Perish Song|p2a: Time Travel
|-start|p1a: Keldeo|perish3|[silent]
|-start|p2a: Time Travel|perish3|[silent]
|-fieldactivate|move: Perish Song
|
|-weather|RainDance|[upkeep]
|-heal|p1a: Keldeo|96/100|[from] item: Leftovers
|-heal|p2a: Time Travel|12/100|[from] item: Leftovers
|-start|p1a: Keldeo|perish3
|-start|p2a: Time Travel|perish3
|upkeep
|turn|21
|
|switch|p2a: Gogo Zila|Tyranitar, M|100/100
|-damage|p2a: Gogo Zila|88/100|[from] Stealth Rock
|-weather|Sandstorm|[from] ability: Sand Stream|[of] p2a: Gogo Zila
|move|p1a: Keldeo|Icy Wind|p2a: Gogo Zila
|-damage|p2a: Gogo Zila|71/100
|-unboost|p2a: Gogo Zila|spe|1
|
|-weather|Sandstorm|[upkeep]
|-damage|p1a: Keldeo|90/100|[from] Sandstorm
|-heal|p1a: Keldeo|96/100|[from] item: Leftovers
|-start|p1a: Keldeo|perish2
|upkeep
|turn|22
|
|switch|p2a: FLOOR JANSEN|Ferrothorn, M, shiny|56/100 par
|-damage|p2a: FLOOR JANSEN|50/100 par|[from] Stealth Rock
|move|p1a: Keldeo|Secret Sword|p2a: FLOOR JANSEN
|-supereffective|p2a: FLOOR JANSEN
|-crit|p2a: FLOOR JANSEN
|-damage|p2a: FLOOR JANSEN|0 fnt
|faint|p2a: FLOOR JANSEN
|
|-weather|Sandstorm|[upkeep]
|-damage|p1a: Keldeo|90/100|[from] Sandstorm
|-heal|p1a: Keldeo|96/100|[from] item: Leftovers
|-start|p1a: Keldeo|perish1
|upkeep
|inactive|Alexia B. has 120 seconds left.
|
|switch|p2a: Time Travel|Celebi|12/100
|-damage|p2a: Time Travel|0 fnt|[from] Stealth Rock
|faint|p2a: Time Travel
|inactive|Alexia B. has 120 seconds left.
|
|switch|p2a: CANNES FESTIVAL|Jellicent, F|73/100
|-damage|p2a: CANNES FESTIVAL|61/100|[from] Stealth Rock
|turn|23
|
|switch|p1a: Ferrothorn|Ferrothorn, F|88/100 brn
|-damage|p1a: Ferrothorn|63/100 brn|[from] Spikes
|-damage|p1a: Ferrothorn|57/100 brn|[from] Stealth Rock
|move|p2a: CANNES FESTIVAL|Will-O-Wisp|p1a: Ferrothorn
|-fail|p1a: Ferrothorn|brn
|
|-weather|Sandstorm|[upkeep]
|-damage|p2a: CANNES FESTIVAL|54/100|[from] Sandstorm
|-heal|p2a: CANNES FESTIVAL|61/100|[from] item: Leftovers
|-heal|p1a: Ferrothorn|63/100 brn|[from] item: Leftovers
|-damage|p1a: Ferrothorn|50/100 brn|[from] brn
|upkeep
|turn|24
|
|move|p2a: CANNES FESTIVAL|Recover|p2a: CANNES FESTIVAL
|-heal|p2a: CANNES FESTIVAL|100/100
|move|p1a: Ferrothorn|Leech Seed|p2a: CANNES FESTIVAL
|-start|p2a: CANNES FESTIVAL|move: Leech Seed
|
|-weather|Sandstorm|[upkeep]
|-damage|p2a: CANNES FESTIVAL|94/100|[from] Sandstorm
|-heal|p2a: CANNES FESTIVAL|100/100|[from] item: Leftovers
|-heal|p1a: Ferrothorn|57/100 brn|[from] item: Leftovers
|-damage|p2a: CANNES FESTIVAL|88/100|[from] Leech Seed|[of] p1a: Ferrothorn
|-heal|p1a: Ferrothorn|71/100 brn|[silent]
|-damage|p1a: Ferrothorn|58/100 brn|[from] brn
|upkeep
|turn|25
|
|switch|p2a: Blind Guardian|Landorus-Therian, M|99/100
|-damage|p2a: Blind Guardian|88/100|[from] Stealth Rock
|-ability|p2a: Blind Guardian|Intimidate|boost
|-unboost|p1a: Ferrothorn|atk|1
|move|p1a: Ferrothorn|Leech Seed|p2a: Blind Guardian
|-start|p2a: Blind Guardian|move: Leech Seed
|
|-weather|Sandstorm|[upkeep]
|-heal|p2a: Blind Guardian|94/100|[from] item: Leftovers
|-heal|p1a: Ferrothorn|65/100 brn|[from] item: Leftovers
|-damage|p2a: Blind Guardian|81/100|[from] Leech Seed|[of] p1a: Ferrothorn
|-heal|p1a: Ferrothorn|78/100 brn|[silent]
|-damage|p1a: Ferrothorn|66/100 brn|[from] brn
|upkeep
|turn|26
|
|switch|p1a: Landorus|Landorus-Therian, M|100/100
|-damage|p1a: Landorus|88/100|[from] Stealth Rock
|-ability|p1a: Landorus|Intimidate|boost
|-unboost|p2a: Blind Guardian|atk|1
|move|p2a: Blind Guardian|Earthquake|p1a: Landorus
|-immune|p1a: Landorus
|
|-weather|Sandstorm|[upkeep]
|-heal|p2a: Blind Guardian|87/100|[from] item: Leftovers
|-damage|p2a: Blind Guardian|75/100|[from] Leech Seed|[of] p1a: Landorus
|-heal|p1a: Landorus|100/100|[silent]
|upkeep
|turn|27
|inactive|XXOO For Ever has 120 seconds left.
|
|switch|p2a: CANNES FESTIVAL|Jellicent, F|88/100
|-damage|p2a: CANNES FESTIVAL|76/100|[from] Stealth Rock
|move|p1a: Landorus|U-turn|p2a: CANNES FESTIVAL
|-resisted|p2a: CANNES FESTIVAL
|-damage|p2a: CANNES FESTIVAL|66/100
|inactive|XXOO For Ever has 120 seconds left.
|inactive|XXOO For Ever has 90 seconds left.
|
|switch|p1a: Ferrothorn|Ferrothorn, F|66/100 brn|[from]move: U-turn
|-damage|p1a: Ferrothorn|59/100 brn|[from] Stealth Rock
|-damage|p1a: Ferrothorn|34/100 brn|[from] Spikes
|
|-weather|Sandstorm|[upkeep]
|-damage|p2a: CANNES FESTIVAL|60/100|[from] Sandstorm
|-heal|p2a: CANNES FESTIVAL|66/100|[from] item: Leftovers
|-heal|p1a: Ferrothorn|41/100 brn|[from] item: Leftovers
|-damage|p1a: Ferrothorn|28/100 brn|[from] brn
|upkeep
|turn|28
|inactive|XXOO For Ever has 90 seconds left.
|
|move|p2a: CANNES FESTIVAL|Recover|p2a: CANNES FESTIVAL
|-heal|p2a: CANNES FESTIVAL|100/100
|move|p1a: Ferrothorn|Leech Seed|p2a: CANNES FESTIVAL
|-start|p2a: CANNES FESTIVAL|move: Leech Seed
|
|-weather|Sandstorm|[upkeep]
|-damage|p2a: CANNES FESTIVAL|94/100|[from] Sandstorm
|-heal|p2a: CANNES FESTIVAL|100/100|[from] item: Leftovers
|-heal|p1a: Ferrothorn|34/100 brn|[from] item: Leftovers
|-damage|p2a: CANNES FESTIVAL|88/100|[from] Leech Seed|[of] p1a: Ferrothorn
|-heal|p1a: Ferrothorn|49/100 brn|[silent]
|-damage|p1a: Ferrothorn|36/100 brn|[from] brn
|upkeep
|turn|29
|inactive|XXOO For Ever has 90 seconds left.
|
|switch|p2a: Blind Guardian|Landorus-Therian, M|75/100
|-damage|p2a: Blind Guardian|63/100|[from] Stealth Rock
|-ability|p2a: Blind Guardian|Intimidate|boost
|-unboost|p1a: Ferrothorn|atk|1
|move|p1a: Ferrothorn|Leech Seed|p2a: Blind Guardian
|-start|p2a: Blind Guardian|move: Leech Seed
|
|-weather|Sandstorm|[upkeep]
|-heal|p2a: Blind Guardian|69/100|[from] item: Leftovers
|-heal|p1a: Ferrothorn|42/100 brn|[from] item: Leftovers
|-damage|p2a: Blind Guardian|56/100|[from] Leech Seed|[of] p1a: Ferrothorn
|-heal|p1a: Ferrothorn|56/100 brn|[silent]
|-damage|p1a: Ferrothorn|43/100 brn|[from] brn
|upkeep
|turn|30
|inactive|XXOO For Ever has 90 seconds left.
|
|switch|p1a: Landorus|Landorus-Therian, M|100/100
|-damage|p1a: Landorus|88/100|[from] Stealth Rock
|-ability|p1a: Landorus|Intimidate|boost
|-unboost|p2a: Blind Guardian|atk|1
|move|p2a: Blind Guardian|Earthquake|p1a: Landorus
|-immune|p1a: Landorus
|
|-weather|Sandstorm|[upkeep]
|-heal|p2a: Blind Guardian|62/100|[from] item: Leftovers
|-damage|p2a: Blind Guardian|50/100|[from] Leech Seed|[of] p1a: Landorus
|-heal|p1a: Landorus|100/100|[silent]
|upkeep
|turn|31
|inactive|XXOO For Ever has 90 seconds left.
|inactive|Alexia B. has 120 seconds left.
|
|move|p1a: Landorus|Earthquake|p2a: Blind Guardian
|-immune|p2a: Blind Guardian
|move|p2a: Blind Guardian|U-turn|p1a: Landorus
|-resisted|p1a: Landorus
|-damage|p1a: Landorus|93/100
|
|switch|p2a: CANNES FESTIVAL|Jellicent, F|88/100|[from]move: U-turn
|-damage|p2a: CANNES FESTIVAL|76/100|[from] Stealth Rock
|
|-weather|Sandstorm|[upkeep]
|-damage|p2a: CANNES FESTIVAL|70/100|[from] Sandstorm
|-heal|p2a: CANNES FESTIVAL|76/100|[from] item: Leftovers
|upkeep
|turn|32
|
|switch|p1a: Ferrothorn|Ferrothorn, F|43/100 brn
|-damage|p1a: Ferrothorn|37/100 brn|[from] Stealth Rock
|-damage|p1a: Ferrothorn|12/100 brn|[from] Spikes
|move|p2a: CANNES FESTIVAL|Will-O-Wisp|p1a: Ferrothorn
|-fail|p1a: Ferrothorn|brn
|
|-weather|Sandstorm|[upkeep]
|-damage|p2a: CANNES FESTIVAL|70/100|[from] Sandstorm
|-heal|p2a: CANNES FESTIVAL|76/100|[from] item: Leftovers
|-heal|p1a: Ferrothorn|18/100 brn|[from] item: Leftovers
|-damage|p1a: Ferrothorn|6/100 brn|[from] brn
|upkeep
|turn|33
|inactive|XXOO For Ever has 90 seconds left.
|inactive|Alexia B. has 90 seconds left.
|
|move|p2a: CANNES FESTIVAL|Scald|p1a: Ferrothorn
|-resisted|p1a: Ferrothorn
|-damage|p1a: Ferrothorn|0 fnt
|faint|p1a: Ferrothorn
|
|-weather|Sandstorm|[upkeep]
|-damage|p2a: CANNES FESTIVAL|70/100|[from] Sandstorm
|-heal|p2a: CANNES FESTIVAL|76/100|[from] item: Leftovers
|upkeep
|
|switch|p1a: Jirachi|Jirachi|100/100
|-damage|p1a: Jirachi|94/100|[from] Stealth Rock
|-damage|p1a: Jirachi|69/100|[from] Spikes
|turn|34
|
|move|p1a: Jirachi|Substitute|p1a: Jirachi
|-start|p1a: Jirachi|Substitute
|-damage|p1a: Jirachi|44/100
|move|p2a: CANNES FESTIVAL|Scald|p1a: Jirachi
|-activate|p1a: Jirachi|Substitute|[damage]
|
|-weather|Sandstorm|[upkeep]
|-damage|p2a: CANNES FESTIVAL|70/100|[from] Sandstorm
|-heal|p1a: Jirachi|50/100|[from] item: Leftovers
|-heal|p2a: CANNES FESTIVAL|76/100|[from] item: Leftovers
|upkeep
|turn|35
|
|move|p1a: Jirachi|Calm Mind|p1a: Jirachi
|-boost|p1a: Jirachi|spa|1
|-boost|p1a: Jirachi|spd|1
|move|p2a: CANNES FESTIVAL|Scald|p1a: Jirachi
|-end|p1a: Jirachi|Substitute
|
|-weather|Sandstorm|[upkeep]
|-damage|p2a: CANNES FESTIVAL|70/100|[from] Sandstorm
|-heal|p1a: Jirachi|57/100|[from] item: Leftovers
|-heal|p2a: CANNES FESTIVAL|76/100|[from] item: Leftovers
|upkeep
|turn|36
|inactive|Alexia B. has 90 seconds left.
|
|move|p1a: Jirachi|Substitute|p1a: Jirachi
|-start|p1a: Jirachi|Substitute
|-damage|p1a: Jirachi|32/100
|move|p2a: CANNES FESTIVAL|Scald|p1a: Jirachi
|-activate|p1a: Jirachi|Substitute|[damage]
|
|-weather|Sandstorm|[upkeep]
|-damage|p2a: CANNES FESTIVAL|70/100|[from] Sandstorm
|-heal|p1a: Jirachi|38/100|[from] item: Leftovers
|-heal|p2a: CANNES FESTIVAL|76/100|[from] item: Leftovers
|upkeep
|turn|37
|
|move|p1a: Jirachi|Calm Mind|p1a: Jirachi
|-boost|p1a: Jirachi|spa|1
|-boost|p1a: Jirachi|spd|1
|move|p2a: CANNES FESTIVAL|Scald|p1a: Jirachi
|-activate|p1a: Jirachi|Substitute|[damage]
|
|-weather|Sandstorm|[upkeep]
|-damage|p2a: CANNES FESTIVAL|70/100|[from] Sandstorm
|-heal|p1a: Jirachi|44/100|[from] item: Leftovers
|-heal|p2a: CANNES FESTIVAL|76/100|[from] item: Leftovers
|upkeep
|turn|38
|j| Rheumatoid
|
|move|p1a: Jirachi|Calm Mind|p1a: Jirachi
|-boost|p1a: Jirachi|spa|1
|-boost|p1a: Jirachi|spd|1
|move|p2a: CANNES FESTIVAL|Scald|p1a: Jirachi
|-end|p1a: Jirachi|Substitute
|
|-weather|Sandstorm|[upkeep]
|-damage|p2a: CANNES FESTIVAL|70/100|[from] Sandstorm
|-heal|p1a: Jirachi|50/100|[from] item: Leftovers
|-heal|p2a: CANNES FESTIVAL|76/100|[from] item: Leftovers
|upkeep
|turn|39
|
|switch|p2a: Gogo Zila|Tyranitar, M|71/100
|-damage|p2a: Gogo Zila|58/100|[from] Stealth Rock
|move|p1a: Jirachi|Substitute|p1a: Jirachi
|-start|p1a: Jirachi|Substitute
|-damage|p1a: Jirachi|25/100
|
|-weather|Sandstorm|[upkeep]
|-heal|p1a: Jirachi|31/100|[from] item: Leftovers
|upkeep
|turn|40
|
|move|p2a: Gogo Zila|Fire Punch|p1a: Jirachi
|-supereffective|p1a: Jirachi
|-end|p1a: Jirachi|Substitute
|move|p1a: Jirachi|Water Pulse|p2a: Gogo Zila
|-supereffective|p2a: Gogo Zila
|-damage|p2a: Gogo Zila|8/100
|
|-weather|Sandstorm|[upkeep]
|-heal|p1a: Jirachi|38/100|[from] item: Leftovers
|upkeep
|turn|41
|inactive|Alexia B. has 120 seconds left.
|
|switch|p1a: Politoed|Politoed, F|88/100
|-damage|p1a: Politoed|76/100|[from] Stealth Rock
|-damage|p1a: Politoed|51/100|[from] Spikes
|-weather|RainDance|[from] ability: Drizzle|[of] p1a: Politoed
|move|p2a: Gogo Zila|Fire Punch|p1a: Politoed
|-resisted|p1a: Politoed
|-damage|p1a: Politoed|41/100
|
|-weather|RainDance|[upkeep]
|upkeep
|turn|42
|
|move|p2a: Gogo Zila|Fire Punch|p1a: Politoed
|-resisted|p1a: Politoed
|-damage|p1a: Politoed|33/100
|-status|p1a: Politoed|brn
|move|p1a: Politoed|Hidden Power|p2a: Gogo Zila
|-supereffective|p2a: Gogo Zila
|-damage|p2a: Gogo Zila|0 fnt
|faint|p2a: Gogo Zila
|
|-weather|RainDance|[upkeep]
|-damage|p1a: Politoed|21/100 brn|[from] brn
|upkeep
|inactive|Alexia B. has 120 seconds left.
|
|switch|p2a: KAMELOT|Latios, M|100/100
|-damage|p2a: KAMELOT|88/100|[from] Stealth Rock
|turn|43
|inactive|Alexia B. has 120 seconds left.
|
|move|p2a: KAMELOT|Psychic|p1a: Politoed
|-damage|p1a: Politoed|0 fnt
|faint|p1a: Politoed
|
|-weather|RainDance|[upkeep]
|upkeep
|inactive|XXOO For Ever has 120 seconds left.
|
|switch|p1a: Jirachi|Jirachi|38/100
|-damage|p1a: Jirachi|13/100|[from] Spikes
|-damage|p1a: Jirachi|6/100|[from] Stealth Rock
|turn|44
|
|move|p2a: KAMELOT|Psychic|p1a: Jirachi
|-resisted|p1a: Jirachi
|-damage|p1a: Jirachi|0 fnt
|faint|p1a: Jirachi
|
|-weather|RainDance|[upkeep]
|upkeep
|
|switch|p1a: Landorus|Landorus-Therian, M|93/100
|-damage|p1a: Landorus|80/100|[from] Stealth Rock
|-ability|p1a: Landorus|Intimidate|boost
|-unboost|p2a: KAMELOT|atk|1
|turn|45
|
|switch|p2a: Blind Guardian|Landorus-Therian, M|50/100
|-damage|p2a: Blind Guardian|38/100|[from] Stealth Rock
|-ability|p2a: Blind Guardian|Intimidate|boost
|-unboost|p1a: Landorus|atk|1
|move|p1a: Landorus|U-turn|p2a: Blind Guardian
|-resisted|p2a: Blind Guardian
|-damage|p2a: Blind Guardian|31/100
|inactive|XXOO For Ever has 120 seconds left.
|
|switch|p1a: Thundurus|Thundurus-Therian, M|100/100|[from]move: U-turn
|-damage|p1a: Thundurus|76/100|[from] Stealth Rock
|
|-weather|RainDance|[upkeep]
|-heal|p2a: Blind Guardian|37/100|[from] item: Leftovers
|upkeep
|turn|46
|
|move|p1a: Thundurus|Hidden Power|p2a: Blind Guardian
|-supereffective|p2a: Blind Guardian
|-damage|p2a: Blind Guardian|0 fnt
|faint|p2a: Blind Guardian
|
|-weather|RainDance|[upkeep]
|upkeep
|
|switch|p2a: KAMELOT|Latios, M|88/100
|-damage|p2a: KAMELOT|76/100|[from] Stealth Rock
|turn|47
|
|move|p2a: KAMELOT|Ice Beam|p1a: Thundurus
|-supereffective|p1a: Thundurus
|-damage|p1a: Thundurus|0 fnt
|faint|p1a: Thundurus
|
|-weather|RainDance|[upkeep]
|upkeep
|
|switch|p1a: Keldeo|Keldeo|96/100
|-damage|p1a: Keldeo|72/100|[from] Spikes
|-damage|p1a: Keldeo|66/100|[from] Stealth Rock
|turn|48
|
|switch|p2a: CANNES FESTIVAL|Jellicent, F|76/100
|-damage|p2a: CANNES FESTIVAL|63/100|[from] Stealth Rock
|move|p1a: Keldeo|Calm Mind|p1a: Keldeo
|-boost|p1a: Keldeo|spa|1
|-boost|p1a: Keldeo|spd|1
|
|-weather|RainDance|[upkeep]
|-heal|p1a: Keldeo|72/100|[from] item: Leftovers
|-heal|p2a: CANNES FESTIVAL|70/100|[from] item: Leftovers
|upkeep
|turn|49
|
|move|p1a: Keldeo|Calm Mind|p1a: Keldeo
|-boost|p1a: Keldeo|spa|1
|-boost|p1a: Keldeo|spd|1
|move|p2a: CANNES FESTIVAL|Will-O-Wisp|p1a: Keldeo
|-status|p1a: Keldeo|brn
|
|-weather|RainDance|[upkeep]
|-heal|p1a: Keldeo|78/100 brn|[from] item: Leftovers
|-heal|p2a: CANNES FESTIVAL|76/100|[from] item: Leftovers
|-damage|p1a: Keldeo|66/100 brn|[from] brn
|upkeep
|turn|50
|
|move|p1a: Keldeo|Hidden Power|p2a: CANNES FESTIVAL
|-supereffective|p2a: CANNES FESTIVAL
|-damage|p2a: CANNES FESTIVAL|4/100
|move|p2a: CANNES FESTIVAL|Scald|p1a: Keldeo
|-resisted|p1a: Keldeo
|-damage|p1a: Keldeo|55/100 brn
|
|-weather|RainDance|[upkeep]
|-heal|p1a: Keldeo|61/100 brn|[from] item: Leftovers
|-heal|p2a: CANNES FESTIVAL|10/100|[from] item: Leftovers
|-damage|p1a: Keldeo|48/100 brn|[from] brn
|upkeep
|turn|51
|
|move|p1a: Keldeo|Hidden Power|p2a: CANNES FESTIVAL
|-supereffective|p2a: CANNES FESTIVAL
|-damage|p2a: CANNES FESTIVAL|0 fnt
|faint|p2a: CANNES FESTIVAL
|
|-weather|RainDance|[upkeep]
|-heal|p1a: Keldeo|55/100 brn|[from] item: Leftovers
|-damage|p1a: Keldeo|42/100 brn|[from] brn
|upkeep
|
|switch|p2a: KAMELOT|Latios, M|76/100
|-damage|p2a: KAMELOT|64/100|[from] Stealth Rock
|turn|52
|
|move|p2a: KAMELOT|Psychic|p1a: Keldeo
|-supereffective|p1a: Keldeo
|-damage|p1a: Keldeo|0 fnt
|faint|p1a: Keldeo
|
|-weather|RainDance|[upkeep]
|upkeep
|
|switch|p1a: Landorus|Landorus-Therian, M|80/100
|-damage|p1a: Landorus|68/100|[from] Stealth Rock
|-ability|p1a: Landorus|Intimidate|boost
|-unboost|p2a: KAMELOT|atk|1
|turn|53
|
|move|p2a: KAMELOT|Psychic|p1a: Landorus
|-damage|p1a: Landorus|9/100
|move|p1a: Landorus|U-turn|p2a: KAMELOT
|-supereffective|p2a: KAMELOT
|-damage|p2a: KAMELOT|0 fnt
|faint|p2a: KAMELOT
|
|win|XXOO For Ever
|l|☆Alexia B.
|raw|XXOO For Ever's rating: 1372 &rarr; <strong>1402</strong><br />(+30 for winning)
|raw|Alexia B.'s rating: 1565 &rarr; <strong>1535</strong><br />(-30 for losing)
