|j|☆Kuisa
|j|☆MyChemistryRomance
|player|p1|Kuisa|6
|player|p2|MyChemistryRomance|289
|teamsize|p1|6
|teamsize|p2|6
|gametype|singles
|gen|5
|tier|[Gen 5] OU
|rated|
|rule|Sleep Clause Mod: Limit one foe put to sleep
|rule|Species Clause: Limit one of each Pokémon
|rule|OHKO Clause: OHKO moves are banned
|rule|Moody Clause: Moody is banned
|rule|Evasion Moves Clause: Evasion moves are banned
|rule|Endless Battle Clause: Forcing endless battles is banned
|rule|HP Percentage Mod: HP is shown in percentages
|rule|Evasion Abilities Clause: Evasion abilities are banned
|rule|Baton Pass Clause: Limit one Baton Passer, can't pass Spe and other stats simultaneously
|rule|Swagger Clause: Swagger is banned
|clearpoke
|poke|p1|Tyranitar, M|item
|poke|p1|Landorus-Therian, M|item
|poke|p1|Garchomp, M|item
|poke|p1|Latios, M|item
|poke|p1|Jirachi|item
|poke|p1|Keldeo|item
|poke|p2|Gengar, F|item
|poke|p2|Hippowdon, F|item
|poke|p2|Celebi|item
|poke|p2|Terrakion|item
|poke|p2|Gyarados, F|item
|poke|p2|Magnezone|item
|teampreview
|inactive|Battle timer is ON: inactive players will automatically lose when time's up. (requested by Kuisa)
|
|start
|switch|p1a: Latios|Latios, M|100/100
|switch|p2a: Terrakion|Terrakion|100/100
|turn|1
|
|switch|p2a: Celebi|Celebi|100/100
|move|p1a: Latios|Draco Meteor|p2a: Celebi
|-damage|p2a: Celebi|29/100
|-unboost|p1a: Latios|spa|2
|
|-heal|p2a: Celebi|35/100|[from] item: Leftovers
|upkeep
|turn|2
|
|switch|p2a: Magnezone|Magnezone|100/100
|move|p1a: Latios|Draco Meteor|p2a: Magnezone
|-resisted|p2a: Magnezone
|-damage|p2a: Magnezone|65/100
|-unboost|p1a: Latios|spa|2
|
|upkeep
|turn|3
|
|switch|p1a: Jirachi|Jirachi|100/100
|move|p2a: Magnezone|Flash Cannon|p1a: Jirachi
|-resisted|p1a: Jirachi
|-damage|p1a: Jirachi|83/100
|
|upkeep
|turn|4
|
|switch|p2a: Gyarados|Gyarados, F|100/100
|-ability|p2a: Gyarados|Intimidate|boost
|-unboost|p1a: Jirachi|atk|1
|move|p1a: Jirachi|U-turn|p2a: Gyarados
|-resisted|p2a: Gyarados
|-damage|p2a: Gyarados|93/100
|
|switch|p1a: Latios|Latios, M|100/100
|
|-heal|p2a: Gyarados|99/100|[from] item: Leftovers
|upkeep
|turn|5
|
|switch|p2a: Magnezone|Magnezone|65/100
|move|p1a: Latios|Draco Meteor|p2a: Magnezone
|-resisted|p2a: Magnezone
|-damage|p2a: Magnezone|0 fnt
|-unboost|p1a: Latios|spa|2
|faint|p2a: Magnezone
|
|upkeep
|
|switch|p2a: Celebi|Celebi|35/100
|turn|6
|
|move|p1a: Latios|Draco Meteor|p2a: Celebi
|-damage|p2a: Celebi|0 fnt
|-unboost|p1a: Latios|spa|2
|faint|p2a: Celebi
|
|upkeep
|
|switch|p2a: Gyarados|Gyarados, F|99/100
|-ability|p2a: Gyarados|Intimidate|boost
|-unboost|p1a: Latios|atk|1
|turn|7
|
|switch|p1a: Keldeo|Keldeo|100/100
|move|p2a: Gyarados|Dragon Dance|p2a: Gyarados
|-boost|p2a: Gyarados|atk|1
|-boost|p2a: Gyarados|spe|1
|
|-heal|p2a: Gyarados|100/100|[from] item: Leftovers
|upkeep
|turn|8
|
|move|p2a: Gyarados|Substitute|p2a: Gyarados
|-start|p2a: Gyarados|Substitute
|-damage|p2a: Gyarados|76/100
|move|p1a: Keldeo|Hidden Power|p2a: Gyarados
|-supereffective|p2a: Gyarados
|-end|p2a: Gyarados|Substitute
|
|-heal|p2a: Gyarados|82/100|[from] item: Leftovers
|upkeep
|turn|9
|
|switch|p1a: Tyranitar|Tyranitar, M|100/100
|-weather|Sandstorm|[from] ability: Sand Stream|[of] p1a: Tyranitar
|move|p2a: Gyarados|Bounce|p1a: Tyranitar|[still]
|-prepare|p2a: Gyarados|Bounce|p1a: Tyranitar
|
|-weather|Sandstorm|[upkeep]
|-damage|p2a: Gyarados|76/100|[from] Sandstorm
|-heal|p2a: Gyarados|82/100|[from] item: Leftovers
|upkeep
|turn|10
|
|move|p2a: Gyarados|Bounce|p1a: Tyranitar|[from]lockedmove
|-resisted|p1a: Tyranitar
|-damage|p1a: Tyranitar|74/100
|-status|p1a: Tyranitar|par
|move|p1a: Tyranitar|Crunch|p2a: Gyarados
|-damage|p2a: Gyarados|6/100
|
|-weather|Sandstorm|[upkeep]
|-damage|p2a: Gyarados|0 fnt|[from] Sandstorm
|upkeep
|faint|p2a: Gyarados
|
|switch|p2a: Terrakion|Terrakion|100/100
|turn|11
|
|switch|p1a: Landorus|Landorus-Therian, M|100/100
|-ability|p1a: Landorus|Intimidate|boost
|-unboost|p2a: Terrakion|atk|1
|move|p2a: Terrakion|X-Scissor|p1a: Landorus
|-resisted|p1a: Landorus
|-damage|p1a: Landorus|91/100
|
|-weather|Sandstorm|[upkeep]
|-heal|p1a: Landorus|97/100|[from] item: Leftovers
|upkeep
|turn|12
|-message|MyChemistryRomance forfeited.
|
|win|Kuisa
|l|☆MyChemistryRomance
|raw|Kuisa's rating: 1327 &rarr; <strong>1350</strong><br />(+23 for winning)
|raw|MyChemistryRomance's rating: 1377 &rarr; <strong>1354</strong><br />(-23 for losing)
