|j|☆ferwara
|j|☆ManoChao!
|player|p1|ferwara|266
|player|p2|ManoChao!|2
|teamsize|p1|6
|teamsize|p2|6
|gametype|singles
|gen|5
|tier|[Gen 5] OU
|rated|
|rule|Sleep Clause Mod: Limit one foe put to sleep
|rule|Species Clause: Limit one of each Pokémon
|rule|OHKO Clause: OHKO moves are banned
|rule|Moody Clause: Moody is banned
|rule|Evasion Moves Clause: Evasion moves are banned
|rule|Endless Battle Clause: Forcing endless battles is banned
|rule|HP Percentage Mod: HP is shown in percentages
|rule|Evasion Abilities Clause: Evasion abilities are banned
|rule|Baton Pass Clause: Limit one Baton Passer, can't pass Spe and other stats simultaneously
|rule|Swagger Clause: Swagger is banned
|clearpoke
|poke|p1|Politoed, M|item
|poke|p1|Vaporeon, F|item
|poke|p1|Jolteon, M|item
|poke|p1|Gengar, M|item
|poke|p1|Toxicroak, F|item
|poke|p1|Landorus-Therian, M|item
|poke|p2|Azelf|item
|poke|p2|Garchomp, M|item
|poke|p2|Breloom, F|item
|poke|p2|Scizor, F|item
|poke|p2|Dragonite, M|item
|poke|p2|Salamence, M|item
|teampreview
|
|start
|switch|p1a: Landorus|Landorus-Therian, M|100/100
|switch|p2a: Azelf|Azelf|100/100
|-ability|p1a: Landorus|Intimidate|boost
|-unboost|p2a: Azelf|atk|1
|turn|1
|
|move|p1a: Landorus|U-turn|p2a: Azelf
|-supereffective|p2a: Azelf
|-damage|p2a: Azelf|18/100
|
|switch|p1a: Jolteon|Jolteon, M|100/100
|move|p2a: Azelf|Stealth Rock|p1a: Jolteon
|-sidestart|p1: ferwara|move: Stealth Rock
|
|upkeep
|turn|2
|
|move|p1a: Jolteon|Hidden Power|p2a: Azelf
|-damage|p2a: Azelf|0 fnt
|faint|p2a: Azelf
|
|upkeep
|inactive|Battle timer is ON: inactive players will automatically lose when time's up. (requested by ferwara)
|
|switch|p2a: Dragonite|Dragonite, M|100/100
|turn|3
|
|move|p1a: Jolteon|Hidden Power|p2a: Dragonite
|-supereffective|p2a: Dragonite
|-damage|p2a: Dragonite|59/100
|move|p2a: Dragonite|Dragon Dance|p2a: Dragonite
|-boost|p2a: Dragonite|atk|1
|-boost|p2a: Dragonite|spe|1
|
|upkeep
|turn|4
|inactive|ManoChao! has 135 seconds left.
|
|move|p2a: Dragonite|Extreme Speed|p1a: Jolteon
|-damage|p1a: Jolteon|15/100
|move|p1a: Jolteon|Hidden Power|p2a: Dragonite
|-supereffective|p2a: Dragonite
|-damage|p2a: Dragonite|0 fnt
|faint|p2a: Dragonite
|
|upkeep
|inactive|ManoChao! has 135 seconds left.
|
|switch|p2a: Scizor|Scizor, F|100/100
|turn|5
|
|switch|p1a: Politoed|Politoed, M|100/100
|-damage|p1a: Politoed|88/100|[from] Stealth Rock
|-weather|RainDance|[from] ability: Drizzle|[of] p1a: Politoed
|move|p2a: Scizor|Bullet Punch|p1a: Politoed
|-resisted|p1a: Politoed
|-damage|p1a: Politoed|75/100
|
|-weather|RainDance|[upkeep]
|-heal|p1a: Politoed|82/100|[from] item: Leftovers
|upkeep
|turn|6
|
|move|p2a: Scizor|Acrobatics|p1a: Politoed
|-enditem|p2a: Scizor|Flying Gem|[from] gem|[move] Acrobatics
|-damage|p1a: Politoed|32/100
|move|p1a: Politoed|Scald|p2a: Scizor
|-damage|p2a: Scizor|52/100
|-status|p2a: Scizor|brn
|
|-weather|RainDance|[upkeep]
|-heal|p1a: Politoed|38/100|[from] item: Leftovers
|-damage|p2a: Scizor|39/100 brn|[from] brn
|upkeep
|turn|7
|
|switch|p1a: Vaporeon|Vaporeon, F|100/100
|-damage|p1a: Vaporeon|88/100|[from] Stealth Rock
|move|p2a: Scizor|Superpower|p1a: Vaporeon
|-damage|p1a: Vaporeon|72/100
|-unboost|p2a: Scizor|atk|1
|-unboost|p2a: Scizor|def|1
|
|-weather|RainDance|[upkeep]
|-heal|p1a: Vaporeon|78/100|[from] item: Leftovers
|-damage|p2a: Scizor|27/100 brn|[from] brn
|upkeep
|turn|8
|inactive|ManoChao! has 135 seconds left.
|inactive|ManoChao! has 120 seconds left.
|
|switch|p2a: Garchomp|Garchomp, M|100/100
|move|p1a: Vaporeon|Rest|p1a: Vaporeon
|-status|p1a: Vaporeon|slp
|-heal|p1a: Vaporeon|100/100 slp|[silent]
|-status|p1a: Vaporeon|slp|[from] move: Rest
|
|-weather|RainDance|[upkeep]
|-activate|p1a: Vaporeon|ability: Hydration
|-curestatus|p1a: Vaporeon|slp|[msg]
|upkeep
|turn|9
|inactive|ManoChao! has 135 seconds left.
|
|move|p2a: Garchomp|Outrage|p1a: Vaporeon
|-enditem|p2a: Garchomp|Dragon Gem|[from] gem|[move] Outrage
|-damage|p1a: Vaporeon|23/100
|move|p1a: Vaporeon|Scald|p2a: Garchomp
|-damage|p2a: Garchomp|51/100
|-status|p2a: Garchomp|brn
|
|-weather|RainDance|[upkeep]
|-heal|p1a: Vaporeon|29/100|[from] item: Leftovers
|-damage|p2a: Garchomp|39/100 brn|[from] brn
|upkeep
|turn|10
|j| Anne Happy
|
|switch|p1a: Landorus|Landorus-Therian, M|100/100
|-damage|p1a: Landorus|88/100|[from] Stealth Rock
|-ability|p1a: Landorus|Intimidate|boost
|-unboost|p2a: Garchomp|atk|1
|move|p2a: Garchomp|Outrage|p1a: Landorus|[from]lockedmove
|-damage|p1a: Landorus|60/100
|-start|p2a: Garchomp|confusion|[fatigue]
|
|-weather|RainDance|[upkeep]
|-damage|p2a: Garchomp|27/100 brn|[from] brn
|upkeep
|turn|11
|
|move|p1a: Landorus|U-turn|p2a: Garchomp
|-damage|p2a: Garchomp|0 fnt
|-damage|p1a: Landorus|48/100|[from] ability: Rough Skin|[of] p2a: Garchomp
|faint|p2a: Garchomp
|
|switch|p1a: Toxicroak|Toxicroak, F|100/100
|-damage|p1a: Toxicroak|94/100|[from] Stealth Rock
|
|-weather|RainDance|[upkeep]
|-heal|p1a: Toxicroak|100/100|[from] ability: Dry Skin
|upkeep
|inactive|ManoChao! has 135 seconds left.
|
|switch|p2a: Scizor|Scizor, F|27/100 brn
|turn|12
|
|switch|p1a: Landorus|Landorus-Therian, M|48/100
|-damage|p1a: Landorus|35/100|[from] Stealth Rock
|-ability|p1a: Landorus|Intimidate|boost
|-unboost|p2a: Scizor|atk|1
|move|p2a: Scizor|Acrobatics|p1a: Landorus
|-damage|p1a: Landorus|19/100
|
|-weather|RainDance|[upkeep]
|-damage|p2a: Scizor|14/100 brn|[from] brn
|upkeep
|turn|13
|inactive|ManoChao! has 135 seconds left.
|
|move|p2a: Scizor|Bullet Punch|p1a: Landorus
|-damage|p1a: Landorus|6/100
|move|p1a: Landorus|U-turn|p2a: Scizor
|-resisted|p2a: Scizor
|-damage|p2a: Scizor|0 fnt
|faint|p2a: Scizor
|
|switch|p1a: Vaporeon|Vaporeon, F|29/100
|-damage|p1a: Vaporeon|17/100|[from] Stealth Rock
|
|-weather|RainDance|[upkeep]
|-heal|p1a: Vaporeon|23/100|[from] item: Leftovers
|upkeep
|
|switch|p2a: Salamence|Salamence, M|100/100
|turn|14
|
|move|p2a: Salamence|Dragon Claw|p1a: Vaporeon
|-damage|p1a: Vaporeon|0 fnt
|faint|p1a: Vaporeon
|-ability|p2a: Salamence|Moxie|boost
|-boost|p2a: Salamence|atk|1
|
|-weather|RainDance|[upkeep]
|upkeep
|
|switch|p1a: Jolteon|Jolteon, M|15/100
|-damage|p1a: Jolteon|3/100|[from] Stealth Rock
|turn|15
|
|move|p1a: Jolteon|Hidden Power|p2a: Salamence
|-supereffective|p2a: Salamence
|-damage|p2a: Salamence|0 fnt
|faint|p2a: Salamence
|
|-weather|RainDance|[upkeep]
|upkeep
|
|switch|p2a: Breloom|Breloom, F|100/100
|turn|16
|
|move|p2a: Breloom|Mach Punch|p1a: Jolteon
|-enditem|p2a: Breloom|Fighting Gem|[from] gem|[move] Mach Punch
|-damage|p1a: Jolteon|0 fnt
|faint|p1a: Jolteon
|
|-weather|RainDance|[upkeep]
|upkeep
|
|switch|p1a: Gengar|Gengar, M, shiny|100/100
|-damage|p1a: Gengar|88/100|[from] Stealth Rock
|turn|17
|
|move|p1a: Gengar|Substitute|p1a: Gengar
|-start|p1a: Gengar|Substitute
|-damage|p1a: Gengar|63/100
|move|p2a: Breloom|Spore|p1a: Gengar
|-fail|p1a: Gengar
|
|-weather|RainDance|[upkeep]
|upkeep
|turn|18
|
|move|p1a: Gengar|Sludge Bomb|p2a: Breloom
|-supereffective|p2a: Breloom
|-damage|p2a: Breloom|0 fnt
|-damage|p1a: Gengar|53/100|[from] item: Life Orb
|faint|p2a: Breloom
|
|win|ferwara
|raw|ferwara's rating: 1363 &rarr; <strong>1380</strong><br />(+17 for winning)
|raw|ManoChao!'s rating: 1310 &rarr; <strong>1293</strong><br />(-17 for losing)
|l|☆ferwara
