|j|☆Primary Trout
|j|☆blossummm
|t:|1717094378
|gametype|singles
|player|p1|Primary Trout|marshal|1514
|player|p2|blossummm|bianca|1434
|teamsize|p1|6
|teamsize|p2|6
|gen|5
|tier|[Gen 5] OU
|rated|
|rule|Species Clause: Limit one of each Pokémon
|rule|OHKO Clause: OHKO moves are banned
|rule|Moody Clause: Moody is banned
|rule|Evasion Items Clause: Evasion items are banned
|rule|Evasion Moves Clause: Evasion moves are banned
|rule|Endless Battle Clause: Forcing endless battles is banned
|rule|HP Percentage Mod: HP is shown in percentages
|rule|Evasion Abilities Clause: Evasion abilities are banned
|rule|Sleep Moves Clause: Sleep-inducing moves are banned
|rule|Swagger Clause: Swagger is banned
|rule|Baton Pass Stat Clause: No Baton Passer may have a way to boost its stats
|clearpoke
|poke|p1|Jirachi|item
|poke|p1|Salamence, M|item
|poke|p1|Landorus-Therian, M|item
|poke|p1|Scizor, F|item
|poke|p1|Kyurem-Black|item
|poke|p1|Starmie|item
|poke|p2|Skarmory, F|item
|poke|p2|Latios, M|item
|poke|p2|Jellicent, F|item
|poke|p2|Tyranitar, F|item
|poke|p2|Alakazam, F|item
|poke|p2|Garchomp, F|item
|teampreview
|inactive|Battle timer is ON: inactive players will automatically lose when time's up. (requested by Primary Trout)
|
|t:|1717094396
|start
|switch|p1a: Jirachi|Jirachi|100/100
|switch|p2a: Skarmory|Skarmory, F|100/100
|turn|1
|
|t:|1717094400
|move|p1a: Jirachi|Thunder|p2a: Skarmory
|-supereffective|p2a: Skarmory
|-damage|p2a: Skarmory|3/100
|move|p2a: Skarmory|Stealth Rock|p1a: Jirachi
|-sidestart|p1: Primary Trout|move: Stealth Rock
|
|upkeep
|turn|2
|-enditem|p2a: Skarmory|Custap Berry|[eat]
|-activate|p2a: Skarmory|item: Custap Berry|[consumed]
|
|t:|1717094405
|move|p2a: Skarmory|Spikes|p1a: Jirachi
|-sidestart|p1: Primary Trout|Spikes
|move|p1a: Jirachi|Thunder|p2a: Skarmory|[miss]
|-miss|p1a: Jirachi|p2a: Skarmory
|
|upkeep
|turn|3
|
|t:|1717094411
|move|p1a: Jirachi|Iron Head|p2a: Skarmory
|-resisted|p2a: Skarmory
|-crit|p2a: Skarmory
|-damage|p2a: Skarmory|0 fnt
|faint|p2a: Skarmory
|
|upkeep
|inactive|blossummm has 120 seconds left.
|inactive|blossummm has 90 seconds left.
|
|t:|1717094500
|switch|p2a: Garchomp|Garchomp, F|100/100
|turn|4
|
|t:|1717094513
|move|p2a: Garchomp|Rock Slide|p1a: Jirachi
|-resisted|p1a: Jirachi
|-damage|p1a: Jirachi|88/100
|move|p1a: Jirachi|Icy Wind|p2a: Garchomp
|-supereffective|p2a: Garchomp
|-damage|p2a: Garchomp|42/100
|-unboost|p2a: Garchomp|spe|1
|
|-heal|p1a: Jirachi|95/100|[from] item: Leftovers
|upkeep
|turn|5
|
|t:|1717094518
|switch|p2a: Jellicent|Jellicent, F|100/100
|move|p1a: Jirachi|Icy Wind|p2a: Jellicent
|-resisted|p2a: Jellicent
|-damage|p2a: Jellicent|95/100
|-unboost|p2a: Jellicent|spe|1
|
|-heal|p1a: Jirachi|100/100|[from] item: Leftovers
|-heal|p2a: Jellicent|100/100|[from] item: Leftovers
|upkeep
|turn|6
|
|t:|1717094521
|move|p1a: Jirachi|Thunder|p2a: Jellicent|[miss]
|-miss|p1a: Jirachi|p2a: Jellicent
|move|p2a: Jellicent|Will-O-Wisp|p1a: Jirachi
|-status|p1a: Jirachi|brn
|
|-damage|p1a: Jirachi|88/100 brn|[from] brn
|upkeep
|turn|7
|
|t:|1717094525
|move|p1a: Jirachi|Thunder|p2a: Jellicent
|-supereffective|p2a: Jellicent
|-damage|p2a: Jellicent|53/100
|-status|p2a: Jellicent|par
|cant|p2a: Jellicent|par
|
|-heal|p1a: Jirachi|94/100 brn|[from] item: Leftovers
|-heal|p2a: Jellicent|59/100 par|[from] item: Leftovers
|-damage|p1a: Jirachi|82/100 brn|[from] brn
|upkeep
|turn|8
|
|t:|1717094531
|move|p1a: Jirachi|Icy Wind|p2a: Jellicent
|-resisted|p2a: Jellicent
|-damage|p2a: Jellicent|53/100 par
|-unboost|p2a: Jellicent|spe|1
|move|p2a: Jellicent|Recover|p2a: Jellicent
|-heal|p2a: Jellicent|100/100 par
|
|-heal|p1a: Jirachi|88/100 brn|[from] item: Leftovers
|-damage|p1a: Jirachi|76/100 brn|[from] brn
|upkeep
|turn|9
|
|t:|1717094536
|move|p1a: Jirachi|Icy Wind|p2a: Jellicent
|-resisted|p2a: Jellicent
|-damage|p2a: Jellicent|95/100 par
|-unboost|p2a: Jellicent|spe|1
|move|p2a: Jellicent|Recover|p2a: Jellicent
|-heal|p2a: Jellicent|100/100 par
|
|-heal|p1a: Jirachi|82/100 brn|[from] item: Leftovers
|-damage|p1a: Jirachi|70/100 brn|[from] brn
|upkeep
|turn|10
|inactive|blossummm has 120 seconds left.
|
|t:|1717094545
|switch|p1a: Salamence|Salamence, M|100/100
|-damage|p1a: Salamence|76/100|[from] Stealth Rock
|-ability|p1a: Salamence|Intimidate|boost
|-unboost|p2a: Jellicent|atk|1
|move|p2a: Jellicent|Scald|p1a: Salamence
|-resisted|p1a: Salamence
|-damage|p1a: Salamence|61/100
|
|upkeep
|turn|11
|
|t:|1717094552
|move|p1a: Salamence|Draco Meteor|p2a: Jellicent
|-damage|p2a: Jellicent|17/100 par
|-unboost|p1a: Salamence|spa|2
|cant|p2a: Jellicent|par
|
|-heal|p2a: Jellicent|23/100 par|[from] item: Leftovers
|upkeep
|turn|12
|
|t:|1717094559
|move|p1a: Salamence|Draco Meteor|p2a: Jellicent
|-damage|p2a: Jellicent|0 fnt
|-unboost|p1a: Salamence|spa|2
|faint|p2a: Jellicent
|
|upkeep
|inactive|blossummm has 120 seconds left.
|inactive|blossummm has 90 seconds left.
|
|t:|1717094605
|switch|p2a: Garchomp|Garchomp, F|42/100
|turn|13
|
|t:|1717094608
|move|p2a: Garchomp|Dual Chop|p1a: Salamence
|-supereffective|p1a: Salamence
|-damage|p1a: Salamence|6/100
|-supereffective|p1a: Salamence
|-damage|p1a: Salamence|0 fnt
|faint|p1a: Salamence
|-hitcount|p1: Salamence|2
|
|upkeep
|
|t:|1717094612
|switch|p1a: Landorus|Landorus-Therian, M|100/100
|-damage|p1a: Landorus|88/100|[from] Stealth Rock
|-ability|p1a: Landorus|Intimidate|boost
|-unboost|p2a: Garchomp|atk|1
|turn|14
|
|t:|1717094630
|switch|p2a: Tyranitar|Tyranitar, F, shiny|100/100
|-weather|Sandstorm|[from] ability: Sand Stream|[of] p2a: Tyranitar
|move|p1a: Landorus|Stealth Rock|p2a: Tyranitar
|-sidestart|p2: blossummm|move: Stealth Rock
|
|-weather|Sandstorm|[upkeep]
|-heal|p1a: Landorus|94/100|[from] item: Leftovers
|upkeep
|turn|15
|
|t:|1717094638
|switch|p2a: Latios|Latios, M|100/100
|-damage|p2a: Latios|88/100|[from] Stealth Rock
|move|p1a: Landorus|U-turn|p2a: Latios
|-supereffective|p2a: Latios
|-damage|p2a: Latios|28/100
|
|t:|1717094641
|switch|p1a: Scizor|Scizor, F|100/100|[from] U-turn
|-damage|p1a: Scizor|88/100|[from] Stealth Rock
|-damage|p1a: Scizor|75/100|[from] Spikes
|
|-weather|Sandstorm|[upkeep]
|-damage|p2a: Latios|22/100|[from] Sandstorm
|-heal|p1a: Scizor|82/100|[from] item: Leftovers
|upkeep
|turn|16
|
|t:|1717094645
|move|p1a: Scizor|Bullet Punch|p2a: Latios
|-damage|p2a: Latios|0 fnt
|faint|p2a: Latios
|
|-weather|Sandstorm|[upkeep]
|-heal|p1a: Scizor|88/100|[from] item: Leftovers
|upkeep
|inactive|blossummm has 120 seconds left.
|
|t:|1717094653
|switch|p2a: Alakazam|Alakazam, F|100/100
|turn|17
|
|t:|1717094657
|move|p1a: Scizor|Bullet Punch|p2a: Alakazam
|-damage|p2a: Alakazam|30/100
|move|p2a: Alakazam|Hidden Power|p1a: Scizor
|-supereffective|p1a: Scizor
|-damage|p1a: Scizor|0 fnt
|faint|p1a: Scizor
|
|-weather|Sandstorm|[upkeep]
|upkeep
|
|t:|1717094660
|switch|p1a: Kyurem|Kyurem-Black|100/100
|-damage|p1a: Kyurem|76/100|[from] Stealth Rock
|-damage|p1a: Kyurem|63/100|[from] Spikes
|-ability|p1a: Kyurem|Teravolt
|turn|18
|
|t:|1717094666
|move|p1a: Kyurem|Dragon Claw|p2a: Alakazam
|-damage|p2a: Alakazam|0 fnt
|faint|p2a: Alakazam
|
|-weather|Sandstorm|[upkeep]
|-damage|p1a: Kyurem|57/100|[from] Sandstorm
|upkeep
|
|t:|1717094675
|switch|p2a: Tyranitar|Tyranitar, F, shiny|100/100
|-damage|p2a: Tyranitar|88/100|[from] Stealth Rock
|turn|19
|
|t:|1717094677
|move|p1a: Kyurem|Dragon Claw|p2a: Tyranitar
|-damage|p2a: Tyranitar|48/100
|move|p2a: Tyranitar|Crunch|p1a: Kyurem
|-damage|p1a: Kyurem|19/100
|
|-weather|Sandstorm|[upkeep]
|-damage|p1a: Kyurem|13/100|[from] Sandstorm
|upkeep
|turn|20
|
|t:|1717094682
|move|p1a: Kyurem|Dragon Claw|p2a: Tyranitar
|-damage|p2a: Tyranitar|8/100
|move|p2a: Tyranitar|Crunch|p1a: Kyurem
|-damage|p1a: Kyurem|0 fnt
|faint|p1a: Kyurem
|
|-weather|Sandstorm|[upkeep]
|upkeep
|
|t:|1717094688
|switch|p1a: Landorus|Landorus-Therian, M|94/100
|-damage|p1a: Landorus|82/100|[from] Stealth Rock
|-ability|p1a: Landorus|Intimidate|boost
|-unboost|p2a: Tyranitar|atk|1
|turn|21
|
|t:|1717094694
|move|p1a: Landorus|U-turn|p2a: Tyranitar
|-supereffective|p2a: Tyranitar
|-damage|p2a: Tyranitar|0 fnt
|faint|p2a: Tyranitar
|
|t:|1717094696
|switch|p1a: Jirachi|Jirachi|70/100 brn|[from] U-turn
|-damage|p1a: Jirachi|63/100 brn|[from] Stealth Rock
|-damage|p1a: Jirachi|51/100 brn|[from] Spikes
|
|-weather|Sandstorm|[upkeep]
|-heal|p1a: Jirachi|57/100 brn|[from] item: Leftovers
|-damage|p1a: Jirachi|45/100 brn|[from] brn
|upkeep
|
|t:|1717094699
|switch|p2a: Garchomp|Garchomp, F|42/100
|-damage|p2a: Garchomp|36/100|[from] Stealth Rock
|turn|22
|
|t:|1717094703
|move|p2a: Garchomp|Outrage|p1a: Jirachi
|-resisted|p1a: Jirachi
|-damage|p1a: Jirachi|17/100 brn
|move|p1a: Jirachi|Icy Wind|p2a: Garchomp
|-supereffective|p2a: Garchomp
|-damage|p2a: Garchomp|0 fnt
|faint|p2a: Garchomp
|
|win|Primary Trout
|raw|Primary Trout's rating: 1514 &rarr; <strong>1529</strong><br />(+15 for winning)
|raw|blossummm's rating: 1434 &rarr; <strong>1419</strong><br />(-15 for losing)
|l|☆blossummm
|player|p2|
