|j|☆Chango Dou
|j|☆dark web uzi
|player|p1|Chango Dou|lance|1291
|player|p2|dark web uzi|roxie|1394
|teamsize|p1|6
|teamsize|p2|6
|gametype|singles
|gen|5
|tier|[Gen 5] OU
|rated|
|clearpoke
|poke|p1|Forretress, M|item
|poke|p1|Garchomp, F|item
|poke|p1|Gastrodon, F|item
|poke|p1|Gengar, F|item
|poke|p1|Gliscor, F|item
|poke|p1|Gyarados, M|item
|poke|p2|Shelmet, M|item
|poke|p2|Landorus-Therian, M|item
|poke|p2|Dragonite, M|item
|poke|p2|Politoed, F|item
|poke|p2|Toxicroak, F|item
|poke|p2|Starmie|item
|rule|Species Clause: Limit one of each Pokémon
|rule|OHKO Clause: OHKO moves are banned
|rule|Moody Clause: Moody is banned
|rule|Evasion Moves Clause: Evasion moves are banned
|rule|Endless Battle Clause: Forcing endless battles is banned
|rule|HP Percentage Mod: HP is shown in percentages
|rule|Evasion Abilities Clause: Evasion abilities are banned
|rule|Baton Pass Clause: Limit one Baton Passer, can't pass Spe and other stats simultaneously
|rule|Sleep Clause: Sleep-inducing moves are banned
|rule|Swagger Clause: Swagger is banned
|teampreview
|inactive|Battle timer is ON: inactive players will automatically lose when time's up. (requested by Chango Dou)
|
|start
|switch|p1a: Forretress|Forretress, M, shiny|100/100
|switch|p2a: Dragonite|Dragonite, M|100/100
|turn|1
|
|move|p2a: Dragonite|Substitute|p2a: Dragonite
|-start|p2a: Dragonite|Substitute
|-damage|p2a: Dragonite|76/100
|move|p1a: Forretress|Toxic Spikes|p2a: Dragonite
|-sidestart|p2: dark web uzi|move: Toxic Spikes
|
|-heal|p2a: Dragonite|82/100|[from] item: Leftovers
|upkeep
|turn|2
|
|move|p2a: Dragonite|Dragon Dance|p2a: Dragonite
|-boost|p2a: Dragonite|atk|1
|-boost|p2a: Dragonite|spe|1
|move|p1a: Forretress|Toxic Spikes|p2a: Dragonite
|-sidestart|p2: dark web uzi|move: Toxic Spikes
|
|-heal|p2a: Dragonite|88/100|[from] item: Leftovers
|upkeep
|turn|3
|
|move|p2a: Dragonite|Dragon Dance|p2a: Dragonite
|-boost|p2a: Dragonite|atk|1
|-boost|p2a: Dragonite|spe|1
|move|p1a: Forretress|Stealth Rock|p2a: Dragonite
|-sidestart|p2: dark web uzi|move: Stealth Rock
|
|-heal|p2a: Dragonite|94/100|[from] item: Leftovers
|upkeep
|turn|4
|
|move|p2a: Dragonite|Dragon Dance|p2a: Dragonite
|-boost|p2a: Dragonite|atk|1
|-boost|p2a: Dragonite|spe|1
|move|p1a: Forretress|Gyro Ball|p2a: Dragonite
|-end|p2a: Dragonite|Substitute
|
|-heal|p2a: Dragonite|100/100|[from] item: Leftovers
|upkeep
|turn|5
|
|move|p2a: Dragonite|Dragon Dance|p2a: Dragonite
|-boost|p2a: Dragonite|atk|1
|-boost|p2a: Dragonite|spe|1
|move|p1a: Forretress|Gyro Ball|p2a: Dragonite
|-damage|p2a: Dragonite|73/100
|
|-heal|p2a: Dragonite|80/100|[from] item: Leftovers
|upkeep
|turn|6
|
|move|p2a: Dragonite|Roost|p2a: Dragonite
|-heal|p2a: Dragonite|100/100
|-singleturn|p2a: Dragonite|move: Roost
|move|p1a: Forretress|Gyro Ball|p2a: Dragonite
|-damage|p2a: Dragonite|73/100
|
|-heal|p2a: Dragonite|79/100|[from] item: Leftovers
|upkeep
|turn|7
|
|move|p2a: Dragonite|Roost|p2a: Dragonite
|-heal|p2a: Dragonite|100/100
|-singleturn|p2a: Dragonite|move: Roost
|move|p1a: Forretress|Explosion|p2a: Dragonite
|-damage|p2a: Dragonite|72/100
|faint|p1a: Forretress
|
|-heal|p2a: Dragonite|78/100|[from] item: Leftovers
|upkeep
|
|switch|p1a: Gastrodon|Gastrodon, F|100/100
|turn|8
|
|move|p2a: Dragonite|Dragon Claw|p1a: Gastrodon
|-crit|p1a: Gastrodon
|-damage|p1a: Gastrodon|0 fnt
|faint|p1a: Gastrodon
|
|-heal|p2a: Dragonite|84/100|[from] item: Leftovers
|upkeep
|
|switch|p1a: Gliscor|Gliscor, F, shiny|100/100
|turn|9
|
|move|p2a: Dragonite|Dragon Claw|p1a: Gliscor
|-damage|p1a: Gliscor|5/100
|move|p1a: Gliscor|Toxic|p2a: Dragonite
|-status|p2a: Dragonite|tox
|
|-heal|p2a: Dragonite|91/100 tox|[from] item: Leftovers
|-damage|p2a: Dragonite|84/100 tox|[from] psn
|-status|p1a: Gliscor|tox|[from] item: Toxic Orb
|upkeep
|turn|10
|
|move|p1a: Gliscor|Protect|p1a: Gliscor
|-singleturn|p1a: Gliscor|Protect
|move|p2a: Dragonite|Dragon Claw|p1a: Gliscor
|-activate|p1a: Gliscor|move: Protect
|
|-heal|p2a: Dragonite|91/100 tox|[from] item: Leftovers
|-damage|p2a: Dragonite|78/100 tox|[from] psn
|-heal|p1a: Gliscor|18/100 tox|[from] ability: Poison Heal
|upkeep
|turn|11
|inactive|Chango Dou has 120 seconds left.
|
|switch|p1a: Garchomp|Garchomp, F, shiny|100/100
|move|p2a: Dragonite|Dragon Claw|p1a: Garchomp
|-supereffective|p1a: Garchomp
|-damage|p1a: Garchomp|0 fnt
|-damage|p2a: Dragonite|66/100 tox|[from] ability: Rough Skin|[of] p1a: Garchomp
|faint|p1a: Garchomp
|
|-heal|p2a: Dragonite|72/100 tox|[from] item: Leftovers
|-damage|p2a: Dragonite|53/100 tox|[from] psn
|upkeep
|inactive|Chango Dou has 120 seconds left.
|
|switch|p1a: Gliscor|Gliscor, F, shiny|18/100 tox
|turn|12
|
|move|p1a: Gliscor|Protect|p1a: Gliscor
|-singleturn|p1a: Gliscor|Protect
|move|p2a: Dragonite|Roost|p2a: Dragonite
|-heal|p2a: Dragonite|100/100 tox
|-singleturn|p2a: Dragonite|move: Roost
|
|-damage|p2a: Dragonite|76/100 tox|[from] psn
|-heal|p1a: Gliscor|30/100 tox|[from] ability: Poison Heal
|upkeep
|turn|13
|
|switch|p1a: Gyarados|Gyarados, M, shiny|100/100
|move|p2a: Dragonite|Dragon Claw|p1a: Gyarados
|-damage|p1a: Gyarados|0 fnt
|faint|p1a: Gyarados
|
|-heal|p2a: Dragonite|82/100 tox|[from] item: Leftovers
|-damage|p2a: Dragonite|51/100 tox|[from] psn
|upkeep
|
|switch|p1a: Gliscor|Gliscor, F, shiny|30/100 tox
|turn|14
|
|move|p2a: Dragonite|Dragon Claw|p1a: Gliscor
|-damage|p1a: Gliscor|0 fnt
|faint|p1a: Gliscor
|
|-heal|p2a: Dragonite|57/100 tox|[from] item: Leftovers
|-damage|p2a: Dragonite|20/100 tox|[from] psn
|upkeep
|
|switch|p1a: Gengar|Gengar, F|100/100
|turn|15
|
|move|p2a: Dragonite|Dragon Claw|p1a: Gengar
|-damage|p1a: Gengar|0 fnt
|faint|p1a: Gengar
|
|win|dark web uzi
|l|☆Chango Dou
|raw|Chango Dou's rating: 1317 &rarr; <strong>1302</strong><br />(-15 for losing)
|raw|dark web uzi's rating: 1407 &rarr; <strong>1422</strong><br />(+15 for winning)
