|j|☆Gh0st of Perdition
|j|☆Yicus
|player|p1|Gh0st of Perdition|guitarist-gen4|1518
|player|p2|Yicus|266|1324
|teamsize|p1|6
|teamsize|p2|6
|gametype|singles
|gen|5
|tier|[Gen 5] OU
|rated|
|clearpoke
|poke|p1|Mamoswine, M|item
|poke|p1|Politoed, M|item
|poke|p1|Gyarados, F|item
|poke|p1|Starmie|item
|poke|p1|Ferrothorn, F|item
|poke|p1|Latios, M|item
|poke|p2|Gyarados, F|item
|poke|p2|Espeon, M|item
|poke|p2|Celebi|item
|poke|p2|Gliscor, F|item
|poke|p2|Keldeo-Resolute|item
|poke|p2|Heatran, M|item
|rule|Species Clause: Limit one of each Pokémon
|rule|OHKO Clause: OHKO moves are banned
|rule|Moody Clause: Moody is banned
|rule|Evasion Moves Clause: Evasion moves are banned
|rule|Endless Battle Clause: Forcing endless battles is banned
|rule|HP Percentage Mod: HP is shown in percentages
|rule|Evasion Abilities Clause: Evasion abilities are banned
|rule|Baton Pass Clause: Limit one Baton Passer, can't pass Spe and other stats simultaneously
|rule|Sleep Clause: Sleep-inducing moves are banned
|rule|Swagger Clause: Swagger is banned
|teampreview
|inactive|Battle timer is ON: inactive players will automatically lose when time's up. (requested by Yicus)
|
|start
|switch|p1a: Politoed|Politoed, M|100/100
|switch|p2a: Celebi|Celebi|100/100
|-weather|RainDance|[from] ability: Drizzle|[of] p1a: Politoed
|turn|1
|inactiveoff|Battle timer is now OFF.
|
|switch|p1a: Ferrothorn|Ferrothorn, F|100/100
|move|p2a: Celebi|Giga Drain|p1a: Ferrothorn
|-resisted|p1a: Ferrothorn
|-damage|p1a: Ferrothorn|95/100
|
|-weather|RainDance|[upkeep]
|upkeep
|turn|2
|
|switch|p2a: Espeon|Espeon, M|100/100
|move|p1a: Ferrothorn|Power Whip|p2a: Espeon
|-damage|p2a: Espeon|31/100
|
|-weather|RainDance|[upkeep]
|upkeep
|turn|3
|
|move|p2a: Espeon|Trick|p1a: Ferrothorn
|-activate|p2a: Espeon|move: Trick|[of] p1a: Ferrothorn
|-item|p1a: Ferrothorn|Choice Scarf|[from] move: Trick
|-item|p2a: Espeon|Shed Shell|[from] move: Trick
|move|p1a: Ferrothorn|Power Whip|p2a: Espeon
|-damage|p2a: Espeon|0 fnt
|faint|p2a: Espeon
|
|-weather|RainDance|[upkeep]
|upkeep
|
|switch|p2a: Heatran|Heatran, M|100/100
|turn|4
|
|switch|p1a: Starmie|Starmie|100/100
|move|p2a: Heatran|Will-O-Wisp|p1a: Starmie
|-status|p1a: Starmie|brn
|
|-weather|RainDance|[upkeep]
|-damage|p1a: Starmie|88/100 brn|[from] brn
|upkeep
|turn|5
|
|move|p2a: Heatran|Protect|p2a: Heatran
|-singleturn|p2a: Heatran|Protect
|move|p1a: Starmie|Hydro Pump|p2a: Heatran
|-activate|p2a: Heatran|move: Protect
|
|-weather|RainDance|[upkeep]
|-damage|p1a: Starmie|76/100 brn|[from] brn
|upkeep
|turn|6
|
|switch|p1a: Ferrothorn|Ferrothorn, F|95/100
|switch|p2a: Celebi|Celebi|100/100
|
|-weather|RainDance|[upkeep]
|upkeep
|turn|7
|
|switch|p2a: Heatran|Heatran, M|100/100
|move|p1a: Ferrothorn|Stealth Rock|p2a: Heatran
|-sidestart|p2: Yicus|move: Stealth Rock
|
|-weather|RainDance|[upkeep]
|upkeep
|turn|8
|
|switch|p1a: Politoed|Politoed, M|100/100
|move|p2a: Heatran|Will-O-Wisp|p1a: Politoed
|-status|p1a: Politoed|brn
|
|-weather|RainDance|[upkeep]
|-damage|p1a: Politoed|88/100 brn|[from] brn
|upkeep
|turn|9
|
|move|p2a: Heatran|Protect|p2a: Heatran
|-singleturn|p2a: Heatran|Protect
|move|p1a: Politoed|Hydro Pump|p2a: Heatran
|-activate|p2a: Heatran|move: Protect
|
|-weather|RainDance|[upkeep]
|-damage|p1a: Politoed|75/100 brn|[from] brn
|upkeep
|turn|10
|
|switch|p1a: Ferrothorn|Ferrothorn, F|95/100
|switch|p2a: Celebi|Celebi|100/100
|-damage|p2a: Celebi|88/100|[from] Stealth Rock
|
|-weather|RainDance|[upkeep]
|-heal|p2a: Celebi|94/100|[from] item: Leftovers
|upkeep
|turn|11
|
|switch|p2a: Keldeo|Keldeo-Resolute|100/100
|-damage|p2a: Keldeo|94/100|[from] Stealth Rock
|move|p1a: Ferrothorn|Spikes|p2a: Keldeo
|-sidestart|p2: Yicus|Spikes
|
|-weather|RainDance|[upkeep]
|upkeep
|turn|12
|
|move|p2a: Keldeo|Hidden Power|p1a: Ferrothorn
|-resisted|p1a: Ferrothorn
|-damage|p1a: Ferrothorn|84/100
|-damage|p2a: Keldeo|84/100|[from] item: Life Orb
|move|p1a: Ferrothorn|Spikes|p2a: Keldeo
|-sidestart|p2: Yicus|Spikes
|
|-weather|RainDance|[upkeep]
|upkeep
|turn|13
|
|switch|p1a: Starmie|Starmie|76/100 brn
|move|p2a: Keldeo|Calm Mind|p2a: Keldeo
|-boost|p2a: Keldeo|spa|1
|-boost|p2a: Keldeo|spd|1
|
|-weather|RainDance|[upkeep]
|-damage|p1a: Starmie|64/100 brn|[from] brn
|upkeep
|turn|14
|
|move|p1a: Starmie|Thunder|p2a: Keldeo
|-supereffective|p2a: Keldeo
|-damage|p2a: Keldeo|0 fnt
|faint|p2a: Keldeo
|
|-weather|RainDance|[upkeep]
|-damage|p1a: Starmie|51/100 brn|[from] brn
|upkeep
|
|switch|p2a: Celebi|Celebi|94/100
|-damage|p2a: Celebi|82/100|[from] Stealth Rock
|-damage|p2a: Celebi|65/100|[from] Spikes
|turn|15
|
|switch|p1a: Latios|Latios, M|100/100
|move|p2a: Celebi|Giga Drain|p1a: Latios
|-resisted|p1a: Latios
|-damage|p1a: Latios|81/100
|-heal|p2a: Celebi|73/100|[from] drain|[of] p1a: Latios
|
|-weather|RainDance|[upkeep]
|-heal|p2a: Celebi|79/100|[from] item: Leftovers
|upkeep
|turn|16
|
|switch|p2a: Heatran|Heatran, M|100/100
|-damage|p2a: Heatran|88/100|[from] Stealth Rock
|-damage|p2a: Heatran|71/100|[from] Spikes
|move|p1a: Latios|Draco Meteor|p2a: Heatran
|-resisted|p2a: Heatran
|-damage|p2a: Heatran|36/100
|-unboost|p1a: Latios|spa|2
|
|-weather|RainDance|[upkeep]
|-heal|p2a: Heatran|42/100|[from] item: Leftovers
|upkeep
|turn|17
|
|switch|p1a: Politoed|Politoed, M|75/100 brn
|move|p2a: Heatran|Lava Plume|p1a: Politoed
|-resisted|p1a: Politoed
|-damage|p1a: Politoed|68/100 brn
|
|-weather|RainDance|[upkeep]
|-heal|p2a: Heatran|49/100|[from] item: Leftovers
|-damage|p1a: Politoed|56/100 brn|[from] brn
|upkeep
|turn|18
|
|move|p2a: Heatran|Protect|p2a: Heatran
|-singleturn|p2a: Heatran|Protect
|move|p1a: Politoed|Hydro Pump|p2a: Heatran
|-activate|p2a: Heatran|move: Protect
|
|-weather|RainDance|[upkeep]
|-heal|p2a: Heatran|55/100|[from] item: Leftovers
|-damage|p1a: Politoed|43/100 brn|[from] brn
|upkeep
|turn|19
|
|move|p1a: Politoed|Ice Beam|p2a: Heatran
|-resisted|p2a: Heatran
|-damage|p2a: Heatran|52/100
|move|p2a: Heatran|Lava Plume|p1a: Politoed
|-resisted|p1a: Politoed
|-damage|p1a: Politoed|36/100 brn
|
|-weather|RainDance|[upkeep]
|-heal|p2a: Heatran|58/100|[from] item: Leftovers
|-damage|p1a: Politoed|23/100 brn|[from] brn
|upkeep
|turn|20
|-enditem|p1a: Politoed|Custap Berry|[eat]
|-activate|p1a: Politoed|item: Custap Berry|[consumed]
|
|move|p2a: Heatran|Protect|p2a: Heatran
|-singleturn|p2a: Heatran|Protect
|move|p1a: Politoed|Hydro Pump|p2a: Heatran
|-activate|p2a: Heatran|move: Protect
|
|-weather|RainDance|[upkeep]
|-heal|p2a: Heatran|64/100|[from] item: Leftovers
|-damage|p1a: Politoed|11/100 brn|[from] brn
|upkeep
|turn|21
|
|switch|p2a: Celebi|Celebi|79/100
|-damage|p2a: Celebi|66/100|[from] Stealth Rock
|-damage|p2a: Celebi|50/100|[from] Spikes
|move|p1a: Politoed|Hydro Pump|p2a: Celebi
|-resisted|p2a: Celebi
|-damage|p2a: Celebi|24/100
|
|-weather|RainDance|[upkeep]
|-heal|p2a: Celebi|30/100|[from] item: Leftovers
|-damage|p1a: Politoed|0 fnt|[from] brn
|faint|p1a: Politoed
|upkeep
|
|switch|p1a: Mamoswine|Mamoswine, M|100/100
|turn|22
|
|switch|p2a: Gyarados|Gyarados, F|100/100
|-damage|p2a: Gyarados|76/100|[from] Stealth Rock
|-ability|p2a: Gyarados|Intimidate|boost
|-unboost|p1a: Mamoswine|atk|1
|move|p1a: Mamoswine|Icicle Spear|p2a: Gyarados
|-damage|p2a: Gyarados|59/100
|-damage|p2a: Gyarados|42/100
|-hitcount|p2a: Gyarados|2
|
|-weather|RainDance|[upkeep]
|-heal|p2a: Gyarados|48/100|[from] item: Leftovers
|upkeep
|turn|23
|
|move|p1a: Mamoswine|Icicle Spear|p2a: Gyarados
|-damage|p2a: Gyarados|31/100
|-damage|p2a: Gyarados|15/100
|-hitcount|p2a: Gyarados|2
|move|p2a: Gyarados|Dragon Dance|p2a: Gyarados
|-boost|p2a: Gyarados|atk|1
|-boost|p2a: Gyarados|spe|1
|
|-weather|RainDance|[upkeep]
|-heal|p2a: Gyarados|21/100|[from] item: Leftovers
|upkeep
|turn|24
|
|switch|p1a: Ferrothorn|Ferrothorn, F|84/100
|move|p2a: Gyarados|Waterfall|p1a: Ferrothorn
|-resisted|p1a: Ferrothorn
|-damage|p1a: Ferrothorn|46/100
|-damage|p2a: Gyarados|9/100|[from] ability: Iron Barbs|[of] p1a: Ferrothorn
|
|-weather|RainDance|[upkeep]
|-heal|p2a: Gyarados|15/100|[from] item: Leftovers
|upkeep
|turn|25
|
|move|p2a: Gyarados|Earthquake|p1a: Ferrothorn
|-damage|p1a: Ferrothorn|5/100
|move|p1a: Ferrothorn|Leech Seed|p2a: Gyarados
|-start|p2a: Gyarados|move: Leech Seed
|
|-weather|RainDance|[upkeep]
|-heal|p2a: Gyarados|21/100|[from] item: Leftovers
|-damage|p2a: Gyarados|8/100|[from] Leech Seed|[of] p1a: Ferrothorn
|-heal|p1a: Ferrothorn|16/100|[silent]
|upkeep
|turn|26
|
|move|p2a: Gyarados|Waterfall|p1a: Ferrothorn
|-resisted|p1a: Ferrothorn
|-damage|p1a: Ferrothorn|0 fnt
|-damage|p2a: Gyarados|0 fnt|[from] ability: Iron Barbs|[of] p1a: Ferrothorn
|faint|p2a: Gyarados
|faint|p1a: Ferrothorn
|
|-weather|RainDance|[upkeep]
|upkeep
|
|switch|p2a: Heatran|Heatran, M|64/100
|switch|p1a: Mamoswine|Mamoswine, M|100/100
|-damage|p2a: Heatran|52/100|[from] Stealth Rock
|-damage|p2a: Heatran|35/100|[from] Spikes
|turn|27
|
|move|p2a: Heatran|Protect|p2a: Heatran
|-singleturn|p2a: Heatran|Protect
|move|p1a: Mamoswine|Earthquake|p2a: Heatran
|-activate|p2a: Heatran|move: Protect
|
|-weather|RainDance|[upkeep]
|-heal|p2a: Heatran|41/100|[from] item: Leftovers
|upkeep
|turn|28
|
|switch|p2a: Celebi|Celebi|30/100
|-damage|p2a: Celebi|14/100|[from] Spikes
|-damage|p2a: Celebi|1/100|[from] Stealth Rock
|move|p1a: Mamoswine|Earthquake|p2a: Celebi
|-resisted|p2a: Celebi
|-damage|p2a: Celebi|0 fnt
|faint|p2a: Celebi
|
|-weather|RainDance|[upkeep]
|upkeep
|
|switch|p2a: Gliscor|Gliscor, F|100/100
|-damage|p2a: Gliscor|88/100|[from] Stealth Rock
|turn|29
|
|switch|p1a: Latios|Latios, M|81/100
|move|p2a: Gliscor|Earthquake|p1a: Latios
|-immune|p1a: Latios|[from] ability: Levitate
|
|-weather|RainDance|[upkeep]
|-status|p2a: Gliscor|tox|[from] item: Toxic Orb
|upkeep
|turn|30
|
|switch|p2a: Heatran|Heatran, M|41/100
|-damage|p2a: Heatran|29/100|[from] Stealth Rock
|-damage|p2a: Heatran|12/100|[from] Spikes
|move|p1a: Latios|Surf|p2a: Heatran
|-supereffective|p2a: Heatran
|-damage|p2a: Heatran|0 fnt
|faint|p2a: Heatran
|
|-weather|RainDance|[upkeep]
|upkeep
|
|switch|p2a: Gliscor|Gliscor, F|88/100 tox
|-damage|p2a: Gliscor|76/100 tox|[from] Stealth Rock
|turn|31
|
|move|p1a: Latios|Surf|p2a: Gliscor
|-supereffective|p2a: Gliscor
|-damage|p2a: Gliscor|0 fnt
|faint|p2a: Gliscor
|
|win|Gh0st of Perdition
|l|☆Yicus
|raw|Gh0st of Perdition's rating: 1518 &rarr; <strong>1528</strong><br />(+10 for winning)
|raw|Yicus's rating: 1324 &rarr; <strong>1314</strong><br />(-10 for losing)
|c|☆Gh0st of Perdition|GG
