|j|☆reshirampage
|j|☆AltTestingAlt
|t:|1744041510
|gametype|singles
|player|p1|reshirampage|nate|1401
|player|p2|AltTestingAlt|twins-gen4dp|1291
|teamsize|p1|6
|teamsize|p2|6
|gen|5
|tier|[Gen 5] OU
|rated|
|rule|Species Clause: Limit one of each Pokémon
|rule|OHKO Clause: OHKO moves are banned
|rule|Moody Clause: Moody is banned
|rule|Evasion Items Clause: Evasion items are banned
|rule|Evasion Moves Clause: Evasion moves are banned
|rule|Endless Battle Clause: Forcing endless battles is banned
|rule|HP Percentage Mod: HP is shown in percentages
|rule|Evasion Abilities Clause: Evasion abilities are banned
|rule|Sleep Moves Clause: Sleep-inducing moves are banned
|rule|Swagger Clause: Swagger is banned
|rule|Baton Pass Stat Clause: No Baton Passer may have a way to boost its stats
|clearpoke
|poke|p1|Garchomp, M|item
|poke|p1|Volcarona, F|item
|poke|p1|Dragonite, M|item
|poke|p1|Breloom, F|item
|poke|p1|Starmie|item
|poke|p1|Scizor, M|item
|poke|p2|Alomomola, M|item
|poke|p2|Amoonguss, F|item
|poke|p2|Quagsire, M|item
|poke|p2|Chansey, F|item
|poke|p2|Blissey, F|item
|poke|p2|Xatu, F|item
|teampreview
|
|t:|1744041547
|start
|switch|p1a: Garchomp|Garchomp, M|100/100
|switch|p2a: Blissey|Blissey, F|100/100
|turn|1
|
|t:|1744041555
|move|p1a: Garchomp|Swords Dance|p1a: Garchomp
|-boost|p1a: Garchomp|atk|2
|move|p2a: Blissey|Ice Beam|p1a: Garchomp
|-supereffective|p1a: Garchomp
|-enditem|p1a: Garchomp|Focus Sash
|-damage|p1a: Garchomp|1/100
|
|upkeep
|turn|2
|
|t:|1744041563
|switch|p2a: Xatu|Xatu, F|100/100
|move|p1a: Garchomp|Stealth Rock|p2a: Xatu
|move|p2a: Xatu|Stealth Rock|p1a: Garchomp|[from] ability: Magic Bounce
|-sidestart|p1: reshirampage|move: Stealth Rock
|
|upkeep
|turn|3
|
|t:|1744041574
|move|p1a: Garchomp|Outrage|p2a: Xatu
|-crit|p2a: Xatu
|-damage|p2a: Xatu|0 fnt
|faint|p2a: Xatu
|
|upkeep
|
|t:|1744041600
|switch|p2a: Quagsire|Quagsire, M|100/100
|turn|4
|
|t:|1744041607
|move|p1a: Garchomp|Outrage|p2a: Quagsire|[from] lockedmove
|-damage|p2a: Quagsire|59/100
|-damage|p1a: Garchomp|0 fnt|[from] item: Rocky Helmet|[of] p2a: Quagsire
|faint|p1a: Garchomp
|move|p2a: Quagsire|Recover|p2a: Quagsire
|-heal|p2a: Quagsire|100/100
|
|upkeep
|
|t:|1744041623
|switch|p1a: Starmie|Starmie|100/100
|-damage|p1a: Starmie|88/100|[from] Stealth Rock
|-item|p1a: Starmie|Air Balloon
|turn|5
|
|t:|1744041629
|switch|p2a: Blissey|Blissey, F|100/100
|move|p1a: Starmie|Rapid Spin|p2a: Blissey
|-damage|p2a: Blissey|96/100
|-sideend|p1: reshirampage|Stealth Rock|[from] move: Rapid Spin|[of] p1a: Starmie
|
|upkeep
|turn|6
|
|t:|1744041653
|switch|p1a: Breloom|Breloom, F|100/100
|move|p2a: Blissey|Flamethrower|p1a: Breloom
|-supereffective|p1a: Breloom
|-damage|p1a: Breloom|0 fnt
|faint|p1a: Breloom
|
|upkeep
|
|t:|1744041661
|switch|p1a: Dragonite|Dragonite, M|100/100
|turn|7
|
|t:|1744041668
|switch|p2a: Alomomola|Alomomola, M|100/100
|move|p1a: Dragonite|Dragon Dance|p1a: Dragonite
|-boost|p1a: Dragonite|atk|1
|-boost|p1a: Dragonite|spe|1
|
|upkeep
|turn|8
|
|t:|1744041672
|move|p1a: Dragonite|Dragon Dance|p1a: Dragonite
|-boost|p1a: Dragonite|atk|1
|-boost|p1a: Dragonite|spe|1
|move|p2a: Alomomola|Wish|p2a: Alomomola
|
|upkeep
|turn|9
|
|t:|1744041677
|switch|p2a: Quagsire|Quagsire, M|100/100
|move|p1a: Dragonite|Dragon Dance|p1a: Dragonite
|-boost|p1a: Dragonite|atk|1
|-boost|p1a: Dragonite|spe|1
|
|upkeep
|turn|10
|
|t:|1744041682
|move|p1a: Dragonite|Outrage|p2a: Quagsire
|-damage|p2a: Quagsire|55/100
|-damage|p1a: Dragonite|84/100|[from] item: Rocky Helmet|[of] p2a: Quagsire
|move|p2a: Quagsire|Counter|p1a: Dragonite
|-damage|p1a: Dragonite|0 fnt
|faint|p1a: Dragonite
|
|upkeep
|-message|reshirampage forfeited.
|
|win|AltTestingAlt
|raw|reshirampage's rating: 1401 &rarr; <strong>1375</strong><br />(-26 for losing)
|raw|AltTestingAlt's rating: 1291 &rarr; <strong>1324</strong><br />(+33 for winning)
|l|☆reshirampage
|player|p1|
