|j|☆babymariofan563
|j|☆leoperi99
|t:|1702560374
|gametype|singles
|player|p1|babymariofan563|biker-gen4|1334
|player|p2|leoperi99|kris-gen2|1373
|teamsize|p1|6
|teamsize|p2|6
|gen|5
|tier|[Gen 5] OU
|rated|
|rule|Species Clause: Limit one of each Pokémon
|rule|OHKO Clause: OHKO moves are banned
|rule|Moody Clause: Moody is banned
|rule|Evasion Items Clause: Evasion items are banned
|rule|Evasion Moves Clause: Evasion moves are banned
|rule|Endless Battle Clause: Forcing endless battles is banned
|rule|HP Percentage Mod: HP is shown in percentages
|rule|Evasion Abilities Clause: Evasion abilities are banned
|rule|Sleep Moves Clause: Sleep-inducing moves are banned
|rule|Swagger Clause: Swagger is banned
|rule|Baton Pass Stat Clause: No Baton Passer may have a way to boost its stats
|clearpoke
|poke|p1|Magnezone|item
|poke|p1|Jirachi|item
|poke|p1|Kyurem-Black|item
|poke|p1|Latios, M|item
|poke|p1|Garchomp, F|item
|poke|p1|Dragonite, M|item
|poke|p2|Politoed, F|item
|poke|p2|Tentacruel, M|item
|poke|p2|Ferrothorn, M|item
|poke|p2|Latios, M|item
|poke|p2|Gyarados, M|item
|poke|p2|Kyurem-Black|item
|teampreview
|
|t:|1702560386
|start
|switch|p1a: This guy|Jirachi|100/100
|switch|p2a: Kyurem|Kyurem-Black, shiny|100/100
|-ability|p2a: Kyurem|Teravolt
|turn|1
|
|t:|1702560395
|move|p2a: Kyurem|Substitute|p2a: Kyurem
|-start|p2a: Kyurem|Substitute
|-damage|p2a: Kyurem|76/100
|move|p1a: This guy|Icy Wind|p2a: Kyurem
|-activate|p2a: Kyurem|Substitute|[damage]
|
|-heal|p2a: Kyurem|82/100|[from] item: Leftovers
|upkeep
|turn|2
|
|t:|1702560397
|move|p2a: Kyurem|Earth Power|p1a: This guy
|-supereffective|p1a: This guy
|-crit|p1a: This guy
|-damage|p1a: This guy|13/100
|move|p1a: This guy|Icy Wind|p2a: Kyurem
|-activate|p2a: Kyurem|Substitute|[damage]
|
|-heal|p2a: Kyurem|88/100|[from] item: Leftovers
|-heal|p1a: This guy|19/100|[from] item: Leftovers
|upkeep
|turn|3
|
|t:|1702560403
|move|p2a: Kyurem|Fusion Bolt|p1a: This guy
|-damage|p1a: This guy|0 fnt
|faint|p1a: This guy
|
|-heal|p2a: Kyurem|94/100|[from] item: Leftovers
|upkeep
|
|t:|1702560405
|switch|p1a: Fatass|Dragonite, M|100/100
|turn|4
|
|t:|1702560408
|move|p1a: Fatass|Extreme Speed|p2a: Kyurem
|-crit|p2a: Kyurem
|-end|p2a: Kyurem|Substitute
|move|p2a: Kyurem|Ice Beam|p1a: Fatass
|-supereffective|p1a: Fatass
|-damage|p1a: Fatass|0 fnt
|faint|p1a: Fatass
|
|-heal|p2a: Kyurem|99/100|[from] item: Leftovers
|upkeep
|
|t:|1702560413
|switch|p1a: Colon 3|Latios, M|100/100
|turn|5
|
|t:|1702560418
|switch|p2a: le frog|Politoed, F, shiny|100/100
|-weather|RainDance|[from] ability: Drizzle|[of] p2a: le frog
|move|p1a: Colon 3|Draco Meteor|p2a: le frog
|-damage|p2a: le frog|23/100
|-unboost|p1a: Colon 3|spa|2
|
|-weather|RainDance|[upkeep]
|-heal|p2a: le frog|29/100|[from] item: Leftovers
|upkeep
|turn|6
|
|t:|1702560424
|move|p2a: le frog|Protect|p2a: le frog
|-singleturn|p2a: le frog|Protect
|move|p1a: Colon 3|Draco Meteor|p2a: le frog
|-activate|p2a: le frog|move: Protect
|
|-weather|RainDance|[upkeep]
|-heal|p2a: le frog|36/100|[from] item: Leftovers
|upkeep
|turn|7
|
|t:|1702560432
|switch|p2a: Tentacruel|Tentacruel, M, shiny|100/100
|move|p1a: Colon 3|Draco Meteor|p2a: Tentacruel|[miss]
|-miss|p1a: Colon 3|p2a: Tentacruel
|
|-weather|RainDance|[upkeep]
|upkeep
|turn|8
|
|t:|1702560438
|switch|p1a: The mag|Magnezone|100/100
|-item|p1a: The mag|Air Balloon
|move|p2a: Tentacruel|Scald|p1a: The mag
|-damage|p1a: The mag|64/100
|-enditem|p1a: The mag|Air Balloon
|
|-weather|RainDance|[upkeep]
|upkeep
|turn|9
|
|t:|1702560441
|switch|p2a: Kyurem|Kyurem-Black, shiny|99/100
|-ability|p2a: Kyurem|Teravolt
|move|p1a: The mag|Thunderbolt|p2a: Kyurem
|-resisted|p2a: Kyurem
|-damage|p2a: Kyurem|75/100
|
|-weather|RainDance|[upkeep]
|-heal|p2a: Kyurem|81/100|[from] item: Leftovers
|upkeep
|turn|10
|
|t:|1702560486
|switch|p1a: Colon 3|Latios, M|100/100
|move|p2a: Kyurem|Earth Power|p1a: Colon 3
|-damage|p1a: Colon 3|70/100
|
|-weather|RainDance|[upkeep]
|-heal|p2a: Kyurem|88/100|[from] item: Leftovers
|upkeep
|turn|11
|
|t:|1702560490
|switch|p2a: le frog|Politoed, F, shiny|36/100
|move|p1a: Colon 3|Draco Meteor|p2a: le frog|[miss]
|-miss|p1a: Colon 3|p2a: le frog
|
|-weather|RainDance|[upkeep]
|-heal|p2a: le frog|42/100|[from] item: Leftovers
|upkeep
|turn|12
|
|t:|1702560492
|move|p2a: le frog|Protect|p2a: le frog
|-singleturn|p2a: le frog|Protect
|move|p1a: Colon 3|Draco Meteor|p2a: le frog
|-activate|p2a: le frog|move: Protect
|
|-weather|RainDance|[upkeep]
|-heal|p2a: le frog|48/100|[from] item: Leftovers
|upkeep
|turn|13
|
|t:|1702560500
|switch|p2a: Ferrothorn|Ferrothorn, M, shiny|100/100
|move|p1a: Colon 3|Draco Meteor|p2a: Ferrothorn
|-resisted|p2a: Ferrothorn
|-damage|p2a: Ferrothorn|75/100
|-unboost|p1a: Colon 3|spa|2
|
|-weather|RainDance|[upkeep]
|upkeep
|turn|14
|
|t:|1702560510
|switch|p1a: The mag|Magnezone|64/100
|switch|p2a: le frog|Politoed, F, shiny|48/100
|
|-weather|RainDance|[upkeep]
|-heal|p2a: le frog|54/100|[from] item: Leftovers
|upkeep
|turn|15
|
|t:|1702560515
|switch|p2a: Kyurem|Kyurem-Black, shiny|88/100
|-ability|p2a: Kyurem|Teravolt
|move|p1a: The mag|Thunderbolt|p2a: Kyurem
|-resisted|p2a: Kyurem
|-damage|p2a: Kyurem|64/100
|
|-weather|RainDance|[upkeep]
|-heal|p2a: Kyurem|70/100|[from] item: Leftovers
|upkeep
|turn|16
|
|t:|1702560520
|move|p2a: Kyurem|Substitute|p2a: Kyurem
|-start|p2a: Kyurem|Substitute
|-damage|p2a: Kyurem|45/100
|move|p1a: The mag|Magnet Rise|p1a: The mag
|-start|p1a: The mag|Magnet Rise
|
|-weather|RainDance|[upkeep]
|-heal|p2a: Kyurem|52/100|[from] item: Leftovers
|upkeep
|turn|17
|
|t:|1702560528
|move|p2a: Kyurem|Ice Beam|p1a: The mag
|-resisted|p1a: The mag
|-damage|p1a: The mag|36/100
|move|p1a: The mag|Sunny Day|p1a: The mag
|-weather|SunnyDay
|
|-weather|SunnyDay|[upkeep]
|-heal|p2a: Kyurem|58/100|[from] item: Leftovers
|upkeep
|turn|18
|
|t:|1702560531
|move|p2a: Kyurem|Ice Beam|p1a: The mag
|-resisted|p1a: The mag
|-damage|p1a: The mag|10/100
|move|p1a: The mag|Hidden Power|p2a: Kyurem
|-end|p2a: Kyurem|Substitute
|
|-weather|SunnyDay|[upkeep]
|-heal|p2a: Kyurem|64/100|[from] item: Leftovers
|upkeep
|turn|19
|
|t:|1702560533
|move|p2a: Kyurem|Ice Beam|p1a: The mag
|-resisted|p1a: The mag
|-damage|p1a: The mag|0 fnt
|faint|p1a: The mag
|
|-weather|SunnyDay|[upkeep]
|-heal|p2a: Kyurem|70/100|[from] item: Leftovers
|upkeep
|
|t:|1702560535
|switch|p1a: Colon 3|Latios, M|70/100
|turn|20
|
|t:|1702560542
|switch|p2a: le frog|Politoed, F, shiny|54/100
|-weather|RainDance|[from] ability: Drizzle|[of] p2a: le frog
|move|p1a: Colon 3|Dragon Pulse|p2a: le frog
|-damage|p2a: le frog|11/100
|
|-weather|RainDance|[upkeep]
|-heal|p2a: le frog|17/100|[from] item: Leftovers
|upkeep
|turn|21
|
|t:|1702560545
|move|p2a: le frog|Protect|p2a: le frog
|-singleturn|p2a: le frog|Protect
|move|p1a: Colon 3|Dragon Pulse|p2a: le frog
|-activate|p2a: le frog|move: Protect
|
|-weather|RainDance|[upkeep]
|-heal|p2a: le frog|23/100|[from] item: Leftovers
|upkeep
|turn|22
|
|t:|1702560548
|switch|p1a: Its his week|Garchomp, F|100/100
|switch|p2a: Tentacruel|Tentacruel, M, shiny|100/100
|
|-weather|RainDance|[upkeep]
|upkeep
|turn|23
|
|t:|1702560551
|move|p1a: Its his week|Earthquake|p2a: Tentacruel
|-supereffective|p2a: Tentacruel
|-damage|p2a: Tentacruel|0 fnt
|faint|p2a: Tentacruel
|
|-weather|RainDance|[upkeep]
|upkeep
|
|t:|1702560554
|switch|p2a: Latios|Latios, M|100/100
|turn|24
|
|t:|1702560558
|move|p2a: Latios|Draco Meteor|p1a: Its his week
|-supereffective|p1a: Its his week
|-damage|p1a: Its his week|0 fnt
|-unboost|p2a: Latios|spa|2
|faint|p1a: Its his week
|
|-weather|RainDance|[upkeep]
|upkeep
|
|t:|1702560561
|switch|p1a: The drag|Kyurem-Black|100/100
|-ability|p1a: The drag|Teravolt
|turn|25
|
|t:|1702560574
|move|p2a: Latios|Draco Meteor|p1a: The drag
|-supereffective|p1a: The drag
|-damage|p1a: The drag|16/100
|-unboost|p2a: Latios|spa|2
|move|p1a: The drag|Outrage|p2a: Latios
|-supereffective|p2a: Latios
|-damage|p2a: Latios|0 fnt
|faint|p2a: Latios
|
|-weather|RainDance|[upkeep]
|upkeep
|
|t:|1702560592
|switch|p2a: Ferrothorn|Ferrothorn, M, shiny|75/100
|turn|26
|
|t:|1702560595
|move|p1a: The drag|Outrage|p2a: Ferrothorn|[from]lockedmove
|-resisted|p2a: Ferrothorn
|-damage|p2a: Ferrothorn|34/100
|-damage|p1a: The drag|4/100|[from] ability: Iron Barbs|[of] p2a: Ferrothorn
|-start|p1a: The drag|confusion|[fatigue]
|move|p2a: Ferrothorn|Gyro Ball|p1a: The drag
|-supereffective|p1a: The drag
|-damage|p1a: The drag|0 fnt
|faint|p1a: The drag
|
|-weather|RainDance|[upkeep]
|upkeep
|
|t:|1702560604
|switch|p1a: Colon 3|Latios, M|70/100
|turn|27
|
|t:|1702560608
|switch|p2a: le frog|Politoed, F, shiny|23/100
|move|p1a: Colon 3|Trick|p2a: le frog
|-activate|p1a: Colon 3|move: Trick|[of] p2a: le frog
|-item|p2a: le frog|Choice Scarf|[from] move: Trick
|-item|p1a: Colon 3|Leftovers|[from] move: Trick
|
|-weather|RainDance|[upkeep]
|-heal|p1a: Colon 3|76/100|[from] item: Leftovers
|upkeep
|turn|28
|
|t:|1702560613
|move|p1a: Colon 3|Dragon Pulse|p2a: le frog
|-damage|p2a: le frog|0 fnt
|faint|p2a: le frog
|
|-weather|RainDance|[upkeep]
|-heal|p1a: Colon 3|82/100|[from] item: Leftovers
|upkeep
|
|t:|1702560619
|switch|p2a: Gyarados|Gyarados, M, shiny|100/100
|turn|29
|
|t:|1702560625
|move|p1a: Colon 3|Dragon Pulse|p2a: Gyarados
|-damage|p2a: Gyarados|46/100
|move|p2a: Gyarados|Dragon Dance|p2a: Gyarados
|-boost|p2a: Gyarados|atk|1
|-boost|p2a: Gyarados|spe|1
|
|-weather|RainDance|[upkeep]
|-heal|p2a: Gyarados|52/100|[from] item: Leftovers
|-heal|p1a: Colon 3|88/100|[from] item: Leftovers
|upkeep
|turn|30
|
|t:|1702560636
|move|p2a: Gyarados|Bounce||[still]
|-prepare|p2a: Gyarados|Bounce
|move|p1a: Colon 3|Dragon Pulse|p2a: Gyarados|[miss]
|-miss|p1a: Colon 3|p2a: Gyarados
|
|-weather|RainDance|[upkeep]
|-heal|p2a: Gyarados|58/100|[from] item: Leftovers
|-heal|p1a: Colon 3|94/100|[from] item: Leftovers
|upkeep
|turn|31
|
|t:|1702560639
|move|p2a: Gyarados|Bounce|p1a: Colon 3|[from]lockedmove
|-damage|p1a: Colon 3|0 fnt
|faint|p1a: Colon 3
|-ability|p2a: Gyarados|Moxie|boost
|-boost|p2a: Gyarados|atk|1
|
|win|leoperi99
|raw|babymariofan563's rating: 1334 &rarr; <strong>1316</strong><br />(-18 for losing)
|raw|leoperi99's rating: 1373 &rarr; <strong>1391</strong><br />(+18 for winning)
|c|☆babymariofan563|Gg
|c|☆leoperi99|gg
