|j|☆scpseptember鬼灯
|j|☆chomp29
|t:|1717827025
|gametype|singles
|player|p1|scpseptember鬼灯|266|1470
|player|p2|chomp29|lucas|1639
|teamsize|p1|6
|teamsize|p2|6
|gen|5
|tier|[Gen 5] OU
|rated|
|rule|Species Clause: Limit one of each Pokémon
|rule|OHKO Clause: OHKO moves are banned
|rule|Moody Clause: Moody is banned
|rule|Evasion Items Clause: Evasion items are banned
|rule|Evasion Moves Clause: Evasion moves are banned
|rule|Endless Battle Clause: Forcing endless battles is banned
|rule|HP Percentage Mod: HP is shown in percentages
|rule|Evasion Abilities Clause: Evasion abilities are banned
|rule|Sleep Moves Clause: Sleep-inducing moves are banned
|rule|Swagger Clause: Swagger is banned
|rule|Baton Pass Stat Clause: No Baton Passer may have a way to boost its stats
|clearpoke
|poke|p1|Garchomp, M|item
|poke|p1|Scizor, M|item
|poke|p1|Latias, F|item
|poke|p1|Gyarados, M|item
|poke|p1|Heatran, F|item
|poke|p1|Breloom, F|item
|poke|p2|Hippowdon, M|item
|poke|p2|Ferrothorn, F|item
|poke|p2|Terrakion|item
|poke|p2|Latios, M|item
|poke|p2|Excadrill, M|item
|poke|p2|Reuniclus, F|item
|teampreview
|inactive|Battle timer is ON: inactive players will automatically lose when time's up. (requested by chomp29)
|c|☆chomp29|Gl
|c|☆scpseptember鬼灯|u2
|inactive|chomp29 has 120 seconds left.
|
|t:|1717827062
|start
|switch|p1a: Breloom|Breloom, F, shiny|100/100
|switch|p2a: Reuniclus|Reuniclus, F|100/100
|turn|1
|
|t:|1717827076
|switch|p1a: Scizor|Scizor, M|100/100
|move|p2a: Reuniclus|Psychic|p1a: Scizor
|-resisted|p1a: Scizor
|-damage|p1a: Scizor|67/100
|
|upkeep
|turn|2
|
|t:|1717827090
|switch|p2a: Hippowdon|Hippowdon, M|100/100
|-weather|Sandstorm|[from] ability: Sand Stream|[of] p2a: Hippowdon
|move|p1a: Scizor|U-turn|p2a: Hippowdon
|-damage|p2a: Hippowdon|77/100
|
|t:|1717827096
|switch|p1a: Breloom|Breloom, F, shiny|100/100|[from] U-turn
|
|-weather|Sandstorm|[upkeep]
|-damage|p1a: Breloom|94/100|[from] Sandstorm
|-heal|p2a: Hippowdon|84/100|[from] item: Leftovers
|upkeep
|turn|3
|
|t:|1717827104
|switch|p2a: Ferrothorn|Ferrothorn, F|100/100
|-singleturn|p1a: Breloom|move: Focus Punch
|move|p1a: Breloom|Focus Punch|p2a: Ferrothorn
|-supereffective|p2a: Ferrothorn
|-damage|p2a: Ferrothorn|0 fnt
|-damage|p1a: Breloom|82/100|[from] ability: Iron Barbs|[of] p2a: Ferrothorn
|faint|p2a: Ferrothorn
|-damage|p1a: Breloom|72/100|[from] item: Life Orb
|
|-weather|Sandstorm|[upkeep]
|-damage|p1a: Breloom|66/100|[from] Sandstorm
|upkeep
|
|t:|1717827121
|switch|p2a: Latios|Latios, M|100/100
|turn|4
|j| sk8head
|
|t:|1717827142
|switch|p1a: Heatran|Heatran, F|100/100
|move|p2a: Latios|Psyshock|p1a: Heatran
|-resisted|p1a: Heatran
|-damage|p1a: Heatran|70/100
|
|-weather|Sandstorm|[upkeep]
|-damage|p2a: Latios|95/100|[from] Sandstorm
|upkeep
|turn|5
|
|t:|1717827159
|switch|p2a: Terrakion|Terrakion|100/100
|move|p1a: Heatran|Dragon Pulse|p2a: Terrakion
|-damage|p2a: Terrakion|75/100
|
|-weather|Sandstorm|[upkeep]
|upkeep
|turn|6
|
|t:|1717827168
|switch|p1a: Latias|Latias, F|100/100
|move|p2a: Terrakion|Close Combat|p1a: Latias
|-resisted|p1a: Latias
|-damage|p1a: Latias|49/100
|-unboost|p2a: Terrakion|def|1
|-unboost|p2a: Terrakion|spd|1
|-damage|p2a: Terrakion|66/100|[from] item: Life Orb
|
|-weather|Sandstorm|[upkeep]
|-damage|p1a: Latias|43/100|[from] Sandstorm
|upkeep
|turn|7
|
|t:|1717827177
|switch|p2a: Reuniclus|Reuniclus, F|100/100
|move|p1a: Latias|Psyshock|p2a: Reuniclus
|-resisted|p2a: Reuniclus
|-damage|p2a: Reuniclus|85/100
|-damage|p1a: Latias|33/100|[from] item: Life Orb
|
|-weather|Sandstorm|[upkeep]
|-damage|p1a: Latias|27/100|[from] Sandstorm
|upkeep
|turn|8
|
|t:|1717827189
|move|p1a: Latias|Thunder Wave|p2a: Reuniclus
|-status|p2a: Reuniclus|par
|cant|p2a: Reuniclus|par
|
|-weather|Sandstorm|[upkeep]
|-damage|p1a: Latias|21/100|[from] Sandstorm
|upkeep
|turn|9
|
|t:|1717827194
|switch|p1a: Scizor|Scizor, M|67/100
|move|p2a: Reuniclus|Focus Blast|p1a: Scizor
|-damage|p1a: Scizor|9/100
|
|-weather|Sandstorm|[upkeep]
|upkeep
|turn|10
|
|t:|1717827204
|switch|p2a: Hippowdon|Hippowdon, M|84/100
|move|p1a: Scizor|U-turn|p2a: Hippowdon
|-damage|p2a: Hippowdon|58/100
|
|t:|1717827208
|switch|p1a: Breloom|Breloom, F, shiny|66/100|[from] U-turn
|
|-weather|Sandstorm|[upkeep]
|-damage|p1a: Breloom|60/100|[from] Sandstorm
|-heal|p2a: Hippowdon|65/100|[from] item: Leftovers
|upkeep
|turn|11
|inactive|chomp29 has 120 seconds left.
|
|t:|1717827241
|switch|p2a: Reuniclus|Reuniclus, F|85/100 par
|move|p1a: Breloom|Bullet Seed|p2a: Reuniclus
|-damage|p2a: Reuniclus|65/100 par
|-damage|p2a: Reuniclus|44/100 par
|-hitcount|p2a: Reuniclus|2
|-damage|p1a: Breloom|50/100|[from] item: Life Orb
|
|-weather|Sandstorm|[upkeep]
|-damage|p1a: Breloom|44/100|[from] Sandstorm
|upkeep
|turn|12
|
|t:|1717827248
|move|p1a: Breloom|Bullet Seed|p2a: Reuniclus
|-damage|p2a: Reuniclus|22/100 par
|-damage|p2a: Reuniclus|3/100 par
|-damage|p2a: Reuniclus|0 fnt
|faint|p2a: Reuniclus
|-hitcount|p2: Reuniclus|3
|-damage|p1a: Breloom|34/100|[from] item: Life Orb
|
|-weather|Sandstorm|[upkeep]
|-damage|p1a: Breloom|28/100|[from] Sandstorm
|upkeep
|
|t:|1717827251
|switch|p2a: Latios|Latios, M|95/100
|turn|13
|
|t:|1717827258
|switch|p1a: Latias|Latias, F|21/100
|move|p2a: Latios|Surf|p1a: Latias
|-resisted|p1a: Latias
|-damage|p1a: Latias|2/100
|
|-weather|Sandstorm|[upkeep]
|-damage|p2a: Latios|89/100|[from] Sandstorm
|-damage|p1a: Latias|0 fnt|[from] Sandstorm
|faint|p1a: Latias
|upkeep
|
|t:|1717827272
|switch|p1a: Gyarados|Gyarados, M, shiny|100/100
|turn|14
|
|t:|1717827274
|switch|p2a: Excadrill|Excadrill, M|100/100
|move|p1a: Gyarados|Substitute|p1a: Gyarados
|-start|p1a: Gyarados|Substitute
|-damage|p1a: Gyarados|76/100
|
|-weather|Sandstorm|[upkeep]
|-damage|p1a: Gyarados|69/100|[from] Sandstorm
|-heal|p1a: Gyarados|76/100|[from] item: Leftovers
|upkeep
|turn|15
|
|t:|1717827281
|move|p2a: Excadrill|Rock Slide|p1a: Gyarados
|-supereffective|p1a: Gyarados
|-end|p1a: Gyarados|Substitute
|move|p1a: Gyarados|Dragon Dance|p1a: Gyarados
|-boost|p1a: Gyarados|atk|1
|-boost|p1a: Gyarados|spe|1
|
|-weather|Sandstorm|[upkeep]
|-damage|p1a: Gyarados|69/100|[from] Sandstorm
|-heal|p1a: Gyarados|76/100|[from] item: Leftovers
|upkeep
|turn|16
|
|t:|1717827286
|switch|p1a: Garchomp|Garchomp, M, shiny|100/100
|move|p2a: Excadrill|Rock Slide|p1a: Garchomp
|-resisted|p1a: Garchomp
|-damage|p1a: Garchomp|80/100
|
|-weather|Sandstorm|[upkeep]
|upkeep
|turn|17
|
|t:|1717827293
|switch|p2a: Latios|Latios, M|89/100
|move|p1a: Garchomp|Outrage|p2a: Latios
|-supereffective|p2a: Latios
|-damage|p2a: Latios|0 fnt
|faint|p2a: Latios
|
|-weather|Sandstorm|[upkeep]
|upkeep
|
|t:|1717827296
|switch|p2a: Hippowdon|Hippowdon, M|65/100
|turn|18
|
|t:|1717827298
|move|p1a: Garchomp|Outrage|p2a: Hippowdon|[from]lockedmove
|-damage|p2a: Hippowdon|26/100
|-start|p1a: Garchomp|confusion|[fatigue]
|-enditem|p1a: Garchomp|Lum Berry|[eat]
|-end|p1a: Garchomp|confusion
|move|p2a: Hippowdon|Slack Off|p2a: Hippowdon
|-heal|p2a: Hippowdon|76/100
|
|-weather|Sandstorm|[upkeep]
|-heal|p2a: Hippowdon|83/100|[from] item: Leftovers
|upkeep
|turn|19
|
|t:|1717827303
|switch|p1a: Breloom|Breloom, F, shiny|28/100
|move|p2a: Hippowdon|Stealth Rock|p1a: Breloom
|-sidestart|p1: scpseptember鬼灯|move: Stealth Rock
|
|-weather|Sandstorm|[upkeep]
|-damage|p1a: Breloom|22/100|[from] Sandstorm
|-heal|p2a: Hippowdon|89/100|[from] item: Leftovers
|upkeep
|turn|20
|inactive|chomp29 has 120 seconds left.
|inactive|chomp29 has 90 seconds left.
|
|t:|1717827365
|switch|p2a: Terrakion|Terrakion|66/100
|move|p1a: Breloom|Bullet Seed|p2a: Terrakion
|-supereffective|p2a: Terrakion
|-damage|p2a: Terrakion|0 fnt
|faint|p2a: Terrakion
|-hitcount|p2: Terrakion|1
|-damage|p1a: Breloom|12/100|[from] item: Life Orb
|
|-weather|Sandstorm|[upkeep]
|-damage|p1a: Breloom|6/100|[from] Sandstorm
|upkeep
|
|t:|1717827367
|switch|p2a: Excadrill|Excadrill, M|100/100
|turn|21
|inactive|chomp29 has 90 seconds left.
|
|t:|1717827388
|switch|p2a: Hippowdon|Hippowdon, M|89/100
|move|p1a: Breloom|Bullet Seed|p2a: Hippowdon
|-supereffective|p2a: Hippowdon
|-damage|p2a: Hippowdon|53/100
|-supereffective|p2a: Hippowdon
|-damage|p2a: Hippowdon|17/100
|-supereffective|p2a: Hippowdon
|-damage|p2a: Hippowdon|0 fnt
|faint|p2a: Hippowdon
|-hitcount|p2: Hippowdon|3
|-damage|p1a: Breloom|0 fnt|[from] item: Life Orb
|faint|p1a: Breloom
|
|-weather|Sandstorm|[upkeep]
|upkeep
|
|t:|1717827395
|switch|p1a: Garchomp|Garchomp, M, shiny|80/100
|switch|p2a: Excadrill|Excadrill, M|100/100
|-damage|p1a: Garchomp|74/100|[from] Stealth Rock
|turn|22
|
|t:|1717827398
|move|p2a: Excadrill|Iron Head|p1a: Garchomp
|-damage|p1a: Garchomp|15/100
|-damage|p2a: Excadrill|88/100|[from] ability: Rough Skin|[of] p1a: Garchomp
|cant|p1a: Garchomp|flinch
|
|-weather|Sandstorm|[upkeep]
|upkeep
|turn|23
|
|t:|1717827402
|move|p2a: Excadrill|Iron Head|p1a: Garchomp
|-damage|p1a: Garchomp|0 fnt
|-damage|p2a: Excadrill|76/100|[from] ability: Rough Skin|[of] p1a: Garchomp
|faint|p1a: Garchomp
|
|-weather|Sandstorm|[upkeep]
|upkeep
|
|t:|1717827403
|switch|p1a: Heatran|Heatran, F|70/100
|-damage|p1a: Heatran|58/100|[from] Stealth Rock
|turn|24
|
|t:|1717827405
|move|p2a: Excadrill|Iron Head|p1a: Heatran
|-resisted|p1a: Heatran
|-damage|p1a: Heatran|43/100
|move|p1a: Heatran|Fire Blast|p2a: Excadrill
|-supereffective|p2a: Excadrill
|-damage|p2a: Excadrill|0 fnt
|faint|p2a: Excadrill
|
|win|scpseptember鬼灯
|raw|scpseptember鬼灯's rating: 1470 &rarr; <strong>1499</strong><br />(+29 for winning)
|raw|chomp29's rating: 1639 &rarr; <strong>1610</strong><br />(-29 for losing)
|c|☆chomp29|Man
|c|☆scpseptember鬼灯|gg
|c|☆chomp29|U llayed
|c|☆chomp29|Rly good
|c| sk8head|yea this was such a good game
|c|☆chomp29|Ill take u very srsly next time lol
|c|☆chomp29|Gg
|l|☆chomp29
|player|p2|
|c|☆scpseptember鬼灯|ty
|c| sk8head|have g one homie
|c| sk8head|*a
|l| sk8head
