|j|☆alenpa
|j|☆TimidKiwi
|player|p1|alenpa|262
|player|p2|TimidKiwi|197
|teamsize|p1|6
|teamsize|p2|6
|gametype|singles
|gen|5
|tier|[Gen 5] OU
|rated|
|rule|Sleep Clause Mod: Limit one foe put to sleep
|rule|Species Clause: Limit one of each Pokémon
|rule|OHKO Clause: OHKO moves are banned
|rule|Moody Clause: Moody is banned
|rule|Evasion Moves Clause: Evasion moves are banned
|rule|Endless Battle Clause: Forcing endless battles is banned
|rule|HP Percentage Mod: HP is shown in percentages
|rule|Evasion Abilities Clause: Evasion abilities are banned
|rule|Baton Pass Clause: Limit one Baton Passer, can't pass Spe and other stats simultaneously
|rule|Swagger Clause: Swagger is banned
|clearpoke
|poke|p1|Conkeldurr, M|item
|poke|p1|Raikou|item
|poke|p1|Garchomp, M|item
|poke|p1|Hydreigon, F|item
|poke|p1|Jirachi|item
|poke|p1|Gengar, F|item
|poke|p2|Politoed, M|item
|poke|p2|Keldeo-Resolute|item
|poke|p2|Ferrothorn, F|item
|poke|p2|Kyurem-Black|item
|poke|p2|Breloom, F|item
|poke|p2|Jirachi|item
|teampreview
|inactive|Battle timer is ON: inactive players will automatically lose when time's up. (requested by TimidKiwi)
|
|start
|switch|p1a: Conkeldurr|Conkeldurr, M|100/100
|switch|p2a: Politoed|Politoed, M, shiny|100/100
|-weather|RainDance|[from] ability: Drizzle|[of] p2a: Politoed
|turn|1
|
|move|p2a: Politoed|Scald|p1a: Conkeldurr
|-damage|p1a: Conkeldurr|38/100
|move|p1a: Conkeldurr|Drain Punch|p2a: Politoed
|-damage|p2a: Politoed|7/100
|-heal|p1a: Conkeldurr|78/100|[from] drain|[of] p2a: Politoed
|-damage|p1a: Conkeldurr|68/100|[from] item: Life Orb
|
|-weather|RainDance|[upkeep]
|upkeep
|turn|2
|
|switch|p2a: Jirachi|Jirachi|100/100
|move|p1a: Conkeldurr|Mach Punch|p2a: Jirachi
|-damage|p2a: Jirachi|73/100
|-damage|p1a: Conkeldurr|58/100|[from] item: Life Orb
|
|-weather|RainDance|[upkeep]
|-heal|p2a: Jirachi|79/100|[from] item: Leftovers
|upkeep
|turn|3
|
|switch|p1a: Garchomp|Garchomp, M|100/100
|move|p2a: Jirachi|Psychic|p1a: Garchomp
|-damage|p1a: Garchomp|61/100
|
|-weather|RainDance|[upkeep]
|-heal|p2a: Jirachi|86/100|[from] item: Leftovers
|upkeep
|turn|4
|
|switch|p2a: Ferrothorn|Ferrothorn, F|100/100
|move|p1a: Garchomp|Stealth Rock|p2a: Ferrothorn
|-sidestart|p2: TimidKiwi|move: Stealth Rock
|
|-weather|RainDance|[upkeep]
|upkeep
|turn|5
|
|switch|p1a: Conkeldurr|Conkeldurr, M|58/100
|move|p2a: Ferrothorn|Stealth Rock|p1a: Conkeldurr
|-sidestart|p1: alenpa|move: Stealth Rock
|
|-weather|RainDance|[upkeep]
|upkeep
|turn|6
|
|switch|p2a: Politoed|Politoed, M, shiny|7/100
|-damage|p2a: Politoed|0 fnt|[from] Stealth Rock
|faint|p2a: Politoed
|move|p1a: Conkeldurr|Drain Punch|p2: Politoed|[notarget]
|-notarget
|
|-weather|RainDance|[upkeep]
|upkeep
|
|switch|p2a: Jirachi|Jirachi|86/100
|-damage|p2a: Jirachi|79/100|[from] Stealth Rock
|turn|7
|
|switch|p1a: Garchomp|Garchomp, M|61/100
|-damage|p1a: Garchomp|55/100|[from] Stealth Rock
|move|p2a: Jirachi|Psychic|p1a: Garchomp
|-damage|p1a: Garchomp|14/100
|-unboost|p1a: Garchomp|spd|1
|
|-weather|RainDance|[upkeep]
|-heal|p2a: Jirachi|86/100|[from] item: Leftovers
|upkeep
|turn|8
|
|switch|p2a: Ferrothorn|Ferrothorn, F|100/100
|-damage|p2a: Ferrothorn|94/100|[from] Stealth Rock
|move|p1a: Garchomp|Earthquake|p2a: Ferrothorn
|-damage|p2a: Ferrothorn|61/100
|
|-weather|RainDance|[upkeep]
|upkeep
|turn|9
|
|move|p1a: Garchomp|Earthquake|p2a: Ferrothorn
|-damage|p2a: Ferrothorn|24/100
|move|p2a: Ferrothorn|Gyro Ball|p1a: Garchomp
|-damage|p1a: Garchomp|0 fnt
|-damage|p2a: Ferrothorn|11/100|[from] ability: Rough Skin|[of] p1a: Garchomp
|faint|p1a: Garchomp
|
|-weather|RainDance|[upkeep]
|upkeep
|inactive|alenpa has 135 seconds left.
|j| Excalliburn88tests
|
|switch|p1a: Gengar|Gengar, F|100/100
|-damage|p1a: Gengar|88/100|[from] Stealth Rock
|turn|10
|
|move|p1a: Gengar|Shadow Ball|p2a: Ferrothorn
|-resisted|p2a: Ferrothorn
|-damage|p2a: Ferrothorn|0 fnt
|faint|p2a: Ferrothorn
|
|-weather|RainDance|[upkeep]
|upkeep
|
|switch|p2a: Keldeo|Keldeo-Resolute|100/100
|-damage|p2a: Keldeo|94/100|[from] Stealth Rock
|turn|11
|
|move|p1a: Gengar|Shadow Ball|p2a: Keldeo
|-damage|p2a: Keldeo|50/100
|move|p2a: Keldeo|Surf|p1a: Gengar
|-damage|p1a: Gengar|0 fnt
|faint|p1a: Gengar
|
|-weather|RainDance|[upkeep]
|upkeep
|
|switch|p1a: Hydreigon|Hydreigon, F|100/100
|-damage|p1a: Hydreigon|88/100|[from] Stealth Rock
|turn|12
|inactive|TimidKiwi has 135 seconds left.
|j| RibollitaLover
|l| RibollitaLover
|inactive|TimidKiwi has 120 seconds left.
|inactive|TimidKiwi has 105 seconds left.
|
|switch|p2a: Kyurem|Kyurem-Black|100/100
|-damage|p2a: Kyurem|75/100|[from] Stealth Rock
|-ability|p2a: Kyurem|Teravolt
|move|p1a: Hydreigon|Focus Blast|p2a: Kyurem
|-supereffective|p2a: Kyurem
|-damage|p2a: Kyurem|0 fnt
|faint|p2a: Kyurem
|
|-weather|RainDance|[upkeep]
|upkeep
|
|switch|p2a: Breloom|Breloom, F|100/100
|-damage|p2a: Breloom|94/100|[from] Stealth Rock
|turn|13
|
|move|p2a: Breloom|Mach Punch|p1a: Hydreigon
|-supereffective|p1a: Hydreigon
|-crit|p1a: Hydreigon
|-damage|p1a: Hydreigon|0 fnt
|-damage|p2a: Breloom|84/100|[from] item: Life Orb
|faint|p1a: Hydreigon
|
|-weather|RainDance|[upkeep]
|upkeep
|l| Excalliburn88tests
|inactive|alenpa has 135 seconds left.
|
|switch|p1a: Jirachi|Jirachi|100/100
|-damage|p1a: Jirachi|94/100|[from] Stealth Rock
|turn|14
|
|switch|p2a: Jirachi|Jirachi|86/100
|-damage|p2a: Jirachi|79/100|[from] Stealth Rock
|move|p1a: Jirachi|Iron Head|p2a: Jirachi
|-resisted|p2a: Jirachi
|-damage|p2a: Jirachi|66/100
|
|-weather|RainDance|[upkeep]
|-heal|p2a: Jirachi|72/100|[from] item: Leftovers
|-heal|p1a: Jirachi|100/100|[from] item: Leftovers
|upkeep
|turn|15
|
|move|p2a: Jirachi|Thunder|p1a: Jirachi
|-damage|p1a: Jirachi|76/100
|move|p1a: Jirachi|Fire Punch|p2a: Jirachi
|-supereffective|p2a: Jirachi
|-damage|p2a: Jirachi|56/100
|
|-weather|RainDance|[upkeep]
|-heal|p2a: Jirachi|62/100|[from] item: Leftovers
|-heal|p1a: Jirachi|82/100|[from] item: Leftovers
|upkeep
|turn|16
|
|move|p2a: Jirachi|Substitute|p2a: Jirachi
|-start|p2a: Jirachi|Substitute
|-damage|p2a: Jirachi|37/100
|move|p1a: Jirachi|Body Slam|p2a: Jirachi
|-resisted|p2a: Jirachi
|-activate|p2a: Jirachi|Substitute|[damage]
|
|-weather|RainDance|[upkeep]
|-heal|p2a: Jirachi|43/100|[from] item: Leftovers
|-heal|p1a: Jirachi|88/100|[from] item: Leftovers
|upkeep
|turn|17
|
|switch|p1a: Raikou|Raikou|100/100
|-damage|p1a: Raikou|88/100|[from] Stealth Rock
|-ability|p1a: Raikou|Pressure
|move|p2a: Jirachi|Calm Mind|p2a: Jirachi
|-boost|p2a: Jirachi|spa|1
|-boost|p2a: Jirachi|spd|1
|
|-weather|RainDance|[upkeep]
|-heal|p1a: Raikou|94/100|[from] item: Leftovers
|-heal|p2a: Jirachi|50/100|[from] item: Leftovers
|upkeep
|turn|18
|inactive|TimidKiwi has 135 seconds left.
|
|move|p1a: Raikou|Thunderbolt|p2a: Jirachi
|-end|p2a: Jirachi|Substitute
|move|p2a: Jirachi|Thunder|p1a: Raikou
|-resisted|p1a: Raikou
|-damage|p1a: Raikou|73/100
|-status|p1a: Raikou|par
|
|-weather|RainDance|[upkeep]
|-heal|p2a: Jirachi|56/100|[from] item: Leftovers
|-heal|p1a: Raikou|79/100 par|[from] item: Leftovers
|upkeep
|turn|19
|
|move|p2a: Jirachi|Psychic|p1a: Raikou
|-damage|p1a: Raikou|31/100 par
|-unboost|p1a: Raikou|spd|1
|move|p1a: Raikou|Thunderbolt|p2a: Jirachi
|-damage|p2a: Jirachi|31/100
|
|-weather|RainDance|[upkeep]
|-heal|p2a: Jirachi|37/100|[from] item: Leftovers
|-heal|p1a: Raikou|37/100 par|[from] item: Leftovers
|upkeep
|turn|20
|
|move|p2a: Jirachi|Substitute|p2a: Jirachi
|-start|p2a: Jirachi|Substitute
|-damage|p2a: Jirachi|12/100
|move|p1a: Raikou|Thunderbolt|p2a: Jirachi
|-activate|p2a: Jirachi|Substitute|[damage]
|
|-weather|RainDance|[upkeep]
|-heal|p2a: Jirachi|18/100|[from] item: Leftovers
|-heal|p1a: Raikou|43/100 par|[from] item: Leftovers
|upkeep
|turn|21
|
|move|p2a: Jirachi|Psychic|p1a: Raikou
|-damage|p1a: Raikou|0 fnt
|faint|p1a: Raikou
|
|-weather|RainDance|[upkeep]
|-heal|p2a: Jirachi|25/100|[from] item: Leftovers
|upkeep
|
|switch|p1a: Jirachi|Jirachi|88/100
|-damage|p1a: Jirachi|82/100|[from] Stealth Rock
|turn|22
|
|move|p2a: Jirachi|Thunder|p1a: Jirachi
|-damage|p1a: Jirachi|43/100
|-status|p1a: Jirachi|par
|move|p1a: Jirachi|Fire Punch|p2a: Jirachi
|-supereffective|p2a: Jirachi
|-end|p2a: Jirachi|Substitute
|
|-weather|RainDance|[upkeep]
|-heal|p2a: Jirachi|31/100|[from] item: Leftovers
|-heal|p1a: Jirachi|49/100 par|[from] item: Leftovers
|upkeep
|turn|23
|
|move|p2a: Jirachi|Substitute|p2a: Jirachi
|-start|p2a: Jirachi|Substitute
|-damage|p2a: Jirachi|6/100
|cant|p1a: Jirachi|par
|
|-weather|RainDance|[upkeep]
|-heal|p2a: Jirachi|12/100|[from] item: Leftovers
|-heal|p1a: Jirachi|55/100 par|[from] item: Leftovers
|upkeep
|turn|24
|
|move|p2a: Jirachi|Thunder|p1a: Jirachi
|-damage|p1a: Jirachi|19/100 par
|move|p1a: Jirachi|Fire Punch|p2a: Jirachi
|-supereffective|p2a: Jirachi
|-activate|p2a: Jirachi|Substitute|[damage]
|
|-weather|RainDance|[upkeep]
|-heal|p2a: Jirachi|18/100|[from] item: Leftovers
|-heal|p1a: Jirachi|25/100 par|[from] item: Leftovers
|upkeep
|turn|25
|
|move|p2a: Jirachi|Thunder|p1a: Jirachi
|-damage|p1a: Jirachi|0 fnt
|faint|p1a: Jirachi
|
|-weather|RainDance|[upkeep]
|-heal|p2a: Jirachi|24/100|[from] item: Leftovers
|upkeep
|
|switch|p1a: Conkeldurr|Conkeldurr, M|58/100
|-damage|p1a: Conkeldurr|52/100|[from] Stealth Rock
|turn|26
|j| Excalliburn88tests
|c|☆TimidKiwi|gg
|
|move|p1a: Conkeldurr|Mach Punch|p2a: Jirachi
|-end|p2a: Jirachi|Substitute
|-damage|p1a: Conkeldurr|42/100|[from] item: Life Orb
|move|p2a: Jirachi|Psychic|p1a: Conkeldurr
|-supereffective|p1a: Conkeldurr
|-crit|p1a: Conkeldurr
|-damage|p1a: Conkeldurr|0 fnt
|faint|p1a: Conkeldurr
|
|win|TimidKiwi
|c|☆alenpa|gg
|raw|alenpa's rating: 1384 &rarr; <strong>1366</strong><br />(-18 for losing)
|raw|TimidKiwi's rating: 1415 &rarr; <strong>1433</strong><br />(+18 for winning)
|l| Excalliburn88tests
|l|☆alenpa
