|j|☆sk8head
|j|☆ms breadner
|t:|1710912297
|gametype|singles
|player|p1|sk8head|170|1333
|player|p2|ms breadner|266|1407
|teamsize|p1|6
|teamsize|p2|6
|gen|5
|tier|[Gen 5] OU
|rated|
|rule|Species Clause: Limit one of each Pokémon
|rule|OHKO Clause: OHKO moves are banned
|rule|Moody Clause: Moody is banned
|rule|Evasion Items Clause: Evasion items are banned
|rule|Evasion Moves Clause: Evasion moves are banned
|rule|Endless Battle Clause: Forcing endless battles is banned
|rule|HP Percentage Mod: HP is shown in percentages
|rule|Evasion Abilities Clause: Evasion abilities are banned
|rule|Sleep Moves Clause: Sleep-inducing moves are banned
|rule|Swagger Clause: Swagger is banned
|rule|Baton Pass Stat Clause: No Baton Passer may have a way to boost its stats
|clearpoke
|poke|p1|Jirachi|item
|poke|p1|Mamoswine, F|item
|poke|p1|Starmie|item
|poke|p1|Landorus-Therian, M|item
|poke|p1|Latios, M|item
|poke|p1|Terrakion|item
|poke|p2|Ninetales, F|item
|poke|p2|Forretress, M|item
|poke|p2|Heatran, M|item
|poke|p2|Volcarona, F|item
|poke|p2|Xatu, M|item
|poke|p2|Thundurus-Therian, M|item
|teampreview
|c|☆sk8head|gl
|
|t:|1710912309
|start
|switch|p1a: Jirachi|Jirachi|100/100
|switch|p2a: Ninetales|Ninetales, F|100/100
|-weather|SunnyDay|[from] ability: Drought|[of] p2a: Ninetales
|turn|1
|inactive|Battle timer is ON: inactive players will automatically lose when time's up. (requested by sk8head)
|
|t:|1710912316
|move|p2a: Ninetales|Overheat|p1a: Jirachi
|-supereffective|p1a: Jirachi
|-damage|p1a: Jirachi|26/100
|-unboost|p2a: Ninetales|spa|2
|move|p1a: Jirachi|Stealth Rock|p2a: Ninetales
|-sidestart|p2: ms breadner|move: Stealth Rock
|
|-weather|SunnyDay|[upkeep]
|-heal|p1a: Jirachi|32/100|[from] item: Leftovers
|upkeep
|turn|2
|
|t:|1710912332
|move|p2a: Ninetales|Will-O-Wisp|p1a: Jirachi|[miss]
|-miss|p2a: Ninetales|p1a: Jirachi
|move|p1a: Jirachi|U-turn|p2a: Ninetales
|-resisted|p2a: Ninetales
|-damage|p2a: Ninetales|90/100
|
|t:|1710912334
|switch|p1a: Terrakion|Terrakion|100/100|[from] U-turn
|
|-weather|SunnyDay|[upkeep]
|-heal|p2a: Ninetales|96/100|[from] item: Leftovers
|upkeep
|turn|3
|inactive|sk8head has 120 seconds left.
|
|t:|1710912385
|move|p1a: Terrakion|Close Combat|p2a: Ninetales
|-damage|p2a: Ninetales|0 fnt
|-unboost|p1a: Terrakion|def|1
|-unboost|p1a: Terrakion|spd|1
|faint|p2a: Ninetales
|-damage|p1a: Terrakion|91/100|[from] item: Life Orb
|
|-weather|SunnyDay|[upkeep]
|upkeep
|inactive|ms breadner has 120 seconds left.
|inactive|ms breadner has 90 seconds left.
|
|t:|1710912445
|switch|p2a: Xatu|Xatu, M|100/100
|-damage|p2a: Xatu|76/100|[from] Stealth Rock
|turn|4
|
|t:|1710912452
|move|p1a: Terrakion|Stone Edge|p2a: Xatu
|-supereffective|p2a: Xatu
|-damage|p2a: Xatu|0 fnt
|faint|p2a: Xatu
|-damage|p1a: Terrakion|81/100|[from] item: Life Orb
|
|-weather|SunnyDay|[upkeep]
|upkeep
|
|t:|1710912461
|switch|p2a: Forretress|Forretress, M|100/100
|-damage|p2a: Forretress|88/100|[from] Stealth Rock
|turn|5
|
|t:|1710912472
|move|p1a: Terrakion|Close Combat|p2a: Forretress
|-damage|p2a: Forretress|33/100
|-unboost|p1a: Terrakion|def|1
|-unboost|p1a: Terrakion|spd|1
|-damage|p1a: Terrakion|71/100|[from] item: Life Orb
|move|p2a: Forretress|Rapid Spin|p1a: Terrakion
|-resisted|p1a: Terrakion
|-damage|p1a: Terrakion|66/100
|-sideend|p2: ms breadner|Stealth Rock|[from] move: Rapid Spin|[of] p2a: Forretress
|
|-weather|SunnyDay|[upkeep]
|-heal|p2a: Forretress|39/100|[from] item: Leftovers
|upkeep
|turn|6
|
|t:|1710912495
|move|p1a: Terrakion|Close Combat|p2a: Forretress
|-damage|p2a: Forretress|0 fnt
|-unboost|p1a: Terrakion|def|1
|-unboost|p1a: Terrakion|spd|1
|faint|p2a: Forretress
|-damage|p1a: Terrakion|56/100|[from] item: Life Orb
|
|-weather|SunnyDay|[upkeep]
|upkeep
|
|t:|1710912504
|switch|p2a: Thundurus|Thundurus-Therian, M|100/100
|turn|7
|
|t:|1710912508
|move|p1a: Terrakion|Stone Edge|p2a: Thundurus
|-supereffective|p2a: Thundurus
|-crit|p2a: Thundurus
|-damage|p2a: Thundurus|0 fnt
|faint|p2a: Thundurus
|-damage|p1a: Terrakion|46/100|[from] item: Life Orb
|
|-weather|SunnyDay|[upkeep]
|upkeep
|
|t:|1710912514
|switch|p2a: Heatran|Heatran, M|100/100
|turn|8
|
|t:|1710912521
|move|p1a: Terrakion|Earthquake|p2a: Heatran
|-supereffective|p2a: Heatran
|-damage|p2a: Heatran|0 fnt
|faint|p2a: Heatran
|-damage|p1a: Terrakion|36/100|[from] item: Life Orb
|
|-weather|SunnyDay|[upkeep]
|upkeep
|
|t:|1710912527
|switch|p2a: Volcarona|Volcarona, F|100/100
|turn|9
|
|t:|1710912532
|move|p1a: Terrakion|Stone Edge|p2a: Volcarona
|-supereffective|p2a: Volcarona
|-damage|p2a: Volcarona|0 fnt
|faint|p2a: Volcarona
|-damage|p1a: Terrakion|27/100|[from] item: Life Orb
|
|win|sk8head
|raw|sk8head's rating: 1333 &rarr; <strong>1357</strong><br />(+24 for winning)
|raw|ms breadner's rating: 1407 &rarr; <strong>1383</strong><br />(-24 for losing)
|c|☆sk8head|Damn
|l|☆ms breadner
|player|p2|
|c|☆sk8head|terrak went insane
