|j|☆baixiaohen
|j|☆Nalorium
|t:|1730473628
|gametype|singles
|player|p1|baixiaohen|steven|1309
|player|p2|Nalorium|#nalorium|1532
|teamsize|p1|6
|teamsize|p2|6
|gen|5
|tier|[Gen 5] OU
|rated|
|rule|Species Clause: Limit one of each Pokémon
|rule|OHKO Clause: OHKO moves are banned
|rule|Moody Clause: Moody is banned
|rule|Evasion Items Clause: Evasion items are banned
|rule|Evasion Moves Clause: Evasion moves are banned
|rule|Endless Battle Clause: Forcing endless battles is banned
|rule|HP Percentage Mod: HP is shown in percentages
|rule|Evasion Abilities Clause: Evasion abilities are banned
|rule|Sleep Moves Clause: Sleep-inducing moves are banned
|rule|Swagger Clause: Swagger is banned
|rule|Baton Pass Stat Clause: No Baton Passer may have a way to boost its stats
|clearpoke
|poke|p1|Tyranitar, F|item
|poke|p1|Keldeo|item
|poke|p1|Garchomp, M|item
|poke|p1|Zapdos|item
|poke|p1|Scizor, F|item
|poke|p1|Starmie|item
|poke|p2|Skarmory, F|item
|poke|p2|Gastrodon-East, M|item
|poke|p2|Blissey, F|item
|poke|p2|Starmie|item
|poke|p2|Gliscor, F|item
|poke|p2|Magnezone|item
|teampreview
|
|t:|1730473644
|start
|switch|p1a: Zapdos|Zapdos|100/100
|switch|p2a: Gliscor|Gliscor, F, shiny|100/100
|-ability|p1a: Zapdos|Pressure
|turn|1
|
|t:|1730473659
|switch|p1a: Keldeo|Keldeo|100/100
|move|p2a: Gliscor|Protect||[still]
|-fail|p2a: Gliscor
|
|-status|p2a: Gliscor|tox|[from] item: Toxic Orb
|upkeep
|turn|2
|
|t:|1730473675
|move|p2a: Gliscor|Protect|p2a: Gliscor
|-singleturn|p2a: Gliscor|Protect
|move|p1a: Keldeo|Hydro Pump|p2a: Gliscor
|-activate|p2a: Gliscor|move: Protect
|
|upkeep
|turn|3
|
|t:|1730473681
|switch|p2a: Gastrodon|Gastrodon-East, M|100/100
|move|p1a: Keldeo|Substitute|p1a: Keldeo
|-start|p1a: Keldeo|Substitute
|-damage|p1a: Keldeo|75/100
|
|-heal|p1a: Keldeo|82/100|[from] item: Leftovers
|upkeep
|turn|4
|
|t:|1730473692
|switch|p2a: Skarmory|Skarmory, F, shiny|100/100
|move|p1a: Keldeo|Calm Mind|p1a: Keldeo
|-boost|p1a: Keldeo|spa|1
|-boost|p1a: Keldeo|spd|1
|
|-heal|p1a: Keldeo|88/100|[from] item: Leftovers
|upkeep
|turn|5
|
|t:|1730473701
|move|p1a: Keldeo|Hydro Pump|p2a: Skarmory
|-ability|p2a: Skarmory|Sturdy
|-damage|p2a: Skarmory|1/100
|move|p2a: Skarmory|Whirlwind|p1a: Keldeo
|drag|p1a: Garchomp|Garchomp, M|100/100
|
|upkeep
|turn|6
|
|t:|1730473715
|move|p1a: Garchomp|Outrage|p2a: Skarmory
|-resisted|p2a: Skarmory
|-damage|p2a: Skarmory|0 fnt
|-damage|p1a: Garchomp|84/100|[from] item: Rocky Helmet|[of] p2a: Skarmory
|faint|p2a: Skarmory
|
|upkeep
|
|t:|1730473733
|switch|p2a: Gastrodon|Gastrodon-East, M|100/100
|turn|7
|
|t:|1730473736
|move|p1a: Garchomp|Outrage|p2a: Gastrodon|[from]lockedmove
|-damage|p2a: Gastrodon|57/100
|move|p2a: Gastrodon|Scald|p1a: Garchomp
|-damage|p1a: Garchomp|58/100
|
|-heal|p2a: Gastrodon|63/100|[from] item: Leftovers
|upkeep
|turn|8
|j| shiyonghao
|
|t:|1730473746
|move|p1a: Garchomp|Outrage|p2a: Gastrodon|[from]lockedmove
|-damage|p2a: Gastrodon|15/100
|-start|p1a: Garchomp|confusion|[fatigue]
|move|p2a: Gastrodon|Recover|p2a: Gastrodon
|-heal|p2a: Gastrodon|65/100
|
|-heal|p2a: Gastrodon|71/100|[from] item: Leftovers
|upkeep
|turn|9
|c| shiyonghao|嗯哼
|
|t:|1730473757
|switch|p1a: Starmie|Starmie|100/100
|move|p2a: Gastrodon|Toxic|p1a: Starmie|[miss]
|-miss|p2a: Gastrodon|p1a: Starmie
|
|-heal|p2a: Gastrodon|77/100|[from] item: Leftovers
|upkeep
|turn|10
|
|t:|1730473768
|switch|p1a: Zapdos|Zapdos|100/100
|-ability|p1a: Zapdos|Pressure
|move|p2a: Gastrodon|Scald|p1a: Zapdos
|-damage|p1a: Zapdos|81/100
|
|-heal|p1a: Zapdos|87/100|[from] item: Leftovers
|-heal|p2a: Gastrodon|83/100|[from] item: Leftovers
|upkeep
|turn|11
|
|t:|1730473780
|move|p1a: Zapdos|Toxic|p2a: Gastrodon
|-status|p2a: Gastrodon|tox
|move|p2a: Gastrodon|Scald|p1a: Zapdos
|-crit|p1a: Zapdos
|-damage|p1a: Zapdos|51/100
|-status|p1a: Zapdos|brn
|
|-heal|p1a: Zapdos|57/100 brn|[from] item: Leftovers
|-heal|p2a: Gastrodon|89/100 tox|[from] item: Leftovers
|-damage|p2a: Gastrodon|83/100 tox|[from] psn
|-damage|p1a: Zapdos|45/100 brn|[from] brn
|upkeep
|turn|12
|
|t:|1730473795
|switch|p2a: Blissey|Blissey, F, shiny|100/100
|move|p1a: Zapdos|Roost|p1a: Zapdos
|-heal|p1a: Zapdos|95/100 brn
|-singleturn|p1a: Zapdos|move: Roost
|
|-heal|p1a: Zapdos|100/100 brn|[from] item: Leftovers
|-damage|p1a: Zapdos|88/100 brn|[from] brn
|upkeep
|turn|13
|
|t:|1730473806
|move|p1a: Zapdos|Volt Switch|p2a: Blissey
|-damage|p2a: Blissey|90/100
|
|t:|1730473813
|switch|p1a: Starmie|Starmie|100/100|[from] Volt Switch
|move|p2a: Blissey|Toxic|p1a: Starmie
|-status|p1a: Starmie|tox
|
|-heal|p2a: Blissey|97/100|[from] item: Leftovers
|-damage|p1a: Starmie|94/100 tox|[from] psn
|upkeep
|turn|14
|
|t:|1730473824
|move|p1a: Starmie|Thunder Wave|p2a: Blissey
|-status|p2a: Blissey|par
|move|p2a: Blissey|Stealth Rock|p1a: Starmie
|-sidestart|p1: baixiaohen|move: Stealth Rock
|
|-heal|p1a: Starmie|100/100 tox|[from] item: Leftovers
|-heal|p2a: Blissey|100/100 par|[from] item: Leftovers
|-damage|p1a: Starmie|88/100 tox|[from] psn
|upkeep
|turn|15
|
|t:|1730473834
|-curestatus|p2a: Blissey|par|[from] ability: Natural Cure
|switch|p2a: Magnezone|Magnezone|100/100
|move|p1a: Starmie|Rapid Spin|p2a: Magnezone
|-resisted|p2a: Magnezone
|-damage|p2a: Magnezone|99/100
|-sideend|p1: baixiaohen|Stealth Rock|[from] move: Rapid Spin|[of] p1a: Starmie
|
|-heal|p1a: Starmie|94/100 tox|[from] item: Leftovers
|-damage|p1a: Starmie|76/100 tox|[from] psn
|upkeep
|turn|16
|
|t:|1730473846
|-curestatus|p1a: Starmie|tox|[from] ability: Natural Cure
|switch|p1a: Garchomp|Garchomp, M|58/100
|move|p2a: Magnezone|Thunderbolt|p1a: Garchomp
|-immune|p1a: Garchomp
|
|upkeep
|turn|17
|
|t:|1730473858
|switch|p1a: Keldeo|Keldeo|88/100
|switch|p2a: Gliscor|Gliscor, F, shiny|100/100 tox
|
|-heal|p1a: Keldeo|94/100|[from] item: Leftovers
|upkeep
|turn|18
|
|t:|1730473867
|move|p1a: Keldeo|Calm Mind|p1a: Keldeo
|-boost|p1a: Keldeo|spa|1
|-boost|p1a: Keldeo|spd|1
|move|p2a: Gliscor|Earthquake|p1a: Keldeo
|-damage|p1a: Keldeo|54/100
|
|-heal|p1a: Keldeo|60/100|[from] item: Leftovers
|upkeep
|turn|19
|
|t:|1730473883
|move|p1a: Keldeo|Substitute|p1a: Keldeo
|-start|p1a: Keldeo|Substitute
|-damage|p1a: Keldeo|35/100
|move|p2a: Gliscor|Earthquake|p1a: Keldeo
|-end|p1a: Keldeo|Substitute
|
|-heal|p1a: Keldeo|42/100|[from] item: Leftovers
|upkeep
|turn|20
|
|t:|1730473903
|switch|p2a: Starmie|Starmie|100/100
|move|p1a: Keldeo|Hydro Pump|p2a: Starmie
|-resisted|p2a: Starmie
|-damage|p2a: Starmie|45/100
|
|-heal|p2a: Starmie|51/100|[from] item: Leftovers
|-heal|p1a: Keldeo|48/100|[from] item: Leftovers
|upkeep
|turn|21
|
|t:|1730473914
|switch|p1a: Garchomp|Garchomp, M|58/100
|move|p2a: Starmie|Scald|p1a: Garchomp
|-damage|p1a: Garchomp|30/100
|-status|p1a: Garchomp|brn
|
|-heal|p2a: Starmie|57/100|[from] item: Leftovers
|-damage|p1a: Garchomp|18/100 brn|[from] brn
|upkeep
|turn|22
|
|t:|1730473930
|switch|p1a: Starmie|Starmie|76/100
|move|p2a: Starmie|Recover|p2a: Starmie
|-heal|p2a: Starmie|100/100
|
|-heal|p1a: Starmie|82/100|[from] item: Leftovers
|upkeep
|turn|23
|l| shiyonghao
|
|t:|1730473939
|move|p1a: Starmie|Thunder Wave|p2a: Starmie
|-status|p2a: Starmie|par
|move|p2a: Starmie|Scald|p1a: Starmie
|-resisted|p1a: Starmie
|-damage|p1a: Starmie|67/100
|
|-heal|p1a: Starmie|73/100|[from] item: Leftovers
|upkeep
|turn|24
|
|t:|1730473950
|move|p1a: Starmie|Scald|p2a: Starmie
|-resisted|p2a: Starmie
|-damage|p2a: Starmie|84/100 par
|cant|p2a: Starmie|par
|
|-heal|p1a: Starmie|79/100|[from] item: Leftovers
|-heal|p2a: Starmie|90/100 par|[from] item: Leftovers
|upkeep
|turn|25
|inactive|Battle timer is ON: inactive players will automatically lose when time's up. (requested by baixiaohen)
|inactive|Nalorium has 120 seconds left.
|inactive|Nalorium has 90 seconds left.
|inactive|Nalorium has 60 seconds left.
|
|t:|1730474099
|switch|p1a: Scizor|Scizor, F|100/100
|-curestatus|p2a: Starmie|par|[from] ability: Natural Cure
|switch|p2a: Blissey|Blissey, F, shiny|100/100
|
|upkeep
|turn|26
|inactive|Nalorium has 120 seconds left.
|
|t:|1730474110
|switch|p2a: Gliscor|Gliscor, F, shiny|100/100 tox
|move|p1a: Scizor|Swords Dance|p1a: Scizor
|-boost|p1a: Scizor|atk|2
|
|upkeep
|turn|27
|inactive|Nalorium has 120 seconds left.
|
|t:|1730474126
|move|p2a: Gliscor|Earthquake|p1a: Scizor
|-damage|p1a: Scizor|77/100
|move|p1a: Scizor|U-turn|p2a: Gliscor
|-resisted|p2a: Gliscor
|-damage|p2a: Gliscor|77/100 tox
|
|t:|1730474134
|switch|p1a: Keldeo|Keldeo|48/100|[from] U-turn
|
|-heal|p1a: Keldeo|54/100|[from] item: Leftovers
|-heal|p2a: Gliscor|90/100 tox|[from] ability: Poison Heal
|upkeep
|turn|28
|
|t:|1730474142
|move|p1a: Keldeo|Hydro Pump|p2a: Gliscor|[miss]
|-miss|p1a: Keldeo|p2a: Gliscor
|move|p2a: Gliscor|Earthquake|p1a: Keldeo
|-damage|p1a: Keldeo|15/100
|
|-heal|p1a: Keldeo|21/100|[from] item: Leftovers
|-heal|p2a: Gliscor|100/100 tox|[from] ability: Poison Heal
|upkeep
|turn|29
|
|t:|1730474153
|switch|p1a: Zapdos|Zapdos|88/100 brn
|-ability|p1a: Zapdos|Pressure
|move|p2a: Gliscor|Earthquake|p1a: Zapdos
|-immune|p1a: Zapdos
|
|-heal|p1a: Zapdos|94/100 brn|[from] item: Leftovers
|-damage|p1a: Zapdos|82/100 brn|[from] brn
|upkeep
|turn|30
|
|t:|1730474171
|switch|p1a: Starmie|Starmie|79/100
|switch|p2a: Blissey|Blissey, F, shiny|100/100
|
|-heal|p1a: Starmie|85/100|[from] item: Leftovers
|upkeep
|turn|31
|
|t:|1730474180
|move|p1a: Starmie|Thunder Wave|p2a: Blissey
|-status|p2a: Blissey|par
|move|p2a: Blissey|Toxic|p1a: Starmie|[miss]
|-miss|p2a: Blissey|p1a: Starmie
|
|-heal|p1a: Starmie|92/100|[from] item: Leftovers
|upkeep
|turn|32
|
|t:|1730474196
|move|p1a: Starmie|Scald|p2a: Blissey
|-damage|p2a: Blissey|91/100 par
|move|p2a: Blissey|Toxic|p1a: Starmie
|-status|p1a: Starmie|tox
|
|-heal|p1a: Starmie|98/100 tox|[from] item: Leftovers
|-heal|p2a: Blissey|97/100 par|[from] item: Leftovers
|-damage|p1a: Starmie|92/100 tox|[from] psn
|upkeep
|turn|33
|
|t:|1730474217
|-curestatus|p1a: Starmie|tox|[from] ability: Natural Cure
|switch|p1a: Scizor|Scizor, F|77/100
|cant|p2a: Blissey|par
|
|-heal|p1a: Scizor|83/100|[from] item: Leftovers
|-heal|p2a: Blissey|100/100 par|[from] item: Leftovers
|upkeep
|turn|34
|
|t:|1730474227
|-curestatus|p2a: Blissey|par|[from] ability: Natural Cure
|switch|p2a: Magnezone|Magnezone|99/100
|move|p1a: Scizor|U-turn|p2a: Magnezone
|-resisted|p2a: Magnezone
|-damage|p2a: Magnezone|86/100
|
|t:|1730474235
|switch|p1a: Keldeo|Keldeo|21/100|[from] U-turn
|
|-heal|p1a: Keldeo|27/100|[from] item: Leftovers
|upkeep
|turn|35
|
|t:|1730474242
|move|p1a: Keldeo|Secret Sword|p2a: Magnezone
|-supereffective|p2a: Magnezone
|-enditem|p2a: Magnezone|Chople Berry|[eat]
|-enditem|p2a: Magnezone|Chople Berry|[weaken]
|-damage|p2a: Magnezone|41/100
|move|p2a: Magnezone|Thunderbolt|p1a: Keldeo
|-supereffective|p1a: Keldeo
|-damage|p1a: Keldeo|0 fnt
|faint|p1a: Keldeo
|
|upkeep
|
|t:|1730474259
|switch|p1a: Garchomp|Garchomp, M|18/100 brn
|turn|36
|
|t:|1730474265
|switch|p2a: Gliscor|Gliscor, F, shiny|100/100 tox
|move|p1a: Garchomp|Stealth Rock|p2a: Gliscor
|-sidestart|p2: Nalorium|move: Stealth Rock
|
|-damage|p1a: Garchomp|6/100 brn|[from] brn
|upkeep
|turn|37
|inactive|baixiaohen has 120 seconds left.
|
|t:|1730474289
|switch|p1a: Zapdos|Zapdos|82/100 brn
|-ability|p1a: Zapdos|Pressure
|move|p2a: Gliscor|Swords Dance|p2a: Gliscor
|-boost|p2a: Gliscor|atk|2
|
|-heal|p1a: Zapdos|88/100 brn|[from] item: Leftovers
|-damage|p1a: Zapdos|76/100 brn|[from] brn
|upkeep
|turn|38
|inactive|baixiaohen has 120 seconds left.
|
|t:|1730474300
|move|p2a: Gliscor|Protect|p2a: Gliscor
|-singleturn|p2a: Gliscor|Protect
|move|p1a: Zapdos|Heat Wave|p2a: Gliscor
|-activate|p2a: Gliscor|move: Protect
|
|-heal|p1a: Zapdos|82/100 brn|[from] item: Leftovers
|-damage|p1a: Zapdos|69/100 brn|[from] brn
|upkeep
|turn|39
|inactive|baixiaohen has 120 seconds left.
|
|t:|1730474310
|switch|p1a: Garchomp|Garchomp, M|6/100 brn
|move|p2a: Gliscor|Earthquake|p1a: Garchomp
|-damage|p1a: Garchomp|0 fnt
|faint|p1a: Garchomp
|
|upkeep
|inactive|baixiaohen has 120 seconds left.
|
|t:|1730474319
|switch|p1a: Starmie|Starmie|92/100
|turn|40
|
|t:|1730474324
|switch|p2a: Gastrodon|Gastrodon-East, M|83/100 tox
|-damage|p2a: Gastrodon|77/100 tox|[from] Stealth Rock
|move|p1a: Starmie|Scald|p2a: Gastrodon
|-ability|p2a: Gastrodon|Storm Drain|boost
|-boost|p2a: Gastrodon|spa|1
|
|-heal|p1a: Starmie|98/100|[from] item: Leftovers
|-heal|p2a: Gastrodon|83/100 tox|[from] item: Leftovers
|-damage|p2a: Gastrodon|77/100 tox|[from] psn
|upkeep
|turn|41
|inactive|baixiaohen has 120 seconds left.
|
|t:|1730474344
|move|p1a: Starmie|Recover|p1a: Starmie
|-heal|p1a: Starmie|100/100
|move|p2a: Gastrodon|Recover|p2a: Gastrodon
|-heal|p2a: Gastrodon|100/100 tox
|
|-damage|p2a: Gastrodon|88/100 tox|[from] psn
|upkeep
|turn|42
|inactive|baixiaohen has 120 seconds left.
|
|t:|1730474354
|switch|p2a: Starmie|Starmie|90/100
|-damage|p2a: Starmie|78/100|[from] Stealth Rock
|move|p1a: Starmie|Rapid Spin|p2a: Starmie
|-damage|p2a: Starmie|75/100
|
|-heal|p2a: Starmie|81/100|[from] item: Leftovers
|upkeep
|turn|43
|inactive|baixiaohen has 120 seconds left.
|
|t:|1730474372
|switch|p1a: Tyranitar|Tyranitar, F|100/100
|-weather|Sandstorm|[from] ability: Sand Stream|[of] p1a: Tyranitar
|move|p2a: Starmie|Rapid Spin|p1a: Tyranitar
|-resisted|p1a: Tyranitar
|-damage|p1a: Tyranitar|99/100
|-sideend|p2: Nalorium|Stealth Rock|[from] move: Rapid Spin|[of] p2a: Starmie
|
|-weather|Sandstorm|[upkeep]
|-damage|p2a: Starmie|75/100|[from] Sandstorm
|-heal|p2a: Starmie|81/100|[from] item: Leftovers
|upkeep
|turn|44
|inactive|baixiaohen has 120 seconds left.
|
|t:|1730474387
|move|p2a: Starmie|Reflect Type|p1a: Tyranitar
|-start|p2a: Starmie|typechange|[from] move: Reflect Type|[of] p1a: Tyranitar
|move|p1a: Tyranitar|Pursuit|p2a: Starmie
|-resisted|p2a: Starmie
|-damage|p2a: Starmie|68/100
|
|-weather|Sandstorm|[upkeep]
|-heal|p2a: Starmie|74/100|[from] item: Leftovers
|upkeep
|turn|45
|
|t:|1730474400
|switch|p2a: Gliscor|Gliscor, F, shiny|100/100 tox
|switch|p1a: Scizor|Scizor, F|83/100
|
|-weather|Sandstorm|[upkeep]
|-heal|p1a: Scizor|89/100|[from] item: Leftovers
|upkeep
|turn|46
|inactive|Nalorium has 120 seconds left.
|
|t:|1730474432
|move|p2a: Gliscor|Swords Dance|p2a: Gliscor
|-boost|p2a: Gliscor|atk|2
|move|p1a: Scizor|Swords Dance|p1a: Scizor
|-boost|p1a: Scizor|atk|2
|
|-weather|Sandstorm|[upkeep]
|-heal|p1a: Scizor|95/100|[from] item: Leftovers
|upkeep
|turn|47
|
|t:|1730474441
|move|p2a: Gliscor|Earthquake|p1a: Scizor
|-damage|p1a: Scizor|48/100
|move|p1a: Scizor|Swords Dance|p1a: Scizor
|-boost|p1a: Scizor|atk|2
|
|-weather|Sandstorm|[upkeep]
|-heal|p1a: Scizor|54/100|[from] item: Leftovers
|upkeep
|turn|48
|inactive|baixiaohen has 120 seconds left.
|inactive|Nalorium has 120 seconds left.
|
|t:|1730474466
|move|p2a: Gliscor|Earthquake|p1a: Scizor
|-damage|p1a: Scizor|4/100
|move|p1a: Scizor|Roost|p1a: Scizor
|-heal|p1a: Scizor|54/100
|-singleturn|p1a: Scizor|move: Roost
|
|-weather|Sandstorm|[upkeep]
|-heal|p1a: Scizor|60/100|[from] item: Leftovers
|upkeep
|turn|49
|
|t:|1730474475
|move|p1a: Scizor|Bullet Punch|p2a: Gliscor
|-damage|p2a: Gliscor|43/100 tox
|move|p2a: Gliscor|Earthquake|p1a: Scizor
|-damage|p1a: Scizor|12/100
|
|-weather|Sandstorm|[upkeep]
|-heal|p1a: Scizor|18/100|[from] item: Leftovers
|-heal|p2a: Gliscor|56/100 tox|[from] ability: Poison Heal
|upkeep
|turn|50
|
|t:|1730474489
|move|p2a: Gliscor|Earthquake|p1a: Scizor
|-damage|p1a: Scizor|0 fnt
|faint|p1a: Scizor
|
|-weather|Sandstorm|[upkeep]
|-heal|p2a: Gliscor|68/100 tox|[from] ability: Poison Heal
|upkeep
|inactive|baixiaohen has 120 seconds left.
|-message|baixiaohen forfeited.
|
|win|Nalorium
|raw|baixiaohen's rating: 1309 &rarr; <strong>1301</strong><br />(-8 for losing)
|raw|Nalorium's rating: 1561 &rarr; <strong>1569</strong><br />(+8 for winning)
|l|☆baixiaohen
|player|p1|
|l|☆Nalorium
|player|p2|
