|j|☆xpeps_10
|j|☆baixiaohen
|t:|1738674323
|gametype|singles
|player|p1|xpeps_10|gentleman-gen4|1347
|player|p2|baixiaohen|steven|1450
|teamsize|p1|6
|teamsize|p2|6
|gen|5
|tier|[Gen 5] OU
|rated|
|rule|Species Clause: Limit one of each Pokémon
|rule|OHKO Clause: OHKO moves are banned
|rule|Moody Clause: Moody is banned
|rule|Evasion Items Clause: Evasion items are banned
|rule|Evasion Moves Clause: Evasion moves are banned
|rule|Endless Battle Clause: Forcing endless battles is banned
|rule|HP Percentage Mod: HP is shown in percentages
|rule|Evasion Abilities Clause: Evasion abilities are banned
|rule|Sleep Moves Clause: Sleep-inducing moves are banned
|rule|Swagger Clause: Swagger is banned
|rule|Baton Pass Stat Clause: No Baton Passer may have a way to boost its stats
|clearpoke
|poke|p1|Politoed, M|item
|poke|p1|Thundurus-Therian, M|item
|poke|p1|Starmie|item
|poke|p1|Scizor, M|item
|poke|p1|Skarmory, F|item
|poke|p1|Jellicent, M|item
|poke|p2|Scizor, M|item
|poke|p2|Gyarados, M|item
|poke|p2|Celebi|item
|poke|p2|Starmie|item
|poke|p2|Jirachi|item
|poke|p2|Heatran, M|item
|teampreview
|inactive|Battle timer is ON: inactive players will automatically lose when time's up. (requested by xpeps_10)
|
|t:|1738674335
|start
|switch|p1a: Skarmory|Skarmory, F|100/100
|switch|p2a: Jirachi|Jirachi, shiny|100/100
|turn|1
|
|t:|1738674339
|move|p2a: Jirachi|Trick|p1a: Skarmory
|-activate|p2a: Jirachi|move: Trick|[of] p1a: Skarmory
|-item|p1a: Skarmory|Choice Scarf|[from] move: Trick
|-item|p2a: Jirachi|Mental Herb|[from] move: Trick
|move|p1a: Skarmory|Stealth Rock|p2a: Jirachi
|-sidestart|p2: baixiaohen|move: Stealth Rock
|
|upkeep
|turn|2
|
|t:|1738674355
|switch|p1a: Politoed|Politoed, M, shiny|100/100
|-weather|RainDance|[from] ability: Drizzle|[of] p1a: Politoed
|move|p2a: Jirachi|Trick|p1a: Politoed
|-activate|p2a: Jirachi|move: Trick|[of] p1a: Politoed
|-item|p1a: Politoed|Mental Herb|[from] move: Trick
|-item|p2a: Jirachi|Choice Specs|[from] move: Trick
|
|-weather|RainDance|[upkeep]
|upkeep
|turn|3
|
|t:|1738674370
|switch|p1a: Skarmory|Skarmory, F|100/100
|move|p2a: Jirachi|U-turn|p1a: Skarmory
|-resisted|p1a: Skarmory
|-damage|p1a: Skarmory|96/100
|
|t:|1738674376
|switch|p2a: Starmie|Starmie|100/100|[from] U-turn
|-damage|p2a: Starmie|88/100|[from] Stealth Rock
|
|-weather|RainDance|[upkeep]
|upkeep
|turn|4
|
|t:|1738674382
|move|p2a: Starmie|Rapid Spin|p1a: Skarmory
|-resisted|p1a: Skarmory
|-damage|p1a: Skarmory|95/100
|-sideend|p2: baixiaohen|Stealth Rock|[from] move: Rapid Spin|[of] p2a: Starmie
|-damage|p2a: Starmie|78/100|[from] item: Life Orb
|move|p1a: Skarmory|Whirlwind|p2a: Starmie
|drag|p2a: Celebi|Celebi|100/100
|
|-weather|RainDance|[upkeep]
|upkeep
|turn|5
|
|t:|1738674389
|switch|p1a: Scizor|Scizor, M|100/100
|move|p2a: Celebi|Thunder Wave|p1a: Scizor
|-status|p1a: Scizor|par
|
|-weather|RainDance|[upkeep]
|upkeep
|turn|6
|
|t:|1738674400
|-activate|p2a: Celebi|move: Pursuit
|move|p1a: Scizor|Pursuit|p2a: Celebi|[from] Pursuit
|-supereffective|p2a: Celebi
|-damage|p2a: Celebi|22/100
|switch|p2a: Heatran|Heatran, M|100/100
|
|-weather|RainDance|[upkeep]
|upkeep
|turn|7
|
|t:|1738674409
|switch|p1a: Skarmory|Skarmory, F|95/100
|move|p2a: Heatran|Stealth Rock|p1a: Skarmory
|-sidestart|p1: xpeps_10|move: Stealth Rock
|
|-weather|RainDance|[upkeep]
|upkeep
|turn|8
|
|t:|1738674414
|move|p1a: Skarmory|Stealth Rock|p2a: Heatran
|-sidestart|p2: baixiaohen|move: Stealth Rock
|move|p2a: Heatran|Lava Plume|p1a: Skarmory
|-supereffective|p1a: Skarmory
|-damage|p1a: Skarmory|64/100
|
|-weather|RainDance|[upkeep]
|upkeep
|turn|9
|
|t:|1738674421
|switch|p1a: Starmie|Starmie, shiny|100/100
|-damage|p1a: Starmie|88/100|[from] Stealth Rock
|-item|p1a: Starmie|Air Balloon
|move|p2a: Heatran|Toxic|p1a: Starmie
|-status|p1a: Starmie|tox
|
|-weather|RainDance|[upkeep]
|-damage|p1a: Starmie|82/100 tox|[from] psn
|upkeep
|turn|10
|
|t:|1738674445
|switch|p1a: Skarmory|Skarmory, F|64/100
|-damage|p1a: Skarmory|52/100|[from] Stealth Rock
|move|p2a: Heatran|Roar|p1a: Skarmory
|drag|p1a: Politoed|Politoed, M, shiny|100/100
|-damage|p1a: Politoed|88/100|[from] Stealth Rock
|
|-weather|RainDance|[upkeep]
|upkeep
|turn|11
|inactive|baixiaohen has 120 seconds left.
|
|t:|1738674477
|switch|p2a: Starmie|Starmie|78/100
|-damage|p2a: Starmie|66/100|[from] Stealth Rock
|move|p1a: Politoed|Surf|p2a: Starmie
|-resisted|p2a: Starmie
|-damage|p2a: Starmie|20/100
|
|-weather|RainDance|[upkeep]
|upkeep
|turn|12
|
|t:|1738674484
|move|p2a: Starmie|Thunder|p1a: Politoed
|-supereffective|p1a: Politoed
|-damage|p1a: Politoed|8/100
|-damage|p2a: Starmie|10/100|[from] item: Life Orb
|move|p1a: Politoed|Surf|p2a: Starmie
|-resisted|p2a: Starmie
|-damage|p2a: Starmie|0 fnt
|faint|p2a: Starmie
|
|-weather|RainDance|[upkeep]
|upkeep
|
|t:|1738674489
|switch|p2a: Celebi|Celebi|22/100
|-damage|p2a: Celebi|9/100|[from] Stealth Rock
|turn|13
|
|t:|1738674493
|move|p2a: Celebi|Recover|p2a: Celebi
|-heal|p2a: Celebi|59/100
|move|p1a: Politoed|Ice Beam|p2a: Celebi
|-supereffective|p2a: Celebi
|-damage|p2a: Celebi|26/100
|
|-weather|RainDance|[upkeep]
|-heal|p2a: Celebi|32/100|[from] item: Leftovers
|upkeep
|turn|14
|
|t:|1738674502
|move|p2a: Celebi|Recover|p2a: Celebi
|-heal|p2a: Celebi|82/100
|move|p1a: Politoed|Ice Beam|p2a: Celebi
|-supereffective|p2a: Celebi
|-crit|p2a: Celebi
|-damage|p2a: Celebi|14/100
|
|-weather|RainDance|[upkeep]
|-heal|p2a: Celebi|20/100|[from] item: Leftovers
|upkeep
|turn|15
|
|t:|1738674507
|switch|p1a: Scizor|Scizor, M|100/100 par
|-damage|p1a: Scizor|88/100 par|[from] Stealth Rock
|move|p2a: Celebi|Recover|p2a: Celebi
|-heal|p2a: Celebi|70/100
|
|-weather|RainDance|[upkeep]
|-heal|p2a: Celebi|76/100|[from] item: Leftovers
|upkeep
|turn|16
|
|t:|1738674513
|move|p2a: Celebi|Recover|p2a: Celebi
|-heal|p2a: Celebi|100/100
|move|p1a: Scizor|U-turn|p2a: Celebi
|-supereffective|p2a: Celebi
|-damage|p2a: Celebi|0 fnt
|faint|p2a: Celebi
|
|t:|1738674522
|switch|p1a: Skarmory|Skarmory, F|52/100|[from] U-turn
|-damage|p1a: Skarmory|40/100|[from] Stealth Rock
|
|-weather|RainDance|[upkeep]
|upkeep
|
|t:|1738674535
|switch|p2a: Gyarados|Gyarados, M, shiny|100/100
|-damage|p2a: Gyarados|75/100|[from] Stealth Rock
|-ability|p2a: Gyarados|Intimidate|boost
|-unboost|p1a: Skarmory|atk|1
|turn|17
|
|t:|1738674540
|move|p2a: Gyarados|Waterfall|p1a: Skarmory
|-damage|p1a: Skarmory|0 fnt
|faint|p1a: Skarmory
|
|-weather|RainDance|[upkeep]
|-heal|p2a: Gyarados|82/100|[from] item: Leftovers
|upkeep
|
|t:|1738674548
|switch|p1a: Starmie|Starmie, shiny|82/100 tox
|-damage|p1a: Starmie|70/100 tox|[from] Stealth Rock
|-item|p1a: Starmie|Air Balloon
|turn|18
|
|t:|1738674553
|move|p1a: Starmie|Thunder|p2a: Gyarados
|-supereffective|p2a: Gyarados
|-damage|p2a: Gyarados|0 fnt
|faint|p2a: Gyarados
|
|-weather|RainDance|[upkeep]
|-damage|p1a: Starmie|64/100 tox|[from] psn
|upkeep
|
|t:|1738674558
|switch|p2a: Jirachi|Jirachi, shiny|100/100
|-damage|p2a: Jirachi|94/100|[from] Stealth Rock
|turn|19
|
|t:|1738674563
|switch|p1a: Politoed|Politoed, M, shiny|8/100
|-damage|p1a: Politoed|0 fnt|[from] Stealth Rock
|faint|p1a: Politoed
|move|p2a: Jirachi|Trick|p1: Politoed|[notarget]
|-fail|p2a: Jirachi
|
|-weather|RainDance|[upkeep]
|upkeep
|
|t:|1738674580
|switch|p1a: Thundurus|Thundurus-Therian, M|100/100
|-damage|p1a: Thundurus|75/100|[from] Stealth Rock
|turn|20
|
|t:|1738674583
|move|p2a: Jirachi|Trick|p1a: Thundurus
|-activate|p2a: Jirachi|move: Trick|[of] p1a: Thundurus
|-item|p1a: Thundurus|Choice Specs|[from] move: Trick
|-item|p2a: Jirachi|Sitrus Berry|[from] move: Trick
|move|p1a: Thundurus|Thunder|p2a: Jirachi
|-damage|p2a: Jirachi|0 fnt
|faint|p2a: Jirachi
|
|-weather|RainDance|[upkeep]
|upkeep
|-message|baixiaohen forfeited.
|
|win|xpeps_10
|raw|xpeps_10's rating: 1347 &rarr; <strong>1373</strong><br />(+26 for winning)
|raw|baixiaohen's rating: 1450 &rarr; <strong>1424</strong><br />(-26 for losing)
|l|☆baixiaohen
|player|p2|
