|j|skam_newton
|j|MisterHyde
|player|p1|skam_newton|266
|teamsize|p1|6
|player|p2|MisterHyde|2
|teamsize|p2|6
|gametype|singles
|gen|5
|tier|[Gen 5] OU
|rated|
|seed|10198,41592,45598,6594
|rule|Sleep Clause Mod: Limit one foe put to sleep
|rule|Species Clause: Limit one of each Pokémon
|rule|OHKO Clause: OHKO moves are banned
|rule|Moody Clause: Moody is banned
|rule|Evasion Moves Clause: Evasion moves are banned
|rule|Endless Battle Clause: Forcing endless battles is banned
|rule|HP Percentage Mod: HP is shown in percentages
|rule|Evasion Abilities Clause: Evasion abilities are banned
|rule|Baton Pass Clause: Limit one Baton Passer, can't pass Spe and other stats simultaneously
|rule|Swagger Clause: Swagger is banned
|clearpoke
|poke|p1|Snorlax, M|item
|poke|p1|Latias, F|item
|poke|p1|Breloom, M|item
|poke|p1|Ferrothorn, M|item
|poke|p1|Azumarill, M|item
|poke|p1|Excadrill, M|item
|poke|p2|Alakazam, F|item
|poke|p2|Garchomp, M|item
|poke|p2|Ferrothorn, F|item
|poke|p2|Landorus-Therian, M|item
|poke|p2|Jellicent, M|item
|poke|p2|Tyranitar, M|item
|teampreview
|choice|team 3, team 2, team 1, team 4, team 5, team 6|team 2, team 1, team 3, team 4, team 5, team 6
|
|start
|switch|p1a: Breloom|Breloom, M|264/264
|switch|p2a: Garchomp|Garchomp, M|357/357
|turn|1
|inactive|Battle timer is ON: inactive players will automatically lose when time's up. (requested by skam_newton)
|inactive|MisterHyde has 135 seconds left.
|inactive|MisterHyde has 120 seconds left.
|choice|move spore|move dualchop
|
|move|p2a: Garchomp|Dual Chop|p1a: Breloom
|-damage|p1a: Breloom|119/264
|-damage|p1a: Breloom|0 fnt
|-hitcount|p1a: Breloom|2
|faint|p1a: Breloom
|
|upkeep
|inactive|skam_newton has 135 seconds left.
|inactive|skam_newton has 120 seconds left.
|inactive|skam_newton has 105 seconds left.
|choice|switch 4|
|
|switch|p1a: Ferrothorn|Ferrothorn, M|352/352
|turn|2
|choice|move stealthrock|switch 6
|
|switch|p2a: Tyranitar|Tyranitar, M|341/341
|-weather|Sandstorm|[from] ability: Sand Stream|[of] p2a: Tyranitar
|move|p1a: Ferrothorn|Stealth Rock|p2a: Tyranitar
|-sidestart|p2: MisterHyde|move: Stealth Rock
|
|-weather|Sandstorm|[upkeep]
|upkeep
|turn|3
|choice|move thunderwave|move stealthrock
|
|move|p2a: Tyranitar|Stealth Rock|p1a: Ferrothorn
|-sidestart|p1: skam_newton|move: Stealth Rock
|move|p1a: Ferrothorn|Thunder Wave|p2a: Tyranitar
|-status|p2a: Tyranitar|par
|
|-weather|Sandstorm|[upkeep]
|upkeep
|turn|4
|choice|move leechseed|move fireblast
|
|move|p1a: Ferrothorn|Leech Seed|p2a: Tyranitar
|-start|p2a: Tyranitar|move: Leech Seed
|move|p2a: Tyranitar|Fire Blast|p1a: Ferrothorn
|-supereffective|p1a: Ferrothorn
|-damage|p1a: Ferrothorn|0 fnt
|faint|p1a: Ferrothorn
|
|-weather|Sandstorm|[upkeep]
|upkeep
|inactive|skam_newton has 135 seconds left.
|choice|switch 3|
|
|switch|p1a: Snorlax|Snorlax, M|524/524
|-damage|p1a: Snorlax|459/524|[from] Stealth Rock
|turn|5
|choice|move curse|switch 5
|
|switch|p2a: Jellicent|Jellicent, M, shiny|403/403
|-damage|p2a: Jellicent|353/403|[from] Stealth Rock
|move|p1a: Snorlax|Curse|p1a: Snorlax
|-unboost|p1a: Snorlax|spe|1
|-boost|p1a: Snorlax|atk|1
|-boost|p1a: Snorlax|def|1
|
|-weather|Sandstorm|[upkeep]
|-damage|p2a: Jellicent|328/403|[from] sandstorm
|-damage|p1a: Snorlax|427/524|[from] sandstorm
|-heal|p2a: Jellicent|353/403|[from] item: Leftovers
|-heal|p1a: Snorlax|459/524|[from] item: Leftovers
|upkeep
|turn|6
|inactive|skam_newton has 135 seconds left.
|inactive|skam_newton has 120 seconds left.
|choice|move curse|move willowisp
|
|move|p2a: Jellicent|Will-O-Wisp|p1a: Snorlax
|-status|p1a: Snorlax|brn
|move|p1a: Snorlax|Curse|p1a: Snorlax
|-unboost|p1a: Snorlax|spe|1
|-boost|p1a: Snorlax|atk|1
|-boost|p1a: Snorlax|def|1
|
|-weather|Sandstorm|[upkeep]
|-damage|p2a: Jellicent|328/403|[from] sandstorm
|-damage|p1a: Snorlax|427/524 brn|[from] sandstorm
|-heal|p2a: Jellicent|353/403|[from] item: Leftovers
|-heal|p1a: Snorlax|459/524 brn|[from] item: Leftovers
|-damage|p1a: Snorlax|394/524 brn|[from] brn
|upkeep
|turn|7
|inactive|skam_newton has 135 seconds left.
|choice|move rest|move taunt
|
|move|p2a: Jellicent|Taunt|p1a: Snorlax
|-start|p1a: Snorlax|move: Taunt
|cant|p1a: Snorlax|move: Taunt|Rest
|
|-weather|Sandstorm|[upkeep]
|-damage|p2a: Jellicent|328/403|[from] sandstorm
|-damage|p1a: Snorlax|362/524 brn|[from] sandstorm
|-heal|p2a: Jellicent|353/403|[from] item: Leftovers
|-heal|p1a: Snorlax|394/524 brn|[from] item: Leftovers
|-damage|p1a: Snorlax|329/524 brn|[from] brn
|upkeep
|turn|8
|inactive|skam_newton has 135 seconds left.
|choice|switch 2|move scald
|
|switch|p1a: Latias|Latias, F|364/364
|-damage|p1a: Latias|319/364|[from] Stealth Rock
|move|p2a: Jellicent|Scald|p1a: Latias
|-resisted|p1a: Latias
|-damage|p1a: Latias|286/364
|-status|p1a: Latias|brn
|
|-weather|Sandstorm|[upkeep]
|-damage|p1a: Latias|264/364 brn|[from] sandstorm
|-damage|p2a: Jellicent|328/403|[from] sandstorm
|-heal|p1a: Latias|286/364 brn|[from] item: Leftovers
|-heal|p2a: Jellicent|353/403|[from] item: Leftovers
|-damage|p1a: Latias|241/364 brn|[from] brn
|upkeep
|turn|9
|inactive|skam_newton has 135 seconds left.
|c|☆skam_newton|ofc. lucky c team hacker
|choice|switch 6|move recover
|
|switch|p1a: Excadrill|Excadrill, M|361/361
|-damage|p1a: Excadrill|350/361|[from] Stealth Rock
|-ability|p1a: Excadrill|Mold Breaker
|move|p2a: Jellicent|Recover|p2a: Jellicent
|-heal|p2a: Jellicent|403/403
|
|-weather|Sandstorm|[upkeep]
|-damage|p2a: Jellicent|378/403|[from] sandstorm
|-heal|p2a: Jellicent|403/403|[from] item: Leftovers
|upkeep
|turn|10
|inactive|skam_newton has 135 seconds left.
|inactive|MisterHyde has 135 seconds left.
|c|☆MisterHyde|lol, sure thing that burn on latias change much
|inactive|MisterHyde has 120 seconds left.
|choice|move earthquake|move scald
|
|move|p1a: Excadrill|Earthquake|p2a: Jellicent
|-damage|p2a: Jellicent|200/403
|-damage|p1a: Excadrill|314/361|[from] item: Life Orb
|move|p2a: Jellicent|Scald|p1a: Excadrill
|-supereffective|p1a: Excadrill
|-damage|p1a: Excadrill|80/361
|
|-weather|Sandstorm|[upkeep]
|-damage|p2a: Jellicent|175/403|[from] sandstorm
|-heal|p2a: Jellicent|200/403|[from] item: Leftovers
|upkeep
|turn|11
|inactive|skam_newton has 135 seconds left.
|choice|move toxic|switch 4
|
|switch|p2a: Landorus|Landorus-Therian, M|319/319
|-damage|p2a: Landorus|280/319|[from] Stealth Rock
|-ability|p2a: Landorus|Intimidate|boost
|-unboost|p1a: Excadrill|atk|1
|move|p1a: Excadrill|Toxic|p2a: Landorus
|-status|p2a: Landorus|tox
|
|-weather|Sandstorm|[upkeep]
|-damage|p2a: Landorus|261/319 tox|[from] psn
|upkeep
|turn|12
|inactive|skam_newton has 135 seconds left.
|choice|switch 6|move hiddenpower
|
|switch|p1a: Latias|Latias, F|241/364 brn
|-damage|p1a: Latias|196/364 brn|[from] Stealth Rock
|move|p2a: Landorus|Hidden Power|p1a: Latias
|-supereffective|p1a: Latias
|-damage|p1a: Latias|106/364 brn
|
|-weather|Sandstorm|[upkeep]
|-damage|p1a: Latias|84/364 brn|[from] sandstorm
|-heal|p1a: Latias|106/364 brn|[from] item: Leftovers
|-damage|p2a: Landorus|223/319 tox|[from] psn
|-damage|p1a: Latias|61/364 brn|[from] brn
|upkeep
|turn|13
|inactive|skam_newton has 120 seconds left.
|choice|move hiddenpower|move hiddenpower
|
|move|p2a: Landorus|Hidden Power|p1a: Latias
|-supereffective|p1a: Latias
|-damage|p1a: Latias|0 fnt
|faint|p1a: Latias
|
|-weather|Sandstorm|[upkeep]
|-damage|p2a: Landorus|166/319 tox|[from] psn
|upkeep
|inactive|skam_newton has 120 seconds left.
|inactive|skam_newton has 105 seconds left.
|choice|switch 5|
|
|switch|p1a: Azumarill|Azumarill, M|404/404
|-damage|p1a: Azumarill|354/404|[from] Stealth Rock
|turn|14
|c|☆MisterHyde|"omg will o wisp + taunt on my curselax you're lucky"
|inactive|MisterHyde has 135 seconds left.
|choice|move icepunch|switch 3
|
|switch|p2a: Ferrothorn|Ferrothorn, F|351/351
|-damage|p2a: Ferrothorn|330/351|[from] Stealth Rock
|move|p1a: Azumarill|Ice Punch|p2a: Ferrothorn
|-damage|p2a: Ferrothorn|209/351
|-damage|p1a: Azumarill|304/404|[from] ability: Iron Barbs|[of] p2a: Ferrothorn
|
|-weather|Sandstorm|[upkeep]
|-damage|p1a: Azumarill|279/404|[from] sandstorm
|-heal|p2a: Ferrothorn|230/351|[from] item: Leftovers
|upkeep
|turn|15
|c|☆skam_newton|stfu counter teaming jabroni
|inactive|skam_newton has 120 seconds left.
|c|☆skam_newton|of course. i never get the freeze
|j|koala17
|choice|move icepunch|move leechseed
|
|move|p1a: Azumarill|Ice Punch|p2a: Ferrothorn
|-damage|p2a: Ferrothorn|104/351
|-damage|p1a: Azumarill|229/404|[from] ability: Iron Barbs|[of] p2a: Ferrothorn
|-status|p2a: Ferrothorn|frz
|cant|p2a: Ferrothorn|frz
|
|-weather|Sandstorm|[upkeep]
|-damage|p1a: Azumarill|204/404|[from] sandstorm
|-heal|p2a: Ferrothorn|125/351 frz|[from] item: Leftovers
|upkeep
|turn|16
|c|☆MisterHyde|counter team on random ranked 5g battle xD
|c|☆skam_newton|YEAH
|inactive|MisterHyde has 135 seconds left.
|choice|move icepunch|move leechseed
|
|move|p1a: Azumarill|Ice Punch|p2a: Ferrothorn
|-damage|p2a: Ferrothorn|5/351 frz
|-damage|p1a: Azumarill|154/404|[from] ability: Iron Barbs|[of] p2a: Ferrothorn
|-curestatus|p2a: Ferrothorn|frz|[msg]
|move|p2a: Ferrothorn|Leech Seed|p1a: Azumarill
|-start|p1a: Azumarill|move: Leech Seed
|
|-weather|Sandstorm|[upkeep]
|-damage|p1a: Azumarill|129/404|[from] sandstorm
|-heal|p2a: Ferrothorn|26/351|[from] item: Leftovers
|-damage|p1a: Azumarill|79/404|[from] Leech Seed|[of] p2a: Ferrothorn
|-heal|p2a: Ferrothorn|76/351|[silent]
|upkeep
|turn|17
|-message|skam_newton forfeited.
|
|win|MisterHyde
|l|skam_newton
|l|koala17
|raw|skam_newton's rating: 1387 &rarr; <strong>1360</strong><br />(-27 for losing)
|raw|MisterHyde's rating: 1263 &rarr; <strong>1296</strong><br />(+33 for winning)