|j|☆Excaliburn88tests
|j|☆WindWeavile
|t:|1717269469
|gametype|singles
|player|p1|Excaliburn88tests|bellelba|1434
|player|p2|WindWeavile|ghetsis|1347
|teamsize|p1|6
|teamsize|p2|6
|gen|5
|tier|[Gen 5] OU
|rated|
|rule|Species Clause: Limit one of each Pokémon
|rule|OHKO Clause: OHKO moves are banned
|rule|Moody Clause: Moody is banned
|rule|Evasion Items Clause: Evasion items are banned
|rule|Evasion Moves Clause: Evasion moves are banned
|rule|Endless Battle Clause: Forcing endless battles is banned
|rule|HP Percentage Mod: HP is shown in percentages
|rule|Evasion Abilities Clause: Evasion abilities are banned
|rule|Sleep Moves Clause: Sleep-inducing moves are banned
|rule|Swagger Clause: Swagger is banned
|rule|Baton Pass Stat Clause: No Baton Passer may have a way to boost its stats
|clearpoke
|poke|p1|Ninetales, F|item
|poke|p1|Heatran, F|item
|poke|p1|Excadrill, F|item
|poke|p1|Scizor, F|item
|poke|p1|Xatu, M|item
|poke|p1|Zapdos|item
|poke|p2|Blissey, F|item
|poke|p2|Hydreigon, M|item
|poke|p2|Landorus-Therian, M|item
|poke|p2|Ferrothorn, M|item
|poke|p2|Latios, M|item
|poke|p2|Gyarados, M|item
|teampreview
|inactive|Battle timer is ON: inactive players will automatically lose when time's up. (requested by WindWeavile)
|
|t:|1717269491
|start
|switch|p1a: All Apologies|Ninetales, F, shiny|100/100
|switch|p2a: Landorus|Landorus-Therian, M|100/100
|-weather|SunnyDay|[from] ability: Drought|[of] p1a: All Apologies
|-ability|p2a: Landorus|Intimidate|boost
|-unboost|p1a: All Apologies|atk|1
|turn|1
|
|t:|1717269499
|switch|p1a: drippy birb|Xatu, M, shiny|100/100
|switch|p2a: Blissey|Blissey, F|100/100
|
|-weather|SunnyDay|[upkeep]
|upkeep
|turn|2
|
|t:|1717269505
|move|p1a: drippy birb|Reflect|p1a: drippy birb
|-sidestart|p1: Excaliburn88tests|Reflect
|move|p2a: Blissey|Seismic Toss|p1a: drippy birb
|-damage|p1a: drippy birb|67/100
|-damage|p2a: Blissey|84/100|[from] item: Rocky Helmet|[of] p1a: drippy birb
|
|-weather|SunnyDay|[upkeep]
|-heal|p2a: Blissey|90/100|[from] item: Leftovers
|upkeep
|turn|3
|
|t:|1717269511
|move|p1a: drippy birb|U-turn|p2a: Blissey
|-damage|p2a: Blissey|81/100
|
|t:|1717269516
|switch|p1a: Kirei|Excadrill, F, shiny|100/100|[from] U-turn
|-ability|p1a: Kirei|Mold Breaker
|move|p2a: Blissey|Seismic Toss|p1a: Kirei
|-damage|p1a: Kirei|75/100
|
|-weather|SunnyDay|[upkeep]
|-heal|p1a: Kirei|81/100|[from] item: Leftovers
|-heal|p2a: Blissey|87/100|[from] item: Leftovers
|upkeep
|turn|4
|inactive|Excaliburn88tests has 120 seconds left.
|
|t:|1717269566
|switch|p2a: Landorus|Landorus-Therian, M|100/100
|-ability|p2a: Landorus|Intimidate|boost
|-unboost|p1a: Kirei|atk|1
|move|p1a: Kirei|Stealth Rock|p2a: Landorus
|-sidestart|p2: WindWeavile|move: Stealth Rock
|
|-weather|SunnyDay|[upkeep]
|-heal|p1a: Kirei|87/100|[from] item: Leftovers
|upkeep
|turn|5
|
|t:|1717269576
|switch|p1a: drippy birb|Xatu, M, shiny|67/100
|move|p2a: Landorus|Swords Dance|p2a: Landorus
|-boost|p2a: Landorus|atk|2
|
|-weather|SunnyDay|[upkeep]
|upkeep
|turn|6
|inactive|Excaliburn88tests has 90 seconds left.
|
|t:|1717269623
|move|p2a: Landorus|Hidden Power|p1a: drippy birb
|-supereffective|p1a: drippy birb
|-damage|p1a: drippy birb|24/100
|move|p1a: drippy birb|U-turn|p2a: Landorus
|-resisted|p2a: Landorus
|-damage|p2a: Landorus|94/100
|
|t:|1717269633
|switch|p1a: arclight|Zapdos, shiny|100/100|[from] U-turn
|-ability|p1a: arclight|Pressure
|
|-weather|SunnyDay|[upkeep]
|-sideend|p1: Excaliburn88tests|Reflect
|upkeep
|turn|7
|
|t:|1717269643
|switch|p2a: Blissey|Blissey, F|87/100
|-damage|p2a: Blissey|75/100|[from] Stealth Rock
|move|p1a: arclight|Hidden Power|p2a: Blissey
|-damage|p2a: Blissey|67/100
|
|-weather|SunnyDay|[upkeep]
|-heal|p2a: Blissey|73/100|[from] item: Leftovers
|upkeep
|turn|8
|
|t:|1717269657
|switch|p1a: Maxilos|Scizor, F|100/100
|move|p2a: Blissey|Wish|p2a: Blissey
|
|-weather|SunnyDay|[upkeep]
|-heal|p2a: Blissey|79/100|[from] item: Leftovers
|upkeep
|turn|9
|
|t:|1717269663
|switch|p2a: Landorus|Landorus-Therian, M|94/100
|-damage|p2a: Landorus|81/100|[from] Stealth Rock
|-ability|p2a: Landorus|Intimidate|boost
|-unboost|p1a: Maxilos|atk|1
|move|p1a: Maxilos|U-turn|p2a: Landorus
|-resisted|p2a: Landorus
|-damage|p2a: Landorus|67/100
|
|t:|1717269672
|switch|p1a: arclight|Zapdos, shiny|100/100|[from] U-turn
|-ability|p1a: arclight|Pressure
|
|-weather|SunnyDay|[upkeep]
|-heal|p2a: Landorus|100/100|[from] move: Wish|[wisher] Blissey
|upkeep
|turn|10
|
|t:|1717269677
|switch|p2a: Ferrothorn|Ferrothorn, M|100/100
|-damage|p2a: Ferrothorn|94/100|[from] Stealth Rock
|move|p1a: arclight|Substitute|p1a: arclight
|-start|p1a: arclight|Substitute
|-damage|p1a: arclight|76/100
|
|-weather|SunnyDay|[upkeep]
|-heal|p1a: arclight|82/100|[from] item: Leftovers
|-heal|p2a: Ferrothorn|100/100|[from] item: Leftovers
|upkeep
|turn|11
|
|t:|1717269686
|switch|p1a: drippy birb|Xatu, M, shiny|24/100
|switch|p2a: Blissey|Blissey, F|79/100
|-damage|p2a: Blissey|67/100|[from] Stealth Rock
|
|-weather|SunnyDay|[upkeep]
|-heal|p2a: Blissey|73/100|[from] item: Leftovers
|upkeep
|turn|12
|
|t:|1717269691
|move|p1a: drippy birb|Roost|p1a: drippy birb
|-heal|p1a: drippy birb|74/100
|-singleturn|p1a: drippy birb|move: Roost
|move|p2a: Blissey|Seismic Toss|p1a: drippy birb
|-damage|p1a: drippy birb|41/100
|-damage|p2a: Blissey|57/100|[from] item: Rocky Helmet|[of] p1a: drippy birb
|
|-weather|SunnyDay|[upkeep]
|-heal|p2a: Blissey|63/100|[from] item: Leftovers
|upkeep
|turn|13
|
|t:|1717269695
|move|p1a: drippy birb|Roost|p1a: drippy birb
|-heal|p1a: drippy birb|91/100
|-singleturn|p1a: drippy birb|move: Roost
|move|p2a: Blissey|Wish|p2a: Blissey
|
|-weather|SunnyDay|[upkeep]
|-heal|p2a: Blissey|69/100|[from] item: Leftovers
|upkeep
|turn|14
|
|t:|1717269708
|switch|p2a: Hydreigon|Hydreigon, M|100/100
|-damage|p2a: Hydreigon|88/100|[from] Stealth Rock
|move|p1a: drippy birb|Reflect|p1a: drippy birb
|-sidestart|p1: Excaliburn88tests|Reflect
|
|-weather|SunnyDay|[upkeep]
|-heal|p2a: Hydreigon|100/100|[from] move: Wish|[wisher] Blissey
|upkeep
|turn|15
|
|t:|1717269717
|switch|p1a: All Apologies|Ninetales, F, shiny|100/100
|move|p2a: Hydreigon|Draco Meteor|p1a: All Apologies
|-damage|p1a: All Apologies|43/100
|-unboost|p2a: Hydreigon|spa|2
|
|-weather|SunnyDay|[upkeep]
|-heal|p1a: All Apologies|50/100|[from] item: Leftovers
|upkeep
|turn|16
|
|t:|1717269726
|switch|p2a: Blissey|Blissey, F|69/100
|-damage|p2a: Blissey|56/100|[from] Stealth Rock
|move|p1a: All Apologies|Pain Split|p2a: Blissey
|-sethp|p2a: Blissey|39/100|[from] move: Pain Split|[silent]
|-sethp|p1a: All Apologies|87/100|[from] move: Pain Split
|
|-weather|SunnyDay|[upkeep]
|-heal|p1a: All Apologies|93/100|[from] item: Leftovers
|-heal|p2a: Blissey|46/100|[from] item: Leftovers
|upkeep
|turn|17
|
|t:|1717269729
|move|p2a: Blissey|Soft-Boiled|p2a: Blissey
|-heal|p2a: Blissey|96/100
|move|p1a: All Apologies|Roar|p2a: Blissey
|drag|p2a: Landorus|Landorus-Therian, M|100/100
|-damage|p2a: Landorus|88/100|[from] Stealth Rock
|-ability|p2a: Landorus|Intimidate|boost
|-unboost|p1a: All Apologies|atk|1
|
|-weather|SunnyDay|[upkeep]
|-heal|p1a: All Apologies|99/100|[from] item: Leftovers
|upkeep
|turn|18
|
|t:|1717269748
|switch|p1a: drippy birb|Xatu, M, shiny|91/100
|switch|p2a: Blissey|Blissey, F|96/100
|-damage|p2a: Blissey|83/100|[from] Stealth Rock
|
|-weather|SunnyDay|[upkeep]
|-heal|p2a: Blissey|89/100|[from] item: Leftovers
|-sideend|p1: Excaliburn88tests|Reflect
|upkeep
|turn|19
|
|t:|1717269758
|switch|p2a: Hydreigon|Hydreigon, M|100/100
|-damage|p2a: Hydreigon|88/100|[from] Stealth Rock
|move|p1a: drippy birb|U-turn|p2a: Hydreigon
|-supereffective|p2a: Hydreigon
|-damage|p2a: Hydreigon|61/100
|
|t:|1717269775
|switch|p1a: All Apologies|Ninetales, F, shiny|99/100|[from] U-turn
|
|-weather|SunnyDay|[upkeep]
|-heal|p1a: All Apologies|100/100|[from] item: Leftovers
|upkeep
|turn|20
|
|t:|1717269783
|move|p2a: Hydreigon|Draco Meteor|p1a: All Apologies
|-damage|p1a: All Apologies|40/100
|-unboost|p2a: Hydreigon|spa|2
|move|p1a: All Apologies|Roar|p2a: Hydreigon
|drag|p2a: Ferrothorn|Ferrothorn, M|100/100
|-damage|p2a: Ferrothorn|94/100|[from] Stealth Rock
|
|-weather|SunnyDay|[upkeep]
|-heal|p1a: All Apologies|47/100|[from] item: Leftovers
|-heal|p2a: Ferrothorn|100/100|[from] item: Leftovers
|upkeep
|turn|21
|
|t:|1717269795
|switch|p2a: Blissey|Blissey, F|89/100
|-damage|p2a: Blissey|77/100|[from] Stealth Rock
|move|p1a: All Apologies|Pain Split|p2a: Blissey
|-sethp|p2a: Blissey|49/100|[from] move: Pain Split|[silent]
|-sethp|p1a: All Apologies|100/100|[from] move: Pain Split
|
|-weather|SunnyDay|[upkeep]
|-heal|p2a: Blissey|55/100|[from] item: Leftovers
|upkeep
|turn|22
|
|t:|1717269803
|switch|p1a: Maxilos|Scizor, F|100/100
|switch|p2a: Latios|Latios, M|100/100
|-damage|p2a: Latios|88/100|[from] Stealth Rock
|
|-weather|SunnyDay|[upkeep]
|upkeep
|turn|23
|
|t:|1717269811
|move|p2a: Latios|Trick|p1a: Maxilos
|-activate|p2a: Latios|move: Trick|[of] p1a: Maxilos
|-item|p1a: Maxilos|Choice Specs|[from] move: Trick
|-item|p2a: Latios|Leftovers|[from] move: Trick
|move|p1a: Maxilos|U-turn|p2a: Latios
|-supereffective|p2a: Latios
|-damage|p2a: Latios|0 fnt
|faint|p2a: Latios
|
|t:|1717269826
|switch|p1a: arclight|Zapdos, shiny|82/100|[from] U-turn
|-ability|p1a: arclight|Pressure
|
|-weather|SunnyDay|[upkeep]
|-heal|p1a: arclight|88/100|[from] item: Leftovers
|upkeep
|
|t:|1717269831
|switch|p2a: Ferrothorn|Ferrothorn, M|100/100
|-damage|p2a: Ferrothorn|94/100|[from] Stealth Rock
|turn|24
|
|t:|1717269841
|switch|p1a: drippy birb|Xatu, M, shiny|91/100
|switch|p2a: Gyarados|Gyarados, M|100/100
|-damage|p2a: Gyarados|76/100|[from] Stealth Rock
|-ability|p2a: Gyarados|Intimidate|boost
|-unboost|p1a: drippy birb|atk|1
|
|-weather|SunnyDay|[upkeep]
|-heal|p2a: Gyarados|82/100|[from] item: Leftovers
|upkeep
|turn|25
|
|t:|1717269845
|move|p1a: drippy birb|Reflect|p1a: drippy birb
|-sidestart|p1: Excaliburn88tests|Reflect
|move|p2a: Gyarados|Substitute|p2a: Gyarados
|-start|p2a: Gyarados|Substitute
|-damage|p2a: Gyarados|57/100
|
|-weather|SunnyDay|[upkeep]
|-heal|p2a: Gyarados|63/100|[from] item: Leftovers
|upkeep
|turn|26
|
|t:|1717269848
|move|p1a: drippy birb|Night Shade|p2a: Gyarados
|-end|p2a: Gyarados|Substitute
|move|p2a: Gyarados|Dragon Dance|p2a: Gyarados
|-boost|p2a: Gyarados|atk|1
|-boost|p2a: Gyarados|spe|1
|
|-weather|SunnyDay|[upkeep]
|-heal|p2a: Gyarados|69/100|[from] item: Leftovers
|upkeep
|turn|27
|
|t:|1717269850
|move|p2a: Gyarados|Substitute|p2a: Gyarados
|-start|p2a: Gyarados|Substitute
|-damage|p2a: Gyarados|44/100
|move|p1a: drippy birb|Night Shade|p2a: Gyarados
|-end|p2a: Gyarados|Substitute
|
|-weather|SunnyDay|[upkeep]
|-heal|p2a: Gyarados|51/100|[from] item: Leftovers
|upkeep
|turn|28
|
|t:|1717269852
|move|p2a: Gyarados|Dragon Dance|p2a: Gyarados
|-boost|p2a: Gyarados|atk|1
|-boost|p2a: Gyarados|spe|1
|move|p1a: drippy birb|Night Shade|p2a: Gyarados
|-damage|p2a: Gyarados|22/100
|
|-weather|SunnyDay|[upkeep]
|-heal|p2a: Gyarados|29/100|[from] item: Leftovers
|upkeep
|turn|29
|
|t:|1717269856
|move|p2a: Gyarados|Bounce||[still]
|-prepare|p2a: Gyarados|Bounce
|move|p1a: drippy birb|Night Shade|p2a: Gyarados|[miss]
|-miss|p1a: drippy birb|p2a: Gyarados
|
|-weather|SunnyDay|[upkeep]
|-heal|p2a: Gyarados|35/100|[from] item: Leftovers
|-sideend|p1: Excaliburn88tests|Reflect
|upkeep
|turn|30
|
|t:|1717269871
|move|p2a: Gyarados|Bounce|p1a: drippy birb|[from]lockedmove|[miss]
|-miss|p2a: Gyarados|p1a: drippy birb
|move|p1a: drippy birb|Night Shade|p2a: Gyarados
|-damage|p2a: Gyarados|6/100
|
|-weather|SunnyDay|[upkeep]
|-heal|p2a: Gyarados|13/100|[from] item: Leftovers
|upkeep
|turn|31
|
|t:|1717269877
|move|p2a: Gyarados|Bounce||[still]
|-prepare|p2a: Gyarados|Bounce
|move|p1a: drippy birb|Reflect|p1a: drippy birb
|-sidestart|p1: Excaliburn88tests|Reflect
|
|-weather|SunnyDay|[upkeep]
|-heal|p2a: Gyarados|19/100|[from] item: Leftovers
|upkeep
|turn|32
|
|t:|1717269880
|move|p2a: Gyarados|Bounce|p1a: drippy birb|[from]lockedmove
|-damage|p1a: drippy birb|45/100
|-damage|p2a: Gyarados|2/100|[from] item: Rocky Helmet|[of] p1a: drippy birb
|move|p1a: drippy birb|Roost|p1a: drippy birb
|-heal|p1a: drippy birb|95/100
|-singleturn|p1a: drippy birb|move: Roost
|
|-weather|SunnyDay|[upkeep]
|-heal|p2a: Gyarados|9/100|[from] item: Leftovers
|upkeep
|turn|33
|
|t:|1717269887
|move|p2a: Gyarados|Bounce||[still]
|-prepare|p2a: Gyarados|Bounce
|move|p1a: drippy birb|Night Shade|p2a: Gyarados|[miss]
|-miss|p1a: drippy birb|p2a: Gyarados
|
|-weather|SunnyDay|[upkeep]
|-heal|p2a: Gyarados|15/100|[from] item: Leftovers
|upkeep
|turn|34
|
|t:|1717269891
|move|p2a: Gyarados|Bounce|p1a: drippy birb|[from]lockedmove
|-damage|p1a: drippy birb|45/100
|-damage|p2a: Gyarados|0 fnt|[from] item: Rocky Helmet|[of] p1a: drippy birb
|faint|p2a: Gyarados
|move|p1a: drippy birb|Roost|p1a: drippy birb
|-heal|p1a: drippy birb|95/100
|-singleturn|p1a: drippy birb|move: Roost
|
|-weather|SunnyDay|[upkeep]
|upkeep
|-message|WindWeavile forfeited.
|
|win|Excaliburn88tests
|raw|Excaliburn88tests's rating: 1434 &rarr; <strong>1449</strong><br />(+15 for winning)
|raw|WindWeavile's rating: 1347 &rarr; <strong>1332</strong><br />(-15 for losing)
|l|☆WindWeavile
|player|p2|
