|j|‽9TEnTaCLeSurPriSe
|j|☆ArgenPolmerica
|t:|1743283536
|gametype|singles
|player|p1|9TEnTaCLeSurPriSe|n|1377
|player|p2|ArgenPolmerica|lucas|1303
|teamsize|p1|6
|teamsize|p2|6
|gen|5
|tier|[Gen 5] OU
|rated|
|rule|Species Clause: Limit one of each Pokémon
|rule|OHKO Clause: OHKO moves are banned
|rule|Moody Clause: Moody is banned
|rule|Evasion Items Clause: Evasion items are banned
|rule|Evasion Moves Clause: Evasion moves are banned
|rule|Endless Battle Clause: Forcing endless battles is banned
|rule|HP Percentage Mod: HP is shown in percentages
|rule|Evasion Abilities Clause: Evasion abilities are banned
|rule|Sleep Moves Clause: Sleep-inducing moves are banned
|rule|Swagger Clause: Swagger is banned
|rule|Baton Pass Stat Clause: No Baton Passer may have a way to boost its stats
|clearpoke
|poke|p1|Abomasnow, M|item
|poke|p1|Latios, M|item
|poke|p1|Garchomp, M|item
|poke|p1|Jirachi|item
|poke|p1|Kyurem-Black|item
|poke|p1|Reuniclus, M|item
|poke|p2|Dragonite, F|item
|poke|p2|Garchomp, F|item
|poke|p2|Heatran, F|item
|poke|p2|Latios, M|item
|poke|p2|Keldeo|item
|poke|p2|Excadrill, F|item
|teampreview
|inactive|Battle timer is ON: inactive players will automatically lose when time's up. (requested by 9TEnTaCLeSurPriSe)
|
|t:|1743283561
|start
|switch|p1a: Abomasnow|Abomasnow, M|100/100
|switch|p2a: Heatran|Heatran, F|100/100
|-weather|Hail|[from] ability: Snow Warning|[of] p1a: Abomasnow
|turn|1
|
|t:|1743283582
|switch|p1a: Garchomp|Garchomp, M|100/100
|move|p2a: Heatran|Stealth Rock|p1a: Garchomp
|-sidestart|p1: 9TEnTaCLeSurPriSe|move: Stealth Rock
|
|-weather|Hail|[upkeep]
|-damage|p1a: Garchomp|94/100|[from] Hail
|-damage|p2a: Heatran|94/100|[from] Hail
|-heal|p2a: Heatran|100/100|[from] item: Leftovers
|upkeep
|turn|2
|
|t:|1743283607
|move|p2a: Heatran|Protect|p2a: Heatran
|-singleturn|p2a: Heatran|Protect
|move|p1a: Garchomp|Earthquake|p2a: Heatran
|-activate|p2a: Heatran|move: Protect
|
|-weather|Hail|[upkeep]
|-damage|p1a: Garchomp|88/100|[from] Hail
|-damage|p2a: Heatran|94/100|[from] Hail
|-heal|p2a: Heatran|100/100|[from] item: Leftovers
|upkeep
|turn|3
|inactive|9TEnTaCLeSurPriSe has 120 seconds left.
|
|t:|1743283623
|switch|p1a: Abomasnow|Abomasnow, M|100/100
|-damage|p1a: Abomasnow|76/100|[from] Stealth Rock
|switch|p2a: Latios|Latios, M|100/100
|
|-weather|Hail|[upkeep]
|-damage|p2a: Latios|95/100|[from] Hail
|upkeep
|turn|4
|inactive|9TEnTaCLeSurPriSe has 120 seconds left.
|
|t:|1743283637
|move|p1a: Abomasnow|Ice Shard|p2a: Latios
|-supereffective|p2a: Latios
|-damage|p2a: Latios|57/100
|move|p2a: Latios|Draco Meteor|p1a: Abomasnow
|-damage|p1a: Abomasnow|0 fnt
|-unboost|p2a: Latios|spa|2
|faint|p1a: Abomasnow
|
|-weather|Hail|[upkeep]
|-damage|p2a: Latios|51/100|[from] Hail
|upkeep
|inactive|9TEnTaCLeSurPriSe has 120 seconds left.
|
|t:|1743283645
|switch|p1a: Jirachi|Jirachi|100/100
|-damage|p1a: Jirachi|94/100|[from] Stealth Rock
|turn|5
|
|t:|1743283650
|switch|p2a: Heatran|Heatran, F|100/100
|move|p1a: Jirachi|Stealth Rock|p2a: Heatran
|-sidestart|p2: ArgenPolmerica|move: Stealth Rock
|
|-weather|Hail|[upkeep]
|-damage|p1a: Jirachi|88/100|[from] Hail
|-damage|p2a: Heatran|94/100|[from] Hail
|-heal|p2a: Heatran|100/100|[from] item: Leftovers
|upkeep
|turn|6
|
|t:|1743283661
|switch|p1a: Garchomp|Garchomp, M|88/100
|-damage|p1a: Garchomp|82/100|[from] Stealth Rock
|move|p2a: Heatran|Lava Plume|p1a: Garchomp
|-resisted|p1a: Garchomp
|-crit|p1a: Garchomp
|-damage|p1a: Garchomp|42/100
|
|-weather|Hail|[upkeep]
|-damage|p1a: Garchomp|36/100|[from] Hail
|-damage|p2a: Heatran|94/100|[from] Hail
|-heal|p2a: Heatran|100/100|[from] item: Leftovers
|upkeep
|turn|7
|
|t:|1743283677
|switch|p1a: Reuniclus|Reuniclus, M, shiny|100/100
|move|p2a: Heatran|Protect||[still]
|-fail|p2a: Heatran
|
|-weather|Hail|[upkeep]
|-damage|p2a: Heatran|94/100|[from] Hail
|-heal|p2a: Heatran|100/100|[from] item: Leftovers
|upkeep
|turn|8
|
|t:|1743283681
|move|p2a: Heatran|Lava Plume|p1a: Reuniclus
|-damage|p1a: Reuniclus|68/100
|move|p1a: Reuniclus|Calm Mind|p1a: Reuniclus
|-boost|p1a: Reuniclus|spa|1
|-boost|p1a: Reuniclus|spd|1
|
|-weather|Hail|[upkeep]
|-damage|p2a: Heatran|94/100|[from] Hail
|-heal|p2a: Heatran|100/100|[from] item: Leftovers
|-heal|p1a: Reuniclus|75/100|[from] item: Leftovers
|upkeep
|turn|9
|
|t:|1743283685
|move|p1a: Reuniclus|Recover|p1a: Reuniclus
|-heal|p1a: Reuniclus|100/100
|move|p2a: Heatran|Roar|p1a: Reuniclus
|drag|p1a: Jirachi|Jirachi|88/100
|-damage|p1a: Jirachi|82/100|[from] Stealth Rock
|
|-weather|Hail|[upkeep]
|-damage|p1a: Jirachi|76/100|[from] Hail
|-damage|p2a: Heatran|94/100|[from] Hail
|-heal|p2a: Heatran|100/100|[from] item: Leftovers
|upkeep
|turn|10
|
|t:|1743283715
|move|p1a: Jirachi|Iron Head|p2a: Heatran
|-resisted|p2a: Heatran
|-damage|p2a: Heatran|95/100
|move|p2a: Heatran|Lava Plume|p1a: Jirachi
|-supereffective|p1a: Jirachi
|-damage|p1a: Jirachi|26/100
|-enditem|p1a: Jirachi|Sitrus Berry|[eat]
|-heal|p1a: Jirachi|51/100|[from] item: Sitrus Berry
|
|-weather|Hail|[upkeep]
|-damage|p1a: Jirachi|45/100|[from] Hail
|-damage|p2a: Heatran|89/100|[from] Hail
|-heal|p2a: Heatran|95/100|[from] item: Leftovers
|upkeep
|turn|11
|
|t:|1743283727
|switch|p1a: Reuniclus|Reuniclus, M, shiny|100/100
|move|p2a: Heatran|Lava Plume|p1a: Reuniclus
|-damage|p1a: Reuniclus|69/100
|-status|p1a: Reuniclus|brn
|
|-weather|Hail|[upkeep]
|-damage|p2a: Heatran|89/100|[from] Hail
|-heal|p2a: Heatran|95/100|[from] item: Leftovers
|-heal|p1a: Reuniclus|75/100 brn|[from] item: Leftovers
|upkeep
|turn|12
|
|t:|1743283743
|move|p1a: Reuniclus|Focus Blast|p2a: Heatran|[miss]
|-miss|p1a: Reuniclus|p2a: Heatran
|move|p2a: Heatran|Roar|p1a: Reuniclus
|drag|p1a: Kyurem|Kyurem-Black|100/100
|-damage|p1a: Kyurem|76/100|[from] Stealth Rock
|-ability|p1a: Kyurem|Teravolt
|
|-weather|Hail|[upkeep]
|-damage|p2a: Heatran|89/100|[from] Hail
|-heal|p2a: Heatran|95/100|[from] item: Leftovers
|upkeep
|turn|13
|
|t:|1743283758
|move|p1a: Kyurem|Fusion Bolt|p2a: Heatran
|-damage|p2a: Heatran|54/100
|move|p2a: Heatran|Lava Plume|p1a: Kyurem
|-damage|p1a: Kyurem|44/100
|-status|p1a: Kyurem|brn
|
|-weather|Hail|[upkeep]
|-damage|p2a: Heatran|48/100|[from] Hail
|-heal|p2a: Heatran|54/100|[from] item: Leftovers
|-damage|p1a: Kyurem|32/100 brn|[from] brn
|upkeep
|turn|14
|
|t:|1743283771
|move|p2a: Heatran|Protect|p2a: Heatran
|-singleturn|p2a: Heatran|Protect
|move|p1a: Kyurem|Freeze Shock||[still]
|-prepare|p1a: Kyurem|Freeze Shock
|-enditem|p1a: Kyurem|Power Herb
|-anim|p1a: Kyurem|Freeze Shock|p2a: Heatran
|-activate|p2a: Heatran|move: Protect
|
|-weather|Hail|[upkeep]
|-damage|p2a: Heatran|48/100|[from] Hail
|-heal|p2a: Heatran|54/100|[from] item: Leftovers
|-damage|p1a: Kyurem|20/100 brn|[from] brn
|upkeep
|turn|15
|
|t:|1743283783
|move|p1a: Kyurem|Outrage|p2a: Heatran
|-resisted|p2a: Heatran
|-damage|p2a: Heatran|38/100
|move|p2a: Heatran|Lava Plume|p1a: Kyurem
|-damage|p1a: Kyurem|0 fnt
|faint|p1a: Kyurem
|
|-weather|Hail|[upkeep]
|-damage|p2a: Heatran|31/100|[from] Hail
|-heal|p2a: Heatran|38/100|[from] item: Leftovers
|upkeep
|
|t:|1743283789
|switch|p1a: Reuniclus|Reuniclus, M, shiny|75/100 brn
|turn|16
|
|t:|1743283793
|move|p1a: Reuniclus|Focus Blast|p2a: Heatran|[miss]
|-miss|p1a: Reuniclus|p2a: Heatran
|move|p2a: Heatran|Roar|p1a: Reuniclus
|drag|p1a: Jirachi|Jirachi|45/100
|-damage|p1a: Jirachi|39/100|[from] Stealth Rock
|
|-weather|Hail|[upkeep]
|-damage|p1a: Jirachi|33/100|[from] Hail
|-damage|p2a: Heatran|31/100|[from] Hail
|-heal|p2a: Heatran|38/100|[from] item: Leftovers
|upkeep
|turn|17
|
|t:|1743283805
|switch|p1a: Reuniclus|Reuniclus, M, shiny|75/100 brn
|move|p2a: Heatran|Lava Plume|p1a: Reuniclus
|-crit|p1a: Reuniclus
|-damage|p1a: Reuniclus|8/100 brn
|
|-weather|Hail|[upkeep]
|-damage|p2a: Heatran|31/100|[from] Hail
|-heal|p2a: Heatran|38/100|[from] item: Leftovers
|-heal|p1a: Reuniclus|14/100 brn|[from] item: Leftovers
|upkeep
|turn|18
|
|t:|1743283815
|move|p2a: Heatran|Lava Plume|p1a: Reuniclus
|-damage|p1a: Reuniclus|0 fnt
|faint|p1a: Reuniclus
|
|-weather|Hail|[upkeep]
|-damage|p2a: Heatran|31/100|[from] Hail
|-heal|p2a: Heatran|38/100|[from] item: Leftovers
|upkeep
|-message|9TEnTaCLeSurPriSe forfeited.
|
|win|ArgenPolmerica
|raw|9TEnTaCLeSurPriSe's rating: 1377 &rarr; <strong>1353</strong><br />(-24 for losing)
|raw|ArgenPolmerica's rating: 1303 &rarr; <strong>1327</strong><br />(+24 for winning)
|l|‽9TEnTaCLeSurPriSe
|player|p1|
