|j|☆sidis
|j|☆testbwou
|t:|1708662132
|gametype|singles
|player|p1|sidis|iris-gen5bw2|1326
|player|p2|testbwou|2|1356
|teamsize|p1|6
|teamsize|p2|6
|gen|5
|tier|[Gen 5] OU
|rated|
|rule|Species Clause: Limit one of each Pokémon
|rule|OHKO Clause: OHKO moves are banned
|rule|Moody Clause: Moody is banned
|rule|Evasion Items Clause: Evasion items are banned
|rule|Evasion Moves Clause: Evasion moves are banned
|rule|Endless Battle Clause: Forcing endless battles is banned
|rule|HP Percentage Mod: HP is shown in percentages
|rule|Evasion Abilities Clause: Evasion abilities are banned
|rule|Sleep Moves Clause: Sleep-inducing moves are banned
|rule|Swagger Clause: Swagger is banned
|rule|Baton Pass Stat Clause: No Baton Passer may have a way to boost its stats
|clearpoke
|poke|p1|Scizor, M|item
|poke|p1|Rotom-Wash|item
|poke|p1|Latios, M|item
|poke|p1|Dragonite, M|item
|poke|p1|Azelf|item
|poke|p1|Starmie|item
|poke|p2|Riolu, F|item
|poke|p2|Forretress, F|item
|poke|p2|Shedinja|item
|poke|p2|Politoed, F|item
|poke|p2|Gengar, F|item
|poke|p2|Starmie|item
|teampreview
|inactive|Battle timer is ON: inactive players will automatically lose when time's up. (requested by testbwou)
|
|t:|1708662159
|start
|switch|p1a: Azelf|Azelf|100/100
|switch|p2a: Forretress|Forretress, F|100/100
|turn|1
|
|t:|1708662161
|move|p1a: Azelf|Fire Blast|p2a: Forretress
|-supereffective|p2a: Forretress
|-ability|p2a: Forretress|Sturdy
|-damage|p2a: Forretress|1/100
|move|p2a: Forretress|Stealth Rock|p1a: Azelf
|-sidestart|p1: sidis|move: Stealth Rock
|
|upkeep
|turn|2
|-enditem|p2a: Forretress|Custap Berry|[eat]
|-activate|p2a: Forretress|item: Custap Berry|[consumed]
|
|t:|1708662164
|move|p2a: Forretress|Spikes|p1a: Azelf
|-sidestart|p1: sidis|Spikes
|move|p1a: Azelf|Stealth Rock|p2a: Forretress
|-sidestart|p2: testbwou|move: Stealth Rock
|
|upkeep
|turn|3
|
|t:|1708662170
|move|p1a: Azelf|Psyshock|p2a: Forretress
|-resisted|p2a: Forretress
|-damage|p2a: Forretress|0 fnt
|faint|p2a: Forretress
|
|upkeep
|
|t:|1708662173
|switch|p2a: Starmie|Starmie|100/100
|-damage|p2a: Starmie|88/100|[from] Stealth Rock
|turn|4
|
|t:|1708662180
|move|p1a: Azelf|Thunder|p2a: Starmie
|-supereffective|p2a: Starmie
|-damage|p2a: Starmie|0 fnt
|faint|p2a: Starmie
|
|upkeep
|
|t:|1708662197
|switch|p2a: Politoed|Politoed, F|100/100
|-damage|p2a: Politoed|88/100|[from] Stealth Rock
|-weather|RainDance|[from] ability: Drizzle|[of] p2a: Politoed
|turn|5
|
|t:|1708662199
|move|p2a: Politoed|Surf|p1a: Azelf
|-damage|p1a: Azelf|3/100
|move|p1a: Azelf|Thunder|p2a: Politoed
|-supereffective|p2a: Politoed
|-damage|p2a: Politoed|3/100
|
|-weather|RainDance|[upkeep]
|upkeep
|turn|6
|
|t:|1708662202
|move|p2a: Politoed|Surf|p1a: Azelf
|-damage|p1a: Azelf|0 fnt
|faint|p1a: Azelf
|
|-weather|RainDance|[upkeep]
|upkeep
|
|t:|1708662208
|switch|p1a: Scizor|Scizor, M|100/100
|-damage|p1a: Scizor|88/100|[from] Stealth Rock
|-damage|p1a: Scizor|76/100|[from] Spikes
|turn|7
|
|t:|1708662211
|move|p1a: Scizor|Bullet Punch|p2a: Politoed
|-resisted|p2a: Politoed
|-damage|p2a: Politoed|0 fnt
|faint|p2a: Politoed
|
|-weather|RainDance|[upkeep]
|upkeep
|
|t:|1708662216
|switch|p2a: Riolu|Riolu, F|100/100
|-damage|p2a: Riolu|95/100|[from] Stealth Rock
|turn|8
|
|t:|1708662217
|move|p1a: Scizor|Bullet Punch|p2a: Riolu
|-damage|p2a: Riolu|5/100
|move|p2a: Riolu|Roar|p1a: Scizor
|drag|p1a: Latios|Latios, M|100/100
|-damage|p1a: Latios|88/100|[from] Stealth Rock
|
|-weather|RainDance|[upkeep]
|upkeep
|turn|9
|
|t:|1708662223
|move|p2a: Riolu|Copycat|p2a: Riolu
|move|p2a: Riolu|Roar|p1a: Latios|[from]move: Copycat
|drag|p1a: Rotom|Rotom-Wash|100/100
|-damage|p1a: Rotom|88/100|[from] Stealth Rock
|
|-weather|RainDance|[upkeep]
|upkeep
|turn|10
|
|t:|1708662226
|move|p2a: Riolu|Copycat|p2a: Riolu
|move|p2a: Riolu|Roar|p1a: Rotom|[from]move: Copycat
|drag|p1a: Latios|Latios, M|88/100
|-damage|p1a: Latios|76/100|[from] Stealth Rock
|
|-weather|RainDance|[upkeep]
|upkeep
|turn|11
|
|t:|1708662229
|move|p2a: Riolu|Copycat|p2a: Riolu
|move|p2a: Riolu|Roar|p1a: Latios|[from]move: Copycat
|drag|p1a: Rotom|Rotom-Wash|88/100
|-damage|p1a: Rotom|76/100|[from] Stealth Rock
|
|-weather|RainDance|[upkeep]
|upkeep
|turn|12
|
|t:|1708662231
|move|p2a: Riolu|Copycat|p2a: Riolu
|move|p2a: Riolu|Roar|p1a: Rotom|[from]move: Copycat
|drag|p1a: Starmie|Starmie|100/100
|-damage|p1a: Starmie|88/100|[from] Stealth Rock
|-damage|p1a: Starmie|76/100|[from] Spikes
|
|-weather|RainDance|[upkeep]
|upkeep
|turn|13
|
|t:|1708662233
|move|p2a: Riolu|Copycat|p2a: Riolu
|move|p2a: Riolu|Roar|p1a: Starmie|[from]move: Copycat
|drag|p1a: Rotom|Rotom-Wash|76/100
|-damage|p1a: Rotom|64/100|[from] Stealth Rock
|
|-weather|RainDance|[upkeep]
|upkeep
|turn|14
|
|t:|1708662237
|move|p2a: Riolu|Copycat|p2a: Riolu
|move|p2a: Riolu|Roar|p1a: Rotom|[from]move: Copycat
|drag|p1a: Scizor|Scizor, M|76/100
|-damage|p1a: Scizor|63/100|[from] Stealth Rock
|-damage|p1a: Scizor|51/100|[from] Spikes
|
|-weather|RainDance|[upkeep]
|upkeep
|turn|15
|
|t:|1708662238
|move|p1a: Scizor|Bullet Punch|p2a: Riolu
|-damage|p2a: Riolu|0 fnt
|faint|p2a: Riolu
|
|-weather|RainDance|[upkeep]
|upkeep
|
|t:|1708662241
|switch|p2a: Gengar|Gengar, F|100/100
|-damage|p2a: Gengar|88/100|[from] Stealth Rock
|turn|16
|
|t:|1708662244
|move|p1a: Scizor|Bullet Punch|p2a: Gengar
|-damage|p2a: Gengar|20/100
|move|p2a: Gengar|Thunderbolt|p1a: Scizor
|-damage|p1a: Scizor|0 fnt
|faint|p1a: Scizor
|-damage|p2a: Gengar|10/100|[from] item: Life Orb
|
|-weather|RainDance|[upkeep]
|upkeep
|
|t:|1708662248
|switch|p1a: Starmie|Starmie|76/100
|-damage|p1a: Starmie|64/100|[from] Stealth Rock
|-damage|p1a: Starmie|51/100|[from] Spikes
|turn|17
|
|t:|1708662250
|switch|p2a: Shedinja|Shedinja|100/100
|-damage|p2a: Shedinja|0 fnt|[from] Stealth Rock
|faint|p2a: Shedinja
|move|p1a: Starmie|Psyshock|p2: Shedinja|[notarget]
|-fail|p1a: Starmie
|
|-weather|RainDance|[upkeep]
|upkeep
|
|t:|1708662251
|switch|p2a: Gengar|Gengar, F|10/100
|-damage|p2a: Gengar|0 fnt|[from] Stealth Rock
|faint|p2a: Gengar
|
|win|sidis
|raw|sidis's rating: 1326 &rarr; <strong>1348</strong><br />(+22 for winning)
|raw|testbwou's rating: 1356 &rarr; <strong>1334</strong><br />(-22 for losing)
|l|☆testbwou
|player|p2|
