|j|☆uncertainty of tmr
|j|☆nice succ
|player|p1|uncertainty of tmr|50|1480
|player|p2|nice succ|233|1335
|teamsize|p1|6
|teamsize|p2|6
|gametype|singles
|gen|5
|tier|[Gen 5] OU
|rated|
|rule|Sleep Clause Mod: Limit one foe put to sleep
|rule|Species Clause: Limit one of each Pokémon
|rule|OHKO Clause: OHKO moves are banned
|rule|Moody Clause: Moody is banned
|rule|Evasion Moves Clause: Evasion moves are banned
|rule|Endless Battle Clause: Forcing endless battles is banned
|rule|HP Percentage Mod: HP is shown in percentages
|rule|Evasion Abilities Clause: Evasion abilities are banned
|rule|Baton Pass Clause: Limit one Baton Passer, can't pass Spe and other stats simultaneously
|rule|Swagger Clause: Swagger is banned
|clearpoke
|poke|p1|Gengar, F|item
|poke|p1|Dragonite, M|item
|poke|p1|Alakazam, M|item
|poke|p1|Toxicroak, M|item
|poke|p1|Skarmory, M|item
|poke|p1|Scizor, M|item
|poke|p2|Tyranitar, M|item
|poke|p2|Latios, M|item
|poke|p2|Magnezone|item
|poke|p2|Amoonguss, F|item
|poke|p2|Skarmory, M|item
|poke|p2|Garchomp, M|item
|teampreview
|
|start
|switch|p1a: Skarmory|Skarmory, M|100/100
|switch|p2a: Magnezone|Magnezone|100/100
|turn|1
|
|move|p2a: Magnezone|Thunderbolt|p1a: Skarmory
|-supereffective|p1a: Skarmory
|-ability|p1a: Skarmory|Sturdy
|-damage|p1a: Skarmory|1/100
|-status|p1a: Skarmory|par
|move|p1a: Skarmory|Stealth Rock|p2a: Magnezone
|-sidestart|p2: nice succ|move: Stealth Rock
|
|upkeep
|turn|2
|-enditem|p1a: Skarmory|Custap Berry|[eat]
|-activate|p1a: Skarmory|item: Custap Berry|[consumed]
|
|move|p1a: Skarmory|Spikes|p2a: Magnezone
|-sidestart|p2: nice succ|Spikes
|move|p2a: Magnezone|Thunderbolt|p1a: Skarmory
|-supereffective|p1a: Skarmory
|-damage|p1a: Skarmory|0 fnt
|faint|p1a: Skarmory
|
|upkeep
|
|switch|p1a: Toxicroak|Toxicroak, M|100/100
|turn|3
|
|switch|p2a: Skarmory|Skarmory, M|100/100
|-damage|p2a: Skarmory|88/100|[from] Stealth Rock
|move|p1a: Toxicroak|Drain Punch|p2a: Skarmory
|-damage|p2a: Skarmory|60/100
|-damage|p1a: Toxicroak|84/100|[from] item: Rocky Helmet|[of] p2a: Skarmory
|-damage|p1a: Toxicroak|74/100|[from] item: Life Orb
|
|upkeep
|turn|4
|
|move|p1a: Toxicroak|Swords Dance|p1a: Toxicroak
|-boost|p1a: Toxicroak|atk|2
|move|p2a: Skarmory|Defog|p1a: Toxicroak
|-unboost|p1a: Toxicroak|evasion|1
|
|upkeep
|turn|5
|inactive|Battle timer is ON: inactive players will automatically lose when time's up. (requested by uncertainty of tmr)
|c|☆nice succ|lol wait
|
|move|p1a: Toxicroak|Drain Punch|p2a: Skarmory
|-damage|p2a: Skarmory|5/100
|-heal|p1a: Toxicroak|100/100|[from] drain|[of] p2a: Skarmory
|-damage|p1a: Toxicroak|84/100|[from] item: Rocky Helmet|[of] p2a: Skarmory
|-damage|p1a: Toxicroak|74/100|[from] item: Life Orb
|move|p2a: Skarmory|Whirlwind|p1a: Toxicroak
|drag|p1a: Scizor|Scizor, M|100/100
|
|upkeep
|turn|6
|c|☆uncertainty of tmr|Is this ur gen 8 team?
|c|☆nice succ|im retarded
|c|☆uncertainty of tmr|Ik
|inactive|nice succ has 120 seconds left.
|c|☆nice succ|lol no I just made it lmao
|
|move|p2a: Skarmory|Spikes|p1a: Scizor
|-sidestart|p1: uncertainty of tmr|Spikes
|move|p1a: Scizor|Superpower|p2a: Skarmory
|-damage|p2a: Skarmory|0 fnt
|-damage|p1a: Scizor|84/100|[from] item: Rocky Helmet|[of] p2a: Skarmory
|-unboost|p1a: Scizor|atk|1
|-unboost|p1a: Scizor|def|1
|faint|p2a: Skarmory
|
|upkeep
|
|switch|p2a: Magnezone|Magnezone|100/100
|-damage|p2a: Magnezone|94/100|[from] Stealth Rock
|-damage|p2a: Magnezone|82/100|[from] Spikes
|turn|7
|
|move|p2a: Magnezone|Hidden Power|p1a: Scizor
|-supereffective|p1a: Scizor
|-damage|p1a: Scizor|0 fnt
|faint|p1a: Scizor
|
|upkeep
|
|switch|p1a: Dragonite|Dragonite, M|100/100
|turn|8
|
|switch|p2a: Amoonguss|Amoonguss, F|100/100
|-damage|p2a: Amoonguss|88/100|[from] Spikes
|-damage|p2a: Amoonguss|75/100|[from] Stealth Rock
|move|p1a: Dragonite|Dragon Dance|p1a: Dragonite
|-boost|p1a: Dragonite|atk|1
|-boost|p1a: Dragonite|spe|1
|
|-heal|p2a: Amoonguss|82/100|[from] item: Black Sludge
|upkeep
|turn|9
|
|move|p1a: Dragonite|Dragon Dance|p1a: Dragonite
|-boost|p1a: Dragonite|atk|1
|-boost|p1a: Dragonite|spe|1
|move|p2a: Amoonguss|Spore|p1a: Dragonite
|-status|p1a: Dragonite|slp|[from] move: Spore
|-enditem|p1a: Dragonite|Lum Berry|[eat]
|-curestatus|p1a: Dragonite|slp|[msg]
|
|-heal|p2a: Amoonguss|88/100|[from] item: Black Sludge
|upkeep
|turn|10
|
|move|p1a: Dragonite|Dragon Dance|p1a: Dragonite
|-boost|p1a: Dragonite|atk|1
|-boost|p1a: Dragonite|spe|1
|move|p2a: Amoonguss|Clear Smog|p1a: Dragonite
|-damage|p1a: Dragonite|92/100
|-clearboost|p1a: Dragonite
|
|-heal|p2a: Amoonguss|94/100|[from] item: Black Sludge
|upkeep
|turn|11
|c|☆nice succ|nice play
|c|☆nice succ|lul
|
|move|p1a: Dragonite|Outrage|p2a: Amoonguss
|-damage|p2a: Amoonguss|25/100
|move|p2a: Amoonguss|Spore|p1a: Dragonite
|-status|p1a: Dragonite|slp|[from] move: Spore
|
|-heal|p2a: Amoonguss|31/100|[from] item: Black Sludge
|upkeep
|turn|12
|
|switch|p2a: Latios|Latios, M|100/100
|-damage|p2a: Latios|88/100|[from] Stealth Rock
|cant|p1a: Dragonite|slp
|
|upkeep
|turn|13
|
|move|p2a: Latios|Psyshock|p1a: Dragonite
|-damage|p1a: Dragonite|20/100 slp
|cant|p1a: Dragonite|slp
|
|upkeep
|turn|14
|
|cant|p1a: Dragonite|slp
|move|p2a: Latios|Psyshock|p1a: Dragonite
|-crit|p1a: Dragonite
|-damage|p1a: Dragonite|0 fnt
|faint|p1a: Dragonite
|
|upkeep
|
|switch|p1a: Alakazam|Alakazam, M|100/100
|turn|15
|c|☆uncertainty of tmr|You suck
|c|☆uncertainty of tmr|Missclick< not knowing a gens mechanics
|inactive|nice succ has 120 seconds left.
|c|☆nice succ|lmao thats why you lost
|
|switch|p2a: Amoonguss|Amoonguss, F|64/100
|-damage|p2a: Amoonguss|52/100|[from] Stealth Rock
|-damage|p2a: Amoonguss|39/100|[from] Spikes
|move|p1a: Alakazam|Shadow Ball|p2a: Amoonguss
|-crit|p2a: Amoonguss
|-damage|p2a: Amoonguss|2/100
|
|-heal|p2a: Amoonguss|8/100|[from] item: Black Sludge
|upkeep
|turn|16
|
|move|p1a: Alakazam|Shadow Ball|p2a: Amoonguss
|-damage|p2a: Amoonguss|0 fnt
|faint|p2a: Amoonguss
|
|upkeep
|inactive|nice succ has 120 seconds left.
|
|switch|p2a: Tyranitar|Tyranitar, M|100/100
|-damage|p2a: Tyranitar|88/100|[from] Spikes
|-damage|p2a: Tyranitar|76/100|[from] Stealth Rock
|-weather|Sandstorm|[from] ability: Sand Stream|[of] p2a: Tyranitar
|turn|17
|
|move|p1a: Alakazam|Focus Blast|p2a: Tyranitar
|-supereffective|p2a: Tyranitar
|-damage|p2a: Tyranitar|0 fnt
|faint|p2a: Tyranitar
|
|-weather|Sandstorm|[upkeep]
|upkeep
|
|switch|p2a: Magnezone|Magnezone|82/100
|-damage|p2a: Magnezone|70/100|[from] Spikes
|-damage|p2a: Magnezone|63/100|[from] Stealth Rock
|turn|18
|c|☆uncertainty of tmr|2x choke
|
|move|p1a: Alakazam|Focus Blast|p2a: Magnezone
|-supereffective|p2a: Magnezone
|-damage|p2a: Magnezone|0 fnt
|faint|p2a: Magnezone
|
|-weather|Sandstorm|[upkeep]
|upkeep
|c|☆uncertainty of tmr|3x
|c|☆uncertainty of tmr|Nice play lul
|c|☆nice succ|dude doesn't fear chople
|
|switch|p2a: Garchomp|Garchomp, M|100/100
|-damage|p2a: Garchomp|88/100|[from] Spikes
|-damage|p2a: Garchomp|82/100|[from] Stealth Rock
|turn|19
|j| solo dreamer
|c|☆uncertainty of tmr|I dont fear retards
|inactive|nice succ has 120 seconds left.
|c|☆nice succ|trys to choke on fat chodes
|
|move|p1a: Alakazam|Hidden Power|p2a: Garchomp
|-supereffective|p2a: Garchomp
|-enditem|p2a: Garchomp|Yache Berry|[eat]
|-enditem|p2a: Garchomp|Yache Berry|[weaken]
|-damage|p2a: Garchomp|25/100
|move|p2a: Garchomp|Earthquake|p1a: Alakazam
|-enditem|p1a: Alakazam|Focus Sash
|-damage|p1a: Alakazam|1/100
|
|-weather|Sandstorm|[upkeep]
|upkeep
|turn|20
|c|☆uncertainty of tmr|What should i do switch out on pursuit
|c|☆uncertainty of tmr|Hold le l
|
|move|p1a: Alakazam|Hidden Power|p2a: Garchomp
|-supereffective|p2a: Garchomp
|-crit|p2a: Garchomp
|-damage|p2a: Garchomp|0 fnt
|faint|p2a: Garchomp
|
|-weather|Sandstorm|[upkeep]
|upkeep
|c|☆uncertainty of tmr|So trasy
|c|☆uncertainty of tmr|Just drop the points
|l|☆nice succ
|inactive|nice succ disconnected and has a minute to reconnect!
|player|p2|
|c|☆uncertainty of tmr|>defog skarm
|j|☆nice succ
|inactive|nice succ reconnected and has 105 seconds left.
|player|p2|nice succ|233
|c|☆uncertainty of tmr|Came back
|c|☆uncertainty of tmr|To donate the points
|inactive|nice succ has 90 seconds left.
|c|☆nice succ|you have a whole ass toxicroak right there
|
|switch|p2a: Latios|Latios, M|88/100
|-damage|p2a: Latios|76/100|[from] Stealth Rock
|turn|21
|
|move|p1a: Alakazam|Shadow Ball|p2a: Latios
|-supereffective|p2a: Latios
|-damage|p2a: Latios|20/100
|-unboost|p2a: Latios|spd|1
|move|p2a: Latios|Psyshock|p1a: Alakazam
|-resisted|p1a: Alakazam
|-damage|p1a: Alakazam|0 fnt
|faint|p1a: Alakazam
|
|-weather|Sandstorm|[upkeep]
|-damage|p2a: Latios|14/100|[from] Sandstorm
|upkeep
|
|switch|p1a: Toxicroak|Toxicroak, M|74/100
|-damage|p1a: Toxicroak|62/100|[from] Spikes
|turn|22
|
|move|p1a: Toxicroak|Sucker Punch|p2a: Latios
|-supereffective|p2a: Latios
|-damage|p2a: Latios|0 fnt
|-damage|p1a: Toxicroak|52/100|[from] item: Life Orb
|faint|p2a: Latios
|
|win|uncertainty of tmr
|raw|uncertainty of tmr's rating: 1480 &rarr; <strong>1493</strong><br />(+13 for winning)
|raw|nice succ's rating: 1335 &rarr; <strong>1323</strong><br />(-12 for losing)
|c|☆uncertainty of tmr|Man
|l|☆nice succ
|c|☆uncertainty of tmr|1300
