|j|☆Valfirio
|j|☆radaty
|t:|1707404257
|gametype|singles
|player|p1|Valfirio|hilbert|1343
|player|p2|radaty|265|1513
|teamsize|p1|6
|teamsize|p2|6
|gen|5
|tier|[Gen 5] OU
|rated|
|rule|Species Clause: Limit one of each Pokémon
|rule|OHKO Clause: OHKO moves are banned
|rule|Moody Clause: Moody is banned
|rule|Evasion Items Clause: Evasion items are banned
|rule|Evasion Moves Clause: Evasion moves are banned
|rule|Endless Battle Clause: Forcing endless battles is banned
|rule|HP Percentage Mod: HP is shown in percentages
|rule|Evasion Abilities Clause: Evasion abilities are banned
|rule|Sleep Moves Clause: Sleep-inducing moves are banned
|rule|Swagger Clause: Swagger is banned
|rule|Baton Pass Stat Clause: No Baton Passer may have a way to boost its stats
|clearpoke
|poke|p1|Salamence, F|item
|poke|p1|Magnezone|item
|poke|p1|Haxorus, F|item
|poke|p1|Excadrill, F|item
|poke|p1|Jellicent, M|item
|poke|p1|Alakazam, M|item
|poke|p2|Chansey, F|item
|poke|p2|Xatu, F|item
|poke|p2|Sableye, F|item
|poke|p2|Quagsire, F|item
|poke|p2|Tentacruel, M|item
|poke|p2|Jirachi|item
|teampreview
|inactive|Battle timer is ON: inactive players will automatically lose when time's up. (requested by radaty)
|
|t:|1707404281
|start
|switch|p1a: Salamence|Salamence, F|100/100
|switch|p2a: Sableye|Sableye, F|100/100
|turn|1
|
|t:|1707404294
|move|p2a: Sableye|Will-O-Wisp|p1a: Salamence
|-status|p1a: Salamence|brn
|move|p1a: Salamence|Substitute|p1a: Salamence
|-start|p1a: Salamence|Substitute
|-damage|p1a: Salamence|76/100 brn
|
|-heal|p1a: Salamence|82/100 brn|[from] item: Leftovers
|-damage|p1a: Salamence|69/100 brn|[from] brn
|upkeep
|turn|2
|
|t:|1707404303
|switch|p2a: Tentacruel|Tentacruel, M|100/100
|move|p1a: Salamence|Dragon Dance|p1a: Salamence
|-boost|p1a: Salamence|atk|1
|-boost|p1a: Salamence|spe|1
|
|-heal|p1a: Salamence|75/100 brn|[from] item: Leftovers
|-damage|p1a: Salamence|63/100 brn|[from] brn
|upkeep
|turn|3
|
|t:|1707404312
|move|p2a: Tentacruel|Protect|p2a: Tentacruel
|-singleturn|p2a: Tentacruel|Protect
|move|p1a: Salamence|Earthquake|p2a: Tentacruel
|-activate|p2a: Tentacruel|move: Protect
|
|-heal|p1a: Salamence|69/100 brn|[from] item: Leftovers
|-damage|p1a: Salamence|57/100 brn|[from] brn
|upkeep
|turn|4
|
|t:|1707404320
|switch|p2a: Quagsire|Quagsire, F|100/100
|move|p1a: Salamence|Earthquake|p2a: Quagsire
|-damage|p2a: Quagsire|87/100
|
|-heal|p1a: Salamence|63/100 brn|[from] item: Leftovers
|-heal|p2a: Quagsire|93/100|[from] item: Leftovers
|-damage|p1a: Salamence|50/100 brn|[from] brn
|upkeep
|turn|5
|
|t:|1707404330
|move|p1a: Salamence|Dragon Claw|p2a: Quagsire
|-damage|p2a: Quagsire|75/100
|move|p2a: Quagsire|Scald|p1a: Salamence
|-resisted|p1a: Salamence
|-activate|p1a: Salamence|Substitute|[damage]
|
|-heal|p1a: Salamence|56/100 brn|[from] item: Leftovers
|-heal|p2a: Quagsire|81/100|[from] item: Leftovers
|-damage|p1a: Salamence|44/100 brn|[from] brn
|upkeep
|turn|6
|
|t:|1707404340
|move|p1a: Salamence|Dragon Claw|p2a: Quagsire
|-damage|p2a: Quagsire|65/100
|move|p2a: Quagsire|Scald|p1a: Salamence
|-resisted|p1a: Salamence
|-activate|p1a: Salamence|Substitute|[damage]
|
|-heal|p1a: Salamence|50/100 brn|[from] item: Leftovers
|-heal|p2a: Quagsire|71/100|[from] item: Leftovers
|-damage|p1a: Salamence|38/100 brn|[from] brn
|upkeep
|turn|7
|
|t:|1707404352
|move|p1a: Salamence|Dragon Claw|p2a: Quagsire
|-damage|p2a: Quagsire|54/100
|move|p2a: Quagsire|Recover|p2a: Quagsire
|-heal|p2a: Quagsire|100/100
|
|-heal|p1a: Salamence|44/100 brn|[from] item: Leftovers
|-damage|p1a: Salamence|31/100 brn|[from] brn
|upkeep
|turn|8
|
|t:|1707404360
|move|p1a: Salamence|Dragon Claw|p2a: Quagsire
|-damage|p2a: Quagsire|83/100
|move|p2a: Quagsire|Scald|p1a: Salamence
|-resisted|p1a: Salamence
|-crit|p1a: Salamence
|-end|p1a: Salamence|Substitute
|
|-heal|p1a: Salamence|37/100 brn|[from] item: Leftovers
|-heal|p2a: Quagsire|89/100|[from] item: Leftovers
|-damage|p1a: Salamence|25/100 brn|[from] brn
|upkeep
|turn|9
|
|t:|1707404371
|move|p1a: Salamence|Dragon Claw|p2a: Quagsire
|-damage|p2a: Quagsire|74/100
|move|p2a: Quagsire|Scald|p1a: Salamence
|-resisted|p1a: Salamence
|-damage|p1a: Salamence|14/100 brn
|
|-heal|p1a: Salamence|20/100 brn|[from] item: Leftovers
|-heal|p2a: Quagsire|80/100|[from] item: Leftovers
|-damage|p1a: Salamence|8/100 brn|[from] brn
|upkeep
|turn|10
|
|t:|1707404389
|move|p1a: Salamence|Dragon Claw|p2a: Quagsire
|-damage|p2a: Quagsire|65/100
|move|p2a: Quagsire|Recover|p2a: Quagsire
|-heal|p2a: Quagsire|100/100
|
|-heal|p1a: Salamence|14/100 brn|[from] item: Leftovers
|-damage|p1a: Salamence|1/100 brn|[from] brn
|upkeep
|turn|11
|
|t:|1707404397
|move|p1a: Salamence|Dragon Claw|p2a: Quagsire
|-crit|p2a: Quagsire
|-damage|p2a: Quagsire|67/100
|move|p2a: Quagsire|Scald|p1a: Salamence
|-resisted|p1a: Salamence
|-damage|p1a: Salamence|0 fnt
|faint|p1a: Salamence
|
|-heal|p2a: Quagsire|74/100|[from] item: Leftovers
|upkeep
|
|t:|1707404409
|switch|p1a: Haxorus|Haxorus, F|100/100
|-ability|p1a: Haxorus|Mold Breaker
|turn|12
|
|t:|1707404413
|move|p1a: Haxorus|Swords Dance|p1a: Haxorus
|-boost|p1a: Haxorus|atk|2
|move|p2a: Quagsire|Scald|p1a: Haxorus
|-resisted|p1a: Haxorus
|-crit|p1a: Haxorus
|-damage|p1a: Haxorus|71/100
|
|-heal|p2a: Quagsire|80/100|[from] item: Leftovers
|upkeep
|turn|13
|
|t:|1707404425
|move|p1a: Haxorus|Outrage|p2a: Quagsire
|-damage|p2a: Quagsire|0 fnt
|faint|p2a: Quagsire
|
|upkeep
|
|t:|1707404428
|switch|p2a: Jirachi|Jirachi|100/100
|turn|14
|
|t:|1707404431
|move|p2a: Jirachi|Iron Head|p1a: Haxorus
|-crit|p1a: Haxorus
|-damage|p1a: Haxorus|0 fnt
|faint|p1a: Haxorus
|
|upkeep
|
|t:|1707404435
|switch|p1a: Excadrill|Excadrill, F|100/100
|-ability|p1a: Excadrill|Mold Breaker
|turn|15
|
|t:|1707404441
|switch|p2a: Sableye|Sableye, F|100/100
|move|p1a: Excadrill|Earthquake|p2a: Sableye
|-damage|p2a: Sableye|51/100
|
|-heal|p2a: Sableye|57/100|[from] item: Leftovers
|upkeep
|turn|16
|
|t:|1707404448
|switch|p1a: Magnezone|Magnezone|100/100
|-item|p1a: Magnezone|Air Balloon
|move|p2a: Sableye|Recover|p2a: Sableye
|-heal|p2a: Sableye|100/100
|
|upkeep
|turn|17
|
|t:|1707404456
|switch|p2a: Chansey|Chansey, F|100/100
|move|p1a: Magnezone|Thunderbolt|p2a: Chansey
|-damage|p2a: Chansey|85/100
|
|upkeep
|turn|18
|
|t:|1707404464
|switch|p1a: Alakazam|Alakazam, M|100/100
|move|p2a: Chansey|Stealth Rock|p1a: Alakazam
|-sidestart|p1: Valfirio|move: Stealth Rock
|
|upkeep
|turn|19
|
|t:|1707404471
|switch|p2a: Jirachi|Jirachi|100/100
|move|p1a: Alakazam|Psyshock|p2a: Jirachi
|-resisted|p2a: Jirachi
|-damage|p2a: Jirachi|88/100
|
|-heal|p2a: Jirachi|94/100|[from] item: Leftovers
|upkeep
|turn|20
|
|t:|1707404479
|switch|p1a: Magnezone|Magnezone|100/100
|-damage|p1a: Magnezone|94/100|[from] Stealth Rock
|-item|p1a: Magnezone|Air Balloon
|move|p2a: Jirachi|Fire Punch|p1a: Magnezone
|-supereffective|p1a: Magnezone
|-damage|p1a: Magnezone|65/100
|-enditem|p1a: Magnezone|Air Balloon
|
|-heal|p2a: Jirachi|99/100|[from] item: Leftovers
|upkeep
|turn|21
|
|t:|1707404489
|move|p2a: Jirachi|Wish|p2a: Jirachi
|move|p1a: Magnezone|Thunder Wave|p2a: Jirachi
|-status|p2a: Jirachi|par
|
|-heal|p2a: Jirachi|100/100 par|[from] item: Leftovers
|upkeep
|turn|22
|
|t:|1707404495
|move|p1a: Magnezone|Hidden Power|p2a: Jirachi
|-supereffective|p2a: Jirachi
|-damage|p2a: Jirachi|56/100 par
|move|p2a: Jirachi|Fire Punch|p1a: Magnezone
|-supereffective|p1a: Magnezone
|-damage|p1a: Magnezone|33/100
|
|-heal|p2a: Jirachi|100/100 par|[from] move: Wish|[wisher] Jirachi
|upkeep
|turn|23
|
|t:|1707404504
|move|p1a: Magnezone|Sunny Day|p1a: Magnezone
|-weather|SunnyDay
|cant|p2a: Jirachi|par
|
|-weather|SunnyDay|[upkeep]
|upkeep
|turn|24
|
|t:|1707404508
|move|p1a: Magnezone|Hidden Power|p2a: Jirachi
|-supereffective|p2a: Jirachi
|-crit|p2a: Jirachi
|-damage|p2a: Jirachi|0 fnt
|faint|p2a: Jirachi
|
|-weather|SunnyDay|[upkeep]
|upkeep
|
|t:|1707404512
|switch|p2a: Chansey|Chansey, F|85/100
|turn|25
|
|t:|1707404520
|switch|p1a: Excadrill|Excadrill, F|100/100
|-damage|p1a: Excadrill|97/100|[from] Stealth Rock
|-ability|p1a: Excadrill|Mold Breaker
|move|p2a: Chansey|Seismic Toss|p1a: Excadrill
|-damage|p1a: Excadrill|70/100
|
|-weather|SunnyDay|[upkeep]
|-heal|p1a: Excadrill|76/100|[from] item: Leftovers
|upkeep
|turn|26
|
|t:|1707404531
|switch|p2a: Sableye|Sableye, F|100/100
|move|p1a: Excadrill|Earthquake|p2a: Sableye
|-damage|p2a: Sableye|50/100
|
|-weather|SunnyDay|[upkeep]
|-heal|p1a: Excadrill|82/100|[from] item: Leftovers
|-heal|p2a: Sableye|56/100|[from] item: Leftovers
|upkeep
|turn|27
|
|t:|1707404547
|switch|p1a: Magnezone|Magnezone|33/100
|-damage|p1a: Magnezone|26/100|[from] Stealth Rock
|move|p2a: Sableye|Recover|p2a: Sableye
|-heal|p2a: Sableye|100/100
|
|-weather|none
|upkeep
|turn|28
|
|t:|1707404555
|switch|p2a: Chansey|Chansey, F|85/100
|move|p1a: Magnezone|Thunderbolt|p2a: Chansey
|-damage|p2a: Chansey|71/100
|
|upkeep
|turn|29
|
|t:|1707404561
|switch|p1a: Alakazam|Alakazam, M|100/100
|move|p2a: Chansey|Seismic Toss|p1a: Alakazam
|-damage|p1a: Alakazam|61/100
|
|upkeep
|turn|30
|
|t:|1707404568
|switch|p2a: Sableye|Sableye, F|100/100
|move|p1a: Alakazam|Shadow Ball|p2a: Sableye
|-damage|p2a: Sableye|44/100
|
|-heal|p2a: Sableye|50/100|[from] item: Leftovers
|upkeep
|turn|31
|
|t:|1707404574
|switch|p2a: Chansey|Chansey, F|71/100
|move|p1a: Alakazam|Shadow Ball|p2a: Chansey
|-immune|p2a: Chansey
|
|upkeep
|turn|32
|
|t:|1707404580
|move|p1a: Alakazam|Shadow Ball|p2a: Chansey
|-immune|p2a: Chansey
|move|p2a: Chansey|Seismic Toss|p1a: Alakazam
|-damage|p1a: Alakazam|21/100
|
|upkeep
|turn|33
|
|t:|1707404586
|move|p1a: Alakazam|Psyshock|p2a: Chansey
|-crit|p2a: Chansey
|-damage|p2a: Chansey|0 fnt
|faint|p2a: Chansey
|
|upkeep
|
|t:|1707404589
|switch|p2a: Xatu|Xatu, F|100/100
|turn|34
|
|t:|1707404595
|switch|p1a: Excadrill|Excadrill, F|82/100
|-damage|p1a: Excadrill|79/100|[from] Stealth Rock
|-ability|p1a: Excadrill|Mold Breaker
|move|p2a: Xatu|Night Shade|p1a: Excadrill
|-damage|p1a: Excadrill|51/100
|
|-heal|p1a: Excadrill|57/100|[from] item: Leftovers
|upkeep
|turn|35
|
|t:|1707404604
|move|p1a: Excadrill|Rock Slide|p2a: Xatu
|-supereffective|p2a: Xatu
|-damage|p2a: Xatu|51/100
|move|p2a: Xatu|U-turn|p1a: Excadrill
|-resisted|p1a: Excadrill
|-crit|p1a: Excadrill
|-damage|p1a: Excadrill|40/100
|
|t:|1707404607
|switch|p2a: Sableye|Sableye, F|50/100|[from] U-turn
|
|-heal|p1a: Excadrill|46/100|[from] item: Leftovers
|-heal|p2a: Sableye|56/100|[from] item: Leftovers
|upkeep
|turn|36
|
|t:|1707404615
|move|p2a: Sableye|Recover|p2a: Sableye
|-heal|p2a: Sableye|100/100
|move|p1a: Excadrill|Earthquake|p2a: Sableye
|-damage|p2a: Sableye|49/100
|
|-heal|p1a: Excadrill|52/100|[from] item: Leftovers
|-heal|p2a: Sableye|55/100|[from] item: Leftovers
|upkeep
|turn|37
|
|t:|1707404625
|switch|p1a: Alakazam|Alakazam, M|21/100
|move|p2a: Sableye|Will-O-Wisp|p1a: Alakazam
|-status|p1a: Alakazam|brn
|
|-heal|p2a: Sableye|61/100|[from] item: Leftovers
|upkeep
|turn|38
|
|t:|1707404633
|move|p1a: Alakazam|Shadow Ball|p2a: Sableye
|-damage|p2a: Sableye|5/100
|move|p2a: Sableye|Foul Play|p1a: Alakazam
|-supereffective|p1a: Alakazam
|-damage|p1a: Alakazam|0 fnt
|faint|p1a: Alakazam
|
|-heal|p2a: Sableye|11/100|[from] item: Leftovers
|upkeep
|
|t:|1707404648
|switch|p1a: Magnezone|Magnezone|26/100
|-damage|p1a: Magnezone|20/100|[from] Stealth Rock
|turn|39
|
|t:|1707404654
|switch|p2a: Tentacruel|Tentacruel, M|100/100
|move|p1a: Magnezone|Thunderbolt|p2a: Tentacruel
|-supereffective|p2a: Tentacruel
|-damage|p2a: Tentacruel|32/100
|
|-heal|p2a: Tentacruel|38/100|[from] item: Black Sludge
|upkeep
|turn|40
|
|t:|1707404661
|switch|p1a: Jellicent|Jellicent, M|100/100
|-damage|p1a: Jellicent|88/100|[from] Stealth Rock
|move|p2a: Tentacruel|Toxic Spikes|p1a: Jellicent
|-sidestart|p1: Valfirio|move: Toxic Spikes
|
|-heal|p2a: Tentacruel|44/100|[from] item: Black Sludge
|-heal|p1a: Jellicent|94/100|[from] item: Leftovers
|upkeep
|turn|41
|
|t:|1707404669
|move|p2a: Tentacruel|Toxic Spikes|p1a: Jellicent
|-sidestart|p1: Valfirio|move: Toxic Spikes
|move|p1a: Jellicent|Shadow Ball|p2a: Tentacruel
|-damage|p2a: Tentacruel|29/100
|
|-heal|p2a: Tentacruel|35/100|[from] item: Black Sludge
|-heal|p1a: Jellicent|100/100|[from] item: Leftovers
|upkeep
|turn|42
|
|t:|1707404679
|move|p2a: Tentacruel|Protect|p2a: Tentacruel
|-singleturn|p2a: Tentacruel|Protect
|move|p1a: Jellicent|Scald|p2a: Tentacruel
|-activate|p2a: Tentacruel|move: Protect
|
|-heal|p2a: Tentacruel|41/100|[from] item: Black Sludge
|upkeep
|turn|43
|
|t:|1707404686
|move|p2a: Tentacruel|Scald|p1a: Jellicent
|-immune|p1a: Jellicent|[from] ability: Water Absorb
|move|p1a: Jellicent|Scald|p2a: Tentacruel
|-resisted|p2a: Tentacruel
|-damage|p2a: Tentacruel|34/100
|-status|p2a: Tentacruel|brn
|
|-heal|p2a: Tentacruel|40/100 brn|[from] item: Black Sludge
|-damage|p2a: Tentacruel|27/100 brn|[from] brn
|upkeep
|turn|44
|
|t:|1707404698
|move|p2a: Tentacruel|Scald|p1a: Jellicent
|-immune|p1a: Jellicent|[from] ability: Water Absorb
|move|p1a: Jellicent|Shadow Ball|p2a: Tentacruel
|-damage|p2a: Tentacruel|11/100 brn
|
|-heal|p2a: Tentacruel|17/100 brn|[from] item: Black Sludge
|-damage|p2a: Tentacruel|5/100 brn|[from] brn
|upkeep
|turn|45
|
|t:|1707404707
|move|p2a: Tentacruel|Scald|p1a: Jellicent
|-immune|p1a: Jellicent|[from] ability: Water Absorb
|move|p1a: Jellicent|Shadow Ball|p2a: Tentacruel
|-damage|p2a: Tentacruel|0 fnt
|faint|p2a: Tentacruel
|
|upkeep
|
|t:|1707404710
|switch|p2a: Xatu|Xatu, F|51/100
|turn|46
|
|t:|1707404715
|move|p2a: Xatu|Toxic|p1a: Jellicent
|-status|p1a: Jellicent|tox
|move|p1a: Jellicent|Shadow Ball|p2a: Xatu
|-supereffective|p2a: Xatu
|-damage|p2a: Xatu|0 fnt
|faint|p2a: Xatu
|
|-damage|p1a: Jellicent|94/100 tox|[from] psn
|upkeep
|
|t:|1707404717
|switch|p2a: Sableye|Sableye, F|11/100
|turn|47
|
|t:|1707404726
|move|p2a: Sableye|Recover|p2a: Sableye
|-heal|p2a: Sableye|61/100
|move|p1a: Jellicent|Shadow Ball|p2a: Sableye
|-damage|p2a: Sableye|21/100
|-unboost|p2a: Sableye|spd|1
|
|-heal|p1a: Jellicent|100/100 tox|[from] item: Leftovers
|-heal|p2a: Sableye|27/100|[from] item: Leftovers
|-damage|p1a: Jellicent|88/100 tox|[from] psn
|upkeep
|turn|48
|-message|radaty forfeited.
|
|win|Valfirio
|raw|Valfirio's rating: 1343 &rarr; <strong>1372</strong><br />(+29 for winning)
|raw|radaty's rating: 1513 &rarr; <strong>1484</strong><br />(-29 for losing)
|l|☆radaty
|player|p2|
|l|☆Valfirio
|player|p1|
