|j|‽bad big bratt
|j|☆refsunpersons
|player|p1|bad big bratt|137
|player|p2|refsunpersons|123
|teamsize|p1|6
|teamsize|p2|6
|gametype|singles
|gen|5
|tier|[Gen 5] OU
|rated|
|rule|Sleep Clause Mod: Limit one foe put to sleep
|rule|Species Clause: Limit one of each Pokémon
|rule|OHKO Clause: OHKO moves are banned
|rule|Moody Clause: Moody is banned
|rule|Evasion Moves Clause: Evasion moves are banned
|rule|Endless Battle Clause: Forcing endless battles is banned
|rule|HP Percentage Mod: HP is shown in percentages
|rule|Evasion Abilities Clause: Evasion abilities are banned
|rule|Baton Pass Clause: Limit one Baton Passer, can't pass Spe and other stats simultaneously
|rule|Swagger Clause: Swagger is banned
|clearpoke
|poke|p1|Mamoswine, M|item
|poke|p1|Politoed, F|item
|poke|p1|Ferrothorn, M|item
|poke|p1|Thundurus-Therian, M|item
|poke|p1|Tornadus, M|item
|poke|p1|Tentacruel, M|item
|poke|p2|Tyranitar, F|item
|poke|p2|Magnezone|item
|poke|p2|Amoonguss, M|item
|poke|p2|Bronzong|item
|poke|p2|Landorus-Therian, M|item
|poke|p2|Kingdra, F|item
|teampreview
|c|☆refsunpersons|gl hf
|inactive|Battle timer is ON: inactive players will automatically lose when time's up. (requested by bad big bratt)
|
|start
|switch|p1a: Politoed|Politoed, F|100/100
|switch|p2a: Landorus|Landorus-Therian, M|100/100
|-ability|p2a: Landorus|Intimidate|boost
|-unboost|p1a: Politoed|atk|1
|-weather|RainDance|[from] ability: Drizzle|[of] p1a: Politoed
|turn|1
|
|move|p2a: Landorus|U-turn|p1a: Politoed
|-damage|p1a: Politoed|79/100
|
|switch|p2a: Amoonguss|Amoonguss, M|100/100
|move|p1a: Politoed|Scald|p2a: Amoonguss
|-resisted|p2a: Amoonguss
|-damage|p2a: Amoonguss|87/100
|
|-weather|RainDance|[upkeep]
|-heal|p1a: Politoed|85/100|[from] item: Leftovers
|-heal|p2a: Amoonguss|94/100|[from] item: Black Sludge
|upkeep
|turn|2
|
|move|p1a: Politoed|Scald|p2a: Amoonguss
|-resisted|p2a: Amoonguss
|-damage|p2a: Amoonguss|80/100
|-status|p2a: Amoonguss|brn
|move|p2a: Amoonguss|Spore|p1a: Politoed
|-status|p1a: Politoed|slp
|
|-weather|RainDance|[upkeep]
|-heal|p1a: Politoed|91/100 slp|[from] item: Leftovers
|-heal|p2a: Amoonguss|86/100 brn|[from] item: Black Sludge
|-damage|p2a: Amoonguss|73/100 brn|[from] brn
|upkeep
|turn|3
|
|switch|p1a: Ferrothorn|Ferrothorn, M|100/100
|move|p2a: Amoonguss|Stun Spore|p1a: Ferrothorn
|-status|p1a: Ferrothorn|par
|
|-weather|RainDance|[upkeep]
|-heal|p2a: Amoonguss|80/100 brn|[from] item: Black Sludge
|-damage|p2a: Amoonguss|67/100 brn|[from] brn
|upkeep
|turn|4
|
|switch|p2a: Tyranitar|Tyranitar, F|100/100
|-weather|Sandstorm|[from] ability: Sand Stream|[of] p2a: Tyranitar
|move|p1a: Ferrothorn|Leech Seed|p2a: Tyranitar
|-start|p2a: Tyranitar|move: Leech Seed
|
|-weather|Sandstorm|[upkeep]
|-damage|p2a: Tyranitar|88/100|[from] Leech Seed|[of] p1a: Ferrothorn
|upkeep
|turn|5
|
|move|p2a: Tyranitar|Stealth Rock|p1a: Ferrothorn
|-sidestart|p1: bad big bratt|move: Stealth Rock
|cant|p1a: Ferrothorn|par
|
|-weather|Sandstorm|[upkeep]
|-damage|p2a: Tyranitar|76/100|[from] Leech Seed|[of] p1a: Ferrothorn
|upkeep
|turn|6
|
|switch|p2a: Magnezone|Magnezone|100/100
|move|p1a: Ferrothorn|Stealth Rock|p2a: Magnezone
|-sidestart|p2: refsunpersons|move: Stealth Rock
|
|-weather|Sandstorm|[upkeep]
|upkeep
|turn|7
|
|move|p2a: Magnezone|Hidden Power|p1a: Ferrothorn
|-supereffective|p1a: Ferrothorn
|-damage|p1a: Ferrothorn|24/100 par
|cant|p1a: Ferrothorn|par
|
|-weather|Sandstorm|[upkeep]
|-heal|p1a: Ferrothorn|31/100 par|[from] item: Leftovers
|upkeep
|turn|8
|
|move|p2a: Magnezone|Hidden Power|p1a: Ferrothorn
|-supereffective|p1a: Ferrothorn
|-damage|p1a: Ferrothorn|0 fnt
|faint|p1a: Ferrothorn
|
|-weather|Sandstorm|[upkeep]
|upkeep
|
|switch|p1a: Mamoswine|Mamoswine, M|100/100
|-damage|p1a: Mamoswine|88/100|[from] Stealth Rock
|turn|9
|
|switch|p2a: Bronzong|Bronzong|100/100
|-damage|p2a: Bronzong|94/100|[from] Stealth Rock
|move|p1a: Mamoswine|Earthquake|p2a: Bronzong
|-immune|p2a: Bronzong|[msg]|[from] ability: Levitate
|
|-weather|Sandstorm|[upkeep]
|-heal|p2a: Bronzong|100/100|[from] item: Leftovers
|upkeep
|turn|10
|
|switch|p1a: Politoed|Politoed, F|91/100 slp
|-damage|p1a: Politoed|79/100 slp|[from] Stealth Rock
|-weather|RainDance|[from] ability: Drizzle|[of] p1a: Politoed
|move|p2a: Bronzong|Earthquake|p1a: Politoed
|-damage|p1a: Politoed|63/100 slp
|
|-weather|RainDance|[upkeep]
|-heal|p1a: Politoed|70/100 slp|[from] item: Leftovers
|upkeep
|turn|11
|
|switch|p1a: Tornadus|Tornadus, M, shiny|100/100
|-damage|p1a: Tornadus|76/100|[from] Stealth Rock
|switch|p2a: Kingdra|Kingdra, F|100/100
|-damage|p2a: Kingdra|88/100|[from] Stealth Rock
|
|-weather|RainDance|[upkeep]
|upkeep
|turn|12
|
|switch|p1a: Tentacruel|Tentacruel, M|100/100
|-damage|p1a: Tentacruel|88/100|[from] Stealth Rock
|move|p2a: Kingdra|Draco Meteor|p1a: Tentacruel
|-damage|p1a: Tentacruel|17/100
|-unboost|p2a: Kingdra|spa|2
|-damage|p2a: Kingdra|78/100|[from] item: Life Orb
|
|-weather|RainDance|[upkeep]
|-heal|p1a: Tentacruel|23/100|[from] ability: Rain Dish
|-heal|p1a: Tentacruel|29/100|[from] item: Black Sludge
|upkeep
|turn|13
|
|switch|p2a: Landorus|Landorus-Therian, M|100/100
|-damage|p2a: Landorus|88/100|[from] Stealth Rock
|-ability|p2a: Landorus|Intimidate|boost
|-unboost|p1a: Tentacruel|atk|1
|move|p1a: Tentacruel|Protect|p1a: Tentacruel
|-fail|p1a: Tentacruel
|
|-weather|RainDance|[upkeep]
|-heal|p1a: Tentacruel|35/100|[from] ability: Rain Dish
|-heal|p1a: Tentacruel|42/100|[from] item: Black Sludge
|upkeep
|turn|14
|
|move|p1a: Tentacruel|Protect|p1a: Tentacruel
|-singleturn|p1a: Tentacruel|Protect
|move|p2a: Landorus|Earthquake|p1a: Tentacruel
|-activate|p1a: Tentacruel|move: Protect
|
|-weather|RainDance|[upkeep]
|-heal|p1a: Tentacruel|48/100|[from] ability: Rain Dish
|-heal|p1a: Tentacruel|54/100|[from] item: Black Sludge
|upkeep
|turn|15
|
|switch|p2a: Tyranitar|Tyranitar, F|76/100
|-damage|p2a: Tyranitar|63/100|[from] Stealth Rock
|-weather|Sandstorm|[from] ability: Sand Stream|[of] p2a: Tyranitar
|move|p1a: Tentacruel|Rapid Spin|p2a: Tyranitar
|-resisted|p2a: Tyranitar
|-damage|p2a: Tyranitar|63/100
|-sideend|p1: bad big bratt|Stealth Rock|[from] move: Rapid Spin|[of] p1a: Tentacruel
|
|-weather|Sandstorm|[upkeep]
|-damage|p1a: Tentacruel|48/100|[from] Sandstorm
|-heal|p1a: Tentacruel|54/100|[from] item: Black Sludge
|upkeep
|turn|16
|c|☆refsunpersons|wp
|
|move|p1a: Tentacruel|Scald|p2a: Tyranitar
|-supereffective|p2a: Tyranitar
|-damage|p2a: Tyranitar|40/100
|move|p2a: Tyranitar|Crunch|p1a: Tentacruel
|-damage|p1a: Tentacruel|10/100
|
|-weather|Sandstorm|[upkeep]
|-damage|p1a: Tentacruel|4/100|[from] Sandstorm
|-heal|p1a: Tentacruel|10/100|[from] item: Black Sludge
|upkeep
|turn|17
|
|move|p1a: Tentacruel|Scald|p2a: Tyranitar
|-supereffective|p2a: Tyranitar
|-damage|p2a: Tyranitar|19/100
|move|p2a: Tyranitar|Pursuit|p1a: Tentacruel
|-damage|p1a: Tentacruel|0 fnt
|faint|p1a: Tentacruel
|
|-weather|Sandstorm|[upkeep]
|upkeep
|
|switch|p1a: Mamoswine|Mamoswine, M|88/100
|turn|18
|
|switch|p2a: Bronzong|Bronzong|100/100
|-damage|p2a: Bronzong|94/100|[from] Stealth Rock
|move|p1a: Mamoswine|Superpower|p2a: Bronzong
|-damage|p2a: Bronzong|64/100
|-unboost|p1a: Mamoswine|atk|1
|-unboost|p1a: Mamoswine|def|1
|
|-weather|Sandstorm|[upkeep]
|-heal|p2a: Bronzong|70/100|[from] item: Leftovers
|upkeep
|turn|19
|
|switch|p1a: Politoed|Politoed, F|70/100 slp
|-weather|RainDance|[from] ability: Drizzle|[of] p1a: Politoed
|move|p2a: Bronzong|Earthquake|p1a: Politoed
|-damage|p1a: Politoed|54/100 slp
|
|-weather|RainDance|[upkeep]
|-heal|p1a: Politoed|60/100 slp|[from] item: Leftovers
|-heal|p2a: Bronzong|77/100|[from] item: Leftovers
|upkeep
|turn|20
|
|switch|p1a: Thundurus|Thundurus-Therian, M|100/100
|switch|p2a: Magnezone|Magnezone|100/100
|-damage|p2a: Magnezone|94/100|[from] Stealth Rock
|
|-weather|RainDance|[upkeep]
|upkeep
|turn|21
|j| Ejthewolf
|
|switch|p2a: Amoonguss|Amoonguss, M|100/100 brn
|-damage|p2a: Amoonguss|88/100 brn|[from] Stealth Rock
|move|p1a: Thundurus|Focus Blast|p2a: Amoonguss|[miss]
|-miss|p1a: Thundurus|p2a: Amoonguss
|
|-weather|RainDance|[upkeep]
|-heal|p2a: Amoonguss|94/100 brn|[from] item: Black Sludge
|-damage|p2a: Amoonguss|82/100 brn|[from] brn
|upkeep
|turn|22
|
|switch|p1a: Politoed|Politoed, F|60/100 slp
|move|p2a: Amoonguss|Stun Spore|p1a: Politoed|[miss]
|-miss|p2a: Amoonguss|p1a: Politoed
|
|-weather|RainDance|[upkeep]
|-heal|p1a: Politoed|66/100 slp|[from] item: Leftovers
|-heal|p2a: Amoonguss|88/100 brn|[from] item: Black Sludge
|-damage|p2a: Amoonguss|75/100 brn|[from] brn
|upkeep
|turn|23
|
|switch|p1a: Tornadus|Tornadus, M, shiny|76/100
|move|p2a: Amoonguss|Giga Drain|p1a: Tornadus
|-resisted|p1a: Tornadus
|-damage|p1a: Tornadus|59/100
|-heal|p2a: Amoonguss|82/100 brn|[from] drain|[of] p1a: Tornadus
|
|-weather|RainDance|[upkeep]
|-heal|p2a: Amoonguss|88/100 brn|[from] item: Black Sludge
|-damage|p2a: Amoonguss|75/100 brn|[from] brn
|upkeep
|turn|24
|
|move|p1a: Tornadus|Hurricane|p2a: Amoonguss
|-supereffective|p2a: Amoonguss
|-damage|p2a: Amoonguss|0 fnt
|faint|p2a: Amoonguss
|
|-weather|RainDance|[upkeep]
|upkeep
|
|switch|p2a: Magnezone|Magnezone|94/100
|-damage|p2a: Magnezone|88/100|[from] Stealth Rock
|turn|25
|
|switch|p1a: Thundurus|Thundurus-Therian, M|100/100
|move|p2a: Magnezone|Flash Cannon|p1a: Thundurus
|-resisted|p1a: Thundurus
|-damage|p1a: Thundurus|67/100
|
|-weather|RainDance|[upkeep]
|upkeep
|turn|26
|
|move|p1a: Thundurus|Focus Blast|p2a: Magnezone|[miss]
|-miss|p1a: Thundurus|p2a: Magnezone
|move|p2a: Magnezone|Flash Cannon|p1a: Thundurus
|-resisted|p1a: Thundurus
|-damage|p1a: Thundurus|37/100
|
|-weather|RainDance|[upkeep]
|upkeep
|turn|27
|
|move|p1a: Thundurus|Focus Blast|p2a: Magnezone
|-supereffective|p2a: Magnezone
|-enditem|p2a: Magnezone|Chople Berry|[eat]
|-enditem|p2a: Magnezone|Chople Berry|[weaken]
|-damage|p2a: Magnezone|36/100
|move|p2a: Magnezone|Flash Cannon|p1a: Thundurus
|-resisted|p1a: Thundurus
|-damage|p1a: Thundurus|4/100
|
|-weather|RainDance|[upkeep]
|upkeep
|turn|28
|
|switch|p1a: Politoed|Politoed, F|66/100 slp
|move|p2a: Magnezone|Flash Cannon|p1a: Politoed
|-resisted|p1a: Politoed
|-damage|p1a: Politoed|45/100 slp
|
|-weather|RainDance|[upkeep]
|-heal|p1a: Politoed|51/100 slp|[from] item: Leftovers
|upkeep
|turn|29
|
|move|p2a: Magnezone|Flash Cannon|p1a: Politoed
|-resisted|p1a: Politoed
|-damage|p1a: Politoed|30/100 slp
|-unboost|p1a: Politoed|spd|1
|cant|p1a: Politoed|slp
|
|-weather|RainDance|[upkeep]
|-heal|p1a: Politoed|36/100 slp|[from] item: Leftovers
|upkeep
|turn|30
|
|move|p2a: Magnezone|Flash Cannon|p1a: Politoed
|-resisted|p1a: Politoed
|-damage|p1a: Politoed|6/100 slp
|cant|p1a: Politoed|slp
|
|-weather|RainDance|[upkeep]
|-heal|p1a: Politoed|12/100 slp|[from] item: Leftovers
|upkeep
|turn|31
|
|move|p2a: Magnezone|Flash Cannon|p1a: Politoed
|-resisted|p1a: Politoed
|-damage|p1a: Politoed|0 fnt
|faint|p1a: Politoed
|
|-weather|RainDance|[upkeep]
|upkeep
|
|switch|p1a: Mamoswine|Mamoswine, M|88/100
|turn|32
|
|move|p1a: Mamoswine|Superpower|p2a: Magnezone
|-supereffective|p2a: Magnezone
|-damage|p2a: Magnezone|0 fnt
|-unboost|p1a: Mamoswine|atk|1
|-unboost|p1a: Mamoswine|def|1
|faint|p2a: Magnezone
|
|-weather|RainDance|[upkeep]
|upkeep
|
|switch|p2a: Kingdra|Kingdra, F|78/100
|-damage|p2a: Kingdra|66/100|[from] Stealth Rock
|turn|33
|
|move|p1a: Mamoswine|Ice Shard|p2a: Kingdra
|-damage|p2a: Kingdra|48/100
|move|p2a: Kingdra|Hydro Pump|p1a: Mamoswine|[miss]
|-miss|p2a: Kingdra|p1a: Mamoswine
|
|-weather|RainDance|[upkeep]
|upkeep
|turn|34
|
|move|p1a: Mamoswine|Ice Shard|p2a: Kingdra
|-damage|p2a: Kingdra|29/100
|move|p2a: Kingdra|Hydro Pump|p1a: Mamoswine
|-supereffective|p1a: Mamoswine
|-damage|p1a: Mamoswine|0 fnt
|-damage|p2a: Kingdra|19/100|[from] item: Life Orb
|faint|p1a: Mamoswine
|
|-weather|RainDance|[upkeep]
|upkeep
|
|switch|p1a: Tornadus|Tornadus, M, shiny|59/100
|turn|35
|
|switch|p1a: Thundurus|Thundurus-Therian, M|4/100
|move|p2a: Kingdra|Dragon Pulse|p1a: Thundurus
|-damage|p1a: Thundurus|0 fnt
|-damage|p2a: Kingdra|9/100|[from] item: Life Orb
|faint|p1a: Thundurus
|
|-weather|RainDance|[upkeep]
|upkeep
|c|☆refsunpersons|gg wp
|-message|bad big bratt forfeited.
|
|win|refsunpersons
|l|‽bad big bratt
|raw|bad big bratt's rating: 1395 &rarr; <strong>1371</strong><br />(-24 for losing)
|raw|refsunpersons's rating: 1320 &rarr; <strong>1344</strong><br />(+24 for winning)
|l| Ejthewolf
