|j|☆Croaset
|j|☆CF0RCE
|t:|1717174223
|gametype|singles
|player|p1|Croaset|170|1341
|player|p2|CF0RCE|265|1342
|teamsize|p1|6
|teamsize|p2|6
|gen|5
|tier|[Gen 5] OU
|rated|
|rule|Species Clause: Limit one of each Pokémon
|rule|OHKO Clause: OHKO moves are banned
|rule|Moody Clause: Moody is banned
|rule|Evasion Items Clause: Evasion items are banned
|rule|Evasion Moves Clause: Evasion moves are banned
|rule|Endless Battle Clause: Forcing endless battles is banned
|rule|HP Percentage Mod: HP is shown in percentages
|rule|Evasion Abilities Clause: Evasion abilities are banned
|rule|Sleep Moves Clause: Sleep-inducing moves are banned
|rule|Swagger Clause: Swagger is banned
|rule|Baton Pass Stat Clause: No Baton Passer may have a way to boost its stats
|clearpoke
|poke|p1|Politoed, M|item
|poke|p1|Tentacruel, F|item
|poke|p1|Ferrothorn, F|item
|poke|p1|Latios, M|item
|poke|p1|Thundurus-Therian, M|item
|poke|p1|Keldeo-Resolute|item
|poke|p2|Tyranitar, M|item
|poke|p2|Alakazam, M|item
|poke|p2|Latios, M|item
|poke|p2|Ferrothorn, M|item
|poke|p2|Keldeo|item
|poke|p2|Landorus-Therian, M|item
|teampreview
|inactive|Battle timer is ON: inactive players will automatically lose when time's up. (requested by Croaset)
|
|t:|1717174253
|start
|switch|p1a: Ferrothorn|Ferrothorn, F, shiny|100/100
|switch|p2a: Tyranitar|Tyranitar, M|100/100
|-weather|Sandstorm|[from] ability: Sand Stream|[of] p2a: Tyranitar
|turn|1
|
|t:|1717174259
|switch|p1a: Politoed|Politoed, M, shiny|100/100
|-weather|RainDance|[from] ability: Drizzle|[of] p1a: Politoed
|move|p2a: Tyranitar|Flamethrower|p1a: Politoed
|-resisted|p1a: Politoed
|-damage|p1a: Politoed|96/100
|
|-weather|RainDance|[upkeep]
|-heal|p1a: Politoed|100/100|[from] item: Leftovers
|upkeep
|turn|2
|
|t:|1717174271
|switch|p2a: Ferrothorn|Ferrothorn, M|100/100
|move|p1a: Politoed|Scald|p2a: Ferrothorn
|-resisted|p2a: Ferrothorn
|-damage|p2a: Ferrothorn|88/100
|-status|p2a: Ferrothorn|brn
|-enditem|p2a: Ferrothorn|Rawst Berry|[eat]
|-curestatus|p2a: Ferrothorn|brn|[msg]
|
|-weather|RainDance|[upkeep]
|upkeep
|turn|3
|
|t:|1717174282
|switch|p1a: Ferrothorn|Ferrothorn, F, shiny|100/100
|move|p2a: Ferrothorn|Knock Off|p1a: Ferrothorn
|-resisted|p1a: Ferrothorn
|-damage|p1a: Ferrothorn|99/100
|-damage|p2a: Ferrothorn|76/100|[from] ability: Iron Barbs|[of] p1a: Ferrothorn
|-enditem|p1a: Ferrothorn|Leftovers|[from] move: Knock Off|[of] p2a: Ferrothorn
|
|-weather|RainDance|[upkeep]
|upkeep
|turn|4
|
|t:|1717174287
|move|p1a: Ferrothorn|Stealth Rock|p2a: Ferrothorn
|-sidestart|p2: CF0RCE|move: Stealth Rock
|move|p2a: Ferrothorn|Spikes|p1a: Ferrothorn
|-sidestart|p1: Croaset|Spikes
|
|-weather|RainDance|[upkeep]
|upkeep
|turn|5
|
|t:|1717174289
|move|p1a: Ferrothorn|Spikes|p2a: Ferrothorn
|-sidestart|p2: CF0RCE|Spikes
|move|p2a: Ferrothorn|Spikes|p1a: Ferrothorn
|-sidestart|p1: Croaset|Spikes
|
|-weather|RainDance|[upkeep]
|upkeep
|turn|6
|
|t:|1717174292
|move|p1a: Ferrothorn|Spikes|p2a: Ferrothorn
|-sidestart|p2: CF0RCE|Spikes
|move|p2a: Ferrothorn|Spikes|p1a: Ferrothorn
|-sidestart|p1: Croaset|Spikes
|
|-weather|RainDance|[upkeep]
|upkeep
|turn|7
|
|t:|1717174296
|switch|p1a: Thundurus|Thundurus-Therian, M|100/100
|switch|p2a: Tyranitar|Tyranitar, M|100/100
|-damage|p2a: Tyranitar|88/100|[from] Stealth Rock
|-damage|p2a: Tyranitar|71/100|[from] Spikes
|-weather|Sandstorm|[from] ability: Sand Stream|[of] p2a: Tyranitar
|
|-weather|Sandstorm|[upkeep]
|-damage|p1a: Thundurus|94/100|[from] Sandstorm
|-heal|p1a: Thundurus|100/100|[from] item: Leftovers
|upkeep
|turn|8
|
|t:|1717174305
|move|p1a: Thundurus|Focus Blast|p2a: Tyranitar|[miss]
|-miss|p1a: Thundurus|p2a: Tyranitar
|move|p2a: Tyranitar|Pursuit|p1a: Thundurus
|-damage|p1a: Thundurus|67/100
|
|-weather|Sandstorm|[upkeep]
|-damage|p1a: Thundurus|61/100|[from] Sandstorm
|-heal|p1a: Thundurus|67/100|[from] item: Leftovers
|upkeep
|turn|9
|
|t:|1717174310
|move|p1a: Thundurus|Focus Blast|p2a: Tyranitar
|-supereffective|p2a: Tyranitar
|-enditem|p2a: Tyranitar|Chople Berry|[eat]
|-enditem|p2a: Tyranitar|Chople Berry|[weaken]
|-damage|p2a: Tyranitar|25/100
|move|p2a: Tyranitar|Crunch|p1a: Thundurus
|-damage|p1a: Thundurus|9/100
|
|-weather|Sandstorm|[upkeep]
|-damage|p1a: Thundurus|3/100|[from] Sandstorm
|-heal|p1a: Thundurus|9/100|[from] item: Leftovers
|upkeep
|turn|10
|
|t:|1717174316
|move|p1a: Thundurus|Focus Blast|p2a: Tyranitar
|-supereffective|p2a: Tyranitar
|-damage|p2a: Tyranitar|0 fnt
|faint|p2a: Tyranitar
|
|-weather|Sandstorm|[upkeep]
|-damage|p1a: Thundurus|3/100|[from] Sandstorm
|-heal|p1a: Thundurus|9/100|[from] item: Leftovers
|upkeep
|
|t:|1717174323
|switch|p2a: Alakazam|Alakazam, M|100/100
|turn|11
|
|t:|1717174345
|move|p2a: Alakazam|Psychic|p1a: Thundurus
|-damage|p1a: Thundurus|0 fnt
|faint|p1a: Thundurus
|
|-weather|Sandstorm|[upkeep]
|upkeep
|
|t:|1717174348
|switch|p1a: Politoed|Politoed, M, shiny|100/100
|-damage|p1a: Politoed|75/100|[from] Spikes
|-weather|RainDance|[from] ability: Drizzle|[of] p1a: Politoed
|turn|12
|
|t:|1717174351
|move|p2a: Alakazam|Psychic|p1a: Politoed
|-damage|p1a: Politoed|25/100
|move|p1a: Politoed|Scald|p2a: Alakazam
|-damage|p2a: Alakazam|38/100
|-status|p2a: Alakazam|brn
|
|-weather|RainDance|[upkeep]
|-heal|p1a: Politoed|32/100|[from] item: Leftovers
|upkeep
|turn|13
|
|t:|1717174355
|move|p1a: Politoed|Protect|p1a: Politoed
|-singleturn|p1a: Politoed|Protect
|move|p2a: Alakazam|Psychic|p1a: Politoed
|-activate|p1a: Politoed|move: Protect
|
|-weather|RainDance|[upkeep]
|-heal|p1a: Politoed|38/100|[from] item: Leftovers
|upkeep
|turn|14
|
|t:|1717174361
|move|p2a: Alakazam|Psychic|p1a: Politoed
|-damage|p1a: Politoed|0 fnt
|faint|p1a: Politoed
|
|-weather|RainDance|[upkeep]
|upkeep
|
|t:|1717174365
|switch|p1a: Ferrothorn|Ferrothorn, F, shiny|99/100
|-damage|p1a: Ferrothorn|74/100|[from] Spikes
|turn|15
|
|t:|1717174370
|switch|p2a: Landorus|Landorus-Therian, M|100/100
|-damage|p2a: Landorus|88/100|[from] Stealth Rock
|-ability|p2a: Landorus|Intimidate|boost
|-unboost|p1a: Ferrothorn|atk|1
|move|p1a: Ferrothorn|Gyro Ball|p2a: Landorus
|-damage|p2a: Landorus|69/100
|
|-weather|RainDance|[upkeep]
|-heal|p2a: Landorus|75/100|[from] item: Leftovers
|upkeep
|turn|16
|
|t:|1717174384
|switch|p1a: Keldeo|Keldeo-Resolute|100/100
|-damage|p1a: Keldeo|76/100|[from] Spikes
|move|p2a: Landorus|Stealth Rock|p1a: Keldeo
|-sidestart|p1: Croaset|move: Stealth Rock
|
|-weather|RainDance|[upkeep]
|-heal|p2a: Landorus|81/100|[from] item: Leftovers
|upkeep
|turn|17
|
|t:|1717174390
|switch|p2a: Ferrothorn|Ferrothorn, M|76/100
|-damage|p2a: Ferrothorn|70/100|[from] Stealth Rock
|-damage|p2a: Ferrothorn|53/100|[from] Spikes
|move|p1a: Keldeo|Scald|p2a: Ferrothorn
|-resisted|p2a: Ferrothorn
|-damage|p2a: Ferrothorn|27/100
|-status|p2a: Ferrothorn|brn
|
|-weather|RainDance|[upkeep]
|-damage|p2a: Ferrothorn|15/100 brn|[from] brn
|upkeep
|turn|18
|
|t:|1717174399
|switch|p1a: Tentacruel|Tentacruel, F|100/100
|-damage|p1a: Tentacruel|75/100|[from] Spikes
|-damage|p1a: Tentacruel|63/100|[from] Stealth Rock
|move|p2a: Ferrothorn|Knock Off|p1a: Tentacruel
|-damage|p1a: Tentacruel|61/100
|-enditem|p1a: Tentacruel|Black Sludge|[from] move: Knock Off|[of] p2a: Ferrothorn
|
|-weather|RainDance|[upkeep]
|-heal|p1a: Tentacruel|67/100|[from] ability: Rain Dish
|-damage|p2a: Ferrothorn|2/100 brn|[from] brn
|upkeep
|turn|19
|
|t:|1717174405
|move|p1a: Tentacruel|Rapid Spin|p2a: Ferrothorn
|-resisted|p2a: Ferrothorn
|-damage|p2a: Ferrothorn|1/100 brn
|-damage|p1a: Tentacruel|55/100|[from] ability: Iron Barbs|[of] p2a: Ferrothorn
|-sideend|p1: Croaset|Spikes|[from] move: Rapid Spin|[of] p1a: Tentacruel
|-sideend|p1: Croaset|Stealth Rock|[from] move: Rapid Spin|[of] p1a: Tentacruel
|move|p2a: Ferrothorn|Spikes|p1a: Tentacruel
|-sidestart|p1: Croaset|Spikes
|
|-weather|RainDance|[upkeep]
|-heal|p1a: Tentacruel|61/100|[from] ability: Rain Dish
|-damage|p2a: Ferrothorn|0 fnt|[from] brn
|faint|p2a: Ferrothorn
|upkeep
|
|t:|1717174409
|switch|p2a: Alakazam|Alakazam, M|38/100 brn
|turn|20
|
|t:|1717174415
|move|p1a: Tentacruel|Protect|p1a: Tentacruel
|-singleturn|p1a: Tentacruel|Protect
|move|p2a: Alakazam|Psychic|p1a: Tentacruel
|-activate|p1a: Tentacruel|move: Protect
|
|-weather|RainDance|[upkeep]
|-heal|p1a: Tentacruel|67/100|[from] ability: Rain Dish
|upkeep
|turn|21
|
|t:|1717174420
|move|p2a: Alakazam|Shadow Ball|p1a: Tentacruel
|-damage|p1a: Tentacruel|39/100
|move|p1a: Tentacruel|Scald|p2a: Alakazam
|-damage|p2a: Alakazam|0 fnt
|faint|p2a: Alakazam
|
|-weather|RainDance|[upkeep]
|-heal|p1a: Tentacruel|45/100|[from] ability: Rain Dish
|upkeep
|
|t:|1717174422
|switch|p2a: Latios|Latios, M|100/100
|-damage|p2a: Latios|88/100|[from] Stealth Rock
|turn|22
|
|t:|1717174424
|move|p1a: Tentacruel|Protect|p1a: Tentacruel
|-singleturn|p1a: Tentacruel|Protect
|move|p2a: Latios|Psyshock|p1a: Tentacruel
|-activate|p1a: Tentacruel|move: Protect
|
|-weather|RainDance|[upkeep]
|-heal|p1a: Tentacruel|51/100|[from] ability: Rain Dish
|upkeep
|turn|23
|
|t:|1717174435
|switch|p1a: Ferrothorn|Ferrothorn, F, shiny|74/100
|-damage|p1a: Ferrothorn|62/100|[from] Spikes
|move|p2a: Latios|Psyshock|p1a: Ferrothorn
|-resisted|p1a: Ferrothorn
|-damage|p1a: Ferrothorn|47/100
|
|-weather|RainDance|[upkeep]
|upkeep
|turn|24
|
|t:|1717174441
|switch|p2a: Landorus|Landorus-Therian, M|81/100
|-damage|p2a: Landorus|69/100|[from] Stealth Rock
|-ability|p2a: Landorus|Intimidate|boost
|-unboost|p1a: Ferrothorn|atk|1
|move|p1a: Ferrothorn|Gyro Ball|p2a: Landorus
|-damage|p2a: Landorus|47/100
|
|-weather|RainDance|[upkeep]
|-heal|p2a: Landorus|54/100|[from] item: Leftovers
|upkeep
|turn|25
|
|t:|1717174460
|switch|p1a: Keldeo|Keldeo-Resolute|76/100
|-damage|p1a: Keldeo|63/100|[from] Spikes
|move|p2a: Landorus|Stealth Rock|p1a: Keldeo
|-sidestart|p1: Croaset|move: Stealth Rock
|
|-weather|RainDance|[upkeep]
|-heal|p2a: Landorus|60/100|[from] item: Leftovers
|upkeep
|turn|26
|
|t:|1717174467
|move|p1a: Keldeo|Scald|p2a: Landorus
|-supereffective|p2a: Landorus
|-damage|p2a: Landorus|0 fnt
|faint|p2a: Landorus
|
|-weather|RainDance|[upkeep]
|upkeep
|
|t:|1717174470
|switch|p2a: Latios|Latios, M|88/100
|-damage|p2a: Latios|76/100|[from] Stealth Rock
|turn|27
|
|t:|1717174476
|switch|p1a: Ferrothorn|Ferrothorn, F, shiny|47/100
|-damage|p1a: Ferrothorn|35/100|[from] Spikes
|-damage|p1a: Ferrothorn|28/100|[from] Stealth Rock
|move|p2a: Latios|Psyshock|p1a: Ferrothorn
|-resisted|p1a: Ferrothorn
|-damage|p1a: Ferrothorn|15/100
|
|-weather|RainDance|[upkeep]
|upkeep
|turn|28
|
|t:|1717174489
|move|p2a: Latios|Psyshock|p1a: Ferrothorn
|-resisted|p1a: Ferrothorn
|-damage|p1a: Ferrothorn|0 fnt
|faint|p1a: Ferrothorn
|
|-weather|RainDance|[upkeep]
|upkeep
|
|t:|1717174492
|switch|p1a: Latios|Latios, M|100/100
|-damage|p1a: Latios|88/100|[from] Stealth Rock
|turn|29
|
|t:|1717174501
|switch|p2a: Keldeo|Keldeo|100/100
|-damage|p2a: Keldeo|94/100|[from] Stealth Rock
|-damage|p2a: Keldeo|78/100|[from] Spikes
|move|p1a: Latios|Draco Meteor|p2a: Keldeo
|-damage|p2a: Keldeo|0 fnt
|-unboost|p1a: Latios|spa|2
|faint|p2a: Keldeo
|
|-weather|RainDance|[upkeep]
|upkeep
|
|t:|1717174505
|switch|p2a: Latios|Latios, M|76/100
|-damage|p2a: Latios|64/100|[from] Stealth Rock
|turn|30
|
|t:|1717174511
|switch|p1a: Keldeo|Keldeo-Resolute|63/100
|-damage|p1a: Keldeo|51/100|[from] Spikes
|-damage|p1a: Keldeo|45/100|[from] Stealth Rock
|move|p2a: Latios|Draco Meteor|p1a: Keldeo
|-damage|p1a: Keldeo|0 fnt
|-unboost|p2a: Latios|spa|2
|faint|p1a: Keldeo
|
|-weather|RainDance|[upkeep]
|upkeep
|
|t:|1717174513
|switch|p1a: Tentacruel|Tentacruel, F|51/100
|-damage|p1a: Tentacruel|39/100|[from] Spikes
|-damage|p1a: Tentacruel|27/100|[from] Stealth Rock
|turn|31
|
|t:|1717174515
|move|p1a: Tentacruel|Protect|p1a: Tentacruel
|-singleturn|p1a: Tentacruel|Protect
|move|p2a: Latios|Draco Meteor|p1a: Tentacruel
|-activate|p1a: Tentacruel|move: Protect
|
|-weather|RainDance|[upkeep]
|-heal|p1a: Tentacruel|33/100|[from] ability: Rain Dish
|upkeep
|turn|32
|
|t:|1717174518
|move|p2a: Latios|Draco Meteor|p1a: Tentacruel
|-damage|p1a: Tentacruel|4/100
|-unboost|p2a: Latios|spa|2
|move|p1a: Tentacruel|Rapid Spin|p2a: Latios
|-damage|p2a: Latios|60/100
|-sideend|p1: Croaset|Spikes|[from] move: Rapid Spin|[of] p1a: Tentacruel
|-sideend|p1: Croaset|Stealth Rock|[from] move: Rapid Spin|[of] p1a: Tentacruel
|
|-weather|RainDance|[upkeep]
|-heal|p1a: Tentacruel|10/100|[from] ability: Rain Dish
|upkeep
|turn|33
|
|t:|1717174521
|move|p1a: Tentacruel|Protect|p1a: Tentacruel
|-singleturn|p1a: Tentacruel|Protect
|move|p2a: Latios|Draco Meteor|p1a: Tentacruel
|-activate|p1a: Tentacruel|move: Protect
|
|-weather|RainDance|[upkeep]
|-heal|p1a: Tentacruel|16/100|[from] ability: Rain Dish
|upkeep
|turn|34
|
|t:|1717174525
|move|p2a: Latios|Draco Meteor|p1a: Tentacruel|[miss]
|-miss|p2a: Latios|p1a: Tentacruel
|move|p1a: Tentacruel|Toxic|p2a: Latios
|-status|p2a: Latios|tox
|
|-weather|RainDance|[upkeep]
|-heal|p1a: Tentacruel|22/100|[from] ability: Rain Dish
|-damage|p2a: Latios|54/100 tox|[from] psn
|upkeep
|turn|35
|
|t:|1717174528
|move|p1a: Tentacruel|Protect|p1a: Tentacruel
|-singleturn|p1a: Tentacruel|Protect
|move|p2a: Latios|Draco Meteor|p1a: Tentacruel
|-activate|p1a: Tentacruel|move: Protect
|
|-weather|RainDance|[upkeep]
|-heal|p1a: Tentacruel|29/100|[from] ability: Rain Dish
|-damage|p2a: Latios|42/100 tox|[from] psn
|upkeep
|turn|36
|
|t:|1717174531
|move|p2a: Latios|Draco Meteor|p1a: Tentacruel|[miss]
|-miss|p2a: Latios|p1a: Tentacruel
|move|p1a: Tentacruel|Scald|p2a: Latios
|-resisted|p2a: Latios
|-damage|p2a: Latios|24/100 tox
|
|-weather|RainDance|[upkeep]
|-heal|p1a: Tentacruel|35/100|[from] ability: Rain Dish
|-damage|p2a: Latios|6/100 tox|[from] psn
|upkeep
|turn|37
|
|t:|1717174536
|move|p1a: Tentacruel|Protect|p1a: Tentacruel
|-singleturn|p1a: Tentacruel|Protect
|move|p2a: Latios|Draco Meteor|p1a: Tentacruel
|-activate|p1a: Tentacruel|move: Protect
|
|-weather|RainDance|[upkeep]
|-heal|p1a: Tentacruel|41/100|[from] ability: Rain Dish
|-damage|p2a: Latios|0 fnt|[from] psn
|faint|p2a: Latios
|
|win|Croaset
|upkeep
|raw|Croaset's rating: 1341 &rarr; <strong>1361</strong><br />(+20 for winning)
|raw|CF0RCE's rating: 1342 &rarr; <strong>1322</strong><br />(-20 for losing)
|c|☆CF0RCE|Lol
|l|☆CF0RCE
|player|p2|
