|j|☆Taaa da
|j|☆porrompompom
|player|p1|Taaa da|steven-gen3
|player|p2|porrompompom|169
|teamsize|p1|6
|teamsize|p2|6
|gametype|singles
|gen|5
|tier|[Gen 5] OU
|rated|
|rule|Sleep Clause Mod: Limit one foe put to sleep
|rule|Species Clause: Limit one of each Pokémon
|rule|OHKO Clause: OHKO moves are banned
|rule|Moody Clause: Moody is banned
|rule|Evasion Moves Clause: Evasion moves are banned
|rule|Endless Battle Clause: Forcing endless battles is banned
|rule|HP Percentage Mod: HP is shown in percentages
|rule|Evasion Abilities Clause: Evasion abilities are banned
|rule|Baton Pass Clause: Limit one Baton Passer, can't pass Spe and other stats simultaneously
|rule|Swagger Clause: Swagger is banned
|clearpoke
|poke|p1|Politoed, F|item
|poke|p1|Skarmory, F|item
|poke|p1|Chansey, F|item
|poke|p1|Tentacruel, F|item
|poke|p1|Jirachi|item
|poke|p1|Tangrowth, F|item
|poke|p2|Ninetales, F|item
|poke|p2|Lilligant, F|item
|poke|p2|Heatran, M|item
|poke|p2|Latios, M|item
|poke|p2|Rotom-Wash|item
|poke|p2|Excadrill, M|item
|teampreview
|
|start
|switch|p1a: Politoed|Politoed, F|384/384
|switch|p2a: Rotom|Rotom-Wash|303/303
|-weather|RainDance|[from] ability: Drizzle|[of] p1a: Politoed
|turn|1
|
|move|p1a: Politoed|Protect|p1a: Politoed
|-singleturn|p1a: Politoed|Protect
|move|p2a: Rotom|Trick|p1a: Politoed
|-activate|p1a: Politoed|move: Protect
|
|-weather|RainDance|[upkeep]
|upkeep
|turn|2
|
|switch|p2a: Ninetales|Ninetales, F|349/349
|-weather|SunnyDay|[from] ability: Drought|[of] p2a: Ninetales
|switch|p1a: Jirachi|Jirachi|404/404
|
|-weather|SunnyDay|[upkeep]
|upkeep
|turn|3
|
|switch|p2a: Excadrill|Excadrill, M|423/423
|-ability|p2a: Excadrill|Mold Breaker
|move|p1a: Jirachi|U-turn|p2a: Excadrill
|-resisted|p2a: Excadrill
|-damage|p2a: Excadrill|383/423
|
|switch|p1a: Politoed|Politoed, F|384/384
|-weather|RainDance|[from] ability: Drizzle|[of] p1a: Politoed
|
|-weather|RainDance|[upkeep]
|-heal|p2a: Excadrill|409/423|[from] item: Leftovers
|upkeep
|turn|4
|
|switch|p2a: Rotom|Rotom-Wash|303/303
|move|p1a: Politoed|Scald|p2a: Rotom
|-resisted|p2a: Rotom
|-crit|p2a: Rotom
|-damage|p2a: Rotom|180/303
|
|-weather|RainDance|[upkeep]
|upkeep
|turn|5
|
|move|p1a: Politoed|Protect|p1a: Politoed
|-singleturn|p1a: Politoed|Protect
|move|p2a: Rotom|Volt Switch|p1a: Politoed
|-activate|p1a: Politoed|move: Protect
|
|-weather|RainDance|[upkeep]
|upkeep
|turn|6
|
|switch|p1a: Tangrowth|Tangrowth, F|404/404
|move|p2a: Rotom|Volt Switch|p1a: Tangrowth
|-resisted|p1a: Tangrowth
|-damage|p1a: Tangrowth|325/404
|
|switch|p2a: Ninetales|Ninetales, F|349/349
|-weather|SunnyDay|[from] ability: Drought|[of] p2a: Ninetales
|
|-weather|SunnyDay|[upkeep]
|-heal|p1a: Tangrowth|350/404|[from] item: Leftovers
|upkeep
|turn|7
|
|switch|p2a: Excadrill|Excadrill, M|409/423
|-ability|p2a: Excadrill|Mold Breaker
|switch|p1a: Politoed|Politoed, F|384/384
|-weather|RainDance|[from] ability: Drizzle|[of] p1a: Politoed
|
|-weather|RainDance|[upkeep]
|-heal|p2a: Excadrill|423/423|[from] item: Leftovers
|upkeep
|turn|8
|
|move|p2a: Excadrill|Toxic|p1a: Politoed
|-status|p1a: Politoed|tox
|move|p1a: Politoed|Scald|p2a: Excadrill
|-supereffective|p2a: Excadrill
|-damage|p2a: Excadrill|177/423
|
|-weather|RainDance|[upkeep]
|-heal|p2a: Excadrill|203/423|[from] item: Leftovers
|-damage|p1a: Politoed|360/384 tox|[from] psn
|upkeep
|turn|9
|
|switch|p2a: Ninetales|Ninetales, F|349/349
|-weather|SunnyDay|[from] ability: Drought|[of] p2a: Ninetales
|move|p1a: Politoed|Scald|p2a: Ninetales
|-supereffective|p2a: Ninetales
|-damage|p2a: Ninetales|259/349
|
|-weather|SunnyDay|[upkeep]
|-heal|p2a: Ninetales|280/349|[from] item: Leftovers
|-heal|p1a: Politoed|384/384 tox|[from] item: Leftovers
|-damage|p1a: Politoed|336/384 tox|[from] psn
|upkeep
|turn|10
|
|switch|p2a: Excadrill|Excadrill, M|203/423
|-ability|p2a: Excadrill|Mold Breaker
|move|p1a: Politoed|Toxic|p2a: Excadrill
|-immune|p2a: Excadrill
|
|-weather|SunnyDay|[upkeep]
|-heal|p2a: Excadrill|229/423|[from] item: Leftovers
|-heal|p1a: Politoed|360/384 tox|[from] item: Leftovers
|-damage|p1a: Politoed|288/384 tox|[from] psn
|upkeep
|turn|11
|
|switch|p2a: Rotom|Rotom-Wash|180/303
|switch|p1a: Skarmory|Skarmory, F|327/327
|
|-weather|SunnyDay|[upkeep]
|upkeep
|turn|12
|
|switch|p1a: Tangrowth|Tangrowth, F|404/404
|move|p2a: Rotom|Volt Switch|p1a: Tangrowth
|-resisted|p1a: Tangrowth
|-damage|p1a: Tangrowth|326/404
|
|switch|p2a: Heatran|Heatran, M|323/323
|-item|p2a: Heatran|Air Balloon
|
|-weather|SunnyDay|[upkeep]
|-heal|p1a: Tangrowth|351/404|[from] item: Leftovers
|upkeep
|turn|13
|
|switch|p1a: Chansey|Chansey, F|651/651
|move|p2a: Heatran|Magma Storm|p1a: Chansey
|-damage|p1a: Chansey|494/651
|-activate|p1a: Chansey|move: Magma Storm|[of] p2a: Heatran
|
|-weather|SunnyDay|[upkeep]
|-damage|p1a: Chansey|454/651|[from] move: Magma Storm|[partiallytrapped]
|upkeep
|turn|14
|
|switch|p2a: Excadrill|Excadrill, M|229/423
|-ability|p2a: Excadrill|Mold Breaker
|move|p1a: Chansey|Stealth Rock|p2a: Excadrill
|-sidestart|p2: porrompompom|move: Stealth Rock
|
|-weather|SunnyDay|[upkeep]
|-heal|p2a: Excadrill|255/423|[from] item: Leftovers
|upkeep
|turn|15
|
|switch|p1a: Skarmory|Skarmory, F|327/327
|move|p2a: Excadrill|Rapid Spin|p1a: Skarmory
|-resisted|p1a: Skarmory
|-damage|p1a: Skarmory|321/327
|-sideend|p2: porrompompom|Stealth Rock|[from] move: Rapid Spin|[of] p2a: Excadrill
|
|-weather|SunnyDay|[upkeep]
|-heal|p2a: Excadrill|281/423|[from] item: Leftovers
|-heal|p1a: Skarmory|327/327|[from] item: Leftovers
|upkeep
|turn|16
|
|switch|p1a: Politoed|Politoed, F|288/384 tox
|-weather|RainDance|[from] ability: Drizzle|[of] p1a: Politoed
|move|p2a: Excadrill|Stealth Rock|p1a: Politoed
|-sidestart|p1: Taaa da|move: Stealth Rock
|
|-weather|RainDance|[upkeep]
|-heal|p2a: Excadrill|307/423|[from] item: Leftovers
|-heal|p1a: Politoed|312/384 tox|[from] item: Leftovers
|-damage|p1a: Politoed|288/384 tox|[from] psn
|upkeep
|turn|17
|
|switch|p2a: Ninetales|Ninetales, F|280/349
|-weather|SunnyDay|[from] ability: Drought|[of] p2a: Ninetales
|move|p1a: Politoed|Toxic|p2a: Ninetales
|-status|p2a: Ninetales|tox
|
|-weather|SunnyDay|[upkeep]
|-heal|p2a: Ninetales|301/349 tox|[from] item: Leftovers
|-heal|p1a: Politoed|312/384 tox|[from] item: Leftovers
|-damage|p2a: Ninetales|280/349 tox|[from] psn
|-damage|p1a: Politoed|264/384 tox|[from] psn
|upkeep
|turn|18
|
|switch|p2a: Rotom|Rotom-Wash|180/303
|switch|p1a: Chansey|Chansey, F|454/651
|-damage|p1a: Chansey|373/651|[from] Stealth Rock
|
|-weather|SunnyDay|[upkeep]
|upkeep
|turn|19
|
|move|p2a: Rotom|Volt Switch|p1a: Chansey
|-damage|p1a: Chansey|327/651
|
|switch|p2a: Excadrill|Excadrill, M|307/423
|-ability|p2a: Excadrill|Mold Breaker
|move|p1a: Chansey|Seismic Toss|p2a: Excadrill
|-damage|p2a: Excadrill|207/423
|
|-weather|SunnyDay|[upkeep]
|-heal|p2a: Excadrill|233/423|[from] item: Leftovers
|upkeep
|turn|20
|
|switch|p2a: Rotom|Rotom-Wash|180/303
|switch|p1a: Skarmory|Skarmory, F|327/327
|-damage|p1a: Skarmory|287/327|[from] Stealth Rock
|
|-weather|SunnyDay|[upkeep]
|-heal|p1a: Skarmory|307/327|[from] item: Leftovers
|upkeep
|turn|21
|
|switch|p1a: Tangrowth|Tangrowth, F|404/404
|-damage|p1a: Tangrowth|354/404|[from] Stealth Rock
|move|p2a: Rotom|Volt Switch|p1a: Tangrowth
|-resisted|p1a: Tangrowth
|-damage|p1a: Tangrowth|275/404
|
|switch|p2a: Heatran|Heatran, M|323/323
|-item|p2a: Heatran|Air Balloon
|
|-weather|SunnyDay|[upkeep]
|-heal|p1a: Tangrowth|300/404|[from] item: Leftovers
|upkeep
|turn|22
|
|switch|p2a: Latios|Latios, M|301/301
|switch|p1a: Tentacruel|Tentacruel, F|363/363
|-damage|p1a: Tentacruel|318/363|[from] Stealth Rock
|
|-weather|SunnyDay|[upkeep]
|-heal|p1a: Tentacruel|340/363|[from] item: Leftovers
|upkeep
|turn|23
|
|move|p1a: Tentacruel|Protect|p1a: Tentacruel
|-singleturn|p1a: Tentacruel|Protect
|move|p2a: Latios|Psyshock|p1a: Tentacruel
|-activate|p1a: Tentacruel|move: Protect
|
|-weather|SunnyDay|[upkeep]
|-heal|p1a: Tentacruel|362/363|[from] item: Leftovers
|upkeep
|turn|24
|
|switch|p1a: Jirachi|Jirachi|404/404
|-damage|p1a: Jirachi|379/404|[from] Stealth Rock
|move|p2a: Latios|Earthquake|p1a: Jirachi
|-supereffective|p1a: Jirachi
|-damage|p1a: Jirachi|194/404
|-damage|p2a: Latios|271/301|[from] item: Life Orb
|
|-weather|SunnyDay|[upkeep]
|upkeep
|turn|25
|
|move|p1a: Jirachi|U-turn|p2a: Latios
|-supereffective|p2a: Latios
|-damage|p2a: Latios|113/301
|
|switch|p1a: Tangrowth|Tangrowth, F|404/404
|-damage|p1a: Tangrowth|354/404|[from] Stealth Rock
|move|p2a: Latios|Earthquake|p1a: Tangrowth
|-resisted|p1a: Tangrowth
|-damage|p1a: Tangrowth|325/404
|-damage|p2a: Latios|83/301|[from] item: Life Orb
|
|-weather|SunnyDay|[upkeep]
|-heal|p1a: Tangrowth|350/404|[from] item: Leftovers
|upkeep
|turn|26
|
|move|p2a: Latios|Draco Meteor|p1a: Tangrowth|[miss]
|-miss|p2a: Latios|p1a: Tangrowth
|move|p1a: Tangrowth|Sleep Powder|p2a: Latios
|-status|p2a: Latios|slp|[from] move: Sleep Powder
|
|-weather|SunnyDay|[upkeep]
|-heal|p1a: Tangrowth|375/404|[from] item: Leftovers
|upkeep
|turn|27
|c|☆porrompompom|s i g h
|
|switch|p2a: Heatran|Heatran, M|323/323
|-item|p2a: Heatran|Air Balloon
|switch|p1a: Tentacruel|Tentacruel, F|362/363
|-damage|p1a: Tentacruel|317/363|[from] Stealth Rock
|
|-weather|SunnyDay|[upkeep]
|-heal|p1a: Tentacruel|339/363|[from] item: Leftovers
|upkeep
|turn|28
|
|move|p2a: Heatran|Earth Power|p1a: Tentacruel
|-supereffective|p1a: Tentacruel
|-damage|p1a: Tentacruel|199/363
|move|p1a: Tentacruel|Rapid Spin|p2a: Heatran
|-resisted|p2a: Heatran
|-damage|p2a: Heatran|318/323
|-enditem|p2a: Heatran|Air Balloon
|-sideend|p1: Taaa da|Stealth Rock|[from] move: Rapid Spin|[of] p1a: Tentacruel
|
|-weather|SunnyDay|[upkeep]
|-heal|p1a: Tentacruel|221/363|[from] item: Leftovers
|upkeep
|turn|29
|
|move|p1a: Tentacruel|Protect|p1a: Tentacruel
|-singleturn|p1a: Tentacruel|Protect
|move|p2a: Heatran|Magma Storm|p1a: Tentacruel
|-activate|p1a: Tentacruel|move: Protect
|
|-weather|SunnyDay|[upkeep]
|-heal|p1a: Tentacruel|243/363|[from] item: Leftovers
|upkeep
|turn|30
|
|switch|p1a: Politoed|Politoed, F|264/384 tox
|-weather|RainDance|[from] ability: Drizzle|[of] p1a: Politoed
|move|p2a: Heatran|Magma Storm|p1a: Politoed
|-resisted|p1a: Politoed
|-damage|p1a: Politoed|215/384 tox
|-activate|p1a: Politoed|move: Magma Storm|[of] p2a: Heatran
|
|-weather|RainDance|[upkeep]
|-heal|p1a: Politoed|239/384 tox|[from] item: Leftovers
|-damage|p1a: Politoed|215/384 tox|[from] psn
|-damage|p1a: Politoed|191/384 tox|[from] move: Magma Storm|[partiallytrapped]
|upkeep
|turn|31
|
|move|p2a: Heatran|Sunny Day|p2a: Heatran
|-weather|SunnyDay
|move|p1a: Politoed|Toxic|p2a: Heatran|[miss]
|-miss|p1a: Politoed|p2a: Heatran
|
|-weather|SunnyDay|[upkeep]
|-heal|p1a: Politoed|215/384 tox|[from] item: Leftovers
|-damage|p1a: Politoed|167/384 tox|[from] psn
|-damage|p1a: Politoed|143/384 tox|[from] move: Magma Storm|[partiallytrapped]
|upkeep
|turn|32
|
|move|p2a: Heatran|Solar Beam||[still]
|-prepare|p2a: Heatran|Solar Beam|p1a: Politoed
|-anim|p2a: Heatran|Solar Beam|p1a: Politoed
|-supereffective|p1a: Politoed
|-damage|p1a: Politoed|0 fnt
|faint|p1a: Politoed
|
|-weather|SunnyDay|[upkeep]
|upkeep
|
|switch|p1a: Chansey|Chansey, F|327/651
|turn|33
|
|switch|p2a: Excadrill|Excadrill, M|233/423
|-ability|p2a: Excadrill|Mold Breaker
|move|p1a: Chansey|Stealth Rock|p2a: Excadrill
|-sidestart|p2: porrompompom|move: Stealth Rock
|
|-weather|SunnyDay|[upkeep]
|-heal|p2a: Excadrill|259/423|[from] item: Leftovers
|upkeep
|turn|34
|
|switch|p1a: Skarmory|Skarmory, F|307/327
|move|p2a: Excadrill|Rapid Spin|p1a: Skarmory
|-resisted|p1a: Skarmory
|-damage|p1a: Skarmory|301/327
|-sideend|p2: porrompompom|Stealth Rock|[from] move: Rapid Spin|[of] p2a: Excadrill
|
|-weather|SunnyDay|[upkeep]
|-heal|p2a: Excadrill|285/423|[from] item: Leftovers
|-heal|p1a: Skarmory|321/327|[from] item: Leftovers
|upkeep
|turn|35
|
|move|p2a: Excadrill|Stealth Rock|p1a: Skarmory
|-sidestart|p1: Taaa da|move: Stealth Rock
|move|p1a: Skarmory|Spikes|p2a: Excadrill
|-sidestart|p2: porrompompom|Spikes
|
|-weather|none
|-heal|p2a: Excadrill|311/423|[from] item: Leftovers
|-heal|p1a: Skarmory|327/327|[from] item: Leftovers
|upkeep
|turn|36
|
|move|p2a: Excadrill|Rapid Spin|p1a: Skarmory
|-resisted|p1a: Skarmory
|-damage|p1a: Skarmory|321/327
|-sideend|p2: porrompompom|Spikes|[from] move: Rapid Spin|[of] p2a: Excadrill
|move|p1a: Skarmory|Spikes|p2a: Excadrill
|-sidestart|p2: porrompompom|Spikes
|
|-heal|p2a: Excadrill|337/423|[from] item: Leftovers
|-heal|p1a: Skarmory|327/327|[from] item: Leftovers
|upkeep
|turn|37
|
|move|p2a: Excadrill|Rapid Spin|p1a: Skarmory
|-resisted|p1a: Skarmory
|-damage|p1a: Skarmory|320/327
|-sideend|p2: porrompompom|Spikes|[from] move: Rapid Spin|[of] p2a: Excadrill
|move|p1a: Skarmory|Whirlwind|p2a: Excadrill
|drag|p2a: Latios|Latios, M|83/301 slp
|
|-heal|p1a: Skarmory|327/327|[from] item: Leftovers
|upkeep
|turn|38
|
|switch|p2a: Excadrill|Excadrill, M|337/423
|-ability|p2a: Excadrill|Mold Breaker
|move|p1a: Skarmory|Spikes|p2a: Excadrill
|-sidestart|p2: porrompompom|Spikes
|
|-heal|p2a: Excadrill|363/423|[from] item: Leftovers
|upkeep
|turn|39
|
|switch|p1a: Tangrowth|Tangrowth, F|404/404
|-damage|p1a: Tangrowth|354/404|[from] Stealth Rock
|move|p2a: Excadrill|Rapid Spin|p1a: Tangrowth
|-damage|p1a: Tangrowth|341/404
|-sideend|p2: porrompompom|Spikes|[from] move: Rapid Spin|[of] p2a: Excadrill
|
|-heal|p2a: Excadrill|389/423|[from] item: Leftovers
|-heal|p1a: Tangrowth|366/404|[from] item: Leftovers
|upkeep
|turn|40
|
|move|p2a: Excadrill|Toxic|p1a: Tangrowth
|-status|p1a: Tangrowth|tox
|move|p1a: Tangrowth|Focus Blast|p2a: Excadrill
|-supereffective|p2a: Excadrill
|-crit|p2a: Excadrill
|-damage|p2a: Excadrill|5/423
|
|-heal|p2a: Excadrill|31/423|[from] item: Leftovers
|-heal|p1a: Tangrowth|391/404 tox|[from] item: Leftovers
|-damage|p1a: Tangrowth|366/404 tox|[from] psn
|upkeep
|turn|41
|
|switch|p2a: Ninetales|Ninetales, F|280/349 tox
|-weather|SunnyDay|[from] ability: Drought|[of] p2a: Ninetales
|move|p1a: Tangrowth|Focus Blast|p2a: Ninetales|[miss]
|-miss|p1a: Tangrowth|p2a: Ninetales
|
|-weather|SunnyDay|[upkeep]
|-heal|p2a: Ninetales|301/349 tox|[from] item: Leftovers
|-heal|p1a: Tangrowth|391/404 tox|[from] item: Leftovers
|-damage|p2a: Ninetales|280/349 tox|[from] psn
|-damage|p1a: Tangrowth|341/404 tox|[from] psn
|upkeep
|turn|42
|
|switch|p1a: Chansey|Chansey, F|327/651
|-damage|p1a: Chansey|246/651|[from] Stealth Rock
|move|p2a: Ninetales|Will-O-Wisp|p1a: Chansey
|-status|p1a: Chansey|brn
|
|-weather|SunnyDay|[upkeep]
|-heal|p2a: Ninetales|301/349 tox|[from] item: Leftovers
|-damage|p2a: Ninetales|259/349 tox|[from] psn
|-damage|p1a: Chansey|165/651 brn|[from] brn
|upkeep
|turn|43
|
|switch|p2a: Lilligant|Lilligant, F|281/281
|move|p1a: Chansey|Soft-Boiled|p1a: Chansey
|-heal|p1a: Chansey|491/651 brn
|
|-weather|SunnyDay|[upkeep]
|-damage|p1a: Chansey|410/651 brn|[from] brn
|upkeep
|turn|44
|
|move|p2a: Lilligant|Quiver Dance|p2a: Lilligant
|-boost|p2a: Lilligant|spa|1
|-boost|p2a: Lilligant|spd|1
|-boost|p2a: Lilligant|spe|1
|move|p1a: Chansey|Stealth Rock|p2a: Lilligant
|-sidestart|p2: porrompompom|move: Stealth Rock
|
|-weather|SunnyDay|[upkeep]
|-damage|p1a: Chansey|329/651 brn|[from] brn
|upkeep
|turn|45
|
|move|p2a: Lilligant|Quiver Dance|p2a: Lilligant
|-boost|p2a: Lilligant|spa|1
|-boost|p2a: Lilligant|spd|1
|-boost|p2a: Lilligant|spe|1
|move|p1a: Chansey|Toxic|p2a: Lilligant
|-immune|p2a: Lilligant|[from] ability: Leaf Guard
|
|-weather|SunnyDay|[upkeep]
|-damage|p1a: Chansey|248/651 brn|[from] brn
|upkeep
|turn|46
|
|move|p2a: Lilligant|Quiver Dance|p2a: Lilligant
|-boost|p2a: Lilligant|spa|1
|-boost|p2a: Lilligant|spd|1
|-boost|p2a: Lilligant|spe|1
|move|p1a: Chansey|Soft-Boiled|p1a: Chansey
|-heal|p1a: Chansey|574/651 brn
|
|-weather|SunnyDay|[upkeep]
|-damage|p1a: Chansey|493/651 brn|[from] brn
|upkeep
|turn|47
|
|move|p2a: Lilligant|Quiver Dance|p2a: Lilligant
|-boost|p2a: Lilligant|spa|1
|-boost|p2a: Lilligant|spd|1
|-boost|p2a: Lilligant|spe|1
|move|p1a: Chansey|Seismic Toss|p2a: Lilligant
|-damage|p2a: Lilligant|181/281
|
|-weather|SunnyDay|[upkeep]
|-heal|p2a: Lilligant|198/281|[from] item: Leftovers
|-damage|p1a: Chansey|412/651 brn|[from] brn
|upkeep
|turn|48
|
|move|p2a: Lilligant|Giga Drain|p1a: Chansey
|-damage|p1a: Chansey|199/651 brn
|-heal|p2a: Lilligant|281/281|[from] drain|[of] p1a: Chansey
|move|p1a: Chansey|Seismic Toss|p2a: Lilligant
|-damage|p2a: Lilligant|181/281
|
|-weather|SunnyDay|[upkeep]
|-heal|p2a: Lilligant|198/281|[from] item: Leftovers
|-damage|p1a: Chansey|118/651 brn|[from] brn
|upkeep
|turn|49
|
|move|p2a: Lilligant|Giga Drain|p1a: Chansey
|-damage|p1a: Chansey|0 fnt
|-heal|p2a: Lilligant|257/281|[from] drain|[of] p1a: Chansey
|faint|p1a: Chansey
|
|-weather|SunnyDay|[upkeep]
|-heal|p2a: Lilligant|274/281|[from] item: Leftovers
|upkeep
|
|switch|p1a: Jirachi|Jirachi|194/404
|-damage|p1a: Jirachi|169/404|[from] Stealth Rock
|turn|50
|
|move|p2a: Lilligant|Hidden Power|p1a: Jirachi
|-supereffective|p1a: Jirachi
|-damage|p1a: Jirachi|0 fnt
|faint|p1a: Jirachi
|
|-weather|SunnyDay|[upkeep]
|-heal|p2a: Lilligant|281/281|[from] item: Leftovers
|upkeep
|-message|Taaa da forfeited.
|
|win|porrompompom
|l|☆Taaa da
|raw|Taaa da's rating: 1375 &rarr; <strong>1358</strong><br />(-17 for losing)
|raw|porrompompom's rating: 1427 &rarr; <strong>1444</strong><br />(+17 for winning)
