|j|☆CN-Vedmon
|j|‽kinetic koko
|t:|1711145459
|gametype|singles
|player|p1|CN-Vedmon|idol|1595
|player|p2|kinetic koko|1|1696
|teamsize|p1|6
|teamsize|p2|6
|gen|5
|tier|[Gen 5] OU
|rated|
|rule|Species Clause: Limit one of each Pokémon
|rule|OHKO Clause: OHKO moves are banned
|rule|Moody Clause: Moody is banned
|rule|Evasion Items Clause: Evasion items are banned
|rule|Evasion Moves Clause: Evasion moves are banned
|rule|Endless Battle Clause: Forcing endless battles is banned
|rule|HP Percentage Mod: HP is shown in percentages
|rule|Evasion Abilities Clause: Evasion abilities are banned
|rule|Sleep Moves Clause: Sleep-inducing moves are banned
|rule|Swagger Clause: Swagger is banned
|rule|Baton Pass Stat Clause: No Baton Passer may have a way to boost its stats
|clearpoke
|poke|p1|Latios, M|item
|poke|p1|Dragonite, M|item
|poke|p1|Starmie|item
|poke|p1|Garchomp, F|item
|poke|p1|Magnezone|item
|poke|p1|Scizor, F|item
|poke|p2|Chansey, F|item
|poke|p2|Cresselia, F|item
|poke|p2|Ninetales, M|item
|poke|p2|Volcarona, F|item
|poke|p2|Donphan, M|item
|poke|p2|Heatran, M|item
|teampreview
|inactive|Battle timer is ON: inactive players will automatically lose when time's up. (requested by CN-Vedmon)
|
|t:|1711145474
|start
|switch|p1a: Garchomp|Garchomp, F|100/100
|switch|p2a: Ninetales|Ninetales, M|100/100
|-weather|SunnyDay|[from] ability: Drought|[of] p2a: Ninetales
|turn|1
|
|t:|1711145477
|move|p1a: Garchomp|Earthquake|p2a: Ninetales
|-supereffective|p2a: Ninetales
|-damage|p2a: Ninetales|16/100
|move|p2a: Ninetales|Will-O-Wisp|p1a: Garchomp|[miss]
|-miss|p2a: Ninetales|p1a: Garchomp
|
|-weather|SunnyDay|[upkeep]
|-heal|p2a: Ninetales|22/100|[from] item: Leftovers
|upkeep
|turn|2
|j| marsandback
|
|t:|1711145483
|move|p1a: Garchomp|Stealth Rock|p2a: Ninetales
|-sidestart|p2: kinetic koko|move: Stealth Rock
|move|p2a: Ninetales|Will-O-Wisp|p1a: Garchomp
|-status|p1a: Garchomp|brn
|-enditem|p1a: Garchomp|Lum Berry|[eat]
|-curestatus|p1a: Garchomp|brn|[msg]
|
|-weather|SunnyDay|[upkeep]
|-heal|p2a: Ninetales|29/100|[from] item: Leftovers
|upkeep
|turn|3
|
|t:|1711145493
|move|p1a: Garchomp|Earthquake|p2a: Ninetales
|-supereffective|p2a: Ninetales
|-damage|p2a: Ninetales|0 fnt
|faint|p2a: Ninetales
|
|-weather|SunnyDay|[upkeep]
|upkeep
|
|t:|1711145495
|switch|p2a: Donphan|Donphan, M|100/100
|-damage|p2a: Donphan|94/100|[from] Stealth Rock
|turn|4
|
|t:|1711145499
|move|p1a: Garchomp|Swords Dance|p1a: Garchomp
|-boost|p1a: Garchomp|atk|2
|move|p2a: Donphan|Toxic|p1a: Garchomp
|-status|p1a: Garchomp|tox
|
|-weather|SunnyDay|[upkeep]
|-heal|p2a: Donphan|100/100|[from] item: Leftovers
|-damage|p1a: Garchomp|94/100 tox|[from] psn
|upkeep
|turn|5
|
|t:|1711145510
|move|p1a: Garchomp|Swords Dance|p1a: Garchomp
|-boost|p1a: Garchomp|atk|2
|move|p2a: Donphan|Rapid Spin|p1a: Garchomp
|-damage|p1a: Garchomp|89/100 tox
|-damage|p2a: Donphan|88/100|[from] ability: Rough Skin|[of] p1a: Garchomp
|-sideend|p2: kinetic koko|Stealth Rock|[from] move: Rapid Spin|[of] p2a: Donphan
|
|-weather|SunnyDay|[upkeep]
|-heal|p2a: Donphan|94/100|[from] item: Leftovers
|-damage|p1a: Garchomp|76/100 tox|[from] psn
|upkeep
|turn|6
|
|t:|1711145521
|move|p1a: Garchomp|Stealth Rock|p2a: Donphan
|-sidestart|p2: kinetic koko|move: Stealth Rock
|move|p2a: Donphan|Rapid Spin|p1a: Garchomp
|-damage|p1a: Garchomp|71/100 tox
|-damage|p2a: Donphan|82/100|[from] ability: Rough Skin|[of] p1a: Garchomp
|-sideend|p2: kinetic koko|Stealth Rock|[from] move: Rapid Spin|[of] p2a: Donphan
|
|-weather|SunnyDay|[upkeep]
|-heal|p2a: Donphan|88/100|[from] item: Leftovers
|-damage|p1a: Garchomp|53/100 tox|[from] psn
|upkeep
|turn|7
|
|t:|1711145527
|move|p2a: Donphan|Protect|p2a: Donphan
|-singleturn|p2a: Donphan|Protect
|move|p1a: Garchomp|Outrage|p2a: Donphan
|-activate|p2a: Donphan|move: Protect
|
|-weather|SunnyDay|[upkeep]
|-heal|p2a: Donphan|94/100|[from] item: Leftovers
|-damage|p1a: Garchomp|28/100 tox|[from] psn
|upkeep
|turn|8
|
|t:|1711145537
|move|p1a: Garchomp|Earthquake|p2a: Donphan
|-damage|p2a: Donphan|3/100
|move|p2a: Donphan|Rapid Spin|p1a: Garchomp
|-damage|p1a: Garchomp|22/100 tox
|-damage|p2a: Donphan|0 fnt|[from] ability: Rough Skin|[of] p1a: Garchomp
|faint|p2a: Donphan
|
|-weather|SunnyDay|[upkeep]
|-damage|p1a: Garchomp|0 fnt|[from] psn
|faint|p1a: Garchomp
|upkeep
|
|t:|1711145548
|switch|p1a: Dragonite|Dragonite, M|100/100
|switch|p2a: Chansey|Chansey, F|100/100
|turn|9
|
|t:|1711145552
|switch|p2a: Cresselia|Cresselia, F|100/100
|move|p1a: Dragonite|Superpower|p2a: Cresselia
|-resisted|p2a: Cresselia
|-damage|p2a: Cresselia|82/100
|-unboost|p1a: Dragonite|atk|1
|-unboost|p1a: Dragonite|def|1
|
|-weather|SunnyDay|[upkeep]
|-heal|p2a: Cresselia|88/100|[from] item: Leftovers
|upkeep
|turn|10
|
|t:|1711145560
|switch|p2a: Chansey|Chansey, F|100/100
|switch|p1a: Scizor|Scizor, F|100/100
|
|-weather|SunnyDay|[upkeep]
|upkeep
|turn|11
|
|t:|1711145565
|move|p1a: Scizor|U-turn|p2a: Chansey
|-damage|p2a: Chansey|62/100
|
|t:|1711145568
|switch|p1a: Dragonite|Dragonite, M|100/100|[from] U-turn
|move|p2a: Chansey|Stealth Rock|p1a: Dragonite
|-sidestart|p1: CN-Vedmon|move: Stealth Rock
|
|-weather|SunnyDay|[upkeep]
|upkeep
|turn|12
|
|t:|1711145576
|switch|p2a: Heatran|Heatran, M|100/100
|move|p1a: Dragonite|Dragon Claw|p2a: Heatran
|-resisted|p2a: Heatran
|-damage|p2a: Heatran|66/100
|
|-weather|SunnyDay|[upkeep]
|-heal|p2a: Heatran|72/100|[from] item: Leftovers
|upkeep
|turn|13
|
|t:|1711145584
|switch|p1a: Starmie|Starmie|100/100
|-damage|p1a: Starmie|88/100|[from] Stealth Rock
|move|p2a: Heatran|Magma Storm|p1a: Starmie
|-resisted|p1a: Starmie
|-damage|p1a: Starmie|33/100
|-activate|p1a: Starmie|move: Magma Storm|[of] p2a: Heatran
|
|-weather|SunnyDay|[upkeep]
|-heal|p1a: Starmie|39/100|[from] item: Leftovers
|-heal|p2a: Heatran|78/100|[from] item: Leftovers
|-damage|p1a: Starmie|33/100|[from] move: Magma Storm|[partiallytrapped]
|upkeep
|turn|14
|
|t:|1711145591
|move|p1a: Starmie|Rapid Spin|p2a: Heatran
|-resisted|p2a: Heatran
|-damage|p2a: Heatran|77/100
|-sideend|p1: CN-Vedmon|Stealth Rock|[from] move: Rapid Spin|[of] p1a: Starmie
|-end|p1a: Starmie|Magma Storm|[partiallytrapped]
|move|p2a: Heatran|Solar Beam||[still]
|-prepare|p2a: Heatran|Solar Beam
|-anim|p2a: Heatran|Solar Beam|p1a: Starmie
|-supereffective|p1a: Starmie
|-damage|p1a: Starmie|0 fnt
|faint|p1a: Starmie
|
|-weather|SunnyDay|[upkeep]
|-heal|p2a: Heatran|83/100|[from] item: Leftovers
|upkeep
|
|t:|1711145606
|switch|p1a: Dragonite|Dragonite, M|100/100
|turn|15
|
|t:|1711145610
|move|p2a: Heatran|Dragon Pulse|p1a: Dragonite
|-supereffective|p1a: Dragonite
|-damage|p1a: Dragonite|71/100
|move|p1a: Dragonite|Dragon Claw|p2a: Heatran
|-resisted|p2a: Heatran
|-damage|p2a: Heatran|47/100
|
|-weather|SunnyDay|[upkeep]
|-heal|p2a: Heatran|53/100|[from] item: Leftovers
|upkeep
|turn|16
|
|t:|1711145618
|move|p2a: Heatran|Magma Storm|p1a: Dragonite
|-resisted|p1a: Dragonite
|-damage|p1a: Dragonite|32/100
|-activate|p1a: Dragonite|move: Magma Storm|[of] p2a: Heatran
|move|p1a: Dragonite|Dragon Claw|p2a: Heatran
|-resisted|p2a: Heatran
|-damage|p2a: Heatran|16/100
|
|-weather|SunnyDay|[upkeep]
|-heal|p2a: Heatran|22/100|[from] item: Leftovers
|-damage|p1a: Dragonite|25/100|[from] move: Magma Storm|[partiallytrapped]
|upkeep
|turn|17
|
|t:|1711145624
|move|p2a: Heatran|Dragon Pulse|p1a: Dragonite
|-supereffective|p1a: Dragonite
|-damage|p1a: Dragonite|0 fnt
|faint|p1a: Dragonite
|
|-weather|SunnyDay|[upkeep]
|-heal|p2a: Heatran|29/100|[from] item: Leftovers
|upkeep
|
|t:|1711145628
|switch|p1a: Magnezone|Magnezone|100/100
|turn|18
|
|t:|1711145630
|move|p1a: Magnezone|Discharge|p2a: Heatran
|-damage|p2a: Heatran|0 fnt
|faint|p2a: Heatran
|
|-weather|SunnyDay|[upkeep]
|upkeep
|
|t:|1711145634
|switch|p2a: Chansey|Chansey, F|62/100
|turn|19
|
|t:|1711145637
|switch|p1a: Scizor|Scizor, F|100/100
|move|p2a: Chansey|Soft-Boiled|p2a: Chansey
|-heal|p2a: Chansey|100/100
|
|-weather|SunnyDay|[upkeep]
|upkeep
|turn|20
|
|t:|1711145645
|move|p1a: Scizor|Superpower|p2a: Chansey
|-supereffective|p2a: Chansey
|-damage|p2a: Chansey|19/100
|-unboost|p1a: Scizor|atk|1
|-unboost|p1a: Scizor|def|1
|move|p2a: Chansey|Stealth Rock|p1a: Scizor
|-sidestart|p1: CN-Vedmon|move: Stealth Rock
|
|-weather|SunnyDay|[upkeep]
|upkeep
|turn|21
|
|t:|1711145653
|move|p1a: Scizor|Superpower|p2a: Chansey
|-supereffective|p2a: Chansey
|-damage|p2a: Chansey|0 fnt
|-unboost|p1a: Scizor|atk|1
|-unboost|p1a: Scizor|def|1
|faint|p2a: Chansey
|
|-weather|SunnyDay|[upkeep]
|upkeep
|
|t:|1711145655
|switch|p2a: Volcarona|Volcarona, F|100/100
|turn|22
|
|t:|1711145663
|switch|p1a: Latios|Latios, M|100/100
|-damage|p1a: Latios|88/100|[from] Stealth Rock
|move|p2a: Volcarona|Bug Buzz|p1a: Latios
|-supereffective|p1a: Latios
|-damage|p1a: Latios|0 fnt
|faint|p1a: Latios
|
|-weather|SunnyDay|[upkeep]
|upkeep
|
|t:|1711145667
|switch|p1a: Magnezone|Magnezone|100/100
|-damage|p1a: Magnezone|94/100|[from] Stealth Rock
|turn|23
|
|t:|1711145675
|move|p1a: Magnezone|Discharge|p2a: Volcarona
|-damage|p2a: Volcarona|61/100
|move|p2a: Volcarona|Flamethrower|p1a: Magnezone
|-supereffective|p1a: Magnezone
|-damage|p1a: Magnezone|0 fnt
|faint|p1a: Magnezone
|
|-weather|SunnyDay|[upkeep]
|-heal|p2a: Volcarona|67/100|[from] item: Leftovers
|upkeep
|
|t:|1711145680
|switch|p1a: Scizor|Scizor, F|100/100
|-damage|p1a: Scizor|88/100|[from] Stealth Rock
|turn|24
|
|t:|1711145682
|move|p1a: Scizor|Bullet Punch|p2a: Volcarona
|-resisted|p2a: Volcarona
|-damage|p2a: Volcarona|44/100
|move|p2a: Volcarona|Flamethrower|p1a: Scizor
|-supereffective|p1a: Scizor
|-damage|p1a: Scizor|0 fnt
|faint|p1a: Scizor
|
|win|kinetic koko
|raw|CN-Vedmon's rating: 1595 &rarr; <strong>1581</strong><br />(-14 for losing)
|raw|kinetic koko's rating: 1696 &rarr; <strong>1710</strong><br />(+14 for winning)
|l|☆CN-Vedmon
|player|p1|
|l|‽kinetic koko
|player|p2|
