|j|☆tbt123
|j|☆DubbedOn
|t:|1744853959
|gametype|singles
|player|p1|tbt123|veteran|1326
|player|p2|DubbedOn|gambler|1374
|teamsize|p1|6
|teamsize|p2|6
|gen|5
|tier|[Gen 5] OU
|rated|
|rule|Species Clause: Limit one of each Pokémon
|rule|OHKO Clause: OHKO moves are banned
|rule|Moody Clause: Moody is banned
|rule|Evasion Items Clause: Evasion items are banned
|rule|Evasion Moves Clause: Evasion moves are banned
|rule|Endless Battle Clause: Forcing endless battles is banned
|rule|HP Percentage Mod: HP is shown in percentages
|rule|Evasion Abilities Clause: Evasion abilities are banned
|rule|Sleep Moves Clause: Sleep-inducing moves are banned
|rule|Swagger Clause: Swagger is banned
|rule|Baton Pass Stat Clause: No Baton Passer may have a way to boost its stats
|clearpoke
|poke|p1|Bronzong|item
|poke|p1|Xatu, M|item
|poke|p1|Conkeldurr, M|item
|poke|p1|Reuniclus, F|item
|poke|p1|Ursaring, F|item
|poke|p1|Marowak, F|item
|poke|p2|Alakazam, F|item
|poke|p2|Reuniclus, M|item
|poke|p2|Landorus-Therian, M|item
|poke|p2|Conkeldurr, F|item
|poke|p2|Celebi|item
|poke|p2|Heatran, M|item
|teampreview
|inactive|Battle timer is ON: inactive players will automatically lose when time's up. (requested by DubbedOn)
|inactive|DubbedOn has 120 seconds left.
|
|t:|1744853991
|start
|switch|p1a: Xatu|Xatu, M|100/100
|switch|p2a: Heatran|Heatran, M|100/100
|turn|1
|
|t:|1744853999
|move|p2a: Heatran|Magma Storm|p1a: Xatu
|-damage|p1a: Xatu|34/100
|-activate|p1a: Xatu|move: Magma Storm|[of] p2a: Heatran
|move|p1a: Xatu|Trick Room|p1a: Xatu
|-fieldstart|move: Trick Room|[of] p1a: Xatu
|
|-damage|p1a: Xatu|28/100|[from] move: Magma Storm|[partiallytrapped]
|upkeep
|turn|2
|
|t:|1744854017
|move|p2a: Heatran|Protect|p2a: Heatran
|-singleturn|p2a: Heatran|Protect
|move|p1a: Xatu|U-turn|p2a: Heatran
|-activate|p2a: Heatran|move: Protect
|
|-damage|p1a: Xatu|22/100|[from] move: Magma Storm|[partiallytrapped]
|upkeep
|turn|3
|
|t:|1744854035
|move|p1a: Xatu|U-turn|p2a: Heatran
|-resisted|p2a: Heatran
|-damage|p2a: Heatran|98/100
|
|t:|1744854040
|switch|p1a: Marowak|Marowak, F|100/100|[from] U-turn
|move|p2a: Heatran|Magma Storm|p1a: Marowak
|-damage|p1a: Marowak|34/100
|-activate|p1a: Marowak|move: Magma Storm|[of] p2a: Heatran
|
|-damage|p1a: Marowak|27/100|[from] move: Magma Storm|[partiallytrapped]
|upkeep
|turn|4
|
|t:|1744854052
|move|p2a: Heatran|Protect|p2a: Heatran
|-singleturn|p2a: Heatran|Protect
|move|p1a: Marowak|Swords Dance|p1a: Marowak
|-boost|p1a: Marowak|atk|2
|
|-damage|p1a: Marowak|21/100|[from] move: Magma Storm|[partiallytrapped]
|upkeep
|turn|5
|
|t:|1744854059
|switch|p2a: Landorus|Landorus-Therian, M|100/100
|-ability|p2a: Landorus|Intimidate|boost
|-unboost|p1a: Marowak|atk|1
|move|p1a: Marowak|Double-Edge|p2a: Landorus
|-damage|p2a: Landorus|0 fnt
|faint|p2a: Landorus
|
|-fieldend|move: Trick Room
|upkeep
|inactive|DubbedOn has 120 seconds left.
|inactive|DubbedOn has 90 seconds left.
|
|t:|1744854123
|switch|p2a: Conkeldurr|Conkeldurr, F|100/100
|turn|6
|inactive|DubbedOn has 90 seconds left.
|
|t:|1744854130
|switch|p1a: Xatu|Xatu, M|22/100
|move|p2a: Conkeldurr|Drain Punch|p1a: Xatu
|-resisted|p1a: Xatu
|-damage|p1a: Xatu|13/100
|-damage|p2a: Conkeldurr|84/100|[from] item: Rocky Helmet|[of] p1a: Xatu
|
|-heal|p2a: Conkeldurr|90/100|[from] item: Leftovers
|upkeep
|turn|7
|inactive|DubbedOn has 90 seconds left.
|
|t:|1744854145
|move|p1a: Xatu|Roost|p1a: Xatu
|-heal|p1a: Xatu|63/100
|-singleturn|p1a: Xatu|move: Roost
|move|p2a: Conkeldurr|Thunder Punch|p1a: Xatu
|-damage|p1a: Xatu|37/100
|-damage|p2a: Conkeldurr|73/100|[from] item: Rocky Helmet|[of] p1a: Xatu
|
|-heal|p2a: Conkeldurr|79/100|[from] item: Leftovers
|upkeep
|turn|8
|inactive|DubbedOn has 90 seconds left.
|
|t:|1744854162
|switch|p2a: Heatran|Heatran, M|98/100
|move|p1a: Xatu|Roost|p1a: Xatu
|-heal|p1a: Xatu|87/100
|-singleturn|p1a: Xatu|move: Roost
|
|upkeep
|turn|9
|
|t:|1744854171
|move|p2a: Heatran|Sunny Day|p2a: Heatran
|-weather|SunnyDay
|move|p1a: Xatu|Trick Room|p1a: Xatu
|-fieldstart|move: Trick Room|[of] p1a: Xatu
|
|-weather|SunnyDay|[upkeep]
|upkeep
|turn|10
|inactive|DubbedOn has 90 seconds left.
|
|t:|1744854186
|move|p2a: Heatran|Protect|p2a: Heatran
|-singleturn|p2a: Heatran|Protect
|move|p1a: Xatu|U-turn|p2a: Heatran
|-activate|p2a: Heatran|move: Protect
|
|-weather|SunnyDay|[upkeep]
|upkeep
|turn|11
|
|t:|1744854192
|move|p1a: Xatu|U-turn|p2a: Heatran
|-resisted|p2a: Heatran
|-damage|p2a: Heatran|96/100
|
|t:|1744854201
|switch|p1a: Conkeldurr|Conkeldurr, M|100/100|[from] U-turn
|move|p2a: Heatran|Magma Storm|p1a: Conkeldurr
|-damage|p1a: Conkeldurr|11/100
|-activate|p1a: Conkeldurr|move: Magma Storm|[of] p2a: Heatran
|
|-weather|SunnyDay|[upkeep]
|-damage|p1a: Conkeldurr|5/100|[from] move: Magma Storm|[partiallytrapped]
|upkeep
|turn|12
|
|t:|1744854210
|move|p2a: Heatran|Protect|p2a: Heatran
|-singleturn|p2a: Heatran|Protect
|move|p1a: Conkeldurr|Drain Punch|p2a: Heatran
|-activate|p2a: Heatran|move: Protect
|
|-weather|SunnyDay|[upkeep]
|-damage|p1a: Conkeldurr|0 fnt|[from] move: Magma Storm|[partiallytrapped]
|faint|p1a: Conkeldurr
|upkeep
|
|t:|1744854217
|switch|p1a: Ursaring|Ursaring, F|100/100
|turn|13
|inactive|DubbedOn has 90 seconds left.
|c|☆tbt123|md
|c|☆tbt123|快点
|
|t:|1744854256
|switch|p2a: Conkeldurr|Conkeldurr, F|79/100
|move|p1a: Ursaring|Close Combat|p2a: Conkeldurr
|-damage|p2a: Conkeldurr|38/100
|-unboost|p1a: Ursaring|def|1
|-unboost|p1a: Ursaring|spd|1
|
|-weather|none
|-heal|p2a: Conkeldurr|44/100|[from] item: Leftovers
|-fieldend|move: Trick Room
|-status|p1a: Ursaring|tox|[from] item: Toxic Orb
|upkeep
|turn|14
|
|t:|1744854273
|switch|p1a: Marowak|Marowak, F|21/100
|move|p2a: Conkeldurr|Drain Punch|p1a: Marowak
|-damage|p1a: Marowak|0 fnt
|-heal|p2a: Conkeldurr|53/100|[from] drain|[of] p1a: Marowak
|faint|p1a: Marowak
|
|-heal|p2a: Conkeldurr|59/100|[from] item: Leftovers
|upkeep
|
|t:|1744854280
|switch|p1a: Xatu|Xatu, M|87/100
|turn|15
|j| Udee44
|
|t:|1744854296
|switch|p2a: Heatran|Heatran, M|96/100
|move|p1a: Xatu|Trick Room|p1a: Xatu
|-fieldstart|move: Trick Room|[of] p1a: Xatu
|
|upkeep
|turn|16
|
|t:|1744854315
|switch|p1a: Bronzong|Bronzong|100/100
|move|p2a: Heatran|Magma Storm|p1a: Bronzong
|-supereffective|p1a: Bronzong
|-damage|p1a: Bronzong|52/100
|-activate|p1a: Bronzong|move: Magma Storm|[of] p2a: Heatran
|
|-damage|p1a: Bronzong|46/100|[from] move: Magma Storm|[partiallytrapped]
|upkeep
|turn|17
|
|t:|1744854327
|move|p2a: Heatran|Protect|p2a: Heatran
|-singleturn|p2a: Heatran|Protect
|move|p1a: Bronzong|Stealth Rock|p2a: Heatran
|-sidestart|p2: DubbedOn|move: Stealth Rock
|
|-damage|p1a: Bronzong|40/100|[from] move: Magma Storm|[partiallytrapped]
|upkeep
|turn|18
|
|t:|1744854343
|switch|p2a: Celebi|Celebi|100/100
|-damage|p2a: Celebi|88/100|[from] Stealth Rock
|move|p1a: Bronzong|Explosion|p2a: Celebi
|-damage|p2a: Celebi|44/100
|faint|p1a: Bronzong
|
|-heal|p2a: Celebi|50/100|[from] item: Leftovers
|upkeep
|
|t:|1744854346
|switch|p1a: Ursaring|Ursaring, F|100/100 tox
|turn|19
|
|t:|1744854357
|move|p1a: Ursaring|Facade|p2a: Celebi
|-damage|p2a: Celebi|0 fnt
|faint|p2a: Celebi
|
|-damage|p1a: Ursaring|94/100 tox|[from] psn
|-fieldend|move: Trick Room
|upkeep
|
|t:|1744854366
|switch|p2a: Conkeldurr|Conkeldurr, F|59/100
|-damage|p2a: Conkeldurr|53/100|[from] Stealth Rock
|turn|20
|
|t:|1744854370
|switch|p1a: Xatu|Xatu, M|87/100
|move|p2a: Conkeldurr|Ice Punch|p1a: Xatu
|-supereffective|p1a: Xatu
|-damage|p1a: Xatu|36/100
|-damage|p2a: Conkeldurr|36/100|[from] item: Rocky Helmet|[of] p1a: Xatu
|
|-heal|p2a: Conkeldurr|42/100|[from] item: Leftovers
|upkeep
|turn|21
|inactive|DubbedOn has 90 seconds left.
|
|t:|1744854392
|switch|p2a: Heatran|Heatran, M|96/100
|-damage|p2a: Heatran|83/100|[from] Stealth Rock
|move|p1a: Xatu|Roost|p1a: Xatu
|-heal|p1a: Xatu|86/100
|-singleturn|p1a: Xatu|move: Roost
|
|upkeep
|turn|22
|
|t:|1744854404
|move|p2a: Heatran|Sunny Day|p2a: Heatran
|-weather|SunnyDay
|move|p1a: Xatu|Trick Room|p1a: Xatu
|-fieldstart|move: Trick Room|[of] p1a: Xatu
|
|-weather|SunnyDay|[upkeep]
|upkeep
|turn|23
|
|t:|1744854412
|move|p1a: Xatu|Roost|p1a: Xatu
|-heal|p1a: Xatu|100/100
|-singleturn|p1a: Xatu|move: Roost
|move|p2a: Heatran|Magma Storm|p1a: Xatu
|-damage|p1a: Xatu|0 fnt
|faint|p1a: Xatu
|
|-weather|SunnyDay|[upkeep]
|upkeep
|
|t:|1744854418
|switch|p1a: Ursaring|Ursaring, F|94/100 tox
|turn|24
|inactive|DubbedOn has 90 seconds left.
|
|t:|1744854431
|move|p2a: Heatran|Protect|p2a: Heatran
|-singleturn|p2a: Heatran|Protect
|move|p1a: Ursaring|Swords Dance|p1a: Ursaring
|-boost|p1a: Ursaring|atk|2
|
|-weather|SunnyDay|[upkeep]
|-damage|p1a: Ursaring|88/100 tox|[from] psn
|upkeep
|turn|25
|
|t:|1744854435
|move|p1a: Ursaring|Close Combat|p2a: Heatran
|-supereffective|p2a: Heatran
|-enditem|p2a: Heatran|Chople Berry|[eat]
|-enditem|p2a: Heatran|Chople Berry|[weaken]
|-damage|p2a: Heatran|0 fnt
|-unboost|p1a: Ursaring|def|1
|-unboost|p1a: Ursaring|spd|1
|faint|p2a: Heatran
|
|-weather|SunnyDay|[upkeep]
|-damage|p1a: Ursaring|75/100 tox|[from] psn
|upkeep
|
|t:|1744854445
|switch|p2a: Reuniclus|Reuniclus, M|100/100
|turn|26
|
|t:|1744854456
|switch|p1a: Reuniclus|Reuniclus, F|100/100
|move|p2a: Reuniclus|Psyshock|p1a: Reuniclus
|-resisted|p1a: Reuniclus
|-damage|p1a: Reuniclus|78/100
|
|-weather|none
|-fieldend|move: Trick Room
|upkeep
|turn|27
|
|t:|1744854468
|move|p2a: Reuniclus|Calm Mind|p2a: Reuniclus
|-boost|p2a: Reuniclus|spa|1
|-boost|p2a: Reuniclus|spd|1
|move|p1a: Reuniclus|Trick Room|p1a: Reuniclus
|-fieldstart|move: Trick Room|[of] p1a: Reuniclus
|
|upkeep
|turn|28
|
|t:|1744854471
|switch|p1a: Ursaring|Ursaring, F|75/100 tox
|move|p2a: Reuniclus|Calm Mind|p2a: Reuniclus
|-boost|p2a: Reuniclus|spa|1
|-boost|p2a: Reuniclus|spd|1
|
|-damage|p1a: Ursaring|69/100 tox|[from] psn
|upkeep
|turn|29
|
|t:|1744854478
|move|p2a: Reuniclus|Psyshock|p1a: Ursaring
|-damage|p1a: Ursaring|0 fnt
|faint|p1a: Ursaring
|
|upkeep
|-message|tbt123 forfeited.
|
|win|DubbedOn
|raw|tbt123's rating: 1326 &rarr; <strong>1309</strong><br />(-17 for losing)
|raw|DubbedOn's rating: 1374 &rarr; <strong>1391</strong><br />(+17 for winning)
|l|☆tbt123
|player|p1|
|l| Udee44
