|j|☆magialice
|j|☆CringLord!
|t:|1716752008
|gametype|singles
|player|p1|magialice|miku-flying|1536
|player|p2|CringLord!|caitlin|1413
|teamsize|p1|6
|teamsize|p2|6
|gen|5
|tier|[Gen 5] OU
|rated|
|rule|Species Clause: Limit one of each Pokémon
|rule|OHKO Clause: OHKO moves are banned
|rule|Moody Clause: Moody is banned
|rule|Evasion Items Clause: Evasion items are banned
|rule|Evasion Moves Clause: Evasion moves are banned
|rule|Endless Battle Clause: Forcing endless battles is banned
|rule|HP Percentage Mod: HP is shown in percentages
|rule|Evasion Abilities Clause: Evasion abilities are banned
|rule|Sleep Moves Clause: Sleep-inducing moves are banned
|rule|Swagger Clause: Swagger is banned
|rule|Baton Pass Stat Clause: No Baton Passer may have a way to boost its stats
|clearpoke
|poke|p1|Abomasnow, F|item
|poke|p1|Gliscor, M|item
|poke|p1|Blissey, F|item
|poke|p1|Forretress, F|item
|poke|p1|Reuniclus, F|item
|poke|p1|Latios, M|item
|poke|p2|Politoed, F|item
|poke|p2|Starmie|item
|poke|p2|Thundurus-Therian, M|item
|poke|p2|Garchomp, F|item
|poke|p2|Ferrothorn, M|item
|poke|p2|Keldeo|item
|teampreview
|inactive|Battle timer is ON: inactive players will automatically lose when time's up. (requested by magialice)
|
|t:|1716752015
|start
|switch|p1a: Abomasnow|Abomasnow, F|100/100
|switch|p2a: Ferrothorn|Ferrothorn, M|100/100
|-weather|Hail|[from] ability: Snow Warning|[of] p1a: Abomasnow
|turn|1
|
|t:|1716752020
|switch|p1a: Forretress|Forretress, F|100/100
|move|p2a: Ferrothorn|Stealth Rock|p1a: Forretress
|-sidestart|p1: magialice|move: Stealth Rock
|
|-weather|Hail|[upkeep]
|-damage|p2a: Ferrothorn|94/100|[from] Hail
|upkeep
|turn|2
|
|t:|1716752035
|switch|p2a: Keldeo|Keldeo|100/100
|move|p1a: Forretress|Rapid Spin|p2a: Keldeo
|-damage|p2a: Keldeo|95/100
|-sideend|p1: magialice|Stealth Rock|[from] move: Rapid Spin|[of] p1a: Forretress
|
|-weather|Hail|[upkeep]
|-damage|p2a: Keldeo|89/100|[from] Hail
|upkeep
|turn|3
|
|t:|1716752043
|switch|p1a: Reuniclus|Reuniclus, F|100/100
|move|p2a: Keldeo|Secret Sword|p1a: Reuniclus
|-resisted|p1a: Reuniclus
|-damage|p1a: Reuniclus|79/100
|
|-weather|Hail|[upkeep]
|-damage|p2a: Keldeo|83/100|[from] Hail
|-heal|p1a: Reuniclus|85/100|[from] item: Leftovers
|upkeep
|turn|4
|
|t:|1716752049
|switch|p2a: Politoed|Politoed, F|100/100
|-weather|RainDance|[from] ability: Drizzle|[of] p2a: Politoed
|move|p1a: Reuniclus|Calm Mind|p1a: Reuniclus
|-boost|p1a: Reuniclus|spa|1
|-boost|p1a: Reuniclus|spd|1
|
|-weather|RainDance|[upkeep]
|-heal|p1a: Reuniclus|91/100|[from] item: Leftovers
|upkeep
|turn|5
|
|t:|1716752054
|switch|p1a: Abomasnow|Abomasnow, F|100/100
|-weather|Hail|[from] ability: Snow Warning|[of] p1a: Abomasnow
|move|p2a: Politoed|Encore||[still]
|-fail|p2a: Politoed
|
|-weather|Hail|[upkeep]
|-damage|p2a: Politoed|94/100|[from] Hail
|upkeep
|turn|6
|
|t:|1716752060
|switch|p2a: Ferrothorn|Ferrothorn, M|94/100
|move|p1a: Abomasnow|Giga Drain|p2a: Ferrothorn
|-resisted|p2a: Ferrothorn
|-damage|p2a: Ferrothorn|90/100
|
|-weather|Hail|[upkeep]
|-damage|p2a: Ferrothorn|84/100|[from] Hail
|upkeep
|turn|7
|
|t:|1716752066
|switch|p1a: Forretress|Forretress, F|100/100
|switch|p2a: Keldeo|Keldeo|83/100
|
|-weather|Hail|[upkeep]
|-damage|p2a: Keldeo|77/100|[from] Hail
|upkeep
|turn|8
|
|t:|1716752071
|switch|p1a: Blissey|Blissey, F|100/100
|move|p2a: Keldeo|Hydro Pump|p1a: Blissey
|-damage|p1a: Blissey|69/100
|
|-weather|Hail|[upkeep]
|-damage|p2a: Keldeo|70/100|[from] Hail
|-damage|p1a: Blissey|63/100|[from] Hail
|-heal|p1a: Blissey|69/100|[from] item: Leftovers
|upkeep
|turn|9
|
|t:|1716752076
|switch|p2a: Politoed|Politoed, F|94/100
|-weather|RainDance|[from] ability: Drizzle|[of] p2a: Politoed
|move|p1a: Blissey|Soft-Boiled|p1a: Blissey
|-heal|p1a: Blissey|100/100
|
|-weather|RainDance|[upkeep]
|upkeep
|turn|10
|
|t:|1716752093
|switch|p1a: Abomasnow|Abomasnow, F|100/100
|-weather|Hail|[from] ability: Snow Warning|[of] p1a: Abomasnow
|move|p2a: Politoed|Toxic|p1a: Abomasnow
|-status|p1a: Abomasnow|tox
|
|-weather|Hail|[upkeep]
|-damage|p2a: Politoed|88/100|[from] Hail
|-damage|p1a: Abomasnow|94/100 tox|[from] psn
|upkeep
|turn|11
|
|t:|1716752097
|switch|p2a: Ferrothorn|Ferrothorn, M|84/100
|switch|p1a: Reuniclus|Reuniclus, F|91/100
|
|-weather|Hail|[upkeep]
|-damage|p2a: Ferrothorn|77/100|[from] Hail
|-heal|p1a: Reuniclus|97/100|[from] item: Leftovers
|upkeep
|turn|12
|
|t:|1716752101
|switch|p2a: Politoed|Politoed, F|88/100
|-weather|RainDance|[from] ability: Drizzle|[of] p2a: Politoed
|move|p1a: Reuniclus|Psychic|p2a: Politoed
|-damage|p2a: Politoed|59/100
|-unboost|p2a: Politoed|spd|1
|-enditem|p2a: Politoed|Eject Button
|
|t:|1716752110
|switch|p2a: Keldeo|Keldeo|70/100
|
|-weather|RainDance|[upkeep]
|-heal|p1a: Reuniclus|100/100|[from] item: Leftovers
|upkeep
|turn|13
|
|t:|1716752123
|switch|p1a: Latios|Latios, M|100/100
|move|p2a: Keldeo|Secret Sword|p1a: Latios
|-resisted|p1a: Latios
|-damage|p1a: Latios|57/100
|
|-weather|RainDance|[upkeep]
|upkeep
|turn|14
|
|t:|1716752132
|switch|p2a: Ferrothorn|Ferrothorn, M|77/100
|move|p1a: Latios|Thunder Wave|p2a: Ferrothorn
|-status|p2a: Ferrothorn|par
|
|-weather|RainDance|[upkeep]
|upkeep
|turn|15
|
|t:|1716752142
|switch|p1a: Forretress|Forretress, F|100/100
|move|p2a: Ferrothorn|Stealth Rock|p1a: Forretress
|-sidestart|p1: magialice|move: Stealth Rock
|
|-weather|RainDance|[upkeep]
|upkeep
|turn|16
|
|t:|1716752157
|move|p1a: Forretress|Rapid Spin|p2a: Ferrothorn
|-resisted|p2a: Ferrothorn
|-damage|p2a: Ferrothorn|76/100 par
|-damage|p1a: Forretress|88/100|[from] ability: Iron Barbs|[of] p2a: Ferrothorn
|-sideend|p1: magialice|Stealth Rock|[from] move: Rapid Spin|[of] p1a: Forretress
|move|p2a: Ferrothorn|Knock Off|p1a: Forretress
|-resisted|p1a: Forretress
|-damage|p1a: Forretress|87/100
|-enditem|p1a: Forretress|Leftovers|[from] move: Knock Off|[of] p2a: Ferrothorn
|
|-weather|RainDance|[upkeep]
|upkeep
|turn|17
|
|t:|1716752167
|switch|p1a: Abomasnow|Abomasnow, F|94/100 tox
|-weather|Hail|[from] ability: Snow Warning|[of] p1a: Abomasnow
|move|p2a: Ferrothorn|Stealth Rock|p1a: Abomasnow
|-sidestart|p1: magialice|move: Stealth Rock
|
|-weather|Hail|[upkeep]
|-damage|p2a: Ferrothorn|70/100 par|[from] Hail
|-heal|p1a: Abomasnow|100/100 tox|[from] item: Leftovers
|-damage|p1a: Abomasnow|94/100 tox|[from] psn
|upkeep
|turn|18
|
|t:|1716752173
|move|p1a: Abomasnow|Giga Drain|p2a: Ferrothorn
|-resisted|p2a: Ferrothorn
|-damage|p2a: Ferrothorn|65/100 par
|-heal|p1a: Abomasnow|97/100 tox|[from] drain|[of] p2a: Ferrothorn
|cant|p2a: Ferrothorn|par
|
|-weather|Hail|[upkeep]
|-damage|p2a: Ferrothorn|59/100 par|[from] Hail
|-heal|p1a: Abomasnow|100/100 tox|[from] item: Leftovers
|-damage|p1a: Abomasnow|88/100 tox|[from] psn
|upkeep
|turn|19
|
|t:|1716752177
|switch|p1a: Reuniclus|Reuniclus, F|100/100
|move|p2a: Ferrothorn|Gyro Ball|p1a: Reuniclus
|-damage|p1a: Reuniclus|63/100
|
|-weather|Hail|[upkeep]
|-damage|p2a: Ferrothorn|52/100 par|[from] Hail
|-heal|p1a: Reuniclus|70/100|[from] item: Leftovers
|upkeep
|turn|20
|
|t:|1716752182
|switch|p2a: Politoed|Politoed, F|59/100
|-weather|RainDance|[from] ability: Drizzle|[of] p2a: Politoed
|move|p1a: Reuniclus|Psychic|p2a: Politoed
|-damage|p2a: Politoed|35/100
|
|-weather|RainDance|[upkeep]
|-heal|p1a: Reuniclus|76/100|[from] item: Leftovers
|upkeep
|turn|21
|
|t:|1716752187
|switch|p1a: Abomasnow|Abomasnow, F|88/100 tox
|-damage|p1a: Abomasnow|64/100 tox|[from] Stealth Rock
|-weather|Hail|[from] ability: Snow Warning|[of] p1a: Abomasnow
|move|p2a: Politoed|Thief|p1a: Abomasnow
|-damage|p1a: Abomasnow|57/100 tox
|-enditem|p1a: Abomasnow|Leftovers|[silent]|[from] move: Thief|[of] p2a: Politoed
|-item|p2a: Politoed|Leftovers|[from] move: Thief|[of] p1a: Abomasnow
|
|-weather|Hail|[upkeep]
|-damage|p2a: Politoed|28/100|[from] Hail
|-heal|p2a: Politoed|35/100|[from] item: Leftovers
|-damage|p1a: Abomasnow|51/100 tox|[from] psn
|upkeep
|turn|22
|
|t:|1716752194
|switch|p2a: Ferrothorn|Ferrothorn, M|52/100 par
|switch|p1a: Reuniclus|Reuniclus, F|76/100
|
|-weather|Hail|[upkeep]
|-damage|p2a: Ferrothorn|46/100 par|[from] Hail
|-heal|p1a: Reuniclus|82/100|[from] item: Leftovers
|upkeep
|turn|23
|inactive|CringLord! has 120 seconds left.
|
|t:|1716752234
|switch|p2a: Starmie|Starmie|100/100
|-item|p2a: Starmie|Air Balloon
|move|p1a: Reuniclus|Psychic|p2a: Starmie
|-resisted|p2a: Starmie
|-damage|p2a: Starmie|72/100
|-enditem|p2a: Starmie|Air Balloon
|
|-weather|Hail|[upkeep]
|-damage|p2a: Starmie|66/100|[from] Hail
|-heal|p1a: Reuniclus|88/100|[from] item: Leftovers
|upkeep
|turn|24
|
|t:|1716752241
|switch|p2a: Politoed|Politoed, F|35/100
|-weather|RainDance|[from] ability: Drizzle|[of] p2a: Politoed
|move|p1a: Reuniclus|Signal Beam|p2a: Politoed
|-damage|p2a: Politoed|20/100
|
|-weather|RainDance|[upkeep]
|-heal|p2a: Politoed|27/100|[from] item: Leftovers
|-heal|p1a: Reuniclus|94/100|[from] item: Leftovers
|upkeep
|turn|25
|inactive|CringLord! has 120 seconds left.
|
|t:|1716752255
|switch|p2a: Starmie|Starmie|66/100
|move|p1a: Reuniclus|Psychic|p2a: Starmie
|-resisted|p2a: Starmie
|-damage|p2a: Starmie|40/100
|
|-weather|RainDance|[upkeep]
|-heal|p1a: Reuniclus|99/100|[from] item: Leftovers
|upkeep
|turn|26
|
|t:|1716752258
|switch|p1a: Abomasnow|Abomasnow, F|51/100 tox
|-damage|p1a: Abomasnow|26/100 tox|[from] Stealth Rock
|-weather|Hail|[from] ability: Snow Warning|[of] p1a: Abomasnow
|move|p2a: Starmie|Hydro Pump|p1a: Abomasnow
|-resisted|p1a: Abomasnow
|-crit|p1a: Abomasnow
|-damage|p1a: Abomasnow|0 fnt
|faint|p1a: Abomasnow
|
|-weather|Hail|[upkeep]
|-damage|p2a: Starmie|34/100|[from] Hail
|upkeep
|
|t:|1716752261
|switch|p1a: Reuniclus|Reuniclus, F|99/100
|turn|27
|
|t:|1716752264
|switch|p2a: Politoed|Politoed, F|27/100
|-weather|RainDance|[from] ability: Drizzle|[of] p2a: Politoed
|move|p1a: Reuniclus|Psychic|p2a: Politoed
|-damage|p2a: Politoed|2/100
|
|-weather|RainDance|[upkeep]
|-heal|p2a: Politoed|8/100|[from] item: Leftovers
|-heal|p1a: Reuniclus|100/100|[from] item: Leftovers
|upkeep
|turn|28
|
|t:|1716752274
|switch|p2a: Starmie|Starmie|34/100
|move|p1a: Reuniclus|Psychic|p2a: Starmie
|-resisted|p2a: Starmie
|-damage|p2a: Starmie|8/100
|
|-weather|RainDance|[upkeep]
|upkeep
|turn|29
|
|t:|1716752278
|switch|p1a: Blissey|Blissey, F|100/100
|-damage|p1a: Blissey|88/100|[from] Stealth Rock
|move|p2a: Starmie|Hydro Pump|p1a: Blissey
|-damage|p1a: Blissey|49/100
|
|-weather|RainDance|[upkeep]
|-heal|p1a: Blissey|55/100|[from] item: Leftovers
|upkeep
|turn|30
|
|t:|1716752285
|switch|p2a: Keldeo|Keldeo|70/100
|move|p1a: Blissey|Toxic|p2a: Keldeo
|-status|p2a: Keldeo|tox
|
|-weather|RainDance|[upkeep]
|-heal|p1a: Blissey|61/100|[from] item: Leftovers
|-damage|p2a: Keldeo|64/100 tox|[from] psn
|upkeep
|turn|31
|
|t:|1716752291
|switch|p1a: Gliscor|Gliscor, M|100/100
|-damage|p1a: Gliscor|88/100|[from] Stealth Rock
|move|p2a: Keldeo|Hydro Pump|p1a: Gliscor
|-supereffective|p1a: Gliscor
|-damage|p1a: Gliscor|0 fnt
|faint|p1a: Gliscor
|
|-weather|RainDance|[upkeep]
|-damage|p2a: Keldeo|52/100 tox|[from] psn
|upkeep
|
|t:|1716752300
|switch|p1a: Blissey|Blissey, F|61/100
|-damage|p1a: Blissey|49/100|[from] Stealth Rock
|turn|32
|
|t:|1716752302
|move|p2a: Keldeo|Hydro Pump|p1a: Blissey|[miss]
|-miss|p2a: Keldeo|p1a: Blissey
|move|p1a: Blissey|Soft-Boiled|p1a: Blissey
|-heal|p1a: Blissey|99/100
|
|-weather|RainDance|[upkeep]
|-heal|p1a: Blissey|100/100|[from] item: Leftovers
|-damage|p2a: Keldeo|33/100 tox|[from] psn
|upkeep
|turn|33
|
|t:|1716752314
|switch|p2a: Politoed|Politoed, F|8/100
|move|p1a: Blissey|Soft-Boiled||[still]
|-fail|p1a: Blissey|heal
|
|-weather|RainDance|[upkeep]
|-heal|p2a: Politoed|14/100|[from] item: Leftovers
|upkeep
|turn|34
|
|t:|1716752317
|move|p2a: Politoed|Encore|p1a: Blissey
|-start|p1a: Blissey|Encore
|move|p1a: Blissey|Soft-Boiled||[still]
|-fail|p1a: Blissey|heal
|
|-weather|RainDance|[upkeep]
|-heal|p2a: Politoed|20/100|[from] item: Leftovers
|upkeep
|turn|35
|
|t:|1716752320
|switch|p1a: Latios|Latios, M|57/100
|-damage|p1a: Latios|45/100|[from] Stealth Rock
|move|p2a: Politoed|Toxic|p1a: Latios
|-status|p1a: Latios|tox
|
|-weather|RainDance|[upkeep]
|-heal|p2a: Politoed|27/100|[from] item: Leftovers
|-damage|p1a: Latios|39/100 tox|[from] psn
|upkeep
|turn|36
|
|t:|1716752334
|switch|p1a: Reuniclus|Reuniclus, F|100/100
|switch|p2a: Starmie|Starmie|8/100
|
|-weather|RainDance|[upkeep]
|upkeep
|turn|37
|
|t:|1716752340
|switch|p1a: Blissey|Blissey, F|100/100
|-damage|p1a: Blissey|88/100|[from] Stealth Rock
|move|p2a: Starmie|Hydro Pump|p1a: Blissey
|-damage|p1a: Blissey|51/100
|
|-weather|RainDance|[upkeep]
|-heal|p1a: Blissey|58/100|[from] item: Leftovers
|upkeep
|turn|38
|
|t:|1716752345
|switch|p2a: Politoed|Politoed, F|27/100
|move|p1a: Blissey|Soft-Boiled|p1a: Blissey
|-heal|p1a: Blissey|100/100
|
|-weather|RainDance|[upkeep]
|-heal|p2a: Politoed|33/100|[from] item: Leftovers
|upkeep
|turn|39
|
|t:|1716752348
|switch|p1a: Reuniclus|Reuniclus, F|100/100
|move|p2a: Politoed|Scald|p1a: Reuniclus
|-damage|p1a: Reuniclus|64/100
|
|-weather|RainDance|[upkeep]
|-heal|p2a: Politoed|39/100|[from] item: Leftovers
|-heal|p1a: Reuniclus|70/100|[from] item: Leftovers
|upkeep
|turn|40
|
|t:|1716752354
|switch|p2a: Starmie|Starmie|8/100
|move|p1a: Reuniclus|Psychic|p2a: Starmie
|-resisted|p2a: Starmie
|-damage|p2a: Starmie|0 fnt
|faint|p2a: Starmie
|
|-weather|RainDance|[upkeep]
|-heal|p1a: Reuniclus|76/100|[from] item: Leftovers
|upkeep
|
|t:|1716752362
|switch|p2a: Keldeo|Keldeo|33/100 tox
|turn|41
|
|t:|1716752369
|switch|p1a: Forretress|Forretress, F|87/100
|-damage|p1a: Forretress|74/100|[from] Stealth Rock
|move|p2a: Keldeo|Hydro Pump|p1a: Forretress
|-damage|p1a: Forretress|0 fnt
|faint|p1a: Forretress
|
|-weather|RainDance|[upkeep]
|-damage|p2a: Keldeo|27/100 tox|[from] psn
|upkeep
|
|t:|1716752371
|switch|p1a: Blissey|Blissey, F|100/100
|-damage|p1a: Blissey|88/100|[from] Stealth Rock
|turn|42
|
|t:|1716752375
|switch|p2a: Politoed|Politoed, F|39/100
|move|p1a: Blissey|Seismic Toss|p2a: Politoed
|-damage|p2a: Politoed|13/100
|
|-weather|RainDance|[upkeep]
|-heal|p2a: Politoed|19/100|[from] item: Leftovers
|-heal|p1a: Blissey|94/100|[from] item: Leftovers
|upkeep
|turn|43
|
|t:|1716752383
|switch|p2a: Ferrothorn|Ferrothorn, M|46/100 par
|move|p1a: Blissey|Seismic Toss|p2a: Ferrothorn
|-damage|p2a: Ferrothorn|18/100 par
|-damage|p1a: Blissey|82/100|[from] ability: Iron Barbs|[of] p2a: Ferrothorn
|
|-weather|RainDance|[upkeep]
|-heal|p1a: Blissey|88/100|[from] item: Leftovers
|upkeep
|turn|44
|
|t:|1716752389
|move|p1a: Blissey|Seismic Toss|p2a: Ferrothorn
|-damage|p2a: Ferrothorn|0 fnt
|-damage|p1a: Blissey|75/100|[from] ability: Iron Barbs|[of] p2a: Ferrothorn
|faint|p2a: Ferrothorn
|
|-weather|RainDance|[upkeep]
|-heal|p1a: Blissey|82/100|[from] item: Leftovers
|upkeep
|
|t:|1716752408
|switch|p2a: Garchomp|Garchomp, F|100/100
|turn|45
|
|t:|1716752423
|move|p2a: Garchomp|Outrage|p1a: Blissey
|-damage|p1a: Blissey|28/100
|move|p1a: Blissey|Soft-Boiled|p1a: Blissey
|-heal|p1a: Blissey|78/100
|
|-weather|RainDance|[upkeep]
|-heal|p1a: Blissey|84/100|[from] item: Leftovers
|upkeep
|turn|46
|
|t:|1716752428
|move|p2a: Garchomp|Outrage|p1a: Blissey|[from]lockedmove
|-damage|p1a: Blissey|35/100
|move|p1a: Blissey|Soft-Boiled|p1a: Blissey
|-heal|p1a: Blissey|85/100
|
|-weather|RainDance|[upkeep]
|-heal|p1a: Blissey|91/100|[from] item: Leftovers
|upkeep
|turn|47
|
|t:|1716752432
|move|p2a: Garchomp|Outrage|p1a: Blissey|[from]lockedmove
|-damage|p1a: Blissey|33/100
|-start|p2a: Garchomp|confusion|[fatigue]
|move|p1a: Blissey|Soft-Boiled|p1a: Blissey
|-heal|p1a: Blissey|83/100
|
|-weather|RainDance|[upkeep]
|-heal|p1a: Blissey|89/100|[from] item: Leftovers
|upkeep
|turn|48
|
|t:|1716752438
|switch|p2a: Politoed|Politoed, F|19/100
|move|p1a: Blissey|Toxic|p2a: Politoed|[miss]
|-miss|p1a: Blissey|p2a: Politoed
|
|-weather|RainDance|[upkeep]
|-heal|p2a: Politoed|25/100|[from] item: Leftovers
|-heal|p1a: Blissey|95/100|[from] item: Leftovers
|upkeep
|turn|49
|
|t:|1716752446
|move|p2a: Politoed|Toxic|p1a: Blissey|[miss]
|-miss|p2a: Politoed|p1a: Blissey
|move|p1a: Blissey|Seismic Toss|p2a: Politoed
|-damage|p2a: Politoed|0 fnt
|faint|p2a: Politoed
|
|-weather|RainDance|[upkeep]
|-heal|p1a: Blissey|100/100|[from] item: Leftovers
|upkeep
|
|t:|1716752449
|switch|p2a: Keldeo|Keldeo|27/100 tox
|turn|50
|
|t:|1716752453
|switch|p1a: Latios|Latios, M|39/100 tox
|-damage|p1a: Latios|27/100 tox|[from] Stealth Rock
|move|p2a: Keldeo|Hydro Pump|p1a: Latios|[miss]
|-miss|p2a: Keldeo|p1a: Latios
|
|-weather|RainDance|[upkeep]
|-damage|p1a: Latios|21/100 tox|[from] psn
|-damage|p2a: Keldeo|21/100 tox|[from] psn
|upkeep
|turn|51
|
|t:|1716752468
|switch|p2a: Thundurus|Thundurus-Therian, M|100/100
|move|p1a: Latios|Roost|p1a: Latios
|-heal|p1a: Latios|71/100 tox
|-singleturn|p1a: Latios|move: Roost
|
|-weather|RainDance|[upkeep]
|-damage|p1a: Latios|59/100 tox|[from] psn
|upkeep
|turn|52
|
|t:|1716752475
|move|p1a: Latios|Draco Meteor|p2a: Thundurus
|-damage|p2a: Thundurus|17/100
|-unboost|p1a: Latios|spa|2
|move|p2a: Thundurus|Hidden Power|p1a: Latios
|-supereffective|p1a: Latios
|-damage|p1a: Latios|1/100 tox
|
|-weather|RainDance|[upkeep]
|-damage|p1a: Latios|0 fnt|[from] psn
|faint|p1a: Latios
|upkeep
|
|t:|1716752480
|switch|p1a: Blissey|Blissey, F|100/100
|-damage|p1a: Blissey|88/100|[from] Stealth Rock
|turn|53
|
|t:|1716752488
|switch|p2a: Garchomp|Garchomp, F|100/100
|move|p1a: Blissey|Seismic Toss|p2a: Garchomp
|-damage|p2a: Garchomp|73/100
|-damage|p1a: Blissey|76/100|[from] ability: Rough Skin|[of] p2a: Garchomp
|
|-weather|RainDance|[upkeep]
|-heal|p1a: Blissey|82/100|[from] item: Leftovers
|upkeep
|turn|54
|
|t:|1716752491
|move|p2a: Garchomp|Earthquake|p1a: Blissey
|-damage|p1a: Blissey|35/100
|move|p1a: Blissey|Soft-Boiled|p1a: Blissey
|-heal|p1a: Blissey|85/100
|
|-weather|RainDance|[upkeep]
|-heal|p1a: Blissey|91/100|[from] item: Leftovers
|upkeep
|turn|55
|
|t:|1716752497
|switch|p1a: Reuniclus|Reuniclus, F|76/100
|move|p2a: Garchomp|Earthquake|p1a: Reuniclus
|-damage|p1a: Reuniclus|42/100
|
|-weather|RainDance|[upkeep]
|-heal|p1a: Reuniclus|48/100|[from] item: Leftovers
|upkeep
|turn|56
|
|t:|1716752504
|switch|p2a: Thundurus|Thundurus-Therian, M|17/100
|move|p1a: Reuniclus|Psychic|p2a: Thundurus
|-damage|p2a: Thundurus|0 fnt
|faint|p2a: Thundurus
|
|-weather|RainDance|[upkeep]
|-heal|p1a: Reuniclus|54/100|[from] item: Leftovers
|upkeep
|
|t:|1716752506
|switch|p2a: Keldeo|Keldeo|21/100 tox
|turn|57
|
|t:|1716752519
|move|p2a: Keldeo|Hydro Pump|p1a: Reuniclus
|-damage|p1a: Reuniclus|0 fnt
|faint|p1a: Reuniclus
|
|-weather|RainDance|[upkeep]
|-damage|p2a: Keldeo|15/100 tox|[from] psn
|upkeep
|
|t:|1716752522
|switch|p1a: Blissey|Blissey, F|91/100
|-damage|p1a: Blissey|79/100|[from] Stealth Rock
|turn|58
|
|t:|1716752524
|switch|p2a: Garchomp|Garchomp, F|73/100
|move|p1a: Blissey|Toxic|p2a: Garchomp
|-status|p2a: Garchomp|tox
|
|-weather|RainDance|[upkeep]
|-heal|p1a: Blissey|85/100|[from] item: Leftovers
|-damage|p2a: Garchomp|67/100 tox|[from] psn
|upkeep
|turn|59
|
|t:|1716752526
|move|p2a: Garchomp|Outrage|p1a: Blissey
|-damage|p1a: Blissey|33/100
|move|p1a: Blissey|Soft-Boiled|p1a: Blissey
|-heal|p1a: Blissey|83/100
|
|-weather|RainDance|[upkeep]
|-heal|p1a: Blissey|89/100|[from] item: Leftovers
|-damage|p2a: Garchomp|54/100 tox|[from] psn
|upkeep
|turn|60
|
|t:|1716752530
|move|p2a: Garchomp|Outrage|p1a: Blissey|[from]lockedmove
|-damage|p1a: Blissey|36/100
|-start|p2a: Garchomp|confusion|[fatigue]
|move|p1a: Blissey|Soft-Boiled|p1a: Blissey
|-heal|p1a: Blissey|86/100
|
|-weather|RainDance|[upkeep]
|-heal|p1a: Blissey|93/100|[from] item: Leftovers
|-damage|p2a: Garchomp|36/100 tox|[from] psn
|upkeep
|turn|61
|
|t:|1716752532
|-activate|p2a: Garchomp|confusion
|move|p2a: Garchomp|Outrage|p1a: Blissey
|-damage|p1a: Blissey|41/100
|move|p1a: Blissey|Soft-Boiled|p1a: Blissey
|-heal|p1a: Blissey|91/100
|
|-weather|RainDance|[upkeep]
|-heal|p1a: Blissey|97/100|[from] item: Leftovers
|-damage|p2a: Garchomp|11/100 tox|[from] psn
|upkeep
|turn|62
|
|t:|1716752537
|-activate|p2a: Garchomp|confusion
|move|p2a: Garchomp|Outrage|p1a: Blissey|[from]lockedmove
|-damage|p1a: Blissey|39/100
|move|p1a: Blissey|Soft-Boiled|p1a: Blissey
|-heal|p1a: Blissey|89/100
|
|-weather|RainDance|[upkeep]
|-heal|p1a: Blissey|95/100|[from] item: Leftovers
|-damage|p2a: Garchomp|0 fnt|[from] psn
|faint|p2a: Garchomp
|upkeep
|
|t:|1716752541
|switch|p2a: Keldeo|Keldeo|15/100 tox
|turn|63
|
|t:|1716752543
|move|p2a: Keldeo|Secret Sword|p1a: Blissey
|-supereffective|p1a: Blissey
|-damage|p1a: Blissey|0 fnt
|faint|p1a: Blissey
|
|win|CringLord!
|raw|magialice's rating: 1536 &rarr; <strong>1509</strong><br />(-27 for losing)
|raw|CringLord!'s rating: 1413 &rarr; <strong>1440</strong><br />(+27 for winning)
|l|☆magialice
|player|p1|
