|j|☆KuraiTenshi26
|j|☆Prof. Fouge
|player|p1|KuraiTenshi26|143
|player|p2|Prof. Fouge|224
|teamsize|p1|6
|teamsize|p2|6
|gametype|singles
|gen|5
|tier|[Gen 5] OU
|rated|
|rule|Sleep Clause Mod: Limit one foe put to sleep
|rule|Species Clause: Limit one of each Pokémon
|rule|OHKO Clause: OHKO moves are banned
|rule|Moody Clause: Moody is banned
|rule|Evasion Moves Clause: Evasion moves are banned
|rule|Endless Battle Clause: Forcing endless battles is banned
|rule|HP Percentage Mod: HP is shown in percentages
|rule|Evasion Abilities Clause: Evasion abilities are banned
|rule|Baton Pass Clause: Limit one Baton Passer, can't pass Spe and other stats simultaneously
|rule|Swagger Clause: Swagger is banned
|clearpoke
|poke|p1|Politoed, M|item
|poke|p1|Landorus-Therian, M|item
|poke|p1|Volcarona, M|item
|poke|p1|Ferrothorn, M|item
|poke|p1|Starmie|item
|poke|p1|Toxicroak, M|item
|poke|p2|Politoed, M|item
|poke|p2|Keldeo|item
|poke|p2|Thundurus-Therian, M|item
|poke|p2|Celebi|item
|poke|p2|Excadrill, M|item
|poke|p2|Latios, M|item
|teampreview
|
|start
|switch|p1a: Landorus|Landorus-Therian, M|100/100
|switch|p2a: Politoed|Politoed, M|100/100
|-ability|p1a: Landorus|Intimidate|boost
|-unboost|p2a: Politoed|atk|1
|-weather|RainDance|[from] ability: Drizzle|[of] p2a: Politoed
|turn|1
|
|move|p1a: Landorus|U-turn|p2a: Politoed
|-damage|p2a: Politoed|71/100
|
|switch|p1a: Starmie|Starmie|100/100
|move|p2a: Politoed|Ice Beam|p1a: Starmie
|-resisted|p1a: Starmie
|-damage|p1a: Starmie|81/100
|
|-weather|RainDance|[upkeep]
|-heal|p1a: Starmie|87/100|[from] item: Leftovers
|upkeep
|turn|2
|
|switch|p2a: Celebi|Celebi|100/100
|move|p1a: Starmie|Thunder|p2a: Celebi
|-resisted|p2a: Celebi
|-damage|p2a: Celebi|90/100
|-status|p2a: Celebi|par
|
|-weather|RainDance|[upkeep]
|-heal|p1a: Starmie|93/100|[from] item: Leftovers
|-heal|p2a: Celebi|96/100 par|[from] item: Leftovers
|upkeep
|turn|3
|
|switch|p1a: Ferrothorn|Ferrothorn, M|100/100
|move|p2a: Celebi|Baton Pass|p2a: Celebi
|
|switch|p2a: Keldeo|Keldeo|100/100
|
|-weather|RainDance|[upkeep]
|upkeep
|turn|4
|
|switch|p1a: Toxicroak|Toxicroak, M|100/100
|move|p2a: Keldeo|Secret Sword|p1a: Toxicroak
|-resisted|p1a: Toxicroak
|-damage|p1a: Toxicroak|73/100
|
|-weather|RainDance|[upkeep]
|-heal|p1a: Toxicroak|85/100|[from] ability: Dry Skin
|-heal|p1a: Toxicroak|92/100|[from] item: Black Sludge
|upkeep
|turn|5
|
|switch|p2a: Excadrill|Excadrill, M|100/100
|-ability|p2a: Excadrill|Mold Breaker
|move|p1a: Toxicroak|Ice Punch|p2a: Excadrill
|-damage|p2a: Excadrill|70/100
|
|-weather|RainDance|[upkeep]
|-heal|p1a: Toxicroak|100/100|[from] ability: Dry Skin
|upkeep
|turn|6
|
|switch|p1a: Landorus|Landorus-Therian, M|100/100
|-ability|p1a: Landorus|Intimidate|boost
|-unboost|p2a: Excadrill|atk|1
|move|p2a: Excadrill|Stealth Rock|p1a: Landorus
|-sidestart|p1: KuraiTenshi26|move: Stealth Rock
|
|-weather|RainDance|[upkeep]
|upkeep
|turn|7
|
|switch|p2a: Keldeo|Keldeo|100/100
|move|p1a: Landorus|U-turn|p2a: Keldeo
|-resisted|p2a: Keldeo
|-damage|p2a: Keldeo|85/100
|
|switch|p1a: Starmie|Starmie|93/100
|-damage|p1a: Starmie|81/100|[from] Stealth Rock
|
|-weather|RainDance|[upkeep]
|-heal|p1a: Starmie|87/100|[from] item: Leftovers
|upkeep
|turn|8
|
|switch|p2a: Celebi|Celebi|96/100
|move|p1a: Starmie|Rapid Spin|p2a: Celebi
|-damage|p2a: Celebi|94/100
|-sideend|p1: KuraiTenshi26|Stealth Rock|[from] move: Rapid Spin|[of] p1a: Starmie
|
|-weather|RainDance|[upkeep]
|-heal|p1a: Starmie|93/100|[from] item: Leftovers
|-heal|p2a: Celebi|99/100|[from] item: Leftovers
|upkeep
|turn|9
|
|switch|p1a: Landorus|Landorus-Therian, M|100/100
|-ability|p1a: Landorus|Intimidate|boost
|-unboost|p2a: Celebi|atk|1
|move|p2a: Celebi|Nasty Plot|p2a: Celebi
|-boost|p2a: Celebi|spa|2
|
|-weather|RainDance|[upkeep]
|-heal|p2a: Celebi|100/100|[from] item: Leftovers
|upkeep
|turn|10
|j| Invisible Enemy
|
|move|p1a: Landorus|U-turn|p2a: Celebi
|-supereffective|p2a: Celebi
|-damage|p2a: Celebi|17/100
|c| Invisible Enemy|Cool, un match up bien tendu, ça va être intéressant
|c|☆Prof. Fouge|Oe toxi me met la mine
|inactive|Battle timer is ON: inactive players will automatically lose when time's up. (requested by Prof. Fouge)
|
|switch|p1a: Starmie|Starmie|93/100
|move|p2a: Celebi|Recover|p2a: Celebi
|-heal|p2a: Celebi|67/100
|
|-weather|RainDance|[upkeep]
|-heal|p1a: Starmie|99/100|[from] item: Leftovers
|-heal|p2a: Celebi|74/100|[from] item: Leftovers
|upkeep
|turn|11
|j| Weekend Wars
|
|switch|p1a: Landorus|Landorus-Therian, M|100/100
|-ability|p1a: Landorus|Intimidate|boost
|-unboost|p2a: Celebi|atk|1
|move|p2a: Celebi|Recover|p2a: Celebi
|-heal|p2a: Celebi|100/100
|
|-weather|RainDance|[upkeep]
|upkeep
|turn|12
|
|move|p1a: Landorus|U-turn|p2a: Celebi
|-supereffective|p2a: Celebi
|-damage|p2a: Celebi|18/100
|
|switch|p1a: Volcarona|Volcarona, M|100/100
|move|p2a: Celebi|Baton Pass|p2a: Celebi
|c| Invisible Enemy|^c'est ce qui aurait du être fait dès le début
|
|switch|p2a: Thundurus|Thundurus-Therian, M|100/100
|
|-weather|RainDance|[upkeep]
|upkeep
|turn|13
|l| Weekend Wars
|inactive|KuraiTenshi26 has 120 seconds left.
|
|switch|p1a: Landorus|Landorus-Therian, M|100/100
|-ability|p1a: Landorus|Intimidate|boost
|-unboost|p2a: Thundurus|atk|1
|move|p2a: Thundurus|Hidden Power|p1a: Landorus
|-damage|p1a: Landorus|0 fnt
|-damage|p2a: Thundurus|91/100|[from] item: Life Orb
|faint|p1a: Landorus
|
|-weather|RainDance|[upkeep]
|upkeep
|
|switch|p1a: Starmie|Starmie|99/100
|turn|14
|inactive|Prof. Fouge has 120 seconds left.
|
|switch|p2a: Politoed|Politoed, M|71/100
|move|p1a: Starmie|Ice Beam|p2a: Politoed
|-resisted|p2a: Politoed
|-damage|p2a: Politoed|58/100
|
|-weather|RainDance|[upkeep]
|-heal|p1a: Starmie|100/100|[from] item: Leftovers
|upkeep
|turn|15
|
|move|p1a: Starmie|Thunder|p2a: Politoed
|-supereffective|p2a: Politoed
|-damage|p2a: Politoed|0 fnt
|faint|p2a: Politoed
|
|-weather|RainDance|[upkeep]
|upkeep
|
|switch|p2a: Latios|Latios, M|100/100
|turn|16
|
|switch|p1a: Ferrothorn|Ferrothorn, M|100/100
|move|p2a: Latios|Draco Meteor|p1a: Ferrothorn|[miss]
|-miss|p2a: Latios|p1a: Ferrothorn
|
|-weather|RainDance|[upkeep]
|upkeep
|turn|17
|
|switch|p2a: Celebi|Celebi|18/100
|switch|p1a: Volcarona|Volcarona, M|100/100
|
|-weather|RainDance|[upkeep]
|-heal|p2a: Celebi|25/100|[from] item: Leftovers
|upkeep
|turn|18
|
|switch|p2a: Keldeo|Keldeo|85/100
|move|p1a: Volcarona|Quiver Dance|p1a: Volcarona
|-boost|p1a: Volcarona|spa|1
|-boost|p1a: Volcarona|spd|1
|-boost|p1a: Volcarona|spe|1
|
|-weather|RainDance|[upkeep]
|upkeep
|turn|19
|
|move|p2a: Keldeo|Hydro Pump|p1a: Volcarona
|-supereffective|p1a: Volcarona
|-enditem|p1a: Volcarona|Passho Berry|[eat]
|-enditem|p1a: Volcarona|Passho Berry|[weaken]
|-damage|p1a: Volcarona|44/100
|move|p1a: Volcarona|Quiver Dance|p1a: Volcarona
|-boost|p1a: Volcarona|spa|1
|-boost|p1a: Volcarona|spd|1
|-boost|p1a: Volcarona|spe|1
|
|-weather|RainDance|[upkeep]
|upkeep
|turn|20
|
|move|p1a: Volcarona|Hurricane|p2a: Keldeo
|-supereffective|p2a: Keldeo
|-damage|p2a: Keldeo|0 fnt
|faint|p2a: Keldeo
|
|-weather|RainDance|[upkeep]
|upkeep
|
|switch|p2a: Excadrill|Excadrill, M|70/100
|-ability|p2a: Excadrill|Mold Breaker
|turn|21
|
|move|p1a: Volcarona|Hidden Power|p2a: Excadrill
|-supereffective|p2a: Excadrill
|-damage|p2a: Excadrill|0 fnt
|faint|p2a: Excadrill
|
|-weather|RainDance|[upkeep]
|upkeep
|c|☆Prof. Fouge|Va niquer ta mere
|-message|Prof. Fouge forfeited.
|
|win|KuraiTenshi26
|l|☆Prof. Fouge
|raw|KuraiTenshi26's rating: 1387 &rarr; <strong>1407</strong><br />(+20 for winning)
|raw|Prof. Fouge's rating: 1386 &rarr; <strong>1366</strong><br />(-20 for losing)
