|j|☆spliffdiff
|j|☆LaxativeCement
|t:|1740342422
|gametype|singles
|player|p1|spliffdiff|ruinmaniac|1329
|player|p2|LaxativeCement|lucas|1408
|teamsize|p1|6
|teamsize|p2|6
|gen|5
|tier|[Gen 5] OU
|rated|
|rule|Species Clause: Limit one of each Pokémon
|rule|OHKO Clause: OHKO moves are banned
|rule|Moody Clause: Moody is banned
|rule|Evasion Items Clause: Evasion items are banned
|rule|Evasion Moves Clause: Evasion moves are banned
|rule|Endless Battle Clause: Forcing endless battles is banned
|rule|HP Percentage Mod: HP is shown in percentages
|rule|Evasion Abilities Clause: Evasion abilities are banned
|rule|Sleep Moves Clause: Sleep-inducing moves are banned
|rule|Swagger Clause: Swagger is banned
|rule|Baton Pass Stat Clause: No Baton Passer may have a way to boost its stats
|clearpoke
|poke|p1|Honchkrow, F|item
|poke|p1|Terrakion|item
|poke|p1|Garchomp, F|item
|poke|p1|Conkeldurr, M|item
|poke|p1|Keldeo-Resolute|item
|poke|p1|Breloom, M|item
|poke|p2|Politoed, F|item
|poke|p2|Keldeo|item
|poke|p2|Starmie|item
|poke|p2|Breloom, F|item
|poke|p2|Thundurus-Therian, M|item
|poke|p2|Ferrothorn, F|item
|teampreview
|inactive|Battle timer is ON: inactive players will automatically lose when time's up. (requested by LaxativeCement)
|inactive|spliffdiff also wants the timer to be on.
|
|t:|1740342439
|start
|switch|p1a: Terrakion|Terrakion|100/100
|switch|p2a: Drizzy|Politoed, F|100/100
|-weather|RainDance|[from] ability: Drizzle|[of] p2a: Drizzy
|turn|1
|
|t:|1740342449
|switch|p2a: Patrick|Starmie|100/100
|move|p1a: Terrakion|Stealth Rock|p2a: Patrick
|-sidestart|p2: LaxativeCement|move: Stealth Rock
|
|-weather|RainDance|[upkeep]
|upkeep
|turn|2
|
|t:|1740342466
|switch|p1a: Keldeo|Keldeo-Resolute|100/100
|move|p2a: Patrick|Rapid Spin|p1a: Keldeo
|-damage|p1a: Keldeo|97/100
|-sideend|p2: LaxativeCement|Stealth Rock|[from] move: Rapid Spin|[of] p2a: Patrick
|
|-weather|RainDance|[upkeep]
|upkeep
|turn|3
|
|t:|1740342472
|move|p2a: Patrick|Thunder|p1a: Keldeo
|-supereffective|p1a: Keldeo
|-damage|p1a: Keldeo|21/100
|move|p1a: Keldeo|Hidden Power|p2a: Patrick
|-supereffective|p2a: Patrick
|-damage|p2a: Patrick|28/100
|
|-weather|RainDance|[upkeep]
|-heal|p2a: Patrick|34/100|[from] item: Leftovers
|upkeep
|turn|4
|
|t:|1740342487
|switch|p1a: Garchomp|Garchomp, F|100/100
|move|p2a: Patrick|Thunder|p1a: Garchomp
|-immune|p1a: Garchomp
|
|-weather|RainDance|[upkeep]
|-heal|p2a: Patrick|40/100|[from] item: Leftovers
|upkeep
|turn|5
|
|t:|1740342492
|move|p2a: Patrick|Ice Beam|p1a: Garchomp
|-supereffective|p1a: Garchomp
|-enditem|p1a: Garchomp|Yache Berry|[eat]
|-enditem|p1a: Garchomp|Yache Berry|[weaken]
|-damage|p1a: Garchomp|45/100
|move|p1a: Garchomp|Earthquake|p2a: Patrick
|-damage|p2a: Patrick|0 fnt
|faint|p2a: Patrick
|
|-weather|RainDance|[upkeep]
|upkeep
|
|t:|1740342500
|switch|p2a: Lil Nas X|Keldeo|100/100
|turn|6
|
|t:|1740342523
|move|p2a: Lil Nas X|Surf|p1a: Garchomp
|-damage|p1a: Garchomp|0 fnt
|faint|p1a: Garchomp
|
|-weather|RainDance|[upkeep]
|upkeep
|
|t:|1740342526
|switch|p1a: Breloom|Breloom, M|100/100
|turn|7
|
|t:|1740342535
|switch|p2a: blunder|Thundurus-Therian, M|100/100
|move|p1a: Breloom|Bullet Seed|p2a: blunder
|-resisted|p2a: blunder
|-damage|p2a: blunder|83/100
|-resisted|p2a: blunder
|-damage|p2a: blunder|67/100
|-resisted|p2a: blunder
|-damage|p2a: blunder|51/100
|-hitcount|p2a: blunder|3
|
|-weather|RainDance|[upkeep]
|-heal|p2a: blunder|57/100|[from] item: Leftovers
|upkeep
|turn|8
|
|t:|1740342551
|switch|p1a: Conkeldurr|Conkeldurr, M|100/100
|move|p2a: blunder|Hidden Power|p1a: Conkeldurr
|-damage|p1a: Conkeldurr|62/100
|
|-weather|RainDance|[upkeep]
|-heal|p2a: blunder|63/100|[from] item: Leftovers
|upkeep
|turn|9
|
|t:|1740342556
|move|p1a: Conkeldurr|Mach Punch|p2a: blunder
|-resisted|p2a: blunder
|-damage|p2a: blunder|46/100
|move|p2a: blunder|Thunder|p1a: Conkeldurr
|-damage|p1a: Conkeldurr|0 fnt
|faint|p1a: Conkeldurr
|
|-weather|RainDance|[upkeep]
|-heal|p2a: blunder|52/100|[from] item: Leftovers
|upkeep
|
|t:|1740342563
|switch|p1a: Terrakion|Terrakion|100/100
|turn|10
|
|t:|1740342568
|switch|p2a: I'm ownwy thwee|Ferrothorn, F|100/100
|move|p1a: Terrakion|Stealth Rock|p2a: I'm ownwy thwee
|-sidestart|p2: LaxativeCement|move: Stealth Rock
|
|-weather|RainDance|[upkeep]
|upkeep
|turn|11
|
|t:|1740342575
|move|p1a: Terrakion|Taunt|p2a: I'm ownwy thwee
|-start|p2a: I'm ownwy thwee|move: Taunt
|cant|p2a: I'm ownwy thwee|move: Taunt|Stealth Rock
|
|-weather|RainDance|[upkeep]
|upkeep
|turn|12
|
|t:|1740342581
|move|p1a: Terrakion|Close Combat|p2a: I'm ownwy thwee
|-supereffective|p2a: I'm ownwy thwee
|-damage|p2a: I'm ownwy thwee|5/100
|-unboost|p1a: Terrakion|def|1
|-unboost|p1a: Terrakion|spd|1
|-damage|p1a: Terrakion|88/100|[from] ability: Iron Barbs|[of] p2a: I'm ownwy thwee
|-damage|p1a: Terrakion|71/100|[from] item: Rocky Helmet|[of] p2a: I'm ownwy thwee
|move|p2a: I'm ownwy thwee|Gyro Ball|p1a: Terrakion
|-supereffective|p1a: Terrakion
|-damage|p1a: Terrakion|0 fnt
|faint|p1a: Terrakion
|
|-weather|RainDance|[upkeep]
|upkeep
|
|t:|1740342605
|switch|p1a: Keldeo|Keldeo-Resolute|21/100
|turn|13
|
|t:|1740342610
|move|p1a: Keldeo|Secret Sword|p2a: I'm ownwy thwee
|-supereffective|p2a: I'm ownwy thwee
|-damage|p2a: I'm ownwy thwee|0 fnt
|faint|p2a: I'm ownwy thwee
|
|-weather|RainDance|[upkeep]
|upkeep
|
|t:|1740342639
|switch|p2a: LOOMINATI|Breloom, F|100/100
|-damage|p2a: LOOMINATI|94/100|[from] Stealth Rock
|turn|14
|
|t:|1740342650
|move|p2a: LOOMINATI|Mach Punch|p1a: Keldeo
|-damage|p1a: Keldeo|0 fnt
|faint|p1a: Keldeo
|-damage|p2a: LOOMINATI|84/100|[from] item: Life Orb
|
|-weather|RainDance|[upkeep]
|upkeep
|
|t:|1740342657
|switch|p1a: Honchkrow|Honchkrow, F|100/100
|turn|15
|
|t:|1740342666
|move|p2a: LOOMINATI|Low Sweep|p1a: Honchkrow
|-damage|p1a: Honchkrow|5/100
|-unboost|p1a: Honchkrow|spe|1
|-damage|p2a: LOOMINATI|74/100|[from] item: Life Orb
|move|p1a: Honchkrow|Brave Bird|p2a: LOOMINATI
|-supereffective|p2a: LOOMINATI
|-crit|p2a: LOOMINATI
|-damage|p2a: LOOMINATI|0 fnt
|faint|p2a: LOOMINATI
|-damage|p1a: Honchkrow|0 fnt|[from] Recoil
|faint|p1a: Honchkrow
|
|-weather|RainDance|[upkeep]
|upkeep
|
|t:|1740342680
|switch|p2a: Lil Nas X|Keldeo|100/100
|switch|p1a: Breloom|Breloom, M|100/100
|-damage|p2a: Lil Nas X|94/100|[from] Stealth Rock
|turn|16
|
|t:|1740342688
|move|p2a: Lil Nas X|Icy Wind|p1a: Breloom
|-supereffective|p1a: Breloom
|-enditem|p1a: Breloom|Yache Berry|[eat]
|-enditem|p1a: Breloom|Yache Berry|[weaken]
|-damage|p1a: Breloom|63/100
|-unboost|p1a: Breloom|spe|1
|move|p1a: Breloom|Bullet Seed|p2a: Lil Nas X
|-supereffective|p2a: Lil Nas X
|-damage|p2a: Lil Nas X|46/100
|-supereffective|p2a: Lil Nas X
|-damage|p2a: Lil Nas X|0 fnt
|faint|p2a: Lil Nas X
|-hitcount|p2: Lil Nas X|2
|
|-weather|RainDance|[upkeep]
|upkeep
|
|t:|1740342694
|switch|p2a: Drizzy|Politoed, F|100/100
|-damage|p2a: Drizzy|88/100|[from] Stealth Rock
|turn|17
|
|t:|1740342697
|move|p2a: Drizzy|Ice Beam|p1a: Breloom
|-supereffective|p1a: Breloom
|-damage|p1a: Breloom|0 fnt
|faint|p1a: Breloom
|
|win|LaxativeCement
|raw|spliffdiff's rating: 1351 &rarr; <strong>1334</strong><br />(-17 for losing)
|raw|LaxativeCement's rating: 1408 &rarr; <strong>1425</strong><br />(+17 for winning)
|c|☆LaxativeCement|gg
|l|☆spliffdiff
|player|p1|
