|uhtml|medal-msg|<div class="broadcast-blue">Curious what those medals under the avatar are? PS now has Ladder Seasons! For more information, check out the <a href="https://www.smogon.com/forums/threads/3740067/">thread on Smogon.</a></div>
|uhtml|medal-msg|<div class="broadcast-blue">Curious what those medals under the avatar are? PS now has Ladder Seasons! For more information, check out the <a href="https://www.smogon.com/forums/threads/3740067/">thread on Smogon.</a></div>
|j|☆sadfth6
|j|☆leoperi99
|t:|1712275987
|gametype|singles
|player|p1|sadfth6|lucas|1361
|player|p2|leoperi99|teacher-gen2|1455
|teamsize|p1|6
|teamsize|p2|6
|gen|5
|tier|[Gen 5] OU
|rated|
|rule|Species Clause: Limit one of each Pokémon
|rule|OHKO Clause: OHKO moves are banned
|rule|Moody Clause: Moody is banned
|rule|Evasion Items Clause: Evasion items are banned
|rule|Evasion Moves Clause: Evasion moves are banned
|rule|Endless Battle Clause: Forcing endless battles is banned
|rule|HP Percentage Mod: HP is shown in percentages
|rule|Evasion Abilities Clause: Evasion abilities are banned
|rule|Sleep Moves Clause: Sleep-inducing moves are banned
|rule|Swagger Clause: Swagger is banned
|rule|Baton Pass Stat Clause: No Baton Passer may have a way to boost its stats
|clearpoke
|poke|p1|Garchomp, M|item
|poke|p1|Volcarona, F|item
|poke|p1|Dragonite, M|item
|poke|p1|Breloom, M|item
|poke|p1|Starmie|item
|poke|p1|Scizor, F|item
|poke|p2|Meloetta|item
|poke|p2|Celebi|item
|poke|p2|Skarmory, M|item
|poke|p2|Tyranitar, M|item
|poke|p2|Landorus-Therian, M|item
|poke|p2|Excadrill, F|item
|teampreview
|inactive|Battle timer is ON: inactive players will automatically lose when time's up. (requested by sadfth6)
|c|☆sadfth6|Gl
|c|☆leoperi99|u2
|
|t:|1712276031
|start
|switch|p1a: Garchomp|Garchomp, M|100/100
|switch|p2a: Celebi|Celebi|100/100
|turn|1
|
|t:|1712276049
|move|p1a: Garchomp|Stealth Rock|p2a: Celebi
|-sidestart|p2: leoperi99|move: Stealth Rock
|move|p2a: Celebi|Stealth Rock|p1a: Garchomp
|-sidestart|p1: sadfth6|move: Stealth Rock
|
|upkeep
|turn|2
|
|t:|1712276053
|move|p1a: Garchomp|Swords Dance|p1a: Garchomp
|-boost|p1a: Garchomp|atk|2
|move|p2a: Celebi|Grass Knot|p1a: Garchomp
|-damage|p1a: Garchomp|69/100
|-damage|p2a: Celebi|88/100|[from] ability: Rough Skin|[of] p1a: Garchomp
|
|-heal|p2a: Celebi|94/100|[from] item: Leftovers
|upkeep
|turn|3
|
|t:|1712276058
|switch|p2a: Skarmory|Skarmory, M|100/100
|-damage|p2a: Skarmory|88/100|[from] Stealth Rock
|move|p1a: Garchomp|Swords Dance|p1a: Garchomp
|-boost|p1a: Garchomp|atk|2
|
|-heal|p2a: Skarmory|94/100|[from] item: Leftovers
|upkeep
|turn|4
|
|t:|1712276061
|move|p1a: Garchomp|Outrage|p2a: Skarmory
|-resisted|p2a: Skarmory
|-damage|p2a: Skarmory|43/100
|move|p2a: Skarmory|Roost|p2a: Skarmory
|-heal|p2a: Skarmory|93/100
|-singleturn|p2a: Skarmory|move: Roost
|
|-heal|p2a: Skarmory|99/100|[from] item: Leftovers
|upkeep
|turn|5
|
|t:|1712276065
|move|p1a: Garchomp|Outrage|p2a: Skarmory|[from]lockedmove
|-resisted|p2a: Skarmory
|-damage|p2a: Skarmory|40/100
|-start|p1a: Garchomp|confusion|[fatigue]
|move|p2a: Skarmory|Roost|p2a: Skarmory
|-heal|p2a: Skarmory|90/100
|-singleturn|p2a: Skarmory|move: Roost
|
|-heal|p2a: Skarmory|96/100|[from] item: Leftovers
|upkeep
|turn|6
|
|t:|1712276071
|switch|p1a: Starmie|Starmie|100/100
|-damage|p1a: Starmie|88/100|[from] Stealth Rock
|-item|p1a: Starmie|Air Balloon
|move|p2a: Skarmory|Roost|p2a: Skarmory
|-heal|p2a: Skarmory|100/100
|-singleturn|p2a: Skarmory|move: Roost
|
|upkeep
|turn|7
|
|t:|1712276075
|move|p1a: Starmie|Hydro Pump|p2a: Skarmory
|-damage|p2a: Skarmory|24/100
|move|p2a: Skarmory|Brave Bird|p1a: Starmie
|-damage|p1a: Starmie|34/100
|-enditem|p1a: Starmie|Air Balloon
|-damage|p2a: Skarmory|10/100|[from] Recoil
|
|-heal|p2a: Skarmory|16/100|[from] item: Leftovers
|upkeep
|turn|8
|
|t:|1712276081
|move|p1a: Starmie|Rapid Spin|p2a: Skarmory
|-resisted|p2a: Skarmory
|-damage|p2a: Skarmory|15/100
|-sideend|p1: sadfth6|Stealth Rock|[from] move: Rapid Spin|[of] p1a: Starmie
|move|p2a: Skarmory|Brave Bird|p1a: Starmie
|-damage|p1a: Starmie|0 fnt
|faint|p1a: Starmie
|-damage|p2a: Skarmory|6/100|[from] Recoil
|
|-heal|p2a: Skarmory|12/100|[from] item: Leftovers
|upkeep
|inactive|sadfth6 has 120 seconds left.
|inactive|sadfth6 has 90 seconds left.
|inactive|sadfth6 has 60 seconds left.
|
|t:|1712276172
|switch|p1a: Volcarona|Volcarona, F|100/100
|turn|9
|inactive|sadfth6 has 60 seconds left.
|
|t:|1712276188
|move|p1a: Volcarona|Bug Buzz|p2a: Skarmory
|-resisted|p2a: Skarmory
|-damage|p2a: Skarmory|0 fnt
|faint|p2a: Skarmory
|-damage|p1a: Volcarona|91/100|[from] item: Life Orb
|
|upkeep
|
|t:|1712276195
|switch|p2a: Tyranitar|Tyranitar, M|100/100
|-damage|p2a: Tyranitar|88/100|[from] Stealth Rock
|-weather|Sandstorm|[from] ability: Sand Stream|[of] p2a: Tyranitar
|turn|10
|
|t:|1712276203
|switch|p1a: Garchomp|Garchomp, M|69/100
|move|p2a: Tyranitar|Rock Slide|p1a: Garchomp
|-resisted|p1a: Garchomp
|-damage|p1a: Garchomp|51/100
|
|-weather|Sandstorm|[upkeep]
|upkeep
|turn|11
|
|t:|1712276214
|switch|p2a: Landorus|Landorus-Therian, M|100/100
|-damage|p2a: Landorus|88/100|[from] Stealth Rock
|-ability|p2a: Landorus|Intimidate|boost
|-unboost|p1a: Garchomp|atk|1
|move|p1a: Garchomp|Earthquake|p2a: Landorus
|-immune|p2a: Landorus
|
|-weather|Sandstorm|[upkeep]
|upkeep
|turn|12
|
|t:|1712276219
|move|p2a: Landorus|Earthquake|p1a: Garchomp
|-damage|p1a: Garchomp|0 fnt
|faint|p1a: Garchomp
|
|-weather|Sandstorm|[upkeep]
|upkeep
|
|t:|1712276228
|switch|p1a: Dragonite|Dragonite, M|100/100
|turn|13
|
|t:|1712276231
|switch|p2a: Tyranitar|Tyranitar, M|88/100
|-damage|p2a: Tyranitar|76/100|[from] Stealth Rock
|move|p1a: Dragonite|Dragon Dance|p1a: Dragonite
|-boost|p1a: Dragonite|atk|1
|-boost|p1a: Dragonite|spe|1
|
|-weather|Sandstorm|[upkeep]
|-damage|p1a: Dragonite|94/100|[from] Sandstorm
|upkeep
|turn|14
|
|t:|1712276235
|move|p1a: Dragonite|Earthquake|p2a: Tyranitar
|-supereffective|p2a: Tyranitar
|-damage|p2a: Tyranitar|0 fnt
|faint|p2a: Tyranitar
|
|-weather|Sandstorm|[upkeep]
|-damage|p1a: Dragonite|88/100|[from] Sandstorm
|upkeep
|
|t:|1712276238
|switch|p2a: Landorus|Landorus-Therian, M|88/100
|-damage|p2a: Landorus|76/100|[from] Stealth Rock
|-ability|p2a: Landorus|Intimidate|boost
|-unboost|p1a: Dragonite|atk|1
|turn|15
|
|t:|1712276242
|move|p2a: Landorus|Hidden Power|p1a: Dragonite
|-supereffective|p1a: Dragonite
|-damage|p1a: Dragonite|19/100
|move|p1a: Dragonite|Dragon Dance|p1a: Dragonite
|-boost|p1a: Dragonite|atk|1
|-boost|p1a: Dragonite|spe|1
|
|-weather|Sandstorm|[upkeep]
|-damage|p1a: Dragonite|13/100|[from] Sandstorm
|upkeep
|turn|16
|
|t:|1712276246
|move|p1a: Dragonite|Outrage|p2a: Landorus
|-damage|p2a: Landorus|0 fnt
|faint|p2a: Landorus
|
|-weather|Sandstorm|[upkeep]
|-damage|p1a: Dragonite|7/100|[from] Sandstorm
|upkeep
|
|t:|1712276249
|switch|p2a: Excadrill|Excadrill, F|100/100
|-damage|p2a: Excadrill|97/100|[from] Stealth Rock
|turn|17
|
|t:|1712276253
|move|p1a: Dragonite|Outrage|p2a: Excadrill|[from]lockedmove
|-resisted|p2a: Excadrill
|-damage|p2a: Excadrill|18/100
|move|p2a: Excadrill|Rapid Spin|p1a: Dragonite
|-damage|p1a: Dragonite|0 fnt
|-sideend|p2: leoperi99|Stealth Rock|[from] move: Rapid Spin|[of] p2a: Excadrill
|faint|p1a: Dragonite
|
|-weather|Sandstorm|[upkeep]
|-heal|p2a: Excadrill|24/100|[from] item: Leftovers
|upkeep
|inactive|sadfth6 has 120 seconds left.
|
|t:|1712276284
|switch|p1a: Scizor|Scizor, F|100/100
|turn|18
|
|t:|1712276295
|move|p2a: Excadrill|Earthquake|p1a: Scizor
|-damage|p1a: Scizor|27/100
|move|p1a: Scizor|Swords Dance|p1a: Scizor
|-boost|p1a: Scizor|atk|2
|
|-weather|Sandstorm|[upkeep]
|-heal|p2a: Excadrill|30/100|[from] item: Leftovers
|upkeep
|turn|19
|
|t:|1712276302
|move|p1a: Scizor|Bullet Punch|p2a: Excadrill
|-resisted|p2a: Excadrill
|-damage|p2a: Excadrill|0 fnt
|faint|p2a: Excadrill
|-damage|p1a: Scizor|17/100|[from] item: Life Orb
|
|-weather|Sandstorm|[upkeep]
|upkeep
|
|t:|1712276313
|switch|p2a: Celebi|Celebi|94/100
|turn|20
|
|t:|1712276321
|move|p1a: Scizor|Bullet Punch|p2a: Celebi
|-damage|p2a: Celebi|23/100
|-damage|p1a: Scizor|7/100|[from] item: Life Orb
|move|p2a: Celebi|Stealth Rock|p1a: Scizor
|-sidestart|p1: sadfth6|move: Stealth Rock
|
|-weather|Sandstorm|[upkeep]
|-damage|p2a: Celebi|17/100|[from] Sandstorm
|-heal|p2a: Celebi|23/100|[from] item: Leftovers
|upkeep
|turn|21
|
|t:|1712276329
|move|p1a: Scizor|Bullet Punch|p2a: Celebi
|-damage|p2a: Celebi|0 fnt
|faint|p2a: Celebi
|-damage|p1a: Scizor|0 fnt|[from] item: Life Orb
|faint|p1a: Scizor
|
|-weather|Sandstorm|[upkeep]
|upkeep
|c|☆leoperi99|gg wp
|
|t:|1712276350
|switch|p2a: Meloetta|Meloetta|100/100
|switch|p1a: Volcarona|Volcarona, F|91/100
|-damage|p1a: Volcarona|41/100|[from] Stealth Rock
|turn|22
|
|t:|1712276379
|move|p2a: Meloetta|Relic Song|p1a: Volcarona
|-damage|p1a: Volcarona|14/100
|-status|p1a: Volcarona|slp|[from] move: Relic Song
|-formechange|p2a: Meloetta|Meloetta-Pirouette|[msg]
|cant|p1a: Volcarona|slp
|
|-weather|Sandstorm|[upkeep]
|-damage|p2a: Meloetta|94/100|[from] Sandstorm
|-damage|p1a: Volcarona|8/100 slp|[from] Sandstorm
|-heal|p2a: Meloetta|100/100|[from] item: Leftovers
|upkeep
|turn|23
|
|t:|1712276388
|move|p2a: Meloetta|Ice Punch|p1a: Volcarona
|-resisted|p1a: Volcarona
|-damage|p1a: Volcarona|0 fnt
|faint|p1a: Volcarona
|
|-weather|Sandstorm|[upkeep]
|-damage|p2a: Meloetta|94/100|[from] Sandstorm
|-heal|p2a: Meloetta|100/100|[from] item: Leftovers
|upkeep
|
|t:|1712276389
|switch|p1a: Breloom|Breloom, M|100/100
|-damage|p1a: Breloom|94/100|[from] Stealth Rock
|turn|24
|c|☆sadfth6|Ggs
|
|t:|1712276414
|move|p1a: Breloom|Mach Punch|p2a: Meloetta
|-supereffective|p2a: Meloetta
|-damage|p2a: Meloetta|7/100
|-damage|p1a: Breloom|84/100|[from] item: Life Orb
|move|p2a: Meloetta|Close Combat|p1a: Breloom
|-damage|p1a: Breloom|0 fnt
|-unboost|p2a: Meloetta|def|1
|-unboost|p2a: Meloetta|spd|1
|faint|p1a: Breloom
|
|win|leoperi99
|raw|sadfth6's rating: 1361 &rarr; <strong>1346</strong><br />(-15 for losing)
|raw|leoperi99's rating: 1455 &rarr; <strong>1470</strong><br />(+15 for winning)
|c|☆sadfth6|Wow
|c|☆leoperi99|choice band wouldve kill
|c|☆leoperi99|i think
