|j|☆tizio potente ao
|j|☆BLJ Mario
|t:|1717608721
|gametype|singles
|player|p1|tizio potente ao|volkner|1324
|player|p2|BLJ Mario|blue-gen2|1324
|teamsize|p1|6
|teamsize|p2|6
|gen|5
|tier|[Gen 5] OU
|rated|
|rule|Species Clause: Limit one of each Pokémon
|rule|OHKO Clause: OHKO moves are banned
|rule|Moody Clause: Moody is banned
|rule|Evasion Items Clause: Evasion items are banned
|rule|Evasion Moves Clause: Evasion moves are banned
|rule|Endless Battle Clause: Forcing endless battles is banned
|rule|HP Percentage Mod: HP is shown in percentages
|rule|Evasion Abilities Clause: Evasion abilities are banned
|rule|Sleep Moves Clause: Sleep-inducing moves are banned
|rule|Swagger Clause: Swagger is banned
|rule|Baton Pass Stat Clause: No Baton Passer may have a way to boost its stats
|clearpoke
|poke|p1|Hippowdon, M|item
|poke|p1|Skarmory, F|item
|poke|p1|Reuniclus, M|item
|poke|p1|Clefable, F|item
|poke|p1|Latias, F|item
|poke|p1|Bronzong|item
|poke|p2|Excadrill, F|item
|poke|p2|Hippowdon, M|item
|poke|p2|Terrakion|item
|poke|p2|Scizor, M|item
|poke|p2|Rotom-Wash|item
|poke|p2|Latios, M|item
|teampreview
|
|t:|1717608735
|start
|switch|p1a: Clefable|Clefable, F|100/100
|switch|p2a: Rotom|Rotom-Wash, shiny|100/100
|turn|1
|
|t:|1717608743
|move|p2a: Rotom|Volt Switch|p1a: Clefable
|-damage|p1a: Clefable|83/100
|l|☆tizio potente ao
|player|p1|
|j|☆tizio potente ao
|player|p1|tizio potente ao|volkner|
|inactive|Battle timer is ON: inactive players will automatically lose when time's up. (requested by tizio potente ao)
|
|t:|1717608770
|switch|p2a: Hippowdon|Hippowdon, M|100/100|[from] Volt Switch
|-weather|Sandstorm|[from] ability: Sand Stream|[of] p2a: Hippowdon
|move|p1a: Clefable|Thunder Wave|p2a: Hippowdon
|-immune|p2a: Hippowdon
|
|-weather|Sandstorm|[upkeep]
|-heal|p1a: Clefable|89/100|[from] item: Leftovers
|upkeep
|turn|2
|
|t:|1717608775
|move|p1a: Clefable|Knock Off|p2a: Hippowdon
|-damage|p2a: Hippowdon|99/100
|-enditem|p2a: Hippowdon|Leftovers|[from] move: Knock Off|[of] p1a: Clefable
|move|p2a: Hippowdon|Stealth Rock|p1a: Clefable
|-sidestart|p1: tizio potente ao|move: Stealth Rock
|
|-weather|Sandstorm|[upkeep]
|-heal|p1a: Clefable|95/100|[from] item: Leftovers
|upkeep
|turn|3
|
|t:|1717608781
|move|p1a: Clefable|Seismic Toss|p2a: Hippowdon
|-damage|p2a: Hippowdon|75/100
|move|p2a: Hippowdon|Earthquake|p1a: Clefable
|-damage|p1a: Clefable|54/100
|
|-weather|Sandstorm|[upkeep]
|-heal|p1a: Clefable|60/100|[from] item: Leftovers
|upkeep
|turn|4
|
|t:|1717608788
|switch|p2a: Terrakion|Terrakion|100/100
|move|p1a: Clefable|Soft-Boiled|p1a: Clefable
|-heal|p1a: Clefable|100/100
|
|-weather|Sandstorm|[upkeep]
|upkeep
|turn|5
|
|t:|1717608802
|switch|p2a: Scizor|Scizor, M|100/100
|switch|p1a: Latias|Latias, F|100/100
|-damage|p1a: Latias|88/100|[from] Stealth Rock
|
|-weather|Sandstorm|[upkeep]
|-damage|p1a: Latias|82/100|[from] Sandstorm
|upkeep
|turn|6
|
|t:|1717608811
|-activate|p1a: Latias|move: Pursuit
|move|p2a: Scizor|Pursuit|p1a: Latias|[from]Pursuit
|-supereffective|p1a: Latias
|-enditem|p1a: Latias|Colbur Berry|[eat]
|-enditem|p1a: Latias|Colbur Berry|[weaken]
|-damage|p1a: Latias|47/100
|switch|p1a: Skarmory|Skarmory, F|100/100
|-damage|p1a: Skarmory|88/100|[from] Stealth Rock
|
|-weather|Sandstorm|[upkeep]
|-heal|p1a: Skarmory|94/100|[from] item: Leftovers
|upkeep
|turn|7
|l|☆tizio potente ao
|inactive|tizio potente ao disconnected and has a minute to reconnect!
|player|p1|
|j|☆tizio potente ao
|inactive|tizio potente ao reconnected and has 130 seconds left.
|player|p1|tizio potente ao|volkner|
|
|t:|1717608846
|switch|p2a: Rotom|Rotom-Wash, shiny|100/100
|move|p1a: Skarmory|Whirlwind|p2a: Rotom
|drag|p2a: Terrakion|Terrakion|100/100
|
|-weather|Sandstorm|[upkeep]
|-heal|p1a: Skarmory|99/100|[from] item: Leftovers
|upkeep
|turn|8
|
|t:|1717608858
|move|p2a: Terrakion|Stone Edge|p1a: Skarmory
|-damage|p1a: Skarmory|57/100
|move|p1a: Skarmory|Spikes|p2a: Terrakion
|-sidestart|p2: BLJ Mario|Spikes
|
|-weather|Sandstorm|[upkeep]
|-heal|p1a: Skarmory|63/100|[from] item: Leftovers
|upkeep
|turn|9
|
|t:|1717608869
|switch|p2a: Excadrill|Excadrill, F|100/100
|-damage|p2a: Excadrill|88/100|[from] Spikes
|move|p1a: Skarmory|Roost|p1a: Skarmory
|-heal|p1a: Skarmory|100/100
|-singleturn|p1a: Skarmory|move: Roost
|
|-weather|Sandstorm|[upkeep]
|-heal|p2a: Excadrill|94/100|[from] item: Leftovers
|upkeep
|turn|10
|
|t:|1717608887
|move|p2a: Excadrill|Rapid Spin|p1a: Skarmory
|-resisted|p1a: Skarmory
|-damage|p1a: Skarmory|98/100
|-sideend|p2: BLJ Mario|Spikes|[from] move: Rapid Spin|[of] p2a: Excadrill
|move|p1a: Skarmory|Spikes|p2a: Excadrill
|-sidestart|p2: BLJ Mario|Spikes
|
|-weather|Sandstorm|[upkeep]
|-heal|p2a: Excadrill|99/100|[from] item: Leftovers
|-heal|p1a: Skarmory|100/100|[from] item: Leftovers
|upkeep
|turn|11
|
|t:|1717608893
|switch|p1a: Hippowdon|Hippowdon, M|100/100
|-damage|p1a: Hippowdon|94/100|[from] Stealth Rock
|move|p2a: Excadrill|Swords Dance|p2a: Excadrill
|-boost|p2a: Excadrill|atk|2
|
|-weather|Sandstorm|[upkeep]
|-heal|p2a: Excadrill|100/100|[from] item: Leftovers
|-heal|p1a: Hippowdon|100/100|[from] item: Leftovers
|upkeep
|turn|12
|
|t:|1717608909
|move|p2a: Excadrill|Iron Head|p1a: Hippowdon
|-damage|p1a: Hippowdon|36/100
|move|p1a: Hippowdon|Earthquake|p2a: Excadrill
|-supereffective|p2a: Excadrill
|-damage|p2a: Excadrill|0 fnt
|faint|p2a: Excadrill
|
|-weather|Sandstorm|[upkeep]
|-heal|p1a: Hippowdon|42/100|[from] item: Leftovers
|upkeep
|
|t:|1717608920
|switch|p2a: Scizor|Scizor, M|100/100
|-damage|p2a: Scizor|88/100|[from] Spikes
|turn|13
|
|t:|1717608927
|move|p2a: Scizor|U-turn|p1a: Hippowdon
|-damage|p1a: Hippowdon|17/100
|
|t:|1717608937
|switch|p2a: Latios|Latios, M|100/100|[from] U-turn
|move|p1a: Hippowdon|Slack Off|p1a: Hippowdon
|-heal|p1a: Hippowdon|67/100
|
|-weather|Sandstorm|[upkeep]
|-damage|p2a: Latios|95/100|[from] Sandstorm
|-heal|p1a: Hippowdon|73/100|[from] item: Leftovers
|upkeep
|turn|14
|
|t:|1717608944
|switch|p1a: Bronzong|Bronzong|100/100
|-damage|p1a: Bronzong|94/100|[from] Stealth Rock
|move|p2a: Latios|Calm Mind|p2a: Latios
|-boost|p2a: Latios|spa|1
|-boost|p2a: Latios|spd|1
|
|-weather|Sandstorm|[upkeep]
|-damage|p2a: Latios|89/100|[from] Sandstorm
|-heal|p1a: Bronzong|100/100|[from] item: Leftovers
|upkeep
|turn|15
|
|t:|1717608958
|move|p2a: Latios|Calm Mind|p2a: Latios
|-boost|p2a: Latios|spa|1
|-boost|p2a: Latios|spd|1
|move|p1a: Bronzong|Gyro Ball|p2a: Latios
|-damage|p2a: Latios|47/100
|
|-weather|Sandstorm|[upkeep]
|-damage|p2a: Latios|41/100|[from] Sandstorm
|upkeep
|turn|16
|
|t:|1717608963
|move|p2a: Latios|Recover|p2a: Latios
|-heal|p2a: Latios|92/100
|move|p1a: Bronzong|Gyro Ball|p2a: Latios
|-damage|p2a: Latios|51/100
|
|-weather|Sandstorm|[upkeep]
|-damage|p2a: Latios|45/100|[from] Sandstorm
|upkeep
|turn|17
|
|t:|1717608987
|move|p2a: Latios|Recover|p2a: Latios
|-heal|p2a: Latios|96/100
|move|p1a: Bronzong|Gyro Ball|p2a: Latios
|-damage|p2a: Latios|54/100
|
|-weather|Sandstorm|[upkeep]
|-damage|p2a: Latios|48/100|[from] Sandstorm
|upkeep
|turn|18
|
|t:|1717609001
|switch|p1a: Clefable|Clefable, F|100/100
|move|p2a: Latios|Recover|p2a: Latios
|-heal|p2a: Latios|98/100
|
|-weather|Sandstorm|[upkeep]
|-damage|p2a: Latios|92/100|[from] Sandstorm
|upkeep
|turn|19
|
|t:|1717609007
|move|p2a: Latios|Draco Meteor|p1a: Clefable
|-damage|p1a: Clefable|0 fnt
|-unboost|p2a: Latios|spa|2
|faint|p1a: Clefable
|
|-weather|Sandstorm|[upkeep]
|-damage|p2a: Latios|86/100|[from] Sandstorm
|upkeep
|l|☆tizio potente ao
|inactive|tizio potente ao disconnected and has a minute to reconnect!
|player|p1|
|j|☆tizio potente ao
|inactive|tizio potente ao reconnected and has 130 seconds left.
|player|p1|tizio potente ao|volkner|
|
|t:|1717609031
|switch|p1a: Skarmory|Skarmory, F|100/100
|-damage|p1a: Skarmory|88/100|[from] Stealth Rock
|turn|20
|inactive|BLJ Mario has 120 seconds left.
|
|t:|1717609070
|switch|p2a: Rotom|Rotom-Wash, shiny|100/100
|move|p1a: Skarmory|Spikes|p2a: Rotom
|-sidestart|p2: BLJ Mario|Spikes
|
|-weather|Sandstorm|[upkeep]
|-damage|p2a: Rotom|94/100|[from] Sandstorm
|-heal|p2a: Rotom|100/100|[from] item: Leftovers
|-heal|p1a: Skarmory|94/100|[from] item: Leftovers
|upkeep
|turn|21
|inactive|BLJ Mario has 120 seconds left.
|
|t:|1717609079
|switch|p1a: Hippowdon|Hippowdon, M|73/100
|-damage|p1a: Hippowdon|67/100|[from] Stealth Rock
|move|p2a: Rotom|Volt Switch|p1a: Hippowdon
|-immune|p1a: Hippowdon
|
|-weather|Sandstorm|[upkeep]
|-damage|p2a: Rotom|94/100|[from] Sandstorm
|-heal|p2a: Rotom|100/100|[from] item: Leftovers
|-heal|p1a: Hippowdon|73/100|[from] item: Leftovers
|upkeep
|turn|22
|
|t:|1717609085
|move|p2a: Rotom|Hydro Pump|p1a: Hippowdon
|-supereffective|p1a: Hippowdon
|-crit|p1a: Hippowdon
|-damage|p1a: Hippowdon|0 fnt
|faint|p1a: Hippowdon
|
|-weather|Sandstorm|[upkeep]
|-damage|p2a: Rotom|94/100|[from] Sandstorm
|-heal|p2a: Rotom|100/100|[from] item: Leftovers
|upkeep
|
|t:|1717609088
|switch|p1a: Latias|Latias, F|47/100
|-damage|p1a: Latias|34/100|[from] Stealth Rock
|turn|23
|
|t:|1717609098
|move|p1a: Latias|Recover|p1a: Latias
|-heal|p1a: Latias|85/100
|move|p2a: Rotom|Volt Switch|p1a: Latias
|-resisted|p1a: Latias
|-crit|p1a: Latias
|-damage|p1a: Latias|61/100
|
|t:|1717609104
|switch|p2a: Scizor|Scizor, M|88/100|[from] Volt Switch
|-damage|p2a: Scizor|72/100|[from] Spikes
|
|-weather|Sandstorm|[upkeep]
|-damage|p1a: Latias|55/100|[from] Sandstorm
|upkeep
|turn|24
|
|t:|1717609115
|-activate|p1a: Latias|move: Pursuit
|move|p2a: Scizor|Pursuit|p1a: Latias|[from]Pursuit
|-supereffective|p1a: Latias
|-damage|p1a: Latias|0 fnt
|faint|p1a: Latias
|-hint|A Pokemon can't switch between when it runs out of HP and when it faints
|
|-weather|Sandstorm|[upkeep]
|upkeep
|
|t:|1717609119
|switch|p1a: Skarmory|Skarmory, F|94/100
|-damage|p1a: Skarmory|82/100|[from] Stealth Rock
|turn|25
|
|t:|1717609130
|switch|p2a: Terrakion|Terrakion|100/100
|-damage|p2a: Terrakion|84/100|[from] Spikes
|move|p1a: Skarmory|Spikes|p2a: Terrakion
|-sidestart|p2: BLJ Mario|Spikes
|
|-weather|Sandstorm|[upkeep]
|-heal|p1a: Skarmory|88/100|[from] item: Leftovers
|upkeep
|turn|26
|
|t:|1717609139
|move|p2a: Terrakion|Close Combat|p1a: Skarmory
|-damage|p1a: Skarmory|34/100
|-unboost|p2a: Terrakion|def|1
|-unboost|p2a: Terrakion|spd|1
|move|p1a: Skarmory|Roost|p1a: Skarmory
|-heal|p1a: Skarmory|84/100
|-singleturn|p1a: Skarmory|move: Roost
|
|-weather|Sandstorm|[upkeep]
|-heal|p1a: Skarmory|90/100|[from] item: Leftovers
|upkeep
|turn|27
|
|t:|1717609147
|move|p2a: Terrakion|Close Combat|p1a: Skarmory
|-damage|p1a: Skarmory|34/100
|-unboost|p2a: Terrakion|def|1
|-unboost|p2a: Terrakion|spd|1
|move|p1a: Skarmory|Roost|p1a: Skarmory
|-heal|p1a: Skarmory|84/100
|-singleturn|p1a: Skarmory|move: Roost
|
|-weather|Sandstorm|[upkeep]
|-heal|p1a: Skarmory|90/100|[from] item: Leftovers
|upkeep
|turn|28
|
|t:|1717609160
|switch|p2a: Latios|Latios, M|86/100
|move|p1a: Skarmory|Brave Bird|p2a: Latios
|-damage|p2a: Latios|38/100
|-damage|p1a: Skarmory|76/100|[from] Recoil
|
|-weather|Sandstorm|[upkeep]
|-damage|p2a: Latios|32/100|[from] Sandstorm
|-heal|p1a: Skarmory|82/100|[from] item: Leftovers
|upkeep
|turn|29
|
|t:|1717609183
|move|p2a: Latios|Recover|p2a: Latios
|-heal|p2a: Latios|82/100
|move|p1a: Skarmory|Brave Bird|p2a: Latios
|-damage|p2a: Latios|38/100
|-damage|p1a: Skarmory|69/100|[from] Recoil
|
|-weather|Sandstorm|[upkeep]
|-damage|p2a: Latios|32/100|[from] Sandstorm
|-heal|p1a: Skarmory|75/100|[from] item: Leftovers
|upkeep
|turn|30
|
|t:|1717609193
|move|p2a: Latios|Recover|p2a: Latios
|-heal|p2a: Latios|83/100
|move|p1a: Skarmory|Whirlwind|p2a: Latios
|drag|p2a: Scizor|Scizor, M|72/100
|-damage|p2a: Scizor|47/100|[from] Spikes
|
|-weather|Sandstorm|[upkeep]
|-heal|p1a: Skarmory|81/100|[from] item: Leftovers
|upkeep
|turn|31
|
|t:|1717609202
|move|p2a: Scizor|U-turn|p1a: Skarmory
|-resisted|p1a: Skarmory
|-damage|p1a: Skarmory|75/100
|
|t:|1717609208
|switch|p2a: Latios|Latios, M|83/100|[from] U-turn
|move|p1a: Skarmory|Brave Bird|p2a: Latios
|-damage|p2a: Latios|33/100
|-damage|p1a: Skarmory|60/100|[from] Recoil
|
|-weather|Sandstorm|[upkeep]
|-damage|p2a: Latios|27/100|[from] Sandstorm
|-heal|p1a: Skarmory|66/100|[from] item: Leftovers
|upkeep
|turn|32
|
|t:|1717609218
|move|p2a: Latios|Surf|p1a: Skarmory
|-damage|p1a: Skarmory|23/100
|move|p1a: Skarmory|Whirlwind|p2a: Latios
|drag|p2a: Rotom|Rotom-Wash, shiny|100/100
|
|-weather|Sandstorm|[upkeep]
|-damage|p2a: Rotom|94/100|[from] Sandstorm
|-heal|p2a: Rotom|100/100|[from] item: Leftovers
|-heal|p1a: Skarmory|29/100|[from] item: Leftovers
|upkeep
|turn|33
|
|t:|1717609227
|switch|p1a: Reuniclus|Reuniclus, M|100/100
|move|p2a: Rotom|Volt Switch|p1a: Reuniclus
|-damage|p1a: Reuniclus|79/100
|
|t:|1717609236
|switch|p2a: Scizor|Scizor, M|47/100|[from] Volt Switch
|-damage|p2a: Scizor|22/100|[from] Spikes
|
|-weather|Sandstorm|[upkeep]
|-heal|p1a: Reuniclus|85/100|[from] item: Leftovers
|upkeep
|turn|34
|
|t:|1717609241
|move|p2a: Scizor|U-turn|p1a: Reuniclus
|-supereffective|p1a: Reuniclus
|-damage|p1a: Reuniclus|37/100
|l|☆tizio potente ao
|inactive|tizio potente ao disconnected and has a minute to reconnect!
|player|p1|
|inactive|BLJ Mario has 120 seconds left.
|j|☆tizio potente ao
|inactive|tizio potente ao reconnected.
|player|p1|tizio potente ao|volkner|
|
|t:|1717609275
|switch|p2a: Latios|Latios, M|27/100|[from] U-turn
|move|p1a: Reuniclus|Thunder|p2a: Latios
|-resisted|p2a: Latios
|-damage|p2a: Latios|10/100
|
|-weather|Sandstorm|[upkeep]
|-damage|p2a: Latios|4/100|[from] Sandstorm
|-heal|p1a: Reuniclus|43/100|[from] item: Leftovers
|upkeep
|turn|35
|inactive|BLJ Mario has 120 seconds left.
|
|t:|1717609287
|move|p2a: Latios|Draco Meteor|p1a: Reuniclus
|-crit|p1a: Reuniclus
|-damage|p1a: Reuniclus|0 fnt
|-unboost|p2a: Latios|spa|2
|faint|p1a: Reuniclus
|
|-weather|Sandstorm|[upkeep]
|-damage|p2a: Latios|0 fnt|[from] Sandstorm
|faint|p2a: Latios
|upkeep
|inactive|BLJ Mario has 120 seconds left.
|
|t:|1717609304
|switch|p2a: Scizor|Scizor, M|22/100
|switch|p1a: Bronzong|Bronzong|100/100
|-damage|p2a: Scizor|0 fnt|[from] Spikes
|faint|p2a: Scizor
|-damage|p1a: Bronzong|94/100|[from] Stealth Rock
|
|t:|1717609316
|switch|p2a: Rotom|Rotom-Wash, shiny|100/100
|turn|36
|
|t:|1717609319
|move|p1a: Bronzong|Protect|p1a: Bronzong
|-singleturn|p1a: Bronzong|Protect
|move|p2a: Rotom|Will-O-Wisp|p1a: Bronzong
|-activate|p1a: Bronzong|move: Protect
|
|-weather|Sandstorm|[upkeep]
|-damage|p2a: Rotom|94/100|[from] Sandstorm
|-heal|p2a: Rotom|100/100|[from] item: Leftovers
|-heal|p1a: Bronzong|100/100|[from] item: Leftovers
|upkeep
|turn|37
|
|t:|1717609325
|move|p2a: Rotom|Will-O-Wisp|p1a: Bronzong
|-status|p1a: Bronzong|brn
|move|p1a: Bronzong|Hidden Power|p2a: Rotom
|-damage|p2a: Rotom|90/100
|
|-weather|Sandstorm|[upkeep]
|-damage|p2a: Rotom|84/100|[from] Sandstorm
|-heal|p2a: Rotom|90/100|[from] item: Leftovers
|-damage|p1a: Bronzong|88/100 brn|[from] brn
|upkeep
|turn|38
|
|t:|1717609334
|move|p2a: Rotom|Hydro Pump|p1a: Bronzong|[miss]
|-miss|p2a: Rotom|p1a: Bronzong
|move|p1a: Bronzong|Gyro Ball|p2a: Rotom
|-resisted|p2a: Rotom
|-damage|p2a: Rotom|88/100
|
|-weather|Sandstorm|[upkeep]
|-damage|p2a: Rotom|81/100|[from] Sandstorm
|-heal|p2a: Rotom|88/100|[from] item: Leftovers
|-heal|p1a: Bronzong|94/100 brn|[from] item: Leftovers
|-damage|p1a: Bronzong|82/100 brn|[from] brn
|upkeep
|turn|39
|-message|tizio potente ao forfeited.
|
|win|BLJ Mario
|raw|tizio potente ao's rating: 1324 &rarr; <strong>1304</strong><br />(-20 for losing)
|raw|BLJ Mario's rating: 1324 &rarr; <strong>1344</strong><br />(+20 for winning)
|l|☆tizio potente ao
|player|p1|
