|uhtml|medal-msg|<div class="broadcast-blue">Curious what those medals under the avatar are? PS now has Ladder Seasons! For more information, check out the <a href="https://www.smogon.com/forums/threads/3740067/">thread on Smogon.</a></div>
|uhtml|medal-msg|<div class="broadcast-blue">Curious what those medals under the avatar are? PS now has Ladder Seasons! For more information, check out the <a href="https://www.smogon.com/forums/threads/3740067/">thread on Smogon.</a></div>
|j|☆Salwen
|j|☆atanasoff x
|t:|1712694152
|gametype|singles
|player|p1|Salwen|madame-gen4dp|1416
|player|p2|atanasoff x|101|1265
|teamsize|p1|6
|teamsize|p2|6
|gen|5
|tier|[Gen 5] OU
|rated|
|rule|Species Clause: Limit one of each Pokémon
|rule|OHKO Clause: OHKO moves are banned
|rule|Moody Clause: Moody is banned
|rule|Evasion Items Clause: Evasion items are banned
|rule|Evasion Moves Clause: Evasion moves are banned
|rule|Endless Battle Clause: Forcing endless battles is banned
|rule|HP Percentage Mod: HP is shown in percentages
|rule|Evasion Abilities Clause: Evasion abilities are banned
|rule|Sleep Moves Clause: Sleep-inducing moves are banned
|rule|Swagger Clause: Swagger is banned
|rule|Baton Pass Stat Clause: No Baton Passer may have a way to boost its stats
|clearpoke
|poke|p1|Politoed, M|item
|poke|p1|Tentacruel, M|item
|poke|p1|Ferrothorn, F|item
|poke|p1|Keldeo-Resolute|item
|poke|p1|Blissey, F|item
|poke|p1|Latios, M|item
|poke|p2|Keldeo|item
|poke|p2|Cloyster, M|item
|poke|p2|Latios, M|item
|poke|p2|Landorus-Therian, M|item
|poke|p2|Tyranitar, M|item
|poke|p2|Scizor, F|item
|teampreview
|inactive|Battle timer is ON: inactive players will automatically lose when time's up. (requested by Salwen)
|inactive|Salwen has 120 seconds left.
|inactive|Salwen has 90 seconds left.
|
|t:|1712694214
|start
|switch|p1a: Ferrothorn|Ferrothorn, F|100/100
|switch|p2a: Cloyster|Cloyster, M|100/100
|turn|1
|
|t:|1712694221
|move|p2a: Cloyster|Shell Smash|p2a: Cloyster
|-unboost|p2a: Cloyster|def|1
|-unboost|p2a: Cloyster|spd|1
|-boost|p2a: Cloyster|atk|2
|-boost|p2a: Cloyster|spa|2
|-boost|p2a: Cloyster|spe|2
|-enditem|p2a: Cloyster|White Herb
|-clearnegativeboost|p2a: Cloyster|[silent]
|move|p1a: Ferrothorn|Power Whip|p2a: Cloyster|[miss]
|-miss|p1a: Ferrothorn|p2a: Cloyster
|
|upkeep
|turn|2
|
|t:|1712694231
|move|p2a: Cloyster|Hidden Power|p1a: Ferrothorn
|-supereffective|p1a: Ferrothorn
|-crit|p1a: Ferrothorn
|-damage|p1a: Ferrothorn|0 fnt
|faint|p1a: Ferrothorn
|
|upkeep
|
|t:|1712694240
|switch|p1a: Keldeo|Keldeo-Resolute|100/100
|turn|3
|
|t:|1712694247
|move|p1a: Keldeo|Hidden Power|p2a: Cloyster
|-supereffective|p2a: Cloyster
|-damage|p2a: Cloyster|0 fnt
|faint|p2a: Cloyster
|
|upkeep
|
|t:|1712694262
|switch|p2a: Latios|Latios, M|100/100
|turn|4
|inactive|Salwen has 120 seconds left.
|
|t:|1712694311
|switch|p1a: Blissey|Blissey, F|100/100
|move|p2a: Latios|Thunderbolt|p1a: Blissey
|-damage|p1a: Blissey|87/100
|-damage|p2a: Latios|91/100|[from] item: Life Orb
|
|-heal|p1a: Blissey|93/100|[from] item: Leftovers
|upkeep
|turn|5
|inactive|Salwen has 90 seconds left.
|
|t:|1712694351
|switch|p2a: Keldeo|Keldeo|100/100
|move|p1a: Blissey|Wish|p1a: Blissey
|
|-heal|p1a: Blissey|99/100|[from] item: Leftovers
|upkeep
|turn|6
|
|t:|1712694357
|switch|p1a: Latios|Latios, M|100/100
|move|p2a: Keldeo|Secret Sword|p1a: Latios
|-resisted|p1a: Latios
|-damage|p1a: Latios|72/100
|
|-heal|p1a: Latios|100/100|[from] move: Wish|[wisher] Blissey
|upkeep
|turn|7
|j| hw ghost
|
|t:|1712694366
|switch|p1a: Keldeo|Keldeo-Resolute|100/100
|move|p2a: Keldeo|Icy Wind|p1a: Keldeo
|-resisted|p1a: Keldeo
|-damage|p1a: Keldeo|89/100
|-unboost|p1a: Keldeo|spe|1
|
|upkeep
|turn|8
|inactive|Salwen has 90 seconds left.
|
|t:|1712694376
|move|p2a: Keldeo|Secret Sword|p1a: Keldeo
|-damage|p1a: Keldeo|42/100
|move|p1a: Keldeo|Secret Sword|p2a: Keldeo
|-damage|p2a: Keldeo|50/100
|
|-heal|p2a: Keldeo|57/100|[from] item: Leftovers
|upkeep
|turn|9
|
|t:|1712694383
|switch|p1a: Latios|Latios, M|100/100
|move|p2a: Keldeo|Secret Sword|p1a: Latios
|-resisted|p1a: Latios
|-damage|p1a: Latios|69/100
|
|-heal|p2a: Keldeo|63/100|[from] item: Leftovers
|upkeep
|turn|10
|
|t:|1712694395
|move|p1a: Latios|Draco Meteor|p2a: Keldeo
|-damage|p2a: Keldeo|0 fnt
|-unboost|p1a: Latios|spa|2
|faint|p2a: Keldeo
|
|upkeep
|
|t:|1712694398
|switch|p2a: Tyranitar|Tyranitar, M|100/100
|-weather|Sandstorm|[from] ability: Sand Stream|[of] p2a: Tyranitar
|turn|11
|
|t:|1712694404
|-activate|p1a: Latios|move: Pursuit
|move|p2a: Tyranitar|Pursuit|p1a: Latios|[from]Pursuit
|-supereffective|p1a: Latios
|-damage|p1a: Latios|0 fnt
|faint|p1a: Latios
|-hint|A Pokemon can't switch between when it runs out of HP and when it faints
|
|-weather|Sandstorm|[upkeep]
|upkeep
|
|t:|1712694411
|switch|p1a: Politoed|Politoed, M|100/100
|-weather|RainDance|[from] ability: Drizzle|[of] p1a: Politoed
|turn|12
|
|t:|1712694421
|switch|p2a: Latios|Latios, M|91/100
|move|p1a: Politoed|Scald|p2a: Latios
|-resisted|p2a: Latios
|-damage|p2a: Latios|71/100
|-status|p2a: Latios|brn
|
|-weather|RainDance|[upkeep]
|-damage|p2a: Latios|59/100 brn|[from] brn
|upkeep
|turn|13
|
|t:|1712694426
|switch|p2a: Tyranitar|Tyranitar, M|100/100
|-weather|Sandstorm|[from] ability: Sand Stream|[of] p2a: Tyranitar
|switch|p1a: Blissey|Blissey, F|99/100
|
|-weather|Sandstorm|[upkeep]
|-damage|p1a: Blissey|93/100|[from] Sandstorm
|-heal|p1a: Blissey|99/100|[from] item: Leftovers
|upkeep
|turn|14
|
|t:|1712694432
|move|p2a: Tyranitar|Crunch|p1a: Blissey
|-damage|p1a: Blissey|57/100
|-unboost|p1a: Blissey|def|1
|move|p1a: Blissey|Thunder Wave|p2a: Tyranitar
|-status|p2a: Tyranitar|par
|
|-weather|Sandstorm|[upkeep]
|-damage|p1a: Blissey|50/100|[from] Sandstorm
|-heal|p1a: Blissey|57/100|[from] item: Leftovers
|upkeep
|turn|15
|
|t:|1712694437
|move|p1a: Blissey|Soft-Boiled|p1a: Blissey
|-heal|p1a: Blissey|100/100
|move|p2a: Tyranitar|Pursuit|p1a: Blissey
|-damage|p1a: Blissey|68/100
|
|-weather|Sandstorm|[upkeep]
|-damage|p1a: Blissey|62/100|[from] Sandstorm
|-heal|p1a: Blissey|68/100|[from] item: Leftovers
|upkeep
|turn|16
|
|t:|1712694444
|switch|p1a: Tentacruel|Tentacruel, M|100/100
|move|p2a: Tyranitar|Crunch|p1a: Tentacruel
|-damage|p1a: Tentacruel|45/100
|
|-weather|Sandstorm|[upkeep]
|-damage|p1a: Tentacruel|39/100|[from] Sandstorm
|-heal|p1a: Tentacruel|45/100|[from] item: Black Sludge
|upkeep
|turn|17
|
|t:|1712694451
|switch|p1a: Politoed|Politoed, M|100/100
|-weather|RainDance|[from] ability: Drizzle|[of] p1a: Politoed
|cant|p2a: Tyranitar|par
|
|-weather|RainDance|[upkeep]
|upkeep
|turn|18
|
|t:|1712694455
|switch|p2a: Latios|Latios, M|59/100 brn
|move|p1a: Politoed|Scald|p2a: Latios
|-resisted|p2a: Latios
|-damage|p2a: Latios|40/100 brn
|
|-weather|RainDance|[upkeep]
|-damage|p2a: Latios|27/100 brn|[from] brn
|upkeep
|turn|19
|
|t:|1712694459
|switch|p2a: Tyranitar|Tyranitar, M|100/100 par
|-weather|Sandstorm|[from] ability: Sand Stream|[of] p2a: Tyranitar
|move|p1a: Politoed|Protect||[still]
|-fail|p1a: Politoed
|
|-weather|Sandstorm|[upkeep]
|-damage|p1a: Politoed|94/100|[from] Sandstorm
|-heal|p1a: Politoed|100/100|[from] item: Leftovers
|upkeep
|turn|20
|
|t:|1712694463
|move|p1a: Politoed|Scald|p2a: Tyranitar
|-supereffective|p2a: Tyranitar
|-damage|p2a: Tyranitar|71/100 par
|move|p2a: Tyranitar|Crunch|p1a: Politoed
|-damage|p1a: Politoed|58/100
|-unboost|p1a: Politoed|def|1
|
|-weather|Sandstorm|[upkeep]
|-damage|p1a: Politoed|52/100|[from] Sandstorm
|-heal|p1a: Politoed|58/100|[from] item: Leftovers
|-heal|p2a: Tyranitar|77/100 par|[from] item: Leftovers
|upkeep
|turn|21
|
|t:|1712694470
|move|p1a: Politoed|Protect|p1a: Politoed
|-singleturn|p1a: Politoed|Protect
|move|p2a: Tyranitar|Pursuit|p1a: Politoed
|-activate|p1a: Politoed|move: Protect
|
|-weather|Sandstorm|[upkeep]
|-damage|p1a: Politoed|52/100|[from] Sandstorm
|-heal|p1a: Politoed|58/100|[from] item: Leftovers
|-heal|p2a: Tyranitar|83/100 par|[from] item: Leftovers
|upkeep
|turn|22
|inactive|atanasoff x has 120 seconds left.
|
|t:|1712694517
|-activate|p1a: Politoed|move: Pursuit
|move|p2a: Tyranitar|Pursuit|p1a: Politoed|[from]Pursuit
|-damage|p1a: Politoed|0 fnt
|faint|p1a: Politoed
|-hint|A Pokemon can't switch between when it runs out of HP and when it faints
|
|-weather|Sandstorm|[upkeep]
|-heal|p2a: Tyranitar|89/100 par|[from] item: Leftovers
|upkeep
|
|t:|1712694522
|switch|p1a: Keldeo|Keldeo-Resolute|42/100
|turn|23
|
|t:|1712694536
|switch|p2a: Latios|Latios, M|27/100 brn
|move|p1a: Keldeo|Scald|p2a: Latios
|-resisted|p2a: Latios
|-damage|p2a: Latios|4/100 brn
|
|-weather|Sandstorm|[upkeep]
|-damage|p1a: Keldeo|35/100|[from] Sandstorm
|-damage|p2a: Latios|0 fnt|[from] Sandstorm
|faint|p2a: Latios
|upkeep
|inactive|atanasoff x has 120 seconds left.
|
|t:|1712694542
|switch|p2a: Scizor|Scizor, F|100/100
|turn|24
|
|t:|1712694552
|-activate|p1a: Keldeo|move: Pursuit
|move|p2a: Scizor|Pursuit|p1a: Keldeo|[from]Pursuit
|-resisted|p1a: Keldeo
|-damage|p1a: Keldeo|18/100
|-ability|p1a: Keldeo|Justified|boost
|-boost|p1a: Keldeo|atk|1
|switch|p1a: Tentacruel|Tentacruel, M|45/100
|
|-weather|Sandstorm|[upkeep]
|-damage|p1a: Tentacruel|39/100|[from] Sandstorm
|-heal|p1a: Tentacruel|45/100|[from] item: Black Sludge
|upkeep
|turn|25
|
|t:|1712694558
|move|p1a: Tentacruel|Scald|p2a: Scizor
|-damage|p2a: Scizor|71/100
|-status|p2a: Scizor|brn
|move|p2a: Scizor|Aerial Ace|p1a: Tentacruel
|-damage|p1a: Tentacruel|24/100
|
|-weather|Sandstorm|[upkeep]
|-damage|p1a: Tentacruel|18/100|[from] Sandstorm
|-heal|p1a: Tentacruel|24/100|[from] item: Black Sludge
|-damage|p2a: Scizor|59/100 brn|[from] brn
|upkeep
|turn|26
|
|t:|1712694565
|switch|p1a: Blissey|Blissey, F|68/100
|switch|p2a: Tyranitar|Tyranitar, M|89/100 par
|
|-weather|Sandstorm|[upkeep]
|-damage|p1a: Blissey|62/100|[from] Sandstorm
|-heal|p1a: Blissey|68/100|[from] item: Leftovers
|-heal|p2a: Tyranitar|96/100 par|[from] item: Leftovers
|upkeep
|turn|27
|
|t:|1712694570
|move|p1a: Blissey|Soft-Boiled|p1a: Blissey
|-heal|p1a: Blissey|100/100
|move|p2a: Tyranitar|Crunch|p1a: Blissey
|-damage|p1a: Blissey|56/100
|
|-weather|Sandstorm|[upkeep]
|-damage|p1a: Blissey|50/100|[from] Sandstorm
|-heal|p1a: Blissey|56/100|[from] item: Leftovers
|-heal|p2a: Tyranitar|100/100 par|[from] item: Leftovers
|upkeep
|turn|28
|
|t:|1712694572
|move|p1a: Blissey|Soft-Boiled|p1a: Blissey
|-heal|p1a: Blissey|100/100
|move|p2a: Tyranitar|Crunch|p1a: Blissey
|-damage|p1a: Blissey|55/100
|
|-weather|Sandstorm|[upkeep]
|-damage|p1a: Blissey|49/100|[from] Sandstorm
|-heal|p1a: Blissey|55/100|[from] item: Leftovers
|upkeep
|turn|29
|
|t:|1712694577
|move|p1a: Blissey|Soft-Boiled|p1a: Blissey
|-heal|p1a: Blissey|100/100
|move|p2a: Tyranitar|Crunch|p1a: Blissey
|-damage|p1a: Blissey|60/100
|
|-weather|Sandstorm|[upkeep]
|-damage|p1a: Blissey|54/100|[from] Sandstorm
|-heal|p1a: Blissey|60/100|[from] item: Leftovers
|upkeep
|turn|30
|
|t:|1712694581
|move|p1a: Blissey|Soft-Boiled|p1a: Blissey
|-heal|p1a: Blissey|100/100
|cant|p2a: Tyranitar|par
|
|-weather|Sandstorm|[upkeep]
|-damage|p1a: Blissey|94/100|[from] Sandstorm
|-heal|p1a: Blissey|100/100|[from] item: Leftovers
|upkeep
|turn|31
|
|t:|1712694584
|move|p1a: Blissey|Wish|p1a: Blissey
|move|p2a: Tyranitar|Crunch|p1a: Blissey
|-damage|p1a: Blissey|55/100
|
|-weather|Sandstorm|[upkeep]
|-damage|p1a: Blissey|49/100|[from] Sandstorm
|-heal|p1a: Blissey|55/100|[from] item: Leftovers
|upkeep
|turn|32
|
|t:|1712694591
|switch|p1a: Tentacruel|Tentacruel, M|24/100
|move|p2a: Tyranitar|Crunch|p1a: Tentacruel
|-damage|p1a: Tentacruel|0 fnt
|faint|p1a: Tentacruel
|
|-weather|Sandstorm|[upkeep]
|upkeep
|
|t:|1712694593
|switch|p1a: Keldeo|Keldeo-Resolute|18/100
|turn|33
|
|t:|1712694597
|move|p1a: Keldeo|Secret Sword|p2a: Tyranitar
|-supereffective|p2a: Tyranitar
|-crit|p2a: Tyranitar
|-damage|p2a: Tyranitar|0 fnt
|faint|p2a: Tyranitar
|
|-weather|Sandstorm|[upkeep]
|-damage|p1a: Keldeo|11/100|[from] Sandstorm
|upkeep
|
|t:|1712694603
|switch|p2a: Scizor|Scizor, F|59/100 brn
|turn|34
|
|t:|1712694607
|move|p1a: Keldeo|Secret Sword|p2a: Scizor
|-damage|p2a: Scizor|12/100 brn
|move|p2a: Scizor|Pursuit|p1a: Keldeo
|-resisted|p1a: Keldeo
|-damage|p1a: Keldeo|4/100
|-ability|p1a: Keldeo|Justified|boost
|-boost|p1a: Keldeo|atk|1
|
|-weather|Sandstorm|[upkeep]
|-damage|p1a: Keldeo|0 fnt|[from] Sandstorm
|faint|p1a: Keldeo
|-damage|p2a: Scizor|0 fnt|[from] brn
|faint|p2a: Scizor
|upkeep
|
|t:|1712694611
|switch|p1a: Blissey|Blissey, F|55/100
|switch|p2a: Landorus|Landorus-Therian, M|100/100
|-ability|p2a: Landorus|Intimidate|boost
|-unboost|p1a: Blissey|atk|1
|turn|35
|
|t:|1712694615
|move|p2a: Landorus|Earthquake|p1a: Blissey
|-damage|p1a: Blissey|0 fnt
|faint|p1a: Blissey
|
|win|atanasoff x
|raw|Salwen's rating: 1416 &rarr; <strong>1388</strong><br />(-28 for losing)
|raw|atanasoff x's rating: 1265 &rarr; <strong>1300</strong><br />(+35 for winning)
|l|☆atanasoff x
|player|p2|
