|j|☆Silexius
|j|☆Blossummm
|t:|1715376454
|gametype|singles
|player|p1|Silexius|265|1320
|player|p2|Blossummm|roxie|1394
|teamsize|p1|6
|teamsize|p2|6
|gen|5
|tier|[Gen 5] OU
|rated|
|rule|Species Clause: Limit one of each Pokémon
|rule|OHKO Clause: OHKO moves are banned
|rule|Moody Clause: Moody is banned
|rule|Evasion Items Clause: Evasion items are banned
|rule|Evasion Moves Clause: Evasion moves are banned
|rule|Endless Battle Clause: Forcing endless battles is banned
|rule|HP Percentage Mod: HP is shown in percentages
|rule|Evasion Abilities Clause: Evasion abilities are banned
|rule|Sleep Moves Clause: Sleep-inducing moves are banned
|rule|Swagger Clause: Swagger is banned
|rule|Baton Pass Stat Clause: No Baton Passer may have a way to boost its stats
|clearpoke
|poke|p1|Bisharp, M|item
|poke|p1|Keldeo|item
|poke|p1|Garchomp, F|item
|poke|p1|Starmie|item
|poke|p1|Dragonite, M|item
|poke|p1|Thundurus-Therian, M|item
|poke|p2|Tyranitar, F|item
|poke|p2|Alakazam, F|item
|poke|p2|Latios, M|item
|poke|p2|Ferrothorn, F|item
|poke|p2|Keldeo|item
|poke|p2|Landorus-Therian, M|item
|teampreview
|inactive|Battle timer is ON: inactive players will automatically lose when time's up. (requested by Blossummm)
|
|t:|1715376481
|start
|switch|p1a: Keldeo|Keldeo|100/100
|switch|p2a: Keldeo|Keldeo|100/100
|turn|1
|
|t:|1715376489
|switch|p1a: Starmie|Starmie, shiny|100/100
|-item|p1a: Starmie|Air Balloon
|move|p2a: Keldeo|Hidden Power|p1a: Starmie
|-supereffective|p1a: Starmie
|-damage|p1a: Starmie|24/100
|-enditem|p1a: Starmie|Air Balloon
|
|upkeep
|turn|2
|
|t:|1715376496
|move|p1a: Starmie|Thunder|p2a: Keldeo
|-supereffective|p2a: Keldeo
|-crit|p2a: Keldeo
|-damage|p2a: Keldeo|0 fnt
|faint|p2a: Keldeo
|
|upkeep
|
|t:|1715376499
|switch|p2a: Tyranitar|Tyranitar, F, shiny|100/100
|-weather|Sandstorm|[from] ability: Sand Stream|[of] p2a: Tyranitar
|turn|3
|
|t:|1715376502
|move|p1a: Starmie|Hydro Pump|p2a: Tyranitar|[miss]
|-miss|p1a: Starmie|p2a: Tyranitar
|move|p2a: Tyranitar|Pursuit|p1a: Starmie
|-supereffective|p1a: Starmie
|-damage|p1a: Starmie|0 fnt
|faint|p1a: Starmie
|
|-weather|Sandstorm|[upkeep]
|upkeep
|
|t:|1715376510
|switch|p1a: Keldeo|Keldeo|100/100
|turn|4
|
|t:|1715376519
|move|p1a: Keldeo|Calm Mind|p1a: Keldeo
|-boost|p1a: Keldeo|spa|1
|-boost|p1a: Keldeo|spd|1
|move|p2a: Tyranitar|Thunder Wave|p1a: Keldeo
|-status|p1a: Keldeo|par
|
|-weather|Sandstorm|[upkeep]
|-damage|p1a: Keldeo|94/100 par|[from] Sandstorm
|-heal|p1a: Keldeo|100/100 par|[from] item: Leftovers
|upkeep
|turn|5
|
|t:|1715376532
|switch|p2a: Alakazam|Alakazam, F|100/100
|cant|p1a: Keldeo|par
|
|-weather|Sandstorm|[upkeep]
|-damage|p1a: Keldeo|94/100 par|[from] Sandstorm
|-heal|p1a: Keldeo|100/100 par|[from] item: Leftovers
|upkeep
|turn|6
|
|t:|1715376537
|move|p2a: Alakazam|Psychic|p1a: Keldeo
|-supereffective|p1a: Keldeo
|-damage|p1a: Keldeo|5/100 par
|move|p1a: Keldeo|Hidden Power|p2a: Alakazam
|-supereffective|p2a: Alakazam
|-damage|p2a: Alakazam|0 fnt
|faint|p2a: Alakazam
|
|-weather|Sandstorm|[upkeep]
|-damage|p1a: Keldeo|0 fnt|[from] Sandstorm
|faint|p1a: Keldeo
|upkeep
|
|t:|1715376553
|switch|p2a: Landorus|Landorus-Therian, M|100/100
|switch|p1a: Dragonite|Dragonite, M|100/100
|-ability|p2a: Landorus|Intimidate|boost
|-unboost|p1a: Dragonite|atk|1
|turn|7
|
|t:|1715376560
|switch|p1a: Garchomp|Garchomp, F|100/100
|move|p2a: Landorus|Stealth Rock|p1a: Garchomp
|-sidestart|p1: Silexius|move: Stealth Rock
|
|-weather|Sandstorm|[upkeep]
|upkeep
|turn|8
|
|t:|1715376563
|move|p1a: Garchomp|Swords Dance|p1a: Garchomp
|-boost|p1a: Garchomp|atk|2
|move|p2a: Landorus|Hidden Power|p1a: Garchomp
|-supereffective|p1a: Garchomp
|-enditem|p1a: Garchomp|Yache Berry|[eat]
|-enditem|p1a: Garchomp|Yache Berry|[weaken]
|-damage|p1a: Garchomp|64/100
|
|-weather|Sandstorm|[upkeep]
|upkeep
|turn|9
|
|t:|1715376569
|move|p1a: Garchomp|Stealth Rock|p2a: Landorus
|-sidestart|p2: Blossummm|move: Stealth Rock
|move|p2a: Landorus|Hidden Power|p1a: Garchomp
|-supereffective|p1a: Garchomp
|-damage|p1a: Garchomp|0 fnt
|faint|p1a: Garchomp
|
|-weather|Sandstorm|[upkeep]
|upkeep
|
|t:|1715376576
|switch|p1a: Dragonite|Dragonite, M|100/100
|-damage|p1a: Dragonite|75/100|[from] Stealth Rock
|turn|10
|
|t:|1715376578
|move|p2a: Landorus|Hidden Power|p1a: Dragonite
|-supereffective|p1a: Dragonite
|-damage|p1a: Dragonite|8/100
|move|p1a: Dragonite|Outrage|p2a: Landorus
|-damage|p2a: Landorus|35/100
|
|-weather|Sandstorm|[upkeep]
|-damage|p1a: Dragonite|1/100|[from] Sandstorm
|-heal|p2a: Landorus|41/100|[from] item: Leftovers
|upkeep
|turn|11
|
|t:|1715376583
|move|p2a: Landorus|Hidden Power|p1a: Dragonite
|-supereffective|p1a: Dragonite
|-crit|p1a: Dragonite
|-damage|p1a: Dragonite|0 fnt
|faint|p1a: Dragonite
|
|-weather|Sandstorm|[upkeep]
|-heal|p2a: Landorus|48/100|[from] item: Leftovers
|upkeep
|
|t:|1715376586
|switch|p1a: Thundurus|Thundurus-Therian, M|100/100
|-damage|p1a: Thundurus|76/100|[from] Stealth Rock
|turn|12
|
|t:|1715376592
|switch|p2a: Ferrothorn|Ferrothorn, F|100/100
|-damage|p2a: Ferrothorn|95/100|[from] Stealth Rock
|move|p1a: Thundurus|Hidden Power|p2a: Ferrothorn
|-damage|p2a: Ferrothorn|72/100
|
|-weather|Sandstorm|[upkeep]
|-damage|p1a: Thundurus|70/100|[from] Sandstorm
|upkeep
|turn|13
|
|t:|1715376595
|move|p1a: Thundurus|Focus Blast|p2a: Ferrothorn
|-supereffective|p2a: Ferrothorn
|-damage|p2a: Ferrothorn|0 fnt
|faint|p2a: Ferrothorn
|
|-weather|Sandstorm|[upkeep]
|-damage|p1a: Thundurus|64/100|[from] Sandstorm
|upkeep
|
|t:|1715376598
|switch|p2a: Tyranitar|Tyranitar, F, shiny|100/100
|-damage|p2a: Tyranitar|88/100|[from] Stealth Rock
|turn|14
|
|t:|1715376602
|move|p1a: Thundurus|Focus Blast|p2a: Tyranitar
|-supereffective|p2a: Tyranitar
|-enditem|p2a: Tyranitar|Chople Berry|[eat]
|-enditem|p2a: Tyranitar|Chople Berry|[weaken]
|-damage|p2a: Tyranitar|41/100
|move|p2a: Tyranitar|Crunch|p1a: Thundurus
|-damage|p1a: Thundurus|6/100
|-enditem|p1a: Thundurus|Sitrus Berry|[eat]
|-heal|p1a: Thundurus|30/100|[from] item: Sitrus Berry
|
|-weather|Sandstorm|[upkeep]
|-damage|p1a: Thundurus|24/100|[from] Sandstorm
|upkeep
|turn|15
|
|t:|1715376611
|move|p1a: Thundurus|Focus Blast|p2a: Tyranitar|[miss]
|-miss|p1a: Thundurus|p2a: Tyranitar
|move|p2a: Tyranitar|Crunch|p1a: Thundurus
|-damage|p1a: Thundurus|0 fnt
|faint|p1a: Thundurus
|
|-weather|Sandstorm|[upkeep]
|upkeep
|
|t:|1715376614
|switch|p1a: Bisharp|Bisharp, M|100/100
|-damage|p1a: Bisharp|95/100|[from] Stealth Rock
|turn|16
|
|t:|1715376617
|move|p1a: Bisharp|Substitute|p1a: Bisharp
|-start|p1a: Bisharp|Substitute
|-damage|p1a: Bisharp|70/100
|move|p2a: Tyranitar|Thunder Wave||[still]
|-fail|p2a: Tyranitar
|
|-weather|Sandstorm|[upkeep]
|-heal|p1a: Bisharp|75/100|[from] item: Leftovers
|upkeep
|turn|17
|
|t:|1715376620
|move|p1a: Bisharp|Swords Dance|p1a: Bisharp
|-boost|p1a: Bisharp|atk|2
|move|p2a: Tyranitar|Fire Blast|p1a: Bisharp
|-supereffective|p1a: Bisharp
|-end|p1a: Bisharp|Substitute
|
|-weather|Sandstorm|[upkeep]
|-heal|p1a: Bisharp|81/100|[from] item: Leftovers
|upkeep
|turn|18
|
|t:|1715376624
|move|p1a: Bisharp|Low Kick|p2a: Tyranitar
|-supereffective|p2a: Tyranitar
|-damage|p2a: Tyranitar|0 fnt
|faint|p2a: Tyranitar
|
|-weather|Sandstorm|[upkeep]
|-heal|p1a: Bisharp|87/100|[from] item: Leftovers
|upkeep
|c|☆Silexius|gg
|
|t:|1715376637
|switch|p2a: Latios|Latios, M|100/100
|-damage|p2a: Latios|88/100|[from] Stealth Rock
|turn|19
|
|t:|1715376643
|move|p1a: Bisharp|Sucker Punch||[still]
|-fail|p1a: Bisharp
|move|p2a: Latios|Trick|p1a: Bisharp
|-activate|p2a: Latios|move: Trick|[of] p1a: Bisharp
|-item|p1a: Bisharp|Choice Scarf|[from] move: Trick
|-item|p2a: Latios|Leftovers|[from] move: Trick
|
|-weather|Sandstorm|[upkeep]
|-damage|p2a: Latios|82/100|[from] Sandstorm
|-heal|p2a: Latios|88/100|[from] item: Leftovers
|upkeep
|turn|20
|
|t:|1715376649
|move|p2a: Latios|Surf|p1a: Bisharp
|-damage|p1a: Bisharp|37/100
|move|p1a: Bisharp|Swords Dance|p1a: Bisharp
|-boost|p1a: Bisharp|atk|2
|
|-weather|Sandstorm|[upkeep]
|-damage|p2a: Latios|82/100|[from] Sandstorm
|-heal|p2a: Latios|88/100|[from] item: Leftovers
|upkeep
|turn|21
|c|☆Blossummm|gg
|c|☆Silexius|misclikced
|c|☆Silexius|bruh
|c|☆Silexius|gg
|
|t:|1715376672
|move|p2a: Latios|Surf|p1a: Bisharp
|-damage|p1a: Bisharp|0 fnt
|faint|p1a: Bisharp
|
|win|Blossummm
|raw|Silexius's rating: 1320 &rarr; <strong>1304</strong><br />(-16 for losing)
|raw|Blossummm's rating: 1394 &rarr; <strong>1410</strong><br />(+16 for winning)
