|j|☆HydreigonSpammer
|j|☆Ddrakos
|t:|1735342957
|gametype|singles
|player|p1|HydreigonSpammer|acetrainer|1334
|player|p2|Ddrakos|giovanni|1342
|teamsize|p1|6
|teamsize|p2|6
|gen|5
|tier|[Gen 5] OU
|rated|
|rule|Species Clause: Limit one of each Pokémon
|rule|OHKO Clause: OHKO moves are banned
|rule|Moody Clause: Moody is banned
|rule|Evasion Items Clause: Evasion items are banned
|rule|Evasion Moves Clause: Evasion moves are banned
|rule|Endless Battle Clause: Forcing endless battles is banned
|rule|HP Percentage Mod: HP is shown in percentages
|rule|Evasion Abilities Clause: Evasion abilities are banned
|rule|Sleep Moves Clause: Sleep-inducing moves are banned
|rule|Swagger Clause: Swagger is banned
|rule|Baton Pass Stat Clause: No Baton Passer may have a way to boost its stats
|clearpoke
|poke|p1|Latios, M|item
|poke|p1|Hippowdon, F|item
|poke|p1|Scizor, F|item
|poke|p1|Heatran, M|item
|poke|p1|Excadrill, M|item
|poke|p1|Jellicent, M|item
|poke|p2|Keldeo|item
|poke|p2|Thundurus-Therian, M|item
|poke|p2|Gastrodon-East, F|item
|poke|p2|Excadrill, M|item
|poke|p2|Metagross|item
|poke|p2|Kyurem-Black|item
|teampreview
|
|t:|1735342975
|start
|switch|p1a: Hippowdon|Hippowdon, F|100/100
|switch|p2a: Gastrodon|Gastrodon-East, F|100/100
|-weather|Sandstorm|[from] ability: Sand Stream|[of] p1a: Hippowdon
|turn|1
|inactive|Battle timer is ON: inactive players will automatically lose when time's up. (requested by HydreigonSpammer)
|
|t:|1735342983
|move|p1a: Hippowdon|Stealth Rock|p2a: Gastrodon
|-sidestart|p2: Ddrakos|move: Stealth Rock
|move|p2a: Gastrodon|Scald|p1a: Hippowdon
|-supereffective|p1a: Hippowdon
|-damage|p1a: Hippowdon|66/100
|-status|p1a: Hippowdon|brn
|
|-weather|Sandstorm|[upkeep]
|-heal|p1a: Hippowdon|72/100 brn|[from] item: Leftovers
|-damage|p1a: Hippowdon|60/100 brn|[from] brn
|upkeep
|turn|2
|
|t:|1735342997
|switch|p1a: Latios|Latios, M|100/100
|move|p2a: Gastrodon|Toxic|p1a: Latios
|-status|p1a: Latios|tox
|
|-weather|Sandstorm|[upkeep]
|-damage|p1a: Latios|95/100 tox|[from] Sandstorm
|-damage|p1a: Latios|89/100 tox|[from] psn
|upkeep
|turn|3
|
|t:|1735343004
|switch|p2a: Metagross|Metagross|100/100
|-damage|p2a: Metagross|94/100|[from] Stealth Rock
|move|p1a: Latios|Draco Meteor|p2a: Metagross
|-resisted|p2a: Metagross
|-damage|p2a: Metagross|56/100
|-unboost|p1a: Latios|spa|2
|
|-weather|Sandstorm|[upkeep]
|-damage|p1a: Latios|83/100 tox|[from] Sandstorm
|-heal|p2a: Metagross|62/100|[from] item: Leftovers
|-damage|p1a: Latios|71/100 tox|[from] psn
|upkeep
|turn|4
|
|t:|1735343018
|switch|p1a: Heatran|Heatran, M|100/100
|-item|p1a: Heatran|Air Balloon
|move|p2a: Metagross|Earthquake|p1a: Heatran
|-immune|p1a: Heatran
|
|-weather|Sandstorm|[upkeep]
|-heal|p2a: Metagross|68/100|[from] item: Leftovers
|upkeep
|turn|5
|
|t:|1735343038
|switch|p2a: Keldeo|Keldeo|100/100
|-damage|p2a: Keldeo|94/100|[from] Stealth Rock
|move|p1a: Heatran|Flamethrower|p2a: Keldeo
|-resisted|p2a: Keldeo
|-crit|p2a: Keldeo
|-damage|p2a: Keldeo|34/100
|
|-weather|Sandstorm|[upkeep]
|-damage|p2a: Keldeo|28/100|[from] Sandstorm
|upkeep
|turn|6
|
|t:|1735343044
|switch|p1a: Jellicent|Jellicent, M|100/100
|move|p2a: Keldeo|Hidden Power|p1a: Jellicent
|-supereffective|p1a: Jellicent
|-damage|p1a: Jellicent|38/100
|
|-weather|Sandstorm|[upkeep]
|-damage|p2a: Keldeo|22/100|[from] Sandstorm
|-damage|p1a: Jellicent|32/100|[from] Sandstorm
|-heal|p1a: Jellicent|38/100|[from] item: Leftovers
|upkeep
|turn|7
|inactive|HydreigonSpammer has 120 seconds left.
|
|t:|1735343073
|switch|p1a: Scizor|Scizor, F|100/100
|move|p2a: Keldeo|Hidden Power|p1a: Scizor
|-damage|p1a: Scizor|55/100
|
|-weather|Sandstorm|[upkeep]
|-damage|p2a: Keldeo|15/100|[from] Sandstorm
|upkeep
|turn|8
|
|t:|1735343080
|move|p1a: Scizor|Bullet Punch|p2a: Keldeo
|-resisted|p2a: Keldeo
|-damage|p2a: Keldeo|0 fnt
|faint|p2a: Keldeo
|
|-weather|Sandstorm|[upkeep]
|upkeep
|
|t:|1735343085
|switch|p2a: Metagross|Metagross|68/100
|-damage|p2a: Metagross|62/100|[from] Stealth Rock
|turn|9
|
|t:|1735343093
|switch|p1a: Jellicent|Jellicent, M|38/100
|move|p2a: Metagross|Stealth Rock|p1a: Jellicent
|-sidestart|p1: HydreigonSpammer|move: Stealth Rock
|
|-weather|Sandstorm|[upkeep]
|-damage|p1a: Jellicent|32/100|[from] Sandstorm
|-heal|p2a: Metagross|68/100|[from] item: Leftovers
|-heal|p1a: Jellicent|38/100|[from] item: Leftovers
|upkeep
|turn|10
|
|t:|1735343099
|move|p2a: Metagross|Earthquake|p1a: Jellicent
|-damage|p1a: Jellicent|15/100
|move|p1a: Jellicent|Recover|p1a: Jellicent
|-heal|p1a: Jellicent|65/100
|
|-weather|Sandstorm|[upkeep]
|-damage|p1a: Jellicent|59/100|[from] Sandstorm
|-heal|p2a: Metagross|74/100|[from] item: Leftovers
|-heal|p1a: Jellicent|65/100|[from] item: Leftovers
|upkeep
|turn|11
|
|t:|1735343103
|switch|p2a: Thundurus|Thundurus-Therian, M|100/100
|-damage|p2a: Thundurus|76/100|[from] Stealth Rock
|move|p1a: Jellicent|Will-O-Wisp|p2a: Thundurus
|-status|p2a: Thundurus|brn
|
|-weather|Sandstorm|[upkeep]
|-damage|p2a: Thundurus|70/100 brn|[from] Sandstorm
|-damage|p1a: Jellicent|59/100|[from] Sandstorm
|-heal|p2a: Thundurus|76/100 brn|[from] item: Leftovers
|-heal|p1a: Jellicent|65/100|[from] item: Leftovers
|-damage|p2a: Thundurus|64/100 brn|[from] brn
|upkeep
|turn|12
|
|t:|1735343112
|move|p2a: Thundurus|Nasty Plot|p2a: Thundurus
|-boost|p2a: Thundurus|spa|2
|move|p1a: Jellicent|Night Shade|p2a: Thundurus
|-damage|p2a: Thundurus|32/100 brn
|
|-weather|Sandstorm|[upkeep]
|-damage|p2a: Thundurus|26/100 brn|[from] Sandstorm
|-damage|p1a: Jellicent|59/100|[from] Sandstorm
|-heal|p2a: Thundurus|32/100 brn|[from] item: Leftovers
|-heal|p1a: Jellicent|65/100|[from] item: Leftovers
|-damage|p2a: Thundurus|20/100 brn|[from] brn
|upkeep
|turn|13
|
|t:|1735343117
|switch|p1a: Hippowdon|Hippowdon, F|60/100 brn
|-damage|p1a: Hippowdon|54/100 brn|[from] Stealth Rock
|move|p2a: Thundurus|Hidden Power|p1a: Hippowdon
|-supereffective|p1a: Hippowdon
|-damage|p1a: Hippowdon|0 fnt
|faint|p1a: Hippowdon
|
|-weather|Sandstorm|[upkeep]
|-damage|p2a: Thundurus|14/100 brn|[from] Sandstorm
|-heal|p2a: Thundurus|20/100 brn|[from] item: Leftovers
|-damage|p2a: Thundurus|8/100 brn|[from] brn
|upkeep
|
|t:|1735343144
|switch|p1a: Latios|Latios, M|71/100 tox
|-damage|p1a: Latios|58/100 tox|[from] Stealth Rock
|turn|14
|
|t:|1735343155
|move|p1a: Latios|Surf|p2a: Thundurus
|-damage|p2a: Thundurus|0 fnt
|faint|p2a: Thundurus
|
|-weather|Sandstorm|[upkeep]
|-damage|p1a: Latios|52/100 tox|[from] Sandstorm
|-damage|p1a: Latios|46/100 tox|[from] psn
|upkeep
|
|t:|1735343165
|switch|p2a: Kyurem|Kyurem-Black|100/100
|-damage|p2a: Kyurem|76/100|[from] Stealth Rock
|-ability|p2a: Kyurem|Teravolt
|turn|15
|
|t:|1735343172
|switch|p1a: Jellicent|Jellicent, M|65/100
|-damage|p1a: Jellicent|53/100|[from] Stealth Rock
|move|p2a: Kyurem|Dragon Claw|p1a: Jellicent
|-damage|p1a: Jellicent|8/100
|
|-weather|Sandstorm|[upkeep]
|-damage|p2a: Kyurem|70/100|[from] Sandstorm
|-damage|p1a: Jellicent|2/100|[from] Sandstorm
|-heal|p1a: Jellicent|8/100|[from] item: Leftovers
|upkeep
|turn|16
|
|t:|1735343180
|move|p2a: Kyurem|Dragon Claw|p1a: Jellicent
|-damage|p1a: Jellicent|0 fnt
|faint|p1a: Jellicent
|
|-weather|Sandstorm|[upkeep]
|-damage|p2a: Kyurem|63/100|[from] Sandstorm
|upkeep
|
|t:|1735343209
|switch|p1a: Excadrill|Excadrill, M|100/100
|-damage|p1a: Excadrill|97/100|[from] Stealth Rock
|turn|17
|
|t:|1735343215
|switch|p2a: Gastrodon|Gastrodon-East, F|100/100
|-damage|p2a: Gastrodon|94/100|[from] Stealth Rock
|move|p1a: Excadrill|Earthquake|p2a: Gastrodon
|-damage|p2a: Gastrodon|25/100
|-damage|p1a: Excadrill|87/100|[from] item: Life Orb
|
|-weather|Sandstorm|[upkeep]
|-heal|p2a: Gastrodon|31/100|[from] item: Leftovers
|upkeep
|turn|18
|
|t:|1735343232
|move|p1a: Excadrill|Earthquake|p2a: Gastrodon
|-damage|p2a: Gastrodon|0 fnt
|faint|p2a: Gastrodon
|-damage|p1a: Excadrill|78/100|[from] item: Life Orb
|
|-weather|Sandstorm|[upkeep]
|upkeep
|
|t:|1735343241
|switch|p2a: Excadrill|Excadrill, M|100/100
|-damage|p2a: Excadrill|97/100|[from] Stealth Rock
|-ability|p2a: Excadrill|Mold Breaker
|turn|19
|
|t:|1735343254
|switch|p1a: Latios|Latios, M|46/100 tox
|-damage|p1a: Latios|34/100 tox|[from] Stealth Rock
|move|p2a: Excadrill|Earthquake|p1a: Latios
|-damage|p1a: Latios|0 fnt
|faint|p1a: Latios
|
|-weather|Sandstorm|[upkeep]
|upkeep
|
|t:|1735343262
|switch|p1a: Heatran|Heatran, M|100/100
|-damage|p1a: Heatran|88/100|[from] Stealth Rock
|-item|p1a: Heatran|Air Balloon
|turn|20
|
|t:|1735343266
|switch|p2a: Metagross|Metagross|74/100
|-damage|p2a: Metagross|68/100|[from] Stealth Rock
|move|p1a: Heatran|Flamethrower|p2a: Metagross
|-supereffective|p2a: Metagross
|-damage|p2a: Metagross|0 fnt
|faint|p2a: Metagross
|
|-weather|Sandstorm|[upkeep]
|upkeep
|
|t:|1735343270
|switch|p2a: Kyurem|Kyurem-Black|63/100
|-damage|p2a: Kyurem|39/100|[from] Stealth Rock
|-ability|p2a: Kyurem|Teravolt
|turn|21
|
|t:|1735343279
|switch|p1a: Excadrill|Excadrill, M|78/100
|-damage|p1a: Excadrill|74/100|[from] Stealth Rock
|move|p2a: Kyurem|Outrage|p1a: Excadrill
|-resisted|p1a: Excadrill
|-damage|p1a: Excadrill|17/100
|
|-weather|Sandstorm|[upkeep]
|-damage|p2a: Kyurem|32/100|[from] Sandstorm
|upkeep
|turn|22
|
|t:|1735343283
|move|p2a: Kyurem|Outrage|p1a: Excadrill|[from]lockedmove
|-resisted|p1a: Excadrill
|-damage|p1a: Excadrill|0 fnt
|faint|p1a: Excadrill
|
|-weather|Sandstorm|[upkeep]
|-damage|p2a: Kyurem|26/100|[from] Sandstorm
|upkeep
|
|t:|1735343289
|switch|p1a: Scizor|Scizor, F|55/100
|-damage|p1a: Scizor|42/100|[from] Stealth Rock
|turn|23
|j| estrogen fiend
|
|t:|1735343296
|move|p1a: Scizor|Bullet Punch|p2a: Kyurem
|-supereffective|p2a: Kyurem
|-damage|p2a: Kyurem|0 fnt
|faint|p2a: Kyurem
|
|-weather|Sandstorm|[upkeep]
|upkeep
|
|t:|1735343298
|switch|p2a: Excadrill|Excadrill, M|97/100
|-damage|p2a: Excadrill|94/100|[from] Stealth Rock
|-ability|p2a: Excadrill|Mold Breaker
|turn|24
|
|t:|1735343302
|move|p1a: Scizor|Bullet Punch|p2a: Excadrill
|-resisted|p2a: Excadrill
|-damage|p2a: Excadrill|59/100
|move|p2a: Excadrill|Rock Slide|p1a: Scizor
|-damage|p1a: Scizor|10/100
|
|-weather|Sandstorm|[upkeep]
|upkeep
|turn|25
|
|t:|1735343307
|move|p1a: Scizor|Bullet Punch|p2a: Excadrill
|-resisted|p2a: Excadrill
|-damage|p2a: Excadrill|22/100
|move|p2a: Excadrill|Rock Slide|p1a: Scizor
|-damage|p1a: Scizor|0 fnt
|faint|p1a: Scizor
|
|-weather|Sandstorm|[upkeep]
|upkeep
|
|t:|1735343313
|switch|p1a: Heatran|Heatran, M|88/100
|-damage|p1a: Heatran|76/100|[from] Stealth Rock
|-item|p1a: Heatran|Air Balloon
|turn|26
|
|t:|1735343318
|move|p2a: Excadrill|Rock Slide|p1a: Heatran|[miss]
|-miss|p2a: Excadrill|p1a: Heatran
|move|p1a: Heatran|Flamethrower|p2a: Excadrill
|-supereffective|p2a: Excadrill
|-damage|p2a: Excadrill|0 fnt
|faint|p2a: Excadrill
|
|win|HydreigonSpammer
|raw|HydreigonSpammer's rating: 1334 &rarr; <strong>1354</strong><br />(+20 for winning)
|raw|Ddrakos's rating: 1342 &rarr; <strong>1322</strong><br />(-20 for losing)
