|j|‽bluritdracheee
|j|☆absoluteloser
|player|p1|bluritdracheee|265
|player|p2|absoluteloser|1
|teamsize|p1|6
|teamsize|p2|6
|gametype|singles
|gen|5
|tier|[Gen 5] OU
|rated|
|rule|Sleep Clause Mod: Limit one foe put to sleep
|rule|Species Clause: Limit one of each Pokémon
|rule|OHKO Clause: OHKO moves are banned
|rule|Moody Clause: Moody is banned
|rule|Evasion Moves Clause: Evasion moves are banned
|rule|Endless Battle Clause: Forcing endless battles is banned
|rule|HP Percentage Mod: HP is shown in percentages
|rule|Evasion Abilities Clause: Evasion abilities are banned
|rule|Baton Pass Clause: Limit one Baton Passer, can't pass Spe and other stats simultaneously
|rule|Swagger Clause: Swagger is banned
|clearpoke
|poke|p1|Hippowdon, F|item
|poke|p1|Terrakion|item
|poke|p1|Xatu, F|item
|poke|p1|Jirachi|item
|poke|p1|Latios, M|item
|poke|p1|Rotom-Wash|item
|poke|p2|Tyranitar, F|item
|poke|p2|Landorus-Therian, M|item
|poke|p2|Excadrill, M|item
|poke|p2|Rotom-Wash|item
|poke|p2|Tangrowth, M|item
|poke|p2|Alakazam, M|item
|teampreview
|c|☆absoluteloser|gl hf
|
|start
|switch|p1a: Rotom|Rotom-Wash|100/100
|switch|p2a: Tangrowth|Tangrowth, M|100/100
|turn|1
|
|move|p1a: Rotom|Volt Switch|p2a: Tangrowth
|-resisted|p2a: Tangrowth
|-damage|p2a: Tangrowth|82/100
|
|switch|p1a: Xatu|Xatu, F|100/100
|move|p2a: Tangrowth|Knock Off|p1a: Xatu
|-supereffective|p1a: Xatu
|-damage|p1a: Xatu|92/100
|-enditem|p1a: Xatu|Leftovers|[from] move: Knock Off|[of] p2a: Tangrowth
|
|-heal|p2a: Tangrowth|88/100|[from] item: Leftovers
|upkeep
|turn|2
|
|switch|p2a: Alakazam|Alakazam, M|100/100
|move|p1a: Xatu|U-turn|p2a: Alakazam
|-supereffective|p2a: Alakazam
|-damage|p2a: Alakazam|47/100
|
|switch|p1a: Jirachi|Jirachi|100/100
|
|upkeep
|turn|3
|
|move|p2a: Alakazam|Focus Blast|p1a: Jirachi|[miss]
|-miss|p2a: Alakazam|p1a: Jirachi
|move|p1a: Jirachi|U-turn|p2a: Alakazam
|-supereffective|p2a: Alakazam
|-damage|p2a: Alakazam|0
|faint|p2a: Alakazam
|
|switch|p1a: Rotom|Rotom-Wash|100/100
|
|upkeep
|
|switch|p2a: Rotom|Rotom-Wash|100/100
|turn|4
|
|move|p2a: Rotom|Volt Switch|p1a: Rotom
|-damage|p1a: Rotom|78/100
|
|switch|p2a: Tyranitar|Tyranitar, F|100/100
|-weather|Sandstorm|[from] ability: Sand Stream|[of] p2a: Tyranitar
|move|p1a: Rotom|Will-O-Wisp|p2a: Tyranitar
|-status|p2a: Tyranitar|brn
|
|-weather|Sandstorm|[upkeep]
|-damage|p1a: Rotom|72/100|[from] Sandstorm
|-heal|p1a: Rotom|78/100|[from] item: Leftovers
|-damage|p2a: Tyranitar|88/100 brn|[from] brn
|upkeep
|turn|5
|
|switch|p2a: Rotom|Rotom-Wash|100/100
|move|p1a: Rotom|Volt Switch|p2a: Rotom
|-damage|p2a: Rotom|76/100
|
|switch|p1a: Terrakion|Terrakion|100/100
|
|-weather|Sandstorm|[upkeep]
|-damage|p2a: Rotom|70/100|[from] Sandstorm
|-heal|p2a: Rotom|76/100|[from] item: Leftovers
|upkeep
|turn|6
|
|switch|p2a: Tyranitar|Tyranitar, F|88/100 brn
|move|p1a: Terrakion|Close Combat|p2a: Tyranitar
|-supereffective|p2a: Tyranitar
|-enditem|p2a: Tyranitar|Chople Berry|[eat]
|-enditem|p2a: Tyranitar|Chople Berry|[weaken]
|-damage|p2a: Tyranitar|0 brn
|-unboost|p1a: Terrakion|def|1
|-unboost|p1a: Terrakion|spd|1
|faint|p2a: Tyranitar
|
|-weather|Sandstorm|[upkeep]
|upkeep
|
|switch|p2a: Landorus|Landorus-Therian, M|100/100
|-ability|p2a: Landorus|Intimidate|boost
|-unboost|p1a: Terrakion|atk|1
|turn|7
|
|switch|p1a: Xatu|Xatu, F|92/100
|move|p2a: Landorus|Gravity|p2a: Landorus
|-fieldstart|move: Gravity
|
|-weather|Sandstorm|[upkeep]
|-damage|p1a: Xatu|86/100|[from] Sandstorm
|upkeep
|turn|8
|
|switch|p1a: Hippowdon|Hippowdon, F|100/100
|move|p2a: Landorus|Stone Edge|p1a: Hippowdon
|-resisted|p1a: Hippowdon
|-damage|p1a: Hippowdon|88/100
|-damage|p2a: Landorus|91/100|[from] item: Life Orb
|
|-weather|Sandstorm|[upkeep]
|-heal|p1a: Hippowdon|94/100|[from] item: Leftovers
|upkeep
|turn|9
|
|move|p2a: Landorus|Earthquake|p1a: Hippowdon
|-crit|p1a: Hippowdon
|-damage|p1a: Hippowdon|18/100
|-damage|p2a: Landorus|81/100|[from] item: Life Orb
|move|p1a: Hippowdon|Slack Off|p1a: Hippowdon
|-heal|p1a: Hippowdon|68/100
|
|-weather|Sandstorm|[upkeep]
|-heal|p1a: Hippowdon|74/100|[from] item: Leftovers
|upkeep
|turn|10
|
|move|p2a: Landorus|U-turn|p1a: Hippowdon
|-damage|p1a: Hippowdon|57/100
|-damage|p2a: Landorus|71/100|[from] item: Life Orb
|
|switch|p2a: Rotom|Rotom-Wash|76/100
|move|p1a: Hippowdon|Slack Off|p1a: Hippowdon
|-heal|p1a: Hippowdon|100/100
|
|-weather|Sandstorm|[upkeep]
|-damage|p2a: Rotom|70/100|[from] Sandstorm
|-heal|p2a: Rotom|76/100|[from] item: Leftovers
|upkeep
|turn|11
|
|switch|p1a: Jirachi|Jirachi|100/100
|move|p2a: Rotom|Volt Switch|p1a: Jirachi
|-damage|p1a: Jirachi|84/100
|
|switch|p2a: Landorus|Landorus-Therian, M|71/100
|-ability|p2a: Landorus|Intimidate|boost
|-unboost|p1a: Jirachi|atk|1
|
|-weather|Sandstorm|[upkeep]
|-heal|p1a: Jirachi|90/100|[from] item: Leftovers
|-fieldend|move: Gravity
|upkeep
|turn|12
|
|switch|p1a: Hippowdon|Hippowdon, F|100/100
|move|p2a: Landorus|Earthquake|p1a: Hippowdon
|-crit|p1a: Hippowdon
|-damage|p1a: Hippowdon|25/100
|-damage|p2a: Landorus|62/100|[from] item: Life Orb
|
|-weather|Sandstorm|[upkeep]
|-heal|p1a: Hippowdon|31/100|[from] item: Leftovers
|upkeep
|turn|13
|
|switch|p1a: Xatu|Xatu, F|86/100
|move|p2a: Landorus|Gravity|p2a: Landorus
|-fieldstart|move: Gravity
|
|-weather|Sandstorm|[upkeep]
|-damage|p1a: Xatu|80/100|[from] Sandstorm
|upkeep
|turn|14
|
|move|p2a: Landorus|Earthquake|p1a: Xatu
|-damage|p1a: Xatu|0
|-damage|p2a: Landorus|52/100|[from] item: Life Orb
|faint|p1a: Xatu
|
|-weather|Sandstorm|[upkeep]
|upkeep
|
|switch|p1a: Latios|Latios, M|100/100
|turn|15
|
|switch|p2a: Rotom|Rotom-Wash|76/100
|move|p1a: Latios|Draco Meteor|p2a: Rotom
|-damage|p2a: Rotom|0
|-unboost|p1a: Latios|spa|2
|faint|p2a: Rotom
|
|-weather|Sandstorm|[upkeep]
|-damage|p1a: Latios|95/100|[from] Sandstorm
|upkeep
|
|switch|p2a: Excadrill|Excadrill, M|100/100
|turn|16
|
|switch|p1a: Jirachi|Jirachi|90/100
|move|p2a: Excadrill|Earthquake|p1a: Jirachi
|-supereffective|p1a: Jirachi
|-damage|p1a: Jirachi|0
|faint|p1a: Jirachi
|
|-weather|Sandstorm|[upkeep]
|upkeep
|
|switch|p1a: Terrakion|Terrakion|100/100
|turn|17
|
|switch|p2a: Tangrowth|Tangrowth, M|100/100
|switch|p1a: Hippowdon|Hippowdon, F|31/100
|
|-weather|Sandstorm|[upkeep]
|-damage|p2a: Tangrowth|94/100|[from] Sandstorm
|-heal|p2a: Tangrowth|100/100|[from] item: Leftovers
|-heal|p1a: Hippowdon|37/100|[from] item: Leftovers
|-fieldend|move: Gravity
|upkeep
|turn|18
|
|move|p2a: Tangrowth|Sleep Powder|p1a: Hippowdon
|-status|p1a: Hippowdon|slp
|cant|p1a: Hippowdon|slp
|
|-weather|Sandstorm|[upkeep]
|-damage|p2a: Tangrowth|94/100|[from] Sandstorm
|-heal|p2a: Tangrowth|100/100|[from] item: Leftovers
|-heal|p1a: Hippowdon|44/100 slp|[from] item: Leftovers
|upkeep
|turn|19
|
|move|p2a: Tangrowth|Knock Off|p1a: Hippowdon
|-damage|p1a: Hippowdon|41/100 slp
|-enditem|p1a: Hippowdon|Leftovers|[from] move: Knock Off|[of] p2a: Tangrowth
|cant|p1a: Hippowdon|slp
|
|-weather|Sandstorm|[upkeep]
|-damage|p2a: Tangrowth|94/100|[from] Sandstorm
|-heal|p2a: Tangrowth|100/100|[from] item: Leftovers
|upkeep
|turn|20
|
|move|p2a: Tangrowth|Giga Drain|p1a: Hippowdon
|-supereffective|p1a: Hippowdon
|-damage|p1a: Hippowdon|0 slp
|faint|p1a: Hippowdon
|
|-weather|Sandstorm|[upkeep]
|-damage|p2a: Tangrowth|94/100|[from] Sandstorm
|-heal|p2a: Tangrowth|100/100|[from] item: Leftovers
|upkeep
|
|switch|p1a: Latios|Latios, M|95/100
|turn|21
|
|switch|p2a: Excadrill|Excadrill, M|100/100
|move|p1a: Latios|Draco Meteor|p2a: Excadrill
|-resisted|p2a: Excadrill
|-damage|p2a: Excadrill|29/100
|-unboost|p1a: Latios|spa|2
|
|-weather|Sandstorm|[upkeep]
|-damage|p1a: Latios|89/100|[from] Sandstorm
|upkeep
|turn|22
|
|switch|p1a: Rotom|Rotom-Wash|78/100
|move|p2a: Excadrill|Iron Head|p1a: Rotom
|-resisted|p1a: Rotom
|-damage|p1a: Rotom|66/100
|
|-weather|Sandstorm|[upkeep]
|-damage|p1a: Rotom|59/100|[from] Sandstorm
|-heal|p1a: Rotom|66/100|[from] item: Leftovers
|upkeep
|turn|23
|
|switch|p2a: Tangrowth|Tangrowth, M|100/100
|move|p1a: Rotom|Volt Switch|p2a: Tangrowth
|-resisted|p2a: Tangrowth
|-damage|p2a: Tangrowth|84/100
|
|switch|p1a: Latios|Latios, M|89/100
|
|-weather|Sandstorm|[upkeep]
|-damage|p1a: Latios|83/100|[from] Sandstorm
|-damage|p2a: Tangrowth|77/100|[from] Sandstorm
|-heal|p2a: Tangrowth|84/100|[from] item: Leftovers
|upkeep
|turn|24
|
|move|p1a: Latios|Draco Meteor|p2a: Tangrowth
|-damage|p2a: Tangrowth|0
|-unboost|p1a: Latios|spa|2
|faint|p2a: Tangrowth
|
|-weather|Sandstorm|[upkeep]
|-damage|p1a: Latios|77/100|[from] Sandstorm
|upkeep
|
|switch|p2a: Landorus|Landorus-Therian, M|52/100
|-ability|p2a: Landorus|Intimidate|boost
|-unboost|p1a: Latios|atk|1
|turn|25
|
|move|p1a: Latios|Draco Meteor|p2a: Landorus
|-damage|p2a: Landorus|0
|-unboost|p1a: Latios|spa|2
|faint|p2a: Landorus
|
|-weather|Sandstorm|[upkeep]
|-damage|p1a: Latios|71/100|[from] Sandstorm
|upkeep
|
|switch|p2a: Excadrill|Excadrill, M|29/100
|turn|26
|
|move|p2a: Excadrill|Iron Head|p1a: Latios
|-damage|p1a: Latios|0
|faint|p1a: Latios
|
|-weather|Sandstorm|[upkeep]
|upkeep
|
|switch|p1a: Rotom|Rotom-Wash|66/100
|turn|27
|
|move|p2a: Excadrill|Iron Head|p1a: Rotom
|-resisted|p1a: Rotom
|-damage|p1a: Rotom|53/100
|move|p1a: Rotom|Will-O-Wisp|p2a: Excadrill|[miss]
|-miss|p1a: Rotom|p2a: Excadrill
|
|-weather|Sandstorm|[upkeep]
|-damage|p1a: Rotom|47/100|[from] Sandstorm
|-heal|p1a: Rotom|53/100|[from] item: Leftovers
|upkeep
|turn|28
|
|move|p2a: Excadrill|Iron Head|p1a: Rotom
|-resisted|p1a: Rotom
|-damage|p1a: Rotom|39/100
|move|p1a: Rotom|Hydro Pump|p2a: Excadrill
|-supereffective|p2a: Excadrill
|-damage|p2a: Excadrill|0
|faint|p2a: Excadrill
|
|win|bluritdracheee
|c|☆absoluteloser|gg
|l|‽bluritdracheee
|raw|bluritdracheee's rating: 1447 &rarr; <strong>1460</strong><br />(+13 for winning)
|raw|absoluteloser's rating: 1319 &rarr; <strong>1306</strong><br />(-13 for losing)
|l|☆absoluteloser
