|j|☆Darkortex
|j|☆dscgg/tYY9zcUuQk
|t:|1711416764
|gametype|singles
|player|p1|Darkortex|hilbert|1345
|player|p2|dscgg/tYY9zcUuQk|266|1322
|teamsize|p1|6
|teamsize|p2|6
|gen|5
|tier|[Gen 5] OU
|rated|
|rule|Species Clause: Limit one of each Pokémon
|rule|OHKO Clause: OHKO moves are banned
|rule|Moody Clause: Moody is banned
|rule|Evasion Items Clause: Evasion items are banned
|rule|Evasion Moves Clause: Evasion moves are banned
|rule|Endless Battle Clause: Forcing endless battles is banned
|rule|HP Percentage Mod: HP is shown in percentages
|rule|Evasion Abilities Clause: Evasion abilities are banned
|rule|Sleep Moves Clause: Sleep-inducing moves are banned
|rule|Swagger Clause: Swagger is banned
|rule|Baton Pass Stat Clause: No Baton Passer may have a way to boost its stats
|clearpoke
|poke|p1|Garchomp, M|item
|poke|p1|Dragonite, M|item
|poke|p1|Magnezone|item
|poke|p1|Latios, M|item
|poke|p1|Scizor, F|item
|poke|p1|Starmie|item
|poke|p2|Tyranitar, F|item
|poke|p2|Latias, F|item
|poke|p2|Cobalion|item
|poke|p2|Landorus-Therian, M|item
|poke|p2|Terrakion|item
|poke|p2|Rotom-Wash|item
|teampreview
|inactive|Battle timer is ON: inactive players will automatically lose when time's up. (requested by dscgg/tYY9zcUuQk)
|inactive|Darkortex also wants the timer to be on.
|
|t:|1711416790
|start
|switch|p1a: Starmie|Starmie|100/100
|switch|p2a: Cobalion|Cobalion, shiny|100/100
|-item|p2a: Cobalion|Air Balloon
|turn|1
|
|t:|1711416796
|move|p1a: Starmie|Hydro Pump|p2a: Cobalion|[miss]
|-miss|p1a: Starmie|p2a: Cobalion
|move|p2a: Cobalion|Volt Switch|p1a: Starmie
|-supereffective|p1a: Starmie
|-damage|p1a: Starmie|59/100
|
|t:|1711416798
|switch|p2a: Tyranitar|Tyranitar, F, shiny|100/100|[from] Volt Switch
|-weather|Sandstorm|[from] ability: Sand Stream|[of] p2a: Tyranitar
|
|-weather|Sandstorm|[upkeep]
|-damage|p1a: Starmie|53/100|[from] Sandstorm
|upkeep
|turn|2
|
|t:|1711416803
|move|p1a: Starmie|Hydro Pump|p2a: Tyranitar
|-supereffective|p2a: Tyranitar
|-damage|p2a: Tyranitar|13/100
|-damage|p1a: Starmie|43/100|[from] item: Life Orb
|move|p2a: Tyranitar|Pursuit|p1a: Starmie
|-supereffective|p1a: Starmie
|-damage|p1a: Starmie|0 fnt
|faint|p1a: Starmie
|
|-weather|Sandstorm|[upkeep]
|upkeep
|
|t:|1711416807
|switch|p1a: Garchomp|Garchomp, M|100/100
|turn|3
|
|t:|1711416810
|switch|p2a: Cobalion|Cobalion, shiny|100/100
|-item|p2a: Cobalion|Air Balloon
|move|p1a: Garchomp|Stealth Rock|p2a: Cobalion
|-sidestart|p2: dscgg/tYY9zcUuQk|move: Stealth Rock
|
|-weather|Sandstorm|[upkeep]
|upkeep
|turn|4
|
|t:|1711416819
|switch|p1a: Latios|Latios, M|100/100
|move|p2a: Cobalion|Stealth Rock|p1a: Latios
|-sidestart|p1: Darkortex|move: Stealth Rock
|
|-weather|Sandstorm|[upkeep]
|-damage|p1a: Latios|95/100|[from] Sandstorm
|upkeep
|turn|5
|
|t:|1711416824
|move|p1a: Latios|Surf|p2a: Cobalion
|-damage|p2a: Cobalion|48/100
|-enditem|p2a: Cobalion|Air Balloon
|move|p2a: Cobalion|Volt Switch|p1a: Latios
|-resisted|p1a: Latios
|-damage|p1a: Latios|87/100
|
|t:|1711416840
|switch|p2a: Latias|Latias, F, shiny|100/100|[from] Volt Switch
|-damage|p2a: Latias|88/100|[from] Stealth Rock
|
|-weather|Sandstorm|[upkeep]
|-damage|p1a: Latios|81/100|[from] Sandstorm
|-damage|p2a: Latias|82/100|[from] Sandstorm
|upkeep
|turn|6
|
|t:|1711416844
|switch|p1a: Scizor|Scizor, F|100/100
|-damage|p1a: Scizor|88/100|[from] Stealth Rock
|move|p2a: Latias|Healing Wish|p2a: Latias
|faint|p2a: Latias
|
|-weather|Sandstorm|[upkeep]
|upkeep
|
|t:|1711416847
|switch|p2a: Tyranitar|Tyranitar, F, shiny|13/100
|-heal|p2a: Tyranitar|100/100|[from] move: Healing Wish
|-damage|p2a: Tyranitar|88/100|[from] Stealth Rock
|turn|7
|
|t:|1711416851
|switch|p2a: Rotom|Rotom-Wash, shiny|100/100
|-damage|p2a: Rotom|88/100|[from] Stealth Rock
|move|p1a: Scizor|Bullet Punch|p2a: Rotom
|-resisted|p2a: Rotom
|-damage|p2a: Rotom|78/100
|
|-weather|Sandstorm|[upkeep]
|-damage|p2a: Rotom|72/100|[from] Sandstorm
|-heal|p2a: Rotom|78/100|[from] item: Leftovers
|upkeep
|turn|8
|
|t:|1711416856
|switch|p1a: Magnezone|Magnezone|100/100
|-damage|p1a: Magnezone|94/100|[from] Stealth Rock
|-item|p1a: Magnezone|Air Balloon
|move|p2a: Rotom|Will-O-Wisp|p1a: Magnezone
|-status|p1a: Magnezone|brn
|
|-weather|Sandstorm|[upkeep]
|-damage|p2a: Rotom|72/100|[from] Sandstorm
|-heal|p2a: Rotom|78/100|[from] item: Leftovers
|-damage|p1a: Magnezone|82/100 brn|[from] brn
|upkeep
|turn|9
|
|t:|1711416863
|switch|p2a: Landorus|Landorus-Therian, M, shiny|100/100
|-damage|p2a: Landorus|88/100|[from] Stealth Rock
|-ability|p2a: Landorus|Intimidate|boost
|-unboost|p1a: Magnezone|atk|1
|move|p1a: Magnezone|Flash Cannon|p2a: Landorus
|-damage|p2a: Landorus|30/100
|
|-weather|Sandstorm|[upkeep]
|-damage|p1a: Magnezone|70/100 brn|[from] brn
|upkeep
|turn|10
|
|t:|1711416869
|move|p2a: Landorus|U-turn|p1a: Magnezone
|-resisted|p1a: Magnezone
|-damage|p1a: Magnezone|58/100 brn
|-enditem|p1a: Magnezone|Air Balloon
|
|t:|1711416872
|switch|p2a: Cobalion|Cobalion, shiny|48/100|[from] U-turn
|-damage|p2a: Cobalion|45/100|[from] Stealth Rock
|move|p1a: Magnezone|Flash Cannon|p2a: Cobalion
|-resisted|p2a: Cobalion
|-damage|p2a: Cobalion|9/100
|
|-weather|Sandstorm|[upkeep]
|-damage|p1a: Magnezone|46/100 brn|[from] brn
|upkeep
|turn|11
|
|t:|1711416876
|move|p2a: Cobalion|Close Combat|p1a: Magnezone
|-supereffective|p1a: Magnezone
|-damage|p1a: Magnezone|0 fnt
|-unboost|p2a: Cobalion|def|1
|-unboost|p2a: Cobalion|spd|1
|faint|p1a: Magnezone
|
|-weather|Sandstorm|[upkeep]
|upkeep
|
|t:|1711416884
|switch|p1a: Dragonite|Dragonite, M|100/100
|-damage|p1a: Dragonite|76/100|[from] Stealth Rock
|turn|12
|
|t:|1711416886
|move|p2a: Cobalion|Hidden Power|p1a: Dragonite
|-supereffective|p1a: Dragonite
|-damage|p1a: Dragonite|13/100
|move|p1a: Dragonite|Dragon Dance|p1a: Dragonite
|-boost|p1a: Dragonite|atk|1
|-boost|p1a: Dragonite|spe|1
|
|-weather|Sandstorm|[upkeep]
|-damage|p1a: Dragonite|6/100|[from] Sandstorm
|upkeep
|turn|13
|
|t:|1711416890
|move|p1a: Dragonite|Outrage|p2a: Cobalion
|-resisted|p2a: Cobalion
|-damage|p2a: Cobalion|0 fnt
|faint|p2a: Cobalion
|
|-weather|Sandstorm|[upkeep]
|-damage|p1a: Dragonite|0 fnt|[from] Sandstorm
|faint|p1a: Dragonite
|upkeep
|
|t:|1711416899
|switch|p2a: Terrakion|Terrakion, shiny|100/100
|switch|p1a: Latios|Latios, M|81/100
|-damage|p1a: Latios|68/100|[from] Stealth Rock
|-damage|p2a: Terrakion|94/100|[from] Stealth Rock
|turn|14
|
|t:|1711416917
|move|p1a: Latios|Trick|p2a: Terrakion
|-activate|p1a: Latios|move: Trick|[of] p2a: Terrakion
|-item|p2a: Terrakion|Choice Scarf|[from] move: Trick
|-item|p1a: Latios|Choice Band|[from] move: Trick
|move|p2a: Terrakion|Close Combat|p1a: Latios
|-resisted|p1a: Latios
|-damage|p1a: Latios|25/100
|-unboost|p2a: Terrakion|def|1
|-unboost|p2a: Terrakion|spd|1
|
|-weather|Sandstorm|[upkeep]
|-damage|p1a: Latios|19/100|[from] Sandstorm
|upkeep
|turn|15
|
|t:|1711416922
|move|p2a: Terrakion|Close Combat|p1a: Latios
|-resisted|p1a: Latios
|-damage|p1a: Latios|0 fnt
|-unboost|p2a: Terrakion|def|1
|-unboost|p2a: Terrakion|spd|1
|faint|p1a: Latios
|
|-weather|Sandstorm|[upkeep]
|upkeep
|
|t:|1711416924
|switch|p1a: Garchomp|Garchomp, M|100/100
|-damage|p1a: Garchomp|94/100|[from] Stealth Rock
|turn|16
|
|t:|1711416928
|switch|p2a: Landorus|Landorus-Therian, M, shiny|30/100
|-damage|p2a: Landorus|18/100|[from] Stealth Rock
|-ability|p2a: Landorus|Intimidate|boost
|-unboost|p1a: Garchomp|atk|1
|move|p1a: Garchomp|Earthquake|p2a: Landorus
|-immune|p2a: Landorus
|
|-weather|Sandstorm|[upkeep]
|upkeep
|turn|17
|
|t:|1711416935
|move|p2a: Landorus|Earthquake|p1a: Garchomp
|-damage|p1a: Garchomp|44/100
|move|p1a: Garchomp|Outrage|p2a: Landorus
|-damage|p2a: Landorus|0 fnt
|faint|p2a: Landorus
|
|-weather|Sandstorm|[upkeep]
|upkeep
|
|t:|1711416939
|switch|p2a: Terrakion|Terrakion, shiny|94/100
|-damage|p2a: Terrakion|88/100|[from] Stealth Rock
|turn|18
|-message|Darkortex forfeited.
|
|win|dscgg/tYY9zcUuQk
|raw|Darkortex's rating: 1345 &rarr; <strong>1324</strong><br />(-21 for losing)
|raw|dscgg&#x2f;tYY9zcUuQk's rating: 1322 &rarr; <strong>1343</strong><br />(+21 for winning)
|l|☆Darkortex
|player|p1|
|j|☆Darkortex
|player|p1|Darkortex|hilbert
|l|☆Darkortex
|player|p1|
