|j|☆bxh318916
|j|☆bnZUKO
|t:|1730275522
|gametype|singles
|player|p1|bxh318916|steven|1391
|player|p2|bnZUKO|170|1461
|teamsize|p1|6
|teamsize|p2|6
|gen|5
|tier|[Gen 5] OU
|rated|
|rule|Species Clause: Limit one of each Pokémon
|rule|OHKO Clause: OHKO moves are banned
|rule|Moody Clause: Moody is banned
|rule|Evasion Items Clause: Evasion items are banned
|rule|Evasion Moves Clause: Evasion moves are banned
|rule|Endless Battle Clause: Forcing endless battles is banned
|rule|HP Percentage Mod: HP is shown in percentages
|rule|Evasion Abilities Clause: Evasion abilities are banned
|rule|Sleep Moves Clause: Sleep-inducing moves are banned
|rule|Swagger Clause: Swagger is banned
|rule|Baton Pass Stat Clause: No Baton Passer may have a way to boost its stats
|clearpoke
|poke|p1|Clefable, M|mail
|poke|p1|Volcarona, F|item
|poke|p1|Tentacruel, M|item
|poke|p1|Jellicent, M|item
|poke|p1|Skarmory, M|item
|poke|p1|Chansey, F|item
|poke|p2|Azelf|item
|poke|p2|Landorus-Therian, M|item
|poke|p2|Bisharp, M|item
|poke|p2|Gengar, F|item
|poke|p2|Keldeo|item
|poke|p2|Lilligant, F|item
|teampreview
|inactive|Battle timer is ON: inactive players will automatically lose when time's up. (requested by bnZUKO)
|
|t:|1730275548
|start
|switch|p1a: Skarmory|Skarmory, M|100/100
|switch|p2a: Azelf|Azelf|100/100
|turn|1
|
|t:|1730275567
|switch|p1a: Volcarona|Volcarona, F|100/100
|move|p2a: Azelf|Taunt|p1a: Volcarona
|-start|p1a: Volcarona|move: Taunt
|
|upkeep
|turn|2
|
|t:|1730275574
|move|p2a: Azelf|Light Screen|p2a: Azelf
|-sidestart|p2: bnZUKO|move: Light Screen
|move|p1a: Volcarona|Bug Buzz|p2a: Azelf
|-supereffective|p2a: Azelf
|-damage|p2a: Azelf|41/100
|
|upkeep
|turn|3
|j| JustBlissful
|
|t:|1730275581
|move|p2a: Azelf|Stealth Rock|p1a: Volcarona
|-sidestart|p1: bxh318916|move: Stealth Rock
|move|p1a: Volcarona|Bug Buzz|p2a: Azelf
|-supereffective|p2a: Azelf
|-damage|p2a: Azelf|0 fnt
|faint|p2a: Azelf
|
|-end|p1a: Volcarona|move: Taunt
|upkeep
|
|t:|1730275592
|switch|p2a: Keldeo|Keldeo|100/100
|turn|4
|
|t:|1730275597
|switch|p2a: Bisharp|Bisharp, M, shiny|100/100
|switch|p1a: Jellicent|Jellicent, M|100/100
|-damage|p1a: Jellicent|88/100|[from] Stealth Rock
|
|-heal|p1a: Jellicent|94/100|[from] item: Leftovers
|upkeep
|turn|5
|
|t:|1730275607
|switch|p1a: Skarmory|Skarmory, M|100/100
|-damage|p1a: Skarmory|88/100|[from] Stealth Rock
|move|p2a: Bisharp|Swords Dance|p2a: Bisharp
|-boost|p2a: Bisharp|atk|2
|
|upkeep
|turn|6
|
|t:|1730275616
|move|p2a: Bisharp|Low Kick|p1a: Skarmory
|-damage|p1a: Skarmory|44/100
|-damage|p2a: Bisharp|84/100|[from] item: Rocky Helmet|[of] p1a: Skarmory
|-damage|p2a: Bisharp|74/100|[from] item: Life Orb
|move|p1a: Skarmory|Roar|p2a: Bisharp
|drag|p2a: Lilligant|Lilligant, F|100/100
|
|upkeep
|turn|7
|
|t:|1730275627
|switch|p1a: Chansey|Chansey, F|100/100
|-damage|p1a: Chansey|88/100|[from] Stealth Rock
|move|p2a: Lilligant|Stun Spore|p1a: Chansey
|-status|p1a: Chansey|par
|
|upkeep
|turn|8
|
|t:|1730275639
|switch|p2a: Landorus|Landorus-Therian, M|100/100
|-ability|p2a: Landorus|Intimidate|boost
|-unboost|p1a: Chansey|atk|1
|move|p1a: Chansey|Wish|p1a: Chansey
|
|upkeep
|turn|9
|
|t:|1730275647
|-curestatus|p1a: Chansey|par|[from] ability: Natural Cure
|switch|p1a: Skarmory|Skarmory, M|44/100
|-damage|p1a: Skarmory|32/100|[from] Stealth Rock
|move|p2a: Landorus|Swords Dance|p2a: Landorus
|-boost|p2a: Landorus|atk|2
|
|-heal|p1a: Skarmory|100/100|[from] move: Wish|[wisher] Chansey
|-sideend|p2: bnZUKO|move: Light Screen
|upkeep
|turn|10
|
|t:|1730275662
|move|p2a: Landorus|Stone Edge|p1a: Skarmory
|-damage|p1a: Skarmory|59/100
|move|p1a: Skarmory|Stealth Rock|p2a: Landorus
|-sidestart|p2: bnZUKO|move: Stealth Rock
|
|upkeep
|turn|11
|
|t:|1730275670
|move|p2a: Landorus|Stone Edge|p1a: Skarmory
|-damage|p1a: Skarmory|17/100
|move|p1a: Skarmory|Roost|p1a: Skarmory
|-heal|p1a: Skarmory|67/100
|-singleturn|p1a: Skarmory|move: Roost
|
|upkeep
|turn|12
|
|t:|1730275679
|move|p2a: Landorus|Stone Edge|p1a: Skarmory|[miss]
|-miss|p2a: Landorus|p1a: Skarmory
|move|p1a: Skarmory|Roost|p1a: Skarmory
|-heal|p1a: Skarmory|100/100
|-singleturn|p1a: Skarmory|move: Roost
|
|upkeep
|turn|13
|
|t:|1730275689
|move|p2a: Landorus|Stone Edge|p1a: Skarmory
|-damage|p1a: Skarmory|57/100
|move|p1a: Skarmory|Spikes|p2a: Landorus
|-sidestart|p2: bnZUKO|Spikes
|
|upkeep
|turn|14
|
|t:|1730275696
|move|p2a: Landorus|Stone Edge|p1a: Skarmory
|-crit|p1a: Skarmory
|-damage|p1a: Skarmory|0 fnt
|faint|p1a: Skarmory
|
|upkeep
|
|t:|1730275717
|switch|p1a: Jellicent|Jellicent, M|94/100
|-damage|p1a: Jellicent|82/100|[from] Stealth Rock
|turn|15
|
|t:|1730275730
|move|p2a: Landorus|Earthquake|p1a: Jellicent
|-damage|p1a: Jellicent|0 fnt
|faint|p1a: Jellicent
|
|upkeep
|-message|bxh318916 forfeited.
|
|win|bnZUKO
|raw|bxh318916's rating: 1391 &rarr; <strong>1375</strong><br />(-16 for losing)
|raw|bnZUKO's rating: 1461 &rarr; <strong>1477</strong><br />(+16 for winning)
|l|☆bxh318916
|player|p1|
