|j|‽BugCatcherCal
|j|☆BWVC BookofConke
|t:|1709839709
|gametype|singles
|player|p1|BugCatcherCal|102|1279
|player|p2|BWVC BookofConke|silver|1345
|teamsize|p1|6
|teamsize|p2|6
|gen|5
|tier|[Gen 5] OU
|rated|
|rule|Species Clause: Limit one of each Pokémon
|rule|OHKO Clause: OHKO moves are banned
|rule|Moody Clause: Moody is banned
|rule|Evasion Items Clause: Evasion items are banned
|rule|Evasion Moves Clause: Evasion moves are banned
|rule|Endless Battle Clause: Forcing endless battles is banned
|rule|HP Percentage Mod: HP is shown in percentages
|rule|Evasion Abilities Clause: Evasion abilities are banned
|rule|Sleep Moves Clause: Sleep-inducing moves are banned
|rule|Swagger Clause: Swagger is banned
|rule|Baton Pass Stat Clause: No Baton Passer may have a way to boost its stats
|clearpoke
|poke|p1|Alakazam, M|item
|poke|p1|Mamoswine, M|item
|poke|p1|Scizor, M|item
|poke|p1|Gyarados, F|item
|poke|p1|Lucario, F|item
|poke|p1|Gengar, F|item
|poke|p2|Tyranitar, M|item
|poke|p2|Excadrill, F|item
|poke|p2|Ferrothorn, M|item
|poke|p2|Keldeo|item
|poke|p2|Landorus-Therian, M|item
|poke|p2|Latios, M|item
|teampreview
|
|t:|1709839744
|start
|switch|p1a: Lucario|Lucario, F|100/100
|switch|p2a: Landorus|Landorus-Therian, M|100/100
|-ability|p2a: Landorus|Intimidate|boost
|-unboost|p1a: Lucario|atk|1
|turn|1
|
|t:|1709839750
|switch|p1a: Gyarados|Gyarados, F|100/100
|move|p2a: Landorus|Stealth Rock|p1a: Gyarados
|-sidestart|p1: BugCatcherCal|move: Stealth Rock
|
|upkeep
|turn|2
|
|t:|1709839755
|move|p2a: Landorus|U-turn|p1a: Gyarados
|-resisted|p1a: Gyarados
|-damage|p1a: Gyarados|87/100
|
|t:|1709839781
|switch|p2a: Ferrothorn|Ferrothorn, M|100/100|[from] U-turn
|move|p1a: Gyarados|Dragon Dance|p1a: Gyarados
|-boost|p1a: Gyarados|atk|1
|-boost|p1a: Gyarados|spe|1
|
|upkeep
|turn|3
|
|t:|1709839813
|move|p1a: Gyarados|Dragon Dance|p1a: Gyarados
|-boost|p1a: Gyarados|atk|1
|-boost|p1a: Gyarados|spe|1
|move|p2a: Ferrothorn|Thunder Wave|p1a: Gyarados
|-status|p1a: Gyarados|par
|
|upkeep
|turn|4
|
|t:|1709839821
|move|p1a: Gyarados|Earthquake|p2a: Ferrothorn
|-damage|p2a: Ferrothorn|32/100
|-damage|p1a: Gyarados|77/100 par|[from] item: Life Orb
|move|p2a: Ferrothorn|Power Whip|p1a: Gyarados|[miss]
|-miss|p2a: Ferrothorn|p1a: Gyarados
|
|upkeep
|turn|5
|
|t:|1709839836
|cant|p1a: Gyarados|par
|move|p2a: Ferrothorn|Power Whip|p1a: Gyarados
|-damage|p1a: Gyarados|24/100 par
|
|upkeep
|turn|6
|
|t:|1709839848
|move|p1a: Gyarados|Earthquake|p2a: Ferrothorn
|-damage|p2a: Ferrothorn|0 fnt
|faint|p2a: Ferrothorn
|-ability|p1a: Gyarados|Moxie|boost
|-boost|p1a: Gyarados|atk|1
|-damage|p1a: Gyarados|14/100 par|[from] item: Life Orb
|
|upkeep
|
|t:|1709839861
|switch|p2a: Latios|Latios, M|100/100
|turn|7
|
|t:|1709839870
|move|p2a: Latios|Surf|p1a: Gyarados
|-resisted|p1a: Gyarados
|-damage|p1a: Gyarados|0 fnt
|faint|p1a: Gyarados
|
|upkeep
|
|t:|1709839883
|switch|p1a: Alakazam|Alakazam, M|100/100
|turn|8
|
|t:|1709839889
|switch|p2a: Tyranitar|Tyranitar, M|100/100
|-weather|Sandstorm|[from] ability: Sand Stream|[of] p2a: Tyranitar
|move|p1a: Alakazam|Hidden Power|p2a: Tyranitar
|-damage|p2a: Tyranitar|89/100
|
|-weather|Sandstorm|[upkeep]
|upkeep
|turn|9
|
|t:|1709839896
|move|p1a: Alakazam|Focus Blast|p2a: Tyranitar
|-supereffective|p2a: Tyranitar
|-enditem|p2a: Tyranitar|Chople Berry|[eat]
|-enditem|p2a: Tyranitar|Chople Berry|[weaken]
|-damage|p2a: Tyranitar|49/100
|move|p2a: Tyranitar|Pursuit|p1a: Alakazam
|-supereffective|p1a: Alakazam
|-damage|p1a: Alakazam|5/100
|
|-weather|Sandstorm|[upkeep]
|upkeep
|turn|10
|
|t:|1709839923
|move|p1a: Alakazam|Focus Blast|p2a: Tyranitar
|-supereffective|p2a: Tyranitar
|-damage|p2a: Tyranitar|0 fnt
|faint|p2a: Tyranitar
|
|-weather|Sandstorm|[upkeep]
|upkeep
|
|t:|1709839929
|switch|p2a: Latios|Latios, M|100/100
|turn|11
|
|t:|1709839932
|move|p2a: Latios|Surf|p1a: Alakazam
|-damage|p1a: Alakazam|0 fnt
|faint|p1a: Alakazam
|
|-weather|Sandstorm|[upkeep]
|-damage|p2a: Latios|95/100|[from] Sandstorm
|upkeep
|
|t:|1709839935
|switch|p1a: Gengar|Gengar, F|100/100
|-damage|p1a: Gengar|88/100|[from] Stealth Rock
|turn|12
|
|t:|1709839951
|switch|p2a: Excadrill|Excadrill, F|100/100
|move|p1a: Gengar|Shadow Ball|p2a: Excadrill
|-resisted|p2a: Excadrill
|-damage|p2a: Excadrill|78/100
|
|-weather|Sandstorm|[upkeep]
|-damage|p1a: Gengar|82/100|[from] Sandstorm
|-heal|p1a: Gengar|88/100|[from] item: Black Sludge
|-heal|p2a: Excadrill|84/100|[from] item: Leftovers
|upkeep
|turn|13
|
|t:|1709839965
|move|p1a: Gengar|Will-O-Wisp|p2a: Excadrill
|-status|p2a: Excadrill|brn
|move|p2a: Excadrill|Iron Head|p1a: Gengar
|-damage|p1a: Gengar|45/100
|
|-weather|Sandstorm|[upkeep]
|-damage|p1a: Gengar|38/100|[from] Sandstorm
|-heal|p1a: Gengar|45/100|[from] item: Black Sludge
|-heal|p2a: Excadrill|90/100 brn|[from] item: Leftovers
|-damage|p2a: Excadrill|78/100 brn|[from] brn
|upkeep
|turn|14
|
|t:|1709839978
|move|p1a: Gengar|Focus Blast|p2a: Excadrill
|-supereffective|p2a: Excadrill
|-damage|p2a: Excadrill|0 fnt
|faint|p2a: Excadrill
|
|-weather|Sandstorm|[upkeep]
|-damage|p1a: Gengar|38/100|[from] Sandstorm
|-heal|p1a: Gengar|45/100|[from] item: Black Sludge
|upkeep
|
|t:|1709840016
|switch|p2a: Keldeo|Keldeo|100/100
|turn|15
|
|t:|1709840020
|move|p1a: Gengar|Shadow Ball|p2a: Keldeo
|-crit|p2a: Keldeo
|-damage|p2a: Keldeo|11/100
|move|p2a: Keldeo|Calm Mind|p2a: Keldeo
|-boost|p2a: Keldeo|spa|1
|-boost|p2a: Keldeo|spd|1
|
|-weather|Sandstorm|[upkeep]
|-damage|p1a: Gengar|38/100|[from] Sandstorm
|-damage|p2a: Keldeo|5/100|[from] Sandstorm
|-heal|p1a: Gengar|45/100|[from] item: Black Sludge
|-heal|p2a: Keldeo|11/100|[from] item: Leftovers
|upkeep
|turn|16
|
|t:|1709840031
|switch|p2a: Landorus|Landorus-Therian, M|100/100
|-ability|p2a: Landorus|Intimidate|boost
|-unboost|p1a: Gengar|atk|1
|move|p1a: Gengar|Shadow Ball|p2a: Landorus
|-damage|p2a: Landorus|51/100
|-unboost|p2a: Landorus|spd|1
|
|-weather|Sandstorm|[upkeep]
|-damage|p1a: Gengar|38/100|[from] Sandstorm
|-heal|p1a: Gengar|45/100|[from] item: Black Sludge
|-heal|p2a: Landorus|57/100|[from] item: Leftovers
|upkeep
|turn|17
|
|t:|1709840045
|move|p1a: Gengar|Shadow Ball|p2a: Landorus
|-damage|p2a: Landorus|0 fnt
|faint|p2a: Landorus
|
|-weather|Sandstorm|[upkeep]
|-damage|p1a: Gengar|38/100|[from] Sandstorm
|-heal|p1a: Gengar|45/100|[from] item: Black Sludge
|upkeep
|
|t:|1709840052
|switch|p2a: Latios|Latios, M|95/100
|turn|18
|
|t:|1709840058
|move|p2a: Latios|Surf|p1a: Gengar
|-damage|p1a: Gengar|0 fnt
|faint|p1a: Gengar
|
|-weather|Sandstorm|[upkeep]
|-damage|p2a: Latios|89/100|[from] Sandstorm
|upkeep
|
|t:|1709840061
|switch|p1a: Lucario|Lucario, F|100/100
|-damage|p1a: Lucario|98/100|[from] Stealth Rock
|turn|19
|
|t:|1709840072
|move|p2a: Latios|Surf|p1a: Lucario
|-damage|p1a: Lucario|39/100
|move|p1a: Lucario|Ice Punch|p2a: Latios
|-supereffective|p2a: Latios
|-damage|p2a: Latios|4/100
|-damage|p1a: Lucario|29/100|[from] item: Life Orb
|
|-weather|Sandstorm|[upkeep]
|-damage|p2a: Latios|0 fnt|[from] Sandstorm
|faint|p2a: Latios
|upkeep
|
|t:|1709840080
|switch|p2a: Keldeo|Keldeo|11/100
|turn|20
|
|t:|1709840087
|move|p1a: Lucario|Extreme Speed|p2a: Keldeo
|-damage|p2a: Keldeo|0 fnt
|faint|p2a: Keldeo
|-damage|p1a: Lucario|19/100|[from] item: Life Orb
|
|win|BugCatcherCal
|raw|BugCatcherCal's rating: 1279 &rarr; <strong>1309</strong><br />(+30 for winning)
|raw|BWVC BookofConke's rating: 1345 &rarr; <strong>1321</strong><br />(-24 for losing)
|l|☆BWVC BookofConke
|player|p2|
