|j|☆B1kharma
|j|☆Paperm47
|t:|1708678631
|gametype|singles
|player|p1|B1kharma|#wcop2023belgium|1460
|player|p2|Paperm47|ash-sinnoh|1349
|teamsize|p1|6
|teamsize|p2|6
|gen|5
|tier|[Gen 5] OU
|rated|
|rule|Species Clause: Limit one of each Pokémon
|rule|OHKO Clause: OHKO moves are banned
|rule|Moody Clause: Moody is banned
|rule|Evasion Items Clause: Evasion items are banned
|rule|Evasion Moves Clause: Evasion moves are banned
|rule|Endless Battle Clause: Forcing endless battles is banned
|rule|HP Percentage Mod: HP is shown in percentages
|rule|Evasion Abilities Clause: Evasion abilities are banned
|rule|Sleep Moves Clause: Sleep-inducing moves are banned
|rule|Swagger Clause: Swagger is banned
|rule|Baton Pass Stat Clause: No Baton Passer may have a way to boost its stats
|clearpoke
|poke|p1|Tyranitar, M|item
|poke|p1|Gliscor, M|item
|poke|p1|Skarmory, F|item
|poke|p1|Gastrodon, M|item
|poke|p1|Reuniclus, M|item
|poke|p1|Alakazam, M|item
|poke|p2|Lucario, M|item
|poke|p2|Heatran, M|item
|poke|p2|Weavile, M|item
|poke|p2|Keldeo-Resolute|item
|poke|p2|Breloom, M|item
|poke|p2|Crobat, M|item
|teampreview
|inactive|Battle timer is ON: inactive players will automatically lose when time's up. (requested by B1kharma)
|j| SKT T1 Motherfaker
|
|t:|1708678655
|start
|switch|p1a: Gliscor|Gliscor, M|100/100
|switch|p2a: Heatran|Heatran, M|100/100
|turn|1
|
|t:|1708678669
|switch|p2a: Crobat|Crobat, M|100/100
|move|p1a: Gliscor|Stealth Rock|p2a: Crobat
|-sidestart|p2: Paperm47|move: Stealth Rock
|
|-status|p1a: Gliscor|tox|[from] item: Toxic Orb
|upkeep
|turn|2
|
|t:|1708678674
|move|p2a: Crobat|Nasty Plot|p2a: Crobat
|-boost|p2a: Crobat|spa|2
|move|p1a: Gliscor|Knock Off|p2a: Crobat
|-damage|p2a: Crobat|95/100
|-enditem|p2a: Crobat|Life Orb|[from] move: Knock Off|[of] p1a: Gliscor
|
|upkeep
|turn|3
|
|t:|1708678683
|switch|p1a: Tyranitar|Tyranitar, M|100/100
|-weather|Sandstorm|[from] ability: Sand Stream|[of] p1a: Tyranitar
|move|p2a: Crobat|Nasty Plot|p2a: Crobat
|-boost|p2a: Crobat|spa|2
|
|-weather|Sandstorm|[upkeep]
|-damage|p2a: Crobat|89/100|[from] Sandstorm
|upkeep
|turn|4
|
|t:|1708678686
|switch|p2a: Breloom|Breloom, M|100/100
|-damage|p2a: Breloom|94/100|[from] Stealth Rock
|move|p1a: Tyranitar|Rock Slide|p2a: Breloom
|-resisted|p2a: Breloom
|-damage|p2a: Breloom|70/100
|
|-weather|Sandstorm|[upkeep]
|-damage|p2a: Breloom|64/100|[from] Sandstorm
|-status|p2a: Breloom|tox|[from] item: Toxic Orb
|upkeep
|turn|5
|
|t:|1708678690
|switch|p1a: Skarmory|Skarmory, F|100/100
|move|p2a: Breloom|Drain Punch|p1a: Skarmory
|-damage|p1a: Skarmory|74/100
|-heal|p2a: Breloom|79/100 tox|[from] drain|[of] p1a: Skarmory
|
|-weather|Sandstorm|[upkeep]
|-damage|p2a: Breloom|73/100 tox|[from] Sandstorm
|-heal|p1a: Skarmory|80/100|[from] item: Leftovers
|-heal|p2a: Breloom|85/100 tox|[from] ability: Poison Heal
|upkeep
|turn|6
|
|t:|1708678694
|switch|p2a: Heatran|Heatran, M|100/100
|-damage|p2a: Heatran|88/100|[from] Stealth Rock
|move|p1a: Skarmory|Whirlwind|p2a: Heatran
|drag|p2a: Weavile|Weavile, M|100/100
|-damage|p2a: Weavile|76/100|[from] Stealth Rock
|-ability|p2a: Weavile|Pressure
|
|-weather|Sandstorm|[upkeep]
|-damage|p2a: Weavile|70/100|[from] Sandstorm
|-heal|p1a: Skarmory|86/100|[from] item: Leftovers
|upkeep
|turn|7
|
|t:|1708678699
|switch|p2a: Heatran|Heatran, M|88/100
|-damage|p2a: Heatran|76/100|[from] Stealth Rock
|move|p1a: Skarmory|Whirlwind|p2a: Heatran
|drag|p2a: Keldeo|Keldeo-Resolute|100/100
|-damage|p2a: Keldeo|94/100|[from] Stealth Rock
|
|-weather|Sandstorm|[upkeep]
|-damage|p2a: Keldeo|88/100|[from] Sandstorm
|-heal|p1a: Skarmory|92/100|[from] item: Leftovers
|upkeep
|turn|8
|
|t:|1708678703
|move|p2a: Keldeo|Secret Sword|p1a: Skarmory
|-damage|p1a: Skarmory|46/100
|move|p1a: Skarmory|Brave Bird|p2a: Keldeo
|-supereffective|p2a: Keldeo
|-damage|p2a: Keldeo|2/100
|-damage|p1a: Skarmory|18/100|[from] Recoil
|
|-weather|Sandstorm|[upkeep]
|-damage|p2a: Keldeo|0 fnt|[from] Sandstorm
|faint|p2a: Keldeo
|-heal|p1a: Skarmory|24/100|[from] item: Leftovers
|upkeep
|
|t:|1708678707
|switch|p2a: Lucario|Lucario, M|100/100
|-damage|p2a: Lucario|98/100|[from] Stealth Rock
|turn|9
|
|t:|1708678711
|switch|p1a: Gliscor|Gliscor, M|100/100 tox
|move|p2a: Lucario|Close Combat|p1a: Gliscor
|-resisted|p1a: Gliscor
|-damage|p1a: Gliscor|73/100 tox
|-unboost|p2a: Lucario|def|1
|-unboost|p2a: Lucario|spd|1
|-damage|p2a: Lucario|88/100|[from] item: Life Orb
|
|-weather|Sandstorm|[upkeep]
|-heal|p1a: Gliscor|86/100 tox|[from] ability: Poison Heal
|upkeep
|turn|10
|
|t:|1708678728
|switch|p2a: Breloom|Breloom, M|85/100 tox
|-damage|p2a: Breloom|79/100 tox|[from] Stealth Rock
|switch|p1a: Alakazam|Alakazam, M|100/100
|
|-weather|Sandstorm|[upkeep]
|-damage|p2a: Breloom|73/100 tox|[from] Sandstorm
|-heal|p2a: Breloom|85/100 tox|[from] ability: Poison Heal
|upkeep
|turn|11
|
|t:|1708678733
|move|p2a: Breloom|Protect|p2a: Breloom
|-singleturn|p2a: Breloom|Protect
|move|p1a: Alakazam|Psyshock|p2a: Breloom
|-activate|p2a: Breloom|move: Protect
|
|-weather|Sandstorm|[upkeep]
|-damage|p2a: Breloom|79/100 tox|[from] Sandstorm
|-heal|p2a: Breloom|91/100 tox|[from] ability: Poison Heal
|upkeep
|turn|12
|
|t:|1708678751
|switch|p1a: Gastrodon|Gastrodon, M|100/100
|move|p2a: Breloom|Protect||[still]
|-fail|p2a: Breloom
|
|-weather|Sandstorm|[upkeep]
|-damage|p2a: Breloom|85/100 tox|[from] Sandstorm
|-heal|p2a: Breloom|97/100 tox|[from] ability: Poison Heal
|upkeep
|turn|13
|
|t:|1708678763
|switch|p1a: Skarmory|Skarmory, F|24/100
|move|p2a: Breloom|Swords Dance|p2a: Breloom
|-boost|p2a: Breloom|atk|2
|
|-weather|Sandstorm|[upkeep]
|-damage|p2a: Breloom|91/100 tox|[from] Sandstorm
|-heal|p1a: Skarmory|30/100|[from] item: Leftovers
|-heal|p2a: Breloom|100/100 tox|[from] ability: Poison Heal
|upkeep
|turn|14
|
|t:|1708678766
|move|p2a: Breloom|Drain Punch|p1a: Skarmory
|-damage|p1a: Skarmory|0 fnt
|faint|p1a: Skarmory
|
|-weather|Sandstorm|[upkeep]
|-damage|p2a: Breloom|94/100 tox|[from] Sandstorm
|-heal|p2a: Breloom|100/100 tox|[from] ability: Poison Heal
|upkeep
|
|t:|1708678769
|switch|p1a: Alakazam|Alakazam, M|100/100
|turn|15
|
|t:|1708678770
|move|p2a: Breloom|Protect|p2a: Breloom
|-singleturn|p2a: Breloom|Protect
|move|p1a: Alakazam|Psyshock|p2a: Breloom
|-activate|p2a: Breloom|move: Protect
|
|-weather|Sandstorm|[upkeep]
|-damage|p2a: Breloom|94/100 tox|[from] Sandstorm
|-heal|p2a: Breloom|100/100 tox|[from] ability: Poison Heal
|upkeep
|turn|16
|
|t:|1708678772
|switch|p2a: Heatran|Heatran, M|76/100
|-damage|p2a: Heatran|63/100|[from] Stealth Rock
|move|p1a: Alakazam|Psyshock|p2a: Heatran
|-resisted|p2a: Heatran
|-damage|p2a: Heatran|46/100
|
|-weather|Sandstorm|[upkeep]
|-heal|p2a: Heatran|52/100|[from] item: Leftovers
|upkeep
|turn|17
|
|t:|1708678777
|switch|p1a: Gastrodon|Gastrodon, M|100/100
|move|p2a: Heatran|Protect||[still]
|-fail|p2a: Heatran
|
|-weather|Sandstorm|[upkeep]
|-heal|p2a: Heatran|59/100|[from] item: Leftovers
|upkeep
|turn|18
|
|t:|1708678781
|move|p2a: Heatran|Stealth Rock|p1a: Gastrodon
|-sidestart|p1: B1kharma|move: Stealth Rock
|move|p1a: Gastrodon|Earthquake|p2a: Heatran
|-supereffective|p2a: Heatran
|-damage|p2a: Heatran|0 fnt
|faint|p2a: Heatran
|
|-weather|Sandstorm|[upkeep]
|upkeep
|
|t:|1708678782
|switch|p2a: Breloom|Breloom, M|100/100 tox
|-damage|p2a: Breloom|94/100 tox|[from] Stealth Rock
|turn|19
|
|t:|1708678785
|move|p2a: Breloom|Seed Bomb|p1a: Gastrodon
|-supereffective|p1a: Gastrodon
|-damage|p1a: Gastrodon|0 fnt
|faint|p1a: Gastrodon
|
|-weather|Sandstorm|[upkeep]
|-damage|p2a: Breloom|88/100 tox|[from] Sandstorm
|-heal|p2a: Breloom|100/100 tox|[from] ability: Poison Heal
|upkeep
|
|t:|1708678789
|switch|p1a: Alakazam|Alakazam, M|100/100
|turn|20
|
|t:|1708678792
|move|p2a: Breloom|Protect|p2a: Breloom
|-singleturn|p2a: Breloom|Protect
|move|p1a: Alakazam|Psyshock|p2a: Breloom
|-activate|p2a: Breloom|move: Protect
|
|-weather|Sandstorm|[upkeep]
|-damage|p2a: Breloom|94/100 tox|[from] Sandstorm
|-heal|p2a: Breloom|100/100 tox|[from] ability: Poison Heal
|upkeep
|turn|21
|
|t:|1708678794
|switch|p2a: Weavile|Weavile, M|70/100
|-damage|p2a: Weavile|45/100|[from] Stealth Rock
|-ability|p2a: Weavile|Pressure
|move|p1a: Alakazam|Hidden Power|p2a: Weavile
|-supereffective|p2a: Weavile
|-damage|p2a: Weavile|0 fnt
|faint|p2a: Weavile
|
|-weather|Sandstorm|[upkeep]
|upkeep
|
|t:|1708678796
|switch|p2a: Crobat|Crobat, M|89/100
|-damage|p2a: Crobat|64/100|[from] Stealth Rock
|turn|22
|
|t:|1708678799
|move|p2a: Crobat|Nasty Plot|p2a: Crobat
|-boost|p2a: Crobat|spa|2
|move|p1a: Alakazam|Psyshock|p2a: Crobat
|-supereffective|p2a: Crobat
|-damage|p2a: Crobat|0 fnt
|faint|p2a: Crobat
|
|-weather|Sandstorm|[upkeep]
|upkeep
|
|t:|1708678802
|switch|p2a: Lucario|Lucario, M|88/100
|-damage|p2a: Lucario|85/100|[from] Stealth Rock
|turn|23
|
|t:|1708678804
|move|p1a: Alakazam|Hidden Power|p2a: Lucario
|-supereffective|p2a: Lucario
|-damage|p2a: Lucario|9/100
|move|p2a: Lucario|Crunch|p1a: Alakazam
|-supereffective|p1a: Alakazam
|-enditem|p1a: Alakazam|Focus Sash
|-damage|p1a: Alakazam|1/100
|-damage|p2a: Lucario|0 fnt|[from] item: Life Orb
|faint|p2a: Lucario
|
|-weather|Sandstorm|[upkeep]
|upkeep
|
|t:|1708678807
|switch|p2a: Breloom|Breloom, M|100/100 tox
|-damage|p2a: Breloom|94/100 tox|[from] Stealth Rock
|turn|24
|
|t:|1708678808
|move|p2a: Breloom|Protect|p2a: Breloom
|-singleturn|p2a: Breloom|Protect
|move|p1a: Alakazam|Psyshock|p2a: Breloom
|-activate|p2a: Breloom|move: Protect
|
|-weather|Sandstorm|[upkeep]
|-damage|p2a: Breloom|88/100 tox|[from] Sandstorm
|-heal|p2a: Breloom|100/100 tox|[from] ability: Poison Heal
|upkeep
|turn|25
|
|t:|1708678809
|move|p1a: Alakazam|Psyshock|p2a: Breloom
|-supereffective|p2a: Breloom
|-damage|p2a: Breloom|5/100 tox
|move|p2a: Breloom|Drain Punch|p1a: Alakazam
|-resisted|p1a: Alakazam
|-damage|p1a: Alakazam|0 fnt
|-heal|p2a: Breloom|5/100 tox|[from] drain|[of] p1a: Alakazam
|faint|p1a: Alakazam
|
|-weather|Sandstorm|[upkeep]
|-damage|p2a: Breloom|0 fnt|[from] Sandstorm
|faint|p2a: Breloom
|
|win|B1kharma
|upkeep
|raw|B1kharma's rating: 1460 &rarr; <strong>1474</strong><br />(+14 for winning)
|raw|Paperm47's rating: 1349 &rarr; <strong>1335</strong><br />(-14 for losing)
|l|☆Paperm47
|player|p2|
|l|☆B1kharma
|player|p1|
