|j|☆AstroMigui
|j|☆HANMA JACK
|t:|1735127922
|gametype|singles
|player|p1|AstroMigui|hoopster|1435
|player|p2|HANMA JACK|169|1520
|teamsize|p1|6
|teamsize|p2|6
|gen|5
|tier|[Gen 5] OU
|rated|
|rule|Species Clause: Limit one of each Pokémon
|rule|OHKO Clause: OHKO moves are banned
|rule|Moody Clause: Moody is banned
|rule|Evasion Items Clause: Evasion items are banned
|rule|Evasion Moves Clause: Evasion moves are banned
|rule|Endless Battle Clause: Forcing endless battles is banned
|rule|HP Percentage Mod: HP is shown in percentages
|rule|Evasion Abilities Clause: Evasion abilities are banned
|rule|Sleep Moves Clause: Sleep-inducing moves are banned
|rule|Swagger Clause: Swagger is banned
|rule|Baton Pass Stat Clause: No Baton Passer may have a way to boost its stats
|clearpoke
|poke|p1|Hippowdon, F|item
|poke|p1|Ferrothorn, M|item
|poke|p1|Excadrill, F|item
|poke|p1|Slowbro, M|item
|poke|p1|Latios, M|item
|poke|p1|Terrakion|item
|poke|p2|Ferrothorn, M|item
|poke|p2|Gliscor, M|item
|poke|p2|Starmie|item
|poke|p2|Mamoswine, F|item
|poke|p2|Volcarona, M|item
|poke|p2|Salamence, F|item
|teampreview
|c|☆HANMA JACK|gl hf
|
|t:|1735127949
|start
|switch|p1a: Hippowdon|Hippowdon, F|100/100
|switch|p2a: Gliscor|Gliscor, M|100/100
|-weather|Sandstorm|[from] ability: Sand Stream|[of] p1a: Hippowdon
|turn|1
|c|☆AstroMigui|good luck and merry christmas
|
|t:|1735127968
|move|p2a: Gliscor|Swords Dance|p2a: Gliscor
|-boost|p2a: Gliscor|atk|2
|move|p1a: Hippowdon|Stealth Rock|p2a: Gliscor
|-sidestart|p2: HANMA JACK|move: Stealth Rock
|
|-weather|Sandstorm|[upkeep]
|upkeep
|turn|2
|c|☆HANMA JACK|same to you
|
|t:|1735127977
|move|p2a: Gliscor|Sky Attack||[still]
|-prepare|p2a: Gliscor|Sky Attack
|-enditem|p2a: Gliscor|Power Herb
|-anim|p2a: Gliscor|Sky Attack|p1a: Hippowdon
|-damage|p1a: Hippowdon|4/100
|move|p1a: Hippowdon|Whirlwind|p2a: Gliscor
|drag|p2a: Volcarona|Volcarona, M|100/100
|-damage|p2a: Volcarona|51/100|[from] Stealth Rock
|
|-weather|Sandstorm|[upkeep]
|-damage|p2a: Volcarona|45/100|[from] Sandstorm
|-heal|p1a: Hippowdon|10/100|[from] item: Leftovers
|upkeep
|turn|3
|
|t:|1735127999
|move|p2a: Volcarona|Psychic|p1a: Hippowdon
|-damage|p1a: Hippowdon|0 fnt
|faint|p1a: Hippowdon
|
|-weather|Sandstorm|[upkeep]
|-damage|p2a: Volcarona|38/100|[from] Sandstorm
|upkeep
|
|t:|1735128007
|switch|p1a: Terrakion|Terrakion|100/100
|turn|4
|
|t:|1735128013
|move|p1a: Terrakion|Close Combat|p2a: Volcarona
|-resisted|p2a: Volcarona
|-damage|p2a: Volcarona|0 fnt
|-unboost|p1a: Terrakion|def|1
|-unboost|p1a: Terrakion|spd|1
|-status|p1a: Terrakion|brn|[from] ability: Flame Body|[of] p2a: Volcarona
|faint|p2a: Volcarona
|
|-weather|Sandstorm|[upkeep]
|-damage|p1a: Terrakion|88/100 brn|[from] brn
|upkeep
|
|t:|1735128027
|switch|p2a: Gliscor|Gliscor, M|100/100
|-damage|p2a: Gliscor|88/100|[from] Stealth Rock
|turn|5
|
|t:|1735128037
|switch|p1a: Slowbro|Slowbro, M|100/100
|move|p2a: Gliscor|Acrobatics|p1a: Slowbro
|-damage|p1a: Slowbro|70/100
|
|-weather|Sandstorm|[upkeep]
|-damage|p1a: Slowbro|64/100|[from] Sandstorm
|-heal|p1a: Slowbro|70/100|[from] item: Leftovers
|upkeep
|turn|6
|
|t:|1735128055
|switch|p2a: Ferrothorn|Ferrothorn, M|100/100
|-damage|p2a: Ferrothorn|94/100|[from] Stealth Rock
|move|p1a: Slowbro|Scald|p2a: Ferrothorn
|-resisted|p2a: Ferrothorn
|-damage|p2a: Ferrothorn|85/100
|-status|p2a: Ferrothorn|brn
|-enditem|p2a: Ferrothorn|Lum Berry|[eat]
|-curestatus|p2a: Ferrothorn|brn|[msg]
|
|-weather|Sandstorm|[upkeep]
|-damage|p1a: Slowbro|64/100|[from] Sandstorm
|-heal|p1a: Slowbro|70/100|[from] item: Leftovers
|upkeep
|turn|7
|
|t:|1735128062
|switch|p1a: Ferrothorn|Ferrothorn, M|100/100
|move|p2a: Ferrothorn|Stealth Rock|p1a: Ferrothorn
|-sidestart|p1: AstroMigui|move: Stealth Rock
|
|-weather|Sandstorm|[upkeep]
|upkeep
|turn|8
|
|t:|1735128071
|move|p2a: Ferrothorn|Spikes|p1a: Ferrothorn
|-sidestart|p1: AstroMigui|Spikes
|move|p1a: Ferrothorn|Spikes|p2a: Ferrothorn
|-sidestart|p2: HANMA JACK|Spikes
|
|-weather|Sandstorm|[upkeep]
|upkeep
|turn|9
|
|t:|1735128080
|switch|p2a: Gliscor|Gliscor, M|88/100
|-damage|p2a: Gliscor|76/100|[from] Stealth Rock
|move|p1a: Ferrothorn|Spikes|p2a: Gliscor
|-sidestart|p2: HANMA JACK|Spikes
|
|-weather|Sandstorm|[upkeep]
|upkeep
|turn|10
|
|t:|1735128093
|move|p2a: Gliscor|Swords Dance|p2a: Gliscor
|-boost|p2a: Gliscor|atk|2
|move|p1a: Ferrothorn|Leech Seed|p2a: Gliscor|[miss]
|-miss|p1a: Ferrothorn|p2a: Gliscor
|
|-weather|Sandstorm|[upkeep]
|upkeep
|turn|11
|
|t:|1735128109
|move|p2a: Gliscor|Acrobatics|p1a: Ferrothorn
|-damage|p1a: Ferrothorn|30/100
|-damage|p2a: Gliscor|64/100|[from] ability: Iron Barbs|[of] p1a: Ferrothorn
|move|p1a: Ferrothorn|Leech Seed|p2a: Gliscor
|-start|p2a: Gliscor|move: Leech Seed
|
|-weather|Sandstorm|[upkeep]
|-heal|p1a: Ferrothorn|37/100|[from] item: Leftovers
|-damage|p2a: Gliscor|51/100|[from] Leech Seed|[of] p1a: Ferrothorn
|-heal|p1a: Ferrothorn|47/100|[silent]
|upkeep
|turn|12
|
|t:|1735128115
|move|p1a: Ferrothorn|Protect|p1a: Ferrothorn
|-singleturn|p1a: Ferrothorn|Protect
|move|p2a: Gliscor|Swords Dance|p2a: Gliscor
|-boost|p2a: Gliscor|atk|2
|
|-weather|Sandstorm|[upkeep]
|-heal|p1a: Ferrothorn|53/100|[from] item: Leftovers
|-damage|p2a: Gliscor|39/100|[from] Leech Seed|[of] p1a: Ferrothorn
|-heal|p1a: Ferrothorn|64/100|[silent]
|upkeep
|turn|13
|
|t:|1735128134
|move|p1a: Ferrothorn|Protect|p1a: Ferrothorn
|-singleturn|p1a: Ferrothorn|Protect
|move|p2a: Gliscor|Acrobatics|p1a: Ferrothorn
|-activate|p1a: Ferrothorn|move: Protect
|
|-weather|Sandstorm|[upkeep]
|-heal|p1a: Ferrothorn|70/100|[from] item: Leftovers
|-damage|p2a: Gliscor|27/100|[from] Leech Seed|[of] p1a: Ferrothorn
|-heal|p1a: Ferrothorn|81/100|[silent]
|upkeep
|turn|14
|
|t:|1735128138
|move|p2a: Gliscor|Acrobatics|p1a: Ferrothorn
|-damage|p1a: Ferrothorn|0 fnt
|-damage|p2a: Gliscor|15/100|[from] ability: Iron Barbs|[of] p1a: Ferrothorn
|faint|p1a: Ferrothorn
|
|-weather|Sandstorm|[upkeep]
|upkeep
|
|t:|1735128157
|switch|p1a: Slowbro|Slowbro, M|100/100
|-damage|p1a: Slowbro|88/100|[from] Stealth Rock
|-damage|p1a: Slowbro|76/100|[from] Spikes
|turn|15
|
|t:|1735128161
|move|p2a: Gliscor|Acrobatics|p1a: Slowbro
|-damage|p1a: Slowbro|0 fnt
|faint|p1a: Slowbro
|
|-weather|Sandstorm|[upkeep]
|upkeep
|
|t:|1735128169
|switch|p1a: Latios|Latios, M|100/100
|-damage|p1a: Latios|88/100|[from] Stealth Rock
|turn|16
|
|t:|1735128176
|move|p1a: Latios|Dragon Pulse|p2a: Gliscor
|-damage|p2a: Gliscor|0 fnt
|faint|p2a: Gliscor
|
|-weather|Sandstorm|[upkeep]
|-damage|p1a: Latios|82/100|[from] Sandstorm
|upkeep
|
|t:|1735128182
|switch|p2a: Ferrothorn|Ferrothorn, M|85/100
|-damage|p2a: Ferrothorn|79/100|[from] Stealth Rock
|-damage|p2a: Ferrothorn|63/100|[from] Spikes
|turn|17
|
|t:|1735128204
|switch|p1a: Excadrill|Excadrill, F|100/100
|-damage|p1a: Excadrill|97/100|[from] Stealth Rock
|-damage|p1a: Excadrill|85/100|[from] Spikes
|move|p2a: Ferrothorn|Power Whip|p1a: Excadrill
|-damage|p1a: Excadrill|27/100
|
|-weather|Sandstorm|[upkeep]
|-heal|p1a: Excadrill|33/100|[from] item: Leftovers
|upkeep
|turn|18
|
|t:|1735128214
|move|p1a: Excadrill|Earthquake|p2a: Ferrothorn
|-damage|p2a: Ferrothorn|6/100
|move|p2a: Ferrothorn|Power Whip|p1a: Excadrill
|-damage|p1a: Excadrill|0 fnt
|faint|p1a: Excadrill
|
|-weather|Sandstorm|[upkeep]
|upkeep
|
|t:|1735128222
|switch|p1a: Latios|Latios, M|82/100
|-damage|p1a: Latios|70/100|[from] Stealth Rock
|turn|19
|
|t:|1735128226
|move|p1a: Latios|Dragon Pulse|p2a: Ferrothorn
|-resisted|p2a: Ferrothorn
|-damage|p2a: Ferrothorn|0 fnt
|faint|p2a: Ferrothorn
|
|-weather|Sandstorm|[upkeep]
|-damage|p1a: Latios|64/100|[from] Sandstorm
|upkeep
|
|t:|1735128232
|switch|p2a: Mamoswine|Mamoswine, F|100/100
|-damage|p2a: Mamoswine|88/100|[from] Stealth Rock
|-damage|p2a: Mamoswine|71/100|[from] Spikes
|turn|20
|
|t:|1735128241
|switch|p1a: Terrakion|Terrakion|88/100 brn
|-damage|p1a: Terrakion|82/100 brn|[from] Stealth Rock
|-damage|p1a: Terrakion|70/100 brn|[from] Spikes
|move|p2a: Mamoswine|Ice Shard|p1a: Terrakion
|-damage|p1a: Terrakion|41/100 brn
|
|-weather|Sandstorm|[upkeep]
|-damage|p1a: Terrakion|29/100 brn|[from] brn
|upkeep
|turn|21
|
|t:|1735128248
|switch|p2a: Salamence|Salamence, F|100/100
|-damage|p2a: Salamence|76/100|[from] Stealth Rock
|move|p1a: Terrakion|Close Combat|p2a: Salamence
|-resisted|p2a: Salamence
|-damage|p2a: Salamence|56/100
|-unboost|p1a: Terrakion|def|1
|-unboost|p1a: Terrakion|spd|1
|
|-weather|Sandstorm|[upkeep]
|-damage|p2a: Salamence|50/100|[from] Sandstorm
|-damage|p1a: Terrakion|16/100 brn|[from] brn
|upkeep
|turn|22
|
|t:|1735128257
|move|p1a: Terrakion|Close Combat|p2a: Salamence
|-resisted|p2a: Salamence
|-damage|p2a: Salamence|33/100
|-unboost|p1a: Terrakion|def|1
|-unboost|p1a: Terrakion|spd|1
|move|p2a: Salamence|Outrage|p1a: Terrakion
|-damage|p1a: Terrakion|0 fnt
|faint|p1a: Terrakion
|-ability|p2a: Salamence|Moxie|boost
|-boost|p2a: Salamence|atk|1
|
|-weather|Sandstorm|[upkeep]
|-damage|p2a: Salamence|27/100|[from] Sandstorm
|upkeep
|
|t:|1735128282
|switch|p1a: Latios|Latios, M|64/100
|-damage|p1a: Latios|52/100|[from] Stealth Rock
|turn|23
|
|t:|1735128285
|move|p1a: Latios|Dragon Pulse|p2a: Salamence
|-supereffective|p2a: Salamence
|-crit|p2a: Salamence
|-damage|p2a: Salamence|0 fnt
|faint|p2a: Salamence
|
|-weather|Sandstorm|[upkeep]
|-damage|p1a: Latios|46/100|[from] Sandstorm
|upkeep
|
|t:|1735128287
|switch|p2a: Mamoswine|Mamoswine, F|71/100
|-damage|p2a: Mamoswine|59/100|[from] Stealth Rock
|-damage|p2a: Mamoswine|42/100|[from] Spikes
|turn|24
|
|t:|1735128289
|move|p2a: Mamoswine|Ice Shard|p1a: Latios
|-supereffective|p1a: Latios
|-damage|p1a: Latios|0 fnt
|faint|p1a: Latios
|
|win|HANMA JACK
|raw|AstroMigui's rating: 1435 &rarr; <strong>1420</strong><br />(-15 for losing)
|raw|HANMA JACK's rating: 1520 &rarr; <strong>1535</strong><br />(+15 for winning)
|c|☆HANMA JACK|gg wp
|c|☆AstroMigui|gg
