|j|☆Rowena
|j|☆Minhua
|player|p1|Rowena|clair|1456
|player|p2|Minhua|266|1442
|teamsize|p1|6
|teamsize|p2|6
|gametype|singles
|gen|5
|tier|[Gen 5] OU
|rated|
|clearpoke
|poke|p1|Magnezone|item
|poke|p1|Kyurem-Black|item
|poke|p1|Celebi|item
|poke|p1|Latios, M|item
|poke|p1|Keldeo-Resolute|item
|poke|p1|Jirachi|item
|poke|p2|Azelf|item
|poke|p2|Mew|item
|poke|p2|Thundurus-Therian, M|item
|poke|p2|Empoleon, M|item
|poke|p2|Jirachi|item
|poke|p2|Latios, M|item
|rule|Species Clause: Limit one of each Pokémon
|rule|OHKO Clause: OHKO moves are banned
|rule|Moody Clause: Moody is banned
|rule|Evasion Moves Clause: Evasion moves are banned
|rule|Endless Battle Clause: Forcing endless battles is banned
|rule|HP Percentage Mod: HP is shown in percentages
|rule|Evasion Abilities Clause: Evasion abilities are banned
|rule|Baton Pass Clause: Limit one Baton Passer, can't pass Spe and other stats simultaneously
|rule|Sleep Clause: Sleep-inducing moves are banned
|rule|Swagger Clause: Swagger is banned
|teampreview
|inactive|Battle timer is ON: inactive players will automatically lose when time's up. (requested by Minhua)
|
|start
|switch|p1a: Jirachi|Jirachi|100/100
|switch|p2a: Azelf|Azelf|100/100
|turn|1
|
|move|p2a: Azelf|Reflect|p2a: Azelf
|-sidestart|p2: Minhua|Reflect
|move|p1a: Jirachi|U-turn|p2a: Azelf
|-supereffective|p2a: Azelf
|-damage|p2a: Azelf|78/100
|
|switch|p1a: Latios|Latios, M|100/100|[from]move: U-turn
|
|upkeep
|turn|2
|
|move|p2a: Azelf|Light Screen|p2a: Azelf
|-sidestart|p2: Minhua|move: Light Screen
|move|p1a: Latios|Dragon Pulse|p2a: Azelf
|-damage|p2a: Azelf|42/100
|-damage|p1a: Latios|91/100|[from] item: Life Orb
|
|upkeep
|turn|3
|
|move|p2a: Azelf|Stealth Rock|p1a: Latios
|-sidestart|p1: Rowena|move: Stealth Rock
|move|p1a: Latios|Dragon Pulse|p2a: Azelf
|-damage|p2a: Azelf|4/100
|-damage|p1a: Latios|81/100|[from] item: Life Orb
|
|upkeep
|turn|4
|
|switch|p1a: Magnezone|Magnezone|100/100
|-damage|p1a: Magnezone|94/100|[from] Stealth Rock
|-item|p1a: Magnezone|Air Balloon
|move|p2a: Azelf|Taunt|p1a: Magnezone
|-start|p1a: Magnezone|move: Taunt
|
|upkeep
|turn|5
|
|move|p2a: Azelf|Stealth Rock||[still]
|-fail|p2a: Azelf
|move|p1a: Magnezone|Volt Switch|p2a: Azelf
|-damage|p2a: Azelf|0 fnt
|faint|p2a: Azelf
|
|switch|p1a: Jirachi|Jirachi|100/100|[from]move: Volt Switch
|-damage|p1a: Jirachi|94/100|[from] Stealth Rock
|
|-heal|p1a: Jirachi|100/100|[from] item: Leftovers
|upkeep
|
|switch|p2a: Mew|Mew|100/100
|turn|6
|
|move|p2a: Mew|Iron Defense|p2a: Mew
|-boost|p2a: Mew|def|2
|move|p1a: Jirachi|Stealth Rock|p2a: Mew
|-sidestart|p2: Minhua|move: Stealth Rock
|
|upkeep
|turn|7
|
|move|p2a: Mew|Calm Mind|p2a: Mew
|-boost|p2a: Mew|spa|1
|-boost|p2a: Mew|spd|1
|move|p1a: Jirachi|Icy Wind|p2a: Mew
|-crit|p2a: Mew
|-damage|p2a: Mew|79/100
|-unboost|p2a: Mew|spe|1
|
|-heal|p2a: Mew|86/100|[from] item: Leftovers
|upkeep
|turn|8
|
|move|p1a: Jirachi|Iron Head|p2a: Mew
|-damage|p2a: Mew|80/100
|move|p2a: Mew|Calm Mind|p2a: Mew
|-boost|p2a: Mew|spa|1
|-boost|p2a: Mew|spd|1
|
|-heal|p2a: Mew|86/100|[from] item: Leftovers
|-sideend|p2: Minhua|Reflect
|upkeep
|turn|9
|
|move|p1a: Jirachi|Iron Head|p2a: Mew
|-damage|p2a: Mew|74/100
|move|p2a: Mew|Iron Defense|p2a: Mew
|-boost|p2a: Mew|def|2
|
|-heal|p2a: Mew|80/100|[from] item: Leftovers
|-sideend|p2: Minhua|move: Light Screen
|upkeep
|turn|10
|
|move|p1a: Jirachi|Icy Wind|p2a: Mew
|-damage|p2a: Mew|75/100
|-unboost|p2a: Mew|spe|1
|move|p2a: Mew|Baton Pass|p2a: Mew
|
|switch|p2a: Empoleon|Empoleon, M|100/100|[from]move: Baton Pass
|-damage|p2a: Empoleon|94/100|[from] Stealth Rock
|
|upkeep
|turn|11
|
|move|p1a: Jirachi|U-turn|p2a: Empoleon
|-resisted|p2a: Empoleon
|-damage|p2a: Empoleon|91/100
|inactive|Rowena has 120 seconds left.
|
|switch|p1a: Celebi|Celebi|100/100|[from]move: U-turn
|-damage|p1a: Celebi|88/100|[from] Stealth Rock
|move|p2a: Empoleon|Agility|p2a: Empoleon
|-boost|p2a: Empoleon|spe|2
|
|-heal|p1a: Celebi|94/100|[from] item: Leftovers
|upkeep
|turn|12
|inactive|Rowena has 120 seconds left.
|
|move|p2a: Empoleon|Substitute|p2a: Empoleon
|-start|p2a: Empoleon|Substitute
|-damage|p2a: Empoleon|67/100
|move|p1a: Celebi|Substitute|p1a: Celebi
|-start|p1a: Celebi|Substitute
|-damage|p1a: Celebi|70/100
|
|-heal|p1a: Celebi|76/100|[from] item: Leftovers
|upkeep
|turn|13
|
|move|p2a: Empoleon|Surf|p1a: Celebi
|-resisted|p1a: Celebi
|-end|p1a: Celebi|Substitute
|move|p1a: Celebi|Baton Pass|p1a: Celebi
|inactive|Rowena has 90 seconds left.
|
|switch|p1a: Kyurem|Kyurem-Black|100/100|[from]move: Baton Pass
|-damage|p1a: Kyurem|76/100|[from] Stealth Rock
|-ability|p1a: Kyurem|Teravolt
|
|upkeep
|turn|14
|
|move|p1a: Kyurem|Fusion Bolt|p2a: Empoleon
|-supereffective|p2a: Empoleon
|-end|p2a: Empoleon|Substitute
|move|p2a: Empoleon|Agility|p2a: Empoleon
|-boost|p2a: Empoleon|spe|2
|
|upkeep
|turn|15
|inactive|Rowena has 90 seconds left.
|
|move|p2a: Empoleon|Surf|p1a: Kyurem
|-resisted|p1a: Kyurem
|-damage|p1a: Kyurem|32/100
|move|p1a: Kyurem|Fusion Bolt|p2a: Empoleon
|-supereffective|p2a: Empoleon
|-damage|p2a: Empoleon|10/100
|-enditem|p2a: Empoleon|Petaya Berry|[eat]
|-boost|p2a: Empoleon|spa|1|[from] item: Petaya Berry
|
|upkeep
|turn|16
|inactive|Rowena has 90 seconds left.
|
|move|p2a: Empoleon|Surf|p1a: Kyurem
|-resisted|p1a: Kyurem
|-damage|p1a: Kyurem|0 fnt
|faint|p1a: Kyurem
|
|upkeep
|
|switch|p1a: Keldeo|Keldeo-Resolute|100/100
|-damage|p1a: Keldeo|94/100|[from] Stealth Rock
|turn|17
|
|move|p2a: Empoleon|Grass Knot|p1a: Keldeo
|-supereffective|p1a: Keldeo
|-damage|p1a: Keldeo|0 fnt
|faint|p1a: Keldeo
|
|upkeep
|
|switch|p1a: Celebi|Celebi|76/100
|-damage|p1a: Celebi|63/100|[from] Stealth Rock
|turn|18
|inactive|Rowena has 60 seconds left.
|
|move|p2a: Empoleon|Surf|p1a: Celebi
|-resisted|p1a: Celebi
|-damage|p1a: Celebi|5/100
|move|p1a: Celebi|Giga Drain|p2a: Empoleon
|-damage|p2a: Empoleon|0 fnt
|-heal|p1a: Celebi|10/100|[from] drain|[of] p2a: Empoleon
|faint|p2a: Empoleon
|
|-heal|p1a: Celebi|16/100|[from] item: Leftovers
|upkeep
|
|switch|p2a: Jirachi|Jirachi|100/100
|-damage|p2a: Jirachi|94/100|[from] Stealth Rock
|turn|19
|
|move|p2a: Jirachi|Body Slam|p1a: Celebi
|-damage|p1a: Celebi|1/100
|move|p1a: Celebi|Baton Pass|p1a: Celebi
|
|switch|p1a: Magnezone|Magnezone|94/100|[from]move: Baton Pass
|-damage|p1a: Magnezone|88/100|[from] Stealth Rock
|-item|p1a: Magnezone|Air Balloon
|
|upkeep
|turn|20
|
|move|p2a: Jirachi|U-turn|p1a: Magnezone
|-resisted|p1a: Magnezone
|-damage|p1a: Magnezone|80/100
|-enditem|p1a: Magnezone|Air Balloon
|
|switch|p2a: Latios|Latios, M|100/100|[from]move: U-turn
|-damage|p2a: Latios|88/100|[from] Stealth Rock
|move|p1a: Magnezone|Hidden Power|p2a: Latios
|-resisted|p2a: Latios
|-damage|p2a: Latios|77/100
|
|upkeep
|turn|21
|
|switch|p1a: Celebi|Celebi|1/100
|-damage|p1a: Celebi|0 fnt|[from] Stealth Rock
|faint|p1a: Celebi
|move|p2a: Latios|Thunder Wave|p1: Celebi|[notarget]
|-fail|p2a: Latios
|
|upkeep
|
|switch|p1a: Jirachi|Jirachi|100/100
|-damage|p1a: Jirachi|94/100|[from] Stealth Rock
|turn|22
|
|move|p2a: Latios|Thunder Wave|p1a: Jirachi
|-status|p1a: Jirachi|par
|move|p1a: Jirachi|Icy Wind|p2a: Latios
|-supereffective|p2a: Latios
|-damage|p2a: Latios|57/100
|-unboost|p2a: Latios|spe|1
|
|-heal|p1a: Jirachi|100/100 par|[from] item: Leftovers
|upkeep
|turn|23
|
|move|p2a: Latios|Light Screen|p2a: Latios
|-sidestart|p2: Minhua|move: Light Screen
|cant|p1a: Jirachi|par
|
|upkeep
|turn|24
|
|move|p2a: Latios|Reflect|p2a: Latios
|-sidestart|p2: Minhua|Reflect
|move|p1a: Jirachi|U-turn|p2a: Latios
|-supereffective|p2a: Latios
|-damage|p2a: Latios|39/100
|
|switch|p1a: Latios|Latios, M|81/100|[from]move: U-turn
|-damage|p1a: Latios|68/100|[from] Stealth Rock
|
|upkeep
|turn|25
|inactive|Rowena has 90 seconds left.
|
|move|p1a: Latios|Dragon Pulse|p2a: Latios
|-supereffective|p2a: Latios
|-damage|p2a: Latios|0 fnt
|-damage|p1a: Latios|58/100|[from] item: Life Orb
|faint|p2a: Latios
|
|upkeep
|
|switch|p2a: Mew|Mew|75/100
|-damage|p2a: Mew|63/100|[from] Stealth Rock
|turn|26
|
|move|p1a: Latios|Dragon Pulse|p2a: Mew
|-damage|p2a: Mew|38/100
|-damage|p1a: Latios|49/100|[from] item: Life Orb
|move|p2a: Mew|Calm Mind|p2a: Mew
|-boost|p2a: Mew|spa|1
|-boost|p2a: Mew|spd|1
|
|-heal|p2a: Mew|44/100|[from] item: Leftovers
|upkeep
|turn|27
|inactive|Rowena has 90 seconds left.
|
|switch|p1a: Jirachi|Jirachi|100/100 par
|-damage|p1a: Jirachi|94/100 par|[from] Stealth Rock
|move|p2a: Mew|Calm Mind|p2a: Mew
|-boost|p2a: Mew|spa|1
|-boost|p2a: Mew|spd|1
|
|-heal|p2a: Mew|50/100|[from] item: Leftovers
|-heal|p1a: Jirachi|100/100 par|[from] item: Leftovers
|upkeep
|turn|28
|
|move|p2a: Mew|Iron Defense|p2a: Mew
|-boost|p2a: Mew|def|2
|move|p1a: Jirachi|Icy Wind|p2a: Mew
|-damage|p2a: Mew|48/100
|-unboost|p2a: Mew|spe|1
|
|-heal|p2a: Mew|54/100|[from] item: Leftovers
|upkeep
|turn|29
|
|move|p2a: Mew|Baton Pass|p2a: Mew
|
|switch|p2a: Thundurus|Thundurus-Therian, M|100/100|[from]move: Baton Pass
|-damage|p2a: Thundurus|76/100|[from] Stealth Rock
|move|p1a: Jirachi|Icy Wind|p2a: Thundurus
|-supereffective|p2a: Thundurus
|-damage|p2a: Thundurus|69/100
|-unboost|p2a: Thundurus|spe|1
|
|-heal|p2a: Thundurus|75/100|[from] item: Leftovers
|upkeep
|turn|30
|
|switch|p1a: Magnezone|Magnezone|80/100
|-damage|p1a: Magnezone|74/100|[from] Stealth Rock
|move|p2a: Thundurus|Agility|p2a: Thundurus
|-boost|p2a: Thundurus|spe|2
|
|-heal|p2a: Thundurus|81/100|[from] item: Leftovers
|-sideend|p2: Minhua|move: Light Screen
|upkeep
|turn|31
|
|move|p2a: Thundurus|Substitute|p2a: Thundurus
|-start|p2a: Thundurus|Substitute
|-damage|p2a: Thundurus|56/100
|move|p1a: Magnezone|Hidden Power|p2a: Thundurus
|-activate|p2a: Thundurus|Substitute|[damage]
|
|-heal|p2a: Thundurus|62/100|[from] item: Leftovers
|-sideend|p2: Minhua|Reflect
|upkeep
|turn|32
|
|move|p2a: Thundurus|Agility|p2a: Thundurus
|-boost|p2a: Thundurus|spe|2
|move|p1a: Magnezone|Hidden Power|p2a: Thundurus
|-end|p2a: Thundurus|Substitute
|
|-heal|p2a: Thundurus|68/100|[from] item: Leftovers
|upkeep
|turn|33
|
|move|p2a: Thundurus|Substitute|p2a: Thundurus
|-start|p2a: Thundurus|Substitute
|-damage|p2a: Thundurus|43/100
|move|p1a: Magnezone|Hidden Power|p2a: Thundurus
|-activate|p2a: Thundurus|Substitute|[damage]
|
|-heal|p2a: Thundurus|49/100|[from] item: Leftovers
|upkeep
|turn|34
|
|move|p2a: Thundurus|Thunderbolt|p1a: Magnezone
|-resisted|p1a: Magnezone
|-damage|p1a: Magnezone|5/100
|move|p1a: Magnezone|Hidden Power|p2a: Thundurus
|-end|p2a: Thundurus|Substitute
|
|-heal|p2a: Thundurus|56/100|[from] item: Leftovers
|upkeep
|turn|35
|
|move|p2a: Thundurus|Substitute|p2a: Thundurus
|-start|p2a: Thundurus|Substitute
|-damage|p2a: Thundurus|31/100
|move|p1a: Magnezone|Hidden Power|p2a: Thundurus
|-activate|p2a: Thundurus|Substitute|[damage]
|
|-heal|p2a: Thundurus|37/100|[from] item: Leftovers
|upkeep
|turn|36
|
|move|p2a: Thundurus|Thunderbolt|p1a: Magnezone
|-resisted|p1a: Magnezone
|-damage|p1a: Magnezone|0 fnt
|faint|p1a: Magnezone
|
|-heal|p2a: Thundurus|43/100|[from] item: Leftovers
|upkeep
|
|switch|p1a: Jirachi|Jirachi|100/100 par
|-damage|p1a: Jirachi|94/100 par|[from] Stealth Rock
|turn|37
|
|move|p2a: Thundurus|Thunderbolt|p1a: Jirachi
|-damage|p1a: Jirachi|29/100 par
|move|p1a: Jirachi|Icy Wind|p2a: Thundurus
|-supereffective|p2a: Thundurus
|-end|p2a: Thundurus|Substitute
|
|-heal|p2a: Thundurus|49/100|[from] item: Leftovers
|-heal|p1a: Jirachi|35/100 par|[from] item: Leftovers
|upkeep
|turn|38
|inactive|Rowena has 120 seconds left.
|
|move|p2a: Thundurus|Thunderbolt|p1a: Jirachi
|-damage|p1a: Jirachi|0 fnt
|faint|p1a: Jirachi
|
|-heal|p2a: Thundurus|55/100|[from] item: Leftovers
|upkeep
|
|switch|p1a: Latios|Latios, M|49/100
|-damage|p1a: Latios|36/100|[from] Stealth Rock
|turn|39
|
|move|p2a: Thundurus|Hidden Power|p1a: Latios
|-supereffective|p1a: Latios
|-damage|p1a: Latios|0 fnt
|faint|p1a: Latios
|
|win|Minhua
|raw|Rowena's rating: 1456 &rarr; <strong>1435</strong><br />(-21 for losing)
|raw|Minhua's rating: 1442 &rarr; <strong>1463</strong><br />(+21 for winning)
|l|☆Minhua
