|j|☆Pankake69
|j|☆Crimsonbacon38
|t:|1722530696
|gametype|singles
|player|p1|Pankake69|hiker-gen4|1340
|player|p2|Crimsonbacon38|barry|1328
|teamsize|p1|6
|teamsize|p2|6
|gen|5
|tier|[Gen 5] OU
|rated|
|rule|Species Clause: Limit one of each Pokémon
|rule|OHKO Clause: OHKO moves are banned
|rule|Moody Clause: Moody is banned
|rule|Evasion Items Clause: Evasion items are banned
|rule|Evasion Moves Clause: Evasion moves are banned
|rule|Endless Battle Clause: Forcing endless battles is banned
|rule|HP Percentage Mod: HP is shown in percentages
|rule|Evasion Abilities Clause: Evasion abilities are banned
|rule|Sleep Moves Clause: Sleep-inducing moves are banned
|rule|Swagger Clause: Swagger is banned
|rule|Baton Pass Stat Clause: No Baton Passer may have a way to boost its stats
|clearpoke
|poke|p1|Mamoswine, F|item
|poke|p1|Thundurus-Therian, M|item
|poke|p1|Skarmory, M|item
|poke|p1|Garchomp, M|item
|poke|p1|Volcarona, M|item
|poke|p1|Breloom, M|item
|poke|p2|Garchomp, F|item
|poke|p2|Starmie|item
|poke|p2|Dragonite, M|item
|poke|p2|Scizor, F|item
|poke|p2|Volcarona, F|item
|poke|p2|Thundurus-Therian, M|item
|teampreview
|inactive|Battle timer is ON: inactive players will automatically lose when time's up. (requested by Pankake69)
|
|t:|1722530708
|start
|switch|p1a: Skarmory|Skarmory, M|100/100
|switch|p2a: Garchomp|Garchomp, F|100/100
|turn|1
|
|t:|1722530712
|move|p2a: Garchomp|Stealth Rock|p1a: Skarmory
|-sidestart|p1: Pankake69|move: Stealth Rock
|move|p1a: Skarmory|Stealth Rock|p2a: Garchomp
|-sidestart|p2: Crimsonbacon38|move: Stealth Rock
|
|upkeep
|turn|2
|
|t:|1722530716
|switch|p2a: Starmie|Starmie|100/100
|-damage|p2a: Starmie|88/100|[from] Stealth Rock
|-item|p2a: Starmie|Air Balloon
|move|p1a: Skarmory|Spikes|p2a: Starmie
|-sidestart|p2: Crimsonbacon38|Spikes
|
|upkeep
|turn|3
|
|t:|1722530726
|move|p2a: Starmie|Rapid Spin|p1a: Skarmory
|-resisted|p1a: Skarmory
|-damage|p1a: Skarmory|99/100
|-sideend|p2: Crimsonbacon38|Spikes|[from] move: Rapid Spin|[of] p2a: Starmie
|-sideend|p2: Crimsonbacon38|Stealth Rock|[from] move: Rapid Spin|[of] p2a: Starmie
|move|p1a: Skarmory|Brave Bird|p2a: Starmie
|-damage|p2a: Starmie|15/100
|-enditem|p2a: Starmie|Air Balloon
|-damage|p1a: Skarmory|76/100|[from] Recoil
|
|upkeep
|turn|4
|
|t:|1722530735
|move|p2a: Starmie|Thunderbolt|p1a: Skarmory
|-supereffective|p1a: Skarmory
|-damage|p1a: Skarmory|0 fnt
|faint|p1a: Skarmory
|
|upkeep
|
|t:|1722530745
|switch|p1a: Garchomp|Garchomp, M|100/100
|-damage|p1a: Garchomp|94/100|[from] Stealth Rock
|turn|5
|
|t:|1722530753
|move|p1a: Garchomp|Dual Chop|p2a: Starmie
|-damage|p2a: Starmie|0 fnt
|faint|p2a: Starmie
|-hitcount|p2: Starmie|1
|
|upkeep
|
|t:|1722530763
|switch|p2a: Scizor|Scizor, F|100/100
|turn|6
|
|t:|1722530768
|switch|p1a: Thundurus|Thundurus-Therian, M|100/100
|-damage|p1a: Thundurus|76/100|[from] Stealth Rock
|move|p2a: Scizor|U-turn|p1a: Thundurus
|-resisted|p1a: Thundurus
|-damage|p1a: Thundurus|26/100
|
|t:|1722530781
|switch|p2a: Dragonite|Dragonite, M|100/100|[from] U-turn
|
|-heal|p1a: Thundurus|33/100|[from] item: Leftovers
|upkeep
|turn|7
|
|t:|1722530784
|move|p2a: Dragonite|Extreme Speed|p1a: Thundurus
|-damage|p1a: Thundurus|0 fnt
|faint|p1a: Thundurus
|
|upkeep
|
|t:|1722530787
|switch|p1a: Mamoswine|Mamoswine, F|100/100
|-damage|p1a: Mamoswine|88/100|[from] Stealth Rock
|turn|8
|
|t:|1722530791
|switch|p2a: Scizor|Scizor, F|100/100
|move|p1a: Mamoswine|Icicle Crash|p2a: Scizor|[miss]
|-miss|p1a: Mamoswine|p2a: Scizor
|
|upkeep
|turn|9
|
|t:|1722530796
|move|p2a: Scizor|Bullet Punch|p1a: Mamoswine
|-supereffective|p1a: Mamoswine
|-damage|p1a: Mamoswine|0 fnt
|faint|p1a: Mamoswine
|
|upkeep
|
|t:|1722530799
|switch|p1a: Volcarona|Volcarona, M|100/100
|-damage|p1a: Volcarona|51/100|[from] Stealth Rock
|turn|10
|
|t:|1722530805
|move|p2a: Scizor|Bullet Punch|p1a: Volcarona
|-resisted|p1a: Volcarona
|-damage|p1a: Volcarona|13/100
|move|p1a: Volcarona|Quiver Dance|p1a: Volcarona
|-boost|p1a: Volcarona|spa|1
|-boost|p1a: Volcarona|spd|1
|-boost|p1a: Volcarona|spe|1
|
|upkeep
|turn|11
|l|☆Pankake69
|inactive|Pankake69 disconnected and has a minute to reconnect!
|player|p1|
|inactive|Pankake69 has 30 seconds to reconnect!
|inactive|Pankake69 has 20 seconds to reconnect!
|j|☆Pankake69
|inactive|Pankake69 reconnected and has 100 seconds left.
|player|p1|Pankake69|hiker-gen4|
|-message|Pankake69 forfeited.
|
|win|Crimsonbacon38
|raw|Pankake69's rating: 1340 &rarr; <strong>1319</strong><br />(-21 for losing)
|raw|Crimsonbacon38's rating: 1328 &rarr; <strong>1349</strong><br />(+21 for winning)
|l|☆Pankake69
|player|p1|
