|j|☆24r4n
|j|☆574RM4N
|t:|1721708856
|gametype|singles
|player|p1|24r4n|170|1324
|player|p2|574RM4N|morty|1410
|teamsize|p1|6
|teamsize|p2|6
|gen|5
|tier|[Gen 5] OU
|rated|
|rule|Species Clause: Limit one of each Pokémon
|rule|OHKO Clause: OHKO moves are banned
|rule|Moody Clause: Moody is banned
|rule|Evasion Items Clause: Evasion items are banned
|rule|Evasion Moves Clause: Evasion moves are banned
|rule|Endless Battle Clause: Forcing endless battles is banned
|rule|HP Percentage Mod: HP is shown in percentages
|rule|Evasion Abilities Clause: Evasion abilities are banned
|rule|Sleep Moves Clause: Sleep-inducing moves are banned
|rule|Swagger Clause: Swagger is banned
|rule|Baton Pass Stat Clause: No Baton Passer may have a way to boost its stats
|clearpoke
|poke|p1|Garchomp, F|item
|poke|p1|Volcarona, F|item
|poke|p1|Dragonite, M|item
|poke|p1|Breloom, F|item
|poke|p1|Starmie|item
|poke|p1|Scizor, M|item
|poke|p2|Gyarados, F|item
|poke|p2|Rotom-Wash|item
|poke|p2|Hippowdon, F|item
|poke|p2|Ferrothorn, M|item
|poke|p2|Excadrill, F|item
|poke|p2|Reuniclus, F|item
|teampreview
|inactive|Battle timer is ON: inactive players will automatically lose when time's up. (requested by 24r4n)
|
|t:|1721708876
|start
|switch|p1a: Garchomp|Garchomp, F|100/100
|switch|p2a: Rotom|Rotom-Wash|100/100
|turn|1
|
|t:|1721708883
|move|p1a: Garchomp|Stealth Rock|p2a: Rotom
|-sidestart|p2: 574RM4N|move: Stealth Rock
|move|p2a: Rotom|Will-O-Wisp|p1a: Garchomp
|-status|p1a: Garchomp|brn
|
|-damage|p1a: Garchomp|88/100 brn|[from] brn
|upkeep
|turn|2
|
|t:|1721708895
|switch|p2a: Gyarados|Gyarados, F|100/100
|-damage|p2a: Gyarados|76/100|[from] Stealth Rock
|-ability|p2a: Gyarados|Intimidate|boost
|-unboost|p1a: Garchomp|atk|1
|move|p1a: Garchomp|Swords Dance|p1a: Garchomp
|-boost|p1a: Garchomp|atk|2
|
|-heal|p2a: Gyarados|82/100|[from] item: Leftovers
|-damage|p1a: Garchomp|76/100 brn|[from] brn
|upkeep
|turn|3
|
|t:|1721708914
|switch|p1a: Starmie|Starmie|100/100
|-item|p1a: Starmie|Air Balloon
|move|p2a: Gyarados|Dragon Dance|p2a: Gyarados
|-boost|p2a: Gyarados|atk|1
|-boost|p2a: Gyarados|spe|1
|
|-heal|p2a: Gyarados|88/100|[from] item: Leftovers
|upkeep
|turn|4
|
|t:|1721708924
|move|p2a: Gyarados|Bounce||[still]
|-prepare|p2a: Gyarados|Bounce
|move|p1a: Starmie|Thunderbolt|p2a: Gyarados|[miss]
|-miss|p1a: Starmie|p2a: Gyarados
|
|-heal|p2a: Gyarados|94/100|[from] item: Leftovers
|upkeep
|turn|5
|
|t:|1721708943
|move|p2a: Gyarados|Bounce|p1a: Starmie|[from]lockedmove
|-damage|p1a: Starmie|0 fnt
|-enditem|p1a: Starmie|Air Balloon
|faint|p1a: Starmie
|
|-heal|p2a: Gyarados|100/100|[from] item: Leftovers
|upkeep
|
|t:|1721708958
|switch|p1a: Dragonite|Dragonite, M|100/100
|turn|6
|
|t:|1721708964
|move|p2a: Gyarados|Waterfall|p1a: Dragonite
|-resisted|p1a: Dragonite
|-damage|p1a: Dragonite|85/100
|move|p1a: Dragonite|Dragon Dance|p1a: Dragonite
|-boost|p1a: Dragonite|atk|1
|-boost|p1a: Dragonite|spe|1
|
|upkeep
|turn|7
|
|t:|1721708972
|move|p2a: Gyarados|Bounce||[still]
|-prepare|p2a: Gyarados|Bounce
|move|p1a: Dragonite|Outrage|p2a: Gyarados|[miss]
|-miss|p1a: Dragonite|p2a: Gyarados
|
|upkeep
|turn|8
|
|t:|1721708978
|move|p2a: Gyarados|Bounce|p1a: Dragonite|[from]lockedmove
|-damage|p1a: Dragonite|9/100
|move|p1a: Dragonite|Dragon Dance|p1a: Dragonite
|-boost|p1a: Dragonite|atk|1
|-boost|p1a: Dragonite|spe|1
|
|upkeep
|turn|9
|
|t:|1721708984
|switch|p2a: Ferrothorn|Ferrothorn, M|100/100
|-damage|p2a: Ferrothorn|94/100|[from] Stealth Rock
|move|p1a: Dragonite|Outrage|p2a: Ferrothorn
|-resisted|p2a: Ferrothorn
|-damage|p2a: Ferrothorn|38/100
|-damage|p1a: Dragonite|0 fnt|[from] ability: Iron Barbs|[of] p2a: Ferrothorn
|faint|p1a: Dragonite
|
|-heal|p2a: Ferrothorn|44/100|[from] item: Leftovers
|upkeep
|
|t:|1721708997
|switch|p1a: Volcarona|Volcarona, F|100/100
|turn|10
|
|t:|1721709001
|switch|p2a: Gyarados|Gyarados, F|100/100
|-damage|p2a: Gyarados|76/100|[from] Stealth Rock
|-ability|p2a: Gyarados|Intimidate|boost
|-unboost|p1a: Volcarona|atk|1
|move|p1a: Volcarona|Quiver Dance|p1a: Volcarona
|-boost|p1a: Volcarona|spa|1
|-boost|p1a: Volcarona|spd|1
|-boost|p1a: Volcarona|spe|1
|
|-heal|p2a: Gyarados|82/100|[from] item: Leftovers
|upkeep
|turn|11
|
|t:|1721709012
|move|p1a: Volcarona|Psychic|p2a: Gyarados
|-damage|p2a: Gyarados|36/100
|move|p2a: Gyarados|Waterfall|p1a: Volcarona
|-supereffective|p1a: Volcarona
|-damage|p1a: Volcarona|0 fnt
|faint|p1a: Volcarona
|
|-heal|p2a: Gyarados|42/100|[from] item: Leftovers
|upkeep
|
|t:|1721709022
|switch|p1a: Scizor|Scizor, M|100/100
|turn|12
|
|t:|1721709026
|move|p2a: Gyarados|Waterfall|p1a: Scizor
|-damage|p1a: Scizor|53/100
|move|p1a: Scizor|Swords Dance|p1a: Scizor
|-boost|p1a: Scizor|atk|2
|
|-heal|p2a: Gyarados|49/100|[from] item: Leftovers
|upkeep
|turn|13
|
|t:|1721709034
|move|p1a: Scizor|Bullet Punch|p2a: Gyarados
|-resisted|p2a: Gyarados
|-damage|p2a: Gyarados|0 fnt
|faint|p2a: Gyarados
|-damage|p1a: Scizor|43/100|[from] item: Life Orb
|
|upkeep
|
|t:|1721709045
|switch|p2a: Excadrill|Excadrill, F|100/100
|-damage|p2a: Excadrill|97/100|[from] Stealth Rock
|turn|14
|
|t:|1721709066
|move|p2a: Excadrill|Earthquake|p1a: Scizor
|-damage|p1a: Scizor|0 fnt
|faint|p1a: Scizor
|
|upkeep
|
|t:|1721709072
|switch|p1a: Breloom|Breloom, F|100/100
|turn|15
|
|t:|1721709080
|move|p1a: Breloom|Mach Punch|p2a: Excadrill
|-supereffective|p2a: Excadrill
|-damage|p2a: Excadrill|0 fnt
|faint|p2a: Excadrill
|
|upkeep
|
|t:|1721709082
|switch|p2a: Reuniclus|Reuniclus, F|100/100
|turn|16
|
|t:|1721709088
|move|p1a: Breloom|Bullet Seed|p2a: Reuniclus
|-damage|p2a: Reuniclus|85/100
|-crit|p2a: Reuniclus
|-damage|p2a: Reuniclus|54/100
|-crit|p2a: Reuniclus
|-damage|p2a: Reuniclus|26/100
|-damage|p2a: Reuniclus|12/100
|-damage|p2a: Reuniclus|0 fnt
|faint|p2a: Reuniclus
|-hitcount|p2: Reuniclus|5
|
|upkeep
|c|☆574RM4N|wtf
|c|☆574RM4N|???????????
|c|☆24r4n|Lol, I can't believe it
|
|t:|1721709116
|switch|p2a: Ferrothorn|Ferrothorn, M|44/100
|-damage|p2a: Ferrothorn|38/100|[from] Stealth Rock
|turn|17
|c|☆24r4n|I will have to run the calc on that
|
|t:|1721709141
|switch|p1a: Garchomp|Garchomp, F|76/100 brn
|move|p2a: Ferrothorn|Gyro Ball|p1a: Garchomp
|-damage|p1a: Garchomp|31/100 brn
|-damage|p2a: Ferrothorn|25/100|[from] ability: Rough Skin|[of] p1a: Garchomp
|
|-heal|p2a: Ferrothorn|32/100|[from] item: Leftovers
|-damage|p1a: Garchomp|19/100 brn|[from] brn
|upkeep
|turn|18
|
|t:|1721709151
|switch|p2a: Hippowdon|Hippowdon, F|100/100
|-damage|p2a: Hippowdon|94/100|[from] Stealth Rock
|-weather|Sandstorm|[from] ability: Sand Stream|[of] p2a: Hippowdon
|move|p1a: Garchomp|Outrage|p2a: Hippowdon
|-damage|p2a: Hippowdon|74/100
|
|-weather|Sandstorm|[upkeep]
|-heal|p2a: Hippowdon|80/100|[from] item: Leftovers
|-damage|p1a: Garchomp|6/100 brn|[from] brn
|upkeep
|turn|19
|
|t:|1721709164
|move|p1a: Garchomp|Outrage|p2a: Hippowdon|[from]lockedmove
|-crit|p2a: Hippowdon
|-damage|p2a: Hippowdon|35/100
|-start|p1a: Garchomp|confusion|[fatigue]
|move|p2a: Hippowdon|Stealth Rock|p1a: Garchomp
|-sidestart|p1: 24r4n|move: Stealth Rock
|
|-weather|Sandstorm|[upkeep]
|-heal|p2a: Hippowdon|41/100|[from] item: Leftovers
|-damage|p1a: Garchomp|0 fnt|[from] brn
|faint|p1a: Garchomp
|upkeep
|inactive|24r4n has 120 seconds left.
|
|t:|1721709176
|switch|p1a: Breloom|Breloom, F|100/100
|-damage|p1a: Breloom|94/100|[from] Stealth Rock
|turn|20
|
|t:|1721709184
|move|p1a: Breloom|Low Sweep|p2a: Hippowdon
|-damage|p2a: Hippowdon|6/100
|-unboost|p2a: Hippowdon|spe|1
|move|p2a: Hippowdon|Earthquake|p1a: Breloom
|-resisted|p1a: Breloom
|-damage|p1a: Breloom|65/100
|
|-weather|Sandstorm|[upkeep]
|-damage|p1a: Breloom|59/100|[from] Sandstorm
|-heal|p2a: Hippowdon|12/100|[from] item: Leftovers
|upkeep
|turn|21
|inactive|24r4n has 120 seconds left.
|
|t:|1721709200
|move|p1a: Breloom|Bullet Seed|p2a: Hippowdon
|-supereffective|p2a: Hippowdon
|-damage|p2a: Hippowdon|0 fnt
|faint|p2a: Hippowdon
|-hitcount|p2: Hippowdon|1
|
|-weather|Sandstorm|[upkeep]
|-damage|p1a: Breloom|52/100|[from] Sandstorm
|upkeep
|
|t:|1721709208
|switch|p2a: Rotom|Rotom-Wash|100/100
|-damage|p2a: Rotom|88/100|[from] Stealth Rock
|turn|22
|
|t:|1721709212
|move|p1a: Breloom|Bullet Seed|p2a: Rotom
|-supereffective|p2a: Rotom
|-damage|p2a: Rotom|56/100
|-supereffective|p2a: Rotom
|-damage|p2a: Rotom|22/100
|-supereffective|p2a: Rotom
|-damage|p2a: Rotom|0 fnt
|faint|p2a: Rotom
|-hitcount|p2: Rotom|3
|
|-weather|Sandstorm|[upkeep]
|-damage|p1a: Breloom|46/100|[from] Sandstorm
|upkeep
|
|t:|1721709214
|switch|p2a: Ferrothorn|Ferrothorn, M|32/100
|-damage|p2a: Ferrothorn|25/100|[from] Stealth Rock
|turn|23
|
|t:|1721709226
|move|p1a: Breloom|Mach Punch|p2a: Ferrothorn
|-supereffective|p2a: Ferrothorn
|-damage|p2a: Ferrothorn|0 fnt
|-damage|p1a: Breloom|34/100|[from] ability: Iron Barbs|[of] p2a: Ferrothorn
|faint|p2a: Ferrothorn
|
|win|24r4n
|raw|24r4n's rating: 1324 &rarr; <strong>1349</strong><br />(+25 for winning)
|raw|574RM4N's rating: 1410 &rarr; <strong>1385</strong><br />(-25 for losing)
|c|☆574RM4N|rlly lost to a double crit 5 hit huh
|c|☆574RM4N|thats a first
|c|☆24r4n|Yeah, Most rng thing ever
|c|☆24r4n|You deserved the w tbh
|c|☆24r4n|Ggs
|c|☆574RM4N|ggs
