|j|☆Yoloboy9000
|j|‽Liam ☉ Nee-san
|player|p1|Yoloboy9000|170|1535
|player|p2|Liam ☉ Nee-san|10|1433
|teamsize|p1|6
|teamsize|p2|6
|gametype|singles
|gen|5
|tier|[Gen 5] OU
|rated|
|clearpoke
|poke|p1|Tyranitar, M|item
|poke|p1|Magnezone|item
|poke|p1|Terrakion|item
|poke|p1|Latios, M|item
|poke|p1|Scizor, F|item
|poke|p1|Landorus-Therian, M|item
|poke|p2|Landorus-Therian, M|item
|poke|p2|Ferrothorn, F|item
|poke|p2|Jellicent, F|item
|poke|p2|Jirachi|item
|poke|p2|Alakazam, M|item
|poke|p2|Tyranitar, F|item
|rule|Species Clause: Limit one of each Pokémon
|rule|OHKO Clause: OHKO moves are banned
|rule|Moody Clause: Moody is banned
|rule|Evasion Moves Clause: Evasion moves are banned
|rule|Endless Battle Clause: Forcing endless battles is banned
|rule|HP Percentage Mod: HP is shown in percentages
|rule|Evasion Abilities Clause: Evasion abilities are banned
|rule|Baton Pass Clause: Limit one Baton Passer, can't pass Spe and other stats simultaneously
|rule|Sleep Clause: Sleep-inducing moves are banned
|rule|Swagger Clause: Swagger is banned
|teampreview
|
|start
|switch|p1a: Bron Bron|Landorus-Therian, M|100/100
|switch|p2a: Landorus|Landorus-Therian, M|100/100
|-ability|p1a: Bron Bron|Intimidate|boost
|-unboost|p2a: Landorus|atk|1
|-ability|p2a: Landorus|Intimidate|boost
|-unboost|p1a: Bron Bron|atk|1
|turn|1
|inactive|Battle timer is ON: inactive players will automatically lose when time's up. (requested by Liam ☉ Nee-san)
|
|move|p1a: Bron Bron|Hidden Power|p2a: Landorus
|-supereffective|p2a: Landorus
|-damage|p2a: Landorus|13/100
|move|p2a: Landorus|Hidden Power|p1a: Bron Bron
|-supereffective|p1a: Bron Bron
|-damage|p1a: Bron Bron|15/100
|
|-heal|p2a: Landorus|19/100|[from] item: Leftovers
|upkeep
|turn|2
|
|switch|p2a: Ferrothorn|Ferrothorn, F|100/100
|move|p1a: Bron Bron|U-turn|p2a: Ferrothorn
|-damage|p2a: Ferrothorn|86/100
|-damage|p1a: Bron Bron|2/100|[from] ability: Iron Barbs|[of] p2a: Ferrothorn
|
|switch|p1a: Ray Allen|Magnezone|100/100|[from]move: U-turn
|
|-heal|p2a: Ferrothorn|93/100|[from] item: Leftovers
|upkeep
|turn|3
|c|☆Yoloboy9000|Sorry
|c|☆Yoloboy9000|Gg agian
|c|☆Yoloboy9000|U can leave now
|
|move|p1a: Ray Allen|Substitute|p1a: Ray Allen
|-start|p1a: Ray Allen|Substitute
|-damage|p1a: Ray Allen|76/100
|move|p2a: Ferrothorn|Spikes|p1a: Ray Allen
|-sidestart|p1: Yoloboy9000|Spikes
|
|-heal|p1a: Ray Allen|82/100|[from] item: Leftovers
|-heal|p2a: Ferrothorn|99/100|[from] item: Leftovers
|upkeep
|turn|4
|
|move|p1a: Ray Allen|Charge Beam|p2a: Ferrothorn
|-resisted|p2a: Ferrothorn
|-damage|p2a: Ferrothorn|91/100
|move|p2a: Ferrothorn|Spikes|p1a: Ray Allen
|-sidestart|p1: Yoloboy9000|Spikes
|
|-heal|p1a: Ray Allen|88/100|[from] item: Leftovers
|-heal|p2a: Ferrothorn|97/100|[from] item: Leftovers
|upkeep
|turn|5
|
|move|p1a: Ray Allen|Charge Beam|p2a: Ferrothorn
|-resisted|p2a: Ferrothorn
|-damage|p2a: Ferrothorn|88/100
|-boost|p1a: Ray Allen|spa|1
|move|p2a: Ferrothorn|Spikes|p1a: Ray Allen
|-sidestart|p1: Yoloboy9000|Spikes
|
|-heal|p1a: Ray Allen|94/100|[from] item: Leftovers
|-heal|p2a: Ferrothorn|94/100|[from] item: Leftovers
|upkeep
|turn|6
|
|move|p1a: Ray Allen|Charge Beam|p2a: Ferrothorn
|-resisted|p2a: Ferrothorn
|-damage|p2a: Ferrothorn|82/100
|move|p2a: Ferrothorn|Spikes||[still]
|-fail|p2a: Ferrothorn
|
|-heal|p1a: Ray Allen|99/100|[from] item: Leftovers
|-heal|p2a: Ferrothorn|88/100|[from] item: Leftovers
|upkeep
|turn|7
|
|move|p1a: Ray Allen|Charge Beam|p2a: Ferrothorn
|-resisted|p2a: Ferrothorn
|-damage|p2a: Ferrothorn|75/100
|move|p2a: Ferrothorn|Knock Off|p1a: Ray Allen
|-resisted|p1a: Ray Allen
|-activate|p1a: Ray Allen|Substitute|[damage]
|
|-heal|p1a: Ray Allen|100/100|[from] item: Leftovers
|-heal|p2a: Ferrothorn|81/100|[from] item: Leftovers
|upkeep
|turn|8
|
|move|p1a: Ray Allen|Charge Beam|p2a: Ferrothorn|[miss]
|-miss|p1a: Ray Allen|p2a: Ferrothorn
|move|p2a: Ferrothorn|Knock Off|p1a: Ray Allen
|-resisted|p1a: Ray Allen
|-activate|p1a: Ray Allen|Substitute|[damage]
|
|-heal|p2a: Ferrothorn|88/100|[from] item: Leftovers
|upkeep
|turn|9
|
|move|p1a: Ray Allen|Charge Beam|p2a: Ferrothorn
|-resisted|p2a: Ferrothorn
|-damage|p2a: Ferrothorn|75/100
|-boost|p1a: Ray Allen|spa|1
|move|p2a: Ferrothorn|Knock Off|p1a: Ray Allen
|-resisted|p1a: Ray Allen
|-activate|p1a: Ray Allen|Substitute|[damage]
|
|-heal|p2a: Ferrothorn|81/100|[from] item: Leftovers
|upkeep
|turn|10
|
|move|p1a: Ray Allen|Charge Beam|p2a: Ferrothorn
|-resisted|p2a: Ferrothorn
|-damage|p2a: Ferrothorn|65/100
|-boost|p1a: Ray Allen|spa|1
|move|p2a: Ferrothorn|Knock Off|p1a: Ray Allen
|-resisted|p1a: Ray Allen
|-activate|p1a: Ray Allen|Substitute|[damage]
|
|-heal|p2a: Ferrothorn|71/100|[from] item: Leftovers
|upkeep
|turn|11
|
|move|p1a: Ray Allen|Charge Beam|p2a: Ferrothorn
|-resisted|p2a: Ferrothorn
|-damage|p2a: Ferrothorn|50/100
|move|p2a: Ferrothorn|Knock Off|p1a: Ray Allen
|-resisted|p1a: Ray Allen
|-activate|p1a: Ray Allen|Substitute|[damage]
|
|-heal|p2a: Ferrothorn|56/100|[from] item: Leftovers
|upkeep
|turn|12
|
|move|p1a: Ray Allen|Charge Beam|p2a: Ferrothorn
|-resisted|p2a: Ferrothorn
|-damage|p2a: Ferrothorn|33/100
|-boost|p1a: Ray Allen|spa|1
|move|p2a: Ferrothorn|Knock Off|p1a: Ray Allen
|-resisted|p1a: Ray Allen
|-activate|p1a: Ray Allen|Substitute|[damage]
|
|-heal|p2a: Ferrothorn|40/100|[from] item: Leftovers
|upkeep
|turn|13
|
|move|p1a: Ray Allen|Charge Beam|p2a: Ferrothorn
|-resisted|p2a: Ferrothorn
|-damage|p2a: Ferrothorn|15/100
|-boost|p1a: Ray Allen|spa|1
|move|p2a: Ferrothorn|Knock Off|p1a: Ray Allen
|-resisted|p1a: Ray Allen
|-crit|p1a: Ray Allen
|-activate|p1a: Ray Allen|Substitute|[damage]
|
|-heal|p2a: Ferrothorn|22/100|[from] item: Leftovers
|upkeep
|turn|14
|
|move|p1a: Ray Allen|Charge Beam|p2a: Ferrothorn
|-resisted|p2a: Ferrothorn
|-damage|p2a: Ferrothorn|0 fnt
|-boost|p1a: Ray Allen|spa|1
|faint|p2a: Ferrothorn
|
|upkeep
|
|switch|p2a: Alakazam|Alakazam, M|100/100
|turn|15
|
|move|p2a: Alakazam|Focus Blast|p1a: Ray Allen|[miss]
|-miss|p2a: Alakazam|p1a: Ray Allen
|move|p1a: Ray Allen|Flash Cannon|p2a: Alakazam
|-enditem|p2a: Alakazam|Focus Sash
|-damage|p2a: Alakazam|1/100
|-unboost|p2a: Alakazam|spd|1
|
|upkeep
|turn|16
|inactive|Liam ☉ Nee-san has 120 seconds left.
|c|☆Yoloboy9000|U still wanna play this oit?
|
|move|p2a: Alakazam|Focus Blast|p1a: Ray Allen
|-supereffective|p1a: Ray Allen
|-end|p1a: Ray Allen|Substitute
|move|p1a: Ray Allen|Flash Cannon|p2a: Alakazam
|-damage|p2a: Alakazam|0 fnt
|faint|p2a: Alakazam
|
|upkeep
|
|switch|p2a: Tyranitar|Tyranitar, F|100/100
|-weather|Sandstorm|[from] ability: Sand Stream|[of] p2a: Tyranitar
|turn|17
|
|move|p2a: Tyranitar|Fire Blast|p1a: Ray Allen
|-supereffective|p1a: Ray Allen
|-damage|p1a: Ray Allen|25/100
|move|p1a: Ray Allen|Flash Cannon|p2a: Tyranitar
|-supereffective|p2a: Tyranitar
|-damage|p2a: Tyranitar|0 fnt
|faint|p2a: Tyranitar
|
|-weather|Sandstorm|[upkeep]
|-heal|p1a: Ray Allen|31/100|[from] item: Leftovers
|upkeep
|
|switch|p2a: Jirachi|Jirachi|100/100
|turn|18
|
|move|p2a: Jirachi|Body Slam|p1a: Ray Allen
|-resisted|p1a: Ray Allen
|-damage|p1a: Ray Allen|20/100
|-status|p1a: Ray Allen|par
|move|p1a: Ray Allen|Hidden Power|p2a: Jirachi
|-supereffective|p2a: Jirachi
|-damage|p2a: Jirachi|0 fnt
|faint|p2a: Jirachi
|
|-weather|Sandstorm|[upkeep]
|-heal|p1a: Ray Allen|26/100 par|[from] item: Leftovers
|upkeep
|
|switch|p2a: Landorus|Landorus-Therian, M|19/100
|-ability|p2a: Landorus|Intimidate|boost
|-unboost|p1a: Ray Allen|atk|1
|turn|19
|
|switch|p1a: Bosh|Latios, M, shiny|100/100
|move|p2a: Landorus|Stealth Rock|p1a: Bosh
|-sidestart|p1: Yoloboy9000|move: Stealth Rock
|
|-weather|Sandstorm|[upkeep]
|-damage|p1a: Bosh|95/100|[from] Sandstorm
|-heal|p2a: Landorus|25/100|[from] item: Leftovers
|upkeep
|turn|20
|
|move|p1a: Bosh|Psyshock|p2a: Landorus
|-damage|p2a: Landorus|0 fnt
|faint|p2a: Landorus
|
|-weather|Sandstorm|[upkeep]
|-damage|p1a: Bosh|89/100|[from] Sandstorm
|upkeep
|
|switch|p2a: Jellicent|Jellicent, F|100/100
|turn|21
|
|move|p1a: Bosh|Energy Ball|p2a: Jellicent
|-supereffective|p2a: Jellicent
|-damage|p2a: Jellicent|50/100
|move|p2a: Jellicent|Toxic|p1a: Bosh
|-status|p1a: Bosh|tox
|
|-weather|Sandstorm|[upkeep]
|-damage|p1a: Bosh|83/100 tox|[from] Sandstorm
|-damage|p2a: Jellicent|44/100|[from] Sandstorm
|-heal|p2a: Jellicent|50/100|[from] item: Leftovers
|-damage|p1a: Bosh|77/100 tox|[from] psn
|upkeep
|turn|22
|
|move|p1a: Bosh|Energy Ball|p2a: Jellicent
|-supereffective|p2a: Jellicent
|-damage|p2a: Jellicent|0 fnt
|faint|p2a: Jellicent
|
|win|Yoloboy9000
|l|‽Liam ☉ Nee-san
|raw|Yoloboy9000's rating: 1535 &rarr; <strong>1549</strong><br />(+14 for winning)
|raw|Liam ☉ Nee-san's rating: 1433 &rarr; <strong>1419</strong><br />(-14 for losing)
