|j|One-TeD
|j|zorbees
|player|p1|One-TeD|168
|teamsize|p1|6
|player|p2|zorbees|266
|teamsize|p2|6
|gametype|singles
|gen|5
|tier|[Gen 5] OU
|rated
|seed|40220,14883,40722,50147
|rule|Evasion Abilities Clause: Evasion abilities are banned
|rule|Baton Pass Clause: Limit one Baton Passer, can't pass Spe and other stats simultaneously
|rule|Swagger Clause: Swagger is banned
|clearpoke
|poke|p1|Ninetales, F|item
|poke|p1|Chansey, F|item
|poke|p1|Cresselia, F, shiny|item
|poke|p1|Dugtrio, F|item
|poke|p1|Heatran, F|item
|poke|p1|Forretress, M|item
|poke|p2|Breloom, F|item
|poke|p2|Skarmory, M|item
|poke|p2|Tyranitar, F|item
|poke|p2|Jellicent, F|item
|poke|p2|Landorus-Therian, M|item
|poke|p2|Alakazam, M|item
|rule|Sleep Clause Mod: Limit one foe put to sleep
|rule|Species Clause: Limit one of each Pokémon
|rule|OHKO Clause: OHKO moves are banned
|rule|Moody Clause: Moody is banned
|rule|Evasion Moves Clause: Evasion moves are banned
|rule|Endless Battle Clause: Forcing endless battles is banned
|rule|HP Percentage Mod: HP is shown in percentages
|teampreview
|inactive|Battle timer is ON: inactive players will automatically lose when time's up. (requested by zorbees)
|choice|team 3, team 2, team 1, team 4, team 5, team 6|team 5, team 2, team 3, team 4, team 1, team 6
|
|start
|switch|p1a: Cresselia|Cresselia, F, shiny|443/443
|switch|p2a: Landorus|Landorus-Therian, M|319/319
|-ability|p2a: Landorus|Intimidate|boost
|-unboost|p1a: Cresselia|atk|1
|turn|1
|j|candecandecande
|l|candecandecande
|choice|move icebeam|move uturn
|
|move|p2a: Landorus|U-turn|p1a: Cresselia
|-supereffective|p1a: Cresselia
|-damage|p1a: Cresselia|327/443
|choice||switch 3
|
|switch|p2a: Tyranitar|Tyranitar, F|404/404
|-weather|Sandstorm|[from] ability: Sand Stream|[of] p2a: Tyranitar
|move|p1a: Cresselia|Ice Beam|p2a: Tyranitar
|-damage|p2a: Tyranitar|370/404
|
|-weather|Sandstorm|[upkeep]
|-damage|p1a: Cresselia|300/443|[from] sandstorm
|-heal|p1a: Cresselia|327/443|[from] item: Leftovers
|upkeep
|turn|2
|choice|switch 4|switch 5
|
|switch|p1a: Dugtrio|Dugtrio, F|211/211
|switch|p2a: Breloom|Breloom, F|320/320
|
|-weather|Sandstorm|[upkeep]
|-damage|p2a: Breloom|300/320|[from] sandstorm
|-status|p2a: Breloom|tox|[from] item: Toxic Orb
|upkeep
|turn|3
|choice|switch 6|move leechseed
|
|switch|p1a: Forretress|Forretress, M|354/354
|move|p2a: Breloom|Leech Seed|p1a: Forretress
|-start|p1a: Forretress|move: Leech Seed
|
|-weather|Sandstorm|[upkeep]
|-damage|p2a: Breloom|280/320 tox|[from] sandstorm
|-damage|p1a: Forretress|310/354|[from] Leech Seed|[of] p2a: Breloom
|-heal|p2a: Breloom|320/320 tox|[silent]
|upkeep
|turn|4
|choice|move spikes|switch 4
|
|switch|p2a: Jellicent|Jellicent, F|403/403
|move|p1a: Forretress|Spikes|p2a: Jellicent
|-sidestart|p2: zorbees|Spikes
|
|-weather|Sandstorm|[upkeep]
|-damage|p2a: Jellicent|378/403|[from] sandstorm
|-heal|p2a: Jellicent|403/403|[from] item: Leftovers
|-heal|p1a: Forretress|332/354|[from] item: Leftovers
|-damage|p1a: Forretress|288/354|[from] Leech Seed|[of] p2a: Jellicent
|upkeep
|turn|5
|choice|switch 3|move taunt
|
|switch|p1a: Ninetales|Ninetales, F|350/350
|-weather|SunnyDay|[from] ability: Drought|[of] p1a: Ninetales
|move|p2a: Jellicent|Taunt|p1a: Ninetales
|-start|p1a: Ninetales|move: Taunt
|
|-weather|SunnyDay|[upkeep]
|upkeep
|turn|6
|choice|move energyball|switch 5
|
|switch|p2a: Tyranitar|Tyranitar, F|370/404
|-damage|p2a: Tyranitar|320/404|[from] Spikes
|-weather|Sandstorm|[from] ability: Sand Stream|[of] p2a: Tyranitar
|move|p1a: Ninetales|Energy Ball|p2a: Tyranitar
|-supereffective|p2a: Tyranitar
|-damage|p2a: Tyranitar|264/404
|
|-weather|Sandstorm|[upkeep]
|-damage|p1a: Ninetales|329/350|[from] sandstorm
|-heal|p1a: Ninetales|350/350|[from] item: Leftovers
|upkeep
|turn|7
|choice|switch 6|move stealthrock
|
|switch|p1a: Dugtrio|Dugtrio, F|211/211
|move|p2a: Tyranitar|Stealth Rock|p1a: Dugtrio
|-sidestart|p1: One-TeD|move: Stealth Rock
|
|-weather|Sandstorm|[upkeep]
|upkeep
|turn|8
|choice|move stealthrock|move pursuit
|
|move|p1a: Dugtrio|Stealth Rock|p2a: Tyranitar
|-sidestart|p2: zorbees|move: Stealth Rock
|move|p2a: Tyranitar|Pursuit|p1a: Dugtrio
|-damage|p1a: Dugtrio|91/211
|
|-weather|Sandstorm|[upkeep]
|upkeep
|turn|9
|choice|move earthquake|move pursuit
|
|move|p1a: Dugtrio|Earthquake|p2a: Tyranitar
|-supereffective|p2a: Tyranitar
|-damage|p2a: Tyranitar|18/404
|move|p2a: Tyranitar|Pursuit|p1a: Dugtrio
|-damage|p1a: Dugtrio|0 fnt
|faint|p1a: Dugtrio
|
|-weather|Sandstorm|[upkeep]
|upkeep
|choice|switch 6|
|
|switch|p1a: Ninetales|Ninetales, F|350/350
|-damage|p1a: Ninetales|263/350|[from] Stealth Rock
|-weather|SunnyDay|[from] ability: Drought|[of] p1a: Ninetales
|turn|10
|choice|move energyball|switch 5
|
|switch|p2a: Jellicent|Jellicent, F|403/403
|-damage|p2a: Jellicent|353/403|[from] Spikes
|-damage|p2a: Jellicent|303/403|[from] Stealth Rock
|move|p1a: Ninetales|Energy Ball|p2a: Jellicent
|-supereffective|p2a: Jellicent
|-damage|p2a: Jellicent|197/403
|
|-weather|SunnyDay|[upkeep]
|-heal|p1a: Ninetales|284/350|[from] item: Leftovers
|-heal|p2a: Jellicent|222/403|[from] item: Leftovers
|upkeep
|turn|11
|choice|move willowisp|move recover
|
|move|p1a: Ninetales|Will-O-Wisp|p2a: Jellicent
|-status|p2a: Jellicent|brn
|move|p2a: Jellicent|Recover|p2a: Jellicent
|-heal|p2a: Jellicent|403/403 brn
|
|-weather|SunnyDay|[upkeep]
|-heal|p1a: Ninetales|305/350|[from] item: Leftovers
|-damage|p2a: Jellicent|353/403 brn|[from] brn
|upkeep
|turn|12
|choice|move energyball|move shadowball
|
|move|p1a: Ninetales|Energy Ball|p2a: Jellicent
|-supereffective|p2a: Jellicent
|-damage|p2a: Jellicent|259/403 brn
|move|p2a: Jellicent|Shadow Ball|p1a: Ninetales
|-damage|p1a: Ninetales|232/350
|
|-weather|SunnyDay|[upkeep]
|-heal|p1a: Ninetales|253/350|[from] item: Leftovers
|-heal|p2a: Jellicent|284/403 brn|[from] item: Leftovers
|-damage|p2a: Jellicent|234/403 brn|[from] brn
|upkeep
|turn|13
|choice|move energyball|switch 3
|
|switch|p2a: Landorus|Landorus-Therian, M|319/319
|-damage|p2a: Landorus|280/319|[from] Stealth Rock
|-ability|p2a: Landorus|Intimidate|boost
|-unboost|p1a: Ninetales|atk|1
|move|p1a: Ninetales|Energy Ball|p2a: Landorus
|-damage|p2a: Landorus|207/319
|
|-weather|SunnyDay|[upkeep]
|-heal|p1a: Ninetales|274/350|[from] item: Leftovers
|upkeep
|turn|14
|choice|switch 3|move earthquake
|
|switch|p1a: Forretress|Forretress, M|288/354
|-damage|p1a: Forretress|244/354|[from] Stealth Rock
|move|p2a: Landorus|Earthquake|p1a: Forretress
|-damage|p1a: Forretress|133/354
|
|-weather|SunnyDay|[upkeep]
|-heal|p1a: Forretress|155/354|[from] item: Leftovers
|upkeep
|turn|15
|j|imverybadatdisgaym
|l|imverybadatdisgaym
|choice|move voltswitch|move earthquake
|
|move|p2a: Landorus|Earthquake|p1a: Forretress
|-damage|p1a: Forretress|37/354
|move|p1a: Forretress|Volt Switch|p2a: Landorus
|-immune|p2a: Landorus|[msg]
|
|-weather|SunnyDay|[upkeep]
|-heal|p1a: Forretress|59/354|[from] item: Leftovers
|upkeep
|turn|16
|choice|switch 4|move earthquake
|
|switch|p1a: Cresselia|Cresselia, F, shiny|327/443
|-damage|p1a: Cresselia|272/443|[from] Stealth Rock
|move|p2a: Landorus|Earthquake|p1a: Cresselia
|-immune|p1a: Cresselia|[msg]|[from] ability: Levitate
|
|-weather|SunnyDay|[upkeep]
|-heal|p1a: Cresselia|299/443|[from] item: Leftovers
|upkeep
|turn|17
|choice|move moonlight|switch 2
|
|switch|p2a: Skarmory|Skarmory, M|327/327
|-damage|p2a: Skarmory|287/327|[from] Stealth Rock
|move|p1a: Cresselia|Moonlight|p1a: Cresselia
|-heal|p1a: Cresselia|443/443
|
|-weather|SunnyDay|[upkeep]
|-heal|p2a: Skarmory|307/327|[from] item: Leftovers
|upkeep
|turn|18
|choice|switch 4|move spikes
|
|switch|p1a: Forretress|Forretress, M|59/354
|-damage|p1a: Forretress|15/354|[from] Stealth Rock
|move|p2a: Skarmory|Spikes|p1a: Forretress
|-sidestart|p1: One-TeD|Spikes
|
|-weather|SunnyDay|[upkeep]
|-heal|p2a: Skarmory|327/327|[from] item: Leftovers
|-heal|p1a: Forretress|37/354|[from] item: Leftovers
|upkeep
|turn|19
|choice|move rapidspin|move bravebird
|
|move|p2a: Skarmory|Brave Bird|p1a: Forretress
|-damage|p1a: Forretress|0 fnt
|-damage|p2a: Skarmory|315/327|[from] Recoil|[of] p1a: Forretress
|faint|p1a: Forretress
|
|-weather|SunnyDay|[upkeep]
|-heal|p2a: Skarmory|327/327|[from] item: Leftovers
|upkeep
|choice|switch 5|
|
|switch|p1a: Heatran|Heatran, F|323/323
|-damage|p1a: Heatran|283/323|[from] Stealth Rock
|-item|p1a: Heatran|Air Balloon
|turn|20
|choice|move magmastorm|move spikes
|
|move|p1a: Heatran|Magma Storm|p2a: Skarmory
|-supereffective|p2a: Skarmory
|-ability|p2a: Skarmory|Sturdy
|-damage|p2a: Skarmory|1/327
|-activate|p2a: Skarmory|move: Magma Storm|[of] p1a: Heatran
|move|p2a: Skarmory|Spikes|p1a: Heatran
|-sidestart|p1: One-TeD|Spikes
|
|-weather|SunnyDay|[upkeep]
|-heal|p2a: Skarmory|21/327|[from] item: Leftovers
|-damage|p2a: Skarmory|1/327|[from] move: Magma Storm|[partiallytrapped]
|upkeep
|turn|21
|choice|move solarbeam|move spikes
|
|move|p1a: Heatran|Solar Beam|p2a: Skarmory|[still]
|-prepare|p1a: Heatran|Solar Beam|p2a: Skarmory
|-anim|p1a: Heatran|Solar Beam|p2a: Skarmory
|-resisted|p2a: Skarmory
|-damage|p2a: Skarmory|0 fnt
|faint|p2a: Skarmory
|
|-weather|SunnyDay|[upkeep]
|upkeep
|choice||switch 2
|
|switch|p2a: Landorus|Landorus-Therian, M|207/319
|-damage|p2a: Landorus|168/319|[from] Stealth Rock
|-ability|p2a: Landorus|Intimidate|boost
|-unboost|p1a: Heatran|atk|1
|turn|22
|choice|move magmastorm|move uturn
|
|move|p2a: Landorus|U-turn|p1a: Heatran
|-resisted|p1a: Heatran
|-damage|p1a: Heatran|261/323
|-enditem|p1a: Heatran|Air Balloon
|choice||switch 5
|
|switch|p2a: Tyranitar|Tyranitar, F|18/404
|-damage|p2a: Tyranitar|0 fnt|[from] Stealth Rock
|faint|p2a: Tyranitar
|move|p1a: Heatran|Magma Storm|p2: Tyranitar|[notarget]
|-notarget
|
|-weather|SunnyDay|[upkeep]
|upkeep
|choice||switch 6
|
|switch|p2a: Alakazam|Alakazam, M|251/251
|turn|23
|choice|move magmastorm|move focusblast
|
|move|p2a: Alakazam|Focus Blast|p1a: Heatran|[miss]
|-miss|p2a: Alakazam|p1a: Heatran
|move|p1a: Heatran|Magma Storm|p2a: Alakazam|[miss]
|-miss|p1a: Heatran|p2a: Alakazam
|
|-weather|SunnyDay|[upkeep]
|upkeep
|turn|24
|choice|move magmastorm|move focusblast
|
|move|p2a: Alakazam|Focus Blast|p1a: Heatran
|-supereffective|p1a: Heatran
|-damage|p1a: Heatran|0 fnt
|faint|p1a: Heatran
|
|-weather|SunnyDay|[upkeep]
|upkeep
|choice|switch 4|
|
|switch|p1a: Cresselia|Cresselia, F, shiny|443/443
|-damage|p1a: Cresselia|388/443|[from] Stealth Rock
|turn|25
|choice|move calmmind|move shadowball
|
|move|p2a: Alakazam|Shadow Ball|p1a: Cresselia
|-supereffective|p1a: Cresselia
|-crit|p1a: Cresselia
|-damage|p1a: Cresselia|96/443
|move|p1a: Cresselia|Calm Mind|p1a: Cresselia
|-boost|p1a: Cresselia|spa|1
|-boost|p1a: Cresselia|spd|1
|
|-weather|SunnyDay|[upkeep]
|-heal|p1a: Cresselia|123/443|[from] item: Leftovers
|upkeep
|turn|26
|c|☆One-TeD|gg
|choice|move moonlight|move shadowball
|
|move|p2a: Alakazam|Shadow Ball|p1a: Cresselia
|-supereffective|p1a: Cresselia
|-damage|p1a: Cresselia|17/443
|move|p1a: Cresselia|Moonlight|p1a: Cresselia
|-heal|p1a: Cresselia|312/443
|
|-weather|SunnyDay|[upkeep]
|-heal|p1a: Cresselia|339/443|[from] item: Leftovers
|upkeep
|turn|27
|c|☆One-TeD|or not..
|choice|move icebeam|move encore
|
|move|p2a: Alakazam|Encore|p1a: Cresselia
|-start|p1a: Cresselia|Encore
|move|p1a: Cresselia|Moonlight|p1a: Cresselia
|-heal|p1a: Cresselia|443/443
|
|-weather|SunnyDay|[upkeep]
|upkeep
|turn|28
|choice|switch 2|switch 4
|
|switch|p2a: Breloom|Breloom, F|320/320 tox
|-damage|p2a: Breloom|280/320 tox|[from] Spikes
|-damage|p2a: Breloom|260/320 tox|[from] Stealth Rock
|switch|p1a: Chansey|Chansey, F|642/642
|-damage|p1a: Chansey|562/642|[from] Stealth Rock
|-damage|p1a: Chansey|455/642|[from] Spikes
|
|-weather|SunnyDay|[upkeep]
|-heal|p2a: Breloom|300/320 tox|[from] ability: Poison Heal
|upkeep
|turn|29
|choice|switch 3|move drainpunch
|
|switch|p1a: Ninetales|Ninetales, F|274/350
|-damage|p1a: Ninetales|216/350|[from] Spikes
|-damage|p1a: Ninetales|129/350|[from] Stealth Rock
|move|p2a: Breloom|Drain Punch|p1a: Ninetales
|-damage|p1a: Ninetales|5/350
|-heal|p2a: Breloom|320/320 tox|[from] drain|[of] p1a: Ninetales
|
|-weather|SunnyDay|[upkeep]
|-heal|p1a: Ninetales|26/350|[from] item: Leftovers
|upkeep
|turn|30
|choice|move fireblast|switch 3
|
|switch|p2a: Jellicent|Jellicent, F|234/403 brn
|-damage|p2a: Jellicent|184/403 brn|[from] Spikes
|-damage|p2a: Jellicent|134/403 brn|[from] Stealth Rock
|move|p1a: Ninetales|Fire Blast|p2a: Jellicent
|-resisted|p2a: Jellicent
|-damage|p2a: Jellicent|51/403 brn
|
|-weather|SunnyDay|[upkeep]
|-heal|p1a: Ninetales|47/350|[from] item: Leftovers
|-heal|p2a: Jellicent|76/403 brn|[from] item: Leftovers
|-damage|p2a: Jellicent|26/403 brn|[from] brn
|upkeep
|turn|31
|choice|move energyball|move recover
|
|move|p1a: Ninetales|Energy Ball|p2a: Jellicent
|-supereffective|p2a: Jellicent
|-damage|p2a: Jellicent|0 fnt
|faint|p2a: Jellicent
|
|-weather|SunnyDay|[upkeep]
|-heal|p1a: Ninetales|68/350|[from] item: Leftovers
|upkeep
|choice||switch 5
|
|switch|p2a: Landorus|Landorus-Therian, M|168/319
|-damage|p2a: Landorus|129/319|[from] Stealth Rock
|-ability|p2a: Landorus|Intimidate|boost
|-unboost|p1a: Ninetales|atk|1
|turn|32
|choice|move fireblast|move earthquake
|
|move|p2a: Landorus|Earthquake|p1a: Ninetales
|-supereffective|p1a: Ninetales
|-damage|p1a: Ninetales|0 fnt
|faint|p1a: Ninetales
|
|-weather|SunnyDay|[upkeep]
|upkeep
|choice|switch 2|
|
|switch|p1a: Cresselia|Cresselia, F, shiny|443/443
|-damage|p1a: Cresselia|388/443|[from] Stealth Rock
|turn|33
|choice|move icebeam|switch 4
|
|switch|p2a: Alakazam|Alakazam, M|251/251
|move|p1a: Cresselia|Ice Beam|p2a: Alakazam
|-damage|p2a: Alakazam|178/251
|
|-weather|SunnyDay|[upkeep]
|-heal|p1a: Cresselia|415/443|[from] item: Leftovers
|upkeep
|turn|34
|choice|move icebeam|move shadowball
|
|move|p2a: Alakazam|Shadow Ball|p1a: Cresselia
|-supereffective|p1a: Cresselia
|-damage|p1a: Cresselia|257/443
|-unboost|p1a: Cresselia|spd|1
|move|p1a: Cresselia|Ice Beam|p2a: Alakazam
|-damage|p2a: Alakazam|111/251
|
|-weather|SunnyDay|[upkeep]
|-heal|p1a: Cresselia|284/443|[from] item: Leftovers
|upkeep
|turn|35
|choice|move moonlight|move shadowball
|
|move|p2a: Alakazam|Shadow Ball|p1a: Cresselia
|-supereffective|p1a: Cresselia
|-damage|p1a: Cresselia|66/443
|move|p1a: Cresselia|Moonlight|p1a: Cresselia
|-heal|p1a: Cresselia|361/443
|
|-weather|SunnyDay|[upkeep]
|-heal|p1a: Cresselia|388/443|[from] item: Leftovers
|upkeep
|turn|36
|choice|switch 3|move shadowball
|
|switch|p1a: Chansey|Chansey, F|455/642
|-damage|p1a: Chansey|375/642|[from] Stealth Rock
|-damage|p1a: Chansey|268/642|[from] Spikes
|move|p2a: Alakazam|Shadow Ball|p1a: Chansey
|-immune|p1a: Chansey|[msg]
|
|-weather|SunnyDay|[upkeep]
|upkeep
|turn|37
|choice|move softboiled|move focusblast
|
|move|p2a: Alakazam|Focus Blast|p1a: Chansey
|-supereffective|p1a: Chansey
|-damage|p1a: Chansey|106/642
|move|p1a: Chansey|Soft-Boiled|p1a: Chansey
|-heal|p1a: Chansey|427/642
|
|-weather|SunnyDay|[upkeep]
|upkeep
|turn|38
|choice|move seismictoss|move encore
|
|move|p2a: Alakazam|Encore|p1a: Chansey
|-start|p1a: Chansey|Encore
|move|p1a: Chansey|Soft-Boiled|p1a: Chansey
|-heal|p1a: Chansey|642/642
|
|-weather|SunnyDay|[upkeep]
|upkeep
|turn|39
|choice|switch 3|switch 3
|
|switch|p2a: Breloom|Breloom, F|320/320 tox
|-damage|p2a: Breloom|300/320 tox|[from] Stealth Rock
|-damage|p2a: Breloom|260/320 tox|[from] Spikes
|switch|p1a: Cresselia|Cresselia, F, shiny|388/443
|-damage|p1a: Cresselia|333/443|[from] Stealth Rock
|
|-weather|SunnyDay|[upkeep]
|-heal|p1a: Cresselia|360/443|[from] item: Leftovers
|-heal|p2a: Breloom|300/320 tox|[from] ability: Poison Heal
|upkeep
|turn|40
|choice|move psyshock|move spore
|
|move|p1a: Cresselia|Psyshock|p2a: Breloom
|-supereffective|p2a: Breloom
|-damage|p2a: Breloom|108/320 tox
|move|p2a: Breloom|Spore|p1a: Cresselia
|-status|p1a: Cresselia|slp
|
|-weather|SunnyDay|[upkeep]
|-heal|p1a: Cresselia|387/443 slp|[from] item: Leftovers
|-heal|p2a: Breloom|148/320 tox|[from] ability: Poison Heal
|upkeep
|turn|41
|choice|move psyshock|move leechseed
|
|cant|p1a: Cresselia|slp
|move|p2a: Breloom|Leech Seed|p1a: Cresselia
|-start|p1a: Cresselia|move: Leech Seed
|
|-weather|SunnyDay|[upkeep]
|-heal|p1a: Cresselia|414/443 slp|[from] item: Leftovers
|-damage|p1a: Cresselia|359/443 slp|[from] Leech Seed|[of] p2a: Breloom
|-heal|p2a: Breloom|203/320 tox|[silent]
|-heal|p2a: Breloom|243/320 tox|[from] ability: Poison Heal
|upkeep
|turn|42
|choice|move psyshock|switch 3
|
|switch|p2a: Alakazam|Alakazam, M|111/251
|cant|p1a: Cresselia|slp
|
|-weather|SunnyDay|[upkeep]
|-heal|p1a: Cresselia|386/443 slp|[from] item: Leftovers
|-damage|p1a: Cresselia|331/443 slp|[from] Leech Seed|[of] p2a: Alakazam
|-heal|p2a: Alakazam|166/251|[silent]
|upkeep
|turn|43
|choice|switch 3|move shadowball
|
|switch|p1a: Chansey|Chansey, F|642/642
|-damage|p1a: Chansey|535/642|[from] Spikes
|-damage|p1a: Chansey|455/642|[from] Stealth Rock
|move|p2a: Alakazam|Shadow Ball|p1a: Chansey
|-immune|p1a: Chansey|[msg]
|
|-weather|SunnyDay|[upkeep]
|upkeep
|turn|44
|choice|move seismictoss|switch 3
|
|switch|p2a: Breloom|Breloom, F|243/320 tox
|-damage|p2a: Breloom|203/320 tox|[from] Spikes
|-damage|p2a: Breloom|183/320 tox|[from] Stealth Rock
|move|p1a: Chansey|Seismic Toss|p2a: Breloom
|-damage|p2a: Breloom|83/320 tox
|
|-weather|SunnyDay|[upkeep]
|-heal|p2a: Breloom|123/320 tox|[from] ability: Poison Heal
|upkeep
|turn|45
|choice|switch 3|move drainpunch
|
|switch|p1a: Cresselia|Cresselia, F, shiny|331/443 slp
|-damage|p1a: Cresselia|276/443 slp|[from] Stealth Rock
|move|p2a: Breloom|Drain Punch|p1a: Cresselia
|-resisted|p1a: Cresselia
|-damage|p1a: Cresselia|242/443 slp
|-heal|p2a: Breloom|140/320 tox|[from] drain|[of] p1a: Cresselia
|
|-weather|SunnyDay|[upkeep]
|-heal|p1a: Cresselia|269/443 slp|[from] item: Leftovers
|-heal|p2a: Breloom|180/320 tox|[from] ability: Poison Heal
|upkeep
|turn|46
|choice|move psyshock|move leechseed
|
|cant|p1a: Cresselia|slp
|move|p2a: Breloom|Leech Seed|p1a: Cresselia|[miss]
|-miss|p2a: Breloom|p1a: Cresselia
|
|-weather|SunnyDay|[upkeep]
|-heal|p1a: Cresselia|296/443 slp|[from] item: Leftovers
|-heal|p2a: Breloom|220/320 tox|[from] ability: Poison Heal
|upkeep
|turn|47
|choice|move psyshock|move leechseed
|
|cant|p1a: Cresselia|slp
|move|p2a: Breloom|Leech Seed|p1a: Cresselia|[miss]
|-miss|p2a: Breloom|p1a: Cresselia
|
|-weather|SunnyDay|[upkeep]
|-heal|p1a: Cresselia|323/443 slp|[from] item: Leftovers
|-heal|p2a: Breloom|260/320 tox|[from] ability: Poison Heal
|upkeep
|turn|48
|choice|move psyshock|move leechseed
|
|-curestatus|p1a: Cresselia|slp|[msg]
|move|p1a: Cresselia|Psyshock|p2a: Breloom
|-supereffective|p2a: Breloom
|-damage|p2a: Breloom|90/320 tox
|move|p2a: Breloom|Leech Seed|p1a: Cresselia
|-start|p1a: Cresselia|move: Leech Seed
|
|-weather|SunnyDay|[upkeep]
|-heal|p1a: Cresselia|350/443|[from] item: Leftovers
|-damage|p1a: Cresselia|295/443|[from] Leech Seed|[of] p2a: Breloom
|-heal|p2a: Breloom|145/320 tox|[silent]
|-heal|p2a: Breloom|185/320 tox|[from] ability: Poison Heal
|upkeep
|turn|49
|choice|move psyshock|switch 3
|
|switch|p2a: Alakazam|Alakazam, M|166/251
|move|p1a: Cresselia|Psyshock|p2a: Alakazam
|-resisted|p2a: Alakazam
|-damage|p2a: Alakazam|97/251
|
|-weather|SunnyDay|[upkeep]
|-heal|p1a: Cresselia|322/443|[from] item: Leftovers
|-damage|p1a: Cresselia|267/443|[from] Leech Seed|[of] p2a: Alakazam
|-heal|p2a: Alakazam|152/251|[silent]
|upkeep
|turn|50
|choice|switch 3|move encore
|
|switch|p1a: Chansey|Chansey, F|455/642
|-damage|p1a: Chansey|375/642|[from] Stealth Rock
|-damage|p1a: Chansey|268/642|[from] Spikes
|move|p2a: Alakazam|Encore|p1a: Chansey
|-fail|p1a: Chansey
|
|-weather|SunnyDay|[upkeep]
|upkeep
|turn|51
|choice|move softboiled|switch 3
|
|switch|p2a: Breloom|Breloom, F|185/320 tox
|-damage|p2a: Breloom|145/320 tox|[from] Spikes
|-damage|p2a: Breloom|125/320 tox|[from] Stealth Rock
|move|p1a: Chansey|Soft-Boiled|p1a: Chansey
|-heal|p1a: Chansey|589/642
|
|-weather|SunnyDay|[upkeep]
|-heal|p2a: Breloom|165/320 tox|[from] ability: Poison Heal
|upkeep
|turn|52
|choice|switch 3|move leechseed
|
|switch|p1a: Cresselia|Cresselia, F, shiny|267/443
|-damage|p1a: Cresselia|212/443|[from] Stealth Rock
|move|p2a: Breloom|Leech Seed|p1a: Cresselia
|-start|p1a: Cresselia|move: Leech Seed
|
|-weather|SunnyDay|[upkeep]
|-heal|p1a: Cresselia|239/443|[from] item: Leftovers
|-damage|p1a: Cresselia|184/443|[from] Leech Seed|[of] p2a: Breloom
|-heal|p2a: Breloom|220/320 tox|[silent]
|-heal|p2a: Breloom|260/320 tox|[from] ability: Poison Heal
|upkeep
|turn|53
|choice|move moonlight|move spore
|
|move|p1a: Cresselia|Moonlight|p1a: Cresselia
|-heal|p1a: Cresselia|443/443
|move|p2a: Breloom|Spore|p1a: Cresselia
|-status|p1a: Cresselia|slp
|
|-weather|SunnyDay|[upkeep]
|-damage|p1a: Cresselia|388/443 slp|[from] Leech Seed|[of] p2a: Breloom
|-heal|p2a: Breloom|315/320 tox|[silent]
|-heal|p2a: Breloom|320/320 tox|[from] ability: Poison Heal
|upkeep
|turn|54
|choice|switch 3|move seedbomb
|
|switch|p1a: Chansey|Chansey, F|589/642
|-damage|p1a: Chansey|509/642|[from] Stealth Rock
|-damage|p1a: Chansey|402/642|[from] Spikes
|move|p2a: Breloom|Seed Bomb|p1a: Chansey
|-damage|p1a: Chansey|242/642
|
|-weather|SunnyDay|[upkeep]
|upkeep
|turn|55
|choice|switch 3|move leechseed
|
|switch|p1a: Cresselia|Cresselia, F, shiny|388/443 slp
|-damage|p1a: Cresselia|333/443 slp|[from] Stealth Rock
|move|p2a: Breloom|Leech Seed|p1a: Cresselia
|-start|p1a: Cresselia|move: Leech Seed
|
|-weather|SunnyDay|[upkeep]
|-heal|p1a: Cresselia|360/443 slp|[from] item: Leftovers
|-damage|p1a: Cresselia|305/443 slp|[from] Leech Seed|[of] p2a: Breloom
|upkeep
|turn|56
|choice|move icebeam|move seedbomb
|
|cant|p1a: Cresselia|slp
|move|p2a: Breloom|Seed Bomb|p1a: Cresselia
|-damage|p1a: Cresselia|230/443 slp
|
|-weather|SunnyDay|[upkeep]
|-heal|p1a: Cresselia|257/443 slp|[from] item: Leftovers
|-damage|p1a: Cresselia|202/443 slp|[from] Leech Seed|[of] p2a: Breloom
|upkeep
|turn|57
|choice|move icebeam|move seedbomb
|
|cant|p1a: Cresselia|slp
|move|p2a: Breloom|Seed Bomb|p1a: Cresselia
|-damage|p1a: Cresselia|120/443 slp
|
|-weather|SunnyDay|[upkeep]
|-heal|p1a: Cresselia|147/443 slp|[from] item: Leftovers
|-damage|p1a: Cresselia|92/443 slp|[from] Leech Seed|[of] p2a: Breloom
|upkeep
|turn|58
|choice|move moonlight|move seedbomb
|
|cant|p1a: Cresselia|slp
|move|p2a: Breloom|Seed Bomb|p1a: Cresselia
|-damage|p1a: Cresselia|23/443 slp
|
|-weather|SunnyDay|[upkeep]
|-heal|p1a: Cresselia|50/443 slp|[from] item: Leftovers
|-damage|p1a: Cresselia|0 fnt|[from] Leech Seed|[of] p2a: Breloom
|upkeep
|faint|p1a: Cresselia
|-message|One-TeD forfeited.
|
|win|zorbees
|l|One-TeD
|l|zorbees
|raw|One-TeD's rating: 1530 &rarr; <strong>1503</strong><br />(-27 for losing)
|raw|zorbees's rating: 1401 &rarr; <strong>1428</strong><br />(+27 for winning)