|j|☆killerfishsandiego
|j|☆Blossummm
|t:|1715296764
|gametype|singles
|player|p1|killerfishsandiego|pokemonbreederf|1450
|player|p2|Blossummm|roxie|1404
|teamsize|p1|6
|teamsize|p2|6
|gen|5
|tier|[Gen 5] OU
|rated|
|rule|Species Clause: Limit one of each Pokémon
|rule|OHKO Clause: OHKO moves are banned
|rule|Moody Clause: Moody is banned
|rule|Evasion Items Clause: Evasion items are banned
|rule|Evasion Moves Clause: Evasion moves are banned
|rule|Endless Battle Clause: Forcing endless battles is banned
|rule|HP Percentage Mod: HP is shown in percentages
|rule|Evasion Abilities Clause: Evasion abilities are banned
|rule|Sleep Moves Clause: Sleep-inducing moves are banned
|rule|Swagger Clause: Swagger is banned
|rule|Baton Pass Stat Clause: No Baton Passer may have a way to boost its stats
|clearpoke
|poke|p1|Kyurem-Black|item
|poke|p1|Forretress, F|item
|poke|p1|Jellicent, F|item
|poke|p1|Abomasnow, F|item
|poke|p1|Skarmory, M|item
|poke|p1|Clefable, M|item
|poke|p2|Tyranitar, F|item
|poke|p2|Alakazam, F|item
|poke|p2|Latios, M|item
|poke|p2|Ferrothorn, F|item
|poke|p2|Keldeo|item
|poke|p2|Landorus-Therian, M|item
|teampreview
|inactive|Battle timer is ON: inactive players will automatically lose when time's up. (requested by Blossummm)
|
|t:|1715296796
|start
|switch|p1a: Skarmory|Skarmory, M|100/100
|switch|p2a: Keldeo|Keldeo|100/100
|turn|1
|
|t:|1715296807
|move|p2a: Keldeo|Taunt|p1a: Skarmory
|-start|p1a: Skarmory|move: Taunt
|-enditem|p1a: Skarmory|Mental Herb
|-end|p1a: Skarmory|move: Taunt
|move|p1a: Skarmory|Drill Peck|p2a: Keldeo
|-supereffective|p2a: Keldeo
|-damage|p2a: Keldeo|42/100
|
|-heal|p2a: Keldeo|48/100|[from] item: Leftovers
|upkeep
|turn|2
|
|t:|1715296823
|move|p2a: Keldeo|Taunt|p1a: Skarmory
|-start|p1a: Skarmory|move: Taunt
|cant|p1a: Skarmory|move: Taunt|Stealth Rock
|
|-heal|p2a: Keldeo|55/100|[from] item: Leftovers
|upkeep
|turn|3
|
|t:|1715296826
|move|p2a: Keldeo|Scald|p1a: Skarmory
|-damage|p1a: Skarmory|43/100
|-status|p1a: Skarmory|brn
|move|p1a: Skarmory|Drill Peck|p2a: Keldeo
|-supereffective|p2a: Keldeo
|-damage|p2a: Keldeo|25/100
|
|-heal|p2a: Keldeo|31/100|[from] item: Leftovers
|-damage|p1a: Skarmory|31/100 brn|[from] brn
|upkeep
|turn|4
|
|t:|1715296833
|switch|p1a: Abomasnow|Abomasnow, F|100/100
|-weather|Hail|[from] ability: Snow Warning|[of] p1a: Abomasnow
|move|p2a: Keldeo|Scald|p1a: Abomasnow
|-resisted|p1a: Abomasnow
|-damage|p1a: Abomasnow|74/100
|-status|p1a: Abomasnow|brn
|
|-weather|Hail|[upkeep]
|-damage|p2a: Keldeo|25/100|[from] Hail
|-heal|p2a: Keldeo|31/100|[from] item: Leftovers
|-damage|p1a: Abomasnow|61/100 brn|[from] brn
|upkeep
|turn|5
|c|☆killerfishsandiego|sure lmfao
|c|☆killerfishsandiego|LMFAOOAIAHXHSMKABDD
|c|☆killerfishsandiego|FUVK THIS
|
|t:|1715296851
|switch|p1a: Jellicent|Jellicent, F|100/100
|-item|p1a: Jellicent|Air Balloon
|move|p2a: Keldeo|Secret Sword|p1a: Jellicent
|-immune|p1a: Jellicent
|
|-weather|Hail|[upkeep]
|-damage|p2a: Keldeo|25/100|[from] Hail
|-damage|p1a: Jellicent|94/100|[from] Hail
|-heal|p2a: Keldeo|31/100|[from] item: Leftovers
|upkeep
|turn|6
|
|t:|1715296857
|move|p2a: Keldeo|Taunt|p1a: Jellicent
|-start|p1a: Jellicent|move: Taunt
|cant|p1a: Jellicent|move: Taunt|Will-O-Wisp
|
|-weather|Hail|[upkeep]
|-damage|p2a: Keldeo|25/100|[from] Hail
|-damage|p1a: Jellicent|88/100|[from] Hail
|-heal|p2a: Keldeo|31/100|[from] item: Leftovers
|upkeep
|turn|7
|
|t:|1715296861
|move|p2a: Keldeo|Hidden Power|p1a: Jellicent
|-supereffective|p1a: Jellicent
|-damage|p1a: Jellicent|58/100
|-enditem|p1a: Jellicent|Air Balloon
|move|p1a: Jellicent|Shadow Ball|p2a: Keldeo
|-damage|p2a: Keldeo|3/100
|
|-weather|Hail|[upkeep]
|-damage|p2a: Keldeo|0 fnt|[from] Hail
|-damage|p1a: Jellicent|52/100|[from] Hail
|faint|p2a: Keldeo
|upkeep
|
|t:|1715296866
|switch|p2a: Tyranitar|Tyranitar, F, shiny|100/100
|-weather|Sandstorm|[from] ability: Sand Stream|[of] p2a: Tyranitar
|turn|8
|
|t:|1715296871
|move|p1a: Jellicent|Shadow Ball|p2a: Tyranitar
|-resisted|p2a: Tyranitar
|-damage|p2a: Tyranitar|95/100
|move|p2a: Tyranitar|Crunch|p1a: Jellicent
|-supereffective|p1a: Jellicent
|-damage|p1a: Jellicent|0 fnt
|faint|p1a: Jellicent
|
|-weather|Sandstorm|[upkeep]
|upkeep
|
|t:|1715296874
|switch|p1a: Skarmory|Skarmory, M|31/100 brn
|turn|9
|
|t:|1715296880
|move|p1a: Skarmory|Stealth Rock|p2a: Tyranitar
|-sidestart|p2: Blossummm|move: Stealth Rock
|move|p2a: Tyranitar|Fire Blast|p1a: Skarmory
|-supereffective|p1a: Skarmory
|-damage|p1a: Skarmory|0 fnt
|faint|p1a: Skarmory
|
|-weather|Sandstorm|[upkeep]
|upkeep
|
|t:|1715296889
|switch|p1a: Abomasnow|Abomasnow, F|61/100 brn
|-weather|Hail|[from] ability: Snow Warning|[of] p1a: Abomasnow
|turn|10
|
|t:|1715296898
|switch|p1a: Clefable|Clefable, M|100/100
|switch|p2a: Ferrothorn|Ferrothorn, F|100/100
|-damage|p2a: Ferrothorn|95/100|[from] Stealth Rock
|
|-weather|Hail|[upkeep]
|-damage|p2a: Ferrothorn|89/100|[from] Hail
|upkeep
|turn|11
|
|t:|1715296909
|switch|p2a: Landorus|Landorus-Therian, M|100/100
|-damage|p2a: Landorus|88/100|[from] Stealth Rock
|-ability|p2a: Landorus|Intimidate|boost
|-unboost|p1a: Clefable|atk|1
|move|p1a: Clefable|Seismic Toss|p2a: Landorus
|-damage|p2a: Landorus|59/100
|
|-weather|Hail|[upkeep]
|-damage|p2a: Landorus|53/100|[from] Hail
|-heal|p2a: Landorus|59/100|[from] item: Leftovers
|upkeep
|turn|12
|
|t:|1715296921
|move|p2a: Landorus|U-turn|p1a: Clefable
|-damage|p1a: Clefable|76/100
|
|t:|1715296927
|switch|p2a: Ferrothorn|Ferrothorn, F|89/100|[from] U-turn
|-damage|p2a: Ferrothorn|83/100|[from] Stealth Rock
|move|p1a: Clefable|Wish|p1a: Clefable
|
|-weather|Hail|[upkeep]
|-damage|p2a: Ferrothorn|77/100|[from] Hail
|-heal|p1a: Clefable|82/100|[from] item: Leftovers
|upkeep
|turn|13
|
|t:|1715296933
|move|p1a: Clefable|Seismic Toss|p2a: Ferrothorn
|-damage|p2a: Ferrothorn|48/100
|move|p2a: Ferrothorn|Spikes|p1a: Clefable
|-sidestart|p1: killerfishsandiego|Spikes
|
|-weather|Hail|[upkeep]
|-damage|p2a: Ferrothorn|42/100|[from] Hail
|-heal|p1a: Clefable|100/100|[from] move: Wish|[wisher] Clefable
|upkeep
|turn|14
|
|t:|1715296942
|move|p1a: Clefable|Seismic Toss|p2a: Ferrothorn
|-damage|p2a: Ferrothorn|14/100
|move|p2a: Ferrothorn|Knock Off|p1a: Clefable
|-damage|p1a: Clefable|95/100
|-enditem|p1a: Clefable|Leftovers|[from] move: Knock Off|[of] p2a: Ferrothorn
|
|-weather|Hail|[upkeep]
|-damage|p2a: Ferrothorn|8/100|[from] Hail
|upkeep
|turn|15
|
|t:|1715296946
|switch|p1a: Forretress|Forretress, F|100/100
|-damage|p1a: Forretress|88/100|[from] Spikes
|move|p2a: Ferrothorn|Gyro Ball|p1a: Forretress
|-resisted|p1a: Forretress
|-damage|p1a: Forretress|83/100
|-damage|p2a: Ferrothorn|0 fnt|[from] item: Rocky Helmet|[of] p1a: Forretress
|faint|p2a: Ferrothorn
|
|-weather|Hail|[upkeep]
|upkeep
|
|t:|1715296952
|switch|p2a: Alakazam|Alakazam, F|100/100
|turn|16
|
|t:|1715296959
|move|p2a: Alakazam|Hidden Power|p1a: Forretress
|-supereffective|p1a: Forretress
|-damage|p1a: Forretress|0 fnt
|faint|p1a: Forretress
|
|-weather|Hail|[upkeep]
|upkeep
|
|t:|1715296961
|switch|p1a: Clefable|Clefable, M|95/100
|turn|17
|
|t:|1715296982
|move|p2a: Alakazam|Psychic|p1a: Clefable
|-damage|p1a: Clefable|56/100
|-unboost|p1a: Clefable|spd|1
|move|p1a: Clefable|Soft-Boiled|p1a: Clefable
|-heal|p1a: Clefable|100/100
|
|-weather|Hail|[upkeep]
|upkeep
|turn|18
|c|☆killerfishsandiego|ofc you would
|c|☆killerfishsandiego|why wouldn’t a lucky player spdef drop on their first turn
|c|☆killerfishsandiego|ofc
|
|t:|1715297007
|switch|p1a: Abomasnow|Abomasnow, F|61/100 brn
|-damage|p1a: Abomasnow|49/100 brn|[from] Spikes
|move|p2a: Alakazam|Psychic|p1a: Abomasnow
|-damage|p1a: Abomasnow|0 fnt
|faint|p1a: Abomasnow
|
|-weather|Hail|[upkeep]
|upkeep
|
|t:|1715297009
|switch|p1a: Kyurem|Kyurem-Black|100/100
|-damage|p1a: Kyurem|88/100|[from] Spikes
|-ability|p1a: Kyurem|Teravolt
|turn|19
|
|t:|1715297014
|move|p2a: Alakazam|Psychic|p1a: Kyurem
|-crit|p1a: Kyurem
|-damage|p1a: Kyurem|0 fnt
|faint|p1a: Kyurem
|
|-weather|Hail|[upkeep]
|upkeep
|c|☆killerfishsandiego|ofc
|c|☆killerfishsandiego|lmfao
|c|☆killerfishsandiego|just so
|c|☆killerfishsandiego|fucking
|c|☆killerfishsandiego|stupiddddd
|c|☆Blossummm|myb
|c|☆killerfishsandiego|and ofc i’m gonna lose like 30 for this
|
|t:|1715297038
|switch|p1a: Clefable|Clefable, M|100/100
|turn|20
|
|t:|1715297044
|move|p2a: Alakazam|Psychic|p1a: Clefable
|-damage|p1a: Clefable|62/100
|move|p1a: Clefable|Soft-Boiled|p1a: Clefable
|-heal|p1a: Clefable|100/100
|
|-weather|Hail|[upkeep]
|upkeep
|turn|21
|
|t:|1715297050
|move|p2a: Alakazam|Psychic|p1a: Clefable
|-damage|p1a: Clefable|63/100
|move|p1a: Clefable|Wish|p1a: Clefable
|
|-weather|Hail|[upkeep]
|upkeep
|turn|22
|
|t:|1715297053
|move|p2a: Alakazam|Psychic|p1a: Clefable
|-damage|p1a: Clefable|21/100
|move|p1a: Clefable|Seismic Toss|p2a: Alakazam
|-damage|p2a: Alakazam|61/100
|
|-weather|Hail|[upkeep]
|-heal|p1a: Clefable|71/100|[from] move: Wish|[wisher] Clefable
|upkeep
|turn|23
|
|t:|1715297056
|move|p2a: Alakazam|Psychic|p1a: Clefable
|-damage|p1a: Clefable|32/100
|move|p1a: Clefable|Soft-Boiled|p1a: Clefable
|-heal|p1a: Clefable|82/100
|
|-weather|Hail|[upkeep]
|upkeep
|turn|24
|
|t:|1715297066
|move|p2a: Alakazam|Psychic|p1a: Clefable
|-damage|p1a: Clefable|42/100
|move|p1a: Clefable|Soft-Boiled|p1a: Clefable
|-heal|p1a: Clefable|92/100
|
|-weather|Hail|[upkeep]
|upkeep
|turn|25
|
|t:|1715297071
|move|p2a: Alakazam|Psychic|p1a: Clefable
|-damage|p1a: Clefable|52/100
|move|p1a: Clefable|Wish|p1a: Clefable
|
|-weather|Hail|[upkeep]
|upkeep
|turn|26
|
|t:|1715297079
|move|p2a: Alakazam|Psychic|p1a: Clefable
|-damage|p1a: Clefable|14/100
|move|p1a: Clefable|Soft-Boiled|p1a: Clefable
|-heal|p1a: Clefable|64/100
|
|-weather|Hail|[upkeep]
|-heal|p1a: Clefable|100/100|[from] move: Wish|[wisher] Clefable
|upkeep
|turn|27
|
|t:|1715297083
|move|p2a: Alakazam|Psychic|p1a: Clefable
|-damage|p1a: Clefable|61/100
|move|p1a: Clefable|Wish|p1a: Clefable
|
|-weather|Hail|[upkeep]
|upkeep
|turn|28
|
|t:|1715297087
|switch|p2a: Latios|Latios, M|100/100
|-damage|p2a: Latios|88/100|[from] Stealth Rock
|move|p1a: Clefable|Seismic Toss|p2a: Latios
|-damage|p2a: Latios|55/100
|
|-weather|Hail|[upkeep]
|-damage|p2a: Latios|49/100|[from] Hail
|-heal|p1a: Clefable|100/100|[from] move: Wish|[wisher] Clefable
|upkeep
|turn|29
|
|t:|1715297090
|move|p2a: Latios|Trick|p1a: Clefable
|-activate|p2a: Latios|move: Trick|[of] p1a: Clefable
|-item|p1a: Clefable|Choice Scarf|[from] move: Trick
|-enditem|p2a: Latios|Choice Scarf|[silent]|[from] move: Trick
|move|p1a: Clefable|Seismic Toss|p2a: Latios
|-damage|p2a: Latios|16/100
|
|-weather|Hail|[upkeep]
|-damage|p2a: Latios|10/100|[from] Hail
|upkeep
|turn|30
|
|t:|1715297096
|move|p2a: Latios|Draco Meteor|p1a: Clefable
|-damage|p1a: Clefable|52/100
|-unboost|p2a: Latios|spa|2
|move|p1a: Clefable|Seismic Toss|p2a: Latios
|-damage|p2a: Latios|0 fnt
|faint|p2a: Latios
|
|-weather|Hail|[upkeep]
|upkeep
|c|☆killerfishsandiego|just a stupid bs luck game
|
|t:|1715297100
|switch|p2a: Landorus|Landorus-Therian, M|59/100
|-damage|p2a: Landorus|46/100|[from] Stealth Rock
|-ability|p2a: Landorus|Intimidate|boost
|-unboost|p1a: Clefable|atk|1
|turn|31
|c|☆killerfishsandiego|lucky ass players everywhere on here
|c|☆killerfishsandiego|literally fucking insane
|
|t:|1715297112
|move|p2a: Landorus|Earthquake|p1a: Clefable
|-damage|p1a: Clefable|3/100
|move|p1a: Clefable|Seismic Toss|p2a: Landorus
|-damage|p2a: Landorus|17/100
|
|-weather|Hail|[upkeep]
|-damage|p2a: Landorus|11/100|[from] Hail
|-heal|p2a: Landorus|17/100|[from] item: Leftovers
|upkeep
|turn|32
|
|t:|1715297115
|move|p2a: Landorus|Earthquake|p1a: Clefable
|-crit|p1a: Clefable
|-damage|p1a: Clefable|0 fnt
|faint|p1a: Clefable
|
|win|Blossummm
|raw|killerfishsandiego's rating: 1450 &rarr; <strong>1427</strong><br />(-23 for losing)
|raw|Blossummm's rating: 1404 &rarr; <strong>1427</strong><br />(+23 for winning)
|c|☆killerfishsandiego|bg
|c|☆Blossummm|gg
|l|☆Blossummm
|player|p2|
|c|☆killerfishsandiego|fuck urself
|l|☆killerfishsandiego
|player|p1|
|j|☆killerfishsandiego
|player|p1|killerfishsandiego|pokemonbreederf|
