|j|☆Spritzalcianuro96
|j|☆Radaty
|t:|1595584070
|player|p1|Spritzalcianuro96|clair|1471
|player|p2|Radaty|101|1410
|teamsize|p1|6
|teamsize|p2|6
|gametype|singles
|gen|5
|tier|[Gen 5] OU
|rated|
|clearpoke
|poke|p1|Scizor, F|item
|poke|p1|Tyranitar, M|item
|poke|p1|Ferrothorn, F|item
|poke|p1|Keldeo|item
|poke|p1|Latios, M|item
|poke|p1|Landorus-Therian, M|item
|poke|p2|Politoed, F|item
|poke|p2|Tornadus, M|item
|poke|p2|Thundurus-Therian, M|item
|poke|p2|Xatu, M|item
|poke|p2|Jirachi|item
|poke|p2|Chansey, F|item
|rule|Species Clause: Limit one of each Pokémon
|rule|OHKO Clause: OHKO moves are banned
|rule|Moody Clause: Moody is banned
|rule|Evasion Moves Clause: Evasion moves are banned
|rule|Endless Battle Clause: Forcing endless battles is banned
|rule|HP Percentage Mod: HP is shown in percentages
|rule|Evasion Abilities Clause: Evasion abilities are banned
|rule|Baton Pass Clause: Limit one Baton Passer, can't pass Spe and other stats simultaneously
|rule|Sleep Clause: Sleep-inducing moves are banned
|rule|Swagger Clause: Swagger is banned
|teampreview
|inactive|Battle timer is ON: inactive players will automatically lose when time's up. (requested by Spritzalcianuro96)
|
|t:|1595584117
|start
|switch|p1a: Landorus|Landorus-Therian, M|100/100
|switch|p2a: Politoed|Politoed, F|100/100
|-ability|p1a: Landorus|Intimidate|boost
|-unboost|p2a: Politoed|atk|1
|-weather|RainDance|[from] ability: Drizzle|[of] p2a: Politoed
|turn|1
|
|t:|1595584144
|move|p1a: Landorus|U-turn|p2a: Politoed
|-damage|p2a: Politoed|78/100
|
|t:|1595584147
|switch|p1a: Ferrothorn|Ferrothorn, F|100/100|[from]move: U-turn
|move|p2a: Politoed|Focus Blast|p1a: Ferrothorn
|-supereffective|p1a: Ferrothorn
|-damage|p1a: Ferrothorn|65/100
|
|-weather|RainDance|[upkeep]
|-heal|p2a: Politoed|84/100|[from] item: Leftovers
|-heal|p1a: Ferrothorn|71/100|[from] item: Leftovers
|upkeep
|turn|2
|
|t:|1595584160
|switch|p2a: Xatu|Xatu, M|100/100
|switch|p1a: Keldeo|Keldeo|100/100
|
|-weather|RainDance|[upkeep]
|upkeep
|turn|3
|
|t:|1595584168
|switch|p2a: Jirachi|Jirachi|100/100
|move|p1a: Keldeo|Surf|p2a: Jirachi
|-damage|p2a: Jirachi|30/100
|
|-weather|RainDance|[upkeep]
|-heal|p2a: Jirachi|36/100|[from] item: Leftovers
|upkeep
|turn|4
|
|t:|1595584175
|switch|p2a: Chansey|Chansey, F|100/100
|move|p1a: Keldeo|Surf|p2a: Chansey
|-damage|p2a: Chansey|71/100
|
|-weather|RainDance|[upkeep]
|upkeep
|turn|5
|
|t:|1595584187
|switch|p1a: Tyranitar|Tyranitar, M|100/100
|-weather|Sandstorm|[from] ability: Sand Stream|[of] p1a: Tyranitar
|move|p2a: Chansey|Thunder Wave|p1a: Tyranitar
|-status|p1a: Tyranitar|par
|
|-weather|Sandstorm|[upkeep]
|-damage|p2a: Chansey|65/100|[from] Sandstorm
|upkeep
|turn|6
|
|t:|1595584212
|switch|p2a: Xatu|Xatu, M|100/100
|move|p1a: Tyranitar|Crunch|p2a: Xatu
|-supereffective|p2a: Xatu
|-damage|p2a: Xatu|19/100
|
|-weather|Sandstorm|[upkeep]
|-damage|p2a: Xatu|13/100|[from] Sandstorm
|-heal|p2a: Xatu|19/100|[from] item: Leftovers
|upkeep
|turn|7
|
|t:|1595584220
|move|p2a: Xatu|Roost|p2a: Xatu
|-heal|p2a: Xatu|69/100
|-singleturn|p2a: Xatu|move: Roost
|move|p1a: Tyranitar|Pursuit|p2a: Xatu
|-supereffective|p2a: Xatu
|-damage|p2a: Xatu|28/100
|
|-weather|Sandstorm|[upkeep]
|-damage|p2a: Xatu|22/100|[from] Sandstorm
|-heal|p2a: Xatu|28/100|[from] item: Leftovers
|upkeep
|turn|8
|
|t:|1595584228
|switch|p2a: Politoed|Politoed, F|84/100
|-weather|RainDance|[from] ability: Drizzle|[of] p2a: Politoed
|move|p1a: Tyranitar|Crunch|p2a: Politoed
|-damage|p2a: Politoed|46/100
|
|-weather|RainDance|[upkeep]
|-heal|p2a: Politoed|53/100|[from] item: Leftovers
|upkeep
|turn|9
|
|t:|1595584239
|switch|p1a: Ferrothorn|Ferrothorn, F|71/100
|move|p2a: Politoed|Focus Blast|p1a: Ferrothorn
|-supereffective|p1a: Ferrothorn
|-damage|p1a: Ferrothorn|35/100
|
|-weather|RainDance|[upkeep]
|-heal|p2a: Politoed|59/100|[from] item: Leftovers
|-heal|p1a: Ferrothorn|41/100|[from] item: Leftovers
|upkeep
|turn|10
|inactive|Radaty has 120 seconds left.
|
|t:|1595584277
|switch|p2a: Xatu|Xatu, M|28/100
|switch|p1a: Latios|Latios, M|100/100
|
|-weather|RainDance|[upkeep]
|-heal|p2a: Xatu|34/100|[from] item: Leftovers
|upkeep
|turn|11
|inactive|Radaty has 120 seconds left.
|
|t:|1595584291
|move|p1a: Latios|Psyshock|p2a: Xatu
|-resisted|p2a: Xatu
|-damage|p2a: Xatu|9/100
|-damage|p1a: Latios|91/100|[from] item: Life Orb
|move|p2a: Xatu|Thunder Wave|p1a: Latios
|-status|p1a: Latios|par
|
|-weather|RainDance|[upkeep]
|-heal|p2a: Xatu|15/100|[from] item: Leftovers
|upkeep
|turn|12
|
|t:|1595584295
|move|p2a: Xatu|Roost|p2a: Xatu
|-heal|p2a: Xatu|65/100
|-singleturn|p2a: Xatu|move: Roost
|move|p1a: Latios|Draco Meteor|p2a: Xatu
|-damage|p2a: Xatu|0 fnt
|-unboost|p1a: Latios|spa|2
|-damage|p1a: Latios|81/100 par|[from] item: Life Orb
|faint|p2a: Xatu
|
|-weather|RainDance|[upkeep]
|upkeep
|
|t:|1595584305
|switch|p2a: Tornadus|Tornadus, M|100/100
|turn|13
|
|t:|1595584324
|switch|p1a: Ferrothorn|Ferrothorn, F|41/100
|move|p2a: Tornadus|U-turn|p1a: Ferrothorn
|-damage|p1a: Ferrothorn|30/100
|-damage|p2a: Tornadus|88/100|[from] ability: Iron Barbs|[of] p1a: Ferrothorn
|
|t:|1595584342
|switch|p2a: Thundurus|Thundurus-Therian, M|100/100|[from]move: U-turn
|
|-weather|RainDance|[upkeep]
|-heal|p1a: Ferrothorn|36/100|[from] item: Leftovers
|upkeep
|turn|14
|
|t:|1595584367
|switch|p1a: Tyranitar|Tyranitar, M|100/100 par
|-weather|Sandstorm|[from] ability: Sand Stream|[of] p1a: Tyranitar
|move|p2a: Thundurus|Focus Blast|p1a: Tyranitar
|-supereffective|p1a: Tyranitar
|-enditem|p1a: Tyranitar|Chople Berry|[eat]
|-enditem|p1a: Tyranitar|Chople Berry|[weaken]
|-damage|p1a: Tyranitar|50/100 par
|
|-weather|Sandstorm|[upkeep]
|-damage|p2a: Thundurus|94/100|[from] Sandstorm
|upkeep
|turn|15
|
|t:|1595584375
|switch|p1a: Ferrothorn|Ferrothorn, F|36/100
|move|p2a: Thundurus|Focus Blast|p1a: Ferrothorn
|-supereffective|p1a: Ferrothorn
|-damage|p1a: Ferrothorn|0 fnt
|faint|p1a: Ferrothorn
|
|-weather|Sandstorm|[upkeep]
|-damage|p2a: Thundurus|88/100|[from] Sandstorm
|upkeep
|inactive|Spritzalcianuro96 has 120 seconds left.
|
|t:|1595584399
|switch|p1a: Landorus|Landorus-Therian, M|100/100
|-ability|p1a: Landorus|Intimidate|boost
|-unboost|p2a: Thundurus|atk|1
|turn|16
|inactive|Spritzalcianuro96 has 120 seconds left.
|
|t:|1595584419
|switch|p2a: Politoed|Politoed, F|59/100
|-weather|RainDance|[from] ability: Drizzle|[of] p2a: Politoed
|move|p1a: Landorus|Stone Edge|p2a: Politoed
|-damage|p2a: Politoed|24/100
|
|-weather|RainDance|[upkeep]
|-heal|p2a: Politoed|31/100|[from] item: Leftovers
|upkeep
|turn|17
|
|t:|1595584442
|switch|p1a: Latios|Latios, M|81/100 par
|switch|p2a: Jirachi|Jirachi|36/100
|
|-weather|RainDance|[upkeep]
|-heal|p2a: Jirachi|42/100|[from] item: Leftovers
|upkeep
|turn|18
|inactive|Spritzalcianuro96 has 90 seconds left.
|inactive|Radaty has 120 seconds left.
|
|t:|1595584472
|switch|p1a: Scizor|Scizor, F|100/100
|move|p2a: Jirachi|Water Pulse|p1a: Scizor
|-damage|p1a: Scizor|74/100
|-start|p1a: Scizor|confusion
|
|-weather|RainDance|[upkeep]
|-heal|p2a: Jirachi|49/100|[from] item: Leftovers
|-heal|p1a: Scizor|80/100|[from] item: Leftovers
|upkeep
|turn|19
|inactive|Spritzalcianuro96 has 90 seconds left.
|
|t:|1595584490
|switch|p1a: Latios|Latios, M|81/100 par
|move|p2a: Jirachi|Thunder|p1a: Latios
|-resisted|p1a: Latios
|-damage|p1a: Latios|67/100 par
|
|-weather|RainDance|[upkeep]
|-heal|p2a: Jirachi|55/100|[from] item: Leftovers
|upkeep
|turn|20
|
|t:|1595584505
|move|p2a: Jirachi|Water Pulse|p1a: Latios
|-resisted|p1a: Latios
|-damage|p1a: Latios|57/100 par
|-start|p1a: Latios|confusion
|-activate|p1a: Latios|confusion
|move|p1a: Latios|Draco Meteor|p2a: Jirachi|[miss]
|-miss|p1a: Latios|p2a: Jirachi
|
|-weather|RainDance|[upkeep]
|-heal|p2a: Jirachi|61/100|[from] item: Leftovers
|upkeep
|turn|21
|inactive|Spritzalcianuro96 has 90 seconds left.
|
|t:|1595584527
|move|p2a: Jirachi|Calm Mind|p2a: Jirachi
|-boost|p2a: Jirachi|spa|1
|-boost|p2a: Jirachi|spd|1
|-activate|p1a: Latios|confusion
|move|p1a: Latios|Hidden Power|p2a: Jirachi
|-supereffective|p2a: Jirachi
|-damage|p2a: Jirachi|49/100
|-damage|p1a: Latios|47/100 par|[from] item: Life Orb
|
|-weather|RainDance|[upkeep]
|-heal|p2a: Jirachi|55/100|[from] item: Leftovers
|upkeep
|turn|22
|
|t:|1595584547
|switch|p1a: Tyranitar|Tyranitar, M|50/100 par
|-weather|Sandstorm|[from] ability: Sand Stream|[of] p1a: Tyranitar
|move|p2a: Jirachi|Calm Mind|p2a: Jirachi
|-boost|p2a: Jirachi|spa|1
|-boost|p2a: Jirachi|spd|1
|
|-weather|Sandstorm|[upkeep]
|-heal|p2a: Jirachi|61/100|[from] item: Leftovers
|upkeep
|turn|23
|
|t:|1595584554
|move|p2a: Jirachi|Water Pulse|p1a: Tyranitar
|-supereffective|p1a: Tyranitar
|-damage|p1a: Tyranitar|22/100 par
|-start|p1a: Tyranitar|confusion
|-activate|p1a: Tyranitar|confusion
|-damage|p1a: Tyranitar|10/100 par|[from] confusion
|
|-weather|Sandstorm|[upkeep]
|-heal|p2a: Jirachi|67/100|[from] item: Leftovers
|upkeep
|turn|24
|inactive|Spritzalcianuro96 has 90 seconds left.
|c|☆Spritzalcianuro96|this game will make you scream of rage
|c|☆Spritzalcianuro96|decisive turns always sucks
|
|t:|1595584574
|move|p2a: Jirachi|Water Pulse|p1a: Tyranitar
|-supereffective|p1a: Tyranitar
|-damage|p1a: Tyranitar|0 fnt
|faint|p1a: Tyranitar
|
|-weather|Sandstorm|[upkeep]
|-heal|p2a: Jirachi|74/100|[from] item: Leftovers
|upkeep
|
|t:|1595584579
|switch|p1a: Landorus|Landorus-Therian, M|100/100
|-ability|p1a: Landorus|Intimidate|boost
|-unboost|p2a: Jirachi|atk|1
|turn|25
|
|t:|1595584589
|switch|p2a: Thundurus|Thundurus-Therian, M|88/100
|move|p1a: Landorus|Earthquake|p2a: Thundurus
|-immune|p2a: Thundurus
|
|-weather|Sandstorm|[upkeep]
|-damage|p2a: Thundurus|82/100|[from] Sandstorm
|upkeep
|turn|26
|
|t:|1595584595
|switch|p1a: Latios|Latios, M|47/100 par
|move|p2a: Thundurus|U-turn|p1a: Latios
|-supereffective|p1a: Latios
|-damage|p1a: Latios|7/100 par
|
|t:|1595584598
|switch|p2a: Politoed|Politoed, F|31/100|[from]move: U-turn
|-weather|RainDance|[from] ability: Drizzle|[of] p2a: Politoed
|
|-weather|RainDance|[upkeep]
|-heal|p2a: Politoed|37/100|[from] item: Leftovers
|upkeep
|turn|27
|
|t:|1595584609
|switch|p1a: Keldeo|Keldeo|100/100
|move|p2a: Politoed|Ice Beam|p1a: Keldeo
|-resisted|p1a: Keldeo
|-damage|p1a: Keldeo|88/100
|
|-weather|RainDance|[upkeep]
|-heal|p2a: Politoed|43/100|[from] item: Leftovers
|upkeep
|turn|28
|
|t:|1595584635
|move|p1a: Keldeo|Secret Sword|p2a: Politoed
|-damage|p2a: Politoed|0 fnt
|faint|p2a: Politoed
|
|-weather|RainDance|[upkeep]
|upkeep
|
|t:|1595584639
|switch|p2a: Tornadus|Tornadus, M|88/100
|turn|29
|
|t:|1595584644
|switch|p1a: Latios|Latios, M|7/100 par
|move|p2a: Tornadus|Hurricane|p1a: Latios
|-damage|p1a: Latios|0 fnt
|faint|p1a: Latios
|
|-weather|RainDance|[upkeep]
|upkeep
|inactive|Spritzalcianuro96 has 120 seconds left.
|
|t:|1595584660
|switch|p1a: Landorus|Landorus-Therian, M|100/100
|-ability|p1a: Landorus|Intimidate|boost
|-unboost|p2a: Tornadus|atk|1
|-ability|p2a: Tornadus|Defiant
|-boost|p2a: Tornadus|atk|2
|turn|30
|inactive|Spritzalcianuro96 has 120 seconds left.
|
|t:|1595584676
|move|p1a: Landorus|Stone Edge|p2a: Tornadus
|-supereffective|p2a: Tornadus
|-damage|p2a: Tornadus|0 fnt
|faint|p2a: Tornadus
|
|-weather|RainDance|[upkeep]
|upkeep
|
|t:|1595584680
|switch|p2a: Jirachi|Jirachi|74/100
|turn|31
|inactive|Spritzalcianuro96 has 120 seconds left.
|
|t:|1595584686
|switch|p1a: Scizor|Scizor, F|80/100
|move|p2a: Jirachi|Substitute|p2a: Jirachi
|-start|p2a: Jirachi|Substitute
|-damage|p2a: Jirachi|49/100
|
|-weather|RainDance|[upkeep]
|-heal|p2a: Jirachi|55/100|[from] item: Leftovers
|-heal|p1a: Scizor|86/100|[from] item: Leftovers
|upkeep
|turn|32
|
|t:|1595584692
|move|p2a: Jirachi|Thunder|p1a: Scizor
|-damage|p1a: Scizor|51/100
|move|p1a: Scizor|U-turn|p2a: Jirachi
|-end|p2a: Jirachi|Substitute
|
|t:|1595584698
|switch|p1a: Keldeo|Keldeo|88/100|[from]move: U-turn
|
|-weather|RainDance|[upkeep]
|-heal|p2a: Jirachi|61/100|[from] item: Leftovers
|upkeep
|turn|33
|
|t:|1595584705
|move|p1a: Keldeo|Surf|p2a: Jirachi
|-damage|p2a: Jirachi|0 fnt
|faint|p2a: Jirachi
|
|-weather|RainDance|[upkeep]
|upkeep
|
|t:|1595584708
|switch|p2a: Chansey|Chansey, F|65/100
|turn|34
|
|t:|1595584732
|switch|p1a: Scizor|Scizor, F|51/100
|move|p2a: Chansey|Seismic Toss|p1a: Scizor
|-damage|p1a: Scizor|18/100
|
|-weather|RainDance|[upkeep]
|-heal|p1a: Scizor|24/100|[from] item: Leftovers
|upkeep
|turn|35
|
|t:|1595584741
|move|p1a: Scizor|Roost|p1a: Scizor
|-heal|p1a: Scizor|74/100
|-singleturn|p1a: Scizor|move: Roost
|move|p2a: Chansey|Seismic Toss|p1a: Scizor
|-damage|p1a: Scizor|41/100
|
|-weather|RainDance|[upkeep]
|-heal|p1a: Scizor|48/100|[from] item: Leftovers
|upkeep
|turn|36
|
|t:|1595584746
|move|p1a: Scizor|U-turn|p2a: Chansey
|-damage|p2a: Chansey|34/100
|
|t:|1595584753
|switch|p1a: Landorus|Landorus-Therian, M|100/100|[from]move: U-turn
|-ability|p1a: Landorus|Intimidate|boost
|-unboost|p2a: Chansey|atk|1
|move|p2a: Chansey|Thunder Wave|p1a: Landorus
|-immune|p1a: Landorus
|
|-weather|RainDance|[upkeep]
|upkeep
|turn|37
|
|t:|1595584765
|move|p1a: Landorus|U-turn|p2a: Chansey
|-damage|p2a: Chansey|10/100
|
|t:|1595584767
|switch|p1a: Keldeo|Keldeo|88/100|[from]move: U-turn
|move|p2a: Chansey|Soft-Boiled|p2a: Chansey
|-heal|p2a: Chansey|60/100
|
|-weather|RainDance|[upkeep]
|upkeep
|turn|38
|
|t:|1595584770
|move|p1a: Keldeo|Secret Sword|p2a: Chansey
|-supereffective|p2a: Chansey
|-damage|p2a: Chansey|0 fnt
|faint|p2a: Chansey
|
|-weather|RainDance|[upkeep]
|upkeep
|
|t:|1595584773
|switch|p2a: Thundurus|Thundurus-Therian, M|82/100
|turn|39
|
|t:|1595584779
|switch|p1a: Scizor|Scizor, F|48/100
|move|p2a: Thundurus|Focus Blast|p1a: Scizor|[miss]
|-miss|p2a: Thundurus|p1a: Scizor
|
|-weather|RainDance|[upkeep]
|-heal|p1a: Scizor|54/100|[from] item: Leftovers
|upkeep
|turn|40
|
|t:|1595584784
|move|p1a: Scizor|Bullet Punch|p2a: Thundurus
|-resisted|p2a: Thundurus
|-damage|p2a: Thundurus|58/100
|move|p2a: Thundurus|Focus Blast|p1a: Scizor
|-damage|p1a: Scizor|0 fnt
|faint|p1a: Scizor
|
|-weather|RainDance|[upkeep]
|upkeep
|j| Killer Loop
|
|t:|1595584790
|switch|p1a: Keldeo|Keldeo|88/100
|turn|41
|
|t:|1595584791
|move|p2a: Thundurus|Focus Blast|p1a: Keldeo
|-damage|p1a: Keldeo|32/100
|move|p1a: Keldeo|Surf|p2a: Thundurus
|-damage|p2a: Thundurus|0 fnt
|faint|p2a: Thundurus
|
|win|Spritzalcianuro96
|c|☆Spritzalcianuro96|gg
|raw|Spritzalcianuro96's rating: 1471 &rarr; <strong>1487</strong><br />(+16 for winning)
|raw|Radaty's rating: 1410 &rarr; <strong>1393</strong><br />(-17 for losing)
|l|☆Radaty
