|j|☆Alexia B.
|j|☆ghosted by brizz
|t:|1708004759
|gametype|singles
|player|p1|Alexia B.|cynthia|1473
|player|p2|ghosted by brizz|mina-lgpe|1593
|teamsize|p1|6
|teamsize|p2|6
|gen|5
|tier|[Gen 5] OU
|rated|
|rule|Species Clause: Limit one of each Pokémon
|rule|OHKO Clause: OHKO moves are banned
|rule|Moody Clause: Moody is banned
|rule|Evasion Items Clause: Evasion items are banned
|rule|Evasion Moves Clause: Evasion moves are banned
|rule|Endless Battle Clause: Forcing endless battles is banned
|rule|HP Percentage Mod: HP is shown in percentages
|rule|Evasion Abilities Clause: Evasion abilities are banned
|rule|Sleep Moves Clause: Sleep-inducing moves are banned
|rule|Swagger Clause: Swagger is banned
|rule|Baton Pass Stat Clause: No Baton Passer may have a way to boost its stats
|clearpoke
|poke|p1|Gengar, M|item
|poke|p1|Garchomp, M|item
|poke|p1|Keldeo-Resolute|item
|poke|p1|Latios, M|item
|poke|p1|Ferrothorn, F|item
|poke|p1|Scizor, M|item
|poke|p2|Politoed, M|item
|poke|p2|Excadrill, M|item
|poke|p2|Vaporeon, M|item
|poke|p2|Scizor, M|item
|poke|p2|Gyarados, F|item
|poke|p2|Latias, F|item
|teampreview
|inactive|Battle timer is ON: inactive players will automatically lose when time's up. (requested by ghosted by brizz)
|
|t:|1708004770
|start
|switch|p1a: Ferrothorn|Ferrothorn, F, shiny|100/100
|switch|p2a: Politoed|Politoed, M|100/100
|-weather|RainDance|[from] ability: Drizzle|[of] p2a: Politoed
|turn|1
|
|t:|1708004776
|move|p2a: Politoed|Scald|p1a: Ferrothorn
|-resisted|p1a: Ferrothorn
|-damage|p1a: Ferrothorn|83/100
|move|p1a: Ferrothorn|Stealth Rock|p2a: Politoed
|-sidestart|p2: ghosted by brizz|move: Stealth Rock
|
|-weather|RainDance|[upkeep]
|upkeep
|turn|2
|
|t:|1708004779
|move|p2a: Politoed|Scald|p1a: Ferrothorn
|-resisted|p1a: Ferrothorn
|-damage|p1a: Ferrothorn|66/100
|move|p1a: Ferrothorn|Spikes|p2a: Politoed
|-sidestart|p2: ghosted by brizz|Spikes
|
|-weather|RainDance|[upkeep]
|upkeep
|turn|3
|
|t:|1708004782
|move|p2a: Politoed|Scald|p1a: Ferrothorn
|-resisted|p1a: Ferrothorn
|-damage|p1a: Ferrothorn|50/100
|-status|p1a: Ferrothorn|brn
|move|p1a: Ferrothorn|Power Whip|p2a: Politoed
|-supereffective|p2a: Politoed
|-crit|p2a: Politoed
|-damage|p2a: Politoed|0 fnt
|faint|p2a: Politoed
|
|-weather|RainDance|[upkeep]
|-damage|p1a: Ferrothorn|38/100 brn|[from] brn
|upkeep
|
|t:|1708004786
|switch|p2a: Excadrill|Excadrill, M|100/100
|-damage|p2a: Excadrill|97/100|[from] Stealth Rock
|-damage|p2a: Excadrill|85/100|[from] Spikes
|-ability|p2a: Excadrill|Mold Breaker
|turn|4
|
|t:|1708004791
|switch|p1a: Gengar|Gengar, M|100/100
|move|p2a: Excadrill|Earthquake|p1a: Gengar
|-supereffective|p1a: Gengar
|-damage|p1a: Gengar|0 fnt
|faint|p1a: Gengar
|
|-weather|RainDance|[upkeep]
|upkeep
|
|t:|1708004794
|switch|p1a: Keldeo|Keldeo-Resolute|100/100
|turn|5
|
|t:|1708004798
|switch|p2a: Latias|Latias, F|100/100
|-damage|p2a: Latias|88/100|[from] Stealth Rock
|move|p1a: Keldeo|Secret Sword|p2a: Latias
|-resisted|p2a: Latias
|-damage|p2a: Latias|55/100
|
|-weather|RainDance|[upkeep]
|upkeep
|turn|6
|
|t:|1708004804
|switch|p1a: Scizor|Scizor, M|100/100
|move|p2a: Latias|Roost|p2a: Latias
|-heal|p2a: Latias|100/100
|-singleturn|p2a: Latias|move: Roost
|
|-weather|RainDance|[upkeep]
|upkeep
|turn|7
|
|t:|1708004809
|switch|p2a: Excadrill|Excadrill, M|85/100
|-damage|p2a: Excadrill|82/100|[from] Stealth Rock
|-damage|p2a: Excadrill|69/100|[from] Spikes
|-ability|p2a: Excadrill|Mold Breaker
|move|p1a: Scizor|Swords Dance|p1a: Scizor
|-boost|p1a: Scizor|atk|2
|
|-weather|RainDance|[upkeep]
|upkeep
|turn|8
|
|t:|1708004813
|move|p2a: Excadrill|Rapid Spin|p1a: Scizor
|-resisted|p1a: Scizor
|-damage|p1a: Scizor|96/100
|-sideend|p2: ghosted by brizz|Spikes|[from] move: Rapid Spin|[of] p2a: Excadrill
|-sideend|p2: ghosted by brizz|Stealth Rock|[from] move: Rapid Spin|[of] p2a: Excadrill
|move|p1a: Scizor|Swords Dance|p1a: Scizor
|-boost|p1a: Scizor|atk|2
|
|-weather|RainDance|[upkeep]
|upkeep
|turn|9
|
|t:|1708004816
|move|p2a: Excadrill|Earthquake|p1a: Scizor
|-damage|p1a: Scizor|42/100
|move|p1a: Scizor|Bug Bite|p2a: Excadrill
|-resisted|p2a: Excadrill
|-crit|p2a: Excadrill
|-damage|p2a: Excadrill|0 fnt
|faint|p2a: Excadrill
|
|-weather|RainDance|[upkeep]
|upkeep
|
|t:|1708004818
|switch|p2a: Gyarados|Gyarados, F|100/100
|-ability|p2a: Gyarados|Intimidate|boost
|-unboost|p1a: Scizor|atk|1
|turn|10
|
|t:|1708004823
|move|p1a: Scizor|Bullet Punch|p2a: Gyarados
|-resisted|p2a: Gyarados
|-damage|p2a: Gyarados|49/100
|move|p2a: Gyarados|Waterfall|p1a: Scizor
|-damage|p1a: Scizor|0 fnt
|faint|p1a: Scizor
|
|-weather|RainDance|[upkeep]
|-heal|p2a: Gyarados|55/100|[from] item: Leftovers
|upkeep
|
|t:|1708004830
|switch|p1a: Keldeo|Keldeo-Resolute|100/100
|turn|11
|
|t:|1708004835
|switch|p2a: Vaporeon|Vaporeon, M|100/100
|move|p1a: Keldeo|Scald|p2a: Vaporeon
|-resisted|p2a: Vaporeon
|-damage|p2a: Vaporeon|70/100
|
|-weather|RainDance|[upkeep]
|-heal|p2a: Vaporeon|76/100|[from] item: Leftovers
|upkeep
|turn|12
|
|t:|1708004840
|switch|p1a: Ferrothorn|Ferrothorn, F, shiny|38/100 brn
|move|p2a: Vaporeon|Substitute|p2a: Vaporeon
|-start|p2a: Vaporeon|Substitute
|-damage|p2a: Vaporeon|51/100
|
|-weather|RainDance|[upkeep]
|-heal|p2a: Vaporeon|58/100|[from] item: Leftovers
|-damage|p1a: Ferrothorn|26/100 brn|[from] brn
|upkeep
|turn|13
|
|t:|1708004844
|move|p2a: Vaporeon|Aqua Ring|p2a: Vaporeon
|-start|p2a: Vaporeon|Aqua Ring
|move|p1a: Ferrothorn|Stealth Rock|p2a: Vaporeon
|-sidestart|p2: ghosted by brizz|move: Stealth Rock
|
|-weather|RainDance|[upkeep]
|-heal|p2a: Vaporeon|64/100|[from] item: Leftovers
|-heal|p2a: Vaporeon|70/100|[from] Aqua Ring
|-damage|p1a: Ferrothorn|14/100 brn|[from] brn
|upkeep
|turn|14
|
|t:|1708004849
|move|p2a: Vaporeon|Baton Pass|p2a: Vaporeon
|
|t:|1708004850
|switch|p2a: Gyarados|Gyarados, F|55/100|[from] Baton Pass
|-damage|p2a: Gyarados|30/100|[from] Stealth Rock
|-ability|p2a: Gyarados|Intimidate|boost
|-unboost|p1a: Ferrothorn|atk|1
|move|p1a: Ferrothorn|Spikes|p2a: Gyarados
|-sidestart|p2: ghosted by brizz|Spikes
|
|-weather|RainDance|[upkeep]
|-heal|p2a: Gyarados|36/100|[from] item: Leftovers
|-heal|p2a: Gyarados|42/100|[from] Aqua Ring
|-damage|p1a: Ferrothorn|1/100 brn|[from] brn
|upkeep
|turn|15
|
|t:|1708004854
|move|p2a: Gyarados|Dragon Dance|p2a: Gyarados
|-boost|p2a: Gyarados|atk|1
|-boost|p2a: Gyarados|spe|1
|move|p1a: Ferrothorn|Power Whip|p2a: Gyarados|[miss]
|-miss|p1a: Ferrothorn|p2a: Gyarados
|
|-weather|RainDance|[upkeep]
|-heal|p2a: Gyarados|49/100|[from] item: Leftovers
|-heal|p2a: Gyarados|55/100|[from] Aqua Ring
|-damage|p1a: Ferrothorn|0 fnt|[from] brn
|faint|p1a: Ferrothorn
|upkeep
|
|t:|1708004860
|switch|p1a: Garchomp|Garchomp, M|100/100
|turn|16
|
|t:|1708004864
|move|p2a: Gyarados|Dragon Dance|p2a: Gyarados
|-boost|p2a: Gyarados|atk|1
|-boost|p2a: Gyarados|spe|1
|move|p1a: Garchomp|Dragon Claw|p2a: Gyarados
|-crit|p2a: Gyarados
|-end|p2a: Gyarados|Substitute
|
|-weather|RainDance|[upkeep]
|-heal|p2a: Gyarados|61/100|[from] item: Leftovers
|-heal|p2a: Gyarados|67/100|[from] Aqua Ring
|upkeep
|turn|17
|
|t:|1708004877
|move|p2a: Gyarados|Waterfall|p1a: Garchomp
|-damage|p1a: Garchomp|0 fnt
|-damage|p2a: Gyarados|55/100|[from] ability: Rough Skin|[of] p1a: Garchomp
|faint|p1a: Garchomp
|
|-weather|RainDance|[upkeep]
|-heal|p2a: Gyarados|61/100|[from] item: Leftovers
|-heal|p2a: Gyarados|67/100|[from] Aqua Ring
|upkeep
|
|t:|1708004883
|switch|p1a: Keldeo|Keldeo-Resolute|100/100
|turn|18
|
|t:|1708004889
|move|p2a: Gyarados|Outrage|p1a: Keldeo
|-damage|p1a: Keldeo|15/100
|move|p1a: Keldeo|Hidden Power|p2a: Gyarados
|-supereffective|p2a: Gyarados
|-damage|p2a: Gyarados|0 fnt
|faint|p2a: Gyarados
|
|-weather|RainDance|[upkeep]
|upkeep
|
|t:|1708004895
|switch|p2a: Latias|Latias, F|100/100
|-damage|p2a: Latias|88/100|[from] Stealth Rock
|turn|19
|
|t:|1708004900
|switch|p1a: Latios|Latios, M|100/100
|move|p2a: Latias|Thunder Wave|p1a: Latios
|-status|p1a: Latios|par
|
|-weather|RainDance|[upkeep]
|upkeep
|turn|20
|
|t:|1708004905
|switch|p2a: Vaporeon|Vaporeon, M|70/100
|-damage|p2a: Vaporeon|57/100|[from] Stealth Rock
|-damage|p2a: Vaporeon|45/100|[from] Spikes
|move|p1a: Latios|Dragon Pulse|p2a: Vaporeon
|-damage|p2a: Vaporeon|18/100
|
|-weather|RainDance|[upkeep]
|-heal|p2a: Vaporeon|24/100|[from] item: Leftovers
|upkeep
|turn|21
|
|t:|1708004909
|move|p2a: Vaporeon|Toxic||[still]
|-fail|p2a: Vaporeon
|move|p1a: Latios|Dragon Pulse|p2a: Vaporeon
|-damage|p2a: Vaporeon|0 fnt
|faint|p2a: Vaporeon
|
|-weather|RainDance|[upkeep]
|upkeep
|
|t:|1708004912
|switch|p2a: Scizor|Scizor, M|100/100
|-damage|p2a: Scizor|88/100|[from] Stealth Rock
|-damage|p2a: Scizor|76/100|[from] Spikes
|turn|22
|
|t:|1708004914
|move|p2a: Scizor|U-turn|p1a: Latios
|-supereffective|p1a: Latios
|-damage|p1a: Latios|0 fnt
|faint|p1a: Latios
|
|t:|1708004916
|switch|p2a: Latias|Latias, F|88/100|[from] U-turn
|-damage|p2a: Latias|76/100|[from] Stealth Rock
|
|-weather|RainDance|[upkeep]
|upkeep
|
|t:|1708004920
|switch|p1a: Keldeo|Keldeo-Resolute|15/100
|turn|23
|
|t:|1708004924
|move|p1a: Keldeo|Scald|p2a: Latias
|-resisted|p2a: Latias
|-damage|p2a: Latias|42/100
|move|p2a: Latias|Psyshock|p1a: Keldeo
|-supereffective|p1a: Keldeo
|-damage|p1a: Keldeo|0 fnt
|faint|p1a: Keldeo
|
|win|ghosted by brizz
|raw|Alexia B.'s rating: 1473 &rarr; <strong>1460</strong><br />(-13 for losing)
|raw|ghosted by brizz's rating: 1593 &rarr; <strong>1606</strong><br />(+13 for winning)
|l|☆ghosted by brizz
|player|p2|
|l|☆Alexia B.
|player|p1|
|j|☆ghosted by brizz
|player|p2|ghosted by brizz|mina-lgpe
