|j|☆Cinema Staff Fan
|j|☆el janitor
|t:|1743248676
|gametype|singles
|player|p1|Cinema Staff Fan|li|1443
|player|p2|el janitor|2|1408
|teamsize|p1|6
|teamsize|p2|6
|gen|5
|tier|[Gen 5] OU
|rated|
|rule|Species Clause: Limit one of each Pokémon
|rule|OHKO Clause: OHKO moves are banned
|rule|Moody Clause: Moody is banned
|rule|Evasion Items Clause: Evasion items are banned
|rule|Evasion Moves Clause: Evasion moves are banned
|rule|Endless Battle Clause: Forcing endless battles is banned
|rule|HP Percentage Mod: HP is shown in percentages
|rule|Evasion Abilities Clause: Evasion abilities are banned
|rule|Sleep Moves Clause: Sleep-inducing moves are banned
|rule|Swagger Clause: Swagger is banned
|rule|Baton Pass Stat Clause: No Baton Passer may have a way to boost its stats
|clearpoke
|poke|p1|Politoed, F|item
|poke|p1|Metagross|item
|poke|p1|Tentacruel, F|item
|poke|p1|Thundurus-Therian, M|item
|poke|p1|Toxicroak, M|item
|poke|p1|Keldeo|item
|poke|p2|Azelf|item
|poke|p2|Celebi|item
|poke|p2|Heatran, M|item
|poke|p2|Excadrill, F|item
|poke|p2|Zapdos|item
|poke|p2|Breloom, F|item
|teampreview
|inactive|Battle timer is ON: inactive players will automatically lose when time's up. (requested by Cinema Staff Fan)
|
|t:|1743248688
|start
|switch|p1a: Metagross|Metagross|100/100
|switch|p2a: Breloom|Breloom, F|100/100
|turn|1
|
|t:|1743248694
|move|p2a: Breloom|Superpower|p1a: Metagross
|-crit|p1a: Metagross
|-damage|p1a: Metagross|0 fnt
|-unboost|p2a: Breloom|atk|1
|-unboost|p2a: Breloom|def|1
|faint|p1a: Metagross
|
|upkeep
|c|☆el janitor|mhm
|
|t:|1743248708
|switch|p1a: Toxicroak|Toxicroak, M|100/100
|-item|p1a: Toxicroak|Air Balloon
|turn|2
|
|t:|1743248717
|switch|p2a: Azelf|Azelf|100/100
|move|p1a: Toxicroak|Swords Dance|p1a: Toxicroak
|-boost|p1a: Toxicroak|atk|2
|
|upkeep
|turn|3
|
|t:|1743248722
|move|p2a: Azelf|Thunder Wave|p1a: Toxicroak
|-status|p1a: Toxicroak|par
|cant|p1a: Toxicroak|par
|
|upkeep
|turn|4
|
|t:|1743248729
|move|p2a: Azelf|U-turn|p1a: Toxicroak
|-resisted|p1a: Toxicroak
|-damage|p1a: Toxicroak|91/100 par
|-enditem|p1a: Toxicroak|Air Balloon
|
|t:|1743248731
|switch|p2a: Celebi|Celebi|100/100|[from] U-turn
|cant|p1a: Toxicroak|par
|
|upkeep
|turn|5
|
|t:|1743248736
|move|p2a: Celebi|Psychic|p1a: Toxicroak
|-supereffective|p1a: Toxicroak
|-damage|p1a: Toxicroak|0 fnt
|faint|p1a: Toxicroak
|
|upkeep
|j| thedwarfintheflask
|l| thedwarfintheflask
|
|t:|1743248759
|switch|p1a: Politoed|Politoed, F|100/100
|-weather|RainDance|[from] ability: Drizzle|[of] p1a: Politoed
|turn|6
|
|t:|1743248764
|move|p2a: Celebi|Psychic|p1a: Politoed
|-damage|p1a: Politoed|69/100
|move|p1a: Politoed|Ice Beam|p2a: Celebi
|-supereffective|p2a: Celebi
|-damage|p2a: Celebi|45/100
|
|-weather|RainDance|[upkeep]
|-heal|p2a: Celebi|52/100|[from] item: Leftovers
|upkeep
|turn|7
|
|t:|1743248770
|switch|p2a: Heatran|Heatran, M|100/100
|move|p1a: Politoed|Ice Beam|p2a: Heatran
|-resisted|p2a: Heatran
|-damage|p2a: Heatran|94/100
|
|-weather|RainDance|[upkeep]
|-heal|p2a: Heatran|99/100|[from] item: Leftovers
|upkeep
|turn|8
|
|t:|1743248775
|switch|p1a: Keldeo|Keldeo|100/100
|move|p2a: Heatran|Toxic|p1a: Keldeo
|-status|p1a: Keldeo|tox
|
|-weather|RainDance|[upkeep]
|-heal|p2a: Heatran|100/100|[from] item: Leftovers
|-damage|p1a: Keldeo|94/100 tox|[from] psn
|upkeep
|turn|9
|
|t:|1743248778
|switch|p2a: Celebi|Celebi|52/100
|move|p1a: Keldeo|Secret Sword|p2a: Celebi
|-resisted|p2a: Celebi
|-damage|p2a: Celebi|34/100
|
|-weather|RainDance|[upkeep]
|-heal|p2a: Celebi|40/100|[from] item: Leftovers
|-damage|p1a: Keldeo|82/100 tox|[from] psn
|upkeep
|turn|10
|
|t:|1743248786
|switch|p1a: Tentacruel|Tentacruel, F|100/100
|move|p2a: Celebi|Recover|p2a: Celebi
|-heal|p2a: Celebi|90/100
|
|-weather|RainDance|[upkeep]
|-heal|p2a: Celebi|96/100|[from] item: Leftovers
|upkeep
|turn|11
|
|t:|1743248789
|move|p1a: Tentacruel|Toxic|p2a: Celebi|[miss]
|-miss|p1a: Tentacruel|p2a: Celebi
|move|p2a: Celebi|Thunder Wave|p1a: Tentacruel
|-status|p1a: Tentacruel|par
|
|-weather|RainDance|[upkeep]
|-heal|p2a: Celebi|100/100|[from] item: Leftovers
|upkeep
|turn|12
|
|t:|1743248794
|move|p2a: Celebi|Psychic|p1a: Tentacruel
|-supereffective|p1a: Tentacruel
|-damage|p1a: Tentacruel|46/100 par
|move|p1a: Tentacruel|Toxic|p2a: Celebi
|-status|p2a: Celebi|tox
|
|-weather|RainDance|[upkeep]
|-heal|p1a: Tentacruel|52/100 par|[from] ability: Rain Dish
|-heal|p1a: Tentacruel|58/100 par|[from] item: Black Sludge
|-damage|p2a: Celebi|94/100 tox|[from] psn
|upkeep
|turn|13
|
|t:|1743248802
|move|p1a: Tentacruel|Protect|p1a: Tentacruel
|-singleturn|p1a: Tentacruel|Protect
|move|p2a: Celebi|Psychic|p1a: Tentacruel
|-activate|p1a: Tentacruel|move: Protect
|
|-weather|RainDance|[upkeep]
|-heal|p1a: Tentacruel|64/100 par|[from] ability: Rain Dish
|-heal|p2a: Celebi|100/100 tox|[from] item: Leftovers
|-heal|p1a: Tentacruel|70/100 par|[from] item: Black Sludge
|-damage|p2a: Celebi|88/100 tox|[from] psn
|upkeep
|turn|14
|
|t:|1743248810
|switch|p1a: Politoed|Politoed, F|69/100
|move|p2a: Celebi|Psychic|p1a: Politoed
|-damage|p1a: Politoed|36/100
|
|-weather|RainDance|[upkeep]
|-heal|p2a: Celebi|94/100 tox|[from] item: Leftovers
|-damage|p2a: Celebi|76/100 tox|[from] psn
|upkeep
|turn|15
|
|t:|1743248814
|move|p2a: Celebi|Recover|p2a: Celebi
|-heal|p2a: Celebi|100/100 tox
|move|p1a: Politoed|Scald|p2a: Celebi
|-resisted|p2a: Celebi
|-damage|p2a: Celebi|77/100 tox
|
|-weather|RainDance|[upkeep]
|-heal|p2a: Celebi|83/100 tox|[from] item: Leftovers
|-damage|p2a: Celebi|59/100 tox|[from] psn
|upkeep
|turn|16
|
|t:|1743248821
|switch|p1a: Tentacruel|Tentacruel, F|70/100 par
|move|p2a: Celebi|U-turn|p1a: Tentacruel
|-resisted|p1a: Tentacruel
|-damage|p1a: Tentacruel|61/100 par
|
|t:|1743248824
|-curestatus|p2a: Celebi|tox|[from] ability: Natural Cure
|switch|p2a: Zapdos|Zapdos|100/100|[from] U-turn
|-ability|p2a: Zapdos|Pressure
|
|-weather|RainDance|[upkeep]
|-heal|p1a: Tentacruel|67/100 par|[from] ability: Rain Dish
|-heal|p1a: Tentacruel|73/100 par|[from] item: Black Sludge
|upkeep
|turn|17
|
|t:|1743248829
|switch|p2a: Celebi|Celebi|59/100
|move|p1a: Tentacruel|Scald|p2a: Celebi
|-resisted|p2a: Celebi
|-damage|p2a: Celebi|48/100
|
|-weather|RainDance|[upkeep]
|-heal|p1a: Tentacruel|79/100 par|[from] ability: Rain Dish
|-heal|p2a: Celebi|54/100|[from] item: Leftovers
|-heal|p1a: Tentacruel|85/100 par|[from] item: Black Sludge
|upkeep
|turn|18
|
|t:|1743248836
|move|p2a: Celebi|Psychic|p1a: Tentacruel
|-supereffective|p1a: Tentacruel
|-damage|p1a: Tentacruel|39/100 par
|move|p1a: Tentacruel|Toxic|p2a: Celebi
|-status|p2a: Celebi|tox
|
|-weather|RainDance|[upkeep]
|-heal|p1a: Tentacruel|45/100 par|[from] ability: Rain Dish
|-heal|p2a: Celebi|61/100 tox|[from] item: Leftovers
|-heal|p1a: Tentacruel|51/100 par|[from] item: Black Sludge
|-damage|p2a: Celebi|54/100 tox|[from] psn
|upkeep
|turn|19
|
|t:|1743248840
|move|p1a: Tentacruel|Protect|p1a: Tentacruel
|-singleturn|p1a: Tentacruel|Protect
|move|p2a: Celebi|Recover|p2a: Celebi
|-heal|p2a: Celebi|100/100 tox
|
|-weather|RainDance|[upkeep]
|-heal|p1a: Tentacruel|57/100 par|[from] ability: Rain Dish
|-heal|p1a: Tentacruel|63/100 par|[from] item: Black Sludge
|-damage|p2a: Celebi|88/100 tox|[from] psn
|upkeep
|turn|20
|
|t:|1743248842
|switch|p1a: Thundurus|Thundurus-Therian, M|100/100
|move|p2a: Celebi|U-turn|p1a: Thundurus
|-resisted|p1a: Thundurus
|-damage|p1a: Thundurus|89/100
|
|t:|1743248846
|-curestatus|p2a: Celebi|tox|[from] ability: Natural Cure
|switch|p2a: Azelf|Azelf|100/100|[from] U-turn
|
|-weather|RainDance|[upkeep]
|-heal|p1a: Thundurus|96/100|[from] item: Leftovers
|upkeep
|turn|21
|
|t:|1743248854
|switch|p1a: Tentacruel|Tentacruel, F|63/100 par
|move|p2a: Azelf|Explosion|p1a: Tentacruel
|-damage|p1a: Tentacruel|0 fnt
|faint|p2a: Azelf
|faint|p1a: Tentacruel
|
|-weather|RainDance|[upkeep]
|upkeep
|
|t:|1743248861
|switch|p2a: Zapdos|Zapdos|100/100
|switch|p1a: Thundurus|Thundurus-Therian, M|96/100
|-ability|p2a: Zapdos|Pressure
|turn|22
|
|t:|1743248863
|move|p2a: Zapdos|Hidden Power|p1a: Thundurus
|-supereffective|p1a: Thundurus
|-damage|p1a: Thundurus|46/100
|move|p1a: Thundurus|Agility|p1a: Thundurus
|-boost|p1a: Thundurus|spe|2
|
|-weather|RainDance|[upkeep]
|-heal|p1a: Thundurus|52/100|[from] item: Leftovers
|upkeep
|turn|23
|
|t:|1743248866
|move|p1a: Thundurus|Hidden Power|p2a: Zapdos
|-supereffective|p2a: Zapdos
|-damage|p2a: Zapdos|37/100
|move|p2a: Zapdos|Hidden Power|p1a: Thundurus
|-supereffective|p1a: Thundurus
|-damage|p1a: Thundurus|1/100
|
|-weather|RainDance|[upkeep]
|-heal|p1a: Thundurus|8/100|[from] item: Leftovers
|-heal|p2a: Zapdos|43/100|[from] item: Leftovers
|upkeep
|turn|24
|
|t:|1743248868
|move|p1a: Thundurus|Hidden Power|p2a: Zapdos
|-supereffective|p2a: Zapdos
|-damage|p2a: Zapdos|0 fnt
|faint|p2a: Zapdos
|
|-weather|RainDance|[upkeep]
|-heal|p1a: Thundurus|14/100|[from] item: Leftovers
|upkeep
|
|t:|1743248870
|switch|p2a: Breloom|Breloom, F|100/100
|turn|25
|
|t:|1743248872
|move|p2a: Breloom|Mach Punch|p1a: Thundurus
|-resisted|p1a: Thundurus
|-damage|p1a: Thundurus|0 fnt
|faint|p1a: Thundurus
|
|-weather|RainDance|[upkeep]
|upkeep
|
|t:|1743248879
|switch|p1a: Politoed|Politoed, F|36/100
|turn|26
|
|t:|1743248881
|move|p2a: Breloom|Mach Punch|p1a: Politoed
|-damage|p1a: Politoed|0 fnt
|faint|p1a: Politoed
|
|-weather|RainDance|[upkeep]
|upkeep
|
|t:|1743248884
|switch|p1a: Keldeo|Keldeo|82/100 tox
|turn|27
|
|t:|1743248886
|move|p2a: Breloom|Mach Punch|p1a: Keldeo
|-crit|p1a: Keldeo
|-damage|p1a: Keldeo|0 fnt
|faint|p1a: Keldeo
|
|win|el janitor
|raw|Cinema Staff Fan's rating: 1443 &rarr; <strong>1421</strong><br />(-22 for losing)
|raw|el janitor's rating: 1408 &rarr; <strong>1430</strong><br />(+22 for winning)
