|j|☆unnot
|j|☆AlphaDragonLord
|t:|1730598322
|gametype|singles
|player|p1|unnot|steven|1378
|player|p2|AlphaDragonLord|ghetsis|1319
|teamsize|p1|6
|teamsize|p2|6
|gen|5
|tier|[Gen 5] OU
|rated|
|rule|Species Clause: Limit one of each Pokémon
|rule|OHKO Clause: OHKO moves are banned
|rule|Moody Clause: Moody is banned
|rule|Evasion Items Clause: Evasion items are banned
|rule|Evasion Moves Clause: Evasion moves are banned
|rule|Endless Battle Clause: Forcing endless battles is banned
|rule|HP Percentage Mod: HP is shown in percentages
|rule|Evasion Abilities Clause: Evasion abilities are banned
|rule|Sleep Moves Clause: Sleep-inducing moves are banned
|rule|Swagger Clause: Swagger is banned
|rule|Baton Pass Stat Clause: No Baton Passer may have a way to boost its stats
|clearpoke
|poke|p1|Alakazam, F|item
|poke|p1|Reuniclus, M|mail
|poke|p1|Clefable, F|item
|poke|p1|Sigilyph, M|item
|poke|p1|Sableye, M|item
|poke|p1|Excadrill, M|item
|poke|p2|Garchomp, F|item
|poke|p2|Terrakion|item
|poke|p2|Starmie|item
|poke|p2|Dragonite, M|item
|poke|p2|Scizor, F|item
|poke|p2|Breloom, M|item
|teampreview
|inactive|Battle timer is ON: inactive players will automatically lose when time's up. (requested by AlphaDragonLord)
|inactive|unnot also wants the timer to be on.
|
|t:|1730598349
|start
|switch|p1a: Sableye|Sableye, M, shiny|100/100
|switch|p2a: Terrakion|Terrakion|100/100
|turn|1
|
|t:|1730598354
|move|p1a: Sableye|Will-O-Wisp|p2a: Terrakion
|-status|p2a: Terrakion|brn
|move|p2a: Terrakion|Taunt|p1a: Sableye
|-start|p1a: Sableye|move: Taunt
|
|-damage|p2a: Terrakion|88/100 brn|[from] brn
|upkeep
|turn|2
|
|t:|1730598361
|move|p2a: Terrakion|Stealth Rock|p1a: Sableye
|-sidestart|p1: unnot|move: Stealth Rock
|move|p1a: Sableye|Knock Off|p2a: Terrakion
|-resisted|p2a: Terrakion
|-damage|p2a: Terrakion|85/100 brn
|-ability|p2a: Terrakion|Justified|boost
|-boost|p2a: Terrakion|atk|1
|-enditem|p2a: Terrakion|Focus Sash|[from] move: Knock Off|[of] p1a: Sableye
|
|-damage|p2a: Terrakion|73/100 brn|[from] brn
|upkeep
|turn|3
|
|t:|1730598368
|switch|p1a: Sigilyph|Sigilyph, M, shiny|100/100
|move|p2a: Terrakion|Stone Edge|p1a: Sigilyph
|-supereffective|p1a: Sigilyph
|-damage|p1a: Sigilyph|37/100
|
|-damage|p2a: Terrakion|60/100 brn|[from] brn
|upkeep
|turn|4
|
|t:|1730598376
|move|p2a: Terrakion|Stone Edge|p1a: Sigilyph
|-supereffective|p1a: Sigilyph
|-crit|p1a: Sigilyph
|-damage|p1a: Sigilyph|0 fnt
|faint|p1a: Sigilyph
|
|-damage|p2a: Terrakion|48/100 brn|[from] brn
|upkeep
|j| ReallyFunTeams
|
|t:|1730598385
|switch|p1a: Sableye|Sableye, M, shiny|100/100
|-damage|p1a: Sableye|88/100|[from] Stealth Rock
|turn|5
|
|t:|1730598405
|move|p1a: Sableye|Taunt|p2a: Terrakion
|-start|p2a: Terrakion|move: Taunt
|move|p2a: Terrakion|Stone Edge|p1a: Sableye
|-damage|p1a: Sableye|29/100
|
|-heal|p1a: Sableye|36/100|[from] item: Leftovers
|-damage|p2a: Terrakion|35/100 brn|[from] brn
|upkeep
|turn|6
|
|t:|1730598410
|move|p1a: Sableye|Recover|p1a: Sableye
|-heal|p1a: Sableye|86/100
|move|p2a: Terrakion|Stone Edge|p1a: Sableye
|-damage|p1a: Sableye|31/100
|
|-heal|p1a: Sableye|38/100|[from] item: Leftovers
|-damage|p2a: Terrakion|23/100 brn|[from] brn
|upkeep
|turn|7
|inactive|AlphaDragonLord has 120 seconds left.
|
|t:|1730598448
|move|p1a: Sableye|Recover|p1a: Sableye
|-heal|p1a: Sableye|88/100
|move|p2a: Terrakion|Stone Edge|p1a: Sableye
|-damage|p1a: Sableye|28/100
|
|-heal|p1a: Sableye|35/100|[from] item: Leftovers
|-damage|p2a: Terrakion|11/100 brn|[from] brn
|-end|p2a: Terrakion|move: Taunt
|upkeep
|turn|8
|
|t:|1730598453
|move|p1a: Sableye|Recover|p1a: Sableye
|-heal|p1a: Sableye|85/100
|move|p2a: Terrakion|Taunt|p1a: Sableye
|-start|p1a: Sableye|move: Taunt
|
|-heal|p1a: Sableye|91/100|[from] item: Leftovers
|-damage|p2a: Terrakion|0 fnt|[from] brn
|faint|p2a: Terrakion
|upkeep
|inactive|AlphaDragonLord has 120 seconds left.
|inactive|AlphaDragonLord has 90 seconds left.
|
|t:|1730598507
|switch|p2a: Breloom|Breloom, M|100/100
|turn|9
|
|t:|1730598515
|switch|p1a: Clefable|Clefable, F, shiny|100/100
|move|p2a: Breloom|Bullet Seed|p1a: Clefable
|-damage|p1a: Clefable|67/100
|-damage|p1a: Clefable|35/100
|-damage|p1a: Clefable|2/100
|-damage|p1a: Clefable|0 fnt
|faint|p1a: Clefable
|-hitcount|p1: Clefable|4
|-damage|p2a: Breloom|91/100|[from] item: Life Orb
|
|upkeep
|
|t:|1730598524
|switch|p1a: Alakazam|Alakazam, F, shiny|100/100
|turn|10
|
|t:|1730598530
|switch|p2a: Scizor|Scizor, F|100/100
|move|p1a: Alakazam|Psychic|p2a: Scizor
|-resisted|p2a: Scizor
|-damage|p2a: Scizor|69/100
|
|upkeep
|turn|11
|
|t:|1730598535
|move|p1a: Alakazam|Focus Blast|p2a: Scizor|[miss]
|-miss|p1a: Alakazam|p2a: Scizor
|move|p2a: Scizor|Pursuit|p1a: Alakazam
|-supereffective|p1a: Alakazam
|-enditem|p1a: Alakazam|Focus Sash
|-damage|p1a: Alakazam|1/100
|-damage|p2a: Scizor|59/100|[from] item: Life Orb
|
|upkeep
|turn|12
|
|t:|1730598541
|move|p2a: Scizor|Bullet Punch|p1a: Alakazam
|-damage|p1a: Alakazam|0 fnt
|faint|p1a: Alakazam
|-damage|p2a: Scizor|49/100|[from] item: Life Orb
|
|upkeep
|
|t:|1730598546
|switch|p1a: Sableye|Sableye, M, shiny|91/100
|-damage|p1a: Sableye|78/100|[from] Stealth Rock
|turn|13
|
|t:|1730598553
|switch|p2a: Starmie|Starmie|100/100
|-item|p2a: Starmie|Air Balloon
|move|p1a: Sableye|Will-O-Wisp|p2a: Starmie
|-status|p2a: Starmie|brn
|
|-heal|p1a: Sableye|85/100|[from] item: Leftovers
|-damage|p2a: Starmie|88/100 brn|[from] brn
|upkeep
|turn|14
|
|t:|1730598560
|move|p1a: Sableye|Taunt|p2a: Starmie
|-start|p2a: Starmie|move: Taunt
|move|p2a: Starmie|Hydro Pump|p1a: Sableye
|-damage|p1a: Sableye|8/100
|
|-heal|p1a: Sableye|14/100|[from] item: Leftovers
|-damage|p2a: Starmie|76/100 brn|[from] brn
|upkeep
|turn|15
|
|t:|1730598566
|move|p1a: Sableye|Recover|p1a: Sableye
|-heal|p1a: Sableye|64/100
|move|p2a: Starmie|Ice Beam|p1a: Sableye
|-damage|p1a: Sableye|25/100
|
|-heal|p1a: Sableye|32/100|[from] item: Leftovers
|-damage|p2a: Starmie|64/100 brn|[from] brn
|upkeep
|turn|16
|
|t:|1730598571
|move|p1a: Sableye|Recover|p1a: Sableye
|-heal|p1a: Sableye|82/100
|move|p2a: Starmie|Hydro Pump|p1a: Sableye
|-damage|p1a: Sableye|13/100
|
|-heal|p1a: Sableye|19/100|[from] item: Leftovers
|-damage|p2a: Starmie|51/100 brn|[from] brn
|-end|p2a: Starmie|move: Taunt
|upkeep
|turn|17
|
|t:|1730598574
|move|p1a: Sableye|Recover|p1a: Sableye
|-heal|p1a: Sableye|69/100
|move|p2a: Starmie|Hydro Pump|p1a: Sableye|[miss]
|-miss|p2a: Starmie|p1a: Sableye
|
|-heal|p1a: Sableye|75/100|[from] item: Leftovers
|-damage|p2a: Starmie|39/100 brn|[from] brn
|upkeep
|turn|18
|
|t:|1730598581
|move|p1a: Sableye|Recover|p1a: Sableye
|-heal|p1a: Sableye|100/100
|move|p2a: Starmie|Hydro Pump|p1a: Sableye
|-damage|p1a: Sableye|30/100
|
|-heal|p1a: Sableye|37/100|[from] item: Leftovers
|-damage|p2a: Starmie|27/100 brn|[from] brn
|upkeep
|turn|19
|
|t:|1730598587
|move|p1a: Sableye|Recover|p1a: Sableye
|-heal|p1a: Sableye|87/100
|move|p2a: Starmie|Hydro Pump|p1a: Sableye|[miss]
|-miss|p2a: Starmie|p1a: Sableye
|
|-heal|p1a: Sableye|93/100|[from] item: Leftovers
|-damage|p2a: Starmie|15/100 brn|[from] brn
|upkeep
|turn|20
|
|t:|1730598595
|move|p2a: Starmie|Ice Beam|p1a: Sableye
|-damage|p1a: Sableye|66/100
|move|p1a: Sableye|Knock Off|p2a: Starmie
|-supereffective|p2a: Starmie
|-damage|p2a: Starmie|0 fnt
|-enditem|p2a: Starmie|Air Balloon
|faint|p2a: Starmie
|
|-heal|p1a: Sableye|72/100|[from] item: Leftovers
|upkeep
|
|t:|1730598613
|switch|p2a: Scizor|Scizor, F|49/100
|turn|21
|
|t:|1730598616
|move|p2a: Scizor|Bullet Punch|p1a: Sableye
|-damage|p1a: Sableye|13/100
|-damage|p2a: Scizor|39/100|[from] item: Life Orb
|move|p1a: Sableye|Will-O-Wisp|p2a: Scizor|[miss]
|-miss|p1a: Sableye|p2a: Scizor
|
|-heal|p1a: Sableye|20/100|[from] item: Leftovers
|upkeep
|turn|22
|
|t:|1730598626
|switch|p1a: Excadrill|Excadrill, M, shiny|100/100
|-damage|p1a: Excadrill|97/100|[from] Stealth Rock
|-ability|p1a: Excadrill|Mold Breaker
|move|p2a: Scizor|Bullet Punch|p1a: Excadrill
|-resisted|p1a: Excadrill
|-damage|p1a: Excadrill|67/100
|-damage|p2a: Scizor|29/100|[from] item: Life Orb
|
|-heal|p1a: Excadrill|73/100|[from] item: Leftovers
|upkeep
|turn|23
|
|t:|1730598629
|move|p1a: Excadrill|Stealth Rock|p2a: Scizor
|-sidestart|p2: AlphaDragonLord|move: Stealth Rock
|move|p2a: Scizor|Superpower|p1a: Excadrill
|-supereffective|p1a: Excadrill
|-damage|p1a: Excadrill|0 fnt
|-unboost|p2a: Scizor|atk|1
|-unboost|p2a: Scizor|def|1
|faint|p1a: Excadrill
|-damage|p2a: Scizor|19/100|[from] item: Life Orb
|
|upkeep
|
|t:|1730598633
|switch|p1a: Reuniclus|Reuniclus, M, shiny|100/100
|turn|24
|
|t:|1730598636
|move|p2a: Scizor|Pursuit|p1a: Reuniclus
|-supereffective|p1a: Reuniclus
|-damage|p1a: Reuniclus|77/100
|-damage|p2a: Scizor|9/100|[from] item: Life Orb
|move|p1a: Reuniclus|Acid Armor|p1a: Reuniclus
|-boost|p1a: Reuniclus|def|2
|
|upkeep
|turn|25
|
|t:|1730598642
|move|p2a: Scizor|Pursuit|p1a: Reuniclus
|-supereffective|p1a: Reuniclus
|-damage|p1a: Reuniclus|64/100
|-damage|p2a: Scizor|0 fnt|[from] item: Life Orb
|faint|p2a: Scizor
|move|p1a: Reuniclus|Acid Armor|p1a: Reuniclus
|-boost|p1a: Reuniclus|def|2
|
|upkeep
|
|t:|1730598657
|switch|p2a: Breloom|Breloom, M|91/100
|-damage|p2a: Breloom|84/100|[from] Stealth Rock
|turn|26
|
|t:|1730598661
|move|p2a: Breloom|Bullet Seed|p1a: Reuniclus
|-damage|p1a: Reuniclus|58/100
|-damage|p1a: Reuniclus|51/100
|-damage|p1a: Reuniclus|44/100
|-hitcount|p1a: Reuniclus|3
|-damage|p2a: Breloom|74/100|[from] item: Life Orb
|move|p1a: Reuniclus|Recover|p1a: Reuniclus
|-heal|p1a: Reuniclus|94/100
|
|upkeep
|turn|27
|
|t:|1730598671
|move|p2a: Breloom|Bullet Seed|p1a: Reuniclus
|-damage|p1a: Reuniclus|88/100
|-damage|p1a: Reuniclus|81/100
|-damage|p1a: Reuniclus|74/100
|-damage|p1a: Reuniclus|67/100
|-damage|p1a: Reuniclus|60/100
|-hitcount|p1a: Reuniclus|5
|-damage|p2a: Breloom|64/100|[from] item: Life Orb
|move|p1a: Reuniclus|Acid Armor|p1a: Reuniclus
|-boost|p1a: Reuniclus|def|2
|
|upkeep
|turn|28
|
|t:|1730598681
|move|p2a: Breloom|Bullet Seed|p1a: Reuniclus
|-damage|p1a: Reuniclus|55/100
|-damage|p1a: Reuniclus|50/100
|-hitcount|p1a: Reuniclus|2
|-damage|p2a: Breloom|55/100|[from] item: Life Orb
|move|p1a: Reuniclus|Recover|p1a: Reuniclus
|-heal|p1a: Reuniclus|99/100
|
|upkeep
|turn|29
|
|t:|1730598684
|move|p2a: Breloom|Swords Dance|p2a: Breloom
|-boost|p2a: Breloom|atk|2
|move|p1a: Reuniclus|Calm Mind|p1a: Reuniclus
|-boost|p1a: Reuniclus|spa|1
|-boost|p1a: Reuniclus|spd|1
|
|upkeep
|turn|30
|
|t:|1730598689
|move|p2a: Breloom|Bullet Seed|p1a: Reuniclus
|-damage|p1a: Reuniclus|90/100
|-damage|p1a: Reuniclus|79/100
|-damage|p1a: Reuniclus|70/100
|-hitcount|p1a: Reuniclus|3
|-damage|p2a: Breloom|45/100|[from] item: Life Orb
|move|p1a: Reuniclus|Calm Mind|p1a: Reuniclus
|-boost|p1a: Reuniclus|spa|1
|-boost|p1a: Reuniclus|spd|1
|
|upkeep
|turn|31
|
|t:|1730598696
|move|p2a: Breloom|Swords Dance|p2a: Breloom
|-boost|p2a: Breloom|atk|2
|move|p1a: Reuniclus|Psychic|p2a: Breloom
|-supereffective|p2a: Breloom
|-damage|p2a: Breloom|0 fnt
|faint|p2a: Breloom
|
|upkeep
|
|t:|1730598706
|switch|p2a: Garchomp|Garchomp, F|100/100
|-damage|p2a: Garchomp|94/100|[from] Stealth Rock
|turn|32
|
|t:|1730598708
|move|p2a: Garchomp|Swords Dance|p2a: Garchomp
|-boost|p2a: Garchomp|atk|2
|move|p1a: Reuniclus|Recover|p1a: Reuniclus
|-heal|p1a: Reuniclus|100/100
|
|upkeep
|turn|33
|
|t:|1730598711
|move|p2a: Garchomp|Swords Dance|p2a: Garchomp
|-boost|p2a: Garchomp|atk|2
|move|p1a: Reuniclus|Psychic|p2a: Garchomp
|-damage|p2a: Garchomp|15/100
|
|upkeep
|turn|34
|
|t:|1730598716
|move|p2a: Garchomp|Outrage|p1a: Reuniclus
|-damage|p1a: Reuniclus|63/100
|move|p1a: Reuniclus|Psychic|p2a: Garchomp
|-damage|p2a: Garchomp|0 fnt
|faint|p2a: Garchomp
|
|upkeep
|j| zaaya
|
|t:|1730598719
|switch|p2a: Dragonite|Dragonite, M|100/100
|-damage|p2a: Dragonite|76/100|[from] Stealth Rock
|turn|35
|
|t:|1730598723
|move|p2a: Dragonite|Dragon Dance|p2a: Dragonite
|-boost|p2a: Dragonite|atk|1
|-boost|p2a: Dragonite|spe|1
|move|p1a: Reuniclus|Psychic|p2a: Dragonite
|-damage|p2a: Dragonite|0 fnt
|faint|p2a: Dragonite
|
|win|unnot
|raw|unnot's rating: 1378 &rarr; <strong>1395</strong><br />(+17 for winning)
|raw|AlphaDragonLord's rating: 1319 &rarr; <strong>1302</strong><br />(-17 for losing)
|l|☆AlphaDragonLord
|player|p2|
|l|☆unnot
|player|p1|
