|j|☆Croaset
|j|☆Morgan23
|t:|1706999908
|gametype|singles
|player|p1|Croaset|elesa|1445
|player|p2|Morgan23|2|1313
|teamsize|p1|6
|teamsize|p2|6
|gen|5
|tier|[Gen 5] OU
|rated|
|rule|Species Clause: Limit one of each Pokémon
|rule|OHKO Clause: OHKO moves are banned
|rule|Moody Clause: Moody is banned
|rule|Evasion Items Clause: Evasion items are banned
|rule|Evasion Moves Clause: Evasion moves are banned
|rule|Endless Battle Clause: Forcing endless battles is banned
|rule|HP Percentage Mod: HP is shown in percentages
|rule|Evasion Abilities Clause: Evasion abilities are banned
|rule|Sleep Moves Clause: Sleep-inducing moves are banned
|rule|Swagger Clause: Swagger is banned
|rule|Baton Pass Stat Clause: No Baton Passer may have a way to boost its stats
|clearpoke
|poke|p1|Politoed, M|item
|poke|p1|Tentacruel, F|item
|poke|p1|Ferrothorn, F|item
|poke|p1|Toxicroak, M|item
|poke|p1|Thundurus-Therian, M|item
|poke|p1|Virizion|item
|poke|p2|Tyranitar, M|item
|poke|p2|Rotom-Wash|item
|poke|p2|Landorus-Therian, M|item
|poke|p2|Latios, M|item
|poke|p2|Ferrothorn, M|item
|poke|p2|Excadrill, M|item
|teampreview
|inactive|Battle timer is ON: inactive players will automatically lose when time's up. (requested by Croaset)
|
|t:|1706999955
|start
|switch|p1a: Virizion|Virizion|100/100
|switch|p2a: Rotom|Rotom-Wash|100/100
|turn|1
|
|t:|1706999962
|switch|p2a: Landorus|Landorus-Therian, M|100/100
|-ability|p2a: Landorus|Intimidate|boost
|-unboost|p1a: Virizion|atk|1
|move|p1a: Virizion|Giga Drain|p2a: Landorus
|-damage|p2a: Landorus|65/100
|
|-heal|p2a: Landorus|71/100|[from] item: Leftovers
|upkeep
|turn|2
|
|t:|1706999973
|move|p1a: Virizion|Hidden Power|p2a: Landorus
|-supereffective|p2a: Landorus
|-damage|p2a: Landorus|0 fnt
|faint|p2a: Landorus
|
|upkeep
|
|t:|1706999981
|switch|p2a: Tyranitar|Tyranitar, M|100/100
|-weather|Sandstorm|[from] ability: Sand Stream|[of] p2a: Tyranitar
|turn|3
|
|t:|1706999986
|switch|p1a: Politoed|Politoed, M, shiny|100/100
|-weather|RainDance|[from] ability: Drizzle|[of] p1a: Politoed
|switch|p2a: Latios|Latios, M|100/100
|
|-weather|RainDance|[upkeep]
|upkeep
|turn|4
|
|t:|1706999994
|switch|p1a: Ferrothorn|Ferrothorn, F, shiny|100/100
|move|p2a: Latios|Trick|p1a: Ferrothorn
|-activate|p2a: Latios|move: Trick|[of] p1a: Ferrothorn
|-item|p1a: Ferrothorn|Choice Scarf|[from] move: Trick
|-item|p2a: Latios|Leftovers|[from] move: Trick
|
|-weather|RainDance|[upkeep]
|upkeep
|turn|5
|
|t:|1707000004
|switch|p2a: Tyranitar|Tyranitar, M|100/100
|-weather|Sandstorm|[from] ability: Sand Stream|[of] p2a: Tyranitar
|move|p1a: Ferrothorn|Knock Off|p2a: Tyranitar
|-resisted|p2a: Tyranitar
|-damage|p2a: Tyranitar|99/100
|-enditem|p2a: Tyranitar|Chople Berry|[from] move: Knock Off|[of] p1a: Ferrothorn
|
|-weather|Sandstorm|[upkeep]
|upkeep
|turn|6
|
|t:|1707000016
|switch|p1a: Politoed|Politoed, M, shiny|100/100
|-weather|RainDance|[from] ability: Drizzle|[of] p1a: Politoed
|move|p2a: Tyranitar|Ice Beam|p1a: Politoed
|-resisted|p1a: Politoed
|-damage|p1a: Politoed|92/100
|
|-weather|RainDance|[upkeep]
|-heal|p1a: Politoed|98/100|[from] item: Leftovers
|upkeep
|turn|7
|
|t:|1707000029
|switch|p2a: Rotom|Rotom-Wash|100/100
|move|p1a: Politoed|Scald|p2a: Rotom
|-resisted|p2a: Rotom
|-damage|p2a: Rotom|86/100
|
|-weather|RainDance|[upkeep]
|-heal|p2a: Rotom|92/100|[from] item: Leftovers
|-heal|p1a: Politoed|100/100|[from] item: Leftovers
|upkeep
|turn|8
|
|t:|1707000046
|switch|p1a: Virizion|Virizion|100/100
|move|p2a: Rotom|Hydro Pump|p1a: Virizion
|-resisted|p1a: Virizion
|-damage|p1a: Virizion|75/100
|
|-weather|RainDance|[upkeep]
|-heal|p1a: Virizion|82/100|[from] item: Leftovers
|-heal|p2a: Rotom|98/100|[from] item: Leftovers
|upkeep
|turn|9
|
|t:|1707000057
|move|p1a: Virizion|Giga Drain|p2a: Rotom
|-supereffective|p2a: Rotom
|-damage|p2a: Rotom|51/100
|-heal|p1a: Virizion|100/100|[from] drain|[of] p2a: Rotom
|move|p2a: Rotom|Will-O-Wisp|p1a: Virizion
|-status|p1a: Virizion|brn
|
|-weather|RainDance|[upkeep]
|-heal|p2a: Rotom|57/100|[from] item: Leftovers
|-damage|p1a: Virizion|88/100 brn|[from] brn
|upkeep
|turn|10
|
|t:|1707000071
|switch|p2a: Latios|Latios, M|100/100
|move|p1a: Virizion|Giga Drain|p2a: Latios
|-resisted|p2a: Latios
|-damage|p2a: Latios|85/100
|-heal|p1a: Virizion|96/100 brn|[from] drain|[of] p2a: Latios
|
|-weather|RainDance|[upkeep]
|-heal|p2a: Latios|91/100|[from] item: Leftovers
|-heal|p1a: Virizion|100/100 brn|[from] item: Leftovers
|-damage|p1a: Virizion|88/100 brn|[from] brn
|upkeep
|turn|11
|
|t:|1707000083
|switch|p1a: Ferrothorn|Ferrothorn, F, shiny|100/100
|move|p2a: Latios|Draco Meteor|p1a: Ferrothorn
|-resisted|p1a: Ferrothorn
|-damage|p1a: Ferrothorn|73/100
|-unboost|p2a: Latios|spa|2
|
|-weather|RainDance|[upkeep]
|-heal|p2a: Latios|97/100|[from] item: Leftovers
|upkeep
|turn|12
|
|t:|1707000094
|switch|p2a: Tyranitar|Tyranitar, M|99/100
|-weather|Sandstorm|[from] ability: Sand Stream|[of] p2a: Tyranitar
|move|p1a: Ferrothorn|Leech Seed|p2a: Tyranitar
|-start|p2a: Tyranitar|move: Leech Seed
|
|-weather|Sandstorm|[upkeep]
|-damage|p2a: Tyranitar|86/100|[from] Leech Seed|[of] p1a: Ferrothorn
|-heal|p1a: Ferrothorn|87/100|[silent]
|upkeep
|turn|13
|
|t:|1707000103
|switch|p2a: Ferrothorn|Ferrothorn, M|100/100
|switch|p1a: Politoed|Politoed, M, shiny|100/100
|-weather|RainDance|[from] ability: Drizzle|[of] p1a: Politoed
|
|-weather|RainDance|[upkeep]
|upkeep
|turn|14
|
|t:|1707000111
|switch|p1a: Thundurus|Thundurus-Therian, M|100/100
|move|p2a: Ferrothorn|Knock Off|p1a: Thundurus
|-damage|p1a: Thundurus|93/100
|-enditem|p1a: Thundurus|Leftovers|[from] move: Knock Off|[of] p2a: Ferrothorn
|
|-weather|RainDance|[upkeep]
|upkeep
|turn|15
|
|t:|1707000118
|switch|p2a: Latios|Latios, M|97/100
|move|p1a: Thundurus|Focus Blast|p2a: Latios|[miss]
|-miss|p1a: Thundurus|p2a: Latios
|
|-weather|RainDance|[upkeep]
|-heal|p2a: Latios|100/100|[from] item: Leftovers
|upkeep
|turn|16
|
|t:|1707000126
|switch|p1a: Ferrothorn|Ferrothorn, F, shiny|87/100
|move|p2a: Latios|Draco Meteor|p1a: Ferrothorn
|-resisted|p1a: Ferrothorn
|-damage|p1a: Ferrothorn|61/100
|-unboost|p2a: Latios|spa|2
|
|-weather|RainDance|[upkeep]
|upkeep
|turn|17
|j| ReallyFunTeams
|
|t:|1707000136
|switch|p2a: Ferrothorn|Ferrothorn, M|100/100
|move|p1a: Ferrothorn|Leech Seed|p2a: Ferrothorn
|-immune|p2a: Ferrothorn
|
|-weather|RainDance|[upkeep]
|upkeep
|turn|18
|
|t:|1707000143
|switch|p1a: Thundurus|Thundurus-Therian, M|93/100
|move|p2a: Ferrothorn|Spikes|p1a: Thundurus
|-sidestart|p1: Croaset|Spikes
|
|-weather|RainDance|[upkeep]
|upkeep
|turn|19
|
|t:|1707000156
|switch|p2a: Excadrill|Excadrill, M|100/100
|move|p1a: Thundurus|Substitute|p1a: Thundurus
|-start|p1a: Thundurus|Substitute
|-damage|p1a: Thundurus|69/100
|
|-weather|RainDance|[upkeep]
|upkeep
|turn|20
|
|t:|1707000165
|switch|p2a: Tyranitar|Tyranitar, M|86/100
|-weather|Sandstorm|[from] ability: Sand Stream|[of] p2a: Tyranitar
|move|p1a: Thundurus|Focus Blast|p2a: Tyranitar|[miss]
|-miss|p1a: Thundurus|p2a: Tyranitar
|
|-weather|Sandstorm|[upkeep]
|-damage|p1a: Thundurus|63/100|[from] Sandstorm
|upkeep
|turn|21
|
|t:|1707000177
|move|p1a: Thundurus|Focus Blast|p2a: Tyranitar
|-supereffective|p2a: Tyranitar
|-damage|p2a: Tyranitar|0 fnt
|faint|p2a: Tyranitar
|
|-weather|Sandstorm|[upkeep]
|-damage|p1a: Thundurus|57/100|[from] Sandstorm
|upkeep
|
|t:|1707000186
|switch|p2a: Latios|Latios, M|100/100
|turn|22
|
|t:|1707000189
|move|p2a: Latios|Dragon Pulse|p1a: Thundurus
|-end|p1a: Thundurus|Substitute
|move|p1a: Thundurus|Hidden Power|p2a: Latios
|-supereffective|p2a: Latios
|-damage|p2a: Latios|47/100
|
|-weather|Sandstorm|[upkeep]
|-damage|p2a: Latios|41/100|[from] Sandstorm
|-damage|p1a: Thundurus|51/100|[from] Sandstorm
|-heal|p2a: Latios|47/100|[from] item: Leftovers
|upkeep
|turn|23
|
|t:|1707000205
|switch|p1a: Politoed|Politoed, M, shiny|100/100
|-damage|p1a: Politoed|88/100|[from] Spikes
|-weather|RainDance|[from] ability: Drizzle|[of] p1a: Politoed
|move|p2a: Latios|Dragon Pulse|p1a: Politoed
|-damage|p1a: Politoed|47/100
|
|-weather|RainDance|[upkeep]
|-heal|p2a: Latios|53/100|[from] item: Leftovers
|-heal|p1a: Politoed|54/100|[from] item: Leftovers
|upkeep
|turn|24
|inactive|Morgan23 has 120 seconds left.
|
|t:|1707000250
|move|p1a: Politoed|Protect|p1a: Politoed
|-singleturn|p1a: Politoed|Protect
|move|p2a: Latios|Dragon Pulse|p1a: Politoed
|-activate|p1a: Politoed|move: Protect
|
|-weather|RainDance|[upkeep]
|-heal|p2a: Latios|59/100|[from] item: Leftovers
|-heal|p1a: Politoed|60/100|[from] item: Leftovers
|upkeep
|turn|25
|
|t:|1707000258
|move|p2a: Latios|Draco Meteor|p1a: Politoed|[miss]
|-miss|p2a: Latios|p1a: Politoed
|move|p1a: Politoed|Toxic|p2a: Latios
|-status|p2a: Latios|tox
|
|-weather|RainDance|[upkeep]
|-heal|p2a: Latios|65/100 tox|[from] item: Leftovers
|-heal|p1a: Politoed|66/100|[from] item: Leftovers
|-damage|p2a: Latios|59/100 tox|[from] psn
|upkeep
|turn|26
|inactive|Morgan23 has 120 seconds left.
|l| ReallyFunTeams
|
|t:|1707000269
|switch|p2a: Rotom|Rotom-Wash|57/100
|move|p1a: Politoed|Protect||[still]
|-fail|p1a: Politoed
|
|-weather|RainDance|[upkeep]
|-heal|p2a: Rotom|63/100|[from] item: Leftovers
|-heal|p1a: Politoed|72/100|[from] item: Leftovers
|upkeep
|turn|27
|inactive|Morgan23 has 120 seconds left.
|
|t:|1707000279
|move|p1a: Politoed|Protect|p1a: Politoed
|-singleturn|p1a: Politoed|Protect
|move|p2a: Rotom|Volt Switch|p1a: Politoed
|-activate|p1a: Politoed|move: Protect
|
|-weather|RainDance|[upkeep]
|-heal|p2a: Rotom|69/100|[from] item: Leftovers
|-heal|p1a: Politoed|79/100|[from] item: Leftovers
|upkeep
|turn|28
|
|t:|1707000287
|move|p2a: Rotom|Hydro Pump|p1a: Politoed
|-resisted|p1a: Politoed
|-damage|p1a: Politoed|49/100
|move|p1a: Politoed|Scald|p2a: Rotom
|-resisted|p2a: Rotom
|-damage|p2a: Rotom|53/100
|-status|p2a: Rotom|brn
|
|-weather|RainDance|[upkeep]
|-heal|p2a: Rotom|59/100 brn|[from] item: Leftovers
|-heal|p1a: Politoed|55/100|[from] item: Leftovers
|-damage|p2a: Rotom|47/100 brn|[from] brn
|upkeep
|turn|29
|
|t:|1707000299
|move|p1a: Politoed|Protect|p1a: Politoed
|-singleturn|p1a: Politoed|Protect
|move|p2a: Rotom|Volt Switch|p1a: Politoed
|-activate|p1a: Politoed|move: Protect
|
|-weather|RainDance|[upkeep]
|-heal|p2a: Rotom|53/100 brn|[from] item: Leftovers
|-heal|p1a: Politoed|62/100|[from] item: Leftovers
|-damage|p2a: Rotom|41/100 brn|[from] brn
|upkeep
|turn|30
|
|t:|1707000316
|move|p1a: Politoed|Protect|p1a: Politoed
|-singleturn|p1a: Politoed|Protect
|move|p2a: Rotom|Pain Split|p1a: Politoed
|-activate|p1a: Politoed|move: Protect
|
|-weather|RainDance|[upkeep]
|-heal|p2a: Rotom|47/100 brn|[from] item: Leftovers
|-heal|p1a: Politoed|68/100|[from] item: Leftovers
|-damage|p2a: Rotom|34/100 brn|[from] brn
|upkeep
|turn|31
|
|t:|1707000325
|switch|p1a: Thundurus|Thundurus-Therian, M|51/100
|move|p2a: Rotom|Pain Split|p1a: Thundurus
|-sethp|p1a: Thundurus|43/100|[from] move: Pain Split|[silent]
|-sethp|p2a: Rotom|42/100 brn|[from] move: Pain Split
|
|-weather|RainDance|[upkeep]
|-heal|p2a: Rotom|48/100 brn|[from] item: Leftovers
|-damage|p2a: Rotom|36/100 brn|[from] brn
|upkeep
|turn|32
|
|t:|1707000334
|move|p1a: Thundurus|Thunder|p2a: Rotom
|-damage|p2a: Rotom|0 fnt
|faint|p2a: Rotom
|
|-weather|RainDance|[upkeep]
|upkeep
|-message|Morgan23 forfeited.
|
|win|Croaset
|raw|Croaset's rating: 1445 &rarr; <strong>1458</strong><br />(+13 for winning)
|raw|Morgan23's rating: 1313 &rarr; <strong>1300</strong><br />(-13 for losing)
|l|☆Morgan23
|player|p2|
