|j|☆BLJ Mario
|j|☆aceonthecase
|t:|1709257515
|gametype|singles
|player|p1|BLJ Mario|lucas-gen4pt|1327
|player|p2|aceonthecase|veteran|1344
|teamsize|p1|6
|teamsize|p2|6
|gen|5
|tier|[Gen 5] OU
|rated|
|rule|Species Clause: Limit one of each Pokémon
|rule|OHKO Clause: OHKO moves are banned
|rule|Moody Clause: Moody is banned
|rule|Evasion Items Clause: Evasion items are banned
|rule|Evasion Moves Clause: Evasion moves are banned
|rule|Endless Battle Clause: Forcing endless battles is banned
|rule|HP Percentage Mod: HP is shown in percentages
|rule|Evasion Abilities Clause: Evasion abilities are banned
|rule|Sleep Moves Clause: Sleep-inducing moves are banned
|rule|Swagger Clause: Swagger is banned
|rule|Baton Pass Stat Clause: No Baton Passer may have a way to boost its stats
|clearpoke
|poke|p1|Politoed, F|item
|poke|p1|Dragonite, F|item
|poke|p1|Tentacruel, F|item
|poke|p1|Ferrothorn, F|item
|poke|p1|Thundurus-Therian, M|item
|poke|p1|Latios, M|item
|poke|p2|Aerodactyl, M|item
|poke|p2|Volcarona, M|item
|poke|p2|Cloyster, F|item
|poke|p2|Dragonite, M|item
|poke|p2|Scizor, F|item
|poke|p2|Latios, M|item
|teampreview
|inactive|Battle timer is ON: inactive players will automatically lose when time's up. (requested by aceonthecase)
|c|☆aceonthecase|hello mario
|c|☆BLJ Mario|hi
|c|☆BLJ Mario|this meessm
|inactive|BLJ Mario has 120 seconds left.
|
|t:|1709257554
|start
|switch|p1a: Pop snack crackle|Politoed, F|100/100
|switch|p2a: Aerodactyl|Aerodactyl, M|100/100
|-ability|p2a: Aerodactyl|Pressure
|-weather|RainDance|[from] ability: Drizzle|[of] p1a: Pop snack crackle
|turn|1
|c|☆aceonthecase|gearweel
|c|☆BLJ Mario|ah
|c|☆BLJ Mario|ok
|
|t:|1709257564
|move|p2a: Aerodactyl|Stealth Rock|p1a: Pop snack crackle
|-sidestart|p1: BLJ Mario|move: Stealth Rock
|move|p1a: Pop snack crackle|Encore|p2a: Aerodactyl
|-start|p2a: Aerodactyl|Encore
|
|-weather|RainDance|[upkeep]
|upkeep
|turn|2
|
|t:|1709257588
|switch|p2a: Latios|Latios, M|100/100
|move|p1a: Pop snack crackle|Scald|p2a: Latios
|-resisted|p2a: Latios
|-damage|p2a: Latios|83/100
|
|-weather|RainDance|[upkeep]
|upkeep
|turn|3
|
|t:|1709257597
|switch|p1a: Basement Dweller|Ferrothorn, F|100/100
|-damage|p1a: Basement Dweller|94/100|[from] Stealth Rock
|move|p2a: Latios|Calm Mind|p2a: Latios
|-boost|p2a: Latios|spa|1
|-boost|p2a: Latios|spd|1
|
|-weather|RainDance|[upkeep]
|-heal|p1a: Basement Dweller|100/100|[from] item: Leftovers
|upkeep
|turn|4
|inactive|aceonthecase has 120 seconds left.
|
|t:|1709257629
|move|p2a: Latios|Calm Mind|p2a: Latios
|-boost|p2a: Latios|spa|1
|-boost|p2a: Latios|spd|1
|move|p1a: Basement Dweller|Stealth Rock|p2a: Latios
|-sidestart|p2: aceonthecase|move: Stealth Rock
|
|-weather|RainDance|[upkeep]
|upkeep
|turn|5
|inactive|aceonthecase has 120 seconds left.
|
|t:|1709257639
|move|p2a: Latios|Hidden Power|p1a: Basement Dweller
|-supereffective|p1a: Basement Dweller
|-damage|p1a: Basement Dweller|37/100
|move|p1a: Basement Dweller|Knock Off|p2a: Latios
|-supereffective|p2a: Latios
|-damage|p2a: Latios|69/100
|-enditem|p2a: Latios|Draco Plate|[from] move: Knock Off|[of] p1a: Basement Dweller
|
|-weather|RainDance|[upkeep]
|-heal|p1a: Basement Dweller|43/100|[from] item: Leftovers
|upkeep
|turn|6
|
|t:|1709257662
|switch|p1a: Squid = Quid|Tentacruel, F|100/100
|-damage|p1a: Squid = Quid|88/100|[from] Stealth Rock
|move|p2a: Latios|Hidden Power|p1a: Squid = Quid
|-resisted|p1a: Squid = Quid
|-damage|p1a: Squid = Quid|79/100
|
|-weather|RainDance|[upkeep]
|-heal|p1a: Squid = Quid|85/100|[from] ability: Rain Dish
|-heal|p1a: Squid = Quid|91/100|[from] item: Black Sludge
|upkeep
|turn|7
|
|t:|1709257676
|switch|p1a: Basement Dweller|Ferrothorn, F|43/100
|-damage|p1a: Basement Dweller|37/100|[from] Stealth Rock
|move|p2a: Latios|Draco Meteor|p1a: Basement Dweller
|-resisted|p1a: Basement Dweller
|-damage|p1a: Basement Dweller|0 fnt
|-unboost|p2a: Latios|spa|2
|faint|p1a: Basement Dweller
|
|-weather|RainDance|[upkeep]
|upkeep
|
|t:|1709257692
|switch|p1a: Pop snack crackle|Politoed, F|100/100
|-damage|p1a: Pop snack crackle|88/100|[from] Stealth Rock
|turn|8
|inactive|aceonthecase has 120 seconds left.
|
|t:|1709257720
|move|p2a: Latios|Calm Mind|p2a: Latios
|-boost|p2a: Latios|spa|1
|-boost|p2a: Latios|spd|1
|move|p1a: Pop snack crackle|Encore|p2a: Latios
|-start|p2a: Latios|Encore
|
|-weather|RainDance|[upkeep]
|-heal|p1a: Pop snack crackle|94/100|[from] item: Leftovers
|upkeep
|turn|9
|inactive|aceonthecase has 120 seconds left.
|
|t:|1709257744
|switch|p2a: Aerodactyl|Aerodactyl, M|100/100
|-damage|p2a: Aerodactyl|76/100|[from] Stealth Rock
|-ability|p2a: Aerodactyl|Pressure
|switch|p1a: Mailman Jon|Dragonite, F|100/100
|-damage|p1a: Mailman Jon|76/100|[from] Stealth Rock
|
|-weather|RainDance|[upkeep]
|-heal|p1a: Mailman Jon|82/100|[from] item: Leftovers
|upkeep
|turn|10
|
|t:|1709257756
|move|p2a: Aerodactyl|Taunt|p1a: Mailman Jon
|-start|p1a: Mailman Jon|move: Taunt
|move|p1a: Mailman Jon|Dragon Claw|p2a: Aerodactyl
|-damage|p2a: Aerodactyl|18/100
|
|-weather|RainDance|[upkeep]
|-heal|p1a: Mailman Jon|88/100|[from] item: Leftovers
|upkeep
|turn|11
|
|t:|1709257763
|switch|p1a: Squid = Quid|Tentacruel, F|91/100
|-damage|p1a: Squid = Quid|78/100|[from] Stealth Rock
|move|p2a: Aerodactyl|Tailwind|p2a: Aerodactyl
|-sidestart|p2: aceonthecase|move: Tailwind
|
|-weather|RainDance|[upkeep]
|-heal|p1a: Squid = Quid|84/100|[from] ability: Rain Dish
|-heal|p1a: Squid = Quid|90/100|[from] item: Black Sludge
|upkeep
|turn|12
|c|☆BLJ Mario|woah
|
|t:|1709257776
|move|p2a: Aerodactyl|Double-Edge|p1a: Squid = Quid
|-damage|p1a: Squid = Quid|45/100
|-damage|p2a: Aerodactyl|0 fnt|[from] Recoil
|faint|p2a: Aerodactyl
|move|p1a: Squid = Quid|Rapid Spin|p2: Aerodactyl|[notarget]
|-fail|p1a: Squid = Quid
|
|-weather|RainDance|[upkeep]
|-heal|p1a: Squid = Quid|51/100|[from] ability: Rain Dish
|-heal|p1a: Squid = Quid|57/100|[from] item: Black Sludge
|upkeep
|inactive|aceonthecase has 90 seconds left.
|
|t:|1709257830
|switch|p2a: Cloyster|Cloyster, F|100/100
|-damage|p2a: Cloyster|76/100|[from] Stealth Rock
|turn|13
|
|t:|1709257847
|move|p2a: Cloyster|Rapid Spin|p1a: Squid = Quid
|-damage|p1a: Squid = Quid|50/100
|-sideend|p2: aceonthecase|Stealth Rock|[from] move: Rapid Spin|[of] p2a: Cloyster
|move|p1a: Squid = Quid|Scald|p2a: Cloyster
|-resisted|p2a: Cloyster
|-damage|p2a: Cloyster|32/100
|
|-weather|RainDance|[upkeep]
|-heal|p1a: Squid = Quid|56/100|[from] ability: Rain Dish
|-heal|p1a: Squid = Quid|62/100|[from] item: Black Sludge
|upkeep
|turn|14
|
|t:|1709257864
|switch|p1a: Pop snack crackle|Politoed, F|94/100
|-damage|p1a: Pop snack crackle|82/100|[from] Stealth Rock
|move|p2a: Cloyster|Rock Blast|p1a: Pop snack crackle
|-damage|p1a: Pop snack crackle|76/100
|-damage|p1a: Pop snack crackle|70/100
|-damage|p1a: Pop snack crackle|65/100
|-crit|p1a: Pop snack crackle
|-damage|p1a: Pop snack crackle|52/100
|-damage|p1a: Pop snack crackle|46/100
|-hitcount|p1a: Pop snack crackle|5
|
|-weather|RainDance|[upkeep]
|-heal|p1a: Pop snack crackle|52/100|[from] item: Leftovers
|-sideend|p2: aceonthecase|move: Tailwind
|upkeep
|turn|15
|inactive|aceonthecase has 60 seconds left.
|
|t:|1709257893
|move|p2a: Cloyster|Rock Blast|p1a: Pop snack crackle
|-damage|p1a: Pop snack crackle|46/100
|-damage|p1a: Pop snack crackle|40/100
|-damage|p1a: Pop snack crackle|33/100
|-damage|p1a: Pop snack crackle|27/100
|-damage|p1a: Pop snack crackle|21/100
|-hitcount|p1a: Pop snack crackle|5
|move|p1a: Pop snack crackle|Scald|p2a: Cloyster
|-resisted|p2a: Cloyster
|-damage|p2a: Cloyster|0 fnt
|faint|p2a: Cloyster
|
|-weather|RainDance|[upkeep]
|-heal|p1a: Pop snack crackle|27/100|[from] item: Leftovers
|upkeep
|inactive|aceonthecase has 30 seconds left.
|
|t:|1709257926
|switch|p2a: Dragonite|Dragonite, M|100/100
|turn|16
|
|t:|1709257933
|move|p2a: Dragonite|Dragon Dance|p2a: Dragonite
|-boost|p2a: Dragonite|atk|1
|-boost|p2a: Dragonite|spe|1
|move|p1a: Pop snack crackle|Encore|p2a: Dragonite
|-start|p2a: Dragonite|Encore
|
|-weather|RainDance|[upkeep]
|-heal|p1a: Pop snack crackle|33/100|[from] item: Leftovers
|upkeep
|turn|17
|inactive|aceonthecase has 30 seconds left.
|
|t:|1709257948
|switch|p2a: Scizor|Scizor, F|100/100
|move|p1a: Pop snack crackle|Scald|p2a: Scizor
|-crit|p2a: Scizor
|-damage|p2a: Scizor|0 fnt
|faint|p2a: Scizor
|
|-weather|RainDance|[upkeep]
|-heal|p1a: Pop snack crackle|40/100|[from] item: Leftovers
|upkeep
|inactive|aceonthecase has 30 seconds left.
|
|t:|1709257962
|switch|p2a: Latios|Latios, M|69/100
|turn|18
|inactive|aceonthecase has 30 seconds left.
|
|t:|1709257968
|move|p1a: Pop snack crackle|Protect|p1a: Pop snack crackle
|-singleturn|p1a: Pop snack crackle|Protect
|move|p2a: Latios|Calm Mind|p2a: Latios
|-boost|p2a: Latios|spa|1
|-boost|p2a: Latios|spd|1
|
|-weather|RainDance|[upkeep]
|-heal|p1a: Pop snack crackle|46/100|[from] item: Leftovers
|upkeep
|turn|19
|
|t:|1709257976
|switch|p1a: Squid = Quid|Tentacruel, F|62/100
|-damage|p1a: Squid = Quid|50/100|[from] Stealth Rock
|move|p2a: Latios|Draco Meteor|p1a: Squid = Quid|[miss]
|-miss|p2a: Latios|p1a: Squid = Quid
|
|-weather|RainDance|[upkeep]
|-heal|p1a: Squid = Quid|56/100|[from] ability: Rain Dish
|-heal|p1a: Squid = Quid|62/100|[from] item: Black Sludge
|upkeep
|turn|20
|
|t:|1709257987
|move|p2a: Latios|Draco Meteor|p1a: Squid = Quid
|-damage|p1a: Squid = Quid|0 fnt
|-unboost|p2a: Latios|spa|2
|faint|p1a: Squid = Quid
|
|-weather|RainDance|[upkeep]
|upkeep
|inactive|BLJ Mario has 120 seconds left.
|
|t:|1709258036
|switch|p1a: 1 In a million|Thundurus-Therian, M, shiny|100/100
|-damage|p1a: 1 In a million|76/100|[from] Stealth Rock
|turn|21
|inactive|aceonthecase has 30 seconds left.
|
|t:|1709258059
|move|p2a: Latios|Draco Meteor|p1a: 1 In a million
|-damage|p1a: 1 In a million|10/100
|-unboost|p2a: Latios|spa|2
|move|p1a: 1 In a million|Thunder|p2a: Latios
|-resisted|p2a: Latios
|-crit|p2a: Latios
|-damage|p2a: Latios|6/100
|
|-weather|RainDance|[upkeep]
|-heal|p1a: 1 In a million|16/100|[from] item: Leftovers
|upkeep
|turn|22
|inactive|aceonthecase has 30 seconds left.
|
|t:|1709258071
|move|p2a: Latios|Surf|p1a: 1 In a million
|-damage|p1a: 1 In a million|0 fnt
|faint|p1a: 1 In a million
|
|-weather|RainDance|[upkeep]
|upkeep
|
|t:|1709258077
|switch|p1a: Discount Airplane|Latios, M|100/100
|-damage|p1a: Discount Airplane|88/100|[from] Stealth Rock
|turn|23
|
|t:|1709258088
|move|p1a: Discount Airplane|Dragon Pulse|p2a: Latios
|-supereffective|p2a: Latios
|-damage|p2a: Latios|0 fnt
|faint|p2a: Latios
|
|-weather|RainDance|[upkeep]
|upkeep
|inactive|aceonthecase has 30 seconds left.
|inactive|aceonthecase has 20 seconds left.
|inactive|aceonthecase has 15 seconds left.
|
|t:|1709258118
|switch|p2a: Volcarona|Volcarona, M|100/100
|turn|24
|inactive|aceonthecase has 25 seconds left this turn.
|inactive|aceonthecase has 20 seconds left.
|inactive|aceonthecase has 15 seconds left.
|
|t:|1709258129
|move|p1a: Discount Airplane|Dragon Pulse|p2a: Volcarona
|-crit|p2a: Volcarona
|-damage|p2a: Volcarona|11/100
|move|p2a: Volcarona|Quiver Dance|p2a: Volcarona
|-boost|p2a: Volcarona|spa|1
|-boost|p2a: Volcarona|spd|1
|-boost|p2a: Volcarona|spe|1
|
|-weather|RainDance|[upkeep]
|upkeep
|turn|25
|inactive|aceonthecase has 25 seconds left this turn.
|inactive|BLJ Mario has 120 seconds left.
|inactive|aceonthecase has 20 seconds left.
|
|t:|1709258138
|move|p1a: Discount Airplane|Dragon Pulse|p2a: Volcarona
|-damage|p2a: Volcarona|0 fnt
|faint|p2a: Volcarona
|
|-weather|RainDance|[upkeep]
|upkeep
|inactive|aceonthecase has 25 seconds left this turn.
|c|☆aceonthecase|shit
|
|t:|1709258143
|switch|p2a: Dragonite|Dragonite, M|100/100
|turn|26
|inactive|BLJ Mario has 120 seconds left.
|
|t:|1709258172
|move|p1a: Discount Airplane|Dragon Pulse|p2a: Dragonite
|-supereffective|p2a: Dragonite
|-damage|p2a: Dragonite|48/100
|move|p2a: Dragonite|Dragon Dance|p2a: Dragonite
|-boost|p2a: Dragonite|atk|1
|-boost|p2a: Dragonite|spe|1
|
|-weather|RainDance|[upkeep]
|upkeep
|turn|27
|
|t:|1709258185
|move|p2a: Dragonite|Extreme Speed|p1a: Discount Airplane
|-damage|p1a: Discount Airplane|23/100
|move|p1a: Discount Airplane|Dragon Pulse|p2a: Dragonite
|-supereffective|p2a: Dragonite
|-damage|p2a: Dragonite|0 fnt
|faint|p2a: Dragonite
|
|win|BLJ Mario
|raw|BLJ Mario's rating: 1327 &rarr; <strong>1348</strong><br />(+21 for winning)
|raw|aceonthecase's rating: 1344 &rarr; <strong>1323</strong><br />(-21 for losing)
|c|☆aceonthecase|gg
|c|☆BLJ Mario|Gg
