|badge|p2|bronze|gen9ou|100-2
|uhtml|medal-msg|<div class="broadcast-blue">Curious what those medals under the avatar are? PS now has Ladder Seasons! For more information, check out the <a href="https://www.smogon.com/forums/threads/3740067/">thread on Smogon.</a></div>
|j|☆grakote
|j|☆Shinjou Akane
|t:|1726859764
|gametype|singles
|player|p1|grakote|flannery-gen6|1341
|player|p2|Shinjou Akane|lass-gen6oras|1388
|teamsize|p1|6
|teamsize|p2|6
|gen|5
|tier|[Gen 5] OU
|rated|
|rule|Species Clause: Limit one of each Pokémon
|rule|OHKO Clause: OHKO moves are banned
|rule|Moody Clause: Moody is banned
|rule|Evasion Items Clause: Evasion items are banned
|rule|Evasion Moves Clause: Evasion moves are banned
|rule|Endless Battle Clause: Forcing endless battles is banned
|rule|HP Percentage Mod: HP is shown in percentages
|rule|Evasion Abilities Clause: Evasion abilities are banned
|rule|Sleep Moves Clause: Sleep-inducing moves are banned
|rule|Swagger Clause: Swagger is banned
|rule|Baton Pass Stat Clause: No Baton Passer may have a way to boost its stats
|clearpoke
|poke|p1|Mew|item
|poke|p1|Gliscor, F|item
|poke|p1|Keldeo|item
|poke|p1|Celebi|item
|poke|p1|Salamence, F|item
|poke|p1|Heatran, F|item
|poke|p2|Dragonite, M|item
|poke|p2|Jirachi|item
|poke|p2|Magnezone|item
|poke|p2|Kyurem-Black|item
|poke|p2|Latios, M|item
|poke|p2|Excadrill, M|item
|teampreview
|inactive|Battle timer is ON: inactive players will automatically lose when time's up. (requested by grakote)
|c|☆grakote|glhf
|inactive|grakote has 120 seconds left.
|c|☆Shinjou Akane|u2
|
|t:|1726859808
|start
|switch|p1a: Mew|Mew|100/100
|switch|p2a: Dragonite|Dragonite, M|100/100
|turn|1
|
|t:|1726859813
|move|p1a: Mew|Will-O-Wisp|p2a: Dragonite
|-status|p2a: Dragonite|brn
|-enditem|p2a: Dragonite|Lum Berry|[eat]
|-curestatus|p2a: Dragonite|brn|[msg]
|move|p2a: Dragonite|Dragon Dance|p2a: Dragonite
|-boost|p2a: Dragonite|atk|1
|-boost|p2a: Dragonite|spe|1
|
|upkeep
|turn|2
|
|t:|1726859821
|move|p2a: Dragonite|Outrage|p1a: Mew
|-damage|p1a: Mew|16/100
|move|p1a: Mew|Will-O-Wisp|p2a: Dragonite|[miss]
|-miss|p1a: Mew|p2a: Dragonite
|
|-heal|p1a: Mew|23/100|[from] item: Leftovers
|upkeep
|turn|3
|
|t:|1726859830
|switch|p1a: Heatran|Heatran, F|100/100
|move|p2a: Dragonite|Outrage|p1a: Heatran|[from]lockedmove
|-resisted|p1a: Heatran
|-damage|p1a: Heatran|44/100
|
|-heal|p1a: Heatran|50/100|[from] item: Leftovers
|upkeep
|turn|4
|
|t:|1726859836
|move|p1a: Heatran|Protect|p1a: Heatran
|-singleturn|p1a: Heatran|Protect
|move|p2a: Dragonite|Outrage|p1a: Heatran|[from]lockedmove
|-activate|p1a: Heatran|move: Protect
|-start|p2a: Dragonite|confusion|[fatigue]
|
|-heal|p1a: Heatran|56/100|[from] item: Leftovers
|upkeep
|turn|5
|c|☆grakote|i'm gambling on confusion
|
|t:|1726859862
|-activate|p2a: Dragonite|confusion
|-damage|p2a: Dragonite|73/100|[from] confusion
|move|p1a: Heatran|Hidden Power|p2a: Dragonite
|-supereffective|p2a: Dragonite
|-damage|p2a: Dragonite|0 fnt
|faint|p2a: Dragonite
|
|-heal|p1a: Heatran|62/100|[from] item: Leftovers
|upkeep
|c|☆grakote|all calculated
|
|t:|1726859877
|switch|p2a: Excadrill|Excadrill, M|100/100
|-ability|p2a: Excadrill|Mold Breaker
|turn|6
|
|t:|1726859882
|move|p1a: Heatran|Protect|p1a: Heatran
|-singleturn|p1a: Heatran|Protect
|move|p2a: Excadrill|Earthquake|p1a: Heatran
|-activate|p1a: Heatran|move: Protect
|
|-heal|p1a: Heatran|69/100|[from] item: Leftovers
|upkeep
|turn|7
|
|t:|1726859886
|switch|p2a: Latios|Latios, M|100/100
|switch|p1a: Gliscor|Gliscor, F|100/100
|
|-status|p1a: Gliscor|tox|[from] item: Toxic Orb
|upkeep
|turn|8
|
|t:|1726859892
|move|p1a: Gliscor|Protect|p1a: Gliscor
|-singleturn|p1a: Gliscor|Protect
|move|p2a: Latios|Draco Meteor|p1a: Gliscor
|-activate|p1a: Gliscor|move: Protect
|
|upkeep
|turn|9
|
|t:|1726859898
|switch|p1a: Celebi|Celebi|100/100
|move|p2a: Latios|Draco Meteor|p1a: Celebi|[miss]
|-miss|p2a: Latios|p1a: Celebi
|
|upkeep
|turn|10
|
|t:|1726859905
|switch|p2a: Jirachi|Jirachi|100/100
|move|p1a: Celebi|Recover||[still]
|-fail|p1a: Celebi|heal
|
|upkeep
|turn|11
|
|t:|1726859909
|move|p1a: Celebi|U-turn|p2a: Jirachi
|-damage|p2a: Jirachi|89/100
|
|t:|1726859917
|switch|p1a: Mew|Mew|23/100|[from] U-turn
|move|p2a: Jirachi|Stealth Rock|p1a: Mew
|-sidestart|p1: grakote|move: Stealth Rock
|
|-heal|p1a: Mew|29/100|[from] item: Leftovers
|-heal|p2a: Jirachi|95/100|[from] item: Leftovers
|upkeep
|turn|12
|
|t:|1726859922
|move|p1a: Mew|Soft-Boiled|p1a: Mew
|-heal|p1a: Mew|79/100
|move|p2a: Jirachi|U-turn|p1a: Mew
|-supereffective|p1a: Mew
|-crit|p1a: Mew
|-damage|p1a: Mew|26/100
|
|t:|1726859933
|switch|p2a: Kyurem|Kyurem-Black|100/100|[from] U-turn
|-ability|p2a: Kyurem|Teravolt
|
|-heal|p1a: Mew|32/100|[from] item: Leftovers
|upkeep
|turn|13
|
|t:|1726859938
|move|p2a: Kyurem|Dragon Claw|p1a: Mew
|-damage|p1a: Mew|0 fnt
|faint|p1a: Mew
|
|upkeep
|
|t:|1726859946
|switch|p1a: Keldeo|Keldeo|100/100
|-damage|p1a: Keldeo|94/100|[from] Stealth Rock
|turn|14
|
|t:|1726859950
|switch|p2a: Latios|Latios, M|100/100
|move|p1a: Keldeo|Secret Sword|p2a: Latios
|-resisted|p2a: Latios
|-damage|p2a: Latios|57/100
|
|upkeep
|turn|15
|
|t:|1726859959
|switch|p1a: Celebi|Celebi|100/100
|-damage|p1a: Celebi|88/100|[from] Stealth Rock
|move|p2a: Latios|Trick|p1a: Celebi
|-activate|p2a: Latios|move: Trick|[of] p1a: Celebi
|-item|p1a: Celebi|Choice Specs|[from] move: Trick
|-item|p2a: Latios|Leftovers|[from] move: Trick
|
|-heal|p2a: Latios|63/100|[from] item: Leftovers
|upkeep
|turn|16
|
|t:|1726859983
|switch|p2a: Jirachi|Jirachi|95/100
|move|p1a: Celebi|U-turn|p2a: Jirachi
|-damage|p2a: Jirachi|82/100
|
|t:|1726860002
|switch|p1a: Gliscor|Gliscor, F|100/100 tox|[from] U-turn
|-damage|p1a: Gliscor|88/100 tox|[from] Stealth Rock
|
|-heal|p2a: Jirachi|88/100|[from] item: Leftovers
|-heal|p1a: Gliscor|100/100 tox|[from] ability: Poison Heal
|upkeep
|turn|17
|
|t:|1726860014
|move|p2a: Jirachi|Icy Wind|p1a: Gliscor
|-supereffective|p1a: Gliscor
|-damage|p1a: Gliscor|46/100 tox
|-unboost|p1a: Gliscor|spe|1
|move|p1a: Gliscor|Stealth Rock|p2a: Jirachi
|-sidestart|p2: Shinjou Akane|move: Stealth Rock
|
|-heal|p2a: Jirachi|95/100|[from] item: Leftovers
|-heal|p1a: Gliscor|58/100 tox|[from] ability: Poison Heal
|upkeep
|turn|18
|
|t:|1726860022
|move|p1a: Gliscor|Protect|p1a: Gliscor
|-singleturn|p1a: Gliscor|Protect
|move|p2a: Jirachi|Icy Wind|p1a: Gliscor
|-activate|p1a: Gliscor|move: Protect
|
|-heal|p2a: Jirachi|100/100|[from] item: Leftovers
|-heal|p1a: Gliscor|71/100 tox|[from] ability: Poison Heal
|upkeep
|turn|19
|
|t:|1726860025
|move|p2a: Jirachi|U-turn|p1a: Gliscor
|-resisted|p1a: Gliscor
|-crit|p1a: Gliscor
|-damage|p1a: Gliscor|62/100 tox
|
|t:|1726860029
|switch|p2a: Magnezone|Magnezone|100/100|[from] U-turn
|-damage|p2a: Magnezone|94/100|[from] Stealth Rock
|-item|p2a: Magnezone|Air Balloon
|move|p1a: Gliscor|Earthquake|p2a: Magnezone
|-immune|p2a: Magnezone
|
|-heal|p1a: Gliscor|74/100 tox|[from] ability: Poison Heal
|upkeep
|turn|20
|
|t:|1726860036
|move|p2a: Magnezone|Thunderbolt|p1a: Gliscor
|-immune|p1a: Gliscor
|move|p1a: Gliscor|Knock Off|p2a: Magnezone
|-resisted|p2a: Magnezone
|-damage|p2a: Magnezone|92/100
|-enditem|p2a: Magnezone|Air Balloon
|
|-heal|p1a: Gliscor|87/100 tox|[from] ability: Poison Heal
|upkeep
|turn|21
|
|t:|1726860044
|switch|p1a: Keldeo|Keldeo|94/100
|-damage|p1a: Keldeo|88/100|[from] Stealth Rock
|move|p2a: Magnezone|Magnet Rise|p2a: Magnezone
|-start|p2a: Magnezone|Magnet Rise
|
|upkeep
|turn|22
|
|t:|1726860049
|switch|p2a: Jirachi|Jirachi|100/100
|-damage|p2a: Jirachi|94/100|[from] Stealth Rock
|move|p1a: Keldeo|Secret Sword|p2a: Jirachi
|-damage|p2a: Jirachi|38/100
|
|-heal|p2a: Jirachi|44/100|[from] item: Leftovers
|upkeep
|turn|23
|
|t:|1726860055
|move|p1a: Keldeo|Secret Sword|p2a: Jirachi
|-damage|p2a: Jirachi|0 fnt
|faint|p2a: Jirachi
|
|upkeep
|
|t:|1726860058
|switch|p2a: Latios|Latios, M|63/100
|-damage|p2a: Latios|51/100|[from] Stealth Rock
|turn|24
|
|t:|1726860070
|switch|p1a: Gliscor|Gliscor, F|87/100 tox
|-damage|p1a: Gliscor|74/100 tox|[from] Stealth Rock
|move|p2a: Latios|Draco Meteor|p1a: Gliscor
|-damage|p1a: Gliscor|0 fnt
|-unboost|p2a: Latios|spa|2
|faint|p1a: Gliscor
|
|-heal|p2a: Latios|57/100|[from] item: Leftovers
|upkeep
|
|t:|1726860078
|switch|p1a: Salamence|Salamence, F|100/100
|-damage|p1a: Salamence|76/100|[from] Stealth Rock
|turn|25
|
|t:|1726860083
|move|p2a: Latios|Draco Meteor|p1a: Salamence
|-supereffective|p1a: Salamence
|-damage|p1a: Salamence|0 fnt
|-unboost|p2a: Latios|spa|2
|faint|p1a: Salamence
|
|-heal|p2a: Latios|63/100|[from] item: Leftovers
|upkeep
|
|t:|1726860094
|switch|p1a: Heatran|Heatran, F|69/100
|-damage|p1a: Heatran|56/100|[from] Stealth Rock
|turn|26
|
|t:|1726860102
|switch|p2a: Magnezone|Magnezone|92/100
|-damage|p2a: Magnezone|86/100|[from] Stealth Rock
|move|p1a: Heatran|Magma Storm|p2a: Magnezone
|-supereffective|p2a: Magnezone
|-damage|p2a: Magnezone|0 fnt
|faint|p2a: Magnezone
|
|-heal|p1a: Heatran|62/100|[from] item: Leftovers
|upkeep
|
|t:|1726860104
|switch|p2a: Excadrill|Excadrill, M|100/100
|-damage|p2a: Excadrill|97/100|[from] Stealth Rock
|-ability|p2a: Excadrill|Mold Breaker
|turn|27
|
|t:|1726860125
|move|p1a: Heatran|Protect|p1a: Heatran
|-singleturn|p1a: Heatran|Protect
|move|p2a: Excadrill|Earthquake|p1a: Heatran
|-activate|p1a: Heatran|move: Protect
|
|-heal|p1a: Heatran|69/100|[from] item: Leftovers
|upkeep
|turn|28
|
|t:|1726860134
|switch|p1a: Celebi|Celebi|88/100
|-damage|p1a: Celebi|76/100|[from] Stealth Rock
|move|p2a: Excadrill|Earthquake|p1a: Celebi
|-resisted|p1a: Celebi
|-damage|p1a: Celebi|51/100
|
|upkeep
|turn|29
|
|t:|1726860141
|move|p2a: Excadrill|Earthquake|p1a: Celebi
|-resisted|p1a: Celebi
|-damage|p1a: Celebi|25/100
|move|p1a: Celebi|Grass Knot|p2a: Excadrill
|-damage|p2a: Excadrill|59/100
|
|upkeep
|turn|30
|
|t:|1726860148
|move|p2a: Excadrill|Earthquake|p1a: Celebi
|-resisted|p1a: Celebi
|-damage|p1a: Celebi|2/100
|move|p1a: Celebi|Grass Knot|p2a: Excadrill
|-damage|p2a: Excadrill|16/100
|
|upkeep
|turn|31
|
|t:|1726860151
|move|p2a: Excadrill|Earthquake|p1a: Celebi
|-resisted|p1a: Celebi
|-damage|p1a: Celebi|0 fnt
|faint|p1a: Celebi
|
|upkeep
|
|t:|1726860156
|switch|p1a: Keldeo|Keldeo|88/100
|-damage|p1a: Keldeo|82/100|[from] Stealth Rock
|turn|32
|
|t:|1726860159
|move|p2a: Excadrill|Earthquake|p1a: Keldeo
|-damage|p1a: Keldeo|18/100
|move|p1a: Keldeo|Secret Sword|p2a: Excadrill
|-supereffective|p2a: Excadrill
|-damage|p2a: Excadrill|0 fnt
|faint|p2a: Excadrill
|
|upkeep
|
|t:|1726860166
|switch|p2a: Latios|Latios, M|63/100
|-damage|p2a: Latios|51/100|[from] Stealth Rock
|turn|33
|
|t:|1726860170
|switch|p1a: Heatran|Heatran, F|69/100
|-damage|p1a: Heatran|56/100|[from] Stealth Rock
|move|p2a: Latios|Psyshock|p1a: Heatran
|-resisted|p1a: Heatran
|-damage|p1a: Heatran|36/100
|
|-heal|p2a: Latios|57/100|[from] item: Leftovers
|-heal|p1a: Heatran|42/100|[from] item: Leftovers
|upkeep
|turn|34
|
|t:|1726860176
|move|p2a: Latios|Surf|p1a: Heatran
|-supereffective|p1a: Heatran
|-damage|p1a: Heatran|0 fnt
|faint|p1a: Heatran
|
|-heal|p2a: Latios|63/100|[from] item: Leftovers
|upkeep
|
|t:|1726860178
|switch|p1a: Keldeo|Keldeo|18/100
|-damage|p1a: Keldeo|12/100|[from] Stealth Rock
|turn|35
|
|t:|1726860183
|move|p2a: Latios|Psyshock|p1a: Keldeo
|-supereffective|p1a: Keldeo
|-damage|p1a: Keldeo|0 fnt
|faint|p1a: Keldeo
|
|win|Shinjou Akane
|raw|grakote's rating: 1341 &rarr; <strong>1324</strong><br />(-17 for losing)
|raw|Shinjou Akane's rating: 1388 &rarr; <strong>1405</strong><br />(+17 for winning)
|c|☆grakote|ggwp
