|j|☆chomp29
|j|☆StillOwesMeaSoda
|t:|1736462714
|gametype|singles
|player|p1|chomp29|lucas|1626
|player|p2|StillOwesMeaSoda|266|1407
|teamsize|p1|6
|teamsize|p2|6
|gen|5
|tier|[Gen 5] OU
|rated|
|rule|Species Clause: Limit one of each Pokémon
|rule|OHKO Clause: OHKO moves are banned
|rule|Moody Clause: Moody is banned
|rule|Evasion Items Clause: Evasion items are banned
|rule|Evasion Moves Clause: Evasion moves are banned
|rule|Endless Battle Clause: Forcing endless battles is banned
|rule|HP Percentage Mod: HP is shown in percentages
|rule|Evasion Abilities Clause: Evasion abilities are banned
|rule|Sleep Moves Clause: Sleep-inducing moves are banned
|rule|Swagger Clause: Swagger is banned
|rule|Baton Pass Stat Clause: No Baton Passer may have a way to boost its stats
|clearpoke
|poke|p1|Starmie|item
|poke|p1|Thundurus-Therian, M|item
|poke|p1|Politoed, F|item
|poke|p1|Keldeo|item
|poke|p1|Ferrothorn, M|item
|poke|p1|Latios, M|item
|poke|p2|Chansey, F|item
|poke|p2|Tentacruel, F|item
|poke|p2|Ferrothorn, F|item
|poke|p2|Politoed, F|item
|poke|p2|Gliscor, M|item
|poke|p2|Scizor, F|item
|teampreview
|inactive|Battle timer is ON: inactive players will automatically lose when time's up. (requested by chomp29)
|
|t:|1736462739
|start
|switch|p1a: Ferrothorn|Ferrothorn, M|100/100
|switch|p2a: Chansey|Chansey, F|100/100
|turn|1
|
|t:|1736462745
|move|p2a: Chansey|Stealth Rock|p1a: Ferrothorn
|-sidestart|p1: chomp29|move: Stealth Rock
|move|p1a: Ferrothorn|Stealth Rock|p2a: Chansey
|-sidestart|p2: StillOwesMeaSoda|move: Stealth Rock
|
|upkeep
|turn|2
|
|t:|1736462748
|switch|p2a: Tentacruel|Tentacruel, F|100/100
|-damage|p2a: Tentacruel|88/100|[from] Stealth Rock
|move|p1a: Ferrothorn|Power Whip|p2a: Tentacruel
|-damage|p2a: Tentacruel|48/100
|
|-heal|p2a: Tentacruel|54/100|[from] item: Black Sludge
|upkeep
|turn|3
|
|t:|1736462755
|move|p2a: Tentacruel|Protect|p2a: Tentacruel
|-singleturn|p2a: Tentacruel|Protect
|move|p1a: Ferrothorn|Spikes|p2a: Tentacruel
|-sidestart|p2: StillOwesMeaSoda|Spikes
|
|-heal|p2a: Tentacruel|60/100|[from] item: Black Sludge
|upkeep
|turn|4
|
|t:|1736462757
|move|p2a: Tentacruel|Rapid Spin|p1a: Ferrothorn
|-resisted|p1a: Ferrothorn
|-damage|p1a: Ferrothorn|99/100
|-damage|p2a: Tentacruel|48/100|[from] ability: Iron Barbs|[of] p1a: Ferrothorn
|-sideend|p2: StillOwesMeaSoda|Spikes|[from] move: Rapid Spin|[of] p2a: Tentacruel
|-sideend|p2: StillOwesMeaSoda|Stealth Rock|[from] move: Rapid Spin|[of] p2a: Tentacruel
|move|p1a: Ferrothorn|Power Whip|p2a: Tentacruel
|-damage|p2a: Tentacruel|13/100
|
|-heal|p2a: Tentacruel|19/100|[from] item: Black Sludge
|-heal|p1a: Ferrothorn|100/100|[from] item: Leftovers
|upkeep
|turn|5
|
|t:|1736462761
|switch|p2a: Gliscor|Gliscor, M|100/100
|move|p1a: Ferrothorn|Stealth Rock|p2a: Gliscor
|-sidestart|p2: StillOwesMeaSoda|move: Stealth Rock
|
|-status|p2a: Gliscor|tox|[from] item: Toxic Orb
|upkeep
|turn|6
|
|t:|1736462764
|move|p2a: Gliscor|Taunt|p1a: Ferrothorn
|-start|p1a: Ferrothorn|move: Taunt
|cant|p1a: Ferrothorn|move: Taunt|Spikes
|
|upkeep
|turn|7
|
|t:|1736462774
|switch|p1a: Politoed|Politoed, F|100/100
|-damage|p1a: Politoed|88/100|[from] Stealth Rock
|-weather|RainDance|[from] ability: Drizzle|[of] p1a: Politoed
|move|p2a: Gliscor|Knock Off|p1a: Politoed
|-damage|p1a: Politoed|82/100
|-enditem|p1a: Politoed|Choice Specs|[from] move: Knock Off|[of] p2a: Gliscor
|
|-weather|RainDance|[upkeep]
|upkeep
|turn|8
|
|t:|1736462780
|switch|p2a: Chansey|Chansey, F|100/100
|-damage|p2a: Chansey|88/100|[from] Stealth Rock
|move|p1a: Politoed|Scald|p2a: Chansey
|-damage|p2a: Chansey|75/100
|-status|p2a: Chansey|brn
|
|-weather|RainDance|[upkeep]
|-damage|p2a: Chansey|62/100 brn|[from] brn
|upkeep
|turn|9
|
|t:|1736462790
|switch|p1a: Ferrothorn|Ferrothorn, M|100/100
|-damage|p1a: Ferrothorn|94/100|[from] Stealth Rock
|-curestatus|p2a: Chansey|brn|[from] ability: Natural Cure
|switch|p2a: Ferrothorn|Ferrothorn, F|100/100
|-damage|p2a: Ferrothorn|94/100|[from] Stealth Rock
|
|-weather|RainDance|[upkeep]
|-heal|p2a: Ferrothorn|100/100|[from] item: Leftovers
|-heal|p1a: Ferrothorn|100/100|[from] item: Leftovers
|upkeep
|turn|10
|
|t:|1736462794
|switch|p2a: Tentacruel|Tentacruel, F|19/100
|-damage|p2a: Tentacruel|7/100|[from] Stealth Rock
|move|p1a: Ferrothorn|Spikes|p2a: Tentacruel
|-sidestart|p2: StillOwesMeaSoda|Spikes
|
|-weather|RainDance|[upkeep]
|-heal|p2a: Tentacruel|13/100|[from] ability: Rain Dish
|-heal|p2a: Tentacruel|19/100|[from] item: Black Sludge
|upkeep
|turn|11
|
|t:|1736462809
|move|p2a: Tentacruel|Protect|p2a: Tentacruel
|-singleturn|p2a: Tentacruel|Protect
|move|p1a: Ferrothorn|Gyro Ball|p2a: Tentacruel
|-activate|p2a: Tentacruel|move: Protect
|
|-weather|RainDance|[upkeep]
|-heal|p2a: Tentacruel|25/100|[from] ability: Rain Dish
|-heal|p2a: Tentacruel|31/100|[from] item: Black Sludge
|upkeep
|turn|12
|j| Finch Ruins OU
|inactive|StillOwesMeaSoda has 120 seconds left.
|
|t:|1736462840
|move|p2a: Tentacruel|Toxic Spikes|p1a: Ferrothorn
|-sidestart|p1: chomp29|move: Toxic Spikes
|move|p1a: Ferrothorn|Power Whip|p2a: Tentacruel
|-damage|p2a: Tentacruel|0 fnt
|faint|p2a: Tentacruel
|
|-weather|RainDance|[upkeep]
|upkeep
|
|t:|1736462845
|switch|p2a: Gliscor|Gliscor, M|100/100 tox
|-damage|p2a: Gliscor|88/100 tox|[from] Stealth Rock
|turn|13
|
|t:|1736462854
|move|p2a: Gliscor|Taunt|p1a: Ferrothorn
|-start|p1a: Ferrothorn|move: Taunt
|cant|p1a: Ferrothorn|move: Taunt|Spikes
|
|-weather|RainDance|[upkeep]
|-heal|p2a: Gliscor|100/100 tox|[from] ability: Poison Heal
|upkeep
|turn|14
|
|t:|1736462860
|switch|p1a: Starmie|Starmie|100/100
|-damage|p1a: Starmie|88/100|[from] Stealth Rock
|-status|p1a: Starmie|psn
|move|p2a: Gliscor|Earthquake|p1a: Starmie
|-damage|p1a: Starmie|40/100 psn
|
|-weather|RainDance|[upkeep]
|-damage|p1a: Starmie|28/100 psn|[from] psn
|upkeep
|turn|15
|
|t:|1736462869
|switch|p2a: Ferrothorn|Ferrothorn, F|100/100
|-damage|p2a: Ferrothorn|94/100|[from] Stealth Rock
|-damage|p2a: Ferrothorn|82/100|[from] Spikes
|move|p1a: Starmie|Recover|p1a: Starmie
|-heal|p1a: Starmie|78/100 psn
|
|-weather|RainDance|[upkeep]
|-heal|p2a: Ferrothorn|88/100|[from] item: Leftovers
|-damage|p1a: Starmie|65/100 psn|[from] psn
|upkeep
|turn|16
|
|t:|1736462890
|switch|p1a: Ferrothorn|Ferrothorn, M|100/100
|-damage|p1a: Ferrothorn|94/100|[from] Stealth Rock
|move|p2a: Ferrothorn|Spikes|p1a: Ferrothorn
|-sidestart|p1: chomp29|Spikes
|
|-weather|RainDance|[upkeep]
|-heal|p2a: Ferrothorn|94/100|[from] item: Leftovers
|-heal|p1a: Ferrothorn|100/100|[from] item: Leftovers
|upkeep
|turn|17
|
|t:|1736462913
|switch|p2a: Scizor|Scizor, F|100/100
|-damage|p2a: Scizor|88/100|[from] Stealth Rock
|-damage|p2a: Scizor|76/100|[from] Spikes
|move|p1a: Ferrothorn|Spikes|p2a: Scizor
|-sidestart|p2: StillOwesMeaSoda|Spikes
|
|-weather|RainDance|[upkeep]
|upkeep
|turn|18
|
|t:|1736462935
|switch|p1a: Politoed|Politoed, F|82/100
|-damage|p1a: Politoed|70/100|[from] Stealth Rock
|-status|p1a: Politoed|psn
|-damage|p1a: Politoed|57/100 psn|[from] Spikes
|move|p2a: Scizor|U-turn|p1a: Politoed
|-damage|p1a: Politoed|0 fnt
|faint|p1a: Politoed
|
|t:|1736462951
|switch|p2a: Ferrothorn|Ferrothorn, F|94/100|[from] U-turn
|-damage|p2a: Ferrothorn|88/100|[from] Stealth Rock
|-damage|p2a: Ferrothorn|72/100|[from] Spikes
|
|-weather|RainDance|[upkeep]
|-heal|p2a: Ferrothorn|78/100|[from] item: Leftovers
|upkeep
|
|t:|1736462958
|switch|p1a: Starmie|Starmie|65/100 psn
|-damage|p1a: Starmie|53/100 psn|[from] Stealth Rock
|-damage|p1a: Starmie|41/100 psn|[from] Spikes
|turn|19
|
|t:|1736462960
|move|p1a: Starmie|Rapid Spin|p2a: Ferrothorn
|-resisted|p2a: Ferrothorn
|-damage|p2a: Ferrothorn|76/100
|-damage|p1a: Starmie|29/100 psn|[from] ability: Iron Barbs|[of] p2a: Ferrothorn
|-sideend|p1: chomp29|Spikes|[from] move: Rapid Spin|[of] p1a: Starmie
|-sideend|p1: chomp29|Toxic Spikes|[from] move: Rapid Spin|[of] p1a: Starmie
|-sideend|p1: chomp29|Stealth Rock|[from] move: Rapid Spin|[of] p1a: Starmie
|-damage|p1a: Starmie|19/100 psn|[from] item: Life Orb
|move|p2a: Ferrothorn|Gyro Ball|p1a: Starmie
|-resisted|p1a: Starmie
|-damage|p1a: Starmie|0 fnt
|faint|p1a: Starmie
|
|-weather|RainDance|[upkeep]
|-heal|p2a: Ferrothorn|83/100|[from] item: Leftovers
|upkeep
|
|t:|1736462964
|switch|p1a: Thundurus|Thundurus-Therian, M|100/100
|turn|20
|
|t:|1736462980
|move|p1a: Thundurus|Focus Blast|p2a: Ferrothorn|[miss]
|-miss|p1a: Thundurus|p2a: Ferrothorn
|move|p2a: Ferrothorn|Leech Seed|p1a: Thundurus
|-start|p1a: Thundurus|move: Leech Seed
|
|-weather|RainDance|[upkeep]
|-heal|p2a: Ferrothorn|89/100|[from] item: Leftovers
|-damage|p1a: Thundurus|88/100|[from] Leech Seed|[of] p2a: Ferrothorn
|-heal|p2a: Ferrothorn|100/100|[silent]
|upkeep
|turn|21
|
|t:|1736462991
|move|p1a: Thundurus|Focus Blast|p2a: Ferrothorn|[miss]
|-miss|p1a: Thundurus|p2a: Ferrothorn
|move|p2a: Ferrothorn|Spikes|p1a: Thundurus
|-sidestart|p1: chomp29|Spikes
|
|-weather|RainDance|[upkeep]
|-damage|p1a: Thundurus|76/100|[from] Leech Seed|[of] p2a: Ferrothorn
|upkeep
|turn|22
|
|t:|1736463000
|move|p1a: Thundurus|Focus Blast|p2a: Ferrothorn
|-supereffective|p2a: Ferrothorn
|-crit|p2a: Ferrothorn
|-damage|p2a: Ferrothorn|0 fnt
|faint|p2a: Ferrothorn
|
|-weather|RainDance|[upkeep]
|upkeep
|
|t:|1736463009
|switch|p2a: Scizor|Scizor, F|76/100
|-damage|p2a: Scizor|64/100|[from] Stealth Rock
|-damage|p2a: Scizor|47/100|[from] Spikes
|turn|23
|j| Ibecamevil
|c| Ibecamevil|chomp29 getting owned by rain stall on ladder LMAO
|inactive|chomp29 has 120 seconds left.
|
|t:|1736463044
|move|p2a: Scizor|Quick Attack|p1a: Thundurus
|-damage|p1a: Thundurus|30/100
|move|p1a: Thundurus|Thunder|p2a: Scizor
|-damage|p2a: Scizor|0 fnt
|faint|p2a: Scizor
|
|-weather|RainDance|[upkeep]
|upkeep
|
|t:|1736463053
|switch|p2a: Chansey|Chansey, F|62/100
|-damage|p2a: Chansey|50/100|[from] Stealth Rock
|-damage|p2a: Chansey|33/100|[from] Spikes
|turn|24
|
|t:|1736463056
|move|p2a: Chansey|Protect|p2a: Chansey
|-singleturn|p2a: Chansey|Protect
|move|p1a: Thundurus|Focus Blast|p2a: Chansey
|-activate|p2a: Chansey|move: Protect
|
|-weather|RainDance|[upkeep]
|-damage|p1a: Thundurus|18/100|[from] Leech Seed|[of] p2a: Chansey
|-heal|p2a: Chansey|40/100|[silent]
|upkeep
|turn|25
|inactive|chomp29 has 120 seconds left.
|
|t:|1736463078
|switch|p1a: Ferrothorn|Ferrothorn, M|100/100
|-damage|p1a: Ferrothorn|88/100|[from] Spikes
|move|p2a: Chansey|Wish|p2a: Chansey
|
|-weather|RainDance|[upkeep]
|-heal|p1a: Ferrothorn|94/100|[from] item: Leftovers
|upkeep
|turn|26
|
|t:|1736463084
|move|p2a: Chansey|Stealth Rock|p1a: Ferrothorn
|-sidestart|p1: chomp29|move: Stealth Rock
|move|p1a: Ferrothorn|Spikes|p2a: Chansey
|-sidestart|p2: StillOwesMeaSoda|Spikes
|
|-weather|RainDance|[upkeep]
|-heal|p2a: Chansey|90/100|[from] move: Wish|[wisher] Chansey
|-heal|p1a: Ferrothorn|100/100|[from] item: Leftovers
|upkeep
|turn|27
|
|t:|1736463096
|move|p2a: Chansey|Wish|p2a: Chansey
|move|p1a: Ferrothorn|Power Whip|p2a: Chansey
|-damage|p2a: Chansey|61/100
|
|-weather|RainDance|[upkeep]
|upkeep
|turn|28
|
|t:|1736463102
|move|p2a: Chansey|Protect|p2a: Chansey
|-singleturn|p2a: Chansey|Protect
|move|p1a: Ferrothorn|Power Whip|p2a: Chansey
|-activate|p2a: Chansey|move: Protect
|
|-weather|RainDance|[upkeep]
|-heal|p2a: Chansey|100/100|[from] move: Wish|[wisher] Chansey
|upkeep
|turn|29
|
|t:|1736463105
|switch|p2a: Gliscor|Gliscor, M|100/100 tox
|-damage|p2a: Gliscor|88/100 tox|[from] Stealth Rock
|move|p1a: Ferrothorn|Power Whip|p2a: Gliscor
|-damage|p2a: Gliscor|61/100 tox
|
|-weather|RainDance|[upkeep]
|-heal|p2a: Gliscor|73/100 tox|[from] ability: Poison Heal
|upkeep
|turn|30
|
|t:|1736463111
|switch|p1a: Thundurus|Thundurus-Therian, M|18/100
|-damage|p1a: Thundurus|0 fnt|[from] Stealth Rock
|faint|p1a: Thundurus
|move|p2a: Gliscor|Knock Off|p1: Thundurus|[notarget]
|-fail|p2a: Gliscor
|
|-weather|RainDance|[upkeep]
|-heal|p2a: Gliscor|85/100 tox|[from] ability: Poison Heal
|upkeep
|
|t:|1736463122
|switch|p1a: Latios|Latios, M|100/100
|-damage|p1a: Latios|88/100|[from] Stealth Rock
|turn|31
|
|t:|1736463125
|move|p2a: Gliscor|Protect|p2a: Gliscor
|-singleturn|p2a: Gliscor|Protect
|move|p1a: Latios|Calm Mind|p1a: Latios
|-boost|p1a: Latios|spa|1
|-boost|p1a: Latios|spd|1
|
|-weather|RainDance|[upkeep]
|-heal|p2a: Gliscor|98/100 tox|[from] ability: Poison Heal
|upkeep
|turn|32
|inactive|chomp29 has 120 seconds left.
|
|t:|1736463159
|switch|p2a: Chansey|Chansey, F|100/100
|-damage|p2a: Chansey|88/100|[from] Stealth Rock
|-damage|p2a: Chansey|63/100|[from] Spikes
|move|p1a: Latios|Calm Mind|p1a: Latios
|-boost|p1a: Latios|spa|1
|-boost|p1a: Latios|spd|1
|
|-weather|RainDance|[upkeep]
|upkeep
|turn|33
|inactive|chomp29 has 120 seconds left.
|
|t:|1736463172
|move|p1a: Latios|Hidden Power|p2a: Chansey
|-supereffective|p2a: Chansey
|-damage|p2a: Chansey|34/100
|move|p2a: Chansey|Wish|p2a: Chansey
|
|-weather|RainDance|[upkeep]
|upkeep
|turn|34
|
|t:|1736463177
|move|p1a: Latios|Calm Mind|p1a: Latios
|-boost|p1a: Latios|spa|1
|-boost|p1a: Latios|spd|1
|move|p2a: Chansey|Seismic Toss|p1a: Latios
|-damage|p1a: Latios|58/100
|
|-weather|RainDance|[upkeep]
|-heal|p2a: Chansey|84/100|[from] move: Wish|[wisher] Chansey
|upkeep
|turn|35
|
|t:|1736463182
|move|p1a: Latios|Recover|p1a: Latios
|-heal|p1a: Latios|100/100
|move|p2a: Chansey|Wish|p2a: Chansey
|
|-weather|RainDance|[upkeep]
|upkeep
|turn|36
|inactive|StillOwesMeaSoda has 120 seconds left.
|
|t:|1736463217
|move|p1a: Latios|Dragon Pulse|p2a: Chansey
|-damage|p2a: Chansey|50/100
|move|p2a: Chansey|Seismic Toss|p1a: Latios
|-damage|p1a: Latios|71/100
|
|-weather|RainDance|[upkeep]
|-heal|p2a: Chansey|99/100|[from] move: Wish|[wisher] Chansey
|upkeep
|turn|37
|c| Ibecamevil|bro please forfeit this game is unwinnable
|inactive|StillOwesMeaSoda has 120 seconds left.
|
|t:|1736463238
|switch|p2a: Politoed|Politoed, F|100/100
|-damage|p2a: Politoed|88/100|[from] Stealth Rock
|-damage|p2a: Politoed|63/100|[from] Spikes
|move|p1a: Latios|Calm Mind|p1a: Latios
|-boost|p1a: Latios|spa|1
|-boost|p1a: Latios|spd|1
|
|-weather|RainDance|[upkeep]
|-heal|p2a: Politoed|69/100|[from] item: Leftovers
|upkeep
|turn|38
|
|t:|1736463242
|move|p1a: Latios|Dragon Pulse|p2a: Politoed
|-damage|p2a: Politoed|0 fnt
|faint|p2a: Politoed
|
|-weather|RainDance|[upkeep]
|upkeep
|inactive|StillOwesMeaSoda has 120 seconds left.
|
|t:|1736463249
|switch|p2a: Chansey|Chansey, F|99/100
|-damage|p2a: Chansey|88/100|[from] Stealth Rock
|-damage|p2a: Chansey|63/100|[from] Spikes
|turn|39
|
|t:|1736463251
|move|p1a: Latios|Calm Mind|p1a: Latios
|-boost|p1a: Latios|spa|1
|-boost|p1a: Latios|spd|1
|move|p2a: Chansey|Wish|p2a: Chansey
|
|-weather|RainDance|[upkeep]
|upkeep
|turn|40
|
|t:|1736463255
|move|p1a: Latios|Calm Mind|p1a: Latios
|-boost|p1a: Latios|spa|1
|-boost|p1a: Latios|spd|1
|move|p2a: Chansey|Seismic Toss|p1a: Latios
|-damage|p1a: Latios|41/100
|
|-weather|RainDance|[upkeep]
|-heal|p2a: Chansey|100/100|[from] move: Wish|[wisher] Chansey
|upkeep
|turn|41
|
|t:|1736463257
|move|p1a: Latios|Recover|p1a: Latios
|-heal|p1a: Latios|91/100
|move|p2a: Chansey|Seismic Toss|p1a: Latios
|-damage|p1a: Latios|61/100
|
|-weather|RainDance|[upkeep]
|upkeep
|turn|42
|
|t:|1736463259
|move|p1a: Latios|Recover|p1a: Latios
|-heal|p1a: Latios|100/100
|move|p2a: Chansey|Seismic Toss|p1a: Latios
|-damage|p1a: Latios|71/100
|
|-weather|RainDance|[upkeep]
|upkeep
|turn|43
|
|t:|1736463261
|move|p1a: Latios|Hidden Power|p2a: Chansey
|-supereffective|p2a: Chansey
|-damage|p2a: Chansey|47/100
|move|p2a: Chansey|Seismic Toss|p1a: Latios
|-damage|p1a: Latios|41/100
|
|-weather|RainDance|[upkeep]
|upkeep
|turn|44
|
|t:|1736463269
|move|p1a: Latios|Hidden Power|p2a: Chansey
|-supereffective|p2a: Chansey
|-damage|p2a: Chansey|0 fnt
|faint|p2a: Chansey
|
|-weather|RainDance|[upkeep]
|upkeep
|c|☆StillOwesMeaSoda|gg
|
|t:|1736463274
|switch|p2a: Gliscor|Gliscor, M|98/100 tox
|-damage|p2a: Gliscor|85/100 tox|[from] Stealth Rock
|turn|45
|
|t:|1736463275
|move|p1a: Latios|Dragon Pulse|p2a: Gliscor
|-damage|p2a: Gliscor|0 fnt
|faint|p2a: Gliscor
|
|win|chomp29
|raw|chomp29's rating: 1626 &rarr; <strong>1635</strong><br />(+9 for winning)
|raw|StillOwesMeaSoda's rating: 1407 &rarr; <strong>1398</strong><br />(-9 for losing)
|c|☆chomp29|Gg
|l|☆StillOwesMeaSoda
|player|p2|
|l|☆chomp29
|player|p1|
