|join|ahobowithanoboe
|join|sadmar
|player|p1|ahobowithanoboe|273
|player|p2|sadmar|15
|gametype|singles
|gen|5
|tier|[Gen 5] OU
|rated
|rule|Evasion Abilities Clause: Evasion abilities are banned
|clearpoke
|poke|p1|Gengar, M
|poke|p1|Infernape, M, shiny
|poke|p1|Breloom, F
|poke|p1|Latios, M, shiny
|poke|p1|Donphan, F
|poke|p1|Blissey, F
|poke|p2|Scizor, F
|poke|p2|Garchomp, M
|poke|p2|Hippowdon, F
|poke|p2|Latias, F
|poke|p2|Hydreigon, F
|poke|p2|Tyranitar, F
|rule|Sleep Clause Mod: Limit one foe put to sleep
|rule|Species Clause: Limit one of each Pokémon
|rule|OHKO Clause: OHKO moves are banned
|rule|Moody Clause: Moody is banned
|rule|Evasion Moves Clause: Evasion moves are banned
|rule|Endless Battle Clause: Forcing endless battles is banned
|rule|HP Percentage Mod: HP is shown in percentages
|teampreview
|join|uCan'tSeeMe
|
|start
|switch|p1a: Mrs. Dumbo|Donphan, F|384/384
|switch|p2a: Latias|Latias, F|319/319
|turn|1
|
|move|p2a: Latias|Draco Meteor|p1a: Mrs. Dumbo
|-activate|p1a: Mrs. Dumbo|Sturdy
|-damage|p1a: Mrs. Dumbo|1/384
|-unboost|p2a: Latias|spa|2
|-damage|p2a: Latias|288/319|[from] item: Life Orb
|move|p1a: Mrs. Dumbo|Stealth Rock|p2a: Latias
|-sidestart|p2: sadmar|move: Stealth Rock
|
|-heal|p1a: Mrs. Dumbo|25/384|[from] item: Leftovers
|turn|2
|
|switch|p1a: fat bitch|Blissey, F|652/652
|move|p2a: Latias|Psyshock|p1a: fat bitch
|-damage|p1a: fat bitch|519/652
|-damage|p2a: Latias|257/319|[from] item: Life Orb
|
|-heal|p1a: fat bitch|559/652|[from] item: Leftovers
|turn|3
|
|switch|p2a: Hippowdon|Hippowdon, F|419/419
|-damage|p2a: Hippowdon|393/419|[from] Stealth Rock
|-weather|Sandstorm|[from] ability: Sand Stream|[of] p2a: Hippowdon
|move|p1a: fat bitch|Wish|p1a: fat bitch
|
|-weather|Sandstorm|[upkeep]
|-damage|p1a: fat bitch|519/652|[from] sandstorm
|-heal|p1a: fat bitch|559/652|[from] item: Leftovers
|-heal|p2a: Hippowdon|419/419|[from] item: Leftovers
|turn|4
|
|switch|p1a: Mrs. Dumbo|Donphan, F|25/384
|move|p2a: Hippowdon|Earthquake|p1a: Mrs. Dumbo
|-damage|p1a: Mrs. Dumbo|0 fnt
|faint|p1a: Mrs. Dumbo
|
|-weather|Sandstorm|[upkeep]
|
|switch|p1a: sHrOoMs|Breloom, F|264/264
|turn|5
|
|switch|p2a: Hydreigon|Hydreigon, F|329/329
|-damage|p2a: Hydreigon|288/329|[from] Stealth Rock
|move|p1a: sHrOoMs|Spore|p2a: Hydreigon
|-status|p2a: Hydreigon|slp
|
|-weather|Sandstorm|[upkeep]
|-damage|p2a: Hydreigon|268/329 slp|[from] sandstorm
|-damage|p1a: sHrOoMs|248/264|[from] sandstorm
|-status|p1a: sHrOoMs|tox|[from] item: Toxic Orb
|turn|6
|
|switch|p2a: Latias|Latias, F|257/319
|-damage|p2a: Latias|218/319|[from] Stealth Rock
|move|p1a: sHrOoMs|Substitute|p1a: sHrOoMs
|-start|p1a: sHrOoMs|Substitute
|-damage|p1a: sHrOoMs|182/264 tox
|
|-weather|Sandstorm|[upkeep]
|-damage|p2a: Latias|199/319|[from] sandstorm
|-damage|p1a: sHrOoMs|166/264 tox|[from] sandstorm
|-heal|p1a: sHrOoMs|199/264 tox|[from] ability: Poison Heal
|turn|7
|
|-singleturn|p1a: sHrOoMs|move: Focus Punch
|move|p2a: Latias|Psyshock|p1a: sHrOoMs
|-supereffective|p1a: sHrOoMs
|-end|p1a: sHrOoMs|Substitute
|-damage|p2a: Latias|168/319|[from] item: Life Orb
|move|p1a: sHrOoMs|Focus Punch|p2a: Latias
|-resisted|p2a: Latias
|-damage|p2a: Latias|0 fnt
|faint|p2a: Latias
|
|-weather|Sandstorm|[upkeep]
|-damage|p1a: sHrOoMs|183/264 tox|[from] sandstorm
|-heal|p1a: sHrOoMs|216/264 tox|[from] ability: Poison Heal
|
|switch|p2a: Garchomp|Garchomp, M|358/358
|-damage|p2a: Garchomp|336/358|[from] Stealth Rock
|turn|8
|
|switch|p1a: fat bitch|Blissey, F|559/652
|move|p2a: Garchomp|Outrage|p1a: fat bitch
|-damage|p1a: fat bitch|153/652
|
|-weather|Sandstorm|[upkeep]
|-damage|p1a: fat bitch|113/652|[from] sandstorm
|-heal|p1a: fat bitch|153/652|[from] item: Leftovers
|turn|9
|
|move|p2a: Garchomp|Outrage|p1a: fat bitch
|-damage|p1a: fat bitch|0 fnt
|faint|p1a: fat bitch
|
|-weather|Sandstorm|[upkeep]
|
|switch|p1a: teh Green BASTURD|Latios, M, shiny|301/301
|turn|10
|
|move|p2a: Garchomp|Outrage|p1a: teh Green BASTURD
|-supereffective|p1a: teh Green BASTURD
|-damage|p1a: teh Green BASTURD|0 fnt
|faint|p1a: teh Green BASTURD
|
|-end|p2a: Garchomp|rampage
|-start|p2a: Garchomp|confusion
|-weather|Sandstorm|[upkeep]
|
|switch|p1a: torch man|Infernape, M, shiny|294/294
|turn|11
|
|switch|p2a: Hippowdon|Hippowdon, F|419/419
|-damage|p2a: Hippowdon|393/419|[from] Stealth Rock
|move|p1a: torch man|Swords Dance|p1a: torch man
|-boost|p1a: torch man|atk|2
|
|-weather|Sandstorm|[upkeep]
|-damage|p1a: torch man|276/294|[from] sandstorm
|-heal|p2a: Hippowdon|419/419|[from] item: Leftovers
|turn|12
|
|move|p1a: torch man|Close Combat|p2a: Hippowdon
|-damage|p2a: Hippowdon|85/419
|-unboost|p1a: torch man|def|1
|-unboost|p1a: torch man|spd|1
|move|p2a: Hippowdon|Earthquake|p1a: torch man
|-supereffective|p1a: torch man
|-damage|p1a: torch man|0 fnt
|faint|p1a: torch man
|
|-weather|Sandstorm|[upkeep]
|-heal|p2a: Hippowdon|111/419|[from] item: Leftovers
|
|switch|p1a: gaygar|Gengar, M|261/261
|turn|13
|
|move|p1a: gaygar|Focus Blast|p2a: Hippowdon
|-damage|p2a: Hippowdon|0 fnt
|faint|p2a: Hippowdon
|
|-weather|Sandstorm|[upkeep]
|-damage|p1a: gaygar|245/261|[from] sandstorm
|
|switch|p2a: Scizor|Scizor, F|343/343
|-damage|p2a: Scizor|301/343|[from] Stealth Rock
|turn|14
|
|move|p1a: gaygar|Focus Blast|p2a: Scizor
|-damage|p2a: Scizor|176/343
|move|p2a: Scizor|Swords Dance|p2a: Scizor
|-boost|p2a: Scizor|atk|2
|
|-weather|Sandstorm|[upkeep]
|-damage|p1a: gaygar|229/261|[from] sandstorm
|-heal|p2a: Scizor|197/343|[from] item: Leftovers
|turn|15
|c|★sadmar|gg
|c|★ahobowithanoboe|gg
|
|move|p2a: Scizor|Bullet Punch|p1a: gaygar
|-damage|p1a: gaygar|0 fnt
|faint|p1a: gaygar
|
|-weather|Sandstorm|[upkeep]
|-heal|p2a: Scizor|218/343|[from] item: Leftovers
|
|switch|p1a: sHrOoMs|Breloom, F|216/264 tox
|turn|16
|
|move|p2a: Scizor|Bullet Punch|p1a: sHrOoMs
|-damage|p1a: sHrOoMs|0 fnt
|faint|p1a: sHrOoMs
|
|win|sadmar
|raw|Ladder updating...
|raw|ahobowithanoboe's rating: 1321 &rarr; <strong>1306</strong><br />(-15 for losing)
|raw|sadmar's rating: 1427 &rarr; <strong>1441</strong><br />(+14 for winning)
|leave|ahobowithanoboe
|player|p1