|join|chadbruv
|join|Princess Deluks917
|player|p1|chadbruv|200
|player|p2|Princess Deluks917|23
|gametype|singles
|gen|5
|tier|[Gen 5] OU
|rated
|rule|Evasion Abilities Clause: Evasion abilities are banned
|clearpoke
|poke|p1|Tyranitar, F
|poke|p1|Magnezone
|poke|p1|Terrakion
|poke|p1|Latios, M, shiny
|poke|p1|Scizor, F, shiny
|poke|p1|Landorus-Therian, M
|poke|p2|Politoed, M
|poke|p2|Gliscor, M
|poke|p2|Kyurem
|poke|p2|Chansey, F
|poke|p2|Tentacruel, M
|poke|p2|Skarmory, M
|rule|Sleep Clause Mod: Limit one foe put to sleep
|rule|Species Clause: Limit one of each Pokemon
|rule|OHKO Clause: OHKO moves are banned
|rule|Moody Clause: Moody is banned
|rule|Evasion Moves Clause: Evasion moves are banned
|rule|Endless Battle Clause: Forcing endless battles is banned.
|rule|HP Percentage Mod: HP is reported as percentages
|teampreview
|chat|Princess Deluks917|gl
|join|FS Mad King
|join|basco
|
|start
|switch|p1a: Lebron|Landorus-Therian, M|382/382
|switch|p2a: Princess Juvia|Politoed, M|384/384
|-ability|p1a: Lebron|Intimidate|[of] p2a: Princess Juvia
|-unboost|p2a: Princess Juvia|atk|1
|-weather|RainDance|[from] ability: Drizzle|[of] p2a: Princess Juvia
|turn|1
|
|switch|p1a: Bosh|Latios, M, shiny|301/301
|move|p2a: Princess Juvia|Scald|p1a: Bosh
|-resisted|p1a: Bosh
|-damage|p1a: Bosh|247/301
|
|-weather|RainDance|[upkeep]
|turn|2
|join|Moeblob
|
|switch|p1a: Ray Allen|Magnezone|283/283
|switch|p2a: Princess Porlyus|Chansey, F|642/642
|
|-weather|RainDance|[upkeep]
|turn|3
|
|switch|p1a: Lebron|Landorus-Therian, M|382/382
|-ability|p1a: Lebron|Intimidate|[of] p2a: Princess Porlyus
|-unboost|p2a: Princess Porlyus|atk|1
|move|p2a: Princess Porlyus|Stealth Rock|p1a: Lebron
|-sidestart|p1: chadbruv|move: Stealth Rock
|
|-weather|RainDance|[upkeep]
|turn|4
|
|move|p1a: Lebron|U-turn|p2a: Princess Porlyus
|-damage|p2a: Princess Porlyus|510/642
|
|switch|p1a: Rickey Smiley|Tyranitar, F|403/403
|-damage|p1a: Rickey Smiley|353/403|[from] Stealth Rock
|-weather|Sandstorm|[from] ability: Sand Stream|[of] p1a: Rickey Smiley
|move|p2a: Princess Porlyus|Toxic|p1a: Rickey Smiley
|-status|p1a: Rickey Smiley|tox
|
|-weather|Sandstorm|[upkeep]
|-damage|p2a: Princess Porlyus|470/642|[from] sandstorm
|-heal|p1a: Rickey Smiley|378/403 tox|[from] item: Leftovers
|-damage|p1a: Rickey Smiley|353/403 tox|[from] psn
|turn|5
|
|switch|p1a: Lebron|Landorus-Therian, M|382/382
|-damage|p1a: Lebron|335/382|[from] Stealth Rock
|-ability|p1a: Lebron|Intimidate|[of] p2a: Princess Porlyus
|-unboost|p2a: Princess Porlyus|atk|1
|switch|p2a: Princess Juvia|Politoed, M|384/384
|-weather|RainDance|[from] ability: Drizzle|[of] p2a: Princess Juvia
|
|-weather|RainDance|[upkeep]
|turn|6
|join|FS Princess Anna
|chat|FS Princess Anna|hihi
|
|move|p1a: Lebron|Earthquake|p2a: Princess Juvia
|-damage|p2a: Princess Juvia|179/384
|move|p2a: Princess Juvia|Scald|p1a: Lebron
|-crit|p1a: Lebron
|-supereffective|p1a: Lebron
|-damage|p1a: Lebron|0 fnt
|faint|p1a: Lebron
|
|-weather|RainDance|[upkeep]
|-heal|p2a: Princess Juvia|203/384|[from] item: Leftovers
|
|switch|p1a: Bosh|Latios, M, shiny|247/301
|-damage|p1a: Bosh|210/301|[from] Stealth Rock
|turn|7
|
|move|p2a: Princess Juvia|Protect|p2a: Princess Juvia
|-singleturn|p2a: Princess Juvia|Protect
|move|p1a: Bosh|Psyshock|p2a: Princess Juvia
|-activate|p2a: Princess Juvia|Protect
|
|-weather|RainDance|[upkeep]
|-heal|p2a: Princess Juvia|227/384|[from] item: Leftovers
|turn|8
|
|switch|p2a: Princess Cobra|Gliscor, M|353/353
|move|p1a: Bosh|Draco Meteor|p2a: Princess Cobra
|-damage|p2a: Princess Cobra|19/353
|-unboost|p1a: Bosh|spa|2
|
|-weather|RainDance|[upkeep]
|-status|p2a: Princess Cobra|tox|[from] item: Toxic Orb
|turn|9
|
|move|p1a: Bosh|Psyshock|p2a: Princess Cobra
|-damage|p2a: Princess Cobra|0 fnt
|faint|p2a: Princess Cobra
|
|-weather|RainDance|[upkeep]
|
|switch|p2a: Princess Porlyus|Chansey, F|470/642
|turn|10
|
|switch|p1a: Rickey Smiley|Tyranitar, F|353/403 tox
|-damage|p1a: Rickey Smiley|303/403 tox|[from] Stealth Rock
|-weather|Sandstorm|[from] ability: Sand Stream|[of] p1a: Rickey Smiley
|move|p2a: Princess Porlyus|Soft-Boiled|p2a: Princess Porlyus
|-heal|p2a: Princess Porlyus|642/642
|
|-weather|Sandstorm|[upkeep]
|-damage|p2a: Princess Porlyus|602/642|[from] sandstorm
|-heal|p1a: Rickey Smiley|328/403 tox|[from] item: Leftovers
|-damage|p1a: Rickey Smiley|303/403 tox|[from] psn
|turn|11
|
|switch|p2a: Princess Gajeel|Skarmory, M|334/334
|move|p1a: Rickey Smiley|Stealth Rock|p2a: Princess Gajeel
|-sidestart|p2: Princess Deluks917|move: Stealth Rock
|
|-weather|Sandstorm|[upkeep]
|-heal|p1a: Rickey Smiley|328/403 tox|[from] item: Leftovers
|-damage|p1a: Rickey Smiley|278/403 tox|[from] psn
|turn|12
|
|switch|p2a: Princess Porlyus|Chansey, F|602/642
|-damage|p2a: Princess Porlyus|522/642|[from] Stealth Rock
|switch|p1a: Ray Allen|Magnezone|283/283
|-damage|p1a: Ray Allen|266/283|[from] Stealth Rock
|
|-weather|Sandstorm|[upkeep]
|-damage|p2a: Princess Porlyus|482/642|[from] sandstorm
|-heal|p1a: Ray Allen|283/283|[from] item: Leftovers
|turn|13
|
|move|p1a: Ray Allen|Charge Beam|p2a: Princess Porlyus
|-damage|p2a: Princess Porlyus|433/642
|-boost|p1a: Ray Allen|spa|1
|move|p2a: Princess Porlyus|Soft-Boiled|p2a: Princess Porlyus
|-heal|p2a: Princess Porlyus|642/642
|
|-weather|Sandstorm|[upkeep]
|-damage|p2a: Princess Porlyus|602/642|[from] sandstorm
|turn|14
|
|move|p1a: Ray Allen|Flash Cannon|p2a: Princess Porlyus
|-damage|p2a: Princess Porlyus|487/642
|move|p2a: Princess Porlyus|Seismic Toss|p1a: Ray Allen
|-damage|p1a: Ray Allen|183/283
|
|-weather|Sandstorm|[upkeep]
|-damage|p2a: Princess Porlyus|447/642|[from] sandstorm
|-heal|p1a: Ray Allen|200/283|[from] item: Leftovers
|turn|15
|
|switch|p1a: Bosh|Latios, M, shiny|210/301
|-damage|p1a: Bosh|173/301|[from] Stealth Rock
|move|p2a: Princess Porlyus|Soft-Boiled|p2a: Princess Porlyus
|-heal|p2a: Princess Porlyus|642/642
|
|-weather|Sandstorm|[upkeep]
|-damage|p1a: Bosh|155/301|[from] sandstorm
|-damage|p2a: Princess Porlyus|602/642|[from] sandstorm
|turn|16
|
|move|p1a: Bosh|Psyshock|p2a: Princess Porlyus
|-damage|p2a: Princess Porlyus|428/642
|move|p2a: Princess Porlyus|Toxic|p1a: Bosh
|-status|p1a: Bosh|tox
|
|-weather|Sandstorm|[upkeep]
|-damage|p1a: Bosh|137/301 tox|[from] sandstorm
|-damage|p2a: Princess Porlyus|388/642|[from] sandstorm
|-damage|p1a: Bosh|119/301 tox|[from] psn
|turn|17
|
|switch|p1a: D.Wade|Terrakion|323/323
|-damage|p1a: D.Wade|303/323|[from] Stealth Rock
|move|p2a: Princess Porlyus|Soft-Boiled|p2a: Princess Porlyus
|-heal|p2a: Princess Porlyus|642/642
|
|-weather|Sandstorm|[upkeep]
|-damage|p2a: Princess Porlyus|602/642|[from] sandstorm
|turn|18
|
|switch|p2a: Princess Juvia|Politoed, M|227/384
|-damage|p2a: Princess Juvia|179/384|[from] Stealth Rock
|-weather|RainDance|[from] ability: Drizzle|[of] p2a: Princess Juvia
|move|p1a: D.Wade|Stone Edge|p2a: Princess Juvia
|-damage|p2a: Princess Juvia|8/384
|
|-weather|RainDance|[upkeep]
|-heal|p2a: Princess Juvia|32/384|[from] item: Leftovers
|turn|19
|
|move|p2a: Princess Juvia|Protect|p2a: Princess Juvia
|-singleturn|p2a: Princess Juvia|Protect
|move|p1a: D.Wade|Stone Edge|p2a: Princess Juvia
|-activate|p2a: Princess Juvia|Protect
|
|-weather|RainDance|[upkeep]
|-heal|p2a: Princess Juvia|56/384|[from] item: Leftovers
|turn|20
|
|move|p1a: D.Wade|Stone Edge|p2a: Princess Juvia
|-damage|p2a: Princess Juvia|0 fnt
|faint|p2a: Princess Juvia
|
|-weather|RainDance|[upkeep]
|
|switch|p2a: Tentacruel|Tentacruel, M|364/364
|-damage|p2a: Tentacruel|319/364|[from] Stealth Rock
|turn|21
|
|switch|p1a: Rickey Smiley|Tyranitar, F|278/403 tox
|-damage|p1a: Rickey Smiley|228/403 tox|[from] Stealth Rock
|-weather|Sandstorm|[from] ability: Sand Stream|[of] p1a: Rickey Smiley
|move|p2a: Tentacruel|Rapid Spin|p1a: Rickey Smiley
|-resisted|p1a: Rickey Smiley
|-damage|p1a: Rickey Smiley|224/403 tox
|-sideend|p2: Princess Deluks917|Stealth Rock|[from] move: Rapid Spin|[of] p2a: Tentacruel
|
|-weather|Sandstorm|[upkeep]
|-damage|p2a: Tentacruel|297/364|[from] sandstorm
|-heal|p2a: Tentacruel|319/364|[from] item: Leftovers
|-heal|p1a: Rickey Smiley|249/403 tox|[from] item: Leftovers
|-damage|p1a: Rickey Smiley|224/403 tox|[from] psn
|turn|22
|
|switch|p1a: Ray Allen|Magnezone|200/283
|-damage|p1a: Ray Allen|183/283|[from] Stealth Rock
|move|p2a: Tentacruel|Toxic Spikes|p1a: Ray Allen
|-sidestart|p1: chadbruv|move: Toxic Spikes
|
|-weather|Sandstorm|[upkeep]
|-damage|p2a: Tentacruel|297/364|[from] sandstorm
|-heal|p2a: Tentacruel|319/364|[from] item: Leftovers
|-heal|p1a: Ray Allen|200/283|[from] item: Leftovers
|turn|23
|
|move|p2a: Tentacruel|Protect|p2a: Tentacruel
|-singleturn|p2a: Tentacruel|Protect
|move|p1a: Ray Allen|Charge Beam|p2a: Tentacruel
|-activate|p2a: Tentacruel|Protect
|
|-weather|Sandstorm|[upkeep]
|-damage|p2a: Tentacruel|297/364|[from] sandstorm
|-heal|p2a: Tentacruel|319/364|[from] item: Leftovers
|-heal|p1a: Ray Allen|217/283|[from] item: Leftovers
|turn|24
|
|switch|p2a: Princess Lyon|Kyurem|404/404
|-ability|p2a: Princess Lyon|Pressure
|move|p1a: Ray Allen|Substitute|p1a: Ray Allen
|-start|p1a: Ray Allen|Substitute
|-damage|p1a: Ray Allen|147/283
|
|-weather|Sandstorm|[upkeep]
|-damage|p2a: Princess Lyon|379/404|[from] sandstorm
|-heal|p2a: Princess Lyon|404/404|[from] item: Leftovers
|-heal|p1a: Ray Allen|164/283|[from] item: Leftovers
|turn|25
|
|switch|p2a: Princess Porlyus|Chansey, F|602/642
|move|p1a: Ray Allen|Flash Cannon|p2a: Princess Porlyus
|-damage|p2a: Princess Porlyus|535/642
|-unboost|p2a: Princess Porlyus|spd|1
|
|-weather|Sandstorm|[upkeep]
|-damage|p2a: Princess Porlyus|495/642|[from] sandstorm
|-heal|p1a: Ray Allen|181/283|[from] item: Leftovers
|turn|26
|
|move|p1a: Ray Allen|Flash Cannon|p2a: Princess Porlyus
|-damage|p2a: Princess Porlyus|384/642
|move|p2a: Princess Porlyus|Seismic Toss|p1a: Ray Allen
|-end|p1a: Ray Allen|Substitute
|
|-weather|Sandstorm|[upkeep]
|-damage|p2a: Princess Porlyus|344/642|[from] sandstorm
|-heal|p1a: Ray Allen|198/283|[from] item: Leftovers
|turn|27
|
|move|p1a: Ray Allen|Substitute|p1a: Ray Allen
|-start|p1a: Ray Allen|Substitute
|-damage|p1a: Ray Allen|128/283
|move|p2a: Princess Porlyus|Soft-Boiled|p2a: Princess Porlyus
|-heal|p2a: Princess Porlyus|642/642
|
|-weather|Sandstorm|[upkeep]
|-damage|p2a: Princess Porlyus|602/642|[from] sandstorm
|-heal|p1a: Ray Allen|145/283|[from] item: Leftovers
|turn|28
|
|move|p1a: Ray Allen|Charge Beam|p2a: Princess Porlyus|[miss]
|-miss|p1a: Ray Allen|p2a: Princess Porlyus
|move|p2a: Princess Porlyus|Seismic Toss|p1a: Ray Allen
|-end|p1a: Ray Allen|Substitute
|
|-weather|Sandstorm|[upkeep]
|-damage|p2a: Princess Porlyus|562/642|[from] sandstorm
|-heal|p1a: Ray Allen|162/283|[from] item: Leftovers
|turn|29
|
|move|p1a: Ray Allen|Flash Cannon|p2a: Princess Porlyus
|-damage|p2a: Princess Porlyus|462/642
|move|p2a: Princess Porlyus|Seismic Toss|p1a: Ray Allen
|-damage|p1a: Ray Allen|62/283
|
|-weather|Sandstorm|[upkeep]
|-damage|p2a: Princess Porlyus|422/642|[from] sandstorm
|-heal|p1a: Ray Allen|79/283|[from] item: Leftovers
|turn|30
|
|move|p1a: Ray Allen|Flash Cannon|p2a: Princess Porlyus
|-crit|p2a: Princess Porlyus
|-damage|p2a: Princess Porlyus|212/642
|move|p2a: Princess Porlyus|Soft-Boiled|p2a: Princess Porlyus
|-heal|p2a: Princess Porlyus|533/642
|
|-weather|Sandstorm|[upkeep]
|-damage|p2a: Princess Porlyus|493/642|[from] sandstorm
|-heal|p1a: Ray Allen|96/283|[from] item: Leftovers
|turn|31
|
|switch|p1a: D.Wade|Terrakion|303/323
|-status|p1a: D.Wade|psn
|-damage|p1a: D.Wade|283/323 psn|[from] Stealth Rock
|move|p2a: Princess Porlyus|Seismic Toss|p1a: D.Wade
|-damage|p1a: D.Wade|183/323 psn
|
|-weather|Sandstorm|[upkeep]
|-damage|p2a: Princess Porlyus|453/642|[from] sandstorm
|-damage|p1a: D.Wade|143/323 psn|[from] psn
|turn|32
|
|switch|p2a: Princess Gajeel|Skarmory, M|334/334
|move|p1a: D.Wade|Stone Edge|p2a: Princess Gajeel
|-damage|p2a: Princess Gajeel|223/334
|
|-weather|Sandstorm|[upkeep]
|-heal|p2a: Princess Gajeel|243/334|[from] item: Leftovers
|-damage|p1a: D.Wade|103/323 psn|[from] psn
|turn|33
|
|switch|p1a: Ray Allen|Magnezone|96/283
|-damage|p1a: Ray Allen|79/283|[from] Stealth Rock
|switch|p2a: Tentacruel|Tentacruel, M|319/364
|
|-weather|Sandstorm|[upkeep]
|-damage|p2a: Tentacruel|297/364|[from] sandstorm
|-heal|p2a: Tentacruel|319/364|[from] item: Leftovers
|-heal|p1a: Ray Allen|96/283|[from] item: Leftovers
|turn|34
|
|switch|p2a: Princess Porlyus|Chansey, F|453/642
|move|p1a: Ray Allen|Substitute|p1a: Ray Allen
|-start|p1a: Ray Allen|Substitute
|-damage|p1a: Ray Allen|26/283
|
|-weather|Sandstorm|[upkeep]
|-damage|p2a: Princess Porlyus|413/642|[from] sandstorm
|-heal|p1a: Ray Allen|43/283|[from] item: Leftovers
|turn|35
|
|move|p1a: Ray Allen|Charge Beam|p2a: Princess Porlyus
|-damage|p2a: Princess Porlyus|365/642
|move|p2a: Princess Porlyus|Soft-Boiled|p2a: Princess Porlyus
|-heal|p2a: Princess Porlyus|642/642
|
|-weather|Sandstorm|[upkeep]
|-damage|p2a: Princess Porlyus|602/642|[from] sandstorm
|-heal|p1a: Ray Allen|60/283|[from] item: Leftovers
|turn|36
|
|move|p1a: Ray Allen|Flash Cannon|p2a: Princess Porlyus
|-damage|p2a: Princess Porlyus|526/642
|move|p2a: Princess Porlyus|Seismic Toss|p1a: Ray Allen
|-end|p1a: Ray Allen|Substitute
|
|-weather|Sandstorm|[upkeep]
|-damage|p2a: Princess Porlyus|486/642|[from] sandstorm
|-heal|p1a: Ray Allen|77/283|[from] item: Leftovers
|turn|37
|
|move|p1a: Ray Allen|Flash Cannon|p2a: Princess Porlyus
|-damage|p2a: Princess Porlyus|417/642
|move|p2a: Princess Porlyus|Seismic Toss|p1a: Ray Allen
|-damage|p1a: Ray Allen|0 fnt
|faint|p1a: Ray Allen
|
|-weather|Sandstorm|[upkeep]
|-damage|p2a: Princess Porlyus|377/642|[from] sandstorm
|
|switch|p1a: D.Wade|Terrakion|103/323 psn
|-damage|p1a: D.Wade|83/323 psn|[from] Stealth Rock
|turn|38
|
|switch|p2a: Princess Gajeel|Skarmory, M|243/334
|move|p1a: D.Wade|Stone Edge|p2a: Princess Gajeel
|-damage|p2a: Princess Gajeel|141/334
|
|-weather|Sandstorm|[upkeep]
|-heal|p2a: Princess Gajeel|161/334|[from] item: Leftovers
|-damage|p1a: D.Wade|43/323 psn|[from] psn
|turn|39
|
|move|p1a: D.Wade|Stone Edge|p2a: Princess Gajeel
|-damage|p2a: Princess Gajeel|56/334
|move|p2a: Princess Gajeel|Roost|p2a: Princess Gajeel
|-heal|p2a: Princess Gajeel|223/334
|
|-weather|Sandstorm|[upkeep]
|-heal|p2a: Princess Gajeel|243/334|[from] item: Leftovers
|-damage|p1a: D.Wade|3/323 psn|[from] psn
|turn|40
|
|move|p1a: D.Wade|Stone Edge|p2a: Princess Gajeel
|-damage|p2a: Princess Gajeel|141/334
|move|p2a: Princess Gajeel|Roost|p2a: Princess Gajeel
|-heal|p2a: Princess Gajeel|308/334
|
|-weather|Sandstorm|[upkeep]
|-heal|p2a: Princess Gajeel|328/334|[from] item: Leftovers
|-damage|p1a: D.Wade|0 fnt|[from] psn
|faint|p1a: D.Wade
|
|switch|p1a: Bosh|Latios, M, shiny|119/301 tox
|-damage|p1a: Bosh|82/301 tox|[from] Stealth Rock
|turn|41
|
|switch|p2a: Tentacruel|Tentacruel, M|319/364
|move|p1a: Bosh|Draco Meteor|p2a: Tentacruel
|-damage|p2a: Tentacruel|144/364
|-unboost|p1a: Bosh|spa|2
|
|-weather|Sandstorm|[upkeep]
|-damage|p1a: Bosh|64/301 tox|[from] sandstorm
|-damage|p2a: Tentacruel|122/364|[from] sandstorm
|-heal|p2a: Tentacruel|144/364|[from] item: Leftovers
|-damage|p1a: Bosh|46/301 tox|[from] psn
|turn|42
|
|move|p1a: Bosh|Psyshock|p2a: Tentacruel
|-supereffective|p2a: Tentacruel
|-damage|p2a: Tentacruel|0 fnt
|faint|p2a: Tentacruel
|
|-weather|Sandstorm|[upkeep]
|-damage|p1a: Bosh|28/301 tox|[from] sandstorm
|-damage|p1a: Bosh|0 fnt|[from] psn
|faint|p1a: Bosh
|
|switch|p2a: Princess Gajeel|Skarmory, M|328/334
|switch|p1a: Miller|Scizor, F, shiny|343/343
|-damage|p1a: Miller|301/343|[from] Stealth Rock
|turn|43
|
|move|p1a: Miller|Bullet Punch|p2a: Princess Gajeel
|-resisted|p2a: Princess Gajeel
|-damage|p2a: Princess Gajeel|277/334
|move|p2a: Princess Gajeel|Spikes|p1a: Miller
|-sidestart|p1: chadbruv|Spikes
|
|-weather|Sandstorm|[upkeep]
|-heal|p2a: Princess Gajeel|297/334|[from] item: Leftovers
|turn|44
|
|switch|p1a: Rickey Smiley|Tyranitar, F|224/403 tox
|-damage|p1a: Rickey Smiley|174/403 tox|[from] Stealth Rock
|-damage|p1a: Rickey Smiley|124/403 tox|[from] Spikes
|move|p2a: Princess Gajeel|Spikes|p1a: Rickey Smiley
|-sidestart|p1: chadbruv|Spikes
|
|-weather|Sandstorm|[upkeep]
|-heal|p2a: Princess Gajeel|317/334|[from] item: Leftovers
|-heal|p1a: Rickey Smiley|149/403 tox|[from] item: Leftovers
|-damage|p1a: Rickey Smiley|124/403 tox|[from] psn
|turn|45
|
|switch|p2a: Princess Porlyus|Chansey, F|377/642
|move|p1a: Rickey Smiley|Ice Beam|p2a: Princess Porlyus
|-damage|p2a: Princess Porlyus|335/642
|
|-weather|Sandstorm|[upkeep]
|-damage|p2a: Princess Porlyus|295/642|[from] sandstorm
|-heal|p1a: Rickey Smiley|149/403 tox|[from] item: Leftovers
|-damage|p1a: Rickey Smiley|99/403 tox|[from] psn
|turn|46
|-message|chadbruv forfeited.
|
|win|Princess Deluks917
|raw|Ladder updating...
|leave|chadbruv
|player|p1
|raw|chadbruv's rating: 1548 &rarr; <strong>1530</strong><br />(-18 for losing)
|raw|Princess Deluks917's rating: 1584 &rarr; <strong>1602</strong><br />(+18 for winning)