|j|☆Gh0st of Perdition
|j|☆KL007
|player|p1|Gh0st of Perdition|guitarist-gen4|1536
|player|p2|KL007|supernerd|1346
|teamsize|p1|6
|teamsize|p2|6
|gametype|singles
|gen|5
|tier|[Gen 5] OU
|rated|
|clearpoke
|poke|p1|Mamoswine, M|item
|poke|p1|Politoed, F|item
|poke|p1|Gyarados, F|item
|poke|p1|Starmie|item
|poke|p1|Ferrothorn, F|item
|poke|p1|Latios, M|item
|poke|p2|Landorus-Therian, M|item
|poke|p2|Rotom-Wash|item
|poke|p2|Latios, M|item
|poke|p2|Jirachi|item
|poke|p2|Breloom, F|item
|poke|p2|Magnezone|item
|rule|Species Clause: Limit one of each Pokémon
|rule|OHKO Clause: OHKO moves are banned
|rule|Moody Clause: Moody is banned
|rule|Evasion Moves Clause: Evasion moves are banned
|rule|Endless Battle Clause: Forcing endless battles is banned
|rule|HP Percentage Mod: HP is shown in percentages
|rule|Evasion Abilities Clause: Evasion abilities are banned
|rule|Baton Pass Clause: Limit one Baton Passer, can't pass Spe and other stats simultaneously
|rule|Sleep Clause: Sleep-inducing moves are banned
|rule|Swagger Clause: Swagger is banned
|teampreview
|
|start
|switch|p1a: Latios|Latios, M|100/100
|switch|p2a: Rotom|Rotom-Wash|100/100
|turn|1
|
|switch|p2a: Jirachi|Jirachi|100/100
|move|p1a: Latios|Draco Meteor|p2a: Jirachi
|-resisted|p2a: Jirachi
|-damage|p2a: Jirachi|66/100
|-unboost|p1a: Latios|spa|2
|
|-heal|p2a: Jirachi|72/100|[from] item: Leftovers
|upkeep
|turn|2
|
|switch|p1a: Ferrothorn|Ferrothorn, F|100/100
|move|p2a: Jirachi|Wish|p2a: Jirachi
|
|-heal|p2a: Jirachi|78/100|[from] item: Leftovers
|upkeep
|turn|3
|
|switch|p2a: Magnezone|Magnezone|100/100
|-item|p2a: Magnezone|Air Balloon
|move|p1a: Ferrothorn|Stealth Rock|p2a: Magnezone
|-sidestart|p2: KL007|move: Stealth Rock
|
|upkeep
|turn|4
|
|switch|p1a: Politoed|Politoed, F|100/100
|-weather|RainDance|[from] ability: Drizzle|[of] p1a: Politoed
|move|p2a: Magnezone|Sunny Day|p2a: Magnezone
|-weather|SunnyDay
|
|-weather|SunnyDay|[upkeep]
|upkeep
|turn|5
|
|switch|p1a: Latios|Latios, M|100/100
|move|p2a: Magnezone|Magnet Rise|p2a: Magnezone
|-start|p2a: Magnezone|Magnet Rise
|
|-weather|SunnyDay|[upkeep]
|upkeep
|turn|6
|
|switch|p2a: Jirachi|Jirachi|78/100
|-damage|p2a: Jirachi|72/100|[from] Stealth Rock
|move|p1a: Latios|Trick|p2a: Jirachi
|-activate|p1a: Latios|move: Trick|[of] p2a: Jirachi
|-item|p2a: Jirachi|Choice Specs|[from] move: Trick
|-item|p1a: Latios|Leftovers|[from] move: Trick
|
|-weather|SunnyDay|[upkeep]
|upkeep
|turn|7
|
|switch|p1a: Ferrothorn|Ferrothorn, F|100/100
|move|p2a: Jirachi|Wish|p2a: Jirachi
|
|-weather|SunnyDay|[upkeep]
|upkeep
|turn|8
|
|switch|p2a: Magnezone|Magnezone|100/100
|-damage|p2a: Magnezone|94/100|[from] Stealth Rock
|-item|p2a: Magnezone|Air Balloon
|move|p1a: Ferrothorn|Spikes|p2a: Magnezone
|-sidestart|p2: KL007|Spikes
|
|-weather|none
|-heal|p2a: Magnezone|100/100|[from] move: Wish|[wisher] Jirachi
|upkeep
|turn|9
|
|switch|p1a: Mamoswine|Mamoswine, M|100/100
|move|p2a: Magnezone|Thunderbolt|p1a: Mamoswine
|-immune|p1a: Mamoswine
|
|upkeep
|turn|10
|
|switch|p2a: Rotom|Rotom-Wash|100/100
|-damage|p2a: Rotom|88/100|[from] Stealth Rock
|move|p1a: Mamoswine|Superpower|p2a: Rotom
|-damage|p2a: Rotom|10/100
|-unboost|p1a: Mamoswine|atk|1
|-unboost|p1a: Mamoswine|def|1
|
|upkeep
|turn|11
|
|switch|p1a: Ferrothorn|Ferrothorn, F|100/100
|move|p2a: Rotom|Trick|p1a: Ferrothorn
|-activate|p2a: Rotom|move: Trick|[of] p1a: Ferrothorn
|-item|p1a: Ferrothorn|Choice Scarf|[from] move: Trick
|-item|p2a: Rotom|Shed Shell|[from] move: Trick
|
|upkeep
|turn|12
|
|switch|p1a: Mamoswine|Mamoswine, M|100/100
|move|p2a: Rotom|Volt Switch|p1a: Mamoswine
|-immune|p1a: Mamoswine
|
|upkeep
|turn|13
|inactive|Battle timer is ON: inactive players will automatically lose when time's up. (requested by Gh0st of Perdition)
|
|move|p1a: Mamoswine|Ice Shard|p2a: Rotom
|-resisted|p2a: Rotom
|-crit|p2a: Rotom
|-damage|p2a: Rotom|0 fnt
|faint|p2a: Rotom
|
|upkeep
|
|switch|p2a: Latios|Latios, M|100/100
|-damage|p2a: Latios|88/100|[from] Stealth Rock
|turn|14
|
|switch|p1a: Ferrothorn|Ferrothorn, F|100/100
|move|p2a: Latios|Surf|p1a: Ferrothorn
|-resisted|p1a: Ferrothorn
|-damage|p1a: Ferrothorn|85/100
|
|upkeep
|turn|15
|
|switch|p2a: Magnezone|Magnezone|100/100
|-damage|p2a: Magnezone|94/100|[from] Stealth Rock
|-item|p2a: Magnezone|Air Balloon
|switch|p1a: Politoed|Politoed, F|100/100
|-weather|RainDance|[from] ability: Drizzle|[of] p1a: Politoed
|
|-weather|RainDance|[upkeep]
|upkeep
|turn|16
|
|switch|p1a: Mamoswine|Mamoswine, M|100/100
|move|p2a: Magnezone|Thunderbolt|p1a: Mamoswine
|-immune|p1a: Mamoswine
|
|-weather|RainDance|[upkeep]
|upkeep
|turn|17
|
|switch|p2a: Landorus|Landorus-Therian, M|100/100
|-damage|p2a: Landorus|88/100|[from] Stealth Rock
|-ability|p2a: Landorus|Intimidate|boost
|-unboost|p1a: Mamoswine|atk|1
|move|p1a: Mamoswine|Icicle Spear|p2a: Landorus
|-supereffective|p2a: Landorus
|-damage|p2a: Landorus|47/100
|-supereffective|p2a: Landorus
|-damage|p2a: Landorus|6/100
|-hitcount|p2a: Landorus|2
|
|-weather|RainDance|[upkeep]
|upkeep
|turn|18
|
|switch|p1a: Gyarados|Gyarados, F|100/100
|move|p2a: Landorus|Stealth Rock|p1a: Gyarados
|-sidestart|p1: Gh0st of Perdition|move: Stealth Rock
|
|-weather|RainDance|[upkeep]
|upkeep
|turn|19
|
|move|p1a: Gyarados|Waterfall|p2a: Landorus
|-supereffective|p2a: Landorus
|-damage|p2a: Landorus|0 fnt
|-damage|p1a: Gyarados|84/100|[from] item: Rocky Helmet|[of] p2a: Landorus
|faint|p2a: Landorus
|-ability|p1a: Gyarados|Moxie|boost
|-boost|p1a: Gyarados|atk|1
|
|-weather|RainDance|[upkeep]
|upkeep
|-message|KL007 forfeited.
|
|win|Gh0st of Perdition
|l|☆KL007
|raw|Gh0st of Perdition's rating: 1536 &rarr; <strong>1546</strong><br />(+10 for winning)
|raw|KL007's rating: 1346 &rarr; <strong>1336</strong><br />(-10 for losing)
