|j|☆ryusen696969
|j|☆nidiedi
|t:|1724509354
|gametype|singles
|player|p1|ryusen696969|169|1373
|player|p2|nidiedi|169|1525
|teamsize|p1|6
|teamsize|p2|6
|gen|5
|tier|[Gen 5] OU
|rated|
|rule|Species Clause: Limit one of each Pokémon
|rule|OHKO Clause: OHKO moves are banned
|rule|Moody Clause: Moody is banned
|rule|Evasion Items Clause: Evasion items are banned
|rule|Evasion Moves Clause: Evasion moves are banned
|rule|Endless Battle Clause: Forcing endless battles is banned
|rule|HP Percentage Mod: HP is shown in percentages
|rule|Evasion Abilities Clause: Evasion abilities are banned
|rule|Sleep Moves Clause: Sleep-inducing moves are banned
|rule|Swagger Clause: Swagger is banned
|rule|Baton Pass Stat Clause: No Baton Passer may have a way to boost its stats
|clearpoke
|poke|p1|Garchomp, M|item
|poke|p1|Blissey, F|item
|poke|p1|Suicune|item
|poke|p1|Scizor, F|item
|poke|p1|Zoroark, M|item
|poke|p1|Alakazam, M|item
|poke|p2|Heatran, M|item
|poke|p2|Latios, M|item
|poke|p2|Breloom, F|item
|poke|p2|Landorus-Therian, M|item
|poke|p2|Excadrill, F|item
|poke|p2|Ninetales, M|item
|teampreview
|inactive|Battle timer is ON: inactive players will automatically lose when time's up. (requested by ryusen696969)
|inactive|nidiedi also wants the timer to be on.
|
|t:|1724509375
|start
|switch|p1a: Garchomp|Garchomp, M|100/100
|switch|p2a: Ninetales|Ninetales, M|100/100
|-weather|SunnyDay|[from] ability: Drought|[of] p2a: Ninetales
|turn|1
|
|t:|1724509383
|switch|p2a: Landorus|Landorus-Therian, M|100/100
|-ability|p2a: Landorus|Intimidate|boost
|-unboost|p1a: Garchomp|atk|1
|move|p1a: Garchomp|Hidden Power|p2a: Landorus
|-supereffective|p2a: Landorus
|-damage|p2a: Landorus|0 fnt
|faint|p2a: Landorus
|
|-weather|SunnyDay|[upkeep]
|upkeep
|c|☆nidiedi|amazing
|inactive|nidiedi has 120 seconds left.
|
|t:|1724509431
|switch|p2a: Latios|Latios, M|100/100
|turn|2
|
|t:|1724509444
|switch|p1a: Blissey|Blissey, F|100/100
|move|p2a: Latios|Dragon Pulse|p1a: Blissey
|-crit|p1a: Blissey
|-damage|p1a: Blissey|55/100
|-damage|p2a: Latios|91/100|[from] item: Life Orb
|
|-weather|SunnyDay|[upkeep]
|upkeep
|turn|3
|
|t:|1724509451
|switch|p2a: Breloom|Breloom, F|100/100
|move|p1a: Blissey|Flamethrower|p2a: Breloom
|-supereffective|p2a: Breloom
|-damage|p2a: Breloom|15/100
|-status|p2a: Breloom|brn
|
|-weather|SunnyDay|[upkeep]
|-damage|p2a: Breloom|2/100 brn|[from] brn
|upkeep
|turn|4
|inactive|nidiedi has 120 seconds left.
|inactive|nidiedi has 90 seconds left.
|
|t:|1724509494
|switch|p1a: Suicune|Suicune, shiny|100/100
|-ability|p1a: Suicune|Pressure
|move|p2a: Breloom|Drain Punch|p1a: Suicune
|-damage|p1a: Suicune|90/100
|-heal|p2a: Breloom|8/100 brn|[from] drain|[of] p1a: Suicune
|
|-weather|SunnyDay|[upkeep]
|-heal|p1a: Suicune|96/100|[from] item: Leftovers
|-damage|p2a: Breloom|0 fnt|[from] brn
|faint|p2a: Breloom
|upkeep
|
|t:|1724509520
|switch|p2a: Latios|Latios, M|91/100
|turn|5
|
|t:|1724509526
|switch|p1a: Blissey|Blissey, F|55/100
|move|p2a: Latios|Thunderbolt|p1a: Blissey
|-damage|p1a: Blissey|39/100
|-damage|p2a: Latios|81/100|[from] item: Life Orb
|
|-weather|SunnyDay|[upkeep]
|upkeep
|turn|6
|
|t:|1724509534
|move|p2a: Latios|Dragon Pulse|p1a: Blissey
|-damage|p1a: Blissey|19/100
|-damage|p2a: Latios|71/100|[from] item: Life Orb
|move|p1a: Blissey|Ice Beam|p2a: Latios
|-supereffective|p2a: Latios
|-damage|p2a: Latios|17/100
|
|-weather|SunnyDay|[upkeep]
|upkeep
|turn|7
|
|t:|1724509547
|move|p2a: Latios|Hidden Power|p1a: Blissey
|-damage|p1a: Blissey|2/100
|-damage|p2a: Latios|7/100|[from] item: Life Orb
|move|p1a: Blissey|Ice Beam|p2a: Latios
|-supereffective|p2a: Latios
|-damage|p2a: Latios|0 fnt
|faint|p2a: Latios
|
|-weather|SunnyDay|[upkeep]
|upkeep
|
|t:|1724509558
|switch|p2a: Ninetales|Ninetales, M|100/100
|turn|8
|j| My name is Blaise
|
|t:|1724509565
|switch|p1a: Suicune|Suicune, shiny|96/100
|-ability|p1a: Suicune|Pressure
|move|p2a: Ninetales|Flamethrower|p1a: Suicune
|-resisted|p1a: Suicune
|-damage|p1a: Suicune|78/100
|
|-weather|SunnyDay|[upkeep]
|-heal|p1a: Suicune|84/100|[from] item: Leftovers
|upkeep
|turn|9
|
|t:|1724509576
|switch|p1a: Garchomp|Garchomp, M|100/100
|move|p2a: Ninetales|Toxic|p1a: Garchomp
|-status|p1a: Garchomp|tox
|
|-weather|SunnyDay|[upkeep]
|-damage|p1a: Garchomp|94/100 tox|[from] psn
|upkeep
|turn|10
|
|t:|1724509584
|switch|p2a: Heatran|Heatran, M|100/100
|-item|p2a: Heatran|Air Balloon
|move|p1a: Garchomp|Earthquake|p2a: Heatran
|-immune|p2a: Heatran
|
|-weather|SunnyDay|[upkeep]
|-damage|p1a: Garchomp|82/100 tox|[from] psn
|upkeep
|turn|11
|inactive|nidiedi has 90 seconds left.
|
|t:|1724509591
|switch|p1a: Suicune|Suicune, shiny|84/100
|-ability|p1a: Suicune|Pressure
|move|p2a: Heatran|Flame Charge|p1a: Suicune
|-resisted|p1a: Suicune
|-damage|p1a: Suicune|78/100
|-boost|p2a: Heatran|spe|1
|
|-weather|SunnyDay|[upkeep]
|-heal|p1a: Suicune|84/100|[from] item: Leftovers
|upkeep
|turn|12
|
|t:|1724509599
|move|p2a: Heatran|Fire Blast|p1a: Suicune
|-resisted|p1a: Suicune
|-damage|p1a: Suicune|42/100
|move|p1a: Suicune|Surf|p2a: Heatran
|-supereffective|p2a: Heatran
|-damage|p2a: Heatran|65/100
|-enditem|p2a: Heatran|Air Balloon
|
|-weather|SunnyDay|[upkeep]
|-heal|p1a: Suicune|48/100|[from] item: Leftovers
|upkeep
|turn|13
|inactive|nidiedi has 90 seconds left.
|
|t:|1724509614
|move|p2a: Heatran|Fire Blast|p1a: Suicune
|-resisted|p1a: Suicune
|-damage|p1a: Suicune|9/100
|move|p1a: Suicune|Surf|p2a: Heatran
|-supereffective|p2a: Heatran
|-damage|p2a: Heatran|32/100
|
|-weather|SunnyDay|[upkeep]
|-heal|p1a: Suicune|15/100|[from] item: Leftovers
|upkeep
|turn|14
|inactive|nidiedi has 90 seconds left.
|
|t:|1724509624
|move|p2a: Heatran|Earth Power|p1a: Suicune
|-damage|p1a: Suicune|0 fnt
|faint|p1a: Suicune
|
|-weather|SunnyDay|[upkeep]
|upkeep
|
|t:|1724509632
|switch|p1a: Garchomp|Garchomp, M|82/100 tox
|turn|15
|
|t:|1724509636
|move|p1a: Garchomp|Earthquake|p2a: Heatran
|-supereffective|p2a: Heatran
|-damage|p2a: Heatran|0 fnt
|faint|p2a: Heatran
|
|-weather|SunnyDay|[upkeep]
|-damage|p1a: Garchomp|76/100 tox|[from] psn
|upkeep
|-message|nidiedi forfeited.
|
|win|ryusen696969
|raw|ryusen696969's rating: 1373 &rarr; <strong>1401</strong><br />(+28 for winning)
|raw|nidiedi's rating: 1525 &rarr; <strong>1497</strong><br />(-28 for losing)
|l|☆ryusen696969
|player|p1|
