|j|☆yaksoo
|j|☆daddy_days
|t:|1739567058
|gametype|singles
|player|p1|yaksoo|shauntal|1513
|player|p2|daddy_days|hugh|1628
|teamsize|p1|6
|teamsize|p2|6
|gen|5
|tier|[Gen 5] OU
|rated|
|rule|Species Clause: Limit one of each Pokémon
|rule|OHKO Clause: OHKO moves are banned
|rule|Moody Clause: Moody is banned
|rule|Evasion Items Clause: Evasion items are banned
|rule|Evasion Moves Clause: Evasion moves are banned
|rule|Endless Battle Clause: Forcing endless battles is banned
|rule|HP Percentage Mod: HP is shown in percentages
|rule|Evasion Abilities Clause: Evasion abilities are banned
|rule|Sleep Moves Clause: Sleep-inducing moves are banned
|rule|Swagger Clause: Swagger is banned
|rule|Baton Pass Stat Clause: No Baton Passer may have a way to boost its stats
|clearpoke
|poke|p1|Keldeo|item
|poke|p1|Politoed, M|item
|poke|p1|Excadrill, F|item
|poke|p1|Conkeldurr, F|item
|poke|p1|Toxicroak, M|item
|poke|p1|Alakazam, M|item
|poke|p2|Kyurem-Black|item
|poke|p2|Garchomp, M|item
|poke|p2|Conkeldurr, M|item
|poke|p2|Starmie|item
|poke|p2|Bisharp, M|item
|poke|p2|Scyther, M|item
|teampreview
|inactive|Battle timer is ON: inactive players will automatically lose when time's up. (requested by yaksoo)
|
|t:|1739567082
|start
|switch|p1a: Keldeo|Keldeo|100/100
|switch|p2a: Shrekster|Conkeldurr, M|100/100
|turn|1
|
|t:|1739567094
|move|p1a: Keldeo|Hydro Pump|p2a: Shrekster|[miss]
|-miss|p1a: Keldeo|p2a: Shrekster
|move|p2a: Shrekster|Drain Punch|p1a: Keldeo
|-damage|p1a: Keldeo|39/100
|
|upkeep
|turn|2
|
|t:|1739567103
|move|p2a: Shrekster|Mach Punch|p1a: Keldeo
|-crit|p1a: Keldeo
|-damage|p1a: Keldeo|0 fnt
|faint|p1a: Keldeo
|
|upkeep
|
|t:|1739567120
|switch|p1a: Alakazam|Alakazam, M|100/100
|turn|3
|
|t:|1739567133
|switch|p2a: Adolf|Bisharp, M|100/100
|-item|p2a: Adolf|Air Balloon
|move|p1a: Alakazam|Focus Blast|p2a: Adolf|[miss]
|-miss|p1a: Alakazam|p2a: Adolf
|
|upkeep
|turn|4
|
|t:|1739567148
|move|p1a: Alakazam|Focus Blast|p2a: Adolf|[miss]
|-miss|p1a: Alakazam|p2a: Adolf
|move|p2a: Adolf|Pursuit|p1a: Alakazam
|-supereffective|p1a: Alakazam
|-enditem|p1a: Alakazam|Focus Sash
|-damage|p1a: Alakazam|1/100
|
|upkeep
|turn|5
|c|☆yaksoo|gg
|
|t:|1739567156
|switch|p2a: Blade|Scyther, M|100/100
|move|p1a: Alakazam|Focus Blast|p2a: Blade|[miss]
|-miss|p1a: Alakazam|p2a: Blade
|
|upkeep
|turn|6
|
|t:|1739567165
|move|p2a: Blade|Pursuit|p1a: Alakazam
|-supereffective|p1a: Alakazam
|-damage|p1a: Alakazam|0 fnt
|faint|p1a: Alakazam
|
|upkeep
|
|t:|1739567169
|switch|p1a: Toxicroak|Toxicroak, M|100/100
|-item|p1a: Toxicroak|Air Balloon
|turn|7
|
|t:|1739567178
|switch|p2a: Painkiller|Garchomp, M|100/100
|move|p1a: Toxicroak|Swords Dance|p1a: Toxicroak
|-boost|p1a: Toxicroak|atk|2
|
|upkeep
|turn|8
|
|t:|1739567185
|move|p1a: Toxicroak|Ice Punch|p2a: Painkiller
|-supereffective|p2a: Painkiller
|-damage|p2a: Painkiller|0 fnt
|-damage|p1a: Toxicroak|88/100|[from] ability: Rough Skin|[of] p2a: Painkiller
|-damage|p1a: Toxicroak|72/100|[from] item: Rocky Helmet|[of] p2a: Painkiller
|faint|p2a: Painkiller
|
|upkeep
|
|t:|1739567194
|switch|p2a: Insane Dwayne|Kyurem-Black|100/100
|-ability|p2a: Insane Dwayne|Teravolt
|turn|9
|
|t:|1739567202
|move|p2a: Insane Dwayne|Outrage|p1a: Toxicroak
|-damage|p1a: Toxicroak|0 fnt
|-enditem|p1a: Toxicroak|Air Balloon
|faint|p1a: Toxicroak
|
|upkeep
|
|t:|1739567207
|switch|p1a: Conkeldurr|Conkeldurr, F|100/100
|turn|10
|
|t:|1739567211
|move|p2a: Insane Dwayne|Outrage|p1a: Conkeldurr|[from] lockedmove
|-damage|p1a: Conkeldurr|0 fnt
|faint|p1a: Conkeldurr
|-start|p2a: Insane Dwayne|confusion|[fatigue]
|
|upkeep
|
|t:|1739567217
|switch|p1a: Excadrill|Excadrill, F|100/100
|-ability|p1a: Excadrill|Mold Breaker
|turn|11
|
|t:|1739567223
|-activate|p2a: Insane Dwayne|confusion
|move|p2a: Insane Dwayne|Outrage|p1a: Excadrill
|-resisted|p1a: Excadrill
|-damage|p1a: Excadrill|13/100
|move|p1a: Excadrill|Earthquake|p2a: Insane Dwayne
|-damage|p2a: Insane Dwayne|64/100
|
|-heal|p1a: Excadrill|19/100|[from] item: Leftovers
|upkeep
|turn|12
|j| CertamenMeum
|
|t:|1739567233
|-activate|p2a: Insane Dwayne|confusion
|move|p2a: Insane Dwayne|Outrage|p1a: Excadrill|[from] lockedmove
|-resisted|p1a: Excadrill
|-damage|p1a: Excadrill|0 fnt
|faint|p1a: Excadrill
|
|upkeep
|
|t:|1739567236
|switch|p1a: Politoed|Politoed, M|100/100
|-weather|RainDance|[from] ability: Drizzle|[of] p1a: Politoed
|turn|13
|c|☆yaksoo|i see why you are #5
|
|t:|1739567249
|move|p1a: Politoed|Scald|p2a: Insane Dwayne
|-resisted|p2a: Insane Dwayne
|-damage|p2a: Insane Dwayne|39/100
|-activate|p2a: Insane Dwayne|confusion
|move|p2a: Insane Dwayne|Outrage|p1a: Politoed|[from] lockedmove
|-damage|p1a: Politoed|0 fnt
|faint|p1a: Politoed
|
|win|daddy_days
|raw|yaksoo's rating: 1513 &rarr; <strong>1499</strong><br />(-14 for losing)
|raw|daddy_days's rating: 1628 &rarr; <strong>1642</strong><br />(+14 for winning)
|l|☆yaksoo
|player|p1|
|c|☆daddy_days|thx
|c|☆daddy_days|gg
|l|☆daddy_days
|player|p2|
|j|☆daddy_days
|player|p2|daddy_days|hugh|
