|j|☆Laone.L.ous
|j|☆Talismanik
|t:|1715839820
|gametype|singles
|player|p1|Laone.L.ous|bellelba|1370
|player|p2|Talismanik|battlegirl-gen4|1498
|teamsize|p1|6
|teamsize|p2|6
|gen|5
|tier|[Gen 5] OU
|rated|
|rule|Species Clause: Limit one of each Pokémon
|rule|OHKO Clause: OHKO moves are banned
|rule|Moody Clause: Moody is banned
|rule|Evasion Items Clause: Evasion items are banned
|rule|Evasion Moves Clause: Evasion moves are banned
|rule|Endless Battle Clause: Forcing endless battles is banned
|rule|HP Percentage Mod: HP is shown in percentages
|rule|Evasion Abilities Clause: Evasion abilities are banned
|rule|Sleep Moves Clause: Sleep-inducing moves are banned
|rule|Swagger Clause: Swagger is banned
|rule|Baton Pass Stat Clause: No Baton Passer may have a way to boost its stats
|clearpoke
|poke|p1|Mew|item
|poke|p1|Volcarona, F|item
|poke|p1|Scizor, M|item
|poke|p1|Starmie|item
|poke|p1|Mamoswine, F|item
|poke|p1|Dragonite, F|item
|poke|p2|Excadrill, M|item
|poke|p2|Dragonite, M|item
|poke|p2|Scizor, M|item
|poke|p2|Gengar, M|item
|poke|p2|Alakazam, F|item
|poke|p2|Gyarados, F|item
|teampreview
|inactive|Battle timer is ON: inactive players will automatically lose when time's up. (requested by Laone.L.ous)
|
|t:|1715839824
|start
|switch|p1a: Mew|Mew|100/100
|switch|p2a: Excadrill|Excadrill, M|100/100
|-ability|p2a: Excadrill|Mold Breaker
|turn|1
|
|t:|1715839827
|move|p1a: Mew|Will-O-Wisp|p2a: Excadrill
|-status|p2a: Excadrill|brn
|move|p2a: Excadrill|Rock Tomb|p1a: Mew
|-crit|p1a: Mew
|-damage|p1a: Mew|87/100
|-unboost|p1a: Mew|spe|1
|
|-heal|p1a: Mew|93/100|[from] item: Leftovers
|-damage|p2a: Excadrill|88/100 brn|[from] brn
|upkeep
|turn|2
|
|t:|1715839833
|move|p2a: Excadrill|Stealth Rock|p1a: Mew
|-sidestart|p1: Laone.L.ous|move: Stealth Rock
|move|p1a: Mew|Taunt|p2a: Excadrill
|-start|p2a: Excadrill|move: Taunt
|
|-heal|p1a: Mew|99/100|[from] item: Leftovers
|-damage|p2a: Excadrill|76/100 brn|[from] brn
|upkeep
|turn|3
|
|t:|1715839843
|switch|p2a: Gengar|Gengar, M|100/100
|move|p1a: Mew|Stealth Rock|p2a: Gengar
|-sidestart|p2: Talismanik|move: Stealth Rock
|
|-heal|p1a: Mew|100/100|[from] item: Leftovers
|upkeep
|turn|4
|
|t:|1715839848
|switch|p1a: Scizor|Scizor, M|100/100
|-damage|p1a: Scizor|88/100|[from] Stealth Rock
|move|p2a: Gengar|Shadow Ball|p1a: Scizor
|-resisted|p1a: Scizor
|-damage|p1a: Scizor|51/100
|-damage|p2a: Gengar|91/100|[from] item: Life Orb
|
|upkeep
|turn|5
|
|t:|1715839859
|move|p1a: Scizor|Bullet Punch|p2a: Gengar
|-damage|p2a: Gengar|0 fnt
|faint|p2a: Gengar
|
|upkeep
|
|t:|1715839864
|switch|p2a: Excadrill|Excadrill, M|76/100 brn
|-damage|p2a: Excadrill|73/100 brn|[from] Stealth Rock
|-ability|p2a: Excadrill|Mold Breaker
|turn|6
|
|t:|1715839867
|switch|p1a: Starmie|Starmie, shiny|100/100
|-damage|p1a: Starmie|88/100|[from] Stealth Rock
|move|p2a: Excadrill|Rapid Spin|p1a: Starmie
|-crit|p1a: Starmie
|-damage|p1a: Starmie|80/100
|-sideend|p2: Talismanik|Stealth Rock|[from] move: Rapid Spin|[of] p2a: Excadrill
|
|-damage|p2a: Excadrill|60/100 brn|[from] brn
|upkeep
|turn|7
|
|t:|1715839873
|move|p1a: Starmie|Trick|p2a: Excadrill
|-activate|p1a: Starmie|move: Trick|[of] p2a: Excadrill
|-item|p2a: Excadrill|Choice Scarf|[from] move: Trick
|-item|p1a: Starmie|Focus Sash|[from] move: Trick
|move|p2a: Excadrill|Rock Tomb|p1a: Starmie
|-damage|p1a: Starmie|70/100
|-unboost|p1a: Starmie|spe|1
|
|-damage|p2a: Excadrill|48/100 brn|[from] brn
|upkeep
|turn|8
|
|t:|1715839883
|switch|p2a: Scizor|Scizor, M|100/100
|move|p1a: Starmie|Rapid Spin|p2a: Scizor
|-resisted|p2a: Scizor
|-damage|p2a: Scizor|99/100
|-sideend|p1: Laone.L.ous|Stealth Rock|[from] move: Rapid Spin|[of] p1a: Starmie
|
|upkeep
|turn|9
|
|t:|1715839891
|move|p1a: Starmie|Recover|p1a: Starmie
|-heal|p1a: Starmie|100/100
|move|p2a: Scizor|U-turn|p1a: Starmie
|-supereffective|p1a: Starmie
|-enditem|p1a: Starmie|Focus Sash
|-damage|p1a: Starmie|1/100
|
|t:|1715839897
|switch|p2a: Dragonite|Dragonite, M|100/100|[from] U-turn
|
|upkeep
|turn|10
|
|t:|1715839908
|move|p2a: Dragonite|Extreme Speed|p1a: Starmie
|-damage|p1a: Starmie|0 fnt
|faint|p1a: Starmie
|
|upkeep
|
|t:|1715839911
|switch|p1a: Mew|Mew|100/100
|turn|11
|
|t:|1715839913
|switch|p2a: Excadrill|Excadrill, M|48/100 brn
|-ability|p2a: Excadrill|Mold Breaker
|move|p1a: Mew|Will-O-Wisp|p2a: Excadrill
|-fail|p2a: Excadrill|brn
|
|-damage|p2a: Excadrill|35/100 brn|[from] brn
|upkeep
|turn|12
|
|t:|1715839917
|move|p2a: Excadrill|Rock Tomb|p1a: Mew|[miss]
|-miss|p2a: Excadrill|p1a: Mew
|move|p1a: Mew|Taunt|p2a: Excadrill
|-start|p2a: Excadrill|move: Taunt
|
|-damage|p2a: Excadrill|23/100 brn|[from] brn
|upkeep
|turn|13
|
|t:|1715839926
|switch|p2a: Gyarados|Gyarados, F|100/100
|-ability|p2a: Gyarados|Intimidate|boost
|-unboost|p1a: Mew|atk|1
|move|p1a: Mew|Stealth Rock|p2a: Gyarados
|-sidestart|p2: Talismanik|move: Stealth Rock
|
|upkeep
|turn|14
|
|t:|1715839929
|move|p1a: Mew|Taunt|p2a: Gyarados
|-start|p2a: Gyarados|move: Taunt
|cant|p2a: Gyarados|move: Taunt|Substitute
|
|upkeep
|turn|15
|
|t:|1715839935
|switch|p2a: Scizor|Scizor, M|99/100
|-damage|p2a: Scizor|87/100|[from] Stealth Rock
|move|p1a: Mew|Will-O-Wisp|p2a: Scizor
|-status|p2a: Scizor|brn
|
|-damage|p2a: Scizor|75/100 brn|[from] brn
|upkeep
|turn|16
|
|t:|1715839944
|move|p1a: Mew|Taunt|p2a: Scizor
|-start|p2a: Scizor|move: Taunt
|move|p2a: Scizor|U-turn|p1a: Mew
|-supereffective|p1a: Mew
|-crit|p1a: Mew
|-damage|p1a: Mew|9/100
|
|t:|1715839952
|switch|p2a: Dragonite|Dragonite, M|100/100|[from] U-turn
|-damage|p2a: Dragonite|76/100|[from] Stealth Rock
|
|-heal|p1a: Mew|15/100|[from] item: Leftovers
|upkeep
|turn|17
|
|t:|1715839955
|move|p2a: Dragonite|Extreme Speed|p1a: Mew
|-damage|p1a: Mew|0 fnt
|faint|p1a: Mew
|
|upkeep
|
|t:|1715839958
|switch|p1a: Mamoswine|Mamoswine, F, shiny|100/100
|turn|18
|
|t:|1715839963
|switch|p2a: Excadrill|Excadrill, M|23/100 brn
|-damage|p2a: Excadrill|20/100 brn|[from] Stealth Rock
|-ability|p2a: Excadrill|Mold Breaker
|move|p1a: Mamoswine|Ice Shard|p2a: Excadrill
|-damage|p2a: Excadrill|0 fnt
|faint|p2a: Excadrill
|
|upkeep
|
|t:|1715839968
|switch|p2a: Gyarados|Gyarados, F|100/100
|-damage|p2a: Gyarados|76/100|[from] Stealth Rock
|-ability|p2a: Gyarados|Intimidate|boost
|-unboost|p1a: Mamoswine|atk|1
|turn|19
|
|t:|1715839974
|move|p2a: Gyarados|Substitute|p2a: Gyarados
|-start|p2a: Gyarados|Substitute
|-damage|p2a: Gyarados|51/100
|move|p1a: Mamoswine|Icicle Crash|p2a: Gyarados
|-end|p2a: Gyarados|Substitute
|
|-heal|p2a: Gyarados|57/100|[from] item: Leftovers
|upkeep
|turn|20
|
|t:|1715839985
|move|p2a: Gyarados|Waterfall|p1a: Mamoswine
|-supereffective|p1a: Mamoswine
|-damage|p1a: Mamoswine|11/100
|move|p1a: Mamoswine|Endeavor|p2a: Gyarados
|-damage|p2a: Gyarados|12/100
|
|-heal|p2a: Gyarados|18/100|[from] item: Leftovers
|upkeep
|turn|21
|
|t:|1715839993
|move|p1a: Mamoswine|Ice Shard|p2a: Gyarados
|-damage|p2a: Gyarados|0 fnt
|faint|p2a: Gyarados
|
|upkeep
|
|t:|1715839999
|switch|p2a: Dragonite|Dragonite, M|76/100
|-damage|p2a: Dragonite|51/100|[from] Stealth Rock
|turn|22
|
|t:|1715840002
|switch|p1a: Scizor|Scizor, M|51/100
|move|p2a: Dragonite|Extreme Speed|p1a: Scizor
|-resisted|p1a: Scizor
|-damage|p1a: Scizor|32/100
|
|upkeep
|turn|23
|
|t:|1715840013
|switch|p2a: Scizor|Scizor, M|75/100 brn
|-damage|p2a: Scizor|62/100 brn|[from] Stealth Rock
|move|p1a: Scizor|Bullet Punch|p2a: Scizor
|-resisted|p2a: Scizor
|-damage|p2a: Scizor|39/100 brn
|
|-damage|p2a: Scizor|26/100 brn|[from] brn
|upkeep
|turn|24
|
|t:|1715840018
|move|p1a: Scizor|Bullet Punch|p2a: Scizor
|-resisted|p2a: Scizor
|-damage|p2a: Scizor|2/100 brn
|move|p2a: Scizor|Bullet Punch|p1a: Scizor
|-resisted|p1a: Scizor
|-damage|p1a: Scizor|16/100
|
|-damage|p2a: Scizor|0 fnt|[from] brn
|faint|p2a: Scizor
|upkeep
|
|t:|1715840026
|switch|p2a: Dragonite|Dragonite, M|51/100
|-damage|p2a: Dragonite|26/100|[from] Stealth Rock
|turn|25
|
|t:|1715840028
|move|p2a: Dragonite|Extreme Speed|p1a: Scizor
|-resisted|p1a: Scizor
|-damage|p1a: Scizor|0 fnt
|faint|p1a: Scizor
|
|upkeep
|
|t:|1715840030
|switch|p1a: Dragonite|Dragonite, F|100/100
|turn|26
|
|t:|1715840038
|move|p1a: Dragonite|Extreme Speed|p2a: Dragonite
|-damage|p2a: Dragonite|0 fnt
|faint|p2a: Dragonite
|
|upkeep
|
|t:|1715840040
|switch|p2a: Alakazam|Alakazam, F|100/100
|turn|27
|
|t:|1715840042
|move|p1a: Dragonite|Extreme Speed|p2a: Alakazam
|-damage|p2a: Alakazam|22/100
|move|p2a: Alakazam|Hidden Power|p1a: Dragonite
|-supereffective|p1a: Dragonite
|-crit|p1a: Dragonite
|-damage|p1a: Dragonite|1/100
|
|upkeep
|turn|28
|
|t:|1715840046
|move|p1a: Dragonite|Extreme Speed|p2a: Alakazam
|-damage|p2a: Alakazam|0 fnt
|faint|p2a: Alakazam
|
|win|Laone.L.ous
|raw|Laone.L.ous's rating: 1370 &rarr; <strong>1397</strong><br />(+27 for winning)
|raw|Talismanik's rating: 1498 &rarr; <strong>1471</strong><br />(-27 for losing)
|l|☆Talismanik
|player|p2|
