|j|☆Crimsonbacon38
|j|☆Gen5OU.AntiMeta
|t:|1733508191
|gametype|singles
|player|p1|Crimsonbacon38|barry|1297
|player|p2|Gen5OU.AntiMeta|cyrus|1428
|teamsize|p1|6
|teamsize|p2|6
|gen|5
|tier|[Gen 5] OU
|rated|
|rule|Species Clause: Limit one of each Pokémon
|rule|OHKO Clause: OHKO moves are banned
|rule|Moody Clause: Moody is banned
|rule|Evasion Items Clause: Evasion items are banned
|rule|Evasion Moves Clause: Evasion moves are banned
|rule|Endless Battle Clause: Forcing endless battles is banned
|rule|HP Percentage Mod: HP is shown in percentages
|rule|Evasion Abilities Clause: Evasion abilities are banned
|rule|Sleep Moves Clause: Sleep-inducing moves are banned
|rule|Swagger Clause: Swagger is banned
|rule|Baton Pass Stat Clause: No Baton Passer may have a way to boost its stats
|clearpoke
|poke|p1|Tyranitar, M|item
|poke|p1|Excadrill, F|item
|poke|p1|Garchomp, M|item
|poke|p1|Keldeo|item
|poke|p1|Latios, M|item
|poke|p1|Skarmory, F|item
|poke|p2|Blissey, F|item
|poke|p2|Mamoswine, F|item
|poke|p2|Excadrill, M|item
|poke|p2|Conkeldurr, F|item
|poke|p2|Thundurus-Therian, M|item
|poke|p2|Gyarados, M|item
|teampreview
|inactive|Battle timer is ON: inactive players will automatically lose when time's up. (requested by Gen5OU.AntiMeta)
|
|t:|1733508219
|start
|switch|p1a: Tyranitar|Tyranitar, M|100/100
|switch|p2a: exodus.|Conkeldurr, F, shiny|100/100
|-weather|Sandstorm|[from] ability: Sand Stream|[of] p1a: Tyranitar
|turn|1
|l|☆Crimsonbacon38
|inactive|Crimsonbacon38 disconnected and has a minute to reconnect!
|player|p1|
|j|☆Crimsonbacon38
|inactive|Crimsonbacon38 reconnected and has 140 seconds left.
|player|p1|Crimsonbacon38|barry|
|inactive|Crimsonbacon38 has 120 seconds left.
|
|t:|1733508254
|switch|p1a: Latios|Latios, M|100/100
|move|p2a: exodus.|Drain Punch|p1a: Latios
|-resisted|p1a: Latios
|-damage|p1a: Latios|69/100
|
|-weather|Sandstorm|[upkeep]
|-damage|p1a: Latios|63/100|[from] Sandstorm
|-damage|p2a: exodus.|95/100|[from] Sandstorm
|-heal|p2a: exodus.|100/100|[from] item: Leftovers
|upkeep
|turn|2
|
|t:|1733508259
|switch|p1a: Skarmory|Skarmory, F|100/100
|switch|p2a: alpha.|Blissey, F, shiny|100/100
|
|-weather|Sandstorm|[upkeep]
|-damage|p2a: alpha.|94/100|[from] Sandstorm
|-heal|p2a: alpha.|100/100|[from] item: Leftovers
|upkeep
|turn|3
|
|t:|1733508266
|move|p1a: Skarmory|Spikes|p2a: alpha.
|-sidestart|p2: Gen5OU.AntiMeta|Spikes
|move|p2a: alpha.|Thunder Wave|p1a: Skarmory
|-status|p1a: Skarmory|par
|
|-weather|Sandstorm|[upkeep]
|-damage|p2a: alpha.|94/100|[from] Sandstorm
|-heal|p2a: alpha.|100/100|[from] item: Leftovers
|upkeep
|turn|4
|
|t:|1733508271
|switch|p1a: Garchomp|Garchomp, M|100/100
|move|p2a: alpha.|Stealth Rock|p1a: Garchomp
|-sidestart|p1: Crimsonbacon38|move: Stealth Rock
|
|-weather|Sandstorm|[upkeep]
|-damage|p2a: alpha.|94/100|[from] Sandstorm
|-heal|p2a: alpha.|100/100|[from] item: Leftovers
|upkeep
|turn|5
|
|t:|1733508278
|switch|p2a: exodus.|Conkeldurr, F, shiny|100/100
|-damage|p2a: exodus.|88/100|[from] Spikes
|move|p1a: Garchomp|Stealth Rock|p2a: exodus.
|-sidestart|p2: Gen5OU.AntiMeta|move: Stealth Rock
|
|-weather|Sandstorm|[upkeep]
|-damage|p2a: exodus.|82/100|[from] Sandstorm
|-heal|p2a: exodus.|88/100|[from] item: Leftovers
|upkeep
|turn|6
|
|t:|1733508295
|switch|p1a: Keldeo|Keldeo|100/100
|-damage|p1a: Keldeo|94/100|[from] Stealth Rock
|switch|p2a: Thundurus|Thundurus-Therian, M|100/100
|-damage|p2a: Thundurus|76/100|[from] Stealth Rock
|
|-weather|Sandstorm|[upkeep]
|-damage|p1a: Keldeo|88/100|[from] Sandstorm
|-damage|p2a: Thundurus|70/100|[from] Sandstorm
|upkeep
|turn|7
|
|t:|1733508303
|move|p1a: Keldeo|Surf|p2a: Thundurus
|-damage|p2a: Thundurus|15/100
|move|p2a: Thundurus|Grass Knot|p1a: Keldeo
|-supereffective|p1a: Keldeo
|-damage|p1a: Keldeo|0 fnt
|faint|p1a: Keldeo
|
|-weather|Sandstorm|[upkeep]
|-damage|p2a: Thundurus|9/100|[from] Sandstorm
|upkeep
|
|t:|1733508326
|switch|p1a: Tyranitar|Tyranitar, M|100/100
|-damage|p1a: Tyranitar|88/100|[from] Stealth Rock
|turn|8
|
|t:|1733508353
|move|p1a: Tyranitar|Pursuit|p2a: Thundurus
|-damage|p2a: Thundurus|0 fnt
|faint|p2a: Thundurus
|
|-weather|Sandstorm|[upkeep]
|upkeep
|
|t:|1733508356
|switch|p2a: sagittarius.|Excadrill, M, shiny|100/100
|-damage|p2a: sagittarius.|88/100|[from] Spikes
|-damage|p2a: sagittarius.|85/100|[from] Stealth Rock
|-ability|p2a: sagittarius.|Mold Breaker
|turn|9
|
|t:|1733508367
|switch|p1a: Garchomp|Garchomp, M|100/100
|-damage|p1a: Garchomp|94/100|[from] Stealth Rock
|move|p2a: sagittarius.|Rapid Spin|p1a: Garchomp
|-damage|p1a: Garchomp|88/100
|-damage|p2a: sagittarius.|73/100|[from] ability: Rough Skin|[of] p1a: Garchomp
|-sideend|p2: Gen5OU.AntiMeta|Spikes|[from] move: Rapid Spin|[of] p2a: sagittarius.
|-sideend|p2: Gen5OU.AntiMeta|Stealth Rock|[from] move: Rapid Spin|[of] p2a: sagittarius.
|
|-weather|Sandstorm|[upkeep]
|-heal|p1a: Garchomp|94/100|[from] item: Leftovers
|-heal|p2a: sagittarius.|79/100|[from] item: Leftovers
|upkeep
|turn|10
|inactive|Gen5OU.AntiMeta has 120 seconds left.
|
|t:|1733508415
|switch|p2a: orion.|Gyarados, M, shiny|100/100
|-ability|p2a: orion.|Intimidate|boost
|-unboost|p1a: Garchomp|atk|1
|move|p1a: Garchomp|Stealth Rock|p2a: orion.
|-sidestart|p2: Gen5OU.AntiMeta|move: Stealth Rock
|
|-weather|Sandstorm|[upkeep]
|-damage|p2a: orion.|94/100|[from] Sandstorm
|-heal|p1a: Garchomp|99/100|[from] item: Leftovers
|-heal|p2a: orion.|100/100|[from] item: Leftovers
|upkeep
|turn|11
|
|t:|1733508423
|switch|p1a: Skarmory|Skarmory, F|100/100 par
|-damage|p1a: Skarmory|88/100 par|[from] Stealth Rock
|move|p2a: orion.|Waterfall|p1a: Skarmory
|-damage|p1a: Skarmory|55/100 par
|
|-weather|Sandstorm|[upkeep]
|-damage|p2a: orion.|94/100|[from] Sandstorm
|-heal|p2a: orion.|100/100|[from] item: Leftovers
|upkeep
|turn|12
|
|t:|1733508430
|move|p2a: orion.|Waterfall|p1a: Skarmory
|-damage|p1a: Skarmory|20/100 par
|cant|p1a: Skarmory|par
|
|-weather|Sandstorm|[upkeep]
|-damage|p2a: orion.|94/100|[from] Sandstorm
|-heal|p2a: orion.|100/100|[from] item: Leftovers
|upkeep
|turn|13
|
|t:|1733508439
|switch|p2a: sagittarius.|Excadrill, M, shiny|79/100
|-damage|p2a: sagittarius.|76/100|[from] Stealth Rock
|-ability|p2a: sagittarius.|Mold Breaker
|switch|p1a: Latios|Latios, M|63/100
|-damage|p1a: Latios|50/100|[from] Stealth Rock
|
|-weather|Sandstorm|[upkeep]
|-damage|p1a: Latios|44/100|[from] Sandstorm
|-heal|p2a: sagittarius.|82/100|[from] item: Leftovers
|upkeep
|turn|14
|
|t:|1733508442
|switch|p2a: alpha.|Blissey, F, shiny|100/100
|-damage|p2a: alpha.|88/100|[from] Stealth Rock
|move|p1a: Latios|Surf|p2a: alpha.
|-damage|p2a: alpha.|76/100
|
|-weather|Sandstorm|[upkeep]
|-damage|p1a: Latios|38/100|[from] Sandstorm
|-damage|p2a: alpha.|70/100|[from] Sandstorm
|-heal|p2a: alpha.|76/100|[from] item: Leftovers
|upkeep
|turn|15
|
|t:|1733508445
|switch|p1a: Excadrill|Excadrill, F|100/100
|-damage|p1a: Excadrill|97/100|[from] Stealth Rock
|move|p2a: alpha.|Seismic Toss|p1a: Excadrill
|-damage|p1a: Excadrill|71/100
|
|-weather|Sandstorm|[upkeep]
|-damage|p2a: alpha.|70/100|[from] Sandstorm
|-heal|p1a: Excadrill|78/100|[from] item: Leftovers
|-heal|p2a: alpha.|76/100|[from] item: Leftovers
|upkeep
|turn|16
|
|t:|1733508451
|switch|p2a: exodus.|Conkeldurr, F, shiny|88/100
|-damage|p2a: exodus.|82/100|[from] Stealth Rock
|move|p1a: Excadrill|Rapid Spin|p2a: exodus.
|-damage|p2a: exodus.|77/100
|-sideend|p1: Crimsonbacon38|Stealth Rock|[from] move: Rapid Spin|[of] p1a: Excadrill
|
|-weather|Sandstorm|[upkeep]
|-damage|p2a: exodus.|71/100|[from] Sandstorm
|-heal|p1a: Excadrill|84/100|[from] item: Leftovers
|-heal|p2a: exodus.|77/100|[from] item: Leftovers
|upkeep
|turn|17
|
|t:|1733508457
|switch|p1a: Skarmory|Skarmory, F|20/100 par
|move|p2a: exodus.|Drain Punch|p1a: Skarmory
|-damage|p1a: Skarmory|0 fnt
|-heal|p2a: exodus.|86/100|[from] drain|[of] p1a: Skarmory
|faint|p1a: Skarmory
|
|-weather|Sandstorm|[upkeep]
|-damage|p2a: exodus.|80/100|[from] Sandstorm
|-heal|p2a: exodus.|86/100|[from] item: Leftovers
|upkeep
|
|t:|1733508465
|switch|p1a: Latios|Latios, M|38/100
|turn|18
|inactive|Gen5OU.AntiMeta has 120 seconds left.
|
|t:|1733508500
|switch|p2a: alpha.|Blissey, F, shiny|76/100
|-damage|p2a: alpha.|64/100|[from] Stealth Rock
|move|p1a: Latios|Draco Meteor|p2a: alpha.
|-damage|p2a: alpha.|37/100
|-unboost|p1a: Latios|spa|2
|
|-weather|Sandstorm|[upkeep]
|-damage|p1a: Latios|32/100|[from] Sandstorm
|-damage|p2a: alpha.|31/100|[from] Sandstorm
|-heal|p2a: alpha.|37/100|[from] item: Leftovers
|upkeep
|turn|19
|inactive|Gen5OU.AntiMeta has 120 seconds left.
|
|t:|1733508518
|switch|p1a: Tyranitar|Tyranitar, M|88/100
|move|p2a: alpha.|Stealth Rock|p1a: Tyranitar
|-sidestart|p1: Crimsonbacon38|move: Stealth Rock
|
|-weather|Sandstorm|[upkeep]
|-damage|p2a: alpha.|31/100|[from] Sandstorm
|-heal|p2a: alpha.|37/100|[from] item: Leftovers
|upkeep
|turn|20
|inactive|Gen5OU.AntiMeta has 120 seconds left.
|
|t:|1733508538
|move|p1a: Tyranitar|Crunch|p2a: alpha.
|-damage|p2a: alpha.|2/100
|move|p2a: alpha.|Soft-Boiled|p2a: alpha.
|-heal|p2a: alpha.|52/100
|
|-weather|Sandstorm|[upkeep]
|-damage|p2a: alpha.|46/100|[from] Sandstorm
|-heal|p2a: alpha.|52/100|[from] item: Leftovers
|upkeep
|turn|21
|inactive|Gen5OU.AntiMeta has 120 seconds left.
|l|☆Crimsonbacon38
|inactive|Crimsonbacon38 disconnected and has a minute to reconnect!
|player|p1|
|j|☆Crimsonbacon38
|inactive|Crimsonbacon38 reconnected and has 115 seconds left.
|player|p1|Crimsonbacon38|barry|
|
|t:|1733508578
|switch|p1a: Garchomp|Garchomp, M|99/100
|-damage|p1a: Garchomp|94/100|[from] Stealth Rock
|move|p2a: alpha.|Soft-Boiled|p2a: alpha.
|-heal|p2a: alpha.|100/100
|
|-weather|Sandstorm|[upkeep]
|-damage|p2a: alpha.|94/100|[from] Sandstorm
|-heal|p1a: Garchomp|99/100|[from] item: Leftovers
|-heal|p2a: alpha.|100/100|[from] item: Leftovers
|upkeep
|turn|22
|inactive|Gen5OU.AntiMeta has 120 seconds left.
|inactive|Gen5OU.AntiMeta has 90 seconds left.
|l|☆Crimsonbacon38
|inactive|Crimsonbacon38 disconnected and has a minute to reconnect!
|player|p1|
|j|☆Crimsonbacon38
|inactive|Crimsonbacon38 reconnected.
|player|p1|Crimsonbacon38|barry|
|inactive|Gen5OU.AntiMeta has 60 seconds left.
|inactive|Gen5OU.AntiMeta has 30 seconds left.
|inactive|Gen5OU.AntiMeta has 20 seconds left.
|inactive|Gen5OU.AntiMeta has 15 seconds left.
|inactive|Gen5OU.AntiMeta has 10 seconds left.
|inactive|Gen5OU.AntiMeta has 5 seconds left.
|-message|Gen5OU.AntiMeta lost due to inactivity.
|
|win|Crimsonbacon38
|raw|Crimsonbacon38's rating: 1297 &rarr; <strong>1331</strong><br />(+34 for winning)
|raw|Gen5OU.AntiMeta's rating: 1428 &rarr; <strong>1401</strong><br />(-27 for losing)
