|j|☆NoSi_420
|j|☆zf
|t:|1740452290
|gametype|singles
|player|p1|NoSi_420|clown|1301
|player|p2|zf|backpacker|1523
|teamsize|p1|6
|teamsize|p2|6
|gen|5
|tier|[Gen 5] OU
|rated|
|rule|Species Clause: Limit one of each Pokémon
|rule|OHKO Clause: OHKO moves are banned
|rule|Moody Clause: Moody is banned
|rule|Evasion Items Clause: Evasion items are banned
|rule|Evasion Moves Clause: Evasion moves are banned
|rule|Endless Battle Clause: Forcing endless battles is banned
|rule|HP Percentage Mod: HP is shown in percentages
|rule|Evasion Abilities Clause: Evasion abilities are banned
|rule|Sleep Moves Clause: Sleep-inducing moves are banned
|rule|Swagger Clause: Swagger is banned
|rule|Baton Pass Stat Clause: No Baton Passer may have a way to boost its stats
|clearpoke
|poke|p1|Garchomp, F|item
|poke|p1|Volcarona, F|item
|poke|p1|Dragonite, M|item
|poke|p1|Breloom, F|item
|poke|p1|Starmie|item
|poke|p1|Scizor, M|item
|poke|p2|Forretress, F|item
|poke|p2|Abomasnow, M|item
|poke|p2|Alakazam, M|item
|poke|p2|Jellicent, F|item
|poke|p2|Heatran, M|item
|poke|p2|Landorus-Therian, M|item
|teampreview
|inactive|Battle timer is ON: inactive players will automatically lose when time's up. (requested by NoSi_420)
|inactive|zf has 120 seconds left.
|
|t:|1740452333
|start
|switch|p1a: Garchomp|Garchomp, F|100/100
|switch|p2a: Landorus|Landorus-Therian, M|100/100
|-ability|p2a: Landorus|Intimidate|boost
|-unboost|p1a: Garchomp|atk|1
|turn|1
|
|t:|1740452341
|move|p1a: Garchomp|Stealth Rock|p2a: Landorus
|-sidestart|p2: zf|move: Stealth Rock
|move|p2a: Landorus|Stealth Rock|p1a: Garchomp
|-sidestart|p1: NoSi_420|move: Stealth Rock
|
|upkeep
|turn|2
|
|t:|1740452345
|move|p1a: Garchomp|Swords Dance|p1a: Garchomp
|-boost|p1a: Garchomp|atk|2
|move|p2a: Landorus|Hidden Power|p1a: Garchomp
|-supereffective|p1a: Garchomp
|-damage|p1a: Garchomp|34/100
|
|upkeep
|turn|3
|
|t:|1740452352
|switch|p2a: Forretress|Forretress, F|100/100
|-damage|p2a: Forretress|88/100|[from] Stealth Rock
|move|p1a: Garchomp|Outrage|p2a: Forretress
|-resisted|p2a: Forretress
|-damage|p2a: Forretress|58/100
|-enditem|p2a: Forretress|Red Card|[of] p1a: Garchomp
|drag|p1a: Scizor|Scizor, M|100/100
|-damage|p1a: Scizor|88/100|[from] Stealth Rock
|
|upkeep
|turn|4
|
|t:|1740452363
|move|p1a: Scizor|Superpower|p2a: Forretress
|-crit|p2a: Forretress
|-damage|p2a: Forretress|0 fnt
|-unboost|p1a: Scizor|atk|1
|-unboost|p1a: Scizor|def|1
|faint|p2a: Forretress
|-damage|p1a: Scizor|78/100|[from] item: Life Orb
|
|upkeep
|
|t:|1740452376
|switch|p2a: Heatran|Heatran, M|100/100
|-damage|p2a: Heatran|88/100|[from] Stealth Rock
|turn|5
|
|t:|1740452380
|move|p2a: Heatran|Fire Blast|p1a: Scizor
|-supereffective|p1a: Scizor
|-damage|p1a: Scizor|0 fnt
|faint|p1a: Scizor
|
|upkeep
|
|t:|1740452383
|switch|p1a: Starmie|Starmie|100/100
|-damage|p1a: Starmie|88/100|[from] Stealth Rock
|-item|p1a: Starmie|Air Balloon
|turn|6
|
|t:|1740452386
|switch|p2a: Jellicent|Jellicent, F|100/100
|-damage|p2a: Jellicent|88/100|[from] Stealth Rock
|-item|p2a: Jellicent|Air Balloon
|move|p1a: Starmie|Rapid Spin|p2a: Jellicent
|-immune|p2a: Jellicent
|
|upkeep
|turn|7
|
|t:|1740452393
|move|p1a: Starmie|Thunderbolt|p2a: Jellicent
|-supereffective|p2a: Jellicent
|-damage|p2a: Jellicent|43/100
|-enditem|p2a: Jellicent|Air Balloon
|move|p2a: Jellicent|Night Shade|p1a: Starmie
|-damage|p1a: Starmie|50/100
|-enditem|p1a: Starmie|Air Balloon
|
|upkeep
|turn|8
|
|t:|1740452400
|move|p1a: Starmie|Thunderbolt|p2a: Jellicent
|-supereffective|p2a: Jellicent
|-damage|p2a: Jellicent|1/100
|-status|p2a: Jellicent|par
|cant|p2a: Jellicent|par
|
|upkeep
|turn|9
|
|t:|1740452410
|move|p1a: Starmie|Ice Beam|p2a: Jellicent
|-resisted|p2a: Jellicent
|-damage|p2a: Jellicent|0 fnt
|faint|p2a: Jellicent
|
|upkeep
|
|t:|1740452417
|switch|p2a: Alakazam|Alakazam, M|100/100
|turn|10
|
|t:|1740452420
|move|p2a: Alakazam|Shadow Ball|p1a: Starmie
|-supereffective|p1a: Starmie
|-damage|p1a: Starmie|0 fnt
|faint|p1a: Starmie
|
|upkeep
|
|t:|1740452425
|switch|p1a: Breloom|Breloom, F|100/100
|-damage|p1a: Breloom|94/100|[from] Stealth Rock
|turn|11
|
|t:|1740452430
|move|p1a: Breloom|Mach Punch|p2a: Alakazam
|-resisted|p2a: Alakazam
|-damage|p2a: Alakazam|51/100
|-damage|p1a: Breloom|84/100|[from] item: Life Orb
|move|p2a: Alakazam|Psychic|p1a: Breloom
|-supereffective|p1a: Breloom
|-damage|p1a: Breloom|0 fnt
|faint|p1a: Breloom
|
|upkeep
|
|t:|1740452432
|switch|p1a: Dragonite|Dragonite, M|100/100
|-damage|p1a: Dragonite|76/100|[from] Stealth Rock
|turn|12
|
|t:|1740452436
|move|p1a: Dragonite|Extreme Speed|p2a: Alakazam
|-damage|p2a: Alakazam|0 fnt
|faint|p2a: Alakazam
|
|upkeep
|
|t:|1740452443
|switch|p2a: Abomasnow|Abomasnow, M|100/100
|-damage|p2a: Abomasnow|76/100|[from] Stealth Rock
|-weather|Hail|[from] ability: Snow Warning|[of] p2a: Abomasnow
|turn|13
|
|t:|1740452448
|move|p2a: Abomasnow|Ice Shard|p1a: Dragonite
|-supereffective|p1a: Dragonite
|-damage|p1a: Dragonite|16/100
|move|p1a: Dragonite|Outrage|p2a: Abomasnow
|-damage|p2a: Abomasnow|0 fnt
|faint|p2a: Abomasnow
|
|-weather|Hail|[upkeep]
|-damage|p1a: Dragonite|10/100|[from] Hail
|upkeep
|
|t:|1740452458
|switch|p2a: Heatran|Heatran, M|88/100
|-damage|p2a: Heatran|75/100|[from] Stealth Rock
|turn|14
|
|t:|1740452460
|move|p2a: Heatran|Fire Blast|p1a: Dragonite
|-resisted|p1a: Dragonite
|-damage|p1a: Dragonite|0 fnt
|faint|p1a: Dragonite
|
|-weather|Hail|[upkeep]
|-damage|p2a: Heatran|69/100|[from] Hail
|upkeep
|
|t:|1740452471
|switch|p1a: Volcarona|Volcarona, F|100/100
|-damage|p1a: Volcarona|51/100|[from] Stealth Rock
|turn|15
|
|t:|1740452473
|move|p2a: Heatran|Fire Blast|p1a: Volcarona
|-damage|p1a: Volcarona|0 fnt
|faint|p1a: Volcarona
|
|-weather|Hail|[upkeep]
|-damage|p2a: Heatran|63/100|[from] Hail
|upkeep
|
|t:|1740452476
|switch|p1a: Garchomp|Garchomp, F|34/100
|-damage|p1a: Garchomp|28/100|[from] Stealth Rock
|turn|16
|
|t:|1740452480
|switch|p2a: Landorus|Landorus-Therian, M|100/100
|-damage|p2a: Landorus|88/100|[from] Stealth Rock
|-ability|p2a: Landorus|Intimidate|boost
|-unboost|p1a: Garchomp|atk|1
|move|p1a: Garchomp|Earthquake|p2a: Landorus
|-immune|p2a: Landorus
|
|-weather|Hail|[upkeep]
|-damage|p1a: Garchomp|22/100|[from] Hail
|-damage|p2a: Landorus|82/100|[from] Hail
|-heal|p2a: Landorus|88/100|[from] item: Leftovers
|upkeep
|turn|17
|
|t:|1740452482
|move|p1a: Garchomp|Outrage|p2a: Landorus
|-damage|p2a: Landorus|46/100
|move|p2a: Landorus|Earthquake|p1a: Garchomp
|-damage|p1a: Garchomp|0 fnt
|faint|p1a: Garchomp
|
|win|zf
|raw|NoSi_420's rating: 1301 &rarr; <strong>1292</strong><br />(-9 for losing)
|raw|zf's rating: 1523 &rarr; <strong>1532</strong><br />(+9 for winning)
|l|☆NoSi_420
|player|p1|
