|j|☆Primary Trout
|j|☆Darkortex
|t:|1716953350
|gametype|singles
|player|p1|Primary Trout|marshal|1543
|player|p2|Darkortex|hilbert|1576
|teamsize|p1|6
|teamsize|p2|6
|gen|5
|tier|[Gen 5] OU
|rated|
|rule|Species Clause: Limit one of each Pokémon
|rule|OHKO Clause: OHKO moves are banned
|rule|Moody Clause: Moody is banned
|rule|Evasion Items Clause: Evasion items are banned
|rule|Evasion Moves Clause: Evasion moves are banned
|rule|Endless Battle Clause: Forcing endless battles is banned
|rule|HP Percentage Mod: HP is shown in percentages
|rule|Evasion Abilities Clause: Evasion abilities are banned
|rule|Sleep Moves Clause: Sleep-inducing moves are banned
|rule|Swagger Clause: Swagger is banned
|rule|Baton Pass Stat Clause: No Baton Passer may have a way to boost its stats
|clearpoke
|poke|p1|Jirachi|item
|poke|p1|Salamence, F|item
|poke|p1|Landorus-Therian, M|item
|poke|p1|Scizor, F|item
|poke|p1|Kyurem-Black|item
|poke|p1|Starmie|item
|poke|p2|Ninetales, F|item
|poke|p2|Chansey, F|item
|poke|p2|Cresselia, F|item
|poke|p2|Excadrill, M|item
|poke|p2|Xatu, F|item
|poke|p2|Volcarona, F|item
|teampreview
|inactive|Battle timer is ON: inactive players will automatically lose when time's up. (requested by Darkortex)
|inactive|Primary Trout also wants the timer to be on.
|
|t:|1716953369
|start
|switch|p1a: Salamence|Salamence, F|100/100
|switch|p2a: Ninetales|Ninetales, F|100/100
|-ability|p1a: Salamence|Intimidate|boost
|-unboost|p2a: Ninetales|atk|1
|-weather|SunnyDay|[from] ability: Drought|[of] p2a: Ninetales
|turn|1
|
|t:|1716953375
|switch|p2a: Cresselia|Cresselia, F|100/100
|move|p1a: Salamence|Draco Meteor|p2a: Cresselia
|-damage|p2a: Cresselia|41/100
|-unboost|p1a: Salamence|spa|2
|
|-weather|SunnyDay|[upkeep]
|-heal|p2a: Cresselia|47/100|[from] item: Leftovers
|upkeep
|turn|2
|
|t:|1716953380
|switch|p1a: Scizor|Scizor, F|100/100
|move|p2a: Cresselia|Moonlight|p2a: Cresselia
|-heal|p2a: Cresselia|100/100
|
|-weather|SunnyDay|[upkeep]
|upkeep
|turn|3
|
|t:|1716953382
|switch|p2a: Ninetales|Ninetales, F|100/100
|move|p1a: Scizor|U-turn|p2a: Ninetales
|-resisted|p2a: Ninetales
|-crit|p2a: Ninetales
|-damage|p2a: Ninetales|57/100
|
|t:|1716953389
|switch|p1a: Salamence|Salamence, F|100/100|[from] U-turn
|-ability|p1a: Salamence|Intimidate|boost
|-unboost|p2a: Ninetales|atk|1
|
|-weather|SunnyDay|[upkeep]
|-heal|p2a: Ninetales|62/100|[from] item: Leftovers
|upkeep
|turn|4
|
|t:|1716953397
|switch|p1a: Scizor|Scizor, F|100/100
|move|p2a: Ninetales|Protect||[still]
|-fail|p2a: Ninetales
|
|-weather|SunnyDay|[upkeep]
|-heal|p2a: Ninetales|68/100|[from] item: Leftovers
|upkeep
|turn|5
|
|t:|1716953400
|switch|p1a: Salamence|Salamence, F|100/100
|-ability|p1a: Salamence|Intimidate|boost
|-unboost|p2a: Ninetales|atk|1
|move|p2a: Ninetales|Will-O-Wisp|p1a: Salamence
|-status|p1a: Salamence|brn
|
|-weather|SunnyDay|[upkeep]
|-heal|p2a: Ninetales|74/100|[from] item: Leftovers
|-damage|p1a: Salamence|88/100 brn|[from] brn
|upkeep
|turn|6
|
|t:|1716953407
|move|p2a: Ninetales|Protect|p2a: Ninetales
|-singleturn|p2a: Ninetales|Protect
|move|p1a: Salamence|Draco Meteor|p2a: Ninetales
|-activate|p2a: Ninetales|move: Protect
|
|-weather|SunnyDay|[upkeep]
|-heal|p2a: Ninetales|80/100|[from] item: Leftovers
|-damage|p1a: Salamence|76/100 brn|[from] brn
|upkeep
|turn|7
|
|t:|1716953419
|switch|p2a: Chansey|Chansey, F|100/100
|move|p1a: Salamence|Draco Meteor|p2a: Chansey
|-damage|p2a: Chansey|71/100
|-unboost|p1a: Salamence|spa|2
|
|-weather|SunnyDay|[upkeep]
|-damage|p1a: Salamence|63/100 brn|[from] brn
|upkeep
|turn|8
|
|t:|1716953424
|switch|p1a: Scizor|Scizor, F|100/100
|move|p2a: Chansey|Stealth Rock|p1a: Scizor
|-sidestart|p1: Primary Trout|move: Stealth Rock
|
|-weather|SunnyDay|[upkeep]
|upkeep
|turn|9
|
|t:|1716953428
|switch|p2a: Ninetales|Ninetales, F|80/100
|move|p1a: Scizor|Swords Dance|p1a: Scizor
|-boost|p1a: Scizor|atk|2
|
|-weather|SunnyDay|[upkeep]
|-heal|p2a: Ninetales|86/100|[from] item: Leftovers
|upkeep
|turn|10
|
|t:|1716953432
|switch|p1a: Starmie|Starmie|100/100
|-damage|p1a: Starmie|88/100|[from] Stealth Rock
|move|p2a: Ninetales|Flamethrower|p1a: Starmie
|-resisted|p1a: Starmie
|-damage|p1a: Starmie|64/100
|
|-weather|SunnyDay|[upkeep]
|-heal|p1a: Starmie|70/100|[from] item: Leftovers
|-heal|p2a: Ninetales|92/100|[from] item: Leftovers
|upkeep
|turn|11
|
|t:|1716953437
|switch|p2a: Chansey|Chansey, F|71/100
|move|p1a: Starmie|Rapid Spin|p2a: Chansey
|-crit|p2a: Chansey
|-damage|p2a: Chansey|67/100
|-sideend|p1: Primary Trout|Stealth Rock|[from] move: Rapid Spin|[of] p1a: Starmie
|
|-weather|SunnyDay|[upkeep]
|-heal|p1a: Starmie|76/100|[from] item: Leftovers
|upkeep
|turn|12
|
|t:|1716953442
|switch|p1a: Scizor|Scizor, F|100/100
|move|p2a: Chansey|Stealth Rock|p1a: Scizor
|-sidestart|p1: Primary Trout|move: Stealth Rock
|
|-weather|SunnyDay|[upkeep]
|upkeep
|turn|13
|
|t:|1716953447
|switch|p2a: Ninetales|Ninetales, F|92/100
|move|p1a: Scizor|U-turn|p2a: Ninetales
|-resisted|p2a: Ninetales
|-damage|p2a: Ninetales|70/100
|
|t:|1716953449
|switch|p1a: Starmie|Starmie|76/100|[from] U-turn
|-damage|p1a: Starmie|64/100|[from] Stealth Rock
|
|-weather|SunnyDay|[upkeep]
|-heal|p1a: Starmie|70/100|[from] item: Leftovers
|-heal|p2a: Ninetales|76/100|[from] item: Leftovers
|upkeep
|turn|14
|
|t:|1716953454
|switch|p2a: Xatu|Xatu, F|100/100
|move|p1a: Starmie|Rapid Spin|p2a: Xatu
|-damage|p2a: Xatu|98/100
|-damage|p1a: Starmie|54/100|[from] item: Rocky Helmet|[of] p2a: Xatu
|-sideend|p1: Primary Trout|Stealth Rock|[from] move: Rapid Spin|[of] p1a: Starmie
|
|-weather|SunnyDay|[upkeep]
|-heal|p1a: Starmie|60/100|[from] item: Leftovers
|upkeep
|turn|15
|
|t:|1716953457
|move|p1a: Starmie|Ice Beam|p2a: Xatu
|-supereffective|p2a: Xatu
|-crit|p2a: Xatu
|-damage|p2a: Xatu|0 fnt
|faint|p2a: Xatu
|
|-weather|SunnyDay|[upkeep]
|-heal|p1a: Starmie|66/100|[from] item: Leftovers
|upkeep
|
|t:|1716953464
|switch|p2a: Chansey|Chansey, F|67/100
|turn|16
|
|t:|1716953467
|switch|p1a: Landorus|Landorus-Therian, M|100/100
|-ability|p1a: Landorus|Intimidate|boost
|-unboost|p2a: Chansey|atk|1
|move|p2a: Chansey|Stealth Rock|p1a: Landorus
|-sidestart|p1: Primary Trout|move: Stealth Rock
|
|-weather|SunnyDay|[upkeep]
|upkeep
|turn|17
|
|t:|1716953472
|move|p1a: Landorus|Stealth Rock|p2a: Chansey
|-sidestart|p2: Darkortex|move: Stealth Rock
|move|p2a: Chansey|Toxic|p1a: Landorus|[miss]
|-miss|p2a: Chansey|p1a: Landorus
|
|-weather|SunnyDay|[upkeep]
|upkeep
|turn|18
|
|t:|1716953477
|move|p1a: Landorus|U-turn|p2a: Chansey
|-damage|p2a: Chansey|52/100
|
|t:|1716953478
|switch|p1a: Starmie|Starmie|66/100|[from] U-turn
|-damage|p1a: Starmie|54/100|[from] Stealth Rock
|move|p2a: Chansey|Soft-Boiled|p2a: Chansey
|-heal|p2a: Chansey|100/100
|
|-weather|SunnyDay|[upkeep]
|-heal|p1a: Starmie|60/100|[from] item: Leftovers
|upkeep
|turn|19
|
|t:|1716953481
|move|p1a: Starmie|Rapid Spin|p2a: Chansey
|-damage|p2a: Chansey|99/100
|-sideend|p1: Primary Trout|Stealth Rock|[from] move: Rapid Spin|[of] p1a: Starmie
|move|p2a: Chansey|Toxic|p1a: Starmie|[miss]
|-miss|p2a: Chansey|p1a: Starmie
|
|-weather|SunnyDay|[upkeep]
|-heal|p1a: Starmie|66/100|[from] item: Leftovers
|upkeep
|turn|20
|
|t:|1716953483
|switch|p1a: Scizor|Scizor, F|100/100
|move|p2a: Chansey|Stealth Rock|p1a: Scizor
|-sidestart|p1: Primary Trout|move: Stealth Rock
|
|-weather|SunnyDay|[upkeep]
|upkeep
|turn|21
|
|t:|1716953487
|move|p1a: Scizor|Superpower|p2a: Chansey
|-supereffective|p2a: Chansey
|-crit|p2a: Chansey
|-damage|p2a: Chansey|0 fnt
|-unboost|p1a: Scizor|atk|1
|-unboost|p1a: Scizor|def|1
|faint|p2a: Chansey
|
|-weather|SunnyDay|[upkeep]
|upkeep
|
|t:|1716953490
|switch|p2a: Excadrill|Excadrill, M|100/100
|-damage|p2a: Excadrill|97/100|[from] Stealth Rock
|-ability|p2a: Excadrill|Mold Breaker
|turn|22
|
|t:|1716953493
|move|p2a: Excadrill|Rapid Spin|p1a: Scizor
|-resisted|p1a: Scizor
|-damage|p1a: Scizor|95/100
|-sideend|p2: Darkortex|Stealth Rock|[from] move: Rapid Spin|[of] p2a: Excadrill
|move|p1a: Scizor|Superpower|p2a: Excadrill
|-supereffective|p2a: Excadrill
|-damage|p2a: Excadrill|5/100
|-unboost|p1a: Scizor|atk|1
|-unboost|p1a: Scizor|def|1
|
|-weather|SunnyDay|[upkeep]
|-heal|p2a: Excadrill|11/100|[from] item: Leftovers
|-heal|p1a: Scizor|100/100|[from] item: Leftovers
|upkeep
|turn|23
|
|t:|1716953497
|move|p1a: Scizor|Bullet Punch|p2a: Excadrill
|-resisted|p2a: Excadrill
|-damage|p2a: Excadrill|0 fnt
|faint|p2a: Excadrill
|
|-weather|SunnyDay|[upkeep]
|upkeep
|
|t:|1716953499
|switch|p2a: Volcarona|Volcarona, F|100/100
|turn|24
|
|t:|1716953501
|move|p2a: Volcarona|Quiver Dance|p2a: Volcarona
|-boost|p2a: Volcarona|spa|1
|-boost|p2a: Volcarona|spd|1
|-boost|p2a: Volcarona|spe|1
|move|p1a: Scizor|U-turn|p2a: Volcarona
|-resisted|p2a: Volcarona
|-damage|p2a: Volcarona|85/100
|
|t:|1716953504
|switch|p1a: Kyurem|Kyurem-Black|100/100|[from] U-turn
|-damage|p1a: Kyurem|76/100|[from] Stealth Rock
|-ability|p1a: Kyurem|Teravolt
|
|-weather|SunnyDay|[upkeep]
|upkeep
|turn|25
|
|t:|1716953509
|move|p1a: Kyurem|Dragon Claw|p2a: Volcarona
|-damage|p2a: Volcarona|4/100
|move|p2a: Volcarona|Flamethrower|p1a: Kyurem
|-damage|p1a: Kyurem|0 fnt
|faint|p1a: Kyurem
|
|-weather|SunnyDay|[upkeep]
|upkeep
|
|t:|1716953512
|switch|p1a: Scizor|Scizor, F|100/100
|-damage|p1a: Scizor|88/100|[from] Stealth Rock
|turn|26
|
|t:|1716953515
|switch|p2a: Ninetales|Ninetales, F|76/100
|move|p1a: Scizor|Bullet Punch|p2a: Ninetales
|-resisted|p2a: Ninetales
|-damage|p2a: Ninetales|58/100
|
|-weather|SunnyDay|[upkeep]
|-heal|p2a: Ninetales|64/100|[from] item: Leftovers
|-heal|p1a: Scizor|94/100|[from] item: Leftovers
|upkeep
|turn|27
|
|t:|1716953524
|switch|p1a: Starmie|Starmie|66/100
|-damage|p1a: Starmie|54/100|[from] Stealth Rock
|move|p2a: Ninetales|Will-O-Wisp|p1a: Starmie
|-status|p1a: Starmie|brn
|
|-weather|SunnyDay|[upkeep]
|-heal|p1a: Starmie|60/100 brn|[from] item: Leftovers
|-heal|p2a: Ninetales|70/100|[from] item: Leftovers
|-damage|p1a: Starmie|47/100 brn|[from] brn
|upkeep
|turn|28
|
|t:|1716953529
|switch|p2a: Volcarona|Volcarona, F|4/100
|move|p1a: Starmie|Recover|p1a: Starmie
|-heal|p1a: Starmie|97/100 brn
|
|-weather|SunnyDay|[upkeep]
|-heal|p1a: Starmie|100/100 brn|[from] item: Leftovers
|-damage|p1a: Starmie|88/100 brn|[from] brn
|upkeep
|turn|29
|
|t:|1716953535
|switch|p2a: Cresselia|Cresselia, F|100/100
|move|p1a: Starmie|Rapid Spin|p2a: Cresselia
|-damage|p2a: Cresselia|99/100
|-sideend|p1: Primary Trout|Stealth Rock|[from] move: Rapid Spin|[of] p1a: Starmie
|
|-weather|SunnyDay|[upkeep]
|-heal|p1a: Starmie|94/100 brn|[from] item: Leftovers
|-heal|p2a: Cresselia|100/100|[from] item: Leftovers
|-damage|p1a: Starmie|82/100 brn|[from] brn
|upkeep
|turn|30
|
|t:|1716953539
|-curestatus|p1a: Starmie|brn|[from] ability: Natural Cure
|switch|p1a: Scizor|Scizor, F|94/100
|move|p2a: Cresselia|Skill Swap|p1a: Scizor
|-activate|p2a: Cresselia|move: Skill Swap|Technician|Levitate|[of] p1a: Scizor
|-endability|p2a: Cresselia|Levitate|[from] move: Skill Swap
|-endability|p1a: Scizor|Technician|[from] move: Skill Swap
|
|-weather|SunnyDay|[upkeep]
|-heal|p1a: Scizor|99/100|[from] item: Leftovers
|upkeep
|turn|31
|-message|Darkortex forfeited.
|
|win|Primary Trout
|raw|Primary Trout's rating: 1543 &rarr; <strong>1565</strong><br />(+22 for winning)
|raw|Darkortex's rating: 1576 &rarr; <strong>1554</strong><br />(-22 for losing)
|l|☆Darkortex
|player|p2|
|j|☆Darkortex
|player|p2|Darkortex|hilbert|
