|j|☆DubbedOn
|j|☆ghosted by brizz
|t:|1744744465
|gametype|singles
|player|p1|DubbedOn|gambler|1419
|player|p2|ghosted by brizz|miriam|1527
|teamsize|p1|6
|teamsize|p2|6
|gen|5
|tier|[Gen 5] OU
|rated|
|rule|Species Clause: Limit one of each Pokémon
|rule|OHKO Clause: OHKO moves are banned
|rule|Moody Clause: Moody is banned
|rule|Evasion Items Clause: Evasion items are banned
|rule|Evasion Moves Clause: Evasion moves are banned
|rule|Endless Battle Clause: Forcing endless battles is banned
|rule|HP Percentage Mod: HP is shown in percentages
|rule|Evasion Abilities Clause: Evasion abilities are banned
|rule|Sleep Moves Clause: Sleep-inducing moves are banned
|rule|Swagger Clause: Swagger is banned
|rule|Baton Pass Stat Clause: No Baton Passer may have a way to boost its stats
|clearpoke
|poke|p1|Alakazam, M|item
|poke|p1|Latios, M|item
|poke|p1|Gliscor, M|item
|poke|p1|Skarmory, F|item
|poke|p1|Reuniclus, F|item
|poke|p1|Jirachi|item
|poke|p2|Politoed, F|item
|poke|p2|Mamoswine, F|item
|poke|p2|Starmie|item
|poke|p2|Scizor, M|item
|poke|p2|Keldeo|item
|poke|p2|Dragonite, M|item
|teampreview
|inactive|Battle timer is ON: inactive players will automatically lose when time's up. (requested by ghosted by brizz)
|inactive|DubbedOn also wants the timer to be on.
|inactive|ghosted by brizz has 120 seconds left.
|
|t:|1744744498
|start
|switch|p1a: Skarmory|Skarmory, F|100/100
|switch|p2a: Mamoswine|Mamoswine, F|100/100
|turn|1
|
|t:|1744744506
|move|p2a: Mamoswine|Icicle Crash|p1a: Skarmory
|-damage|p1a: Skarmory|60/100
|move|p1a: Skarmory|Spikes|p2a: Mamoswine
|-sidestart|p2: ghosted by brizz|Spikes
|
|upkeep
|turn|2
|
|t:|1744744515
|switch|p1a: Jirachi|Jirachi|100/100
|move|p2a: Mamoswine|Stealth Rock|p1a: Jirachi
|-sidestart|p1: DubbedOn|move: Stealth Rock
|
|upkeep
|turn|3
|
|t:|1744744531
|move|p1a: Jirachi|U-turn|p2a: Mamoswine
|-damage|p2a: Mamoswine|78/100
|
|t:|1744744536
|switch|p1a: Skarmory|Skarmory, F|60/100|[from] U-turn
|-damage|p1a: Skarmory|48/100|[from] Stealth Rock
|move|p2a: Mamoswine|Earthquake|p1a: Skarmory
|-immune|p1a: Skarmory
|
|upkeep
|turn|4
|inactive|ghosted by brizz has 120 seconds left.
|
|t:|1744744571
|move|p2a: Mamoswine|Icicle Crash|p1a: Skarmory
|-damage|p1a: Skarmory|11/100
|move|p1a: Skarmory|Roost|p1a: Skarmory
|-heal|p1a: Skarmory|61/100
|-singleturn|p1a: Skarmory|move: Roost
|
|upkeep
|turn|5
|
|t:|1744744583
|move|p2a: Mamoswine|Icicle Crash|p1a: Skarmory
|-damage|p1a: Skarmory|25/100
|cant|p1a: Skarmory|flinch
|
|upkeep
|turn|6
|j| Neighthan Trainer
|
|t:|1744744590
|switch|p1a: Reuniclus|Reuniclus, F|100/100
|move|p2a: Mamoswine|Icicle Crash|p1a: Reuniclus
|-damage|p1a: Reuniclus|68/100
|
|-heal|p1a: Reuniclus|74/100|[from] item: Leftovers
|upkeep
|turn|7
|
|t:|1744744599
|switch|p2a: Politoed|Politoed, F|100/100
|-damage|p2a: Politoed|88/100|[from] Spikes
|-weather|RainDance|[from] ability: Drizzle|[of] p2a: Politoed
|switch|p1a: Jirachi|Jirachi|100/100
|-damage|p1a: Jirachi|94/100|[from] Stealth Rock
|
|-weather|RainDance|[upkeep]
|upkeep
|turn|8
|
|t:|1744744603
|move|p1a: Jirachi|U-turn|p2a: Politoed
|-damage|p2a: Politoed|59/100
|
|t:|1744744616
|switch|p1a: Alakazam|Alakazam, M|100/100|[from] U-turn
|move|p2a: Politoed|Scald|p1a: Alakazam
|-damage|p1a: Alakazam|0 fnt
|faint|p1a: Alakazam
|
|-weather|RainDance|[upkeep]
|upkeep
|
|t:|1744744625
|switch|p1a: Latios|Latios, M|100/100
|-damage|p1a: Latios|88/100|[from] Stealth Rock
|turn|9
|inactive|ghosted by brizz has 120 seconds left.
|inactive|ghosted by brizz has 90 seconds left.
|
|t:|1744744695
|switch|p2a: Mamoswine|Mamoswine, F|78/100
|-damage|p2a: Mamoswine|66/100|[from] Spikes
|move|p1a: Latios|Draco Meteor|p2a: Mamoswine
|-damage|p2a: Mamoswine|0 fnt
|-unboost|p1a: Latios|spa|2
|faint|p2a: Mamoswine
|
|-weather|RainDance|[upkeep]
|upkeep
|
|t:|1744744698
|switch|p2a: Scizor|Scizor, M|100/100
|-damage|p2a: Scizor|88/100|[from] Spikes
|turn|10
|
|t:|1744744710
|-activate|p1a: Latios|move: Pursuit
|move|p2a: Scizor|Pursuit|p1a: Latios|[from] Pursuit
|-supereffective|p1a: Latios
|-damage|p1a: Latios|15/100
|switch|p1a: Skarmory|Skarmory, F|25/100
|-damage|p1a: Skarmory|12/100|[from] Stealth Rock
|
|-weather|RainDance|[upkeep]
|upkeep
|turn|11
|inactive|ghosted by brizz has 90 seconds left.
|
|t:|1744744733
|switch|p2a: Politoed|Politoed, F|59/100
|-damage|p2a: Politoed|47/100|[from] Spikes
|move|p1a: Skarmory|Roost|p1a: Skarmory
|-heal|p1a: Skarmory|62/100
|-singleturn|p1a: Skarmory|move: Roost
|
|-weather|RainDance|[upkeep]
|upkeep
|turn|12
|
|t:|1744744742
|move|p2a: Politoed|Scald|p1a: Skarmory
|-damage|p1a: Skarmory|0 fnt
|faint|p1a: Skarmory
|
|-weather|RainDance|[upkeep]
|upkeep
|
|t:|1744744755
|switch|p1a: Latios|Latios, M|15/100
|-damage|p1a: Latios|3/100|[from] Stealth Rock
|turn|13
|
|t:|1744744761
|move|p1a: Latios|Draco Meteor|p2a: Politoed
|-damage|p2a: Politoed|0 fnt
|-unboost|p1a: Latios|spa|2
|faint|p2a: Politoed
|
|-weather|RainDance|[upkeep]
|upkeep
|
|t:|1744744772
|switch|p2a: Starmie|Starmie, shiny|100/100
|-damage|p2a: Starmie|88/100|[from] Spikes
|turn|14
|
|t:|1744744782
|move|p2a: Starmie|Rapid Spin|p1a: Latios
|-damage|p1a: Latios|0 fnt
|-sideend|p2: ghosted by brizz|Spikes|[from] move: Rapid Spin|[of] p2a: Starmie
|faint|p1a: Latios
|-damage|p2a: Starmie|78/100|[from] item: Life Orb
|
|-weather|RainDance|[upkeep]
|upkeep
|
|t:|1744744790
|switch|p1a: Jirachi|Jirachi|94/100
|-damage|p1a: Jirachi|88/100|[from] Stealth Rock
|turn|15
|
|t:|1744744794
|switch|p2a: Keldeo|Keldeo|100/100
|move|p1a: Jirachi|U-turn|p2a: Keldeo
|-resisted|p2a: Keldeo
|-damage|p2a: Keldeo|89/100
|
|t:|1744744800
|switch|p1a: Reuniclus|Reuniclus, F|74/100|[from] U-turn
|
|-weather|RainDance|[upkeep]
|-heal|p1a: Reuniclus|80/100|[from] item: Leftovers
|upkeep
|turn|16
|
|t:|1744744807
|switch|p2a: Scizor|Scizor, M|88/100
|move|p1a: Reuniclus|Psyshock|p2a: Scizor
|-resisted|p2a: Scizor
|-damage|p2a: Scizor|69/100
|
|-weather|RainDance|[upkeep]
|-heal|p1a: Reuniclus|86/100|[from] item: Leftovers
|upkeep
|turn|17
|
|t:|1744744816
|switch|p1a: Gliscor|Gliscor, M|100/100
|-damage|p1a: Gliscor|88/100|[from] Stealth Rock
|move|p2a: Scizor|U-turn|p1a: Gliscor
|-resisted|p1a: Gliscor
|-damage|p1a: Gliscor|75/100
|
|t:|1744744820
|switch|p2a: Keldeo|Keldeo|89/100|[from] U-turn
|
|-weather|RainDance|[upkeep]
|-status|p1a: Gliscor|tox|[from] item: Toxic Orb
|upkeep
|turn|18
|
|t:|1744744827
|move|p2a: Keldeo|Surf|p1a: Gliscor
|-supereffective|p1a: Gliscor
|-damage|p1a: Gliscor|0 fnt
|faint|p1a: Gliscor
|
|-weather|RainDance|[upkeep]
|upkeep
|
|t:|1744744834
|switch|p1a: Reuniclus|Reuniclus, F|86/100
|turn|19
|
|t:|1744744836
|switch|p2a: Scizor|Scizor, M|69/100
|move|p1a: Reuniclus|Calm Mind|p1a: Reuniclus
|-boost|p1a: Reuniclus|spa|1
|-boost|p1a: Reuniclus|spd|1
|
|-weather|RainDance|[upkeep]
|-heal|p1a: Reuniclus|92/100|[from] item: Leftovers
|upkeep
|turn|20
|
|t:|1744744842
|move|p2a: Scizor|U-turn|p1a: Reuniclus
|-supereffective|p1a: Reuniclus
|-damage|p1a: Reuniclus|38/100
|
|t:|1744744845
|switch|p2a: Dragonite|Dragonite, M|100/100|[from] U-turn
|move|p1a: Reuniclus|Recover|p1a: Reuniclus
|-heal|p1a: Reuniclus|88/100
|
|-weather|RainDance|[upkeep]
|-heal|p1a: Reuniclus|94/100|[from] item: Leftovers
|upkeep
|turn|21
|
|t:|1744744852
|move|p2a: Dragonite|Outrage|p1a: Reuniclus
|-damage|p1a: Reuniclus|23/100
|move|p1a: Reuniclus|Hidden Power|p2a: Dragonite
|-supereffective|p2a: Dragonite
|-damage|p2a: Dragonite|43/100
|
|-weather|RainDance|[upkeep]
|-heal|p1a: Reuniclus|29/100|[from] item: Leftovers
|upkeep
|turn|22
|
|t:|1744744863
|switch|p1a: Jirachi|Jirachi|88/100
|-damage|p1a: Jirachi|82/100|[from] Stealth Rock
|move|p2a: Dragonite|Outrage|p1a: Jirachi|[from] lockedmove
|-resisted|p1a: Jirachi
|-damage|p1a: Jirachi|31/100
|
|-weather|RainDance|[upkeep]
|upkeep
|turn|23
|
|t:|1744744869
|move|p1a: Jirachi|Ice Punch|p2a: Dragonite
|-supereffective|p2a: Dragonite
|-damage|p2a: Dragonite|0 fnt
|faint|p2a: Dragonite
|
|-weather|RainDance|[upkeep]
|upkeep
|
|t:|1744744872
|switch|p2a: Keldeo|Keldeo|89/100
|turn|24
|
|t:|1744744881
|move|p2a: Keldeo|Surf|p1a: Jirachi
|-damage|p1a: Jirachi|0 fnt
|faint|p1a: Jirachi
|
|-weather|RainDance|[upkeep]
|upkeep
|
|t:|1744744886
|switch|p1a: Reuniclus|Reuniclus, F|29/100
|turn|25
|-message|DubbedOn forfeited.
|
|win|ghosted by brizz
|raw|DubbedOn's rating: 1419 &rarr; <strong>1405</strong><br />(-14 for losing)
|raw|ghosted by brizz's rating: 1527 &rarr; <strong>1541</strong><br />(+14 for winning)
|l|☆DubbedOn
|player|p1|
