|j|☆qishilu18
|j|☆refsunpersons
|t:|1736088335
|gametype|singles
|player|p1|qishilu18|shauntal|1427
|player|p2|refsunpersons|#phosphor|1374
|teamsize|p1|6
|teamsize|p2|6
|gen|5
|tier|[Gen 5] OU
|rated|
|rule|Species Clause: Limit one of each Pokémon
|rule|OHKO Clause: OHKO moves are banned
|rule|Moody Clause: Moody is banned
|rule|Evasion Items Clause: Evasion items are banned
|rule|Evasion Moves Clause: Evasion moves are banned
|rule|Endless Battle Clause: Forcing endless battles is banned
|rule|HP Percentage Mod: HP is shown in percentages
|rule|Evasion Abilities Clause: Evasion abilities are banned
|rule|Sleep Moves Clause: Sleep-inducing moves are banned
|rule|Swagger Clause: Swagger is banned
|rule|Baton Pass Stat Clause: No Baton Passer may have a way to boost its stats
|clearpoke
|poke|p1|Politoed, M|item
|poke|p1|Tentacruel, M|item
|poke|p1|Ferrothorn, F|item
|poke|p1|Keldeo-Resolute|item
|poke|p1|Thundurus-Therian, M|item
|poke|p1|Latios, M|item
|poke|p2|Politoed, M|item
|poke|p2|Landorus-Therian, M|item
|poke|p2|Celebi|item
|poke|p2|Jirachi|item
|poke|p2|Bronzong|item
|poke|p2|Tentacruel, F|item
|teampreview
|inactive|Battle timer is ON: inactive players will automatically lose when time's up. (requested by qishilu18)
|
|t:|1736088361
|start
|switch|p1a: Ferrothorn|Ferrothorn, F|100/100
|switch|p2a: Landorus|Landorus-Therian, M|100/100
|-ability|p2a: Landorus|Intimidate|boost
|-unboost|p1a: Ferrothorn|atk|1
|turn|1
|
|t:|1736088364
|switch|p1a: Politoed|Politoed, M|100/100
|-weather|RainDance|[from] ability: Drizzle|[of] p1a: Politoed
|move|p2a: Landorus|Knock Off|p1a: Politoed
|-damage|p1a: Politoed|94/100
|-enditem|p1a: Politoed|Leftovers|[from] move: Knock Off|[of] p2a: Landorus
|
|-weather|RainDance|[upkeep]
|upkeep
|turn|2
|
|t:|1736088369
|switch|p2a: Celebi|Celebi|100/100
|move|p1a: Politoed|Scald|p2a: Celebi
|-resisted|p2a: Celebi
|-damage|p2a: Celebi|89/100
|-status|p2a: Celebi|brn
|
|-weather|RainDance|[upkeep]
|-heal|p2a: Celebi|96/100 brn|[from] item: Leftovers
|-damage|p2a: Celebi|83/100 brn|[from] brn
|upkeep
|turn|3
|
|t:|1736088373
|switch|p1a: Ferrothorn|Ferrothorn, F|100/100
|move|p2a: Celebi|Baton Pass|p2a: Celebi
|
|t:|1736088375
|-curestatus|p2a: Celebi|brn|[from] ability: Natural Cure
|switch|p2a: Landorus|Landorus-Therian, M|100/100|[from] Baton Pass
|-ability|p2a: Landorus|Intimidate|boost
|-unboost|p1a: Ferrothorn|atk|1
|
|-weather|RainDance|[upkeep]
|upkeep
|turn|4
|
|t:|1736088378
|switch|p1a: Politoed|Politoed, M|94/100
|move|p2a: Landorus|Stealth Rock|p1a: Politoed
|-sidestart|p1: qishilu18|move: Stealth Rock
|
|-weather|RainDance|[upkeep]
|upkeep
|turn|5
|
|t:|1736088383
|switch|p2a: Celebi|Celebi|83/100
|move|p1a: Politoed|Scald|p2a: Celebi
|-resisted|p2a: Celebi
|-damage|p2a: Celebi|72/100
|-status|p2a: Celebi|brn
|
|-weather|RainDance|[upkeep]
|-heal|p2a: Celebi|78/100 brn|[from] item: Leftovers
|-damage|p2a: Celebi|66/100 brn|[from] brn
|upkeep
|turn|6
|
|t:|1736088389
|move|p2a: Celebi|Giga Drain|p1a: Politoed
|-supereffective|p1a: Politoed
|-damage|p1a: Politoed|60/100
|-heal|p2a: Celebi|82/100 brn|[from] drain|[of] p1a: Politoed
|move|p1a: Politoed|Scald|p2a: Celebi
|-resisted|p2a: Celebi
|-crit|p2a: Celebi
|-damage|p2a: Celebi|59/100 brn
|
|-weather|RainDance|[upkeep]
|-heal|p2a: Celebi|65/100 brn|[from] item: Leftovers
|-damage|p2a: Celebi|53/100 brn|[from] brn
|upkeep
|turn|7
|
|t:|1736088394
|move|p2a: Celebi|Baton Pass|p2a: Celebi
|
|t:|1736088396
|-curestatus|p2a: Celebi|brn|[from] ability: Natural Cure
|switch|p2a: Politoed|Politoed, M|100/100|[from] Baton Pass
|move|p1a: Politoed|Scald|p2a: Politoed
|-resisted|p2a: Politoed
|-damage|p2a: Politoed|83/100
|-status|p2a: Politoed|brn
|
|-weather|RainDance|[upkeep]
|-heal|p2a: Politoed|89/100 brn|[from] item: Leftovers
|-damage|p2a: Politoed|77/100 brn|[from] brn
|upkeep
|turn|8
|
|t:|1736088403
|switch|p1a: Ferrothorn|Ferrothorn, F|100/100
|-damage|p1a: Ferrothorn|94/100|[from] Stealth Rock
|switch|p2a: Celebi|Celebi|53/100
|
|-weather|RainDance|[upkeep]
|-heal|p2a: Celebi|59/100|[from] item: Leftovers
|-heal|p1a: Ferrothorn|100/100|[from] item: Leftovers
|upkeep
|turn|9
|
|t:|1736088414
|move|p2a: Celebi|Recover|p2a: Celebi
|-heal|p2a: Celebi|100/100
|move|p1a: Ferrothorn|Stealth Rock|p2a: Celebi
|-sidestart|p2: refsunpersons|move: Stealth Rock
|
|-weather|RainDance|[upkeep]
|upkeep
|turn|10
|
|t:|1736088420
|move|p2a: Celebi|Baton Pass|p2a: Celebi
|
|t:|1736088422
|switch|p2a: Tentacruel|Tentacruel, F|100/100|[from] Baton Pass
|-damage|p2a: Tentacruel|88/100|[from] Stealth Rock
|move|p1a: Ferrothorn|Spikes|p2a: Tentacruel
|-sidestart|p2: refsunpersons|Spikes
|
|-weather|RainDance|[upkeep]
|-heal|p2a: Tentacruel|94/100|[from] ability: Rain Dish
|-heal|p2a: Tentacruel|99/100|[from] item: Black Sludge
|upkeep
|turn|11
|
|t:|1736088435
|move|p2a: Tentacruel|Toxic Spikes|p1a: Ferrothorn
|-sidestart|p1: qishilu18|move: Toxic Spikes
|move|p1a: Ferrothorn|Knock Off|p2a: Tentacruel
|-damage|p2a: Tentacruel|95/100
|-enditem|p2a: Tentacruel|Black Sludge|[from] move: Knock Off|[of] p1a: Ferrothorn
|
|-weather|RainDance|[upkeep]
|-heal|p2a: Tentacruel|100/100|[from] ability: Rain Dish
|upkeep
|turn|12
|
|t:|1736088442
|move|p2a: Tentacruel|Scald|p1a: Ferrothorn
|-resisted|p1a: Ferrothorn
|-damage|p1a: Ferrothorn|89/100
|-status|p1a: Ferrothorn|brn
|move|p1a: Ferrothorn|Power Whip|p2a: Tentacruel
|-damage|p2a: Tentacruel|75/100
|
|-weather|RainDance|[upkeep]
|-heal|p2a: Tentacruel|81/100|[from] ability: Rain Dish
|-heal|p1a: Ferrothorn|95/100 brn|[from] item: Leftovers
|-damage|p1a: Ferrothorn|83/100 brn|[from] brn
|upkeep
|turn|13
|
|t:|1736088451
|move|p2a: Tentacruel|Rapid Spin|p1a: Ferrothorn
|-resisted|p1a: Ferrothorn
|-damage|p1a: Ferrothorn|81/100 brn
|-damage|p2a: Tentacruel|68/100|[from] ability: Iron Barbs|[of] p1a: Ferrothorn
|-sideend|p2: refsunpersons|Spikes|[from] move: Rapid Spin|[of] p2a: Tentacruel
|-sideend|p2: refsunpersons|Stealth Rock|[from] move: Rapid Spin|[of] p2a: Tentacruel
|move|p1a: Ferrothorn|Spikes|p2a: Tentacruel
|-sidestart|p2: refsunpersons|Spikes
|
|-weather|RainDance|[upkeep]
|-heal|p2a: Tentacruel|74/100|[from] ability: Rain Dish
|-heal|p1a: Ferrothorn|88/100 brn|[from] item: Leftovers
|-damage|p1a: Ferrothorn|75/100 brn|[from] brn
|upkeep
|turn|14
|
|t:|1736088460
|switch|p1a: Tentacruel|Tentacruel, M|100/100
|-damage|p1a: Tentacruel|88/100|[from] Stealth Rock
|-sideend|p1: qishilu18|move: Toxic Spikes|[of] p1a: Tentacruel
|move|p2a: Tentacruel|Scald|p1a: Tentacruel
|-resisted|p1a: Tentacruel
|-damage|p1a: Tentacruel|74/100
|-status|p1a: Tentacruel|brn
|
|-weather|RainDance|[upkeep]
|-heal|p1a: Tentacruel|80/100 brn|[from] ability: Rain Dish
|-heal|p2a: Tentacruel|81/100|[from] ability: Rain Dish
|-heal|p1a: Tentacruel|86/100 brn|[from] item: Black Sludge
|-damage|p1a: Tentacruel|74/100 brn|[from] brn
|upkeep
|turn|15
|
|t:|1736088463
|move|p1a: Tentacruel|Scald|p2a: Tentacruel
|-resisted|p2a: Tentacruel
|-crit|p2a: Tentacruel
|-damage|p2a: Tentacruel|56/100
|move|p2a: Tentacruel|Toxic Spikes|p1a: Tentacruel
|-sidestart|p1: qishilu18|move: Toxic Spikes
|
|-weather|RainDance|[upkeep]
|-heal|p1a: Tentacruel|80/100 brn|[from] ability: Rain Dish
|-heal|p2a: Tentacruel|62/100|[from] ability: Rain Dish
|-heal|p1a: Tentacruel|86/100 brn|[from] item: Black Sludge
|-damage|p1a: Tentacruel|73/100 brn|[from] brn
|upkeep
|turn|16
|
|t:|1736088470
|move|p2a: Tentacruel|Protect|p2a: Tentacruel
|-singleturn|p2a: Tentacruel|Protect
|move|p1a: Tentacruel|Scald|p2a: Tentacruel
|-activate|p2a: Tentacruel|move: Protect
|
|-weather|RainDance|[upkeep]
|-heal|p1a: Tentacruel|79/100 brn|[from] ability: Rain Dish
|-heal|p2a: Tentacruel|68/100|[from] ability: Rain Dish
|-heal|p1a: Tentacruel|85/100 brn|[from] item: Black Sludge
|-damage|p1a: Tentacruel|73/100 brn|[from] brn
|upkeep
|turn|17
|
|t:|1736088472
|move|p1a: Tentacruel|Scald|p2a: Tentacruel
|-resisted|p2a: Tentacruel
|-damage|p2a: Tentacruel|55/100
|move|p2a: Tentacruel|Scald|p1a: Tentacruel
|-resisted|p1a: Tentacruel
|-damage|p1a: Tentacruel|59/100 brn
|
|-weather|RainDance|[upkeep]
|-heal|p1a: Tentacruel|65/100 brn|[from] ability: Rain Dish
|-heal|p2a: Tentacruel|61/100|[from] ability: Rain Dish
|-heal|p1a: Tentacruel|71/100 brn|[from] item: Black Sludge
|-damage|p1a: Tentacruel|58/100 brn|[from] brn
|upkeep
|turn|18
|
|t:|1736088475
|move|p2a: Tentacruel|Protect|p2a: Tentacruel
|-singleturn|p2a: Tentacruel|Protect
|move|p1a: Tentacruel|Scald|p2a: Tentacruel
|-activate|p2a: Tentacruel|move: Protect
|
|-weather|RainDance|[upkeep]
|-heal|p1a: Tentacruel|64/100 brn|[from] ability: Rain Dish
|-heal|p2a: Tentacruel|67/100|[from] ability: Rain Dish
|-heal|p1a: Tentacruel|70/100 brn|[from] item: Black Sludge
|-damage|p1a: Tentacruel|58/100 brn|[from] brn
|upkeep
|turn|19
|
|t:|1736088478
|move|p1a: Tentacruel|Scald|p2a: Tentacruel
|-resisted|p2a: Tentacruel
|-damage|p2a: Tentacruel|55/100
|move|p2a: Tentacruel|Scald|p1a: Tentacruel
|-resisted|p1a: Tentacruel
|-damage|p1a: Tentacruel|44/100 brn
|
|-weather|RainDance|[upkeep]
|-heal|p1a: Tentacruel|50/100 brn|[from] ability: Rain Dish
|-heal|p2a: Tentacruel|61/100|[from] ability: Rain Dish
|-heal|p1a: Tentacruel|56/100 brn|[from] item: Black Sludge
|-damage|p1a: Tentacruel|43/100 brn|[from] brn
|upkeep
|turn|20
|
|t:|1736088483
|move|p2a: Tentacruel|Protect|p2a: Tentacruel
|-singleturn|p2a: Tentacruel|Protect
|move|p1a: Tentacruel|Scald|p2a: Tentacruel
|-activate|p2a: Tentacruel|move: Protect
|
|-weather|RainDance|[upkeep]
|-heal|p1a: Tentacruel|50/100 brn|[from] ability: Rain Dish
|-heal|p2a: Tentacruel|67/100|[from] ability: Rain Dish
|-heal|p1a: Tentacruel|56/100 brn|[from] item: Black Sludge
|-damage|p1a: Tentacruel|43/100 brn|[from] brn
|upkeep
|turn|21
|
|t:|1736088486
|move|p1a: Tentacruel|Scald|p2a: Tentacruel
|-resisted|p2a: Tentacruel
|-damage|p2a: Tentacruel|53/100
|-status|p2a: Tentacruel|brn
|move|p2a: Tentacruel|Rapid Spin|p1a: Tentacruel
|-damage|p1a: Tentacruel|42/100 brn
|-sideend|p2: refsunpersons|Spikes|[from] move: Rapid Spin|[of] p2a: Tentacruel
|
|-weather|RainDance|[upkeep]
|-heal|p1a: Tentacruel|48/100 brn|[from] ability: Rain Dish
|-heal|p2a: Tentacruel|60/100 brn|[from] ability: Rain Dish
|-heal|p1a: Tentacruel|54/100 brn|[from] item: Black Sludge
|-damage|p1a: Tentacruel|42/100 brn|[from] brn
|-damage|p2a: Tentacruel|47/100 brn|[from] brn
|upkeep
|turn|22
|
|t:|1736088491
|move|p1a: Tentacruel|Scald|p2a: Tentacruel
|-resisted|p2a: Tentacruel
|-damage|p2a: Tentacruel|35/100 brn
|move|p2a: Tentacruel|Scald|p1a: Tentacruel
|-resisted|p1a: Tentacruel
|-damage|p1a: Tentacruel|28/100 brn
|
|-weather|RainDance|[upkeep]
|-heal|p1a: Tentacruel|34/100 brn|[from] ability: Rain Dish
|-heal|p2a: Tentacruel|41/100 brn|[from] ability: Rain Dish
|-heal|p1a: Tentacruel|40/100 brn|[from] item: Black Sludge
|-damage|p1a: Tentacruel|27/100 brn|[from] brn
|-damage|p2a: Tentacruel|28/100 brn|[from] brn
|upkeep
|turn|23
|
|t:|1736088498
|move|p1a: Tentacruel|Rapid Spin|p2a: Tentacruel
|-damage|p2a: Tentacruel|27/100 brn
|-sideend|p1: qishilu18|Toxic Spikes|[from] move: Rapid Spin|[of] p1a: Tentacruel
|-sideend|p1: qishilu18|Stealth Rock|[from] move: Rapid Spin|[of] p1a: Tentacruel
|move|p2a: Tentacruel|Scald|p1a: Tentacruel
|-resisted|p1a: Tentacruel
|-crit|p1a: Tentacruel
|-damage|p1a: Tentacruel|0 fnt
|faint|p1a: Tentacruel
|
|-weather|RainDance|[upkeep]
|-heal|p2a: Tentacruel|33/100 brn|[from] ability: Rain Dish
|-damage|p2a: Tentacruel|21/100 brn|[from] brn
|upkeep
|
|t:|1736088504
|switch|p1a: Thundurus|Thundurus-Therian, M|100/100
|turn|24
|
|t:|1736088508
|move|p1a: Thundurus|Substitute|p1a: Thundurus
|-start|p1a: Thundurus|Substitute
|-damage|p1a: Thundurus|76/100
|move|p2a: Tentacruel|Toxic Spikes|p1a: Thundurus
|-sidestart|p1: qishilu18|move: Toxic Spikes
|
|-weather|RainDance|[upkeep]
|-heal|p2a: Tentacruel|27/100 brn|[from] ability: Rain Dish
|-heal|p1a: Thundurus|82/100|[from] item: Leftovers
|-damage|p2a: Tentacruel|14/100 brn|[from] brn
|upkeep
|turn|25
|j|@Rage
|
|t:|1736088512
|move|p1a: Thundurus|Thunder|p2a: Tentacruel
|-supereffective|p2a: Tentacruel
|-damage|p2a: Tentacruel|0 fnt
|faint|p2a: Tentacruel
|
|-weather|RainDance|[upkeep]
|-heal|p1a: Thundurus|88/100|[from] item: Leftovers
|upkeep
|
|t:|1736088515
|switch|p2a: Celebi|Celebi|100/100
|turn|26
|
|t:|1736088519
|move|p1a: Thundurus|Hidden Power|p2a: Celebi
|-supereffective|p2a: Celebi
|-damage|p2a: Celebi|71/100
|move|p2a: Celebi|Psychic|p1a: Thundurus
|-end|p1a: Thundurus|Substitute
|
|-weather|RainDance|[upkeep]
|-heal|p1a: Thundurus|94/100|[from] item: Leftovers
|-heal|p2a: Celebi|77/100|[from] item: Leftovers
|upkeep
|turn|27
|
|t:|1736088530
|switch|p1a: Ferrothorn|Ferrothorn, F|75/100 brn
|move|p2a: Celebi|Psychic|p1a: Ferrothorn
|-resisted|p1a: Ferrothorn
|-damage|p1a: Ferrothorn|64/100 brn
|
|-weather|RainDance|[upkeep]
|-heal|p2a: Celebi|83/100|[from] item: Leftovers
|-heal|p1a: Ferrothorn|70/100 brn|[from] item: Leftovers
|-damage|p1a: Ferrothorn|58/100 brn|[from] brn
|upkeep
|turn|28
|
|t:|1736088551
|switch|p2a: Jirachi|Jirachi|100/100
|move|p1a: Ferrothorn|Stealth Rock|p2a: Jirachi
|-sidestart|p2: refsunpersons|move: Stealth Rock
|
|-weather|RainDance|[upkeep]
|-heal|p1a: Ferrothorn|64/100 brn|[from] item: Leftovers
|-damage|p1a: Ferrothorn|52/100 brn|[from] brn
|upkeep
|turn|29
|
|t:|1736088559
|switch|p1a: Politoed|Politoed, M|60/100
|-status|p1a: Politoed|psn
|move|p2a: Jirachi|Substitute|p2a: Jirachi
|-start|p2a: Jirachi|Substitute
|-damage|p2a: Jirachi|75/100
|
|-weather|RainDance|[upkeep]
|-heal|p2a: Jirachi|82/100|[from] item: Leftovers
|-damage|p1a: Politoed|47/100 psn|[from] psn
|upkeep
|turn|30
|
|t:|1736088563
|move|p2a: Jirachi|Thunder|p1a: Politoed
|-supereffective|p1a: Politoed
|-damage|p1a: Politoed|8/100 psn
|move|p1a: Politoed|Scald|p2a: Jirachi
|-end|p2a: Jirachi|Substitute
|
|-weather|RainDance|[upkeep]
|-heal|p2a: Jirachi|88/100|[from] item: Leftovers
|-damage|p1a: Politoed|0 fnt|[from] psn
|faint|p1a: Politoed
|upkeep
|
|t:|1736088567
|switch|p1a: Thundurus|Thundurus-Therian, M|94/100
|turn|31
|
|t:|1736088573
|switch|p2a: Politoed|Politoed, M|77/100 brn
|-damage|p2a: Politoed|64/100 brn|[from] Stealth Rock
|move|p1a: Thundurus|Thunder|p2a: Politoed
|-supereffective|p2a: Politoed
|-damage|p2a: Politoed|0 fnt
|faint|p2a: Politoed
|
|-weather|RainDance|[upkeep]
|-heal|p1a: Thundurus|99/100|[from] item: Leftovers
|upkeep
|
|t:|1736088575
|switch|p2a: Celebi|Celebi|83/100
|-damage|p2a: Celebi|71/100|[from] Stealth Rock
|turn|32
|
|t:|1736088581
|move|p1a: Thundurus|Substitute|p1a: Thundurus
|-start|p1a: Thundurus|Substitute
|-damage|p1a: Thundurus|75/100
|move|p2a: Celebi|Recover|p2a: Celebi
|-heal|p2a: Celebi|100/100
|
|-weather|RainDance|[upkeep]
|-heal|p1a: Thundurus|81/100|[from] item: Leftovers
|upkeep
|turn|33
|
|t:|1736088585
|move|p1a: Thundurus|Thunder|p2a: Celebi
|-resisted|p2a: Celebi
|-damage|p2a: Celebi|80/100
|-status|p2a: Celebi|par
|move|p2a: Celebi|Psychic|p1a: Thundurus
|-end|p1a: Thundurus|Substitute
|
|-weather|RainDance|[upkeep]
|-heal|p1a: Thundurus|88/100|[from] item: Leftovers
|-heal|p2a: Celebi|87/100 par|[from] item: Leftovers
|upkeep
|turn|34
|
|t:|1736088588
|move|p1a: Thundurus|Hidden Power|p2a: Celebi
|-supereffective|p2a: Celebi
|-damage|p2a: Celebi|58/100 par
|cant|p2a: Celebi|par
|
|-weather|RainDance|[upkeep]
|-heal|p1a: Thundurus|94/100|[from] item: Leftovers
|-heal|p2a: Celebi|64/100 par|[from] item: Leftovers
|upkeep
|turn|35
|
|t:|1736088593
|move|p1a: Thundurus|Hidden Power|p2a: Celebi
|-supereffective|p2a: Celebi
|-damage|p2a: Celebi|35/100 par
|move|p2a: Celebi|Recover|p2a: Celebi
|-heal|p2a: Celebi|85/100 par
|
|-weather|RainDance|[upkeep]
|-heal|p1a: Thundurus|99/100|[from] item: Leftovers
|-heal|p2a: Celebi|91/100 par|[from] item: Leftovers
|upkeep
|turn|36
|
|t:|1736088597
|move|p1a: Thundurus|Hidden Power|p2a: Celebi
|-supereffective|p2a: Celebi
|-damage|p2a: Celebi|60/100 par
|move|p2a: Celebi|Psychic|p1a: Thundurus
|-damage|p1a: Thundurus|61/100
|
|-weather|RainDance|[upkeep]
|-heal|p1a: Thundurus|67/100|[from] item: Leftovers
|-heal|p2a: Celebi|67/100 par|[from] item: Leftovers
|upkeep
|turn|37
|
|t:|1736088601
|move|p1a: Thundurus|Hidden Power|p2a: Celebi
|-supereffective|p2a: Celebi
|-damage|p2a: Celebi|35/100 par
|move|p2a: Celebi|Recover|p2a: Celebi
|-heal|p2a: Celebi|85/100 par
|
|-weather|RainDance|[upkeep]
|-heal|p1a: Thundurus|73/100|[from] item: Leftovers
|-heal|p2a: Celebi|91/100 par|[from] item: Leftovers
|upkeep
|turn|38
|
|t:|1736088604
|-curestatus|p2a: Celebi|par|[from] ability: Natural Cure
|switch|p2a: Bronzong|Bronzong|100/100
|-damage|p2a: Bronzong|94/100|[from] Stealth Rock
|move|p1a: Thundurus|Hidden Power|p2a: Bronzong
|-resisted|p2a: Bronzong
|-damage|p2a: Bronzong|85/100
|
|-weather|RainDance|[upkeep]
|-heal|p1a: Thundurus|80/100|[from] item: Leftovers
|-heal|p2a: Bronzong|91/100|[from] item: Leftovers
|upkeep
|turn|39
|
|t:|1736088627
|move|p1a: Thundurus|Substitute|p1a: Thundurus
|-start|p1a: Thundurus|Substitute
|-damage|p1a: Thundurus|55/100
|move|p2a: Bronzong|Toxic||[still]
|-fail|p2a: Bronzong
|
|-weather|RainDance|[upkeep]
|-heal|p1a: Thundurus|61/100|[from] item: Leftovers
|-heal|p2a: Bronzong|97/100|[from] item: Leftovers
|upkeep
|turn|40
|
|t:|1736088632
|switch|p2a: Celebi|Celebi|91/100
|-damage|p2a: Celebi|79/100|[from] Stealth Rock
|move|p1a: Thundurus|Thunder|p2a: Celebi
|-resisted|p2a: Celebi
|-damage|p2a: Celebi|57/100
|
|-weather|RainDance|[upkeep]
|-heal|p1a: Thundurus|67/100|[from] item: Leftovers
|-heal|p2a: Celebi|63/100|[from] item: Leftovers
|upkeep
|turn|41
|
|t:|1736088636
|move|p1a: Thundurus|Hidden Power|p2a: Celebi
|-supereffective|p2a: Celebi
|-damage|p2a: Celebi|34/100
|move|p2a: Celebi|Recover|p2a: Celebi
|-heal|p2a: Celebi|84/100
|
|-weather|RainDance|[upkeep]
|-heal|p1a: Thundurus|73/100|[from] item: Leftovers
|-heal|p2a: Celebi|90/100|[from] item: Leftovers
|upkeep
|turn|42
|
|t:|1736088639
|move|p1a: Thundurus|Hidden Power|p2a: Celebi
|-supereffective|p2a: Celebi
|-damage|p2a: Celebi|59/100
|move|p2a: Celebi|Psychic|p1a: Thundurus
|-end|p1a: Thundurus|Substitute
|
|-weather|RainDance|[upkeep]
|-heal|p1a: Thundurus|79/100|[from] item: Leftovers
|-heal|p2a: Celebi|65/100|[from] item: Leftovers
|upkeep
|turn|43
|
|t:|1736088649
|move|p1a: Thundurus|Thunder|p2a: Celebi
|-resisted|p2a: Celebi
|-damage|p2a: Celebi|44/100
|-status|p2a: Celebi|par
|move|p2a: Celebi|Psychic|p1a: Thundurus
|-damage|p1a: Thundurus|40/100
|
|-weather|RainDance|[upkeep]
|-heal|p1a: Thundurus|47/100|[from] item: Leftovers
|-heal|p2a: Celebi|50/100 par|[from] item: Leftovers
|upkeep
|turn|44
|
|t:|1736088657
|move|p1a: Thundurus|Hidden Power|p2a: Celebi
|-supereffective|p2a: Celebi
|-damage|p2a: Celebi|20/100 par
|move|p2a: Celebi|Recover|p2a: Celebi
|-heal|p2a: Celebi|70/100 par
|
|-weather|RainDance|[upkeep]
|-heal|p1a: Thundurus|53/100|[from] item: Leftovers
|-heal|p2a: Celebi|76/100 par|[from] item: Leftovers
|upkeep
|turn|45
|
|t:|1736088661
|switch|p1a: Ferrothorn|Ferrothorn, F|52/100 brn
|cant|p2a: Celebi|par
|
|-weather|RainDance|[upkeep]
|-heal|p1a: Ferrothorn|58/100 brn|[from] item: Leftovers
|-heal|p2a: Celebi|83/100 par|[from] item: Leftovers
|-damage|p1a: Ferrothorn|45/100 brn|[from] brn
|upkeep
|turn|46
|
|t:|1736088669
|-curestatus|p2a: Celebi|par|[from] ability: Natural Cure
|switch|p2a: Landorus|Landorus-Therian, M|100/100
|-damage|p2a: Landorus|88/100|[from] Stealth Rock
|-ability|p2a: Landorus|Intimidate|boost
|-unboost|p1a: Ferrothorn|atk|1
|move|p1a: Ferrothorn|Knock Off|p2a: Landorus
|-damage|p2a: Landorus|87/100
|-enditem|p2a: Landorus|Leftovers|[from] move: Knock Off|[of] p1a: Ferrothorn
|
|-weather|RainDance|[upkeep]
|-heal|p1a: Ferrothorn|52/100 brn|[from] item: Leftovers
|-damage|p1a: Ferrothorn|39/100 brn|[from] brn
|upkeep
|turn|47
|
|t:|1736088678
|move|p2a: Landorus|Stealth Rock|p1a: Ferrothorn
|-sidestart|p1: qishilu18|move: Stealth Rock
|move|p1a: Ferrothorn|Spikes|p2a: Landorus
|-sidestart|p2: refsunpersons|Spikes
|
|-weather|RainDance|[upkeep]
|-heal|p1a: Ferrothorn|45/100 brn|[from] item: Leftovers
|-damage|p1a: Ferrothorn|33/100 brn|[from] brn
|upkeep
|turn|48
|
|t:|1736088686
|switch|p2a: Jirachi|Jirachi|88/100
|-damage|p2a: Jirachi|82/100|[from] Stealth Rock
|-damage|p2a: Jirachi|69/100|[from] Spikes
|move|p1a: Ferrothorn|Spikes|p2a: Jirachi
|-sidestart|p2: refsunpersons|Spikes
|
|-weather|RainDance|[upkeep]
|-heal|p2a: Jirachi|75/100|[from] item: Leftovers
|-heal|p1a: Ferrothorn|39/100 brn|[from] item: Leftovers
|-damage|p1a: Ferrothorn|27/100 brn|[from] brn
|upkeep
|turn|49
|
|t:|1736088694
|switch|p1a: Thundurus|Thundurus-Therian, M|53/100
|-damage|p1a: Thundurus|28/100|[from] Stealth Rock
|move|p2a: Jirachi|Substitute|p2a: Jirachi
|-start|p2a: Jirachi|Substitute
|-damage|p2a: Jirachi|50/100
|
|-weather|RainDance|[upkeep]
|-heal|p2a: Jirachi|57/100|[from] item: Leftovers
|-heal|p1a: Thundurus|34/100|[from] item: Leftovers
|upkeep
|turn|50
|
|t:|1736088700
|move|p2a: Jirachi|Water Pulse|p1a: Thundurus
|-damage|p1a: Thundurus|7/100
|move|p1a: Thundurus|Thunder|p2a: Jirachi
|-end|p2a: Jirachi|Substitute
|
|-weather|RainDance|[upkeep]
|-heal|p2a: Jirachi|63/100|[from] item: Leftovers
|-heal|p1a: Thundurus|13/100|[from] item: Leftovers
|upkeep
|turn|51
|
|t:|1736088709
|move|p2a: Jirachi|Water Pulse|p1a: Thundurus
|-damage|p1a: Thundurus|0 fnt
|faint|p1a: Thundurus
|
|-weather|RainDance|[upkeep]
|-heal|p2a: Jirachi|69/100|[from] item: Leftovers
|upkeep
|
|t:|1736088715
|switch|p1a: Keldeo|Keldeo-Resolute|100/100
|-status|p1a: Keldeo|psn
|-damage|p1a: Keldeo|94/100 psn|[from] Stealth Rock
|turn|52
|inactive|refsunpersons has 120 seconds left.
|
|t:|1736088746
|move|p1a: Keldeo|Hydro Pump|p2a: Jirachi|[miss]
|-miss|p1a: Keldeo|p2a: Jirachi
|move|p2a: Jirachi|Thunder|p1a: Keldeo
|-supereffective|p1a: Keldeo
|-damage|p1a: Keldeo|30/100 psn
|
|-weather|RainDance|[upkeep]
|-heal|p2a: Jirachi|75/100|[from] item: Leftovers
|-damage|p1a: Keldeo|18/100 psn|[from] psn
|upkeep
|turn|53
|c|☆refsunpersons|sry
|
|t:|1736088758
|move|p1a: Keldeo|Hydro Pump|p2a: Jirachi|[miss]
|-miss|p1a: Keldeo|p2a: Jirachi
|move|p2a: Jirachi|Thunder|p1a: Keldeo
|-supereffective|p1a: Keldeo
|-damage|p1a: Keldeo|0 fnt
|faint|p1a: Keldeo
|
|-weather|RainDance|[upkeep]
|-heal|p2a: Jirachi|81/100|[from] item: Leftovers
|upkeep
|c|☆qishilu18|gg
|
|t:|1736088773
|switch|p1a: Latios|Latios, M|100/100
|-damage|p1a: Latios|88/100|[from] Stealth Rock
|turn|54
|c|☆refsunpersons|gg
|
|t:|1736088782
|move|p1a: Latios|Trick|p2a: Jirachi
|-activate|p1a: Latios|move: Trick|[of] p2a: Jirachi
|-item|p2a: Jirachi|Choice Specs|[from] move: Trick
|-item|p1a: Latios|Leftovers|[from] move: Trick
|move|p2a: Jirachi|Thunder|p1a: Latios
|-resisted|p1a: Latios
|-damage|p1a: Latios|67/100
|
|-weather|RainDance|[upkeep]
|-heal|p1a: Latios|73/100|[from] item: Leftovers
|upkeep
|turn|55
|
|t:|1736088792
|move|p1a: Latios|Surf|p2a: Jirachi
|-crit|p2a: Jirachi
|-damage|p2a: Jirachi|0 fnt
|faint|p2a: Jirachi
|
|-weather|RainDance|[upkeep]
|-heal|p1a: Latios|79/100|[from] item: Leftovers
|upkeep
|
|t:|1736088797
|switch|p2a: Bronzong|Bronzong|97/100
|-damage|p2a: Bronzong|91/100|[from] Stealth Rock
|turn|56
|
|t:|1736088800
|switch|p1a: Ferrothorn|Ferrothorn, F|27/100 brn
|-damage|p1a: Ferrothorn|20/100 brn|[from] Stealth Rock
|move|p2a: Bronzong|Toxic||[still]
|-fail|p2a: Bronzong
|
|-weather|RainDance|[upkeep]
|-heal|p1a: Ferrothorn|27/100 brn|[from] item: Leftovers
|-heal|p2a: Bronzong|97/100|[from] item: Leftovers
|-damage|p1a: Ferrothorn|14/100 brn|[from] brn
|upkeep
|turn|57
|
|t:|1736088807
|move|p1a: Ferrothorn|Knock Off|p2a: Bronzong
|-damage|p2a: Bronzong|95/100
|-enditem|p2a: Bronzong|Leftovers|[from] move: Knock Off|[of] p1a: Ferrothorn
|move|p2a: Bronzong|Earthquake|p1a: Ferrothorn
|-damage|p1a: Ferrothorn|0 fnt
|faint|p1a: Ferrothorn
|
|-weather|RainDance|[upkeep]
|upkeep
|
|t:|1736088810
|switch|p1a: Latios|Latios, M|79/100
|-damage|p1a: Latios|67/100|[from] Stealth Rock
|turn|58
|
|t:|1736088815
|move|p1a: Latios|Surf|p2a: Bronzong
|-damage|p2a: Bronzong|61/100
|move|p2a: Bronzong|Toxic|p1a: Latios
|-status|p1a: Latios|tox
|
|-weather|RainDance|[upkeep]
|-heal|p1a: Latios|73/100 tox|[from] item: Leftovers
|-damage|p1a: Latios|67/100 tox|[from] psn
|upkeep
|turn|59
|
|t:|1736088817
|move|p1a: Latios|Surf|p2a: Bronzong
|-damage|p2a: Bronzong|24/100
|move|p2a: Bronzong|Gyro Ball|p1a: Latios
|-damage|p1a: Latios|11/100 tox
|
|-weather|RainDance|[upkeep]
|-heal|p1a: Latios|17/100 tox|[from] item: Leftovers
|-damage|p1a: Latios|5/100 tox|[from] psn
|upkeep
|turn|60
|
|t:|1736088820
|move|p1a: Latios|Surf|p2a: Bronzong
|-damage|p2a: Bronzong|0 fnt
|faint|p2a: Bronzong
|
|-weather|RainDance|[upkeep]
|-heal|p1a: Latios|11/100 tox|[from] item: Leftovers
|-damage|p1a: Latios|0 fnt|[from] psn
|faint|p1a: Latios
|
|win|refsunpersons
|upkeep
|raw|qishilu18's rating: 1427 &rarr; <strong>1404</strong><br />(-23 for losing)
|raw|refsunpersons's rating: 1374 &rarr; <strong>1397</strong><br />(+23 for winning)
|c|☆refsunpersons|gg
