|j|☆affksl
|j|☆CertamenMeum
|t:|1716556192
|gametype|singles
|player|p1|affksl|pokemaniac-gen3rs|1469
|player|p2|CertamenMeum|blue|1483
|teamsize|p1|6
|teamsize|p2|6
|gen|5
|tier|[Gen 5] OU
|rated|
|rule|Species Clause: Limit one of each Pokémon
|rule|OHKO Clause: OHKO moves are banned
|rule|Moody Clause: Moody is banned
|rule|Evasion Items Clause: Evasion items are banned
|rule|Evasion Moves Clause: Evasion moves are banned
|rule|Endless Battle Clause: Forcing endless battles is banned
|rule|HP Percentage Mod: HP is shown in percentages
|rule|Evasion Abilities Clause: Evasion abilities are banned
|rule|Sleep Moves Clause: Sleep-inducing moves are banned
|rule|Swagger Clause: Swagger is banned
|rule|Baton Pass Stat Clause: No Baton Passer may have a way to boost its stats
|clearpoke
|poke|p1|Omastar, F|item
|poke|p1|Latios, M|item
|poke|p1|Jirachi|item
|poke|p1|Dugtrio, F|item
|poke|p1|Gyarados, F|item
|poke|p1|Conkeldurr, F|item
|poke|p2|Dragonite, M|item
|poke|p2|Scizor, M|item
|poke|p2|Forretress, F|item
|poke|p2|Ferrothorn, F|item
|poke|p2|Alakazam, M|item
|poke|p2|Rotom-Wash|item
|teampreview
|inactive|Battle timer is ON: inactive players will automatically lose when time's up. (requested by CertamenMeum)
|inactive|affksl also wants the timer to be on.
|
|t:|1716556210
|start
|switch|p1a: Dugtrio|Dugtrio, F|100/100
|switch|p2a: Forretress|Forretress, F|100/100
|turn|1
|
|t:|1716556223
|move|p1a: Dugtrio|Stealth Rock|p2a: Forretress
|-sidestart|p2: CertamenMeum|move: Stealth Rock
|move|p2a: Forretress|Stealth Rock|p1a: Dugtrio
|-sidestart|p1: affksl|move: Stealth Rock
|
|upkeep
|turn|2
|
|t:|1716556227
|move|p1a: Dugtrio|Earthquake|p2a: Forretress
|-damage|p2a: Forretress|57/100
|-damage|p1a: Dugtrio|91/100|[from] item: Life Orb
|move|p2a: Forretress|Spikes|p1a: Dugtrio
|-sidestart|p1: affksl|Spikes
|
|upkeep
|turn|3
|
|t:|1716556234
|move|p1a: Dugtrio|Earthquake|p2a: Forretress
|-crit|p2a: Forretress
|-damage|p2a: Forretress|0 fnt
|faint|p2a: Forretress
|-damage|p1a: Dugtrio|81/100|[from] item: Life Orb
|
|upkeep
|
|t:|1716556244
|switch|p2a: Scizor|Scizor, M|100/100
|-damage|p2a: Scizor|88/100|[from] Stealth Rock
|turn|4
|
|t:|1716556251
|move|p1a: Dugtrio|Memento|p2a: Scizor
|-unboost|p2a: Scizor|atk|2
|-unboost|p2a: Scizor|spa|2
|faint|p1a: Dugtrio
|move|p2a: Scizor|U-turn|p1: Dugtrio|[notarget]
|-fail|p2a: Scizor
|
|upkeep
|
|t:|1716556269
|switch|p1a: Omastar|Omastar, F|100/100
|-damage|p1a: Omastar|88/100|[from] Stealth Rock
|-damage|p1a: Omastar|76/100|[from] Spikes
|turn|5
|
|t:|1716556274
|switch|p2a: Rotom|Rotom-Wash, shiny|100/100
|-damage|p2a: Rotom|88/100|[from] Stealth Rock
|move|p1a: Omastar|Shell Smash|p1a: Omastar
|-unboost|p1a: Omastar|def|1
|-unboost|p1a: Omastar|spd|1
|-boost|p1a: Omastar|atk|2
|-boost|p1a: Omastar|spa|2
|-boost|p1a: Omastar|spe|2
|-enditem|p1a: Omastar|White Herb
|-clearnegativeboost|p1a: Omastar|[silent]
|
|upkeep
|turn|6
|
|t:|1716556285
|move|p1a: Omastar|Hidden Power|p2a: Rotom
|-supereffective|p2a: Rotom
|-damage|p2a: Rotom|0 fnt
|faint|p2a: Rotom
|
|upkeep
|
|t:|1716556291
|switch|p2a: Scizor|Scizor, M|88/100
|-damage|p2a: Scizor|76/100|[from] Stealth Rock
|turn|7
|
|t:|1716556298
|move|p2a: Scizor|Bullet Punch|p1a: Omastar
|-damage|p1a: Omastar|23/100
|move|p1a: Omastar|Surf|p2a: Scizor
|-damage|p2a: Scizor|0 fnt
|faint|p2a: Scizor
|
|upkeep
|
|t:|1716556305
|switch|p2a: Dragonite|Dragonite, M|100/100
|-damage|p2a: Dragonite|75/100|[from] Stealth Rock
|turn|8
|
|t:|1716556318
|move|p2a: Dragonite|Extreme Speed|p1a: Omastar
|-resisted|p1a: Omastar
|-damage|p1a: Omastar|8/100
|move|p1a: Omastar|Ice Beam|p2a: Dragonite
|-supereffective|p2a: Dragonite
|-damage|p2a: Dragonite|0 fnt
|faint|p2a: Dragonite
|
|upkeep
|
|t:|1716556325
|switch|p2a: Ferrothorn|Ferrothorn, F|100/100
|-damage|p2a: Ferrothorn|94/100|[from] Stealth Rock
|turn|9
|
|t:|1716556335
|move|p1a: Omastar|Ice Beam|p2a: Ferrothorn
|-damage|p2a: Ferrothorn|51/100
|move|p2a: Ferrothorn|Curse|p2a: Ferrothorn
|-unboost|p2a: Ferrothorn|spe|1
|-boost|p2a: Ferrothorn|atk|1
|-boost|p2a: Ferrothorn|def|1
|
|-heal|p2a: Ferrothorn|57/100|[from] item: Leftovers
|upkeep
|turn|10
|
|t:|1716556343
|move|p2a: Ferrothorn|Protect|p2a: Ferrothorn
|-singleturn|p2a: Ferrothorn|Protect
|move|p1a: Omastar|Ice Beam|p2a: Ferrothorn
|-activate|p2a: Ferrothorn|move: Protect
|
|-heal|p2a: Ferrothorn|64/100|[from] item: Leftovers
|upkeep
|turn|11
|
|t:|1716556349
|move|p1a: Omastar|Ice Beam|p2a: Ferrothorn
|-damage|p2a: Ferrothorn|23/100
|move|p2a: Ferrothorn|Leech Seed|p1a: Omastar|[miss]
|-miss|p2a: Ferrothorn|p1a: Omastar
|
|-heal|p2a: Ferrothorn|29/100|[from] item: Leftovers
|upkeep
|turn|12
|-message|CertamenMeum forfeited.
|
|win|affksl
|raw|affksl's rating: 1469 &rarr; <strong>1490</strong><br />(+21 for winning)
|raw|CertamenMeum's rating: 1483 &rarr; <strong>1462</strong><br />(-21 for losing)
|l|☆CertamenMeum
|player|p2|
