|join|Jul14n
|join|chadbruv
|player|p1|Jul14n|#julian
|player|p2|chadbruv|200
|gametype|singles
|gen|5
|tier|[Gen 5] OU
|rated
|rule|Evasion Abilities Clause: Evasion abilities are banned
|clearpoke
|poke|p1|Breloom, F
|poke|p1|Volcarona, M
|poke|p1|Starmie
|poke|p1|Garchomp, F
|poke|p1|Dragonite, F
|poke|p1|Jirachi
|poke|p2|Tyranitar, F
|poke|p2|Magnezone
|poke|p2|Terrakion
|poke|p2|Latios, M, shiny
|poke|p2|Scizor, F, shiny
|poke|p2|Landorus-Therian, M
|rule|Sleep Clause Mod: Limit one foe put to sleep
|rule|Species Clause: Limit one of each Pokemon
|rule|OHKO Clause: OHKO moves are banned
|rule|Moody Clause: Moody is banned
|rule|Evasion Moves Clause: Evasion moves are banned
|rule|Endless Battle Clause: Forcing endless battles is banned.
|rule|HP Percentage Mod: HP is reported as percentages
|teampreview
|chat|chadbruv|MY NIGGA
|chat|chadbruv|you want some free point to get number one back
|chat|Jul14n|haha
|chat|chadbruv|or do you want to play
|chat|Jul14n|id like to play! 
|chat|Jul14n|thanks haha
|chat|chadbruv|i need you to take bahawin off please
|chat|chadbruv|dude does nothing but follow my matches and scout my teams
|chat|Jul14n|yeah, im working on it… its so hard to find battles tho lol
|
|start
|switch|p1a: Garchomp|Garchomp, F|357/357
|switch|p2a: Lebron|Landorus-Therian, M|382/382
|-ability|p2a: Lebron|Intimidate|[of] p1a: Garchomp
|-unboost|p1a: Garchomp|atk|1
|turn|1
|chat|Jul14n|oh really?
|
|switch|p1a: Starmie|Starmie|261/261
|move|p2a: Lebron|Hidden Power|p1a: Starmie
|-resisted|p1a: Starmie
|-damage|p1a: Starmie|226/261
|
|turn|2
|
|switch|p2a: Rickey Smiley|Tyranitar, F|403/403
|-weather|Sandstorm|[from] ability: Sand Stream|[of] p2a: Rickey Smiley
|move|p1a: Starmie|Hydro Pump|p2a: Rickey Smiley
|-supereffective|p2a: Rickey Smiley
|-damage|p2a: Rickey Smiley|104/403
|-damage|p1a: Starmie|200/261|[from] item: Life Orb
|
|-weather|Sandstorm|[upkeep]
|-damage|p1a: Starmie|184/261|[from] sandstorm
|-heal|p2a: Rickey Smiley|129/403|[from] item: Leftovers
|turn|3
|
|switch|p2a: Bosh|Latios, M, shiny|301/301
|move|p1a: Starmie|Hydro Pump|p2a: Bosh
|-resisted|p2a: Bosh
|-damage|p2a: Bosh|167/301
|-damage|p1a: Starmie|158/261|[from] item: Life Orb
|
|-weather|Sandstorm|[upkeep]
|-damage|p1a: Starmie|142/261|[from] sandstorm
|-damage|p2a: Bosh|149/301|[from] sandstorm
|turn|4
|
|move|p1a: Starmie|Ice Beam|p2a: Bosh
|-supereffective|p2a: Bosh
|-damage|p2a: Bosh|0 fnt
|-damage|p1a: Starmie|116/261|[from] item: Life Orb
|faint|p2a: Bosh
|
|-weather|Sandstorm|[upkeep]
|-damage|p1a: Starmie|100/261|[from] sandstorm
|join|Das Pferd
|chat|Jul14n|what am i now?
|leave|Das Pferd
|
|switch|p2a: D.Wade|Terrakion|323/323
|turn|5
|
|move|p2a: D.Wade|X-Scissor|p1a: Starmie
|-supereffective|p1a: Starmie
|-damage|p1a: Starmie|0 fnt
|faint|p1a: Starmie
|
|-weather|Sandstorm|[upkeep]
|chat|chadbruv|1565
|chat|Jul14n|eww :/
|
|switch|p1a: Volcarona|Volcarona, M|311/311
|turn|6
|
|switch|p2a: Rickey Smiley|Tyranitar, F|129/403
|move|p1a: Volcarona|Quiver Dance|p1a: Volcarona
|-boost|p1a: Volcarona|spa|1
|-boost|p1a: Volcarona|spd|1
|-boost|p1a: Volcarona|spe|1
|
|-weather|Sandstorm|[upkeep]
|-damage|p1a: Volcarona|292/311|[from] sandstorm
|-heal|p2a: Rickey Smiley|154/403|[from] item: Leftovers
|turn|7
|
|move|p1a: Volcarona|Giga Drain|p2a: Rickey Smiley
|-supereffective|p2a: Rickey Smiley
|-damage|p2a: Rickey Smiley|6/403
|-heal|p1a: Volcarona|311/311|[from] drain|[of] p2a: Rickey Smiley
|move|p2a: Rickey Smiley|Roar|p1a: Volcarona
|drag|p1a: Dragonite|Dragonite, F|323/323
|
|-weather|Sandstorm|[upkeep]
|-damage|p1a: Dragonite|303/323|[from] sandstorm
|-heal|p1a: Dragonite|323/323|[from] item: Leftovers
|-heal|p2a: Rickey Smiley|31/403|[from] item: Leftovers
|turn|8
|
|move|p1a: Dragonite|Dragon Claw|p2a: Rickey Smiley
|-damage|p2a: Rickey Smiley|0 fnt
|faint|p2a: Rickey Smiley
|
|-weather|Sandstorm|[upkeep]
|-damage|p1a: Dragonite|303/323|[from] sandstorm
|-heal|p1a: Dragonite|323/323|[from] item: Leftovers
|
|switch|p2a: Lebron|Landorus-Therian, M|382/382
|-ability|p2a: Lebron|Intimidate|[of] p1a: Dragonite
|-unboost|p1a: Dragonite|atk|1
|turn|9
|
|switch|p1a: Jirachi|Jirachi|341/341
|move|p2a: Lebron|U-turn|p1a: Jirachi
|-damage|p1a: Jirachi|240/341
|
|switch|p2a: Ray Allen|Magnezone|283/283
|
|-weather|Sandstorm|[upkeep]
|turn|10
|
|move|p1a: Jirachi|U-turn|p2a: Ray Allen
|-resisted|p2a: Ray Allen
|-damage|p2a: Ray Allen|252/283
|
|switch|p1a: Garchomp|Garchomp, F|357/357
|move|p2a: Ray Allen|Substitute|p2a: Ray Allen
|-start|p2a: Ray Allen|Substitute
|-damage|p2a: Ray Allen|182/283
|
|-weather|Sandstorm|[upkeep]
|-heal|p2a: Ray Allen|199/283|[from] item: Leftovers
|turn|11
|
|move|p1a: Garchomp|Earthquake|p2a: Ray Allen
|-supereffective|p2a: Ray Allen
|-end|p2a: Ray Allen|Substitute
|move|p2a: Ray Allen|Flash Cannon|p1a: Garchomp
|-damage|p1a: Garchomp|188/357
|
|-weather|Sandstorm|[upkeep]
|-heal|p2a: Ray Allen|216/283|[from] item: Leftovers
|turn|12
|
|switch|p2a: Lebron|Landorus-Therian, M|382/382
|-ability|p2a: Lebron|Intimidate|[of] p1a: Garchomp
|-unboost|p1a: Garchomp|atk|1
|move|p1a: Garchomp|Stealth Rock|p2a: Lebron
|-sidestart|p2: chadbruv|move: Stealth Rock
|
|-weather|Sandstorm|[upkeep]
|turn|13
|
|move|p1a: Garchomp|Outrage|p2a: Lebron
|-damage|p2a: Lebron|234/382
|move|p2a: Lebron|Earthquake|p1a: Garchomp
|-damage|p1a: Garchomp|0 fnt
|faint|p1a: Garchomp
|
|-weather|Sandstorm|[upkeep]
|
|switch|p1a: Volcarona|Volcarona, M|311/311
|turn|14
|
|move|p1a: Volcarona|Fiery Dance|p2a: Lebron
|-damage|p2a: Lebron|6/382
|-boost|p1a: Volcarona|spa|1
|move|p2a: Lebron|Earthquake|p1a: Volcarona
|-damage|p1a: Volcarona|26/311
|
|-weather|Sandstorm|[upkeep]
|-damage|p1a: Volcarona|7/311|[from] sandstorm
|turn|15
|
|move|p1a: Volcarona|Giga Drain|p2a: Lebron
|-damage|p2a: Lebron|0 fnt
|-heal|p1a: Volcarona|10/311|[from] drain|[of] p2a: Lebron
|faint|p2a: Lebron
|
|-weather|Sandstorm|[upkeep]
|-damage|p1a: Volcarona|0 fnt|[from] sandstorm
|faint|p1a: Volcarona
|
|switch|p1a: Jirachi|Jirachi|240/341
|switch|p2a: Miller|Scizor, F, shiny|343/343
|-damage|p2a: Miller|301/343|[from] Stealth Rock
|turn|16
|
|move|p1a: Jirachi|Trick|p2a: Miller
|-activate|p1a: Jirachi|move: Trick|[of] p2a: Miller
|-item|p2a: Miller|Choice Scarf|[from] move: Trick
|-item|p1a: Jirachi|Choice Band|[from] move: Trick
|move|p2a: Miller|Superpower|p1a: Jirachi
|-damage|p1a: Jirachi|77/341
|-unboost|p2a: Miller|atk|1
|-unboost|p2a: Miller|def|1
|
|-weather|Sandstorm|[upkeep]
|turn|17
|
|move|p1a: Jirachi|U-turn|p2a: Miller
|-resisted|p2a: Miller
|-damage|p2a: Miller|225/343
|
|switch|p1a: Dragonite|Dragonite, F|323/323
|move|p2a: Miller|Superpower|p1a: Dragonite
|-resisted|p1a: Dragonite
|-damage|p1a: Dragonite|298/323
|-unboost|p2a: Miller|atk|1
|-unboost|p2a: Miller|def|1
|
|-weather|Sandstorm|[upkeep]
|-damage|p1a: Dragonite|278/323|[from] sandstorm
|-heal|p1a: Dragonite|298/323|[from] item: Leftovers
|turn|18
|
|switch|p1a: Breloom|Breloom, F|262/262
|switch|p2a: Ray Allen|Magnezone|216/283
|-damage|p2a: Ray Allen|199/283|[from] Stealth Rock
|
|-weather|Sandstorm|[upkeep]
|-damage|p1a: Breloom|246/262|[from] sandstorm
|-heal|p2a: Ray Allen|216/283|[from] item: Leftovers
|turn|19
|
|move|p1a: Breloom|Low Sweep|p2a: Ray Allen
|-supereffective|p2a: Ray Allen
|-damage|p2a: Ray Allen|0 fnt
|faint|p2a: Ray Allen
|
|-weather|Sandstorm|[upkeep]
|-damage|p1a: Breloom|230/262|[from] sandstorm
|
|switch|p2a: Miller|Scizor, F, shiny|225/343
|-damage|p2a: Miller|183/343|[from] Stealth Rock
|turn|20
|
|move|p2a: Miller|Bullet Punch|p1a: Breloom
|-damage|p1a: Breloom|97/262
|move|p1a: Breloom|Low Sweep|p2a: Miller
|-damage|p2a: Miller|15/343
|-unboost|p2a: Miller|spe|1
|
|-weather|Sandstorm|[upkeep]
|-damage|p1a: Breloom|81/262|[from] sandstorm
|turn|21
|
|switch|p1a: Jirachi|Jirachi|77/341
|move|p2a: Miller|Bullet Punch|p1a: Jirachi
|-resisted|p1a: Jirachi
|-damage|p1a: Jirachi|13/341
|
|-weather|Sandstorm|[upkeep]
|turn|22
|
|move|p2a: Miller|Bullet Punch|p1a: Jirachi
|-resisted|p1a: Jirachi
|-damage|p1a: Jirachi|0 fnt
|faint|p1a: Jirachi
|
|-weather|Sandstorm|[upkeep]
|
|switch|p1a: Dragonite|Dragonite, F|298/323
|turn|23
|
|move|p1a: Dragonite|Extreme Speed|p2a: Miller
|-resisted|p2a: Miller
|-damage|p2a: Miller|0 fnt
|faint|p2a: Miller
|
|-weather|Sandstorm|[upkeep]
|-damage|p1a: Dragonite|278/323|[from] sandstorm
|-heal|p1a: Dragonite|298/323|[from] item: Leftovers
|
|switch|p2a: D.Wade|Terrakion|323/323
|-damage|p2a: D.Wade|303/323|[from] Stealth Rock
|turn|24
|
|move|p1a: Dragonite|Extreme Speed|p2a: D.Wade
|-resisted|p2a: D.Wade
|-damage|p2a: D.Wade|244/323
|move|p2a: D.Wade|Stone Edge|p1a: Dragonite
|-supereffective|p1a: Dragonite
|-damage|p1a: Dragonite|0 fnt
|faint|p1a: Dragonite
|
|-weather|Sandstorm|[upkeep]
|
|switch|p1a: Breloom|Breloom, F|81/262
|turn|25
|chat|chadbruv|would i live if you hit first
|chat|Jul14n|dunno..
|
|move|p1a: Breloom|Mach Punch|p2a: D.Wade
|-supereffective|p2a: D.Wade
|-damage|p2a: D.Wade|4/323
|move|p2a: D.Wade|Stone Edge|p1a: Breloom
|-resisted|p1a: Breloom
|-damage|p1a: Breloom|0 fnt
|faint|p1a: Breloom
|
|win|chadbruv
|raw|Ladder updating...
|raw|Jul14n's rating: 1565 &rarr; <strong>1542</strong><br />(-23 for losing)
|raw|chadbruv's rating: 1509 &rarr; <strong>1532</strong><br />(+23 for winning)
|chat|Jul14n|fk
|chat|Jul14n|gg
|chat|chadbruv|lol
|leave|Jul14n
|player|p1
|chat|chadbruv|you can have the points next time