|j|☆killapokeman
|j|☆Crimsonbacon38
|t:|1722639440
|gametype|singles
|player|p1|killapokeman|hoopster|1464
|player|p2|Crimsonbacon38|barry|1410
|teamsize|p1|6
|teamsize|p2|6
|gen|5
|tier|[Gen 5] OU
|rated|
|rule|Species Clause: Limit one of each Pokémon
|rule|OHKO Clause: OHKO moves are banned
|rule|Moody Clause: Moody is banned
|rule|Evasion Items Clause: Evasion items are banned
|rule|Evasion Moves Clause: Evasion moves are banned
|rule|Endless Battle Clause: Forcing endless battles is banned
|rule|HP Percentage Mod: HP is shown in percentages
|rule|Evasion Abilities Clause: Evasion abilities are banned
|rule|Sleep Moves Clause: Sleep-inducing moves are banned
|rule|Swagger Clause: Swagger is banned
|rule|Baton Pass Stat Clause: No Baton Passer may have a way to boost its stats
|clearpoke
|poke|p1|Reuniclus, F|item
|poke|p1|Garchomp, F|item
|poke|p1|Gyarados, M|item
|poke|p1|Tyranitar, F|item
|poke|p1|Tentacruel, F|item
|poke|p1|Politoed, F|item
|poke|p2|Ferrothorn, F|item
|poke|p2|Politoed, F|item
|poke|p2|Keldeo|item
|poke|p2|Latios, M|item
|poke|p2|Garchomp, F|item
|poke|p2|Starmie|item
|teampreview
|inactive|Battle timer is ON: inactive players will automatically lose when time's up. (requested by killapokeman)
|
|t:|1722639459
|start
|switch|p1a: the commander|Tyranitar, F, shiny|100/100
|switch|p2a: Politoed|Politoed, F|100/100
|-weather|RainDance|[from] ability: Drizzle|[of] p2a: Politoed
|-weather|Sandstorm|[from] ability: Sand Stream|[of] p1a: the commander
|turn|1
|
|t:|1722639473
|move|p2a: Politoed|Hydro Pump|p1a: the commander
|-supereffective|p1a: the commander
|-damage|p1a: the commander|43/100
|move|p1a: the commander|Stealth Rock|p2a: Politoed
|-sidestart|p2: Crimsonbacon38|move: Stealth Rock
|
|-weather|Sandstorm|[upkeep]
|-damage|p2a: Politoed|94/100|[from] Sandstorm
|upkeep
|turn|2
|j| K Groove
|inactive|killapokeman has 120 seconds left.
|l| K Groove
|
|t:|1722639521
|switch|p2a: Garchomp|Garchomp, F|100/100
|-damage|p2a: Garchomp|94/100|[from] Stealth Rock
|switch|p1a: the specialist|Tentacruel, F, shiny|100/100
|
|-weather|Sandstorm|[upkeep]
|-damage|p1a: the specialist|94/100|[from] Sandstorm
|-heal|p2a: Garchomp|100/100|[from] item: Leftovers
|-heal|p1a: the specialist|100/100|[from] item: Black Sludge
|upkeep
|turn|3
|
|t:|1722639532
|switch|p1a: the commander|Tyranitar, F, shiny|43/100
|move|p2a: Garchomp|Stealth Rock|p1a: the commander
|-sidestart|p1: killapokeman|move: Stealth Rock
|
|-weather|Sandstorm|[upkeep]
|upkeep
|turn|4
|
|t:|1722639541
|move|p2a: Garchomp|Earthquake|p1a: the commander
|-supereffective|p1a: the commander
|-damage|p1a: the commander|0 fnt
|faint|p1a: the commander
|
|-weather|Sandstorm|[upkeep]
|upkeep
|
|t:|1722639544
|switch|p1a: the punisher|Garchomp, F|100/100
|-damage|p1a: the punisher|94/100|[from] Stealth Rock
|turn|5
|j| K Groove
|
|t:|1722639548
|switch|p2a: Ferrothorn|Ferrothorn, F|100/100
|-damage|p2a: Ferrothorn|94/100|[from] Stealth Rock
|move|p1a: the punisher|Dragon Claw|p2a: Ferrothorn
|-resisted|p2a: Ferrothorn
|-damage|p2a: Ferrothorn|79/100
|-damage|p1a: the punisher|82/100|[from] ability: Iron Barbs|[of] p2a: Ferrothorn
|
|-weather|Sandstorm|[upkeep]
|upkeep
|turn|6
|
|t:|1722639556
|move|p1a: the punisher|Substitute|p1a: the punisher
|-start|p1a: the punisher|Substitute
|-damage|p1a: the punisher|57/100
|move|p2a: Ferrothorn|Gyro Ball|p1a: the punisher
|-end|p1a: the punisher|Substitute
|
|-weather|Sandstorm|[upkeep]
|upkeep
|turn|7
|
|t:|1722639560
|switch|p1a: the specialist|Tentacruel, F, shiny|100/100
|-damage|p1a: the specialist|88/100|[from] Stealth Rock
|move|p2a: Ferrothorn|Gyro Ball|p1a: the specialist
|-resisted|p1a: the specialist
|-damage|p1a: the specialist|47/100
|
|-weather|Sandstorm|[upkeep]
|-damage|p1a: the specialist|41/100|[from] Sandstorm
|-heal|p1a: the specialist|47/100|[from] item: Black Sludge
|upkeep
|turn|8
|
|t:|1722639567
|move|p1a: the specialist|Rapid Spin|p2a: Ferrothorn
|-resisted|p2a: Ferrothorn
|-damage|p2a: Ferrothorn|78/100
|-damage|p1a: the specialist|34/100|[from] ability: Iron Barbs|[of] p2a: Ferrothorn
|-sideend|p1: killapokeman|Stealth Rock|[from] move: Rapid Spin|[of] p1a: the specialist
|move|p2a: Ferrothorn|Gyro Ball|p1a: the specialist
|-resisted|p1a: the specialist
|-damage|p1a: the specialist|0 fnt
|faint|p1a: the specialist
|
|-weather|Sandstorm|[upkeep]
|upkeep
|
|t:|1722639571
|switch|p1a: the tormentor|Reuniclus, F, shiny|100/100
|turn|9
|
|t:|1722639581
|switch|p2a: Garchomp|Garchomp, F|100/100
|-damage|p2a: Garchomp|94/100|[from] Stealth Rock
|move|p1a: the tormentor|Hidden Power|p2a: Garchomp
|-resisted|p2a: Garchomp
|-damage|p2a: Garchomp|77/100
|
|-weather|Sandstorm|[upkeep]
|-heal|p2a: Garchomp|83/100|[from] item: Leftovers
|upkeep
|turn|10
|
|t:|1722639596
|switch|p1a: the god of gods.|Politoed, F, shiny|100/100
|-weather|RainDance|[from] ability: Drizzle|[of] p1a: the god of gods.
|move|p2a: Garchomp|Stealth Rock|p1a: the god of gods.
|-sidestart|p1: killapokeman|move: Stealth Rock
|
|-weather|RainDance|[upkeep]
|-heal|p2a: Garchomp|90/100|[from] item: Leftovers
|upkeep
|turn|11
|
|t:|1722639604
|switch|p2a: Politoed|Politoed, F|94/100
|-damage|p2a: Politoed|82/100|[from] Stealth Rock
|move|p1a: the god of gods.|Ice Beam|p2a: Politoed
|-resisted|p2a: Politoed
|-damage|p2a: Politoed|59/100
|
|-weather|RainDance|[upkeep]
|upkeep
|turn|12
|
|t:|1722639609
|move|p2a: Politoed|Encore|p1a: the god of gods.
|-start|p1a: the god of gods.|Encore
|move|p1a: the god of gods.|Ice Beam|p2a: Politoed
|-resisted|p2a: Politoed
|-damage|p2a: Politoed|36/100
|
|-weather|RainDance|[upkeep]
|upkeep
|turn|13
|
|t:|1722639614
|switch|p2a: Keldeo|Keldeo|100/100
|-damage|p2a: Keldeo|94/100|[from] Stealth Rock
|switch|p1a: the tormentor|Reuniclus, F, shiny|100/100
|
|-weather|RainDance|[upkeep]
|upkeep
|turn|14
|
|t:|1722639621
|move|p2a: Keldeo|Surf|p1a: the tormentor
|-damage|p1a: the tormentor|25/100
|move|p1a: the tormentor|Psyshock|p2a: Keldeo
|-supereffective|p2a: Keldeo
|-damage|p2a: Keldeo|0 fnt
|faint|p2a: Keldeo
|
|-weather|RainDance|[upkeep]
|upkeep
|
|t:|1722639632
|switch|p2a: Latios|Latios, M|100/100
|-damage|p2a: Latios|88/100|[from] Stealth Rock
|turn|15
|
|t:|1722639641
|switch|p1a: the god of gods.|Politoed, F, shiny|100/100
|-damage|p1a: the god of gods.|88/100|[from] Stealth Rock
|move|p2a: Latios|Surf|p1a: the god of gods.
|-resisted|p1a: the god of gods.
|-crit|p1a: the god of gods.
|-damage|p1a: the god of gods.|47/100
|
|-weather|RainDance|[upkeep]
|upkeep
|turn|16
|
|t:|1722639649
|switch|p2a: Politoed|Politoed, F|36/100
|-damage|p2a: Politoed|24/100|[from] Stealth Rock
|move|p1a: the god of gods.|Hidden Power|p2a: Politoed
|-supereffective|p2a: Politoed
|-damage|p2a: Politoed|0 fnt
|faint|p2a: Politoed
|
|-weather|RainDance|[upkeep]
|upkeep
|
|t:|1722639654
|switch|p2a: Ferrothorn|Ferrothorn, F|78/100
|-damage|p2a: Ferrothorn|72/100|[from] Stealth Rock
|turn|17
|
|t:|1722639658
|switch|p1a: Gyarados|Gyarados, M|100/100
|-damage|p1a: Gyarados|76/100|[from] Stealth Rock
|move|p2a: Ferrothorn|Gyro Ball|p1a: Gyarados
|-resisted|p1a: Gyarados
|-damage|p1a: Gyarados|30/100
|
|-weather|RainDance|[upkeep]
|upkeep
|turn|18
|
|t:|1722639666
|move|p1a: Gyarados|Bounce||[still]
|-prepare|p1a: Gyarados|Bounce
|move|p2a: Ferrothorn|Gyro Ball|p1a: Gyarados|[miss]
|-miss|p2a: Ferrothorn|p1a: Gyarados
|
|-weather|RainDance|[upkeep]
|upkeep
|turn|19
|
|t:|1722639669
|move|p1a: Gyarados|Bounce|p2a: Ferrothorn|[from]lockedmove
|-damage|p2a: Ferrothorn|43/100
|-status|p2a: Ferrothorn|par
|-damage|p1a: Gyarados|18/100|[from] ability: Iron Barbs|[of] p2a: Ferrothorn
|move|p2a: Ferrothorn|Gyro Ball|p1a: Gyarados
|-resisted|p1a: Gyarados
|-damage|p1a: Gyarados|0 fnt
|faint|p1a: Gyarados
|
|-weather|RainDance|[upkeep]
|upkeep
|
|t:|1722639679
|switch|p1a: the tormentor|Reuniclus, F, shiny|25/100
|turn|20
|
|t:|1722639683
|move|p2a: Ferrothorn|Gyro Ball|p1a: the tormentor
|-damage|p1a: the tormentor|0 fnt
|faint|p1a: the tormentor
|
|-weather|RainDance|[upkeep]
|upkeep
|
|t:|1722639686
|switch|p1a: the punisher|Garchomp, F|57/100
|-damage|p1a: the punisher|51/100|[from] Stealth Rock
|turn|21
|
|t:|1722639690
|move|p1a: the punisher|Substitute|p1a: the punisher
|-start|p1a: the punisher|Substitute
|-damage|p1a: the punisher|26/100
|cant|p2a: Ferrothorn|par
|
|-weather|RainDance|[upkeep]
|upkeep
|turn|22
|l| K Groove
|
|t:|1722639694
|move|p1a: the punisher|Swords Dance|p1a: the punisher
|-boost|p1a: the punisher|atk|2
|move|p2a: Ferrothorn|Gyro Ball|p1a: the punisher
|-end|p1a: the punisher|Substitute
|
|-weather|RainDance|[upkeep]
|upkeep
|turn|23
|j| K Groove
|
|t:|1722639706
|move|p1a: the punisher|Substitute|p1a: the punisher
|-start|p1a: the punisher|Substitute
|-damage|p1a: the punisher|1/100
|-enditem|p1a: the punisher|Salac Berry|[eat]
|-boost|p1a: the punisher|spe|1|[from] item: Salac Berry
|-activate|p2a: Ferrothorn|move: Struggle
|move|p2a: Ferrothorn|Struggle|p1a: the punisher
|-activate|p1a: the punisher|Substitute|[damage]
|-damage|p2a: Ferrothorn|18/100 par|[from] recoil
|
|-weather|RainDance|[upkeep]
|upkeep
|turn|24
|
|t:|1722639724
|move|p1a: the punisher|Earthquake|p2a: Ferrothorn
|-damage|p2a: Ferrothorn|0 fnt
|faint|p2a: Ferrothorn
|
|-weather|RainDance|[upkeep]
|upkeep
|
|t:|1722639728
|switch|p2a: Latios|Latios, M|88/100
|-damage|p2a: Latios|76/100|[from] Stealth Rock
|turn|25
|
|t:|1722639732
|move|p2a: Latios|Surf|p1a: the punisher
|-end|p1a: the punisher|Substitute
|move|p1a: the punisher|Dragon Claw|p2a: Latios
|-supereffective|p2a: Latios
|-damage|p2a: Latios|0 fnt
|faint|p2a: Latios
|
|-weather|RainDance|[upkeep]
|upkeep
|
|t:|1722639741
|switch|p2a: Starmie|Starmie|100/100
|-damage|p2a: Starmie|88/100|[from] Stealth Rock
|-item|p2a: Starmie|Air Balloon
|turn|26
|
|t:|1722639747
|switch|p2a: Garchomp|Garchomp, F|90/100
|-damage|p2a: Garchomp|83/100|[from] Stealth Rock
|move|p1a: the punisher|Dragon Claw|p2a: Garchomp
|-supereffective|p2a: Garchomp
|-damage|p2a: Garchomp|0 fnt
|-damage|p1a: the punisher|0 fnt|[from] ability: Rough Skin|[of] p2a: Garchomp
|faint|p1a: the punisher
|faint|p2a: Garchomp
|
|-weather|RainDance|[upkeep]
|upkeep
|
|t:|1722639753
|switch|p2a: Starmie|Starmie|88/100
|switch|p1a: the god of gods.|Politoed, F, shiny|47/100
|-damage|p2a: Starmie|76/100|[from] Stealth Rock
|-item|p2a: Starmie|Air Balloon
|-damage|p1a: the god of gods.|35/100|[from] Stealth Rock
|turn|27
|c|☆killapokeman|wp gg
|
|t:|1722639756
|move|p2a: Starmie|Thunder|p1a: the god of gods.
|-supereffective|p1a: the god of gods.
|-damage|p1a: the god of gods.|0 fnt
|faint|p1a: the god of gods.
|
|win|Crimsonbacon38
|raw|killapokeman's rating: 1464 &rarr; <strong>1441</strong><br />(-23 for losing)
|raw|Crimsonbacon38's rating: 1410 &rarr; <strong>1433</strong><br />(+23 for winning)
|c|☆Crimsonbacon38|gg
|l|☆killapokeman
|player|p1|
|l| K Groove
