|j|☆Baishii
|j|☆torinoko city
|t:|1707476132
|gametype|singles
|player|p1|Baishii|steven|1559
|player|p2|torinoko city|miku-flying|1427
|teamsize|p1|6
|teamsize|p2|6
|gen|5
|tier|[Gen 5] OU
|rated|
|rule|Species Clause: Limit one of each Pokémon
|rule|OHKO Clause: OHKO moves are banned
|rule|Moody Clause: Moody is banned
|rule|Evasion Items Clause: Evasion items are banned
|rule|Evasion Moves Clause: Evasion moves are banned
|rule|Endless Battle Clause: Forcing endless battles is banned
|rule|HP Percentage Mod: HP is shown in percentages
|rule|Evasion Abilities Clause: Evasion abilities are banned
|rule|Sleep Moves Clause: Sleep-inducing moves are banned
|rule|Swagger Clause: Swagger is banned
|rule|Baton Pass Stat Clause: No Baton Passer may have a way to boost its stats
|clearpoke
|poke|p1|Magnezone|item
|poke|p1|Latios, M|item
|poke|p1|Garchomp, M|item
|poke|p1|Scizor, F|item
|poke|p1|Mamoswine, F|item
|poke|p1|Dragonite, M|item
|poke|p2|Tyranitar, F|item
|poke|p2|Alakazam, F|item
|poke|p2|Flygon, F|item
|poke|p2|Reuniclus, M|item
|poke|p2|Skarmory, F|item
|poke|p2|Rotom-Wash|item
|teampreview
|inactive|Battle timer is ON: inactive players will automatically lose when time's up. (requested by torinoko city)
|
|t:|1707476155
|start
|switch|p1a: Dragonite|Dragonite, M|100/100
|switch|p2a: Rotom|Rotom-Wash|100/100
|turn|1
|
|t:|1707476160
|move|p2a: Rotom|Volt Switch|p1a: Dragonite
|-damage|p1a: Dragonite|87/100
|
|t:|1707476164
|switch|p2a: Skarmory|Skarmory, F|100/100|[from] Volt Switch
|move|p1a: Dragonite|Draco Meteor|p2a: Skarmory
|-resisted|p2a: Skarmory
|-damage|p2a: Skarmory|62/100
|-unboost|p1a: Dragonite|spa|2
|-damage|p1a: Dragonite|77/100|[from] item: Life Orb
|
|-heal|p2a: Skarmory|68/100|[from] item: Leftovers
|upkeep
|turn|2
|
|t:|1707476173
|switch|p2a: Flygon|Flygon, F|100/100
|move|p1a: Dragonite|Flamethrower|p2a: Flygon
|-resisted|p2a: Flygon
|-damage|p2a: Flygon|86/100
|-damage|p1a: Dragonite|67/100|[from] item: Life Orb
|
|upkeep
|turn|3
|
|t:|1707476194
|move|p1a: Dragonite|Extreme Speed|p2a: Flygon
|-crit|p2a: Flygon
|-damage|p2a: Flygon|0 fnt
|faint|p2a: Flygon
|-damage|p1a: Dragonite|57/100|[from] item: Life Orb
|
|upkeep
|
|t:|1707476200
|switch|p2a: Tyranitar|Tyranitar, F|100/100
|-weather|Sandstorm|[from] ability: Sand Stream|[of] p2a: Tyranitar
|turn|4
|
|t:|1707476203
|move|p1a: Dragonite|Superpower|p2a: Tyranitar
|-supereffective|p2a: Tyranitar
|-enditem|p2a: Tyranitar|Chople Berry|[eat]
|-enditem|p2a: Tyranitar|Chople Berry|[weaken]
|-damage|p2a: Tyranitar|18/100
|-unboost|p1a: Dragonite|atk|1
|-unboost|p1a: Dragonite|def|1
|-damage|p1a: Dragonite|47/100|[from] item: Life Orb
|move|p2a: Tyranitar|Stealth Rock|p1a: Dragonite
|-sidestart|p1: Baishii|move: Stealth Rock
|
|-weather|Sandstorm|[upkeep]
|-damage|p1a: Dragonite|41/100|[from] Sandstorm
|upkeep
|turn|5
|
|t:|1707476216
|move|p1a: Dragonite|Superpower|p2a: Tyranitar
|-supereffective|p2a: Tyranitar
|-damage|p2a: Tyranitar|0 fnt
|-unboost|p1a: Dragonite|atk|1
|-unboost|p1a: Dragonite|def|1
|faint|p2a: Tyranitar
|-damage|p1a: Dragonite|31/100|[from] item: Life Orb
|
|-weather|Sandstorm|[upkeep]
|-damage|p1a: Dragonite|25/100|[from] Sandstorm
|upkeep
|
|t:|1707476222
|switch|p2a: Rotom|Rotom-Wash|100/100
|turn|6
|
|t:|1707476227
|move|p2a: Rotom|Volt Switch|p1a: Dragonite
|-damage|p1a: Dragonite|0 fnt
|faint|p1a: Dragonite
|
|t:|1707476235
|switch|p2a: Alakazam|Alakazam, F|100/100|[from] Volt Switch
|
|-weather|Sandstorm|[upkeep]
|upkeep
|
|t:|1707476254
|switch|p1a: Mamoswine|Mamoswine, F|100/100
|-damage|p1a: Mamoswine|88/100|[from] Stealth Rock
|turn|7
|
|t:|1707476258
|switch|p2a: Rotom|Rotom-Wash|100/100
|move|p1a: Mamoswine|Ice Shard|p2a: Rotom
|-resisted|p2a: Rotom
|-damage|p2a: Rotom|91/100
|
|-weather|Sandstorm|[upkeep]
|-damage|p2a: Rotom|84/100|[from] Sandstorm
|-heal|p2a: Rotom|91/100|[from] item: Leftovers
|upkeep
|turn|8
|
|t:|1707476270
|move|p1a: Mamoswine|Icicle Crash|p2a: Rotom
|-resisted|p2a: Rotom
|-damage|p2a: Rotom|70/100
|move|p2a: Rotom|Volt Switch|p1a: Mamoswine
|-immune|p1a: Mamoswine
|
|-weather|Sandstorm|[upkeep]
|-damage|p2a: Rotom|64/100|[from] Sandstorm
|-heal|p2a: Rotom|70/100|[from] item: Leftovers
|upkeep
|turn|9
|
|t:|1707476279
|move|p1a: Mamoswine|Icicle Crash|p2a: Rotom|[miss]
|-miss|p1a: Mamoswine|p2a: Rotom
|move|p2a: Rotom|Hydro Pump|p1a: Mamoswine
|-supereffective|p1a: Mamoswine
|-damage|p1a: Mamoswine|0 fnt
|faint|p1a: Mamoswine
|
|-weather|Sandstorm|[upkeep]
|-damage|p2a: Rotom|64/100|[from] Sandstorm
|-heal|p2a: Rotom|70/100|[from] item: Leftovers
|upkeep
|
|t:|1707476292
|switch|p1a: Garchomp|Garchomp, M|100/100
|-damage|p1a: Garchomp|94/100|[from] Stealth Rock
|turn|10
|
|t:|1707476302
|move|p1a: Garchomp|Dragon Rush|p2a: Rotom
|-damage|p2a: Rotom|5/100
|move|p2a: Rotom|Will-O-Wisp|p1a: Garchomp
|-status|p1a: Garchomp|brn
|
|-weather|Sandstorm|[upkeep]
|-damage|p2a: Rotom|0 fnt|[from] Sandstorm
|faint|p2a: Rotom
|-damage|p1a: Garchomp|82/100 brn|[from] brn
|upkeep
|
|t:|1707476310
|switch|p2a: Reuniclus|Reuniclus, M|100/100
|turn|11
|
|t:|1707476315
|switch|p1a: Scizor|Scizor, F|100/100
|-damage|p1a: Scizor|88/100|[from] Stealth Rock
|move|p2a: Reuniclus|Calm Mind|p2a: Reuniclus
|-boost|p2a: Reuniclus|spa|1
|-boost|p2a: Reuniclus|spd|1
|
|-weather|Sandstorm|[upkeep]
|upkeep
|turn|12
|
|t:|1707476323
|move|p1a: Scizor|Bug Bite|p2a: Reuniclus
|-supereffective|p2a: Reuniclus
|-damage|p2a: Reuniclus|12/100
|-damage|p1a: Scizor|78/100|[from] item: Life Orb
|move|p2a: Reuniclus|Focus Blast|p1a: Scizor
|-damage|p1a: Scizor|9/100
|
|-weather|Sandstorm|[upkeep]
|-heal|p2a: Reuniclus|18/100|[from] item: Leftovers
|upkeep
|turn|13
|
|t:|1707476337
|move|p1a: Scizor|Superpower|p2a: Reuniclus
|-resisted|p2a: Reuniclus
|-damage|p2a: Reuniclus|0 fnt
|-unboost|p1a: Scizor|atk|1
|-unboost|p1a: Scizor|def|1
|faint|p2a: Reuniclus
|-damage|p1a: Scizor|0 fnt|[from] item: Life Orb
|faint|p1a: Scizor
|
|-weather|Sandstorm|[upkeep]
|upkeep
|inactive|Baishii has 120 seconds left.
|
|t:|1707476374
|switch|p1a: Magnezone|Magnezone|100/100
|switch|p2a: Alakazam|Alakazam, F|100/100
|-damage|p1a: Magnezone|94/100|[from] Stealth Rock
|turn|14
|inactive|Baishii has 120 seconds left.
|
|t:|1707476381
|switch|p1a: Garchomp|Garchomp, M|82/100 brn
|-damage|p1a: Garchomp|76/100 brn|[from] Stealth Rock
|move|p2a: Alakazam|Focus Blast|p1a: Garchomp|[miss]
|-miss|p2a: Alakazam|p1a: Garchomp
|
|-weather|Sandstorm|[upkeep]
|-damage|p1a: Garchomp|64/100 brn|[from] brn
|upkeep
|turn|15
|j| SKT T1 Motherfaker
|
|t:|1707476390
|switch|p2a: Skarmory|Skarmory, F|68/100
|move|p1a: Garchomp|Facade|p2a: Skarmory
|-resisted|p2a: Skarmory
|-damage|p2a: Skarmory|54/100
|
|-weather|Sandstorm|[upkeep]
|-heal|p2a: Skarmory|60/100|[from] item: Leftovers
|-damage|p1a: Garchomp|51/100 brn|[from] brn
|upkeep
|turn|16
|
|t:|1707476399
|switch|p1a: Magnezone|Magnezone|94/100
|-damage|p1a: Magnezone|88/100|[from] Stealth Rock
|move|p2a: Skarmory|Whirlwind|p1a: Magnezone
|drag|p1a: Latios|Latios, M, shiny|100/100
|-damage|p1a: Latios|88/100|[from] Stealth Rock
|
|-weather|Sandstorm|[upkeep]
|-damage|p1a: Latios|82/100|[from] Sandstorm
|-heal|p2a: Skarmory|66/100|[from] item: Leftovers
|upkeep
|turn|17
|
|t:|1707476410
|move|p1a: Latios|Draco Meteor|p2a: Skarmory
|-resisted|p2a: Skarmory
|-damage|p2a: Skarmory|33/100
|-unboost|p1a: Latios|spa|2
|move|p2a: Skarmory|Roost|p2a: Skarmory
|-heal|p2a: Skarmory|83/100
|-singleturn|p2a: Skarmory|move: Roost
|
|-weather|Sandstorm|[upkeep]
|-damage|p1a: Latios|76/100|[from] Sandstorm
|-heal|p2a: Skarmory|89/100|[from] item: Leftovers
|upkeep
|turn|18
|
|t:|1707476422
|switch|p1a: Garchomp|Garchomp, M|51/100 brn
|-damage|p1a: Garchomp|45/100 brn|[from] Stealth Rock
|move|p2a: Skarmory|Whirlwind|p1a: Garchomp
|drag|p1a: Latios|Latios, M, shiny|76/100
|-damage|p1a: Latios|64/100|[from] Stealth Rock
|
|-weather|Sandstorm|[upkeep]
|-damage|p1a: Latios|58/100|[from] Sandstorm
|-heal|p2a: Skarmory|95/100|[from] item: Leftovers
|upkeep
|turn|19
|
|t:|1707476433
|switch|p1a: Magnezone|Magnezone|88/100
|-damage|p1a: Magnezone|82/100|[from] Stealth Rock
|move|p2a: Skarmory|Roost|p2a: Skarmory
|-heal|p2a: Skarmory|100/100
|-singleturn|p2a: Skarmory|move: Roost
|
|-weather|Sandstorm|[upkeep]
|upkeep
|turn|20
|
|t:|1707476443
|move|p1a: Magnezone|Thunderbolt|p2a: Skarmory
|-supereffective|p2a: Skarmory
|-damage|p2a: Skarmory|7/100
|-status|p2a: Skarmory|par
|move|p2a: Skarmory|Whirlwind|p1a: Magnezone
|drag|p1a: Garchomp|Garchomp, M|45/100 brn
|-damage|p1a: Garchomp|39/100 brn|[from] Stealth Rock
|
|-weather|Sandstorm|[upkeep]
|-heal|p2a: Skarmory|13/100 par|[from] item: Leftovers
|-damage|p1a: Garchomp|27/100 brn|[from] brn
|upkeep
|turn|21
|inactive|Baishii has 120 seconds left.
|
|t:|1707476471
|move|p1a: Garchomp|Facade|p2a: Skarmory
|-resisted|p2a: Skarmory
|-damage|p2a: Skarmory|0 fnt
|faint|p2a: Skarmory
|
|-weather|Sandstorm|[upkeep]
|-damage|p1a: Garchomp|14/100 brn|[from] brn
|upkeep
|
|t:|1707476473
|switch|p2a: Alakazam|Alakazam, F|100/100
|turn|22
|
|t:|1707476479
|move|p2a: Alakazam|Hidden Power|p1a: Garchomp
|-supereffective|p1a: Garchomp
|-damage|p1a: Garchomp|0 fnt
|faint|p1a: Garchomp
|
|-weather|Sandstorm|[upkeep]
|upkeep
|
|t:|1707476484
|switch|p1a: Magnezone|Magnezone|82/100
|-damage|p1a: Magnezone|76/100|[from] Stealth Rock
|turn|23
|
|t:|1707476490
|move|p2a: Alakazam|Focus Blast|p1a: Magnezone
|-supereffective|p1a: Magnezone
|-damage|p1a: Magnezone|0 fnt
|faint|p1a: Magnezone
|
|-weather|Sandstorm|[upkeep]
|upkeep
|
|t:|1707476495
|switch|p1a: Latios|Latios, M, shiny|58/100
|-damage|p1a: Latios|46/100|[from] Stealth Rock
|turn|24
|
|t:|1707476500
|move|p1a: Latios|Draco Meteor|p2a: Alakazam
|-enditem|p2a: Alakazam|Focus Sash
|-damage|p2a: Alakazam|1/100
|-unboost|p1a: Latios|spa|2
|move|p2a: Alakazam|Signal Beam|p1a: Latios
|-supereffective|p1a: Latios
|-damage|p1a: Latios|0 fnt
|faint|p1a: Latios
|
|win|torinoko city
|raw|Baishii's rating: 1559 &rarr; <strong>1532</strong><br />(-27 for losing)
|raw|torinoko city's rating: 1427 &rarr; <strong>1454</strong><br />(+27 for winning)
|l|☆torinoko city
|player|p2|
|l|☆Baishii
|player|p1|
