|j|☆storlev
|j|☆yokeer
|t:|1716252376
|gametype|singles
|player|p1|storlev|1|1348
|player|p2|yokeer|janine|1489
|teamsize|p1|6
|teamsize|p2|6
|gen|5
|tier|[Gen 5] OU
|rated|
|rule|Species Clause: Limit one of each Pokémon
|rule|OHKO Clause: OHKO moves are banned
|rule|Moody Clause: Moody is banned
|rule|Evasion Items Clause: Evasion items are banned
|rule|Evasion Moves Clause: Evasion moves are banned
|rule|Endless Battle Clause: Forcing endless battles is banned
|rule|HP Percentage Mod: HP is shown in percentages
|rule|Evasion Abilities Clause: Evasion abilities are banned
|rule|Sleep Moves Clause: Sleep-inducing moves are banned
|rule|Swagger Clause: Swagger is banned
|rule|Baton Pass Stat Clause: No Baton Passer may have a way to boost its stats
|clearpoke
|poke|p1|Mamoswine, F|item
|poke|p1|Tyranitar, M|item
|poke|p1|Alakazam, F|item
|poke|p1|Dragonite, F|item
|poke|p1|Kabutops, M|item
|poke|p1|Latios, M|item
|poke|p2|Tyranitar, M|item
|poke|p2|Landorus-Therian, M|item
|poke|p2|Latios, M|item
|poke|p2|Terrakion|item
|poke|p2|Ferrothorn, F|item
|poke|p2|Reuniclus, M|item
|teampreview
|inactive|Battle timer is ON: inactive players will automatically lose when time's up. (requested by storlev)
|
|t:|1716252394
|start
|switch|p1a: PookieBear|Mamoswine, F|100/100
|switch|p2a: Landorus|Landorus-Therian, M|100/100
|-ability|p2a: Landorus|Intimidate|boost
|-unboost|p1a: PookieBear|atk|1
|turn|1
|
|t:|1716252403
|move|p2a: Landorus|Stealth Rock|p1a: PookieBear
|-sidestart|p1: storlev|move: Stealth Rock
|move|p1a: PookieBear|Icicle Crash|p2a: Landorus
|-supereffective|p2a: Landorus
|-damage|p2a: Landorus|0 fnt
|faint|p2a: Landorus
|
|upkeep
|
|t:|1716252416
|switch|p2a: Terrakion|Terrakion|100/100
|turn|2
|inactive|storlev has 120 seconds left.
|
|t:|1716252446
|switch|p1a: Fanum Tax|Latios, M|100/100
|-damage|p1a: Fanum Tax|88/100|[from] Stealth Rock
|move|p2a: Terrakion|Close Combat|p1a: Fanum Tax
|-resisted|p1a: Fanum Tax
|-damage|p1a: Fanum Tax|47/100
|-unboost|p2a: Terrakion|def|1
|-unboost|p2a: Terrakion|spd|1
|
|upkeep
|turn|3
|
|t:|1716252455
|switch|p1a: Sgt Dornan|Kabutops, M|100/100
|-damage|p1a: Sgt Dornan|88/100|[from] Stealth Rock
|switch|p2a: Tyranitar|Tyranitar, M|100/100
|-weather|Sandstorm|[from] ability: Sand Stream|[of] p2a: Tyranitar
|
|-weather|Sandstorm|[upkeep]
|upkeep
|turn|4
|
|t:|1716252460
|move|p1a: Sgt Dornan|Low Kick|p2a: Tyranitar
|-supereffective|p2a: Tyranitar
|-enditem|p2a: Tyranitar|Chople Berry|[eat]
|-enditem|p2a: Tyranitar|Chople Berry|[weaken]
|-damage|p2a: Tyranitar|15/100
|-damage|p1a: Sgt Dornan|78/100|[from] item: Life Orb
|move|p2a: Tyranitar|Superpower|p1a: Sgt Dornan
|-supereffective|p1a: Sgt Dornan
|-damage|p1a: Sgt Dornan|0 fnt
|-unboost|p2a: Tyranitar|atk|1
|-unboost|p2a: Tyranitar|def|1
|faint|p1a: Sgt Dornan
|
|-weather|Sandstorm|[upkeep]
|upkeep
|
|t:|1716252477
|switch|p1a: The Rizzler|Dragonite, F|100/100
|-damage|p1a: The Rizzler|76/100|[from] Stealth Rock
|turn|5
|
|t:|1716252482
|move|p1a: The Rizzler|Substitute|p1a: The Rizzler
|-start|p1a: The Rizzler|Substitute
|-damage|p1a: The Rizzler|51/100
|move|p2a: Tyranitar|Thunder Wave||[still]
|-fail|p2a: Tyranitar
|
|-weather|Sandstorm|[upkeep]
|-damage|p1a: The Rizzler|45/100|[from] Sandstorm
|-heal|p1a: The Rizzler|51/100|[from] item: Leftovers
|upkeep
|turn|6
|
|t:|1716252485
|move|p1a: The Rizzler|Roost|p1a: The Rizzler
|-heal|p1a: The Rizzler|100/100
|-singleturn|p1a: The Rizzler|move: Roost
|move|p2a: Tyranitar|Crunch|p1a: The Rizzler
|-activate|p1a: The Rizzler|Substitute|[damage]
|
|-weather|Sandstorm|[upkeep]
|-damage|p1a: The Rizzler|94/100|[from] Sandstorm
|-heal|p1a: The Rizzler|100/100|[from] item: Leftovers
|upkeep
|turn|7
|
|t:|1716252488
|move|p1a: The Rizzler|Dragon Dance|p1a: The Rizzler
|-boost|p1a: The Rizzler|atk|1
|-boost|p1a: The Rizzler|spe|1
|move|p2a: Tyranitar|Crunch|p1a: The Rizzler
|-activate|p1a: The Rizzler|Substitute|[damage]
|
|-weather|Sandstorm|[upkeep]
|-damage|p1a: The Rizzler|94/100|[from] Sandstorm
|-heal|p1a: The Rizzler|100/100|[from] item: Leftovers
|upkeep
|turn|8
|
|t:|1716252494
|move|p1a: The Rizzler|Dragon Dance|p1a: The Rizzler
|-boost|p1a: The Rizzler|atk|1
|-boost|p1a: The Rizzler|spe|1
|move|p2a: Tyranitar|Crunch|p1a: The Rizzler
|-end|p1a: The Rizzler|Substitute
|
|-weather|Sandstorm|[upkeep]
|-damage|p1a: The Rizzler|94/100|[from] Sandstorm
|-heal|p1a: The Rizzler|100/100|[from] item: Leftovers
|upkeep
|turn|9
|
|t:|1716252498
|move|p1a: The Rizzler|Substitute|p1a: The Rizzler
|-start|p1a: The Rizzler|Substitute
|-damage|p1a: The Rizzler|76/100
|move|p2a: Tyranitar|Crunch|p1a: The Rizzler
|-activate|p1a: The Rizzler|Substitute|[damage]
|
|-weather|Sandstorm|[upkeep]
|-damage|p1a: The Rizzler|69/100|[from] Sandstorm
|-heal|p1a: The Rizzler|76/100|[from] item: Leftovers
|upkeep
|turn|10
|
|t:|1716252510
|move|p1a: The Rizzler|Dragon Dance|p1a: The Rizzler
|-boost|p1a: The Rizzler|atk|1
|-boost|p1a: The Rizzler|spe|1
|move|p2a: Tyranitar|Crunch|p1a: The Rizzler
|-end|p1a: The Rizzler|Substitute
|
|-weather|Sandstorm|[upkeep]
|-damage|p1a: The Rizzler|69/100|[from] Sandstorm
|-heal|p1a: The Rizzler|76/100|[from] item: Leftovers
|upkeep
|turn|11
|
|t:|1716252512
|move|p1a: The Rizzler|Substitute|p1a: The Rizzler
|-start|p1a: The Rizzler|Substitute
|-damage|p1a: The Rizzler|51/100
|move|p2a: Tyranitar|Crunch|p1a: The Rizzler
|-end|p1a: The Rizzler|Substitute
|
|-weather|Sandstorm|[upkeep]
|-damage|p1a: The Rizzler|45/100|[from] Sandstorm
|-heal|p1a: The Rizzler|51/100|[from] item: Leftovers
|upkeep
|turn|12
|
|t:|1716252517
|move|p1a: The Rizzler|Substitute|p1a: The Rizzler
|-start|p1a: The Rizzler|Substitute
|-damage|p1a: The Rizzler|26/100
|move|p2a: Tyranitar|Crunch|p1a: The Rizzler
|-end|p1a: The Rizzler|Substitute
|
|-weather|Sandstorm|[upkeep]
|-damage|p1a: The Rizzler|20/100|[from] Sandstorm
|-heal|p1a: The Rizzler|26/100|[from] item: Leftovers
|upkeep
|turn|13
|
|t:|1716252521
|move|p1a: The Rizzler|Dragon Claw|p2a: Tyranitar
|-damage|p2a: Tyranitar|0 fnt
|faint|p2a: Tyranitar
|
|-weather|Sandstorm|[upkeep]
|-damage|p1a: The Rizzler|20/100|[from] Sandstorm
|-heal|p1a: The Rizzler|26/100|[from] item: Leftovers
|upkeep
|
|t:|1716252524
|switch|p2a: Ferrothorn|Ferrothorn, F|100/100
|turn|14
|
|t:|1716252528
|move|p1a: The Rizzler|Roost|p1a: The Rizzler
|-heal|p1a: The Rizzler|76/100
|-singleturn|p1a: The Rizzler|move: Roost
|move|p2a: Ferrothorn|Gyro Ball|p1a: The Rizzler
|-damage|p1a: The Rizzler|32/100
|
|-weather|Sandstorm|[upkeep]
|-damage|p1a: The Rizzler|26/100|[from] Sandstorm
|-heal|p1a: The Rizzler|32/100|[from] item: Leftovers
|upkeep
|turn|15
|
|t:|1716252533
|move|p1a: The Rizzler|Roost|p1a: The Rizzler
|-heal|p1a: The Rizzler|82/100
|-singleturn|p1a: The Rizzler|move: Roost
|move|p2a: Ferrothorn|Knock Off|p1a: The Rizzler
|-damage|p1a: The Rizzler|78/100
|-enditem|p1a: The Rizzler|Leftovers|[from] move: Knock Off|[of] p2a: Ferrothorn
|
|-weather|Sandstorm|[upkeep]
|-damage|p1a: The Rizzler|72/100|[from] Sandstorm
|upkeep
|turn|16
|
|t:|1716252541
|move|p1a: The Rizzler|Dragon Claw|p2a: Ferrothorn
|-resisted|p2a: Ferrothorn
|-damage|p2a: Ferrothorn|71/100
|-damage|p1a: The Rizzler|60/100|[from] ability: Iron Barbs|[of] p2a: Ferrothorn
|move|p2a: Ferrothorn|Gyro Ball|p1a: The Rizzler
|-damage|p1a: The Rizzler|18/100
|
|-weather|Sandstorm|[upkeep]
|-damage|p1a: The Rizzler|12/100|[from] Sandstorm
|upkeep
|turn|17
|
|t:|1716252545
|move|p1a: The Rizzler|Dragon Claw|p2a: Ferrothorn
|-resisted|p2a: Ferrothorn
|-damage|p2a: Ferrothorn|44/100
|-damage|p1a: The Rizzler|0 fnt|[from] ability: Iron Barbs|[of] p2a: Ferrothorn
|faint|p1a: The Rizzler
|-enditem|p2a: Ferrothorn|Sitrus Berry|[eat]
|-heal|p2a: Ferrothorn|69/100|[from] item: Sitrus Berry
|move|p2a: Ferrothorn|Spikes|p1: The Rizzler
|-sidestart|p1: storlev|Spikes
|
|-weather|Sandstorm|[upkeep]
|upkeep
|inactive|storlev has 120 seconds left.
|
|t:|1716252591
|switch|p1a: The Sigma|Alakazam, F|100/100
|turn|18
|
|t:|1716252610
|switch|p2a: Reuniclus|Reuniclus, M|100/100
|move|p1a: The Sigma|Hidden Power|p2a: Reuniclus
|-damage|p2a: Reuniclus|77/100
|
|-weather|Sandstorm|[upkeep]
|upkeep
|turn|19
|
|t:|1716252621
|switch|p1a: PookieBear|Mamoswine, F|100/100
|-damage|p1a: PookieBear|88/100|[from] Stealth Rock
|-damage|p1a: PookieBear|76/100|[from] Spikes
|move|p2a: Reuniclus|Recover|p2a: Reuniclus
|-heal|p2a: Reuniclus|100/100
|
|-weather|Sandstorm|[upkeep]
|upkeep
|turn|20
|
|t:|1716252629
|move|p1a: PookieBear|Icicle Crash|p2a: Reuniclus
|-damage|p2a: Reuniclus|58/100
|move|p2a: Reuniclus|Recover|p2a: Reuniclus
|-heal|p2a: Reuniclus|100/100
|
|-weather|Sandstorm|[upkeep]
|upkeep
|turn|21
|
|t:|1716252634
|move|p1a: PookieBear|Icicle Crash|p2a: Reuniclus
|-damage|p2a: Reuniclus|56/100
|move|p2a: Reuniclus|Calm Mind|p2a: Reuniclus
|-boost|p2a: Reuniclus|spa|1
|-boost|p2a: Reuniclus|spd|1
|
|-weather|Sandstorm|[upkeep]
|upkeep
|turn|22
|
|t:|1716252643
|move|p1a: PookieBear|Icicle Crash|p2a: Reuniclus
|-damage|p2a: Reuniclus|9/100
|cant|p2a: Reuniclus|flinch
|
|-weather|Sandstorm|[upkeep]
|upkeep
|turn|23
|
|t:|1716252650
|move|p1a: PookieBear|Earthquake|p2a: Reuniclus
|-damage|p2a: Reuniclus|0 fnt
|faint|p2a: Reuniclus
|
|-weather|Sandstorm|[upkeep]
|upkeep
|
|t:|1716252655
|switch|p2a: Terrakion|Terrakion|100/100
|turn|24
|inactive|storlev has 120 seconds left.
|inactive|storlev has 90 seconds left.
|inactive|storlev has 60 seconds left.
|
|t:|1716252769
|move|p1a: PookieBear|Ice Shard|p2a: Terrakion
|-damage|p2a: Terrakion|70/100
|move|p2a: Terrakion|Close Combat|p1a: PookieBear
|-supereffective|p1a: PookieBear
|-damage|p1a: PookieBear|0 fnt
|-unboost|p2a: Terrakion|def|1
|-unboost|p2a: Terrakion|spd|1
|faint|p1a: PookieBear
|
|-weather|Sandstorm|[upkeep]
|upkeep
|
|t:|1716252772
|switch|p1a: The Sigma|Alakazam, F|100/100
|turn|25
|
|t:|1716252783
|switch|p2a: Latios|Latios, M|100/100
|move|p1a: The Sigma|Psyshock|p2a: Latios
|-resisted|p2a: Latios
|-damage|p2a: Latios|71/100
|
|-weather|Sandstorm|[upkeep]
|-damage|p2a: Latios|65/100|[from] Sandstorm
|upkeep
|turn|26
|inactive|storlev has 60 seconds left.
|
|t:|1716252792
|switch|p1a: Competitive Edging|Tyranitar, M|100/100
|-damage|p1a: Competitive Edging|88/100|[from] Stealth Rock
|-damage|p1a: Competitive Edging|76/100|[from] Spikes
|move|p2a: Latios|Surf|p1a: Competitive Edging
|-supereffective|p1a: Competitive Edging
|-damage|p1a: Competitive Edging|41/100
|
|-weather|Sandstorm|[upkeep]
|-damage|p2a: Latios|59/100|[from] Sandstorm
|upkeep
|turn|27
|inactive|storlev has 60 seconds left.
|
|t:|1716252804
|move|p2a: Latios|Surf|p1a: Competitive Edging
|-supereffective|p1a: Competitive Edging
|-damage|p1a: Competitive Edging|12/100
|move|p1a: Competitive Edging|Pursuit|p2a: Latios
|-supereffective|p2a: Latios
|-enditem|p2a: Latios|Colbur Berry|[eat]
|-enditem|p2a: Latios|Colbur Berry|[weaken]
|-damage|p2a: Latios|31/100
|
|-weather|Sandstorm|[upkeep]
|-damage|p2a: Latios|25/100|[from] Sandstorm
|upkeep
|turn|28
|
|t:|1716252811
|move|p2a: Latios|Surf|p1a: Competitive Edging
|-supereffective|p1a: Competitive Edging
|-crit|p1a: Competitive Edging
|-damage|p1a: Competitive Edging|0 fnt
|faint|p1a: Competitive Edging
|
|-weather|Sandstorm|[upkeep]
|-damage|p2a: Latios|19/100|[from] Sandstorm
|upkeep
|inactive|storlev has 60 seconds left.
|
|t:|1716252826
|switch|p1a: The Sigma|Alakazam, F|100/100
|turn|29
|
|t:|1716252833
|move|p1a: The Sigma|Psyshock|p2a: Latios
|-resisted|p2a: Latios
|-damage|p2a: Latios|0 fnt
|faint|p2a: Latios
|
|-weather|Sandstorm|[upkeep]
|upkeep
|
|t:|1716252836
|switch|p2a: Ferrothorn|Ferrothorn, F|69/100
|turn|30
|
|t:|1716252846
|move|p1a: The Sigma|Hidden Power|p2a: Ferrothorn
|-supereffective|p2a: Ferrothorn
|-damage|p2a: Ferrothorn|0 fnt
|faint|p2a: Ferrothorn
|
|-weather|Sandstorm|[upkeep]
|upkeep
|
|t:|1716252848
|switch|p2a: Terrakion|Terrakion|70/100
|turn|31
|
|t:|1716252852
|move|p1a: The Sigma|Psyshock|p2a: Terrakion
|-supereffective|p2a: Terrakion
|-damage|p2a: Terrakion|0 fnt
|faint|p2a: Terrakion
|
|win|storlev
|raw|storlev's rating: 1348 &rarr; <strong>1376</strong><br />(+28 for winning)
|raw|yokeer's rating: 1489 &rarr; <strong>1461</strong><br />(-28 for losing)
|c|☆storlev|gg
