|uhtml|medal-msg|<div class="broadcast-blue">Curious what those medals under the avatar are? PS now has Ladder Seasons! For more information, check out the <a href="https://www.smogon.com/forums/threads/3740067/">thread on Smogon.</a></div>
|uhtml|medal-msg|<div class="broadcast-blue">Curious what those medals under the avatar are? PS now has Ladder Seasons! For more information, check out the <a href="https://www.smogon.com/forums/threads/3740067/">thread on Smogon.</a></div>
|j|☆BookofConke
|j|☆torinoko city
|t:|1713604735
|gametype|singles
|player|p1|BookofConke|silver|1450
|player|p2|torinoko city|miku-flying|1528
|teamsize|p1|6
|teamsize|p2|6
|gen|5
|tier|[Gen 5] OU
|rated|
|rule|Species Clause: Limit one of each Pokémon
|rule|OHKO Clause: OHKO moves are banned
|rule|Moody Clause: Moody is banned
|rule|Evasion Items Clause: Evasion items are banned
|rule|Evasion Moves Clause: Evasion moves are banned
|rule|Endless Battle Clause: Forcing endless battles is banned
|rule|HP Percentage Mod: HP is shown in percentages
|rule|Evasion Abilities Clause: Evasion abilities are banned
|rule|Sleep Moves Clause: Sleep-inducing moves are banned
|rule|Swagger Clause: Swagger is banned
|rule|Baton Pass Stat Clause: No Baton Passer may have a way to boost its stats
|clearpoke
|poke|p1|Kyurem-Black|item
|poke|p1|Latios, M|item
|poke|p1|Garchomp, M|item
|poke|p1|Magnezone|item
|poke|p1|Reuniclus, F|item
|poke|p1|Jirachi|item
|poke|p2|Hippowdon, F|item
|poke|p2|Clefable, F|item
|poke|p2|Alakazam, F|item
|poke|p2|Skarmory, F|item
|poke|p2|Magnezone|item
|poke|p2|Latios, M|item
|teampreview
|inactive|Battle timer is ON: inactive players will automatically lose when time's up. (requested by torinoko city)
|c|☆BookofConke|Hello
|c|☆torinoko city|hi conke gl
|inactive|BookofConke has 120 seconds left.
|
|t:|1713604767
|start
|switch|p1a: Latios|Latios, M|100/100
|switch|p2a: Hippowdon|Hippowdon, F|100/100
|-weather|Sandstorm|[from] ability: Sand Stream|[of] p2a: Hippowdon
|turn|1
|
|t:|1713604778
|switch|p2a: Magnezone|Magnezone|100/100
|move|p1a: Latios|Surf|p2a: Magnezone
|-damage|p2a: Magnezone|31/100
|
|-weather|Sandstorm|[upkeep]
|-damage|p1a: Latios|95/100|[from] Sandstorm
|upkeep
|turn|2
|
|t:|1713604787
|move|p2a: Magnezone|Flash Cannon|p1a: Latios
|-damage|p1a: Latios|48/100
|move|p1a: Latios|Surf|p2a: Magnezone
|-damage|p2a: Magnezone|0 fnt
|faint|p2a: Magnezone
|
|-weather|Sandstorm|[upkeep]
|-damage|p1a: Latios|42/100|[from] Sandstorm
|upkeep
|
|t:|1713604794
|switch|p2a: Alakazam|Alakazam, F|100/100
|turn|3
|
|t:|1713604796
|switch|p1a: Jirachi|Jirachi|100/100
|move|p2a: Alakazam|Shadow Ball|p1a: Jirachi
|-damage|p1a: Jirachi|83/100
|
|-weather|Sandstorm|[upkeep]
|-heal|p1a: Jirachi|89/100|[from] item: Leftovers
|upkeep
|turn|4
|
|t:|1713604805
|switch|p2a: Hippowdon|Hippowdon, F|100/100
|move|p1a: Jirachi|U-turn|p2a: Hippowdon
|-damage|p2a: Hippowdon|90/100
|j| raphouuuuuu
|
|t:|1713604813
|switch|p1a: Latios|Latios, M|42/100|[from] U-turn
|
|-weather|Sandstorm|[upkeep]
|-damage|p1a: Latios|36/100|[from] Sandstorm
|-heal|p2a: Hippowdon|96/100|[from] item: Leftovers
|upkeep
|turn|5
|
|t:|1713604826
|switch|p2a: Latios|Latios, M|100/100
|move|p1a: Latios|Surf|p2a: Latios
|-resisted|p2a: Latios
|-damage|p2a: Latios|74/100
|
|-weather|Sandstorm|[upkeep]
|-damage|p1a: Latios|30/100|[from] Sandstorm
|-damage|p2a: Latios|68/100|[from] Sandstorm
|upkeep
|turn|6
|
|t:|1713604841
|switch|p1a: Jirachi|Jirachi|89/100
|move|p2a: Latios|Draco Meteor|p1a: Jirachi
|-resisted|p1a: Jirachi
|-damage|p1a: Jirachi|58/100
|-unboost|p2a: Latios|spa|2
|
|-weather|Sandstorm|[upkeep]
|-damage|p2a: Latios|62/100|[from] Sandstorm
|-heal|p1a: Jirachi|64/100|[from] item: Leftovers
|upkeep
|turn|7
|
|t:|1713604856
|switch|p2a: Hippowdon|Hippowdon, F|96/100
|move|p1a: Jirachi|U-turn|p2a: Hippowdon
|-damage|p2a: Hippowdon|84/100
|
|t:|1713604866
|switch|p1a: Latios|Latios, M|30/100|[from] U-turn
|
|-weather|Sandstorm|[upkeep]
|-damage|p1a: Latios|24/100|[from] Sandstorm
|-heal|p2a: Hippowdon|90/100|[from] item: Leftovers
|upkeep
|turn|8
|
|t:|1713604872
|move|p1a: Latios|Draco Meteor|p2a: Hippowdon
|-damage|p2a: Hippowdon|10/100
|-unboost|p1a: Latios|spa|2
|move|p2a: Hippowdon|Slack Off|p2a: Hippowdon
|-heal|p2a: Hippowdon|60/100
|
|-weather|Sandstorm|[upkeep]
|-damage|p1a: Latios|18/100|[from] Sandstorm
|-heal|p2a: Hippowdon|66/100|[from] item: Leftovers
|upkeep
|turn|9
|
|t:|1713604882
|switch|p1a: Kyurem|Kyurem-Black|100/100
|-ability|p1a: Kyurem|Teravolt
|move|p2a: Hippowdon|Stealth Rock|p1a: Kyurem
|-sidestart|p1: BookofConke|move: Stealth Rock
|
|-weather|Sandstorm|[upkeep]
|-damage|p1a: Kyurem|94/100|[from] Sandstorm
|-heal|p2a: Hippowdon|73/100|[from] item: Leftovers
|upkeep
|turn|10
|
|t:|1713604892
|move|p1a: Kyurem|Fusion Bolt|p2a: Hippowdon
|-immune|p2a: Hippowdon
|move|p2a: Hippowdon|Earthquake|p1a: Kyurem
|-damage|p1a: Kyurem|64/100
|
|-weather|Sandstorm|[upkeep]
|-damage|p1a: Kyurem|58/100|[from] Sandstorm
|-heal|p2a: Hippowdon|79/100|[from] item: Leftovers
|upkeep
|turn|11
|
|t:|1713604910
|switch|p1a: Latios|Latios, M|18/100
|-damage|p1a: Latios|6/100|[from] Stealth Rock
|move|p2a: Hippowdon|Earthquake|p1a: Latios
|-immune|p1a: Latios|[from] ability: Levitate
|
|-weather|Sandstorm|[upkeep]
|-damage|p1a: Latios|0 fnt|[from] Sandstorm
|faint|p1a: Latios
|-heal|p2a: Hippowdon|85/100|[from] item: Leftovers
|upkeep
|
|t:|1713604929
|switch|p1a: Kyurem|Kyurem-Black|58/100
|-damage|p1a: Kyurem|33/100|[from] Stealth Rock
|-ability|p1a: Kyurem|Teravolt
|turn|12
|
|t:|1713604944
|switch|p2a: Clefable|Clefable, F|100/100
|move|p1a: Kyurem|Outrage|p2a: Clefable
|-damage|p2a: Clefable|0 fnt
|faint|p2a: Clefable
|
|-weather|Sandstorm|[upkeep]
|-damage|p1a: Kyurem|27/100|[from] Sandstorm
|upkeep
|
|t:|1713604950
|switch|p2a: Skarmory|Skarmory, F|100/100
|turn|13
|
|t:|1713604957
|move|p1a: Kyurem|Outrage|p2a: Skarmory|[from]lockedmove
|-resisted|p2a: Skarmory
|-damage|p2a: Skarmory|50/100
|move|p2a: Skarmory|Spikes|p1a: Kyurem
|-sidestart|p1: BookofConke|Spikes
|
|-weather|Sandstorm|[upkeep]
|-damage|p1a: Kyurem|21/100|[from] Sandstorm
|-heal|p2a: Skarmory|56/100|[from] item: Leftovers
|upkeep
|turn|14
|
|t:|1713604965
|move|p1a: Kyurem|Outrage|p2a: Skarmory|[from]lockedmove
|-resisted|p2a: Skarmory
|-crit|p2a: Skarmory
|-damage|p2a: Skarmory|0 fnt
|faint|p2a: Skarmory
|-start|p1a: Kyurem|confusion|[fatigue]
|
|-weather|Sandstorm|[upkeep]
|-damage|p1a: Kyurem|15/100|[from] Sandstorm
|upkeep
|
|t:|1713604971
|switch|p2a: Alakazam|Alakazam, F|100/100
|turn|15
|
|t:|1713604976
|move|p2a: Alakazam|Psychic|p1a: Kyurem
|-damage|p1a: Kyurem|0 fnt
|faint|p1a: Kyurem
|
|-weather|Sandstorm|[upkeep]
|upkeep
|inactive|BookofConke has 120 seconds left.
|
|t:|1713605019
|switch|p1a: Garchomp|Garchomp, M|100/100
|-damage|p1a: Garchomp|94/100|[from] Stealth Rock
|-damage|p1a: Garchomp|82/100|[from] Spikes
|turn|16
|
|t:|1713605026
|switch|p2a: Hippowdon|Hippowdon, F|85/100
|move|p1a: Garchomp|Dual Chop|p2a: Hippowdon
|-damage|p2a: Hippowdon|69/100
|-damage|p2a: Hippowdon|55/100
|-hitcount|p2a: Hippowdon|2
|
|-weather|Sandstorm|[upkeep]
|-heal|p2a: Hippowdon|61/100|[from] item: Leftovers
|upkeep
|turn|17
|inactive|BookofConke has 120 seconds left.
|
|t:|1713605037
|switch|p1a: Reuniclus|Reuniclus, F|100/100
|move|p2a: Hippowdon|Slack Off|p2a: Hippowdon
|-heal|p2a: Hippowdon|100/100
|
|-weather|Sandstorm|[upkeep]
|upkeep
|turn|18
|inactive|BookofConke has 120 seconds left.
|
|t:|1713605062
|move|p1a: Reuniclus|Hidden Power|p2a: Hippowdon
|-supereffective|p2a: Hippowdon
|-damage|p2a: Hippowdon|48/100
|move|p2a: Hippowdon|Whirlwind|p1a: Reuniclus
|drag|p1a: Jirachi|Jirachi|64/100
|-damage|p1a: Jirachi|58/100|[from] Stealth Rock
|-damage|p1a: Jirachi|45/100|[from] Spikes
|
|-weather|Sandstorm|[upkeep]
|-heal|p1a: Jirachi|51/100|[from] item: Leftovers
|-heal|p2a: Hippowdon|54/100|[from] item: Leftovers
|upkeep
|turn|19
|
|t:|1713605074
|move|p1a: Jirachi|Iron Head|p2a: Hippowdon
|-damage|p2a: Hippowdon|35/100
|cant|p2a: Hippowdon|flinch
|
|-weather|Sandstorm|[upkeep]
|-heal|p1a: Jirachi|58/100|[from] item: Leftovers
|-heal|p2a: Hippowdon|41/100|[from] item: Leftovers
|upkeep
|turn|20
|
|t:|1713605085
|move|p1a: Jirachi|Iron Head|p2a: Hippowdon
|-damage|p2a: Hippowdon|23/100
|cant|p2a: Hippowdon|flinch
|
|-weather|Sandstorm|[upkeep]
|-heal|p1a: Jirachi|64/100|[from] item: Leftovers
|-heal|p2a: Hippowdon|29/100|[from] item: Leftovers
|upkeep
|turn|21
|
|t:|1713605093
|move|p1a: Jirachi|Iron Head|p2a: Hippowdon
|-damage|p2a: Hippowdon|10/100
|cant|p2a: Hippowdon|flinch
|
|-weather|Sandstorm|[upkeep]
|-heal|p1a: Jirachi|70/100|[from] item: Leftovers
|-heal|p2a: Hippowdon|16/100|[from] item: Leftovers
|upkeep
|turn|22
|
|t:|1713605101
|move|p1a: Jirachi|Iron Head|p2a: Hippowdon
|-damage|p2a: Hippowdon|0 fnt
|faint|p2a: Hippowdon
|
|-weather|Sandstorm|[upkeep]
|-heal|p1a: Jirachi|76/100|[from] item: Leftovers
|upkeep
|
|t:|1713605104
|switch|p2a: Latios|Latios, M|62/100
|turn|23
|inactive|BookofConke has 120 seconds left.
|
|t:|1713605115
|move|p2a: Latios|Surf|p1a: Jirachi
|-damage|p1a: Jirachi|46/100
|move|p1a: Jirachi|Body Slam|p2a: Latios
|-damage|p2a: Latios|35/100
|-status|p2a: Latios|par
|
|-weather|Sandstorm|[upkeep]
|-damage|p2a: Latios|29/100 par|[from] Sandstorm
|-heal|p1a: Jirachi|52/100|[from] item: Leftovers
|upkeep
|turn|24
|inactive|BookofConke has 120 seconds left.
|
|t:|1713605124
|move|p1a: Jirachi|Iron Head|p2a: Latios
|-damage|p2a: Latios|0 fnt
|faint|p2a: Latios
|
|-weather|Sandstorm|[upkeep]
|-heal|p1a: Jirachi|59/100|[from] item: Leftovers
|upkeep
|
|t:|1713605128
|switch|p2a: Alakazam|Alakazam, F|100/100
|turn|25
|
|t:|1713605134
|move|p2a: Alakazam|Hidden Power|p1a: Jirachi
|-supereffective|p1a: Jirachi
|-damage|p1a: Jirachi|30/100
|move|p1a: Jirachi|Body Slam|p2a: Alakazam
|-damage|p2a: Alakazam|48/100
|
|-weather|Sandstorm|[upkeep]
|-heal|p1a: Jirachi|36/100|[from] item: Leftovers
|upkeep
|turn|26
|
|t:|1713605142
|move|p2a: Alakazam|Hidden Power|p1a: Jirachi
|-supereffective|p1a: Jirachi
|-damage|p1a: Jirachi|4/100
|move|p1a: Jirachi|Body Slam|p2a: Alakazam
|-damage|p2a: Alakazam|1/100
|
|-weather|Sandstorm|[upkeep]
|-heal|p1a: Jirachi|10/100|[from] item: Leftovers
|upkeep
|turn|27
|c|☆BookofConke|gg
|c|☆torinoko city|gg
|
|t:|1713605151
|move|p2a: Alakazam|Hidden Power|p1a: Jirachi
|-supereffective|p1a: Jirachi
|-damage|p1a: Jirachi|0 fnt
|faint|p1a: Jirachi
|
|-weather|Sandstorm|[upkeep]
|upkeep
|
|t:|1713605159
|switch|p1a: Garchomp|Garchomp, M|82/100
|-damage|p1a: Garchomp|76/100|[from] Stealth Rock
|-damage|p1a: Garchomp|64/100|[from] Spikes
|turn|28
|
|t:|1713605163
|move|p1a: Garchomp|Outrage|p2a: Alakazam
|-damage|p2a: Alakazam|0 fnt
|faint|p2a: Alakazam
|
|win|BookofConke
|raw|BookofConke's rating: 1450 &rarr; <strong>1474</strong><br />(+24 for winning)
|raw|torinoko city's rating: 1528 &rarr; <strong>1504</strong><br />(-24 for losing)
|l|☆torinoko city
|player|p2|
