|j|☆PrinceJ879
|j|☆LaxativeCement
|t:|1597723510
|player|p1|PrinceJ879|silver|1336
|player|p2|LaxativeCement|lucas|1446
|teamsize|p1|6
|teamsize|p2|6
|gametype|singles
|gen|5
|tier|[Gen 5] OU
|rated|
|clearpoke
|poke|p1|Politoed, M|item
|poke|p1|Tentacruel, M|item
|poke|p1|Ferrothorn, F|item
|poke|p1|Alakazam, F|item
|poke|p1|Scizor, M|item
|poke|p1|Thundurus-Therian, M|item
|poke|p2|Politoed, F|item
|poke|p2|Keldeo|item
|poke|p2|Scizor, F|item
|poke|p2|Thundurus-Therian, M|item
|poke|p2|Starmie|item
|poke|p2|Breloom, M|item
|rule|Species Clause: Limit one of each Pokémon
|rule|OHKO Clause: OHKO moves are banned
|rule|Moody Clause: Moody is banned
|rule|Evasion Moves Clause: Evasion moves are banned
|rule|Endless Battle Clause: Forcing endless battles is banned
|rule|HP Percentage Mod: HP is shown in percentages
|rule|Evasion Abilities Clause: Evasion abilities are banned
|rule|Baton Pass Clause: Limit one Baton Passer, can't pass Spe and other stats simultaneously
|rule|Sleep Clause: Sleep-inducing moves are banned
|rule|Swagger Clause: Swagger is banned
|teampreview
|inactive|Battle timer is ON: inactive players will automatically lose when time's up. (requested by LaxativeCement)
|
|t:|1597723532
|start
|switch|p1a: Thundurus|Thundurus-Therian, M|100/100
|switch|p2a: LOOMINATI|Breloom, M|100/100
|turn|1
|
|t:|1597723543
|switch|p2a: Patrick|Starmie|100/100
|move|p1a: Thundurus|Volt Switch|p2a: Patrick
|-supereffective|p2a: Patrick
|-damage|p2a: Patrick|0 fnt
|faint|p2a: Patrick
|
|t:|1597723558
|switch|p1a: Scizor|Scizor, M|100/100|[from]move: Volt Switch
|
|upkeep
|
|t:|1597723570
|switch|p2a: Drizzy|Politoed, F|100/100
|-weather|RainDance|[from] ability: Drizzle|[of] p2a: Drizzy
|turn|2
|
|t:|1597723579
|move|p2a: Drizzy|Psychic|p1a: Scizor
|-resisted|p1a: Scizor
|-damage|p1a: Scizor|77/100
|move|p1a: Scizor|U-turn|p2a: Drizzy
|-damage|p2a: Drizzy|38/100
|
|t:|1597723589
|switch|p1a: Thundurus|Thundurus-Therian, M|100/100|[from]move: U-turn
|
|-weather|RainDance|[upkeep]
|upkeep
|turn|3
|
|t:|1597723601
|move|p1a: Thundurus|Hidden Power|p2a: Drizzy
|-resisted|p2a: Drizzy
|-damage|p2a: Drizzy|27/100
|move|p2a: Drizzy|Psychic|p1a: Thundurus
|-damage|p1a: Thundurus|49/100
|
|-weather|RainDance|[upkeep]
|upkeep
|turn|4
|
|t:|1597723612
|switch|p1a: Scizor|Scizor, M|77/100
|move|p2a: Drizzy|Psychic|p1a: Scizor
|-resisted|p1a: Scizor
|-damage|p1a: Scizor|52/100
|
|-weather|RainDance|[upkeep]
|upkeep
|turn|5
|
|t:|1597723628
|move|p1a: Scizor|Bullet Punch|p2a: Drizzy
|-resisted|p2a: Drizzy
|-damage|p2a: Drizzy|0 fnt
|faint|p2a: Drizzy
|
|-weather|RainDance|[upkeep]
|upkeep
|
|t:|1597723648
|switch|p2a: blunder|Thundurus-Therian, M|100/100
|turn|6
|j| nguyenkhactu
|inactive|PrinceJ879 has 120 seconds left.
|
|t:|1597723681
|switch|p1a: Ferrothorn|Ferrothorn, F|100/100
|move|p2a: blunder|Agility|p2a: blunder
|-boost|p2a: blunder|spe|2
|
|-weather|RainDance|[upkeep]
|upkeep
|turn|7
|inactive|PrinceJ879 has 120 seconds left.
|
|t:|1597723696
|move|p2a: blunder|Nasty Plot|p2a: blunder
|-boost|p2a: blunder|spa|2
|move|p1a: Ferrothorn|Stealth Rock|p2a: blunder
|-sidestart|p2: LaxativeCement|move: Stealth Rock
|
|-weather|RainDance|[upkeep]
|upkeep
|turn|8
|
|t:|1597723703
|move|p2a: blunder|Thunder|p1a: Ferrothorn
|-resisted|p1a: Ferrothorn
|-damage|p1a: Ferrothorn|49/100
|move|p1a: Ferrothorn|Power Whip|p2a: blunder
|-resisted|p2a: blunder
|-damage|p2a: blunder|69/100
|
|-weather|RainDance|[upkeep]
|-heal|p2a: blunder|75/100|[from] item: Leftovers
|-heal|p1a: Ferrothorn|56/100|[from] item: Leftovers
|upkeep
|turn|9
|inactive|PrinceJ879 has 120 seconds left.
|
|t:|1597723721
|move|p2a: blunder|Thunder|p1a: Ferrothorn
|-resisted|p1a: Ferrothorn
|-damage|p1a: Ferrothorn|6/100
|move|p1a: Ferrothorn|Leech Seed|p2a: blunder
|-start|p2a: blunder|move: Leech Seed
|
|-weather|RainDance|[upkeep]
|-heal|p2a: blunder|81/100|[from] item: Leftovers
|-heal|p1a: Ferrothorn|12/100|[from] item: Leftovers
|-damage|p2a: blunder|69/100|[from] Leech Seed|[of] p1a: Ferrothorn
|-heal|p1a: Ferrothorn|23/100|[silent]
|upkeep
|turn|10
|inactive|PrinceJ879 has 120 seconds left.
|
|t:|1597723737
|move|p2a: blunder|Hidden Power|p1a: Ferrothorn
|-damage|p1a: Ferrothorn|0 fnt
|faint|p1a: Ferrothorn
|
|-weather|RainDance|[upkeep]
|-heal|p2a: blunder|75/100|[from] item: Leftovers
|upkeep
|
|t:|1597723746
|switch|p1a: Scizor|Scizor, M|52/100
|turn|11
|inactive|PrinceJ879 has 120 seconds left.
|j| past wind♫
|j| t04ster
|
|t:|1597723765
|move|p1a: Scizor|Bullet Punch|p2a: blunder
|-resisted|p2a: blunder
|-damage|p2a: blunder|36/100
|move|p2a: blunder|Thunder|p1a: Scizor
|-damage|p1a: Scizor|0 fnt
|faint|p1a: Scizor
|
|-weather|RainDance|[upkeep]
|-heal|p2a: blunder|42/100|[from] item: Leftovers
|upkeep
|
|t:|1597723776
|switch|p1a: Thundurus|Thundurus-Therian, M|49/100
|turn|12
|
|t:|1597723780
|move|p2a: blunder|Hidden Power|p1a: Thundurus
|-supereffective|p1a: Thundurus
|-damage|p1a: Thundurus|0 fnt
|faint|p1a: Thundurus
|
|-weather|RainDance|[upkeep]
|-heal|p2a: blunder|48/100|[from] item: Leftovers
|upkeep
|
|t:|1597723789
|switch|p1a: Alakazam|Alakazam, F|100/100
|turn|13
|inactive|PrinceJ879 has 120 seconds left.
|
|t:|1597723798
|move|p2a: blunder|Thunder|p1a: Alakazam
|-damage|p1a: Alakazam|0 fnt
|faint|p1a: Alakazam
|
|-weather|RainDance|[upkeep]
|-heal|p2a: blunder|54/100|[from] item: Leftovers
|upkeep
|c|☆LaxativeCement|gg
|inactive|PrinceJ879 has 120 seconds left.
|
|t:|1597723806
|switch|p1a: Politoed|Politoed, M|100/100
|turn|14
|
|t:|1597723809
|move|p2a: blunder|Thunder|p1a: Politoed
|-supereffective|p1a: Politoed
|-damage|p1a: Politoed|0 fnt
|faint|p1a: Politoed
|
|-weather|RainDance|[upkeep]
|-heal|p2a: blunder|60/100|[from] item: Leftovers
|upkeep
|
|t:|1597723818
|switch|p1a: Tentacruel|Tentacruel, M, shiny|100/100
|turn|15
|l| t04ster
|
|t:|1597723833
|move|p2a: blunder|Thunder|p1a: Tentacruel
|-supereffective|p1a: Tentacruel
|-damage|p1a: Tentacruel|0 fnt
|faint|p1a: Tentacruel
|
|win|LaxativeCement
|raw|PrinceJ879's rating: 1337 &rarr; <strong>1323</strong><br />(-14 for losing)
|raw|LaxativeCement's rating: 1446 &rarr; <strong>1459</strong><br />(+13 for winning)
|l| past wind♫
|l|☆PrinceJ879
