|j|☆shindig42
|j|☆Croaset
|t:|1738274001
|gametype|singles
|player|p1|shindig42|brycen|1319
|player|p2|Croaset|elesa|1405
|teamsize|p1|6
|teamsize|p2|6
|gen|5
|tier|[Gen 5] OU
|rated|
|rule|Species Clause: Limit one of each Pokémon
|rule|OHKO Clause: OHKO moves are banned
|rule|Moody Clause: Moody is banned
|rule|Evasion Items Clause: Evasion items are banned
|rule|Evasion Moves Clause: Evasion moves are banned
|rule|Endless Battle Clause: Forcing endless battles is banned
|rule|HP Percentage Mod: HP is shown in percentages
|rule|Evasion Abilities Clause: Evasion abilities are banned
|rule|Sleep Moves Clause: Sleep-inducing moves are banned
|rule|Swagger Clause: Swagger is banned
|rule|Baton Pass Stat Clause: No Baton Passer may have a way to boost its stats
|clearpoke
|poke|p1|Tyranitar, F|item
|poke|p1|Excadrill, F|item
|poke|p1|Gliscor, M|item
|poke|p1|Gastrodon, M|item
|poke|p1|Scizor, M|item
|poke|p1|Alakazam, F|item
|poke|p2|Golurk|item
|poke|p2|Tyranitar, M|item
|poke|p2|Jirachi|item
|poke|p2|Skarmory, M|item
|poke|p2|Latias, F|item
|poke|p2|Rotom-Wash|item
|teampreview
|
|t:|1738274016
|start
|switch|p1a: Excadrill|Excadrill, F|100/100
|switch|p2a: Rotom|Rotom-Wash|100/100
|turn|1
|
|t:|1738274025
|switch|p1a: Gastrodon|Gastrodon, M|100/100
|move|p2a: Rotom|Will-O-Wisp|p1a: Gastrodon
|-status|p1a: Gastrodon|brn
|
|-damage|p1a: Gastrodon|88/100 brn|[from] brn
|upkeep
|turn|2
|
|t:|1738274037
|switch|p2a: Jirachi|Jirachi|100/100
|move|p1a: Gastrodon|Scald|p2a: Jirachi
|-damage|p2a: Jirachi|79/100
|-status|p2a: Jirachi|brn
|
|-heal|p2a: Jirachi|86/100 brn|[from] item: Leftovers
|-heal|p1a: Gastrodon|94/100 brn|[from] item: Leftovers
|-damage|p2a: Jirachi|73/100 brn|[from] brn
|-damage|p1a: Gastrodon|82/100 brn|[from] brn
|upkeep
|turn|3
|inactive|Battle timer is ON: inactive players will automatically lose when time's up. (requested by Croaset)
|
|t:|1738274050
|switch|p2a: Latias|Latias, F|100/100
|move|p1a: Gastrodon|Scald|p2a: Latias
|-resisted|p2a: Latias
|-damage|p2a: Latias|90/100
|
|-heal|p1a: Gastrodon|88/100 brn|[from] item: Leftovers
|-damage|p1a: Gastrodon|75/100 brn|[from] brn
|upkeep
|turn|4
|
|t:|1738274060
|switch|p1a: Tyranitar|Tyranitar, F|100/100
|-weather|Sandstorm|[from] ability: Sand Stream|[of] p1a: Tyranitar
|move|p2a: Latias|Draco Meteor|p1a: Tyranitar
|-damage|p1a: Tyranitar|71/100
|-unboost|p2a: Latias|spa|2
|
|-weather|Sandstorm|[upkeep]
|-damage|p2a: Latias|84/100|[from] Sandstorm
|-heal|p1a: Tyranitar|77/100|[from] item: Leftovers
|upkeep
|turn|5
|
|t:|1738274073
|move|p2a: Latias|Thunder Wave|p1a: Tyranitar
|-status|p1a: Tyranitar|par
|move|p1a: Tyranitar|Pursuit|p2a: Latias
|-supereffective|p2a: Latias
|-enditem|p2a: Latias|Colbur Berry|[eat]
|-enditem|p2a: Latias|Colbur Berry|[weaken]
|-damage|p2a: Latias|61/100
|
|-weather|Sandstorm|[upkeep]
|-damage|p2a: Latias|55/100|[from] Sandstorm
|-heal|p1a: Tyranitar|83/100 par|[from] item: Leftovers
|upkeep
|turn|6
|
|t:|1738274085
|move|p2a: Latias|Healing Wish|p2a: Latias
|faint|p2a: Latias
|move|p1a: Tyranitar|Stealth Rock|p2: Latias
|-sidestart|p2: Croaset|move: Stealth Rock
|
|-weather|Sandstorm|[upkeep]
|-heal|p1a: Tyranitar|89/100 par|[from] item: Leftovers
|upkeep
|
|t:|1738274090
|switch|p2a: Jirachi|Jirachi|73/100 brn
|-heal|p2a: Jirachi|100/100|[from] move: Healing Wish
|-damage|p2a: Jirachi|94/100|[from] Stealth Rock
|turn|7
|
|t:|1738274097
|move|p2a: Jirachi|Substitute|p2a: Jirachi
|-start|p2a: Jirachi|Substitute
|-damage|p2a: Jirachi|69/100
|move|p1a: Tyranitar|Earthquake|p2a: Jirachi
|-supereffective|p2a: Jirachi
|-end|p2a: Jirachi|Substitute
|
|-weather|Sandstorm|[upkeep]
|-heal|p2a: Jirachi|75/100|[from] item: Leftovers
|-heal|p1a: Tyranitar|96/100 par|[from] item: Leftovers
|upkeep
|turn|8
|
|t:|1738274107
|move|p2a: Jirachi|Substitute|p2a: Jirachi
|-start|p2a: Jirachi|Substitute
|-damage|p2a: Jirachi|50/100
|move|p1a: Tyranitar|Earthquake|p2a: Jirachi
|-supereffective|p2a: Jirachi
|-end|p2a: Jirachi|Substitute
|
|-weather|Sandstorm|[upkeep]
|-heal|p2a: Jirachi|57/100|[from] item: Leftovers
|-heal|p1a: Tyranitar|100/100 par|[from] item: Leftovers
|upkeep
|turn|9
|
|t:|1738274118
|move|p2a: Jirachi|Substitute|p2a: Jirachi
|-start|p2a: Jirachi|Substitute
|-damage|p2a: Jirachi|32/100
|move|p1a: Tyranitar|Earthquake|p2a: Jirachi
|-supereffective|p2a: Jirachi
|-end|p2a: Jirachi|Substitute
|
|-weather|Sandstorm|[upkeep]
|-heal|p2a: Jirachi|38/100|[from] item: Leftovers
|upkeep
|turn|10
|
|t:|1738274127
|move|p2a: Jirachi|Substitute|p2a: Jirachi
|-start|p2a: Jirachi|Substitute
|-damage|p2a: Jirachi|13/100
|move|p1a: Tyranitar|Earthquake|p2a: Jirachi
|-supereffective|p2a: Jirachi
|-end|p2a: Jirachi|Substitute
|
|-weather|Sandstorm|[upkeep]
|-heal|p2a: Jirachi|19/100|[from] item: Leftovers
|upkeep
|turn|11
|
|t:|1738274138
|move|p2a: Jirachi|Iron Head|p1a: Tyranitar
|-supereffective|p1a: Tyranitar
|-crit|p1a: Tyranitar
|-damage|p1a: Tyranitar|14/100 par
|cant|p1a: Tyranitar|par
|
|-weather|Sandstorm|[upkeep]
|-heal|p2a: Jirachi|25/100|[from] item: Leftovers
|-heal|p1a: Tyranitar|20/100 par|[from] item: Leftovers
|upkeep
|turn|12
|
|t:|1738274145
|move|p2a: Jirachi|Iron Head|p1a: Tyranitar
|-supereffective|p1a: Tyranitar
|-damage|p1a: Tyranitar|0 fnt
|faint|p1a: Tyranitar
|
|-weather|Sandstorm|[upkeep]
|-heal|p2a: Jirachi|31/100|[from] item: Leftovers
|upkeep
|
|t:|1738274148
|switch|p1a: Excadrill|Excadrill, F|100/100
|turn|13
|
|t:|1738274154
|switch|p2a: Rotom|Rotom-Wash|100/100
|-damage|p2a: Rotom|88/100|[from] Stealth Rock
|move|p1a: Excadrill|Earthquake|p2a: Rotom
|-immune|p2a: Rotom|[from] ability: Levitate
|
|-weather|Sandstorm|[upkeep]
|-damage|p2a: Rotom|82/100|[from] Sandstorm
|-heal|p2a: Rotom|88/100|[from] item: Leftovers
|upkeep
|turn|14
|
|t:|1738274158
|switch|p1a: Gastrodon|Gastrodon, M|75/100 brn
|move|p2a: Rotom|Will-O-Wisp|p1a: Gastrodon
|-fail|p1a: Gastrodon|brn
|
|-weather|Sandstorm|[upkeep]
|-damage|p2a: Rotom|82/100|[from] Sandstorm
|-heal|p2a: Rotom|88/100|[from] item: Leftovers
|-heal|p1a: Gastrodon|81/100 brn|[from] item: Leftovers
|-damage|p1a: Gastrodon|69/100 brn|[from] brn
|upkeep
|turn|15
|
|t:|1738274185
|switch|p2a: Skarmory|Skarmory, M|100/100
|-damage|p2a: Skarmory|88/100|[from] Stealth Rock
|move|p1a: Gastrodon|Scald|p2a: Skarmory
|-damage|p2a: Skarmory|53/100
|
|-weather|Sandstorm|[upkeep]
|-heal|p2a: Skarmory|59/100|[from] item: Leftovers
|-heal|p1a: Gastrodon|75/100 brn|[from] item: Leftovers
|-damage|p1a: Gastrodon|63/100 brn|[from] brn
|upkeep
|turn|16
|
|t:|1738274198
|move|p2a: Skarmory|Stealth Rock|p1a: Gastrodon
|-sidestart|p1: shindig42|move: Stealth Rock
|move|p1a: Gastrodon|Scald|p2a: Skarmory
|-crit|p2a: Skarmory
|-damage|p2a: Skarmory|0 fnt
|faint|p2a: Skarmory
|
|-weather|Sandstorm|[upkeep]
|-heal|p1a: Gastrodon|69/100 brn|[from] item: Leftovers
|-damage|p1a: Gastrodon|56/100 brn|[from] brn
|upkeep
|
|t:|1738274207
|switch|p2a: Golurk|Golurk|100/100
|-damage|p2a: Golurk|94/100|[from] Stealth Rock
|turn|17
|
|t:|1738274212
|move|p2a: Golurk|Dynamic Punch|p1a: Gastrodon
|-damage|p1a: Gastrodon|19/100 brn
|-start|p1a: Gastrodon|confusion
|-activate|p1a: Gastrodon|confusion
|-damage|p1a: Gastrodon|15/100 brn|[from] confusion
|
|-weather|Sandstorm|[upkeep]
|-heal|p1a: Gastrodon|21/100 brn|[from] item: Leftovers
|-damage|p1a: Gastrodon|8/100 brn|[from] brn
|upkeep
|turn|18
|
|t:|1738274222
|move|p2a: Golurk|Dynamic Punch|p1a: Gastrodon
|-damage|p1a: Gastrodon|0 fnt
|faint|p1a: Gastrodon
|
|-weather|Sandstorm|[upkeep]
|upkeep
|
|t:|1738274225
|switch|p1a: Excadrill|Excadrill, F|100/100
|-damage|p1a: Excadrill|97/100|[from] Stealth Rock
|turn|19
|
|t:|1738274240
|switch|p2a: Rotom|Rotom-Wash|88/100
|-damage|p2a: Rotom|75/100|[from] Stealth Rock
|move|p1a: Excadrill|Earthquake|p2a: Rotom
|-immune|p2a: Rotom|[from] ability: Levitate
|
|-weather|Sandstorm|[upkeep]
|-damage|p2a: Rotom|69/100|[from] Sandstorm
|-heal|p2a: Rotom|75/100|[from] item: Leftovers
|upkeep
|turn|20
|
|t:|1738274246
|switch|p1a: Alakazam|Alakazam, F|100/100
|move|p2a: Rotom|Hydro Pump|p1a: Alakazam
|-damage|p1a: Alakazam|34/100
|
|-weather|Sandstorm|[upkeep]
|-damage|p2a: Rotom|69/100|[from] Sandstorm
|-heal|p2a: Rotom|75/100|[from] item: Leftovers
|upkeep
|turn|21
|
|t:|1738274258
|switch|p2a: Tyranitar|Tyranitar, M|100/100
|-damage|p2a: Tyranitar|88/100|[from] Stealth Rock
|move|p1a: Alakazam|Energy Ball|p2a: Tyranitar
|-supereffective|p2a: Tyranitar
|-damage|p2a: Tyranitar|52/100
|
|-weather|Sandstorm|[upkeep]
|upkeep
|turn|22
|
|t:|1738274267
|move|p1a: Alakazam|Energy Ball|p2a: Tyranitar
|-supereffective|p2a: Tyranitar
|-damage|p2a: Tyranitar|18/100
|move|p2a: Tyranitar|Pursuit|p1a: Alakazam
|-supereffective|p1a: Alakazam
|-damage|p1a: Alakazam|0 fnt
|faint|p1a: Alakazam
|
|-weather|Sandstorm|[upkeep]
|upkeep
|
|t:|1738274274
|switch|p1a: Gliscor|Gliscor, M|100/100
|-damage|p1a: Gliscor|88/100|[from] Stealth Rock
|turn|23
|
|t:|1738274283
|move|p1a: Gliscor|Earthquake|p2a: Tyranitar
|-supereffective|p2a: Tyranitar
|-damage|p2a: Tyranitar|0 fnt
|faint|p2a: Tyranitar
|
|-weather|Sandstorm|[upkeep]
|-status|p1a: Gliscor|tox|[from] item: Toxic Orb
|upkeep
|
|t:|1738274285
|switch|p2a: Rotom|Rotom-Wash|75/100
|-damage|p2a: Rotom|63/100|[from] Stealth Rock
|turn|24
|
|t:|1738274296
|move|p1a: Gliscor|U-turn|p2a: Rotom
|-damage|p2a: Rotom|49/100
|j| Just A Lil Femboy
|
|t:|1738274299
|switch|p1a: Scizor|Scizor, M|100/100|[from] U-turn
|-damage|p1a: Scizor|88/100|[from] Stealth Rock
|move|p2a: Rotom|Hydro Pump|p1a: Scizor
|-damage|p1a: Scizor|40/100
|
|-weather|Sandstorm|[upkeep]
|-damage|p2a: Rotom|43/100|[from] Sandstorm
|-heal|p2a: Rotom|49/100|[from] item: Leftovers
|upkeep
|turn|25
|l| Just A Lil Femboy
|
|t:|1738274312
|switch|p2a: Golurk|Golurk|94/100
|-damage|p2a: Golurk|88/100|[from] Stealth Rock
|move|p1a: Scizor|U-turn|p2a: Golurk
|-resisted|p2a: Golurk
|-damage|p2a: Golurk|54/100
|
|t:|1738274319
|switch|p1a: Gliscor|Gliscor, M|88/100 tox|[from] U-turn
|-damage|p1a: Gliscor|76/100 tox|[from] Stealth Rock
|
|-weather|Sandstorm|[upkeep]
|-heal|p1a: Gliscor|88/100 tox|[from] ability: Poison Heal
|upkeep
|turn|26
|
|t:|1738274329
|move|p1a: Gliscor|Swords Dance|p1a: Gliscor
|-boost|p1a: Gliscor|atk|2
|move|p2a: Golurk|Dynamic Punch|p1a: Gliscor
|-resisted|p1a: Gliscor
|-damage|p1a: Gliscor|62/100 tox
|-start|p1a: Gliscor|confusion
|
|-weather|Sandstorm|[upkeep]
|-heal|p1a: Gliscor|75/100 tox|[from] ability: Poison Heal
|upkeep
|turn|27
|
|t:|1738274340
|-activate|p1a: Gliscor|confusion
|move|p1a: Gliscor|Earthquake|p2a: Golurk
|-damage|p2a: Golurk|0 fnt
|faint|p2a: Golurk
|
|-weather|Sandstorm|[upkeep]
|-heal|p1a: Gliscor|87/100 tox|[from] ability: Poison Heal
|upkeep
|
|t:|1738274349
|switch|p2a: Jirachi|Jirachi|31/100
|-damage|p2a: Jirachi|25/100|[from] Stealth Rock
|turn|28
|
|t:|1738274354
|move|p2a: Jirachi|Iron Head|p1a: Gliscor
|-damage|p1a: Gliscor|59/100 tox
|-activate|p1a: Gliscor|confusion
|move|p1a: Gliscor|Earthquake|p2a: Jirachi
|-supereffective|p2a: Jirachi
|-damage|p2a: Jirachi|0 fnt
|faint|p2a: Jirachi
|
|-weather|Sandstorm|[upkeep]
|-heal|p1a: Gliscor|72/100 tox|[from] ability: Poison Heal
|upkeep
|
|t:|1738274357
|switch|p2a: Rotom|Rotom-Wash|49/100
|-damage|p2a: Rotom|36/100|[from] Stealth Rock
|turn|29
|
|t:|1738274368
|-activate|p1a: Gliscor|confusion
|-damage|p1a: Gliscor|49/100 tox|[from] confusion
|move|p2a: Rotom|Hydro Pump|p1a: Gliscor
|-supereffective|p1a: Gliscor
|-damage|p1a: Gliscor|0 fnt
|faint|p1a: Gliscor
|
|-weather|Sandstorm|[upkeep]
|-damage|p2a: Rotom|30/100|[from] Sandstorm
|-heal|p2a: Rotom|36/100|[from] item: Leftovers
|upkeep
|
|t:|1738274373
|switch|p1a: Scizor|Scizor, M|40/100
|-damage|p1a: Scizor|28/100|[from] Stealth Rock
|turn|30
|
|t:|1738274378
|move|p1a: Scizor|Bullet Punch|p2a: Rotom
|-resisted|p2a: Rotom
|-damage|p2a: Rotom|27/100
|move|p2a: Rotom|Will-O-Wisp|p1a: Scizor
|-status|p1a: Scizor|brn
|
|-weather|Sandstorm|[upkeep]
|-damage|p2a: Rotom|21/100|[from] Sandstorm
|-heal|p2a: Rotom|27/100|[from] item: Leftovers
|-damage|p1a: Scizor|15/100 brn|[from] brn
|upkeep
|turn|31
|
|t:|1738274388
|move|p1a: Scizor|Bullet Punch|p2a: Rotom
|-resisted|p2a: Rotom
|-damage|p2a: Rotom|22/100
|move|p2a: Rotom|Volt Switch|p1a: Scizor
|-damage|p1a: Scizor|0 fnt
|faint|p1a: Scizor
|
|-weather|Sandstorm|[upkeep]
|-damage|p2a: Rotom|16/100|[from] Sandstorm
|-heal|p2a: Rotom|22/100|[from] item: Leftovers
|upkeep
|
|t:|1738274391
|switch|p1a: Excadrill|Excadrill, F|97/100
|-damage|p1a: Excadrill|94/100|[from] Stealth Rock
|turn|32
|
|t:|1738274404
|move|p1a: Excadrill|Iron Head|p2a: Rotom
|-resisted|p2a: Rotom
|-damage|p2a: Rotom|6/100
|-damage|p1a: Excadrill|84/100|[from] item: Life Orb
|cant|p2a: Rotom|flinch
|
|-weather|Sandstorm|[upkeep]
|-damage|p2a: Rotom|0 fnt|[from] Sandstorm
|faint|p2a: Rotom
|
|win|shindig42
|upkeep
|raw|shindig42's rating: 1319 &rarr; <strong>1344</strong><br />(+25 for winning)
|raw|Croaset's rating: 1405 &rarr; <strong>1380</strong><br />(-25 for losing)
