|join|basco
|join|Grino
|player|p1|basco|102
|player|p2|Grino|121
|gametype|singles
|gen|5
|tier|[Gen 5] OU
|rated
|rule|Evasion Abilities Clause: Evasion abilities are banned
|clearpoke
|poke|p1|Tyranitar, M
|poke|p1|Magnezone
|poke|p1|Terrakion
|poke|p1|Latios, M, shiny
|poke|p1|Scizor, F, shiny
|poke|p1|Landorus-Therian, M
|poke|p2|Tornadus, M
|poke|p2|Gothitelle, M
|poke|p2|Politoed, F
|poke|p2|Ferrothorn, M
|poke|p2|Landorus-Therian, M
|poke|p2|Tentacruel, F
|rule|Sleep Clause Mod: Limit one foe put to sleep
|rule|Species Clause: Limit one of each Pokemon
|rule|OHKO Clause: OHKO moves are banned
|rule|Moody Clause: Moody is banned
|rule|Evasion Moves Clause: Evasion moves are banned
|rule|Endless Battle Clause: Forcing endless battles is banned.
|rule|HP Percentage Mod: HP is reported as percentages
|teampreview
|
|start
|switch|p1a: Pat Riely|Tyranitar, M|403/403
|switch|p2a: Politoed|Politoed, F|322/322
|-weather|RainDance|[from] ability: Drizzle|[of] p2a: Politoed
|-weather|Sandstorm|[from] ability: Sand Stream|[of] p1a: Pat Riely
|turn|1
|join|bruno de lucas
|
|move|p2a: Politoed|Hypnosis|p1a: Pat Riely|[miss]
|-miss|p2a: Politoed|p1a: Pat Riely
|move|p1a: Pat Riely|Stealth Rock|p2a: Politoed
|-sidestart|p2: Grino|move: Stealth Rock
|
|-weather|Sandstorm|[upkeep]
|-damage|p2a: Politoed|302/322|[from] sandstorm
|turn|2
|
|move|p2a: Politoed|Hypnosis|p1a: Pat Riely|[miss]
|-miss|p2a: Politoed|p1a: Pat Riely
|move|p1a: Pat Riely|Pursuit|p2a: Politoed
|-damage|p2a: Politoed|229/322
|
|-weather|Sandstorm|[upkeep]
|-damage|p2a: Politoed|209/322|[from] sandstorm
|turn|3
|
|move|p2a: Politoed|Hypnosis|p1a: Pat Riely|[miss]
|-miss|p2a: Politoed|p1a: Pat Riely
|move|p1a: Pat Riely|Pursuit|p2a: Politoed
|-damage|p2a: Politoed|128/322
|
|-weather|Sandstorm|[upkeep]
|-damage|p2a: Politoed|108/322|[from] sandstorm
|turn|4
|
|move|p2a: Politoed|Hypnosis|p1a: Pat Riely
|-status|p1a: Pat Riely|slp
|cant|p1a: Pat Riely|slp
|
|-weather|Sandstorm|[upkeep]
|-damage|p2a: Politoed|88/322|[from] sandstorm
|turn|5
|
|switch|p2a: Tentacruel|Tentacruel, F|364/364
|-damage|p2a: Tentacruel|319/364|[from] Stealth Rock
|switch|p1a: Bosh|Latios, M, shiny|301/301
|
|-weather|Sandstorm|[upkeep]
|-damage|p1a: Bosh|283/301|[from] sandstorm
|-damage|p2a: Tentacruel|297/364|[from] sandstorm
|-heal|p2a: Tentacruel|319/364|[from] item: Black Sludge
|turn|6
|
|switch|p1a: Ray Allen|Magnezone|283/283
|switch|p2a: Ferrothorn|Ferrothorn, M|352/352
|-damage|p2a: Ferrothorn|330/352|[from] Stealth Rock
|
|-weather|Sandstorm|[upkeep]
|-heal|p2a: Ferrothorn|352/352|[from] item: Leftovers
|turn|7
|
|move|p1a: Ray Allen|Substitute|p1a: Ray Allen
|-start|p1a: Ray Allen|Substitute
|-damage|p1a: Ray Allen|213/283
|move|p2a: Ferrothorn|Leech Seed|p1a: Ray Allen|[miss]
|-miss|p2a: Ferrothorn|p1a: Ray Allen
|
|-weather|Sandstorm|[upkeep]
|-heal|p1a: Ray Allen|230/283|[from] item: Leftovers
|turn|8
|-message|Grino forfeited.
|
|win|basco
|raw|Ladder updating...
|leave|Grino
|player|p2
|raw|basco's rating: 1429 &rarr; <strong>1442</strong><br />(+13 for winning)
|raw|Grino's rating: 1307 &rarr; <strong>1294</strong><br />(-13 for losing)
|chat|basco|:P\