|j|☆HydreigonSpammer
|j|☆Gen5OU.AntiMeta
|t:|1736686610
|gametype|singles
|player|p1|HydreigonSpammer|iris|1355
|player|p2|Gen5OU.AntiMeta|cyrus|1357
|teamsize|p1|6
|teamsize|p2|6
|gen|5
|tier|[Gen 5] OU
|rated|
|rule|Species Clause: Limit one of each Pokémon
|rule|OHKO Clause: OHKO moves are banned
|rule|Moody Clause: Moody is banned
|rule|Evasion Items Clause: Evasion items are banned
|rule|Evasion Moves Clause: Evasion moves are banned
|rule|Endless Battle Clause: Forcing endless battles is banned
|rule|HP Percentage Mod: HP is shown in percentages
|rule|Evasion Abilities Clause: Evasion abilities are banned
|rule|Sleep Moves Clause: Sleep-inducing moves are banned
|rule|Swagger Clause: Swagger is banned
|rule|Baton Pass Stat Clause: No Baton Passer may have a way to boost its stats
|clearpoke
|poke|p1|Gengar, F|item
|poke|p1|Landorus-Therian, M|item
|poke|p1|Rotom-Wash|item
|poke|p1|Alakazam, F|item
|poke|p1|Ferrothorn, F|item
|poke|p1|Gliscor, F|item
|poke|p2|Landorus-Therian, M|item
|poke|p2|Hitmontop, M|item
|poke|p2|Zapdos|item
|poke|p2|Breloom, F|item
|poke|p2|Chansey, F|item
|poke|p2|Heatran, F|item
|teampreview
|inactive|Battle timer is ON: inactive players will automatically lose when time's up. (requested by Gen5OU.AntiMeta)
|inactive|Gen5OU.AntiMeta has 120 seconds left.
|
|t:|1736686657
|start
|switch|p1a: Rotom|Rotom-Wash|100/100
|switch|p2a: da vinchi.|Zapdos, shiny|100/100
|-ability|p2a: da vinchi.|Pressure
|turn|1
|
|t:|1736686666
|switch|p2a: omega.|Chansey, F, shiny|100/100
|move|p1a: Rotom|Hydro Pump|p2a: omega.
|-crit|p2a: omega.
|-damage|p2a: omega.|50/100
|
|upkeep
|turn|2
|
|t:|1736686674
|switch|p1a: Gliscor|Gliscor, F|100/100
|move|p2a: omega.|Stealth Rock|p1a: Gliscor
|-sidestart|p1: HydreigonSpammer|move: Stealth Rock
|
|-status|p1a: Gliscor|tox|[from] item: Toxic Orb
|upkeep
|turn|3
|
|t:|1736686681
|switch|p2a: da vinchi.|Zapdos, shiny|100/100
|-ability|p2a: da vinchi.|Pressure
|move|p1a: Gliscor|Taunt|p2a: da vinchi.
|-start|p2a: da vinchi.|move: Taunt
|
|upkeep
|turn|4
|
|t:|1736686695
|switch|p1a: Rotom|Rotom-Wash|100/100
|-damage|p1a: Rotom|88/100|[from] Stealth Rock
|move|p2a: da vinchi.|Hidden Power|p1a: Rotom
|-resisted|p1a: Rotom
|-damage|p1a: Rotom|75/100
|
|upkeep
|turn|5
|
|t:|1736686704
|switch|p2a: omega.|Chansey, F, shiny|50/100
|move|p1a: Rotom|Trick|p2a: omega.
|-activate|p1a: Rotom|move: Trick|[of] p2a: omega.
|-item|p2a: omega.|Choice Specs|[from] move: Trick
|-item|p1a: Rotom|Eviolite|[from] move: Trick
|
|upkeep
|turn|6
|
|t:|1736686710
|move|p1a: Rotom|Volt Switch|p2a: omega.
|-damage|p2a: omega.|34/100
|
|t:|1736686717
|switch|p1a: Gliscor|Gliscor, F|100/100 tox|[from] Volt Switch
|-damage|p1a: Gliscor|88/100 tox|[from] Stealth Rock
|move|p2a: omega.|Thunder Wave|p1a: Gliscor
|-immune|p1a: Gliscor
|
|-heal|p1a: Gliscor|100/100 tox|[from] ability: Poison Heal
|upkeep
|turn|7
|
|t:|1736686721
|switch|p2a: da vinchi.|Zapdos, shiny|100/100
|-ability|p2a: da vinchi.|Pressure
|move|p1a: Gliscor|Stealth Rock|p2a: da vinchi.
|-sidestart|p2: Gen5OU.AntiMeta|move: Stealth Rock
|
|upkeep
|turn|8
|
|t:|1736686724
|move|p1a: Gliscor|Toxic|p2a: da vinchi.
|-status|p2a: da vinchi.|tox
|move|p2a: da vinchi.|Volt Switch|p1a: Gliscor
|-immune|p1a: Gliscor
|
|-damage|p2a: da vinchi.|94/100 tox|[from] psn
|upkeep
|turn|9
|
|t:|1736686735
|switch|p1a: Rotom|Rotom-Wash|75/100
|-damage|p1a: Rotom|63/100|[from] Stealth Rock
|move|p2a: da vinchi.|Volt Switch|p1a: Rotom
|-damage|p1a: Rotom|23/100
|
|t:|1736686745
|switch|p2a: omega.|Chansey, F, shiny|34/100|[from] Volt Switch
|-damage|p2a: omega.|22/100|[from] Stealth Rock
|
|upkeep
|turn|10
|
|t:|1736686765
|move|p1a: Rotom|Volt Switch|p2a: omega.
|-damage|p2a: omega.|4/100
|
|t:|1736686769
|switch|p1a: Ferrothorn|Ferrothorn, F|100/100|[from] Volt Switch
|-damage|p1a: Ferrothorn|95/100|[from] Stealth Rock
|move|p2a: omega.|Seismic Toss|p1a: Ferrothorn
|-damage|p1a: Ferrothorn|66/100
|-damage|p2a: omega.|0 fnt|[from] ability: Iron Barbs|[of] p1a: Ferrothorn
|faint|p2a: omega.
|
|upkeep
|inactive|Gen5OU.AntiMeta has 120 seconds left.
|
|t:|1736686825
|switch|p2a: the equaliser.|Hitmontop, M, shiny|100/100
|-damage|p2a: the equaliser.|94/100|[from] Stealth Rock
|-ability|p2a: the equaliser.|Intimidate|boost
|-unboost|p1a: Ferrothorn|atk|1
|turn|11
|inactive|HydreigonSpammer has 120 seconds left.
|
|t:|1736686859
|move|p2a: the equaliser.|Foresight|p1a: Ferrothorn
|-start|p1a: Ferrothorn|Foresight
|move|p1a: Ferrothorn|Leech Seed|p2a: the equaliser.
|-start|p2a: the equaliser.|move: Leech Seed
|
|-heal|p2a: the equaliser.|100/100|[from] item: Leftovers
|-damage|p2a: the equaliser.|88/100|[from] Leech Seed|[of] p1a: Ferrothorn
|-heal|p1a: Ferrothorn|77/100|[silent]
|upkeep
|turn|12
|
|t:|1736686863
|switch|p2a: Heatran|Heatran, F|100/100
|-damage|p2a: Heatran|88/100|[from] Stealth Rock
|switch|p1a: Gengar|Gengar, F|100/100
|-damage|p1a: Gengar|88/100|[from] Stealth Rock
|
|-heal|p2a: Heatran|94/100|[from] item: Leftovers
|upkeep
|turn|13
|
|t:|1736686867
|switch|p1a: Gliscor|Gliscor, F|100/100 tox
|-damage|p1a: Gliscor|88/100 tox|[from] Stealth Rock
|switch|p2a: da vinchi.|Zapdos, shiny|94/100 tox
|-damage|p2a: da vinchi.|70/100 tox|[from] Stealth Rock
|-ability|p2a: da vinchi.|Pressure
|
|-heal|p2a: da vinchi.|76/100 tox|[from] item: Leftovers
|-heal|p1a: Gliscor|100/100 tox|[from] ability: Poison Heal
|-damage|p2a: da vinchi.|70/100 tox|[from] psn
|upkeep
|turn|14
|
|t:|1736686881
|switch|p1a: Rotom|Rotom-Wash|23/100
|-damage|p1a: Rotom|11/100|[from] Stealth Rock
|move|p2a: da vinchi.|Roost|p2a: da vinchi.
|-heal|p2a: da vinchi.|100/100 tox
|-singleturn|p2a: da vinchi.|move: Roost
|
|-damage|p2a: da vinchi.|88/100 tox|[from] psn
|upkeep
|turn|15
|
|t:|1736686888
|switch|p1a: Gliscor|Gliscor, F|100/100 tox
|-damage|p1a: Gliscor|88/100 tox|[from] Stealth Rock
|move|p2a: da vinchi.|Volt Switch|p1a: Gliscor
|-immune|p1a: Gliscor
|
|-heal|p2a: da vinchi.|94/100 tox|[from] item: Leftovers
|-heal|p1a: Gliscor|100/100 tox|[from] ability: Poison Heal
|-damage|p2a: da vinchi.|76/100 tox|[from] psn
|upkeep
|turn|16
|
|t:|1736686900
|move|p1a: Gliscor|Taunt|p2a: da vinchi.
|-start|p2a: da vinchi.|move: Taunt
|move|p2a: da vinchi.|Hidden Power|p1a: Gliscor
|-supereffective|p1a: Gliscor
|-damage|p1a: Gliscor|3/100 tox
|
|-heal|p2a: da vinchi.|82/100 tox|[from] item: Leftovers
|-heal|p1a: Gliscor|16/100 tox|[from] ability: Poison Heal
|-damage|p2a: da vinchi.|58/100 tox|[from] psn
|upkeep
|turn|17
|
|t:|1736686911
|switch|p2a: the equaliser.|Hitmontop, M, shiny|88/100
|-damage|p2a: the equaliser.|82/100|[from] Stealth Rock
|-ability|p2a: the equaliser.|Intimidate|boost
|-unboost|p1a: Gliscor|atk|1
|move|p1a: Gliscor|Earthquake|p2a: the equaliser.
|-damage|p2a: the equaliser.|64/100
|
|-heal|p2a: the equaliser.|70/100|[from] item: Leftovers
|-heal|p1a: Gliscor|28/100 tox|[from] ability: Poison Heal
|upkeep
|turn|18
|
|t:|1736686924
|move|p1a: Gliscor|Toxic|p2a: the equaliser.
|-status|p2a: the equaliser.|tox
|move|p2a: the equaliser.|Rapid Spin|p1a: Gliscor
|-damage|p1a: Gliscor|25/100 tox
|-sideend|p2: Gen5OU.AntiMeta|Stealth Rock|[from] move: Rapid Spin|[of] p2a: the equaliser.
|
|-heal|p2a: the equaliser.|76/100 tox|[from] item: Leftovers
|-heal|p1a: Gliscor|37/100 tox|[from] ability: Poison Heal
|-damage|p2a: the equaliser.|70/100 tox|[from] psn
|upkeep
|turn|19
|
|t:|1736686928
|switch|p2a: Landorus|Landorus-Therian, M|100/100
|-ability|p2a: Landorus|Intimidate|boost
|-unboost|p1a: Gliscor|atk|1
|move|p1a: Gliscor|Stealth Rock|p2a: Landorus
|-sidestart|p2: Gen5OU.AntiMeta|move: Stealth Rock
|
|-heal|p1a: Gliscor|49/100 tox|[from] ability: Poison Heal
|upkeep
|turn|20
|
|t:|1736686933
|switch|p1a: Ferrothorn|Ferrothorn, F|77/100
|-damage|p1a: Ferrothorn|71/100|[from] Stealth Rock
|move|p2a: Landorus|Fly||[still]
|-prepare|p2a: Landorus|Fly
|
|upkeep
|turn|21
|
|t:|1736686937
|switch|p1a: Rotom|Rotom-Wash|11/100
|-damage|p1a: Rotom|0 fnt|[from] Stealth Rock
|faint|p1a: Rotom
|move|p2a: Landorus|Fly|p1: Rotom|[from] lockedmove|[notarget]
|-fail|p2a: Landorus
|
|upkeep
|
|t:|1736686956
|switch|p1a: Landorus|Landorus-Therian, M|100/100
|-damage|p1a: Landorus|88/100|[from] Stealth Rock
|-ability|p1a: Landorus|Intimidate|boost
|-unboost|p2a: Landorus|atk|1
|turn|22
|inactive|HydreigonSpammer has 120 seconds left.
|
|t:|1736686984
|switch|p2a: the equaliser.|Hitmontop, M, shiny|70/100 tox
|-damage|p2a: the equaliser.|64/100 tox|[from] Stealth Rock
|-ability|p2a: the equaliser.|Intimidate|boost
|-unboost|p1a: Landorus|atk|1
|move|p1a: Landorus|U-turn|p2a: the equaliser.
|-resisted|p2a: the equaliser.
|-damage|p2a: the equaliser.|56/100 tox
|inactive|HydreigonSpammer has 120 seconds left.
|
|t:|1736686990
|switch|p1a: Gliscor|Gliscor, F|49/100 tox|[from] U-turn
|-damage|p1a: Gliscor|37/100 tox|[from] Stealth Rock
|
|-heal|p2a: the equaliser.|62/100 tox|[from] item: Leftovers
|-heal|p1a: Gliscor|49/100 tox|[from] ability: Poison Heal
|-damage|p2a: the equaliser.|56/100 tox|[from] psn
|upkeep
|turn|23
|inactive|HydreigonSpammer has 120 seconds left.
|
|t:|1736687004
|switch|p1a: Gengar|Gengar, F|88/100
|-damage|p1a: Gengar|76/100|[from] Stealth Rock
|switch|p2a: Landorus|Landorus-Therian, M|100/100
|-damage|p2a: Landorus|88/100|[from] Stealth Rock
|-ability|p2a: Landorus|Intimidate|boost
|-unboost|p1a: Gengar|atk|1
|
|-heal|p2a: Landorus|94/100|[from] item: Leftovers
|upkeep
|turn|24
|
|t:|1736687011
|switch|p1a: Gliscor|Gliscor, F|49/100 tox
|-damage|p1a: Gliscor|37/100 tox|[from] Stealth Rock
|switch|p2a: Heatran|Heatran, F|94/100
|-damage|p2a: Heatran|82/100|[from] Stealth Rock
|
|-heal|p2a: Heatran|88/100|[from] item: Leftovers
|-heal|p1a: Gliscor|49/100 tox|[from] ability: Poison Heal
|upkeep
|turn|25
|
|t:|1736687016
|switch|p2a: Landorus|Landorus-Therian, M|94/100
|-damage|p2a: Landorus|82/100|[from] Stealth Rock
|-ability|p2a: Landorus|Intimidate|boost
|-unboost|p1a: Gliscor|atk|1
|move|p1a: Gliscor|Earthquake|p2a: Landorus
|-immune|p2a: Landorus
|
|-heal|p2a: Landorus|88/100|[from] item: Leftovers
|-heal|p1a: Gliscor|62/100 tox|[from] ability: Poison Heal
|upkeep
|turn|26
|
|t:|1736687020
|move|p2a: Landorus|Swords Dance|p2a: Landorus
|-boost|p2a: Landorus|atk|2
|move|p1a: Gliscor|Toxic|p2a: Landorus
|-status|p2a: Landorus|tox
|
|-heal|p2a: Landorus|94/100 tox|[from] item: Leftovers
|-damage|p2a: Landorus|88/100 tox|[from] psn
|-heal|p1a: Gliscor|74/100 tox|[from] ability: Poison Heal
|upkeep
|turn|27
|
|t:|1736687028
|switch|p1a: Landorus|Landorus-Therian, M|88/100
|-damage|p1a: Landorus|76/100|[from] Stealth Rock
|-ability|p1a: Landorus|Intimidate|boost
|-unboost|p2a: Landorus|atk|1
|move|p2a: Landorus|Fly||[still]
|-prepare|p2a: Landorus|Fly
|
|-heal|p2a: Landorus|94/100 tox|[from] item: Leftovers
|-damage|p2a: Landorus|82/100 tox|[from] psn
|upkeep
|turn|28
|
|t:|1736687042
|switch|p1a: Ferrothorn|Ferrothorn, F|71/100
|-damage|p1a: Ferrothorn|65/100|[from] Stealth Rock
|move|p2a: Landorus|Fly|p1a: Ferrothorn|[from] lockedmove
|-damage|p1a: Ferrothorn|0 fnt
|-damage|p2a: Landorus|70/100 tox|[from] ability: Iron Barbs|[of] p1a: Ferrothorn
|faint|p1a: Ferrothorn
|
|-heal|p2a: Landorus|76/100 tox|[from] item: Leftovers
|-damage|p2a: Landorus|58/100 tox|[from] psn
|upkeep
|
|t:|1736687055
|switch|p1a: Alakazam|Alakazam, F|100/100
|turn|29
|
|t:|1736687067
|switch|p2a: the equaliser.|Hitmontop, M, shiny|56/100 tox
|-damage|p2a: the equaliser.|50/100 tox|[from] Stealth Rock
|-ability|p2a: the equaliser.|Intimidate|boost
|-unboost|p1a: Alakazam|atk|1
|move|p1a: Alakazam|Psychic|p2a: the equaliser.
|-supereffective|p2a: the equaliser.
|-damage|p2a: the equaliser.|0 fnt
|faint|p2a: the equaliser.
|
|upkeep
|
|t:|1736687072
|switch|p2a: Heatran|Heatran, F|88/100
|-damage|p2a: Heatran|76/100|[from] Stealth Rock
|turn|30
|
|t:|1736687085
|switch|p1a: Gliscor|Gliscor, F|74/100 tox
|-damage|p1a: Gliscor|62/100 tox|[from] Stealth Rock
|move|p2a: Heatran|Hidden Power|p1a: Gliscor
|-supereffective|p1a: Gliscor
|-damage|p1a: Gliscor|0 fnt
|faint|p1a: Gliscor
|
|-heal|p2a: Heatran|82/100|[from] item: Leftovers
|upkeep
|
|t:|1736687092
|switch|p1a: Alakazam|Alakazam, F|100/100
|turn|31
|
|t:|1736687115
|move|p1a: Alakazam|Calm Mind|p1a: Alakazam
|-boost|p1a: Alakazam|spa|1
|-boost|p1a: Alakazam|spd|1
|move|p2a: Heatran|Hidden Power|p1a: Alakazam
|-damage|p1a: Alakazam|74/100
|
|-heal|p2a: Heatran|88/100|[from] item: Leftovers
|upkeep
|turn|32
|
|t:|1736687122
|move|p1a: Alakazam|Focus Blast|p2a: Heatran
|-supereffective|p2a: Heatran
|-damage|p2a: Heatran|0 fnt
|faint|p2a: Heatran
|
|upkeep
|
|t:|1736687126
|switch|p2a: aries god of war.|Breloom, F, shiny|100/100
|-damage|p2a: aries god of war.|94/100|[from] Stealth Rock
|turn|33
|
|t:|1736687130
|move|p2a: aries god of war.|Mach Punch|p1a: Alakazam
|-resisted|p1a: Alakazam
|-damage|p1a: Alakazam|25/100
|move|p1a: Alakazam|Psychic|p2a: aries god of war.
|-supereffective|p2a: aries god of war.
|-damage|p2a: aries god of war.|0 fnt
|faint|p2a: aries god of war.
|
|upkeep
|-message|Gen5OU.AntiMeta forfeited.
|
|win|HydreigonSpammer
|raw|HydreigonSpammer's rating: 1355 &rarr; <strong>1375</strong><br />(+20 for winning)
|raw|Gen5OU.AntiMeta's rating: 1357 &rarr; <strong>1337</strong><br />(-20 for losing)
|l|☆Gen5OU.AntiMeta
|player|p2|
|c|☆HydreigonSpammer|gg
