|j|☆baishii
|j|☆h4v0ckn1ght
|t:|1708204093
|gametype|singles
|player|p1|baishii|steven|1513
|player|p2|h4v0ckn1ght|266|1377
|teamsize|p1|6
|teamsize|p2|6
|gen|5
|tier|[Gen 5] OU
|rated|
|rule|Species Clause: Limit one of each Pokémon
|rule|OHKO Clause: OHKO moves are banned
|rule|Moody Clause: Moody is banned
|rule|Evasion Items Clause: Evasion items are banned
|rule|Evasion Moves Clause: Evasion moves are banned
|rule|Endless Battle Clause: Forcing endless battles is banned
|rule|HP Percentage Mod: HP is shown in percentages
|rule|Evasion Abilities Clause: Evasion abilities are banned
|rule|Sleep Moves Clause: Sleep-inducing moves are banned
|rule|Swagger Clause: Swagger is banned
|rule|Baton Pass Stat Clause: No Baton Passer may have a way to boost its stats
|clearpoke
|poke|p1|Bronzong|item
|poke|p1|Dusclops, M|item
|poke|p1|Reuniclus, F|item
|poke|p1|Marowak, F|item
|poke|p1|Conkeldurr, F|item
|poke|p1|Crawdaunt, F|item
|poke|p2|Mew|item
|poke|p2|Scrafty, F|item
|poke|p2|Aerodactyl, M|item
|poke|p2|Scizor, F|item
|poke|p2|Volcarona, F|item
|poke|p2|Cloyster, F|item
|teampreview
|inactive|Battle timer is ON: inactive players will automatically lose when time's up. (requested by h4v0ckn1ght)
|
|t:|1708204103
|start
|switch|p1a: Bronzong|Bronzong|100/100
|switch|p2a: Mew|Mew, shiny|100/100
|turn|1
|
|t:|1708204117
|move|p2a: Mew|Taunt|p1a: Bronzong
|-start|p1a: Bronzong|move: Taunt
|cant|p1a: Bronzong|move: Taunt|Stealth Rock
|
|upkeep
|turn|2
|
|t:|1708204123
|switch|p1a: Crawdaunt|Crawdaunt, F, shiny|100/100
|move|p2a: Mew|Reflect|p2a: Mew
|-sidestart|p2: h4v0ckn1ght|Reflect
|
|upkeep
|turn|3
|
|t:|1708204135
|switch|p2a: Scrafty|Scrafty, F, shiny|100/100
|move|p1a: Crawdaunt|Crunch|p2a: Scrafty
|-resisted|p2a: Scrafty
|-damage|p2a: Scrafty|90/100
|-damage|p1a: Crawdaunt|90/100|[from] item: Life Orb
|
|upkeep
|turn|4
|
|t:|1708204145
|switch|p2a: Volcarona|Volcarona, F, shiny|100/100
|switch|p1a: Dusclops|Dusclops, M, shiny|100/100
|-ability|p1a: Dusclops|Pressure
|
|upkeep
|turn|5
|
|t:|1708204152
|move|p2a: Volcarona|Quiver Dance|p2a: Volcarona
|-boost|p2a: Volcarona|spa|1
|-boost|p2a: Volcarona|spd|1
|-boost|p2a: Volcarona|spe|1
|move|p1a: Dusclops|Brick Break|p2a: Volcarona
|-sideend|p2: h4v0ckn1ght|Reflect
|-resisted|p2a: Volcarona
|-damage|p2a: Volcarona|90/100
|-status|p1a: Dusclops|brn|[from] ability: Flame Body|[of] p2a: Volcarona
|
|-damage|p1a: Dusclops|88/100 brn|[from] brn
|upkeep
|turn|6
|
|t:|1708204161
|move|p2a: Volcarona|Quiver Dance|p2a: Volcarona
|-boost|p2a: Volcarona|spa|1
|-boost|p2a: Volcarona|spd|1
|-boost|p2a: Volcarona|spe|1
|move|p1a: Dusclops|Trick Room|p1a: Dusclops
|-fieldstart|move: Trick Room|[of] p1a: Dusclops
|
|-damage|p1a: Dusclops|76/100 brn|[from] brn
|upkeep
|turn|7
|
|t:|1708204168
|move|p1a: Dusclops|Memento|p2a: Volcarona
|-unboost|p2a: Volcarona|atk|2
|-unboost|p2a: Volcarona|spa|2
|faint|p1a: Dusclops
|move|p2a: Volcarona|Flamethrower|p1: Dusclops|[notarget]
|-fail|p2a: Volcarona
|
|upkeep
|j| SKT T1 Motherfaker
|
|t:|1708204189
|switch|p1a: Crawdaunt|Crawdaunt, F, shiny|90/100
|turn|8
|
|t:|1708204198
|move|p1a: Crawdaunt|Crunch|p2a: Volcarona
|-damage|p2a: Volcarona|0 fnt
|faint|p2a: Volcarona
|-damage|p1a: Crawdaunt|80/100|[from] item: Life Orb
|
|upkeep
|
|t:|1708204207
|switch|p2a: Aerodactyl|Aerodactyl, M, shiny|100/100
|turn|9
|
|t:|1708204213
|switch|p1a: Bronzong|Bronzong|100/100
|move|p2a: Aerodactyl|Stealth Rock|p1a: Bronzong
|-sidestart|p1: baishii|move: Stealth Rock
|
|upkeep
|turn|10
|
|t:|1708204218
|move|p1a: Bronzong|Gyro Ball|p2a: Aerodactyl
|-supereffective|p2a: Aerodactyl
|-enditem|p2a: Aerodactyl|Focus Sash
|-damage|p2a: Aerodactyl|1/100
|move|p2a: Aerodactyl|Taunt|p1a: Bronzong
|-start|p1a: Bronzong|move: Taunt
|
|-fieldend|move: Trick Room
|upkeep
|turn|11
|
|t:|1708204225
|switch|p2a: Mew|Mew, shiny|100/100
|move|p1a: Bronzong|Gyro Ball|p2a: Mew
|-damage|p2a: Mew|64/100
|
|upkeep
|turn|12
|
|t:|1708204237
|switch|p1a: Crawdaunt|Crawdaunt, F, shiny|80/100
|-damage|p1a: Crawdaunt|68/100|[from] Stealth Rock
|move|p2a: Mew|Reflect|p2a: Mew
|-sidestart|p2: h4v0ckn1ght|Reflect
|
|upkeep
|turn|13
|
|t:|1708204243
|move|p2a: Mew|Light Screen|p2a: Mew
|-sidestart|p2: h4v0ckn1ght|move: Light Screen
|move|p1a: Crawdaunt|Crunch|p2a: Mew
|-supereffective|p2a: Mew
|-damage|p2a: Mew|0 fnt
|faint|p2a: Mew
|-damage|p1a: Crawdaunt|58/100|[from] item: Life Orb
|
|upkeep
|
|t:|1708204247
|switch|p2a: Aerodactyl|Aerodactyl, M, shiny|1/100
|turn|14
|
|t:|1708204252
|switch|p1a: Bronzong|Bronzong|100/100
|-damage|p1a: Bronzong|94/100|[from] Stealth Rock
|move|p2a: Aerodactyl|Double-Edge|p1a: Bronzong
|-resisted|p1a: Bronzong
|-damage|p1a: Bronzong|82/100
|
|upkeep
|turn|15
|
|t:|1708204263
|switch|p2a: Scizor|Scizor, F, shiny|100/100
|move|p1a: Bronzong|Gyro Ball|p2a: Scizor
|-resisted|p2a: Scizor
|-damage|p2a: Scizor|92/100
|
|upkeep
|turn|16
|
|t:|1708204273
|move|p2a: Scizor|Swords Dance|p2a: Scizor
|-boost|p2a: Scizor|atk|2
|move|p1a: Bronzong|Stealth Rock|p2a: Scizor
|-sidestart|p2: h4v0ckn1ght|move: Stealth Rock
|
|upkeep
|turn|17
|
|t:|1708204280
|move|p2a: Scizor|Bug Bite|p1a: Bronzong
|-damage|p1a: Bronzong|19/100
|-enditem|p1a: Bronzong|Occa Berry|[from] stealeat|[move] Bug Bite|[of] p2a: Scizor
|move|p1a: Bronzong|Trick Room|p1a: Bronzong
|-fieldstart|move: Trick Room|[of] p1a: Bronzong
|
|upkeep
|turn|18
|
|t:|1708204284
|move|p2a: Scizor|Bullet Punch|p1a: Bronzong
|-resisted|p1a: Bronzong
|-damage|p1a: Bronzong|0 fnt
|faint|p1a: Bronzong
|
|upkeep
|
|t:|1708204301
|switch|p1a: Crawdaunt|Crawdaunt, F, shiny|58/100
|-damage|p1a: Crawdaunt|46/100|[from] Stealth Rock
|turn|19
|
|t:|1708204304
|move|p2a: Scizor|Bullet Punch|p1a: Crawdaunt
|-resisted|p1a: Crawdaunt
|-damage|p1a: Crawdaunt|12/100
|move|p1a: Crawdaunt|Waterfall|p2a: Scizor
|-crit|p2a: Scizor
|-damage|p2a: Scizor|0 fnt
|faint|p2a: Scizor
|-damage|p1a: Crawdaunt|2/100|[from] item: Life Orb
|
|-sideend|p2: h4v0ckn1ght|Reflect
|upkeep
|
|t:|1708204312
|switch|p2a: Cloyster|Cloyster, F, shiny|100/100
|-damage|p2a: Cloyster|76/100|[from] Stealth Rock
|turn|20
|
|t:|1708204316
|move|p2a: Cloyster|Ice Shard|p1a: Crawdaunt
|-resisted|p1a: Crawdaunt
|-damage|p1a: Crawdaunt|0 fnt
|faint|p1a: Crawdaunt
|-damage|p2a: Cloyster|66/100|[from] item: Life Orb
|
|-sideend|p2: h4v0ckn1ght|move: Light Screen
|upkeep
|
|t:|1708204326
|switch|p1a: Conkeldurr|Conkeldurr, F, shiny|100/100
|-damage|p1a: Conkeldurr|94/100|[from] Stealth Rock
|turn|21
|
|t:|1708204330
|switch|p2a: Aerodactyl|Aerodactyl, M, shiny|1/100
|-damage|p2a: Aerodactyl|0 fnt|[from] Stealth Rock
|faint|p2a: Aerodactyl
|move|p1a: Conkeldurr|Drain Punch|p2: Aerodactyl|[notarget]
|-fail|p1a: Conkeldurr
|
|-fieldend|move: Trick Room
|upkeep
|
|t:|1708204335
|switch|p2a: Scrafty|Scrafty, F, shiny|90/100
|-damage|p2a: Scrafty|84/100|[from] Stealth Rock
|turn|22
|
|t:|1708204339
|move|p2a: Scrafty|Drain Punch|p1a: Conkeldurr
|-damage|p1a: Conkeldurr|68/100
|-heal|p2a: Scrafty|100/100|[from] drain|[of] p1a: Conkeldurr
|move|p1a: Conkeldurr|Drain Punch|p2a: Scrafty
|-supereffective|p2a: Scrafty
|-damage|p2a: Scrafty|0 fnt
|-heal|p1a: Conkeldurr|100/100|[from] drain|[of] p2a: Scrafty
|faint|p2a: Scrafty
|-damage|p1a: Conkeldurr|91/100|[from] item: Life Orb
|
|upkeep
|
|t:|1708204344
|switch|p2a: Cloyster|Cloyster, F, shiny|66/100
|-damage|p2a: Cloyster|41/100|[from] Stealth Rock
|turn|23
|-message|h4v0ckn1ght forfeited.
|
|win|baishii
|raw|baishii's rating: 1513 &rarr; <strong>1526</strong><br />(+13 for winning)
|raw|h4v0ckn1ght's rating: 1377 &rarr; <strong>1364</strong><br />(-13 for losing)
|l|☆h4v0ckn1ght
|player|p2|
