|j|☆geathan2
|j|☆574rm4n
|t:|1718255112
|gametype|singles
|player|p1|geathan2|galacticgruntf|1303
|player|p2|574rm4n|lance-gen3|1488
|teamsize|p1|6
|teamsize|p2|6
|gen|5
|tier|[Gen 5] OU
|rated|
|rule|Species Clause: Limit one of each Pokémon
|rule|OHKO Clause: OHKO moves are banned
|rule|Moody Clause: Moody is banned
|rule|Evasion Items Clause: Evasion items are banned
|rule|Evasion Moves Clause: Evasion moves are banned
|rule|Endless Battle Clause: Forcing endless battles is banned
|rule|HP Percentage Mod: HP is shown in percentages
|rule|Evasion Abilities Clause: Evasion abilities are banned
|rule|Sleep Moves Clause: Sleep-inducing moves are banned
|rule|Swagger Clause: Swagger is banned
|rule|Baton Pass Stat Clause: No Baton Passer may have a way to boost its stats
|clearpoke
|poke|p1|Toxicroak, M|item
|poke|p1|Politoed, M|item
|poke|p1|Ferrothorn, M|item
|poke|p1|Excadrill, M|item
|poke|p1|Latios, M|item
|poke|p1|Thundurus-Therian, M|item
|poke|p2|Excadrill, M|item
|poke|p2|Keldeo|item
|poke|p2|Latios, M|item
|poke|p2|Tyranitar, M|item
|poke|p2|Seismitoad, M|item
|poke|p2|Ferrothorn, F|item
|teampreview
|inactive|Battle timer is ON: inactive players will automatically lose when time's up. (requested by 574rm4n)
|l|☆geathan2
|inactive|geathan2 disconnected and has a minute to reconnect!
|player|p1|
|inactive|geathan2 has 30 seconds to reconnect!
|inactive|geathan2 has 20 seconds to reconnect!
|inactive|geathan2 has 15 seconds to reconnect!
|inactive|geathan2 has 10 seconds to reconnect!
|j|☆geathan2
|inactive|geathan2 reconnected and has 100 seconds left.
|player|p1|geathan2|galacticgruntf|
|inactive|geathan2 also wants the timer to be on.
|
|t:|1718255189
|start
|switch|p1a: Politoed|Politoed, M|100/100
|switch|p2a: Seismitoad|Seismitoad, M|100/100
|-weather|RainDance|[from] ability: Drizzle|[of] p1a: Politoed
|turn|1
|
|t:|1718255200
|move|p1a: Politoed|Toxic|p2a: Seismitoad
|-status|p2a: Seismitoad|tox
|move|p2a: Seismitoad|Stealth Rock|p1a: Politoed
|-sidestart|p1: geathan2|move: Stealth Rock
|
|-weather|RainDance|[upkeep]
|-damage|p2a: Seismitoad|94/100 tox|[from] psn
|upkeep
|turn|2
|
|t:|1718255204
|move|p1a: Politoed|Encore|p2a: Seismitoad
|-start|p2a: Seismitoad|Encore
|move|p2a: Seismitoad|Stealth Rock||[still]
|-fail|p2a: Seismitoad
|
|-weather|RainDance|[upkeep]
|-heal|p2a: Seismitoad|100/100 tox|[from] item: Leftovers
|-damage|p2a: Seismitoad|88/100 tox|[from] psn
|upkeep
|turn|3
|
|t:|1718255208
|switch|p1a: Excadrill|Excadrill, M|100/100
|-damage|p1a: Excadrill|97/100|[from] Stealth Rock
|-ability|p1a: Excadrill|Mold Breaker
|switch|p2a: Ferrothorn|Ferrothorn, F|100/100
|
|-weather|RainDance|[upkeep]
|-heal|p1a: Excadrill|100/100|[from] item: Leftovers
|upkeep
|turn|4
|
|t:|1718255213
|move|p1a: Excadrill|Rapid Spin|p2a: Ferrothorn
|-resisted|p2a: Ferrothorn
|-damage|p2a: Ferrothorn|98/100
|-damage|p1a: Excadrill|88/100|[from] ability: Iron Barbs|[of] p2a: Ferrothorn
|-sideend|p1: geathan2|Stealth Rock|[from] move: Rapid Spin|[of] p1a: Excadrill
|move|p2a: Ferrothorn|Knock Off|p1a: Excadrill
|-resisted|p1a: Excadrill
|-damage|p1a: Excadrill|85/100
|-enditem|p1a: Excadrill|Leftovers|[from] move: Knock Off|[of] p2a: Ferrothorn
|
|-weather|RainDance|[upkeep]
|-heal|p2a: Ferrothorn|100/100|[from] item: Leftovers
|upkeep
|turn|5
|
|t:|1718255223
|move|p1a: Excadrill|Stealth Rock|p2a: Ferrothorn
|-sidestart|p2: 574rm4n|move: Stealth Rock
|move|p2a: Ferrothorn|Stealth Rock|p1a: Excadrill
|-sidestart|p1: geathan2|move: Stealth Rock
|
|-weather|RainDance|[upkeep]
|upkeep
|turn|6
|
|t:|1718255227
|move|p1a: Excadrill|Earthquake|p2a: Ferrothorn
|-damage|p2a: Ferrothorn|63/100
|move|p2a: Ferrothorn|Power Whip|p1a: Excadrill
|-damage|p1a: Excadrill|38/100
|
|-weather|RainDance|[upkeep]
|-heal|p2a: Ferrothorn|69/100|[from] item: Leftovers
|upkeep
|turn|7
|
|t:|1718255232
|move|p1a: Excadrill|Rapid Spin|p2a: Ferrothorn
|-resisted|p2a: Ferrothorn
|-damage|p2a: Ferrothorn|67/100
|-damage|p1a: Excadrill|26/100|[from] ability: Iron Barbs|[of] p2a: Ferrothorn
|-sideend|p1: geathan2|Stealth Rock|[from] move: Rapid Spin|[of] p1a: Excadrill
|move|p2a: Ferrothorn|Spikes|p1a: Excadrill
|-sidestart|p1: geathan2|Spikes
|
|-weather|RainDance|[upkeep]
|-heal|p2a: Ferrothorn|73/100|[from] item: Leftovers
|upkeep
|turn|8
|
|t:|1718255246
|move|p1a: Excadrill|Earthquake|p2a: Ferrothorn
|-damage|p2a: Ferrothorn|36/100
|move|p2a: Ferrothorn|Power Whip|p1a: Excadrill
|-damage|p1a: Excadrill|0 fnt
|faint|p1a: Excadrill
|
|-weather|RainDance|[upkeep]
|-heal|p2a: Ferrothorn|43/100|[from] item: Leftovers
|upkeep
|
|t:|1718255258
|switch|p1a: Toxicroak|Toxicroak, M|100/100
|-damage|p1a: Toxicroak|88/100|[from] Spikes
|turn|9
|
|t:|1718255263
|move|p1a: Toxicroak|Substitute|p1a: Toxicroak
|-start|p1a: Toxicroak|Substitute
|-damage|p1a: Toxicroak|63/100
|move|p2a: Ferrothorn|Knock Off|p1a: Toxicroak
|-resisted|p1a: Toxicroak
|-activate|p1a: Toxicroak|Substitute|[damage]
|
|-weather|RainDance|[upkeep]
|-heal|p1a: Toxicroak|75/100|[from] ability: Dry Skin
|-heal|p2a: Ferrothorn|49/100|[from] item: Leftovers
|upkeep
|turn|10
|
|t:|1718255267
|-singleturn|p1a: Toxicroak|move: Focus Punch
|move|p2a: Ferrothorn|Power Whip|p1a: Toxicroak
|-resisted|p1a: Toxicroak
|-end|p1a: Toxicroak|Substitute
|move|p1a: Toxicroak|Focus Punch|p2a: Ferrothorn
|-supereffective|p2a: Ferrothorn
|-damage|p2a: Ferrothorn|0 fnt
|-damage|p1a: Toxicroak|63/100|[from] ability: Iron Barbs|[of] p2a: Ferrothorn
|faint|p2a: Ferrothorn
|-damage|p1a: Toxicroak|53/100|[from] item: Life Orb
|
|-weather|RainDance|[upkeep]
|-heal|p1a: Toxicroak|66/100|[from] ability: Dry Skin
|upkeep
|
|t:|1718255280
|switch|p2a: Tyranitar|Tyranitar, M|100/100
|-damage|p2a: Tyranitar|88/100|[from] Stealth Rock
|-weather|Sandstorm|[from] ability: Sand Stream|[of] p2a: Tyranitar
|turn|11
|
|t:|1718255284
|switch|p1a: Politoed|Politoed, M|100/100
|-damage|p1a: Politoed|88/100|[from] Spikes
|-weather|RainDance|[from] ability: Drizzle|[of] p1a: Politoed
|switch|p2a: Latios|Latios, M|100/100
|-damage|p2a: Latios|88/100|[from] Stealth Rock
|
|-weather|RainDance|[upkeep]
|-heal|p1a: Politoed|94/100|[from] item: Leftovers
|upkeep
|turn|12
|
|t:|1718255291
|switch|p2a: Seismitoad|Seismitoad, M|88/100 tox
|-damage|p2a: Seismitoad|82/100 tox|[from] Stealth Rock
|move|p1a: Politoed|Protect||[still]
|-fail|p1a: Politoed
|
|-weather|RainDance|[upkeep]
|-heal|p1a: Politoed|100/100|[from] item: Leftovers
|-heal|p2a: Seismitoad|88/100 tox|[from] item: Leftovers
|-damage|p2a: Seismitoad|82/100 tox|[from] psn
|upkeep
|turn|13
|
|t:|1718255296
|switch|p1a: Toxicroak|Toxicroak, M|66/100
|-damage|p1a: Toxicroak|53/100|[from] Spikes
|move|p2a: Seismitoad|Refresh|p2a: Seismitoad
|-curestatus|p2a: Seismitoad|tox|[msg]
|
|-weather|RainDance|[upkeep]
|-heal|p1a: Toxicroak|66/100|[from] ability: Dry Skin
|-heal|p2a: Seismitoad|88/100|[from] item: Leftovers
|upkeep
|turn|14
|
|t:|1718255307
|switch|p2a: Keldeo|Keldeo|100/100
|-damage|p2a: Keldeo|94/100|[from] Stealth Rock
|move|p1a: Toxicroak|Substitute|p1a: Toxicroak
|-start|p1a: Toxicroak|Substitute
|-damage|p1a: Toxicroak|41/100
|
|-weather|RainDance|[upkeep]
|-heal|p1a: Toxicroak|53/100|[from] ability: Dry Skin
|-heal|p2a: Keldeo|100/100|[from] item: Leftovers
|upkeep
|turn|15
|
|t:|1718255319
|-singleturn|p1a: Toxicroak|move: Focus Punch
|move|p2a: Keldeo|Secret Sword|p1a: Toxicroak
|-resisted|p1a: Toxicroak
|-end|p1a: Toxicroak|Substitute
|move|p1a: Toxicroak|Focus Punch|p2a: Keldeo
|-damage|p2a: Keldeo|0 fnt
|faint|p2a: Keldeo
|-damage|p1a: Toxicroak|43/100|[from] item: Life Orb
|
|-weather|RainDance|[upkeep]
|-heal|p1a: Toxicroak|55/100|[from] ability: Dry Skin
|upkeep
|
|t:|1718255325
|switch|p2a: Excadrill|Excadrill, M|100/100
|-damage|p2a: Excadrill|98/100|[from] Stealth Rock
|turn|16
|
|t:|1718255330
|switch|p1a: Latios|Latios, M|100/100
|move|p2a: Excadrill|Earthquake|p1a: Latios
|-immune|p1a: Latios|[from] ability: Levitate
|
|-weather|RainDance|[upkeep]
|-heal|p2a: Excadrill|100/100|[from] item: Leftovers
|upkeep
|turn|17
|
|t:|1718255337
|move|p2a: Excadrill|Protect|p2a: Excadrill
|-singleturn|p2a: Excadrill|Protect
|move|p1a: Latios|Draco Meteor|p2a: Excadrill
|-activate|p2a: Excadrill|move: Protect
|
|-weather|RainDance|[upkeep]
|upkeep
|turn|18
|
|t:|1718255342
|move|p1a: Latios|Draco Meteor|p2a: Excadrill
|-resisted|p2a: Excadrill
|-crit|p2a: Excadrill
|-damage|p2a: Excadrill|28/100
|-unboost|p1a: Latios|spa|2
|move|p2a: Excadrill|Rapid Spin|p1a: Latios
|-damage|p1a: Latios|93/100
|-sideend|p2: 574rm4n|Stealth Rock|[from] move: Rapid Spin|[of] p2a: Excadrill
|
|-weather|RainDance|[upkeep]
|-heal|p2a: Excadrill|34/100|[from] item: Leftovers
|upkeep
|turn|19
|
|t:|1718255346
|move|p1a: Latios|Draco Meteor|p2a: Excadrill
|-resisted|p2a: Excadrill
|-damage|p2a: Excadrill|16/100
|-unboost|p1a: Latios|spa|2
|move|p2a: Excadrill|Iron Head|p1a: Latios
|-damage|p1a: Latios|42/100
|
|-weather|RainDance|[upkeep]
|-heal|p2a: Excadrill|22/100|[from] item: Leftovers
|upkeep
|turn|20
|
|t:|1718255356
|switch|p1a: Ferrothorn|Ferrothorn, M|100/100
|-damage|p1a: Ferrothorn|88/100|[from] Spikes
|move|p2a: Excadrill|Earthquake|p1a: Ferrothorn
|-damage|p1a: Ferrothorn|56/100
|
|-weather|RainDance|[upkeep]
|-heal|p2a: Excadrill|29/100|[from] item: Leftovers
|-heal|p1a: Ferrothorn|62/100|[from] item: Leftovers
|upkeep
|turn|21
|
|t:|1718255379
|switch|p2a: Tyranitar|Tyranitar, M|88/100
|-weather|Sandstorm|[from] ability: Sand Stream|[of] p2a: Tyranitar
|move|p1a: Ferrothorn|Gyro Ball|p2a: Tyranitar
|-supereffective|p2a: Tyranitar
|-damage|p2a: Tyranitar|40/100
|
|-weather|Sandstorm|[upkeep]
|-heal|p1a: Ferrothorn|69/100|[from] item: Leftovers
|upkeep
|turn|22
|
|t:|1718255384
|move|p2a: Tyranitar|Superpower|p1a: Ferrothorn
|-supereffective|p1a: Ferrothorn
|-damage|p1a: Ferrothorn|7/100
|-unboost|p2a: Tyranitar|atk|1
|-unboost|p2a: Tyranitar|def|1
|-damage|p2a: Tyranitar|28/100|[from] ability: Iron Barbs|[of] p1a: Ferrothorn
|move|p1a: Ferrothorn|Gyro Ball|p2a: Tyranitar
|-supereffective|p2a: Tyranitar
|-damage|p2a: Tyranitar|0 fnt
|faint|p2a: Tyranitar
|
|-weather|Sandstorm|[upkeep]
|-heal|p1a: Ferrothorn|13/100|[from] item: Leftovers
|upkeep
|
|t:|1718255388
|switch|p2a: Excadrill|Excadrill, M|29/100
|turn|23
|
|t:|1718255392
|move|p2a: Excadrill|Earthquake|p1a: Ferrothorn
|-damage|p1a: Ferrothorn|0 fnt
|faint|p1a: Ferrothorn
|
|-weather|Sandstorm|[upkeep]
|-heal|p2a: Excadrill|35/100|[from] item: Leftovers
|upkeep
|
|t:|1718255394
|switch|p1a: Politoed|Politoed, M|100/100
|-damage|p1a: Politoed|88/100|[from] Spikes
|-weather|RainDance|[from] ability: Drizzle|[of] p1a: Politoed
|turn|24
|
|t:|1718255397
|move|p2a: Excadrill|Protect|p2a: Excadrill
|-singleturn|p2a: Excadrill|Protect
|move|p1a: Politoed|Scald|p2a: Excadrill
|-activate|p2a: Excadrill|move: Protect
|
|-weather|RainDance|[upkeep]
|-heal|p2a: Excadrill|41/100|[from] item: Leftovers
|-heal|p1a: Politoed|94/100|[from] item: Leftovers
|upkeep
|turn|25
|
|t:|1718255401
|switch|p2a: Seismitoad|Seismitoad, M|88/100
|move|p1a: Politoed|Toxic|p2a: Seismitoad|[miss]
|-miss|p1a: Politoed|p2a: Seismitoad
|
|-weather|RainDance|[upkeep]
|-heal|p1a: Politoed|100/100|[from] item: Leftovers
|-heal|p2a: Seismitoad|94/100|[from] item: Leftovers
|upkeep
|turn|26
|
|t:|1718255407
|move|p2a: Seismitoad|Protect|p2a: Seismitoad
|-singleturn|p2a: Seismitoad|Protect
|move|p1a: Politoed|Toxic|p2a: Seismitoad
|-activate|p2a: Seismitoad|move: Protect
|
|-weather|RainDance|[upkeep]
|-heal|p2a: Seismitoad|100/100|[from] item: Leftovers
|upkeep
|turn|27
|
|t:|1718255413
|switch|p2a: Latios|Latios, M|88/100
|move|p1a: Politoed|Toxic|p2a: Latios
|-status|p2a: Latios|tox
|
|-weather|RainDance|[upkeep]
|-damage|p2a: Latios|82/100 tox|[from] psn
|upkeep
|turn|28
|
|t:|1718255418
|move|p1a: Politoed|Protect|p1a: Politoed
|-singleturn|p1a: Politoed|Protect
|move|p2a: Latios|Draco Meteor|p1a: Politoed
|-activate|p1a: Politoed|move: Protect
|
|-weather|RainDance|[upkeep]
|-damage|p2a: Latios|70/100 tox|[from] psn
|upkeep
|turn|29
|
|t:|1718255429
|switch|p1a: Thundurus|Thundurus-Therian, M|100/100
|move|p2a: Latios|Draco Meteor|p1a: Thundurus
|-damage|p1a: Thundurus|4/100
|-unboost|p2a: Latios|spa|2
|
|-weather|RainDance|[upkeep]
|-heal|p1a: Thundurus|11/100|[from] item: Leftovers
|-damage|p2a: Latios|52/100 tox|[from] psn
|upkeep
|turn|30
|
|t:|1718255433
|switch|p2a: Seismitoad|Seismitoad, M|100/100
|move|p1a: Thundurus|Hidden Power|p2a: Seismitoad
|-damage|p2a: Seismitoad|73/100
|
|-weather|RainDance|[upkeep]
|-heal|p1a: Thundurus|17/100|[from] item: Leftovers
|-heal|p2a: Seismitoad|79/100|[from] item: Leftovers
|upkeep
|turn|31
|
|t:|1718255438
|move|p1a: Thundurus|Focus Blast|p2a: Seismitoad|[miss]
|-miss|p1a: Thundurus|p2a: Seismitoad
|move|p2a: Seismitoad|Stealth Rock|p1a: Thundurus
|-sidestart|p1: geathan2|move: Stealth Rock
|
|-weather|RainDance|[upkeep]
|-heal|p1a: Thundurus|23/100|[from] item: Leftovers
|-heal|p2a: Seismitoad|85/100|[from] item: Leftovers
|upkeep
|turn|32
|
|t:|1718255444
|move|p1a: Thundurus|Focus Blast|p2a: Seismitoad|[miss]
|-miss|p1a: Thundurus|p2a: Seismitoad
|move|p2a: Seismitoad|Scald|p1a: Thundurus
|-damage|p1a: Thundurus|0 fnt
|faint|p1a: Thundurus
|
|-weather|RainDance|[upkeep]
|-heal|p2a: Seismitoad|91/100|[from] item: Leftovers
|upkeep
|
|t:|1718255447
|switch|p1a: Toxicroak|Toxicroak, M|55/100
|-damage|p1a: Toxicroak|43/100|[from] Spikes
|-damage|p1a: Toxicroak|37/100|[from] Stealth Rock
|turn|33
|
|t:|1718255453
|switch|p2a: Latios|Latios, M|52/100 tox
|move|p1a: Toxicroak|Ice Punch|p2a: Latios
|-supereffective|p2a: Latios
|-damage|p2a: Latios|0 fnt
|faint|p2a: Latios
|-damage|p1a: Toxicroak|27/100|[from] item: Life Orb
|
|-weather|RainDance|[upkeep]
|-heal|p1a: Toxicroak|40/100|[from] ability: Dry Skin
|upkeep
|
|t:|1718255458
|switch|p2a: Excadrill|Excadrill, M|41/100
|turn|34
|
|t:|1718255461
|switch|p1a: Latios|Latios, M|42/100
|-damage|p1a: Latios|30/100|[from] Stealth Rock
|move|p2a: Excadrill|Earthquake|p1a: Latios
|-immune|p1a: Latios|[from] ability: Levitate
|
|-weather|RainDance|[upkeep]
|-heal|p2a: Excadrill|47/100|[from] item: Leftovers
|upkeep
|turn|35
|
|t:|1718255467
|move|p2a: Excadrill|Protect|p2a: Excadrill
|-singleturn|p2a: Excadrill|Protect
|move|p1a: Latios|Recover|p1a: Latios
|-heal|p1a: Latios|80/100
|
|-weather|RainDance|[upkeep]
|-heal|p2a: Excadrill|54/100|[from] item: Leftovers
|upkeep
|turn|36
|
|t:|1718255472
|switch|p1a: Politoed|Politoed, M|100/100
|-damage|p1a: Politoed|88/100|[from] Spikes
|-damage|p1a: Politoed|75/100|[from] Stealth Rock
|move|p2a: Excadrill|Iron Head|p1a: Politoed
|-resisted|p1a: Politoed
|-damage|p1a: Politoed|60/100
|
|-weather|RainDance|[upkeep]
|-heal|p2a: Excadrill|60/100|[from] item: Leftovers
|-heal|p1a: Politoed|66/100|[from] item: Leftovers
|upkeep
|turn|37
|
|t:|1718255486
|switch|p2a: Seismitoad|Seismitoad, M|91/100
|move|p1a: Politoed|Scald|p2a: Seismitoad
|-heal|p2a: Seismitoad|100/100|[from] ability: Water Absorb|[of] p1a: Politoed
|
|-weather|RainDance|[upkeep]
|-heal|p1a: Politoed|72/100|[from] item: Leftovers
|upkeep
|turn|38
|
|t:|1718255493
|switch|p2a: Excadrill|Excadrill, M|60/100
|move|p1a: Politoed|Toxic|p2a: Excadrill
|-immune|p2a: Excadrill
|
|-weather|RainDance|[upkeep]
|-heal|p2a: Excadrill|66/100|[from] item: Leftovers
|-heal|p1a: Politoed|79/100|[from] item: Leftovers
|upkeep
|turn|39
|
|t:|1718255502
|switch|p2a: Seismitoad|Seismitoad, M|100/100
|move|p1a: Politoed|Scald|p2a: Seismitoad
|-immune|p2a: Seismitoad|[from] ability: Water Absorb
|
|-weather|RainDance|[upkeep]
|-heal|p1a: Politoed|85/100|[from] item: Leftovers
|upkeep
|turn|40
|
|t:|1718255506
|move|p1a: Politoed|Toxic|p2a: Seismitoad
|-status|p2a: Seismitoad|tox
|move|p2a: Seismitoad|Scald|p1a: Politoed
|-resisted|p1a: Politoed
|-damage|p1a: Politoed|69/100
|-status|p1a: Politoed|brn
|
|-weather|RainDance|[upkeep]
|-heal|p1a: Politoed|75/100 brn|[from] item: Leftovers
|-damage|p2a: Seismitoad|94/100 tox|[from] psn
|-damage|p1a: Politoed|63/100 brn|[from] brn
|upkeep
|turn|41
|
|t:|1718255517
|switch|p2a: Excadrill|Excadrill, M|66/100
|move|p1a: Politoed|Scald|p2a: Excadrill
|-supereffective|p2a: Excadrill
|-damage|p2a: Excadrill|0 fnt
|faint|p2a: Excadrill
|
|-weather|RainDance|[upkeep]
|-heal|p1a: Politoed|69/100 brn|[from] item: Leftovers
|-damage|p1a: Politoed|57/100 brn|[from] brn
|upkeep
|-message|574rm4n forfeited.
|
|win|geathan2
|raw|geathan2's rating: 1303 &rarr; <strong>1333</strong><br />(+30 for winning)
|raw|574rm4n's rating: 1488 &rarr; <strong>1458</strong><br />(-30 for losing)
|l|☆574rm4n
|player|p2|
