|j|☆LastCoolFalco
|j|☆9x&P6U seV
|t:|1729784507
|gametype|singles
|player|p1|LastCoolFalco|dawn|1332
|player|p2|9x&P6U seV|ethan|1326
|teamsize|p1|6
|teamsize|p2|6
|gen|5
|tier|[Gen 5] OU
|rated|
|rule|Species Clause: Limit one of each Pokémon
|rule|OHKO Clause: OHKO moves are banned
|rule|Moody Clause: Moody is banned
|rule|Evasion Items Clause: Evasion items are banned
|rule|Evasion Moves Clause: Evasion moves are banned
|rule|Endless Battle Clause: Forcing endless battles is banned
|rule|HP Percentage Mod: HP is shown in percentages
|rule|Evasion Abilities Clause: Evasion abilities are banned
|rule|Sleep Moves Clause: Sleep-inducing moves are banned
|rule|Swagger Clause: Swagger is banned
|rule|Baton Pass Stat Clause: No Baton Passer may have a way to boost its stats
|clearpoke
|poke|p1|Tyranitar, F|item
|poke|p1|Excadrill, M|item
|poke|p1|Mamoswine, M|item
|poke|p1|Alakazam, M|item
|poke|p1|Skarmory, M|item
|poke|p1|Jellicent, F|item
|poke|p2|Garchomp, F|item
|poke|p2|Kyurem-Black|item
|poke|p2|Magnezone|item
|poke|p2|Haxorus, F|item
|poke|p2|Jirachi|item
|poke|p2|Latios, M|item
|teampreview
|
|t:|1729784518
|start
|switch|p1a: Skarmory|Skarmory, M|100/100
|switch|p2a: Haxorus|Haxorus, F|100/100
|-ability|p2a: Haxorus|Mold Breaker
|turn|1
|
|t:|1729784523
|switch|p2a: Magnezone|Magnezone|100/100
|move|p1a: Skarmory|Stealth Rock|p2a: Magnezone
|-sidestart|p2: 9x&P6U seV|move: Stealth Rock
|
|upkeep
|turn|2
|
|t:|1729784528
|move|p2a: Magnezone|Thunderbolt|p1a: Skarmory
|-supereffective|p1a: Skarmory
|-ability|p1a: Skarmory|Sturdy
|-damage|p1a: Skarmory|1/100
|-status|p1a: Skarmory|par
|cant|p1a: Skarmory|par
|
|upkeep
|turn|3
|-enditem|p1a: Skarmory|Custap Berry|[eat]
|-activate|p1a: Skarmory|item: Custap Berry|[consumed]
|
|t:|1729784534
|move|p1a: Skarmory|Spikes|p2a: Magnezone
|-sidestart|p2: 9x&P6U seV|Spikes
|move|p2a: Magnezone|Thunderbolt|p1a: Skarmory
|-supereffective|p1a: Skarmory
|-damage|p1a: Skarmory|0 fnt
|faint|p1a: Skarmory
|
|upkeep
|
|t:|1729784544
|switch|p1a: Mamoswine|Mamoswine, M|100/100
|turn|4
|inactive|Battle timer is ON: inactive players will automatically lose when time's up. (requested by LastCoolFalco)
|inactive|9x&P6U seV has 120 seconds left.
|
|t:|1729784607
|switch|p2a: Jirachi|Jirachi|100/100
|-damage|p2a: Jirachi|94/100|[from] Stealth Rock
|-damage|p2a: Jirachi|82/100|[from] Spikes
|move|p1a: Mamoswine|Superpower|p2a: Jirachi
|-damage|p2a: Jirachi|47/100
|-unboost|p1a: Mamoswine|atk|1
|-unboost|p1a: Mamoswine|def|1
|
|upkeep
|turn|5
|inactive|LastCoolFalco has 120 seconds left.
|
|t:|1729784638
|move|p1a: Mamoswine|Earthquake|p2a: Jirachi
|-supereffective|p2a: Jirachi
|-enditem|p2a: Jirachi|Shuca Berry|[eat]
|-enditem|p2a: Jirachi|Shuca Berry|[weaken]
|-damage|p2a: Jirachi|18/100
|move|p2a: Jirachi|Stealth Rock|p1a: Mamoswine
|-sidestart|p1: LastCoolFalco|move: Stealth Rock
|
|upkeep
|turn|6
|
|t:|1729784668
|move|p1a: Mamoswine|Earthquake|p2a: Jirachi
|-supereffective|p2a: Jirachi
|-damage|p2a: Jirachi|0 fnt
|faint|p2a: Jirachi
|
|upkeep
|
|t:|1729784674
|switch|p2a: Kyurem|Kyurem-Black|100/100
|-damage|p2a: Kyurem|76/100|[from] Stealth Rock
|-damage|p2a: Kyurem|63/100|[from] Spikes
|-ability|p2a: Kyurem|Teravolt
|turn|7
|
|t:|1729784698
|switch|p1a: Jellicent|Jellicent, F|100/100
|-damage|p1a: Jellicent|88/100|[from] Stealth Rock
|-item|p1a: Jellicent|Air Balloon
|move|p2a: Kyurem|Dragon Claw|p1a: Jellicent
|-damage|p1a: Jellicent|22/100
|-enditem|p1a: Jellicent|Air Balloon
|
|upkeep
|turn|8
|
|t:|1729784706
|move|p2a: Kyurem|Dragon Claw|p1a: Jellicent
|-damage|p1a: Jellicent|0 fnt
|faint|p1a: Jellicent
|
|upkeep
|
|t:|1729784719
|switch|p1a: Excadrill|Excadrill, M|100/100
|-damage|p1a: Excadrill|97/100|[from] Stealth Rock
|turn|9
|
|t:|1729784728
|switch|p2a: Haxorus|Haxorus, F|100/100
|-damage|p2a: Haxorus|88/100|[from] Stealth Rock
|-damage|p2a: Haxorus|76/100|[from] Spikes
|-ability|p2a: Haxorus|Mold Breaker
|move|p1a: Excadrill|Iron Head|p2a: Haxorus
|-damage|p2a: Haxorus|24/100
|
|upkeep
|turn|10
|
|t:|1729784732
|move|p1a: Excadrill|Iron Head|p2a: Haxorus
|-damage|p2a: Haxorus|0 fnt
|faint|p2a: Haxorus
|
|upkeep
|
|t:|1729784735
|switch|p2a: Magnezone|Magnezone|100/100
|-damage|p2a: Magnezone|94/100|[from] Stealth Rock
|-damage|p2a: Magnezone|82/100|[from] Spikes
|turn|11
|
|t:|1729784761
|move|p1a: Excadrill|Iron Head|p2a: Magnezone
|-resisted|p2a: Magnezone
|-damage|p2a: Magnezone|71/100
|cant|p2a: Magnezone|flinch
|
|upkeep
|turn|12
|
|t:|1729784768
|move|p1a: Excadrill|Iron Head|p2a: Magnezone
|-resisted|p2a: Magnezone
|-damage|p2a: Magnezone|60/100
|move|p2a: Magnezone|Hidden Power|p1a: Excadrill
|-supereffective|p1a: Excadrill
|-damage|p1a: Excadrill|31/100
|
|upkeep
|turn|13
|
|t:|1729784771
|move|p1a: Excadrill|Iron Head|p2a: Magnezone
|-resisted|p2a: Magnezone
|-damage|p2a: Magnezone|47/100
|move|p2a: Magnezone|Hidden Power|p1a: Excadrill
|-supereffective|p1a: Excadrill
|-damage|p1a: Excadrill|0 fnt
|faint|p1a: Excadrill
|
|upkeep
|
|t:|1729784777
|switch|p1a: Alakazam|Alakazam, M, shiny|100/100
|turn|14
|inactive|9x&P6U seV has 120 seconds left.
|inactive|9x&P6U seV has 90 seconds left.
|
|t:|1729784838
|move|p1a: Alakazam|Hidden Power|p2a: Magnezone
|-supereffective|p2a: Magnezone
|-damage|p2a: Magnezone|0 fnt
|faint|p2a: Magnezone
|
|upkeep
|
|t:|1729784842
|switch|p2a: Garchomp|Garchomp, F|100/100
|-damage|p2a: Garchomp|94/100|[from] Stealth Rock
|-damage|p2a: Garchomp|82/100|[from] Spikes
|turn|15
|j| nightsuwu
|
|t:|1729784856
|switch|p1a: Mamoswine|Mamoswine, M|100/100
|-damage|p1a: Mamoswine|88/100|[from] Stealth Rock
|move|p2a: Garchomp|Earthquake|p1a: Mamoswine
|-damage|p1a: Mamoswine|25/100
|-damage|p2a: Garchomp|72/100|[from] item: Life Orb
|
|upkeep
|turn|16
|
|t:|1729784866
|switch|p2a: Kyurem|Kyurem-Black|63/100
|-damage|p2a: Kyurem|39/100|[from] Stealth Rock
|-damage|p2a: Kyurem|26/100|[from] Spikes
|-ability|p2a: Kyurem|Teravolt
|move|p1a: Mamoswine|Ice Shard|p2a: Kyurem
|-crit|p2a: Kyurem
|-damage|p2a: Kyurem|0 fnt
|faint|p2a: Kyurem
|
|upkeep
|
|t:|1729784869
|switch|p2a: Latios|Latios, M|100/100
|-damage|p2a: Latios|88/100|[from] Stealth Rock
|turn|17
|
|t:|1729784873
|switch|p2a: Garchomp|Garchomp, F|72/100
|-damage|p2a: Garchomp|66/100|[from] Stealth Rock
|-damage|p2a: Garchomp|54/100|[from] Spikes
|move|p1a: Mamoswine|Ice Shard|p2a: Garchomp
|-supereffective|p2a: Garchomp
|-damage|p2a: Garchomp|0 fnt
|faint|p2a: Garchomp
|
|upkeep
|-message|9x&P6U seV forfeited.
|
|win|LastCoolFalco
|raw|LastCoolFalco's rating: 1332 &rarr; <strong>1352</strong><br />(+20 for winning)
|raw|9x&amp;P6U seV's rating: 1326 &rarr; <strong>1306</strong><br />(-20 for losing)
|l|☆9x&P6U seV
|player|p2|
