|j|☆SweetPosho
|j|☆Mouksi
|player|p1|SweetPosho|272
|teamsize|p1|6
|player|p2|Mouksi|167
|teamsize|p2|6
|gametype|singles
|gen|5
|tier|[Gen 5] OU
|rated|
|rule|Sleep Clause Mod: Limit one foe put to sleep
|rule|Species Clause: Limit one of each Pokémon
|rule|OHKO Clause: OHKO moves are banned
|rule|Moody Clause: Moody is banned
|rule|Evasion Moves Clause: Evasion moves are banned
|rule|Endless Battle Clause: Forcing endless battles is banned
|rule|HP Percentage Mod: HP is shown in percentages
|rule|Evasion Abilities Clause: Evasion abilities are banned
|rule|Baton Pass Clause: Limit one Baton Passer, can't pass Spe and other stats simultaneously
|rule|Swagger Clause: Swagger is banned
|clearpoke
|poke|p1|Politoed, M|item
|poke|p1|Keldeo|item
|poke|p1|Latios, M|item
|poke|p1|Ferrothorn, M|item
|poke|p1|Excadrill, M|item
|poke|p1|Toxicroak, F|item
|poke|p2|Politoed, M|item
|poke|p2|Ferrothorn, F|item
|poke|p2|Tentacruel, F|item
|poke|p2|Zapdos|item
|poke|p2|Toxicroak, F|item
|poke|p2|Jirachi|item
|teampreview
|inactive|Battle timer is ON: inactive players will automatically lose when time's up. (requested by SweetPosho)
|j| garchomp0
|c|☆Mouksi|hf
|inactive|Mouksi has 135 seconds left.
|c|☆SweetPosho|u2
|
|start
|switch|p1a: Ruperto|Politoed, M|100/100
|switch|p2a: use dragon resist|Jirachi|100/100
|-weather|RainDance|[from] ability: Drizzle|[of] p1a: Ruperto
|turn|1
|
|switch|p2a: use stealth rocks|Ferrothorn, F|100/100
|move|p1a: Ruperto|Hypnosis|p2a: use stealth rocks|[miss]
|-miss|p1a: Ruperto|p2a: use stealth rocks
|
|-weather|RainDance|[upkeep]
|upkeep
|turn|2
|
|move|p1a: Ruperto|Hypnosis|p2a: use stealth rocks
|-status|p2a: use stealth rocks|slp
|cant|p2a: use stealth rocks|slp
|
|-weather|RainDance|[upkeep]
|upkeep
|turn|3
|
|switch|p1a: La veneno|Toxicroak, F|100/100
|switch|p2a: Toxicroak|Toxicroak, F|100/100
|
|-weather|RainDance|[upkeep]
|upkeep
|turn|4
|l| garchomp0
|j| Rokhan
|
|move|p2a: Toxicroak|Substitute|p2a: Toxicroak
|-start|p2a: Toxicroak|Substitute
|-damage|p2a: Toxicroak|76/100
|move|p1a: La veneno|Substitute|p1a: La veneno
|-start|p1a: La veneno|Substitute
|-damage|p1a: La veneno|76/100
|
|-weather|RainDance|[upkeep]
|-heal|p2a: Toxicroak|88/100|[from] ability: Dry Skin
|-heal|p1a: La veneno|88/100|[from] ability: Dry Skin
|-heal|p2a: Toxicroak|94/100|[from] item: Black Sludge
|-heal|p1a: La veneno|94/100|[from] item: Black Sludge
|upkeep
|turn|5
|
|-singleturn|p2a: Toxicroak|move: Focus Punch
|-singleturn|p1a: La veneno|move: Focus Punch
|move|p2a: Toxicroak|Focus Punch|p1a: La veneno
|-resisted|p1a: La veneno
|-end|p1a: La veneno|Substitute
|move|p1a: La veneno|Focus Punch|p2a: Toxicroak
|-resisted|p2a: Toxicroak
|-end|p2a: Toxicroak|Substitute
|
|-weather|RainDance|[upkeep]
|-heal|p2a: Toxicroak|100/100|[from] ability: Dry Skin
|-heal|p1a: La veneno|100/100|[from] ability: Dry Skin
|upkeep
|turn|6
|
|move|p2a: Toxicroak|Substitute|p2a: Toxicroak
|-start|p2a: Toxicroak|Substitute
|-damage|p2a: Toxicroak|76/100
|move|p1a: La veneno|Substitute|p1a: La veneno
|-start|p1a: La veneno|Substitute
|-damage|p1a: La veneno|76/100
|
|-weather|RainDance|[upkeep]
|-heal|p2a: Toxicroak|88/100|[from] ability: Dry Skin
|-heal|p1a: La veneno|88/100|[from] ability: Dry Skin
|-heal|p2a: Toxicroak|94/100|[from] item: Black Sludge
|-heal|p1a: La veneno|94/100|[from] item: Black Sludge
|upkeep
|turn|7
|
|-singleturn|p2a: Toxicroak|move: Focus Punch
|-singleturn|p1a: La veneno|move: Focus Punch
|move|p2a: Toxicroak|Focus Punch|p1a: La veneno
|-resisted|p1a: La veneno
|-end|p1a: La veneno|Substitute
|move|p1a: La veneno|Focus Punch|p2a: Toxicroak
|-resisted|p2a: Toxicroak
|-end|p2a: Toxicroak|Substitute
|
|-weather|RainDance|[upkeep]
|-heal|p2a: Toxicroak|100/100|[from] ability: Dry Skin
|-heal|p1a: La veneno|100/100|[from] ability: Dry Skin
|upkeep
|turn|8
|
|-singleturn|p2a: Toxicroak|move: Focus Punch
|-singleturn|p1a: La veneno|move: Focus Punch
|move|p2a: Toxicroak|Focus Punch|p1a: La veneno
|-resisted|p1a: La veneno
|-damage|p1a: La veneno|46/100
|cant|p1a: La veneno|Focus Punch|Focus Punch
|
|-weather|RainDance|[upkeep]
|-heal|p1a: La veneno|58/100|[from] ability: Dry Skin
|-heal|p1a: La veneno|65/100|[from] item: Black Sludge
|upkeep
|turn|9
|
|move|p2a: Toxicroak|Substitute|p2a: Toxicroak
|-start|p2a: Toxicroak|Substitute
|-damage|p2a: Toxicroak|76/100
|move|p1a: La veneno|Substitute|p1a: La veneno
|-start|p1a: La veneno|Substitute
|-damage|p1a: La veneno|40/100
|
|-weather|RainDance|[upkeep]
|-heal|p2a: Toxicroak|88/100|[from] ability: Dry Skin
|-heal|p1a: La veneno|52/100|[from] ability: Dry Skin
|-heal|p2a: Toxicroak|94/100|[from] item: Black Sludge
|-heal|p1a: La veneno|58/100|[from] item: Black Sludge
|upkeep
|turn|10
|
|-singleturn|p2a: Toxicroak|move: Focus Punch
|-singleturn|p1a: La veneno|move: Focus Punch
|move|p2a: Toxicroak|Focus Punch|p1a: La veneno
|-resisted|p1a: La veneno
|-crit|p1a: La veneno
|-end|p1a: La veneno|Substitute
|move|p1a: La veneno|Focus Punch|p2a: Toxicroak
|-resisted|p2a: Toxicroak
|-end|p2a: Toxicroak|Substitute
|
|-weather|RainDance|[upkeep]
|-heal|p2a: Toxicroak|100/100|[from] ability: Dry Skin
|-heal|p1a: La veneno|71/100|[from] ability: Dry Skin
|-heal|p1a: La veneno|77/100|[from] item: Black Sludge
|upkeep
|turn|11
|
|-singleturn|p2a: Toxicroak|move: Focus Punch
|switch|p1a: Ruperto|Politoed, M|100/100
|move|p2a: Toxicroak|Focus Punch|p1a: Ruperto
|-damage|p1a: Ruperto|25/100
|
|-weather|RainDance|[upkeep]
|upkeep
|turn|12
|-enditem|p1a: Ruperto|Custap Berry|[eat]
|-activate|p1a: Ruperto|item: Custap Berry|[consumed]
|
|move|p1a: Ruperto|Endeavor|p2a: Toxicroak
|-damage|p2a: Toxicroak|30/100
|move|p2a: Toxicroak|Substitute|p2a: Toxicroak
|-start|p2a: Toxicroak|Substitute
|-damage|p2a: Toxicroak|5/100
|
|-weather|RainDance|[upkeep]
|-heal|p2a: Toxicroak|17/100|[from] ability: Dry Skin
|-heal|p2a: Toxicroak|24/100|[from] item: Black Sludge
|upkeep
|turn|13
|j| BlazingDark
|
|-singleturn|p2a: Toxicroak|move: Focus Punch
|move|p1a: Ruperto|Ice Beam|p2a: Toxicroak
|-end|p2a: Toxicroak|Substitute
|move|p2a: Toxicroak|Focus Punch|p1a: Ruperto
|-damage|p1a: Ruperto|0 fnt
|faint|p1a: Ruperto
|
|-weather|RainDance|[upkeep]
|-heal|p2a: Toxicroak|36/100|[from] ability: Dry Skin
|-heal|p2a: Toxicroak|42/100|[from] item: Black Sludge
|upkeep
|
|switch|p1a: Topotamadre|Excadrill, M, shiny|100/100
|-item|p1a: Topotamadre|Air Balloon
|turn|14
|
|switch|p1a: Tuerca|Ferrothorn, M|100/100
|switch|p2a: use ground immune|Zapdos|100/100
|-ability|p2a: use ground immune|Pressure
|
|-weather|RainDance|[upkeep]
|upkeep
|turn|15
|
|switch|p2a: use dragon resist|Jirachi|100/100
|move|p1a: Tuerca|Stealth Rock|p2a: use dragon resist
|-sidestart|p2: Mouksi|move: Stealth Rock
|
|-weather|RainDance|[upkeep]
|upkeep
|turn|16
|
|move|p2a: use dragon resist|Substitute|p2a: use dragon resist
|-start|p2a: use dragon resist|Substitute
|-damage|p2a: use dragon resist|75/100
|move|p1a: Tuerca|Spikes|p2a: use dragon resist
|-sidestart|p2: Mouksi|Spikes
|
|-weather|RainDance|[upkeep]
|-heal|p2a: use dragon resist|82/100|[from] item: Leftovers
|upkeep
|turn|17
|
|switch|p1a: Topotamadre|Excadrill, M, shiny|100/100
|-item|p1a: Topotamadre|Air Balloon
|move|p2a: use dragon resist|Calm Mind|p2a: use dragon resist
|-boost|p2a: use dragon resist|spa|1
|-boost|p2a: use dragon resist|spd|1
|
|-weather|RainDance|[upkeep]
|-heal|p2a: use dragon resist|88/100|[from] item: Leftovers
|upkeep
|turn|18
|
|move|p1a: Topotamadre|Earthquake|p2a: use dragon resist
|-supereffective|p2a: use dragon resist
|-end|p2a: use dragon resist|Substitute
|move|p2a: use dragon resist|Flash Cannon|p1a: Topotamadre
|-resisted|p1a: Topotamadre
|-damage|p1a: Topotamadre|71/100
|-enditem|p1a: Topotamadre|Air Balloon
|
|-weather|RainDance|[upkeep]
|-heal|p2a: use dragon resist|94/100|[from] item: Leftovers
|upkeep
|turn|19
|inactive|Mouksi has 135 seconds left.
|
|switch|p1a: Eonito|Latios, M, shiny|100/100
|move|p2a: use dragon resist|Substitute|p2a: use dragon resist
|-start|p2a: use dragon resist|Substitute
|-damage|p2a: use dragon resist|69/100
|
|-weather|RainDance|[upkeep]
|-heal|p2a: use dragon resist|75/100|[from] item: Leftovers
|upkeep
|turn|20
|
|switch|p1a: Topotamadre|Excadrill, M, shiny|71/100
|move|p2a: use dragon resist|Calm Mind|p2a: use dragon resist
|-boost|p2a: use dragon resist|spa|1
|-boost|p2a: use dragon resist|spd|1
|
|-weather|RainDance|[upkeep]
|-heal|p2a: use dragon resist|81/100|[from] item: Leftovers
|upkeep
|turn|21
|
|move|p1a: Topotamadre|Earthquake|p2a: use dragon resist
|-supereffective|p2a: use dragon resist
|-end|p2a: use dragon resist|Substitute
|move|p2a: use dragon resist|Flash Cannon|p1a: Topotamadre
|-resisted|p1a: Topotamadre
|-damage|p1a: Topotamadre|32/100
|-unboost|p1a: Topotamadre|spd|1
|
|-weather|RainDance|[upkeep]
|-heal|p2a: use dragon resist|88/100|[from] item: Leftovers
|upkeep
|turn|22
|
|switch|p2a: use ground immune|Zapdos|100/100
|-damage|p2a: use ground immune|76/100|[from] Stealth Rock
|-ability|p2a: use ground immune|Pressure
|move|p1a: Topotamadre|Earthquake|p2a: use ground immune
|-immune|p2a: use ground immune|[msg]
|
|-weather|RainDance|[upkeep]
|-heal|p2a: use ground immune|82/100|[from] item: Leftovers
|upkeep
|turn|23
|
|move|p1a: Topotamadre|Earthquake|p2a: use ground immune
|-immune|p2a: use ground immune|[msg]
|move|p2a: use ground immune|Hidden Power|p1a: Topotamadre
|-damage|p1a: Topotamadre|0 fnt
|faint|p1a: Topotamadre
|
|-weather|RainDance|[upkeep]
|-heal|p2a: use ground immune|88/100|[from] item: Leftovers
|upkeep
|
|switch|p1a: Hope|Keldeo|100/100
|turn|24
|
|switch|p2a: Toxicroak|Toxicroak, F|42/100
|-damage|p2a: Toxicroak|30/100|[from] Spikes
|-damage|p2a: Toxicroak|24/100|[from] Stealth Rock
|move|p1a: Hope|Hydro Pump|p2a: Toxicroak
|-heal|p2a: Toxicroak|48/100|[from] ability: Dry Skin|[of] p1a: Hope
|
|-weather|RainDance|[upkeep]
|-heal|p2a: Toxicroak|61/100|[from] ability: Dry Skin
|-heal|p2a: Toxicroak|67/100|[from] item: Black Sludge
|upkeep
|turn|25
|
|switch|p1a: Eonito|Latios, M, shiny|100/100
|move|p2a: Toxicroak|Substitute|p2a: Toxicroak
|-start|p2a: Toxicroak|Substitute
|-damage|p2a: Toxicroak|42/100
|
|-weather|RainDance|[upkeep]
|-heal|p2a: Toxicroak|55/100|[from] ability: Dry Skin
|-heal|p2a: Toxicroak|61/100|[from] item: Black Sludge
|upkeep
|turn|26
|
|move|p2a: Toxicroak|Sucker Punch|p1a: Eonito
|-supereffective|p1a: Eonito
|-damage|p1a: Eonito|31/100
|move|p1a: Eonito|Draco Meteor|p2a: Toxicroak
|-end|p2a: Toxicroak|Substitute
|-unboost|p1a: Eonito|spa|2
|
|-weather|RainDance|[upkeep]
|-heal|p2a: Toxicroak|73/100|[from] ability: Dry Skin
|-heal|p2a: Toxicroak|80/100|[from] item: Black Sludge
|upkeep
|turn|27
|
|move|p1a: Eonito|Draco Meteor|p2a: Toxicroak
|-damage|p2a: Toxicroak|29/100
|-unboost|p1a: Eonito|spa|2
|move|p2a: Toxicroak|Substitute|p2a: Toxicroak
|-start|p2a: Toxicroak|Substitute
|-damage|p2a: Toxicroak|4/100
|
|-weather|RainDance|[upkeep]
|-heal|p2a: Toxicroak|17/100|[from] ability: Dry Skin
|-heal|p2a: Toxicroak|23/100|[from] item: Black Sludge
|upkeep
|turn|28
|
|switch|p1a: Tuerca|Ferrothorn, M|100/100
|move|p2a: Toxicroak|Sucker Punch|p1a: Tuerca|[still]
|-fail|p2a: Toxicroak
|
|-weather|RainDance|[upkeep]
|-heal|p2a: Toxicroak|35/100|[from] ability: Dry Skin
|-heal|p2a: Toxicroak|42/100|[from] item: Black Sludge
|upkeep
|turn|29
|
|-singleturn|p2a: Toxicroak|move: Focus Punch
|move|p1a: Tuerca|Gyro Ball|p2a: Toxicroak
|-end|p2a: Toxicroak|Substitute
|move|p2a: Toxicroak|Focus Punch|p1a: Tuerca
|-supereffective|p1a: Tuerca
|-damage|p1a: Tuerca|5/100
|-damage|p2a: Toxicroak|29/100|[from] ability: Iron Barbs|[of] p1a: Tuerca
|
|-weather|RainDance|[upkeep]
|-heal|p2a: Toxicroak|42/100|[from] ability: Dry Skin
|-heal|p2a: Toxicroak|48/100|[from] item: Black Sludge
|-heal|p1a: Tuerca|11/100|[from] item: Leftovers
|upkeep
|turn|30
|
|switch|p2a: use rapid spin|Tentacruel, F|100/100
|-damage|p2a: use rapid spin|88/100|[from] Spikes
|-damage|p2a: use rapid spin|76/100|[from] Stealth Rock
|move|p1a: Tuerca|Gyro Ball|p2a: use rapid spin
|-resisted|p2a: use rapid spin
|-damage|p2a: use rapid spin|51/100
|
|-weather|RainDance|[upkeep]
|-heal|p2a: use rapid spin|57/100|[from] ability: Rain Dish
|-heal|p2a: use rapid spin|63/100|[from] item: Black Sludge
|-heal|p1a: Tuerca|17/100|[from] item: Leftovers
|upkeep
|turn|31
|
|move|p2a: use rapid spin|Rapid Spin|p1a: Tuerca
|-resisted|p1a: Tuerca
|-damage|p1a: Tuerca|16/100
|-damage|p2a: use rapid spin|51/100|[from] ability: Iron Barbs|[of] p1a: Tuerca
|-sideend|p2: Mouksi|Spikes|[from] move: Rapid Spin|[of] p2a: use rapid spin
|-sideend|p2: Mouksi|Stealth Rock|[from] move: Rapid Spin|[of] p2a: use rapid spin
|move|p1a: Tuerca|Power Whip|p2a: use rapid spin
|-damage|p2a: use rapid spin|9/100
|
|-weather|RainDance|[upkeep]
|-heal|p2a: use rapid spin|16/100|[from] ability: Rain Dish
|-heal|p2a: use rapid spin|22/100|[from] item: Black Sludge
|-heal|p1a: Tuerca|22/100|[from] item: Leftovers
|upkeep
|turn|32
|
|switch|p2a: use dragon resist|Jirachi|88/100
|move|p1a: Tuerca|Stealth Rock|p2a: use dragon resist
|-sidestart|p2: Mouksi|move: Stealth Rock
|
|-weather|RainDance|[upkeep]
|-heal|p2a: use dragon resist|94/100|[from] item: Leftovers
|-heal|p1a: Tuerca|28/100|[from] item: Leftovers
|upkeep
|turn|33
|
|switch|p1a: Eonito|Latios, M, shiny|31/100
|move|p2a: use dragon resist|Substitute|p2a: use dragon resist
|-start|p2a: use dragon resist|Substitute
|-damage|p2a: use dragon resist|69/100
|
|-weather|RainDance|[upkeep]
|-heal|p2a: use dragon resist|75/100|[from] item: Leftovers
|upkeep
|turn|34
|
|move|p1a: Eonito|Surf|p2a: use dragon resist
|-end|p2a: use dragon resist|Substitute
|move|p2a: use dragon resist|Calm Mind|p2a: use dragon resist
|-boost|p2a: use dragon resist|spa|1
|-boost|p2a: use dragon resist|spd|1
|
|-weather|RainDance|[upkeep]
|-heal|p2a: use dragon resist|81/100|[from] item: Leftovers
|upkeep
|turn|35
|
|move|p1a: Eonito|Surf|p2a: use dragon resist
|-damage|p2a: use dragon resist|51/100
|move|p2a: use dragon resist|Flash Cannon|p1a: Eonito
|-damage|p1a: Eonito|0 fnt
|faint|p1a: Eonito
|
|-weather|RainDance|[upkeep]
|-heal|p2a: use dragon resist|57/100|[from] item: Leftovers
|upkeep
|
|switch|p1a: Hope|Keldeo|100/100
|turn|36
|
|move|p1a: Hope|Secret Sword|p2a: use dragon resist
|-damage|p2a: use dragon resist|7/100
|move|p2a: use dragon resist|Psyshock|p1a: Hope
|-supereffective|p1a: Hope
|-damage|p1a: Hope|13/100
|
|-weather|RainDance|[upkeep]
|-heal|p2a: use dragon resist|13/100|[from] item: Leftovers
|upkeep
|turn|37
|
|switch|p2a: use weather|Politoed, M|100/100
|-damage|p2a: use weather|88/100|[from] Stealth Rock
|move|p1a: Hope|Secret Sword|p2a: use weather
|-damage|p2a: use weather|0 fnt
|faint|p2a: use weather
|
|-weather|RainDance|[upkeep]
|upkeep
|j| Ohsuun
|
|switch|p2a: use ground immune|Zapdos|88/100
|-damage|p2a: use ground immune|63/100|[from] Stealth Rock
|-ability|p2a: use ground immune|Pressure
|turn|38
|
|switch|p1a: Tuerca|Ferrothorn, M|28/100
|move|p2a: use ground immune|Substitute|p2a: use ground immune
|-start|p2a: use ground immune|Substitute
|-damage|p2a: use ground immune|38/100
|
|-weather|RainDance|[upkeep]
|-heal|p2a: use ground immune|44/100|[from] item: Leftovers
|-heal|p1a: Tuerca|34/100|[from] item: Leftovers
|upkeep
|turn|39
|
|move|p2a: use ground immune|Roost|p2a: use ground immune
|-heal|p2a: use ground immune|94/100
|move|p1a: Tuerca|Power Whip|p2a: use ground immune|[miss]
|-miss|p1a: Tuerca|p2a: use ground immune
|
|-weather|RainDance|[upkeep]
|-heal|p2a: use ground immune|99/100|[from] item: Leftovers
|-heal|p1a: Tuerca|40/100|[from] item: Leftovers
|upkeep
|turn|40
|
|move|p2a: use ground immune|Thunder|p1a: Tuerca
|-resisted|p1a: Tuerca
|-damage|p1a: Tuerca|24/100
|move|p1a: Tuerca|Power Whip|p2a: use ground immune
|-resisted|p2a: use ground immune
|-activate|p2a: use ground immune|Substitute|[damage]
|
|-weather|RainDance|[upkeep]
|-heal|p2a: use ground immune|100/100|[from] item: Leftovers
|-heal|p1a: Tuerca|30/100|[from] item: Leftovers
|upkeep
|turn|41
|
|move|p2a: use ground immune|Thunder|p1a: Tuerca
|-resisted|p1a: Tuerca
|-damage|p1a: Tuerca|13/100
|move|p1a: Tuerca|Power Whip|p2a: use ground immune
|-resisted|p2a: use ground immune
|-end|p2a: use ground immune|Substitute
|
|-weather|RainDance|[upkeep]
|-heal|p1a: Tuerca|19/100|[from] item: Leftovers
|upkeep
|turn|42
|
|switch|p1a: La veneno|Toxicroak, F|77/100
|move|p2a: use ground immune|Substitute|p2a: use ground immune
|-start|p2a: use ground immune|Substitute
|-damage|p2a: use ground immune|76/100
|
|-weather|RainDance|[upkeep]
|-heal|p1a: La veneno|89/100|[from] ability: Dry Skin
|-heal|p1a: La veneno|96/100|[from] item: Black Sludge
|-heal|p2a: use ground immune|82/100|[from] item: Leftovers
|upkeep
|turn|43
|
|move|p1a: La veneno|Sucker Punch|p2a: use ground immune
|-activate|p2a: use ground immune|Substitute|[damage]
|move|p2a: use ground immune|Thunder|p1a: La veneno
|-damage|p1a: La veneno|13/100
|
|-weather|RainDance|[upkeep]
|-heal|p1a: La veneno|25/100|[from] ability: Dry Skin
|-heal|p1a: La veneno|31/100|[from] item: Black Sludge
|-heal|p2a: use ground immune|88/100|[from] item: Leftovers
|upkeep
|turn|44
|
|move|p1a: La veneno|Sucker Punch|p2a: use ground immune
|-end|p2a: use ground immune|Substitute
|move|p2a: use ground immune|Thunder|p1a: La veneno
|-damage|p1a: La veneno|0 fnt
|faint|p1a: La veneno
|
|-weather|RainDance|[upkeep]
|-heal|p2a: use ground immune|94/100|[from] item: Leftovers
|upkeep
|
|switch|p1a: Hope|Keldeo|13/100
|turn|45
|inactive|Mouksi has 135 seconds left.
|
|move|p1a: Hope|Secret Sword|p2a: use ground immune
|-resisted|p2a: use ground immune
|-damage|p2a: use ground immune|66/100
|move|p2a: use ground immune|Thunder|p1a: Hope
|-supereffective|p1a: Hope
|-damage|p1a: Hope|0 fnt
|faint|p1a: Hope
|
|-weather|RainDance|[upkeep]
|-heal|p2a: use ground immune|72/100|[from] item: Leftovers
|upkeep
|-message|SweetPosho forfeited.
|
|win|Mouksi
|l|☆SweetPosho
|c|☆Mouksi|gg
|raw|SweetPosho's rating: 1581 &rarr; <strong>1547</strong><br />(-34 for losing)
|raw|Mouksi's rating: 1292 &rarr; <strong>1334</strong><br />(+42 for winning)
