|j|☆tyranitar1977
|j|☆BWRZylvani
|t:|1719172924
|gametype|singles
|player|p1|tyranitar1977|siebold|1336
|player|p2|BWRZylvani|beauty-gen2jp|1424
|teamsize|p1|6
|teamsize|p2|6
|gen|5
|tier|[Gen 5] OU
|rated|
|rule|Species Clause: Limit one of each Pokémon
|rule|OHKO Clause: OHKO moves are banned
|rule|Moody Clause: Moody is banned
|rule|Evasion Items Clause: Evasion items are banned
|rule|Evasion Moves Clause: Evasion moves are banned
|rule|Endless Battle Clause: Forcing endless battles is banned
|rule|HP Percentage Mod: HP is shown in percentages
|rule|Evasion Abilities Clause: Evasion abilities are banned
|rule|Sleep Moves Clause: Sleep-inducing moves are banned
|rule|Swagger Clause: Swagger is banned
|rule|Baton Pass Stat Clause: No Baton Passer may have a way to boost its stats
|clearpoke
|poke|p1|Rotom-Wash|item
|poke|p1|Landorus-Therian, M|item
|poke|p1|Jirachi|item
|poke|p1|Tyranitar, F|item
|poke|p1|Latios, M|item
|poke|p1|Garchomp, M|item
|poke|p2|Politoed, F|item
|poke|p2|Tentacruel, M|item
|poke|p2|Ferrothorn, M|item
|poke|p2|Latios, M|item
|poke|p2|Keldeo-Resolute|item
|poke|p2|Gyarados, M|item
|teampreview
|c|☆tyranitar1977|hf!
|c|☆BWRZylvani|u2
|
|t:|1719172966
|start
|switch|p1a: Rotom|Rotom-Wash|100/100
|switch|p2a: Gyarados|Gyarados, M|100/100
|turn|1
|
|t:|1719173008
|switch|p2a: Ferrothorn|Ferrothorn, M|100/100
|move|p1a: Rotom|Volt Switch|p2a: Ferrothorn
|-resisted|p2a: Ferrothorn
|-damage|p2a: Ferrothorn|90/100
|
|t:|1719173014
|switch|p1a: Garchomp|Garchomp, M|100/100|[from] Volt Switch
|
|-heal|p2a: Ferrothorn|96/100|[from] item: Leftovers
|upkeep
|turn|2
|
|t:|1719173017
|switch|p2a: Politoed|Politoed, F|100/100
|-weather|RainDance|[from] ability: Drizzle|[of] p2a: Politoed
|move|p1a: Garchomp|Stealth Rock|p2a: Politoed
|-sidestart|p2: BWRZylvani|move: Stealth Rock
|
|-weather|RainDance|[upkeep]
|upkeep
|turn|3
|
|t:|1719173025
|switch|p1a: Rotom|Rotom-Wash|100/100
|move|p2a: Politoed|Scald|p1a: Rotom
|-resisted|p1a: Rotom
|-damage|p1a: Rotom|78/100
|
|-weather|RainDance|[upkeep]
|-heal|p1a: Rotom|84/100|[from] item: Leftovers
|upkeep
|turn|4
|
|t:|1719173031
|move|p1a: Rotom|Volt Switch|p2a: Politoed
|-supereffective|p2a: Politoed
|-damage|p2a: Politoed|44/100
|
|t:|1719173037
|switch|p1a: Garchomp|Garchomp, M|100/100|[from] Volt Switch
|move|p2a: Politoed|Scald|p1a: Garchomp
|-damage|p1a: Garchomp|58/100
|
|-weather|RainDance|[upkeep]
|-heal|p2a: Politoed|50/100|[from] item: Leftovers
|upkeep
|turn|5
|
|t:|1719173042
|switch|p2a: Ferrothorn|Ferrothorn, M|96/100
|-damage|p2a: Ferrothorn|90/100|[from] Stealth Rock
|move|p1a: Garchomp|Draco Meteor|p2a: Ferrothorn
|-resisted|p2a: Ferrothorn
|-damage|p2a: Ferrothorn|66/100
|-unboost|p1a: Garchomp|spa|2
|-damage|p1a: Garchomp|48/100|[from] item: Life Orb
|
|-weather|RainDance|[upkeep]
|-heal|p2a: Ferrothorn|73/100|[from] item: Leftovers
|upkeep
|turn|6
|
|t:|1719173048
|switch|p1a: Tyranitar|Tyranitar, F|100/100
|-weather|Sandstorm|[from] ability: Sand Stream|[of] p1a: Tyranitar
|move|p2a: Ferrothorn|Stealth Rock|p1a: Tyranitar
|-sidestart|p1: tyranitar1977|move: Stealth Rock
|
|-weather|Sandstorm|[upkeep]
|-heal|p2a: Ferrothorn|79/100|[from] item: Leftovers
|upkeep
|turn|7
|
|t:|1719173055
|switch|p1a: Rotom|Rotom-Wash|84/100
|-damage|p1a: Rotom|72/100|[from] Stealth Rock
|switch|p2a: Tentacruel|Tentacruel, M|100/100
|-damage|p2a: Tentacruel|88/100|[from] Stealth Rock
|
|-weather|Sandstorm|[upkeep]
|-damage|p2a: Tentacruel|82/100|[from] Sandstorm
|-damage|p1a: Rotom|66/100|[from] Sandstorm
|-heal|p2a: Tentacruel|88/100|[from] item: Black Sludge
|-heal|p1a: Rotom|72/100|[from] item: Leftovers
|upkeep
|turn|8
|
|t:|1719173061
|move|p2a: Tentacruel|Toxic Spikes|p1a: Rotom
|-sidestart|p1: tyranitar1977|move: Toxic Spikes
|move|p1a: Rotom|Volt Switch|p2a: Tentacruel
|-supereffective|p2a: Tentacruel
|-damage|p2a: Tentacruel|35/100
|
|t:|1719173064
|switch|p1a: Jirachi|Jirachi|100/100|[from] Volt Switch
|-damage|p1a: Jirachi|94/100|[from] Stealth Rock
|
|-weather|Sandstorm|[upkeep]
|-damage|p2a: Tentacruel|29/100|[from] Sandstorm
|-heal|p2a: Tentacruel|35/100|[from] item: Black Sludge
|upkeep
|turn|9
|
|t:|1719173069
|switch|p2a: Ferrothorn|Ferrothorn, M|79/100
|-damage|p2a: Ferrothorn|73/100|[from] Stealth Rock
|move|p1a: Jirachi|Thunder|p2a: Ferrothorn|[miss]
|-miss|p1a: Jirachi|p2a: Ferrothorn
|
|-weather|Sandstorm|[upkeep]
|-heal|p2a: Ferrothorn|79/100|[from] item: Leftovers
|upkeep
|turn|10
|
|t:|1719173077
|move|p1a: Jirachi|Fire Punch|p2a: Ferrothorn
|-supereffective|p2a: Ferrothorn
|-damage|p2a: Ferrothorn|0 fnt
|-damage|p1a: Jirachi|82/100|[from] ability: Iron Barbs|[of] p2a: Ferrothorn
|faint|p2a: Ferrothorn
|
|-weather|Sandstorm|[upkeep]
|upkeep
|
|t:|1719173081
|switch|p2a: Politoed|Politoed, F|50/100
|-damage|p2a: Politoed|37/100|[from] Stealth Rock
|-weather|RainDance|[from] ability: Drizzle|[of] p2a: Politoed
|turn|11
|
|t:|1719173087
|switch|p2a: Latios|Latios, M|100/100
|-damage|p2a: Latios|88/100|[from] Stealth Rock
|move|p1a: Jirachi|Thunder|p2a: Latios
|-resisted|p2a: Latios
|-damage|p2a: Latios|74/100
|-status|p2a: Latios|par
|
|-weather|RainDance|[upkeep]
|upkeep
|turn|12
|c|☆BWRZylvani|gg
|-message|BWRZylvani forfeited.
|
|win|tyranitar1977
|raw|tyranitar1977's rating: 1336 &rarr; <strong>1361</strong><br />(+25 for winning)
|raw|BWRZylvani's rating: 1424 &rarr; <strong>1399</strong><br />(-25 for losing)
|l|☆BWRZylvani
|player|p2|
|c|☆tyranitar1977|gg
