|j|☆Candid pictures
|j|☆skin smoking
|player|p1|Candid pictures|50|1473
|player|p2|skin smoking|2|1378
|teamsize|p1|6
|teamsize|p2|6
|gametype|singles
|gen|5
|tier|[Gen 5] OU
|rated|
|rule|Sleep Clause Mod: Limit one foe put to sleep
|rule|Species Clause: Limit one of each Pokémon
|rule|OHKO Clause: OHKO moves are banned
|rule|Moody Clause: Moody is banned
|rule|Evasion Moves Clause: Evasion moves are banned
|rule|Endless Battle Clause: Forcing endless battles is banned
|rule|HP Percentage Mod: HP is shown in percentages
|rule|Evasion Abilities Clause: Evasion abilities are banned
|rule|Baton Pass Clause: Limit one Baton Passer, can't pass Spe and other stats simultaneously
|rule|Swagger Clause: Swagger is banned
|clearpoke
|poke|p1|Gengar, M|item
|poke|p1|Dragonite, M|item
|poke|p1|Alakazam, F|item
|poke|p1|Toxicroak, F|item
|poke|p1|Skarmory, F|item
|poke|p1|Scizor, M|item
|poke|p2|Skarmory, F|item
|poke|p2|Cloyster, M|item
|poke|p2|Gengar, M|item
|poke|p2|Dragonite, M|item
|poke|p2|Toxicroak, M|item
|poke|p2|Scizor, F|item
|teampreview
|inactive|Battle timer is ON: inactive players will automatically lose when time's up. (requested by Candid pictures)
|
|start
|switch|p1a: Skarmory|Skarmory, F|100/100
|switch|p2a: Skarmory|Skarmory, F|100/100
|turn|1
|c|☆Candid pictures|Really dude?
|
|switch|p2a: Dragonite|Dragonite, M|100/100
|move|p1a: Skarmory|Taunt|p2a: Dragonite
|-start|p2a: Dragonite|move: Taunt
|
|upkeep
|turn|2
|c|☆Candid pictures|Youre fucking gay
|
|move|p1a: Skarmory|Stealth Rock|p2a: Dragonite
|-sidestart|p2: skin smoking|move: Stealth Rock
|move|p2a: Dragonite|Fire Punch|p1a: Skarmory
|-supereffective|p1a: Skarmory
|-damage|p1a: Skarmory|44/100
|-status|p1a: Skarmory|brn
|
|-damage|p1a: Skarmory|32/100 brn|[from] brn
|upkeep
|turn|3
|
|move|p1a: Skarmory|Spikes|p2a: Dragonite
|-sidestart|p2: skin smoking|Spikes
|move|p2a: Dragonite|Fire Punch|p1a: Skarmory
|-supereffective|p1a: Skarmory
|-damage|p1a: Skarmory|0 fnt
|faint|p1a: Skarmory
|
|-end|p2a: Dragonite|move: Taunt
|upkeep
|
|switch|p1a: Alakazam|Alakazam, F|100/100
|turn|4
|
|move|p1a: Alakazam|Hidden Power|p2a: Dragonite
|-supereffective|p2a: Dragonite
|-damage|p2a: Dragonite|1/100
|move|p2a: Dragonite|Outrage|p1a: Alakazam
|-enditem|p1a: Alakazam|Focus Sash
|-damage|p1a: Alakazam|1/100
|
|upkeep
|turn|5
|
|move|p1a: Alakazam|Psychic|p2a: Dragonite
|-damage|p2a: Dragonite|0 fnt
|faint|p2a: Dragonite
|
|upkeep
|
|switch|p2a: Skarmory|Skarmory, F|100/100
|-damage|p2a: Skarmory|88/100|[from] Stealth Rock
|turn|6
|
|switch|p1a: Dragonite|Dragonite, M|100/100
|move|p2a: Skarmory|Stealth Rock|p1a: Dragonite
|-sidestart|p1: Candid pictures|move: Stealth Rock
|
|upkeep
|turn|7
|
|move|p2a: Skarmory|Taunt|p1a: Dragonite
|-start|p1a: Dragonite|move: Taunt
|move|p1a: Dragonite|Fire Punch|p2a: Skarmory
|-supereffective|p2a: Skarmory
|-crit|p2a: Skarmory
|-damage|p2a: Skarmory|0 fnt
|faint|p2a: Skarmory
|
|upkeep
|
|switch|p2a: Cloyster|Cloyster, M|100/100
|-damage|p2a: Cloyster|76/100|[from] Stealth Rock
|-damage|p2a: Cloyster|63/100|[from] Spikes
|turn|8
|inactive|Candid pictures has 120 seconds left.
|
|switch|p1a: Alakazam|Alakazam, F|1/100
|move|p2a: Cloyster|Icicle Spear|p1a: Alakazam
|-crit|p1a: Alakazam
|-damage|p1a: Alakazam|0 fnt
|-hitcount|p1a: Alakazam|1
|faint|p1a: Alakazam
|
|upkeep
|
|switch|p1a: Toxicroak|Toxicroak, F|100/100
|-damage|p1a: Toxicroak|94/100|[from] Stealth Rock
|turn|9
|
|switch|p2a: Gengar|Gengar, M|100/100
|-damage|p2a: Gengar|88/100|[from] Stealth Rock
|move|p1a: Toxicroak|Drain Punch|p2a: Gengar
|-immune|p2a: Gengar
|
|-heal|p2a: Gengar|94/100|[from] item: Black Sludge
|upkeep
|turn|10
|
|move|p2a: Gengar|Shadow Ball|p1a: Toxicroak
|-damage|p1a: Toxicroak|30/100
|move|p1a: Toxicroak|Ice Punch|p2a: Gengar
|-damage|p2a: Gengar|31/100
|-damage|p1a: Toxicroak|21/100|[from] item: Life Orb
|
|-heal|p2a: Gengar|37/100|[from] item: Black Sludge
|upkeep
|turn|11
|
|move|p2a: Gengar|Substitute|p2a: Gengar
|-start|p2a: Gengar|Substitute
|-damage|p2a: Gengar|12/100
|move|p1a: Toxicroak|Ice Punch|p2a: Gengar
|-end|p2a: Gengar|Substitute
|-damage|p1a: Toxicroak|11/100|[from] item: Life Orb
|
|-heal|p2a: Gengar|18/100|[from] item: Black Sludge
|upkeep
|turn|12
|
|switch|p2a: Cloyster|Cloyster, M|63/100
|-damage|p2a: Cloyster|51/100|[from] Spikes
|-damage|p2a: Cloyster|26/100|[from] Stealth Rock
|move|p1a: Toxicroak|Sucker Punch||[still]
|-fail|p1a: Toxicroak
|
|upkeep
|turn|13
|
|move|p1a: Toxicroak|Sucker Punch|p2a: Cloyster
|-damage|p2a: Cloyster|0 fnt
|-damage|p1a: Toxicroak|1/100|[from] item: Life Orb
|faint|p2a: Cloyster
|
|upkeep
|
|switch|p2a: Gengar|Gengar, M|18/100
|-damage|p2a: Gengar|6/100|[from] Stealth Rock
|turn|14
|
|move|p2a: Gengar|Shadow Ball|p1a: Toxicroak
|-damage|p1a: Toxicroak|0 fnt
|faint|p1a: Toxicroak
|
|-heal|p2a: Gengar|12/100|[from] item: Black Sludge
|upkeep
|
|switch|p1a: Scizor|Scizor, M|100/100
|-damage|p1a: Scizor|88/100|[from] Stealth Rock
|turn|15
|
|move|p1a: Scizor|Bullet Punch|p2a: Gengar
|-damage|p2a: Gengar|0 fnt
|faint|p2a: Gengar
|
|upkeep
|
|switch|p2a: Scizor|Scizor, F|100/100
|-damage|p2a: Scizor|88/100|[from] Spikes
|-damage|p2a: Scizor|76/100|[from] Stealth Rock
|turn|16
|
|move|p2a: Scizor|Swords Dance|p2a: Scizor
|-boost|p2a: Scizor|atk|2
|move|p1a: Scizor|Swords Dance|p1a: Scizor
|-boost|p1a: Scizor|atk|2
|
|upkeep
|turn|17
|
|move|p1a: Scizor|Bullet Punch|p2a: Scizor
|-resisted|p2a: Scizor
|-damage|p2a: Scizor|23/100
|move|p2a: Scizor|Acrobatics|p1a: Scizor
|-enditem|p2a: Scizor|Flying Gem|[from] gem|[move] Acrobatics
|-damage|p1a: Scizor|0 fnt
|faint|p1a: Scizor
|
|upkeep
|inactive|Candid pictures has 120 seconds left.
|c|☆Candid pictures|Youre a fucking queer
|
|switch|p1a: Dragonite|Dragonite, M|100/100
|-damage|p1a: Dragonite|76/100|[from] Stealth Rock
|turn|18
|inactive|Candid pictures has 120 seconds left.
|inactive|Candid pictures has 90 seconds left.
|inactive|skin smoking has 120 seconds left.
|
|move|p1a: Dragonite|Dragon Dance|p1a: Dragonite
|-boost|p1a: Dragonite|atk|1
|-boost|p1a: Dragonite|spe|1
|move|p2a: Scizor|Acrobatics|p1a: Dragonite
|-damage|p1a: Dragonite|0 fnt
|faint|p1a: Dragonite
|
|upkeep
|
|switch|p1a: Gengar|Gengar, M|100/100
|-damage|p1a: Gengar|88/100|[from] Stealth Rock
|turn|19
|
|move|p2a: Scizor|Bullet Punch|p1a: Gengar
|-damage|p1a: Gengar|0 fnt
|faint|p1a: Gengar
|
|win|skin smoking
|raw|Candid pictures's rating: 1473 &rarr; <strong>1447</strong><br />(-26 for losing)
|raw|skin smoking's rating: 1378 &rarr; <strong>1403</strong><br />(+25 for winning)
|n|‽Candid pictures|candidpictures
