|j|☆Charliezard7
|j|☆MightyLemm
|t:|1707119906
|gametype|singles
|player|p1|Charliezard7|rosa|1404
|player|p2|MightyLemm|dawn|1412
|teamsize|p1|6
|teamsize|p2|6
|gen|5
|tier|[Gen 5] OU
|rated|
|rule|Species Clause: Limit one of each Pokémon
|rule|OHKO Clause: OHKO moves are banned
|rule|Moody Clause: Moody is banned
|rule|Evasion Items Clause: Evasion items are banned
|rule|Evasion Moves Clause: Evasion moves are banned
|rule|Endless Battle Clause: Forcing endless battles is banned
|rule|HP Percentage Mod: HP is shown in percentages
|rule|Evasion Abilities Clause: Evasion abilities are banned
|rule|Sleep Moves Clause: Sleep-inducing moves are banned
|rule|Swagger Clause: Swagger is banned
|rule|Baton Pass Stat Clause: No Baton Passer may have a way to boost its stats
|clearpoke
|poke|p1|Dragonite, F|item
|poke|p1|Xatu, M|item
|poke|p1|Skarmory, M|item
|poke|p1|Gyarados, F|item
|poke|p1|Thundurus-Therian, M|item
|poke|p1|Honchkrow, F|item
|poke|p2|Latios, M|item
|poke|p2|Politoed, F|item
|poke|p2|Vaporeon, F|item
|poke|p2|Ferrothorn, M|item
|poke|p2|Jirachi|item
|poke|p2|Keldeo|item
|teampreview
|inactive|Battle timer is ON: inactive players will automatically lose when time's up. (requested by MightyLemm)
|inactive|Charliezard7 also wants the timer to be on.
|
|t:|1707119925
|start
|switch|p1a: Thundurus|Thundurus-Therian, M|100/100
|switch|p2a: Ferrothorn|Ferrothorn, M|100/100
|turn|1
|
|t:|1707119927
|move|p1a: Thundurus|Focus Blast|p2a: Ferrothorn
|-supereffective|p2a: Ferrothorn
|-damage|p2a: Ferrothorn|0 fnt
|faint|p2a: Ferrothorn
|
|upkeep
|
|t:|1707119935
|switch|p2a: Latios|Latios, M|100/100
|turn|2
|
|t:|1707119939
|switch|p1a: Skarmory|Skarmory, M|100/100
|move|p2a: Latios|Thunder|p1a: Skarmory
|-supereffective|p1a: Skarmory
|-damage|p1a: Skarmory|29/100
|
|-heal|p1a: Skarmory|35/100|[from] item: Leftovers
|upkeep
|turn|3
|
|t:|1707119947
|switch|p2a: Politoed|Politoed, F|100/100
|-weather|RainDance|[from] ability: Drizzle|[of] p2a: Politoed
|move|p1a: Skarmory|Roost|p1a: Skarmory
|-heal|p1a: Skarmory|85/100
|-singleturn|p1a: Skarmory|move: Roost
|
|-weather|RainDance|[upkeep]
|-heal|p1a: Skarmory|91/100|[from] item: Leftovers
|upkeep
|turn|4
|
|t:|1707119965
|move|p1a: Skarmory|Spikes|p2a: Politoed
|-sidestart|p2: MightyLemm|Spikes
|move|p2a: Politoed|Scald|p1a: Skarmory
|-damage|p1a: Skarmory|20/100
|
|-weather|RainDance|[upkeep]
|-heal|p1a: Skarmory|26/100|[from] item: Leftovers
|upkeep
|turn|5
|
|t:|1707119976
|move|p1a: Skarmory|Spikes|p2a: Politoed
|-sidestart|p2: MightyLemm|Spikes
|move|p2a: Politoed|Scald|p1a: Skarmory
|-damage|p1a: Skarmory|0 fnt
|faint|p1a: Skarmory
|
|-weather|RainDance|[upkeep]
|upkeep
|
|t:|1707119990
|switch|p1a: Thundurus|Thundurus-Therian, M|100/100
|turn|6
|
|t:|1707119996
|move|p1a: Thundurus|Volt Switch|p2a: Politoed
|-supereffective|p2a: Politoed
|-damage|p2a: Politoed|0 fnt
|faint|p2a: Politoed
|
|t:|1707120003
|switch|p1a: Xatu|Xatu, M|100/100|[from] Volt Switch
|
|-weather|RainDance|[upkeep]
|upkeep
|c|☆MightyLemm|when xatu said "noot noot", I really felt that.
|c|☆Charliezard7|lmao
|
|t:|1707120028
|switch|p2a: Keldeo|Keldeo|100/100
|-damage|p2a: Keldeo|84/100|[from] Spikes
|turn|7
|
|t:|1707120036
|move|p2a: Keldeo|Scald|p1a: Xatu
|-damage|p1a: Xatu|3/100
|-status|p1a: Xatu|brn
|move|p1a: Xatu|U-turn|p2a: Keldeo
|-resisted|p2a: Keldeo
|-damage|p2a: Keldeo|80/100
|
|t:|1707120057
|switch|p1a: Dragonite|Dragonite, F, shiny|100/100|[from] U-turn
|
|-weather|RainDance|[upkeep]
|upkeep
|turn|8
|
|t:|1707120061
|move|p2a: Keldeo|Scald|p1a: Dragonite
|-resisted|p1a: Dragonite
|-damage|p1a: Dragonite|78/100
|-status|p1a: Dragonite|brn
|-enditem|p1a: Dragonite|Lum Berry|[eat]
|-curestatus|p1a: Dragonite|brn|[msg]
|move|p1a: Dragonite|Dragon Dance|p1a: Dragonite
|-boost|p1a: Dragonite|atk|1
|-boost|p1a: Dragonite|spe|1
|
|-weather|RainDance|[upkeep]
|upkeep
|turn|9
|
|t:|1707120071
|move|p1a: Dragonite|Outrage|p2a: Keldeo
|-damage|p2a: Keldeo|0 fnt
|faint|p2a: Keldeo
|
|-weather|RainDance|[upkeep]
|upkeep
|
|t:|1707120073
|switch|p2a: Latios|Latios, M|100/100
|turn|10
|
|t:|1707120076
|move|p2a: Latios|Dragon Pulse|p1a: Dragonite
|-supereffective|p1a: Dragonite
|-damage|p1a: Dragonite|0 fnt
|faint|p1a: Dragonite
|
|-weather|RainDance|[upkeep]
|upkeep
|
|t:|1707120089
|switch|p1a: Honchkrow|Honchkrow, F|100/100
|turn|11
|
|t:|1707120091
|switch|p2a: Vaporeon|Vaporeon, F|100/100
|-damage|p2a: Vaporeon|84/100|[from] Spikes
|move|p1a: Honchkrow|Sucker Punch||[still]
|-fail|p1a: Honchkrow
|
|-weather|RainDance|[upkeep]
|-heal|p2a: Vaporeon|90/100|[from] item: Leftovers
|upkeep
|turn|12
|c|☆MightyLemm|sneaky
|
|t:|1707120101
|switch|p1a: Xatu|Xatu, M|3/100 brn
|move|p2a: Vaporeon|Scald|p1a: Xatu
|-damage|p1a: Xatu|0 fnt
|faint|p1a: Xatu
|
|-weather|RainDance|[upkeep]
|-heal|p2a: Vaporeon|96/100|[from] item: Leftovers
|upkeep
|
|t:|1707120108
|switch|p1a: Thundurus|Thundurus-Therian, M|100/100
|turn|13
|
|t:|1707120116
|move|p1a: Thundurus|Volt Switch|p2a: Vaporeon
|-supereffective|p2a: Vaporeon
|-damage|p2a: Vaporeon|11/100
|
|t:|1707120120
|switch|p1a: Gyarados|Gyarados, F|100/100|[from] Volt Switch
|move|p2a: Vaporeon|Scald|p1a: Gyarados
|-resisted|p1a: Gyarados
|-damage|p1a: Gyarados|80/100
|
|-weather|RainDance|[upkeep]
|-heal|p2a: Vaporeon|17/100|[from] item: Leftovers
|upkeep
|turn|14
|
|t:|1707120126
|move|p1a: Gyarados|Substitute|p1a: Gyarados
|-start|p1a: Gyarados|Substitute
|-damage|p1a: Gyarados|55/100
|move|p2a: Vaporeon|Rest|p2a: Vaporeon
|-status|p2a: Vaporeon|slp|[from] move: Rest
|-heal|p2a: Vaporeon|100/100 slp|[silent]
|
|-weather|RainDance|[upkeep]
|-activate|p2a: Vaporeon|ability: Hydration
|-curestatus|p2a: Vaporeon|slp|[msg]
|upkeep
|turn|15
|
|t:|1707120131
|move|p1a: Gyarados|Dragon Dance|p1a: Gyarados
|-boost|p1a: Gyarados|atk|1
|-boost|p1a: Gyarados|spe|1
|move|p2a: Vaporeon|Acid Armor|p2a: Vaporeon
|-boost|p2a: Vaporeon|def|2
|
|-weather|RainDance|[upkeep]
|upkeep
|turn|16
|
|t:|1707120135
|move|p1a: Gyarados|Dragon Dance|p1a: Gyarados
|-boost|p1a: Gyarados|atk|1
|-boost|p1a: Gyarados|spe|1
|move|p2a: Vaporeon|Scald|p1a: Gyarados
|-resisted|p1a: Gyarados
|-activate|p1a: Gyarados|Substitute|[damage]
|
|-weather|RainDance|[upkeep]
|upkeep
|turn|17
|
|t:|1707120150
|move|p1a: Gyarados|Waterfall|p2a: Vaporeon
|-resisted|p2a: Vaporeon
|-damage|p2a: Vaporeon|71/100
|cant|p2a: Vaporeon|flinch
|
|-weather|RainDance|[upkeep]
|-heal|p2a: Vaporeon|77/100|[from] item: Leftovers
|upkeep
|turn|18
|
|t:|1707120155
|move|p1a: Gyarados|Waterfall|p2a: Vaporeon
|-resisted|p2a: Vaporeon
|-damage|p2a: Vaporeon|41/100
|move|p2a: Vaporeon|Acid Armor|p2a: Vaporeon
|-boost|p2a: Vaporeon|def|2
|
|-weather|RainDance|[upkeep]
|-heal|p2a: Vaporeon|48/100|[from] item: Leftovers
|upkeep
|turn|19
|
|t:|1707120160
|move|p1a: Gyarados|Waterfall|p2a: Vaporeon
|-resisted|p2a: Vaporeon
|-damage|p2a: Vaporeon|23/100
|move|p2a: Vaporeon|Rest|p2a: Vaporeon
|-status|p2a: Vaporeon|slp|[from] move: Rest
|-heal|p2a: Vaporeon|100/100 slp|[silent]
|
|-weather|RainDance|[upkeep]
|-activate|p2a: Vaporeon|ability: Hydration
|-curestatus|p2a: Vaporeon|slp|[msg]
|upkeep
|turn|20
|
|t:|1707120165
|move|p1a: Gyarados|Waterfall|p2a: Vaporeon
|-resisted|p2a: Vaporeon
|-damage|p2a: Vaporeon|70/100
|move|p2a: Vaporeon|Acid Armor|p2a: Vaporeon
|-boost|p2a: Vaporeon|def|2
|
|-weather|RainDance|[upkeep]
|-heal|p2a: Vaporeon|76/100|[from] item: Leftovers
|upkeep
|turn|21
|
|t:|1707120169
|move|p1a: Gyarados|Waterfall|p2a: Vaporeon
|-resisted|p2a: Vaporeon
|-damage|p2a: Vaporeon|51/100
|move|p2a: Vaporeon|Rest|p2a: Vaporeon
|-status|p2a: Vaporeon|slp|[from] move: Rest
|-heal|p2a: Vaporeon|100/100 slp|[silent]
|
|-weather|RainDance|[upkeep]
|-activate|p2a: Vaporeon|ability: Hydration
|-curestatus|p2a: Vaporeon|slp|[msg]
|upkeep
|turn|22
|
|t:|1707120179
|move|p1a: Gyarados|Waterfall|p2a: Vaporeon
|-resisted|p2a: Vaporeon
|-damage|p2a: Vaporeon|74/100
|move|p2a: Vaporeon|Scald|p1a: Gyarados
|-resisted|p1a: Gyarados
|-end|p1a: Gyarados|Substitute
|
|-weather|RainDance|[upkeep]
|-heal|p2a: Vaporeon|80/100|[from] item: Leftovers
|upkeep
|turn|23
|c|☆MightyLemm|me on my way back from the "absolutely never get crit factory":
|
|t:|1707120188
|move|p1a: Gyarados|Substitute|p1a: Gyarados
|-start|p1a: Gyarados|Substitute
|-damage|p1a: Gyarados|30/100
|move|p2a: Vaporeon|Scald|p1a: Gyarados
|-resisted|p1a: Gyarados
|-activate|p1a: Gyarados|Substitute|[damage]
|
|-weather|RainDance|[upkeep]
|-heal|p2a: Vaporeon|86/100|[from] item: Leftovers
|upkeep
|turn|24
|
|t:|1707120195
|move|p1a: Gyarados|Waterfall|p2a: Vaporeon
|-resisted|p2a: Vaporeon
|-damage|p2a: Vaporeon|73/100
|move|p2a: Vaporeon|Scald|p1a: Gyarados
|-resisted|p1a: Gyarados
|-end|p1a: Gyarados|Substitute
|
|-weather|RainDance|[upkeep]
|-heal|p2a: Vaporeon|79/100|[from] item: Leftovers
|upkeep
|turn|25
|
|t:|1707120209
|move|p1a: Gyarados|Waterfall|p2a: Vaporeon
|-resisted|p2a: Vaporeon
|-damage|p2a: Vaporeon|64/100
|move|p2a: Vaporeon|Rest|p2a: Vaporeon
|-status|p2a: Vaporeon|slp|[from] move: Rest
|-heal|p2a: Vaporeon|100/100 slp|[silent]
|
|-weather|RainDance|[upkeep]
|-activate|p2a: Vaporeon|ability: Hydration
|-curestatus|p2a: Vaporeon|slp|[msg]
|upkeep
|turn|26
|
|t:|1707120215
|move|p1a: Gyarados|Waterfall|p2a: Vaporeon
|-resisted|p2a: Vaporeon
|-damage|p2a: Vaporeon|82/100
|move|p2a: Vaporeon|Scald|p1a: Gyarados
|-resisted|p1a: Gyarados
|-damage|p1a: Gyarados|8/100
|
|-weather|RainDance|[upkeep]
|-heal|p2a: Vaporeon|88/100|[from] item: Leftovers
|upkeep
|turn|27
|
|t:|1707120225
|move|p1a: Gyarados|Waterfall|p2a: Vaporeon
|-resisted|p2a: Vaporeon
|-damage|p2a: Vaporeon|65/100
|move|p2a: Vaporeon|Rest|p2a: Vaporeon
|-status|p2a: Vaporeon|slp|[from] move: Rest
|-heal|p2a: Vaporeon|100/100 slp|[silent]
|
|-weather|RainDance|[upkeep]
|-activate|p2a: Vaporeon|ability: Hydration
|-curestatus|p2a: Vaporeon|slp|[msg]
|upkeep
|turn|28
|
|t:|1707120229
|move|p1a: Gyarados|Waterfall|p2a: Vaporeon
|-resisted|p2a: Vaporeon
|-damage|p2a: Vaporeon|75/100
|move|p2a: Vaporeon|Scald|p1a: Gyarados
|-resisted|p1a: Gyarados
|-damage|p1a: Gyarados|0 fnt
|faint|p1a: Gyarados
|
|-weather|RainDance|[upkeep]
|-heal|p2a: Vaporeon|81/100|[from] item: Leftovers
|upkeep
|
|t:|1707120232
|switch|p1a: Thundurus|Thundurus-Therian, M|100/100
|turn|29
|c|☆MightyLemm|maybe I should run rocky helmet tbh
|
|t:|1707120245
|move|p1a: Thundurus|Volt Switch|p2a: Vaporeon
|-supereffective|p2a: Vaporeon
|-damage|p2a: Vaporeon|0 fnt
|faint|p2a: Vaporeon
|
|t:|1707120247
|switch|p1a: Honchkrow|Honchkrow, F|100/100|[from] Volt Switch
|
|-weather|RainDance|[upkeep]
|upkeep
|
|t:|1707120252
|switch|p2a: Jirachi|Jirachi|100/100
|-damage|p2a: Jirachi|84/100|[from] Spikes
|turn|30
|
|t:|1707120257
|switch|p1a: Thundurus|Thundurus-Therian, M|100/100
|move|p2a: Jirachi|Wish|p2a: Jirachi
|
|-weather|RainDance|[upkeep]
|-heal|p2a: Jirachi|90/100|[from] item: Leftovers
|upkeep
|turn|31
|
|t:|1707120265
|move|p1a: Thundurus|Thunderbolt|p2a: Jirachi
|-damage|p2a: Jirachi|19/100
|move|p2a: Jirachi|Water Pulse|p1a: Thundurus
|-damage|p1a: Thundurus|63/100
|
|-weather|RainDance|[upkeep]
|-heal|p2a: Jirachi|69/100|[from] move: Wish|[wisher] Jirachi
|-heal|p2a: Jirachi|75/100|[from] item: Leftovers
|upkeep
|turn|32
|
|t:|1707120270
|move|p1a: Thundurus|Thunderbolt|p2a: Jirachi
|-damage|p2a: Jirachi|7/100
|move|p2a: Jirachi|Wish|p2a: Jirachi
|
|-weather|RainDance|[upkeep]
|-heal|p2a: Jirachi|13/100|[from] item: Leftovers
|upkeep
|turn|33
|
|t:|1707120274
|switch|p2a: Latios|Latios, M|100/100
|move|p1a: Thundurus|Thunderbolt|p2a: Latios
|-resisted|p2a: Latios
|-damage|p2a: Latios|51/100
|
|-weather|RainDance|[upkeep]
|-heal|p2a: Latios|100/100|[from] move: Wish|[wisher] Jirachi
|upkeep
|turn|34
|
|t:|1707120278
|move|p2a: Latios|Dragon Pulse|p1a: Thundurus
|-damage|p1a: Thundurus|7/100
|move|p1a: Thundurus|Thunderbolt|p2a: Latios
|-resisted|p2a: Latios
|-damage|p2a: Latios|56/100
|
|-weather|RainDance|[upkeep]
|upkeep
|turn|35
|
|t:|1707120280
|move|p2a: Latios|Dragon Pulse|p1a: Thundurus
|-damage|p1a: Thundurus|0 fnt
|faint|p1a: Thundurus
|
|-weather|RainDance|[upkeep]
|upkeep
|
|t:|1707120282
|switch|p1a: Honchkrow|Honchkrow, F|100/100
|turn|36
|
|t:|1707120285
|switch|p2a: Jirachi|Jirachi|13/100
|-damage|p2a: Jirachi|0 fnt|[from] Spikes
|faint|p2a: Jirachi
|move|p1a: Honchkrow|Night Slash|p2: Jirachi|[notarget]
|-fail|p1a: Honchkrow
|
|-weather|RainDance|[upkeep]
|upkeep
|
|t:|1707120287
|switch|p2a: Latios|Latios, M|56/100
|turn|37
|c|☆MightyLemm|ggwp
|
|t:|1707120289
|move|p1a: Honchkrow|Sucker Punch|p2a: Latios
|-supereffective|p2a: Latios
|-crit|p2a: Latios
|-damage|p2a: Latios|0 fnt
|faint|p2a: Latios
|
|win|Charliezard7
|raw|Charliezard7's rating: 1404 &rarr; <strong>1424</strong><br />(+20 for winning)
|raw|MightyLemm's rating: 1412 &rarr; <strong>1392</strong><br />(-20 for losing)
|c|☆Charliezard7|gg
|l|☆MightyLemm
|player|p2|
