|j|☆Rain Deathless
|j|☆TRE 26
|t:|1598228724
|player|p1|Rain Deathless|acetrainer-gen4dp|1384
|player|p2|TRE 26|n|1392
|teamsize|p1|6
|teamsize|p2|6
|gametype|singles
|gen|5
|tier|[Gen 5] OU
|rated|
|clearpoke
|poke|p1|Politoed, M|item
|poke|p1|Jirachi|item
|poke|p1|Excadrill, F|item
|poke|p1|Keldeo-Resolute|item
|poke|p1|Starmie|item
|poke|p1|Dragonite, M|item
|poke|p2|Ninetales, M|item
|poke|p2|Volcarona, F|item
|poke|p2|Cresselia, F|item
|poke|p2|Chansey, F|item
|poke|p2|Gliscor, M|item
|poke|p2|Tentacruel, F|item
|rule|Species Clause: Limit one of each Pokémon
|rule|OHKO Clause: OHKO moves are banned
|rule|Moody Clause: Moody is banned
|rule|Evasion Moves Clause: Evasion moves are banned
|rule|Endless Battle Clause: Forcing endless battles is banned
|rule|HP Percentage Mod: HP is shown in percentages
|rule|Evasion Abilities Clause: Evasion abilities are banned
|rule|Baton Pass Clause: Limit one Baton Passer, can't pass Spe and other stats simultaneously
|rule|Sleep Clause: Sleep-inducing moves are banned
|rule|Swagger Clause: Swagger is banned
|teampreview
|c|☆Rain Deathless|fuck me
|c|☆Rain Deathless|i said one more game
|c|☆Rain Deathless|and its sun stall
|c|☆Rain Deathless|oof
|c|☆Rain Deathless|sec
|inactive|Battle timer is ON: inactive players will automatically lose when time's up. (requested by TRE 26)
|c|☆Rain Deathless|kk
|c|☆Rain Deathless|thinking
|
|t:|1598228822
|start
|switch|p1a: Digbeth|Excadrill, F, shiny|100/100
|switch|p2a: Cresselia|Cresselia, F|100/100
|-ability|p1a: Digbeth|Mold Breaker
|-item|p1a: Digbeth|Air Balloon
|turn|1
|
|t:|1598228829
|move|p1a: Digbeth|Stealth Rock|p2a: Cresselia
|-sidestart|p2: TRE 26|move: Stealth Rock
|move|p2a: Cresselia|Ice Beam|p1a: Digbeth
|-damage|p1a: Digbeth|78/100
|-status|p1a: Digbeth|frz
|-enditem|p1a: Digbeth|Air Balloon
|
|upkeep
|turn|2
|c|☆TRE 26|xd
|c|☆Rain Deathless|honestly
|c|☆Rain Deathless|in my last 5 games
|c|☆Rain Deathless|ive been frozen 4 times
|c|☆Rain Deathless|2 in 1 game
|c|☆Rain Deathless|at the same time
|c|☆Rain Deathless|so
|inactive|Rain Deathless has 120 seconds left.
|inactive|TRE 26 has 120 seconds left.
|c|☆Rain Deathless|fuck my ranking
|
|t:|1598228868
|switch|p2a: Gliscor|Gliscor, M|100/100
|-damage|p2a: Gliscor|88/100|[from] Stealth Rock
|cant|p1a: Digbeth|frz
|
|-status|p2a: Gliscor|tox|[from] item: Toxic Orb
|upkeep
|turn|3
|inactive|Rain Deathless has 120 seconds left.
|inactive|TRE 26 has 120 seconds left.
|
|t:|1598228877
|switch|p1a: Prince|Politoed, M, shiny|100/100
|-weather|RainDance|[from] ability: Drizzle|[of] p1a: Prince
|move|p2a: Gliscor|Substitute|p2a: Gliscor
|-start|p2a: Gliscor|Substitute
|-damage|p2a: Gliscor|63/100 tox
|
|-weather|RainDance|[upkeep]
|-heal|p2a: Gliscor|75/100 tox|[from] ability: Poison Heal
|upkeep
|turn|4
|inactive|TRE 26 has 120 seconds left.
|
|t:|1598228887
|move|p2a: Gliscor|Baton Pass|p2a: Gliscor
|
|t:|1598228891
|switch|p2a: Tentacruel|Tentacruel, F|100/100|[from]move: Baton Pass
|-damage|p2a: Tentacruel|88/100|[from] Stealth Rock
|move|p1a: Prince|Encore||[still]
|-fail|p1a: Prince
|
|-weather|RainDance|[upkeep]
|-heal|p2a: Tentacruel|94/100|[from] ability: Rain Dish
|-heal|p2a: Tentacruel|99/100|[from] item: Black Sludge
|upkeep
|turn|5
|j| skodhfsoaifjsao
|
|t:|1598228902
|move|p2a: Tentacruel|Scald|p1a: Prince
|-resisted|p1a: Prince
|-damage|p1a: Prince|87/100
|move|p1a: Prince|Encore|p2a: Tentacruel
|-start|p2a: Tentacruel|Encore
|
|-weather|RainDance|[upkeep]
|-heal|p2a: Tentacruel|100/100|[from] ability: Rain Dish
|-heal|p1a: Prince|93/100|[from] item: Leftovers
|upkeep
|turn|6
|
|t:|1598228918
|move|p2a: Tentacruel|Scald|p1a: Prince
|-resisted|p1a: Prince
|-damage|p1a: Prince|80/100
|-status|p1a: Prince|brn
|move|p1a: Prince|Scald|p2a: Tentacruel
|-resisted|p2a: Tentacruel
|-activate|p2a: Tentacruel|Substitute|[damage]
|
|-weather|RainDance|[upkeep]
|-heal|p1a: Prince|87/100 brn|[from] item: Leftovers
|-damage|p1a: Prince|74/100 brn|[from] brn
|upkeep
|turn|7
|c|☆Rain Deathless|such a shit position for me lol
|
|t:|1598228935
|move|p2a: Tentacruel|Scald|p1a: Prince
|-resisted|p1a: Prince
|-damage|p1a: Prince|62/100 brn
|move|p1a: Prince|Scald|p2a: Tentacruel
|-resisted|p2a: Tentacruel
|-crit|p2a: Tentacruel
|-end|p2a: Tentacruel|Substitute
|
|-weather|RainDance|[upkeep]
|-heal|p1a: Prince|69/100 brn|[from] item: Leftovers
|-damage|p1a: Prince|56/100 brn|[from] brn
|upkeep
|turn|8
|
|t:|1598228946
|switch|p2a: Chansey|Chansey, F|100/100
|-damage|p2a: Chansey|88/100|[from] Stealth Rock
|move|p1a: Prince|Scald|p2a: Chansey
|-damage|p2a: Chansey|75/100
|
|-weather|RainDance|[upkeep]
|-heal|p1a: Prince|62/100 brn|[from] item: Leftovers
|-damage|p1a: Prince|50/100 brn|[from] brn
|upkeep
|turn|9
|c|☆Rain Deathless|no burn
|l| skodhfsoaifjsao
|c|☆Rain Deathless|:/
|
|t:|1598228962
|switch|p1a: Digbeth|Excadrill, F, shiny|78/100 frz
|-ability|p1a: Digbeth|Mold Breaker
|move|p2a: Chansey|Stealth Rock|p1a: Digbeth
|-sidestart|p1: Rain Deathless|move: Stealth Rock
|
|-weather|RainDance|[upkeep]
|upkeep
|turn|10
|
|t:|1598228968
|switch|p2a: Cresselia|Cresselia, F|100/100
|-damage|p2a: Cresselia|88/100|[from] Stealth Rock
|cant|p1a: Digbeth|frz
|
|-weather|RainDance|[upkeep]
|-heal|p2a: Cresselia|94/100|[from] item: Leftovers
|upkeep
|turn|11
|
|t:|1598228977
|cant|p1a: Digbeth|frz
|move|p2a: Cresselia|Thunder Wave|p1a: Digbeth
|-immune|p1a: Digbeth
|
|-weather|RainDance|[upkeep]
|-heal|p2a: Cresselia|99/100|[from] item: Leftovers
|upkeep
|turn|12
|
|t:|1598228988
|move|p2a: Cresselia|Magic Coat|p2a: Cresselia
|-singleturn|p2a: Cresselia|move: Magic Coat
|cant|p1a: Digbeth|frz
|
|-weather|RainDance|[upkeep]
|-heal|p2a: Cresselia|100/100|[from] item: Leftovers
|upkeep
|turn|13
|c|☆Rain Deathless|sad
|
|t:|1598229004
|switch|p2a: Gliscor|Gliscor, M|75/100 tox
|-damage|p2a: Gliscor|63/100 tox|[from] Stealth Rock
|cant|p1a: Digbeth|frz
|
|-weather|RainDance|[upkeep]
|-heal|p2a: Gliscor|75/100 tox|[from] ability: Poison Heal
|upkeep
|turn|14
|c|☆Rain Deathless|freeze ruins me
|c|☆Rain Deathless|like wtf
|
|t:|1598229014
|cant|p1a: Digbeth|frz
|move|p2a: Gliscor|Substitute|p2a: Gliscor
|-start|p2a: Gliscor|Substitute
|-damage|p2a: Gliscor|50/100 tox
|
|-weather|RainDance|[upkeep]
|-heal|p2a: Gliscor|63/100 tox|[from] ability: Poison Heal
|upkeep
|turn|15
|c|☆Rain Deathless|bruh
|c|☆TRE 26|xd
|
|t:|1598229024
|cant|p1a: Digbeth|frz
|move|p2a: Gliscor|Roost|p2a: Gliscor
|-heal|p2a: Gliscor|100/100 tox
|-singleturn|p2a: Gliscor|move: Roost
|
|-weather|RainDance|[upkeep]
|upkeep
|turn|16
|c|☆Rain Deathless|i obv have no skill
|c|☆Rain Deathless|in this game
|
|t:|1598229037
|cant|p1a: Digbeth|frz
|move|p2a: Gliscor|Baton Pass|p2a: Gliscor
|
|t:|1598229046
|switch|p2a: Tentacruel|Tentacruel, F|100/100|[from]move: Baton Pass
|-damage|p2a: Tentacruel|88/100|[from] Stealth Rock
|
|-weather|RainDance|[upkeep]
|-heal|p2a: Tentacruel|94/100|[from] ability: Rain Dish
|-heal|p2a: Tentacruel|99/100|[from] item: Black Sludge
|upkeep
|turn|17
|
|t:|1598229059
|-curestatus|p1a: Digbeth|frz|[msg]
|move|p1a: Digbeth|Earthquake|p2a: Tentacruel
|-supereffective|p2a: Tentacruel
|-end|p2a: Tentacruel|Substitute
|move|p2a: Tentacruel|Rapid Spin|p1a: Digbeth
|-resisted|p1a: Digbeth
|-damage|p1a: Digbeth|76/100
|-sideend|p2: TRE 26|Stealth Rock|[from] move: Rapid Spin|[of] p2a: Tentacruel
|
|-weather|RainDance|[upkeep]
|-heal|p2a: Tentacruel|100/100|[from] ability: Rain Dish
|upkeep
|turn|18
|c|☆Rain Deathless|fuck this game
|
|t:|1598229070
|move|p1a: Digbeth|Earthquake|p2a: Tentacruel
|-supereffective|p2a: Tentacruel
|-damage|p2a: Tentacruel|0 fnt
|faint|p2a: Tentacruel
|
|-weather|RainDance|[upkeep]
|upkeep
|c|☆TRE 26|sad
|c|☆Rain Deathless|i agree
|
|t:|1598229083
|switch|p2a: Gliscor|Gliscor, M|100/100 tox
|turn|19
|
|t:|1598229102
|move|p1a: Digbeth|Stealth Rock|p2a: Gliscor
|-sidestart|p2: TRE 26|move: Stealth Rock
|move|p2a: Gliscor|Substitute|p2a: Gliscor
|-start|p2a: Gliscor|Substitute
|-damage|p2a: Gliscor|75/100 tox
|
|-weather|RainDance|[upkeep]
|-heal|p2a: Gliscor|88/100 tox|[from] ability: Poison Heal
|upkeep
|turn|20
|
|t:|1598229110
|move|p1a: Digbeth|Iron Head|p2a: Gliscor
|-end|p2a: Gliscor|Substitute
|move|p2a: Gliscor|Earthquake|p1a: Digbeth
|-supereffective|p1a: Digbeth
|-damage|p1a: Digbeth|0 fnt
|faint|p1a: Digbeth
|
|-weather|RainDance|[upkeep]
|-heal|p2a: Gliscor|100/100 tox|[from] ability: Poison Heal
|upkeep
|
|t:|1598229124
|switch|p1a: Azure|Starmie, shiny|100/100
|-damage|p1a: Azure|88/100|[from] Stealth Rock
|turn|21
|
|t:|1598229132
|switch|p1a: Rachi|Jirachi|100/100
|-damage|p1a: Rachi|94/100|[from] Stealth Rock
|switch|p2a: Chansey|Chansey, F|75/100
|-damage|p2a: Chansey|63/100|[from] Stealth Rock
|
|-weather|RainDance|[upkeep]
|-heal|p1a: Rachi|100/100|[from] item: Leftovers
|upkeep
|turn|22
|
|t:|1598229142
|switch|p2a: Ninetales|Ninetales, M|100/100
|-damage|p2a: Ninetales|76/100|[from] Stealth Rock
|-weather|SunnyDay|[from] ability: Drought|[of] p2a: Ninetales
|move|p1a: Rachi|Substitute|p1a: Rachi
|-start|p1a: Rachi|Substitute
|-damage|p1a: Rachi|75/100
|
|-weather|SunnyDay|[upkeep]
|-heal|p1a: Rachi|82/100|[from] item: Leftovers
|-heal|p2a: Ninetales|82/100|[from] item: Leftovers
|upkeep
|turn|23
|
|t:|1598229154
|move|p1a: Rachi|Flash Cannon|p2a: Ninetales
|-resisted|p2a: Ninetales
|-damage|p2a: Ninetales|69/100
|-unboost|p2a: Ninetales|spd|1
|move|p2a: Ninetales|Flamethrower|p1a: Rachi
|-supereffective|p1a: Rachi
|-end|p1a: Rachi|Substitute
|
|-weather|SunnyDay|[upkeep]
|-heal|p1a: Rachi|88/100|[from] item: Leftovers
|-heal|p2a: Ninetales|75/100|[from] item: Leftovers
|upkeep
|turn|24
|
|t:|1598229164
|switch|p1a: Prince|Politoed, M, shiny|50/100 brn
|-damage|p1a: Prince|37/100 brn|[from] Stealth Rock
|-weather|RainDance|[from] ability: Drizzle|[of] p1a: Prince
|move|p2a: Ninetales|Flamethrower|p1a: Prince
|-resisted|p1a: Prince
|-damage|p1a: Prince|32/100 brn
|
|-weather|RainDance|[upkeep]
|-heal|p2a: Ninetales|81/100|[from] item: Leftovers
|-heal|p1a: Prince|38/100 brn|[from] item: Leftovers
|-damage|p1a: Prince|26/100 brn|[from] brn
|upkeep
|turn|25
|
|t:|1598229186
|switch|p1a: Knight|Keldeo-Resolute|100/100
|-damage|p1a: Knight|94/100|[from] Stealth Rock
|move|p2a: Ninetales|Protect||[still]
|-fail|p2a: Ninetales
|
|-weather|RainDance|[upkeep]
|-heal|p2a: Ninetales|87/100|[from] item: Leftovers
|upkeep
|turn|26
|
|t:|1598229196
|move|p2a: Ninetales|Protect|p2a: Ninetales
|-singleturn|p2a: Ninetales|Protect
|move|p1a: Knight|Secret Sword|p2a: Ninetales
|-activate|p2a: Ninetales|move: Protect
|
|-weather|RainDance|[upkeep]
|-heal|p2a: Ninetales|93/100|[from] item: Leftovers
|upkeep
|turn|27
|inactive|Rain Deathless has 120 seconds left.
|
|t:|1598229221
|switch|p1a: Rachi|Jirachi|88/100
|-damage|p1a: Rachi|82/100|[from] Stealth Rock
|switch|p2a: Cresselia|Cresselia, F|100/100
|-damage|p2a: Cresselia|88/100|[from] Stealth Rock
|
|-weather|RainDance|[upkeep]
|-heal|p1a: Rachi|88/100|[from] item: Leftovers
|-heal|p2a: Cresselia|94/100|[from] item: Leftovers
|upkeep
|turn|28
|
|t:|1598229239
|switch|p2a: Ninetales|Ninetales, M|93/100
|-damage|p2a: Ninetales|68/100|[from] Stealth Rock
|-weather|SunnyDay|[from] ability: Drought|[of] p2a: Ninetales
|move|p1a: Rachi|Substitute|p1a: Rachi
|-start|p1a: Rachi|Substitute
|-damage|p1a: Rachi|63/100
|
|-weather|SunnyDay|[upkeep]
|-heal|p1a: Rachi|69/100|[from] item: Leftovers
|-heal|p2a: Ninetales|74/100|[from] item: Leftovers
|upkeep
|turn|29
|
|t:|1598229249
|move|p1a: Rachi|Thunder|p2a: Ninetales
|-damage|p2a: Ninetales|45/100
|-status|p2a: Ninetales|par
|move|p2a: Ninetales|Flamethrower|p1a: Rachi
|-supereffective|p1a: Rachi
|-end|p1a: Rachi|Substitute
|
|-weather|SunnyDay|[upkeep]
|-heal|p1a: Rachi|75/100|[from] item: Leftovers
|-heal|p2a: Ninetales|51/100 par|[from] item: Leftovers
|upkeep
|turn|30
|inactive|Rain Deathless has 120 seconds left.
|inactive|TRE 26 has 120 seconds left.
|
|t:|1598229295
|cant|p2a: Ninetales|par
|move|p1a: Rachi|Substitute|p1a: Rachi
|-start|p1a: Rachi|Substitute
|-damage|p1a: Rachi|50/100
|
|-weather|SunnyDay|[upkeep]
|-heal|p1a: Rachi|56/100|[from] item: Leftovers
|-heal|p2a: Ninetales|57/100 par|[from] item: Leftovers
|upkeep
|turn|31
|
|t:|1598229307
|switch|p2a: Chansey|Chansey, F|63/100
|-damage|p2a: Chansey|51/100|[from] Stealth Rock
|move|p1a: Rachi|Calm Mind|p1a: Rachi
|-boost|p1a: Rachi|spa|1
|-boost|p1a: Rachi|spd|1
|
|-weather|SunnyDay|[upkeep]
|-heal|p1a: Rachi|63/100|[from] item: Leftovers
|upkeep
|turn|32
|
|t:|1598229315
|move|p1a: Rachi|Calm Mind|p1a: Rachi
|-boost|p1a: Rachi|spa|1
|-boost|p1a: Rachi|spd|1
|move|p2a: Chansey|Seismic Toss|p1a: Rachi
|-activate|p1a: Rachi|Substitute|[damage]
|
|-weather|SunnyDay|[upkeep]
|-heal|p1a: Rachi|69/100|[from] item: Leftovers
|upkeep
|turn|33
|c|☆Rain Deathless|gg
|c|☆Rain Deathless|ffs
|
|t:|1598229327
|move|p1a: Rachi|Flash Cannon|p2a: Chansey
|-damage|p2a: Chansey|35/100
|move|p2a: Chansey|Soft-Boiled|p2a: Chansey
|-heal|p2a: Chansey|85/100
|
|-weather|SunnyDay|[upkeep]
|-heal|p1a: Rachi|75/100|[from] item: Leftovers
|upkeep
|turn|34
|
|t:|1598229335
|move|p1a: Rachi|Calm Mind|p1a: Rachi
|-boost|p1a: Rachi|spa|1
|-boost|p1a: Rachi|spd|1
|move|p2a: Chansey|Seismic Toss|p1a: Rachi
|-end|p1a: Rachi|Substitute
|
|-weather|SunnyDay|[upkeep]
|-heal|p1a: Rachi|81/100|[from] item: Leftovers
|upkeep
|turn|35
|inactive|TRE 26 has 120 seconds left.
|
|t:|1598229343
|move|p1a: Rachi|Substitute|p1a: Rachi
|-start|p1a: Rachi|Substitute
|-damage|p1a: Rachi|56/100
|move|p2a: Chansey|Seismic Toss|p1a: Rachi
|-activate|p1a: Rachi|Substitute|[damage]
|
|-weather|SunnyDay|[upkeep]
|-heal|p1a: Rachi|62/100|[from] item: Leftovers
|upkeep
|turn|36
|inactive|Rain Deathless has 120 seconds left.
|
|t:|1598229351
|move|p1a: Rachi|Flash Cannon|p2a: Chansey
|-damage|p2a: Chansey|63/100
|move|p2a: Chansey|Seismic Toss|p1a: Rachi
|-end|p1a: Rachi|Substitute
|
|-weather|SunnyDay|[upkeep]
|-heal|p1a: Rachi|69/100|[from] item: Leftovers
|upkeep
|turn|37
|
|t:|1598229359
|move|p1a: Rachi|Substitute|p1a: Rachi
|-start|p1a: Rachi|Substitute
|-damage|p1a: Rachi|44/100
|move|p2a: Chansey|Seismic Toss|p1a: Rachi
|-activate|p1a: Rachi|Substitute|[damage]
|
|-weather|SunnyDay|[upkeep]
|-heal|p1a: Rachi|50/100|[from] item: Leftovers
|upkeep
|turn|38
|
|t:|1598229366
|move|p1a: Rachi|Thunder|p2a: Chansey|[miss]
|-miss|p1a: Rachi|p2a: Chansey
|move|p2a: Chansey|Seismic Toss|p1a: Rachi
|-end|p1a: Rachi|Substitute
|
|-weather|SunnyDay|[upkeep]
|-heal|p1a: Rachi|56/100|[from] item: Leftovers
|upkeep
|turn|39
|
|t:|1598229378
|move|p1a: Rachi|Substitute|p1a: Rachi
|-start|p1a: Rachi|Substitute
|-damage|p1a: Rachi|31/100
|move|p2a: Chansey|Seismic Toss|p1a: Rachi
|-activate|p1a: Rachi|Substitute|[damage]
|
|-weather|SunnyDay|[upkeep]
|-heal|p1a: Rachi|37/100|[from] item: Leftovers
|upkeep
|turn|40
|
|t:|1598229386
|move|p1a: Rachi|Flash Cannon|p2a: Chansey
|-damage|p2a: Chansey|42/100
|move|p2a: Chansey|Seismic Toss|p1a: Rachi
|-end|p1a: Rachi|Substitute
|
|-weather|SunnyDay|[upkeep]
|-heal|p1a: Rachi|43/100|[from] item: Leftovers
|upkeep
|turn|41
|
|t:|1598229395
|move|p1a: Rachi|Substitute|p1a: Rachi
|-start|p1a: Rachi|Substitute
|-damage|p1a: Rachi|18/100
|move|p2a: Chansey|Soft-Boiled|p2a: Chansey
|-heal|p2a: Chansey|92/100
|
|-weather|SunnyDay|[upkeep]
|-heal|p1a: Rachi|25/100|[from] item: Leftovers
|upkeep
|turn|42
|c|☆TRE 26|xd
|
|t:|1598229405
|move|p1a: Rachi|Thunder|p2a: Chansey
|-damage|p2a: Chansey|71/100
|move|p2a: Chansey|Soft-Boiled|p2a: Chansey
|-heal|p2a: Chansey|100/100
|
|-weather|SunnyDay|[upkeep]
|-heal|p1a: Rachi|31/100|[from] item: Leftovers
|upkeep
|turn|43
|
|t:|1598229413
|move|p1a: Rachi|Thunder|p2a: Chansey|[miss]
|-miss|p1a: Rachi|p2a: Chansey
|move|p2a: Chansey|Seismic Toss|p1a: Rachi
|-activate|p1a: Rachi|Substitute|[damage]
|
|-weather|SunnyDay|[upkeep]
|-heal|p1a: Rachi|37/100|[from] item: Leftovers
|upkeep
|turn|44
|c|☆Rain Deathless|yeah
|c|☆Rain Deathless|im done after this
|c|☆Rain Deathless|50/50s
|c|☆Rain Deathless|i get it
|c|☆Rain Deathless|but fuck
|
|t:|1598229438
|move|p1a: Rachi|Thunder|p2a: Chansey|[miss]
|-miss|p1a: Rachi|p2a: Chansey
|move|p2a: Chansey|Seismic Toss|p1a: Rachi
|-end|p1a: Rachi|Substitute
|
|-weather|SunnyDay|[upkeep]
|-heal|p1a: Rachi|43/100|[from] item: Leftovers
|upkeep
|turn|45
|c|☆Rain Deathless|like
|c|☆Rain Deathless|wut
|
|t:|1598229448
|move|p1a: Rachi|Substitute|p1a: Rachi
|-start|p1a: Rachi|Substitute
|-damage|p1a: Rachi|18/100
|move|p2a: Chansey|Seismic Toss|p1a: Rachi
|-activate|p1a: Rachi|Substitute|[damage]
|
|-weather|SunnyDay|[upkeep]
|-heal|p1a: Rachi|24/100|[from] item: Leftovers
|upkeep
|turn|46
|c|☆Rain Deathless|ima just play hyper offense
|
|t:|1598229457
|move|p1a: Rachi|Thunder|p2a: Chansey
|-damage|p2a: Chansey|81/100
|move|p2a: Chansey|Seismic Toss|p1a: Rachi
|-end|p1a: Rachi|Substitute
|
|-weather|SunnyDay|[upkeep]
|-heal|p1a: Rachi|30/100|[from] item: Leftovers
|upkeep
|turn|47
|c|☆Rain Deathless|LOL
|
|t:|1598229465
|move|p1a: Rachi|Substitute|p1a: Rachi
|-start|p1a: Rachi|Substitute
|-damage|p1a: Rachi|5/100
|move|p2a: Chansey|Seismic Toss|p1a: Rachi
|-activate|p1a: Rachi|Substitute|[damage]
|
|-weather|SunnyDay|[upkeep]
|-heal|p1a: Rachi|12/100|[from] item: Leftovers
|upkeep
|turn|48
|c|☆Rain Deathless|no para
|c|☆Rain Deathless|k
|c|☆Rain Deathless|i know its not you
|c|☆Rain Deathless|my luck is just shit
|
|t:|1598229483
|move|p1a: Rachi|Thunder|p2a: Chansey
|-damage|p2a: Chansey|59/100
|move|p2a: Chansey|Seismic Toss|p1a: Rachi
|-end|p1a: Rachi|Substitute
|
|-weather|SunnyDay|[upkeep]
|-heal|p1a: Rachi|18/100|[from] item: Leftovers
|upkeep
|turn|49
|c|☆TRE 26|xd
|c|☆Rain Deathless|fr
|
|t:|1598229495
|move|p1a: Rachi|Thunder|p2a: Chansey|[miss]
|-miss|p1a: Rachi|p2a: Chansey
|move|p2a: Chansey|Soft-Boiled|p2a: Chansey
|-heal|p2a: Chansey|100/100
|
|-weather|SunnyDay|[upkeep]
|-heal|p1a: Rachi|24/100|[from] item: Leftovers
|upkeep
|turn|50
|
|t:|1598229503
|move|p1a: Rachi|Thunder|p2a: Chansey
|-damage|p2a: Chansey|79/100
|-status|p2a: Chansey|par
|move|p2a: Chansey|Seismic Toss|p1a: Rachi
|-damage|p1a: Rachi|0 fnt
|faint|p1a: Rachi
|
|-weather|SunnyDay|[upkeep]
|upkeep
|c|☆Rain Deathless|LOL
|c|☆TRE 26|yeah
|j| Mammary
|c|☆Rain Deathless|fuck that para
|c|☆TRE 26|chansey god
|inactive|Rain Deathless has 120 seconds left.
|c|☆Rain Deathless|chansey sucks
|c|☆Rain Deathless|but
|c|☆Rain Deathless|chansey is god against me
|c|☆Rain Deathless|clearl
|c|☆Rain Deathless|clearly*
|c|☆Rain Deathless|im like
|c|☆Rain Deathless|lemme play 1 more game
|inactive|Rain Deathless has 90 seconds left.
|c|☆Rain Deathless|and i run into sun stall
|c|☆TRE 26|yes
|c|☆Rain Deathless|of all things'
|c|☆Rain Deathless|and then rng
|c|☆Rain Deathless|says
|n|!Rain Deathless|raindeathless
|inactive|Rain Deathless has 60 seconds left.
|
|t:|1598229606
|switch|p1a: Knight|Keldeo-Resolute|94/100
|-damage|p1a: Knight|88/100|[from] Stealth Rock
|turn|51
|
|t:|1598229633
|switch|p1a: Prince|Politoed, M, shiny|26/100 brn
|-damage|p1a: Prince|13/100 brn|[from] Stealth Rock
|-weather|RainDance|[from] ability: Drizzle|[of] p1a: Prince
|switch|p2a: Cresselia|Cresselia, F|94/100
|-damage|p2a: Cresselia|82/100|[from] Stealth Rock
|
|-weather|RainDance|[upkeep]
|-heal|p1a: Prince|20/100 brn|[from] item: Leftovers
|-heal|p2a: Cresselia|88/100|[from] item: Leftovers
|-damage|p1a: Prince|7/100 brn|[from] brn
|upkeep
|turn|52
|inactive|Rain Deathless has 60 seconds left.
|inactive|TRE 26 has 120 seconds left.
|
|t:|1598229655
|move|p1a: Prince|Toxic|p2a: Cresselia
|-status|p2a: Cresselia|tox
|move|p2a: Cresselia|Thunder Wave||[still]
|-fail|p2a: Cresselia
|
|-weather|RainDance|[upkeep]
|-heal|p1a: Prince|13/100 brn|[from] item: Leftovers
|-heal|p2a: Cresselia|94/100 tox|[from] item: Leftovers
|-damage|p1a: Prince|1/100 brn|[from] brn
|-damage|p2a: Cresselia|88/100 tox|[from] psn
|upkeep
|turn|53
|inactive|Rain Deathless has 60 seconds left.
|inactive|TRE 26 has 120 seconds left.
|
|t:|1598229684
|move|p1a: Prince|Toxic|p2a: Cresselia|[miss]
|-miss|p1a: Prince|p2a: Cresselia
|move|p2a: Cresselia|Moonlight|p2a: Cresselia
|-heal|p2a: Cresselia|100/100 tox
|
|-weather|RainDance|[upkeep]
|-heal|p1a: Prince|7/100 brn|[from] item: Leftovers
|-damage|p1a: Prince|0 fnt|[from] brn
|faint|p1a: Prince
|-damage|p2a: Cresselia|88/100 tox|[from] psn
|upkeep
|inactive|Rain Deathless has 60 seconds left.
|
|t:|1598229693
|switch|p1a: Dragoon|Dragonite, M|100/100
|-damage|p1a: Dragoon|75/100|[from] Stealth Rock
|turn|54
|
|t:|1598229701
|move|p1a: Dragoon|Substitute|p1a: Dragoon
|-start|p1a: Dragoon|Substitute
|-damage|p1a: Dragoon|50/100
|move|p2a: Cresselia|Ice Beam|p1a: Dragoon
|-supereffective|p1a: Dragoon
|-end|p1a: Dragoon|Substitute
|
|-weather|RainDance|[upkeep]
|-heal|p1a: Dragoon|57/100|[from] item: Leftovers
|-heal|p2a: Cresselia|94/100 tox|[from] item: Leftovers
|-damage|p2a: Cresselia|76/100 tox|[from] psn
|upkeep
|turn|55
|
|t:|1598229711
|switch|p2a: Ninetales|Ninetales, M|57/100 par
|-damage|p2a: Ninetales|32/100 par|[from] Stealth Rock
|-weather|SunnyDay|[from] ability: Drought|[of] p2a: Ninetales
|move|p1a: Dragoon|Substitute|p1a: Dragoon
|-start|p1a: Dragoon|Substitute
|-damage|p1a: Dragoon|32/100
|
|-weather|SunnyDay|[upkeep]
|-heal|p1a: Dragoon|38/100|[from] item: Leftovers
|-heal|p2a: Ninetales|38/100 par|[from] item: Leftovers
|upkeep
|turn|56
|
|t:|1598229721
|switch|p2a: Cresselia|Cresselia, F|76/100 tox
|-damage|p2a: Cresselia|64/100 tox|[from] Stealth Rock
|move|p1a: Dragoon|Roost|p1a: Dragoon
|-heal|p1a: Dragoon|88/100
|-singleturn|p1a: Dragoon|move: Roost
|
|-weather|SunnyDay|[upkeep]
|-heal|p1a: Dragoon|94/100|[from] item: Leftovers
|-heal|p2a: Cresselia|70/100 tox|[from] item: Leftovers
|-damage|p2a: Cresselia|64/100 tox|[from] psn
|upkeep
|turn|57
|inactive|TRE 26 has 120 seconds left.
|
|t:|1598229732
|move|p1a: Dragoon|Roost|p1a: Dragoon
|-heal|p1a: Dragoon|100/100
|-singleturn|p1a: Dragoon|move: Roost
|move|p2a: Cresselia|Ice Beam|p1a: Dragoon
|-supereffective|p1a: Dragoon
|-activate|p1a: Dragoon|Substitute|[damage]
|
|-weather|SunnyDay|[upkeep]
|-heal|p2a: Cresselia|70/100 tox|[from] item: Leftovers
|-damage|p2a: Cresselia|58/100 tox|[from] psn
|upkeep
|turn|58
|
|t:|1598229746
|move|p1a: Dragoon|Dragon Dance|p1a: Dragoon
|-boost|p1a: Dragoon|atk|1
|-boost|p1a: Dragoon|spe|1
|move|p2a: Cresselia|Moonlight|p2a: Cresselia
|-heal|p2a: Cresselia|100/100 tox
|
|-weather|SunnyDay|[upkeep]
|-damage|p2a: Cresselia|82/100 tox|[from] psn
|upkeep
|turn|59
|inactive|TRE 26 has 120 seconds left.
|inactive|TRE 26 has 90 seconds left.
|
|t:|1598229796
|switch|p2a: Chansey|Chansey, F|79/100
|-damage|p2a: Chansey|66/100|[from] Stealth Rock
|move|p1a: Dragoon|Dragon Dance|p1a: Dragoon
|-boost|p1a: Dragoon|atk|1
|-boost|p1a: Dragoon|spe|1
|
|-weather|SunnyDay|[upkeep]
|upkeep
|turn|60
|
|t:|1598229803
|move|p1a: Dragoon|Dragon Claw|p2a: Chansey
|-damage|p2a: Chansey|21/100
|move|p2a: Chansey|Seismic Toss|p1a: Dragoon
|-end|p1a: Dragoon|Substitute
|
|-weather|SunnyDay|[upkeep]
|upkeep
|turn|61
|
|t:|1598229810
|move|p1a: Dragoon|Dragon Claw|p2a: Chansey
|-crit|p2a: Chansey
|-damage|p2a: Chansey|0 fnt
|faint|p2a: Chansey
|
|-weather|SunnyDay|[upkeep]
|upkeep
|inactive|TRE 26 has 90 seconds left.
|
|t:|1598229842
|switch|p2a: Gliscor|Gliscor, M|100/100 tox
|-damage|p2a: Gliscor|88/100 tox|[from] Stealth Rock
|turn|62
|inactive|Rain Deathless has 90 seconds left.
|
|t:|1598229852
|move|p1a: Dragoon|Dragon Claw|p2a: Gliscor
|-damage|p2a: Gliscor|40/100 tox
|move|p2a: Gliscor|Substitute|p2a: Gliscor
|-start|p2a: Gliscor|Substitute
|-damage|p2a: Gliscor|15/100 tox
|
|-weather|SunnyDay|[upkeep]
|-heal|p2a: Gliscor|28/100 tox|[from] ability: Poison Heal
|upkeep
|turn|63
|
|t:|1598229860
|move|p1a: Dragoon|Dragon Claw|p2a: Gliscor
|-end|p2a: Gliscor|Substitute
|move|p2a: Gliscor|Baton Pass|p2a: Gliscor
|c|☆TRE 26|gg
|inactive|TRE 26 has 90 seconds left.
|
|t:|1598229875
|switch|p2a: Cresselia|Cresselia, F|82/100 tox|[from]move: Baton Pass
|-damage|p2a: Cresselia|70/100 tox|[from] Stealth Rock
|
|-weather|SunnyDay|[upkeep]
|-heal|p2a: Cresselia|76/100 tox|[from] item: Leftovers
|-damage|p2a: Cresselia|70/100 tox|[from] psn
|upkeep
|turn|64
|inactive|TRE 26 has 90 seconds left.
|
|t:|1598229882
|move|p1a: Dragoon|Substitute|p1a: Dragoon
|-start|p1a: Dragoon|Substitute
|-damage|p1a: Dragoon|75/100
|move|p2a: Cresselia|Thunder Wave||[still]
|-fail|p2a: Cresselia
|
|-weather|SunnyDay|[upkeep]
|-heal|p1a: Dragoon|82/100|[from] item: Leftovers
|-heal|p2a: Cresselia|76/100 tox|[from] item: Leftovers
|-damage|p2a: Cresselia|64/100 tox|[from] psn
|upkeep
|turn|65
|-message|TRE 26 forfeited.
|
|win|Rain Deathless
|l|☆TRE 26
|raw|Rain Deathless's rating: 1384 &rarr; <strong>1405</strong><br />(+21 for winning)
|raw|TRE 26's rating: 1392 &rarr; <strong>1371</strong><br />(-21 for losing)
