|j|☆Tangyz
|j|☆lazyhrpseal
|t:|1743751910
|gametype|singles
|player|p1|Tangyz|shadowtriad|1294
|player|p2|lazyhrpseal|preschoolerf|1410
|teamsize|p1|6
|teamsize|p2|6
|gen|5
|tier|[Gen 5] OU
|rated|
|rule|Species Clause: Limit one of each Pokémon
|rule|OHKO Clause: OHKO moves are banned
|rule|Moody Clause: Moody is banned
|rule|Evasion Items Clause: Evasion items are banned
|rule|Evasion Moves Clause: Evasion moves are banned
|rule|Endless Battle Clause: Forcing endless battles is banned
|rule|HP Percentage Mod: HP is shown in percentages
|rule|Evasion Abilities Clause: Evasion abilities are banned
|rule|Sleep Moves Clause: Sleep-inducing moves are banned
|rule|Swagger Clause: Swagger is banned
|rule|Baton Pass Stat Clause: No Baton Passer may have a way to boost its stats
|clearpoke
|poke|p1|Politoed, F|item
|poke|p1|Latios, M|item
|poke|p1|Ferrothorn, F|item
|poke|p1|Keldeo|item
|poke|p1|Excadrill, M|item
|poke|p1|Thundurus-Therian, M|item
|poke|p2|Tyranitar, M|item
|poke|p2|Heatran, F|item
|poke|p2|Garchomp, M|item
|poke|p2|Skarmory, M|item
|poke|p2|Jellicent, M|item
|poke|p2|Hydreigon, F|item
|teampreview
|inactive|Battle timer is ON: inactive players will automatically lose when time's up. (requested by Tangyz)
|inactive|Tangyz has 120 seconds left.
|
|t:|1743751946
|start
|switch|p1a: Excadrill|Excadrill, M|100/100
|switch|p2a: Heatran|Heatran, F|100/100
|-ability|p1a: Excadrill|Mold Breaker
|turn|1
|
|t:|1743751953
|switch|p1a: Thundurus|Thundurus-Therian, M, shiny|100/100
|switch|p2a: Skarmory|Skarmory, M|100/100
|
|upkeep
|turn|2
|
|t:|1743751971
|switch|p2a: Tyranitar|Tyranitar, M|100/100
|-weather|Sandstorm|[from] ability: Sand Stream|[of] p2a: Tyranitar
|move|p1a: Thundurus|Focus Blast|p2a: Tyranitar
|-supereffective|p2a: Tyranitar
|-damage|p2a: Tyranitar|0 fnt
|faint|p2a: Tyranitar
|
|-weather|Sandstorm|[upkeep]
|-damage|p1a: Thundurus|94/100|[from] Sandstorm
|-heal|p1a: Thundurus|100/100|[from] item: Leftovers
|upkeep
|
|t:|1743751977
|switch|p2a: Garchomp|Garchomp, M|100/100
|turn|3
|
|t:|1743751983
|switch|p1a: Ferrothorn|Ferrothorn, F|100/100
|move|p2a: Garchomp|Outrage|p1a: Ferrothorn
|-resisted|p1a: Ferrothorn
|-damage|p1a: Ferrothorn|64/100
|-damage|p2a: Garchomp|88/100|[from] ability: Iron Barbs|[of] p1a: Ferrothorn
|
|-weather|Sandstorm|[upkeep]
|upkeep
|turn|4
|
|t:|1743751988
|move|p2a: Garchomp|Outrage|p1a: Ferrothorn|[from] lockedmove
|-resisted|p1a: Ferrothorn
|-damage|p1a: Ferrothorn|30/100
|-damage|p2a: Garchomp|76/100|[from] ability: Iron Barbs|[of] p1a: Ferrothorn
|-start|p2a: Garchomp|confusion|[fatigue]
|move|p1a: Ferrothorn|Stealth Rock|p2a: Garchomp
|-sidestart|p2: lazyhrpseal|move: Stealth Rock
|
|-weather|Sandstorm|[upkeep]
|upkeep
|turn|5
|
|t:|1743751997
|switch|p2a: Heatran|Heatran, F|100/100
|-damage|p2a: Heatran|88/100|[from] Stealth Rock
|switch|p1a: Excadrill|Excadrill, M|100/100
|-ability|p1a: Excadrill|Mold Breaker
|
|-weather|Sandstorm|[upkeep]
|-heal|p2a: Heatran|94/100|[from] item: Leftovers
|upkeep
|turn|6
|
|t:|1743752002
|move|p2a: Heatran|Protect|p2a: Heatran
|-singleturn|p2a: Heatran|Protect
|move|p1a: Excadrill|Earthquake|p2a: Heatran
|-activate|p2a: Heatran|move: Protect
|
|-weather|Sandstorm|[upkeep]
|-heal|p2a: Heatran|100/100|[from] item: Leftovers
|upkeep
|turn|7
|
|t:|1743752005
|switch|p2a: Skarmory|Skarmory, M|100/100
|-damage|p2a: Skarmory|88/100|[from] Stealth Rock
|move|p1a: Excadrill|Earthquake|p2a: Skarmory
|-immune|p2a: Skarmory
|
|-weather|Sandstorm|[upkeep]
|upkeep
|turn|8
|
|t:|1743752008
|switch|p1a: Thundurus|Thundurus-Therian, M, shiny|100/100
|switch|p2a: Heatran|Heatran, F|100/100
|-damage|p2a: Heatran|88/100|[from] Stealth Rock
|
|-weather|Sandstorm|[upkeep]
|-damage|p1a: Thundurus|94/100|[from] Sandstorm
|-heal|p1a: Thundurus|100/100|[from] item: Leftovers
|-heal|p2a: Heatran|94/100|[from] item: Leftovers
|upkeep
|turn|9
|
|t:|1743752015
|switch|p1a: Politoed|Politoed, F, shiny|100/100
|-weather|RainDance|[from] ability: Drizzle|[of] p1a: Politoed
|move|p2a: Heatran|Stealth Rock|p1a: Politoed
|-sidestart|p1: Tangyz|move: Stealth Rock
|
|-weather|RainDance|[upkeep]
|-heal|p2a: Heatran|100/100|[from] item: Leftovers
|upkeep
|turn|10
|
|t:|1743752019
|move|p2a: Heatran|Lava Plume|p1a: Politoed
|-resisted|p1a: Politoed
|-damage|p1a: Politoed|92/100
|move|p1a: Politoed|Toxic|p2a: Heatran
|-immune|p2a: Heatran
|
|-weather|RainDance|[upkeep]
|-heal|p1a: Politoed|99/100|[from] item: Leftovers
|upkeep
|turn|11
|
|t:|1743752025
|move|p2a: Heatran|Lava Plume|p1a: Politoed
|-resisted|p1a: Politoed
|-damage|p1a: Politoed|92/100
|move|p1a: Politoed|Encore|p2a: Heatran
|-start|p2a: Heatran|Encore
|
|-weather|RainDance|[upkeep]
|-heal|p1a: Politoed|98/100|[from] item: Leftovers
|upkeep
|turn|12
|
|t:|1743752028
|move|p2a: Heatran|Lava Plume|p1a: Politoed
|-resisted|p1a: Politoed
|-damage|p1a: Politoed|90/100
|move|p1a: Politoed|Toxic|p2a: Heatran
|-immune|p2a: Heatran
|
|-weather|RainDance|[upkeep]
|-heal|p1a: Politoed|96/100|[from] item: Leftovers
|upkeep
|turn|13
|
|t:|1743752030
|move|p2a: Heatran|Lava Plume|p1a: Politoed
|-resisted|p1a: Politoed
|-crit|p1a: Politoed
|-damage|p1a: Politoed|79/100
|move|p1a: Politoed|Scald|p2a: Heatran
|-supereffective|p2a: Heatran
|-crit|p2a: Heatran
|-damage|p2a: Heatran|13/100
|
|-weather|RainDance|[upkeep]
|-heal|p2a: Heatran|19/100|[from] item: Leftovers
|-heal|p1a: Politoed|86/100|[from] item: Leftovers
|upkeep
|turn|14
|
|t:|1743752038
|move|p1a: Politoed|Protect|p1a: Politoed
|-singleturn|p1a: Politoed|Protect
|move|p2a: Heatran|Lava Plume|p1a: Politoed
|-activate|p1a: Politoed|move: Protect
|
|-weather|RainDance|[upkeep]
|-heal|p2a: Heatran|25/100|[from] item: Leftovers
|-heal|p1a: Politoed|92/100|[from] item: Leftovers
|-end|p2a: Heatran|Encore
|upkeep
|turn|15
|
|t:|1743752044
|move|p2a: Heatran|Protect|p2a: Heatran
|-singleturn|p2a: Heatran|Protect
|move|p1a: Politoed|Toxic|p2a: Heatran
|-activate|p2a: Heatran|move: Protect
|
|-weather|RainDance|[upkeep]
|-heal|p2a: Heatran|32/100|[from] item: Leftovers
|-heal|p1a: Politoed|98/100|[from] item: Leftovers
|upkeep
|turn|16
|
|t:|1743752049
|switch|p2a: Jellicent|Jellicent, M, shiny|100/100
|-damage|p2a: Jellicent|88/100|[from] Stealth Rock
|move|p1a: Politoed|Protect||[still]
|-fail|p1a: Politoed
|
|-weather|RainDance|[upkeep]
|-heal|p1a: Politoed|100/100|[from] item: Leftovers
|-heal|p2a: Jellicent|94/100|[from] item: Leftovers
|upkeep
|turn|17
|
|t:|1743752057
|switch|p1a: Ferrothorn|Ferrothorn, F|30/100
|-damage|p1a: Ferrothorn|24/100|[from] Stealth Rock
|move|p2a: Jellicent|Taunt|p1a: Ferrothorn
|-start|p1a: Ferrothorn|move: Taunt
|
|-weather|RainDance|[upkeep]
|-heal|p2a: Jellicent|100/100|[from] item: Leftovers
|upkeep
|turn|18
|
|t:|1743752064
|switch|p1a: Thundurus|Thundurus-Therian, M, shiny|100/100
|-damage|p1a: Thundurus|76/100|[from] Stealth Rock
|move|p2a: Jellicent|Night Shade|p1a: Thundurus
|-damage|p1a: Thundurus|43/100
|
|-weather|RainDance|[upkeep]
|-heal|p1a: Thundurus|49/100|[from] item: Leftovers
|upkeep
|turn|19
|
|t:|1743752076
|switch|p2a: Garchomp|Garchomp, M|76/100
|-damage|p2a: Garchomp|70/100|[from] Stealth Rock
|move|p1a: Thundurus|Hidden Power|p2a: Garchomp
|-supereffective|p2a: Garchomp
|-damage|p2a: Garchomp|0 fnt
|faint|p2a: Garchomp
|
|-weather|RainDance|[upkeep]
|-heal|p1a: Thundurus|55/100|[from] item: Leftovers
|upkeep
|
|t:|1743752079
|switch|p2a: Hydreigon|Hydreigon, F|100/100
|-damage|p2a: Hydreigon|88/100|[from] Stealth Rock
|turn|20
|
|t:|1743752089
|switch|p1a: Ferrothorn|Ferrothorn, F|24/100
|-damage|p1a: Ferrothorn|18/100|[from] Stealth Rock
|move|p2a: Hydreigon|Draco Meteor|p1a: Ferrothorn
|-resisted|p1a: Ferrothorn
|-damage|p1a: Ferrothorn|0 fnt
|-unboost|p2a: Hydreigon|spa|2
|faint|p1a: Ferrothorn
|-damage|p2a: Hydreigon|78/100|[from] item: Life Orb
|
|-weather|RainDance|[upkeep]
|upkeep
|
|t:|1743752099
|switch|p1a: Latios|Latios, M, shiny|100/100
|-damage|p1a: Latios|88/100|[from] Stealth Rock
|turn|21
|
|t:|1743752111
|move|p1a: Latios|Draco Meteor|p2a: Hydreigon
|-supereffective|p2a: Hydreigon
|-damage|p2a: Hydreigon|0 fnt
|-unboost|p1a: Latios|spa|2
|faint|p2a: Hydreigon
|
|-weather|RainDance|[upkeep]
|upkeep
|
|t:|1743752114
|switch|p2a: Heatran|Heatran, F|32/100
|-damage|p2a: Heatran|19/100|[from] Stealth Rock
|turn|22
|
|t:|1743752123
|switch|p1a: Politoed|Politoed, F, shiny|100/100
|-damage|p1a: Politoed|88/100|[from] Stealth Rock
|move|p2a: Heatran|Protect||[still]
|-fail|p2a: Heatran
|
|-weather|RainDance|[upkeep]
|-heal|p2a: Heatran|25/100|[from] item: Leftovers
|-heal|p1a: Politoed|94/100|[from] item: Leftovers
|upkeep
|turn|23
|
|t:|1743752128
|switch|p2a: Jellicent|Jellicent, M, shiny|100/100
|-damage|p2a: Jellicent|88/100|[from] Stealth Rock
|move|p1a: Politoed|Scald|p2a: Jellicent
|-heal|p2a: Jellicent|100/100|[from] ability: Water Absorb|[of] p1a: Politoed
|
|-weather|RainDance|[upkeep]
|-heal|p1a: Politoed|100/100|[from] item: Leftovers
|upkeep
|turn|24
|
|t:|1743752131
|move|p1a: Politoed|Toxic|p2a: Jellicent
|-status|p2a: Jellicent|tox
|move|p2a: Jellicent|Taunt|p1a: Politoed
|-start|p1a: Politoed|move: Taunt
|
|-weather|RainDance|[upkeep]
|-damage|p2a: Jellicent|94/100 tox|[from] psn
|upkeep
|turn|25
|
|t:|1743752137
|move|p1a: Politoed|Scald|p2a: Jellicent
|-heal|p2a: Jellicent|100/100 tox|[from] ability: Water Absorb|[of] p1a: Politoed
|move|p2a: Jellicent|Will-O-Wisp|p1a: Politoed
|-status|p1a: Politoed|brn
|
|-weather|RainDance|[upkeep]
|-damage|p2a: Jellicent|88/100 tox|[from] psn
|-damage|p1a: Politoed|88/100 brn|[from] brn
|upkeep
|turn|26
|
|t:|1743752142
|move|p1a: Politoed|Scald|p2a: Jellicent
|-heal|p2a: Jellicent|100/100 tox|[from] ability: Water Absorb|[of] p1a: Politoed
|move|p2a: Jellicent|Night Shade|p1a: Politoed
|-damage|p1a: Politoed|62/100 brn
|
|-weather|RainDance|[upkeep]
|-heal|p1a: Politoed|68/100 brn|[from] item: Leftovers
|-damage|p2a: Jellicent|82/100 tox|[from] psn
|-damage|p1a: Politoed|56/100 brn|[from] brn
|upkeep
|turn|27
|
|t:|1743752150
|switch|p1a: Keldeo|Keldeo|100/100
|-damage|p1a: Keldeo|94/100|[from] Stealth Rock
|move|p2a: Jellicent|Night Shade|p1a: Keldeo
|-damage|p1a: Keldeo|63/100
|
|-weather|RainDance|[upkeep]
|-heal|p2a: Jellicent|88/100 tox|[from] item: Leftovers
|-damage|p2a: Jellicent|63/100 tox|[from] psn
|upkeep
|turn|28
|
|t:|1743752155
|switch|p1a: Excadrill|Excadrill, M|100/100
|-damage|p1a: Excadrill|97/100|[from] Stealth Rock
|-ability|p1a: Excadrill|Mold Breaker
|move|p2a: Jellicent|Recover|p2a: Jellicent
|-heal|p2a: Jellicent|100/100 tox
|
|-weather|RainDance|[upkeep]
|-damage|p2a: Jellicent|69/100 tox|[from] psn
|upkeep
|turn|29
|
|t:|1743752158
|switch|p2a: Skarmory|Skarmory, M|88/100
|-damage|p2a: Skarmory|76/100|[from] Stealth Rock
|move|p1a: Excadrill|Earthquake|p2a: Skarmory
|-immune|p2a: Skarmory
|
|-weather|RainDance|[upkeep]
|upkeep
|turn|30
|
|t:|1743752161
|switch|p1a: Thundurus|Thundurus-Therian, M, shiny|55/100
|-damage|p1a: Thundurus|30/100|[from] Stealth Rock
|move|p2a: Skarmory|Whirlwind|p1a: Thundurus
|drag|p1a: Politoed|Politoed, F, shiny|56/100 brn
|-damage|p1a: Politoed|43/100 brn|[from] Stealth Rock
|
|-weather|RainDance|[upkeep]
|-heal|p1a: Politoed|49/100 brn|[from] item: Leftovers
|-damage|p1a: Politoed|37/100 brn|[from] brn
|upkeep
|turn|31
|
|t:|1743752166
|switch|p2a: Jellicent|Jellicent, M, shiny|69/100 tox
|-damage|p2a: Jellicent|57/100 tox|[from] Stealth Rock
|move|p1a: Politoed|Encore||[still]
|-fail|p1a: Politoed
|
|-weather|RainDance|[upkeep]
|-heal|p1a: Politoed|43/100 brn|[from] item: Leftovers
|-heal|p2a: Jellicent|63/100 tox|[from] item: Leftovers
|-damage|p2a: Jellicent|57/100 tox|[from] psn
|-damage|p1a: Politoed|31/100 brn|[from] brn
|upkeep
|turn|32
|
|t:|1743752169
|switch|p1a: Latios|Latios, M, shiny|88/100
|-damage|p1a: Latios|76/100|[from] Stealth Rock
|move|p2a: Jellicent|Recover|p2a: Jellicent
|-heal|p2a: Jellicent|100/100 tox
|
|-weather|RainDance|[upkeep]
|-damage|p2a: Jellicent|88/100 tox|[from] psn
|upkeep
|turn|33
|
|t:|1743752175
|switch|p2a: Skarmory|Skarmory, M|76/100
|-damage|p2a: Skarmory|63/100|[from] Stealth Rock
|move|p1a: Latios|Surf|p2a: Skarmory
|-damage|p2a: Skarmory|0 fnt
|faint|p2a: Skarmory
|
|-weather|RainDance|[upkeep]
|upkeep
|
|t:|1743752177
|switch|p2a: Jellicent|Jellicent, M, shiny|88/100 tox
|-damage|p2a: Jellicent|76/100 tox|[from] Stealth Rock
|turn|34
|
|t:|1743752182
|switch|p1a: Excadrill|Excadrill, M|97/100
|-damage|p1a: Excadrill|94/100|[from] Stealth Rock
|-ability|p1a: Excadrill|Mold Breaker
|move|p2a: Jellicent|Night Shade|p1a: Excadrill
|-damage|p1a: Excadrill|67/100
|
|-weather|RainDance|[upkeep]
|-heal|p2a: Jellicent|82/100 tox|[from] item: Leftovers
|-damage|p2a: Jellicent|76/100 tox|[from] psn
|upkeep
|turn|35
|
|t:|1743752186
|move|p1a: Excadrill|Earthquake|p2a: Jellicent
|-damage|p2a: Jellicent|29/100 tox
|move|p2a: Jellicent|Will-O-Wisp|p1a: Excadrill
|-status|p1a: Excadrill|brn
|
|-weather|RainDance|[upkeep]
|-heal|p2a: Jellicent|35/100 tox|[from] item: Leftovers
|-damage|p2a: Jellicent|23/100 tox|[from] psn
|-damage|p1a: Excadrill|54/100 brn|[from] brn
|upkeep
|turn|36
|
|t:|1743752188
|move|p1a: Excadrill|Earthquake|p2a: Jellicent
|-damage|p2a: Jellicent|1/100 tox
|move|p2a: Jellicent|Recover|p2a: Jellicent
|-heal|p2a: Jellicent|51/100 tox
|
|-weather|RainDance|[upkeep]
|-heal|p2a: Jellicent|57/100 tox|[from] item: Leftovers
|-damage|p2a: Jellicent|38/100 tox|[from] psn
|-damage|p1a: Excadrill|42/100 brn|[from] brn
|upkeep
|turn|37
|
|t:|1743752191
|move|p1a: Excadrill|Earthquake|p2a: Jellicent
|-damage|p2a: Jellicent|14/100 tox
|move|p2a: Jellicent|Recover|p2a: Jellicent
|-heal|p2a: Jellicent|64/100 tox
|
|-weather|RainDance|[upkeep]
|-heal|p2a: Jellicent|70/100 tox|[from] item: Leftovers
|-damage|p2a: Jellicent|45/100 tox|[from] psn
|-damage|p1a: Excadrill|29/100 brn|[from] brn
|upkeep
|turn|38
|
|t:|1743752196
|switch|p1a: Politoed|Politoed, F, shiny|31/100 brn
|-damage|p1a: Politoed|18/100 brn|[from] Stealth Rock
|move|p2a: Jellicent|Recover|p2a: Jellicent
|-heal|p2a: Jellicent|96/100 tox
|
|-weather|RainDance|[upkeep]
|-heal|p1a: Politoed|24/100 brn|[from] item: Leftovers
|-heal|p2a: Jellicent|100/100 tox|[from] item: Leftovers
|-damage|p2a: Jellicent|69/100 tox|[from] psn
|-damage|p1a: Politoed|12/100 brn|[from] brn
|upkeep
|turn|39
|
|t:|1743752205
|switch|p2a: Heatran|Heatran, F|25/100
|-damage|p2a: Heatran|13/100|[from] Stealth Rock
|move|p1a: Politoed|Protect||[still]
|-fail|p1a: Politoed
|
|-weather|RainDance|[upkeep]
|-heal|p2a: Heatran|19/100|[from] item: Leftovers
|-heal|p1a: Politoed|18/100 brn|[from] item: Leftovers
|-damage|p1a: Politoed|6/100 brn|[from] brn
|upkeep
|turn|40
|
|t:|1743752209
|move|p2a: Heatran|Protect|p2a: Heatran
|-singleturn|p2a: Heatran|Protect
|move|p1a: Politoed|Protect||[still]
|-fail|p1a: Politoed
|
|-weather|RainDance|[upkeep]
|-heal|p2a: Heatran|25/100|[from] item: Leftovers
|-heal|p1a: Politoed|12/100 brn|[from] item: Leftovers
|-damage|p1a: Politoed|0 fnt|[from] brn
|faint|p1a: Politoed
|upkeep
|
|t:|1743752213
|switch|p1a: Keldeo|Keldeo|63/100
|-damage|p1a: Keldeo|57/100|[from] Stealth Rock
|turn|41
|
|t:|1743752215
|switch|p2a: Jellicent|Jellicent, M, shiny|69/100 tox
|-damage|p2a: Jellicent|57/100 tox|[from] Stealth Rock
|move|p1a: Keldeo|Secret Sword|p2a: Jellicent
|-immune|p2a: Jellicent
|
|-weather|RainDance|[upkeep]
|-heal|p2a: Jellicent|63/100 tox|[from] item: Leftovers
|-damage|p2a: Jellicent|57/100 tox|[from] psn
|upkeep
|turn|42
|
|t:|1743752219
|switch|p1a: Latios|Latios, M, shiny|76/100
|-damage|p1a: Latios|64/100|[from] Stealth Rock
|move|p2a: Jellicent|Recover|p2a: Jellicent
|-heal|p2a: Jellicent|100/100 tox
|
|-weather|RainDance|[upkeep]
|-damage|p2a: Jellicent|88/100 tox|[from] psn
|upkeep
|turn|43
|
|t:|1743752227
|switch|p2a: Heatran|Heatran, F|25/100
|-damage|p2a: Heatran|13/100|[from] Stealth Rock
|move|p1a: Latios|Draco Meteor|p2a: Heatran
|-resisted|p2a: Heatran
|-damage|p2a: Heatran|0 fnt
|-unboost|p1a: Latios|spa|2
|faint|p2a: Heatran
|
|-weather|RainDance|[upkeep]
|upkeep
|
|t:|1743752229
|switch|p2a: Jellicent|Jellicent, M, shiny|88/100 tox
|-damage|p2a: Jellicent|76/100 tox|[from] Stealth Rock
|turn|44
|
|t:|1743752232
|switch|p1a: Keldeo|Keldeo|57/100
|-damage|p1a: Keldeo|51/100|[from] Stealth Rock
|move|p2a: Jellicent|Night Shade|p1a: Keldeo
|-damage|p1a: Keldeo|20/100
|
|-weather|RainDance|[upkeep]
|-heal|p2a: Jellicent|82/100 tox|[from] item: Leftovers
|-damage|p2a: Jellicent|76/100 tox|[from] psn
|upkeep
|turn|45
|
|t:|1743752235
|move|p1a: Keldeo|Hidden Power|p2a: Jellicent
|-resisted|p2a: Jellicent
|-damage|p2a: Jellicent|65/100 tox
|move|p2a: Jellicent|Night Shade|p1a: Keldeo
|-damage|p1a: Keldeo|0 fnt
|faint|p1a: Keldeo
|
|-weather|RainDance|[upkeep]
|-heal|p2a: Jellicent|71/100 tox|[from] item: Leftovers
|-damage|p2a: Jellicent|59/100 tox|[from] psn
|upkeep
|
|t:|1743752237
|switch|p1a: Thundurus|Thundurus-Therian, M, shiny|30/100
|-damage|p1a: Thundurus|5/100|[from] Stealth Rock
|turn|46
|
|t:|1743752239
|move|p1a: Thundurus|Thunder|p2a: Jellicent
|-supereffective|p2a: Jellicent
|-damage|p2a: Jellicent|0 fnt
|faint|p2a: Jellicent
|
|win|Tangyz
|raw|Tangyz's rating: 1294 &rarr; <strong>1327</strong><br />(+33 for winning)
|raw|lazyhrpseal's rating: 1410 &rarr; <strong>1384</strong><br />(-26 for losing)
