|j|☆sk8head
|j|☆lsc29
|t:|1708157259
|gametype|singles
|player|p1|sk8head|266|1325
|player|p2|lsc29|brock|1602
|teamsize|p1|6
|teamsize|p2|6
|gen|5
|tier|[Gen 5] OU
|rated|
|rule|Species Clause: Limit one of each Pokémon
|rule|OHKO Clause: OHKO moves are banned
|rule|Moody Clause: Moody is banned
|rule|Evasion Items Clause: Evasion items are banned
|rule|Evasion Moves Clause: Evasion moves are banned
|rule|Endless Battle Clause: Forcing endless battles is banned
|rule|HP Percentage Mod: HP is shown in percentages
|rule|Evasion Abilities Clause: Evasion abilities are banned
|rule|Sleep Moves Clause: Sleep-inducing moves are banned
|rule|Swagger Clause: Swagger is banned
|rule|Baton Pass Stat Clause: No Baton Passer may have a way to boost its stats
|clearpoke
|poke|p1|Scizor, F|item
|poke|p1|Tyranitar, M|item
|poke|p1|Mienshao, M|item
|poke|p1|Gliscor, M|item
|poke|p1|Amoonguss, M|item
|poke|p1|Skarmory, M|item
|poke|p2|Jellicent, F|item
|poke|p2|Alakazam, F|item
|poke|p2|Heatran, F|item
|poke|p2|Landorus-Therian, M|item
|poke|p2|Tyranitar, F|item
|poke|p2|Skarmory, F|item
|teampreview
|c|☆sk8head|ay gl bro
|c|☆sk8head|i dropped a bunch to test some teams
|c|☆lsc29|Gl hf
|
|t:|1708157278
|start
|switch|p1a: Mienshao|Mienshao, M|100/100
|switch|p2a: Heatran|Heatran, F|100/100
|turn|1
|c|☆lsc29|Lol no worries, happens to ke to
|c|☆lsc29|Me too
|
|t:|1708157288
|move|p2a: Heatran|Protect|p2a: Heatran
|-singleturn|p2a: Heatran|Protect
|move|p1a: Mienshao|Taunt|p2a: Heatran
|-activate|p2a: Heatran|move: Protect
|
|upkeep
|turn|2
|
|t:|1708157310
|switch|p1a: Gliscor|Gliscor, M|100/100
|switch|p2a: Landorus|Landorus-Therian, M|100/100
|-ability|p2a: Landorus|Intimidate|boost
|-unboost|p1a: Gliscor|atk|1
|
|-status|p1a: Gliscor|tox|[from] item: Toxic Orb
|upkeep
|turn|3
|
|t:|1708157316
|move|p2a: Landorus|Stealth Rock|p1a: Gliscor
|-sidestart|p1: sk8head|move: Stealth Rock
|move|p1a: Gliscor|Ice Fang|p2a: Landorus
|-supereffective|p2a: Landorus
|-damage|p2a: Landorus|65/100
|
|upkeep
|turn|4
|
|t:|1708157330
|switch|p2a: Skarmory|Skarmory, F|100/100
|move|p1a: Gliscor|Swords Dance|p1a: Gliscor
|-boost|p1a: Gliscor|atk|2
|
|upkeep
|turn|5
|
|t:|1708157335
|move|p1a: Gliscor|Swords Dance|p1a: Gliscor
|-boost|p1a: Gliscor|atk|2
|move|p2a: Skarmory|Spikes|p1a: Gliscor
|-sidestart|p1: sk8head|Spikes
|
|upkeep
|turn|6
|
|t:|1708157339
|move|p1a: Gliscor|Swords Dance|p1a: Gliscor
|-boost|p1a: Gliscor|atk|2
|move|p2a: Skarmory|Spikes|p1a: Gliscor
|-sidestart|p1: sk8head|Spikes
|
|upkeep
|turn|7
|
|t:|1708157341
|move|p1a: Gliscor|Ice Fang|p2a: Skarmory
|-damage|p2a: Skarmory|65/100
|move|p2a: Skarmory|Whirlwind|p1a: Gliscor
|drag|p1a: Skarmory|Skarmory, M|100/100
|-damage|p1a: Skarmory|88/100|[from] Stealth Rock
|
|-heal|p2a: Skarmory|71/100|[from] item: Leftovers
|upkeep
|turn|8
|
|t:|1708157347
|switch|p2a: Heatran|Heatran, F|100/100
|move|p1a: Skarmory|Spikes|p2a: Heatran
|-sidestart|p2: lsc29|Spikes
|
|upkeep
|turn|9
|c|☆sk8head|yea nah
|c|☆sk8head|i cant pilot it well
|
|t:|1708157360
|switch|p1a: Gliscor|Gliscor, M|100/100 tox
|-damage|p1a: Gliscor|88/100 tox|[from] Stealth Rock
|move|p2a: Heatran|Substitute|p2a: Heatran
|-start|p2a: Heatran|Substitute
|-damage|p2a: Heatran|76/100
|
|-heal|p2a: Heatran|82/100|[from] item: Leftovers
|-heal|p1a: Gliscor|100/100 tox|[from] ability: Poison Heal
|upkeep
|turn|10
|
|t:|1708157365
|move|p2a: Heatran|Protect|p2a: Heatran
|-singleturn|p2a: Heatran|Protect
|move|p1a: Gliscor|Earthquake|p2a: Heatran
|-activate|p2a: Heatran|move: Protect
|
|-heal|p2a: Heatran|88/100|[from] item: Leftovers
|upkeep
|turn|11
|
|t:|1708157373
|move|p2a: Heatran|Torment|p1a: Gliscor
|-start|p1a: Gliscor|Torment
|move|p1a: Gliscor|Earthquake|p2a: Heatran
|-supereffective|p2a: Heatran
|-end|p2a: Heatran|Substitute
|
|-heal|p2a: Heatran|94/100|[from] item: Leftovers
|upkeep
|turn|12
|
|t:|1708157378
|move|p1a: Gliscor|Protect|p1a: Gliscor
|-singleturn|p1a: Gliscor|Protect
|move|p2a: Heatran|Substitute|p2a: Heatran
|-start|p2a: Heatran|Substitute
|-damage|p2a: Heatran|69/100
|
|-heal|p2a: Heatran|76/100|[from] item: Leftovers
|upkeep
|turn|13
|
|t:|1708157382
|move|p2a: Heatran|Protect|p2a: Heatran
|-singleturn|p2a: Heatran|Protect
|move|p1a: Gliscor|Earthquake|p2a: Heatran
|-activate|p2a: Heatran|move: Protect
|
|-heal|p2a: Heatran|82/100|[from] item: Leftovers
|upkeep
|turn|14
|
|t:|1708157387
|move|p1a: Gliscor|Protect|p1a: Gliscor
|-singleturn|p1a: Gliscor|Protect
|move|p2a: Heatran|Lava Plume|p1a: Gliscor
|-activate|p1a: Gliscor|move: Protect
|
|-heal|p2a: Heatran|88/100|[from] item: Leftovers
|upkeep
|turn|15
|
|t:|1708157390
|move|p2a: Heatran|Lava Plume|p1a: Gliscor
|-damage|p1a: Gliscor|64/100 tox
|move|p1a: Gliscor|Earthquake|p2a: Heatran
|-supereffective|p2a: Heatran
|-crit|p2a: Heatran
|-end|p2a: Heatran|Substitute
|
|-heal|p2a: Heatran|94/100|[from] item: Leftovers
|-heal|p1a: Gliscor|77/100 tox|[from] ability: Poison Heal
|upkeep
|turn|16
|
|t:|1708157395
|move|p2a: Heatran|Substitute|p2a: Heatran
|-start|p2a: Heatran|Substitute
|-damage|p2a: Heatran|69/100
|move|p1a: Gliscor|Swords Dance|p1a: Gliscor
|-boost|p1a: Gliscor|atk|2
|
|-heal|p2a: Heatran|76/100|[from] item: Leftovers
|-heal|p1a: Gliscor|89/100 tox|[from] ability: Poison Heal
|upkeep
|turn|17
|
|t:|1708157398
|move|p2a: Heatran|Lava Plume|p1a: Gliscor
|-damage|p1a: Gliscor|51/100 tox
|move|p1a: Gliscor|Earthquake|p2a: Heatran
|-supereffective|p2a: Heatran
|-end|p2a: Heatran|Substitute
|
|-heal|p2a: Heatran|82/100|[from] item: Leftovers
|-heal|p1a: Gliscor|64/100 tox|[from] ability: Poison Heal
|upkeep
|turn|18
|
|t:|1708157403
|move|p2a: Heatran|Lava Plume|p1a: Gliscor
|-damage|p1a: Gliscor|23/100 tox
|move|p1a: Gliscor|Swords Dance|p1a: Gliscor
|-boost|p1a: Gliscor|atk|2
|
|-heal|p2a: Heatran|88/100|[from] item: Leftovers
|-heal|p1a: Gliscor|35/100 tox|[from] ability: Poison Heal
|upkeep
|turn|19
|
|t:|1708157408
|move|p2a: Heatran|Protect|p2a: Heatran
|-singleturn|p2a: Heatran|Protect
|move|p1a: Gliscor|Ice Fang|p2a: Heatran
|-activate|p2a: Heatran|move: Protect
|
|-heal|p2a: Heatran|94/100|[from] item: Leftovers
|-heal|p1a: Gliscor|48/100 tox|[from] ability: Poison Heal
|upkeep
|turn|20
|
|t:|1708157411
|move|p2a: Heatran|Substitute|p2a: Heatran
|-start|p2a: Heatran|Substitute
|-damage|p2a: Heatran|69/100
|move|p1a: Gliscor|Earthquake|p2a: Heatran
|-supereffective|p2a: Heatran
|-end|p2a: Heatran|Substitute
|
|-heal|p2a: Heatran|76/100|[from] item: Leftovers
|-heal|p1a: Gliscor|60/100 tox|[from] ability: Poison Heal
|upkeep
|turn|21
|
|t:|1708157415
|move|p2a: Heatran|Lava Plume|p1a: Gliscor
|-damage|p1a: Gliscor|22/100 tox
|move|p1a: Gliscor|Swords Dance|p1a: Gliscor
|-boost|p1a: Gliscor|atk|2
|
|-heal|p2a: Heatran|82/100|[from] item: Leftovers
|-heal|p1a: Gliscor|35/100 tox|[from] ability: Poison Heal
|upkeep
|turn|22
|
|t:|1708157420
|move|p2a: Heatran|Lava Plume|p1a: Gliscor
|-damage|p1a: Gliscor|0 fnt
|faint|p1a: Gliscor
|
|-heal|p2a: Heatran|88/100|[from] item: Leftovers
|upkeep
|c|☆sk8head|guh
|c|☆sk8head|i forrgot calc
|c|☆lsc29|Sry
|c|☆sk8head|why u sry
|c|☆sk8head|u played fair
|c|☆lsc29|Cancer tran set
|c|☆sk8head|nah nah its ayt
|c|☆sk8head|i played bad
|c|☆sk8head|shouldve tected last turn and cooked
|c|☆lsc29|Maybe, but eventually this set wins
|c|☆sk8head|though
|c|☆lsc29|Can just ppstall eq
|c|☆sk8head|i think that set 60s me
|c|☆sk8head|yeah i cant beat it
|c|☆lsc29|Mienshao?
|c|☆sk8head|no
|c|☆sk8head|its scarf
|c|☆sk8head|u can tell whats up w that
|c|☆lsc29|Scarf taunt?
|c|☆sk8head|yea its an emergency measure
|
|t:|1708157535
|switch|p1a: Tyranitar|Tyranitar, M|100/100
|-damage|p1a: Tyranitar|88/100|[from] Stealth Rock
|-damage|p1a: Tyranitar|72/100|[from] Spikes
|-weather|Sandstorm|[from] ability: Sand Stream|[of] p1a: Tyranitar
|turn|23
|c|☆lsc29|Loll ok
|
|t:|1708157541
|move|p2a: Heatran|Protect|p2a: Heatran
|-singleturn|p2a: Heatran|Protect
|move|p1a: Tyranitar|Rock Slide|p2a: Heatran
|-activate|p2a: Heatran|move: Protect
|
|-weather|Sandstorm|[upkeep]
|-heal|p2a: Heatran|94/100|[from] item: Leftovers
|upkeep
|turn|24
|
|t:|1708157544
|move|p1a: Tyranitar|Rock Slide|p2a: Heatran|[miss]
|-miss|p1a: Tyranitar|p2a: Heatran
|move|p2a: Heatran|Substitute|p2a: Heatran
|-start|p2a: Heatran|Substitute
|-damage|p2a: Heatran|69/100
|
|-weather|Sandstorm|[upkeep]
|-heal|p2a: Heatran|76/100|[from] item: Leftovers
|upkeep
|turn|25
|c|☆sk8head|ah
|j| SKT T1 Motherfaker
|c|☆sk8head|this is why i never run rock slide
|c|☆lsc29|Lol
|c|☆lsc29|Ye
|c|☆sk8head|ive never ever hit a rock slide lol
|c|☆sk8head|edge hits more for me than this thing
|
|t:|1708157582
|move|p2a: Heatran|Protect|p2a: Heatran
|-singleturn|p2a: Heatran|Protect
|move|p1a: Tyranitar|Rock Slide|p2a: Heatran
|-activate|p2a: Heatran|move: Protect
|
|-weather|Sandstorm|[upkeep]
|-heal|p2a: Heatran|82/100|[from] item: Leftovers
|upkeep
|turn|26
|
|t:|1708157584
|move|p1a: Tyranitar|Rock Slide|p2a: Heatran
|-end|p2a: Heatran|Substitute
|move|p2a: Heatran|Torment|p1a: Tyranitar
|-start|p1a: Tyranitar|Torment
|
|-weather|Sandstorm|[upkeep]
|-heal|p2a: Heatran|88/100|[from] item: Leftovers
|upkeep
|turn|27
|
|t:|1708157596
|switch|p1a: Mienshao|Mienshao, M|100/100
|-damage|p1a: Mienshao|95/100|[from] Stealth Rock
|-damage|p1a: Mienshao|78/100|[from] Spikes
|move|p2a: Heatran|Substitute|p2a: Heatran
|-start|p2a: Heatran|Substitute
|-damage|p2a: Heatran|63/100
|
|-weather|Sandstorm|[upkeep]
|-damage|p1a: Mienshao|72/100|[from] Sandstorm
|-heal|p2a: Heatran|69/100|[from] item: Leftovers
|upkeep
|turn|28
|
|t:|1708157599
|move|p2a: Heatran|Protect|p2a: Heatran
|-singleturn|p2a: Heatran|Protect
|move|p1a: Mienshao|U-turn|p2a: Heatran
|-activate|p2a: Heatran|move: Protect
|
|-weather|Sandstorm|[upkeep]
|-damage|p1a: Mienshao|66/100|[from] Sandstorm
|-heal|p2a: Heatran|76/100|[from] item: Leftovers
|upkeep
|turn|29
|
|t:|1708157603
|move|p1a: Mienshao|U-turn|p2a: Heatran
|-resisted|p2a: Heatran
|-activate|p2a: Heatran|Substitute|[damage]
|
|t:|1708157606
|switch|p1a: Scizor|Scizor, F|100/100|[from] U-turn
|-damage|p1a: Scizor|88/100|[from] Stealth Rock
|-damage|p1a: Scizor|72/100|[from] Spikes
|move|p2a: Heatran|Lava Plume|p1a: Scizor
|-supereffective|p1a: Scizor
|-damage|p1a: Scizor|0 fnt
|faint|p1a: Scizor
|
|-weather|Sandstorm|[upkeep]
|-heal|p2a: Heatran|82/100|[from] item: Leftovers
|upkeep
|
|t:|1708157609
|switch|p1a: Tyranitar|Tyranitar, M|72/100
|-damage|p1a: Tyranitar|59/100|[from] Stealth Rock
|-damage|p1a: Tyranitar|43/100|[from] Spikes
|turn|30
|
|t:|1708157612
|move|p2a: Heatran|Protect|p2a: Heatran
|-singleturn|p2a: Heatran|Protect
|move|p1a: Tyranitar|Rock Slide|p2a: Heatran
|-activate|p2a: Heatran|move: Protect
|
|-weather|Sandstorm|[upkeep]
|-heal|p2a: Heatran|88/100|[from] item: Leftovers
|upkeep
|turn|31
|
|t:|1708157614
|move|p1a: Tyranitar|Rock Slide|p2a: Heatran
|-end|p2a: Heatran|Substitute
|move|p2a: Heatran|Torment|p1a: Tyranitar
|-start|p1a: Tyranitar|Torment
|
|-weather|Sandstorm|[upkeep]
|-heal|p2a: Heatran|94/100|[from] item: Leftovers
|upkeep
|turn|32
|c|☆lsc29|Gg
|c|☆sk8head|yea it legit 60s
|c|☆lsc29|Sorry for cancer
|c|☆sk8head|nah nah lmfao
|c|☆sk8head|not ur fault brodie
|c|☆sk8head|ggs
|-message|sk8head forfeited.
|
|win|lsc29
|raw|sk8head's rating: 1325 &rarr; <strong>1318</strong><br />(-7 for losing)
|raw|lsc29's rating: 1602 &rarr; <strong>1609</strong><br />(+7 for winning)
|l|☆sk8head
|player|p1|
|l|☆lsc29
|player|p2|
