|j|Pleasure
|j|Gaeoa
|player|p1|Pleasure|126
|player|p2|Gaeoa|290
|gametype|singles
|gen|5
|tier|[Gen 5] OU
|rated
|seed|38176,36013,35948,42216
|rule|Evasion Abilities Clause: Evasion abilities are banned
|rule|Baton Pass Clause: Limit one Baton Passer, can't pass Spe and other stats simultaneously
|rule|Swagger Clause: Swagger is banned
|clearpoke
|poke|p1|Tyranitar, M|item
|poke|p1|Keldeo|item
|poke|p1|Darmanitan, F|item
|poke|p1|Scizor, M|item
|poke|p1|Latias, F|item
|poke|p1|Landorus-Therian, M|item
|poke|p2|Politoed, M|item
|poke|p2|Thundurus-Therian, M|item
|poke|p2|Toxicroak, M|item
|poke|p2|Rotom-Wash|item
|poke|p2|Scizor, F|item
|poke|p2|Ferrothorn, F|item
|rule|Sleep Clause Mod: Limit one foe put to sleep
|rule|Species Clause: Limit one of each Pokémon
|rule|OHKO Clause: OHKO moves are banned
|rule|Moody Clause: Moody is banned
|rule|Evasion Moves Clause: Evasion moves are banned
|rule|Endless Battle Clause: Forcing endless battles is banned
|rule|HP Percentage Mod: HP is shown in percentages
|teampreview
|choice|team 5, team 2, team 3, team 4, team 1, team 6|team 1, team 2, team 3, team 4, team 5, team 6
|
|start
|switch|p1a: Latias|Latias, F|301/301
|switch|p2a: Politoed|Politoed, M|380/380
|-weather|RainDance|[from] ability: Drizzle|[of] p2a: Politoed
|turn|1
|choice|move hiddenpower|switch 6
|
|switch|p2a: Ferrothorn|Ferrothorn, F|352/352
|move|p1a: Latias|Hidden Power|p2a: Ferrothorn
|-supereffective|p2a: Ferrothorn
|-damage|p2a: Ferrothorn|201/352
|-damage|p1a: Latias|271/301|[from] item: Life Orb
|
|-weather|RainDance|[upkeep]
|-heal|p2a: Ferrothorn|223/352|[from] item: Leftovers
|upkeep
|turn|2
|choice|move hiddenpower|move stealthrock
|
|move|p1a: Latias|Hidden Power|p2a: Ferrothorn
|-supereffective|p2a: Ferrothorn
|-damage|p2a: Ferrothorn|77/352
|-damage|p1a: Latias|241/301|[from] item: Life Orb
|move|p2a: Ferrothorn|Stealth Rock|p1a: Latias
|-sidestart|p1: Pleasure|move: Stealth Rock
|
|-weather|RainDance|[upkeep]
|-heal|p2a: Ferrothorn|99/352|[from] item: Leftovers
|upkeep
|turn|3
|j|Senior Chapo
|choice|move hiddenpower|move thunderwave
|
|move|p1a: Latias|Hidden Power|p2a: Ferrothorn
|-supereffective|p2a: Ferrothorn
|-damage|p2a: Ferrothorn|0 fnt
|-damage|p1a: Latias|211/301|[from] item: Life Orb
|faint|p2a: Ferrothorn
|
|-weather|RainDance|[upkeep]
|upkeep
|choice||switch 5
|
|switch|p2a: Scizor|Scizor, F|318/318
|turn|4
|choice|move hiddenpower|move uturn
|
|move|p1a: Latias|Hidden Power|p2a: Scizor
|-supereffective|p2a: Scizor
|-damage|p2a: Scizor|131/318
|-damage|p1a: Latias|181/301|[from] item: Life Orb
|move|p2a: Scizor|U-turn|p1a: Latias
|-supereffective|p1a: Latias
|-damage|p1a: Latias|0 fnt
|faint|p1a: Latias
|choice||switch 4
|
|switch|p2a: Rotom|Rotom-Wash|276/276
|
|-weather|RainDance|[upkeep]
|upkeep
|l|Senior Chapo
|j|test everything
|choice|switch 3|
|
|switch|p1a: Darmanitan|Darmanitan, F|351/351
|-damage|p1a: Darmanitan|264/351|[from] Stealth Rock
|turn|5
|choice|move superpower|switch 2
|
|switch|p2a: Thundurus|Thundurus-Therian, M|300/300
|move|p1a: Darmanitan|Superpower|p2a: Thundurus
|-resisted|p2a: Thundurus
|-damage|p2a: Thundurus|162/300
|-unboost|p1a: Darmanitan|atk|1
|-unboost|p1a: Darmanitan|def|1
|-damage|p1a: Darmanitan|229/351|[from] item: Life Orb
|
|-weather|RainDance|[upkeep]
|-heal|p2a: Thundurus|180/300|[from] item: Leftovers
|upkeep
|turn|6
|choice|move flareblitz|move substitute
|
|move|p2a: Thundurus|Substitute|p2a: Thundurus
|-start|p2a: Thundurus|Substitute
|-damage|p2a: Thundurus|105/300
|move|p1a: Darmanitan|Flare Blitz|p2a: Thundurus
|-crit|p2a: Thundurus
|-end|p2a: Thundurus|Substitute
|-damage|p1a: Darmanitan|204/351|[from] recoil|[of] p2a: Thundurus
|
|-weather|RainDance|[upkeep]
|-heal|p2a: Thundurus|123/300|[from] item: Leftovers
|upkeep
|turn|7
|choice|switch 5|move thunder
|
|switch|p1a: Tyranitar|Tyranitar, M|341/341
|-damage|p1a: Tyranitar|299/341|[from] Stealth Rock
|-weather|Sandstorm|[from] ability: Sand Stream|[of] p1a: Tyranitar
|move|p2a: Thundurus|Thunder|p1a: Tyranitar
|-damage|p1a: Tyranitar|139/341
|
|-weather|Sandstorm|[upkeep]
|-damage|p2a: Thundurus|105/300|[from] sandstorm
|-heal|p2a: Thundurus|123/300|[from] item: Leftovers
|upkeep
|turn|8
|choice|move pursuit|move focusblast
|
|move|p1a: Tyranitar|Pursuit|p2a: Thundurus
|-damage|p2a: Thundurus|15/300
|move|p2a: Thundurus|Focus Blast|p1a: Tyranitar
|-supereffective|p1a: Tyranitar
|-crit|p1a: Tyranitar
|-damage|p1a: Tyranitar|0 fnt
|faint|p1a: Tyranitar
|
|-weather|Sandstorm|[upkeep]
|-damage|p2a: Thundurus|0 fnt|[from] sandstorm
|upkeep
|faint|p2a: Thundurus
|choice|switch 2|switch 6
|
|switch|p1a: Keldeo|Keldeo|323/323
|switch|p2a: Politoed|Politoed, M|380/380
|-damage|p1a: Keldeo|303/323|[from] Stealth Rock
|-weather|RainDance|[from] ability: Drizzle|[of] p2a: Politoed
|turn|9
|choice|move secretsword|move hiddenpower
|
|move|p1a: Keldeo|Secret Sword|p2a: Politoed
|-damage|p2a: Politoed|91/380
|move|p2a: Politoed|Hidden Power|p1a: Keldeo
|-supereffective|p1a: Keldeo
|-damage|p1a: Keldeo|83/323
|
|-weather|RainDance|[upkeep]
|upkeep
|turn|10
|choice|move secretsword|switch 3
|
|switch|p2a: Toxicroak|Toxicroak, M|308/308
|move|p1a: Keldeo|Secret Sword|p2a: Toxicroak
|-resisted|p2a: Toxicroak
|-damage|p2a: Toxicroak|155/308
|
|-weather|RainDance|[upkeep]
|-heal|p2a: Toxicroak|193/308|[from] ability: Dry Skin
|upkeep
|turn|11
|choice|switch 4|move icepunch
|
|switch|p1a: Scizor|Scizor, M|343/343
|-damage|p1a: Scizor|301/343|[from] Stealth Rock
|move|p2a: Toxicroak|Ice Punch|p1a: Scizor
|-resisted|p1a: Scizor
|-damage|p1a: Scizor|244/343
|-damage|p2a: Toxicroak|163/308|[from] item: Life Orb
|
|-weather|RainDance|[upkeep]
|-heal|p2a: Toxicroak|201/308|[from] ability: Dry Skin
|-heal|p1a: Scizor|265/343|[from] item: Leftovers
|upkeep
|turn|12
|choice|move uturn|move crosschop
|
|move|p2a: Toxicroak|Cross Chop|p1a: Scizor
|-damage|p1a: Scizor|57/343
|-damage|p2a: Toxicroak|171/308|[from] item: Life Orb
|move|p1a: Scizor|U-turn|p2a: Toxicroak
|-resisted|p2a: Toxicroak
|-crit|p2a: Toxicroak
|-damage|p2a: Toxicroak|92/308
|choice|switch 4|
|
|switch|p1a: Keldeo|Keldeo|83/323
|-damage|p1a: Keldeo|63/323|[from] Stealth Rock
|
|-weather|RainDance|[upkeep]
|-heal|p2a: Toxicroak|130/308|[from] ability: Dry Skin
|upkeep
|turn|13
|choice|move secretsword|move suckerpunch
|
|move|p2a: Toxicroak|Sucker Punch|p1a: Keldeo
|-resisted|p1a: Keldeo
|-damage|p1a: Keldeo|0 fnt
|-damage|p2a: Toxicroak|100/308|[from] item: Life Orb
|faint|p1a: Keldeo
|
|-weather|RainDance|[upkeep]
|-heal|p2a: Toxicroak|138/308|[from] ability: Dry Skin
|upkeep
|choice|switch 4|
|
|switch|p1a: Scizor|Scizor, M|57/343
|-damage|p1a: Scizor|15/343|[from] Stealth Rock
|turn|14
|choice|move bulletpunch|move crosschop
|
|move|p1a: Scizor|Bullet Punch|p2a: Toxicroak
|-damage|p2a: Toxicroak|2/308
|move|p2a: Toxicroak|Cross Chop|p1a: Scizor
|-damage|p1a: Scizor|0 fnt
|-damage|p2a: Toxicroak|0 fnt|[from] item: Life Orb
|faint|p1a: Scizor
|faint|p2a: Toxicroak
|
|-weather|RainDance|[upkeep]
|upkeep
|choice|switch 6|switch 2
|
|switch|p1a: Landorus|Landorus-Therian, M|381/381
|switch|p2a: Rotom|Rotom-Wash|276/276
|-damage|p1a: Landorus|334/381|[from] Stealth Rock
|-ability|p1a: Landorus|Intimidate|boost
|-unboost|p2a: Rotom|atk|1
|turn|15
|choice|move stoneedge|move hydropump
|
|move|p2a: Rotom|Hydro Pump|p1a: Landorus
|-supereffective|p1a: Landorus
|-damage|p1a: Landorus|0 fnt
|faint|p1a: Landorus
|
|-weather|RainDance|[upkeep]
|upkeep
|-message|Pleasure forfeited.
|
|win|Gaeoa
|player|p1
|player|p2
|l|Pleasure
|raw|Pleasure's rating: 1585 &rarr; <strong>1553</strong><br />(-32 for losing)
|raw|Gaeoa's rating: 1329 &rarr; <strong>1362</strong><br />(+33 for winning)