|join|dberman1
|join|PiggK
|player|p1|dberman1|266
|player|p2|PiggK|127
|gametype|singles
|gen|5
|tier|[Gen 5] OU
|rated
|rule|Evasion Abilities Clause: Evasion abilities are banned
|clearpoke
|poke|p1|Kyurem-Black
|poke|p1|Vaporeon, F
|poke|p1|Abomasnow, M
|poke|p1|Heatran, F
|poke|p1|Forretress, M
|poke|p1|Reuniclus, F
|poke|p2|Landorus-Therian, M
|poke|p2|Sandslash, M
|poke|p2|Tyranitar, M
|poke|p2|Jellicent, M
|poke|p2|Scizor, F
|poke|p2|Shaymin
|rule|Sleep Clause Mod: Limit one foe put to sleep
|rule|Species Clause: Limit one of each Pokemon
|rule|OHKO Clause: OHKO moves are banned
|rule|Moody Clause: Moody is banned
|rule|Evasion Moves Clause: Evasion moves are banned
|rule|Endless Battle Clause: Forcing endless battles is banned.
|rule|HP Percentage Mod: HP is reported as percentages
|teampreview
|
|start
|switch|p1a: Forretress|Forretress, M|354/354
|switch|p2a: Tyranitar|Tyranitar, M|404/404
|-weather|Sandstorm|[from] ability: Sand Stream|[of] p2a: Tyranitar
|turn|1
|
|move|p2a: Tyranitar|Fire Blast|p1a: Forretress
|-supereffective|p1a: Forretress
|-damage|p1a: Forretress|0 fnt
|faint|p1a: Forretress
|
|-weather|Sandstorm|[upkeep]
|
|switch|p1a: Abomasnow|Abomasnow, M|321/321
|-weather|Hail|[from] ability: Snow Warning|[of] p1a: Abomasnow
|turn|2
|
|move|p1a: Abomasnow|Wood Hammer|p2a: Tyranitar
|-supereffective|p2a: Tyranitar
|-damage|p2a: Tyranitar|22/404
|-damage|p1a: Abomasnow|195/321|[from] recoil|[of] p2a: Tyranitar
|move|p2a: Tyranitar|Fire Blast|p1a: Abomasnow
|-supereffective|p1a: Abomasnow
|-damage|p1a: Abomasnow|0 fnt
|faint|p1a: Abomasnow
|
|-weather|Hail|[upkeep]
|-damage|p2a: Tyranitar|0 fnt|[from] hail
|faint|p2a: Tyranitar
|
|switch|p2a: Shaymin|Shaymin|341/341
|switch|p1a: Heatran|Heatran, F|386/386
|turn|3
|
|switch|p1a: Kyurem-Black|Kyurem-Black|405/405
|-ability|p1a: Kyurem-Black|Teravolt
|move|p2a: Shaymin|Earth Power|p1a: Kyurem-Black
|-damage|p1a: Kyurem-Black|301/405
|
|-weather|Hail|[upkeep]
|-damage|p2a: Shaymin|320/341|[from] hail
|-heal|p1a: Kyurem-Black|326/405|[from] item: Leftovers
|turn|4
|
|switch|p2a: Scizor|Scizor, F|344/344
|move|p1a: Kyurem-Black|Substitute|p1a: Kyurem-Black
|-start|p1a: Kyurem-Black|Substitute
|-damage|p1a: Kyurem-Black|225/405
|
|-weather|Hail|[upkeep]
|-damage|p2a: Scizor|323/344|[from] hail
|-heal|p1a: Kyurem-Black|250/405|[from] item: Leftovers
|turn|5
|
|move|p2a: Scizor|Bullet Punch|p1a: Kyurem-Black
|-supereffective|p1a: Kyurem-Black
|-end|p1a: Kyurem-Black|Substitute
|move|p1a: Kyurem-Black|Fusion Bolt|p2a: Scizor
|-damage|p2a: Scizor|155/344
|
|-weather|Hail|[upkeep]
|-damage|p2a: Scizor|134/344|[from] hail
|-heal|p1a: Kyurem-Black|275/405|[from] item: Leftovers
|turn|6
|
|switch|p1a: Heatran|Heatran, F|386/386
|move|p2a: Scizor|Bullet Punch|p1a: Heatran
|-resisted|p1a: Heatran
|-damage|p1a: Heatran|359/386
|
|-weather|Hail|[upkeep]
|-damage|p1a: Heatran|335/386|[from] hail
|-damage|p2a: Scizor|113/344|[from] hail
|-heal|p1a: Heatran|359/386|[from] item: Leftovers
|turn|7
|
|switch|p2a: Jellicent|Jellicent, M|403/403
|move|p1a: Heatran|Toxic|p2a: Jellicent
|-status|p2a: Jellicent|tox
|
|-weather|Hail|[upkeep]
|-damage|p1a: Heatran|335/386|[from] hail
|-damage|p2a: Jellicent|378/403 tox|[from] hail
|-heal|p1a: Heatran|359/386|[from] item: Leftovers
|-heal|p2a: Jellicent|403/403 tox|[from] item: Leftovers
|-damage|p2a: Jellicent|378/403 tox|[from] psn
|turn|8
|
|switch|p1a: Vaporeon|Vaporeon, F|464/464
|move|p2a: Jellicent|Scald|p1a: Vaporeon
|-immune|p1a: Vaporeon|[msg]
|
|-weather|Hail|[upkeep]
|-damage|p1a: Vaporeon|435/464|[from] hail
|-damage|p2a: Jellicent|353/403 tox|[from] hail
|-heal|p1a: Vaporeon|464/464|[from] item: Leftovers
|-heal|p2a: Jellicent|378/403 tox|[from] item: Leftovers
|-damage|p2a: Jellicent|328/403 tox|[from] psn
|turn|9
|
|switch|p1a: Reuniclus|Reuniclus, F|409/409
|move|p2a: Jellicent|Will-O-Wisp|p1a: Reuniclus
|-status|p1a: Reuniclus|brn
|
|-weather|Hail|[upkeep]
|-damage|p2a: Jellicent|303/403 tox|[from] hail
|-heal|p2a: Jellicent|328/403 tox|[from] item: Leftovers
|-damage|p2a: Jellicent|253/403 tox|[from] psn
|turn|10
|
|move|p2a: Jellicent|Taunt|p1a: Reuniclus
|-start|p1a: Reuniclus|move: Taunt
|cant|p1a: Reuniclus|move: Taunt|Trick Room
|
|-weather|Hail|[upkeep]
|-damage|p2a: Jellicent|228/403 tox|[from] hail
|-heal|p2a: Jellicent|253/403 tox|[from] item: Leftovers
|-damage|p2a: Jellicent|153/403 tox|[from] psn
|turn|11
|
|switch|p2a: Landorus-Therian|Landorus-Therian, M|381/381
|-ability|p2a: Landorus-Therian|Intimidate|[of] p1a: Reuniclus
|-unboost|p1a: Reuniclus|atk|1
|switch|p1a: Kyurem-Black|Kyurem-Black|275/405
|-ability|p1a: Kyurem-Black|Teravolt
|
|-weather|Hail|[upkeep]
|-damage|p2a: Landorus-Therian|358/381|[from] hail
|-heal|p1a: Kyurem-Black|300/405|[from] item: Leftovers
|-heal|p2a: Landorus-Therian|381/381|[from] item: Leftovers
|turn|12
|
|move|p1a: Kyurem-Black|Blizzard|p2a: Landorus-Therian
|-supereffective|p2a: Landorus-Therian
|-damage|p2a: Landorus-Therian|0 fnt
|faint|p2a: Landorus-Therian
|
|-weather|Hail|[upkeep]
|-heal|p1a: Kyurem-Black|325/405|[from] item: Leftovers
|
|switch|p2a: Scizor|Scizor, F|113/344
|turn|13
|
|switch|p1a: Heatran|Heatran, F|359/386
|move|p2a: Scizor|Bullet Punch|p1a: Heatran
|-resisted|p1a: Heatran
|-damage|p1a: Heatran|330/386
|
|-weather|Hail|[upkeep]
|-damage|p1a: Heatran|306/386|[from] hail
|-damage|p2a: Scizor|92/344|[from] hail
|-heal|p1a: Heatran|330/386|[from] item: Leftovers
|turn|14
|
|move|p1a: Heatran|Lava Plume|p2a: Scizor
|-supereffective|p2a: Scizor
|-damage|p2a: Scizor|0 fnt
|faint|p2a: Scizor
|
|-weather|Hail|[upkeep]
|-damage|p1a: Heatran|306/386|[from] hail
|-heal|p1a: Heatran|330/386|[from] item: Leftovers
|
|switch|p2a: Sandslash|Sandslash, M|292/292
|turn|15
|
|switch|p1a: Vaporeon|Vaporeon, F|464/464
|move|p2a: Sandslash|Earthquake|p1a: Vaporeon
|-damage|p1a: Vaporeon|272/464
|-damage|p2a: Sandslash|263/292|[from] item: Life Orb
|
|-weather|Hail|[upkeep]
|-damage|p2a: Sandslash|245/292|[from] hail
|-damage|p1a: Vaporeon|243/464|[from] hail
|-heal|p1a: Vaporeon|272/464|[from] item: Leftovers
|turn|16
|
|move|p2a: Sandslash|Earthquake|p1a: Vaporeon
|-crit|p1a: Vaporeon
|-damage|p1a: Vaporeon|0 fnt
|-damage|p2a: Sandslash|216/292|[from] item: Life Orb
|faint|p1a: Vaporeon
|
|-weather|Hail|[upkeep]
|-damage|p2a: Sandslash|198/292|[from] hail
|
|switch|p1a: Kyurem-Black|Kyurem-Black|325/405
|-ability|p1a: Kyurem-Black|Teravolt
|turn|17
|
|switch|p2a: Jellicent|Jellicent, M|153/403 tox
|move|p1a: Kyurem-Black|Blizzard|p2a: Jellicent
|-resisted|p2a: Jellicent
|-damage|p2a: Jellicent|73/403 tox
|
|-weather|Hail|[upkeep]
|-damage|p2a: Jellicent|48/403 tox|[from] hail
|-heal|p1a: Kyurem-Black|350/405|[from] item: Leftovers
|-heal|p2a: Jellicent|73/403 tox|[from] item: Leftovers
|-damage|p2a: Jellicent|48/403 tox|[from] psn
|turn|18
|
|move|p1a: Kyurem-Black|Substitute|p1a: Kyurem-Black
|-start|p1a: Kyurem-Black|Substitute
|-damage|p1a: Kyurem-Black|249/405
|move|p2a: Jellicent|Recover|p2a: Jellicent
|-heal|p2a: Jellicent|250/403 tox
|
|-weather|Hail|[upkeep]
|-damage|p2a: Jellicent|225/403 tox|[from] hail
|-heal|p1a: Kyurem-Black|274/405|[from] item: Leftovers
|-heal|p2a: Jellicent|250/403 tox|[from] item: Leftovers
|-damage|p2a: Jellicent|200/403 tox|[from] psn
|turn|19
|
|move|p1a: Kyurem-Black|Fusion Bolt|p2a: Jellicent
|-supereffective|p2a: Jellicent
|-damage|p2a: Jellicent|0 fnt
|faint|p2a: Jellicent
|
|-weather|Hail|[upkeep]
|-heal|p1a: Kyurem-Black|299/405|[from] item: Leftovers
|
|switch|p2a: Shaymin|Shaymin|320/341
|turn|20
|
|move|p2a: Shaymin|Seed Flare|p1a: Kyurem-Black
|-resisted|p1a: Kyurem-Black
|-activate|p1a: Kyurem-Black|Substitute|[damage]
|move|p1a: Kyurem-Black|Blizzard|p2a: Shaymin
|-supereffective|p2a: Shaymin
|-damage|p2a: Shaymin|0 fnt
|faint|p2a: Shaymin
|
|-weather|Hail|[upkeep]
|-heal|p1a: Kyurem-Black|324/405|[from] item: Leftovers
|
|switch|p2a: Sandslash|Sandslash, M|198/292
|turn|21
|
|move|p1a: Kyurem-Black|Blizzard|p2a: Sandslash
|-supereffective|p2a: Sandslash
|-damage|p2a: Sandslash|0 fnt
|faint|p2a: Sandslash
|
|win|dberman1
|raw|Ladder updating...
|raw|dberman1's rating: 1441 &rarr; <strong>1457</strong><br />(+16 for winning)
|raw|PiggK's rating: 1381 &rarr; <strong>1364</strong><br />(-17 for losing)
|chat|PiggK|gg
|leave|PiggK
|player|p2
|chat|dberman1|gg