|j|☆Aurum38
|j|☆blackkaiser
|player|p1|Aurum38|266|1311
|player|p2|blackkaiser|102|1485
|teamsize|p1|6
|teamsize|p2|6
|gametype|singles
|gen|5
|tier|[Gen 5] OU
|rated|
|clearpoke
|poke|p1|Latios, M|item
|poke|p1|Keldeo|item
|poke|p1|Politoed, F|item
|poke|p1|Ferrothorn, F|item
|poke|p1|Tentacruel, M|item
|poke|p1|Toxicroak, M|item
|poke|p2|Hippowdon, M|item
|poke|p2|Ferrothorn, F|item
|poke|p2|Jellicent, M|item
|poke|p2|Latios, M|item
|poke|p2|Garchomp, M|item
|poke|p2|Scizor, M|item
|rule|Species Clause: Limit one of each Pokémon
|rule|OHKO Clause: OHKO moves are banned
|rule|Moody Clause: Moody is banned
|rule|Evasion Moves Clause: Evasion moves are banned
|rule|Endless Battle Clause: Forcing endless battles is banned
|rule|HP Percentage Mod: HP is shown in percentages
|rule|Evasion Abilities Clause: Evasion abilities are banned
|rule|Baton Pass Clause: Limit one Baton Passer, can't pass Spe and other stats simultaneously
|rule|Sleep Clause: Sleep-inducing moves are banned
|rule|Swagger Clause: Swagger is banned
|teampreview
|inactive|Battle timer is ON: inactive players will automatically lose when time's up. (requested by blackkaiser)
|inactive|Aurum38 has 120 seconds left.
|
|start
|switch|p1a: Ferrothorn|Ferrothorn, F|100/100
|switch|p2a: Hippowdon|Hippowdon, M|100/100
|-weather|Sandstorm|[from] ability: Sand Stream|[of] p2a: Hippowdon
|turn|1
|
|move|p2a: Hippowdon|Stealth Rock|p1a: Ferrothorn
|-sidestart|p1: Aurum38|move: Stealth Rock
|move|p1a: Ferrothorn|Stealth Rock|p2a: Hippowdon
|-sidestart|p2: blackkaiser|move: Stealth Rock
|
|-weather|Sandstorm|[upkeep]
|upkeep
|turn|2
|
|switch|p2a: Ferrothorn|Ferrothorn, F|100/100
|-damage|p2a: Ferrothorn|95/100|[from] Stealth Rock
|move|p1a: Ferrothorn|Knock Off|p2a: Ferrothorn
|-resisted|p2a: Ferrothorn
|-damage|p2a: Ferrothorn|93/100
|-damage|p1a: Ferrothorn|88/100|[from] ability: Iron Barbs|[of] p2a: Ferrothorn
|-damage|p1a: Ferrothorn|72/100|[from] item: Rocky Helmet|[of] p2a: Ferrothorn
|-enditem|p2a: Ferrothorn|Rocky Helmet|[from] move: Knock Off|[of] p1a: Ferrothorn
|
|-weather|Sandstorm|[upkeep]
|-heal|p1a: Ferrothorn|78/100|[from] item: Leftovers
|upkeep
|turn|3
|j| cfhychgvf
|
|switch|p1a: Tentacruel|Tentacruel, M|100/100
|-damage|p1a: Tentacruel|88/100|[from] Stealth Rock
|move|p2a: Ferrothorn|Spikes|p1a: Tentacruel
|-sidestart|p1: Aurum38|Spikes
|
|-weather|Sandstorm|[upkeep]
|-damage|p1a: Tentacruel|82/100|[from] Sandstorm
|-heal|p1a: Tentacruel|88/100|[from] item: Black Sludge
|upkeep
|turn|4
|
|switch|p1a: Politoed|Politoed, F|100/100
|-damage|p1a: Politoed|88/100|[from] Spikes
|-damage|p1a: Politoed|76/100|[from] Stealth Rock
|-weather|RainDance|[from] ability: Drizzle|[of] p1a: Politoed
|switch|p2a: Jellicent|Jellicent, M|100/100
|-damage|p2a: Jellicent|88/100|[from] Stealth Rock
|
|-weather|RainDance|[upkeep]
|-heal|p1a: Politoed|82/100|[from] item: Leftovers
|-heal|p2a: Jellicent|94/100|[from] item: Leftovers
|upkeep
|turn|5
|
|switch|p1a: Tentacruel|Tentacruel, M|88/100
|-damage|p1a: Tentacruel|76/100|[from] Stealth Rock
|-damage|p1a: Tentacruel|63/100|[from] Spikes
|switch|p2a: Hippowdon|Hippowdon, M|100/100
|-damage|p2a: Hippowdon|94/100|[from] Stealth Rock
|-weather|Sandstorm|[from] ability: Sand Stream|[of] p2a: Hippowdon
|
|-weather|Sandstorm|[upkeep]
|-damage|p1a: Tentacruel|57/100|[from] Sandstorm
|-heal|p1a: Tentacruel|63/100|[from] item: Black Sludge
|-heal|p2a: Hippowdon|100/100|[from] item: Leftovers
|upkeep
|turn|6
|
|switch|p1a: Latios|Latios, M|100/100
|-damage|p1a: Latios|88/100|[from] Stealth Rock
|switch|p2a: Jellicent|Jellicent, M|94/100
|-damage|p2a: Jellicent|82/100|[from] Stealth Rock
|
|-weather|Sandstorm|[upkeep]
|-damage|p1a: Latios|82/100|[from] Sandstorm
|-damage|p2a: Jellicent|76/100|[from] Sandstorm
|-heal|p2a: Jellicent|82/100|[from] item: Leftovers
|upkeep
|turn|7
|
|move|p1a: Latios|Trick|p2a: Jellicent
|-activate|p1a: Latios|move: Trick|[of] p2a: Jellicent
|-item|p2a: Jellicent|Choice Specs|[from] move: Trick
|-item|p1a: Latios|Leftovers|[from] move: Trick
|move|p2a: Jellicent|Shadow Ball|p1a: Latios
|-supereffective|p1a: Latios
|-damage|p1a: Latios|12/100
|
|-weather|Sandstorm|[upkeep]
|-damage|p1a: Latios|6/100|[from] Sandstorm
|-damage|p2a: Jellicent|76/100|[from] Sandstorm
|-heal|p1a: Latios|12/100|[from] item: Leftovers
|upkeep
|turn|8
|
|switch|p1a: Ferrothorn|Ferrothorn, F|78/100
|-damage|p1a: Ferrothorn|72/100|[from] Stealth Rock
|-damage|p1a: Ferrothorn|59/100|[from] Spikes
|move|p2a: Jellicent|Shadow Ball|p1a: Ferrothorn
|-resisted|p1a: Ferrothorn
|-damage|p1a: Ferrothorn|46/100
|
|-weather|Sandstorm|[upkeep]
|-damage|p2a: Jellicent|69/100|[from] Sandstorm
|-heal|p1a: Ferrothorn|51/100|[from] item: Leftovers
|upkeep
|turn|9
|
|switch|p2a: Ferrothorn|Ferrothorn, F|93/100
|-damage|p2a: Ferrothorn|87/100|[from] Stealth Rock
|move|p1a: Ferrothorn|Leech Seed|p2a: Ferrothorn
|-immune|p2a: Ferrothorn
|
|-weather|Sandstorm|[upkeep]
|-heal|p1a: Ferrothorn|57/100|[from] item: Leftovers
|upkeep
|turn|10
|
|switch|p1a: Toxicroak|Toxicroak, M|100/100
|-damage|p1a: Toxicroak|94/100|[from] Stealth Rock
|-damage|p1a: Toxicroak|82/100|[from] Spikes
|move|p2a: Ferrothorn|Spikes|p1a: Toxicroak
|-sidestart|p1: Aurum38|Spikes
|
|-weather|Sandstorm|[upkeep]
|-damage|p1a: Toxicroak|76/100|[from] Sandstorm
|upkeep
|turn|11
|
|switch|p2a: Hippowdon|Hippowdon, M|100/100
|-damage|p2a: Hippowdon|94/100|[from] Stealth Rock
|move|p1a: Toxicroak|Swords Dance|p1a: Toxicroak
|-boost|p1a: Toxicroak|atk|2
|
|-weather|Sandstorm|[upkeep]
|-damage|p1a: Toxicroak|70/100|[from] Sandstorm
|-heal|p2a: Hippowdon|100/100|[from] item: Leftovers
|upkeep
|turn|12
|
|move|p1a: Toxicroak|Ice Punch|p2a: Hippowdon
|-supereffective|p2a: Hippowdon
|-damage|p2a: Hippowdon|33/100
|-damage|p1a: Toxicroak|60/100|[from] item: Life Orb
|move|p2a: Hippowdon|Earthquake|p1a: Toxicroak
|-supereffective|p1a: Toxicroak
|-damage|p1a: Toxicroak|0 fnt
|faint|p1a: Toxicroak
|
|-weather|Sandstorm|[upkeep]
|-heal|p2a: Hippowdon|40/100|[from] item: Leftovers
|upkeep
|
|switch|p1a: Politoed|Politoed, F|82/100
|-damage|p1a: Politoed|66/100|[from] Spikes
|-damage|p1a: Politoed|53/100|[from] Stealth Rock
|-weather|RainDance|[from] ability: Drizzle|[of] p1a: Politoed
|turn|13
|
|switch|p2a: Jellicent|Jellicent, M|69/100
|-damage|p2a: Jellicent|57/100|[from] Stealth Rock
|move|p1a: Politoed|Scald|p2a: Jellicent
|-heal|p2a: Jellicent|82/100|[from] ability: Water Absorb|[of] p1a: Politoed
|
|-weather|RainDance|[upkeep]
|-heal|p1a: Politoed|59/100|[from] item: Leftovers
|upkeep
|turn|14
|
|switch|p2a: Hippowdon|Hippowdon, M|40/100
|-damage|p2a: Hippowdon|33/100|[from] Stealth Rock
|-weather|Sandstorm|[from] ability: Sand Stream|[of] p2a: Hippowdon
|move|p1a: Politoed|Protect||[still]
|-fail|p1a: Politoed
|
|-weather|Sandstorm|[upkeep]
|-damage|p1a: Politoed|53/100|[from] Sandstorm
|-heal|p1a: Politoed|59/100|[from] item: Leftovers
|-heal|p2a: Hippowdon|40/100|[from] item: Leftovers
|upkeep
|turn|15
|
|switch|p2a: Jellicent|Jellicent, M|82/100
|-damage|p2a: Jellicent|69/100|[from] Stealth Rock
|move|p1a: Politoed|Scald|p2a: Jellicent
|-heal|p2a: Jellicent|94/100|[from] ability: Water Absorb|[of] p1a: Politoed
|
|-weather|Sandstorm|[upkeep]
|-damage|p1a: Politoed|53/100|[from] Sandstorm
|-damage|p2a: Jellicent|88/100|[from] Sandstorm
|-heal|p1a: Politoed|59/100|[from] item: Leftovers
|upkeep
|turn|16
|
|move|p1a: Politoed|Toxic|p2a: Jellicent
|-status|p2a: Jellicent|tox
|move|p2a: Jellicent|Shadow Ball|p1a: Politoed
|-damage|p1a: Politoed|27/100
|
|-weather|Sandstorm|[upkeep]
|-damage|p1a: Politoed|21/100|[from] Sandstorm
|-damage|p2a: Jellicent|82/100 tox|[from] Sandstorm
|-heal|p1a: Politoed|27/100|[from] item: Leftovers
|-damage|p2a: Jellicent|76/100 tox|[from] psn
|upkeep
|turn|17
|
|switch|p1a: Ferrothorn|Ferrothorn, F|57/100
|-damage|p1a: Ferrothorn|41/100|[from] Spikes
|-damage|p1a: Ferrothorn|35/100|[from] Stealth Rock
|move|p2a: Jellicent|Shadow Ball|p1a: Ferrothorn
|-resisted|p1a: Ferrothorn
|-crit|p1a: Ferrothorn
|-damage|p1a: Ferrothorn|11/100
|
|-weather|Sandstorm|[upkeep]
|-damage|p2a: Jellicent|69/100 tox|[from] Sandstorm
|-heal|p1a: Ferrothorn|17/100|[from] item: Leftovers
|-damage|p2a: Jellicent|57/100 tox|[from] psn
|upkeep
|turn|18
|
|switch|p2a: Scizor|Scizor, M|100/100
|-damage|p2a: Scizor|88/100|[from] Stealth Rock
|move|p1a: Ferrothorn|Knock Off|p2a: Scizor
|-resisted|p2a: Scizor
|-damage|p2a: Scizor|86/100
|-enditem|p2a: Scizor|Choice Band|[from] move: Knock Off|[of] p1a: Ferrothorn
|
|-weather|Sandstorm|[upkeep]
|-heal|p1a: Ferrothorn|23/100|[from] item: Leftovers
|upkeep
|turn|19
|
|move|p2a: Scizor|Superpower|p1a: Ferrothorn
|-supereffective|p1a: Ferrothorn
|-damage|p1a: Ferrothorn|0 fnt
|-unboost|p2a: Scizor|atk|1
|-unboost|p2a: Scizor|def|1
|-damage|p2a: Scizor|74/100|[from] ability: Iron Barbs|[of] p1a: Ferrothorn
|faint|p1a: Ferrothorn
|
|-weather|Sandstorm|[upkeep]
|upkeep
|
|switch|p1a: Politoed|Politoed, F|27/100
|-damage|p1a: Politoed|15/100|[from] Stealth Rock
|-damage|p1a: Politoed|0 fnt|[from] Spikes
|faint|p1a: Politoed
|-message|Aurum38 forfeited.
|
|win|blackkaiser
|l|☆Aurum38
|raw|Aurum38's rating: 1312 &rarr; <strong>1301</strong><br />(-11 for losing)
|raw|blackkaiser's rating: 1495 &rarr; <strong>1505</strong><br />(+10 for winning)
