|j|☆Willthekid65934
|j|☆dvdalt
|t:|1709950142
|gametype|singles
|player|p1|Willthekid65934|steven|1343
|player|p2|dvdalt|1|1388
|teamsize|p1|6
|teamsize|p2|6
|gen|5
|tier|[Gen 5] OU
|rated|
|rule|Species Clause: Limit one of each Pokémon
|rule|OHKO Clause: OHKO moves are banned
|rule|Moody Clause: Moody is banned
|rule|Evasion Items Clause: Evasion items are banned
|rule|Evasion Moves Clause: Evasion moves are banned
|rule|Endless Battle Clause: Forcing endless battles is banned
|rule|HP Percentage Mod: HP is shown in percentages
|rule|Evasion Abilities Clause: Evasion abilities are banned
|rule|Sleep Moves Clause: Sleep-inducing moves are banned
|rule|Swagger Clause: Swagger is banned
|rule|Baton Pass Stat Clause: No Baton Passer may have a way to boost its stats
|clearpoke
|poke|p1|Gliscor, F|item
|poke|p1|Tyranitar, F|item
|poke|p1|Mamoswine, F|item
|poke|p1|Keldeo|item
|poke|p1|Amoonguss, F|item
|poke|p1|Excadrill, M|item
|poke|p2|Politoed, M|item
|poke|p2|Ferrothorn, F|item
|poke|p2|Tentacruel, M|item
|poke|p2|Thundurus-Therian, M|item
|poke|p2|Scizor, M|item
|poke|p2|Volcarona, M|item
|teampreview
|inactive|Battle timer is ON: inactive players will automatically lose when time's up. (requested by Willthekid65934)
|
|t:|1709950153
|start
|switch|p1a: Mushroom man|Amoonguss, F|100/100
|switch|p2a: Scizor|Scizor, M|100/100
|turn|1
|
|t:|1709950156
|move|p2a: Scizor|U-turn|p1a: Mushroom man
|-damage|p1a: Mushroom man|35/100
|
|t:|1709950160
|switch|p2a: Tentacruel|Tentacruel, M|100/100|[from] U-turn
|move|p1a: Mushroom man|Stun Spore|p2a: Tentacruel
|-status|p2a: Tentacruel|par
|
|-heal|p1a: Mushroom man|42/100|[from] item: Black Sludge
|upkeep
|turn|2
|
|t:|1709950167
|switch|p1a: kirin|Keldeo|100/100
|move|p2a: Tentacruel|Scald|p1a: kirin
|-resisted|p1a: kirin
|-damage|p1a: kirin|87/100
|-status|p1a: kirin|brn
|
|-heal|p1a: kirin|94/100 brn|[from] item: Leftovers
|-damage|p1a: kirin|81/100 brn|[from] brn
|upkeep
|turn|3
|
|t:|1709950174
|switch|p1a: Mushroom man|Amoonguss, F|75/100
|cant|p2a: Tentacruel|par
|
|-heal|p1a: Mushroom man|81/100|[from] item: Black Sludge
|upkeep
|turn|4
|
|t:|1709950181
|move|p1a: Mushroom man|Sludge Bomb|p2a: Tentacruel
|-resisted|p2a: Tentacruel
|-damage|p2a: Tentacruel|89/100 par
|move|p2a: Tentacruel|Scald|p1a: Mushroom man
|-resisted|p1a: Mushroom man
|-damage|p1a: Mushroom man|73/100
|
|-heal|p1a: Mushroom man|80/100|[from] item: Black Sludge
|-heal|p2a: Tentacruel|95/100 par|[from] item: Black Sludge
|upkeep
|turn|5
|
|t:|1709950188
|move|p1a: Mushroom man|Giga Drain|p2a: Tentacruel
|-damage|p2a: Tentacruel|76/100 par
|-heal|p1a: Mushroom man|88/100|[from] drain|[of] p2a: Tentacruel
|move|p2a: Tentacruel|Scald|p1a: Mushroom man
|-resisted|p1a: Mushroom man
|-damage|p1a: Mushroom man|80/100
|
|-heal|p1a: Mushroom man|87/100|[from] item: Black Sludge
|-heal|p2a: Tentacruel|82/100 par|[from] item: Black Sludge
|upkeep
|turn|6
|
|t:|1709950192
|move|p1a: Mushroom man|Giga Drain|p2a: Tentacruel
|-damage|p2a: Tentacruel|65/100 par
|-heal|p1a: Mushroom man|94/100|[from] drain|[of] p2a: Tentacruel
|cant|p2a: Tentacruel|par
|
|-heal|p1a: Mushroom man|99/100|[from] item: Black Sludge
|-heal|p2a: Tentacruel|71/100 par|[from] item: Black Sludge
|upkeep
|turn|7
|
|t:|1709950197
|move|p1a: Mushroom man|Giga Drain|p2a: Tentacruel
|-damage|p2a: Tentacruel|52/100 par
|-heal|p1a: Mushroom man|100/100|[from] drain|[of] p2a: Tentacruel
|cant|p2a: Tentacruel|par
|
|-heal|p2a: Tentacruel|58/100 par|[from] item: Black Sludge
|upkeep
|turn|8
|
|t:|1709950205
|move|p1a: Mushroom man|Giga Drain|p2a: Tentacruel
|-damage|p2a: Tentacruel|41/100 par
|cant|p2a: Tentacruel|par
|
|-heal|p2a: Tentacruel|47/100 par|[from] item: Black Sludge
|upkeep
|turn|9
|
|t:|1709950212
|switch|p2a: Volcarona|Volcarona, M|100/100
|move|p1a: Mushroom man|Giga Drain|p2a: Volcarona
|-resisted|p2a: Volcarona
|-damage|p2a: Volcarona|95/100
|
|upkeep
|turn|10
|
|t:|1709950214
|move|p2a: Volcarona|Quiver Dance|p2a: Volcarona
|-boost|p2a: Volcarona|spa|1
|-boost|p2a: Volcarona|spd|1
|-boost|p2a: Volcarona|spe|1
|move|p1a: Mushroom man|Stun Spore|p2a: Volcarona
|-status|p2a: Volcarona|par
|-enditem|p2a: Volcarona|Lum Berry|[eat]
|-curestatus|p2a: Volcarona|par|[msg]
|
|upkeep
|turn|11
|
|t:|1709950222
|switch|p1a: Godzilla|Tyranitar, F|100/100
|-weather|Sandstorm|[from] ability: Sand Stream|[of] p1a: Godzilla
|move|p2a: Volcarona|Flamethrower|p1a: Godzilla
|-resisted|p1a: Godzilla
|-damage|p1a: Godzilla|81/100
|
|-weather|Sandstorm|[upkeep]
|-damage|p2a: Volcarona|89/100|[from] Sandstorm
|upkeep
|turn|12
|
|t:|1709950225
|move|p2a: Volcarona|Bug Buzz|p1a: Godzilla
|-supereffective|p1a: Godzilla
|-damage|p1a: Godzilla|4/100
|move|p1a: Godzilla|Crunch|p2a: Volcarona
|-damage|p2a: Volcarona|26/100
|
|-weather|Sandstorm|[upkeep]
|-damage|p2a: Volcarona|19/100|[from] Sandstorm
|upkeep
|turn|13
|
|t:|1709950237
|switch|p1a: kirin|Keldeo|81/100 brn
|move|p2a: Volcarona|Bug Buzz|p1a: kirin
|-resisted|p1a: kirin
|-damage|p1a: kirin|37/100 brn
|
|-weather|Sandstorm|[upkeep]
|-damage|p2a: Volcarona|13/100|[from] Sandstorm
|-damage|p1a: kirin|31/100 brn|[from] Sandstorm
|-heal|p1a: kirin|37/100 brn|[from] item: Leftovers
|-damage|p1a: kirin|24/100 brn|[from] brn
|upkeep
|turn|14
|
|t:|1709950242
|move|p2a: Volcarona|Bug Buzz|p1a: kirin
|-resisted|p1a: kirin
|-crit|p1a: kirin
|-damage|p1a: kirin|0 fnt
|faint|p1a: kirin
|
|-weather|Sandstorm|[upkeep]
|-damage|p2a: Volcarona|7/100|[from] Sandstorm
|upkeep
|
|t:|1709950245
|switch|p1a: Manny|Mamoswine, F|100/100
|turn|15
|
|t:|1709950248
|move|p1a: Manny|Ice Shard|p2a: Volcarona
|-resisted|p2a: Volcarona
|-damage|p2a: Volcarona|0 fnt
|faint|p2a: Volcarona
|
|-weather|Sandstorm|[upkeep]
|upkeep
|
|t:|1709950251
|switch|p2a: Politoed|Politoed, M|100/100
|-weather|RainDance|[from] ability: Drizzle|[of] p2a: Politoed
|turn|16
|
|t:|1709950253
|switch|p1a: Mushroom man|Amoonguss, F|100/100
|move|p2a: Politoed|Toxic|p1a: Mushroom man
|-immune|p1a: Mushroom man
|
|-weather|RainDance|[upkeep]
|upkeep
|turn|17
|
|t:|1709950260
|switch|p2a: Thundurus|Thundurus-Therian, M|100/100
|move|p1a: Mushroom man|Stun Spore|p2a: Thundurus
|-status|p2a: Thundurus|par
|
|-weather|RainDance|[upkeep]
|upkeep
|turn|18
|
|t:|1709950264
|move|p1a: Mushroom man|Sludge Bomb|p2a: Thundurus
|-damage|p2a: Thundurus|61/100 par
|cant|p2a: Thundurus|par
|
|-weather|RainDance|[upkeep]
|upkeep
|turn|19
|
|t:|1709950269
|move|p1a: Mushroom man|Sludge Bomb|p2a: Thundurus
|-damage|p2a: Thundurus|23/100 par
|move|p2a: Thundurus|Agility|p2a: Thundurus
|-boost|p2a: Thundurus|spe|2
|
|-weather|RainDance|[upkeep]
|upkeep
|turn|20
|
|t:|1709950272
|cant|p2a: Thundurus|par
|move|p1a: Mushroom man|Sludge Bomb|p2a: Thundurus
|-damage|p2a: Thundurus|0 fnt
|faint|p2a: Thundurus
|
|-weather|RainDance|[upkeep]
|upkeep
|
|t:|1709950277
|switch|p2a: Scizor|Scizor, M|100/100
|turn|21
|
|t:|1709950280
|move|p2a: Scizor|U-turn|p1a: Mushroom man
|-damage|p1a: Mushroom man|44/100
|
|t:|1709950283
|switch|p2a: Tentacruel|Tentacruel, M|47/100 par|[from] U-turn
|move|p1a: Mushroom man|Stun Spore|p2a: Tentacruel
|-fail|p2a: Tentacruel|par
|
|-weather|RainDance|[upkeep]
|-heal|p2a: Tentacruel|53/100 par|[from] ability: Rain Dish
|-heal|p1a: Mushroom man|50/100|[from] item: Black Sludge
|-heal|p2a: Tentacruel|59/100 par|[from] item: Black Sludge
|upkeep
|turn|22
|
|t:|1709950288
|move|p1a: Mushroom man|Giga Drain|p2a: Tentacruel
|-damage|p2a: Tentacruel|42/100 par
|-heal|p1a: Mushroom man|57/100|[from] drain|[of] p2a: Tentacruel
|move|p2a: Tentacruel|Scald|p1a: Mushroom man
|-resisted|p1a: Mushroom man
|-damage|p1a: Mushroom man|46/100
|
|-weather|RainDance|[upkeep]
|-heal|p2a: Tentacruel|48/100 par|[from] ability: Rain Dish
|-heal|p1a: Mushroom man|52/100|[from] item: Black Sludge
|-heal|p2a: Tentacruel|54/100 par|[from] item: Black Sludge
|upkeep
|turn|23
|
|t:|1709950299
|switch|p1a: Godzilla|Tyranitar, F|4/100
|-weather|Sandstorm|[from] ability: Sand Stream|[of] p1a: Godzilla
|cant|p2a: Tentacruel|par
|
|-weather|Sandstorm|[upkeep]
|-damage|p2a: Tentacruel|48/100 par|[from] Sandstorm
|-heal|p2a: Tentacruel|54/100 par|[from] item: Black Sludge
|upkeep
|turn|24
|
|t:|1709950304
|switch|p1a: Mushroom man|Amoonguss, F|85/100
|move|p2a: Tentacruel|Scald|p1a: Mushroom man
|-resisted|p1a: Mushroom man
|-damage|p1a: Mushroom man|77/100
|
|-weather|Sandstorm|[upkeep]
|-damage|p1a: Mushroom man|71/100|[from] Sandstorm
|-damage|p2a: Tentacruel|48/100 par|[from] Sandstorm
|-heal|p1a: Mushroom man|77/100|[from] item: Black Sludge
|-heal|p2a: Tentacruel|54/100 par|[from] item: Black Sludge
|upkeep
|turn|25
|
|t:|1709950307
|move|p1a: Mushroom man|Sludge Bomb|p2a: Tentacruel
|-resisted|p2a: Tentacruel
|-damage|p2a: Tentacruel|44/100 par
|move|p2a: Tentacruel|Scald|p1a: Mushroom man
|-resisted|p1a: Mushroom man
|-damage|p1a: Mushroom man|69/100
|
|-weather|Sandstorm|[upkeep]
|-damage|p1a: Mushroom man|63/100|[from] Sandstorm
|-damage|p2a: Tentacruel|38/100 par|[from] Sandstorm
|-heal|p1a: Mushroom man|69/100|[from] item: Black Sludge
|-heal|p2a: Tentacruel|44/100 par|[from] item: Black Sludge
|upkeep
|turn|26
|
|t:|1709950312
|move|p1a: Mushroom man|Sludge Bomb|p2a: Tentacruel
|-resisted|p2a: Tentacruel
|-damage|p2a: Tentacruel|32/100 par
|move|p2a: Tentacruel|Scald|p1a: Mushroom man
|-resisted|p1a: Mushroom man
|-damage|p1a: Mushroom man|62/100
|
|-weather|Sandstorm|[upkeep]
|-damage|p1a: Mushroom man|56/100|[from] Sandstorm
|-damage|p2a: Tentacruel|26/100 par|[from] Sandstorm
|-heal|p1a: Mushroom man|62/100|[from] item: Black Sludge
|-heal|p2a: Tentacruel|32/100 par|[from] item: Black Sludge
|upkeep
|turn|27
|c|☆Willthekid65934|Bro
|c|☆dvdalt|imagine a burn lmao
|
|t:|1709950326
|switch|p2a: Politoed|Politoed, M|100/100
|-weather|RainDance|[from] ability: Drizzle|[of] p2a: Politoed
|move|p1a: Mushroom man|Sludge Bomb|p2a: Politoed
|-damage|p2a: Politoed|74/100
|-status|p2a: Politoed|psn
|
|-weather|RainDance|[upkeep]
|-heal|p2a: Politoed|81/100 psn|[from] item: Leftovers
|-heal|p1a: Mushroom man|68/100|[from] item: Black Sludge
|-damage|p2a: Politoed|68/100 psn|[from] psn
|upkeep
|turn|28
|c|☆Willthekid65934|A mushroom basically solo your team
|
|t:|1709950353
|switch|p2a: Tentacruel|Tentacruel, M|32/100 par
|move|p1a: Mushroom man|Giga Drain|p2a: Tentacruel
|-crit|p2a: Tentacruel
|-damage|p2a: Tentacruel|0 fnt
|-heal|p1a: Mushroom man|81/100|[from] drain|[of] p2a: Tentacruel
|faint|p2a: Tentacruel
|
|-weather|RainDance|[upkeep]
|-heal|p1a: Mushroom man|87/100|[from] item: Black Sludge
|upkeep
|
|t:|1709950359
|switch|p2a: Scizor|Scizor, M|100/100
|turn|29
|
|t:|1709950363
|switch|p1a: Mole man|Excadrill, M|100/100
|move|p2a: Scizor|U-turn|p1a: Mole man
|-resisted|p1a: Mole man
|-damage|p1a: Mole man|60/100
|
|t:|1709950365
|switch|p2a: Ferrothorn|Ferrothorn, F|100/100|[from] U-turn
|
|-weather|RainDance|[upkeep]
|-heal|p1a: Mole man|66/100|[from] item: Leftovers
|upkeep
|turn|30
|
|t:|1709950370
|move|p1a: Mole man|Protect|p1a: Mole man
|-singleturn|p1a: Mole man|Protect
|move|p2a: Ferrothorn|Power Whip|p1a: Mole man
|-activate|p1a: Mole man|move: Protect
|
|-weather|RainDance|[upkeep]
|-heal|p1a: Mole man|72/100|[from] item: Leftovers
|upkeep
|turn|31
|
|t:|1709950376
|switch|p1a: Mushroom man|Amoonguss, F|100/100
|move|p2a: Ferrothorn|Stealth Rock|p1a: Mushroom man
|-sidestart|p1: Willthekid65934|move: Stealth Rock
|
|-weather|RainDance|[upkeep]
|upkeep
|turn|32
|
|t:|1709950380
|move|p1a: Mushroom man|Stun Spore|p2a: Ferrothorn
|-status|p2a: Ferrothorn|par
|cant|p2a: Ferrothorn|par
|
|-weather|RainDance|[upkeep]
|upkeep
|turn|33
|
|t:|1709950384
|switch|p1a: Mole man|Excadrill, M|72/100
|-damage|p1a: Mole man|69/100|[from] Stealth Rock
|cant|p2a: Ferrothorn|par
|
|-weather|RainDance|[upkeep]
|-heal|p1a: Mole man|75/100|[from] item: Leftovers
|upkeep
|turn|34
|c|☆dvdalt|32 turns 17 para lmao
|
|t:|1709950392
|move|p1a: Mole man|Rapid Spin|p2a: Ferrothorn
|-resisted|p2a: Ferrothorn
|-damage|p2a: Ferrothorn|99/100 par
|-damage|p1a: Mole man|62/100|[from] ability: Iron Barbs|[of] p2a: Ferrothorn
|-sideend|p1: Willthekid65934|Stealth Rock|[from] move: Rapid Spin|[of] p1a: Mole man
|move|p2a: Ferrothorn|Knock Off|p1a: Mole man
|-resisted|p1a: Mole man
|-damage|p1a: Mole man|60/100
|-enditem|p1a: Mole man|Leftovers|[from] move: Knock Off|[of] p2a: Ferrothorn
|
|-weather|RainDance|[upkeep]
|-heal|p2a: Ferrothorn|100/100 par|[from] item: Leftovers
|upkeep
|turn|35
|
|t:|1709950397
|switch|p1a: Godzilla|Tyranitar, F|4/100
|-weather|Sandstorm|[from] ability: Sand Stream|[of] p1a: Godzilla
|move|p2a: Ferrothorn|Leech Seed|p1a: Godzilla
|-start|p1a: Godzilla|move: Leech Seed
|
|-weather|Sandstorm|[upkeep]
|-damage|p1a: Godzilla|0 fnt|[from] Leech Seed|[of] p2a: Ferrothorn
|faint|p1a: Godzilla
|upkeep
|
|t:|1709950402
|switch|p1a: Mushroom man|Amoonguss, F|100/100
|turn|36
|
|t:|1709950407
|move|p1a: Mushroom man|Hidden Power|p2a: Ferrothorn
|-supereffective|p2a: Ferrothorn
|-damage|p2a: Ferrothorn|49/100 par
|move|p2a: Ferrothorn|Knock Off|p1a: Mushroom man
|-damage|p1a: Mushroom man|96/100
|-enditem|p1a: Mushroom man|Black Sludge|[from] move: Knock Off|[of] p2a: Ferrothorn
|
|-weather|Sandstorm|[upkeep]
|-damage|p1a: Mushroom man|90/100|[from] Sandstorm
|-heal|p2a: Ferrothorn|56/100 par|[from] item: Leftovers
|upkeep
|turn|37
|
|t:|1709950412
|switch|p2a: Politoed|Politoed, M|68/100 psn
|-weather|RainDance|[from] ability: Drizzle|[of] p2a: Politoed
|move|p1a: Mushroom man|Hidden Power|p2a: Politoed
|-resisted|p2a: Politoed
|-damage|p2a: Politoed|65/100 psn
|
|-weather|RainDance|[upkeep]
|-heal|p2a: Politoed|71/100 psn|[from] item: Leftovers
|-damage|p2a: Politoed|59/100 psn|[from] psn
|upkeep
|turn|38
|
|t:|1709950420
|move|p2a: Politoed|Scald|p1a: Mushroom man
|-resisted|p1a: Mushroom man
|-damage|p1a: Mushroom man|76/100
|move|p1a: Mushroom man|Giga Drain|p2a: Politoed
|-supereffective|p2a: Politoed
|-damage|p2a: Politoed|21/100 psn
|-heal|p1a: Mushroom man|94/100|[from] drain|[of] p2a: Politoed
|
|-weather|RainDance|[upkeep]
|-heal|p2a: Politoed|27/100 psn|[from] item: Leftovers
|-damage|p2a: Politoed|14/100 psn|[from] psn
|upkeep
|turn|39
|
|t:|1709950426
|move|p2a: Politoed|Scald|p1a: Mushroom man
|-resisted|p1a: Mushroom man
|-damage|p1a: Mushroom man|80/100
|move|p1a: Mushroom man|Giga Drain|p2a: Politoed
|-supereffective|p2a: Politoed
|-crit|p2a: Politoed
|-damage|p2a: Politoed|0 fnt
|-heal|p1a: Mushroom man|87/100|[from] drain|[of] p2a: Politoed
|faint|p2a: Politoed
|
|-weather|RainDance|[upkeep]
|upkeep
|c|☆dvdalt|fr tho
|
|t:|1709950439
|switch|p2a: Scizor|Scizor, M|100/100
|turn|40
|c|☆Willthekid65934|XD
|
|t:|1709950451
|switch|p1a: Dracula|Gliscor, F|100/100
|move|p2a: Scizor|U-turn|p1a: Dracula
|-resisted|p1a: Dracula
|-damage|p1a: Dracula|77/100
|
|t:|1709950454
|switch|p2a: Ferrothorn|Ferrothorn, F|56/100 par|[from] U-turn
|
|-weather|RainDance|[upkeep]
|-heal|p2a: Ferrothorn|62/100 par|[from] item: Leftovers
|-status|p1a: Dracula|tox|[from] item: Toxic Orb
|upkeep
|turn|41
|
|t:|1709950457
|move|p1a: Dracula|Earthquake|p2a: Ferrothorn
|-damage|p2a: Ferrothorn|41/100 par
|move|p2a: Ferrothorn|Leech Seed|p1a: Dracula
|-start|p1a: Dracula|move: Leech Seed
|
|-weather|RainDance|[upkeep]
|-heal|p2a: Ferrothorn|47/100 par|[from] item: Leftovers
|-damage|p1a: Dracula|64/100 tox|[from] Leech Seed|[of] p2a: Ferrothorn
|-heal|p2a: Ferrothorn|60/100 par|[silent]
|-heal|p1a: Dracula|77/100 tox|[from] ability: Poison Heal
|upkeep
|turn|42
|
|t:|1709950462
|switch|p2a: Scizor|Scizor, M|100/100
|move|p1a: Dracula|U-turn|p2a: Scizor
|-resisted|p2a: Scizor
|-damage|p2a: Scizor|93/100
|
|t:|1709950468
|switch|p1a: Mole man|Excadrill, M|60/100|[from] U-turn
|
|-weather|RainDance|[upkeep]
|upkeep
|turn|43
|
|t:|1709950472
|move|p1a: Mole man|Earthquake|p2a: Scizor
|-damage|p2a: Scizor|49/100
|move|p2a: Scizor|U-turn|p1a: Mole man
|-resisted|p1a: Mole man
|-damage|p1a: Mole man|23/100
|
|t:|1709950475
|switch|p2a: Ferrothorn|Ferrothorn, F|60/100 par|[from] U-turn
|
|-weather|RainDance|[upkeep]
|-heal|p2a: Ferrothorn|66/100 par|[from] item: Leftovers
|upkeep
|turn|44
|
|t:|1709950477
|move|p1a: Mole man|Earthquake|p2a: Ferrothorn
|-damage|p2a: Ferrothorn|42/100 par
|move|p2a: Ferrothorn|Leech Seed|p1a: Mole man
|-start|p1a: Mole man|move: Leech Seed
|
|-weather|RainDance|[upkeep]
|-heal|p2a: Ferrothorn|49/100 par|[from] item: Leftovers
|-damage|p1a: Mole man|11/100|[from] Leech Seed|[of] p2a: Ferrothorn
|-heal|p2a: Ferrothorn|62/100 par|[silent]
|upkeep
|turn|45
|
|t:|1709950485
|move|p1a: Mole man|Earthquake|p2a: Ferrothorn
|-damage|p2a: Ferrothorn|38/100 par
|move|p2a: Ferrothorn|Stealth Rock|p1a: Mole man
|-sidestart|p1: Willthekid65934|move: Stealth Rock
|
|-weather|RainDance|[upkeep]
|-heal|p2a: Ferrothorn|45/100 par|[from] item: Leftovers
|-damage|p1a: Mole man|0 fnt|[from] Leech Seed|[of] p2a: Ferrothorn
|-heal|p2a: Ferrothorn|56/100 par|[silent]
|faint|p1a: Mole man
|upkeep
|
|t:|1709950491
|switch|p1a: Manny|Mamoswine, F|100/100
|-damage|p1a: Manny|88/100|[from] Stealth Rock
|turn|46
|
|t:|1709950496
|move|p1a: Manny|Earthquake|p2a: Ferrothorn
|-damage|p2a: Ferrothorn|7/100 par
|cant|p2a: Ferrothorn|par
|
|-weather|RainDance|[upkeep]
|-heal|p2a: Ferrothorn|13/100 par|[from] item: Leftovers
|upkeep
|turn|47
|c|☆dvdalt|press f in the chat
|
|t:|1709950506
|move|p1a: Manny|Earthquake|p2a: Ferrothorn
|-damage|p2a: Ferrothorn|0 fnt
|faint|p2a: Ferrothorn
|
|-weather|RainDance|[upkeep]
|upkeep
|
|t:|1709950508
|switch|p2a: Scizor|Scizor, M|49/100
|turn|48
|c|☆Willthekid65934|Nah
|j| udee7
|c|☆Willthekid65934|Your team loss bc of a mushroom
|c|☆Willthekid65934|They are sorry
|
|t:|1709950533
|move|p2a: Scizor|Bullet Punch|p1a: Manny
|-supereffective|p1a: Manny
|-damage|p1a: Manny|0 fnt
|faint|p1a: Manny
|
|-weather|RainDance|[upkeep]
|upkeep
|
|t:|1709950536
|switch|p1a: Mushroom man|Amoonguss, F|100/100
|-damage|p1a: Mushroom man|88/100|[from] Stealth Rock
|turn|49
|
|t:|1709950538
|move|p2a: Scizor|Bullet Punch|p1a: Mushroom man
|-damage|p1a: Mushroom man|40/100
|move|p1a: Mushroom man|Hidden Power|p2a: Scizor
|-supereffective|p2a: Scizor
|-damage|p2a: Scizor|14/100
|
|-weather|RainDance|[upkeep]
|upkeep
|turn|50
|
|t:|1709950542
|move|p2a: Scizor|Bullet Punch|p1a: Mushroom man
|-damage|p1a: Mushroom man|0 fnt
|faint|p1a: Mushroom man
|
|-weather|RainDance|[upkeep]
|upkeep
|l| udee7
|
|t:|1709950544
|switch|p1a: Dracula|Gliscor, F|77/100 tox
|-damage|p1a: Dracula|64/100 tox|[from] Stealth Rock
|turn|51
|
|t:|1709950547
|move|p1a: Dracula|Protect|p1a: Dracula
|-singleturn|p1a: Dracula|Protect
|move|p2a: Scizor|Bullet Punch|p1a: Dracula
|-activate|p1a: Dracula|move: Protect
|
|-weather|RainDance|[upkeep]
|-heal|p1a: Dracula|77/100 tox|[from] ability: Poison Heal
|upkeep
|turn|52
|
|t:|1709950551
|move|p2a: Scizor|Bullet Punch|p1a: Dracula
|-damage|p1a: Dracula|42/100 tox
|move|p1a: Dracula|Earthquake|p2a: Scizor
|-damage|p2a: Scizor|0 fnt
|faint|p2a: Scizor
|
|win|Willthekid65934
|raw|Willthekid65934's rating: 1343 &rarr; <strong>1366</strong><br />(+23 for winning)
|raw|dvdalt's rating: 1388 &rarr; <strong>1365</strong><br />(-23 for losing)
|c|☆Willthekid65934|Gg
|c|☆dvdalt|gg
|c|☆Willthekid65934|Gg
