|j|☆Vitoran ♂
|j|☆sankafola
|player|p1|Vitoran ♂|17|1364
|player|p2|sankafola|juan|1400
|teamsize|p1|6
|teamsize|p2|6
|gametype|singles
|gen|5
|tier|[Gen 5] OU
|rated|
|rule|Species Clause: Limit one of each Pokémon
|rule|OHKO Clause: OHKO moves are banned
|rule|Moody Clause: Moody is banned
|rule|Evasion Moves Clause: Evasion moves are banned
|rule|Endless Battle Clause: Forcing endless battles is banned
|rule|HP Percentage Mod: HP is shown in percentages
|rule|Evasion Abilities Clause: Evasion abilities are banned
|rule|Baton Pass Clause: Limit one Baton Passer, can't pass Spe and other stats simultaneously
|rule|Sleep Clause: Sleep-inducing moves are banned
|rule|Swagger Clause: Swagger is banned
|clearpoke
|poke|p1|Scizor, F|item
|poke|p1|Magnezone|item
|poke|p1|Landorus-Therian, M|item
|poke|p1|Starmie|item
|poke|p1|Dragonite, M|item
|poke|p1|Garchomp, M|item
|poke|p2|Lucario, M|item
|poke|p2|Forretress, F|item
|poke|p2|Scizor, M|item
|poke|p2|Gengar, M|item
|poke|p2|Latios, M|item
|poke|p2|Keldeo-Resolute|item
|teampreview
|c|☆Vitoran ♂|glhf
|c|☆sankafola|thx u2 :]
|
|start
|switch|p1a: Garchomp|Garchomp, M|100/100
|switch|p2a: Forretress|Forretress, F|100/100
|turn|1
|inactive|Battle timer is ON: inactive players will automatically lose when time's up. (requested by Vitoran ♂)
|
|move|p1a: Garchomp|Swords Dance|p1a: Garchomp
|-boost|p1a: Garchomp|atk|2
|move|p2a: Forretress|Stealth Rock|p1a: Garchomp
|-sidestart|p1: Vitoran ♂|move: Stealth Rock
|
|upkeep
|turn|2
|
|move|p1a: Garchomp|Stealth Rock|p2a: Forretress
|-sidestart|p2: sankafola|move: Stealth Rock
|move|p2a: Forretress|Spikes|p1a: Garchomp
|-sidestart|p1: Vitoran ♂|Spikes
|
|upkeep
|turn|3
|
|move|p1a: Garchomp|Earthquake|p2a: Forretress
|-damage|p2a: Forretress|27/100
|move|p2a: Forretress|Spikes|p1a: Garchomp
|-sidestart|p1: Vitoran ♂|Spikes
|
|upkeep
|turn|4
|
|move|p1a: Garchomp|Earthquake|p2a: Forretress
|-damage|p2a: Forretress|0 fnt
|faint|p2a: Forretress
|
|upkeep
|
|switch|p2a: Latios|Latios, M|100/100
|-damage|p2a: Latios|88/100|[from] Stealth Rock
|turn|5
|j| NikmokGG
|
|move|p2a: Latios|Draco Meteor|p1a: Garchomp
|-supereffective|p1a: Garchomp
|-damage|p1a: Garchomp|0 fnt
|-unboost|p2a: Latios|spa|2
|faint|p1a: Garchomp
|
|upkeep
|
|switch|p1a: Starmie|Starmie|100/100
|-damage|p1a: Starmie|88/100|[from] Stealth Rock
|-damage|p1a: Starmie|72/100|[from] Spikes
|turn|6
|
|move|p1a: Starmie|Psyshock|p2a: Latios
|-resisted|p2a: Latios
|-damage|p2a: Latios|58/100
|-damage|p1a: Starmie|62/100|[from] item: Life Orb
|move|p2a: Latios|Draco Meteor|p1a: Starmie
|-damage|p1a: Starmie|0 fnt
|-unboost|p2a: Latios|spa|2
|faint|p1a: Starmie
|
|upkeep
|c|☆Vitoran ♂|shit
|
|switch|p1a: Scizor|Scizor, F|100/100
|-damage|p1a: Scizor|84/100|[from] Spikes
|-damage|p1a: Scizor|72/100|[from] Stealth Rock
|turn|7
|
|switch|p2a: Scizor|Scizor, M|100/100
|-damage|p2a: Scizor|88/100|[from] Stealth Rock
|move|p1a: Scizor|Swords Dance|p1a: Scizor
|-boost|p1a: Scizor|atk|2
|
|-heal|p1a: Scizor|78/100|[from] item: Leftovers
|upkeep
|turn|8
|
|move|p2a: Scizor|Acrobatics|p1a: Scizor
|-enditem|p2a: Scizor|Flying Gem|[from] gem|[move] Acrobatics
|-damage|p1a: Scizor|20/100
|move|p1a: Scizor|Swords Dance|p1a: Scizor
|-boost|p1a: Scizor|atk|2
|
|-heal|p1a: Scizor|26/100|[from] item: Leftovers
|upkeep
|turn|9
|
|move|p2a: Scizor|Bullet Punch|p1a: Scizor
|-resisted|p1a: Scizor
|-damage|p1a: Scizor|9/100
|move|p1a: Scizor|Roost|p1a: Scizor
|-heal|p1a: Scizor|59/100
|-singleturn|p1a: Scizor|move: Roost
|
|-heal|p1a: Scizor|66/100|[from] item: Leftovers
|upkeep
|turn|10
|
|move|p2a: Scizor|Swords Dance|p2a: Scizor
|-boost|p2a: Scizor|atk|2
|move|p1a: Scizor|Roost|p1a: Scizor
|-heal|p1a: Scizor|100/100
|-singleturn|p1a: Scizor|move: Roost
|
|upkeep
|turn|11
|inactive|Vitoran ♂ has 120 seconds left.
|
|move|p1a: Scizor|Bullet Punch|p2a: Scizor
|-resisted|p2a: Scizor
|-damage|p2a: Scizor|39/100
|move|p2a: Scizor|Acrobatics|p1a: Scizor
|-damage|p1a: Scizor|23/100
|
|-heal|p1a: Scizor|29/100|[from] item: Leftovers
|upkeep
|turn|12
|
|move|p2a: Scizor|Bullet Punch|p1a: Scizor
|-resisted|p1a: Scizor
|-damage|p1a: Scizor|0 fnt
|faint|p1a: Scizor
|
|upkeep
|
|switch|p1a: Magnezone|Magnezone|100/100
|-damage|p1a: Magnezone|84/100|[from] Spikes
|-damage|p1a: Magnezone|78/100|[from] Stealth Rock
|turn|13
|
|move|p2a: Scizor|Bullet Punch|p1a: Magnezone
|-resisted|p1a: Magnezone
|-damage|p1a: Magnezone|60/100
|move|p1a: Magnezone|Hidden Power|p2a: Scizor
|-supereffective|p2a: Scizor
|-damage|p2a: Scizor|0 fnt
|faint|p2a: Scizor
|
|upkeep
|
|switch|p2a: Gengar|Gengar, M|100/100
|-damage|p2a: Gengar|88/100|[from] Stealth Rock
|turn|14
|
|move|p2a: Gengar|Substitute|p2a: Gengar
|-start|p2a: Gengar|Substitute
|-damage|p2a: Gengar|63/100
|move|p1a: Magnezone|Hidden Power|p2a: Gengar
|-end|p2a: Gengar|Substitute
|
|-heal|p2a: Gengar|70/100|[from] item: Black Sludge
|upkeep
|turn|15
|
|move|p2a: Gengar|Disable|p1a: Magnezone
|-start|p1a: Magnezone|Disable|Hidden Power
|cant|p1a: Magnezone|Disable|Hidden Power
|
|-heal|p2a: Gengar|76/100|[from] item: Black Sludge
|upkeep
|turn|16
|-message|Vitoran ♂ forfeited.
|
|win|sankafola
|l|☆Vitoran ♂
|raw|Vitoran ♂'s rating: 1365 &rarr; <strong>1347</strong><br />(-18 for losing)
|raw|sankafola's rating: 1400 &rarr; <strong>1418</strong><br />(+18 for winning)
|l|☆sankafola
|j|☆sankafola
|player|p2|sankafola|juan
|l| NikmokGG
