|j|☆gepesek
|j|☆gamerno1
|player|p1|gepesek|53|1334
|player|p2|gamerno1|39|1412
|teamsize|p1|6
|teamsize|p2|6
|gametype|singles
|gen|5
|tier|[Gen 5] OU
|rated|
|clearpoke
|poke|p1|Hippowdon, F|item
|poke|p1|Ferrothorn, F|item
|poke|p1|Excadrill, F|item
|poke|p1|Scizor, F|item
|poke|p1|Gyarados, M|item
|poke|p1|Gengar, M|item
|poke|p2|Mamoswine, F|item
|poke|p2|Cloyster, F|item
|poke|p2|Lucario, M|item
|poke|p2|Gyarados, F|item
|poke|p2|Mew|item
|poke|p2|Uxie|item
|rule|Species Clause: Limit one of each Pokémon
|rule|OHKO Clause: OHKO moves are banned
|rule|Moody Clause: Moody is banned
|rule|Evasion Moves Clause: Evasion moves are banned
|rule|Endless Battle Clause: Forcing endless battles is banned
|rule|HP Percentage Mod: HP is shown in percentages
|rule|Evasion Abilities Clause: Evasion abilities are banned
|rule|Baton Pass Clause: Limit one Baton Passer, can't pass Spe and other stats simultaneously
|rule|Sleep Clause: Sleep-inducing moves are banned
|rule|Swagger Clause: Swagger is banned
|teampreview
|
|start
|switch|p1a: Scizor|Scizor, F|100/100
|switch|p2a: Mew|Mew|100/100
|turn|1
|
|move|p2a: Mew|Reflect|p2a: Mew
|-sidestart|p2: gamerno1|Reflect
|move|p1a: Scizor|U-turn|p2a: Mew
|-supereffective|p2a: Mew
|-damage|p2a: Mew|53/100
|
|switch|p1a: Gengar|Gengar, M|100/100|[from]move: U-turn
|
|upkeep
|turn|2
|
|move|p1a: Gengar|Substitute|p1a: Gengar
|-start|p1a: Gengar|Substitute
|-damage|p1a: Gengar|76/100
|move|p2a: Mew|Light Screen|p2a: Mew
|-sidestart|p2: gamerno1|move: Light Screen
|
|upkeep
|turn|3
|
|move|p1a: Gengar|Shadow Ball|p2a: Mew
|-supereffective|p2a: Mew
|-damage|p2a: Mew|10/100
|-damage|p1a: Gengar|66/100|[from] item: Life Orb
|move|p2a: Mew|Stealth Rock|p1a: Gengar
|-sidestart|p1: gepesek|move: Stealth Rock
|
|upkeep
|turn|4
|
|move|p1a: Gengar|Shadow Ball|p2a: Mew
|-supereffective|p2a: Mew
|-damage|p2a: Mew|0 fnt
|-damage|p1a: Gengar|56/100|[from] item: Life Orb
|faint|p2a: Mew
|
|upkeep
|
|switch|p2a: Gyarados|Gyarados, F|100/100
|turn|5
|
|move|p1a: Gengar|Will-O-Wisp|p2a: Gyarados
|-status|p2a: Gyarados|brn
|move|p2a: Gyarados|Dragon Dance|p2a: Gyarados
|-boost|p2a: Gyarados|atk|1
|-boost|p2a: Gyarados|spe|1
|
|-damage|p2a: Gyarados|88/100 brn|[from] brn
|upkeep
|turn|6
|
|move|p2a: Gyarados|Waterfall|p1a: Gengar
|-end|p1a: Gengar|Substitute
|move|p1a: Gengar|Shadow Ball|p2a: Gyarados
|-damage|p2a: Gyarados|61/100 brn
|-damage|p1a: Gengar|46/100|[from] item: Life Orb
|
|-heal|p2a: Gyarados|68/100 brn|[from] item: Leftovers
|-damage|p2a: Gyarados|55/100 brn|[from] brn
|upkeep
|turn|7
|
|switch|p1a: Hippowdon|Hippowdon, F|100/100
|-damage|p1a: Hippowdon|94/100|[from] Stealth Rock
|-weather|Sandstorm|[from] ability: Sand Stream|[of] p1a: Hippowdon
|move|p2a: Gyarados|Waterfall|p1a: Hippowdon
|-supereffective|p1a: Hippowdon
|-damage|p1a: Hippowdon|61/100
|
|-weather|Sandstorm|[upkeep]
|-damage|p2a: Gyarados|49/100 brn|[from] Sandstorm
|-heal|p2a: Gyarados|55/100 brn|[from] item: Leftovers
|-heal|p1a: Hippowdon|68/100|[from] item: Leftovers
|-damage|p2a: Gyarados|43/100 brn|[from] brn
|upkeep
|turn|8
|
|move|p2a: Gyarados|Waterfall|p1a: Hippowdon
|-supereffective|p1a: Hippowdon
|-damage|p1a: Hippowdon|37/100
|move|p1a: Hippowdon|Stealth Rock|p2a: Gyarados
|-sidestart|p2: gamerno1|move: Stealth Rock
|
|-weather|Sandstorm|[upkeep]
|-damage|p2a: Gyarados|36/100 brn|[from] Sandstorm
|-heal|p2a: Gyarados|43/100 brn|[from] item: Leftovers
|-heal|p1a: Hippowdon|43/100|[from] item: Leftovers
|-damage|p2a: Gyarados|30/100 brn|[from] brn
|-sideend|p2: gamerno1|Reflect
|upkeep
|turn|9
|
|move|p2a: Gyarados|Waterfall|p1a: Hippowdon
|-supereffective|p1a: Hippowdon
|-damage|p1a: Hippowdon|11/100
|move|p1a: Hippowdon|Slack Off|p1a: Hippowdon
|-heal|p1a: Hippowdon|61/100
|
|-weather|Sandstorm|[upkeep]
|-damage|p2a: Gyarados|24/100 brn|[from] Sandstorm
|-heal|p2a: Gyarados|30/100 brn|[from] item: Leftovers
|-heal|p1a: Hippowdon|68/100|[from] item: Leftovers
|-damage|p2a: Gyarados|18/100 brn|[from] brn
|-sideend|p2: gamerno1|move: Light Screen
|upkeep
|turn|10
|
|switch|p1a: Ferrothorn|Ferrothorn, F|100/100
|-damage|p1a: Ferrothorn|94/100|[from] Stealth Rock
|move|p2a: Gyarados|Waterfall|p1a: Ferrothorn
|-resisted|p1a: Ferrothorn
|-damage|p1a: Ferrothorn|85/100
|-damage|p2a: Gyarados|5/100 brn|[from] ability: Iron Barbs|[of] p1a: Ferrothorn
|
|-weather|Sandstorm|[upkeep]
|-damage|p2a: Gyarados|0 fnt|[from] Sandstorm
|faint|p2a: Gyarados
|-heal|p1a: Ferrothorn|91/100|[from] item: Leftovers
|upkeep
|
|switch|p2a: Lucario|Lucario, M|100/100
|-damage|p2a: Lucario|98/100|[from] Stealth Rock
|turn|11
|
|switch|p1a: Gengar|Gengar, M|46/100
|-damage|p1a: Gengar|34/100|[from] Stealth Rock
|move|p2a: Lucario|Close Combat|p1a: Gengar
|-immune|p1a: Gengar
|
|-weather|Sandstorm|[upkeep]
|-damage|p1a: Gengar|28/100|[from] Sandstorm
|upkeep
|turn|12
|
|move|p1a: Gengar|Focus Blast|p2a: Lucario|[miss]
|-miss|p1a: Gengar|p2a: Lucario
|move|p2a: Lucario|Ice Punch|p1a: Gengar
|-damage|p1a: Gengar|0 fnt
|-damage|p2a: Lucario|88/100|[from] item: Life Orb
|faint|p1a: Gengar
|
|-weather|Sandstorm|[upkeep]
|upkeep
|
|switch|p1a: Gyarados|Gyarados, M, shiny|100/100
|-damage|p1a: Gyarados|76/100|[from] Stealth Rock
|-ability|p1a: Gyarados|Intimidate|boost
|-unboost|p2a: Lucario|atk|1
|turn|13
|
|move|p2a: Lucario|Extreme Speed|p1a: Gyarados
|-damage|p1a: Gyarados|49/100
|-damage|p2a: Lucario|78/100|[from] item: Life Orb
|move|p1a: Gyarados|Dragon Dance|p1a: Gyarados
|-boost|p1a: Gyarados|atk|1
|-boost|p1a: Gyarados|spe|1
|
|-weather|Sandstorm|[upkeep]
|-damage|p1a: Gyarados|42/100|[from] Sandstorm
|-heal|p1a: Gyarados|49/100|[from] item: Leftovers
|upkeep
|turn|14
|
|move|p2a: Lucario|Extreme Speed|p1a: Gyarados
|-damage|p1a: Gyarados|20/100
|-damage|p2a: Lucario|68/100|[from] item: Life Orb
|move|p1a: Gyarados|Waterfall|p2a: Lucario
|-damage|p2a: Lucario|0 fnt
|faint|p2a: Lucario
|
|-weather|Sandstorm|[upkeep]
|-damage|p1a: Gyarados|14/100|[from] Sandstorm
|-heal|p1a: Gyarados|20/100|[from] item: Leftovers
|upkeep
|
|switch|p2a: Mamoswine|Mamoswine, F|100/100
|-damage|p2a: Mamoswine|88/100|[from] Stealth Rock
|turn|15
|
|move|p2a: Mamoswine|Ice Shard|p1a: Gyarados
|-damage|p1a: Gyarados|0 fnt
|-damage|p2a: Mamoswine|78/100|[from] item: Life Orb
|faint|p1a: Gyarados
|
|-weather|Sandstorm|[upkeep]
|upkeep
|
|switch|p1a: Scizor|Scizor, F|100/100
|-damage|p1a: Scizor|88/100|[from] Stealth Rock
|turn|16
|
|move|p2a: Mamoswine|Earthquake|p1a: Scizor
|-damage|p1a: Scizor|22/100
|-damage|p2a: Mamoswine|68/100|[from] item: Life Orb
|move|p1a: Scizor|U-turn|p2a: Mamoswine
|-damage|p2a: Mamoswine|1/100
|
|switch|p1a: Hippowdon|Hippowdon, F|68/100|[from]move: U-turn
|-damage|p1a: Hippowdon|61/100|[from] Stealth Rock
|
|-weather|Sandstorm|[upkeep]
|-heal|p1a: Hippowdon|68/100|[from] item: Leftovers
|upkeep
|turn|17
|
|move|p2a: Mamoswine|Icicle Crash|p1a: Hippowdon
|-supereffective|p1a: Hippowdon
|-damage|p1a: Hippowdon|10/100
|-damage|p2a: Mamoswine|0 fnt|[from] item: Life Orb
|faint|p2a: Mamoswine
|cant|p1a: Hippowdon|flinch
|
|-weather|Sandstorm|[upkeep]
|-heal|p1a: Hippowdon|16/100|[from] item: Leftovers
|upkeep
|
|switch|p2a: Uxie|Uxie|100/100
|-damage|p2a: Uxie|88/100|[from] Stealth Rock
|turn|18
|
|move|p2a: Uxie|Reflect|p2a: Uxie
|-sidestart|p2: gamerno1|Reflect
|move|p1a: Hippowdon|Slack Off|p1a: Hippowdon
|-heal|p1a: Hippowdon|66/100
|
|-weather|Sandstorm|[upkeep]
|-damage|p2a: Uxie|82/100|[from] Sandstorm
|-heal|p1a: Hippowdon|72/100|[from] item: Leftovers
|upkeep
|turn|19
|
|move|p2a: Uxie|Memento|p1a: Hippowdon
|-unboost|p1a: Hippowdon|atk|2
|-unboost|p1a: Hippowdon|spa|2
|faint|p2a: Uxie
|move|p1a: Hippowdon|Slack Off|p1a: Hippowdon
|-heal|p1a: Hippowdon|100/100
|
|-weather|Sandstorm|[upkeep]
|upkeep
|
|switch|p2a: Cloyster|Cloyster, F|100/100
|-damage|p2a: Cloyster|76/100|[from] Stealth Rock
|turn|20
|
|switch|p1a: Ferrothorn|Ferrothorn, F|91/100
|-damage|p1a: Ferrothorn|85/100|[from] Stealth Rock
|move|p2a: Cloyster|Shell Smash|p2a: Cloyster
|-unboost|p2a: Cloyster|def|1
|-unboost|p2a: Cloyster|spd|1
|-boost|p2a: Cloyster|atk|2
|-boost|p2a: Cloyster|spa|2
|-boost|p2a: Cloyster|spe|2
|
|-weather|Sandstorm|[upkeep]
|-damage|p2a: Cloyster|70/100|[from] Sandstorm
|-heal|p1a: Ferrothorn|91/100|[from] item: Leftovers
|upkeep
|turn|21
|
|move|p2a: Cloyster|Icicle Spear|p1a: Ferrothorn
|-damage|p1a: Ferrothorn|76/100
|-damage|p1a: Ferrothorn|63/100
|-damage|p1a: Ferrothorn|48/100
|-damage|p1a: Ferrothorn|35/100
|-damage|p1a: Ferrothorn|21/100
|-hitcount|p1a: Ferrothorn|5
|move|p1a: Ferrothorn|Power Whip|p2a: Cloyster|[miss]
|-miss|p1a: Ferrothorn|p2a: Cloyster
|
|-weather|Sandstorm|[upkeep]
|-damage|p2a: Cloyster|63/100|[from] Sandstorm
|-heal|p1a: Ferrothorn|27/100|[from] item: Leftovers
|upkeep
|turn|22
|
|move|p2a: Cloyster|Icicle Spear|p1a: Ferrothorn
|-damage|p1a: Ferrothorn|12/100
|-damage|p1a: Ferrothorn|0 fnt
|-hitcount|p1a: Ferrothorn|2
|faint|p1a: Ferrothorn
|
|-weather|Sandstorm|[upkeep]
|-damage|p2a: Cloyster|57/100|[from] Sandstorm
|upkeep
|
|switch|p1a: Scizor|Scizor, F|22/100
|-damage|p1a: Scizor|10/100|[from] Stealth Rock
|turn|23
|
|move|p1a: Scizor|Bullet Punch|p2a: Cloyster
|-damage|p2a: Cloyster|24/100
|move|p2a: Cloyster|Icicle Spear|p1a: Scizor
|-resisted|p1a: Scizor
|-damage|p1a: Scizor|0 fnt
|-hitcount|p1a: Scizor|1
|faint|p1a: Scizor
|
|-weather|Sandstorm|[upkeep]
|-damage|p2a: Cloyster|18/100|[from] Sandstorm
|upkeep
|
|switch|p1a: Hippowdon|Hippowdon, F|100/100
|-damage|p1a: Hippowdon|94/100|[from] Stealth Rock
|turn|24
|
|move|p2a: Cloyster|Icicle Spear|p1a: Hippowdon
|-supereffective|p1a: Hippowdon
|-damage|p1a: Hippowdon|74/100
|-supereffective|p1a: Hippowdon
|-damage|p1a: Hippowdon|51/100
|-supereffective|p1a: Hippowdon
|-damage|p1a: Hippowdon|30/100
|-supereffective|p1a: Hippowdon
|-damage|p1a: Hippowdon|6/100
|-supereffective|p1a: Hippowdon
|-damage|p1a: Hippowdon|0 fnt
|-hitcount|p1a: Hippowdon|5
|faint|p1a: Hippowdon
|
|-weather|Sandstorm|[upkeep]
|-damage|p2a: Cloyster|12/100|[from] Sandstorm
|upkeep
|
|switch|p1a: Excadrill|Excadrill, F, shiny|100/100
|-damage|p1a: Excadrill|97/100|[from] Stealth Rock
|turn|25
|
|move|p2a: Cloyster|Razor Shell|p1a: Excadrill
|-supereffective|p1a: Excadrill
|-damage|p1a: Excadrill|0 fnt
|faint|p1a: Excadrill
|
|win|gamerno1
|c|☆gepesek|gg
|raw|gepesek's rating: 1334 &rarr; <strong>1319</strong><br />(-15 for losing)
|raw|gamerno1's rating: 1412 &rarr; <strong>1428</strong><br />(+16 for winning)
|c|☆gamerno1|gg
