|j|☆The Alchemist 67
|j|☆whyIrunninboiiii
|t:|1716051319
|gametype|singles
|player|p1|The Alchemist 67|ghetsis|1238
|player|p2|whyIrunninboiiii|170|1340
|teamsize|p1|6
|teamsize|p2|6
|gen|5
|tier|[Gen 5] OU
|rated|
|rule|Species Clause: Limit one of each Pokémon
|rule|OHKO Clause: OHKO moves are banned
|rule|Moody Clause: Moody is banned
|rule|Evasion Items Clause: Evasion items are banned
|rule|Evasion Moves Clause: Evasion moves are banned
|rule|Endless Battle Clause: Forcing endless battles is banned
|rule|HP Percentage Mod: HP is shown in percentages
|rule|Evasion Abilities Clause: Evasion abilities are banned
|rule|Sleep Moves Clause: Sleep-inducing moves are banned
|rule|Swagger Clause: Swagger is banned
|rule|Baton Pass Stat Clause: No Baton Passer may have a way to boost its stats
|clearpoke
|poke|p1|Haxorus, F|item
|poke|p1|Garchomp, F|item
|poke|p1|Magnezone|item
|poke|p1|Mamoswine, M|item
|poke|p1|Latios, M|item
|poke|p1|Politoed, M|item
|poke|p2|Politoed, F|item
|poke|p2|Tentacruel, M|item
|poke|p2|Ferrothorn, F|item
|poke|p2|Keldeo-Resolute|item
|poke|p2|Thundurus-Therian, M|item
|poke|p2|Latios, M|item
|teampreview
|inactive|Battle timer is ON: inactive players will automatically lose when time's up. (requested by whyIrunninboiiii)
|inactive|whyIrunninboiiii has 120 seconds left.
|
|t:|1716051356
|start
|switch|p1a: Latios|Latios, M|100/100
|switch|p2a: spikybro|Ferrothorn, F, shiny|100/100
|turn|1
|
|t:|1716051363
|switch|p1a: Magnezone|Magnezone|100/100
|-item|p1a: Magnezone|Air Balloon
|move|p2a: spikybro|Knock Off|p1a: Magnezone
|-resisted|p1a: Magnezone
|-damage|p1a: Magnezone|98/100
|-enditem|p1a: Magnezone|Air Balloon
|
|upkeep
|turn|2
|
|t:|1716051368
|move|p1a: Magnezone|Substitute|p1a: Magnezone
|-start|p1a: Magnezone|Substitute
|-damage|p1a: Magnezone|73/100
|move|p2a: spikybro|Stealth Rock|p1a: Magnezone
|-sidestart|p1: The Alchemist 67|move: Stealth Rock
|
|upkeep
|turn|3
|
|t:|1716051373
|move|p1a: Magnezone|Charge Beam|p2a: spikybro
|-resisted|p2a: spikybro
|-damage|p2a: spikybro|92/100
|-boost|p1a: Magnezone|spa|1
|move|p2a: spikybro|Spikes|p1a: Magnezone
|-sidestart|p1: The Alchemist 67|Spikes
|
|-heal|p2a: spikybro|98/100|[from] item: Leftovers
|upkeep
|turn|4
|j| Soumya Ukil
|
|t:|1716051381
|move|p1a: Magnezone|Charge Beam|p2a: spikybro
|-resisted|p2a: spikybro
|-damage|p2a: spikybro|84/100
|-boost|p1a: Magnezone|spa|1
|move|p2a: spikybro|Power Whip|p1a: Magnezone
|-resisted|p1a: Magnezone
|-activate|p1a: Magnezone|Substitute|[damage]
|
|-heal|p2a: spikybro|90/100|[from] item: Leftovers
|upkeep
|turn|5
|
|t:|1716051387
|move|p1a: Magnezone|Charge Beam|p2a: spikybro
|-resisted|p2a: spikybro
|-damage|p2a: spikybro|72/100
|move|p2a: spikybro|Power Whip|p1a: Magnezone
|-resisted|p1a: Magnezone
|-end|p1a: Magnezone|Substitute
|
|-heal|p2a: spikybro|78/100|[from] item: Leftovers
|upkeep
|turn|6
|
|t:|1716051395
|move|p1a: Magnezone|Substitute|p1a: Magnezone
|-start|p1a: Magnezone|Substitute
|-damage|p1a: Magnezone|48/100
|move|p2a: spikybro|Power Whip|p1a: Magnezone|[miss]
|-miss|p2a: spikybro|p1a: Magnezone
|
|-heal|p2a: spikybro|85/100|[from] item: Leftovers
|upkeep
|turn|7
|
|t:|1716051401
|move|p1a: Magnezone|Charge Beam|p2a: spikybro
|-resisted|p2a: spikybro
|-crit|p2a: spikybro
|-damage|p2a: spikybro|48/100
|-boost|p1a: Magnezone|spa|1
|move|p2a: spikybro|Power Whip|p1a: Magnezone
|-resisted|p1a: Magnezone
|-activate|p1a: Magnezone|Substitute|[damage]
|
|-heal|p2a: spikybro|54/100|[from] item: Leftovers
|upkeep
|turn|8
|
|t:|1716051411
|move|p1a: Magnezone|Charge Beam|p2a: spikybro
|-resisted|p2a: spikybro
|-damage|p2a: spikybro|31/100
|-boost|p1a: Magnezone|spa|1
|move|p2a: spikybro|Power Whip|p1a: Magnezone
|-resisted|p1a: Magnezone
|-end|p1a: Magnezone|Substitute
|
|-heal|p2a: spikybro|37/100|[from] item: Leftovers
|upkeep
|turn|9
|
|t:|1716051421
|move|p1a: Magnezone|Substitute|p1a: Magnezone
|-start|p1a: Magnezone|Substitute
|-damage|p1a: Magnezone|24/100
|move|p2a: spikybro|Power Whip|p1a: Magnezone
|-resisted|p1a: Magnezone
|-activate|p1a: Magnezone|Substitute|[damage]
|
|-heal|p2a: spikybro|44/100|[from] item: Leftovers
|upkeep
|turn|10
|
|t:|1716051427
|move|p1a: Magnezone|Hidden Power|p2a: spikybro
|-supereffective|p2a: spikybro
|-damage|p2a: spikybro|0 fnt
|faint|p2a: spikybro
|
|upkeep
|
|t:|1716051429
|switch|p2a: rainybro|Politoed, F|100/100
|-weather|RainDance|[from] ability: Drizzle|[of] p2a: rainybro
|turn|11
|
|t:|1716051435
|move|p1a: Magnezone|Charge Beam|p2a: rainybro
|-supereffective|p2a: rainybro
|-damage|p2a: rainybro|0 fnt
|-boost|p1a: Magnezone|spa|1
|faint|p2a: rainybro
|
|-weather|RainDance|[upkeep]
|upkeep
|
|t:|1716051448
|switch|p2a: jetbro|Latios, M|100/100
|turn|12
|
|t:|1716051450
|move|p2a: jetbro|Dragon Pulse|p1a: Magnezone
|-resisted|p1a: Magnezone
|-end|p1a: Magnezone|Substitute
|move|p1a: Magnezone|Flash Cannon|p2a: jetbro
|-damage|p2a: jetbro|0 fnt
|faint|p2a: jetbro
|
|-weather|RainDance|[upkeep]
|upkeep
|
|t:|1716051473
|switch|p2a: horsebro|Keldeo-Resolute|100/100
|turn|13
|
|t:|1716051478
|move|p2a: horsebro|Hidden Power|p1a: Magnezone
|-resisted|p1a: Magnezone
|-damage|p1a: Magnezone|7/100
|move|p1a: Magnezone|Charge Beam|p2a: horsebro
|-supereffective|p2a: horsebro
|-damage|p2a: horsebro|0 fnt
|-boost|p1a: Magnezone|spa|1
|faint|p2a: horsebro
|
|-weather|RainDance|[upkeep]
|upkeep
|
|t:|1716051480
|switch|p2a: wavybro|Tentacruel, M, shiny|100/100
|turn|14
|
|t:|1716051490
|move|p2a: wavybro|Scald|p1a: Magnezone
|-damage|p1a: Magnezone|0 fnt
|faint|p1a: Magnezone
|
|-weather|RainDance|[upkeep]
|upkeep
|
|t:|1716051497
|switch|p1a: Latios|Latios, M|100/100
|-damage|p1a: Latios|88/100|[from] Stealth Rock
|turn|15
|
|t:|1716051502
|move|p1a: Latios|Psyshock|p2a: wavybro
|-supereffective|p2a: wavybro
|-damage|p2a: wavybro|0 fnt
|faint|p2a: wavybro
|-damage|p1a: Latios|78/100|[from] item: Life Orb
|
|-weather|RainDance|[upkeep]
|upkeep
|
|t:|1716051504
|switch|p2a: zeusbro|Thundurus-Therian, M|100/100
|turn|16
|
|t:|1716051508
|move|p1a: Latios|Surf|p2a: zeusbro
|-damage|p2a: zeusbro|24/100
|-damage|p1a: Latios|68/100|[from] item: Life Orb
|move|p2a: zeusbro|Substitute|p2a: zeusbro
|-fail|p2a: zeusbro|move: Substitute|[weak]
|
|-weather|RainDance|[upkeep]
|-heal|p2a: zeusbro|30/100|[from] item: Leftovers
|upkeep
|turn|17
|-message|whyIrunninboiiii forfeited.
|
|win|The Alchemist 67
|raw|The Alchemist 67's rating: 1263 &rarr; <strong>1293</strong><br />(+30 for winning)
|raw|whyIrunninboiiii's rating: 1340 &rarr; <strong>1316</strong><br />(-24 for losing)
|l|☆whyIrunninboiiii
|player|p2|
|l|☆The Alchemist 67
|player|p1|
|l| Soumya Ukil
|j| Soumya Ukil
