|j|☆epic circus
|j|☆MJBurns
|player|p1|epic circus|ethan-gen2|1576
|player|p2|MJBurns|wallace|1344
|teamsize|p1|6
|teamsize|p2|6
|gametype|singles
|gen|5
|tier|[Gen 5] OU
|rated|
|clearpoke
|poke|p1|Abomasnow, M|item
|poke|p1|Kyurem|item
|poke|p1|Magnezone|item
|poke|p1|Dragonite, M|item
|poke|p1|Starmie|item
|poke|p1|Garchomp, F|item
|poke|p2|Tangrowth, M|item
|poke|p2|Slowking, F|item
|poke|p2|Tyranitar, F|item
|poke|p2|Excadrill, M|item
|poke|p2|Magnezone|item
|poke|p2|Garchomp, F|item
|rule|Species Clause: Limit one of each Pokémon
|rule|OHKO Clause: OHKO moves are banned
|rule|Moody Clause: Moody is banned
|rule|Evasion Moves Clause: Evasion moves are banned
|rule|Endless Battle Clause: Forcing endless battles is banned
|rule|HP Percentage Mod: HP is shown in percentages
|rule|Evasion Abilities Clause: Evasion abilities are banned
|rule|Baton Pass Clause: Limit one Baton Passer, can't pass Spe and other stats simultaneously
|rule|Sleep Clause: Sleep-inducing moves are banned
|rule|Swagger Clause: Swagger is banned
|teampreview
|
|start
|switch|p1a: Garchomp|Garchomp, F|100/100
|switch|p2a: Magnezone|Magnezone|100/100
|turn|1
|
|switch|p2a: Tangrowth|Tangrowth, M|100/100
|move|p1a: Garchomp|Stealth Rock|p2a: Tangrowth
|-sidestart|p2: MJBurns|move: Stealth Rock
|
|upkeep
|turn|2
|
|switch|p1a: Abomasnow|Abomasnow, M|100/100
|-weather|Hail|[from] ability: Snow Warning|[of] p1a: Abomasnow
|move|p2a: Tangrowth|Leech Seed|p1a: Abomasnow
|-immune|p1a: Abomasnow
|
|-weather|Hail|[upkeep]
|-damage|p2a: Tangrowth|94/100|[from] Hail
|upkeep
|turn|3
|
|switch|p2a: Magnezone|Magnezone|100/100
|-damage|p2a: Magnezone|94/100|[from] Stealth Rock
|move|p1a: Abomasnow|Wood Hammer|p2a: Magnezone
|-resisted|p2a: Magnezone
|-damage|p2a: Magnezone|68/100
|-damage|p1a: Abomasnow|92/100|[from] Recoil
|
|-weather|Hail|[upkeep]
|-damage|p2a: Magnezone|62/100|[from] Hail
|upkeep
|turn|4
|
|switch|p1a: Magnezone|Magnezone|100/100
|move|p2a: Magnezone|Volt Switch|p1a: Magnezone
|-resisted|p1a: Magnezone
|-damage|p1a: Magnezone|64/100
|
|switch|p2a: Tyranitar|Tyranitar, F|100/100|[from]move: Volt Switch
|-damage|p2a: Tyranitar|88/100|[from] Stealth Rock
|-weather|Sandstorm|[from] ability: Sand Stream|[of] p2a: Tyranitar
|
|-weather|Sandstorm|[upkeep]
|upkeep
|turn|5
|
|switch|p1a: Garchomp|Garchomp, F|100/100
|switch|p2a: Excadrill|Excadrill, M|100/100
|-damage|p2a: Excadrill|97/100|[from] Stealth Rock
|
|-weather|Sandstorm|[upkeep]
|-heal|p2a: Excadrill|100/100|[from] item: Leftovers
|upkeep
|turn|6
|
|move|p2a: Excadrill|Protect|p2a: Excadrill
|-singleturn|p2a: Excadrill|Protect
|move|p1a: Garchomp|Earthquake|p2a: Excadrill
|-activate|p2a: Excadrill|move: Protect
|
|-weather|Sandstorm|[upkeep]
|upkeep
|turn|7
|
|switch|p1a: Abomasnow|Abomasnow, M|92/100
|-weather|Hail|[from] ability: Snow Warning|[of] p1a: Abomasnow
|switch|p2a: Tangrowth|Tangrowth, M|100/100
|-damage|p2a: Tangrowth|88/100|[from] Stealth Rock
|
|-weather|Hail|[upkeep]
|-damage|p2a: Tangrowth|82/100|[from] Hail
|upkeep
|turn|8
|
|switch|p2a: Tyranitar|Tyranitar, F|88/100
|-damage|p2a: Tyranitar|76/100|[from] Stealth Rock
|-weather|Sandstorm|[from] ability: Sand Stream|[of] p2a: Tyranitar
|move|p1a: Abomasnow|Ice Shard|p2a: Tyranitar
|-enditem|p1a: Abomasnow|Ice Gem|[from] gem
|-damage|p2a: Tyranitar|53/100
|
|-weather|Sandstorm|[upkeep]
|-damage|p1a: Abomasnow|86/100|[from] Sandstorm
|upkeep
|turn|9
|
|switch|p2a: Magnezone|Magnezone|62/100
|-damage|p2a: Magnezone|55/100|[from] Stealth Rock
|move|p1a: Abomasnow|Wood Hammer|p2a: Magnezone
|-resisted|p2a: Magnezone
|-damage|p2a: Magnezone|29/100
|-damage|p1a: Abomasnow|77/100|[from] Recoil
|
|-weather|Sandstorm|[upkeep]
|-damage|p1a: Abomasnow|71/100|[from] Sandstorm
|upkeep
|turn|10
|
|switch|p1a: Magnezone|Magnezone|64/100
|move|p2a: Magnezone|Hidden Power|p1a: Magnezone
|-supereffective|p1a: Magnezone
|-damage|p1a: Magnezone|0 fnt
|faint|p1a: Magnezone
|
|-weather|Sandstorm|[upkeep]
|upkeep
|
|switch|p1a: Abomasnow|Abomasnow, M|71/100
|-weather|Hail|[from] ability: Snow Warning|[of] p1a: Abomasnow
|turn|11
|
|switch|p1a: Garchomp|Garchomp, F|100/100
|switch|p2a: Tyranitar|Tyranitar, F|53/100
|-damage|p2a: Tyranitar|41/100|[from] Stealth Rock
|-weather|Sandstorm|[from] ability: Sand Stream|[of] p2a: Tyranitar
|
|-weather|Sandstorm|[upkeep]
|upkeep
|turn|12
|
|switch|p1a: Abomasnow|Abomasnow, M|71/100
|-weather|Hail|[from] ability: Snow Warning|[of] p1a: Abomasnow
|move|p2a: Tyranitar|Stealth Rock|p1a: Abomasnow
|-sidestart|p1: epic circus|move: Stealth Rock
|
|-weather|Hail|[upkeep]
|-damage|p2a: Tyranitar|35/100|[from] Hail
|upkeep
|turn|13
|
|switch|p2a: Tangrowth|Tangrowth, M|100/100
|-damage|p2a: Tangrowth|88/100|[from] Stealth Rock
|move|p1a: Abomasnow|Wood Hammer|p2a: Tangrowth
|-resisted|p2a: Tangrowth
|-damage|p2a: Tangrowth|75/100
|-damage|p1a: Abomasnow|54/100|[from] item: Rocky Helmet|[of] p2a: Tangrowth
|-damage|p1a: Abomasnow|49/100|[from] Recoil
|
|-weather|Hail|[upkeep]
|-damage|p2a: Tangrowth|69/100|[from] Hail
|upkeep
|turn|14
|
|switch|p2a: Excadrill|Excadrill, M|100/100
|-damage|p2a: Excadrill|97/100|[from] Stealth Rock
|move|p1a: Abomasnow|Ice Shard|p2a: Excadrill
|-damage|p2a: Excadrill|73/100
|
|-weather|Hail|[upkeep]
|-damage|p2a: Excadrill|67/100|[from] Hail
|-heal|p2a: Excadrill|73/100|[from] item: Leftovers
|upkeep
|turn|15
|
|switch|p1a: Starmie|Starmie|100/100
|-damage|p1a: Starmie|88/100|[from] Stealth Rock
|move|p2a: Excadrill|Rapid Spin|p1a: Starmie
|-damage|p1a: Starmie|75/100
|-sideend|p2: MJBurns|Stealth Rock|[from] move: Rapid Spin|[of] p2a: Excadrill
|
|-weather|Hail|[upkeep]
|-damage|p1a: Starmie|69/100|[from] Hail
|-damage|p2a: Excadrill|67/100|[from] Hail
|-heal|p2a: Excadrill|73/100|[from] item: Leftovers
|upkeep
|turn|16
|
|switch|p2a: Slowking|Slowking, F|100/100
|move|p1a: Starmie|Hydro Pump|p2a: Slowking
|-resisted|p2a: Slowking
|-damage|p2a: Slowking|72/100
|-damage|p1a: Starmie|59/100|[from] item: Life Orb
|
|-weather|Hail|[upkeep]
|-damage|p1a: Starmie|53/100|[from] Hail
|-damage|p2a: Slowking|66/100|[from] Hail
|-heal|p2a: Slowking|72/100|[from] item: Leftovers
|upkeep
|turn|17
|
|move|p1a: Starmie|Rapid Spin|p2a: Slowking
|-damage|p2a: Slowking|69/100
|-sideend|p1: epic circus|Stealth Rock|[from] move: Rapid Spin|[of] p1a: Starmie
|-damage|p1a: Starmie|43/100|[from] item: Life Orb
|move|p2a: Slowking|Scald|p1a: Starmie
|-resisted|p1a: Starmie
|-damage|p1a: Starmie|23/100
|
|-weather|Hail|[upkeep]
|-damage|p1a: Starmie|17/100|[from] Hail
|-damage|p2a: Slowking|63/100|[from] Hail
|-heal|p2a: Slowking|69/100|[from] item: Leftovers
|upkeep
|turn|18
|
|move|p1a: Starmie|Hidden Power|p2a: Slowking
|-supereffective|p2a: Slowking
|-damage|p2a: Slowking|31/100
|-damage|p1a: Starmie|7/100|[from] item: Life Orb
|move|p2a: Slowking|Dragon Tail|p1a: Starmie
|-damage|p1a: Starmie|0 fnt
|faint|p1a: Starmie
|
|-weather|Hail|[upkeep]
|-damage|p2a: Slowking|25/100|[from] Hail
|-heal|p2a: Slowking|31/100|[from] item: Leftovers
|upkeep
|
|switch|p1a: Kyurem|Kyurem|100/100
|-ability|p1a: Kyurem|Pressure
|turn|19
|
|move|p1a: Kyurem|Earth Power|p2a: Slowking
|-damage|p2a: Slowking|8/100
|move|p2a: Slowking|Psyshock|p1a: Kyurem
|-damage|p1a: Kyurem|75/100
|
|-weather|Hail|[upkeep]
|-damage|p2a: Slowking|2/100|[from] Hail
|-heal|p2a: Slowking|8/100|[from] item: Leftovers
|upkeep
|turn|20
|j|‽NoOneWorseThanMe
|
|switch|p2a: Tangrowth|Tangrowth, M|100/100
|move|p1a: Kyurem|Earth Power|p2a: Tangrowth
|-resisted|p2a: Tangrowth
|-damage|p2a: Tangrowth|76/100
|
|-weather|Hail|[upkeep]
|-damage|p2a: Tangrowth|70/100|[from] Hail
|upkeep
|turn|21
|
|switch|p1a: Abomasnow|Abomasnow, M|49/100
|switch|p2a: Slowking|Slowking, F|41/100
|
|-weather|Hail|[upkeep]
|-damage|p2a: Slowking|35/100|[from] Hail
|-heal|p2a: Slowking|41/100|[from] item: Leftovers
|upkeep
|turn|22
|
|switch|p2a: Tangrowth|Tangrowth, M|100/100
|move|p1a: Abomasnow|Wood Hammer|p2a: Tangrowth
|-resisted|p2a: Tangrowth
|-damage|p2a: Tangrowth|87/100
|-damage|p1a: Abomasnow|32/100|[from] item: Rocky Helmet|[of] p2a: Tangrowth
|-damage|p1a: Abomasnow|27/100|[from] Recoil
|
|-weather|Hail|[upkeep]
|-damage|p2a: Tangrowth|81/100|[from] Hail
|upkeep
|turn|23
|
|move|p1a: Abomasnow|Ice Shard|p2a: Tangrowth
|-supereffective|p2a: Tangrowth
|-damage|p2a: Tangrowth|61/100
|move|p2a: Tangrowth|Hidden Power|p1a: Abomasnow
|-damage|p1a: Abomasnow|7/100
|
|-weather|Hail|[upkeep]
|-damage|p2a: Tangrowth|55/100|[from] Hail
|upkeep
|turn|24
|
|switch|p1a: Kyurem|Kyurem|75/100
|-ability|p1a: Kyurem|Pressure
|move|p2a: Tangrowth|Hidden Power|p1a: Kyurem
|-damage|p1a: Kyurem|58/100
|
|-weather|Hail|[upkeep]
|-damage|p2a: Tangrowth|48/100|[from] Hail
|upkeep
|turn|25
|
|switch|p2a: Slowking|Slowking, F|74/100
|move|p1a: Kyurem|Dragon Pulse|p2a: Slowking
|-damage|p2a: Slowking|43/100
|
|-weather|Hail|[upkeep]
|-damage|p2a: Slowking|37/100|[from] Hail
|-heal|p2a: Slowking|43/100|[from] item: Leftovers
|upkeep
|turn|26
|
|move|p1a: Kyurem|Dragon Pulse|p2a: Slowking
|-damage|p2a: Slowking|11/100
|move|p2a: Slowking|Slack Off|p2a: Slowking
|-heal|p2a: Slowking|61/100
|
|-weather|Hail|[upkeep]
|-damage|p2a: Slowking|55/100|[from] Hail
|-heal|p2a: Slowking|61/100|[from] item: Leftovers
|upkeep
|turn|27
|
|move|p1a: Kyurem|Dragon Pulse|p2a: Slowking
|-damage|p2a: Slowking|28/100
|move|p2a: Slowking|Slack Off|p2a: Slowking
|-heal|p2a: Slowking|78/100
|
|-weather|Hail|[upkeep]
|-damage|p2a: Slowking|72/100|[from] Hail
|-heal|p2a: Slowking|78/100|[from] item: Leftovers
|upkeep
|turn|28
|
|move|p1a: Kyurem|Dragon Pulse|p2a: Slowking
|-damage|p2a: Slowking|42/100
|move|p2a: Slowking|Slack Off|p2a: Slowking
|-heal|p2a: Slowking|92/100
|
|-weather|Hail|[upkeep]
|-damage|p2a: Slowking|86/100|[from] Hail
|-heal|p2a: Slowking|92/100|[from] item: Leftovers
|upkeep
|turn|29
|
|move|p1a: Kyurem|Dragon Pulse|p2a: Slowking
|-damage|p2a: Slowking|62/100
|move|p2a: Slowking|Psyshock|p1a: Kyurem
|-damage|p1a: Kyurem|30/100
|
|-weather|Hail|[upkeep]
|-damage|p2a: Slowking|56/100|[from] Hail
|-heal|p2a: Slowking|62/100|[from] item: Leftovers
|upkeep
|turn|30
|
|move|p1a: Kyurem|Dragon Pulse|p2a: Slowking
|-damage|p2a: Slowking|26/100
|move|p2a: Slowking|Slack Off|p2a: Slowking
|-heal|p2a: Slowking|76/100
|
|-weather|Hail|[upkeep]
|-damage|p2a: Slowking|70/100|[from] Hail
|-heal|p2a: Slowking|76/100|[from] item: Leftovers
|upkeep
|turn|31
|
|move|p1a: Kyurem|Dragon Pulse|p2a: Slowking
|-crit|p2a: Slowking
|-damage|p2a: Slowking|10/100
|move|p2a: Slowking|Slack Off|p2a: Slowking
|-heal|p2a: Slowking|60/100
|
|-weather|Hail|[upkeep]
|-damage|p2a: Slowking|54/100|[from] Hail
|-heal|p2a: Slowking|60/100|[from] item: Leftovers
|upkeep
|turn|32
|
|move|p1a: Kyurem|Dragon Pulse|p2a: Slowking
|-damage|p2a: Slowking|26/100
|move|p2a: Slowking|Slack Off|p2a: Slowking
|-heal|p2a: Slowking|76/100
|
|-weather|Hail|[upkeep]
|-damage|p2a: Slowking|70/100|[from] Hail
|-heal|p2a: Slowking|76/100|[from] item: Leftovers
|upkeep
|turn|33
|
|move|p1a: Kyurem|Dragon Pulse|p2a: Slowking
|-damage|p2a: Slowking|46/100
|move|p2a: Slowking|Slack Off|p2a: Slowking
|-heal|p2a: Slowking|96/100
|
|-weather|Hail|[upkeep]
|-damage|p2a: Slowking|90/100|[from] Hail
|-heal|p2a: Slowking|96/100|[from] item: Leftovers
|upkeep
|turn|34
|
|move|p1a: Kyurem|Dragon Pulse|p2a: Slowking
|-damage|p2a: Slowking|66/100
|move|p2a: Slowking|Psyshock|p1a: Kyurem
|-damage|p1a: Kyurem|3/100
|
|-weather|Hail|[upkeep]
|-damage|p2a: Slowking|60/100|[from] Hail
|-heal|p2a: Slowking|66/100|[from] item: Leftovers
|upkeep
|turn|35
|
|move|p1a: Kyurem|Dragon Pulse|p2a: Slowking
|-damage|p2a: Slowking|36/100
|move|p2a: Slowking|Slack Off|p2a: Slowking
|-heal|p2a: Slowking|86/100
|
|-weather|Hail|[upkeep]
|-damage|p2a: Slowking|80/100|[from] Hail
|-heal|p2a: Slowking|86/100|[from] item: Leftovers
|upkeep
|turn|36
|
|move|p1a: Kyurem|Dragon Pulse|p2a: Slowking
|-damage|p2a: Slowking|55/100
|move|p2a: Slowking|Slack Off|p2a: Slowking
|-heal|p2a: Slowking|100/100
|
|-weather|Hail|[upkeep]
|-damage|p2a: Slowking|94/100|[from] Hail
|-heal|p2a: Slowking|100/100|[from] item: Leftovers
|upkeep
|turn|37
|
|move|p1a: Kyurem|Dragon Pulse|p2a: Slowking
|-damage|p2a: Slowking|69/100
|move|p2a: Slowking|Psyshock|p1a: Kyurem
|-damage|p1a: Kyurem|0 fnt
|faint|p1a: Kyurem
|
|-weather|Hail|[upkeep]
|-damage|p2a: Slowking|63/100|[from] Hail
|-heal|p2a: Slowking|69/100|[from] item: Leftovers
|upkeep
|
|switch|p1a: Dragonite|Dragonite, M|100/100
|turn|38
|
|move|p1a: Dragonite|Dragon Dance|p1a: Dragonite
|-boost|p1a: Dragonite|atk|1
|-boost|p1a: Dragonite|spe|1
|move|p2a: Slowking|Dragon Tail|p1a: Dragonite
|-supereffective|p1a: Dragonite
|-damage|p1a: Dragonite|90/100
|drag|p1a: Abomasnow|Abomasnow, M|7/100
|
|-weather|Hail|[upkeep]
|-damage|p2a: Slowking|63/100|[from] Hail
|-heal|p2a: Slowking|69/100|[from] item: Leftovers
|upkeep
|turn|39
|
|switch|p2a: Tyranitar|Tyranitar, F|35/100
|-weather|Sandstorm|[from] ability: Sand Stream|[of] p2a: Tyranitar
|move|p1a: Abomasnow|Wood Hammer|p2a: Tyranitar
|-supereffective|p2a: Tyranitar
|-damage|p2a: Tyranitar|0 fnt
|-damage|p1a: Abomasnow|0 fnt|[from] Recoil
|faint|p2a: Tyranitar
|faint|p1a: Abomasnow
|
|-weather|Sandstorm|[upkeep]
|upkeep
|
|switch|p1a: Garchomp|Garchomp, F|100/100
|switch|p2a: Tangrowth|Tangrowth, M|82/100
|turn|40
|
|move|p1a: Garchomp|Stealth Rock|p2a: Tangrowth
|-sidestart|p2: MJBurns|move: Stealth Rock
|move|p2a: Tangrowth|Hidden Power|p1a: Garchomp
|-supereffective|p1a: Garchomp
|-crit|p1a: Garchomp
|-enditem|p1a: Garchomp|Yache Berry|[eat]
|-enditem|p1a: Garchomp|Yache Berry|[weaken]
|-damage|p1a: Garchomp|22/100
|
|-weather|Sandstorm|[upkeep]
|-damage|p2a: Tangrowth|75/100|[from] Sandstorm
|upkeep
|turn|41
|
|move|p1a: Garchomp|Outrage|p2a: Tangrowth
|-damage|p2a: Tangrowth|43/100
|-damage|p1a: Garchomp|6/100|[from] item: Rocky Helmet|[of] p2a: Tangrowth
|move|p2a: Tangrowth|Hidden Power|p1a: Garchomp
|-supereffective|p1a: Garchomp
|-damage|p1a: Garchomp|0 fnt
|faint|p1a: Garchomp
|
|-weather|Sandstorm|[upkeep]
|-damage|p2a: Tangrowth|37/100|[from] Sandstorm
|upkeep
|
|switch|p1a: Dragonite|Dragonite, M|90/100
|turn|42
|
|move|p1a: Dragonite|Dragon Dance|p1a: Dragonite
|-boost|p1a: Dragonite|atk|1
|-boost|p1a: Dragonite|spe|1
|move|p2a: Tangrowth|Hidden Power|p1a: Dragonite
|-supereffective|p1a: Dragonite
|-damage|p1a: Dragonite|12/100
|
|-weather|Sandstorm|[upkeep]
|-damage|p1a: Dragonite|6/100|[from] Sandstorm
|-damage|p2a: Tangrowth|31/100|[from] Sandstorm
|upkeep
|turn|43
|-message|epic circus forfeited.
|
|win|MJBurns
|l|☆epic circus
|raw|epic circus's rating: 1556 &rarr; <strong>1525</strong><br />(-31 for losing)
|raw|MJBurns's rating: 1344 &rarr; <strong>1375</strong><br />(+31 for winning)
|l|☆MJBurns
