|j|☆ALostHeart
|j|☆whatsanairport
|t:|1723996294
|gametype|singles
|player|p1|ALostHeart|lillie|1333
|player|p2|whatsanairport|170|1357
|teamsize|p1|6
|teamsize|p2|6
|gen|5
|tier|[Gen 5] OU
|rated|
|rule|Species Clause: Limit one of each Pokémon
|rule|OHKO Clause: OHKO moves are banned
|rule|Moody Clause: Moody is banned
|rule|Evasion Items Clause: Evasion items are banned
|rule|Evasion Moves Clause: Evasion moves are banned
|rule|Endless Battle Clause: Forcing endless battles is banned
|rule|HP Percentage Mod: HP is shown in percentages
|rule|Evasion Abilities Clause: Evasion abilities are banned
|rule|Sleep Moves Clause: Sleep-inducing moves are banned
|rule|Swagger Clause: Swagger is banned
|rule|Baton Pass Stat Clause: No Baton Passer may have a way to boost its stats
|clearpoke
|poke|p1|Magnezone|item
|poke|p1|Starmie|item
|poke|p1|Garchomp, F|item
|poke|p1|Salamence, M|item
|poke|p1|Scizor, M|item
|poke|p1|Kyurem-Black|item
|poke|p2|Politoed, F|item
|poke|p2|Jirachi|item
|poke|p2|Jellicent, F|item
|poke|p2|Haxorus, M|item
|poke|p2|Ferrothorn, M|item
|poke|p2|Keldeo|item
|teampreview
|inactive|Battle timer is ON: inactive players will automatically lose when time's up. (requested by ALostHeart)
|
|t:|1723996324
|start
|switch|p1a: Kyurem|Kyurem-Black|100/100
|switch|p2a: Keldeo|Keldeo|100/100
|-ability|p1a: Kyurem|Teravolt
|turn|1
|
|t:|1723996330
|move|p2a: Keldeo|Secret Sword|p1a: Kyurem
|-supereffective|p1a: Kyurem
|-damage|p1a: Kyurem|23/100
|move|p1a: Kyurem|Fusion Bolt|p2a: Keldeo
|-supereffective|p2a: Keldeo
|-damage|p2a: Keldeo|0 fnt
|faint|p2a: Keldeo
|
|upkeep
|
|t:|1723996343
|switch|p2a: Jirachi|Jirachi|100/100
|turn|2
|
|t:|1723996350
|switch|p1a: Magnezone|Magnezone|100/100
|-item|p1a: Magnezone|Air Balloon
|move|p2a: Jirachi|Psychic|p1a: Magnezone
|-resisted|p1a: Magnezone
|-damage|p1a: Magnezone|78/100
|-enditem|p1a: Magnezone|Air Balloon
|
|upkeep
|turn|3
|
|t:|1723996359
|move|p2a: Jirachi|Calm Mind|p2a: Jirachi
|-boost|p2a: Jirachi|spa|1
|-boost|p2a: Jirachi|spd|1
|move|p1a: Magnezone|Hidden Power|p2a: Jirachi
|-supereffective|p2a: Jirachi
|-damage|p2a: Jirachi|72/100
|
|-heal|p2a: Jirachi|78/100|[from] item: Leftovers
|upkeep
|turn|4
|
|t:|1723996369
|move|p2a: Jirachi|Calm Mind|p2a: Jirachi
|-boost|p2a: Jirachi|spa|1
|-boost|p2a: Jirachi|spd|1
|move|p1a: Magnezone|Sunny Day|p1a: Magnezone
|-weather|SunnyDay
|
|-weather|SunnyDay|[upkeep]
|-heal|p2a: Jirachi|84/100|[from] item: Leftovers
|upkeep
|turn|5
|
|t:|1723996376
|move|p2a: Jirachi|Calm Mind|p2a: Jirachi
|-boost|p2a: Jirachi|spa|1
|-boost|p2a: Jirachi|spd|1
|move|p1a: Magnezone|Hidden Power|p2a: Jirachi
|-supereffective|p2a: Jirachi
|-damage|p2a: Jirachi|57/100
|
|-weather|SunnyDay|[upkeep]
|-heal|p2a: Jirachi|63/100|[from] item: Leftovers
|upkeep
|turn|6
|
|t:|1723996385
|move|p2a: Jirachi|Psychic|p1a: Magnezone
|-resisted|p1a: Magnezone
|-crit|p1a: Magnezone
|-damage|p1a: Magnezone|0 fnt
|faint|p1a: Magnezone
|
|-weather|SunnyDay|[upkeep]
|-heal|p2a: Jirachi|69/100|[from] item: Leftovers
|upkeep
|
|t:|1723996392
|switch|p1a: Salamence|Salamence, M|100/100
|turn|7
|
|t:|1723996395
|move|p1a: Salamence|Earthquake|p2a: Jirachi
|-supereffective|p2a: Jirachi
|-damage|p2a: Jirachi|12/100
|move|p2a: Jirachi|Psychic|p1a: Salamence
|-damage|p1a: Salamence|0 fnt
|faint|p1a: Salamence
|
|-weather|SunnyDay|[upkeep]
|-heal|p2a: Jirachi|19/100|[from] item: Leftovers
|upkeep
|
|t:|1723996399
|switch|p1a: Garchomp|Garchomp, F|100/100
|turn|8
|
|t:|1723996407
|move|p1a: Garchomp|Earthquake|p2a: Jirachi
|-supereffective|p2a: Jirachi
|-damage|p2a: Jirachi|0 fnt
|faint|p2a: Jirachi
|
|-weather|none
|upkeep
|
|t:|1723996416
|switch|p2a: Politoed|Politoed, F|100/100
|-weather|RainDance|[from] ability: Drizzle|[of] p2a: Politoed
|turn|9
|
|t:|1723996445
|switch|p1a: Starmie|Starmie|100/100
|-item|p1a: Starmie|Air Balloon
|move|p2a: Politoed|Scald|p1a: Starmie
|-resisted|p1a: Starmie
|-damage|p1a: Starmie|72/100
|-enditem|p1a: Starmie|Air Balloon
|
|-weather|RainDance|[upkeep]
|upkeep
|turn|10
|
|t:|1723996457
|move|p1a: Starmie|Thunderbolt|p2a: Politoed
|-supereffective|p2a: Politoed
|-damage|p2a: Politoed|50/100
|move|p2a: Politoed|Toxic|p1a: Starmie
|-status|p1a: Starmie|tox
|
|-weather|RainDance|[upkeep]
|-heal|p2a: Politoed|56/100|[from] item: Leftovers
|-damage|p1a: Starmie|66/100 tox|[from] psn
|upkeep
|turn|11
|inactive|ALostHeart has 120 seconds left.
|
|t:|1723996485
|move|p2a: Politoed|Protect|p2a: Politoed
|-singleturn|p2a: Politoed|Protect
|move|p1a: Starmie|Thunderbolt|p2a: Politoed
|-activate|p2a: Politoed|move: Protect
|
|-weather|RainDance|[upkeep]
|-heal|p2a: Politoed|62/100|[from] item: Leftovers
|-damage|p1a: Starmie|53/100 tox|[from] psn
|upkeep
|turn|12
|
|t:|1723996494
|switch|p2a: Ferrothorn|Ferrothorn, M|100/100
|move|p1a: Starmie|Thunderbolt|p2a: Ferrothorn
|-resisted|p2a: Ferrothorn
|-damage|p2a: Ferrothorn|85/100
|
|-weather|RainDance|[upkeep]
|-heal|p2a: Ferrothorn|92/100|[from] item: Leftovers
|-damage|p1a: Starmie|35/100 tox|[from] psn
|upkeep
|turn|13
|
|t:|1723996503
|switch|p1a: Scizor|Scizor, M|100/100
|move|p2a: Ferrothorn|Leech Seed|p1a: Scizor
|-start|p1a: Scizor|move: Leech Seed
|
|-weather|RainDance|[upkeep]
|-heal|p2a: Ferrothorn|98/100|[from] item: Leftovers
|-damage|p1a: Scizor|88/100|[from] Leech Seed|[of] p2a: Ferrothorn
|-heal|p2a: Ferrothorn|100/100|[silent]
|upkeep
|turn|14
|
|t:|1723996522
|switch|p2a: Jellicent|Jellicent, F|100/100
|move|p1a: Scizor|Swords Dance|p1a: Scizor
|-boost|p1a: Scizor|atk|2
|
|-weather|RainDance|[upkeep]
|-damage|p1a: Scizor|76/100|[from] Leech Seed|[of] p2a: Jellicent
|upkeep
|turn|15
|
|t:|1723996530
|move|p1a: Scizor|Pursuit|p2a: Jellicent
|-supereffective|p2a: Jellicent
|-damage|p2a: Jellicent|0 fnt
|faint|p2a: Jellicent
|-damage|p1a: Scizor|66/100|[from] item: Life Orb
|
|-weather|RainDance|[upkeep]
|upkeep
|
|t:|1723996542
|switch|p2a: Ferrothorn|Ferrothorn, M|100/100
|turn|16
|
|t:|1723996546
|move|p1a: Scizor|Superpower|p2a: Ferrothorn
|-supereffective|p2a: Ferrothorn
|-damage|p2a: Ferrothorn|0 fnt
|-unboost|p1a: Scizor|atk|1
|-unboost|p1a: Scizor|def|1
|-damage|p1a: Scizor|54/100|[from] ability: Iron Barbs|[of] p2a: Ferrothorn
|faint|p2a: Ferrothorn
|-damage|p1a: Scizor|44/100|[from] item: Life Orb
|
|-weather|RainDance|[upkeep]
|upkeep
|
|t:|1723996556
|switch|p2a: Politoed|Politoed, F|62/100
|turn|17
|
|t:|1723996560
|move|p2a: Politoed|Protect|p2a: Politoed
|-singleturn|p2a: Politoed|Protect
|move|p1a: Scizor|Swords Dance|p1a: Scizor
|-boost|p1a: Scizor|atk|2
|
|-weather|RainDance|[upkeep]
|-heal|p2a: Politoed|69/100|[from] item: Leftovers
|-damage|p1a: Scizor|31/100|[from] Leech Seed|[of] p2a: Politoed
|-heal|p2a: Politoed|78/100|[silent]
|upkeep
|turn|18
|
|t:|1723996568
|move|p2a: Politoed|Protect|p2a: Politoed
|-singleturn|p2a: Politoed|Protect
|move|p1a: Scizor|Superpower|p2a: Politoed
|-activate|p2a: Politoed|move: Protect
|
|-weather|RainDance|[upkeep]
|-heal|p2a: Politoed|85/100|[from] item: Leftovers
|-damage|p1a: Scizor|19/100|[from] Leech Seed|[of] p2a: Politoed
|-heal|p2a: Politoed|94/100|[silent]
|upkeep
|turn|19
|c|☆ALostHeart|Z z z z
|
|t:|1723996580
|move|p1a: Scizor|Superpower|p2a: Politoed
|-damage|p2a: Politoed|0 fnt
|-unboost|p1a: Scizor|atk|1
|-unboost|p1a: Scizor|def|1
|faint|p2a: Politoed
|-damage|p1a: Scizor|9/100|[from] item: Life Orb
|
|-weather|RainDance|[upkeep]
|upkeep
|
|t:|1723996588
|switch|p2a: Haxorus|Haxorus, M|100/100
|-ability|p2a: Haxorus|Mold Breaker
|turn|20
|c|☆ALostHeart|Ggs
|
|t:|1723996593
|move|p1a: Scizor|Bullet Punch|p2a: Haxorus
|-damage|p2a: Haxorus|0 fnt
|faint|p2a: Haxorus
|-damage|p1a: Scizor|0 fnt|[from] item: Life Orb
|faint|p1a: Scizor
|
|win|ALostHeart
|raw|ALostHeart's rating: 1333 &rarr; <strong>1354</strong><br />(+21 for winning)
|raw|whatsanairport's rating: 1357 &rarr; <strong>1336</strong><br />(-21 for losing)
|l|☆whatsanairport
|player|p2|
