|j|☆radaty
|j|☆Crowned Crystals ♔
|t:|1720994720
|gametype|singles
|player|p1|radaty|170|1425
|player|p2|Crowned Crystals ♔|266|1521
|teamsize|p1|6
|teamsize|p2|6
|gen|5
|tier|[Gen 5] OU
|rated|
|rule|Species Clause: Limit one of each Pokémon
|rule|OHKO Clause: OHKO moves are banned
|rule|Moody Clause: Moody is banned
|rule|Evasion Items Clause: Evasion items are banned
|rule|Evasion Moves Clause: Evasion moves are banned
|rule|Endless Battle Clause: Forcing endless battles is banned
|rule|HP Percentage Mod: HP is shown in percentages
|rule|Evasion Abilities Clause: Evasion abilities are banned
|rule|Sleep Moves Clause: Sleep-inducing moves are banned
|rule|Swagger Clause: Swagger is banned
|rule|Baton Pass Stat Clause: No Baton Passer may have a way to boost its stats
|clearpoke
|poke|p1|Chansey, F|item
|poke|p1|Xatu, F|item
|poke|p1|Sableye, M|item
|poke|p1|Quagsire, M|item
|poke|p1|Tentacruel, F|item
|poke|p1|Jirachi|item
|poke|p2|Politoed, M|item
|poke|p2|Keldeo|item
|poke|p2|Scizor, F|item
|poke|p2|Thundurus-Therian, M|item
|poke|p2|Ferrothorn, M|item
|poke|p2|Starmie|item
|teampreview
|inactive|Battle timer is ON: inactive players will automatically lose when time's up. (requested by radaty)
|
|t:|1720994740
|start
|switch|p1a: Chansey|Chansey, F|100/100
|switch|p2a: Politoed|Politoed, M, shiny|100/100
|-weather|RainDance|[from] ability: Drizzle|[of] p2a: Politoed
|turn|1
|
|t:|1720994758
|switch|p2a: Scizor|Scizor, F|100/100
|move|p1a: Chansey|Stealth Rock|p2a: Scizor
|-sidestart|p2: Crowned Crystals ♔|move: Stealth Rock
|
|-weather|RainDance|[upkeep]
|upkeep
|turn|2
|
|t:|1720994772
|-activate|p1a: Chansey|move: Pursuit
|move|p2a: Scizor|Pursuit|p1a: Chansey|[from]Pursuit
|-damage|p1a: Chansey|70/100
|switch|p1a: Tentacruel|Tentacruel, F|100/100
|
|-weather|RainDance|[upkeep]
|upkeep
|turn|3
|
|t:|1720994784
|switch|p2a: Ferrothorn|Ferrothorn, M|100/100
|-damage|p2a: Ferrothorn|95/100|[from] Stealth Rock
|move|p1a: Tentacruel|Scald|p2a: Ferrothorn
|-resisted|p2a: Ferrothorn
|-damage|p2a: Ferrothorn|80/100
|-status|p2a: Ferrothorn|brn
|-enditem|p2a: Ferrothorn|Lum Berry|[eat]
|-curestatus|p2a: Ferrothorn|brn|[msg]
|
|-weather|RainDance|[upkeep]
|upkeep
|turn|4
|
|t:|1720994793
|move|p1a: Tentacruel|Scald|p2a: Ferrothorn
|-resisted|p2a: Ferrothorn
|-crit|p2a: Ferrothorn
|-damage|p2a: Ferrothorn|51/100
|move|p2a: Ferrothorn|Power Whip|p1a: Tentacruel
|-damage|p1a: Tentacruel|39/100
|
|-weather|RainDance|[upkeep]
|-heal|p1a: Tentacruel|45/100|[from] ability: Rain Dish
|-heal|p1a: Tentacruel|51/100|[from] item: Black Sludge
|upkeep
|turn|5
|
|t:|1720994801
|move|p1a: Tentacruel|Protect|p1a: Tentacruel
|-singleturn|p1a: Tentacruel|Protect
|move|p2a: Ferrothorn|Power Whip|p1a: Tentacruel
|-activate|p1a: Tentacruel|move: Protect
|
|-weather|RainDance|[upkeep]
|-heal|p1a: Tentacruel|58/100|[from] ability: Rain Dish
|-heal|p1a: Tentacruel|64/100|[from] item: Black Sludge
|upkeep
|turn|6
|
|t:|1720994805
|switch|p1a: Xatu|Xatu, F|100/100
|move|p2a: Ferrothorn|Power Whip|p1a: Xatu
|-resisted|p1a: Xatu
|-damage|p1a: Xatu|75/100
|
|-weather|RainDance|[upkeep]
|-heal|p1a: Xatu|81/100|[from] item: Leftovers
|upkeep
|turn|7
|
|t:|1720994809
|switch|p2a: Thundurus|Thundurus-Therian, M|100/100
|-damage|p2a: Thundurus|76/100|[from] Stealth Rock
|move|p1a: Xatu|U-turn|p2a: Thundurus
|-resisted|p2a: Thundurus
|-damage|p2a: Thundurus|68/100
|
|t:|1720994811
|switch|p1a: Chansey|Chansey, F|70/100|[from] U-turn
|
|-weather|RainDance|[upkeep]
|-heal|p2a: Thundurus|74/100|[from] item: Leftovers
|upkeep
|turn|8
|
|t:|1720994815
|switch|p2a: Scizor|Scizor, F|100/100
|-damage|p2a: Scizor|88/100|[from] Stealth Rock
|move|p1a: Chansey|Seismic Toss|p2a: Scizor
|-damage|p2a: Scizor|55/100
|
|-weather|RainDance|[upkeep]
|upkeep
|turn|9
|
|t:|1720994821
|switch|p1a: Tentacruel|Tentacruel, F|64/100
|move|p2a: Scizor|U-turn|p1a: Tentacruel
|-resisted|p1a: Tentacruel
|-damage|p1a: Tentacruel|27/100
|
|t:|1720994825
|switch|p2a: Starmie|Starmie, shiny|100/100|[from] U-turn
|-damage|p2a: Starmie|88/100|[from] Stealth Rock
|-item|p2a: Starmie|Air Balloon
|
|-weather|RainDance|[upkeep]
|-heal|p1a: Tentacruel|33/100|[from] ability: Rain Dish
|-heal|p1a: Tentacruel|40/100|[from] item: Black Sludge
|upkeep
|turn|10
|
|t:|1720994829
|move|p1a: Tentacruel|Protect|p1a: Tentacruel
|-singleturn|p1a: Tentacruel|Protect
|move|p2a: Starmie|Thunder|p1a: Tentacruel
|-activate|p1a: Tentacruel|move: Protect
|
|-weather|RainDance|[upkeep]
|-heal|p1a: Tentacruel|46/100|[from] ability: Rain Dish
|-heal|p1a: Tentacruel|52/100|[from] item: Black Sludge
|upkeep
|turn|11
|
|t:|1720994831
|switch|p1a: Chansey|Chansey, F|70/100
|move|p2a: Starmie|Rapid Spin|p1a: Chansey
|-damage|p1a: Chansey|67/100
|-sideend|p2: Crowned Crystals ♔|Stealth Rock|[from] move: Rapid Spin|[of] p2a: Starmie
|
|-weather|RainDance|[upkeep]
|upkeep
|turn|12
|
|t:|1720994834
|switch|p2a: Thundurus|Thundurus-Therian, M|74/100
|move|p1a: Chansey|Soft-Boiled|p1a: Chansey
|-heal|p1a: Chansey|100/100
|
|-weather|RainDance|[upkeep]
|-heal|p2a: Thundurus|80/100|[from] item: Leftovers
|upkeep
|turn|13
|
|t:|1720994847
|move|p2a: Thundurus|Nasty Plot|p2a: Thundurus
|-boost|p2a: Thundurus|spa|2
|move|p1a: Chansey|Seismic Toss|p2a: Thundurus
|-damage|p2a: Thundurus|47/100
|
|-weather|RainDance|[upkeep]
|-heal|p2a: Thundurus|53/100|[from] item: Leftovers
|upkeep
|turn|14
|
|t:|1720994850
|move|p2a: Thundurus|Focus Blast|p1a: Chansey
|-supereffective|p1a: Chansey
|-damage|p1a: Chansey|62/100
|move|p1a: Chansey|Toxic|p2a: Thundurus
|-status|p2a: Thundurus|tox
|
|-weather|RainDance|[upkeep]
|-heal|p2a: Thundurus|59/100 tox|[from] item: Leftovers
|-damage|p2a: Thundurus|53/100 tox|[from] psn
|upkeep
|turn|15
|
|t:|1720994855
|move|p2a: Thundurus|Focus Blast|p1a: Chansey
|-supereffective|p1a: Chansey
|-damage|p1a: Chansey|23/100
|move|p1a: Chansey|Soft-Boiled|p1a: Chansey
|-heal|p1a: Chansey|73/100
|
|-weather|RainDance|[upkeep]
|-heal|p2a: Thundurus|59/100 tox|[from] item: Leftovers
|-damage|p2a: Thundurus|47/100 tox|[from] psn
|upkeep
|turn|16
|
|t:|1720994859
|switch|p2a: Scizor|Scizor, F|55/100
|move|p1a: Chansey|Soft-Boiled|p1a: Chansey
|-heal|p1a: Chansey|100/100
|
|-weather|RainDance|[upkeep]
|upkeep
|turn|17
|
|t:|1720994864
|switch|p1a: Tentacruel|Tentacruel, F|52/100
|move|p2a: Scizor|U-turn|p1a: Tentacruel
|-resisted|p1a: Tentacruel
|-crit|p1a: Tentacruel
|-damage|p1a: Tentacruel|0 fnt
|faint|p1a: Tentacruel
|
|t:|1720994880
|switch|p2a: Keldeo|Keldeo|100/100|[from] U-turn
|
|-weather|RainDance|[upkeep]
|upkeep
|
|t:|1720994884
|switch|p1a: Sableye|Sableye, M|100/100
|turn|18
|inactive|Crowned Crystals ♔ has 120 seconds left.
|
|t:|1720994917
|move|p1a: Sableye|Will-O-Wisp|p2a: Keldeo
|-status|p2a: Keldeo|brn
|move|p2a: Keldeo|Hydro Pump|p1a: Sableye
|-damage|p1a: Sableye|0 fnt
|faint|p1a: Sableye
|
|-weather|RainDance|[upkeep]
|-damage|p2a: Keldeo|88/100 brn|[from] brn
|upkeep
|
|t:|1720994922
|switch|p1a: Chansey|Chansey, F|100/100
|turn|19
|
|t:|1720994928
|switch|p2a: Scizor|Scizor, F|55/100
|move|p1a: Chansey|Stealth Rock|p2a: Scizor
|-sidestart|p2: Crowned Crystals ♔|move: Stealth Rock
|
|-weather|RainDance|[upkeep]
|upkeep
|turn|20
|
|t:|1720994931
|move|p2a: Scizor|Pursuit|p1a: Chansey
|-damage|p1a: Chansey|78/100
|move|p1a: Chansey|Soft-Boiled|p1a: Chansey
|-heal|p1a: Chansey|100/100
|
|-weather|RainDance|[upkeep]
|upkeep
|turn|21
|
|t:|1720994939
|switch|p2a: Politoed|Politoed, M, shiny|100/100
|-damage|p2a: Politoed|88/100|[from] Stealth Rock
|move|p1a: Chansey|Seismic Toss|p2a: Politoed
|-damage|p2a: Politoed|62/100
|
|-weather|RainDance|[upkeep]
|upkeep
|turn|22
|
|t:|1720994942
|move|p2a: Politoed|Scald|p1a: Chansey
|-damage|p1a: Chansey|90/100
|-status|p1a: Chansey|brn
|move|p1a: Chansey|Toxic|p2a: Politoed
|-status|p2a: Politoed|tox
|
|-weather|RainDance|[upkeep]
|-damage|p2a: Politoed|56/100 tox|[from] psn
|-damage|p1a: Chansey|78/100 brn|[from] brn
|upkeep
|turn|23
|
|t:|1720994946
|move|p2a: Politoed|Scald|p1a: Chansey
|-damage|p1a: Chansey|67/100 brn
|move|p1a: Chansey|Seismic Toss|p2a: Politoed
|-damage|p2a: Politoed|30/100 tox
|
|-weather|RainDance|[upkeep]
|-damage|p2a: Politoed|18/100 tox|[from] psn
|-damage|p1a: Chansey|55/100 brn|[from] brn
|upkeep
|turn|24
|
|t:|1720994954
|move|p2a: Politoed|Rest|p2a: Politoed
|-status|p2a: Politoed|slp|[from] move: Rest
|-heal|p2a: Politoed|100/100 slp|[silent]
|-enditem|p2a: Politoed|Chesto Berry|[eat]
|-curestatus|p2a: Politoed|slp|[msg]
|move|p1a: Chansey|Seismic Toss|p2a: Politoed
|-damage|p2a: Politoed|74/100
|
|-weather|RainDance|[upkeep]
|-damage|p1a: Chansey|42/100 brn|[from] brn
|upkeep
|turn|25
|
|t:|1720994958
|switch|p2a: Scizor|Scizor, F|55/100
|-damage|p2a: Scizor|42/100|[from] Stealth Rock
|move|p1a: Chansey|Soft-Boiled|p1a: Chansey
|-heal|p1a: Chansey|92/100 brn
|
|-weather|RainDance|[upkeep]
|-damage|p1a: Chansey|80/100 brn|[from] brn
|upkeep
|turn|26
|
|t:|1720994964
|-curestatus|p1a: Chansey|brn|[from] ability: Natural Cure
|switch|p1a: Xatu|Xatu, F|81/100
|move|p2a: Scizor|U-turn|p1a: Xatu
|-damage|p1a: Xatu|27/100
|
|t:|1720994972
|switch|p2a: Starmie|Starmie, shiny|88/100|[from] U-turn
|-damage|p2a: Starmie|76/100|[from] Stealth Rock
|-item|p2a: Starmie|Air Balloon
|
|-weather|RainDance|[upkeep]
|-heal|p1a: Xatu|33/100|[from] item: Leftovers
|upkeep
|turn|27
|
|t:|1720994984
|switch|p1a: Chansey|Chansey, F|80/100
|move|p2a: Starmie|Ice Beam|p1a: Chansey
|-damage|p1a: Chansey|70/100
|
|-weather|RainDance|[upkeep]
|upkeep
|turn|28
|
|t:|1720994987
|move|p2a: Starmie|Rapid Spin|p1a: Chansey
|-damage|p1a: Chansey|68/100
|-sideend|p2: Crowned Crystals ♔|Stealth Rock|[from] move: Rapid Spin|[of] p2a: Starmie
|move|p1a: Chansey|Seismic Toss|p2a: Starmie
|-damage|p2a: Starmie|38/100
|-enditem|p2a: Starmie|Air Balloon
|
|-weather|RainDance|[upkeep]
|upkeep
|turn|29
|
|t:|1720994994
|switch|p2a: Scizor|Scizor, F|42/100
|move|p1a: Chansey|Soft-Boiled|p1a: Chansey
|-heal|p1a: Chansey|100/100
|
|-weather|RainDance|[upkeep]
|upkeep
|turn|30
|
|t:|1720994999
|move|p2a: Scizor|Bug Bite|p1a: Chansey
|-damage|p1a: Chansey|48/100
|move|p1a: Chansey|Soft-Boiled|p1a: Chansey
|-heal|p1a: Chansey|98/100
|
|-weather|RainDance|[upkeep]
|upkeep
|turn|31
|
|t:|1720995002
|switch|p1a: Jirachi|Jirachi|100/100
|move|p2a: Scizor|Bug Bite|p1a: Jirachi
|-crit|p1a: Jirachi
|-damage|p1a: Jirachi|0 fnt
|faint|p1a: Jirachi
|
|-weather|RainDance|[upkeep]
|upkeep
|
|t:|1720995005
|switch|p1a: Quagsire|Quagsire, M|100/100
|turn|32
|
|t:|1720995007
|switch|p2a: Ferrothorn|Ferrothorn, M|51/100
|move|p1a: Quagsire|Scald|p2a: Ferrothorn
|-resisted|p2a: Ferrothorn
|-damage|p2a: Ferrothorn|38/100
|
|-weather|RainDance|[upkeep]
|upkeep
|turn|33
|
|t:|1720995025
|switch|p1a: Xatu|Xatu, F|33/100
|switch|p2a: Starmie|Starmie, shiny|38/100
|
|-weather|RainDance|[upkeep]
|-heal|p1a: Xatu|39/100|[from] item: Leftovers
|upkeep
|turn|34
|
|t:|1720995029
|switch|p1a: Chansey|Chansey, F|98/100
|move|p2a: Starmie|Ice Beam|p1a: Chansey
|-damage|p1a: Chansey|89/100
|
|-weather|RainDance|[upkeep]
|upkeep
|turn|35
|
|t:|1720995033
|switch|p2a: Scizor|Scizor, F|42/100
|move|p1a: Chansey|Seismic Toss|p2a: Scizor
|-damage|p2a: Scizor|9/100
|
|-weather|RainDance|[upkeep]
|upkeep
|turn|36
|
|t:|1720995037
|move|p2a: Scizor|Bug Bite|p1a: Chansey
|-damage|p1a: Chansey|37/100
|move|p1a: Chansey|Seismic Toss|p2a: Scizor
|-damage|p2a: Scizor|0 fnt
|faint|p2a: Scizor
|
|-weather|RainDance|[upkeep]
|upkeep
|inactive|Crowned Crystals ♔ has 120 seconds left.
|
|t:|1720995073
|switch|p2a: Keldeo|Keldeo|88/100 brn
|turn|37
|inactive|Crowned Crystals ♔ has 120 seconds left.
|
|t:|1720995096
|switch|p2a: Thundurus|Thundurus-Therian, M|47/100 tox
|switch|p1a: Xatu|Xatu, F|39/100
|
|-weather|RainDance|[upkeep]
|-heal|p2a: Thundurus|53/100 tox|[from] item: Leftovers
|-heal|p1a: Xatu|45/100|[from] item: Leftovers
|-damage|p2a: Thundurus|47/100 tox|[from] psn
|upkeep
|turn|38
|
|t:|1720995104
|switch|p1a: Quagsire|Quagsire, M|100/100
|move|p2a: Thundurus|Nasty Plot|p2a: Thundurus
|-boost|p2a: Thundurus|spa|2
|
|-weather|RainDance|[upkeep]
|-heal|p2a: Thundurus|53/100 tox|[from] item: Leftovers
|-damage|p2a: Thundurus|41/100 tox|[from] psn
|upkeep
|turn|39
|inactive|Crowned Crystals ♔ has 120 seconds left.
|
|t:|1720995110
|move|p2a: Thundurus|Focus Blast|p1a: Quagsire
|-damage|p1a: Quagsire|55/100
|-unboost|p1a: Quagsire|spd|1
|move|p1a: Quagsire|Recover|p1a: Quagsire
|-heal|p1a: Quagsire|100/100
|
|-weather|RainDance|[upkeep]
|-heal|p2a: Thundurus|47/100 tox|[from] item: Leftovers
|-damage|p2a: Thundurus|29/100 tox|[from] psn
|upkeep
|turn|40
|
|t:|1720995116
|move|p2a: Thundurus|Hidden Power|p1a: Quagsire
|-damage|p1a: Quagsire|60/100
|move|p1a: Quagsire|Recover|p1a: Quagsire
|-heal|p1a: Quagsire|100/100
|
|-weather|RainDance|[upkeep]
|-heal|p2a: Thundurus|35/100 tox|[from] item: Leftovers
|-damage|p2a: Thundurus|11/100 tox|[from] psn
|upkeep
|turn|41
|
|t:|1720995121
|switch|p2a: Ferrothorn|Ferrothorn, M|38/100
|switch|p1a: Xatu|Xatu, F|45/100
|
|-weather|RainDance|[upkeep]
|-heal|p1a: Xatu|51/100|[from] item: Leftovers
|upkeep
|turn|42
|
|t:|1720995123
|move|p1a: Xatu|Roost|p1a: Xatu
|-heal|p1a: Xatu|100/100
|-singleturn|p1a: Xatu|move: Roost
|move|p2a: Ferrothorn|Explosion|p1a: Xatu
|-damage|p1a: Xatu|38/100
|faint|p2a: Ferrothorn
|
|-weather|RainDance|[upkeep]
|-heal|p1a: Xatu|44/100|[from] item: Leftovers
|upkeep
|
|t:|1720995139
|switch|p2a: Thundurus|Thundurus-Therian, M|11/100 tox
|turn|43
|
|t:|1720995144
|move|p2a: Thundurus|Focus Blast|p1a: Xatu
|-resisted|p1a: Xatu
|-damage|p1a: Xatu|30/100
|move|p1a: Xatu|Roost|p1a: Xatu
|-heal|p1a: Xatu|80/100
|-singleturn|p1a: Xatu|move: Roost
|
|-weather|RainDance|[upkeep]
|-heal|p2a: Thundurus|17/100 tox|[from] item: Leftovers
|-heal|p1a: Xatu|86/100|[from] item: Leftovers
|-damage|p2a: Thundurus|11/100 tox|[from] psn
|upkeep
|turn|44
|
|t:|1720995147
|switch|p1a: Quagsire|Quagsire, M|100/100
|move|p2a: Thundurus|Thunder|p1a: Quagsire
|-immune|p1a: Quagsire
|
|-weather|RainDance|[upkeep]
|-heal|p2a: Thundurus|17/100 tox|[from] item: Leftovers
|-damage|p2a: Thundurus|5/100 tox|[from] psn
|upkeep
|turn|45
|
|t:|1720995149
|move|p2a: Thundurus|Focus Blast|p1a: Quagsire
|-damage|p1a: Quagsire|52/100
|move|p1a: Quagsire|Recover|p1a: Quagsire
|-heal|p1a: Quagsire|100/100
|
|-weather|RainDance|[upkeep]
|-heal|p2a: Thundurus|11/100 tox|[from] item: Leftovers
|-damage|p2a: Thundurus|0 fnt|[from] psn
|faint|p2a: Thundurus
|upkeep
|
|t:|1720995157
|switch|p2a: Keldeo|Keldeo|88/100 brn
|turn|46
|
|t:|1720995160
|move|p2a: Keldeo|Hydro Pump|p1a: Quagsire
|-damage|p1a: Quagsire|0 fnt
|faint|p1a: Quagsire
|
|-weather|RainDance|[upkeep]
|-damage|p2a: Keldeo|76/100 brn|[from] brn
|upkeep
|
|t:|1720995163
|switch|p1a: Chansey|Chansey, F|37/100
|turn|47
|
|t:|1720995166
|move|p2a: Keldeo|Hydro Pump|p1a: Chansey
|-damage|p1a: Chansey|10/100
|move|p1a: Chansey|Soft-Boiled|p1a: Chansey
|-heal|p1a: Chansey|61/100
|
|-weather|RainDance|[upkeep]
|-damage|p2a: Keldeo|63/100 brn|[from] brn
|upkeep
|turn|48
|
|t:|1720995169
|switch|p2a: Politoed|Politoed, M, shiny|74/100
|move|p1a: Chansey|Soft-Boiled|p1a: Chansey
|-heal|p1a: Chansey|100/100
|
|-weather|RainDance|[upkeep]
|upkeep
|turn|49
|
|t:|1720995172
|move|p2a: Politoed|Scald|p1a: Chansey
|-damage|p1a: Chansey|90/100
|move|p1a: Chansey|Stealth Rock|p2a: Politoed
|-sidestart|p2: Crowned Crystals ♔|move: Stealth Rock
|
|-weather|RainDance|[upkeep]
|upkeep
|turn|50
|
|t:|1720995176
|move|p2a: Politoed|Scald|p1a: Chansey
|-damage|p1a: Chansey|79/100
|move|p1a: Chansey|Seismic Toss|p2a: Politoed
|-damage|p2a: Politoed|48/100
|
|-weather|RainDance|[upkeep]
|upkeep
|turn|51
|
|t:|1720995178
|move|p2a: Politoed|Scald|p1a: Chansey
|-damage|p1a: Chansey|68/100
|-status|p1a: Chansey|brn
|move|p1a: Chansey|Toxic|p2a: Politoed
|-status|p2a: Politoed|tox
|
|-weather|RainDance|[upkeep]
|-damage|p2a: Politoed|42/100 tox|[from] psn
|-damage|p1a: Chansey|56/100 brn|[from] brn
|upkeep
|turn|52
|
|t:|1720995183
|-curestatus|p1a: Chansey|brn|[from] ability: Natural Cure
|switch|p1a: Xatu|Xatu, F|86/100
|move|p2a: Politoed|Scald|p1a: Xatu
|-damage|p1a: Xatu|37/100
|
|-weather|RainDance|[upkeep]
|-heal|p1a: Xatu|43/100|[from] item: Leftovers
|-damage|p2a: Politoed|30/100 tox|[from] psn
|upkeep
|turn|53
|
|t:|1720995187
|move|p2a: Politoed|Scald|p1a: Xatu
|-damage|p1a: Xatu|0 fnt
|faint|p1a: Xatu
|
|-weather|RainDance|[upkeep]
|-damage|p2a: Politoed|12/100 tox|[from] psn
|upkeep
|
|t:|1720995188
|switch|p1a: Chansey|Chansey, F|56/100
|turn|54
|
|t:|1720995197
|move|p2a: Politoed|Toxic|p1a: Chansey
|-status|p1a: Chansey|tox
|move|p1a: Chansey|Soft-Boiled|p1a: Chansey
|-heal|p1a: Chansey|100/100 tox
|
|-weather|RainDance|[upkeep]
|-damage|p2a: Politoed|0 fnt|[from] psn
|faint|p2a: Politoed
|-damage|p1a: Chansey|94/100 tox|[from] psn
|upkeep
|
|t:|1720995199
|switch|p2a: Starmie|Starmie, shiny|38/100
|-damage|p2a: Starmie|26/100|[from] Stealth Rock
|turn|55
|
|t:|1720995202
|move|p2a: Starmie|Rapid Spin|p1a: Chansey
|-damage|p1a: Chansey|92/100 tox
|-sideend|p2: Crowned Crystals ♔|Stealth Rock|[from] move: Rapid Spin|[of] p2a: Starmie
|move|p1a: Chansey|Seismic Toss|p2a: Starmie
|-damage|p2a: Starmie|0 fnt
|faint|p2a: Starmie
|
|-weather|RainDance|[upkeep]
|-damage|p1a: Chansey|80/100 tox|[from] psn
|upkeep
|
|t:|1720995204
|switch|p2a: Keldeo|Keldeo|63/100 brn
|turn|56
|
|t:|1720995207
|move|p2a: Keldeo|Secret Sword|p1a: Chansey
|-supereffective|p1a: Chansey
|-damage|p1a: Chansey|15/100 tox
|move|p1a: Chansey|Seismic Toss|p2a: Keldeo
|-damage|p2a: Keldeo|32/100 brn
|
|-weather|RainDance|[upkeep]
|-damage|p1a: Chansey|0 fnt|[from] psn
|faint|p1a: Chansey
|
|win|Crowned Crystals ♔
|upkeep
|raw|radaty's rating: 1425 &rarr; <strong>1410</strong><br />(-15 for losing)
|raw|Crowned Crystals ♔'s rating: 1521 &rarr; <strong>1536</strong><br />(+15 for winning)
|l|☆radaty
|player|p1|
|c|☆Crowned Crystals ♔|/log Crowned Crystals ♔ made this room public.
