|j|☆Coyohma
|j|☆Dqking
|player|p1|Coyohma|197
|player|p2|Dqking|226
|teamsize|p1|6
|teamsize|p2|6
|gametype|singles
|gen|5
|tier|[Gen 5] OU
|rated|
|rule|Sleep Clause Mod: Limit one foe put to sleep
|rule|Species Clause: Limit one of each Pokémon
|rule|OHKO Clause: OHKO moves are banned
|rule|Moody Clause: Moody is banned
|rule|Evasion Moves Clause: Evasion moves are banned
|rule|Endless Battle Clause: Forcing endless battles is banned
|rule|HP Percentage Mod: HP is shown in percentages
|rule|Evasion Abilities Clause: Evasion abilities are banned
|rule|Baton Pass Clause: Limit one Baton Passer, can't pass Spe and other stats simultaneously
|rule|Swagger Clause: Swagger is banned
|clearpoke
|poke|p1|Politoed, M|item
|poke|p1|Jirachi|item
|poke|p1|Ferrothorn, F|item
|poke|p1|Kyurem-Black|item
|poke|p1|Keldeo-Resolute|item
|poke|p1|Breloom, M|item
|poke|p2|Politoed, F|item
|poke|p2|Breloom, M|item
|poke|p2|Kyurem-Black|item
|poke|p2|Jirachi|item
|poke|p2|Keldeo|item
|poke|p2|Ferrothorn, F|item
|teampreview
|c|☆Coyohma|haha
|c|☆Coyohma|different account
|inactive|Battle timer is ON: inactive players will automatically lose when time's up. (requested by Coyohma)
|c|☆Dqking|ofc
|inactive|Dqking has 135 seconds left.
|
|start
|switch|p1a: Politoed|Politoed, M, shiny|100/100
|switch|p2a: Jirachi|Jirachi|100/100
|-weather|RainDance|[from] ability: Drizzle|[of] p1a: Politoed
|turn|1
|
|move|p1a: Politoed|Scald|p2a: Jirachi
|-damage|p2a: Jirachi|57/100
|move|p2a: Jirachi|Substitute|p2a: Jirachi
|-start|p2a: Jirachi|Substitute
|-damage|p2a: Jirachi|32/100
|
|-weather|RainDance|[upkeep]
|-heal|p2a: Jirachi|38/100|[from] item: Leftovers
|upkeep
|turn|2
|
|move|p1a: Politoed|Scald|p2a: Jirachi
|-end|p2a: Jirachi|Substitute
|move|p2a: Jirachi|Thunder|p1a: Politoed
|-supereffective|p1a: Politoed
|-damage|p1a: Politoed|43/100
|-status|p1a: Politoed|par
|
|-weather|RainDance|[upkeep]
|-heal|p2a: Jirachi|45/100|[from] item: Leftovers
|upkeep
|turn|3
|
|move|p2a: Jirachi|Thunder|p1a: Politoed
|-supereffective|p1a: Politoed
|-damage|p1a: Politoed|0 fnt
|faint|p1a: Politoed
|
|-weather|RainDance|[upkeep]
|-heal|p2a: Jirachi|51/100|[from] item: Leftovers
|upkeep
|
|switch|p1a: Keldeo|Keldeo-Resolute|100/100
|turn|4
|
|move|p1a: Keldeo|Surf|p2a: Jirachi
|-damage|p2a: Jirachi|0 fnt
|faint|p2a: Jirachi
|
|-weather|RainDance|[upkeep]
|upkeep
|
|switch|p2a: Kyurem|Kyurem-Black|100/100
|-ability|p2a: Kyurem|Teravolt
|turn|5
|
|switch|p1a: Ferrothorn|Ferrothorn, F|100/100
|move|p2a: Kyurem|Substitute|p2a: Kyurem
|-start|p2a: Kyurem|Substitute
|-damage|p2a: Kyurem|75/100
|
|-weather|RainDance|[upkeep]
|upkeep
|turn|6
|
|move|p2a: Kyurem|Fusion Bolt|p1a: Ferrothorn
|-resisted|p1a: Ferrothorn
|-damage|p1a: Ferrothorn|85/100
|move|p1a: Ferrothorn|Gyro Ball|p2a: Kyurem
|-supereffective|p2a: Kyurem
|-end|p2a: Kyurem|Substitute
|
|-weather|RainDance|[upkeep]
|upkeep
|turn|7
|
|switch|p2a: Ferrothorn|Ferrothorn, F|100/100
|move|p1a: Ferrothorn|Gyro Ball|p2a: Ferrothorn
|-resisted|p2a: Ferrothorn
|-damage|p2a: Ferrothorn|98/100
|-damage|p1a: Ferrothorn|73/100|[from] ability: Iron Barbs|[of] p2a: Ferrothorn
|-damage|p1a: Ferrothorn|56/100|[from] item: Rocky Helmet|[of] p2a: Ferrothorn
|
|-weather|RainDance|[upkeep]
|upkeep
|turn|8
|
|switch|p1a: Breloom|Breloom, M|100/100
|move|p2a: Ferrothorn|Stealth Rock|p1a: Breloom
|-sidestart|p1: Coyohma|move: Stealth Rock
|
|-weather|RainDance|[upkeep]
|upkeep
|turn|9
|
|move|p1a: Breloom|Spore|p2a: Ferrothorn
|-status|p2a: Ferrothorn|slp
|cant|p2a: Ferrothorn|slp
|
|-weather|RainDance|[upkeep]
|upkeep
|turn|10
|
|switch|p2a: Kyurem|Kyurem-Black|75/100
|-ability|p2a: Kyurem|Teravolt
|move|p1a: Breloom|Low Sweep|p2a: Kyurem
|-supereffective|p2a: Kyurem
|-damage|p2a: Kyurem|0 fnt
|-damage|p1a: Breloom|91/100|[from] item: Life Orb
|faint|p2a: Kyurem
|
|-weather|RainDance|[upkeep]
|upkeep
|inactive|Dqking has 135 seconds left.
|c|☆Dqking|this teams low key weak against breloom aint it
|
|switch|p2a: Politoed|Politoed, F|100/100
|turn|11
|c|☆Dqking|i guess the scarf users can get it
|inactive|Coyohma has 135 seconds left.
|c|☆Coyohma|typically it's sacrificing one
|c|☆Coyohma|and revenge killing
|inactive|Coyohma has 120 seconds left.
|c|☆Coyohma|sometimes I'm tempted to spore against it with breloom itself lol
|inactive|Coyohma has 105 seconds left.
|
|switch|p1a: Ferrothorn|Ferrothorn, F|56/100
|-damage|p1a: Ferrothorn|50/100|[from] Stealth Rock
|move|p2a: Politoed|Ice Beam|p1a: Ferrothorn
|-damage|p1a: Ferrothorn|30/100
|
|-weather|RainDance|[upkeep]
|upkeep
|turn|12
|inactive|Coyohma has 135 seconds left.
|c|☆Dqking|yeah thats a concept i need to improve on with this team
|inactive|Coyohma has 120 seconds left.
|c|☆Dqking|thinking of the scarf users as a team
|c|☆Coyohma|idk what % run jolly now, but you have at least a 50/50 chance
|inactive|Coyohma has 105 seconds left.
|inactive|Coyohma has 90 seconds left.
|
|switch|p2a: Keldeo|Keldeo|100/100
|move|p1a: Ferrothorn|Power Whip|p2a: Keldeo
|-supereffective|p2a: Keldeo
|-damage|p2a: Keldeo|17/100
|
|-weather|RainDance|[upkeep]
|upkeep
|turn|13
|
|move|p2a: Keldeo|Surf|p1a: Ferrothorn
|-resisted|p1a: Ferrothorn
|-damage|p1a: Ferrothorn|4/100
|move|p1a: Ferrothorn|Gyro Ball|p2a: Keldeo
|-resisted|p2a: Keldeo
|-damage|p2a: Keldeo|0 fnt
|faint|p2a: Keldeo
|
|-weather|RainDance|[upkeep]
|upkeep
|
|switch|p2a: Politoed|Politoed, F|100/100
|turn|14
|
|move|p2a: Politoed|Psychic|p1a: Ferrothorn
|-resisted|p1a: Ferrothorn
|-damage|p1a: Ferrothorn|0 fnt
|faint|p1a: Ferrothorn
|
|-weather|RainDance|[upkeep]
|upkeep
|
|switch|p1a: Kyurem|Kyurem-Black|100/100
|-damage|p1a: Kyurem|75/100|[from] Stealth Rock
|-ability|p1a: Kyurem|Teravolt
|turn|15
|
|switch|p2a: Ferrothorn|Ferrothorn, F|98/100 slp
|move|p1a: Kyurem|Substitute|p1a: Kyurem
|-start|p1a: Kyurem|Substitute
|-damage|p1a: Kyurem|50/100
|
|-weather|RainDance|[upkeep]
|upkeep
|turn|16
|c|☆Dqking|wrong guess RIP
|
|move|p1a: Kyurem|Freeze Shock|p2a: Ferrothorn|[still]
|-prepare|p1a: Kyurem|Freeze Shock|p2a: Ferrothorn
|-enditem|p1a: Kyurem|Power Herb
|-anim|p1a: Kyurem|Freeze Shock|p2a: Ferrothorn
|-damage|p2a: Ferrothorn|37/100 slp
|cant|p2a: Ferrothorn|slp
|
|-weather|RainDance|[upkeep]
|upkeep
|turn|17
|c|☆Coyohma|lel
|
|move|p1a: Kyurem|Outrage|p2a: Ferrothorn
|-resisted|p2a: Ferrothorn
|-damage|p2a: Ferrothorn|8/100 slp
|-damage|p1a: Kyurem|38/100|[from] ability: Iron Barbs|[of] p2a: Ferrothorn
|-damage|p1a: Kyurem|21/100|[from] item: Rocky Helmet|[of] p2a: Ferrothorn
|cant|p2a: Ferrothorn|slp
|
|-weather|RainDance|[upkeep]
|upkeep
|turn|18
|
|move|p1a: Kyurem|Outrage|p2a: Ferrothorn|[from]lockedmove
|-resisted|p2a: Ferrothorn
|-damage|p2a: Ferrothorn|0 fnt
|-damage|p1a: Kyurem|9/100|[from] ability: Iron Barbs|[of] p2a: Ferrothorn
|-damage|p1a: Kyurem|0 fnt|[from] item: Rocky Helmet|[of] p2a: Ferrothorn
|faint|p1a: Kyurem
|-formechange|p1a: Kyurem|Kyurem-Black|
|faint|p2a: Ferrothorn
|-formechange|p2a: Ferrothorn|Ferrothorn|
|
|-weather|RainDance|[upkeep]
|upkeep
|inactive|Coyohma has 135 seconds left.
|inactive|Dqking has 135 seconds left.
|
|switch|p1a: Keldeo|Keldeo-Resolute|100/100
|switch|p2a: Breloom|Breloom, M|100/100
|-damage|p1a: Keldeo|94/100|[from] Stealth Rock
|turn|19
|
|move|p1a: Keldeo|Icy Wind|p2a: Breloom
|-supereffective|p2a: Breloom
|-damage|p2a: Breloom|26/100
|-unboost|p2a: Breloom|spe|1
|move|p2a: Breloom|Bullet Seed|p1a: Keldeo
|-supereffective|p1a: Keldeo
|-damage|p1a: Keldeo|33/100
|-supereffective|p1a: Keldeo
|-damage|p1a: Keldeo|0 fnt
|-hitcount|p1a: Keldeo|2
|-damage|p2a: Breloom|16/100|[from] item: Life Orb
|faint|p1a: Keldeo
|
|-weather|RainDance|[upkeep]
|upkeep
|
|switch|p1a: Jirachi|Jirachi|100/100
|-damage|p1a: Jirachi|94/100|[from] Stealth Rock
|turn|20
|
|switch|p2a: Politoed|Politoed, F|100/100
|move|p1a: Jirachi|Thunder|p2a: Politoed
|-supereffective|p2a: Politoed
|-damage|p2a: Politoed|41/100
|
|-weather|RainDance|[upkeep]
|-heal|p1a: Jirachi|100/100|[from] item: Leftovers
|upkeep
|turn|21
|
|move|p2a: Politoed|Ice Beam|p1a: Jirachi
|-resisted|p1a: Jirachi
|-damage|p1a: Jirachi|89/100
|move|p1a: Jirachi|Thunder|p2a: Politoed
|-supereffective|p2a: Politoed
|-damage|p2a: Politoed|0 fnt
|faint|p2a: Politoed
|
|-weather|RainDance|[upkeep]
|-heal|p1a: Jirachi|95/100|[from] item: Leftovers
|upkeep
|c|☆Dqking|my only hope was a freeze lol
|c|☆Dqking|gg
|
|switch|p2a: Breloom|Breloom, M|16/100
|turn|22
|c|☆Coyohma|lol, nice games today
|
|move|p2a: Breloom|Low Sweep|p1a: Jirachi
|-damage|p1a: Jirachi|57/100
|-unboost|p1a: Jirachi|spe|1
|-damage|p2a: Breloom|6/100|[from] item: Life Orb
|move|p1a: Jirachi|Psychic|p2a: Breloom
|-supereffective|p2a: Breloom
|-damage|p2a: Breloom|0 fnt
|faint|p2a: Breloom
|
|win|Coyohma
|raw|Coyohma's rating: 1461 &rarr; <strong>1473</strong><br />(+12 for winning)
|raw|Dqking's rating: 1319 &rarr; <strong>1307</strong><br />(-12 for losing)
|c|☆Dqking|ditto
|c|☆Coyohma|dm me if you have a question
|l|☆Dqking
