|join|Guelobowler
|join|ahobowithanoboe
|player|p1|Guelobowler|220
|player|p2|ahobowithanoboe|273
|gametype|singles
|gen|5
|tier|[Gen 5] OU
|rated
|rule|Evasion Abilities Clause: Evasion abilities are banned
|clearpoke
|poke|p1|Hippowdon, F
|poke|p1|Mandibuzz, F
|poke|p1|Scizor, F
|poke|p1|Magnezone
|poke|p1|Latios, M
|poke|p1|Haxorus, M, shiny
|poke|p2|Dragonite, F
|poke|p2|Gengar, M
|poke|p2|Umbreon, F
|poke|p2|Starmie
|poke|p2|Gliscor, M
|poke|p2|Magnezone
|rule|Sleep Clause Mod: Limit one foe put to sleep
|rule|Species Clause: Limit one of each Pokémon
|rule|OHKO Clause: OHKO moves are banned
|rule|Moody Clause: Moody is banned
|rule|Evasion Moves Clause: Evasion moves are banned
|rule|Endless Battle Clause: Forcing endless battles is banned
|rule|HP Percentage Mod: HP is reported as percentages
|teampreview
|
|start
|switch|p1a: Mandibuzz|Mandibuzz, F|423/423
|switch|p2a: frizz B|Starmie|323/323
|turn|1
|
|switch|p2a: the krabs :(|Gliscor, M|352/352
|move|p1a: Mandibuzz|U-turn|p2a: the krabs :(
|-resisted|p2a: the krabs :(
|-damage|p2a: the krabs :(|340/352
|
|switch|p1a: Latios|Latios, M|302/302
|
|-status|p2a: the krabs :(|tox|[from] item: Toxic Orb
|turn|2
|
|switch|p2a: frizz B|Starmie|323/323
|move|p1a: Latios|Surf|p2a: frizz B
|-resisted|p2a: frizz B
|-damage|p2a: frizz B|257/323
|
|-heal|p2a: frizz B|277/323|[from] item: Leftovers
|turn|3
|
|switch|p1a: Magnezone|Magnezone|291/291
|move|p2a: frizz B|Ice Beam|p1a: Magnezone
|-resisted|p1a: Magnezone
|-damage|p1a: Magnezone|249/291
|
|-heal|p2a: frizz B|297/323|[from] item: Leftovers
|turn|4
|
|switch|p2a: black PUSSAY|Umbreon, F|394/394
|move|p1a: Magnezone|Flash Cannon|p2a: black PUSSAY
|-damage|p2a: black PUSSAY|235/394
|-unboost|p2a: black PUSSAY|spd|1
|
|-heal|p2a: black PUSSAY|259/394|[from] item: Leftovers
|turn|5
|
|move|p2a: black PUSSAY|Protect|p2a: black PUSSAY
|-singleturn|p2a: black PUSSAY|Protect
|move|p1a: Magnezone|Flash Cannon|p2a: black PUSSAY
|-activate|p2a: black PUSSAY|Protect
|
|-heal|p2a: black PUSSAY|283/394|[from] item: Leftovers
|turn|6
|
|switch|p1a: Scizor|Scizor, F|343/343
|switch|p2a: PUSSAY magnet|Magnezone|282/282
|
|turn|7
|
|move|p2a: PUSSAY magnet|Substitute|p2a: PUSSAY magnet
|-start|p2a: PUSSAY magnet|Substitute
|-damage|p2a: PUSSAY magnet|212/282
|move|p1a: Scizor|Superpower|p2a: PUSSAY magnet
|-supereffective|p2a: PUSSAY magnet
|-end|p2a: PUSSAY magnet|Substitute
|-unboost|p1a: Scizor|atk|1
|-unboost|p1a: Scizor|def|1
|
|-heal|p2a: PUSSAY magnet|229/282|[from] item: Leftovers
|turn|8
|
|move|p2a: PUSSAY magnet|Hidden Power|p1a: Scizor
|-supereffective|p1a: Scizor
|-damage|p1a: Scizor|0 fnt
|faint|p1a: Scizor
|
|-heal|p2a: PUSSAY magnet|246/282|[from] item: Leftovers
|
|switch|p1a: Haxorus|Haxorus, M, shiny|323/323
|-ability|p1a: Haxorus|Mold Breaker
|turn|9
|
|move|p1a: Haxorus|Dragon Dance|p1a: Haxorus
|-boost|p1a: Haxorus|atk|1
|-boost|p1a: Haxorus|spe|1
|move|p2a: PUSSAY magnet|Thunderbolt|p1a: Haxorus
|-resisted|p1a: Haxorus
|-damage|p1a: Haxorus|188/323
|
|-heal|p2a: PUSSAY magnet|263/282|[from] item: Leftovers
|turn|10
|
|move|p1a: Haxorus|Earthquake|p2a: PUSSAY magnet
|-supereffective|p2a: PUSSAY magnet
|-damage|p2a: PUSSAY magnet|0 fnt
|faint|p2a: PUSSAY magnet
|
|
|switch|p2a: gay gar|Gengar, M|262/262
|turn|11
|
|move|p2a: gay gar|Hidden Power|p1a: Haxorus
|-supereffective|p1a: Haxorus
|-damage|p1a: Haxorus|0 fnt
|faint|p1a: Haxorus
|
|
|switch|p1a: Magnezone|Magnezone|249/291
|turn|12
|
|switch|p2a: black PUSSAY|Umbreon, F|283/394
|move|p1a: Magnezone|Flash Cannon|p2a: black PUSSAY
|-damage|p2a: black PUSSAY|103/394
|-unboost|p2a: black PUSSAY|spd|1
|
|-heal|p2a: black PUSSAY|127/394|[from] item: Leftovers
|turn|13
|
|move|p2a: black PUSSAY|Protect|p2a: black PUSSAY
|-singleturn|p2a: black PUSSAY|Protect
|move|p1a: Magnezone|Flash Cannon|p2a: black PUSSAY
|-activate|p2a: black PUSSAY|Protect
|
|-heal|p2a: black PUSSAY|151/394|[from] item: Leftovers
|turn|14
|
|move|p1a: Magnezone|Flash Cannon|p2a: black PUSSAY
|-crit|p2a: black PUSSAY
|-damage|p2a: black PUSSAY|0 fnt
|faint|p2a: black PUSSAY
|
|
|switch|p2a: DA NITE|Dragonite, F|323/323
|turn|15
|
|switch|p1a: Hippowdon|Hippowdon, F|420/420
|-weather|Sandstorm|[from] ability: Sand Stream|[of] p1a: Hippowdon
|move|p2a: DA NITE|Dragon Dance|p2a: DA NITE
|-boost|p2a: DA NITE|atk|1
|-boost|p2a: DA NITE|spe|1
|
|-weather|Sandstorm|[upkeep]
|-damage|p2a: DA NITE|303/323|[from] sandstorm
|turn|16
|
|move|p2a: DA NITE|Outrage|p1a: Hippowdon
|-damage|p1a: Hippowdon|198/420
|move|p1a: Hippowdon|Roar|p2a: DA NITE
|drag|p2a: gay gar|Gengar, M|262/262
|
|-weather|Sandstorm|[upkeep]
|-damage|p2a: gay gar|246/262|[from] sandstorm
|-heal|p1a: Hippowdon|224/420|[from] item: Leftovers
|turn|17
|
|switch|p1a: Mandibuzz|Mandibuzz, F|423/423
|move|p2a: gay gar|Shadow Ball|p1a: Mandibuzz
|-resisted|p1a: Mandibuzz
|-damage|p1a: Mandibuzz|371/423
|
|-weather|Sandstorm|[upkeep]
|-damage|p2a: gay gar|230/262|[from] sandstorm
|-heal|p1a: Mandibuzz|397/423|[from] item: Leftovers
|turn|18
|
|switch|p2a: the krabs :(|Gliscor, M|340/352 tox
|move|p1a: Mandibuzz|U-turn|p2a: the krabs :(
|-resisted|p2a: the krabs :(
|-damage|p2a: the krabs :(|328/352 tox
|
|switch|p1a: Hippowdon|Hippowdon, F|224/420
|
|-weather|Sandstorm|[upkeep]
|-heal|p1a: Hippowdon|250/420|[from] item: Leftovers
|-heal|p2a: the krabs :(|352/352 tox|[from] ability: Poison Heal
|turn|19
|
|move|p2a: the krabs :(|Taunt|p1a: Hippowdon
|-start|p1a: Hippowdon|move: Taunt
|cant|p1a: Hippowdon|move: Taunt|Stealth Rock
|
|-weather|Sandstorm|[upkeep]
|-heal|p1a: Hippowdon|276/420|[from] item: Leftovers
|turn|20
|
|switch|p1a: Mandibuzz|Mandibuzz, F|397/423
|move|p2a: the krabs :(|Stealth Rock|p1a: Mandibuzz
|-sidestart|p1: Guelobowler|move: Stealth Rock
|
|-weather|Sandstorm|[upkeep]
|-heal|p1a: Mandibuzz|423/423|[from] item: Leftovers
|turn|21
|
|move|p2a: the krabs :(|Taunt|p1a: Mandibuzz
|-start|p1a: Mandibuzz|move: Taunt
|move|p1a: Mandibuzz|U-turn|p2a: the krabs :(
|-resisted|p2a: the krabs :(
|-damage|p2a: the krabs :(|340/352 tox
|
|switch|p1a: Latios|Latios, M|302/302
|-damage|p1a: Latios|265/302|[from] Stealth Rock
|
|-weather|Sandstorm|[upkeep]
|-damage|p1a: Latios|247/302|[from] sandstorm
|-heal|p2a: the krabs :(|352/352 tox|[from] ability: Poison Heal
|turn|22
|
|move|p1a: Latios|Draco Meteor|p2a: the krabs :(|[miss]
|-miss|p1a: Latios|p2a: the krabs :(
|move|p2a: the krabs :(|Roost|p2a: the krabs :(
|-fail|p2a: the krabs :(
|
|-weather|Sandstorm|[upkeep]
|-damage|p1a: Latios|229/302|[from] sandstorm
|turn|23
|
|move|p1a: Latios|Draco Meteor|p2a: the krabs :(
|-damage|p2a: the krabs :(|28/352 tox
|-unboost|p1a: Latios|spa|2
|move|p2a: the krabs :(|Roost|p2a: the krabs :(
|-heal|p2a: the krabs :(|204/352 tox
|
|-weather|Sandstorm|[upkeep]
|-damage|p1a: Latios|211/302|[from] sandstorm
|-heal|p2a: the krabs :(|248/352 tox|[from] ability: Poison Heal
|turn|24
|
|switch|p1a: Magnezone|Magnezone|249/291
|-damage|p1a: Magnezone|231/291|[from] Stealth Rock
|move|p2a: the krabs :(|Roost|p2a: the krabs :(
|-heal|p2a: the krabs :(|352/352 tox
|
|-weather|Sandstorm|[upkeep]
|turn|25
|
|move|p2a: the krabs :(|Earthquake|p1a: Magnezone
|-supereffective|p1a: Magnezone
|-damage|p1a: Magnezone|0 fnt
|faint|p1a: Magnezone
|
|-weather|Sandstorm|[upkeep]
|
|switch|p1a: Latios|Latios, M|211/302
|-damage|p1a: Latios|174/302|[from] Stealth Rock
|turn|26
|
|move|p1a: Latios|Surf|p2a: the krabs :(
|-crit|p2a: the krabs :(
|-supereffective|p2a: the krabs :(
|-damage|p2a: the krabs :(|0 fnt
|faint|p2a: the krabs :(
|
|-weather|Sandstorm|[upkeep]
|-damage|p1a: Latios|156/302|[from] sandstorm
|
|switch|p2a: frizz B|Starmie|297/323
|turn|27
|
|switch|p1a: Mandibuzz|Mandibuzz, F|423/423
|-damage|p1a: Mandibuzz|318/423|[from] Stealth Rock
|move|p2a: frizz B|Ice Beam|p1a: Mandibuzz
|-supereffective|p1a: Mandibuzz
|-damage|p1a: Mandibuzz|200/423
|
|-weather|Sandstorm|[upkeep]
|-damage|p2a: frizz B|277/323|[from] sandstorm
|-heal|p2a: frizz B|297/323|[from] item: Leftovers
|-heal|p1a: Mandibuzz|226/423|[from] item: Leftovers
|turn|28
|
|move|p2a: frizz B|Ice Beam|p1a: Mandibuzz
|-supereffective|p1a: Mandibuzz
|-damage|p1a: Mandibuzz|114/423
|-status|p1a: Mandibuzz|frz
|cant|p1a: Mandibuzz|frz
|
|-weather|Sandstorm|[upkeep]
|-damage|p2a: frizz B|277/323|[from] sandstorm
|-heal|p2a: frizz B|297/323|[from] item: Leftovers
|-heal|p1a: Mandibuzz|140/423 frz|[from] item: Leftovers
|turn|29
|
|move|p2a: frizz B|Ice Beam|p1a: Mandibuzz
|-supereffective|p1a: Mandibuzz
|-damage|p1a: Mandibuzz|36/423 frz
|cant|p1a: Mandibuzz|frz
|
|-weather|Sandstorm|[upkeep]
|-damage|p2a: frizz B|277/323|[from] sandstorm
|-heal|p2a: frizz B|297/323|[from] item: Leftovers
|-heal|p1a: Mandibuzz|62/423 frz|[from] item: Leftovers
|turn|30
|
|move|p2a: frizz B|Ice Beam|p1a: Mandibuzz
|-crit|p1a: Mandibuzz
|-supereffective|p1a: Mandibuzz
|-damage|p1a: Mandibuzz|0 fnt
|faint|p1a: Mandibuzz
|
|-weather|Sandstorm|[upkeep]
|-damage|p2a: frizz B|277/323|[from] sandstorm
|-heal|p2a: frizz B|297/323|[from] item: Leftovers
|
|switch|p1a: Latios|Latios, M|156/302
|-damage|p1a: Latios|119/302|[from] Stealth Rock
|turn|31
|
|switch|p2a: gay gar|Gengar, M|230/262
|move|p1a: Latios|Draco Meteor|p2a: gay gar
|-damage|p2a: gay gar|0 fnt
|-unboost|p1a: Latios|spa|2
|faint|p2a: gay gar
|
|-weather|Sandstorm|[upkeep]
|-damage|p1a: Latios|101/302|[from] sandstorm
|
|switch|p2a: DA NITE|Dragonite, F|303/323
|turn|32
|
|switch|p1a: Hippowdon|Hippowdon, F|276/420
|-damage|p1a: Hippowdon|250/420|[from] Stealth Rock
|move|p2a: DA NITE|Extreme Speed|p1a: Hippowdon
|-damage|p1a: Hippowdon|183/420
|
|-weather|Sandstorm|[upkeep]
|-damage|p2a: DA NITE|283/323|[from] sandstorm
|-heal|p1a: Hippowdon|209/420|[from] item: Leftovers
|turn|33
|
|move|p2a: DA NITE|Outrage|p1a: Hippowdon
|-damage|p1a: Hippowdon|73/420
|move|p1a: Hippowdon|Slack Off|p1a: Hippowdon
|-heal|p1a: Hippowdon|283/420
|
|-weather|Sandstorm|[upkeep]
|-damage|p2a: DA NITE|263/323|[from] sandstorm
|-heal|p1a: Hippowdon|309/420|[from] item: Leftovers
|turn|34
|
|move|p2a: DA NITE|Outrage|p1a: Hippowdon
|-damage|p1a: Hippowdon|176/420
|move|p1a: Hippowdon|Slack Off|p1a: Hippowdon
|-heal|p1a: Hippowdon|386/420
|
|-weather|Sandstorm|[upkeep]
|-damage|p2a: DA NITE|243/323|[from] sandstorm
|-heal|p1a: Hippowdon|412/420|[from] item: Leftovers
|turn|35
|
|move|p2a: DA NITE|Outrage|p1a: Hippowdon
|-damage|p1a: Hippowdon|270/420
|move|p1a: Hippowdon|Roar|p2a: DA NITE
|drag|p2a: frizz B|Starmie|297/323
|
|-weather|Sandstorm|[upkeep]
|-damage|p2a: frizz B|277/323|[from] sandstorm
|-heal|p2a: frizz B|297/323|[from] item: Leftovers
|-heal|p1a: Hippowdon|296/420|[from] item: Leftovers
|turn|36
|
|move|p2a: frizz B|Scald|p1a: Hippowdon
|-supereffective|p1a: Hippowdon
|-damage|p1a: Hippowdon|36/420
|move|p1a: Hippowdon|Earthquake|p2a: frizz B
|-damage|p2a: frizz B|161/323
|
|-weather|Sandstorm|[upkeep]
|-damage|p2a: frizz B|141/323|[from] sandstorm
|-heal|p2a: frizz B|161/323|[from] item: Leftovers
|-heal|p1a: Hippowdon|62/420|[from] item: Leftovers
|turn|37
|
|move|p2a: frizz B|Ice Beam|p1a: Hippowdon
|-supereffective|p1a: Hippowdon
|-damage|p1a: Hippowdon|0 fnt
|faint|p1a: Hippowdon
|
|-weather|Sandstorm|[upkeep]
|-damage|p2a: frizz B|141/323|[from] sandstorm
|-heal|p2a: frizz B|161/323|[from] item: Leftovers
|chat|ahobowithanoboe|gg
|
|switch|p1a: Latios|Latios, M|101/302
|-damage|p1a: Latios|64/302|[from] Stealth Rock
|turn|38
|chat|Guelobowler|gg
|
|move|p1a: Latios|Dragon Pulse|p2a: frizz B
|-damage|p2a: frizz B|0 fnt
|faint|p2a: frizz B
|
|-weather|Sandstorm|[upkeep]
|-damage|p1a: Latios|46/302|[from] sandstorm
|
|switch|p2a: DA NITE|Dragonite, F|243/323
|turn|39
|
|move|p2a: DA NITE|Extreme Speed|p1a: Latios
|-damage|p1a: Latios|0 fnt
|faint|p1a: Latios
|
|win|ahobowithanoboe
|raw|Ladder updating...
|raw|Guelobowler's rating: 1489 &rarr; <strong>1460</strong><br />(-29 for losing)
|raw|ahobowithanoboe's rating: 1319 &rarr; <strong>1348</strong><br />(+29 for winning)
|leave|ahobowithanoboe
|player|p2