|j|☆Coronet077
|j|☆seanb143
|t:|1710449430
|gametype|singles
|player|p1|Coronet077|fisherman-gen4|1289
|player|p2|seanb143|emmet|1362
|teamsize|p1|6
|teamsize|p2|6
|gen|5
|tier|[Gen 5] OU
|rated|
|rule|Species Clause: Limit one of each Pokémon
|rule|OHKO Clause: OHKO moves are banned
|rule|Moody Clause: Moody is banned
|rule|Evasion Items Clause: Evasion items are banned
|rule|Evasion Moves Clause: Evasion moves are banned
|rule|Endless Battle Clause: Forcing endless battles is banned
|rule|HP Percentage Mod: HP is shown in percentages
|rule|Evasion Abilities Clause: Evasion abilities are banned
|rule|Sleep Moves Clause: Sleep-inducing moves are banned
|rule|Swagger Clause: Swagger is banned
|rule|Baton Pass Stat Clause: No Baton Passer may have a way to boost its stats
|clearpoke
|poke|p1|Tyranitar, M|item
|poke|p1|Ferrothorn, M|item
|poke|p1|Gliscor, F|item
|poke|p1|Alakazam, F|item
|poke|p1|Reuniclus, F|item
|poke|p1|Latios, M|item
|poke|p2|Sableye, F|item
|poke|p2|Blissey, F|item
|poke|p2|Starmie|item
|poke|p2|Ninetales, M|item
|poke|p2|Conkeldurr, M|item
|poke|p2|Absol, F|item
|teampreview
|inactive|Battle timer is ON: inactive players will automatically lose when time's up. (requested by seanb143)
|inactive|seanb143 has 120 seconds left.
|inactive|seanb143 has 90 seconds left.
|
|t:|1710449494
|start
|switch|p1a: Gliscor|Gliscor, F|100/100
|switch|p2a: Starmie|Starmie, shiny|100/100
|turn|1
|
|t:|1710449498
|move|p1a: Gliscor|Protect|p1a: Gliscor
|-singleturn|p1a: Gliscor|Protect
|move|p2a: Starmie|Ice Beam|p1a: Gliscor
|-activate|p1a: Gliscor|move: Protect
|
|-status|p1a: Gliscor|tox|[from] item: Toxic Orb
|upkeep
|turn|2
|
|t:|1710449502
|switch|p1a: Ferrothorn|Ferrothorn, M|100/100
|move|p2a: Starmie|Hydro Pump|p1a: Ferrothorn
|-resisted|p1a: Ferrothorn
|-damage|p1a: Ferrothorn|78/100
|
|-heal|p1a: Ferrothorn|84/100|[from] item: Leftovers
|upkeep
|turn|3
|
|t:|1710449515
|switch|p2a: Blissey|Blissey, F, shiny|100/100
|move|p1a: Ferrothorn|Knock Off|p2a: Blissey
|-damage|p2a: Blissey|97/100
|-enditem|p2a: Blissey|Leftovers|[from] move: Knock Off|[of] p1a: Ferrothorn
|
|-heal|p1a: Ferrothorn|90/100|[from] item: Leftovers
|upkeep
|turn|4
|
|t:|1710449522
|switch|p1a: Gliscor|Gliscor, F|100/100 tox
|move|p2a: Blissey|Stealth Rock|p1a: Gliscor
|-sidestart|p1: Coronet077|move: Stealth Rock
|
|upkeep
|turn|5
|
|t:|1710449526
|move|p1a: Gliscor|U-turn|p2a: Blissey
|-damage|p2a: Blissey|84/100
|
|t:|1710449531
|switch|p1a: Ferrothorn|Ferrothorn, M|90/100|[from] U-turn
|-damage|p1a: Ferrothorn|84/100|[from] Stealth Rock
|move|p2a: Blissey|Ice Beam|p1a: Ferrothorn
|-crit|p1a: Ferrothorn
|-damage|p1a: Ferrothorn|62/100
|
|-heal|p1a: Ferrothorn|68/100|[from] item: Leftovers
|upkeep
|turn|6
|
|t:|1710449536
|move|p2a: Blissey|Flamethrower|p1a: Ferrothorn
|-supereffective|p1a: Ferrothorn
|-damage|p1a: Ferrothorn|20/100
|move|p1a: Ferrothorn|Leech Seed|p2a: Blissey
|-start|p2a: Blissey|move: Leech Seed
|
|-heal|p1a: Ferrothorn|27/100|[from] item: Leftovers
|-damage|p2a: Blissey|72/100|[from] Leech Seed|[of] p1a: Ferrothorn
|-heal|p1a: Ferrothorn|52/100|[silent]
|upkeep
|turn|7
|
|t:|1710449544
|switch|p2a: Conkeldurr|Conkeldurr, M, shiny|100/100
|switch|p1a: Tyranitar|Tyranitar, M|100/100
|-damage|p1a: Tyranitar|88/100|[from] Stealth Rock
|-weather|Sandstorm|[from] ability: Sand Stream|[of] p1a: Tyranitar
|
|-weather|Sandstorm|[upkeep]
|-damage|p2a: Conkeldurr|94/100|[from] Sandstorm
|-heal|p2a: Conkeldurr|100/100|[from] item: Leftovers
|upkeep
|turn|8
|
|t:|1710449557
|switch|p1a: Gliscor|Gliscor, F|100/100 tox
|-damage|p1a: Gliscor|88/100 tox|[from] Stealth Rock
|move|p2a: Conkeldurr|Drain Punch|p1a: Gliscor
|-resisted|p1a: Gliscor
|-damage|p1a: Gliscor|74/100 tox
|
|-weather|Sandstorm|[upkeep]
|-damage|p2a: Conkeldurr|94/100|[from] Sandstorm
|-heal|p2a: Conkeldurr|100/100|[from] item: Leftovers
|-heal|p1a: Gliscor|87/100 tox|[from] ability: Poison Heal
|upkeep
|turn|9
|
|t:|1710449561
|move|p1a: Gliscor|Protect|p1a: Gliscor
|-singleturn|p1a: Gliscor|Protect
|move|p2a: Conkeldurr|Bulk Up|p2a: Conkeldurr
|-boost|p2a: Conkeldurr|atk|1
|-boost|p2a: Conkeldurr|def|1
|
|-weather|Sandstorm|[upkeep]
|-damage|p2a: Conkeldurr|94/100|[from] Sandstorm
|-heal|p2a: Conkeldurr|100/100|[from] item: Leftovers
|-heal|p1a: Gliscor|99/100 tox|[from] ability: Poison Heal
|upkeep
|turn|10
|
|t:|1710449566
|move|p1a: Gliscor|U-turn|p2a: Conkeldurr
|-resisted|p2a: Conkeldurr
|-damage|p2a: Conkeldurr|96/100
|
|t:|1710449572
|switch|p1a: Alakazam|Alakazam, F|100/100|[from] U-turn
|move|p2a: Conkeldurr|Payback|p1a: Alakazam
|-supereffective|p1a: Alakazam
|-enditem|p1a: Alakazam|Focus Sash
|-damage|p1a: Alakazam|1/100
|
|-weather|Sandstorm|[upkeep]
|-damage|p2a: Conkeldurr|90/100|[from] Sandstorm
|-heal|p2a: Conkeldurr|96/100|[from] item: Leftovers
|upkeep
|turn|11
|
|t:|1710449576
|move|p2a: Conkeldurr|Mach Punch|p1a: Alakazam
|-resisted|p1a: Alakazam
|-damage|p1a: Alakazam|0 fnt
|faint|p1a: Alakazam
|
|-weather|Sandstorm|[upkeep]
|-damage|p2a: Conkeldurr|90/100|[from] Sandstorm
|-heal|p2a: Conkeldurr|96/100|[from] item: Leftovers
|upkeep
|
|t:|1710449581
|switch|p1a: Latios|Latios, M|100/100
|-damage|p1a: Latios|88/100|[from] Stealth Rock
|turn|12
|
|t:|1710449584
|switch|p2a: Blissey|Blissey, F, shiny|72/100
|move|p1a: Latios|Draco Meteor|p2a: Blissey
|-damage|p2a: Blissey|33/100
|-unboost|p1a: Latios|spa|2
|
|-weather|Sandstorm|[upkeep]
|-damage|p1a: Latios|82/100|[from] Sandstorm
|-damage|p2a: Blissey|27/100|[from] Sandstorm
|upkeep
|turn|13
|
|t:|1710449595
|switch|p2a: Conkeldurr|Conkeldurr, M, shiny|96/100
|move|p1a: Latios|Draco Meteor|p2a: Conkeldurr
|-crit|p2a: Conkeldurr
|-damage|p2a: Conkeldurr|0 fnt
|-unboost|p1a: Latios|spa|2
|faint|p2a: Conkeldurr
|
|-weather|Sandstorm|[upkeep]
|-damage|p1a: Latios|76/100|[from] Sandstorm
|upkeep
|
|t:|1710449603
|switch|p2a: Absol|Absol, F, shiny|100/100
|turn|14
|
|t:|1710449609
|-activate|p1a: Latios|move: Pursuit
|move|p2a: Absol|Pursuit|p1a: Latios|[from]Pursuit
|-supereffective|p1a: Latios
|-damage|p1a: Latios|0 fnt
|faint|p1a: Latios
|-hint|A Pokemon can't switch between when it runs out of HP and when it faints
|
|-weather|Sandstorm|[upkeep]
|-damage|p2a: Absol|95/100|[from] Sandstorm
|upkeep
|
|t:|1710449614
|switch|p1a: Gliscor|Gliscor, F|99/100 tox
|-damage|p1a: Gliscor|87/100 tox|[from] Stealth Rock
|turn|15
|
|t:|1710449622
|switch|p2a: Ninetales|Ninetales, M, shiny|100/100
|-weather|SunnyDay|[from] ability: Drought|[of] p2a: Ninetales
|move|p1a: Gliscor|Stealth Rock|p2a: Ninetales
|-sidestart|p2: seanb143|move: Stealth Rock
|
|-weather|SunnyDay|[upkeep]
|-heal|p1a: Gliscor|99/100 tox|[from] ability: Poison Heal
|upkeep
|turn|16
|
|t:|1710449629
|switch|p2a: Blissey|Blissey, F, shiny|27/100
|-damage|p2a: Blissey|14/100|[from] Stealth Rock
|move|p1a: Gliscor|Earthquake|p2a: Blissey
|-damage|p2a: Blissey|0 fnt
|faint|p2a: Blissey
|
|-weather|SunnyDay|[upkeep]
|-heal|p1a: Gliscor|100/100 tox|[from] ability: Poison Heal
|upkeep
|
|t:|1710449631
|switch|p2a: Starmie|Starmie, shiny|100/100
|-damage|p2a: Starmie|88/100|[from] Stealth Rock
|turn|17
|
|t:|1710449636
|move|p1a: Gliscor|Protect|p1a: Gliscor
|-singleturn|p1a: Gliscor|Protect
|move|p2a: Starmie|Ice Beam|p1a: Gliscor
|-activate|p1a: Gliscor|move: Protect
|
|-weather|SunnyDay|[upkeep]
|upkeep
|turn|18
|
|t:|1710449641
|move|p2a: Starmie|Ice Beam|p1a: Gliscor
|-supereffective|p1a: Gliscor
|-damage|p1a: Gliscor|0 fnt
|faint|p1a: Gliscor
|
|-weather|SunnyDay|[upkeep]
|upkeep
|
|t:|1710449647
|switch|p1a: Ferrothorn|Ferrothorn, M|52/100
|-damage|p1a: Ferrothorn|46/100|[from] Stealth Rock
|turn|19
|
|t:|1710449650
|switch|p2a: Sableye|Sableye, F, shiny|100/100
|-damage|p2a: Sableye|88/100|[from] Stealth Rock
|move|p1a: Ferrothorn|Leech Seed|p2a: Sableye
|-start|p2a: Sableye|move: Leech Seed
|
|-weather|SunnyDay|[upkeep]
|-heal|p2a: Sableye|94/100|[from] item: Leftovers
|-heal|p1a: Ferrothorn|52/100|[from] item: Leftovers
|-damage|p2a: Sableye|82/100|[from] Leech Seed|[of] p1a: Ferrothorn
|-heal|p1a: Ferrothorn|63/100|[silent]
|upkeep
|turn|20
|
|t:|1710449656
|move|p2a: Sableye|Will-O-Wisp|p1a: Ferrothorn
|-status|p1a: Ferrothorn|brn
|move|p1a: Ferrothorn|Spikes|p2a: Sableye
|-sidestart|p2: seanb143|Spikes
|
|-weather|SunnyDay|[upkeep]
|-heal|p2a: Sableye|88/100|[from] item: Leftovers
|-heal|p1a: Ferrothorn|69/100 brn|[from] item: Leftovers
|-damage|p2a: Sableye|75/100|[from] Leech Seed|[of] p1a: Ferrothorn
|-heal|p1a: Ferrothorn|80/100 brn|[silent]
|-damage|p1a: Ferrothorn|67/100 brn|[from] brn
|upkeep
|turn|21
|
|t:|1710449662
|move|p2a: Sableye|Taunt|p1a: Ferrothorn
|-start|p1a: Ferrothorn|move: Taunt
|move|p1a: Ferrothorn|Power Whip|p2a: Sableye
|-damage|p2a: Sableye|47/100
|
|-weather|SunnyDay|[upkeep]
|-heal|p2a: Sableye|53/100|[from] item: Leftovers
|-heal|p1a: Ferrothorn|74/100 brn|[from] item: Leftovers
|-damage|p2a: Sableye|40/100|[from] Leech Seed|[of] p1a: Ferrothorn
|-heal|p1a: Ferrothorn|84/100 brn|[silent]
|-damage|p1a: Ferrothorn|72/100 brn|[from] brn
|upkeep
|turn|22
|
|t:|1710449667
|move|p2a: Sableye|Foul Play|p1a: Ferrothorn
|-resisted|p1a: Ferrothorn
|-damage|p1a: Ferrothorn|61/100 brn
|-damage|p2a: Sableye|28/100|[from] ability: Iron Barbs|[of] p1a: Ferrothorn
|move|p1a: Ferrothorn|Knock Off|p2a: Sableye
|-damage|p2a: Sableye|25/100
|-enditem|p2a: Sableye|Leftovers|[from] move: Knock Off|[of] p1a: Ferrothorn
|
|-weather|SunnyDay|[upkeep]
|-heal|p1a: Ferrothorn|67/100 brn|[from] item: Leftovers
|-damage|p2a: Sableye|12/100|[from] Leech Seed|[of] p1a: Ferrothorn
|-heal|p1a: Ferrothorn|78/100 brn|[silent]
|-damage|p1a: Ferrothorn|66/100 brn|[from] brn
|upkeep
|turn|23
|
|t:|1710449673
|move|p2a: Sableye|Foul Play|p1a: Ferrothorn
|-resisted|p1a: Ferrothorn
|-damage|p1a: Ferrothorn|54/100 brn
|-damage|p2a: Sableye|0 fnt|[from] ability: Iron Barbs|[of] p1a: Ferrothorn
|faint|p2a: Sableye
|move|p1a: Ferrothorn|Power Whip|p2: Sableye|[notarget]
|-fail|p1a: Ferrothorn
|
|-weather|SunnyDay|[upkeep]
|-heal|p1a: Ferrothorn|61/100 brn|[from] item: Leftovers
|-damage|p1a: Ferrothorn|48/100 brn|[from] brn
|-end|p1a: Ferrothorn|move: Taunt
|upkeep
|
|t:|1710449674
|switch|p2a: Absol|Absol, F, shiny|95/100
|-damage|p2a: Absol|82/100|[from] Stealth Rock
|-damage|p2a: Absol|70/100|[from] Spikes
|turn|24
|
|t:|1710449678
|move|p2a: Absol|Superpower|p1a: Ferrothorn
|-supereffective|p1a: Ferrothorn
|-damage|p1a: Ferrothorn|0 fnt
|-unboost|p2a: Absol|atk|1
|-unboost|p2a: Absol|def|1
|-damage|p2a: Absol|58/100|[from] ability: Iron Barbs|[of] p1a: Ferrothorn
|faint|p1a: Ferrothorn
|
|-weather|SunnyDay|[upkeep]
|upkeep
|
|t:|1710449680
|switch|p1a: Reuniclus|Reuniclus, F|100/100
|turn|25
|
|t:|1710449687
|move|p2a: Absol|Pursuit|p1a: Reuniclus
|-supereffective|p1a: Reuniclus
|-damage|p1a: Reuniclus|70/100
|move|p1a: Reuniclus|Trick Room|p1a: Reuniclus
|-fieldstart|move: Trick Room|[of] p1a: Reuniclus
|
|-weather|SunnyDay|[upkeep]
|upkeep
|turn|26
|
|t:|1710449694
|switch|p2a: Ninetales|Ninetales, M, shiny|100/100
|-damage|p2a: Ninetales|76/100|[from] Stealth Rock
|-damage|p2a: Ninetales|63/100|[from] Spikes
|move|p1a: Reuniclus|Focus Blast|p2a: Ninetales|[miss]
|-miss|p1a: Reuniclus|p2a: Ninetales
|
|-weather|SunnyDay|[upkeep]
|-heal|p2a: Ninetales|70/100|[from] item: Leftovers
|upkeep
|turn|27
|
|t:|1710449699
|move|p1a: Reuniclus|Psychic|p2a: Ninetales
|-damage|p2a: Ninetales|1/100
|move|p2a: Ninetales|Hidden Power|p1a: Reuniclus
|-damage|p1a: Reuniclus|50/100
|
|-weather|SunnyDay|[upkeep]
|-heal|p2a: Ninetales|7/100|[from] item: Leftovers
|upkeep
|turn|28
|
|t:|1710449707
|move|p1a: Reuniclus|Psychic|p2a: Ninetales
|-damage|p2a: Ninetales|0 fnt
|faint|p2a: Ninetales
|
|-weather|SunnyDay|[upkeep]
|upkeep
|
|t:|1710449710
|switch|p2a: Starmie|Starmie, shiny|88/100
|-damage|p2a: Starmie|76/100|[from] Stealth Rock
|-damage|p2a: Starmie|64/100|[from] Spikes
|turn|29
|
|t:|1710449714
|move|p1a: Reuniclus|Psychic|p2a: Starmie
|-resisted|p2a: Starmie
|-damage|p2a: Starmie|17/100
|move|p2a: Starmie|Rapid Spin|p1a: Reuniclus
|-damage|p1a: Reuniclus|46/100
|-sideend|p2: seanb143|Spikes|[from] move: Rapid Spin|[of] p2a: Starmie
|-sideend|p2: seanb143|Stealth Rock|[from] move: Rapid Spin|[of] p2a: Starmie
|
|-weather|SunnyDay|[upkeep]
|-fieldend|move: Trick Room
|upkeep
|turn|30
|
|t:|1710449724
|switch|p2a: Absol|Absol, F, shiny|58/100
|move|p1a: Reuniclus|Trick Room|p1a: Reuniclus
|-fieldstart|move: Trick Room|[of] p1a: Reuniclus
|
|-weather|SunnyDay|[upkeep]
|upkeep
|turn|31
|
|t:|1710449727
|move|p2a: Absol|Sucker Punch|p1a: Reuniclus
|-supereffective|p1a: Reuniclus
|-damage|p1a: Reuniclus|0 fnt
|faint|p1a: Reuniclus
|
|-weather|SunnyDay|[upkeep]
|upkeep
|
|t:|1710449729
|switch|p1a: Tyranitar|Tyranitar, M|88/100
|-damage|p1a: Tyranitar|76/100|[from] Stealth Rock
|-weather|Sandstorm|[from] ability: Sand Stream|[of] p1a: Tyranitar
|turn|32
|
|t:|1710449734
|switch|p2a: Starmie|Starmie, shiny|17/100
|move|p1a: Tyranitar|Superpower|p2a: Starmie
|-resisted|p2a: Starmie
|-damage|p2a: Starmie|0 fnt
|-unboost|p1a: Tyranitar|atk|1
|-unboost|p1a: Tyranitar|def|1
|faint|p2a: Starmie
|
|-weather|Sandstorm|[upkeep]
|upkeep
|
|t:|1710449742
|switch|p2a: Absol|Absol, F, shiny|58/100
|turn|33
|
|t:|1710449745
|move|p1a: Tyranitar|Superpower|p2a: Absol
|-supereffective|p2a: Absol
|-damage|p2a: Absol|0 fnt
|-unboost|p1a: Tyranitar|atk|1
|-unboost|p1a: Tyranitar|def|1
|faint|p2a: Absol
|
|win|Coronet077
|raw|Coronet077's rating: 1289 &rarr; <strong>1319</strong><br />(+30 for winning)
|raw|seanb143's rating: 1362 &rarr; <strong>1338</strong><br />(-24 for losing)
|l|☆seanb143
|player|p2|
