|j|☆bmy
|j|☆MCDTeach
|player|p1|bmy|282
|player|p2|MCDTeach|167
|teamsize|p1|6
|teamsize|p2|6
|gametype|singles
|gen|5
|tier|[Gen 5] OU
|rated|
|rule|Sleep Clause Mod: Limit one foe put to sleep
|rule|Species Clause: Limit one of each Pokémon
|rule|OHKO Clause: OHKO moves are banned
|rule|Moody Clause: Moody is banned
|rule|Evasion Moves Clause: Evasion moves are banned
|rule|Endless Battle Clause: Forcing endless battles is banned
|rule|HP Percentage Mod: HP is shown in percentages
|rule|Evasion Abilities Clause: Evasion abilities are banned
|rule|Baton Pass Clause: Limit one Baton Passer, can't pass Spe and other stats simultaneously
|rule|Swagger Clause: Swagger is banned
|clearpoke
|poke|p1|Landorus-Therian, M|item
|poke|p1|Magneton|item
|poke|p1|Tyranitar, M|item
|poke|p1|Starmie|item
|poke|p1|Metagross|item
|poke|p1|Latios, M|item
|poke|p2|Garchomp, M|item
|poke|p2|Breloom, M|item
|poke|p2|Gyarados, M|item
|poke|p2|Jirachi|item
|poke|p2|Starmie|item
|poke|p2|Dragonite, F|item
|teampreview
|inactive|Battle timer is ON: inactive players will automatically lose when time's up. (requested by MCDTeach)
|
|start
|switch|p1a: Latios|Latios, M|100/100
|switch|p2a: Jirachi|Jirachi|100/100
|turn|1
|
|switch|p1a: Landorus|Landorus-Therian, M|100/100
|-ability|p1a: Landorus|Intimidate|boost
|-unboost|p2a: Jirachi|atk|1
|move|p2a: Jirachi|U-turn|p1a: Landorus
|-resisted|p1a: Landorus
|-damage|p1a: Landorus|94/100
|-damage|p2a: Jirachi|84/100|[from] item: Rocky Helmet|[of] p1a: Landorus
|inactive|MCDTeach has 135 seconds left.
|inactive|MCDTeach has 120 seconds left.
|
|switch|p2a: Starmie|Starmie|100/100
|
|upkeep
|turn|2
|
|switch|p1a: Starmie|Starmie|100/100
|move|p2a: Starmie|Hydro Pump|p1a: Starmie
|-resisted|p1a: Starmie
|-damage|p1a: Starmie|51/100
|-damage|p2a: Starmie|91/100|[from] item: Life Orb
|
|-heal|p1a: Starmie|57/100|[from] item: Leftovers
|upkeep
|turn|3
|
|switch|p2a: Breloom|Breloom, M|100/100
|switch|p1a: Metagross|Metagross|100/100
|
|upkeep
|turn|4
|
|switch|p1a: Landorus|Landorus-Therian, M|94/100
|-ability|p1a: Landorus|Intimidate|boost
|-unboost|p2a: Breloom|atk|1
|move|p2a: Breloom|Spore|p1a: Landorus
|-status|p1a: Landorus|slp
|
|upkeep
|turn|5
|
|switch|p1a: Metagross|Metagross|100/100
|switch|p2a: Garchomp|Garchomp, M|100/100
|
|upkeep
|turn|6
|
|move|p2a: Garchomp|Fire Blast|p1a: Metagross|[miss]
|-miss|p2a: Garchomp|p1a: Metagross
|move|p1a: Metagross|Ice Punch|p2a: Garchomp
|-supereffective|p2a: Garchomp
|-damage|p2a: Garchomp|0 fnt
|-damage|p1a: Metagross|88/100|[from] ability: Rough Skin|[of] p2a: Garchomp
|faint|p2a: Garchomp
|
|-heal|p1a: Metagross|94/100|[from] item: Leftovers
|upkeep
|
|switch|p2a: Starmie|Starmie|91/100
|turn|7
|
|move|p2a: Starmie|Hydro Pump|p1a: Metagross
|-crit|p1a: Metagross
|-damage|p1a: Metagross|0 fnt
|-damage|p2a: Starmie|81/100|[from] item: Life Orb
|faint|p1a: Metagross
|
|upkeep
|
|switch|p1a: Magneton|Magneton|100/100
|turn|8
|
|switch|p2a: Dragonite|Dragonite, F|100/100
|move|p1a: Magneton|Volt Switch|p2a: Dragonite
|-damage|p2a: Dragonite|82/100
|
|switch|p1a: Latios|Latios, M|100/100
|
|upkeep
|turn|9
|
|switch|p2a: Jirachi|Jirachi|84/100
|move|p1a: Latios|Draco Meteor|p2a: Jirachi
|-resisted|p2a: Jirachi
|-damage|p2a: Jirachi|40/100
|-unboost|p1a: Latios|spa|2
|-damage|p1a: Latios|91/100|[from] item: Life Orb
|
|upkeep
|turn|10
|
|switch|p1a: Magneton|Magneton|100/100
|move|p2a: Jirachi|U-turn|p1a: Magneton
|-resisted|p1a: Magneton
|-damage|p1a: Magneton|86/100
|
|switch|p2a: Breloom|Breloom, M|100/100
|
|upkeep
|turn|11
|
|switch|p1a: Landorus|Landorus-Therian, M|94/100 slp
|-ability|p1a: Landorus|Intimidate|boost
|-unboost|p2a: Breloom|atk|1
|move|p2a: Breloom|Mach Punch|p1a: Landorus
|-resisted|p1a: Landorus
|-damage|p1a: Landorus|86/100 slp
|-damage|p2a: Breloom|84/100|[from] item: Rocky Helmet|[of] p1a: Landorus
|
|upkeep
|turn|12
|
|switch|p1a: Latios|Latios, M|91/100
|switch|p2a: Gyarados|Gyarados, M|100/100
|-ability|p2a: Gyarados|Intimidate|boost
|-unboost|p1a: Latios|atk|1
|
|upkeep
|turn|13
|inactive|MCDTeach has 135 seconds left.
|
|switch|p2a: Jirachi|Jirachi|40/100
|move|p1a: Latios|Draco Meteor|p2a: Jirachi
|-resisted|p2a: Jirachi
|-damage|p2a: Jirachi|0 fnt
|-unboost|p1a: Latios|spa|2
|-damage|p1a: Latios|81/100|[from] item: Life Orb
|faint|p2a: Jirachi
|
|upkeep
|
|switch|p2a: Gyarados|Gyarados, M|100/100
|-ability|p2a: Gyarados|Intimidate|boost
|-unboost|p1a: Latios|atk|1
|turn|14
|inactive|bmy has 135 seconds left.
|
|switch|p1a: Tyranitar|Tyranitar, M|100/100
|-weather|Sandstorm|[from] ability: Sand Stream|[of] p1a: Tyranitar
|move|p2a: Gyarados|Dragon Dance|p2a: Gyarados
|-boost|p2a: Gyarados|atk|1
|-boost|p2a: Gyarados|spe|1
|
|-weather|Sandstorm|[upkeep]
|-damage|p2a: Gyarados|94/100|[from] Sandstorm
|-heal|p2a: Gyarados|100/100|[from] item: Leftovers
|upkeep
|turn|15
|
|move|p2a: Gyarados|Waterfall|p1a: Tyranitar
|-supereffective|p1a: Tyranitar
|-damage|p1a: Tyranitar|0 fnt
|faint|p1a: Tyranitar
|
|-weather|Sandstorm|[upkeep]
|-damage|p2a: Gyarados|94/100|[from] Sandstorm
|-heal|p2a: Gyarados|100/100|[from] item: Leftovers
|upkeep
|
|switch|p1a: Magneton|Magneton|86/100
|turn|16
|
|move|p2a: Gyarados|Substitute|p2a: Gyarados
|-start|p2a: Gyarados|Substitute
|-damage|p2a: Gyarados|76/100
|move|p1a: Magneton|Thunderbolt|p2a: Gyarados
|-supereffective|p2a: Gyarados
|-end|p2a: Gyarados|Substitute
|
|-weather|Sandstorm|[upkeep]
|-damage|p2a: Gyarados|69/100|[from] Sandstorm
|-heal|p2a: Gyarados|76/100|[from] item: Leftovers
|upkeep
|turn|17
|inactive|MCDTeach has 135 seconds left.
|inactive|MCDTeach has 120 seconds left.
|inactive|MCDTeach has 105 seconds left.
|
|move|p2a: Gyarados|Waterfall|p1a: Magneton
|-damage|p1a: Magneton|0 fnt
|faint|p1a: Magneton
|
|-weather|Sandstorm|[upkeep]
|-damage|p2a: Gyarados|69/100|[from] Sandstorm
|-heal|p2a: Gyarados|76/100|[from] item: Leftovers
|upkeep
|
|switch|p1a: Latios|Latios, M|81/100
|turn|18
|
|switch|p1a: Landorus|Landorus-Therian, M|86/100 slp
|-ability|p1a: Landorus|Intimidate|boost
|-unboost|p2a: Gyarados|atk|1
|move|p2a: Gyarados|Bounce|p1a: Landorus|[still]
|-prepare|p2a: Gyarados|Bounce|p1a: Landorus
|
|-weather|Sandstorm|[upkeep]
|-damage|p2a: Gyarados|69/100|[from] Sandstorm
|-heal|p2a: Gyarados|76/100|[from] item: Leftovers
|upkeep
|turn|19
|
|move|p2a: Gyarados|Bounce|p1a: Landorus|[from]lockedmove
|-damage|p1a: Landorus|50/100 slp
|-damage|p2a: Gyarados|59/100|[from] item: Rocky Helmet|[of] p1a: Landorus
|cant|p1a: Landorus|slp
|
|-weather|Sandstorm|[upkeep]
|-damage|p2a: Gyarados|53/100|[from] Sandstorm
|-heal|p2a: Gyarados|59/100|[from] item: Leftovers
|upkeep
|turn|20
|inactive|bmy has 135 seconds left.
|
|switch|p1a: Latios|Latios, M|81/100
|move|p2a: Gyarados|Dragon Dance|p2a: Gyarados
|-boost|p2a: Gyarados|atk|1
|-boost|p2a: Gyarados|spe|1
|
|-weather|Sandstorm|[upkeep]
|-damage|p2a: Gyarados|53/100|[from] Sandstorm
|-damage|p1a: Latios|75/100|[from] Sandstorm
|-heal|p2a: Gyarados|59/100|[from] item: Leftovers
|upkeep
|turn|21
|
|move|p2a: Gyarados|Bounce|p1a: Latios|[still]
|-prepare|p2a: Gyarados|Bounce|p1a: Latios
|move|p1a: Latios|Roost|p1a: Latios
|-heal|p1a: Latios|100/100
|
|-weather|Sandstorm|[upkeep]
|-damage|p2a: Gyarados|53/100|[from] Sandstorm
|-damage|p1a: Latios|95/100|[from] Sandstorm
|-heal|p2a: Gyarados|59/100|[from] item: Leftovers
|upkeep
|turn|22
|
|move|p2a: Gyarados|Bounce|p1a: Latios|[from]lockedmove
|-damage|p1a: Latios|2/100
|-status|p1a: Latios|par
|move|p1a: Latios|Psyshock|p2a: Gyarados
|-damage|p2a: Gyarados|0 fnt
|-damage|p1a: Latios|0 fnt|[from] item: Life Orb
|faint|p2a: Gyarados
|faint|p1a: Latios
|
|-weather|Sandstorm|[upkeep]
|upkeep
|
|switch|p1a: Starmie|Starmie|57/100
|switch|p2a: Dragonite|Dragonite, F|82/100
|turn|23
|
|switch|p2a: Starmie|Starmie|81/100
|move|p1a: Starmie|Scald|p2a: Starmie
|-resisted|p2a: Starmie
|-damage|p2a: Starmie|61/100
|
|-weather|Sandstorm|[upkeep]
|-damage|p2a: Starmie|55/100|[from] Sandstorm
|-damage|p1a: Starmie|51/100|[from] Sandstorm
|-heal|p1a: Starmie|57/100|[from] item: Leftovers
|upkeep
|turn|24
|
|move|p2a: Starmie|Hydro Pump|p1a: Starmie
|-resisted|p1a: Starmie
|-damage|p1a: Starmie|16/100
|-damage|p2a: Starmie|45/100|[from] item: Life Orb
|move|p1a: Starmie|Recover|p1a: Starmie
|-heal|p1a: Starmie|66/100
|
|-weather|Sandstorm|[upkeep]
|-damage|p2a: Starmie|38/100|[from] Sandstorm
|-damage|p1a: Starmie|59/100|[from] Sandstorm
|-heal|p1a: Starmie|66/100|[from] item: Leftovers
|upkeep
|turn|25
|
|switch|p2a: Dragonite|Dragonite, F|82/100
|move|p1a: Starmie|Recover|p1a: Starmie
|-heal|p1a: Starmie|100/100
|
|-weather|Sandstorm|[upkeep]
|-damage|p1a: Starmie|94/100|[from] Sandstorm
|-damage|p2a: Dragonite|76/100|[from] Sandstorm
|-heal|p1a: Starmie|100/100|[from] item: Leftovers
|upkeep
|turn|26
|
|switch|p1a: Landorus|Landorus-Therian, M|50/100 slp
|-ability|p1a: Landorus|Intimidate|boost
|-unboost|p2a: Dragonite|atk|1
|move|p2a: Dragonite|Outrage|p1a: Landorus
|-damage|p1a: Landorus|0 fnt
|-damage|p2a: Dragonite|59/100|[from] item: Rocky Helmet|[of] p1a: Landorus
|faint|p1a: Landorus
|
|-weather|Sandstorm|[upkeep]
|-damage|p2a: Dragonite|53/100|[from] Sandstorm
|upkeep
|
|switch|p1a: Starmie|Starmie|100/100
|turn|27
|
|move|p1a: Starmie|Thunder Wave|p2a: Dragonite
|-status|p2a: Dragonite|par
|move|p2a: Dragonite|Outrage|p1a: Starmie|[from]lockedmove
|-damage|p1a: Starmie|22/100
|-start|p2a: Dragonite|confusion|[fatigue]
|
|-weather|Sandstorm|[upkeep]
|-damage|p1a: Starmie|16/100|[from] Sandstorm
|-damage|p2a: Dragonite|47/100 par|[from] Sandstorm
|-heal|p1a: Starmie|22/100|[from] item: Leftovers
|upkeep
|turn|28
|inactive|MCDTeach has 135 seconds left.
|
|switch|p2a: Starmie|Starmie|38/100
|move|p1a: Starmie|Recover|p1a: Starmie
|-heal|p1a: Starmie|72/100
|
|-weather|Sandstorm|[upkeep]
|-damage|p2a: Starmie|32/100|[from] Sandstorm
|-damage|p1a: Starmie|66/100|[from] Sandstorm
|-heal|p1a: Starmie|72/100|[from] item: Leftovers
|upkeep
|turn|29
|
|move|p2a: Starmie|Hydro Pump|p1a: Starmie
|-resisted|p1a: Starmie
|-damage|p1a: Starmie|33/100
|-damage|p2a: Starmie|22/100|[from] item: Life Orb
|move|p1a: Starmie|Recover|p1a: Starmie
|-heal|p1a: Starmie|83/100
|
|-weather|Sandstorm|[upkeep]
|-damage|p2a: Starmie|16/100|[from] Sandstorm
|-damage|p1a: Starmie|76/100|[from] Sandstorm
|-heal|p1a: Starmie|83/100|[from] item: Leftovers
|upkeep
|turn|30
|
|move|p2a: Starmie|Hydro Pump|p1a: Starmie|[miss]
|-miss|p2a: Starmie|p1a: Starmie
|move|p1a: Starmie|Recover|p1a: Starmie
|-heal|p1a: Starmie|100/100
|
|-weather|Sandstorm|[upkeep]
|-damage|p2a: Starmie|10/100|[from] Sandstorm
|-damage|p1a: Starmie|94/100|[from] Sandstorm
|-heal|p1a: Starmie|100/100|[from] item: Leftovers
|upkeep
|turn|31
|
|switch|p2a: Dragonite|Dragonite, F|47/100 par
|move|p1a: Starmie|Recover|p1a: Starmie
|-fail|p1a: Starmie
|
|-weather|Sandstorm|[upkeep]
|-damage|p1a: Starmie|94/100|[from] Sandstorm
|-damage|p2a: Dragonite|41/100 par|[from] Sandstorm
|-heal|p1a: Starmie|100/100|[from] item: Leftovers
|upkeep
|turn|32
|
|move|p1a: Starmie|Scald|p2a: Dragonite
|-resisted|p2a: Dragonite
|-damage|p2a: Dragonite|28/100 par
|move|p2a: Dragonite|Outrage|p1a: Starmie
|-damage|p1a: Starmie|0 fnt
|faint|p1a: Starmie
|
|win|MCDTeach
|raw|bmy's rating: 1468 &rarr; <strong>1444</strong><br />(-24 for losing)
|raw|MCDTeach's rating: 1397 &rarr; <strong>1421</strong><br />(+24 for winning)
