|j|☆spliffdiff
|j|☆LadderGod1
|t:|1726487653
|gametype|singles
|player|p1|spliffdiff|scientist-gen4|1421
|player|p2|LadderGod1|101|1291
|teamsize|p1|6
|teamsize|p2|6
|gen|5
|tier|[Gen 5] OU
|rated|
|rule|Species Clause: Limit one of each Pokémon
|rule|OHKO Clause: OHKO moves are banned
|rule|Moody Clause: Moody is banned
|rule|Evasion Items Clause: Evasion items are banned
|rule|Evasion Moves Clause: Evasion moves are banned
|rule|Endless Battle Clause: Forcing endless battles is banned
|rule|HP Percentage Mod: HP is shown in percentages
|rule|Evasion Abilities Clause: Evasion abilities are banned
|rule|Sleep Moves Clause: Sleep-inducing moves are banned
|rule|Swagger Clause: Swagger is banned
|rule|Baton Pass Stat Clause: No Baton Passer may have a way to boost its stats
|clearpoke
|poke|p1|Terrakion|item
|poke|p1|Garchomp, F|item
|poke|p1|Keldeo-Resolute|item
|poke|p1|Conkeldurr, M|item
|poke|p1|Honchkrow, F|item
|poke|p1|Gengar, M|item
|poke|p2|Ferrothorn, M|item
|poke|p2|Politoed, M|item
|poke|p2|Heatran, M|item
|poke|p2|Salamence, M|item
|poke|p2|Gliscor, F|item
|poke|p2|Hydreigon, M|item
|teampreview
|inactive|Battle timer is ON: inactive players will automatically lose when time's up. (requested by spliffdiff)
|
|t:|1726487679
|start
|switch|p1a: Terrakion|Terrakion|100/100
|switch|p2a: Ferrothorn|Ferrothorn, M|100/100
|turn|1
|
|t:|1726487687
|move|p1a: Terrakion|Taunt|p2a: Ferrothorn
|-start|p2a: Ferrothorn|move: Taunt
|move|p2a: Ferrothorn|Gyro Ball|p1a: Terrakion
|-supereffective|p1a: Terrakion
|-enditem|p1a: Terrakion|Focus Sash
|-damage|p1a: Terrakion|1/100
|
|upkeep
|turn|2
|
|t:|1726487699
|switch|p2a: Gliscor|Gliscor, F|100/100
|move|p1a: Terrakion|Stealth Rock|p2a: Gliscor
|-sidestart|p2: LadderGod1|move: Stealth Rock
|
|-status|p2a: Gliscor|tox|[from] item: Toxic Orb
|upkeep
|turn|3
|
|t:|1726487712
|move|p1a: Terrakion|Stone Edge|p2a: Gliscor
|-damage|p2a: Gliscor|66/100 tox
|move|p2a: Gliscor|Substitute|p2a: Gliscor
|-start|p2a: Gliscor|Substitute
|-damage|p2a: Gliscor|41/100 tox
|
|-heal|p2a: Gliscor|54/100 tox|[from] ability: Poison Heal
|upkeep
|turn|4
|
|t:|1726487719
|move|p2a: Gliscor|Protect|p2a: Gliscor
|-singleturn|p2a: Gliscor|Protect
|move|p1a: Terrakion|Close Combat|p2a: Gliscor
|-activate|p2a: Gliscor|move: Protect
|
|-heal|p2a: Gliscor|66/100 tox|[from] ability: Poison Heal
|upkeep
|turn|5
|
|t:|1726487726
|move|p1a: Terrakion|Close Combat|p2a: Gliscor
|-resisted|p2a: Gliscor
|-activate|p2a: Gliscor|Substitute|[damage]
|-unboost|p1a: Terrakion|def|1
|-unboost|p1a: Terrakion|spd|1
|move|p2a: Gliscor|Earthquake|p1a: Terrakion
|-supereffective|p1a: Terrakion
|-damage|p1a: Terrakion|0 fnt
|faint|p1a: Terrakion
|
|-heal|p2a: Gliscor|79/100 tox|[from] ability: Poison Heal
|upkeep
|
|t:|1726487736
|switch|p1a: Keldeo|Keldeo-Resolute|100/100
|turn|6
|
|t:|1726487739
|move|p1a: Keldeo|Surf|p2a: Gliscor
|-supereffective|p2a: Gliscor
|-end|p2a: Gliscor|Substitute
|move|p2a: Gliscor|Toxic|p1a: Keldeo|[miss]
|-miss|p2a: Gliscor|p1a: Keldeo
|
|-heal|p2a: Gliscor|91/100 tox|[from] ability: Poison Heal
|upkeep
|turn|7
|c|☆spliffdiff|Boring as hell
|-message|spliffdiff forfeited.
|
|win|LadderGod1
|raw|spliffdiff's rating: 1421 &rarr; <strong>1394</strong><br />(-27 for losing)
|raw|LadderGod1's rating: 1291 &rarr; <strong>1325</strong><br />(+34 for winning)
|l|☆spliffdiff
|player|p1|
