|j|☆Crimsonbacon38
|j|☆Gen5OU.AntiMeta
|t:|1726852326
|gametype|singles
|player|p1|Crimsonbacon38|barry|1260
|player|p2|Gen5OU.AntiMeta|hoopster|1435
|teamsize|p1|6
|teamsize|p2|6
|gen|5
|tier|[Gen 5] OU
|rated|
|rule|Species Clause: Limit one of each Pokémon
|rule|OHKO Clause: OHKO moves are banned
|rule|Moody Clause: Moody is banned
|rule|Evasion Items Clause: Evasion items are banned
|rule|Evasion Moves Clause: Evasion moves are banned
|rule|Endless Battle Clause: Forcing endless battles is banned
|rule|HP Percentage Mod: HP is shown in percentages
|rule|Evasion Abilities Clause: Evasion abilities are banned
|rule|Sleep Moves Clause: Sleep-inducing moves are banned
|rule|Swagger Clause: Swagger is banned
|rule|Baton Pass Stat Clause: No Baton Passer may have a way to boost its stats
|clearpoke
|poke|p1|Tyranitar, M|item
|poke|p1|Excadrill, F|item
|poke|p1|Garchomp, F|item
|poke|p1|Keldeo|item
|poke|p1|Latios, M|item
|poke|p1|Skarmory, F|item
|poke|p2|Hippowdon, F|item
|poke|p2|Bronzong|item
|poke|p2|Bisharp, F|item
|poke|p2|Tentacruel, M|item
|poke|p2|Politoed, F|item
|poke|p2|Reuniclus, F|item
|teampreview
|inactive|Battle timer is ON: inactive players will automatically lose when time's up. (requested by Gen5OU.AntiMeta)
|c|☆Crimsonbacon38|Glhf
|inactive|Gen5OU.AntiMeta has 120 seconds left.
|c|☆Gen5OU.AntiMeta|u need it mate.
|
|t:|1726852369
|start
|switch|p1a: Tyranitar|Tyranitar, M|100/100
|switch|p2a: the god of gods|Politoed, F, shiny|100/100
|-weather|Sandstorm|[from] ability: Sand Stream|[of] p1a: Tyranitar
|-weather|RainDance|[from] ability: Drizzle|[of] p2a: the god of gods
|turn|1
|
|t:|1726852379
|switch|p1a: Latios|Latios, M|100/100
|move|p2a: the god of gods|Hydro Pump|p1a: Latios
|-resisted|p1a: Latios
|-damage|p1a: Latios|41/100
|
|-weather|RainDance|[upkeep]
|upkeep
|turn|2
|
|t:|1726852386
|switch|p2a: Hippowdon|Hippowdon, F|100/100
|-weather|Sandstorm|[from] ability: Sand Stream|[of] p2a: Hippowdon
|move|p1a: Latios|Calm Mind|p1a: Latios
|-boost|p1a: Latios|spa|1
|-boost|p1a: Latios|spd|1
|
|-weather|Sandstorm|[upkeep]
|-damage|p1a: Latios|35/100|[from] Sandstorm
|upkeep
|turn|3
|
|t:|1726852390
|move|p1a: Latios|Draco Meteor|p2a: Hippowdon
|-damage|p2a: Hippowdon|23/100
|-unboost|p1a: Latios|spa|2
|-enditem|p1a: Latios|White Herb
|-clearnegativeboost|p1a: Latios|[silent]
|move|p2a: Hippowdon|Stealth Rock|p1a: Latios
|-sidestart|p1: Crimsonbacon38|move: Stealth Rock
|
|-weather|Sandstorm|[upkeep]
|-damage|p1a: Latios|29/100|[from] Sandstorm
|-heal|p2a: Hippowdon|29/100|[from] item: Leftovers
|upkeep
|turn|4
|
|t:|1726852401
|move|p1a: Latios|Surf|p2a: Hippowdon
|-supereffective|p2a: Hippowdon
|-damage|p2a: Hippowdon|0 fnt
|faint|p2a: Hippowdon
|
|-weather|Sandstorm|[upkeep]
|-damage|p1a: Latios|23/100|[from] Sandstorm
|upkeep
|
|t:|1726852409
|switch|p2a: the chosen one|Bronzong|100/100
|turn|5
|
|t:|1726852413
|switch|p1a: Excadrill|Excadrill, F|100/100
|-damage|p1a: Excadrill|97/100|[from] Stealth Rock
|move|p2a: the chosen one|Trick Room|p2a: the chosen one
|-fieldstart|move: Trick Room|[of] p2a: the chosen one
|
|-weather|Sandstorm|[upkeep]
|-heal|p1a: Excadrill|100/100|[from] item: Leftovers
|upkeep
|turn|6
|
|t:|1726852420
|switch|p2a: the god of gods|Politoed, F, shiny|100/100
|-weather|RainDance|[from] ability: Drizzle|[of] p2a: the god of gods
|move|p1a: Excadrill|Rapid Spin|p2a: the god of gods
|-damage|p2a: the god of gods|92/100
|-sideend|p1: Crimsonbacon38|Stealth Rock|[from] move: Rapid Spin|[of] p1a: Excadrill
|
|-weather|RainDance|[upkeep]
|upkeep
|turn|7
|
|t:|1726852426
|switch|p1a: Latios|Latios, M|23/100
|move|p2a: the god of gods|Surf|p1a: Latios
|-resisted|p1a: Latios
|-damage|p1a: Latios|0 fnt
|faint|p1a: Latios
|
|-weather|RainDance|[upkeep]
|upkeep
|
|t:|1726852437
|switch|p1a: Skarmory|Skarmory, F|100/100
|turn|8
|
|t:|1726852440
|move|p2a: the god of gods|Surf|p1a: Skarmory
|-damage|p1a: Skarmory|18/100
|move|p1a: Skarmory|Spikes|p2a: the god of gods
|-sidestart|p2: Gen5OU.AntiMeta|Spikes
|
|-weather|RainDance|[upkeep]
|upkeep
|turn|9
|
|t:|1726852451
|switch|p1a: Tyranitar|Tyranitar, M|100/100
|-weather|Sandstorm|[from] ability: Sand Stream|[of] p1a: Tyranitar
|move|p2a: the god of gods|Surf|p1a: Tyranitar
|-supereffective|p1a: Tyranitar
|-damage|p1a: Tyranitar|22/100
|
|-weather|Sandstorm|[upkeep]
|-damage|p2a: the god of gods|86/100|[from] Sandstorm
|-fieldend|move: Trick Room
|upkeep
|turn|10
|
|t:|1726852461
|switch|p2a: the chosen one|Bronzong|100/100
|move|p1a: Tyranitar|Crunch|p2a: the chosen one
|-damage|p2a: the chosen one|61/100
|
|-weather|Sandstorm|[upkeep]
|upkeep
|turn|11
|
|t:|1726852466
|move|p1a: Tyranitar|Crunch|p2a: the chosen one
|-damage|p2a: the chosen one|26/100
|move|p2a: the chosen one|Trick Room|p2a: the chosen one
|-fieldstart|move: Trick Room|[of] p2a: the chosen one
|
|-weather|Sandstorm|[upkeep]
|upkeep
|turn|12
|
|t:|1726852476
|switch|p2a: Bisharp|Bisharp, F|100/100
|-damage|p2a: Bisharp|88/100|[from] Spikes
|switch|p1a: Garchomp|Garchomp, F|100/100
|
|-weather|Sandstorm|[upkeep]
|-heal|p2a: Bisharp|94/100|[from] item: Leftovers
|upkeep
|turn|13
|
|t:|1726852482
|switch|p2a: the chosen one|Bronzong|26/100
|move|p1a: Garchomp|Stealth Rock|p2a: the chosen one
|-sidestart|p2: Gen5OU.AntiMeta|move: Stealth Rock
|
|-weather|Sandstorm|[upkeep]
|upkeep
|turn|14
|
|t:|1726852485
|switch|p1a: Skarmory|Skarmory, F|18/100
|move|p2a: the chosen one|Hidden Power|p1a: Skarmory
|-damage|p1a: Skarmory|0 fnt
|faint|p1a: Skarmory
|
|-weather|Sandstorm|[upkeep]
|upkeep
|
|t:|1726852491
|switch|p1a: Tyranitar|Tyranitar, M|22/100
|turn|15
|
|t:|1726852498
|switch|p1a: Keldeo|Keldeo|100/100
|move|p2a: the chosen one|Metal Sound|p1a: Keldeo
|-unboost|p1a: Keldeo|spd|2
|
|-weather|Sandstorm|[upkeep]
|-damage|p1a: Keldeo|94/100|[from] Sandstorm
|-fieldend|move: Trick Room
|upkeep
|turn|16
|
|t:|1726852505
|move|p1a: Keldeo|Surf|p2a: the chosen one
|-damage|p2a: the chosen one|0 fnt
|faint|p2a: the chosen one
|
|-weather|Sandstorm|[upkeep]
|-damage|p1a: Keldeo|88/100|[from] Sandstorm
|upkeep
|
|t:|1726852509
|switch|p2a: the specialist|Tentacruel, M, shiny|100/100
|-damage|p2a: the specialist|88/100|[from] Spikes
|-damage|p2a: the specialist|76/100|[from] Stealth Rock
|turn|17
|
|t:|1726852512
|switch|p1a: Garchomp|Garchomp, F|100/100
|move|p2a: the specialist|Rapid Spin|p1a: Garchomp
|-damage|p1a: Garchomp|98/100
|-damage|p2a: the specialist|64/100|[from] ability: Rough Skin|[of] p1a: Garchomp
|-sideend|p2: Gen5OU.AntiMeta|Spikes|[from] move: Rapid Spin|[of] p2a: the specialist
|-sideend|p2: Gen5OU.AntiMeta|Stealth Rock|[from] move: Rapid Spin|[of] p2a: the specialist
|
|-weather|Sandstorm|[upkeep]
|-damage|p2a: the specialist|58/100|[from] Sandstorm
|-heal|p1a: Garchomp|100/100|[from] item: Leftovers
|-heal|p2a: the specialist|64/100|[from] item: Black Sludge
|upkeep
|turn|18
|
|t:|1726852518
|move|p1a: Garchomp|Earthquake|p2a: the specialist
|-supereffective|p2a: the specialist
|-damage|p2a: the specialist|0 fnt
|faint|p2a: the specialist
|
|-weather|Sandstorm|[upkeep]
|upkeep
|
|t:|1726852522
|switch|p2a: the god of gods|Politoed, F, shiny|86/100
|-weather|RainDance|[from] ability: Drizzle|[of] p2a: the god of gods
|turn|19
|
|t:|1726852526
|switch|p1a: Tyranitar|Tyranitar, M|22/100
|-weather|Sandstorm|[from] ability: Sand Stream|[of] p1a: Tyranitar
|move|p2a: the god of gods|Surf|p1a: Tyranitar
|-supereffective|p1a: Tyranitar
|-damage|p1a: Tyranitar|0 fnt
|faint|p1a: Tyranitar
|
|-weather|Sandstorm|[upkeep]
|-damage|p2a: the god of gods|80/100|[from] Sandstorm
|upkeep
|
|t:|1726852534
|switch|p1a: Keldeo|Keldeo|88/100
|turn|20
|
|t:|1726852537
|move|p1a: Keldeo|Secret Sword|p2a: the god of gods
|-damage|p2a: the god of gods|32/100
|move|p2a: the god of gods|Surf|p1a: Keldeo
|-resisted|p1a: Keldeo
|-damage|p1a: Keldeo|52/100
|
|-weather|Sandstorm|[upkeep]
|-damage|p1a: Keldeo|46/100|[from] Sandstorm
|-damage|p2a: the god of gods|26/100|[from] Sandstorm
|upkeep
|turn|21
|
|t:|1726852542
|move|p1a: Keldeo|Secret Sword|p2a: the god of gods
|-damage|p2a: the god of gods|0 fnt
|faint|p2a: the god of gods
|
|-weather|Sandstorm|[upkeep]
|-damage|p1a: Keldeo|40/100|[from] Sandstorm
|upkeep
|
|t:|1726852546
|switch|p2a: the tormentor|Reuniclus, F, shiny|100/100
|turn|22
|
|t:|1726852554
|switch|p1a: Excadrill|Excadrill, F|100/100
|move|p2a: the tormentor|Trick Room|p2a: the tormentor
|-fieldstart|move: Trick Room|[of] p2a: the tormentor
|
|-weather|Sandstorm|[upkeep]
|upkeep
|turn|23
|
|t:|1726852559
|move|p2a: the tormentor|Hidden Power|p1a: Excadrill
|-supereffective|p1a: Excadrill
|-damage|p1a: Excadrill|34/100
|move|p1a: Excadrill|Earthquake|p2a: the tormentor
|-damage|p2a: the tormentor|41/100
|
|-weather|Sandstorm|[upkeep]
|-heal|p1a: Excadrill|40/100|[from] item: Leftovers
|upkeep
|turn|24
|
|t:|1726852565
|move|p2a: the tormentor|Hidden Power|p1a: Excadrill
|-supereffective|p1a: Excadrill
|-damage|p1a: Excadrill|0 fnt
|faint|p1a: Excadrill
|
|-weather|Sandstorm|[upkeep]
|upkeep
|
|t:|1726852580
|switch|p1a: Keldeo|Keldeo|40/100
|turn|25
|
|t:|1726852583
|move|p2a: the tormentor|Psyshock|p1a: Keldeo
|-supereffective|p1a: Keldeo
|-damage|p1a: Keldeo|0 fnt
|faint|p1a: Keldeo
|
|-weather|Sandstorm|[upkeep]
|upkeep
|
|t:|1726852585
|switch|p1a: Garchomp|Garchomp, F|100/100
|turn|26
|
|t:|1726852592
|move|p2a: the tormentor|Psyshock|p1a: Garchomp
|-damage|p1a: Garchomp|44/100
|move|p1a: Garchomp|Earthquake|p2a: the tormentor
|-damage|p2a: the tormentor|0 fnt
|faint|p2a: the tormentor
|
|-weather|Sandstorm|[upkeep]
|-heal|p1a: Garchomp|50/100|[from] item: Leftovers
|-fieldend|move: Trick Room
|upkeep
|
|t:|1726852595
|switch|p2a: Bisharp|Bisharp, F|94/100
|turn|27
|
|t:|1726852602
|move|p2a: Bisharp|Sucker Punch|p1a: Garchomp
|-damage|p1a: Garchomp|4/100
|-damage|p2a: Bisharp|82/100|[from] ability: Rough Skin|[of] p1a: Garchomp
|move|p1a: Garchomp|Earthquake|p2a: Bisharp
|-supereffective|p2a: Bisharp
|-damage|p2a: Bisharp|0 fnt
|faint|p2a: Bisharp
|
|win|Crimsonbacon38
|raw|Crimsonbacon38's rating: 1260 &rarr; <strong>1297</strong><br />(+37 for winning)
|raw|Gen5OU.AntiMeta's rating: 1435 &rarr; <strong>1406</strong><br />(-29 for losing)
|l|☆Gen5OU.AntiMeta
|player|p2|
|c|☆Crimsonbacon38|gg
