|uhtml|medal-msg|<div class="broadcast-blue">Curious what those medals under the avatar are? PS now has Ladder Seasons! For more information, check out the <a href="https://www.smogon.com/forums/threads/3740067/">thread on Smogon.</a></div>
|uhtml|medal-msg|<div class="broadcast-blue">Curious what those medals under the avatar are? PS now has Ladder Seasons! For more information, check out the <a href="https://www.smogon.com/forums/threads/3740067/">thread on Smogon.</a></div>
|j|☆Clawdia Chauchat
|j|☆Dozkek
|t:|1712599011
|gametype|singles
|player|p1|Clawdia Chauchat|winona|1482
|player|p2|Dozkek|adaman|1263
|teamsize|p1|6
|teamsize|p2|6
|gen|5
|tier|[Gen 5] OU
|rated|
|rule|Species Clause: Limit one of each Pokémon
|rule|OHKO Clause: OHKO moves are banned
|rule|Moody Clause: Moody is banned
|rule|Evasion Items Clause: Evasion items are banned
|rule|Evasion Moves Clause: Evasion moves are banned
|rule|Endless Battle Clause: Forcing endless battles is banned
|rule|HP Percentage Mod: HP is shown in percentages
|rule|Evasion Abilities Clause: Evasion abilities are banned
|rule|Sleep Moves Clause: Sleep-inducing moves are banned
|rule|Swagger Clause: Swagger is banned
|rule|Baton Pass Stat Clause: No Baton Passer may have a way to boost its stats
|clearpoke
|poke|p1|Tangrowth, F|item
|poke|p1|Starmie|item
|poke|p1|Forretress, M|item
|poke|p1|Blissey, F|item
|poke|p1|Jirachi|item
|poke|p1|Suicune|item
|poke|p2|Politoed, F|item
|poke|p2|Ferrothorn, F|item
|poke|p2|Tentacruel, M|item
|poke|p2|Thundurus-Therian, M|item
|poke|p2|Mamoswine, M|item
|poke|p2|Latios, M|item
|teampreview
|inactive|Battle timer is ON: inactive players will automatically lose when time's up. (requested by Dozkek)
|c|☆Dozkek|Hf
|
|t:|1712599018
|start
|switch|p1a: Starmie|Starmie|100/100
|switch|p2a: Politoed|Politoed, F|100/100
|-weather|RainDance|[from] ability: Drizzle|[of] p2a: Politoed
|turn|1
|
|t:|1712599032
|move|p2a: Politoed|Protect|p2a: Politoed
|-singleturn|p2a: Politoed|Protect
|move|p1a: Starmie|Trick|p2a: Politoed
|-activate|p2a: Politoed|move: Protect
|
|-weather|RainDance|[upkeep]
|-status|p1a: Starmie|brn|[from] item: Flame Orb
|upkeep
|turn|2
|inactive|Dozkek has 120 seconds left.
|
|t:|1712599065
|move|p1a: Starmie|Trick|p2a: Politoed
|-activate|p1a: Starmie|move: Trick|[of] p2a: Politoed
|-item|p2a: Politoed|Flame Orb|[from] move: Trick
|-item|p1a: Starmie|Leftovers|[from] move: Trick
|move|p2a: Politoed|Encore|p1a: Starmie
|-start|p1a: Starmie|Encore
|
|-weather|RainDance|[upkeep]
|-damage|p1a: Starmie|88/100 brn|[from] brn
|-status|p2a: Politoed|brn|[from] item: Flame Orb
|upkeep
|turn|3
|inactive|Dozkek has 120 seconds left.
|inactive|Clawdia Chauchat has 120 seconds left.
|
|t:|1712599083
|-curestatus|p1a: Starmie|brn|[from] ability: Natural Cure
|switch|p1a: Blissey|Blissey, F|100/100
|switch|p2a: Ferrothorn|Ferrothorn, F|100/100
|
|-weather|RainDance|[upkeep]
|upkeep
|turn|4
|c|☆Clawdia Chauchat|u2!
|inactive|Dozkek has 120 seconds left.
|
|t:|1712599093
|move|p1a: Blissey|Stealth Rock|p2a: Ferrothorn
|-sidestart|p2: Dozkek|move: Stealth Rock
|move|p2a: Ferrothorn|Stealth Rock|p1a: Blissey
|-sidestart|p1: Clawdia Chauchat|move: Stealth Rock
|
|-weather|RainDance|[upkeep]
|upkeep
|turn|5
|
|t:|1712599098
|switch|p1a: Starmie|Starmie|88/100
|-damage|p1a: Starmie|76/100|[from] Stealth Rock
|move|p2a: Ferrothorn|Knock Off|p1a: Starmie
|-supereffective|p1a: Starmie
|-damage|p1a: Starmie|65/100
|-enditem|p1a: Starmie|Leftovers|[from] move: Knock Off|[of] p2a: Ferrothorn
|
|-weather|RainDance|[upkeep]
|upkeep
|turn|6
|
|t:|1712599106
|move|p1a: Starmie|Scald|p2a: Ferrothorn
|-resisted|p2a: Ferrothorn
|-damage|p2a: Ferrothorn|85/100
|move|p2a: Ferrothorn|Power Whip|p1a: Starmie
|-supereffective|p1a: Starmie
|-damage|p1a: Starmie|0 fnt
|faint|p1a: Starmie
|
|-weather|RainDance|[upkeep]
|upkeep
|inactive|Clawdia Chauchat has 120 seconds left.
|
|t:|1712599139
|switch|p1a: Forretress|Forretress, M|100/100
|-damage|p1a: Forretress|88/100|[from] Stealth Rock
|turn|7
|
|t:|1712599159
|move|p1a: Forretress|Earthquake|p2a: Ferrothorn
|-crit|p2a: Ferrothorn
|-damage|p2a: Ferrothorn|58/100
|move|p2a: Ferrothorn|Knock Off|p1a: Forretress
|-resisted|p1a: Forretress
|-damage|p1a: Forretress|87/100
|-enditem|p1a: Forretress|Leftovers|[from] move: Knock Off|[of] p2a: Ferrothorn
|
|-weather|RainDance|[upkeep]
|upkeep
|turn|8
|inactive|Dozkek has 120 seconds left.
|
|t:|1712599179
|switch|p2a: Thundurus|Thundurus-Therian, M|100/100
|-damage|p2a: Thundurus|76/100|[from] Stealth Rock
|move|p1a: Forretress|Spikes|p2a: Thundurus
|-sidestart|p2: Dozkek|Spikes
|
|-weather|RainDance|[upkeep]
|-heal|p2a: Thundurus|82/100|[from] item: Leftovers
|upkeep
|turn|9
|inactive|Dozkek has 120 seconds left.
|inactive|Clawdia Chauchat has 120 seconds left.
|
|t:|1712599201
|switch|p1a: Jirachi|Jirachi|100/100
|-damage|p1a: Jirachi|94/100|[from] Stealth Rock
|move|p2a: Thundurus|U-turn|p1a: Jirachi
|-damage|p1a: Jirachi|79/100
|inactive|Dozkek has 90 seconds left.
|
|t:|1712599237
|switch|p2a: Tentacruel|Tentacruel, M|100/100|[from] U-turn
|-damage|p2a: Tentacruel|88/100|[from] Stealth Rock
|-damage|p2a: Tentacruel|76/100|[from] Spikes
|
|-weather|RainDance|[upkeep]
|-heal|p2a: Tentacruel|82/100|[from] ability: Rain Dish
|-heal|p1a: Jirachi|86/100|[from] item: Leftovers
|-heal|p2a: Tentacruel|88/100|[from] item: Black Sludge
|upkeep
|turn|10
|
|t:|1712599243
|move|p1a: Jirachi|Fire Punch|p2a: Tentacruel
|-resisted|p2a: Tentacruel
|-damage|p2a: Tentacruel|83/100
|move|p2a: Tentacruel|Rapid Spin|p1a: Jirachi
|-resisted|p1a: Jirachi
|-damage|p1a: Jirachi|84/100
|-sideend|p2: Dozkek|Spikes|[from] move: Rapid Spin|[of] p2a: Tentacruel
|-sideend|p2: Dozkek|Stealth Rock|[from] move: Rapid Spin|[of] p2a: Tentacruel
|
|-weather|RainDance|[upkeep]
|-heal|p2a: Tentacruel|89/100|[from] ability: Rain Dish
|-heal|p1a: Jirachi|90/100|[from] item: Leftovers
|-heal|p2a: Tentacruel|95/100|[from] item: Black Sludge
|upkeep
|turn|11
|inactive|Dozkek has 90 seconds left.
|
|t:|1712599262
|switch|p1a: Blissey|Blissey, F|100/100
|-damage|p1a: Blissey|88/100|[from] Stealth Rock
|move|p2a: Tentacruel|Scald|p1a: Blissey
|-crit|p1a: Blissey
|-damage|p1a: Blissey|65/100
|
|-weather|RainDance|[upkeep]
|-heal|p2a: Tentacruel|100/100|[from] ability: Rain Dish
|-heal|p1a: Blissey|71/100|[from] item: Leftovers
|upkeep
|turn|12
|inactive|Clawdia Chauchat has 120 seconds left.
|inactive|Dozkek has 90 seconds left.
|
|t:|1712599301
|switch|p2a: Mamoswine|Mamoswine, M|100/100
|move|p1a: Blissey|Sunny Day|p1a: Blissey
|-weather|SunnyDay
|
|-weather|SunnyDay|[upkeep]
|-heal|p1a: Blissey|77/100|[from] item: Leftovers
|upkeep
|turn|13
|inactive|Clawdia Chauchat has 120 seconds left.
|l|☆Clawdia Chauchat
|inactive|Clawdia Chauchat disconnected and has a minute to reconnect!
|player|p1|
|
|t:|1712599320
|switch|p1a: Suicune|Suicune|100/100
|-damage|p1a: Suicune|88/100|[from] Stealth Rock
|-ability|p1a: Suicune|Pressure
|move|p2a: Mamoswine|Earthquake|p1a: Suicune
|-damage|p1a: Suicune|36/100
|
|-weather|SunnyDay|[upkeep]
|-heal|p1a: Suicune|42/100|[from] item: Leftovers
|upkeep
|turn|14
|inactive|Clawdia Chauchat has 30 seconds to reconnect!
|inactive|Dozkek has 60 seconds left.
|inactive|Clawdia Chauchat has 20 seconds to reconnect!
|inactive|Clawdia Chauchat has 15 seconds to reconnect!
|inactive|Clawdia Chauchat has 10 seconds to reconnect!
|inactive|Clawdia Chauchat has 5 seconds to reconnect!
|-message|Clawdia Chauchat lost due to inactivity.
|
|win|Dozkek
|raw|Clawdia Chauchat's rating: 1472 &rarr; <strong>1441</strong><br />(-31 for losing)
|raw|Dozkek's rating: 1263 &rarr; <strong>1301</strong><br />(+38 for winning)
|c|☆Dozkek|Gg
