|j|BLT2 Analytic
|j|blt2 another
|player|p1|BLT2 Analytic|25
|player|p2|blt2 another|1
|gametype|singles
|gen|5
|tier|[Gen 5] OU
|rated
|seed|
|rule|Evasion Abilities Clause: Evasion abilities are banned
|rule|Baton Pass Clause: Limit one Baton Passer, can't pass Spe and other stats simultaneously
|rule|Swagger Clause: Swagger is banned
|clearpoke
|poke|p1|Alakazam, M|item
|poke|p1|Starmie|item
|poke|p1|Terrakion|item
|poke|p1|Jirachi|item
|poke|p1|Volcarona, M|item
|poke|p1|Dragonite, M|item
|poke|p2|Metagross|item
|poke|p2|Lucario, F|item
|poke|p2|Latios, M|item
|poke|p2|Garchomp, F|item
|poke|p2|Landorus-Therian, M|item
|poke|p2|Rotom-Wash|item
|rule|Sleep Clause Mod: Limit one foe put to sleep
|rule|Species Clause: Limit one of each Pokémon
|rule|OHKO Clause: OHKO moves are banned
|rule|Moody Clause: Moody is banned
|rule|Evasion Moves Clause: Evasion moves are banned
|rule|Endless Battle Clause: Forcing endless battles is banned
|rule|HP Percentage Mod: HP is shown in percentages
|teampreview
|choice||
|
|start
|switch|p1a: Terrakion|Terrakion|100/100
|switch|p2a: Rotom|Rotom-Wash|100/100
|turn|1
|choice||
|
|move|p1a: Terrakion|Stealth Rock|p2a: Rotom
|-sidestart|p2: blt2 another|move: Stealth Rock
|move|p2a: Rotom|Hydro Pump|p1a: Terrakion
|-supereffective|p1a: Terrakion
|-enditem|p1a: Terrakion|Focus Sash
|-damage|p1a: Terrakion|1/100
|
|turn|2
|choice||
|
|switch|p2a: Landorus|Landorus-Therian, M|100/100
|-damage|p2a: Landorus|88/100|[from] Stealth Rock
|-ability|p2a: Landorus|Intimidate|boost
|-unboost|p1a: Terrakion|atk|1
|move|p1a: Terrakion|Close Combat|p2a: Landorus
|-resisted|p2a: Landorus
|-damage|p2a: Landorus|72/100
|-damage|p1a: Terrakion|0 fnt|[from] item: Rocky Helmet|[of] p2a: Landorus
|faint|p1a: Terrakion
|
|choice||
|
|switch|p1a: Starmie|Starmie|100/100
|turn|3
|choice||
|
|switch|p1a: Alakazam|Alakazam, M|100/100
|switch|p2a: Rotom|Rotom-Wash|100/100
|-damage|p2a: Rotom|88/100|[from] Stealth Rock
|
|-heal|p2a: Rotom|94/100|[from] item: Leftovers
|turn|4
|choice||
|
|move|p1a: Alakazam|Psychic|p2a: Rotom
|-damage|p2a: Rotom|50/100
|move|p2a: Rotom|Volt Switch|p1a: Alakazam
|-damage|p1a: Alakazam|62/100
|choice||
|
|switch|p2a: Metagross|Metagross|100/100
|-damage|p2a: Metagross|94/100|[from] Stealth Rock
|
|turn|5
|choice||
|
|move|p1a: Alakazam|Focus Blast|p2a: Metagross
|-damage|p2a: Metagross|48/100
|move|p2a: Metagross|Pursuit|p1a: Alakazam
|-supereffective|p1a: Alakazam
|-damage|p1a: Alakazam|0 fnt
|faint|p1a: Alakazam
|
|choice||
|
|switch|p1a: Dragonite|Dragonite, M|100/100
|turn|6
|choice||
|
|switch|p2a: Landorus|Landorus-Therian, M|72/100
|-damage|p2a: Landorus|60/100|[from] Stealth Rock
|-ability|p2a: Landorus|Intimidate|boost
|-unboost|p1a: Dragonite|atk|1
|move|p1a: Dragonite|Dragon Dance|p1a: Dragonite
|-boost|p1a: Dragonite|atk|1
|-boost|p1a: Dragonite|spe|1
|
|turn|7
|choice||
|
|move|p1a: Dragonite|Dragon Dance|p1a: Dragonite
|-boost|p1a: Dragonite|atk|1
|-boost|p1a: Dragonite|spe|1
|move|p2a: Landorus|U-turn|p1a: Dragonite
|-resisted|p1a: Dragonite
|-damage|p1a: Dragonite|94/100
|choice||
|
|switch|p2a: Latios|Latios, M|100/100
|-damage|p2a: Latios|88/100|[from] Stealth Rock
|
|turn|8
|choice||
|
|move|p2a: Latios|Draco Meteor|p1a: Dragonite|[miss]
|-miss|p2a: Latios|p1a: Dragonite
|move|p1a: Dragonite|Outrage|p2a: Latios
|-supereffective|p2a: Latios
|-damage|p2a: Latios|0 fnt
|faint|p2a: Latios
|
|c|★blt2 another|ugg
|c|★BLT2 Analytic|sry :c
|choice||
|
|switch|p2a: Landorus|Landorus-Therian, M|60/100
|-damage|p2a: Landorus|48/100|[from] Stealth Rock
|-ability|p2a: Landorus|Intimidate|boost
|-unboost|p1a: Dragonite|atk|1
|turn|9
|c|★BLT2 Analytic|i set up with volc and win tho, i think
|c|★BLT2 Analytic|im hp ice
|choice||
|
|move|p1a: Dragonite|Outrage|p2a: Landorus|[from]lockedmove
|-damage|p2a: Landorus|0 fnt
|-damage|p1a: Dragonite|78/100|[from] item: Rocky Helmet|[of] p2a: Landorus
|-start|p1a: Dragonite|confusion|[fatigue]
|faint|p2a: Landorus
|-enditem|p1a: Dragonite|Lum Berry|[eat]
|-end|p1a: Dragonite|confusion
|
|c|★blt2 another|i endure salac on garchomp
|c|★blt2 another|to beat volc
|c|★BLT2 Analytic|aah
|c|★BLT2 Analytic|my b
|c|★blt2 another|yeah np
|c|★blt2 another|hax happens
|choice||
|
|switch|p2a: Garchomp|Garchomp, F|100/100
|-damage|p2a: Garchomp|94/100|[from] Stealth Rock
|turn|10
|choice||
|
|switch|p2a: Metagross|Metagross|48/100
|-damage|p2a: Metagross|42/100|[from] Stealth Rock
|move|p1a: Dragonite|Earthquake|p2a: Metagross
|-supereffective|p2a: Metagross
|-damage|p2a: Metagross|0 fnt
|faint|p2a: Metagross
|
|choice||
|
|switch|p2a: Garchomp|Garchomp, F|94/100
|-damage|p2a: Garchomp|88/100|[from] Stealth Rock
|turn|11
|choice||
|
|move|p1a: Dragonite|Outrage|p2a: Garchomp
|-supereffective|p2a: Garchomp
|-damage|p2a: Garchomp|0 fnt
|-damage|p1a: Dragonite|66/100|[from] ability: Rough Skin|[of] p2a: Garchomp
|faint|p2a: Garchomp
|
|choice||
|
|switch|p2a: Lucario|Lucario, F|100/100
|-damage|p2a: Lucario|98/100|[from] Stealth Rock
|turn|12
|choice||
|
|move|p1a: Dragonite|Outrage|p2a: Lucario|[from]lockedmove
|-resisted|p2a: Lucario
|-damage|p2a: Lucario|39/100
|-start|p1a: Dragonite|confusion|[fatigue]
|move|p2a: Lucario|Nasty Plot|p2a: Lucario
|-boost|p2a: Lucario|spa|2
|
|turn|13
|choice||
|
|-activate|p1a: Dragonite|confusion
|-damage|p1a: Dragonite|47/100|[from] confusion
|move|p2a: Lucario|Flash Cannon|p1a: Dragonite
|-damage|p1a: Dragonite|0 fnt
|-damage|p2a: Lucario|29/100|[from] item: Life Orb
|faint|p1a: Dragonite
|
|choice||
|
|switch|p1a: Jirachi|Jirachi|100/100
|turn|14
|choice||
|
|move|p1a: Jirachi|Iron Head|p2a: Lucario
|-resisted|p2a: Lucario
|-damage|p2a: Lucario|0 fnt
|faint|p2a: Lucario
|
|choice||
|
|switch|p2a: Rotom|Rotom-Wash|50/100
|-damage|p2a: Rotom|37/100|[from] Stealth Rock
|turn|15
|choice||
|
|switch|p1a: Starmie|Starmie|100/100
|move|p2a: Rotom|Thunder Wave|p1a: Starmie
|-status|p1a: Starmie|par
|
|-heal|p2a: Rotom|43/100|[from] item: Leftovers
|turn|16
|choice||
|
|move|p2a: Rotom|Volt Switch|p1a: Starmie
|-supereffective|p1a: Starmie
|-damage|p1a: Starmie|22/100 par
|cant|p1a: Starmie|par
|
|-heal|p2a: Rotom|49/100|[from] item: Leftovers
|turn|17
|choice||
|
|move|p2a: Rotom|Volt Switch|p1a: Starmie
|-supereffective|p1a: Starmie
|-damage|p1a: Starmie|0 fnt
|faint|p1a: Starmie
|
|-heal|p2a: Rotom|55/100|[from] item: Leftovers
|choice||
|
|switch|p1a: Volcarona|Volcarona, M|100/100
|turn|18
|choice||
|
|move|p1a: Volcarona|Giga Drain|p2a: Rotom
|-supereffective|p2a: Rotom
|-crit|p2a: Rotom
|-damage|p2a: Rotom|0 fnt
|faint|p2a: Rotom
|
|win|BLT2 Analytic
|player|p1
|player|p2
|c|★BLT2 Analytic|gg
|c|★blt2 another|gg
|raw|BLT2 Analytic's rating: 1356 &rarr; <strong>1374</strong><br />(+18 for winning)
|raw|blt2 another's rating: 1315 &rarr; <strong>1297</strong><br />(-18 for losing)
|l|BLT2 Analytic