|j|creepy rodney
|j|dual qwilfish2
|player|p1|creepy rodney|168
|teamsize|p1|6
|player|p2|dual qwilfish2|11
|teamsize|p2|6
|gametype|singles
|gen|5
|tier|[Gen 5] OU
|rated
|seed|56206,39692,48712,6701
|rule|Evasion Abilities Clause: Evasion abilities are banned
|rule|Baton Pass Clause: Limit one Baton Passer, can't pass Spe and other stats simultaneously
|rule|Swagger Clause: Swagger is banned
|clearpoke
|poke|p1|Tyranitar, M|item
|poke|p1|Ferrothorn, M|item
|poke|p1|Amoonguss, M, shiny|item
|poke|p1|Landorus-Therian, M|item
|poke|p1|Heatran, M, shiny|item
|poke|p1|Reuniclus, M, shiny|item
|poke|p2|Alakazam, M|item
|poke|p2|Landorus-Therian, M|item
|poke|p2|Tyranitar, M|item
|poke|p2|Tangrowth, M|item
|poke|p2|Jellicent, M|item
|poke|p2|Excadrill, M|item
|rule|Sleep Clause Mod: Limit one foe put to sleep
|rule|Species Clause: Limit one of each Pokémon
|rule|OHKO Clause: OHKO moves are banned
|rule|Moody Clause: Moody is banned
|rule|Evasion Moves Clause: Evasion moves are banned
|rule|Endless Battle Clause: Forcing endless battles is banned
|rule|HP Percentage Mod: HP is shown in percentages
|teampreview
|choice|team 5, team 2, team 3, team 4, team 1, team 6|team 4, team 2, team 3, team 1, team 5, team 6
|
|start
|switch|p1a: Heatran|Heatran, M, shiny|385/385
|switch|p2a: Tangrowth|Tangrowth, M|404/404
|turn|1
|inactive|Battle timer is ON: inactive players will automatically lose when time's up. (requested by creepy rodney)
|choice|move stealthrock|switch 3
|
|switch|p2a: Tyranitar|Tyranitar, M|404/404
|-weather|Sandstorm|[from] ability: Sand Stream|[of] p2a: Tyranitar
|move|p1a: Heatran|Stealth Rock|p2a: Tyranitar
|-sidestart|p2: dual qwilfish2|move: Stealth Rock
|
|-weather|Sandstorm|[upkeep]
|upkeep
|turn|2
|choice|move lavaplume|move stealthrock
|
|move|p1a: Heatran|Lava Plume|p2a: Tyranitar
|-resisted|p2a: Tyranitar
|-damage|p2a: Tyranitar|373/404
|move|p2a: Tyranitar|Stealth Rock|p1a: Heatran
|-sidestart|p1: creepy rodney|move: Stealth Rock
|
|-weather|Sandstorm|[upkeep]
|upkeep
|turn|3
|choice|move lavaplume|switch 5
|
|switch|p2a: Jellicent|Jellicent, M|404/404
|-damage|p2a: Jellicent|354/404|[from] Stealth Rock
|move|p1a: Heatran|Lava Plume|p2a: Jellicent
|-resisted|p2a: Jellicent
|-damage|p2a: Jellicent|293/404
|-status|p2a: Jellicent|brn
|
|-weather|Sandstorm|[upkeep]
|-damage|p2a: Jellicent|268/404 brn|[from] sandstorm
|-heal|p2a: Jellicent|293/404 brn|[from] item: Leftovers
|-damage|p2a: Jellicent|243/404 brn|[from] brn
|upkeep
|turn|4
|choice|switch 3|move recover
|
|switch|p1a: Amoonguss|Amoonguss, M, shiny|403/403
|-damage|p1a: Amoonguss|353/403|[from] Stealth Rock
|move|p2a: Jellicent|Recover|p2a: Jellicent
|-heal|p2a: Jellicent|404/404 brn
|
|-weather|Sandstorm|[upkeep]
|-damage|p2a: Jellicent|379/404 brn|[from] sandstorm
|-damage|p1a: Amoonguss|328/403|[from] sandstorm
|-heal|p2a: Jellicent|404/404 brn|[from] item: Leftovers
|-heal|p1a: Amoonguss|353/403|[from] item: Black Sludge
|-damage|p2a: Jellicent|354/404 brn|[from] brn
|upkeep
|turn|5
|choice|move gigadrain|move willowisp
|
|move|p2a: Jellicent|Will-O-Wisp|p1a: Amoonguss
|-status|p1a: Amoonguss|brn
|move|p1a: Amoonguss|Giga Drain|p2a: Jellicent
|-supereffective|p2a: Jellicent
|-damage|p2a: Jellicent|208/404 brn
|-heal|p1a: Amoonguss|403/403 brn|[from] drain|[of] p2a: Jellicent
|
|-weather|Sandstorm|[upkeep]
|-damage|p2a: Jellicent|183/404 brn|[from] sandstorm
|-damage|p1a: Amoonguss|378/403 brn|[from] sandstorm
|-heal|p2a: Jellicent|208/404 brn|[from] item: Leftovers
|-heal|p1a: Amoonguss|403/403 brn|[from] item: Black Sludge
|-damage|p2a: Jellicent|158/404 brn|[from] brn
|-damage|p1a: Amoonguss|353/403 brn|[from] brn
|upkeep
|turn|6
|choice|move gigadrain|move recover
|
|move|p2a: Jellicent|Recover|p2a: Jellicent
|-heal|p2a: Jellicent|360/404 brn
|move|p1a: Amoonguss|Giga Drain|p2a: Jellicent
|-supereffective|p2a: Jellicent
|-damage|p2a: Jellicent|220/404 brn
|-heal|p1a: Amoonguss|403/403 brn|[from] drain|[of] p2a: Jellicent
|
|-weather|Sandstorm|[upkeep]
|-damage|p2a: Jellicent|195/404 brn|[from] sandstorm
|-damage|p1a: Amoonguss|378/403 brn|[from] sandstorm
|-heal|p2a: Jellicent|220/404 brn|[from] item: Leftovers
|-heal|p1a: Amoonguss|403/403 brn|[from] item: Black Sludge
|-damage|p2a: Jellicent|170/404 brn|[from] brn
|-damage|p1a: Amoonguss|353/403 brn|[from] brn
|upkeep
|turn|7
|choice|move gigadrain|move recover
|
|move|p2a: Jellicent|Recover|p2a: Jellicent
|-heal|p2a: Jellicent|372/404 brn
|move|p1a: Amoonguss|Giga Drain|p2a: Jellicent
|-supereffective|p2a: Jellicent
|-damage|p2a: Jellicent|228/404 brn
|-heal|p1a: Amoonguss|403/403 brn|[from] drain|[of] p2a: Jellicent
|
|-weather|Sandstorm|[upkeep]
|-damage|p2a: Jellicent|203/404 brn|[from] sandstorm
|-damage|p1a: Amoonguss|378/403 brn|[from] sandstorm
|-heal|p2a: Jellicent|228/404 brn|[from] item: Leftovers
|-heal|p1a: Amoonguss|403/403 brn|[from] item: Black Sludge
|-damage|p2a: Jellicent|178/404 brn|[from] brn
|-damage|p1a: Amoonguss|353/403 brn|[from] brn
|upkeep
|turn|8
|choice|switch 5|move recover
|
|switch|p1a: Tyranitar|Tyranitar, M|367/367
|-damage|p1a: Tyranitar|322/367|[from] Stealth Rock
|move|p2a: Jellicent|Recover|p2a: Jellicent
|-heal|p2a: Jellicent|380/404 brn
|
|-weather|Sandstorm|[upkeep]
|-damage|p2a: Jellicent|355/404 brn|[from] sandstorm
|-heal|p2a: Jellicent|380/404 brn|[from] item: Leftovers
|-damage|p2a: Jellicent|330/404 brn|[from] brn
|upkeep
|turn|9
|choice|move crunch|move willowisp
|
|move|p1a: Tyranitar|Crunch|p2a: Jellicent
|-supereffective|p2a: Jellicent
|-damage|p2a: Jellicent|82/404 brn
|move|p2a: Jellicent|Will-O-Wisp|p1a: Tyranitar
|-status|p1a: Tyranitar|brn
|
|-weather|Sandstorm|[upkeep]
|-damage|p2a: Jellicent|57/404 brn|[from] sandstorm
|-heal|p2a: Jellicent|82/404 brn|[from] item: Leftovers
|-damage|p1a: Tyranitar|277/367 brn|[from] brn
|-damage|p2a: Jellicent|32/404 brn|[from] brn
|upkeep
|turn|10
|choice|move pursuit|move recover
|
|move|p1a: Tyranitar|Pursuit|p2a: Jellicent
|-supereffective|p2a: Jellicent
|-damage|p2a: Jellicent|0 fnt
|faint|p2a: Jellicent
|
|-weather|Sandstorm|[upkeep]
|-damage|p1a: Tyranitar|232/367 brn|[from] brn
|upkeep
|choice||switch 2
|
|switch|p2a: Landorus|Landorus-Therian, M|319/319
|-damage|p2a: Landorus|280/319|[from] Stealth Rock
|-ability|p2a: Landorus|Intimidate|boost
|-unboost|p1a: Tyranitar|atk|1
|turn|11
|choice|switch 2|move gravity
|
|switch|p1a: Ferrothorn|Ferrothorn, M|352/352
|-damage|p1a: Ferrothorn|330/352|[from] Stealth Rock
|move|p2a: Landorus|Gravity|p2a: Landorus
|-fieldstart|move: Gravity
|
|-weather|Sandstorm|[upkeep]
|-heal|p2a: Landorus|299/319|[from] item: Leftovers
|-heal|p1a: Ferrothorn|352/352|[from] item: Leftovers
|upkeep
|turn|12
|choice|move spikes|switch 3
|
|switch|p2a: Tangrowth|Tangrowth, M|404/404
|-damage|p2a: Tangrowth|354/404|[from] Stealth Rock
|move|p1a: Ferrothorn|Spikes|p2a: Tangrowth
|-sidestart|p2: dual qwilfish2|Spikes
|
|-weather|Sandstorm|[upkeep]
|-damage|p2a: Tangrowth|329/404|[from] sandstorm
|-heal|p2a: Tangrowth|354/404|[from] item: Leftovers
|upkeep
|turn|13
|choice|move protect|move sleeppowder
|
|move|p1a: Ferrothorn|Protect|p1a: Ferrothorn
|-singleturn|p1a: Ferrothorn|Protect
|move|p2a: Tangrowth|Sleep Powder|p1a: Ferrothorn
|-activate|p1a: Ferrothorn|move: Protect
|
|-weather|Sandstorm|[upkeep]
|-damage|p2a: Tangrowth|329/404|[from] sandstorm
|-heal|p2a: Tangrowth|354/404|[from] item: Leftovers
|upkeep
|turn|14
|choice|switch 5|switch 4
|
|switch|p2a: Alakazam|Alakazam, M|251/251
|switch|p1a: Amoonguss|Amoonguss, M, shiny|403/403 brn
|-damage|p1a: Amoonguss|353/403 brn|[from] Stealth Rock
|
|-weather|Sandstorm|[upkeep]
|-damage|p1a: Amoonguss|328/403 brn|[from] sandstorm
|-heal|p1a: Amoonguss|353/403 brn|[from] item: Black Sludge
|-damage|p1a: Amoonguss|303/403 brn|[from] brn
|upkeep
|turn|15
|choice|switch 6|move psychic
|
|switch|p1a: Reuniclus|Reuniclus, M, shiny|424/424
|move|p2a: Alakazam|Psychic|p1a: Reuniclus
|-resisted|p1a: Reuniclus
|-damage|p1a: Reuniclus|331/424
|-unboost|p1a: Reuniclus|spd|1
|
|-weather|Sandstorm|[upkeep]
|-heal|p1a: Reuniclus|357/424|[from] item: Leftovers
|-fieldend|move: Gravity
|upkeep
|turn|16
|choice|switch 2|switch 5
|
|switch|p2a: Tyranitar|Tyranitar, M|373/404
|-damage|p2a: Tyranitar|323/404|[from] Stealth Rock
|-damage|p2a: Tyranitar|273/404|[from] Spikes
|switch|p1a: Tyranitar|Tyranitar, M|232/367 brn
|-damage|p1a: Tyranitar|187/367 brn|[from] Stealth Rock
|
|-weather|Sandstorm|[upkeep]
|-damage|p1a: Tyranitar|142/367 brn|[from] brn
|upkeep
|turn|17
|choice|switch 3|switch 4
|
|switch|p1a: Heatran|Heatran, M, shiny|385/385
|-damage|p1a: Heatran|337/385|[from] Stealth Rock
|switch|p2a: Tangrowth|Tangrowth, M|404/404
|-damage|p2a: Tangrowth|354/404|[from] Spikes
|-damage|p2a: Tangrowth|304/404|[from] Stealth Rock
|
|-weather|Sandstorm|[upkeep]
|-damage|p2a: Tangrowth|279/404|[from] sandstorm
|-heal|p1a: Heatran|361/385|[from] item: Leftovers
|-heal|p2a: Tangrowth|304/404|[from] item: Leftovers
|upkeep
|turn|18
|choice|move lavaplume|move earthquake
|
|move|p1a: Heatran|Lava Plume|p2a: Tangrowth
|-supereffective|p2a: Tangrowth
|-damage|p2a: Tangrowth|0 fnt
|faint|p2a: Tangrowth
|
|-weather|Sandstorm|[upkeep]
|-heal|p1a: Heatran|385/385|[from] item: Leftovers
|upkeep
|choice||switch 3
|
|switch|p2a: Landorus|Landorus-Therian, M|299/319
|-damage|p2a: Landorus|260/319|[from] Stealth Rock
|-ability|p2a: Landorus|Intimidate|boost
|-unboost|p1a: Heatran|atk|1
|turn|19
|choice|switch 5|move earthquake
|
|switch|p1a: Ferrothorn|Ferrothorn, M|352/352
|-damage|p1a: Ferrothorn|330/352|[from] Stealth Rock
|move|p2a: Landorus|Earthquake|p1a: Ferrothorn
|-damage|p1a: Ferrothorn|186/352
|
|-weather|Sandstorm|[upkeep]
|-heal|p2a: Landorus|279/319|[from] item: Leftovers
|-heal|p1a: Ferrothorn|208/352|[from] item: Leftovers
|upkeep
|turn|20
|choice|move leechseed|move earthquake
|
|move|p2a: Landorus|Earthquake|p1a: Ferrothorn
|-crit|p1a: Ferrothorn
|-damage|p1a: Ferrothorn|0 fnt
|faint|p1a: Ferrothorn
|
|-weather|Sandstorm|[upkeep]
|-heal|p2a: Landorus|298/319|[from] item: Leftovers
|upkeep
|choice|switch 5|
|
|switch|p1a: Heatran|Heatran, M, shiny|385/385
|-damage|p1a: Heatran|337/385|[from] Stealth Rock
|turn|21
|choice|switch 3|move earthquake
|
|switch|p1a: Tyranitar|Tyranitar, M|142/367 brn
|-damage|p1a: Tyranitar|97/367 brn|[from] Stealth Rock
|move|p2a: Landorus|Earthquake|p1a: Tyranitar
|-supereffective|p1a: Tyranitar
|-damage|p1a: Tyranitar|0 fnt
|faint|p1a: Tyranitar
|
|-weather|Sandstorm|[upkeep]
|-heal|p2a: Landorus|317/319|[from] item: Leftovers
|upkeep
|choice|switch 6|
|
|switch|p1a: Amoonguss|Amoonguss, M, shiny|403/403 brn
|-damage|p1a: Amoonguss|353/403 brn|[from] Stealth Rock
|turn|22
|choice|move spore|switch 6
|
|switch|p2a: Excadrill|Excadrill, M|361/361
|-damage|p2a: Excadrill|316/361|[from] Spikes
|-damage|p2a: Excadrill|305/361|[from] Stealth Rock
|move|p1a: Amoonguss|Spore|p2a: Excadrill
|-status|p2a: Excadrill|slp
|
|-weather|Sandstorm|[upkeep]
|-damage|p1a: Amoonguss|328/403 brn|[from] sandstorm
|-heal|p1a: Amoonguss|353/403 brn|[from] item: Black Sludge
|-damage|p1a: Amoonguss|303/403 brn|[from] brn
|upkeep
|turn|23
|choice|switch 4|switch 5
|
|switch|p2a: Alakazam|Alakazam, M|251/251
|switch|p1a: Landorus|Landorus-Therian, M|319/319
|-damage|p1a: Landorus|280/319|[from] Stealth Rock
|-ability|p1a: Landorus|Intimidate|boost
|-unboost|p2a: Alakazam|atk|1
|
|-weather|Sandstorm|[upkeep]
|upkeep
|turn|24
|choice|move uturn|switch 5
|
|switch|p2a: Excadrill|Excadrill, M|305/361 slp
|-damage|p2a: Excadrill|260/361 slp|[from] Spikes
|-damage|p2a: Excadrill|249/361 slp|[from] Stealth Rock
|move|p1a: Landorus|U-turn|p2a: Excadrill
|-resisted|p2a: Excadrill
|-damage|p2a: Excadrill|184/361 slp
|choice|switch 3|
|
|switch|p1a: Heatran|Heatran, M, shiny|337/385
|-damage|p1a: Heatran|289/385|[from] Stealth Rock
|
|-weather|Sandstorm|[upkeep]
|-heal|p1a: Heatran|313/385|[from] item: Leftovers
|upkeep
|turn|25
|choice|move lavaplume|move earthquake
|
|cant|p2a: Excadrill|slp
|move|p1a: Heatran|Lava Plume|p2a: Excadrill
|-supereffective|p2a: Excadrill
|-damage|p2a: Excadrill|0 fnt
|faint|p2a: Excadrill
|
|-weather|Sandstorm|[upkeep]
|-heal|p1a: Heatran|337/385|[from] item: Leftovers
|upkeep
|choice||switch 6
|
|switch|p2a: Landorus|Landorus-Therian, M|317/319
|-damage|p2a: Landorus|278/319|[from] Stealth Rock
|-ability|p2a: Landorus|Intimidate|boost
|-unboost|p1a: Heatran|atk|1
|turn|26
|choice|switch 2|move earthquake
|
|switch|p1a: Reuniclus|Reuniclus, M, shiny|357/424
|move|p2a: Landorus|Earthquake|p1a: Reuniclus
|-damage|p1a: Reuniclus|155/424
|
|-weather|Sandstorm|[upkeep]
|-heal|p2a: Landorus|297/319|[from] item: Leftovers
|-heal|p1a: Reuniclus|181/424|[from] item: Leftovers
|upkeep
|turn|27
|choice|move recover|move earthquake
|
|move|p2a: Landorus|Earthquake|p1a: Reuniclus
|-damage|p1a: Reuniclus|10/424
|move|p1a: Reuniclus|Recover|p1a: Reuniclus
|-heal|p1a: Reuniclus|222/424
|
|-weather|Sandstorm|[upkeep]
|-heal|p2a: Landorus|316/319|[from] item: Leftovers
|-heal|p1a: Reuniclus|248/424|[from] item: Leftovers
|upkeep
|turn|28
|choice|move recover|switch 4
|
|switch|p2a: Tyranitar|Tyranitar, M|273/404
|-damage|p2a: Tyranitar|223/404|[from] Stealth Rock
|-damage|p2a: Tyranitar|173/404|[from] Spikes
|move|p1a: Reuniclus|Recover|p1a: Reuniclus
|-heal|p1a: Reuniclus|424/424
|
|-weather|Sandstorm|[upkeep]
|upkeep
|turn|29
|choice|switch 2|move pursuit
|
|-activate|p1a: Reuniclus|move: Pursuit
|move|p2a: Tyranitar|Pursuit|p1a: Reuniclus|[from]Pursuit
|-supereffective|p1a: Reuniclus
|-damage|p1a: Reuniclus|188/424
|switch|p1a: Heatran|Heatran, M, shiny|337/385
|-damage|p1a: Heatran|289/385|[from] Stealth Rock
|
|-weather|Sandstorm|[upkeep]
|-heal|p1a: Heatran|313/385|[from] item: Leftovers
|upkeep
|turn|30
|choice|move lavaplume|move rockslide
|
|move|p1a: Heatran|Lava Plume|p2a: Tyranitar
|-resisted|p2a: Tyranitar
|-damage|p2a: Tyranitar|142/404
|-status|p2a: Tyranitar|brn
|move|p2a: Tyranitar|Rock Slide|p1a: Heatran
|-damage|p1a: Heatran|247/385
|
|-weather|Sandstorm|[upkeep]
|-heal|p1a: Heatran|271/385|[from] item: Leftovers
|-damage|p2a: Tyranitar|92/404 brn|[from] brn
|upkeep
|turn|31
|choice|move lavaplume|move rockslide
|
|move|p1a: Heatran|Lava Plume|p2a: Tyranitar
|-resisted|p2a: Tyranitar
|-damage|p2a: Tyranitar|62/404 brn
|move|p2a: Tyranitar|Rock Slide|p1a: Heatran
|-damage|p1a: Heatran|202/385
|
|-weather|Sandstorm|[upkeep]
|-heal|p1a: Heatran|226/385|[from] item: Leftovers
|-damage|p2a: Tyranitar|12/404 brn|[from] brn
|upkeep
|turn|32
|choice|move lavaplume|move rockslide
|
|move|p1a: Heatran|Lava Plume|p2a: Tyranitar
|-resisted|p2a: Tyranitar
|-damage|p2a: Tyranitar|0 fnt
|faint|p2a: Tyranitar
|
|-weather|Sandstorm|[upkeep]
|-heal|p1a: Heatran|250/385|[from] item: Leftovers
|upkeep
|choice||switch 4
|
|switch|p2a: Landorus|Landorus-Therian, M|316/319
|-damage|p2a: Landorus|277/319|[from] Stealth Rock
|-ability|p2a: Landorus|Intimidate|boost
|-unboost|p1a: Heatran|atk|1
|turn|33
|choice|switch 2|move earthquake
|
|switch|p1a: Reuniclus|Reuniclus, M, shiny|188/424
|move|p2a: Landorus|Earthquake|p1a: Reuniclus
|-damage|p1a: Reuniclus|2/424
|
|-weather|Sandstorm|[upkeep]
|-heal|p2a: Landorus|296/319|[from] item: Leftovers
|-heal|p1a: Reuniclus|28/424|[from] item: Leftovers
|upkeep
|turn|34
|choice|move psyshock|move hiddenpower
|
|move|p2a: Landorus|Hidden Power|p1a: Reuniclus
|-damage|p1a: Reuniclus|0 fnt
|faint|p1a: Reuniclus
|
|-weather|Sandstorm|[upkeep]
|-heal|p2a: Landorus|315/319|[from] item: Leftovers
|upkeep
|choice|switch 4|
|
|switch|p1a: Amoonguss|Amoonguss, M, shiny|403/403 brn
|-damage|p1a: Amoonguss|353/403 brn|[from] Stealth Rock
|turn|35
|choice|move spore|move earthquake
|
|move|p2a: Landorus|Earthquake|p1a: Amoonguss
|-damage|p1a: Amoonguss|118/403 brn
|move|p1a: Amoonguss|Spore|p2a: Landorus
|-status|p2a: Landorus|slp
|
|-weather|Sandstorm|[upkeep]
|-damage|p1a: Amoonguss|93/403 brn|[from] sandstorm
|-heal|p2a: Landorus|319/319 slp|[from] item: Leftovers
|-heal|p1a: Amoonguss|118/403 brn|[from] item: Black Sludge
|-damage|p1a: Amoonguss|68/403 brn|[from] brn
|upkeep
|turn|36
|choice|move hiddenpower|move hiddenpower
|
|cant|p2a: Landorus|slp
|move|p1a: Amoonguss|Hidden Power|p2a: Landorus
|-supereffective|p2a: Landorus
|-damage|p2a: Landorus|51/319 slp
|
|-weather|Sandstorm|[upkeep]
|-damage|p1a: Amoonguss|43/403 brn|[from] sandstorm
|-heal|p2a: Landorus|70/319 slp|[from] item: Leftovers
|-heal|p1a: Amoonguss|68/403 brn|[from] item: Black Sludge
|-damage|p1a: Amoonguss|18/403 brn|[from] brn
|upkeep
|turn|37
|choice|move hiddenpower|move uturn
|
|-curestatus|p2a: Landorus|slp|[msg]
|move|p2a: Landorus|U-turn|p1a: Amoonguss
|-damage|p1a: Amoonguss|0 fnt
|faint|p1a: Amoonguss
|choice||switch 5
|
|switch|p2a: Alakazam|Alakazam, M|251/251
|
|-weather|Sandstorm|[upkeep]
|upkeep
|choice|switch 3|
|
|switch|p1a: Landorus|Landorus-Therian, M|280/319
|-damage|p1a: Landorus|241/319|[from] Stealth Rock
|-ability|p1a: Landorus|Intimidate|boost
|-unboost|p2a: Alakazam|atk|1
|turn|38
|choice|move uturn|switch 5
|
|switch|p2a: Landorus|Landorus-Therian, M|70/319
|-damage|p2a: Landorus|31/319|[from] Stealth Rock
|-ability|p2a: Landorus|Intimidate|boost
|-unboost|p1a: Landorus|atk|1
|move|p1a: Landorus|U-turn|p2a: Landorus
|-resisted|p2a: Landorus
|-crit|p2a: Landorus
|-damage|p2a: Landorus|0 fnt
|faint|p2a: Landorus
|choice|switch 2|
|
|switch|p1a: Heatran|Heatran, M, shiny|250/385
|-damage|p1a: Heatran|202/385|[from] Stealth Rock
|
|-weather|Sandstorm|[upkeep]
|-heal|p1a: Heatran|226/385|[from] item: Leftovers
|upkeep
|choice||switch 5
|
|switch|p2a: Alakazam|Alakazam, M|251/251
|turn|39
|choice|move lavaplume|move focusblast
|
|move|p2a: Alakazam|Focus Blast|p1a: Heatran
|-supereffective|p1a: Heatran
|-damage|p1a: Heatran|22/385
|move|p1a: Heatran|Lava Plume|p2a: Alakazam
|-damage|p2a: Alakazam|127/251
|-status|p2a: Alakazam|brn
|
|-weather|Sandstorm|[upkeep]
|-heal|p1a: Heatran|46/385|[from] item: Leftovers
|upkeep
|turn|40
|l|creepy rodney
|player|p1|
|-message|creepy rodney lost due to inactivity.
|
|win|dual qwilfish2
|raw|creepy rodney's rating: 1341 &rarr; <strong>1322</strong><br />(-19 for losing)
|raw|dual qwilfish2's rating: 1365 &rarr; <strong>1384</strong><br />(+19 for winning)
|c|☆dual qwilfish2|sry