|j|☆cherif18
|j|☆Amy2603
|player|p1|cherif18|unknownf|1498
|player|p2|Amy2603|dawn-gen4pt|1270
|teamsize|p1|6
|teamsize|p2|6
|gametype|singles
|gen|5
|tier|[Gen 5] OU
|rated|
|clearpoke
|poke|p1|Dragonite, M|item
|poke|p1|Jirachi|item
|poke|p1|Starmie|item
|poke|p1|Garchomp, M|item
|poke|p1|Kyurem-Black|item
|poke|p1|Magnezone|item
|poke|p2|Cresselia, F|item
|poke|p2|Ninetales, F|item
|poke|p2|Chansey, F|item
|poke|p2|Forretress, M|item
|poke|p2|Terrakion|item
|poke|p2|Xatu, M|item
|rule|Species Clause: Limit one of each Pokémon
|rule|OHKO Clause: OHKO moves are banned
|rule|Moody Clause: Moody is banned
|rule|Evasion Moves Clause: Evasion moves are banned
|rule|Endless Battle Clause: Forcing endless battles is banned
|rule|HP Percentage Mod: HP is shown in percentages
|rule|Evasion Abilities Clause: Evasion abilities are banned
|rule|Baton Pass Clause: Limit one Baton Passer, can't pass Spe and other stats simultaneously
|rule|Sleep Clause: Sleep-inducing moves are banned
|rule|Swagger Clause: Swagger is banned
|teampreview
|
|start
|switch|p1a: Jirachi|Jirachi|100/100
|switch|p2a: Ninetales|Ninetales, F|100/100
|-weather|SunnyDay|[from] ability: Drought|[of] p2a: Ninetales
|turn|1
|
|switch|p2a: Xatu|Xatu, M|100/100
|move|p1a: Jirachi|Stealth Rock|p2a: Xatu
|move|p2a: Xatu|Stealth Rock|p1a: Jirachi|[from]Magic Bounce
|-sidestart|p1: cherif18|move: Stealth Rock
|
|-weather|SunnyDay|[upkeep]
|upkeep
|turn|2
|
|move|p1a: Jirachi|Thunder|p2a: Xatu|[miss]
|-miss|p1a: Jirachi|p2a: Xatu
|move|p2a: Xatu|U-turn|p1a: Jirachi
|-damage|p1a: Jirachi|88/100
|
|switch|p2a: Ninetales|Ninetales, F|100/100|[from]move: U-turn
|
|-weather|SunnyDay|[upkeep]
|upkeep
|turn|3
|
|move|p2a: Ninetales|Flamethrower|p1a: Jirachi
|-supereffective|p1a: Jirachi
|-damage|p1a: Jirachi|3/100
|move|p1a: Jirachi|Stealth Rock|p2a: Ninetales
|-sidestart|p2: Amy2603|move: Stealth Rock
|
|-weather|SunnyDay|[upkeep]
|upkeep
|turn|4
|
|move|p2a: Ninetales|Flamethrower|p1a: Jirachi
|-supereffective|p1a: Jirachi
|-damage|p1a: Jirachi|0 fnt
|faint|p1a: Jirachi
|
|-weather|SunnyDay|[upkeep]
|upkeep
|
|switch|p1a: Starmie|Starmie|100/100
|-damage|p1a: Starmie|88/100|[from] Stealth Rock
|turn|5
|
|switch|p2a: Chansey|Chansey, F|100/100
|-damage|p2a: Chansey|88/100|[from] Stealth Rock
|move|p1a: Starmie|Rapid Spin|p2a: Chansey
|-damage|p2a: Chansey|84/100
|-sideend|p1: cherif18|Stealth Rock|[from] move: Rapid Spin|[of] p1a: Starmie
|-damage|p1a: Starmie|78/100|[from] item: Life Orb
|
|-weather|SunnyDay|[upkeep]
|upkeep
|turn|6
|
|switch|p1a: Kyurem|Kyurem-Black|100/100
|-ability|p1a: Kyurem|Teravolt
|move|p2a: Chansey|Toxic|p1a: Kyurem
|-status|p1a: Kyurem|tox
|
|-weather|SunnyDay|[upkeep]
|-damage|p1a: Kyurem|94/100 tox|[from] psn
|upkeep
|turn|7
|
|switch|p1a: Magnezone|Magnezone|100/100
|switch|p2a: Cresselia|Cresselia, F|100/100
|-damage|p2a: Cresselia|88/100|[from] Stealth Rock
|
|-weather|SunnyDay|[upkeep]
|-heal|p2a: Cresselia|94/100|[from] item: Leftovers
|upkeep
|turn|8
|
|move|p2a: Cresselia|Hidden Power|p1a: Magnezone
|-supereffective|p1a: Magnezone
|-damage|p1a: Magnezone|57/100
|move|p1a: Magnezone|Thunderbolt|p2a: Cresselia
|-damage|p2a: Cresselia|41/100
|
|-weather|SunnyDay|[upkeep]
|-heal|p2a: Cresselia|47/100|[from] item: Leftovers
|upkeep
|turn|9
|
|move|p2a: Cresselia|Moonlight|p2a: Cresselia
|-heal|p2a: Cresselia|100/100
|move|p1a: Magnezone|Thunderbolt|p2a: Cresselia
|-damage|p2a: Cresselia|52/100
|-status|p2a: Cresselia|par
|
|-weather|SunnyDay|[upkeep]
|-heal|p2a: Cresselia|58/100 par|[from] item: Leftovers
|upkeep
|turn|10
|
|switch|p1a: Kyurem|Kyurem-Black|94/100 tox
|-ability|p1a: Kyurem|Teravolt
|switch|p2a: Chansey|Chansey, F|84/100
|-damage|p2a: Chansey|72/100|[from] Stealth Rock
|
|-weather|SunnyDay|[upkeep]
|-damage|p1a: Kyurem|88/100 tox|[from] psn
|upkeep
|turn|11
|
|switch|p2a: Forretress|Forretress, M|100/100
|-damage|p2a: Forretress|88/100|[from] Stealth Rock
|move|p1a: Kyurem|Outrage|p2a: Forretress
|-resisted|p2a: Forretress
|-damage|p2a: Forretress|51/100
|
|-weather|SunnyDay|[upkeep]
|-heal|p2a: Forretress|57/100|[from] item: Leftovers
|-damage|p1a: Kyurem|76/100 tox|[from] psn
|upkeep
|turn|12
|
|move|p1a: Kyurem|Outrage|p2a: Forretress|[from]lockedmove
|-resisted|p2a: Forretress
|-damage|p2a: Forretress|24/100
|-start|p1a: Kyurem|confusion|[fatigue]
|move|p2a: Forretress|Rapid Spin|p1a: Kyurem
|-damage|p1a: Kyurem|72/100 tox
|-sideend|p2: Amy2603|Stealth Rock|[from] move: Rapid Spin|[of] p2a: Forretress
|
|-weather|SunnyDay|[upkeep]
|-heal|p2a: Forretress|30/100|[from] item: Leftovers
|-damage|p1a: Kyurem|53/100 tox|[from] psn
|upkeep
|turn|13
|
|-activate|p1a: Kyurem|confusion
|move|p1a: Kyurem|Outrage|p2a: Forretress
|-resisted|p2a: Forretress
|-damage|p2a: Forretress|0 fnt
|faint|p2a: Forretress
|
|-weather|SunnyDay|[upkeep]
|-damage|p1a: Kyurem|29/100 tox|[from] psn
|upkeep
|
|switch|p2a: Terrakion|Terrakion|100/100
|turn|14
|
|move|p2a: Terrakion|Stone Edge|p1a: Kyurem
|-supereffective|p1a: Kyurem
|-damage|p1a: Kyurem|0 fnt
|faint|p1a: Kyurem
|
|-weather|SunnyDay|[upkeep]
|upkeep
|
|switch|p1a: Garchomp|Garchomp, M|100/100
|turn|15
|
|switch|p2a: Xatu|Xatu, M|100/100
|move|p1a: Garchomp|Outrage|p2a: Xatu
|-crit|p2a: Xatu
|-damage|p2a: Xatu|0 fnt
|faint|p2a: Xatu
|
|-weather|SunnyDay|[upkeep]
|upkeep
|
|switch|p2a: Chansey|Chansey, F|72/100
|turn|16
|
|move|p1a: Garchomp|Outrage|p2a: Chansey|[from]lockedmove
|-damage|p2a: Chansey|34/100
|-start|p1a: Garchomp|confusion|[fatigue]
|move|p2a: Chansey|Soft-Boiled|p2a: Chansey
|-heal|p2a: Chansey|84/100
|
|-weather|SunnyDay|[upkeep]
|upkeep
|turn|17
|
|switch|p1a: Magnezone|Magnezone|57/100
|move|p2a: Chansey|Heal Bell|p2a: Chansey
|-activate|p2a: Chansey|move: Heal Bell
|-curestatus|p2: Cresselia|par|[msg]
|
|-weather|SunnyDay|[upkeep]
|upkeep
|turn|18
|
|move|p1a: Magnezone|Thunderbolt|p2a: Chansey
|-damage|p2a: Chansey|57/100
|move|p2a: Chansey|Soft-Boiled|p2a: Chansey
|-heal|p2a: Chansey|100/100
|
|-weather|SunnyDay|[upkeep]
|upkeep
|turn|19
|
|move|p1a: Magnezone|Thunderbolt|p2a: Chansey
|-damage|p2a: Chansey|77/100
|move|p2a: Chansey|Seismic Toss|p1a: Magnezone
|-damage|p1a: Magnezone|25/100
|
|-weather|SunnyDay|[upkeep]
|upkeep
|turn|20
|
|move|p1a: Magnezone|Thunderbolt|p2a: Chansey
|-crit|p2a: Chansey
|-damage|p2a: Chansey|31/100
|move|p2a: Chansey|Soft-Boiled|p2a: Chansey
|-heal|p2a: Chansey|81/100
|
|-weather|SunnyDay|[upkeep]
|upkeep
|turn|21
|
|move|p1a: Magnezone|Thunderbolt|p2a: Chansey
|-damage|p2a: Chansey|56/100
|move|p2a: Chansey|Soft-Boiled|p2a: Chansey
|-heal|p2a: Chansey|100/100
|
|-weather|SunnyDay|[upkeep]
|upkeep
|turn|22
|
|move|p1a: Magnezone|Thunderbolt|p2a: Chansey
|-damage|p2a: Chansey|74/100
|move|p2a: Chansey|Seismic Toss|p1a: Magnezone
|-damage|p1a: Magnezone|0 fnt
|faint|p1a: Magnezone
|
|-weather|SunnyDay|[upkeep]
|upkeep
|
|switch|p1a: Garchomp|Garchomp, M|100/100
|turn|23
|
|move|p1a: Garchomp|Outrage|p2a: Chansey
|-damage|p2a: Chansey|36/100
|move|p2a: Chansey|Soft-Boiled|p2a: Chansey
|-heal|p2a: Chansey|86/100
|
|-weather|SunnyDay|[upkeep]
|upkeep
|turn|24
|
|move|p1a: Garchomp|Outrage|p2a: Chansey|[from]lockedmove
|-crit|p2a: Chansey
|-damage|p2a: Chansey|9/100
|-start|p1a: Garchomp|confusion|[fatigue]
|move|p2a: Chansey|Soft-Boiled|p2a: Chansey
|-heal|p2a: Chansey|59/100
|
|-weather|SunnyDay|[upkeep]
|upkeep
|turn|25
|
|switch|p1a: Starmie|Starmie|78/100
|move|p2a: Chansey|Soft-Boiled|p2a: Chansey
|-heal|p2a: Chansey|100/100
|
|-weather|SunnyDay|[upkeep]
|upkeep
|turn|26
|
|move|p1a: Starmie|Ice Beam|p2a: Chansey
|-damage|p2a: Chansey|89/100
|-damage|p1a: Starmie|68/100|[from] item: Life Orb
|move|p2a: Chansey|Seismic Toss|p1a: Starmie
|-damage|p1a: Starmie|30/100
|
|-weather|SunnyDay|[upkeep]
|upkeep
|turn|27
|
|move|p1a: Starmie|Ice Beam|p2a: Chansey
|-damage|p2a: Chansey|78/100
|-damage|p1a: Starmie|20/100|[from] item: Life Orb
|move|p2a: Chansey|Seismic Toss|p1a: Starmie
|-damage|p1a: Starmie|0 fnt
|faint|p1a: Starmie
|
|-weather|SunnyDay|[upkeep]
|upkeep
|
|switch|p1a: Dragonite|Dragonite, M|100/100
|turn|28
|
|move|p1a: Dragonite|Dragon Dance|p1a: Dragonite
|-boost|p1a: Dragonite|atk|1
|-boost|p1a: Dragonite|spe|1
|move|p2a: Chansey|Toxic|p1a: Dragonite|[miss]
|-miss|p2a: Chansey|p1a: Dragonite
|
|-weather|SunnyDay|[upkeep]
|upkeep
|turn|29
|
|move|p1a: Dragonite|Outrage|p2a: Chansey
|-damage|p2a: Chansey|16/100
|move|p2a: Chansey|Toxic|p1a: Dragonite
|-status|p1a: Dragonite|tox
|
|-weather|SunnyDay|[upkeep]
|-damage|p1a: Dragonite|94/100 tox|[from] psn
|upkeep
|turn|30
|
|move|p1a: Dragonite|Outrage|p2a: Chansey|[from]lockedmove
|-damage|p2a: Chansey|0 fnt
|faint|p2a: Chansey
|
|-weather|SunnyDay|[upkeep]
|-damage|p1a: Dragonite|82/100 tox|[from] psn
|upkeep
|
|switch|p2a: Terrakion|Terrakion|100/100
|turn|31
|
|move|p2a: Terrakion|Rock Slide|p1a: Dragonite
|-supereffective|p1a: Dragonite
|-damage|p1a: Dragonite|1/100 tox
|move|p1a: Dragonite|Outrage|p2a: Terrakion|[from]lockedmove
|-damage|p2a: Terrakion|0 fnt
|-start|p1a: Dragonite|confusion|[fatigue]
|faint|p2a: Terrakion
|
|-weather|SunnyDay|[upkeep]
|-damage|p1a: Dragonite|0 fnt|[from] psn
|faint|p1a: Dragonite
|upkeep
|
|switch|p2a: Cresselia|Cresselia, F|58/100
|switch|p1a: Garchomp|Garchomp, M|100/100
|turn|32
|
|move|p1a: Garchomp|Outrage|p2a: Cresselia
|-damage|p2a: Cresselia|26/100
|move|p2a: Cresselia|Moonlight|p2a: Cresselia
|-heal|p2a: Cresselia|93/100
|
|-weather|SunnyDay|[upkeep]
|-heal|p2a: Cresselia|99/100|[from] item: Leftovers
|upkeep
|turn|33
|
|move|p1a: Garchomp|Outrage|p2a: Cresselia|[from]lockedmove
|-damage|p2a: Cresselia|70/100
|-start|p1a: Garchomp|confusion|[fatigue]
|move|p2a: Cresselia|Toxic|p1a: Garchomp|[miss]
|-miss|p2a: Cresselia|p1a: Garchomp
|
|-weather|SunnyDay|[upkeep]
|-heal|p2a: Cresselia|76/100|[from] item: Leftovers
|upkeep
|turn|34
|-message|cherif18 forfeited.
|
|win|Amy2603
|l|☆cherif18
|raw|cherif18's rating: 1498 &rarr; <strong>1467</strong><br />(-31 for losing)
|raw|Amy2603's rating: 1270 &rarr; <strong>1310</strong><br />(+40 for winning)
