|j|☆thebigcomeback
|j|☆phosphor
|t:|1740922092
|gametype|singles
|player|p1|thebigcomeback|101|1331
|player|p2|phosphor|#phosphor|1510
|teamsize|p1|6
|teamsize|p2|6
|gen|5
|tier|[Gen 5] OU
|rated|
|rule|Species Clause: Limit one of each Pokémon
|rule|OHKO Clause: OHKO moves are banned
|rule|Moody Clause: Moody is banned
|rule|Evasion Items Clause: Evasion items are banned
|rule|Evasion Moves Clause: Evasion moves are banned
|rule|Endless Battle Clause: Forcing endless battles is banned
|rule|HP Percentage Mod: HP is shown in percentages
|rule|Evasion Abilities Clause: Evasion abilities are banned
|rule|Sleep Moves Clause: Sleep-inducing moves are banned
|rule|Swagger Clause: Swagger is banned
|rule|Baton Pass Stat Clause: No Baton Passer may have a way to boost its stats
|clearpoke
|poke|p1|Shaymin|item
|poke|p1|Metagross|item
|poke|p1|Garchomp, F|item
|poke|p1|Alakazam, F|item
|poke|p1|Hippowdon, F|item
|poke|p1|Electivire, F|item
|poke|p2|Tyranitar, F|item
|poke|p2|Seismitoad, M|item
|poke|p2|Forretress, F|item
|poke|p2|Latios, M|item
|poke|p2|Zapdos|item
|poke|p2|Terrakion|item
|teampreview
|inactive|Battle timer is ON: inactive players will automatically lose when time's up. (requested by thebigcomeback)
|c|☆phosphor|gl hf
|
|t:|1740922114
|start
|switch|p1a: Hippowdon|Hippowdon, F|100/100
|switch|p2a: Seismitoad|Seismitoad, M|100/100
|-weather|Sandstorm|[from] ability: Sand Stream|[of] p1a: Hippowdon
|turn|1
|
|t:|1740922119
|switch|p1a: Shaymin|Shaymin|100/100
|move|p2a: Seismitoad|Stealth Rock|p1a: Shaymin
|-sidestart|p1: thebigcomeback|move: Stealth Rock
|
|-weather|Sandstorm|[upkeep]
|-damage|p1a: Shaymin|94/100|[from] Sandstorm
|-heal|p1a: Shaymin|100/100|[from] item: Leftovers
|upkeep
|turn|2
|
|t:|1740922127
|switch|p2a: Zapdos|Zapdos|100/100
|-ability|p2a: Zapdos|Pressure
|move|p1a: Shaymin|Hidden Power|p2a: Zapdos
|-damage|p2a: Zapdos|77/100
|
|-weather|Sandstorm|[upkeep]
|-damage|p2a: Zapdos|71/100|[from] Sandstorm
|-damage|p1a: Shaymin|94/100|[from] Sandstorm
|-heal|p2a: Zapdos|77/100|[from] item: Leftovers
|-heal|p1a: Shaymin|100/100|[from] item: Leftovers
|upkeep
|turn|3
|
|t:|1740922137
|switch|p1a: Hippowdon|Hippowdon, F|100/100
|-damage|p1a: Hippowdon|94/100|[from] Stealth Rock
|move|p2a: Zapdos|Hidden Power|p1a: Hippowdon
|-supereffective|p1a: Hippowdon
|-damage|p1a: Hippowdon|63/100
|
|-weather|Sandstorm|[upkeep]
|-damage|p2a: Zapdos|71/100|[from] Sandstorm
|-heal|p2a: Zapdos|77/100|[from] item: Leftovers
|-heal|p1a: Hippowdon|69/100|[from] item: Leftovers
|upkeep
|turn|4
|
|t:|1740922143
|switch|p2a: Forretress|Forretress, F|100/100
|move|p1a: Hippowdon|Stealth Rock|p2a: Forretress
|-sidestart|p2: phosphor|move: Stealth Rock
|
|-weather|Sandstorm|[upkeep]
|-heal|p1a: Hippowdon|75/100|[from] item: Leftovers
|upkeep
|turn|5
|
|t:|1740922147
|move|p2a: Forretress|Spikes|p1a: Hippowdon
|-sidestart|p1: thebigcomeback|Spikes
|move|p1a: Hippowdon|Roar|p2a: Forretress
|drag|p2a: Zapdos|Zapdos|77/100
|-damage|p2a: Zapdos|52/100|[from] Stealth Rock
|-ability|p2a: Zapdos|Pressure
|
|-weather|Sandstorm|[upkeep]
|-damage|p2a: Zapdos|46/100|[from] Sandstorm
|-heal|p2a: Zapdos|52/100|[from] item: Leftovers
|-heal|p1a: Hippowdon|81/100|[from] item: Leftovers
|upkeep
|turn|6
|
|t:|1740922153
|move|p2a: Zapdos|Roost|p2a: Zapdos
|-heal|p2a: Zapdos|100/100
|-singleturn|p2a: Zapdos|move: Roost
|move|p1a: Hippowdon|Roar|p2a: Zapdos
|drag|p2a: Latios|Latios, M|100/100
|-damage|p2a: Latios|88/100|[from] Stealth Rock
|
|-weather|Sandstorm|[upkeep]
|-damage|p2a: Latios|82/100|[from] Sandstorm
|-heal|p1a: Hippowdon|87/100|[from] item: Leftovers
|upkeep
|turn|7
|
|t:|1740922162
|move|p2a: Latios|Surf|p1a: Hippowdon
|-supereffective|p1a: Hippowdon
|-damage|p1a: Hippowdon|10/100
|move|p1a: Hippowdon|Slack Off|p1a: Hippowdon
|-heal|p1a: Hippowdon|60/100
|
|-weather|Sandstorm|[upkeep]
|-damage|p2a: Latios|76/100|[from] Sandstorm
|-heal|p1a: Hippowdon|66/100|[from] item: Leftovers
|upkeep
|turn|8
|
|t:|1740922174
|move|p2a: Latios|Surf|p1a: Hippowdon
|-supereffective|p1a: Hippowdon
|-damage|p1a: Hippowdon|0 fnt
|faint|p1a: Hippowdon
|
|-weather|Sandstorm|[upkeep]
|-damage|p2a: Latios|70/100|[from] Sandstorm
|upkeep
|
|t:|1740922177
|switch|p1a: Metagross|Metagross|100/100
|-damage|p1a: Metagross|94/100|[from] Stealth Rock
|-damage|p1a: Metagross|82/100|[from] Spikes
|turn|9
|
|t:|1740922180
|switch|p2a: Forretress|Forretress, F|100/100
|-damage|p2a: Forretress|88/100|[from] Stealth Rock
|move|p1a: Metagross|Trick|p2a: Forretress
|-activate|p1a: Metagross|move: Trick|[of] p2a: Forretress
|-item|p2a: Forretress|Lagging Tail|[from] move: Trick
|-item|p1a: Metagross|Leftovers|[from] move: Trick
|
|-weather|Sandstorm|[upkeep]
|-heal|p1a: Metagross|88/100|[from] item: Leftovers
|upkeep
|turn|10
|
|t:|1740922189
|move|p1a: Metagross|Meteor Mash|p2a: Forretress
|-resisted|p2a: Forretress
|-damage|p2a: Forretress|74/100
|move|p2a: Forretress|Rapid Spin|p1a: Metagross
|-resisted|p1a: Metagross
|-damage|p1a: Metagross|86/100
|-sideend|p2: phosphor|Stealth Rock|[from] move: Rapid Spin|[of] p2a: Forretress
|
|-weather|Sandstorm|[upkeep]
|-heal|p1a: Metagross|93/100|[from] item: Leftovers
|upkeep
|turn|11
|
|t:|1740922194
|move|p1a: Metagross|Meteor Mash|p2a: Forretress
|-resisted|p2a: Forretress
|-damage|p2a: Forretress|58/100
|move|p2a: Forretress|Earthquake|p1a: Metagross
|-supereffective|p1a: Metagross
|-damage|p1a: Metagross|58/100
|
|-weather|Sandstorm|[upkeep]
|-heal|p1a: Metagross|65/100|[from] item: Leftovers
|upkeep
|turn|12
|
|t:|1740922202
|move|p1a: Metagross|Meteor Mash|p2a: Forretress
|-resisted|p2a: Forretress
|-damage|p2a: Forretress|42/100
|move|p2a: Forretress|Spikes|p1a: Metagross
|-sidestart|p1: thebigcomeback|Spikes
|
|-weather|Sandstorm|[upkeep]
|-heal|p1a: Metagross|71/100|[from] item: Leftovers
|upkeep
|turn|13
|
|t:|1740922207
|switch|p2a: Zapdos|Zapdos|100/100
|-ability|p2a: Zapdos|Pressure
|move|p1a: Metagross|Meteor Mash|p2a: Zapdos
|-resisted|p2a: Zapdos
|-damage|p2a: Zapdos|81/100
|-boost|p1a: Metagross|atk|1
|
|-weather|Sandstorm|[upkeep]
|-damage|p2a: Zapdos|75/100|[from] Sandstorm
|-heal|p2a: Zapdos|81/100|[from] item: Leftovers
|-heal|p1a: Metagross|77/100|[from] item: Leftovers
|upkeep
|turn|14
|
|t:|1740922219
|move|p2a: Zapdos|Heat Wave|p1a: Metagross
|-supereffective|p1a: Metagross
|-damage|p1a: Metagross|22/100
|move|p1a: Metagross|Meteor Mash|p2a: Zapdos
|-resisted|p2a: Zapdos
|-damage|p2a: Zapdos|54/100
|
|-weather|Sandstorm|[upkeep]
|-damage|p2a: Zapdos|47/100|[from] Sandstorm
|-heal|p2a: Zapdos|54/100|[from] item: Leftovers
|-heal|p1a: Metagross|28/100|[from] item: Leftovers
|upkeep
|turn|15
|
|t:|1740922227
|move|p2a: Zapdos|Heat Wave|p1a: Metagross
|-supereffective|p1a: Metagross
|-damage|p1a: Metagross|0 fnt
|faint|p1a: Metagross
|
|-weather|Sandstorm|[upkeep]
|-damage|p2a: Zapdos|47/100|[from] Sandstorm
|-heal|p2a: Zapdos|54/100|[from] item: Leftovers
|upkeep
|
|t:|1740922239
|switch|p1a: Electivire|Electivire, F|100/100
|-damage|p1a: Electivire|88/100|[from] Stealth Rock
|-damage|p1a: Electivire|72/100|[from] Spikes
|turn|16
|
|t:|1740922247
|switch|p2a: Terrakion|Terrakion|100/100
|move|p1a: Electivire|Ice Punch|p2a: Terrakion
|-damage|p2a: Terrakion|73/100
|
|-weather|Sandstorm|[upkeep]
|-damage|p1a: Electivire|66/100|[from] Sandstorm
|upkeep
|turn|17
|
|t:|1740922260
|move|p2a: Terrakion|Close Combat|p1a: Electivire
|-crit|p1a: Electivire
|-damage|p1a: Electivire|0 fnt
|-unboost|p2a: Terrakion|def|1
|-unboost|p2a: Terrakion|spd|1
|faint|p1a: Electivire
|
|-weather|Sandstorm|[upkeep]
|upkeep
|
|t:|1740922282
|switch|p1a: Alakazam|Alakazam, F|100/100
|turn|18
|
|t:|1740922289
|switch|p2a: Forretress|Forretress, F|42/100
|move|p1a: Alakazam|Psychic|p2a: Forretress
|-resisted|p2a: Forretress
|-damage|p2a: Forretress|9/100
|
|-weather|Sandstorm|[upkeep]
|upkeep
|turn|19
|
|t:|1740922292
|move|p1a: Alakazam|Psychic|p2a: Forretress
|-resisted|p2a: Forretress
|-damage|p2a: Forretress|0 fnt
|faint|p2a: Forretress
|
|-weather|Sandstorm|[upkeep]
|upkeep
|
|t:|1740922294
|switch|p2a: Tyranitar|Tyranitar, F|100/100
|turn|20
|
|t:|1740922300
|move|p1a: Alakazam|Grass Knot|p2a: Tyranitar
|-supereffective|p2a: Tyranitar
|-damage|p2a: Tyranitar|68/100
|move|p2a: Tyranitar|Pursuit|p1a: Alakazam
|-supereffective|p1a: Alakazam
|-damage|p1a: Alakazam|5/100
|
|-weather|Sandstorm|[upkeep]
|upkeep
|turn|21
|
|t:|1740922312
|-activate|p1a: Alakazam|move: Pursuit
|move|p2a: Tyranitar|Pursuit|p1a: Alakazam|[from] Pursuit
|-supereffective|p1a: Alakazam
|-damage|p1a: Alakazam|0 fnt
|faint|p1a: Alakazam
|-hint|A Pokemon can't switch between when it runs out of HP and when it faints
|
|-weather|Sandstorm|[upkeep]
|upkeep
|
|t:|1740922314
|switch|p1a: Garchomp|Garchomp, F|100/100
|-damage|p1a: Garchomp|94/100|[from] Stealth Rock
|-damage|p1a: Garchomp|78/100|[from] Spikes
|turn|22
|
|t:|1740922320
|move|p1a: Garchomp|Outrage|p2a: Tyranitar
|-damage|p2a: Tyranitar|18/100
|move|p2a: Tyranitar|Crunch|p1a: Garchomp
|-damage|p1a: Garchomp|39/100
|-damage|p2a: Tyranitar|6/100|[from] ability: Rough Skin|[of] p1a: Garchomp
|
|-weather|Sandstorm|[upkeep]
|upkeep
|turn|23
|
|t:|1740922326
|move|p1a: Garchomp|Outrage|p2a: Tyranitar|[from] lockedmove
|-damage|p2a: Tyranitar|0 fnt
|faint|p2a: Tyranitar
|
|-weather|Sandstorm|[upkeep]
|upkeep
|
|t:|1740922328
|switch|p2a: Terrakion|Terrakion|73/100
|turn|24
|
|t:|1740922331
|move|p2a: Terrakion|Close Combat|p1a: Garchomp
|-damage|p1a: Garchomp|0 fnt
|-unboost|p2a: Terrakion|def|1
|-unboost|p2a: Terrakion|spd|1
|-damage|p2a: Terrakion|60/100|[from] ability: Rough Skin|[of] p1a: Garchomp
|faint|p1a: Garchomp
|
|-weather|Sandstorm|[upkeep]
|upkeep
|
|t:|1740922334
|switch|p1a: Shaymin|Shaymin|100/100
|-damage|p1a: Shaymin|88/100|[from] Stealth Rock
|-damage|p1a: Shaymin|72/100|[from] Spikes
|turn|25
|
|t:|1740922338
|move|p2a: Terrakion|Close Combat|p1a: Shaymin
|-damage|p1a: Shaymin|17/100
|-unboost|p2a: Terrakion|def|1
|-unboost|p2a: Terrakion|spd|1
|move|p1a: Shaymin|Giga Drain|p2a: Terrakion
|-supereffective|p2a: Terrakion
|-damage|p2a: Terrakion|0 fnt
|-heal|p1a: Shaymin|41/100|[from] drain|[of] p2a: Terrakion
|faint|p2a: Terrakion
|
|-weather|Sandstorm|[upkeep]
|-damage|p1a: Shaymin|35/100|[from] Sandstorm
|-heal|p1a: Shaymin|41/100|[from] item: Leftovers
|upkeep
|
|t:|1740922341
|switch|p2a: Latios|Latios, M|70/100
|turn|26
|c|☆thebigcomeback|Gg
|c|☆phosphor|gg
|-message|thebigcomeback forfeited.
|
|win|phosphor
|raw|thebigcomeback's rating: 1331 &rarr; <strong>1320</strong><br />(-11 for losing)
|raw|phosphor's rating: 1510 &rarr; <strong>1521</strong><br />(+11 for winning)
