|j|☆Vanteline
|j|☆Toshayi
|player|p1|Vanteline|251
|player|p2|Toshayi|2
|teamsize|p1|6
|teamsize|p2|6
|gametype|singles
|gen|5
|tier|[Gen 5] OU
|rated|
|rule|Sleep Clause Mod: Limit one foe put to sleep
|rule|Species Clause: Limit one of each Pokémon
|rule|OHKO Clause: OHKO moves are banned
|rule|Moody Clause: Moody is banned
|rule|Evasion Moves Clause: Evasion moves are banned
|rule|Endless Battle Clause: Forcing endless battles is banned
|rule|HP Percentage Mod: HP is shown in percentages
|rule|Evasion Abilities Clause: Evasion abilities are banned
|rule|Baton Pass Clause: Limit one Baton Passer, can't pass Spe and other stats simultaneously
|rule|Swagger Clause: Swagger is banned
|clearpoke
|poke|p1|Ferrothorn, F|item
|poke|p1|Gyarados, F|item
|poke|p1|Thundurus-Therian, M|item
|poke|p1|Heatran, F|item
|poke|p1|Latios, M|item
|poke|p1|Conkeldurr, M|item
|poke|p2|Espeon, F|item
|poke|p2|Forretress, M|item
|poke|p2|Volcarona, F|item
|poke|p2|Gyarados, F|item
|poke|p2|Tyranitar, M|item
|poke|p2|Breloom, M|item
|teampreview
|inactive|Battle timer is ON: inactive players will automatically lose when time's up. (requested by Toshayi)
|
|start
|switch|p1a: Heatran|Heatran, F|100/100
|switch|p2a: Forretress|Forretress, M|100/100
|-item|p1a: Heatran|Air Balloon
|turn|1
|
|move|p1a: Heatran|Fire Blast|p2a: Forretress
|-supereffective|p2a: Forretress
|-ability|p2a: Forretress|Sturdy
|-damage|p2a: Forretress|1/100
|-enditem|p2a: Forretress|Red Card|[of] p1a: Heatran
|drag|p1a: Gyarados|Gyarados, F|100/100
|-ability|p1a: Gyarados|Intimidate|boost
|-unboost|p2a: Forretress|atk|1
|move|p2a: Forretress|Stealth Rock|p1a: Gyarados
|-sidestart|p1: Vanteline|move: Stealth Rock
|
|upkeep
|turn|2
|
|move|p1a: Gyarados|Waterfall|p2a: Forretress
|-damage|p2a: Forretress|0 fnt
|faint|p2a: Forretress
|
|upkeep
|
|switch|p2a: Espeon|Espeon, F|100/100
|turn|3
|
|move|p2a: Espeon|Reflect|p2a: Espeon
|-sidestart|p2: Toshayi|Reflect
|move|p1a: Gyarados|Dragon Dance|p1a: Gyarados
|-boost|p1a: Gyarados|atk|1
|-boost|p1a: Gyarados|spe|1
|
|upkeep
|turn|4
|
|move|p1a: Gyarados|Waterfall|p2a: Espeon
|-damage|p2a: Espeon|47/100
|move|p2a: Espeon|Psychic|p1a: Gyarados
|-damage|p1a: Gyarados|63/100
|
|upkeep
|turn|5
|
|move|p1a: Gyarados|Waterfall|p2a: Espeon
|-damage|p2a: Espeon|0 fnt
|faint|p2a: Espeon
|
|upkeep
|
|switch|p2a: Gyarados|Gyarados, F|100/100
|turn|6
|
|move|p1a: Gyarados|Stone Edge|p2a: Gyarados
|-supereffective|p2a: Gyarados
|-damage|p2a: Gyarados|30/100
|move|p2a: Gyarados|Dragon Dance|p2a: Gyarados
|-boost|p2a: Gyarados|atk|1
|-boost|p2a: Gyarados|spe|1
|
|-heal|p2a: Gyarados|36/100|[from] item: Leftovers
|upkeep
|turn|7
|
|move|p2a: Gyarados|Bounce|p1a: Gyarados|[still]
|-prepare|p2a: Gyarados|Bounce|p1a: Gyarados
|move|p1a: Gyarados|Ice Fang|p2a: Gyarados|[miss]
|-miss|p1a: Gyarados|p2a: Gyarados
|
|-heal|p2a: Gyarados|42/100|[from] item: Leftovers
|upkeep
|turn|8
|
|move|p2a: Gyarados|Bounce|p1a: Gyarados|[from]lockedmove
|-damage|p1a: Gyarados|0 fnt
|-damage|p2a: Gyarados|26/100|[from] item: Rocky Helmet|[of] p1a: Gyarados
|faint|p1a: Gyarados
|-ability|p2a: Gyarados|Moxie|boost
|-boost|p2a: Gyarados|atk|1
|
|-heal|p2a: Gyarados|32/100|[from] item: Leftovers
|upkeep
|
|switch|p1a: Ferrothorn|Ferrothorn, F|100/100
|-damage|p1a: Ferrothorn|95/100|[from] Stealth Rock
|turn|9
|
|move|p2a: Gyarados|Waterfall|p1a: Ferrothorn
|-resisted|p1a: Ferrothorn
|-damage|p1a: Ferrothorn|66/100
|-damage|p2a: Gyarados|20/100|[from] ability: Iron Barbs|[of] p1a: Ferrothorn
|move|p1a: Ferrothorn|Stealth Rock|p2a: Gyarados
|-sidestart|p2: Toshayi|move: Stealth Rock
|
|-heal|p2a: Gyarados|26/100|[from] item: Leftovers
|-heal|p1a: Ferrothorn|72/100|[from] item: Leftovers
|upkeep
|turn|10
|
|move|p2a: Gyarados|Earthquake|p1a: Ferrothorn
|-damage|p1a: Ferrothorn|20/100
|move|p1a: Ferrothorn|Leech Seed|p2a: Gyarados
|-start|p2a: Gyarados|move: Leech Seed
|
|-heal|p2a: Gyarados|32/100|[from] item: Leftovers
|-heal|p1a: Ferrothorn|26/100|[from] item: Leftovers
|-damage|p2a: Gyarados|19/100|[from] Leech Seed|[of] p1a: Ferrothorn
|-heal|p1a: Ferrothorn|38/100|[silent]
|-sideend|p2: Toshayi|Reflect
|upkeep
|turn|11
|
|move|p2a: Gyarados|Bounce|p1a: Ferrothorn|[still]
|-prepare|p2a: Gyarados|Bounce|p1a: Ferrothorn
|move|p1a: Ferrothorn|Spikes|p2a: Gyarados
|-sidestart|p2: Toshayi|Spikes
|
|-heal|p2a: Gyarados|25/100|[from] item: Leftovers
|-heal|p1a: Ferrothorn|44/100|[from] item: Leftovers
|-damage|p2a: Gyarados|13/100|[from] Leech Seed|[of] p1a: Ferrothorn
|-heal|p1a: Ferrothorn|55/100|[silent]
|upkeep
|turn|12
|
|move|p2a: Gyarados|Bounce|p1a: Ferrothorn|[from]lockedmove
|-damage|p1a: Ferrothorn|0 fnt
|-damage|p2a: Gyarados|0 fnt|[from] ability: Iron Barbs|[of] p1a: Ferrothorn
|faint|p2a: Gyarados
|-formechange|p2a: Gyarados|Gyarados||[from] ability: Iron Barbs
|faint|p1a: Ferrothorn
|-formechange|p1a: Ferrothorn|Ferrothorn||[from] ability: Iron Barbs
|
|upkeep
|
|switch|p2a: Volcarona|Volcarona, F|100/100
|switch|p1a: Conkeldurr|Conkeldurr, M|100/100
|-damage|p2a: Volcarona|51/100|[from] Stealth Rock
|-damage|p2a: Volcarona|38/100|[from] Spikes
|-damage|p1a: Conkeldurr|94/100|[from] Stealth Rock
|turn|13
|
|move|p2a: Volcarona|Giga Drain|p1a: Conkeldurr
|-damage|p1a: Conkeldurr|67/100
|-heal|p2a: Volcarona|56/100|[from] drain|[of] p1a: Conkeldurr
|move|p1a: Conkeldurr|Thunder Punch|p2a: Volcarona
|-damage|p2a: Volcarona|0 fnt
|faint|p2a: Volcarona
|
|upkeep
|
|switch|p2a: Breloom|Breloom, M|100/100
|-damage|p2a: Breloom|88/100|[from] Spikes
|-damage|p2a: Breloom|82/100|[from] Stealth Rock
|turn|14
|
|move|p1a: Conkeldurr|Mach Punch|p2a: Breloom
|-damage|p2a: Breloom|32/100
|-damage|p1a: Conkeldurr|58/100|[from] item: Life Orb
|move|p2a: Breloom|Spore|p1a: Conkeldurr
|-status|p1a: Conkeldurr|slp
|
|upkeep
|turn|15
|
|switch|p1a: Thundurus|Thundurus-Therian, M|100/100
|-damage|p1a: Thundurus|76/100|[from] Stealth Rock
|move|p2a: Breloom|Bullet Seed|p1a: Thundurus
|-resisted|p1a: Thundurus
|-damage|p1a: Thundurus|55/100
|-resisted|p1a: Thundurus
|-damage|p1a: Thundurus|35/100
|-resisted|p1a: Thundurus
|-damage|p1a: Thundurus|15/100
|-hitcount|p1a: Thundurus|3
|-damage|p2a: Breloom|22/100|[from] item: Life Orb
|
|upkeep
|turn|16
|
|move|p2a: Breloom|Mach Punch|p1a: Thundurus
|-resisted|p1a: Thundurus
|-damage|p1a: Thundurus|0 fnt
|-damage|p2a: Breloom|12/100|[from] item: Life Orb
|faint|p1a: Thundurus
|
|upkeep
|
|switch|p1a: Latios|Latios, M|100/100
|-damage|p1a: Latios|88/100|[from] Stealth Rock
|turn|17
|
|move|p2a: Breloom|Mach Punch|p1a: Latios
|-resisted|p1a: Latios
|-damage|p1a: Latios|58/100
|-damage|p2a: Breloom|2/100|[from] item: Life Orb
|move|p1a: Latios|Surf|p2a: Breloom
|-resisted|p2a: Breloom
|-damage|p2a: Breloom|0 fnt
|faint|p2a: Breloom
|
|upkeep
|
|switch|p2a: Tyranitar|Tyranitar, M|100/100
|-damage|p2a: Tyranitar|88/100|[from] Stealth Rock
|-damage|p2a: Tyranitar|76/100|[from] Spikes
|-weather|Sandstorm|[from] ability: Sand Stream|[of] p2a: Tyranitar
|turn|18
|
|move|p1a: Latios|Surf|p2a: Tyranitar
|-supereffective|p2a: Tyranitar
|-damage|p2a: Tyranitar|14/100
|move|p2a: Tyranitar|Dragon Dance|p2a: Tyranitar
|-boost|p2a: Tyranitar|atk|1
|-boost|p2a: Tyranitar|spe|1
|
|-weather|Sandstorm|[upkeep]
|-damage|p1a: Latios|52/100|[from] Sandstorm
|upkeep
|turn|19
|
|move|p2a: Tyranitar|Crunch|p1a: Latios
|-supereffective|p1a: Latios
|-damage|p1a: Latios|0 fnt
|faint|p1a: Latios
|
|-weather|Sandstorm|[upkeep]
|upkeep
|
|switch|p1a: Heatran|Heatran, F|100/100
|-damage|p1a: Heatran|88/100|[from] Stealth Rock
|-item|p1a: Heatran|Air Balloon
|turn|20
|
|move|p2a: Tyranitar|Stone Edge|p1a: Heatran
|-damage|p1a: Heatran|7/100
|-enditem|p1a: Heatran|Air Balloon
|move|p1a: Heatran|Earth Power|p2a: Tyranitar
|-supereffective|p2a: Tyranitar
|-damage|p2a: Tyranitar|0 fnt
|faint|p2a: Tyranitar
|
|win|Vanteline
|raw|Vanteline's rating: 1318 &rarr; <strong>1346</strong><br />(+28 for winning)
|raw|Toshayi's rating: 1464 &rarr; <strong>1436</strong><br />(-28 for losing)
|l|☆Toshayi
|c|☆Vanteline|gg
