|j|☆Kapolat
|j|☆refsunpersons
|player|p1|Kapolat|2
|player|p2|refsunpersons|123
|teamsize|p1|6
|teamsize|p2|6
|gametype|singles
|gen|5
|tier|[Gen 5] OU
|rated|
|rule|Sleep Clause Mod: Limit one foe put to sleep
|rule|Species Clause: Limit one of each Pokémon
|rule|OHKO Clause: OHKO moves are banned
|rule|Moody Clause: Moody is banned
|rule|Evasion Moves Clause: Evasion moves are banned
|rule|Endless Battle Clause: Forcing endless battles is banned
|rule|HP Percentage Mod: HP is shown in percentages
|rule|Evasion Abilities Clause: Evasion abilities are banned
|rule|Baton Pass Clause: Limit one Baton Passer, can't pass Spe and other stats simultaneously
|rule|Swagger Clause: Swagger is banned
|clearpoke
|poke|p1|Tyranitar, F|item
|poke|p1|Landorus-Therian, M|item
|poke|p1|Alomomola, M|item
|poke|p1|Magnezone|item
|poke|p1|Amoonguss, F|item
|poke|p1|Reuniclus, M|item
|poke|p2|Donphan, F|item
|poke|p2|Jirachi|item
|poke|p2|Latios, M|item
|poke|p2|Porygon2|item
|poke|p2|Ninetales, F|item
|poke|p2|Volcarona, F|item
|teampreview
|c|☆refsunpersons|gl hf
|inactive|Battle timer is ON: inactive players will automatically lose when time's up. (requested by Kapolat)
|
|start
|switch|p1a: insomniac|Landorus-Therian, M|100/100
|switch|p2a: Donphan|Donphan, F|100/100
|-ability|p1a: insomniac|Intimidate|boost
|-unboost|p2a: Donphan|atk|1
|turn|1
|
|move|p1a: insomniac|Hidden Power|p2a: Donphan
|-supereffective|p2a: Donphan
|-damage|p2a: Donphan|55/100
|move|p2a: Donphan|Stealth Rock|p1a: insomniac
|-sidestart|p1: Kapolat|move: Stealth Rock
|
|-heal|p2a: Donphan|61/100|[from] item: Leftovers
|upkeep
|turn|2
|
|switch|p2a: Porygon2|Porygon2|100/100
|-ability|p2a: Porygon2|Intimidate|[from] ability: Trace|[of] p1a: insomniac
|-ability|p2a: Porygon2|Intimidate|boost
|-unboost|p1a: insomniac|atk|1
|move|p1a: insomniac|Stealth Rock|p2a: Porygon2
|-sidestart|p2: refsunpersons|move: Stealth Rock
|
|upkeep
|turn|3
|
|move|p1a: insomniac|U-turn|p2a: Porygon2
|-damage|p2a: Porygon2|90/100
|
|switch|p1a: figaro|Magnezone, shiny|100/100
|-damage|p1a: figaro|94/100|[from] Stealth Rock
|move|p2a: Porygon2|Ice Beam|p1a: figaro
|-resisted|p1a: figaro
|-damage|p1a: figaro|80/100
|
|upkeep
|turn|4
|
|move|p1a: figaro|Flash Cannon|p2a: Porygon2
|-damage|p2a: Porygon2|59/100
|move|p2a: Porygon2|Hidden Power|p1a: figaro
|-supereffective|p1a: figaro
|-damage|p1a: figaro|0 fnt
|faint|p1a: figaro
|
|upkeep
|
|switch|p1a: know you|Amoonguss, F|100/100
|-damage|p1a: know you|88/100|[from] Stealth Rock
|turn|5
|
|switch|p2a: Ninetales|Ninetales, F, shiny|100/100
|-damage|p2a: Ninetales|76/100|[from] Stealth Rock
|-weather|SunnyDay|[from] ability: Drought|[of] p2a: Ninetales
|-item|p2a: Ninetales|Air Balloon
|move|p1a: know you|Spore|p2a: Ninetales
|-status|p2a: Ninetales|slp
|
|-weather|SunnyDay|[upkeep]
|-heal|p1a: know you|94/100|[from] item: Black Sludge
|upkeep
|turn|6
|
|switch|p2a: Porygon2|Porygon2|59/100
|-damage|p2a: Porygon2|47/100|[from] Stealth Rock
|-ability|p2a: Porygon2|Regenerator|[from] ability: Trace|[of] p1a: know you
|switch|p1a: mind of an|Tyranitar, F|100/100
|-damage|p1a: mind of an|88/100|[from] Stealth Rock
|-weather|Sandstorm|[from] ability: Sand Stream|[of] p1a: mind of an
|
|-weather|Sandstorm|[upkeep]
|-damage|p2a: Porygon2|41/100|[from] Sandstorm
|upkeep
|turn|7
|
|move|p1a: mind of an|Superpower|p2a: Porygon2
|-supereffective|p2a: Porygon2
|-crit|p2a: Porygon2
|-damage|p2a: Porygon2|0 fnt
|-unboost|p1a: mind of an|atk|1
|-unboost|p1a: mind of an|def|1
|faint|p2a: Porygon2
|
|-weather|Sandstorm|[upkeep]
|upkeep
|
|switch|p2a: Donphan|Donphan, F|61/100
|-damage|p2a: Donphan|55/100|[from] Stealth Rock
|turn|8
|
|switch|p1a: insomniac|Landorus-Therian, M|100/100
|-damage|p1a: insomniac|88/100|[from] Stealth Rock
|-ability|p1a: insomniac|Intimidate|boost
|-unboost|p2a: Donphan|atk|1
|move|p2a: Donphan|Rapid Spin|p1a: insomniac
|-damage|p1a: insomniac|85/100
|-damage|p2a: Donphan|38/100|[from] item: Rocky Helmet|[of] p1a: insomniac
|-sideend|p2: refsunpersons|Stealth Rock|[from] move: Rapid Spin|[of] p2a: Donphan
|
|-weather|Sandstorm|[upkeep]
|-heal|p2a: Donphan|44/100|[from] item: Leftovers
|upkeep
|turn|9
|
|switch|p2a: Latios|Latios, M|100/100
|move|p1a: insomniac|Stealth Rock|p2a: Latios
|-sidestart|p2: refsunpersons|move: Stealth Rock
|
|-weather|Sandstorm|[upkeep]
|-damage|p2a: Latios|95/100|[from] Sandstorm
|upkeep
|turn|10
|
|switch|p1a: know you|Amoonguss, F|100/100
|-damage|p1a: know you|88/100|[from] Stealth Rock
|move|p2a: Latios|Earthquake|p1a: know you
|-damage|p1a: know you|61/100
|-damage|p2a: Latios|85/100|[from] item: Life Orb
|
|-weather|Sandstorm|[upkeep]
|-damage|p2a: Latios|79/100|[from] Sandstorm
|-damage|p1a: know you|55/100|[from] Sandstorm
|-heal|p1a: know you|61/100|[from] item: Black Sludge
|upkeep
|turn|11
|
|switch|p2a: Donphan|Donphan, F|44/100
|-damage|p2a: Donphan|38/100|[from] Stealth Rock
|switch|p1a: mind of an|Tyranitar, F|88/100
|-damage|p1a: mind of an|76/100|[from] Stealth Rock
|
|-weather|Sandstorm|[upkeep]
|-heal|p2a: Donphan|44/100|[from] item: Leftovers
|upkeep
|turn|12
|
|move|p2a: Donphan|Ice Shard|p1a: mind of an
|-damage|p1a: mind of an|66/100
|move|p1a: mind of an|Ice Beam|p2a: Donphan
|-supereffective|p2a: Donphan
|-damage|p2a: Donphan|0 fnt
|faint|p2a: Donphan
|
|-weather|Sandstorm|[upkeep]
|upkeep
|
|switch|p2a: Jirachi|Jirachi|100/100
|-damage|p2a: Jirachi|94/100|[from] Stealth Rock
|turn|13
|
|switch|p1a: woodruff|Alomomola, M, shiny|100/100
|-damage|p1a: woodruff|88/100|[from] Stealth Rock
|move|p2a: Jirachi|Calm Mind|p2a: Jirachi
|-boost|p2a: Jirachi|spa|1
|-boost|p2a: Jirachi|spd|1
|
|-weather|Sandstorm|[upkeep]
|-damage|p1a: woodruff|82/100|[from] Sandstorm
|-heal|p1a: woodruff|88/100|[from] item: Leftovers
|upkeep
|turn|14
|
|move|p2a: Jirachi|Calm Mind|p2a: Jirachi
|-boost|p2a: Jirachi|spa|1
|-boost|p2a: Jirachi|spd|1
|move|p1a: woodruff|Scald|p2a: Jirachi
|-damage|p2a: Jirachi|88/100
|
|-weather|Sandstorm|[upkeep]
|-damage|p1a: woodruff|82/100|[from] Sandstorm
|-heal|p1a: woodruff|88/100|[from] item: Leftovers
|upkeep
|turn|15
|
|move|p2a: Jirachi|Calm Mind|p2a: Jirachi
|-boost|p2a: Jirachi|spa|1
|-boost|p2a: Jirachi|spd|1
|move|p1a: woodruff|Scald|p2a: Jirachi
|-damage|p2a: Jirachi|83/100
|-status|p2a: Jirachi|brn
|
|-weather|Sandstorm|[upkeep]
|-damage|p1a: woodruff|82/100|[from] Sandstorm
|-heal|p1a: woodruff|88/100|[from] item: Leftovers
|-damage|p2a: Jirachi|71/100 brn|[from] brn
|upkeep
|turn|16
|
|move|p1a: woodruff|Protect|p1a: woodruff
|-singleturn|p1a: woodruff|Protect
|move|p2a: Jirachi|Thunder|p1a: woodruff
|-activate|p1a: woodruff|move: Protect
|
|-weather|Sandstorm|[upkeep]
|-damage|p1a: woodruff|82/100|[from] Sandstorm
|-heal|p1a: woodruff|88/100|[from] item: Leftovers
|-damage|p2a: Jirachi|59/100 brn|[from] brn
|upkeep
|turn|17
|
|switch|p1a: know you|Amoonguss, F|94/100
|-damage|p1a: know you|82/100|[from] Stealth Rock
|move|p2a: Jirachi|Flash Cannon|p1a: know you
|-damage|p1a: know you|15/100
|-unboost|p1a: know you|spd|1
|
|-weather|Sandstorm|[upkeep]
|-damage|p1a: know you|9/100|[from] Sandstorm
|-heal|p1a: know you|15/100|[from] item: Black Sludge
|-damage|p2a: Jirachi|46/100 brn|[from] brn
|upkeep
|turn|18
|
|switch|p1a: woodruff|Alomomola, M, shiny|100/100
|-damage|p1a: woodruff|88/100|[from] Stealth Rock
|move|p2a: Jirachi|Flash Cannon|p1a: woodruff
|-resisted|p1a: woodruff
|-damage|p1a: woodruff|49/100
|
|-weather|Sandstorm|[upkeep]
|-damage|p1a: woodruff|43/100|[from] Sandstorm
|-heal|p1a: woodruff|49/100|[from] item: Leftovers
|-damage|p2a: Jirachi|34/100 brn|[from] brn
|upkeep
|turn|19
|
|move|p1a: woodruff|Protect|p1a: woodruff
|-singleturn|p1a: woodruff|Protect
|move|p2a: Jirachi|Thunder|p1a: woodruff
|-activate|p1a: woodruff|move: Protect
|
|-weather|Sandstorm|[upkeep]
|-damage|p1a: woodruff|43/100|[from] Sandstorm
|-heal|p1a: woodruff|49/100|[from] item: Leftovers
|-damage|p2a: Jirachi|22/100 brn|[from] brn
|upkeep
|turn|20
|
|switch|p1a: know you|Amoonguss, F|49/100
|-damage|p1a: know you|36/100|[from] Stealth Rock
|move|p2a: Jirachi|Flash Cannon|p1a: know you
|-damage|p1a: know you|0 fnt
|faint|p1a: know you
|
|-weather|Sandstorm|[upkeep]
|-damage|p2a: Jirachi|9/100 brn|[from] brn
|upkeep
|
|switch|p1a: mind of an|Tyranitar, F|66/100
|-damage|p1a: mind of an|53/100|[from] Stealth Rock
|turn|21
|
|move|p1a: mind of an|Crunch|p2a: Jirachi
|-damage|p2a: Jirachi|0 fnt
|faint|p2a: Jirachi
|
|-weather|Sandstorm|[upkeep]
|upkeep
|
|switch|p2a: Ninetales|Ninetales, F, shiny|76/100 slp
|-damage|p2a: Ninetales|51/100 slp|[from] Stealth Rock
|-weather|SunnyDay|[from] ability: Drought|[of] p2a: Ninetales
|-item|p2a: Ninetales|Air Balloon
|turn|22
|
|move|p1a: mind of an|Crunch|p2a: Ninetales
|-damage|p2a: Ninetales|0 fnt
|-enditem|p2a: Ninetales|Air Balloon
|faint|p2a: Ninetales
|
|-weather|SunnyDay|[upkeep]
|upkeep
|
|switch|p2a: Volcarona|Volcarona, F|100/100
|-damage|p2a: Volcarona|51/100|[from] Stealth Rock
|turn|23
|
|move|p1a: mind of an|Crunch|p2a: Volcarona
|-damage|p2a: Volcarona|3/100
|-status|p1a: mind of an|brn|[from] ability: Flame Body|[of] p2a: Volcarona
|move|p2a: Volcarona|Quiver Dance|p2a: Volcarona
|-boost|p2a: Volcarona|spa|1
|-boost|p2a: Volcarona|spd|1
|-boost|p2a: Volcarona|spe|1
|
|-weather|SunnyDay|[upkeep]
|-damage|p1a: mind of an|41/100 brn|[from] brn
|upkeep
|turn|24
|
|switch|p1a: insomniac|Landorus-Therian, M|85/100
|-damage|p1a: insomniac|73/100|[from] Stealth Rock
|-ability|p1a: insomniac|Intimidate|boost
|-unboost|p2a: Volcarona|atk|1
|move|p2a: Volcarona|Rest|p2a: Volcarona
|-status|p2a: Volcarona|slp
|-heal|p2a: Volcarona|100/100 slp|[silent]
|-status|p2a: Volcarona|slp|[from] move: Rest
|-enditem|p2a: Volcarona|Chesto Berry|[eat]
|-curestatus|p2a: Volcarona|slp|[msg]
|
|-weather|SunnyDay|[upkeep]
|upkeep
|turn|25
|
|switch|p1a: mind of an|Tyranitar, F|41/100 brn
|-damage|p1a: mind of an|29/100 brn|[from] Stealth Rock
|-weather|Sandstorm|[from] ability: Sand Stream|[of] p1a: mind of an
|move|p2a: Volcarona|Flamethrower|p1a: mind of an
|-resisted|p1a: mind of an
|-damage|p1a: mind of an|2/100 brn
|
|-weather|Sandstorm|[upkeep]
|-damage|p2a: Volcarona|94/100|[from] Sandstorm
|-damage|p1a: mind of an|0 fnt|[from] brn
|upkeep
|faint|p1a: mind of an
|
|switch|p1a: woodruff|Alomomola, M, shiny|83/100
|-damage|p1a: woodruff|70/100|[from] Stealth Rock
|turn|26
|
|move|p2a: Volcarona|Quiver Dance|p2a: Volcarona
|-boost|p2a: Volcarona|spa|1
|-boost|p2a: Volcarona|spd|1
|-boost|p2a: Volcarona|spe|1
|move|p1a: woodruff|Toxic|p2a: Volcarona|[miss]
|-miss|p1a: woodruff|p2a: Volcarona
|
|-weather|Sandstorm|[upkeep]
|-damage|p2a: Volcarona|88/100|[from] Sandstorm
|-damage|p1a: woodruff|64/100|[from] Sandstorm
|-heal|p1a: woodruff|70/100|[from] item: Leftovers
|upkeep
|turn|27
|-message|Kapolat forfeited.
|
|win|refsunpersons
|l|☆Kapolat
|c|☆refsunpersons|sry
|raw|Kapolat's rating: 1489 &rarr; <strong>1461</strong><br />(-28 for losing)
|raw|refsunpersons's rating: 1346 &rarr; <strong>1374</strong><br />(+28 for winning)
