|join|kid emulation
|join|queefs
|player|p1|kid emulation|20
|player|p2|queefs|276
|gametype|singles
|gen|5
|tier|[Gen 5] OU
|rated
|rule|Evasion Abilities Clause: Evasion abilities are banned
|clearpoke
|poke|p1|Sharpedo, M
|poke|p1|Skarmory, M
|poke|p1|Heatran, F
|poke|p1|Latios, M
|poke|p1|Gengar, F
|poke|p1|Keldeo
|poke|p2|Dragonite, F, shiny
|poke|p2|Mamoswine, M
|poke|p2|Starmie, shiny
|poke|p2|Scizor, M
|poke|p2|Gengar, M, shiny
|poke|p2|Skarmory, M, shiny
|rule|Sleep Clause Mod: Limit one foe put to sleep
|rule|Species Clause: Limit one of each Pokemon
|rule|OHKO Clause: OHKO moves are banned
|rule|Moody Clause: Moody is banned
|rule|Evasion Moves Clause: Evasion moves are banned
|rule|Endless Battle Clause: Forcing endless battles is banned.
|rule|HP Percentage Mod: HP is reported as percentages
|teampreview
|
|start
|switch|p1a: Skarmory|Skarmory, M|272/272
|switch|p2a: Starmie|Starmie, shiny|262/262
|turn|1
|
|move|p2a: Starmie|Scald|p1a: Skarmory
|-damage|p1a: Skarmory|58/272
|-damage|p2a: Starmie|236/262|[from] item: Life Orb
|move|p1a: Skarmory|Stealth Rock|p2a: Starmie
|-sidestart|p2: queefs|move: Stealth Rock
|
|turn|2
|-enditem|p1a: Skarmory|Custap Berry|[eat]
|-activate|p1a: Skarmory|Custap Berry
|
|move|p1a: Skarmory|Brave Bird|p2a: Starmie
|-damage|p2a: Starmie|49/262
|-damage|p1a: Skarmory|0 fnt|[from] recoil|[of] p2a: Starmie
|faint|p1a: Skarmory
|move|p2a: Starmie|Rapid Spin|p1: Skarmory|[notarget]
|-notarget
|
|
|switch|p1a: Sharpedo|Sharpedo, M|281/281
|turn|3
|
|move|p1a: Sharpedo|Protect|p1a: Sharpedo
|-singleturn|p1a: Sharpedo|Protect
|move|p2a: Starmie|Rapid Spin|p1a: Sharpedo
|-activate|p1a: Sharpedo|Protect
|
|-boost|p1a: Sharpedo|spe|1|[from] ability: Speed Boost
|turn|4
|
|switch|p2a: Gengar|Gengar, M, shiny|262/262
|-damage|p2a: Gengar|230/262|[from] Stealth Rock
|move|p1a: Sharpedo|Waterfall|p2a: Gengar
|-damage|p2a: Gengar|0 fnt
|-damage|p1a: Sharpedo|253/281|[from] item: Life Orb
|faint|p2a: Gengar
|
|-boost|p1a: Sharpedo|spe|1|[from] ability: Speed Boost
|
|switch|p2a: Dragonite|Dragonite, F, shiny|324/324
|-damage|p2a: Dragonite|243/324|[from] Stealth Rock
|turn|5
|
|move|p1a: Sharpedo|Crunch|p2a: Dragonite
|-damage|p2a: Dragonite|48/324
|-damage|p1a: Sharpedo|225/281|[from] item: Life Orb
|move|p2a: Dragonite|Dragon Claw|p1a: Sharpedo
|-damage|p1a: Sharpedo|0 fnt
|faint|p1a: Sharpedo
|
|
|switch|p1a: Heatran|Heatran, F|323/323
|turn|6
|
|move|p1a: Heatran|Flamethrower|p2a: Dragonite
|-resisted|p2a: Dragonite
|-damage|p2a: Dragonite|0 fnt
|faint|p2a: Dragonite
|
|
|switch|p2a: Skarmory|Skarmory, M, shiny|327/327
|-damage|p2a: Skarmory|287/327|[from] Stealth Rock
|turn|7
|
|move|p1a: Heatran|Flamethrower|p2a: Skarmory
|-supereffective|p2a: Skarmory
|-damage|p2a: Skarmory|0 fnt
|faint|p2a: Skarmory
|
|
|switch|p2a: Starmie|Starmie, shiny|49/262
|-damage|p2a: Starmie|17/262|[from] Stealth Rock
|turn|8
|
|move|p1a: Heatran|Flamethrower|p2a: Starmie
|-resisted|p2a: Starmie
|-damage|p2a: Starmie|0 fnt
|faint|p2a: Starmie
|
|chat|queefs|faggot
|-message|queefs forfeited.
|
|win|kid emulation
|raw|Ladder updating...
|leave|queefs
|player|p2
|raw|kid emulation's rating: 1419 &rarr; <strong>1437</strong><br />(+18 for winning)
|raw|queefs's rating: 1380 &rarr; <strong>1363</strong><br />(-17 for losing)