|j|☆Alexia B.
|j|☆Pythagorean Python
|player|p1|Alexia B.|hilda|1545
|player|p2|Pythagorean Python|159|1330
|teamsize|p1|6
|teamsize|p2|6
|gametype|singles
|gen|5
|tier|[Gen 5] OU
|rated|
|clearpoke
|poke|p1|Tyranitar, F|item
|poke|p1|Ferrothorn, F|item
|poke|p1|Landorus-Therian, M|item
|poke|p1|Latios, M|item
|poke|p1|Jellicent, M|item
|poke|p1|Celebi|item
|poke|p2|Salamence, F|item
|poke|p2|Garchomp, F|item
|poke|p2|Meloetta|item
|poke|p2|Raikou|item
|poke|p2|Mienshao, M|item
|poke|p2|Jirachi|item
|rule|Species Clause: Limit one of each Pokémon
|rule|OHKO Clause: OHKO moves are banned
|rule|Moody Clause: Moody is banned
|rule|Evasion Moves Clause: Evasion moves are banned
|rule|Endless Battle Clause: Forcing endless battles is banned
|rule|HP Percentage Mod: HP is shown in percentages
|rule|Evasion Abilities Clause: Evasion abilities are banned
|rule|Baton Pass Clause: Limit one Baton Passer, can't pass Spe and other stats simultaneously
|rule|Sleep Clause: Sleep-inducing moves are banned
|rule|Swagger Clause: Swagger is banned
|teampreview
|inactive|Battle timer is ON: inactive players will automatically lose when time's up. (requested by Pythagorean Python)
|
|start
|switch|p1a: Blind Guardian|Landorus-Therian, M|100/100
|switch|p2a: Mienshao|Mienshao, M|100/100
|-ability|p1a: Blind Guardian|Intimidate|boost
|-unboost|p2a: Mienshao|atk|1
|turn|1
|
|move|p2a: Mienshao|Hidden Power|p1a: Blind Guardian
|-supereffective|p1a: Blind Guardian
|-damage|p1a: Blind Guardian|35/100
|move|p1a: Blind Guardian|Stealth Rock|p2a: Mienshao
|-sidestart|p2: Pythagorean Python|move: Stealth Rock
|
|-heal|p1a: Blind Guardian|41/100|[from] item: Leftovers
|upkeep
|turn|2
|
|switch|p1a: CANNES FESTIVAL|Jellicent, M|100/100
|move|p2a: Mienshao|U-turn|p1a: CANNES FESTIVAL
|-resisted|p1a: CANNES FESTIVAL
|-damage|p1a: CANNES FESTIVAL|94/100
|
|switch|p2a: Raikou|Raikou|100/100|[from]move: U-turn
|-damage|p2a: Raikou|88/100|[from] Stealth Rock
|-ability|p2a: Raikou|Pressure
|
|-heal|p1a: CANNES FESTIVAL|99/100|[from] item: Leftovers
|upkeep
|turn|3
|
|switch|p1a: Floor Jansen|Ferrothorn, F, shiny|100/100
|move|p2a: Raikou|Thunderbolt|p1a: Floor Jansen
|-resisted|p1a: Floor Jansen
|-damage|p1a: Floor Jansen|84/100
|
|upkeep
|turn|4
|
|move|p2a: Raikou|Volt Switch|p1a: Floor Jansen
|-resisted|p1a: Floor Jansen
|-damage|p1a: Floor Jansen|71/100
|
|switch|p2a: Jirachi|Jirachi|100/100|[from]move: Volt Switch
|-damage|p2a: Jirachi|94/100|[from] Stealth Rock
|move|p1a: Floor Jansen|Spikes|p2a: Jirachi
|-sidestart|p2: Pythagorean Python|Spikes
|
|-heal|p2a: Jirachi|100/100|[from] item: Leftovers
|upkeep
|turn|5
|
|move|p2a: Jirachi|Fire Punch|p1a: Floor Jansen
|-supereffective|p1a: Floor Jansen
|-damage|p1a: Floor Jansen|14/100
|-damage|p2a: Jirachi|88/100|[from] ability: Iron Barbs|[of] p1a: Floor Jansen
|move|p1a: Floor Jansen|Leech Seed|p2a: Jirachi
|-start|p2a: Jirachi|move: Leech Seed
|
|-heal|p2a: Jirachi|94/100|[from] item: Leftovers
|-damage|p2a: Jirachi|82/100|[from] Leech Seed|[of] p1a: Floor Jansen
|-heal|p1a: Floor Jansen|26/100|[silent]
|upkeep
|turn|6
|
|move|p1a: Floor Jansen|Protect|p1a: Floor Jansen
|-singleturn|p1a: Floor Jansen|Protect
|move|p2a: Jirachi|Stealth Rock|p1a: Floor Jansen
|-sidestart|p1: Alexia B.|move: Stealth Rock
|
|-heal|p2a: Jirachi|88/100|[from] item: Leftovers
|-damage|p2a: Jirachi|76/100|[from] Leech Seed|[of] p1a: Floor Jansen
|-heal|p1a: Floor Jansen|38/100|[silent]
|upkeep
|turn|7
|
|switch|p1a: Blind Guardian|Landorus-Therian, M|41/100
|-damage|p1a: Blind Guardian|29/100|[from] Stealth Rock
|-ability|p1a: Blind Guardian|Intimidate|boost
|-unboost|p2a: Jirachi|atk|1
|move|p2a: Jirachi|Fire Punch|p1a: Blind Guardian
|-damage|p1a: Blind Guardian|19/100
|
|-heal|p2a: Jirachi|82/100|[from] item: Leftovers
|-heal|p1a: Blind Guardian|25/100|[from] item: Leftovers
|-damage|p2a: Jirachi|70/100|[from] Leech Seed|[of] p1a: Blind Guardian
|-heal|p1a: Blind Guardian|37/100|[silent]
|upkeep
|turn|8
|
|switch|p2a: Salamence|Salamence, F|100/100
|-damage|p2a: Salamence|76/100|[from] Stealth Rock
|-ability|p2a: Salamence|Intimidate|boost
|-unboost|p1a: Blind Guardian|atk|1
|move|p1a: Blind Guardian|Earthquake|p2a: Salamence
|-immune|p2a: Salamence
|
|-heal|p1a: Blind Guardian|43/100|[from] item: Leftovers
|upkeep
|turn|9
|
|move|p2a: Salamence|Fire Blast|p1a: Blind Guardian
|-damage|p1a: Blind Guardian|3/100
|move|p1a: Blind Guardian|Hidden Power|p2a: Salamence
|-supereffective|p2a: Salamence
|-damage|p2a: Salamence|0 fnt
|faint|p2a: Salamence
|
|-heal|p1a: Blind Guardian|9/100|[from] item: Leftovers
|upkeep
|
|switch|p2a: Jirachi|Jirachi|70/100
|-damage|p2a: Jirachi|64/100|[from] Stealth Rock
|-damage|p2a: Jirachi|51/100|[from] Spikes
|turn|10
|
|move|p2a: Jirachi|Iron Head|p1a: Blind Guardian
|-damage|p1a: Blind Guardian|0 fnt
|faint|p1a: Blind Guardian
|
|-heal|p2a: Jirachi|57/100|[from] item: Leftovers
|upkeep
|
|switch|p1a: CANNES FESTIVAL|Jellicent, M|99/100
|-damage|p1a: CANNES FESTIVAL|88/100|[from] Stealth Rock
|turn|11
|
|move|p2a: Jirachi|Thunder Punch|p1a: CANNES FESTIVAL
|-supereffective|p1a: CANNES FESTIVAL
|-damage|p1a: CANNES FESTIVAL|57/100
|move|p1a: CANNES FESTIVAL|Will-O-Wisp|p2a: Jirachi
|-status|p2a: Jirachi|brn
|
|-heal|p2a: Jirachi|64/100 brn|[from] item: Leftovers
|-heal|p1a: CANNES FESTIVAL|63/100|[from] item: Leftovers
|-damage|p2a: Jirachi|51/100 brn|[from] brn
|upkeep
|turn|12
|
|switch|p2a: Raikou|Raikou|88/100
|-damage|p2a: Raikou|76/100|[from] Stealth Rock
|-damage|p2a: Raikou|63/100|[from] Spikes
|-ability|p2a: Raikou|Pressure
|move|p1a: CANNES FESTIVAL|Recover|p1a: CANNES FESTIVAL
|-heal|p1a: CANNES FESTIVAL|100/100
|
|upkeep
|turn|13
|
|switch|p1a: Floor Jansen|Ferrothorn, F, shiny|38/100
|-damage|p1a: Floor Jansen|32/100|[from] Stealth Rock
|move|p2a: Raikou|Thunderbolt|p1a: Floor Jansen
|-resisted|p1a: Floor Jansen
|-damage|p1a: Floor Jansen|15/100
|
|upkeep
|turn|14
|
|move|p2a: Raikou|Thunderbolt|p1a: Floor Jansen
|-resisted|p1a: Floor Jansen
|-damage|p1a: Floor Jansen|0 fnt
|faint|p1a: Floor Jansen
|
|upkeep
|
|switch|p1a: Time Travel|Celebi|100/100
|-damage|p1a: Time Travel|88/100|[from] Stealth Rock
|turn|15
|
|move|p2a: Raikou|Signal Beam|p1a: Time Travel
|-supereffective|p1a: Time Travel
|-damage|p1a: Time Travel|22/100
|move|p1a: Time Travel|Giga Drain|p2a: Raikou
|-damage|p2a: Raikou|36/100
|-heal|p1a: Time Travel|32/100|[from] drain|[of] p2a: Raikou
|
|-heal|p1a: Time Travel|39/100|[from] item: Leftovers
|upkeep
|turn|16
|
|move|p2a: Raikou|Signal Beam|p1a: Time Travel
|-supereffective|p1a: Time Travel
|-damage|p1a: Time Travel|0 fnt
|faint|p1a: Time Travel
|
|upkeep
|
|switch|p1a: GoGo Zila|Tyranitar, F|100/100
|-damage|p1a: GoGo Zila|88/100|[from] Stealth Rock
|-weather|Sandstorm|[from] ability: Sand Stream|[of] p1a: GoGo Zila
|turn|17
|
|move|p1a: GoGo Zila|Crunch|p2a: Raikou
|-damage|p2a: Raikou|0 fnt
|faint|p2a: Raikou
|
|-weather|Sandstorm|[upkeep]
|upkeep
|j| FNH
|inactive|Pythagorean Python has 120 seconds left.
|
|switch|p2a: Garchomp|Garchomp, F|100/100
|-damage|p2a: Garchomp|94/100|[from] Stealth Rock
|-damage|p2a: Garchomp|82/100|[from] Spikes
|turn|18
|inactive|Pythagorean Python has 120 seconds left.
|
|move|p2a: Garchomp|Outrage|p1a: GoGo Zila
|-damage|p1a: GoGo Zila|29/100
|move|p1a: GoGo Zila|Crunch|p2a: Garchomp
|-damage|p2a: Garchomp|40/100
|-damage|p1a: GoGo Zila|17/100|[from] ability: Rough Skin|[of] p2a: Garchomp
|
|-weather|Sandstorm|[upkeep]
|upkeep
|turn|19
|
|move|p2a: Garchomp|Outrage|p1a: GoGo Zila|[from]lockedmove
|-damage|p1a: GoGo Zila|0 fnt
|faint|p1a: GoGo Zila
|
|-weather|Sandstorm|[upkeep]
|upkeep
|
|switch|p1a: Mägo de Oz|Latios, M, shiny|100/100
|-damage|p1a: Mägo de Oz|88/100|[from] Stealth Rock
|turn|20
|
|move|p1a: Mägo de Oz|Dragon Pulse|p2a: Garchomp
|-supereffective|p2a: Garchomp
|-damage|p2a: Garchomp|0 fnt
|faint|p2a: Garchomp
|
|-weather|Sandstorm|[upkeep]
|-damage|p1a: Mägo de Oz|82/100|[from] Sandstorm
|upkeep
|
|switch|p2a: Jirachi|Jirachi|51/100 brn
|-damage|p2a: Jirachi|45/100 brn|[from] Stealth Rock
|-damage|p2a: Jirachi|33/100 brn|[from] Spikes
|turn|21
|
|switch|p1a: CANNES FESTIVAL|Jellicent, M|100/100
|-damage|p1a: CANNES FESTIVAL|88/100|[from] Stealth Rock
|move|p2a: Jirachi|Thunder Punch|p1a: CANNES FESTIVAL
|-supereffective|p1a: CANNES FESTIVAL
|-damage|p1a: CANNES FESTIVAL|70/100
|-status|p1a: CANNES FESTIVAL|par
|
|-weather|Sandstorm|[upkeep]
|-damage|p1a: CANNES FESTIVAL|64/100 par|[from] Sandstorm
|-heal|p2a: Jirachi|39/100 brn|[from] item: Leftovers
|-heal|p1a: CANNES FESTIVAL|70/100 par|[from] item: Leftovers
|-damage|p2a: Jirachi|27/100 brn|[from] brn
|upkeep
|turn|22
|
|move|p2a: Jirachi|Iron Head|p1a: CANNES FESTIVAL
|-resisted|p1a: CANNES FESTIVAL
|-damage|p1a: CANNES FESTIVAL|63/100 par
|cant|p1a: CANNES FESTIVAL|flinch
|
|-weather|Sandstorm|[upkeep]
|-damage|p1a: CANNES FESTIVAL|57/100 par|[from] Sandstorm
|-heal|p2a: Jirachi|33/100 brn|[from] item: Leftovers
|-heal|p1a: CANNES FESTIVAL|63/100 par|[from] item: Leftovers
|-damage|p2a: Jirachi|20/100 brn|[from] brn
|upkeep
|turn|23
|
|move|p2a: Jirachi|Thunder Punch|p1a: CANNES FESTIVAL
|-supereffective|p1a: CANNES FESTIVAL
|-damage|p1a: CANNES FESTIVAL|46/100 par
|cant|p1a: CANNES FESTIVAL|par
|
|-weather|Sandstorm|[upkeep]
|-damage|p1a: CANNES FESTIVAL|39/100 par|[from] Sandstorm
|-heal|p2a: Jirachi|27/100 brn|[from] item: Leftovers
|-heal|p1a: CANNES FESTIVAL|46/100 par|[from] item: Leftovers
|-damage|p2a: Jirachi|14/100 brn|[from] brn
|upkeep
|turn|24
|
|move|p2a: Jirachi|Iron Head|p1a: CANNES FESTIVAL
|-resisted|p1a: CANNES FESTIVAL
|-damage|p1a: CANNES FESTIVAL|39/100 par
|cant|p1a: CANNES FESTIVAL|par
|
|-weather|Sandstorm|[upkeep]
|-damage|p1a: CANNES FESTIVAL|33/100 par|[from] Sandstorm
|-heal|p2a: Jirachi|20/100 brn|[from] item: Leftovers
|-heal|p1a: CANNES FESTIVAL|39/100 par|[from] item: Leftovers
|-damage|p2a: Jirachi|8/100 brn|[from] brn
|upkeep
|turn|25
|
|move|p2a: Jirachi|Iron Head|p1a: CANNES FESTIVAL
|-resisted|p1a: CANNES FESTIVAL
|-damage|p1a: CANNES FESTIVAL|32/100 par
|move|p1a: CANNES FESTIVAL|Recover|p1a: CANNES FESTIVAL
|-heal|p1a: CANNES FESTIVAL|82/100 par
|
|-weather|Sandstorm|[upkeep]
|-damage|p1a: CANNES FESTIVAL|76/100 par|[from] Sandstorm
|-heal|p2a: Jirachi|14/100 brn|[from] item: Leftovers
|-heal|p1a: CANNES FESTIVAL|82/100 par|[from] item: Leftovers
|-damage|p2a: Jirachi|2/100 brn|[from] brn
|upkeep
|turn|26
|
|move|p2a: Jirachi|Iron Head|p1a: CANNES FESTIVAL
|-resisted|p1a: CANNES FESTIVAL
|-damage|p1a: CANNES FESTIVAL|75/100 par
|cant|p1a: CANNES FESTIVAL|flinch
|
|-weather|Sandstorm|[upkeep]
|-damage|p1a: CANNES FESTIVAL|69/100 par|[from] Sandstorm
|-heal|p2a: Jirachi|8/100 brn|[from] item: Leftovers
|-heal|p1a: CANNES FESTIVAL|75/100 par|[from] item: Leftovers
|-damage|p2a: Jirachi|0 fnt|[from] brn
|faint|p2a: Jirachi
|upkeep
|
|switch|p2a: Meloetta|Meloetta|100/100
|-damage|p2a: Meloetta|88/100|[from] Stealth Rock
|-damage|p2a: Meloetta|76/100|[from] Spikes
|turn|27
|
|move|p2a: Meloetta|Calm Mind|p2a: Meloetta
|-boost|p2a: Meloetta|spa|1
|-boost|p2a: Meloetta|spd|1
|move|p1a: CANNES FESTIVAL|Scald|p2a: Meloetta
|-damage|p2a: Meloetta|65/100
|
|-weather|Sandstorm|[upkeep]
|-damage|p2a: Meloetta|59/100|[from] Sandstorm
|-damage|p1a: CANNES FESTIVAL|69/100 par|[from] Sandstorm
|-heal|p2a: Meloetta|65/100|[from] item: Leftovers
|-heal|p1a: CANNES FESTIVAL|75/100 par|[from] item: Leftovers
|upkeep
|turn|28
|
|move|p2a: Meloetta|Shadow Ball|p1a: CANNES FESTIVAL
|-supereffective|p1a: CANNES FESTIVAL
|-damage|p1a: CANNES FESTIVAL|4/100 par
|-unboost|p1a: CANNES FESTIVAL|spd|1
|move|p1a: CANNES FESTIVAL|Will-O-Wisp|p2a: Meloetta
|-status|p2a: Meloetta|brn
|
|-weather|Sandstorm|[upkeep]
|-damage|p2a: Meloetta|59/100 brn|[from] Sandstorm
|-damage|p1a: CANNES FESTIVAL|0 fnt|[from] Sandstorm
|faint|p1a: CANNES FESTIVAL
|-heal|p2a: Meloetta|65/100 brn|[from] item: Leftovers
|-damage|p2a: Meloetta|53/100 brn|[from] brn
|upkeep
|c|☆Pythagorean Python|gg
|
|switch|p1a: Mägo de Oz|Latios, M, shiny|82/100
|-damage|p1a: Mägo de Oz|70/100|[from] Stealth Rock
|turn|29
|
|move|p1a: Mägo de Oz|Draco Meteor|p2a: Meloetta
|-damage|p2a: Meloetta|18/100 brn
|-unboost|p1a: Mägo de Oz|spa|2
|move|p2a: Meloetta|Shadow Ball|p1a: Mägo de Oz
|-supereffective|p1a: Mägo de Oz
|-damage|p1a: Mägo de Oz|0 fnt
|faint|p1a: Mägo de Oz
|
|win|Pythagorean Python
|l|☆Alexia B.
|raw|Alexia B.'s rating: 1558 &rarr; <strong>1526</strong><br />(-32 for losing)
|raw|Pythagorean Python's rating: 1341 &rarr; <strong>1372</strong><br />(+31 for winning)
