|j|☆Jellium
|j|☆Laone.L.ous
|t:|1714965028
|gametype|singles
|player|p1|Jellium|scientist-gen4|1309
|player|p2|Laone.L.ous|1|1343
|teamsize|p1|6
|teamsize|p2|6
|gen|5
|tier|[Gen 5] OU
|rated|
|rule|Species Clause: Limit one of each Pokémon
|rule|OHKO Clause: OHKO moves are banned
|rule|Moody Clause: Moody is banned
|rule|Evasion Items Clause: Evasion items are banned
|rule|Evasion Moves Clause: Evasion moves are banned
|rule|Endless Battle Clause: Forcing endless battles is banned
|rule|HP Percentage Mod: HP is shown in percentages
|rule|Evasion Abilities Clause: Evasion abilities are banned
|rule|Sleep Moves Clause: Sleep-inducing moves are banned
|rule|Swagger Clause: Swagger is banned
|rule|Baton Pass Stat Clause: No Baton Passer may have a way to boost its stats
|clearpoke
|poke|p1|Rotom-Wash|item
|poke|p1|Landorus-Therian, M|item
|poke|p1|Jirachi|item
|poke|p1|Tyranitar, F|item
|poke|p1|Latios, M|item
|poke|p1|Garchomp, M|item
|poke|p2|Keldeo-Resolute|item
|poke|p2|Politoed, F|item
|poke|p2|Scizor, F|item
|poke|p2|Thundurus-Therian, M|item
|poke|p2|Ferrothorn, F|item
|poke|p2|Tentacruel, F|item
|teampreview
|inactive|Battle timer is ON: inactive players will automatically lose when time's up. (requested by Laone.L.ous)
|
|t:|1714965056
|start
|switch|p1a: MCDONALD'S SPRITE|Jirachi|100/100
|switch|p2a: Ferrothorn|Ferrothorn, F, shiny|100/100
|turn|1
|
|t:|1714965061
|move|p1a: MCDONALD'S SPRITE|Fire Punch|p2a: Ferrothorn
|-supereffective|p2a: Ferrothorn
|-damage|p2a: Ferrothorn|32/100
|-damage|p1a: MCDONALD'S SPRITE|88/100|[from] ability: Iron Barbs|[of] p2a: Ferrothorn
|move|p2a: Ferrothorn|Stealth Rock|p1a: MCDONALD'S SPRITE
|-sidestart|p1: Jellium|move: Stealth Rock
|
|-heal|p2a: Ferrothorn|39/100|[from] item: Leftovers
|upkeep
|turn|2
|j| NinjaBlero
|
|t:|1714965069
|switch|p2a: Politoed|Politoed, F, shiny|100/100
|-weather|RainDance|[from] ability: Drizzle|[of] p2a: Politoed
|move|p1a: MCDONALD'S SPRITE|Fire Punch|p2a: Politoed
|-resisted|p2a: Politoed
|-damage|p2a: Politoed|93/100
|
|-weather|RainDance|[upkeep]
|upkeep
|turn|3
|
|t:|1714965074
|move|p1a: MCDONALD'S SPRITE|Thunder|p2a: Politoed
|-supereffective|p2a: Politoed
|-damage|p2a: Politoed|28/100
|-status|p2a: Politoed|par
|move|p2a: Politoed|Hydro Pump|p1a: MCDONALD'S SPRITE
|-damage|p1a: MCDONALD'S SPRITE|0 fnt
|faint|p1a: MCDONALD'S SPRITE
|
|-weather|RainDance|[upkeep]
|upkeep
|
|t:|1714965084
|switch|p1a: TTARIANA GRANDE|Tyranitar, F|100/100
|-damage|p1a: TTARIANA GRANDE|88/100|[from] Stealth Rock
|-weather|Sandstorm|[from] ability: Sand Stream|[of] p1a: TTARIANA GRANDE
|turn|4
|l| NinjaBlero
|
|t:|1714965094
|-activate|p2a: Politoed|move: Pursuit
|move|p1a: TTARIANA GRANDE|Pursuit|p2a: Politoed|[from]Pursuit
|-damage|p2a: Politoed|0 fnt
|faint|p2a: Politoed
|-hint|A Pokemon can't switch between when it runs out of HP and when it faints
|
|-weather|Sandstorm|[upkeep]
|upkeep
|
|t:|1714965097
|switch|p2a: Ferrothorn|Ferrothorn, F, shiny|39/100
|turn|5
|
|t:|1714965100
|move|p1a: TTARIANA GRANDE|Fire Blast|p2a: Ferrothorn
|-supereffective|p2a: Ferrothorn
|-damage|p2a: Ferrothorn|0 fnt
|faint|p2a: Ferrothorn
|
|-weather|Sandstorm|[upkeep]
|upkeep
|
|t:|1714965103
|switch|p2a: Scizor|Scizor, F, shiny|100/100
|turn|6
|
|t:|1714965109
|switch|p1a: INBRED IGUANA|Landorus-Therian, M|100/100
|-damage|p1a: INBRED IGUANA|88/100|[from] Stealth Rock
|-ability|p1a: INBRED IGUANA|Intimidate|boost
|-unboost|p2a: Scizor|atk|1
|move|p2a: Scizor|Superpower|p1a: INBRED IGUANA
|-resisted|p1a: INBRED IGUANA
|-damage|p1a: INBRED IGUANA|67/100
|-unboost|p2a: Scizor|atk|1
|-unboost|p2a: Scizor|def|1
|
|-weather|Sandstorm|[upkeep]
|upkeep
|turn|7
|
|t:|1714965114
|switch|p2a: Tentacruel|Tentacruel, F, shiny|100/100
|move|p1a: INBRED IGUANA|U-turn|p2a: Tentacruel
|-resisted|p2a: Tentacruel
|-damage|p2a: Tentacruel|89/100
|
|t:|1714965125
|switch|p1a: EL CHOMPO|Garchomp, M|100/100|[from] U-turn
|-damage|p1a: EL CHOMPO|94/100|[from] Stealth Rock
|
|-weather|Sandstorm|[upkeep]
|-damage|p2a: Tentacruel|83/100|[from] Sandstorm
|-heal|p2a: Tentacruel|89/100|[from] item: Black Sludge
|upkeep
|turn|8
|
|t:|1714965129
|move|p1a: EL CHOMPO|Stealth Rock|p2a: Tentacruel
|-sidestart|p2: Laone.L.ous|move: Stealth Rock
|move|p2a: Tentacruel|Scald|p1a: EL CHOMPO
|-damage|p1a: EL CHOMPO|68/100
|
|-weather|Sandstorm|[upkeep]
|-damage|p2a: Tentacruel|83/100|[from] Sandstorm
|-heal|p2a: Tentacruel|89/100|[from] item: Black Sludge
|upkeep
|turn|9
|
|t:|1714965135
|switch|p2a: Thundurus|Thundurus-Therian, M, shiny|100/100
|-damage|p2a: Thundurus|76/100|[from] Stealth Rock
|move|p1a: EL CHOMPO|Earthquake|p2a: Thundurus
|-immune|p2a: Thundurus
|
|-weather|Sandstorm|[upkeep]
|-damage|p2a: Thundurus|70/100|[from] Sandstorm
|upkeep
|turn|10
|
|t:|1714965144
|switch|p1a: TTARIANA GRANDE|Tyranitar, F|88/100
|-damage|p1a: TTARIANA GRANDE|76/100|[from] Stealth Rock
|move|p2a: Thundurus|Hidden Power|p1a: TTARIANA GRANDE
|-damage|p1a: TTARIANA GRANDE|63/100
|
|-weather|Sandstorm|[upkeep]
|-damage|p2a: Thundurus|64/100|[from] Sandstorm
|upkeep
|turn|11
|j| CeeFour
|
|t:|1714965148
|-activate|p2a: Thundurus|move: Pursuit
|move|p1a: TTARIANA GRANDE|Pursuit|p2a: Thundurus|[from]Pursuit
|-crit|p2a: Thundurus
|-damage|p2a: Thundurus|0 fnt
|faint|p2a: Thundurus
|-hint|A Pokemon can't switch between when it runs out of HP and when it faints
|
|-weather|Sandstorm|[upkeep]
|upkeep
|
|t:|1714965151
|switch|p2a: Scizor|Scizor, F, shiny|100/100
|-damage|p2a: Scizor|88/100|[from] Stealth Rock
|turn|12
|
|t:|1714965158
|switch|p1a: TURBO RUMP|Rotom-Wash|100/100
|-damage|p1a: TURBO RUMP|88/100|[from] Stealth Rock
|move|p2a: Scizor|U-turn|p1a: TURBO RUMP
|-damage|p1a: TURBO RUMP|23/100
|
|t:|1714965168
|switch|p2a: Keldeo|Keldeo-Resolute|100/100|[from] U-turn
|-damage|p2a: Keldeo|94/100|[from] Stealth Rock
|
|-weather|Sandstorm|[upkeep]
|-damage|p2a: Keldeo|88/100|[from] Sandstorm
|-damage|p1a: TURBO RUMP|17/100|[from] Sandstorm
|-heal|p1a: TURBO RUMP|23/100|[from] item: Leftovers
|upkeep
|turn|13
|
|t:|1714965172
|move|p2a: Keldeo|Secret Sword|p1a: TURBO RUMP
|-damage|p1a: TURBO RUMP|0 fnt
|faint|p1a: TURBO RUMP
|
|-weather|Sandstorm|[upkeep]
|-damage|p2a: Keldeo|82/100|[from] Sandstorm
|upkeep
|c| CeeFour|oh its the scald dude LMFAO
|
|t:|1714965193
|switch|p1a: DOPPELSOLDNER|Latios, M|100/100
|-damage|p1a: DOPPELSOLDNER|88/100|[from] Stealth Rock
|turn|14
|
|t:|1714965200
|switch|p2a: Tentacruel|Tentacruel, F, shiny|89/100
|-damage|p2a: Tentacruel|77/100|[from] Stealth Rock
|move|p1a: DOPPELSOLDNER|Surf|p2a: Tentacruel
|-resisted|p2a: Tentacruel
|-damage|p2a: Tentacruel|60/100
|
|-weather|Sandstorm|[upkeep]
|-damage|p1a: DOPPELSOLDNER|82/100|[from] Sandstorm
|-damage|p2a: Tentacruel|54/100|[from] Sandstorm
|-heal|p2a: Tentacruel|60/100|[from] item: Black Sludge
|upkeep
|turn|15
|
|t:|1714965214
|switch|p1a: TTARIANA GRANDE|Tyranitar, F|63/100
|-damage|p1a: TTARIANA GRANDE|50/100|[from] Stealth Rock
|move|p2a: Tentacruel|Scald|p1a: TTARIANA GRANDE
|-supereffective|p1a: TTARIANA GRANDE
|-damage|p1a: TTARIANA GRANDE|29/100
|-status|p1a: TTARIANA GRANDE|brn
|
|-weather|Sandstorm|[upkeep]
|-damage|p2a: Tentacruel|54/100|[from] Sandstorm
|-heal|p2a: Tentacruel|60/100|[from] item: Black Sludge
|-damage|p1a: TTARIANA GRANDE|17/100 brn|[from] brn
|upkeep
|turn|16
|
|t:|1714965225
|move|p2a: Tentacruel|Scald|p1a: TTARIANA GRANDE
|-supereffective|p1a: TTARIANA GRANDE
|-damage|p1a: TTARIANA GRANDE|0 fnt
|faint|p1a: TTARIANA GRANDE
|
|-weather|Sandstorm|[upkeep]
|-damage|p2a: Tentacruel|54/100|[from] Sandstorm
|-heal|p2a: Tentacruel|60/100|[from] item: Black Sludge
|upkeep
|
|t:|1714965234
|switch|p1a: EL CHOMPO|Garchomp, M|68/100
|-damage|p1a: EL CHOMPO|62/100|[from] Stealth Rock
|turn|17
|
|t:|1714965239
|move|p1a: EL CHOMPO|Earthquake|p2a: Tentacruel
|-supereffective|p2a: Tentacruel
|-damage|p2a: Tentacruel|0 fnt
|faint|p2a: Tentacruel
|-damage|p1a: EL CHOMPO|52/100|[from] item: Life Orb
|
|-weather|Sandstorm|[upkeep]
|upkeep
|
|t:|1714965243
|switch|p2a: Scizor|Scizor, F, shiny|88/100
|-damage|p2a: Scizor|76/100|[from] Stealth Rock
|turn|18
|
|t:|1714965247
|move|p2a: Scizor|Bullet Punch|p1a: EL CHOMPO
|-damage|p1a: EL CHOMPO|0 fnt
|-damage|p2a: Scizor|63/100|[from] ability: Rough Skin|[of] p1a: EL CHOMPO
|faint|p1a: EL CHOMPO
|
|-weather|Sandstorm|[upkeep]
|upkeep
|
|t:|1714965255
|switch|p1a: INBRED IGUANA|Landorus-Therian, M|67/100
|-damage|p1a: INBRED IGUANA|55/100|[from] Stealth Rock
|-ability|p1a: INBRED IGUANA|Intimidate|boost
|-unboost|p2a: Scizor|atk|1
|turn|19
|
|t:|1714965261
|switch|p2a: Keldeo|Keldeo-Resolute|82/100
|-damage|p2a: Keldeo|76/100|[from] Stealth Rock
|move|p1a: INBRED IGUANA|Earthquake|p2a: Keldeo
|-damage|p2a: Keldeo|16/100
|
|-weather|Sandstorm|[upkeep]
|-damage|p2a: Keldeo|10/100|[from] Sandstorm
|upkeep
|turn|20
|
|t:|1714965285
|switch|p1a: DOPPELSOLDNER|Latios, M|82/100
|-damage|p1a: DOPPELSOLDNER|70/100|[from] Stealth Rock
|move|p2a: Keldeo|Hydro Pump|p1a: DOPPELSOLDNER
|-resisted|p1a: DOPPELSOLDNER
|-damage|p1a: DOPPELSOLDNER|19/100
|
|-weather|Sandstorm|[upkeep]
|-damage|p1a: DOPPELSOLDNER|13/100|[from] Sandstorm
|-damage|p2a: Keldeo|4/100|[from] Sandstorm
|upkeep
|turn|21
|
|t:|1714965295
|move|p1a: DOPPELSOLDNER|Surf|p2a: Keldeo
|-resisted|p2a: Keldeo
|-damage|p2a: Keldeo|0 fnt
|faint|p2a: Keldeo
|
|-weather|Sandstorm|[upkeep]
|-damage|p1a: DOPPELSOLDNER|7/100|[from] Sandstorm
|upkeep
|
|t:|1714965297
|switch|p2a: Scizor|Scizor, F, shiny|63/100
|-damage|p2a: Scizor|51/100|[from] Stealth Rock
|turn|22
|
|t:|1714965299
|move|p2a: Scizor|Bullet Punch|p1a: DOPPELSOLDNER
|-damage|p1a: DOPPELSOLDNER|0 fnt
|faint|p1a: DOPPELSOLDNER
|
|-weather|Sandstorm|[upkeep]
|upkeep
|
|t:|1714965301
|switch|p1a: INBRED IGUANA|Landorus-Therian, M|55/100
|-damage|p1a: INBRED IGUANA|43/100|[from] Stealth Rock
|-ability|p1a: INBRED IGUANA|Intimidate|boost
|-unboost|p2a: Scizor|atk|1
|turn|23
|
|t:|1714965306
|move|p2a: Scizor|Bullet Punch|p1a: INBRED IGUANA
|-damage|p1a: INBRED IGUANA|8/100
|move|p1a: INBRED IGUANA|Earthquake|p2a: Scizor
|-damage|p2a: Scizor|0 fnt
|faint|p2a: Scizor
|
|win|Jellium
|raw|Jellium's rating: 1309 &rarr; <strong>1331</strong><br />(+22 for winning)
|raw|Laone.L.ous's rating: 1343 &rarr; <strong>1321</strong><br />(-22 for losing)
|c|☆Jellium|gg
