|j|☆Xyzzy 1
|j|☆SpacemanSpiff7
|t:|1730131487
|gametype|singles
|player|p1|Xyzzy 1|swimmer|1486
|player|p2|SpacemanSpiff7|ethan|1443
|teamsize|p1|6
|teamsize|p2|6
|gen|5
|tier|[Gen 5] OU
|rated|
|rule|Species Clause: Limit one of each Pokémon
|rule|OHKO Clause: OHKO moves are banned
|rule|Moody Clause: Moody is banned
|rule|Evasion Items Clause: Evasion items are banned
|rule|Evasion Moves Clause: Evasion moves are banned
|rule|Endless Battle Clause: Forcing endless battles is banned
|rule|HP Percentage Mod: HP is shown in percentages
|rule|Evasion Abilities Clause: Evasion abilities are banned
|rule|Sleep Moves Clause: Sleep-inducing moves are banned
|rule|Swagger Clause: Swagger is banned
|rule|Baton Pass Stat Clause: No Baton Passer may have a way to boost its stats
|clearpoke
|poke|p1|Tyranitar, M|item
|poke|p1|Excadrill, M|item
|poke|p1|Ferrothorn, M|item
|poke|p1|Jellicent, F|item
|poke|p1|Latios, M|item
|poke|p1|Gliscor, F|item
|poke|p2|Garchomp, M|item
|poke|p2|Scizor, F|item
|poke|p2|Tyranitar, F|item
|poke|p2|Excadrill, F|item
|poke|p2|Reuniclus, F|item
|poke|p2|Rotom-Wash|item
|teampreview
|inactive|Battle timer is ON: inactive players will automatically lose when time's up. (requested by Xyzzy 1)
|inactive|SpacemanSpiff7 has 120 seconds left.
|
|t:|1730131527
|start
|switch|p1a: Gliscor|Gliscor, F|100/100
|switch|p2a: Garchomp|Garchomp, M|100/100
|turn|1
|
|t:|1730131533
|move|p2a: Garchomp|Stealth Rock|p1a: Gliscor
|-sidestart|p1: Xyzzy 1|move: Stealth Rock
|move|p1a: Gliscor|Stealth Rock|p2a: Garchomp
|-sidestart|p2: SpacemanSpiff7|move: Stealth Rock
|
|-status|p1a: Gliscor|tox|[from] item: Toxic Orb
|upkeep
|turn|2
|
|t:|1730131538
|move|p2a: Garchomp|Swords Dance|p2a: Garchomp
|-boost|p2a: Garchomp|atk|2
|move|p1a: Gliscor|Earthquake|p2a: Garchomp
|-crit|p2a: Garchomp
|-damage|p2a: Garchomp|34/100
|
|upkeep
|turn|3
|
|t:|1730131550
|switch|p1a: Ferrothorn|Ferrothorn, M|100/100
|-damage|p1a: Ferrothorn|94/100|[from] Stealth Rock
|move|p2a: Garchomp|Outrage|p1a: Ferrothorn
|-resisted|p1a: Ferrothorn
|-damage|p1a: Ferrothorn|47/100
|-damage|p2a: Garchomp|22/100|[from] ability: Iron Barbs|[of] p1a: Ferrothorn
|
|-heal|p1a: Ferrothorn|54/100|[from] item: Leftovers
|upkeep
|turn|4
|
|t:|1730131561
|move|p2a: Garchomp|Outrage|p1a: Ferrothorn|[from]lockedmove
|-resisted|p1a: Ferrothorn
|-damage|p1a: Ferrothorn|11/100
|-damage|p2a: Garchomp|9/100|[from] ability: Iron Barbs|[of] p1a: Ferrothorn
|move|p1a: Ferrothorn|Spikes|p2a: Garchomp
|-sidestart|p2: SpacemanSpiff7|Spikes
|
|-heal|p1a: Ferrothorn|17/100|[from] item: Leftovers
|upkeep
|turn|5
|j| night suwu
|
|t:|1730131576
|move|p2a: Garchomp|Outrage|p1a: Ferrothorn|[from]lockedmove
|-resisted|p1a: Ferrothorn
|-damage|p1a: Ferrothorn|0 fnt
|-damage|p2a: Garchomp|0 fnt|[from] ability: Iron Barbs|[of] p1a: Ferrothorn
|faint|p2a: Garchomp
|faint|p1a: Ferrothorn
|
|upkeep
|
|t:|1730131590
|switch|p2a: Excadrill|Excadrill, F|100/100
|switch|p1a: Gliscor|Gliscor, F|100/100 tox
|-damage|p2a: Excadrill|97/100|[from] Stealth Rock
|-damage|p2a: Excadrill|85/100|[from] Spikes
|-ability|p2a: Excadrill|Mold Breaker
|-damage|p1a: Gliscor|88/100 tox|[from] Stealth Rock
|turn|6
|
|t:|1730131615
|switch|p2a: Rotom|Rotom-Wash|100/100
|-damage|p2a: Rotom|88/100|[from] Stealth Rock
|move|p1a: Gliscor|Protect||[still]
|-fail|p1a: Gliscor
|
|-heal|p2a: Rotom|94/100|[from] item: Leftovers
|-heal|p1a: Gliscor|100/100 tox|[from] ability: Poison Heal
|upkeep
|turn|7
|
|t:|1730131627
|move|p1a: Gliscor|U-turn|p2a: Rotom
|-damage|p2a: Rotom|83/100
|
|t:|1730131630
|switch|p1a: Jellicent|Jellicent, F|100/100|[from] U-turn
|-damage|p1a: Jellicent|88/100|[from] Stealth Rock
|move|p2a: Rotom|Hydro Pump|p1a: Jellicent
|-heal|p1a: Jellicent|100/100|[from] ability: Water Absorb|[of] p2a: Rotom
|
|-heal|p2a: Rotom|89/100|[from] item: Leftovers
|upkeep
|turn|8
|j| Tm Medya 777
|l| Tm Medya 777
|
|t:|1730131651
|switch|p1a: Gliscor|Gliscor, F|100/100 tox
|-damage|p1a: Gliscor|88/100 tox|[from] Stealth Rock
|move|p2a: Rotom|Volt Switch|p1a: Gliscor
|-immune|p1a: Gliscor
|
|-heal|p2a: Rotom|95/100|[from] item: Leftovers
|-heal|p1a: Gliscor|100/100 tox|[from] ability: Poison Heal
|upkeep
|turn|9
|
|t:|1730131660
|move|p1a: Gliscor|U-turn|p2a: Rotom
|-damage|p2a: Rotom|83/100
|
|t:|1730131663
|switch|p1a: Latios|Latios, M|100/100|[from] U-turn
|-damage|p1a: Latios|88/100|[from] Stealth Rock
|move|p2a: Rotom|Hydro Pump|p1a: Latios
|-resisted|p1a: Latios
|-damage|p1a: Latios|65/100
|
|-heal|p2a: Rotom|89/100|[from] item: Leftovers
|upkeep
|turn|10
|
|t:|1730131672
|move|p1a: Latios|Draco Meteor|p2a: Rotom
|-crit|p2a: Rotom
|-damage|p2a: Rotom|0 fnt
|-unboost|p1a: Latios|spa|2
|faint|p2a: Rotom
|
|upkeep
|
|t:|1730131678
|switch|p2a: Excadrill|Excadrill, F|85/100
|-damage|p2a: Excadrill|82/100|[from] Stealth Rock
|-damage|p2a: Excadrill|69/100|[from] Spikes
|-ability|p2a: Excadrill|Mold Breaker
|turn|11
|
|t:|1730131689
|switch|p1a: Jellicent|Jellicent, F|100/100
|-damage|p1a: Jellicent|88/100|[from] Stealth Rock
|move|p2a: Excadrill|Iron Head|p1a: Jellicent
|-resisted|p1a: Jellicent
|-damage|p1a: Jellicent|64/100
|
|-heal|p2a: Excadrill|76/100|[from] item: Leftovers
|-heal|p1a: Jellicent|70/100|[from] item: Leftovers
|upkeep
|turn|12
|
|t:|1730131699
|move|p2a: Excadrill|Earthquake|p1a: Jellicent
|-damage|p1a: Jellicent|14/100
|move|p1a: Jellicent|Will-O-Wisp|p2a: Excadrill|[miss]
|-miss|p1a: Jellicent|p2a: Excadrill
|
|-heal|p2a: Excadrill|82/100|[from] item: Leftovers
|-heal|p1a: Jellicent|20/100|[from] item: Leftovers
|upkeep
|turn|13
|
|t:|1730131715
|move|p2a: Excadrill|Iron Head|p1a: Jellicent
|-resisted|p1a: Jellicent
|-damage|p1a: Jellicent|0 fnt
|faint|p1a: Jellicent
|
|-heal|p2a: Excadrill|88/100|[from] item: Leftovers
|upkeep
|
|t:|1730131721
|switch|p1a: Latios|Latios, M|65/100
|-damage|p1a: Latios|53/100|[from] Stealth Rock
|turn|14
|
|t:|1730131724
|move|p2a: Excadrill|Protect|p2a: Excadrill
|-singleturn|p2a: Excadrill|Protect
|move|p1a: Latios|Surf|p2a: Excadrill
|-activate|p2a: Excadrill|move: Protect
|
|-heal|p2a: Excadrill|94/100|[from] item: Leftovers
|upkeep
|turn|15
|
|t:|1730131742
|switch|p2a: Reuniclus|Reuniclus, F|100/100
|move|p1a: Latios|Surf|p2a: Reuniclus
|-damage|p2a: Reuniclus|68/100
|
|-heal|p2a: Reuniclus|74/100|[from] item: Leftovers
|upkeep
|turn|16
|
|t:|1730131750
|switch|p1a: Tyranitar|Tyranitar, M|100/100
|-damage|p1a: Tyranitar|88/100|[from] Stealth Rock
|-weather|Sandstorm|[from] ability: Sand Stream|[of] p1a: Tyranitar
|move|p2a: Reuniclus|Focus Blast|p1a: Tyranitar
|-supereffective|p1a: Tyranitar
|-enditem|p1a: Tyranitar|Chople Berry|[eat]
|-enditem|p1a: Tyranitar|Chople Berry|[weaken]
|-damage|p1a: Tyranitar|54/100
|
|-weather|Sandstorm|[upkeep]
|-heal|p2a: Reuniclus|80/100|[from] item: Leftovers
|upkeep
|turn|17
|
|t:|1730131761
|move|p1a: Tyranitar|Pursuit|p2a: Reuniclus
|-supereffective|p2a: Reuniclus
|-damage|p2a: Reuniclus|51/100
|move|p2a: Reuniclus|Focus Blast|p1a: Tyranitar
|-supereffective|p1a: Tyranitar
|-damage|p1a: Tyranitar|0 fnt
|faint|p1a: Tyranitar
|
|-weather|Sandstorm|[upkeep]
|-heal|p2a: Reuniclus|58/100|[from] item: Leftovers
|upkeep
|
|t:|1730131764
|switch|p1a: Excadrill|Excadrill, M|100/100
|-damage|p1a: Excadrill|97/100|[from] Stealth Rock
|turn|18
|
|t:|1730131773
|move|p1a: Excadrill|Earthquake|p2a: Reuniclus
|-damage|p2a: Reuniclus|1/100
|move|p2a: Reuniclus|Focus Blast|p1a: Excadrill
|-supereffective|p1a: Excadrill
|-damage|p1a: Excadrill|6/100
|
|-weather|Sandstorm|[upkeep]
|-heal|p1a: Excadrill|12/100|[from] item: Leftovers
|-heal|p2a: Reuniclus|8/100|[from] item: Leftovers
|upkeep
|turn|19
|l| night suwu
|inactive|Xyzzy 1 has 120 seconds left.
|
|t:|1730131808
|move|p1a: Excadrill|Earthquake|p2a: Reuniclus
|-damage|p2a: Reuniclus|0 fnt
|faint|p2a: Reuniclus
|
|-weather|Sandstorm|[upkeep]
|-heal|p1a: Excadrill|18/100|[from] item: Leftovers
|upkeep
|
|t:|1730131815
|switch|p2a: Scizor|Scizor, F|100/100
|-damage|p2a: Scizor|88/100|[from] Stealth Rock
|-damage|p2a: Scizor|76/100|[from] Spikes
|turn|20
|
|t:|1730131820
|move|p1a: Excadrill|Protect|p1a: Excadrill
|-singleturn|p1a: Excadrill|Protect
|move|p2a: Scizor|Bullet Punch|p1a: Excadrill
|-activate|p1a: Excadrill|move: Protect
|
|-weather|Sandstorm|[upkeep]
|-heal|p1a: Excadrill|24/100|[from] item: Leftovers
|upkeep
|turn|21
|
|t:|1730131826
|switch|p1a: Gliscor|Gliscor, F|100/100 tox
|-damage|p1a: Gliscor|88/100 tox|[from] Stealth Rock
|move|p2a: Scizor|Bullet Punch|p1a: Gliscor
|-damage|p1a: Gliscor|53/100 tox
|
|-weather|Sandstorm|[upkeep]
|-heal|p1a: Gliscor|66/100 tox|[from] ability: Poison Heal
|upkeep
|turn|22
|
|t:|1730131836
|move|p2a: Scizor|Bullet Punch|p1a: Gliscor
|-damage|p1a: Gliscor|35/100 tox
|move|p1a: Gliscor|Earthquake|p2a: Scizor
|-damage|p2a: Scizor|40/100
|
|-weather|Sandstorm|[upkeep]
|-heal|p1a: Gliscor|47/100 tox|[from] ability: Poison Heal
|upkeep
|turn|23
|j| SKT T1 Motherfaker
|
|t:|1730131844
|move|p1a: Gliscor|Protect|p1a: Gliscor
|-singleturn|p1a: Gliscor|Protect
|move|p2a: Scizor|Bullet Punch|p1a: Gliscor
|-activate|p1a: Gliscor|move: Protect
|
|-weather|Sandstorm|[upkeep]
|-heal|p1a: Gliscor|60/100 tox|[from] ability: Poison Heal
|upkeep
|turn|24
|
|t:|1730131851
|move|p2a: Scizor|Bullet Punch|p1a: Gliscor
|-damage|p1a: Gliscor|26/100 tox
|move|p1a: Gliscor|Earthquake|p2a: Scizor
|-damage|p2a: Scizor|8/100
|
|-weather|Sandstorm|[upkeep]
|-heal|p1a: Gliscor|39/100 tox|[from] ability: Poison Heal
|upkeep
|turn|25
|
|t:|1730131859
|move|p1a: Gliscor|Protect|p1a: Gliscor
|-singleturn|p1a: Gliscor|Protect
|move|p2a: Scizor|Bullet Punch|p1a: Gliscor
|-activate|p1a: Gliscor|move: Protect
|
|-weather|Sandstorm|[upkeep]
|-heal|p1a: Gliscor|51/100 tox|[from] ability: Poison Heal
|upkeep
|turn|26
|
|t:|1730131867
|move|p2a: Scizor|Bullet Punch|p1a: Gliscor
|-damage|p1a: Gliscor|18/100 tox
|move|p1a: Gliscor|Earthquake|p2a: Scizor
|-damage|p2a: Scizor|0 fnt
|faint|p2a: Scizor
|
|-weather|Sandstorm|[upkeep]
|-heal|p1a: Gliscor|30/100 tox|[from] ability: Poison Heal
|upkeep
|j| AngryPidgeon
|inactive|SpacemanSpiff7 has 120 seconds left.
|
|t:|1730131898
|switch|p2a: Tyranitar|Tyranitar, F|100/100
|-damage|p2a: Tyranitar|88/100|[from] Stealth Rock
|-damage|p2a: Tyranitar|76/100|[from] Spikes
|turn|27
|
|t:|1730131915
|move|p1a: Gliscor|Protect|p1a: Gliscor
|-singleturn|p1a: Gliscor|Protect
|move|p2a: Tyranitar|Ice Beam|p1a: Gliscor
|-activate|p1a: Gliscor|move: Protect
|
|-weather|Sandstorm|[upkeep]
|-heal|p1a: Gliscor|43/100 tox|[from] ability: Poison Heal
|upkeep
|turn|28
|inactive|Xyzzy 1 has 120 seconds left.
|
|t:|1730131965
|move|p1a: Gliscor|U-turn|p2a: Tyranitar
|-supereffective|p2a: Tyranitar
|-damage|p2a: Tyranitar|53/100
|
|t:|1730131974
|switch|p1a: Excadrill|Excadrill, M|24/100|[from] U-turn
|-damage|p1a: Excadrill|21/100|[from] Stealth Rock
|move|p2a: Tyranitar|Ice Beam|p1a: Excadrill
|-damage|p1a: Excadrill|0 fnt
|faint|p1a: Excadrill
|
|-weather|Sandstorm|[upkeep]
|upkeep
|
|t:|1730131980
|switch|p1a: Gliscor|Gliscor, F|43/100 tox
|-damage|p1a: Gliscor|30/100 tox|[from] Stealth Rock
|turn|29
|
|t:|1730131985
|move|p1a: Gliscor|Protect|p1a: Gliscor
|-singleturn|p1a: Gliscor|Protect
|move|p2a: Tyranitar|Ice Beam|p1a: Gliscor
|-activate|p1a: Gliscor|move: Protect
|
|-weather|Sandstorm|[upkeep]
|-heal|p1a: Gliscor|43/100 tox|[from] ability: Poison Heal
|upkeep
|turn|30
|
|t:|1730131992
|move|p1a: Gliscor|Earthquake|p2a: Tyranitar
|-supereffective|p2a: Tyranitar
|-enditem|p2a: Tyranitar|Shuca Berry|[eat]
|-enditem|p2a: Tyranitar|Shuca Berry|[weaken]
|-damage|p2a: Tyranitar|24/100
|move|p2a: Tyranitar|Ice Beam|p1a: Gliscor
|-supereffective|p1a: Gliscor
|-damage|p1a: Gliscor|0 fnt
|faint|p1a: Gliscor
|
|-weather|Sandstorm|[upkeep]
|upkeep
|
|t:|1730131997
|switch|p1a: Latios|Latios, M|53/100
|-damage|p1a: Latios|41/100|[from] Stealth Rock
|turn|31
|
|t:|1730132003
|move|p1a: Latios|Surf|p2a: Tyranitar
|-supereffective|p2a: Tyranitar
|-damage|p2a: Tyranitar|0 fnt
|faint|p2a: Tyranitar
|
|-weather|Sandstorm|[upkeep]
|-damage|p1a: Latios|35/100|[from] Sandstorm
|upkeep
|
|t:|1730132009
|switch|p2a: Excadrill|Excadrill, F|94/100
|-damage|p2a: Excadrill|91/100|[from] Stealth Rock
|-damage|p2a: Excadrill|78/100|[from] Spikes
|-ability|p2a: Excadrill|Mold Breaker
|turn|32
|
|t:|1730132038
|move|p2a: Excadrill|Protect|p2a: Excadrill
|-singleturn|p2a: Excadrill|Protect
|move|p1a: Latios|Surf|p2a: Excadrill
|-activate|p2a: Excadrill|move: Protect
|
|-weather|Sandstorm|[upkeep]
|-damage|p1a: Latios|29/100|[from] Sandstorm
|-heal|p2a: Excadrill|84/100|[from] item: Leftovers
|upkeep
|turn|33
|c|☆SpacemanSpiff7|252 SpA Latios Surf vs. 0 HP / 0 SpD Excadrill: 294-348 (81.4 - 96.3%)
|c|☆SpacemanSpiff7|its time to play the game
|c|☆SpacemanSpiff7|ITS TIME TO PLAY THE GAAAAAAAAAAAME
|inactive|SpacemanSpiff7 has 120 seconds left.
|
|t:|1730132074
|move|p1a: Latios|Surf|p2a: Excadrill
|-supereffective|p2a: Excadrill
|-damage|p2a: Excadrill|0 fnt
|faint|p2a: Excadrill
|
|win|Xyzzy 1
|raw|Xyzzy 1's rating: 1486 &rarr; <strong>1504</strong><br />(+18 for winning)
|raw|SpacemanSpiff7's rating: 1443 &rarr; <strong>1425</strong><br />(-18 for losing)
|c|☆SpacemanSpiff7|L
|l| AngryPidgeon
