|j|☆ddtdh
|j|☆baixiaohen
|t:|1744869492
|gametype|singles
|player|p1|ddtdh|lucas|1310
|player|p2|baixiaohen|n|1367
|teamsize|p1|6
|teamsize|p2|6
|gen|5
|tier|[Gen 5] OU
|rated|
|rule|Species Clause: Limit one of each Pokémon
|rule|OHKO Clause: OHKO moves are banned
|rule|Moody Clause: Moody is banned
|rule|Evasion Items Clause: Evasion items are banned
|rule|Evasion Moves Clause: Evasion moves are banned
|rule|Endless Battle Clause: Forcing endless battles is banned
|rule|HP Percentage Mod: HP is shown in percentages
|rule|Evasion Abilities Clause: Evasion abilities are banned
|rule|Sleep Moves Clause: Sleep-inducing moves are banned
|rule|Swagger Clause: Swagger is banned
|rule|Baton Pass Stat Clause: No Baton Passer may have a way to boost its stats
|clearpoke
|poke|p1|Politoed, F|item
|poke|p1|Keldeo-Resolute|item
|poke|p1|Jirachi|item
|poke|p1|Tentacruel, M|item
|poke|p1|Ferrothorn, F|item
|poke|p1|Thundurus-Therian, M|item
|poke|p2|Latios, M|item
|poke|p2|Jirachi|item
|poke|p2|Rotom-Wash|item
|poke|p2|Starmie|item
|poke|p2|Dragonite, M|item
|poke|p2|Mamoswine, F|item
|teampreview
|inactive|Battle timer is ON: inactive players will automatically lose when time's up. (requested by baixiaohen)
|inactive|ddtdh also wants the timer to be on.
|
|t:|1744869505
|start
|switch|p1a: Thundurus|Thundurus-Therian, M|100/100
|switch|p2a: Rotom|Rotom-Wash|100/100
|turn|1
|
|t:|1744869517
|move|p1a: Thundurus|Focus Blast|p2a: Rotom
|-damage|p2a: Rotom|58/100
|move|p2a: Rotom|Trick|p1a: Thundurus
|-activate|p2a: Rotom|move: Trick|[of] p1a: Thundurus
|-item|p1a: Thundurus|Choice Scarf|[from] move: Trick
|-item|p2a: Rotom|Leftovers|[from] move: Trick
|
|-heal|p2a: Rotom|65/100|[from] item: Leftovers
|upkeep
|turn|2
|
|t:|1744869528
|switch|p2a: Latios|Latios, M|100/100
|move|p1a: Thundurus|Focus Blast|p2a: Latios
|-resisted|p2a: Latios
|-damage|p2a: Latios|80/100
|
|upkeep
|turn|3
|
|t:|1744869537
|switch|p1a: Ferrothorn|Ferrothorn, F|100/100
|move|p2a: Latios|Trick|p1a: Ferrothorn
|-activate|p2a: Latios|move: Trick|[of] p1a: Ferrothorn
|-item|p1a: Ferrothorn|Choice Scarf|[from] move: Trick
|-item|p2a: Latios|Lum Berry|[from] move: Trick
|
|upkeep
|turn|4
|inactive|baixiaohen has 120 seconds left.
|inactive|ddtdh has 120 seconds left.
|
|t:|1744869577
|switch|p2a: Jirachi|Jirachi|100/100
|switch|p1a: Keldeo|Keldeo-Resolute|100/100
|
|upkeep
|turn|5
|
|t:|1744869583
|move|p1a: Keldeo|Substitute|p1a: Keldeo
|-start|p1a: Keldeo|Substitute
|-damage|p1a: Keldeo|76/100
|move|p2a: Jirachi|Body Slam|p1a: Keldeo
|-activate|p1a: Keldeo|Substitute|[damage]
|
|-heal|p1a: Keldeo|82/100|[from] item: Leftovers
|upkeep
|turn|6
|
|t:|1744869590
|move|p1a: Keldeo|Hydro Pump|p2a: Jirachi
|-damage|p2a: Jirachi|60/100
|move|p2a: Jirachi|U-turn|p1a: Keldeo
|-resisted|p1a: Keldeo
|-end|p1a: Keldeo|Substitute
|
|t:|1744869605
|switch|p2a: Starmie|Starmie|100/100|[from] U-turn
|
|-heal|p1a: Keldeo|88/100|[from] item: Leftovers
|upkeep
|turn|7
|
|t:|1744869613
|move|p2a: Starmie|Surf|p1a: Keldeo
|-resisted|p1a: Keldeo
|-damage|p1a: Keldeo|58/100
|-damage|p2a: Starmie|91/100|[from] item: Life Orb
|move|p1a: Keldeo|Hidden Power|p2a: Starmie
|-supereffective|p2a: Starmie
|-damage|p2a: Starmie|22/100
|
|-heal|p1a: Keldeo|64/100|[from] item: Leftovers
|upkeep
|turn|8
|
|t:|1744869621
|switch|p1a: Thundurus|Thundurus-Therian, M|100/100
|move|p2a: Starmie|Thunderbolt|p1a: Thundurus
|-immune|p1a: Thundurus|[from] ability: Volt Absorb
|
|upkeep
|turn|9
|
|t:|1744869631
|switch|p2a: Mamoswine|Mamoswine, F|100/100
|move|p1a: Thundurus|Hidden Power|p2a: Mamoswine
|-damage|p2a: Mamoswine|83/100
|
|upkeep
|turn|10
|
|t:|1744869638
|switch|p1a: Politoed|Politoed, F|100/100
|-weather|RainDance|[from] ability: Drizzle|[of] p1a: Politoed
|move|p2a: Mamoswine|Earthquake|p1a: Politoed
|-damage|p1a: Politoed|41/100
|-damage|p2a: Mamoswine|73/100|[from] item: Life Orb
|
|-weather|RainDance|[upkeep]
|-heal|p1a: Politoed|47/100|[from] item: Leftovers
|upkeep
|turn|11
|
|t:|1744869653
|move|p1a: Politoed|Protect|p1a: Politoed
|-singleturn|p1a: Politoed|Protect
|move|p2a: Mamoswine|Earthquake|p1a: Politoed
|-activate|p1a: Politoed|move: Protect
|
|-weather|RainDance|[upkeep]
|-heal|p1a: Politoed|53/100|[from] item: Leftovers
|upkeep
|turn|12
|
|t:|1744869660
|move|p2a: Mamoswine|Icicle Spear|p1a: Politoed
|-resisted|p1a: Politoed
|-damage|p1a: Politoed|46/100
|-resisted|p1a: Politoed
|-damage|p1a: Politoed|39/100
|-resisted|p1a: Politoed
|-damage|p1a: Politoed|32/100
|-hitcount|p1a: Politoed|3
|-damage|p2a: Mamoswine|63/100|[from] item: Life Orb
|move|p1a: Politoed|Scald|p2a: Mamoswine
|-supereffective|p2a: Mamoswine
|-damage|p2a: Mamoswine|0 fnt
|faint|p2a: Mamoswine
|
|-weather|RainDance|[upkeep]
|-heal|p1a: Politoed|38/100|[from] item: Leftovers
|upkeep
|
|t:|1744869667
|switch|p2a: Dragonite|Dragonite, M|100/100
|turn|13
|
|t:|1744869675
|move|p2a: Dragonite|Dragon Dance|p2a: Dragonite
|-boost|p2a: Dragonite|atk|1
|-boost|p2a: Dragonite|spe|1
|move|p1a: Politoed|Ice Beam|p2a: Dragonite
|-supereffective|p2a: Dragonite
|-damage|p2a: Dragonite|62/100
|
|-weather|RainDance|[upkeep]
|-heal|p2a: Dragonite|68/100|[from] item: Leftovers
|-heal|p1a: Politoed|44/100|[from] item: Leftovers
|upkeep
|turn|14
|
|t:|1744869682
|move|p2a: Dragonite|Dragon Claw|p1a: Politoed
|-damage|p1a: Politoed|0 fnt
|faint|p1a: Politoed
|
|-weather|RainDance|[upkeep]
|-heal|p2a: Dragonite|74/100|[from] item: Leftovers
|upkeep
|
|t:|1744869691
|switch|p1a: Thundurus|Thundurus-Therian, M|100/100
|turn|15
|
|t:|1744869697
|switch|p2a: Jirachi|Jirachi|60/100
|move|p1a: Thundurus|Hidden Power|p2a: Jirachi
|-resisted|p2a: Jirachi
|-damage|p2a: Jirachi|53/100
|
|-weather|RainDance|[upkeep]
|-heal|p2a: Jirachi|59/100|[from] item: Leftovers
|upkeep
|turn|16
|
|t:|1744869708
|switch|p1a: Tentacruel|Tentacruel, M|100/100
|move|p2a: Jirachi|Body Slam|p1a: Tentacruel
|-damage|p1a: Tentacruel|79/100
|-status|p1a: Tentacruel|par
|
|-weather|RainDance|[upkeep]
|-heal|p1a: Tentacruel|85/100 par|[from] ability: Rain Dish
|-heal|p2a: Jirachi|66/100|[from] item: Leftovers
|-heal|p1a: Tentacruel|91/100 par|[from] item: Black Sludge
|upkeep
|turn|17
|
|t:|1744869722
|move|p2a: Jirachi|Stealth Rock|p1a: Tentacruel
|-sidestart|p1: ddtdh|move: Stealth Rock
|move|p1a: Tentacruel|Scald|p2a: Jirachi
|-damage|p2a: Jirachi|45/100
|
|-weather|RainDance|[upkeep]
|-heal|p1a: Tentacruel|97/100 par|[from] ability: Rain Dish
|-heal|p2a: Jirachi|51/100|[from] item: Leftovers
|-heal|p1a: Tentacruel|100/100 par|[from] item: Black Sludge
|upkeep
|turn|18
|
|t:|1744869728
|move|p2a: Jirachi|U-turn|p1a: Tentacruel
|-resisted|p1a: Tentacruel
|-damage|p1a: Tentacruel|91/100 par
|
|t:|1744869731
|switch|p2a: Dragonite|Dragonite, M|74/100|[from] U-turn
|cant|p1a: Tentacruel|par
|
|-weather|RainDance|[upkeep]
|-heal|p1a: Tentacruel|97/100 par|[from] ability: Rain Dish
|-heal|p2a: Dragonite|80/100|[from] item: Leftovers
|-heal|p1a: Tentacruel|100/100 par|[from] item: Black Sludge
|upkeep
|turn|19
|
|t:|1744869740
|move|p2a: Dragonite|Dragon Dance|p2a: Dragonite
|-boost|p2a: Dragonite|atk|1
|-boost|p2a: Dragonite|spe|1
|move|p1a: Tentacruel|Scald|p2a: Dragonite
|-resisted|p2a: Dragonite
|-damage|p2a: Dragonite|63/100
|-status|p2a: Dragonite|brn
|
|-weather|RainDance|[upkeep]
|-heal|p2a: Dragonite|70/100 brn|[from] item: Leftovers
|-damage|p2a: Dragonite|57/100 brn|[from] brn
|upkeep
|turn|20
|
|t:|1744869761
|move|p2a: Dragonite|Dragon Dance|p2a: Dragonite
|-boost|p2a: Dragonite|atk|1
|-boost|p2a: Dragonite|spe|1
|move|p1a: Tentacruel|Rapid Spin|p2a: Dragonite
|-damage|p2a: Dragonite|55/100 brn
|-sideend|p1: ddtdh|Stealth Rock|[from] move: Rapid Spin|[of] p1a: Tentacruel
|
|-weather|RainDance|[upkeep]
|-heal|p2a: Dragonite|61/100 brn|[from] item: Leftovers
|-damage|p2a: Dragonite|48/100 brn|[from] brn
|upkeep
|turn|21
|
|t:|1744869768
|switch|p1a: Ferrothorn|Ferrothorn, F|100/100
|move|p2a: Dragonite|Dragon Claw|p1a: Ferrothorn
|-resisted|p1a: Ferrothorn
|-damage|p1a: Ferrothorn|82/100
|-damage|p2a: Dragonite|36/100 brn|[from] ability: Iron Barbs|[of] p1a: Ferrothorn
|
|-weather|RainDance|[upkeep]
|-heal|p2a: Dragonite|42/100 brn|[from] item: Leftovers
|-damage|p2a: Dragonite|30/100 brn|[from] brn
|upkeep
|turn|22
|-message|baixiaohen forfeited.
|
|win|ddtdh
|raw|ddtdh's rating: 1310 &rarr; <strong>1333</strong><br />(+23 for winning)
|raw|baixiaohen's rating: 1367 &rarr; <strong>1344</strong><br />(-23 for losing)
|l|☆baixiaohen
|player|p2|
