|j|☆el janitor
|j|☆mzzin
|t:|1744986367
|gametype|singles
|player|p1|el janitor|265|1356
|player|p2|mzzin|hugh|1338
|teamsize|p1|6
|teamsize|p2|6
|gen|5
|tier|[Gen 5] OU
|rated|
|rule|Species Clause: Limit one of each Pokémon
|rule|OHKO Clause: OHKO moves are banned
|rule|Moody Clause: Moody is banned
|rule|Evasion Items Clause: Evasion items are banned
|rule|Evasion Moves Clause: Evasion moves are banned
|rule|Endless Battle Clause: Forcing endless battles is banned
|rule|HP Percentage Mod: HP is shown in percentages
|rule|Evasion Abilities Clause: Evasion abilities are banned
|rule|Sleep Moves Clause: Sleep-inducing moves are banned
|rule|Swagger Clause: Swagger is banned
|rule|Baton Pass Stat Clause: No Baton Passer may have a way to boost its stats
|clearpoke
|poke|p1|Azelf|item
|poke|p1|Celebi|item
|poke|p1|Heatran, M|item
|poke|p1|Excadrill, F|item
|poke|p1|Zapdos|item
|poke|p1|Breloom, M|item
|poke|p2|Politoed, M|item
|poke|p2|Toxicroak, M|item
|poke|p2|Ferrothorn, M|item
|poke|p2|Garchomp, F|item
|poke|p2|Starmie|item
|poke|p2|Cofagrigus, F|item
|teampreview
|inactive|Battle timer is ON: inactive players will automatically lose when time's up. (requested by mzzin)
|
|t:|1744986384
|start
|switch|p1a: Breloom|Breloom, M|100/100
|switch|p2a: Politoed|Politoed, M|100/100
|-weather|RainDance|[from] ability: Drizzle|[of] p2a: Politoed
|turn|1
|
|t:|1744986389
|move|p1a: Breloom|Bullet Seed|p2a: Politoed
|-supereffective|p2a: Politoed
|-damage|p2a: Politoed|50/100
|-supereffective|p2a: Politoed
|-damage|p2a: Politoed|0 fnt
|faint|p2a: Politoed
|-hitcount|p2: Politoed|2
|
|-weather|RainDance|[upkeep]
|upkeep
|
|t:|1744986391
|switch|p2a: Toxicroak|Toxicroak, M|100/100
|turn|2
|
|t:|1744986403
|switch|p1a: Azelf|Azelf|100/100
|move|p2a: Toxicroak|Swords Dance|p2a: Toxicroak
|-boost|p2a: Toxicroak|atk|2
|
|-weather|RainDance|[upkeep]
|upkeep
|turn|3
|
|t:|1744986407
|move|p2a: Toxicroak|Sucker Punch||[still]
|-fail|p2a: Toxicroak
|move|p1a: Azelf|Thunder Wave|p2a: Toxicroak
|-status|p2a: Toxicroak|par
|
|-weather|RainDance|[upkeep]
|upkeep
|turn|4
|
|t:|1744986410
|cant|p2a: Toxicroak|par
|move|p1a: Azelf|Stealth Rock|p2a: Toxicroak
|-sidestart|p2: mzzin|move: Stealth Rock
|
|-weather|RainDance|[upkeep]
|upkeep
|turn|5
|
|t:|1744986413
|move|p2a: Toxicroak|Sucker Punch|p1a: Azelf
|-supereffective|p1a: Azelf
|-damage|p1a: Azelf|0 fnt
|faint|p1a: Azelf
|-damage|p2a: Toxicroak|91/100 par|[from] item: Life Orb
|
|-weather|RainDance|[upkeep]
|-heal|p2a: Toxicroak|100/100 par|[from] ability: Dry Skin
|upkeep
|
|t:|1744986417
|switch|p1a: Excadrill|Excadrill, F|100/100
|-ability|p1a: Excadrill|Mold Breaker
|turn|6
|
|t:|1744986420
|move|p1a: Excadrill|Earthquake|p2a: Toxicroak
|-supereffective|p2a: Toxicroak
|-damage|p2a: Toxicroak|0 fnt
|faint|p2a: Toxicroak
|
|-weather|RainDance|[upkeep]
|upkeep
|
|t:|1744986431
|switch|p2a: Starmie|Starmie|100/100
|-damage|p2a: Starmie|88/100|[from] Stealth Rock
|-item|p2a: Starmie|Air Balloon
|turn|7
|
|t:|1744986434
|switch|p1a: Celebi|Celebi|100/100
|move|p2a: Starmie|Surf|p1a: Celebi
|-resisted|p1a: Celebi
|-damage|p1a: Celebi|75/100
|
|-weather|RainDance|[upkeep]
|-heal|p1a: Celebi|81/100|[from] item: Leftovers
|upkeep
|turn|8
|
|t:|1744986440
|move|p2a: Starmie|Ice Beam|p1a: Celebi
|-supereffective|p1a: Celebi
|-damage|p1a: Celebi|50/100
|move|p1a: Celebi|U-turn|p2a: Starmie
|-supereffective|p2a: Starmie
|-damage|p2a: Starmie|44/100
|-enditem|p2a: Starmie|Air Balloon
|
|t:|1744986443
|switch|p1a: Excadrill|Excadrill, F|100/100|[from] U-turn
|-ability|p1a: Excadrill|Mold Breaker
|
|-weather|RainDance|[upkeep]
|upkeep
|turn|9
|
|t:|1744986445
|move|p1a: Excadrill|Earthquake|p2a: Starmie
|-damage|p2a: Starmie|0 fnt
|faint|p2a: Starmie
|
|-weather|RainDance|[upkeep]
|upkeep
|
|t:|1744986449
|switch|p2a: Cofagrigus|Cofagrigus, F|100/100
|-damage|p2a: Cofagrigus|88/100|[from] Stealth Rock
|turn|10
|
|t:|1744986452
|switch|p1a: Heatran|Heatran, M|100/100
|move|p2a: Cofagrigus|Will-O-Wisp|p1a: Heatran
|-start|p1a: Heatran|ability: Flash Fire
|
|-weather|RainDance|[upkeep]
|-heal|p2a: Cofagrigus|94/100|[from] item: Leftovers
|upkeep
|turn|11
|
|t:|1744986455
|move|p1a: Heatran|Toxic|p2a: Cofagrigus
|-status|p2a: Cofagrigus|tox
|move|p2a: Cofagrigus|Trick Room|p2a: Cofagrigus
|-fieldstart|move: Trick Room|[of] p2a: Cofagrigus
|
|-weather|RainDance|[upkeep]
|-heal|p2a: Cofagrigus|99/100 tox|[from] item: Leftovers
|-damage|p2a: Cofagrigus|94/100 tox|[from] psn
|upkeep
|turn|12
|
|t:|1744986458
|move|p1a: Heatran|Protect|p1a: Heatran
|-singleturn|p1a: Heatran|Protect
|move|p2a: Cofagrigus|Nasty Plot|p2a: Cofagrigus
|-boost|p2a: Cofagrigus|spa|2
|
|-weather|RainDance|[upkeep]
|-heal|p2a: Cofagrigus|99/100 tox|[from] item: Leftovers
|-damage|p2a: Cofagrigus|88/100 tox|[from] psn
|upkeep
|turn|13
|
|t:|1744986461
|move|p2a: Cofagrigus|Shadow Ball|p1a: Heatran
|-resisted|p1a: Heatran
|-damage|p1a: Heatran|78/100
|-unboost|p1a: Heatran|spd|1
|move|p1a: Heatran|Magma Storm|p2a: Cofagrigus|[miss]
|-miss|p1a: Heatran|p2a: Cofagrigus
|
|-weather|RainDance|[upkeep]
|-heal|p2a: Cofagrigus|94/100 tox|[from] item: Leftovers
|-heal|p1a: Heatran|84/100|[from] item: Leftovers
|-damage|p2a: Cofagrigus|76/100 tox|[from] psn
|upkeep
|turn|14
|
|t:|1744986464
|move|p2a: Cofagrigus|Nasty Plot|p2a: Cofagrigus
|-boost|p2a: Cofagrigus|spa|2
|move|p1a: Heatran|Magma Storm|p2a: Cofagrigus
|-damage|p2a: Cofagrigus|38/100 tox
|-activate|p2a: Cofagrigus|move: Magma Storm|[of] p1a: Heatran
|
|-weather|RainDance|[upkeep]
|-heal|p2a: Cofagrigus|44/100 tox|[from] item: Leftovers
|-heal|p1a: Heatran|90/100|[from] item: Leftovers
|-damage|p2a: Cofagrigus|21/100 tox|[from] psn
|-damage|p2a: Cofagrigus|15/100 tox|[from] move: Magma Storm|[partiallytrapped]
|upkeep
|turn|15
|
|t:|1744986467
|move|p1a: Heatran|Protect|p1a: Heatran
|-singleturn|p1a: Heatran|Protect
|move|p2a: Cofagrigus|Shadow Ball|p1a: Heatran
|-activate|p1a: Heatran|move: Protect
|
|-weather|RainDance|[upkeep]
|-heal|p2a: Cofagrigus|21/100 tox|[from] item: Leftovers
|-heal|p1a: Heatran|96/100|[from] item: Leftovers
|-damage|p2a: Cofagrigus|0 fnt|[from] psn
|faint|p2a: Cofagrigus
|-fieldend|move: Trick Room
|upkeep
|
|t:|1744986470
|switch|p2a: Garchomp|Garchomp, F, shiny|100/100
|-damage|p2a: Garchomp|94/100|[from] Stealth Rock
|turn|16
|
|t:|1744986478
|-end|p1a: Heatran|ability: Flash Fire|[silent]
|switch|p1a: Zapdos|Zapdos|100/100
|-ability|p1a: Zapdos|Pressure
|move|p2a: Garchomp|Earthquake|p1a: Zapdos
|-immune|p1a: Zapdos
|
|-weather|RainDance|[upkeep]
|upkeep
|turn|17
|
|t:|1744986481
|switch|p2a: Ferrothorn|Ferrothorn, M|100/100
|-damage|p2a: Ferrothorn|94/100|[from] Stealth Rock
|switch|p1a: Breloom|Breloom, M|100/100
|
|-weather|RainDance|[upkeep]
|-heal|p2a: Ferrothorn|100/100|[from] item: Leftovers
|upkeep
|turn|18
|
|t:|1744986485
|move|p1a: Breloom|Superpower|p2a: Ferrothorn
|-supereffective|p2a: Ferrothorn
|-damage|p2a: Ferrothorn|0 fnt
|-unboost|p1a: Breloom|atk|1
|-unboost|p1a: Breloom|def|1
|-damage|p1a: Breloom|88/100|[from] ability: Iron Barbs|[of] p2a: Ferrothorn
|faint|p2a: Ferrothorn
|
|-weather|RainDance|[upkeep]
|upkeep
|c|☆el janitor|gg
|
|t:|1744986487
|switch|p2a: Garchomp|Garchomp, F, shiny|94/100
|-damage|p2a: Garchomp|88/100|[from] Stealth Rock
|turn|19
|
|t:|1744986491
|switch|p1a: Heatran|Heatran, M|96/100
|move|p2a: Garchomp|Outrage|p1a: Heatran
|-resisted|p1a: Heatran
|-damage|p1a: Heatran|71/100
|
|-weather|RainDance|[upkeep]
|-heal|p1a: Heatran|77/100|[from] item: Leftovers
|upkeep
|turn|20
|
|t:|1744986493
|move|p2a: Garchomp|Outrage|p1a: Heatran|[from] lockedmove
|-resisted|p1a: Heatran
|-damage|p1a: Heatran|50/100
|move|p1a: Heatran|Toxic|p2a: Garchomp
|-status|p2a: Garchomp|tox
|
|-weather|RainDance|[upkeep]
|-heal|p1a: Heatran|57/100|[from] item: Leftovers
|-damage|p2a: Garchomp|82/100 tox|[from] psn
|upkeep
|turn|21
|
|t:|1744986496
|move|p2a: Garchomp|Outrage|p1a: Heatran|[from] lockedmove
|-resisted|p1a: Heatran
|-damage|p1a: Heatran|29/100
|-start|p2a: Garchomp|confusion|[fatigue]
|move|p1a: Heatran|Magma Storm|p2a: Garchomp
|-resisted|p2a: Garchomp
|-damage|p2a: Garchomp|69/100 tox
|-activate|p2a: Garchomp|move: Magma Storm|[of] p1a: Heatran
|
|-weather|RainDance|[upkeep]
|-heal|p1a: Heatran|35/100|[from] item: Leftovers
|-damage|p2a: Garchomp|57/100 tox|[from] psn
|-damage|p2a: Garchomp|50/100 tox|[from] move: Magma Storm|[partiallytrapped]
|upkeep
|turn|22
|
|t:|1744986498
|move|p1a: Heatran|Protect|p1a: Heatran
|-singleturn|p1a: Heatran|Protect
|-activate|p2a: Garchomp|confusion
|-damage|p2a: Garchomp|37/100 tox|[from] confusion
|
|-weather|RainDance|[upkeep]
|-heal|p1a: Heatran|42/100|[from] item: Leftovers
|-damage|p2a: Garchomp|18/100 tox|[from] psn
|-damage|p2a: Garchomp|12/100 tox|[from] move: Magma Storm|[partiallytrapped]
|upkeep
|turn|23
|
|t:|1744986500
|move|p1a: Heatran|Protect|p1a: Heatran
|-singleturn|p1a: Heatran|Protect
|-end|p2a: Garchomp|confusion
|move|p2a: Garchomp|Outrage|p1a: Heatran
|-activate|p1a: Heatran|move: Protect
|
|-weather|RainDance|[upkeep]
|-heal|p1a: Heatran|48/100|[from] item: Leftovers
|-damage|p2a: Garchomp|0 fnt|[from] psn
|faint|p2a: Garchomp
|
|win|el janitor
|raw|el janitor's rating: 1356 &rarr; <strong>1375</strong><br />(+19 for winning)
|raw|mzzin's rating: 1338 &rarr; <strong>1319</strong><br />(-19 for losing)
|l|☆mzzin
|player|p2|
