|j|☆Darkortex
|j|☆Crowned Crystals ♔
|t:|1716513980
|gametype|singles
|player|p1|Darkortex|hilbert|1612
|player|p2|Crowned Crystals ♔|lucas|1464
|teamsize|p1|6
|teamsize|p2|6
|gen|5
|tier|[Gen 5] OU
|rated|
|rule|Species Clause: Limit one of each Pokémon
|rule|OHKO Clause: OHKO moves are banned
|rule|Moody Clause: Moody is banned
|rule|Evasion Items Clause: Evasion items are banned
|rule|Evasion Moves Clause: Evasion moves are banned
|rule|Endless Battle Clause: Forcing endless battles is banned
|rule|HP Percentage Mod: HP is shown in percentages
|rule|Evasion Abilities Clause: Evasion abilities are banned
|rule|Sleep Moves Clause: Sleep-inducing moves are banned
|rule|Swagger Clause: Swagger is banned
|rule|Baton Pass Stat Clause: No Baton Passer may have a way to boost its stats
|clearpoke
|poke|p1|Ninetales, M|item
|poke|p1|Chansey, F|item
|poke|p1|Cresselia, F|item
|poke|p1|Excadrill, M|item
|poke|p1|Xatu, M|item
|poke|p1|Volcarona, F|item
|poke|p2|Aerodactyl, F|item
|poke|p2|Garchomp, M|item
|poke|p2|Dragonite, M|item
|poke|p2|Scizor, F|item
|poke|p2|Starmie|item
|poke|p2|Jirachi|item
|teampreview
|inactive|Battle timer is ON: inactive players will automatically lose when time's up. (requested by Darkortex)
|inactive|Crowned Crystals ♔ has 120 seconds left.
|
|t:|1716514012
|start
|switch|p1a: Excadrill|Excadrill, M|100/100
|switch|p2a: Chomp29|Garchomp, M|100/100
|-ability|p1a: Excadrill|Mold Breaker
|turn|1
|
|t:|1716514017
|switch|p1a: Cresselia|Cresselia, F|100/100
|move|p2a: Chomp29|Swords Dance|p2a: Chomp29
|-boost|p2a: Chomp29|atk|2
|
|upkeep
|turn|2
|
|t:|1716514031
|switch|p2a: Da Baby|Jirachi|100/100
|move|p1a: Cresselia|Ice Beam|p2a: Da Baby
|-resisted|p2a: Da Baby
|-damage|p2a: Da Baby|92/100
|
|upkeep
|turn|3
|
|t:|1716514049
|switch|p1a: Ninetales|Ninetales, M|100/100
|-weather|SunnyDay|[from] ability: Drought|[of] p1a: Ninetales
|move|p2a: Da Baby|U-turn|p1a: Ninetales
|-resisted|p1a: Ninetales
|-damage|p1a: Ninetales|89/100
|
|t:|1716514055
|switch|p2a: Chomp29|Garchomp, M|100/100|[from] U-turn
|
|-weather|SunnyDay|[upkeep]
|-heal|p1a: Ninetales|95/100|[from] item: Leftovers
|upkeep
|turn|4
|
|t:|1716514063
|move|p2a: Chomp29|Earthquake|p1a: Ninetales
|-supereffective|p1a: Ninetales
|-damage|p1a: Ninetales|0 fnt
|faint|p1a: Ninetales
|
|-weather|SunnyDay|[upkeep]
|upkeep
|
|t:|1716514067
|switch|p1a: Cresselia|Cresselia, F|100/100
|turn|5
|
|t:|1716514079
|switch|p2a: Da Baby|Jirachi|92/100
|switch|p1a: Excadrill|Excadrill, M|100/100
|-ability|p1a: Excadrill|Mold Breaker
|
|-weather|SunnyDay|[upkeep]
|upkeep
|turn|6
|
|t:|1716514092
|switch|p2a: Book of Mie|Starmie|100/100
|-item|p2a: Book of Mie|Air Balloon
|move|p1a: Excadrill|Iron Head|p2a: Book of Mie
|-resisted|p2a: Book of Mie
|-damage|p2a: Book of Mie|68/100
|-enditem|p2a: Book of Mie|Air Balloon
|
|-weather|SunnyDay|[upkeep]
|upkeep
|turn|7
|
|t:|1716514106
|switch|p2a: Da Baby|Jirachi|92/100
|switch|p1a: Chansey|Chansey, F|100/100
|
|-weather|SunnyDay|[upkeep]
|upkeep
|turn|8
|
|t:|1716514111
|move|p2a: Da Baby|Trick|p1a: Chansey
|-activate|p2a: Da Baby|move: Trick|[of] p1a: Chansey
|-item|p1a: Chansey|Choice Scarf|[from] move: Trick
|-item|p2a: Da Baby|Eviolite|[from] move: Trick
|move|p1a: Chansey|Stealth Rock|p2a: Da Baby
|-sidestart|p2: Crowned Crystals ♔|move: Stealth Rock
|
|-weather|SunnyDay|[upkeep]
|upkeep
|turn|9
|
|t:|1716514119
|switch|p1a: Volcarona|Volcarona, F|100/100
|move|p2a: Da Baby|Trick|p1a: Volcarona
|-activate|p2a: Da Baby|move: Trick|[of] p1a: Volcarona
|-item|p1a: Volcarona|Eviolite|[from] move: Trick
|-item|p2a: Da Baby|Lum Berry|[from] move: Trick
|
|-weather|SunnyDay|[upkeep]
|upkeep
|turn|10
|
|t:|1716514129
|switch|p2a: Cow Cuh|Dragonite, M|100/100
|-damage|p2a: Cow Cuh|76/100|[from] Stealth Rock
|move|p1a: Volcarona|Quiver Dance|p1a: Volcarona
|-boost|p1a: Volcarona|spa|1
|-boost|p1a: Volcarona|spd|1
|-boost|p1a: Volcarona|spe|1
|
|-weather|SunnyDay|[upkeep]
|-heal|p2a: Cow Cuh|82/100|[from] item: Leftovers
|upkeep
|turn|11
|
|t:|1716514155
|switch|p1a: Cresselia|Cresselia, F|100/100
|move|p2a: Cow Cuh|Fire Punch|p1a: Cresselia
|-damage|p1a: Cresselia|77/100
|
|-weather|SunnyDay|[upkeep]
|-heal|p2a: Cow Cuh|88/100|[from] item: Leftovers
|-heal|p1a: Cresselia|84/100|[from] item: Leftovers
|upkeep
|turn|12
|
|t:|1716514163
|switch|p2a: Book of Mie|Starmie|68/100
|-damage|p2a: Book of Mie|55/100|[from] Stealth Rock
|move|p1a: Cresselia|Ice Beam|p2a: Book of Mie
|-resisted|p2a: Book of Mie
|-damage|p2a: Book of Mie|42/100
|
|-weather|SunnyDay|[upkeep]
|-heal|p1a: Cresselia|90/100|[from] item: Leftovers
|upkeep
|turn|13
|
|t:|1716514170
|switch|p1a: Volcarona|Volcarona, F|100/100
|move|p2a: Book of Mie|Rapid Spin|p1a: Volcarona
|-damage|p1a: Volcarona|95/100
|-sideend|p2: Crowned Crystals ♔|Stealth Rock|[from] move: Rapid Spin|[of] p2a: Book of Mie
|
|-weather|SunnyDay|[upkeep]
|upkeep
|turn|14
|
|t:|1716514178
|switch|p2a: Cow Cuh|Dragonite, M|88/100
|move|p1a: Volcarona|Quiver Dance|p1a: Volcarona
|-boost|p1a: Volcarona|spa|1
|-boost|p1a: Volcarona|spd|1
|-boost|p1a: Volcarona|spe|1
|
|-weather|SunnyDay|[upkeep]
|-heal|p2a: Cow Cuh|94/100|[from] item: Leftovers
|upkeep
|turn|15
|
|t:|1716514187
|switch|p1a: Cresselia|Cresselia, F|90/100
|move|p2a: Cow Cuh|Fire Punch|p1a: Cresselia
|-damage|p1a: Cresselia|67/100
|
|-weather|SunnyDay|[upkeep]
|-heal|p2a: Cow Cuh|99/100|[from] item: Leftovers
|-heal|p1a: Cresselia|73/100|[from] item: Leftovers
|upkeep
|turn|16
|
|t:|1716514204
|switch|p2a: Waltuh|Aerodactyl, F|100/100
|switch|p1a: Chansey|Chansey, F|100/100
|
|-weather|SunnyDay|[upkeep]
|upkeep
|turn|17
|
|t:|1716514209
|switch|p1a: Excadrill|Excadrill, M|100/100
|-ability|p1a: Excadrill|Mold Breaker
|move|p2a: Waltuh|Taunt|p1a: Excadrill
|-start|p1a: Excadrill|move: Taunt
|
|-weather|SunnyDay|[upkeep]
|upkeep
|turn|18
|
|t:|1716514214
|move|p2a: Waltuh|Earthquake|p1a: Excadrill
|-supereffective|p1a: Excadrill
|-damage|p1a: Excadrill|18/100
|move|p1a: Excadrill|Rapid Spin|p2a: Waltuh
|-resisted|p2a: Waltuh
|-damage|p2a: Waltuh|95/100
|
|-weather|SunnyDay|[upkeep]
|-heal|p1a: Excadrill|24/100|[from] item: Leftovers
|upkeep
|turn|19
|
|t:|1716514227
|switch|p1a: Xatu|Xatu, M|100/100
|move|p2a: Waltuh|Double-Edge|p1a: Xatu
|-damage|p1a: Xatu|68/100
|-damage|p2a: Waltuh|78/100|[from] item: Rocky Helmet|[of] p1a: Xatu
|
|-weather|SunnyDay|[upkeep]
|upkeep
|turn|20
|
|t:|1716514242
|move|p2a: Waltuh|Double-Edge|p1a: Xatu
|-damage|p1a: Xatu|31/100
|-damage|p2a: Waltuh|62/100|[from] item: Rocky Helmet|[of] p1a: Xatu
|move|p1a: Xatu|Roost|p1a: Xatu
|-heal|p1a: Xatu|81/100
|-singleturn|p1a: Xatu|move: Roost
|
|-weather|SunnyDay|[upkeep]
|upkeep
|turn|21
|
|t:|1716514251
|switch|p2a: Chomp29|Garchomp, M|100/100
|move|p1a: Xatu|Reflect|p1a: Xatu
|-sidestart|p1: Darkortex|Reflect
|
|-weather|SunnyDay|[upkeep]
|upkeep
|turn|22
|
|t:|1716514263
|switch|p2a: Waltuh|Aerodactyl, F|62/100
|switch|p1a: Cresselia|Cresselia, F|73/100
|
|-weather|SunnyDay|[upkeep]
|-heal|p1a: Cresselia|80/100|[from] item: Leftovers
|upkeep
|turn|23
|
|t:|1716514271
|switch|p1a: Xatu|Xatu, M|81/100
|move|p2a: Waltuh|Taunt|p1a: Xatu
|move|p1a: Xatu|Taunt|p2a: Waltuh|[from]ability: Magic Bounce
|-start|p2a: Waltuh|move: Taunt
|
|-weather|SunnyDay|[upkeep]
|upkeep
|turn|24
|
|t:|1716514283
|switch|p2a: Da Baby|Jirachi|92/100
|move|p1a: Xatu|Night Shade|p2a: Da Baby
|-damage|p2a: Da Baby|66/100
|
|-weather|SunnyDay|[upkeep]
|upkeep
|turn|25
|
|t:|1716514287
|move|p2a: Da Baby|Iron Head|p1a: Xatu
|-damage|p1a: Xatu|65/100
|-damage|p2a: Da Baby|50/100|[from] item: Rocky Helmet|[of] p1a: Xatu
|move|p1a: Xatu|Reflect||[still]
|-fail|p1a: Xatu
|
|-weather|SunnyDay|[upkeep]
|-sideend|p1: Darkortex|Reflect
|upkeep
|turn|26
|
|t:|1716514302
|move|p2a: Da Baby|Iron Head|p1a: Xatu
|-damage|p1a: Xatu|29/100
|-damage|p2a: Da Baby|33/100|[from] item: Rocky Helmet|[of] p1a: Xatu
|cant|p1a: Xatu|flinch
|
|-weather|SunnyDay|[upkeep]
|upkeep
|turn|27
|
|t:|1716514314
|switch|p1a: Volcarona|Volcarona, F|95/100
|move|p2a: Da Baby|Iron Head|p1a: Volcarona
|-resisted|p1a: Volcarona
|-damage|p1a: Volcarona|69/100
|
|-weather|SunnyDay|[upkeep]
|upkeep
|turn|28
|
|t:|1716514319
|switch|p2a: Cow Cuh|Dragonite, M|99/100
|move|p1a: Volcarona|Flamethrower|p2a: Cow Cuh
|-resisted|p2a: Cow Cuh
|-crit|p2a: Cow Cuh
|-damage|p2a: Cow Cuh|22/100
|
|-weather|SunnyDay|[upkeep]
|-heal|p2a: Cow Cuh|28/100|[from] item: Leftovers
|upkeep
|turn|29
|
|t:|1716514331
|switch|p1a: Xatu|Xatu, M|29/100
|move|p2a: Cow Cuh|Extreme Speed|p1a: Xatu
|-damage|p1a: Xatu|0 fnt
|-damage|p2a: Cow Cuh|11/100|[from] item: Rocky Helmet|[of] p1a: Xatu
|faint|p1a: Xatu
|
|-weather|SunnyDay|[upkeep]
|-heal|p2a: Cow Cuh|17/100|[from] item: Leftovers
|upkeep
|
|t:|1716514338
|switch|p1a: Cresselia|Cresselia, F|80/100
|turn|30
|
|t:|1716514366
|move|p2a: Cow Cuh|Outrage|p1a: Cresselia
|-damage|p1a: Cresselia|44/100
|move|p1a: Cresselia|Psyshock|p2a: Cow Cuh
|-damage|p2a: Cow Cuh|0 fnt
|faint|p2a: Cow Cuh
|
|-weather|SunnyDay|[upkeep]
|-heal|p1a: Cresselia|50/100|[from] item: Leftovers
|upkeep
|
|t:|1716514370
|switch|p2a: Waltuh|Aerodactyl, F|62/100
|turn|31
|
|t:|1716514386
|switch|p1a: Volcarona|Volcarona, F|69/100
|move|p2a: Waltuh|Taunt|p1a: Volcarona
|-start|p1a: Volcarona|move: Taunt
|
|-weather|SunnyDay|[upkeep]
|upkeep
|turn|32
|
|t:|1716514391
|move|p2a: Waltuh|Stealth Rock|p1a: Volcarona
|-sidestart|p1: Darkortex|move: Stealth Rock
|move|p1a: Volcarona|Flamethrower|p2a: Waltuh
|-resisted|p2a: Waltuh
|-damage|p2a: Waltuh|10/100
|
|-weather|SunnyDay|[upkeep]
|upkeep
|turn|33
|
|t:|1716514395
|move|p2a: Waltuh|Double-Edge|p1a: Volcarona
|-damage|p1a: Volcarona|12/100
|move|p1a: Volcarona|Bug Buzz|p2a: Waltuh
|-resisted|p2a: Waltuh
|-damage|p2a: Waltuh|0 fnt
|faint|p2a: Waltuh
|
|-weather|SunnyDay|[upkeep]
|-end|p1a: Volcarona|move: Taunt
|upkeep
|
|t:|1716514409
|switch|p2a: Chomp29|Garchomp, M|100/100
|turn|34
|
|t:|1716514411
|move|p2a: Chomp29|Earthquake|p1a: Volcarona
|-damage|p1a: Volcarona|0 fnt
|faint|p1a: Volcarona
|
|-weather|SunnyDay|[upkeep]
|upkeep
|
|t:|1716514413
|switch|p1a: Cresselia|Cresselia, F|50/100
|-damage|p1a: Cresselia|38/100|[from] Stealth Rock
|turn|35
|-message|Darkortex forfeited.
|
|win|Crowned Crystals ♔
|raw|Darkortex's rating: 1612 &rarr; <strong>1584</strong><br />(-28 for losing)
|raw|Crowned Crystals ♔'s rating: 1464 &rarr; <strong>1492</strong><br />(+28 for winning)
|l|☆Darkortex
|player|p1|
|j|☆Darkortex
|player|p1|Darkortex|hilbert|
|l|☆Darkortex
|player|p1|
|c|☆Crowned Crystals ♔|/log Crowned Crystals ♔ made this room public.
