|j|☆Primary Trout
|j|☆WeR#4Hay!
|t:|1719247141
|gametype|singles
|player|p1|Primary Trout|marshal|1353
|player|p2|WeR#4Hay!|266|1437
|teamsize|p1|6
|teamsize|p2|6
|gen|5
|tier|[Gen 5] OU
|rated|
|rule|Species Clause: Limit one of each Pokémon
|rule|OHKO Clause: OHKO moves are banned
|rule|Moody Clause: Moody is banned
|rule|Evasion Items Clause: Evasion items are banned
|rule|Evasion Moves Clause: Evasion moves are banned
|rule|Endless Battle Clause: Forcing endless battles is banned
|rule|HP Percentage Mod: HP is shown in percentages
|rule|Evasion Abilities Clause: Evasion abilities are banned
|rule|Sleep Moves Clause: Sleep-inducing moves are banned
|rule|Swagger Clause: Swagger is banned
|rule|Baton Pass Stat Clause: No Baton Passer may have a way to boost its stats
|clearpoke
|poke|p1|Politoed, M|item
|poke|p1|Excadrill, M|item
|poke|p1|Tentacruel, M|item
|poke|p1|Latios, M|item
|poke|p1|Bronzong|item
|poke|p1|Terrakion|item
|poke|p2|Tyranitar, F|item
|poke|p2|Landorus-Therian, M|item
|poke|p2|Skarmory, F|item
|poke|p2|Rotom-Wash|item
|poke|p2|Latios, M|item
|poke|p2|Alakazam, F|item
|teampreview
|inactive|Battle timer is ON: inactive players will automatically lose when time's up. (requested by Primary Trout)
|
|t:|1719247164
|start
|switch|p1a: Bronzong|Bronzong|100/100
|switch|p2a: Dr. Krieger|Landorus-Therian, M|100/100
|-ability|p2a: Dr. Krieger|Intimidate|boost
|-unboost|p1a: Bronzong|atk|1
|turn|1
|
|t:|1719247169
|move|p2a: Dr. Krieger|Stealth Rock|p1a: Bronzong
|-sidestart|p1: Primary Trout|move: Stealth Rock
|move|p1a: Bronzong|Hidden Power|p2a: Dr. Krieger
|-supereffective|p2a: Dr. Krieger
|-damage|p2a: Dr. Krieger|44/100
|
|-heal|p2a: Dr. Krieger|50/100|[from] item: Leftovers
|upkeep
|turn|2
|
|t:|1719247173
|move|p2a: Dr. Krieger|U-turn|p1a: Bronzong
|-damage|p1a: Bronzong|84/100
|
|t:|1719247175
|switch|p2a: Thelma (2024)|Skarmory, F|100/100|[from] U-turn
|move|p1a: Bronzong|Stealth Rock|p2a: Thelma (2024)
|-sidestart|p2: WeR#4Hay!|move: Stealth Rock
|
|-heal|p1a: Bronzong|90/100|[from] item: Leftovers
|upkeep
|turn|3
|
|t:|1719247183
|move|p1a: Bronzong|Hidden Power|p2a: Thelma (2024)
|-damage|p2a: Thelma (2024)|88/100
|move|p2a: Thelma (2024)|Whirlwind|p1a: Bronzong
|drag|p1a: Tentacruel|Tentacruel, M|100/100
|-damage|p1a: Tentacruel|88/100|[from] Stealth Rock
|
|-heal|p1a: Tentacruel|94/100|[from] item: Black Sludge
|upkeep
|turn|4
|
|t:|1719247188
|move|p1a: Tentacruel|Rapid Spin|p2a: Thelma (2024)
|-resisted|p2a: Thelma (2024)
|-crit|p2a: Thelma (2024)
|-damage|p2a: Thelma (2024)|86/100
|-damage|p1a: Tentacruel|78/100|[from] item: Rocky Helmet|[of] p2a: Thelma (2024)
|-sideend|p1: Primary Trout|Stealth Rock|[from] move: Rapid Spin|[of] p1a: Tentacruel
|move|p2a: Thelma (2024)|Brave Bird|p1a: Tentacruel
|-damage|p1a: Tentacruel|37/100
|-damage|p2a: Thelma (2024)|71/100|[from] Recoil
|
|-heal|p1a: Tentacruel|43/100|[from] item: Black Sludge
|upkeep
|turn|5
|
|t:|1719247196
|switch|p2a: Barry|Rotom-Wash|100/100
|-damage|p2a: Barry|88/100|[from] Stealth Rock
|move|p1a: Tentacruel|Scald|p2a: Barry
|-resisted|p2a: Barry
|-damage|p2a: Barry|78/100
|
|-heal|p1a: Tentacruel|49/100|[from] item: Black Sludge
|upkeep
|turn|6
|
|t:|1719247199
|move|p1a: Tentacruel|Protect|p1a: Tentacruel
|-singleturn|p1a: Tentacruel|Protect
|move|p2a: Barry|Will-O-Wisp|p1a: Tentacruel
|-activate|p1a: Tentacruel|move: Protect
|
|-heal|p1a: Tentacruel|55/100|[from] item: Black Sludge
|upkeep
|turn|7
|
|t:|1719247205
|switch|p1a: Latios|Latios, M|100/100
|move|p2a: Barry|Will-O-Wisp|p1a: Latios
|-status|p1a: Latios|brn
|
|-damage|p1a: Latios|88/100 brn|[from] brn
|upkeep
|turn|8
|
|t:|1719247215
|switch|p1a: Excadrill|Excadrill, M|100/100
|-ability|p1a: Excadrill|Mold Breaker
|switch|p2a: La Bête (2024)|Tyranitar, F|100/100
|-damage|p2a: La Bête (2024)|88/100|[from] Stealth Rock
|-weather|Sandstorm|[from] ability: Sand Stream|[of] p2a: La Bête (2024)
|
|-weather|Sandstorm|[upkeep]
|upkeep
|turn|9
|
|t:|1719247222
|switch|p1a: Politoed|Politoed, M|100/100
|-weather|RainDance|[from] ability: Drizzle|[of] p1a: Politoed
|switch|p2a: Thelma (2024)|Skarmory, F|71/100
|-damage|p2a: Thelma (2024)|59/100|[from] Stealth Rock
|
|-weather|RainDance|[upkeep]
|upkeep
|turn|10
|
|t:|1719247230
|switch|p2a: Barry|Rotom-Wash|78/100
|-damage|p2a: Barry|65/100|[from] Stealth Rock
|move|p1a: Politoed|Scald|p2a: Barry
|-resisted|p2a: Barry
|-damage|p2a: Barry|44/100
|
|-weather|RainDance|[upkeep]
|upkeep
|turn|11
|
|t:|1719247235
|switch|p1a: Bronzong|Bronzong|90/100
|move|p2a: Barry|Rest|p2a: Barry
|-status|p2a: Barry|slp|[from] move: Rest
|-heal|p2a: Barry|100/100 slp|[silent]
|-enditem|p2a: Barry|Chesto Berry|[eat]
|-curestatus|p2a: Barry|slp|[msg]
|
|-weather|RainDance|[upkeep]
|-heal|p1a: Bronzong|97/100|[from] item: Leftovers
|upkeep
|turn|12
|
|t:|1719247239
|move|p2a: Barry|Will-O-Wisp|p1a: Bronzong
|-status|p1a: Bronzong|brn
|move|p1a: Bronzong|Toxic|p2a: Barry
|-status|p2a: Barry|tox
|
|-weather|RainDance|[upkeep]
|-heal|p1a: Bronzong|100/100 brn|[from] item: Leftovers
|-damage|p2a: Barry|94/100 tox|[from] psn
|-damage|p1a: Bronzong|88/100 brn|[from] brn
|upkeep
|turn|13
|
|t:|1719247243
|switch|p1a: Excadrill|Excadrill, M|100/100
|-ability|p1a: Excadrill|Mold Breaker
|move|p2a: Barry|Volt Switch|p1a: Excadrill
|-immune|p1a: Excadrill
|
|-weather|RainDance|[upkeep]
|-damage|p2a: Barry|82/100 tox|[from] psn
|upkeep
|turn|14
|
|t:|1719247254
|switch|p2a: Dr. Krieger|Landorus-Therian, M|50/100
|-damage|p2a: Dr. Krieger|37/100|[from] Stealth Rock
|-ability|p2a: Dr. Krieger|Intimidate|boost
|-unboost|p1a: Excadrill|atk|1
|move|p1a: Excadrill|Earthquake|p2a: Dr. Krieger
|-immune|p2a: Dr. Krieger
|
|-weather|RainDance|[upkeep]
|-heal|p2a: Dr. Krieger|44/100|[from] item: Leftovers
|upkeep
|turn|15
|
|t:|1719247262
|switch|p1a: Tentacruel|Tentacruel, M|55/100
|move|p2a: Dr. Krieger|Knock Off|p1a: Tentacruel
|-damage|p1a: Tentacruel|47/100
|-enditem|p1a: Tentacruel|Black Sludge|[from] move: Knock Off|[of] p2a: Dr. Krieger
|
|-weather|RainDance|[upkeep]
|-heal|p1a: Tentacruel|53/100|[from] ability: Rain Dish
|-heal|p2a: Dr. Krieger|50/100|[from] item: Leftovers
|upkeep
|turn|16
|
|t:|1719247270
|switch|p2a: Barry|Rotom-Wash|82/100 tox
|-damage|p2a: Barry|69/100 tox|[from] Stealth Rock
|move|p1a: Tentacruel|Scald|p2a: Barry
|-resisted|p2a: Barry
|-damage|p2a: Barry|51/100 tox
|
|-weather|RainDance|[upkeep]
|-heal|p1a: Tentacruel|59/100|[from] ability: Rain Dish
|-damage|p2a: Barry|45/100 tox|[from] psn
|upkeep
|turn|17
|
|t:|1719247274
|move|p1a: Tentacruel|Protect|p1a: Tentacruel
|-singleturn|p1a: Tentacruel|Protect
|move|p2a: Barry|Rest|p2a: Barry
|-status|p2a: Barry|slp|[from] move: Rest
|-heal|p2a: Barry|100/100 slp|[silent]
|
|-weather|RainDance|[upkeep]
|-heal|p1a: Tentacruel|65/100|[from] ability: Rain Dish
|upkeep
|turn|18
|
|t:|1719247280
|switch|p1a: Terrakion|Terrakion, shiny|100/100
|cant|p2a: Barry|slp
|
|-weather|RainDance|[upkeep]
|upkeep
|turn|19
|
|t:|1719247286
|move|p1a: Terrakion|Swords Dance|p1a: Terrakion
|-boost|p1a: Terrakion|atk|2
|cant|p2a: Barry|slp
|
|-weather|RainDance|[upkeep]
|upkeep
|turn|20
|
|t:|1719247288
|move|p1a: Terrakion|Close Combat|p2a: Barry
|-damage|p2a: Barry|0 fnt
|-unboost|p1a: Terrakion|def|1
|-unboost|p1a: Terrakion|spd|1
|faint|p2a: Barry
|-damage|p1a: Terrakion|91/100|[from] item: Life Orb
|
|-weather|RainDance|[upkeep]
|upkeep
|
|t:|1719247290
|switch|p2a: Knives Chau|Alakazam, F|100/100
|turn|21
|
|t:|1719247295
|switch|p1a: Bronzong|Bronzong|88/100 brn
|move|p2a: Knives Chau|Psychic|p1a: Bronzong
|-resisted|p1a: Bronzong
|-damage|p1a: Bronzong|79/100 brn
|-unboost|p1a: Bronzong|spd|1
|
|-weather|RainDance|[upkeep]
|-heal|p1a: Bronzong|85/100 brn|[from] item: Leftovers
|-damage|p1a: Bronzong|73/100 brn|[from] brn
|upkeep
|turn|22
|
|t:|1719247299
|switch|p2a: Thelma (2024)|Skarmory, F|59/100
|-damage|p2a: Thelma (2024)|46/100|[from] Stealth Rock
|move|p1a: Bronzong|Gyro Ball|p2a: Thelma (2024)
|-resisted|p2a: Thelma (2024)
|-damage|p2a: Thelma (2024)|42/100
|-damage|p1a: Bronzong|56/100 brn|[from] item: Rocky Helmet|[of] p2a: Thelma (2024)
|
|-weather|RainDance|[upkeep]
|-heal|p1a: Bronzong|62/100 brn|[from] item: Leftovers
|-damage|p1a: Bronzong|50/100 brn|[from] brn
|upkeep
|turn|23
|
|t:|1719247305
|switch|p1a: Politoed|Politoed, M|100/100
|move|p2a: Thelma (2024)|Roost|p2a: Thelma (2024)
|-heal|p2a: Thelma (2024)|92/100
|-singleturn|p2a: Thelma (2024)|move: Roost
|
|-weather|RainDance|[upkeep]
|upkeep
|turn|24
|
|t:|1719247310
|switch|p2a: Gunsmith Cats|Latios, M|100/100
|-damage|p2a: Gunsmith Cats|88/100|[from] Stealth Rock
|move|p1a: Politoed|Scald|p2a: Gunsmith Cats
|-resisted|p2a: Gunsmith Cats
|-crit|p2a: Gunsmith Cats
|-damage|p2a: Gunsmith Cats|33/100
|-status|p2a: Gunsmith Cats|brn
|
|-weather|RainDance|[upkeep]
|-damage|p2a: Gunsmith Cats|21/100 brn|[from] brn
|upkeep
|turn|25
|
|t:|1719247320
|move|p1a: Politoed|Scald|p2a: Gunsmith Cats
|-resisted|p2a: Gunsmith Cats
|-damage|p2a: Gunsmith Cats|0 fnt
|faint|p2a: Gunsmith Cats
|
|-weather|RainDance|[upkeep]
|upkeep
|
|t:|1719247325
|switch|p2a: La Bête (2024)|Tyranitar, F|88/100
|-damage|p2a: La Bête (2024)|76/100|[from] Stealth Rock
|-weather|Sandstorm|[from] ability: Sand Stream|[of] p2a: La Bête (2024)
|turn|26
|
|t:|1719247330
|switch|p1a: Excadrill|Excadrill, M|100/100
|-ability|p1a: Excadrill|Mold Breaker
|move|p2a: La Bête (2024)|Crunch|p1a: Excadrill
|-resisted|p1a: Excadrill
|-damage|p1a: Excadrill|72/100
|-unboost|p1a: Excadrill|def|1
|
|-weather|Sandstorm|[upkeep]
|-heal|p1a: Excadrill|78/100|[from] item: Leftovers
|upkeep
|turn|27
|
|t:|1719247335
|switch|p1a: Politoed|Politoed, M|100/100
|-weather|RainDance|[from] ability: Drizzle|[of] p1a: Politoed
|switch|p2a: Thelma (2024)|Skarmory, F|92/100
|-damage|p2a: Thelma (2024)|80/100|[from] Stealth Rock
|
|-weather|RainDance|[upkeep]
|upkeep
|turn|28
|-message|WeR#4Hay! forfeited.
|
|win|Primary Trout
|raw|Primary Trout's rating: 1353 &rarr; <strong>1378</strong><br />(+25 for winning)
|raw|WeR#4Hay!'s rating: 1437 &rarr; <strong>1412</strong><br />(-25 for losing)
|l|☆WeR#4Hay!
|player|p2|
