|j|☆Prof. Fouge
|j|☆refsunpersons
|player|p1|Prof. Fouge|224
|player|p2|refsunpersons|15
|teamsize|p1|6
|teamsize|p2|6
|gametype|singles
|gen|5
|tier|[Gen 5] OU
|rated|
|rule|Sleep Clause Mod: Limit one foe put to sleep
|rule|Species Clause: Limit one of each Pokémon
|rule|OHKO Clause: OHKO moves are banned
|rule|Moody Clause: Moody is banned
|rule|Evasion Moves Clause: Evasion moves are banned
|rule|Endless Battle Clause: Forcing endless battles is banned
|rule|HP Percentage Mod: HP is shown in percentages
|rule|Evasion Abilities Clause: Evasion abilities are banned
|rule|Baton Pass Clause: Limit one Baton Passer, can't pass Spe and other stats simultaneously
|rule|Swagger Clause: Swagger is banned
|clearpoke
|poke|p1|Politoed, M|item
|poke|p1|Keldeo|item
|poke|p1|Weavile, M|item
|poke|p1|Celebi|item
|poke|p1|Thundurus-Therian, M|item
|poke|p1|Excadrill, M|item
|poke|p2|Politoed, M|item
|poke|p2|Ferrothorn, F|item
|poke|p2|Xatu, F|item
|poke|p2|Diglett, F|item
|poke|p2|Latias, F|item
|poke|p2|Toxicroak, M|item
|teampreview
|c|☆refsunpersons|glhf
|
|start
|switch|p1a: Celebi|Celebi|100/100
|switch|p2a: big zam|Ferrothorn, F|100/100
|turn|1
|inactive|Battle timer is ON: inactive players will automatically lose when time's up. (requested by Prof. Fouge)
|
|switch|p2a: zaku|Xatu, F|100/100
|move|p1a: Celebi|Nasty Plot|p1a: Celebi
|-boost|p1a: Celebi|spa|2
|
|upkeep
|turn|2
|
|move|p1a: Celebi|Baton Pass|p1a: Celebi
|
|switch|p1a: Thundurus|Thundurus-Therian, M|100/100
|move|p2a: zaku|U-turn|p1a: Thundurus
|-resisted|p1a: Thundurus
|-damage|p1a: Thundurus|93/100
|
|switch|p2a: big zam|Ferrothorn, F|100/100
|
|-heal|p1a: Thundurus|99/100|[from] item: Leftovers
|upkeep
|turn|3
|
|move|p1a: Thundurus|Nasty Plot|p1a: Thundurus
|-boost|p1a: Thundurus|spa|2
|move|p2a: big zam|Leech Seed|p1a: Thundurus
|-start|p1a: Thundurus|move: Leech Seed
|
|-heal|p1a: Thundurus|100/100|[from] item: Leftovers
|-damage|p1a: Thundurus|88/100|[from] Leech Seed|[of] p2a: big zam
|upkeep
|turn|4
|
|move|p1a: Thundurus|Agility|p1a: Thundurus
|-boost|p1a: Thundurus|spe|2
|move|p2a: big zam|Gyro Ball|p1a: Thundurus
|-resisted|p1a: Thundurus
|-damage|p1a: Thundurus|56/100
|
|-heal|p1a: Thundurus|63/100|[from] item: Leftovers
|-damage|p1a: Thundurus|50/100|[from] Leech Seed|[of] p2a: big zam
|upkeep
|turn|5
|
|move|p1a: Thundurus|Hidden Power|p2a: big zam
|-damage|p2a: big zam|23/100
|move|p2a: big zam|Gyro Ball|p1a: Thundurus
|-resisted|p1a: Thundurus
|-damage|p1a: Thundurus|18/100
|
|-heal|p1a: Thundurus|24/100|[from] item: Leftovers
|-heal|p2a: big zam|29/100|[from] item: Leftovers
|-damage|p1a: Thundurus|12/100|[from] Leech Seed|[of] p2a: big zam
|-heal|p2a: big zam|41/100|[silent]
|upkeep
|turn|6
|
|switch|p2a: acguy|Diglett, F|100/100
|move|p1a: Thundurus|Hidden Power|p2a: acguy
|-enditem|p2a: acguy|Focus Sash
|-damage|p2a: acguy|1/100
|
|-heal|p1a: Thundurus|18/100|[from] item: Leftovers
|-damage|p1a: Thundurus|6/100|[from] Leech Seed|[of] p2a: acguy
|-heal|p2a: acguy|34/100|[silent]
|upkeep
|turn|7
|
|switch|p1a: Celebi|Celebi|100/100
|move|p2a: acguy|Reversal|p1a: Celebi
|-resisted|p1a: Celebi
|-damage|p1a: Celebi|94/100
|
|-heal|p1a: Celebi|99/100|[from] item: Leftovers
|upkeep
|turn|8
|
|move|p2a: acguy|Stealth Rock|p1a: Celebi
|-sidestart|p1: Prof. Fouge|move: Stealth Rock
|move|p1a: Celebi|Nasty Plot|p1a: Celebi
|-boost|p1a: Celebi|spa|2
|
|-heal|p1a: Celebi|100/100|[from] item: Leftovers
|upkeep
|turn|9
|
|switch|p2a: hygogg|Politoed, M|100/100
|-weather|RainDance|[from] ability: Drizzle|[of] p2a: hygogg
|move|p1a: Celebi|Nasty Plot|p1a: Celebi
|-boost|p1a: Celebi|spa|2
|
|-weather|RainDance|[upkeep]
|upkeep
|turn|10
|
|move|p2a: hygogg|Encore|p1a: Celebi
|-start|p1a: Celebi|Encore
|move|p1a: Celebi|Nasty Plot|p1a: Celebi
|-boost|p1a: Celebi|spa|2
|
|-weather|RainDance|[upkeep]
|upkeep
|turn|11
|
|switch|p2a: zeong|Toxicroak, M|100/100
|move|p1a: Celebi|Nasty Plot|p1a: Celebi
|-boost|p1a: Celebi|spa|0
|
|-weather|RainDance|[upkeep]
|upkeep
|turn|12
|
|move|p2a: zeong|Swords Dance|p2a: zeong
|-boost|p2a: zeong|atk|2
|move|p1a: Celebi|Nasty Plot|p1a: Celebi
|-boost|p1a: Celebi|spa|0
|
|-weather|RainDance|[upkeep]
|-end|p1a: Celebi|Encore
|upkeep
|turn|13
|
|move|p2a: zeong|Drain Punch|p1a: Celebi
|-resisted|p1a: Celebi
|-damage|p1a: Celebi|65/100
|-damage|p2a: zeong|91/100|[from] item: Life Orb
|move|p1a: Celebi|Baton Pass|p1a: Celebi
|
|switch|p1a: Keldeo|Keldeo|100/100
|-damage|p1a: Keldeo|94/100|[from] Stealth Rock
|
|-weather|RainDance|[upkeep]
|-heal|p2a: zeong|100/100|[from] ability: Dry Skin
|upkeep
|turn|14
|
|move|p2a: zeong|Sucker Punch|p1a: Keldeo
|-resisted|p1a: Keldeo
|-damage|p1a: Keldeo|57/100
|-ability|p1a: Keldeo|Justified|boost
|-boost|p1a: Keldeo|atk|1
|-damage|p2a: zeong|91/100|[from] item: Life Orb
|move|p1a: Keldeo|Hidden Power|p2a: zeong
|-supereffective|p2a: zeong
|-damage|p2a: zeong|0 fnt
|faint|p2a: zeong
|
|-weather|RainDance|[upkeep]
|upkeep
|
|switch|p2a: hygogg|Politoed, M|100/100
|turn|15
|
|move|p1a: Keldeo|Hidden Power|p2a: hygogg
|-damage|p2a: hygogg|6/100
|move|p2a: hygogg|Psychic|p1a: Keldeo
|-supereffective|p1a: Keldeo
|-damage|p1a: Keldeo|0 fnt
|faint|p1a: Keldeo
|
|-weather|RainDance|[upkeep]
|upkeep
|
|switch|p1a: Excadrill|Excadrill, M|100/100
|-damage|p1a: Excadrill|98/100|[from] Stealth Rock
|-ability|p1a: Excadrill|Mold Breaker
|turn|16
|
|switch|p2a: zaku|Xatu, F|100/100
|move|p1a: Excadrill|Rapid Spin|p2a: zaku
|-damage|p2a: zaku|94/100
|-damage|p1a: Excadrill|81/100|[from] item: Rocky Helmet|[of] p2a: zaku
|-sideend|p1: Prof. Fouge|Stealth Rock|[from] move: Rapid Spin|[of] p1a: Excadrill
|
|-weather|RainDance|[upkeep]
|upkeep
|turn|17
|
|move|p2a: zaku|Night Shade|p1a: Excadrill
|-damage|p1a: Excadrill|56/100
|move|p1a: Excadrill|Rock Tomb|p2a: zaku|[miss]
|-miss|p1a: Excadrill|p2a: zaku
|
|-weather|RainDance|[upkeep]
|upkeep
|turn|18
|
|move|p2a: zaku|Night Shade|p1a: Excadrill
|-damage|p1a: Excadrill|32/100
|move|p1a: Excadrill|Rock Tomb|p2a: zaku
|-supereffective|p2a: zaku
|-damage|p2a: zaku|59/100
|-unboost|p2a: zaku|spe|1
|
|-weather|RainDance|[upkeep]
|upkeep
|turn|19
|
|move|p1a: Excadrill|Rock Tomb|p2a: zaku
|-supereffective|p2a: zaku
|-damage|p2a: zaku|26/100
|-unboost|p2a: zaku|spe|1
|move|p2a: zaku|Roost|p2a: zaku
|-heal|p2a: zaku|76/100
|
|-weather|RainDance|[upkeep]
|upkeep
|turn|20
|
|switch|p1a: Weavile|Weavile, M|100/100
|-ability|p1a: Weavile|Pressure
|move|p2a: zaku|U-turn|p1a: Weavile
|-supereffective|p1a: Weavile
|-damage|p1a: Weavile|61/100
|
|switch|p2a: hygogg|Politoed, M|6/100
|
|-weather|RainDance|[upkeep]
|upkeep
|turn|21
|
|move|p1a: Weavile|Ice Shard|p2a: hygogg
|-resisted|p2a: hygogg
|-damage|p2a: hygogg|0 fnt
|-damage|p1a: Weavile|51/100|[from] item: Life Orb
|faint|p2a: hygogg
|
|-weather|RainDance|[upkeep]
|upkeep
|
|switch|p2a: big zam|Ferrothorn, F|41/100
|turn|22
|
|move|p1a: Weavile|Low Kick|p2a: big zam
|-supereffective|p2a: big zam
|-damage|p2a: big zam|0 fnt
|-damage|p1a: Weavile|38/100|[from] ability: Iron Barbs|[of] p2a: big zam
|-damage|p1a: Weavile|29/100|[from] item: Life Orb
|faint|p2a: big zam
|
|-weather|RainDance|[upkeep]
|upkeep
|
|switch|p2a: zaku|Xatu, F|76/100
|turn|23
|
|move|p1a: Weavile|Punishment|p2a: zaku
|-supereffective|p2a: zaku
|-damage|p2a: zaku|7/100
|-damage|p1a: Weavile|12/100|[from] item: Rocky Helmet|[of] p2a: zaku
|-damage|p1a: Weavile|2/100|[from] item: Life Orb
|move|p2a: zaku|U-turn|p1a: Weavile
|-supereffective|p1a: Weavile
|-damage|p1a: Weavile|0 fnt
|faint|p1a: Weavile
|
|switch|p2a: rx-78-2|Latias, F|100/100
|
|-weather|RainDance|[upkeep]
|upkeep
|
|switch|p1a: Politoed|Politoed, M|100/100
|turn|24
|
|switch|p2a: zaku|Xatu, F|7/100
|move|p1a: Politoed|Ice Beam|p2a: zaku
|-supereffective|p2a: zaku
|-damage|p2a: zaku|0 fnt
|faint|p2a: zaku
|
|-weather|RainDance|[upkeep]
|upkeep
|
|switch|p2a: rx-78-2|Latias, F|100/100
|turn|25
|
|move|p2a: rx-78-2|Substitute|p2a: rx-78-2
|-start|p2a: rx-78-2|Substitute
|-damage|p2a: rx-78-2|75/100
|move|p1a: Politoed|Ice Beam|p2a: rx-78-2
|-supereffective|p2a: rx-78-2
|-end|p2a: rx-78-2|Substitute
|
|-weather|RainDance|[upkeep]
|-heal|p2a: rx-78-2|82/100|[from] item: Leftovers
|upkeep
|turn|26
|
|move|p2a: rx-78-2|Substitute|p2a: rx-78-2
|-start|p2a: rx-78-2|Substitute
|-damage|p2a: rx-78-2|57/100
|move|p1a: Politoed|Ice Beam|p2a: rx-78-2
|-supereffective|p2a: rx-78-2
|-end|p2a: rx-78-2|Substitute
|
|-weather|RainDance|[upkeep]
|-heal|p2a: rx-78-2|63/100|[from] item: Leftovers
|upkeep
|turn|27
|
|move|p2a: rx-78-2|Calm Mind|p2a: rx-78-2
|-boost|p2a: rx-78-2|spa|1
|-boost|p2a: rx-78-2|spd|1
|move|p1a: Politoed|Hydro Pump|p2a: rx-78-2
|-resisted|p2a: rx-78-2
|-damage|p2a: rx-78-2|41/100
|
|-weather|RainDance|[upkeep]
|-heal|p2a: rx-78-2|47/100|[from] item: Leftovers
|upkeep
|turn|28
|
|move|p2a: rx-78-2|Substitute|p2a: rx-78-2
|-start|p2a: rx-78-2|Substitute
|-damage|p2a: rx-78-2|22/100
|move|p1a: Politoed|Ice Beam|p2a: rx-78-2
|-supereffective|p2a: rx-78-2
|-crit|p2a: rx-78-2
|-end|p2a: rx-78-2|Substitute
|
|-weather|RainDance|[upkeep]
|-heal|p2a: rx-78-2|28/100|[from] item: Leftovers
|upkeep
|turn|29
|
|switch|p1a: Excadrill|Excadrill, M|32/100
|-ability|p1a: Excadrill|Mold Breaker
|move|p2a: rx-78-2|Roost|p2a: rx-78-2
|-heal|p2a: rx-78-2|78/100
|
|-weather|RainDance|[upkeep]
|-heal|p2a: rx-78-2|84/100|[from] item: Leftovers
|upkeep
|turn|30
|
|move|p2a: rx-78-2|Dragon Pulse|p1a: Excadrill
|-resisted|p1a: Excadrill
|-damage|p1a: Excadrill|10/100
|move|p1a: Excadrill|Rock Tomb|p2a: rx-78-2
|-damage|p2a: rx-78-2|68/100
|-unboost|p2a: rx-78-2|spe|1
|
|-weather|RainDance|[upkeep]
|-heal|p2a: rx-78-2|74/100|[from] item: Leftovers
|upkeep
|turn|31
|
|move|p1a: Excadrill|Earthquake|p2a: rx-78-2
|-damage|p2a: rx-78-2|20/100
|move|p2a: rx-78-2|Dragon Pulse|p1a: Excadrill
|-resisted|p1a: Excadrill
|-damage|p1a: Excadrill|0 fnt
|faint|p1a: Excadrill
|
|-weather|RainDance|[upkeep]
|-heal|p2a: rx-78-2|26/100|[from] item: Leftovers
|upkeep
|
|switch|p1a: Politoed|Politoed, M|100/100
|turn|32
|
|move|p2a: rx-78-2|Roost|p2a: rx-78-2
|-heal|p2a: rx-78-2|76/100
|move|p1a: Politoed|Ice Beam|p2a: rx-78-2
|-supereffective|p2a: rx-78-2
|-damage|p2a: rx-78-2|43/100
|
|-weather|RainDance|[upkeep]
|-heal|p2a: rx-78-2|49/100|[from] item: Leftovers
|upkeep
|turn|33
|
|switch|p2a: acguy|Diglett, F|34/100
|move|p1a: Politoed|Ice Beam|p2a: acguy
|-supereffective|p2a: acguy
|-damage|p2a: acguy|0 fnt
|faint|p2a: acguy
|
|-weather|RainDance|[upkeep]
|upkeep
|
|switch|p2a: rx-78-2|Latias, F|49/100
|turn|34
|
|move|p2a: rx-78-2|Calm Mind|p2a: rx-78-2
|-boost|p2a: rx-78-2|spa|1
|-boost|p2a: rx-78-2|spd|1
|move|p1a: Politoed|Ice Beam|p2a: rx-78-2
|-supereffective|p2a: rx-78-2
|-damage|p2a: rx-78-2|12/100
|
|-weather|RainDance|[upkeep]
|-heal|p2a: rx-78-2|18/100|[from] item: Leftovers
|upkeep
|turn|35
|
|move|p2a: rx-78-2|Roost|p2a: rx-78-2
|-heal|p2a: rx-78-2|68/100
|move|p1a: Politoed|Ice Beam|p2a: rx-78-2
|-supereffective|p2a: rx-78-2
|-damage|p2a: rx-78-2|32/100
|
|-weather|RainDance|[upkeep]
|-heal|p2a: rx-78-2|38/100|[from] item: Leftovers
|upkeep
|turn|36
|
|move|p2a: rx-78-2|Calm Mind|p2a: rx-78-2
|-boost|p2a: rx-78-2|spa|1
|-boost|p2a: rx-78-2|spd|1
|move|p1a: Politoed|Ice Beam|p2a: rx-78-2
|-supereffective|p2a: rx-78-2
|-crit|p2a: rx-78-2
|-damage|p2a: rx-78-2|0 fnt
|faint|p2a: rx-78-2
|
|win|Prof. Fouge
|raw|Prof. Fouge's rating: 1312 &rarr; <strong>1333</strong><br />(+21 for winning)
|raw|refsunpersons's rating: 1334 &rarr; <strong>1312</strong><br />(-22 for losing)
|c|☆refsunpersons|gg
