|j|☆FunWitYaMotha
|j|☆el janitor
|t:|1706732404
|gametype|singles
|player|p1|FunWitYaMotha|crasherwake|1306
|player|p2|el janitor|102|1411
|teamsize|p1|6
|teamsize|p2|6
|gen|5
|tier|[Gen 5] OU
|rated|
|rule|Species Clause: Limit one of each Pokémon
|rule|OHKO Clause: OHKO moves are banned
|rule|Moody Clause: Moody is banned
|rule|Evasion Items Clause: Evasion items are banned
|rule|Evasion Moves Clause: Evasion moves are banned
|rule|Endless Battle Clause: Forcing endless battles is banned
|rule|HP Percentage Mod: HP is shown in percentages
|rule|Evasion Abilities Clause: Evasion abilities are banned
|rule|Sleep Moves Clause: Sleep-inducing moves are banned
|rule|Swagger Clause: Swagger is banned
|rule|Baton Pass Stat Clause: No Baton Passer may have a way to boost its stats
|clearpoke
|poke|p1|Tyranitar, F|item
|poke|p1|Conkeldurr, F|item
|poke|p1|Latias, F|item
|poke|p1|Landorus-Therian, M|item
|poke|p1|Rotom-Wash|item
|poke|p1|Excadrill, F|item
|poke|p2|Azelf|item
|poke|p2|Celebi|item
|poke|p2|Heatran, F|item
|poke|p2|Excadrill, F|item
|poke|p2|Zapdos|item
|poke|p2|Breloom, M|item
|teampreview
|inactive|Battle timer is ON: inactive players will automatically lose when time's up. (requested by el janitor)
|
|t:|1706732413
|start
|switch|p1a: Latias|Latias, F|100/100
|switch|p2a: Heatran|Heatran, F|100/100
|turn|1
|
|t:|1706732417
|move|p1a: Latias|Light Screen|p1a: Latias
|-sidestart|p1: FunWitYaMotha|move: Light Screen
|move|p2a: Heatran|Toxic|p1a: Latias
|-status|p1a: Latias|tox
|
|-damage|p1a: Latias|94/100 tox|[from] psn
|upkeep
|turn|2
|
|t:|1706732420
|move|p1a: Latias|Reflect|p1a: Latias
|-sidestart|p1: FunWitYaMotha|Reflect
|move|p2a: Heatran|Magma Storm|p1a: Latias
|-resisted|p1a: Latias
|-damage|p1a: Latias|86/100 tox
|-activate|p1a: Latias|move: Magma Storm|[of] p2a: Heatran
|
|-damage|p1a: Latias|74/100 tox|[from] psn
|-damage|p1a: Latias|68/100 tox|[from] move: Magma Storm|[partiallytrapped]
|upkeep
|turn|3
|
|t:|1706732426
|move|p2a: Heatran|Protect|p2a: Heatran
|-singleturn|p2a: Heatran|Protect
|move|p1a: Latias|Draco Meteor|p2a: Heatran
|-activate|p2a: Heatran|move: Protect
|
|-damage|p1a: Latias|49/100 tox|[from] psn
|-damage|p1a: Latias|43/100 tox|[from] move: Magma Storm|[partiallytrapped]
|upkeep
|turn|4
|
|t:|1706732430
|move|p1a: Latias|Recover|p1a: Latias
|-heal|p1a: Latias|93/100 tox
|move|p2a: Heatran|Magma Storm|p1a: Latias|[miss]
|-miss|p2a: Heatran|p1a: Latias
|
|-damage|p1a: Latias|69/100 tox|[from] psn
|-damage|p1a: Latias|63/100 tox|[from] move: Magma Storm|[partiallytrapped]
|upkeep
|turn|5
|
|t:|1706732432
|move|p1a: Latias|Recover|p1a: Latias
|-heal|p1a: Latias|100/100 tox
|move|p2a: Heatran|Magma Storm|p1a: Latias
|-resisted|p1a: Latias
|-damage|p1a: Latias|91/100 tox
|
|-damage|p1a: Latias|61/100 tox|[from] psn
|-damage|p1a: Latias|55/100 tox|[from] move: Magma Storm|[partiallytrapped]
|upkeep
|turn|6
|
|t:|1706732439
|move|p1a: Latias|Recover|p1a: Latias
|-heal|p1a: Latias|100/100 tox
|move|p2a: Heatran|Magma Storm|p1a: Latias
|-resisted|p1a: Latias
|-damage|p1a: Latias|91/100 tox
|
|-damage|p1a: Latias|55/100 tox|[from] psn
|-end|p1a: Latias|Magma Storm|[partiallytrapped]
|upkeep
|turn|7
|
|t:|1706732448
|switch|p1a: Tyranitar|Tyranitar, F|100/100
|-weather|Sandstorm|[from] ability: Sand Stream|[of] p1a: Tyranitar
|move|p2a: Heatran|Toxic|p1a: Tyranitar|[miss]
|-miss|p2a: Heatran|p1a: Tyranitar
|
|-weather|Sandstorm|[upkeep]
|upkeep
|turn|8
|
|t:|1706732455
|move|p2a: Heatran|Toxic|p1a: Tyranitar|[miss]
|-miss|p2a: Heatran|p1a: Tyranitar
|move|p1a: Tyranitar|Superpower|p2a: Heatran
|-supereffective|p2a: Heatran
|-damage|p2a: Heatran|33/100
|-unboost|p1a: Tyranitar|atk|1
|-unboost|p1a: Tyranitar|def|1
|
|-weather|Sandstorm|[upkeep]
|-heal|p2a: Heatran|39/100|[from] item: Leftovers
|-sideend|p1: FunWitYaMotha|move: Light Screen
|upkeep
|turn|9
|
|t:|1706732482
|switch|p2a: Celebi|Celebi|100/100
|switch|p1a: Rotom|Rotom-Wash|100/100
|
|-weather|Sandstorm|[upkeep]
|-damage|p2a: Celebi|94/100|[from] Sandstorm
|-damage|p1a: Rotom|94/100|[from] Sandstorm
|-heal|p2a: Celebi|100/100|[from] item: Leftovers
|-heal|p1a: Rotom|100/100|[from] item: Leftovers
|-sideend|p1: FunWitYaMotha|Reflect
|upkeep
|turn|10
|
|t:|1706732488
|move|p2a: Celebi|Thunder Wave|p1a: Rotom
|-status|p1a: Rotom|par
|move|p1a: Rotom|Volt Switch|p2a: Celebi
|-resisted|p2a: Celebi
|-damage|p2a: Celebi|93/100
|
|t:|1706732496
|switch|p1a: Latias|Latias, F|55/100 tox|[from] Volt Switch
|
|-weather|Sandstorm|[upkeep]
|-damage|p1a: Latias|49/100 tox|[from] Sandstorm
|-damage|p2a: Celebi|86/100|[from] Sandstorm
|-heal|p2a: Celebi|93/100|[from] item: Leftovers
|-damage|p1a: Latias|43/100 tox|[from] psn
|upkeep
|turn|11
|
|t:|1706732500
|move|p1a: Latias|Recover|p1a: Latias
|-heal|p1a: Latias|93/100 tox
|move|p2a: Celebi|U-turn|p1a: Latias
|-supereffective|p1a: Latias
|-damage|p1a: Latias|65/100 tox
|
|t:|1706732503
|switch|p2a: Azelf|Azelf|100/100|[from] U-turn
|
|-weather|Sandstorm|[upkeep]
|-damage|p2a: Azelf|94/100|[from] Sandstorm
|-damage|p1a: Latias|58/100 tox|[from] Sandstorm
|-damage|p1a: Latias|46/100 tox|[from] psn
|upkeep
|turn|12
|
|t:|1706732507
|move|p2a: Azelf|U-turn|p1a: Latias
|-supereffective|p1a: Latias
|-damage|p1a: Latias|0 fnt
|faint|p1a: Latias
|
|t:|1706732515
|switch|p2a: Zapdos|Zapdos|100/100|[from] U-turn
|-ability|p2a: Zapdos|Pressure
|
|-weather|Sandstorm|[upkeep]
|-damage|p2a: Zapdos|94/100|[from] Sandstorm
|-heal|p2a: Zapdos|100/100|[from] item: Leftovers
|upkeep
|
|t:|1706732528
|switch|p1a: Conkeldurr|Conkeldurr, F|100/100
|turn|13
|
|t:|1706732538
|switch|p2a: Heatran|Heatran, F|39/100
|move|p1a: Conkeldurr|Ice Punch|p2a: Heatran
|-resisted|p2a: Heatran
|-damage|p2a: Heatran|30/100
|
|-weather|Sandstorm|[upkeep]
|-damage|p1a: Conkeldurr|94/100|[from] Sandstorm
|-heal|p2a: Heatran|36/100|[from] item: Leftovers
|upkeep
|turn|14
|
|t:|1706732542
|move|p2a: Heatran|Protect|p2a: Heatran
|-singleturn|p2a: Heatran|Protect
|move|p1a: Conkeldurr|Mach Punch|p2a: Heatran
|-activate|p2a: Heatran|move: Protect
|
|-weather|Sandstorm|[upkeep]
|-damage|p1a: Conkeldurr|88/100|[from] Sandstorm
|-heal|p2a: Heatran|42/100|[from] item: Leftovers
|upkeep
|turn|15
|
|t:|1706732562
|move|p2a: Heatran|Magma Storm|p1a: Conkeldurr
|-damage|p1a: Conkeldurr|30/100
|-activate|p1a: Conkeldurr|move: Magma Storm|[of] p2a: Heatran
|move|p1a: Conkeldurr|Payback|p2a: Heatran
|-resisted|p2a: Heatran
|-crit|p2a: Heatran
|-damage|p2a: Heatran|2/100
|-damage|p1a: Conkeldurr|20/100|[from] item: Life Orb
|
|-weather|Sandstorm|[upkeep]
|-damage|p1a: Conkeldurr|14/100|[from] Sandstorm
|-heal|p2a: Heatran|8/100|[from] item: Leftovers
|-damage|p1a: Conkeldurr|8/100|[from] move: Magma Storm|[partiallytrapped]
|upkeep
|turn|16
|
|t:|1706732565
|move|p2a: Heatran|Protect|p2a: Heatran
|-singleturn|p2a: Heatran|Protect
|move|p1a: Conkeldurr|Drain Punch|p2a: Heatran
|-activate|p2a: Heatran|move: Protect
|
|-weather|Sandstorm|[upkeep]
|-damage|p1a: Conkeldurr|2/100|[from] Sandstorm
|-heal|p2a: Heatran|14/100|[from] item: Leftovers
|-damage|p1a: Conkeldurr|0 fnt|[from] move: Magma Storm|[partiallytrapped]
|faint|p1a: Conkeldurr
|upkeep
|-message|FunWitYaMotha forfeited.
|
|win|el janitor
|raw|FunWitYaMotha's rating: 1306 &rarr; <strong>1292</strong><br />(-14 for losing)
|raw|el janitor's rating: 1411 &rarr; <strong>1425</strong><br />(+14 for winning)
|l|☆FunWitYaMotha
|player|p1|
