|uhtml|medal-msg|<div class="broadcast-blue">Curious what those medals under the avatar are? PS now has Ladder Seasons! For more information, check out the <a href="https://www.smogon.com/forums/threads/3740067/">thread on Smogon.</a></div>
|uhtml|medal-msg|<div class="broadcast-blue">Curious what those medals under the avatar are? PS now has Ladder Seasons! For more information, check out the <a href="https://www.smogon.com/forums/threads/3740067/">thread on Smogon.</a></div>
|j|☆raphouuuuuu
|j|☆SEUIf
|t:|1713959216
|gametype|singles
|player|p1|raphouuuuuu|linebacker|1312
|player|p2|SEUIf|ingo-hisui|1321
|teamsize|p1|6
|teamsize|p2|6
|gen|5
|tier|[Gen 5] OU
|rated|
|rule|Species Clause: Limit one of each Pokémon
|rule|OHKO Clause: OHKO moves are banned
|rule|Moody Clause: Moody is banned
|rule|Evasion Items Clause: Evasion items are banned
|rule|Evasion Moves Clause: Evasion moves are banned
|rule|Endless Battle Clause: Forcing endless battles is banned
|rule|HP Percentage Mod: HP is shown in percentages
|rule|Evasion Abilities Clause: Evasion abilities are banned
|rule|Sleep Moves Clause: Sleep-inducing moves are banned
|rule|Swagger Clause: Swagger is banned
|rule|Baton Pass Stat Clause: No Baton Passer may have a way to boost its stats
|clearpoke
|poke|p1|Latios, M|item
|poke|p1|Garchomp, M|item
|poke|p1|Jirachi|item
|poke|p1|Dragonite, M|item
|poke|p1|Starmie|item
|poke|p1|Magnezone|item
|poke|p2|Kyurem-Black|item
|poke|p2|Dragonite, M|item
|poke|p2|Garchomp, F|item
|poke|p2|Latios, M|item
|poke|p2|Jirachi|item
|poke|p2|Magnezone|item
|teampreview
|
|t:|1713959227
|start
|switch|p1a: Latios|Latios, M|100/100
|switch|p2a: Jirachi|Jirachi|100/100
|turn|1
|
|t:|1713959232
|switch|p1a: Magnezone|Magnezone|100/100
|move|p2a: Jirachi|Stealth Rock|p1a: Magnezone
|-sidestart|p1: raphouuuuuu|move: Stealth Rock
|
|upkeep
|turn|2
|
|t:|1713959237
|move|p1a: Magnezone|Substitute|p1a: Magnezone
|-start|p1a: Magnezone|Substitute
|-damage|p1a: Magnezone|76/100
|move|p2a: Jirachi|U-turn|p1a: Magnezone
|-resisted|p1a: Magnezone
|-activate|p1a: Magnezone|Substitute|[damage]
|
|t:|1713959245
|switch|p2a: Dragonite|Dragonite, M|100/100|[from] U-turn
|
|-heal|p1a: Magnezone|82/100|[from] item: Leftovers
|upkeep
|turn|3
|
|t:|1713959259
|move|p2a: Dragonite|Earthquake|p1a: Magnezone
|-supereffective|p1a: Magnezone
|-end|p1a: Magnezone|Substitute
|move|p1a: Magnezone|Magnet Rise|p1a: Magnezone
|-start|p1a: Magnezone|Magnet Rise
|
|-heal|p1a: Magnezone|88/100|[from] item: Leftovers
|upkeep
|turn|4
|
|t:|1713959274
|switch|p2a: Garchomp|Garchomp, F|100/100
|move|p1a: Magnezone|Substitute|p1a: Magnezone
|-start|p1a: Magnezone|Substitute
|-damage|p1a: Magnezone|63/100
|
|-heal|p1a: Magnezone|69/100|[from] item: Leftovers
|upkeep
|turn|5
|
|t:|1713959283
|move|p2a: Garchomp|Dual Chop|p1a: Magnezone
|-resisted|p1a: Magnezone
|-activate|p1a: Magnezone|Substitute|[damage]
|-resisted|p1a: Magnezone
|-activate|p1a: Magnezone|Substitute|[damage]
|-hitcount|p1a: Magnezone|2
|move|p1a: Magnezone|Hidden Power|p2a: Garchomp
|-supereffective|p2a: Garchomp
|-damage|p2a: Garchomp|0 fnt
|faint|p2a: Garchomp
|
|-heal|p1a: Magnezone|75/100|[from] item: Leftovers
|upkeep
|
|t:|1713959291
|switch|p2a: Magnezone|Magnezone|100/100
|-item|p2a: Magnezone|Air Balloon
|turn|6
|
|t:|1713959299
|move|p1a: Magnezone|Charge Beam|p2a: Magnezone
|-resisted|p2a: Magnezone
|-damage|p2a: Magnezone|83/100
|-boost|p1a: Magnezone|spa|1
|-enditem|p2a: Magnezone|Air Balloon
|move|p2a: Magnezone|Hidden Power|p1a: Magnezone
|-supereffective|p1a: Magnezone
|-end|p1a: Magnezone|Substitute
|
|-heal|p1a: Magnezone|81/100|[from] item: Leftovers
|upkeep
|turn|7
|
|t:|1713959307
|move|p1a: Magnezone|Charge Beam|p2a: Magnezone
|-resisted|p2a: Magnezone
|-damage|p2a: Magnezone|53/100
|move|p2a: Magnezone|Hidden Power|p1a: Magnezone
|-supereffective|p1a: Magnezone
|-damage|p1a: Magnezone|10/100
|
|-heal|p1a: Magnezone|17/100|[from] item: Leftovers
|-end|p1a: Magnezone|Magnet Rise
|upkeep
|turn|8
|
|t:|1713959314
|move|p1a: Magnezone|Charge Beam|p2a: Magnezone
|-resisted|p2a: Magnezone
|-damage|p2a: Magnezone|26/100
|move|p2a: Magnezone|Hidden Power|p1a: Magnezone
|-supereffective|p1a: Magnezone
|-damage|p1a: Magnezone|0 fnt
|faint|p1a: Magnezone
|
|upkeep
|
|t:|1713959346
|switch|p1a: Starmie|Starmie|100/100
|-damage|p1a: Starmie|88/100|[from] Stealth Rock
|-item|p1a: Starmie|Air Balloon
|turn|9
|
|t:|1713959361
|move|p1a: Starmie|Hydro Pump|p2a: Magnezone
|-damage|p2a: Magnezone|0 fnt
|faint|p2a: Magnezone
|
|upkeep
|
|t:|1713959368
|switch|p2a: Jirachi|Jirachi|100/100
|turn|10
|
|t:|1713959379
|move|p1a: Starmie|Rapid Spin|p2a: Jirachi
|-resisted|p2a: Jirachi
|-damage|p2a: Jirachi|99/100
|-sideend|p1: raphouuuuuu|Stealth Rock|[from] move: Rapid Spin|[of] p1a: Starmie
|move|p2a: Jirachi|Thunder|p1a: Starmie
|-supereffective|p1a: Starmie
|-damage|p1a: Starmie|2/100
|-enditem|p1a: Starmie|Air Balloon
|
|-heal|p2a: Jirachi|100/100|[from] item: Leftovers
|upkeep
|turn|11
|
|t:|1713959390
|move|p1a: Starmie|Hydro Pump|p2a: Jirachi
|-damage|p2a: Jirachi|70/100
|move|p2a: Jirachi|Stealth Rock|p1a: Starmie
|-sidestart|p1: raphouuuuuu|move: Stealth Rock
|
|-heal|p2a: Jirachi|76/100|[from] item: Leftovers
|upkeep
|turn|12
|
|t:|1713959395
|move|p1a: Starmie|Rapid Spin|p2a: Jirachi
|-resisted|p2a: Jirachi
|-damage|p2a: Jirachi|75/100
|-sideend|p1: raphouuuuuu|Stealth Rock|[from] move: Rapid Spin|[of] p1a: Starmie
|move|p2a: Jirachi|U-turn|p1a: Starmie
|-supereffective|p1a: Starmie
|-damage|p1a: Starmie|0 fnt
|faint|p1a: Starmie
|
|t:|1713959398
|switch|p2a: Dragonite|Dragonite, M|100/100|[from] U-turn
|
|upkeep
|
|t:|1713959411
|switch|p1a: Garchomp|Garchomp, M|100/100
|turn|13
|
|t:|1713959416
|move|p1a: Garchomp|Dual Chop|p2a: Dragonite
|-supereffective|p2a: Dragonite
|-damage|p2a: Dragonite|78/100
|-supereffective|p2a: Dragonite
|-damage|p2a: Dragonite|31/100
|-hitcount|p2a: Dragonite|2
|move|p2a: Dragonite|Outrage|p1a: Garchomp
|-supereffective|p1a: Garchomp
|-damage|p1a: Garchomp|0 fnt
|-damage|p2a: Dragonite|19/100|[from] ability: Rough Skin|[of] p1a: Garchomp
|faint|p1a: Garchomp
|
|upkeep
|
|t:|1713959431
|switch|p1a: Latios|Latios, M|100/100
|turn|14
|
|t:|1713959437
|move|p1a: Latios|Dragon Pulse|p2a: Dragonite
|-supereffective|p2a: Dragonite
|-damage|p2a: Dragonite|0 fnt
|faint|p2a: Dragonite
|
|upkeep
|
|t:|1713959440
|switch|p2a: Jirachi|Jirachi|75/100
|turn|15
|
|t:|1713959447
|switch|p1a: Jirachi|Jirachi|100/100
|move|p2a: Jirachi|Stealth Rock|p1a: Jirachi
|-sidestart|p1: raphouuuuuu|move: Stealth Rock
|
|-heal|p2a: Jirachi|81/100|[from] item: Leftovers
|upkeep
|turn|16
|
|t:|1713959462
|move|p1a: Jirachi|Body Slam|p2a: Jirachi
|-resisted|p2a: Jirachi
|-damage|p2a: Jirachi|73/100
|move|p2a: Jirachi|U-turn|p1a: Jirachi
|-damage|p1a: Jirachi|87/100
|
|t:|1713959468
|switch|p2a: Kyurem|Kyurem-Black|100/100|[from] U-turn
|-ability|p2a: Kyurem|Teravolt
|
|-heal|p1a: Jirachi|93/100|[from] item: Leftovers
|upkeep
|turn|17
|
|t:|1713959478
|move|p2a: Kyurem|Fusion Bolt|p1a: Jirachi
|-damage|p1a: Jirachi|39/100
|move|p1a: Jirachi|Iron Head|p2a: Kyurem
|-supereffective|p2a: Kyurem
|-damage|p2a: Kyurem|57/100
|
|-heal|p1a: Jirachi|45/100|[from] item: Leftovers
|upkeep
|turn|18
|
|t:|1713959486
|move|p1a: Jirachi|Protect|p1a: Jirachi
|-singleturn|p1a: Jirachi|Protect
|move|p2a: Kyurem|Fusion Bolt|p1a: Jirachi
|-activate|p1a: Jirachi|move: Protect
|
|-heal|p1a: Jirachi|51/100|[from] item: Leftovers
|upkeep
|turn|19
|
|t:|1713959491
|move|p2a: Kyurem|Fusion Bolt|p1a: Jirachi
|-damage|p1a: Jirachi|0 fnt
|faint|p1a: Jirachi
|
|upkeep
|
|t:|1713959511
|switch|p1a: Latios|Latios, M|100/100
|-damage|p1a: Latios|88/100|[from] Stealth Rock
|turn|20
|
|t:|1713959514
|move|p1a: Latios|Trick|p2a: Kyurem
|-activate|p1a: Latios|move: Trick|[of] p2a: Kyurem
|-item|p2a: Kyurem|Choice Specs|[from] move: Trick
|-item|p1a: Latios|Choice Band|[from] move: Trick
|move|p2a: Kyurem|Fusion Bolt|p1a: Latios
|-resisted|p1a: Latios
|-crit|p1a: Latios
|-damage|p1a: Latios|27/100
|
|upkeep
|turn|21
|
|t:|1713959522
|switch|p1a: Dragonite|Dragonite, M|100/100
|-damage|p1a: Dragonite|76/100|[from] Stealth Rock
|move|p2a: Kyurem|Fusion Bolt|p1a: Dragonite
|-damage|p1a: Dragonite|26/100
|
|upkeep
|turn|22
|-message|raphouuuuuu forfeited.
|
|win|SEUIf
|raw|raphouuuuuu's rating: 1312 &rarr; <strong>1293</strong><br />(-19 for losing)
|raw|SEUIf's rating: 1321 &rarr; <strong>1340</strong><br />(+19 for winning)
|l|☆raphouuuuuu
|player|p1|
