|j|☆Primary Trout
|j|☆sidis
|t:|1710645197
|gametype|singles
|player|p1|Primary Trout|clay|1417
|player|p2|sidis|iris-gen5bw2|1384
|teamsize|p1|6
|teamsize|p2|6
|gen|5
|tier|[Gen 5] OU
|rated|
|rule|Species Clause: Limit one of each Pokémon
|rule|OHKO Clause: OHKO moves are banned
|rule|Moody Clause: Moody is banned
|rule|Evasion Items Clause: Evasion items are banned
|rule|Evasion Moves Clause: Evasion moves are banned
|rule|Endless Battle Clause: Forcing endless battles is banned
|rule|HP Percentage Mod: HP is shown in percentages
|rule|Evasion Abilities Clause: Evasion abilities are banned
|rule|Sleep Moves Clause: Sleep-inducing moves are banned
|rule|Swagger Clause: Swagger is banned
|rule|Baton Pass Stat Clause: No Baton Passer may have a way to boost its stats
|clearpoke
|poke|p1|Tyranitar, F|item
|poke|p1|Reuniclus, F|item
|poke|p1|Jirachi|item
|poke|p1|Rotom-Wash|item
|poke|p1|Latios, M|item
|poke|p1|Skarmory, M|item
|poke|p2|Garchomp, F|item
|poke|p2|Haxorus, M|item
|poke|p2|Scizor, F|item
|poke|p2|Rotom-Wash|item
|poke|p2|Starmie|item
|poke|p2|Landorus-Therian, M|item
|teampreview
|inactive|Battle timer is ON: inactive players will automatically lose when time's up. (requested by Primary Trout)
|
|t:|1710645201
|start
|switch|p1a: Rotom|Rotom-Wash|100/100
|switch|p2a: Landorus|Landorus-Therian, M|100/100
|-ability|p2a: Landorus|Intimidate|boost
|-unboost|p1a: Rotom|atk|1
|turn|1
|
|t:|1710645204
|move|p2a: Landorus|Stealth Rock|p1a: Rotom
|-sidestart|p1: Primary Trout|move: Stealth Rock
|move|p1a: Rotom|Hydro Pump|p2a: Landorus
|-supereffective|p2a: Landorus
|-enditem|p2a: Landorus|Focus Sash
|-damage|p2a: Landorus|1/100
|
|upkeep
|turn|2
|
|t:|1710645208
|switch|p1a: Skarmory|Skarmory, M|100/100
|-damage|p1a: Skarmory|88/100|[from] Stealth Rock
|move|p2a: Landorus|Gravity|p2a: Landorus
|-fieldstart|move: Gravity
|
|upkeep
|turn|3
|
|t:|1710645214
|move|p2a: Landorus|Earthquake|p1a: Skarmory
|-supereffective|p1a: Skarmory
|-damage|p1a: Skarmory|27/100
|move|p1a: Skarmory|Stealth Rock|p2a: Landorus
|-sidestart|p2: sidis|move: Stealth Rock
|
|upkeep
|turn|4
|
|t:|1710645220
|move|p2a: Landorus|Earthquake|p1a: Skarmory
|-supereffective|p1a: Skarmory
|-damage|p1a: Skarmory|0 fnt
|faint|p1a: Skarmory
|
|upkeep
|
|t:|1710645224
|switch|p1a: Tyranitar|Tyranitar, F|100/100
|-damage|p1a: Tyranitar|88/100|[from] Stealth Rock
|-weather|Sandstorm|[from] ability: Sand Stream|[of] p1a: Tyranitar
|turn|5
|raw|<div class="broadcast-red"><b>The server is restarting soon.</b><br />Please finish your battles quickly. No new battles can be started until the server resets in a few minutes.</div>
|inactive|staff also wants the timer to be on.
|raw|<div class="broadcast-red"><b>Moderated chat was set to +!</b><br />Only users of rank + and higher can talk.</div>
|
|t:|1710645227
|move|p1a: Tyranitar|Pursuit|p2a: Landorus
|-damage|p2a: Landorus|0 fnt
|faint|p2a: Landorus
|
|-weather|Sandstorm|[upkeep]
|upkeep
|
|t:|1710645231
|switch|p2a: Garchomp|Garchomp, F|100/100
|-damage|p2a: Garchomp|94/100|[from] Stealth Rock
|turn|6
|
|t:|1710645236
|switch|p1a: Latios|Latios, M|100/100
|-damage|p1a: Latios|88/100|[from] Stealth Rock
|move|p2a: Garchomp|Earthquake|p1a: Latios
|-damage|p1a: Latios|0 fnt
|faint|p1a: Latios
|
|-weather|Sandstorm|[upkeep]
|-fieldend|move: Gravity
|upkeep
|
|t:|1710645241
|switch|p1a: Rotom|Rotom-Wash|100/100
|-damage|p1a: Rotom|88/100|[from] Stealth Rock
|turn|7
|
|t:|1710645247
|switch|p2a: Rotom|Rotom-Wash|100/100
|-damage|p2a: Rotom|88/100|[from] Stealth Rock
|move|p1a: Rotom|Volt Switch|p2a: Rotom
|-damage|p2a: Rotom|67/100
|
|t:|1710645253
|switch|p1a: Reuniclus|Reuniclus, F|100/100|[from] Volt Switch
|
|-weather|Sandstorm|[upkeep]
|-damage|p2a: Rotom|61/100|[from] Sandstorm
|upkeep
|turn|8
|
|t:|1710645255
|move|p2a: Rotom|Volt Switch|p1a: Reuniclus
|-damage|p1a: Reuniclus|77/100
|
|t:|1710645262
|switch|p2a: Starmie|Starmie|100/100|[from] Volt Switch
|-damage|p2a: Starmie|88/100|[from] Stealth Rock
|move|p1a: Reuniclus|Psychic|p2a: Starmie
|-resisted|p2a: Starmie
|-damage|p2a: Starmie|42/100
|-unboost|p2a: Starmie|spd|1
|
|-weather|Sandstorm|[upkeep]
|-damage|p2a: Starmie|36/100|[from] Sandstorm
|upkeep
|turn|9
|
|t:|1710645267
|move|p2a: Starmie|Rapid Spin|p1a: Reuniclus
|-damage|p1a: Reuniclus|73/100
|-sideend|p2: sidis|Stealth Rock|[from] move: Rapid Spin|[of] p2a: Starmie
|-damage|p2a: Starmie|26/100|[from] item: Life Orb
|move|p1a: Reuniclus|Signal Beam|p2a: Starmie
|-supereffective|p2a: Starmie
|-damage|p2a: Starmie|0 fnt
|faint|p2a: Starmie
|
|-weather|Sandstorm|[upkeep]
|upkeep
|
|t:|1710645270
|switch|p2a: Haxorus|Haxorus, M, shiny|100/100
|-ability|p2a: Haxorus|Mold Breaker
|turn|10
|
|t:|1710645273
|move|p2a: Haxorus|Outrage|p1a: Reuniclus
|-damage|p1a: Reuniclus|0 fnt
|faint|p1a: Reuniclus
|
|-weather|Sandstorm|[upkeep]
|-damage|p2a: Haxorus|94/100|[from] Sandstorm
|upkeep
|
|t:|1710645276
|switch|p1a: Jirachi|Jirachi|100/100
|-damage|p1a: Jirachi|94/100|[from] Stealth Rock
|turn|11
|
|t:|1710645278
|move|p1a: Jirachi|Icy Wind|p2a: Haxorus
|-supereffective|p2a: Haxorus
|-damage|p2a: Haxorus|55/100
|-unboost|p2a: Haxorus|spe|1
|move|p2a: Haxorus|Outrage|p1a: Jirachi|[from]lockedmove
|-resisted|p1a: Jirachi
|-damage|p1a: Jirachi|43/100
|
|-weather|Sandstorm|[upkeep]
|-damage|p2a: Haxorus|49/100|[from] Sandstorm
|-heal|p1a: Jirachi|50/100|[from] item: Leftovers
|upkeep
|turn|12
|
|t:|1710645287
|move|p1a: Jirachi|Iron Head|p2a: Haxorus
|-damage|p2a: Haxorus|11/100
|cant|p2a: Haxorus|flinch
|
|-weather|Sandstorm|[upkeep]
|-damage|p2a: Haxorus|5/100|[from] Sandstorm
|-heal|p1a: Jirachi|56/100|[from] item: Leftovers
|-start|p2a: Haxorus|confusion|[fatigue]
|upkeep
|turn|13
|
|t:|1710645294
|switch|p2a: Rotom|Rotom-Wash|61/100
|move|p1a: Jirachi|Icy Wind|p2a: Rotom
|-resisted|p2a: Rotom
|-damage|p2a: Rotom|56/100
|-unboost|p2a: Rotom|spe|1
|
|-weather|Sandstorm|[upkeep]
|-damage|p2a: Rotom|50/100|[from] Sandstorm
|-heal|p1a: Jirachi|62/100|[from] item: Leftovers
|upkeep
|turn|14
|
|t:|1710645298
|move|p1a: Jirachi|Thunder|p2a: Rotom|[miss]
|-miss|p1a: Jirachi|p2a: Rotom
|move|p2a: Rotom|Rest|p2a: Rotom
|-status|p2a: Rotom|slp|[from] move: Rest
|-heal|p2a: Rotom|100/100 slp|[silent]
|-enditem|p2a: Rotom|Chesto Berry|[eat]
|-curestatus|p2a: Rotom|slp|[msg]
|
|-weather|Sandstorm|[upkeep]
|-damage|p2a: Rotom|95/100|[from] Sandstorm
|-heal|p1a: Jirachi|68/100|[from] item: Leftovers
|upkeep
|turn|15
|
|t:|1710645301
|move|p1a: Jirachi|Thunder|p2a: Rotom
|-damage|p2a: Rotom|71/100
|move|p2a: Rotom|Volt Switch|p1a: Jirachi
|-damage|p1a: Jirachi|47/100
|
|t:|1710645314
|switch|p2a: Scizor|Scizor, F|100/100|[from] Volt Switch
|
|-weather|Sandstorm|[upkeep]
|-heal|p1a: Jirachi|53/100|[from] item: Leftovers
|upkeep
|turn|16
|
|t:|1710645317
|move|p2a: Scizor|U-turn|p1a: Jirachi
|-damage|p1a: Jirachi|19/100
|
|t:|1710645319
|switch|p2a: Rotom|Rotom-Wash|71/100|[from] U-turn
|move|p1a: Jirachi|Fire Punch|p2a: Rotom
|-resisted|p2a: Rotom
|-damage|p2a: Rotom|63/100
|
|-weather|Sandstorm|[upkeep]
|-damage|p2a: Rotom|57/100|[from] Sandstorm
|-heal|p1a: Jirachi|25/100|[from] item: Leftovers
|upkeep
|turn|17
|
|t:|1710645323
|move|p1a: Jirachi|Icy Wind|p2a: Rotom
|-resisted|p2a: Rotom
|-damage|p2a: Rotom|52/100
|-unboost|p2a: Rotom|spe|1
|move|p2a: Rotom|Volt Switch|p1a: Jirachi
|-damage|p1a: Jirachi|3/100
|
|t:|1710645325
|switch|p2a: Scizor|Scizor, F|100/100|[from] Volt Switch
|
|-weather|Sandstorm|[upkeep]
|-heal|p1a: Jirachi|9/100|[from] item: Leftovers
|upkeep
|turn|18
|
|t:|1710645329
|move|p2a: Scizor|U-turn|p1a: Jirachi
|-damage|p1a: Jirachi|0 fnt
|faint|p1a: Jirachi
|
|t:|1710645337
|switch|p2a: Rotom|Rotom-Wash|52/100|[from] U-turn
|
|-weather|Sandstorm|[upkeep]
|-damage|p2a: Rotom|46/100|[from] Sandstorm
|upkeep
|
|t:|1710645340
|switch|p1a: Tyranitar|Tyranitar, F|88/100
|-damage|p1a: Tyranitar|76/100|[from] Stealth Rock
|turn|19
|
|t:|1710645343
|move|p1a: Tyranitar|Stone Edge|p2a: Rotom
|-damage|p2a: Rotom|0 fnt
|faint|p2a: Rotom
|
|-weather|Sandstorm|[upkeep]
|upkeep
|
|t:|1710645346
|switch|p2a: Garchomp|Garchomp, F|94/100
|turn|20
|
|t:|1710645349
|switch|p1a: Rotom|Rotom-Wash|88/100
|-damage|p1a: Rotom|75/100|[from] Stealth Rock
|move|p2a: Garchomp|Outrage|p1a: Rotom
|-damage|p1a: Rotom|0 fnt
|faint|p1a: Rotom
|
|-weather|Sandstorm|[upkeep]
|upkeep
|
|t:|1710645351
|switch|p1a: Tyranitar|Tyranitar, F|76/100
|-damage|p1a: Tyranitar|64/100|[from] Stealth Rock
|turn|21
|
|t:|1710645354
|move|p1a: Tyranitar|Pursuit|p2a: Garchomp
|-damage|p2a: Garchomp|73/100
|-damage|p1a: Tyranitar|51/100|[from] ability: Rough Skin|[of] p2a: Garchomp
|move|p2a: Garchomp|Outrage|p1a: Tyranitar|[from]lockedmove
|-damage|p1a: Tyranitar|0 fnt
|faint|p1a: Tyranitar
|-start|p2a: Garchomp|confusion|[fatigue]
|
|win|sidis
|raw|Primary Trout's rating: 1417 &rarr; <strong>1395</strong><br />(-22 for losing)
|raw|sidis's rating: 1384 &rarr; <strong>1406</strong><br />(+22 for winning)
