|j|☆jpgcompression
|j|☆TheFireWithin100
|t:|1739916338
|gametype|singles
|player|p1|jpgcompression|beauty-gen4dp|1379
|player|p2|TheFireWithin100|blackbelt-gen4dp|1329
|teamsize|p1|6
|teamsize|p2|6
|gen|5
|tier|[Gen 5] OU
|rated|
|rule|Species Clause: Limit one of each Pokémon
|rule|OHKO Clause: OHKO moves are banned
|rule|Moody Clause: Moody is banned
|rule|Evasion Items Clause: Evasion items are banned
|rule|Evasion Moves Clause: Evasion moves are banned
|rule|Endless Battle Clause: Forcing endless battles is banned
|rule|HP Percentage Mod: HP is shown in percentages
|rule|Evasion Abilities Clause: Evasion abilities are banned
|rule|Sleep Moves Clause: Sleep-inducing moves are banned
|rule|Swagger Clause: Swagger is banned
|rule|Baton Pass Stat Clause: No Baton Passer may have a way to boost its stats
|clearpoke
|poke|p1|Magnezone|item
|poke|p1|Jirachi|item
|poke|p1|Kyurem-Black|item
|poke|p1|Latios, M|item
|poke|p1|Garchomp, F|item
|poke|p1|Mamoswine, M|item
|poke|p2|Tyranitar, F|item
|poke|p2|Aerodactyl, F|item
|poke|p2|Heatran, M|item
|poke|p2|Golduck, M|item
|poke|p2|Breloom, M|item
|poke|p2|Golurk|item
|teampreview
|inactive|Battle timer is ON: inactive players will automatically lose when time's up. (requested by jpgcompression)
|
|t:|1739916364
|start
|switch|p1a: Jirachi|Jirachi|100/100
|switch|p2a: Aerodactyl|Aerodactyl, F|100/100
|turn|1
|
|t:|1739916374
|move|p2a: Aerodactyl|Taunt|p1a: Jirachi
|-start|p1a: Jirachi|move: Taunt
|move|p1a: Jirachi|Thunder|p2a: Aerodactyl|[miss]
|-miss|p1a: Jirachi|p2a: Aerodactyl
|
|upkeep
|turn|2
|
|t:|1739916384
|move|p2a: Aerodactyl|Stealth Rock|p1a: Jirachi
|-sidestart|p1: jpgcompression|move: Stealth Rock
|move|p1a: Jirachi|U-turn|p2a: Aerodactyl
|-resisted|p2a: Aerodactyl
|-damage|p2a: Aerodactyl|87/100
|
|t:|1739916391
|switch|p1a: Garchomp|Garchomp, F|100/100|[from] U-turn
|-damage|p1a: Garchomp|94/100|[from] Stealth Rock
|
|upkeep
|turn|3
|
|t:|1739916407
|move|p1a: Garchomp|Stealth Rock|p2a: Aerodactyl
|-sidestart|p2: TheFireWithin100|move: Stealth Rock
|move|p2a: Aerodactyl|Earthquake|p1a: Garchomp
|-damage|p1a: Garchomp|67/100
|
|upkeep
|turn|4
|
|t:|1739916421
|switch|p1a: Jirachi|Jirachi|100/100
|-damage|p1a: Jirachi|94/100|[from] Stealth Rock
|move|p2a: Aerodactyl|Stone Edge|p1a: Jirachi|[miss]
|-miss|p2a: Aerodactyl|p1a: Jirachi
|
|-heal|p1a: Jirachi|100/100|[from] item: Leftovers
|upkeep
|turn|5
|
|t:|1739916431
|move|p2a: Aerodactyl|Earthquake|p1a: Jirachi
|-supereffective|p1a: Jirachi
|-damage|p1a: Jirachi|52/100
|move|p1a: Jirachi|Icy Wind|p2a: Aerodactyl
|-supereffective|p2a: Aerodactyl
|-damage|p2a: Aerodactyl|53/100
|-unboost|p2a: Aerodactyl|spe|1
|
|-heal|p1a: Jirachi|59/100|[from] item: Leftovers
|upkeep
|turn|6
|
|t:|1739916441
|move|p2a: Aerodactyl|Earthquake|p1a: Jirachi
|-supereffective|p1a: Jirachi
|-damage|p1a: Jirachi|9/100
|move|p1a: Jirachi|Thunder|p2a: Aerodactyl
|-supereffective|p2a: Aerodactyl
|-damage|p2a: Aerodactyl|0 fnt
|faint|p2a: Aerodactyl
|
|-heal|p1a: Jirachi|15/100|[from] item: Leftovers
|upkeep
|inactive|TheFireWithin100 has 120 seconds left.
|
|t:|1739916472
|switch|p2a: Breloom|Breloom, M|100/100
|-damage|p2a: Breloom|94/100|[from] Stealth Rock
|turn|7
|inactive|TheFireWithin100 has 120 seconds left.
|
|t:|1739916482
|move|p2a: Breloom|Low Sweep|p1a: Jirachi
|-damage|p1a: Jirachi|0 fnt
|faint|p1a: Jirachi
|
|upkeep
|inactive|jpgcompression has 120 seconds left.
|
|t:|1739916516
|switch|p1a: Kyurem|Kyurem-Black|100/100
|-damage|p1a: Kyurem|76/100|[from] Stealth Rock
|-ability|p1a: Kyurem|Teravolt
|turn|8
|inactive|jpgcompression has 120 seconds left.
|inactive|TheFireWithin100 has 120 seconds left.
|
|t:|1739916532
|switch|p2a: Heatran|Heatran, M|100/100
|-damage|p2a: Heatran|88/100|[from] Stealth Rock
|-item|p2a: Heatran|Air Balloon
|move|p1a: Kyurem|Dragon Claw|p2a: Heatran
|-resisted|p2a: Heatran
|-damage|p2a: Heatran|51/100
|-enditem|p2a: Heatran|Air Balloon
|
|upkeep
|turn|9
|inactive|TheFireWithin100 has 120 seconds left.
|inactive|jpgcompression has 120 seconds left.
|
|t:|1739916546
|switch|p1a: Garchomp|Garchomp, F|67/100
|-damage|p1a: Garchomp|60/100|[from] Stealth Rock
|move|p2a: Heatran|Will-O-Wisp|p1a: Garchomp
|-status|p1a: Garchomp|brn
|
|-damage|p1a: Garchomp|48/100 brn|[from] brn
|upkeep
|turn|10
|inactive|TheFireWithin100 has 120 seconds left.
|inactive|jpgcompression has 120 seconds left.
|
|t:|1739916563
|switch|p2a: Golurk|Golurk|100/100
|-damage|p2a: Golurk|94/100|[from] Stealth Rock
|move|p1a: Garchomp|Earthquake|p2a: Golurk
|-damage|p2a: Golurk|64/100
|
|-damage|p1a: Garchomp|36/100 brn|[from] brn
|upkeep
|turn|11
|inactive|TheFireWithin100 has 120 seconds left.
|
|t:|1739916582
|move|p1a: Garchomp|Earthquake|p2a: Golurk
|-damage|p2a: Golurk|37/100
|move|p2a: Golurk|Ice Punch|p1a: Garchomp
|-supereffective|p1a: Garchomp
|-damage|p1a: Garchomp|0 fnt
|-damage|p2a: Golurk|25/100|[from] ability: Rough Skin|[of] p1a: Garchomp
|faint|p1a: Garchomp
|
|upkeep
|inactive|jpgcompression has 120 seconds left.
|
|t:|1739916593
|switch|p1a: Mamoswine|Mamoswine, M|100/100
|-damage|p1a: Mamoswine|88/100|[from] Stealth Rock
|turn|12
|inactive|TheFireWithin100 has 120 seconds left.
|
|t:|1739916603
|move|p1a: Mamoswine|Ice Shard|p2a: Golurk
|-supereffective|p2a: Golurk
|-damage|p2a: Golurk|0 fnt
|faint|p2a: Golurk
|
|-heal|p1a: Mamoswine|94/100|[from] item: Leftovers
|upkeep
|inactive|TheFireWithin100 has 90 seconds left.
|
|t:|1739916636
|switch|p2a: Breloom|Breloom, M|94/100
|-damage|p2a: Breloom|88/100|[from] Stealth Rock
|turn|13
|
|t:|1739916642
|move|p2a: Breloom|Mach Punch|p1a: Mamoswine
|-supereffective|p1a: Mamoswine
|-damage|p1a: Mamoswine|0 fnt
|faint|p1a: Mamoswine
|
|upkeep
|
|t:|1739916653
|switch|p1a: Latios|Latios, M|100/100
|-damage|p1a: Latios|88/100|[from] Stealth Rock
|turn|14
|
|t:|1739916672
|switch|p1a: Magnezone|Magnezone|100/100
|-damage|p1a: Magnezone|94/100|[from] Stealth Rock
|-item|p1a: Magnezone|Air Balloon
|switch|p2a: Tyranitar|Tyranitar, F|100/100
|-damage|p2a: Tyranitar|88/100|[from] Stealth Rock
|-weather|Sandstorm|[from] ability: Sand Stream|[of] p2a: Tyranitar
|
|-weather|Sandstorm|[upkeep]
|upkeep
|turn|15
|inactive|TheFireWithin100 has 90 seconds left.
|
|t:|1739916694
|move|p2a: Tyranitar|Dragon Dance|p2a: Tyranitar
|-boost|p2a: Tyranitar|atk|1
|-boost|p2a: Tyranitar|spe|1
|move|p1a: Magnezone|Magnet Rise|p1a: Magnezone
|-start|p1a: Magnezone|Magnet Rise
|
|-weather|Sandstorm|[upkeep]
|upkeep
|turn|16
|inactive|TheFireWithin100 has 90 seconds left.
|
|t:|1739916705
|move|p2a: Tyranitar|Superpower|p1a: Magnezone
|-supereffective|p1a: Magnezone
|-damage|p1a: Magnezone|0 fnt
|-unboost|p2a: Tyranitar|atk|1
|-unboost|p2a: Tyranitar|def|1
|-enditem|p1a: Magnezone|Air Balloon
|faint|p1a: Magnezone
|
|-weather|Sandstorm|[upkeep]
|upkeep
|
|t:|1739916716
|switch|p1a: Latios|Latios, M|88/100
|-damage|p1a: Latios|76/100|[from] Stealth Rock
|turn|17
|
|t:|1739916729
|move|p1a: Latios|Surf|p2a: Tyranitar
|-supereffective|p2a: Tyranitar
|-damage|p2a: Tyranitar|44/100
|move|p2a: Tyranitar|Dragon Dance|p2a: Tyranitar
|-boost|p2a: Tyranitar|atk|1
|-boost|p2a: Tyranitar|spe|1
|
|-weather|Sandstorm|[upkeep]
|-damage|p1a: Latios|70/100|[from] Sandstorm
|upkeep
|turn|18
|
|t:|1739916739
|move|p1a: Latios|Surf|p2a: Tyranitar
|-supereffective|p2a: Tyranitar
|-damage|p2a: Tyranitar|0 fnt
|faint|p2a: Tyranitar
|
|-weather|Sandstorm|[upkeep]
|-damage|p1a: Latios|64/100|[from] Sandstorm
|upkeep
|inactive|TheFireWithin100 has 90 seconds left.
|
|t:|1739916756
|switch|p2a: Golduck|Golduck, M|100/100
|-damage|p2a: Golduck|88/100|[from] Stealth Rock
|-ability|p2a: Golduck|Cloud Nine
|turn|19
|inactive|TheFireWithin100 has 90 seconds left.
|
|t:|1739916776
|switch|p1a: Kyurem|Kyurem-Black|76/100
|-damage|p1a: Kyurem|51/100|[from] Stealth Rock
|-ability|p1a: Kyurem|Teravolt
|move|p2a: Golduck|Ice Beam|p1a: Kyurem
|-damage|p1a: Kyurem|25/100
|
|-weather|Sandstorm|[upkeep]
|upkeep
|turn|20
|
|t:|1739916786
|move|p2a: Golduck|Ice Beam|p1a: Kyurem
|-damage|p1a: Kyurem|1/100
|move|p1a: Kyurem|Outrage|p2a: Golduck
|-damage|p2a: Golduck|0 fnt
|faint|p2a: Golduck
|
|-weather|Sandstorm|[upkeep]
|-damage|p1a: Kyurem|0 fnt|[from] Sandstorm
|faint|p1a: Kyurem
|upkeep
|
|t:|1739916806
|switch|p2a: Heatran|Heatran, M|51/100
|switch|p1a: Latios|Latios, M|64/100
|-damage|p1a: Latios|52/100|[from] Stealth Rock
|-damage|p2a: Heatran|38/100|[from] Stealth Rock
|turn|21
|
|t:|1739916823
|move|p1a: Latios|Surf|p2a: Heatran
|-supereffective|p2a: Heatran
|-damage|p2a: Heatran|0 fnt
|faint|p2a: Heatran
|
|-weather|Sandstorm|[upkeep]
|-damage|p1a: Latios|46/100|[from] Sandstorm
|upkeep
|
|t:|1739916831
|switch|p2a: Breloom|Breloom, M|88/100
|-damage|p2a: Breloom|82/100|[from] Stealth Rock
|turn|22
|
|t:|1739916835
|move|p2a: Breloom|Mach Punch|p1a: Latios
|-resisted|p1a: Latios
|-damage|p1a: Latios|12/100
|move|p1a: Latios|Surf|p2a: Breloom
|-resisted|p2a: Breloom
|-damage|p2a: Breloom|48/100
|
|-weather|Sandstorm|[upkeep]
|-damage|p1a: Latios|6/100|[from] Sandstorm
|-damage|p2a: Breloom|42/100|[from] Sandstorm
|upkeep
|turn|23
|
|t:|1739916845
|move|p2a: Breloom|Mach Punch|p1a: Latios
|-resisted|p1a: Latios
|-damage|p1a: Latios|0 fnt
|faint|p1a: Latios
|
|win|TheFireWithin100
|raw|jpgcompression's rating: 1379 &rarr; <strong>1356</strong><br />(-23 for losing)
|raw|TheFireWithin100's rating: 1329 &rarr; <strong>1352</strong><br />(+23 for winning)
|c|☆jpgcompression|gg
|l|☆jpgcompression
|player|p1|
