|html|<div class="broadcast-blue"><strong>[Gen 5] OU is currently suspecting Volcarona & Cloyster! For information on how to participate check out the <a href="https://www.smogon.com/forums/threads/re-cloyster-volcarona-in-bw-ou-survey-post-29.3731863/page-2#post-9904362">suspect thread</a>.</strong></div>
|j|☆sniping bwvcs
|j|☆Nalorium ⧳
|t:|1704478036
|gametype|singles
|player|p1|sniping bwvcs|101|1343
|player|p2|Nalorium ⧳|#wcop2023latinamerica|1519
|teamsize|p1|6
|teamsize|p2|6
|gen|5
|tier|[Gen 5] OU
|rated|
|rule|Species Clause: Limit one of each Pokémon
|rule|OHKO Clause: OHKO moves are banned
|rule|Moody Clause: Moody is banned
|rule|Evasion Items Clause: Evasion items are banned
|rule|Evasion Moves Clause: Evasion moves are banned
|rule|Endless Battle Clause: Forcing endless battles is banned
|rule|HP Percentage Mod: HP is shown in percentages
|rule|Evasion Abilities Clause: Evasion abilities are banned
|rule|Sleep Moves Clause: Sleep-inducing moves are banned
|rule|Swagger Clause: Swagger is banned
|rule|Baton Pass Stat Clause: No Baton Passer may have a way to boost its stats
|clearpoke
|poke|p1|Tyranitar, F|item
|poke|p1|Keldeo|item
|poke|p1|Landorus-Therian, M|item
|poke|p1|Rotom-Wash|item
|poke|p1|Excadrill, F|item
|poke|p1|Celebi|item
|poke|p2|Salamence, F|item
|poke|p2|Magnezone|item
|poke|p2|Excadrill, M|item
|poke|p2|Latios, M|item
|poke|p2|Mew|item
|poke|p2|Landorus-Therian, M|item
|teampreview
|
|t:|1704478062
|start
|switch|p1a: Landorus|Landorus-Therian, M|100/100
|switch|p2a: Latios|Latios, M|100/100
|-ability|p1a: Landorus|Intimidate|boost
|-unboost|p2a: Latios|atk|1
|turn|1
|
|t:|1704478067
|move|p1a: Landorus|U-turn|p2a: Latios
|-supereffective|p2a: Latios
|-damage|p2a: Latios|36/100
|
|t:|1704478070
|switch|p1a: Celebi|Celebi|100/100|[from] U-turn
|move|p2a: Latios|Calm Mind|p2a: Latios
|-boost|p2a: Latios|spa|1
|-boost|p2a: Latios|spd|1
|
|upkeep
|turn|2
|
|t:|1704478076
|move|p2a: Latios|Draco Meteor|p1a: Celebi
|-damage|p1a: Celebi|31/100
|-unboost|p2a: Latios|spa|2
|move|p1a: Celebi|Stealth Rock|p2a: Latios
|-sidestart|p2: Nalorium ⧳|move: Stealth Rock
|
|-heal|p1a: Celebi|38/100|[from] item: Leftovers
|upkeep
|turn|3
|
|t:|1704478084
|move|p2a: Latios|Calm Mind|p2a: Latios
|-boost|p2a: Latios|spa|1
|-boost|p2a: Latios|spd|1
|move|p1a: Celebi|U-turn|p2a: Latios
|-supereffective|p2a: Latios
|-damage|p2a: Latios|0 fnt
|faint|p2a: Latios
|
|t:|1704478088
|switch|p1a: Landorus|Landorus-Therian, M|100/100|[from] U-turn
|
|upkeep
|
|t:|1704478092
|switch|p2a: Magnezone|Magnezone|100/100
|-damage|p2a: Magnezone|94/100|[from] Stealth Rock
|turn|4
|
|t:|1704478095
|switch|p2a: Landorus|Landorus-Therian, M|100/100
|-damage|p2a: Landorus|88/100|[from] Stealth Rock
|-ability|p2a: Landorus|Intimidate|boost
|-unboost|p1a: Landorus|atk|1
|move|p1a: Landorus|U-turn|p2a: Landorus
|-resisted|p2a: Landorus
|-damage|p2a: Landorus|82/100
|
|t:|1704478099
|switch|p1a: Keldeo|Keldeo|100/100|[from] U-turn
|
|-heal|p2a: Landorus|88/100|[from] item: Leftovers
|upkeep
|turn|5
|
|t:|1704478102
|switch|p2a: Mew|Mew|100/100
|-damage|p2a: Mew|88/100|[from] Stealth Rock
|move|p1a: Keldeo|Surf|p2a: Mew
|-damage|p2a: Mew|21/100
|
|-heal|p2a: Mew|27/100|[from] item: Leftovers
|upkeep
|turn|6
|
|t:|1704478104
|switch|p2a: Salamence|Salamence, F|100/100
|-damage|p2a: Salamence|76/100|[from] Stealth Rock
|move|p1a: Keldeo|Surf|p2a: Salamence
|-resisted|p2a: Salamence
|-damage|p2a: Salamence|27/100
|
|upkeep
|turn|7
|
|t:|1704478114
|switch|p1a: Landorus|Landorus-Therian, M|100/100
|-ability|p1a: Landorus|Intimidate|boost
|-unboost|p2a: Salamence|atk|1
|move|p2a: Salamence|Fire Blast|p1a: Landorus
|-damage|p1a: Landorus|57/100
|-status|p1a: Landorus|brn
|
|-damage|p1a: Landorus|45/100 brn|[from] brn
|upkeep
|turn|8
|
|t:|1704478119
|move|p2a: Salamence|Fire Blast|p1a: Landorus
|-damage|p1a: Landorus|4/100 brn
|move|p1a: Landorus|U-turn|p2a: Salamence
|-resisted|p2a: Salamence
|-damage|p2a: Salamence|19/100
|
|t:|1704478144
|switch|p1a: Keldeo|Keldeo|100/100|[from] U-turn
|
|upkeep
|turn|9
|
|t:|1704478147
|move|p2a: Salamence|Fire Blast|p1a: Keldeo
|-resisted|p1a: Keldeo
|-damage|p1a: Keldeo|84/100
|move|p1a: Keldeo|Surf|p2a: Salamence
|-resisted|p2a: Salamence
|-damage|p2a: Salamence|0 fnt
|faint|p2a: Salamence
|
|upkeep
|
|t:|1704478150
|switch|p2a: Magnezone|Magnezone|94/100
|-damage|p2a: Magnezone|88/100|[from] Stealth Rock
|turn|10
|
|t:|1704478155
|switch|p1a: Celebi|Celebi|38/100
|move|p2a: Magnezone|Substitute|p2a: Magnezone
|-start|p2a: Magnezone|Substitute
|-damage|p2a: Magnezone|63/100
|
|-heal|p1a: Celebi|44/100|[from] item: Leftovers
|-heal|p2a: Magnezone|70/100|[from] item: Leftovers
|upkeep
|turn|11
|
|t:|1704478159
|move|p1a: Celebi|U-turn|p2a: Magnezone
|-resisted|p2a: Magnezone
|-activate|p2a: Magnezone|Substitute|[damage]
|
|t:|1704478164
|switch|p1a: Excadrill|Excadrill, F|100/100|[from] U-turn
|move|p2a: Magnezone|Charge Beam|p1a: Excadrill
|-immune|p1a: Excadrill
|
|-heal|p2a: Magnezone|76/100|[from] item: Leftovers
|upkeep
|turn|12
|
|t:|1704478168
|move|p1a: Excadrill|Earthquake|p2a: Magnezone
|-supereffective|p2a: Magnezone
|-end|p2a: Magnezone|Substitute
|move|p2a: Magnezone|Hidden Power|p1a: Excadrill
|-damage|p1a: Excadrill|63/100
|
|-heal|p1a: Excadrill|69/100|[from] item: Leftovers
|-heal|p2a: Magnezone|82/100|[from] item: Leftovers
|upkeep
|turn|13
|
|t:|1704478173
|switch|p2a: Landorus|Landorus-Therian, M|88/100
|-damage|p2a: Landorus|75/100|[from] Stealth Rock
|-ability|p2a: Landorus|Intimidate|boost
|-unboost|p1a: Excadrill|atk|1
|move|p1a: Excadrill|Iron Head|p2a: Landorus
|-damage|p2a: Landorus|48/100
|
|-heal|p2a: Landorus|54/100|[from] item: Leftovers
|-heal|p1a: Excadrill|75/100|[from] item: Leftovers
|upkeep
|turn|14
|
|t:|1704478176
|switch|p1a: Rotom|Rotom-Wash|100/100
|move|p2a: Landorus|Stealth Rock|p1a: Rotom
|-sidestart|p1: sniping bwvcs|move: Stealth Rock
|
|-heal|p2a: Landorus|60/100|[from] item: Leftovers
|upkeep
|turn|15
|
|t:|1704478180
|move|p2a: Landorus|U-turn|p1a: Rotom
|-crit|p1a: Rotom
|-damage|p1a: Rotom|64/100
|
|t:|1704478187
|switch|p2a: Mew|Mew|27/100|[from] U-turn
|-damage|p2a: Mew|15/100|[from] Stealth Rock
|move|p1a: Rotom|Volt Switch|p2a: Mew
|-crit|p2a: Mew
|-damage|p2a: Mew|0 fnt
|faint|p2a: Mew
|
|t:|1704478190
|switch|p1a: Keldeo|Keldeo|84/100|[from] Volt Switch
|-damage|p1a: Keldeo|78/100|[from] Stealth Rock
|
|upkeep
|
|t:|1704478194
|switch|p2a: Magnezone|Magnezone|82/100
|-damage|p2a: Magnezone|76/100|[from] Stealth Rock
|turn|16
|
|t:|1704478197
|switch|p2a: Landorus|Landorus-Therian, M|60/100
|-damage|p2a: Landorus|48/100|[from] Stealth Rock
|-ability|p2a: Landorus|Intimidate|boost
|-unboost|p1a: Keldeo|atk|1
|move|p1a: Keldeo|Secret Sword|p2a: Landorus
|-resisted|p2a: Landorus
|-damage|p2a: Landorus|17/100
|
|-heal|p2a: Landorus|23/100|[from] item: Leftovers
|upkeep
|turn|17
|
|t:|1704478204
|move|p1a: Keldeo|Secret Sword|p2a: Landorus
|-resisted|p2a: Landorus
|-damage|p2a: Landorus|0 fnt
|faint|p2a: Landorus
|
|upkeep
|
|t:|1704478206
|switch|p2a: Magnezone|Magnezone|76/100
|-damage|p2a: Magnezone|70/100|[from] Stealth Rock
|turn|18
|
|t:|1704478208
|move|p1a: Keldeo|Secret Sword|p2a: Magnezone
|-supereffective|p2a: Magnezone
|-damage|p2a: Magnezone|0 fnt
|faint|p2a: Magnezone
|
|upkeep
|
|t:|1704478213
|switch|p2a: Excadrill|Excadrill, M|100/100
|-damage|p2a: Excadrill|97/100|[from] Stealth Rock
|-ability|p2a: Excadrill|Mold Breaker
|turn|19
|
|t:|1704478215
|move|p2a: Excadrill|Protect|p2a: Excadrill
|-singleturn|p2a: Excadrill|Protect
|move|p1a: Keldeo|Secret Sword|p2a: Excadrill
|-activate|p2a: Excadrill|move: Protect
|
|-heal|p2a: Excadrill|100/100|[from] item: Leftovers
|upkeep
|turn|20
|
|t:|1704478218
|move|p2a: Excadrill|Protect|p2a: Excadrill
|-singleturn|p2a: Excadrill|Protect
|move|p1a: Keldeo|Secret Sword|p2a: Excadrill
|-activate|p2a: Excadrill|move: Protect
|
|upkeep
|turn|21
|
|t:|1704478228
|move|p1a: Keldeo|Secret Sword|p2a: Excadrill
|-supereffective|p2a: Excadrill
|-damage|p2a: Excadrill|0 fnt
|faint|p2a: Excadrill
|
|win|sniping bwvcs
|raw|sniping bwvcs's rating: 1313 &rarr; <strong>1344</strong><br />(+31 for winning)
|raw|Nalorium ⧳'s rating: 1519 &rarr; <strong>1488</strong><br />(-31 for losing)
|l|☆Nalorium ⧳
|l|☆sniping bwvcs
|j|☆sniping bwvcs
|player|p1|sniping bwvcs|101
