|j|☆Blop_Le_Slime
|j|☆the great gazump
|t:|1706995741
|gametype|singles
|player|p1|Blop_Le_Slime|pokemaniac|1393
|player|p2|the great gazump|102|1616
|teamsize|p1|6
|teamsize|p2|6
|gen|5
|tier|[Gen 5] OU
|rated|
|rule|Species Clause: Limit one of each Pokémon
|rule|OHKO Clause: OHKO moves are banned
|rule|Moody Clause: Moody is banned
|rule|Evasion Items Clause: Evasion items are banned
|rule|Evasion Moves Clause: Evasion moves are banned
|rule|Endless Battle Clause: Forcing endless battles is banned
|rule|HP Percentage Mod: HP is shown in percentages
|rule|Evasion Abilities Clause: Evasion abilities are banned
|rule|Sleep Moves Clause: Sleep-inducing moves are banned
|rule|Swagger Clause: Swagger is banned
|rule|Baton Pass Stat Clause: No Baton Passer may have a way to boost its stats
|clearpoke
|poke|p1|Landorus-Therian, M|item
|poke|p1|Tentacruel, M|item
|poke|p1|Ferrothorn, F|item
|poke|p1|Politoed, M|item
|poke|p1|Latios, M|item
|poke|p1|Celebi|item
|poke|p2|Abomasnow, M|item
|poke|p2|Gliscor, F|item
|poke|p2|Forretress, M|item
|poke|p2|Blissey, F|item
|poke|p2|Latios, M|item
|poke|p2|Reuniclus, M|item
|teampreview
|inactive|Battle timer is ON: inactive players will automatically lose when time's up. (requested by the great gazump)
|
|t:|1706995770
|start
|switch|p1a: Tentacruel|Tentacruel, M|100/100
|switch|p2a: Abomasnow|Abomasnow, M|100/100
|-weather|Hail|[from] ability: Snow Warning|[of] p2a: Abomasnow
|turn|1
|
|t:|1706995780
|move|p1a: Tentacruel|Toxic|p2a: Abomasnow
|-status|p2a: Abomasnow|tox
|move|p2a: Abomasnow|Blizzard|p1a: Tentacruel
|-resisted|p1a: Tentacruel
|-damage|p1a: Tentacruel|87/100
|
|-weather|Hail|[upkeep]
|-damage|p1a: Tentacruel|81/100|[from] Hail
|-heal|p1a: Tentacruel|87/100|[from] item: Black Sludge
|-damage|p2a: Abomasnow|94/100 tox|[from] psn
|upkeep
|turn|2
|
|t:|1706995787
|switch|p1a: Ferrothorn|Ferrothorn, F|100/100
|switch|p2a: Reuniclus|Reuniclus, M|100/100
|
|-weather|Hail|[upkeep]
|-damage|p1a: Ferrothorn|94/100|[from] Hail
|-heal|p1a: Ferrothorn|100/100|[from] item: Leftovers
|upkeep
|turn|3
|
|t:|1706995807
|switch|p1a: Politoed|Politoed, M|100/100
|-weather|RainDance|[from] ability: Drizzle|[of] p1a: Politoed
|move|p2a: Reuniclus|Calm Mind|p2a: Reuniclus
|-boost|p2a: Reuniclus|spa|1
|-boost|p2a: Reuniclus|spd|1
|
|-weather|RainDance|[upkeep]
|upkeep
|turn|4
|
|t:|1706995810
|switch|p2a: Abomasnow|Abomasnow, M|94/100 tox
|-weather|Hail|[from] ability: Snow Warning|[of] p2a: Abomasnow
|move|p1a: Politoed|Encore||[still]
|-fail|p1a: Politoed
|
|-weather|Hail|[upkeep]
|-damage|p1a: Politoed|94/100|[from] Hail
|-heal|p1a: Politoed|100/100|[from] item: Leftovers
|-heal|p2a: Abomasnow|100/100 tox|[from] item: Leftovers
|-damage|p2a: Abomasnow|94/100 tox|[from] psn
|upkeep
|turn|5
|
|t:|1706995815
|switch|p1a: Ferrothorn|Ferrothorn, F|100/100
|move|p2a: Abomasnow|Blizzard|p1a: Ferrothorn
|-crit|p1a: Ferrothorn
|-damage|p1a: Ferrothorn|53/100
|
|-weather|Hail|[upkeep]
|-damage|p1a: Ferrothorn|47/100|[from] Hail
|-heal|p2a: Abomasnow|100/100 tox|[from] item: Leftovers
|-heal|p1a: Ferrothorn|53/100|[from] item: Leftovers
|-damage|p2a: Abomasnow|88/100 tox|[from] psn
|upkeep
|turn|6
|
|t:|1706995832
|switch|p2a: Forretress|Forretress, M|100/100
|switch|p1a: Politoed|Politoed, M|100/100
|-weather|RainDance|[from] ability: Drizzle|[of] p1a: Politoed
|
|-weather|RainDance|[upkeep]
|upkeep
|turn|7
|
|t:|1706995836
|switch|p2a: Abomasnow|Abomasnow, M|88/100 tox
|-weather|Hail|[from] ability: Snow Warning|[of] p2a: Abomasnow
|move|p1a: Politoed|Scald|p2a: Abomasnow
|-resisted|p2a: Abomasnow
|-damage|p2a: Abomasnow|79/100 tox
|
|-weather|Hail|[upkeep]
|-damage|p1a: Politoed|94/100|[from] Hail
|-heal|p1a: Politoed|100/100|[from] item: Leftovers
|-heal|p2a: Abomasnow|85/100 tox|[from] item: Leftovers
|-damage|p2a: Abomasnow|79/100 tox|[from] psn
|upkeep
|turn|8
|
|t:|1706995841
|move|p1a: Politoed|Protect|p1a: Politoed
|-singleturn|p1a: Politoed|Protect
|move|p2a: Abomasnow|Leech Seed|p1a: Politoed
|-activate|p1a: Politoed|move: Protect
|
|-weather|Hail|[upkeep]
|-damage|p1a: Politoed|94/100|[from] Hail
|-heal|p1a: Politoed|100/100|[from] item: Leftovers
|-heal|p2a: Abomasnow|85/100 tox|[from] item: Leftovers
|-damage|p2a: Abomasnow|72/100 tox|[from] psn
|upkeep
|turn|9
|
|t:|1706995850
|switch|p1a: Tentacruel|Tentacruel, M|87/100
|switch|p2a: Reuniclus|Reuniclus, M|100/100
|
|-weather|Hail|[upkeep]
|-damage|p1a: Tentacruel|81/100|[from] Hail
|-heal|p1a: Tentacruel|87/100|[from] item: Black Sludge
|upkeep
|turn|10
|
|t:|1706995859
|switch|p1a: Latios|Latios, M|100/100
|move|p2a: Reuniclus|Psyshock|p1a: Latios
|-resisted|p1a: Latios
|-damage|p1a: Latios|79/100
|
|-weather|Hail|[upkeep]
|-damage|p1a: Latios|73/100|[from] Hail
|upkeep
|turn|11
|
|t:|1706995872
|switch|p1a: Landorus|Landorus-Therian, M|100/100
|-ability|p1a: Landorus|Intimidate|boost
|-unboost|p2a: Reuniclus|atk|1
|switch|p2a: Gliscor|Gliscor, F|100/100
|
|-weather|Hail|[upkeep]
|-damage|p1a: Landorus|94/100|[from] Hail
|-damage|p2a: Gliscor|94/100|[from] Hail
|-heal|p1a: Landorus|100/100|[from] item: Leftovers
|-status|p2a: Gliscor|tox|[from] item: Toxic Orb
|upkeep
|turn|12
|
|t:|1706995875
|move|p1a: Landorus|Hidden Power|p2a: Gliscor
|-supereffective|p2a: Gliscor
|-damage|p2a: Gliscor|39/100 tox
|move|p2a: Gliscor|Stealth Rock|p1a: Landorus
|-sidestart|p1: Blop_Le_Slime|move: Stealth Rock
|
|-weather|Hail|[upkeep]
|-damage|p1a: Landorus|94/100|[from] Hail
|-damage|p2a: Gliscor|33/100 tox|[from] Hail
|-heal|p1a: Landorus|100/100|[from] item: Leftovers
|-heal|p2a: Gliscor|45/100 tox|[from] ability: Poison Heal
|upkeep
|turn|13
|
|t:|1706995881
|switch|p2a: Forretress|Forretress, M|100/100
|move|p1a: Landorus|Stealth Rock|p2a: Forretress
|-sidestart|p2: the great gazump|move: Stealth Rock
|
|-weather|Hail|[upkeep]
|-damage|p1a: Landorus|94/100|[from] Hail
|-heal|p1a: Landorus|100/100|[from] item: Leftovers
|upkeep
|turn|14
|
|t:|1706995887
|move|p1a: Landorus|Earthquake|p2a: Forretress
|-damage|p2a: Forretress|76/100
|move|p2a: Forretress|Rapid Spin|p1a: Landorus
|-damage|p1a: Landorus|97/100
|-sideend|p2: the great gazump|Stealth Rock|[from] move: Rapid Spin|[of] p2a: Forretress
|
|-weather|Hail|[upkeep]
|-damage|p1a: Landorus|91/100|[from] Hail
|-heal|p1a: Landorus|97/100|[from] item: Leftovers
|-heal|p2a: Forretress|82/100|[from] item: Leftovers
|upkeep
|turn|15
|
|t:|1706995893
|move|p1a: Landorus|Stealth Rock|p2a: Forretress
|-sidestart|p2: the great gazump|move: Stealth Rock
|move|p2a: Forretress|Rapid Spin|p1a: Landorus
|-damage|p1a: Landorus|94/100
|-sideend|p2: the great gazump|Stealth Rock|[from] move: Rapid Spin|[of] p2a: Forretress
|
|-weather|Hail|[upkeep]
|-damage|p1a: Landorus|88/100|[from] Hail
|-heal|p1a: Landorus|94/100|[from] item: Leftovers
|-heal|p2a: Forretress|88/100|[from] item: Leftovers
|upkeep
|turn|16
|
|t:|1706995899
|move|p1a: Landorus|Stealth Rock|p2a: Forretress
|-sidestart|p2: the great gazump|move: Stealth Rock
|move|p2a: Forretress|Rapid Spin|p1a: Landorus
|-damage|p1a: Landorus|91/100
|-sideend|p2: the great gazump|Stealth Rock|[from] move: Rapid Spin|[of] p2a: Forretress
|
|-weather|Hail|[upkeep]
|-damage|p1a: Landorus|85/100|[from] Hail
|-heal|p1a: Landorus|91/100|[from] item: Leftovers
|-heal|p2a: Forretress|95/100|[from] item: Leftovers
|upkeep
|turn|17
|
|t:|1706995904
|move|p1a: Landorus|U-turn|p2a: Forretress
|-resisted|p2a: Forretress
|-damage|p2a: Forretress|89/100
|
|t:|1706995905
|switch|p1a: Tentacruel|Tentacruel, M|87/100|[from] U-turn
|-damage|p1a: Tentacruel|75/100|[from] Stealth Rock
|move|p2a: Forretress|Gyro Ball|p1a: Tentacruel
|-resisted|p1a: Tentacruel
|-damage|p1a: Tentacruel|57/100
|
|-weather|Hail|[upkeep]
|-damage|p1a: Tentacruel|50/100|[from] Hail
|-heal|p1a: Tentacruel|57/100|[from] item: Black Sludge
|-heal|p2a: Forretress|95/100|[from] item: Leftovers
|upkeep
|turn|18
|
|t:|1706995914
|switch|p2a: Reuniclus|Reuniclus, M|100/100
|move|p1a: Tentacruel|Rapid Spin|p2a: Reuniclus
|-damage|p2a: Reuniclus|99/100
|-sideend|p1: Blop_Le_Slime|Stealth Rock|[from] move: Rapid Spin|[of] p1a: Tentacruel
|
|-weather|Hail|[upkeep]
|-damage|p1a: Tentacruel|50/100|[from] Hail
|-heal|p1a: Tentacruel|57/100|[from] item: Black Sludge
|-heal|p2a: Reuniclus|100/100|[from] item: Leftovers
|upkeep
|turn|19
|
|t:|1706995919
|switch|p1a: Latios|Latios, M|73/100
|move|p2a: Reuniclus|Psyshock|p1a: Latios
|-resisted|p1a: Latios
|-damage|p1a: Latios|50/100
|
|-weather|Hail|[upkeep]
|-damage|p1a: Latios|44/100|[from] Hail
|upkeep
|turn|20
|
|t:|1706995922
|switch|p2a: Blissey|Blissey, F|100/100
|move|p1a: Latios|Recover|p1a: Latios
|-heal|p1a: Latios|95/100
|
|-weather|Hail|[upkeep]
|-damage|p1a: Latios|89/100|[from] Hail
|-damage|p2a: Blissey|94/100|[from] Hail
|-heal|p2a: Blissey|100/100|[from] item: Leftovers
|upkeep
|turn|21
|
|t:|1706995929
|switch|p1a: Celebi|Celebi|100/100
|move|p2a: Blissey|Thunder Wave|p1a: Celebi
|-status|p1a: Celebi|par
|
|-weather|Hail|[upkeep]
|-damage|p2a: Blissey|94/100|[from] Hail
|-damage|p1a: Celebi|94/100 par|[from] Hail
|-heal|p2a: Blissey|100/100|[from] item: Leftovers
|-heal|p1a: Celebi|100/100 par|[from] item: Leftovers
|upkeep
|turn|22
|
|t:|1706995936
|switch|p2a: Reuniclus|Reuniclus, M|100/100
|move|p1a: Celebi|Baton Pass|p1a: Celebi
|
|t:|1706995940
|-curestatus|p1a: Celebi|par|[from] ability: Natural Cure
|switch|p1a: Politoed|Politoed, M|100/100|[from] Baton Pass
|-weather|RainDance|[from] ability: Drizzle|[of] p1a: Politoed
|
|-weather|RainDance|[upkeep]
|upkeep
|turn|23
|
|t:|1706995946
|switch|p1a: Ferrothorn|Ferrothorn, F|53/100
|switch|p2a: Abomasnow|Abomasnow, M|72/100 tox
|-weather|Hail|[from] ability: Snow Warning|[of] p2a: Abomasnow
|
|-weather|Hail|[upkeep]
|-damage|p1a: Ferrothorn|47/100|[from] Hail
|-heal|p2a: Abomasnow|79/100 tox|[from] item: Leftovers
|-heal|p1a: Ferrothorn|53/100|[from] item: Leftovers
|-damage|p2a: Abomasnow|72/100 tox|[from] psn
|upkeep
|turn|24
|
|t:|1706995959
|move|p2a: Abomasnow|Blizzard|p1a: Ferrothorn
|-crit|p1a: Ferrothorn
|-damage|p1a: Ferrothorn|1/100
|move|p1a: Ferrothorn|Spikes|p2a: Abomasnow
|-sidestart|p2: the great gazump|Spikes
|
|-weather|Hail|[upkeep]
|-damage|p1a: Ferrothorn|0 fnt|[from] Hail
|faint|p1a: Ferrothorn
|-heal|p2a: Abomasnow|79/100 tox|[from] item: Leftovers
|-damage|p2a: Abomasnow|66/100 tox|[from] psn
|upkeep
|c|☆the great gazump|sry
|
|t:|1706995966
|switch|p1a: Landorus|Landorus-Therian, M|91/100
|-ability|p1a: Landorus|Intimidate|boost
|-unboost|p2a: Abomasnow|atk|1
|turn|25
|
|t:|1706995970
|switch|p2a: Forretress|Forretress, M|95/100
|-damage|p2a: Forretress|83/100|[from] Spikes
|move|p1a: Landorus|U-turn|p2a: Forretress
|-resisted|p2a: Forretress
|-damage|p2a: Forretress|77/100
|
|t:|1706995979
|switch|p1a: Politoed|Politoed, M|100/100|[from] U-turn
|-weather|RainDance|[from] ability: Drizzle|[of] p1a: Politoed
|
|-weather|RainDance|[upkeep]
|-heal|p2a: Forretress|83/100|[from] item: Leftovers
|upkeep
|turn|26
|
|t:|1706995982
|switch|p2a: Blissey|Blissey, F|100/100
|-damage|p2a: Blissey|88/100|[from] Spikes
|move|p1a: Politoed|Scald|p2a: Blissey
|-damage|p2a: Blissey|73/100
|
|-weather|RainDance|[upkeep]
|-heal|p2a: Blissey|79/100|[from] item: Leftovers
|upkeep
|turn|27
|
|t:|1706995988
|switch|p1a: Celebi|Celebi|100/100
|move|p2a: Blissey|Seismic Toss|p1a: Celebi
|-damage|p1a: Celebi|76/100
|
|-weather|RainDance|[upkeep]
|-heal|p1a: Celebi|82/100|[from] item: Leftovers
|-heal|p2a: Blissey|86/100|[from] item: Leftovers
|upkeep
|turn|28
|
|t:|1706995991
|move|p1a: Celebi|Baton Pass|p1a: Celebi
|
|t:|1706995994
|switch|p1a: Landorus|Landorus-Therian, M|91/100|[from] Baton Pass
|-ability|p1a: Landorus|Intimidate|boost
|-unboost|p2a: Blissey|atk|1
|move|p2a: Blissey|Thunder Wave|p1a: Landorus
|-immune|p1a: Landorus
|
|-weather|RainDance|[upkeep]
|-heal|p1a: Landorus|97/100|[from] item: Leftovers
|-heal|p2a: Blissey|92/100|[from] item: Leftovers
|upkeep
|turn|29
|
|t:|1706995999
|move|p1a: Landorus|U-turn|p2a: Blissey
|-damage|p2a: Blissey|71/100
|
|t:|1706996001
|switch|p1a: Celebi|Celebi|82/100|[from] U-turn
|move|p2a: Blissey|Ice Beam|p1a: Celebi
|-supereffective|p1a: Celebi
|-damage|p1a: Celebi|60/100
|
|-weather|RainDance|[upkeep]
|-heal|p1a: Celebi|66/100|[from] item: Leftovers
|-heal|p2a: Blissey|77/100|[from] item: Leftovers
|upkeep
|turn|30
|
|t:|1706996007
|switch|p2a: Forretress|Forretress, M|83/100
|-damage|p2a: Forretress|71/100|[from] Spikes
|move|p1a: Celebi|Baton Pass|p1a: Celebi
|
|t:|1706996016
|switch|p1a: Tentacruel|Tentacruel, M|57/100|[from] Baton Pass
|
|-weather|RainDance|[upkeep]
|-heal|p1a: Tentacruel|63/100|[from] ability: Rain Dish
|-heal|p1a: Tentacruel|69/100|[from] item: Black Sludge
|-heal|p2a: Forretress|77/100|[from] item: Leftovers
|upkeep
|turn|31
|
|t:|1706996019
|switch|p2a: Reuniclus|Reuniclus, M|100/100
|move|p1a: Tentacruel|Scald|p2a: Reuniclus
|-damage|p2a: Reuniclus|70/100
|
|-weather|RainDance|[upkeep]
|-heal|p1a: Tentacruel|75/100|[from] ability: Rain Dish
|-heal|p1a: Tentacruel|81/100|[from] item: Black Sludge
|-heal|p2a: Reuniclus|76/100|[from] item: Leftovers
|upkeep
|turn|32
|
|t:|1706996038
|switch|p1a: Latios|Latios, M|89/100
|move|p2a: Reuniclus|Psyshock|p1a: Latios
|-resisted|p1a: Latios
|-damage|p1a: Latios|67/100
|
|-weather|RainDance|[upkeep]
|-heal|p2a: Reuniclus|82/100|[from] item: Leftovers
|upkeep
|turn|33
|
|t:|1706996048
|switch|p2a: Blissey|Blissey, F|77/100
|-damage|p2a: Blissey|65/100|[from] Spikes
|move|p1a: Latios|Roar|p2a: Blissey
|drag|p2a: Forretress|Forretress, M|77/100
|-damage|p2a: Forretress|64/100|[from] Spikes
|
|-weather|RainDance|[upkeep]
|-heal|p2a: Forretress|71/100|[from] item: Leftovers
|upkeep
|turn|34
|
|t:|1706996053
|switch|p2a: Blissey|Blissey, F|65/100
|-damage|p2a: Blissey|52/100|[from] Spikes
|move|p1a: Latios|Surf|p2a: Blissey
|-damage|p2a: Blissey|34/100
|
|-weather|RainDance|[upkeep]
|-heal|p2a: Blissey|40/100|[from] item: Leftovers
|upkeep
|turn|35
|
|t:|1706996066
|switch|p1a: Landorus|Landorus-Therian, M|97/100
|-ability|p1a: Landorus|Intimidate|boost
|-unboost|p2a: Blissey|atk|1
|move|p2a: Blissey|Soft-Boiled|p2a: Blissey
|-heal|p2a: Blissey|90/100
|
|-weather|RainDance|[upkeep]
|-heal|p1a: Landorus|100/100|[from] item: Leftovers
|-heal|p2a: Blissey|96/100|[from] item: Leftovers
|upkeep
|turn|36
|l|☆Blop_Le_Slime
|inactive|Blop_Le_Slime disconnected and has a minute to reconnect!
|player|p1|
|j|☆Blop_Le_Slime
|inactive|Blop_Le_Slime reconnected and has 140 seconds left.
|player|p1|Blop_Le_Slime|pokemaniac
|
|t:|1706996083
|move|p1a: Landorus|U-turn|p2a: Blissey
|-damage|p2a: Blissey|77/100
|
|t:|1706996086
|switch|p1a: Celebi|Celebi|66/100|[from] U-turn
|move|p2a: Blissey|Ice Beam|p1a: Celebi
|-supereffective|p1a: Celebi
|-damage|p1a: Celebi|46/100
|
|-weather|RainDance|[upkeep]
|-heal|p1a: Celebi|53/100|[from] item: Leftovers
|-heal|p2a: Blissey|84/100|[from] item: Leftovers
|upkeep
|turn|37
|
|t:|1706996089
|switch|p2a: Forretress|Forretress, M|71/100
|-damage|p2a: Forretress|58/100|[from] Spikes
|move|p1a: Celebi|Recover|p1a: Celebi
|-heal|p1a: Celebi|100/100
|
|-weather|RainDance|[upkeep]
|-heal|p2a: Forretress|64/100|[from] item: Leftovers
|upkeep
|turn|38
|
|t:|1706996097
|move|p1a: Celebi|Baton Pass|p1a: Celebi
|
|t:|1706996102
|switch|p1a: Tentacruel|Tentacruel, M|81/100|[from] Baton Pass
|move|p2a: Forretress|Rapid Spin|p1a: Tentacruel
|-damage|p1a: Tentacruel|75/100
|-sideend|p2: the great gazump|Spikes|[from] move: Rapid Spin|[of] p2a: Forretress
|
|-weather|RainDance|[upkeep]
|-heal|p1a: Tentacruel|81/100|[from] ability: Rain Dish
|-heal|p1a: Tentacruel|87/100|[from] item: Black Sludge
|-heal|p2a: Forretress|71/100|[from] item: Leftovers
|upkeep
|turn|39
|
|t:|1706996107
|switch|p1a: Latios|Latios, M|67/100
|switch|p2a: Reuniclus|Reuniclus, M|82/100
|
|-weather|RainDance|[upkeep]
|-heal|p2a: Reuniclus|88/100|[from] item: Leftovers
|upkeep
|turn|40
|
|t:|1706996116
|switch|p1a: Landorus|Landorus-Therian, M|100/100
|-ability|p1a: Landorus|Intimidate|boost
|-unboost|p2a: Reuniclus|atk|1
|switch|p2a: Blissey|Blissey, F|84/100
|
|-weather|RainDance|[upkeep]
|-heal|p2a: Blissey|90/100|[from] item: Leftovers
|upkeep
|turn|41
|
|t:|1706996124
|move|p1a: Landorus|Stealth Rock|p2a: Blissey
|-sidestart|p2: the great gazump|move: Stealth Rock
|move|p2a: Blissey|Ice Beam|p1a: Landorus
|-supereffective|p1a: Landorus
|-damage|p1a: Landorus|24/100
|
|-weather|RainDance|[upkeep]
|-heal|p1a: Landorus|30/100|[from] item: Leftovers
|-heal|p2a: Blissey|96/100|[from] item: Leftovers
|upkeep
|turn|42
|
|t:|1706996129
|move|p1a: Landorus|U-turn|p2a: Blissey
|-damage|p2a: Blissey|77/100
|
|t:|1706996139
|switch|p1a: Tentacruel|Tentacruel, M|87/100|[from] U-turn
|move|p2a: Blissey|Ice Beam|p1a: Tentacruel
|-resisted|p1a: Tentacruel
|-damage|p1a: Tentacruel|80/100
|
|-weather|RainDance|[upkeep]
|-heal|p1a: Tentacruel|86/100|[from] ability: Rain Dish
|-heal|p1a: Tentacruel|93/100|[from] item: Black Sludge
|-heal|p2a: Blissey|83/100|[from] item: Leftovers
|upkeep
|turn|43
|
|t:|1706996141
|switch|p1a: Celebi|Celebi|100/100
|move|p2a: Blissey|Thunder Wave|p1a: Celebi
|-status|p1a: Celebi|par
|
|-weather|RainDance|[upkeep]
|-heal|p2a: Blissey|89/100|[from] item: Leftovers
|upkeep
|turn|44
|
|t:|1706996144
|switch|p2a: Forretress|Forretress, M|71/100
|-damage|p2a: Forretress|58/100|[from] Stealth Rock
|move|p1a: Celebi|Baton Pass|p1a: Celebi
|
|t:|1706996148
|-curestatus|p1a: Celebi|par|[from] ability: Natural Cure
|switch|p1a: Landorus|Landorus-Therian, M|30/100|[from] Baton Pass
|-ability|p1a: Landorus|Intimidate|boost
|-unboost|p2a: Forretress|atk|1
|
|-weather|RainDance|[upkeep]
|-heal|p1a: Landorus|36/100|[from] item: Leftovers
|-heal|p2a: Forretress|64/100|[from] item: Leftovers
|upkeep
|turn|45
|
|t:|1706996151
|move|p1a: Landorus|Earthquake|p2a: Forretress
|-damage|p2a: Forretress|38/100
|move|p2a: Forretress|Rapid Spin|p1a: Landorus
|-crit|p1a: Landorus
|-damage|p1a: Landorus|30/100
|-sideend|p2: the great gazump|Stealth Rock|[from] move: Rapid Spin|[of] p2a: Forretress
|
|-weather|RainDance|[upkeep]
|-heal|p1a: Landorus|36/100|[from] item: Leftovers
|-heal|p2a: Forretress|44/100|[from] item: Leftovers
|upkeep
|turn|46
|
|t:|1706996161
|switch|p2a: Latios|Latios, M|100/100
|move|p1a: Landorus|U-turn|p2a: Latios
|-supereffective|p2a: Latios
|-damage|p2a: Latios|43/100
|
|t:|1706996164
|switch|p1a: Celebi|Celebi|100/100|[from] U-turn
|
|-weather|RainDance|[upkeep]
|upkeep
|turn|47
|
|t:|1706996167
|move|p2a: Latios|Roost|p2a: Latios
|-heal|p2a: Latios|94/100
|-singleturn|p2a: Latios|move: Roost
|move|p1a: Celebi|Baton Pass|p1a: Celebi
|
|t:|1706996171
|switch|p1a: Tentacruel|Tentacruel, M|93/100|[from] Baton Pass
|
|-weather|RainDance|[upkeep]
|-heal|p1a: Tentacruel|99/100|[from] ability: Rain Dish
|-heal|p1a: Tentacruel|100/100|[from] item: Black Sludge
|upkeep
|turn|48
|
|t:|1706996180
|switch|p2a: Reuniclus|Reuniclus, M|88/100
|switch|p1a: Landorus|Landorus-Therian, M|36/100
|-ability|p1a: Landorus|Intimidate|boost
|-unboost|p2a: Reuniclus|atk|1
|
|-weather|RainDance|[upkeep]
|-heal|p1a: Landorus|42/100|[from] item: Leftovers
|-heal|p2a: Reuniclus|94/100|[from] item: Leftovers
|upkeep
|turn|49
|
|t:|1706996187
|move|p1a: Landorus|U-turn|p2a: Reuniclus
|-supereffective|p2a: Reuniclus
|-damage|p2a: Reuniclus|64/100
|
|t:|1706996189
|switch|p1a: Latios|Latios, M|67/100|[from] U-turn
|move|p2a: Reuniclus|Psyshock|p1a: Latios
|-resisted|p1a: Latios
|-damage|p1a: Latios|43/100
|
|-weather|RainDance|[upkeep]
|-heal|p2a: Reuniclus|70/100|[from] item: Leftovers
|upkeep
|turn|50
|
|t:|1706996192
|switch|p2a: Blissey|Blissey, F|89/100
|move|p1a: Latios|Recover|p1a: Latios
|-heal|p1a: Latios|93/100
|
|-weather|RainDance|[upkeep]
|-heal|p2a: Blissey|96/100|[from] item: Leftovers
|upkeep
|turn|51
|
|t:|1706996199
|switch|p1a: Celebi|Celebi|100/100
|move|p2a: Blissey|Thunder Wave|p1a: Celebi
|-status|p1a: Celebi|par
|
|-weather|RainDance|[upkeep]
|-heal|p2a: Blissey|100/100|[from] item: Leftovers
|upkeep
|turn|52
|
|t:|1706996203
|switch|p2a: Gliscor|Gliscor, F|45/100 tox
|move|p1a: Celebi|Baton Pass|p1a: Celebi
|
|t:|1706996211
|-curestatus|p1a: Celebi|par|[from] ability: Natural Cure
|switch|p1a: Politoed|Politoed, M|100/100|[from] Baton Pass
|
|-weather|RainDance|[upkeep]
|-heal|p2a: Gliscor|58/100 tox|[from] ability: Poison Heal
|upkeep
|turn|53
|
|t:|1706996226
|switch|p1a: Landorus|Landorus-Therian, M|42/100
|-ability|p1a: Landorus|Intimidate|boost
|-unboost|p2a: Gliscor|atk|1
|move|p2a: Gliscor|Protect||[still]
|-fail|p2a: Gliscor
|
|-weather|RainDance|[upkeep]
|-heal|p1a: Landorus|48/100|[from] item: Leftovers
|-heal|p2a: Gliscor|70/100 tox|[from] ability: Poison Heal
|upkeep
|turn|54
|
|t:|1706996242
|move|p1a: Landorus|Stealth Rock|p2a: Gliscor
|-sidestart|p2: the great gazump|move: Stealth Rock
|move|p2a: Gliscor|Stealth Rock|p1a: Landorus
|-sidestart|p1: Blop_Le_Slime|move: Stealth Rock
|
|-weather|RainDance|[upkeep]
|-heal|p1a: Landorus|54/100|[from] item: Leftovers
|-heal|p2a: Gliscor|82/100 tox|[from] ability: Poison Heal
|upkeep
|turn|55
|
|t:|1706996251
|switch|p2a: Latios|Latios, M|94/100
|-damage|p2a: Latios|81/100|[from] Stealth Rock
|move|p1a: Landorus|U-turn|p2a: Latios
|-supereffective|p2a: Latios
|-damage|p2a: Latios|15/100
|
|t:|1706996259
|switch|p1a: Celebi|Celebi|100/100|[from] U-turn
|-damage|p1a: Celebi|88/100|[from] Stealth Rock
|
|-weather|RainDance|[upkeep]
|-heal|p1a: Celebi|94/100|[from] item: Leftovers
|upkeep
|turn|56
|
|t:|1706996261
|move|p2a: Latios|Roost|p2a: Latios
|-heal|p2a: Latios|66/100
|-singleturn|p2a: Latios|move: Roost
|move|p1a: Celebi|Hidden Power|p2a: Latios
|-supereffective|p2a: Latios
|-damage|p2a: Latios|30/100
|
|-weather|RainDance|[upkeep]
|-heal|p1a: Celebi|100/100|[from] item: Leftovers
|upkeep
|turn|57
|
|t:|1706996265
|move|p2a: Latios|Roost|p2a: Latios
|-heal|p2a: Latios|81/100
|-singleturn|p2a: Latios|move: Roost
|move|p1a: Celebi|Baton Pass|p1a: Celebi
|
|t:|1706996268
|switch|p1a: Tentacruel|Tentacruel, M|100/100|[from] Baton Pass
|-damage|p1a: Tentacruel|88/100|[from] Stealth Rock
|
|-weather|RainDance|[upkeep]
|-heal|p1a: Tentacruel|94/100|[from] ability: Rain Dish
|-heal|p1a: Tentacruel|99/100|[from] item: Black Sludge
|upkeep
|turn|58
|
|t:|1706996274
|move|p2a: Latios|Thunder Wave|p1a: Tentacruel
|-status|p1a: Tentacruel|par
|move|p1a: Tentacruel|Scald|p2a: Latios
|-resisted|p2a: Latios
|-crit|p2a: Latios
|-damage|p2a: Latios|44/100
|-status|p2a: Latios|brn
|
|-weather|RainDance|[upkeep]
|-heal|p1a: Tentacruel|100/100 par|[from] ability: Rain Dish
|-damage|p2a: Latios|32/100 brn|[from] brn
|upkeep
|turn|59
|
|t:|1706996285
|switch|p1a: Celebi|Celebi|100/100
|-damage|p1a: Celebi|88/100|[from] Stealth Rock
|move|p2a: Latios|Roost|p2a: Latios
|-heal|p2a: Latios|82/100 brn
|-singleturn|p2a: Latios|move: Roost
|
|-weather|RainDance|[upkeep]
|-heal|p1a: Celebi|94/100|[from] item: Leftovers
|-damage|p2a: Latios|70/100 brn|[from] brn
|upkeep
|turn|60
|
|t:|1706996291
|move|p2a: Latios|Roost|p2a: Latios
|-heal|p2a: Latios|100/100 brn
|-singleturn|p2a: Latios|move: Roost
|move|p1a: Celebi|Baton Pass|p1a: Celebi
|
|t:|1706996293
|switch|p1a: Latios|Latios, M|93/100|[from] Baton Pass
|-damage|p1a: Latios|81/100|[from] Stealth Rock
|
|-weather|RainDance|[upkeep]
|-damage|p2a: Latios|88/100 brn|[from] brn
|upkeep
|turn|61
|
|t:|1706996297
|switch|p2a: Blissey|Blissey, F|100/100
|-damage|p2a: Blissey|88/100|[from] Stealth Rock
|move|p1a: Latios|Draco Meteor|p2a: Blissey
|-damage|p2a: Blissey|62/100
|-unboost|p1a: Latios|spa|2
|
|-weather|RainDance|[upkeep]
|-heal|p2a: Blissey|68/100|[from] item: Leftovers
|upkeep
|turn|62
|
|t:|1706996305
|switch|p1a: Celebi|Celebi|94/100
|-damage|p1a: Celebi|82/100|[from] Stealth Rock
|switch|p2a: Reuniclus|Reuniclus, M|70/100
|
|-weather|RainDance|[upkeep]
|-heal|p1a: Celebi|88/100|[from] item: Leftovers
|-heal|p2a: Reuniclus|76/100|[from] item: Leftovers
|upkeep
|turn|63
|
|t:|1706996315
|move|p1a: Celebi|Baton Pass|p1a: Celebi
|
|t:|1706996317
|switch|p1a: Politoed|Politoed, M|100/100|[from] Baton Pass
|-damage|p1a: Politoed|88/100|[from] Stealth Rock
|move|p2a: Reuniclus|Psyshock|p1a: Politoed
|-damage|p1a: Politoed|64/100
|
|-weather|RainDance|[upkeep]
|-heal|p1a: Politoed|70/100|[from] item: Leftovers
|-heal|p2a: Reuniclus|83/100|[from] item: Leftovers
|upkeep
|turn|64
|
|t:|1706996323
|switch|p2a: Abomasnow|Abomasnow, M|66/100 tox
|-damage|p2a: Abomasnow|41/100 tox|[from] Stealth Rock
|-weather|Hail|[from] ability: Snow Warning|[of] p2a: Abomasnow
|move|p1a: Politoed|Protect||[still]
|-fail|p1a: Politoed
|
|-weather|Hail|[upkeep]
|-damage|p1a: Politoed|64/100|[from] Hail
|-heal|p1a: Politoed|70/100|[from] item: Leftovers
|-heal|p2a: Abomasnow|47/100 tox|[from] item: Leftovers
|-damage|p2a: Abomasnow|41/100 tox|[from] psn
|upkeep
|turn|65
|
|t:|1706996328
|switch|p2a: Reuniclus|Reuniclus, M|83/100
|move|p1a: Politoed|Protect||[still]
|-fail|p1a: Politoed
|
|-weather|Hail|[upkeep]
|-damage|p1a: Politoed|64/100|[from] Hail
|-heal|p1a: Politoed|70/100|[from] item: Leftovers
|-heal|p2a: Reuniclus|89/100|[from] item: Leftovers
|upkeep
|turn|66
|
|t:|1706996335
|switch|p1a: Latios|Latios, M|81/100
|-damage|p1a: Latios|69/100|[from] Stealth Rock
|move|p2a: Reuniclus|Psyshock|p1a: Latios
|-resisted|p1a: Latios
|-damage|p1a: Latios|46/100
|
|-weather|Hail|[upkeep]
|-damage|p1a: Latios|40/100|[from] Hail
|-heal|p2a: Reuniclus|95/100|[from] item: Leftovers
|upkeep
|turn|67
|
|t:|1706996342
|move|p1a: Latios|Recover|p1a: Latios
|-heal|p1a: Latios|90/100
|move|p2a: Reuniclus|Calm Mind|p2a: Reuniclus
|-boost|p2a: Reuniclus|spa|1
|-boost|p2a: Reuniclus|spd|1
|
|-weather|Hail|[upkeep]
|-damage|p1a: Latios|84/100|[from] Hail
|-heal|p2a: Reuniclus|100/100|[from] item: Leftovers
|upkeep
|turn|68
|
|t:|1706996344
|move|p2a: Reuniclus|Psyshock|p1a: Latios
|-resisted|p1a: Latios
|-damage|p1a: Latios|53/100
|move|p1a: Latios|Roar|p2a: Reuniclus
|drag|p2a: Abomasnow|Abomasnow, M|41/100 tox
|-damage|p2a: Abomasnow|16/100 tox|[from] Stealth Rock
|
|-weather|Hail|[upkeep]
|-damage|p1a: Latios|47/100|[from] Hail
|-heal|p2a: Abomasnow|22/100 tox|[from] item: Leftovers
|-damage|p2a: Abomasnow|16/100 tox|[from] psn
|upkeep
|turn|69
|
|t:|1706996350
|move|p2a: Abomasnow|Ice Shard|p1a: Latios
|-supereffective|p1a: Latios
|-damage|p1a: Latios|14/100
|move|p1a: Latios|Surf|p2a: Abomasnow
|-resisted|p2a: Abomasnow
|-damage|p2a: Abomasnow|3/100 tox
|
|-weather|Hail|[upkeep]
|-damage|p1a: Latios|8/100|[from] Hail
|-heal|p2a: Abomasnow|10/100 tox|[from] item: Leftovers
|-damage|p2a: Abomasnow|0 fnt|[from] psn
|faint|p2a: Abomasnow
|upkeep
|
|t:|1706996357
|switch|p2a: Blissey|Blissey, F|68/100
|-damage|p2a: Blissey|55/100|[from] Stealth Rock
|turn|70
|
|t:|1706996360
|move|p1a: Latios|Recover|p1a: Latios
|-heal|p1a: Latios|59/100
|move|p2a: Blissey|Thunder Wave|p1a: Latios
|-status|p1a: Latios|par
|
|-weather|Hail|[upkeep]
|-damage|p2a: Blissey|49/100|[from] Hail
|-damage|p1a: Latios|53/100 par|[from] Hail
|-heal|p2a: Blissey|55/100|[from] item: Leftovers
|upkeep
|turn|71
|
|t:|1706996376
|switch|p2a: Reuniclus|Reuniclus, M|100/100
|switch|p1a: Politoed|Politoed, M|70/100
|-damage|p1a: Politoed|58/100|[from] Stealth Rock
|-weather|RainDance|[from] ability: Drizzle|[of] p1a: Politoed
|
|-weather|RainDance|[upkeep]
|-heal|p1a: Politoed|64/100|[from] item: Leftovers
|upkeep
|turn|72
|
|t:|1706996381
|move|p1a: Politoed|Protect|p1a: Politoed
|-singleturn|p1a: Politoed|Protect
|move|p2a: Reuniclus|Psyshock|p1a: Politoed
|-activate|p1a: Politoed|move: Protect
|
|-weather|RainDance|[upkeep]
|-heal|p1a: Politoed|70/100|[from] item: Leftovers
|upkeep
|turn|73
|
|t:|1706996389
|switch|p1a: Celebi|Celebi|88/100
|-damage|p1a: Celebi|76/100|[from] Stealth Rock
|move|p2a: Reuniclus|Psyshock|p1a: Celebi
|-resisted|p1a: Celebi
|-damage|p1a: Celebi|61/100
|
|-weather|RainDance|[upkeep]
|-heal|p1a: Celebi|67/100|[from] item: Leftovers
|upkeep
|turn|74
|
|t:|1706996396
|move|p1a: Celebi|Baton Pass|p1a: Celebi
|
|t:|1706996401
|switch|p1a: Politoed|Politoed, M|70/100|[from] Baton Pass
|-damage|p1a: Politoed|58/100|[from] Stealth Rock
|move|p2a: Reuniclus|Calm Mind|p2a: Reuniclus
|-boost|p2a: Reuniclus|spa|1
|-boost|p2a: Reuniclus|spd|1
|
|-weather|RainDance|[upkeep]
|-heal|p1a: Politoed|64/100|[from] item: Leftovers
|upkeep
|turn|75
|
|t:|1706996403
|switch|p2a: Blissey|Blissey, F|55/100
|-damage|p2a: Blissey|43/100|[from] Stealth Rock
|move|p1a: Politoed|Encore||[still]
|-fail|p1a: Politoed
|
|-weather|RainDance|[upkeep]
|-heal|p1a: Politoed|70/100|[from] item: Leftovers
|-heal|p2a: Blissey|49/100|[from] item: Leftovers
|upkeep
|turn|76
|
|t:|1706996411
|switch|p1a: Celebi|Celebi|67/100
|-damage|p1a: Celebi|55/100|[from] Stealth Rock
|move|p2a: Blissey|Soft-Boiled|p2a: Blissey
|-heal|p2a: Blissey|99/100
|
|-weather|RainDance|[upkeep]
|-heal|p1a: Celebi|61/100|[from] item: Leftovers
|-heal|p2a: Blissey|100/100|[from] item: Leftovers
|upkeep
|turn|77
|
|t:|1706996418
|switch|p2a: Reuniclus|Reuniclus, M|100/100
|move|p1a: Celebi|Giga Drain|p2a: Reuniclus
|-damage|p2a: Reuniclus|76/100
|-heal|p1a: Celebi|73/100|[from] drain|[of] p2a: Reuniclus
|
|-weather|RainDance|[upkeep]
|-heal|p1a: Celebi|80/100|[from] item: Leftovers
|-heal|p2a: Reuniclus|83/100|[from] item: Leftovers
|upkeep
|turn|78
|
|t:|1706996422
|move|p1a: Celebi|Baton Pass|p1a: Celebi
|
|t:|1706996423
|switch|p1a: Latios|Latios, M|53/100 par|[from] Baton Pass
|-damage|p1a: Latios|40/100 par|[from] Stealth Rock
|move|p2a: Reuniclus|Calm Mind|p2a: Reuniclus
|-boost|p2a: Reuniclus|spa|1
|-boost|p2a: Reuniclus|spd|1
|
|-weather|RainDance|[upkeep]
|-heal|p2a: Reuniclus|89/100|[from] item: Leftovers
|upkeep
|turn|79
|
|t:|1706996427
|move|p2a: Reuniclus|Psyshock|p1a: Latios
|-resisted|p1a: Latios
|-damage|p1a: Latios|5/100 par
|move|p1a: Latios|Recover|p1a: Latios
|-heal|p1a: Latios|55/100 par
|
|-weather|RainDance|[upkeep]
|-heal|p2a: Reuniclus|95/100|[from] item: Leftovers
|upkeep
|turn|80
|
|t:|1706996435
|move|p2a: Reuniclus|Psyshock|p1a: Latios
|-resisted|p1a: Latios
|-damage|p1a: Latios|20/100 par
|move|p1a: Latios|Roar|p2a: Reuniclus
|drag|p2a: Blissey|Blissey, F|100/100
|-damage|p2a: Blissey|88/100|[from] Stealth Rock
|
|-weather|RainDance|[upkeep]
|-heal|p2a: Blissey|94/100|[from] item: Leftovers
|upkeep
|turn|81
|
|t:|1706996443
|switch|p1a: Tentacruel|Tentacruel, M|100/100 par
|-damage|p1a: Tentacruel|88/100 par|[from] Stealth Rock
|move|p2a: Blissey|Ice Beam|p1a: Tentacruel
|-resisted|p1a: Tentacruel
|-damage|p1a: Tentacruel|82/100 par
|
|-weather|RainDance|[upkeep]
|-heal|p1a: Tentacruel|88/100 par|[from] ability: Rain Dish
|-heal|p2a: Blissey|99/100|[from] item: Leftovers
|-heal|p1a: Tentacruel|94/100 par|[from] item: Black Sludge
|upkeep
|turn|82
|
|t:|1706996445
|switch|p2a: Reuniclus|Reuniclus, M|95/100
|move|p1a: Tentacruel|Rapid Spin|p2a: Reuniclus
|-damage|p2a: Reuniclus|93/100
|-sideend|p1: Blop_Le_Slime|Stealth Rock|[from] move: Rapid Spin|[of] p1a: Tentacruel
|
|-weather|RainDance|[upkeep]
|-heal|p1a: Tentacruel|99/100 par|[from] ability: Rain Dish
|-heal|p2a: Reuniclus|99/100|[from] item: Leftovers
|-heal|p1a: Tentacruel|100/100 par|[from] item: Black Sludge
|upkeep
|turn|83
|
|t:|1706996451
|switch|p1a: Politoed|Politoed, M|70/100
|move|p2a: Reuniclus|Psyshock|p1a: Politoed
|-damage|p1a: Politoed|43/100
|
|-weather|RainDance|[upkeep]
|-heal|p1a: Politoed|49/100|[from] item: Leftovers
|-heal|p2a: Reuniclus|100/100|[from] item: Leftovers
|upkeep
|turn|84
|
|t:|1706996463
|move|p1a: Politoed|Scald|p2a: Reuniclus
|-damage|p2a: Reuniclus|64/100
|move|p2a: Reuniclus|Calm Mind|p2a: Reuniclus
|-boost|p2a: Reuniclus|spa|1
|-boost|p2a: Reuniclus|spd|1
|
|-weather|RainDance|[upkeep]
|-heal|p1a: Politoed|56/100|[from] item: Leftovers
|-heal|p2a: Reuniclus|71/100|[from] item: Leftovers
|upkeep
|turn|85
|
|t:|1706996467
|switch|p2a: Blissey|Blissey, F|99/100
|-damage|p2a: Blissey|88/100|[from] Stealth Rock
|move|p1a: Politoed|Encore||[still]
|-fail|p1a: Politoed
|
|-weather|RainDance|[upkeep]
|-heal|p1a: Politoed|62/100|[from] item: Leftovers
|-heal|p2a: Blissey|94/100|[from] item: Leftovers
|upkeep
|turn|86
|
|t:|1706996478
|switch|p2a: Reuniclus|Reuniclus, M|71/100
|move|p1a: Politoed|Protect||[still]
|-fail|p1a: Politoed
|
|-weather|RainDance|[upkeep]
|-heal|p1a: Politoed|68/100|[from] item: Leftovers
|-heal|p2a: Reuniclus|77/100|[from] item: Leftovers
|upkeep
|turn|87
|
|t:|1706996486
|move|p1a: Politoed|Scald|p2a: Reuniclus
|-crit|p2a: Reuniclus
|-damage|p2a: Reuniclus|6/100
|-status|p2a: Reuniclus|brn
|move|p2a: Reuniclus|Recover|p2a: Reuniclus
|-heal|p2a: Reuniclus|56/100 brn
|
|-weather|RainDance|[upkeep]
|-heal|p1a: Politoed|74/100|[from] item: Leftovers
|-heal|p2a: Reuniclus|62/100 brn|[from] item: Leftovers
|upkeep
|turn|88
|
|t:|1706996493
|move|p1a: Politoed|Scald|p2a: Reuniclus
|-damage|p2a: Reuniclus|30/100 brn
|move|p2a: Reuniclus|Recover|p2a: Reuniclus
|-heal|p2a: Reuniclus|80/100 brn
|
|-weather|RainDance|[upkeep]
|-heal|p1a: Politoed|81/100|[from] item: Leftovers
|-heal|p2a: Reuniclus|86/100 brn|[from] item: Leftovers
|upkeep
|turn|89
|
|t:|1706996498
|move|p1a: Politoed|Scald|p2a: Reuniclus
|-damage|p2a: Reuniclus|50/100 brn
|move|p2a: Reuniclus|Calm Mind|p2a: Reuniclus
|-boost|p2a: Reuniclus|spa|1
|-boost|p2a: Reuniclus|spd|1
|
|-weather|RainDance|[upkeep]
|-heal|p1a: Politoed|87/100|[from] item: Leftovers
|-heal|p2a: Reuniclus|56/100 brn|[from] item: Leftovers
|upkeep
|turn|90
|
|t:|1706996504
|move|p1a: Politoed|Scald|p2a: Reuniclus
|-damage|p2a: Reuniclus|34/100 brn
|move|p2a: Reuniclus|Recover|p2a: Reuniclus
|-heal|p2a: Reuniclus|84/100 brn
|
|-weather|RainDance|[upkeep]
|-heal|p1a: Politoed|93/100|[from] item: Leftovers
|-heal|p2a: Reuniclus|90/100 brn|[from] item: Leftovers
|upkeep
|turn|91
|
|t:|1706996510
|move|p1a: Politoed|Encore|p2a: Reuniclus
|-start|p2a: Reuniclus|Encore
|move|p2a: Reuniclus|Recover|p2a: Reuniclus
|-heal|p2a: Reuniclus|100/100 brn
|
|-weather|RainDance|[upkeep]
|-heal|p1a: Politoed|99/100|[from] item: Leftovers
|upkeep
|turn|92
|
|t:|1706996514
|switch|p1a: Landorus|Landorus-Therian, M|54/100
|-ability|p1a: Landorus|Intimidate|boost
|-unboost|p2a: Reuniclus|atk|1
|switch|p2a: Blissey|Blissey, F|94/100
|-damage|p2a: Blissey|82/100|[from] Stealth Rock
|
|-weather|RainDance|[upkeep]
|-heal|p1a: Landorus|60/100|[from] item: Leftovers
|-heal|p2a: Blissey|88/100|[from] item: Leftovers
|upkeep
|turn|93
|
|t:|1706996521
|move|p1a: Landorus|U-turn|p2a: Blissey
|-damage|p2a: Blissey|68/100
|
|t:|1706996523
|switch|p1a: Tentacruel|Tentacruel, M|100/100 par|[from] U-turn
|move|p2a: Blissey|Ice Beam|p1a: Tentacruel
|-resisted|p1a: Tentacruel
|-damage|p1a: Tentacruel|94/100 par
|
|-weather|RainDance|[upkeep]
|-heal|p1a: Tentacruel|99/100 par|[from] ability: Rain Dish
|-heal|p2a: Blissey|74/100|[from] item: Leftovers
|-heal|p1a: Tentacruel|100/100 par|[from] item: Black Sludge
|upkeep
|turn|94
|
|t:|1706996532
|switch|p2a: Reuniclus|Reuniclus, M|100/100 brn
|move|p1a: Tentacruel|Scald|p2a: Reuniclus
|-damage|p2a: Reuniclus|67/100 brn
|
|-weather|RainDance|[upkeep]
|-heal|p2a: Reuniclus|73/100 brn|[from] item: Leftovers
|upkeep
|turn|95
|
|t:|1706996541
|move|p2a: Reuniclus|Calm Mind|p2a: Reuniclus
|-boost|p2a: Reuniclus|spa|1
|-boost|p2a: Reuniclus|spd|1
|move|p1a: Tentacruel|Scald|p2a: Reuniclus
|-damage|p2a: Reuniclus|52/100 brn
|
|-weather|RainDance|[upkeep]
|-heal|p2a: Reuniclus|58/100 brn|[from] item: Leftovers
|upkeep
|turn|96
|
|t:|1706996548
|switch|p1a: Politoed|Politoed, M|99/100
|move|p2a: Reuniclus|Recover|p2a: Reuniclus
|-heal|p2a: Reuniclus|100/100 brn
|
|-weather|RainDance|[upkeep]
|-heal|p1a: Politoed|100/100|[from] item: Leftovers
|upkeep
|turn|97
|
|t:|1706996553
|move|p1a: Politoed|Scald|p2a: Reuniclus
|-damage|p2a: Reuniclus|76/100 brn
|move|p2a: Reuniclus|Focus Blast|p1a: Politoed
|-damage|p1a: Politoed|58/100
|
|-weather|RainDance|[upkeep]
|-heal|p1a: Politoed|64/100|[from] item: Leftovers
|-heal|p2a: Reuniclus|83/100 brn|[from] item: Leftovers
|upkeep
|turn|98
|
|t:|1706996558
|move|p1a: Politoed|Protect|p1a: Politoed
|-singleturn|p1a: Politoed|Protect
|move|p2a: Reuniclus|Calm Mind|p2a: Reuniclus
|-boost|p2a: Reuniclus|spa|1
|-boost|p2a: Reuniclus|spd|1
|
|-weather|RainDance|[upkeep]
|-heal|p1a: Politoed|70/100|[from] item: Leftovers
|-heal|p2a: Reuniclus|89/100 brn|[from] item: Leftovers
|upkeep
|turn|99
|
|t:|1706996565
|move|p1a: Politoed|Encore|p2a: Reuniclus
|-start|p2a: Reuniclus|Encore
|move|p2a: Reuniclus|Calm Mind|p2a: Reuniclus
|-boost|p2a: Reuniclus|spa|1
|-boost|p2a: Reuniclus|spd|1
|
|-weather|RainDance|[upkeep]
|-heal|p1a: Politoed|76/100|[from] item: Leftovers
|-heal|p2a: Reuniclus|95/100 brn|[from] item: Leftovers
|upkeep
|turn|100
|
|t:|1706996575
|switch|p1a: Latios|Latios, M|20/100 par
|switch|p2a: Blissey|Blissey, F|74/100
|-damage|p2a: Blissey|62/100|[from] Stealth Rock
|
|-weather|RainDance|[upkeep]
|-heal|p2a: Blissey|68/100|[from] item: Leftovers
|upkeep
|turn|101
|
|t:|1706996580
|switch|p1a: Tentacruel|Tentacruel, M|100/100 par
|move|p2a: Blissey|Ice Beam|p1a: Tentacruel
|-resisted|p1a: Tentacruel
|-damage|p1a: Tentacruel|94/100 par
|
|-weather|RainDance|[upkeep]
|-heal|p1a: Tentacruel|100/100 par|[from] ability: Rain Dish
|-heal|p2a: Blissey|74/100|[from] item: Leftovers
|upkeep
|turn|102
|
|t:|1706996586
|switch|p2a: Reuniclus|Reuniclus, M|95/100 brn
|switch|p1a: Landorus|Landorus-Therian, M|60/100
|-ability|p1a: Landorus|Intimidate|boost
|-unboost|p2a: Reuniclus|atk|1
|
|-weather|RainDance|[upkeep]
|-heal|p1a: Landorus|66/100|[from] item: Leftovers
|-heal|p2a: Reuniclus|100/100 brn|[from] item: Leftovers
|upkeep
|turn|103
|
|t:|1706996591
|move|p1a: Landorus|U-turn|p2a: Reuniclus
|-supereffective|p2a: Reuniclus
|-damage|p2a: Reuniclus|72/100 brn
|
|t:|1706996593
|switch|p1a: Politoed|Politoed, M|76/100|[from] U-turn
|move|p2a: Reuniclus|Recover|p2a: Reuniclus
|-heal|p2a: Reuniclus|100/100 brn
|
|-weather|RainDance|[upkeep]
|-heal|p1a: Politoed|83/100|[from] item: Leftovers
|upkeep
|turn|104
|
|t:|1706996603
|move|p1a: Politoed|Scald|p2a: Reuniclus
|-damage|p2a: Reuniclus|64/100 brn
|move|p2a: Reuniclus|Calm Mind|p2a: Reuniclus
|-boost|p2a: Reuniclus|spa|1
|-boost|p2a: Reuniclus|spd|1
|
|-weather|RainDance|[upkeep]
|-heal|p1a: Politoed|89/100|[from] item: Leftovers
|-heal|p2a: Reuniclus|70/100 brn|[from] item: Leftovers
|upkeep
|turn|105
|
|t:|1706996611
|move|p1a: Politoed|Scald|p2a: Reuniclus
|-damage|p2a: Reuniclus|47/100 brn
|move|p2a: Reuniclus|Recover|p2a: Reuniclus
|-heal|p2a: Reuniclus|97/100 brn
|
|-weather|RainDance|[upkeep]
|-heal|p1a: Politoed|95/100|[from] item: Leftovers
|-heal|p2a: Reuniclus|100/100 brn|[from] item: Leftovers
|upkeep
|turn|106
|
|t:|1706996614
|move|p1a: Politoed|Encore|p2a: Reuniclus
|-start|p2a: Reuniclus|Encore
|move|p2a: Reuniclus|Recover||[still]
|-fail|p2a: Reuniclus|heal
|
|-weather|RainDance|[upkeep]
|-heal|p1a: Politoed|100/100|[from] item: Leftovers
|upkeep
|turn|107
|
|t:|1706996617
|switch|p1a: Landorus|Landorus-Therian, M|66/100
|-ability|p1a: Landorus|Intimidate|boost
|-unboost|p2a: Reuniclus|atk|1
|switch|p2a: Blissey|Blissey, F|74/100
|-damage|p2a: Blissey|62/100|[from] Stealth Rock
|
|-weather|RainDance|[upkeep]
|-heal|p1a: Landorus|72/100|[from] item: Leftovers
|-heal|p2a: Blissey|68/100|[from] item: Leftovers
|upkeep
|turn|108
|
|t:|1706996620
|move|p1a: Landorus|Earthquake|p2a: Blissey
|-damage|p2a: Blissey|25/100
|move|p2a: Blissey|Soft-Boiled|p2a: Blissey
|-heal|p2a: Blissey|75/100
|
|-weather|RainDance|[upkeep]
|-heal|p1a: Landorus|78/100|[from] item: Leftovers
|-heal|p2a: Blissey|81/100|[from] item: Leftovers
|upkeep
|turn|109
|
|t:|1706996626
|move|p1a: Landorus|Earthquake|p2a: Blissey
|-damage|p2a: Blissey|38/100
|move|p2a: Blissey|Soft-Boiled|p2a: Blissey
|-heal|p2a: Blissey|88/100
|
|-weather|RainDance|[upkeep]
|-heal|p1a: Landorus|84/100|[from] item: Leftovers
|-heal|p2a: Blissey|94/100|[from] item: Leftovers
|upkeep
|turn|110
|
|t:|1706996635
|switch|p2a: Latios|Latios, M|88/100 brn
|-damage|p2a: Latios|76/100 brn|[from] Stealth Rock
|move|p1a: Landorus|U-turn|p2a: Latios
|-supereffective|p2a: Latios
|-damage|p2a: Latios|17/100 brn
|
|t:|1706996643
|switch|p1a: Celebi|Celebi|80/100|[from] U-turn
|
|-weather|RainDance|[upkeep]
|-heal|p1a: Celebi|86/100|[from] item: Leftovers
|-damage|p2a: Latios|4/100 brn|[from] brn
|upkeep
|turn|111
|
|t:|1706996646
|switch|p2a: Reuniclus|Reuniclus, M|100/100 brn
|move|p1a: Celebi|Hidden Power|p2a: Reuniclus
|-damage|p2a: Reuniclus|87/100 brn
|
|-weather|RainDance|[upkeep]
|-heal|p1a: Celebi|92/100|[from] item: Leftovers
|-heal|p2a: Reuniclus|93/100 brn|[from] item: Leftovers
|upkeep
|turn|112
|
|t:|1706996656
|move|p1a: Celebi|Baton Pass|p1a: Celebi
|
|t:|1706996659
|switch|p1a: Latios|Latios, M|20/100 par|[from] Baton Pass
|move|p2a: Reuniclus|Calm Mind|p2a: Reuniclus
|-boost|p2a: Reuniclus|spa|1
|-boost|p2a: Reuniclus|spd|1
|
|-weather|RainDance|[upkeep]
|-heal|p2a: Reuniclus|99/100 brn|[from] item: Leftovers
|upkeep
|turn|113
|
|t:|1706996664
|move|p2a: Reuniclus|Psyshock|p1a: Latios
|-resisted|p1a: Latios
|-damage|p1a: Latios|0 fnt
|faint|p1a: Latios
|
|-weather|RainDance|[upkeep]
|-heal|p2a: Reuniclus|100/100 brn|[from] item: Leftovers
|upkeep
|
|t:|1706996678
|switch|p1a: Politoed|Politoed, M|100/100
|turn|114
|
|t:|1706996683
|move|p1a: Politoed|Scald|p2a: Reuniclus
|-damage|p2a: Reuniclus|77/100 brn
|move|p2a: Reuniclus|Calm Mind|p2a: Reuniclus
|-boost|p2a: Reuniclus|spa|1
|-boost|p2a: Reuniclus|spd|1
|
|-weather|RainDance|[upkeep]
|-heal|p2a: Reuniclus|83/100 brn|[from] item: Leftovers
|upkeep
|turn|115
|
|t:|1706996689
|move|p1a: Politoed|Scald|p2a: Reuniclus
|-damage|p2a: Reuniclus|66/100 brn
|move|p2a: Reuniclus|Calm Mind|p2a: Reuniclus
|-boost|p2a: Reuniclus|spa|1
|-boost|p2a: Reuniclus|spd|1
|
|-weather|RainDance|[upkeep]
|-heal|p2a: Reuniclus|72/100 brn|[from] item: Leftovers
|upkeep
|turn|116
|
|t:|1706996696
|move|p1a: Politoed|Scald|p2a: Reuniclus
|-damage|p2a: Reuniclus|58/100 brn
|move|p2a: Reuniclus|Focus Blast|p1a: Politoed
|-damage|p1a: Politoed|22/100
|-unboost|p1a: Politoed|spd|1
|
|-weather|RainDance|[upkeep]
|-heal|p1a: Politoed|28/100|[from] item: Leftovers
|-heal|p2a: Reuniclus|64/100 brn|[from] item: Leftovers
|upkeep
|turn|117
|
|t:|1706996703
|switch|p1a: Celebi|Celebi|92/100
|move|p2a: Reuniclus|Recover|p2a: Reuniclus
|-heal|p2a: Reuniclus|100/100 brn
|
|-weather|RainDance|[upkeep]
|-heal|p1a: Celebi|98/100|[from] item: Leftovers
|upkeep
|turn|118
|
|t:|1706996713
|move|p1a: Celebi|Giga Drain|p2a: Reuniclus
|-damage|p2a: Reuniclus|91/100 brn
|-heal|p1a: Celebi|100/100|[from] drain|[of] p2a: Reuniclus
|move|p2a: Reuniclus|Psyshock|p1a: Celebi
|-resisted|p1a: Celebi
|-crit|p1a: Celebi
|-damage|p1a: Celebi|30/100
|
|-weather|RainDance|[upkeep]
|-heal|p1a: Celebi|36/100|[from] item: Leftovers
|-heal|p2a: Reuniclus|97/100 brn|[from] item: Leftovers
|upkeep
|turn|119
|
|t:|1706996720
|move|p1a: Celebi|Recover|p1a: Celebi
|-heal|p1a: Celebi|86/100
|move|p2a: Reuniclus|Calm Mind|p2a: Reuniclus
|-boost|p2a: Reuniclus|spa|1
|-boost|p2a: Reuniclus|spd|1
|
|-weather|RainDance|[upkeep]
|-heal|p1a: Celebi|93/100|[from] item: Leftovers
|-heal|p2a: Reuniclus|100/100 brn|[from] item: Leftovers
|upkeep
|turn|120
|
|t:|1706996728
|move|p1a: Celebi|Giga Drain|p2a: Reuniclus
|-damage|p2a: Reuniclus|91/100 brn
|-heal|p1a: Celebi|98/100|[from] drain|[of] p2a: Reuniclus
|move|p2a: Reuniclus|Calm Mind|p2a: Reuniclus
|-boost|p2a: Reuniclus|spa|1
|-boost|p2a: Reuniclus|spd|1
|
|-weather|RainDance|[upkeep]
|-heal|p1a: Celebi|100/100|[from] item: Leftovers
|-heal|p2a: Reuniclus|97/100 brn|[from] item: Leftovers
|upkeep
|turn|121
|
|t:|1706996735
|move|p1a: Celebi|Giga Drain|p2a: Reuniclus
|-damage|p2a: Reuniclus|90/100 brn
|move|p2a: Reuniclus|Calm Mind|p2a: Reuniclus
|-boost|p2a: Reuniclus|spa|1
|-boost|p2a: Reuniclus|spd|1
|
|-weather|RainDance|[upkeep]
|-heal|p2a: Reuniclus|96/100 brn|[from] item: Leftovers
|upkeep
|turn|122
|
|t:|1706996750
|switch|p2a: Blissey|Blissey, F|94/100
|-damage|p2a: Blissey|82/100|[from] Stealth Rock
|move|p1a: Celebi|Hidden Power|p2a: Blissey
|-damage|p2a: Blissey|76/100
|
|-weather|RainDance|[upkeep]
|-heal|p2a: Blissey|82/100|[from] item: Leftovers
|upkeep
|turn|123
|
|t:|1706996761
|switch|p2a: Reuniclus|Reuniclus, M|96/100 brn
|move|p1a: Celebi|Baton Pass|p1a: Celebi
|
|t:|1706996764
|switch|p1a: Landorus|Landorus-Therian, M|84/100|[from] Baton Pass
|-ability|p1a: Landorus|Intimidate|boost
|-unboost|p2a: Reuniclus|atk|1
|
|-weather|RainDance|[upkeep]
|-heal|p1a: Landorus|90/100|[from] item: Leftovers
|-heal|p2a: Reuniclus|100/100 brn|[from] item: Leftovers
|upkeep
|turn|124
|
|t:|1706996772
|switch|p2a: Latios|Latios, M|4/100 brn
|-damage|p2a: Latios|0 fnt|[from] Stealth Rock
|faint|p2a: Latios
|move|p1a: Landorus|U-turn|p2: Latios|[notarget]
|-fail|p1a: Landorus
|
|-weather|RainDance|[upkeep]
|-heal|p1a: Landorus|96/100|[from] item: Leftovers
|upkeep
|
|t:|1706996774
|switch|p2a: Blissey|Blissey, F|82/100
|-damage|p2a: Blissey|70/100|[from] Stealth Rock
|turn|125
|
|t:|1706996777
|move|p1a: Landorus|Earthquake|p2a: Blissey
|-damage|p2a: Blissey|32/100
|move|p2a: Blissey|Soft-Boiled|p2a: Blissey
|-heal|p2a: Blissey|82/100
|
|-weather|RainDance|[upkeep]
|-heal|p1a: Landorus|100/100|[from] item: Leftovers
|-heal|p2a: Blissey|88/100|[from] item: Leftovers
|upkeep
|turn|126
|
|t:|1706996791
|move|p1a: Landorus|U-turn|p2a: Blissey
|-damage|p2a: Blissey|68/100
|
|t:|1706996794
|switch|p1a: Celebi|Celebi|100/100|[from] U-turn
|move|p2a: Blissey|Ice Beam|p1a: Celebi
|-supereffective|p1a: Celebi
|-damage|p1a: Celebi|80/100
|
|-weather|RainDance|[upkeep]
|-heal|p1a: Celebi|86/100|[from] item: Leftovers
|-heal|p2a: Blissey|74/100|[from] item: Leftovers
|upkeep
|turn|127
|
|t:|1706996797
|move|p1a: Celebi|Baton Pass|p1a: Celebi
|
|t:|1706996802
|switch|p1a: Tentacruel|Tentacruel, M|100/100 par|[from] Baton Pass
|move|p2a: Blissey|Thunder Wave|p1a: Tentacruel
|-fail|p1a: Tentacruel|par
|
|-weather|RainDance|[upkeep]
|-heal|p2a: Blissey|81/100|[from] item: Leftovers
|upkeep
|turn|128
|
|t:|1706996809
|switch|p2a: Reuniclus|Reuniclus, M|100/100 brn
|move|p1a: Tentacruel|Rapid Spin|p2a: Reuniclus
|-damage|p2a: Reuniclus|99/100 brn
|
|-weather|RainDance|[upkeep]
|-heal|p2a: Reuniclus|100/100 brn|[from] item: Leftovers
|upkeep
|turn|129
|
|t:|1706996811
|switch|p1a: Politoed|Politoed, M|28/100
|move|p2a: Reuniclus|Calm Mind|p2a: Reuniclus
|-boost|p2a: Reuniclus|spa|1
|-boost|p2a: Reuniclus|spd|1
|
|-weather|RainDance|[upkeep]
|-heal|p1a: Politoed|34/100|[from] item: Leftovers
|upkeep
|turn|130
|
|t:|1706996818
|move|p1a: Politoed|Encore|p2a: Reuniclus
|-start|p2a: Reuniclus|Encore
|move|p2a: Reuniclus|Calm Mind|p2a: Reuniclus
|-boost|p2a: Reuniclus|spa|1
|-boost|p2a: Reuniclus|spd|1
|
|-weather|RainDance|[upkeep]
|-heal|p1a: Politoed|41/100|[from] item: Leftovers
|upkeep
|turn|131
|
|t:|1706996824
|switch|p2a: Blissey|Blissey, F|81/100
|-damage|p2a: Blissey|68/100|[from] Stealth Rock
|move|p1a: Politoed|Scald|p2a: Blissey
|-damage|p2a: Blissey|53/100
|
|-weather|RainDance|[upkeep]
|-heal|p1a: Politoed|47/100|[from] item: Leftovers
|-heal|p2a: Blissey|60/100|[from] item: Leftovers
|upkeep
|turn|132
|
|t:|1706996834
|switch|p1a: Tentacruel|Tentacruel, M|100/100 par
|move|p2a: Blissey|Soft-Boiled|p2a: Blissey
|-heal|p2a: Blissey|100/100
|
|-weather|RainDance|[upkeep]
|upkeep
|turn|133
|
|t:|1706996840
|switch|p2a: Reuniclus|Reuniclus, M|100/100 brn
|move|p1a: Tentacruel|Scald|p2a: Reuniclus
|-damage|p2a: Reuniclus|69/100 brn
|
|-weather|RainDance|[upkeep]
|-heal|p2a: Reuniclus|75/100 brn|[from] item: Leftovers
|upkeep
|turn|134
|
|t:|1706996845
|move|p2a: Reuniclus|Calm Mind|p2a: Reuniclus
|-boost|p2a: Reuniclus|spa|1
|-boost|p2a: Reuniclus|spd|1
|move|p1a: Tentacruel|Scald|p2a: Reuniclus
|-damage|p2a: Reuniclus|55/100 brn
|
|-weather|RainDance|[upkeep]
|-heal|p2a: Reuniclus|62/100 brn|[from] item: Leftovers
|upkeep
|turn|135
|
|t:|1706996849
|switch|p1a: Celebi|Celebi|86/100
|move|p2a: Reuniclus|Calm Mind|p2a: Reuniclus
|-boost|p2a: Reuniclus|spa|1
|-boost|p2a: Reuniclus|spd|1
|
|-weather|RainDance|[upkeep]
|-heal|p1a: Celebi|92/100|[from] item: Leftovers
|-heal|p2a: Reuniclus|68/100 brn|[from] item: Leftovers
|upkeep
|turn|136
|
|t:|1706996854
|switch|p2a: Blissey|Blissey, F|100/100
|-damage|p2a: Blissey|88/100|[from] Stealth Rock
|move|p1a: Celebi|Hidden Power|p2a: Blissey
|-damage|p2a: Blissey|82/100
|
|-weather|RainDance|[upkeep]
|-heal|p1a: Celebi|98/100|[from] item: Leftovers
|-heal|p2a: Blissey|88/100|[from] item: Leftovers
|upkeep
|turn|137
|
|t:|1706996863
|switch|p1a: Tentacruel|Tentacruel, M|100/100 par
|switch|p2a: Reuniclus|Reuniclus, M|68/100 brn
|
|-weather|RainDance|[upkeep]
|-heal|p2a: Reuniclus|74/100 brn|[from] item: Leftovers
|upkeep
|turn|138
|
|t:|1706996868
|move|p2a: Reuniclus|Calm Mind|p2a: Reuniclus
|-boost|p2a: Reuniclus|spa|1
|-boost|p2a: Reuniclus|spd|1
|move|p1a: Tentacruel|Rapid Spin|p2a: Reuniclus
|-damage|p2a: Reuniclus|72/100 brn
|
|-weather|RainDance|[upkeep]
|-heal|p2a: Reuniclus|78/100 brn|[from] item: Leftovers
|upkeep
|turn|139
|
|t:|1706996876
|switch|p2a: Blissey|Blissey, F|88/100
|-damage|p2a: Blissey|76/100|[from] Stealth Rock
|switch|p1a: Landorus|Landorus-Therian, M|100/100
|-ability|p1a: Landorus|Intimidate|boost
|-unboost|p2a: Blissey|atk|1
|
|-weather|RainDance|[upkeep]
|-heal|p2a: Blissey|82/100|[from] item: Leftovers
|upkeep
|turn|140
|
|t:|1706996881
|move|p1a: Landorus|U-turn|p2a: Blissey
|-damage|p2a: Blissey|64/100
|
|t:|1706996884
|switch|p1a: Tentacruel|Tentacruel, M|100/100 par|[from] U-turn
|move|p2a: Blissey|Seismic Toss|p1a: Tentacruel
|-damage|p1a: Tentacruel|73/100 par
|
|-weather|RainDance|[upkeep]
|-heal|p1a: Tentacruel|79/100 par|[from] ability: Rain Dish
|-heal|p2a: Blissey|70/100|[from] item: Leftovers
|-heal|p1a: Tentacruel|85/100 par|[from] item: Black Sludge
|upkeep
|turn|141
|
|t:|1706996893
|move|p2a: Blissey|Seismic Toss|p1a: Tentacruel
|-damage|p1a: Tentacruel|58/100 par
|move|p1a: Tentacruel|Toxic|p2a: Blissey
|-status|p2a: Blissey|tox
|
|-weather|RainDance|[upkeep]
|-heal|p1a: Tentacruel|64/100 par|[from] ability: Rain Dish
|-heal|p2a: Blissey|76/100 tox|[from] item: Leftovers
|-heal|p1a: Tentacruel|70/100 par|[from] item: Black Sludge
|-damage|p2a: Blissey|70/100 tox|[from] psn
|upkeep
|turn|142
|
|t:|1706996900
|-curestatus|p2a: Blissey|tox|[from] ability: Natural Cure
|switch|p2a: Gliscor|Gliscor, F|82/100 tox
|-damage|p2a: Gliscor|70/100 tox|[from] Stealth Rock
|switch|p1a: Landorus|Landorus-Therian, M|100/100
|-ability|p1a: Landorus|Intimidate|boost
|-unboost|p2a: Gliscor|atk|1
|
|-weather|RainDance|[upkeep]
|-heal|p2a: Gliscor|82/100 tox|[from] ability: Poison Heal
|upkeep
|turn|143
|
|t:|1706996906
|move|p2a: Gliscor|Protect|p2a: Gliscor
|-singleturn|p2a: Gliscor|Protect
|move|p1a: Landorus|U-turn|p2a: Gliscor
|-activate|p2a: Gliscor|move: Protect
|
|-weather|RainDance|[upkeep]
|-heal|p2a: Gliscor|95/100 tox|[from] ability: Poison Heal
|upkeep
|turn|144
|
|t:|1706996908
|move|p1a: Landorus|U-turn|p2a: Gliscor
|-resisted|p2a: Gliscor
|-damage|p2a: Gliscor|87/100 tox
|
|t:|1706996910
|switch|p1a: Celebi|Celebi|98/100|[from] U-turn
|move|p2a: Gliscor|Stealth Rock|p1a: Celebi
|-sidestart|p1: Blop_Le_Slime|move: Stealth Rock
|
|-weather|RainDance|[upkeep]
|-heal|p1a: Celebi|100/100|[from] item: Leftovers
|-heal|p2a: Gliscor|99/100 tox|[from] ability: Poison Heal
|upkeep
|turn|145
|
|t:|1706996916
|switch|p2a: Blissey|Blissey, F|70/100
|-damage|p2a: Blissey|58/100|[from] Stealth Rock
|move|p1a: Celebi|Hidden Power|p2a: Blissey
|-damage|p2a: Blissey|52/100
|
|-weather|RainDance|[upkeep]
|-heal|p2a: Blissey|58/100|[from] item: Leftovers
|upkeep
|turn|146
|
|t:|1706996918
|move|p1a: Celebi|Baton Pass|p1a: Celebi
|
|t:|1706996920
|switch|p1a: Tentacruel|Tentacruel, M|70/100 par|[from] Baton Pass
|-damage|p1a: Tentacruel|57/100 par|[from] Stealth Rock
|move|p2a: Blissey|Soft-Boiled|p2a: Blissey
|-heal|p2a: Blissey|100/100
|
|-weather|RainDance|[upkeep]
|-heal|p1a: Tentacruel|63/100 par|[from] ability: Rain Dish
|-heal|p1a: Tentacruel|69/100 par|[from] item: Black Sludge
|upkeep
|turn|147
|
|t:|1706996922
|switch|p2a: Gliscor|Gliscor, F|99/100 tox
|-damage|p2a: Gliscor|87/100 tox|[from] Stealth Rock
|move|p1a: Tentacruel|Rapid Spin|p2a: Gliscor
|-damage|p2a: Gliscor|84/100 tox
|-sideend|p1: Blop_Le_Slime|Stealth Rock|[from] move: Rapid Spin|[of] p1a: Tentacruel
|
|-weather|RainDance|[upkeep]
|-heal|p1a: Tentacruel|75/100 par|[from] ability: Rain Dish
|-heal|p1a: Tentacruel|82/100 par|[from] item: Black Sludge
|-heal|p2a: Gliscor|97/100 tox|[from] ability: Poison Heal
|upkeep
|turn|148
|
|t:|1706996929
|switch|p1a: Landorus|Landorus-Therian, M|100/100
|-ability|p1a: Landorus|Intimidate|boost
|-unboost|p2a: Gliscor|atk|1
|move|p2a: Gliscor|Stealth Rock|p1a: Landorus
|-sidestart|p1: Blop_Le_Slime|move: Stealth Rock
|
|-weather|RainDance|[upkeep]
|-heal|p2a: Gliscor|100/100 tox|[from] ability: Poison Heal
|upkeep
|turn|149
|
|t:|1706996933
|switch|p2a: Forretress|Forretress, M|44/100
|-damage|p2a: Forretress|32/100|[from] Stealth Rock
|move|p1a: Landorus|Hidden Power|p2a: Forretress
|-resisted|p2a: Forretress
|-damage|p2a: Forretress|20/100
|
|-weather|RainDance|[upkeep]
|-heal|p2a: Forretress|26/100|[from] item: Leftovers
|upkeep
|turn|150
|inactive|Blop_Le_Slime has 120 seconds left.
|
|t:|1706996970
|move|p1a: Landorus|Earthquake|p2a: Forretress
|-damage|p2a: Forretress|2/100
|move|p2a: Forretress|Rapid Spin|p1a: Landorus
|-damage|p1a: Landorus|97/100
|-sideend|p2: the great gazump|Stealth Rock|[from] move: Rapid Spin|[of] p2a: Forretress
|
|-weather|RainDance|[upkeep]
|-heal|p1a: Landorus|100/100|[from] item: Leftovers
|-heal|p2a: Forretress|8/100|[from] item: Leftovers
|upkeep
|turn|151
|
|t:|1706996975
|move|p1a: Landorus|Earthquake|p2a: Forretress
|-damage|p2a: Forretress|0 fnt
|faint|p2a: Forretress
|
|-weather|RainDance|[upkeep]
|upkeep
|
|t:|1706996977
|switch|p2a: Blissey|Blissey, F|100/100
|turn|152
|
|t:|1706996984
|move|p1a: Landorus|Stealth Rock|p2a: Blissey
|-sidestart|p2: the great gazump|move: Stealth Rock
|move|p2a: Blissey|Ice Beam|p1a: Landorus
|-supereffective|p1a: Landorus
|-damage|p1a: Landorus|30/100
|
|-weather|RainDance|[upkeep]
|-heal|p1a: Landorus|36/100|[from] item: Leftovers
|upkeep
|turn|153
|
|t:|1706996987
|move|p1a: Landorus|U-turn|p2a: Blissey
|-damage|p2a: Blissey|81/100
|
|t:|1706996990
|switch|p1a: Tentacruel|Tentacruel, M|82/100 par|[from] U-turn
|-damage|p1a: Tentacruel|69/100 par|[from] Stealth Rock
|move|p2a: Blissey|Ice Beam|p1a: Tentacruel
|-resisted|p1a: Tentacruel
|-damage|p1a: Tentacruel|63/100 par
|
|-weather|RainDance|[upkeep]
|-heal|p1a: Tentacruel|69/100 par|[from] ability: Rain Dish
|-heal|p2a: Blissey|87/100|[from] item: Leftovers
|-heal|p1a: Tentacruel|75/100 par|[from] item: Black Sludge
|upkeep
|turn|154
|
|t:|1706996992
|switch|p2a: Gliscor|Gliscor, F|100/100 tox
|-damage|p2a: Gliscor|88/100 tox|[from] Stealth Rock
|cant|p1a: Tentacruel|par
|
|-weather|RainDance|[upkeep]
|-heal|p1a: Tentacruel|82/100 par|[from] ability: Rain Dish
|-heal|p1a: Tentacruel|88/100 par|[from] item: Black Sludge
|-heal|p2a: Gliscor|100/100 tox|[from] ability: Poison Heal
|upkeep
|turn|155
|
|t:|1706997001
|switch|p1a: Celebi|Celebi|100/100
|-damage|p1a: Celebi|88/100|[from] Stealth Rock
|move|p2a: Gliscor|Ice Fang|p1a: Celebi
|-supereffective|p1a: Celebi
|-damage|p1a: Celebi|62/100
|-status|p1a: Celebi|frz
|
|-weather|RainDance|[upkeep]
|-heal|p1a: Celebi|68/100 frz|[from] item: Leftovers
|upkeep
|turn|156
|
|t:|1706997012
|-curestatus|p1a: Celebi|frz|[from] ability: Natural Cure
|switch|p1a: Tentacruel|Tentacruel, M|88/100 par
|-damage|p1a: Tentacruel|75/100 par|[from] Stealth Rock
|move|p2a: Gliscor|Ice Fang|p1a: Tentacruel
|-resisted|p1a: Tentacruel
|-damage|p1a: Tentacruel|66/100 par
|
|-weather|RainDance|[upkeep]
|-heal|p1a: Tentacruel|72/100 par|[from] ability: Rain Dish
|-heal|p1a: Tentacruel|78/100 par|[from] item: Black Sludge
|upkeep
|turn|157
|
|t:|1706997016
|move|p1a: Tentacruel|Protect|p1a: Tentacruel
|-singleturn|p1a: Tentacruel|Protect
|move|p2a: Gliscor|Earthquake|p1a: Tentacruel
|-activate|p1a: Tentacruel|move: Protect
|
|-weather|RainDance|[upkeep]
|-heal|p1a: Tentacruel|84/100 par|[from] ability: Rain Dish
|-heal|p1a: Tentacruel|90/100 par|[from] item: Black Sludge
|upkeep
|turn|158
|
|t:|1706997025
|switch|p1a: Celebi|Celebi|68/100
|-damage|p1a: Celebi|56/100|[from] Stealth Rock
|move|p2a: Gliscor|Ice Fang|p1a: Celebi
|-supereffective|p1a: Celebi
|-damage|p1a: Celebi|34/100
|
|-weather|RainDance|[upkeep]
|-heal|p1a: Celebi|40/100|[from] item: Leftovers
|upkeep
|turn|159
|
|t:|1706997034
|switch|p2a: Blissey|Blissey, F|87/100
|-damage|p2a: Blissey|75/100|[from] Stealth Rock
|move|p1a: Celebi|Recover|p1a: Celebi
|-heal|p1a: Celebi|90/100
|
|-weather|RainDance|[upkeep]
|-heal|p1a: Celebi|96/100|[from] item: Leftovers
|-heal|p2a: Blissey|81/100|[from] item: Leftovers
|upkeep
|turn|160
|
|t:|1706997041
|switch|p1a: Tentacruel|Tentacruel, M|90/100 par
|-damage|p1a: Tentacruel|78/100 par|[from] Stealth Rock
|switch|p2a: Gliscor|Gliscor, F|100/100 tox
|-damage|p2a: Gliscor|88/100 tox|[from] Stealth Rock
|
|-weather|RainDance|[upkeep]
|-heal|p1a: Tentacruel|84/100 par|[from] ability: Rain Dish
|-heal|p1a: Tentacruel|90/100 par|[from] item: Black Sludge
|-heal|p2a: Gliscor|100/100 tox|[from] ability: Poison Heal
|upkeep
|turn|161
|
|t:|1706997045
|switch|p1a: Celebi|Celebi|96/100
|-damage|p1a: Celebi|84/100|[from] Stealth Rock
|move|p2a: Gliscor|Earthquake|p1a: Celebi
|-resisted|p1a: Celebi
|-damage|p1a: Celebi|70/100
|
|-weather|RainDance|[upkeep]
|-heal|p1a: Celebi|76/100|[from] item: Leftovers
|upkeep
|turn|162
|
|t:|1706997048
|switch|p2a: Blissey|Blissey, F|81/100
|-damage|p2a: Blissey|69/100|[from] Stealth Rock
|move|p1a: Celebi|Hidden Power|p2a: Blissey
|-damage|p2a: Blissey|63/100
|
|-weather|RainDance|[upkeep]
|-heal|p1a: Celebi|83/100|[from] item: Leftovers
|-heal|p2a: Blissey|69/100|[from] item: Leftovers
|upkeep
|turn|163
|
|t:|1706997051
|move|p1a: Celebi|Baton Pass|p1a: Celebi
|
|t:|1706997053
|switch|p1a: Tentacruel|Tentacruel, M|90/100 par|[from] Baton Pass
|-damage|p1a: Tentacruel|78/100 par|[from] Stealth Rock
|move|p2a: Blissey|Ice Beam|p1a: Tentacruel
|-resisted|p1a: Tentacruel
|-damage|p1a: Tentacruel|72/100 par
|
|-weather|RainDance|[upkeep]
|-heal|p1a: Tentacruel|78/100 par|[from] ability: Rain Dish
|-heal|p2a: Blissey|75/100|[from] item: Leftovers
|-heal|p1a: Tentacruel|84/100 par|[from] item: Black Sludge
|upkeep
|turn|164
|
|t:|1706997055
|switch|p2a: Gliscor|Gliscor, F|100/100 tox
|-damage|p2a: Gliscor|88/100 tox|[from] Stealth Rock
|move|p1a: Tentacruel|Rapid Spin|p2a: Gliscor
|-damage|p2a: Gliscor|86/100 tox
|-sideend|p1: Blop_Le_Slime|Stealth Rock|[from] move: Rapid Spin|[of] p1a: Tentacruel
|
|-weather|RainDance|[upkeep]
|-heal|p1a: Tentacruel|90/100 par|[from] ability: Rain Dish
|-heal|p1a: Tentacruel|96/100 par|[from] item: Black Sludge
|-heal|p2a: Gliscor|99/100 tox|[from] ability: Poison Heal
|upkeep
|turn|165
|
|t:|1706997060
|move|p2a: Gliscor|Stealth Rock|p1a: Tentacruel
|-sidestart|p1: Blop_Le_Slime|move: Stealth Rock
|move|p1a: Tentacruel|Scald|p2a: Gliscor
|-supereffective|p2a: Gliscor
|-damage|p2a: Gliscor|35/100 tox
|
|-weather|RainDance|[upkeep]
|-heal|p1a: Tentacruel|100/100 par|[from] ability: Rain Dish
|-heal|p2a: Gliscor|48/100 tox|[from] ability: Poison Heal
|upkeep
|turn|166
|
|t:|1706997065
|switch|p1a: Celebi|Celebi|83/100
|-damage|p1a: Celebi|70/100|[from] Stealth Rock
|move|p2a: Gliscor|Earthquake|p1a: Celebi
|-resisted|p1a: Celebi
|-damage|p1a: Celebi|55/100
|
|-weather|RainDance|[upkeep]
|-heal|p1a: Celebi|62/100|[from] item: Leftovers
|-heal|p2a: Gliscor|60/100 tox|[from] ability: Poison Heal
|upkeep
|turn|167
|
|t:|1706997073
|move|p2a: Gliscor|Protect|p2a: Gliscor
|-singleturn|p2a: Gliscor|Protect
|move|p1a: Celebi|Hidden Power|p2a: Gliscor
|-activate|p2a: Gliscor|move: Protect
|
|-weather|RainDance|[upkeep]
|-heal|p1a: Celebi|68/100|[from] item: Leftovers
|-heal|p2a: Gliscor|73/100 tox|[from] ability: Poison Heal
|upkeep
|turn|168
|
|t:|1706997077
|switch|p2a: Blissey|Blissey, F|75/100
|-damage|p2a: Blissey|63/100|[from] Stealth Rock
|move|p1a: Celebi|Hidden Power|p2a: Blissey
|-damage|p2a: Blissey|57/100
|
|-weather|RainDance|[upkeep]
|-heal|p1a: Celebi|74/100|[from] item: Leftovers
|-heal|p2a: Blissey|63/100|[from] item: Leftovers
|upkeep
|turn|169
|
|t:|1706997080
|move|p1a: Celebi|Baton Pass|p1a: Celebi
|
|t:|1706997086
|switch|p1a: Politoed|Politoed, M|47/100|[from] Baton Pass
|-damage|p1a: Politoed|34/100|[from] Stealth Rock
|move|p2a: Blissey|Seismic Toss|p1a: Politoed
|-damage|p1a: Politoed|8/100
|
|-weather|RainDance|[upkeep]
|-heal|p1a: Politoed|15/100|[from] item: Leftovers
|-heal|p2a: Blissey|69/100|[from] item: Leftovers
|upkeep
|turn|170
|
|t:|1706997093
|move|p1a: Politoed|Protect|p1a: Politoed
|-singleturn|p1a: Politoed|Protect
|move|p2a: Blissey|Seismic Toss|p1a: Politoed
|-activate|p1a: Politoed|move: Protect
|
|-weather|RainDance|[upkeep]
|-heal|p1a: Politoed|21/100|[from] item: Leftovers
|-heal|p2a: Blissey|76/100|[from] item: Leftovers
|upkeep
|turn|171
|
|t:|1706997101
|switch|p1a: Tentacruel|Tentacruel, M|100/100 par
|-damage|p1a: Tentacruel|88/100 par|[from] Stealth Rock
|move|p2a: Blissey|Seismic Toss|p1a: Tentacruel
|-damage|p1a: Tentacruel|61/100 par
|
|-weather|RainDance|[upkeep]
|-heal|p1a: Tentacruel|67/100 par|[from] ability: Rain Dish
|-heal|p2a: Blissey|82/100|[from] item: Leftovers
|-heal|p1a: Tentacruel|73/100 par|[from] item: Black Sludge
|upkeep
|turn|172
|
|t:|1706997109
|switch|p2a: Gliscor|Gliscor, F|73/100 tox
|-damage|p2a: Gliscor|60/100 tox|[from] Stealth Rock
|cant|p1a: Tentacruel|par
|
|-weather|RainDance|[upkeep]
|-heal|p1a: Tentacruel|79/100 par|[from] ability: Rain Dish
|-heal|p1a: Tentacruel|85/100 par|[from] item: Black Sludge
|-heal|p2a: Gliscor|73/100 tox|[from] ability: Poison Heal
|upkeep
|turn|173
|
|t:|1706997112
|switch|p1a: Celebi|Celebi|74/100
|-damage|p1a: Celebi|62/100|[from] Stealth Rock
|move|p2a: Gliscor|Earthquake|p1a: Celebi
|-resisted|p1a: Celebi
|-damage|p1a: Celebi|49/100
|
|-weather|RainDance|[upkeep]
|-heal|p1a: Celebi|55/100|[from] item: Leftovers
|-heal|p2a: Gliscor|85/100 tox|[from] ability: Poison Heal
|upkeep
|turn|174
|
|t:|1706997119
|switch|p2a: Blissey|Blissey, F|82/100
|-damage|p2a: Blissey|69/100|[from] Stealth Rock
|move|p1a: Celebi|Hidden Power|p2a: Blissey
|-damage|p2a: Blissey|64/100
|
|-weather|RainDance|[upkeep]
|-heal|p1a: Celebi|61/100|[from] item: Leftovers
|-heal|p2a: Blissey|70/100|[from] item: Leftovers
|upkeep
|turn|175
|
|t:|1706997126
|move|p1a: Celebi|Recover|p1a: Celebi
|-heal|p1a: Celebi|100/100
|move|p2a: Blissey|Thunder Wave|p1a: Celebi
|-status|p1a: Celebi|par
|
|-weather|RainDance|[upkeep]
|-heal|p2a: Blissey|76/100|[from] item: Leftovers
|upkeep
|turn|176
|
|t:|1706997131
|move|p2a: Blissey|Seismic Toss|p1a: Celebi
|-damage|p1a: Celebi|76/100 par
|move|p1a: Celebi|Baton Pass|p1a: Celebi
|
|t:|1706997133
|-curestatus|p1a: Celebi|par|[from] ability: Natural Cure
|switch|p1a: Tentacruel|Tentacruel, M|85/100 par|[from] Baton Pass
|-damage|p1a: Tentacruel|72/100 par|[from] Stealth Rock
|
|-weather|RainDance|[upkeep]
|-heal|p1a: Tentacruel|79/100 par|[from] ability: Rain Dish
|-heal|p2a: Blissey|82/100|[from] item: Leftovers
|-heal|p1a: Tentacruel|85/100 par|[from] item: Black Sludge
|upkeep
|turn|177
|
|t:|1706997136
|switch|p2a: Gliscor|Gliscor, F|85/100 tox
|-damage|p2a: Gliscor|73/100 tox|[from] Stealth Rock
|move|p1a: Tentacruel|Rapid Spin|p2a: Gliscor
|-damage|p2a: Gliscor|70/100 tox
|-sideend|p1: Blop_Le_Slime|Stealth Rock|[from] move: Rapid Spin|[of] p1a: Tentacruel
|
|-weather|RainDance|[upkeep]
|-heal|p1a: Tentacruel|91/100 par|[from] ability: Rain Dish
|-heal|p1a: Tentacruel|97/100 par|[from] item: Black Sludge
|-heal|p2a: Gliscor|82/100 tox|[from] ability: Poison Heal
|upkeep
|turn|178
|
|t:|1706997142
|switch|p1a: Politoed|Politoed, M|21/100
|move|p2a: Gliscor|Stealth Rock|p1a: Politoed
|-sidestart|p1: Blop_Le_Slime|move: Stealth Rock
|
|-weather|RainDance|[upkeep]
|-heal|p1a: Politoed|27/100|[from] item: Leftovers
|-heal|p2a: Gliscor|95/100 tox|[from] ability: Poison Heal
|upkeep
|turn|179
|
|t:|1706997147
|move|p1a: Politoed|Protect|p1a: Politoed
|-singleturn|p1a: Politoed|Protect
|move|p2a: Gliscor|Earthquake|p1a: Politoed
|-activate|p1a: Politoed|move: Protect
|
|-weather|RainDance|[upkeep]
|-heal|p1a: Politoed|33/100|[from] item: Leftovers
|-heal|p2a: Gliscor|100/100 tox|[from] ability: Poison Heal
|upkeep
|turn|180
|
|t:|1706997152
|move|p2a: Gliscor|Earthquake|p1a: Politoed
|-damage|p1a: Politoed|9/100
|move|p1a: Politoed|Scald|p2a: Gliscor
|-supereffective|p2a: Gliscor
|-crit|p2a: Gliscor
|-damage|p2a: Gliscor|0 fnt
|faint|p2a: Gliscor
|
|-weather|RainDance|[upkeep]
|-heal|p1a: Politoed|15/100|[from] item: Leftovers
|upkeep
|
|t:|1706997158
|switch|p2a: Blissey|Blissey, F|82/100
|-damage|p2a: Blissey|70/100|[from] Stealth Rock
|turn|181
|
|t:|1706997161
|move|p1a: Politoed|Protect|p1a: Politoed
|-singleturn|p1a: Politoed|Protect
|move|p2a: Blissey|Seismic Toss|p1a: Politoed
|-activate|p1a: Politoed|move: Protect
|
|-weather|RainDance|[upkeep]
|-heal|p1a: Politoed|22/100|[from] item: Leftovers
|-heal|p2a: Blissey|76/100|[from] item: Leftovers
|upkeep
|turn|182
|
|t:|1706997166
|switch|p1a: Tentacruel|Tentacruel, M|97/100 par
|-damage|p1a: Tentacruel|84/100 par|[from] Stealth Rock
|move|p2a: Blissey|Seismic Toss|p1a: Tentacruel
|-damage|p1a: Tentacruel|57/100 par
|
|-weather|RainDance|[upkeep]
|-heal|p1a: Tentacruel|63/100 par|[from] ability: Rain Dish
|-heal|p2a: Blissey|82/100|[from] item: Leftovers
|-heal|p1a: Tentacruel|69/100 par|[from] item: Black Sludge
|upkeep
|turn|183
|
|t:|1706997170
|move|p2a: Blissey|Seismic Toss|p1a: Tentacruel
|-damage|p1a: Tentacruel|41/100 par
|move|p1a: Tentacruel|Rapid Spin|p2a: Blissey
|-damage|p2a: Blissey|80/100
|-sideend|p1: Blop_Le_Slime|Stealth Rock|[from] move: Rapid Spin|[of] p1a: Tentacruel
|
|-weather|RainDance|[upkeep]
|-heal|p1a: Tentacruel|47/100 par|[from] ability: Rain Dish
|-heal|p2a: Blissey|86/100|[from] item: Leftovers
|-heal|p1a: Tentacruel|54/100 par|[from] item: Black Sludge
|upkeep
|turn|184
|
|t:|1706997176
|move|p1a: Tentacruel|Protect|p1a: Tentacruel
|-singleturn|p1a: Tentacruel|Protect
|move|p2a: Blissey|Seismic Toss|p1a: Tentacruel
|-activate|p1a: Tentacruel|move: Protect
|
|-weather|RainDance|[upkeep]
|-heal|p1a: Tentacruel|60/100 par|[from] ability: Rain Dish
|-heal|p2a: Blissey|92/100|[from] item: Leftovers
|-heal|p1a: Tentacruel|66/100 par|[from] item: Black Sludge
|upkeep
|turn|185
|
|t:|1706997180
|move|p2a: Blissey|Seismic Toss|p1a: Tentacruel
|-damage|p1a: Tentacruel|38/100 par
|move|p1a: Tentacruel|Toxic|p2a: Blissey
|-status|p2a: Blissey|tox
|
|-weather|RainDance|[upkeep]
|-heal|p1a: Tentacruel|44/100 par|[from] ability: Rain Dish
|-heal|p2a: Blissey|98/100 tox|[from] item: Leftovers
|-heal|p1a: Tentacruel|50/100 par|[from] item: Black Sludge
|-damage|p2a: Blissey|92/100 tox|[from] psn
|upkeep
|turn|186
|
|t:|1706997183
|cant|p1a: Tentacruel|par
|move|p2a: Blissey|Seismic Toss|p1a: Tentacruel
|-damage|p1a: Tentacruel|23/100 par
|
|-weather|RainDance|[upkeep]
|-heal|p1a: Tentacruel|29/100 par|[from] ability: Rain Dish
|-heal|p2a: Blissey|98/100 tox|[from] item: Leftovers
|-heal|p1a: Tentacruel|35/100 par|[from] item: Black Sludge
|-damage|p2a: Blissey|86/100 tox|[from] psn
|upkeep
|turn|187
|
|t:|1706997186
|move|p1a: Tentacruel|Protect|p1a: Tentacruel
|-singleturn|p1a: Tentacruel|Protect
|move|p2a: Blissey|Seismic Toss|p1a: Tentacruel
|-activate|p1a: Tentacruel|move: Protect
|
|-weather|RainDance|[upkeep]
|-heal|p1a: Tentacruel|41/100 par|[from] ability: Rain Dish
|-heal|p2a: Blissey|92/100 tox|[from] item: Leftovers
|-heal|p1a: Tentacruel|47/100 par|[from] item: Black Sludge
|-damage|p2a: Blissey|73/100 tox|[from] psn
|upkeep
|turn|188
|
|t:|1706997193
|move|p2a: Blissey|Seismic Toss|p1a: Tentacruel
|-damage|p1a: Tentacruel|19/100 par
|move|p1a: Tentacruel|Scald|p2a: Blissey
|-damage|p2a: Blissey|61/100 tox
|
|-weather|RainDance|[upkeep]
|-heal|p1a: Tentacruel|25/100 par|[from] ability: Rain Dish
|-heal|p2a: Blissey|67/100 tox|[from] item: Leftovers
|-heal|p1a: Tentacruel|32/100 par|[from] item: Black Sludge
|-damage|p2a: Blissey|43/100 tox|[from] psn
|upkeep
|turn|189
|
|t:|1706997205
|-curestatus|p2a: Blissey|tox|[from] ability: Natural Cure
|switch|p2a: Reuniclus|Reuniclus, M|78/100 brn
|switch|p1a: Landorus|Landorus-Therian, M|36/100
|-ability|p1a: Landorus|Intimidate|boost
|-unboost|p2a: Reuniclus|atk|1
|
|-weather|RainDance|[upkeep]
|-heal|p1a: Landorus|42/100|[from] item: Leftovers
|-heal|p2a: Reuniclus|84/100 brn|[from] item: Leftovers
|upkeep
|turn|190
|
|t:|1706997210
|move|p1a: Landorus|Earthquake|p2a: Reuniclus
|-damage|p2a: Reuniclus|53/100 brn
|move|p2a: Reuniclus|Calm Mind|p2a: Reuniclus
|-boost|p2a: Reuniclus|spa|1
|-boost|p2a: Reuniclus|spd|1
|
|-weather|RainDance|[upkeep]
|-heal|p1a: Landorus|48/100|[from] item: Leftovers
|-heal|p2a: Reuniclus|59/100 brn|[from] item: Leftovers
|upkeep
|turn|191
|
|t:|1706997218
|move|p1a: Landorus|Earthquake|p2a: Reuniclus
|-damage|p2a: Reuniclus|26/100 brn
|move|p2a: Reuniclus|Recover|p2a: Reuniclus
|-heal|p2a: Reuniclus|76/100 brn
|
|-weather|RainDance|[upkeep]
|-heal|p1a: Landorus|54/100|[from] item: Leftovers
|-heal|p2a: Reuniclus|82/100 brn|[from] item: Leftovers
|upkeep
|turn|192
|
|t:|1706997223
|move|p1a: Landorus|Earthquake|p2a: Reuniclus
|-crit|p2a: Reuniclus
|-damage|p2a: Reuniclus|18/100 brn
|move|p2a: Reuniclus|Recover|p2a: Reuniclus
|-heal|p2a: Reuniclus|68/100 brn
|
|-weather|RainDance|[upkeep]
|-heal|p1a: Landorus|60/100|[from] item: Leftovers
|-heal|p2a: Reuniclus|75/100 brn|[from] item: Leftovers
|upkeep
|turn|193
|
|t:|1706997230
|move|p1a: Landorus|U-turn|p2a: Reuniclus
|-supereffective|p2a: Reuniclus
|-damage|p2a: Reuniclus|43/100 brn
|
|t:|1706997232
|switch|p1a: Politoed|Politoed, M|22/100|[from] U-turn
|move|p2a: Reuniclus|Calm Mind|p2a: Reuniclus
|-boost|p2a: Reuniclus|spa|1
|-boost|p2a: Reuniclus|spd|1
|
|-weather|RainDance|[upkeep]
|-heal|p1a: Politoed|28/100|[from] item: Leftovers
|-heal|p2a: Reuniclus|50/100 brn|[from] item: Leftovers
|upkeep
|turn|194
|
|t:|1706997241
|move|p1a: Politoed|Encore|p2a: Reuniclus
|-start|p2a: Reuniclus|Encore
|move|p2a: Reuniclus|Calm Mind|p2a: Reuniclus
|-boost|p2a: Reuniclus|spa|1
|-boost|p2a: Reuniclus|spd|1
|
|-weather|RainDance|[upkeep]
|-heal|p1a: Politoed|34/100|[from] item: Leftovers
|-heal|p2a: Reuniclus|56/100 brn|[from] item: Leftovers
|upkeep
|turn|195
|
|t:|1706997246
|switch|p1a: Landorus|Landorus-Therian, M|60/100
|-ability|p1a: Landorus|Intimidate|boost
|-unboost|p2a: Reuniclus|atk|1
|switch|p2a: Blissey|Blissey, F|43/100
|-damage|p2a: Blissey|30/100|[from] Stealth Rock
|
|-weather|RainDance|[upkeep]
|-heal|p1a: Landorus|66/100|[from] item: Leftovers
|-heal|p2a: Blissey|36/100|[from] item: Leftovers
|upkeep
|turn|196
|
|t:|1706997250
|move|p1a: Landorus|Earthquake|p2a: Blissey
|-crit|p2a: Blissey
|-damage|p2a: Blissey|0 fnt
|faint|p2a: Blissey
|
|-weather|RainDance|[upkeep]
|-heal|p1a: Landorus|72/100|[from] item: Leftovers
|upkeep
|c|☆the great gazump|gg
|
|t:|1706997254
|switch|p2a: Reuniclus|Reuniclus, M|56/100 brn
|turn|197
|
|t:|1706997257
|move|p1a: Landorus|Earthquake|p2a: Reuniclus
|-damage|p2a: Reuniclus|25/100 brn
|move|p2a: Reuniclus|Calm Mind|p2a: Reuniclus
|-boost|p2a: Reuniclus|spa|1
|-boost|p2a: Reuniclus|spd|1
|
|-weather|RainDance|[upkeep]
|-heal|p1a: Landorus|79/100|[from] item: Leftovers
|-heal|p2a: Reuniclus|31/100 brn|[from] item: Leftovers
|upkeep
|turn|198
|
|t:|1706997261
|move|p1a: Landorus|Earthquake|p2a: Reuniclus
|-damage|p2a: Reuniclus|0 fnt
|faint|p2a: Reuniclus
|
|win|Blop_Le_Slime
|raw|Blop_Le_Slime's rating: 1393 &rarr; <strong>1424</strong><br />(+31 for winning)
|raw|the great gazump's rating: 1616 &rarr; <strong>1585</strong><br />(-31 for losing)
|c|☆Blop_Le_Slime|Gg
