|j|☆crimsonbacon38
|j|☆CollateralDamageJr
|t:|1726253558
|gametype|singles
|player|p1|crimsonbacon38|1|1318
|player|p2|CollateralDamageJr|265|1321
|teamsize|p1|6
|teamsize|p2|6
|gen|5
|tier|[Gen 5] OU
|rated|
|rule|Species Clause: Limit one of each Pokémon
|rule|OHKO Clause: OHKO moves are banned
|rule|Moody Clause: Moody is banned
|rule|Evasion Items Clause: Evasion items are banned
|rule|Evasion Moves Clause: Evasion moves are banned
|rule|Endless Battle Clause: Forcing endless battles is banned
|rule|HP Percentage Mod: HP is shown in percentages
|rule|Evasion Abilities Clause: Evasion abilities are banned
|rule|Sleep Moves Clause: Sleep-inducing moves are banned
|rule|Swagger Clause: Swagger is banned
|rule|Baton Pass Stat Clause: No Baton Passer may have a way to boost its stats
|clearpoke
|poke|p1|Politoed, F|item
|poke|p1|Keldeo|item
|poke|p1|Garchomp, M|item
|poke|p1|Latios, M|item
|poke|p1|Ferrothorn, F|item
|poke|p1|Starmie|item
|poke|p2|Roserade, F|item
|poke|p2|Bronzong|item
|poke|p2|Tentacruel, M|item
|poke|p2|Politoed, F|item
|poke|p2|Mamoswine, M|item
|poke|p2|Thundurus-Therian, M|item
|teampreview
|c|☆crimsonbacon38|gg
|c|☆CollateralDamageJr|glhf!
|
|t:|1726253580
|start
|switch|p1a: Politoed|Politoed, F|100/100
|switch|p2a: Roserade|Roserade, F, shiny|100/100
|-weather|RainDance|[from] ability: Drizzle|[of] p1a: Politoed
|turn|1
|
|t:|1726253591
|switch|p1a: Ferrothorn|Ferrothorn, F|100/100
|move|p2a: Roserade|Magical Leaf|p1a: Ferrothorn
|-resisted|p1a: Ferrothorn
|-damage|p1a: Ferrothorn|94/100
|
|-weather|RainDance|[upkeep]
|-heal|p1a: Ferrothorn|99/100|[from] item: Leftovers
|upkeep
|turn|2
|
|t:|1726253598
|switch|p2a: Bronzong|Bronzong|100/100
|move|p1a: Ferrothorn|Spikes|p2a: Bronzong
|-sidestart|p2: CollateralDamageJr|Spikes
|
|-weather|RainDance|[upkeep]
|-heal|p1a: Ferrothorn|100/100|[from] item: Leftovers
|upkeep
|turn|3
|
|t:|1726253606
|move|p2a: Bronzong|Stealth Rock|p1a: Ferrothorn
|-sidestart|p1: crimsonbacon38|move: Stealth Rock
|move|p1a: Ferrothorn|Knock Off|p2a: Bronzong
|-damage|p2a: Bronzong|97/100
|-enditem|p2a: Bronzong|Leftovers|[from] move: Knock Off|[of] p1a: Ferrothorn
|
|-weather|RainDance|[upkeep]
|upkeep
|turn|4
|
|t:|1726253615
|switch|p2a: Thundurus|Thundurus-Therian, M|100/100
|switch|p1a: Garchomp|Garchomp, M|100/100
|-damage|p1a: Garchomp|94/100|[from] Stealth Rock
|
|-weather|RainDance|[upkeep]
|-heal|p1a: Garchomp|100/100|[from] item: Leftovers
|upkeep
|turn|5
|
|t:|1726253623
|switch|p2a: Bronzong|Bronzong|97/100
|move|p1a: Garchomp|Stealth Rock|p2a: Bronzong
|-sidestart|p2: CollateralDamageJr|move: Stealth Rock
|
|-weather|RainDance|[upkeep]
|upkeep
|turn|6
|
|t:|1726253629
|switch|p1a: Politoed|Politoed, F|100/100
|-damage|p1a: Politoed|88/100|[from] Stealth Rock
|move|p2a: Bronzong|Hidden Power|p1a: Politoed
|-resisted|p1a: Politoed
|-damage|p1a: Politoed|81/100
|
|-weather|RainDance|[upkeep]
|upkeep
|turn|7
|
|t:|1726253639
|switch|p2a: Tentacruel|Tentacruel, M, shiny|100/100
|-damage|p2a: Tentacruel|88/100|[from] Spikes
|-damage|p2a: Tentacruel|76/100|[from] Stealth Rock
|move|p1a: Politoed|Surf|p2a: Tentacruel
|-resisted|p2a: Tentacruel
|-damage|p2a: Tentacruel|51/100
|
|-weather|RainDance|[upkeep]
|-heal|p2a: Tentacruel|58/100|[from] ability: Rain Dish
|-heal|p2a: Tentacruel|64/100|[from] item: Black Sludge
|upkeep
|turn|8
|
|t:|1726253646
|switch|p1a: Ferrothorn|Ferrothorn, F|100/100
|-damage|p1a: Ferrothorn|94/100|[from] Stealth Rock
|move|p2a: Tentacruel|Rapid Spin|p1a: Ferrothorn
|-resisted|p1a: Ferrothorn
|-damage|p1a: Ferrothorn|93/100
|-damage|p2a: Tentacruel|51/100|[from] ability: Iron Barbs|[of] p1a: Ferrothorn
|-sideend|p2: CollateralDamageJr|Spikes|[from] move: Rapid Spin|[of] p2a: Tentacruel
|-sideend|p2: CollateralDamageJr|Stealth Rock|[from] move: Rapid Spin|[of] p2a: Tentacruel
|
|-weather|RainDance|[upkeep]
|-heal|p2a: Tentacruel|58/100|[from] ability: Rain Dish
|-heal|p2a: Tentacruel|64/100|[from] item: Black Sludge
|-heal|p1a: Ferrothorn|99/100|[from] item: Leftovers
|upkeep
|turn|9
|
|t:|1726253668
|switch|p2a: Bronzong|Bronzong|97/100
|move|p1a: Ferrothorn|Knock Off|p2a: Bronzong
|-damage|p2a: Bronzong|93/100
|
|-weather|RainDance|[upkeep]
|-heal|p1a: Ferrothorn|100/100|[from] item: Leftovers
|upkeep
|turn|10
|
|t:|1726253674
|switch|p2a: Thundurus|Thundurus-Therian, M|100/100
|move|p1a: Ferrothorn|Spikes|p2a: Thundurus
|-sidestart|p2: CollateralDamageJr|Spikes
|
|-weather|RainDance|[upkeep]
|upkeep
|turn|11
|
|t:|1726253683
|switch|p1a: Politoed|Politoed, F|81/100
|-damage|p1a: Politoed|68/100|[from] Stealth Rock
|move|p2a: Thundurus|Substitute|p2a: Thundurus
|-start|p2a: Thundurus|Substitute
|-damage|p2a: Thundurus|76/100
|
|-weather|RainDance|[upkeep]
|-heal|p2a: Thundurus|82/100|[from] item: Leftovers
|upkeep
|turn|12
|
|t:|1726253692
|move|p1a: Politoed|Encore|p2a: Thundurus
|-start|p2a: Thundurus|Encore
|move|p2a: Thundurus|Substitute|p2a: Thundurus
|-fail|p2a: Thundurus|move: Substitute
|
|-weather|RainDance|[upkeep]
|-heal|p2a: Thundurus|88/100|[from] item: Leftovers
|upkeep
|turn|13
|
|t:|1726253703
|switch|p1a: Latios|Latios, M|100/100
|-damage|p1a: Latios|88/100|[from] Stealth Rock
|move|p2a: Thundurus|Substitute|p2a: Thundurus
|-fail|p2a: Thundurus|move: Substitute
|
|-weather|RainDance|[upkeep]
|-heal|p2a: Thundurus|94/100|[from] item: Leftovers
|upkeep
|turn|14
|
|t:|1726253708
|move|p1a: Latios|Surf|p2a: Thundurus
|-end|p2a: Thundurus|Substitute
|move|p2a: Thundurus|Substitute|p2a: Thundurus
|-start|p2a: Thundurus|Substitute
|-damage|p2a: Thundurus|69/100
|
|-weather|RainDance|[upkeep]
|-heal|p2a: Thundurus|75/100|[from] item: Leftovers
|-end|p2a: Thundurus|Encore
|upkeep
|turn|15
|
|t:|1726253713
|move|p1a: Latios|Surf|p2a: Thundurus
|-end|p2a: Thundurus|Substitute
|move|p2a: Thundurus|Hidden Power|p1a: Latios
|-supereffective|p1a: Latios
|-damage|p1a: Latios|35/100
|
|-weather|RainDance|[upkeep]
|-heal|p2a: Thundurus|81/100|[from] item: Leftovers
|upkeep
|turn|16
|
|t:|1726253735
|switch|p2a: Roserade|Roserade, F, shiny|100/100
|-damage|p2a: Roserade|88/100|[from] Spikes
|move|p1a: Latios|Surf|p2a: Roserade
|-resisted|p2a: Roserade
|-damage|p2a: Roserade|63/100
|
|-weather|RainDance|[upkeep]
|-heal|p2a: Roserade|69/100|[from] item: Black Sludge
|upkeep
|turn|17
|
|t:|1726253741
|switch|p1a: Garchomp|Garchomp, M|100/100
|-damage|p1a: Garchomp|94/100|[from] Stealth Rock
|move|p2a: Roserade|Protect||[still]
|-fail|p2a: Roserade
|
|-weather|RainDance|[upkeep]
|-heal|p1a: Garchomp|100/100|[from] item: Leftovers
|-heal|p2a: Roserade|76/100|[from] item: Black Sludge
|upkeep
|turn|18
|
|t:|1726253749
|move|p1a: Garchomp|Stealth Rock|p2a: Roserade
|-sidestart|p2: CollateralDamageJr|move: Stealth Rock
|move|p2a: Roserade|Weather Ball|p1a: Garchomp
|-damage|p1a: Garchomp|47/100
|
|-weather|RainDance|[upkeep]
|-heal|p1a: Garchomp|53/100|[from] item: Leftovers
|-heal|p2a: Roserade|82/100|[from] item: Black Sludge
|upkeep
|turn|19
|
|t:|1726253760
|switch|p1a: Ferrothorn|Ferrothorn, F|100/100
|-damage|p1a: Ferrothorn|94/100|[from] Stealth Rock
|move|p2a: Roserade|Hidden Power|p1a: Ferrothorn
|-damage|p1a: Ferrothorn|76/100
|
|-weather|RainDance|[upkeep]
|-heal|p2a: Roserade|88/100|[from] item: Black Sludge
|-heal|p1a: Ferrothorn|83/100|[from] item: Leftovers
|upkeep
|turn|20
|
|t:|1726253776
|switch|p2a: Thundurus|Thundurus-Therian, M|81/100
|-damage|p2a: Thundurus|57/100|[from] Stealth Rock
|switch|p1a: Politoed|Politoed, F|68/100
|-damage|p1a: Politoed|56/100|[from] Stealth Rock
|
|-weather|RainDance|[upkeep]
|-heal|p2a: Thundurus|63/100|[from] item: Leftovers
|upkeep
|turn|21
|
|t:|1726253799
|move|p1a: Politoed|Surf|p2a: Thundurus
|-damage|p2a: Thundurus|0 fnt
|faint|p2a: Thundurus
|
|-weather|RainDance|[upkeep]
|upkeep
|
|t:|1726253802
|switch|p2a: Tentacruel|Tentacruel, M, shiny|64/100
|-damage|p2a: Tentacruel|51/100|[from] Spikes
|-damage|p2a: Tentacruel|39/100|[from] Stealth Rock
|turn|22
|
|t:|1726253808
|switch|p1a: Garchomp|Garchomp, M|53/100
|-damage|p1a: Garchomp|47/100|[from] Stealth Rock
|move|p2a: Tentacruel|Rapid Spin|p1a: Garchomp
|-damage|p1a: Garchomp|44/100
|-damage|p2a: Tentacruel|27/100|[from] ability: Rough Skin|[of] p1a: Garchomp
|-sideend|p2: CollateralDamageJr|Spikes|[from] move: Rapid Spin|[of] p2a: Tentacruel
|-sideend|p2: CollateralDamageJr|Stealth Rock|[from] move: Rapid Spin|[of] p2a: Tentacruel
|
|-weather|RainDance|[upkeep]
|-heal|p2a: Tentacruel|33/100|[from] ability: Rain Dish
|-heal|p1a: Garchomp|51/100|[from] item: Leftovers
|-heal|p2a: Tentacruel|39/100|[from] item: Black Sludge
|upkeep
|turn|23
|
|t:|1726253828
|switch|p2a: Bronzong|Bronzong|93/100
|move|p1a: Garchomp|Stealth Rock|p2a: Bronzong
|-sidestart|p2: CollateralDamageJr|move: Stealth Rock
|
|-weather|RainDance|[upkeep]
|-heal|p1a: Garchomp|57/100|[from] item: Leftovers
|upkeep
|turn|24
|
|t:|1726253837
|switch|p1a: Ferrothorn|Ferrothorn, F|83/100
|-damage|p1a: Ferrothorn|76/100|[from] Stealth Rock
|move|p2a: Bronzong|Hidden Power|p1a: Ferrothorn
|-crit|p1a: Ferrothorn
|-damage|p1a: Ferrothorn|59/100
|
|-weather|RainDance|[upkeep]
|-heal|p1a: Ferrothorn|65/100|[from] item: Leftovers
|upkeep
|turn|25
|
|t:|1726253848
|move|p2a: Bronzong|Hidden Power|p1a: Ferrothorn
|-damage|p1a: Ferrothorn|56/100
|move|p1a: Ferrothorn|Spikes|p2a: Bronzong
|-sidestart|p2: CollateralDamageJr|Spikes
|
|-weather|RainDance|[upkeep]
|-heal|p1a: Ferrothorn|63/100|[from] item: Leftovers
|upkeep
|turn|26
|
|t:|1726253854
|switch|p2a: Mamoswine|Mamoswine, M, shiny|100/100
|-damage|p2a: Mamoswine|88/100|[from] Stealth Rock
|-damage|p2a: Mamoswine|76/100|[from] Spikes
|switch|p1a: Politoed|Politoed, F|56/100
|-damage|p1a: Politoed|43/100|[from] Stealth Rock
|
|-weather|RainDance|[upkeep]
|upkeep
|turn|27
|
|t:|1726253864
|switch|p2a: Roserade|Roserade, F, shiny|88/100
|-damage|p2a: Roserade|76/100|[from] Stealth Rock
|-damage|p2a: Roserade|63/100|[from] Spikes
|move|p1a: Politoed|Surf|p2a: Roserade
|-resisted|p2a: Roserade
|-damage|p2a: Roserade|37/100
|
|-weather|RainDance|[upkeep]
|-heal|p2a: Roserade|43/100|[from] item: Black Sludge
|upkeep
|turn|28
|
|t:|1726253879
|switch|p1a: Ferrothorn|Ferrothorn, F|63/100
|-damage|p1a: Ferrothorn|56/100|[from] Stealth Rock
|move|p2a: Roserade|Magical Leaf|p1a: Ferrothorn
|-resisted|p1a: Ferrothorn
|-damage|p1a: Ferrothorn|50/100
|
|-weather|RainDance|[upkeep]
|-heal|p2a: Roserade|49/100|[from] item: Black Sludge
|-heal|p1a: Ferrothorn|56/100|[from] item: Leftovers
|upkeep
|turn|29
|
|t:|1726253891
|switch|p2a: Tentacruel|Tentacruel, M, shiny|39/100
|-damage|p2a: Tentacruel|27/100|[from] Stealth Rock
|-damage|p2a: Tentacruel|14/100|[from] Spikes
|move|p1a: Ferrothorn|Gyro Ball|p2a: Tentacruel
|-resisted|p2a: Tentacruel
|-damage|p2a: Tentacruel|0 fnt
|faint|p2a: Tentacruel
|
|-weather|RainDance|[upkeep]
|-heal|p1a: Ferrothorn|62/100|[from] item: Leftovers
|upkeep
|
|t:|1726253898
|switch|p2a: Mamoswine|Mamoswine, M, shiny|76/100
|-damage|p2a: Mamoswine|63/100|[from] Stealth Rock
|-damage|p2a: Mamoswine|51/100|[from] Spikes
|turn|30
|
|t:|1726253905
|switch|p1a: Latios|Latios, M|35/100
|-damage|p1a: Latios|23/100|[from] Stealth Rock
|move|p2a: Mamoswine|Superpower|p1a: Latios
|-resisted|p1a: Latios
|-damage|p1a: Latios|0 fnt
|-unboost|p2a: Mamoswine|atk|1
|-unboost|p2a: Mamoswine|def|1
|faint|p1a: Latios
|
|-weather|RainDance|[upkeep]
|upkeep
|
|t:|1726253912
|switch|p1a: Politoed|Politoed, F|43/100
|-damage|p1a: Politoed|31/100|[from] Stealth Rock
|turn|31
|
|t:|1726253918
|switch|p2a: Politoed|Politoed, F, shiny|100/100
|-damage|p2a: Politoed|88/100|[from] Stealth Rock
|-damage|p2a: Politoed|75/100|[from] Spikes
|move|p1a: Politoed|Surf|p2a: Politoed
|-resisted|p2a: Politoed
|-damage|p2a: Politoed|49/100
|
|-weather|RainDance|[upkeep]
|-heal|p2a: Politoed|55/100|[from] item: Leftovers
|upkeep
|turn|32
|
|t:|1726253929
|switch|p1a: Ferrothorn|Ferrothorn, F|62/100
|-damage|p1a: Ferrothorn|56/100|[from] Stealth Rock
|move|p2a: Politoed|Scald|p1a: Ferrothorn
|-resisted|p1a: Ferrothorn
|-damage|p1a: Ferrothorn|44/100
|
|-weather|RainDance|[upkeep]
|-heal|p2a: Politoed|61/100|[from] item: Leftovers
|-heal|p1a: Ferrothorn|50/100|[from] item: Leftovers
|upkeep
|turn|33
|
|t:|1726253938
|switch|p2a: Bronzong|Bronzong|93/100
|-damage|p2a: Bronzong|87/100|[from] Stealth Rock
|move|p1a: Ferrothorn|Knock Off|p2a: Bronzong
|-damage|p2a: Bronzong|84/100
|
|-weather|RainDance|[upkeep]
|-heal|p1a: Ferrothorn|57/100|[from] item: Leftovers
|upkeep
|turn|34
|
|t:|1726253945
|switch|p1a: Politoed|Politoed, F|31/100
|-damage|p1a: Politoed|19/100|[from] Stealth Rock
|move|p2a: Bronzong|Earthquake|p1a: Politoed
|-damage|p1a: Politoed|0 fnt
|faint|p1a: Politoed
|
|-weather|RainDance|[upkeep]
|upkeep
|
|t:|1726253955
|switch|p1a: Starmie|Starmie|100/100
|-damage|p1a: Starmie|88/100|[from] Stealth Rock
|-item|p1a: Starmie|Air Balloon
|turn|35
|
|t:|1726253960
|move|p1a: Starmie|Hydro Pump|p2a: Bronzong
|-damage|p2a: Bronzong|28/100
|move|p2a: Bronzong|Shadow Ball|p1a: Starmie
|-supereffective|p1a: Starmie
|-damage|p1a: Starmie|40/100
|-enditem|p1a: Starmie|Air Balloon
|
|-weather|RainDance|[upkeep]
|upkeep
|turn|36
|
|t:|1726253969
|move|p1a: Starmie|Hydro Pump|p2a: Bronzong|[miss]
|-miss|p1a: Starmie|p2a: Bronzong
|move|p2a: Bronzong|Shadow Ball|p1a: Starmie
|-supereffective|p1a: Starmie
|-crit|p1a: Starmie
|-damage|p1a: Starmie|0 fnt
|faint|p1a: Starmie
|
|-weather|RainDance|[upkeep]
|upkeep
|
|t:|1726253977
|switch|p1a: Keldeo|Keldeo|100/100
|-damage|p1a: Keldeo|94/100|[from] Stealth Rock
|turn|37
|
|t:|1726253982
|move|p1a: Keldeo|Surf|p2a: Bronzong
|-damage|p2a: Bronzong|0 fnt
|faint|p2a: Bronzong
|
|-weather|RainDance|[upkeep]
|upkeep
|
|t:|1726253984
|switch|p2a: Politoed|Politoed, F, shiny|61/100
|-damage|p2a: Politoed|49/100|[from] Stealth Rock
|-damage|p2a: Politoed|36/100|[from] Spikes
|turn|38
|
|t:|1726253987
|move|p2a: Politoed|Protect|p2a: Politoed
|-singleturn|p2a: Politoed|Protect
|move|p1a: Keldeo|Secret Sword|p2a: Politoed
|-activate|p2a: Politoed|move: Protect
|
|-weather|RainDance|[upkeep]
|-heal|p2a: Politoed|43/100|[from] item: Leftovers
|upkeep
|turn|39
|
|t:|1726253993
|move|p2a: Politoed|Protect|p2a: Politoed
|-singleturn|p2a: Politoed|Protect
|move|p1a: Keldeo|Calm Mind|p1a: Keldeo
|-boost|p1a: Keldeo|spa|1
|-boost|p1a: Keldeo|spd|1
|
|-weather|RainDance|[upkeep]
|-heal|p2a: Politoed|49/100|[from] item: Leftovers
|upkeep
|turn|40
|
|t:|1726253996
|move|p1a: Keldeo|Secret Sword|p2a: Politoed
|-damage|p2a: Politoed|0 fnt
|faint|p2a: Politoed
|
|-weather|RainDance|[upkeep]
|upkeep
|
|t:|1726253999
|switch|p2a: Roserade|Roserade, F, shiny|49/100
|-damage|p2a: Roserade|37/100|[from] Stealth Rock
|-damage|p2a: Roserade|24/100|[from] Spikes
|turn|41
|c|☆CollateralDamageJr|gg, wp!
|
|t:|1726254009
|move|p1a: Keldeo|Hidden Power|p2a: Roserade
|-damage|p2a: Roserade|0 fnt
|faint|p2a: Roserade
|
|-weather|RainDance|[upkeep]
|upkeep
|
|t:|1726254012
|switch|p2a: Mamoswine|Mamoswine, M, shiny|51/100
|-damage|p2a: Mamoswine|38/100|[from] Stealth Rock
|-damage|p2a: Mamoswine|26/100|[from] Spikes
|turn|42
|c|☆crimsonbacon38|thank you, gg
|
|t:|1726254019
|move|p2a: Mamoswine|Ice Shard|p1a: Keldeo
|-resisted|p1a: Keldeo
|-damage|p1a: Keldeo|74/100
|move|p1a: Keldeo|Surf|p2a: Mamoswine
|-supereffective|p2a: Mamoswine
|-damage|p2a: Mamoswine|0 fnt
|faint|p2a: Mamoswine
|
|win|crimsonbacon38
|raw|crimsonbacon38's rating: 1318 &rarr; <strong>1338</strong><br />(+20 for winning)
|raw|CollateralDamageJr's rating: 1321 &rarr; <strong>1301</strong><br />(-20 for losing)
