|j|☆DiegoBrandoTW
|j|☆west02
|t:|1739086728
|gametype|singles
|player|p1|DiegoBrandoTW|youngcouple-gen4dp|1330
|player|p2|west02|ninjaboy|1334
|teamsize|p1|6
|teamsize|p2|6
|gen|5
|tier|[Gen 5] OU
|rated|
|rule|Species Clause: Limit one of each Pokémon
|rule|OHKO Clause: OHKO moves are banned
|rule|Moody Clause: Moody is banned
|rule|Evasion Items Clause: Evasion items are banned
|rule|Evasion Moves Clause: Evasion moves are banned
|rule|Endless Battle Clause: Forcing endless battles is banned
|rule|HP Percentage Mod: HP is shown in percentages
|rule|Evasion Abilities Clause: Evasion abilities are banned
|rule|Sleep Moves Clause: Sleep-inducing moves are banned
|rule|Swagger Clause: Swagger is banned
|rule|Baton Pass Stat Clause: No Baton Passer may have a way to boost its stats
|clearpoke
|poke|p1|Hippowdon, M|item
|poke|p1|Blissey, F|item
|poke|p1|Slowbro, F|item
|poke|p1|Gliscor, F|item
|poke|p1|Magneton|item
|poke|p1|Reuniclus, M|item
|poke|p2|Tyranitar, F|item
|poke|p2|Rotom-Wash|item
|poke|p2|Heatran, F|item
|poke|p2|Garchomp, M|item
|poke|p2|Amoonguss, M|item
|poke|p2|Landorus-Therian, M|item
|teampreview
|inactive|Battle timer is ON: inactive players will automatically lose when time's up. (requested by west02)
|inactive|DiegoBrandoTW also wants the timer to be on.
|
|t:|1739086748
|start
|switch|p1a: Slowbro|Slowbro, F|100/100
|switch|p2a: Rotom|Rotom-Wash|100/100
|turn|1
|inactive|DiegoBrandoTW has 120 seconds left.
|
|t:|1739086789
|move|p2a: Rotom|Volt Switch|p1a: Slowbro
|-supereffective|p1a: Slowbro
|-damage|p1a: Slowbro|50/100
|
|t:|1739086793
|switch|p2a: Amoonguss|Amoonguss, M|100/100|[from] Volt Switch
|move|p1a: Slowbro|Thunder Wave|p2a: Amoonguss
|-status|p2a: Amoonguss|par
|
|upkeep
|turn|2
|
|t:|1739086802
|switch|p1a: Blissey|Blissey, F|100/100
|move|p2a: Amoonguss|Stun Spore|p1a: Blissey|[miss]
|-miss|p2a: Amoonguss|p1a: Blissey
|
|upkeep
|turn|3
|
|t:|1739086817
|move|p1a: Blissey|Ice Beam|p2a: Amoonguss
|-supereffective|p2a: Amoonguss
|-damage|p2a: Amoonguss|78/100 par
|move|p2a: Amoonguss|Stun Spore|p1a: Blissey
|-status|p1a: Blissey|par
|
|-heal|p2a: Amoonguss|84/100 par|[from] item: Black Sludge
|upkeep
|turn|4
|
|t:|1739086828
|switch|p2a: Tyranitar|Tyranitar, F|100/100
|-weather|Sandstorm|[from] ability: Sand Stream|[of] p2a: Tyranitar
|move|p1a: Blissey|Seismic Toss|p2a: Tyranitar
|-damage|p2a: Tyranitar|71/100
|
|-weather|Sandstorm|[upkeep]
|-damage|p1a: Blissey|94/100 par|[from] Sandstorm
|-heal|p1a: Blissey|100/100 par|[from] item: Leftovers
|upkeep
|turn|5
|
|t:|1739086842
|switch|p2a: Garchomp|Garchomp, M|100/100
|-curestatus|p1a: Blissey|par|[from] ability: Natural Cure
|switch|p1a: Hippowdon|Hippowdon, M|100/100
|
|-weather|Sandstorm|[upkeep]
|upkeep
|turn|6
|
|t:|1739086861
|move|p2a: Garchomp|Draco Meteor|p1a: Hippowdon
|-damage|p1a: Hippowdon|42/100
|-unboost|p2a: Garchomp|spa|2
|-damage|p2a: Garchomp|91/100|[from] item: Life Orb
|move|p1a: Hippowdon|Whirlwind|p2a: Garchomp
|drag|p2a: Tyranitar|Tyranitar, F|71/100
|
|-weather|Sandstorm|[upkeep]
|-heal|p1a: Hippowdon|48/100|[from] item: Leftovers
|upkeep
|turn|7
|
|t:|1739086873
|switch|p2a: Landorus|Landorus-Therian, M|100/100
|-ability|p2a: Landorus|Intimidate|boost
|-unboost|p1a: Hippowdon|atk|1
|move|p1a: Hippowdon|Slack Off|p1a: Hippowdon
|-heal|p1a: Hippowdon|98/100
|
|-weather|Sandstorm|[upkeep]
|-heal|p1a: Hippowdon|100/100|[from] item: Leftovers
|upkeep
|turn|8
|
|t:|1739086881
|move|p2a: Landorus|Stealth Rock|p1a: Hippowdon
|-sidestart|p1: DiegoBrandoTW|move: Stealth Rock
|move|p1a: Hippowdon|Stealth Rock|p2a: Landorus
|-sidestart|p2: west02|move: Stealth Rock
|
|-weather|Sandstorm|[upkeep]
|upkeep
|turn|9
|
|t:|1739086891
|move|p2a: Landorus|U-turn|p1a: Hippowdon
|-damage|p1a: Hippowdon|86/100
|
|t:|1739086895
|switch|p2a: Rotom|Rotom-Wash|100/100|[from] U-turn
|-damage|p2a: Rotom|88/100|[from] Stealth Rock
|move|p1a: Hippowdon|Whirlwind|p2a: Rotom
|drag|p2a: Landorus|Landorus-Therian, M|100/100
|-damage|p2a: Landorus|88/100|[from] Stealth Rock
|-ability|p2a: Landorus|Intimidate|boost
|-unboost|p1a: Hippowdon|atk|1
|
|-weather|Sandstorm|[upkeep]
|-heal|p2a: Landorus|94/100|[from] item: Leftovers
|-heal|p1a: Hippowdon|92/100|[from] item: Leftovers
|upkeep
|turn|10
|
|t:|1739086909
|move|p2a: Landorus|Hidden Power|p1a: Hippowdon
|-supereffective|p1a: Hippowdon
|-damage|p1a: Hippowdon|62/100
|move|p1a: Hippowdon|Whirlwind|p2a: Landorus
|drag|p2a: Garchomp|Garchomp, M|91/100
|-damage|p2a: Garchomp|85/100|[from] Stealth Rock
|
|-weather|Sandstorm|[upkeep]
|-heal|p1a: Hippowdon|69/100|[from] item: Leftovers
|upkeep
|turn|11
|
|t:|1739086919
|move|p2a: Garchomp|Draco Meteor|p1a: Hippowdon
|-damage|p1a: Hippowdon|6/100
|-unboost|p2a: Garchomp|spa|2
|-damage|p2a: Garchomp|75/100|[from] item: Life Orb
|move|p1a: Hippowdon|Slack Off|p1a: Hippowdon
|-heal|p1a: Hippowdon|56/100
|
|-weather|Sandstorm|[upkeep]
|-heal|p1a: Hippowdon|62/100|[from] item: Leftovers
|upkeep
|turn|12
|
|t:|1739086935
|switch|p2a: Amoonguss|Amoonguss, M|100/100 par
|-damage|p2a: Amoonguss|88/100 par|[from] Stealth Rock
|move|p1a: Hippowdon|Slack Off|p1a: Hippowdon
|-heal|p1a: Hippowdon|100/100
|
|-weather|Sandstorm|[upkeep]
|-damage|p2a: Amoonguss|82/100 par|[from] Sandstorm
|-heal|p2a: Amoonguss|88/100 par|[from] item: Black Sludge
|upkeep
|turn|13
|
|t:|1739086944
|switch|p1a: Blissey|Blissey, F|100/100
|-damage|p1a: Blissey|88/100|[from] Stealth Rock
|move|p2a: Amoonguss|Stun Spore|p1a: Blissey
|-status|p1a: Blissey|par
|
|-weather|Sandstorm|[upkeep]
|-damage|p1a: Blissey|82/100 par|[from] Sandstorm
|-damage|p2a: Amoonguss|82/100 par|[from] Sandstorm
|-heal|p1a: Blissey|88/100 par|[from] item: Leftovers
|-heal|p2a: Amoonguss|88/100 par|[from] item: Black Sludge
|upkeep
|turn|14
|
|t:|1739086967
|switch|p2a: Landorus|Landorus-Therian, M|94/100
|-damage|p2a: Landorus|82/100|[from] Stealth Rock
|-ability|p2a: Landorus|Intimidate|boost
|-unboost|p1a: Blissey|atk|1
|move|p1a: Blissey|Seismic Toss|p2a: Landorus
|-damage|p2a: Landorus|56/100
|
|-weather|Sandstorm|[upkeep]
|-damage|p1a: Blissey|82/100 par|[from] Sandstorm
|-heal|p2a: Landorus|62/100|[from] item: Leftovers
|-heal|p1a: Blissey|88/100 par|[from] item: Leftovers
|upkeep
|turn|15
|
|t:|1739086979
|move|p2a: Landorus|Earthquake|p1a: Blissey
|-damage|p1a: Blissey|45/100 par
|cant|p1a: Blissey|par
|
|-weather|Sandstorm|[upkeep]
|-damage|p1a: Blissey|39/100 par|[from] Sandstorm
|-heal|p2a: Landorus|68/100|[from] item: Leftovers
|-heal|p1a: Blissey|45/100 par|[from] item: Leftovers
|upkeep
|turn|16
|
|t:|1739086987
|-curestatus|p1a: Blissey|par|[from] ability: Natural Cure
|switch|p1a: Hippowdon|Hippowdon, M|100/100
|-damage|p1a: Hippowdon|94/100|[from] Stealth Rock
|move|p2a: Landorus|Earthquake|p1a: Hippowdon
|-damage|p1a: Hippowdon|64/100
|
|-weather|Sandstorm|[upkeep]
|-heal|p2a: Landorus|74/100|[from] item: Leftovers
|-heal|p1a: Hippowdon|70/100|[from] item: Leftovers
|upkeep
|turn|17
|
|t:|1739086997
|move|p2a: Landorus|Earthquake|p1a: Hippowdon
|-damage|p1a: Hippowdon|44/100
|move|p1a: Hippowdon|Slack Off|p1a: Hippowdon
|-heal|p1a: Hippowdon|94/100
|
|-weather|Sandstorm|[upkeep]
|-heal|p2a: Landorus|80/100|[from] item: Leftovers
|-heal|p1a: Hippowdon|99/100|[from] item: Leftovers
|upkeep
|turn|18
|
|t:|1739087008
|move|p2a: Landorus|Hidden Power|p1a: Hippowdon
|-supereffective|p1a: Hippowdon
|-damage|p1a: Hippowdon|71/100
|move|p1a: Hippowdon|Whirlwind|p2a: Landorus
|drag|p2a: Garchomp|Garchomp, M|75/100
|-damage|p2a: Garchomp|69/100|[from] Stealth Rock
|
|-weather|Sandstorm|[upkeep]
|-heal|p1a: Hippowdon|77/100|[from] item: Leftovers
|upkeep
|turn|19
|
|t:|1739087029
|switch|p2a: Amoonguss|Amoonguss, M|100/100 par
|-damage|p2a: Amoonguss|88/100 par|[from] Stealth Rock
|move|p1a: Hippowdon|Slack Off|p1a: Hippowdon
|-heal|p1a: Hippowdon|100/100
|
|-weather|Sandstorm|[upkeep]
|-damage|p2a: Amoonguss|82/100 par|[from] Sandstorm
|-heal|p2a: Amoonguss|88/100 par|[from] item: Black Sludge
|upkeep
|turn|20
|
|t:|1739087049
|switch|p2a: Landorus|Landorus-Therian, M|80/100
|-damage|p2a: Landorus|67/100|[from] Stealth Rock
|-ability|p2a: Landorus|Intimidate|boost
|-unboost|p1a: Hippowdon|atk|1
|move|p1a: Hippowdon|Whirlwind|p2a: Landorus
|drag|p2a: Amoonguss|Amoonguss, M|100/100 par
|-damage|p2a: Amoonguss|88/100 par|[from] Stealth Rock
|
|-weather|Sandstorm|[upkeep]
|-damage|p2a: Amoonguss|82/100 par|[from] Sandstorm
|-heal|p2a: Amoonguss|88/100 par|[from] item: Black Sludge
|upkeep
|turn|21
|
|t:|1739087060
|switch|p1a: Blissey|Blissey, F|45/100
|-damage|p1a: Blissey|32/100|[from] Stealth Rock
|switch|p2a: Landorus|Landorus-Therian, M|67/100
|-damage|p2a: Landorus|55/100|[from] Stealth Rock
|-ability|p2a: Landorus|Intimidate|boost
|-unboost|p1a: Blissey|atk|1
|
|-weather|Sandstorm|[upkeep]
|-damage|p1a: Blissey|26/100|[from] Sandstorm
|-heal|p2a: Landorus|61/100|[from] item: Leftovers
|-heal|p1a: Blissey|32/100|[from] item: Leftovers
|upkeep
|turn|22
|
|t:|1739087073
|switch|p1a: Gliscor|Gliscor, F|100/100
|-damage|p1a: Gliscor|88/100|[from] Stealth Rock
|move|p2a: Landorus|Earthquake|p1a: Gliscor
|-immune|p1a: Gliscor
|
|-weather|Sandstorm|[upkeep]
|-heal|p2a: Landorus|67/100|[from] item: Leftovers
|-status|p1a: Gliscor|tox|[from] item: Toxic Orb
|upkeep
|turn|23
|inactive|west02 has 120 seconds left.
|
|t:|1739087092
|switch|p2a: Amoonguss|Amoonguss, M|100/100 par
|-damage|p2a: Amoonguss|88/100 par|[from] Stealth Rock
|move|p1a: Gliscor|Protect||[still]
|-fail|p1a: Gliscor
|
|-weather|Sandstorm|[upkeep]
|-damage|p2a: Amoonguss|82/100 par|[from] Sandstorm
|-heal|p2a: Amoonguss|88/100 par|[from] item: Black Sludge
|-heal|p1a: Gliscor|100/100 tox|[from] ability: Poison Heal
|upkeep
|turn|24
|inactive|west02 has 120 seconds left.
|
|t:|1739087102
|switch|p2a: Landorus|Landorus-Therian, M|67/100
|-damage|p2a: Landorus|55/100|[from] Stealth Rock
|-ability|p2a: Landorus|Intimidate|boost
|-unboost|p1a: Gliscor|atk|1
|move|p1a: Gliscor|Swords Dance|p1a: Gliscor
|-boost|p1a: Gliscor|atk|2
|
|-weather|Sandstorm|[upkeep]
|-heal|p2a: Landorus|61/100|[from] item: Leftovers
|upkeep
|turn|25
|
|t:|1739087111
|move|p2a: Landorus|Hidden Power|p1a: Gliscor
|-supereffective|p1a: Gliscor
|-damage|p1a: Gliscor|37/100 tox
|move|p1a: Gliscor|Facade|p2a: Landorus
|-damage|p2a: Landorus|17/100
|
|-weather|Sandstorm|[upkeep]
|-heal|p2a: Landorus|23/100|[from] item: Leftovers
|-heal|p1a: Gliscor|49/100 tox|[from] ability: Poison Heal
|upkeep
|turn|26
|
|t:|1739087120
|move|p1a: Gliscor|Protect|p1a: Gliscor
|-singleturn|p1a: Gliscor|Protect
|move|p2a: Landorus|Hidden Power|p1a: Gliscor
|-activate|p1a: Gliscor|move: Protect
|
|-weather|Sandstorm|[upkeep]
|-heal|p2a: Landorus|29/100|[from] item: Leftovers
|-heal|p1a: Gliscor|62/100 tox|[from] ability: Poison Heal
|upkeep
|turn|27
|
|t:|1739087131
|switch|p1a: Slowbro|Slowbro, F|83/100
|-damage|p1a: Slowbro|71/100|[from] Stealth Rock
|move|p2a: Landorus|Hidden Power|p1a: Slowbro
|-resisted|p1a: Slowbro
|-damage|p1a: Slowbro|62/100
|
|-weather|Sandstorm|[upkeep]
|-damage|p1a: Slowbro|56/100|[from] Sandstorm
|-heal|p2a: Landorus|35/100|[from] item: Leftovers
|upkeep
|turn|28
|
|t:|1739087141
|move|p2a: Landorus|U-turn|p1a: Slowbro
|-supereffective|p1a: Slowbro
|-damage|p1a: Slowbro|31/100
|-damage|p2a: Landorus|19/100|[from] item: Rocky Helmet|[of] p1a: Slowbro
|
|t:|1739087148
|switch|p2a: Amoonguss|Amoonguss, M|100/100 par|[from] U-turn
|-damage|p2a: Amoonguss|88/100 par|[from] Stealth Rock
|move|p1a: Slowbro|Ice Beam|p2a: Amoonguss
|-supereffective|p2a: Amoonguss
|-damage|p2a: Amoonguss|60/100 par
|
|-weather|Sandstorm|[upkeep]
|-damage|p1a: Slowbro|25/100|[from] Sandstorm
|-damage|p2a: Amoonguss|54/100 par|[from] Sandstorm
|-heal|p2a: Amoonguss|60/100 par|[from] item: Black Sludge
|upkeep
|turn|29
|
|t:|1739087163
|move|p1a: Slowbro|Slack Off|p1a: Slowbro
|-heal|p1a: Slowbro|75/100
|move|p2a: Amoonguss|Giga Drain|p1a: Slowbro
|-supereffective|p1a: Slowbro
|-crit|p1a: Slowbro
|-damage|p1a: Slowbro|0 fnt
|-heal|p2a: Amoonguss|94/100 par|[from] drain|[of] p1a: Slowbro
|faint|p1a: Slowbro
|
|-weather|Sandstorm|[upkeep]
|-damage|p2a: Amoonguss|88/100 par|[from] Sandstorm
|-heal|p2a: Amoonguss|94/100 par|[from] item: Black Sludge
|upkeep
|
|t:|1739087171
|switch|p1a: Blissey|Blissey, F|32/100
|-damage|p1a: Blissey|20/100|[from] Stealth Rock
|turn|30
|
|t:|1739087186
|move|p1a: Blissey|Soft-Boiled|p1a: Blissey
|-heal|p1a: Blissey|70/100
|cant|p2a: Amoonguss|par
|
|-weather|Sandstorm|[upkeep]
|-damage|p1a: Blissey|64/100|[from] Sandstorm
|-damage|p2a: Amoonguss|88/100 par|[from] Sandstorm
|-heal|p1a: Blissey|70/100|[from] item: Leftovers
|-heal|p2a: Amoonguss|94/100 par|[from] item: Black Sludge
|upkeep
|turn|31
|
|t:|1739087197
|move|p1a: Blissey|Ice Beam|p2a: Amoonguss
|-supereffective|p2a: Amoonguss
|-damage|p2a: Amoonguss|69/100 par
|move|p2a: Amoonguss|Stun Spore|p1a: Blissey
|-status|p1a: Blissey|par
|
|-weather|Sandstorm|[upkeep]
|-damage|p1a: Blissey|64/100 par|[from] Sandstorm
|-damage|p2a: Amoonguss|63/100 par|[from] Sandstorm
|-heal|p1a: Blissey|70/100 par|[from] item: Leftovers
|-heal|p2a: Amoonguss|69/100 par|[from] item: Black Sludge
|upkeep
|turn|32
|
|t:|1739087208
|move|p1a: Blissey|Seismic Toss|p2a: Amoonguss
|-damage|p2a: Amoonguss|46/100 par
|cant|p2a: Amoonguss|par
|
|-weather|Sandstorm|[upkeep]
|-damage|p1a: Blissey|64/100 par|[from] Sandstorm
|-damage|p2a: Amoonguss|40/100 par|[from] Sandstorm
|-heal|p1a: Blissey|70/100 par|[from] item: Leftovers
|-heal|p2a: Amoonguss|46/100 par|[from] item: Black Sludge
|upkeep
|turn|33
|
|t:|1739087231
|switch|p2a: Garchomp|Garchomp, M|69/100
|-damage|p2a: Garchomp|62/100|[from] Stealth Rock
|move|p1a: Blissey|Seismic Toss|p2a: Garchomp
|-damage|p2a: Garchomp|34/100
|-damage|p1a: Blissey|58/100 par|[from] ability: Rough Skin|[of] p2a: Garchomp
|
|-weather|Sandstorm|[upkeep]
|-damage|p1a: Blissey|51/100 par|[from] Sandstorm
|-heal|p1a: Blissey|58/100 par|[from] item: Leftovers
|upkeep
|turn|34
|
|t:|1739087242
|-curestatus|p1a: Blissey|par|[from] ability: Natural Cure
|switch|p1a: Hippowdon|Hippowdon, M|100/100
|-damage|p1a: Hippowdon|94/100|[from] Stealth Rock
|move|p2a: Garchomp|Outrage|p1a: Hippowdon
|-damage|p1a: Hippowdon|57/100
|-damage|p2a: Garchomp|25/100|[from] item: Life Orb
|
|-weather|Sandstorm|[upkeep]
|-heal|p1a: Hippowdon|63/100|[from] item: Leftovers
|upkeep
|turn|35
|
|t:|1739087252
|move|p2a: Garchomp|Outrage|p1a: Hippowdon|[from] lockedmove
|-damage|p1a: Hippowdon|19/100
|-damage|p2a: Garchomp|15/100|[from] item: Life Orb
|-start|p2a: Garchomp|confusion|[fatigue]
|move|p1a: Hippowdon|Slack Off|p1a: Hippowdon
|-heal|p1a: Hippowdon|69/100
|
|-weather|Sandstorm|[upkeep]
|-heal|p1a: Hippowdon|75/100|[from] item: Leftovers
|upkeep
|turn|36
|
|t:|1739087264
|-activate|p2a: Garchomp|confusion
|move|p2a: Garchomp|Draco Meteor|p1a: Hippowdon
|-damage|p1a: Hippowdon|9/100
|-unboost|p2a: Garchomp|spa|2
|-damage|p2a: Garchomp|5/100|[from] item: Life Orb
|move|p1a: Hippowdon|Slack Off|p1a: Hippowdon
|-heal|p1a: Hippowdon|59/100
|
|-weather|Sandstorm|[upkeep]
|-heal|p1a: Hippowdon|65/100|[from] item: Leftovers
|upkeep
|turn|37
|
|t:|1739087278
|-activate|p2a: Garchomp|confusion
|-damage|p2a: Garchomp|0 fnt|[from] confusion
|faint|p2a: Garchomp
|move|p1a: Hippowdon|Slack Off|p1a: Hippowdon
|-heal|p1a: Hippowdon|100/100
|
|-weather|Sandstorm|[upkeep]
|upkeep
|inactive|west02 has 120 seconds left.
|
|t:|1739087289
|switch|p2a: Rotom|Rotom-Wash|88/100
|-damage|p2a: Rotom|75/100|[from] Stealth Rock
|turn|38
|
|t:|1739087295
|switch|p1a: Magneton|Magneton|100/100
|-damage|p1a: Magneton|94/100|[from] Stealth Rock
|move|p2a: Rotom|Will-O-Wisp|p1a: Magneton
|-status|p1a: Magneton|brn
|
|-weather|Sandstorm|[upkeep]
|-damage|p2a: Rotom|69/100|[from] Sandstorm
|-heal|p2a: Rotom|75/100|[from] item: Leftovers
|-damage|p1a: Magneton|82/100 brn|[from] brn
|upkeep
|turn|39
|
|t:|1739087309
|switch|p2a: Heatran|Heatran, F|100/100
|-damage|p2a: Heatran|88/100|[from] Stealth Rock
|move|p1a: Magneton|Flash Cannon|p2a: Heatran
|-resisted|p2a: Heatran
|-damage|p2a: Heatran|79/100
|
|-weather|Sandstorm|[upkeep]
|-heal|p2a: Heatran|85/100|[from] item: Leftovers
|-damage|p1a: Magneton|69/100 brn|[from] brn
|upkeep
|turn|40
|
|t:|1739087319
|move|p1a: Magneton|Flash Cannon|p2a: Heatran
|-resisted|p2a: Heatran
|-damage|p2a: Heatran|74/100
|-unboost|p2a: Heatran|spd|1
|move|p2a: Heatran|Magma Storm|p1a: Magneton
|-supereffective|p1a: Magneton
|-crit|p1a: Magneton
|-damage|p1a: Magneton|0 fnt
|faint|p1a: Magneton
|
|-weather|Sandstorm|[upkeep]
|-heal|p2a: Heatran|80/100|[from] item: Leftovers
|upkeep
|
|t:|1739087324
|switch|p1a: Hippowdon|Hippowdon, M|100/100
|-damage|p1a: Hippowdon|94/100|[from] Stealth Rock
|turn|41
|
|t:|1739087334
|move|p2a: Heatran|Protect|p2a: Heatran
|-singleturn|p2a: Heatran|Protect
|move|p1a: Hippowdon|Whirlwind|p2a: Heatran
|-activate|p2a: Heatran|move: Protect
|
|-weather|Sandstorm|[upkeep]
|-heal|p2a: Heatran|87/100|[from] item: Leftovers
|-heal|p1a: Hippowdon|100/100|[from] item: Leftovers
|upkeep
|turn|42
|
|t:|1739087346
|switch|p2a: Amoonguss|Amoonguss, M|79/100 par
|-damage|p2a: Amoonguss|67/100 par|[from] Stealth Rock
|move|p1a: Hippowdon|Earthquake|p2a: Amoonguss
|-damage|p2a: Amoonguss|27/100 par
|
|-weather|Sandstorm|[upkeep]
|-damage|p2a: Amoonguss|21/100 par|[from] Sandstorm
|-heal|p2a: Amoonguss|27/100 par|[from] item: Black Sludge
|upkeep
|turn|43
|
|t:|1739087355
|switch|p2a: Rotom|Rotom-Wash|75/100
|-damage|p2a: Rotom|63/100|[from] Stealth Rock
|move|p1a: Hippowdon|Whirlwind|p2a: Rotom
|drag|p2a: Landorus|Landorus-Therian, M|19/100
|-damage|p2a: Landorus|6/100|[from] Stealth Rock
|-ability|p2a: Landorus|Intimidate|boost
|-unboost|p1a: Hippowdon|atk|1
|
|-weather|Sandstorm|[upkeep]
|-heal|p2a: Landorus|12/100|[from] item: Leftovers
|upkeep
|turn|44
|
|t:|1739087381
|move|p2a: Landorus|Earthquake|p1a: Hippowdon
|-damage|p1a: Hippowdon|72/100
|move|p1a: Hippowdon|Whirlwind|p2a: Landorus
|drag|p2a: Heatran|Heatran, F|87/100
|-damage|p2a: Heatran|74/100|[from] Stealth Rock
|
|-weather|Sandstorm|[upkeep]
|-heal|p2a: Heatran|80/100|[from] item: Leftovers
|-heal|p1a: Hippowdon|78/100|[from] item: Leftovers
|upkeep
|turn|45
|
|t:|1739087396
|move|p2a: Heatran|Hidden Power|p1a: Hippowdon
|-supereffective|p1a: Hippowdon
|-damage|p1a: Hippowdon|34/100
|move|p1a: Hippowdon|Earthquake|p2a: Heatran
|-supereffective|p2a: Heatran
|-damage|p2a: Heatran|0 fnt
|faint|p2a: Heatran
|
|-weather|Sandstorm|[upkeep]
|-heal|p1a: Hippowdon|40/100|[from] item: Leftovers
|upkeep
|inactive|west02 has 120 seconds left.
|
|t:|1739087419
|switch|p2a: Rotom|Rotom-Wash|63/100
|-damage|p2a: Rotom|50/100|[from] Stealth Rock
|turn|46
|
|t:|1739087423
|switch|p1a: Blissey|Blissey, F|58/100
|-damage|p1a: Blissey|45/100|[from] Stealth Rock
|move|p2a: Rotom|Hydro Pump|p1a: Blissey
|-damage|p1a: Blissey|29/100
|
|-weather|Sandstorm|[upkeep]
|-damage|p2a: Rotom|44/100|[from] Sandstorm
|-damage|p1a: Blissey|23/100|[from] Sandstorm
|-heal|p2a: Rotom|50/100|[from] item: Leftovers
|-heal|p1a: Blissey|29/100|[from] item: Leftovers
|upkeep
|turn|47
|
|t:|1739087434
|move|p2a: Rotom|Will-O-Wisp|p1a: Blissey
|-status|p1a: Blissey|brn
|move|p1a: Blissey|Soft-Boiled|p1a: Blissey
|-heal|p1a: Blissey|79/100 brn
|
|-weather|Sandstorm|[upkeep]
|-damage|p2a: Rotom|44/100|[from] Sandstorm
|-damage|p1a: Blissey|73/100 brn|[from] Sandstorm
|-heal|p2a: Rotom|50/100|[from] item: Leftovers
|-heal|p1a: Blissey|79/100 brn|[from] item: Leftovers
|-damage|p1a: Blissey|67/100 brn|[from] brn
|upkeep
|turn|48
|
|t:|1739087449
|move|p2a: Rotom|Pain Split|p1a: Blissey
|-sethp|p1a: Blissey|44/100 brn|[from] move: Pain Split|[silent]
|-sethp|p2a: Rotom|100/100|[from] move: Pain Split
|move|p1a: Blissey|Soft-Boiled|p1a: Blissey
|-heal|p1a: Blissey|94/100 brn
|
|-weather|Sandstorm|[upkeep]
|-damage|p2a: Rotom|94/100|[from] Sandstorm
|-damage|p1a: Blissey|88/100 brn|[from] Sandstorm
|-heal|p2a: Rotom|100/100|[from] item: Leftovers
|-heal|p1a: Blissey|94/100 brn|[from] item: Leftovers
|-damage|p1a: Blissey|82/100 brn|[from] brn
|upkeep
|turn|49
|
|t:|1739087461
|move|p2a: Rotom|Will-O-Wisp|p1a: Blissey
|-fail|p1a: Blissey|brn
|move|p1a: Blissey|Thunder Wave|p2a: Rotom
|-status|p2a: Rotom|par
|
|-weather|Sandstorm|[upkeep]
|-damage|p1a: Blissey|76/100 brn|[from] Sandstorm
|-damage|p2a: Rotom|94/100 par|[from] Sandstorm
|-heal|p1a: Blissey|82/100 brn|[from] item: Leftovers
|-heal|p2a: Rotom|100/100 par|[from] item: Leftovers
|-damage|p1a: Blissey|69/100 brn|[from] brn
|upkeep
|turn|50
|inactive|west02 has 120 seconds left.
|
|t:|1739087482
|move|p1a: Blissey|Seismic Toss|p2a: Rotom
|-damage|p2a: Rotom|68/100 par
|move|p2a: Rotom|Will-O-Wisp|p1a: Blissey
|-fail|p1a: Blissey|brn
|
|-weather|Sandstorm|[upkeep]
|-damage|p1a: Blissey|63/100 brn|[from] Sandstorm
|-damage|p2a: Rotom|61/100 par|[from] Sandstorm
|-heal|p1a: Blissey|69/100 brn|[from] item: Leftovers
|-heal|p2a: Rotom|68/100 par|[from] item: Leftovers
|-damage|p1a: Blissey|57/100 brn|[from] brn
|upkeep
|turn|51
|inactive|west02 has 120 seconds left.
|
|t:|1739087493
|move|p1a: Blissey|Seismic Toss|p2a: Rotom
|-damage|p2a: Rotom|35/100 par
|cant|p2a: Rotom|par
|
|-weather|Sandstorm|[upkeep]
|-damage|p1a: Blissey|51/100 brn|[from] Sandstorm
|-damage|p2a: Rotom|28/100 par|[from] Sandstorm
|-heal|p1a: Blissey|57/100 brn|[from] item: Leftovers
|-heal|p2a: Rotom|35/100 par|[from] item: Leftovers
|-damage|p1a: Blissey|44/100 brn|[from] brn
|upkeep
|turn|52
|inactive|west02 has 120 seconds left.
|
|t:|1739087503
|move|p1a: Blissey|Seismic Toss|p2a: Rotom
|-damage|p2a: Rotom|2/100 par
|move|p2a: Rotom|Pain Split|p1a: Blissey
|-sethp|p1a: Blissey|23/100 brn|[from] move: Pain Split|[silent]
|-sethp|p2a: Rotom|52/100 par|[from] move: Pain Split
|
|-weather|Sandstorm|[upkeep]
|-damage|p1a: Blissey|16/100 brn|[from] Sandstorm
|-damage|p2a: Rotom|46/100 par|[from] Sandstorm
|-heal|p1a: Blissey|23/100 brn|[from] item: Leftovers
|-heal|p2a: Rotom|52/100 par|[from] item: Leftovers
|-damage|p1a: Blissey|10/100 brn|[from] brn
|upkeep
|turn|53
|inactive|west02 has 120 seconds left.
|
|t:|1739087516
|move|p1a: Blissey|Soft-Boiled|p1a: Blissey
|-heal|p1a: Blissey|60/100 brn
|cant|p2a: Rotom|par
|
|-weather|Sandstorm|[upkeep]
|-damage|p1a: Blissey|54/100 brn|[from] Sandstorm
|-damage|p2a: Rotom|46/100 par|[from] Sandstorm
|-heal|p1a: Blissey|60/100 brn|[from] item: Leftovers
|-heal|p2a: Rotom|52/100 par|[from] item: Leftovers
|-damage|p1a: Blissey|48/100 brn|[from] brn
|upkeep
|turn|54
|
|t:|1739087526
|move|p1a: Blissey|Soft-Boiled|p1a: Blissey
|-heal|p1a: Blissey|98/100 brn
|cant|p2a: Rotom|par
|
|-weather|Sandstorm|[upkeep]
|-damage|p1a: Blissey|92/100 brn|[from] Sandstorm
|-damage|p2a: Rotom|46/100 par|[from] Sandstorm
|-heal|p1a: Blissey|98/100 brn|[from] item: Leftovers
|-heal|p2a: Rotom|52/100 par|[from] item: Leftovers
|-damage|p1a: Blissey|85/100 brn|[from] brn
|upkeep
|turn|55
|
|t:|1739087535
|-curestatus|p1a: Blissey|brn|[from] ability: Natural Cure
|switch|p1a: Gliscor|Gliscor, F|62/100 tox
|-damage|p1a: Gliscor|49/100 tox|[from] Stealth Rock
|move|p2a: Rotom|Pain Split|p1a: Gliscor
|-sethp|p1a: Gliscor|47/100 tox|[from] move: Pain Split|[silent]
|-sethp|p2a: Rotom|55/100 par|[from] move: Pain Split
|
|-weather|Sandstorm|[upkeep]
|-damage|p2a: Rotom|49/100 par|[from] Sandstorm
|-heal|p2a: Rotom|55/100 par|[from] item: Leftovers
|-heal|p1a: Gliscor|60/100 tox|[from] ability: Poison Heal
|upkeep
|turn|56
|
|t:|1739087552
|move|p1a: Gliscor|Protect|p1a: Gliscor
|-singleturn|p1a: Gliscor|Protect
|move|p2a: Rotom|Will-O-Wisp|p1a: Gliscor
|-activate|p1a: Gliscor|move: Protect
|
|-weather|Sandstorm|[upkeep]
|-damage|p2a: Rotom|49/100 par|[from] Sandstorm
|-heal|p2a: Rotom|55/100 par|[from] item: Leftovers
|-heal|p1a: Gliscor|72/100 tox|[from] ability: Poison Heal
|upkeep
|turn|57
|
|t:|1739087565
|move|p1a: Gliscor|Facade|p2a: Rotom
|-damage|p2a: Rotom|28/100 par
|move|p2a: Rotom|Volt Switch|p1a: Gliscor
|-immune|p1a: Gliscor
|
|-weather|Sandstorm|[upkeep]
|-damage|p2a: Rotom|22/100 par|[from] Sandstorm
|-heal|p2a: Rotom|28/100 par|[from] item: Leftovers
|-heal|p1a: Gliscor|85/100 tox|[from] ability: Poison Heal
|upkeep
|turn|58
|
|t:|1739087577
|move|p1a: Gliscor|Facade|p2a: Rotom
|-damage|p2a: Rotom|4/100 par
|cant|p2a: Rotom|par
|
|-weather|Sandstorm|[upkeep]
|-damage|p2a: Rotom|0 fnt|[from] Sandstorm
|faint|p2a: Rotom
|-heal|p1a: Gliscor|97/100 tox|[from] ability: Poison Heal
|upkeep
|inactive|west02 has 120 seconds left.
|
|t:|1739087593
|switch|p2a: Tyranitar|Tyranitar, F|71/100
|-damage|p2a: Tyranitar|59/100|[from] Stealth Rock
|turn|59
|
|t:|1739087597
|move|p1a: Gliscor|Protect|p1a: Gliscor
|-singleturn|p1a: Gliscor|Protect
|move|p2a: Tyranitar|Ice Beam|p1a: Gliscor
|-activate|p1a: Gliscor|move: Protect
|
|-weather|Sandstorm|[upkeep]
|-heal|p1a: Gliscor|100/100 tox|[from] ability: Poison Heal
|upkeep
|turn|60
|
|t:|1739087604
|move|p2a: Tyranitar|Ice Beam|p1a: Gliscor
|-supereffective|p1a: Gliscor
|-damage|p1a: Gliscor|21/100 tox
|move|p1a: Gliscor|Earthquake|p2a: Tyranitar
|-supereffective|p2a: Tyranitar
|-damage|p2a: Tyranitar|0 fnt
|faint|p2a: Tyranitar
|
|-weather|Sandstorm|[upkeep]
|-heal|p1a: Gliscor|33/100 tox|[from] ability: Poison Heal
|upkeep
|
|t:|1739087613
|switch|p2a: Amoonguss|Amoonguss, M|60/100 par
|-damage|p2a: Amoonguss|48/100 par|[from] Stealth Rock
|turn|61
|c|☆west02|gg
|c|☆DiegoBrandoTW|gg
|-message|west02 forfeited.
|
|win|DiegoBrandoTW
|raw|DiegoBrandoTW's rating: 1330 &rarr; <strong>1350</strong><br />(+20 for winning)
|raw|west02's rating: 1334 &rarr; <strong>1314</strong><br />(-20 for losing)
|c|☆DiegoBrandoTW|wp
|l|☆west02
|player|p2|
