|j|☆LLord LLemon
|j|☆crimsonbacon38
|t:|1726355152
|gametype|singles
|player|p1|LLord LLemon|265|1379
|player|p2|crimsonbacon38|1|1281
|teamsize|p1|6
|teamsize|p2|6
|gen|5
|tier|[Gen 5] OU
|rated|
|rule|Species Clause: Limit one of each Pokémon
|rule|OHKO Clause: OHKO moves are banned
|rule|Moody Clause: Moody is banned
|rule|Evasion Items Clause: Evasion items are banned
|rule|Evasion Moves Clause: Evasion moves are banned
|rule|Endless Battle Clause: Forcing endless battles is banned
|rule|HP Percentage Mod: HP is shown in percentages
|rule|Evasion Abilities Clause: Evasion abilities are banned
|rule|Sleep Moves Clause: Sleep-inducing moves are banned
|rule|Swagger Clause: Swagger is banned
|rule|Baton Pass Stat Clause: No Baton Passer may have a way to boost its stats
|clearpoke
|poke|p1|Azelf|item
|poke|p1|Celebi|item
|poke|p1|Breloom, F|item
|poke|p1|Heatran, F|item
|poke|p1|Excadrill, F|item
|poke|p1|Zapdos|item
|poke|p2|Tyranitar, M|item
|poke|p2|Excadrill, F|item
|poke|p2|Keldeo|item
|poke|p2|Garchomp, F|item
|poke|p2|Latios, M|item
|poke|p2|Skarmory, F|item
|teampreview
|inactive|Battle timer is ON: inactive players will automatically lose when time's up. (requested by LLord LLemon)
|
|t:|1726355170
|start
|switch|p1a: Breloom|Breloom, F|100/100
|switch|p2a: Skarmory|Skarmory, F|100/100
|turn|1
|
|t:|1726355188
|move|p1a: Breloom|Superpower|p2a: Skarmory
|-damage|p2a: Skarmory|21/100
|-unboost|p1a: Breloom|atk|1
|-unboost|p1a: Breloom|def|1
|move|p2a: Skarmory|Brave Bird|p1a: Breloom
|-supereffective|p1a: Breloom
|-damage|p1a: Breloom|0 fnt
|faint|p1a: Breloom
|-damage|p2a: Skarmory|0 fnt|[from] Recoil
|faint|p2a: Skarmory
|
|upkeep
|
|t:|1726355199
|switch|p1a: Excadrill|Excadrill, F|100/100
|switch|p2a: Tyranitar|Tyranitar, M|100/100
|-ability|p1a: Excadrill|Mold Breaker
|-weather|Sandstorm|[from] ability: Sand Stream|[of] p2a: Tyranitar
|turn|2
|
|t:|1726355208
|switch|p2a: Garchomp|Garchomp, F|100/100
|move|p1a: Excadrill|Earthquake|p2a: Garchomp
|-damage|p2a: Garchomp|49/100
|
|-weather|Sandstorm|[upkeep]
|-heal|p2a: Garchomp|55/100|[from] item: Leftovers
|upkeep
|turn|3
|
|t:|1726355217
|switch|p1a: Azelf|Azelf|100/100
|move|p2a: Garchomp|Stealth Rock|p1a: Azelf
|-sidestart|p1: LLord LLemon|move: Stealth Rock
|
|-weather|Sandstorm|[upkeep]
|-damage|p1a: Azelf|94/100|[from] Sandstorm
|-heal|p2a: Garchomp|61/100|[from] item: Leftovers
|upkeep
|turn|4
|
|t:|1726355225
|switch|p2a: Tyranitar|Tyranitar, M|100/100
|move|p1a: Azelf|Explosion|p2a: Tyranitar
|-resisted|p2a: Tyranitar
|-crit|p2a: Tyranitar
|-damage|p2a: Tyranitar|40/100
|faint|p1a: Azelf
|
|-weather|Sandstorm|[upkeep]
|upkeep
|
|t:|1726355230
|switch|p1a: Excadrill|Excadrill, F|100/100
|-damage|p1a: Excadrill|97/100|[from] Stealth Rock
|-ability|p1a: Excadrill|Mold Breaker
|turn|5
|inactive|crimsonbacon38 has 120 seconds left.
|inactive|crimsonbacon38 has 90 seconds left.
|inactive|crimsonbacon38 has 60 seconds left.
|
|t:|1726355329
|move|p1a: Excadrill|Earthquake|p2a: Tyranitar
|-supereffective|p2a: Tyranitar
|-damage|p2a: Tyranitar|0 fnt
|faint|p2a: Tyranitar
|
|-weather|Sandstorm|[upkeep]
|upkeep
|
|t:|1726355333
|switch|p2a: Garchomp|Garchomp, F|61/100
|turn|6
|
|t:|1726355341
|switch|p1a: Heatran|Heatran, F|100/100
|-damage|p1a: Heatran|88/100|[from] Stealth Rock
|move|p2a: Garchomp|Swords Dance|p2a: Garchomp
|-boost|p2a: Garchomp|atk|2
|
|-weather|Sandstorm|[upkeep]
|-heal|p2a: Garchomp|67/100|[from] item: Leftovers
|-heal|p1a: Heatran|94/100|[from] item: Leftovers
|upkeep
|turn|7
|
|t:|1726355351
|switch|p1a: Zapdos|Zapdos|100/100
|-damage|p1a: Zapdos|76/100|[from] Stealth Rock
|-ability|p1a: Zapdos|Pressure
|move|p2a: Garchomp|Earthquake|p1a: Zapdos
|-immune|p1a: Zapdos
|
|-weather|Sandstorm|[upkeep]
|-damage|p1a: Zapdos|70/100|[from] Sandstorm
|-heal|p2a: Garchomp|74/100|[from] item: Leftovers
|-heal|p1a: Zapdos|76/100|[from] item: Leftovers
|upkeep
|turn|8
|
|t:|1726355358
|move|p2a: Garchomp|Outrage|p1a: Zapdos
|-damage|p1a: Zapdos|0 fnt
|faint|p1a: Zapdos
|
|-weather|Sandstorm|[upkeep]
|-heal|p2a: Garchomp|80/100|[from] item: Leftovers
|upkeep
|
|t:|1726355361
|switch|p1a: Heatran|Heatran, F|94/100
|-damage|p1a: Heatran|82/100|[from] Stealth Rock
|turn|9
|
|t:|1726355366
|move|p2a: Garchomp|Outrage|p1a: Heatran|[from]lockedmove
|-resisted|p1a: Heatran
|-damage|p1a: Heatran|27/100
|move|p1a: Heatran|Earth Power|p2a: Garchomp
|-damage|p2a: Garchomp|53/100
|
|-weather|Sandstorm|[upkeep]
|-heal|p2a: Garchomp|59/100|[from] item: Leftovers
|-heal|p1a: Heatran|34/100|[from] item: Leftovers
|upkeep
|turn|10
|
|t:|1726355373
|move|p1a: Heatran|Protect|p1a: Heatran
|-singleturn|p1a: Heatran|Protect
|move|p2a: Garchomp|Outrage|p1a: Heatran|[from]lockedmove
|-activate|p1a: Heatran|move: Protect
|-start|p2a: Garchomp|confusion|[fatigue]
|
|-weather|Sandstorm|[upkeep]
|-heal|p2a: Garchomp|65/100|[from] item: Leftovers
|-heal|p1a: Heatran|40/100|[from] item: Leftovers
|upkeep
|turn|11
|
|t:|1726355380
|-activate|p2a: Garchomp|confusion
|move|p2a: Garchomp|Earthquake|p1a: Heatran
|-supereffective|p1a: Heatran
|-damage|p1a: Heatran|0 fnt
|faint|p1a: Heatran
|
|-weather|Sandstorm|[upkeep]
|-heal|p2a: Garchomp|71/100|[from] item: Leftovers
|upkeep
|
|t:|1726355385
|switch|p1a: Excadrill|Excadrill, F|97/100
|-damage|p1a: Excadrill|94/100|[from] Stealth Rock
|-ability|p1a: Excadrill|Mold Breaker
|turn|12
|
|t:|1726355389
|move|p1a: Excadrill|Earthquake|p2a: Garchomp
|-damage|p2a: Garchomp|16/100
|-activate|p2a: Garchomp|confusion
|move|p2a: Garchomp|Earthquake|p1a: Excadrill
|-supereffective|p1a: Excadrill
|-damage|p1a: Excadrill|0 fnt
|faint|p1a: Excadrill
|
|-weather|Sandstorm|[upkeep]
|-heal|p2a: Garchomp|22/100|[from] item: Leftovers
|upkeep
|-message|LLord LLemon forfeited.
|
|win|crimsonbacon38
|raw|LLord LLemon's rating: 1379 &rarr; <strong>1354</strong><br />(-25 for losing)
|raw|crimsonbacon38's rating: 1281 &rarr; <strong>1313</strong><br />(+32 for winning)
|l|☆LLord LLemon
|player|p1|
