|j|☆HydreigonSpammer
|j|☆chomp29
|t:|1734529999
|gametype|singles
|player|p1|HydreigonSpammer|veteranf|1286
|player|p2|chomp29|#capplxwutangclants|1467
|teamsize|p1|6
|teamsize|p2|6
|gen|5
|tier|[Gen 5] OU
|rated|
|rule|Species Clause: Limit one of each Pokémon
|rule|OHKO Clause: OHKO moves are banned
|rule|Moody Clause: Moody is banned
|rule|Evasion Items Clause: Evasion items are banned
|rule|Evasion Moves Clause: Evasion moves are banned
|rule|Endless Battle Clause: Forcing endless battles is banned
|rule|HP Percentage Mod: HP is shown in percentages
|rule|Evasion Abilities Clause: Evasion abilities are banned
|rule|Sleep Moves Clause: Sleep-inducing moves are banned
|rule|Swagger Clause: Swagger is banned
|rule|Baton Pass Stat Clause: No Baton Passer may have a way to boost its stats
|clearpoke
|poke|p1|Politoed, M|item
|poke|p1|Ferrothorn, F|item
|poke|p1|Thundurus-Therian, M|item
|poke|p1|Keldeo|item
|poke|p1|Tornadus, M|item
|poke|p1|Jirachi|item
|poke|p2|Keldeo|item
|poke|p2|Politoed, M|item
|poke|p2|Ferrothorn, F|item
|poke|p2|Thundurus-Therian, M|item
|poke|p2|Excadrill, M|item
|poke|p2|Sharpedo, F|item
|teampreview
|inactive|Battle timer is ON: inactive players will automatically lose when time's up. (requested by chomp29)
|
|t:|1734530030
|start
|switch|p1a: Politoed|Politoed, M|100/100
|switch|p2a: Thundurus|Thundurus-Therian, M|100/100
|-weather|RainDance|[from] ability: Drizzle|[of] p1a: Politoed
|turn|1
|inactive|HydreigonSpammer has 120 seconds left.
|inactive|HydreigonSpammer has 90 seconds left.
|
|t:|1734530093
|move|p2a: Thundurus|Thunder|p1a: Politoed
|-supereffective|p1a: Politoed
|-damage|p1a: Politoed|0 fnt
|faint|p1a: Politoed
|
|-weather|RainDance|[upkeep]
|upkeep
|inactive|HydreigonSpammer has 90 seconds left.
|
|t:|1734530099
|switch|p1a: Keldeo|Keldeo|100/100
|turn|2
|inactive|HydreigonSpammer has 90 seconds left.
|
|t:|1734530112
|switch|p1a: Thundurus|Thundurus-Therian, M|100/100
|switch|p2a: Ferrothorn|Ferrothorn, F|100/100
|
|-weather|RainDance|[upkeep]
|upkeep
|turn|3
|
|t:|1734530123
|move|p1a: Thundurus|Thunder|p2a: Ferrothorn
|-resisted|p2a: Ferrothorn
|-damage|p2a: Ferrothorn|75/100
|move|p2a: Ferrothorn|Stealth Rock|p1a: Thundurus
|-sidestart|p1: HydreigonSpammer|move: Stealth Rock
|
|-weather|RainDance|[upkeep]
|-heal|p2a: Ferrothorn|82/100|[from] item: Leftovers
|upkeep
|turn|4
|
|t:|1734530133
|move|p1a: Thundurus|Focus Blast|p2a: Ferrothorn|[miss]
|-miss|p1a: Thundurus|p2a: Ferrothorn
|move|p2a: Ferrothorn|Spikes|p1a: Thundurus
|-sidestart|p1: HydreigonSpammer|Spikes
|
|-weather|RainDance|[upkeep]
|-heal|p2a: Ferrothorn|88/100|[from] item: Leftovers
|upkeep
|turn|5
|
|t:|1734530146
|switch|p2a: Thundurus|Thundurus-Therian, M|100/100
|move|p1a: Thundurus|Nasty Plot|p1a: Thundurus
|-boost|p1a: Thundurus|spa|2
|
|-weather|RainDance|[upkeep]
|upkeep
|turn|6
|
|t:|1734530177
|switch|p2a: Sharpedo|Sharpedo, F|100/100
|move|p1a: Thundurus|Hidden Power|p2a: Sharpedo
|-resisted|p2a: Sharpedo
|-damage|p2a: Sharpedo|40/100
|
|-weather|RainDance|[upkeep]
|upkeep
|turn|7
|inactive|HydreigonSpammer has 120 seconds left.
|
|t:|1734530189
|switch|p1a: Ferrothorn|Ferrothorn, F|100/100
|-damage|p1a: Ferrothorn|94/100|[from] Stealth Rock
|-damage|p1a: Ferrothorn|82/100|[from] Spikes
|move|p2a: Sharpedo|Hydro Pump|p1a: Ferrothorn|[miss]
|-miss|p2a: Sharpedo|p1a: Ferrothorn
|
|-weather|RainDance|[upkeep]
|-ability|p2a: Sharpedo|Speed Boost|boost
|-boost|p2a: Sharpedo|spe|1
|upkeep
|turn|8
|inactive|HydreigonSpammer has 120 seconds left.
|
|t:|1734530200
|switch|p2a: Thundurus|Thundurus-Therian, M|100/100
|move|p1a: Ferrothorn|Stealth Rock|p2a: Thundurus
|-sidestart|p2: chomp29|move: Stealth Rock
|
|-weather|RainDance|[upkeep]
|upkeep
|turn|9
|
|t:|1734530209
|move|p2a: Thundurus|Agility|p2a: Thundurus
|-boost|p2a: Thundurus|spe|2
|move|p1a: Ferrothorn|Leech Seed|p2a: Thundurus
|-start|p2a: Thundurus|move: Leech Seed
|
|-weather|RainDance|[upkeep]
|-damage|p2a: Thundurus|88/100|[from] Leech Seed|[of] p1a: Ferrothorn
|-heal|p1a: Ferrothorn|93/100|[silent]
|upkeep
|turn|10
|
|t:|1734530215
|move|p2a: Thundurus|Focus Blast|p1a: Ferrothorn
|-supereffective|p1a: Ferrothorn
|-damage|p1a: Ferrothorn|34/100
|move|p1a: Ferrothorn|Seed Bomb|p2a: Thundurus
|-resisted|p2a: Thundurus
|-damage|p2a: Thundurus|71/100
|
|-weather|RainDance|[upkeep]
|-damage|p2a: Thundurus|59/100|[from] Leech Seed|[of] p1a: Ferrothorn
|-heal|p1a: Ferrothorn|46/100|[silent]
|upkeep
|turn|11
|
|t:|1734530221
|move|p1a: Ferrothorn|Protect|p1a: Ferrothorn
|-singleturn|p1a: Ferrothorn|Protect
|move|p2a: Thundurus|Hidden Power|p1a: Ferrothorn
|-activate|p1a: Ferrothorn|move: Protect
|
|-weather|RainDance|[upkeep]
|-damage|p2a: Thundurus|46/100|[from] Leech Seed|[of] p1a: Ferrothorn
|-heal|p1a: Ferrothorn|58/100|[silent]
|upkeep
|-enditem|p2a: Thundurus|Sitrus Berry|[eat]
|-heal|p2a: Thundurus|71/100|[from] item: Sitrus Berry
|turn|12
|
|t:|1734530231
|move|p1a: Ferrothorn|Protect|p1a: Ferrothorn
|-singleturn|p1a: Ferrothorn|Protect
|move|p2a: Thundurus|Focus Blast|p1a: Ferrothorn
|-activate|p1a: Ferrothorn|move: Protect
|
|-weather|RainDance|[upkeep]
|-damage|p2a: Thundurus|59/100|[from] Leech Seed|[of] p1a: Ferrothorn
|-heal|p1a: Ferrothorn|69/100|[silent]
|upkeep
|turn|13
|
|t:|1734530236
|move|p2a: Thundurus|Focus Blast|p1a: Ferrothorn|[miss]
|-miss|p2a: Thundurus|p1a: Ferrothorn
|move|p1a: Ferrothorn|Seed Bomb|p2a: Thundurus
|-resisted|p2a: Thundurus
|-damage|p2a: Thundurus|41/100
|
|-weather|RainDance|[upkeep]
|-damage|p2a: Thundurus|29/100|[from] Leech Seed|[of] p1a: Ferrothorn
|-heal|p1a: Ferrothorn|81/100|[silent]
|upkeep
|turn|14
|
|t:|1734530243
|move|p1a: Ferrothorn|Protect|p1a: Ferrothorn
|-singleturn|p1a: Ferrothorn|Protect
|move|p2a: Thundurus|Focus Blast|p1a: Ferrothorn
|-activate|p1a: Ferrothorn|move: Protect
|
|-weather|RainDance|[upkeep]
|-damage|p2a: Thundurus|16/100|[from] Leech Seed|[of] p1a: Ferrothorn
|-heal|p1a: Ferrothorn|93/100|[silent]
|upkeep
|turn|15
|
|t:|1734530253
|move|p1a: Ferrothorn|Protect||[still]
|-fail|p1a: Ferrothorn
|move|p2a: Thundurus|Focus Blast|p1a: Ferrothorn
|-supereffective|p1a: Ferrothorn
|-damage|p1a: Ferrothorn|39/100
|
|-weather|RainDance|[upkeep]
|-damage|p2a: Thundurus|4/100|[from] Leech Seed|[of] p1a: Ferrothorn
|-heal|p1a: Ferrothorn|50/100|[silent]
|upkeep
|turn|16
|
|t:|1734530258
|switch|p2a: Keldeo|Keldeo|100/100
|-damage|p2a: Keldeo|94/100|[from] Stealth Rock
|move|p1a: Ferrothorn|Protect||[still]
|-fail|p1a: Ferrothorn
|
|-weather|RainDance|[upkeep]
|upkeep
|turn|17
|
|t:|1734530268
|move|p2a: Keldeo|Secret Sword|p1a: Ferrothorn
|-supereffective|p1a: Ferrothorn
|-damage|p1a: Ferrothorn|0 fnt
|faint|p1a: Ferrothorn
|
|-weather|RainDance|[upkeep]
|upkeep
|
|t:|1734530295
|switch|p1a: Thundurus|Thundurus-Therian, M|100/100
|-damage|p1a: Thundurus|76/100|[from] Stealth Rock
|turn|18
|
|t:|1734530311
|switch|p2a: Thundurus|Thundurus-Therian, M|4/100
|-damage|p2a: Thundurus|0 fnt|[from] Stealth Rock
|faint|p2a: Thundurus
|move|p1a: Thundurus|Thunder|p2: Thundurus|[notarget]
|-fail|p1a: Thundurus
|
|-weather|RainDance|[upkeep]
|-heal|p1a: Thundurus|82/100|[from] item: Leftovers
|upkeep
|
|t:|1734530313
|switch|p2a: Keldeo|Keldeo|94/100
|-damage|p2a: Keldeo|88/100|[from] Stealth Rock
|turn|19
|
|t:|1734530340
|move|p2a: Keldeo|Hydro Pump|p1a: Thundurus|[miss]
|-miss|p2a: Keldeo|p1a: Thundurus
|move|p1a: Thundurus|Thunder|p2a: Keldeo
|-supereffective|p2a: Keldeo
|-damage|p2a: Keldeo|0 fnt
|faint|p2a: Keldeo
|
|-weather|RainDance|[upkeep]
|-heal|p1a: Thundurus|88/100|[from] item: Leftovers
|upkeep
|inactive|chomp29 has 120 seconds left.
|c|☆chomp29|Some bs ngl
|
|t:|1734530368
|switch|p2a: Sharpedo|Sharpedo, F|40/100
|-damage|p2a: Sharpedo|28/100|[from] Stealth Rock
|turn|20
|inactive|HydreigonSpammer has 120 seconds left.
|
|t:|1734530390
|move|p1a: Thundurus|Thunder|p2a: Sharpedo
|-supereffective|p2a: Sharpedo
|-damage|p2a: Sharpedo|0 fnt
|faint|p2a: Sharpedo
|
|-weather|RainDance|[upkeep]
|-heal|p1a: Thundurus|94/100|[from] item: Leftovers
|upkeep
|-message|chomp29 forfeited.
|
|win|HydreigonSpammer
|raw|HydreigonSpammer's rating: 1286 &rarr; <strong>1323</strong><br />(+37 for winning)
|raw|chomp29's rating: 1467 &rarr; <strong>1437</strong><br />(-30 for losing)
|l|☆chomp29
|player|p2|
