|j|☆spliffdiff
|j|☆benjies
|t:|1744874026
|gametype|singles
|player|p1|spliffdiff|unknown|1392
|player|p2|benjies|scientist|1510
|teamsize|p1|6
|teamsize|p2|6
|gen|5
|tier|[Gen 5] OU
|rated|
|rule|Species Clause: Limit one of each Pokémon
|rule|OHKO Clause: OHKO moves are banned
|rule|Moody Clause: Moody is banned
|rule|Evasion Items Clause: Evasion items are banned
|rule|Evasion Moves Clause: Evasion moves are banned
|rule|Endless Battle Clause: Forcing endless battles is banned
|rule|HP Percentage Mod: HP is shown in percentages
|rule|Evasion Abilities Clause: Evasion abilities are banned
|rule|Sleep Moves Clause: Sleep-inducing moves are banned
|rule|Swagger Clause: Swagger is banned
|rule|Baton Pass Stat Clause: No Baton Passer may have a way to boost its stats
|clearpoke
|poke|p1|Honchkrow, F|item
|poke|p1|Terrakion|item
|poke|p1|Garchomp, F|item
|poke|p1|Conkeldurr, M|item
|poke|p1|Keldeo-Resolute|item
|poke|p1|Breloom, F|item
|poke|p2|Kyurem-Black|item
|poke|p2|Tornadus, M|item
|poke|p2|Politoed, F|item
|poke|p2|Tentacruel, M|item
|poke|p2|Ferrothorn, M|item
|poke|p2|Landorus-Therian, M|item
|teampreview
|inactive|Battle timer is ON: inactive players will automatically lose when time's up. (requested by spliffdiff)
|
|t:|1744874047
|start
|switch|p1a: Terrakion|Terrakion|100/100
|switch|p2a: Little Z|Landorus-Therian, M|100/100
|-ability|p2a: Little Z|Intimidate|boost
|-unboost|p1a: Terrakion|atk|1
|turn|1
|
|t:|1744874051
|switch|p1a: Garchomp|Garchomp, F|100/100
|move|p2a: Little Z|Earthquake|p1a: Garchomp
|-damage|p1a: Garchomp|45/100
|
|upkeep
|turn|2
|
|t:|1744874057
|switch|p1a: Honchkrow|Honchkrow, F|100/100
|move|p2a: Little Z|Earthquake|p1a: Honchkrow
|-immune|p1a: Honchkrow
|
|upkeep
|turn|3
|
|t:|1744874064
|switch|p2a: Snap Pop Crackle|Politoed, F, shiny|100/100
|-weather|RainDance|[from] ability: Drizzle|[of] p2a: Snap Pop Crackle
|switch|p1a: Breloom|Breloom, F|100/100
|
|-weather|RainDance|[upkeep]
|upkeep
|turn|4
|
|t:|1744874074
|switch|p2a: MatPat|Tornadus, M|100/100
|move|p1a: Breloom|Bullet Seed|p2a: MatPat
|-resisted|p2a: MatPat
|-damage|p2a: MatPat|85/100
|-resisted|p2a: MatPat
|-damage|p2a: MatPat|70/100
|-hitcount|p2a: MatPat|2
|
|-weather|RainDance|[upkeep]
|-heal|p2a: MatPat|76/100|[from] item: Leftovers
|upkeep
|turn|5
|
|t:|1744874083
|switch|p1a: Garchomp|Garchomp, F|45/100
|move|p2a: MatPat|Hurricane|p1a: Garchomp
|-damage|p1a: Garchomp|0 fnt
|faint|p1a: Garchomp
|
|-weather|RainDance|[upkeep]
|-heal|p2a: MatPat|82/100|[from] item: Leftovers
|upkeep
|
|t:|1744874089
|switch|p1a: Terrakion|Terrakion|100/100
|turn|6
|
|t:|1744874099
|switch|p2a: Little Z|Landorus-Therian, M|100/100
|-ability|p2a: Little Z|Intimidate|boost
|-unboost|p1a: Terrakion|atk|1
|switch|p1a: Conkeldurr|Conkeldurr, M|100/100
|
|-weather|RainDance|[upkeep]
|upkeep
|turn|7
|
|t:|1744874112
|move|p2a: Little Z|U-turn|p1a: Conkeldurr
|-resisted|p1a: Conkeldurr
|-damage|p1a: Conkeldurr|92/100
|
|t:|1744874115
|switch|p2a: Snap Pop Crackle|Politoed, F, shiny|100/100|[from] U-turn
|move|p1a: Conkeldurr|Thunder Punch|p2a: Snap Pop Crackle
|-supereffective|p2a: Snap Pop Crackle
|-damage|p2a: Snap Pop Crackle|46/100
|
|-weather|RainDance|[upkeep]
|-heal|p2a: Snap Pop Crackle|52/100|[from] item: Leftovers
|upkeep
|turn|8
|
|t:|1744874131
|switch|p1a: Honchkrow|Honchkrow, F|100/100
|move|p2a: Snap Pop Crackle|Toxic|p1a: Honchkrow|[miss]
|-miss|p2a: Snap Pop Crackle|p1a: Honchkrow
|
|-weather|RainDance|[upkeep]
|-heal|p2a: Snap Pop Crackle|58/100|[from] item: Leftovers
|upkeep
|turn|9
|
|t:|1744874136
|move|p1a: Honchkrow|Brave Bird|p2a: Snap Pop Crackle
|-damage|p2a: Snap Pop Crackle|3/100
|-damage|p1a: Honchkrow|83/100|[from] Recoil
|move|p2a: Snap Pop Crackle|Scald|p1a: Honchkrow
|-damage|p1a: Honchkrow|34/100
|
|-weather|RainDance|[upkeep]
|-heal|p2a: Snap Pop Crackle|9/100|[from] item: Leftovers
|upkeep
|turn|10
|
|t:|1744874147
|move|p1a: Honchkrow|Brave Bird|p2a: Snap Pop Crackle
|-damage|p2a: Snap Pop Crackle|0 fnt
|faint|p2a: Snap Pop Crackle
|-damage|p1a: Honchkrow|31/100|[from] Recoil
|
|-weather|RainDance|[upkeep]
|upkeep
|
|t:|1744874150
|switch|p2a: Little Z|Landorus-Therian, M|100/100
|-ability|p2a: Little Z|Intimidate|boost
|-unboost|p1a: Honchkrow|atk|1
|turn|11
|
|t:|1744874153
|move|p1a: Honchkrow|Sucker Punch|p2a: Little Z
|-damage|p2a: Little Z|61/100
|move|p2a: Little Z|U-turn|p1a: Honchkrow
|-damage|p1a: Honchkrow|0 fnt
|faint|p1a: Honchkrow
|
|t:|1744874156
|switch|p2a: MatPat|Tornadus, M|82/100|[from] U-turn
|
|-weather|RainDance|[upkeep]
|-heal|p2a: MatPat|88/100|[from] item: Leftovers
|upkeep
|
|t:|1744874159
|switch|p1a: Terrakion|Terrakion|100/100
|turn|12
|
|t:|1744874164
|switch|p2a: Little Z|Landorus-Therian, M|61/100
|-ability|p2a: Little Z|Intimidate|boost
|-unboost|p1a: Terrakion|atk|1
|move|p1a: Terrakion|Stone Edge|p2a: Little Z
|-damage|p2a: Little Z|22/100
|
|-weather|RainDance|[upkeep]
|upkeep
|turn|13
|
|t:|1744874171
|switch|p1a: Conkeldurr|Conkeldurr, M|92/100
|move|p2a: Little Z|Earthquake|p1a: Conkeldurr
|-damage|p1a: Conkeldurr|51/100
|
|-weather|RainDance|[upkeep]
|upkeep
|turn|14
|
|t:|1744874177
|move|p2a: Little Z|Earthquake|p1a: Conkeldurr
|-damage|p1a: Conkeldurr|10/100
|move|p1a: Conkeldurr|Drain Punch|p2a: Little Z
|-resisted|p2a: Little Z
|-damage|p2a: Little Z|2/100
|-heal|p1a: Conkeldurr|20/100|[from] drain|[of] p2a: Little Z
|
|-weather|RainDance|[upkeep]
|upkeep
|turn|15
|
|t:|1744874184
|switch|p2a: Splatoon|Tentacruel, M|100/100
|move|p1a: Conkeldurr|Mach Punch|p2a: Splatoon
|-resisted|p2a: Splatoon
|-damage|p2a: Splatoon|88/100
|
|-weather|RainDance|[upkeep]
|-heal|p2a: Splatoon|94/100|[from] ability: Rain Dish
|-heal|p2a: Splatoon|99/100|[from] item: Black Sludge
|upkeep
|turn|16
|
|t:|1744874189
|move|p2a: Splatoon|Scald|p1a: Conkeldurr
|-damage|p1a: Conkeldurr|0 fnt
|faint|p1a: Conkeldurr
|
|-weather|RainDance|[upkeep]
|-heal|p2a: Splatoon|100/100|[from] ability: Rain Dish
|upkeep
|
|t:|1744874193
|switch|p1a: Breloom|Breloom, F|100/100
|turn|17
|
|t:|1744874196
|move|p2a: Splatoon|Toxic|p1a: Breloom
|-status|p1a: Breloom|tox
|move|p1a: Breloom|Bullet Seed|p2a: Splatoon
|-damage|p2a: Splatoon|75/100
|-damage|p2a: Splatoon|49/100
|-hitcount|p2a: Splatoon|2
|
|-weather|RainDance|[upkeep]
|-heal|p2a: Splatoon|55/100|[from] ability: Rain Dish
|-heal|p2a: Splatoon|61/100|[from] item: Black Sludge
|-damage|p1a: Breloom|94/100 tox|[from] psn
|upkeep
|turn|18
|
|t:|1744874204
|move|p2a: Splatoon|Protect|p2a: Splatoon
|-singleturn|p2a: Splatoon|Protect
|move|p1a: Breloom|Bullet Seed|p2a: Splatoon
|-activate|p2a: Splatoon|move: Protect
|
|-weather|RainDance|[upkeep]
|-heal|p2a: Splatoon|68/100|[from] ability: Rain Dish
|-heal|p2a: Splatoon|74/100|[from] item: Black Sludge
|-damage|p1a: Breloom|82/100 tox|[from] psn
|upkeep
|turn|19
|
|t:|1744874209
|move|p2a: Splatoon|Scald|p1a: Breloom
|-resisted|p1a: Breloom
|-crit|p1a: Breloom
|-damage|p1a: Breloom|9/100 tox
|move|p1a: Breloom|Bullet Seed|p2a: Splatoon
|-damage|p2a: Splatoon|48/100
|-damage|p2a: Splatoon|21/100
|-damage|p2a: Splatoon|0 fnt
|faint|p2a: Splatoon
|-hitcount|p2: Splatoon|3
|
|-weather|RainDance|[upkeep]
|-damage|p1a: Breloom|0 fnt|[from] psn
|faint|p1a: Breloom
|upkeep
|
|t:|1744874221
|switch|p2a: Basement Dweller|Ferrothorn, M, shiny|100/100
|switch|p1a: Terrakion|Terrakion|100/100
|turn|20
|
|t:|1744874228
|move|p1a: Terrakion|Close Combat|p2a: Basement Dweller
|-supereffective|p2a: Basement Dweller
|-damage|p2a: Basement Dweller|14/100
|-unboost|p1a: Terrakion|def|1
|-unboost|p1a: Terrakion|spd|1
|-damage|p1a: Terrakion|88/100|[from] ability: Iron Barbs|[of] p2a: Basement Dweller
|move|p2a: Basement Dweller|Power Whip|p1a: Terrakion
|-supereffective|p1a: Terrakion
|-damage|p1a: Terrakion|0 fnt
|faint|p1a: Terrakion
|
|-weather|RainDance|[upkeep]
|-heal|p2a: Basement Dweller|20/100|[from] item: Leftovers
|upkeep
|
|t:|1744874237
|switch|p1a: Keldeo|Keldeo-Resolute|100/100
|turn|21
|
|t:|1744874239
|move|p1a: Keldeo|Secret Sword|p2a: Basement Dweller
|-supereffective|p2a: Basement Dweller
|-damage|p2a: Basement Dweller|0 fnt
|faint|p2a: Basement Dweller
|
|-weather|RainDance|[upkeep]
|upkeep
|-message|spliffdiff forfeited.
|
|win|benjies
|raw|spliffdiff's rating: 1392 &rarr; <strong>1379</strong><br />(-13 for losing)
|raw|benjies's rating: 1510 &rarr; <strong>1523</strong><br />(+13 for winning)
|l|☆spliffdiff
|player|p1|
