|j|☆Dababy's Hitman
|j|☆Blossummm
|t:|1715043418
|gametype|singles
|player|p1|Dababy's Hitman|blue-gen2|1258
|player|p2|Blossummm|roxie|1463
|teamsize|p1|6
|teamsize|p2|6
|gen|5
|tier|[Gen 5] OU
|rated|
|rule|Species Clause: Limit one of each Pokémon
|rule|OHKO Clause: OHKO moves are banned
|rule|Moody Clause: Moody is banned
|rule|Evasion Items Clause: Evasion items are banned
|rule|Evasion Moves Clause: Evasion moves are banned
|rule|Endless Battle Clause: Forcing endless battles is banned
|rule|HP Percentage Mod: HP is shown in percentages
|rule|Evasion Abilities Clause: Evasion abilities are banned
|rule|Sleep Moves Clause: Sleep-inducing moves are banned
|rule|Swagger Clause: Swagger is banned
|rule|Baton Pass Stat Clause: No Baton Passer may have a way to boost its stats
|clearpoke
|poke|p1|Tyranitar, M|item
|poke|p1|Rotom-Wash|item
|poke|p1|Landorus-Therian, M|item
|poke|p1|Terrakion|item
|poke|p1|Excadrill, M|item
|poke|p1|Celebi|item
|poke|p2|Tyranitar, F|item
|poke|p2|Alakazam, F|item
|poke|p2|Latios, M|item
|poke|p2|Ferrothorn, F|item
|poke|p2|Keldeo|item
|poke|p2|Landorus-Therian, M|item
|teampreview
|inactive|Battle timer is ON: inactive players will automatically lose when time's up. (requested by Blossummm)
|
|t:|1715043451
|start
|switch|p1a: Rotom|Rotom-Wash|100/100
|switch|p2a: Ferrothorn|Ferrothorn, F|100/100
|turn|1
|
|t:|1715043460
|move|p1a: Rotom|Volt Switch|p2a: Ferrothorn
|-resisted|p2a: Ferrothorn
|-damage|p2a: Ferrothorn|91/100
|
|t:|1715043463
|switch|p1a: Celebi|Celebi|100/100|[from] Volt Switch
|move|p2a: Ferrothorn|Power Whip|p1a: Celebi
|-resisted|p1a: Celebi
|-damage|p1a: Celebi|85/100
|
|-heal|p1a: Celebi|91/100|[from] item: Leftovers
|upkeep
|turn|2
|
|t:|1715043467
|move|p1a: Celebi|Substitute|p1a: Celebi
|-start|p1a: Celebi|Substitute
|-damage|p1a: Celebi|67/100
|move|p2a: Ferrothorn|Spikes|p1a: Celebi
|-sidestart|p1: Dababy's Hitman|Spikes
|
|-heal|p1a: Celebi|73/100|[from] item: Leftovers
|upkeep
|turn|3
|
|t:|1715043472
|move|p1a: Celebi|Baton Pass|p1a: Celebi
|
|t:|1715043475
|switch|p1a: Terrakion|Terrakion|100/100|[from] Baton Pass
|-damage|p1a: Terrakion|88/100|[from] Spikes
|move|p2a: Ferrothorn|Gyro Ball|p1a: Terrakion
|-supereffective|p1a: Terrakion
|-crit|p1a: Terrakion
|-end|p1a: Terrakion|Substitute
|
|upkeep
|turn|4
|
|t:|1715043488
|switch|p2a: Landorus|Landorus-Therian, M|100/100
|-ability|p2a: Landorus|Intimidate|boost
|-unboost|p1a: Terrakion|atk|1
|move|p1a: Terrakion|Close Combat|p2a: Landorus
|-resisted|p2a: Landorus
|-damage|p2a: Landorus|74/100
|-unboost|p1a: Terrakion|def|1
|-unboost|p1a: Terrakion|spd|1
|
|-heal|p2a: Landorus|80/100|[from] item: Leftovers
|upkeep
|turn|5
|
|t:|1715043495
|switch|p1a: Rotom|Rotom-Wash|100/100
|move|p2a: Landorus|Stealth Rock|p1a: Rotom
|-sidestart|p1: Dababy's Hitman|move: Stealth Rock
|
|-heal|p2a: Landorus|86/100|[from] item: Leftovers
|upkeep
|turn|6
|
|t:|1715043506
|switch|p2a: Keldeo|Keldeo|100/100
|move|p1a: Rotom|Will-O-Wisp|p2a: Keldeo
|-status|p2a: Keldeo|brn
|
|-damage|p2a: Keldeo|88/100 brn|[from] brn
|upkeep
|turn|7
|
|t:|1715043526
|switch|p1a: Celebi|Celebi|73/100
|-damage|p1a: Celebi|60/100|[from] Spikes
|-damage|p1a: Celebi|48/100|[from] Stealth Rock
|move|p2a: Keldeo|Hidden Power|p1a: Celebi
|-resisted|p1a: Celebi
|-damage|p1a: Celebi|41/100
|
|-heal|p2a: Keldeo|94/100 brn|[from] item: Leftovers
|-heal|p1a: Celebi|47/100|[from] item: Leftovers
|-damage|p2a: Keldeo|82/100 brn|[from] brn
|upkeep
|turn|8
|
|t:|1715043543
|move|p2a: Keldeo|Scald|p1a: Celebi
|-resisted|p1a: Celebi
|-damage|p1a: Celebi|35/100
|-status|p1a: Celebi|brn
|move|p1a: Celebi|Recover|p1a: Celebi
|-heal|p1a: Celebi|85/100 brn
|
|-heal|p2a: Keldeo|88/100 brn|[from] item: Leftovers
|-heal|p1a: Celebi|91/100 brn|[from] item: Leftovers
|-damage|p2a: Keldeo|76/100 brn|[from] brn
|-damage|p1a: Celebi|79/100 brn|[from] brn
|upkeep
|turn|9
|j| dawn to the dusk
|
|t:|1715043554
|switch|p2a: Tyranitar|Tyranitar, F, shiny|100/100
|-weather|Sandstorm|[from] ability: Sand Stream|[of] p2a: Tyranitar
|move|p1a: Celebi|Substitute|p1a: Celebi
|-start|p1a: Celebi|Substitute
|-damage|p1a: Celebi|54/100 brn
|
|-weather|Sandstorm|[upkeep]
|-damage|p1a: Celebi|48/100 brn|[from] Sandstorm
|-heal|p1a: Celebi|54/100 brn|[from] item: Leftovers
|-damage|p1a: Celebi|41/100 brn|[from] brn
|upkeep
|turn|10
|
|t:|1715043560
|move|p1a: Celebi|Baton Pass|p1a: Celebi
|
|t:|1715043582
|-curestatus|p1a: Celebi|brn|[from] ability: Natural Cure
|switch|p1a: Excadrill|Excadrill, M|100/100|[from] Baton Pass
|-damage|p1a: Excadrill|88/100|[from] Spikes
|-damage|p1a: Excadrill|85/100|[from] Stealth Rock
|move|p2a: Tyranitar|Crunch|p1a: Excadrill
|-resisted|p1a: Excadrill
|-end|p1a: Excadrill|Substitute
|
|-weather|Sandstorm|[upkeep]
|-heal|p1a: Excadrill|91/100|[from] item: Leftovers
|upkeep
|turn|11
|
|t:|1715043599
|switch|p2a: Landorus|Landorus-Therian, M|86/100
|-ability|p2a: Landorus|Intimidate|boost
|-unboost|p1a: Excadrill|atk|1
|move|p1a: Excadrill|Rapid Spin|p2a: Landorus
|-damage|p2a: Landorus|82/100
|-sideend|p1: Dababy's Hitman|Spikes|[from] move: Rapid Spin|[of] p1a: Excadrill
|-sideend|p1: Dababy's Hitman|Stealth Rock|[from] move: Rapid Spin|[of] p1a: Excadrill
|
|-weather|Sandstorm|[upkeep]
|-heal|p2a: Landorus|88/100|[from] item: Leftovers
|-heal|p1a: Excadrill|97/100|[from] item: Leftovers
|upkeep
|turn|12
|
|t:|1715043620
|switch|p1a: Rotom|Rotom-Wash|100/100
|move|p2a: Landorus|Stealth Rock|p1a: Rotom
|-sidestart|p1: Dababy's Hitman|move: Stealth Rock
|
|-weather|Sandstorm|[upkeep]
|-damage|p1a: Rotom|94/100|[from] Sandstorm
|-heal|p2a: Landorus|94/100|[from] item: Leftovers
|-heal|p1a: Rotom|100/100|[from] item: Leftovers
|upkeep
|turn|13
|
|t:|1715043630
|move|p2a: Landorus|U-turn|p1a: Rotom
|-damage|p1a: Rotom|82/100
|
|t:|1715043640
|switch|p2a: Alakazam|Alakazam, F|100/100|[from] U-turn
|move|p1a: Rotom|Volt Switch|p2a: Alakazam
|-damage|p2a: Alakazam|59/100
|
|t:|1715043646
|switch|p1a: Tyranitar|Tyranitar, M|100/100|[from] Volt Switch
|-damage|p1a: Tyranitar|88/100|[from] Stealth Rock
|
|-weather|Sandstorm|[upkeep]
|upkeep
|turn|14
|
|t:|1715043651
|move|p2a: Alakazam|Grass Knot|p1a: Tyranitar
|-supereffective|p1a: Tyranitar
|-damage|p1a: Tyranitar|39/100
|move|p1a: Tyranitar|Pursuit|p2a: Alakazam
|-supereffective|p2a: Alakazam
|-damage|p2a: Alakazam|0 fnt
|faint|p2a: Alakazam
|
|-weather|Sandstorm|[upkeep]
|upkeep
|
|t:|1715043668
|switch|p2a: Landorus|Landorus-Therian, M|94/100
|-ability|p2a: Landorus|Intimidate|boost
|-unboost|p1a: Tyranitar|atk|1
|turn|15
|
|t:|1715043676
|switch|p1a: Rotom|Rotom-Wash|82/100
|-damage|p1a: Rotom|70/100|[from] Stealth Rock
|move|p2a: Landorus|U-turn|p1a: Rotom
|-damage|p1a: Rotom|53/100
|
|t:|1715043683
|switch|p2a: Keldeo|Keldeo|76/100 brn|[from] U-turn
|
|-weather|Sandstorm|[upkeep]
|-damage|p2a: Keldeo|70/100 brn|[from] Sandstorm
|-damage|p1a: Rotom|47/100|[from] Sandstorm
|-heal|p2a: Keldeo|76/100 brn|[from] item: Leftovers
|-heal|p1a: Rotom|53/100|[from] item: Leftovers
|-damage|p2a: Keldeo|63/100 brn|[from] brn
|upkeep
|turn|16
|
|t:|1715043689
|switch|p1a: Landorus|Landorus-Therian, M|100/100
|-damage|p1a: Landorus|88/100|[from] Stealth Rock
|-ability|p1a: Landorus|Intimidate|boost
|-unboost|p2a: Keldeo|atk|1
|move|p2a: Keldeo|Hidden Power|p1a: Landorus
|-damage|p1a: Landorus|57/100
|
|-weather|Sandstorm|[upkeep]
|-damage|p2a: Keldeo|57/100 brn|[from] Sandstorm
|-heal|p2a: Keldeo|63/100 brn|[from] item: Leftovers
|-heal|p1a: Landorus|64/100|[from] item: Leftovers
|-damage|p2a: Keldeo|51/100 brn|[from] brn
|upkeep
|turn|17
|inactive|Dababy's Hitman has 120 seconds left.
|
|t:|1715043721
|switch|p1a: Tyranitar|Tyranitar, M|39/100
|-damage|p1a: Tyranitar|27/100|[from] Stealth Rock
|move|p2a: Keldeo|Scald|p1a: Tyranitar
|-supereffective|p1a: Tyranitar
|-damage|p1a: Tyranitar|0 fnt
|faint|p1a: Tyranitar
|
|-weather|Sandstorm|[upkeep]
|-damage|p2a: Keldeo|45/100 brn|[from] Sandstorm
|-heal|p2a: Keldeo|51/100 brn|[from] item: Leftovers
|-damage|p2a: Keldeo|39/100 brn|[from] brn
|upkeep
|inactive|Dababy's Hitman has 120 seconds left.
|
|t:|1715043736
|switch|p1a: Celebi|Celebi|41/100
|-damage|p1a: Celebi|29/100|[from] Stealth Rock
|turn|18
|
|t:|1715043757
|move|p2a: Keldeo|Secret Sword|p1a: Celebi
|-resisted|p1a: Celebi
|-damage|p1a: Celebi|10/100
|move|p1a: Celebi|Recover|p1a: Celebi
|-heal|p1a: Celebi|61/100
|
|-weather|Sandstorm|[upkeep]
|-damage|p2a: Keldeo|32/100 brn|[from] Sandstorm
|-damage|p1a: Celebi|54/100|[from] Sandstorm
|-heal|p2a: Keldeo|39/100 brn|[from] item: Leftovers
|-heal|p1a: Celebi|61/100|[from] item: Leftovers
|-damage|p2a: Keldeo|26/100 brn|[from] brn
|upkeep
|turn|19
|
|t:|1715043768
|switch|p2a: Ferrothorn|Ferrothorn, F|91/100
|move|p1a: Celebi|Substitute|p1a: Celebi
|-start|p1a: Celebi|Substitute
|-damage|p1a: Celebi|36/100
|
|-weather|Sandstorm|[upkeep]
|-damage|p1a: Celebi|30/100|[from] Sandstorm
|-heal|p1a: Celebi|36/100|[from] item: Leftovers
|upkeep
|turn|20
|
|t:|1715043781
|move|p1a: Celebi|Baton Pass|p1a: Celebi
|
|t:|1715043785
|switch|p1a: Terrakion|Terrakion|88/100|[from] Baton Pass
|-damage|p1a: Terrakion|82/100|[from] Stealth Rock
|move|p2a: Ferrothorn|Gyro Ball|p1a: Terrakion
|-supereffective|p1a: Terrakion
|-end|p1a: Terrakion|Substitute
|
|-weather|Sandstorm|[upkeep]
|upkeep
|turn|21
|
|t:|1715043792
|switch|p1a: Landorus|Landorus-Therian, M|64/100
|-damage|p1a: Landorus|51/100|[from] Stealth Rock
|-ability|p1a: Landorus|Intimidate|boost
|-unboost|p2a: Ferrothorn|atk|1
|switch|p2a: Landorus|Landorus-Therian, M|94/100
|-ability|p2a: Landorus|Intimidate|boost
|-unboost|p1a: Landorus|atk|1
|
|-weather|Sandstorm|[upkeep]
|-heal|p2a: Landorus|100/100|[from] item: Leftovers
|-heal|p1a: Landorus|57/100|[from] item: Leftovers
|upkeep
|turn|22
|
|t:|1715043815
|move|p1a: Landorus|Hidden Power|p2a: Landorus
|-supereffective|p2a: Landorus
|-damage|p2a: Landorus|11/100
|move|p2a: Landorus|Hidden Power|p1a: Landorus
|-supereffective|p1a: Landorus
|-damage|p1a: Landorus|0 fnt
|faint|p1a: Landorus
|
|-weather|Sandstorm|[upkeep]
|-heal|p2a: Landorus|17/100|[from] item: Leftovers
|upkeep
|
|t:|1715043830
|switch|p1a: Terrakion|Terrakion|82/100
|-damage|p1a: Terrakion|76/100|[from] Stealth Rock
|turn|23
|
|t:|1715043842
|move|p1a: Terrakion|Close Combat|p2a: Landorus
|-resisted|p2a: Landorus
|-damage|p2a: Landorus|0 fnt
|-unboost|p1a: Terrakion|def|1
|-unboost|p1a: Terrakion|spd|1
|faint|p2a: Landorus
|
|-weather|Sandstorm|[upkeep]
|upkeep
|
|t:|1715043861
|switch|p2a: Latios|Latios, M|100/100
|turn|24
|
|t:|1715043874
|switch|p1a: Rotom|Rotom-Wash|53/100
|-damage|p1a: Rotom|41/100|[from] Stealth Rock
|move|p2a: Latios|Surf|p1a: Rotom
|-resisted|p1a: Rotom
|-damage|p1a: Rotom|25/100
|
|-weather|Sandstorm|[upkeep]
|-damage|p2a: Latios|95/100|[from] Sandstorm
|-damage|p1a: Rotom|18/100|[from] Sandstorm
|-heal|p1a: Rotom|25/100|[from] item: Leftovers
|upkeep
|turn|25
|
|t:|1715043885
|move|p2a: Latios|Surf|p1a: Rotom
|-resisted|p1a: Rotom
|-damage|p1a: Rotom|8/100
|move|p1a: Rotom|Pain Split|p2a: Latios
|-sethp|p2a: Latios|51/100|[from] move: Pain Split|[silent]
|-sethp|p1a: Rotom|51/100|[from] move: Pain Split
|
|-weather|Sandstorm|[upkeep]
|-damage|p2a: Latios|45/100|[from] Sandstorm
|-damage|p1a: Rotom|45/100|[from] Sandstorm
|-heal|p1a: Rotom|51/100|[from] item: Leftovers
|upkeep
|turn|26
|
|t:|1715043900
|switch|p2a: Keldeo|Keldeo|26/100 brn
|move|p1a: Rotom|Hydro Pump|p2a: Keldeo
|-resisted|p2a: Keldeo
|-damage|p2a: Keldeo|4/100 brn
|
|-weather|Sandstorm|[upkeep]
|-damage|p2a: Keldeo|0 fnt|[from] Sandstorm
|-damage|p1a: Rotom|45/100|[from] Sandstorm
|faint|p2a: Keldeo
|-heal|p1a: Rotom|51/100|[from] item: Leftovers
|upkeep
|
|t:|1715043910
|switch|p2a: Latios|Latios, M|45/100
|turn|27
|
|t:|1715043920
|switch|p1a: Excadrill|Excadrill, M|97/100
|-damage|p1a: Excadrill|94/100|[from] Stealth Rock
|move|p2a: Latios|Draco Meteor|p1a: Excadrill
|-resisted|p1a: Excadrill
|-damage|p1a: Excadrill|54/100
|-unboost|p2a: Latios|spa|2
|
|-weather|Sandstorm|[upkeep]
|-damage|p2a: Latios|39/100|[from] Sandstorm
|-heal|p1a: Excadrill|60/100|[from] item: Leftovers
|upkeep
|turn|28
|
|t:|1715043929
|switch|p2a: Ferrothorn|Ferrothorn, F|91/100
|move|p1a: Excadrill|Rapid Spin|p2a: Ferrothorn
|-resisted|p2a: Ferrothorn
|-damage|p2a: Ferrothorn|89/100
|-damage|p1a: Excadrill|48/100|[from] ability: Iron Barbs|[of] p2a: Ferrothorn
|-sideend|p1: Dababy's Hitman|Stealth Rock|[from] move: Rapid Spin|[of] p1a: Excadrill
|
|-weather|Sandstorm|[upkeep]
|-heal|p1a: Excadrill|54/100|[from] item: Leftovers
|upkeep
|turn|29
|
|t:|1715043945
|move|p1a: Excadrill|Earthquake|p2a: Ferrothorn
|-damage|p2a: Ferrothorn|44/100
|move|p2a: Ferrothorn|Power Whip|p1a: Excadrill
|-crit|p1a: Excadrill
|-damage|p1a: Excadrill|0 fnt
|faint|p1a: Excadrill
|
|-weather|Sandstorm|[upkeep]
|upkeep
|
|t:|1715043952
|switch|p1a: Terrakion|Terrakion|76/100
|turn|30
|inactive|Blossummm has 120 seconds left.
|
|t:|1715044009
|move|p1a: Terrakion|Close Combat|p2a: Ferrothorn
|-supereffective|p2a: Ferrothorn
|-damage|p2a: Ferrothorn|0 fnt
|-unboost|p1a: Terrakion|def|1
|-unboost|p1a: Terrakion|spd|1
|-damage|p1a: Terrakion|63/100|[from] ability: Iron Barbs|[of] p2a: Ferrothorn
|faint|p2a: Ferrothorn
|
|-weather|Sandstorm|[upkeep]
|upkeep
|
|t:|1715044012
|switch|p2a: Latios|Latios, M|39/100
|turn|31
|
|t:|1715044031
|switch|p1a: Celebi|Celebi|36/100
|move|p2a: Latios|Dragon Pulse|p1a: Celebi
|-damage|p1a: Celebi|6/100
|
|-weather|Sandstorm|[upkeep]
|-damage|p2a: Latios|33/100|[from] Sandstorm
|-damage|p1a: Celebi|0 fnt|[from] Sandstorm
|faint|p1a: Celebi
|upkeep
|inactive|Dababy's Hitman has 120 seconds left.
|
|t:|1715044056
|switch|p1a: Terrakion|Terrakion|63/100
|turn|32
|
|t:|1715044072
|move|p2a: Latios|Dragon Pulse|p1a: Terrakion
|-damage|p1a: Terrakion|30/100
|move|p1a: Terrakion|Close Combat|p2a: Latios
|-resisted|p2a: Latios
|-damage|p2a: Latios|0 fnt
|-unboost|p1a: Terrakion|def|1
|-unboost|p1a: Terrakion|spd|1
|faint|p2a: Latios
|
|-weather|Sandstorm|[upkeep]
|upkeep
|
|t:|1715044077
|switch|p2a: Tyranitar|Tyranitar, F, shiny|100/100
|turn|33
|inactive|Blossummm has 90 seconds left.
|
|t:|1715044108
|switch|p1a: Rotom|Rotom-Wash|51/100
|move|p2a: Tyranitar|Fire Blast|p1a: Rotom
|-resisted|p1a: Rotom
|-damage|p1a: Rotom|37/100
|
|-weather|Sandstorm|[upkeep]
|-damage|p1a: Rotom|31/100|[from] Sandstorm
|-heal|p1a: Rotom|37/100|[from] item: Leftovers
|upkeep
|turn|34
|
|t:|1715044116
|move|p1a: Rotom|Pain Split|p2a: Tyranitar
|-sethp|p2a: Tyranitar|64/100|[from] move: Pain Split|[silent]
|-sethp|p1a: Rotom|85/100|[from] move: Pain Split
|move|p2a: Tyranitar|Crunch|p1a: Rotom
|-crit|p1a: Rotom
|-damage|p1a: Rotom|20/100
|
|-weather|Sandstorm|[upkeep]
|-damage|p1a: Rotom|13/100|[from] Sandstorm
|-heal|p1a: Rotom|20/100|[from] item: Leftovers
|upkeep
|turn|35
|
|t:|1715044125
|move|p1a: Rotom|Pain Split|p2a: Tyranitar
|-sethp|p2a: Tyranitar|39/100|[from] move: Pain Split|[silent]
|-sethp|p1a: Rotom|52/100|[from] move: Pain Split
|move|p2a: Tyranitar|Thunder Wave|p1a: Rotom
|-status|p1a: Rotom|par
|
|-weather|Sandstorm|[upkeep]
|-damage|p1a: Rotom|46/100 par|[from] Sandstorm
|-heal|p1a: Rotom|52/100 par|[from] item: Leftovers
|upkeep
|turn|36
|
|t:|1715044130
|move|p2a: Tyranitar|Crunch|p1a: Rotom
|-damage|p1a: Rotom|19/100 par
|cant|p1a: Rotom|par
|
|-weather|Sandstorm|[upkeep]
|-damage|p1a: Rotom|12/100 par|[from] Sandstorm
|-heal|p1a: Rotom|19/100 par|[from] item: Leftovers
|upkeep
|turn|37
|
|t:|1715044135
|move|p2a: Tyranitar|Crunch|p1a: Rotom
|-crit|p1a: Rotom
|-damage|p1a: Rotom|0 fnt
|faint|p1a: Rotom
|
|-weather|Sandstorm|[upkeep]
|upkeep
|
|t:|1715044142
|switch|p1a: Terrakion|Terrakion|30/100
|turn|38
|
|t:|1715044145
|move|p1a: Terrakion|Close Combat|p2a: Tyranitar
|-supereffective|p2a: Tyranitar
|-crit|p2a: Tyranitar
|-enditem|p2a: Tyranitar|Chople Berry|[eat]
|-enditem|p2a: Tyranitar|Chople Berry|[weaken]
|-damage|p2a: Tyranitar|0 fnt
|-unboost|p1a: Terrakion|def|1
|-unboost|p1a: Terrakion|spd|1
|faint|p2a: Tyranitar
|
|win|Dababy's Hitman
|raw|Dababy&apos;s Hitman's rating: 1258 &rarr; <strong>1296</strong><br />(+38 for winning)
|raw|Blossummm's rating: 1463 &rarr; <strong>1432</strong><br />(-31 for losing)
|c|☆Dababy's Hitman|Gg
|c|☆Dababy's Hitman|Mario btw :)
