|j|☆XaviBun
|j|☆574rm4n
|t:|1717986301
|gametype|singles
|player|p1|XaviBun|youngcouple-gen4dp|1301
|player|p2|574rm4n|lance-gen3|1542
|teamsize|p1|6
|teamsize|p2|6
|gen|5
|tier|[Gen 5] OU
|rated|
|rule|Species Clause: Limit one of each Pokémon
|rule|OHKO Clause: OHKO moves are banned
|rule|Moody Clause: Moody is banned
|rule|Evasion Items Clause: Evasion items are banned
|rule|Evasion Moves Clause: Evasion moves are banned
|rule|Endless Battle Clause: Forcing endless battles is banned
|rule|HP Percentage Mod: HP is shown in percentages
|rule|Evasion Abilities Clause: Evasion abilities are banned
|rule|Sleep Moves Clause: Sleep-inducing moves are banned
|rule|Swagger Clause: Swagger is banned
|rule|Baton Pass Stat Clause: No Baton Passer may have a way to boost its stats
|clearpoke
|poke|p1|Tyranitar, F|item
|poke|p1|Mamoswine, F|item
|poke|p1|Keldeo|item
|poke|p1|Amoonguss, M|item
|poke|p1|Gliscor, M|item
|poke|p1|Excadrill, M|item
|poke|p2|Landorus-Therian, M|item
|poke|p2|Rotom-Wash|item
|poke|p2|Tyranitar, F|item
|poke|p2|Keldeo-Resolute|item
|poke|p2|Celebi|item
|poke|p2|Excadrill, M|item
|teampreview
|inactive|Battle timer is ON: inactive players will automatically lose when time's up. (requested by XaviBun)
|inactive|574rm4n has 120 seconds left.
|c|☆574rm4n|hf
|
|t:|1717986358
|start
|switch|p1a: Gliscor|Gliscor, M|100/100
|switch|p2a: good morning cap|Rotom-Wash|100/100
|turn|1
|
|t:|1717986363
|switch|p2a: light my fire|Keldeo-Resolute|100/100
|move|p1a: Gliscor|Protect||[still]
|-fail|p1a: Gliscor
|
|-status|p1a: Gliscor|tox|[from] item: Toxic Orb
|upkeep
|turn|2
|
|t:|1717986374
|switch|p1a: Amoonguss|Amoonguss, M|100/100
|move|p2a: light my fire|Scald|p1a: Amoonguss
|-resisted|p1a: Amoonguss
|-damage|p1a: Amoonguss|88/100
|-status|p1a: Amoonguss|brn
|
|-heal|p1a: Amoonguss|94/100 brn|[from] item: Black Sludge
|-damage|p1a: Amoonguss|81/100 brn|[from] brn
|upkeep
|turn|3
|j| chomp29
|inactive|574rm4n has 120 seconds left.
|
|t:|1717986412
|switch|p2a: Sparkys dream|Tyranitar, F|100/100
|-weather|Sandstorm|[from] ability: Sand Stream|[of] p2a: Sparkys dream
|move|p1a: Amoonguss|Stun Spore|p2a: Sparkys dream
|-status|p2a: Sparkys dream|par
|
|-weather|Sandstorm|[upkeep]
|-damage|p1a: Amoonguss|75/100 brn|[from] Sandstorm
|-heal|p1a: Amoonguss|81/100 brn|[from] item: Black Sludge
|-damage|p1a: Amoonguss|69/100 brn|[from] brn
|upkeep
|turn|4
|inactive|574rm4n has 120 seconds left.
|inactive|XaviBun has 120 seconds left.
|
|t:|1717986448
|move|p1a: Amoonguss|Giga Drain|p2a: Sparkys dream
|-supereffective|p2a: Sparkys dream
|-damage|p2a: Sparkys dream|81/100 par
|-heal|p1a: Amoonguss|78/100 brn|[from] drain|[of] p2a: Sparkys dream
|move|p2a: Sparkys dream|Stealth Rock|p1a: Amoonguss
|-sidestart|p1: XaviBun|move: Stealth Rock
|
|-weather|Sandstorm|[upkeep]
|-damage|p1a: Amoonguss|72/100 brn|[from] Sandstorm
|-heal|p1a: Amoonguss|78/100 brn|[from] item: Black Sludge
|-damage|p1a: Amoonguss|66/100 brn|[from] brn
|upkeep
|turn|5
|inactive|574rm4n has 120 seconds left.
|
|t:|1717986458
|-activate|p1a: Amoonguss|move: Pursuit
|move|p2a: Sparkys dream|Pursuit|p1a: Amoonguss|[from]Pursuit
|-damage|p1a: Amoonguss|24/100 brn
|switch|p1a: Gliscor|Gliscor, M|100/100 tox
|-damage|p1a: Gliscor|88/100 tox|[from] Stealth Rock
|
|-weather|Sandstorm|[upkeep]
|-heal|p1a: Gliscor|100/100 tox|[from] ability: Poison Heal
|upkeep
|turn|6
|
|t:|1717986468
|switch|p2a: Harvest moon|Landorus-Therian, M, shiny|100/100
|-ability|p2a: Harvest moon|Intimidate|boost
|-unboost|p1a: Gliscor|atk|1
|move|p1a: Gliscor|Earthquake|p2a: Harvest moon
|-immune|p2a: Harvest moon
|
|-weather|Sandstorm|[upkeep]
|upkeep
|turn|7
|
|t:|1717986479
|move|p2a: Harvest moon|Hidden Power|p1a: Gliscor
|-supereffective|p1a: Gliscor
|-damage|p1a: Gliscor|39/100 tox
|move|p1a: Gliscor|U-turn|p2a: Harvest moon
|-resisted|p2a: Harvest moon
|-damage|p2a: Harvest moon|95/100
|
|t:|1717986486
|switch|p1a: Excadrill|Excadrill, M|100/100|[from] U-turn
|-damage|p1a: Excadrill|97/100|[from] Stealth Rock
|
|-weather|Sandstorm|[upkeep]
|-heal|p1a: Excadrill|100/100|[from] item: Leftovers
|upkeep
|turn|8
|inactive|574rm4n has 120 seconds left.
|
|t:|1717986511
|move|p2a: Harvest moon|Hidden Power|p1a: Excadrill
|-damage|p1a: Excadrill|81/100
|move|p1a: Excadrill|Rapid Spin|p2a: Harvest moon
|-damage|p2a: Harvest moon|88/100
|-sideend|p1: XaviBun|Stealth Rock|[from] move: Rapid Spin|[of] p1a: Excadrill
|
|-weather|Sandstorm|[upkeep]
|-heal|p1a: Excadrill|87/100|[from] item: Leftovers
|upkeep
|turn|9
|inactive|574rm4n has 120 seconds left.
|
|t:|1717986549
|switch|p2a: good morning cap|Rotom-Wash|100/100
|switch|p1a: Amoonguss|Amoonguss, M|57/100 brn
|
|-weather|Sandstorm|[upkeep]
|-damage|p2a: good morning cap|94/100|[from] Sandstorm
|-damage|p1a: Amoonguss|51/100 brn|[from] Sandstorm
|-heal|p2a: good morning cap|100/100|[from] item: Leftovers
|-heal|p1a: Amoonguss|57/100 brn|[from] item: Black Sludge
|-damage|p1a: Amoonguss|45/100 brn|[from] brn
|upkeep
|turn|10
|
|t:|1717986563
|move|p2a: good morning cap|Volt Switch|p1a: Amoonguss
|-resisted|p1a: Amoonguss
|-damage|p1a: Amoonguss|36/100 brn
|
|t:|1717986570
|switch|p2a: Indian summer|Celebi|100/100|[from] Volt Switch
|move|p1a: Amoonguss|Giga Drain|p2a: Indian summer
|-resisted|p2a: Indian summer
|-damage|p2a: Indian summer|94/100
|-heal|p1a: Amoonguss|39/100 brn|[from] drain|[of] p2a: Indian summer
|
|-weather|Sandstorm|[upkeep]
|-damage|p2a: Indian summer|87/100|[from] Sandstorm
|-damage|p1a: Amoonguss|33/100 brn|[from] Sandstorm
|-heal|p2a: Indian summer|94/100|[from] item: Leftovers
|-heal|p1a: Amoonguss|39/100 brn|[from] item: Black Sludge
|-damage|p1a: Amoonguss|27/100 brn|[from] brn
|upkeep
|turn|11
|
|t:|1717986588
|switch|p1a: Mamoswine|Mamoswine, F|100/100
|move|p2a: Indian summer|Baton Pass|p2a: Indian summer
|inactive|574rm4n has 90 seconds left.
|
|t:|1717986602
|switch|p2a: emergency and i|Excadrill, M|100/100|[from] Baton Pass
|
|-weather|Sandstorm|[upkeep]
|upkeep
|turn|12
|j| justin trosper
|inactive|XaviBun has 90 seconds left.
|
|t:|1717986627
|move|p2a: emergency and i|Iron Head|p1a: Mamoswine
|-supereffective|p1a: Mamoswine
|-damage|p1a: Mamoswine|0 fnt
|faint|p1a: Mamoswine
|
|-weather|Sandstorm|[upkeep]
|upkeep
|inactive|XaviBun has 90 seconds left.
|
|t:|1717986633
|switch|p1a: Gliscor|Gliscor, M|39/100 tox
|turn|13
|
|t:|1717986637
|move|p1a: Gliscor|Protect|p1a: Gliscor
|-singleturn|p1a: Gliscor|Protect
|move|p2a: emergency and i|Iron Head|p1a: Gliscor
|-activate|p1a: Gliscor|move: Protect
|
|-weather|Sandstorm|[upkeep]
|-heal|p1a: Gliscor|52/100 tox|[from] ability: Poison Heal
|upkeep
|turn|14
|
|t:|1717986644
|move|p2a: emergency and i|Swords Dance|p2a: emergency and i
|-boost|p2a: emergency and i|atk|2
|move|p1a: Gliscor|Earthquake|p2a: emergency and i
|-supereffective|p2a: emergency and i
|-damage|p2a: emergency and i|13/100
|
|-weather|Sandstorm|[upkeep]
|-heal|p2a: emergency and i|19/100|[from] item: Leftovers
|-heal|p1a: Gliscor|64/100 tox|[from] ability: Poison Heal
|upkeep
|turn|15
|
|t:|1717986653
|move|p2a: emergency and i|Iron Head|p1a: Gliscor
|-damage|p1a: Gliscor|0 fnt
|faint|p1a: Gliscor
|
|-weather|Sandstorm|[upkeep]
|-heal|p2a: emergency and i|25/100|[from] item: Leftovers
|upkeep
|-message|XaviBun forfeited.
|
|win|574rm4n
|raw|XaviBun's rating: 1301 &rarr; <strong>1293</strong><br />(-8 for losing)
|raw|574rm4n's rating: 1542 &rarr; <strong>1550</strong><br />(+8 for winning)
|l|☆XaviBun
|player|p1|
