|j|☆Blossummm
|j|☆leoperi99
|t:|1716409569
|gametype|singles
|player|p1|Blossummm|roxie|1411
|player|p2|leoperi99|morty-gen2|1550
|teamsize|p1|6
|teamsize|p2|6
|gen|5
|tier|[Gen 5] OU
|rated|
|rule|Species Clause: Limit one of each Pokémon
|rule|OHKO Clause: OHKO moves are banned
|rule|Moody Clause: Moody is banned
|rule|Evasion Items Clause: Evasion items are banned
|rule|Evasion Moves Clause: Evasion moves are banned
|rule|Endless Battle Clause: Forcing endless battles is banned
|rule|HP Percentage Mod: HP is shown in percentages
|rule|Evasion Abilities Clause: Evasion abilities are banned
|rule|Sleep Moves Clause: Sleep-inducing moves are banned
|rule|Swagger Clause: Swagger is banned
|rule|Baton Pass Stat Clause: No Baton Passer may have a way to boost its stats
|clearpoke
|poke|p1|Tyranitar, F|item
|poke|p1|Alakazam, F|item
|poke|p1|Latios, M|item
|poke|p1|Ferrothorn, F|item
|poke|p1|Keldeo|item
|poke|p1|Landorus-Therian, M|item
|poke|p2|Abomasnow, M|item
|poke|p2|Gliscor, F|item
|poke|p2|Kyurem|item
|poke|p2|Starmie|item
|poke|p2|Skarmory, M|item
|poke|p2|Latios, M|item
|teampreview
|inactive|Battle timer is ON: inactive players will automatically lose when time's up. (requested by Blossummm)
|inactive|leoperi99 has 120 seconds left.
|
|t:|1716409620
|start
|switch|p1a: Keldeo|Keldeo|100/100
|switch|p2a: Gliscor|Gliscor, F|100/100
|turn|1
|
|t:|1716409633
|move|p2a: Gliscor|Protect|p2a: Gliscor
|-singleturn|p2a: Gliscor|Protect
|move|p1a: Keldeo|Scald|p2a: Gliscor
|-activate|p2a: Gliscor|move: Protect
|
|-status|p2a: Gliscor|tox|[from] item: Toxic Orb
|upkeep
|turn|2
|inactive|leoperi99 has 120 seconds left.
|
|t:|1716409671
|move|p1a: Keldeo|Scald|p2a: Gliscor
|-supereffective|p2a: Gliscor
|-damage|p2a: Gliscor|8/100 tox
|move|p2a: Gliscor|Stealth Rock|p1a: Keldeo
|-sidestart|p1: Blossummm|move: Stealth Rock
|
|-heal|p2a: Gliscor|21/100 tox|[from] ability: Poison Heal
|upkeep
|turn|3
|
|t:|1716409680
|move|p2a: Gliscor|Protect|p2a: Gliscor
|-singleturn|p2a: Gliscor|Protect
|move|p1a: Keldeo|Scald|p2a: Gliscor
|-activate|p2a: Gliscor|move: Protect
|
|-heal|p2a: Gliscor|33/100 tox|[from] ability: Poison Heal
|upkeep
|turn|4
|
|t:|1716409688
|switch|p2a: Starmie|Starmie|100/100
|move|p1a: Keldeo|Hidden Power|p2a: Starmie
|-supereffective|p2a: Starmie
|-crit|p2a: Starmie
|-damage|p2a: Starmie|0 fnt
|faint|p2a: Starmie
|
|upkeep
|
|t:|1716409698
|switch|p2a: Latios but cooler|Kyurem, shiny|100/100
|-ability|p2a: Latios but cooler|Pressure
|turn|5
|
|t:|1716409704
|move|p1a: Keldeo|Secret Sword|p2a: Latios but cooler
|-supereffective|p2a: Latios but cooler
|-damage|p2a: Latios but cooler|19/100
|move|p2a: Latios but cooler|Draco Meteor|p1a: Keldeo
|-damage|p1a: Keldeo|0 fnt
|-unboost|p2a: Latios but cooler|spa|2
|faint|p1a: Keldeo
|
|upkeep
|inactive|Blossummm has 120 seconds left.
|
|t:|1716409735
|switch|p1a: Ferrothorn|Ferrothorn, F|100/100
|-damage|p1a: Ferrothorn|95/100|[from] Stealth Rock
|turn|6
|
|t:|1716409745
|switch|p2a: Abomasnow|Abomasnow, M, shiny|100/100
|-weather|Hail|[from] ability: Snow Warning|[of] p2a: Abomasnow
|move|p1a: Ferrothorn|Spikes|p2a: Abomasnow
|-sidestart|p2: leoperi99|Spikes
|
|-weather|Hail|[upkeep]
|-damage|p1a: Ferrothorn|89/100|[from] Hail
|upkeep
|turn|7
|
|t:|1716409749
|move|p2a: Abomasnow|Blizzard|p1a: Ferrothorn
|-damage|p1a: Ferrothorn|53/100
|move|p1a: Ferrothorn|Gyro Ball|p2a: Abomasnow
|-supereffective|p2a: Abomasnow
|-damage|p2a: Abomasnow|20/100
|
|-weather|Hail|[upkeep]
|-damage|p1a: Ferrothorn|47/100|[from] Hail
|-heal|p2a: Abomasnow|27/100|[from] item: Leftovers
|upkeep
|turn|8
|
|t:|1716409754
|move|p2a: Abomasnow|Blizzard|p1a: Ferrothorn
|-damage|p1a: Ferrothorn|10/100
|-status|p1a: Ferrothorn|frz
|cant|p1a: Ferrothorn|frz
|
|-weather|Hail|[upkeep]
|-damage|p1a: Ferrothorn|4/100 frz|[from] Hail
|-heal|p2a: Abomasnow|33/100|[from] item: Leftovers
|upkeep
|turn|9
|
|t:|1716409760
|move|p2a: Abomasnow|Giga Drain|p1a: Ferrothorn
|-resisted|p1a: Ferrothorn
|-damage|p1a: Ferrothorn|0 fnt
|-heal|p2a: Abomasnow|35/100|[from] drain|[of] p1a: Ferrothorn
|faint|p1a: Ferrothorn
|
|-weather|Hail|[upkeep]
|-heal|p2a: Abomasnow|41/100|[from] item: Leftovers
|upkeep
|
|t:|1716409779
|switch|p1a: Alakazam|Alakazam, F|100/100
|turn|10
|
|t:|1716409788
|move|p2a: Abomasnow|Protect|p2a: Abomasnow
|-singleturn|p2a: Abomasnow|Protect
|move|p1a: Alakazam|Hidden Power|p2a: Abomasnow
|-activate|p2a: Abomasnow|move: Protect
|
|-weather|Hail|[upkeep]
|-heal|p2a: Abomasnow|47/100|[from] item: Leftovers
|upkeep
|turn|11
|
|t:|1716409801
|move|p1a: Alakazam|Psychic|p2a: Abomasnow
|-damage|p2a: Abomasnow|0 fnt
|faint|p2a: Abomasnow
|
|-weather|Hail|[upkeep]
|upkeep
|
|t:|1716409807
|switch|p2a: Latios|Latios, M|100/100
|turn|12
|
|t:|1716409816
|switch|p1a: Tyranitar|Tyranitar, F, shiny|100/100
|-damage|p1a: Tyranitar|88/100|[from] Stealth Rock
|-weather|Sandstorm|[from] ability: Sand Stream|[of] p1a: Tyranitar
|move|p2a: Latios|Surf|p1a: Tyranitar
|-supereffective|p1a: Tyranitar
|-damage|p1a: Tyranitar|57/100
|
|-weather|Sandstorm|[upkeep]
|-damage|p2a: Latios|95/100|[from] Sandstorm
|upkeep
|turn|13
|
|t:|1716409820
|move|p2a: Latios|Surf|p1a: Tyranitar
|-supereffective|p1a: Tyranitar
|-damage|p1a: Tyranitar|27/100
|move|p1a: Tyranitar|Crunch|p2a: Latios
|-supereffective|p2a: Latios
|-damage|p2a: Latios|0 fnt
|faint|p2a: Latios
|
|-weather|Sandstorm|[upkeep]
|upkeep
|
|t:|1716409823
|switch|p2a: Gliscor|Gliscor, F|33/100 tox
|turn|14
|
|t:|1716409827
|move|p2a: Gliscor|U-turn|p1a: Tyranitar
|-supereffective|p1a: Tyranitar
|-damage|p1a: Tyranitar|2/100
|
|t:|1716409829
|switch|p2a: Skarmory|Skarmory, M|100/100|[from] U-turn
|move|p1a: Tyranitar|Crunch|p2a: Skarmory
|-resisted|p2a: Skarmory
|-damage|p2a: Skarmory|86/100
|-unboost|p2a: Skarmory|def|1
|
|-weather|Sandstorm|[upkeep]
|-heal|p2a: Skarmory|92/100|[from] item: Leftovers
|upkeep
|turn|15
|
|t:|1716409840
|move|p2a: Skarmory|Brave Bird|p1a: Tyranitar
|-resisted|p1a: Tyranitar
|-damage|p1a: Tyranitar|0 fnt
|faint|p1a: Tyranitar
|-damage|p2a: Skarmory|92/100|[from] Recoil
|
|-weather|Sandstorm|[upkeep]
|-heal|p2a: Skarmory|98/100|[from] item: Leftovers
|upkeep
|
|t:|1716409846
|switch|p1a: Latios|Latios, M|100/100
|-damage|p1a: Latios|88/100|[from] Stealth Rock
|turn|16
|
|t:|1716409861
|switch|p2a: Gliscor|Gliscor, F|33/100 tox
|move|p1a: Latios|Surf|p2a: Gliscor
|-supereffective|p2a: Gliscor
|-damage|p2a: Gliscor|0 fnt
|faint|p2a: Gliscor
|
|-weather|Sandstorm|[upkeep]
|-damage|p1a: Latios|82/100|[from] Sandstorm
|upkeep
|
|t:|1716409865
|switch|p2a: Skarmory|Skarmory, M|98/100
|turn|17
|
|t:|1716409869
|switch|p1a: Landorus|Landorus-Therian, M|100/100
|-damage|p1a: Landorus|88/100|[from] Stealth Rock
|-ability|p1a: Landorus|Intimidate|boost
|-unboost|p2a: Skarmory|atk|1
|move|p2a: Skarmory|Brave Bird|p1a: Landorus
|-damage|p1a: Landorus|65/100
|-damage|p2a: Skarmory|90/100|[from] Recoil
|
|-weather|Sandstorm|[upkeep]
|-heal|p1a: Landorus|72/100|[from] item: Leftovers
|-heal|p2a: Skarmory|96/100|[from] item: Leftovers
|upkeep
|turn|18
|
|t:|1716409876
|move|p1a: Landorus|Stealth Rock|p2a: Skarmory
|-sidestart|p2: leoperi99|move: Stealth Rock
|move|p2a: Skarmory|Whirlwind|p1a: Landorus
|drag|p1a: Alakazam|Alakazam, F|100/100
|
|-weather|Sandstorm|[upkeep]
|-heal|p2a: Skarmory|100/100|[from] item: Leftovers
|upkeep
|turn|19
|
|t:|1716409880
|move|p1a: Alakazam|Hidden Power|p2a: Skarmory
|-supereffective|p2a: Skarmory
|-damage|p2a: Skarmory|42/100
|move|p2a: Skarmory|Brave Bird|p1a: Alakazam
|-damage|p1a: Alakazam|49/100
|-damage|p2a: Skarmory|29/100|[from] Recoil
|
|-weather|Sandstorm|[upkeep]
|-heal|p2a: Skarmory|35/100|[from] item: Leftovers
|upkeep
|turn|20
|-message|leoperi99 forfeited.
|
|win|Blossummm
|raw|Blossummm's rating: 1411 &rarr; <strong>1439</strong><br />(+28 for winning)
|raw|leoperi99's rating: 1550 &rarr; <strong>1522</strong><br />(-28 for losing)
|l|☆leoperi99
|player|p2|
