|j|☆doughboy
|j|☆sqdsqf
|player|p1|doughboy|102
|player|p2|sqdsqf|1
|teamsize|p1|6
|teamsize|p2|6
|gametype|singles
|gen|5
|tier|[Gen 5] OU
|rated|
|rule|Sleep Clause Mod: Limit one foe put to sleep
|rule|Species Clause: Limit one of each Pokémon
|rule|OHKO Clause: OHKO moves are banned
|rule|Moody Clause: Moody is banned
|rule|Evasion Moves Clause: Evasion moves are banned
|rule|Endless Battle Clause: Forcing endless battles is banned
|rule|HP Percentage Mod: HP is shown in percentages
|rule|Evasion Abilities Clause: Evasion abilities are banned
|rule|Baton Pass Clause: Limit one Baton Passer, can't pass Spe and other stats simultaneously
|rule|Swagger Clause: Swagger is banned
|clearpoke
|poke|p1|Abomasnow, M|item
|poke|p1|Magnezone|item
|poke|p1|Latios, M|item
|poke|p1|Garchomp, F|item
|poke|p1|Latias, F|item
|poke|p1|Mamoswine, F|item
|poke|p2|Rotom-Wash|item
|poke|p2|Skarmory, M|item
|poke|p2|Gliscor, M|item
|poke|p2|Alakazam, F|item
|poke|p2|Tyranitar, M|item
|poke|p2|Amoonguss, F|item
|teampreview
|raw|<div class="broadcast-red"><strong>This room is now invite only!</strong><br />Users must be rank + or invited with <code>/invite</code> to join</div>
|c|☆sqdsqf|/log sqdsqf set modjoin to +.
|c|☆sqdsqf|/log sqdsqf made this room hidden.
|inactive|Battle timer is ON: inactive players will automatically lose when time's up. (requested by sqdsqf)
|
|start
|switch|p1a: Latias|Latias, F|100/100
|switch|p2a: Gliscor|Gliscor, M|100/100
|turn|1
|
|switch|p2a: Tyranitar|Tyranitar, M|100/100
|-weather|Sandstorm|[from] ability: Sand Stream|[of] p2a: Tyranitar
|move|p1a: Latias|Calm Mind|p1a: Latias
|-boost|p1a: Latias|spa|1
|-boost|p1a: Latias|spd|1
|
|-weather|Sandstorm|[upkeep]
|-damage|p1a: Latias|95/100|[from] Sandstorm
|upkeep
|turn|2
|
|move|p1a: Latias|Dragon Pulse|p2a: Tyranitar
|-damage|p2a: Tyranitar|66/100
|-damage|p1a: Latias|85/100|[from] item: Life Orb
|move|p2a: Tyranitar|Stealth Rock|p1a: Latias
|-sidestart|p1: doughboy|move: Stealth Rock
|
|-weather|Sandstorm|[upkeep]
|-damage|p1a: Latias|79/100|[from] Sandstorm
|upkeep
|turn|3
|
|move|p1a: Latias|Dragon Pulse|p2a: Tyranitar
|-damage|p2a: Tyranitar|28/100
|-damage|p1a: Latias|69/100|[from] item: Life Orb
|move|p2a: Tyranitar|Crunch|p1a: Latias
|-supereffective|p1a: Latias
|-damage|p1a: Latias|0 fnt
|faint|p1a: Latias
|
|-weather|Sandstorm|[upkeep]
|upkeep
|inactive|doughboy has 120 seconds left.
|
|switch|p1a: Mamoswine|Mamoswine, F|100/100
|-damage|p1a: Mamoswine|88/100|[from] Stealth Rock
|turn|4
|
|switch|p2a: Rotom|Rotom-Wash|100/100
|move|p1a: Mamoswine|Stealth Rock|p2a: Rotom
|-sidestart|p2: sqdsqf|move: Stealth Rock
|
|-weather|Sandstorm|[upkeep]
|-damage|p2a: Rotom|95/100|[from] Sandstorm
|-heal|p2a: Rotom|100/100|[from] item: Leftovers
|upkeep
|turn|5
|
|switch|p1a: Latios|Latios, M|100/100
|-damage|p1a: Latios|88/100|[from] Stealth Rock
|move|p2a: Rotom|Will-O-Wisp|p1a: Latios|[miss]
|-miss|p2a: Rotom|p1a: Latios
|
|-weather|Sandstorm|[upkeep]
|-damage|p1a: Latios|82/100|[from] Sandstorm
|-damage|p2a: Rotom|95/100|[from] Sandstorm
|-heal|p2a: Rotom|100/100|[from] item: Leftovers
|upkeep
|turn|6
|
|switch|p2a: Skarmory|Skarmory, M|100/100
|-damage|p2a: Skarmory|88/100|[from] Stealth Rock
|move|p1a: Latios|Draco Meteor|p2a: Skarmory
|-resisted|p2a: Skarmory
|-damage|p2a: Skarmory|9/100
|-unboost|p1a: Latios|spa|2
|
|-weather|Sandstorm|[upkeep]
|-damage|p1a: Latios|76/100|[from] Sandstorm
|upkeep
|turn|7
|
|switch|p2a: Amoonguss|Amoonguss, F|100/100
|-damage|p2a: Amoonguss|88/100|[from] Stealth Rock
|move|p1a: Latios|Draco Meteor|p2a: Amoonguss
|-damage|p2a: Amoonguss|54/100
|-unboost|p1a: Latios|spa|2
|
|-weather|Sandstorm|[upkeep]
|-damage|p1a: Latios|70/100|[from] Sandstorm
|-damage|p2a: Amoonguss|48/100|[from] Sandstorm
|-heal|p2a: Amoonguss|54/100|[from] item: Black Sludge
|upkeep
|turn|8
|
|move|p1a: Latios|Draco Meteor|p2a: Amoonguss
|-damage|p2a: Amoonguss|28/100
|-unboost|p1a: Latios|spa|2
|move|p2a: Amoonguss|Spore|p1a: Latios
|-status|p1a: Latios|slp
|
|-weather|Sandstorm|[upkeep]
|-damage|p1a: Latios|64/100 slp|[from] Sandstorm
|-damage|p2a: Amoonguss|22/100|[from] Sandstorm
|-heal|p2a: Amoonguss|28/100|[from] item: Black Sludge
|upkeep
|turn|9
|
|switch|p1a: Abomasnow|Abomasnow, M|100/100
|-damage|p1a: Abomasnow|76/100|[from] Stealth Rock
|-weather|Hail|[from] ability: Snow Warning|[of] p1a: Abomasnow
|move|p2a: Amoonguss|Stun Spore|p1a: Abomasnow
|-status|p1a: Abomasnow|par
|
|-weather|Hail|[upkeep]
|-damage|p2a: Amoonguss|22/100|[from] Hail
|-heal|p2a: Amoonguss|28/100|[from] item: Black Sludge
|upkeep
|turn|10
|
|switch|p2a: Skarmory|Skarmory, M|9/100
|-damage|p2a: Skarmory|0 fnt|[from] Stealth Rock
|faint|p2a: Skarmory
|move|p1a: Abomasnow|Ice Shard|p2: Skarmory|[notarget]
|-notarget
|
|-weather|Hail|[upkeep]
|upkeep
|
|switch|p2a: Alakazam|Alakazam, F|100/100
|turn|11
|
|cant|p1a: Abomasnow|par
|move|p2a: Alakazam|Focus Blast|p1a: Abomasnow
|-supereffective|p1a: Abomasnow
|-damage|p1a: Abomasnow|0 fnt
|faint|p1a: Abomasnow
|
|-weather|Hail|[upkeep]
|upkeep
|
|switch|p1a: Garchomp|Garchomp, F|100/100
|-damage|p1a: Garchomp|94/100|[from] Stealth Rock
|turn|12
|
|switch|p2a: Gliscor|Gliscor, M|100/100
|-damage|p2a: Gliscor|88/100|[from] Stealth Rock
|move|p1a: Garchomp|Dual Chop|p2a: Gliscor
|-damage|p2a: Gliscor|75/100
|-damage|p2a: Gliscor|61/100
|-hitcount|p2a: Gliscor|2
|
|-weather|Hail|[upkeep]
|-damage|p1a: Garchomp|88/100|[from] Hail
|-damage|p2a: Gliscor|55/100|[from] Hail
|-status|p2a: Gliscor|tox|[from] item: Toxic Orb
|upkeep
|turn|13
|
|switch|p1a: Mamoswine|Mamoswine, F|88/100
|-damage|p1a: Mamoswine|76/100|[from] Stealth Rock
|move|p2a: Gliscor|Ice Fang|p1a: Mamoswine
|-damage|p1a: Mamoswine|67/100
|
|-weather|Hail|[upkeep]
|-damage|p2a: Gliscor|49/100 tox|[from] Hail
|-heal|p2a: Gliscor|61/100 tox|[from] ability: Poison Heal
|upkeep
|turn|14
|
|move|p2a: Gliscor|Protect|p2a: Gliscor
|-singleturn|p2a: Gliscor|Protect
|move|p1a: Mamoswine|Icicle Spear|p2a: Gliscor
|-activate|p2a: Gliscor|move: Protect
|
|-weather|Hail|[upkeep]
|-damage|p2a: Gliscor|55/100 tox|[from] Hail
|-heal|p2a: Gliscor|68/100 tox|[from] ability: Poison Heal
|upkeep
|turn|15
|
|switch|p2a: Rotom|Rotom-Wash|100/100
|-damage|p2a: Rotom|88/100|[from] Stealth Rock
|move|p1a: Mamoswine|Icicle Spear|p2a: Rotom
|-resisted|p2a: Rotom
|-damage|p2a: Rotom|81/100
|-resisted|p2a: Rotom
|-damage|p2a: Rotom|73/100
|-resisted|p2a: Rotom
|-damage|p2a: Rotom|66/100
|-hitcount|p2a: Rotom|3
|-damage|p1a: Mamoswine|57/100|[from] item: Life Orb
|
|-weather|Hail|[upkeep]
|-damage|p2a: Rotom|60/100|[from] Hail
|-heal|p2a: Rotom|66/100|[from] item: Leftovers
|upkeep
|turn|16
|
|switch|p1a: Latios|Latios, M|64/100 slp
|-damage|p1a: Latios|52/100 slp|[from] Stealth Rock
|move|p2a: Rotom|Hydro Pump|p1a: Latios|[miss]
|-miss|p2a: Rotom|p1a: Latios
|
|-weather|Hail|[upkeep]
|-damage|p1a: Latios|46/100 slp|[from] Hail
|-damage|p2a: Rotom|60/100|[from] Hail
|-heal|p2a: Rotom|66/100|[from] item: Leftovers
|upkeep
|turn|17
|
|switch|p2a: Tyranitar|Tyranitar, M|28/100
|-damage|p2a: Tyranitar|16/100|[from] Stealth Rock
|-weather|Sandstorm|[from] ability: Sand Stream|[of] p2a: Tyranitar
|cant|p1a: Latios|slp
|move|p1a: Latios|Sleep Talk|p1a: Latios
|move|p1a: Latios|Dragon Pulse|p2a: Tyranitar|[from]Sleep Talk
|-damage|p2a: Tyranitar|0 fnt
|faint|p2a: Tyranitar
|
|-weather|Sandstorm|[upkeep]
|-damage|p1a: Latios|40/100 slp|[from] Sandstorm
|upkeep
|
|switch|p2a: Alakazam|Alakazam, F|100/100
|turn|18
|
|switch|p1a: Magnezone|Magnezone|100/100
|-damage|p1a: Magnezone|94/100|[from] Stealth Rock
|move|p2a: Alakazam|Shadow Ball|p1a: Magnezone
|-resisted|p1a: Magnezone
|-damage|p1a: Magnezone|68/100
|
|-weather|Sandstorm|[upkeep]
|-heal|p1a: Magnezone|75/100|[from] item: Leftovers
|upkeep
|turn|19
|
|move|p2a: Alakazam|Focus Blast|p1a: Magnezone
|-supereffective|p1a: Magnezone
|-damage|p1a: Magnezone|0 fnt
|faint|p1a: Magnezone
|
|-weather|Sandstorm|[upkeep]
|upkeep
|
|switch|p1a: Garchomp|Garchomp, F|88/100
|-damage|p1a: Garchomp|82/100|[from] Stealth Rock
|turn|20
|
|switch|p2a: Amoonguss|Amoonguss, F|61/100
|-damage|p2a: Amoonguss|49/100|[from] Stealth Rock
|move|p1a: Garchomp|Dual Chop|p2a: Amoonguss
|-damage|p2a: Amoonguss|26/100
|-damage|p2a: Amoonguss|4/100
|-hitcount|p2a: Amoonguss|2
|
|-weather|Sandstorm|[upkeep]
|-damage|p2a: Amoonguss|0 fnt|[from] Sandstorm
|upkeep
|faint|p2a: Amoonguss
|
|switch|p2a: Gliscor|Gliscor, M|68/100 tox
|-damage|p2a: Gliscor|55/100 tox|[from] Stealth Rock
|turn|21
|
|switch|p1a: Latios|Latios, M|40/100 slp
|-damage|p1a: Latios|28/100 slp|[from] Stealth Rock
|move|p2a: Gliscor|Earthquake|p1a: Latios
|-immune|p1a: Latios|[msg]|[from] ability: Levitate
|
|-weather|Sandstorm|[upkeep]
|-damage|p1a: Latios|22/100 slp|[from] Sandstorm
|-heal|p2a: Gliscor|68/100 tox|[from] ability: Poison Heal
|upkeep
|turn|22
|
|move|p2a: Gliscor|Protect|p2a: Gliscor
|-singleturn|p2a: Gliscor|Protect
|cant|p1a: Latios|slp
|move|p1a: Latios|Sleep Talk|p1a: Latios
|move|p1a: Latios|Draco Meteor|p2a: Gliscor|[from]Sleep Talk
|-activate|p2a: Gliscor|move: Protect
|
|-weather|Sandstorm|[upkeep]
|-damage|p1a: Latios|16/100 slp|[from] Sandstorm
|-heal|p2a: Gliscor|80/100 tox|[from] ability: Poison Heal
|upkeep
|turn|23
|
|move|p2a: Gliscor|Protect|p2a: Gliscor
|-fail|p2a: Gliscor
|cant|p1a: Latios|slp
|move|p1a: Latios|Sleep Talk|p1a: Latios
|move|p1a: Latios|Psyshock|p2a: Gliscor|[from]Sleep Talk
|-damage|p2a: Gliscor|42/100 tox
|
|-weather|Sandstorm|[upkeep]
|-damage|p1a: Latios|10/100 slp|[from] Sandstorm
|-heal|p2a: Gliscor|55/100 tox|[from] ability: Poison Heal
|upkeep
|turn|24
|
|move|p2a: Gliscor|Protect|p2a: Gliscor
|-singleturn|p2a: Gliscor|Protect
|-curestatus|p1a: Latios|slp|[msg]
|move|p1a: Latios|Sleep Talk|p1a: Latios
|-fail|p1a: Latios
|
|-weather|Sandstorm|[upkeep]
|-damage|p1a: Latios|4/100|[from] Sandstorm
|-heal|p2a: Gliscor|67/100 tox|[from] ability: Poison Heal
|upkeep
|turn|25
|
|move|p1a: Latios|Sleep Talk|p1a: Latios
|-fail|p1a: Latios
|move|p2a: Gliscor|Earthquake|p1a: Latios
|-immune|p1a: Latios|[msg]|[from] ability: Levitate
|
|-weather|Sandstorm|[upkeep]
|-damage|p1a: Latios|0 fnt|[from] Sandstorm
|-heal|p2a: Gliscor|80/100 tox|[from] ability: Poison Heal
|upkeep
|faint|p1a: Latios
|
|switch|p1a: Mamoswine|Mamoswine, F|57/100
|-damage|p1a: Mamoswine|44/100|[from] Stealth Rock
|turn|26
|
|move|p2a: Gliscor|Protect|p2a: Gliscor
|-singleturn|p2a: Gliscor|Protect
|move|p1a: Mamoswine|Icicle Spear|p2a: Gliscor
|-activate|p2a: Gliscor|move: Protect
|
|-weather|Sandstorm|[upkeep]
|-heal|p2a: Gliscor|92/100 tox|[from] ability: Poison Heal
|upkeep
|turn|27
|
|switch|p2a: Rotom|Rotom-Wash|66/100
|-damage|p2a: Rotom|53/100|[from] Stealth Rock
|move|p1a: Mamoswine|Icicle Spear|p2a: Rotom
|-resisted|p2a: Rotom
|-damage|p2a: Rotom|46/100
|-resisted|p2a: Rotom
|-damage|p2a: Rotom|39/100
|-resisted|p2a: Rotom
|-damage|p2a: Rotom|31/100
|-hitcount|p2a: Rotom|3
|-damage|p1a: Mamoswine|34/100|[from] item: Life Orb
|
|-weather|Sandstorm|[upkeep]
|-damage|p2a: Rotom|25/100|[from] Sandstorm
|-heal|p2a: Rotom|31/100|[from] item: Leftovers
|upkeep
|turn|28
|
|move|p1a: Mamoswine|Icicle Spear|p2a: Rotom
|-resisted|p2a: Rotom
|-damage|p2a: Rotom|24/100
|-resisted|p2a: Rotom
|-damage|p2a: Rotom|16/100
|-hitcount|p2a: Rotom|2
|-damage|p1a: Mamoswine|24/100|[from] item: Life Orb
|move|p2a: Rotom|Will-O-Wisp|p1a: Mamoswine
|-status|p1a: Mamoswine|brn
|
|-weather|Sandstorm|[upkeep]
|-damage|p2a: Rotom|10/100|[from] Sandstorm
|-heal|p2a: Rotom|16/100|[from] item: Leftovers
|-damage|p1a: Mamoswine|12/100 brn|[from] brn
|upkeep
|turn|29
|
|move|p1a: Mamoswine|Icicle Spear|p2a: Rotom
|-resisted|p2a: Rotom
|-damage|p2a: Rotom|13/100
|-resisted|p2a: Rotom
|-damage|p2a: Rotom|9/100
|-resisted|p2a: Rotom
|-damage|p2a: Rotom|5/100
|-resisted|p2a: Rotom
|-damage|p2a: Rotom|1/100
|-hitcount|p2a: Rotom|4
|-damage|p1a: Mamoswine|2/100 brn|[from] item: Life Orb
|move|p2a: Rotom|Hydro Pump|p1a: Mamoswine
|-supereffective|p1a: Mamoswine
|-damage|p1a: Mamoswine|0 fnt
|faint|p1a: Mamoswine
|
|-weather|Sandstorm|[upkeep]
|-damage|p2a: Rotom|0 fnt|[from] Sandstorm
|upkeep
|faint|p2a: Rotom
|
|switch|p1a: Garchomp|Garchomp, F|82/100
|switch|p2a: Gliscor|Gliscor, M|92/100 tox
|-damage|p1a: Garchomp|76/100|[from] Stealth Rock
|-damage|p2a: Gliscor|80/100 tox|[from] Stealth Rock
|turn|30
|
|move|p2a: Gliscor|Protect|p2a: Gliscor
|-singleturn|p2a: Gliscor|Protect
|move|p1a: Garchomp|Dual Chop|p2a: Gliscor
|-activate|p2a: Gliscor|move: Protect
|
|-weather|Sandstorm|[upkeep]
|-heal|p2a: Gliscor|92/100 tox|[from] ability: Poison Heal
|upkeep
|turn|31
|
|move|p1a: Garchomp|Dual Chop|p2a: Gliscor
|-damage|p2a: Gliscor|79/100 tox
|-damage|p2a: Gliscor|66/100 tox
|-hitcount|p2a: Gliscor|2
|move|p2a: Gliscor|Earthquake|p1a: Garchomp
|-damage|p1a: Garchomp|44/100
|
|-weather|Sandstorm|[upkeep]
|-heal|p2a: Gliscor|79/100 tox|[from] ability: Poison Heal
|upkeep
|turn|32
|c|☆sqdsqf|/log sqdsqf made this room public.
|
|move|p2a: Gliscor|Protect|p2a: Gliscor
|-singleturn|p2a: Gliscor|Protect
|move|p1a: Garchomp|Dual Chop|p2a: Gliscor
|-activate|p2a: Gliscor|move: Protect
|
|-weather|Sandstorm|[upkeep]
|-heal|p2a: Gliscor|91/100 tox|[from] ability: Poison Heal
|upkeep
|turn|33
|-message|doughboy forfeited.
|
|win|sqdsqf
|l|☆doughboy
|raw|doughboy's rating: 1477 &rarr; <strong>1453</strong><br />(-24 for losing)
|raw|sqdsqf's rating: 1408 &rarr; <strong>1432</strong><br />(+24 for winning)
