|j|☆Sawk123
|j|☆AristoBrat
|t:|1728562025
|gametype|singles
|player|p1|Sawk123|101|1333
|player|p2|AristoBrat|fantina|1319
|teamsize|p1|6
|teamsize|p2|6
|gen|5
|tier|[Gen 5] OU
|rated|
|rule|Species Clause: Limit one of each Pokémon
|rule|OHKO Clause: OHKO moves are banned
|rule|Moody Clause: Moody is banned
|rule|Evasion Items Clause: Evasion items are banned
|rule|Evasion Moves Clause: Evasion moves are banned
|rule|Endless Battle Clause: Forcing endless battles is banned
|rule|HP Percentage Mod: HP is shown in percentages
|rule|Evasion Abilities Clause: Evasion abilities are banned
|rule|Sleep Moves Clause: Sleep-inducing moves are banned
|rule|Swagger Clause: Swagger is banned
|rule|Baton Pass Stat Clause: No Baton Passer may have a way to boost its stats
|clearpoke
|poke|p1|Volcarona, M|item
|poke|p1|Hydreigon, M|item
|poke|p1|Terrakion|item
|poke|p1|Excadrill, F|item
|poke|p1|Rotom-Wash|item
|poke|p1|Staraptor, M|item
|poke|p2|Mamoswine, M|item
|poke|p2|Breloom, F|item
|poke|p2|Weavile, M|item
|poke|p2|Garchomp, F|item
|poke|p2|Salamence, F|item
|poke|p2|Starmie|item
|teampreview
|inactive|Battle timer is ON: inactive players will automatically lose when time's up. (requested by Sawk123)
|inactive|AristoBrat has 120 seconds left.
|
|t:|1728562060
|start
|switch|p1a: Rotom|Rotom-Wash|100/100
|switch|p2a: Weavile|Weavile, M|100/100
|-ability|p2a: Weavile|Pressure
|turn|1
|
|t:|1728562068
|move|p2a: Weavile|Beat Up|p1a: Rotom
|-damage|p1a: Rotom|89/100
|-damage|p1a: Rotom|78/100
|-damage|p1a: Rotom|67/100
|-damage|p1a: Rotom|56/100
|-damage|p1a: Rotom|46/100
|-damage|p1a: Rotom|39/100
|-hitcount|p1a: Rotom|6
|move|p1a: Rotom|Will-O-Wisp|p2a: Weavile
|-status|p2a: Weavile|brn
|
|-heal|p1a: Rotom|46/100|[from] item: Leftovers
|-damage|p2a: Weavile|88/100 brn|[from] brn
|upkeep
|turn|2
|
|t:|1728562084
|move|p2a: Weavile|Beat Up|p1a: Rotom
|-damage|p1a: Rotom|41/100
|-damage|p1a: Rotom|35/100
|-damage|p1a: Rotom|30/100
|-damage|p1a: Rotom|25/100
|-damage|p1a: Rotom|20/100
|-damage|p1a: Rotom|17/100
|-hitcount|p1a: Rotom|6
|move|p1a: Rotom|Pain Split|p2a: Weavile
|-sethp|p2a: Weavile|53/100 brn|[from] move: Pain Split|[silent]
|-sethp|p1a: Rotom|49/100|[from] move: Pain Split
|
|-heal|p1a: Rotom|55/100|[from] item: Leftovers
|-damage|p2a: Weavile|40/100 brn|[from] brn
|upkeep
|turn|3
|j| celebicelebrates
|
|t:|1728562107
|move|p2a: Weavile|Beat Up|p1a: Rotom
|-damage|p1a: Rotom|50/100
|-damage|p1a: Rotom|45/100
|-damage|p1a: Rotom|40/100
|-damage|p1a: Rotom|35/100
|-damage|p1a: Rotom|29/100
|-damage|p1a: Rotom|26/100
|-hitcount|p1a: Rotom|6
|move|p1a: Rotom|Volt Switch|p2a: Weavile
|-damage|p2a: Weavile|6/100 brn
|inactive|Sawk123 has 120 seconds left.
|
|t:|1728562126
|switch|p1a: Hydreigon|Hydreigon, M|100/100|[from] Volt Switch
|
|-damage|p2a: Weavile|0 fnt|[from] brn
|faint|p2a: Weavile
|upkeep
|
|t:|1728562150
|switch|p2a: Salamence|Salamence, F|100/100
|turn|4
|
|t:|1728562155
|switch|p1a: Excadrill|Excadrill, F|100/100
|-ability|p1a: Excadrill|Mold Breaker
|-item|p1a: Excadrill|Air Balloon
|move|p2a: Salamence|Dragon Claw|p1a: Excadrill
|-resisted|p1a: Excadrill
|-damage|p1a: Excadrill|69/100
|-enditem|p1a: Excadrill|Air Balloon
|
|upkeep
|turn|5
|inactive|AristoBrat has 120 seconds left.
|
|t:|1728562198
|switch|p2a: Garchomp|Garchomp, F|100/100
|move|p1a: Excadrill|Stealth Rock|p2a: Garchomp
|-sidestart|p2: AristoBrat|move: Stealth Rock
|
|upkeep
|turn|6
|
|t:|1728562211
|move|p2a: Garchomp|Fire Blast|p1a: Excadrill
|-supereffective|p1a: Excadrill
|-damage|p1a: Excadrill|0 fnt
|faint|p1a: Excadrill
|-damage|p2a: Garchomp|91/100|[from] item: Life Orb
|
|upkeep
|
|t:|1728562215
|switch|p1a: Hydreigon|Hydreigon, M|100/100
|turn|7
|
|t:|1728562218
|move|p1a: Hydreigon|Draco Meteor|p2a: Garchomp
|-supereffective|p2a: Garchomp
|-damage|p2a: Garchomp|0 fnt
|-unboost|p1a: Hydreigon|spa|2
|faint|p2a: Garchomp
|
|upkeep
|
|t:|1728562232
|switch|p2a: Salamence|Salamence, F|100/100
|-damage|p2a: Salamence|76/100|[from] Stealth Rock
|turn|8
|
|t:|1728562239
|switch|p1a: Rotom|Rotom-Wash|26/100
|move|p2a: Salamence|Outrage|p1a: Rotom
|-damage|p1a: Rotom|0 fnt
|faint|p1a: Rotom
|-ability|p2a: Salamence|Moxie|boost
|-boost|p2a: Salamence|atk|1
|
|upkeep
|
|t:|1728562250
|switch|p1a: Terrakion|Terrakion|100/100
|turn|9
|
|t:|1728562270
|move|p2a: Salamence|Outrage|p1a: Terrakion|[from]lockedmove
|-enditem|p1a: Terrakion|Focus Sash
|-damage|p1a: Terrakion|1/100
|move|p1a: Terrakion|Stone Edge|p2a: Salamence
|-supereffective|p2a: Salamence
|-damage|p2a: Salamence|0 fnt
|faint|p2a: Salamence
|
|upkeep
|inactive|AristoBrat has 120 seconds left.
|
|t:|1728562283
|switch|p2a: Starmie|Starmie|100/100
|-damage|p2a: Starmie|88/100|[from] Stealth Rock
|turn|10
|
|t:|1728562292
|move|p1a: Terrakion|Quick Attack|p2a: Starmie
|-damage|p2a: Starmie|68/100
|move|p2a: Starmie|Rapid Spin|p1a: Terrakion
|-resisted|p1a: Terrakion
|-damage|p1a: Terrakion|0 fnt
|-sideend|p2: AristoBrat|Stealth Rock|[from] move: Rapid Spin|[of] p2a: Starmie
|faint|p1a: Terrakion
|
|upkeep
|
|t:|1728562310
|switch|p1a: Staraptor|Staraptor, M|100/100
|turn|11
|
|t:|1728562321
|move|p1a: Staraptor|Brave Bird|p2a: Starmie
|-damage|p2a: Starmie|0 fnt
|faint|p2a: Starmie
|-damage|p1a: Staraptor|82/100|[from] Recoil
|
|upkeep
|
|t:|1728562334
|switch|p2a: Mamoswine|Mamoswine, M|100/100
|turn|12
|
|t:|1728562350
|switch|p1a: Volcarona|Volcarona, M|100/100
|move|p2a: Mamoswine|Icicle Crash|p1a: Volcarona
|-resisted|p1a: Volcarona
|-damage|p1a: Volcarona|55/100
|
|-heal|p1a: Volcarona|61/100|[from] item: Leftovers
|upkeep
|turn|13
|
|t:|1728562368
|move|p1a: Volcarona|Fire Blast|p2a: Mamoswine
|-supereffective|p2a: Mamoswine
|-damage|p2a: Mamoswine|12/100
|move|p2a: Mamoswine|Earthquake|p1a: Volcarona
|-damage|p1a: Volcarona|0 fnt
|faint|p1a: Volcarona
|
|upkeep
|
|t:|1728562374
|switch|p1a: Staraptor|Staraptor, M|82/100
|turn|14
|
|t:|1728562379
|move|p1a: Staraptor|Quick Attack|p2a: Mamoswine
|-damage|p2a: Mamoswine|0 fnt
|faint|p2a: Mamoswine
|
|upkeep
|
|t:|1728562382
|switch|p2a: Breloom|Breloom, F|100/100
|turn|15
|
|t:|1728562386
|switch|p1a: Hydreigon|Hydreigon, M|100/100
|move|p2a: Breloom|Drain Punch|p1a: Hydreigon
|-supereffective|p1a: Hydreigon
|-damage|p1a: Hydreigon|0 fnt
|faint|p1a: Hydreigon
|-damage|p2a: Breloom|91/100|[from] item: Life Orb
|
|upkeep
|
|t:|1728562392
|switch|p1a: Staraptor|Staraptor, M|82/100
|turn|16
|
|t:|1728562394
|move|p1a: Staraptor|Brave Bird|p2a: Breloom
|-supereffective|p2a: Breloom
|-damage|p2a: Breloom|0 fnt
|faint|p2a: Breloom
|-damage|p1a: Staraptor|57/100|[from] Recoil
|
|win|Sawk123
|raw|Sawk123's rating: 1333 &rarr; <strong>1352</strong><br />(+19 for winning)
|raw|AristoBrat's rating: 1319 &rarr; <strong>1300</strong><br />(-19 for losing)
|l|☆AristoBrat
|player|p2|
|l| celebicelebrates
|l|☆Sawk123
|player|p1|
|j| celebicelebrates
