|j|☆Claude's Journey
|j|☆mighty bomboclat
|t:|1746750913
|gametype|singles
|player|p1|Claude's Journey|lass-gen1rb|1422
|player|p2|mighty bomboclat|bugcatcher-gen4dp|1506
|teamsize|p1|6
|teamsize|p2|6
|gen|5
|tier|[Gen 5] OU
|rated|
|rule|Species Clause: Limit one of each Pokémon
|rule|OHKO Clause: OHKO moves are banned
|rule|Moody Clause: Moody is banned
|rule|Evasion Items Clause: Evasion items are banned
|rule|Evasion Moves Clause: Evasion moves are banned
|rule|Endless Battle Clause: Forcing endless battles is banned
|rule|HP Percentage Mod: HP is shown in percentages
|rule|Evasion Abilities Clause: Evasion abilities are banned
|rule|Sleep Moves Clause: Sleep-inducing moves are banned
|rule|Swagger Clause: Swagger is banned
|rule|Baton Pass Stat Clause: No Baton Passer may have a way to boost its stats
|clearpoke
|poke|p1|Tyranitar, F|item
|poke|p1|Forretress, M|item
|poke|p1|Zapdos|item
|poke|p1|Alakazam, M|item
|poke|p1|Seismitoad, F|item
|poke|p1|Hydreigon, F|item
|poke|p2|Aerodactyl, M|item
|poke|p2|Keldeo|item
|poke|p2|Gyarados, M|item
|poke|p2|Volcarona, F|item
|poke|p2|Thundurus-Therian, M|item
|poke|p2|Scizor, F|item
|teampreview
|
|t:|1746750940
|start
|switch|p1a: Zapdos|Zapdos|100/100
|switch|p2a: Aerodactyl|Aerodactyl, M|100/100
|-ability|p2a: Aerodactyl|Pressure
|-ability|p1a: Zapdos|Pressure
|turn|1
|
|t:|1746750952
|move|p2a: Aerodactyl|Stealth Rock|p1a: Zapdos
|-sidestart|p1: Claude's Journey|move: Stealth Rock
|move|p1a: Zapdos|Volt Switch|p2a: Aerodactyl
|-supereffective|p2a: Aerodactyl
|-damage|p2a: Aerodactyl|21/100
|
|t:|1746750959
|switch|p1a: Seismitoad|Seismitoad, F|100/100|[from] Volt Switch
|-damage|p1a: Seismitoad|94/100|[from] Stealth Rock
|
|-heal|p1a: Seismitoad|100/100|[from] item: Leftovers
|upkeep
|turn|2
|inactive|Battle timer is ON: inactive players will automatically lose when time's up. (requested by Claude's Journey)
|
|t:|1746751021
|move|p2a: Aerodactyl|Taunt|p1a: Seismitoad
|-start|p1a: Seismitoad|move: Taunt
|move|p1a: Seismitoad|Scald|p2a: Aerodactyl
|-supereffective|p2a: Aerodactyl
|-damage|p2a: Aerodactyl|0 fnt
|faint|p2a: Aerodactyl
|
|upkeep
|
|t:|1746751026
|switch|p2a: Keldeo|Keldeo|100/100
|turn|3
|
|t:|1746751032
|switch|p1a: Zapdos|Zapdos|100/100
|-damage|p1a: Zapdos|76/100|[from] Stealth Rock
|-ability|p1a: Zapdos|Pressure
|move|p2a: Keldeo|Calm Mind|p2a: Keldeo
|-boost|p2a: Keldeo|spa|1
|-boost|p2a: Keldeo|spd|1
|
|-heal|p1a: Zapdos|82/100|[from] item: Leftovers
|upkeep
|turn|4
|
|t:|1746751034
|move|p2a: Keldeo|Surf|p1a: Zapdos
|-damage|p1a: Zapdos|10/100
|move|p1a: Zapdos|Volt Switch|p2a: Keldeo
|-supereffective|p2a: Keldeo
|-damage|p2a: Keldeo|55/100
|
|t:|1746751038
|switch|p1a: Alakazam|Alakazam, M|100/100|[from] Volt Switch
|
|-heal|p2a: Keldeo|61/100|[from] item: Leftovers
|upkeep
|turn|5
|inactive|mighty bomboclat has 120 seconds left.
|
|t:|1746751097
|switch|p2a: ENORMOUS WILLY|Scizor, F|100/100
|move|p1a: Alakazam|Psychic|p2a: ENORMOUS WILLY
|-resisted|p2a: ENORMOUS WILLY
|-crit|p2a: ENORMOUS WILLY
|-damage|p2a: ENORMOUS WILLY|38/100
|
|upkeep
|turn|6
|
|t:|1746751109
|switch|p1a: Zapdos|Zapdos|10/100
|-damage|p1a: Zapdos|0 fnt|[from] Stealth Rock
|faint|p1a: Zapdos
|move|p2a: ENORMOUS WILLY|Bullet Punch|p1: Zapdos|[notarget]
|-fail|p2a: ENORMOUS WILLY
|
|upkeep
|
|t:|1746751117
|switch|p1a: Seismitoad|Seismitoad, F|100/100
|-damage|p1a: Seismitoad|94/100|[from] Stealth Rock
|turn|7
|
|t:|1746751121
|switch|p2a: Keldeo|Keldeo|61/100
|move|p1a: Seismitoad|Stealth Rock|p2a: Keldeo
|-sidestart|p2: mighty bomboclat|move: Stealth Rock
|
|-heal|p2a: Keldeo|68/100|[from] item: Leftovers
|-heal|p1a: Seismitoad|100/100|[from] item: Leftovers
|upkeep
|turn|8
|inactive|mighty bomboclat has 120 seconds left.
|
|t:|1746751130
|move|p2a: Keldeo|Hidden Power|p1a: Seismitoad
|-supereffective|p1a: Seismitoad
|-damage|p1a: Seismitoad|0 fnt
|faint|p1a: Seismitoad
|
|-heal|p2a: Keldeo|74/100|[from] item: Leftovers
|upkeep
|
|t:|1746751132
|switch|p1a: Alakazam|Alakazam, M|100/100
|turn|9
|inactive|mighty bomboclat has 120 seconds left.
|
|t:|1746751156
|move|p1a: Alakazam|Psychic|p2a: Keldeo
|-supereffective|p2a: Keldeo
|-damage|p2a: Keldeo|0 fnt
|faint|p2a: Keldeo
|
|upkeep
|
|t:|1746751160
|switch|p2a: ENORMOUS WILLY|Scizor, F|38/100
|-damage|p2a: ENORMOUS WILLY|26/100|[from] Stealth Rock
|turn|10
|
|t:|1746751167
|move|p2a: ENORMOUS WILLY|Bullet Punch|p1a: Alakazam
|-damage|p1a: Alakazam|5/100
|move|p1a: Alakazam|Focus Blast|p2a: ENORMOUS WILLY
|-damage|p2a: ENORMOUS WILLY|0 fnt
|faint|p2a: ENORMOUS WILLY
|
|upkeep
|
|t:|1746751178
|switch|p2a: Thundurus|Thundurus-Therian, M|100/100
|-damage|p2a: Thundurus|76/100|[from] Stealth Rock
|turn|11
|
|t:|1746751191
|move|p1a: Alakazam|Psychic|p2a: Thundurus
|-crit|p2a: Thundurus
|-damage|p2a: Thundurus|0 fnt
|faint|p2a: Thundurus
|
|upkeep
|
|t:|1746751196
|switch|p2a: Gyarados|Gyarados, M|100/100
|-damage|p2a: Gyarados|76/100|[from] Stealth Rock
|-ability|p2a: Gyarados|Intimidate|boost
|-unboost|p1a: Alakazam|atk|1
|turn|12
|
|t:|1746751200
|move|p1a: Alakazam|Psychic|p2a: Gyarados
|-damage|p2a: Gyarados|27/100
|move|p2a: Gyarados|Waterfall|p1a: Alakazam
|-damage|p1a: Alakazam|0 fnt
|faint|p1a: Alakazam
|
|-heal|p2a: Gyarados|33/100|[from] item: Leftovers
|upkeep
|
|t:|1746751206
|switch|p1a: Hydreigon|Hydreigon, F|100/100
|-damage|p1a: Hydreigon|88/100|[from] Stealth Rock
|turn|13
|
|t:|1746751219
|move|p1a: Hydreigon|Draco Meteor|p2a: Gyarados
|-damage|p2a: Gyarados|0 fnt
|-unboost|p1a: Hydreigon|spa|2
|faint|p2a: Gyarados
|-damage|p1a: Hydreigon|78/100|[from] item: Life Orb
|
|upkeep
|
|t:|1746751221
|switch|p2a: Volcarona|Volcarona, F|100/100
|-damage|p2a: Volcarona|51/100|[from] Stealth Rock
|turn|14
|
|t:|1746751224
|switch|p1a: Tyranitar|Tyranitar, F|100/100
|-damage|p1a: Tyranitar|88/100|[from] Stealth Rock
|-weather|Sandstorm|[from] ability: Sand Stream|[of] p1a: Tyranitar
|move|p2a: Volcarona|Quiver Dance|p2a: Volcarona
|-boost|p2a: Volcarona|spa|1
|-boost|p2a: Volcarona|spd|1
|-boost|p2a: Volcarona|spe|1
|
|-weather|Sandstorm|[upkeep]
|-damage|p2a: Volcarona|45/100|[from] Sandstorm
|upkeep
|-enditem|p2a: Volcarona|Sitrus Berry|[eat]
|-heal|p2a: Volcarona|69/100|[from] item: Sitrus Berry
|turn|15
|
|t:|1746751229
|move|p2a: Volcarona|Bug Buzz|p1a: Tyranitar
|-supereffective|p1a: Tyranitar
|-damage|p1a: Tyranitar|25/100
|move|p1a: Tyranitar|Rock Slide|p2a: Volcarona
|-supereffective|p2a: Volcarona
|-damage|p2a: Volcarona|0 fnt
|faint|p2a: Volcarona
|
|win|Claude's Journey
|raw|Claude&apos;s Journey's rating: 1422 &rarr; <strong>1447</strong><br />(+25 for winning)
|raw|mighty bomboclat's rating: 1506 &rarr; <strong>1481</strong><br />(-25 for losing)
|l|☆mighty bomboclat
|player|p2|
