|j|☆Bloodclat
|j|☆doughboy
|player|p1|Bloodclat|lucas|1526
|player|p2|doughboy|1|1380
|teamsize|p1|6
|teamsize|p2|6
|gametype|singles
|gen|5
|tier|[Gen 5] OU
|rated|
|clearpoke
|poke|p1|Venusaur, M|item
|poke|p1|Keldeo-Resolute|item
|poke|p1|Skarmory, M|item
|poke|p1|Chansey, F|item
|poke|p1|Heatran, F|item
|poke|p1|Bisharp, M|item
|poke|p2|Tornadus, M|item
|poke|p2|Kyurem-Black|item
|poke|p2|Magnezone|item
|poke|p2|Politoed, M|item
|poke|p2|Forretress, M|item
|poke|p2|Vaporeon, F|item
|rule|Species Clause: Limit one of each Pokémon
|rule|OHKO Clause: OHKO moves are banned
|rule|Moody Clause: Moody is banned
|rule|Evasion Moves Clause: Evasion moves are banned
|rule|Endless Battle Clause: Forcing endless battles is banned
|rule|HP Percentage Mod: HP is shown in percentages
|rule|Evasion Abilities Clause: Evasion abilities are banned
|rule|Baton Pass Clause: Limit one Baton Passer, can't pass Spe and other stats simultaneously
|rule|Sleep Clause: Sleep-inducing moves are banned
|rule|Swagger Clause: Swagger is banned
|teampreview
|j| Big Dongle
|
|start
|switch|p1a: My lil Mob Blurri|Keldeo-Resolute|100/100
|switch|p2a: Politoed|Politoed, M|100/100
|-weather|RainDance|[from] ability: Drizzle|[of] p2a: Politoed
|turn|1
|inactive|Battle timer is ON: inactive players will automatically lose when time's up. (requested by Bloodclat)
|
|switch|p1a: Teleee is 18|Venusaur, M|100/100
|move|p2a: Politoed|Toxic|p1a: Teleee is 18
|-immune|p1a: Teleee is 18
|
|-weather|RainDance|[upkeep]
|upkeep
|turn|2
|
|switch|p2a: Tornadus|Tornadus, M|100/100
|move|p1a: Teleee is 18|Leech Seed|p2a: Tornadus
|-start|p2a: Tornadus|move: Leech Seed
|
|-weather|RainDance|[upkeep]
|-damage|p2a: Tornadus|88/100|[from] Leech Seed|[of] p1a: Teleee is 18
|upkeep
|turn|3
|
|switch|p1a: Cleanerthanrotomw|Chansey, F|100/100
|move|p2a: Tornadus|U-turn|p1a: Cleanerthanrotomw
|-damage|p1a: Cleanerthanrotomw|91/100
|
|switch|p2a: Vaporeon|Vaporeon, F|100/100|[from]move: U-turn
|
|-weather|RainDance|[upkeep]
|upkeep
|turn|4
|
|switch|p1a: Teleee is 18|Venusaur, M|100/100
|move|p2a: Vaporeon|Work Up|p2a: Vaporeon
|-boost|p2a: Vaporeon|atk|1
|-boost|p2a: Vaporeon|spa|1
|
|-weather|RainDance|[upkeep]
|upkeep
|turn|5
|
|switch|p2a: Forretress|Forretress, M|100/100
|move|p1a: Teleee is 18|Leech Seed|p2a: Forretress
|-start|p2a: Forretress|move: Leech Seed
|
|-weather|RainDance|[upkeep]
|-damage|p2a: Forretress|88/100|[from] Leech Seed|[of] p1a: Teleee is 18
|upkeep
|turn|6
|
|move|p1a: Teleee is 18|Hidden Power|p2a: Forretress
|-supereffective|p2a: Forretress
|-damage|p2a: Forretress|53/100
|move|p2a: Forretress|Stealth Rock|p1a: Teleee is 18
|-sidestart|p1: Bloodclat|move: Stealth Rock
|
|-weather|RainDance|[upkeep]
|-heal|p2a: Forretress|59/100|[from] item: Leftovers
|-damage|p2a: Forretress|47/100|[from] Leech Seed|[of] p1a: Teleee is 18
|upkeep
|turn|7
|
|switch|p2a: Tornadus|Tornadus, M|88/100
|move|p1a: Teleee is 18|Hidden Power|p2a: Tornadus
|-damage|p2a: Tornadus|77/100
|
|-weather|RainDance|[upkeep]
|upkeep
|turn|8
|
|switch|p1a: Cleanerthanrotomw|Chansey, F|91/100
|-damage|p1a: Cleanerthanrotomw|78/100|[from] Stealth Rock
|move|p2a: Tornadus|Hurricane|p1a: Cleanerthanrotomw
|-crit|p1a: Cleanerthanrotomw
|-damage|p1a: Cleanerthanrotomw|34/100
|-start|p1a: Cleanerthanrotomw|confusion
|
|-weather|RainDance|[upkeep]
|upkeep
|turn|9
|
|move|p2a: Tornadus|U-turn|p1a: Cleanerthanrotomw
|-damage|p1a: Cleanerthanrotomw|24/100
|
|switch|p2a: Kyurem|Kyurem-Black|100/100|[from]move: U-turn
|-ability|p2a: Kyurem|Teravolt
|-activate|p1a: Cleanerthanrotomw|confusion
|move|p1a: Cleanerthanrotomw|Soft-Boiled|p1a: Cleanerthanrotomw
|-heal|p1a: Cleanerthanrotomw|74/100
|
|-weather|RainDance|[upkeep]
|upkeep
|turn|10
|
|switch|p1a: Aka Zenzo|Skarmory, M|100/100
|-damage|p1a: Aka Zenzo|88/100|[from] Stealth Rock
|move|p2a: Kyurem|Fusion Bolt|p1a: Aka Zenzo
|-supereffective|p1a: Aka Zenzo
|-damage|p1a: Aka Zenzo|0 fnt
|faint|p1a: Aka Zenzo
|
|-weather|RainDance|[upkeep]
|upkeep
|
|switch|p1a: Cosines Puussy|Heatran, F|100/100
|-damage|p1a: Cosines Puussy|88/100|[from] Stealth Rock
|-item|p1a: Cosines Puussy|Air Balloon
|turn|11
|
|switch|p2a: Politoed|Politoed, M|100/100
|move|p1a: Cosines Puussy|Lava Plume|p2a: Politoed
|-resisted|p2a: Politoed
|-damage|p2a: Politoed|93/100
|-status|p2a: Politoed|brn
|
|-weather|RainDance|[upkeep]
|-heal|p2a: Politoed|99/100 brn|[from] item: Leftovers
|-damage|p2a: Politoed|87/100 brn|[from] brn
|upkeep
|turn|12
|
|move|p1a: Cosines Puussy|Stealth Rock|p2a: Politoed
|-sidestart|p2: doughboy|move: Stealth Rock
|move|p2a: Politoed|Scald|p1a: Cosines Puussy
|-supereffective|p1a: Cosines Puussy
|-damage|p1a: Cosines Puussy|27/100
|-enditem|p1a: Cosines Puussy|Air Balloon
|
|-weather|RainDance|[upkeep]
|-heal|p2a: Politoed|93/100 brn|[from] item: Leftovers
|-damage|p2a: Politoed|81/100 brn|[from] brn
|upkeep
|turn|13
|
|move|p1a: Cosines Puussy|Lava Plume|p2a: Politoed
|-resisted|p2a: Politoed
|-damage|p2a: Politoed|74/100 brn
|move|p2a: Politoed|Scald|p1a: Cosines Puussy
|-supereffective|p1a: Cosines Puussy
|-damage|p1a: Cosines Puussy|0 fnt
|faint|p1a: Cosines Puussy
|
|-weather|RainDance|[upkeep]
|-heal|p2a: Politoed|80/100 brn|[from] item: Leftovers
|-damage|p2a: Politoed|68/100 brn|[from] brn
|upkeep
|
|switch|p1a: My lil Mob Blurri|Keldeo-Resolute|100/100
|-damage|p1a: My lil Mob Blurri|94/100|[from] Stealth Rock
|turn|14
|
|move|p1a: My lil Mob Blurri|Substitute|p1a: My lil Mob Blurri
|-start|p1a: My lil Mob Blurri|Substitute
|-damage|p1a: My lil Mob Blurri|70/100
|move|p2a: Politoed|Toxic||[still]
|-fail|p2a: Politoed
|
|-weather|RainDance|[upkeep]
|-heal|p1a: My lil Mob Blurri|76/100|[from] item: Leftovers
|-heal|p2a: Politoed|74/100 brn|[from] item: Leftovers
|-damage|p2a: Politoed|61/100 brn|[from] brn
|upkeep
|turn|15
|
|move|p1a: My lil Mob Blurri|Calm Mind|p1a: My lil Mob Blurri
|-boost|p1a: My lil Mob Blurri|spa|1
|-boost|p1a: My lil Mob Blurri|spd|1
|move|p2a: Politoed|Perish Song|p2a: Politoed
|-start|p1a: My lil Mob Blurri|perish3|[silent]
|-start|p2a: Politoed|perish3|[silent]
|-fieldactivate|move: Perish Song
|
|-weather|RainDance|[upkeep]
|-heal|p1a: My lil Mob Blurri|82/100|[from] item: Leftovers
|-heal|p2a: Politoed|68/100 brn|[from] item: Leftovers
|-damage|p2a: Politoed|55/100 brn|[from] brn
|-start|p1a: My lil Mob Blurri|perish3
|-start|p2a: Politoed|perish3
|upkeep
|turn|16
|
|move|p2a: Politoed|Protect|p2a: Politoed
|-singleturn|p2a: Politoed|Protect
|move|p1a: My lil Mob Blurri|Secret Sword|p2a: Politoed
|-activate|p2a: Politoed|move: Protect
|
|-weather|RainDance|[upkeep]
|-heal|p1a: My lil Mob Blurri|88/100|[from] item: Leftovers
|-heal|p2a: Politoed|61/100 brn|[from] item: Leftovers
|-damage|p2a: Politoed|49/100 brn|[from] brn
|-start|p1a: My lil Mob Blurri|perish2
|-start|p2a: Politoed|perish2
|upkeep
|turn|17
|
|move|p2a: Politoed|Protect|p2a: Politoed
|-singleturn|p2a: Politoed|Protect
|move|p1a: My lil Mob Blurri|Secret Sword|p2a: Politoed
|-activate|p2a: Politoed|move: Protect
|
|-weather|RainDance|[upkeep]
|-heal|p1a: My lil Mob Blurri|94/100|[from] item: Leftovers
|-heal|p2a: Politoed|55/100 brn|[from] item: Leftovers
|-damage|p2a: Politoed|43/100 brn|[from] brn
|-start|p1a: My lil Mob Blurri|perish1
|-start|p2a: Politoed|perish1
|upkeep
|turn|18
|j| Misterioussaint
|
|switch|p1a: ICameFromLeddit|Bisharp, M|100/100
|-damage|p1a: ICameFromLeddit|94/100|[from] Stealth Rock
|switch|p2a: Vaporeon|Vaporeon, F|100/100
|-damage|p2a: Vaporeon|88/100|[from] Stealth Rock
|
|-weather|RainDance|[upkeep]
|-heal|p1a: ICameFromLeddit|100/100|[from] item: Leftovers
|-heal|p2a: Vaporeon|94/100|[from] item: Leftovers
|upkeep
|turn|19
|j| Coringa Mexicano
|
|switch|p1a: Teleee is 18|Venusaur, M|100/100
|-damage|p1a: Teleee is 18|88/100|[from] Stealth Rock
|move|p2a: Vaporeon|Work Up|p2a: Vaporeon
|-boost|p2a: Vaporeon|atk|1
|-boost|p2a: Vaporeon|spa|1
|
|-weather|RainDance|[upkeep]
|-heal|p1a: Teleee is 18|94/100|[from] item: Black Sludge
|-heal|p2a: Vaporeon|100/100|[from] item: Leftovers
|upkeep
|turn|20
|
|move|p1a: Teleee is 18|Leech Seed|p2a: Vaporeon
|-start|p2a: Vaporeon|move: Leech Seed
|move|p2a: Vaporeon|Baton Pass|p2a: Vaporeon
|c| Coringa Mexicano|go doughboy neymar
|
|switch|p2a: Magnezone|Magnezone|100/100|[from]move: Baton Pass
|-damage|p2a: Magnezone|94/100|[from] Stealth Rock
|
|-weather|RainDance|[upkeep]
|-heal|p1a: Teleee is 18|99/100|[from] item: Black Sludge
|-damage|p2a: Magnezone|82/100|[from] Leech Seed|[of] p1a: Teleee is 18
|-heal|p1a: Teleee is 18|100/100|[silent]
|upkeep
|turn|21
|
|switch|p1a: Cleanerthanrotomw|Chansey, F|74/100
|-damage|p1a: Cleanerthanrotomw|62/100|[from] Stealth Rock
|move|p2a: Magnezone|Volt Switch|p1a: Cleanerthanrotomw
|-damage|p1a: Cleanerthanrotomw|37/100
|
|switch|p2a: Forretress|Forretress, M|47/100|[from]move: Volt Switch
|-damage|p2a: Forretress|34/100|[from] Stealth Rock
|
|-weather|RainDance|[upkeep]
|-heal|p2a: Forretress|41/100|[from] item: Leftovers
|upkeep
|turn|22
|
|move|p1a: Cleanerthanrotomw|Soft-Boiled|p1a: Cleanerthanrotomw
|-heal|p1a: Cleanerthanrotomw|87/100
|move|p2a: Forretress|Rapid Spin|p1a: Cleanerthanrotomw
|-damage|p1a: Cleanerthanrotomw|84/100
|-sideend|p2: doughboy|Stealth Rock|[from] move: Rapid Spin|[of] p2a: Forretress
|
|-weather|RainDance|[upkeep]
|-heal|p2a: Forretress|47/100|[from] item: Leftovers
|upkeep
|turn|23
|
|switch|p2a: Vaporeon|Vaporeon, F|100/100
|move|p1a: Cleanerthanrotomw|Seismic Toss|p2a: Vaporeon
|-damage|p2a: Vaporeon|79/100
|
|-weather|RainDance|[upkeep]
|-heal|p2a: Vaporeon|85/100|[from] item: Leftovers
|upkeep
|turn|24
|
|switch|p1a: Teleee is 18|Venusaur, M|100/100
|-damage|p1a: Teleee is 18|88/100|[from] Stealth Rock
|move|p2a: Vaporeon|Scald|p1a: Teleee is 18
|-resisted|p1a: Teleee is 18
|-crit|p1a: Teleee is 18
|-damage|p1a: Teleee is 18|49/100
|
|-weather|RainDance|[upkeep]
|-heal|p1a: Teleee is 18|55/100|[from] item: Black Sludge
|-heal|p2a: Vaporeon|91/100|[from] item: Leftovers
|upkeep
|turn|25
|
|move|p1a: Teleee is 18|Leech Seed|p2a: Vaporeon
|-start|p2a: Vaporeon|move: Leech Seed
|move|p2a: Vaporeon|Scald|p1a: Teleee is 18
|-resisted|p1a: Teleee is 18
|-damage|p1a: Teleee is 18|36/100
|
|-weather|RainDance|[upkeep]
|-heal|p1a: Teleee is 18|42/100|[from] item: Black Sludge
|-heal|p2a: Vaporeon|98/100|[from] item: Leftovers
|-damage|p2a: Vaporeon|85/100|[from] Leech Seed|[of] p1a: Teleee is 18
|-heal|p1a: Teleee is 18|58/100|[silent]
|upkeep
|turn|26
|
|switch|p2a: Forretress|Forretress, M|47/100
|move|p1a: Teleee is 18|Giga Drain|p2a: Forretress
|-resisted|p2a: Forretress
|-damage|p2a: Forretress|39/100
|-heal|p1a: Teleee is 18|61/100|[from] drain|[of] p2a: Forretress
|
|-weather|RainDance|[upkeep]
|-heal|p1a: Teleee is 18|68/100|[from] item: Black Sludge
|-heal|p2a: Forretress|45/100|[from] item: Leftovers
|upkeep
|turn|27
|
|switch|p1a: My lil Mob Blurri|Keldeo-Resolute|94/100
|-damage|p1a: My lil Mob Blurri|88/100|[from] Stealth Rock
|switch|p2a: Tornadus|Tornadus, M|77/100
|
|-weather|RainDance|[upkeep]
|-heal|p1a: My lil Mob Blurri|94/100|[from] item: Leftovers
|upkeep
|turn|28
|
|switch|p1a: Cleanerthanrotomw|Chansey, F|84/100
|-damage|p1a: Cleanerthanrotomw|72/100|[from] Stealth Rock
|move|p2a: Tornadus|Hurricane|p1a: Cleanerthanrotomw
|-damage|p1a: Cleanerthanrotomw|49/100
|-start|p1a: Cleanerthanrotomw|confusion
|
|-weather|RainDance|[upkeep]
|upkeep
|turn|29
|
|move|p2a: Tornadus|U-turn|p1a: Cleanerthanrotomw
|-damage|p1a: Cleanerthanrotomw|38/100
|
|switch|p2a: Kyurem|Kyurem-Black|100/100|[from]move: U-turn
|-ability|p2a: Kyurem|Teravolt
|-activate|p1a: Cleanerthanrotomw|confusion
|move|p1a: Cleanerthanrotomw|Soft-Boiled|p1a: Cleanerthanrotomw
|-heal|p1a: Cleanerthanrotomw|88/100
|
|-weather|RainDance|[upkeep]
|upkeep
|turn|30
|
|switch|p1a: ICameFromLeddit|Bisharp, M|100/100
|-damage|p1a: ICameFromLeddit|94/100|[from] Stealth Rock
|move|p2a: Kyurem|Dragon Claw|p1a: ICameFromLeddit
|-resisted|p1a: ICameFromLeddit
|-damage|p1a: ICameFromLeddit|49/100
|
|-weather|RainDance|[upkeep]
|-heal|p1a: ICameFromLeddit|55/100|[from] item: Leftovers
|upkeep
|turn|31
|
|switch|p2a: Magnezone|Magnezone|82/100
|move|p1a: ICameFromLeddit|Swords Dance|p1a: ICameFromLeddit
|-boost|p1a: ICameFromLeddit|atk|2
|
|-weather|RainDance|[upkeep]
|-heal|p1a: ICameFromLeddit|61/100|[from] item: Leftovers
|upkeep
|turn|32
|
|switch|p2a: Forretress|Forretress, M|45/100
|move|p1a: ICameFromLeddit|Sucker Punch||[still]
|-fail|p1a: ICameFromLeddit
|
|-weather|RainDance|[upkeep]
|-heal|p1a: ICameFromLeddit|67/100|[from] item: Leftovers
|-heal|p2a: Forretress|52/100|[from] item: Leftovers
|upkeep
|turn|33
|
|move|p1a: ICameFromLeddit|Swords Dance|p1a: ICameFromLeddit
|-boost|p1a: ICameFromLeddit|atk|2
|move|p2a: Forretress|Zap Cannon|p1a: ICameFromLeddit|[miss]
|-miss|p2a: Forretress|p1a: ICameFromLeddit
|
|-weather|RainDance|[upkeep]
|-heal|p1a: ICameFromLeddit|73/100|[from] item: Leftovers
|-heal|p2a: Forretress|58/100|[from] item: Leftovers
|upkeep
|turn|34
|
|move|p1a: ICameFromLeddit|Low Kick|p2a: Forretress
|-damage|p2a: Forretress|0 fnt
|faint|p2a: Forretress
|
|-weather|RainDance|[upkeep]
|-heal|p1a: ICameFromLeddit|79/100|[from] item: Leftovers
|upkeep
|
|switch|p2a: Tornadus|Tornadus, M|77/100
|turn|35
|
|move|p2a: Tornadus|Tailwind|p2a: Tornadus
|-sidestart|p2: doughboy|move: Tailwind
|move|p1a: ICameFromLeddit|Sucker Punch||[still]
|-fail|p1a: ICameFromLeddit
|
|-weather|RainDance|[upkeep]
|-heal|p1a: ICameFromLeddit|85/100|[from] item: Leftovers
|upkeep
|turn|36
|
|move|p1a: ICameFromLeddit|Sucker Punch|p2a: Tornadus
|-damage|p2a: Tornadus|0 fnt
|faint|p2a: Tornadus
|
|-weather|RainDance|[upkeep]
|-heal|p1a: ICameFromLeddit|91/100|[from] item: Leftovers
|upkeep
|
|switch|p2a: Magnezone|Magnezone|82/100
|turn|37
|
|move|p1a: ICameFromLeddit|Sucker Punch|p2a: Magnezone
|-resisted|p2a: Magnezone
|-damage|p2a: Magnezone|18/100
|move|p2a: Magnezone|Hidden Power|p1a: ICameFromLeddit
|-supereffective|p1a: ICameFromLeddit
|-damage|p1a: ICameFromLeddit|0 fnt
|faint|p1a: ICameFromLeddit
|
|-weather|RainDance|[upkeep]
|upkeep
|
|switch|p1a: My lil Mob Blurri|Keldeo-Resolute|94/100
|-damage|p1a: My lil Mob Blurri|88/100|[from] Stealth Rock
|turn|38
|
|move|p2a: Magnezone|Hidden Power|p1a: My lil Mob Blurri
|-damage|p1a: My lil Mob Blurri|45/100
|move|p1a: My lil Mob Blurri|Substitute|p1a: My lil Mob Blurri
|-start|p1a: My lil Mob Blurri|Substitute
|-damage|p1a: My lil Mob Blurri|21/100
|
|-weather|RainDance|[upkeep]
|-heal|p1a: My lil Mob Blurri|27/100|[from] item: Leftovers
|-sideend|p2: doughboy|move: Tailwind
|upkeep
|turn|39
|
|move|p1a: My lil Mob Blurri|Secret Sword|p2a: Magnezone
|-supereffective|p2a: Magnezone
|-damage|p2a: Magnezone|0 fnt
|faint|p2a: Magnezone
|
|-weather|RainDance|[upkeep]
|-heal|p1a: My lil Mob Blurri|33/100|[from] item: Leftovers
|upkeep
|
|switch|p2a: Politoed|Politoed, M|43/100 brn
|turn|40
|
|move|p1a: My lil Mob Blurri|Secret Sword|p2a: Politoed
|-damage|p2a: Politoed|6/100 brn
|move|p2a: Politoed|Perish Song|p2a: Politoed
|-start|p1a: My lil Mob Blurri|perish3|[silent]
|-start|p2a: Politoed|perish3|[silent]
|-fieldactivate|move: Perish Song
|
|-weather|RainDance|[upkeep]
|-heal|p1a: My lil Mob Blurri|39/100|[from] item: Leftovers
|-heal|p2a: Politoed|12/100 brn|[from] item: Leftovers
|-damage|p2a: Politoed|0 fnt|[from] brn
|faint|p2a: Politoed
|-start|p1a: My lil Mob Blurri|perish3
|upkeep
|
|switch|p2a: Vaporeon|Vaporeon, F|85/100
|turn|41
|
|move|p1a: My lil Mob Blurri|Secret Sword|p2a: Vaporeon
|-damage|p2a: Vaporeon|54/100
|move|p2a: Vaporeon|Baton Pass|p2a: Vaporeon
|
|switch|p2a: Kyurem|Kyurem-Black|100/100|[from]move: Baton Pass
|-ability|p2a: Kyurem|Teravolt
|
|-weather|RainDance|[upkeep]
|-heal|p1a: My lil Mob Blurri|45/100|[from] item: Leftovers
|-start|p1a: My lil Mob Blurri|perish2
|upkeep
|turn|42
|
|switch|p2a: Vaporeon|Vaporeon, F|54/100
|move|p1a: My lil Mob Blurri|Secret Sword|p2a: Vaporeon
|-damage|p2a: Vaporeon|20/100
|
|-weather|RainDance|[upkeep]
|-heal|p1a: My lil Mob Blurri|52/100|[from] item: Leftovers
|-heal|p2a: Vaporeon|26/100|[from] item: Leftovers
|-start|p1a: My lil Mob Blurri|perish1
|upkeep
|turn|43
|
|switch|p1a: Cleanerthanrotomw|Chansey, F|88/100
|-damage|p1a: Cleanerthanrotomw|76/100|[from] Stealth Rock
|move|p2a: Vaporeon|Rest|p2a: Vaporeon
|-status|p2a: Vaporeon|slp|[from] move: Rest
|-heal|p2a: Vaporeon|100/100 slp|[silent]
|
|-weather|RainDance|[upkeep]
|-activate|p2a: Vaporeon|ability: Hydration
|-curestatus|p2a: Vaporeon|slp|[msg]
|upkeep
|turn|44
|
|move|p2a: Vaporeon|Work Up|p2a: Vaporeon
|-boost|p2a: Vaporeon|atk|1
|-boost|p2a: Vaporeon|spa|1
|move|p1a: Cleanerthanrotomw|Seismic Toss|p2a: Vaporeon
|-damage|p2a: Vaporeon|79/100
|
|-weather|RainDance|[upkeep]
|-heal|p2a: Vaporeon|85/100|[from] item: Leftovers
|upkeep
|turn|45
|
|switch|p1a: Teleee is 18|Venusaur, M|68/100
|-damage|p1a: Teleee is 18|55/100|[from] Stealth Rock
|move|p2a: Vaporeon|Work Up|p2a: Vaporeon
|-boost|p2a: Vaporeon|atk|1
|-boost|p2a: Vaporeon|spa|1
|
|-weather|RainDance|[upkeep]
|-heal|p1a: Teleee is 18|61/100|[from] item: Black Sludge
|-heal|p2a: Vaporeon|91/100|[from] item: Leftovers
|upkeep
|turn|46
|
|switch|p2a: Kyurem|Kyurem-Black|100/100
|-ability|p2a: Kyurem|Teravolt
|move|p1a: Teleee is 18|Leech Seed|p2a: Kyurem
|-start|p2a: Kyurem|move: Leech Seed
|
|-weather|RainDance|[upkeep]
|-heal|p1a: Teleee is 18|67/100|[from] item: Black Sludge
|-damage|p2a: Kyurem|88/100|[from] Leech Seed|[of] p1a: Teleee is 18
|-heal|p1a: Teleee is 18|80/100|[silent]
|upkeep
|turn|47
|
|switch|p1a: Cleanerthanrotomw|Chansey, F|76/100
|-damage|p1a: Cleanerthanrotomw|63/100|[from] Stealth Rock
|move|p2a: Kyurem|Outrage|p1a: Cleanerthanrotomw
|-damage|p1a: Cleanerthanrotomw|0 fnt
|faint|p1a: Cleanerthanrotomw
|
|-weather|RainDance|[upkeep]
|upkeep
|
|switch|p1a: My lil Mob Blurri|Keldeo-Resolute|52/100
|-damage|p1a: My lil Mob Blurri|45/100|[from] Stealth Rock
|turn|48
|
|move|p1a: My lil Mob Blurri|Substitute|p1a: My lil Mob Blurri
|-start|p1a: My lil Mob Blurri|Substitute
|-damage|p1a: My lil Mob Blurri|21/100
|move|p2a: Kyurem|Outrage|p1a: My lil Mob Blurri|[from]lockedmove
|-end|p1a: My lil Mob Blurri|Substitute
|
|-weather|RainDance|[upkeep]
|-heal|p1a: My lil Mob Blurri|27/100|[from] item: Leftovers
|-damage|p2a: Kyurem|76/100|[from] Leech Seed|[of] p1a: My lil Mob Blurri
|-heal|p1a: My lil Mob Blurri|42/100|[silent]
|upkeep
|turn|49
|
|move|p1a: My lil Mob Blurri|Substitute|p1a: My lil Mob Blurri
|-start|p1a: My lil Mob Blurri|Substitute
|-damage|p1a: My lil Mob Blurri|17/100
|move|p2a: Kyurem|Outrage|p1a: My lil Mob Blurri|[from]lockedmove
|-end|p1a: My lil Mob Blurri|Substitute
|-start|p2a: Kyurem|confusion|[fatigue]
|
|-weather|RainDance|[upkeep]
|-heal|p1a: My lil Mob Blurri|23/100|[from] item: Leftovers
|-damage|p2a: Kyurem|64/100|[from] Leech Seed|[of] p1a: My lil Mob Blurri
|-heal|p1a: My lil Mob Blurri|38/100|[silent]
|upkeep
|turn|50
|
|switch|p2a: Vaporeon|Vaporeon, F|91/100
|move|p1a: My lil Mob Blurri|Substitute|p1a: My lil Mob Blurri
|-start|p1a: My lil Mob Blurri|Substitute
|-damage|p1a: My lil Mob Blurri|13/100
|
|-weather|RainDance|[upkeep]
|-heal|p1a: My lil Mob Blurri|19/100|[from] item: Leftovers
|-heal|p2a: Vaporeon|98/100|[from] item: Leftovers
|upkeep
|turn|51
|
|move|p1a: My lil Mob Blurri|Calm Mind|p1a: My lil Mob Blurri
|-boost|p1a: My lil Mob Blurri|spa|1
|-boost|p1a: My lil Mob Blurri|spd|1
|move|p2a: Vaporeon|Scald|p1a: My lil Mob Blurri
|-resisted|p1a: My lil Mob Blurri
|-activate|p1a: My lil Mob Blurri|Substitute|[damage]
|
|-weather|RainDance|[upkeep]
|-heal|p1a: My lil Mob Blurri|26/100|[from] item: Leftovers
|-heal|p2a: Vaporeon|100/100|[from] item: Leftovers
|upkeep
|turn|52
|
|move|p1a: My lil Mob Blurri|Calm Mind|p1a: My lil Mob Blurri
|-boost|p1a: My lil Mob Blurri|spa|1
|-boost|p1a: My lil Mob Blurri|spd|1
|move|p2a: Vaporeon|Scald|p1a: My lil Mob Blurri
|-resisted|p1a: My lil Mob Blurri
|-end|p1a: My lil Mob Blurri|Substitute
|
|-weather|RainDance|[upkeep]
|-heal|p1a: My lil Mob Blurri|32/100|[from] item: Leftovers
|upkeep
|turn|53
|
|move|p1a: My lil Mob Blurri|Substitute|p1a: My lil Mob Blurri
|-start|p1a: My lil Mob Blurri|Substitute
|-damage|p1a: My lil Mob Blurri|7/100
|move|p2a: Vaporeon|Work Up|p2a: Vaporeon
|-boost|p2a: Vaporeon|atk|1
|-boost|p2a: Vaporeon|spa|1
|
|-weather|RainDance|[upkeep]
|-heal|p1a: My lil Mob Blurri|13/100|[from] item: Leftovers
|upkeep
|turn|54
|
|move|p1a: My lil Mob Blurri|Secret Sword|p2a: Vaporeon
|-damage|p2a: Vaporeon|36/100
|move|p2a: Vaporeon|Scald|p1a: My lil Mob Blurri
|-resisted|p1a: My lil Mob Blurri
|-activate|p1a: My lil Mob Blurri|Substitute|[damage]
|
|-weather|RainDance|[upkeep]
|-heal|p1a: My lil Mob Blurri|19/100|[from] item: Leftovers
|-heal|p2a: Vaporeon|42/100|[from] item: Leftovers
|upkeep
|turn|55
|
|move|p1a: My lil Mob Blurri|Secret Sword|p2a: Vaporeon
|-damage|p2a: Vaporeon|0 fnt
|faint|p2a: Vaporeon
|
|-weather|RainDance|[upkeep]
|-heal|p1a: My lil Mob Blurri|26/100|[from] item: Leftovers
|upkeep
|c|☆Bloodclat|gg
|
|switch|p2a: Kyurem|Kyurem-Black|64/100
|-ability|p2a: Kyurem|Teravolt
|turn|56
|
|move|p1a: My lil Mob Blurri|Secret Sword|p2a: Kyurem
|-supereffective|p2a: Kyurem
|-damage|p2a: Kyurem|0 fnt
|faint|p2a: Kyurem
|
|win|Bloodclat
|l|☆doughboy
|raw|Bloodclat's rating: 1527 &rarr; <strong>1539</strong><br />(+12 for winning)
|raw|doughboy's rating: 1380 &rarr; <strong>1368</strong><br />(-12 for losing)
