|j|☆SattleBimulator
|j|☆daddy_days
|t:|1739465200
|gametype|singles
|player|p1|SattleBimulator|169|1258
|player|p2|daddy_days|hugh|1457
|teamsize|p1|6
|teamsize|p2|6
|gen|5
|tier|[Gen 5] OU
|rated|
|rule|Species Clause: Limit one of each Pokémon
|rule|OHKO Clause: OHKO moves are banned
|rule|Moody Clause: Moody is banned
|rule|Evasion Items Clause: Evasion items are banned
|rule|Evasion Moves Clause: Evasion moves are banned
|rule|Endless Battle Clause: Forcing endless battles is banned
|rule|HP Percentage Mod: HP is shown in percentages
|rule|Evasion Abilities Clause: Evasion abilities are banned
|rule|Sleep Moves Clause: Sleep-inducing moves are banned
|rule|Swagger Clause: Swagger is banned
|rule|Baton Pass Stat Clause: No Baton Passer may have a way to boost its stats
|clearpoke
|poke|p1|Politoed, F|item
|poke|p1|Thundurus-Therian, M|item
|poke|p1|Keldeo-Resolute|item
|poke|p1|Starmie|item
|poke|p1|Latios, M|item
|poke|p1|Rotom-Wash|item
|poke|p2|Kyurem-Black|item
|poke|p2|Garchomp, M|item
|poke|p2|Starmie|item
|poke|p2|Conkeldurr, M|item
|poke|p2|Bisharp, M|item
|poke|p2|Scyther, F|item
|teampreview
|inactive|Battle timer is ON: inactive players will automatically lose when time's up. (requested by SattleBimulator)
|inactive|daddy_days has 120 seconds left.
|
|t:|1739465246
|start
|switch|p1a: Politoed|Politoed, F|100/100
|switch|p2a: Insane Dwayne|Kyurem-Black|100/100
|-ability|p2a: Insane Dwayne|Teravolt
|-weather|RainDance|[from] ability: Drizzle|[of] p1a: Politoed
|turn|1
|
|t:|1739465253
|move|p2a: Insane Dwayne|Outrage|p1a: Politoed
|-damage|p1a: Politoed|0 fnt
|faint|p1a: Politoed
|
|-weather|RainDance|[upkeep]
|upkeep
|
|t:|1739465259
|switch|p1a: Latios|Latios, M|100/100
|turn|2
|
|t:|1739465263
|move|p1a: Latios|Draco Meteor|p2a: Insane Dwayne
|-supereffective|p2a: Insane Dwayne
|-damage|p2a: Insane Dwayne|0 fnt
|-unboost|p1a: Latios|spa|2
|faint|p2a: Insane Dwayne
|
|-weather|RainDance|[upkeep]
|upkeep
|
|t:|1739465271
|switch|p2a: Bisharp|Bisharp, M|100/100
|-item|p2a: Bisharp|Air Balloon
|turn|3
|
|t:|1739465276
|-activate|p1a: Latios|move: Pursuit
|move|p2a: Bisharp|Pursuit|p1a: Latios|[from] Pursuit
|-supereffective|p1a: Latios
|-damage|p1a: Latios|0 fnt
|faint|p1a: Latios
|-hint|A Pokemon can't switch between when it runs out of HP and when it faints
|
|-weather|RainDance|[upkeep]
|upkeep
|
|t:|1739465280
|switch|p1a: Thundurus|Thundurus-Therian, M|100/100
|turn|4
|
|t:|1739465285
|move|p1a: Thundurus|Focus Blast|p2a: Bisharp
|-supereffective|p2a: Bisharp
|-crit|p2a: Bisharp
|-damage|p2a: Bisharp|0 fnt
|-enditem|p2a: Bisharp|Air Balloon
|faint|p2a: Bisharp
|-damage|p1a: Thundurus|91/100|[from] item: Life Orb
|
|-weather|RainDance|[upkeep]
|upkeep
|
|t:|1739465315
|switch|p2a: Starmie|Starmie|100/100
|turn|5
|
|t:|1739465320
|switch|p1a: Rotom|Rotom-Wash|100/100
|move|p2a: Starmie|Hydro Pump|p1a: Rotom
|-resisted|p1a: Rotom
|-damage|p1a: Rotom|57/100
|
|-weather|RainDance|[upkeep]
|upkeep
|turn|6
|
|t:|1739465330
|switch|p2a: Garchomp|Garchomp, M|100/100
|move|p1a: Rotom|Hydro Pump|p2a: Garchomp
|-damage|p2a: Garchomp|28/100
|
|-weather|RainDance|[upkeep]
|upkeep
|turn|7
|
|t:|1739465337
|move|p1a: Rotom|Hydro Pump|p2a: Garchomp
|-damage|p2a: Garchomp|0 fnt
|faint|p2a: Garchomp
|
|-weather|RainDance|[upkeep]
|upkeep
|
|t:|1739465345
|switch|p2a: Starmie|Starmie|100/100
|turn|8
|
|t:|1739465350
|switch|p1a: Starmie|Starmie|100/100
|-item|p1a: Starmie|Air Balloon
|move|p2a: Starmie|Hydro Pump|p1a: Starmie
|-resisted|p1a: Starmie
|-damage|p1a: Starmie|53/100
|-enditem|p1a: Starmie|Air Balloon
|
|-weather|RainDance|[upkeep]
|upkeep
|turn|9
|
|t:|1739465361
|move|p1a: Starmie|Thunder|p2a: Starmie
|-supereffective|p2a: Starmie
|-damage|p2a: Starmie|16/100
|-status|p2a: Starmie|par
|move|p2a: Starmie|Hydro Pump|p1a: Starmie
|-resisted|p1a: Starmie
|-damage|p1a: Starmie|6/100
|
|-weather|RainDance|[upkeep]
|-heal|p2a: Starmie|22/100 par|[from] item: Leftovers
|upkeep
|turn|10
|
|t:|1739465372
|-curestatus|p2a: Starmie|par|[from] ability: Natural Cure
|switch|p2a: Conkeldurr|Conkeldurr, M|100/100
|move|p1a: Starmie|Thunder|p2a: Conkeldurr
|-damage|p2a: Conkeldurr|55/100
|
|-weather|RainDance|[upkeep]
|-heal|p2a: Conkeldurr|62/100|[from] item: Leftovers
|upkeep
|turn|11
|
|t:|1739465381
|move|p2a: Conkeldurr|Mach Punch|p1a: Starmie
|-resisted|p1a: Starmie
|-damage|p1a: Starmie|0 fnt
|faint|p1a: Starmie
|
|-weather|RainDance|[upkeep]
|-heal|p2a: Conkeldurr|68/100|[from] item: Leftovers
|upkeep
|
|t:|1739465385
|switch|p1a: Thundurus|Thundurus-Therian, M|91/100
|turn|12
|
|t:|1739465394
|move|p1a: Thundurus|Thunder|p2a: Conkeldurr
|-crit|p2a: Conkeldurr
|-damage|p2a: Conkeldurr|0 fnt
|faint|p2a: Conkeldurr
|-damage|p1a: Thundurus|81/100|[from] item: Life Orb
|
|-weather|RainDance|[upkeep]
|upkeep
|
|t:|1739465400
|switch|p2a: Starmie|Starmie|22/100
|turn|13
|
|t:|1739465406
|move|p2a: Starmie|Hydro Pump|p1a: Thundurus|[miss]
|-miss|p2a: Starmie|p1a: Thundurus
|move|p1a: Thundurus|Thunder|p2a: Starmie
|-supereffective|p2a: Starmie
|-damage|p2a: Starmie|0 fnt
|faint|p2a: Starmie
|-damage|p1a: Thundurus|71/100|[from] item: Life Orb
|
|-weather|RainDance|[upkeep]
|upkeep
|-message|daddy_days forfeited.
|
|win|SattleBimulator
|raw|SattleBimulator's rating: 1258 &rarr; <strong>1296</strong><br />(+38 for winning)
|raw|daddy_days's rating: 1457 &rarr; <strong>1427</strong><br />(-30 for losing)
|l|☆daddy_days
|player|p2|
