|j|☆disastercannoneer
|j|☆dnite56
|player|p1|disastercannoneer|dragontamer|1507
|player|p2|dnite56|psychic-gen3|1432
|teamsize|p1|6
|teamsize|p2|6
|gametype|singles
|gen|5
|tier|[Gen 5] OU
|rated|
|clearpoke
|poke|p1|Tyranitar, M|item
|poke|p1|Landorus-Therian, M|item
|poke|p1|Excadrill, M|item
|poke|p1|Rotom-Wash|item
|poke|p1|Amoonguss, F|item
|poke|p1|Mamoswine, F|item
|poke|p2|Terrakion|item
|poke|p2|Tyranitar, F|item
|poke|p2|Latios, M|item
|poke|p2|Rotom-Wash|item
|poke|p2|Landorus-Therian, M|item
|poke|p2|Reuniclus, M|item
|rule|Species Clause: Limit one of each Pokémon
|rule|OHKO Clause: OHKO moves are banned
|rule|Moody Clause: Moody is banned
|rule|Evasion Moves Clause: Evasion moves are banned
|rule|Endless Battle Clause: Forcing endless battles is banned
|rule|HP Percentage Mod: HP is shown in percentages
|rule|Evasion Abilities Clause: Evasion abilities are banned
|rule|Baton Pass Clause: Limit one Baton Passer, can't pass Spe and other stats simultaneously
|rule|Sleep Clause: Sleep-inducing moves are banned
|rule|Swagger Clause: Swagger is banned
|teampreview
|inactive|Battle timer is ON: inactive players will automatically lose when time's up. (requested by disastercannoneer)
|
|start
|switch|p1a: Amoonguss|Amoonguss, F|100/100
|switch|p2a: Rotom|Rotom-Wash|100/100
|turn|1
|
|move|p2a: Rotom|Will-O-Wisp|p1a: Amoonguss
|-status|p1a: Amoonguss|brn
|move|p1a: Amoonguss|Giga Drain|p2a: Rotom
|-supereffective|p2a: Rotom
|-damage|p2a: Rotom|66/100
|
|-heal|p2a: Rotom|72/100|[from] item: Leftovers
|-damage|p1a: Amoonguss|88/100 brn|[from] brn
|upkeep
|turn|2
|j| Rheumatoid
|inactive|dnite56 has 120 seconds left.
|
|switch|p2a: Tyranitar|Tyranitar, F|100/100
|-weather|Sandstorm|[from] ability: Sand Stream|[of] p2a: Tyranitar
|move|p1a: Amoonguss|Stun Spore|p2a: Tyranitar
|-status|p2a: Tyranitar|par
|
|-weather|Sandstorm|[upkeep]
|-damage|p1a: Amoonguss|82/100 brn|[from] Sandstorm
|-heal|p1a: Amoonguss|88/100 brn|[from] item: Black Sludge
|-damage|p1a: Amoonguss|76/100 brn|[from] brn
|upkeep
|turn|3
|
|switch|p1a: Landorus|Landorus-Therian, M|100/100
|-ability|p1a: Landorus|Intimidate|boost
|-unboost|p2a: Tyranitar|atk|1
|cant|p2a: Tyranitar|par
|
|-weather|Sandstorm|[upkeep]
|upkeep
|turn|4
|
|move|p1a: Landorus|U-turn|p2a: Tyranitar
|-supereffective|p2a: Tyranitar
|-damage|p2a: Tyranitar|58/100 par
|
|switch|p1a: Excadrill|Excadrill, M|100/100|[from]move: U-turn
|cant|p2a: Tyranitar|par
|
|-weather|Sandstorm|[upkeep]
|upkeep
|turn|5
|
|switch|p1a: Rotom|Rotom-Wash|100/100
|switch|p2a: Landorus|Landorus-Therian, M|100/100
|-ability|p2a: Landorus|Intimidate|boost
|-unboost|p1a: Rotom|atk|1
|
|-weather|Sandstorm|[upkeep]
|-damage|p1a: Rotom|95/100|[from] Sandstorm
|-heal|p1a: Rotom|100/100|[from] item: Leftovers
|upkeep
|turn|6
|j| Coringa Mexicano
|inactive|disastercannoneer has 120 seconds left.
|inactive|disastercannoneer has 90 seconds left.
|inactive|disastercannoneer has 60 seconds left.
|
|move|p2a: Landorus|U-turn|p1a: Rotom
|-damage|p1a: Rotom|80/100
|
|switch|p2a: Tyranitar|Tyranitar, F|58/100 par|[from]move: U-turn
|move|p1a: Rotom|Volt Switch|p2a: Tyranitar
|-damage|p2a: Tyranitar|43/100 par
|
|switch|p1a: Excadrill|Excadrill, M|100/100|[from]move: Volt Switch
|
|-weather|Sandstorm|[upkeep]
|upkeep
|turn|7
|
|switch|p2a: Landorus|Landorus-Therian, M|100/100
|-ability|p2a: Landorus|Intimidate|boost
|-unboost|p1a: Excadrill|atk|1
|move|p1a: Excadrill|Iron Head|p2a: Landorus
|-damage|p2a: Landorus|54/100
|
|-weather|Sandstorm|[upkeep]
|upkeep
|turn|8
|inactive|dnite56 has 120 seconds left.
|
|move|p1a: Excadrill|Protect|p1a: Excadrill
|-singleturn|p1a: Excadrill|Protect
|move|p2a: Landorus|U-turn|p1a: Excadrill
|-activate|p1a: Excadrill|move: Protect
|
|-weather|Sandstorm|[upkeep]
|upkeep
|turn|9
|
|switch|p1a: Landorus|Landorus-Therian, M|100/100
|-ability|p1a: Landorus|Intimidate|boost
|-unboost|p2a: Landorus|atk|1
|move|p2a: Landorus|U-turn|p1a: Landorus
|-resisted|p1a: Landorus
|-damage|p1a: Landorus|90/100
|
|switch|p2a: Reuniclus|Reuniclus, M|100/100|[from]move: U-turn
|
|-weather|Sandstorm|[upkeep]
|upkeep
|turn|10
|
|move|p1a: Landorus|U-turn|p2a: Reuniclus
|-supereffective|p2a: Reuniclus
|-damage|p2a: Reuniclus|63/100
|inactive|disastercannoneer has 60 seconds left.
|
|switch|p1a: Tyranitar|Tyranitar, M|100/100|[from]move: U-turn
|move|p2a: Reuniclus|Focus Blast|p1a: Tyranitar
|-supereffective|p1a: Tyranitar
|-damage|p1a: Tyranitar|41/100
|
|-weather|Sandstorm|[upkeep]
|-heal|p2a: Reuniclus|69/100|[from] item: Leftovers
|upkeep
|turn|11
|inactive|disastercannoneer has 60 seconds left.
|inactive|dnite56 has 120 seconds left.
|
|move|p1a: Tyranitar|Pursuit|p2a: Reuniclus
|-supereffective|p2a: Reuniclus
|-damage|p2a: Reuniclus|39/100
|move|p2a: Reuniclus|Focus Blast|p1a: Tyranitar
|-supereffective|p1a: Tyranitar
|-damage|p1a: Tyranitar|0 fnt
|faint|p1a: Tyranitar
|
|-weather|Sandstorm|[upkeep]
|-heal|p2a: Reuniclus|45/100|[from] item: Leftovers
|upkeep
|
|switch|p1a: Excadrill|Excadrill, M|100/100
|turn|12
|
|switch|p2a: Rotom|Rotom-Wash|72/100
|move|p1a: Excadrill|Iron Head|p2a: Rotom
|-resisted|p2a: Rotom
|-crit|p2a: Rotom
|-damage|p2a: Rotom|41/100
|
|-weather|Sandstorm|[upkeep]
|-damage|p2a: Rotom|35/100|[from] Sandstorm
|-heal|p2a: Rotom|41/100|[from] item: Leftovers
|upkeep
|turn|13
|inactive|disastercannoneer has 60 seconds left.
|
|switch|p1a: Rotom|Rotom-Wash|80/100
|move|p2a: Rotom|Pain Split|p1a: Rotom
|-sethp|p1a: Rotom|61/100|[from] move: Pain Split|[silent]
|-sethp|p2a: Rotom|61/100|[from] move: Pain Split
|
|-weather|Sandstorm|[upkeep]
|-damage|p1a: Rotom|55/100|[from] Sandstorm
|-damage|p2a: Rotom|55/100|[from] Sandstorm
|-heal|p1a: Rotom|61/100|[from] item: Leftovers
|-heal|p2a: Rotom|61/100|[from] item: Leftovers
|upkeep
|turn|14
|inactive|dnite56 has 120 seconds left.
|
|switch|p2a: Tyranitar|Tyranitar, F|43/100 par
|move|p1a: Rotom|Will-O-Wisp||[still]
|-fail|p1a: Rotom
|
|-weather|Sandstorm|[upkeep]
|-damage|p1a: Rotom|55/100|[from] Sandstorm
|-heal|p1a: Rotom|61/100|[from] item: Leftovers
|upkeep
|turn|15
|
|move|p1a: Rotom|Volt Switch|p2a: Tyranitar
|-crit|p2a: Tyranitar
|-damage|p2a: Tyranitar|14/100 par
|
|switch|p1a: Excadrill|Excadrill, M|100/100|[from]move: Volt Switch
|cant|p2a: Tyranitar|par
|
|-weather|Sandstorm|[upkeep]
|upkeep
|turn|16
|
|move|p1a: Excadrill|Iron Head|p2a: Tyranitar
|-supereffective|p2a: Tyranitar
|-damage|p2a: Tyranitar|0 fnt
|faint|p2a: Tyranitar
|
|-weather|Sandstorm|[upkeep]
|upkeep
|
|switch|p2a: Terrakion|Terrakion|100/100
|turn|17
|inactive|dnite56 has 120 seconds left.
|
|switch|p1a: Landorus|Landorus-Therian, M|90/100
|-ability|p1a: Landorus|Intimidate|boost
|-unboost|p2a: Terrakion|atk|1
|move|p2a: Terrakion|Swords Dance|p2a: Terrakion
|-boost|p2a: Terrakion|atk|2
|
|-weather|Sandstorm|[upkeep]
|upkeep
|turn|18
|inactive|dnite56 has 120 seconds left.
|
|move|p2a: Terrakion|Protect|p2a: Terrakion
|-singleturn|p2a: Terrakion|Protect
|move|p1a: Landorus|Earthquake|p2a: Terrakion
|-activate|p2a: Terrakion|move: Protect
|
|-weather|Sandstorm|[upkeep]
|upkeep
|turn|19
|inactive|dnite56 has 120 seconds left.
|
|switch|p1a: Mamoswine|Mamoswine, F|100/100
|move|p2a: Terrakion|Close Combat|p1a: Mamoswine
|-supereffective|p1a: Mamoswine
|-damage|p1a: Mamoswine|0 fnt
|-unboost|p2a: Terrakion|def|1
|-unboost|p2a: Terrakion|spd|1
|faint|p1a: Mamoswine
|
|-weather|Sandstorm|[upkeep]
|upkeep
|c|☆disastercannoneer|gg wp
|-message|disastercannoneer forfeited.
|
|win|dnite56
|l|☆disastercannoneer
|c|☆dnite56|thanks bo
|raw|disastercannoneer's rating: 1507 &rarr; <strong>1484</strong><br />(-23 for losing)
|raw|dnite56's rating: 1455 &rarr; <strong>1478</strong><br />(+23 for winning)
