|j|☆Cakeconnesseur
|j|☆blue in unova
|t:|1724428333
|gametype|singles
|player|p1|Cakeconnesseur|roxie|1362
|player|p2|blue in unova|miku-ground|1424
|teamsize|p1|6
|teamsize|p2|6
|gen|5
|tier|[Gen 5] OU
|rated|
|rule|Species Clause: Limit one of each Pokémon
|rule|OHKO Clause: OHKO moves are banned
|rule|Moody Clause: Moody is banned
|rule|Evasion Items Clause: Evasion items are banned
|rule|Evasion Moves Clause: Evasion moves are banned
|rule|Endless Battle Clause: Forcing endless battles is banned
|rule|HP Percentage Mod: HP is shown in percentages
|rule|Evasion Abilities Clause: Evasion abilities are banned
|rule|Sleep Moves Clause: Sleep-inducing moves are banned
|rule|Swagger Clause: Swagger is banned
|rule|Baton Pass Stat Clause: No Baton Passer may have a way to boost its stats
|clearpoke
|poke|p1|Dragonite, M|item
|poke|p1|Starmie|item
|poke|p1|Garchomp, F|item
|poke|p1|Magnezone|item
|poke|p1|Kyurem-Black|item
|poke|p1|Latios, M|item
|poke|p2|Terrakion|item
|poke|p2|Tyranitar, M|item
|poke|p2|Skarmory, M|item
|poke|p2|Gastrodon, M|item
|poke|p2|Alakazam, M|item
|poke|p2|Latios, M|item
|teampreview
|inactive|Battle timer is ON: inactive players will automatically lose when time's up. (requested by Cakeconnesseur)
|inactive|blue in unova also wants the timer to be on.
|inactive|Cakeconnesseur has 120 seconds left.
|inactive|blue in unova has 120 seconds left.
|
|t:|1724428383
|start
|switch|p1a: Garchomp|Garchomp, F|100/100
|switch|p2a: Sand Streamer|Tyranitar, M, shiny|100/100
|-weather|Sandstorm|[from] ability: Sand Stream|[of] p2a: Sand Streamer
|turn|1
|j| gigi p
|
|t:|1724428394
|switch|p2a: Iron Bird|Skarmory, M|100/100
|move|p1a: Garchomp|Stealth Rock|p2a: Iron Bird
|-sidestart|p2: blue in unova|move: Stealth Rock
|
|-weather|Sandstorm|[upkeep]
|upkeep
|turn|2
|
|t:|1724428402
|switch|p1a: Magnezone|Magnezone|100/100
|move|p2a: Iron Bird|Spikes|p1a: Magnezone
|-sidestart|p1: Cakeconnesseur|Spikes
|
|-weather|Sandstorm|[upkeep]
|upkeep
|turn|3
|
|t:|1724428409
|move|p1a: Magnezone|Thunderbolt|p2a: Iron Bird
|-supereffective|p2a: Iron Bird
|-damage|p2a: Iron Bird|1/100
|-status|p2a: Iron Bird|par
|move|p2a: Iron Bird|Whirlwind|p1a: Magnezone
|drag|p1a: Garchomp|Garchomp, F|100/100
|-damage|p1a: Garchomp|88/100|[from] Spikes
|
|-weather|Sandstorm|[upkeep]
|upkeep
|turn|4
|inactive|Cakeconnesseur has 120 seconds left.
|
|t:|1724428442
|switch|p1a: Magnezone|Magnezone|100/100
|-damage|p1a: Magnezone|88/100|[from] Spikes
|move|p2a: Iron Bird|Roost|p2a: Iron Bird
|-heal|p2a: Iron Bird|52/100 par
|-singleturn|p2a: Iron Bird|move: Roost
|
|-weather|Sandstorm|[upkeep]
|upkeep
|turn|5
|inactive|Cakeconnesseur has 120 seconds left.
|
|t:|1724428468
|move|p1a: Magnezone|Thunderbolt|p2a: Iron Bird
|-supereffective|p2a: Iron Bird
|-damage|p2a: Iron Bird|0 fnt
|faint|p2a: Iron Bird
|
|-weather|Sandstorm|[upkeep]
|upkeep
|
|t:|1724428477
|switch|p2a: Pink >>> Blue|Gastrodon, M|100/100
|-damage|p2a: Pink >>> Blue|94/100|[from] Stealth Rock
|turn|6
|
|t:|1724428483
|switch|p1a: Starmie|Starmie|100/100
|-item|p1a: Starmie|Air Balloon
|move|p2a: Pink >>> Blue|Toxic|p1a: Starmie
|-status|p1a: Starmie|tox
|
|-weather|Sandstorm|[upkeep]
|-damage|p1a: Starmie|94/100 tox|[from] Sandstorm
|-heal|p2a: Pink >>> Blue|100/100|[from] item: Leftovers
|-damage|p1a: Starmie|88/100 tox|[from] psn
|upkeep
|turn|7
|inactive|Cakeconnesseur has 120 seconds left.
|
|t:|1724428490
|move|p1a: Starmie|Rapid Spin|p2a: Pink >>> Blue
|-damage|p2a: Pink >>> Blue|98/100
|-sideend|p1: Cakeconnesseur|Spikes|[from] move: Rapid Spin|[of] p1a: Starmie
|move|p2a: Pink >>> Blue|Scald|p1a: Starmie
|-resisted|p1a: Starmie
|-damage|p1a: Starmie|68/100 tox
|-enditem|p1a: Starmie|Air Balloon
|
|-weather|Sandstorm|[upkeep]
|-damage|p1a: Starmie|62/100 tox|[from] Sandstorm
|-heal|p2a: Pink >>> Blue|100/100|[from] item: Leftovers
|-damage|p1a: Starmie|50/100 tox|[from] psn
|upkeep
|turn|8
|inactive|Cakeconnesseur has 120 seconds left.
|
|t:|1724428513
|switch|p1a: Magnezone|Magnezone|88/100
|move|p2a: Pink >>> Blue|Scald|p1a: Magnezone
|-damage|p1a: Magnezone|54/100
|
|-weather|Sandstorm|[upkeep]
|upkeep
|turn|9
|
|t:|1724428539
|switch|p1a: Garchomp|Garchomp, F|88/100
|switch|p2a: Sand Streamer|Tyranitar, M, shiny|100/100
|-damage|p2a: Sand Streamer|88/100|[from] Stealth Rock
|
|-weather|Sandstorm|[upkeep]
|upkeep
|turn|10
|inactive|blue in unova has 120 seconds left.
|
|t:|1724428556
|switch|p2a: It's a Latios|Latios, M|100/100
|-damage|p2a: It's a Latios|88/100|[from] Stealth Rock
|move|p1a: Garchomp|Earthquake|p2a: It's a Latios
|-immune|p2a: It's a Latios|[from] ability: Levitate
|
|-weather|Sandstorm|[upkeep]
|-damage|p2a: It's a Latios|82/100|[from] Sandstorm
|upkeep
|turn|11
|inactive|blue in unova has 120 seconds left.
|
|t:|1724428566
|switch|p1a: Magnezone|Magnezone|54/100
|move|p2a: It's a Latios|Draco Meteor|p1a: Magnezone
|-resisted|p1a: Magnezone
|-damage|p1a: Magnezone|0 fnt
|-unboost|p2a: It's a Latios|spa|2
|faint|p1a: Magnezone
|
|-weather|Sandstorm|[upkeep]
|-damage|p2a: It's a Latios|76/100|[from] Sandstorm
|upkeep
|j| 0739rocket
|inactive|Cakeconnesseur has 90 seconds left.
|inactive|Cakeconnesseur has 60 seconds left.
|
|t:|1724428644
|switch|p1a: Latios|Latios, M|100/100
|turn|12
|
|t:|1724428653
|switch|p2a: Sand Streamer|Tyranitar, M, shiny|88/100
|-damage|p2a: Sand Streamer|76/100|[from] Stealth Rock
|move|p1a: Latios|Dragon Pulse|p2a: Sand Streamer
|-damage|p2a: Sand Streamer|55/100
|
|-weather|Sandstorm|[upkeep]
|-damage|p1a: Latios|95/100|[from] Sandstorm
|upkeep
|turn|13
|
|t:|1724428659
|move|p1a: Latios|Dragon Pulse|p2a: Sand Streamer
|-damage|p2a: Sand Streamer|35/100
|move|p2a: Sand Streamer|Pursuit|p1a: Latios
|-supereffective|p1a: Latios
|-damage|p1a: Latios|43/100
|
|-weather|Sandstorm|[upkeep]
|-damage|p1a: Latios|37/100|[from] Sandstorm
|upkeep
|turn|14
|
|t:|1724428665
|move|p1a: Latios|Dragon Pulse|p2a: Sand Streamer
|-damage|p2a: Sand Streamer|13/100
|move|p2a: Sand Streamer|Pursuit|p1a: Latios
|-supereffective|p1a: Latios
|-damage|p1a: Latios|0 fnt
|faint|p1a: Latios
|
|-weather|Sandstorm|[upkeep]
|upkeep
|inactive|Cakeconnesseur has 60 seconds left.
|
|t:|1724428687
|switch|p1a: Starmie|Starmie|50/100 tox
|turn|15
|
|t:|1724428692
|move|p1a: Starmie|Ice Beam|p2a: Sand Streamer
|-damage|p2a: Sand Streamer|0 fnt
|faint|p2a: Sand Streamer
|
|-weather|Sandstorm|[upkeep]
|-damage|p1a: Starmie|44/100 tox|[from] Sandstorm
|-damage|p1a: Starmie|38/100 tox|[from] psn
|upkeep
|
|t:|1724428707
|switch|p2a: Iron Boulder'nt|Terrakion|100/100
|-damage|p2a: Iron Boulder'nt|94/100|[from] Stealth Rock
|turn|16
|inactive|blue in unova has 120 seconds left.
|inactive|blue in unova has 90 seconds left.
|inactive|blue in unova has 60 seconds left.
|
|t:|1724428802
|move|p1a: Starmie|Hydro Pump|p2a: Iron Boulder'nt
|-supereffective|p2a: Iron Boulder'nt
|-damage|p2a: Iron Boulder'nt|8/100
|move|p2a: Iron Boulder'nt|Close Combat|p1a: Starmie
|-resisted|p1a: Starmie
|-damage|p1a: Starmie|0 fnt
|-unboost|p2a: Iron Boulder'nt|def|1
|-unboost|p2a: Iron Boulder'nt|spd|1
|faint|p1a: Starmie
|
|-weather|Sandstorm|[upkeep]
|upkeep
|inactive|Cakeconnesseur has 60 seconds left.
|
|t:|1724428819
|switch|p1a: Dragonite|Dragonite, M|100/100
|turn|17
|inactive|blue in unova has 60 seconds left.
|
|t:|1724428836
|move|p1a: Dragonite|Extreme Speed|p2a: Iron Boulder'nt
|-resisted|p2a: Iron Boulder'nt
|-damage|p2a: Iron Boulder'nt|0 fnt
|faint|p2a: Iron Boulder'nt
|
|-weather|Sandstorm|[upkeep]
|-damage|p1a: Dragonite|94/100|[from] Sandstorm
|upkeep
|inactive|blue in unova has 60 seconds left.
|
|t:|1724428855
|switch|p2a: Spoon|Alakazam, M|100/100
|turn|18
|
|t:|1724428868
|move|p1a: Dragonite|Extreme Speed|p2a: Spoon
|-damage|p2a: Spoon|16/100
|move|p2a: Spoon|Hidden Power|p1a: Dragonite
|-supereffective|p1a: Dragonite
|-damage|p1a: Dragonite|0 fnt
|faint|p1a: Dragonite
|
|-weather|Sandstorm|[upkeep]
|upkeep
|
|t:|1724428880
|switch|p1a: Kyurem|Kyurem-Black|100/100
|-ability|p1a: Kyurem|Teravolt
|turn|19
|inactive|blue in unova has 60 seconds left.
|inactive|blue in unova has 30 seconds left.
|j| CertamenMeum
|inactive|blue in unova has 20 seconds left.
|inactive|blue in unova has 15 seconds left.
|
|t:|1724428944
|move|p2a: Spoon|Focus Blast|p1a: Kyurem
|-supereffective|p1a: Kyurem
|-damage|p1a: Kyurem|19/100
|move|p1a: Kyurem|Ice Beam|p2a: Spoon
|-crit|p2a: Spoon
|-damage|p2a: Spoon|0 fnt
|faint|p2a: Spoon
|
|-weather|Sandstorm|[upkeep]
|-damage|p1a: Kyurem|13/100|[from] Sandstorm
|upkeep
|inactive|blue in unova has 20 seconds left this turn.
|inactive|blue in unova has 15 seconds left.
|
|t:|1724428953
|switch|p2a: It's a Latios|Latios, M|76/100
|-damage|p2a: It's a Latios|64/100|[from] Stealth Rock
|turn|20
|inactive|blue in unova has 25 seconds left this turn.
|inactive|blue in unova has 20 seconds left.
|
|t:|1724428958
|move|p2a: It's a Latios|Surf|p1a: Kyurem
|-resisted|p1a: Kyurem
|-damage|p1a: Kyurem|0 fnt
|faint|p1a: Kyurem
|
|-weather|Sandstorm|[upkeep]
|-damage|p2a: It's a Latios|58/100|[from] Sandstorm
|upkeep
|inactive|blue in unova has 25 seconds left this turn.
|
|t:|1724428962
|switch|p1a: Garchomp|Garchomp, F|88/100
|turn|21
|inactive|Cakeconnesseur has 90 seconds left.
|inactive|blue in unova has 30 seconds left.
|inactive|blue in unova has 20 seconds left.
|
|t:|1724428977
|move|p2a: It's a Latios|Surf|p1a: Garchomp
|-damage|p1a: Garchomp|32/100
|move|p1a: Garchomp|Outrage|p2a: It's a Latios
|-supereffective|p2a: It's a Latios
|-damage|p2a: It's a Latios|0 fnt
|faint|p2a: It's a Latios
|
|-weather|Sandstorm|[upkeep]
|upkeep
|inactive|blue in unova has 25 seconds left this turn.
|inactive|blue in unova has 20 seconds left.
|
|t:|1724428984
|switch|p2a: Pink >>> Blue|Gastrodon, M|100/100
|-damage|p2a: Pink >>> Blue|94/100|[from] Stealth Rock
|turn|22
|inactive|blue in unova has 30 seconds left this turn.
|
|t:|1724428988
|move|p1a: Garchomp|Outrage|p2a: Pink >>> Blue|[from]lockedmove
|-damage|p2a: Pink >>> Blue|51/100
|-start|p1a: Garchomp|confusion|[fatigue]
|move|p2a: Pink >>> Blue|Ice Beam|p1a: Garchomp
|-supereffective|p1a: Garchomp
|-damage|p1a: Garchomp|0 fnt
|faint|p1a: Garchomp
|
|win|blue in unova
|raw|Cakeconnesseur's rating: 1362 &rarr; <strong>1346</strong><br />(-16 for losing)
|raw|blue in unova's rating: 1424 &rarr; <strong>1440</strong><br />(+16 for winning)
|l|☆Cakeconnesseur
|player|p1|
