|j|☆Primary Trout
|j|☆ms breadner
|t:|1724981805
|gametype|singles
|player|p1|Primary Trout|marshal|1382
|player|p2|ms breadner|101|1308
|teamsize|p1|6
|teamsize|p2|6
|gen|5
|tier|[Gen 5] OU
|rated|
|rule|Species Clause: Limit one of each Pokémon
|rule|OHKO Clause: OHKO moves are banned
|rule|Moody Clause: Moody is banned
|rule|Evasion Items Clause: Evasion items are banned
|rule|Evasion Moves Clause: Evasion moves are banned
|rule|Endless Battle Clause: Forcing endless battles is banned
|rule|HP Percentage Mod: HP is shown in percentages
|rule|Evasion Abilities Clause: Evasion abilities are banned
|rule|Sleep Moves Clause: Sleep-inducing moves are banned
|rule|Swagger Clause: Swagger is banned
|rule|Baton Pass Stat Clause: No Baton Passer may have a way to boost its stats
|clearpoke
|poke|p1|Landorus-Therian, M|item
|poke|p1|Scizor, M|item
|poke|p1|Rotom-Wash|item
|poke|p1|Celebi|item
|poke|p1|Tyranitar, F|item
|poke|p1|Alakazam, M|item
|poke|p2|Politoed, F|item
|poke|p2|Tentacruel, F|item
|poke|p2|Ferrothorn, M|item
|poke|p2|Keldeo-Resolute|item
|poke|p2|Latios, M|item
|poke|p2|Dragonite, M|item
|teampreview
|inactive|Battle timer is ON: inactive players will automatically lose when time's up. (requested by Primary Trout)
|j| Neighthan Trainer
|
|t:|1724981817
|start
|switch|p1a: Rotom|Rotom-Wash|100/100
|switch|p2a: Ferrothorn|Ferrothorn, M|100/100
|turn|1
|
|t:|1724981827
|move|p1a: Rotom|Will-O-Wisp|p2a: Ferrothorn
|-status|p2a: Ferrothorn|brn
|move|p2a: Ferrothorn|Stealth Rock|p1a: Rotom
|-sidestart|p1: Primary Trout|move: Stealth Rock
|
|-damage|p2a: Ferrothorn|88/100 brn|[from] brn
|upkeep
|turn|2
|
|t:|1724981836
|move|p1a: Rotom|Volt Switch|p2a: Ferrothorn
|-resisted|p2a: Ferrothorn
|-damage|p2a: Ferrothorn|79/100 brn
|
|t:|1724981839
|switch|p1a: Celebi|Celebi|100/100|[from] Volt Switch
|-damage|p1a: Celebi|88/100|[from] Stealth Rock
|move|p2a: Ferrothorn|Knock Off|p1a: Celebi
|-supereffective|p1a: Celebi
|-damage|p1a: Celebi|85/100
|-enditem|p1a: Celebi|Leftovers|[from] move: Knock Off|[of] p2a: Ferrothorn
|
|-heal|p2a: Ferrothorn|85/100 brn|[from] item: Leftovers
|-damage|p2a: Ferrothorn|72/100 brn|[from] brn
|upkeep
|turn|3
|
|t:|1724981854
|switch|p2a: Latios|Latios, M|100/100
|move|p1a: Celebi|Stealth Rock|p2a: Latios
|-sidestart|p2: ms breadner|move: Stealth Rock
|
|upkeep
|turn|4
|inactive|Primary Trout has 120 seconds left.
|
|t:|1724981892
|switch|p2a: Keldeo|Keldeo-Resolute|100/100
|-damage|p2a: Keldeo|94/100|[from] Stealth Rock
|switch|p1a: Tyranitar|Tyranitar, F|100/100
|-damage|p1a: Tyranitar|88/100|[from] Stealth Rock
|-weather|Sandstorm|[from] ability: Sand Stream|[of] p1a: Tyranitar
|
|-weather|Sandstorm|[upkeep]
|-damage|p2a: Keldeo|88/100|[from] Sandstorm
|upkeep
|turn|5
|inactive|Primary Trout has 120 seconds left.
|
|t:|1724981905
|switch|p1a: Rotom|Rotom-Wash|100/100
|-damage|p1a: Rotom|88/100|[from] Stealth Rock
|move|p2a: Keldeo|Secret Sword|p1a: Rotom
|-damage|p1a: Rotom|44/100
|
|-weather|Sandstorm|[upkeep]
|-damage|p2a: Keldeo|82/100|[from] Sandstorm
|-damage|p1a: Rotom|37/100|[from] Sandstorm
|-heal|p1a: Rotom|44/100|[from] item: Leftovers
|upkeep
|turn|6
|
|t:|1724981917
|switch|p1a: Landorus|Landorus-Therian, M, shiny|100/100
|-damage|p1a: Landorus|88/100|[from] Stealth Rock
|-ability|p1a: Landorus|Intimidate|boost
|-unboost|p2a: Keldeo|atk|1
|move|p2a: Keldeo|Secret Sword|p1a: Landorus
|-resisted|p1a: Landorus
|-damage|p1a: Landorus|64/100
|
|-weather|Sandstorm|[upkeep]
|-damage|p2a: Keldeo|76/100|[from] Sandstorm
|-heal|p1a: Landorus|69/100|[from] item: Leftovers
|upkeep
|turn|7
|
|t:|1724981939
|switch|p2a: Ferrothorn|Ferrothorn, M|72/100 brn
|-damage|p2a: Ferrothorn|66/100 brn|[from] Stealth Rock
|move|p1a: Landorus|Stone Edge|p2a: Ferrothorn|[miss]
|-miss|p1a: Landorus|p2a: Ferrothorn
|
|-weather|Sandstorm|[upkeep]
|-heal|p1a: Landorus|75/100|[from] item: Leftovers
|-heal|p2a: Ferrothorn|72/100 brn|[from] item: Leftovers
|-damage|p2a: Ferrothorn|60/100 brn|[from] brn
|upkeep
|turn|8
|inactive|ms breadner has 120 seconds left.
|
|t:|1724981967
|move|p1a: Landorus|Rock Polish|p1a: Landorus
|-boost|p1a: Landorus|spe|2
|move|p2a: Ferrothorn|Spikes|p1a: Landorus
|-sidestart|p1: Primary Trout|Spikes
|
|-weather|Sandstorm|[upkeep]
|-heal|p1a: Landorus|81/100|[from] item: Leftovers
|-heal|p2a: Ferrothorn|66/100 brn|[from] item: Leftovers
|-damage|p2a: Ferrothorn|54/100 brn|[from] brn
|upkeep
|turn|9
|inactive|ms breadner has 120 seconds left.
|
|t:|1724981977
|move|p1a: Landorus|Swords Dance|p1a: Landorus
|-boost|p1a: Landorus|atk|2
|move|p2a: Ferrothorn|Knock Off|p1a: Landorus
|-crit|p1a: Landorus
|-damage|p1a: Landorus|76/100
|-enditem|p1a: Landorus|Leftovers|[from] move: Knock Off|[of] p2a: Ferrothorn
|
|-weather|Sandstorm|[upkeep]
|-heal|p2a: Ferrothorn|60/100 brn|[from] item: Leftovers
|-damage|p2a: Ferrothorn|47/100 brn|[from] brn
|upkeep
|turn|10
|inactive|ms breadner has 120 seconds left.
|
|t:|1724981988
|switch|p2a: Dragonite|Dragonite, M|100/100
|-damage|p2a: Dragonite|76/100|[from] Stealth Rock
|move|p1a: Landorus|Swords Dance|p1a: Landorus
|-boost|p1a: Landorus|atk|2
|
|-weather|Sandstorm|[upkeep]
|-damage|p2a: Dragonite|70/100|[from] Sandstorm
|upkeep
|turn|11
|inactive|ms breadner has 120 seconds left.
|
|t:|1724981999
|move|p2a: Dragonite|Extreme Speed|p1a: Landorus
|-damage|p1a: Landorus|24/100
|move|p1a: Landorus|Stone Edge|p2a: Dragonite
|-supereffective|p2a: Dragonite
|-damage|p2a: Dragonite|0 fnt
|faint|p2a: Dragonite
|
|-weather|Sandstorm|[upkeep]
|upkeep
|
|t:|1724982011
|switch|p2a: Latios|Latios, M|100/100
|-damage|p2a: Latios|88/100|[from] Stealth Rock
|turn|12
|
|t:|1724982028
|move|p1a: Landorus|Stone Edge|p2a: Latios
|-damage|p2a: Latios|0 fnt
|faint|p2a: Latios
|
|-weather|Sandstorm|[upkeep]
|upkeep
|inactive|ms breadner has 120 seconds left.
|
|t:|1724982036
|switch|p2a: Ferrothorn|Ferrothorn, M|47/100 brn
|-damage|p2a: Ferrothorn|41/100 brn|[from] Stealth Rock
|turn|13
|
|t:|1724982041
|move|p1a: Landorus|Earthquake|p2a: Ferrothorn
|-damage|p2a: Ferrothorn|0 fnt
|faint|p2a: Ferrothorn
|
|-weather|Sandstorm|[upkeep]
|upkeep
|-message|ms breadner forfeited.
|
|win|Primary Trout
|raw|Primary Trout's rating: 1382 &rarr; <strong>1398</strong><br />(+16 for winning)
|raw|ms breadner's rating: 1308 &rarr; <strong>1292</strong><br />(-16 for losing)
|l|☆ms breadner
|player|p2|
