|j|☆aNoT-New
|j|☆Ruggeri
|player|p1|aNoT-New|76
|player|p2|Ruggeri|160
|teamsize|p1|6
|teamsize|p2|6
|gametype|singles
|gen|5
|tier|[Gen 5] OU
|rated|
|rule|Sleep Clause Mod: Limit one foe put to sleep
|rule|Species Clause: Limit one of each Pokémon
|rule|OHKO Clause: OHKO moves are banned
|rule|Moody Clause: Moody is banned
|rule|Evasion Moves Clause: Evasion moves are banned
|rule|Endless Battle Clause: Forcing endless battles is banned
|rule|HP Percentage Mod: HP is shown in percentages
|rule|Evasion Abilities Clause: Evasion abilities are banned
|rule|Baton Pass Clause: Limit one Baton Passer, can't pass Spe and other stats simultaneously
|rule|Swagger Clause: Swagger is banned
|clearpoke
|poke|p1|Politoed, F|item
|poke|p1|Ferrothorn, M|item
|poke|p1|Tentacruel, M|item
|poke|p1|Thundurus-Therian, M|item
|poke|p1|Gyarados, F|item
|poke|p1|Toxicroak, F|item
|poke|p2|Politoed, F|item
|poke|p2|Landorus-Therian, M|item
|poke|p2|Jirachi|item
|poke|p2|Celebi|item
|poke|p2|Kyurem|item
|poke|p2|Tentacruel, F|item
|teampreview
|inactive|Battle timer is ON: inactive players will automatically lose when time's up. (requested by Ruggeri)
|
|start
|switch|p1a: Ferrothorn|Ferrothorn, M|100/100
|switch|p2a: Kyurem|Kyurem|100/100
|-ability|p2a: Kyurem|Pressure
|turn|1
|
|move|p2a: Kyurem|Substitute|p2a: Kyurem
|-start|p2a: Kyurem|Substitute
|-damage|p2a: Kyurem|76/100
|move|p1a: Ferrothorn|Stealth Rock|p2a: Kyurem
|-sidestart|p2: Ruggeri|move: Stealth Rock
|
|-heal|p2a: Kyurem|82/100|[from] item: Leftovers
|upkeep
|turn|2
|
|move|p2a: Kyurem|Ice Beam|p1a: Ferrothorn
|-damage|p1a: Ferrothorn|60/100
|move|p1a: Ferrothorn|Gyro Ball|p2a: Kyurem
|-supereffective|p2a: Kyurem
|-end|p2a: Kyurem|Substitute
|
|-heal|p2a: Kyurem|88/100|[from] item: Leftovers
|-heal|p1a: Ferrothorn|67/100|[from] item: Leftovers
|upkeep
|turn|3
|
|switch|p2a: Landorus|Landorus-Therian, M|100/100
|-damage|p2a: Landorus|88/100|[from] Stealth Rock
|-ability|p2a: Landorus|Intimidate|boost
|-unboost|p1a: Ferrothorn|atk|1
|move|p1a: Ferrothorn|Gyro Ball|p2a: Landorus
|-damage|p2a: Landorus|69/100
|
|-heal|p2a: Landorus|75/100|[from] item: Leftovers
|-heal|p1a: Ferrothorn|73/100|[from] item: Leftovers
|upkeep
|turn|4
|inactive|aNoT-New has 135 seconds left.
|
|switch|p1a: Thundurus|Thundurus-Therian, M|100/100
|move|p2a: Landorus|Stealth Rock|p1a: Thundurus
|-sidestart|p1: aNoT-New|move: Stealth Rock
|
|-heal|p2a: Landorus|81/100|[from] item: Leftovers
|upkeep
|turn|5
|
|switch|p2a: Jirachi|Jirachi|100/100
|-damage|p2a: Jirachi|94/100|[from] Stealth Rock
|move|p1a: Thundurus|Hidden Power|p2a: Jirachi
|-resisted|p2a: Jirachi
|-damage|p2a: Jirachi|86/100
|
|-heal|p2a: Jirachi|92/100|[from] item: Leftovers
|upkeep
|turn|6
|
|switch|p1a: Politoed|Politoed, F|100/100
|-damage|p1a: Politoed|88/100|[from] Stealth Rock
|-weather|RainDance|[from] ability: Drizzle|[of] p1a: Politoed
|move|p2a: Jirachi|Body Slam|p1a: Politoed
|-damage|p1a: Politoed|72/100
|
|-weather|RainDance|[upkeep]
|-heal|p2a: Jirachi|99/100|[from] item: Leftovers
|-heal|p1a: Politoed|78/100|[from] item: Leftovers
|upkeep
|turn|7
|
|move|p1a: Politoed|Protect|p1a: Politoed
|-singleturn|p1a: Politoed|Protect
|move|p2a: Jirachi|Body Slam|p1a: Politoed
|-activate|p1a: Politoed|move: Protect
|
|-weather|RainDance|[upkeep]
|-heal|p2a: Jirachi|100/100|[from] item: Leftovers
|-heal|p1a: Politoed|84/100|[from] item: Leftovers
|upkeep
|turn|8
|
|move|p2a: Jirachi|Body Slam|p1a: Politoed
|-damage|p1a: Politoed|68/100
|move|p1a: Politoed|Scald|p2a: Jirachi
|-crit|p2a: Jirachi
|-damage|p2a: Jirachi|52/100
|
|-weather|RainDance|[upkeep]
|-heal|p2a: Jirachi|58/100|[from] item: Leftovers
|-heal|p1a: Politoed|74/100|[from] item: Leftovers
|upkeep
|turn|9
|
|move|p2a: Jirachi|Wish|p2a: Jirachi
|move|p1a: Politoed|Scald|p2a: Jirachi
|-crit|p2a: Jirachi
|-damage|p2a: Jirachi|9/100
|
|-weather|RainDance|[upkeep]
|-heal|p2a: Jirachi|15/100|[from] item: Leftovers
|-heal|p1a: Politoed|80/100|[from] item: Leftovers
|upkeep
|turn|10
|
|move|p2a: Jirachi|Protect|p2a: Jirachi
|-singleturn|p2a: Jirachi|Protect
|move|p1a: Politoed|Scald|p2a: Jirachi
|-activate|p2a: Jirachi|move: Protect
|
|-weather|RainDance|[upkeep]
|-heal|p2a: Jirachi|65/100|[from] move: Wish|[wisher] Jirachi
|-heal|p2a: Jirachi|72/100|[from] item: Leftovers
|-heal|p1a: Politoed|87/100|[from] item: Leftovers
|upkeep
|turn|11
|inactive|aNoT-New has 135 seconds left.
|
|move|p2a: Jirachi|Body Slam|p1a: Politoed
|-damage|p1a: Politoed|72/100
|-status|p1a: Politoed|par
|move|p1a: Politoed|Scald|p2a: Jirachi
|-damage|p2a: Jirachi|48/100
|-status|p2a: Jirachi|brn
|
|-weather|RainDance|[upkeep]
|-heal|p2a: Jirachi|54/100 brn|[from] item: Leftovers
|-heal|p1a: Politoed|78/100 par|[from] item: Leftovers
|-damage|p2a: Jirachi|42/100 brn|[from] brn
|upkeep
|turn|12
|inactive|aNoT-New has 135 seconds left.
|
|switch|p1a: Toxicroak|Toxicroak, F|100/100
|-damage|p1a: Toxicroak|94/100|[from] Stealth Rock
|move|p2a: Jirachi|Wish|p2a: Jirachi
|
|-weather|RainDance|[upkeep]
|-heal|p1a: Toxicroak|100/100|[from] ability: Dry Skin
|-heal|p2a: Jirachi|48/100 brn|[from] item: Leftovers
|-damage|p2a: Jirachi|36/100 brn|[from] brn
|upkeep
|turn|13
|inactive|Ruggeri has 135 seconds left.
|
|switch|p2a: Landorus|Landorus-Therian, M|81/100
|-damage|p2a: Landorus|68/100|[from] Stealth Rock
|-ability|p2a: Landorus|Intimidate|boost
|-unboost|p1a: Toxicroak|atk|1
|move|p1a: Toxicroak|Swords Dance|p1a: Toxicroak
|-boost|p1a: Toxicroak|atk|2
|
|-weather|RainDance|[upkeep]
|-heal|p2a: Landorus|100/100|[from] move: Wish|[wisher] Jirachi
|upkeep
|turn|14
|inactive|aNoT-New has 135 seconds left.
|
|switch|p1a: Gyarados|Gyarados, F|100/100
|-damage|p1a: Gyarados|76/100|[from] Stealth Rock
|-ability|p1a: Gyarados|Intimidate|boost
|-unboost|p2a: Landorus|atk|1
|move|p2a: Landorus|Earthquake|p1a: Gyarados
|-immune|p1a: Gyarados|[msg]
|
|-weather|RainDance|[upkeep]
|upkeep
|turn|15
|inactive|aNoT-New has 135 seconds left.
|
|switch|p2a: Politoed|Politoed, F|100/100
|-damage|p2a: Politoed|88/100|[from] Stealth Rock
|move|p1a: Gyarados|Thunder|p2a: Politoed
|-supereffective|p2a: Politoed
|-crit|p2a: Politoed
|-damage|p2a: Politoed|0 fnt
|faint|p2a: Politoed
|
|-weather|RainDance|[upkeep]
|upkeep
|c|☆aNoT-New|lol
|inactive|Ruggeri has 135 seconds left.
|c|☆Ruggeri|XD
|
|switch|p2a: Kyurem|Kyurem|88/100
|-damage|p2a: Kyurem|63/100|[from] Stealth Rock
|-ability|p2a: Kyurem|Pressure
|turn|16
|
|switch|p1a: Ferrothorn|Ferrothorn, M|73/100
|-damage|p1a: Ferrothorn|67/100|[from] Stealth Rock
|move|p2a: Kyurem|Substitute|p2a: Kyurem
|-start|p2a: Kyurem|Substitute
|-damage|p2a: Kyurem|38/100
|
|-weather|RainDance|[upkeep]
|-heal|p2a: Kyurem|44/100|[from] item: Leftovers
|-heal|p1a: Ferrothorn|73/100|[from] item: Leftovers
|upkeep
|turn|17
|
|move|p2a: Kyurem|Ice Beam|p1a: Ferrothorn
|-damage|p1a: Ferrothorn|29/100
|move|p1a: Ferrothorn|Gyro Ball|p2a: Kyurem
|-supereffective|p2a: Kyurem
|-end|p2a: Kyurem|Substitute
|
|-weather|RainDance|[upkeep]
|-heal|p2a: Kyurem|50/100|[from] item: Leftovers
|-heal|p1a: Ferrothorn|35/100|[from] item: Leftovers
|upkeep
|turn|18
|
|switch|p1a: Tentacruel|Tentacruel, M|100/100
|-damage|p1a: Tentacruel|88/100|[from] Stealth Rock
|move|p2a: Kyurem|Ice Beam|p1a: Tentacruel
|-resisted|p1a: Tentacruel
|-damage|p1a: Tentacruel|67/100
|
|-weather|RainDance|[upkeep]
|-heal|p1a: Tentacruel|73/100|[from] ability: Rain Dish
|-heal|p1a: Tentacruel|79/100|[from] item: Black Sludge
|-heal|p2a: Kyurem|56/100|[from] item: Leftovers
|upkeep
|turn|19
|
|move|p1a: Tentacruel|Rapid Spin|p2a: Kyurem
|-damage|p2a: Kyurem|54/100
|-sideend|p1: aNoT-New|Stealth Rock|[from] move: Rapid Spin|[of] p1a: Tentacruel
|move|p2a: Kyurem|Substitute|p2a: Kyurem
|-start|p2a: Kyurem|Substitute
|-damage|p2a: Kyurem|29/100
|
|-weather|RainDance|[upkeep]
|-heal|p1a: Tentacruel|85/100|[from] ability: Rain Dish
|-heal|p1a: Tentacruel|91/100|[from] item: Black Sludge
|-heal|p2a: Kyurem|35/100|[from] item: Leftovers
|upkeep
|turn|20
|
|move|p1a: Tentacruel|Toxic Spikes|p2a: Kyurem
|-sidestart|p2: Ruggeri|move: Toxic Spikes
|move|p2a: Kyurem|Earth Power|p1a: Tentacruel
|-supereffective|p1a: Tentacruel
|-damage|p1a: Tentacruel|39/100
|
|-weather|RainDance|[upkeep]
|-heal|p1a: Tentacruel|45/100|[from] ability: Rain Dish
|-heal|p1a: Tentacruel|51/100|[from] item: Black Sludge
|-heal|p2a: Kyurem|41/100|[from] item: Leftovers
|upkeep
|turn|21
|
|switch|p1a: Gyarados|Gyarados, F|76/100
|-ability|p1a: Gyarados|Intimidate|boost
|-immune|p2a: Kyurem|[msg]
|move|p2a: Kyurem|Ice Beam|p1a: Gyarados
|-damage|p1a: Gyarados|18/100
|
|-weather|RainDance|[upkeep]
|-heal|p2a: Kyurem|47/100|[from] item: Leftovers
|upkeep
|turn|22
|
|move|p2a: Kyurem|Ice Beam|p1a: Gyarados
|-damage|p1a: Gyarados|0 fnt
|faint|p1a: Gyarados
|
|-weather|RainDance|[upkeep]
|-heal|p2a: Kyurem|53/100|[from] item: Leftovers
|upkeep
|inactive|aNoT-New has 135 seconds left.
|
|switch|p1a: Politoed|Politoed, F|78/100 par
|turn|23
|
|move|p1a: Politoed|Protect|p1a: Politoed
|-singleturn|p1a: Politoed|Protect
|move|p2a: Kyurem|Roost|p2a: Kyurem
|-heal|p2a: Kyurem|100/100
|
|-weather|RainDance|[upkeep]
|-heal|p1a: Politoed|84/100 par|[from] item: Leftovers
|upkeep
|turn|24
|
|switch|p1a: Thundurus|Thundurus-Therian, M|100/100
|move|p2a: Kyurem|Earth Power|p1a: Thundurus
|-immune|p1a: Thundurus|[msg]
|
|-weather|RainDance|[upkeep]
|upkeep
|turn|25
|
|move|p1a: Thundurus|Volt Switch|p2a: Kyurem
|-resisted|p2a: Kyurem
|-crit|p2a: Kyurem
|-end|p2a: Kyurem|Substitute
|inactive|aNoT-New has 135 seconds left.
|
|switch|p1a: Toxicroak|Toxicroak, F|100/100
|move|p2a: Kyurem|Ice Beam|p1a: Toxicroak
|-crit|p1a: Toxicroak
|-damage|p1a: Toxicroak|0 fnt
|faint|p1a: Toxicroak
|
|-weather|RainDance|[upkeep]
|upkeep
|
|switch|p1a: Ferrothorn|Ferrothorn, M|35/100
|turn|26
|
|switch|p1a: Tentacruel|Tentacruel, M|51/100
|move|p2a: Kyurem|Ice Beam|p1a: Tentacruel
|-resisted|p1a: Tentacruel
|-damage|p1a: Tentacruel|31/100
|
|-weather|RainDance|[upkeep]
|-heal|p1a: Tentacruel|37/100|[from] ability: Rain Dish
|-heal|p1a: Tentacruel|43/100|[from] item: Black Sludge
|upkeep
|turn|27
|
|switch|p2a: Tentacruel|Tentacruel, F|100/100
|-sideend|p2: Ruggeri|move: Toxic Spikes|[of] p2a: Tentacruel
|-damage|p2a: Tentacruel|88/100|[from] Stealth Rock
|move|p1a: Tentacruel|Toxic|p2a: Tentacruel
|-immune|p2a: Tentacruel|[msg]
|
|-weather|RainDance|[upkeep]
|-heal|p1a: Tentacruel|49/100|[from] ability: Rain Dish
|-heal|p2a: Tentacruel|94/100|[from] ability: Rain Dish
|-heal|p1a: Tentacruel|55/100|[from] item: Black Sludge
|-heal|p2a: Tentacruel|99/100|[from] item: Leftovers
|upkeep
|turn|28
|c|☆Ruggeri|lol
|inactive|Ruggeri has 135 seconds left.
|
|switch|p1a: Thundurus|Thundurus-Therian, M|100/100
|move|p2a: Tentacruel|Rapid Spin|p1a: Thundurus
|-damage|p1a: Thundurus|96/100
|-sideend|p2: Ruggeri|Stealth Rock|[from] move: Rapid Spin|[of] p2a: Tentacruel
|
|-weather|RainDance|[upkeep]
|-heal|p2a: Tentacruel|100/100|[from] ability: Rain Dish
|upkeep
|turn|29
|
|move|p1a: Thundurus|Hidden Power|p2a: Tentacruel
|-resisted|p2a: Tentacruel
|-damage|p2a: Tentacruel|91/100
|move|p2a: Tentacruel|Scald|p1a: Thundurus
|-damage|p1a: Thundurus|48/100
|
|-weather|RainDance|[upkeep]
|-heal|p2a: Tentacruel|97/100|[from] ability: Rain Dish
|-heal|p2a: Tentacruel|100/100|[from] item: Leftovers
|upkeep
|turn|30
|c|☆Ruggeri|lol
|c|☆aNoT-New|oh
|
|switch|p1a: Ferrothorn|Ferrothorn, M|35/100
|move|p2a: Tentacruel|Scald|p1a: Ferrothorn
|-resisted|p1a: Ferrothorn
|-damage|p1a: Ferrothorn|23/100
|
|-weather|RainDance|[upkeep]
|-heal|p1a: Ferrothorn|29/100|[from] item: Leftovers
|upkeep
|turn|31
|
|switch|p2a: Celebi|Celebi|100/100
|move|p1a: Ferrothorn|Leech Seed|p2a: Celebi
|-immune|p2a: Celebi|[msg]
|
|-weather|RainDance|[upkeep]
|-heal|p1a: Ferrothorn|35/100|[from] item: Leftovers
|upkeep
|turn|32
|
|move|p2a: Celebi|Nasty Plot|p2a: Celebi
|-boost|p2a: Celebi|spa|2
|move|p1a: Ferrothorn|Gyro Ball|p2a: Celebi
|-damage|p2a: Celebi|53/100
|
|-weather|RainDance|[upkeep]
|-heal|p2a: Celebi|59/100|[from] item: Leftovers
|-heal|p1a: Ferrothorn|42/100|[from] item: Leftovers
|upkeep
|turn|33
|
|move|p2a: Celebi|Earth Power|p1a: Ferrothorn
|-damage|p1a: Ferrothorn|0 fnt
|faint|p1a: Ferrothorn
|
|-weather|RainDance|[upkeep]
|-heal|p2a: Celebi|65/100|[from] item: Leftovers
|upkeep
|
|switch|p1a: Thundurus|Thundurus-Therian, M|48/100
|turn|34
|c|☆aNoT-New|gg
|c|☆Ruggeri|gg
|j| LokiMaster
|inactive|Ruggeri has 135 seconds left.
|
|move|p1a: Thundurus|Hidden Power|p2a: Celebi
|-supereffective|p2a: Celebi
|-damage|p2a: Celebi|19/100
|move|p2a: Celebi|Hidden Power|p1a: Thundurus
|-supereffective|p1a: Thundurus
|-damage|p1a: Thundurus|0 fnt
|faint|p1a: Thundurus
|
|-weather|RainDance|[upkeep]
|-heal|p2a: Celebi|25/100|[from] item: Leftovers
|upkeep
|-message|aNoT-New forfeited.
|
|win|Ruggeri
|l|☆aNoT-New
|raw|aNoT-New's rating: 1329 &rarr; <strong>1306</strong><br />(-23 for losing)
|raw|Ruggeri's rating: 1275 &rarr; <strong>1304</strong><br />(+29 for winning)
