|j|☆Spheric Skunk
|j|☆bwrepublic
|t:|1719261545
|gametype|singles
|player|p1|Spheric Skunk|169|1350
|player|p2|bwrepublic|larry|1458
|teamsize|p1|6
|teamsize|p2|6
|gen|5
|tier|[Gen 5] OU
|rated|
|rule|Species Clause: Limit one of each Pokémon
|rule|OHKO Clause: OHKO moves are banned
|rule|Moody Clause: Moody is banned
|rule|Evasion Items Clause: Evasion items are banned
|rule|Evasion Moves Clause: Evasion moves are banned
|rule|Endless Battle Clause: Forcing endless battles is banned
|rule|HP Percentage Mod: HP is shown in percentages
|rule|Evasion Abilities Clause: Evasion abilities are banned
|rule|Sleep Moves Clause: Sleep-inducing moves are banned
|rule|Swagger Clause: Swagger is banned
|rule|Baton Pass Stat Clause: No Baton Passer may have a way to boost its stats
|clearpoke
|poke|p1|Garchomp, M|item
|poke|p1|Terrakion|item
|poke|p1|Starmie|item
|poke|p1|Dragonite, M|item
|poke|p1|Scizor, F|item
|poke|p1|Breloom, F|item
|poke|p2|Tyranitar, M|item
|poke|p2|Gliscor, M|item
|poke|p2|Excadrill, F|item
|poke|p2|Latios, M|item
|poke|p2|Alakazam, M|item
|poke|p2|Rotom-Wash|item
|teampreview
|
|t:|1719261563
|start
|switch|p1a: Terrakion|Terrakion|100/100
|switch|p2a: Excadrill|Excadrill, F|100/100
|turn|1
|
|t:|1719261577
|move|p2a: Excadrill|Iron Head|p1a: Terrakion
|-supereffective|p1a: Terrakion
|-enditem|p1a: Terrakion|Focus Sash
|-damage|p1a: Terrakion|1/100
|move|p1a: Terrakion|Stealth Rock|p2a: Excadrill
|-sidestart|p2: bwrepublic|move: Stealth Rock
|
|upkeep
|turn|2
|
|t:|1719261581
|move|p2a: Excadrill|Iron Head|p1a: Terrakion
|-supereffective|p1a: Terrakion
|-damage|p1a: Terrakion|0 fnt
|faint|p1a: Terrakion
|
|upkeep
|
|t:|1719261590
|switch|p1a: Starmie|Starmie|100/100
|-item|p1a: Starmie|Air Balloon
|turn|3
|
|t:|1719261593
|switch|p2a: Rotom|Rotom-Wash|100/100
|-damage|p2a: Rotom|88/100|[from] Stealth Rock
|move|p1a: Starmie|Hydro Pump|p2a: Rotom
|-resisted|p2a: Rotom
|-damage|p2a: Rotom|55/100
|
|-heal|p2a: Rotom|62/100|[from] item: Leftovers
|upkeep
|turn|4
|
|t:|1719261599
|switch|p1a: Breloom|Breloom, F|100/100
|move|p2a: Rotom|Will-O-Wisp|p1a: Breloom|[miss]
|-miss|p2a: Rotom|p1a: Breloom
|
|-heal|p2a: Rotom|68/100|[from] item: Leftovers
|upkeep
|turn|5
|
|t:|1719261622
|switch|p2a: Latios|Latios, M|100/100
|-damage|p2a: Latios|88/100|[from] Stealth Rock
|move|p1a: Breloom|Bullet Seed|p2a: Latios
|-resisted|p2a: Latios
|-damage|p2a: Latios|71/100
|-resisted|p2a: Latios
|-damage|p2a: Latios|52/100
|-resisted|p2a: Latios
|-damage|p2a: Latios|33/100
|-hitcount|p2a: Latios|3
|-damage|p1a: Breloom|91/100|[from] item: Life Orb
|
|upkeep
|turn|6
|
|t:|1719261632
|switch|p1a: Scizor|Scizor, F|100/100
|move|p2a: Latios|Draco Meteor|p1a: Scizor
|-resisted|p1a: Scizor
|-damage|p1a: Scizor|28/100
|-unboost|p2a: Latios|spa|2
|
|upkeep
|turn|7
|
|t:|1719261642
|switch|p2a: Gliscor|Gliscor, M|100/100
|-damage|p2a: Gliscor|88/100|[from] Stealth Rock
|move|p1a: Scizor|Bullet Punch|p2a: Gliscor
|-damage|p2a: Gliscor|56/100
|-damage|p1a: Scizor|18/100|[from] item: Life Orb
|
|-status|p2a: Gliscor|tox|[from] item: Toxic Orb
|upkeep
|turn|8
|
|t:|1719261649
|move|p1a: Scizor|Swords Dance|p1a: Scizor
|-boost|p1a: Scizor|atk|2
|move|p2a: Gliscor|Stealth Rock|p1a: Scizor
|-sidestart|p1: Spheric Skunk|move: Stealth Rock
|
|-heal|p2a: Gliscor|69/100 tox|[from] ability: Poison Heal
|upkeep
|turn|9
|
|t:|1719261653
|move|p1a: Scizor|Bullet Punch|p2a: Gliscor
|-crit|p2a: Gliscor
|-damage|p2a: Gliscor|0 fnt
|faint|p2a: Gliscor
|-damage|p1a: Scizor|8/100|[from] item: Life Orb
|
|upkeep
|
|t:|1719261657
|switch|p2a: Excadrill|Excadrill, F|100/100
|-damage|p2a: Excadrill|97/100|[from] Stealth Rock
|turn|10
|
|t:|1719261664
|move|p1a: Scizor|Bullet Punch|p2a: Excadrill
|-resisted|p2a: Excadrill
|-damage|p2a: Excadrill|40/100
|-damage|p1a: Scizor|0 fnt|[from] item: Life Orb
|faint|p1a: Scizor
|move|p2a: Excadrill|Rock Slide|p1: Scizor|[notarget]
|-fail|p2a: Excadrill
|
|upkeep
|
|t:|1719261667
|switch|p1a: Breloom|Breloom, F|91/100
|-damage|p1a: Breloom|84/100|[from] Stealth Rock
|turn|11
|
|t:|1719261673
|switch|p2a: Tyranitar|Tyranitar, M|100/100
|-damage|p2a: Tyranitar|88/100|[from] Stealth Rock
|-weather|Sandstorm|[from] ability: Sand Stream|[of] p2a: Tyranitar
|move|p1a: Breloom|Bullet Seed|p2a: Tyranitar
|-supereffective|p2a: Tyranitar
|-damage|p2a: Tyranitar|47/100
|-supereffective|p2a: Tyranitar
|-damage|p2a: Tyranitar|6/100
|-hitcount|p2a: Tyranitar|2
|-damage|p1a: Breloom|74/100|[from] item: Life Orb
|
|-weather|Sandstorm|[upkeep]
|-damage|p1a: Breloom|68/100|[from] Sandstorm
|upkeep
|turn|12
|
|t:|1719261676
|move|p1a: Breloom|Mach Punch|p2a: Tyranitar
|-supereffective|p2a: Tyranitar
|-enditem|p2a: Tyranitar|Chople Berry|[eat]
|-enditem|p2a: Tyranitar|Chople Berry|[weaken]
|-damage|p2a: Tyranitar|0 fnt
|faint|p2a: Tyranitar
|-damage|p1a: Breloom|58/100|[from] item: Life Orb
|
|-weather|Sandstorm|[upkeep]
|-damage|p1a: Breloom|52/100|[from] Sandstorm
|upkeep
|
|t:|1719261685
|switch|p2a: Alakazam|Alakazam, M|100/100
|turn|13
|
|t:|1719261710
|move|p1a: Breloom|Mach Punch|p2a: Alakazam
|-resisted|p2a: Alakazam
|-damage|p2a: Alakazam|45/100
|-damage|p1a: Breloom|42/100|[from] item: Life Orb
|move|p2a: Alakazam|Psyshock|p1a: Breloom
|-supereffective|p1a: Breloom
|-damage|p1a: Breloom|0 fnt
|faint|p1a: Breloom
|
|-weather|Sandstorm|[upkeep]
|upkeep
|
|t:|1719261714
|switch|p1a: Dragonite|Dragonite, M|100/100
|-damage|p1a: Dragonite|76/100|[from] Stealth Rock
|turn|14
|
|t:|1719261718
|switch|p2a: Rotom|Rotom-Wash|68/100
|-damage|p2a: Rotom|55/100|[from] Stealth Rock
|move|p1a: Dragonite|Extreme Speed|p2a: Rotom
|-damage|p2a: Rotom|29/100
|
|-weather|Sandstorm|[upkeep]
|-damage|p1a: Dragonite|70/100|[from] Sandstorm
|-damage|p2a: Rotom|23/100|[from] Sandstorm
|-heal|p2a: Rotom|29/100|[from] item: Leftovers
|upkeep
|turn|15
|
|t:|1719261729
|move|p1a: Dragonite|Extreme Speed|p2a: Rotom
|-damage|p2a: Rotom|3/100
|move|p2a: Rotom|Pain Split|p1a: Dragonite
|-sethp|p1a: Dragonite|36/100|[from] move: Pain Split|[silent]
|-sethp|p2a: Rotom|38/100|[from] move: Pain Split
|
|-weather|Sandstorm|[upkeep]
|-damage|p1a: Dragonite|30/100|[from] Sandstorm
|-damage|p2a: Rotom|32/100|[from] Sandstorm
|-heal|p2a: Rotom|38/100|[from] item: Leftovers
|upkeep
|turn|16
|
|t:|1719261732
|move|p1a: Dragonite|Outrage|p2a: Rotom
|-damage|p2a: Rotom|0 fnt
|faint|p2a: Rotom
|
|-weather|Sandstorm|[upkeep]
|-damage|p1a: Dragonite|24/100|[from] Sandstorm
|upkeep
|
|t:|1719261748
|switch|p2a: Latios|Latios, M|33/100
|-damage|p2a: Latios|20/100|[from] Stealth Rock
|turn|17
|
|t:|1719261778
|move|p2a: Latios|Draco Meteor|p1a: Dragonite
|-supereffective|p1a: Dragonite
|-damage|p1a: Dragonite|0 fnt
|-unboost|p2a: Latios|spa|2
|faint|p1a: Dragonite
|
|-weather|Sandstorm|[upkeep]
|-damage|p2a: Latios|14/100|[from] Sandstorm
|upkeep
|
|t:|1719261780
|switch|p1a: Starmie|Starmie|100/100
|-damage|p1a: Starmie|88/100|[from] Stealth Rock
|-item|p1a: Starmie|Air Balloon
|turn|18
|
|t:|1719261787
|move|p1a: Starmie|Rapid Spin|p2a: Latios
|-damage|p2a: Latios|10/100
|-sideend|p1: Spheric Skunk|Stealth Rock|[from] move: Rapid Spin|[of] p1a: Starmie
|move|p2a: Latios|Draco Meteor|p1a: Starmie
|-damage|p1a: Starmie|11/100
|-unboost|p2a: Latios|spa|2
|-enditem|p1a: Starmie|Air Balloon
|
|-weather|Sandstorm|[upkeep]
|-damage|p1a: Starmie|5/100|[from] Sandstorm
|-damage|p2a: Latios|4/100|[from] Sandstorm
|upkeep
|turn|19
|
|t:|1719261797
|move|p1a: Starmie|Ice Beam|p2a: Latios
|-supereffective|p2a: Latios
|-damage|p2a: Latios|0 fnt
|faint|p2a: Latios
|
|-weather|Sandstorm|[upkeep]
|-damage|p1a: Starmie|0 fnt|[from] Sandstorm
|faint|p1a: Starmie
|upkeep
|
|t:|1719261803
|switch|p1a: Garchomp|Garchomp, M|100/100
|switch|p2a: Alakazam|Alakazam, M|45/100
|turn|20
|j| Neighthan Trainer
|
|t:|1719261837
|move|p2a: Alakazam|Psyshock|p1a: Garchomp
|-crit|p1a: Garchomp
|-enditem|p1a: Garchomp|Focus Sash
|-damage|p1a: Garchomp|1/100
|move|p1a: Garchomp|Earthquake|p2a: Alakazam
|-damage|p2a: Alakazam|0 fnt
|faint|p2a: Alakazam
|
|-weather|Sandstorm|[upkeep]
|upkeep
|
|t:|1719261841
|switch|p2a: Excadrill|Excadrill, F|40/100
|-damage|p2a: Excadrill|37/100|[from] Stealth Rock
|turn|21
|c|☆bwrepublic|oh sash
|c|☆bwrepublic|why
|c|☆bwrepublic|gg
|
|t:|1719261849
|move|p2a: Excadrill|Earthquake|p1a: Garchomp
|-damage|p1a: Garchomp|0 fnt
|faint|p1a: Garchomp
|
|win|bwrepublic
|raw|Spheric Skunk's rating: 1345 &rarr; <strong>1331</strong><br />(-14 for losing)
|raw|bwrepublic's rating: 1458 &rarr; <strong>1472</strong><br />(+14 for winning)
|c|☆Spheric Skunk|gg
|l|☆Spheric Skunk
|player|p1|
|l| Neighthan Trainer
