|j|☆lijkjlkjlkjlkjlk
|j|☆ludicolion
|t:|1724347928
|gametype|singles
|player|p1|lijkjlkjlkjlkjlk|bugcatcher-gen4dp|1394
|player|p2|ludicolion|alder|1338
|teamsize|p1|6
|teamsize|p2|6
|gen|5
|tier|[Gen 5] OU
|rated|
|rule|Species Clause: Limit one of each Pokémon
|rule|OHKO Clause: OHKO moves are banned
|rule|Moody Clause: Moody is banned
|rule|Evasion Items Clause: Evasion items are banned
|rule|Evasion Moves Clause: Evasion moves are banned
|rule|Endless Battle Clause: Forcing endless battles is banned
|rule|HP Percentage Mod: HP is shown in percentages
|rule|Evasion Abilities Clause: Evasion abilities are banned
|rule|Sleep Moves Clause: Sleep-inducing moves are banned
|rule|Swagger Clause: Swagger is banned
|rule|Baton Pass Stat Clause: No Baton Passer may have a way to boost its stats
|clearpoke
|poke|p1|Bronzong|item
|poke|p1|Porygon2|item
|poke|p1|Reuniclus, M|item
|poke|p1|Chandelure, F|item
|poke|p1|Crawdaunt, F|item
|poke|p1|Terrakion|item
|poke|p2|Tyranitar, F|item
|poke|p2|Skarmory, M|item
|poke|p2|Jellicent, F|item
|poke|p2|Alakazam, M|item
|poke|p2|Gliscor, F|item
|poke|p2|Latios, M|item
|teampreview
|inactive|Battle timer is ON: inactive players will automatically lose when time's up. (requested by ludicolion)
|
|t:|1724347935
|start
|switch|p1a: Bronzong|Bronzong|100/100
|switch|p2a: Skarmory|Skarmory, M|100/100
|turn|1
|c|☆ludicolion|gl
|
|t:|1724347943
|switch|p1a: Chandelure|Chandelure, F|100/100
|-item|p1a: Chandelure|Air Balloon
|move|p2a: Skarmory|Taunt|p1a: Chandelure
|-start|p1a: Chandelure|move: Taunt
|
|upkeep
|turn|2
|
|t:|1724347946
|move|p2a: Skarmory|Stealth Rock|p1a: Chandelure
|-sidestart|p1: lijkjlkjlkjlkjlk|move: Stealth Rock
|move|p1a: Chandelure|Fire Blast|p2a: Skarmory|[miss]
|-miss|p1a: Chandelure|p2a: Skarmory
|
|upkeep
|turn|3
|
|t:|1724347952
|move|p2a: Skarmory|Spikes|p1a: Chandelure
|-sidestart|p1: lijkjlkjlkjlkjlk|Spikes
|move|p1a: Chandelure|Fire Blast|p2a: Skarmory
|-supereffective|p2a: Skarmory
|-ability|p2a: Skarmory|Sturdy
|-damage|p2a: Skarmory|1/100
|
|-end|p1a: Chandelure|move: Taunt
|upkeep
|turn|4
|-enditem|p2a: Skarmory|Custap Berry|[eat]
|-activate|p2a: Skarmory|item: Custap Berry|[consumed]
|
|t:|1724347959
|move|p2a: Skarmory|Spikes|p1a: Chandelure
|-sidestart|p1: lijkjlkjlkjlkjlk|Spikes
|move|p1a: Chandelure|Trick Room|p1a: Chandelure
|-fieldstart|move: Trick Room|[of] p1a: Chandelure
|
|upkeep
|turn|5
|
|t:|1724347965
|move|p1a: Chandelure|Shadow Ball|p2a: Skarmory
|-resisted|p2a: Skarmory
|-damage|p2a: Skarmory|0 fnt
|faint|p2a: Skarmory
|
|upkeep
|
|t:|1724347968
|switch|p2a: Tyranitar|Tyranitar, F|100/100
|-weather|Sandstorm|[from] ability: Sand Stream|[of] p2a: Tyranitar
|turn|6
|
|t:|1724347972
|move|p1a: Chandelure|Energy Ball|p2a: Tyranitar
|-supereffective|p2a: Tyranitar
|-damage|p2a: Tyranitar|71/100
|-unboost|p2a: Tyranitar|spd|1
|move|p2a: Tyranitar|Crunch|p1a: Chandelure
|-supereffective|p1a: Chandelure
|-damage|p1a: Chandelure|0 fnt
|-status|p2a: Tyranitar|brn|[from] ability: Flame Body|[of] p1a: Chandelure
|-enditem|p1a: Chandelure|Air Balloon
|faint|p1a: Chandelure
|
|-weather|Sandstorm|[upkeep]
|-damage|p2a: Tyranitar|58/100 brn|[from] brn
|upkeep
|
|t:|1724347984
|switch|p1a: Bronzong|Bronzong|100/100
|-damage|p1a: Bronzong|94/100|[from] Stealth Rock
|turn|7
|
|t:|1724347992
|move|p1a: Bronzong|Stealth Rock|p2a: Tyranitar
|-sidestart|p2: ludicolion|move: Stealth Rock
|move|p2a: Tyranitar|Crunch|p1a: Bronzong
|-damage|p1a: Bronzong|77/100
|
|-weather|Sandstorm|[upkeep]
|-damage|p2a: Tyranitar|46/100 brn|[from] brn
|upkeep
|turn|8
|
|t:|1724347996
|move|p1a: Bronzong|Gyro Ball|p2a: Tyranitar
|-supereffective|p2a: Tyranitar
|-damage|p2a: Tyranitar|1/100 brn
|move|p2a: Tyranitar|Crunch|p1a: Bronzong
|-damage|p1a: Bronzong|58/100
|
|-weather|Sandstorm|[upkeep]
|-damage|p2a: Tyranitar|0 fnt|[from] brn
|faint|p2a: Tyranitar
|-fieldend|move: Trick Room
|upkeep
|
|t:|1724348003
|switch|p2a: Latios|Latios, M|100/100
|-damage|p2a: Latios|88/100|[from] Stealth Rock
|turn|9
|
|t:|1724348006
|move|p2a: Latios|Hidden Power|p1a: Bronzong
|-supereffective|p1a: Bronzong
|-damage|p1a: Bronzong|13/100
|move|p1a: Bronzong|Trick Room|p1a: Bronzong
|-fieldstart|move: Trick Room|[of] p1a: Bronzong
|
|-weather|Sandstorm|[upkeep]
|-damage|p2a: Latios|82/100|[from] Sandstorm
|upkeep
|turn|10
|
|t:|1724348012
|move|p1a: Bronzong|Explosion|p2a: Latios
|-damage|p2a: Latios|0 fnt
|faint|p1a: Bronzong
|faint|p2a: Latios
|
|-weather|Sandstorm|[upkeep]
|upkeep
|
|t:|1724348026
|switch|p1a: Crawdaunt|Crawdaunt, F|100/100
|switch|p2a: Gliscor|Gliscor, F|100/100
|-damage|p1a: Crawdaunt|88/100|[from] Stealth Rock
|-damage|p1a: Crawdaunt|72/100|[from] Spikes
|-damage|p2a: Gliscor|88/100|[from] Stealth Rock
|turn|11
|
|t:|1724348035
|move|p1a: Crawdaunt|Ice Beam|p2a: Gliscor
|-supereffective|p2a: Gliscor
|-damage|p2a: Gliscor|0 fnt
|faint|p2a: Gliscor
|
|-weather|Sandstorm|[upkeep]
|-damage|p1a: Crawdaunt|66/100|[from] Sandstorm
|upkeep
|
|t:|1724348039
|switch|p2a: Jellicent|Jellicent, F|100/100
|-damage|p2a: Jellicent|88/100|[from] Stealth Rock
|turn|12
|
|t:|1724348050
|switch|p1a: Reuniclus|Reuniclus, M|100/100
|move|p2a: Jellicent|Night Shade|p1a: Reuniclus
|-damage|p1a: Reuniclus|77/100
|
|-weather|Sandstorm|[upkeep]
|-damage|p2a: Jellicent|82/100|[from] Sandstorm
|-heal|p2a: Jellicent|88/100|[from] item: Leftovers
|upkeep
|turn|13
|
|t:|1724348057
|move|p1a: Reuniclus|Shadow Ball|p2a: Jellicent
|-supereffective|p2a: Jellicent
|-damage|p2a: Jellicent|34/100
|move|p2a: Jellicent|Taunt|p1a: Reuniclus
|-start|p1a: Reuniclus|move: Taunt
|
|-weather|Sandstorm|[upkeep]
|-damage|p2a: Jellicent|28/100|[from] Sandstorm
|-heal|p2a: Jellicent|34/100|[from] item: Leftovers
|-fieldend|move: Trick Room
|upkeep
|turn|14
|
|t:|1724348061
|move|p2a: Jellicent|Night Shade|p1a: Reuniclus
|-damage|p1a: Reuniclus|53/100
|move|p1a: Reuniclus|Shadow Ball|p2a: Jellicent
|-supereffective|p2a: Jellicent
|-damage|p2a: Jellicent|0 fnt
|faint|p2a: Jellicent
|
|-weather|Sandstorm|[upkeep]
|upkeep
|
|t:|1724348068
|switch|p2a: Alakazam|Alakazam, M|100/100
|turn|15
|
|t:|1724348070
|move|p2a: Alakazam|Shadow Ball|p1a: Reuniclus
|-supereffective|p1a: Reuniclus
|-damage|p1a: Reuniclus|13/100
|move|p1a: Reuniclus|Shadow Ball|p2a: Alakazam
|-supereffective|p2a: Alakazam
|-enditem|p2a: Alakazam|Focus Sash
|-damage|p2a: Alakazam|1/100
|
|-weather|Sandstorm|[upkeep]
|upkeep
|turn|16
|
|t:|1724348076
|move|p2a: Alakazam|Shadow Ball|p1a: Reuniclus
|-supereffective|p1a: Reuniclus
|-damage|p1a: Reuniclus|0 fnt
|faint|p1a: Reuniclus
|
|-weather|Sandstorm|[upkeep]
|upkeep
|
|t:|1724348077
|switch|p1a: Terrakion|Terrakion|100/100
|-damage|p1a: Terrakion|94/100|[from] Stealth Rock
|-damage|p1a: Terrakion|78/100|[from] Spikes
|turn|17
|
|t:|1724348079
|move|p1a: Terrakion|Quick Attack|p2a: Alakazam
|-damage|p2a: Alakazam|0 fnt
|faint|p2a: Alakazam
|
|win|lijkjlkjlkjlkjlk
|raw|lijkjlkjlkjlkjlk's rating: 1394 &rarr; <strong>1411</strong><br />(+17 for winning)
|raw|ludicolion's rating: 1338 &rarr; <strong>1321</strong><br />(-17 for losing)
