|j|☆kill-kml
|j|☆Spritzalcianuro96
|t:|1596187197
|player|p1|kill-kml|ethan|1375
|player|p2|Spritzalcianuro96|ghetsis-gen5bw|1417
|teamsize|p1|6
|teamsize|p2|6
|gametype|singles
|gen|5
|tier|[Gen 5] OU
|rated|
|clearpoke
|poke|p1|Alakazam, M|item
|poke|p1|Rotom-Wash|item
|poke|p1|Scizor, M|item
|poke|p1|Dragonite, M|item
|poke|p1|Mamoswine, M|item
|poke|p1|Breloom, F|item
|poke|p2|Tyranitar, F|item
|poke|p2|Mienshao, F|item
|poke|p2|Keldeo|item
|poke|p2|Garchomp, F|item
|poke|p2|Hydreigon, M|item
|poke|p2|Jellicent, M|item
|rule|Species Clause: Limit one of each Pokémon
|rule|OHKO Clause: OHKO moves are banned
|rule|Moody Clause: Moody is banned
|rule|Evasion Moves Clause: Evasion moves are banned
|rule|Endless Battle Clause: Forcing endless battles is banned
|rule|HP Percentage Mod: HP is shown in percentages
|rule|Evasion Abilities Clause: Evasion abilities are banned
|rule|Baton Pass Clause: Limit one Baton Passer, can't pass Spe and other stats simultaneously
|rule|Sleep Clause: Sleep-inducing moves are banned
|rule|Swagger Clause: Swagger is banned
|teampreview
|inactive|Battle timer is ON: inactive players will automatically lose when time's up. (requested by Spritzalcianuro96)
|
|t:|1596187215
|start
|switch|p1a: Mamoswine|Mamoswine, M|100/100
|switch|p2a: Mienshao|Mienshao, F|100/100
|turn|1
|
|t:|1596187241
|move|p2a: Mienshao|U-turn|p1a: Mamoswine
|-damage|p1a: Mamoswine|75/100
|
|t:|1596187250
|switch|p2a: Keldeo|Keldeo|100/100|[from]move: U-turn
|move|p1a: Mamoswine|Stealth Rock|p2a: Keldeo
|-sidestart|p2: Spritzalcianuro96|move: Stealth Rock
|
|upkeep
|turn|2
|
|t:|1596187261
|switch|p1a: Breloom|Breloom, F|100/100
|move|p2a: Keldeo|Secret Sword|p1a: Breloom
|-damage|p1a: Breloom|7/100
|-damage|p2a: Keldeo|91/100|[from] item: Life Orb
|
|upkeep
|turn|3
|
|t:|1596187267
|move|p2a: Keldeo|Secret Sword|p1a: Breloom
|-damage|p1a: Breloom|0 fnt
|-damage|p2a: Keldeo|81/100|[from] item: Life Orb
|faint|p1a: Breloom
|
|upkeep
|
|t:|1596187297
|switch|p1a: Rotom|Rotom-Wash, shiny|100/100
|turn|4
|
|t:|1596187303
|switch|p2a: Garchomp|Garchomp, F|100/100
|-damage|p2a: Garchomp|94/100|[from] Stealth Rock
|move|p1a: Rotom|Volt Switch|p2a: Garchomp
|-immune|p2a: Garchomp
|
|upkeep
|turn|5
|
|t:|1596187310
|switch|p1a: Mamoswine|Mamoswine, M|75/100
|move|p2a: Garchomp|Stealth Rock|p1a: Mamoswine
|-sidestart|p1: kill-kml|move: Stealth Rock
|
|upkeep
|turn|6
|
|t:|1596187325
|switch|p2a: Keldeo|Keldeo|81/100
|-damage|p2a: Keldeo|74/100|[from] Stealth Rock
|move|p1a: Mamoswine|Ice Shard|p2a: Keldeo
|-resisted|p2a: Keldeo
|-damage|p2a: Keldeo|62/100
|
|upkeep
|turn|7
|
|t:|1596187332
|move|p2a: Keldeo|Secret Sword|p1a: Mamoswine
|-supereffective|p1a: Mamoswine
|-damage|p1a: Mamoswine|0 fnt
|-damage|p2a: Keldeo|52/100|[from] item: Life Orb
|faint|p1a: Mamoswine
|
|upkeep
|
|t:|1596187339
|switch|p1a: Alakazam|Alakazam, M|100/100
|turn|8
|
|t:|1596187343
|switch|p2a: Tyranitar|Tyranitar, F|100/100
|-damage|p2a: Tyranitar|88/100|[from] Stealth Rock
|-weather|Sandstorm|[from] ability: Sand Stream|[of] p2a: Tyranitar
|move|p1a: Alakazam|Psychic|p2a: Tyranitar
|-immune|p2a: Tyranitar
|
|-weather|Sandstorm|[upkeep]
|upkeep
|turn|9
|
|t:|1596187352
|switch|p2a: Jellicent|Jellicent, M|100/100
|-damage|p2a: Jellicent|88/100|[from] Stealth Rock
|move|p1a: Alakazam|Focus Blast|p2a: Jellicent
|-immune|p2a: Jellicent
|
|-weather|Sandstorm|[upkeep]
|-damage|p2a: Jellicent|82/100|[from] Sandstorm
|-heal|p2a: Jellicent|88/100|[from] item: Leftovers
|upkeep
|turn|10
|
|t:|1596187361
|move|p1a: Alakazam|Shadow Ball|p2a: Jellicent
|-supereffective|p2a: Jellicent
|-damage|p2a: Jellicent|51/100
|move|p2a: Jellicent|Shadow Ball|p1a: Alakazam
|-supereffective|p1a: Alakazam
|-damage|p1a: Alakazam|31/100
|-unboost|p1a: Alakazam|spd|1
|
|-weather|Sandstorm|[upkeep]
|-damage|p2a: Jellicent|45/100|[from] Sandstorm
|-heal|p2a: Jellicent|51/100|[from] item: Leftovers
|upkeep
|turn|11
|-message|kill-kml forfeited.
|
|win|Spritzalcianuro96
|l|☆kill-kml
|raw|kill-kml's rating: 1375 &rarr; <strong>1357</strong><br />(-18 for losing)
|raw|Spritzalcianuro96's rating: 1417 &rarr; <strong>1435</strong><br />(+18 for winning)
