|j|☆yoloboy9000
|j|☆BigSausageNipples
|player|p1|yoloboy9000|102
|player|p2|BigSausageNipples|188
|teamsize|p1|6
|teamsize|p2|6
|gametype|singles
|gen|5
|tier|[Gen 5] OU
|rated|
|rule|Sleep Clause Mod: Limit one foe put to sleep
|rule|Species Clause: Limit one of each Pokémon
|rule|OHKO Clause: OHKO moves are banned
|rule|Moody Clause: Moody is banned
|rule|Evasion Moves Clause: Evasion moves are banned
|rule|Endless Battle Clause: Forcing endless battles is banned
|rule|HP Percentage Mod: HP is shown in percentages
|rule|Evasion Abilities Clause: Evasion abilities are banned
|rule|Baton Pass Clause: Limit one Baton Passer, can't pass Spe and other stats simultaneously
|rule|Swagger Clause: Swagger is banned
|clearpoke
|poke|p1|Tyranitar, M|item
|poke|p1|Magnezone|item
|poke|p1|Terrakion|item
|poke|p1|Latios, M|item
|poke|p1|Scizor, F|item
|poke|p1|Landorus-Therian, M|item
|poke|p2|Politoed, M|item
|poke|p2|Magnezone|item
|poke|p2|Latios, M|item
|poke|p2|Garchomp, F|item
|poke|p2|Excadrill, F|item
|poke|p2|Scizor, F|item
|teampreview
|inactive|Battle timer is ON: inactive players will automatically lose when time's up. (requested by BigSausageNipples)
|inactive|yoloboy9000 has 120 seconds left.
|inactive|yoloboy9000 has 90 seconds left.
|inactive|yoloboy9000 has 60 seconds left.
|inactive|yoloboy9000 has 30 seconds left.
|inactive|yoloboy9000 has 20 seconds left.
|inactive|yoloboy9000 has 15 seconds left.
|
|start
|switch|p1a: Pat Riely|Tyranitar, M|403/403
|switch|p2a: Latios|Latios, M|301/301
|-weather|Sandstorm|[from] ability: Sand Stream|[of] p1a: Pat Riely
|turn|1
|
|move|p2a: Latios|Surf|p1a: Pat Riely
|-supereffective|p1a: Pat Riely
|-damage|p1a: Pat Riely|223/403
|move|p1a: Pat Riely|Pursuit|p2a: Latios
|-supereffective|p2a: Latios
|-damage|p2a: Latios|149/301
|
|-weather|Sandstorm|[upkeep]
|-damage|p2a: Latios|131/301|[from] Sandstorm
|-heal|p1a: Pat Riely|248/403|[from] item: Leftovers
|upkeep
|turn|2
|
|move|p2a: Latios|Surf|p1a: Pat Riely
|-supereffective|p1a: Pat Riely
|-damage|p1a: Pat Riely|74/403
|move|p1a: Pat Riely|Pursuit|p2a: Latios
|-supereffective|p2a: Latios
|-damage|p2a: Latios|0 fnt
|faint|p2a: Latios
|
|-weather|Sandstorm|[upkeep]
|-heal|p1a: Pat Riely|99/403|[from] item: Leftovers
|upkeep
|
|switch|p2a: Garchomp|Garchomp, F|357/357
|turn|3
|
|switch|p1a: Bron Bron|Landorus-Therian, M|382/382
|-ability|p1a: Bron Bron|Intimidate|boost
|-unboost|p2a: Garchomp|atk|1
|move|p2a: Garchomp|Swords Dance|p2a: Garchomp
|-boost|p2a: Garchomp|atk|2
|
|-weather|Sandstorm|[upkeep]
|upkeep
|turn|4
|
|move|p2a: Garchomp|Aqua Tail|p1a: Bron Bron
|-enditem|p2a: Garchomp|Water Gem|[from] gem|[move] Aqua Tail
|-supereffective|p1a: Bron Bron
|-damage|p1a: Bron Bron|0 fnt
|faint|p1a: Bron Bron
|
|-weather|Sandstorm|[upkeep]
|upkeep
|
|switch|p1a: Bosh|Latios, M, shiny|301/301
|turn|5
|
|switch|p2a: Scizor|Scizor, F|281/281
|move|p1a: Bosh|Draco Meteor|p2a: Scizor
|-resisted|p2a: Scizor
|-crit|p2a: Scizor
|-damage|p2a: Scizor|5/281
|-unboost|p1a: Bosh|spa|2
|
|-weather|Sandstorm|[upkeep]
|-damage|p1a: Bosh|283/301|[from] Sandstorm
|upkeep
|turn|6
|
|move|p1a: Bosh|Surf|p2a: Scizor
|-damage|p2a: Scizor|0 fnt
|faint|p2a: Scizor
|
|-weather|Sandstorm|[upkeep]
|-damage|p1a: Bosh|265/301|[from] Sandstorm
|upkeep
|
|switch|p2a: Magnezone|Magnezone|341/341
|turn|7
|
|switch|p1a: Ray Allen|Magnezone|283/283
|move|p2a: Magnezone|Substitute|p2a: Magnezone
|-start|p2a: Magnezone|Substitute
|-damage|p2a: Magnezone|256/341
|
|-weather|Sandstorm|[upkeep]
|-heal|p2a: Magnezone|277/341|[from] item: Leftovers
|upkeep
|turn|8
|
|move|p1a: Ray Allen|Hidden Power|p2a: Magnezone
|-supereffective|p2a: Magnezone
|-crit|p2a: Magnezone
|-end|p2a: Magnezone|Substitute
|move|p2a: Magnezone|Thunderbolt|p1a: Ray Allen
|-resisted|p1a: Ray Allen
|-damage|p1a: Ray Allen|195/283
|
|-weather|Sandstorm|[upkeep]
|-heal|p1a: Ray Allen|212/283|[from] item: Leftovers
|-heal|p2a: Magnezone|298/341|[from] item: Leftovers
|upkeep
|turn|9
|
|move|p1a: Ray Allen|Hidden Power|p2a: Magnezone
|-supereffective|p2a: Magnezone
|-damage|p2a: Magnezone|118/341
|move|p2a: Magnezone|Thunderbolt|p1a: Ray Allen
|-resisted|p1a: Ray Allen
|-damage|p1a: Ray Allen|118/283
|
|-weather|Sandstorm|[upkeep]
|-heal|p1a: Ray Allen|135/283|[from] item: Leftovers
|-heal|p2a: Magnezone|139/341|[from] item: Leftovers
|upkeep
|turn|10
|
|move|p1a: Ray Allen|Hidden Power|p2a: Magnezone
|-supereffective|p2a: Magnezone
|-damage|p2a: Magnezone|0 fnt
|faint|p2a: Magnezone
|
|-weather|Sandstorm|[upkeep]
|-heal|p1a: Ray Allen|152/283|[from] item: Leftovers
|upkeep
|
|switch|p2a: Garchomp|Garchomp, F|357/357
|turn|11
|
|move|p2a: Garchomp|Substitute|p2a: Garchomp
|-start|p2a: Garchomp|Substitute
|-damage|p2a: Garchomp|268/357
|move|p1a: Ray Allen|Flash Cannon|p2a: Garchomp
|-end|p2a: Garchomp|Substitute
|
|-weather|Sandstorm|[upkeep]
|-heal|p1a: Ray Allen|169/283|[from] item: Leftovers
|upkeep
|turn|12
|
|move|p2a: Garchomp|Earthquake|p1a: Ray Allen
|-supereffective|p1a: Ray Allen
|-damage|p1a: Ray Allen|0 fnt
|faint|p1a: Ray Allen
|
|-weather|Sandstorm|[upkeep]
|upkeep
|
|switch|p1a: Miller|Scizor, F, shiny|343/343
|turn|13
|
|move|p1a: Miller|Bullet Punch|p2a: Garchomp
|-damage|p2a: Garchomp|75/357
|-damage|p1a: Miller|301/343|[from] ability: Rough Skin|[of] p2a: Garchomp
|move|p2a: Garchomp|Earthquake|p1a: Miller
|-damage|p1a: Miller|114/343
|
|-weather|Sandstorm|[upkeep]
|upkeep
|turn|14
|
|switch|p2a: Excadrill|Excadrill, F|424/424
|-ability|p2a: Excadrill|Mold Breaker
|move|p1a: Miller|Bullet Punch|p2a: Excadrill
|-resisted|p2a: Excadrill
|-damage|p2a: Excadrill|280/424
|
|-weather|Sandstorm|[upkeep]
|-heal|p2a: Excadrill|306/424|[from] item: Leftovers
|upkeep
|turn|15
|
|move|p1a: Miller|Bullet Punch|p2a: Excadrill
|-resisted|p2a: Excadrill
|-damage|p2a: Excadrill|180/424
|move|p2a: Excadrill|Stealth Rock|p1a: Miller
|-sidestart|p1: yoloboy9000|move: Stealth Rock
|
|-weather|Sandstorm|[upkeep]
|-heal|p2a: Excadrill|206/424|[from] item: Leftovers
|upkeep
|turn|16
|
|move|p1a: Miller|Bullet Punch|p2a: Excadrill
|-resisted|p2a: Excadrill
|-damage|p2a: Excadrill|67/424
|move|p2a: Excadrill|Earthquake|p1a: Miller
|-damage|p1a: Miller|0 fnt
|faint|p1a: Miller
|
|-weather|Sandstorm|[upkeep]
|-heal|p2a: Excadrill|93/424|[from] item: Leftovers
|upkeep
|
|switch|p1a: Bosh|Latios, M, shiny|265/301
|-damage|p1a: Bosh|228/301|[from] Stealth Rock
|turn|17
|
|move|p1a: Bosh|Psyshock|p2a: Excadrill
|-resisted|p2a: Excadrill
|-damage|p2a: Excadrill|0 fnt
|faint|p2a: Excadrill
|
|-weather|Sandstorm|[upkeep]
|-damage|p1a: Bosh|210/301|[from] Sandstorm
|upkeep
|
|switch|p2a: Politoed|Politoed, M|321/321
|turn|18
|
|move|p2a: Politoed|Ice Beam|p1a: Bosh
|-supereffective|p1a: Bosh
|-damage|p1a: Bosh|34/301
|move|p1a: Bosh|Energy Ball|p2a: Politoed
|-supereffective|p2a: Politoed
|-damage|p2a: Politoed|107/321
|-unboost|p2a: Politoed|spd|1
|
|-weather|Sandstorm|[upkeep]
|-damage|p2a: Politoed|87/321|[from] Sandstorm
|-damage|p1a: Bosh|16/301|[from] Sandstorm
|upkeep
|turn|19
|
|switch|p2a: Garchomp|Garchomp, F|75/357
|move|p1a: Bosh|Energy Ball|p2a: Garchomp
|-damage|p2a: Garchomp|0 fnt
|faint|p2a: Garchomp
|
|-weather|Sandstorm|[upkeep]
|-damage|p1a: Bosh|0 fnt|[from] Sandstorm
|faint|p1a: Bosh
|upkeep
|
|switch|p1a: Pat Riely|Tyranitar, M|99/403
|switch|p2a: Politoed|Politoed, M|87/321
|-damage|p1a: Pat Riely|49/403|[from] Stealth Rock
|turn|20
|
|move|p2a: Politoed|Surf|p1a: Pat Riely
|-supereffective|p1a: Pat Riely
|-damage|p1a: Pat Riely|0 fnt
|faint|p1a: Pat Riely
|
|-weather|Sandstorm|[upkeep]
|-damage|p2a: Politoed|67/321|[from] Sandstorm
|upkeep
|
|switch|p1a: D.Wade|Terrakion|323/323
|-damage|p1a: D.Wade|303/323|[from] Stealth Rock
|turn|21
|
|move|p1a: D.Wade|Close Combat|p2a: Politoed
|-damage|p2a: Politoed|0 fnt
|-unboost|p1a: D.Wade|def|1
|-unboost|p1a: D.Wade|spd|1
|faint|p2a: Politoed
|
|win|yoloboy9000
|l|☆BigSausageNipples
|raw|yoloboy9000's rating: 1344 &rarr; <strong>1365</strong><br />(+21 for winning)
|raw|BigSausageNipples's rating: 1366 &rarr; <strong>1345</strong><br />(-21 for losing)
