|j|☆kodaekim
|j|☆SattleBimulator
|t:|1742101292
|gametype|singles
|player|p1|kodaekim|102|1388
|player|p2|SattleBimulator|101|1321
|teamsize|p1|6
|teamsize|p2|6
|gen|5
|tier|[Gen 5] OU
|rated|
|rule|Species Clause: Limit one of each Pokémon
|rule|OHKO Clause: OHKO moves are banned
|rule|Moody Clause: Moody is banned
|rule|Evasion Items Clause: Evasion items are banned
|rule|Evasion Moves Clause: Evasion moves are banned
|rule|Endless Battle Clause: Forcing endless battles is banned
|rule|HP Percentage Mod: HP is shown in percentages
|rule|Evasion Abilities Clause: Evasion abilities are banned
|rule|Sleep Moves Clause: Sleep-inducing moves are banned
|rule|Swagger Clause: Swagger is banned
|rule|Baton Pass Stat Clause: No Baton Passer may have a way to boost its stats
|clearpoke
|poke|p1|Alakazam, F|item
|poke|p1|Skarmory, F|item
|poke|p1|Tyranitar, F|item
|poke|p1|Mamoswine, F|item
|poke|p1|Jellicent, F|item
|poke|p1|Excadrill, F|item
|poke|p2|Excadrill, F|item
|poke|p2|Garchomp, M|item
|poke|p2|Tyranitar, F|item
|poke|p2|Scizor, F|item
|poke|p2|Skarmory, M|item
|poke|p2|Gengar, F|item
|teampreview
|inactive|Battle timer is ON: inactive players will automatically lose when time's up. (requested by SattleBimulator)
|
|t:|1742101304
|start
|switch|p1a: Skarmory|Skarmory, F|100/100
|switch|p2a: Skarmory|Skarmory, M|100/100
|turn|1
|
|t:|1742101307
|move|p1a: Skarmory|Stealth Rock|p2a: Skarmory
|-sidestart|p2: SattleBimulator|move: Stealth Rock
|move|p2a: Skarmory|Stealth Rock|p1a: Skarmory
|-sidestart|p1: kodaekim|move: Stealth Rock
|
|upkeep
|turn|2
|
|t:|1742101309
|move|p1a: Skarmory|Spikes|p2a: Skarmory
|-sidestart|p2: SattleBimulator|Spikes
|move|p2a: Skarmory|Spikes|p1a: Skarmory
|-sidestart|p1: kodaekim|Spikes
|
|upkeep
|turn|3
|
|t:|1742101313
|move|p1a: Skarmory|Spikes|p2a: Skarmory
|-sidestart|p2: SattleBimulator|Spikes
|move|p2a: Skarmory|Spikes|p1a: Skarmory
|-sidestart|p1: kodaekim|Spikes
|
|upkeep
|turn|4
|
|t:|1742101316
|move|p1a: Skarmory|Spikes|p2a: Skarmory
|-sidestart|p2: SattleBimulator|Spikes
|move|p2a: Skarmory|Spikes|p1a: Skarmory
|-sidestart|p1: kodaekim|Spikes
|
|upkeep
|turn|5
|
|t:|1742101318
|move|p1a: Skarmory|Brave Bird|p2a: Skarmory
|-resisted|p2a: Skarmory
|-damage|p2a: Skarmory|88/100
|-damage|p1a: Skarmory|84/100|[from] item: Rocky Helmet|[of] p2a: Skarmory
|-damage|p1a: Skarmory|79/100|[from] Recoil
|move|p2a: Skarmory|Whirlwind|p1a: Skarmory
|drag|p1a: Alakazam|Alakazam, F|100/100
|
|upkeep
|turn|6
|
|t:|1742101322
|move|p1a: Alakazam|Hidden Power|p2a: Skarmory
|-supereffective|p2a: Skarmory
|-damage|p2a: Skarmory|0 fnt
|faint|p2a: Skarmory
|
|upkeep
|
|t:|1742101328
|switch|p2a: Tyranitar|Tyranitar, F|100/100
|-damage|p2a: Tyranitar|88/100|[from] Stealth Rock
|-damage|p2a: Tyranitar|63/100|[from] Spikes
|-weather|Sandstorm|[from] ability: Sand Stream|[of] p2a: Tyranitar
|turn|7
|
|t:|1742101334
|move|p1a: Alakazam|Grass Knot|p2a: Tyranitar
|-supereffective|p2a: Tyranitar
|-damage|p2a: Tyranitar|5/100
|move|p2a: Tyranitar|Pursuit|p1a: Alakazam
|-supereffective|p1a: Alakazam
|-damage|p1a: Alakazam|0 fnt
|faint|p1a: Alakazam
|
|-weather|Sandstorm|[upkeep]
|upkeep
|
|t:|1742101339
|switch|p1a: Excadrill|Excadrill, F|100/100
|-damage|p1a: Excadrill|97/100|[from] Stealth Rock
|-damage|p1a: Excadrill|73/100|[from] Spikes
|turn|8
|
|t:|1742101342
|switch|p2a: Gengar|Gengar, F|100/100
|-damage|p2a: Gengar|88/100|[from] Stealth Rock
|move|p1a: Excadrill|Iron Head|p2a: Gengar
|-damage|p2a: Gengar|0 fnt
|faint|p2a: Gengar
|
|-weather|Sandstorm|[upkeep]
|upkeep
|
|t:|1742101350
|switch|p2a: Excadrill|Excadrill, F|100/100
|-damage|p2a: Excadrill|97/100|[from] Stealth Rock
|-ability|p2a: Excadrill|Mold Breaker
|-item|p2a: Excadrill|Air Balloon
|turn|9
|
|t:|1742101357
|switch|p1a: Jellicent|Jellicent, F|100/100
|-damage|p1a: Jellicent|88/100|[from] Stealth Rock
|-item|p1a: Jellicent|Air Balloon
|move|p2a: Excadrill|Earthquake|p1a: Jellicent
|-immune|p1a: Jellicent
|
|-weather|Sandstorm|[upkeep]
|-damage|p1a: Jellicent|82/100|[from] Sandstorm
|upkeep
|turn|10
|
|t:|1742101366
|switch|p2a: Tyranitar|Tyranitar, F|5/100
|-damage|p2a: Tyranitar|0 fnt|[from] Stealth Rock
|faint|p2a: Tyranitar
|move|p1a: Jellicent|Will-O-Wisp|p2: Tyranitar|[notarget]
|-fail|p1a: Jellicent
|
|-weather|Sandstorm|[upkeep]
|-damage|p1a: Jellicent|76/100|[from] Sandstorm
|upkeep
|
|t:|1742101375
|switch|p2a: Garchomp|Garchomp, M|100/100
|-damage|p2a: Garchomp|94/100|[from] Stealth Rock
|-damage|p2a: Garchomp|69/100|[from] Spikes
|turn|11
|
|t:|1742101381
|move|p2a: Garchomp|Outrage|p1a: Jellicent
|-damage|p1a: Jellicent|25/100
|-enditem|p1a: Jellicent|Air Balloon
|move|p1a: Jellicent|Will-O-Wisp|p2a: Garchomp|[miss]
|-miss|p1a: Jellicent|p2a: Garchomp
|
|-weather|Sandstorm|[upkeep]
|-damage|p1a: Jellicent|19/100|[from] Sandstorm
|upkeep
|turn|12
|
|t:|1742101386
|switch|p1a: Skarmory|Skarmory, F|79/100
|-damage|p1a: Skarmory|67/100|[from] Stealth Rock
|move|p2a: Garchomp|Outrage|p1a: Skarmory|[from] lockedmove
|-resisted|p1a: Skarmory
|-damage|p1a: Skarmory|37/100
|
|-weather|Sandstorm|[upkeep]
|upkeep
|turn|13
|
|t:|1742101395
|move|p2a: Garchomp|Outrage|p1a: Skarmory|[from] lockedmove
|-resisted|p1a: Skarmory
|-damage|p1a: Skarmory|5/100
|-start|p2a: Garchomp|confusion|[fatigue]
|move|p1a: Skarmory|Brave Bird|p2a: Garchomp
|-damage|p2a: Garchomp|27/100
|-damage|p1a: Skarmory|0 fnt|[from] ability: Rough Skin|[of] p2a: Garchomp
|faint|p1a: Skarmory
|
|-weather|Sandstorm|[upkeep]
|upkeep
|
|t:|1742101400
|switch|p1a: Excadrill|Excadrill, F|73/100
|-damage|p1a: Excadrill|70/100|[from] Stealth Rock
|-damage|p1a: Excadrill|45/100|[from] Spikes
|turn|14
|
|t:|1742101405
|-activate|p2a: Garchomp|confusion
|-damage|p2a: Garchomp|13/100|[from] confusion
|move|p1a: Excadrill|Rapid Spin|p2a: Garchomp
|-damage|p2a: Garchomp|6/100
|-damage|p1a: Excadrill|32/100|[from] ability: Rough Skin|[of] p2a: Garchomp
|-sideend|p1: kodaekim|Spikes|[from] move: Rapid Spin|[of] p1a: Excadrill
|-sideend|p1: kodaekim|Stealth Rock|[from] move: Rapid Spin|[of] p1a: Excadrill
|
|-weather|Sandstorm|[upkeep]
|upkeep
|turn|15
|
|t:|1742101415
|switch|p1a: Tyranitar|Tyranitar, F|100/100
|-activate|p2a: Garchomp|confusion
|-damage|p2a: Garchomp|0 fnt|[from] confusion
|faint|p2a: Garchomp
|
|-weather|Sandstorm|[upkeep]
|upkeep
|
|t:|1742101422
|switch|p2a: Excadrill|Excadrill, F|97/100
|-damage|p2a: Excadrill|94/100|[from] Stealth Rock
|-ability|p2a: Excadrill|Mold Breaker
|-item|p2a: Excadrill|Air Balloon
|turn|16
|
|t:|1742101425
|move|p2a: Excadrill|Rapid Spin|p1a: Tyranitar
|-resisted|p1a: Tyranitar
|-damage|p1a: Tyranitar|98/100
|-sideend|p2: SattleBimulator|Spikes|[from] move: Rapid Spin|[of] p2a: Excadrill
|-sideend|p2: SattleBimulator|Stealth Rock|[from] move: Rapid Spin|[of] p2a: Excadrill
|move|p1a: Tyranitar|Superpower|p2a: Excadrill
|-supereffective|p2a: Excadrill
|-damage|p2a: Excadrill|0 fnt
|-unboost|p1a: Tyranitar|atk|1
|-unboost|p1a: Tyranitar|def|1
|-enditem|p2a: Excadrill|Air Balloon
|faint|p2a: Excadrill
|
|-weather|Sandstorm|[upkeep]
|upkeep
|
|t:|1742101428
|switch|p2a: Scizor|Scizor, F|100/100
|turn|17
|
|t:|1742101430
|move|p2a: Scizor|Swords Dance|p2a: Scizor
|-boost|p2a: Scizor|atk|2
|move|p1a: Tyranitar|Thunder Wave|p2a: Scizor
|-status|p2a: Scizor|par
|
|-weather|Sandstorm|[upkeep]
|upkeep
|turn|18
|
|t:|1742101434
|move|p2a: Scizor|Bullet Punch|p1a: Tyranitar
|-supereffective|p1a: Tyranitar
|-damage|p1a: Tyranitar|0 fnt
|faint|p1a: Tyranitar
|-damage|p2a: Scizor|91/100 par|[from] item: Life Orb
|
|-weather|Sandstorm|[upkeep]
|upkeep
|
|t:|1742101443
|switch|p1a: Mamoswine|Mamoswine, F|100/100
|turn|19
|
|t:|1742101445
|move|p2a: Scizor|Bullet Punch|p1a: Mamoswine
|-supereffective|p1a: Mamoswine
|-damage|p1a: Mamoswine|0 fnt
|faint|p1a: Mamoswine
|-damage|p2a: Scizor|81/100 par|[from] item: Life Orb
|
|-weather|Sandstorm|[upkeep]
|upkeep
|
|t:|1742101449
|switch|p1a: Jellicent|Jellicent, F|19/100
|turn|20
|
|t:|1742101452
|move|p2a: Scizor|Bullet Punch|p1a: Jellicent
|-resisted|p1a: Jellicent
|-damage|p1a: Jellicent|0 fnt
|faint|p1a: Jellicent
|-damage|p2a: Scizor|71/100 par|[from] item: Life Orb
|
|-weather|Sandstorm|[upkeep]
|upkeep
|
|t:|1742101453
|switch|p1a: Excadrill|Excadrill, F|32/100
|turn|21
|
|t:|1742101455
|move|p2a: Scizor|Bullet Punch|p1a: Excadrill
|-resisted|p1a: Excadrill
|-damage|p1a: Excadrill|0 fnt
|faint|p1a: Excadrill
|-damage|p2a: Scizor|61/100 par|[from] item: Life Orb
|
|win|SattleBimulator
|raw|kodaekim's rating: 1388 &rarr; <strong>1364</strong><br />(-24 for losing)
|raw|SattleBimulator's rating: 1321 &rarr; <strong>1345</strong><br />(+24 for winning)
