|j|☆SpeedwagonPokemon
|j|☆Caster33
|t:|1598230311
|player|p1|SpeedwagonPokemon|266|1381
|player|p2|Caster33|lance|1338
|teamsize|p1|6
|teamsize|p2|6
|gametype|singles
|gen|5
|tier|[Gen 5] OU
|rated|
|clearpoke
|poke|p1|Kyurem-Black|item
|poke|p1|Latios, M|item
|poke|p1|Garchomp, F|item
|poke|p1|Dragonite, M|item
|poke|p1|Magnezone|item
|poke|p1|Jirachi|item
|poke|p2|Tyranitar, F|item
|poke|p2|Mamoswine, M|item
|poke|p2|Skarmory, M|item
|poke|p2|Excadrill, M|item
|poke|p2|Jellicent, M|item
|poke|p2|Latios, M|item
|rule|Species Clause: Limit one of each Pokémon
|rule|OHKO Clause: OHKO moves are banned
|rule|Moody Clause: Moody is banned
|rule|Evasion Moves Clause: Evasion moves are banned
|rule|Endless Battle Clause: Forcing endless battles is banned
|rule|HP Percentage Mod: HP is shown in percentages
|rule|Evasion Abilities Clause: Evasion abilities are banned
|rule|Baton Pass Clause: Limit one Baton Passer, can't pass Spe and other stats simultaneously
|rule|Sleep Clause: Sleep-inducing moves are banned
|rule|Swagger Clause: Swagger is banned
|teampreview
|inactive|Battle timer is ON: inactive players will automatically lose when time's up. (requested by Caster33)
|
|t:|1598230341
|start
|switch|p1a: Magnezone|Magnezone|100/100
|switch|p2a: Tyranitar|Tyranitar, F|100/100
|-item|p1a: Magnezone|Air Balloon
|-weather|Sandstorm|[from] ability: Sand Stream|[of] p2a: Tyranitar
|turn|1
|
|t:|1598230368
|switch|p1a: Garchomp|Garchomp, F|100/100
|move|p2a: Tyranitar|Stealth Rock|p1a: Garchomp
|-sidestart|p1: SpeedwagonPokemon|move: Stealth Rock
|
|-weather|Sandstorm|[upkeep]
|upkeep
|turn|2
|inactive|Caster33 has 120 seconds left.
|
|t:|1598230396
|switch|p2a: Skarmory|Skarmory, M|100/100
|move|p1a: Garchomp|Stealth Rock|p2a: Skarmory
|-sidestart|p2: Caster33|move: Stealth Rock
|
|-weather|Sandstorm|[upkeep]
|upkeep
|turn|3
|
|t:|1598230417
|switch|p1a: Magnezone|Magnezone|100/100
|-damage|p1a: Magnezone|94/100|[from] Stealth Rock
|-item|p1a: Magnezone|Air Balloon
|move|p2a: Skarmory|Spikes|p1a: Magnezone
|-sidestart|p1: SpeedwagonPokemon|Spikes
|
|-weather|Sandstorm|[upkeep]
|upkeep
|turn|4
|
|t:|1598230430
|switch|p2a: Excadrill|Excadrill, M|100/100
|-damage|p2a: Excadrill|97/100|[from] Stealth Rock
|-ability|p2a: Excadrill|Mold Breaker
|move|p1a: Magnezone|Thunderbolt|p2a: Excadrill
|-immune|p2a: Excadrill
|
|-weather|Sandstorm|[upkeep]
|-heal|p2a: Excadrill|100/100|[from] item: Leftovers
|upkeep
|turn|5
|
|t:|1598230437
|move|p2a: Excadrill|Rapid Spin|p1a: Magnezone
|-resisted|p1a: Magnezone
|-damage|p1a: Magnezone|91/100
|-enditem|p1a: Magnezone|Air Balloon
|-sideend|p2: Caster33|Stealth Rock|[from] move: Rapid Spin|[of] p2a: Excadrill
|move|p1a: Magnezone|Magnet Rise|p1a: Magnezone
|-start|p1a: Magnezone|Magnet Rise
|
|-weather|Sandstorm|[upkeep]
|upkeep
|turn|6
|inactive|Caster33 has 120 seconds left.
|
|t:|1598230447
|move|p2a: Excadrill|Iron Head|p1a: Magnezone
|-resisted|p1a: Magnezone
|-damage|p1a: Magnezone|78/100
|cant|p1a: Magnezone|flinch
|
|-weather|Sandstorm|[upkeep]
|upkeep
|turn|7
|inactive|Caster33 has 120 seconds left.
|
|t:|1598230457
|move|p2a: Excadrill|Swords Dance|p2a: Excadrill
|-boost|p2a: Excadrill|atk|2
|move|p1a: Magnezone|Sunny Day|p1a: Magnezone
|-weather|SunnyDay
|
|-weather|SunnyDay|[upkeep]
|upkeep
|turn|8
|
|t:|1598230461
|move|p2a: Excadrill|Iron Head|p1a: Magnezone
|-resisted|p1a: Magnezone
|-damage|p1a: Magnezone|54/100
|cant|p1a: Magnezone|flinch
|
|-weather|SunnyDay|[upkeep]
|upkeep
|turn|9
|
|t:|1598230467
|move|p2a: Excadrill|Iron Head|p1a: Magnezone
|-resisted|p1a: Magnezone
|-damage|p1a: Magnezone|33/100
|move|p1a: Magnezone|Hidden Power|p2a: Excadrill
|-supereffective|p2a: Excadrill
|-damage|p2a: Excadrill|0 fnt
|faint|p2a: Excadrill
|
|-weather|SunnyDay|[upkeep]
|-end|p1a: Magnezone|Magnet Rise
|upkeep
|
|t:|1598230479
|switch|p2a: Tyranitar|Tyranitar, F|100/100
|-weather|Sandstorm|[from] ability: Sand Stream|[of] p2a: Tyranitar
|turn|10
|
|t:|1598230521
|switch|p1a: Jirachi|Jirachi|100/100
|-damage|p1a: Jirachi|88/100|[from] Spikes
|-damage|p1a: Jirachi|82/100|[from] Stealth Rock
|switch|p2a: Mamoswine|Mamoswine, M|100/100
|
|-weather|Sandstorm|[upkeep]
|upkeep
|turn|11
|
|t:|1598230542
|switch|p2a: Skarmory|Skarmory, M|100/100
|move|p1a: Jirachi|Iron Head|p2a: Skarmory
|-resisted|p2a: Skarmory
|-damage|p2a: Skarmory|89/100
|
|-weather|Sandstorm|[upkeep]
|upkeep
|turn|12
|
|t:|1598230548
|switch|p1a: Magnezone|Magnezone|33/100
|-damage|p1a: Magnezone|20/100|[from] Spikes
|-damage|p1a: Magnezone|14/100|[from] Stealth Rock
|move|p2a: Skarmory|Spikes|p1a: Magnezone
|-sidestart|p1: SpeedwagonPokemon|Spikes
|
|-weather|Sandstorm|[upkeep]
|upkeep
|turn|13
|
|t:|1598230555
|switch|p2a: Mamoswine|Mamoswine, M|100/100
|move|p1a: Magnezone|Thunderbolt|p2a: Mamoswine
|-immune|p2a: Mamoswine
|
|-weather|Sandstorm|[upkeep]
|upkeep
|turn|14
|
|t:|1598230564
|move|p2a: Mamoswine|Earthquake|p1a: Magnezone
|-supereffective|p1a: Magnezone
|-damage|p1a: Magnezone|0 fnt
|faint|p1a: Magnezone
|
|-weather|Sandstorm|[upkeep]
|upkeep
|
|t:|1598230582
|switch|p1a: Latios|Latios, M|100/100
|-damage|p1a: Latios|88/100|[from] Stealth Rock
|turn|15
|c|☆Caster33|Need flash cannon
|inactive|Caster33 has 120 seconds left.
|
|t:|1598230619
|move|p1a: Latios|Surf|p2a: Mamoswine
|-supereffective|p2a: Mamoswine
|-enditem|p2a: Mamoswine|Focus Sash
|-damage|p2a: Mamoswine|1/100
|move|p2a: Mamoswine|Icicle Crash|p1a: Latios
|-supereffective|p1a: Latios
|-damage|p1a: Latios|0 fnt
|faint|p1a: Latios
|
|-weather|Sandstorm|[upkeep]
|upkeep
|c|☆SpeedwagonPokemon|?
|
|t:|1598230632
|switch|p1a: Jirachi|Jirachi|82/100
|-damage|p1a: Jirachi|66/100|[from] Spikes
|-damage|p1a: Jirachi|59/100|[from] Stealth Rock
|turn|16
|c|☆Caster33|For mamo
|
|t:|1598230640
|switch|p2a: Skarmory|Skarmory, M|89/100
|move|p1a: Jirachi|U-turn|p2a: Skarmory
|-resisted|p2a: Skarmory
|-damage|p2a: Skarmory|85/100
|
|t:|1598230647
|switch|p1a: Kyurem|Kyurem-Black|100/100|[from]move: U-turn
|-damage|p1a: Kyurem|84/100|[from] Spikes
|-damage|p1a: Kyurem|59/100|[from] Stealth Rock
|-ability|p1a: Kyurem|Teravolt
|
|-weather|Sandstorm|[upkeep]
|-damage|p1a: Kyurem|53/100|[from] Sandstorm
|upkeep
|turn|17
|
|t:|1598230666
|move|p1a: Kyurem|Dragon Claw|p2a: Skarmory
|-resisted|p2a: Skarmory
|-damage|p2a: Skarmory|60/100
|move|p2a: Skarmory|Whirlwind|p1a: Kyurem
|drag|p1a: Garchomp|Garchomp, F|100/100
|-damage|p1a: Garchomp|84/100|[from] Spikes
|-damage|p1a: Garchomp|78/100|[from] Stealth Rock
|
|-weather|Sandstorm|[upkeep]
|upkeep
|turn|18
|
|t:|1598230675
|move|p1a: Garchomp|Stealth Rock|p2a: Skarmory
|-sidestart|p2: Caster33|move: Stealth Rock
|move|p2a: Skarmory|Whirlwind|p1a: Garchomp
|drag|p1a: Jirachi|Jirachi|59/100
|-damage|p1a: Jirachi|53/100|[from] Stealth Rock
|-damage|p1a: Jirachi|37/100|[from] Spikes
|
|-weather|Sandstorm|[upkeep]
|upkeep
|turn|19
|
|t:|1598230685
|move|p1a: Jirachi|Ice Punch|p2a: Skarmory
|-damage|p2a: Skarmory|45/100
|move|p2a: Skarmory|Whirlwind|p1a: Jirachi
|drag|p1a: Kyurem|Kyurem-Black|53/100
|-damage|p1a: Kyurem|28/100|[from] Stealth Rock
|-damage|p1a: Kyurem|11/100|[from] Spikes
|-ability|p1a: Kyurem|Teravolt
|
|-weather|Sandstorm|[upkeep]
|-damage|p1a: Kyurem|5/100|[from] Sandstorm
|upkeep
|turn|20
|inactive|Caster33 has 120 seconds left.
|
|t:|1598230717
|switch|p2a: Latios|Latios, M|100/100
|-damage|p2a: Latios|88/100|[from] Stealth Rock
|move|p1a: Kyurem|Fusion Bolt|p2a: Latios
|-resisted|p2a: Latios
|-damage|p2a: Latios|38/100
|
|-weather|Sandstorm|[upkeep]
|-damage|p2a: Latios|32/100|[from] Sandstorm
|-damage|p1a: Kyurem|0 fnt|[from] Sandstorm
|faint|p1a: Kyurem
|upkeep
|
|t:|1598230726
|switch|p1a: Garchomp|Garchomp, F|78/100
|-damage|p1a: Garchomp|72/100|[from] Stealth Rock
|-damage|p1a: Garchomp|55/100|[from] Spikes
|turn|21
|
|t:|1598230733
|move|p1a: Garchomp|Outrage|p2a: Latios
|-supereffective|p2a: Latios
|-damage|p2a: Latios|0 fnt
|faint|p2a: Latios
|
|-weather|Sandstorm|[upkeep]
|upkeep
|inactive|Caster33 has 120 seconds left.
|
|t:|1598230752
|switch|p2a: Skarmory|Skarmory, M|45/100
|-damage|p2a: Skarmory|33/100|[from] Stealth Rock
|turn|22
|
|t:|1598230756
|move|p1a: Garchomp|Outrage|p2a: Skarmory|[from]lockedmove
|-resisted|p2a: Skarmory
|-damage|p2a: Skarmory|11/100
|-start|p1a: Garchomp|confusion|[fatigue]
|move|p2a: Skarmory|Roost|p2a: Skarmory
|-heal|p2a: Skarmory|61/100
|-singleturn|p2a: Skarmory|move: Roost
|
|-weather|Sandstorm|[upkeep]
|upkeep
|turn|23
|
|t:|1598230771
|switch|p1a: Jirachi|Jirachi|37/100
|-damage|p1a: Jirachi|20/100|[from] Spikes
|-damage|p1a: Jirachi|14/100|[from] Stealth Rock
|move|p2a: Skarmory|Roost|p2a: Skarmory
|-heal|p2a: Skarmory|100/100
|-singleturn|p2a: Skarmory|move: Roost
|
|-weather|Sandstorm|[upkeep]
|upkeep
|turn|24
|
|t:|1598230777
|move|p1a: Jirachi|Healing Wish|p1a: Jirachi
|faint|p1a: Jirachi
|move|p2a: Skarmory|Brave Bird|p1: Jirachi|[notarget]
|-fail|p2a: Skarmory
|
|-weather|Sandstorm|[upkeep]
|upkeep
|
|t:|1598230787
|switch|p1a: Garchomp|Garchomp, F|55/100
|-heal|p1a: Garchomp|100/100|[from] move: Healing Wish
|-damage|p1a: Garchomp|84/100|[from] Spikes
|-damage|p1a: Garchomp|78/100|[from] Stealth Rock
|turn|25
|-message|SpeedwagonPokemon forfeited.
|
|win|Caster33
|l|☆SpeedwagonPokemon
|raw|SpeedwagonPokemon's rating: 1362 &rarr; <strong>1340</strong><br />(-22 for losing)
|raw|Caster33's rating: 1338 &rarr; <strong>1359</strong><br />(+21 for winning)
