|j|☆BWC Mario2
|j|☆For 4LOM
|t:|1714329722
|gametype|singles
|player|p1|BWC Mario2|unknown|1325
|player|p2|For 4LOM|unknownf|1491
|teamsize|p1|6
|teamsize|p2|6
|gen|5
|tier|[Gen 5] OU
|rated|
|rule|Species Clause: Limit one of each Pokémon
|rule|OHKO Clause: OHKO moves are banned
|rule|Moody Clause: Moody is banned
|rule|Evasion Items Clause: Evasion items are banned
|rule|Evasion Moves Clause: Evasion moves are banned
|rule|Endless Battle Clause: Forcing endless battles is banned
|rule|HP Percentage Mod: HP is shown in percentages
|rule|Evasion Abilities Clause: Evasion abilities are banned
|rule|Sleep Moves Clause: Sleep-inducing moves are banned
|rule|Swagger Clause: Swagger is banned
|rule|Baton Pass Stat Clause: No Baton Passer may have a way to boost its stats
|clearpoke
|poke|p1|Tyranitar, F|item
|poke|p1|Rotom-Wash|item
|poke|p1|Landorus-Therian, M|item
|poke|p1|Terrakion|item
|poke|p1|Excadrill, M|item
|poke|p1|Celebi|item
|poke|p2|Politoed, F|item
|poke|p2|Starmie|item
|poke|p2|Ferrothorn, F|item
|poke|p2|Latios, M|item
|poke|p2|Garchomp, M|item
|poke|p2|Kyurem-Black|item
|teampreview
|c|☆BWC Mario2|yooo
|c|☆BWC Mario2|wsg bro
|c|☆BWC Mario2|you got 2nd place in orre12 right?
|c|☆For 4LOM|blj??
|c|☆For 4LOM|mario??
|c|☆BWC Mario2|yep
|c|☆For 4LOM|oh my days
|c|☆For 4LOM|ye i play bw
|c|☆BWC Mario2|hows your day been so far
|c|☆For 4LOM|fine
|c|☆For 4LOM|just ladder in my free time
|c|☆For 4LOM|laddering*
|
|t:|1714329844
|start
|switch|p1a: Landorus|Landorus-Therian, M|100/100
|switch|p2a: Ferrothorn|Ferrothorn, F|100/100
|-ability|p1a: Landorus|Intimidate|boost
|-unboost|p2a: Ferrothorn|atk|1
|turn|1
|
|t:|1714329852
|move|p1a: Landorus|Stealth Rock|p2a: Ferrothorn
|-sidestart|p2: For 4LOM|move: Stealth Rock
|move|p2a: Ferrothorn|Spikes|p1a: Landorus
|-sidestart|p1: BWC Mario2|Spikes
|
|upkeep
|turn|2
|
|t:|1714329862
|switch|p2a: Garchomp|Garchomp, M|100/100
|-damage|p2a: Garchomp|94/100|[from] Stealth Rock
|move|p1a: Landorus|U-turn|p2a: Garchomp
|-damage|p2a: Garchomp|71/100
|-damage|p1a: Landorus|88/100|[from] ability: Rough Skin|[of] p2a: Garchomp
|
|t:|1714329880
|switch|p1a: Rotom|Rotom-Wash|100/100|[from] U-turn
|
|upkeep
|turn|3
|
|t:|1714329884
|switch|p2a: Ferrothorn|Ferrothorn, F|100/100
|-damage|p2a: Ferrothorn|95/100|[from] Stealth Rock
|move|p1a: Rotom|Will-O-Wisp|p2a: Ferrothorn
|-status|p2a: Ferrothorn|brn
|
|-heal|p2a: Ferrothorn|100/100 brn|[from] item: Leftovers
|-damage|p2a: Ferrothorn|88/100 brn|[from] brn
|upkeep
|turn|4
|
|t:|1714329888
|move|p1a: Rotom|Volt Switch|p2a: Ferrothorn
|-resisted|p2a: Ferrothorn
|-damage|p2a: Ferrothorn|79/100 brn
|
|t:|1714329896
|switch|p1a: Excadrill|Excadrill, M|100/100|[from] Volt Switch
|-damage|p1a: Excadrill|88/100|[from] Spikes
|move|p2a: Ferrothorn|Knock Off|p1a: Excadrill
|-resisted|p1a: Excadrill
|-damage|p1a: Excadrill|87/100
|-enditem|p1a: Excadrill|Leftovers|[from] move: Knock Off|[of] p2a: Ferrothorn
|
|-heal|p2a: Ferrothorn|85/100 brn|[from] item: Leftovers
|-damage|p2a: Ferrothorn|73/100 brn|[from] brn
|upkeep
|turn|5
|
|t:|1714329904
|switch|p2a: Garchomp|Garchomp, M|71/100
|-damage|p2a: Garchomp|65/100|[from] Stealth Rock
|move|p1a: Excadrill|Rapid Spin|p2a: Garchomp
|-damage|p2a: Garchomp|58/100
|-damage|p1a: Excadrill|74/100|[from] ability: Rough Skin|[of] p2a: Garchomp
|-sideend|p1: BWC Mario2|Spikes|[from] move: Rapid Spin|[of] p1a: Excadrill
|
|upkeep
|turn|6
|
|t:|1714329912
|switch|p1a: Landorus|Landorus-Therian, M|88/100
|-ability|p1a: Landorus|Intimidate|boost
|-unboost|p2a: Garchomp|atk|1
|move|p2a: Garchomp|Swords Dance|p2a: Garchomp
|-boost|p2a: Garchomp|atk|2
|
|-heal|p1a: Landorus|94/100|[from] item: Leftovers
|upkeep
|turn|7
|
|t:|1714329936
|move|p2a: Garchomp|Stealth Rock|p1a: Landorus
|-sidestart|p1: BWC Mario2|move: Stealth Rock
|move|p1a: Landorus|Hidden Power|p2a: Garchomp
|-supereffective|p2a: Garchomp
|-enditem|p2a: Garchomp|Yache Berry|[eat]
|-enditem|p2a: Garchomp|Yache Berry|[weaken]
|-damage|p2a: Garchomp|25/100
|
|-heal|p1a: Landorus|99/100|[from] item: Leftovers
|upkeep
|turn|8
|
|t:|1714329954
|move|p2a: Garchomp|Outrage|p1a: Landorus
|-damage|p1a: Landorus|6/100
|move|p1a: Landorus|Earthquake|p2a: Garchomp
|-damage|p2a: Garchomp|0 fnt
|faint|p2a: Garchomp
|
|-heal|p1a: Landorus|12/100|[from] item: Leftovers
|upkeep
|
|t:|1714329973
|switch|p2a: Starmie|Starmie|100/100
|-damage|p2a: Starmie|88/100|[from] Stealth Rock
|-item|p2a: Starmie|Air Balloon
|turn|9
|
|t:|1714329983
|switch|p1a: Rotom|Rotom-Wash|100/100
|-damage|p1a: Rotom|88/100|[from] Stealth Rock
|move|p2a: Starmie|Ice Beam|p1a: Rotom
|-resisted|p1a: Rotom
|-damage|p1a: Rotom|70/100
|-status|p1a: Rotom|frz
|
|-heal|p1a: Rotom|76/100 frz|[from] item: Leftovers
|upkeep
|turn|10
|
|t:|1714329990
|move|p2a: Starmie|Rapid Spin|p1a: Rotom
|-damage|p1a: Rotom|74/100 frz
|-sideend|p2: For 4LOM|Stealth Rock|[from] move: Rapid Spin|[of] p2a: Starmie
|cant|p1a: Rotom|frz
|
|-heal|p1a: Rotom|80/100 frz|[from] item: Leftovers
|upkeep
|turn|11
|
|t:|1714329995
|switch|p2a: Kyurem|Kyurem-Black|100/100
|-ability|p2a: Kyurem|Teravolt
|cant|p1a: Rotom|frz
|
|-heal|p1a: Rotom|87/100 frz|[from] item: Leftovers
|upkeep
|turn|12
|
|t:|1714330000
|switch|p1a: Landorus|Landorus-Therian, M|12/100
|-damage|p1a: Landorus|0 fnt|[from] Stealth Rock
|faint|p1a: Landorus
|move|p2a: Kyurem|Substitute|p2a: Kyurem
|-start|p2a: Kyurem|Substitute
|-damage|p2a: Kyurem|76/100
|
|upkeep
|
|t:|1714330010
|switch|p1a: Tyranitar|Tyranitar, F|100/100
|-damage|p1a: Tyranitar|88/100|[from] Stealth Rock
|-weather|Sandstorm|[from] ability: Sand Stream|[of] p1a: Tyranitar
|turn|13
|c|☆For 4LOM|dont give kyurem free turns
|c|☆BWC Mario2|i forgot about the rocks
|
|t:|1714330026
|move|p2a: Kyurem|Outrage|p1a: Tyranitar
|-damage|p1a: Tyranitar|23/100
|move|p1a: Tyranitar|Crunch|p2a: Kyurem
|-end|p2a: Kyurem|Substitute
|
|-weather|Sandstorm|[upkeep]
|-damage|p2a: Kyurem|69/100|[from] Sandstorm
|upkeep
|turn|14
|
|t:|1714330042
|switch|p1a: Excadrill|Excadrill, M|74/100
|-damage|p1a: Excadrill|71/100|[from] Stealth Rock
|move|p2a: Kyurem|Outrage|p1a: Excadrill|[from]lockedmove
|-resisted|p1a: Excadrill
|-damage|p1a: Excadrill|10/100
|
|-weather|Sandstorm|[upkeep]
|-damage|p2a: Kyurem|63/100|[from] Sandstorm
|upkeep
|turn|15
|
|t:|1714330048
|move|p1a: Excadrill|Iron Head|p2a: Kyurem
|-supereffective|p2a: Kyurem
|-damage|p2a: Kyurem|0 fnt
|faint|p2a: Kyurem
|
|-weather|Sandstorm|[upkeep]
|upkeep
|
|t:|1714330051
|switch|p2a: Politoed|Politoed, F|100/100
|-weather|RainDance|[from] ability: Drizzle|[of] p2a: Politoed
|turn|16
|
|t:|1714330061
|move|p1a: Excadrill|Rapid Spin|p2a: Politoed
|-damage|p2a: Politoed|94/100
|-sideend|p1: BWC Mario2|Stealth Rock|[from] move: Rapid Spin|[of] p1a: Excadrill
|move|p2a: Politoed|Toxic|p1a: Excadrill
|-immune|p1a: Excadrill
|
|-weather|RainDance|[upkeep]
|-heal|p2a: Politoed|99/100|[from] item: Leftovers
|upkeep
|turn|17
|
|t:|1714330083
|move|p1a: Excadrill|Earthquake|p2a: Politoed
|-damage|p2a: Politoed|49/100
|move|p2a: Politoed|Scald|p1a: Excadrill
|-supereffective|p1a: Excadrill
|-damage|p1a: Excadrill|0 fnt
|faint|p1a: Excadrill
|
|-weather|RainDance|[upkeep]
|-heal|p2a: Politoed|56/100|[from] item: Leftovers
|upkeep
|
|t:|1714330087
|switch|p1a: Celebi|Celebi|100/100
|turn|18
|
|t:|1714330090
|switch|p2a: Ferrothorn|Ferrothorn, F|73/100 brn
|move|p1a: Celebi|Substitute|p1a: Celebi
|-start|p1a: Celebi|Substitute
|-damage|p1a: Celebi|76/100
|
|-weather|RainDance|[upkeep]
|-heal|p1a: Celebi|82/100|[from] item: Leftovers
|-heal|p2a: Ferrothorn|79/100 brn|[from] item: Leftovers
|-damage|p2a: Ferrothorn|67/100 brn|[from] brn
|upkeep
|turn|19
|
|t:|1714330094
|move|p1a: Celebi|Baton Pass|p1a: Celebi
|
|t:|1714330098
|switch|p1a: Terrakion|Terrakion|100/100|[from] Baton Pass
|move|p2a: Ferrothorn|Gyro Ball|p1a: Terrakion
|-supereffective|p1a: Terrakion
|-end|p1a: Terrakion|Substitute
|
|-weather|RainDance|[upkeep]
|-heal|p2a: Ferrothorn|73/100 brn|[from] item: Leftovers
|-damage|p2a: Ferrothorn|61/100 brn|[from] brn
|upkeep
|turn|20
|
|t:|1714330103
|move|p1a: Terrakion|Close Combat|p2a: Ferrothorn
|-supereffective|p2a: Ferrothorn
|-damage|p2a: Ferrothorn|0 fnt
|-unboost|p1a: Terrakion|def|1
|-unboost|p1a: Terrakion|spd|1
|-damage|p1a: Terrakion|88/100|[from] ability: Iron Barbs|[of] p2a: Ferrothorn
|faint|p2a: Ferrothorn
|
|-weather|RainDance|[upkeep]
|upkeep
|
|t:|1714330107
|switch|p2a: Starmie|Starmie|88/100
|-item|p2a: Starmie|Air Balloon
|turn|21
|
|t:|1714330130
|switch|p1a: Rotom|Rotom-Wash|87/100 frz
|move|p2a: Starmie|Ice Beam|p1a: Rotom
|-resisted|p1a: Rotom
|-crit|p1a: Rotom
|-damage|p1a: Rotom|53/100 frz
|
|-weather|RainDance|[upkeep]
|-heal|p1a: Rotom|59/100 frz|[from] item: Leftovers
|upkeep
|turn|22
|
|t:|1714330136
|move|p2a: Starmie|Thunder|p1a: Rotom
|-damage|p1a: Rotom|24/100 frz
|cant|p1a: Rotom|frz
|
|-weather|RainDance|[upkeep]
|-heal|p1a: Rotom|30/100 frz|[from] item: Leftovers
|upkeep
|turn|23
|
|t:|1714330145
|move|p2a: Starmie|Thunder|p1a: Rotom
|-damage|p1a: Rotom|0 fnt
|faint|p1a: Rotom
|
|-weather|RainDance|[upkeep]
|upkeep
|
|t:|1714330148
|switch|p1a: Celebi|Celebi|82/100
|turn|24
|
|t:|1714330152
|move|p2a: Starmie|Ice Beam|p1a: Celebi
|-supereffective|p1a: Celebi
|-damage|p1a: Celebi|45/100
|move|p1a: Celebi|Substitute|p1a: Celebi
|-start|p1a: Celebi|Substitute
|-damage|p1a: Celebi|20/100
|
|-weather|RainDance|[upkeep]
|-heal|p1a: Celebi|27/100|[from] item: Leftovers
|upkeep
|turn|25
|
|t:|1714330157
|move|p2a: Starmie|Ice Beam|p1a: Celebi
|-supereffective|p1a: Celebi
|-end|p1a: Celebi|Substitute
|move|p1a: Celebi|Recover|p1a: Celebi
|-heal|p1a: Celebi|77/100
|
|-weather|RainDance|[upkeep]
|-heal|p1a: Celebi|83/100|[from] item: Leftovers
|upkeep
|turn|26
|
|t:|1714330167
|move|p2a: Starmie|Ice Beam|p1a: Celebi
|-supereffective|p1a: Celebi
|-damage|p1a: Celebi|47/100
|-status|p1a: Celebi|frz
|cant|p1a: Celebi|frz
|
|-weather|RainDance|[upkeep]
|-heal|p1a: Celebi|53/100 frz|[from] item: Leftovers
|upkeep
|turn|27
|
|t:|1714330176
|-curestatus|p1a: Celebi|frz|[from] ability: Natural Cure
|switch|p1a: Tyranitar|Tyranitar, F|23/100
|-weather|Sandstorm|[from] ability: Sand Stream|[of] p1a: Tyranitar
|move|p2a: Starmie|Ice Beam|p1a: Tyranitar
|-damage|p1a: Tyranitar|5/100
|
|-weather|Sandstorm|[upkeep]
|-damage|p2a: Starmie|82/100|[from] Sandstorm
|upkeep
|turn|28
|
|t:|1714330180
|move|p2a: Starmie|Ice Beam|p1a: Tyranitar
|-damage|p1a: Tyranitar|0 fnt
|faint|p1a: Tyranitar
|
|-weather|Sandstorm|[upkeep]
|-damage|p2a: Starmie|76/100|[from] Sandstorm
|upkeep
|
|t:|1714330202
|switch|p1a: Terrakion|Terrakion|88/100
|turn|29
|
|t:|1714330219
|move|p2a: Starmie|Hydro Pump|p1a: Terrakion|[miss]
|-miss|p2a: Starmie|p1a: Terrakion
|move|p1a: Terrakion|X-Scissor|p2a: Starmie
|-supereffective|p2a: Starmie
|-damage|p2a: Starmie|0 fnt
|-enditem|p2a: Starmie|Air Balloon
|faint|p2a: Starmie
|
|-weather|Sandstorm|[upkeep]
|upkeep
|
|t:|1714330221
|switch|p2a: Latios|Latios, M|100/100
|turn|30
|
|t:|1714330228
|move|p2a: Latios|Psyshock|p1a: Terrakion
|-supereffective|p1a: Terrakion
|-damage|p1a: Terrakion|0 fnt
|faint|p1a: Terrakion
|
|-weather|Sandstorm|[upkeep]
|-damage|p2a: Latios|95/100|[from] Sandstorm
|upkeep
|
|t:|1714330232
|switch|p1a: Celebi|Celebi|53/100
|turn|31
|
|t:|1714330244
|switch|p2a: Politoed|Politoed, F|56/100
|-weather|RainDance|[from] ability: Drizzle|[of] p2a: Politoed
|move|p1a: Celebi|Recover|p1a: Celebi
|-heal|p1a: Celebi|100/100
|
|-weather|RainDance|[upkeep]
|-heal|p2a: Politoed|62/100|[from] item: Leftovers
|upkeep
|turn|32
|
|t:|1714330267
|move|p1a: Celebi|Psychic|p2a: Politoed
|-damage|p2a: Politoed|42/100
|move|p2a: Politoed|Encore|p1a: Celebi
|-start|p1a: Celebi|Encore
|
|-weather|RainDance|[upkeep]
|-heal|p2a: Politoed|48/100|[from] item: Leftovers
|upkeep
|turn|33
|
|t:|1714330271
|move|p1a: Celebi|Psychic|p2a: Politoed
|-damage|p2a: Politoed|28/100
|move|p2a: Politoed|Toxic|p1a: Celebi
|-status|p1a: Celebi|tox
|
|-weather|RainDance|[upkeep]
|-heal|p2a: Politoed|34/100|[from] item: Leftovers
|-damage|p1a: Celebi|94/100 tox|[from] psn
|upkeep
|turn|34
|
|t:|1714330275
|move|p2a: Politoed|Protect|p2a: Politoed
|-singleturn|p2a: Politoed|Protect
|move|p1a: Celebi|Psychic|p2a: Politoed
|-activate|p2a: Politoed|move: Protect
|
|-weather|RainDance|[upkeep]
|-heal|p1a: Celebi|100/100 tox|[from] item: Leftovers
|-heal|p2a: Politoed|41/100|[from] item: Leftovers
|-damage|p1a: Celebi|88/100 tox|[from] psn
|upkeep
|turn|35
|
|t:|1714330278
|move|p1a: Celebi|Psychic|p2a: Politoed
|-damage|p2a: Politoed|21/100
|move|p2a: Politoed|Scald|p1a: Celebi
|-resisted|p1a: Celebi
|-damage|p1a: Celebi|76/100 tox
|
|-weather|RainDance|[upkeep]
|-heal|p1a: Celebi|82/100 tox|[from] item: Leftovers
|-heal|p2a: Politoed|27/100|[from] item: Leftovers
|-damage|p1a: Celebi|64/100 tox|[from] psn
|-end|p1a: Celebi|Encore
|upkeep
|turn|36
|
|t:|1714330287
|move|p1a: Celebi|Psychic|p2a: Politoed
|-damage|p2a: Politoed|4/100
|move|p2a: Politoed|Encore|p1a: Celebi
|-start|p1a: Celebi|Encore
|
|-weather|RainDance|[upkeep]
|-heal|p1a: Celebi|70/100 tox|[from] item: Leftovers
|-heal|p2a: Politoed|10/100|[from] item: Leftovers
|-damage|p1a: Celebi|45/100 tox|[from] psn
|upkeep
|turn|37
|
|t:|1714330290
|move|p2a: Politoed|Protect|p2a: Politoed
|-singleturn|p2a: Politoed|Protect
|move|p1a: Celebi|Psychic|p2a: Politoed
|-activate|p2a: Politoed|move: Protect
|
|-weather|RainDance|[upkeep]
|-heal|p1a: Celebi|51/100 tox|[from] item: Leftovers
|-heal|p2a: Politoed|17/100|[from] item: Leftovers
|-damage|p1a: Celebi|20/100 tox|[from] psn
|upkeep
|turn|38
|c|☆For 4LOM|gg
|c|☆BWC Mario2|Gg
|
|t:|1714330296
|move|p2a: Politoed|Protect|p2a: Politoed
|-singleturn|p2a: Politoed|Protect
|move|p1a: Celebi|Psychic|p2a: Politoed
|-activate|p2a: Politoed|move: Protect
|
|-weather|RainDance|[upkeep]
|-heal|p1a: Celebi|27/100 tox|[from] item: Leftovers
|-heal|p2a: Politoed|23/100|[from] item: Leftovers
|-damage|p1a: Celebi|0 fnt|[from] psn
|faint|p1a: Celebi
|
|win|For 4LOM
|upkeep
|raw|BWC Mario2's rating: 1325 &rarr; <strong>1314</strong><br />(-11 for losing)
|raw|For 4LOM's rating: 1491 &rarr; <strong>1502</strong><br />(+11 for winning)
