|j|☆Invisible Enemy
|j|☆TriKiwi
|player|p1|Invisible Enemy|99
|player|p2|TriKiwi|197
|teamsize|p1|6
|teamsize|p2|6
|gametype|singles
|gen|5
|tier|[Gen 5] OU
|rated|
|rule|Sleep Clause Mod: Limit one foe put to sleep
|rule|Species Clause: Limit one of each Pokémon
|rule|OHKO Clause: OHKO moves are banned
|rule|Moody Clause: Moody is banned
|rule|Evasion Moves Clause: Evasion moves are banned
|rule|Endless Battle Clause: Forcing endless battles is banned
|rule|HP Percentage Mod: HP is shown in percentages
|rule|Evasion Abilities Clause: Evasion abilities are banned
|rule|Baton Pass Clause: Limit one Baton Passer, can't pass Spe and other stats simultaneously
|rule|Swagger Clause: Swagger is banned
|clearpoke
|poke|p1|Lanturn, F|item
|poke|p1|Politoed, F|item
|poke|p1|Claydol|item
|poke|p1|Kyurem|item
|poke|p1|Toxicroak, M|item
|poke|p1|Registeel|item
|poke|p2|Keldeo-Resolute|item
|poke|p2|Breloom, F|item
|poke|p2|Jirachi|item
|poke|p2|Politoed, M|item
|poke|p2|Ferrothorn, M|item
|poke|p2|Kyurem-Black|item
|teampreview
|inactive|Battle timer is ON: inactive players will automatically lose when time's up. (requested by TriKiwi)
|
|start
|switch|p1a: Politoed|Politoed, F|100/100
|switch|p2a: Politoed|Politoed, M, shiny|100/100
|-weather|RainDance|[from] ability: Drizzle|[of] p2a: Politoed
|turn|1
|
|move|p2a: Politoed|Scald|p1a: Politoed
|-resisted|p1a: Politoed
|-damage|p1a: Politoed|79/100
|-status|p1a: Politoed|brn
|move|p1a: Politoed|Scald|p2a: Politoed
|-resisted|p2a: Politoed
|-damage|p2a: Politoed|82/100
|
|-weather|RainDance|[upkeep]
|-damage|p1a: Politoed|67/100 brn|[from] brn
|upkeep
|turn|2
|
|switch|p2a: Ferrothorn|Ferrothorn, M|100/100
|move|p1a: Politoed|Scald|p2a: Ferrothorn
|-resisted|p2a: Ferrothorn
|-damage|p2a: Ferrothorn|86/100
|-status|p2a: Ferrothorn|brn
|
|-weather|RainDance|[upkeep]
|-damage|p1a: Politoed|54/100 brn|[from] brn
|-damage|p2a: Ferrothorn|74/100 brn|[from] brn
|upkeep
|turn|3
|
|switch|p1a: Claydol|Claydol|100/100
|move|p2a: Ferrothorn|Stealth Rock|p1a: Claydol
|-sidestart|p1: Invisible Enemy|move: Stealth Rock
|
|-weather|RainDance|[upkeep]
|-damage|p2a: Ferrothorn|61/100 brn|[from] brn
|upkeep
|turn|4
|
|move|p1a: Claydol|Rapid Spin|p2a: Ferrothorn
|-resisted|p2a: Ferrothorn
|-damage|p2a: Ferrothorn|60/100 brn
|-damage|p1a: Claydol|88/100|[from] ability: Iron Barbs|[of] p2a: Ferrothorn
|-damage|p1a: Claydol|71/100|[from] item: Rocky Helmet|[of] p2a: Ferrothorn
|-sideend|p1: Invisible Enemy|Stealth Rock|[from] move: Rapid Spin|[of] p1a: Claydol
|move|p2a: Ferrothorn|Leech Seed|p1a: Claydol
|-start|p1a: Claydol|move: Leech Seed
|
|-weather|RainDance|[upkeep]
|-heal|p1a: Claydol|78/100|[from] item: Leftovers
|-damage|p1a: Claydol|65/100|[from] Leech Seed|[of] p2a: Ferrothorn
|-heal|p2a: Ferrothorn|72/100 brn|[silent]
|-damage|p2a: Ferrothorn|59/100 brn|[from] brn
|upkeep
|turn|5
|
|move|p1a: Claydol|Stealth Rock|p2a: Ferrothorn
|-sidestart|p2: TriKiwi|move: Stealth Rock
|move|p2a: Ferrothorn|Stealth Rock|p1a: Claydol
|-sidestart|p1: Invisible Enemy|move: Stealth Rock
|
|-weather|RainDance|[upkeep]
|-heal|p1a: Claydol|71/100|[from] item: Leftovers
|-damage|p1a: Claydol|59/100|[from] Leech Seed|[of] p2a: Ferrothorn
|-heal|p2a: Ferrothorn|70/100 brn|[silent]
|-damage|p2a: Ferrothorn|58/100 brn|[from] brn
|upkeep
|turn|6
|
|switch|p1a: Toxicroak|Toxicroak, M|100/100
|-damage|p1a: Toxicroak|94/100|[from] Stealth Rock
|move|p2a: Ferrothorn|Leech Seed|p1a: Toxicroak
|-start|p1a: Toxicroak|move: Leech Seed
|
|-weather|RainDance|[upkeep]
|-heal|p1a: Toxicroak|100/100|[from] ability: Dry Skin
|-damage|p1a: Toxicroak|88/100|[from] Leech Seed|[of] p2a: Ferrothorn
|-heal|p2a: Ferrothorn|71/100 brn|[silent]
|-damage|p2a: Ferrothorn|58/100 brn|[from] brn
|upkeep
|turn|7
|
|switch|p2a: Jirachi|Jirachi|100/100
|-damage|p2a: Jirachi|94/100|[from] Stealth Rock
|move|p1a: Toxicroak|Substitute|p1a: Toxicroak
|-start|p1a: Toxicroak|Substitute
|-damage|p1a: Toxicroak|63/100
|
|-weather|RainDance|[upkeep]
|-heal|p1a: Toxicroak|75/100|[from] ability: Dry Skin
|-heal|p1a: Toxicroak|82/100|[from] item: Black Sludge
|-damage|p1a: Toxicroak|69/100|[from] Leech Seed|[of] p2a: Jirachi
|-heal|p2a: Jirachi|100/100|[silent]
|upkeep
|turn|8
|
|move|p2a: Jirachi|Psychic|p1a: Toxicroak
|-supereffective|p1a: Toxicroak
|-end|p1a: Toxicroak|Substitute
|move|p1a: Toxicroak|Drain Punch|p2a: Jirachi
|-damage|p2a: Jirachi|77/100
|-heal|p1a: Toxicroak|82/100|[from] drain|[of] p2a: Jirachi
|
|-weather|RainDance|[upkeep]
|-heal|p1a: Toxicroak|95/100|[from] ability: Dry Skin
|-heal|p1a: Toxicroak|100/100|[from] item: Black Sludge
|-damage|p1a: Toxicroak|88/100|[from] Leech Seed|[of] p2a: Jirachi
|-heal|p2a: Jirachi|89/100|[silent]
|upkeep
|turn|9
|
|switch|p1a: Claydol|Claydol|59/100
|-damage|p1a: Claydol|53/100|[from] Stealth Rock
|move|p2a: Jirachi|Psychic|p1a: Claydol
|-resisted|p1a: Claydol
|-damage|p1a: Claydol|35/100
|
|-weather|RainDance|[upkeep]
|-heal|p1a: Claydol|42/100|[from] item: Leftovers
|upkeep
|turn|10
|
|move|p2a: Jirachi|Icy Wind|p1a: Claydol
|-supereffective|p1a: Claydol
|-damage|p1a: Claydol|11/100
|-unboost|p1a: Claydol|spe|1
|move|p1a: Claydol|Earthquake|p2a: Jirachi
|-supereffective|p2a: Jirachi
|-enditem|p2a: Jirachi|Shuca Berry|[eat]
|-enditem|p2a: Jirachi|Shuca Berry|[weaken]
|-damage|p2a: Jirachi|67/100
|
|-weather|RainDance|[upkeep]
|-heal|p1a: Claydol|17/100|[from] item: Leftovers
|upkeep
|turn|11
|
|switch|p1a: Lanturn|Lanturn, F|100/100
|-damage|p1a: Lanturn|88/100|[from] Stealth Rock
|move|p2a: Jirachi|Icy Wind|p1a: Lanturn
|-resisted|p1a: Lanturn
|-damage|p1a: Lanturn|81/100
|-unboost|p1a: Lanturn|spe|1
|
|-weather|RainDance|[upkeep]
|-heal|p1a: Lanturn|88/100|[from] item: Leftovers
|upkeep
|turn|12
|
|move|p2a: Jirachi|Psychic|p1a: Lanturn
|-damage|p1a: Lanturn|60/100
|move|p1a: Lanturn|Scald|p2a: Jirachi
|-damage|p2a: Jirachi|41/100
|
|-weather|RainDance|[upkeep]
|-heal|p1a: Lanturn|66/100|[from] item: Leftovers
|upkeep
|turn|13
|
|move|p2a: Jirachi|Psychic|p1a: Lanturn
|-damage|p1a: Lanturn|34/100
|move|p1a: Lanturn|Scald|p2a: Jirachi
|-damage|p2a: Jirachi|14/100
|
|-weather|RainDance|[upkeep]
|-heal|p1a: Lanturn|40/100|[from] item: Leftovers
|upkeep
|turn|14
|
|move|p2a: Jirachi|Psychic|p1a: Lanturn
|-damage|p1a: Lanturn|8/100
|-unboost|p1a: Lanturn|spd|1
|move|p1a: Lanturn|Rest|p1a: Lanturn
|-status|p1a: Lanturn|slp
|-heal|p1a: Lanturn|100/100 slp|[silent]
|-status|p1a: Lanturn|slp|[from] move: Rest
|
|-weather|RainDance|[upkeep]
|upkeep
|turn|15
|
|move|p2a: Jirachi|Psychic|p1a: Lanturn
|-damage|p1a: Lanturn|58/100 slp
|cant|p1a: Lanturn|slp
|move|p1a: Lanturn|Sleep Talk|p1a: Lanturn
|move|p1a: Lanturn|Scald|p2a: Jirachi|[from]Sleep Talk
|-damage|p2a: Jirachi|0 fnt
|faint|p2a: Jirachi
|
|-weather|RainDance|[upkeep]
|-heal|p1a: Lanturn|65/100 slp|[from] item: Leftovers
|upkeep
|
|switch|p2a: Kyurem|Kyurem-Black|100/100
|-damage|p2a: Kyurem|76/100|[from] Stealth Rock
|-ability|p2a: Kyurem|Teravolt
|turn|16
|
|switch|p1a: Politoed|Politoed, F|54/100 brn
|-damage|p1a: Politoed|42/100 brn|[from] Stealth Rock
|move|p2a: Kyurem|Substitute|p2a: Kyurem
|-start|p2a: Kyurem|Substitute
|-damage|p2a: Kyurem|51/100
|
|-weather|RainDance|[upkeep]
|-damage|p1a: Politoed|29/100 brn|[from] brn
|upkeep
|turn|17
|
|move|p2a: Kyurem|Fusion Bolt|p1a: Politoed
|-supereffective|p1a: Politoed
|-damage|p1a: Politoed|0 fnt
|faint|p1a: Politoed
|
|-weather|RainDance|[upkeep]
|upkeep
|
|switch|p1a: Registeel|Registeel|100/100
|-damage|p1a: Registeel|94/100|[from] Stealth Rock
|turn|18
|
|move|p2a: Kyurem|Fusion Bolt|p1a: Registeel
|-damage|p1a: Registeel|62/100
|move|p1a: Registeel|Iron Head|p2a: Kyurem
|-supereffective|p2a: Kyurem
|-end|p2a: Kyurem|Substitute
|
|-weather|RainDance|[upkeep]
|-heal|p1a: Registeel|68/100|[from] item: Leftovers
|upkeep
|turn|19
|
|switch|p2a: Ferrothorn|Ferrothorn, M|58/100 brn
|-damage|p2a: Ferrothorn|52/100 brn|[from] Stealth Rock
|move|p1a: Registeel|Seismic Toss|p2a: Ferrothorn
|-damage|p2a: Ferrothorn|24/100 brn
|-damage|p1a: Registeel|56/100|[from] ability: Iron Barbs|[of] p2a: Ferrothorn
|-damage|p1a: Registeel|40/100|[from] item: Rocky Helmet|[of] p2a: Ferrothorn
|
|-weather|RainDance|[upkeep]
|-heal|p1a: Registeel|46/100|[from] item: Leftovers
|-damage|p2a: Ferrothorn|11/100 brn|[from] brn
|upkeep
|turn|20
|
|move|p1a: Registeel|Seismic Toss|p2a: Ferrothorn
|-damage|p2a: Ferrothorn|0 fnt
|-damage|p1a: Registeel|33/100|[from] ability: Iron Barbs|[of] p2a: Ferrothorn
|-damage|p1a: Registeel|17/100|[from] item: Rocky Helmet|[of] p2a: Ferrothorn
|faint|p2a: Ferrothorn
|
|-weather|RainDance|[upkeep]
|-heal|p1a: Registeel|23/100|[from] item: Leftovers
|upkeep
|inactive|TriKiwi has 120 seconds left.
|
|switch|p2a: Kyurem|Kyurem-Black|51/100
|-damage|p2a: Kyurem|26/100|[from] Stealth Rock
|-ability|p2a: Kyurem|Teravolt
|turn|21
|
|move|p2a: Kyurem|Fusion Bolt|p1a: Registeel
|-crit|p1a: Registeel
|-damage|p1a: Registeel|0 fnt
|faint|p1a: Registeel
|
|-weather|RainDance|[upkeep]
|upkeep
|
|switch|p1a: Kyurem|Kyurem|100/100
|-damage|p1a: Kyurem|75/100|[from] Stealth Rock
|-ability|p1a: Kyurem|Pressure
|turn|22
|
|move|p2a: Kyurem|Outrage|p1a: Kyurem
|-supereffective|p1a: Kyurem
|-damage|p1a: Kyurem|0 fnt
|faint|p1a: Kyurem
|
|-weather|RainDance|[upkeep]
|upkeep
|
|switch|p1a: Claydol|Claydol|17/100
|-damage|p1a: Claydol|11/100|[from] Stealth Rock
|turn|23
|
|move|p2a: Kyurem|Outrage|p1a: Claydol|[from]lockedmove
|-damage|p1a: Claydol|0 fnt
|-start|p2a: Kyurem|confusion|[fatigue]
|faint|p1a: Claydol
|
|-weather|RainDance|[upkeep]
|upkeep
|
|switch|p1a: Toxicroak|Toxicroak, M|88/100
|-damage|p1a: Toxicroak|82/100|[from] Stealth Rock
|turn|24
|
|-activate|p2a: Kyurem|confusion
|move|p2a: Kyurem|Outrage|p1a: Toxicroak
|-damage|p1a: Toxicroak|1/100
|move|p1a: Toxicroak|Substitute|p1a: Toxicroak
|-fail|p1a: Toxicroak|move: Substitute|[weak]
|
|-weather|RainDance|[upkeep]
|-heal|p1a: Toxicroak|14/100|[from] ability: Dry Skin
|-heal|p1a: Toxicroak|20/100|[from] item: Black Sludge
|upkeep
|turn|25
|
|-end|p2a: Kyurem|confusion
|move|p2a: Kyurem|Outrage|p1a: Toxicroak|[from]lockedmove
|-damage|p1a: Toxicroak|0 fnt
|-start|p2a: Kyurem|confusion|[fatigue]
|faint|p1a: Toxicroak
|
|-weather|RainDance|[upkeep]
|upkeep
|-message|Invisible Enemy forfeited.
|
|win|TriKiwi
|raw|Invisible Enemy's rating: 1404 &rarr; <strong>1387</strong><br />(-17 for losing)
|raw|TriKiwi's rating: 1468 &rarr; <strong>1484</strong><br />(+16 for winning)
