|j|☆Bonginator
|j|☆Aurum38
|player|p1|Bonginator|101|1494
|player|p2|Aurum38|101|1326
|teamsize|p1|6
|teamsize|p2|6
|gametype|singles
|gen|5
|tier|[Gen 5] OU
|rated|
|clearpoke
|poke|p1|Sharpedo, F|item
|poke|p1|Politoed, M|item
|poke|p1|Ferrothorn, M|item
|poke|p1|Tornadus, M|item
|poke|p1|Thundurus-Therian, M|item
|poke|p1|Starmie|item
|poke|p2|Skarmory, M|item
|poke|p2|Jellicent, M|item
|poke|p2|Tyranitar, M|item
|poke|p2|Landorus-Therian, M|item
|poke|p2|Breloom, F|item
|poke|p2|Heatran, M|item
|rule|Species Clause: Limit one of each Pokémon
|rule|OHKO Clause: OHKO moves are banned
|rule|Moody Clause: Moody is banned
|rule|Evasion Moves Clause: Evasion moves are banned
|rule|Endless Battle Clause: Forcing endless battles is banned
|rule|HP Percentage Mod: HP is shown in percentages
|rule|Evasion Abilities Clause: Evasion abilities are banned
|rule|Baton Pass Clause: Limit one Baton Passer, can't pass Spe and other stats simultaneously
|rule|Sleep Clause: Sleep-inducing moves are banned
|rule|Swagger Clause: Swagger is banned
|teampreview
|
|start
|switch|p1a: Politoed|Politoed, M|100/100
|switch|p2a: Breloom|Breloom, F|100/100
|-weather|RainDance|[from] ability: Drizzle|[of] p1a: Politoed
|turn|1
|
|switch|p1a: Thundurus|Thundurus-Therian, M|100/100
|move|p2a: Breloom|Protect||[still]
|-fail|p2a: Breloom
|
|-weather|RainDance|[upkeep]
|-status|p2a: Breloom|tox|[from] item: Toxic Orb
|upkeep
|turn|2
|
|switch|p2a: Tyranitar|Tyranitar, M|100/100
|-weather|Sandstorm|[from] ability: Sand Stream|[of] p2a: Tyranitar
|move|p1a: Thundurus|Hidden Power|p2a: Tyranitar
|-damage|p2a: Tyranitar|80/100
|
|-weather|Sandstorm|[upkeep]
|-damage|p1a: Thundurus|94/100|[from] Sandstorm
|upkeep
|turn|3
|
|-activate|p1a: Thundurus|move: Pursuit
|move|p2a: Tyranitar|Pursuit|p1a: Thundurus|[from]Pursuit
|-damage|p1a: Thundurus|31/100
|switch|p1a: Ferrothorn|Ferrothorn, M|100/100
|
|-weather|Sandstorm|[upkeep]
|upkeep
|turn|4
|
|switch|p2a: Heatran|Heatran, M|100/100
|move|p1a: Ferrothorn|Stealth Rock|p2a: Heatran
|-sidestart|p2: Aurum38|move: Stealth Rock
|
|-weather|Sandstorm|[upkeep]
|upkeep
|turn|5
|
|switch|p1a: Politoed|Politoed, M|100/100
|-weather|RainDance|[from] ability: Drizzle|[of] p1a: Politoed
|move|p2a: Heatran|Magma Storm|p1a: Politoed|[miss]
|-miss|p2a: Heatran|p1a: Politoed
|
|-weather|RainDance|[upkeep]
|upkeep
|turn|6
|
|switch|p1a: Starmie|Starmie|100/100
|move|p2a: Heatran|Protect||[still]
|-fail|p2a: Heatran
|
|-weather|RainDance|[upkeep]
|upkeep
|turn|7
|
|switch|p2a: Jellicent|Jellicent, M|100/100
|-damage|p2a: Jellicent|88/100|[from] Stealth Rock
|move|p1a: Starmie|Scald|p2a: Jellicent
|-heal|p2a: Jellicent|100/100|[from] ability: Water Absorb|[of] p1a: Starmie
|
|-weather|RainDance|[upkeep]
|upkeep
|turn|8
|
|move|p1a: Starmie|Thunder|p2a: Jellicent
|-supereffective|p2a: Jellicent
|-damage|p2a: Jellicent|24/100
|-damage|p1a: Starmie|91/100|[from] item: Life Orb
|move|p2a: Jellicent|Will-O-Wisp|p1a: Starmie|[miss]
|-miss|p2a: Jellicent|p1a: Starmie
|
|-weather|RainDance|[upkeep]
|-heal|p2a: Jellicent|31/100|[from] item: Leftovers
|upkeep
|turn|9
|
|switch|p2a: Landorus|Landorus-Therian, M|100/100
|-damage|p2a: Landorus|88/100|[from] Stealth Rock
|-ability|p2a: Landorus|Intimidate|boost
|-unboost|p1a: Starmie|atk|1
|move|p1a: Starmie|Thunder|p2a: Landorus
|-immune|p2a: Landorus
|
|-weather|RainDance|[upkeep]
|upkeep
|turn|10
|
|switch|p1a: Ferrothorn|Ferrothorn, M|100/100
|move|p2a: Landorus|U-turn|p1a: Ferrothorn
|-damage|p1a: Ferrothorn|84/100
|-damage|p2a: Landorus|76/100|[from] ability: Iron Barbs|[of] p1a: Ferrothorn
|-damage|p2a: Landorus|59/100|[from] item: Rocky Helmet|[of] p1a: Ferrothorn
|
|switch|p2a: Heatran|Heatran, M|100/100|[from]move: U-turn
|-damage|p2a: Heatran|88/100|[from] Stealth Rock
|
|-weather|RainDance|[upkeep]
|-heal|p2a: Heatran|94/100|[from] item: Leftovers
|upkeep
|turn|11
|
|move|p2a: Heatran|Magma Storm|p1a: Ferrothorn
|-supereffective|p1a: Ferrothorn
|-damage|p1a: Ferrothorn|0 fnt
|faint|p1a: Ferrothorn
|
|-weather|RainDance|[upkeep]
|-heal|p2a: Heatran|100/100|[from] item: Leftovers
|upkeep
|
|switch|p1a: Sharpedo|Sharpedo, F|100/100
|turn|12
|
|move|p2a: Heatran|Protect|p2a: Heatran
|-singleturn|p2a: Heatran|Protect
|move|p1a: Sharpedo|Waterfall|p2a: Heatran
|-activate|p2a: Heatran|move: Protect
|
|-weather|RainDance|[upkeep]
|-ability|p1a: Sharpedo|Speed Boost|boost
|-boost|p1a: Sharpedo|spe|1
|upkeep
|turn|13
|
|switch|p2a: Jellicent|Jellicent, M|31/100
|-damage|p2a: Jellicent|18/100|[from] Stealth Rock
|move|p1a: Sharpedo|Waterfall|p2a: Jellicent
|-heal|p2a: Jellicent|43/100|[from] ability: Water Absorb|[of] p1a: Sharpedo
|
|-weather|RainDance|[upkeep]
|-heal|p2a: Jellicent|49/100|[from] item: Leftovers
|-ability|p1a: Sharpedo|Speed Boost|boost
|-boost|p1a: Sharpedo|spe|1
|upkeep
|turn|14
|
|switch|p2a: Breloom|Breloom, F|100/100 tox
|-damage|p2a: Breloom|94/100 tox|[from] Stealth Rock
|move|p1a: Sharpedo|Waterfall|p2a: Breloom
|-resisted|p2a: Breloom
|-damage|p2a: Breloom|43/100 tox
|-damage|p1a: Sharpedo|91/100|[from] item: Life Orb
|
|-weather|RainDance|[upkeep]
|-heal|p2a: Breloom|56/100 tox|[from] ability: Poison Heal
|-ability|p1a: Sharpedo|Speed Boost|boost
|-boost|p1a: Sharpedo|spe|1
|upkeep
|turn|15
|
|move|p1a: Sharpedo|Zen Headbutt|p2a: Breloom
|-supereffective|p2a: Breloom
|-damage|p2a: Breloom|0 fnt
|-damage|p1a: Sharpedo|81/100|[from] item: Life Orb
|faint|p2a: Breloom
|
|-weather|RainDance|[upkeep]
|-ability|p1a: Sharpedo|Speed Boost|boost
|-boost|p1a: Sharpedo|spe|1
|upkeep
|
|switch|p2a: Jellicent|Jellicent, M|49/100
|-damage|p2a: Jellicent|37/100|[from] Stealth Rock
|turn|16
|
|move|p1a: Sharpedo|Crunch|p2a: Jellicent
|-supereffective|p2a: Jellicent
|-damage|p2a: Jellicent|0 fnt
|-damage|p1a: Sharpedo|71/100|[from] item: Life Orb
|faint|p2a: Jellicent
|
|-weather|RainDance|[upkeep]
|-ability|p1a: Sharpedo|Speed Boost|boost
|-boost|p1a: Sharpedo|spe|1
|upkeep
|
|switch|p2a: Skarmory|Skarmory, M|100/100
|-damage|p2a: Skarmory|88/100|[from] Stealth Rock
|turn|17
|
|move|p1a: Sharpedo|Waterfall|p2a: Skarmory
|-damage|p2a: Skarmory|20/100
|-damage|p1a: Sharpedo|54/100|[from] item: Rocky Helmet|[of] p2a: Skarmory
|-damage|p1a: Sharpedo|44/100|[from] item: Life Orb
|move|p2a: Skarmory|Stealth Rock|p1a: Sharpedo
|-sidestart|p1: Bonginator|move: Stealth Rock
|
|-weather|RainDance|[upkeep]
|-ability|p1a: Sharpedo|Speed Boost|boost
|-boost|p1a: Sharpedo|spe|1
|upkeep
|turn|18
|
|move|p1a: Sharpedo|Waterfall|p2a: Skarmory
|-damage|p2a: Skarmory|0 fnt
|-damage|p1a: Sharpedo|28/100|[from] item: Rocky Helmet|[of] p2a: Skarmory
|-damage|p1a: Sharpedo|18/100|[from] item: Life Orb
|faint|p2a: Skarmory
|
|-weather|RainDance|[upkeep]
|upkeep
|
|switch|p2a: Tyranitar|Tyranitar, M|80/100
|-damage|p2a: Tyranitar|67/100|[from] Stealth Rock
|-weather|Sandstorm|[from] ability: Sand Stream|[of] p2a: Tyranitar
|turn|19
|
|move|p1a: Sharpedo|Waterfall|p2a: Tyranitar
|-supereffective|p2a: Tyranitar
|-crit|p2a: Tyranitar
|-damage|p2a: Tyranitar|0 fnt
|-damage|p1a: Sharpedo|8/100|[from] item: Life Orb
|faint|p2a: Tyranitar
|
|-weather|Sandstorm|[upkeep]
|-damage|p1a: Sharpedo|2/100|[from] Sandstorm
|upkeep
|
|switch|p2a: Heatran|Heatran, M|100/100
|-damage|p2a: Heatran|88/100|[from] Stealth Rock
|turn|20
|
|move|p2a: Heatran|Protect|p2a: Heatran
|-singleturn|p2a: Heatran|Protect
|move|p1a: Sharpedo|Waterfall|p2a: Heatran
|-activate|p2a: Heatran|move: Protect
|
|-weather|Sandstorm|[upkeep]
|-damage|p1a: Sharpedo|0 fnt|[from] Sandstorm
|faint|p1a: Sharpedo
|-heal|p2a: Heatran|94/100|[from] item: Leftovers
|upkeep
|
|switch|p1a: Politoed|Politoed, M|100/100
|-damage|p1a: Politoed|88/100|[from] Stealth Rock
|-weather|RainDance|[from] ability: Drizzle|[of] p1a: Politoed
|turn|21
|
|move|p1a: Politoed|Surf|p2a: Heatran
|-supereffective|p2a: Heatran
|-damage|p2a: Heatran|0 fnt
|faint|p2a: Heatran
|
|-weather|RainDance|[upkeep]
|upkeep
|
|switch|p2a: Landorus|Landorus-Therian, M|59/100
|-damage|p2a: Landorus|47/100|[from] Stealth Rock
|-ability|p2a: Landorus|Intimidate|boost
|-unboost|p1a: Politoed|atk|1
|turn|22
|
|move|p2a: Landorus|Earthquake|p1a: Politoed
|-damage|p1a: Politoed|12/100
|move|p1a: Politoed|Surf|p2a: Landorus
|-supereffective|p2a: Landorus
|-damage|p2a: Landorus|0 fnt
|faint|p2a: Landorus
|
|win|Bonginator
|l|☆Aurum38
|raw|Bonginator's rating: 1494 &rarr; <strong>1505</strong><br />(+11 for winning)
|raw|Aurum38's rating: 1326 &rarr; <strong>1315</strong><br />(-11 for losing)
