|html|<div class="broadcast-blue"><strong>[Gen 5] OU is currently suspecting Volcarona & Cloyster! For information on how to participate check out the <a href="https://www.smogon.com/forums/threads/re-cloyster-volcarona-in-bw-ou-survey-post-29.3731863/page-2#post-9904362">suspect thread</a>.</strong></div>
|j|☆BWVC broken
|j|☆bwvc ghosted
|t:|1704470256
|gametype|singles
|player|p1|BWVC broken|red-gen1main|1331
|player|p2|bwvc ghosted|2|1431
|teamsize|p1|6
|teamsize|p2|6
|gen|5
|tier|[Gen 5] OU
|rated|
|rule|Species Clause: Limit one of each Pokémon
|rule|OHKO Clause: OHKO moves are banned
|rule|Moody Clause: Moody is banned
|rule|Evasion Items Clause: Evasion items are banned
|rule|Evasion Moves Clause: Evasion moves are banned
|rule|Endless Battle Clause: Forcing endless battles is banned
|rule|HP Percentage Mod: HP is shown in percentages
|rule|Evasion Abilities Clause: Evasion abilities are banned
|rule|Sleep Moves Clause: Sleep-inducing moves are banned
|rule|Swagger Clause: Swagger is banned
|rule|Baton Pass Stat Clause: No Baton Passer may have a way to boost its stats
|clearpoke
|poke|p1|Rotom-Wash|item
|poke|p1|Landorus-Therian, M|item
|poke|p1|Jirachi|item
|poke|p1|Tyranitar, F|item
|poke|p1|Latios, M|item
|poke|p1|Garchomp, F|item
|poke|p2|Reuniclus, M|item
|poke|p2|Bronzong|item
|poke|p2|Hippowdon, M|item
|poke|p2|Skarmory, F|item
|poke|p2|Latios, M|item
|poke|p2|Alakazam, F|item
|teampreview
|inactive|Battle timer is ON: inactive players will automatically lose when time's up. (requested by BWVC broken)
|
|t:|1704470267
|start
|switch|p1a: Garchomp|Garchomp, F|100/100
|switch|p2a: Bronzong|Bronzong|100/100
|turn|1
|
|t:|1704470280
|move|p1a: Garchomp|Fire Blast|p2a: Bronzong
|-supereffective|p2a: Bronzong
|-damage|p2a: Bronzong|48/100
|-damage|p1a: Garchomp|91/100|[from] item: Life Orb
|move|p2a: Bronzong|Hidden Power|p1a: Garchomp
|-supereffective|p1a: Garchomp
|-damage|p1a: Garchomp|29/100
|
|-heal|p2a: Bronzong|54/100|[from] item: Leftovers
|upkeep
|turn|2
|
|t:|1704470290
|switch|p2a: Hippowdon|Hippowdon, M|100/100
|-weather|Sandstorm|[from] ability: Sand Stream|[of] p2a: Hippowdon
|move|p1a: Garchomp|Stealth Rock|p2a: Hippowdon
|-sidestart|p2: bwvc ghosted|move: Stealth Rock
|
|-weather|Sandstorm|[upkeep]
|upkeep
|turn|3
|
|t:|1704470296
|switch|p1a: Landorus|Landorus-Therian, M|100/100
|-ability|p1a: Landorus|Intimidate|boost
|-unboost|p2a: Hippowdon|atk|1
|move|p2a: Hippowdon|Slack Off||[still]
|-fail|p2a: Hippowdon|heal
|
|-weather|Sandstorm|[upkeep]
|upkeep
|turn|4
|
|t:|1704470301
|move|p1a: Landorus|U-turn|p2a: Hippowdon
|-damage|p2a: Hippowdon|85/100
|
|t:|1704470306
|switch|p1a: Rotom|Rotom-Wash|100/100|[from] U-turn
|move|p2a: Hippowdon|Whirlwind|p1a: Rotom
|drag|p1a: Garchomp|Garchomp, F|29/100
|
|-weather|Sandstorm|[upkeep]
|-heal|p2a: Hippowdon|92/100|[from] item: Leftovers
|upkeep
|turn|5
|
|t:|1704470313
|move|p1a: Garchomp|Draco Meteor|p2a: Hippowdon
|-damage|p2a: Hippowdon|31/100
|-unboost|p1a: Garchomp|spa|2
|-damage|p1a: Garchomp|19/100|[from] item: Life Orb
|move|p2a: Hippowdon|Earthquake|p1a: Garchomp
|-damage|p1a: Garchomp|0 fnt
|faint|p1a: Garchomp
|
|-weather|Sandstorm|[upkeep]
|-heal|p2a: Hippowdon|38/100|[from] item: Leftovers
|upkeep
|
|t:|1704470319
|switch|p1a: Rotom|Rotom-Wash|100/100
|turn|6
|
|t:|1704470329
|switch|p2a: Latios|Latios, M|100/100
|-damage|p2a: Latios|88/100|[from] Stealth Rock
|move|p1a: Rotom|Volt Switch|p2a: Latios
|-resisted|p2a: Latios
|-damage|p2a: Latios|69/100
|
|t:|1704470335
|switch|p1a: Tyranitar|Tyranitar, F|100/100|[from] Volt Switch
|
|-weather|Sandstorm|[upkeep]
|-damage|p2a: Latios|63/100|[from] Sandstorm
|upkeep
|turn|7
|
|t:|1704470341
|move|p2a: Latios|Thunder Wave|p1a: Tyranitar
|-status|p1a: Tyranitar|par
|move|p1a: Tyranitar|Crunch|p2a: Latios
|-supereffective|p2a: Latios
|-enditem|p2a: Latios|Colbur Berry|[eat]
|-enditem|p2a: Latios|Colbur Berry|[weaken]
|-damage|p2a: Latios|10/100
|
|-weather|Sandstorm|[upkeep]
|-damage|p2a: Latios|4/100|[from] Sandstorm
|upkeep
|turn|8
|
|t:|1704470355
|switch|p1a: Landorus|Landorus-Therian, M|100/100
|-ability|p1a: Landorus|Intimidate|boost
|-unboost|p2a: Latios|atk|1
|move|p2a: Latios|Surf|p1a: Landorus
|-supereffective|p1a: Landorus
|-damage|p1a: Landorus|9/100
|
|-weather|Sandstorm|[upkeep]
|-damage|p2a: Latios|0 fnt|[from] Sandstorm
|faint|p2a: Latios
|upkeep
|
|t:|1704470358
|switch|p2a: Bronzong|Bronzong|54/100
|-damage|p2a: Bronzong|48/100|[from] Stealth Rock
|turn|9
|
|t:|1704470362
|move|p1a: Landorus|U-turn|p2a: Bronzong
|-damage|p2a: Bronzong|25/100
|j| SugarLilyCat
|
|t:|1704470368
|switch|p1a: Jirachi|Jirachi|100/100|[from] U-turn
|move|p2a: Bronzong|Stealth Rock|p1a: Jirachi
|-sidestart|p1: BWVC broken|move: Stealth Rock
|
|-weather|Sandstorm|[upkeep]
|-heal|p2a: Bronzong|31/100|[from] item: Leftovers
|upkeep
|turn|10
|l| SugarLilyCat
|
|t:|1704470373
|move|p1a: Jirachi|Fire Punch|p2a: Bronzong
|-supereffective|p2a: Bronzong
|-damage|p2a: Bronzong|0 fnt
|faint|p2a: Bronzong
|
|-weather|Sandstorm|[upkeep]
|upkeep
|
|t:|1704470377
|switch|p2a: Skarmory|Skarmory, F|100/100
|-damage|p2a: Skarmory|88/100|[from] Stealth Rock
|turn|11
|
|t:|1704470383
|move|p1a: Jirachi|Thunder|p2a: Skarmory|[miss]
|-miss|p1a: Jirachi|p2a: Skarmory
|move|p2a: Skarmory|Spikes|p1a: Jirachi
|-sidestart|p1: BWVC broken|Spikes
|
|-weather|Sandstorm|[upkeep]
|upkeep
|turn|12
|
|t:|1704470388
|switch|p2a: Hippowdon|Hippowdon, M|38/100
|-damage|p2a: Hippowdon|31/100|[from] Stealth Rock
|move|p1a: Jirachi|Thunder|p2a: Hippowdon
|-immune|p2a: Hippowdon
|
|-weather|Sandstorm|[upkeep]
|-heal|p2a: Hippowdon|38/100|[from] item: Leftovers
|upkeep
|turn|13
|
|t:|1704470392
|move|p1a: Jirachi|Iron Head|p2a: Hippowdon
|-damage|p2a: Hippowdon|14/100
|move|p2a: Hippowdon|Slack Off|p2a: Hippowdon
|-heal|p2a: Hippowdon|64/100
|
|-weather|Sandstorm|[upkeep]
|-heal|p2a: Hippowdon|70/100|[from] item: Leftovers
|upkeep
|turn|14
|
|t:|1704470398
|move|p1a: Jirachi|Iron Head|p2a: Hippowdon
|-damage|p2a: Hippowdon|47/100
|move|p2a: Hippowdon|Earthquake|p1a: Jirachi
|-supereffective|p1a: Jirachi
|-damage|p1a: Jirachi|12/100
|
|-weather|Sandstorm|[upkeep]
|-heal|p2a: Hippowdon|53/100|[from] item: Leftovers
|upkeep
|turn|15
|
|t:|1704470401
|move|p1a: Jirachi|Iron Head|p2a: Hippowdon
|-damage|p2a: Hippowdon|30/100
|cant|p2a: Hippowdon|flinch
|
|-weather|Sandstorm|[upkeep]
|-heal|p2a: Hippowdon|37/100|[from] item: Leftovers
|upkeep
|turn|16
|
|t:|1704470409
|switch|p2a: Skarmory|Skarmory, F|88/100
|-damage|p2a: Skarmory|76/100|[from] Stealth Rock
|move|p1a: Jirachi|Iron Head|p2a: Skarmory
|-resisted|p2a: Skarmory
|-crit|p2a: Skarmory
|-damage|p2a: Skarmory|56/100
|-damage|p1a: Jirachi|0 fnt|[from] item: Rocky Helmet|[of] p2a: Skarmory
|faint|p1a: Jirachi
|
|-weather|Sandstorm|[upkeep]
|upkeep
|
|t:|1704470417
|switch|p1a: Rotom|Rotom-Wash|100/100
|-damage|p1a: Rotom|88/100|[from] Stealth Rock
|turn|17
|
|t:|1704470419
|switch|p2a: Hippowdon|Hippowdon, M|37/100
|-damage|p2a: Hippowdon|30/100|[from] Stealth Rock
|move|p1a: Rotom|Volt Switch|p2a: Hippowdon
|-immune|p2a: Hippowdon
|
|-weather|Sandstorm|[upkeep]
|-damage|p1a: Rotom|82/100|[from] Sandstorm
|-heal|p1a: Rotom|88/100|[from] item: Leftovers
|-heal|p2a: Hippowdon|37/100|[from] item: Leftovers
|upkeep
|turn|18
|
|t:|1704470423
|move|p1a: Rotom|Hydro Pump|p2a: Hippowdon|[miss]
|-miss|p1a: Rotom|p2a: Hippowdon
|move|p2a: Hippowdon|Slack Off|p2a: Hippowdon
|-heal|p2a: Hippowdon|87/100
|
|-weather|Sandstorm|[upkeep]
|-damage|p1a: Rotom|82/100|[from] Sandstorm
|-heal|p1a: Rotom|88/100|[from] item: Leftovers
|-heal|p2a: Hippowdon|93/100|[from] item: Leftovers
|upkeep
|turn|19
|
|t:|1704470428
|move|p1a: Rotom|Volt Switch|p2a: Hippowdon
|-immune|p2a: Hippowdon
|move|p2a: Hippowdon|Slack Off|p2a: Hippowdon
|-heal|p2a: Hippowdon|100/100
|
|-weather|Sandstorm|[upkeep]
|-damage|p1a: Rotom|82/100|[from] Sandstorm
|-heal|p1a: Rotom|88/100|[from] item: Leftovers
|upkeep
|turn|20
|
|t:|1704470432
|move|p1a: Rotom|Hidden Power|p2a: Hippowdon
|-supereffective|p2a: Hippowdon
|-damage|p2a: Hippowdon|61/100
|move|p2a: Hippowdon|Whirlwind|p1a: Rotom
|drag|p1a: Latios|Latios, M|100/100
|-damage|p1a: Latios|88/100|[from] Stealth Rock
|
|-weather|Sandstorm|[upkeep]
|-damage|p1a: Latios|82/100|[from] Sandstorm
|-heal|p2a: Hippowdon|67/100|[from] item: Leftovers
|upkeep
|turn|21
|
|t:|1704470444
|switch|p2a: Skarmory|Skarmory, F|56/100
|-damage|p2a: Skarmory|44/100|[from] Stealth Rock
|move|p1a: Latios|Surf|p2a: Skarmory
|-damage|p2a: Skarmory|0 fnt
|faint|p2a: Skarmory
|
|-weather|Sandstorm|[upkeep]
|-damage|p1a: Latios|76/100|[from] Sandstorm
|upkeep
|
|t:|1704470448
|switch|p2a: Alakazam|Alakazam, F|100/100
|turn|22
|
|t:|1704470461
|move|p2a: Alakazam|Hidden Power|p1a: Latios
|-supereffective|p1a: Latios
|-damage|p1a: Latios|28/100
|move|p1a: Latios|Surf|p2a: Alakazam
|-damage|p2a: Alakazam|30/100
|
|-weather|Sandstorm|[upkeep]
|-damage|p1a: Latios|22/100|[from] Sandstorm
|upkeep
|turn|23
|
|t:|1704470466
|switch|p1a: Landorus|Landorus-Therian, M|9/100
|-damage|p1a: Landorus|0 fnt|[from] Stealth Rock
|faint|p1a: Landorus
|move|p2a: Alakazam|Hidden Power|p1: Landorus|[notarget]
|-fail|p2a: Alakazam
|
|-weather|Sandstorm|[upkeep]
|upkeep
|
|t:|1704470468
|switch|p1a: Tyranitar|Tyranitar, F|100/100 par
|-damage|p1a: Tyranitar|88/100 par|[from] Stealth Rock
|-damage|p1a: Tyranitar|76/100 par|[from] Spikes
|turn|24
|
|t:|1704470470
|move|p2a: Alakazam|Focus Blast|p1a: Tyranitar|[miss]
|-miss|p2a: Alakazam|p1a: Tyranitar
|move|p1a: Tyranitar|Pursuit|p2a: Alakazam
|-supereffective|p2a: Alakazam
|-damage|p2a: Alakazam|0 fnt
|faint|p2a: Alakazam
|
|-weather|Sandstorm|[upkeep]
|upkeep
|
|t:|1704470473
|switch|p2a: Hippowdon|Hippowdon, M|67/100
|-damage|p2a: Hippowdon|61/100|[from] Stealth Rock
|turn|25
|
|t:|1704470489
|move|p1a: Tyranitar|Ice Beam|p2a: Hippowdon
|-supereffective|p2a: Hippowdon
|-damage|p2a: Hippowdon|28/100
|move|p2a: Hippowdon|Whirlwind|p1a: Tyranitar
|drag|p1a: Latios|Latios, M|22/100
|-damage|p1a: Latios|9/100|[from] Stealth Rock
|
|-weather|Sandstorm|[upkeep]
|-damage|p1a: Latios|3/100|[from] Sandstorm
|-heal|p2a: Hippowdon|34/100|[from] item: Leftovers
|upkeep
|turn|26
|
|t:|1704470503
|move|p1a: Latios|Roost|p1a: Latios
|-heal|p1a: Latios|54/100
|-singleturn|p1a: Latios|move: Roost
|move|p2a: Hippowdon|Slack Off|p2a: Hippowdon
|-heal|p2a: Hippowdon|84/100
|
|-weather|Sandstorm|[upkeep]
|-damage|p1a: Latios|48/100|[from] Sandstorm
|-heal|p2a: Hippowdon|91/100|[from] item: Leftovers
|upkeep
|turn|27
|
|t:|1704470505
|move|p1a: Latios|Roost|p1a: Latios
|-heal|p1a: Latios|98/100
|-singleturn|p1a: Latios|move: Roost
|move|p2a: Hippowdon|Whirlwind|p1a: Latios
|drag|p1a: Tyranitar|Tyranitar, F|76/100 par
|-damage|p1a: Tyranitar|63/100 par|[from] Stealth Rock
|-damage|p1a: Tyranitar|51/100 par|[from] Spikes
|
|-weather|Sandstorm|[upkeep]
|-heal|p2a: Hippowdon|97/100|[from] item: Leftovers
|upkeep
|turn|28
|
|t:|1704470510
|switch|p1a: Latios|Latios, M|98/100
|-damage|p1a: Latios|86/100|[from] Stealth Rock
|move|p2a: Hippowdon|Whirlwind|p1a: Latios
|drag|p1a: Tyranitar|Tyranitar, F|51/100 par
|-damage|p1a: Tyranitar|38/100 par|[from] Stealth Rock
|-damage|p1a: Tyranitar|26/100 par|[from] Spikes
|
|-weather|Sandstorm|[upkeep]
|-heal|p2a: Hippowdon|100/100|[from] item: Leftovers
|upkeep
|turn|29
|
|t:|1704470514
|move|p2a: Hippowdon|Earthquake|p1a: Tyranitar
|-supereffective|p1a: Tyranitar
|-damage|p1a: Tyranitar|0 fnt
|faint|p1a: Tyranitar
|
|-weather|Sandstorm|[upkeep]
|upkeep
|
|t:|1704470519
|switch|p1a: Latios|Latios, M|86/100
|-damage|p1a: Latios|73/100|[from] Stealth Rock
|turn|30
|
|t:|1704470523
|move|p1a: Latios|Trick|p2a: Hippowdon
|-activate|p1a: Latios|move: Trick|[of] p2a: Hippowdon
|-item|p2a: Hippowdon|Choice Specs|[from] move: Trick
|-item|p1a: Latios|Leftovers|[from] move: Trick
|move|p2a: Hippowdon|Rock Slide|p1a: Latios
|-damage|p1a: Latios|48/100
|
|-weather|Sandstorm|[upkeep]
|-damage|p1a: Latios|42/100|[from] Sandstorm
|-heal|p1a: Latios|48/100|[from] item: Leftovers
|upkeep
|turn|31
|
|t:|1704470526
|move|p1a: Latios|Roost|p1a: Latios
|-heal|p1a: Latios|99/100
|-singleturn|p1a: Latios|move: Roost
|move|p2a: Hippowdon|Rock Slide|p1a: Latios
|-damage|p1a: Latios|74/100
|
|-weather|Sandstorm|[upkeep]
|-damage|p1a: Latios|68/100|[from] Sandstorm
|-heal|p1a: Latios|74/100|[from] item: Leftovers
|upkeep
|turn|32
|
|t:|1704470531
|move|p1a: Latios|Surf|p2a: Hippowdon
|-supereffective|p2a: Hippowdon
|-damage|p2a: Hippowdon|50/100
|move|p2a: Hippowdon|Rock Slide|p1a: Latios
|-damage|p1a: Latios|48/100
|
|-weather|Sandstorm|[upkeep]
|-damage|p1a: Latios|42/100|[from] Sandstorm
|-heal|p1a: Latios|48/100|[from] item: Leftovers
|upkeep
|turn|33
|
|t:|1704470534
|switch|p2a: Reuniclus|Reuniclus, M|100/100
|move|p1a: Latios|Roost|p1a: Latios
|-heal|p1a: Latios|98/100
|-singleturn|p1a: Latios|move: Roost
|
|-weather|Sandstorm|[upkeep]
|-damage|p1a: Latios|92/100|[from] Sandstorm
|-heal|p1a: Latios|98/100|[from] item: Leftovers
|upkeep
|turn|34
|
|t:|1704470550
|move|p1a: Latios|Surf|p2a: Reuniclus
|-damage|p2a: Reuniclus|69/100
|move|p2a: Reuniclus|Calm Mind|p2a: Reuniclus
|-boost|p2a: Reuniclus|spa|1
|-boost|p2a: Reuniclus|spd|1
|
|-weather|Sandstorm|[upkeep]
|-damage|p1a: Latios|92/100|[from] Sandstorm
|-heal|p1a: Latios|98/100|[from] item: Leftovers
|-heal|p2a: Reuniclus|75/100|[from] item: Leftovers
|upkeep
|turn|35
|
|t:|1704470554
|move|p1a: Latios|Surf|p2a: Reuniclus
|-damage|p2a: Reuniclus|53/100
|move|p2a: Reuniclus|Recover|p2a: Reuniclus
|-heal|p2a: Reuniclus|100/100
|
|-weather|Sandstorm|[upkeep]
|-damage|p1a: Latios|92/100|[from] Sandstorm
|-heal|p1a: Latios|98/100|[from] item: Leftovers
|upkeep
|turn|36
|
|t:|1704470557
|move|p1a: Latios|Surf|p2a: Reuniclus
|-damage|p2a: Reuniclus|82/100
|move|p2a: Reuniclus|Hidden Power|p1a: Latios
|-supereffective|p1a: Latios
|-damage|p1a: Latios|33/100
|
|-weather|Sandstorm|[upkeep]
|-damage|p1a: Latios|27/100|[from] Sandstorm
|-heal|p1a: Latios|33/100|[from] item: Leftovers
|-heal|p2a: Reuniclus|88/100|[from] item: Leftovers
|upkeep
|turn|37
|
|t:|1704470565
|switch|p1a: Rotom|Rotom-Wash|88/100
|-damage|p1a: Rotom|76/100|[from] Stealth Rock
|move|p2a: Reuniclus|Recover|p2a: Reuniclus
|-heal|p2a: Reuniclus|100/100
|
|-weather|Sandstorm|[upkeep]
|-damage|p1a: Rotom|70/100|[from] Sandstorm
|-heal|p1a: Rotom|76/100|[from] item: Leftovers
|upkeep
|turn|38
|
|t:|1704470568
|move|p1a: Rotom|Volt Switch|p2a: Reuniclus
|-damage|p2a: Reuniclus|79/100
|
|t:|1704470571
|switch|p1a: Latios|Latios, M|33/100|[from] Volt Switch
|-damage|p1a: Latios|20/100|[from] Stealth Rock
|move|p2a: Reuniclus|Thunder|p1a: Latios|[miss]
|-miss|p2a: Reuniclus|p1a: Latios
|
|-weather|Sandstorm|[upkeep]
|-damage|p1a: Latios|14/100|[from] Sandstorm
|-heal|p1a: Latios|20/100|[from] item: Leftovers
|-heal|p2a: Reuniclus|85/100|[from] item: Leftovers
|upkeep
|turn|39
|
|t:|1704470575
|move|p1a: Latios|Draco Meteor|p2a: Reuniclus|[miss]
|-miss|p1a: Latios|p2a: Reuniclus
|move|p2a: Reuniclus|Recover|p2a: Reuniclus
|-heal|p2a: Reuniclus|100/100
|
|-weather|Sandstorm|[upkeep]
|-damage|p1a: Latios|14/100|[from] Sandstorm
|-heal|p1a: Latios|20/100|[from] item: Leftovers
|upkeep
|turn|40
|
|t:|1704470582
|move|p1a: Latios|Draco Meteor|p2a: Reuniclus
|-damage|p2a: Reuniclus|52/100
|-unboost|p1a: Latios|spa|2
|move|p2a: Reuniclus|Hidden Power|p1a: Latios
|-supereffective|p1a: Latios
|-damage|p1a: Latios|0 fnt
|faint|p1a: Latios
|
|-weather|Sandstorm|[upkeep]
|-heal|p2a: Reuniclus|58/100|[from] item: Leftovers
|upkeep
|
|t:|1704470585
|switch|p1a: Rotom|Rotom-Wash|76/100
|-damage|p1a: Rotom|64/100|[from] Stealth Rock
|turn|41
|
|t:|1704470596
|move|p1a: Rotom|Pain Split|p2a: Reuniclus
|-sethp|p2a: Reuniclus|51/100|[from] move: Pain Split|[silent]
|-sethp|p1a: Rotom|75/100|[from] move: Pain Split
|move|p2a: Reuniclus|Recover|p2a: Reuniclus
|-heal|p2a: Reuniclus|100/100
|
|-weather|Sandstorm|[upkeep]
|-damage|p1a: Rotom|69/100|[from] Sandstorm
|-heal|p1a: Rotom|75/100|[from] item: Leftovers
|upkeep
|turn|42
|
|t:|1704470600
|move|p1a: Rotom|Pain Split|p2a: Reuniclus
|-sethp|p2a: Reuniclus|76/100|[from] move: Pain Split|[silent]
|-sethp|p1a: Rotom|100/100|[from] move: Pain Split
|move|p2a: Reuniclus|Calm Mind|p2a: Reuniclus
|-boost|p2a: Reuniclus|spa|1
|-boost|p2a: Reuniclus|spd|1
|
|-weather|Sandstorm|[upkeep]
|-damage|p1a: Rotom|95/100|[from] Sandstorm
|-heal|p1a: Rotom|100/100|[from] item: Leftovers
|-heal|p2a: Reuniclus|82/100|[from] item: Leftovers
|upkeep
|turn|43
|
|t:|1704470611
|move|p1a: Rotom|Hydro Pump|p2a: Reuniclus
|-crit|p2a: Reuniclus
|-damage|p2a: Reuniclus|0 fnt
|faint|p2a: Reuniclus
|
|-weather|Sandstorm|[upkeep]
|-damage|p1a: Rotom|95/100|[from] Sandstorm
|-heal|p1a: Rotom|100/100|[from] item: Leftovers
|upkeep
|c|☆bwvc ghosted|gg
|-message|bwvc ghosted forfeited.
|
|win|BWVC broken
|raw|BWVC broken's rating: 1331 &rarr; <strong>1357</strong><br />(+26 for winning)
|raw|bwvc ghosted's rating: 1431 &rarr; <strong>1405</strong><br />(-26 for losing)
|c|☆BWVC broken|2 much hax
|c|☆bwvc ghosted|whatever
|l|☆bwvc ghosted
|c|☆BWVC broken|on both sides
|l|☆BWVC broken
|j|☆BWVC broken
|player|p1|BWVC broken|red-gen1main
