|j|☆SK8HEAD
|j|☆minutemaid13
|t:|1707396399
|gametype|singles
|player|p1|SK8HEAD|266|1323
|player|p2|minutemaid13|101|1368
|teamsize|p1|6
|teamsize|p2|6
|gen|5
|tier|[Gen 5] OU
|rated|
|rule|Species Clause: Limit one of each Pokémon
|rule|OHKO Clause: OHKO moves are banned
|rule|Moody Clause: Moody is banned
|rule|Evasion Items Clause: Evasion items are banned
|rule|Evasion Moves Clause: Evasion moves are banned
|rule|Endless Battle Clause: Forcing endless battles is banned
|rule|HP Percentage Mod: HP is shown in percentages
|rule|Evasion Abilities Clause: Evasion abilities are banned
|rule|Sleep Moves Clause: Sleep-inducing moves are banned
|rule|Swagger Clause: Swagger is banned
|rule|Baton Pass Stat Clause: No Baton Passer may have a way to boost its stats
|clearpoke
|poke|p1|Mamoswine, F|item
|poke|p1|Celebi|item
|poke|p1|Magnezone|item
|poke|p1|Tyranitar, M|item
|poke|p1|Landorus-Therian, M|item
|poke|p1|Latios, M|item
|poke|p2|Skarmory, M|item
|poke|p2|Blissey, F|item
|poke|p2|Celebi|item
|poke|p2|Alakazam, M|item
|poke|p2|Heatran, M|item
|poke|p2|Keldeo|item
|teampreview
|c|☆SK8HEAD|gl
|
|t:|1707396409
|start
|switch|p1a: Landorus|Landorus-Therian, M|100/100
|switch|p2a: Keldeo|Keldeo|100/100
|-ability|p1a: Landorus|Intimidate|boost
|-unboost|p2a: Keldeo|atk|1
|turn|1
|
|t:|1707396414
|switch|p1a: Celebi|Celebi|100/100
|move|p2a: Keldeo|Icy Wind|p1a: Celebi
|-supereffective|p1a: Celebi
|-damage|p1a: Celebi|69/100
|-unboost|p1a: Celebi|spe|1
|
|-heal|p1a: Celebi|75/100|[from] item: Leftovers
|upkeep
|turn|2
|
|t:|1707396423
|switch|p2a: Blissey|Blissey, F|100/100
|move|p1a: Celebi|Baton Pass|p1a: Celebi
|
|t:|1707396427
|switch|p1a: Mamoswine|Mamoswine, F|100/100|[from] Baton Pass
|
|upkeep
|turn|3
|
|t:|1707396433
|switch|p2a: Skarmory|Skarmory, M|100/100
|move|p1a: Mamoswine|Icicle Crash|p2a: Skarmory|[miss]
|-miss|p1a: Mamoswine|p2a: Skarmory
|
|upkeep
|turn|4
|c|☆SK8HEAD|sad
|
|t:|1707396457
|switch|p1a: Magnezone|Magnezone|100/100
|move|p2a: Skarmory|Spikes|p1a: Magnezone
|-sidestart|p1: SK8HEAD|Spikes
|
|upkeep
|turn|5
|
|t:|1707396463
|move|p2a: Skarmory|Spikes|p1a: Magnezone
|-sidestart|p1: SK8HEAD|Spikes
|move|p1a: Magnezone|Volt Switch|p2a: Skarmory
|-supereffective|p2a: Skarmory
|-ability|p2a: Skarmory|Sturdy
|-damage|p2a: Skarmory|1/100
|
|t:|1707396474
|switch|p1a: Landorus|Landorus-Therian, M|100/100|[from] Volt Switch
|-ability|p1a: Landorus|Intimidate|boost
|-unboost|p2a: Skarmory|atk|1
|
|-heal|p2a: Skarmory|7/100|[from] item: Leftovers
|upkeep
|turn|6
|
|t:|1707396486
|move|p1a: Landorus|Hidden Power|p2a: Skarmory
|-damage|p2a: Skarmory|0 fnt
|faint|p2a: Skarmory
|
|upkeep
|
|t:|1707396501
|switch|p2a: Keldeo|Keldeo|100/100
|turn|7
|
|t:|1707396504
|switch|p1a: Celebi|Celebi|75/100
|-damage|p1a: Celebi|59/100|[from] Spikes
|move|p2a: Keldeo|Icy Wind|p1a: Celebi
|-supereffective|p1a: Celebi
|-damage|p1a: Celebi|29/100
|-unboost|p1a: Celebi|spe|1
|
|-heal|p1a: Celebi|35/100|[from] item: Leftovers
|upkeep
|turn|8
|
|t:|1707396517
|switch|p2a: Heatran|Heatran, M|100/100
|move|p1a: Celebi|Recover|p1a: Celebi
|-heal|p1a: Celebi|85/100
|
|-heal|p1a: Celebi|91/100|[from] item: Leftovers
|upkeep
|turn|9
|
|t:|1707396525
|move|p2a: Heatran|Toxic|p1a: Celebi
|-status|p1a: Celebi|tox
|move|p1a: Celebi|Baton Pass|p1a: Celebi
|
|t:|1707396529
|-curestatus|p1a: Celebi|tox|[from] ability: Natural Cure
|switch|p1a: Landorus|Landorus-Therian, M|100/100|[from] Baton Pass
|-ability|p1a: Landorus|Intimidate|boost
|-unboost|p2a: Heatran|atk|1
|
|upkeep
|turn|10
|
|t:|1707396541
|switch|p2a: Celebi|Celebi|100/100
|move|p1a: Landorus|Stealth Rock|p2a: Celebi
|-sidestart|p2: minutemaid13|move: Stealth Rock
|
|upkeep
|turn|11
|c|☆SK8HEAD|im this dimensions one and only spiderman
|
|t:|1707396547
|move|p2a: Celebi|Giga Drain|p1a: Landorus
|-damage|p1a: Landorus|72/100
|move|p1a: Landorus|U-turn|p2a: Celebi
|-supereffective|p2a: Celebi
|-damage|p2a: Celebi|22/100
|
|t:|1707396551
|switch|p1a: Tyranitar|Tyranitar, M|100/100|[from] U-turn
|-damage|p1a: Tyranitar|84/100|[from] Spikes
|-weather|Sandstorm|[from] ability: Sand Stream|[of] p1a: Tyranitar
|
|-weather|Sandstorm|[upkeep]
|-damage|p2a: Celebi|16/100|[from] Sandstorm
|-heal|p2a: Celebi|22/100|[from] item: Leftovers
|upkeep
|turn|12
|
|t:|1707396557
|move|p2a: Celebi|Recover|p2a: Celebi
|-heal|p2a: Celebi|72/100
|move|p1a: Tyranitar|Pursuit|p2a: Celebi
|-supereffective|p2a: Celebi
|-damage|p2a: Celebi|36/100
|
|-weather|Sandstorm|[upkeep]
|-damage|p2a: Celebi|30/100|[from] Sandstorm
|-heal|p2a: Celebi|36/100|[from] item: Leftovers
|upkeep
|turn|13
|
|t:|1707396564
|move|p2a: Celebi|Recover|p2a: Celebi
|-heal|p2a: Celebi|87/100
|move|p1a: Tyranitar|Pursuit|p2a: Celebi
|-supereffective|p2a: Celebi
|-damage|p2a: Celebi|52/100
|
|-weather|Sandstorm|[upkeep]
|-damage|p2a: Celebi|46/100|[from] Sandstorm
|-heal|p2a: Celebi|52/100|[from] item: Leftovers
|upkeep
|turn|14
|
|t:|1707396567
|move|p2a: Celebi|Thunder Wave|p1a: Tyranitar
|-status|p1a: Tyranitar|par
|cant|p1a: Tyranitar|par
|
|-weather|Sandstorm|[upkeep]
|-damage|p2a: Celebi|46/100|[from] Sandstorm
|-heal|p2a: Celebi|52/100|[from] item: Leftovers
|upkeep
|turn|15
|
|t:|1707396572
|move|p2a: Celebi|Giga Drain|p1a: Tyranitar
|-supereffective|p1a: Tyranitar
|-damage|p1a: Tyranitar|59/100 par
|-heal|p2a: Celebi|65/100|[from] drain|[of] p1a: Tyranitar
|move|p1a: Tyranitar|Thunder Wave|p2a: Celebi
|-status|p2a: Celebi|par
|
|-weather|Sandstorm|[upkeep]
|-damage|p2a: Celebi|58/100 par|[from] Sandstorm
|-heal|p2a: Celebi|65/100 par|[from] item: Leftovers
|upkeep
|turn|16
|
|t:|1707396578
|move|p2a: Celebi|Giga Drain|p1a: Tyranitar
|-supereffective|p1a: Tyranitar
|-damage|p1a: Tyranitar|35/100 par
|-heal|p2a: Celebi|76/100 par|[from] drain|[of] p1a: Tyranitar
|cant|p1a: Tyranitar|par
|
|-weather|Sandstorm|[upkeep]
|-damage|p2a: Celebi|70/100 par|[from] Sandstorm
|-heal|p2a: Celebi|76/100 par|[from] item: Leftovers
|upkeep
|turn|17
|
|t:|1707396582
|move|p2a: Celebi|Giga Drain|p1a: Tyranitar
|-supereffective|p1a: Tyranitar
|-damage|p1a: Tyranitar|9/100 par
|-heal|p2a: Celebi|89/100 par|[from] drain|[of] p1a: Tyranitar
|move|p1a: Tyranitar|Crunch|p2a: Celebi
|-supereffective|p2a: Celebi
|-crit|p2a: Celebi
|-damage|p2a: Celebi|0 fnt
|faint|p2a: Celebi
|
|-weather|Sandstorm|[upkeep]
|upkeep
|
|t:|1707396590
|switch|p2a: Alakazam|Alakazam, M|100/100
|turn|18
|
|t:|1707396596
|move|p2a: Alakazam|Hidden Power|p1a: Tyranitar
|-damage|p1a: Tyranitar|0 fnt
|faint|p1a: Tyranitar
|
|-weather|Sandstorm|[upkeep]
|upkeep
|
|t:|1707396605
|switch|p1a: Latios|Latios, M|100/100
|turn|19
|
|t:|1707396611
|switch|p1a: Landorus|Landorus-Therian, M|72/100
|-ability|p1a: Landorus|Intimidate|boost
|-unboost|p2a: Alakazam|atk|1
|switch|p2a: Blissey|Blissey, F|100/100
|-damage|p2a: Blissey|88/100|[from] Stealth Rock
|
|-weather|Sandstorm|[upkeep]
|-damage|p2a: Blissey|82/100|[from] Sandstorm
|-heal|p1a: Landorus|78/100|[from] item: Leftovers
|-heal|p2a: Blissey|88/100|[from] item: Leftovers
|upkeep
|turn|20
|
|t:|1707396624
|move|p1a: Landorus|Earthquake|p2a: Blissey
|-damage|p2a: Blissey|0 fnt
|faint|p2a: Blissey
|
|-weather|Sandstorm|[upkeep]
|-heal|p1a: Landorus|84/100|[from] item: Leftovers
|upkeep
|
|t:|1707396633
|switch|p2a: Alakazam|Alakazam, M|100/100
|turn|21
|
|t:|1707396645
|switch|p1a: Magnezone|Magnezone|100/100
|-damage|p1a: Magnezone|84/100|[from] Spikes
|move|p2a: Alakazam|Hidden Power|p1a: Magnezone
|-resisted|p1a: Magnezone
|-damage|p1a: Magnezone|71/100
|
|-weather|Sandstorm|[upkeep]
|upkeep
|turn|22
|
|t:|1707396651
|move|p2a: Alakazam|Focus Blast|p1a: Magnezone
|-supereffective|p1a: Magnezone
|-enditem|p1a: Magnezone|Chople Berry|[eat]
|-enditem|p1a: Magnezone|Chople Berry|[weaken]
|-damage|p1a: Magnezone|27/100
|move|p1a: Magnezone|Volt Switch|p2a: Alakazam
|-damage|p2a: Alakazam|43/100
|
|t:|1707396663
|switch|p1a: Latios|Latios, M|100/100|[from] Volt Switch
|
|-weather|Sandstorm|[upkeep]
|-damage|p1a: Latios|95/100|[from] Sandstorm
|upkeep
|turn|23
|
|t:|1707396669
|switch|p2a: Heatran|Heatran, M|100/100
|-damage|p2a: Heatran|88/100|[from] Stealth Rock
|move|p1a: Latios|Surf|p2a: Heatran
|-supereffective|p2a: Heatran
|-damage|p2a: Heatran|47/100
|
|-weather|Sandstorm|[upkeep]
|-damage|p1a: Latios|89/100|[from] Sandstorm
|-heal|p2a: Heatran|53/100|[from] item: Leftovers
|upkeep
|turn|24
|j| phosphor
|
|t:|1707396677
|switch|p1a: Magnezone|Magnezone|27/100
|-damage|p1a: Magnezone|10/100|[from] Spikes
|switch|p2a: Keldeo|Keldeo|100/100
|-damage|p2a: Keldeo|94/100|[from] Stealth Rock
|
|-weather|Sandstorm|[upkeep]
|-damage|p2a: Keldeo|88/100|[from] Sandstorm
|upkeep
|turn|25
|
|t:|1707396684
|move|p2a: Keldeo|Secret Sword|p1a: Magnezone
|-supereffective|p1a: Magnezone
|-damage|p1a: Magnezone|0 fnt
|faint|p1a: Magnezone
|
|-weather|Sandstorm|[upkeep]
|-damage|p2a: Keldeo|82/100|[from] Sandstorm
|upkeep
|
|t:|1707396713
|switch|p1a: Celebi|Celebi|91/100
|-damage|p1a: Celebi|75/100|[from] Spikes
|turn|26
|
|t:|1707396717
|switch|p2a: Heatran|Heatran, M|53/100
|-damage|p2a: Heatran|40/100|[from] Stealth Rock
|move|p1a: Celebi|Baton Pass|p1a: Celebi
|
|t:|1707396720
|switch|p1a: Mamoswine|Mamoswine, F|100/100|[from] Baton Pass
|-damage|p1a: Mamoswine|84/100|[from] Spikes
|
|-weather|Sandstorm|[upkeep]
|-heal|p2a: Heatran|47/100|[from] item: Leftovers
|upkeep
|turn|27
|
|t:|1707396727
|move|p2a: Heatran|Protect|p2a: Heatran
|-singleturn|p2a: Heatran|Protect
|move|p1a: Mamoswine|Earthquake|p2a: Heatran
|-activate|p2a: Heatran|move: Protect
|
|-weather|Sandstorm|[upkeep]
|-heal|p2a: Heatran|53/100|[from] item: Leftovers
|upkeep
|turn|28
|
|t:|1707396731
|move|p1a: Mamoswine|Earthquake|p2a: Heatran
|-supereffective|p2a: Heatran
|-damage|p2a: Heatran|0 fnt
|faint|p2a: Heatran
|
|-weather|Sandstorm|[upkeep]
|upkeep
|
|t:|1707396737
|switch|p2a: Alakazam|Alakazam, M|43/100
|turn|29
|
|t:|1707396741
|switch|p1a: Landorus|Landorus-Therian, M|84/100
|-ability|p1a: Landorus|Intimidate|boost
|-unboost|p2a: Alakazam|atk|1
|move|p2a: Alakazam|Focus Blast|p1a: Landorus|[miss]
|-miss|p2a: Alakazam|p1a: Landorus
|
|-weather|Sandstorm|[upkeep]
|-heal|p1a: Landorus|90/100|[from] item: Leftovers
|upkeep
|turn|30
|
|t:|1707396745
|move|p2a: Alakazam|Hidden Power|p1a: Landorus
|-supereffective|p1a: Landorus
|-damage|p1a: Landorus|0 fnt
|faint|p1a: Landorus
|
|-weather|Sandstorm|[upkeep]
|upkeep
|
|t:|1707396748
|switch|p1a: Latios|Latios, M|89/100
|turn|31
|
|t:|1707396751
|move|p1a: Latios|Dragon Pulse|p2a: Alakazam
|-damage|p2a: Alakazam|0 fnt
|faint|p2a: Alakazam
|
|-weather|Sandstorm|[upkeep]
|-damage|p1a: Latios|83/100|[from] Sandstorm
|upkeep
|
|t:|1707396753
|switch|p2a: Keldeo|Keldeo|82/100
|-damage|p2a: Keldeo|76/100|[from] Stealth Rock
|turn|32
|c|☆SK8HEAD|ggs bro
|
|t:|1707396764
|move|p1a: Latios|Dragon Pulse|p2a: Keldeo
|-damage|p2a: Keldeo|21/100
|move|p2a: Keldeo|Icy Wind|p1a: Latios
|-supereffective|p1a: Latios
|-damage|p1a: Latios|35/100
|-unboost|p1a: Latios|spe|1
|
|-weather|Sandstorm|[upkeep]
|-damage|p1a: Latios|29/100|[from] Sandstorm
|-damage|p2a: Keldeo|15/100|[from] Sandstorm
|upkeep
|turn|33
|
|t:|1707396768
|move|p1a: Latios|Dragon Pulse|p2a: Keldeo
|-damage|p2a: Keldeo|0 fnt
|faint|p2a: Keldeo
|
|win|SK8HEAD
|raw|SK8HEAD's rating: 1323 &rarr; <strong>1346</strong><br />(+23 for winning)
|raw|minutemaid13's rating: 1368 &rarr; <strong>1345</strong><br />(-23 for losing)
