|j|☆B (Blaise)
|j|☆lingluojunm
|t:|1735313089
|gametype|singles
|player|p1|B (Blaise)|n|1397
|player|p2|lingluojunm|266|1488
|teamsize|p1|6
|teamsize|p2|6
|gen|5
|tier|[Gen 5] OU
|rated|
|rule|Species Clause: Limit one of each Pokémon
|rule|OHKO Clause: OHKO moves are banned
|rule|Moody Clause: Moody is banned
|rule|Evasion Items Clause: Evasion items are banned
|rule|Evasion Moves Clause: Evasion moves are banned
|rule|Endless Battle Clause: Forcing endless battles is banned
|rule|HP Percentage Mod: HP is shown in percentages
|rule|Evasion Abilities Clause: Evasion abilities are banned
|rule|Sleep Moves Clause: Sleep-inducing moves are banned
|rule|Swagger Clause: Swagger is banned
|rule|Baton Pass Stat Clause: No Baton Passer may have a way to boost its stats
|clearpoke
|poke|p1|Aerodactyl, M|item
|poke|p1|Starmie|item
|poke|p1|Volcarona, F|item
|poke|p1|Dragonite, M|item
|poke|p1|Garchomp, M|item
|poke|p1|Breloom, F|item
|poke|p2|Mamoswine, M|item
|poke|p2|Dragonite, M|item
|poke|p2|Scizor, F|item
|poke|p2|Breloom, M|item
|poke|p2|Spiritomb, M|item
|poke|p2|Alakazam, F|item
|teampreview
|
|t:|1735313094
|start
|switch|p1a: Twisted Tempo|Starmie|100/100
|switch|p2a: Mamoswine|Mamoswine, M|100/100
|turn|1
|
|t:|1735313103
|move|p1a: Twisted Tempo|Surf|p2a: Mamoswine
|-supereffective|p2a: Mamoswine
|-enditem|p2a: Mamoswine|Focus Sash
|-damage|p2a: Mamoswine|1/100
|move|p2a: Mamoswine|Stealth Rock|p1a: Twisted Tempo
|-sidestart|p1: B (Blaise)|move: Stealth Rock
|
|upkeep
|turn|2
|
|t:|1735313110
|switch|p2a: Spiritomb|Spiritomb, M|100/100
|move|p1a: Twisted Tempo|Rapid Spin|p2a: Spiritomb
|-immune|p2a: Spiritomb
|
|upkeep
|turn|3
|
|t:|1735313116
|move|p1a: Twisted Tempo|Surf|p2a: Spiritomb
|-damage|p2a: Spiritomb|59/100
|move|p2a: Spiritomb|Pursuit|p1a: Twisted Tempo
|-supereffective|p1a: Twisted Tempo
|-damage|p1a: Twisted Tempo|17/100
|
|upkeep
|turn|4
|
|t:|1735313122
|move|p1a: Twisted Tempo|Surf|p2a: Spiritomb
|-damage|p2a: Spiritomb|13/100
|move|p2a: Spiritomb|Pursuit|p1a: Twisted Tempo
|-supereffective|p1a: Twisted Tempo
|-damage|p1a: Twisted Tempo|0 fnt
|faint|p1a: Twisted Tempo
|
|upkeep
|
|t:|1735313134
|switch|p1a: Earth Eagle|Aerodactyl, M|100/100
|-damage|p1a: Earth Eagle|76/100|[from] Stealth Rock
|turn|5
|
|t:|1735313140
|switch|p2a: Mamoswine|Mamoswine, M|1/100
|move|p1a: Earth Eagle|Stealth Rock|p2a: Mamoswine
|-sidestart|p2: lingluojunm|move: Stealth Rock
|
|upkeep
|turn|6
|
|t:|1735313144
|move|p2a: Mamoswine|Ice Shard|p1a: Earth Eagle
|-supereffective|p1a: Earth Eagle
|-damage|p1a: Earth Eagle|11/100
|move|p1a: Earth Eagle|Earthquake|p2a: Mamoswine
|-damage|p2a: Mamoswine|0 fnt
|faint|p2a: Mamoswine
|
|upkeep
|
|t:|1735313154
|switch|p2a: Breloom|Breloom, M|100/100
|-damage|p2a: Breloom|94/100|[from] Stealth Rock
|turn|7
|
|t:|1735313158
|move|p2a: Breloom|Mach Punch|p1a: Earth Eagle
|-damage|p1a: Earth Eagle|0 fnt
|faint|p1a: Earth Eagle
|-damage|p2a: Breloom|84/100|[from] item: Life Orb
|
|upkeep
|
|t:|1735313180
|switch|p1a: Hades Kerbecs|Volcarona, F|100/100
|-damage|p1a: Hades Kerbecs|51/100|[from] Stealth Rock
|turn|8
|
|t:|1735313185
|move|p2a: Breloom|Mach Punch|p1a: Hades Kerbecs
|-resisted|p1a: Hades Kerbecs
|-damage|p1a: Hades Kerbecs|20/100
|-damage|p2a: Breloom|75/100|[from] item: Life Orb
|move|p1a: Hades Kerbecs|Fire Blast|p2a: Breloom
|-supereffective|p2a: Breloom
|-damage|p2a: Breloom|0 fnt
|faint|p2a: Breloom
|
|upkeep
|
|t:|1735313198
|switch|p2a: Spiritomb|Spiritomb, M|13/100
|-damage|p2a: Spiritomb|1/100|[from] Stealth Rock
|turn|9
|
|t:|1735313204
|move|p2a: Spiritomb|Shadow Sneak|p1a: Hades Kerbecs
|-damage|p1a: Hades Kerbecs|0 fnt
|faint|p1a: Hades Kerbecs
|
|upkeep
|
|t:|1735313228
|switch|p1a: L-Drago|Garchomp, M|100/100
|-damage|p1a: L-Drago|94/100|[from] Stealth Rock
|turn|10
|
|t:|1735313237
|move|p2a: Spiritomb|Shadow Sneak|p1a: L-Drago
|-damage|p1a: L-Drago|66/100
|-damage|p2a: Spiritomb|0 fnt|[from] ability: Rough Skin|[of] p1a: L-Drago
|faint|p2a: Spiritomb
|move|p1a: L-Drago|Earthquake|p2: Spiritomb|[notarget]
|-fail|p1a: L-Drago
|
|upkeep
|
|t:|1735313253
|switch|p2a: Dragonite|Dragonite, M|100/100
|-damage|p2a: Dragonite|75/100|[from] Stealth Rock
|turn|11
|
|t:|1735313257
|move|p2a: Dragonite|Extreme Speed|p1a: L-Drago
|-damage|p1a: L-Drago|39/100
|-damage|p2a: Dragonite|63/100|[from] ability: Rough Skin|[of] p1a: L-Drago
|move|p1a: L-Drago|Outrage|p2a: Dragonite
|-supereffective|p2a: Dragonite
|-damage|p2a: Dragonite|0 fnt
|faint|p2a: Dragonite
|
|upkeep
|
|t:|1735313265
|switch|p2a: Scizor|Scizor, F|100/100
|-damage|p2a: Scizor|88/100|[from] Stealth Rock
|turn|12
|
|t:|1735313269
|move|p2a: Scizor|Bullet Punch|p1a: L-Drago
|-damage|p1a: L-Drago|0 fnt
|-damage|p2a: Scizor|76/100|[from] ability: Rough Skin|[of] p1a: L-Drago
|faint|p1a: L-Drago
|-damage|p2a: Scizor|66/100|[from] item: Life Orb
|
|upkeep
|
|t:|1735313272
|switch|p1a: Pegasus|Dragonite, M, shiny|100/100
|-damage|p1a: Pegasus|76/100|[from] Stealth Rock
|turn|13
|
|t:|1735313278
|move|p2a: Scizor|Bullet Punch|p1a: Pegasus
|-damage|p1a: Pegasus|22/100
|-damage|p2a: Scizor|56/100|[from] item: Life Orb
|move|p1a: Pegasus|Fire Punch|p2a: Scizor
|-supereffective|p2a: Scizor
|-damage|p2a: Scizor|0 fnt
|faint|p2a: Scizor
|
|-heal|p1a: Pegasus|28/100|[from] item: Leftovers
|upkeep
|
|t:|1735313287
|switch|p2a: Alakazam|Alakazam, F|100/100
|turn|14
|
|t:|1735313292
|move|p1a: Pegasus|Extreme Speed|p2a: Alakazam
|-damage|p2a: Alakazam|25/100
|move|p2a: Alakazam|Hidden Power|p1a: Pegasus
|-supereffective|p1a: Pegasus
|-damage|p1a: Pegasus|0 fnt
|faint|p1a: Pegasus
|
|upkeep
|
|t:|1735313297
|switch|p1a: Befall|Breloom, F|100/100
|-damage|p1a: Befall|94/100|[from] Stealth Rock
|turn|15
|
|t:|1735313302
|move|p1a: Befall|Mach Punch|p2a: Alakazam
|-resisted|p2a: Alakazam
|-damage|p2a: Alakazam|0 fnt
|faint|p2a: Alakazam
|
|win|B (Blaise)
|raw|B (Blaise)'s rating: 1397 &rarr; <strong>1422</strong><br />(+25 for winning)
|raw|lingluojunm's rating: 1488 &rarr; <strong>1463</strong><br />(-25 for losing)
|l|☆lingluojunm
|player|p2|
