|j|‽lilou in badeanzug
|j|☆BW LORDD MOONMAN
|t:|1707514148
|gametype|singles
|player|p1|lilou in badeanzug|265|1476
|player|p2|BW LORDD MOONMAN|lucas|1597
|teamsize|p1|6
|teamsize|p2|6
|gen|5
|tier|[Gen 5] OU
|rated|
|rule|Species Clause: Limit one of each Pokémon
|rule|OHKO Clause: OHKO moves are banned
|rule|Moody Clause: Moody is banned
|rule|Evasion Items Clause: Evasion items are banned
|rule|Evasion Moves Clause: Evasion moves are banned
|rule|Endless Battle Clause: Forcing endless battles is banned
|rule|HP Percentage Mod: HP is shown in percentages
|rule|Evasion Abilities Clause: Evasion abilities are banned
|rule|Sleep Moves Clause: Sleep-inducing moves are banned
|rule|Swagger Clause: Swagger is banned
|rule|Baton Pass Stat Clause: No Baton Passer may have a way to boost its stats
|clearpoke
|poke|p1|Chansey, F|item
|poke|p1|Gliscor, F|item
|poke|p1|Forretress, F|item
|poke|p1|Jellicent, M|item
|poke|p1|Reuniclus, F|item
|poke|p1|Latios, M|item
|poke|p2|Blissey, F|item
|poke|p2|Excadrill, F|item
|poke|p2|Tyranitar, M|item
|poke|p2|Slowbro, F|item
|poke|p2|Zapdos|item
|poke|p2|Latios, M|item
|teampreview
|
|t:|1707514160
|start
|switch|p1a: Jellicent|Jellicent, M|100/100
|switch|p2a: Latios|Latios, M|100/100
|turn|1
|
|t:|1707514180
|switch|p1a: Chansey|Chansey, F|100/100
|move|p2a: Latios|Trick|p1a: Chansey
|-activate|p2a: Latios|move: Trick|[of] p1a: Chansey
|-item|p1a: Chansey|Choice Specs|[from] move: Trick
|-item|p2a: Latios|Eviolite|[from] move: Trick
|
|upkeep
|turn|2
|
|t:|1707514185
|switch|p2a: Tyranitar|Tyranitar, M|100/100
|-weather|Sandstorm|[from] ability: Sand Stream|[of] p2a: Tyranitar
|move|p1a: Chansey|Stealth Rock|p2a: Tyranitar
|-sidestart|p2: BW LORDD MOONMAN|move: Stealth Rock
|
|-weather|Sandstorm|[upkeep]
|-damage|p1a: Chansey|94/100|[from] Sandstorm
|upkeep
|turn|3
|
|t:|1707514212
|switch|p1a: Forretress|Forretress, F|100/100
|move|p2a: Tyranitar|Crunch|p1a: Forretress
|-resisted|p1a: Forretress
|-damage|p1a: Forretress|84/100
|-unboost|p1a: Forretress|def|1
|
|-weather|Sandstorm|[upkeep]
|-heal|p1a: Forretress|90/100|[from] item: Leftovers
|upkeep
|turn|4
|
|t:|1707514216
|switch|p2a: Excadrill|Excadrill, F|100/100
|-damage|p2a: Excadrill|97/100|[from] Stealth Rock
|move|p1a: Forretress|Spikes|p2a: Excadrill
|-sidestart|p2: BW LORDD MOONMAN|Spikes
|
|-weather|Sandstorm|[upkeep]
|-heal|p2a: Excadrill|100/100|[from] item: Leftovers
|-heal|p1a: Forretress|96/100|[from] item: Leftovers
|upkeep
|turn|5
|
|t:|1707514220
|switch|p1a: Gliscor|Gliscor, F|100/100
|move|p2a: Excadrill|Rapid Spin|p1a: Gliscor
|-damage|p1a: Gliscor|95/100
|-sideend|p2: BW LORDD MOONMAN|Spikes|[from] move: Rapid Spin|[of] p2a: Excadrill
|-sideend|p2: BW LORDD MOONMAN|Stealth Rock|[from] move: Rapid Spin|[of] p2a: Excadrill
|
|-weather|Sandstorm|[upkeep]
|-status|p1a: Gliscor|tox|[from] item: Toxic Orb
|upkeep
|turn|6
|
|t:|1707514256
|switch|p1a: Chansey|Chansey, F|94/100
|switch|p2a: Slowbro|Slowbro, F|100/100
|
|-weather|Sandstorm|[upkeep]
|-damage|p1a: Chansey|88/100|[from] Sandstorm
|-damage|p2a: Slowbro|94/100|[from] Sandstorm
|upkeep
|turn|7
|
|t:|1707514280
|switch|p2a: Excadrill|Excadrill, F|100/100
|move|p1a: Chansey|Stealth Rock|p2a: Excadrill
|-sidestart|p2: BW LORDD MOONMAN|move: Stealth Rock
|
|-weather|Sandstorm|[upkeep]
|-damage|p1a: Chansey|82/100|[from] Sandstorm
|upkeep
|turn|8
|
|t:|1707514308
|switch|p1a: Gliscor|Gliscor, F|95/100 tox
|move|p2a: Excadrill|Rapid Spin|p1a: Gliscor
|-crit|p1a: Gliscor
|-damage|p1a: Gliscor|84/100 tox
|-sideend|p2: BW LORDD MOONMAN|Stealth Rock|[from] move: Rapid Spin|[of] p2a: Excadrill
|
|-weather|Sandstorm|[upkeep]
|-heal|p1a: Gliscor|97/100 tox|[from] ability: Poison Heal
|upkeep
|turn|9
|
|t:|1707514324
|switch|p1a: Chansey|Chansey, F|82/100
|switch|p2a: Zapdos|Zapdos|100/100
|-ability|p2a: Zapdos|Pressure
|
|-weather|Sandstorm|[upkeep]
|-damage|p2a: Zapdos|94/100|[from] Sandstorm
|-damage|p1a: Chansey|76/100|[from] Sandstorm
|-heal|p2a: Zapdos|100/100|[from] item: Leftovers
|upkeep
|turn|10
|
|t:|1707514329
|move|p2a: Zapdos|Volt Switch|p1a: Chansey
|-damage|p1a: Chansey|61/100
|
|t:|1707514330
|switch|p2a: Excadrill|Excadrill, F|100/100|[from] Volt Switch
|move|p1a: Chansey|Stealth Rock|p2a: Excadrill
|-sidestart|p2: BW LORDD MOONMAN|move: Stealth Rock
|
|-weather|Sandstorm|[upkeep]
|-damage|p1a: Chansey|55/100|[from] Sandstorm
|upkeep
|turn|11
|
|t:|1707514337
|switch|p1a: Gliscor|Gliscor, F|97/100 tox
|move|p2a: Excadrill|Swords Dance|p2a: Excadrill
|-boost|p2a: Excadrill|atk|2
|
|-weather|Sandstorm|[upkeep]
|-heal|p1a: Gliscor|100/100 tox|[from] ability: Poison Heal
|upkeep
|turn|12
|
|t:|1707514358
|move|p1a: Gliscor|Earthquake|p2a: Excadrill
|-supereffective|p2a: Excadrill
|-damage|p2a: Excadrill|16/100
|move|p2a: Excadrill|Iron Head|p1a: Gliscor
|-damage|p1a: Gliscor|14/100 tox
|
|-weather|Sandstorm|[upkeep]
|-heal|p2a: Excadrill|22/100|[from] item: Leftovers
|-heal|p1a: Gliscor|27/100 tox|[from] ability: Poison Heal
|upkeep
|turn|13
|
|t:|1707514370
|switch|p2a: Zapdos|Zapdos|100/100
|-damage|p2a: Zapdos|75/100|[from] Stealth Rock
|-ability|p2a: Zapdos|Pressure
|move|p1a: Gliscor|Roost|p1a: Gliscor
|-heal|p1a: Gliscor|77/100 tox
|-singleturn|p1a: Gliscor|move: Roost
|
|-weather|Sandstorm|[upkeep]
|-damage|p2a: Zapdos|69/100|[from] Sandstorm
|-heal|p2a: Zapdos|75/100|[from] item: Leftovers
|-heal|p1a: Gliscor|89/100 tox|[from] ability: Poison Heal
|upkeep
|turn|14
|
|t:|1707514383
|switch|p1a: Reuniclus|Reuniclus, F|100/100
|move|p2a: Zapdos|Volt Switch|p1a: Reuniclus
|-damage|p1a: Reuniclus|75/100
|
|t:|1707514386
|switch|p2a: Tyranitar|Tyranitar, M|100/100|[from] Volt Switch
|-damage|p2a: Tyranitar|88/100|[from] Stealth Rock
|
|-weather|Sandstorm|[upkeep]
|-heal|p1a: Reuniclus|82/100|[from] item: Leftovers
|upkeep
|turn|15
|
|t:|1707514389
|move|p2a: Tyranitar|Fire Punch|p1a: Reuniclus
|-crit|p1a: Reuniclus
|-damage|p1a: Reuniclus|27/100
|move|p1a: Reuniclus|Recover|p1a: Reuniclus
|-heal|p1a: Reuniclus|77/100
|
|-weather|Sandstorm|[upkeep]
|-heal|p1a: Reuniclus|83/100|[from] item: Leftovers
|upkeep
|turn|16
|
|t:|1707514398
|switch|p2a: Excadrill|Excadrill, F|22/100
|-damage|p2a: Excadrill|19/100|[from] Stealth Rock
|move|p1a: Reuniclus|Recover|p1a: Reuniclus
|-heal|p1a: Reuniclus|100/100
|
|-weather|Sandstorm|[upkeep]
|-heal|p2a: Excadrill|25/100|[from] item: Leftovers
|upkeep
|turn|17
|
|t:|1707514401
|switch|p1a: Jellicent|Jellicent, M|100/100
|move|p2a: Excadrill|Rapid Spin|p1a: Jellicent
|-immune|p1a: Jellicent
|
|-weather|Sandstorm|[upkeep]
|-damage|p1a: Jellicent|94/100|[from] Sandstorm
|-heal|p2a: Excadrill|31/100|[from] item: Leftovers
|-heal|p1a: Jellicent|100/100|[from] item: Leftovers
|upkeep
|turn|18
|
|t:|1707514408
|switch|p2a: Latios|Latios, M|100/100
|-damage|p2a: Latios|88/100|[from] Stealth Rock
|move|p1a: Jellicent|Will-O-Wisp|p2a: Latios
|-status|p2a: Latios|brn
|
|-weather|Sandstorm|[upkeep]
|-damage|p2a: Latios|82/100 brn|[from] Sandstorm
|-damage|p1a: Jellicent|94/100|[from] Sandstorm
|-heal|p1a: Jellicent|100/100|[from] item: Leftovers
|-damage|p2a: Latios|70/100 brn|[from] brn
|upkeep
|turn|19
|
|t:|1707514419
|move|p2a: Latios|Psyshock|p1a: Jellicent
|-damage|p1a: Jellicent|67/100
|move|p1a: Jellicent|Night Shade|p2a: Latios
|-damage|p2a: Latios|37/100 brn
|
|-weather|Sandstorm|[upkeep]
|-damage|p2a: Latios|31/100 brn|[from] Sandstorm
|-damage|p1a: Jellicent|61/100|[from] Sandstorm
|-heal|p1a: Jellicent|67/100|[from] item: Leftovers
|-damage|p2a: Latios|18/100 brn|[from] brn
|upkeep
|turn|20
|
|t:|1707514422
|move|p2a: Latios|Draco Meteor|p1a: Jellicent
|-damage|p1a: Jellicent|4/100
|-unboost|p2a: Latios|spa|2
|move|p1a: Jellicent|Recover|p1a: Jellicent
|-heal|p1a: Jellicent|54/100
|
|-weather|Sandstorm|[upkeep]
|-damage|p2a: Latios|12/100 brn|[from] Sandstorm
|-damage|p1a: Jellicent|48/100|[from] Sandstorm
|-heal|p1a: Jellicent|54/100|[from] item: Leftovers
|-damage|p2a: Latios|0 fnt|[from] brn
|faint|p2a: Latios
|upkeep
|
|t:|1707514428
|switch|p2a: Excadrill|Excadrill, F|31/100
|-damage|p2a: Excadrill|28/100|[from] Stealth Rock
|turn|21
|
|t:|1707514431
|switch|p1a: Gliscor|Gliscor, F|89/100 tox
|move|p2a: Excadrill|Rapid Spin|p1a: Gliscor
|-damage|p1a: Gliscor|84/100 tox
|-sideend|p2: BW LORDD MOONMAN|Stealth Rock|[from] move: Rapid Spin|[of] p2a: Excadrill
|
|-weather|Sandstorm|[upkeep]
|-heal|p2a: Excadrill|34/100|[from] item: Leftovers
|-heal|p1a: Gliscor|97/100 tox|[from] ability: Poison Heal
|upkeep
|turn|22
|
|t:|1707514440
|move|p1a: Gliscor|Facade|p2a: Excadrill
|-resisted|p2a: Excadrill
|-damage|p2a: Excadrill|15/100
|move|p2a: Excadrill|Iron Head|p1a: Gliscor
|-damage|p1a: Gliscor|56/100 tox
|
|-weather|Sandstorm|[upkeep]
|-heal|p2a: Excadrill|22/100|[from] item: Leftovers
|-heal|p1a: Gliscor|69/100 tox|[from] ability: Poison Heal
|upkeep
|turn|23
|j| doleg52
|
|t:|1707514444
|switch|p2a: Slowbro|Slowbro, F|100/100
|move|p1a: Gliscor|Roost|p1a: Gliscor
|-heal|p1a: Gliscor|100/100 tox
|-singleturn|p1a: Gliscor|move: Roost
|
|-weather|Sandstorm|[upkeep]
|-damage|p2a: Slowbro|94/100|[from] Sandstorm
|upkeep
|turn|24
|
|t:|1707514463
|switch|p1a: Reuniclus|Reuniclus, F|100/100
|switch|p2a: Tyranitar|Tyranitar, M|88/100
|
|-weather|Sandstorm|[upkeep]
|upkeep
|turn|25
|
|t:|1707514471
|move|p2a: Tyranitar|Crunch|p1a: Reuniclus
|-supereffective|p1a: Reuniclus
|-damage|p1a: Reuniclus|14/100
|move|p1a: Reuniclus|Thunder|p2a: Tyranitar|[miss]
|-miss|p1a: Reuniclus|p2a: Tyranitar
|
|-weather|Sandstorm|[upkeep]
|-heal|p1a: Reuniclus|20/100|[from] item: Leftovers
|upkeep
|turn|26
|
|t:|1707514488
|switch|p1a: Forretress|Forretress, F|96/100
|move|p2a: Tyranitar|Crunch|p1a: Forretress
|-resisted|p1a: Forretress
|-crit|p1a: Forretress
|-damage|p1a: Forretress|63/100
|-unboost|p1a: Forretress|def|1
|
|-weather|Sandstorm|[upkeep]
|-heal|p1a: Forretress|69/100|[from] item: Leftovers
|upkeep
|turn|27
|
|t:|1707514515
|switch|p2a: Excadrill|Excadrill, F|22/100
|move|p1a: Forretress|Spikes|p2a: Excadrill
|-sidestart|p2: BW LORDD MOONMAN|Spikes
|
|-weather|Sandstorm|[upkeep]
|-heal|p2a: Excadrill|28/100|[from] item: Leftovers
|-heal|p1a: Forretress|75/100|[from] item: Leftovers
|upkeep
|turn|28
|
|t:|1707514529
|move|p2a: Excadrill|Rapid Spin|p1a: Forretress
|-resisted|p1a: Forretress
|-damage|p1a: Forretress|73/100
|-sideend|p2: BW LORDD MOONMAN|Spikes|[from] move: Rapid Spin|[of] p2a: Excadrill
|move|p1a: Forretress|Hidden Power|p2a: Excadrill
|-supereffective|p2a: Excadrill
|-damage|p2a: Excadrill|0 fnt
|faint|p2a: Excadrill
|
|-weather|Sandstorm|[upkeep]
|-heal|p1a: Forretress|79/100|[from] item: Leftovers
|upkeep
|
|t:|1707514541
|switch|p2a: Zapdos|Zapdos|75/100
|-ability|p2a: Zapdos|Pressure
|turn|29
|
|t:|1707514574
|switch|p1a: Latios|Latios, M|100/100
|move|p2a: Zapdos|Volt Switch|p1a: Latios
|-resisted|p1a: Latios
|-damage|p1a: Latios|86/100
|
|t:|1707514577
|switch|p2a: Blissey|Blissey, F|100/100|[from] Volt Switch
|
|-weather|Sandstorm|[upkeep]
|-damage|p1a: Latios|80/100|[from] Sandstorm
|-damage|p2a: Blissey|94/100|[from] Sandstorm
|-heal|p2a: Blissey|100/100|[from] item: Leftovers
|upkeep
|turn|30
|
|t:|1707514587
|switch|p1a: Chansey|Chansey, F|55/100
|switch|p2a: Zapdos|Zapdos|75/100
|-ability|p2a: Zapdos|Pressure
|
|-weather|Sandstorm|[upkeep]
|-damage|p2a: Zapdos|69/100|[from] Sandstorm
|-damage|p1a: Chansey|49/100|[from] Sandstorm
|-heal|p2a: Zapdos|75/100|[from] item: Leftovers
|upkeep
|turn|31
|
|t:|1707514592
|move|p2a: Zapdos|Volt Switch|p1a: Chansey
|-damage|p1a: Chansey|36/100
|
|t:|1707514594
|switch|p2a: Tyranitar|Tyranitar, M|88/100|[from] Volt Switch
|move|p1a: Chansey|Stealth Rock|p2a: Tyranitar
|-sidestart|p2: BW LORDD MOONMAN|move: Stealth Rock
|
|-weather|Sandstorm|[upkeep]
|-damage|p1a: Chansey|30/100|[from] Sandstorm
|upkeep
|turn|32
|
|t:|1707514612
|move|p2a: Tyranitar|Crunch|p1a: Chansey
|-damage|p1a: Chansey|0 fnt
|faint|p1a: Chansey
|
|-weather|Sandstorm|[upkeep]
|upkeep
|
|t:|1707514614
|switch|p1a: Forretress|Forretress, F|79/100
|turn|33
|
|t:|1707514616
|switch|p2a: Zapdos|Zapdos|75/100
|-damage|p2a: Zapdos|50/100|[from] Stealth Rock
|-ability|p2a: Zapdos|Pressure
|move|p1a: Forretress|Spikes|p2a: Zapdos
|-sidestart|p2: BW LORDD MOONMAN|Spikes
|
|-weather|Sandstorm|[upkeep]
|-damage|p2a: Zapdos|44/100|[from] Sandstorm
|-heal|p2a: Zapdos|50/100|[from] item: Leftovers
|-heal|p1a: Forretress|85/100|[from] item: Leftovers
|upkeep
|turn|34
|
|t:|1707514634
|switch|p1a: Latios|Latios, M|80/100
|move|p2a: Zapdos|Roost|p2a: Zapdos
|-heal|p2a: Zapdos|100/100
|-singleturn|p2a: Zapdos|move: Roost
|
|-weather|Sandstorm|[upkeep]
|-damage|p1a: Latios|74/100|[from] Sandstorm
|-damage|p2a: Zapdos|94/100|[from] Sandstorm
|-heal|p2a: Zapdos|100/100|[from] item: Leftovers
|upkeep
|turn|35
|
|t:|1707514656
|move|p1a: Latios|Draco Meteor|p2a: Zapdos
|-damage|p2a: Zapdos|11/100
|-unboost|p1a: Latios|spa|2
|move|p2a: Zapdos|Hidden Power|p1a: Latios
|-supereffective|p1a: Latios
|-damage|p1a: Latios|36/100
|
|-weather|Sandstorm|[upkeep]
|-damage|p1a: Latios|30/100|[from] Sandstorm
|-damage|p2a: Zapdos|5/100|[from] Sandstorm
|-heal|p2a: Zapdos|11/100|[from] item: Leftovers
|upkeep
|turn|36
|
|t:|1707514671
|move|p1a: Latios|Draco Meteor|p2a: Zapdos
|-damage|p2a: Zapdos|0 fnt
|-unboost|p1a: Latios|spa|2
|faint|p2a: Zapdos
|
|-weather|Sandstorm|[upkeep]
|-damage|p1a: Latios|24/100|[from] Sandstorm
|upkeep
|
|t:|1707514683
|switch|p2a: Blissey|Blissey, F|100/100
|-damage|p2a: Blissey|88/100|[from] Stealth Rock
|-damage|p2a: Blissey|76/100|[from] Spikes
|turn|37
|
|t:|1707514687
|switch|p1a: Forretress|Forretress, F|85/100
|move|p2a: Blissey|Stealth Rock|p1a: Forretress
|-sidestart|p1: lilou in badeanzug|move: Stealth Rock
|
|-weather|Sandstorm|[upkeep]
|-damage|p2a: Blissey|69/100|[from] Sandstorm
|-heal|p2a: Blissey|76/100|[from] item: Leftovers
|-heal|p1a: Forretress|91/100|[from] item: Leftovers
|upkeep
|turn|38
|
|t:|1707514690
|move|p2a: Blissey|Thunder Wave|p1a: Forretress
|-status|p1a: Forretress|par
|move|p1a: Forretress|Rapid Spin|p2a: Blissey
|-crit|p2a: Blissey
|-damage|p2a: Blissey|69/100
|-sideend|p1: lilou in badeanzug|Stealth Rock|[from] move: Rapid Spin|[of] p1a: Forretress
|
|-weather|Sandstorm|[upkeep]
|-damage|p2a: Blissey|63/100|[from] Sandstorm
|-heal|p2a: Blissey|69/100|[from] item: Leftovers
|-heal|p1a: Forretress|97/100 par|[from] item: Leftovers
|upkeep
|turn|39
|
|t:|1707514695
|move|p2a: Blissey|Stealth Rock|p1a: Forretress
|-sidestart|p1: lilou in badeanzug|move: Stealth Rock
|cant|p1a: Forretress|par
|
|-weather|Sandstorm|[upkeep]
|-damage|p2a: Blissey|63/100|[from] Sandstorm
|-heal|p2a: Blissey|69/100|[from] item: Leftovers
|-heal|p1a: Forretress|100/100 par|[from] item: Leftovers
|upkeep
|turn|40
|
|t:|1707514697
|move|p2a: Blissey|Soft-Boiled|p2a: Blissey
|-heal|p2a: Blissey|100/100
|cant|p1a: Forretress|par
|
|-weather|Sandstorm|[upkeep]
|-damage|p2a: Blissey|94/100|[from] Sandstorm
|-heal|p2a: Blissey|100/100|[from] item: Leftovers
|upkeep
|turn|41
|
|t:|1707514699
|move|p2a: Blissey|Seismic Toss|p1a: Forretress
|-damage|p1a: Forretress|72/100 par
|cant|p1a: Forretress|par
|
|-weather|Sandstorm|[upkeep]
|-damage|p2a: Blissey|94/100|[from] Sandstorm
|-heal|p2a: Blissey|100/100|[from] item: Leftovers
|-heal|p1a: Forretress|78/100 par|[from] item: Leftovers
|upkeep
|turn|42
|
|t:|1707514702
|move|p2a: Blissey|Seismic Toss|p1a: Forretress
|-damage|p1a: Forretress|50/100 par
|move|p1a: Forretress|Rapid Spin|p2a: Blissey
|-crit|p2a: Blissey
|-damage|p2a: Blissey|93/100
|-sideend|p1: lilou in badeanzug|Stealth Rock|[from] move: Rapid Spin|[of] p1a: Forretress
|
|-weather|Sandstorm|[upkeep]
|-damage|p2a: Blissey|87/100|[from] Sandstorm
|-heal|p2a: Blissey|93/100|[from] item: Leftovers
|-heal|p1a: Forretress|56/100 par|[from] item: Leftovers
|upkeep
|turn|43
|
|t:|1707514705
|move|p2a: Blissey|Stealth Rock|p1a: Forretress
|-sidestart|p1: lilou in badeanzug|move: Stealth Rock
|cant|p1a: Forretress|par
|
|-weather|Sandstorm|[upkeep]
|-damage|p2a: Blissey|87/100|[from] Sandstorm
|-heal|p2a: Blissey|93/100|[from] item: Leftovers
|-heal|p1a: Forretress|63/100 par|[from] item: Leftovers
|upkeep
|turn|44
|
|t:|1707514709
|move|p2a: Blissey|Seismic Toss|p1a: Forretress
|-damage|p1a: Forretress|34/100 par
|cant|p1a: Forretress|par
|
|-weather|Sandstorm|[upkeep]
|-damage|p2a: Blissey|87/100|[from] Sandstorm
|-heal|p2a: Blissey|93/100|[from] item: Leftovers
|-heal|p1a: Forretress|41/100 par|[from] item: Leftovers
|upkeep
|turn|45
|
|t:|1707514711
|move|p2a: Blissey|Seismic Toss|p1a: Forretress
|-damage|p1a: Forretress|12/100 par
|cant|p1a: Forretress|par
|
|-weather|Sandstorm|[upkeep]
|-damage|p2a: Blissey|87/100|[from] Sandstorm
|-heal|p2a: Blissey|93/100|[from] item: Leftovers
|-heal|p1a: Forretress|19/100 par|[from] item: Leftovers
|upkeep
|turn|46
|
|t:|1707514714
|switch|p1a: Gliscor|Gliscor, F|100/100 tox
|-damage|p1a: Gliscor|88/100 tox|[from] Stealth Rock
|move|p2a: Blissey|Seismic Toss|p1a: Gliscor
|-damage|p1a: Gliscor|60/100 tox
|
|-weather|Sandstorm|[upkeep]
|-damage|p2a: Blissey|87/100|[from] Sandstorm
|-heal|p2a: Blissey|93/100|[from] item: Leftovers
|-heal|p1a: Gliscor|72/100 tox|[from] ability: Poison Heal
|upkeep
|turn|47
|
|t:|1707514722
|move|p1a: Gliscor|Roost|p1a: Gliscor
|-heal|p1a: Gliscor|100/100 tox
|-singleturn|p1a: Gliscor|move: Roost
|move|p2a: Blissey|Seismic Toss|p1a: Gliscor
|-damage|p1a: Gliscor|72/100 tox
|
|-weather|Sandstorm|[upkeep]
|-damage|p2a: Blissey|87/100|[from] Sandstorm
|-heal|p2a: Blissey|93/100|[from] item: Leftovers
|-heal|p1a: Gliscor|85/100 tox|[from] ability: Poison Heal
|upkeep
|turn|48
|
|t:|1707514728
|switch|p2a: Slowbro|Slowbro, F|100/100
|-damage|p2a: Slowbro|88/100|[from] Stealth Rock
|-damage|p2a: Slowbro|76/100|[from] Spikes
|move|p1a: Gliscor|Swords Dance|p1a: Gliscor
|-boost|p1a: Gliscor|atk|2
|
|-weather|Sandstorm|[upkeep]
|-damage|p2a: Slowbro|70/100|[from] Sandstorm
|-heal|p1a: Gliscor|97/100 tox|[from] ability: Poison Heal
|upkeep
|turn|49
|
|t:|1707514732
|move|p1a: Gliscor|Roost|p1a: Gliscor
|-heal|p1a: Gliscor|100/100 tox
|-singleturn|p1a: Gliscor|move: Roost
|move|p2a: Slowbro|Ice Beam|p1a: Gliscor
|-supereffective|p1a: Gliscor
|-damage|p1a: Gliscor|49/100 tox
|
|-weather|Sandstorm|[upkeep]
|-damage|p2a: Slowbro|63/100|[from] Sandstorm
|-heal|p1a: Gliscor|61/100 tox|[from] ability: Poison Heal
|upkeep
|turn|50
|
|t:|1707514745
|switch|p1a: Jellicent|Jellicent, M|54/100
|-damage|p1a: Jellicent|42/100|[from] Stealth Rock
|move|p2a: Slowbro|Slack Off|p2a: Slowbro
|-heal|p2a: Slowbro|100/100
|
|-weather|Sandstorm|[upkeep]
|-damage|p1a: Jellicent|36/100|[from] Sandstorm
|-damage|p2a: Slowbro|94/100|[from] Sandstorm
|-heal|p1a: Jellicent|42/100|[from] item: Leftovers
|upkeep
|turn|51
|
|t:|1707514749
|switch|p2a: Tyranitar|Tyranitar, M|88/100
|-damage|p2a: Tyranitar|76/100|[from] Stealth Rock
|-damage|p2a: Tyranitar|64/100|[from] Spikes
|move|p1a: Jellicent|Recover|p1a: Jellicent
|-heal|p1a: Jellicent|92/100
|
|-weather|Sandstorm|[upkeep]
|-damage|p1a: Jellicent|86/100|[from] Sandstorm
|-heal|p1a: Jellicent|92/100|[from] item: Leftovers
|upkeep
|turn|52
|
|t:|1707514755
|switch|p1a: Forretress|Forretress, F|19/100 par
|-damage|p1a: Forretress|6/100 par|[from] Stealth Rock
|move|p2a: Tyranitar|Crunch|p1a: Forretress
|-resisted|p1a: Forretress
|-damage|p1a: Forretress|0 fnt
|faint|p1a: Forretress
|
|-weather|Sandstorm|[upkeep]
|upkeep
|
|t:|1707514761
|switch|p1a: Gliscor|Gliscor, F|61/100 tox
|-damage|p1a: Gliscor|49/100 tox|[from] Stealth Rock
|turn|53
|
|t:|1707514766
|switch|p2a: Slowbro|Slowbro, F|100/100
|-damage|p2a: Slowbro|88/100|[from] Stealth Rock
|-damage|p2a: Slowbro|76/100|[from] Spikes
|move|p1a: Gliscor|Roost|p1a: Gliscor
|-heal|p1a: Gliscor|99/100 tox
|-singleturn|p1a: Gliscor|move: Roost
|
|-weather|Sandstorm|[upkeep]
|-damage|p2a: Slowbro|70/100|[from] Sandstorm
|-heal|p1a: Gliscor|100/100 tox|[from] ability: Poison Heal
|upkeep
|turn|54
|
|t:|1707514771
|switch|p1a: Jellicent|Jellicent, M|92/100
|-damage|p1a: Jellicent|80/100|[from] Stealth Rock
|move|p2a: Slowbro|Ice Beam|p1a: Jellicent
|-resisted|p1a: Jellicent
|-damage|p1a: Jellicent|71/100
|
|-weather|Sandstorm|[upkeep]
|-damage|p1a: Jellicent|65/100|[from] Sandstorm
|-damage|p2a: Slowbro|63/100|[from] Sandstorm
|-heal|p1a: Jellicent|71/100|[from] item: Leftovers
|upkeep
|turn|55
|
|t:|1707514775
|switch|p2a: Blissey|Blissey, F|93/100
|-damage|p2a: Blissey|81/100|[from] Stealth Rock
|-damage|p2a: Blissey|69/100|[from] Spikes
|move|p1a: Jellicent|Recover|p1a: Jellicent
|-heal|p1a: Jellicent|100/100
|
|-weather|Sandstorm|[upkeep]
|-damage|p1a: Jellicent|94/100|[from] Sandstorm
|-damage|p2a: Blissey|62/100|[from] Sandstorm
|-heal|p1a: Jellicent|100/100|[from] item: Leftovers
|-heal|p2a: Blissey|69/100|[from] item: Leftovers
|upkeep
|turn|56
|
|t:|1707514785
|switch|p1a: Gliscor|Gliscor, F|100/100 tox
|-damage|p1a: Gliscor|88/100 tox|[from] Stealth Rock
|move|p2a: Blissey|Thunder Wave|p1a: Gliscor
|-immune|p1a: Gliscor
|
|-weather|Sandstorm|[upkeep]
|-damage|p2a: Blissey|62/100|[from] Sandstorm
|-heal|p2a: Blissey|69/100|[from] item: Leftovers
|-heal|p1a: Gliscor|100/100 tox|[from] ability: Poison Heal
|upkeep
|turn|57
|
|t:|1707514789
|switch|p2a: Slowbro|Slowbro, F|97/100
|-damage|p2a: Slowbro|84/100|[from] Stealth Rock
|-damage|p2a: Slowbro|72/100|[from] Spikes
|move|p1a: Gliscor|Earthquake|p2a: Slowbro
|-damage|p2a: Slowbro|51/100
|
|-weather|Sandstorm|[upkeep]
|-damage|p2a: Slowbro|45/100|[from] Sandstorm
|upkeep
|turn|58
|
|t:|1707514794
|switch|p1a: Jellicent|Jellicent, M|100/100
|-damage|p1a: Jellicent|88/100|[from] Stealth Rock
|move|p2a: Slowbro|Slack Off|p2a: Slowbro
|-heal|p2a: Slowbro|95/100
|
|-weather|Sandstorm|[upkeep]
|-damage|p1a: Jellicent|82/100|[from] Sandstorm
|-damage|p2a: Slowbro|89/100|[from] Sandstorm
|-heal|p1a: Jellicent|88/100|[from] item: Leftovers
|upkeep
|turn|59
|
|t:|1707514797
|switch|p2a: Tyranitar|Tyranitar, M|64/100
|-damage|p2a: Tyranitar|51/100|[from] Stealth Rock
|-damage|p2a: Tyranitar|39/100|[from] Spikes
|move|p1a: Jellicent|Will-O-Wisp|p2a: Tyranitar
|-status|p2a: Tyranitar|brn
|
|-weather|Sandstorm|[upkeep]
|-damage|p1a: Jellicent|82/100|[from] Sandstorm
|-heal|p1a: Jellicent|88/100|[from] item: Leftovers
|-damage|p2a: Tyranitar|27/100 brn|[from] brn
|upkeep
|turn|60
|
|t:|1707514805
|switch|p1a: Reuniclus|Reuniclus, F|20/100
|move|p2a: Tyranitar|Crunch|p1a: Reuniclus
|-supereffective|p1a: Reuniclus
|-damage|p1a: Reuniclus|0 fnt
|faint|p1a: Reuniclus
|
|-weather|Sandstorm|[upkeep]
|-damage|p2a: Tyranitar|14/100 brn|[from] brn
|upkeep
|
|t:|1707514810
|switch|p1a: Gliscor|Gliscor, F|100/100 tox
|-damage|p1a: Gliscor|88/100 tox|[from] Stealth Rock
|turn|61
|
|t:|1707514812
|move|p1a: Gliscor|Earthquake|p2a: Tyranitar
|-supereffective|p2a: Tyranitar
|-damage|p2a: Tyranitar|0 fnt
|faint|p2a: Tyranitar
|
|-weather|Sandstorm|[upkeep]
|-heal|p1a: Gliscor|100/100 tox|[from] ability: Poison Heal
|upkeep
|
|t:|1707514814
|switch|p2a: Slowbro|Slowbro, F|100/100
|-damage|p2a: Slowbro|88/100|[from] Stealth Rock
|-damage|p2a: Slowbro|76/100|[from] Spikes
|turn|62
|
|t:|1707514817
|switch|p1a: Jellicent|Jellicent, M|88/100
|-damage|p1a: Jellicent|76/100|[from] Stealth Rock
|move|p2a: Slowbro|Psychic|p1a: Jellicent
|-crit|p1a: Jellicent
|-damage|p1a: Jellicent|24/100
|
|-weather|Sandstorm|[upkeep]
|-damage|p1a: Jellicent|18/100|[from] Sandstorm
|-damage|p2a: Slowbro|70/100|[from] Sandstorm
|-heal|p1a: Jellicent|24/100|[from] item: Leftovers
|upkeep
|turn|63
|
|t:|1707514820
|move|p1a: Jellicent|Recover|p1a: Jellicent
|-heal|p1a: Jellicent|74/100
|move|p2a: Slowbro|Psychic|p1a: Jellicent
|-damage|p1a: Jellicent|50/100
|
|-weather|Sandstorm|[upkeep]
|-damage|p1a: Jellicent|44/100|[from] Sandstorm
|-damage|p2a: Slowbro|63/100|[from] Sandstorm
|-heal|p1a: Jellicent|50/100|[from] item: Leftovers
|upkeep
|turn|64
|
|t:|1707514823
|switch|p2a: Blissey|Blissey, F|69/100
|-damage|p2a: Blissey|56/100|[from] Stealth Rock
|-damage|p2a: Blissey|44/100|[from] Spikes
|move|p1a: Jellicent|Recover|p1a: Jellicent
|-heal|p1a: Jellicent|99/100
|
|-weather|Sandstorm|[upkeep]
|-damage|p1a: Jellicent|94/100|[from] Sandstorm
|-damage|p2a: Blissey|37/100|[from] Sandstorm
|-heal|p1a: Jellicent|99/100|[from] item: Leftovers
|-heal|p2a: Blissey|44/100|[from] item: Leftovers
|upkeep
|turn|65
|
|t:|1707514826
|switch|p1a: Gliscor|Gliscor, F|100/100 tox
|-damage|p1a: Gliscor|88/100 tox|[from] Stealth Rock
|move|p2a: Blissey|Stealth Rock||[still]
|-fail|p2a: Blissey
|
|-weather|Sandstorm|[upkeep]
|-damage|p2a: Blissey|37/100|[from] Sandstorm
|-heal|p2a: Blissey|44/100|[from] item: Leftovers
|-heal|p1a: Gliscor|100/100 tox|[from] ability: Poison Heal
|upkeep
|turn|66
|
|t:|1707514830
|switch|p2a: Slowbro|Slowbro, F|97/100
|-damage|p2a: Slowbro|84/100|[from] Stealth Rock
|-damage|p2a: Slowbro|72/100|[from] Spikes
|move|p1a: Gliscor|Earthquake|p2a: Slowbro
|-damage|p2a: Slowbro|54/100
|
|-weather|Sandstorm|[upkeep]
|-damage|p2a: Slowbro|47/100|[from] Sandstorm
|upkeep
|turn|67
|
|t:|1707514832
|switch|p1a: Jellicent|Jellicent, M|99/100
|-damage|p1a: Jellicent|88/100|[from] Stealth Rock
|move|p2a: Slowbro|Slack Off|p2a: Slowbro
|-heal|p2a: Slowbro|97/100
|
|-weather|Sandstorm|[upkeep]
|-damage|p1a: Jellicent|82/100|[from] Sandstorm
|-damage|p2a: Slowbro|91/100|[from] Sandstorm
|-heal|p1a: Jellicent|88/100|[from] item: Leftovers
|upkeep
|turn|68
|
|t:|1707514837
|move|p1a: Jellicent|Will-O-Wisp|p2a: Slowbro|[miss]
|-miss|p1a: Jellicent|p2a: Slowbro
|move|p2a: Slowbro|Ice Beam|p1a: Jellicent
|-resisted|p1a: Jellicent
|-damage|p1a: Jellicent|80/100
|
|-weather|Sandstorm|[upkeep]
|-damage|p1a: Jellicent|73/100|[from] Sandstorm
|-damage|p2a: Slowbro|85/100|[from] Sandstorm
|-heal|p1a: Jellicent|80/100|[from] item: Leftovers
|upkeep
|turn|69
|
|t:|1707514840
|move|p1a: Jellicent|Will-O-Wisp|p2a: Slowbro
|-status|p2a: Slowbro|brn
|move|p2a: Slowbro|Ice Beam|p1a: Jellicent
|-resisted|p1a: Jellicent
|-damage|p1a: Jellicent|71/100
|
|-weather|Sandstorm|[upkeep]
|-damage|p1a: Jellicent|65/100|[from] Sandstorm
|-damage|p2a: Slowbro|79/100 brn|[from] Sandstorm
|-heal|p1a: Jellicent|71/100|[from] item: Leftovers
|-damage|p2a: Slowbro|67/100 brn|[from] brn
|upkeep
|turn|70
|
|t:|1707514842
|move|p1a: Jellicent|Recover|p1a: Jellicent
|-heal|p1a: Jellicent|100/100
|move|p2a: Slowbro|Slack Off|p2a: Slowbro
|-heal|p2a: Slowbro|100/100 brn
|
|-weather|Sandstorm|[upkeep]
|-damage|p1a: Jellicent|94/100|[from] Sandstorm
|-damage|p2a: Slowbro|94/100 brn|[from] Sandstorm
|-heal|p1a: Jellicent|100/100|[from] item: Leftovers
|-damage|p2a: Slowbro|82/100 brn|[from] brn
|upkeep
|turn|71
|
|t:|1707514846
|move|p1a: Jellicent|Night Shade|p2a: Slowbro
|-damage|p2a: Slowbro|57/100 brn
|move|p2a: Slowbro|Ice Beam|p1a: Jellicent
|-resisted|p1a: Jellicent
|-damage|p1a: Jellicent|92/100
|
|-weather|Sandstorm|[upkeep]
|-damage|p1a: Jellicent|86/100|[from] Sandstorm
|-damage|p2a: Slowbro|50/100 brn|[from] Sandstorm
|-heal|p1a: Jellicent|92/100|[from] item: Leftovers
|-damage|p2a: Slowbro|38/100 brn|[from] brn
|upkeep
|turn|72
|
|t:|1707514849
|move|p1a: Jellicent|Night Shade|p2a: Slowbro
|-damage|p2a: Slowbro|13/100 brn
|move|p2a: Slowbro|Slack Off|p2a: Slowbro
|-heal|p2a: Slowbro|63/100 brn
|
|-weather|Sandstorm|[upkeep]
|-damage|p1a: Jellicent|86/100|[from] Sandstorm
|-damage|p2a: Slowbro|57/100 brn|[from] Sandstorm
|-heal|p1a: Jellicent|92/100|[from] item: Leftovers
|-damage|p2a: Slowbro|44/100 brn|[from] brn
|upkeep
|turn|73
|
|t:|1707514851
|move|p1a: Jellicent|Night Shade|p2a: Slowbro
|-damage|p2a: Slowbro|19/100 brn
|move|p2a: Slowbro|Psychic|p1a: Jellicent
|-damage|p1a: Jellicent|69/100
|
|-weather|Sandstorm|[upkeep]
|-damage|p1a: Jellicent|63/100|[from] Sandstorm
|-damage|p2a: Slowbro|13/100 brn|[from] Sandstorm
|-heal|p1a: Jellicent|69/100|[from] item: Leftovers
|-damage|p2a: Slowbro|0 fnt|[from] brn
|faint|p2a: Slowbro
|upkeep
|-message|BW LORDD MOONMAN forfeited.
|
|win|lilou in badeanzug
|raw|lilou in badeanzug's rating: 1432 &rarr; <strong>1461</strong><br />(+29 for winning)
|raw|BW LORDD MOONMAN's rating: 1597 &rarr; <strong>1568</strong><br />(-29 for losing)
|l|☆BW LORDD MOONMAN
|player|p2|
