|j|☆chundee galaxy
|j|☆chomp29
|t:|1737758275
|gametype|singles
|player|p1|chundee galaxy|alder|1618
|player|p2|chomp29|lucas|1525
|teamsize|p1|6
|teamsize|p2|6
|gen|5
|tier|[Gen 5] OU
|rated|
|rule|Species Clause: Limit one of each Pokémon
|rule|OHKO Clause: OHKO moves are banned
|rule|Moody Clause: Moody is banned
|rule|Evasion Items Clause: Evasion items are banned
|rule|Evasion Moves Clause: Evasion moves are banned
|rule|Endless Battle Clause: Forcing endless battles is banned
|rule|HP Percentage Mod: HP is shown in percentages
|rule|Evasion Abilities Clause: Evasion abilities are banned
|rule|Sleep Moves Clause: Sleep-inducing moves are banned
|rule|Swagger Clause: Swagger is banned
|rule|Baton Pass Stat Clause: No Baton Passer may have a way to boost its stats
|clearpoke
|poke|p1|Politoed, F|item
|poke|p1|Keldeo|item
|poke|p1|Breloom, M|item
|poke|p1|Scizor, F|item
|poke|p1|Metagross|item
|poke|p1|Gyarados, F|item
|poke|p2|Politoed, M|item
|poke|p2|Keldeo|item
|poke|p2|Tornadus, M|item
|poke|p2|Ferrothorn, M|item
|poke|p2|Tentacruel, F|item
|poke|p2|Thundurus-Therian, M|item
|teampreview
|inactive|Battle timer is ON: inactive players will automatically lose when time's up. (requested by chomp29)
|c|☆chomp29|Gl
|c|☆chundee galaxy|thanks
|
|t:|1737758297
|start
|switch|p1a: Keldeo|Keldeo|100/100
|switch|p2a: Tentacruel|Tentacruel, F|100/100
|turn|1
|c|☆chundee galaxy|you too
|
|t:|1737758308
|switch|p1a: Gyarados|Gyarados, F|100/100
|move|p2a: Tentacruel|Toxic Spikes|p1a: Gyarados
|-sidestart|p1: chundee galaxy|move: Toxic Spikes
|
|upkeep
|turn|2
|
|t:|1737758315
|switch|p2a: Politoed|Politoed, M|100/100
|-weather|RainDance|[from] ability: Drizzle|[of] p2a: Politoed
|move|p1a: Gyarados|Thunder Wave|p2a: Politoed
|-status|p2a: Politoed|par
|
|-weather|RainDance|[upkeep]
|upkeep
|turn|3
|
|t:|1737758325
|switch|p1a: Politoed|Politoed, F|100/100
|-status|p1a: Politoed|psn
|move|p2a: Politoed|Encore||[still]
|-fail|p2a: Politoed
|
|-weather|RainDance|[upkeep]
|-damage|p1a: Politoed|88/100 psn|[from] psn
|upkeep
|turn|4
|
|t:|1737758342
|switch|p2a: Ferrothorn|Ferrothorn, M|100/100
|move|p1a: Politoed|Hydro Pump|p2a: Ferrothorn
|-resisted|p2a: Ferrothorn
|-damage|p2a: Ferrothorn|60/100
|
|-weather|RainDance|[upkeep]
|-heal|p2a: Ferrothorn|66/100|[from] item: Leftovers
|-damage|p1a: Politoed|76/100 psn|[from] psn
|upkeep
|turn|5
|
|t:|1737758351
|switch|p1a: Breloom|Breloom, M|100/100
|-status|p1a: Breloom|psn
|move|p2a: Ferrothorn|Stealth Rock|p1a: Breloom
|-sidestart|p1: chundee galaxy|move: Stealth Rock
|
|-weather|RainDance|[upkeep]
|-heal|p2a: Ferrothorn|72/100|[from] item: Leftovers
|-damage|p1a: Breloom|88/100 psn|[from] psn
|upkeep
|turn|6
|
|t:|1737758363
|switch|p2a: Tentacruel|Tentacruel, F|100/100
|move|p1a: Breloom|Low Sweep|p2a: Tentacruel
|-resisted|p2a: Tentacruel
|-damage|p2a: Tentacruel|56/100
|-unboost|p2a: Tentacruel|spe|1
|
|-weather|RainDance|[upkeep]
|-heal|p2a: Tentacruel|62/100|[from] ability: Rain Dish
|-heal|p2a: Tentacruel|68/100|[from] item: Black Sludge
|-damage|p1a: Breloom|76/100 psn|[from] psn
|upkeep
|turn|7
|
|t:|1737758374
|switch|p1a: Metagross|Metagross|100/100
|-damage|p1a: Metagross|94/100|[from] Stealth Rock
|move|p2a: Tentacruel|Scald|p1a: Metagross
|-damage|p1a: Metagross|62/100
|
|-weather|RainDance|[upkeep]
|-heal|p2a: Tentacruel|74/100|[from] ability: Rain Dish
|-heal|p2a: Tentacruel|80/100|[from] item: Black Sludge
|upkeep
|turn|8
|
|t:|1737758395
|switch|p2a: Ferrothorn|Ferrothorn, M|72/100
|move|p1a: Metagross|Earthquake|p2a: Ferrothorn
|-damage|p2a: Ferrothorn|49/100
|
|-weather|RainDance|[upkeep]
|-heal|p2a: Ferrothorn|55/100|[from] item: Leftovers
|upkeep
|turn|9
|
|t:|1737758402
|move|p1a: Metagross|Stealth Rock|p2a: Ferrothorn
|-sidestart|p2: chomp29|move: Stealth Rock
|move|p2a: Ferrothorn|Leech Seed|p1a: Metagross
|-start|p1a: Metagross|move: Leech Seed
|
|-weather|RainDance|[upkeep]
|-heal|p2a: Ferrothorn|61/100|[from] item: Leftovers
|-damage|p1a: Metagross|50/100|[from] Leech Seed|[of] p2a: Ferrothorn
|-heal|p2a: Ferrothorn|74/100|[silent]
|upkeep
|turn|10
|
|t:|1737758409
|switch|p1a: Breloom|Breloom, M|76/100 psn
|-damage|p1a: Breloom|70/100 psn|[from] Stealth Rock
|move|p2a: Ferrothorn|Spikes|p1a: Breloom
|-sidestart|p1: chundee galaxy|Spikes
|
|-weather|RainDance|[upkeep]
|-heal|p2a: Ferrothorn|80/100|[from] item: Leftovers
|-damage|p1a: Breloom|58/100 psn|[from] psn
|upkeep
|turn|11
|
|t:|1737758421
|switch|p2a: Politoed|Politoed, M|100/100 par
|-damage|p2a: Politoed|88/100 par|[from] Stealth Rock
|move|p1a: Breloom|Low Sweep|p2a: Politoed
|-damage|p2a: Politoed|0 fnt
|faint|p2a: Politoed
|
|-weather|RainDance|[upkeep]
|-damage|p1a: Breloom|45/100 psn|[from] psn
|upkeep
|
|t:|1737758424
|switch|p2a: Tentacruel|Tentacruel, F|80/100
|-damage|p2a: Tentacruel|68/100|[from] Stealth Rock
|turn|12
|
|t:|1737758433
|move|p2a: Tentacruel|Rapid Spin|p1a: Breloom
|-damage|p1a: Breloom|41/100 psn
|-sideend|p2: chomp29|Stealth Rock|[from] move: Rapid Spin|[of] p2a: Tentacruel
|move|p1a: Breloom|Low Sweep|p2a: Tentacruel
|-resisted|p2a: Tentacruel
|-crit|p2a: Tentacruel
|-damage|p2a: Tentacruel|0 fnt
|faint|p2a: Tentacruel
|
|-weather|RainDance|[upkeep]
|-damage|p1a: Breloom|29/100 psn|[from] psn
|upkeep
|
|t:|1737758450
|switch|p2a: Tornadus|Tornadus, M|100/100
|turn|13
|
|t:|1737758455
|move|p2a: Tornadus|Hurricane|p1a: Breloom
|-supereffective|p1a: Breloom
|-damage|p1a: Breloom|0 fnt
|faint|p1a: Breloom
|
|-weather|RainDance|[upkeep]
|upkeep
|
|t:|1737758476
|switch|p1a: Metagross|Metagross|50/100
|-damage|p1a: Metagross|44/100|[from] Stealth Rock
|-damage|p1a: Metagross|31/100|[from] Spikes
|turn|14
|
|t:|1737758490
|move|p2a: Tornadus|Focus Blast|p1a: Metagross
|-damage|p1a: Metagross|0 fnt
|faint|p1a: Metagross
|
|-weather|RainDance|[upkeep]
|upkeep
|
|t:|1737758498
|switch|p1a: Politoed|Politoed, F|76/100 psn
|-damage|p1a: Politoed|64/100 psn|[from] Stealth Rock
|-damage|p1a: Politoed|51/100 psn|[from] Spikes
|turn|15
|
|t:|1737758503
|move|p2a: Tornadus|Protect|p2a: Tornadus
|-singleturn|p2a: Tornadus|Protect
|move|p1a: Politoed|Surf|p2a: Tornadus
|-activate|p2a: Tornadus|move: Protect
|
|-weather|RainDance|[upkeep]
|-damage|p1a: Politoed|39/100 psn|[from] psn
|upkeep
|turn|16
|
|t:|1737758516
|move|p2a: Tornadus|Hurricane|p1a: Politoed
|-damage|p1a: Politoed|0 fnt
|faint|p1a: Politoed
|
|-weather|RainDance|[upkeep]
|upkeep
|
|t:|1737758534
|switch|p1a: Gyarados|Gyarados, F|100/100
|-damage|p1a: Gyarados|76/100|[from] Stealth Rock
|turn|17
|
|t:|1737758538
|move|p1a: Gyarados|Waterfall|p2a: Tornadus
|-damage|p2a: Tornadus|5/100
|move|p2a: Tornadus|Hurricane|p1a: Gyarados
|-damage|p1a: Gyarados|9/100
|
|-weather|RainDance|[upkeep]
|-heal|p2a: Tornadus|11/100|[from] item: Leftovers
|upkeep
|turn|18
|
|t:|1737758547
|move|p2a: Tornadus|Protect|p2a: Tornadus
|-singleturn|p2a: Tornadus|Protect
|move|p1a: Gyarados|Waterfall|p2a: Tornadus
|-activate|p2a: Tornadus|move: Protect
|
|-weather|RainDance|[upkeep]
|-heal|p2a: Tornadus|17/100|[from] item: Leftovers
|upkeep
|turn|19
|
|t:|1737758554
|switch|p2a: Ferrothorn|Ferrothorn, M|80/100
|move|p1a: Gyarados|Waterfall|p2a: Ferrothorn
|-resisted|p2a: Ferrothorn
|-damage|p2a: Ferrothorn|60/100
|-damage|p1a: Gyarados|0 fnt|[from] ability: Iron Barbs|[of] p2a: Ferrothorn
|faint|p1a: Gyarados
|
|-weather|RainDance|[upkeep]
|-heal|p2a: Ferrothorn|66/100|[from] item: Leftovers
|upkeep
|
|t:|1737758563
|switch|p1a: Scizor|Scizor, F|100/100
|-damage|p1a: Scizor|88/100|[from] Stealth Rock
|-damage|p1a: Scizor|76/100|[from] Spikes
|turn|20
|
|t:|1737758568
|switch|p2a: Keldeo|Keldeo|100/100
|move|p1a: Scizor|Superpower|p2a: Keldeo
|-damage|p2a: Keldeo|61/100
|-unboost|p1a: Scizor|atk|1
|-unboost|p1a: Scizor|def|1
|
|-weather|RainDance|[upkeep]
|upkeep
|turn|21
|
|t:|1737758580
|switch|p1a: Keldeo|Keldeo|100/100
|-status|p1a: Keldeo|psn
|-damage|p1a: Keldeo|94/100 psn|[from] Stealth Rock
|-damage|p1a: Keldeo|82/100 psn|[from] Spikes
|move|p2a: Keldeo|Secret Sword|p1a: Keldeo
|-damage|p1a: Keldeo|29/100 psn
|
|-weather|RainDance|[upkeep]
|-damage|p1a: Keldeo|16/100 psn|[from] psn
|upkeep
|turn|22
|
|t:|1737758590
|switch|p2a: Ferrothorn|Ferrothorn, M|66/100
|move|p1a: Keldeo|Surf|p2a: Ferrothorn
|-resisted|p2a: Ferrothorn
|-damage|p2a: Ferrothorn|27/100
|
|-weather|RainDance|[upkeep]
|-heal|p2a: Ferrothorn|33/100|[from] item: Leftovers
|-damage|p1a: Keldeo|4/100 psn|[from] psn
|upkeep
|turn|23
|
|t:|1737758599
|move|p1a: Keldeo|Surf|p2a: Ferrothorn
|-resisted|p2a: Ferrothorn
|-damage|p2a: Ferrothorn|0 fnt
|faint|p2a: Ferrothorn
|
|-weather|RainDance|[upkeep]
|-damage|p1a: Keldeo|0 fnt|[from] psn
|faint|p1a: Keldeo
|upkeep
|c|☆chundee galaxy|ggwp
|
|t:|1737758606
|switch|p1a: Scizor|Scizor, F|76/100
|switch|p2a: Tornadus|Tornadus, M|17/100
|-damage|p1a: Scizor|63/100|[from] Stealth Rock
|-damage|p1a: Scizor|51/100|[from] Spikes
|turn|24
|
|t:|1737758614
|move|p1a: Scizor|Bullet Punch|p2a: Tornadus
|-damage|p2a: Tornadus|0 fnt
|faint|p2a: Tornadus
|
|-weather|RainDance|[upkeep]
|upkeep
|
|t:|1737758616
|switch|p2a: Keldeo|Keldeo|61/100
|turn|25
|
|t:|1737758620
|move|p1a: Scizor|Bullet Punch|p2a: Keldeo
|-resisted|p2a: Keldeo
|-damage|p2a: Keldeo|47/100
|move|p2a: Keldeo|Surf|p1a: Scizor
|-damage|p1a: Scizor|0 fnt
|faint|p1a: Scizor
|
|win|chomp29
|raw|chundee galaxy's rating: 1618 &rarr; <strong>1593</strong><br />(-25 for losing)
|raw|chomp29's rating: 1525 &rarr; <strong>1550</strong><br />(+25 for winning)
|c|☆chomp29|Gg
|c|☆chomp29|Thx
|l|☆chundee galaxy
|player|p1|
