|j|☆BWR Monai
|j|☆BWRZylvani
|t:|1719333612
|gametype|singles
|player|p1|BWR Monai|101|1464
|player|p2|BWRZylvani|beauty-gen2jp|1339
|teamsize|p1|6
|teamsize|p2|6
|gen|5
|tier|[Gen 5] OU
|rated|
|rule|Species Clause: Limit one of each Pokémon
|rule|OHKO Clause: OHKO moves are banned
|rule|Moody Clause: Moody is banned
|rule|Evasion Items Clause: Evasion items are banned
|rule|Evasion Moves Clause: Evasion moves are banned
|rule|Endless Battle Clause: Forcing endless battles is banned
|rule|HP Percentage Mod: HP is shown in percentages
|rule|Evasion Abilities Clause: Evasion abilities are banned
|rule|Sleep Moves Clause: Sleep-inducing moves are banned
|rule|Swagger Clause: Swagger is banned
|rule|Baton Pass Stat Clause: No Baton Passer may have a way to boost its stats
|clearpoke
|poke|p1|Politoed, M|item
|poke|p1|Starmie|item
|poke|p1|Ferrothorn, M|item
|poke|p1|Tornadus, M|item
|poke|p1|Dragonite, M|item
|poke|p1|Mamoswine, M|item
|poke|p2|Politoed, M|item
|poke|p2|Breloom, F|item
|poke|p2|Jirachi|item
|poke|p2|Starmie|item
|poke|p2|Thundurus-Therian, M|item
|poke|p2|Keldeo-Resolute|item
|teampreview
|
|t:|1719333629
|start
|switch|p1a: Ferrothorn|Ferrothorn, M|100/100
|switch|p2a: Breloom|Breloom, F|100/100
|turn|1
|
|t:|1719333636
|switch|p1a: Dragonite|Dragonite, M|100/100
|move|p2a: Breloom|Protect||[still]
|-fail|p2a: Breloom
|
|-status|p2a: Breloom|tox|[from] item: Toxic Orb
|upkeep
|turn|2
|
|t:|1719333643
|switch|p2a: Politoed|Politoed, M|100/100
|-weather|RainDance|[from] ability: Drizzle|[of] p2a: Politoed
|move|p1a: Dragonite|Dragon Claw|p2a: Politoed
|-damage|p2a: Politoed|44/100
|
|-weather|RainDance|[upkeep]
|-heal|p2a: Politoed|50/100|[from] item: Leftovers
|upkeep
|turn|3
|
|t:|1719333647
|move|p2a: Politoed|Protect|p2a: Politoed
|-singleturn|p2a: Politoed|Protect
|move|p1a: Dragonite|Dragon Claw|p2a: Politoed
|-activate|p2a: Politoed|move: Protect
|
|-weather|RainDance|[upkeep]
|-heal|p2a: Politoed|57/100|[from] item: Leftovers
|upkeep
|turn|4
|
|t:|1719333651
|switch|p1a: Ferrothorn|Ferrothorn, M|100/100
|switch|p2a: Jirachi|Jirachi|100/100
|
|-weather|RainDance|[upkeep]
|upkeep
|turn|5
|
|t:|1719333655
|move|p2a: Jirachi|Stealth Rock|p1a: Ferrothorn
|-sidestart|p1: BWR Monai|move: Stealth Rock
|move|p1a: Ferrothorn|Stealth Rock|p2a: Jirachi
|-sidestart|p2: BWRZylvani|move: Stealth Rock
|
|-weather|RainDance|[upkeep]
|upkeep
|turn|6
|
|t:|1719333657
|move|p2a: Jirachi|U-turn|p1a: Ferrothorn
|-damage|p1a: Ferrothorn|89/100
|-damage|p2a: Jirachi|88/100|[from] ability: Iron Barbs|[of] p1a: Ferrothorn
|
|t:|1719333659
|switch|p2a: Breloom|Breloom, F|100/100 tox|[from] U-turn
|-damage|p2a: Breloom|94/100 tox|[from] Stealth Rock
|move|p1a: Ferrothorn|Knock Off|p2a: Breloom
|-resisted|p2a: Breloom
|-damage|p2a: Breloom|90/100 tox
|-enditem|p2a: Breloom|Toxic Orb|[from] move: Knock Off|[of] p1a: Ferrothorn
|
|-weather|RainDance|[upkeep]
|-heal|p2a: Breloom|100/100 tox|[from] ability: Poison Heal
|upkeep
|turn|7
|
|t:|1719333669
|move|p2a: Breloom|Facade|p1a: Ferrothorn
|-resisted|p1a: Ferrothorn
|-damage|p1a: Ferrothorn|75/100
|-damage|p2a: Breloom|88/100 tox|[from] ability: Iron Barbs|[of] p1a: Ferrothorn
|move|p1a: Ferrothorn|Gyro Ball|p2a: Breloom
|-damage|p2a: Breloom|16/100 tox
|
|-weather|RainDance|[upkeep]
|-heal|p2a: Breloom|28/100 tox|[from] ability: Poison Heal
|upkeep
|turn|8
|
|t:|1719333678
|switch|p1a: Dragonite|Dragonite, M|100/100
|-damage|p1a: Dragonite|76/100|[from] Stealth Rock
|move|p2a: Breloom|Protect||[still]
|-fail|p2a: Breloom
|
|-weather|RainDance|[upkeep]
|-heal|p2a: Breloom|41/100 tox|[from] ability: Poison Heal
|upkeep
|turn|9
|
|t:|1719333682
|move|p2a: Breloom|Protect|p2a: Breloom
|-singleturn|p2a: Breloom|Protect
|move|p1a: Dragonite|Dragon Claw|p2a: Breloom
|-activate|p2a: Breloom|move: Protect
|
|-weather|RainDance|[upkeep]
|-heal|p2a: Breloom|53/100 tox|[from] ability: Poison Heal
|upkeep
|turn|10
|
|t:|1719333684
|switch|p2a: Jirachi|Jirachi|88/100
|-damage|p2a: Jirachi|82/100|[from] Stealth Rock
|move|p1a: Dragonite|Dragon Claw|p2a: Jirachi
|-resisted|p2a: Jirachi
|-damage|p2a: Jirachi|54/100
|
|-weather|RainDance|[upkeep]
|-heal|p2a: Jirachi|60/100|[from] item: Leftovers
|upkeep
|turn|11
|
|t:|1719333689
|move|p1a: Dragonite|Dragon Claw|p2a: Jirachi
|-resisted|p2a: Jirachi
|-damage|p2a: Jirachi|29/100
|move|p2a: Jirachi|U-turn|p1a: Dragonite
|-resisted|p1a: Dragonite
|-damage|p1a: Dragonite|68/100
|
|t:|1719333692
|switch|p2a: Thundurus|Thundurus-Therian, M|100/100|[from] U-turn
|-damage|p2a: Thundurus|76/100|[from] Stealth Rock
|
|-weather|RainDance|[upkeep]
|-heal|p2a: Thundurus|82/100|[from] item: Leftovers
|upkeep
|turn|12
|
|t:|1719333696
|switch|p1a: Mamoswine|Mamoswine, M|100/100
|-damage|p1a: Mamoswine|88/100|[from] Stealth Rock
|move|p2a: Thundurus|Substitute|p2a: Thundurus
|-start|p2a: Thundurus|Substitute
|-damage|p2a: Thundurus|57/100
|
|-weather|RainDance|[upkeep]
|-heal|p2a: Thundurus|63/100|[from] item: Leftovers
|upkeep
|turn|13
|
|t:|1719333699
|move|p1a: Mamoswine|Ice Shard|p2a: Thundurus
|-supereffective|p2a: Thundurus
|-crit|p2a: Thundurus
|-end|p2a: Thundurus|Substitute
|move|p2a: Thundurus|Focus Blast|p1a: Mamoswine
|-supereffective|p1a: Mamoswine
|-damage|p1a: Mamoswine|0 fnt
|faint|p1a: Mamoswine
|
|-weather|RainDance|[upkeep]
|-heal|p2a: Thundurus|69/100|[from] item: Leftovers
|upkeep
|
|t:|1719333703
|switch|p1a: Starmie|Starmie|100/100
|-damage|p1a: Starmie|88/100|[from] Stealth Rock
|-item|p1a: Starmie|Air Balloon
|turn|14
|
|t:|1719333709
|switch|p2a: Keldeo|Keldeo-Resolute|100/100
|-damage|p2a: Keldeo|94/100|[from] Stealth Rock
|move|p1a: Starmie|Hydro Pump|p2a: Keldeo
|-resisted|p2a: Keldeo
|-damage|p2a: Keldeo|48/100
|
|-weather|RainDance|[upkeep]
|upkeep
|turn|15
|
|t:|1719333712
|move|p2a: Keldeo|Hidden Power|p1a: Starmie
|-supereffective|p1a: Starmie
|-damage|p1a: Starmie|12/100
|-enditem|p1a: Starmie|Air Balloon
|move|p1a: Starmie|Thunder|p2a: Keldeo
|-supereffective|p2a: Keldeo
|-damage|p2a: Keldeo|0 fnt
|faint|p2a: Keldeo
|
|-weather|RainDance|[upkeep]
|upkeep
|
|t:|1719333717
|switch|p2a: Starmie|Starmie|100/100
|-damage|p2a: Starmie|88/100|[from] Stealth Rock
|-item|p2a: Starmie|Air Balloon
|turn|16
|
|t:|1719333721
|move|p2a: Starmie|Thunderbolt|p1a: Starmie
|-supereffective|p1a: Starmie
|-damage|p1a: Starmie|0 fnt
|faint|p1a: Starmie
|
|-weather|RainDance|[upkeep]
|upkeep
|
|t:|1719333722
|switch|p1a: Ferrothorn|Ferrothorn, M|75/100
|-damage|p1a: Ferrothorn|69/100|[from] Stealth Rock
|turn|17
|
|t:|1719333727
|switch|p2a: Politoed|Politoed, M|57/100
|-damage|p2a: Politoed|44/100|[from] Stealth Rock
|move|p1a: Ferrothorn|Power Whip|p2a: Politoed
|-supereffective|p2a: Politoed
|-damage|p2a: Politoed|0 fnt
|faint|p2a: Politoed
|
|-weather|RainDance|[upkeep]
|upkeep
|
|t:|1719333733
|switch|p2a: Breloom|Breloom, F|53/100 tox
|-damage|p2a: Breloom|47/100 tox|[from] Stealth Rock
|turn|18
|
|t:|1719333737
|switch|p1a: Politoed|Politoed, M|100/100
|-damage|p1a: Politoed|88/100|[from] Stealth Rock
|move|p2a: Breloom|Drain Punch|p1a: Politoed
|-damage|p1a: Politoed|50/100
|-heal|p2a: Breloom|68/100 tox|[from] drain|[of] p1a: Politoed
|
|-weather|RainDance|[upkeep]
|-heal|p2a: Breloom|81/100 tox|[from] ability: Poison Heal
|upkeep
|turn|19
|
|t:|1719333743
|move|p2a: Breloom|Protect|p2a: Breloom
|-singleturn|p2a: Breloom|Protect
|move|p1a: Politoed|Ice Beam|p2a: Breloom
|-activate|p2a: Breloom|move: Protect
|
|-weather|RainDance|[upkeep]
|-heal|p2a: Breloom|93/100 tox|[from] ability: Poison Heal
|upkeep
|turn|20
|
|t:|1719333758
|switch|p2a: Thundurus|Thundurus-Therian, M|69/100
|-damage|p2a: Thundurus|44/100|[from] Stealth Rock
|move|p1a: Politoed|Ice Beam|p2a: Thundurus
|-supereffective|p2a: Thundurus
|-damage|p2a: Thundurus|0 fnt
|faint|p2a: Thundurus
|
|-weather|RainDance|[upkeep]
|upkeep
|
|t:|1719333760
|switch|p2a: Jirachi|Jirachi|29/100
|-damage|p2a: Jirachi|23/100|[from] Stealth Rock
|turn|21
|
|t:|1719333765
|move|p2a: Jirachi|Thunder|p1a: Politoed
|-supereffective|p1a: Politoed
|-damage|p1a: Politoed|2/100
|move|p1a: Politoed|Ice Beam|p2a: Jirachi
|-resisted|p2a: Jirachi
|-damage|p2a: Jirachi|9/100
|
|-weather|RainDance|[upkeep]
|-heal|p2a: Jirachi|16/100|[from] item: Leftovers
|upkeep
|turn|22
|
|t:|1719333772
|switch|p1a: Ferrothorn|Ferrothorn, M|69/100
|-damage|p1a: Ferrothorn|63/100|[from] Stealth Rock
|move|p2a: Jirachi|Thunder|p1a: Ferrothorn
|-resisted|p1a: Ferrothorn
|-damage|p1a: Ferrothorn|52/100
|-status|p1a: Ferrothorn|par
|-enditem|p1a: Ferrothorn|Lum Berry|[eat]
|-curestatus|p1a: Ferrothorn|par|[msg]
|
|-weather|RainDance|[upkeep]
|-heal|p2a: Jirachi|22/100|[from] item: Leftovers
|upkeep
|turn|23
|
|t:|1719333775
|move|p2a: Jirachi|Thunder|p1a: Ferrothorn
|-resisted|p1a: Ferrothorn
|-damage|p1a: Ferrothorn|40/100
|-status|p1a: Ferrothorn|par
|cant|p1a: Ferrothorn|par
|
|-weather|RainDance|[upkeep]
|-heal|p2a: Jirachi|28/100|[from] item: Leftovers
|upkeep
|turn|24
|
|t:|1719333781
|move|p2a: Jirachi|Thunder|p1a: Ferrothorn
|-resisted|p1a: Ferrothorn
|-damage|p1a: Ferrothorn|30/100 par
|move|p1a: Ferrothorn|Gyro Ball|p2a: Jirachi
|-resisted|p2a: Jirachi
|-damage|p2a: Jirachi|3/100
|
|-weather|RainDance|[upkeep]
|-heal|p2a: Jirachi|9/100|[from] item: Leftovers
|upkeep
|turn|25
|
|t:|1719333788
|move|p2a: Jirachi|Thunder|p1a: Ferrothorn
|-resisted|p1a: Ferrothorn
|-damage|p1a: Ferrothorn|20/100 par
|move|p1a: Ferrothorn|Gyro Ball|p2a: Jirachi
|-resisted|p2a: Jirachi
|-damage|p2a: Jirachi|0 fnt
|faint|p2a: Jirachi
|
|-weather|RainDance|[upkeep]
|upkeep
|
|t:|1719333791
|switch|p2a: Breloom|Breloom, F|93/100 tox
|-damage|p2a: Breloom|87/100 tox|[from] Stealth Rock
|turn|26
|
|t:|1719333795
|switch|p1a: Politoed|Politoed, M|2/100
|-damage|p1a: Politoed|0 fnt|[from] Stealth Rock
|faint|p1a: Politoed
|move|p2a: Breloom|Drain Punch|p1: Politoed|[notarget]
|-fail|p2a: Breloom
|
|-weather|RainDance|[upkeep]
|-heal|p2a: Breloom|99/100 tox|[from] ability: Poison Heal
|upkeep
|
|t:|1719333798
|switch|p1a: Tornadus|Tornadus, M|100/100
|-damage|p1a: Tornadus|76/100|[from] Stealth Rock
|turn|27
|
|t:|1719333800
|move|p1a: Tornadus|Hurricane|p2a: Breloom
|-supereffective|p2a: Breloom
|-damage|p2a: Breloom|0 fnt
|faint|p2a: Breloom
|
|-weather|RainDance|[upkeep]
|upkeep
|
|t:|1719333801
|switch|p2a: Starmie|Starmie|88/100
|-damage|p2a: Starmie|76/100|[from] Stealth Rock
|-item|p2a: Starmie|Air Balloon
|turn|28
|
|t:|1719333804
|move|p1a: Tornadus|Tailwind|p1a: Tornadus
|-sidestart|p1: BWR Monai|move: Tailwind
|move|p2a: Starmie|Ice Beam|p1a: Tornadus
|-supereffective|p1a: Tornadus
|-damage|p1a: Tornadus|0 fnt
|faint|p1a: Tornadus
|
|-weather|RainDance|[upkeep]
|upkeep
|
|t:|1719333805
|switch|p1a: Dragonite|Dragonite, M|68/100
|-damage|p1a: Dragonite|43/100|[from] Stealth Rock
|turn|29
|c|☆BWRZylvani|gg
|
|t:|1719333809
|move|p1a: Dragonite|Outrage|p2a: Starmie
|-damage|p2a: Starmie|0 fnt
|-enditem|p2a: Starmie|Air Balloon
|faint|p2a: Starmie
|
|win|BWR Monai
|raw|BWR Monai's rating: 1464 &rarr; <strong>1477</strong><br />(+13 for winning)
|raw|BWRZylvani's rating: 1339 &rarr; <strong>1326</strong><br />(-13 for losing)
|l|☆BWRZylvani
|player|p2|
