|j|☆croaset
|j|‽kinetic koko
|t:|1711562878
|gametype|singles
|player|p1|croaset|elesa|1380
|player|p2|kinetic koko|169|1613
|teamsize|p1|6
|teamsize|p2|6
|gen|5
|tier|[Gen 5] OU
|rated|
|rule|Species Clause: Limit one of each Pokémon
|rule|OHKO Clause: OHKO moves are banned
|rule|Moody Clause: Moody is banned
|rule|Evasion Items Clause: Evasion items are banned
|rule|Evasion Moves Clause: Evasion moves are banned
|rule|Endless Battle Clause: Forcing endless battles is banned
|rule|HP Percentage Mod: HP is shown in percentages
|rule|Evasion Abilities Clause: Evasion abilities are banned
|rule|Sleep Moves Clause: Sleep-inducing moves are banned
|rule|Swagger Clause: Swagger is banned
|rule|Baton Pass Stat Clause: No Baton Passer may have a way to boost its stats
|clearpoke
|poke|p1|Tyranitar, F|item
|poke|p1|Excadrill, F|item
|poke|p1|Landorus-Therian, M|item
|poke|p1|Rotom-Wash|item
|poke|p1|Scizor, F|item
|poke|p1|Breloom, F|item
|poke|p2|Gliscor, M|item
|poke|p2|Jellicent, M|item
|poke|p2|Forretress, L99, M|item
|poke|p2|Reuniclus, M|item
|poke|p2|Blissey, F|item
|poke|p2|Tyranitar, M|item
|teampreview
|
|t:|1711562895
|start
|switch|p1a: Breloom|Breloom, F|100/100
|switch|p2a: Jellicent|Jellicent, M|100/100
|turn|1
|
|t:|1711562909
|switch|p1a: Rotom|Rotom-Wash|100/100
|switch|p2a: Gliscor|Gliscor, M|100/100
|
|-status|p2a: Gliscor|tox|[from] item: Toxic Orb
|upkeep
|turn|2
|j| BRUL3D
|
|t:|1711562915
|switch|p2a: Blissey|Blissey, F|100/100
|switch|p1a: Breloom|Breloom, F|100/100
|
|-status|p1a: Breloom|tox|[from] item: Toxic Orb
|upkeep
|turn|3
|inactive|Battle timer is ON: inactive players will automatically lose when time's up. (requested by croaset)
|inactive|kinetic koko has 120 seconds left.
|
|t:|1711562988
|switch|p2a: Gliscor|Gliscor, M|100/100 tox
|move|p1a: Breloom|Leech Seed|p2a: Gliscor
|-start|p2a: Gliscor|move: Leech Seed
|
|-damage|p2a: Gliscor|88/100 tox|[from] Leech Seed|[of] p1a: Breloom
|-heal|p2a: Gliscor|100/100 tox|[from] ability: Poison Heal
|upkeep
|turn|4
|
|t:|1711562996
|switch|p2a: Forretress|Forretress, L99, M|100/100
|move|p1a: Breloom|Swords Dance|p1a: Breloom
|-boost|p1a: Breloom|atk|2
|
|upkeep
|turn|5
|
|t:|1711563002
|switch|p2a: Gliscor|Gliscor, M|100/100 tox
|move|p1a: Breloom|Swords Dance|p1a: Breloom
|-boost|p1a: Breloom|atk|2
|
|upkeep
|turn|6
|
|t:|1711563008
|move|p2a: Gliscor|Facade|p1a: Breloom
|-damage|p1a: Breloom|65/100 tox
|move|p1a: Breloom|Leech Seed|p2a: Gliscor
|-start|p2a: Gliscor|move: Leech Seed
|
|-damage|p2a: Gliscor|88/100 tox|[from] Leech Seed|[of] p1a: Breloom
|-heal|p1a: Breloom|78/100 tox|[silent]
|-heal|p2a: Gliscor|100/100 tox|[from] ability: Poison Heal
|-heal|p1a: Breloom|91/100 tox|[from] ability: Poison Heal
|upkeep
|turn|7
|
|t:|1711563019
|switch|p2a: Jellicent|Jellicent, M|100/100
|move|p1a: Breloom|Swords Dance|p1a: Breloom
|-boost|p1a: Breloom|atk|2
|
|-heal|p1a: Breloom|100/100 tox|[from] ability: Poison Heal
|upkeep
|turn|8
|
|t:|1711563024
|move|p1a: Breloom|Seed Bomb|p2a: Jellicent
|-supereffective|p2a: Jellicent
|-damage|p2a: Jellicent|0 fnt
|faint|p2a: Jellicent
|
|upkeep
|-message|kinetic koko forfeited.
|
|win|croaset
|raw|croaset's rating: 1380 &rarr; <strong>1412</strong><br />(+32 for winning)
|raw|kinetic koko's rating: 1613 &rarr; <strong>1581</strong><br />(-32 for losing)
|l|‽kinetic koko
|player|p2|
