|j|☆big ups pal
|j|☆Hollywood Zero
|t:|1705966232
|gametype|singles
|player|p1|big ups pal|miku-ground|1296
|player|p2|Hollywood Zero|170|1384
|teamsize|p1|6
|teamsize|p2|6
|gen|5
|tier|[Gen 5] OU
|rated|
|rule|Species Clause: Limit one of each Pokémon
|rule|OHKO Clause: OHKO moves are banned
|rule|Moody Clause: Moody is banned
|rule|Evasion Items Clause: Evasion items are banned
|rule|Evasion Moves Clause: Evasion moves are banned
|rule|Endless Battle Clause: Forcing endless battles is banned
|rule|HP Percentage Mod: HP is shown in percentages
|rule|Evasion Abilities Clause: Evasion abilities are banned
|rule|Sleep Moves Clause: Sleep-inducing moves are banned
|rule|Swagger Clause: Swagger is banned
|rule|Baton Pass Stat Clause: No Baton Passer may have a way to boost its stats
|clearpoke
|poke|p1|Politoed, M|item
|poke|p1|Breloom, F|item
|poke|p1|Keldeo|item
|poke|p1|Tentacruel, F|item
|poke|p1|Thundurus-Therian, M|item
|poke|p1|Jirachi|item
|poke|p2|Tyranitar, M|item
|poke|p2|Rotom-Wash|item
|poke|p2|Landorus-Therian, M|item
|poke|p2|Excadrill, M|item
|poke|p2|Breloom, M|item
|poke|p2|Latios, M|item
|teampreview
|inactive|Battle timer is ON: inactive players will automatically lose when time's up. (requested by Hollywood Zero)
|
|t:|1705966266
|start
|switch|p1a: Jirachi|Jirachi|100/100
|switch|p2a: Rotom|Rotom-Wash|100/100
|turn|1
|
|t:|1705966284
|move|p1a: Jirachi|Protect|p1a: Jirachi
|-singleturn|p1a: Jirachi|Protect
|move|p2a: Rotom|Will-O-Wisp|p1a: Jirachi
|-activate|p1a: Jirachi|move: Protect
|
|upkeep
|turn|2
|
|t:|1705966301
|switch|p1a: Politoed|Politoed, M|100/100
|-weather|RainDance|[from] ability: Drizzle|[of] p1a: Politoed
|move|p2a: Rotom|Will-O-Wisp|p1a: Politoed
|-status|p1a: Politoed|brn
|
|-weather|RainDance|[upkeep]
|-damage|p1a: Politoed|88/100 brn|[from] brn
|upkeep
|turn|3
|
|t:|1705966308
|switch|p1a: Thundurus|Thundurus-Therian, M|100/100
|move|p2a: Rotom|Volt Switch|p1a: Thundurus
|-immune|p1a: Thundurus|[from] ability: Volt Absorb
|
|-weather|RainDance|[upkeep]
|upkeep
|turn|4
|
|t:|1705966311
|move|p1a: Thundurus|Substitute|p1a: Thundurus
|-start|p1a: Thundurus|Substitute
|-damage|p1a: Thundurus|76/100
|move|p2a: Rotom|Hydro Pump|p1a: Thundurus|[miss]
|-miss|p2a: Rotom|p1a: Thundurus
|
|-weather|RainDance|[upkeep]
|-heal|p1a: Thundurus|82/100|[from] item: Leftovers
|upkeep
|turn|5
|
|t:|1705966315
|move|p1a: Thundurus|Thunder|p2a: Rotom
|-damage|p2a: Rotom|48/100
|move|p2a: Rotom|Hydro Pump|p1a: Thundurus
|-end|p1a: Thundurus|Substitute
|
|-weather|RainDance|[upkeep]
|-heal|p1a: Thundurus|88/100|[from] item: Leftovers
|-heal|p2a: Rotom|54/100|[from] item: Leftovers
|upkeep
|turn|6
|inactive|big ups pal has 120 seconds left.
|
|t:|1705966354
|move|p1a: Thundurus|Thunder|p2a: Rotom
|-damage|p2a: Rotom|6/100
|move|p2a: Rotom|Hydro Pump|p1a: Thundurus
|-damage|p1a: Thundurus|6/100
|
|-weather|RainDance|[upkeep]
|-heal|p1a: Thundurus|12/100|[from] item: Leftovers
|-heal|p2a: Rotom|12/100|[from] item: Leftovers
|upkeep
|turn|7
|inactive|big ups pal has 120 seconds left.
|inactive|big ups pal has 90 seconds left.
|
|t:|1705966393
|switch|p2a: Latios|Latios, M|100/100
|move|p1a: Thundurus|Hidden Power|p2a: Latios
|-supereffective|p2a: Latios
|-damage|p2a: Latios|44/100
|
|-weather|RainDance|[upkeep]
|-heal|p1a: Thundurus|18/100|[from] item: Leftovers
|upkeep
|turn|8
|
|t:|1705966408
|switch|p1a: Jirachi|Jirachi|100/100
|move|p2a: Latios|Surf|p1a: Jirachi
|-damage|p1a: Jirachi|48/100
|
|-weather|RainDance|[upkeep]
|-heal|p1a: Jirachi|54/100|[from] item: Leftovers
|upkeep
|turn|9
|
|t:|1705966416
|switch|p2a: Landorus|Landorus-Therian, M|100/100
|-ability|p2a: Landorus|Intimidate|boost
|-unboost|p1a: Jirachi|atk|1
|move|p1a: Jirachi|Protect||[still]
|-fail|p1a: Jirachi
|
|-weather|RainDance|[upkeep]
|-heal|p1a: Jirachi|61/100|[from] item: Leftovers
|upkeep
|turn|10
|
|t:|1705966420
|move|p1a: Jirachi|Protect|p1a: Jirachi
|-singleturn|p1a: Jirachi|Protect
|move|p2a: Landorus|Stealth Rock|p1a: Jirachi
|-sidestart|p1: big ups pal|move: Stealth Rock
|
|-weather|RainDance|[upkeep]
|-heal|p1a: Jirachi|67/100|[from] item: Leftovers
|upkeep
|turn|11
|
|t:|1705966427
|switch|p1a: Breloom|Breloom, F|100/100
|-damage|p1a: Breloom|94/100|[from] Stealth Rock
|move|p2a: Landorus|U-turn|p1a: Breloom
|-damage|p1a: Breloom|63/100
|
|t:|1705966432
|switch|p2a: Latios|Latios, M|44/100|[from] U-turn
|
|-weather|RainDance|[upkeep]
|-status|p1a: Breloom|tox|[from] item: Toxic Orb
|upkeep
|turn|12
|
|t:|1705966439
|move|p1a: Breloom|Protect|p1a: Breloom
|-singleturn|p1a: Breloom|Protect
|move|p2a: Latios|Draco Meteor|p1a: Breloom
|-activate|p1a: Breloom|move: Protect
|
|-weather|RainDance|[upkeep]
|-heal|p1a: Breloom|76/100 tox|[from] ability: Poison Heal
|upkeep
|turn|13
|
|t:|1705966443
|switch|p1a: Jirachi|Jirachi|67/100
|-damage|p1a: Jirachi|61/100|[from] Stealth Rock
|move|p2a: Latios|Draco Meteor|p1a: Jirachi
|-resisted|p1a: Jirachi
|-damage|p1a: Jirachi|24/100
|-unboost|p2a: Latios|spa|2
|
|-weather|RainDance|[upkeep]
|-heal|p1a: Jirachi|30/100|[from] item: Leftovers
|upkeep
|turn|14
|
|t:|1705966451
|switch|p2a: Rotom|Rotom-Wash|12/100
|move|p1a: Jirachi|Stealth Rock|p2a: Rotom
|-sidestart|p2: Hollywood Zero|move: Stealth Rock
|
|-weather|RainDance|[upkeep]
|-heal|p1a: Jirachi|36/100|[from] item: Leftovers
|-heal|p2a: Rotom|18/100|[from] item: Leftovers
|upkeep
|turn|15
|
|t:|1705966466
|switch|p1a: Breloom|Breloom, F|76/100 tox
|-damage|p1a: Breloom|70/100 tox|[from] Stealth Rock
|move|p2a: Rotom|Pain Split|p1a: Breloom
|-sethp|p1a: Breloom|43/100 tox|[from] move: Pain Split|[silent]
|-sethp|p2a: Rotom|46/100|[from] move: Pain Split
|
|-weather|RainDance|[upkeep]
|-heal|p2a: Rotom|52/100|[from] item: Leftovers
|-heal|p1a: Breloom|56/100 tox|[from] ability: Poison Heal
|upkeep
|turn|16
|
|t:|1705966482
|switch|p2a: Landorus|Landorus-Therian, M|100/100
|-damage|p2a: Landorus|88/100|[from] Stealth Rock
|-ability|p2a: Landorus|Intimidate|boost
|-unboost|p1a: Breloom|atk|1
|move|p1a: Breloom|Protect||[still]
|-fail|p1a: Breloom
|
|-weather|RainDance|[upkeep]
|-heal|p2a: Landorus|94/100|[from] item: Leftovers
|-heal|p1a: Breloom|68/100 tox|[from] ability: Poison Heal
|upkeep
|turn|17
|
|t:|1705966486
|move|p1a: Breloom|Protect|p1a: Breloom
|-singleturn|p1a: Breloom|Protect
|move|p2a: Landorus|Hidden Power|p1a: Breloom
|-activate|p1a: Breloom|move: Protect
|
|-weather|RainDance|[upkeep]
|-heal|p2a: Landorus|99/100|[from] item: Leftovers
|-heal|p1a: Breloom|81/100 tox|[from] ability: Poison Heal
|upkeep
|turn|18
|
|t:|1705966494
|move|p2a: Landorus|Hidden Power|p1a: Breloom
|-supereffective|p1a: Breloom
|-damage|p1a: Breloom|46/100 tox
|move|p1a: Breloom|Swords Dance|p1a: Breloom
|-boost|p1a: Breloom|atk|2
|
|-weather|RainDance|[upkeep]
|-heal|p2a: Landorus|100/100|[from] item: Leftovers
|-heal|p1a: Breloom|59/100 tox|[from] ability: Poison Heal
|upkeep
|turn|19
|
|t:|1705966499
|move|p1a: Breloom|Protect|p1a: Breloom
|-singleturn|p1a: Breloom|Protect
|move|p2a: Landorus|U-turn|p1a: Breloom
|-activate|p1a: Breloom|move: Protect
|
|-weather|RainDance|[upkeep]
|-heal|p1a: Breloom|71/100 tox|[from] ability: Poison Heal
|upkeep
|turn|20
|
|t:|1705966511
|move|p2a: Landorus|U-turn|p1a: Breloom
|-damage|p1a: Breloom|44/100 tox
|
|t:|1705966515
|switch|p2a: Rotom|Rotom-Wash|52/100|[from] U-turn
|-damage|p2a: Rotom|39/100|[from] Stealth Rock
|move|p1a: Breloom|Drain Punch|p2a: Rotom
|-damage|p2a: Rotom|0 fnt
|-heal|p1a: Breloom|63/100 tox|[from] drain|[of] p2a: Rotom
|faint|p2a: Rotom
|
|-weather|RainDance|[upkeep]
|-heal|p1a: Breloom|75/100 tox|[from] ability: Poison Heal
|upkeep
|
|t:|1705966518
|switch|p2a: Latios|Latios, M|44/100
|-damage|p2a: Latios|32/100|[from] Stealth Rock
|turn|21
|j| MasterMega Muncher
|
|t:|1705966523
|move|p1a: Breloom|Protect|p1a: Breloom
|-singleturn|p1a: Breloom|Protect
|move|p2a: Latios|Draco Meteor|p1a: Breloom
|-activate|p1a: Breloom|move: Protect
|
|-weather|RainDance|[upkeep]
|-heal|p1a: Breloom|88/100 tox|[from] ability: Poison Heal
|upkeep
|turn|22
|
|t:|1705966530
|switch|p1a: Jirachi|Jirachi|36/100
|-damage|p1a: Jirachi|30/100|[from] Stealth Rock
|move|p2a: Latios|Draco Meteor|p1a: Jirachi
|-resisted|p1a: Jirachi
|-damage|p1a: Jirachi|0 fnt
|-unboost|p2a: Latios|spa|2
|faint|p1a: Jirachi
|
|-weather|RainDance|[upkeep]
|upkeep
|
|t:|1705966543
|switch|p1a: Tentacruel|Tentacruel, F|100/100
|-damage|p1a: Tentacruel|88/100|[from] Stealth Rock
|turn|23
|j| kingdra stan
|
|t:|1705966559
|switch|p2a: Tyranitar|Tyranitar, M|100/100
|-damage|p2a: Tyranitar|88/100|[from] Stealth Rock
|-weather|Sandstorm|[from] ability: Sand Stream|[of] p2a: Tyranitar
|move|p1a: Tentacruel|Toxic|p2a: Tyranitar
|-status|p2a: Tyranitar|tox
|
|-weather|Sandstorm|[upkeep]
|-damage|p1a: Tentacruel|82/100|[from] Sandstorm
|-heal|p1a: Tentacruel|88/100|[from] item: Black Sludge
|-damage|p2a: Tyranitar|82/100 tox|[from] psn
|upkeep
|turn|24
|l| MasterMega Muncher
|
|t:|1705966567
|move|p1a: Tentacruel|Protect|p1a: Tentacruel
|-singleturn|p1a: Tentacruel|Protect
|move|p2a: Tyranitar|Stone Edge|p1a: Tentacruel
|-activate|p1a: Tentacruel|move: Protect
|
|-weather|Sandstorm|[upkeep]
|-damage|p1a: Tentacruel|82/100|[from] Sandstorm
|-heal|p1a: Tentacruel|88/100|[from] item: Black Sludge
|-damage|p2a: Tyranitar|70/100 tox|[from] psn
|upkeep
|turn|25
|
|t:|1705966584
|switch|p1a: Politoed|Politoed, M|88/100 brn
|-damage|p1a: Politoed|75/100 brn|[from] Stealth Rock
|-weather|RainDance|[from] ability: Drizzle|[of] p1a: Politoed
|move|p2a: Tyranitar|Stone Edge|p1a: Politoed
|-damage|p1a: Politoed|11/100 brn
|
|-weather|RainDance|[upkeep]
|-heal|p1a: Politoed|17/100 brn|[from] item: Leftovers
|-damage|p2a: Tyranitar|51/100 tox|[from] psn
|-damage|p1a: Politoed|5/100 brn|[from] brn
|upkeep
|turn|26
|
|t:|1705966597
|switch|p2a: Landorus|Landorus-Therian, M|100/100
|-damage|p2a: Landorus|88/100|[from] Stealth Rock
|-ability|p2a: Landorus|Intimidate|boost
|-unboost|p1a: Politoed|atk|1
|move|p1a: Politoed|Refresh|p1a: Politoed
|-curestatus|p1a: Politoed|brn|[msg]
|
|-weather|RainDance|[upkeep]
|-heal|p2a: Landorus|94/100|[from] item: Leftovers
|-heal|p1a: Politoed|11/100|[from] item: Leftovers
|upkeep
|turn|27
|
|t:|1705966603
|move|p1a: Politoed|Protect|p1a: Politoed
|-singleturn|p1a: Politoed|Protect
|move|p2a: Landorus|Earthquake|p1a: Politoed
|-activate|p1a: Politoed|move: Protect
|
|-weather|RainDance|[upkeep]
|-heal|p2a: Landorus|99/100|[from] item: Leftovers
|-heal|p1a: Politoed|17/100|[from] item: Leftovers
|upkeep
|turn|28
|
|t:|1705966608
|switch|p1a: Breloom|Breloom, F|88/100 tox
|-damage|p1a: Breloom|81/100 tox|[from] Stealth Rock
|move|p2a: Landorus|U-turn|p1a: Breloom
|-damage|p1a: Breloom|53/100 tox
|
|t:|1705966614
|switch|p2a: Breloom|Breloom, M|100/100|[from] U-turn
|-damage|p2a: Breloom|94/100|[from] Stealth Rock
|
|-weather|RainDance|[upkeep]
|-heal|p1a: Breloom|66/100 tox|[from] ability: Poison Heal
|-status|p2a: Breloom|tox|[from] item: Toxic Orb
|upkeep
|turn|29
|
|t:|1705966625
|move|p2a: Breloom|Bulk Up|p2a: Breloom
|-boost|p2a: Breloom|atk|1
|-boost|p2a: Breloom|def|1
|move|p1a: Breloom|Swords Dance|p1a: Breloom
|-boost|p1a: Breloom|atk|2
|
|-weather|RainDance|[upkeep]
|-heal|p2a: Breloom|100/100 tox|[from] ability: Poison Heal
|-heal|p1a: Breloom|78/100 tox|[from] ability: Poison Heal
|upkeep
|turn|30
|
|t:|1705966635
|move|p2a: Breloom|Drain Punch|p1a: Breloom
|-damage|p1a: Breloom|17/100 tox
|move|p1a: Breloom|Drain Punch|p2a: Breloom
|-damage|p2a: Breloom|44/100 tox
|-heal|p1a: Breloom|45/100 tox|[from] drain|[of] p2a: Breloom
|
|-weather|RainDance|[upkeep]
|-heal|p2a: Breloom|56/100 tox|[from] ability: Poison Heal
|-heal|p1a: Breloom|58/100 tox|[from] ability: Poison Heal
|upkeep
|turn|31
|j| Neighthan Trainer
|
|t:|1705966641
|move|p2a: Breloom|Drain Punch|p1a: Breloom
|-damage|p1a: Breloom|0 fnt
|-heal|p2a: Breloom|85/100 tox|[from] drain|[of] p1a: Breloom
|faint|p1a: Breloom
|
|-weather|RainDance|[upkeep]
|-heal|p2a: Breloom|98/100 tox|[from] ability: Poison Heal
|upkeep
|
|t:|1705966665
|switch|p1a: Tentacruel|Tentacruel, F|88/100
|-damage|p1a: Tentacruel|76/100|[from] Stealth Rock
|turn|32
|
|t:|1705966669
|move|p1a: Tentacruel|Rapid Spin|p2a: Breloom
|-damage|p2a: Breloom|95/100 tox
|-sideend|p1: big ups pal|Stealth Rock|[from] move: Rapid Spin|[of] p1a: Tentacruel
|move|p2a: Breloom|Seed Bomb|p1a: Tentacruel
|-damage|p1a: Tentacruel|12/100
|
|-weather|RainDance|[upkeep]
|-heal|p1a: Tentacruel|18/100|[from] ability: Rain Dish
|-heal|p1a: Tentacruel|24/100|[from] item: Black Sludge
|-heal|p2a: Breloom|100/100 tox|[from] ability: Poison Heal
|upkeep
|turn|33
|
|t:|1705966682
|move|p1a: Tentacruel|Scald|p2a: Breloom
|-resisted|p2a: Breloom
|-damage|p2a: Breloom|82/100 tox
|move|p2a: Breloom|Seed Bomb|p1a: Tentacruel
|-damage|p1a: Tentacruel|0 fnt
|faint|p1a: Tentacruel
|
|-weather|RainDance|[upkeep]
|-heal|p2a: Breloom|94/100 tox|[from] ability: Poison Heal
|upkeep
|
|t:|1705966691
|switch|p1a: Thundurus|Thundurus-Therian, M|18/100
|turn|34
|
|t:|1705966694
|move|p1a: Thundurus|Hidden Power|p2a: Breloom
|-supereffective|p2a: Breloom
|-damage|p2a: Breloom|36/100 tox
|move|p2a: Breloom|Drain Punch|p1a: Thundurus
|-resisted|p1a: Thundurus
|-damage|p1a: Thundurus|0 fnt
|-heal|p2a: Breloom|45/100 tox|[from] drain|[of] p1a: Thundurus
|faint|p1a: Thundurus
|
|-weather|RainDance|[upkeep]
|-heal|p2a: Breloom|58/100 tox|[from] ability: Poison Heal
|upkeep
|
|t:|1705966710
|switch|p1a: Keldeo|Keldeo|100/100
|turn|35
|
|t:|1705966713
|move|p1a: Keldeo|Hidden Power|p2a: Breloom
|-supereffective|p2a: Breloom
|-damage|p2a: Breloom|0 fnt
|faint|p2a: Breloom
|
|-weather|RainDance|[upkeep]
|upkeep
|
|t:|1705966721
|switch|p2a: Latios|Latios, M|32/100
|-damage|p2a: Latios|20/100|[from] Stealth Rock
|turn|36
|
|t:|1705966737
|move|p1a: Keldeo|Hidden Power|p2a: Latios
|-supereffective|p2a: Latios
|-damage|p2a: Latios|0 fnt
|faint|p2a: Latios
|
|-weather|RainDance|[upkeep]
|upkeep
|
|t:|1705966750
|switch|p2a: Excadrill|Excadrill, M|100/100
|-damage|p2a: Excadrill|97/100|[from] Stealth Rock
|turn|37
|
|t:|1705966754
|switch|p1a: Politoed|Politoed, M|17/100
|move|p2a: Excadrill|Earthquake|p1a: Politoed
|-damage|p1a: Politoed|0 fnt
|faint|p1a: Politoed
|
|-weather|RainDance|[upkeep]
|upkeep
|
|t:|1705966756
|switch|p1a: Keldeo|Keldeo|100/100
|turn|38
|
|t:|1705966764
|switch|p2a: Tyranitar|Tyranitar, M|51/100 tox
|-damage|p2a: Tyranitar|39/100 tox|[from] Stealth Rock
|-weather|Sandstorm|[from] ability: Sand Stream|[of] p2a: Tyranitar
|move|p1a: Keldeo|Surf|p2a: Tyranitar
|-supereffective|p2a: Tyranitar
|-damage|p2a: Tyranitar|0 fnt
|faint|p2a: Tyranitar
|
|-weather|Sandstorm|[upkeep]
|-damage|p1a: Keldeo|94/100|[from] Sandstorm
|upkeep
|
|t:|1705966773
|switch|p2a: Excadrill|Excadrill, M|97/100
|-damage|p2a: Excadrill|94/100|[from] Stealth Rock
|turn|39
|
|t:|1705966776
|move|p1a: Keldeo|Surf|p2a: Excadrill
|-supereffective|p2a: Excadrill
|-damage|p2a: Excadrill|0 fnt
|faint|p2a: Excadrill
|
|-weather|Sandstorm|[upkeep]
|-damage|p1a: Keldeo|88/100|[from] Sandstorm
|upkeep
|
|t:|1705966779
|switch|p2a: Landorus|Landorus-Therian, M|99/100
|-damage|p2a: Landorus|88/100|[from] Stealth Rock
|-ability|p2a: Landorus|Intimidate|boost
|-unboost|p1a: Keldeo|atk|1
|turn|40
|
|t:|1705966782
|move|p1a: Keldeo|Surf|p2a: Landorus
|-supereffective|p2a: Landorus
|-damage|p2a: Landorus|0 fnt
|faint|p2a: Landorus
|
|win|big ups pal
|raw|big ups pal's rating: 1296 &rarr; <strong>1327</strong><br />(+31 for winning)
|raw|Hollywood Zero's rating: 1384 &rarr; <strong>1359</strong><br />(-25 for losing)
|l|☆Hollywood Zero
|player|p2|
|l| kingdra stan
