|j|☆Paltham
|j|☆Claude's Journey
|t:|1747683797
|gametype|singles
|player|p1|Paltham|265|1296
|player|p2|Claude's Journey|lass-gen1rb|1367
|teamsize|p1|6
|teamsize|p2|6
|gen|5
|tier|[Gen 5] OU
|rated|
|rule|Species Clause: Limit one of each Pokémon
|rule|OHKO Clause: OHKO moves are banned
|rule|Moody Clause: Moody is banned
|rule|Evasion Items Clause: Evasion items are banned
|rule|Evasion Moves Clause: Evasion moves are banned
|rule|Endless Battle Clause: Forcing endless battles is banned
|rule|HP Percentage Mod: HP is shown in percentages
|rule|Evasion Abilities Clause: Evasion abilities are banned
|rule|Sleep Moves Clause: Sleep-inducing moves are banned
|rule|Swagger Clause: Swagger is banned
|rule|Baton Pass Stat Clause: No Baton Passer may have a way to boost its stats
|clearpoke
|poke|p1|Landorus-Therian, M|item
|poke|p1|Alakazam, F|item
|poke|p1|Volcarona, F|item
|poke|p1|Starmie|item
|poke|p1|Politoed, M|item
|poke|p1|Latios, M|item
|poke|p2|Politoed, F|item
|poke|p2|Ferrothorn, M|item
|poke|p2|Zapdos|item
|poke|p2|Scizor, F|item
|poke|p2|Garchomp, M|item
|poke|p2|Tentacruel, F|item
|teampreview
|inactive|Battle timer is ON: inactive players will automatically lose when time's up. (requested by Paltham)
|
|t:|1747683805
|start
|switch|p1a: Ladder Terrorist|Landorus-Therian, M|100/100
|switch|p2a: Politoed|Politoed, F|100/100
|-ability|p1a: Ladder Terrorist|Intimidate|boost
|-unboost|p2a: Politoed|atk|1
|-weather|RainDance|[from] ability: Drizzle|[of] p2a: Politoed
|turn|1
|
|t:|1747683816
|move|p1a: Ladder Terrorist|Stealth Rock|p2a: Politoed
|-sidestart|p2: Claude's Journey|move: Stealth Rock
|move|p2a: Politoed|Scald|p1a: Ladder Terrorist
|-supereffective|p1a: Ladder Terrorist
|-damage|p1a: Ladder Terrorist|10/100
|
|-weather|RainDance|[upkeep]
|-heal|p1a: Ladder Terrorist|16/100|[from] item: Leftovers
|upkeep
|turn|2
|
|t:|1747683830
|move|p2a: Politoed|Protect|p2a: Politoed
|-singleturn|p2a: Politoed|Protect
|move|p1a: Ladder Terrorist|U-turn|p2a: Politoed
|-activate|p2a: Politoed|move: Protect
|
|-weather|RainDance|[upkeep]
|-heal|p1a: Ladder Terrorist|22/100|[from] item: Leftovers
|upkeep
|turn|3
|
|t:|1747683854
|move|p1a: Ladder Terrorist|U-turn|p2a: Politoed
|-damage|p2a: Politoed|83/100
|
|t:|1747683862
|switch|p1a: The Drizzler|Politoed, M, shiny|100/100|[from] U-turn
|move|p2a: Politoed|Scald|p1a: The Drizzler
|-resisted|p1a: The Drizzler
|-damage|p1a: The Drizzler|81/100
|
|-weather|RainDance|[upkeep]
|-heal|p2a: Politoed|89/100|[from] item: Leftovers
|upkeep
|turn|4
|inactive|Paltham has 120 seconds left.
|
|t:|1747683880
|move|p2a: Politoed|Protect|p2a: Politoed
|-singleturn|p2a: Politoed|Protect
|move|p1a: The Drizzler|Hidden Power|p2a: Politoed
|-activate|p2a: Politoed|move: Protect
|
|-weather|RainDance|[upkeep]
|-heal|p2a: Politoed|96/100|[from] item: Leftovers
|upkeep
|turn|5
|inactive|Paltham has 120 seconds left.
|inactive|Claude's Journey has 120 seconds left.
|
|t:|1747683912
|switch|p2a: Ferrothorn|Ferrothorn, M|100/100
|-damage|p2a: Ferrothorn|94/100|[from] Stealth Rock
|move|p1a: The Drizzler|Hidden Power|p2a: Ferrothorn
|-resisted|p2a: Ferrothorn
|-crit|p2a: Ferrothorn
|-damage|p2a: Ferrothorn|85/100
|
|-weather|RainDance|[upkeep]
|upkeep
|turn|6
|inactive|Paltham has 120 seconds left.
|
|t:|1747683951
|switch|p1a: Ladder Terrorist|Landorus-Therian, M|22/100
|-ability|p1a: Ladder Terrorist|Intimidate|boost
|-unboost|p2a: Ferrothorn|atk|1
|move|p2a: Ferrothorn|Stealth Rock|p1a: Ladder Terrorist
|-sidestart|p1: Paltham|move: Stealth Rock
|
|-weather|RainDance|[upkeep]
|-heal|p1a: Ladder Terrorist|28/100|[from] item: Leftovers
|upkeep
|turn|7
|inactive|Claude's Journey has 120 seconds left.
|
|t:|1747683990
|move|p1a: Ladder Terrorist|Earthquake|p2a: Ferrothorn
|-damage|p2a: Ferrothorn|50/100
|move|p2a: Ferrothorn|Power Whip|p1a: Ladder Terrorist
|-damage|p1a: Ladder Terrorist|3/100
|
|-weather|RainDance|[upkeep]
|-heal|p1a: Ladder Terrorist|9/100|[from] item: Leftovers
|upkeep
|turn|8
|
|t:|1747684005
|move|p1a: Ladder Terrorist|Earthquake|p2a: Ferrothorn
|-damage|p2a: Ferrothorn|12/100
|move|p2a: Ferrothorn|Power Whip|p1a: Ladder Terrorist
|-damage|p1a: Ladder Terrorist|0 fnt
|faint|p1a: Ladder Terrorist
|
|-weather|RainDance|[upkeep]
|upkeep
|inactive|Paltham has 90 seconds left.
|
|t:|1747684015
|switch|p1a: Iem a Star|Starmie|100/100
|-damage|p1a: Iem a Star|88/100|[from] Stealth Rock
|-item|p1a: Iem a Star|Air Balloon
|turn|9
|inactive|Claude's Journey has 120 seconds left.
|
|t:|1747684026
|move|p1a: Iem a Star|Ice Beam|p2a: Ferrothorn
|-damage|p2a: Ferrothorn|0 fnt
|faint|p2a: Ferrothorn
|
|-weather|RainDance|[upkeep]
|upkeep
|
|t:|1747684041
|switch|p2a: Scizor|Scizor, F|100/100
|-damage|p2a: Scizor|88/100|[from] Stealth Rock
|-item|p2a: Scizor|Air Balloon
|turn|10
|
|t:|1747684054
|move|p1a: Iem a Star|Hydro Pump|p2a: Scizor
|-damage|p2a: Scizor|0 fnt
|-enditem|p2a: Scizor|Air Balloon
|faint|p2a: Scizor
|
|-weather|RainDance|[upkeep]
|upkeep
|-message|Claude's Journey forfeited.
|
|win|Paltham
|raw|Paltham's rating: 1296 &rarr; <strong>1326</strong><br />(+30 for winning)
|raw|Claude&apos;s Journey's rating: 1367 &rarr; <strong>1343</strong><br />(-24 for losing)
|l|☆Claude's Journey
|player|p2|
