|j|☆SwordIsBored
|j|☆feiting
|t:|1744387293
|gametype|singles
|player|p1|SwordIsBored|irida|1422
|player|p2|feiting|sabrina|1432
|teamsize|p1|6
|teamsize|p2|6
|gen|5
|tier|[Gen 5] OU
|rated|
|rule|Species Clause: Limit one of each Pokémon
|rule|OHKO Clause: OHKO moves are banned
|rule|Moody Clause: Moody is banned
|rule|Evasion Items Clause: Evasion items are banned
|rule|Evasion Moves Clause: Evasion moves are banned
|rule|Endless Battle Clause: Forcing endless battles is banned
|rule|HP Percentage Mod: HP is shown in percentages
|rule|Evasion Abilities Clause: Evasion abilities are banned
|rule|Sleep Moves Clause: Sleep-inducing moves are banned
|rule|Swagger Clause: Swagger is banned
|rule|Baton Pass Stat Clause: No Baton Passer may have a way to boost its stats
|clearpoke
|poke|p1|Tyranitar, M|item
|poke|p1|Celebi|item
|poke|p1|Latios, M|item
|poke|p1|Excadrill, M|item
|poke|p1|Garchomp, F|item
|poke|p1|Rotom-Wash|item
|poke|p2|Jirachi|item
|poke|p2|Kyurem|item
|poke|p2|Landorus-Therian, M|item
|poke|p2|Keldeo-Resolute|item
|poke|p2|Starmie|item
|poke|p2|Scizor, M|item
|teampreview
|c|☆SwordIsBored|glhf
|
|t:|1744387331
|start
|switch|p1a: Rotom|Rotom-Wash|100/100
|switch|p2a: Jirachi|Jirachi|100/100
|turn|1
|
|t:|1744387337
|move|p2a: Jirachi|Protect|p2a: Jirachi
|-singleturn|p2a: Jirachi|Protect
|move|p1a: Rotom|Will-O-Wisp|p2a: Jirachi
|-activate|p2a: Jirachi|move: Protect
|
|upkeep
|turn|2
|
|t:|1744387344
|switch|p2a: Starmie|Starmie|100/100
|move|p1a: Rotom|Will-O-Wisp|p2a: Starmie
|-status|p2a: Starmie|brn
|
|-damage|p2a: Starmie|88/100 brn|[from] brn
|upkeep
|turn|3
|
|t:|1744387356
|switch|p1a: Tyranitar|Tyranitar, M|100/100
|-weather|Sandstorm|[from] ability: Sand Stream|[of] p1a: Tyranitar
|move|p2a: Starmie|Toxic|p1a: Tyranitar
|-status|p1a: Tyranitar|tox
|
|-weather|Sandstorm|[upkeep]
|-damage|p2a: Starmie|82/100 brn|[from] Sandstorm
|-heal|p2a: Starmie|88/100 brn|[from] item: Leftovers
|-damage|p1a: Tyranitar|94/100 tox|[from] psn
|-damage|p2a: Starmie|76/100 brn|[from] brn
|upkeep
|turn|4
|
|t:|1744387380
|move|p2a: Starmie|Scald|p1a: Tyranitar
|-supereffective|p1a: Tyranitar
|-damage|p1a: Tyranitar|69/100 tox
|move|p1a: Tyranitar|Pursuit|p2a: Starmie
|-supereffective|p2a: Starmie
|-crit|p2a: Starmie
|-damage|p2a: Starmie|12/100 brn
|
|-weather|Sandstorm|[upkeep]
|-damage|p2a: Starmie|6/100 brn|[from] Sandstorm
|-heal|p2a: Starmie|12/100 brn|[from] item: Leftovers
|-damage|p1a: Tyranitar|57/100 tox|[from] psn
|-damage|p2a: Starmie|0 fnt|[from] brn
|faint|p2a: Starmie
|upkeep
|
|t:|1744387394
|switch|p2a: Scizor|Scizor, M|100/100
|turn|5
|
|t:|1744387411
|switch|p1a: Rotom|Rotom-Wash|100/100
|move|p2a: Scizor|U-turn|p1a: Rotom
|-damage|p1a: Rotom|44/100
|
|t:|1744387416
|switch|p2a: Kyurem|Kyurem|100/100|[from] U-turn
|-ability|p2a: Kyurem|Pressure
|
|-weather|Sandstorm|[upkeep]
|-damage|p2a: Kyurem|94/100|[from] Sandstorm
|-damage|p1a: Rotom|38/100|[from] Sandstorm
|-heal|p2a: Kyurem|100/100|[from] item: Leftovers
|-heal|p1a: Rotom|44/100|[from] item: Leftovers
|upkeep
|turn|6
|
|t:|1744387428
|move|p2a: Kyurem|Substitute|p2a: Kyurem
|-start|p2a: Kyurem|Substitute
|-damage|p2a: Kyurem|76/100
|move|p1a: Rotom|Volt Switch|p2a: Kyurem
|-resisted|p2a: Kyurem
|-activate|p2a: Kyurem|Substitute|[damage]
|
|t:|1744387434
|switch|p1a: Tyranitar|Tyranitar, M|57/100 tox|[from] Volt Switch
|
|-weather|Sandstorm|[upkeep]
|-damage|p2a: Kyurem|69/100|[from] Sandstorm
|-heal|p2a: Kyurem|76/100|[from] item: Leftovers
|-damage|p1a: Tyranitar|50/100 tox|[from] psn
|upkeep
|turn|7
|
|t:|1744387443
|move|p2a: Kyurem|Earth Power|p1a: Tyranitar
|-supereffective|p1a: Tyranitar
|-damage|p1a: Tyranitar|21/100 tox
|move|p1a: Tyranitar|Crunch|p2a: Kyurem
|-end|p2a: Kyurem|Substitute
|
|-weather|Sandstorm|[upkeep]
|-damage|p2a: Kyurem|69/100|[from] Sandstorm
|-heal|p2a: Kyurem|76/100|[from] item: Leftovers
|-damage|p1a: Tyranitar|9/100 tox|[from] psn
|upkeep
|turn|8
|
|t:|1744387456
|move|p2a: Kyurem|Substitute|p2a: Kyurem
|-start|p2a: Kyurem|Substitute
|-damage|p2a: Kyurem|51/100
|move|p1a: Tyranitar|Crunch|p2a: Kyurem
|-end|p2a: Kyurem|Substitute
|
|-weather|Sandstorm|[upkeep]
|-damage|p2a: Kyurem|44/100|[from] Sandstorm
|-heal|p2a: Kyurem|51/100|[from] item: Leftovers
|-damage|p1a: Tyranitar|0 fnt|[from] psn
|faint|p1a: Tyranitar
|upkeep
|
|t:|1744387459
|switch|p1a: Excadrill|Excadrill, M|100/100
|turn|9
|
|t:|1744387472
|switch|p2a: Landorus|Landorus-Therian, M|100/100
|-ability|p2a: Landorus|Intimidate|boost
|-unboost|p1a: Excadrill|atk|1
|move|p1a: Excadrill|Iron Head|p2a: Landorus
|-damage|p2a: Landorus|59/100
|-damage|p1a: Excadrill|84/100|[from] item: Rocky Helmet|[of] p2a: Landorus
|
|-weather|Sandstorm|[upkeep]
|upkeep
|turn|10
|
|t:|1744387483
|switch|p1a: Rotom|Rotom-Wash|44/100
|move|p2a: Landorus|Stealth Rock|p1a: Rotom
|-sidestart|p1: SwordIsBored|move: Stealth Rock
|
|-weather|Sandstorm|[upkeep]
|-damage|p1a: Rotom|38/100|[from] Sandstorm
|-heal|p1a: Rotom|44/100|[from] item: Leftovers
|upkeep
|turn|11
|
|t:|1744387494
|move|p2a: Landorus|U-turn|p1a: Rotom
|-damage|p1a: Rotom|24/100
|
|t:|1744387498
|switch|p2a: Keldeo|Keldeo-Resolute|100/100|[from] U-turn
|move|p1a: Rotom|Volt Switch|p2a: Keldeo
|-supereffective|p2a: Keldeo
|-damage|p2a: Keldeo|42/100
|
|t:|1744387523
|switch|p1a: Celebi|Celebi|100/100|[from] Volt Switch
|-damage|p1a: Celebi|88/100|[from] Stealth Rock
|
|-weather|Sandstorm|[upkeep]
|-damage|p2a: Keldeo|36/100|[from] Sandstorm
|-damage|p1a: Celebi|82/100|[from] Sandstorm
|-heal|p1a: Celebi|88/100|[from] item: Leftovers
|upkeep
|turn|12
|
|t:|1744387533
|switch|p2a: Jirachi|Jirachi|100/100
|move|p1a: Celebi|Hidden Power|p2a: Jirachi
|-supereffective|p2a: Jirachi
|-damage|p2a: Jirachi|74/100
|
|-weather|Sandstorm|[upkeep]
|-damage|p1a: Celebi|82/100|[from] Sandstorm
|-heal|p1a: Celebi|88/100|[from] item: Leftovers
|-heal|p2a: Jirachi|80/100|[from] item: Leftovers
|upkeep
|turn|13
|
|t:|1744387545
|switch|p1a: Garchomp|Garchomp, F|100/100
|-damage|p1a: Garchomp|94/100|[from] Stealth Rock
|move|p2a: Jirachi|Body Slam|p1a: Garchomp
|-damage|p1a: Garchomp|76/100
|-damage|p2a: Jirachi|68/100|[from] ability: Rough Skin|[of] p1a: Garchomp
|
|-weather|Sandstorm|[upkeep]
|-heal|p2a: Jirachi|74/100|[from] item: Leftovers
|upkeep
|turn|14
|j| Shweinerei
|
|t:|1744387557
|switch|p2a: Landorus|Landorus-Therian, M|59/100
|-ability|p2a: Landorus|Intimidate|boost
|-unboost|p1a: Garchomp|atk|1
|move|p1a: Garchomp|Stealth Rock|p2a: Landorus
|-sidestart|p2: feiting|move: Stealth Rock
|
|-weather|Sandstorm|[upkeep]
|upkeep
|turn|15
|
|t:|1744387569
|move|p1a: Garchomp|Outrage|p2a: Landorus
|-damage|p2a: Landorus|2/100
|-damage|p1a: Garchomp|60/100|[from] item: Rocky Helmet|[of] p2a: Landorus
|-damage|p1a: Garchomp|50/100|[from] item: Life Orb
|move|p2a: Landorus|Hidden Power|p1a: Garchomp
|-supereffective|p1a: Garchomp
|-damage|p1a: Garchomp|0 fnt
|faint|p1a: Garchomp
|
|-weather|Sandstorm|[upkeep]
|upkeep
|
|t:|1744387585
|switch|p1a: Latios|Latios, M|100/100
|-damage|p1a: Latios|88/100|[from] Stealth Rock
|turn|16
|
|t:|1744387589
|move|p1a: Latios|Surf|p2a: Landorus
|-supereffective|p2a: Landorus
|-damage|p2a: Landorus|0 fnt
|faint|p2a: Landorus
|
|-weather|Sandstorm|[upkeep]
|-damage|p1a: Latios|82/100|[from] Sandstorm
|upkeep
|
|t:|1744387598
|switch|p2a: Kyurem|Kyurem|51/100
|-damage|p2a: Kyurem|26/100|[from] Stealth Rock
|-ability|p2a: Kyurem|Pressure
|turn|17
|
|t:|1744387624
|move|p1a: Latios|Surf|p2a: Kyurem
|-resisted|p2a: Kyurem
|-damage|p2a: Kyurem|4/100
|move|p2a: Kyurem|Roost|p2a: Kyurem
|-heal|p2a: Kyurem|54/100
|-singleturn|p2a: Kyurem|move: Roost
|
|-weather|Sandstorm|[upkeep]
|-damage|p1a: Latios|76/100|[from] Sandstorm
|-damage|p2a: Kyurem|48/100|[from] Sandstorm
|-heal|p2a: Kyurem|54/100|[from] item: Leftovers
|upkeep
|turn|18
|
|t:|1744387635
|move|p1a: Latios|Surf|p2a: Kyurem
|-resisted|p2a: Kyurem
|-damage|p2a: Kyurem|30/100
|move|p2a: Kyurem|Ice Beam|p1a: Latios
|-supereffective|p1a: Latios
|-damage|p1a: Latios|0 fnt
|faint|p1a: Latios
|
|-weather|Sandstorm|[upkeep]
|-damage|p2a: Kyurem|24/100|[from] Sandstorm
|-heal|p2a: Kyurem|30/100|[from] item: Leftovers
|upkeep
|
|t:|1744387642
|switch|p1a: Excadrill|Excadrill, M|84/100
|-damage|p1a: Excadrill|81/100|[from] Stealth Rock
|turn|19
|
|t:|1744387650
|move|p1a: Excadrill|Earthquake|p2a: Kyurem
|-damage|p2a: Kyurem|0 fnt
|faint|p2a: Kyurem
|
|-weather|Sandstorm|[upkeep]
|upkeep
|
|t:|1744387657
|switch|p2a: Keldeo|Keldeo-Resolute|36/100
|-damage|p2a: Keldeo|30/100|[from] Stealth Rock
|turn|20
|
|t:|1744387665
|switch|p1a: Celebi|Celebi|88/100
|-damage|p1a: Celebi|76/100|[from] Stealth Rock
|move|p2a: Keldeo|Surf|p1a: Celebi
|-resisted|p1a: Celebi
|-damage|p1a: Celebi|51/100
|
|-weather|Sandstorm|[upkeep]
|-damage|p2a: Keldeo|24/100|[from] Sandstorm
|-damage|p1a: Celebi|45/100|[from] Sandstorm
|-heal|p1a: Celebi|51/100|[from] item: Leftovers
|upkeep
|turn|21
|
|t:|1744387677
|switch|p2a: Jirachi|Jirachi|74/100
|-damage|p2a: Jirachi|68/100|[from] Stealth Rock
|move|p1a: Celebi|Hidden Power|p2a: Jirachi
|-supereffective|p2a: Jirachi
|-damage|p2a: Jirachi|42/100
|
|-weather|Sandstorm|[upkeep]
|-damage|p1a: Celebi|45/100|[from] Sandstorm
|-heal|p1a: Celebi|51/100|[from] item: Leftovers
|-heal|p2a: Jirachi|49/100|[from] item: Leftovers
|upkeep
|turn|22
|
|t:|1744387690
|move|p1a: Celebi|Recover|p1a: Celebi
|-heal|p1a: Celebi|100/100
|move|p2a: Jirachi|Body Slam|p1a: Celebi
|-damage|p1a: Celebi|82/100
|-status|p1a: Celebi|par
|
|-weather|Sandstorm|[upkeep]
|-damage|p1a: Celebi|75/100 par|[from] Sandstorm
|-heal|p2a: Jirachi|55/100|[from] item: Leftovers
|-heal|p1a: Celebi|82/100 par|[from] item: Leftovers
|upkeep
|turn|23
|
|t:|1744387702
|move|p2a: Jirachi|Body Slam|p1a: Celebi
|-damage|p1a: Celebi|63/100 par
|move|p1a: Celebi|Hidden Power|p2a: Jirachi
|-supereffective|p2a: Jirachi
|-damage|p2a: Jirachi|30/100
|
|-weather|Sandstorm|[upkeep]
|-damage|p1a: Celebi|57/100 par|[from] Sandstorm
|-heal|p2a: Jirachi|36/100|[from] item: Leftovers
|-heal|p1a: Celebi|63/100 par|[from] item: Leftovers
|upkeep
|turn|24
|
|t:|1744387713
|move|p2a: Jirachi|Wish|p2a: Jirachi
|move|p1a: Celebi|Hidden Power|p2a: Jirachi
|-supereffective|p2a: Jirachi
|-damage|p2a: Jirachi|13/100
|
|-weather|Sandstorm|[upkeep]
|-damage|p1a: Celebi|57/100 par|[from] Sandstorm
|-heal|p2a: Jirachi|19/100|[from] item: Leftovers
|-heal|p1a: Celebi|63/100 par|[from] item: Leftovers
|upkeep
|turn|25
|
|t:|1744387724
|-curestatus|p1a: Celebi|par|[from] ability: Natural Cure
|switch|p1a: Excadrill|Excadrill, M|81/100
|-damage|p1a: Excadrill|78/100|[from] Stealth Rock
|move|p2a: Jirachi|Iron Head|p1a: Excadrill
|-resisted|p1a: Excadrill
|-damage|p1a: Excadrill|60/100
|
|-weather|Sandstorm|[upkeep]
|-heal|p2a: Jirachi|69/100|[from] move: Wish|[wisher] Jirachi
|-heal|p2a: Jirachi|75/100|[from] item: Leftovers
|upkeep
|turn|26
|
|t:|1744387737
|move|p2a: Jirachi|Protect|p2a: Jirachi
|-singleturn|p2a: Jirachi|Protect
|move|p1a: Excadrill|Earthquake|p2a: Jirachi
|-activate|p2a: Jirachi|move: Protect
|
|-weather|Sandstorm|[upkeep]
|-heal|p2a: Jirachi|81/100|[from] item: Leftovers
|upkeep
|turn|27
|
|t:|1744387747
|switch|p2a: Keldeo|Keldeo-Resolute|24/100
|-damage|p2a: Keldeo|18/100|[from] Stealth Rock
|move|p1a: Excadrill|Earthquake|p2a: Keldeo
|-damage|p2a: Keldeo|0 fnt
|faint|p2a: Keldeo
|
|-weather|Sandstorm|[upkeep]
|upkeep
|
|t:|1744387757
|switch|p2a: Scizor|Scizor, M|100/100
|-damage|p2a: Scizor|88/100|[from] Stealth Rock
|turn|28
|
|t:|1744387766
|move|p1a: Excadrill|Earthquake|p2a: Scizor
|-damage|p2a: Scizor|14/100
|move|p2a: Scizor|U-turn|p1a: Excadrill
|-resisted|p1a: Excadrill
|-damage|p1a: Excadrill|18/100
|
|t:|1744387772
|switch|p2a: Jirachi|Jirachi|81/100|[from] U-turn
|-damage|p2a: Jirachi|75/100|[from] Stealth Rock
|
|-weather|Sandstorm|[upkeep]
|-heal|p2a: Jirachi|81/100|[from] item: Leftovers
|upkeep
|turn|29
|
|t:|1744387780
|move|p2a: Jirachi|Protect|p2a: Jirachi
|-singleturn|p2a: Jirachi|Protect
|move|p1a: Excadrill|Earthquake|p2a: Jirachi
|-activate|p2a: Jirachi|move: Protect
|
|-weather|Sandstorm|[upkeep]
|-heal|p2a: Jirachi|88/100|[from] item: Leftovers
|upkeep
|turn|30
|
|t:|1744387788
|move|p1a: Excadrill|Earthquake|p2a: Jirachi
|-supereffective|p2a: Jirachi
|-damage|p2a: Jirachi|0 fnt
|faint|p2a: Jirachi
|
|-weather|Sandstorm|[upkeep]
|upkeep
|
|t:|1744387795
|switch|p2a: Scizor|Scizor, M|14/100
|-damage|p2a: Scizor|1/100|[from] Stealth Rock
|turn|31
|
|t:|1744387810
|move|p2a: Scizor|Bullet Punch|p1a: Excadrill
|-resisted|p1a: Excadrill
|-damage|p1a: Excadrill|0 fnt
|faint|p1a: Excadrill
|
|-weather|Sandstorm|[upkeep]
|upkeep
|
|t:|1744387814
|switch|p1a: Celebi|Celebi|63/100
|-damage|p1a: Celebi|51/100|[from] Stealth Rock
|turn|32
|
|t:|1744387821
|move|p2a: Scizor|Bullet Punch|p1a: Celebi
|-damage|p1a: Celebi|2/100
|move|p1a: Celebi|Hidden Power|p2a: Scizor
|-supereffective|p2a: Scizor
|-crit|p2a: Scizor
|-damage|p2a: Scizor|0 fnt
|faint|p2a: Scizor
|
|win|SwordIsBored
|raw|SwordIsBored's rating: 1422 &rarr; <strong>1443</strong><br />(+21 for winning)
|raw|feiting's rating: 1432 &rarr; <strong>1411</strong><br />(-21 for losing)
|c|☆SwordIsBored|gg
