|j|☆chadoswine
|j|☆OpaloMox
|t:|1729003157
|gametype|singles
|player|p1|chadoswine|169|1340
|player|p2|OpaloMox|266|1341
|teamsize|p1|6
|teamsize|p2|6
|gen|5
|tier|[Gen 5] OU
|rated|
|rule|Species Clause: Limit one of each Pokémon
|rule|OHKO Clause: OHKO moves are banned
|rule|Moody Clause: Moody is banned
|rule|Evasion Items Clause: Evasion items are banned
|rule|Evasion Moves Clause: Evasion moves are banned
|rule|Endless Battle Clause: Forcing endless battles is banned
|rule|HP Percentage Mod: HP is shown in percentages
|rule|Evasion Abilities Clause: Evasion abilities are banned
|rule|Sleep Moves Clause: Sleep-inducing moves are banned
|rule|Swagger Clause: Swagger is banned
|rule|Baton Pass Stat Clause: No Baton Passer may have a way to boost its stats
|clearpoke
|poke|p1|Politoed, M|item
|poke|p1|Ferrothorn, M|item
|poke|p1|Mamoswine, M|item
|poke|p1|Latios, M|item
|poke|p1|Thundurus-Therian, M|item
|poke|p1|Tentacruel, M|item
|poke|p2|Politoed, M|item
|poke|p2|Rotom-Wash|item
|poke|p2|Lapras, F|item
|poke|p2|Lanturn, M|item
|poke|p2|Gyarados, M|item
|poke|p2|Empoleon, M|item
|teampreview
|inactive|Battle timer is ON: inactive players will automatically lose when time's up. (requested by OpaloMox)
|
|t:|1729003172
|start
|switch|p1a: Ferrothorn|Ferrothorn, M|100/100
|switch|p2a: Rotom|Rotom-Wash|100/100
|turn|1
|
|t:|1729003179
|move|p2a: Rotom|Trick|p1a: Ferrothorn
|-activate|p2a: Rotom|move: Trick|[of] p1a: Ferrothorn
|-item|p1a: Ferrothorn|Choice Scarf|[from] move: Trick
|-item|p2a: Rotom|Lum Berry|[from] move: Trick
|move|p1a: Ferrothorn|Stealth Rock|p2a: Rotom
|-sidestart|p2: OpaloMox|move: Stealth Rock
|
|upkeep
|turn|2
|
|t:|1729003198
|switch|p1a: Latios|Latios, M|100/100
|move|p2a: Rotom|Will-O-Wisp|p1a: Latios
|-status|p1a: Latios|brn
|
|-damage|p1a: Latios|88/100 brn|[from] brn
|upkeep
|turn|3
|
|t:|1729003215
|switch|p1a: Ferrothorn|Ferrothorn, M|100/100
|switch|p2a: Empoleon|Empoleon, M|100/100
|-damage|p2a: Empoleon|94/100|[from] Stealth Rock
|
|-heal|p2a: Empoleon|100/100|[from] item: Leftovers
|upkeep
|turn|4
|
|t:|1729003223
|move|p2a: Empoleon|Scald|p1a: Ferrothorn
|-resisted|p1a: Ferrothorn
|-damage|p1a: Ferrothorn|89/100
|move|p1a: Ferrothorn|Spikes|p2a: Empoleon
|-sidestart|p2: OpaloMox|Spikes
|
|upkeep
|turn|5
|
|t:|1729003230
|move|p2a: Empoleon|Scald|p1a: Ferrothorn
|-resisted|p1a: Ferrothorn
|-damage|p1a: Ferrothorn|79/100
|move|p1a: Ferrothorn|Spikes|p2a: Empoleon
|-sidestart|p2: OpaloMox|Spikes
|
|upkeep
|turn|6
|
|t:|1729003236
|move|p2a: Empoleon|Scald|p1a: Ferrothorn
|-resisted|p1a: Ferrothorn
|-damage|p1a: Ferrothorn|68/100
|-status|p1a: Ferrothorn|brn
|move|p1a: Ferrothorn|Spikes|p2a: Empoleon
|-sidestart|p2: OpaloMox|Spikes
|
|-damage|p1a: Ferrothorn|55/100 brn|[from] brn
|upkeep
|turn|7
|
|t:|1729003246
|switch|p1a: Politoed|Politoed, M|100/100
|-weather|RainDance|[from] ability: Drizzle|[of] p1a: Politoed
|move|p2a: Empoleon|Stealth Rock|p1a: Politoed
|-sidestart|p1: chadoswine|move: Stealth Rock
|
|-weather|RainDance|[upkeep]
|upkeep
|turn|8
|
|t:|1729003257
|switch|p1a: Tentacruel|Tentacruel, M|100/100
|-damage|p1a: Tentacruel|88/100|[from] Stealth Rock
|move|p2a: Empoleon|Scald|p1a: Tentacruel
|-resisted|p1a: Tentacruel
|-damage|p1a: Tentacruel|71/100
|
|-weather|RainDance|[upkeep]
|-heal|p1a: Tentacruel|77/100|[from] ability: Rain Dish
|-heal|p1a: Tentacruel|83/100|[from] item: Black Sludge
|upkeep
|turn|9
|
|t:|1729003268
|move|p1a: Tentacruel|Scald|p2a: Empoleon
|-resisted|p2a: Empoleon
|-damage|p2a: Empoleon|85/100
|-status|p2a: Empoleon|brn
|move|p2a: Empoleon|Knock Off|p1a: Tentacruel
|-crit|p1a: Tentacruel
|-damage|p1a: Tentacruel|79/100
|-enditem|p1a: Tentacruel|Black Sludge|[from] move: Knock Off|[of] p2a: Empoleon
|
|-weather|RainDance|[upkeep]
|-heal|p1a: Tentacruel|85/100|[from] ability: Rain Dish
|-heal|p2a: Empoleon|91/100 brn|[from] item: Leftovers
|-damage|p2a: Empoleon|79/100 brn|[from] brn
|upkeep
|turn|10
|
|t:|1729003285
|switch|p1a: Ferrothorn|Ferrothorn, M|55/100 brn
|-damage|p1a: Ferrothorn|49/100 brn|[from] Stealth Rock
|move|p2a: Empoleon|Scald|p1a: Ferrothorn
|-resisted|p1a: Ferrothorn
|-damage|p1a: Ferrothorn|34/100 brn
|
|-weather|RainDance|[upkeep]
|-heal|p2a: Empoleon|85/100 brn|[from] item: Leftovers
|-damage|p2a: Empoleon|73/100 brn|[from] brn
|-damage|p1a: Ferrothorn|21/100 brn|[from] brn
|upkeep
|turn|11
|
|t:|1729003296
|move|p2a: Empoleon|Ice Beam|p1a: Ferrothorn
|-damage|p1a: Ferrothorn|3/100 brn
|move|p1a: Ferrothorn|Knock Off|p2a: Empoleon
|-resisted|p2a: Empoleon
|-damage|p2a: Empoleon|72/100 brn
|-enditem|p2a: Empoleon|Leftovers|[from] move: Knock Off|[of] p1a: Ferrothorn
|
|-weather|RainDance|[upkeep]
|-damage|p2a: Empoleon|59/100 brn|[from] brn
|-damage|p1a: Ferrothorn|0 fnt|[from] brn
|faint|p1a: Ferrothorn
|upkeep
|
|t:|1729003309
|switch|p1a: Mamoswine|Mamoswine, M|100/100
|-damage|p1a: Mamoswine|88/100|[from] Stealth Rock
|turn|12
|
|t:|1729003319
|move|p1a: Mamoswine|Superpower|p2a: Empoleon
|-supereffective|p2a: Empoleon
|-damage|p2a: Empoleon|0 fnt
|-unboost|p1a: Mamoswine|atk|1
|-unboost|p1a: Mamoswine|def|1
|faint|p2a: Empoleon
|
|-weather|RainDance|[upkeep]
|upkeep
|
|t:|1729003326
|switch|p2a: Rotom|Rotom-Wash|100/100
|-damage|p2a: Rotom|88/100|[from] Stealth Rock
|turn|13
|
|t:|1729003333
|switch|p1a: Latios|Latios, M|88/100 brn
|-damage|p1a: Latios|76/100 brn|[from] Stealth Rock
|move|p2a: Rotom|Hydro Pump|p1a: Latios
|-resisted|p1a: Latios
|-damage|p1a: Latios|32/100 brn
|
|-weather|RainDance|[upkeep]
|-damage|p1a: Latios|20/100 brn|[from] brn
|upkeep
|turn|14
|
|t:|1729003344
|move|p1a: Latios|Draco Meteor|p2a: Rotom
|-damage|p2a: Rotom|0 fnt
|-unboost|p1a: Latios|spa|2
|faint|p2a: Rotom
|
|-weather|RainDance|[upkeep]
|-damage|p1a: Latios|7/100 brn|[from] brn
|upkeep
|
|t:|1729003355
|switch|p2a: Politoed|Politoed, M|100/100
|-damage|p2a: Politoed|88/100|[from] Stealth Rock
|-damage|p2a: Politoed|63/100|[from] Spikes
|turn|15
|
|t:|1729003361
|move|p2a: Politoed|Protect|p2a: Politoed
|-singleturn|p2a: Politoed|Protect
|move|p1a: Latios|Draco Meteor|p2a: Politoed
|-activate|p2a: Politoed|move: Protect
|
|-weather|RainDance|[upkeep]
|-heal|p2a: Politoed|69/100|[from] item: Leftovers
|-damage|p1a: Latios|0 fnt|[from] brn
|faint|p1a: Latios
|upkeep
|
|t:|1729003372
|switch|p1a: Thundurus|Thundurus-Therian, M|100/100
|-damage|p1a: Thundurus|76/100|[from] Stealth Rock
|turn|16
|
|t:|1729003377
|move|p1a: Thundurus|Thunder|p2a: Politoed
|-supereffective|p2a: Politoed
|-damage|p2a: Politoed|0 fnt
|faint|p2a: Politoed
|
|-weather|RainDance|[upkeep]
|-heal|p1a: Thundurus|82/100|[from] item: Leftovers
|upkeep
|
|t:|1729003383
|switch|p2a: Lanturn|Lanturn, M|100/100
|-damage|p2a: Lanturn|88/100|[from] Stealth Rock
|-damage|p2a: Lanturn|63/100|[from] Spikes
|turn|17
|
|t:|1729003390
|move|p1a: Thundurus|U-turn|p2a: Lanturn
|-damage|p2a: Lanturn|45/100
|
|t:|1729003401
|switch|p1a: Politoed|Politoed, M|100/100|[from] U-turn
|-damage|p1a: Politoed|88/100|[from] Stealth Rock
|move|p2a: Lanturn|Scald|p1a: Politoed
|-resisted|p1a: Politoed
|-damage|p1a: Politoed|75/100
|
|-weather|RainDance|[upkeep]
|-heal|p1a: Politoed|82/100|[from] item: Leftovers
|-heal|p2a: Lanturn|51/100|[from] item: Leftovers
|upkeep
|turn|18
|
|t:|1729003414
|move|p1a: Politoed|Encore|p2a: Lanturn
|-start|p2a: Lanturn|Encore
|move|p2a: Lanturn|Scald|p1a: Politoed
|-resisted|p1a: Politoed
|-damage|p1a: Politoed|67/100
|
|-weather|RainDance|[upkeep]
|-heal|p1a: Politoed|74/100|[from] item: Leftovers
|-heal|p2a: Lanturn|57/100|[from] item: Leftovers
|upkeep
|turn|19
|
|t:|1729003424
|switch|p1a: Tentacruel|Tentacruel, M|85/100
|-damage|p1a: Tentacruel|72/100|[from] Stealth Rock
|move|p2a: Lanturn|Scald|p1a: Tentacruel
|-resisted|p1a: Tentacruel
|-damage|p1a: Tentacruel|58/100
|
|-weather|RainDance|[upkeep]
|-heal|p1a: Tentacruel|65/100|[from] ability: Rain Dish
|-heal|p2a: Lanturn|63/100|[from] item: Leftovers
|upkeep
|turn|20
|
|t:|1729003435
|move|p1a: Tentacruel|Rapid Spin|p2a: Lanturn
|-damage|p2a: Lanturn|60/100
|-sideend|p1: chadoswine|Stealth Rock|[from] move: Rapid Spin|[of] p1a: Tentacruel
|move|p2a: Lanturn|Scald|p1a: Tentacruel
|-resisted|p1a: Tentacruel
|-crit|p1a: Tentacruel
|-damage|p1a: Tentacruel|36/100
|-status|p1a: Tentacruel|brn
|
|-weather|RainDance|[upkeep]
|-heal|p1a: Tentacruel|42/100 brn|[from] ability: Rain Dish
|-heal|p2a: Lanturn|66/100|[from] item: Leftovers
|-damage|p1a: Tentacruel|29/100 brn|[from] brn
|-end|p2a: Lanturn|Encore
|upkeep
|turn|21
|j| SKT T1 Motherfaker
|
|t:|1729003448
|move|p1a: Tentacruel|Toxic|p2a: Lanturn
|-status|p2a: Lanturn|tox
|move|p2a: Lanturn|Scald|p1a: Tentacruel
|-resisted|p1a: Tentacruel
|-damage|p1a: Tentacruel|17/100 brn
|
|-weather|RainDance|[upkeep]
|-heal|p1a: Tentacruel|23/100 brn|[from] ability: Rain Dish
|-heal|p2a: Lanturn|72/100 tox|[from] item: Leftovers
|-damage|p2a: Lanturn|66/100 tox|[from] psn
|-damage|p1a: Tentacruel|10/100 brn|[from] brn
|upkeep
|turn|22
|
|t:|1729003460
|switch|p1a: Politoed|Politoed, M|74/100
|move|p2a: Lanturn|Heal Bell|p2a: Lanturn
|-activate|p2a: Lanturn|move: Heal Bell
|-curestatus|p2a: Lanturn|tox|[msg]
|
|-weather|RainDance|[upkeep]
|-heal|p1a: Politoed|80/100|[from] item: Leftovers
|-heal|p2a: Lanturn|72/100|[from] item: Leftovers
|upkeep
|turn|23
|
|t:|1729003470
|move|p2a: Lanturn|Protect|p2a: Lanturn
|-singleturn|p2a: Lanturn|Protect
|move|p1a: Politoed|Scald|p2a: Lanturn
|-activate|p2a: Lanturn|move: Protect
|
|-weather|RainDance|[upkeep]
|-heal|p1a: Politoed|86/100|[from] item: Leftovers
|-heal|p2a: Lanturn|78/100|[from] item: Leftovers
|upkeep
|turn|24
|
|t:|1729003479
|move|p1a: Politoed|Encore|p2a: Lanturn
|-start|p2a: Lanturn|Encore
|move|p2a: Lanturn|Protect||[still]
|-fail|p2a: Lanturn
|
|-weather|RainDance|[upkeep]
|-heal|p1a: Politoed|92/100|[from] item: Leftovers
|-heal|p2a: Lanturn|85/100|[from] item: Leftovers
|upkeep
|turn|25
|
|t:|1729003487
|move|p2a: Lanturn|Protect|p2a: Lanturn
|-singleturn|p2a: Lanturn|Protect
|move|p1a: Politoed|Toxic|p2a: Lanturn
|-activate|p2a: Lanturn|move: Protect
|
|-weather|RainDance|[upkeep]
|-heal|p1a: Politoed|99/100|[from] item: Leftovers
|-heal|p2a: Lanturn|91/100|[from] item: Leftovers
|upkeep
|turn|26
|
|t:|1729003495
|switch|p2a: Lapras|Lapras, F|100/100
|-damage|p2a: Lapras|75/100|[from] Stealth Rock
|-damage|p2a: Lapras|50/100|[from] Spikes
|move|p1a: Politoed|Toxic|p2a: Lapras
|-status|p2a: Lapras|tox
|
|-weather|RainDance|[upkeep]
|-heal|p1a: Politoed|100/100|[from] item: Leftovers
|-activate|p2a: Lapras|ability: Hydration
|-curestatus|p2a: Lapras|tox|[msg]
|-heal|p2a: Lapras|57/100|[from] item: Leftovers
|upkeep
|turn|27
|
|t:|1729003508
|move|p1a: Politoed|Scald|p2a: Lapras
|-resisted|p2a: Lapras
|-damage|p2a: Lapras|46/100
|move|p2a: Lapras|Curse|p2a: Lapras
|-unboost|p2a: Lapras|spe|1
|-boost|p2a: Lapras|atk|1
|-boost|p2a: Lapras|def|1
|
|-weather|RainDance|[upkeep]
|-heal|p2a: Lapras|53/100|[from] item: Leftovers
|upkeep
|turn|28
|
|t:|1729003519
|switch|p1a: Thundurus|Thundurus-Therian, M|82/100
|move|p2a: Lapras|Ice Shard|p1a: Thundurus
|-supereffective|p1a: Thundurus
|-damage|p1a: Thundurus|31/100
|
|-weather|RainDance|[upkeep]
|-heal|p1a: Thundurus|37/100|[from] item: Leftovers
|-heal|p2a: Lapras|59/100|[from] item: Leftovers
|upkeep
|turn|29
|-message|chadoswine forfeited.
|
|win|OpaloMox
|raw|chadoswine's rating: 1340 &rarr; <strong>1320</strong><br />(-20 for losing)
|raw|OpaloMox's rating: 1341 &rarr; <strong>1361</strong><br />(+20 for winning)
|l|☆chadoswine
|player|p1|
|l|☆OpaloMox
|player|p2|
