|j|☆EeveetoTheN00b
|j|☆hgfjhds
|player|p1|EeveetoTheN00b|acetrainersnow|1393
|player|p2|hgfjhds|cress|1465
|teamsize|p1|6
|teamsize|p2|6
|gametype|singles
|gen|5
|tier|[Gen 5] OU
|rated|
|clearpoke
|poke|p1|Froslass, F|item
|poke|p1|Mamoswine, M|item
|poke|p1|Jellicent, M|item
|poke|p1|Jirachi|item
|poke|p1|Scizor, M|item
|poke|p1|Latios, M|item
|poke|p2|Tyranitar, F|item
|poke|p2|Landorus-Therian, M|item
|poke|p2|Rotom-Wash|item
|poke|p2|Jirachi|item
|poke|p2|Latios, M|item
|poke|p2|Keldeo|item
|rule|Species Clause: Limit one of each Pokémon
|rule|OHKO Clause: OHKO moves are banned
|rule|Moody Clause: Moody is banned
|rule|Evasion Moves Clause: Evasion moves are banned
|rule|Endless Battle Clause: Forcing endless battles is banned
|rule|HP Percentage Mod: HP is shown in percentages
|rule|Evasion Abilities Clause: Evasion abilities are banned
|rule|Baton Pass Clause: Limit one Baton Passer, can't pass Spe and other stats simultaneously
|rule|Sleep Clause: Sleep-inducing moves are banned
|rule|Swagger Clause: Swagger is banned
|teampreview
|inactive|Battle timer is ON: inactive players will automatically lose when time's up. (requested by hgfjhds)
|
|start
|switch|p1a: Mamonswine|Mamoswine, M|100/100
|switch|p2a: Tyranitar|Tyranitar, F|100/100
|-weather|Sandstorm|[from] ability: Sand Stream|[of] p2a: Tyranitar
|turn|1
|
|switch|p2a: Rotom|Rotom-Wash|100/100
|move|p1a: Mamonswine|Stealth Rock|p2a: Rotom
|-sidestart|p2: hgfjhds|move: Stealth Rock
|
|-weather|Sandstorm|[upkeep]
|-damage|p2a: Rotom|94/100|[from] Sandstorm
|-heal|p2a: Rotom|100/100|[from] item: Leftovers
|upkeep
|turn|2
|
|switch|p1a: Frosslasse|Froslass, F|100/100
|move|p2a: Rotom|Will-O-Wisp|p1a: Frosslasse
|-status|p1a: Frosslasse|brn
|
|-weather|Sandstorm|[upkeep]
|-damage|p1a: Frosslasse|94/100 brn|[from] Sandstorm
|-damage|p2a: Rotom|94/100|[from] Sandstorm
|-heal|p2a: Rotom|100/100|[from] item: Leftovers
|-damage|p1a: Frosslasse|82/100 brn|[from] brn
|upkeep
|turn|3
|
|move|p1a: Frosslasse|Spikes|p2a: Rotom
|-sidestart|p2: hgfjhds|Spikes
|move|p2a: Rotom|Hydro Pump|p1a: Frosslasse|[miss]
|-miss|p2a: Rotom|p1a: Frosslasse
|
|-weather|Sandstorm|[upkeep]
|-damage|p1a: Frosslasse|76/100 brn|[from] Sandstorm
|-damage|p2a: Rotom|94/100|[from] Sandstorm
|-heal|p2a: Rotom|100/100|[from] item: Leftovers
|-damage|p1a: Frosslasse|63/100 brn|[from] brn
|upkeep
|turn|4
|
|move|p1a: Frosslasse|Thunder Wave|p2a: Rotom
|-status|p2a: Rotom|par
|move|p2a: Rotom|Volt Switch|p1a: Frosslasse
|-damage|p1a: Frosslasse|19/100 brn
|
|switch|p2a: Jirachi|Jirachi|100/100|[from]move: Volt Switch
|-damage|p2a: Jirachi|88/100|[from] Spikes
|-damage|p2a: Jirachi|82/100|[from] Stealth Rock
|
|-weather|Sandstorm|[upkeep]
|-damage|p1a: Frosslasse|13/100 brn|[from] Sandstorm
|-heal|p2a: Jirachi|88/100|[from] item: Leftovers
|-damage|p1a: Frosslasse|1/100 brn|[from] brn
|upkeep
|turn|5
|
|move|p2a: Jirachi|Protect|p2a: Jirachi
|-singleturn|p2a: Jirachi|Protect
|move|p1a: Frosslasse|Spikes|p2a: Jirachi
|-sidestart|p2: hgfjhds|Spikes
|
|-weather|Sandstorm|[upkeep]
|-damage|p1a: Frosslasse|0 fnt|[from] Sandstorm
|faint|p1a: Frosslasse
|-heal|p2a: Jirachi|94/100|[from] item: Leftovers
|upkeep
|
|switch|p1a: Sr. Recortes|Scizor, M|100/100
|turn|6
|
|switch|p2a: Landorus|Landorus-Therian, M|100/100
|-damage|p2a: Landorus|88/100|[from] Stealth Rock
|-ability|p2a: Landorus|Intimidate|boost
|-unboost|p1a: Sr. Recortes|atk|1
|move|p1a: Sr. Recortes|Swords Dance|p1a: Sr. Recortes
|-boost|p1a: Sr. Recortes|atk|2
|
|-weather|Sandstorm|[upkeep]
|-heal|p2a: Landorus|94/100|[from] item: Leftovers
|upkeep
|turn|7
|
|move|p1a: Sr. Recortes|Bullet Punch|p2a: Landorus
|-damage|p2a: Landorus|56/100
|move|p2a: Landorus|Earthquake|p1a: Sr. Recortes
|-damage|p1a: Sr. Recortes|43/100
|
|-weather|Sandstorm|[upkeep]
|-heal|p2a: Landorus|62/100|[from] item: Leftovers
|upkeep
|turn|8
|
|switch|p1a: Mamonswine|Mamoswine, M|100/100
|move|p2a: Landorus|Earthquake|p1a: Mamonswine
|-damage|p1a: Mamonswine|43/100
|
|-weather|Sandstorm|[upkeep]
|-heal|p2a: Landorus|68/100|[from] item: Leftovers
|upkeep
|turn|9
|
|switch|p2a: Rotom|Rotom-Wash|100/100 par
|-damage|p2a: Rotom|88/100 par|[from] Stealth Rock
|move|p1a: Mamonswine|Icicle Crash|p2a: Rotom
|-resisted|p2a: Rotom
|-damage|p2a: Rotom|57/100 par
|
|-weather|Sandstorm|[upkeep]
|-damage|p2a: Rotom|51/100 par|[from] Sandstorm
|-heal|p2a: Rotom|57/100 par|[from] item: Leftovers
|upkeep
|turn|10
|
|move|p1a: Mamonswine|Icicle Crash|p2a: Rotom
|-resisted|p2a: Rotom
|-damage|p2a: Rotom|27/100 par
|cant|p2a: Rotom|par
|
|-weather|Sandstorm|[upkeep]
|-damage|p2a: Rotom|21/100 par|[from] Sandstorm
|-heal|p2a: Rotom|27/100 par|[from] item: Leftovers
|upkeep
|turn|11
|
|move|p1a: Mamonswine|Icicle Crash|p2a: Rotom
|-resisted|p2a: Rotom
|-crit|p2a: Rotom
|-damage|p2a: Rotom|0 fnt
|faint|p2a: Rotom
|
|-weather|Sandstorm|[upkeep]
|upkeep
|
|switch|p2a: Keldeo|Keldeo|100/100
|-damage|p2a: Keldeo|94/100|[from] Stealth Rock
|-damage|p2a: Keldeo|78/100|[from] Spikes
|turn|12
|
|switch|p2a: Tyranitar|Tyranitar, F|100/100
|-damage|p2a: Tyranitar|84/100|[from] Spikes
|-damage|p2a: Tyranitar|71/100|[from] Stealth Rock
|switch|p1a: Mostachitos|Jellicent, M|100/100
|
|-weather|Sandstorm|[upkeep]
|-damage|p1a: Mostachitos|94/100|[from] Sandstorm
|-heal|p1a: Mostachitos|100/100|[from] item: Leftovers
|upkeep
|turn|13
|
|move|p2a: Tyranitar|Crunch|p1a: Mostachitos
|-supereffective|p1a: Mostachitos
|-damage|p1a: Mostachitos|0 fnt
|faint|p1a: Mostachitos
|
|-weather|Sandstorm|[upkeep]
|upkeep
|
|switch|p1a: Mamonswine|Mamoswine, M|43/100
|turn|14
|
|switch|p2a: Latios|Latios, M|100/100
|-damage|p2a: Latios|88/100|[from] Stealth Rock
|move|p1a: Mamonswine|Earthquake|p2a: Latios
|-immune|p2a: Latios|[from] ability: Levitate
|
|-weather|Sandstorm|[upkeep]
|-damage|p2a: Latios|82/100|[from] Sandstorm
|upkeep
|turn|15
|
|switch|p1a: Wish Of Hax|Jirachi|100/100
|move|p2a: Latios|Surf|p1a: Wish Of Hax
|-damage|p1a: Wish Of Hax|49/100
|
|-weather|Sandstorm|[upkeep]
|-damage|p2a: Latios|76/100|[from] Sandstorm
|upkeep
|turn|16
|
|move|p1a: Wish Of Hax|U-turn|p2a: Latios
|-supereffective|p2a: Latios
|-damage|p2a: Latios|20/100
|
|switch|p1a: Latiosorio|Latios, M|100/100|[from]move: U-turn
|move|p2a: Latios|Surf|p1a: Latiosorio
|-resisted|p1a: Latiosorio
|-damage|p1a: Latiosorio|76/100
|
|-weather|Sandstorm|[upkeep]
|-damage|p1a: Latiosorio|70/100|[from] Sandstorm
|-damage|p2a: Latios|14/100|[from] Sandstorm
|upkeep
|turn|17
|
|move|p2a: Latios|Surf|p1a: Latiosorio
|-resisted|p1a: Latiosorio
|-damage|p1a: Latiosorio|43/100
|move|p1a: Latiosorio|Calm Mind|p1a: Latiosorio
|-boost|p1a: Latiosorio|spa|1
|-boost|p1a: Latiosorio|spd|1
|
|-weather|Sandstorm|[upkeep]
|-damage|p2a: Latios|8/100|[from] Sandstorm
|-damage|p1a: Latiosorio|37/100|[from] Sandstorm
|upkeep
|turn|18
|
|move|p1a: Latiosorio|Recover|p1a: Latiosorio
|-heal|p1a: Latiosorio|87/100
|move|p2a: Latios|Surf|p1a: Latiosorio
|-resisted|p1a: Latiosorio
|-damage|p1a: Latiosorio|69/100
|
|-weather|Sandstorm|[upkeep]
|-damage|p1a: Latiosorio|63/100|[from] Sandstorm
|-damage|p2a: Latios|2/100|[from] Sandstorm
|upkeep
|turn|19
|
|switch|p2a: Jirachi|Jirachi|94/100
|-damage|p2a: Jirachi|78/100|[from] Spikes
|-damage|p2a: Jirachi|72/100|[from] Stealth Rock
|move|p1a: Latiosorio|Recover|p1a: Latiosorio
|-heal|p1a: Latiosorio|100/100
|
|-weather|Sandstorm|[upkeep]
|-damage|p1a: Latiosorio|95/100|[from] Sandstorm
|-heal|p2a: Jirachi|78/100|[from] item: Leftovers
|upkeep
|turn|20
|
|switch|p1a: Wish Of Hax|Jirachi|49/100
|move|p2a: Jirachi|Body Slam|p1a: Wish Of Hax
|-resisted|p1a: Wish Of Hax
|-damage|p1a: Wish Of Hax|39/100
|-status|p1a: Wish Of Hax|par
|
|-weather|Sandstorm|[upkeep]
|-heal|p2a: Jirachi|84/100|[from] item: Leftovers
|upkeep
|turn|21
|
|move|p2a: Jirachi|Iron Head|p1a: Wish Of Hax
|-resisted|p1a: Wish Of Hax
|-damage|p1a: Wish Of Hax|26/100 par
|cant|p1a: Wish Of Hax|flinch
|
|-weather|Sandstorm|[upkeep]
|-heal|p2a: Jirachi|90/100|[from] item: Leftovers
|upkeep
|turn|22
|
|move|p2a: Jirachi|Iron Head|p1a: Wish Of Hax
|-resisted|p1a: Wish Of Hax
|-damage|p1a: Wish Of Hax|13/100 par
|move|p1a: Wish Of Hax|Fire Punch|p2a: Jirachi
|-supereffective|p2a: Jirachi
|-damage|p2a: Jirachi|56/100
|
|-weather|Sandstorm|[upkeep]
|-heal|p2a: Jirachi|63/100|[from] item: Leftovers
|upkeep
|turn|23
|
|move|p2a: Jirachi|Wish|p2a: Jirachi
|cant|p1a: Wish Of Hax|par
|
|-weather|Sandstorm|[upkeep]
|-heal|p2a: Jirachi|69/100|[from] item: Leftovers
|upkeep
|turn|24
|
|move|p2a: Jirachi|Protect|p2a: Jirachi
|-singleturn|p2a: Jirachi|Protect
|cant|p1a: Wish Of Hax|par
|
|-weather|Sandstorm|[upkeep]
|-heal|p2a: Jirachi|100/100|[from] move: Wish|[wisher] Jirachi
|upkeep
|turn|25
|
|move|p2a: Jirachi|Wish|p2a: Jirachi
|move|p1a: Wish Of Hax|Fire Punch|p2a: Jirachi
|-supereffective|p2a: Jirachi
|-damage|p2a: Jirachi|62/100
|
|-weather|Sandstorm|[upkeep]
|-heal|p2a: Jirachi|68/100|[from] item: Leftovers
|upkeep
|turn|26
|
|move|p2a: Jirachi|Protect|p2a: Jirachi
|-singleturn|p2a: Jirachi|Protect
|move|p1a: Wish Of Hax|Fire Punch|p2a: Jirachi
|-activate|p2a: Jirachi|move: Protect
|
|-weather|Sandstorm|[upkeep]
|-heal|p2a: Jirachi|100/100|[from] move: Wish|[wisher] Jirachi
|upkeep
|turn|27
|
|move|p2a: Jirachi|Wish|p2a: Jirachi
|move|p1a: Wish Of Hax|Fire Punch|p2a: Jirachi
|-supereffective|p2a: Jirachi
|-damage|p2a: Jirachi|62/100
|-status|p2a: Jirachi|brn
|
|-weather|Sandstorm|[upkeep]
|-heal|p2a: Jirachi|68/100 brn|[from] item: Leftovers
|-damage|p2a: Jirachi|56/100 brn|[from] brn
|upkeep
|turn|28
|
|move|p2a: Jirachi|Iron Head|p1a: Wish Of Hax
|-resisted|p1a: Wish Of Hax
|-damage|p1a: Wish Of Hax|7/100 par
|move|p1a: Wish Of Hax|Fire Punch|p2a: Jirachi
|-supereffective|p2a: Jirachi
|-damage|p2a: Jirachi|19/100 brn
|
|-weather|Sandstorm|[upkeep]
|-heal|p2a: Jirachi|69/100 brn|[from] move: Wish|[wisher] Jirachi
|-heal|p2a: Jirachi|75/100 brn|[from] item: Leftovers
|-damage|p2a: Jirachi|62/100 brn|[from] brn
|upkeep
|turn|29
|
|move|p2a: Jirachi|Wish|p2a: Jirachi
|cant|p1a: Wish Of Hax|par
|
|-weather|Sandstorm|[upkeep]
|-heal|p2a: Jirachi|69/100 brn|[from] item: Leftovers
|-damage|p2a: Jirachi|56/100 brn|[from] brn
|upkeep
|turn|30
|
|move|p2a: Jirachi|Iron Head|p1a: Wish Of Hax
|-resisted|p1a: Wish Of Hax
|-damage|p1a: Wish Of Hax|0 fnt
|faint|p1a: Wish Of Hax
|
|-weather|Sandstorm|[upkeep]
|-heal|p2a: Jirachi|100/100 brn|[from] move: Wish|[wisher] Jirachi
|-damage|p2a: Jirachi|88/100 brn|[from] brn
|upkeep
|
|switch|p1a: Sr. Recortes|Scizor, M|43/100
|turn|31
|
|switch|p2a: Landorus|Landorus-Therian, M|68/100
|-damage|p2a: Landorus|56/100|[from] Stealth Rock
|-ability|p2a: Landorus|Intimidate|boost
|-unboost|p1a: Sr. Recortes|atk|1
|move|p1a: Sr. Recortes|Swords Dance|p1a: Sr. Recortes
|-boost|p1a: Sr. Recortes|atk|2
|
|-weather|Sandstorm|[upkeep]
|-heal|p2a: Landorus|62/100|[from] item: Leftovers
|upkeep
|turn|32
|
|move|p1a: Sr. Recortes|Bullet Punch|p2a: Landorus
|-damage|p2a: Landorus|25/100
|move|p2a: Landorus|Earthquake|p1a: Sr. Recortes
|-damage|p1a: Sr. Recortes|0 fnt
|faint|p1a: Sr. Recortes
|
|-weather|Sandstorm|[upkeep]
|-heal|p2a: Landorus|31/100|[from] item: Leftovers
|upkeep
|
|switch|p1a: Latiosorio|Latios, M|95/100
|turn|33
|
|switch|p2a: Latios|Latios, M|2/100
|-damage|p2a: Latios|0 fnt|[from] Stealth Rock
|faint|p2a: Latios
|move|p1a: Latiosorio|Surf|p2: Latios|[notarget]
|-fail|p1a: Latiosorio
|
|-weather|Sandstorm|[upkeep]
|-damage|p1a: Latiosorio|89/100|[from] Sandstorm
|upkeep
|
|switch|p2a: Jirachi|Jirachi|88/100 brn
|-damage|p2a: Jirachi|82/100 brn|[from] Stealth Rock
|-damage|p2a: Jirachi|65/100 brn|[from] Spikes
|turn|34
|
|switch|p1a: Mamonswine|Mamoswine, M|43/100
|move|p2a: Jirachi|Body Slam|p1a: Mamonswine
|-damage|p1a: Mamonswine|31/100
|-status|p1a: Mamonswine|par
|
|-weather|Sandstorm|[upkeep]
|-heal|p2a: Jirachi|72/100 brn|[from] item: Leftovers
|-damage|p2a: Jirachi|59/100 brn|[from] brn
|upkeep
|turn|35
|
|move|p2a: Jirachi|Iron Head|p1a: Mamonswine
|-supereffective|p1a: Mamonswine
|-damage|p1a: Mamonswine|0 fnt
|faint|p1a: Mamonswine
|
|-weather|Sandstorm|[upkeep]
|-heal|p2a: Jirachi|65/100 brn|[from] item: Leftovers
|-damage|p2a: Jirachi|53/100 brn|[from] brn
|upkeep
|
|switch|p1a: Latiosorio|Latios, M|89/100
|turn|36
|
|move|p1a: Latiosorio|Surf|p2a: Jirachi
|-damage|p2a: Jirachi|27/100 brn
|-damage|p1a: Latiosorio|79/100|[from] item: Life Orb
|move|p2a: Jirachi|Body Slam|p1a: Latiosorio
|-damage|p1a: Latiosorio|66/100
|-status|p1a: Latiosorio|par
|
|-weather|Sandstorm|[upkeep]
|-damage|p1a: Latiosorio|60/100 par|[from] Sandstorm
|-heal|p2a: Jirachi|33/100 brn|[from] item: Leftovers
|-damage|p2a: Jirachi|21/100 brn|[from] brn
|upkeep
|turn|37
|
|move|p2a: Jirachi|Iron Head|p1a: Latiosorio
|-damage|p1a: Latiosorio|41/100 par
|move|p1a: Latiosorio|Surf|p2a: Jirachi
|-damage|p2a: Jirachi|0 fnt
|-damage|p1a: Latiosorio|31/100 par|[from] item: Life Orb
|faint|p2a: Jirachi
|
|-weather|Sandstorm|[upkeep]
|-damage|p1a: Latiosorio|25/100 par|[from] Sandstorm
|upkeep
|
|switch|p2a: Tyranitar|Tyranitar, F|71/100
|-damage|p2a: Tyranitar|59/100|[from] Stealth Rock
|-damage|p2a: Tyranitar|42/100|[from] Spikes
|turn|38
|
|move|p2a: Tyranitar|Stone Edge|p1a: Latiosorio|[miss]
|-miss|p2a: Tyranitar|p1a: Latiosorio
|cant|p1a: Latiosorio|par
|
|-weather|Sandstorm|[upkeep]
|-damage|p1a: Latiosorio|19/100 par|[from] Sandstorm
|upkeep
|turn|39
|
|move|p2a: Tyranitar|Stone Edge|p1a: Latiosorio
|-damage|p1a: Latiosorio|0 fnt
|faint|p1a: Latiosorio
|
|win|hgfjhds
|raw|EeveetoTheN00b's rating: 1393 &rarr; <strong>1377</strong><br />(-16 for losing)
|raw|hgfjhds's rating: 1465 &rarr; <strong>1481</strong><br />(+16 for winning)
