|j|☆veryfasttosin
|j|☆LightningDude42
|player|p1|veryfasttosin|53
|player|p2|LightningDude42|1
|teamsize|p1|6
|teamsize|p2|6
|gametype|singles
|gen|5
|tier|[Gen 5] OU
|rated|
|rule|Sleep Clause Mod: Limit one foe put to sleep
|rule|Species Clause: Limit one of each Pokémon
|rule|OHKO Clause: OHKO moves are banned
|rule|Moody Clause: Moody is banned
|rule|Evasion Moves Clause: Evasion moves are banned
|rule|Endless Battle Clause: Forcing endless battles is banned
|rule|HP Percentage Mod: HP is shown in percentages
|rule|Evasion Abilities Clause: Evasion abilities are banned
|rule|Baton Pass Clause: Limit one Baton Passer, can't pass Spe and other stats simultaneously
|rule|Swagger Clause: Swagger is banned
|clearpoke
|poke|p1|Tornadus, M|item
|poke|p1|Politoed, M|item
|poke|p1|Dragonite, M|item
|poke|p1|Starmie|item
|poke|p1|Ferrothorn, M|item
|poke|p1|Feraligatr, M|item
|poke|p2|Magnezone|item
|poke|p2|Archeops, M|item
|poke|p2|Breloom, M|item
|poke|p2|Hydreigon, M|item
|poke|p2|Starmie|item
|poke|p2|Celebi|item
|teampreview
|inactive|Battle timer is ON: inactive players will automatically lose when time's up. (requested by LightningDude42)
|inactive|veryfasttosin has 120 seconds left.
|
|start
|switch|p1a: Politoed|Politoed, M|100/100
|switch|p2a: Celebi|Celebi|100/100
|-weather|RainDance|[from] ability: Drizzle|[of] p1a: Politoed
|turn|1
|
|switch|p1a: Tornadus|Tornadus, M|100/100
|move|p2a: Celebi|Stealth Rock|p1a: Tornadus
|-sidestart|p1: veryfasttosin|move: Stealth Rock
|
|-weather|RainDance|[upkeep]
|upkeep
|turn|2
|
|move|p1a: Tornadus|Hurricane|p2a: Celebi
|-supereffective|p2a: Celebi
|-damage|p2a: Celebi|6/100
|-damage|p1a: Tornadus|91/100|[from] item: Life Orb
|move|p2a: Celebi|U-turn|p1a: Tornadus
|-resisted|p1a: Tornadus
|-damage|p1a: Tornadus|79/100
|
|switch|p2a: Magnezone|Magnezone|100/100
|
|-weather|RainDance|[upkeep]
|upkeep
|turn|3
|
|move|p1a: Tornadus|Superpower|p2a: Magnezone
|-supereffective|p2a: Magnezone
|-damage|p2a: Magnezone|7/100
|-unboost|p1a: Tornadus|atk|1
|-unboost|p1a: Tornadus|def|1
|-damage|p1a: Tornadus|70/100|[from] item: Life Orb
|move|p2a: Magnezone|Volt Switch|p1a: Tornadus
|-supereffective|p1a: Tornadus
|-damage|p1a: Tornadus|0 fnt
|faint|p1a: Tornadus
|
|switch|p2a: Breloom|Breloom, M|100/100
|
|-weather|RainDance|[upkeep]
|upkeep
|
|switch|p1a: Politoed|Politoed, M|100/100
|-damage|p1a: Politoed|88/100|[from] Stealth Rock
|turn|4
|
|move|p1a: Politoed|Psychic|p2a: Breloom
|-supereffective|p2a: Breloom
|-damage|p2a: Breloom|10/100
|move|p2a: Breloom|Bullet Seed|p1a: Politoed
|-supereffective|p1a: Politoed
|-damage|p1a: Politoed|18/100
|-supereffective|p1a: Politoed
|-damage|p1a: Politoed|0 fnt
|-hitcount|p1a: Politoed|2
|-damage|p2a: Breloom|0 fnt|[from] item: Life Orb
|faint|p1a: Politoed
|faint|p2a: Breloom
|
|-weather|RainDance|[upkeep]
|upkeep
|
|switch|p1a: Starmie|Starmie|100/100
|switch|p2a: Starmie|Starmie|100/100
|-damage|p1a: Starmie|88/100|[from] Stealth Rock
|turn|5
|
|move|p1a: Starmie|Rapid Spin|p2a: Starmie
|-damage|p2a: Starmie|94/100
|-sideend|p1: veryfasttosin|Stealth Rock|[from] move: Rapid Spin|[of] p1a: Starmie
|-damage|p1a: Starmie|78/100|[from] item: Life Orb
|move|p2a: Starmie|Scald|p1a: Starmie
|-resisted|p1a: Starmie
|-damage|p1a: Starmie|26/100
|-damage|p2a: Starmie|84/100|[from] item: Life Orb
|
|-weather|RainDance|[upkeep]
|upkeep
|turn|6
|
|switch|p1a: Ferrothorn|Ferrothorn, M|100/100
|move|p2a: Starmie|Scald|p1a: Ferrothorn
|-resisted|p1a: Ferrothorn
|-damage|p1a: Ferrothorn|77/100
|-damage|p2a: Starmie|74/100|[from] item: Life Orb
|
|-weather|RainDance|[upkeep]
|-heal|p1a: Ferrothorn|83/100|[from] item: Leftovers
|upkeep
|turn|7
|inactive|veryfasttosin has 120 seconds left.
|
|move|p2a: Starmie|Scald|p1a: Ferrothorn
|-resisted|p1a: Ferrothorn
|-damage|p1a: Ferrothorn|58/100
|-damage|p2a: Starmie|64/100|[from] item: Life Orb
|move|p1a: Ferrothorn|Thunder Wave|p2a: Starmie
|-status|p2a: Starmie|par
|
|-weather|RainDance|[upkeep]
|-heal|p1a: Ferrothorn|65/100|[from] item: Leftovers
|upkeep
|turn|8
|inactive|veryfasttosin has 120 seconds left.
|
|switch|p2a: Celebi|Celebi|6/100
|move|p1a: Ferrothorn|Stealth Rock|p2a: Celebi
|-sidestart|p2: LightningDude42|move: Stealth Rock
|
|-weather|RainDance|[upkeep]
|-heal|p2a: Celebi|12/100|[from] item: Leftovers
|-heal|p1a: Ferrothorn|71/100|[from] item: Leftovers
|upkeep
|turn|9
|inactive|veryfasttosin has 120 seconds left.
|
|move|p2a: Celebi|Stealth Rock|p1a: Ferrothorn
|-sidestart|p1: veryfasttosin|move: Stealth Rock
|move|p1a: Ferrothorn|Spikes|p2a: Celebi
|-sidestart|p2: LightningDude42|Spikes
|
|-weather|RainDance|[upkeep]
|-heal|p2a: Celebi|18/100|[from] item: Leftovers
|-heal|p1a: Ferrothorn|77/100|[from] item: Leftovers
|upkeep
|turn|10
|inactive|veryfasttosin has 90 seconds left.
|
|switch|p2a: Starmie|Starmie|64/100
|-damage|p2a: Starmie|52/100|[from] Spikes
|-damage|p2a: Starmie|40/100|[from] Stealth Rock
|move|p1a: Ferrothorn|Thunder Wave|p2a: Starmie
|-status|p2a: Starmie|par
|
|-weather|RainDance|[upkeep]
|-heal|p1a: Ferrothorn|83/100|[from] item: Leftovers
|upkeep
|turn|11
|inactive|veryfasttosin has 90 seconds left.
|
|cant|p2a: Starmie|par
|move|p1a: Ferrothorn|Gyro Ball|p2a: Starmie
|-resisted|p2a: Starmie
|-damage|p2a: Starmie|27/100 par
|
|-weather|RainDance|[upkeep]
|-heal|p1a: Ferrothorn|90/100|[from] item: Leftovers
|upkeep
|turn|12
|
|move|p2a: Starmie|Recover|p2a: Starmie
|-heal|p2a: Starmie|78/100 par
|move|p1a: Ferrothorn|Gyro Ball|p2a: Starmie
|-resisted|p2a: Starmie
|-damage|p2a: Starmie|65/100 par
|
|-weather|RainDance|[upkeep]
|-heal|p1a: Ferrothorn|96/100|[from] item: Leftovers
|upkeep
|turn|13
|
|switch|p1a: Feraligatr|Feraligatr, M, shiny|100/100
|-damage|p1a: Feraligatr|88/100|[from] Stealth Rock
|move|p2a: Starmie|Rapid Spin|p1a: Feraligatr
|-damage|p1a: Feraligatr|85/100
|-sideend|p2: LightningDude42|Spikes|[from] move: Rapid Spin|[of] p2a: Starmie
|-sideend|p2: LightningDude42|Stealth Rock|[from] move: Rapid Spin|[of] p2a: Starmie
|-damage|p2a: Starmie|55/100 par|[from] item: Life Orb
|
|-weather|RainDance|[upkeep]
|upkeep
|turn|14
|
|-curestatus|p2a: Starmie|par|[from] ability: Natural Cure
|switch|p2a: Celebi|Celebi|18/100
|move|p1a: Feraligatr|Swords Dance|p1a: Feraligatr
|-boost|p1a: Feraligatr|atk|2
|
|-weather|RainDance|[upkeep]
|-heal|p2a: Celebi|24/100|[from] item: Leftovers
|upkeep
|turn|15
|inactive|veryfasttosin has 60 seconds left.
|
|move|p2a: Celebi|Giga Drain|p1a: Feraligatr
|-supereffective|p1a: Feraligatr
|-damage|p1a: Feraligatr|29/100
|-heal|p2a: Celebi|49/100|[from] drain|[of] p1a: Feraligatr
|move|p1a: Feraligatr|Ice Punch|p2a: Celebi
|-supereffective|p2a: Celebi
|-crit|p2a: Celebi
|-damage|p2a: Celebi|0 fnt
|faint|p2a: Celebi
|
|-weather|RainDance|[upkeep]
|upkeep
|
|switch|p2a: Starmie|Starmie|55/100
|turn|16
|
|move|p2a: Starmie|Scald|p1a: Feraligatr
|-resisted|p1a: Feraligatr
|-damage|p1a: Feraligatr|0 fnt
|-damage|p2a: Starmie|45/100|[from] item: Life Orb
|faint|p1a: Feraligatr
|
|-weather|RainDance|[upkeep]
|upkeep
|
|switch|p1a: Ferrothorn|Ferrothorn, M|96/100
|-damage|p1a: Ferrothorn|90/100|[from] Stealth Rock
|turn|17
|j| excadrill_lover75
|
|move|p2a: Starmie|Scald|p1a: Ferrothorn
|-resisted|p1a: Ferrothorn
|-damage|p1a: Ferrothorn|64/100
|-status|p1a: Ferrothorn|brn
|-damage|p2a: Starmie|35/100|[from] item: Life Orb
|move|p1a: Ferrothorn|Thunder Wave|p2a: Starmie
|-status|p2a: Starmie|par
|
|-weather|RainDance|[upkeep]
|-heal|p1a: Ferrothorn|70/100 brn|[from] item: Leftovers
|-damage|p1a: Ferrothorn|57/100 brn|[from] brn
|upkeep
|turn|18
|
|-curestatus|p2a: Starmie|par|[from] ability: Natural Cure
|switch|p2a: Magnezone|Magnezone|7/100
|switch|p1a: Starmie|Starmie|26/100
|-damage|p1a: Starmie|14/100|[from] Stealth Rock
|
|-weather|RainDance|[upkeep]
|upkeep
|turn|19
|
|move|p1a: Starmie|Rapid Spin|p2a: Magnezone
|-resisted|p2a: Magnezone
|-crit|p2a: Magnezone
|-damage|p2a: Magnezone|3/100
|-sideend|p1: veryfasttosin|Stealth Rock|[from] move: Rapid Spin|[of] p1a: Starmie
|-damage|p1a: Starmie|4/100|[from] item: Life Orb
|move|p2a: Magnezone|Volt Switch|p1a: Starmie
|-supereffective|p1a: Starmie
|-damage|p1a: Starmie|0 fnt
|faint|p1a: Starmie
|
|switch|p2a: Archeops|Archeops, M|100/100
|
|-weather|RainDance|[upkeep]
|upkeep
|inactive|veryfasttosin has 60 seconds left.
|inactive|veryfasttosin has 30 seconds left.
|inactive|veryfasttosin has 20 seconds left.
|
|switch|p1a: Dragonite|Dragonite, M|100/100
|turn|20
|inactive|veryfasttosin has 30 seconds left this turn.
|
|move|p2a: Archeops|Acrobatics|p1a: Dragonite
|-enditem|p2a: Archeops|Flying Gem|[from] gem|[move] Acrobatics
|-crit|p1a: Dragonite
|-damage|p1a: Dragonite|0 fnt
|faint|p1a: Dragonite
|
|-weather|RainDance|[upkeep]
|upkeep
|inactive|veryfasttosin has 30 seconds left.
|
|switch|p1a: Ferrothorn|Ferrothorn, M|57/100 brn
|turn|21
|
|move|p2a: Archeops|Acrobatics|p1a: Ferrothorn
|-crit|p1a: Ferrothorn
|-damage|p1a: Ferrothorn|0 fnt
|-damage|p2a: Archeops|88/100|[from] ability: Iron Barbs|[of] p1a: Ferrothorn
|faint|p1a: Ferrothorn
|
|win|LightningDude42
|raw|veryfasttosin's rating: 1337 &rarr; <strong>1312</strong><br />(-25 for losing)
|raw|LightningDude42's rating: 1263 &rarr; <strong>1294</strong><br />(+31 for winning)
|l|☆veryfasttosin
