|j|☆IUPLC
|j|☆big ups pal
|t:|1706215035
|gametype|singles
|player|p1|IUPLC|iris-gen5bw2|1534
|player|p2|big ups pal|miku-ground|1515
|teamsize|p1|6
|teamsize|p2|6
|gen|5
|tier|[Gen 5] OU
|rated|
|rule|Species Clause: Limit one of each Pokémon
|rule|OHKO Clause: OHKO moves are banned
|rule|Moody Clause: Moody is banned
|rule|Evasion Items Clause: Evasion items are banned
|rule|Evasion Moves Clause: Evasion moves are banned
|rule|Endless Battle Clause: Forcing endless battles is banned
|rule|HP Percentage Mod: HP is shown in percentages
|rule|Evasion Abilities Clause: Evasion abilities are banned
|rule|Sleep Moves Clause: Sleep-inducing moves are banned
|rule|Swagger Clause: Swagger is banned
|rule|Baton Pass Stat Clause: No Baton Passer may have a way to boost its stats
|clearpoke
|poke|p1|Garchomp, F|item
|poke|p1|Dragonite, F|item
|poke|p1|Kyurem-Black|item
|poke|p1|Magnezone|item
|poke|p1|Starmie|item
|poke|p1|Scizor, M|item
|poke|p2|Politoed, F|item
|poke|p2|Breloom, F|item
|poke|p2|Latios, M|item
|poke|p2|Tentacruel, F|item
|poke|p2|Mamoswine, M|item
|poke|p2|Bronzong|item
|teampreview
|inactive|Battle timer is ON: inactive players will automatically lose when time's up. (requested by IUPLC)
|inactive|big ups pal has 120 seconds left.
|
|t:|1706215071
|start
|switch|p1a: Kyurem|Kyurem-Black|100/100
|switch|p2a: Politoed|Politoed, F|100/100
|-ability|p1a: Kyurem|Teravolt
|-weather|RainDance|[from] ability: Drizzle|[of] p2a: Politoed
|turn|1
|
|t:|1706215081
|move|p2a: Politoed|Protect|p2a: Politoed
|-singleturn|p2a: Politoed|Protect
|move|p1a: Kyurem|Outrage|p2a: Politoed
|-activate|p2a: Politoed|move: Protect
|
|-weather|RainDance|[upkeep]
|upkeep
|turn|2
|
|t:|1706215090
|switch|p2a: Bronzong|Bronzong|100/100
|move|p1a: Kyurem|Outrage|p2a: Bronzong
|-resisted|p2a: Bronzong
|-damage|p2a: Bronzong|50/100
|
|-weather|RainDance|[upkeep]
|-heal|p2a: Bronzong|56/100|[from] item: Leftovers
|upkeep
|turn|3
|
|t:|1706215093
|move|p1a: Kyurem|Outrage|p2a: Bronzong|[from]lockedmove
|-resisted|p2a: Bronzong
|-damage|p2a: Bronzong|6/100
|move|p2a: Bronzong|Stealth Rock|p1a: Kyurem
|-sidestart|p1: IUPLC|move: Stealth Rock
|
|-weather|RainDance|[upkeep]
|-heal|p2a: Bronzong|13/100|[from] item: Leftovers
|upkeep
|turn|4
|
|t:|1706215097
|move|p2a: Bronzong|Protect|p2a: Bronzong
|-singleturn|p2a: Bronzong|Protect
|move|p1a: Kyurem|Outrage|p2a: Bronzong|[from]lockedmove
|-activate|p2a: Bronzong|move: Protect
|-start|p1a: Kyurem|confusion|[fatigue]
|
|-weather|RainDance|[upkeep]
|-heal|p2a: Bronzong|19/100|[from] item: Leftovers
|upkeep
|turn|5
|
|t:|1706215104
|switch|p1a: Starmie|Starmie|100/100
|-damage|p1a: Starmie|88/100|[from] Stealth Rock
|-item|p1a: Starmie|Air Balloon
|switch|p2a: Mamoswine|Mamoswine, M|100/100
|
|-weather|RainDance|[upkeep]
|upkeep
|turn|6
|
|t:|1706215122
|switch|p2a: Latios|Latios, M|100/100
|move|p1a: Starmie|Rapid Spin|p2a: Latios
|-damage|p2a: Latios|95/100
|-sideend|p1: IUPLC|Stealth Rock|[from] move: Rapid Spin|[of] p1a: Starmie
|
|-weather|RainDance|[upkeep]
|upkeep
|turn|7
|
|t:|1706215131
|switch|p1a: Magnezone|Magnezone|100/100
|move|p2a: Latios|Thunder|p1a: Magnezone
|-resisted|p1a: Magnezone
|-damage|p1a: Magnezone|73/100
|
|-weather|RainDance|[upkeep]
|upkeep
|turn|8
|
|t:|1706215139
|switch|p2a: Mamoswine|Mamoswine, M|100/100
|switch|p1a: Garchomp|Garchomp, F|100/100
|
|-weather|RainDance|[upkeep]
|upkeep
|turn|9
|
|t:|1706215146
|switch|p1a: Starmie|Starmie|88/100
|-item|p1a: Starmie|Air Balloon
|move|p2a: Mamoswine|Substitute|p2a: Mamoswine
|-start|p2a: Mamoswine|Substitute
|-damage|p2a: Mamoswine|76/100
|
|-weather|RainDance|[upkeep]
|upkeep
|turn|10
|
|t:|1706215150
|move|p1a: Starmie|Surf|p2a: Mamoswine
|-supereffective|p2a: Mamoswine
|-end|p2a: Mamoswine|Substitute
|move|p2a: Mamoswine|Icicle Crash|p1a: Starmie
|-resisted|p1a: Starmie
|-damage|p1a: Starmie|48/100
|-enditem|p1a: Starmie|Air Balloon
|
|-weather|RainDance|[upkeep]
|upkeep
|turn|11
|
|t:|1706215172
|switch|p2a: Tentacruel|Tentacruel, F|100/100
|move|p1a: Starmie|Surf|p2a: Tentacruel
|-resisted|p2a: Tentacruel
|-damage|p2a: Tentacruel|70/100
|
|-weather|RainDance|[upkeep]
|-heal|p2a: Tentacruel|76/100|[from] ability: Rain Dish
|-heal|p2a: Tentacruel|82/100|[from] item: Black Sludge
|upkeep
|turn|12
|
|t:|1706215181
|move|p1a: Starmie|Thunderbolt|p2a: Tentacruel
|-supereffective|p2a: Tentacruel
|-damage|p2a: Tentacruel|38/100
|move|p2a: Tentacruel|Toxic|p1a: Starmie
|-status|p1a: Starmie|tox
|
|-weather|RainDance|[upkeep]
|-heal|p2a: Tentacruel|44/100|[from] ability: Rain Dish
|-heal|p2a: Tentacruel|50/100|[from] item: Black Sludge
|-damage|p1a: Starmie|42/100 tox|[from] psn
|upkeep
|turn|13
|
|t:|1706215184
|switch|p1a: Garchomp|Garchomp, F|100/100
|move|p2a: Tentacruel|Protect||[still]
|-fail|p2a: Tentacruel
|
|-weather|RainDance|[upkeep]
|-heal|p2a: Tentacruel|57/100|[from] ability: Rain Dish
|-heal|p2a: Tentacruel|63/100|[from] item: Black Sludge
|upkeep
|turn|14
|
|t:|1706215199
|move|p1a: Garchomp|Stealth Rock|p2a: Tentacruel
|-sidestart|p2: big ups pal|move: Stealth Rock
|move|p2a: Tentacruel|Toxic|p1a: Garchomp
|-status|p1a: Garchomp|tox
|
|-weather|RainDance|[upkeep]
|-heal|p2a: Tentacruel|69/100|[from] ability: Rain Dish
|-heal|p2a: Tentacruel|75/100|[from] item: Black Sludge
|-damage|p1a: Garchomp|94/100 tox|[from] psn
|upkeep
|turn|15
|
|t:|1706215203
|move|p2a: Tentacruel|Protect|p2a: Tentacruel
|-singleturn|p2a: Tentacruel|Protect
|move|p1a: Garchomp|Earthquake|p2a: Tentacruel
|-activate|p2a: Tentacruel|move: Protect
|
|-weather|RainDance|[upkeep]
|-heal|p2a: Tentacruel|81/100|[from] ability: Rain Dish
|-heal|p2a: Tentacruel|87/100|[from] item: Black Sludge
|-damage|p1a: Garchomp|82/100 tox|[from] psn
|upkeep
|turn|16
|
|t:|1706215208
|switch|p2a: Bronzong|Bronzong|19/100
|-damage|p2a: Bronzong|13/100|[from] Stealth Rock
|move|p1a: Garchomp|Earthquake|p2a: Bronzong
|-immune|p2a: Bronzong|[from] ability: Levitate
|
|-weather|RainDance|[upkeep]
|-heal|p2a: Bronzong|19/100|[from] item: Leftovers
|-damage|p1a: Garchomp|64/100 tox|[from] psn
|upkeep
|turn|17
|
|t:|1706215214
|move|p1a: Garchomp|Outrage|p2a: Bronzong
|-resisted|p2a: Bronzong
|-damage|p2a: Bronzong|0 fnt
|faint|p2a: Bronzong
|
|-weather|RainDance|[upkeep]
|-damage|p1a: Garchomp|39/100 tox|[from] psn
|upkeep
|
|t:|1706215225
|switch|p2a: Mamoswine|Mamoswine, M|76/100
|-damage|p2a: Mamoswine|63/100|[from] Stealth Rock
|turn|18
|
|t:|1706215227
|move|p2a: Mamoswine|Ice Shard|p1a: Garchomp
|-supereffective|p1a: Garchomp
|-damage|p1a: Garchomp|0 fnt
|faint|p1a: Garchomp
|
|-weather|RainDance|[upkeep]
|upkeep
|
|t:|1706215230
|switch|p1a: Kyurem|Kyurem-Black|100/100
|-ability|p1a: Kyurem|Teravolt
|turn|19
|
|t:|1706215257
|switch|p2a: Politoed|Politoed, F|100/100
|-damage|p2a: Politoed|88/100|[from] Stealth Rock
|move|p1a: Kyurem|Dragon Claw|p2a: Politoed
|-crit|p2a: Politoed
|-damage|p2a: Politoed|0 fnt
|faint|p2a: Politoed
|
|-weather|RainDance|[upkeep]
|upkeep
|inactive|big ups pal has 120 seconds left.
|
|t:|1706215280
|switch|p2a: Latios|Latios, M|95/100
|-damage|p2a: Latios|83/100|[from] Stealth Rock
|turn|20
|
|t:|1706215284
|switch|p2a: Tentacruel|Tentacruel, F|87/100
|-damage|p2a: Tentacruel|74/100|[from] Stealth Rock
|switch|p1a: Starmie|Starmie|42/100 tox
|
|-weather|RainDance|[upkeep]
|-heal|p2a: Tentacruel|80/100|[from] ability: Rain Dish
|-heal|p2a: Tentacruel|86/100|[from] item: Black Sludge
|-damage|p1a: Starmie|36/100 tox|[from] psn
|upkeep
|turn|21
|
|t:|1706215291
|move|p2a: Tentacruel|Protect|p2a: Tentacruel
|-singleturn|p2a: Tentacruel|Protect
|move|p1a: Starmie|Thunderbolt|p2a: Tentacruel
|-activate|p2a: Tentacruel|move: Protect
|
|-weather|RainDance|[upkeep]
|-heal|p2a: Tentacruel|93/100|[from] ability: Rain Dish
|-heal|p2a: Tentacruel|99/100|[from] item: Black Sludge
|-damage|p1a: Starmie|23/100 tox|[from] psn
|upkeep
|turn|22
|
|t:|1706215294
|move|p1a: Starmie|Thunderbolt|p2a: Tentacruel
|-supereffective|p2a: Tentacruel
|-damage|p2a: Tentacruel|55/100
|move|p2a: Tentacruel|Rapid Spin|p1a: Starmie
|-damage|p1a: Starmie|20/100 tox
|-sideend|p2: big ups pal|Stealth Rock|[from] move: Rapid Spin|[of] p2a: Tentacruel
|
|-weather|RainDance|[upkeep]
|-heal|p2a: Tentacruel|61/100|[from] ability: Rain Dish
|-heal|p2a: Tentacruel|67/100|[from] item: Black Sludge
|-damage|p1a: Starmie|1/100 tox|[from] psn
|upkeep
|turn|23
|
|t:|1706215299
|move|p2a: Tentacruel|Protect|p2a: Tentacruel
|-singleturn|p2a: Tentacruel|Protect
|move|p1a: Starmie|Surf|p2a: Tentacruel
|-activate|p2a: Tentacruel|move: Protect
|
|-weather|RainDance|[upkeep]
|-heal|p2a: Tentacruel|73/100|[from] ability: Rain Dish
|-heal|p2a: Tentacruel|79/100|[from] item: Black Sludge
|-damage|p1a: Starmie|0 fnt|[from] psn
|faint|p1a: Starmie
|upkeep
|
|t:|1706215300
|switch|p1a: Dragonite|Dragonite, F|100/100
|turn|24
|
|t:|1706215304
|move|p2a: Tentacruel|Scald|p1a: Dragonite
|-resisted|p1a: Dragonite
|-damage|p1a: Dragonite|91/100
|-status|p1a: Dragonite|brn
|-enditem|p1a: Dragonite|Lum Berry|[eat]
|-curestatus|p1a: Dragonite|brn|[msg]
|move|p1a: Dragonite|Dragon Dance|p1a: Dragonite
|-boost|p1a: Dragonite|atk|1
|-boost|p1a: Dragonite|spe|1
|
|-weather|RainDance|[upkeep]
|-heal|p2a: Tentacruel|85/100|[from] ability: Rain Dish
|-heal|p2a: Tentacruel|91/100|[from] item: Black Sludge
|upkeep
|turn|25
|
|t:|1706215332
|switch|p2a: Breloom|Breloom, F, shiny|100/100
|move|p1a: Dragonite|Earthquake|p2a: Breloom
|-resisted|p2a: Breloom
|-damage|p2a: Breloom|60/100
|
|-weather|RainDance|[upkeep]
|-status|p2a: Breloom|tox|[from] item: Toxic Orb
|upkeep
|turn|26
|
|t:|1706215336
|move|p1a: Dragonite|Extreme Speed|p2a: Breloom
|-damage|p2a: Breloom|0 fnt
|faint|p2a: Breloom
|
|-weather|RainDance|[upkeep]
|upkeep
|
|t:|1706215345
|switch|p2a: Mamoswine|Mamoswine, M|63/100
|turn|27
|
|t:|1706215352
|move|p1a: Dragonite|Extreme Speed|p2a: Mamoswine
|-damage|p2a: Mamoswine|7/100
|move|p2a: Mamoswine|Ice Shard|p1a: Dragonite
|-supereffective|p1a: Dragonite
|-damage|p1a: Dragonite|0 fnt
|faint|p1a: Dragonite
|
|-weather|RainDance|[upkeep]
|upkeep
|
|t:|1706215357
|switch|p1a: Scizor|Scizor, M|100/100
|turn|28
|
|t:|1706215362
|switch|p2a: Tentacruel|Tentacruel, F|91/100
|move|p1a: Scizor|U-turn|p2a: Tentacruel
|-resisted|p2a: Tentacruel
|-damage|p2a: Tentacruel|68/100
|
|t:|1706215364
|switch|p1a: Kyurem|Kyurem-Black|100/100|[from] U-turn
|-ability|p1a: Kyurem|Teravolt
|
|-weather|RainDance|[upkeep]
|-heal|p2a: Tentacruel|74/100|[from] ability: Rain Dish
|-heal|p2a: Tentacruel|80/100|[from] item: Black Sludge
|upkeep
|turn|29
|
|t:|1706215368
|move|p2a: Tentacruel|Protect|p2a: Tentacruel
|-singleturn|p2a: Tentacruel|Protect
|move|p1a: Kyurem|Outrage|p2a: Tentacruel
|-activate|p2a: Tentacruel|move: Protect
|
|-weather|RainDance|[upkeep]
|-heal|p2a: Tentacruel|86/100|[from] ability: Rain Dish
|-heal|p2a: Tentacruel|92/100|[from] item: Black Sludge
|upkeep
|turn|30
|
|t:|1706215385
|switch|p2a: Mamoswine|Mamoswine, M|7/100
|move|p1a: Kyurem|Outrage|p2a: Mamoswine
|-damage|p2a: Mamoswine|0 fnt
|faint|p2a: Mamoswine
|
|-weather|RainDance|[upkeep]
|upkeep
|
|t:|1706215388
|switch|p2a: Latios|Latios, M|83/100
|turn|31
|
|t:|1706215390
|move|p2a: Latios|Draco Meteor|p1a: Kyurem
|-supereffective|p1a: Kyurem
|-damage|p1a: Kyurem|0 fnt
|-unboost|p2a: Latios|spa|2
|faint|p1a: Kyurem
|
|-weather|RainDance|[upkeep]
|upkeep
|
|t:|1706215392
|switch|p1a: Scizor|Scizor, M|100/100
|turn|32
|
|t:|1706215394
|move|p2a: Latios|Draco Meteor|p1a: Scizor
|-resisted|p1a: Scizor
|-crit|p1a: Scizor
|-damage|p1a: Scizor|0 fnt
|-unboost|p2a: Latios|spa|2
|faint|p1a: Scizor
|
|-weather|RainDance|[upkeep]
|upkeep
|
|t:|1706215397
|switch|p1a: Magnezone|Magnezone|73/100
|turn|33
|
|t:|1706215399
|move|p2a: Latios|Draco Meteor|p1a: Magnezone
|-resisted|p1a: Magnezone
|-damage|p1a: Magnezone|56/100
|-unboost|p2a: Latios|spa|2
|move|p1a: Magnezone|Sunny Day|p1a: Magnezone
|-weather|SunnyDay
|
|-weather|SunnyDay|[upkeep]
|upkeep
|turn|34
|
|t:|1706215404
|switch|p2a: Tentacruel|Tentacruel, F|92/100
|move|p1a: Magnezone|Thunderbolt|p2a: Tentacruel
|-supereffective|p2a: Tentacruel
|-damage|p2a: Tentacruel|5/100
|
|-weather|SunnyDay|[upkeep]
|-heal|p2a: Tentacruel|11/100|[from] item: Black Sludge
|upkeep
|turn|35
|
|t:|1706215407
|move|p2a: Tentacruel|Protect|p2a: Tentacruel
|-singleturn|p2a: Tentacruel|Protect
|move|p1a: Magnezone|Thunderbolt|p2a: Tentacruel
|-activate|p2a: Tentacruel|move: Protect
|
|-weather|SunnyDay|[upkeep]
|-heal|p2a: Tentacruel|18/100|[from] item: Black Sludge
|upkeep
|turn|36
|
|t:|1706215409
|move|p2a: Tentacruel|Scald|p1a: Magnezone
|-damage|p1a: Magnezone|42/100
|move|p1a: Magnezone|Thunderbolt|p2a: Tentacruel
|-supereffective|p2a: Tentacruel
|-crit|p2a: Tentacruel
|-damage|p2a: Tentacruel|0 fnt
|faint|p2a: Tentacruel
|
|-weather|SunnyDay|[upkeep]
|upkeep
|
|t:|1706215420
|switch|p2a: Latios|Latios, M|83/100
|turn|37
|
|t:|1706215422
|move|p2a: Latios|Draco Meteor|p1a: Magnezone
|-resisted|p1a: Magnezone
|-damage|p1a: Magnezone|0 fnt
|-unboost|p2a: Latios|spa|2
|faint|p1a: Magnezone
|
|win|big ups pal
|raw|IUPLC's rating: 1534 &rarr; <strong>1513</strong><br />(-21 for losing)
|raw|big ups pal's rating: 1515 &rarr; <strong>1536</strong><br />(+21 for winning)
|l|☆IUPLC
|player|p1|
