|j|☆bigman1776
|j|☆Clawdia Chauchat
|t:|1707835922
|gametype|singles
|player|p1|bigman1776|larry|1499
|player|p2|Clawdia Chauchat|winona|1514
|teamsize|p1|6
|teamsize|p2|6
|gen|5
|tier|[Gen 5] OU
|rated|
|rule|Species Clause: Limit one of each Pokémon
|rule|OHKO Clause: OHKO moves are banned
|rule|Moody Clause: Moody is banned
|rule|Evasion Items Clause: Evasion items are banned
|rule|Evasion Moves Clause: Evasion moves are banned
|rule|Endless Battle Clause: Forcing endless battles is banned
|rule|HP Percentage Mod: HP is shown in percentages
|rule|Evasion Abilities Clause: Evasion abilities are banned
|rule|Sleep Moves Clause: Sleep-inducing moves are banned
|rule|Swagger Clause: Swagger is banned
|rule|Baton Pass Stat Clause: No Baton Passer may have a way to boost its stats
|clearpoke
|poke|p1|Garchomp, M|item
|poke|p1|Volcarona, F|item
|poke|p1|Dragonite, M|item
|poke|p1|Breloom, F|item
|poke|p1|Starmie|item
|poke|p1|Scizor, F|item
|poke|p2|Milotic, M|item
|poke|p2|Latios, M|item
|poke|p2|Excadrill, M|item
|poke|p2|Magnezone|item
|poke|p2|Celebi|item
|poke|p2|Landorus-Therian, M|item
|teampreview
|inactive|Battle timer is ON: inactive players will automatically lose when time's up. (requested by bigman1776)
|c|☆bigman1776|glhf
|inactive|Clawdia Chauchat has 120 seconds left.
|inactive|Clawdia Chauchat has 90 seconds left.
|
|t:|1707835990
|start
|switch|p1a: Starmie|Starmie|100/100
|switch|p2a: Landorus|Landorus-Therian, M, shiny|100/100
|-ability|p2a: Landorus|Intimidate|boost
|-unboost|p1a: Starmie|atk|1
|-item|p1a: Starmie|Air Balloon
|turn|1
|c|☆Clawdia Chauchat|u2
|
|t:|1707835995
|move|p2a: Landorus|U-turn|p1a: Starmie
|-supereffective|p1a: Starmie
|-damage|p1a: Starmie|16/100
|-enditem|p1a: Starmie|Air Balloon
|
|t:|1707835999
|switch|p2a: Celebi|Celebi|100/100|[from] U-turn
|move|p1a: Starmie|Thunderbolt|p2a: Celebi
|-resisted|p2a: Celebi
|-damage|p2a: Celebi|89/100
|-status|p2a: Celebi|par
|
|-heal|p2a: Celebi|95/100 par|[from] item: Leftovers
|upkeep
|turn|2
|
|t:|1707836002
|move|p1a: Starmie|Ice Beam|p2a: Celebi
|-supereffective|p2a: Celebi
|-damage|p2a: Celebi|65/100 par
|move|p2a: Celebi|Stealth Rock|p1a: Starmie
|-sidestart|p1: bigman1776|move: Stealth Rock
|
|-heal|p2a: Celebi|71/100 par|[from] item: Leftovers
|upkeep
|turn|3
|
|t:|1707836008
|move|p1a: Starmie|Rapid Spin|p2a: Celebi
|-damage|p2a: Celebi|69/100 par
|-sideend|p1: bigman1776|Stealth Rock|[from] move: Rapid Spin|[of] p1a: Starmie
|cant|p2a: Celebi|par
|
|-heal|p2a: Celebi|75/100 par|[from] item: Leftovers
|upkeep
|turn|4
|
|t:|1707836010
|move|p1a: Starmie|Ice Beam|p2a: Celebi
|-supereffective|p2a: Celebi
|-damage|p2a: Celebi|40/100 par
|move|p2a: Celebi|Recover|p2a: Celebi
|-heal|p2a: Celebi|90/100 par
|
|-heal|p2a: Celebi|97/100 par|[from] item: Leftovers
|upkeep
|turn|5
|
|t:|1707836014
|move|p1a: Starmie|Ice Beam|p2a: Celebi
|-supereffective|p2a: Celebi
|-damage|p2a: Celebi|61/100 par
|move|p2a: Celebi|U-turn|p1a: Starmie
|-supereffective|p1a: Starmie
|-damage|p1a: Starmie|0 fnt
|faint|p1a: Starmie
|
|t:|1707836025
|-curestatus|p2a: Celebi|par|[from] ability: Natural Cure
|switch|p2a: Landorus|Landorus-Therian, M, shiny|100/100|[from] U-turn
|
|upkeep
|
|t:|1707836027
|switch|p1a: Garchomp|Garchomp, M|100/100
|turn|6
|
|t:|1707836038
|move|p2a: Landorus|Hidden Power|p1a: Garchomp
|-supereffective|p1a: Garchomp
|-damage|p1a: Garchomp|27/100
|move|p1a: Garchomp|Stealth Rock|p2a: Landorus
|-sidestart|p2: Clawdia Chauchat|move: Stealth Rock
|
|upkeep
|turn|7
|
|t:|1707836043
|switch|p1a: Volcarona|Volcarona, F|100/100
|move|p2a: Landorus|Hidden Power|p1a: Volcarona
|-resisted|p1a: Volcarona
|-damage|p1a: Volcarona|92/100
|
|upkeep
|turn|8
|
|t:|1707836052
|switch|p2a: Milotic|Milotic, M, shiny|100/100
|-damage|p2a: Milotic|88/100|[from] Stealth Rock
|move|p1a: Volcarona|Quiver Dance|p1a: Volcarona
|-boost|p1a: Volcarona|spa|1
|-boost|p1a: Volcarona|spd|1
|-boost|p1a: Volcarona|spe|1
|
|-heal|p2a: Milotic|94/100|[from] item: Leftovers
|upkeep
|turn|9
|
|t:|1707836055
|switch|p2a: Landorus|Landorus-Therian, M, shiny|100/100
|-damage|p2a: Landorus|88/100|[from] Stealth Rock
|-ability|p2a: Landorus|Intimidate|boost
|-unboost|p1a: Volcarona|atk|1
|move|p1a: Volcarona|Bug Buzz|p2a: Landorus
|-resisted|p2a: Landorus
|-damage|p2a: Landorus|38/100
|
|upkeep
|turn|10
|
|t:|1707836064
|move|p1a: Volcarona|Bug Buzz|p2a: Landorus
|-resisted|p2a: Landorus
|-damage|p2a: Landorus|0 fnt
|faint|p2a: Landorus
|
|upkeep
|
|t:|1707836076
|switch|p2a: Milotic|Milotic, M, shiny|94/100
|-damage|p2a: Milotic|82/100|[from] Stealth Rock
|turn|11
|
|t:|1707836079
|move|p1a: Volcarona|Bug Buzz|p2a: Milotic
|-damage|p2a: Milotic|32/100
|move|p2a: Milotic|Scald|p1a: Volcarona
|-supereffective|p1a: Volcarona
|-damage|p1a: Volcarona|51/100
|
|-heal|p2a: Milotic|38/100|[from] item: Leftovers
|upkeep
|turn|12
|
|t:|1707836090
|move|p1a: Volcarona|Bug Buzz|p2a: Milotic
|-damage|p2a: Milotic|0 fnt
|faint|p2a: Milotic
|
|upkeep
|
|t:|1707836093
|switch|p2a: Magnezone|Magnezone, shiny|100/100
|-damage|p2a: Magnezone|94/100|[from] Stealth Rock
|turn|13
|
|t:|1707836095
|move|p1a: Volcarona|Hidden Power|p2a: Magnezone
|-supereffective|p2a: Magnezone
|-damage|p2a: Magnezone|0 fnt
|faint|p2a: Magnezone
|
|upkeep
|-message|Clawdia Chauchat forfeited.
|
|win|bigman1776
|raw|bigman1776's rating: 1499 &rarr; <strong>1520</strong><br />(+21 for winning)
|raw|Clawdia Chauchat's rating: 1514 &rarr; <strong>1493</strong><br />(-21 for losing)
|l|☆Clawdia Chauchat
|player|p2|
