|j|☆HydreigonSpammer
|j|☆valiavo17
|t:|1735237727
|gametype|singles
|player|p1|HydreigonSpammer|acetrainer|1367
|player|p2|valiavo17|265|1309
|teamsize|p1|6
|teamsize|p2|6
|gen|5
|tier|[Gen 5] OU
|rated|
|rule|Species Clause: Limit one of each Pokémon
|rule|OHKO Clause: OHKO moves are banned
|rule|Moody Clause: Moody is banned
|rule|Evasion Items Clause: Evasion items are banned
|rule|Evasion Moves Clause: Evasion moves are banned
|rule|Endless Battle Clause: Forcing endless battles is banned
|rule|HP Percentage Mod: HP is shown in percentages
|rule|Evasion Abilities Clause: Evasion abilities are banned
|rule|Sleep Moves Clause: Sleep-inducing moves are banned
|rule|Swagger Clause: Swagger is banned
|rule|Baton Pass Stat Clause: No Baton Passer may have a way to boost its stats
|clearpoke
|poke|p1|Machamp, F|item
|poke|p1|Tyranitar, F|item
|poke|p1|Latios, M|item
|poke|p1|Cofagrigus, M|item
|poke|p1|Heatran, F|item
|poke|p1|Scolipede, F|item
|poke|p2|Lucario, F|item
|poke|p2|Azelf|item
|poke|p2|Dragonite, M|item
|poke|p2|Garchomp, M|item
|poke|p2|Starmie|item
|poke|p2|Volcarona, M|item
|teampreview
|
|t:|1735237761
|start
|switch|p1a: LatiosISEZ|Tyranitar, F|100/100
|switch|p2a: Azelf|Azelf|100/100
|-weather|Sandstorm|[from] ability: Sand Stream|[of] p1a: LatiosISEZ
|turn|1
|
|t:|1735237768
|move|p2a: Azelf|Stealth Rock|p1a: LatiosISEZ
|-sidestart|p1: HydreigonSpammer|move: Stealth Rock
|move|p1a: LatiosISEZ|Crunch|p2a: Azelf
|-supereffective|p2a: Azelf
|-enditem|p2a: Azelf|Focus Sash
|-damage|p2a: Azelf|1/100
|
|-weather|Sandstorm|[upkeep]
|-damage|p2a: Azelf|0 fnt|[from] Sandstorm
|faint|p2a: Azelf
|upkeep
|
|t:|1735237778
|switch|p2a: Lucario|Lucario, F|100/100
|turn|2
|
|t:|1735237822
|switch|p2a: Volcarona|Volcarona, M|100/100
|switch|p1a: Ballsbreaker|Scolipede, F, shiny|100/100
|-damage|p1a: Ballsbreaker|76/100|[from] Stealth Rock
|
|-weather|Sandstorm|[upkeep]
|-damage|p1a: Ballsbreaker|69/100|[from] Sandstorm
|-damage|p2a: Volcarona|94/100|[from] Sandstorm
|upkeep
|turn|3
|
|t:|1735237848
|move|p1a: Ballsbreaker|Spikes|p2a: Volcarona
|-sidestart|p2: valiavo17|Spikes
|move|p2a: Volcarona|Quiver Dance|p2a: Volcarona
|-boost|p2a: Volcarona|spa|1
|-boost|p2a: Volcarona|spd|1
|-boost|p2a: Volcarona|spe|1
|
|-weather|Sandstorm|[upkeep]
|-damage|p2a: Volcarona|88/100|[from] Sandstorm
|-damage|p1a: Ballsbreaker|63/100|[from] Sandstorm
|upkeep
|turn|4
|
|t:|1735237864
|move|p2a: Volcarona|Flamethrower|p1a: Ballsbreaker
|-supereffective|p1a: Ballsbreaker
|-damage|p1a: Ballsbreaker|0 fnt
|faint|p1a: Ballsbreaker
|
|-weather|Sandstorm|[upkeep]
|-damage|p2a: Volcarona|82/100|[from] Sandstorm
|upkeep
|
|t:|1735237882
|switch|p1a: I can fly|Heatran, F|100/100
|-damage|p1a: I can fly|88/100|[from] Stealth Rock
|-item|p1a: I can fly|Air Balloon
|turn|5
|inactive|Battle timer is ON: inactive players will automatically lose when time's up. (requested by HydreigonSpammer)
|
|t:|1735237919
|switch|p2a: Starmie|Starmie|100/100
|-item|p2a: Starmie|Air Balloon
|move|p1a: I can fly|Stealth Rock|p2a: Starmie
|-sidestart|p2: valiavo17|move: Stealth Rock
|
|-weather|Sandstorm|[upkeep]
|-damage|p2a: Starmie|94/100|[from] Sandstorm
|upkeep
|turn|6
|
|t:|1735237933
|switch|p1a: Wednesday|Cofagrigus, M, shiny|100/100
|-damage|p1a: Wednesday|88/100|[from] Stealth Rock
|move|p2a: Starmie|Surf|p1a: Wednesday
|-damage|p1a: Wednesday|45/100
|
|-weather|Sandstorm|[upkeep]
|-damage|p2a: Starmie|88/100|[from] Sandstorm
|-damage|p1a: Wednesday|39/100|[from] Sandstorm
|-heal|p1a: Wednesday|45/100|[from] item: Leftovers
|upkeep
|turn|7
|inactive|valiavo17 has 120 seconds left.
|
|t:|1735237991
|switch|p2a: Volcarona|Volcarona, M|82/100
|-damage|p2a: Volcarona|70/100|[from] Spikes
|-damage|p2a: Volcarona|20/100|[from] Stealth Rock
|move|p1a: Wednesday|Shadow Ball|p2a: Volcarona
|-damage|p2a: Volcarona|0 fnt
|faint|p2a: Volcarona
|
|-weather|Sandstorm|[upkeep]
|-damage|p1a: Wednesday|39/100|[from] Sandstorm
|-heal|p1a: Wednesday|45/100|[from] item: Leftovers
|upkeep
|inactive|valiavo17 has 90 seconds left.
|
|t:|1735238003
|switch|p2a: Garchomp|Garchomp, M|100/100
|-damage|p2a: Garchomp|88/100|[from] Spikes
|-damage|p2a: Garchomp|82/100|[from] Stealth Rock
|turn|8
|inactive|valiavo17 has 90 seconds left.
|inactive|HydreigonSpammer has 120 seconds left.
|
|t:|1735238040
|move|p2a: Garchomp|Earthquake|p1a: Wednesday
|-damage|p1a: Wednesday|6/100
|move|p1a: Wednesday|Hidden Power|p2a: Garchomp
|-supereffective|p2a: Garchomp
|-damage|p2a: Garchomp|16/100
|
|-weather|Sandstorm|[upkeep]
|-damage|p1a: Wednesday|0 fnt|[from] Sandstorm
|faint|p1a: Wednesday
|upkeep
|inactive|HydreigonSpammer has 120 seconds left.
|
|t:|1735238055
|switch|p1a: NotHydreigon|Latios, M, shiny|100/100
|-damage|p1a: NotHydreigon|88/100|[from] Stealth Rock
|turn|9
|
|t:|1735238065
|move|p1a: NotHydreigon|Surf|p2a: Garchomp
|-damage|p2a: Garchomp|0 fnt
|faint|p2a: Garchomp
|-damage|p1a: NotHydreigon|78/100|[from] item: Life Orb
|
|-weather|Sandstorm|[upkeep]
|-damage|p1a: NotHydreigon|72/100|[from] Sandstorm
|upkeep
|
|t:|1735238074
|switch|p2a: Starmie|Starmie|88/100
|-damage|p2a: Starmie|76/100|[from] Stealth Rock
|-item|p2a: Starmie|Air Balloon
|turn|10
|inactive|HydreigonSpammer has 120 seconds left.
|
|t:|1735238091
|switch|p1a: LatiosISEZ|Tyranitar, F|100/100
|-damage|p1a: LatiosISEZ|88/100|[from] Stealth Rock
|move|p2a: Starmie|Rapid Spin|p1a: LatiosISEZ
|-resisted|p1a: LatiosISEZ
|-damage|p1a: LatiosISEZ|87/100
|-sideend|p2: valiavo17|Spikes|[from] move: Rapid Spin|[of] p2a: Starmie
|-sideend|p2: valiavo17|Stealth Rock|[from] move: Rapid Spin|[of] p2a: Starmie
|
|-weather|Sandstorm|[upkeep]
|-damage|p2a: Starmie|70/100|[from] Sandstorm
|upkeep
|turn|11
|
|t:|1735238120
|move|p2a: Starmie|Surf|p1a: LatiosISEZ
|-supereffective|p1a: LatiosISEZ
|-damage|p1a: LatiosISEZ|49/100
|move|p1a: LatiosISEZ|Pursuit|p2a: Starmie
|-supereffective|p2a: Starmie
|-damage|p2a: Starmie|5/100
|-enditem|p2a: Starmie|Air Balloon
|
|-weather|Sandstorm|[upkeep]
|-damage|p2a: Starmie|0 fnt|[from] Sandstorm
|faint|p2a: Starmie
|upkeep
|inactive|valiavo17 has 60 seconds left.
|j| Blaise BWOU
|
|t:|1735238147
|switch|p2a: Dragonite|Dragonite, M|100/100
|turn|12
|
|t:|1735238160
|move|p2a: Dragonite|Dragon Dance|p2a: Dragonite
|-boost|p2a: Dragonite|atk|1
|-boost|p2a: Dragonite|spe|1
|move|p1a: LatiosISEZ|Rock Slide|p2a: Dragonite
|-supereffective|p2a: Dragonite
|-damage|p2a: Dragonite|57/100
|
|-weather|Sandstorm|[upkeep]
|-damage|p2a: Dragonite|50/100|[from] Sandstorm
|upkeep
|turn|13
|inactive|valiavo17 has 60 seconds left.
|
|t:|1735238170
|move|p2a: Dragonite|Outrage|p1a: LatiosISEZ
|-damage|p1a: LatiosISEZ|0 fnt
|faint|p1a: LatiosISEZ
|
|-weather|Sandstorm|[upkeep]
|-damage|p2a: Dragonite|44/100|[from] Sandstorm
|upkeep
|
|t:|1735238175
|switch|p1a: I can fly|Heatran, F|88/100
|-damage|p1a: I can fly|76/100|[from] Stealth Rock
|-item|p1a: I can fly|Air Balloon
|turn|14
|
|t:|1735238180
|move|p2a: Dragonite|Outrage|p1a: I can fly|[from]lockedmove
|-resisted|p1a: I can fly
|-damage|p1a: I can fly|27/100
|-enditem|p1a: I can fly|Air Balloon
|move|p1a: I can fly|Hidden Power|p2a: Dragonite
|-supereffective|p2a: Dragonite
|-damage|p2a: Dragonite|0 fnt
|faint|p2a: Dragonite
|
|-weather|Sandstorm|[upkeep]
|upkeep
|
|t:|1735238189
|switch|p2a: Lucario|Lucario, F|100/100
|turn|15
|
|t:|1735238192
|move|p2a: Lucario|Close Combat|p1a: I can fly
|-supereffective|p1a: I can fly
|-damage|p1a: I can fly|0 fnt
|-unboost|p2a: Lucario|def|1
|-unboost|p2a: Lucario|spd|1
|faint|p1a: I can fly
|-damage|p2a: Lucario|91/100|[from] item: Life Orb
|
|-weather|Sandstorm|[upkeep]
|upkeep
|
|t:|1735238195
|switch|p1a: DPP OU|Machamp, F, shiny|100/100
|-damage|p1a: DPP OU|94/100|[from] Stealth Rock
|turn|16
|inactive|valiavo17 has 90 seconds left.
|c|☆HydreigonSpammer|Machamp, go get him!
|
|t:|1735238206
|move|p1a: DPP OU|Dynamic Punch|p2a: Lucario
|-supereffective|p2a: Lucario
|-damage|p2a: Lucario|0 fnt
|faint|p2a: Lucario
|
|win|HydreigonSpammer
|raw|HydreigonSpammer's rating: 1367 &rarr; <strong>1384</strong><br />(+17 for winning)
|raw|valiavo17's rating: 1309 &rarr; <strong>1292</strong><br />(-17 for losing)
