|j|☆Croaset
|j|☆IUPLC
|t:|1706225754
|gametype|singles
|player|p1|Croaset|elesa|1388
|player|p2|IUPLC|iris-gen5bw2|1517
|teamsize|p1|6
|teamsize|p2|6
|gen|5
|tier|[Gen 5] OU
|rated|
|rule|Species Clause: Limit one of each Pokémon
|rule|OHKO Clause: OHKO moves are banned
|rule|Moody Clause: Moody is banned
|rule|Evasion Items Clause: Evasion items are banned
|rule|Evasion Moves Clause: Evasion moves are banned
|rule|Endless Battle Clause: Forcing endless battles is banned
|rule|HP Percentage Mod: HP is shown in percentages
|rule|Evasion Abilities Clause: Evasion abilities are banned
|rule|Sleep Moves Clause: Sleep-inducing moves are banned
|rule|Swagger Clause: Swagger is banned
|rule|Baton Pass Stat Clause: No Baton Passer may have a way to boost its stats
|clearpoke
|poke|p1|Landorus-Therian, M|item
|poke|p1|Latios, M|item
|poke|p1|Scizor, M|item
|poke|p1|Excadrill, M|item
|poke|p1|Rotom-Wash|item
|poke|p1|Dragonite, F|item
|poke|p2|Tyranitar, F|item
|poke|p2|Garchomp, F|item
|poke|p2|Gliscor, F|item
|poke|p2|Excadrill, F|item
|poke|p2|Celebi|item
|poke|p2|Slowbro, F|item
|teampreview
|inactive|Battle timer is ON: inactive players will automatically lose when time's up. (requested by IUPLC)
|
|t:|1706225759
|start
|switch|p1a: High Voltage|Rotom-Wash|100/100
|switch|p2a: Garchomp|Garchomp, F|100/100
|turn|1
|
|t:|1706225764
|move|p2a: Garchomp|Stealth Rock|p1a: High Voltage
|-sidestart|p1: Croaset|move: Stealth Rock
|move|p1a: High Voltage|Will-O-Wisp|p2a: Garchomp
|-status|p2a: Garchomp|brn
|
|-damage|p2a: Garchomp|88/100 brn|[from] brn
|upkeep
|turn|2
|
|t:|1706225771
|switch|p2a: Celebi|Celebi|100/100
|switch|p1a: Scary Monsters|Landorus-Therian, M|100/100
|-damage|p1a: Scary Monsters|88/100|[from] Stealth Rock
|-ability|p1a: Scary Monsters|Intimidate|boost
|-unboost|p2a: Celebi|atk|1
|
|-heal|p1a: Scary Monsters|94/100|[from] item: Leftovers
|upkeep
|turn|3
|
|t:|1706225774
|switch|p2a: Slowbro|Slowbro, F|100/100
|move|p1a: Scary Monsters|U-turn|p2a: Slowbro
|-supereffective|p2a: Slowbro
|-damage|p2a: Slowbro|73/100
|-damage|p1a: Scary Monsters|78/100|[from] item: Rocky Helmet|[of] p2a: Slowbro
|
|t:|1706225777
|switch|p1a: Bullet|Scizor, M|100/100|[from] U-turn
|-damage|p1a: Bullet|88/100|[from] Stealth Rock
|
|upkeep
|turn|4
|
|t:|1706225779
|switch|p2a: Gliscor|Gliscor, F|100/100
|move|p1a: Bullet|U-turn|p2a: Gliscor
|-resisted|p2a: Gliscor
|-damage|p2a: Gliscor|75/100
|
|t:|1706225784
|switch|p1a: Scary Monsters|Landorus-Therian, M|78/100|[from] U-turn
|-damage|p1a: Scary Monsters|65/100|[from] Stealth Rock
|-ability|p1a: Scary Monsters|Intimidate|boost
|-unboost|p2a: Gliscor|atk|1
|
|-heal|p1a: Scary Monsters|71/100|[from] item: Leftovers
|-status|p2a: Gliscor|tox|[from] item: Toxic Orb
|upkeep
|turn|5
|
|t:|1706225788
|switch|p2a: Slowbro|Slowbro, F|100/100
|move|p1a: Scary Monsters|Stealth Rock|p2a: Slowbro
|-sidestart|p2: IUPLC|move: Stealth Rock
|
|-heal|p1a: Scary Monsters|77/100|[from] item: Leftovers
|upkeep
|turn|6
|
|t:|1706225790
|move|p1a: Scary Monsters|U-turn|p2a: Slowbro
|-supereffective|p2a: Slowbro
|-crit|p2a: Slowbro
|-damage|p2a: Slowbro|50/100
|-damage|p1a: Scary Monsters|61/100|[from] item: Rocky Helmet|[of] p2a: Slowbro
|
|t:|1706225797
|switch|p1a: High Voltage|Rotom-Wash|100/100|[from] U-turn
|-damage|p1a: High Voltage|88/100|[from] Stealth Rock
|move|p2a: Slowbro|Scald|p1a: High Voltage
|-resisted|p1a: High Voltage
|-damage|p1a: High Voltage|74/100
|-status|p1a: High Voltage|brn
|
|-heal|p1a: High Voltage|80/100 brn|[from] item: Leftovers
|-damage|p1a: High Voltage|68/100 brn|[from] brn
|upkeep
|turn|7
|
|t:|1706225802
|switch|p2a: Garchomp|Garchomp, F|88/100 brn
|-damage|p2a: Garchomp|82/100 brn|[from] Stealth Rock
|move|p1a: High Voltage|Volt Switch|p2a: Garchomp
|-immune|p2a: Garchomp
|
|-heal|p1a: High Voltage|74/100 brn|[from] item: Leftovers
|-damage|p2a: Garchomp|70/100 brn|[from] brn
|-damage|p1a: High Voltage|62/100 brn|[from] brn
|upkeep
|turn|8
|
|t:|1706225808
|switch|p2a: Celebi|Celebi|100/100
|-damage|p2a: Celebi|88/100|[from] Stealth Rock
|switch|p1a: Scary Monsters|Landorus-Therian, M|61/100
|-damage|p1a: Scary Monsters|49/100|[from] Stealth Rock
|-ability|p1a: Scary Monsters|Intimidate|boost
|-unboost|p2a: Celebi|atk|1
|
|-heal|p1a: Scary Monsters|55/100|[from] item: Leftovers
|-heal|p2a: Celebi|94/100|[from] item: Leftovers
|upkeep
|turn|9
|
|t:|1706225813
|switch|p2a: Garchomp|Garchomp, F|70/100 brn
|-damage|p2a: Garchomp|64/100 brn|[from] Stealth Rock
|move|p1a: Scary Monsters|U-turn|p2a: Garchomp
|-damage|p2a: Garchomp|43/100 brn
|-damage|p1a: Scary Monsters|42/100|[from] ability: Rough Skin|[of] p2a: Garchomp
|
|t:|1706225829
|switch|p1a: Latios|Latios, M|100/100|[from] U-turn
|-damage|p1a: Latios|88/100|[from] Stealth Rock
|
|-damage|p2a: Garchomp|31/100 brn|[from] brn
|upkeep
|turn|10
|
|t:|1706225831
|move|p1a: Latios|Draco Meteor|p2a: Garchomp
|-supereffective|p2a: Garchomp
|-damage|p2a: Garchomp|0 fnt
|-unboost|p1a: Latios|spa|2
|faint|p2a: Garchomp
|
|upkeep
|
|t:|1706225832
|switch|p2a: Tyranitar|Tyranitar, F|100/100
|-damage|p2a: Tyranitar|88/100|[from] Stealth Rock
|-weather|Sandstorm|[from] ability: Sand Stream|[of] p2a: Tyranitar
|turn|11
|
|t:|1706225835
|move|p2a: Tyranitar|Pursuit|p1a: Latios
|-supereffective|p1a: Latios
|-damage|p1a: Latios|28/100
|move|p1a: Latios|Draco Meteor|p2a: Tyranitar
|-damage|p2a: Tyranitar|54/100
|-unboost|p1a: Latios|spa|2
|
|-weather|Sandstorm|[upkeep]
|-damage|p1a: Latios|22/100|[from] Sandstorm
|upkeep
|turn|12
|
|t:|1706225840
|move|p2a: Tyranitar|Pursuit|p1a: Latios
|-supereffective|p1a: Latios
|-damage|p1a: Latios|0 fnt
|faint|p1a: Latios
|
|-weather|Sandstorm|[upkeep]
|upkeep
|
|t:|1706225842
|switch|p1a: Stone Free|Excadrill, M|100/100
|-damage|p1a: Stone Free|97/100|[from] Stealth Rock
|-ability|p1a: Stone Free|Mold Breaker
|turn|13
|
|t:|1706225845
|switch|p2a: Gliscor|Gliscor, F|75/100 tox
|-damage|p2a: Gliscor|62/100 tox|[from] Stealth Rock
|move|p1a: Stone Free|Rapid Spin|p2a: Gliscor
|-damage|p2a: Gliscor|57/100 tox
|-sideend|p1: Croaset|Stealth Rock|[from] move: Rapid Spin|[of] p1a: Stone Free
|
|-weather|Sandstorm|[upkeep]
|-heal|p1a: Stone Free|100/100|[from] item: Leftovers
|-heal|p2a: Gliscor|70/100 tox|[from] ability: Poison Heal
|upkeep
|turn|14
|
|t:|1706225848
|switch|p1a: Scary Monsters|Landorus-Therian, M|42/100
|-ability|p1a: Scary Monsters|Intimidate|boost
|-unboost|p2a: Gliscor|atk|1
|move|p2a: Gliscor|Earthquake|p1a: Scary Monsters
|-immune|p1a: Scary Monsters
|
|-weather|Sandstorm|[upkeep]
|-heal|p1a: Scary Monsters|48/100|[from] item: Leftovers
|-heal|p2a: Gliscor|82/100 tox|[from] ability: Poison Heal
|upkeep
|turn|15
|
|t:|1706225851
|switch|p2a: Slowbro|Slowbro, F|83/100
|-damage|p2a: Slowbro|71/100|[from] Stealth Rock
|move|p1a: Scary Monsters|Hidden Power|p2a: Slowbro
|-resisted|p2a: Slowbro
|-damage|p2a: Slowbro|62/100
|
|-weather|Sandstorm|[upkeep]
|-damage|p2a: Slowbro|56/100|[from] Sandstorm
|-heal|p1a: Scary Monsters|54/100|[from] item: Leftovers
|upkeep
|turn|16
|
|t:|1706225853
|move|p1a: Scary Monsters|U-turn|p2a: Slowbro
|-supereffective|p2a: Slowbro
|-damage|p2a: Slowbro|30/100
|-damage|p1a: Scary Monsters|38/100|[from] item: Rocky Helmet|[of] p2a: Slowbro
|
|t:|1706225855
|switch|p1a: High Voltage|Rotom-Wash|62/100 brn|[from] U-turn
|move|p2a: Slowbro|Slack Off|p2a: Slowbro
|-heal|p2a: Slowbro|80/100
|
|-weather|Sandstorm|[upkeep]
|-damage|p1a: High Voltage|55/100 brn|[from] Sandstorm
|-damage|p2a: Slowbro|74/100|[from] Sandstorm
|-heal|p1a: High Voltage|62/100 brn|[from] item: Leftovers
|-damage|p1a: High Voltage|49/100 brn|[from] brn
|upkeep
|turn|17
|j| Loopooh
|
|t:|1706225857
|switch|p2a: Celebi|Celebi|94/100
|-damage|p2a: Celebi|82/100|[from] Stealth Rock
|move|p1a: High Voltage|Volt Switch|p2a: Celebi
|-resisted|p2a: Celebi
|-damage|p2a: Celebi|70/100
|
|t:|1706225859
|switch|p1a: Bullet|Scizor, M|88/100|[from] Volt Switch
|
|-weather|Sandstorm|[upkeep]
|-damage|p2a: Celebi|64/100|[from] Sandstorm
|-heal|p2a: Celebi|70/100|[from] item: Leftovers
|upkeep
|turn|18
|
|t:|1706225863
|move|p2a: Celebi|Hidden Power|p1a: Bullet
|-supereffective|p1a: Bullet
|-damage|p1a: Bullet|11/100
|move|p1a: Bullet|U-turn|p2a: Celebi
|-supereffective|p2a: Celebi
|-damage|p2a: Celebi|0 fnt
|faint|p2a: Celebi
|
|t:|1706225871
|switch|p1a: Scary Monsters|Landorus-Therian, M|38/100|[from] U-turn
|
|-weather|Sandstorm|[upkeep]
|-heal|p1a: Scary Monsters|44/100|[from] item: Leftovers
|upkeep
|
|t:|1706225874
|switch|p2a: Tyranitar|Tyranitar, F|54/100
|-damage|p2a: Tyranitar|41/100|[from] Stealth Rock
|turn|19
|
|t:|1706225882
|move|p2a: Tyranitar|Pursuit|p1a: Scary Monsters
|-damage|p1a: Scary Monsters|22/100
|move|p1a: Scary Monsters|Earthquake|p2a: Tyranitar
|-supereffective|p2a: Tyranitar
|-damage|p2a: Tyranitar|0 fnt
|faint|p2a: Tyranitar
|
|-weather|Sandstorm|[upkeep]
|-heal|p1a: Scary Monsters|29/100|[from] item: Leftovers
|upkeep
|
|t:|1706225885
|switch|p2a: Slowbro|Slowbro, F|100/100
|-damage|p2a: Slowbro|88/100|[from] Stealth Rock
|turn|20
|
|t:|1706225892
|move|p1a: Scary Monsters|U-turn|p2a: Slowbro
|-supereffective|p2a: Slowbro
|-damage|p2a: Slowbro|61/100
|-damage|p1a: Scary Monsters|12/100|[from] item: Rocky Helmet|[of] p2a: Slowbro
|
|t:|1706225893
|switch|p1a: High Voltage|Rotom-Wash|49/100 brn|[from] U-turn
|move|p2a: Slowbro|Scald|p1a: High Voltage
|-resisted|p1a: High Voltage
|-damage|p1a: High Voltage|35/100 brn
|
|-weather|Sandstorm|[upkeep]
|-damage|p1a: High Voltage|28/100 brn|[from] Sandstorm
|-damage|p2a: Slowbro|55/100|[from] Sandstorm
|-heal|p1a: High Voltage|35/100 brn|[from] item: Leftovers
|-damage|p1a: High Voltage|22/100 brn|[from] brn
|upkeep
|turn|21
|
|t:|1706225896
|switch|p2a: Gliscor|Gliscor, F|82/100 tox
|-damage|p2a: Gliscor|70/100 tox|[from] Stealth Rock
|move|p1a: High Voltage|Pain Split|p2a: Gliscor
|-sethp|p2a: Gliscor|45/100 tox|[from] move: Pain Split|[silent]
|-sethp|p1a: High Voltage|51/100 brn|[from] move: Pain Split
|
|-weather|Sandstorm|[upkeep]
|-damage|p1a: High Voltage|45/100 brn|[from] Sandstorm
|-heal|p1a: High Voltage|51/100 brn|[from] item: Leftovers
|-heal|p2a: Gliscor|57/100 tox|[from] ability: Poison Heal
|-damage|p1a: High Voltage|39/100 brn|[from] brn
|upkeep
|turn|22
|
|t:|1706225898
|move|p2a: Gliscor|Knock Off|p1a: High Voltage
|-damage|p1a: High Voltage|34/100 brn
|-enditem|p1a: High Voltage|Leftovers|[from] move: Knock Off|[of] p2a: Gliscor
|move|p1a: High Voltage|Hydro Pump|p2a: Gliscor
|-supereffective|p2a: Gliscor
|-damage|p2a: Gliscor|0 fnt
|faint|p2a: Gliscor
|
|-weather|Sandstorm|[upkeep]
|-damage|p1a: High Voltage|28/100 brn|[from] Sandstorm
|-damage|p1a: High Voltage|15/100 brn|[from] brn
|upkeep
|
|t:|1706225900
|switch|p2a: Excadrill|Excadrill, F|100/100
|-damage|p2a: Excadrill|97/100|[from] Stealth Rock
|turn|23
|
|t:|1706225907
|move|p2a: Excadrill|Iron Head|p1a: High Voltage
|-resisted|p1a: High Voltage
|-damage|p1a: High Voltage|2/100 brn
|cant|p1a: High Voltage|flinch
|
|-weather|Sandstorm|[upkeep]
|-damage|p1a: High Voltage|0 fnt|[from] Sandstorm
|faint|p1a: High Voltage
|-heal|p2a: Excadrill|100/100|[from] item: Leftovers
|upkeep
|
|t:|1706225911
|switch|p1a: Scary Monsters|Landorus-Therian, M|12/100
|-ability|p1a: Scary Monsters|Intimidate|boost
|-unboost|p2a: Excadrill|atk|1
|turn|24
|
|t:|1706225913
|switch|p2a: Slowbro|Slowbro, F|88/100
|-damage|p2a: Slowbro|76/100|[from] Stealth Rock
|move|p1a: Scary Monsters|Earthquake|p2a: Slowbro
|-damage|p2a: Slowbro|48/100
|
|-weather|Sandstorm|[upkeep]
|-damage|p2a: Slowbro|41/100|[from] Sandstorm
|-heal|p1a: Scary Monsters|18/100|[from] item: Leftovers
|upkeep
|turn|25
|
|t:|1706225916
|move|p1a: Scary Monsters|U-turn|p2a: Slowbro
|-supereffective|p2a: Slowbro
|-damage|p2a: Slowbro|18/100
|-damage|p1a: Scary Monsters|2/100|[from] item: Rocky Helmet|[of] p2a: Slowbro
|
|t:|1706225918
|switch|p1a: Bullet|Scizor, M|11/100|[from] U-turn
|move|p2a: Slowbro|Slack Off|p2a: Slowbro
|-heal|p2a: Slowbro|68/100
|
|-weather|Sandstorm|[upkeep]
|-damage|p2a: Slowbro|62/100|[from] Sandstorm
|upkeep
|turn|26
|
|t:|1706225921
|switch|p2a: Excadrill|Excadrill, F|100/100
|-damage|p2a: Excadrill|97/100|[from] Stealth Rock
|move|p1a: Bullet|U-turn|p2a: Excadrill
|-resisted|p2a: Excadrill
|-damage|p2a: Excadrill|59/100
|
|t:|1706225923
|switch|p1a: Scary Monsters|Landorus-Therian, M|2/100|[from] U-turn
|-ability|p1a: Scary Monsters|Intimidate|boost
|-unboost|p2a: Excadrill|atk|1
|
|-weather|Sandstorm|[upkeep]
|-heal|p1a: Scary Monsters|8/100|[from] item: Leftovers
|-heal|p2a: Excadrill|65/100|[from] item: Leftovers
|upkeep
|turn|27
|
|t:|1706225925
|switch|p2a: Slowbro|Slowbro, F|95/100
|-damage|p2a: Slowbro|82/100|[from] Stealth Rock
|move|p1a: Scary Monsters|Earthquake|p2a: Slowbro
|-crit|p2a: Slowbro
|-damage|p2a: Slowbro|30/100
|
|-weather|Sandstorm|[upkeep]
|-damage|p2a: Slowbro|23/100|[from] Sandstorm
|-heal|p1a: Scary Monsters|14/100|[from] item: Leftovers
|upkeep
|turn|28
|
|t:|1706225927
|switch|p2a: Excadrill|Excadrill, F|65/100
|-damage|p2a: Excadrill|62/100|[from] Stealth Rock
|move|p1a: Scary Monsters|U-turn|p2a: Excadrill
|-resisted|p2a: Excadrill
|-damage|p2a: Excadrill|46/100
|
|t:|1706225931
|switch|p1a: Made in Heaven|Dragonite, F|100/100|[from] U-turn
|
|-weather|Sandstorm|[upkeep]
|-damage|p1a: Made in Heaven|94/100|[from] Sandstorm
|-heal|p2a: Excadrill|52/100|[from] item: Leftovers
|upkeep
|turn|29
|
|t:|1706225935
|move|p2a: Excadrill|Iron Head|p1a: Made in Heaven
|-damage|p1a: Made in Heaven|40/100
|cant|p1a: Made in Heaven|flinch
|
|-weather|Sandstorm|[upkeep]
|-damage|p1a: Made in Heaven|34/100|[from] Sandstorm
|-heal|p2a: Excadrill|58/100|[from] item: Leftovers
|upkeep
|turn|30
|
|t:|1706225940
|move|p2a: Excadrill|Iron Head|p1a: Made in Heaven
|-damage|p1a: Made in Heaven|0 fnt
|faint|p1a: Made in Heaven
|
|-weather|Sandstorm|[upkeep]
|-heal|p2a: Excadrill|64/100|[from] item: Leftovers
|upkeep
|
|t:|1706225942
|switch|p1a: Scary Monsters|Landorus-Therian, M|14/100
|-ability|p1a: Scary Monsters|Intimidate|boost
|-unboost|p2a: Excadrill|atk|1
|turn|31
|
|t:|1706225946
|move|p1a: Scary Monsters|Earthquake|p2a: Excadrill
|-supereffective|p2a: Excadrill
|-damage|p2a: Excadrill|0 fnt
|faint|p2a: Excadrill
|
|-weather|Sandstorm|[upkeep]
|-heal|p1a: Scary Monsters|20/100|[from] item: Leftovers
|upkeep
|
|t:|1706225947
|switch|p2a: Slowbro|Slowbro, F|57/100
|-damage|p2a: Slowbro|44/100|[from] Stealth Rock
|turn|32
|
|t:|1706225952
|move|p1a: Scary Monsters|Earthquake|p2a: Slowbro
|-damage|p2a: Slowbro|15/100
|move|p2a: Slowbro|Slack Off|p2a: Slowbro
|-heal|p2a: Slowbro|65/100
|
|-weather|Sandstorm|[upkeep]
|-damage|p2a: Slowbro|59/100|[from] Sandstorm
|-heal|p1a: Scary Monsters|26/100|[from] item: Leftovers
|upkeep
|turn|33
|
|t:|1706225959
|move|p1a: Scary Monsters|Earthquake|p2a: Slowbro
|-damage|p2a: Slowbro|31/100
|move|p2a: Slowbro|Slack Off|p2a: Slowbro
|-heal|p2a: Slowbro|81/100
|
|-weather|Sandstorm|[upkeep]
|-damage|p2a: Slowbro|75/100|[from] Sandstorm
|-heal|p1a: Scary Monsters|32/100|[from] item: Leftovers
|upkeep
|turn|34
|
|t:|1706225961
|move|p1a: Scary Monsters|Earthquake|p2a: Slowbro
|-damage|p2a: Slowbro|49/100
|move|p2a: Slowbro|Slack Off|p2a: Slowbro
|-heal|p2a: Slowbro|99/100
|
|-weather|Sandstorm|[upkeep]
|-damage|p2a: Slowbro|93/100|[from] Sandstorm
|-heal|p1a: Scary Monsters|38/100|[from] item: Leftovers
|upkeep
|turn|35
|
|t:|1706225964
|move|p1a: Scary Monsters|Earthquake|p2a: Slowbro
|-damage|p2a: Slowbro|64/100
|move|p2a: Slowbro|Slack Off|p2a: Slowbro
|-heal|p2a: Slowbro|100/100
|
|-weather|Sandstorm|[upkeep]
|-damage|p2a: Slowbro|94/100|[from] Sandstorm
|-heal|p1a: Scary Monsters|44/100|[from] item: Leftovers
|upkeep
|turn|36
|
|t:|1706225968
|move|p1a: Scary Monsters|Earthquake|p2a: Slowbro
|-crit|p2a: Slowbro
|-damage|p2a: Slowbro|35/100
|move|p2a: Slowbro|Slack Off|p2a: Slowbro
|-heal|p2a: Slowbro|85/100
|
|-weather|Sandstorm|[upkeep]
|-damage|p2a: Slowbro|79/100|[from] Sandstorm
|-heal|p1a: Scary Monsters|50/100|[from] item: Leftovers
|upkeep
|turn|37
|
|t:|1706225971
|move|p1a: Scary Monsters|Earthquake|p2a: Slowbro
|-damage|p2a: Slowbro|50/100
|move|p2a: Slowbro|Slack Off|p2a: Slowbro
|-heal|p2a: Slowbro|100/100
|
|-weather|Sandstorm|[upkeep]
|-damage|p2a: Slowbro|94/100|[from] Sandstorm
|-heal|p1a: Scary Monsters|56/100|[from] item: Leftovers
|upkeep
|turn|38
|
|t:|1706225976
|move|p1a: Scary Monsters|Earthquake|p2a: Slowbro
|-damage|p2a: Slowbro|68/100
|move|p2a: Slowbro|Slack Off|p2a: Slowbro
|-heal|p2a: Slowbro|100/100
|
|-weather|Sandstorm|[upkeep]
|-damage|p2a: Slowbro|94/100|[from] Sandstorm
|-heal|p1a: Scary Monsters|62/100|[from] item: Leftovers
|upkeep
|turn|39
|
|t:|1706225979
|move|p1a: Scary Monsters|Earthquake|p2a: Slowbro
|-damage|p2a: Slowbro|66/100
|move|p2a: Slowbro|Scald|p1a: Scary Monsters
|-supereffective|p1a: Scary Monsters
|-damage|p1a: Scary Monsters|0 fnt
|faint|p1a: Scary Monsters
|
|-weather|Sandstorm|[upkeep]
|-damage|p2a: Slowbro|60/100|[from] Sandstorm
|upkeep
|
|t:|1706225982
|switch|p1a: Bullet|Scizor, M|11/100
|turn|40
|
|t:|1706225983
|move|p1a: Bullet|U-turn|p2a: Slowbro
|-supereffective|p2a: Slowbro
|-damage|p2a: Slowbro|0 fnt
|-damage|p1a: Bullet|0 fnt|[from] item: Rocky Helmet|[of] p2a: Slowbro
|faint|p1a: Bullet
|faint|p2a: Slowbro
|
|win|Croaset
|raw|Croaset's rating: 1388 &rarr; <strong>1415</strong><br />(+27 for winning)
|raw|IUPLC's rating: 1517 &rarr; <strong>1490</strong><br />(-27 for losing)
|l|☆IUPLC
|player|p2|
