|j|☆lsc29
|j|☆For 4LOM
|t:|1718512067
|gametype|singles
|player|p1|lsc29|lucas|1577
|player|p2|For 4LOM|unknownf|1471
|teamsize|p1|6
|teamsize|p2|6
|gen|5
|tier|[Gen 5] OU
|rated|
|rule|Species Clause: Limit one of each Pokémon
|rule|OHKO Clause: OHKO moves are banned
|rule|Moody Clause: Moody is banned
|rule|Evasion Items Clause: Evasion items are banned
|rule|Evasion Moves Clause: Evasion moves are banned
|rule|Endless Battle Clause: Forcing endless battles is banned
|rule|HP Percentage Mod: HP is shown in percentages
|rule|Evasion Abilities Clause: Evasion abilities are banned
|rule|Sleep Moves Clause: Sleep-inducing moves are banned
|rule|Swagger Clause: Swagger is banned
|rule|Baton Pass Stat Clause: No Baton Passer may have a way to boost its stats
|clearpoke
|poke|p1|Abomasnow, F|item
|poke|p1|Forretress, M|item
|poke|p1|Mamoswine, F|item
|poke|p1|Mandibuzz, F|item
|poke|p1|Jellicent, M|item
|poke|p1|Gliscor, M|item
|poke|p2|Skarmory, F|item
|poke|p2|Jellicent, M|item
|poke|p2|Landorus-Therian, M|item
|poke|p2|Lucario, F|item
|poke|p2|Tyranitar, F|item
|poke|p2|Alakazam, F|item
|teampreview
|inactive|Battle timer is ON: inactive players will automatically lose when time's up. (requested by lsc29)
|c|☆lsc29|Gl
|c|☆For 4LOM|yt
|
|t:|1718512088
|start
|switch|p1a: Mamoswine|Mamoswine, F|100/100
|switch|p2a: Skarmory|Skarmory, F|100/100
|turn|1
|
|t:|1718512091
|move|p2a: Skarmory|Spikes|p1a: Mamoswine
|-sidestart|p1: lsc29|Spikes
|move|p1a: Mamoswine|Icicle Crash|p2a: Skarmory
|-damage|p2a: Skarmory|35/100
|
|upkeep
|turn|2
|
|t:|1718512100
|move|p2a: Skarmory|Stealth Rock|p1a: Mamoswine
|-sidestart|p1: lsc29|move: Stealth Rock
|move|p1a: Mamoswine|Icicle Crash|p2a: Skarmory
|-damage|p2a: Skarmory|0 fnt
|faint|p2a: Skarmory
|
|upkeep
|
|t:|1718512107
|switch|p2a: Jellicent|Jellicent, M|100/100
|-item|p2a: Jellicent|Air Balloon
|turn|3
|
|t:|1718512134
|switch|p1a: Abomasnow|Abomasnow, F|100/100
|-damage|p1a: Abomasnow|88/100|[from] Spikes
|-damage|p1a: Abomasnow|63/100|[from] Stealth Rock
|-weather|Hail|[from] ability: Snow Warning|[of] p1a: Abomasnow
|move|p2a: Jellicent|Will-O-Wisp|p1a: Abomasnow
|-status|p1a: Abomasnow|brn
|
|-weather|Hail|[upkeep]
|-damage|p2a: Jellicent|94/100|[from] Hail
|-heal|p1a: Abomasnow|69/100 brn|[from] item: Leftovers
|-damage|p1a: Abomasnow|57/100 brn|[from] brn
|upkeep
|turn|4
|
|t:|1718512148
|switch|p2a: Tyranitar|Tyranitar, F|100/100
|-weather|Sandstorm|[from] ability: Sand Stream|[of] p2a: Tyranitar
|move|p1a: Abomasnow|Giga Drain|p2a: Tyranitar
|-supereffective|p2a: Tyranitar
|-damage|p2a: Tyranitar|52/100
|-heal|p1a: Abomasnow|81/100 brn|[from] drain|[of] p2a: Tyranitar
|
|-weather|Sandstorm|[upkeep]
|-damage|p1a: Abomasnow|75/100 brn|[from] Sandstorm
|-heal|p1a: Abomasnow|81/100 brn|[from] item: Leftovers
|-damage|p1a: Abomasnow|69/100 brn|[from] brn
|upkeep
|turn|5
|
|t:|1718512159
|switch|p1a: Gliscor|Gliscor, M|100/100
|-damage|p1a: Gliscor|88/100|[from] Stealth Rock
|move|p2a: Tyranitar|Ice Beam|p1a: Gliscor
|-supereffective|p1a: Gliscor
|-damage|p1a: Gliscor|11/100
|
|-weather|Sandstorm|[upkeep]
|-status|p1a: Gliscor|tox|[from] item: Toxic Orb
|upkeep
|turn|6
|
|t:|1718512180
|move|p2a: Tyranitar|Ice Beam|p1a: Gliscor
|-supereffective|p1a: Gliscor
|-damage|p1a: Gliscor|0 fnt
|faint|p1a: Gliscor
|
|-weather|Sandstorm|[upkeep]
|upkeep
|
|t:|1718512194
|switch|p1a: Abomasnow|Abomasnow, F|69/100 brn
|-damage|p1a: Abomasnow|56/100 brn|[from] Spikes
|-damage|p1a: Abomasnow|31/100 brn|[from] Stealth Rock
|-weather|Hail|[from] ability: Snow Warning|[of] p1a: Abomasnow
|turn|7
|
|t:|1718512205
|move|p2a: Tyranitar|Ice Beam|p1a: Abomasnow
|-damage|p1a: Abomasnow|6/100 brn
|move|p1a: Abomasnow|Blizzard|p2a: Tyranitar
|-damage|p2a: Tyranitar|0 fnt
|faint|p2a: Tyranitar
|
|-weather|Hail|[upkeep]
|-heal|p1a: Abomasnow|12/100 brn|[from] item: Leftovers
|-damage|p1a: Abomasnow|0 fnt|[from] brn
|faint|p1a: Abomasnow
|upkeep
|
|t:|1718512220
|switch|p2a: Landorus|Landorus-Therian, M|100/100
|switch|p1a: Mandibuzz|Mandibuzz, F|100/100
|-ability|p2a: Landorus|Intimidate|boost
|-unboost|p1a: Mandibuzz|atk|1
|-damage|p1a: Mandibuzz|75/100|[from] Stealth Rock
|turn|8
|
|t:|1718512238
|move|p2a: Landorus|U-turn|p1a: Mandibuzz
|-damage|p1a: Mandibuzz|58/100
|
|t:|1718512244
|switch|p2a: Lucario|Lucario, F|100/100|[from] U-turn
|move|p1a: Mandibuzz|Foul Play|p2a: Lucario
|-resisted|p2a: Lucario
|-crit|p2a: Lucario
|-damage|p2a: Lucario|60/100
|-ability|p2a: Lucario|Justified|boost
|-boost|p2a: Lucario|atk|1
|
|-weather|Hail|[upkeep]
|-damage|p2a: Lucario|54/100|[from] Hail
|-heal|p1a: Mandibuzz|64/100|[from] item: Leftovers
|upkeep
|turn|9
|inactive|lsc29 has 120 seconds left.
|
|t:|1718512269
|switch|p1a: Jellicent|Jellicent, M|100/100
|-damage|p1a: Jellicent|88/100|[from] Spikes
|-damage|p1a: Jellicent|76/100|[from] Stealth Rock
|move|p2a: Lucario|Close Combat|p1a: Jellicent
|-immune|p1a: Jellicent
|
|-weather|Hail|[upkeep]
|-damage|p2a: Lucario|47/100|[from] Hail
|-damage|p1a: Jellicent|70/100|[from] Hail
|-heal|p1a: Jellicent|76/100|[from] item: Leftovers
|upkeep
|turn|10
|inactive|lsc29 has 120 seconds left.
|
|t:|1718512281
|move|p2a: Lucario|Crunch|p1a: Jellicent
|-supereffective|p1a: Jellicent
|-damage|p1a: Jellicent|0 fnt
|faint|p1a: Jellicent
|-damage|p2a: Lucario|38/100|[from] item: Life Orb
|
|-weather|Hail|[upkeep]
|-damage|p2a: Lucario|31/100|[from] Hail
|upkeep
|inactive|lsc29 has 120 seconds left.
|
|t:|1718512300
|switch|p1a: Forretress|Forretress, M|100/100
|-damage|p1a: Forretress|88/100|[from] Spikes
|-damage|p1a: Forretress|76/100|[from] Stealth Rock
|turn|11
|
|t:|1718512312
|move|p2a: Lucario|Close Combat|p1a: Forretress
|-damage|p1a: Forretress|2/100
|-unboost|p2a: Lucario|def|1
|-unboost|p2a: Lucario|spd|1
|-damage|p2a: Lucario|21/100|[from] item: Life Orb
|move|p1a: Forretress|Spikes|p2a: Lucario
|-sidestart|p2: For 4LOM|Spikes
|
|-weather|Hail|[upkeep]
|-damage|p2a: Lucario|15/100|[from] Hail
|-heal|p1a: Forretress|9/100|[from] item: Leftovers
|upkeep
|turn|12
|
|t:|1718512320
|move|p2a: Lucario|Close Combat|p1a: Forretress
|-damage|p1a: Forretress|0 fnt
|-unboost|p2a: Lucario|def|1
|-unboost|p2a: Lucario|spd|1
|faint|p1a: Forretress
|-damage|p2a: Lucario|5/100|[from] item: Life Orb
|
|-weather|Hail|[upkeep]
|-damage|p2a: Lucario|0 fnt|[from] Hail
|faint|p2a: Lucario
|upkeep
|inactive|lsc29 has 120 seconds left.
|
|t:|1718512331
|switch|p2a: Jellicent|Jellicent, M|94/100
|switch|p1a: Mandibuzz|Mandibuzz, F|64/100
|-item|p2a: Jellicent|Air Balloon
|-damage|p1a: Mandibuzz|39/100|[from] Stealth Rock
|turn|13
|
|t:|1718512334
|move|p2a: Jellicent|Will-O-Wisp|p1a: Mandibuzz
|-status|p1a: Mandibuzz|brn
|move|p1a: Mandibuzz|Taunt|p2a: Jellicent
|-start|p2a: Jellicent|move: Taunt
|
|-weather|Hail|[upkeep]
|-damage|p2a: Jellicent|88/100|[from] Hail
|-heal|p1a: Mandibuzz|45/100 brn|[from] item: Leftovers
|-damage|p1a: Mandibuzz|32/100 brn|[from] brn
|upkeep
|turn|14
|
|t:|1718512342
|switch|p2a: Landorus|Landorus-Therian, M|100/100
|-ability|p2a: Landorus|Intimidate|boost
|-unboost|p1a: Mandibuzz|atk|1
|move|p1a: Mandibuzz|Roost|p1a: Mandibuzz
|-heal|p1a: Mandibuzz|82/100 brn
|-singleturn|p1a: Mandibuzz|move: Roost
|
|-weather|Hail|[upkeep]
|-damage|p2a: Landorus|94/100|[from] Hail
|-heal|p1a: Mandibuzz|88/100 brn|[from] item: Leftovers
|-damage|p1a: Mandibuzz|76/100 brn|[from] brn
|upkeep
|turn|15
|
|t:|1718512347
|move|p2a: Landorus|U-turn|p1a: Mandibuzz
|-damage|p1a: Mandibuzz|59/100 brn
|
|t:|1718512350
|switch|p2a: Jellicent|Jellicent, M|88/100|[from] U-turn
|-item|p2a: Jellicent|Air Balloon
|move|p1a: Mandibuzz|Roost|p1a: Mandibuzz
|-heal|p1a: Mandibuzz|100/100 brn
|-singleturn|p1a: Mandibuzz|move: Roost
|
|-weather|Hail|[upkeep]
|-damage|p2a: Jellicent|82/100|[from] Hail
|-damage|p1a: Mandibuzz|88/100 brn|[from] brn
|upkeep
|turn|16
|
|t:|1718512363
|move|p2a: Jellicent|Taunt|p1a: Mandibuzz
|-start|p1a: Mandibuzz|move: Taunt
|move|p1a: Mandibuzz|Foul Play|p2a: Jellicent
|-supereffective|p2a: Jellicent
|-damage|p2a: Jellicent|66/100
|-enditem|p2a: Jellicent|Air Balloon
|
|-weather|Hail|[upkeep]
|-damage|p2a: Jellicent|60/100|[from] Hail
|-heal|p1a: Mandibuzz|94/100 brn|[from] item: Leftovers
|-damage|p1a: Mandibuzz|82/100 brn|[from] brn
|upkeep
|turn|17
|
|t:|1718512388
|move|p2a: Jellicent|Shadow Ball|p1a: Mandibuzz
|-resisted|p1a: Mandibuzz
|-damage|p1a: Mandibuzz|75/100 brn
|move|p1a: Mandibuzz|Foul Play|p2a: Jellicent
|-supereffective|p2a: Jellicent
|-damage|p2a: Jellicent|44/100
|
|-weather|Hail|[upkeep]
|-damage|p2a: Jellicent|38/100|[from] Hail
|-heal|p1a: Mandibuzz|81/100 brn|[from] item: Leftovers
|-damage|p1a: Mandibuzz|68/100 brn|[from] brn
|upkeep
|turn|18
|
|t:|1718512393
|move|p2a: Jellicent|Recover|p2a: Jellicent
|-heal|p2a: Jellicent|88/100
|move|p1a: Mandibuzz|Foul Play|p2a: Jellicent
|-supereffective|p2a: Jellicent
|-damage|p2a: Jellicent|72/100
|
|-weather|Hail|[upkeep]
|-damage|p2a: Jellicent|66/100|[from] Hail
|-heal|p1a: Mandibuzz|75/100 brn|[from] item: Leftovers
|-damage|p1a: Mandibuzz|62/100 brn|[from] brn
|-end|p1a: Mandibuzz|move: Taunt
|upkeep
|turn|19
|
|t:|1718512398
|switch|p1a: Mamoswine|Mamoswine, F|100/100
|-damage|p1a: Mamoswine|88/100|[from] Spikes
|-damage|p1a: Mamoswine|76/100|[from] Stealth Rock
|move|p2a: Jellicent|Taunt|p1a: Mamoswine
|-start|p1a: Mamoswine|move: Taunt
|
|-weather|Hail|[upkeep]
|-damage|p2a: Jellicent|59/100|[from] Hail
|upkeep
|turn|20
|
|t:|1718512409
|switch|p2a: Landorus|Landorus-Therian, M|94/100
|-ability|p2a: Landorus|Intimidate|boost
|-unboost|p1a: Mamoswine|atk|1
|move|p1a: Mamoswine|Icicle Crash|p2a: Landorus
|-supereffective|p2a: Landorus
|-damage|p2a: Landorus|0 fnt
|faint|p2a: Landorus
|
|-weather|Hail|[upkeep]
|upkeep
|
|t:|1718512415
|switch|p2a: Jellicent|Jellicent, M|59/100
|-damage|p2a: Jellicent|47/100|[from] Spikes
|turn|21
|
|t:|1718512418
|move|p1a: Mamoswine|Icicle Crash|p2a: Jellicent
|-resisted|p2a: Jellicent
|-damage|p2a: Jellicent|24/100
|move|p2a: Jellicent|Recover|p2a: Jellicent
|-heal|p2a: Jellicent|74/100
|
|-weather|Hail|[upkeep]
|-damage|p2a: Jellicent|68/100|[from] Hail
|-end|p1a: Mamoswine|move: Taunt
|upkeep
|turn|22
|
|t:|1718512426
|switch|p1a: Mandibuzz|Mandibuzz, F|62/100 brn
|-damage|p1a: Mandibuzz|37/100 brn|[from] Stealth Rock
|move|p2a: Jellicent|Recover|p2a: Jellicent
|-heal|p2a: Jellicent|100/100
|
|-weather|Hail|[upkeep]
|-damage|p2a: Jellicent|94/100|[from] Hail
|-heal|p1a: Mandibuzz|43/100 brn|[from] item: Leftovers
|-damage|p1a: Mandibuzz|31/100 brn|[from] brn
|upkeep
|turn|23
|
|t:|1718512433
|switch|p1a: Mamoswine|Mamoswine, F|76/100
|-damage|p1a: Mamoswine|63/100|[from] Spikes
|-damage|p1a: Mamoswine|51/100|[from] Stealth Rock
|move|p2a: Jellicent|Taunt|p1a: Mamoswine
|-start|p1a: Mamoswine|move: Taunt
|
|-weather|Hail|[upkeep]
|-damage|p2a: Jellicent|88/100|[from] Hail
|upkeep
|turn|24
|
|t:|1718512435
|move|p1a: Mamoswine|Earthquake|p2a: Jellicent
|-damage|p2a: Jellicent|8/100
|move|p2a: Jellicent|Will-O-Wisp|p1a: Mamoswine
|-status|p1a: Mamoswine|brn
|
|-weather|Hail|[upkeep]
|-damage|p2a: Jellicent|2/100|[from] Hail
|-damage|p1a: Mamoswine|38/100 brn|[from] brn
|upkeep
|turn|25
|
|t:|1718512440
|move|p1a: Mamoswine|Earthquake|p2a: Jellicent
|-damage|p2a: Jellicent|0 fnt
|faint|p2a: Jellicent
|
|-weather|Hail|[upkeep]
|-damage|p1a: Mamoswine|26/100 brn|[from] brn
|-end|p1a: Mamoswine|move: Taunt
|upkeep
|
|t:|1718512442
|switch|p2a: Alakazam|Alakazam, F|100/100
|turn|26
|
|t:|1718512450
|move|p2a: Alakazam|Psyshock|p1a: Mamoswine
|-crit|p1a: Mamoswine
|-damage|p1a: Mamoswine|0 fnt
|faint|p1a: Mamoswine
|
|-weather|Hail|[upkeep]
|upkeep
|
|t:|1718512452
|switch|p1a: Mandibuzz|Mandibuzz, F|31/100 brn
|-damage|p1a: Mandibuzz|6/100 brn|[from] Stealth Rock
|turn|27
|
|t:|1718512458
|move|p2a: Alakazam|Hidden Power|p1a: Mandibuzz
|-supereffective|p1a: Mandibuzz
|-damage|p1a: Mandibuzz|0 fnt
|faint|p1a: Mandibuzz
|
|win|For 4LOM
|raw|lsc29's rating: 1577 &rarr; <strong>1551</strong><br />(-26 for losing)
|raw|For 4LOM's rating: 1471 &rarr; <strong>1497</strong><br />(+26 for winning)
