|j|☆Nalorium
|j|☆vaipeixe
|player|p1|Nalorium|twins-gen4dp|1376
|player|p2|vaipeixe|teammagmagruntf-gen3|1433
|teamsize|p1|6
|teamsize|p2|6
|gametype|singles
|gen|5
|tier|[Gen 5] OU
|rated|
|clearpoke
|poke|p1|Aerodactyl, F|item
|poke|p1|Whimsicott, F|item
|poke|p1|Mew|item
|poke|p1|Thundurus-Therian, M|item
|poke|p1|Latios, M|item
|poke|p1|Empoleon, M|item
|poke|p2|Politoed, M|item
|poke|p2|Keldeo-Resolute|item
|poke|p2|Scizor, F|item
|poke|p2|Tentacruel, M|item
|poke|p2|Thundurus-Therian, M|item
|poke|p2|Garchomp, F|item
|rule|Species Clause: Limit one of each Pokémon
|rule|OHKO Clause: OHKO moves are banned
|rule|Moody Clause: Moody is banned
|rule|Evasion Moves Clause: Evasion moves are banned
|rule|Endless Battle Clause: Forcing endless battles is banned
|rule|HP Percentage Mod: HP is shown in percentages
|rule|Evasion Abilities Clause: Evasion abilities are banned
|rule|Baton Pass Clause: Limit one Baton Passer, can't pass Spe and other stats simultaneously
|rule|Sleep Clause: Sleep-inducing moves are banned
|rule|Swagger Clause: Swagger is banned
|teampreview
|inactive|Battle timer is ON: inactive players will automatically lose when time's up. (requested by vaipeixe)
|
|start
|switch|p1a: Aerodactyl|Aerodactyl, F|100/100
|switch|p2a: Politoed|Politoed, M|100/100
|-weather|RainDance|[from] ability: Drizzle|[of] p2a: Politoed
|turn|1
|
|move|p1a: Aerodactyl|Stealth Rock|p2a: Politoed
|-sidestart|p2: vaipeixe|move: Stealth Rock
|move|p2a: Politoed|Scald|p1a: Aerodactyl
|-supereffective|p1a: Aerodactyl
|-enditem|p1a: Aerodactyl|Focus Sash
|-damage|p1a: Aerodactyl|1/100
|-status|p1a: Aerodactyl|brn
|
|-weather|RainDance|[upkeep]
|-damage|p1a: Aerodactyl|0 fnt|[from] brn
|faint|p1a: Aerodactyl
|upkeep
|
|switch|p1a: Latios|Latios, M|100/100
|turn|2
|
|move|p1a: Latios|Reflect|p1a: Latios
|-sidestart|p1: Nalorium|Reflect
|move|p2a: Politoed|Ice Beam|p1a: Latios
|-supereffective|p1a: Latios
|-damage|p1a: Latios|66/100
|
|-weather|RainDance|[upkeep]
|upkeep
|turn|3
|
|move|p1a: Latios|Light Screen|p1a: Latios
|-sidestart|p1: Nalorium|move: Light Screen
|move|p2a: Politoed|Toxic|p1a: Latios
|-status|p1a: Latios|tox
|
|-weather|RainDance|[upkeep]
|-damage|p1a: Latios|60/100 tox|[from] psn
|upkeep
|turn|4
|
|move|p1a: Latios|Memento|p2a: Politoed
|-unboost|p2a: Politoed|atk|2
|-unboost|p2a: Politoed|spa|2
|faint|p1a: Latios
|move|p2a: Politoed|Ice Beam|p1: Latios|[notarget]
|-fail|p2a: Politoed
|
|-weather|RainDance|[upkeep]
|upkeep
|
|switch|p1a: Mew|Mew|100/100
|turn|5
|
|switch|p2a: Scizor|Scizor, F|100/100
|-damage|p2a: Scizor|88/100|[from] Stealth Rock
|move|p1a: Mew|Calm Mind|p1a: Mew
|-boost|p1a: Mew|spa|1
|-boost|p1a: Mew|spd|1
|
|-weather|RainDance|[upkeep]
|upkeep
|turn|6
|
|move|p2a: Scizor|U-turn|p1a: Mew
|-supereffective|p1a: Mew
|-damage|p1a: Mew|68/100
|-enditem|p1a: Mew|Red Card|[of] p2a: Scizor
|drag|p2a: Politoed|Politoed, M|100/100
|-damage|p2a: Politoed|88/100|[from] Stealth Rock
|move|p1a: Mew|Barrier|p1a: Mew
|-boost|p1a: Mew|def|2
|
|-weather|RainDance|[upkeep]
|-heal|p2a: Politoed|94/100|[from] item: Leftovers
|upkeep
|turn|7
|
|move|p1a: Mew|Calm Mind|p1a: Mew
|-boost|p1a: Mew|spa|1
|-boost|p1a: Mew|spd|1
|move|p2a: Politoed|Toxic|p1a: Mew
|-status|p1a: Mew|tox
|-activate|p1a: Mew|ability: Synchronize
|-status|p2a: Politoed|tox
|
|-weather|RainDance|[upkeep]
|-heal|p2a: Politoed|99/100 tox|[from] item: Leftovers
|-damage|p1a: Mew|62/100 tox|[from] psn
|-damage|p2a: Politoed|94/100 tox|[from] psn
|upkeep
|turn|8
|
|switch|p2a: Keldeo|Keldeo-Resolute|100/100
|-damage|p2a: Keldeo|94/100|[from] Stealth Rock
|move|p1a: Mew|Calm Mind|p1a: Mew
|-boost|p1a: Mew|spa|1
|-boost|p1a: Mew|spd|1
|
|-weather|RainDance|[upkeep]
|-heal|p2a: Keldeo|100/100|[from] item: Leftovers
|-damage|p1a: Mew|50/100 tox|[from] psn
|upkeep
|turn|9
|
|move|p2a: Keldeo|Substitute|p2a: Keldeo
|-start|p2a: Keldeo|Substitute
|-damage|p2a: Keldeo|76/100
|move|p1a: Mew|Baton Pass|p1a: Mew
|
|switch|p1a: Empoleon|Empoleon, M|100/100|[from]move: Baton Pass
|
|-weather|RainDance|[upkeep]
|-heal|p2a: Keldeo|82/100|[from] item: Leftovers
|-sideend|p1: Nalorium|Reflect
|upkeep
|turn|10
|
|move|p2a: Keldeo|Calm Mind|p2a: Keldeo
|-boost|p2a: Keldeo|spa|1
|-boost|p2a: Keldeo|spd|1
|move|p1a: Empoleon|Agility|p1a: Empoleon
|-boost|p1a: Empoleon|spe|2
|
|-weather|RainDance|[upkeep]
|-heal|p2a: Keldeo|88/100|[from] item: Leftovers
|-sideend|p1: Nalorium|move: Light Screen
|upkeep
|turn|11
|
|move|p1a: Empoleon|Surf|p2a: Keldeo
|-resisted|p2a: Keldeo
|-end|p2a: Keldeo|Substitute
|move|p2a: Keldeo|Secret Sword|p1a: Empoleon
|-supereffective|p1a: Empoleon
|-damage|p1a: Empoleon|20/100
|-enditem|p1a: Empoleon|Petaya Berry|[eat]
|-boost|p1a: Empoleon|spa|1|[from] item: Petaya Berry
|
|-weather|RainDance|[upkeep]
|-heal|p2a: Keldeo|94/100|[from] item: Leftovers
|upkeep
|turn|12
|
|move|p1a: Empoleon|Surf|p2a: Keldeo
|-resisted|p2a: Keldeo
|-damage|p2a: Keldeo|0 fnt
|faint|p2a: Keldeo
|
|-weather|RainDance|[upkeep]
|upkeep
|
|switch|p2a: Politoed|Politoed, M|94/100 tox
|-damage|p2a: Politoed|82/100 tox|[from] Stealth Rock
|turn|13
|
|move|p1a: Empoleon|Surf|p2a: Politoed
|-resisted|p2a: Politoed
|-damage|p2a: Politoed|0 fnt
|faint|p2a: Politoed
|
|-weather|RainDance|[upkeep]
|upkeep
|j| 9ate
|
|switch|p2a: Scizor|Scizor, F|88/100
|-damage|p2a: Scizor|76/100|[from] Stealth Rock
|turn|14
|
|move|p2a: Scizor|Bullet Punch|p1a: Empoleon
|-resisted|p1a: Empoleon
|-damage|p1a: Empoleon|15/100
|move|p1a: Empoleon|Surf|p2a: Scizor
|-damage|p2a: Scizor|0 fnt
|faint|p2a: Scizor
|
|-weather|RainDance|[upkeep]
|upkeep
|-message|vaipeixe forfeited.
|
|win|Nalorium
|l|☆vaipeixe
|raw|Nalorium's rating: 1377 &rarr; <strong>1400</strong><br />(+23 for winning)
|raw|vaipeixe's rating: 1433 &rarr; <strong>1410</strong><br />(-23 for losing)
