|j|☆BLJ Mario
|j|☆bxh318916
|t:|1730421237
|gametype|singles
|player|p1|BLJ Mario|blue-gen2|1379
|player|p2|bxh318916|steven|1468
|teamsize|p1|6
|teamsize|p2|6
|gen|5
|tier|[Gen 5] OU
|rated|
|rule|Species Clause: Limit one of each Pokémon
|rule|OHKO Clause: OHKO moves are banned
|rule|Moody Clause: Moody is banned
|rule|Evasion Items Clause: Evasion items are banned
|rule|Evasion Moves Clause: Evasion moves are banned
|rule|Endless Battle Clause: Forcing endless battles is banned
|rule|HP Percentage Mod: HP is shown in percentages
|rule|Evasion Abilities Clause: Evasion abilities are banned
|rule|Sleep Moves Clause: Sleep-inducing moves are banned
|rule|Swagger Clause: Swagger is banned
|rule|Baton Pass Stat Clause: No Baton Passer may have a way to boost its stats
|clearpoke
|poke|p1|Garchomp, F|item
|poke|p1|Volcarona, F|item
|poke|p1|Starmie|item
|poke|p1|Conkeldurr, F|item
|poke|p1|Scizor, M|item
|poke|p1|Latios, M|item
|poke|p2|Tyranitar, F|item
|poke|p2|Keldeo|item
|poke|p2|Garchomp, F|item
|poke|p2|Zapdos|item
|poke|p2|Scizor, F|item
|poke|p2|Starmie|item
|teampreview
|j| chomp29
|inactive|Battle timer is ON: inactive players will automatically lose when time's up. (requested by bxh318916)
|
|t:|1730421290
|start
|switch|p1a: Garchomp|Garchomp, F|100/100
|switch|p2a: Zapdos|Zapdos|100/100
|-ability|p2a: Zapdos|Pressure
|turn|1
|
|t:|1730421300
|move|p1a: Garchomp|Stealth Rock|p2a: Zapdos
|-sidestart|p2: bxh318916|move: Stealth Rock
|move|p2a: Zapdos|Toxic|p1a: Garchomp
|-status|p1a: Garchomp|tox
|
|-damage|p1a: Garchomp|94/100 tox|[from] psn
|upkeep
|turn|2
|
|t:|1730421318
|switch|p1a: Conkeldurr|Conkeldurr, F|100/100
|switch|p2a: Garchomp|Garchomp, F|100/100
|-damage|p2a: Garchomp|94/100|[from] Stealth Rock
|
|upkeep
|turn|3
|
|t:|1730421332
|switch|p2a: Starmie|Starmie|100/100
|-damage|p2a: Starmie|88/100|[from] Stealth Rock
|move|p1a: Conkeldurr|Ice Punch|p2a: Starmie
|-resisted|p2a: Starmie
|-damage|p2a: Starmie|72/100
|
|-heal|p2a: Starmie|79/100|[from] item: Leftovers
|upkeep
|turn|4
|
|t:|1730421349
|move|p2a: Starmie|Rapid Spin|p1a: Conkeldurr
|-damage|p1a: Conkeldurr|98/100
|-sideend|p2: bxh318916|Stealth Rock|[from] move: Rapid Spin|[of] p2a: Starmie
|move|p1a: Conkeldurr|Drain Punch|p2a: Starmie
|-resisted|p2a: Starmie
|-damage|p2a: Starmie|55/100
|-heal|p1a: Conkeldurr|100/100|[from] drain|[of] p2a: Starmie
|
|-heal|p2a: Starmie|62/100|[from] item: Leftovers
|upkeep
|turn|5
|l| chomp29
|
|t:|1730421361
|switch|p1a: Latios|Latios, M|100/100
|move|p2a: Starmie|Thunder Wave|p1a: Latios
|-status|p1a: Latios|par
|
|-heal|p2a: Starmie|68/100|[from] item: Leftovers
|upkeep
|turn|6
|j| chomp29
|
|t:|1730421377
|switch|p2a: Tyranitar|Tyranitar, F|100/100
|-weather|Sandstorm|[from] ability: Sand Stream|[of] p2a: Tyranitar
|move|p1a: Latios|Trick|p2a: Tyranitar
|-activate|p1a: Latios|move: Trick|[of] p2a: Tyranitar
|-item|p2a: Tyranitar|Choice Scarf|[from] move: Trick
|-item|p1a: Latios|Chople Berry|[from] move: Trick
|
|-weather|Sandstorm|[upkeep]
|-damage|p1a: Latios|95/100 par|[from] Sandstorm
|upkeep
|turn|7
|inactive|bxh318916 has 120 seconds left.
|
|t:|1730421408
|-activate|p1a: Latios|move: Pursuit
|move|p2a: Tyranitar|Pursuit|p1a: Latios|[from]Pursuit
|-supereffective|p1a: Latios
|-damage|p1a: Latios|0 fnt
|faint|p1a: Latios
|-hint|A Pokemon can't switch between when it runs out of HP and when it faints
|
|-weather|Sandstorm|[upkeep]
|upkeep
|
|t:|1730421416
|switch|p1a: Scizor|Scizor, M|100/100
|turn|8
|inactive|bxh318916 has 120 seconds left.
|
|t:|1730421428
|switch|p2a: Scizor|Scizor, F|100/100
|move|p1a: Scizor|U-turn|p2a: Scizor
|-resisted|p2a: Scizor
|-damage|p2a: Scizor|80/100
|
|t:|1730421434
|switch|p1a: Volcarona|Volcarona, F|100/100|[from] U-turn
|
|-weather|Sandstorm|[upkeep]
|-damage|p1a: Volcarona|94/100|[from] Sandstorm
|-heal|p2a: Scizor|86/100|[from] item: Leftovers
|upkeep
|turn|9
|inactive|bxh318916 has 120 seconds left.
|
|t:|1730421451
|switch|p2a: Garchomp|Garchomp, F|94/100
|move|p1a: Volcarona|Quiver Dance|p1a: Volcarona
|-boost|p1a: Volcarona|spa|1
|-boost|p1a: Volcarona|spd|1
|-boost|p1a: Volcarona|spe|1
|
|-weather|Sandstorm|[upkeep]
|-damage|p1a: Volcarona|88/100|[from] Sandstorm
|upkeep
|turn|10
|
|t:|1730421466
|move|p2a: Garchomp|Stone Edge|p1a: Volcarona
|-supereffective|p1a: Volcarona
|-crit|p1a: Volcarona
|-damage|p1a: Volcarona|0 fnt
|faint|p1a: Volcarona
|
|-weather|Sandstorm|[upkeep]
|upkeep
|
|t:|1730421474
|switch|p1a: Conkeldurr|Conkeldurr, F|100/100
|turn|11
|
|t:|1730421478
|switch|p2a: Starmie|Starmie|68/100
|move|p1a: Conkeldurr|Drain Punch|p2a: Starmie
|-resisted|p2a: Starmie
|-damage|p2a: Starmie|46/100
|
|-weather|Sandstorm|[upkeep]
|-damage|p2a: Starmie|39/100|[from] Sandstorm
|-damage|p1a: Conkeldurr|94/100|[from] Sandstorm
|-heal|p2a: Starmie|46/100|[from] item: Leftovers
|-heal|p1a: Conkeldurr|100/100|[from] item: Leftovers
|upkeep
|turn|12
|j| veluzer
|
|t:|1730421494
|move|p2a: Starmie|Recover|p2a: Starmie
|-heal|p2a: Starmie|96/100
|move|p1a: Conkeldurr|Drain Punch|p2a: Starmie
|-resisted|p2a: Starmie
|-damage|p2a: Starmie|73/100
|
|-weather|Sandstorm|[upkeep]
|-damage|p2a: Starmie|67/100|[from] Sandstorm
|-damage|p1a: Conkeldurr|94/100|[from] Sandstorm
|-heal|p2a: Starmie|73/100|[from] item: Leftovers
|-heal|p1a: Conkeldurr|100/100|[from] item: Leftovers
|upkeep
|turn|13
|l| chomp29
|
|t:|1730421507
|move|p2a: Starmie|Scald|p1a: Conkeldurr
|-damage|p1a: Conkeldurr|78/100
|move|p1a: Conkeldurr|Bulk Up|p1a: Conkeldurr
|-boost|p1a: Conkeldurr|atk|1
|-boost|p1a: Conkeldurr|def|1
|
|-weather|Sandstorm|[upkeep]
|-damage|p2a: Starmie|67/100|[from] Sandstorm
|-damage|p1a: Conkeldurr|72/100|[from] Sandstorm
|-heal|p2a: Starmie|73/100|[from] item: Leftovers
|-heal|p1a: Conkeldurr|78/100|[from] item: Leftovers
|upkeep
|turn|14
|
|t:|1730421519
|move|p2a: Starmie|Scald|p1a: Conkeldurr
|-damage|p1a: Conkeldurr|55/100
|move|p1a: Conkeldurr|Bulk Up|p1a: Conkeldurr
|-boost|p1a: Conkeldurr|atk|1
|-boost|p1a: Conkeldurr|def|1
|
|-weather|Sandstorm|[upkeep]
|-damage|p2a: Starmie|67/100|[from] Sandstorm
|-damage|p1a: Conkeldurr|49/100|[from] Sandstorm
|-heal|p2a: Starmie|73/100|[from] item: Leftovers
|-heal|p1a: Conkeldurr|55/100|[from] item: Leftovers
|upkeep
|turn|15
|
|t:|1730421532
|move|p2a: Starmie|Scald|p1a: Conkeldurr
|-damage|p1a: Conkeldurr|32/100
|-status|p1a: Conkeldurr|brn
|move|p1a: Conkeldurr|Drain Punch|p2a: Starmie
|-resisted|p2a: Starmie
|-damage|p2a: Starmie|5/100
|-heal|p1a: Conkeldurr|60/100 brn|[from] drain|[of] p2a: Starmie
|
|-weather|Sandstorm|[upkeep]
|-damage|p2a: Starmie|0 fnt|[from] Sandstorm
|-damage|p1a: Conkeldurr|54/100 brn|[from] Sandstorm
|faint|p2a: Starmie
|-heal|p1a: Conkeldurr|60/100 brn|[from] item: Leftovers
|-damage|p1a: Conkeldurr|47/100 brn|[from] brn
|upkeep
|
|t:|1730421550
|switch|p2a: Keldeo|Keldeo|100/100
|turn|16
|
|t:|1730421555
|move|p1a: Conkeldurr|Mach Punch|p2a: Keldeo
|-damage|p2a: Keldeo|29/100
|move|p2a: Keldeo|Hydro Pump|p1a: Conkeldurr
|-damage|p1a: Conkeldurr|0 fnt
|faint|p1a: Conkeldurr
|
|-weather|Sandstorm|[upkeep]
|-damage|p2a: Keldeo|23/100|[from] Sandstorm
|-heal|p2a: Keldeo|29/100|[from] item: Leftovers
|upkeep
|
|t:|1730421578
|switch|p1a: Scizor|Scizor, M|100/100
|turn|17
|
|t:|1730421583
|switch|p2a: Scizor|Scizor, F|86/100
|move|p1a: Scizor|Bullet Punch|p2a: Scizor
|-resisted|p2a: Scizor
|-damage|p2a: Scizor|68/100
|
|-weather|Sandstorm|[upkeep]
|-heal|p2a: Scizor|74/100|[from] item: Leftovers
|upkeep
|turn|18
|
|t:|1730421594
|switch|p1a: Garchomp|Garchomp, F|94/100 tox
|move|p2a: Scizor|U-turn|p1a: Garchomp
|-damage|p1a: Garchomp|60/100 tox
|-damage|p2a: Scizor|62/100|[from] ability: Rough Skin|[of] p1a: Garchomp
|
|t:|1730421605
|switch|p2a: Garchomp|Garchomp, F|94/100|[from] U-turn
|
|-weather|Sandstorm|[upkeep]
|-damage|p1a: Garchomp|54/100 tox|[from] psn
|upkeep
|turn|19
|
|t:|1730421612
|switch|p1a: Scizor|Scizor, M|100/100
|move|p2a: Garchomp|Earthquake|p1a: Scizor
|-crit|p1a: Scizor
|-damage|p1a: Scizor|0 fnt
|faint|p1a: Scizor
|
|-weather|Sandstorm|[upkeep]
|upkeep
|
|t:|1730421618
|switch|p1a: Starmie|Starmie|100/100
|-item|p1a: Starmie|Air Balloon
|turn|20
|j| chomp29
|
|t:|1730421639
|switch|p2a: Keldeo|Keldeo|29/100
|move|p1a: Starmie|Ice Beam|p2a: Keldeo
|-resisted|p2a: Keldeo
|-damage|p2a: Keldeo|8/100
|
|-weather|Sandstorm|[upkeep]
|-damage|p1a: Starmie|94/100|[from] Sandstorm
|-damage|p2a: Keldeo|2/100|[from] Sandstorm
|-heal|p2a: Keldeo|8/100|[from] item: Leftovers
|upkeep
|turn|21
|
|t:|1730421651
|move|p1a: Starmie|Ice Beam|p2a: Keldeo
|-resisted|p2a: Keldeo
|-damage|p2a: Keldeo|0 fnt
|faint|p2a: Keldeo
|
|-weather|Sandstorm|[upkeep]
|-damage|p1a: Starmie|88/100|[from] Sandstorm
|upkeep
|
|t:|1730421665
|switch|p2a: Scizor|Scizor, F|62/100
|turn|22
|
|t:|1730421671
|move|p1a: Starmie|Hydro Pump|p2a: Scizor
|-damage|p2a: Scizor|1/100
|move|p2a: Scizor|U-turn|p1a: Starmie
|-supereffective|p1a: Starmie
|-damage|p1a: Starmie|0 fnt
|-enditem|p1a: Starmie|Air Balloon
|faint|p1a: Starmie
|
|t:|1730421683
|switch|p2a: Garchomp|Garchomp, F|94/100|[from] U-turn
|
|-weather|Sandstorm|[upkeep]
|upkeep
|
|t:|1730421691
|switch|p1a: Garchomp|Garchomp, F|54/100 tox
|turn|23
|l| chomp29
|
|t:|1730421705
|move|p2a: Garchomp|Outrage|p1a: Garchomp
|-supereffective|p1a: Garchomp
|-damage|p1a: Garchomp|0 fnt
|-damage|p2a: Garchomp|82/100|[from] ability: Rough Skin|[of] p1a: Garchomp
|faint|p1a: Garchomp
|
|win|bxh318916
|raw|BLJ Mario's rating: 1379 &rarr; <strong>1364</strong><br />(-15 for losing)
|raw|bxh318916's rating: 1468 &rarr; <strong>1483</strong><br />(+15 for winning)
|l|☆bxh318916
|player|p2|
|l| veluzer
|j| chomp29
|c| chomp29|Mario
