|j|☆kland
|j|☆go canada
|player|p1|kland|2|1437
|player|p2|go canada|1|1341
|teamsize|p1|6
|teamsize|p2|6
|gametype|singles
|gen|5
|tier|[Gen 5] OU
|rated|
|rule|Sleep Clause Mod: Limit one foe put to sleep
|rule|Species Clause: Limit one of each Pokémon
|rule|OHKO Clause: OHKO moves are banned
|rule|Moody Clause: Moody is banned
|rule|Evasion Moves Clause: Evasion moves are banned
|rule|Endless Battle Clause: Forcing endless battles is banned
|rule|HP Percentage Mod: HP is shown in percentages
|rule|Evasion Abilities Clause: Evasion abilities are banned
|rule|Baton Pass Clause: Limit one Baton Passer, can't pass Spe and other stats simultaneously
|rule|Swagger Clause: Swagger is banned
|clearpoke
|poke|p1|Politoed, M|item
|poke|p1|Ferrothorn, M|item
|poke|p1|Tornadus, M|item
|poke|p1|Kyurem|item
|poke|p1|Excadrill, M|item
|poke|p1|Latios, M|item
|poke|p2|Hippowdon, F|item
|poke|p2|Ferrothorn, F|item
|poke|p2|Reuniclus, M|item
|poke|p2|Dragonite, M|item
|poke|p2|Togekiss, M|item
|poke|p2|Excadrill, F|item
|teampreview
|
|start
|switch|p1a: Tornadus|Tornadus, M|100/100
|switch|p2a: Hippowdon|Hippowdon, F|100/100
|-weather|Sandstorm|[from] ability: Sand Stream|[of] p2a: Hippowdon
|turn|1
|j| HSOWA
|j| firelit nights
|j| insulae
|
|move|p1a: Tornadus|Hurricane|p2a: Hippowdon
|-damage|p2a: Hippowdon|25/100
|-start|p2a: Hippowdon|confusion
|-activate|p2a: Hippowdon|confusion
|move|p2a: Hippowdon|Stealth Rock|p1a: Tornadus
|-sidestart|p1: kland|move: Stealth Rock
|
|-weather|Sandstorm|[upkeep]
|-damage|p1a: Tornadus|94/100|[from] Sandstorm
|-heal|p2a: Hippowdon|31/100|[from] item: Leftovers
|upkeep
|turn|2
|
|switch|p2a: Ferrothorn|Ferrothorn, F|100/100
|move|p1a: Tornadus|Hurricane|p2a: Ferrothorn
|-damage|p2a: Ferrothorn|46/100
|
|-weather|Sandstorm|[upkeep]
|-damage|p1a: Tornadus|88/100|[from] Sandstorm
|-heal|p2a: Ferrothorn|52/100|[from] item: Leftovers
|upkeep
|turn|3
|
|move|p2a: Ferrothorn|Protect|p2a: Ferrothorn
|-singleturn|p2a: Ferrothorn|Protect
|move|p1a: Tornadus|Hurricane|p2a: Ferrothorn
|-activate|p2a: Ferrothorn|move: Protect
|
|-weather|Sandstorm|[upkeep]
|-damage|p1a: Tornadus|82/100|[from] Sandstorm
|-heal|p2a: Ferrothorn|58/100|[from] item: Leftovers
|upkeep
|turn|4
|
|switch|p1a: Excadrill|Excadrill, M|100/100
|-damage|p1a: Excadrill|98/100|[from] Stealth Rock
|-ability|p1a: Excadrill|Mold Breaker
|-item|p1a: Excadrill|Air Balloon
|move|p2a: Ferrothorn|Leech Seed|p1a: Excadrill
|-start|p1a: Excadrill|move: Leech Seed
|
|-weather|Sandstorm|[upkeep]
|-heal|p2a: Ferrothorn|64/100|[from] item: Leftovers
|-damage|p1a: Excadrill|85/100|[from] Leech Seed|[of] p2a: Ferrothorn
|-heal|p2a: Ferrothorn|77/100|[silent]
|upkeep
|turn|5
|
|move|p1a: Excadrill|Swords Dance|p1a: Excadrill
|-boost|p1a: Excadrill|atk|2
|move|p2a: Ferrothorn|Power Whip|p1a: Excadrill
|-damage|p1a: Excadrill|35/100
|-enditem|p1a: Excadrill|Air Balloon
|
|-weather|Sandstorm|[upkeep]
|-heal|p2a: Ferrothorn|84/100|[from] item: Leftovers
|-damage|p1a: Excadrill|22/100|[from] Leech Seed|[of] p2a: Ferrothorn
|-heal|p2a: Ferrothorn|97/100|[silent]
|upkeep
|turn|6
|
|move|p2a: Ferrothorn|Protect|p2a: Ferrothorn
|-singleturn|p2a: Ferrothorn|Protect
|move|p1a: Excadrill|Rapid Spin|p2a: Ferrothorn
|-activate|p2a: Ferrothorn|move: Protect
|
|-weather|Sandstorm|[upkeep]
|-heal|p2a: Ferrothorn|100/100|[from] item: Leftovers
|-damage|p1a: Excadrill|10/100|[from] Leech Seed|[of] p2a: Ferrothorn
|upkeep
|turn|7
|
|switch|p2a: Excadrill|Excadrill, F|100/100
|-ability|p2a: Excadrill|Mold Breaker
|-item|p2a: Excadrill|Air Balloon
|move|p1a: Excadrill|Earthquake|p2a: Excadrill
|-immune|p2a: Excadrill
|
|-weather|Sandstorm|[upkeep]
|-damage|p1a: Excadrill|0 fnt|[from] Leech Seed|[of] p2a: Excadrill
|faint|p1a: Excadrill
|upkeep
|
|switch|p1a: Politoed|Politoed, M|100/100
|-damage|p1a: Politoed|88/100|[from] Stealth Rock
|-weather|RainDance|[from] ability: Drizzle|[of] p1a: Politoed
|turn|8
|
|switch|p2a: Ferrothorn|Ferrothorn, F|100/100
|move|p1a: Politoed|Scald|p2a: Ferrothorn
|-resisted|p2a: Ferrothorn
|-damage|p2a: Ferrothorn|89/100
|
|-weather|RainDance|[upkeep]
|-heal|p1a: Politoed|94/100|[from] item: Leftovers
|-heal|p2a: Ferrothorn|95/100|[from] item: Leftovers
|upkeep
|turn|9
|
|switch|p1a: Ferrothorn|Ferrothorn, M|100/100
|-damage|p1a: Ferrothorn|95/100|[from] Stealth Rock
|move|p2a: Ferrothorn|Spikes|p1a: Ferrothorn
|-sidestart|p1: kland|Spikes
|
|-weather|RainDance|[upkeep]
|-heal|p2a: Ferrothorn|100/100|[from] item: Leftovers
|-heal|p1a: Ferrothorn|100/100|[from] item: Leftovers
|upkeep
|turn|10
|
|move|p2a: Ferrothorn|Spikes|p1a: Ferrothorn
|-sidestart|p1: kland|Spikes
|move|p1a: Ferrothorn|Stealth Rock|p2a: Ferrothorn
|-sidestart|p2: go canada|move: Stealth Rock
|
|-weather|RainDance|[upkeep]
|upkeep
|turn|11
|
|move|p2a: Ferrothorn|Spikes|p1a: Ferrothorn
|-sidestart|p1: kland|Spikes
|move|p1a: Ferrothorn|Spikes|p2a: Ferrothorn
|-sidestart|p2: go canada|Spikes
|
|-weather|RainDance|[upkeep]
|upkeep
|turn|12
|
|switch|p2a: Excadrill|Excadrill, F|100/100
|-damage|p2a: Excadrill|98/100|[from] Stealth Rock
|-ability|p2a: Excadrill|Mold Breaker
|-item|p2a: Excadrill|Air Balloon
|move|p1a: Ferrothorn|Gyro Ball|p2a: Excadrill
|-resisted|p2a: Excadrill
|-damage|p2a: Excadrill|65/100
|-enditem|p2a: Excadrill|Air Balloon
|
|-weather|RainDance|[upkeep]
|upkeep
|turn|13
|
|move|p2a: Excadrill|Swords Dance|p2a: Excadrill
|-boost|p2a: Excadrill|atk|2
|move|p1a: Ferrothorn|Gyro Ball|p2a: Excadrill
|-resisted|p2a: Excadrill
|-damage|p2a: Excadrill|33/100
|
|-weather|RainDance|[upkeep]
|upkeep
|turn|14
|
|move|p2a: Excadrill|Rapid Spin|p1a: Ferrothorn
|-resisted|p1a: Ferrothorn
|-damage|p1a: Ferrothorn|96/100
|-damage|p2a: Excadrill|20/100|[from] ability: Iron Barbs|[of] p1a: Ferrothorn
|-sideend|p2: go canada|Spikes|[from] move: Rapid Spin|[of] p2a: Excadrill
|-sideend|p2: go canada|Stealth Rock|[from] move: Rapid Spin|[of] p2a: Excadrill
|move|p1a: Ferrothorn|Gyro Ball|p2a: Excadrill
|-resisted|p2a: Excadrill
|-damage|p2a: Excadrill|0 fnt
|faint|p2a: Excadrill
|
|-weather|RainDance|[upkeep]
|-heal|p1a: Ferrothorn|100/100|[from] item: Leftovers
|upkeep
|
|switch|p2a: Hippowdon|Hippowdon, F|31/100
|-weather|Sandstorm|[from] ability: Sand Stream|[of] p2a: Hippowdon
|turn|15
|
|move|p2a: Hippowdon|Slack Off|p2a: Hippowdon
|-heal|p2a: Hippowdon|81/100
|move|p1a: Ferrothorn|Stealth Rock|p2a: Hippowdon
|-sidestart|p2: go canada|move: Stealth Rock
|
|-weather|Sandstorm|[upkeep]
|-heal|p2a: Hippowdon|88/100|[from] item: Leftovers
|upkeep
|turn|16
|
|switch|p2a: Reuniclus|Reuniclus, M|100/100
|move|p1a: Ferrothorn|Spikes|p2a: Reuniclus
|-sidestart|p2: go canada|Spikes
|
|-weather|Sandstorm|[upkeep]
|upkeep
|turn|17
|
|switch|p1a: Latios|Latios, M|100/100
|-damage|p1a: Latios|88/100|[from] Stealth Rock
|move|p2a: Reuniclus|Calm Mind|p2a: Reuniclus
|-boost|p2a: Reuniclus|spa|1
|-boost|p2a: Reuniclus|spd|1
|
|-weather|Sandstorm|[upkeep]
|-damage|p1a: Latios|82/100|[from] Sandstorm
|upkeep
|turn|18
|
|move|p1a: Latios|Trick|p2a: Reuniclus
|-activate|p1a: Latios|move: Trick|[of] p2a: Reuniclus
|-item|p2a: Reuniclus|Choice Scarf|[from] move: Trick
|-item|p1a: Latios|Leftovers|[from] move: Trick
|move|p2a: Reuniclus|Recover||[still]
|-fail|p2a: Reuniclus
|
|-weather|Sandstorm|[upkeep]
|-damage|p1a: Latios|76/100|[from] Sandstorm
|-heal|p1a: Latios|82/100|[from] item: Leftovers
|upkeep
|turn|19
|
|switch|p1a: Ferrothorn|Ferrothorn, M|100/100
|-damage|p1a: Ferrothorn|76/100|[from] Spikes
|-damage|p1a: Ferrothorn|70/100|[from] Stealth Rock
|switch|p2a: Ferrothorn|Ferrothorn, F|100/100
|-damage|p2a: Ferrothorn|94/100|[from] Stealth Rock
|-damage|p2a: Ferrothorn|82/100|[from] Spikes
|
|-weather|Sandstorm|[upkeep]
|-heal|p2a: Ferrothorn|88/100|[from] item: Leftovers
|-heal|p1a: Ferrothorn|76/100|[from] item: Leftovers
|upkeep
|turn|20
|
|switch|p2a: Dragonite|Dragonite, M|100/100
|-damage|p2a: Dragonite|76/100|[from] Stealth Rock
|move|p1a: Ferrothorn|Spikes|p2a: Dragonite
|-sidestart|p2: go canada|Spikes
|
|-weather|Sandstorm|[upkeep]
|-damage|p2a: Dragonite|69/100|[from] Sandstorm
|-heal|p2a: Dragonite|76/100|[from] item: Leftovers
|-heal|p1a: Ferrothorn|82/100|[from] item: Leftovers
|upkeep
|turn|21
|
|move|p2a: Dragonite|Substitute|p2a: Dragonite
|-start|p2a: Dragonite|Substitute
|-damage|p2a: Dragonite|51/100
|move|p1a: Ferrothorn|Gyro Ball|p2a: Dragonite
|-end|p2a: Dragonite|Substitute
|
|-weather|Sandstorm|[upkeep]
|-damage|p2a: Dragonite|45/100|[from] Sandstorm
|-heal|p2a: Dragonite|51/100|[from] item: Leftovers
|-heal|p1a: Ferrothorn|88/100|[from] item: Leftovers
|upkeep
|turn|22
|
|switch|p1a: Politoed|Politoed, M|94/100
|-damage|p1a: Politoed|82/100|[from] Stealth Rock
|-damage|p1a: Politoed|57/100|[from] Spikes
|-weather|RainDance|[from] ability: Drizzle|[of] p1a: Politoed
|move|p2a: Dragonite|Fire Blast|p1a: Politoed
|-resisted|p1a: Politoed
|-damage|p1a: Politoed|50/100
|
|-weather|RainDance|[upkeep]
|-heal|p2a: Dragonite|57/100|[from] item: Leftovers
|-heal|p1a: Politoed|56/100|[from] item: Leftovers
|upkeep
|turn|23
|
|move|p2a: Dragonite|Substitute|p2a: Dragonite
|-start|p2a: Dragonite|Substitute
|-damage|p2a: Dragonite|32/100
|move|p1a: Politoed|Encore|p2a: Dragonite
|-start|p2a: Dragonite|Encore
|
|-weather|RainDance|[upkeep]
|-heal|p2a: Dragonite|38/100|[from] item: Leftovers
|-heal|p1a: Politoed|62/100|[from] item: Leftovers
|upkeep
|turn|24
|
|switch|p1a: Kyurem|Kyurem|100/100
|-damage|p1a: Kyurem|76/100|[from] Spikes
|-damage|p1a: Kyurem|51/100|[from] Stealth Rock
|-ability|p1a: Kyurem|Pressure
|move|p2a: Dragonite|Substitute|p2a: Dragonite
|-fail|p2a: Dragonite|move: Substitute
|
|-weather|RainDance|[upkeep]
|-heal|p2a: Dragonite|45/100|[from] item: Leftovers
|upkeep
|turn|25
|
|move|p1a: Kyurem|Ice Beam|p2a: Dragonite
|-supereffective|p2a: Dragonite
|-end|p2a: Dragonite|Substitute
|move|p2a: Dragonite|Substitute|p2a: Dragonite
|-start|p2a: Dragonite|Substitute
|-damage|p2a: Dragonite|20/100
|
|-weather|RainDance|[upkeep]
|-heal|p2a: Dragonite|26/100|[from] item: Leftovers
|upkeep
|turn|26
|
|move|p1a: Kyurem|Ice Beam|p2a: Dragonite
|-supereffective|p2a: Dragonite
|-end|p2a: Dragonite|Substitute
|move|p2a: Dragonite|Substitute|p2a: Dragonite
|-start|p2a: Dragonite|Substitute
|-damage|p2a: Dragonite|1/100
|
|-weather|RainDance|[upkeep]
|-heal|p2a: Dragonite|7/100|[from] item: Leftovers
|-end|p2a: Dragonite|Encore
|upkeep
|turn|27
|
|switch|p1a: Ferrothorn|Ferrothorn, M|88/100
|-damage|p1a: Ferrothorn|82/100|[from] Stealth Rock
|-damage|p1a: Ferrothorn|57/100|[from] Spikes
|move|p2a: Dragonite|Roost|p2a: Dragonite
|-heal|p2a: Dragonite|57/100
|-singleturn|p2a: Dragonite|move: Roost
|
|-weather|RainDance|[upkeep]
|-heal|p2a: Dragonite|63/100|[from] item: Leftovers
|-heal|p1a: Ferrothorn|63/100|[from] item: Leftovers
|upkeep
|turn|28
|
|move|p2a: Dragonite|Fire Blast|p1a: Ferrothorn
|-supereffective|p1a: Ferrothorn
|-damage|p1a: Ferrothorn|20/100
|move|p1a: Ferrothorn|Gyro Ball|p2a: Dragonite
|-end|p2a: Dragonite|Substitute
|
|-weather|RainDance|[upkeep]
|-heal|p2a: Dragonite|70/100|[from] item: Leftovers
|-heal|p1a: Ferrothorn|26/100|[from] item: Leftovers
|upkeep
|turn|29
|
|switch|p1a: Politoed|Politoed, M|62/100
|-damage|p1a: Politoed|50/100|[from] Stealth Rock
|-damage|p1a: Politoed|25/100|[from] Spikes
|move|p2a: Dragonite|Substitute|p2a: Dragonite
|-start|p2a: Dragonite|Substitute
|-damage|p2a: Dragonite|45/100
|
|-weather|RainDance|[upkeep]
|-heal|p2a: Dragonite|51/100|[from] item: Leftovers
|-heal|p1a: Politoed|31/100|[from] item: Leftovers
|upkeep
|turn|30
|
|move|p1a: Politoed|Encore|p2a: Dragonite
|-start|p2a: Dragonite|Encore
|move|p2a: Dragonite|Substitute|p2a: Dragonite
|-fail|p2a: Dragonite|move: Substitute
|
|-weather|RainDance|[upkeep]
|-heal|p2a: Dragonite|57/100|[from] item: Leftovers
|-heal|p1a: Politoed|37/100|[from] item: Leftovers
|upkeep
|turn|31
|
|switch|p1a: Kyurem|Kyurem|51/100
|-damage|p1a: Kyurem|26/100|[from] Spikes
|-damage|p1a: Kyurem|1/100|[from] Stealth Rock
|-ability|p1a: Kyurem|Pressure
|move|p2a: Dragonite|Substitute|p2a: Dragonite
|-fail|p2a: Dragonite|move: Substitute
|
|-weather|RainDance|[upkeep]
|-heal|p2a: Dragonite|63/100|[from] item: Leftovers
|upkeep
|turn|32
|
|move|p1a: Kyurem|Ice Beam|p2a: Dragonite
|-supereffective|p2a: Dragonite
|-end|p2a: Dragonite|Substitute
|move|p2a: Dragonite|Substitute|p2a: Dragonite
|-start|p2a: Dragonite|Substitute
|-damage|p2a: Dragonite|39/100
|
|-weather|RainDance|[upkeep]
|-heal|p2a: Dragonite|45/100|[from] item: Leftovers
|-end|p2a: Dragonite|Encore
|upkeep
|turn|33
|
|move|p1a: Kyurem|Ice Beam|p2a: Dragonite
|-supereffective|p2a: Dragonite
|-end|p2a: Dragonite|Substitute
|move|p2a: Dragonite|Roost|p2a: Dragonite
|-heal|p2a: Dragonite|95/100
|-singleturn|p2a: Dragonite|move: Roost
|
|-weather|RainDance|[upkeep]
|-heal|p2a: Dragonite|100/100|[from] item: Leftovers
|upkeep
|turn|34
|
|switch|p2a: Reuniclus|Reuniclus, M|100/100
|move|p1a: Kyurem|Ice Beam|p2a: Reuniclus
|-damage|p2a: Reuniclus|30/100
|
|-weather|RainDance|[upkeep]
|upkeep
|turn|35
|
|move|p1a: Kyurem|Ice Beam|p2a: Reuniclus
|-damage|p2a: Reuniclus|0 fnt
|faint|p2a: Reuniclus
|
|-weather|RainDance|[upkeep]
|upkeep
|
|switch|p2a: Hippowdon|Hippowdon, F|88/100
|-damage|p2a: Hippowdon|71/100|[from] Spikes
|-damage|p2a: Hippowdon|65/100|[from] Stealth Rock
|-weather|Sandstorm|[from] ability: Sand Stream|[of] p2a: Hippowdon
|turn|36
|
|switch|p2a: Ferrothorn|Ferrothorn, F|88/100
|-damage|p2a: Ferrothorn|82/100|[from] Stealth Rock
|-damage|p2a: Ferrothorn|65/100|[from] Spikes
|move|p1a: Kyurem|Ice Beam|p2a: Ferrothorn
|-damage|p2a: Ferrothorn|18/100
|
|-weather|Sandstorm|[upkeep]
|-damage|p1a: Kyurem|0 fnt|[from] Sandstorm
|faint|p1a: Kyurem
|-heal|p2a: Ferrothorn|25/100|[from] item: Leftovers
|upkeep
|
|switch|p1a: Politoed|Politoed, M|37/100
|-damage|p1a: Politoed|25/100|[from] Stealth Rock
|-damage|p1a: Politoed|0 fnt|[from] Spikes
|faint|p1a: Politoed
|
|switch|p1a: Tornadus|Tornadus, M|82/100
|-damage|p1a: Tornadus|58/100|[from] Stealth Rock
|turn|37
|
|move|p2a: Ferrothorn|Protect|p2a: Ferrothorn
|-singleturn|p2a: Ferrothorn|Protect
|move|p1a: Tornadus|Hurricane|p2a: Ferrothorn
|-activate|p2a: Ferrothorn|move: Protect
|
|-weather|Sandstorm|[upkeep]
|-damage|p1a: Tornadus|52/100|[from] Sandstorm
|-heal|p2a: Ferrothorn|31/100|[from] item: Leftovers
|upkeep
|turn|38
|c|☆kland|lets hit alot of these
|
|move|p1a: Tornadus|Hurricane|p2a: Ferrothorn
|-damage|p2a: Ferrothorn|0 fnt
|faint|p2a: Ferrothorn
|
|-weather|Sandstorm|[upkeep]
|-damage|p1a: Tornadus|46/100|[from] Sandstorm
|upkeep
|
|switch|p2a: Togekiss|Togekiss, M|100/100
|-damage|p2a: Togekiss|76/100|[from] Stealth Rock
|turn|39
|
|move|p1a: Tornadus|Hurricane|p2a: Togekiss
|-damage|p2a: Togekiss|0 fnt
|faint|p2a: Togekiss
|
|-weather|Sandstorm|[upkeep]
|-damage|p1a: Tornadus|40/100|[from] Sandstorm
|upkeep
|
|switch|p2a: Hippowdon|Hippowdon, F|65/100
|-damage|p2a: Hippowdon|59/100|[from] Stealth Rock
|-damage|p2a: Hippowdon|42/100|[from] Spikes
|turn|40
|
|move|p1a: Tornadus|Hurricane|p2a: Hippowdon
|-damage|p2a: Hippowdon|0 fnt
|faint|p2a: Hippowdon
|
|-weather|Sandstorm|[upkeep]
|-damage|p1a: Tornadus|34/100|[from] Sandstorm
|upkeep
|
|switch|p2a: Dragonite|Dragonite, M|100/100
|-damage|p2a: Dragonite|76/100|[from] Stealth Rock
|turn|41
|c|☆kland|rip me
|
|move|p1a: Tornadus|Hurricane|p2a: Dragonite|[miss]
|-miss|p1a: Tornadus|p2a: Dragonite
|move|p2a: Dragonite|Substitute|p2a: Dragonite
|-start|p2a: Dragonite|Substitute
|-damage|p2a: Dragonite|51/100
|
|-weather|Sandstorm|[upkeep]
|-damage|p1a: Tornadus|28/100|[from] Sandstorm
|-damage|p2a: Dragonite|45/100|[from] Sandstorm
|-heal|p2a: Dragonite|51/100|[from] item: Leftovers
|upkeep
|turn|42
|
|move|p1a: Tornadus|Hurricane|p2a: Dragonite
|-end|p2a: Dragonite|Substitute
|move|p2a: Dragonite|Roost|p2a: Dragonite
|-heal|p2a: Dragonite|100/100
|-singleturn|p2a: Dragonite|move: Roost
|
|-weather|Sandstorm|[upkeep]
|-damage|p1a: Tornadus|22/100|[from] Sandstorm
|-damage|p2a: Dragonite|94/100|[from] Sandstorm
|-heal|p2a: Dragonite|100/100|[from] item: Leftovers
|upkeep
|turn|43
|
|move|p1a: Tornadus|Hurricane|p2a: Dragonite
|-damage|p2a: Dragonite|34/100
|move|p2a: Dragonite|Substitute|p2a: Dragonite
|-start|p2a: Dragonite|Substitute
|-damage|p2a: Dragonite|9/100
|
|-weather|Sandstorm|[upkeep]
|-damage|p1a: Tornadus|16/100|[from] Sandstorm
|-damage|p2a: Dragonite|3/100|[from] Sandstorm
|-heal|p2a: Dragonite|9/100|[from] item: Leftovers
|upkeep
|turn|44
|
|move|p1a: Tornadus|Hurricane|p2a: Dragonite
|-end|p2a: Dragonite|Substitute
|move|p2a: Dragonite|Roost|p2a: Dragonite
|-heal|p2a: Dragonite|59/100
|-singleturn|p2a: Dragonite|move: Roost
|
|-weather|Sandstorm|[upkeep]
|-damage|p1a: Tornadus|10/100|[from] Sandstorm
|-damage|p2a: Dragonite|53/100|[from] Sandstorm
|-heal|p2a: Dragonite|59/100|[from] item: Leftovers
|upkeep
|turn|45
|
|move|p1a: Tornadus|Hurricane|p2a: Dragonite|[miss]
|-miss|p1a: Tornadus|p2a: Dragonite
|move|p2a: Dragonite|Roost|p2a: Dragonite
|-heal|p2a: Dragonite|100/100
|-singleturn|p2a: Dragonite|move: Roost
|
|-weather|Sandstorm|[upkeep]
|-damage|p1a: Tornadus|4/100|[from] Sandstorm
|-damage|p2a: Dragonite|94/100|[from] Sandstorm
|-heal|p2a: Dragonite|100/100|[from] item: Leftovers
|upkeep
|turn|46
|
|move|p1a: Tornadus|Hurricane|p2a: Dragonite|[miss]
|-miss|p1a: Tornadus|p2a: Dragonite
|move|p2a: Dragonite|Substitute|p2a: Dragonite
|-start|p2a: Dragonite|Substitute
|-damage|p2a: Dragonite|76/100
|
|-weather|Sandstorm|[upkeep]
|-damage|p1a: Tornadus|0 fnt|[from] Sandstorm
|-damage|p2a: Dragonite|69/100|[from] Sandstorm
|faint|p1a: Tornadus
|-heal|p2a: Dragonite|76/100|[from] item: Leftovers
|upkeep
|
|switch|p1a: Latios|Latios, M|82/100
|-damage|p1a: Latios|70/100|[from] Stealth Rock
|turn|47
|
|move|p1a: Latios|Draco Meteor|p2a: Dragonite
|-supereffective|p2a: Dragonite
|-end|p2a: Dragonite|Substitute
|-unboost|p1a: Latios|spa|2
|move|p2a: Dragonite|Dragon Tail|p1a: Latios
|-supereffective|p1a: Latios
|-damage|p1a: Latios|6/100
|drag|p1a: Ferrothorn|Ferrothorn, M|26/100
|-damage|p1a: Ferrothorn|20/100|[from] Stealth Rock
|-damage|p1a: Ferrothorn|0 fnt|[from] Spikes
|faint|p1a: Ferrothorn
|
|-weather|Sandstorm|[upkeep]
|-damage|p2a: Dragonite|69/100|[from] Sandstorm
|-heal|p2a: Dragonite|76/100|[from] item: Leftovers
|upkeep
|c|☆kland|gg
|
|switch|p1a: Latios|Latios, M|6/100
|-damage|p1a: Latios|0 fnt|[from] Stealth Rock
|faint|p1a: Latios
|
|win|go canada
|l| firelit nights
|l|☆kland
|l| HSOWA
|l|☆go canada
|raw|kland's rating: 1443 &rarr; <strong>1417</strong><br />(-26 for losing)
|raw|go canada's rating: 1341 &rarr; <strong>1367</strong><br />(+26 for winning)
