|join|i would do 4 you
|join|sugarhigh
|player|p1|i would do 4 you|144
|player|p2|sugarhigh|290
|gametype|singles
|gen|5
|tier|[Gen 5] OU
|rated
|rule|Evasion Abilities Clause: Evasion abilities are banned
|clearpoke
|poke|p1|Garchomp, F
|poke|p1|Dragonite, F
|poke|p1|Breloom, F
|poke|p1|Starmie
|poke|p1|Scizor, F
|poke|p1|Volcarona, M
|poke|p2|Tyranitar, M
|poke|p2|Heatran, F
|poke|p2|Skarmory, M
|poke|p2|Tangrowth, F
|poke|p2|Jellicent, M
|poke|p2|Scizor, M
|rule|Sleep Clause Mod: Limit one foe put to sleep
|rule|Species Clause: Limit one of each Pokemon
|rule|OHKO Clause: OHKO moves are banned
|rule|Moody Clause: Moody is banned
|rule|Evasion Moves Clause: Evasion moves are banned
|rule|Endless Battle Clause: Forcing endless battles is banned.
|rule|HP Percentage Mod: HP is reported as percentages
|teampreview
|chat|sugarhigh|LOL
|chat|i would do 4 you|yung
|
|start
|switch|p1a: Breloom|Breloom, F|261/261
|switch|p2a: Heatran|Heatran, F|323/323
|-item|p2a: Heatran|Air Balloon
|turn|1
|chat|sugarhigh|my frieeeeeeeend
|
|move|p2a: Heatran|Stealth Rock|p1a: Breloom
|-sidestart|p1: i would do 4 you|move: Stealth Rock
|move|p1a: Breloom|Low Sweep|p2a: Heatran
|-supereffective|p2a: Heatran
|-damage|p2a: Heatran|27/323
|-enditem|p2a: Heatran|Air Balloon
|-unboost|p2a: Heatran|spe|1
|
|turn|2
|chat|i would do 4 you|hello frend
|chat|i would do 4 you|give me that low sweep
|chat|i would do 4 you|yung
|chat|i would do 4 you|:]
|
|switch|p2a: Tangrowth|Tangrowth, F|404/404
|move|p1a: Breloom|Low Sweep|p2a: Tangrowth
|-damage|p2a: Tangrowth|298/404
|-unboost|p2a: Tangrowth|spe|1
|
|-heal|p2a: Tangrowth|323/404|[from] item: Leftovers
|turn|3
|
|move|p1a: Breloom|Spore|p2a: Tangrowth
|-status|p2a: Tangrowth|slp
|cant|p2a: Tangrowth|slp
|
|-heal|p2a: Tangrowth|348/404 slp|[from] item: Leftovers
|turn|4
|
|switch|p1a: Starmie|Starmie|261/261
|-damage|p1a: Starmie|229/261|[from] Stealth Rock
|cant|p2a: Tangrowth|slp
|
|-heal|p2a: Tangrowth|373/404 slp|[from] item: Leftovers
|turn|5
|
|switch|p2a: Jellicent|Jellicent, M|404/404
|move|p1a: Starmie|Psyshock|p2a: Jellicent
|-damage|p2a: Jellicent|154/404
|-damage|p1a: Starmie|203/261|[from] item: Life Orb
|
|-heal|p2a: Jellicent|179/404|[from] item: Leftovers
|turn|6
|
|switch|p2a: Tyranitar|Tyranitar, M|342/342
|-weather|Sandstorm|[from] ability: Sand Stream|[of] p2a: Tyranitar
|move|p1a: Starmie|Psyshock|p2a: Tyranitar
|-immune|p2a: Tyranitar|[msg]
|
|-weather|Sandstorm|[upkeep]
|-damage|p1a: Starmie|187/261|[from] sandstorm
|turn|7
|
|switch|p1a: Breloom|Breloom, F|261/261
|-damage|p1a: Breloom|245/261|[from] Stealth Rock
|move|p2a: Tyranitar|Crunch|p1a: Breloom
|-resisted|p1a: Breloom
|-damage|p1a: Breloom|161/261
|
|-weather|Sandstorm|[upkeep]
|-damage|p1a: Breloom|145/261|[from] sandstorm
|turn|8
|chat|i would do 4 you|:]
|
|switch|p2a: Tangrowth|Tangrowth, F|404/404 slp
|switch|p1a: Starmie|Starmie|187/261
|-damage|p1a: Starmie|155/261|[from] Stealth Rock
|
|-weather|Sandstorm|[upkeep]
|-damage|p1a: Starmie|139/261|[from] sandstorm
|-damage|p2a: Tangrowth|379/404 slp|[from] sandstorm
|-heal|p2a: Tangrowth|404/404 slp|[from] item: Leftovers
|turn|9
|
|switch|p2a: Jellicent|Jellicent, M|179/404
|move|p1a: Starmie|Rapid Spin|p2a: Jellicent
|-immune|p2a: Jellicent|[msg]
|
|-weather|Sandstorm|[upkeep]
|-damage|p1a: Starmie|123/261|[from] sandstorm
|-damage|p2a: Jellicent|154/404|[from] sandstorm
|-heal|p2a: Jellicent|179/404|[from] item: Leftovers
|turn|10
|
|move|p1a: Starmie|Psyshock|p2a: Jellicent
|-damage|p2a: Jellicent|0 fnt
|-damage|p1a: Starmie|97/261|[from] item: Life Orb
|faint|p2a: Jellicent
|
|-weather|Sandstorm|[upkeep]
|-damage|p1a: Starmie|81/261|[from] sandstorm
|
|switch|p2a: Tyranitar|Tyranitar, M|342/342
|turn|11
|
|move|p2a: Tyranitar|Pursuit|p1a: Starmie
|-supereffective|p1a: Starmie
|-damage|p1a: Starmie|0 fnt
|faint|p1a: Starmie
|
|-weather|Sandstorm|[upkeep]
|chat|i would do 4 you|pursuit me
|chat|i would do 4 you|:]
|
|switch|p1a: Scizor|Scizor, F|291/291
|-damage|p1a: Scizor|255/291|[from] Stealth Rock
|turn|12
|
|switch|p2a: Skarmory|Skarmory, M|334/334
|move|p1a: Scizor|Swords Dance|p1a: Scizor
|-boost|p1a: Scizor|atk|2
|
|-weather|Sandstorm|[upkeep]
|turn|13
|
|move|p1a: Scizor|Superpower|p2a: Skarmory
|-damage|p2a: Skarmory|165/334
|-damage|p1a: Scizor|207/291|[from] item: Rocky Helmet|[of] p2a: Skarmory
|-unboost|p1a: Scizor|atk|1
|-unboost|p1a: Scizor|def|1
|move|p2a: Skarmory|Roost|p2a: Skarmory
|-heal|p2a: Skarmory|332/334
|
|-weather|Sandstorm|[upkeep]
|turn|14
|
|move|p1a: Scizor|Swords Dance|p1a: Scizor
|-boost|p1a: Scizor|atk|2
|move|p2a: Skarmory|Spikes|p1a: Scizor
|-sidestart|p1: i would do 4 you|Spikes
|
|-weather|Sandstorm|[upkeep]
|turn|15
|
|move|p1a: Scizor|Superpower|p2a: Skarmory
|-damage|p2a: Skarmory|116/334
|-damage|p1a: Scizor|159/291|[from] item: Rocky Helmet|[of] p2a: Skarmory
|-unboost|p1a: Scizor|atk|1
|-unboost|p1a: Scizor|def|1
|move|p2a: Skarmory|Roost|p2a: Skarmory
|-heal|p2a: Skarmory|283/334
|
|-weather|Sandstorm|[upkeep]
|turn|16
|
|move|p1a: Scizor|Superpower|p2a: Skarmory
|-damage|p2a: Skarmory|88/334
|-damage|p1a: Scizor|111/291|[from] item: Rocky Helmet|[of] p2a: Skarmory
|-unboost|p1a: Scizor|atk|1
|-unboost|p1a: Scizor|def|1
|move|p2a: Skarmory|Whirlwind|p1a: Scizor
|drag|p1a: Garchomp|Garchomp, F|358/358
|-damage|p1a: Garchomp|336/358|[from] Stealth Rock
|-damage|p1a: Garchomp|292/358|[from] Spikes
|
|-weather|Sandstorm|[upkeep]
|turn|17
|
|move|p1a: Garchomp|Stealth Rock|p2a: Skarmory
|-sidestart|p2: sugarhigh|move: Stealth Rock
|move|p2a: Skarmory|Roost|p2a: Skarmory
|-heal|p2a: Skarmory|255/334
|
|-weather|Sandstorm|[upkeep]
|turn|18
|
|move|p1a: Garchomp|Swords Dance|p1a: Garchomp
|-boost|p1a: Garchomp|atk|2
|move|p2a: Skarmory|Whirlwind|p1a: Garchomp
|drag|p1a: Dragonite|Dragonite, F|323/323
|-damage|p1a: Dragonite|243/323|[from] Stealth Rock
|
|-weather|Sandstorm|[upkeep]
|-damage|p1a: Dragonite|223/323|[from] sandstorm
|turn|19
|
|move|p1a: Dragonite|Fire Punch|p2a: Skarmory
|-supereffective|p2a: Skarmory
|-damage|p2a: Skarmory|145/334
|-damage|p1a: Dragonite|170/323|[from] item: Rocky Helmet|[of] p2a: Skarmory
|move|p2a: Skarmory|Roost|p2a: Skarmory
|-heal|p2a: Skarmory|312/334
|
|-weather|Sandstorm|[upkeep]
|-damage|p1a: Dragonite|150/323|[from] sandstorm
|turn|20
|join|craing ;_;
|
|move|p1a: Dragonite|Fire Punch|p2a: Skarmory
|-supereffective|p2a: Skarmory
|-damage|p2a: Skarmory|194/334
|-damage|p1a: Dragonite|97/323|[from] item: Rocky Helmet|[of] p2a: Skarmory
|move|p2a: Skarmory|Spikes|p1a: Dragonite
|-sidestart|p1: i would do 4 you|Spikes
|
|-weather|Sandstorm|[upkeep]
|-damage|p1a: Dragonite|77/323|[from] sandstorm
|turn|21
|
|move|p1a: Dragonite|Fire Punch|p2a: Skarmory
|-supereffective|p2a: Skarmory
|-damage|p2a: Skarmory|80/334
|-damage|p1a: Dragonite|24/323|[from] item: Rocky Helmet|[of] p2a: Skarmory
|move|p2a: Skarmory|Roost|p2a: Skarmory
|-heal|p2a: Skarmory|247/334
|
|-weather|Sandstorm|[upkeep]
|-damage|p1a: Dragonite|4/323|[from] sandstorm
|turn|22
|chat|sugarhigh|bengy frand
|
|move|p1a: Dragonite|Fire Punch|p2a: Skarmory
|-supereffective|p2a: Skarmory
|-damage|p2a: Skarmory|129/334
|-damage|p1a: Dragonite|0 fnt|[from] item: Rocky Helmet|[of] p2a: Skarmory
|faint|p1a: Dragonite
|move|p2a: Skarmory|Roost|p2a: Skarmory
|-heal|p2a: Skarmory|296/334
|
|-weather|Sandstorm|[upkeep]
|
|switch|p1a: Volcarona|Volcarona, M|345/345
|-damage|p1a: Volcarona|288/345|[from] Spikes
|-damage|p1a: Volcarona|116/345|[from] Stealth Rock
|turn|23
|
|switch|p2a: Heatran|Heatran, F|27/323
|-damage|p2a: Heatran|0 fnt|[from] Stealth Rock
|faint|p2a: Heatran
|move|p1a: Volcarona|Quiver Dance|p1a: Volcarona
|-boost|p1a: Volcarona|spa|1
|-boost|p1a: Volcarona|spd|1
|-boost|p1a: Volcarona|spe|1
|
|-weather|Sandstorm|[upkeep]
|-damage|p1a: Volcarona|95/345|[from] sandstorm
|
|switch|p2a: Scizor|Scizor, M|343/343
|-damage|p2a: Scizor|301/343|[from] Stealth Rock
|turn|24
|
|move|p2a: Scizor|Bullet Punch|p1a: Volcarona
|-resisted|p1a: Volcarona
|-damage|p1a: Volcarona|0 fnt
|faint|p1a: Volcarona
|
|-weather|Sandstorm|[upkeep]
|-message|i would do 4 you forfeited.
|
|win|sugarhigh
|raw|Ladder updating...
|leave|i would do 4 you
|chat|sugarhigh|gg frand
|player|p1
|raw|i would do 4 you's rating: 1479 &rarr; <strong>1457</strong><br />(-22 for losing)
|raw|sugarhigh's rating: 1445 &rarr; <strong>1467</strong><br />(+22 for winning)
|leave|craing ;_;
|leave|sugarhigh
|player|p2