|j|☆sidis
|j|☆BWVC BookofConke
|t:|1709269993
|gametype|singles
|player|p1|sidis|iris-gen5bw2|1260
|player|p2|BWVC BookofConke|silver|1338
|teamsize|p1|6
|teamsize|p2|6
|gen|5
|tier|[Gen 5] OU
|rated|
|rule|Species Clause: Limit one of each Pokémon
|rule|OHKO Clause: OHKO moves are banned
|rule|Moody Clause: Moody is banned
|rule|Evasion Items Clause: Evasion items are banned
|rule|Evasion Moves Clause: Evasion moves are banned
|rule|Endless Battle Clause: Forcing endless battles is banned
|rule|HP Percentage Mod: HP is shown in percentages
|rule|Evasion Abilities Clause: Evasion abilities are banned
|rule|Sleep Moves Clause: Sleep-inducing moves are banned
|rule|Swagger Clause: Swagger is banned
|rule|Baton Pass Stat Clause: No Baton Passer may have a way to boost its stats
|clearpoke
|poke|p1|Latios, M|item
|poke|p1|Gyarados, F|item
|poke|p1|Mamoswine, M|item
|poke|p1|Reuniclus, F|item
|poke|p1|Rotom-Wash|item
|poke|p1|Starmie|item
|poke|p2|Politoed, F|item
|poke|p2|Scizor, F|item
|poke|p2|Starmie|item
|poke|p2|Garchomp, M|item
|poke|p2|Kyurem-Black|item
|poke|p2|Tornadus, M|item
|teampreview
|inactive|Battle timer is ON: inactive players will automatically lose when time's up. (requested by sidis)
|
|t:|1709270016
|start
|switch|p1a: Mamoswine|Mamoswine, M|100/100
|switch|p2a: Garchomp|Garchomp, M|100/100
|turn|1
|
|t:|1709270023
|move|p2a: Garchomp|Stealth Rock|p1a: Mamoswine
|-sidestart|p1: sidis|move: Stealth Rock
|move|p1a: Mamoswine|Icicle Crash|p2a: Garchomp
|-supereffective|p2a: Garchomp
|-enditem|p2a: Garchomp|Focus Sash
|-damage|p2a: Garchomp|1/100
|
|upkeep
|turn|2
|
|t:|1709270035
|switch|p2a: Starmie|Starmie|100/100
|-item|p2a: Starmie|Air Balloon
|move|p1a: Mamoswine|Ice Shard|p2a: Starmie
|-resisted|p2a: Starmie
|-damage|p2a: Starmie|86/100
|-enditem|p2a: Starmie|Air Balloon
|
|upkeep
|turn|3
|
|t:|1709270050
|switch|p2a: Kyurem|Kyurem-Black|100/100
|-ability|p2a: Kyurem|Teravolt
|move|p1a: Mamoswine|Earthquake|p2a: Kyurem
|-damage|p2a: Kyurem|56/100
|
|upkeep
|turn|4
|
|t:|1709270060
|move|p1a: Mamoswine|Icicle Crash|p2a: Kyurem
|-damage|p2a: Kyurem|23/100
|move|p2a: Kyurem|Outrage|p1a: Mamoswine
|-enditem|p1a: Mamoswine|Focus Sash
|-damage|p1a: Mamoswine|1/100
|
|upkeep
|turn|5
|
|t:|1709270073
|move|p1a: Mamoswine|Earthquake|p2a: Kyurem
|-damage|p2a: Kyurem|0 fnt
|faint|p2a: Kyurem
|
|upkeep
|
|t:|1709270083
|switch|p2a: Politoed|Politoed, F|100/100
|-weather|RainDance|[from] ability: Drizzle|[of] p2a: Politoed
|turn|6
|
|t:|1709270089
|switch|p1a: Rotom|Rotom-Wash|100/100
|-damage|p1a: Rotom|88/100|[from] Stealth Rock
|move|p2a: Politoed|Scald|p1a: Rotom
|-resisted|p1a: Rotom
|-damage|p1a: Rotom|72/100
|
|-weather|RainDance|[upkeep]
|-heal|p1a: Rotom|78/100|[from] item: Leftovers
|upkeep
|turn|7
|
|t:|1709270102
|switch|p2a: Garchomp|Garchomp, M|1/100
|move|p1a: Rotom|Volt Switch|p2a: Garchomp
|-immune|p2a: Garchomp
|
|-weather|RainDance|[upkeep]
|-heal|p1a: Rotom|84/100|[from] item: Leftovers
|upkeep
|turn|8
|
|t:|1709270113
|move|p2a: Garchomp|Outrage|p1a: Rotom
|-damage|p1a: Rotom|17/100
|move|p1a: Rotom|Hydro Pump|p2a: Garchomp
|-damage|p2a: Garchomp|0 fnt
|faint|p2a: Garchomp
|
|-weather|RainDance|[upkeep]
|-heal|p1a: Rotom|23/100|[from] item: Leftovers
|upkeep
|
|t:|1709270124
|switch|p2a: Starmie|Starmie|86/100
|turn|9
|
|t:|1709270130
|move|p2a: Starmie|Hydro Pump|p1a: Rotom
|-resisted|p1a: Rotom
|-crit|p1a: Rotom
|-damage|p1a: Rotom|0 fnt
|faint|p1a: Rotom
|
|-weather|RainDance|[upkeep]
|upkeep
|
|t:|1709270139
|switch|p1a: Reuniclus|Reuniclus, F|100/100
|-damage|p1a: Reuniclus|88/100|[from] Stealth Rock
|turn|10
|
|t:|1709270143
|move|p2a: Starmie|Hydro Pump|p1a: Reuniclus
|-damage|p1a: Reuniclus|17/100
|move|p1a: Reuniclus|Thunder Wave|p2a: Starmie
|-status|p2a: Starmie|par
|
|-weather|RainDance|[upkeep]
|upkeep
|turn|11
|
|t:|1709270154
|switch|p2a: Scizor|Scizor, F|100/100
|move|p1a: Reuniclus|Shadow Ball|p2a: Scizor
|-resisted|p2a: Scizor
|-damage|p2a: Scizor|82/100
|-unboost|p2a: Scizor|spd|1
|
|-weather|RainDance|[upkeep]
|upkeep
|turn|12
|
|t:|1709270163
|move|p2a: Scizor|Pursuit|p1a: Reuniclus
|-supereffective|p1a: Reuniclus
|-damage|p1a: Reuniclus|0 fnt
|faint|p1a: Reuniclus
|-damage|p2a: Scizor|73/100|[from] item: Life Orb
|
|-weather|RainDance|[upkeep]
|upkeep
|
|t:|1709270166
|switch|p1a: Starmie|Starmie|100/100
|-damage|p1a: Starmie|88/100|[from] Stealth Rock
|turn|13
|
|t:|1709270191
|move|p1a: Starmie|Hydro Pump|p2a: Scizor
|-damage|p2a: Scizor|0 fnt
|faint|p2a: Scizor
|-damage|p1a: Starmie|78/100|[from] item: Life Orb
|
|-weather|RainDance|[upkeep]
|upkeep
|inactive|BWVC BookofConke has 120 seconds left.
|
|t:|1709270205
|switch|p2a: Politoed|Politoed, F|100/100
|turn|14
|
|t:|1709270208
|move|p2a: Politoed|Encore|p1a: Starmie
|-start|p1a: Starmie|Encore
|move|p1a: Starmie|Hydro Pump|p2a: Politoed
|-resisted|p2a: Politoed
|-damage|p2a: Politoed|35/100
|-damage|p1a: Starmie|68/100|[from] item: Life Orb
|
|-weather|RainDance|[upkeep]
|upkeep
|turn|15
|
|t:|1709270218
|switch|p2a: Starmie|Starmie|86/100 par
|move|p1a: Starmie|Hydro Pump|p2a: Starmie|[miss]
|-miss|p1a: Starmie|p2a: Starmie
|
|-weather|RainDance|[upkeep]
|upkeep
|turn|16
|
|t:|1709270229
|move|p1a: Starmie|Hydro Pump|p2a: Starmie
|-resisted|p2a: Starmie
|-damage|p2a: Starmie|14/100 par
|-damage|p1a: Starmie|58/100|[from] item: Life Orb
|move|p2a: Starmie|Hydro Pump|p1a: Starmie
|-resisted|p1a: Starmie
|-damage|p1a: Starmie|0 fnt
|faint|p1a: Starmie
|
|-weather|RainDance|[upkeep]
|upkeep
|
|t:|1709270236
|switch|p1a: Latios|Latios, M|100/100
|-damage|p1a: Latios|88/100|[from] Stealth Rock
|turn|17
|
|t:|1709270248
|move|p1a: Latios|Dragon Dance|p1a: Latios
|-boost|p1a: Latios|atk|1
|-boost|p1a: Latios|spe|1
|cant|p2a: Starmie|par
|
|-weather|RainDance|[upkeep]
|upkeep
|turn|18
|
|t:|1709270256
|move|p1a: Latios|Earthquake|p2a: Starmie
|-damage|p2a: Starmie|0 fnt
|faint|p2a: Starmie
|-damage|p1a: Latios|78/100|[from] item: Life Orb
|
|-weather|RainDance|[upkeep]
|upkeep
|
|t:|1709270271
|switch|p2a: Tornadus|Tornadus, M|100/100
|turn|19
|
|t:|1709270277
|move|p1a: Latios|Outrage|p2a: Tornadus
|-damage|p2a: Tornadus|0 fnt
|faint|p2a: Tornadus
|-damage|p1a: Latios|68/100|[from] item: Life Orb
|
|-weather|RainDance|[upkeep]
|upkeep
|
|t:|1709270283
|switch|p2a: Politoed|Politoed, F|35/100
|turn|20
|
|t:|1709270287
|move|p1a: Latios|Outrage|p2a: Politoed|[from]lockedmove
|-damage|p2a: Politoed|0 fnt
|faint|p2a: Politoed
|-damage|p1a: Latios|58/100|[from] item: Life Orb
|-start|p1a: Latios|confusion|[fatigue]
|
|win|sidis
|raw|sidis's rating: 1260 &rarr; <strong>1291</strong><br />(+31 for winning)
|raw|BWVC BookofConke's rating: 1338 &rarr; <strong>1314</strong><br />(-24 for losing)
|l|☆sidis
|player|p1|
