|j|☆Justiciable
|j|☆Aislana
|player|p1|Justiciable|1|1489
|player|p2|Aislana|265|1352
|teamsize|p1|6
|teamsize|p2|6
|gametype|singles
|gen|5
|tier|[Gen 5] OU
|rated|
|clearpoke
|poke|p1|Jirachi|item
|poke|p1|Magnezone|item
|poke|p1|Kyurem-Black|item
|poke|p1|Latios, M|item
|poke|p1|Landorus-Therian, M|item
|poke|p1|Garchomp, F|item
|poke|p2|Rotom-Wash|item
|poke|p2|Amoonguss, F|item
|poke|p2|Tyranitar, F|item
|poke|p2|Excadrill, F|item
|poke|p2|Mamoswine, F|item
|poke|p2|Landorus-Therian, M|item
|rule|Species Clause: Limit one of each Pokémon
|rule|OHKO Clause: OHKO moves are banned
|rule|Moody Clause: Moody is banned
|rule|Evasion Moves Clause: Evasion moves are banned
|rule|Endless Battle Clause: Forcing endless battles is banned
|rule|HP Percentage Mod: HP is shown in percentages
|rule|Evasion Abilities Clause: Evasion abilities are banned
|rule|Baton Pass Clause: Limit one Baton Passer, can't pass Spe and other stats simultaneously
|rule|Sleep Clause: Sleep-inducing moves are banned
|rule|Swagger Clause: Swagger is banned
|teampreview
|inactive|Battle timer is ON: inactive players will automatically lose when time's up. (requested by Aislana)
|
|start
|switch|p1a: Landorus|Landorus-Therian, M|100/100
|switch|p2a: Mamoswine|Mamoswine, F|100/100
|-ability|p1a: Landorus|Intimidate|boost
|-unboost|p2a: Mamoswine|atk|1
|turn|1
|
|switch|p1a: Jirachi|Jirachi|100/100
|move|p2a: Mamoswine|Icicle Crash|p1a: Jirachi
|-resisted|p1a: Jirachi
|-damage|p1a: Jirachi|82/100
|
|-heal|p1a: Jirachi|88/100|[from] item: Leftovers
|upkeep
|turn|2
|
|switch|p2a: Excadrill|Excadrill, F|100/100
|-ability|p2a: Excadrill|Mold Breaker
|switch|p1a: Landorus|Landorus-Therian, M|100/100
|-ability|p1a: Landorus|Intimidate|boost
|-unboost|p2a: Excadrill|atk|1
|
|upkeep
|turn|3
|
|switch|p2a: Amoonguss|Amoonguss, F, shiny|100/100
|move|p1a: Landorus|Stealth Rock|p2a: Amoonguss
|-sidestart|p2: Aislana|move: Stealth Rock
|
|upkeep
|turn|4
|inactive|Justiciable has 120 seconds left.
|
|move|p1a: Landorus|U-turn|p2a: Amoonguss
|-damage|p2a: Amoonguss|84/100
|
|switch|p1a: Jirachi|Jirachi|88/100|[from]move: U-turn
|move|p2a: Amoonguss|Stun Spore|p1a: Jirachi
|-status|p1a: Jirachi|par
|
|-heal|p2a: Amoonguss|90/100|[from] item: Black Sludge
|-heal|p1a: Jirachi|94/100 par|[from] item: Leftovers
|upkeep
|turn|5
|
|switch|p2a: Excadrill|Excadrill, F|100/100
|-damage|p2a: Excadrill|98/100|[from] Stealth Rock
|-ability|p2a: Excadrill|Mold Breaker
|move|p1a: Jirachi|U-turn|p2a: Excadrill
|-resisted|p2a: Excadrill
|-damage|p2a: Excadrill|87/100
|inactive|Justiciable has 120 seconds left.
|
|switch|p1a: Magnezone|Magnezone|100/100|[from]move: U-turn
|-item|p1a: Magnezone|Air Balloon
|
|-heal|p2a: Excadrill|94/100|[from] item: Leftovers
|upkeep
|turn|6
|
|move|p2a: Excadrill|Protect|p2a: Excadrill
|-singleturn|p2a: Excadrill|Protect
|move|p1a: Magnezone|Hidden Power|p2a: Excadrill
|-activate|p2a: Excadrill|move: Protect
|
|-heal|p2a: Excadrill|99/100|[from] item: Leftovers
|upkeep
|turn|7
|
|move|p1a: Magnezone|Hidden Power|p2a: Excadrill
|-supereffective|p2a: Excadrill
|-crit|p2a: Excadrill
|-damage|p2a: Excadrill|9/100
|move|p2a: Excadrill|Rapid Spin|p1a: Magnezone
|-resisted|p1a: Magnezone
|-damage|p1a: Magnezone|97/100
|-enditem|p1a: Magnezone|Air Balloon
|-sideend|p2: Aislana|Stealth Rock|[from] move: Rapid Spin|[of] p2a: Excadrill
|
|-heal|p2a: Excadrill|15/100|[from] item: Leftovers
|upkeep
|turn|8
|c|☆Aislana|rip
|c|☆Aislana|it's a 3hko 2
|
|move|p2a: Excadrill|Protect|p2a: Excadrill
|-singleturn|p2a: Excadrill|Protect
|move|p1a: Magnezone|Hidden Power|p2a: Excadrill
|-activate|p2a: Excadrill|move: Protect
|
|-heal|p2a: Excadrill|21/100|[from] item: Leftovers
|upkeep
|turn|9
|
|move|p1a: Magnezone|Hidden Power|p2a: Excadrill
|-supereffective|p2a: Excadrill
|-damage|p2a: Excadrill|0 fnt
|faint|p2a: Excadrill
|
|upkeep
|
|switch|p2a: Tyranitar|Tyranitar, F|100/100
|-weather|Sandstorm|[from] ability: Sand Stream|[of] p2a: Tyranitar
|turn|10
|
|switch|p1a: Kyurem|Kyurem-Black|100/100
|-ability|p1a: Kyurem|Teravolt
|move|p2a: Tyranitar|Stealth Rock|p1a: Kyurem
|-sidestart|p1: Justiciable|move: Stealth Rock
|
|-weather|Sandstorm|[upkeep]
|-damage|p1a: Kyurem|94/100|[from] Sandstorm
|upkeep
|turn|11
|
|move|p1a: Kyurem|Outrage|p2a: Tyranitar
|-crit|p2a: Tyranitar
|-damage|p2a: Tyranitar|0 fnt
|faint|p2a: Tyranitar
|
|-weather|Sandstorm|[upkeep]
|-damage|p1a: Kyurem|88/100|[from] Sandstorm
|upkeep
|c|☆Aislana|fun match!
|
|switch|p2a: Amoonguss|Amoonguss, F, shiny|100/100
|turn|12
|
|move|p1a: Kyurem|Outrage|p2a: Amoonguss|[from]lockedmove
|-crit|p2a: Amoonguss
|-damage|p2a: Amoonguss|0 fnt
|-start|p1a: Kyurem|confusion|[fatigue]
|faint|p2a: Amoonguss
|
|-weather|Sandstorm|[upkeep]
|-damage|p1a: Kyurem|82/100|[from] Sandstorm
|upkeep
|c|☆Aislana|lmfao
|
|switch|p2a: Mamoswine|Mamoswine, F|100/100
|turn|13
|inactive|Justiciable has 120 seconds left.
|inactive|Justiciable has 90 seconds left.
|inactive|Justiciable has 60 seconds left.
|
|switch|p1a: Jirachi|Jirachi|94/100 par
|-damage|p1a: Jirachi|88/100 par|[from] Stealth Rock
|move|p2a: Mamoswine|Icicle Crash|p1a: Jirachi
|-resisted|p1a: Jirachi
|-damage|p1a: Jirachi|59/100 par
|
|-weather|Sandstorm|[upkeep]
|-heal|p1a: Jirachi|65/100 par|[from] item: Leftovers
|upkeep
|turn|14
|inactive|Justiciable has 60 seconds left.
|
|switch|p2a: Landorus|Landorus-Therian, M|100/100
|-ability|p2a: Landorus|Intimidate|boost
|-unboost|p1a: Jirachi|atk|1
|move|p1a: Jirachi|U-turn|p2a: Landorus
|-resisted|p2a: Landorus
|-damage|p2a: Landorus|94/100
|inactive|Justiciable has 60 seconds left.
|
|switch|p1a: Landorus|Landorus-Therian, M|100/100|[from]move: U-turn
|-damage|p1a: Landorus|88/100|[from] Stealth Rock
|-ability|p1a: Landorus|Intimidate|boost
|-unboost|p2a: Landorus|atk|1
|
|-weather|Sandstorm|[upkeep]
|-heal|p1a: Landorus|94/100|[from] item: Leftovers
|upkeep
|turn|15
|
|move|p2a: Landorus|Hidden Power|p1a: Landorus
|-supereffective|p1a: Landorus
|-crit|p1a: Landorus
|-damage|p1a: Landorus|0 fnt
|faint|p1a: Landorus
|
|-weather|Sandstorm|[upkeep]
|upkeep
|
|switch|p1a: Kyurem|Kyurem-Black|82/100
|-damage|p1a: Kyurem|57/100|[from] Stealth Rock
|-ability|p1a: Kyurem|Teravolt
|turn|16
|
|switch|p2a: Rotom|Rotom-Wash|100/100
|move|p1a: Kyurem|Outrage|p2a: Rotom
|-damage|p2a: Rotom|0 fnt
|faint|p2a: Rotom
|
|-weather|Sandstorm|[upkeep]
|-damage|p1a: Kyurem|51/100|[from] Sandstorm
|upkeep
|
|switch|p2a: Landorus|Landorus-Therian, M|94/100
|-ability|p2a: Landorus|Intimidate|boost
|-unboost|p1a: Kyurem|atk|1
|turn|17
|
|move|p2a: Landorus|Earthquake|p1a: Kyurem
|-damage|p1a: Kyurem|2/100
|move|p1a: Kyurem|Outrage|p2a: Landorus|[from]lockedmove
|-damage|p2a: Landorus|0 fnt
|faint|p2a: Landorus
|
|-weather|Sandstorm|[upkeep]
|-damage|p1a: Kyurem|0 fnt|[from] Sandstorm
|faint|p1a: Kyurem
|upkeep
|c|☆Aislana|bg
|
|switch|p2a: Mamoswine|Mamoswine, F|100/100
|switch|p1a: Jirachi|Jirachi|65/100 par
|-damage|p1a: Jirachi|59/100 par|[from] Stealth Rock
|turn|18
|
|move|p2a: Mamoswine|Earthquake|p1a: Jirachi
|-supereffective|p1a: Jirachi
|-damage|p1a: Jirachi|0 fnt
|faint|p1a: Jirachi
|
|-weather|Sandstorm|[upkeep]
|upkeep
|
|switch|p1a: Latios|Latios, M|100/100
|-damage|p1a: Latios|88/100|[from] Stealth Rock
|turn|19
|-message|Aislana forfeited.
|
|win|Justiciable
|l|☆Aislana
|raw|Justiciable's rating: 1504 &rarr; <strong>1515</strong><br />(+11 for winning)
|raw|Aislana's rating: 1352 &rarr; <strong>1340</strong><br />(-12 for losing)
