|j|☆sunraku2
|j|☆Blossummm
|t:|1715037996
|gametype|singles
|player|p1|sunraku2|265|1488
|player|p2|Blossummm|roxie|1371
|teamsize|p1|6
|teamsize|p2|6
|gen|5
|tier|[Gen 5] OU
|rated|
|rule|Species Clause: Limit one of each Pokémon
|rule|OHKO Clause: OHKO moves are banned
|rule|Moody Clause: Moody is banned
|rule|Evasion Items Clause: Evasion items are banned
|rule|Evasion Moves Clause: Evasion moves are banned
|rule|Endless Battle Clause: Forcing endless battles is banned
|rule|HP Percentage Mod: HP is shown in percentages
|rule|Evasion Abilities Clause: Evasion abilities are banned
|rule|Sleep Moves Clause: Sleep-inducing moves are banned
|rule|Swagger Clause: Swagger is banned
|rule|Baton Pass Stat Clause: No Baton Passer may have a way to boost its stats
|clearpoke
|poke|p1|Abomasnow, F|item
|poke|p1|Starmie|item
|poke|p1|Kyurem|item
|poke|p1|Jirachi|item
|poke|p1|Dragonite, M|item
|poke|p1|Volcarona, M|item
|poke|p2|Tyranitar, F|item
|poke|p2|Alakazam, F|item
|poke|p2|Latios, M|item
|poke|p2|Ferrothorn, F|item
|poke|p2|Keldeo|item
|poke|p2|Landorus-Therian, M|item
|teampreview
|inactive|Battle timer is ON: inactive players will automatically lose when time's up. (requested by Blossummm)
|
|t:|1715038050
|start
|switch|p1a: Kyurem|Kyurem|100/100
|switch|p2a: Landorus|Landorus-Therian, M|100/100
|-ability|p1a: Kyurem|Pressure
|-ability|p2a: Landorus|Intimidate|boost
|-unboost|p1a: Kyurem|atk|1
|turn|1
|
|t:|1715038077
|switch|p2a: Keldeo|Keldeo|100/100
|move|p1a: Kyurem|Ice Beam|p2a: Keldeo
|-resisted|p2a: Keldeo
|-crit|p2a: Keldeo
|-damage|p2a: Keldeo|9/100
|-status|p2a: Keldeo|frz
|
|-heal|p2a: Keldeo|16/100 frz|[from] item: Leftovers
|upkeep
|turn|2
|
|t:|1715038085
|-curestatus|p2a: Keldeo|frz|[from] move: Scald
|move|p2a: Keldeo|Scald|p1a: Kyurem
|-resisted|p1a: Kyurem
|-damage|p1a: Kyurem|82/100
|-status|p1a: Kyurem|brn
|move|p1a: Kyurem|Ice Beam|p2a: Keldeo
|-resisted|p2a: Keldeo
|-damage|p2a: Keldeo|0 fnt
|faint|p2a: Keldeo
|
|-damage|p1a: Kyurem|70/100 brn|[from] brn
|upkeep
|inactive|Blossummm has 120 seconds left.
|
|t:|1715038100
|switch|p2a: Tyranitar|Tyranitar, F, shiny|100/100
|-weather|Sandstorm|[from] ability: Sand Stream|[of] p2a: Tyranitar
|turn|3
|inactive|Blossummm has 120 seconds left.
|
|t:|1715038139
|switch|p1a: Jirachi|Jirachi|100/100
|switch|p2a: Ferrothorn|Ferrothorn, F|100/100
|
|-weather|Sandstorm|[upkeep]
|upkeep
|turn|4
|
|t:|1715038164
|switch|p1a: Volcarona|Volcarona, M|100/100
|move|p2a: Ferrothorn|Spikes|p1a: Volcarona
|-sidestart|p1: sunraku2|Spikes
|
|-weather|Sandstorm|[upkeep]
|-damage|p1a: Volcarona|94/100|[from] Sandstorm
|upkeep
|turn|5
|
|t:|1715038178
|switch|p2a: Latios|Latios, M|100/100
|move|p1a: Volcarona|Quiver Dance|p1a: Volcarona
|-boost|p1a: Volcarona|spa|1
|-boost|p1a: Volcarona|spd|1
|-boost|p1a: Volcarona|spe|1
|
|-weather|Sandstorm|[upkeep]
|-damage|p2a: Latios|95/100|[from] Sandstorm
|-damage|p1a: Volcarona|88/100|[from] Sandstorm
|upkeep
|turn|6
|
|t:|1715038184
|move|p2a: Latios|Draco Meteor|p1a: Volcarona
|-damage|p1a: Volcarona|34/100
|-unboost|p2a: Latios|spa|2
|move|p1a: Volcarona|Bug Buzz|p2a: Latios
|-supereffective|p2a: Latios
|-damage|p2a: Latios|0 fnt
|faint|p2a: Latios
|
|-weather|Sandstorm|[upkeep]
|-damage|p1a: Volcarona|28/100|[from] Sandstorm
|upkeep
|
|t:|1715038200
|switch|p2a: Landorus|Landorus-Therian, M|100/100
|-ability|p2a: Landorus|Intimidate|boost
|-unboost|p1a: Volcarona|atk|1
|turn|7
|
|t:|1715038205
|switch|p1a: Starmie|Starmie|100/100
|-item|p1a: Starmie|Air Balloon
|move|p2a: Landorus|Earthquake|p1a: Starmie
|-immune|p1a: Starmie
|
|-weather|Sandstorm|[upkeep]
|-damage|p1a: Starmie|94/100|[from] Sandstorm
|upkeep
|turn|8
|
|t:|1715038211
|switch|p2a: Tyranitar|Tyranitar, F, shiny|100/100
|move|p1a: Starmie|Rapid Spin|p2a: Tyranitar
|-resisted|p2a: Tyranitar
|-damage|p2a: Tyranitar|99/100
|-sideend|p1: sunraku2|Spikes|[from] move: Rapid Spin|[of] p1a: Starmie
|
|-weather|Sandstorm|[upkeep]
|-damage|p1a: Starmie|88/100|[from] Sandstorm
|upkeep
|turn|9
|
|t:|1715038217
|switch|p1a: Jirachi|Jirachi|100/100
|move|p2a: Tyranitar|Thunder Wave|p1a: Jirachi
|-status|p1a: Jirachi|par
|
|-weather|Sandstorm|[upkeep]
|upkeep
|turn|10
|
|t:|1715038223
|switch|p2a: Landorus|Landorus-Therian, M|100/100
|-ability|p2a: Landorus|Intimidate|boost
|-unboost|p1a: Jirachi|atk|1
|move|p1a: Jirachi|U-turn|p2a: Landorus
|-resisted|p2a: Landorus
|-damage|p2a: Landorus|96/100
|
|t:|1715038230
|switch|p1a: Abomasnow|Abomasnow, F, shiny|100/100|[from] U-turn
|-weather|Hail|[from] ability: Snow Warning|[of] p1a: Abomasnow
|
|-weather|Hail|[upkeep]
|-damage|p2a: Landorus|90/100|[from] Hail
|-heal|p2a: Landorus|96/100|[from] item: Leftovers
|upkeep
|turn|11
|inactive|Blossummm has 120 seconds left.
|
|t:|1715038255
|move|p2a: Landorus|Stealth Rock|p1a: Abomasnow
|-sidestart|p1: sunraku2|move: Stealth Rock
|move|p1a: Abomasnow|Blizzard|p2a: Landorus
|-supereffective|p2a: Landorus
|-damage|p2a: Landorus|0 fnt
|faint|p2a: Landorus
|
|-weather|Hail|[upkeep]
|upkeep
|inactive|Blossummm has 120 seconds left.
|
|t:|1715038263
|switch|p2a: Tyranitar|Tyranitar, F, shiny|99/100
|-weather|Sandstorm|[from] ability: Sand Stream|[of] p2a: Tyranitar
|turn|12
|
|t:|1715038270
|switch|p1a: Jirachi|Jirachi|100/100 par
|-damage|p1a: Jirachi|94/100 par|[from] Stealth Rock
|move|p2a: Tyranitar|Fire Blast|p1a: Jirachi
|-supereffective|p1a: Jirachi
|-damage|p1a: Jirachi|63/100 par
|
|-weather|Sandstorm|[upkeep]
|-heal|p1a: Jirachi|69/100 par|[from] item: Leftovers
|upkeep
|turn|13
|
|t:|1715038279
|switch|p2a: Ferrothorn|Ferrothorn, F|100/100
|move|p1a: Jirachi|U-turn|p2a: Ferrothorn
|-crit|p2a: Ferrothorn
|-damage|p2a: Ferrothorn|82/100
|-damage|p1a: Jirachi|56/100 par|[from] ability: Iron Barbs|[of] p2a: Ferrothorn
|inactive|sunraku2 has 120 seconds left.
|
|t:|1715038313
|switch|p1a: Starmie|Starmie|88/100|[from] U-turn
|-damage|p1a: Starmie|76/100|[from] Stealth Rock
|-item|p1a: Starmie|Air Balloon
|
|-weather|Sandstorm|[upkeep]
|-damage|p1a: Starmie|70/100|[from] Sandstorm
|upkeep
|turn|14
|
|t:|1715038318
|move|p1a: Starmie|Rapid Spin|p2a: Ferrothorn
|-resisted|p2a: Ferrothorn
|-damage|p2a: Ferrothorn|81/100
|-damage|p1a: Starmie|58/100|[from] ability: Iron Barbs|[of] p2a: Ferrothorn
|-sideend|p1: sunraku2|Stealth Rock|[from] move: Rapid Spin|[of] p1a: Starmie
|move|p2a: Ferrothorn|Power Whip|p1a: Starmie
|-supereffective|p1a: Starmie
|-damage|p1a: Starmie|0 fnt
|-enditem|p1a: Starmie|Air Balloon
|faint|p1a: Starmie
|
|-weather|Sandstorm|[upkeep]
|upkeep
|
|t:|1715038327
|switch|p1a: Abomasnow|Abomasnow, F, shiny|100/100
|-weather|Hail|[from] ability: Snow Warning|[of] p1a: Abomasnow
|turn|15
|
|t:|1715038332
|move|p1a: Abomasnow|Hidden Power|p2a: Ferrothorn
|-supereffective|p2a: Ferrothorn
|-damage|p2a: Ferrothorn|19/100
|move|p2a: Ferrothorn|Spikes|p1a: Abomasnow
|-sidestart|p1: sunraku2|Spikes
|
|-weather|Hail|[upkeep]
|-damage|p2a: Ferrothorn|13/100|[from] Hail
|upkeep
|turn|16
|
|t:|1715038341
|switch|p2a: Tyranitar|Tyranitar, F, shiny|99/100
|-weather|Sandstorm|[from] ability: Sand Stream|[of] p2a: Tyranitar
|move|p1a: Abomasnow|Blizzard|p2a: Tyranitar|[miss]
|-miss|p1a: Abomasnow|p2a: Tyranitar
|
|-weather|Sandstorm|[upkeep]
|-damage|p1a: Abomasnow|94/100|[from] Sandstorm
|upkeep
|turn|17
|
|t:|1715038351
|move|p1a: Abomasnow|Earthquake|p2a: Tyranitar
|-supereffective|p2a: Tyranitar
|-damage|p2a: Tyranitar|66/100
|move|p2a: Tyranitar|Thunder Wave|p1a: Abomasnow
|-status|p1a: Abomasnow|par
|
|-weather|Sandstorm|[upkeep]
|-damage|p1a: Abomasnow|88/100 par|[from] Sandstorm
|upkeep
|turn|18
|
|t:|1715038361
|move|p2a: Tyranitar|Fire Blast|p1a: Abomasnow
|-supereffective|p1a: Abomasnow
|-damage|p1a: Abomasnow|0 fnt
|faint|p1a: Abomasnow
|
|-weather|Sandstorm|[upkeep]
|upkeep
|
|t:|1715038373
|switch|p1a: Kyurem|Kyurem|70/100 brn
|-damage|p1a: Kyurem|58/100 brn|[from] Spikes
|-ability|p1a: Kyurem|Pressure
|turn|19
|
|t:|1715038398
|move|p1a: Kyurem|Earth Power|p2a: Tyranitar
|-supereffective|p2a: Tyranitar
|-damage|p2a: Tyranitar|23/100
|move|p2a: Tyranitar|Crunch|p1a: Kyurem
|-damage|p1a: Kyurem|23/100 brn
|
|-weather|Sandstorm|[upkeep]
|-damage|p1a: Kyurem|17/100 brn|[from] Sandstorm
|-damage|p1a: Kyurem|5/100 brn|[from] brn
|upkeep
|turn|20
|inactive|Blossummm has 120 seconds left.
|
|t:|1715038416
|switch|p2a: Ferrothorn|Ferrothorn, F|13/100
|move|p1a: Kyurem|Earth Power|p2a: Ferrothorn
|-damage|p2a: Ferrothorn|0 fnt
|faint|p2a: Ferrothorn
|
|-weather|Sandstorm|[upkeep]
|-damage|p1a: Kyurem|0 fnt|[from] Sandstorm
|faint|p1a: Kyurem
|upkeep
|inactive|Blossummm has 120 seconds left.
|
|t:|1715038438
|switch|p1a: Jirachi|Jirachi|56/100 par
|switch|p2a: Tyranitar|Tyranitar, F, shiny|23/100
|-damage|p1a: Jirachi|44/100 par|[from] Spikes
|turn|21
|
|t:|1715038445
|move|p2a: Tyranitar|Fire Blast|p1a: Jirachi
|-supereffective|p1a: Jirachi
|-damage|p1a: Jirachi|14/100 par
|move|p1a: Jirachi|Healing Wish|p1a: Jirachi
|faint|p1a: Jirachi
|
|-weather|Sandstorm|[upkeep]
|upkeep
|
|t:|1715038454
|switch|p1a: Volcarona|Volcarona, M|28/100
|-heal|p1a: Volcarona|100/100|[from] move: Healing Wish
|-damage|p1a: Volcarona|88/100|[from] Spikes
|turn|22
|
|t:|1715038459
|move|p1a: Volcarona|Bug Buzz|p2a: Tyranitar
|-supereffective|p2a: Tyranitar
|-damage|p2a: Tyranitar|0 fnt
|faint|p2a: Tyranitar
|
|-weather|Sandstorm|[upkeep]
|-damage|p1a: Volcarona|82/100|[from] Sandstorm
|upkeep
|
|t:|1715038462
|switch|p2a: Alakazam|Alakazam, F|100/100
|turn|23
|
|t:|1715038464
|move|p2a: Alakazam|Psychic|p1a: Volcarona
|-damage|p1a: Volcarona|17/100
|move|p1a: Volcarona|Bug Buzz|p2a: Alakazam
|-supereffective|p2a: Alakazam
|-damage|p2a: Alakazam|0 fnt
|faint|p2a: Alakazam
|
|win|sunraku2
|raw|sunraku2's rating: 1488 &rarr; <strong>1502</strong><br />(+14 for winning)
|raw|Blossummm's rating: 1371 &rarr; <strong>1357</strong><br />(-14 for losing)
