|j|☆el janitor
|j|☆Lt Lobotomy38
|t:|1707856768
|gametype|singles
|player|p1|el janitor|170|1350
|player|p2|Lt Lobotomy38|102|1356
|teamsize|p1|6
|teamsize|p2|6
|gen|5
|tier|[Gen 5] OU
|rated|
|rule|Species Clause: Limit one of each Pokémon
|rule|OHKO Clause: OHKO moves are banned
|rule|Moody Clause: Moody is banned
|rule|Evasion Items Clause: Evasion items are banned
|rule|Evasion Moves Clause: Evasion moves are banned
|rule|Endless Battle Clause: Forcing endless battles is banned
|rule|HP Percentage Mod: HP is shown in percentages
|rule|Evasion Abilities Clause: Evasion abilities are banned
|rule|Sleep Moves Clause: Sleep-inducing moves are banned
|rule|Swagger Clause: Swagger is banned
|rule|Baton Pass Stat Clause: No Baton Passer may have a way to boost its stats
|clearpoke
|poke|p1|Politoed, M|item
|poke|p1|Landorus-Therian, M|item
|poke|p1|Tentacruel, M|item
|poke|p1|Toxicroak, M|item
|poke|p1|Tornadus, M|item
|poke|p1|Ferrothorn, F|item
|poke|p2|Celebi|item
|poke|p2|Ferrothorn, F|item
|poke|p2|Terrakion|item
|poke|p2|Alakazam, F|item
|poke|p2|Heatran, F|item
|poke|p2|Scizor, M|item
|teampreview
|inactive|Battle timer is ON: inactive players will automatically lose when time's up. (requested by el janitor)
|
|t:|1707856796
|start
|switch|p1a: Politoed|Politoed, M|100/100
|switch|p2a: Ferrothorn|Ferrothorn, F|100/100
|-weather|RainDance|[from] ability: Drizzle|[of] p1a: Politoed
|turn|1
|
|t:|1707856800
|switch|p1a: Toxicroak|Toxicroak, M|100/100
|move|p2a: Ferrothorn|Power Whip|p1a: Toxicroak|[miss]
|-miss|p2a: Ferrothorn|p1a: Toxicroak
|
|-weather|RainDance|[upkeep]
|upkeep
|turn|2
|
|t:|1707856805
|move|p1a: Toxicroak|Substitute|p1a: Toxicroak
|-start|p1a: Toxicroak|Substitute
|-damage|p1a: Toxicroak|76/100
|move|p2a: Ferrothorn|Gyro Ball|p1a: Toxicroak
|-end|p1a: Toxicroak|Substitute
|
|-weather|RainDance|[upkeep]
|-heal|p1a: Toxicroak|88/100|[from] ability: Dry Skin
|upkeep
|turn|3
|
|t:|1707856820
|switch|p2a: Alakazam|Alakazam, F|100/100
|move|p1a: Toxicroak|Substitute|p1a: Toxicroak
|-start|p1a: Toxicroak|Substitute
|-damage|p1a: Toxicroak|63/100
|
|-weather|RainDance|[upkeep]
|-heal|p1a: Toxicroak|76/100|[from] ability: Dry Skin
|upkeep
|turn|4
|
|t:|1707856822
|-singleturn|p1a: Toxicroak|move: Focus Punch
|move|p2a: Alakazam|Psyshock|p1a: Toxicroak
|-supereffective|p1a: Toxicroak
|-end|p1a: Toxicroak|Substitute
|move|p1a: Toxicroak|Focus Punch|p2a: Alakazam
|-resisted|p2a: Alakazam
|-enditem|p2a: Alakazam|Focus Sash
|-damage|p2a: Alakazam|1/100
|-damage|p1a: Toxicroak|66/100|[from] item: Life Orb
|
|-weather|RainDance|[upkeep]
|-heal|p1a: Toxicroak|78/100|[from] ability: Dry Skin
|upkeep
|turn|5
|
|t:|1707856827
|switch|p2a: Heatran|Heatran, F|100/100
|-item|p2a: Heatran|Air Balloon
|move|p1a: Toxicroak|Sucker Punch||[still]
|-fail|p1a: Toxicroak
|
|-weather|RainDance|[upkeep]
|-heal|p1a: Toxicroak|91/100|[from] ability: Dry Skin
|upkeep
|turn|6
|
|t:|1707856833
|switch|p1a: Tentacruel|Tentacruel, M|100/100
|move|p2a: Heatran|Roar|p1a: Tentacruel
|drag|p1a: Ferrothorn|Ferrothorn, F|100/100
|
|-weather|RainDance|[upkeep]
|upkeep
|turn|7
|
|t:|1707856845
|switch|p1a: Politoed|Politoed, M|100/100
|move|p2a: Heatran|Stealth Rock|p1a: Politoed
|-sidestart|p1: el janitor|move: Stealth Rock
|
|-weather|RainDance|[upkeep]
|upkeep
|turn|8
|
|t:|1707856854
|switch|p2a: Celebi|Celebi|100/100
|switch|p1a: Tentacruel|Tentacruel, M|100/100
|-damage|p1a: Tentacruel|88/100|[from] Stealth Rock
|
|-weather|RainDance|[upkeep]
|-heal|p1a: Tentacruel|94/100|[from] ability: Rain Dish
|-heal|p1a: Tentacruel|99/100|[from] item: Black Sludge
|upkeep
|turn|9
|
|t:|1707856859
|move|p1a: Tentacruel|Toxic Spikes|p2a: Celebi
|-sidestart|p2: Lt Lobotomy38|move: Toxic Spikes
|move|p2a: Celebi|Psychic|p1a: Tentacruel
|-supereffective|p1a: Tentacruel
|-damage|p1a: Tentacruel|34/100
|
|-weather|RainDance|[upkeep]
|-heal|p1a: Tentacruel|40/100|[from] ability: Rain Dish
|-heal|p1a: Tentacruel|46/100|[from] item: Black Sludge
|upkeep
|turn|10
|
|t:|1707856863
|move|p1a: Tentacruel|Protect|p1a: Tentacruel
|-singleturn|p1a: Tentacruel|Protect
|move|p2a: Celebi|Psychic|p1a: Tentacruel
|-activate|p1a: Tentacruel|move: Protect
|
|-weather|RainDance|[upkeep]
|-heal|p1a: Tentacruel|52/100|[from] ability: Rain Dish
|-heal|p1a: Tentacruel|58/100|[from] item: Black Sludge
|upkeep
|turn|11
|
|t:|1707856869
|switch|p1a: Ferrothorn|Ferrothorn, F|100/100
|-damage|p1a: Ferrothorn|94/100|[from] Stealth Rock
|move|p2a: Celebi|Psychic|p1a: Ferrothorn
|-resisted|p1a: Ferrothorn
|-damage|p1a: Ferrothorn|81/100
|
|-weather|RainDance|[upkeep]
|-heal|p1a: Ferrothorn|88/100|[from] item: Leftovers
|upkeep
|turn|12
|
|t:|1707856877
|move|p2a: Celebi|Hidden Power|p1a: Ferrothorn
|-supereffective|p1a: Ferrothorn
|-damage|p1a: Ferrothorn|56/100
|move|p1a: Ferrothorn|Spikes|p2a: Celebi
|-sidestart|p2: Lt Lobotomy38|Spikes
|
|-weather|RainDance|[upkeep]
|-heal|p1a: Ferrothorn|62/100|[from] item: Leftovers
|upkeep
|turn|13
|
|t:|1707856890
|switch|p2a: Terrakion|Terrakion|100/100
|-status|p2a: Terrakion|psn
|-damage|p2a: Terrakion|88/100 psn|[from] Spikes
|move|p1a: Ferrothorn|Spikes|p2a: Terrakion
|-sidestart|p2: Lt Lobotomy38|Spikes
|
|-weather|RainDance|[upkeep]
|-heal|p1a: Ferrothorn|68/100|[from] item: Leftovers
|-damage|p2a: Terrakion|76/100 psn|[from] psn
|upkeep
|turn|14
|
|t:|1707856894
|switch|p1a: Landorus|Landorus-Therian, M|100/100
|-damage|p1a: Landorus|88/100|[from] Stealth Rock
|-ability|p1a: Landorus|Intimidate|boost
|-unboost|p2a: Terrakion|atk|1
|move|p2a: Terrakion|Close Combat|p1a: Landorus
|-resisted|p1a: Landorus
|-damage|p1a: Landorus|57/100
|-unboost|p2a: Terrakion|def|1
|-unboost|p2a: Terrakion|spd|1
|
|-weather|RainDance|[upkeep]
|-damage|p2a: Terrakion|63/100 psn|[from] psn
|upkeep
|turn|15
|
|t:|1707856904
|switch|p2a: Ferrothorn|Ferrothorn, F|100/100
|-damage|p2a: Ferrothorn|84/100|[from] Spikes
|move|p1a: Landorus|U-turn|p2a: Ferrothorn
|-damage|p2a: Ferrothorn|70/100
|-damage|p1a: Landorus|44/100|[from] ability: Iron Barbs|[of] p2a: Ferrothorn
|inactive|el janitor has 120 seconds left.
|inactive|el janitor has 90 seconds left.
|
|t:|1707856969
|switch|p1a: Toxicroak|Toxicroak, M|91/100|[from] U-turn
|-damage|p1a: Toxicroak|85/100|[from] Stealth Rock
|
|-weather|RainDance|[upkeep]
|-heal|p1a: Toxicroak|97/100|[from] ability: Dry Skin
|-heal|p2a: Ferrothorn|77/100|[from] item: Leftovers
|upkeep
|turn|16
|inactive|Lt Lobotomy38 has 120 seconds left.
|
|t:|1707857024
|move|p1a: Toxicroak|Substitute|p1a: Toxicroak
|-start|p1a: Toxicroak|Substitute
|-damage|p1a: Toxicroak|72/100
|move|p2a: Ferrothorn|Spikes|p1a: Toxicroak
|-sidestart|p1: el janitor|Spikes
|
|-weather|RainDance|[upkeep]
|-heal|p1a: Toxicroak|85/100|[from] ability: Dry Skin
|-heal|p2a: Ferrothorn|83/100|[from] item: Leftovers
|upkeep
|turn|17
|
|t:|1707857027
|-singleturn|p1a: Toxicroak|move: Focus Punch
|move|p2a: Ferrothorn|Spikes|p1a: Toxicroak
|-sidestart|p1: el janitor|Spikes
|move|p1a: Toxicroak|Focus Punch|p2a: Ferrothorn
|-supereffective|p2a: Ferrothorn
|-damage|p2a: Ferrothorn|0 fnt
|-damage|p1a: Toxicroak|72/100|[from] ability: Iron Barbs|[of] p2a: Ferrothorn
|faint|p2a: Ferrothorn
|-damage|p1a: Toxicroak|62/100|[from] item: Life Orb
|
|-weather|RainDance|[upkeep]
|-heal|p1a: Toxicroak|75/100|[from] ability: Dry Skin
|upkeep
|
|t:|1707857040
|switch|p2a: Terrakion|Terrakion|63/100 psn
|-damage|p2a: Terrakion|47/100 psn|[from] Spikes
|turn|18
|
|t:|1707857045
|-singleturn|p1a: Toxicroak|move: Focus Punch
|move|p2a: Terrakion|Earthquake|p1a: Toxicroak
|-supereffective|p1a: Toxicroak
|-end|p1a: Toxicroak|Substitute
|move|p1a: Toxicroak|Focus Punch|p2a: Terrakion
|-supereffective|p2a: Terrakion
|-damage|p2a: Terrakion|0 fnt
|faint|p2a: Terrakion
|-damage|p1a: Toxicroak|65/100|[from] item: Life Orb
|
|-weather|RainDance|[upkeep]
|-heal|p1a: Toxicroak|77/100|[from] ability: Dry Skin
|upkeep
|
|t:|1707857048
|switch|p2a: Celebi|Celebi|100/100
|-status|p2a: Celebi|psn
|-damage|p2a: Celebi|84/100 psn|[from] Spikes
|turn|19
|
|t:|1707857056
|switch|p1a: Ferrothorn|Ferrothorn, F|68/100
|-damage|p1a: Ferrothorn|62/100|[from] Stealth Rock
|-damage|p1a: Ferrothorn|46/100|[from] Spikes
|move|p2a: Celebi|Psychic|p1a: Ferrothorn
|-resisted|p1a: Ferrothorn
|-damage|p1a: Ferrothorn|33/100
|
|-weather|RainDance|[upkeep]
|-heal|p2a: Celebi|90/100 psn|[from] item: Leftovers
|-heal|p1a: Ferrothorn|39/100|[from] item: Leftovers
|-damage|p2a: Celebi|78/100 psn|[from] psn
|upkeep
|turn|20
|inactive|Lt Lobotomy38 has 120 seconds left.
|
|t:|1707857072
|-curestatus|p2a: Celebi|psn|[from] ability: Natural Cure
|switch|p2a: Heatran|Heatran, F|100/100
|-item|p2a: Heatran|Air Balloon
|move|p1a: Ferrothorn|Gyro Ball|p2a: Heatran
|-resisted|p2a: Heatran
|-damage|p2a: Heatran|94/100
|-enditem|p2a: Heatran|Air Balloon
|
|-weather|RainDance|[upkeep]
|-heal|p1a: Ferrothorn|45/100|[from] item: Leftovers
|upkeep
|turn|21
|
|t:|1707857081
|move|p2a: Heatran|Earth Power|p1a: Ferrothorn
|-damage|p1a: Ferrothorn|24/100
|move|p1a: Ferrothorn|Leech Seed|p2a: Heatran|[miss]
|-miss|p1a: Ferrothorn|p2a: Heatran
|
|-weather|RainDance|[upkeep]
|-heal|p1a: Ferrothorn|31/100|[from] item: Leftovers
|upkeep
|turn|22
|
|t:|1707857087
|switch|p1a: Politoed|Politoed, M|100/100
|-damage|p1a: Politoed|88/100|[from] Stealth Rock
|-damage|p1a: Politoed|71/100|[from] Spikes
|move|p2a: Heatran|Magma Storm|p1a: Politoed
|-resisted|p1a: Politoed
|-damage|p1a: Politoed|58/100
|-activate|p1a: Politoed|move: Magma Storm|[of] p2a: Heatran
|
|-weather|RainDance|[upkeep]
|-heal|p1a: Politoed|64/100|[from] item: Leftovers
|-damage|p1a: Politoed|58/100|[from] move: Magma Storm|[partiallytrapped]
|upkeep
|turn|23
|inactive|Lt Lobotomy38 has 120 seconds left.
|
|t:|1707857110
|move|p2a: Heatran|Earth Power|p1a: Politoed
|-damage|p1a: Politoed|26/100
|move|p1a: Politoed|Scald|p2a: Heatran
|-supereffective|p2a: Heatran
|-damage|p2a: Heatran|31/100
|
|-weather|RainDance|[upkeep]
|-heal|p1a: Politoed|32/100|[from] item: Leftovers
|-damage|p1a: Politoed|26/100|[from] move: Magma Storm|[partiallytrapped]
|upkeep
|turn|24
|
|t:|1707857117
|move|p2a: Heatran|Earth Power|p1a: Politoed
|-damage|p1a: Politoed|0 fnt
|faint|p1a: Politoed
|
|-weather|RainDance|[upkeep]
|upkeep
|
|t:|1707857118
|switch|p1a: Tentacruel|Tentacruel, M|58/100
|-damage|p1a: Tentacruel|46/100|[from] Stealth Rock
|-damage|p1a: Tentacruel|30/100|[from] Spikes
|turn|25
|
|t:|1707857122
|move|p1a: Tentacruel|Rapid Spin|p2a: Heatran
|-resisted|p2a: Heatran
|-damage|p2a: Heatran|30/100
|-sideend|p1: el janitor|Spikes|[from] move: Rapid Spin|[of] p1a: Tentacruel
|-sideend|p1: el janitor|Stealth Rock|[from] move: Rapid Spin|[of] p1a: Tentacruel
|move|p2a: Heatran|Earth Power|p1a: Tentacruel
|-supereffective|p1a: Tentacruel
|-damage|p1a: Tentacruel|0 fnt
|faint|p1a: Tentacruel
|
|-weather|RainDance|[upkeep]
|upkeep
|
|t:|1707857133
|switch|p1a: Landorus|Landorus-Therian, M|44/100
|-ability|p1a: Landorus|Intimidate|boost
|-unboost|p2a: Heatran|atk|1
|turn|26
|
|t:|1707857136
|move|p1a: Landorus|Earthquake|p2a: Heatran
|-supereffective|p2a: Heatran
|-damage|p2a: Heatran|0 fnt
|faint|p2a: Heatran
|
|-weather|RainDance|[upkeep]
|upkeep
|
|t:|1707857147
|switch|p2a: Alakazam|Alakazam, F|1/100
|-status|p2a: Alakazam|psn
|turn|27
|
|t:|1707857149
|move|p1a: Landorus|Earthquake|p2a: Alakazam
|-damage|p2a: Alakazam|0 fnt
|faint|p2a: Alakazam
|
|-weather|RainDance|[upkeep]
|upkeep
|
|t:|1707857150
|switch|p2a: Celebi|Celebi|78/100
|-status|p2a: Celebi|psn
|-damage|p2a: Celebi|61/100 psn|[from] Spikes
|turn|28
|
|t:|1707857156
|switch|p1a: Ferrothorn|Ferrothorn, F|31/100
|move|p2a: Celebi|Hidden Power|p1a: Ferrothorn
|-supereffective|p1a: Ferrothorn
|-damage|p1a: Ferrothorn|2/100
|
|-weather|RainDance|[upkeep]
|-heal|p2a: Celebi|67/100 psn|[from] item: Leftovers
|-heal|p1a: Ferrothorn|8/100|[from] item: Leftovers
|-damage|p2a: Celebi|55/100 psn|[from] psn
|upkeep
|turn|29
|
|t:|1707857159
|move|p2a: Celebi|Hidden Power|p1a: Ferrothorn
|-supereffective|p1a: Ferrothorn
|-damage|p1a: Ferrothorn|0 fnt
|faint|p1a: Ferrothorn
|
|-weather|RainDance|[upkeep]
|-heal|p2a: Celebi|61/100 psn|[from] item: Leftovers
|-damage|p2a: Celebi|48/100 psn|[from] psn
|upkeep
|
|t:|1707857162
|switch|p1a: Landorus|Landorus-Therian, M|44/100
|-ability|p1a: Landorus|Intimidate|boost
|-unboost|p2a: Celebi|atk|1
|turn|30
|
|t:|1707857165
|move|p1a: Landorus|U-turn|p2a: Celebi
|-supereffective|p2a: Celebi
|-damage|p2a: Celebi|0 fnt
|faint|p2a: Celebi
|
|t:|1707857167
|switch|p1a: Tornadus|Tornadus, M|100/100|[from] U-turn
|
|-weather|RainDance|[upkeep]
|upkeep
|
|t:|1707857170
|switch|p2a: Scizor|Scizor, M|100/100
|-damage|p2a: Scizor|84/100|[from] Spikes
|turn|31
|
|t:|1707857172
|move|p1a: Tornadus|Hurricane|p2a: Scizor
|-damage|p2a: Scizor|0 fnt
|faint|p2a: Scizor
|
|win|el janitor
|raw|el janitor's rating: 1350 &rarr; <strong>1370</strong><br />(+20 for winning)
|raw|Lt Lobotomy38's rating: 1356 &rarr; <strong>1336</strong><br />(-20 for losing)
|l|☆Lt Lobotomy38
|player|p2|
|c|☆el janitor|gg
