|j|☆Chickenguru
|j|☆Vanteline
|player|p1|Chickenguru|148|1347
|player|p2|Vanteline|130|1273
|teamsize|p1|6
|teamsize|p2|6
|gametype|singles
|gen|5
|tier|[Gen 5] OU
|rated|
|rule|Sleep Clause Mod: Limit one foe put to sleep
|rule|Species Clause: Limit one of each Pokémon
|rule|OHKO Clause: OHKO moves are banned
|rule|Moody Clause: Moody is banned
|rule|Evasion Moves Clause: Evasion moves are banned
|rule|Endless Battle Clause: Forcing endless battles is banned
|rule|HP Percentage Mod: HP is shown in percentages
|rule|Evasion Abilities Clause: Evasion abilities are banned
|rule|Baton Pass Clause: Limit one Baton Passer, can't pass Spe and other stats simultaneously
|rule|Swagger Clause: Swagger is banned
|clearpoke
|poke|p1|Tyranitar, M|item
|poke|p1|Keldeo-Resolute|item
|poke|p1|Landorus-Therian, M|item
|poke|p1|Jellicent, M|item
|poke|p1|Breloom, F|item
|poke|p1|Scolipede, F|item
|poke|p2|Ferrothorn, F|item
|poke|p2|Gyarados, M|item
|poke|p2|Thundurus-Therian, M|item
|poke|p2|Heatran, M|item
|poke|p2|Latios, M|item
|poke|p2|Conkeldurr, M|item
|teampreview
|
|start
|switch|p1a: Burungeru|Jellicent, M|100/100
|switch|p2a: Conkeldurr|Conkeldurr, M|100/100
|turn|1
|
|switch|p1a: Landorus|Landorus-Therian, M|100/100
|-ability|p1a: Landorus|Intimidate|boost
|-unboost|p2a: Conkeldurr|atk|1
|move|p2a: Conkeldurr|Thunder Punch|p1a: Landorus
|-immune|p1a: Landorus
|
|upkeep
|turn|2
|
|switch|p2a: Gyarados|Gyarados, M|100/100
|-ability|p2a: Gyarados|Intimidate|boost
|-unboost|p1a: Landorus|atk|1
|move|p1a: Landorus|Stealth Rock|p2a: Gyarados
|-sidestart|p2: Vanteline|move: Stealth Rock
|
|upkeep
|turn|3
|
|move|p1a: Landorus|U-turn|p2a: Gyarados
|-resisted|p2a: Gyarados
|-damage|p2a: Gyarados|91/100
|-damage|p1a: Landorus|84/100|[from] item: Rocky Helmet|[of] p2a: Gyarados
|
|switch|p1a: Scolipede|Scolipede, F|100/100|[from]move: U-turn
|move|p2a: Gyarados|Dragon Dance|p2a: Gyarados
|-boost|p2a: Gyarados|atk|1
|-boost|p2a: Gyarados|spe|1
|
|upkeep
|turn|4
|
|switch|p1a: Landorus|Landorus-Therian, M|84/100
|-ability|p1a: Landorus|Intimidate|boost
|-unboost|p2a: Gyarados|atk|1
|move|p2a: Gyarados|Stone Edge|p1a: Landorus|[miss]
|-miss|p2a: Gyarados|p1a: Landorus
|
|-heal|p1a: Landorus|90/100|[from] item: Leftovers
|upkeep
|turn|5
|
|move|p2a: Gyarados|Ice Fang|p1a: Landorus
|-supereffective|p1a: Landorus
|-damage|p1a: Landorus|7/100
|move|p1a: Landorus|U-turn|p2a: Gyarados
|-resisted|p2a: Gyarados
|-crit|p2a: Gyarados
|-damage|p2a: Gyarados|62/100
|-damage|p1a: Landorus|0 fnt|[from] item: Rocky Helmet|[of] p2a: Gyarados
|faint|p1a: Landorus
|
|upkeep
|
|switch|p1a: Tyranitar|Tyranitar, M|100/100
|-weather|Sandstorm|[from] ability: Sand Stream|[of] p1a: Tyranitar
|turn|6
|
|move|p2a: Gyarados|Waterfall|p1a: Tyranitar
|-supereffective|p1a: Tyranitar
|-damage|p1a: Tyranitar|26/100
|move|p1a: Tyranitar|Stone Edge|p2a: Gyarados|[miss]
|-miss|p1a: Tyranitar|p2a: Gyarados
|
|-weather|Sandstorm|[upkeep]
|-damage|p2a: Gyarados|56/100|[from] Sandstorm
|upkeep
|turn|7
|
|switch|p1a: Burungeru|Jellicent, M|100/100
|move|p2a: Gyarados|Waterfall|p1a: Burungeru
|-immune|p1a: Burungeru|[from] ability: Water Absorb
|
|-weather|Sandstorm|[upkeep]
|-damage|p2a: Gyarados|50/100|[from] Sandstorm
|-damage|p1a: Burungeru|94/100|[from] Sandstorm
|-heal|p1a: Burungeru|100/100|[from] item: Leftovers
|upkeep
|turn|8
|
|move|p2a: Gyarados|Stone Edge|p1a: Burungeru
|-damage|p1a: Burungeru|60/100
|move|p1a: Burungeru|Toxic|p2a: Gyarados
|-status|p2a: Gyarados|tox
|
|-weather|Sandstorm|[upkeep]
|-damage|p2a: Gyarados|44/100 tox|[from] Sandstorm
|-damage|p1a: Burungeru|54/100|[from] Sandstorm
|-heal|p1a: Burungeru|60/100|[from] item: Leftovers
|-damage|p2a: Gyarados|38/100 tox|[from] psn
|upkeep
|turn|9
|
|move|p2a: Gyarados|Stone Edge|p1a: Burungeru
|-damage|p1a: Burungeru|23/100
|move|p1a: Burungeru|Recover|p1a: Burungeru
|-heal|p1a: Burungeru|73/100
|
|-weather|Sandstorm|[upkeep]
|-damage|p2a: Gyarados|32/100 tox|[from] Sandstorm
|-damage|p1a: Burungeru|67/100|[from] Sandstorm
|-heal|p1a: Burungeru|73/100|[from] item: Leftovers
|-damage|p2a: Gyarados|20/100 tox|[from] psn
|upkeep
|turn|10
|
|move|p2a: Gyarados|Stone Edge|p1a: Burungeru
|-crit|p1a: Burungeru
|-damage|p1a: Burungeru|0 fnt
|faint|p1a: Burungeru
|
|-weather|Sandstorm|[upkeep]
|-damage|p2a: Gyarados|14/100 tox|[from] Sandstorm
|-damage|p2a: Gyarados|0 fnt|[from] psn
|faint|p2a: Gyarados
|upkeep
|inactive|Battle timer is ON: inactive players will automatically lose when time's up. (requested by Chickenguru)
|
|switch|p2a: Ferrothorn|Ferrothorn, F|100/100
|switch|p1a: Scolipede|Scolipede, F|100/100
|-damage|p2a: Ferrothorn|95/100|[from] Stealth Rock
|turn|11
|
|switch|p1a: Tyranitar|Tyranitar, M|26/100
|move|p2a: Ferrothorn|Stealth Rock|p1a: Tyranitar
|-sidestart|p1: Chickenguru|move: Stealth Rock
|
|-weather|Sandstorm|[upkeep]
|-heal|p2a: Ferrothorn|100/100|[from] item: Leftovers
|upkeep
|turn|12
|
|move|p1a: Tyranitar|Superpower|p2a: Ferrothorn
|-supereffective|p2a: Ferrothorn
|-damage|p2a: Ferrothorn|0 fnt
|-damage|p1a: Tyranitar|13/100|[from] ability: Iron Barbs|[of] p2a: Ferrothorn
|-unboost|p1a: Tyranitar|atk|1
|-unboost|p1a: Tyranitar|def|1
|faint|p2a: Ferrothorn
|
|-weather|Sandstorm|[upkeep]
|upkeep
|
|switch|p2a: Conkeldurr|Conkeldurr, M|100/100
|-damage|p2a: Conkeldurr|94/100|[from] Stealth Rock
|turn|13
|
|move|p1a: Tyranitar|Superpower|p2a: Conkeldurr
|-damage|p2a: Conkeldurr|54/100
|-unboost|p1a: Tyranitar|atk|1
|-unboost|p1a: Tyranitar|def|1
|move|p2a: Conkeldurr|Thunder Punch|p1a: Tyranitar
|-damage|p1a: Tyranitar|0 fnt
|faint|p1a: Tyranitar
|
|-weather|Sandstorm|[upkeep]
|-damage|p2a: Conkeldurr|48/100|[from] Sandstorm
|upkeep
|
|switch|p1a: Breloom|Breloom, F|100/100
|-damage|p1a: Breloom|94/100|[from] Stealth Rock
|turn|14
|
|move|p1a: Breloom|Spore|p2a: Conkeldurr
|-status|p2a: Conkeldurr|slp|[from] move: Spore
|cant|p2a: Conkeldurr|slp
|
|-weather|Sandstorm|[upkeep]
|-damage|p1a: Breloom|88/100|[from] Sandstorm
|-damage|p2a: Conkeldurr|42/100 slp|[from] Sandstorm
|upkeep
|turn|15
|
|switch|p2a: Thundurus|Thundurus-Therian, M|100/100
|-damage|p2a: Thundurus|76/100|[from] Stealth Rock
|move|p1a: Breloom|Swords Dance|p1a: Breloom
|-boost|p1a: Breloom|atk|2
|
|-weather|Sandstorm|[upkeep]
|-damage|p2a: Thundurus|70/100|[from] Sandstorm
|-damage|p1a: Breloom|82/100|[from] Sandstorm
|upkeep
|turn|16
|
|move|p1a: Breloom|Mach Punch|p2a: Thundurus
|-resisted|p2a: Thundurus
|-damage|p2a: Thundurus|7/100
|-damage|p1a: Breloom|72/100|[from] item: Life Orb
|move|p2a: Thundurus|Hidden Power|p1a: Breloom
|-supereffective|p1a: Breloom
|-damage|p1a: Breloom|0 fnt
|faint|p1a: Breloom
|
|-weather|Sandstorm|[upkeep]
|-damage|p2a: Thundurus|1/100|[from] Sandstorm
|upkeep
|
|switch|p1a: Keldeo|Keldeo-Resolute|100/100
|-damage|p1a: Keldeo|94/100|[from] Stealth Rock
|turn|17
|
|move|p1a: Keldeo|Secret Sword|p2a: Thundurus
|-resisted|p2a: Thundurus
|-damage|p2a: Thundurus|0 fnt
|faint|p2a: Thundurus
|
|-weather|Sandstorm|[upkeep]
|-damage|p1a: Keldeo|88/100|[from] Sandstorm
|-heal|p1a: Keldeo|94/100|[from] item: Leftovers
|upkeep
|
|switch|p2a: Latios|Latios, M|100/100
|-damage|p2a: Latios|88/100|[from] Stealth Rock
|turn|18
|
|move|p2a: Latios|Psychic|p1a: Keldeo
|-supereffective|p1a: Keldeo
|-damage|p1a: Keldeo|0 fnt
|faint|p1a: Keldeo
|
|-weather|Sandstorm|[upkeep]
|-damage|p2a: Latios|82/100|[from] Sandstorm
|upkeep
|
|switch|p1a: Scolipede|Scolipede, F|100/100
|-damage|p1a: Scolipede|76/100|[from] Stealth Rock
|turn|19
|
|move|p1a: Scolipede|Megahorn|p2a: Latios
|-supereffective|p2a: Latios
|-damage|p2a: Latios|0 fnt
|-damage|p1a: Scolipede|66/100|[from] item: Life Orb
|faint|p2a: Latios
|
|-weather|Sandstorm|[upkeep]
|-damage|p1a: Scolipede|60/100|[from] Sandstorm
|upkeep
|
|switch|p2a: Heatran|Heatran, M|100/100
|-damage|p2a: Heatran|88/100|[from] Stealth Rock
|-item|p2a: Heatran|Air Balloon
|turn|20
|
|move|p1a: Scolipede|Megahorn|p2a: Heatran
|-resisted|p2a: Heatran
|-damage|p2a: Heatran|72/100
|-enditem|p2a: Heatran|Air Balloon
|-damage|p1a: Scolipede|50/100|[from] item: Life Orb
|move|p2a: Heatran|Fire Blast|p1a: Scolipede
|-supereffective|p1a: Scolipede
|-damage|p1a: Scolipede|0 fnt
|faint|p1a: Scolipede
|
|win|Vanteline
|raw|Chickenguru's rating: 1347 &rarr; <strong>1323</strong><br />(-24 for losing)
|raw|Vanteline's rating: 1273 &rarr; <strong>1303</strong><br />(+30 for winning)
|c|☆Chickenguru|pepehands balloon
|l|☆Chickenguru
