|j|☆EeveetoTheN00b
|j|☆tres wrongs
|player|p1|EeveetoTheN00b|acetrainersnow|1424
|player|p2|tres wrongs|bill-gen3|1317
|teamsize|p1|6
|teamsize|p2|6
|gametype|singles
|gen|5
|tier|[Gen 5] OU
|rated|
|clearpoke
|poke|p1|Froslass, F|item
|poke|p1|Mamoswine, M|item
|poke|p1|Jellicent, M|item
|poke|p1|Jirachi|item
|poke|p1|Scizor, M|item
|poke|p1|Latios, M|item
|poke|p2|Politoed, M|item
|poke|p2|Tentacruel, M|item
|poke|p2|Ferrothorn, F|item
|poke|p2|Keldeo-Resolute|item
|poke|p2|Thundurus-Therian, M|item
|poke|p2|Latios, M|item
|rule|Species Clause: Limit one of each Pokémon
|rule|OHKO Clause: OHKO moves are banned
|rule|Moody Clause: Moody is banned
|rule|Evasion Moves Clause: Evasion moves are banned
|rule|Endless Battle Clause: Forcing endless battles is banned
|rule|HP Percentage Mod: HP is shown in percentages
|rule|Evasion Abilities Clause: Evasion abilities are banned
|rule|Baton Pass Clause: Limit one Baton Passer, can't pass Spe and other stats simultaneously
|rule|Sleep Clause: Sleep-inducing moves are banned
|rule|Swagger Clause: Swagger is banned
|teampreview
|inactive|Battle timer is ON: inactive players will automatically lose when time's up. (requested by EeveetoTheN00b)
|l|☆tres wrongs
|inactive|tres wrongs disconnected and has a minute to reconnect!
|player|p2|
|j|☆tres wrongs
|inactive|tres wrongs reconnected and has 145 seconds left.
|player|p2|tres wrongs|bill-gen3
|c|☆tres wrongs|hf
|c|☆EeveetoTheN00b|same
|
|start
|switch|p1a: Frosslasse|Froslass, F|100/100
|switch|p2a: Politoed|Politoed, M|100/100
|-weather|RainDance|[from] ability: Drizzle|[of] p2a: Politoed
|turn|1
|
|move|p1a: Frosslasse|Spikes|p2a: Politoed
|-sidestart|p2: tres wrongs|Spikes
|move|p2a: Politoed|Scald|p1a: Frosslasse
|-damage|p1a: Frosslasse|40/100
|
|-weather|RainDance|[upkeep]
|upkeep
|turn|2
|
|move|p1a: Frosslasse|Thunder Wave|p2a: Politoed
|-status|p2a: Politoed|par
|move|p2a: Politoed|Scald|p1a: Frosslasse
|-damage|p1a: Frosslasse|0 fnt
|-start|p2a: Politoed|Disable|Scald|[from] ability: Cursed Body|[of] p1a: Frosslasse
|faint|p1a: Frosslasse
|
|-weather|RainDance|[upkeep]
|upkeep
|
|switch|p1a: Mamonswine|Mamoswine, M|100/100
|turn|3
|
|switch|p2a: Ferrothorn|Ferrothorn, F|100/100
|-damage|p2a: Ferrothorn|88/100|[from] Spikes
|move|p1a: Mamonswine|Stealth Rock|p2a: Ferrothorn
|-sidestart|p2: tres wrongs|move: Stealth Rock
|
|-weather|RainDance|[upkeep]
|-heal|p2a: Ferrothorn|94/100|[from] item: Leftovers
|upkeep
|turn|4
|
|switch|p1a: Sr. Recortes|Scizor, M|100/100
|move|p2a: Ferrothorn|Stealth Rock|p1a: Sr. Recortes
|-sidestart|p1: EeveetoTheN00b|move: Stealth Rock
|
|-weather|RainDance|[upkeep]
|-heal|p2a: Ferrothorn|100/100|[from] item: Leftovers
|upkeep
|turn|5
|
|switch|p2a: Tentacruel|Tentacruel, M|100/100
|-damage|p2a: Tentacruel|88/100|[from] Stealth Rock
|-damage|p2a: Tentacruel|76/100|[from] Spikes
|move|p1a: Sr. Recortes|Swords Dance|p1a: Sr. Recortes
|-boost|p1a: Sr. Recortes|atk|2
|
|-weather|RainDance|[upkeep]
|-heal|p2a: Tentacruel|82/100|[from] ability: Rain Dish
|-heal|p2a: Tentacruel|88/100|[from] item: Black Sludge
|upkeep
|turn|6
|
|move|p2a: Tentacruel|Protect|p2a: Tentacruel
|-singleturn|p2a: Tentacruel|Protect
|move|p1a: Sr. Recortes|Acrobatics|p2a: Tentacruel
|-activate|p2a: Tentacruel|move: Protect
|
|-weather|RainDance|[upkeep]
|-heal|p2a: Tentacruel|94/100|[from] ability: Rain Dish
|-heal|p2a: Tentacruel|100/100|[from] item: Black Sludge
|upkeep
|turn|7
|
|move|p2a: Tentacruel|Scald|p1a: Sr. Recortes
|-damage|p1a: Sr. Recortes|52/100
|move|p1a: Sr. Recortes|Acrobatics|p2a: Tentacruel
|-enditem|p1a: Sr. Recortes|Flying Gem|[from] gem
|-damage|p2a: Tentacruel|0 fnt
|faint|p2a: Tentacruel
|
|-weather|RainDance|[upkeep]
|upkeep
|
|switch|p2a: Thundurus|Thundurus-Therian, M|100/100
|-damage|p2a: Thundurus|76/100|[from] Stealth Rock
|turn|8
|
|switch|p1a: Mamonswine|Mamoswine, M|100/100
|-damage|p1a: Mamonswine|88/100|[from] Stealth Rock
|move|p2a: Thundurus|Substitute|p2a: Thundurus
|-start|p2a: Thundurus|Substitute
|-damage|p2a: Thundurus|51/100
|
|-weather|RainDance|[upkeep]
|-heal|p2a: Thundurus|57/100|[from] item: Leftovers
|upkeep
|turn|9
|
|move|p1a: Mamonswine|Ice Shard|p2a: Thundurus
|-supereffective|p2a: Thundurus
|-end|p2a: Thundurus|Substitute
|move|p2a: Thundurus|Focus Blast|p1a: Mamonswine
|-supereffective|p1a: Mamonswine
|-damage|p1a: Mamonswine|0 fnt
|faint|p1a: Mamonswine
|
|-weather|RainDance|[upkeep]
|-heal|p2a: Thundurus|63/100|[from] item: Leftovers
|upkeep
|
|switch|p1a: Latiosorio|Latios, M|100/100
|-damage|p1a: Latiosorio|88/100|[from] Stealth Rock
|turn|10
|
|switch|p1a: Wish Of Hax|Jirachi|100/100
|-damage|p1a: Wish Of Hax|94/100|[from] Stealth Rock
|switch|p2a: Ferrothorn|Ferrothorn, F|100/100
|-damage|p2a: Ferrothorn|88/100|[from] Spikes
|-damage|p2a: Ferrothorn|82/100|[from] Stealth Rock
|
|-weather|RainDance|[upkeep]
|-heal|p2a: Ferrothorn|88/100|[from] item: Leftovers
|upkeep
|turn|11
|
|move|p1a: Wish Of Hax|Trick|p2a: Ferrothorn
|-activate|p1a: Wish Of Hax|move: Trick|[of] p2a: Ferrothorn
|-item|p2a: Ferrothorn|Choice Scarf|[from] move: Trick
|-item|p1a: Wish Of Hax|Leftovers|[from] move: Trick
|move|p2a: Ferrothorn|Spikes|p1a: Wish Of Hax
|-sidestart|p1: EeveetoTheN00b|Spikes
|
|-weather|RainDance|[upkeep]
|-heal|p1a: Wish Of Hax|100/100|[from] item: Leftovers
|upkeep
|turn|12
|
|move|p1a: Wish Of Hax|Fire Punch|p2a: Ferrothorn
|-supereffective|p2a: Ferrothorn
|-damage|p2a: Ferrothorn|62/100
|-status|p2a: Ferrothorn|brn
|-damage|p1a: Wish Of Hax|88/100|[from] ability: Iron Barbs|[of] p2a: Ferrothorn
|move|p2a: Ferrothorn|Spikes|p1a: Wish Of Hax
|-sidestart|p1: EeveetoTheN00b|Spikes
|
|-weather|RainDance|[upkeep]
|-heal|p1a: Wish Of Hax|94/100|[from] item: Leftovers
|-damage|p2a: Ferrothorn|49/100 brn|[from] brn
|upkeep
|turn|13
|
|move|p1a: Wish Of Hax|Fire Punch|p2a: Ferrothorn
|-supereffective|p2a: Ferrothorn
|-damage|p2a: Ferrothorn|20/100 brn
|-damage|p1a: Wish Of Hax|82/100|[from] ability: Iron Barbs|[of] p2a: Ferrothorn
|move|p2a: Ferrothorn|Spikes|p1a: Wish Of Hax
|-sidestart|p1: EeveetoTheN00b|Spikes
|
|-weather|RainDance|[upkeep]
|-heal|p1a: Wish Of Hax|88/100|[from] item: Leftovers
|-damage|p2a: Ferrothorn|7/100 brn|[from] brn
|upkeep
|turn|14
|
|move|p1a: Wish Of Hax|Fire Punch|p2a: Ferrothorn
|-supereffective|p2a: Ferrothorn
|-damage|p2a: Ferrothorn|0 fnt
|-damage|p1a: Wish Of Hax|76/100|[from] ability: Iron Barbs|[of] p2a: Ferrothorn
|faint|p2a: Ferrothorn
|
|-weather|RainDance|[upkeep]
|-heal|p1a: Wish Of Hax|82/100|[from] item: Leftovers
|upkeep
|
|switch|p2a: Keldeo|Keldeo-Resolute|100/100
|-damage|p2a: Keldeo|88/100|[from] Spikes
|-damage|p2a: Keldeo|82/100|[from] Stealth Rock
|turn|15
|
|switch|p1a: Latiosorio|Latios, M|88/100
|-damage|p1a: Latiosorio|76/100|[from] Stealth Rock
|move|p2a: Keldeo|Hydro Pump|p1a: Latiosorio
|-resisted|p1a: Latiosorio
|-damage|p1a: Latiosorio|8/100
|
|-weather|RainDance|[upkeep]
|upkeep
|turn|16
|
|switch|p2a: Politoed|Politoed, M|100/100 par
|-damage|p2a: Politoed|88/100 par|[from] Spikes
|-damage|p2a: Politoed|76/100 par|[from] Stealth Rock
|move|p1a: Latiosorio|Recover|p1a: Latiosorio
|-heal|p1a: Latiosorio|58/100
|
|-weather|RainDance|[upkeep]
|-heal|p2a: Politoed|82/100 par|[from] item: Leftovers
|upkeep
|turn|17
|
|move|p1a: Latiosorio|Draco Meteor|p2a: Politoed
|-damage|p2a: Politoed|7/100 par
|-unboost|p1a: Latiosorio|spa|2
|-damage|p1a: Latiosorio|48/100|[from] item: Life Orb
|cant|p2a: Politoed|par
|
|-weather|RainDance|[upkeep]
|-heal|p2a: Politoed|13/100 par|[from] item: Leftovers
|upkeep
|turn|18
|
|move|p1a: Latiosorio|Draco Meteor|p2a: Politoed
|-crit|p2a: Politoed
|-damage|p2a: Politoed|0 fnt
|-unboost|p1a: Latiosorio|spa|2
|-damage|p1a: Latiosorio|38/100|[from] item: Life Orb
|faint|p2a: Politoed
|
|-weather|RainDance|[upkeep]
|upkeep
|
|switch|p2a: Latios|Latios, M|100/100
|-damage|p2a: Latios|88/100|[from] Stealth Rock
|turn|19
|
|switch|p1a: Wish Of Hax|Jirachi|82/100
|-damage|p1a: Wish Of Hax|57/100|[from] Spikes
|-damage|p1a: Wish Of Hax|51/100|[from] Stealth Rock
|move|p2a: Latios|Thunder|p1a: Wish Of Hax
|-damage|p1a: Wish Of Hax|11/100
|
|-weather|RainDance|[upkeep]
|-heal|p1a: Wish Of Hax|18/100|[from] item: Leftovers
|upkeep
|turn|20
|
|move|p2a: Latios|Thunder|p1a: Wish Of Hax
|-damage|p1a: Wish Of Hax|0 fnt
|faint|p1a: Wish Of Hax
|
|-weather|RainDance|[upkeep]
|upkeep
|j| Tu26082000
|
|switch|p1a: Latiosorio|Latios, M|38/100
|-damage|p1a: Latiosorio|26/100|[from] Stealth Rock
|turn|21
|inactive|tres wrongs has 120 seconds left.
|
|switch|p2a: Keldeo|Keldeo-Resolute|82/100
|-damage|p2a: Keldeo|70/100|[from] Spikes
|-damage|p2a: Keldeo|63/100|[from] Stealth Rock
|move|p1a: Latiosorio|Recover|p1a: Latiosorio
|-heal|p1a: Latiosorio|76/100
|
|-weather|RainDance|[upkeep]
|upkeep
|turn|22
|
|move|p1a: Latiosorio|Draco Meteor|p2a: Keldeo
|-damage|p2a: Keldeo|0 fnt
|-unboost|p1a: Latiosorio|spa|2
|-damage|p1a: Latiosorio|66/100|[from] item: Life Orb
|faint|p2a: Keldeo
|
|-weather|RainDance|[upkeep]
|upkeep
|
|switch|p2a: Latios|Latios, M|88/100
|-damage|p2a: Latios|76/100|[from] Stealth Rock
|turn|23
|
|switch|p1a: Mostachitos|Jellicent, M|100/100
|-damage|p1a: Mostachitos|76/100|[from] Spikes
|-damage|p1a: Mostachitos|63/100|[from] Stealth Rock
|move|p2a: Latios|Draco Meteor|p1a: Mostachitos
|-damage|p1a: Mostachitos|3/100
|-unboost|p2a: Latios|spa|2
|
|-weather|RainDance|[upkeep]
|-heal|p1a: Mostachitos|9/100|[from] item: Leftovers
|upkeep
|turn|24
|inactive|tres wrongs has 120 seconds left.
|
|switch|p2a: Thundurus|Thundurus-Therian, M|63/100
|-damage|p2a: Thundurus|38/100|[from] Stealth Rock
|move|p1a: Mostachitos|Night Shade|p2a: Thundurus
|-damage|p2a: Thundurus|7/100
|
|-weather|RainDance|[upkeep]
|-heal|p2a: Thundurus|14/100|[from] item: Leftovers
|-heal|p1a: Mostachitos|15/100|[from] item: Leftovers
|upkeep
|turn|25
|inactive|tres wrongs has 120 seconds left.
|
|move|p2a: Thundurus|Thunder|p1a: Mostachitos
|-supereffective|p1a: Mostachitos
|-damage|p1a: Mostachitos|0 fnt
|faint|p1a: Mostachitos
|
|-weather|RainDance|[upkeep]
|-heal|p2a: Thundurus|20/100|[from] item: Leftovers
|upkeep
|
|switch|p1a: Latiosorio|Latios, M|66/100
|-damage|p1a: Latiosorio|54/100|[from] Stealth Rock
|turn|26
|
|move|p1a: Latiosorio|Surf|p2a: Thundurus
|-damage|p2a: Thundurus|0 fnt
|-damage|p1a: Latiosorio|44/100|[from] item: Life Orb
|faint|p2a: Thundurus
|
|-weather|RainDance|[upkeep]
|upkeep
|inactive|tres wrongs has 120 seconds left.
|
|switch|p2a: Latios|Latios, M|76/100
|-damage|p2a: Latios|64/100|[from] Stealth Rock
|turn|27
|
|move|p2a: Latios|Draco Meteor|p1a: Latiosorio|[miss]
|-miss|p2a: Latios|p1a: Latiosorio
|move|p1a: Latiosorio|Recover|p1a: Latiosorio
|-heal|p1a: Latiosorio|94/100
|
|-weather|RainDance|[upkeep]
|upkeep
|turn|28
|
|move|p2a: Latios|Draco Meteor|p1a: Latiosorio|[miss]
|-miss|p2a: Latios|p1a: Latiosorio
|move|p1a: Latiosorio|Draco Meteor|p2a: Latios
|-supereffective|p2a: Latios
|-damage|p2a: Latios|0 fnt
|-unboost|p1a: Latiosorio|spa|2
|-damage|p1a: Latiosorio|84/100|[from] item: Life Orb
|faint|p2a: Latios
|
|win|EeveetoTheN00b
|raw|EeveetoTheN00b's rating: 1424 &rarr; <strong>1438</strong><br />(+14 for winning)
|raw|tres wrongs's rating: 1317 &rarr; <strong>1303</strong><br />(-14 for losing)
|c|☆tres wrongs|rip
|l|☆EeveetoTheN00b
|c|☆tres wrongs|gg
|l| Tu26082000
