|j|☆Saakib
|j|☆Xalvadore
|t:|1743005865
|gametype|singles
|player|p1|Saakib|red|1313
|player|p2|Xalvadore|101|1308
|teamsize|p1|6
|teamsize|p2|6
|gen|5
|tier|[Gen 5] OU
|rated|
|rule|Species Clause: Limit one of each Pokémon
|rule|OHKO Clause: OHKO moves are banned
|rule|Moody Clause: Moody is banned
|rule|Evasion Items Clause: Evasion items are banned
|rule|Evasion Moves Clause: Evasion moves are banned
|rule|Endless Battle Clause: Forcing endless battles is banned
|rule|HP Percentage Mod: HP is shown in percentages
|rule|Evasion Abilities Clause: Evasion abilities are banned
|rule|Sleep Moves Clause: Sleep-inducing moves are banned
|rule|Swagger Clause: Swagger is banned
|rule|Baton Pass Stat Clause: No Baton Passer may have a way to boost its stats
|clearpoke
|poke|p1|Togekiss, F|item
|poke|p1|Landorus-Therian, M|item
|poke|p1|Scizor, F|item
|poke|p1|Tentacruel, M|item
|poke|p1|Hydreigon, M|item
|poke|p1|Zapdos|item
|poke|p2|Hippowdon, M|item
|poke|p2|Excadrill, M|item
|poke|p2|Terrakion|item
|poke|p2|Latias, F|item
|poke|p2|Rotom-Wash|item
|poke|p2|Scizor, M|item
|teampreview
|inactive|Battle timer is ON: inactive players will automatically lose when time's up. (requested by Saakib)
|
|t:|1743005889
|start
|switch|p1a: Landorus|Landorus-Therian, M|100/100
|switch|p2a: Hippowdon|Hippowdon, M, shiny|100/100
|-ability|p1a: Landorus|Intimidate|boost
|-unboost|p2a: Hippowdon|atk|1
|-weather|Sandstorm|[from] ability: Sand Stream|[of] p2a: Hippowdon
|turn|1
|
|t:|1743005901
|move|p1a: Landorus|Stealth Rock|p2a: Hippowdon
|-sidestart|p2: Xalvadore|move: Stealth Rock
|move|p2a: Hippowdon|Stealth Rock|p1a: Landorus
|-sidestart|p1: Saakib|move: Stealth Rock
|
|-weather|Sandstorm|[upkeep]
|upkeep
|turn|2
|
|t:|1743005908
|move|p1a: Landorus|Knock Off|p2a: Hippowdon
|-damage|p2a: Hippowdon|96/100
|-enditem|p2a: Hippowdon|Leftovers|[from] move: Knock Off|[of] p1a: Landorus
|move|p2a: Hippowdon|Whirlwind|p1a: Landorus
|drag|p1a: Hydreigon|Hydreigon, M|100/100
|-damage|p1a: Hydreigon|88/100|[from] Stealth Rock
|
|-weather|Sandstorm|[upkeep]
|-damage|p1a: Hydreigon|82/100|[from] Sandstorm
|upkeep
|turn|3
|
|t:|1743005924
|switch|p2a: Scizor|Scizor, M, shiny|100/100
|-damage|p2a: Scizor|88/100|[from] Stealth Rock
|move|p1a: Hydreigon|Dark Pulse|p2a: Scizor
|-resisted|p2a: Scizor
|-damage|p2a: Scizor|50/100
|-damage|p1a: Hydreigon|72/100|[from] item: Life Orb
|
|-weather|Sandstorm|[upkeep]
|-damage|p1a: Hydreigon|66/100|[from] Sandstorm
|upkeep
|turn|4
|
|t:|1743005936
|move|p2a: Scizor|U-turn|p1a: Hydreigon
|-supereffective|p1a: Hydreigon
|-damage|p1a: Hydreigon|0 fnt
|faint|p1a: Hydreigon
|
|t:|1743005962
|switch|p2a: Excadrill|Excadrill, M, shiny|100/100|[from] U-turn
|-damage|p2a: Excadrill|97/100|[from] Stealth Rock
|
|-weather|Sandstorm|[upkeep]
|-heal|p2a: Excadrill|100/100|[from] item: Leftovers
|upkeep
|
|t:|1743005970
|switch|p1a: Landorus|Landorus-Therian, M|100/100
|-damage|p1a: Landorus|88/100|[from] Stealth Rock
|-ability|p1a: Landorus|Intimidate|boost
|-unboost|p2a: Excadrill|atk|1
|turn|5
|
|t:|1743005989
|switch|p2a: Rotom|Rotom-Wash, shiny|100/100
|-damage|p2a: Rotom|88/100|[from] Stealth Rock
|move|p1a: Landorus|Earthquake|p2a: Rotom
|-immune|p2a: Rotom|[from] ability: Levitate
|
|-weather|Sandstorm|[upkeep]
|-damage|p2a: Rotom|82/100|[from] Sandstorm
|-heal|p1a: Landorus|94/100|[from] item: Leftovers
|-heal|p2a: Rotom|88/100|[from] item: Leftovers
|upkeep
|turn|6
|
|t:|1743006001
|move|p1a: Landorus|U-turn|p2a: Rotom
|-damage|p2a: Rotom|68/100
|
|t:|1743006005
|switch|p1a: Zapdos|Zapdos|100/100|[from] U-turn
|-damage|p1a: Zapdos|75/100|[from] Stealth Rock
|-ability|p1a: Zapdos|Pressure
|move|p2a: Rotom|Hydro Pump|p1a: Zapdos
|-damage|p1a: Zapdos|31/100
|
|-weather|Sandstorm|[upkeep]
|-damage|p1a: Zapdos|25/100|[from] Sandstorm
|-damage|p2a: Rotom|62/100|[from] Sandstorm
|-heal|p1a: Zapdos|31/100|[from] item: Leftovers
|-heal|p2a: Rotom|68/100|[from] item: Leftovers
|upkeep
|turn|7
|
|t:|1743006022
|move|p1a: Zapdos|Volt Switch|p2a: Rotom
|-damage|p2a: Rotom|30/100
|
|t:|1743006025
|switch|p1a: Tentacruel|Tentacruel, M|100/100|[from] Volt Switch
|-damage|p1a: Tentacruel|88/100|[from] Stealth Rock
|move|p2a: Rotom|Hydro Pump|p1a: Tentacruel|[miss]
|-miss|p2a: Rotom|p1a: Tentacruel
|
|-weather|Sandstorm|[upkeep]
|-damage|p1a: Tentacruel|82/100|[from] Sandstorm
|-damage|p2a: Rotom|24/100|[from] Sandstorm
|-heal|p1a: Tentacruel|88/100|[from] item: Black Sludge
|-heal|p2a: Rotom|30/100|[from] item: Leftovers
|upkeep
|turn|8
|
|t:|1743006039
|move|p1a: Tentacruel|Rapid Spin|p2a: Rotom
|-damage|p2a: Rotom|28/100
|-sideend|p1: Saakib|Stealth Rock|[from] move: Rapid Spin|[of] p1a: Tentacruel
|move|p2a: Rotom|Volt Switch|p1a: Tentacruel
|-supereffective|p1a: Tentacruel
|-damage|p1a: Tentacruel|54/100
|
|t:|1743006042
|switch|p2a: Excadrill|Excadrill, M, shiny|100/100|[from] Volt Switch
|-damage|p2a: Excadrill|97/100|[from] Stealth Rock
|
|-weather|Sandstorm|[upkeep]
|-damage|p1a: Tentacruel|47/100|[from] Sandstorm
|-heal|p2a: Excadrill|100/100|[from] item: Leftovers
|-heal|p1a: Tentacruel|54/100|[from] item: Black Sludge
|upkeep
|turn|9
|
|t:|1743006055
|switch|p2a: Latias|Latias, F, shiny|100/100
|-damage|p2a: Latias|88/100|[from] Stealth Rock
|switch|p1a: Landorus|Landorus-Therian, M|94/100
|-ability|p1a: Landorus|Intimidate|boost
|-unboost|p2a: Latias|atk|1
|
|-weather|Sandstorm|[upkeep]
|-damage|p2a: Latias|82/100|[from] Sandstorm
|-heal|p2a: Latias|88/100|[from] item: Leftovers
|-heal|p1a: Landorus|100/100|[from] item: Leftovers
|upkeep
|turn|10
|
|t:|1743006069
|switch|p2a: Hippowdon|Hippowdon, M, shiny|96/100
|-damage|p2a: Hippowdon|90/100|[from] Stealth Rock
|switch|p1a: Tentacruel|Tentacruel, M|54/100
|
|-weather|Sandstorm|[upkeep]
|-damage|p1a: Tentacruel|47/100|[from] Sandstorm
|-heal|p1a: Tentacruel|54/100|[from] item: Black Sludge
|upkeep
|turn|11
|
|t:|1743006080
|move|p1a: Tentacruel|Scald|p2a: Hippowdon
|-supereffective|p2a: Hippowdon
|-damage|p2a: Hippowdon|58/100
|move|p2a: Hippowdon|Earthquake|p1a: Tentacruel
|-supereffective|p1a: Tentacruel
|-damage|p1a: Tentacruel|0 fnt
|faint|p1a: Tentacruel
|
|-weather|Sandstorm|[upkeep]
|upkeep
|
|t:|1743006096
|switch|p1a: Togekiss|Togekiss, F, shiny|100/100
|turn|12
|
|t:|1743006101
|switch|p2a: Excadrill|Excadrill, M, shiny|100/100
|-damage|p2a: Excadrill|97/100|[from] Stealth Rock
|move|p1a: Togekiss|Air Slash|p2a: Excadrill
|-resisted|p2a: Excadrill
|-damage|p2a: Excadrill|71/100
|
|-weather|Sandstorm|[upkeep]
|-damage|p1a: Togekiss|94/100|[from] Sandstorm
|-heal|p2a: Excadrill|77/100|[from] item: Leftovers
|upkeep
|turn|13
|
|t:|1743006113
|switch|p1a: Scizor|Scizor, F|100/100
|move|p2a: Excadrill|Iron Head|p1a: Scizor
|-resisted|p1a: Scizor
|-damage|p1a: Scizor|72/100
|
|-weather|Sandstorm|[upkeep]
|-heal|p2a: Excadrill|83/100|[from] item: Leftovers
|upkeep
|turn|14
|
|t:|1743006124
|move|p2a: Excadrill|Earthquake|p1a: Scizor
|-damage|p1a: Scizor|0 fnt
|faint|p1a: Scizor
|
|-weather|Sandstorm|[upkeep]
|-heal|p2a: Excadrill|89/100|[from] item: Leftovers
|upkeep
|-message|Saakib forfeited.
|
|win|Xalvadore
|raw|Saakib's rating: 1313 &rarr; <strong>1293</strong><br />(-20 for losing)
|raw|Xalvadore's rating: 1308 &rarr; <strong>1328</strong><br />(+20 for winning)
|l|☆Saakib
|player|p1|
