|j|☆porrompompom
|j|☆Gh0st of Perdition
|player|p1|porrompompom|2|1571
|player|p2|Gh0st of Perdition|acetrainer-gen2|1618
|teamsize|p1|6
|teamsize|p2|6
|gametype|singles
|gen|5
|tier|[Gen 5] OU
|rated|
|clearpoke
|poke|p1|Ninetales, F|item
|poke|p1|Xatu, F|item
|poke|p1|Chansey, F|item
|poke|p1|Forretress, M|item
|poke|p1|Cresselia, F|item
|poke|p1|Seismitoad, M|item
|poke|p2|Tyranitar, F|item
|poke|p2|Landorus-Therian, M|item
|poke|p2|Terrakion|item
|poke|p2|Excadrill, F|item
|poke|p2|Breloom, F|item
|poke|p2|Rotom-Wash|item
|rule|Species Clause: Limit one of each Pokémon
|rule|OHKO Clause: OHKO moves are banned
|rule|Moody Clause: Moody is banned
|rule|Evasion Moves Clause: Evasion moves are banned
|rule|Endless Battle Clause: Forcing endless battles is banned
|rule|HP Percentage Mod: HP is shown in percentages
|rule|Evasion Abilities Clause: Evasion abilities are banned
|rule|Baton Pass Clause: Limit one Baton Passer, can't pass Spe and other stats simultaneously
|rule|Sleep Clause: Sleep-inducing moves are banned
|rule|Swagger Clause: Swagger is banned
|teampreview
|inactive|Battle timer is ON: inactive players will automatically lose when time's up. (requested by porrompompom)
|
|start
|switch|p1a: Seismitoad|Seismitoad, M|100/100
|switch|p2a: Terrakion|Terrakion|100/100
|turn|1
|
|switch|p2a: Breloom|Breloom, F|100/100
|switch|p1a: Cresselia|Cresselia, F|100/100
|
|-status|p2a: Breloom|tox|[from] item: Toxic Orb
|upkeep
|turn|2
|
|switch|p2a: Tyranitar|Tyranitar, F|100/100
|-weather|Sandstorm|[from] ability: Sand Stream|[of] p2a: Tyranitar
|move|p1a: Cresselia|Reflect|p1a: Cresselia
|-sidestart|p1: porrompompom|Reflect
|
|-weather|Sandstorm|[upkeep]
|-damage|p1a: Cresselia|94/100|[from] Sandstorm
|-heal|p1a: Cresselia|100/100|[from] item: Leftovers
|upkeep
|turn|3
|
|switch|p1a: Xatu|Xatu, F|100/100
|switch|p2a: Rotom|Rotom-Wash|100/100
|
|-weather|Sandstorm|[upkeep]
|-damage|p1a: Xatu|94/100|[from] Sandstorm
|-damage|p2a: Rotom|95/100|[from] Sandstorm
|-heal|p2a: Rotom|100/100|[from] item: Leftovers
|upkeep
|turn|4
|
|move|p1a: Xatu|U-turn|p2a: Rotom
|-damage|p2a: Rotom|89/100
|
|switch|p1a: Seismitoad|Seismitoad, M|100/100|[from]move: U-turn
|move|p2a: Rotom|Volt Switch|p1a: Seismitoad
|-immune|p1a: Seismitoad
|
|-weather|Sandstorm|[upkeep]
|-damage|p2a: Rotom|83/100|[from] Sandstorm
|-heal|p2a: Rotom|89/100|[from] item: Leftovers
|upkeep
|turn|5
|
|move|p2a: Rotom|Will-O-Wisp|p1a: Seismitoad
|-status|p1a: Seismitoad|brn
|move|p1a: Seismitoad|Stealth Rock|p2a: Rotom
|-sidestart|p2: Gh0st of Perdition|move: Stealth Rock
|
|-weather|Sandstorm|[upkeep]
|-damage|p2a: Rotom|83/100|[from] Sandstorm
|-heal|p2a: Rotom|89/100|[from] item: Leftovers
|-damage|p1a: Seismitoad|88/100 brn|[from] brn
|upkeep
|turn|6
|
|switch|p2a: Breloom|Breloom, F|100/100 tox
|-damage|p2a: Breloom|94/100 tox|[from] Stealth Rock
|switch|p1a: Ninetales|Ninetales, F|100/100
|-weather|SunnyDay|[from] ability: Drought|[of] p1a: Ninetales
|
|-weather|SunnyDay|[upkeep]
|-heal|p2a: Breloom|100/100 tox|[from] ability: Poison Heal
|-sideend|p1: porrompompom|Reflect
|upkeep
|turn|7
|
|switch|p1a: Xatu|Xatu, F|94/100
|move|p2a: Breloom|Protect||[still]
|-fail|p2a: Breloom
|
|-weather|SunnyDay|[upkeep]
|upkeep
|turn|8
|
|move|p2a: Breloom|Protect|p2a: Breloom
|-singleturn|p2a: Breloom|Protect
|move|p1a: Xatu|U-turn|p2a: Breloom
|-activate|p2a: Breloom|move: Protect
|
|-weather|SunnyDay|[upkeep]
|upkeep
|turn|9
|
|move|p1a: Xatu|U-turn|p2a: Breloom
|-damage|p2a: Breloom|85/100 tox
|
|switch|p1a: Cresselia|Cresselia, F|100/100|[from]move: U-turn
|move|p2a: Breloom|Swords Dance|p2a: Breloom
|-boost|p2a: Breloom|atk|2
|
|-weather|SunnyDay|[upkeep]
|-heal|p2a: Breloom|97/100 tox|[from] ability: Poison Heal
|upkeep
|turn|10
|
|move|p1a: Cresselia|Reflect|p1a: Cresselia
|-sidestart|p1: porrompompom|Reflect
|move|p2a: Breloom|Facade|p1a: Cresselia
|-damage|p1a: Cresselia|77/100
|
|-weather|SunnyDay|[upkeep]
|-heal|p1a: Cresselia|83/100|[from] item: Leftovers
|-heal|p2a: Breloom|100/100 tox|[from] ability: Poison Heal
|upkeep
|turn|11
|
|switch|p1a: Xatu|Xatu, F|94/100
|move|p2a: Breloom|Swords Dance|p2a: Breloom
|-boost|p2a: Breloom|atk|2
|
|-weather|SunnyDay|[upkeep]
|upkeep
|turn|12
|
|move|p2a: Breloom|Protect|p2a: Breloom
|-singleturn|p2a: Breloom|Protect
|move|p1a: Xatu|Heat Wave|p2a: Breloom
|-activate|p2a: Breloom|move: Protect
|
|-weather|SunnyDay|[upkeep]
|upkeep
|turn|13
|
|switch|p2a: Tyranitar|Tyranitar, F|100/100
|-damage|p2a: Tyranitar|88/100|[from] Stealth Rock
|-weather|Sandstorm|[from] ability: Sand Stream|[of] p2a: Tyranitar
|move|p1a: Xatu|Heat Wave|p2a: Tyranitar
|-resisted|p2a: Tyranitar
|-damage|p2a: Tyranitar|83/100
|
|-weather|Sandstorm|[upkeep]
|-damage|p1a: Xatu|88/100|[from] Sandstorm
|upkeep
|turn|14
|
|move|p1a: Xatu|U-turn|p2a: Tyranitar
|-supereffective|p2a: Tyranitar
|-damage|p2a: Tyranitar|64/100
|
|-activate|p1a: Xatu|move: Pursuit
|move|p2a: Tyranitar|Pursuit|p1a: Xatu|[from]Pursuit
|-supereffective|p1a: Xatu
|-damage|p1a: Xatu|47/100
|-damage|p2a: Tyranitar|47/100|[from] item: Rocky Helmet|[of] p1a: Xatu
|switch|p1a: Forretress|Forretress, M|100/100|[from]move: U-turn
|
|-weather|Sandstorm|[upkeep]
|-sideend|p1: porrompompom|Reflect
|upkeep
|turn|15
|
|move|p2a: Tyranitar|Fire Blast|p1a: Forretress
|-supereffective|p1a: Forretress
|-ability|p1a: Forretress|Sturdy
|-damage|p1a: Forretress|1/100
|move|p1a: Forretress|Spikes|p2a: Tyranitar
|-sidestart|p2: Gh0st of Perdition|Spikes
|
|-weather|Sandstorm|[upkeep]
|-heal|p1a: Forretress|7/100|[from] item: Leftovers
|upkeep
|turn|16
|
|switch|p1a: Xatu|Xatu, F|47/100
|move|p2a: Tyranitar|Crunch|p1a: Xatu
|-supereffective|p1a: Xatu
|-damage|p1a: Xatu|0 fnt
|-damage|p2a: Tyranitar|30/100|[from] item: Rocky Helmet|[of] p1a: Xatu
|faint|p1a: Xatu
|
|-weather|Sandstorm|[upkeep]
|upkeep
|inactive|porrompompom has 120 seconds left.
|
|switch|p1a: Ninetales|Ninetales, F|100/100
|-weather|SunnyDay|[from] ability: Drought|[of] p1a: Ninetales
|turn|17
|
|switch|p2a: Rotom|Rotom-Wash|89/100
|-damage|p2a: Rotom|77/100|[from] Stealth Rock
|move|p1a: Ninetales|Will-O-Wisp|p2a: Rotom
|-status|p2a: Rotom|brn
|
|-weather|SunnyDay|[upkeep]
|-heal|p2a: Rotom|83/100 brn|[from] item: Leftovers
|-damage|p2a: Rotom|71/100 brn|[from] brn
|upkeep
|turn|18
|
|move|p1a: Ninetales|Protect|p1a: Ninetales
|-singleturn|p1a: Ninetales|Protect
|move|p2a: Rotom|Volt Switch|p1a: Ninetales
|-activate|p1a: Ninetales|move: Protect
|
|-weather|SunnyDay|[upkeep]
|-heal|p2a: Rotom|77/100 brn|[from] item: Leftovers
|-damage|p2a: Rotom|65/100 brn|[from] brn
|upkeep
|turn|19
|
|switch|p1a: Seismitoad|Seismitoad, M|88/100 brn
|move|p2a: Rotom|Volt Switch|p1a: Seismitoad
|-immune|p1a: Seismitoad
|
|-weather|SunnyDay|[upkeep]
|-heal|p2a: Rotom|70/100 brn|[from] item: Leftovers
|-heal|p1a: Seismitoad|94/100 brn|[from] item: Leftovers
|-damage|p2a: Rotom|58/100 brn|[from] brn
|-damage|p1a: Seismitoad|82/100 brn|[from] brn
|upkeep
|turn|20
|
|switch|p2a: Breloom|Breloom, F|100/100 tox
|-damage|p2a: Breloom|88/100 tox|[from] Spikes
|-damage|p2a: Breloom|82/100 tox|[from] Stealth Rock
|move|p1a: Seismitoad|Scald|p2a: Breloom
|-resisted|p2a: Breloom
|-crit|p2a: Breloom
|-damage|p2a: Breloom|68/100 tox
|
|-weather|SunnyDay|[upkeep]
|-heal|p1a: Seismitoad|88/100 brn|[from] item: Leftovers
|-heal|p2a: Breloom|81/100 tox|[from] ability: Poison Heal
|-damage|p1a: Seismitoad|76/100 brn|[from] brn
|upkeep
|turn|21
|
|switch|p1a: Cresselia|Cresselia, F|83/100
|move|p2a: Breloom|Swords Dance|p2a: Breloom
|-boost|p2a: Breloom|atk|2
|
|-weather|SunnyDay|[upkeep]
|-heal|p1a: Cresselia|89/100|[from] item: Leftovers
|-heal|p2a: Breloom|93/100 tox|[from] ability: Poison Heal
|upkeep
|turn|22
|
|move|p1a: Cresselia|Reflect|p1a: Cresselia
|-sidestart|p1: porrompompom|Reflect
|move|p2a: Breloom|Facade|p1a: Cresselia
|-damage|p1a: Cresselia|69/100
|
|-weather|SunnyDay|[upkeep]
|-heal|p1a: Cresselia|75/100|[from] item: Leftovers
|-heal|p2a: Breloom|100/100 tox|[from] ability: Poison Heal
|upkeep
|turn|23
|
|move|p2a: Breloom|Protect|p2a: Breloom
|-singleturn|p2a: Breloom|Protect
|move|p1a: Cresselia|Psychic|p2a: Breloom
|-activate|p2a: Breloom|move: Protect
|
|-weather|SunnyDay|[upkeep]
|-heal|p1a: Cresselia|81/100|[from] item: Leftovers
|upkeep
|turn|24
|
|switch|p1a: Ninetales|Ninetales, F|100/100
|switch|p2a: Excadrill|Excadrill, F|100/100
|-damage|p2a: Excadrill|88/100|[from] Spikes
|-damage|p2a: Excadrill|85/100|[from] Stealth Rock
|
|-weather|SunnyDay|[upkeep]
|-heal|p2a: Excadrill|91/100|[from] item: Leftovers
|upkeep
|turn|25
|
|move|p1a: Ninetales|Overheat|p2a: Excadrill
|-supereffective|p2a: Excadrill
|-damage|p2a: Excadrill|0 fnt
|-unboost|p1a: Ninetales|spa|2
|faint|p2a: Excadrill
|
|-weather|SunnyDay|[upkeep]
|upkeep
|
|switch|p2a: Terrakion|Terrakion|100/100
|-damage|p2a: Terrakion|94/100|[from] Stealth Rock
|-damage|p2a: Terrakion|82/100|[from] Spikes
|turn|26
|
|switch|p1a: Cresselia|Cresselia, F|81/100
|move|p2a: Terrakion|Stone Edge|p1a: Cresselia
|-damage|p1a: Cresselia|63/100
|
|-weather|SunnyDay|[upkeep]
|-heal|p1a: Cresselia|69/100|[from] item: Leftovers
|-sideend|p1: porrompompom|Reflect
|upkeep
|turn|27
|
|move|p2a: Terrakion|Stone Edge|p1a: Cresselia
|-damage|p1a: Cresselia|28/100
|move|p1a: Cresselia|Moonlight|p1a: Cresselia
|-heal|p1a: Cresselia|95/100
|
|-weather|SunnyDay|[upkeep]
|-heal|p1a: Cresselia|100/100|[from] item: Leftovers
|upkeep
|turn|28
|
|move|p2a: Terrakion|Stone Edge|p1a: Cresselia
|-damage|p1a: Cresselia|60/100
|move|p1a: Cresselia|Reflect|p1a: Cresselia
|-sidestart|p1: porrompompom|Reflect
|
|-weather|SunnyDay|[upkeep]
|-heal|p1a: Cresselia|66/100|[from] item: Leftovers
|upkeep
|turn|29
|
|move|p2a: Terrakion|Stone Edge|p1a: Cresselia|[miss]
|-miss|p2a: Terrakion|p1a: Cresselia
|move|p1a: Cresselia|Moonlight|p1a: Cresselia
|-heal|p1a: Cresselia|100/100
|
|-weather|SunnyDay|[upkeep]
|upkeep
|turn|30
|
|switch|p2a: Tyranitar|Tyranitar, F|30/100
|-damage|p2a: Tyranitar|18/100|[from] Stealth Rock
|-damage|p2a: Tyranitar|6/100|[from] Spikes
|-weather|Sandstorm|[from] ability: Sand Stream|[of] p2a: Tyranitar
|move|p1a: Cresselia|Ice Beam|p2a: Tyranitar
|-crit|p2a: Tyranitar
|-damage|p2a: Tyranitar|0 fnt
|faint|p2a: Tyranitar
|
|-weather|Sandstorm|[upkeep]
|-damage|p1a: Cresselia|94/100|[from] Sandstorm
|-heal|p1a: Cresselia|100/100|[from] item: Leftovers
|upkeep
|
|switch|p2a: Breloom|Breloom, F|100/100 tox
|-damage|p2a: Breloom|88/100 tox|[from] Spikes
|-damage|p2a: Breloom|82/100 tox|[from] Stealth Rock
|turn|31
|
|switch|p1a: Ninetales|Ninetales, F|100/100
|-weather|SunnyDay|[from] ability: Drought|[of] p1a: Ninetales
|move|p2a: Breloom|Swords Dance|p2a: Breloom
|-boost|p2a: Breloom|atk|2
|
|-weather|SunnyDay|[upkeep]
|-heal|p2a: Breloom|94/100 tox|[from] ability: Poison Heal
|upkeep
|turn|32
|
|move|p2a: Breloom|Protect|p2a: Breloom
|-singleturn|p2a: Breloom|Protect
|move|p1a: Ninetales|Overheat|p2a: Breloom
|-activate|p2a: Breloom|move: Protect
|
|-weather|SunnyDay|[upkeep]
|-heal|p2a: Breloom|100/100 tox|[from] ability: Poison Heal
|-sideend|p1: porrompompom|Reflect
|upkeep
|turn|33
|
|move|p1a: Ninetales|Overheat|p2a: Breloom
|-supereffective|p2a: Breloom
|-damage|p2a: Breloom|0 fnt
|-unboost|p1a: Ninetales|spa|2
|faint|p2a: Breloom
|
|-weather|SunnyDay|[upkeep]
|upkeep
|
|switch|p2a: Landorus|Landorus-Therian, M|100/100
|-damage|p2a: Landorus|88/100|[from] Stealth Rock
|-ability|p2a: Landorus|Intimidate|boost
|-unboost|p1a: Ninetales|atk|1
|turn|34
|
|switch|p1a: Forretress|Forretress, M|7/100
|move|p2a: Landorus|Stealth Rock|p1a: Forretress
|-sidestart|p1: porrompompom|move: Stealth Rock
|
|-weather|SunnyDay|[upkeep]
|-heal|p1a: Forretress|13/100|[from] item: Leftovers
|upkeep
|turn|35
|
|move|p2a: Landorus|Earthquake|p1a: Forretress
|-damage|p1a: Forretress|0 fnt
|faint|p1a: Forretress
|
|-weather|SunnyDay|[upkeep]
|upkeep
|
|switch|p1a: Cresselia|Cresselia, F|100/100
|-damage|p1a: Cresselia|88/100|[from] Stealth Rock
|turn|36
|
|move|p2a: Landorus|U-turn|p1a: Cresselia
|-supereffective|p1a: Cresselia
|-damage|p1a: Cresselia|68/100
|
|switch|p2a: Rotom|Rotom-Wash|58/100 brn|[from]move: U-turn
|-damage|p2a: Rotom|46/100 brn|[from] Stealth Rock
|move|p1a: Cresselia|Moonlight|p1a: Cresselia
|-heal|p1a: Cresselia|100/100
|
|-weather|SunnyDay|[upkeep]
|-heal|p2a: Rotom|52/100 brn|[from] item: Leftovers
|-damage|p2a: Rotom|40/100 brn|[from] brn
|upkeep
|turn|37
|
|switch|p1a: Ninetales|Ninetales, F|100/100
|-damage|p1a: Ninetales|76/100|[from] Stealth Rock
|move|p2a: Rotom|Volt Switch|p1a: Ninetales
|-damage|p1a: Ninetales|51/100
|
|switch|p2a: Terrakion|Terrakion|82/100|[from]move: Volt Switch
|-damage|p2a: Terrakion|76/100|[from] Stealth Rock
|-damage|p2a: Terrakion|63/100|[from] Spikes
|
|-weather|SunnyDay|[upkeep]
|-heal|p1a: Ninetales|57/100|[from] item: Leftovers
|upkeep
|turn|38
|
|move|p1a: Ninetales|Protect|p1a: Ninetales
|-singleturn|p1a: Ninetales|Protect
|move|p2a: Terrakion|Stone Edge|p1a: Ninetales
|-activate|p1a: Ninetales|move: Protect
|
|-weather|SunnyDay|[upkeep]
|-heal|p1a: Ninetales|63/100|[from] item: Leftovers
|upkeep
|turn|39
|
|switch|p1a: Cresselia|Cresselia, F|100/100
|-damage|p1a: Cresselia|88/100|[from] Stealth Rock
|move|p2a: Terrakion|Stone Edge|p1a: Cresselia
|-crit|p1a: Cresselia
|-damage|p1a: Cresselia|16/100
|
|-weather|SunnyDay|[upkeep]
|-heal|p1a: Cresselia|22/100|[from] item: Leftovers
|upkeep
|turn|40
|c|☆porrompompom|-_-
|
|move|p2a: Terrakion|Stone Edge|p1a: Cresselia|[miss]
|-miss|p2a: Terrakion|p1a: Cresselia
|move|p1a: Cresselia|Moonlight|p1a: Cresselia
|-heal|p1a: Cresselia|88/100
|
|-weather|SunnyDay|[upkeep]
|-heal|p1a: Cresselia|94/100|[from] item: Leftovers
|upkeep
|turn|41
|
|move|p2a: Terrakion|Stone Edge|p1a: Cresselia
|-damage|p1a: Cresselia|59/100
|move|p1a: Cresselia|Reflect|p1a: Cresselia
|-sidestart|p1: porrompompom|Reflect
|
|-weather|SunnyDay|[upkeep]
|-heal|p1a: Cresselia|65/100|[from] item: Leftovers
|upkeep
|turn|42
|
|switch|p2a: Rotom|Rotom-Wash|40/100 brn
|-damage|p2a: Rotom|28/100 brn|[from] Stealth Rock
|move|p1a: Cresselia|Moonlight|p1a: Cresselia
|-heal|p1a: Cresselia|100/100
|
|-weather|SunnyDay|[upkeep]
|-heal|p2a: Rotom|34/100 brn|[from] item: Leftovers
|-damage|p2a: Rotom|21/100 brn|[from] brn
|upkeep
|turn|43
|
|switch|p1a: Ninetales|Ninetales, F|63/100
|-damage|p1a: Ninetales|38/100|[from] Stealth Rock
|move|p2a: Rotom|Volt Switch|p1a: Ninetales
|-damage|p1a: Ninetales|14/100
|
|switch|p2a: Terrakion|Terrakion|63/100|[from]move: Volt Switch
|-damage|p2a: Terrakion|51/100|[from] Spikes
|-damage|p2a: Terrakion|45/100|[from] Stealth Rock
|
|-weather|SunnyDay|[upkeep]
|-heal|p1a: Ninetales|20/100|[from] item: Leftovers
|upkeep
|turn|44
|
|move|p1a: Ninetales|Protect|p1a: Ninetales
|-singleturn|p1a: Ninetales|Protect
|move|p2a: Terrakion|Close Combat|p1a: Ninetales
|-activate|p1a: Ninetales|move: Protect
|
|-weather|SunnyDay|[upkeep]
|-heal|p1a: Ninetales|26/100|[from] item: Leftovers
|upkeep
|turn|45
|
|switch|p1a: Cresselia|Cresselia, F|100/100
|-damage|p1a: Cresselia|88/100|[from] Stealth Rock
|move|p2a: Terrakion|Close Combat|p1a: Cresselia
|-resisted|p1a: Cresselia
|-crit|p1a: Cresselia
|-damage|p1a: Cresselia|44/100
|-unboost|p2a: Terrakion|def|1
|-unboost|p2a: Terrakion|spd|1
|
|-weather|SunnyDay|[upkeep]
|-heal|p1a: Cresselia|50/100|[from] item: Leftovers
|-sideend|p1: porrompompom|Reflect
|upkeep
|turn|46
|
|move|p2a: Terrakion|Close Combat|p1a: Cresselia
|-resisted|p1a: Cresselia
|-damage|p1a: Cresselia|28/100
|-unboost|p2a: Terrakion|def|1
|-unboost|p2a: Terrakion|spd|1
|move|p1a: Cresselia|Moonlight|p1a: Cresselia
|-heal|p1a: Cresselia|94/100
|
|-weather|SunnyDay|[upkeep]
|-heal|p1a: Cresselia|99/100|[from] item: Leftovers
|upkeep
|turn|47
|
|switch|p2a: Landorus|Landorus-Therian, M|88/100
|-damage|p2a: Landorus|76/100|[from] Stealth Rock
|-ability|p2a: Landorus|Intimidate|boost
|-unboost|p1a: Cresselia|atk|1
|move|p1a: Cresselia|Psychic|p2a: Landorus
|-damage|p2a: Landorus|45/100
|-unboost|p2a: Landorus|spd|1
|
|-weather|SunnyDay|[upkeep]
|-heal|p1a: Cresselia|100/100|[from] item: Leftovers
|upkeep
|turn|48
|
|move|p2a: Landorus|U-turn|p1a: Cresselia
|-supereffective|p1a: Cresselia
|-damage|p1a: Cresselia|77/100
|
|switch|p2a: Rotom|Rotom-Wash|21/100 brn|[from]move: U-turn
|-damage|p2a: Rotom|9/100 brn|[from] Stealth Rock
|move|p1a: Cresselia|Ice Beam|p2a: Rotom
|-resisted|p2a: Rotom
|-damage|p2a: Rotom|1/100 brn
|
|-weather|SunnyDay|[upkeep]
|-heal|p1a: Cresselia|84/100|[from] item: Leftovers
|-heal|p2a: Rotom|7/100 brn|[from] item: Leftovers
|-damage|p2a: Rotom|0 fnt|[from] brn
|faint|p2a: Rotom
|upkeep
|-message|Gh0st of Perdition forfeited.
|
|win|porrompompom
|l|☆Gh0st of Perdition
|raw|porrompompom's rating: 1571 &rarr; <strong>1594</strong><br />(+23 for winning)
|raw|Gh0st of Perdition's rating: 1618 &rarr; <strong>1595</strong><br />(-23 for losing)
