|j|☆chicano batman
|j|☆porrompompom
|player|p1|chicano batman|288
|player|p2|porrompompom|170
|teamsize|p1|6
|teamsize|p2|6
|gametype|singles
|gen|5
|tier|[Gen 5] OU
|rated|
|rule|Sleep Clause Mod: Limit one foe put to sleep
|rule|Species Clause: Limit one of each Pokémon
|rule|OHKO Clause: OHKO moves are banned
|rule|Moody Clause: Moody is banned
|rule|Evasion Moves Clause: Evasion moves are banned
|rule|Endless Battle Clause: Forcing endless battles is banned
|rule|HP Percentage Mod: HP is shown in percentages
|rule|Evasion Abilities Clause: Evasion abilities are banned
|rule|Baton Pass Clause: Limit one Baton Passer, can't pass Spe and other stats simultaneously
|rule|Swagger Clause: Swagger is banned
|clearpoke
|poke|p1|Tyranitar, F|item
|poke|p1|Heatran, F|item
|poke|p1|Mienshao, F|item
|poke|p1|Rotom-Wash|item
|poke|p1|Skarmory, F|item
|poke|p1|Latios, M|item
|poke|p2|Politoed, M|item
|poke|p2|Skarmory, F|item
|poke|p2|Tangrowth, F|item
|poke|p2|Jirachi|item
|poke|p2|Gastrodon, F|item
|poke|p2|Tentacruel, F|item
|teampreview
|j| karma1357
|l| karma1357
|inactive|Battle timer is ON: inactive players will automatically lose when time's up. (requested by porrompompom)
|
|start
|switch|p1a: Rotom|Rotom-Wash|100/100
|switch|p2a: Gastrodon|Gastrodon, F|100/100
|turn|1
|
|switch|p1a: Skarmory|Skarmory, F|100/100
|move|p2a: Gastrodon|Toxic|p1a: Skarmory
|-immune|p1a: Skarmory|[msg]
|
|upkeep
|turn|2
|
|switch|p2a: Tentacruel|Tentacruel, F|100/100
|move|p1a: Skarmory|Spikes|p2a: Tentacruel
|-sidestart|p2: porrompompom|Spikes
|
|upkeep
|turn|3
|
|switch|p1a: Rotom|Rotom-Wash|100/100
|move|p2a: Tentacruel|Rapid Spin|p1a: Rotom
|-damage|p1a: Rotom|98/100
|-sideend|p2: porrompompom|Spikes|[from] move: Rapid Spin|[of] p2a: Tentacruel
|
|-heal|p1a: Rotom|100/100|[from] item: Leftovers
|upkeep
|turn|4
|
|switch|p2a: Gastrodon|Gastrodon, F|100/100
|switch|p1a: Skarmory|Skarmory, F|100/100
|
|upkeep
|turn|5
|
|switch|p2a: Tentacruel|Tentacruel, F|100/100
|move|p1a: Skarmory|Brave Bird|p2a: Tentacruel
|-damage|p2a: Tentacruel|61/100
|-damage|p1a: Skarmory|86/100|[from] Recoil
|
|-heal|p2a: Tentacruel|67/100|[from] item: Black Sludge
|-heal|p1a: Skarmory|92/100|[from] item: Leftovers
|upkeep
|turn|6
|
|switch|p1a: Rotom|Rotom-Wash|100/100
|move|p2a: Tentacruel|Scald|p1a: Rotom
|-resisted|p1a: Rotom
|-damage|p1a: Rotom|91/100
|
|-heal|p2a: Tentacruel|73/100|[from] item: Black Sludge
|-heal|p1a: Rotom|97/100|[from] item: Leftovers
|upkeep
|turn|7
|
|switch|p1a: Tyranitar|Tyranitar, F|100/100
|-weather|Sandstorm|[from] ability: Sand Stream|[of] p1a: Tyranitar
|move|p2a: Tentacruel|Protect|p2a: Tentacruel
|-fail|p2a: Tentacruel
|
|-weather|Sandstorm|[upkeep]
|-damage|p2a: Tentacruel|67/100|[from] Sandstorm
|-heal|p2a: Tentacruel|73/100|[from] item: Black Sludge
|upkeep
|turn|8
|
|switch|p2a: Politoed|Politoed, M|100/100
|-weather|RainDance|[from] ability: Drizzle|[of] p2a: Politoed
|move|p1a: Tyranitar|Crunch|p2a: Politoed
|-damage|p2a: Politoed|71/100
|-unboost|p2a: Politoed|def|1
|
|-weather|RainDance|[upkeep]
|-heal|p2a: Politoed|77/100|[from] item: Leftovers
|upkeep
|turn|9
|
|switch|p1a: Rotom|Rotom-Wash|97/100
|move|p2a: Politoed|Toxic|p1a: Rotom
|-status|p1a: Rotom|tox
|
|-weather|RainDance|[upkeep]
|-heal|p1a: Rotom|100/100 tox|[from] item: Leftovers
|-heal|p2a: Politoed|83/100|[from] item: Leftovers
|-damage|p1a: Rotom|95/100 tox|[from] psn
|upkeep
|turn|10
|
|switch|p1a: Tyranitar|Tyranitar, F|100/100
|-weather|Sandstorm|[from] ability: Sand Stream|[of] p1a: Tyranitar
|switch|p2a: Gastrodon|Gastrodon, F|100/100
|
|-weather|Sandstorm|[upkeep]
|upkeep
|turn|11
|
|switch|p2a: Politoed|Politoed, M|83/100
|-weather|RainDance|[from] ability: Drizzle|[of] p2a: Politoed
|move|p1a: Tyranitar|Stealth Rock|p2a: Politoed
|-sidestart|p2: porrompompom|move: Stealth Rock
|
|-weather|RainDance|[upkeep]
|-heal|p2a: Politoed|89/100|[from] item: Leftovers
|upkeep
|turn|12
|
|switch|p1a: Rotom|Rotom-Wash|95/100 tox
|move|p2a: Politoed|Scald|p1a: Rotom
|-resisted|p1a: Rotom
|-damage|p1a: Rotom|78/100 tox
|
|-weather|RainDance|[upkeep]
|-heal|p1a: Rotom|84/100 tox|[from] item: Leftovers
|-heal|p2a: Politoed|95/100|[from] item: Leftovers
|-damage|p1a: Rotom|78/100 tox|[from] psn
|upkeep
|turn|13
|
|switch|p1a: Tyranitar|Tyranitar, F|100/100
|-weather|Sandstorm|[from] ability: Sand Stream|[of] p1a: Tyranitar
|move|p2a: Politoed|Protect|p2a: Politoed
|-fail|p2a: Politoed
|
|-weather|Sandstorm|[upkeep]
|-damage|p2a: Politoed|89/100|[from] Sandstorm
|-heal|p2a: Politoed|95/100|[from] item: Leftovers
|upkeep
|turn|14
|
|switch|p1a: Rotom|Rotom-Wash|78/100 tox
|move|p2a: Politoed|Toxic|p1a: Rotom
|-fail|p1a: Rotom|tox
|
|-weather|Sandstorm|[upkeep]
|-damage|p1a: Rotom|72/100 tox|[from] Sandstorm
|-damage|p2a: Politoed|89/100|[from] Sandstorm
|-heal|p1a: Rotom|78/100 tox|[from] item: Leftovers
|-heal|p2a: Politoed|95/100|[from] item: Leftovers
|-damage|p1a: Rotom|72/100 tox|[from] psn
|upkeep
|turn|15
|
|switch|p2a: Gastrodon|Gastrodon, F|100/100
|-damage|p2a: Gastrodon|94/100|[from] Stealth Rock
|move|p1a: Rotom|Volt Switch|p2a: Gastrodon
|-immune|p2a: Gastrodon|[msg]
|
|-weather|Sandstorm|[upkeep]
|-damage|p1a: Rotom|66/100 tox|[from] Sandstorm
|-heal|p1a: Rotom|72/100 tox|[from] item: Leftovers
|-heal|p2a: Gastrodon|100/100|[from] item: Leftovers
|-damage|p1a: Rotom|60/100 tox|[from] psn
|upkeep
|turn|16
|
|switch|p1a: Skarmory|Skarmory, F|92/100
|move|p2a: Gastrodon|Scald|p1a: Skarmory
|-damage|p1a: Skarmory|67/100
|
|-weather|Sandstorm|[upkeep]
|-heal|p1a: Skarmory|73/100|[from] item: Leftovers
|upkeep
|turn|17
|
|switch|p2a: Politoed|Politoed, M|95/100
|-damage|p2a: Politoed|82/100|[from] Stealth Rock
|-weather|RainDance|[from] ability: Drizzle|[of] p2a: Politoed
|move|p1a: Skarmory|Spikes|p2a: Politoed
|-sidestart|p2: porrompompom|Spikes
|
|-weather|RainDance|[upkeep]
|-heal|p2a: Politoed|88/100|[from] item: Leftovers
|-heal|p1a: Skarmory|79/100|[from] item: Leftovers
|upkeep
|turn|18
|
|switch|p1a: Tyranitar|Tyranitar, F|100/100
|-weather|Sandstorm|[from] ability: Sand Stream|[of] p1a: Tyranitar
|move|p2a: Politoed|Toxic|p1a: Tyranitar
|-status|p1a: Tyranitar|tox
|
|-weather|Sandstorm|[upkeep]
|-damage|p2a: Politoed|82/100|[from] Sandstorm
|-heal|p2a: Politoed|88/100|[from] item: Leftovers
|-damage|p1a: Tyranitar|94/100 tox|[from] psn
|upkeep
|turn|19
|
|switch|p1a: Latios|Latios, M|100/100
|move|p2a: Politoed|Scald|p1a: Latios
|-resisted|p1a: Latios
|-damage|p1a: Latios|89/100
|-status|p1a: Latios|brn
|
|-weather|Sandstorm|[upkeep]
|-damage|p1a: Latios|83/100 brn|[from] Sandstorm
|-damage|p2a: Politoed|82/100|[from] Sandstorm
|-heal|p2a: Politoed|88/100|[from] item: Leftovers
|-damage|p1a: Latios|70/100 brn|[from] brn
|upkeep
|turn|20
|
|move|p2a: Politoed|Protect|p2a: Politoed
|-singleturn|p2a: Politoed|Protect
|move|p1a: Latios|Draco Meteor|p2a: Politoed
|-activate|p2a: Politoed|move: Protect
|
|-weather|Sandstorm|[upkeep]
|-damage|p1a: Latios|64/100 brn|[from] Sandstorm
|-damage|p2a: Politoed|82/100|[from] Sandstorm
|-heal|p2a: Politoed|88/100|[from] item: Leftovers
|-damage|p1a: Latios|52/100 brn|[from] brn
|upkeep
|turn|21
|
|switch|p1a: Heatran|Heatran, F|100/100
|switch|p2a: Jirachi|Jirachi|100/100
|-damage|p2a: Jirachi|94/100|[from] Stealth Rock
|-damage|p2a: Jirachi|82/100|[from] Spikes
|
|-weather|Sandstorm|[upkeep]
|-heal|p2a: Jirachi|88/100|[from] item: Leftovers
|upkeep
|turn|22
|
|switch|p2a: Politoed|Politoed, M|88/100
|-damage|p2a: Politoed|76/100|[from] Spikes
|-damage|p2a: Politoed|64/100|[from] Stealth Rock
|-weather|RainDance|[from] ability: Drizzle|[of] p2a: Politoed
|move|p1a: Heatran|Substitute|p1a: Heatran
|-start|p1a: Heatran|Substitute
|-damage|p1a: Heatran|75/100
|
|-weather|RainDance|[upkeep]
|-heal|p1a: Heatran|82/100|[from] item: Leftovers
|-heal|p2a: Politoed|70/100|[from] item: Leftovers
|upkeep
|turn|23
|
|move|p2a: Politoed|Protect|p2a: Politoed
|-singleturn|p2a: Politoed|Protect
|move|p1a: Heatran|Toxic|p2a: Politoed
|-activate|p2a: Politoed|move: Protect
|
|-weather|RainDance|[upkeep]
|-heal|p1a: Heatran|88/100|[from] item: Leftovers
|-heal|p2a: Politoed|76/100|[from] item: Leftovers
|upkeep
|turn|24
|
|switch|p1a: Tyranitar|Tyranitar, F|94/100 tox
|-weather|Sandstorm|[from] ability: Sand Stream|[of] p1a: Tyranitar
|switch|p2a: Tentacruel|Tentacruel, F|73/100
|-damage|p2a: Tentacruel|61/100|[from] Spikes
|-damage|p2a: Tentacruel|48/100|[from] Stealth Rock
|
|-weather|Sandstorm|[upkeep]
|-damage|p2a: Tentacruel|42/100|[from] Sandstorm
|-heal|p2a: Tentacruel|48/100|[from] item: Black Sludge
|-damage|p1a: Tyranitar|88/100 tox|[from] psn
|upkeep
|turn|25
|
|move|p2a: Tentacruel|Protect|p2a: Tentacruel
|-singleturn|p2a: Tentacruel|Protect
|move|p1a: Tyranitar|Crunch|p2a: Tentacruel
|-activate|p2a: Tentacruel|move: Protect
|
|-weather|Sandstorm|[upkeep]
|-damage|p2a: Tentacruel|42/100|[from] Sandstorm
|-heal|p2a: Tentacruel|48/100|[from] item: Black Sludge
|-damage|p1a: Tyranitar|76/100 tox|[from] psn
|upkeep
|turn|26
|
|move|p2a: Tentacruel|Rapid Spin|p1a: Tyranitar
|-resisted|p1a: Tyranitar
|-damage|p1a: Tyranitar|75/100 tox
|-sideend|p2: porrompompom|Spikes|[from] move: Rapid Spin|[of] p2a: Tentacruel
|-sideend|p2: porrompompom|Stealth Rock|[from] move: Rapid Spin|[of] p2a: Tentacruel
|move|p1a: Tyranitar|Crunch|p2a: Tentacruel
|-damage|p2a: Tentacruel|11/100
|
|-weather|Sandstorm|[upkeep]
|-damage|p2a: Tentacruel|5/100|[from] Sandstorm
|-heal|p2a: Tentacruel|11/100|[from] item: Black Sludge
|-damage|p1a: Tyranitar|56/100 tox|[from] psn
|upkeep
|turn|27
|
|switch|p1a: Rotom|Rotom-Wash|60/100 tox
|move|p2a: Tentacruel|Protect|p2a: Tentacruel
|-fail|p2a: Tentacruel
|
|-weather|Sandstorm|[upkeep]
|-damage|p2a: Tentacruel|5/100|[from] Sandstorm
|-damage|p1a: Rotom|54/100 tox|[from] Sandstorm
|-heal|p2a: Tentacruel|11/100|[from] item: Black Sludge
|-heal|p1a: Rotom|60/100 tox|[from] item: Leftovers
|-damage|p1a: Rotom|54/100 tox|[from] psn
|upkeep
|turn|28
|
|move|p2a: Tentacruel|Protect|p2a: Tentacruel
|-singleturn|p2a: Tentacruel|Protect
|move|p1a: Rotom|Volt Switch|p2a: Tentacruel
|-activate|p2a: Tentacruel|move: Protect
|
|-weather|Sandstorm|[upkeep]
|-damage|p2a: Tentacruel|5/100|[from] Sandstorm
|-damage|p1a: Rotom|48/100 tox|[from] Sandstorm
|-heal|p2a: Tentacruel|11/100|[from] item: Black Sludge
|-heal|p1a: Rotom|54/100 tox|[from] item: Leftovers
|-damage|p1a: Rotom|42/100 tox|[from] psn
|upkeep
|turn|29
|
|switch|p2a: Gastrodon|Gastrodon, F|100/100
|move|p1a: Rotom|Volt Switch|p2a: Gastrodon
|-immune|p2a: Gastrodon|[msg]
|
|-weather|Sandstorm|[upkeep]
|-damage|p1a: Rotom|36/100 tox|[from] Sandstorm
|-heal|p1a: Rotom|42/100 tox|[from] item: Leftovers
|-damage|p1a: Rotom|24/100 tox|[from] psn
|upkeep
|turn|30
|
|move|p1a: Rotom|Pain Split|p2a: Gastrodon
|-sethp|p2a: Gastrodon|59/100|p1a: Rotom|82/100 tox|[from] move: Pain Split
|move|p2a: Gastrodon|Scald|p1a: Rotom
|-resisted|p1a: Rotom
|-damage|p1a: Rotom|71/100 tox
|
|-weather|Sandstorm|[upkeep]
|-damage|p1a: Rotom|66/100 tox|[from] Sandstorm
|-heal|p1a: Rotom|71/100 tox|[from] item: Leftovers
|-heal|p2a: Gastrodon|65/100|[from] item: Leftovers
|-damage|p1a: Rotom|48/100 tox|[from] psn
|upkeep
|turn|31
|
|switch|p1a: Skarmory|Skarmory, F|79/100
|move|p2a: Gastrodon|Scald|p1a: Skarmory
|-damage|p1a: Skarmory|53/100
|
|-weather|Sandstorm|[upkeep]
|-heal|p1a: Skarmory|59/100|[from] item: Leftovers
|-heal|p2a: Gastrodon|71/100|[from] item: Leftovers
|upkeep
|turn|32
|
|switch|p2a: Tentacruel|Tentacruel, F|11/100
|move|p1a: Skarmory|Spikes|p2a: Tentacruel
|-sidestart|p2: porrompompom|Spikes
|
|-weather|Sandstorm|[upkeep]
|-damage|p2a: Tentacruel|5/100|[from] Sandstorm
|-heal|p2a: Tentacruel|11/100|[from] item: Black Sludge
|-heal|p1a: Skarmory|65/100|[from] item: Leftovers
|upkeep
|turn|33
|
|move|p2a: Tentacruel|Scald|p1a: Skarmory
|-damage|p1a: Skarmory|45/100
|move|p1a: Skarmory|Brave Bird|p2a: Tentacruel
|-damage|p2a: Tentacruel|0 fnt
|-damage|p1a: Skarmory|41/100|[from] Recoil
|faint|p2a: Tentacruel
|
|-weather|Sandstorm|[upkeep]
|-heal|p1a: Skarmory|47/100|[from] item: Leftovers
|upkeep
|
|switch|p2a: Politoed|Politoed, M|76/100
|-damage|p2a: Politoed|64/100|[from] Spikes
|-weather|RainDance|[from] ability: Drizzle|[of] p2a: Politoed
|turn|34
|
|switch|p1a: Rotom|Rotom-Wash|48/100 tox
|move|p2a: Politoed|Scald|p1a: Rotom
|-resisted|p1a: Rotom
|-damage|p1a: Rotom|32/100 tox
|
|-weather|RainDance|[upkeep]
|-heal|p1a: Rotom|37/100 tox|[from] item: Leftovers
|-heal|p2a: Politoed|70/100|[from] item: Leftovers
|-damage|p1a: Rotom|32/100 tox|[from] psn
|upkeep
|turn|35
|
|move|p2a: Politoed|Protect|p2a: Politoed
|-singleturn|p2a: Politoed|Protect
|move|p1a: Rotom|Pain Split|p2a: Politoed
|-activate|p2a: Politoed|move: Protect
|
|-weather|RainDance|[upkeep]
|-heal|p1a: Rotom|37/100 tox|[from] item: Leftovers
|-heal|p2a: Politoed|76/100|[from] item: Leftovers
|-damage|p1a: Rotom|26/100 tox|[from] psn
|upkeep
|turn|36
|
|switch|p2a: Gastrodon|Gastrodon, F|71/100
|-damage|p2a: Gastrodon|59/100|[from] Spikes
|move|p1a: Rotom|Pain Split|p2a: Gastrodon
|-sethp|p2a: Gastrodon|38/100|p1a: Rotom|54/100 tox|[from] move: Pain Split
|
|-weather|RainDance|[upkeep]
|-heal|p1a: Rotom|60/100 tox|[from] item: Leftovers
|-heal|p2a: Gastrodon|44/100|[from] item: Leftovers
|-damage|p1a: Rotom|42/100 tox|[from] psn
|upkeep
|turn|37
|
|switch|p1a: Tyranitar|Tyranitar, F|56/100 tox
|-weather|Sandstorm|[from] ability: Sand Stream|[of] p1a: Tyranitar
|move|p2a: Gastrodon|Recover|p2a: Gastrodon
|-heal|p2a: Gastrodon|95/100
|
|-weather|Sandstorm|[upkeep]
|-heal|p2a: Gastrodon|100/100|[from] item: Leftovers
|-damage|p1a: Tyranitar|50/100 tox|[from] psn
|upkeep
|turn|38
|
|move|p1a: Tyranitar|Stealth Rock|p2a: Gastrodon
|-sidestart|p2: porrompompom|move: Stealth Rock
|move|p2a: Gastrodon|Earthquake|p1a: Tyranitar
|-supereffective|p1a: Tyranitar
|-damage|p1a: Tyranitar|2/100 tox
|
|-weather|Sandstorm|[upkeep]
|-damage|p1a: Tyranitar|0 fnt|[from] psn
|upkeep
|faint|p1a: Tyranitar
|
|switch|p1a: Skarmory|Skarmory, F|47/100
|turn|39
|
|switch|p2a: Politoed|Politoed, M|76/100
|-damage|p2a: Politoed|63/100|[from] Spikes
|-damage|p2a: Politoed|51/100|[from] Stealth Rock
|-weather|RainDance|[from] ability: Drizzle|[of] p2a: Politoed
|move|p1a: Skarmory|Roost|p1a: Skarmory
|-heal|p1a: Skarmory|97/100
|
|-weather|RainDance|[upkeep]
|-heal|p2a: Politoed|57/100|[from] item: Leftovers
|-heal|p1a: Skarmory|100/100|[from] item: Leftovers
|upkeep
|turn|40
|
|switch|p1a: Latios|Latios, M|52/100 brn
|move|p2a: Politoed|Encore|p1a: Latios
|-fail|p2a: Politoed
|
|-weather|RainDance|[upkeep]
|-heal|p2a: Politoed|63/100|[from] item: Leftovers
|-damage|p1a: Latios|40/100 brn|[from] brn
|upkeep
|turn|41
|
|switch|p2a: Jirachi|Jirachi|88/100
|-damage|p2a: Jirachi|82/100|[from] Stealth Rock
|-damage|p2a: Jirachi|69/100|[from] Spikes
|move|p1a: Latios|Draco Meteor|p2a: Jirachi
|-resisted|p2a: Jirachi
|-damage|p2a: Jirachi|37/100
|-unboost|p1a: Latios|spa|2
|
|-weather|RainDance|[upkeep]
|-heal|p2a: Jirachi|43/100|[from] item: Leftovers
|-damage|p1a: Latios|27/100 brn|[from] brn
|upkeep
|turn|42
|
|switch|p1a: Heatran|Heatran, F|88/100
|move|p2a: Jirachi|Wish|p2a: Jirachi
|
|-weather|RainDance|[upkeep]
|-heal|p2a: Jirachi|50/100|[from] item: Leftovers
|-heal|p1a: Heatran|94/100|[from] item: Leftovers
|upkeep
|turn|43
|
|move|p2a: Jirachi|Thunder|p1a: Heatran
|-damage|p1a: Heatran|78/100
|move|p1a: Heatran|Substitute|p1a: Heatran
|-start|p1a: Heatran|Substitute
|-damage|p1a: Heatran|53/100
|
|-weather|RainDance|[upkeep]
|-heal|p2a: Jirachi|99/100|[from] move: Wish|[wisher] Jirachi
|-heal|p2a: Jirachi|100/100|[from] item: Leftovers
|-heal|p1a: Heatran|59/100|[from] item: Leftovers
|upkeep
|turn|44
|
|move|p2a: Jirachi|Stealth Rock|p1a: Heatran
|-sidestart|p1: chicano batman|move: Stealth Rock
|move|p1a: Heatran|Lava Plume|p2a: Jirachi
|-supereffective|p2a: Jirachi
|-damage|p2a: Jirachi|81/100
|-status|p2a: Jirachi|brn
|
|-weather|RainDance|[upkeep]
|-heal|p2a: Jirachi|87/100 brn|[from] item: Leftovers
|-heal|p1a: Heatran|65/100|[from] item: Leftovers
|-damage|p2a: Jirachi|74/100 brn|[from] brn
|upkeep
|turn|45
|
|move|p2a: Jirachi|Wish|p2a: Jirachi
|move|p1a: Heatran|Lava Plume|p2a: Jirachi
|-supereffective|p2a: Jirachi
|-damage|p2a: Jirachi|55/100 brn
|
|-weather|RainDance|[upkeep]
|-heal|p2a: Jirachi|61/100 brn|[from] item: Leftovers
|-heal|p1a: Heatran|71/100|[from] item: Leftovers
|-damage|p2a: Jirachi|49/100 brn|[from] brn
|upkeep
|turn|46
|
|move|p2a: Jirachi|Thunder|p1a: Heatran
|-activate|p1a: Heatran|Substitute|[damage]
|move|p1a: Heatran|Lava Plume|p2a: Jirachi
|-supereffective|p2a: Jirachi
|-damage|p2a: Jirachi|29/100 brn
|
|-weather|RainDance|[upkeep]
|-heal|p2a: Jirachi|79/100 brn|[from] move: Wish|[wisher] Jirachi
|-heal|p2a: Jirachi|85/100 brn|[from] item: Leftovers
|-heal|p1a: Heatran|78/100|[from] item: Leftovers
|-damage|p2a: Jirachi|73/100 brn|[from] brn
|upkeep
|turn|47
|
|move|p2a: Jirachi|Wish|p2a: Jirachi
|move|p1a: Heatran|Lava Plume|p2a: Jirachi
|-supereffective|p2a: Jirachi
|-damage|p2a: Jirachi|51/100 brn
|
|-weather|RainDance|[upkeep]
|-heal|p2a: Jirachi|58/100 brn|[from] item: Leftovers
|-heal|p1a: Heatran|84/100|[from] item: Leftovers
|-damage|p2a: Jirachi|45/100 brn|[from] brn
|upkeep
|turn|48
|
|move|p2a: Jirachi|Thunder|p1a: Heatran
|-end|p1a: Heatran|Substitute
|move|p1a: Heatran|Substitute|p1a: Heatran
|-start|p1a: Heatran|Substitute
|-damage|p1a: Heatran|59/100
|
|-weather|RainDance|[upkeep]
|-heal|p2a: Jirachi|95/100 brn|[from] move: Wish|[wisher] Jirachi
|-heal|p2a: Jirachi|100/100 brn|[from] item: Leftovers
|-heal|p1a: Heatran|65/100|[from] item: Leftovers
|-damage|p2a: Jirachi|88/100 brn|[from] brn
|upkeep
|turn|49
|
|move|p2a: Jirachi|Wish|p2a: Jirachi
|move|p1a: Heatran|Lava Plume|p2a: Jirachi
|-supereffective|p2a: Jirachi
|-damage|p2a: Jirachi|69/100 brn
|
|-weather|RainDance|[upkeep]
|-heal|p2a: Jirachi|75/100 brn|[from] item: Leftovers
|-heal|p1a: Heatran|71/100|[from] item: Leftovers
|-damage|p2a: Jirachi|63/100 brn|[from] brn
|upkeep
|turn|50
|
|move|p2a: Jirachi|Thunder|p1a: Heatran
|-crit|p1a: Heatran
|-end|p1a: Heatran|Substitute
|move|p1a: Heatran|Lava Plume|p2a: Jirachi
|-supereffective|p2a: Jirachi
|-damage|p2a: Jirachi|40/100 brn
|
|-weather|RainDance|[upkeep]
|-heal|p2a: Jirachi|90/100 brn|[from] move: Wish|[wisher] Jirachi
|-heal|p2a: Jirachi|96/100 brn|[from] item: Leftovers
|-heal|p1a: Heatran|78/100|[from] item: Leftovers
|-damage|p2a: Jirachi|84/100 brn|[from] brn
|upkeep
|turn|51
|
|move|p1a: Heatran|Protect|p1a: Heatran
|-singleturn|p1a: Heatran|Protect
|move|p2a: Jirachi|Thunder|p1a: Heatran
|-activate|p1a: Heatran|move: Protect
|
|-weather|RainDance|[upkeep]
|-heal|p2a: Jirachi|90/100 brn|[from] item: Leftovers
|-heal|p1a: Heatran|84/100|[from] item: Leftovers
|-damage|p2a: Jirachi|78/100 brn|[from] brn
|upkeep
|turn|52
|
|move|p2a: Jirachi|Thunder|p1a: Heatran
|-damage|p1a: Heatran|66/100
|-status|p1a: Heatran|par
|cant|p1a: Heatran|par
|
|-weather|RainDance|[upkeep]
|-heal|p2a: Jirachi|84/100 brn|[from] item: Leftovers
|-heal|p1a: Heatran|72/100 par|[from] item: Leftovers
|-damage|p2a: Jirachi|71/100 brn|[from] brn
|upkeep
|turn|53
|
|move|p2a: Jirachi|Wish|p2a: Jirachi
|move|p1a: Heatran|Substitute|p1a: Heatran
|-start|p1a: Heatran|Substitute
|-damage|p1a: Heatran|47/100 par
|
|-weather|RainDance|[upkeep]
|-heal|p2a: Jirachi|78/100 brn|[from] item: Leftovers
|-heal|p1a: Heatran|53/100 par|[from] item: Leftovers
|-damage|p2a: Jirachi|65/100 brn|[from] brn
|upkeep
|turn|54
|
|switch|p2a: Politoed|Politoed, M|63/100
|-damage|p2a: Politoed|51/100|[from] Spikes
|-damage|p2a: Politoed|39/100|[from] Stealth Rock
|move|p1a: Heatran|Protect|p1a: Heatran
|-fail|p1a: Heatran
|
|-weather|RainDance|[upkeep]
|-heal|p2a: Politoed|91/100|[from] move: Wish|[wisher] Jirachi
|-heal|p2a: Politoed|97/100|[from] item: Leftovers
|-heal|p1a: Heatran|59/100 par|[from] item: Leftovers
|upkeep
|turn|55
|
|move|p2a: Politoed|Encore|p1a: Heatran
|-start|p1a: Heatran|Encore
|move|p1a: Heatran|Protect|p1a: Heatran
|-fail|p1a: Heatran
|
|-weather|RainDance|[upkeep]
|-heal|p2a: Politoed|100/100|[from] item: Leftovers
|-heal|p1a: Heatran|66/100 par|[from] item: Leftovers
|upkeep
|turn|56
|
|cant|p1a: Heatran|par
|move|p2a: Politoed|Scald|p1a: Heatran
|-supereffective|p1a: Heatran
|-end|p1a: Heatran|Substitute
|
|-weather|RainDance|[upkeep]
|-heal|p1a: Heatran|72/100 par|[from] item: Leftovers
|upkeep
|turn|57
|
|cant|p1a: Heatran|par
|move|p2a: Politoed|Scald|p1a: Heatran
|-supereffective|p1a: Heatran
|-damage|p1a: Heatran|24/100 par
|
|-weather|RainDance|[upkeep]
|-heal|p1a: Heatran|31/100 par|[from] item: Leftovers
|-end|p1a: Heatran|Encore
|upkeep
|turn|58
|inactive|chicano batman has 135 seconds left.
|inactive|chicano batman has 120 seconds left.
|inactive|chicano batman has 105 seconds left.
|inactive|chicano batman has 90 seconds left.
|inactive|chicano batman has 75 seconds left.
|inactive|chicano batman has 60 seconds left.
|
|move|p2a: Politoed|Scald|p1a: Heatran
|-supereffective|p1a: Heatran
|-damage|p1a: Heatran|0 fnt
|faint|p1a: Heatran
|
|-weather|RainDance|[upkeep]
|upkeep
|
|switch|p1a: Rotom|Rotom-Wash|42/100 tox
|-damage|p1a: Rotom|30/100 tox|[from] Stealth Rock
|turn|59
|inactive|porrompompom has 135 seconds left.
|
|move|p2a: Politoed|Protect|p2a: Politoed
|-singleturn|p2a: Politoed|Protect
|move|p1a: Rotom|Pain Split|p2a: Politoed
|-activate|p2a: Politoed|move: Protect
|
|-weather|RainDance|[upkeep]
|-heal|p1a: Rotom|35/100 tox|[from] item: Leftovers
|-damage|p1a: Rotom|30/100 tox|[from] psn
|upkeep
|turn|60
|
|move|p1a: Rotom|Pain Split|p2a: Politoed
|-sethp|p2a: Politoed|62/100|p1a: Rotom|78/100 tox|[from] move: Pain Split
|move|p2a: Politoed|Scald|p1a: Rotom
|-resisted|p1a: Rotom
|-damage|p1a: Rotom|63/100 tox
|
|-weather|RainDance|[upkeep]
|-heal|p1a: Rotom|68/100 tox|[from] item: Leftovers
|-heal|p2a: Politoed|68/100|[from] item: Leftovers
|-damage|p1a: Rotom|57/100 tox|[from] psn
|upkeep
|turn|61
|
|switch|p1a: Mienshao|Mienshao, F|100/100
|-damage|p1a: Mienshao|95/100|[from] Stealth Rock
|move|p2a: Politoed|Protect|p2a: Politoed
|-fail|p2a: Politoed
|
|-weather|RainDance|[upkeep]
|-heal|p2a: Politoed|74/100|[from] item: Leftovers
|upkeep
|turn|62
|
|move|p2a: Politoed|Protect|p2a: Politoed
|-singleturn|p2a: Politoed|Protect
|move|p1a: Mienshao|U-turn|p2a: Politoed
|-activate|p2a: Politoed|move: Protect
|
|-weather|RainDance|[upkeep]
|-heal|p2a: Politoed|80/100|[from] item: Leftovers
|upkeep
|turn|63
|
|move|p1a: Mienshao|U-turn|p2a: Politoed
|-damage|p2a: Politoed|63/100
|
|switch|p1a: Latios|Latios, M|27/100 brn
|-damage|p1a: Latios|15/100 brn|[from] Stealth Rock
|move|p2a: Politoed|Scald|p1a: Latios
|-resisted|p1a: Latios
|-damage|p1a: Latios|0 fnt
|faint|p1a: Latios
|
|-weather|RainDance|[upkeep]
|-heal|p2a: Politoed|69/100|[from] item: Leftovers
|upkeep
|
|switch|p1a: Rotom|Rotom-Wash|57/100 tox
|-damage|p1a: Rotom|44/100 tox|[from] Stealth Rock
|turn|64
|
|move|p2a: Politoed|Protect|p2a: Politoed
|-singleturn|p2a: Politoed|Protect
|move|p1a: Rotom|Volt Switch|p2a: Politoed
|-activate|p2a: Politoed|move: Protect
|
|-weather|RainDance|[upkeep]
|-heal|p1a: Rotom|50/100 tox|[from] item: Leftovers
|-heal|p2a: Politoed|75/100|[from] item: Leftovers
|-damage|p1a: Rotom|44/100 tox|[from] psn
|upkeep
|turn|65
|
|move|p1a: Rotom|Will-O-Wisp|p2a: Politoed|[miss]
|-miss|p1a: Rotom|p2a: Politoed
|move|p2a: Politoed|Scald|p1a: Rotom
|-resisted|p1a: Rotom
|-damage|p1a: Rotom|29/100 tox
|
|-weather|RainDance|[upkeep]
|-heal|p1a: Rotom|34/100 tox|[from] item: Leftovers
|-heal|p2a: Politoed|81/100|[from] item: Leftovers
|-damage|p1a: Rotom|23/100 tox|[from] psn
|upkeep
|turn|66
|inactive|chicano batman has 135 seconds left.
|inactive|chicano batman has 120 seconds left.
|inactive|chicano batman has 105 seconds left.
|inactive|chicano batman has 90 seconds left.
|inactive|chicano batman has 75 seconds left.
|inactive|chicano batman has 60 seconds left.
|inactive|chicano batman has 45 seconds left.
|inactive|chicano batman has 30 seconds left.
|inactive|chicano batman has 20 seconds left.
|inactive|chicano batman has 15 seconds left.
|inactive|chicano batman has 10 seconds left.
|inactive|chicano batman has 5 seconds left.
|inactiveoff|Battle timer is now OFF.
|c|☆porrompompom|move
|inactive|Battle timer is ON: inactive players will automatically lose when time's up. (requested by porrompompom)
|inactive|chicano batman has 135 seconds left.
|inactive|chicano batman has 120 seconds left.
|inactive|chicano batman has 105 seconds left.
|inactive|chicano batman has 90 seconds left.
|inactive|chicano batman has 75 seconds left.
|inactive|chicano batman has 60 seconds left.
|inactive|chicano batman has 45 seconds left.
|inactive|chicano batman has 30 seconds left.
|inactive|chicano batman has 20 seconds left.
|inactive|chicano batman has 15 seconds left.
|inactive|chicano batman has 10 seconds left.
|inactive|chicano batman has 5 seconds left.
|-message|chicano batman lost due to inactivity.
|
|win|porrompompom
|raw|chicano batman's rating: 1324 &rarr; <strong>1314</strong><br />(-10 for losing)
|raw|porrompompom's rating: 1514 &rarr; <strong>1524</strong><br />(+10 for winning)
|l|☆porrompompom
