|j|☆gnrf
|j|☆mudkipslaps
|t:|1725902858
|gametype|singles
|player|p1|gnrf|rocketgruntf|1342
|player|p2|mudkipslaps|caitlin|1309
|teamsize|p1|6
|teamsize|p2|6
|gen|5
|tier|[Gen 5] OU
|rated|
|rule|Species Clause: Limit one of each Pokémon
|rule|OHKO Clause: OHKO moves are banned
|rule|Moody Clause: Moody is banned
|rule|Evasion Items Clause: Evasion items are banned
|rule|Evasion Moves Clause: Evasion moves are banned
|rule|Endless Battle Clause: Forcing endless battles is banned
|rule|HP Percentage Mod: HP is shown in percentages
|rule|Evasion Abilities Clause: Evasion abilities are banned
|rule|Sleep Moves Clause: Sleep-inducing moves are banned
|rule|Swagger Clause: Swagger is banned
|rule|Baton Pass Stat Clause: No Baton Passer may have a way to boost its stats
|clearpoke
|poke|p1|Politoed, M|item
|poke|p1|Starmie|item
|poke|p1|Ferrothorn, F|item
|poke|p1|Dragonite, F|item
|poke|p1|Keldeo|item
|poke|p1|Thundurus-Therian, M|item
|poke|p2|Tyranitar, M|item
|poke|p2|Landorus-Therian, M|item
|poke|p2|Excadrill, M|item
|poke|p2|Garchomp, F|item
|poke|p2|Celebi|item
|poke|p2|Rotom-Wash|item
|teampreview
|inactive|Battle timer is ON: inactive players will automatically lose when time's up. (requested by mudkipslaps)
|inactive|gnrf also wants the timer to be on.
|j| chomp29
|inactive|mudkipslaps has 120 seconds left.
|inactive|mudkipslaps has 90 seconds left.
|
|t:|1725902943
|start
|switch|p1a: Thundurus|Thundurus-Therian, M|100/100
|switch|p2a: Bibi|Celebi|100/100
|turn|1
|
|t:|1725902951
|move|p1a: Thundurus|Hidden Power|p2a: Bibi
|-supereffective|p2a: Bibi
|-damage|p2a: Bibi|68/100
|move|p2a: Bibi|Psychic|p1a: Thundurus
|-damage|p1a: Thundurus|60/100
|
|-heal|p1a: Thundurus|66/100|[from] item: Leftovers
|-heal|p2a: Bibi|75/100|[from] item: Leftovers
|upkeep
|turn|2
|
|t:|1725902958
|move|p1a: Thundurus|U-turn|p2a: Bibi
|-supereffective|p2a: Bibi
|-damage|p2a: Bibi|27/100
|
|t:|1725902963
|switch|p1a: Ferrothorn|Ferrothorn, F|100/100|[from] U-turn
|move|p2a: Bibi|Psychic|p1a: Ferrothorn
|-resisted|p1a: Ferrothorn
|-damage|p1a: Ferrothorn|90/100
|
|-heal|p2a: Bibi|33/100|[from] item: Leftovers
|upkeep
|turn|3
|
|t:|1725902973
|move|p2a: Bibi|Thunder Wave|p1a: Ferrothorn
|-status|p1a: Ferrothorn|par
|move|p1a: Ferrothorn|Gyro Ball|p2a: Bibi
|-damage|p2a: Bibi|0 fnt
|faint|p2a: Bibi
|
|upkeep
|
|t:|1725902992
|switch|p2a: Mom|Garchomp, F|100/100
|turn|4
|
|t:|1725902995
|switch|p1a: Starmie|Starmie|100/100
|-item|p1a: Starmie|Air Balloon
|move|p2a: Mom|Stealth Rock|p1a: Starmie
|-sidestart|p1: gnrf|move: Stealth Rock
|
|upkeep
|turn|5
|
|t:|1725903001
|move|p1a: Starmie|Ice Beam|p2a: Mom
|-supereffective|p2a: Mom
|-damage|p2a: Mom|0 fnt
|faint|p2a: Mom
|
|upkeep
|
|t:|1725903011
|switch|p2a: Scrimblo|Tyranitar, M|100/100
|-weather|Sandstorm|[from] ability: Sand Stream|[of] p2a: Scrimblo
|turn|6
|
|t:|1725903015
|move|p1a: Starmie|Rapid Spin|p2a: Scrimblo
|-resisted|p2a: Scrimblo
|-damage|p2a: Scrimblo|99/100
|-sideend|p1: gnrf|Stealth Rock|[from] move: Rapid Spin|[of] p1a: Starmie
|move|p2a: Scrimblo|Stone Edge|p1a: Starmie
|-damage|p1a: Starmie|0 fnt
|-enditem|p1a: Starmie|Air Balloon
|faint|p1a: Starmie
|
|-weather|Sandstorm|[upkeep]
|upkeep
|
|t:|1725903022
|switch|p1a: Politoed|Politoed, M|100/100
|-weather|RainDance|[from] ability: Drizzle|[of] p1a: Politoed
|turn|7
|j| hw ghost
|
|t:|1725903040
|switch|p2a: Glorp|Rotom-Wash|100/100
|move|p1a: Politoed|Toxic|p2a: Glorp
|-status|p2a: Glorp|tox
|
|-weather|RainDance|[upkeep]
|-damage|p2a: Glorp|94/100 tox|[from] psn
|upkeep
|turn|8
|
|t:|1725903049
|switch|p1a: Thundurus|Thundurus-Therian, M|66/100
|move|p2a: Glorp|Will-O-Wisp|p1a: Thundurus
|-status|p1a: Thundurus|brn
|
|-weather|RainDance|[upkeep]
|-heal|p1a: Thundurus|73/100 brn|[from] item: Leftovers
|-heal|p2a: Glorp|100/100 tox|[from] item: Leftovers
|-damage|p2a: Glorp|88/100 tox|[from] psn
|-damage|p1a: Thundurus|60/100 brn|[from] brn
|upkeep
|turn|9
|
|t:|1725903056
|move|p1a: Thundurus|U-turn|p2a: Glorp
|-crit|p2a: Glorp
|-damage|p2a: Glorp|76/100 tox
|
|t:|1725903061
|switch|p1a: Ferrothorn|Ferrothorn, F|90/100 par|[from] U-turn
|move|p2a: Glorp|Hydro Pump|p1a: Ferrothorn
|-resisted|p1a: Ferrothorn
|-damage|p1a: Ferrothorn|70/100 par
|
|-weather|RainDance|[upkeep]
|-heal|p2a: Glorp|82/100 tox|[from] item: Leftovers
|-damage|p2a: Glorp|63/100 tox|[from] psn
|upkeep
|turn|10
|
|t:|1725903067
|move|p2a: Glorp|Volt Switch|p1a: Ferrothorn
|-resisted|p1a: Ferrothorn
|-damage|p1a: Ferrothorn|62/100 par
|l| hw ghost
|
|t:|1725903077
|switch|p2a: Scrimblo|Tyranitar, M|99/100|[from] Volt Switch
|-weather|Sandstorm|[from] ability: Sand Stream|[of] p2a: Scrimblo
|move|p1a: Ferrothorn|Stealth Rock|p2a: Scrimblo
|-sidestart|p2: mudkipslaps|move: Stealth Rock
|
|-weather|Sandstorm|[upkeep]
|upkeep
|turn|11
|
|t:|1725903091
|move|p2a: Scrimblo|Stone Edge|p1a: Ferrothorn
|-resisted|p1a: Ferrothorn
|-damage|p1a: Ferrothorn|31/100 par
|cant|p1a: Ferrothorn|par
|
|-weather|Sandstorm|[upkeep]
|upkeep
|turn|12
|
|t:|1725903097
|move|p2a: Scrimblo|Stone Edge|p1a: Ferrothorn
|-resisted|p1a: Ferrothorn
|-damage|p1a: Ferrothorn|0 fnt
|faint|p1a: Ferrothorn
|
|-weather|Sandstorm|[upkeep]
|upkeep
|
|t:|1725903101
|switch|p1a: Dragonite|Dragonite, F, shiny|100/100
|turn|13
|
|t:|1725903108
|switch|p2a: Glorp|Rotom-Wash|63/100 tox
|-damage|p2a: Glorp|51/100 tox|[from] Stealth Rock
|move|p1a: Dragonite|Superpower|p2a: Glorp
|-damage|p2a: Glorp|0 fnt
|-unboost|p1a: Dragonite|atk|1
|-unboost|p1a: Dragonite|def|1
|faint|p2a: Glorp
|
|-weather|Sandstorm|[upkeep]
|-damage|p1a: Dragonite|94/100|[from] Sandstorm
|upkeep
|
|t:|1725903122
|switch|p2a: Theodore|Landorus-Therian, M|100/100
|-damage|p2a: Theodore|88/100|[from] Stealth Rock
|-ability|p2a: Theodore|Intimidate|boost
|-unboost|p1a: Dragonite|atk|1
|turn|14
|
|t:|1725903147
|switch|p1a: Politoed|Politoed, M|100/100
|-weather|RainDance|[from] ability: Drizzle|[of] p1a: Politoed
|move|p2a: Theodore|U-turn|p1a: Politoed
|-damage|p1a: Politoed|78/100
|
|t:|1725903161
|switch|p2a: Scrimblo|Tyranitar, M|99/100|[from] U-turn
|-damage|p2a: Scrimblo|87/100|[from] Stealth Rock
|-weather|Sandstorm|[from] ability: Sand Stream|[of] p2a: Scrimblo
|
|-weather|Sandstorm|[upkeep]
|-damage|p1a: Politoed|72/100|[from] Sandstorm
|-heal|p1a: Politoed|78/100|[from] item: Leftovers
|upkeep
|turn|15
|
|t:|1725903170
|switch|p1a: Thundurus|Thundurus-Therian, M|60/100 brn
|move|p2a: Scrimblo|Crunch|p1a: Thundurus
|-damage|p1a: Thundurus|0 fnt
|faint|p1a: Thundurus
|
|-weather|Sandstorm|[upkeep]
|upkeep
|
|t:|1725903183
|switch|p1a: Politoed|Politoed, M|78/100
|-weather|RainDance|[from] ability: Drizzle|[of] p1a: Politoed
|turn|16
|
|t:|1725903187
|move|p1a: Politoed|Scald|p2a: Scrimblo
|-supereffective|p2a: Scrimblo
|-damage|p2a: Scrimblo|30/100
|move|p2a: Scrimblo|Crunch|p1a: Politoed
|-damage|p1a: Politoed|27/100
|-unboost|p1a: Politoed|def|1
|
|-weather|RainDance|[upkeep]
|-heal|p1a: Politoed|33/100|[from] item: Leftovers
|upkeep
|turn|17
|
|t:|1725903205
|switch|p1a: Dragonite|Dragonite, F, shiny|94/100
|move|p2a: Scrimblo|Crunch|p1a: Dragonite
|-damage|p1a: Dragonite|26/100
|
|-weather|RainDance|[upkeep]
|upkeep
|turn|18
|
|t:|1725903214
|switch|p2a: Theodore|Landorus-Therian, M|88/100
|-damage|p2a: Theodore|76/100|[from] Stealth Rock
|-ability|p2a: Theodore|Intimidate|boost
|-unboost|p1a: Dragonite|atk|1
|move|p1a: Dragonite|Ice Punch|p2a: Theodore
|-supereffective|p2a: Theodore
|-damage|p2a: Theodore|0 fnt
|faint|p2a: Theodore
|
|-weather|RainDance|[upkeep]
|upkeep
|-message|mudkipslaps forfeited.
|
|win|gnrf
|raw|gnrf's rating: 1342 &rarr; <strong>1360</strong><br />(+18 for winning)
|raw|mudkipslaps's rating: 1309 &rarr; <strong>1291</strong><br />(-18 for losing)
|l|☆mudkipslaps
|player|p2|
|l| chomp29
|j|☆mudkipslaps
|player|p2|mudkipslaps|caitlin|
