|j|☆Croaset
|j|☆LeafStoned
|t:|1727366277
|gametype|singles
|player|p1|Croaset|elesa|1317
|player|p2|LeafStoned|102|1440
|teamsize|p1|6
|teamsize|p2|6
|gen|5
|tier|[Gen 5] OU
|rated|
|rule|Species Clause: Limit one of each Pokémon
|rule|OHKO Clause: OHKO moves are banned
|rule|Moody Clause: Moody is banned
|rule|Evasion Items Clause: Evasion items are banned
|rule|Evasion Moves Clause: Evasion moves are banned
|rule|Endless Battle Clause: Forcing endless battles is banned
|rule|HP Percentage Mod: HP is shown in percentages
|rule|Evasion Abilities Clause: Evasion abilities are banned
|rule|Sleep Moves Clause: Sleep-inducing moves are banned
|rule|Swagger Clause: Swagger is banned
|rule|Baton Pass Stat Clause: No Baton Passer may have a way to boost its stats
|clearpoke
|poke|p1|Reuniclus, M|item
|poke|p1|Skarmory, M|item
|poke|p1|Latios, M|item
|poke|p1|Tyranitar, F|item
|poke|p1|Cofagrigus, M|item
|poke|p1|Clefable, M|item
|poke|p2|Scrafty, M|item
|poke|p2|Latios, M|item
|poke|p2|Breloom, M|item
|poke|p2|Jirachi|item
|poke|p2|Starmie|item
|poke|p2|Volcarona, M|item
|teampreview
|
|t:|1727366292
|start
|switch|p1a: Tyranitar|Tyranitar, F|100/100
|switch|p2a: Jirachi|Jirachi|100/100
|-weather|Sandstorm|[from] ability: Sand Stream|[of] p1a: Tyranitar
|turn|1
|
|t:|1727366296
|switch|p1a: Skarmory|Skarmory, M|100/100
|move|p2a: Jirachi|Stealth Rock|p1a: Skarmory
|-sidestart|p1: Croaset|move: Stealth Rock
|
|-weather|Sandstorm|[upkeep]
|upkeep
|turn|2
|
|t:|1727366302
|move|p2a: Jirachi|U-turn|p1a: Skarmory
|-resisted|p1a: Skarmory
|-damage|p1a: Skarmory|98/100
|
|t:|1727366304
|switch|p2a: Starmie|Starmie|100/100|[from] U-turn
|move|p1a: Skarmory|Stealth Rock|p2a: Starmie
|-sidestart|p2: LeafStoned|move: Stealth Rock
|
|-weather|Sandstorm|[upkeep]
|-damage|p2a: Starmie|94/100|[from] Sandstorm
|-heal|p1a: Skarmory|100/100|[from] item: Leftovers
|upkeep
|turn|3
|
|t:|1727366315
|switch|p1a: Clefable|Clefable, M|100/100
|move|p2a: Starmie|Scald|p1a: Clefable
|-damage|p1a: Clefable|83/100
|
|-weather|Sandstorm|[upkeep]
|-damage|p2a: Starmie|88/100|[from] Sandstorm
|-heal|p1a: Clefable|89/100|[from] item: Leftovers
|upkeep
|turn|4
|
|t:|1727366322
|move|p2a: Starmie|Thunder Wave|p1a: Clefable
|-status|p1a: Clefable|par
|cant|p1a: Clefable|par
|
|-weather|Sandstorm|[upkeep]
|-damage|p2a: Starmie|82/100|[from] Sandstorm
|-heal|p1a: Clefable|95/100 par|[from] item: Leftovers
|upkeep
|turn|5
|
|t:|1727366327
|move|p2a: Starmie|Rapid Spin|p1a: Clefable
|-damage|p1a: Clefable|92/100 par
|-sideend|p2: LeafStoned|Stealth Rock|[from] move: Rapid Spin|[of] p2a: Starmie
|cant|p1a: Clefable|par
|
|-weather|Sandstorm|[upkeep]
|-damage|p2a: Starmie|76/100|[from] Sandstorm
|-heal|p1a: Clefable|98/100 par|[from] item: Leftovers
|upkeep
|turn|6
|
|t:|1727366339
|switch|p2a: Scrafty|Scrafty, M|100/100
|move|p1a: Clefable|Knock Off|p2a: Scrafty
|-resisted|p2a: Scrafty
|-damage|p2a: Scrafty|99/100
|-enditem|p2a: Scrafty|Sitrus Berry|[from] move: Knock Off|[of] p1a: Clefable
|
|-weather|Sandstorm|[upkeep]
|-damage|p2a: Scrafty|94/100|[from] Sandstorm
|-heal|p1a: Clefable|100/100 par|[from] item: Leftovers
|upkeep
|turn|7
|
|t:|1727366346
|switch|p1a: Skarmory|Skarmory, M|100/100
|-damage|p1a: Skarmory|88/100|[from] Stealth Rock
|move|p2a: Scrafty|Dragon Dance|p2a: Scrafty
|-boost|p2a: Scrafty|atk|1
|-boost|p2a: Scrafty|spe|1
|
|-weather|Sandstorm|[upkeep]
|-damage|p2a: Scrafty|88/100|[from] Sandstorm
|-heal|p1a: Skarmory|94/100|[from] item: Leftovers
|upkeep
|turn|8
|
|t:|1727366353
|move|p2a: Scrafty|Drain Punch|p1a: Skarmory
|-damage|p1a: Skarmory|65/100
|-heal|p2a: Scrafty|100/100|[from] drain|[of] p1a: Skarmory
|move|p1a: Skarmory|Whirlwind|p2a: Scrafty
|drag|p2a: Latios|Latios, M|100/100
|
|-weather|Sandstorm|[upkeep]
|-damage|p2a: Latios|94/100|[from] Sandstorm
|-heal|p1a: Skarmory|71/100|[from] item: Leftovers
|upkeep
|turn|9
|j| Blaise BWOU
|
|t:|1727366360
|switch|p1a: Tyranitar|Tyranitar, F|100/100
|-damage|p1a: Tyranitar|88/100|[from] Stealth Rock
|move|p2a: Latios|Reflect|p2a: Latios
|-sidestart|p2: LeafStoned|Reflect
|
|-weather|Sandstorm|[upkeep]
|-damage|p2a: Latios|88/100|[from] Sandstorm
|upkeep
|turn|10
|
|t:|1727366364
|move|p2a: Latios|Light Screen|p2a: Latios
|-sidestart|p2: LeafStoned|move: Light Screen
|move|p1a: Tyranitar|Thunder Wave|p2a: Latios
|-status|p2a: Latios|par
|
|-weather|Sandstorm|[upkeep]
|-damage|p2a: Latios|82/100 par|[from] Sandstorm
|upkeep
|turn|11
|
|t:|1727366370
|move|p1a: Tyranitar|Crunch|p2a: Latios
|-supereffective|p2a: Latios
|-damage|p2a: Latios|45/100 par
|move|p2a: Latios|Memento|p1a: Tyranitar
|-unboost|p1a: Tyranitar|atk|2
|-unboost|p1a: Tyranitar|spa|2
|faint|p2a: Latios
|
|-weather|Sandstorm|[upkeep]
|upkeep
|
|t:|1727366375
|switch|p2a: Scrafty|Scrafty, M|100/100
|turn|12
|
|t:|1727366379
|switch|p1a: Skarmory|Skarmory, M|71/100
|-damage|p1a: Skarmory|59/100|[from] Stealth Rock
|move|p2a: Scrafty|Dragon Dance|p2a: Scrafty
|-boost|p2a: Scrafty|atk|1
|-boost|p2a: Scrafty|spe|1
|
|-weather|Sandstorm|[upkeep]
|-damage|p2a: Scrafty|95/100|[from] Sandstorm
|-heal|p1a: Skarmory|65/100|[from] item: Leftovers
|upkeep
|turn|13
|
|t:|1727366385
|move|p2a: Scrafty|Drain Punch|p1a: Skarmory
|-damage|p1a: Skarmory|40/100
|-heal|p2a: Scrafty|100/100|[from] drain|[of] p1a: Skarmory
|move|p1a: Skarmory|Roost|p1a: Skarmory
|-heal|p1a: Skarmory|90/100
|-singleturn|p1a: Skarmory|move: Roost
|
|-weather|Sandstorm|[upkeep]
|-damage|p2a: Scrafty|95/100|[from] Sandstorm
|-heal|p1a: Skarmory|96/100|[from] item: Leftovers
|upkeep
|turn|14
|
|t:|1727366392
|move|p2a: Scrafty|Ice Punch|p1a: Skarmory
|-damage|p1a: Skarmory|78/100
|-status|p1a: Skarmory|frz
|cant|p1a: Skarmory|frz
|
|-weather|Sandstorm|[upkeep]
|-damage|p2a: Scrafty|89/100|[from] Sandstorm
|-heal|p1a: Skarmory|84/100 frz|[from] item: Leftovers
|upkeep
|turn|15
|
|t:|1727366404
|move|p2a: Scrafty|Dragon Dance|p2a: Scrafty
|-boost|p2a: Scrafty|atk|1
|-boost|p2a: Scrafty|spe|1
|cant|p1a: Skarmory|frz
|
|-weather|Sandstorm|[upkeep]
|-damage|p2a: Scrafty|83/100|[from] Sandstorm
|-heal|p1a: Skarmory|90/100 frz|[from] item: Leftovers
|upkeep
|turn|16
|
|t:|1727366407
|move|p2a: Scrafty|Drain Punch|p1a: Skarmory
|-damage|p1a: Skarmory|53/100 frz
|-heal|p2a: Scrafty|100/100|[from] drain|[of] p1a: Skarmory
|cant|p1a: Skarmory|frz
|
|-weather|Sandstorm|[upkeep]
|-damage|p2a: Scrafty|95/100|[from] Sandstorm
|-heal|p1a: Skarmory|59/100 frz|[from] item: Leftovers
|-sideend|p2: LeafStoned|Reflect
|upkeep
|turn|17
|
|t:|1727366412
|move|p2a: Scrafty|Drain Punch|p1a: Skarmory
|-damage|p1a: Skarmory|20/100 frz
|-heal|p2a: Scrafty|100/100|[from] drain|[of] p1a: Skarmory
|-curestatus|p1a: Skarmory|frz|[msg]
|move|p1a: Skarmory|Whirlwind|p2a: Scrafty
|drag|p2a: Starmie|Starmie|76/100
|
|-weather|Sandstorm|[upkeep]
|-damage|p2a: Starmie|70/100|[from] Sandstorm
|-heal|p1a: Skarmory|26/100|[from] item: Leftovers
|-sideend|p2: LeafStoned|move: Light Screen
|upkeep
|turn|18
|l| Blaise BWOU
|
|t:|1727366422
|switch|p1a: Tyranitar|Tyranitar, F|88/100
|-damage|p1a: Tyranitar|76/100|[from] Stealth Rock
|move|p2a: Starmie|Scald|p1a: Tyranitar
|-supereffective|p1a: Tyranitar
|-damage|p1a: Tyranitar|51/100
|
|-weather|Sandstorm|[upkeep]
|-damage|p2a: Starmie|63/100|[from] Sandstorm
|upkeep
|turn|19
|
|t:|1727366426
|move|p2a: Starmie|Thunder Wave|p1a: Tyranitar
|-status|p1a: Tyranitar|par
|move|p1a: Tyranitar|Thunder Wave|p2a: Starmie
|-status|p2a: Starmie|par
|
|-weather|Sandstorm|[upkeep]
|-damage|p2a: Starmie|57/100 par|[from] Sandstorm
|upkeep
|turn|20
|
|t:|1727366431
|move|p2a: Starmie|Recover|p2a: Starmie
|-heal|p2a: Starmie|100/100 par
|cant|p1a: Tyranitar|par
|
|-weather|Sandstorm|[upkeep]
|-damage|p2a: Starmie|94/100 par|[from] Sandstorm
|upkeep
|turn|21
|
|t:|1727366435
|-activate|p2a: Starmie|move: Pursuit
|cant|p1a: Tyranitar|par
|-curestatus|p2a: Starmie|par|[from] ability: Natural Cure
|switch|p2a: Scrafty|Scrafty, M|100/100
|
|-weather|Sandstorm|[upkeep]
|-damage|p2a: Scrafty|95/100|[from] Sandstorm
|upkeep
|turn|22
|
|t:|1727366441
|switch|p1a: Cofagrigus|Cofagrigus, M, shiny|100/100
|-damage|p1a: Cofagrigus|88/100|[from] Stealth Rock
|move|p2a: Scrafty|Dragon Dance|p2a: Scrafty
|-boost|p2a: Scrafty|atk|1
|-boost|p2a: Scrafty|spe|1
|
|-weather|Sandstorm|[upkeep]
|-damage|p2a: Scrafty|89/100|[from] Sandstorm
|-damage|p1a: Cofagrigus|82/100|[from] Sandstorm
|-heal|p1a: Cofagrigus|88/100|[from] item: Leftovers
|upkeep
|turn|23
|
|t:|1727366444
|move|p2a: Scrafty|Crunch|p1a: Cofagrigus
|-supereffective|p1a: Cofagrigus
|-damage|p1a: Cofagrigus|34/100
|-activate|p1a: Cofagrigus|ability: Mummy|Shed Skin|[of] p2a: Scrafty
|move|p1a: Cofagrigus|Will-O-Wisp|p2a: Scrafty
|-status|p2a: Scrafty|brn
|
|-weather|Sandstorm|[upkeep]
|-damage|p2a: Scrafty|83/100 brn|[from] Sandstorm
|-damage|p1a: Cofagrigus|27/100|[from] Sandstorm
|-heal|p1a: Cofagrigus|34/100|[from] item: Leftovers
|-damage|p2a: Scrafty|71/100 brn|[from] brn
|upkeep
|turn|24
|
|t:|1727366464
|move|p2a: Scrafty|Crunch|p1a: Cofagrigus
|-supereffective|p1a: Cofagrigus
|-damage|p1a: Cofagrigus|5/100
|move|p1a: Cofagrigus|Night Shade|p2a: Scrafty
|-damage|p2a: Scrafty|34/100 brn
|
|-weather|Sandstorm|[upkeep]
|-damage|p2a: Scrafty|28/100 brn|[from] Sandstorm
|-damage|p1a: Cofagrigus|0 fnt|[from] Sandstorm
|faint|p1a: Cofagrigus
|-damage|p2a: Scrafty|16/100 brn|[from] brn
|upkeep
|
|t:|1727366474
|switch|p1a: Skarmory|Skarmory, M|26/100
|-damage|p1a: Skarmory|14/100|[from] Stealth Rock
|turn|25
|
|t:|1727366479
|move|p2a: Scrafty|Drain Punch|p1a: Skarmory
|-damage|p1a: Skarmory|1/100
|-heal|p2a: Scrafty|24/100 brn|[from] drain|[of] p1a: Skarmory
|move|p1a: Skarmory|Roost|p1a: Skarmory
|-heal|p1a: Skarmory|51/100
|-singleturn|p1a: Skarmory|move: Roost
|
|-weather|Sandstorm|[upkeep]
|-damage|p2a: Scrafty|18/100 brn|[from] Sandstorm
|-heal|p1a: Skarmory|57/100|[from] item: Leftovers
|-damage|p2a: Scrafty|6/100 brn|[from] brn
|upkeep
|turn|26
|
|t:|1727366483
|move|p2a: Scrafty|Ice Punch|p1a: Skarmory
|-damage|p1a: Skarmory|48/100
|-status|p1a: Skarmory|frz
|cant|p1a: Skarmory|frz
|
|-weather|Sandstorm|[upkeep]
|-damage|p2a: Scrafty|0 fnt|[from] Sandstorm
|faint|p2a: Scrafty
|-heal|p1a: Skarmory|54/100 frz|[from] item: Leftovers
|upkeep
|
|t:|1727366486
|switch|p2a: Volcarona|Volcarona, M|100/100
|turn|27
|
|t:|1727366491
|move|p2a: Volcarona|Quiver Dance|p2a: Volcarona
|-boost|p2a: Volcarona|spa|1
|-boost|p2a: Volcarona|spd|1
|-boost|p2a: Volcarona|spe|1
|-curestatus|p1a: Skarmory|frz|[msg]
|move|p1a: Skarmory|Whirlwind|p2a: Volcarona
|drag|p2a: Starmie|Starmie|94/100
|
|-weather|Sandstorm|[upkeep]
|-damage|p2a: Starmie|88/100|[from] Sandstorm
|-heal|p1a: Skarmory|60/100|[from] item: Leftovers
|upkeep
|turn|28
|
|t:|1727366502
|switch|p1a: Tyranitar|Tyranitar, F|51/100 par
|-damage|p1a: Tyranitar|39/100 par|[from] Stealth Rock
|move|p2a: Starmie|Thunder Wave|p1a: Tyranitar
|-fail|p1a: Tyranitar|par
|
|-weather|Sandstorm|[upkeep]
|-damage|p2a: Starmie|82/100|[from] Sandstorm
|upkeep
|turn|29
|
|t:|1727366507
|move|p2a: Starmie|Scald|p1a: Tyranitar
|-supereffective|p1a: Tyranitar
|-damage|p1a: Tyranitar|15/100 par
|move|p1a: Tyranitar|Crunch|p2a: Starmie
|-supereffective|p2a: Starmie
|-damage|p2a: Starmie|26/100
|-damage|p1a: Tyranitar|0 fnt|[from] item: Rocky Helmet|[of] p2a: Starmie
|faint|p1a: Tyranitar
|
|-weather|Sandstorm|[upkeep]
|-damage|p2a: Starmie|20/100|[from] Sandstorm
|upkeep
|
|t:|1727366511
|switch|p1a: Clefable|Clefable, M|100/100 par
|turn|30
|
|t:|1727366517
|move|p2a: Starmie|Recover|p2a: Starmie
|-heal|p2a: Starmie|70/100
|move|p1a: Clefable|Thunder Wave|p2a: Starmie
|-status|p2a: Starmie|par
|
|-weather|Sandstorm|[upkeep]
|-damage|p2a: Starmie|63/100 par|[from] Sandstorm
|upkeep
|turn|31
|
|t:|1727366522
|-curestatus|p2a: Starmie|par|[from] ability: Natural Cure
|switch|p2a: Breloom|Breloom, M|100/100
|move|p1a: Clefable|Knock Off|p2a: Breloom
|-resisted|p2a: Breloom
|-damage|p2a: Breloom|99/100
|-enditem|p2a: Breloom|Toxic Orb|[from] move: Knock Off|[of] p1a: Clefable
|
|-weather|Sandstorm|[upkeep]
|-damage|p2a: Breloom|92/100|[from] Sandstorm
|upkeep
|turn|32
|
|t:|1727366529
|switch|p1a: Skarmory|Skarmory, M|60/100
|-damage|p1a: Skarmory|48/100|[from] Stealth Rock
|move|p2a: Breloom|Drain Punch|p1a: Skarmory
|-damage|p1a: Skarmory|22/100
|-heal|p2a: Breloom|100/100|[from] drain|[of] p1a: Skarmory
|
|-weather|Sandstorm|[upkeep]
|-damage|p2a: Breloom|94/100|[from] Sandstorm
|-heal|p1a: Skarmory|28/100|[from] item: Leftovers
|upkeep
|turn|33
|
|t:|1727366533
|move|p1a: Skarmory|Roost|p1a: Skarmory
|-heal|p1a: Skarmory|78/100
|-singleturn|p1a: Skarmory|move: Roost
|move|p2a: Breloom|Drain Punch|p1a: Skarmory
|-supereffective|p1a: Skarmory
|-damage|p1a: Skarmory|26/100
|-heal|p2a: Breloom|100/100|[from] drain|[of] p1a: Skarmory
|
|-weather|Sandstorm|[upkeep]
|-damage|p2a: Breloom|94/100|[from] Sandstorm
|-heal|p1a: Skarmory|32/100|[from] item: Leftovers
|upkeep
|turn|34
|
|t:|1727366539
|move|p1a: Skarmory|Roost|p1a: Skarmory
|-heal|p1a: Skarmory|82/100
|-singleturn|p1a: Skarmory|move: Roost
|move|p2a: Breloom|Swords Dance|p2a: Breloom
|-boost|p2a: Breloom|atk|2
|
|-weather|Sandstorm|[upkeep]
|-damage|p2a: Breloom|88/100|[from] Sandstorm
|-heal|p1a: Skarmory|88/100|[from] item: Leftovers
|upkeep
|turn|35
|
|t:|1727366543
|move|p2a: Breloom|Drain Punch|p1a: Skarmory
|-damage|p1a: Skarmory|36/100
|-heal|p2a: Breloom|100/100|[from] drain|[of] p1a: Skarmory
|move|p1a: Skarmory|Whirlwind|p2a: Breloom
|drag|p2a: Jirachi|Jirachi|100/100
|
|-weather|Sandstorm|[upkeep]
|-heal|p1a: Skarmory|42/100|[from] item: Leftovers
|upkeep
|turn|36
|
|t:|1727366549
|move|p2a: Jirachi|Body Slam|p1a: Skarmory
|-resisted|p1a: Skarmory
|-damage|p1a: Skarmory|36/100
|move|p1a: Skarmory|Stealth Rock|p2a: Jirachi
|-sidestart|p2: LeafStoned|move: Stealth Rock
|
|-weather|Sandstorm|[upkeep]
|-heal|p1a: Skarmory|42/100|[from] item: Leftovers
|upkeep
|turn|37
|
|t:|1727366558
|move|p2a: Jirachi|Body Slam|p1a: Skarmory
|-resisted|p1a: Skarmory
|-damage|p1a: Skarmory|34/100
|-status|p1a: Skarmory|par
|cant|p1a: Skarmory|par
|
|-weather|Sandstorm|[upkeep]
|-heal|p1a: Skarmory|40/100 par|[from] item: Leftovers
|upkeep
|turn|38
|
|t:|1727366562
|move|p2a: Jirachi|U-turn|p1a: Skarmory
|-resisted|p1a: Skarmory
|-damage|p1a: Skarmory|38/100 par
|
|t:|1727366563
|switch|p2a: Starmie|Starmie|63/100|[from] U-turn
|-damage|p2a: Starmie|51/100|[from] Stealth Rock
|move|p1a: Skarmory|Roost|p1a: Skarmory
|-heal|p1a: Skarmory|88/100 par
|-singleturn|p1a: Skarmory|move: Roost
|
|-weather|Sandstorm|[upkeep]
|-damage|p2a: Starmie|45/100|[from] Sandstorm
|-heal|p1a: Skarmory|94/100 par|[from] item: Leftovers
|upkeep
|turn|39
|
|t:|1727366577
|switch|p1a: Clefable|Clefable, M|100/100 par
|move|p2a: Starmie|Rapid Spin|p1a: Clefable
|-damage|p1a: Clefable|97/100 par
|-sideend|p2: LeafStoned|Stealth Rock|[from] move: Rapid Spin|[of] p2a: Starmie
|
|-weather|Sandstorm|[upkeep]
|-damage|p2a: Starmie|39/100|[from] Sandstorm
|-heal|p1a: Clefable|100/100 par|[from] item: Leftovers
|upkeep
|turn|40
|
|t:|1727366583
|move|p2a: Starmie|Recover|p2a: Starmie
|-heal|p2a: Starmie|89/100
|move|p1a: Clefable|Thunder Wave|p2a: Starmie
|-status|p2a: Starmie|par
|
|-weather|Sandstorm|[upkeep]
|-damage|p2a: Starmie|83/100 par|[from] Sandstorm
|upkeep
|turn|41
|
|t:|1727366588
|-curestatus|p2a: Starmie|par|[from] ability: Natural Cure
|switch|p2a: Jirachi|Jirachi|100/100
|move|p1a: Clefable|Body Slam|p2a: Jirachi
|-resisted|p2a: Jirachi
|-damage|p2a: Jirachi|92/100
|-status|p2a: Jirachi|par
|
|-weather|Sandstorm|[upkeep]
|upkeep
|turn|42
|inactive|Battle timer is ON: inactive players will automatically lose when time's up. (requested by LeafStoned)
|
|t:|1727366597
|move|p2a: Jirachi|Iron Head|p1a: Clefable
|-damage|p1a: Clefable|62/100 par
|cant|p1a: Clefable|flinch
|
|-weather|Sandstorm|[upkeep]
|-heal|p1a: Clefable|68/100 par|[from] item: Leftovers
|upkeep
|turn|43
|
|t:|1727366602
|switch|p2a: Breloom|Breloom, M|100/100
|cant|p1a: Clefable|par
|
|-weather|Sandstorm|[upkeep]
|-damage|p2a: Breloom|94/100|[from] Sandstorm
|-heal|p1a: Clefable|74/100 par|[from] item: Leftovers
|upkeep
|turn|44
|
|t:|1727366609
|switch|p1a: Latios|Latios, M|100/100
|-damage|p1a: Latios|88/100|[from] Stealth Rock
|move|p2a: Breloom|Drain Punch|p1a: Latios
|-resisted|p1a: Latios
|-damage|p1a: Latios|61/100
|-heal|p2a: Breloom|100/100|[from] drain|[of] p1a: Latios
|
|-weather|Sandstorm|[upkeep]
|-damage|p1a: Latios|55/100|[from] Sandstorm
|-damage|p2a: Breloom|94/100|[from] Sandstorm
|upkeep
|turn|45
|l|☆LeafStoned
|inactive|LeafStoned disconnected and has a minute to reconnect!
|player|p2|
|inactive|LeafStoned has 30 seconds to reconnect!
|inactive|LeafStoned has 20 seconds to reconnect!
|inactive|LeafStoned has 15 seconds to reconnect!
|inactive|LeafStoned has 10 seconds to reconnect!
|j| CrowsAminos
|inactive|LeafStoned has 5 seconds to reconnect!
|-message|LeafStoned lost due to inactivity.
|
|win|Croaset
|raw|Croaset's rating: 1317 &rarr; <strong>1344</strong><br />(+27 for winning)
|raw|LeafStoned's rating: 1440 &rarr; <strong>1413</strong><br />(-27 for losing)
