|j|☆Zatopia
|j|☆porrompompom
|player|p1|Zatopia|30
|player|p2|porrompompom|10
|teamsize|p1|6
|teamsize|p2|6
|gametype|singles
|gen|5
|tier|[Gen 5] OU
|rated|
|rule|Sleep Clause Mod: Limit one foe put to sleep
|rule|Species Clause: Limit one of each Pokémon
|rule|OHKO Clause: OHKO moves are banned
|rule|Moody Clause: Moody is banned
|rule|Evasion Moves Clause: Evasion moves are banned
|rule|Endless Battle Clause: Forcing endless battles is banned
|rule|HP Percentage Mod: HP is shown in percentages
|rule|Evasion Abilities Clause: Evasion abilities are banned
|rule|Baton Pass Clause: Limit one Baton Passer, can't pass Spe and other stats simultaneously
|rule|Swagger Clause: Swagger is banned
|clearpoke
|poke|p1|Magnezone|item
|poke|p1|Latios, M|item
|poke|p1|Landorus-Therian, M|item
|poke|p1|Excadrill, M|item
|poke|p1|Tyranitar, M|item
|poke|p1|Rotom-Wash|item
|poke|p2|Abomasnow, F|item
|poke|p2|Starmie|item
|poke|p2|Heatran, F|item
|poke|p2|Kyurem|item
|poke|p2|Landorus-Therian, M|item
|poke|p2|Reuniclus, F|item
|teampreview
|inactive|Battle timer is ON: inactive players will automatically lose when time's up. (requested by porrompompom)
|
|start
|switch|p1a: Tyranitar|Tyranitar, M|100/100
|switch|p2a: Reuniclus|Reuniclus, F|100/100
|-weather|Sandstorm|[from] ability: Sand Stream|[of] p1a: Tyranitar
|turn|1
|
|move|p1a: Tyranitar|Stealth Rock|p2a: Reuniclus
|-sidestart|p2: porrompompom|move: Stealth Rock
|move|p2a: Reuniclus|Trick|p1a: Tyranitar
|-activate|p2a: Reuniclus|move: Trick|[of] p1a: Tyranitar
|-item|p1a: Tyranitar|Flame Orb|[from] move: Trick
|-item|p2a: Reuniclus|Leftovers|[from] move: Trick
|
|-weather|Sandstorm|[upkeep]
|-status|p1a: Tyranitar|brn|[from] item: Flame Orb
|upkeep
|turn|2
|j| Avtomat
|
|move|p1a: Tyranitar|Crunch|p2a: Reuniclus
|-supereffective|p2a: Reuniclus
|-damage|p2a: Reuniclus|68/100
|move|p2a: Reuniclus|Calm Mind|p2a: Reuniclus
|-boost|p2a: Reuniclus|spa|1
|-boost|p2a: Reuniclus|spd|1
|
|-weather|Sandstorm|[upkeep]
|-heal|p2a: Reuniclus|74/100|[from] item: Leftovers
|-damage|p1a: Tyranitar|88/100 brn|[from] brn
|upkeep
|turn|3
|l| Avtomat
|
|move|p1a: Tyranitar|Crunch|p2a: Reuniclus
|-supereffective|p2a: Reuniclus
|-damage|p2a: Reuniclus|41/100
|move|p2a: Reuniclus|Recover|p2a: Reuniclus
|-heal|p2a: Reuniclus|91/100
|
|-weather|Sandstorm|[upkeep]
|-heal|p2a: Reuniclus|97/100|[from] item: Leftovers
|-damage|p1a: Tyranitar|76/100 brn|[from] brn
|upkeep
|turn|4
|
|switch|p1a: Excadrill|Excadrill, M|100/100
|move|p2a: Reuniclus|Calm Mind|p2a: Reuniclus
|-boost|p2a: Reuniclus|spa|1
|-boost|p2a: Reuniclus|spd|1
|
|-weather|Sandstorm|[upkeep]
|-heal|p2a: Reuniclus|100/100|[from] item: Leftovers
|upkeep
|turn|5
|
|move|p1a: Excadrill|Earthquake|p2a: Reuniclus
|-damage|p2a: Reuniclus|43/100
|move|p2a: Reuniclus|Psyshock|p1a: Excadrill
|-resisted|p1a: Excadrill
|-damage|p1a: Excadrill|61/100
|
|-weather|Sandstorm|[upkeep]
|-heal|p1a: Excadrill|67/100|[from] item: Leftovers
|-heal|p2a: Reuniclus|49/100|[from] item: Leftovers
|upkeep
|turn|6
|
|switch|p2a: Landorus|Landorus-Therian, M|100/100
|-damage|p2a: Landorus|88/100|[from] Stealth Rock
|-ability|p2a: Landorus|Intimidate|boost
|-unboost|p1a: Excadrill|atk|1
|move|p1a: Excadrill|Earthquake|p2a: Landorus
|-immune|p2a: Landorus
|
|-weather|Sandstorm|[upkeep]
|-heal|p1a: Excadrill|73/100|[from] item: Leftovers
|upkeep
|turn|7
|
|switch|p1a: Tyranitar|Tyranitar, M|76/100 brn
|move|p2a: Landorus|U-turn|p1a: Tyranitar
|-supereffective|p1a: Tyranitar
|-damage|p1a: Tyranitar|37/100 brn
|
|switch|p2a: Reuniclus|Reuniclus, F|49/100
|
|-weather|Sandstorm|[upkeep]
|-heal|p2a: Reuniclus|55/100|[from] item: Leftovers
|-damage|p1a: Tyranitar|25/100 brn|[from] brn
|upkeep
|turn|8
|
|move|p1a: Tyranitar|Crunch|p2a: Reuniclus
|-supereffective|p2a: Reuniclus
|-damage|p2a: Reuniclus|23/100
|-unboost|p2a: Reuniclus|def|1
|move|p2a: Reuniclus|Recover|p2a: Reuniclus
|-heal|p2a: Reuniclus|73/100
|
|-weather|Sandstorm|[upkeep]
|-heal|p2a: Reuniclus|79/100|[from] item: Leftovers
|-damage|p1a: Tyranitar|12/100 brn|[from] brn
|upkeep
|turn|9
|
|switch|p1a: Excadrill|Excadrill, M|73/100
|move|p2a: Reuniclus|Recover|p2a: Reuniclus
|-heal|p2a: Reuniclus|100/100
|
|-weather|Sandstorm|[upkeep]
|-heal|p1a: Excadrill|79/100|[from] item: Leftovers
|upkeep
|turn|10
|
|switch|p2a: Heatran|Heatran, F|100/100
|-damage|p2a: Heatran|88/100|[from] Stealth Rock
|move|p1a: Excadrill|Swords Dance|p1a: Excadrill
|-boost|p1a: Excadrill|atk|2
|
|-weather|Sandstorm|[upkeep]
|-heal|p2a: Heatran|94/100|[from] item: Leftovers
|-heal|p1a: Excadrill|85/100|[from] item: Leftovers
|upkeep
|turn|11
|
|switch|p2a: Landorus|Landorus-Therian, M|88/100
|-damage|p2a: Landorus|76/100|[from] Stealth Rock
|-ability|p2a: Landorus|Intimidate|boost
|-unboost|p1a: Excadrill|atk|1
|move|p1a: Excadrill|Earthquake|p2a: Landorus
|-immune|p2a: Landorus
|
|-weather|Sandstorm|[upkeep]
|-heal|p1a: Excadrill|92/100|[from] item: Leftovers
|upkeep
|turn|12
|
|move|p2a: Landorus|U-turn|p1a: Excadrill
|-resisted|p1a: Excadrill
|-damage|p1a: Excadrill|77/100
|
|switch|p2a: Abomasnow|Abomasnow, F|100/100
|-damage|p2a: Abomasnow|75/100|[from] Stealth Rock
|-weather|Hail|[from] ability: Snow Warning|[of] p2a: Abomasnow
|move|p1a: Excadrill|Iron Head|p2a: Abomasnow
|-supereffective|p2a: Abomasnow
|-damage|p2a: Abomasnow|0 fnt
|faint|p2a: Abomasnow
|
|-weather|Hail|[upkeep]
|-damage|p1a: Excadrill|71/100|[from] Hail
|-heal|p1a: Excadrill|77/100|[from] item: Leftovers
|upkeep
|
|switch|p2a: Kyurem|Kyurem|100/100
|-damage|p2a: Kyurem|76/100|[from] Stealth Rock
|-ability|p2a: Kyurem|Pressure
|turn|13
|
|move|p2a: Kyurem|Blizzard|p1a: Excadrill
|-damage|p1a: Excadrill|0 fnt
|faint|p1a: Excadrill
|
|-weather|Hail|[upkeep]
|upkeep
|
|switch|p1a: Landorus|Landorus-Therian, M|100/100
|-ability|p1a: Landorus|Intimidate|boost
|-unboost|p2a: Kyurem|atk|1
|turn|14
|
|move|p1a: Landorus|Superpower|p2a: Kyurem
|-supereffective|p2a: Kyurem
|-damage|p2a: Kyurem|0 fnt
|-unboost|p1a: Landorus|atk|1
|-unboost|p1a: Landorus|def|1
|faint|p2a: Kyurem
|
|-weather|Hail|[upkeep]
|-damage|p1a: Landorus|95/100|[from] Hail
|upkeep
|
|switch|p2a: Starmie|Starmie|100/100
|-damage|p2a: Starmie|88/100|[from] Stealth Rock
|turn|15
|
|switch|p1a: Tyranitar|Tyranitar, M|12/100 brn
|-weather|Sandstorm|[from] ability: Sand Stream|[of] p1a: Tyranitar
|move|p2a: Starmie|Rapid Spin|p1a: Tyranitar
|-resisted|p1a: Tyranitar
|-damage|p1a: Tyranitar|11/100 brn
|-sideend|p2: porrompompom|Stealth Rock|[from] move: Rapid Spin|[of] p2a: Starmie
|
|-weather|Sandstorm|[upkeep]
|-damage|p2a: Starmie|82/100|[from] Sandstorm
|-heal|p2a: Starmie|88/100|[from] item: Leftovers
|-damage|p1a: Tyranitar|0 fnt|[from] brn
|faint|p1a: Tyranitar
|upkeep
|
|switch|p1a: Magnezone|Magnezone, shiny|100/100
|turn|16
|
|move|p2a: Starmie|Thunder Wave|p1a: Magnezone
|-status|p1a: Magnezone|par
|move|p1a: Magnezone|Substitute|p1a: Magnezone
|-start|p1a: Magnezone|Substitute
|-damage|p1a: Magnezone|76/100 par
|
|-weather|Sandstorm|[upkeep]
|-damage|p2a: Starmie|82/100|[from] Sandstorm
|-heal|p2a: Starmie|88/100|[from] item: Leftovers
|-heal|p1a: Magnezone|82/100 par|[from] item: Leftovers
|upkeep
|turn|17
|
|switch|p2a: Landorus|Landorus-Therian, M|76/100
|-ability|p2a: Landorus|Intimidate|boost
|-immune|p1a: Magnezone
|move|p1a: Magnezone|Charge Beam|p2a: Landorus
|-immune|p2a: Landorus
|
|-weather|Sandstorm|[upkeep]
|-heal|p1a: Magnezone|88/100 par|[from] item: Leftovers
|upkeep
|turn|18
|
|move|p2a: Landorus|Earthquake|p1a: Magnezone
|-supereffective|p1a: Magnezone
|-end|p1a: Magnezone|Substitute
|move|p1a: Magnezone|Hidden Power|p2a: Landorus
|-supereffective|p2a: Landorus
|-damage|p2a: Landorus|0 fnt
|faint|p2a: Landorus
|
|-weather|Sandstorm|[upkeep]
|-heal|p1a: Magnezone|94/100 par|[from] item: Leftovers
|upkeep
|
|switch|p2a: Heatran|Heatran, F|94/100
|turn|19
|
|switch|p1a: Rotom|Rotom-Wash|100/100
|move|p2a: Heatran|Stealth Rock|p1a: Rotom
|-sidestart|p1: Zatopia|move: Stealth Rock
|
|-weather|Sandstorm|[upkeep]
|-damage|p1a: Rotom|94/100|[from] Sandstorm
|-heal|p1a: Rotom|100/100|[from] item: Leftovers
|-heal|p2a: Heatran|100/100|[from] item: Leftovers
|upkeep
|turn|20
|
|switch|p2a: Reuniclus|Reuniclus, F|100/100
|move|p1a: Rotom|Hydro Pump|p2a: Reuniclus
|-damage|p2a: Reuniclus|59/100
|
|-weather|Sandstorm|[upkeep]
|-damage|p1a: Rotom|94/100|[from] Sandstorm
|-heal|p1a: Rotom|100/100|[from] item: Leftovers
|-heal|p2a: Reuniclus|65/100|[from] item: Leftovers
|upkeep
|turn|21
|
|move|p1a: Rotom|Volt Switch|p2a: Reuniclus
|-damage|p2a: Reuniclus|37/100
|
|switch|p1a: Magnezone|Magnezone, shiny|94/100 par
|-damage|p1a: Magnezone|88/100 par|[from] Stealth Rock
|move|p2a: Reuniclus|Recover|p2a: Reuniclus
|-heal|p2a: Reuniclus|87/100
|
|-weather|Sandstorm|[upkeep]
|-heal|p2a: Reuniclus|93/100|[from] item: Leftovers
|-heal|p1a: Magnezone|94/100 par|[from] item: Leftovers
|upkeep
|turn|22
|
|move|p2a: Reuniclus|Calm Mind|p2a: Reuniclus
|-boost|p2a: Reuniclus|spa|1
|-boost|p2a: Reuniclus|spd|1
|move|p1a: Magnezone|Substitute|p1a: Magnezone
|-start|p1a: Magnezone|Substitute
|-damage|p1a: Magnezone|69/100 par
|
|-weather|Sandstorm|[upkeep]
|-heal|p2a: Reuniclus|99/100|[from] item: Leftovers
|-heal|p1a: Magnezone|75/100 par|[from] item: Leftovers
|upkeep
|turn|23
|
|move|p2a: Reuniclus|Calm Mind|p2a: Reuniclus
|-boost|p2a: Reuniclus|spa|1
|-boost|p2a: Reuniclus|spd|1
|move|p1a: Magnezone|Charge Beam|p2a: Reuniclus
|-damage|p2a: Reuniclus|86/100
|
|-weather|Sandstorm|[upkeep]
|-heal|p2a: Reuniclus|92/100|[from] item: Leftovers
|-heal|p1a: Magnezone|82/100 par|[from] item: Leftovers
|upkeep
|turn|24
|
|move|p2a: Reuniclus|Psyshock|p1a: Magnezone
|-resisted|p1a: Magnezone
|-crit|p1a: Magnezone
|-end|p1a: Magnezone|Substitute
|cant|p1a: Magnezone|par
|
|-weather|Sandstorm|[upkeep]
|-heal|p2a: Reuniclus|98/100|[from] item: Leftovers
|-heal|p1a: Magnezone|88/100 par|[from] item: Leftovers
|upkeep
|turn|25
|
|move|p2a: Reuniclus|Calm Mind|p2a: Reuniclus
|-boost|p2a: Reuniclus|spa|1
|-boost|p2a: Reuniclus|spd|1
|move|p1a: Magnezone|Charge Beam|p2a: Reuniclus
|-damage|p2a: Reuniclus|87/100
|-boost|p1a: Magnezone|spa|1
|
|-weather|Sandstorm|[upkeep]
|-heal|p2a: Reuniclus|93/100|[from] item: Leftovers
|-heal|p1a: Magnezone|94/100 par|[from] item: Leftovers
|upkeep
|turn|26
|
|move|p2a: Reuniclus|Psyshock|p1a: Magnezone
|-resisted|p1a: Magnezone
|-damage|p1a: Magnezone|68/100 par
|move|p1a: Magnezone|Charge Beam|p2a: Reuniclus
|-damage|p2a: Reuniclus|76/100
|-boost|p1a: Magnezone|spa|1
|
|-weather|Sandstorm|[upkeep]
|-heal|p2a: Reuniclus|82/100|[from] item: Leftovers
|-heal|p1a: Magnezone|75/100 par|[from] item: Leftovers
|upkeep
|turn|27
|
|move|p2a: Reuniclus|Calm Mind|p2a: Reuniclus
|-boost|p2a: Reuniclus|spa|1
|-boost|p2a: Reuniclus|spd|1
|move|p1a: Magnezone|Flash Cannon|p2a: Reuniclus
|-damage|p2a: Reuniclus|52/100
|
|-weather|Sandstorm|[upkeep]
|-heal|p2a: Reuniclus|58/100|[from] item: Leftovers
|-heal|p1a: Magnezone|81/100 par|[from] item: Leftovers
|upkeep
|turn|28
|
|move|p2a: Reuniclus|Psyshock|p1a: Magnezone
|-resisted|p1a: Magnezone
|-crit|p1a: Magnezone
|-damage|p1a: Magnezone|19/100 par
|move|p1a: Magnezone|Charge Beam|p2a: Reuniclus
|-damage|p2a: Reuniclus|41/100
|-boost|p1a: Magnezone|spa|1
|
|-weather|Sandstorm|[upkeep]
|-heal|p2a: Reuniclus|47/100|[from] item: Leftovers
|-heal|p1a: Magnezone|26/100 par|[from] item: Leftovers
|upkeep
|turn|29
|
|move|p2a: Reuniclus|Recover|p2a: Reuniclus
|-heal|p2a: Reuniclus|97/100
|move|p1a: Magnezone|Flash Cannon|p2a: Reuniclus
|-damage|p2a: Reuniclus|61/100
|
|-weather|Sandstorm|[upkeep]
|-heal|p2a: Reuniclus|67/100|[from] item: Leftovers
|-heal|p1a: Magnezone|32/100 par|[from] item: Leftovers
|upkeep
|turn|30
|
|move|p2a: Reuniclus|Psyshock|p1a: Magnezone
|-resisted|p1a: Magnezone
|-damage|p1a: Magnezone|0 fnt
|faint|p1a: Magnezone
|
|-weather|Sandstorm|[upkeep]
|-heal|p2a: Reuniclus|74/100|[from] item: Leftovers
|upkeep
|
|switch|p1a: Landorus|Landorus-Therian, M|95/100
|-damage|p1a: Landorus|82/100|[from] Stealth Rock
|-ability|p1a: Landorus|Intimidate|boost
|-unboost|p2a: Reuniclus|atk|1
|turn|31
|
|move|p1a: Landorus|U-turn|p2a: Reuniclus
|-supereffective|p2a: Reuniclus
|-crit|p2a: Reuniclus
|-damage|p2a: Reuniclus|0 fnt
|faint|p2a: Reuniclus
|
|switch|p1a: Rotom|Rotom-Wash|100/100
|-damage|p1a: Rotom|88/100|[from] Stealth Rock
|
|-weather|Sandstorm|[upkeep]
|-damage|p1a: Rotom|82/100|[from] Sandstorm
|-heal|p1a: Rotom|88/100|[from] item: Leftovers
|upkeep
|c|☆porrompompom|unexpected
|
|switch|p2a: Heatran|Heatran, F|100/100
|turn|32
|
|move|p1a: Rotom|Hydro Pump|p2a: Heatran
|-supereffective|p2a: Heatran
|-damage|p2a: Heatran|22/100
|move|p2a: Heatran|Lava Plume|p1a: Rotom
|-resisted|p1a: Rotom
|-damage|p1a: Rotom|68/100
|
|-weather|Sandstorm|[upkeep]
|-damage|p1a: Rotom|62/100|[from] Sandstorm
|-heal|p1a: Rotom|68/100|[from] item: Leftovers
|-heal|p2a: Heatran|28/100|[from] item: Leftovers
|upkeep
|turn|33
|
|move|p1a: Rotom|Hydro Pump|p2a: Heatran
|-supereffective|p2a: Heatran
|-damage|p2a: Heatran|0 fnt
|faint|p2a: Heatran
|
|-weather|Sandstorm|[upkeep]
|-damage|p1a: Rotom|62/100|[from] Sandstorm
|-heal|p1a: Rotom|68/100|[from] item: Leftovers
|upkeep
|
|switch|p2a: Starmie|Starmie|88/100
|turn|34
|
|move|p2a: Starmie|Thunder Wave|p1a: Rotom
|-status|p1a: Rotom|par
|cant|p1a: Rotom|par
|
|-weather|Sandstorm|[upkeep]
|-damage|p2a: Starmie|82/100|[from] Sandstorm
|-damage|p1a: Rotom|62/100 par|[from] Sandstorm
|-heal|p2a: Starmie|88/100|[from] item: Leftovers
|-heal|p1a: Rotom|68/100 par|[from] item: Leftovers
|upkeep
|turn|35
|
|move|p2a: Starmie|Scald|p1a: Rotom
|-resisted|p1a: Rotom
|-damage|p1a: Rotom|54/100 par
|move|p1a: Rotom|Will-O-Wisp|p2a: Starmie
|-status|p2a: Starmie|brn
|
|-weather|Sandstorm|[upkeep]
|-damage|p2a: Starmie|82/100 brn|[from] Sandstorm
|-damage|p1a: Rotom|48/100 par|[from] Sandstorm
|-heal|p2a: Starmie|88/100 brn|[from] item: Leftovers
|-heal|p1a: Rotom|54/100 par|[from] item: Leftovers
|-damage|p2a: Starmie|76/100 brn|[from] brn
|upkeep
|turn|36
|
|move|p2a: Starmie|Scald|p1a: Rotom
|-resisted|p1a: Rotom
|-damage|p1a: Rotom|40/100 par
|move|p1a: Rotom|Hydro Pump|p2a: Starmie
|-resisted|p2a: Starmie
|-damage|p2a: Starmie|44/100 brn
|
|-weather|Sandstorm|[upkeep]
|-damage|p2a: Starmie|38/100 brn|[from] Sandstorm
|-damage|p1a: Rotom|34/100 par|[from] Sandstorm
|-heal|p2a: Starmie|44/100 brn|[from] item: Leftovers
|-heal|p1a: Rotom|40/100 par|[from] item: Leftovers
|-damage|p2a: Starmie|32/100 brn|[from] brn
|upkeep
|turn|37
|
|move|p2a: Starmie|Recover|p2a: Starmie
|-heal|p2a: Starmie|82/100 brn
|move|p1a: Rotom|Volt Switch|p2a: Starmie
|-supereffective|p2a: Starmie
|-damage|p2a: Starmie|9/100 brn
|
|switch|p1a: Landorus|Landorus-Therian, M|82/100
|-damage|p1a: Landorus|70/100|[from] Stealth Rock
|-ability|p1a: Landorus|Intimidate|boost
|-unboost|p2a: Starmie|atk|1
|
|-weather|Sandstorm|[upkeep]
|-damage|p2a: Starmie|3/100 brn|[from] Sandstorm
|-heal|p2a: Starmie|9/100 brn|[from] item: Leftovers
|-damage|p2a: Starmie|0 fnt|[from] brn
|faint|p2a: Starmie
|
|win|Zatopia
|upkeep
|raw|Zatopia's rating: 1251 &rarr; <strong>1292</strong><br />(+41 for winning)
|raw|porrompompom's rating: 1519 &rarr; <strong>1486</strong><br />(-33 for losing)
