|j|☆HydreigonSpammer
|j|☆Seanb143
|t:|1736566570
|gametype|singles
|player|p1|HydreigonSpammer|iris|1448
|player|p2|Seanb143|emmet|1458
|teamsize|p1|6
|teamsize|p2|6
|gen|5
|tier|[Gen 5] OU
|rated|
|rule|Species Clause: Limit one of each Pokémon
|rule|OHKO Clause: OHKO moves are banned
|rule|Moody Clause: Moody is banned
|rule|Evasion Items Clause: Evasion items are banned
|rule|Evasion Moves Clause: Evasion moves are banned
|rule|Endless Battle Clause: Forcing endless battles is banned
|rule|HP Percentage Mod: HP is shown in percentages
|rule|Evasion Abilities Clause: Evasion abilities are banned
|rule|Sleep Moves Clause: Sleep-inducing moves are banned
|rule|Swagger Clause: Swagger is banned
|rule|Baton Pass Stat Clause: No Baton Passer may have a way to boost its stats
|clearpoke
|poke|p1|Tyranitar, M|item
|poke|p1|Landorus-Therian, M|item
|poke|p1|Garchomp, M|item
|poke|p1|Latios, M|item
|poke|p1|Jirachi|item
|poke|p1|Hydreigon, F|item
|poke|p2|Jellicent, M|item
|poke|p2|Scizor, M|item
|poke|p2|Starmie|item
|poke|p2|Heatran, M|item
|poke|p2|Ninetales, M|item
|poke|p2|Landorus-Therian, M|item
|teampreview
|inactive|Battle timer is ON: inactive players will automatically lose when time's up. (requested by Seanb143)
|
|t:|1736566589
|start
|switch|p1a: Landorus|Landorus-Therian, M|100/100
|switch|p2a: Landorus|Landorus-Therian, M, shiny|100/100
|-ability|p1a: Landorus|Intimidate|boost
|-unboost|p2a: Landorus|atk|1
|-ability|p2a: Landorus|Intimidate|boost
|-unboost|p1a: Landorus|atk|1
|turn|1
|
|t:|1736566601
|switch|p2a: Jellicent|Jellicent, M, shiny|100/100
|move|p1a: Landorus|Hidden Power|p2a: Jellicent
|-resisted|p2a: Jellicent
|-damage|p2a: Jellicent|95/100
|
|-heal|p2a: Jellicent|100/100|[from] item: Leftovers
|upkeep
|turn|2
|
|t:|1736566606
|switch|p1a: Jirachi|Jirachi|100/100
|move|p2a: Jellicent|Will-O-Wisp|p1a: Jirachi|[miss]
|-miss|p2a: Jellicent|p1a: Jirachi
|
|upkeep
|turn|3
|
|t:|1736566611
|move|p1a: Jirachi|Stealth Rock|p2a: Jellicent
|-sidestart|p2: Seanb143|move: Stealth Rock
|move|p2a: Jellicent|Will-O-Wisp|p1a: Jirachi
|-status|p1a: Jirachi|brn
|
|-damage|p1a: Jirachi|88/100 brn|[from] brn
|upkeep
|turn|4
|
|t:|1736566615
|move|p1a: Jirachi|U-turn|p2a: Jellicent
|-resisted|p2a: Jellicent
|-damage|p2a: Jellicent|96/100
|
|t:|1736566626
|switch|p1a: Latios|Latios, M|100/100|[from] U-turn
|move|p2a: Jellicent|Will-O-Wisp|p1a: Latios
|-status|p1a: Latios|brn
|
|-heal|p2a: Jellicent|100/100|[from] item: Leftovers
|-damage|p1a: Latios|88/100 brn|[from] brn
|upkeep
|turn|5
|l|☆HydreigonSpammer
|inactive|HydreigonSpammer disconnected and has a minute to reconnect!
|player|p1|
|inactive|HydreigonSpammer has 30 seconds to reconnect!
|inactive|HydreigonSpammer has 20 seconds to reconnect!
|inactive|HydreigonSpammer has 15 seconds to reconnect!
|inactive|HydreigonSpammer has 10 seconds to reconnect!
|inactive|HydreigonSpammer has 5 seconds to reconnect!
|j|☆HydreigonSpammer
|inactive|HydreigonSpammer reconnected and has 95 seconds left.
|player|p1|HydreigonSpammer|iris|
|inactive|HydreigonSpammer has 90 seconds left.
|
|t:|1736566687
|switch|p2a: Heatran|Heatran, M, shiny|100/100
|-damage|p2a: Heatran|88/100|[from] Stealth Rock
|move|p1a: Latios|Draco Meteor|p2a: Heatran
|-resisted|p2a: Heatran
|-damage|p2a: Heatran|54/100
|-unboost|p1a: Latios|spa|2
|
|-heal|p2a: Heatran|60/100|[from] item: Leftovers
|-damage|p1a: Latios|76/100 brn|[from] brn
|upkeep
|turn|6
|inactive|HydreigonSpammer has 90 seconds left.
|
|t:|1736566699
|switch|p1a: Hydreigon|Hydreigon, F, shiny|100/100
|move|p2a: Heatran|Stealth Rock|p1a: Hydreigon
|-sidestart|p1: HydreigonSpammer|move: Stealth Rock
|
|-heal|p2a: Heatran|66/100|[from] item: Leftovers
|upkeep
|turn|7
|
|t:|1736566704
|move|p2a: Heatran|Protect|p2a: Heatran
|-singleturn|p2a: Heatran|Protect
|move|p1a: Hydreigon|Substitute|p1a: Hydreigon
|-start|p1a: Hydreigon|Substitute
|-damage|p1a: Hydreigon|76/100
|
|-heal|p1a: Hydreigon|82/100|[from] item: Leftovers
|-heal|p2a: Heatran|72/100|[from] item: Leftovers
|upkeep
|turn|8
|
|t:|1736566712
|move|p1a: Hydreigon|Earth Power|p2a: Heatran
|-supereffective|p2a: Heatran
|-damage|p2a: Heatran|0 fnt
|faint|p2a: Heatran
|
|-heal|p1a: Hydreigon|88/100|[from] item: Leftovers
|upkeep
|
|t:|1736566716
|switch|p2a: Scizor|Scizor, M, shiny|100/100
|-damage|p2a: Scizor|88/100|[from] Stealth Rock
|turn|9
|
|t:|1736566719
|move|p2a: Scizor|U-turn|p1a: Hydreigon
|-supereffective|p1a: Hydreigon
|-end|p1a: Hydreigon|Substitute
|
|t:|1736566730
|switch|p2a: Starmie|Starmie, shiny|100/100|[from] U-turn
|-damage|p2a: Starmie|88/100|[from] Stealth Rock
|-item|p2a: Starmie|Air Balloon
|move|p1a: Hydreigon|Fire Blast|p2a: Starmie|[miss]
|-miss|p1a: Hydreigon|p2a: Starmie
|
|-heal|p1a: Hydreigon|94/100|[from] item: Leftovers
|upkeep
|turn|10
|
|t:|1736566734
|switch|p2a: Scizor|Scizor, M, shiny|88/100
|-damage|p2a: Scizor|76/100|[from] Stealth Rock
|move|p1a: Hydreigon|Dark Pulse|p2a: Scizor
|-resisted|p2a: Scizor
|-damage|p2a: Scizor|46/100
|
|-heal|p1a: Hydreigon|99/100|[from] item: Leftovers
|upkeep
|turn|11
|
|t:|1736566744
|switch|p1a: Landorus|Landorus-Therian, M|100/100
|-damage|p1a: Landorus|88/100|[from] Stealth Rock
|-ability|p1a: Landorus|Intimidate|boost
|-unboost|p2a: Scizor|atk|1
|move|p2a: Scizor|U-turn|p1a: Landorus
|-resisted|p1a: Landorus
|-damage|p1a: Landorus|75/100
|
|t:|1736566752
|switch|p2a: Jellicent|Jellicent, M, shiny|100/100|[from] U-turn
|-damage|p2a: Jellicent|88/100|[from] Stealth Rock
|
|-heal|p2a: Jellicent|94/100|[from] item: Leftovers
|upkeep
|turn|12
|
|t:|1736566757
|move|p1a: Landorus|U-turn|p2a: Jellicent
|-resisted|p2a: Jellicent
|-damage|p2a: Jellicent|79/100
|
|t:|1736566761
|switch|p1a: Latios|Latios, M|76/100 brn|[from] U-turn
|-damage|p1a: Latios|64/100 brn|[from] Stealth Rock
|move|p2a: Jellicent|Will-O-Wisp|p1a: Latios
|-fail|p1a: Latios|brn
|
|-heal|p2a: Jellicent|85/100|[from] item: Leftovers
|-damage|p1a: Latios|51/100 brn|[from] brn
|upkeep
|turn|13
|
|t:|1736566771
|move|p1a: Latios|Trick|p2a: Jellicent
|-activate|p1a: Latios|move: Trick|[of] p2a: Jellicent
|-item|p2a: Jellicent|Choice Specs|[from] move: Trick
|-item|p1a: Latios|Leftovers|[from] move: Trick
|move|p2a: Jellicent|Recover|p2a: Jellicent
|-heal|p2a: Jellicent|100/100
|
|-heal|p1a: Latios|57/100 brn|[from] item: Leftovers
|-damage|p1a: Latios|45/100 brn|[from] brn
|upkeep
|turn|14
|
|t:|1736566785
|switch|p2a: Ninetales|Ninetales, M, shiny|100/100
|-damage|p2a: Ninetales|76/100|[from] Stealth Rock
|-weather|SunnyDay|[from] ability: Drought|[of] p2a: Ninetales
|move|p1a: Latios|Psyshock|p2a: Ninetales
|-crit|p2a: Ninetales
|-damage|p2a: Ninetales|0 fnt
|faint|p2a: Ninetales
|
|-weather|SunnyDay|[upkeep]
|-heal|p1a: Latios|51/100 brn|[from] item: Leftovers
|-damage|p1a: Latios|39/100 brn|[from] brn
|upkeep
|
|t:|1736566790
|switch|p2a: Starmie|Starmie, shiny|88/100
|-damage|p2a: Starmie|76/100|[from] Stealth Rock
|-item|p2a: Starmie|Air Balloon
|turn|15
|
|t:|1736566809
|switch|p1a: Jirachi|Jirachi|88/100 brn
|-damage|p1a: Jirachi|82/100 brn|[from] Stealth Rock
|move|p2a: Starmie|Rapid Spin|p1a: Jirachi
|-resisted|p1a: Jirachi
|-damage|p1a: Jirachi|80/100 brn
|-sideend|p2: Seanb143|Stealth Rock|[from] move: Rapid Spin|[of] p2a: Starmie
|
|-weather|SunnyDay|[upkeep]
|-heal|p1a: Jirachi|87/100 brn|[from] item: Leftovers
|-damage|p1a: Jirachi|74/100 brn|[from] brn
|upkeep
|turn|16
|
|t:|1736566814
|switch|p2a: Landorus|Landorus-Therian, M, shiny|100/100
|-ability|p2a: Landorus|Intimidate|boost
|-unboost|p1a: Jirachi|atk|1
|move|p1a: Jirachi|U-turn|p2a: Landorus
|-resisted|p2a: Landorus
|-damage|p2a: Landorus|98/100
|inactive|HydreigonSpammer has 120 seconds left.
|
|t:|1736566844
|switch|p1a: Tyranitar|Tyranitar, M|100/100|[from] U-turn
|-damage|p1a: Tyranitar|88/100|[from] Stealth Rock
|-weather|Sandstorm|[from] ability: Sand Stream|[of] p1a: Tyranitar
|
|-weather|Sandstorm|[upkeep]
|upkeep
|turn|17
|inactive|HydreigonSpammer has 120 seconds left.
|
|t:|1736566857
|switch|p1a: Landorus|Landorus-Therian, M|75/100
|-damage|p1a: Landorus|63/100|[from] Stealth Rock
|-ability|p1a: Landorus|Intimidate|boost
|-unboost|p2a: Landorus|atk|1
|move|p2a: Landorus|U-turn|p1a: Landorus
|-resisted|p1a: Landorus
|-damage|p1a: Landorus|47/100
|
|t:|1736566867
|switch|p2a: Jellicent|Jellicent, M, shiny|100/100|[from] U-turn
|
|-weather|Sandstorm|[upkeep]
|-damage|p2a: Jellicent|94/100|[from] Sandstorm
|upkeep
|turn|18
|
|t:|1736566874
|switch|p2a: Landorus|Landorus-Therian, M, shiny|98/100
|-ability|p2a: Landorus|Intimidate|boost
|-unboost|p1a: Landorus|atk|1
|move|p1a: Landorus|U-turn|p2a: Landorus
|-resisted|p2a: Landorus
|-damage|p2a: Landorus|88/100
|inactive|HydreigonSpammer has 120 seconds left.
|
|t:|1736566911
|switch|p1a: Latios|Latios, M|39/100 brn|[from] U-turn
|-damage|p1a: Latios|27/100 brn|[from] Stealth Rock
|
|-weather|Sandstorm|[upkeep]
|-damage|p1a: Latios|21/100 brn|[from] Sandstorm
|-heal|p1a: Latios|27/100 brn|[from] item: Leftovers
|-damage|p1a: Latios|14/100 brn|[from] brn
|upkeep
|turn|19
|
|t:|1736566914
|switch|p2a: Jellicent|Jellicent, M, shiny|94/100
|move|p1a: Latios|Draco Meteor|p2a: Jellicent
|-damage|p2a: Jellicent|50/100
|-unboost|p1a: Latios|spa|2
|
|-weather|Sandstorm|[upkeep]
|-damage|p1a: Latios|8/100 brn|[from] Sandstorm
|-damage|p2a: Jellicent|44/100|[from] Sandstorm
|-heal|p1a: Latios|14/100 brn|[from] item: Leftovers
|-damage|p1a: Latios|2/100 brn|[from] brn
|upkeep
|turn|20
|
|t:|1736566921
|switch|p1a: Jirachi|Jirachi|74/100 brn
|-damage|p1a: Jirachi|68/100 brn|[from] Stealth Rock
|switch|p2a: Scizor|Scizor, M, shiny|46/100
|
|-weather|Sandstorm|[upkeep]
|-heal|p1a: Jirachi|74/100 brn|[from] item: Leftovers
|-damage|p1a: Jirachi|62/100 brn|[from] brn
|upkeep
|turn|21
|
|t:|1736566928
|move|p2a: Scizor|U-turn|p1a: Jirachi
|-damage|p1a: Jirachi|28/100 brn
|
|t:|1736566931
|switch|p2a: Starmie|Starmie, shiny|76/100|[from] U-turn
|-item|p2a: Starmie|Air Balloon
|move|p1a: Jirachi|Stealth Rock|p2a: Starmie
|-sidestart|p2: Seanb143|move: Stealth Rock
|
|-weather|Sandstorm|[upkeep]
|-damage|p2a: Starmie|70/100|[from] Sandstorm
|-heal|p1a: Jirachi|34/100 brn|[from] item: Leftovers
|-damage|p1a: Jirachi|22/100 brn|[from] brn
|upkeep
|turn|22
|
|t:|1736566941
|move|p2a: Starmie|Hydro Pump|p1a: Jirachi
|-damage|p1a: Jirachi|0 fnt
|faint|p1a: Jirachi
|
|-weather|Sandstorm|[upkeep]
|-damage|p2a: Starmie|64/100|[from] Sandstorm
|upkeep
|inactive|HydreigonSpammer has 120 seconds left.
|
|t:|1736566963
|switch|p1a: Landorus|Landorus-Therian, M|47/100
|-damage|p1a: Landorus|35/100|[from] Stealth Rock
|-ability|p1a: Landorus|Intimidate|boost
|-unboost|p2a: Starmie|atk|1
|turn|23
|
|t:|1736566968
|switch|p2a: Landorus|Landorus-Therian, M, shiny|88/100
|-damage|p2a: Landorus|76/100|[from] Stealth Rock
|-ability|p2a: Landorus|Intimidate|boost
|-unboost|p1a: Landorus|atk|1
|move|p1a: Landorus|U-turn|p2a: Landorus
|-resisted|p2a: Landorus
|-damage|p2a: Landorus|66/100
|inactive|HydreigonSpammer has 120 seconds left.
|
|t:|1736566985
|switch|p1a: Tyranitar|Tyranitar, M|88/100|[from] U-turn
|-damage|p1a: Tyranitar|76/100|[from] Stealth Rock
|
|-weather|Sandstorm|[upkeep]
|upkeep
|turn|24
|
|t:|1736566991
|switch|p1a: Latios|Latios, M|2/100 brn
|-damage|p1a: Latios|0 fnt|[from] Stealth Rock
|faint|p1a: Latios
|move|p2a: Landorus|U-turn|p1: Latios|[notarget]
|-fail|p2a: Landorus
|
|-weather|Sandstorm|[upkeep]
|upkeep
|inactive|HydreigonSpammer has 120 seconds left.
|
|t:|1736567019
|switch|p1a: Landorus|Landorus-Therian, M|35/100
|-damage|p1a: Landorus|22/100|[from] Stealth Rock
|-ability|p1a: Landorus|Intimidate|boost
|-unboost|p2a: Landorus|atk|1
|turn|25
|
|t:|1736567025
|move|p1a: Landorus|Hidden Power|p2a: Landorus
|-supereffective|p2a: Landorus
|-damage|p2a: Landorus|0 fnt
|faint|p2a: Landorus
|
|-weather|Sandstorm|[upkeep]
|upkeep
|
|t:|1736567037
|switch|p2a: Starmie|Starmie, shiny|64/100
|-damage|p2a: Starmie|51/100|[from] Stealth Rock
|-item|p2a: Starmie|Air Balloon
|turn|26
|inactive|HydreigonSpammer has 120 seconds left.
|
|t:|1736567061
|move|p1a: Landorus|Hidden Power|p2a: Starmie
|-resisted|p2a: Starmie
|-crit|p2a: Starmie
|-damage|p2a: Starmie|26/100
|-enditem|p2a: Starmie|Air Balloon
|move|p2a: Starmie|Hydro Pump|p1a: Landorus
|-supereffective|p1a: Landorus
|-damage|p1a: Landorus|0 fnt
|faint|p1a: Landorus
|
|-weather|Sandstorm|[upkeep]
|-damage|p2a: Starmie|20/100|[from] Sandstorm
|upkeep
|
|t:|1736567068
|switch|p1a: Garchomp|Garchomp, M|100/100
|-damage|p1a: Garchomp|94/100|[from] Stealth Rock
|turn|27
|
|t:|1736567072
|move|p1a: Garchomp|Earthquake|p2a: Starmie
|-damage|p2a: Starmie|0 fnt
|faint|p2a: Starmie
|
|-weather|Sandstorm|[upkeep]
|upkeep
|-message|Seanb143 forfeited.
|
|win|HydreigonSpammer
|raw|HydreigonSpammer's rating: 1448 &rarr; <strong>1469</strong><br />(+21 for winning)
|raw|Seanb143's rating: 1458 &rarr; <strong>1437</strong><br />(-21 for losing)
|l|☆Seanb143
|player|p2|
