|j|☆Angellore
|j|☆EG ROOM 2011
|player|p1|Angellore|291
|player|p2|EG ROOM 2011|27
|teamsize|p1|6
|teamsize|p2|6
|gametype|singles
|gen|5
|tier|[Gen 5] OU
|rated|
|rule|Sleep Clause Mod: Limit one foe put to sleep
|rule|Species Clause: Limit one of each Pokémon
|rule|OHKO Clause: OHKO moves are banned
|rule|Moody Clause: Moody is banned
|rule|Evasion Moves Clause: Evasion moves are banned
|rule|Endless Battle Clause: Forcing endless battles is banned
|rule|HP Percentage Mod: HP is shown in percentages
|rule|Evasion Abilities Clause: Evasion abilities are banned
|rule|Baton Pass Clause: Limit one Baton Passer, can't pass Spe and other stats simultaneously
|rule|Swagger Clause: Swagger is banned
|clearpoke
|poke|p1|Landorus-Therian, M|item
|poke|p1|Heatran, M|item
|poke|p1|Abomasnow, M|item
|poke|p1|Terrakion|item
|poke|p1|Kyurem|item
|poke|p1|Xatu, F|item
|poke|p2|Kyurem-Black|item
|poke|p2|Politoed, F|item
|poke|p2|Jirachi|item
|poke|p2|Tornadus, M|item
|poke|p2|Ferrothorn, M|item
|poke|p2|Starmie|item
|teampreview
|
|start
|switch|p1a: Landorus|Landorus-Therian, M|100/100
|switch|p2a: Jirachi|Jirachi|100/100
|-ability|p1a: Landorus|Intimidate|boost
|-unboost|p2a: Jirachi|atk|1
|turn|1
|
|switch|p2a: Politoed|Politoed, F|100/100
|-weather|RainDance|[from] ability: Drizzle|[of] p2a: Politoed
|move|p1a: Landorus|Earthquake|p2a: Politoed
|-damage|p2a: Politoed|42/100
|
|-weather|RainDance|[upkeep]
|-heal|p2a: Politoed|48/100|[from] item: Leftovers
|upkeep
|turn|2
|
|switch|p1a: Abomasnow|Abomasnow, M|100/100
|-weather|Hail|[from] ability: Snow Warning|[of] p1a: Abomasnow
|switch|p2a: Tornadus|Tornadus, M|100/100
|
|-weather|Hail|[upkeep]
|-damage|p2a: Tornadus|94/100|[from] Hail
|upkeep
|turn|3
|
|switch|p1a: Kyurem|Kyurem|100/100
|-ability|p1a: Kyurem|Pressure
|move|p2a: Tornadus|U-turn|p1a: Kyurem
|-damage|p1a: Kyurem|84/100
|
|switch|p2a: Jirachi|Jirachi|100/100
|
|-weather|Hail|[upkeep]
|-damage|p2a: Jirachi|94/100|[from] Hail
|upkeep
|turn|4
|
|switch|p2a: Politoed|Politoed, F|48/100
|-weather|RainDance|[from] ability: Drizzle|[of] p2a: Politoed
|switch|p1a: Landorus|Landorus-Therian, M|100/100
|-ability|p1a: Landorus|Intimidate|boost
|-unboost|p2a: Politoed|atk|1
|
|-weather|RainDance|[upkeep]
|-heal|p2a: Politoed|54/100|[from] item: Leftovers
|upkeep
|turn|5
|
|move|p2a: Politoed|Protect|p2a: Politoed
|-singleturn|p2a: Politoed|Protect
|move|p1a: Landorus|U-turn|p2a: Politoed
|-activate|p2a: Politoed|move: Protect
|
|-weather|RainDance|[upkeep]
|-heal|p2a: Politoed|61/100|[from] item: Leftovers
|upkeep
|turn|6
|
|move|p1a: Landorus|U-turn|p2a: Politoed
|-crit|p2a: Politoed
|-damage|p2a: Politoed|1/100
|
|switch|p1a: Abomasnow|Abomasnow, M|100/100
|-weather|Hail|[from] ability: Snow Warning|[of] p1a: Abomasnow
|move|p2a: Politoed|Toxic|p1a: Abomasnow
|-status|p1a: Abomasnow|tox
|
|-weather|Hail|[upkeep]
|-damage|p2a: Politoed|0 fnt|[from] Hail
|-damage|p1a: Abomasnow|94/100 tox|[from] psn
|upkeep
|faint|p2a: Politoed
|c|☆EG ROOM 2011|stupid hax
|c|☆Angellore|agree
|
|switch|p2a: Jirachi|Jirachi|94/100
|turn|7
|
|switch|p1a: Landorus|Landorus-Therian, M|100/100
|-ability|p1a: Landorus|Intimidate|boost
|-unboost|p2a: Jirachi|atk|1
|move|p2a: Jirachi|U-turn|p1a: Landorus
|-resisted|p1a: Landorus
|-damage|p1a: Landorus|92/100
|
|switch|p2a: Ferrothorn|Ferrothorn, M|100/100
|
|-weather|Hail|[upkeep]
|-damage|p1a: Landorus|86/100|[from] Hail
|-damage|p2a: Ferrothorn|94/100|[from] Hail
|-heal|p2a: Ferrothorn|100/100|[from] item: Leftovers
|upkeep
|turn|8
|
|switch|p1a: Xatu|Xatu, F|100/100
|switch|p2a: Tornadus|Tornadus, M|94/100
|
|-weather|Hail|[upkeep]
|-damage|p2a: Tornadus|88/100|[from] Hail
|-damage|p1a: Xatu|95/100|[from] Hail
|upkeep
|turn|9
|
|switch|p1a: Kyurem|Kyurem|84/100
|-ability|p1a: Kyurem|Pressure
|move|p2a: Tornadus|Hurricane|p1a: Kyurem
|-damage|p1a: Kyurem|29/100
|
|-weather|Hail|[upkeep]
|-damage|p2a: Tornadus|82/100|[from] Hail
|upkeep
|turn|10
|
|switch|p2a: Jirachi|Jirachi|94/100
|move|p1a: Kyurem|Blizzard|p2a: Jirachi
|-resisted|p2a: Jirachi
|-damage|p2a: Jirachi|59/100
|
|-weather|Hail|[upkeep]
|-damage|p2a: Jirachi|53/100|[from] Hail
|upkeep
|turn|11
|
|move|p2a: Jirachi|U-turn|p1a: Kyurem
|-damage|p1a: Kyurem|8/100
|
|switch|p2a: Starmie|Starmie|100/100
|move|p1a: Kyurem|Blizzard|p2a: Starmie
|-resisted|p2a: Starmie
|-damage|p2a: Starmie|53/100
|
|-weather|Hail|[upkeep]
|-damage|p2a: Starmie|46/100|[from] Hail
|upkeep
|turn|12
|
|move|p1a: Kyurem|Blizzard|p2a: Starmie
|-resisted|p2a: Starmie
|-damage|p2a: Starmie|0 fnt
|faint|p2a: Starmie
|
|-weather|Hail|[upkeep]
|upkeep
|
|switch|p2a: Jirachi|Jirachi|53/100
|turn|13
|
|switch|p1a: Xatu|Xatu, F|95/100
|move|p2a: Jirachi|U-turn|p1a: Xatu
|-damage|p1a: Xatu|75/100
|-damage|p2a: Jirachi|37/100|[from] item: Rocky Helmet|[of] p1a: Xatu
|
|switch|p2a: Tornadus|Tornadus, M|82/100
|
|-weather|Hail|[upkeep]
|-damage|p2a: Tornadus|76/100|[from] Hail
|-damage|p1a: Xatu|69/100|[from] Hail
|upkeep
|turn|14
|
|switch|p1a: Abomasnow|Abomasnow, M|94/100 tox
|move|p2a: Tornadus|Hurricane|p1a: Abomasnow
|-supereffective|p1a: Abomasnow
|-damage|p1a: Abomasnow|0 fnt
|faint|p1a: Abomasnow
|
|-weather|Hail|[upkeep]
|-damage|p2a: Tornadus|70/100|[from] Hail
|upkeep
|
|switch|p1a: Kyurem|Kyurem|8/100
|-ability|p1a: Kyurem|Pressure
|turn|15
|
|switch|p2a: Ferrothorn|Ferrothorn, M|100/100
|move|p1a: Kyurem|Blizzard|p2a: Ferrothorn
|-damage|p2a: Ferrothorn|59/100
|
|-weather|Hail|[upkeep]
|-damage|p2a: Ferrothorn|52/100|[from] Hail
|-heal|p2a: Ferrothorn|59/100|[from] item: Leftovers
|upkeep
|turn|16
|
|switch|p2a: Tornadus|Tornadus, M|70/100
|move|p1a: Kyurem|Blizzard|p2a: Tornadus
|-supereffective|p2a: Tornadus
|-damage|p2a: Tornadus|0 fnt
|faint|p2a: Tornadus
|
|-weather|Hail|[upkeep]
|upkeep
|-message|EG ROOM 2011 forfeited.
|
|win|Angellore
|l|☆EG ROOM 2011
|raw|Angellore's rating: 1431 &rarr; <strong>1446</strong><br />(+15 for winning)
|raw|EG ROOM 2011's rating: 1331 &rarr; <strong>1317</strong><br />(-14 for losing)
|l|☆Angellore
|j|☆Angellore
