|j|☆Taaa da
|j|☆Melle2402
|player|p1|Taaa da|steven-gen3
|player|p2|Melle2402|265
|teamsize|p1|6
|teamsize|p2|6
|gametype|singles
|gen|5
|tier|[Gen 5] OU
|rated|
|rule|Sleep Clause Mod: Limit one foe put to sleep
|rule|Species Clause: Limit one of each Pokémon
|rule|OHKO Clause: OHKO moves are banned
|rule|Moody Clause: Moody is banned
|rule|Evasion Moves Clause: Evasion moves are banned
|rule|Endless Battle Clause: Forcing endless battles is banned
|rule|HP Percentage Mod: HP is shown in percentages
|rule|Evasion Abilities Clause: Evasion abilities are banned
|rule|Baton Pass Clause: Limit one Baton Passer, can't pass Spe and other stats simultaneously
|rule|Swagger Clause: Swagger is banned
|clearpoke
|poke|p1|Tyranitar, M|item
|poke|p1|Excadrill, F|item
|poke|p1|Salamence, M|item
|poke|p1|Garchomp, M|item
|poke|p1|Tangrowth, M|item
|poke|p1|Slowking, M|item
|poke|p2|Hydreigon, F|item
|poke|p2|Terrakion|item
|poke|p2|Amoonguss, M|item
|poke|p2|Landorus-Therian, M|item
|poke|p2|Jirachi|item
|poke|p2|Tyranitar, M|item
|teampreview
|j|‽mekmemad
|
|start
|switch|p1a: Zmey|Garchomp, M|100/100
|switch|p2a: Hydreigon|Hydreigon, F|100/100
|turn|1
|
|move|p1a: Zmey|Dragon Claw|p2a: Hydreigon
|-supereffective|p2a: Hydreigon
|-damage|p2a: Hydreigon|3/100
|move|p2a: Hydreigon|Draco Meteor|p1a: Zmey
|-supereffective|p1a: Zmey
|-damage|p1a: Zmey|0 fnt
|-unboost|p2a: Hydreigon|spa|2
|-damage|p2a: Hydreigon|0 fnt|[from] item: Life Orb
|faint|p1a: Zmey
|faint|p2a: Hydreigon
|
|upkeep
|
|switch|p1a: Zirnitra|Salamence, M|100/100
|switch|p2a: Landorus|Landorus-Therian, M|100/100
|-ability|p2a: Landorus|Intimidate|boost
|-unboost|p1a: Zirnitra|atk|1
|-ability|p1a: Zirnitra|Intimidate|boost
|-unboost|p2a: Landorus|atk|1
|turn|2
|
|move|p2a: Landorus|Hidden Power|p1a: Zirnitra
|-supereffective|p1a: Zirnitra
|-damage|p1a: Zirnitra|15/100
|move|p1a: Zirnitra|Hydro Pump|p2a: Landorus
|-supereffective|p2a: Landorus
|-damage|p2a: Landorus|0 fnt
|faint|p2a: Landorus
|
|upkeep
|c|☆Melle2402|Oh
|
|switch|p2a: Tyranitar|Tyranitar, M|100/100
|-weather|Sandstorm|[from] ability: Sand Stream|[of] p2a: Tyranitar
|turn|3
|
|move|p1a: Zirnitra|Hydro Pump|p2a: Tyranitar
|-supereffective|p2a: Tyranitar
|-damage|p2a: Tyranitar|43/100
|move|p2a: Tyranitar|Stealth Rock|p1a: Zirnitra
|-sidestart|p1: Taaa da|move: Stealth Rock
|
|-weather|Sandstorm|[upkeep]
|-damage|p1a: Zirnitra|9/100|[from] Sandstorm
|upkeep
|turn|4
|
|switch|p2a: Amoonguss|Amoonguss, M|100/100
|move|p1a: Zirnitra|Hydro Pump|p2a: Amoonguss|[miss]
|-miss|p1a: Zirnitra|p2a: Amoonguss
|
|-weather|Sandstorm|[upkeep]
|-damage|p1a: Zirnitra|3/100|[from] Sandstorm
|-damage|p2a: Amoonguss|94/100|[from] Sandstorm
|-heal|p2a: Amoonguss|100/100|[from] item: Black Sludge
|upkeep
|turn|5
|
|move|p1a: Zirnitra|Hydro Pump|p2a: Amoonguss
|-resisted|p2a: Amoonguss
|-damage|p2a: Amoonguss|80/100
|move|p2a: Amoonguss|Spore|p1a: Zirnitra
|-status|p1a: Zirnitra|slp|[from] move: Spore
|
|-weather|Sandstorm|[upkeep]
|-damage|p1a: Zirnitra|0 fnt|[from] Sandstorm
|-damage|p2a: Amoonguss|73/100|[from] Sandstorm
|faint|p1a: Zirnitra
|-heal|p2a: Amoonguss|80/100|[from] item: Black Sludge
|upkeep
|
|switch|p1a: Jarilo|Tangrowth, M, shiny|100/100
|-damage|p1a: Jarilo|88/100|[from] Stealth Rock
|turn|6
|
|move|p1a: Jarilo|Sleep Powder|p2a: Amoonguss
|-status|p2a: Amoonguss|slp|[from] move: Sleep Powder
|cant|p2a: Amoonguss|slp
|
|-weather|Sandstorm|[upkeep]
|-damage|p1a: Jarilo|82/100|[from] Sandstorm
|-damage|p2a: Amoonguss|73/100 slp|[from] Sandstorm
|-heal|p2a: Amoonguss|80/100 slp|[from] item: Black Sludge
|upkeep
|turn|7
|
|switch|p1a: Koschei|Tyranitar, M|100/100
|-damage|p1a: Koschei|88/100|[from] Stealth Rock
|-curestatus|p2a: Amoonguss|slp|[msg]
|move|p2a: Amoonguss|Sleep Talk||[still]
|-fail|p2a: Amoonguss
|
|-weather|Sandstorm|[upkeep]
|-damage|p2a: Amoonguss|73/100|[from] Sandstorm
|-heal|p2a: Amoonguss|80/100|[from] item: Black Sludge
|upkeep
|turn|8
|
|move|p1a: Koschei|Stealth Rock|p2a: Amoonguss
|-sidestart|p2: Melle2402|move: Stealth Rock
|move|p2a: Amoonguss|Spore|p1a: Koschei
|-status|p1a: Koschei|slp|[from] move: Spore
|
|-weather|Sandstorm|[upkeep]
|-damage|p2a: Amoonguss|73/100|[from] Sandstorm
|-heal|p2a: Amoonguss|80/100|[from] item: Black Sludge
|upkeep
|turn|9
|
|switch|p1a: Jarilo|Tangrowth, M, shiny|100/100
|-damage|p1a: Jarilo|88/100|[from] Stealth Rock
|move|p2a: Amoonguss|Giga Drain|p1a: Jarilo
|-resisted|p1a: Jarilo
|-damage|p1a: Jarilo|72/100
|-heal|p2a: Amoonguss|87/100|[from] drain|[of] p1a: Jarilo
|
|-weather|Sandstorm|[upkeep]
|-damage|p1a: Jarilo|66/100|[from] Sandstorm
|-damage|p2a: Amoonguss|81/100|[from] Sandstorm
|-heal|p2a: Amoonguss|87/100|[from] item: Black Sludge
|upkeep
|turn|10
|
|move|p1a: Jarilo|Sleep Powder|p2a: Amoonguss
|-status|p2a: Amoonguss|slp|[from] move: Sleep Powder
|cant|p2a: Amoonguss|slp
|move|p2a: Amoonguss|Sleep Talk|p2a: Amoonguss
|move|p2a: Amoonguss|Spore|p1a: Jarilo|[from]Sleep Talk
|-message|Sleep Clause Mod activated.
|
|-weather|Sandstorm|[upkeep]
|-damage|p1a: Jarilo|60/100|[from] Sandstorm
|-damage|p2a: Amoonguss|81/100 slp|[from] Sandstorm
|-heal|p2a: Amoonguss|87/100 slp|[from] item: Black Sludge
|upkeep
|turn|11
|
|switch|p1a: Vodyanoy|Slowking, M|100/100
|-damage|p1a: Vodyanoy|88/100|[from] Stealth Rock
|cant|p2a: Amoonguss|slp
|move|p2a: Amoonguss|Sleep Talk|p2a: Amoonguss
|move|p2a: Amoonguss|Giga Drain|p1a: Vodyanoy|[from]Sleep Talk
|-supereffective|p1a: Vodyanoy
|-damage|p1a: Vodyanoy|57/100
|-heal|p2a: Amoonguss|100/100 slp|[from] drain|[of] p1a: Vodyanoy
|
|-weather|Sandstorm|[upkeep]
|-damage|p2a: Amoonguss|94/100 slp|[from] Sandstorm
|-damage|p1a: Vodyanoy|51/100|[from] Sandstorm
|-heal|p2a: Amoonguss|100/100 slp|[from] item: Black Sludge
|-heal|p1a: Vodyanoy|57/100|[from] item: Leftovers
|upkeep
|turn|12
|
|switch|p2a: Tyranitar|Tyranitar, M|43/100
|-damage|p2a: Tyranitar|30/100|[from] Stealth Rock
|move|p1a: Vodyanoy|Psyshock|p2a: Tyranitar
|-immune|p2a: Tyranitar
|
|-weather|Sandstorm|[upkeep]
|-damage|p1a: Vodyanoy|51/100|[from] Sandstorm
|-heal|p1a: Vodyanoy|57/100|[from] item: Leftovers
|upkeep
|turn|13
|
|move|p2a: Tyranitar|Pursuit|p1a: Vodyanoy
|-supereffective|p1a: Vodyanoy
|-damage|p1a: Vodyanoy|22/100
|move|p1a: Vodyanoy|Scald|p2a: Tyranitar
|-supereffective|p2a: Tyranitar
|-damage|p2a: Tyranitar|6/100
|-status|p2a: Tyranitar|brn
|
|-weather|Sandstorm|[upkeep]
|-damage|p1a: Vodyanoy|16/100|[from] Sandstorm
|-heal|p1a: Vodyanoy|22/100|[from] item: Leftovers
|-damage|p2a: Tyranitar|0 fnt|[from] brn
|faint|p2a: Tyranitar
|upkeep
|
|switch|p2a: Jirachi|Jirachi|100/100
|-damage|p2a: Jirachi|94/100|[from] Stealth Rock
|turn|14
|
|move|p2a: Jirachi|Substitute|p2a: Jirachi
|-start|p2a: Jirachi|Substitute
|-damage|p2a: Jirachi|69/100
|move|p1a: Vodyanoy|Scald|p2a: Jirachi
|-activate|p2a: Jirachi|Substitute|[damage]
|
|-weather|Sandstorm|[upkeep]
|-damage|p1a: Vodyanoy|16/100|[from] Sandstorm
|-heal|p2a: Jirachi|75/100|[from] item: Leftovers
|-heal|p1a: Vodyanoy|22/100|[from] item: Leftovers
|upkeep
|turn|15
|
|move|p2a: Jirachi|Iron Head|p1a: Vodyanoy
|-resisted|p1a: Vodyanoy
|-damage|p1a: Vodyanoy|8/100
|move|p1a: Vodyanoy|Scald|p2a: Jirachi
|-end|p2a: Jirachi|Substitute
|
|-weather|Sandstorm|[upkeep]
|-damage|p1a: Vodyanoy|2/100|[from] Sandstorm
|-heal|p2a: Jirachi|82/100|[from] item: Leftovers
|-heal|p1a: Vodyanoy|8/100|[from] item: Leftovers
|upkeep
|turn|16
|
|move|p2a: Jirachi|Substitute|p2a: Jirachi
|-start|p2a: Jirachi|Substitute
|-damage|p2a: Jirachi|57/100
|move|p1a: Vodyanoy|Fire Blast|p2a: Jirachi
|-supereffective|p2a: Jirachi
|-end|p2a: Jirachi|Substitute
|
|-weather|Sandstorm|[upkeep]
|-damage|p1a: Vodyanoy|2/100|[from] Sandstorm
|-heal|p2a: Jirachi|63/100|[from] item: Leftovers
|-heal|p1a: Vodyanoy|8/100|[from] item: Leftovers
|upkeep
|turn|17
|
|move|p2a: Jirachi|Substitute|p2a: Jirachi
|-start|p2a: Jirachi|Substitute
|-damage|p2a: Jirachi|38/100
|move|p1a: Vodyanoy|Fire Blast|p2a: Jirachi
|-supereffective|p2a: Jirachi
|-end|p2a: Jirachi|Substitute
|
|-weather|Sandstorm|[upkeep]
|-damage|p1a: Vodyanoy|2/100|[from] Sandstorm
|-heal|p2a: Jirachi|44/100|[from] item: Leftovers
|-heal|p1a: Vodyanoy|8/100|[from] item: Leftovers
|upkeep
|turn|18
|
|move|p2a: Jirachi|Substitute|p2a: Jirachi
|-start|p2a: Jirachi|Substitute
|-damage|p2a: Jirachi|19/100
|move|p1a: Vodyanoy|Fire Blast|p2a: Jirachi
|-supereffective|p2a: Jirachi
|-end|p2a: Jirachi|Substitute
|
|-weather|Sandstorm|[upkeep]
|-damage|p1a: Vodyanoy|2/100|[from] Sandstorm
|-heal|p2a: Jirachi|25/100|[from] item: Leftovers
|-heal|p1a: Vodyanoy|8/100|[from] item: Leftovers
|upkeep
|turn|19
|
|move|p2a: Jirachi|Iron Head|p1a: Vodyanoy
|-resisted|p1a: Vodyanoy
|-damage|p1a: Vodyanoy|0 fnt
|faint|p1a: Vodyanoy
|
|-weather|Sandstorm|[upkeep]
|-heal|p2a: Jirachi|31/100|[from] item: Leftovers
|upkeep
|
|switch|p1a: Zeme|Excadrill, F|100/100
|-damage|p1a: Zeme|97/100|[from] Stealth Rock
|turn|20
|
|move|p1a: Zeme|Earthquake|p2a: Jirachi
|-supereffective|p2a: Jirachi
|-damage|p2a: Jirachi|0 fnt
|faint|p2a: Jirachi
|
|-weather|Sandstorm|[upkeep]
|upkeep
|
|switch|p2a: Terrakion|Terrakion|100/100
|-damage|p2a: Terrakion|94/100|[from] Stealth Rock
|turn|21
|
|switch|p1a: Koschei|Tyranitar, M|88/100 slp
|-damage|p1a: Koschei|76/100 slp|[from] Stealth Rock
|move|p2a: Terrakion|Close Combat|p1a: Koschei
|-supereffective|p1a: Koschei
|-crit|p1a: Koschei
|-enditem|p1a: Koschei|Chople Berry|[eat]
|-enditem|p1a: Koschei|Chople Berry|[weaken]
|-damage|p1a: Koschei|0 fnt
|-unboost|p2a: Terrakion|def|1
|-unboost|p2a: Terrakion|spd|1
|-damage|p2a: Terrakion|84/100|[from] item: Life Orb
|faint|p1a: Koschei
|
|-weather|Sandstorm|[upkeep]
|upkeep
|
|switch|p1a: Zeme|Excadrill, F|97/100
|-damage|p1a: Zeme|94/100|[from] Stealth Rock
|turn|22
|
|move|p1a: Zeme|Earthquake|p2a: Terrakion
|-supereffective|p2a: Terrakion
|-damage|p2a: Terrakion|0 fnt
|faint|p2a: Terrakion
|
|-weather|Sandstorm|[upkeep]
|upkeep
|
|switch|p2a: Amoonguss|Amoonguss, M|100/100 slp
|-damage|p2a: Amoonguss|88/100 slp|[from] Stealth Rock
|turn|23
|
|move|p1a: Zeme|Earthquake|p2a: Amoonguss
|-damage|p2a: Amoonguss|13/100 slp
|cant|p2a: Amoonguss|slp
|move|p2a: Amoonguss|Sleep Talk|p2a: Amoonguss
|move|p2a: Amoonguss|Giga Drain|p1a: Zeme|[from]Sleep Talk
|-damage|p1a: Zeme|63/100
|-heal|p2a: Amoonguss|26/100 slp|[from] drain|[of] p1a: Zeme
|
|-weather|Sandstorm|[upkeep]
|-damage|p2a: Amoonguss|20/100 slp|[from] Sandstorm
|-heal|p2a: Amoonguss|26/100 slp|[from] item: Black Sludge
|upkeep
|turn|24
|c|☆Taaa da|gg
|c|☆Melle2402|gg
|c|☆Melle2402|man i really needed that flinch lol
|
|move|p1a: Zeme|Earthquake|p2a: Amoonguss
|-crit|p2a: Amoonguss
|-damage|p2a: Amoonguss|0 fnt
|faint|p2a: Amoonguss
|
|win|Taaa da
|raw|Taaa da's rating: 1390 &rarr; <strong>1409</strong><br />(+19 for winning)
|raw|Melle2402's rating: 1362 &rarr; <strong>1343</strong><br />(-19 for losing)
|l|☆Melle2402
|l|‽mekmemad
