|j|☆nuzzlenozzle
|j|☆av2336
|t:|1718204642
|gametype|singles
|player|p1|nuzzlenozzle|guitarist|1363
|player|p2|av2336|pokemaniac-gen3rs|1429
|teamsize|p1|6
|teamsize|p2|6
|gen|5
|tier|[Gen 5] OU
|rated|
|rule|Species Clause: Limit one of each Pokémon
|rule|OHKO Clause: OHKO moves are banned
|rule|Moody Clause: Moody is banned
|rule|Evasion Items Clause: Evasion items are banned
|rule|Evasion Moves Clause: Evasion moves are banned
|rule|Endless Battle Clause: Forcing endless battles is banned
|rule|HP Percentage Mod: HP is shown in percentages
|rule|Evasion Abilities Clause: Evasion abilities are banned
|rule|Sleep Moves Clause: Sleep-inducing moves are banned
|rule|Swagger Clause: Swagger is banned
|rule|Baton Pass Stat Clause: No Baton Passer may have a way to boost its stats
|clearpoke
|poke|p1|Garchomp, M|item
|poke|p1|Kyurem-Black|item
|poke|p1|Starmie|item
|poke|p1|Scizor, M|item
|poke|p1|Magnezone|item
|poke|p1|Honchkrow, F|item
|poke|p2|Bronzong|item
|poke|p2|Gallade, M|item
|poke|p2|Jellicent, M|item
|poke|p2|Conkeldurr, F|item
|poke|p2|Reuniclus, F|item
|poke|p2|Dragonite, M|item
|teampreview
|inactive|Battle timer is ON: inactive players will automatically lose when time's up. (requested by av2336)
|
|t:|1718204668
|start
|switch|p1a: Magnezone|Magnezone|100/100
|switch|p2a: Bronzong|Bronzong|100/100
|turn|1
|
|t:|1718204694
|move|p1a: Magnezone|Volt Switch|p2a: Bronzong
|-damage|p2a: Bronzong|52/100
|
|t:|1718204698
|switch|p1a: Honchkrow|Honchkrow, F|100/100|[from] Volt Switch
|move|p2a: Bronzong|Stealth Rock|p1a: Honchkrow
|-sidestart|p1: nuzzlenozzle|move: Stealth Rock
|
|upkeep
|turn|2
|inactive|av2336 has 120 seconds left.
|
|t:|1718204718
|move|p1a: Honchkrow|Substitute|p1a: Honchkrow
|-start|p1a: Honchkrow|Substitute
|-damage|p1a: Honchkrow|76/100
|move|p2a: Bronzong|Trick Room|p2a: Bronzong
|-fieldstart|move: Trick Room|[of] p2a: Bronzong
|
|upkeep
|turn|3
|
|t:|1718204722
|move|p2a: Bronzong|Explosion|p1a: Honchkrow
|-end|p1a: Honchkrow|Substitute
|faint|p2a: Bronzong
|move|p1a: Honchkrow|Heat Wave|p2: Bronzong|[notarget]
|-fail|p1a: Honchkrow
|
|upkeep
|
|t:|1718204729
|switch|p2a: Conkeldurr|Conkeldurr, F|100/100
|turn|4
|
|t:|1718204744
|switch|p1a: Magnezone|Magnezone|100/100
|-damage|p1a: Magnezone|94/100|[from] Stealth Rock
|move|p2a: Conkeldurr|Drain Punch|p1a: Magnezone
|-supereffective|p1a: Magnezone
|-damage|p1a: Magnezone|0 fnt
|faint|p1a: Magnezone
|-damage|p2a: Conkeldurr|91/100|[from] item: Life Orb
|
|upkeep
|
|t:|1718204753
|switch|p1a: Starmie|Starmie|100/100
|-damage|p1a: Starmie|88/100|[from] Stealth Rock
|-item|p1a: Starmie|Air Balloon
|turn|5
|
|t:|1718204761
|move|p2a: Conkeldurr|Thunder Punch|p1a: Starmie
|-supereffective|p1a: Starmie
|-damage|p1a: Starmie|0 fnt
|-enditem|p1a: Starmie|Air Balloon
|faint|p1a: Starmie
|-damage|p2a: Conkeldurr|81/100|[from] item: Life Orb
|
|upkeep
|
|t:|1718204777
|switch|p1a: Kyurem|Kyurem-Black|100/100
|-damage|p1a: Kyurem|76/100|[from] Stealth Rock
|-ability|p1a: Kyurem|Teravolt
|turn|6
|
|t:|1718204801
|move|p2a: Conkeldurr|Drain Punch|p1a: Kyurem
|-supereffective|p1a: Kyurem
|-damage|p1a: Kyurem|0 fnt
|-heal|p2a: Conkeldurr|100/100|[from] drain|[of] p1a: Kyurem
|faint|p1a: Kyurem
|-damage|p2a: Conkeldurr|91/100|[from] item: Life Orb
|
|-fieldend|move: Trick Room
|upkeep
|
|t:|1718204806
|switch|p1a: Honchkrow|Honchkrow, F|76/100
|-damage|p1a: Honchkrow|51/100|[from] Stealth Rock
|turn|7
|
|t:|1718204818
|move|p2a: Conkeldurr|Mach Punch|p1a: Honchkrow
|-damage|p1a: Honchkrow|0 fnt
|faint|p1a: Honchkrow
|-damage|p2a: Conkeldurr|81/100|[from] item: Life Orb
|
|upkeep
|-message|nuzzlenozzle forfeited.
|
|win|av2336
|raw|nuzzlenozzle's rating: 1363 &rarr; <strong>1347</strong><br />(-16 for losing)
|raw|av2336's rating: 1429 &rarr; <strong>1445</strong><br />(+16 for winning)
|l|☆nuzzlenozzle
|player|p1|
