|j|☆Clawdia Chauchat
|j|☆Alexia B.
|t:|1708000375
|gametype|singles
|player|p1|Clawdia Chauchat|winona|1425
|player|p2|Alexia B.|cynthia|1452
|teamsize|p1|6
|teamsize|p2|6
|gen|5
|tier|[Gen 5] OU
|rated|
|rule|Species Clause: Limit one of each Pokémon
|rule|OHKO Clause: OHKO moves are banned
|rule|Moody Clause: Moody is banned
|rule|Evasion Items Clause: Evasion items are banned
|rule|Evasion Moves Clause: Evasion moves are banned
|rule|Endless Battle Clause: Forcing endless battles is banned
|rule|HP Percentage Mod: HP is shown in percentages
|rule|Evasion Abilities Clause: Evasion abilities are banned
|rule|Sleep Moves Clause: Sleep-inducing moves are banned
|rule|Swagger Clause: Swagger is banned
|rule|Baton Pass Stat Clause: No Baton Passer may have a way to boost its stats
|clearpoke
|poke|p1|Tyranitar, M|item
|poke|p1|Clefable, F|item
|poke|p1|Landorus-Therian, M|item
|poke|p1|Latias, F|item
|poke|p1|Slowbro, M|item
|poke|p1|Excadrill, M|item
|poke|p2|Gengar, M|item
|poke|p2|Garchomp, M|item
|poke|p2|Keldeo-Resolute|item
|poke|p2|Latios, M|item
|poke|p2|Ferrothorn, F|item
|poke|p2|Thundurus-Therian, M|item
|teampreview
|inactive|Battle timer is ON: inactive players will automatically lose when time's up. (requested by Alexia B.)
|
|t:|1708000410
|start
|switch|p1a: Gil-Scott Heron|Tyranitar, M, shiny|100/100
|switch|p2a: Ferrothorn|Ferrothorn, F, shiny|100/100
|-weather|Sandstorm|[from] ability: Sand Stream|[of] p1a: Gil-Scott Heron
|turn|1
|
|t:|1708000435
|move|p1a: Gil-Scott Heron|Superpower|p2a: Ferrothorn
|-supereffective|p2a: Ferrothorn
|-damage|p2a: Ferrothorn|40/100
|-unboost|p1a: Gil-Scott Heron|atk|1
|-unboost|p1a: Gil-Scott Heron|def|1
|-damage|p1a: Gil-Scott Heron|88/100|[from] ability: Iron Barbs|[of] p2a: Ferrothorn
|move|p2a: Ferrothorn|Spikes|p1a: Gil-Scott Heron
|-sidestart|p1: Clawdia Chauchat|Spikes
|
|-weather|Sandstorm|[upkeep]
|upkeep
|turn|2
|
|t:|1708000443
|switch|p2a: Garchomp|Garchomp, M|100/100
|move|p1a: Gil-Scott Heron|Superpower|p2a: Garchomp
|-damage|p2a: Garchomp|71/100
|-unboost|p1a: Gil-Scott Heron|atk|1
|-unboost|p1a: Gil-Scott Heron|def|1
|-damage|p1a: Gil-Scott Heron|76/100|[from] ability: Rough Skin|[of] p2a: Garchomp
|
|-weather|Sandstorm|[upkeep]
|upkeep
|turn|3
|
|t:|1708000449
|switch|p1a: Corey Maguette|Landorus-Therian, M, shiny|100/100
|-ability|p1a: Corey Maguette|Intimidate|boost
|-unboost|p2a: Garchomp|atk|1
|move|p2a: Garchomp|Stealth Rock|p1a: Corey Maguette
|-sidestart|p1: Clawdia Chauchat|move: Stealth Rock
|
|-weather|Sandstorm|[upkeep]
|upkeep
|turn|4
|
|t:|1708000458
|switch|p2a: Keldeo|Keldeo-Resolute|100/100
|move|p1a: Corey Maguette|Substitute|p1a: Corey Maguette
|-start|p1a: Corey Maguette|Substitute
|-damage|p1a: Corey Maguette|76/100
|
|-weather|Sandstorm|[upkeep]
|-damage|p2a: Keldeo|94/100|[from] Sandstorm
|-heal|p1a: Corey Maguette|82/100|[from] item: Leftovers
|upkeep
|turn|5
|
|t:|1708000463
|move|p2a: Keldeo|Scald|p1a: Corey Maguette
|-supereffective|p1a: Corey Maguette
|-end|p1a: Corey Maguette|Substitute
|move|p1a: Corey Maguette|Earthquake|p2a: Keldeo
|-damage|p2a: Keldeo|27/100
|
|-weather|Sandstorm|[upkeep]
|-damage|p2a: Keldeo|21/100|[from] Sandstorm
|-heal|p1a: Corey Maguette|88/100|[from] item: Leftovers
|upkeep
|turn|6
|inactive|Clawdia Chauchat has 120 seconds left.
|
|t:|1708000500
|switch|p1a: Mother On The Wall|Latias, F, shiny|100/100
|-damage|p1a: Mother On The Wall|88/100|[from] Stealth Rock
|move|p2a: Keldeo|Scald|p1a: Mother On The Wall
|-resisted|p1a: Mother On The Wall
|-damage|p1a: Mother On The Wall|58/100
|-status|p1a: Mother On The Wall|brn
|
|-weather|Sandstorm|[upkeep]
|-damage|p1a: Mother On The Wall|52/100 brn|[from] Sandstorm
|-damage|p2a: Keldeo|15/100|[from] Sandstorm
|-damage|p1a: Mother On The Wall|40/100 brn|[from] brn
|upkeep
|turn|7
|inactive|Clawdia Chauchat has 120 seconds left.
|
|t:|1708000508
|switch|p2a: Ferrothorn|Ferrothorn, F, shiny|40/100
|move|p1a: Mother On The Wall|Surf|p2a: Ferrothorn
|-resisted|p2a: Ferrothorn
|-damage|p2a: Ferrothorn|25/100
|
|-weather|Sandstorm|[upkeep]
|-damage|p1a: Mother On The Wall|34/100 brn|[from] Sandstorm
|-damage|p1a: Mother On The Wall|22/100 brn|[from] brn
|upkeep
|turn|8
|
|t:|1708000514
|move|p1a: Mother On The Wall|Surf|p2a: Ferrothorn
|-resisted|p2a: Ferrothorn
|-damage|p2a: Ferrothorn|11/100
|move|p2a: Ferrothorn|Leech Seed|p1a: Mother On The Wall
|-start|p1a: Mother On The Wall|move: Leech Seed
|
|-weather|Sandstorm|[upkeep]
|-damage|p1a: Mother On The Wall|16/100 brn|[from] Sandstorm
|-damage|p1a: Mother On The Wall|3/100 brn|[from] Leech Seed|[of] p2a: Ferrothorn
|-heal|p2a: Ferrothorn|22/100|[silent]
|-damage|p1a: Mother On The Wall|0 fnt|[from] brn
|faint|p1a: Mother On The Wall
|upkeep
|
|t:|1708000519
|switch|p1a: Back From The Dead|Excadrill, M|100/100
|-damage|p1a: Back From The Dead|88/100|[from] Spikes
|-damage|p1a: Back From The Dead|85/100|[from] Stealth Rock
|turn|9
|
|t:|1708000529
|switch|p2a: Gengar|Gengar, M|100/100
|move|p1a: Back From The Dead|Rapid Spin|p2a: Gengar
|-immune|p2a: Gengar
|
|-weather|Sandstorm|[upkeep]
|-damage|p2a: Gengar|94/100|[from] Sandstorm
|-heal|p2a: Gengar|100/100|[from] item: Black Sludge
|-heal|p1a: Back From The Dead|91/100|[from] item: Leftovers
|upkeep
|turn|10
|inactive|Clawdia Chauchat has 120 seconds left.
|
|t:|1708000563
|move|p1a: Back From The Dead|Protect|p1a: Back From The Dead
|-singleturn|p1a: Back From The Dead|Protect
|move|p2a: Gengar|Trick|p1a: Back From The Dead
|-activate|p1a: Back From The Dead|move: Protect
|
|-weather|Sandstorm|[upkeep]
|-damage|p2a: Gengar|94/100|[from] Sandstorm
|-heal|p2a: Gengar|100/100|[from] item: Black Sludge
|-heal|p1a: Back From The Dead|98/100|[from] item: Leftovers
|upkeep
|turn|11
|
|t:|1708000568
|move|p2a: Gengar|Trick|p1a: Back From The Dead
|-activate|p2a: Gengar|move: Trick|[of] p1a: Back From The Dead
|-item|p1a: Back From The Dead|Black Sludge|[from] move: Trick
|-item|p2a: Gengar|Leftovers|[from] move: Trick
|move|p1a: Back From The Dead|Iron Head|p2a: Gengar
|-damage|p2a: Gengar|0 fnt
|faint|p2a: Gengar
|
|-weather|Sandstorm|[upkeep]
|-damage|p1a: Back From The Dead|85/100|[from] item: Black Sludge
|upkeep
|
|t:|1708000583
|switch|p2a: Garchomp|Garchomp, M|71/100
|turn|12
|
|t:|1708000595
|switch|p1a: Corey Maguette|Landorus-Therian, M, shiny|88/100
|-damage|p1a: Corey Maguette|76/100|[from] Stealth Rock
|-ability|p1a: Corey Maguette|Intimidate|boost
|-unboost|p2a: Garchomp|atk|1
|move|p2a: Garchomp|Swords Dance|p2a: Garchomp
|-boost|p2a: Garchomp|atk|2
|
|-weather|Sandstorm|[upkeep]
|-heal|p1a: Corey Maguette|82/100|[from] item: Leftovers
|upkeep
|turn|13
|
|t:|1708000598
|move|p2a: Garchomp|Dragon Claw|p1a: Corey Maguette
|-damage|p1a: Corey Maguette|11/100
|move|p1a: Corey Maguette|Hidden Power|p2a: Garchomp
|-supereffective|p2a: Garchomp
|-damage|p2a: Garchomp|0 fnt
|faint|p2a: Garchomp
|
|-weather|Sandstorm|[upkeep]
|-heal|p1a: Corey Maguette|17/100|[from] item: Leftovers
|upkeep
|
|t:|1708000607
|switch|p2a: Keldeo|Keldeo-Resolute|15/100
|turn|14
|inactive|Clawdia Chauchat has 120 seconds left.
|
|t:|1708000645
|move|p2a: Keldeo|Scald|p1a: Corey Maguette
|-supereffective|p1a: Corey Maguette
|-damage|p1a: Corey Maguette|0 fnt
|faint|p1a: Corey Maguette
|
|-weather|Sandstorm|[upkeep]
|-damage|p2a: Keldeo|9/100|[from] Sandstorm
|upkeep
|inactive|Clawdia Chauchat has 90 seconds left.
|
|t:|1708000702
|switch|p1a: Roman Candle|Slowbro, M, shiny|100/100
|-damage|p1a: Roman Candle|88/100|[from] Spikes
|-damage|p1a: Roman Candle|76/100|[from] Stealth Rock
|turn|15
|
|t:|1708000716
|switch|p2a: Ferrothorn|Ferrothorn, F, shiny|22/100
|move|p1a: Roman Candle|Scald|p2a: Ferrothorn
|-resisted|p2a: Ferrothorn
|-damage|p2a: Ferrothorn|12/100
|-status|p2a: Ferrothorn|brn
|
|-weather|Sandstorm|[upkeep]
|-damage|p1a: Roman Candle|70/100|[from] Sandstorm
|-damage|p2a: Ferrothorn|0 fnt|[from] brn
|faint|p2a: Ferrothorn
|upkeep
|
|t:|1708000725
|switch|p2a: Thundurus|Thundurus-Therian, M|100/100
|turn|16
|
|t:|1708000733
|switch|p1a: Back From The Dead|Excadrill, M|85/100
|-damage|p1a: Back From The Dead|73/100|[from] Spikes
|-damage|p1a: Back From The Dead|70/100|[from] Stealth Rock
|move|p2a: Thundurus|Agility|p2a: Thundurus
|-boost|p2a: Thundurus|spe|2
|
|-weather|Sandstorm|[upkeep]
|-damage|p2a: Thundurus|94/100|[from] Sandstorm
|-heal|p2a: Thundurus|100/100|[from] item: Leftovers
|-damage|p1a: Back From The Dead|57/100|[from] item: Black Sludge
|upkeep
|turn|17
|
|t:|1708000742
|move|p2a: Thundurus|Nasty Plot|p2a: Thundurus
|-boost|p2a: Thundurus|spa|2
|move|p1a: Back From The Dead|Iron Head|p2a: Thundurus
|-resisted|p2a: Thundurus
|-damage|p2a: Thundurus|70/100
|
|-weather|Sandstorm|[upkeep]
|-damage|p2a: Thundurus|63/100|[from] Sandstorm
|-heal|p2a: Thundurus|70/100|[from] item: Leftovers
|-damage|p1a: Back From The Dead|45/100|[from] item: Black Sludge
|upkeep
|turn|18
|
|t:|1708000749
|move|p2a: Thundurus|Hidden Power|p1a: Back From The Dead
|-damage|p1a: Back From The Dead|0 fnt
|faint|p1a: Back From The Dead
|
|-weather|Sandstorm|[upkeep]
|-damage|p2a: Thundurus|63/100|[from] Sandstorm
|-heal|p2a: Thundurus|70/100|[from] item: Leftovers
|upkeep
|
|t:|1708000752
|switch|p1a: Concorde I Miss U|Clefable, F|100/100
|turn|19
|
|t:|1708000772
|move|p2a: Thundurus|Thunderbolt|p1a: Concorde I Miss U
|-damage|p1a: Concorde I Miss U|18/100
|move|p1a: Concorde I Miss U|Seismic Toss|p2a: Thundurus
|-damage|p2a: Thundurus|40/100
|
|-weather|Sandstorm|[upkeep]
|-damage|p2a: Thundurus|34/100|[from] Sandstorm
|-heal|p2a: Thundurus|40/100|[from] item: Leftovers
|-heal|p1a: Concorde I Miss U|24/100|[from] item: Leftovers
|upkeep
|turn|20
|
|t:|1708000779
|move|p2a: Thundurus|Thunderbolt|p1a: Concorde I Miss U
|-damage|p1a: Concorde I Miss U|0 fnt
|faint|p1a: Concorde I Miss U
|
|-weather|Sandstorm|[upkeep]
|-damage|p2a: Thundurus|34/100|[from] Sandstorm
|-heal|p2a: Thundurus|40/100|[from] item: Leftovers
|upkeep
|
|t:|1708000782
|switch|p1a: Gil-Scott Heron|Tyranitar, M, shiny|76/100
|-damage|p1a: Gil-Scott Heron|64/100|[from] Spikes
|-damage|p1a: Gil-Scott Heron|51/100|[from] Stealth Rock
|turn|21
|
|t:|1708000791
|move|p2a: Thundurus|Thunderbolt|p1a: Gil-Scott Heron
|-damage|p1a: Gil-Scott Heron|0 fnt
|faint|p1a: Gil-Scott Heron
|
|-weather|Sandstorm|[upkeep]
|-damage|p2a: Thundurus|34/100|[from] Sandstorm
|-heal|p2a: Thundurus|40/100|[from] item: Leftovers
|upkeep
|c|☆Clawdia Chauchat|gg
|-message|Clawdia Chauchat forfeited.
|
|win|Alexia B.
|raw|Clawdia Chauchat's rating: 1443 &rarr; <strong>1424</strong><br />(-19 for losing)
|raw|Alexia B.'s rating: 1452 &rarr; <strong>1471</strong><br />(+19 for winning)
|l|☆Clawdia Chauchat
|player|p1|
|l|☆Alexia B.
|player|p2|
|j| SKT T1 Motherfaker
