|j|Bredoom McDougal
|j|Flux Pavillon
|player|p1|Bredoom McDougal|2
|player|p2|Flux Pavillon|69
|gametype|singles
|gen|5
|tier|[Gen 5] OU
|rated
|seed|63026,12576,3991,39014
|rule|Evasion Abilities Clause: Evasion abilities are banned
|rule|Baton Pass Clause: Limit one Baton Passer, can't pass Spe and other stats simultaneously
|rule|Swagger Clause: Swagger is banned
|clearpoke
|poke|p1|Garchomp, F, shiny|item
|poke|p1|Volcarona, M|item
|poke|p1|Breloom, M, shiny|item
|poke|p1|Dragonite, M|item
|poke|p1|Starmie, shiny|item
|poke|p1|Scizor, F|item
|poke|p2|Garchomp, F|item
|poke|p2|Breloom, M|item
|poke|p2|Dragonite, M|item
|poke|p2|Scizor, F|item
|poke|p2|Volcarona, M|item
|poke|p2|Starmie|item
|rule|Sleep Clause Mod: Limit one foe put to sleep
|rule|Species Clause: Limit one of each Pokémon
|rule|OHKO Clause: OHKO moves are banned
|rule|Moody Clause: Moody is banned
|rule|Evasion Moves Clause: Evasion moves are banned
|rule|Endless Battle Clause: Forcing endless battles is banned
|rule|HP Percentage Mod: HP is shown in percentages
|teampreview
|choice|team 4, team 2, team 3, team 1, team 5, team 6|team 2, team 1, team 3, team 4, team 5, team 6
|
|start
|switch|p1a: Dragonite|Dragonite, M|324/324
|switch|p2a: Breloom|Breloom, M|281/281
|turn|1
|choice|move firepunch|move spore
|
|move|p1a: Dragonite|Fire Punch|p2a: Breloom
|-supereffective|p2a: Breloom
|-damage|p2a: Breloom|19/281
|move|p2a: Breloom|Spore|p1a: Dragonite
|-status|p1a: Dragonite|slp
|-enditem|p1a: Dragonite|Lum Berry|[eat]
|-curestatus|p1a: Dragonite|slp|[msg]
|
|upkeep
|turn|2
|choice|move extremespeed|switch 5
|
|switch|p2a: Volcarona|Volcarona, M|311/311
|move|p1a: Dragonite|Extreme Speed|p2a: Volcarona
|-damage|p2a: Volcarona|163/311
|
|upkeep
|turn|3
|choice|move dragondance|switch 5
|
|switch|p2a: Breloom|Breloom, M|19/281
|move|p1a: Dragonite|Dragon Dance|p1a: Dragonite
|-boost|p1a: Dragonite|atk|1
|-boost|p1a: Dragonite|spe|1
|
|upkeep
|turn|4
|choice|move extremespeed|move stunspore
|
|move|p1a: Dragonite|Extreme Speed|p2a: Breloom
|-damage|p2a: Breloom|0 fnt
|faint|p2a: Breloom
|
|upkeep
|choice||switch 4
|
|switch|p2a: Scizor|Scizor, F|344/344
|turn|5
|choice|move firepunch|move bulletpunch
|
|move|p2a: Scizor|Bullet Punch|p1a: Dragonite
|-damage|p1a: Dragonite|262/324
|move|p1a: Dragonite|Fire Punch|p2a: Scizor
|-supereffective|p2a: Scizor
|-damage|p2a: Scizor|0 fnt
|faint|p2a: Scizor
|
|upkeep
|choice||switch 3
|
|switch|p2a: Dragonite|Dragonite, M|342/342
|turn|6
|choice|move outrage|move outrage
|
|move|p1a: Dragonite|Outrage|p2a: Dragonite
|-supereffective|p2a: Dragonite
|-damage|p2a: Dragonite|0 fnt
|faint|p2a: Dragonite
|
|upkeep
|choice||switch 6
|
|switch|p2a: Starmie|Starmie|261/261
|turn|7
|choice|move outrage|switch 5
|
|switch|p2a: Volcarona|Volcarona, M|163/311
|move|p1a: Dragonite|Outrage|p2a: Volcarona|[from]lockedmove
|-damage|p2a: Volcarona|0 fnt
|faint|p2a: Volcarona
|
|upkeep
|choice||switch 5
|
|switch|p2a: Starmie|Starmie|261/261
|turn|8
|choice|move outrage|move icebeam
|
|move|p1a: Dragonite|Outrage|p2a: Starmie|[from]lockedmove
|-damage|p2a: Starmie|0 fnt
|-start|p1a: Dragonite|confusion|[fatigue]
|faint|p2a: Starmie
|
|upkeep
|choice||switch 2
|
|switch|p2a: Garchomp|Garchomp, F|357/357
|turn|9
|choice|move outrage|move outrage
|
|-activate|p1a: Dragonite|confusion
|move|p1a: Dragonite|Outrage|p2a: Garchomp
|-supereffective|p2a: Garchomp
|-damage|p2a: Garchomp|0 fnt
|-damage|p1a: Dragonite|222/324|[from] ability: Rough Skin|[of] p2a: Garchomp
|faint|p2a: Garchomp
|
|win|Bredoom McDougal
|player|p1
|player|p2
|raw|Bredoom McDougal's rating: 1332 &rarr; <strong>1355</strong><br />(+23 for winning)
|raw|Flux Pavillon's rating: 1381 &rarr; <strong>1358</strong><br />(-23 for losing)
|l|Flux Pavillon