|j|☆refsunpersons()
|j|☆lolbw
|player|p1|refsunpersons()|bruno-gen3
|player|p2|lolbw|2
|teamsize|p1|6
|teamsize|p2|6
|gametype|singles
|gen|5
|tier|[Gen 5] OU
|rated|
|rule|Sleep Clause Mod: Limit one foe put to sleep
|rule|Species Clause: Limit one of each Pokémon
|rule|OHKO Clause: OHKO moves are banned
|rule|Moody Clause: Moody is banned
|rule|Evasion Moves Clause: Evasion moves are banned
|rule|Endless Battle Clause: Forcing endless battles is banned
|rule|HP Percentage Mod: HP is shown in percentages
|rule|Evasion Abilities Clause: Evasion abilities are banned
|rule|Baton Pass Clause: Limit one Baton Passer, can't pass Spe and other stats simultaneously
|rule|Swagger Clause: Swagger is banned
|clearpoke
|poke|p1|Gliscor, M|item
|poke|p1|Tyranitar, M|item
|poke|p1|Hydreigon, M|item
|poke|p1|Excadrill, M|item
|poke|p1|Amoonguss, F|item
|poke|p1|Magnezone|item
|poke|p2|Tyranitar, F|item
|poke|p2|Jirachi|item
|poke|p2|Landorus-Therian, M|item
|poke|p2|Keldeo|item
|poke|p2|Ferrothorn, M|item
|poke|p2|Garchomp, M|item
|teampreview
|c|☆refsunpersons()|gl hf
|inactive|Battle timer is ON: inactive players will automatically lose when time's up. (requested by lolbw)
|j| Elite3 Shimmy
|
|start
|switch|p1a: Hydreigon|Hydreigon, M|100/100
|switch|p2a: Keldeo|Keldeo|100/100
|turn|1
|
|switch|p1a: Amoonguss|Amoonguss, F|100/100
|move|p2a: Keldeo|Secret Sword|p1a: Amoonguss
|-resisted|p1a: Amoonguss
|-damage|p1a: Amoonguss|68/100
|
|-heal|p1a: Amoonguss|74/100|[from] item: Black Sludge
|upkeep
|turn|2
|
|switch|p2a: Landorus|Landorus-Therian, M|100/100
|-ability|p2a: Landorus|Intimidate|boost
|-unboost|p1a: Amoonguss|atk|1
|move|p1a: Amoonguss|Stun Spore|p2a: Landorus
|-status|p2a: Landorus|par
|
|-heal|p1a: Amoonguss|80/100|[from] item: Black Sludge
|upkeep
|turn|3
|
|move|p2a: Landorus|U-turn|p1a: Amoonguss
|-damage|p1a: Amoonguss|53/100
|
|switch|p2a: Garchomp|Garchomp, M|100/100
|move|p1a: Amoonguss|Hidden Power|p2a: Garchomp
|-supereffective|p2a: Garchomp
|-damage|p2a: Garchomp|32/100
|
|-heal|p1a: Amoonguss|60/100|[from] item: Black Sludge
|upkeep
|turn|4
|
|switch|p1a: Gliscor|Gliscor, M|100/100
|move|p2a: Garchomp|Outrage|p1a: Gliscor
|-damage|p1a: Gliscor|57/100
|
|-status|p1a: Gliscor|tox|[from] item: Toxic Orb
|upkeep
|turn|5
|
|move|p1a: Gliscor|Protect|p1a: Gliscor
|-singleturn|p1a: Gliscor|Protect
|move|p2a: Garchomp|Outrage|p1a: Gliscor|[from]lockedmove
|-activate|p1a: Gliscor|move: Protect
|
|-heal|p1a: Gliscor|70/100 tox|[from] ability: Poison Heal
|upkeep
|turn|6
|
|switch|p2a: Ferrothorn|Ferrothorn, M|100/100
|move|p1a: Gliscor|Earthquake|p2a: Ferrothorn
|-damage|p2a: Ferrothorn|80/100
|
|-heal|p2a: Ferrothorn|86/100|[from] item: Leftovers
|-heal|p1a: Gliscor|82/100 tox|[from] ability: Poison Heal
|upkeep
|turn|7
|
|switch|p2a: Garchomp|Garchomp, M|32/100
|move|p1a: Gliscor|Taunt|p2a: Garchomp
|-start|p2a: Garchomp|move: Taunt
|
|-heal|p1a: Gliscor|95/100 tox|[from] ability: Poison Heal
|upkeep
|turn|8
|l|☆lolbw
|inactive|lolbw disconnected and has a minute to reconnect!
|player|p2|
|c|☆refsunpersons()|lolbw
|inactive|lolbw has 30 seconds to reconnect!
|inactive|lolbw has 20 seconds to reconnect!
|inactive|lolbw has 15 seconds to reconnect!
|inactive|lolbw has 10 seconds to reconnect!
|inactive|lolbw has 5 seconds to reconnect!
|-message|lolbw lost due to inactivity.
|
|win|refsunpersons()
|raw|refsunpersons()'s rating: 1342 &rarr; <strong>1361</strong><br />(+19 for winning)
|raw|lolbw's rating: 1330 &rarr; <strong>1310</strong><br />(-20 for losing)
