|j|☆Baptbowser
|j|☆Crimsonbacon38
|t:|1739821328
|gametype|singles
|player|p1|Baptbowser|giovanni|1329
|player|p2|Crimsonbacon38|barry|1285
|teamsize|p1|6
|teamsize|p2|6
|gen|5
|tier|[Gen 5] OU
|rated|
|rule|Species Clause: Limit one of each Pokémon
|rule|OHKO Clause: OHKO moves are banned
|rule|Moody Clause: Moody is banned
|rule|Evasion Items Clause: Evasion items are banned
|rule|Evasion Moves Clause: Evasion moves are banned
|rule|Endless Battle Clause: Forcing endless battles is banned
|rule|HP Percentage Mod: HP is shown in percentages
|rule|Evasion Abilities Clause: Evasion abilities are banned
|rule|Sleep Moves Clause: Sleep-inducing moves are banned
|rule|Swagger Clause: Swagger is banned
|rule|Baton Pass Stat Clause: No Baton Passer may have a way to boost its stats
|clearpoke
|poke|p1|Jirachi|item
|poke|p1|Magnezone|item
|poke|p1|Garchomp, M|item
|poke|p1|Latios, M|item
|poke|p1|Kyurem-Black|item
|poke|p1|Salamence, F|item
|poke|p2|Starmie|item
|poke|p2|Tyranitar, F|item
|poke|p2|Ferrothorn, M|item
|poke|p2|Alakazam, M|item
|poke|p2|Garchomp, M|item
|poke|p2|Scizor, M|item
|teampreview
|inactive|Battle timer is ON: inactive players will automatically lose when time's up. (requested by Baptbowser)
|inactive|Baptbowser has 120 seconds left.
|
|t:|1739821359
|start
|switch|p1a: Jirachi|Jirachi|100/100
|switch|p2a: Scizor|Scizor, M|100/100
|turn|1
|
|t:|1739821362
|move|p1a: Jirachi|U-turn|p2a: Scizor
|-resisted|p2a: Scizor
|-damage|p2a: Scizor|88/100
|
|t:|1739821364
|switch|p1a: Magnezone|Magnezone|100/100|[from] U-turn
|-item|p1a: Magnezone|Air Balloon
|move|p2a: Scizor|U-turn|p1a: Magnezone
|-resisted|p1a: Magnezone
|-damage|p1a: Magnezone|66/100
|-enditem|p1a: Magnezone|Air Balloon
|
|t:|1739821371
|switch|p2a: Garchomp|Garchomp, M|100/100|[from] U-turn
|
|upkeep
|turn|2
|
|t:|1739821376
|switch|p1a: Salamence|Salamence, F|100/100
|move|p2a: Garchomp|Stealth Rock|p1a: Salamence
|-sidestart|p1: Baptbowser|move: Stealth Rock
|
|upkeep
|turn|3
|
|t:|1739821382
|switch|p2a: Ferrothorn|Ferrothorn, M|100/100
|move|p1a: Salamence|Outrage|p2a: Ferrothorn
|-resisted|p2a: Ferrothorn
|-damage|p2a: Ferrothorn|74/100
|-damage|p1a: Salamence|88/100|[from] ability: Iron Barbs|[of] p2a: Ferrothorn
|
|upkeep
|turn|4
|
|t:|1739821396
|move|p1a: Salamence|Outrage|p2a: Ferrothorn|[from] lockedmove
|-resisted|p2a: Ferrothorn
|-damage|p2a: Ferrothorn|48/100
|-damage|p1a: Salamence|76/100|[from] ability: Iron Barbs|[of] p2a: Ferrothorn
|move|p2a: Ferrothorn|Spikes|p1a: Salamence
|-sidestart|p1: Baptbowser|Spikes
|
|upkeep
|turn|5
|
|t:|1739821414
|move|p1a: Salamence|Outrage|p2a: Ferrothorn|[from] lockedmove
|-resisted|p2a: Ferrothorn
|-damage|p2a: Ferrothorn|22/100
|-damage|p1a: Salamence|63/100|[from] ability: Iron Barbs|[of] p2a: Ferrothorn
|-start|p1a: Salamence|confusion|[fatigue]
|move|p2a: Ferrothorn|Knock Off|p1a: Salamence
|-damage|p1a: Salamence|56/100
|-enditem|p1a: Salamence|Choice Scarf|[from] move: Knock Off|[of] p2a: Ferrothorn
|
|upkeep
|turn|6
|
|t:|1739821422
|switch|p1a: Magnezone|Magnezone|66/100
|-damage|p1a: Magnezone|60/100|[from] Stealth Rock
|-damage|p1a: Magnezone|47/100|[from] Spikes
|switch|p2a: Garchomp|Garchomp, M|100/100
|
|upkeep
|turn|7
|
|t:|1739821427
|switch|p1a: Salamence|Salamence, F|56/100
|-damage|p1a: Salamence|31/100|[from] Stealth Rock
|move|p2a: Garchomp|Swords Dance|p2a: Garchomp
|-boost|p2a: Garchomp|atk|2
|
|upkeep
|turn|8
|
|t:|1739821437
|switch|p2a: Tyranitar|Tyranitar, F|100/100
|-weather|Sandstorm|[from] ability: Sand Stream|[of] p2a: Tyranitar
|move|p1a: Salamence|Outrage|p2a: Tyranitar
|-damage|p2a: Tyranitar|31/100
|
|-weather|Sandstorm|[upkeep]
|-damage|p1a: Salamence|25/100|[from] Sandstorm
|upkeep
|turn|9
|
|t:|1739821457
|switch|p2a: Ferrothorn|Ferrothorn, M|22/100
|move|p1a: Salamence|Outrage|p2a: Ferrothorn|[from] lockedmove
|-resisted|p2a: Ferrothorn
|-damage|p2a: Ferrothorn|0 fnt
|-damage|p1a: Salamence|13/100|[from] ability: Iron Barbs|[of] p2a: Ferrothorn
|faint|p2a: Ferrothorn
|-ability|p1a: Salamence|Moxie|boost
|-boost|p1a: Salamence|atk|1
|-start|p1a: Salamence|confusion|[fatigue]
|
|-weather|Sandstorm|[upkeep]
|-damage|p1a: Salamence|7/100|[from] Sandstorm
|upkeep
|
|t:|1739821476
|switch|p2a: Starmie|Starmie|100/100
|-item|p2a: Starmie|Air Balloon
|turn|10
|
|t:|1739821480
|move|p2a: Starmie|Ice Beam|p1a: Salamence
|-supereffective|p1a: Salamence
|-damage|p1a: Salamence|0 fnt
|faint|p1a: Salamence
|
|-weather|Sandstorm|[upkeep]
|-damage|p2a: Starmie|94/100|[from] Sandstorm
|upkeep
|
|t:|1739821483
|switch|p1a: Jirachi|Jirachi|100/100
|-damage|p1a: Jirachi|94/100|[from] Stealth Rock
|-damage|p1a: Jirachi|82/100|[from] Spikes
|turn|11
|
|t:|1739821487
|switch|p2a: Garchomp|Garchomp, M|100/100
|move|p1a: Jirachi|U-turn|p2a: Garchomp
|-damage|p2a: Garchomp|80/100
|-damage|p1a: Jirachi|70/100|[from] ability: Rough Skin|[of] p2a: Garchomp
|
|t:|1739821504
|switch|p1a: Latios|Latios, M|100/100|[from] U-turn
|-damage|p1a: Latios|88/100|[from] Stealth Rock
|
|-weather|Sandstorm|[upkeep]
|-damage|p1a: Latios|82/100|[from] Sandstorm
|-heal|p2a: Garchomp|86/100|[from] item: Leftovers
|upkeep
|turn|12
|
|t:|1739821513
|switch|p2a: Tyranitar|Tyranitar, F|31/100
|move|p1a: Latios|Draco Meteor|p2a: Tyranitar
|-damage|p2a: Tyranitar|0 fnt
|-unboost|p1a: Latios|spa|2
|faint|p2a: Tyranitar
|
|-weather|Sandstorm|[upkeep]
|-damage|p1a: Latios|76/100|[from] Sandstorm
|upkeep
|
|t:|1739821519
|switch|p2a: Scizor|Scizor, M|88/100
|turn|13
|
|t:|1739821540
|-activate|p1a: Latios|move: Pursuit
|move|p2a: Scizor|Pursuit|p1a: Latios|[from] Pursuit
|-supereffective|p1a: Latios
|-damage|p1a: Latios|0 fnt
|faint|p1a: Latios
|-hint|A Pokemon can't switch between when it runs out of HP and when it faints
|
|-weather|Sandstorm|[upkeep]
|upkeep
|
|t:|1739821542
|switch|p1a: Magnezone|Magnezone|47/100
|-damage|p1a: Magnezone|41/100|[from] Stealth Rock
|-damage|p1a: Magnezone|29/100|[from] Spikes
|turn|14
|
|t:|1739821545
|move|p2a: Scizor|Pursuit|p1a: Magnezone
|-resisted|p1a: Magnezone
|-crit|p1a: Magnezone
|-damage|p1a: Magnezone|0 fnt
|faint|p1a: Magnezone
|
|-weather|Sandstorm|[upkeep]
|upkeep
|
|t:|1739821565
|switch|p1a: Garchomp|Garchomp, M|100/100
|-damage|p1a: Garchomp|94/100|[from] Stealth Rock
|-damage|p1a: Garchomp|82/100|[from] Spikes
|turn|15
|
|t:|1739821576
|switch|p2a: Starmie|Starmie|94/100
|-item|p2a: Starmie|Air Balloon
|move|p1a: Garchomp|Swords Dance|p1a: Garchomp
|-boost|p1a: Garchomp|atk|2
|
|-weather|Sandstorm|[upkeep]
|-damage|p2a: Starmie|88/100|[from] Sandstorm
|upkeep
|turn|16
|
|t:|1739821583
|switch|p1a: Jirachi|Jirachi|70/100
|-damage|p1a: Jirachi|64/100|[from] Stealth Rock
|-damage|p1a: Jirachi|51/100|[from] Spikes
|move|p2a: Starmie|Ice Beam|p1a: Jirachi
|-resisted|p1a: Jirachi
|-damage|p1a: Jirachi|34/100
|
|-weather|Sandstorm|[upkeep]
|-damage|p2a: Starmie|82/100|[from] Sandstorm
|-heal|p1a: Jirachi|40/100|[from] item: Leftovers
|upkeep
|turn|17
|
|t:|1739821588
|switch|p2a: Garchomp|Garchomp, M|86/100
|move|p1a: Jirachi|U-turn|p2a: Garchomp
|-damage|p2a: Garchomp|65/100
|-damage|p1a: Jirachi|28/100|[from] ability: Rough Skin|[of] p2a: Garchomp
|
|t:|1739821590
|switch|p1a: Kyurem|Kyurem-Black|100/100|[from] U-turn
|-damage|p1a: Kyurem|76/100|[from] Stealth Rock
|-damage|p1a: Kyurem|63/100|[from] Spikes
|-ability|p1a: Kyurem|Teravolt
|
|-weather|Sandstorm|[upkeep]
|-damage|p1a: Kyurem|57/100|[from] Sandstorm
|-heal|p2a: Garchomp|71/100|[from] item: Leftovers
|upkeep
|turn|18
|
|t:|1739821593
|move|p2a: Garchomp|Outrage|p1a: Kyurem
|-supereffective|p1a: Kyurem
|-damage|p1a: Kyurem|0 fnt
|faint|p1a: Kyurem
|
|-weather|Sandstorm|[upkeep]
|-heal|p2a: Garchomp|78/100|[from] item: Leftovers
|upkeep
|
|t:|1739821595
|switch|p1a: Jirachi|Jirachi|28/100
|-damage|p1a: Jirachi|22/100|[from] Stealth Rock
|-damage|p1a: Jirachi|9/100|[from] Spikes
|turn|19
|
|t:|1739821599
|move|p2a: Garchomp|Outrage|p1a: Jirachi|[from] lockedmove
|-resisted|p1a: Jirachi
|-damage|p1a: Jirachi|0 fnt
|faint|p1a: Jirachi
|
|-weather|Sandstorm|[upkeep]
|-heal|p2a: Garchomp|84/100|[from] item: Leftovers
|upkeep
|
|t:|1739821601
|switch|p1a: Garchomp|Garchomp, M|82/100
|-damage|p1a: Garchomp|76/100|[from] Stealth Rock
|-damage|p1a: Garchomp|64/100|[from] Spikes
|turn|20
|
|t:|1739821603
|move|p2a: Garchomp|Outrage|p1a: Garchomp|[from] lockedmove
|-supereffective|p1a: Garchomp
|-damage|p1a: Garchomp|0 fnt
|-damage|p2a: Garchomp|71/100|[from] ability: Rough Skin|[of] p1a: Garchomp
|faint|p1a: Garchomp
|-start|p2a: Garchomp|confusion|[fatigue]
|
|win|Crimsonbacon38
|raw|Baptbowser's rating: 1329 &rarr; <strong>1306</strong><br />(-23 for losing)
|raw|Crimsonbacon38's rating: 1285 &rarr; <strong>1313</strong><br />(+28 for winning)
|l|☆Baptbowser
|player|p1|
