|j|☆porrompompom
|j|☆tohki
|player|p1|porrompompom|2
|player|p2|tohki|28
|teamsize|p1|6
|teamsize|p2|6
|gametype|singles
|gen|5
|tier|[Gen 5] OU
|rated|
|rule|Sleep Clause Mod: Limit one foe put to sleep
|rule|Species Clause: Limit one of each Pokémon
|rule|OHKO Clause: OHKO moves are banned
|rule|Moody Clause: Moody is banned
|rule|Evasion Moves Clause: Evasion moves are banned
|rule|Endless Battle Clause: Forcing endless battles is banned
|rule|HP Percentage Mod: HP is shown in percentages
|rule|Evasion Abilities Clause: Evasion abilities are banned
|rule|Baton Pass Clause: Limit one Baton Passer, can't pass Spe and other stats simultaneously
|rule|Swagger Clause: Swagger is banned
|clearpoke
|poke|p1|Starmie|item
|poke|p1|Volcarona, M|item
|poke|p1|Jirachi|item
|poke|p1|Terrakion|item
|poke|p1|Breloom, M|item
|poke|p1|Dragonite, F|item
|poke|p2|Abomasnow, M|item
|poke|p2|Xatu, M|item
|poke|p2|Diglett, F|item
|poke|p2|Garchomp, M|item
|poke|p2|Kyurem|item
|poke|p2|Reuniclus, F|item
|teampreview
|c|☆tohki|gl hf
|
|start
|switch|p1a: Jirachi|Jirachi|100/100
|switch|p2a: Abomasnow|Abomasnow, M|100/100
|-weather|Hail|[from] ability: Snow Warning|[of] p2a: Abomasnow
|turn|1
|
|switch|p2a: Xatu|Xatu, M|100/100
|move|p1a: Jirachi|Iron Head|p2a: Xatu
|-damage|p2a: Xatu|66/100
|-damage|p1a: Jirachi|84/100|[from] item: Rocky Helmet|[of] p2a: Xatu
|
|-weather|Hail|[upkeep]
|-damage|p1a: Jirachi|78/100|[from] Hail
|-damage|p2a: Xatu|60/100|[from] Hail
|upkeep
|turn|2
|
|move|p1a: Jirachi|Iron Head|p2a: Xatu
|-damage|p2a: Xatu|27/100
|-damage|p1a: Jirachi|61/100|[from] item: Rocky Helmet|[of] p2a: Xatu
|move|p2a: Xatu|Roost|p2a: Xatu
|-heal|p2a: Xatu|77/100
|
|-weather|Hail|[upkeep]
|-damage|p1a: Jirachi|55/100|[from] Hail
|-damage|p2a: Xatu|71/100|[from] Hail
|upkeep
|turn|3
|c|☆porrompompom|heheh
|c|☆tohki|aim for the horn
|
|switch|p1a: Volcarona|Volcarona, M|100/100
|move|p2a: Xatu|Roost|p2a: Xatu
|-heal|p2a: Xatu|100/100
|
|-weather|Hail|[upkeep]
|-damage|p1a: Volcarona|94/100|[from] Hail
|-damage|p2a: Xatu|94/100|[from] Hail
|upkeep
|turn|4
|
|move|p1a: Volcarona|Fire Blast|p2a: Xatu
|-damage|p2a: Xatu|0 fnt
|-damage|p1a: Volcarona|84/100|[from] item: Life Orb
|faint|p2a: Xatu
|
|-weather|Hail|[upkeep]
|-damage|p1a: Volcarona|78/100|[from] Hail
|upkeep
|
|switch|p2a: Garchomp|Garchomp, M|100/100
|turn|5
|
|switch|p1a: Dragonite|Dragonite, F|100/100
|move|p2a: Garchomp|Earthquake|p1a: Dragonite
|-immune|p1a: Dragonite|[msg]
|
|-weather|Hail|[upkeep]
|-damage|p2a: Garchomp|94/100|[from] Hail
|-damage|p1a: Dragonite|94/100|[from] Hail
|upkeep
|turn|6
|
|switch|p2a: Abomasnow|Abomasnow, M|100/100
|switch|p1a: Terrakion|Terrakion|100/100
|
|-weather|Hail|[upkeep]
|-damage|p1a: Terrakion|94/100|[from] Hail
|upkeep
|turn|7
|
|move|p1a: Terrakion|Stealth Rock|p2a: Abomasnow
|-sidestart|p2: tohki|move: Stealth Rock
|move|p2a: Abomasnow|Giga Drain|p1a: Terrakion
|-supereffective|p1a: Terrakion
|-damage|p1a: Terrakion|16/100
|
|-weather|Hail|[upkeep]
|-damage|p1a: Terrakion|10/100|[from] Hail
|upkeep
|turn|8
|
|switch|p1a: Jirachi|Jirachi|55/100
|move|p2a: Abomasnow|Ice Shard|p1a: Jirachi
|-resisted|p1a: Jirachi
|-damage|p1a: Jirachi|48/100
|
|-weather|Hail|[upkeep]
|-damage|p1a: Jirachi|42/100|[from] Hail
|upkeep
|turn|9
|
|move|p1a: Jirachi|U-turn|p2a: Abomasnow
|-supereffective|p2a: Abomasnow
|-damage|p2a: Abomasnow|42/100
|
|switch|p1a: Terrakion|Terrakion|10/100
|move|p2a: Abomasnow|Hidden Power|p1a: Terrakion
|-resisted|p1a: Terrakion
|-damage|p1a: Terrakion|0 fnt
|faint|p1a: Terrakion
|
|-weather|Hail|[upkeep]
|upkeep
|
|switch|p1a: Jirachi|Jirachi|42/100
|turn|10
|
|move|p1a: Jirachi|U-turn|p2a: Abomasnow
|-supereffective|p2a: Abomasnow
|-damage|p2a: Abomasnow|0 fnt
|faint|p2a: Abomasnow
|
|switch|p1a: Starmie|Starmie|100/100
|
|-weather|Hail|[upkeep]
|-damage|p1a: Starmie|94/100|[from] Hail
|upkeep
|
|switch|p2a: Reuniclus|Reuniclus, F|100/100
|turn|11
|
|switch|p1a: Breloom|Breloom, M|100/100
|move|p2a: Reuniclus|Calm Mind|p2a: Reuniclus
|-boost|p2a: Reuniclus|spa|1
|-boost|p2a: Reuniclus|spd|1
|
|-weather|Hail|[upkeep]
|-damage|p1a: Breloom|94/100|[from] Hail
|upkeep
|turn|12
|
|move|p1a: Breloom|Spore|p2a: Reuniclus
|-status|p2a: Reuniclus|slp
|cant|p2a: Reuniclus|slp
|
|-weather|Hail|[upkeep]
|-damage|p1a: Breloom|88/100|[from] Hail
|upkeep
|turn|13
|
|move|p1a: Breloom|Bullet Seed|p2a: Reuniclus
|-damage|p2a: Reuniclus|88/100 slp
|-damage|p2a: Reuniclus|75/100 slp
|-crit|p2a: Reuniclus
|-damage|p2a: Reuniclus|50/100 slp
|-damage|p2a: Reuniclus|38/100 slp
|-damage|p2a: Reuniclus|25/100 slp
|-hitcount|p2a: Reuniclus|5
|-curestatus|p2a: Reuniclus|slp|[msg]
|move|p2a: Reuniclus|Psyshock|p1a: Breloom
|-supereffective|p1a: Breloom
|-damage|p1a: Breloom|0 fnt
|faint|p1a: Breloom
|
|-weather|Hail|[upkeep]
|-heal|p2a: Reuniclus|31/100|[from] item: Leftovers
|upkeep
|
|switch|p1a: Volcarona|Volcarona, M|78/100
|turn|14
|
|move|p1a: Volcarona|Bug Buzz|p2a: Reuniclus
|-supereffective|p2a: Reuniclus
|-damage|p2a: Reuniclus|0 fnt
|-damage|p1a: Volcarona|68/100|[from] item: Life Orb
|faint|p2a: Reuniclus
|
|-weather|Hail|[upkeep]
|-damage|p1a: Volcarona|62/100|[from] Hail
|upkeep
|
|switch|p2a: Garchomp|Garchomp, M|94/100
|-damage|p2a: Garchomp|88/100|[from] Stealth Rock
|turn|15
|
|move|p2a: Garchomp|Earthquake|p1a: Volcarona
|-damage|p1a: Volcarona|0 fnt
|faint|p1a: Volcarona
|
|-weather|Hail|[upkeep]
|-damage|p2a: Garchomp|82/100|[from] Hail
|upkeep
|
|switch|p1a: Dragonite|Dragonite, F|94/100
|turn|16
|
|switch|p2a: Diglett|Diglett, F|100/100
|-damage|p2a: Diglett|94/100|[from] Stealth Rock
|move|p1a: Dragonite|Extreme Speed|p2a: Diglett
|-damage|p2a: Diglett|0 fnt
|faint|p2a: Diglett
|
|-weather|Hail|[upkeep]
|-damage|p1a: Dragonite|88/100|[from] Hail
|upkeep
|
|switch|p2a: Garchomp|Garchomp, M|82/100
|-damage|p2a: Garchomp|76/100|[from] Stealth Rock
|turn|17
|
|move|p1a: Dragonite|Extreme Speed|p2a: Garchomp
|-damage|p2a: Garchomp|47/100
|-damage|p1a: Dragonite|76/100|[from] ability: Rough Skin|[of] p2a: Garchomp
|move|p2a: Garchomp|Outrage|p1a: Dragonite
|-supereffective|p1a: Dragonite
|-damage|p1a: Dragonite|0 fnt
|faint|p1a: Dragonite
|
|-weather|Hail|[upkeep]
|-damage|p2a: Garchomp|41/100|[from] Hail
|upkeep
|
|switch|p1a: Jirachi|Jirachi|42/100
|turn|18
|
|move|p2a: Garchomp|Outrage|p1a: Jirachi|[from]lockedmove
|-resisted|p1a: Jirachi
|-damage|p1a: Jirachi|13/100
|move|p1a: Jirachi|Ice Punch|p2a: Garchomp
|-supereffective|p2a: Garchomp
|-damage|p2a: Garchomp|0 fnt
|-damage|p1a: Jirachi|1/100|[from] ability: Rough Skin|[of] p2a: Garchomp
|faint|p2a: Garchomp
|
|-weather|Hail|[upkeep]
|-damage|p1a: Jirachi|0 fnt|[from] Hail
|upkeep
|faint|p1a: Jirachi
|
|switch|p2a: Kyurem|Kyurem|100/100
|switch|p1a: Starmie|Starmie|94/100
|-damage|p2a: Kyurem|76/100|[from] Stealth Rock
|-ability|p2a: Kyurem|Pressure
|turn|19
|c|☆tohki|i am too horny for this
|c|☆tohki|pokemon is a tool of the satan dont play it
|inactive|Battle timer is ON: inactive players will automatically lose when time's up. (requested by porrompompom)
|
|move|p1a: Starmie|Psyshock|p2a: Kyurem
|-damage|p2a: Kyurem|32/100
|-damage|p1a: Starmie|84/100|[from] item: Life Orb
|move|p2a: Kyurem|Blizzard|p1a: Starmie
|-resisted|p1a: Starmie
|-damage|p1a: Starmie|38/100
|
|-weather|Hail|[upkeep]
|-damage|p1a: Starmie|32/100|[from] Hail
|-heal|p2a: Kyurem|38/100|[from] item: Leftovers
|upkeep
|turn|20
|c|☆tohki|gg wp
|
|move|p1a: Starmie|Psyshock|p2a: Kyurem
|-damage|p2a: Kyurem|0 fnt
|-damage|p1a: Starmie|22/100|[from] item: Life Orb
|faint|p2a: Kyurem
|
|win|porrompompom
|l|☆porrompompom
|raw|porrompompom's rating: 1511 &rarr; <strong>1525</strong><br />(+14 for winning)
|raw|tohki's rating: 1395 &rarr; <strong>1381</strong><br />(-14 for losing)
