|j|☆2can Toco
|j|☆qeod
|player|p1|2can Toco|birdkeeper-gen4dp|1332
|player|p2|qeod|biker-gen2|1276
|teamsize|p1|6
|teamsize|p2|6
|gametype|singles
|gen|5
|tier|[Gen 5] OU
|rated|
|clearpoke
|poke|p1|Tyranitar, M|item
|poke|p1|Landorus-Therian, M|item
|poke|p1|Terrakion|item
|poke|p1|Excadrill, F|item
|poke|p1|Celebi|item
|poke|p1|Rotom-Wash|item
|poke|p2|Cloyster, M|item
|poke|p2|Haxorus, M|item
|poke|p2|Gyarados, F|item
|poke|p2|Volcarona, F|item
|poke|p2|Politoed, F|item
|poke|p2|Jirachi|item
|rule|Species Clause: Limit one of each Pokémon
|rule|OHKO Clause: OHKO moves are banned
|rule|Moody Clause: Moody is banned
|rule|Evasion Moves Clause: Evasion moves are banned
|rule|Endless Battle Clause: Forcing endless battles is banned
|rule|HP Percentage Mod: HP is shown in percentages
|rule|Evasion Abilities Clause: Evasion abilities are banned
|rule|Baton Pass Clause: Limit one Baton Passer, can't pass Spe and other stats simultaneously
|rule|Sleep Clause: Sleep-inducing moves are banned
|rule|Swagger Clause: Swagger is banned
|teampreview
|inactive|Battle timer is ON: inactive players will automatically lose when time's up. (requested by 2can Toco)
|
|start
|switch|p1a: Terrakion|Terrakion|100/100
|switch|p2a: Haxorus|Haxorus, M, shiny|100/100
|-ability|p2a: Haxorus|Mold Breaker
|turn|1
|
|move|p1a: Terrakion|Close Combat|p2a: Haxorus
|-damage|p2a: Haxorus|0 fnt
|-unboost|p1a: Terrakion|def|1
|-unboost|p1a: Terrakion|spd|1
|faint|p2a: Haxorus
|
|upkeep
|
|switch|p2a: Politoed|Politoed, F, shiny|100/100
|-weather|RainDance|[from] ability: Drizzle|[of] p2a: Politoed
|turn|2
|
|switch|p1a: Rotom|Rotom-Wash|100/100
|move|p2a: Politoed|Hydro Pump|p1a: Rotom
|-resisted|p1a: Rotom
|-damage|p1a: Rotom|54/100
|
|-weather|RainDance|[upkeep]
|-heal|p1a: Rotom|60/100|[from] item: Leftovers
|upkeep
|turn|3
|
|move|p1a: Rotom|Volt Switch|p2a: Politoed
|-supereffective|p2a: Politoed
|-damage|p2a: Politoed|53/100
|
|switch|p1a: Celebi|Celebi|100/100|[from]move: Volt Switch
|move|p2a: Politoed|Hydro Pump|p1a: Celebi|[miss]
|-miss|p2a: Politoed|p1a: Celebi
|
|-weather|RainDance|[upkeep]
|upkeep
|turn|4
|
|switch|p2a: Volcarona|Volcarona, F, shiny|100/100
|move|p1a: Celebi|Nasty Plot|p1a: Celebi
|-boost|p1a: Celebi|spa|2
|
|-weather|RainDance|[upkeep]
|upkeep
|turn|5
|
|move|p2a: Volcarona|Quiver Dance|p2a: Volcarona
|-boost|p2a: Volcarona|spa|1
|-boost|p2a: Volcarona|spd|1
|-boost|p2a: Volcarona|spe|1
|move|p1a: Celebi|Psychic|p2a: Volcarona
|-damage|p2a: Volcarona|59/100
|
|-weather|RainDance|[upkeep]
|-heal|p2a: Volcarona|65/100|[from] item: Leftovers
|upkeep
|turn|6
|
|move|p2a: Volcarona|Quiver Dance|p2a: Volcarona
|-boost|p2a: Volcarona|spa|1
|-boost|p2a: Volcarona|spd|1
|-boost|p2a: Volcarona|spe|1
|move|p1a: Celebi|Psychic|p2a: Volcarona
|-damage|p2a: Volcarona|35/100
|
|-weather|RainDance|[upkeep]
|-heal|p2a: Volcarona|41/100|[from] item: Leftovers
|upkeep
|turn|7
|
|move|p2a: Volcarona|Bug Buzz|p1a: Celebi
|-supereffective|p1a: Celebi
|-damage|p1a: Celebi|0 fnt
|faint|p1a: Celebi
|
|-weather|RainDance|[upkeep]
|-heal|p2a: Volcarona|47/100|[from] item: Leftovers
|upkeep
|
|switch|p1a: Tyranitar|Tyranitar, M|100/100
|-weather|Sandstorm|[from] ability: Sand Stream|[of] p1a: Tyranitar
|turn|8
|
|move|p2a: Volcarona|Bug Buzz|p1a: Tyranitar
|-supereffective|p1a: Tyranitar
|-damage|p1a: Tyranitar|0 fnt
|faint|p1a: Tyranitar
|
|-weather|Sandstorm|[upkeep]
|-damage|p2a: Volcarona|41/100|[from] Sandstorm
|-heal|p2a: Volcarona|47/100|[from] item: Leftovers
|upkeep
|
|switch|p1a: Terrakion|Terrakion|100/100
|turn|9
|
|move|p2a: Volcarona|Hidden Power|p1a: Terrakion
|-supereffective|p1a: Terrakion
|-damage|p1a: Terrakion|12/100
|move|p1a: Terrakion|Close Combat|p2a: Volcarona
|-resisted|p2a: Volcarona
|-damage|p2a: Volcarona|0 fnt
|-unboost|p1a: Terrakion|def|1
|-unboost|p1a: Terrakion|spd|1
|faint|p2a: Volcarona
|
|-weather|Sandstorm|[upkeep]
|upkeep
|
|switch|p2a: Gyarados|Gyarados, F|100/100
|-ability|p2a: Gyarados|Intimidate|boost
|-unboost|p1a: Terrakion|atk|1
|turn|10
|
|switch|p1a: Rotom|Rotom-Wash|60/100
|move|p2a: Gyarados|Double-Edge|p1a: Rotom
|-damage|p1a: Rotom|0 fnt
|-damage|p2a: Gyarados|84/100|[from] Recoil
|faint|p1a: Rotom
|
|-weather|Sandstorm|[upkeep]
|-damage|p2a: Gyarados|78/100|[from] Sandstorm
|upkeep
|
|switch|p1a: Terrakion|Terrakion|12/100
|turn|11
|
|switch|p2a: Jirachi|Jirachi|100/100
|move|p1a: Terrakion|Stone Edge|p2a: Jirachi
|-resisted|p2a: Jirachi
|-damage|p2a: Jirachi|73/100
|
|-weather|Sandstorm|[upkeep]
|-heal|p2a: Jirachi|79/100|[from] item: Leftovers
|upkeep
|turn|12
|
|switch|p1a: Landorus|Landorus-Therian, M|100/100
|-ability|p1a: Landorus|Intimidate|boost
|-unboost|p2a: Jirachi|atk|1
|move|p2a: Jirachi|Calm Mind|p2a: Jirachi
|-boost|p2a: Jirachi|spa|1
|-boost|p2a: Jirachi|spd|1
|
|-weather|Sandstorm|[upkeep]
|-heal|p2a: Jirachi|85/100|[from] item: Leftovers
|upkeep
|turn|13
|
|move|p1a: Landorus|Stealth Rock|p2a: Jirachi
|-sidestart|p2: qeod|move: Stealth Rock
|move|p2a: Jirachi|Psyshock|p1a: Landorus
|-damage|p1a: Landorus|61/100
|
|-weather|Sandstorm|[upkeep]
|-heal|p2a: Jirachi|91/100|[from] item: Leftovers
|upkeep
|turn|14
|
|move|p1a: Landorus|Earthquake|p2a: Jirachi
|-supereffective|p2a: Jirachi
|-damage|p2a: Jirachi|12/100
|move|p2a: Jirachi|Substitute|p2a: Jirachi
|-fail|p2a: Jirachi|move: Substitute|[weak]
|
|-weather|Sandstorm|[upkeep]
|-heal|p2a: Jirachi|19/100|[from] item: Leftovers
|upkeep
|turn|15
|
|move|p1a: Landorus|Earthquake|p2a: Jirachi
|-supereffective|p2a: Jirachi
|-damage|p2a: Jirachi|0 fnt
|faint|p2a: Jirachi
|
|-weather|Sandstorm|[upkeep]
|upkeep
|
|switch|p2a: Politoed|Politoed, F, shiny|53/100
|-damage|p2a: Politoed|41/100|[from] Stealth Rock
|-weather|RainDance|[from] ability: Drizzle|[of] p2a: Politoed
|turn|16
|
|move|p1a: Landorus|Earthquake|p2a: Politoed
|-damage|p2a: Politoed|0 fnt
|faint|p2a: Politoed
|
|-weather|RainDance|[upkeep]
|upkeep
|
|switch|p2a: Cloyster|Cloyster, M|100/100
|-damage|p2a: Cloyster|76/100|[from] Stealth Rock
|turn|17
|
|move|p1a: Landorus|Earthquake|p2a: Cloyster
|-damage|p2a: Cloyster|34/100
|move|p2a: Cloyster|Shell Smash|p2a: Cloyster
|-unboost|p2a: Cloyster|def|1
|-unboost|p2a: Cloyster|spd|1
|-boost|p2a: Cloyster|atk|2
|-boost|p2a: Cloyster|spa|2
|-boost|p2a: Cloyster|spe|2
|
|-weather|RainDance|[upkeep]
|upkeep
|turn|18
|
|move|p2a: Cloyster|Icicle Spear|p1a: Landorus
|-supereffective|p1a: Landorus
|-damage|p1a: Landorus|0 fnt
|-hitcount|p1a: Landorus|1
|faint|p1a: Landorus
|
|-weather|RainDance|[upkeep]
|upkeep
|
|switch|p1a: Terrakion|Terrakion|12/100
|turn|19
|
|move|p1a: Terrakion|Quick Attack|p2a: Cloyster
|-damage|p2a: Cloyster|8/100
|move|p2a: Cloyster|Icicle Spear|p1a: Terrakion
|-damage|p1a: Terrakion|0 fnt
|-hitcount|p1a: Terrakion|1
|faint|p1a: Terrakion
|
|-weather|RainDance|[upkeep]
|upkeep
|
|switch|p1a: Excadrill|Excadrill, F|100/100
|turn|20
|
|move|p2a: Cloyster|Razor Shell|p1a: Excadrill
|-supereffective|p1a: Excadrill
|-damage|p1a: Excadrill|0 fnt
|faint|p1a: Excadrill
|
|win|qeod
|c|☆qeod|gg
|l|☆2can Toco
|raw|2can Toco's rating: 1332 &rarr; <strong>1309</strong><br />(-23 for losing)
|raw|qeod's rating: 1276 &rarr; <strong>1305</strong><br />(+29 for winning)
