|j|☆dnite56
|j|☆Deckline
|player|p1|dnite56|psychic-gen3|1494
|player|p2|Deckline|lucas|1571
|teamsize|p1|6
|teamsize|p2|6
|gametype|singles
|gen|5
|tier|[Gen 5] OU
|rated|
|clearpoke
|poke|p1|Tyranitar, M|item
|poke|p1|Skarmory, F|item
|poke|p1|Excadrill, F|item
|poke|p1|Amoonguss, F|item
|poke|p1|Latios, M|item
|poke|p1|Keldeo|item
|poke|p2|Breloom, M|item
|poke|p2|Rotom-Wash|item
|poke|p2|Tyranitar, M|item
|poke|p2|Skarmory, F|item
|poke|p2|Garchomp, M|item
|poke|p2|Latios, M|item
|rule|Species Clause: Limit one of each Pokémon
|rule|OHKO Clause: OHKO moves are banned
|rule|Moody Clause: Moody is banned
|rule|Evasion Moves Clause: Evasion moves are banned
|rule|Endless Battle Clause: Forcing endless battles is banned
|rule|HP Percentage Mod: HP is shown in percentages
|rule|Evasion Abilities Clause: Evasion abilities are banned
|rule|Baton Pass Clause: Limit one Baton Passer, can't pass Spe and other stats simultaneously
|rule|Sleep Clause: Sleep-inducing moves are banned
|rule|Swagger Clause: Swagger is banned
|teampreview
|
|start
|switch|p1a: Amoonguss|Amoonguss, F|100/100
|switch|p2a: Garchomp|Garchomp, M|100/100
|turn|1
|inactive|Battle timer is ON: inactive players will automatically lose when time's up. (requested by Deckline)
|
|switch|p2a: Rotom|Rotom-Wash|100/100
|move|p1a: Amoonguss|Stun Spore|p2a: Rotom
|-status|p2a: Rotom|par
|
|upkeep
|turn|2
|
|switch|p1a: Skarmory|Skarmory, F|100/100
|switch|p2a: Breloom|Breloom, M|100/100
|
|-status|p2a: Breloom|tox|[from] item: Toxic Orb
|upkeep
|turn|3
|
|switch|p2a: Skarmory|Skarmory, F|100/100
|move|p1a: Skarmory|Spikes|p2a: Skarmory
|-sidestart|p2: Deckline|Spikes
|
|upkeep
|turn|4
|
|switch|p1a: Tyranitar|Tyranitar, M|100/100
|-weather|Sandstorm|[from] ability: Sand Stream|[of] p1a: Tyranitar
|move|p2a: Skarmory|Spikes|p1a: Tyranitar
|-sidestart|p1: dnite56|Spikes
|
|-weather|Sandstorm|[upkeep]
|upkeep
|turn|5
|
|switch|p2a: Breloom|Breloom, M|100/100 tox
|-damage|p2a: Breloom|88/100 tox|[from] Spikes
|move|p1a: Tyranitar|Stealth Rock|p2a: Breloom
|-sidestart|p2: Deckline|move: Stealth Rock
|
|-weather|Sandstorm|[upkeep]
|-damage|p2a: Breloom|82/100 tox|[from] Sandstorm
|-heal|p2a: Breloom|94/100 tox|[from] ability: Poison Heal
|upkeep
|turn|6
|
|switch|p1a: Amoonguss|Amoonguss, F|100/100
|-damage|p1a: Amoonguss|88/100|[from] Spikes
|move|p2a: Breloom|Facade|p1a: Amoonguss
|-damage|p1a: Amoonguss|30/100
|
|-weather|Sandstorm|[upkeep]
|-damage|p2a: Breloom|88/100 tox|[from] Sandstorm
|-damage|p1a: Amoonguss|24/100|[from] Sandstorm
|-heal|p1a: Amoonguss|30/100|[from] item: Black Sludge
|-heal|p2a: Breloom|100/100 tox|[from] ability: Poison Heal
|upkeep
|turn|7
|
|move|p2a: Breloom|Drain Punch|p1a: Amoonguss
|-resisted|p1a: Amoonguss
|-damage|p1a: Amoonguss|9/100
|move|p1a: Amoonguss|Sludge Bomb|p2a: Breloom
|-supereffective|p2a: Breloom
|-damage|p2a: Breloom|23/100 tox
|
|-weather|Sandstorm|[upkeep]
|-damage|p2a: Breloom|17/100 tox|[from] Sandstorm
|-damage|p1a: Amoonguss|3/100|[from] Sandstorm
|-heal|p1a: Amoonguss|9/100|[from] item: Black Sludge
|-heal|p2a: Breloom|29/100 tox|[from] ability: Poison Heal
|upkeep
|turn|8
|
|switch|p1a: Skarmory|Skarmory, F|100/100
|move|p2a: Breloom|Drain Punch|p1a: Skarmory
|-damage|p1a: Skarmory|72/100
|-heal|p2a: Breloom|44/100 tox|[from] drain|[of] p1a: Skarmory
|-damage|p2a: Breloom|28/100 tox|[from] item: Rocky Helmet|[of] p1a: Skarmory
|
|-weather|Sandstorm|[upkeep]
|-damage|p2a: Breloom|21/100 tox|[from] Sandstorm
|-heal|p2a: Breloom|34/100 tox|[from] ability: Poison Heal
|upkeep
|turn|9
|
|switch|p2a: Skarmory|Skarmory, F|100/100
|-damage|p2a: Skarmory|88/100|[from] Stealth Rock
|move|p1a: Skarmory|Spikes|p2a: Skarmory
|-sidestart|p2: Deckline|Spikes
|
|-weather|Sandstorm|[upkeep]
|upkeep
|turn|10
|
|switch|p1a: Excadrill|Excadrill, F|100/100
|-damage|p1a: Excadrill|88/100|[from] Spikes
|move|p2a: Skarmory|Spikes|p1a: Excadrill
|-sidestart|p1: dnite56|Spikes
|
|-weather|Sandstorm|[upkeep]
|-heal|p1a: Excadrill|94/100|[from] item: Leftovers
|upkeep
|turn|11
|
|move|p1a: Excadrill|Rapid Spin|p2a: Skarmory
|-resisted|p2a: Skarmory
|-damage|p2a: Skarmory|85/100
|-damage|p1a: Excadrill|78/100|[from] item: Rocky Helmet|[of] p2a: Skarmory
|-sideend|p1: dnite56|Spikes|[from] move: Rapid Spin|[of] p1a: Excadrill
|move|p2a: Skarmory|Spikes|p1a: Excadrill
|-sidestart|p1: dnite56|Spikes
|
|-weather|Sandstorm|[upkeep]
|-heal|p1a: Excadrill|84/100|[from] item: Leftovers
|upkeep
|turn|12
|
|switch|p1a: Skarmory|Skarmory, F|72/100
|move|p2a: Skarmory|Spikes|p1a: Skarmory
|-sidestart|p1: dnite56|Spikes
|
|-weather|Sandstorm|[upkeep]
|upkeep
|turn|13
|
|move|p2a: Skarmory|Spikes|p1a: Skarmory
|-sidestart|p1: dnite56|Spikes
|move|p1a: Skarmory|Spikes|p2a: Skarmory
|-sidestart|p2: Deckline|Spikes
|
|-weather|Sandstorm|[upkeep]
|upkeep
|turn|14
|
|move|p2a: Skarmory|Whirlwind|p1a: Skarmory
|drag|p1a: Tyranitar|Tyranitar, M|100/100
|-damage|p1a: Tyranitar|76/100|[from] Spikes
|
|-weather|Sandstorm|[upkeep]
|upkeep
|turn|15
|
|switch|p1a: Latios|Latios, M|100/100
|move|p2a: Skarmory|Whirlwind|p1a: Latios
|drag|p1a: Tyranitar|Tyranitar, M|76/100
|-damage|p1a: Tyranitar|51/100|[from] Spikes
|
|-weather|Sandstorm|[upkeep]
|upkeep
|turn|16
|
|switch|p1a: Skarmory|Skarmory, F|72/100
|move|p2a: Skarmory|Whirlwind|p1a: Skarmory
|drag|p1a: Excadrill|Excadrill, F|84/100
|-damage|p1a: Excadrill|59/100|[from] Spikes
|
|-weather|Sandstorm|[upkeep]
|-heal|p1a: Excadrill|65/100|[from] item: Leftovers
|upkeep
|turn|17
|
|move|p1a: Excadrill|Rapid Spin|p2a: Skarmory
|-resisted|p2a: Skarmory
|-damage|p2a: Skarmory|82/100
|-damage|p1a: Excadrill|48/100|[from] item: Rocky Helmet|[of] p2a: Skarmory
|-sideend|p1: dnite56|Spikes|[from] move: Rapid Spin|[of] p1a: Excadrill
|move|p2a: Skarmory|Spikes|p1a: Excadrill
|-sidestart|p1: dnite56|Spikes
|
|-weather|Sandstorm|[upkeep]
|-heal|p1a: Excadrill|54/100|[from] item: Leftovers
|upkeep
|turn|18
|
|switch|p1a: Latios|Latios, M|100/100
|move|p2a: Skarmory|Spikes|p1a: Latios
|-sidestart|p1: dnite56|Spikes
|
|-weather|Sandstorm|[upkeep]
|-damage|p1a: Latios|95/100|[from] Sandstorm
|upkeep
|turn|19
|
|switch|p2a: Breloom|Breloom, M|34/100 tox
|-damage|p2a: Breloom|28/100 tox|[from] Stealth Rock
|-damage|p2a: Breloom|3/100 tox|[from] Spikes
|move|p1a: Latios|Trick|p2a: Breloom
|-activate|p1a: Latios|move: Trick|[of] p2a: Breloom
|-item|p2a: Breloom|Choice Scarf|[from] move: Trick
|-item|p1a: Latios|Toxic Orb|[from] move: Trick
|
|-weather|Sandstorm|[upkeep]
|-damage|p1a: Latios|89/100|[from] Sandstorm
|-damage|p2a: Breloom|0 fnt|[from] Sandstorm
|faint|p2a: Breloom
|-status|p1a: Latios|tox|[from] item: Toxic Orb
|upkeep
|
|switch|p2a: Tyranitar|Tyranitar, M|100/100
|-damage|p2a: Tyranitar|76/100|[from] Spikes
|-damage|p2a: Tyranitar|63/100|[from] Stealth Rock
|turn|20
|
|move|p1a: Latios|Draco Meteor|p2a: Tyranitar
|-damage|p2a: Tyranitar|26/100
|-unboost|p1a: Latios|spa|2
|move|p2a: Tyranitar|Pursuit|p1a: Latios
|-supereffective|p1a: Latios
|-damage|p1a: Latios|35/100 tox
|
|-weather|Sandstorm|[upkeep]
|-damage|p1a: Latios|29/100 tox|[from] Sandstorm
|-damage|p1a: Latios|23/100 tox|[from] psn
|upkeep
|turn|21
|
|move|p1a: Latios|Recover|p1a: Latios
|-heal|p1a: Latios|73/100 tox
|move|p2a: Tyranitar|Stealth Rock|p1a: Latios
|-sidestart|p1: dnite56|move: Stealth Rock
|
|-weather|Sandstorm|[upkeep]
|-damage|p1a: Latios|67/100 tox|[from] Sandstorm
|-damage|p1a: Latios|55/100 tox|[from] psn
|upkeep
|turn|22
|
|move|p1a: Latios|Draco Meteor|p2a: Tyranitar
|-damage|p2a: Tyranitar|9/100
|-unboost|p1a: Latios|spa|2
|move|p2a: Tyranitar|Pursuit|p1a: Latios
|-supereffective|p1a: Latios
|-damage|p1a: Latios|0 fnt
|faint|p1a: Latios
|
|-weather|Sandstorm|[upkeep]
|upkeep
|
|switch|p1a: Excadrill|Excadrill, F|54/100
|-damage|p1a: Excadrill|51/100|[from] Stealth Rock
|-damage|p1a: Excadrill|35/100|[from] Spikes
|turn|23
|
|move|p1a: Excadrill|Rapid Spin|p2a: Tyranitar
|-resisted|p2a: Tyranitar
|-damage|p2a: Tyranitar|6/100
|-sideend|p1: dnite56|Spikes|[from] move: Rapid Spin|[of] p1a: Excadrill
|-sideend|p1: dnite56|Stealth Rock|[from] move: Rapid Spin|[of] p1a: Excadrill
|move|p2a: Tyranitar|Superpower|p1a: Excadrill
|-supereffective|p1a: Excadrill
|-damage|p1a: Excadrill|0 fnt
|-unboost|p2a: Tyranitar|atk|1
|-unboost|p2a: Tyranitar|def|1
|faint|p1a: Excadrill
|
|-weather|Sandstorm|[upkeep]
|upkeep
|
|switch|p1a: Keldeo|Keldeo|100/100
|turn|24
|
|move|p1a: Keldeo|Calm Mind|p1a: Keldeo
|-boost|p1a: Keldeo|spa|1
|-boost|p1a: Keldeo|spd|1
|move|p2a: Tyranitar|Stealth Rock|p1a: Keldeo
|-sidestart|p1: dnite56|move: Stealth Rock
|
|-weather|Sandstorm|[upkeep]
|-damage|p1a: Keldeo|94/100|[from] Sandstorm
|-heal|p1a: Keldeo|100/100|[from] item: Leftovers
|upkeep
|turn|25
|
|switch|p2a: Latios|Latios, M|100/100
|-damage|p2a: Latios|88/100|[from] Stealth Rock
|move|p1a: Keldeo|Secret Sword|p2a: Latios
|-resisted|p2a: Latios
|-damage|p2a: Latios|41/100
|
|-weather|Sandstorm|[upkeep]
|-damage|p2a: Latios|35/100|[from] Sandstorm
|-damage|p1a: Keldeo|94/100|[from] Sandstorm
|-heal|p1a: Keldeo|100/100|[from] item: Leftovers
|upkeep
|turn|26
|
|move|p1a: Keldeo|Protect|p1a: Keldeo
|-singleturn|p1a: Keldeo|Protect
|move|p2a: Latios|Draco Meteor|p1a: Keldeo
|-activate|p1a: Keldeo|move: Protect
|
|-weather|Sandstorm|[upkeep]
|-damage|p2a: Latios|29/100|[from] Sandstorm
|-damage|p1a: Keldeo|94/100|[from] Sandstorm
|-heal|p1a: Keldeo|100/100|[from] item: Leftovers
|upkeep
|turn|27
|
|switch|p1a: Tyranitar|Tyranitar, M|51/100
|-damage|p1a: Tyranitar|39/100|[from] Stealth Rock
|move|p2a: Latios|Draco Meteor|p1a: Tyranitar
|-damage|p1a: Tyranitar|0 fnt
|-unboost|p2a: Latios|spa|2
|faint|p1a: Tyranitar
|
|-weather|Sandstorm|[upkeep]
|-damage|p2a: Latios|23/100|[from] Sandstorm
|upkeep
|
|switch|p1a: Amoonguss|Amoonguss, F|42/100
|-damage|p1a: Amoonguss|30/100|[from] Stealth Rock
|turn|28
|
|switch|p2a: Tyranitar|Tyranitar, M|6/100
|-damage|p2a: Tyranitar|0 fnt|[from] Stealth Rock
|faint|p2a: Tyranitar
|switch|p1a: Skarmory|Skarmory, F|72/100
|-damage|p1a: Skarmory|59/100|[from] Stealth Rock
|
|-weather|Sandstorm|[upkeep]
|upkeep
|
|switch|p2a: Garchomp|Garchomp, M|100/100
|-damage|p2a: Garchomp|94/100|[from] Stealth Rock
|-damage|p2a: Garchomp|69/100|[from] Spikes
|turn|29
|
|move|p2a: Garchomp|Fire Blast|p1a: Skarmory|[miss]
|-miss|p2a: Garchomp|p1a: Skarmory
|move|p1a: Skarmory|Whirlwind|p2a: Garchomp
|drag|p2a: Rotom|Rotom-Wash|100/100 par
|-damage|p2a: Rotom|88/100 par|[from] Stealth Rock
|
|-weather|Sandstorm|[upkeep]
|-damage|p2a: Rotom|82/100 par|[from] Sandstorm
|-heal|p2a: Rotom|88/100 par|[from] item: Leftovers
|upkeep
|turn|30
|c|☆Deckline|zz
|
|switch|p1a: Amoonguss|Amoonguss, F|63/100
|-damage|p1a: Amoonguss|51/100|[from] Stealth Rock
|move|p2a: Rotom|Volt Switch|p1a: Amoonguss
|-resisted|p1a: Amoonguss
|-damage|p1a: Amoonguss|42/100
|
|switch|p2a: Garchomp|Garchomp, M|69/100|[from]move: Volt Switch
|-damage|p2a: Garchomp|44/100|[from] Spikes
|-damage|p2a: Garchomp|38/100|[from] Stealth Rock
|
|-weather|Sandstorm|[upkeep]
|-damage|p1a: Amoonguss|35/100|[from] Sandstorm
|-heal|p1a: Amoonguss|42/100|[from] item: Black Sludge
|upkeep
|turn|31
|
|move|p2a: Garchomp|Earthquake|p1a: Amoonguss
|-damage|p1a: Amoonguss|0 fnt
|-damage|p2a: Garchomp|29/100|[from] item: Life Orb
|faint|p1a: Amoonguss
|
|-weather|Sandstorm|[upkeep]
|upkeep
|
|switch|p1a: Keldeo|Keldeo|100/100
|-damage|p1a: Keldeo|94/100|[from] Stealth Rock
|turn|32
|
|switch|p1a: Skarmory|Skarmory, F|59/100
|-damage|p1a: Skarmory|47/100|[from] Stealth Rock
|move|p2a: Garchomp|Earthquake|p1a: Skarmory
|-immune|p1a: Skarmory
|
|-weather|Sandstorm|[upkeep]
|upkeep
|turn|33
|
|move|p2a: Garchomp|Fire Blast|p1a: Skarmory
|-supereffective|p1a: Skarmory
|-damage|p1a: Skarmory|0 fnt
|-damage|p2a: Garchomp|19/100|[from] item: Life Orb
|faint|p1a: Skarmory
|
|-weather|Sandstorm|[upkeep]
|upkeep
|
|switch|p1a: Keldeo|Keldeo|94/100
|-damage|p1a: Keldeo|88/100|[from] Stealth Rock
|turn|34
|
|move|p1a: Keldeo|Surf|p2a: Garchomp
|-damage|p2a: Garchomp|0 fnt
|faint|p2a: Garchomp
|
|-weather|Sandstorm|[upkeep]
|-damage|p1a: Keldeo|82/100|[from] Sandstorm
|-heal|p1a: Keldeo|88/100|[from] item: Leftovers
|upkeep
|
|switch|p2a: Latios|Latios, M|23/100
|-damage|p2a: Latios|11/100|[from] Stealth Rock
|turn|35
|
|move|p1a: Keldeo|Protect|p1a: Keldeo
|-singleturn|p1a: Keldeo|Protect
|move|p2a: Latios|Draco Meteor|p1a: Keldeo
|-activate|p1a: Keldeo|move: Protect
|
|-weather|Sandstorm|[upkeep]
|-damage|p2a: Latios|5/100|[from] Sandstorm
|-damage|p1a: Keldeo|82/100|[from] Sandstorm
|-heal|p1a: Keldeo|88/100|[from] item: Leftovers
|upkeep
|turn|36
|
|move|p1a: Keldeo|Protect||[still]
|-fail|p1a: Keldeo
|move|p2a: Latios|Draco Meteor|p1a: Keldeo|[miss]
|-miss|p2a: Latios|p1a: Keldeo
|
|-weather|Sandstorm|[upkeep]
|-damage|p2a: Latios|0 fnt|[from] Sandstorm
|-damage|p1a: Keldeo|82/100|[from] Sandstorm
|faint|p2a: Latios
|-heal|p1a: Keldeo|88/100|[from] item: Leftovers
|upkeep
|c|☆Deckline|pqfejeeto'
|
|switch|p2a: Rotom|Rotom-Wash|88/100 par
|-damage|p2a: Rotom|76/100 par|[from] Stealth Rock
|turn|37
|c|☆Deckline|????
|
|move|p1a: Keldeo|Calm Mind|p1a: Keldeo
|-boost|p1a: Keldeo|spa|1
|-boost|p1a: Keldeo|spd|1
|cant|p2a: Rotom|par
|
|-weather|Sandstorm|[upkeep]
|-damage|p1a: Keldeo|82/100|[from] Sandstorm
|-damage|p2a: Rotom|70/100 par|[from] Sandstorm
|-heal|p1a: Keldeo|88/100|[from] item: Leftovers
|-heal|p2a: Rotom|76/100 par|[from] item: Leftovers
|upkeep
|turn|38
|c|☆Deckline|????????????????
|c|☆Deckline|HELLO
|c|☆Deckline|HE
|c|☆Deckline|LLO
|c|☆Deckline|FKIN
|c|☆Deckline|APE
|c|☆dnite56|xd
|inactive|dnite56 has 120 seconds left.
|
|move|p1a: Keldeo|Secret Sword|p2a: Rotom
|-damage|p2a: Rotom|13/100 par
|cant|p2a: Rotom|par
|
|-weather|Sandstorm|[upkeep]
|-damage|p1a: Keldeo|82/100|[from] Sandstorm
|-damage|p2a: Rotom|7/100 par|[from] Sandstorm
|-heal|p1a: Keldeo|88/100|[from] item: Leftovers
|-heal|p2a: Rotom|13/100 par|[from] item: Leftovers
|upkeep
|turn|39
|c|☆dnite56|xd
|c|☆Deckline|shut up
|inactive|dnite56 has 120 seconds left.
|
|move|p1a: Keldeo|Secret Sword|p2a: Rotom
|-damage|p2a: Rotom|0 fnt
|faint|p2a: Rotom
|
|-weather|Sandstorm|[upkeep]
|-damage|p1a: Keldeo|82/100|[from] Sandstorm
|-heal|p1a: Keldeo|88/100|[from] item: Leftovers
|upkeep
|
|switch|p2a: Skarmory|Skarmory, F|82/100
|-damage|p2a: Skarmory|70/100|[from] Stealth Rock
|turn|40
|
|move|p1a: Keldeo|Surf|p2a: Skarmory
|-damage|p2a: Skarmory|0 fnt
|faint|p2a: Skarmory
|
|win|dnite56
|raw|dnite56's rating: 1494 &rarr; <strong>1518</strong><br />(+24 for winning)
|raw|Deckline's rating: 1571 &rarr; <strong>1547</strong><br />(-24 for losing)
|c|☆dnite56|gg
|c|☆Deckline|?
|c|☆Deckline|get out
|j| ayouko
|c|☆Deckline|fast
|l|☆Deckline
|l| ayouko
