|j|☆UnnervingGang
|j|☆bwrepublic
|t:|1719344952
|gametype|singles
|player|p1|UnnervingGang|silver|1384
|player|p2|bwrepublic|red-gen2|1517
|teamsize|p1|6
|teamsize|p2|6
|gen|5
|tier|[Gen 5] OU
|rated|
|rule|Species Clause: Limit one of each Pokémon
|rule|OHKO Clause: OHKO moves are banned
|rule|Moody Clause: Moody is banned
|rule|Evasion Items Clause: Evasion items are banned
|rule|Evasion Moves Clause: Evasion moves are banned
|rule|Endless Battle Clause: Forcing endless battles is banned
|rule|HP Percentage Mod: HP is shown in percentages
|rule|Evasion Abilities Clause: Evasion abilities are banned
|rule|Sleep Moves Clause: Sleep-inducing moves are banned
|rule|Swagger Clause: Swagger is banned
|rule|Baton Pass Stat Clause: No Baton Passer may have a way to boost its stats
|clearpoke
|poke|p1|Reuniclus, M|item
|poke|p1|Gastrodon-East, F|item
|poke|p1|Gliscor, F|item
|poke|p1|Skarmory, F|item
|poke|p1|Tyranitar, F|item
|poke|p1|Alakazam, M|item
|poke|p2|Tyranitar, F|item
|poke|p2|Landorus-Therian, M|item
|poke|p2|Excadrill, F|item
|poke|p2|Latios, M|item
|poke|p2|Alakazam, F|item
|poke|p2|Rotom-Wash|item
|teampreview
|
|t:|1719344971
|start
|switch|p1a: Gliscor|Gliscor, F|100/100
|switch|p2a: Landorus|Landorus-Therian, M|100/100
|-ability|p2a: Landorus|Intimidate|boost
|-unboost|p1a: Gliscor|atk|1
|turn|1
|
|t:|1719344978
|move|p1a: Gliscor|Protect|p1a: Gliscor
|-singleturn|p1a: Gliscor|Protect
|move|p2a: Landorus|Hidden Power|p1a: Gliscor
|-activate|p1a: Gliscor|move: Protect
|
|-status|p1a: Gliscor|tox|[from] item: Toxic Orb
|upkeep
|turn|2
|
|t:|1719344989
|switch|p1a: Skarmory|Skarmory, F, shiny|100/100
|move|p2a: Landorus|Stealth Rock|p1a: Skarmory
|-sidestart|p1: UnnervingGang|move: Stealth Rock
|
|upkeep
|turn|3
|
|t:|1719345009
|move|p2a: Landorus|U-turn|p1a: Skarmory
|-resisted|p1a: Skarmory
|-crit|p1a: Skarmory
|-damage|p1a: Skarmory|92/100
|
|t:|1719345011
|switch|p2a: Rotom|Rotom-Wash|100/100|[from] U-turn
|move|p1a: Skarmory|Spikes|p2a: Rotom
|-sidestart|p2: bwrepublic|Spikes
|
|-heal|p1a: Skarmory|98/100|[from] item: Leftovers
|upkeep
|turn|4
|
|t:|1719345026
|switch|p1a: Reuniclus|Reuniclus, M|100/100
|move|p2a: Rotom|Will-O-Wisp|p1a: Reuniclus|[miss]
|-miss|p2a: Rotom|p1a: Reuniclus
|
|upkeep
|turn|5
|
|t:|1719345038
|move|p2a: Rotom|Volt Switch|p1a: Reuniclus
|-damage|p1a: Reuniclus|76/100
|inactive|Battle timer is ON: inactive players will automatically lose when time's up. (requested by bwrepublic)
|inactiveoff|Battle timer is now OFF.
|
|t:|1719345044
|switch|p2a: Latios|Latios, M|100/100|[from] Volt Switch
|move|p1a: Reuniclus|Calm Mind|p1a: Reuniclus
|-boost|p1a: Reuniclus|spa|1
|-boost|p1a: Reuniclus|spd|1
|
|-heal|p1a: Reuniclus|83/100|[from] item: Leftovers
|upkeep
|turn|6
|
|t:|1719345049
|switch|p1a: Gliscor|Gliscor, F|100/100 tox
|-damage|p1a: Gliscor|88/100 tox|[from] Stealth Rock
|move|p2a: Latios|Draco Meteor|p1a: Gliscor|[miss]
|-miss|p2a: Latios|p1a: Gliscor
|
|-heal|p1a: Gliscor|100/100 tox|[from] ability: Poison Heal
|upkeep
|turn|7
|
|t:|1719345056
|switch|p2a: Landorus|Landorus-Therian, M|100/100
|-ability|p2a: Landorus|Intimidate|boost
|-unboost|p1a: Gliscor|atk|1
|move|p1a: Gliscor|Knock Off|p2a: Landorus
|-damage|p2a: Landorus|97/100
|-enditem|p2a: Landorus|Leftovers|[from] move: Knock Off|[of] p1a: Gliscor
|
|upkeep
|turn|8
|
|t:|1719345062
|switch|p1a: Reuniclus|Reuniclus, M|83/100
|move|p2a: Landorus|Hidden Power|p1a: Reuniclus
|-damage|p1a: Reuniclus|67/100
|
|-heal|p1a: Reuniclus|73/100|[from] item: Leftovers
|upkeep
|turn|9
|
|t:|1719345064
|move|p2a: Landorus|U-turn|p1a: Reuniclus
|-supereffective|p1a: Reuniclus
|-damage|p1a: Reuniclus|42/100
|
|t:|1719345067
|switch|p2a: Tyranitar|Tyranitar, F|100/100|[from] U-turn
|-damage|p2a: Tyranitar|88/100|[from] Spikes
|-weather|Sandstorm|[from] ability: Sand Stream|[of] p2a: Tyranitar
|move|p1a: Reuniclus|Recover|p1a: Reuniclus
|-heal|p1a: Reuniclus|92/100
|
|-weather|Sandstorm|[upkeep]
|-heal|p1a: Reuniclus|98/100|[from] item: Leftovers
|upkeep
|turn|10
|
|t:|1719345078
|switch|p1a: Skarmory|Skarmory, F, shiny|98/100
|-damage|p1a: Skarmory|86/100|[from] Stealth Rock
|move|p2a: Tyranitar|Thunder Wave|p1a: Skarmory
|-status|p1a: Skarmory|par
|
|-weather|Sandstorm|[upkeep]
|-heal|p1a: Skarmory|92/100 par|[from] item: Leftovers
|upkeep
|turn|11
|
|t:|1719345091
|switch|p2a: Excadrill|Excadrill, F|100/100
|-damage|p2a: Excadrill|88/100|[from] Spikes
|switch|p1a: Gliscor|Gliscor, F|100/100 tox
|-damage|p1a: Gliscor|88/100 tox|[from] Stealth Rock
|
|-weather|Sandstorm|[upkeep]
|-heal|p1a: Gliscor|100/100 tox|[from] ability: Poison Heal
|upkeep
|turn|12
|
|t:|1719345110
|switch|p2a: Rotom|Rotom-Wash|100/100
|move|p1a: Gliscor|Stealth Rock|p2a: Rotom
|-sidestart|p2: bwrepublic|move: Stealth Rock
|
|-weather|Sandstorm|[upkeep]
|-damage|p2a: Rotom|94/100|[from] Sandstorm
|-heal|p2a: Rotom|100/100|[from] item: Leftovers
|upkeep
|turn|13
|
|t:|1719345116
|switch|p1a: Reuniclus|Reuniclus, M|98/100
|move|p2a: Rotom|Will-O-Wisp|p1a: Reuniclus
|-status|p1a: Reuniclus|brn
|
|-weather|Sandstorm|[upkeep]
|-damage|p2a: Rotom|94/100|[from] Sandstorm
|-heal|p2a: Rotom|100/100|[from] item: Leftovers
|-heal|p1a: Reuniclus|100/100 brn|[from] item: Leftovers
|upkeep
|turn|14
|
|t:|1719345126
|move|p2a: Rotom|Volt Switch|p1a: Reuniclus
|-damage|p1a: Reuniclus|79/100 brn
|
|t:|1719345128
|switch|p2a: Landorus|Landorus-Therian, M|97/100|[from] Volt Switch
|-damage|p2a: Landorus|85/100|[from] Stealth Rock
|-ability|p2a: Landorus|Intimidate|boost
|-unboost|p1a: Reuniclus|atk|1
|move|p1a: Reuniclus|Hidden Power|p2a: Landorus
|-resisted|p2a: Landorus
|-damage|p2a: Landorus|73/100
|
|-weather|Sandstorm|[upkeep]
|-heal|p1a: Reuniclus|85/100 brn|[from] item: Leftovers
|upkeep
|turn|15
|
|t:|1719345139
|move|p2a: Landorus|U-turn|p1a: Reuniclus
|-supereffective|p1a: Reuniclus
|-damage|p1a: Reuniclus|53/100 brn
|
|t:|1719345143
|switch|p2a: Tyranitar|Tyranitar, F|88/100|[from] U-turn
|-damage|p2a: Tyranitar|76/100|[from] Spikes
|-damage|p2a: Tyranitar|63/100|[from] Stealth Rock
|move|p1a: Reuniclus|Recover|p1a: Reuniclus
|-heal|p1a: Reuniclus|100/100 brn
|
|-weather|Sandstorm|[upkeep]
|upkeep
|turn|16
|
|t:|1719345155
|move|p2a: Tyranitar|Pursuit|p1a: Reuniclus
|-supereffective|p1a: Reuniclus
|-damage|p1a: Reuniclus|77/100 brn
|move|p1a: Reuniclus|Hidden Power|p2a: Tyranitar
|-supereffective|p2a: Tyranitar
|-enditem|p2a: Tyranitar|Chople Berry|[eat]
|-enditem|p2a: Tyranitar|Chople Berry|[weaken]
|-damage|p2a: Tyranitar|47/100
|
|-weather|Sandstorm|[upkeep]
|-heal|p1a: Reuniclus|84/100 brn|[from] item: Leftovers
|upkeep
|turn|17
|
|t:|1719345174
|switch|p1a: Gliscor|Gliscor, F|100/100 tox
|-damage|p1a: Gliscor|88/100 tox|[from] Stealth Rock
|move|p2a: Tyranitar|Crunch|p1a: Gliscor
|-damage|p1a: Gliscor|60/100 tox
|
|-weather|Sandstorm|[upkeep]
|-heal|p1a: Gliscor|72/100 tox|[from] ability: Poison Heal
|upkeep
|turn|18
|
|t:|1719345187
|switch|p2a: Landorus|Landorus-Therian, M|73/100
|-damage|p2a: Landorus|61/100|[from] Stealth Rock
|-ability|p2a: Landorus|Intimidate|boost
|-unboost|p1a: Gliscor|atk|1
|move|p1a: Gliscor|Earthquake|p2a: Landorus
|-immune|p2a: Landorus
|
|-weather|Sandstorm|[upkeep]
|-heal|p1a: Gliscor|85/100 tox|[from] ability: Poison Heal
|upkeep
|turn|19
|
|t:|1719345196
|move|p1a: Gliscor|Protect|p1a: Gliscor
|-singleturn|p1a: Gliscor|Protect
|move|p2a: Landorus|Hidden Power|p1a: Gliscor
|-activate|p1a: Gliscor|move: Protect
|
|-weather|Sandstorm|[upkeep]
|-heal|p1a: Gliscor|97/100 tox|[from] ability: Poison Heal
|upkeep
|turn|20
|j| Neighthan Trainer
|
|t:|1719345213
|switch|p1a: Reuniclus|Reuniclus, M|84/100 brn
|move|p2a: Landorus|Hidden Power|p1a: Reuniclus
|-damage|p1a: Reuniclus|69/100 brn
|
|-weather|Sandstorm|[upkeep]
|-heal|p1a: Reuniclus|75/100 brn|[from] item: Leftovers
|upkeep
|turn|21
|
|t:|1719345225
|move|p2a: Landorus|Earthquake|p1a: Reuniclus
|-damage|p1a: Reuniclus|40/100 brn
|move|p1a: Reuniclus|Recover|p1a: Reuniclus
|-heal|p1a: Reuniclus|90/100 brn
|
|-weather|Sandstorm|[upkeep]
|-heal|p1a: Reuniclus|96/100 brn|[from] item: Leftovers
|upkeep
|turn|22
|
|t:|1719345233
|move|p2a: Landorus|Earthquake|p1a: Reuniclus
|-damage|p1a: Reuniclus|61/100 brn
|move|p1a: Reuniclus|Hidden Power|p2a: Landorus
|-resisted|p2a: Landorus
|-damage|p2a: Landorus|49/100
|
|-weather|Sandstorm|[upkeep]
|-heal|p1a: Reuniclus|67/100 brn|[from] item: Leftovers
|upkeep
|turn|23
|
|t:|1719345238
|move|p2a: Landorus|U-turn|p1a: Reuniclus
|-supereffective|p1a: Reuniclus
|-damage|p1a: Reuniclus|34/100 brn
|
|t:|1719345259
|switch|p2a: Tyranitar|Tyranitar, F|47/100|[from] U-turn
|-damage|p2a: Tyranitar|34/100|[from] Spikes
|-damage|p2a: Tyranitar|22/100|[from] Stealth Rock
|move|p1a: Reuniclus|Recover|p1a: Reuniclus
|-heal|p1a: Reuniclus|84/100 brn
|
|-weather|Sandstorm|[upkeep]
|-heal|p1a: Reuniclus|90/100 brn|[from] item: Leftovers
|upkeep
|turn|24
|
|t:|1719345273
|switch|p1a: Gliscor|Gliscor, F|97/100 tox
|-damage|p1a: Gliscor|85/100 tox|[from] Stealth Rock
|move|p2a: Tyranitar|Crunch|p1a: Gliscor
|-damage|p1a: Gliscor|57/100 tox
|
|-weather|Sandstorm|[upkeep]
|-heal|p1a: Gliscor|70/100 tox|[from] ability: Poison Heal
|upkeep
|turn|25
|c|☆bwrepublic|"reuniclus is not broken" yea sure isnt then what is this disgusting fetus
|
|t:|1719345283
|move|p1a: Gliscor|Earthquake|p2a: Tyranitar
|-supereffective|p2a: Tyranitar
|-crit|p2a: Tyranitar
|-damage|p2a: Tyranitar|0 fnt
|faint|p2a: Tyranitar
|
|-weather|Sandstorm|[upkeep]
|-heal|p1a: Gliscor|82/100 tox|[from] ability: Poison Heal
|upkeep
|c|☆bwrepublic|whatever
|c|☆bwrepublic|you ppl love ruin my day
|c|☆bwrepublic|i should never have joined this suspect
|c|☆UnnervingGang|Said the U turn spammer
|-message|bwrepublic forfeited.
|
|win|UnnervingGang
|raw|UnnervingGang's rating: 1384 &rarr; <strong>1411</strong><br />(+27 for winning)
|raw|bwrepublic's rating: 1517 &rarr; <strong>1490</strong><br />(-27 for losing)
|c|☆bwrepublic|i hope you have terrible matches
|c|☆UnnervingGang|LMAO
|c|☆bwrepublic|and get lucked
|l|☆bwrepublic
|player|p2|
|l| Neighthan Trainer
|j|☆bwrepublic
|player|p2|bwrepublic|red-gen2|
|l|☆bwrepublic
|player|p2|
|j|☆bwrepublic
|player|p2|bwrepublic|red-gen2|
|l|☆bwrepublic
|player|p2|
|j|☆bwrepublic
|player|p2|bwrepublic|red-gen2|
|l|☆bwrepublic
|player|p2|
|j| PhilOtek98
|l| PhilOtek98
|j| Crowned Crystals ♔
|l|☆UnnervingGang
|player|p1|
|j|☆UnnervingGang
|player|p1|UnnervingGang|silver|
|j|☆bwrepublic
|player|p2|bwrepublic|red-gen2|
|l|☆bwrepublic
|player|p2|
|l|☆UnnervingGang
|player|p1|
|j| leoperi99
|l| leoperi99
|j| doffee crinker
|l| doffee crinker
|j| PeeceNLuv5
|j| Rum nitty BARS
|l| Rum nitty BARS
|l| PeeceNLuv5
|j| Sazal
|l| Sazal
