|j|☆MCDTeach
|j|☆byronthewellwell
|player|p1|MCDTeach|167
|player|p2|byronthewellwell|101
|teamsize|p1|6
|teamsize|p2|6
|gametype|singles
|gen|5
|tier|[Gen 5] OU
|rated|
|rule|Sleep Clause Mod: Limit one foe put to sleep
|rule|Species Clause: Limit one of each Pokémon
|rule|OHKO Clause: OHKO moves are banned
|rule|Moody Clause: Moody is banned
|rule|Evasion Moves Clause: Evasion moves are banned
|rule|Endless Battle Clause: Forcing endless battles is banned
|rule|HP Percentage Mod: HP is shown in percentages
|rule|Evasion Abilities Clause: Evasion abilities are banned
|rule|Baton Pass Clause: Limit one Baton Passer, can't pass Spe and other stats simultaneously
|rule|Swagger Clause: Swagger is banned
|clearpoke
|poke|p1|Garchomp, M|item
|poke|p1|Breloom, M|item
|poke|p1|Starmie|item
|poke|p1|Volcarona, F|item
|poke|p1|Dragonite, F|item
|poke|p1|Scizor, F|item
|poke|p2|Ditto|item
|poke|p2|Mew|item
|poke|p2|Abomasnow, M|item
|poke|p2|Garchomp, M|item
|poke|p2|Wobbuffet, M|item
|poke|p2|Liepard, F|item
|teampreview
|
|start
|switch|p1a: Volcarona|Volcarona, F|100/100
|switch|p2a: Abomasnow|Abomasnow, M|100/100
|-weather|Hail|[from] ability: Snow Warning|[of] p2a: Abomasnow
|turn|1
|
|-singleturn|p2a: Abomasnow|move: Focus Punch
|move|p1a: Volcarona|Bug Buzz|p2a: Abomasnow
|-supereffective|p2a: Abomasnow
|-damage|p2a: Abomasnow|0 fnt
|faint|p2a: Abomasnow
|
|-weather|Hail|[upkeep]
|-damage|p1a: Volcarona|94/100|[from] Hail
|upkeep
|
|switch|p2a: Garchomp|Garchomp, M|100/100
|turn|2
|
|switch|p1a: Starmie|Starmie|100/100
|move|p2a: Garchomp|Dragon Tail|p1a: Starmie
|-damage|p1a: Starmie|61/100
|drag|p1a: Volcarona|Volcarona, F|94/100
|
|-weather|Hail|[upkeep]
|-damage|p1a: Volcarona|88/100|[from] Hail
|-damage|p2a: Garchomp|94/100|[from] Hail
|upkeep
|turn|3
|
|move|p1a: Volcarona|Bug Buzz|p2a: Garchomp
|-damage|p2a: Garchomp|44/100
|-unboost|p2a: Garchomp|spd|1
|move|p2a: Garchomp|Dragon Tail|p1a: Volcarona|[miss]
|-miss|p2a: Garchomp|p1a: Volcarona
|
|-weather|Hail|[upkeep]
|-damage|p1a: Volcarona|82/100|[from] Hail
|-damage|p2a: Garchomp|38/100|[from] Hail
|upkeep
|turn|4
|c|☆byronthewellwell|lol!
|c|☆MCDTeach|you wanna burn ?
|c|☆MCDTeach|lol!
|
|move|p1a: Volcarona|Bug Buzz|p2a: Garchomp
|-damage|p2a: Garchomp|0 fnt
|faint|p2a: Garchomp
|
|-weather|Hail|[upkeep]
|-damage|p1a: Volcarona|76/100|[from] Hail
|upkeep
|
|switch|p2a: Liepard|Liepard, F|100/100
|turn|5
|j| Jewrachee
|
|move|p2a: Liepard|Assist|p2a: Liepard
|move|p2a: Liepard|Roar|p1a: Volcarona|[from]Assist
|drag|p1a: Dragonite|Dragonite, F|100/100
|
|-weather|Hail|[upkeep]
|-damage|p2a: Liepard|95/100|[from] Hail
|-damage|p1a: Dragonite|94/100|[from] Hail
|-heal|p2a: Liepard|100/100|[from] item: Leftovers
|upkeep
|turn|6
|
|move|p1a: Dragonite|Extreme Speed|p2a: Liepard
|-damage|p2a: Liepard|32/100
|move|p2a: Liepard|Assist|p2a: Liepard
|move|p2a: Liepard|Roar|p1a: Dragonite|[from]Assist
|drag|p1a: Volcarona|Volcarona, F|76/100
|
|-weather|Hail|[upkeep]
|-damage|p2a: Liepard|26/100|[from] Hail
|-damage|p1a: Volcarona|69/100|[from] Hail
|-heal|p2a: Liepard|32/100|[from] item: Leftovers
|upkeep
|turn|7
|
|move|p2a: Liepard|Assist|p2a: Liepard
|move|p2a: Liepard|Roar|p1a: Volcarona|[from]Assist
|drag|p1a: Scizor|Scizor, F|100/100
|
|-weather|Hail|[upkeep]
|-damage|p2a: Liepard|26/100|[from] Hail
|-damage|p1a: Scizor|94/100|[from] Hail
|-heal|p2a: Liepard|32/100|[from] item: Leftovers
|upkeep
|turn|8
|c|☆MCDTeach|u're abo is not adapted to the team
|c|☆byronthewellwell|abo?
|
|move|p2a: Liepard|Assist|p2a: Liepard
|move|p2a: Liepard|Roar|p1a: Scizor|[from]Assist
|drag|p1a: Garchomp|Garchomp, M|100/100
|
|-weather|Hail|[upkeep]
|-damage|p2a: Liepard|26/100|[from] Hail
|-damage|p1a: Garchomp|94/100|[from] Hail
|-heal|p2a: Liepard|32/100|[from] item: Leftovers
|upkeep
|turn|9
|c|☆MCDTeach|y
|c|☆byronthewellwell|whats my abo
|c|☆MCDTeach|abomasnow
|
|switch|p2a: Ditto|Ditto|100/100
|-transform|p2a: Ditto|p1a: Garchomp|[from] ability: Imposter
|move|p1a: Garchomp|Stealth Rock|p2a: Ditto
|-sidestart|p2: byronthewellwell|move: Stealth Rock
|
|-weather|Hail|[upkeep]
|-damage|p2a: Ditto|94/100|[from] Hail
|-damage|p1a: Garchomp|88/100|[from] Hail
|upkeep
|turn|10
|
|move|p2a: Ditto|Stealth Rock|p1a: Garchomp
|-sidestart|p1: MCDTeach|move: Stealth Rock
|move|p1a: Garchomp|Outrage|p2a: Ditto
|-supereffective|p2a: Ditto
|-damage|p2a: Ditto|0 fnt
|-damage|p1a: Garchomp|76/100|[from] ability: Rough Skin|[of] p2a: Ditto
|faint|p2a: Ditto
|
|-weather|Hail|[upkeep]
|-damage|p1a: Garchomp|70/100|[from] Hail
|upkeep
|
|switch|p2a: Liepard|Liepard, F|32/100
|-damage|p2a: Liepard|19/100|[from] Stealth Rock
|turn|11
|
|move|p2a: Liepard|Assist|p2a: Liepard
|move|p2a: Liepard|Roar|p1a: Garchomp|[from]Assist
|drag|p1a: Dragonite|Dragonite, F|94/100
|-damage|p1a: Dragonite|70/100|[from] Stealth Rock
|
|-weather|Hail|[upkeep]
|-damage|p2a: Liepard|14/100|[from] Hail
|-damage|p1a: Dragonite|63/100|[from] Hail
|-heal|p2a: Liepard|19/100|[from] item: Leftovers
|upkeep
|turn|12
|
|switch|p2a: Wobbuffet|Wobbuffet, M|100/100
|-damage|p2a: Wobbuffet|88/100|[from] Stealth Rock
|move|p1a: Dragonite|Extreme Speed|p2a: Wobbuffet
|-damage|p2a: Wobbuffet|69/100
|
|-weather|Hail|[upkeep]
|-damage|p1a: Dragonite|57/100|[from] Hail
|-damage|p2a: Wobbuffet|62/100|[from] Hail
|upkeep
|turn|13
|
|move|p1a: Dragonite|Dragon Dance|p1a: Dragonite
|-boost|p1a: Dragonite|atk|1
|-boost|p1a: Dragonite|spe|1
|move|p2a: Wobbuffet|Counter|p1a: Dragonite
|-fail|p1a: Dragonite
|
|-weather|Hail|[upkeep]
|-damage|p1a: Dragonite|51/100|[from] Hail
|-damage|p2a: Wobbuffet|56/100|[from] Hail
|upkeep
|turn|14
|
|move|p1a: Dragonite|Outrage|p2a: Wobbuffet
|-damage|p2a: Wobbuffet|0 fnt
|faint|p2a: Wobbuffet
|
|-weather|Hail|[upkeep]
|-damage|p1a: Dragonite|45/100|[from] Hail
|upkeep
|
|switch|p2a: Mew|Mew|100/100
|-damage|p2a: Mew|88/100|[from] Stealth Rock
|turn|15
|
|move|p1a: Dragonite|Outrage|p2a: Mew|[from]lockedmove
|-damage|p2a: Mew|5/100
|-start|p1a: Dragonite|confusion|[fatigue]
|-enditem|p1a: Dragonite|Lum Berry|[eat]
|-end|p1a: Dragonite|confusion
|move|p2a: Mew|Counter|p1a: Dragonite
|-damage|p1a: Dragonite|0 fnt
|faint|p1a: Dragonite
|
|-weather|Hail|[upkeep]
|-damage|p2a: Mew|0 fnt|[from] Hail
|upkeep
|faint|p2a: Mew
|
|switch|p2a: Liepard|Liepard, F|19/100
|switch|p1a: Breloom|Breloom, M|100/100
|-damage|p2a: Liepard|7/100|[from] Stealth Rock
|-damage|p1a: Breloom|94/100|[from] Stealth Rock
|turn|16
|l| Jewrachee
|
|move|p2a: Liepard|Assist|p2a: Liepard
|move|p2a: Liepard|Roar|p1a: Breloom|[from]Assist
|drag|p1a: Volcarona|Volcarona, F|69/100
|-damage|p1a: Volcarona|19/100|[from] Stealth Rock
|
|-weather|Hail|[upkeep]
|-damage|p2a: Liepard|1/100|[from] Hail
|-damage|p1a: Volcarona|13/100|[from] Hail
|-heal|p2a: Liepard|7/100|[from] item: Leftovers
|upkeep
|turn|17
|
|move|p2a: Liepard|Dark Pulse|p1a: Volcarona
|-damage|p1a: Volcarona|0 fnt
|faint|p1a: Volcarona
|
|-weather|Hail|[upkeep]
|-damage|p2a: Liepard|1/100|[from] Hail
|-heal|p2a: Liepard|7/100|[from] item: Leftovers
|upkeep
|
|switch|p1a: Garchomp|Garchomp, M|70/100
|-damage|p1a: Garchomp|64/100|[from] Stealth Rock
|turn|18
|
|move|p2a: Liepard|Assist|p2a: Liepard
|move|p2a: Liepard|Roar|p1a: Garchomp|[from]Assist
|drag|p1a: Breloom|Breloom, M|94/100
|-damage|p1a: Breloom|88/100|[from] Stealth Rock
|
|-weather|Hail|[upkeep]
|-damage|p2a: Liepard|1/100|[from] Hail
|-damage|p1a: Breloom|82/100|[from] Hail
|-heal|p2a: Liepard|7/100|[from] item: Leftovers
|upkeep
|turn|19
|
|move|p2a: Liepard|Assist|p2a: Liepard
|move|p2a: Liepard|Roar|p1a: Breloom|[from]Assist
|drag|p1a: Starmie|Starmie|61/100
|-damage|p1a: Starmie|49/100|[from] Stealth Rock
|
|-weather|Hail|[upkeep]
|-damage|p1a: Starmie|43/100|[from] Hail
|-damage|p2a: Liepard|1/100|[from] Hail
|-heal|p2a: Liepard|7/100|[from] item: Leftovers
|upkeep
|turn|20
|
|move|p2a: Liepard|Assist|p2a: Liepard
|move|p2a: Liepard|Roar|p1a: Starmie|[from]Assist
|drag|p1a: Scizor|Scizor, F|94/100
|-damage|p1a: Scizor|82/100|[from] Stealth Rock
|
|-weather|Hail|[upkeep]
|-damage|p2a: Liepard|1/100|[from] Hail
|-damage|p1a: Scizor|76/100|[from] Hail
|-heal|p2a: Liepard|7/100|[from] item: Leftovers
|upkeep
|turn|21
|
|move|p2a: Liepard|Assist|p2a: Liepard
|move|p2a: Liepard|Roar|p1a: Scizor|[from]Assist
|drag|p1a: Garchomp|Garchomp, M|64/100
|-damage|p1a: Garchomp|57/100|[from] Stealth Rock
|
|-weather|Hail|[upkeep]
|-damage|p2a: Liepard|1/100|[from] Hail
|-damage|p1a: Garchomp|51/100|[from] Hail
|-heal|p2a: Liepard|7/100|[from] item: Leftovers
|upkeep
|turn|22
|
|move|p2a: Liepard|Assist|p2a: Liepard
|move|p2a: Liepard|Roar|p1a: Garchomp|[from]Assist
|drag|p1a: Starmie|Starmie|43/100
|-damage|p1a: Starmie|30/100|[from] Stealth Rock
|
|-weather|Hail|[upkeep]
|-damage|p1a: Starmie|24/100|[from] Hail
|-damage|p2a: Liepard|1/100|[from] Hail
|-heal|p2a: Liepard|7/100|[from] item: Leftovers
|upkeep
|turn|23
|c|☆byronthewellwell|need to roll
|c|☆byronthewellwell|loomer and sciz more
|
|move|p2a: Liepard|Assist|p2a: Liepard
|move|p2a: Liepard|Roar|p1a: Starmie|[from]Assist
|drag|p1a: Scizor|Scizor, F|76/100
|-damage|p1a: Scizor|64/100|[from] Stealth Rock
|
|-weather|Hail|[upkeep]
|-damage|p2a: Liepard|1/100|[from] Hail
|-damage|p1a: Scizor|58/100|[from] Hail
|-heal|p2a: Liepard|7/100|[from] item: Leftovers
|upkeep
|turn|24
|
|move|p2a: Liepard|Assist|p2a: Liepard
|move|p2a: Liepard|Roar|p1a: Scizor|[from]Assist
|drag|p1a: Garchomp|Garchomp, M|51/100
|-damage|p1a: Garchomp|45/100|[from] Stealth Rock
|
|-weather|Hail|[upkeep]
|-damage|p2a: Liepard|1/100|[from] Hail
|-damage|p1a: Garchomp|39/100|[from] Hail
|-heal|p2a: Liepard|7/100|[from] item: Leftovers
|upkeep
|turn|25
|
|move|p2a: Liepard|Assist|p2a: Liepard
|move|p2a: Liepard|Roar|p1a: Garchomp|[from]Assist
|drag|p1a: Starmie|Starmie|24/100
|-damage|p1a: Starmie|12/100|[from] Stealth Rock
|
|-weather|Hail|[upkeep]
|-damage|p1a: Starmie|6/100|[from] Hail
|-damage|p2a: Liepard|1/100|[from] Hail
|-heal|p2a: Liepard|7/100|[from] item: Leftovers
|upkeep
|turn|26
|
|move|p2a: Liepard|Assist|p2a: Liepard
|move|p2a: Liepard|Roar|p1a: Starmie|[from]Assist
|drag|p1a: Breloom|Breloom, M|82/100
|-damage|p1a: Breloom|76/100|[from] Stealth Rock
|
|-weather|Hail|[upkeep]
|-damage|p2a: Liepard|1/100|[from] Hail
|-damage|p1a: Breloom|70/100|[from] Hail
|-heal|p2a: Liepard|7/100|[from] item: Leftovers
|upkeep
|turn|27
|
|move|p2a: Liepard|Assist|p2a: Liepard
|move|p2a: Liepard|Roar|p1a: Breloom|[from]Assist
|drag|p1a: Scizor|Scizor, F|58/100
|-damage|p1a: Scizor|45/100|[from] Stealth Rock
|
|-weather|Hail|[upkeep]
|-damage|p2a: Liepard|1/100|[from] Hail
|-damage|p1a: Scizor|39/100|[from] Hail
|-heal|p2a: Liepard|7/100|[from] item: Leftovers
|upkeep
|turn|28
|
|move|p2a: Liepard|Assist|p2a: Liepard
|move|p2a: Liepard|Roar|p1a: Scizor|[from]Assist
|drag|p1a: Starmie|Starmie|6/100
|-damage|p1a: Starmie|0 fnt|[from] Stealth Rock
|faint|p1a: Starmie
|
|-weather|Hail|[upkeep]
|-damage|p2a: Liepard|1/100|[from] Hail
|-heal|p2a: Liepard|7/100|[from] item: Leftovers
|upkeep
|c|☆byronthewellwell|nice
|
|switch|p1a: Breloom|Breloom, M|70/100
|-damage|p1a: Breloom|64/100|[from] Stealth Rock
|turn|29
|
|move|p2a: Liepard|Assist|p2a: Liepard
|move|p2a: Liepard|Roar|p1a: Breloom|[from]Assist
|drag|p1a: Garchomp|Garchomp, M|39/100
|-damage|p1a: Garchomp|33/100|[from] Stealth Rock
|
|-weather|Hail|[upkeep]
|-damage|p2a: Liepard|1/100|[from] Hail
|-damage|p1a: Garchomp|27/100|[from] Hail
|-heal|p2a: Liepard|7/100|[from] item: Leftovers
|upkeep
|turn|30
|
|move|p2a: Liepard|Assist|p2a: Liepard
|move|p2a: Liepard|Roar|p1a: Garchomp|[from]Assist
|drag|p1a: Scizor|Scizor, F|39/100
|-damage|p1a: Scizor|27/100|[from] Stealth Rock
|
|-weather|Hail|[upkeep]
|-damage|p2a: Liepard|1/100|[from] Hail
|-damage|p1a: Scizor|21/100|[from] Hail
|-heal|p2a: Liepard|7/100|[from] item: Leftovers
|upkeep
|turn|31
|c|☆byronthewellwell|hang on there chomper
|
|move|p2a: Liepard|Assist|p2a: Liepard
|move|p2a: Liepard|Roar|p1a: Scizor|[from]Assist
|drag|p1a: Breloom|Breloom, M|64/100
|-damage|p1a: Breloom|58/100|[from] Stealth Rock
|
|-weather|Hail|[upkeep]
|-damage|p2a: Liepard|1/100|[from] Hail
|-damage|p1a: Breloom|51/100|[from] Hail
|-heal|p2a: Liepard|7/100|[from] item: Leftovers
|upkeep
|turn|32
|
|move|p2a: Liepard|Assist|p2a: Liepard
|move|p2a: Liepard|Roar|p1a: Breloom|[from]Assist
|drag|p1a: Garchomp|Garchomp, M|27/100
|-damage|p1a: Garchomp|20/100|[from] Stealth Rock
|
|-weather|Hail|[upkeep]
|-damage|p2a: Liepard|1/100|[from] Hail
|-damage|p1a: Garchomp|14/100|[from] Hail
|-heal|p2a: Liepard|7/100|[from] item: Leftovers
|upkeep
|turn|33
|
|move|p2a: Liepard|Assist|p2a: Liepard
|move|p2a: Liepard|Roar|p1a: Garchomp|[from]Assist
|drag|p1a: Scizor|Scizor, F|21/100
|-damage|p1a: Scizor|8/100|[from] Stealth Rock
|
|-weather|Hail|[upkeep]
|-damage|p2a: Liepard|1/100|[from] Hail
|-damage|p1a: Scizor|2/100|[from] Hail
|-heal|p2a: Liepard|7/100|[from] item: Leftovers
|upkeep
|turn|34
|
|move|p2a: Liepard|Assist|p2a: Liepard
|move|p2a: Liepard|Roar|p1a: Scizor|[from]Assist
|drag|p1a: Breloom|Breloom, M|51/100
|-damage|p1a: Breloom|45/100|[from] Stealth Rock
|
|-weather|Hail|[upkeep]
|-damage|p2a: Liepard|1/100|[from] Hail
|-damage|p1a: Breloom|39/100|[from] Hail
|-heal|p2a: Liepard|7/100|[from] item: Leftovers
|upkeep
|turn|35
|c|☆byronthewellwell|f i lost
|c|☆byronthewellwell|gg
|
|move|p2a: Liepard|Assist|p2a: Liepard
|move|p2a: Liepard|Roar|p1a: Breloom|[from]Assist
|drag|p1a: Garchomp|Garchomp, M|14/100
|-damage|p1a: Garchomp|8/100|[from] Stealth Rock
|
|-weather|Hail|[upkeep]
|-damage|p2a: Liepard|1/100|[from] Hail
|-damage|p1a: Garchomp|2/100|[from] Hail
|-heal|p2a: Liepard|7/100|[from] item: Leftovers
|upkeep
|turn|36
|
|move|p2a: Liepard|Assist|p2a: Liepard
|move|p2a: Liepard|Roar|p1a: Garchomp|[from]Assist
|drag|p1a: Scizor|Scizor, F|2/100
|-damage|p1a: Scizor|0 fnt|[from] Stealth Rock
|faint|p1a: Scizor
|
|-weather|Hail|[upkeep]
|-damage|p2a: Liepard|1/100|[from] Hail
|-heal|p2a: Liepard|7/100|[from] item: Leftovers
|upkeep
|
|switch|p1a: Garchomp|Garchomp, M|2/100
|-damage|p1a: Garchomp|0 fnt|[from] Stealth Rock
|faint|p1a: Garchomp
|c|☆MCDTeach|gg
|
|switch|p1a: Breloom|Breloom, M|39/100
|-damage|p1a: Breloom|33/100|[from] Stealth Rock
|turn|37
|c|☆byronthewellwell|gg
|
|move|p1a: Breloom|Mach Punch|p2a: Liepard
|-supereffective|p2a: Liepard
|-damage|p2a: Liepard|0 fnt
|faint|p2a: Liepard
|
|win|MCDTeach
|l|☆byronthewellwell
|raw|MCDTeach's rating: 1462 &rarr; <strong>1482</strong><br />(+20 for winning)
|raw|byronthewellwell's rating: 1458 &rarr; <strong>1439</strong><br />(-19 for losing)
