|j|☆nosleeptillbklyn
|j|☆linsar
|player|p1|nosleeptillbklyn|ethan-gen2|1679
|player|p2|linsar|2|1432
|teamsize|p1|6
|teamsize|p2|6
|gametype|singles
|gen|5
|tier|[Gen 5] OU
|rated|
|clearpoke
|poke|p1|Latios, M|item
|poke|p1|Landorus-Therian, M|item
|poke|p1|Keldeo|item
|poke|p1|Tyranitar, F|item
|poke|p1|Ferrothorn, M|item
|poke|p1|Excadrill, F|item
|poke|p2|Jirachi|item
|poke|p2|Magnezone|item
|poke|p2|Dragonite, M|item
|poke|p2|Latios, M|item
|poke|p2|Kyurem-Black|item
|poke|p2|Garchomp, M|item
|rule|Species Clause: Limit one of each Pokémon
|rule|OHKO Clause: OHKO moves are banned
|rule|Moody Clause: Moody is banned
|rule|Evasion Moves Clause: Evasion moves are banned
|rule|Endless Battle Clause: Forcing endless battles is banned
|rule|HP Percentage Mod: HP is shown in percentages
|rule|Evasion Abilities Clause: Evasion abilities are banned
|rule|Baton Pass Clause: Limit one Baton Passer, can't pass Spe and other stats simultaneously
|rule|Sleep Clause: Sleep-inducing moves are banned
|rule|Swagger Clause: Swagger is banned
|teampreview
|
|start
|switch|p1a: Landorus|Landorus-Therian, M|100/100
|switch|p2a: Jirachi|Jirachi|100/100
|-ability|p1a: Landorus|Intimidate|boost
|-unboost|p2a: Jirachi|atk|1
|turn|1
|inactive|Battle timer is ON: inactive players will automatically lose when time's up. (requested by nosleeptillbklyn)
|
|move|p1a: Landorus|Stealth Rock|p2a: Jirachi
|-sidestart|p2: linsar|move: Stealth Rock
|move|p2a: Jirachi|Icy Wind|p1a: Landorus
|-supereffective|p1a: Landorus
|-damage|p1a: Landorus|37/100
|-unboost|p1a: Landorus|spe|1
|
|-heal|p1a: Landorus|43/100|[from] item: Leftovers
|upkeep
|turn|2
|
|switch|p1a: ramalamafafafa|Excadrill, F|100/100
|move|p2a: Jirachi|U-turn|p1a: ramalamafafafa
|-resisted|p1a: ramalamafafafa
|-damage|p1a: ramalamafafafa|94/100
|
|switch|p2a: Magnezone|Magnezone|100/100|[from]move: U-turn
|-damage|p2a: Magnezone|94/100|[from] Stealth Rock
|-item|p2a: Magnezone|Air Balloon
|
|-heal|p1a: ramalamafafafa|99/100|[from] item: Leftovers
|upkeep
|turn|3
|
|move|p1a: ramalamafafafa|Iron Head|p2a: Magnezone
|-resisted|p2a: Magnezone
|-damage|p2a: Magnezone|82/100
|-enditem|p2a: Magnezone|Air Balloon
|move|p2a: Magnezone|Magnet Rise|p2a: Magnezone
|-start|p2a: Magnezone|Magnet Rise
|
|-heal|p1a: ramalamafafafa|100/100|[from] item: Leftovers
|upkeep
|turn|4
|
|move|p1a: ramalamafafafa|Protect|p1a: ramalamafafafa
|-singleturn|p1a: ramalamafafafa|Protect
|move|p2a: Magnezone|Hidden Power|p1a: ramalamafafafa
|-activate|p1a: ramalamafafafa|move: Protect
|
|upkeep
|turn|5
|
|move|p1a: ramalamafafafa|Iron Head|p2a: Magnezone
|-resisted|p2a: Magnezone
|-damage|p2a: Magnezone|71/100
|move|p2a: Magnezone|Hidden Power|p1a: ramalamafafafa
|-supereffective|p1a: ramalamafafafa
|-damage|p1a: ramalamafafafa|38/100
|
|-heal|p1a: ramalamafafafa|45/100|[from] item: Leftovers
|upkeep
|turn|6
|
|move|p1a: ramalamafafafa|Protect|p1a: ramalamafafafa
|-singleturn|p1a: ramalamafafafa|Protect
|move|p2a: Magnezone|Hidden Power|p1a: ramalamafafafa
|-activate|p1a: ramalamafafafa|move: Protect
|
|-heal|p1a: ramalamafafafa|51/100|[from] item: Leftovers
|upkeep
|turn|7
|
|move|p1a: ramalamafafafa|Iron Head|p2a: Magnezone
|-resisted|p2a: Magnezone
|-damage|p2a: Magnezone|59/100
|move|p2a: Magnezone|Hidden Power|p1a: ramalamafafafa
|-supereffective|p1a: ramalamafafafa
|-damage|p1a: ramalamafafafa|0 fnt
|faint|p1a: ramalamafafafa
|
|-end|p2a: Magnezone|Magnet Rise
|upkeep
|
|switch|p1a: Landorus|Landorus-Therian, M|43/100
|-ability|p1a: Landorus|Intimidate|boost
|-unboost|p2a: Magnezone|atk|1
|turn|8
|
|switch|p2a: Dragonite|Dragonite, M|100/100
|-damage|p2a: Dragonite|76/100|[from] Stealth Rock
|move|p1a: Landorus|U-turn|p2a: Dragonite
|-resisted|p2a: Dragonite
|-damage|p2a: Dragonite|64/100
|
|switch|p1a: Latios|Latios, M|100/100|[from]move: U-turn
|
|upkeep
|turn|9
|
|switch|p2a: Jirachi|Jirachi|100/100
|-damage|p2a: Jirachi|94/100|[from] Stealth Rock
|move|p1a: Latios|Dragon Pulse|p2a: Jirachi
|-resisted|p2a: Jirachi
|-damage|p2a: Jirachi|72/100
|
|upkeep
|turn|10
|
|switch|p1a: Ferrothorn|Ferrothorn, M|100/100
|move|p2a: Jirachi|Stealth Rock|p1a: Ferrothorn
|-sidestart|p1: nosleeptillbklyn|move: Stealth Rock
|
|upkeep
|turn|11
|
|move|p2a: Jirachi|U-turn|p1a: Ferrothorn
|-damage|p1a: Ferrothorn|89/100
|-damage|p2a: Jirachi|60/100|[from] ability: Iron Barbs|[of] p1a: Ferrothorn
|
|switch|p2a: Magnezone|Magnezone|59/100|[from]move: U-turn
|-damage|p2a: Magnezone|53/100|[from] Stealth Rock
|move|p1a: Ferrothorn|Spikes|p2a: Magnezone
|-sidestart|p2: linsar|Spikes
|
|-heal|p1a: Ferrothorn|95/100|[from] item: Leftovers
|upkeep
|turn|12
|
|move|p2a: Magnezone|Hidden Power|p1a: Ferrothorn
|-supereffective|p1a: Ferrothorn
|-damage|p1a: Ferrothorn|38/100
|move|p1a: Ferrothorn|Worry Seed|p2a: Magnezone
|-endability|p2a: Magnezone|Magnet Pull|[from] move: Worry Seed
|-ability|p2a: Magnezone|Insomnia|[from] move: Worry Seed
|
|-heal|p1a: Ferrothorn|44/100|[from] item: Leftovers
|upkeep
|turn|13
|
|switch|p1a: Keldeo|Keldeo|100/100
|-damage|p1a: Keldeo|94/100|[from] Stealth Rock
|move|p2a: Magnezone|Hidden Power|p1a: Keldeo
|-resisted|p1a: Keldeo
|-damage|p1a: Keldeo|80/100
|
|upkeep
|turn|14
|
|switch|p2a: Latios|Latios, M|100/100
|-damage|p2a: Latios|88/100|[from] Stealth Rock
|move|p1a: Keldeo|Secret Sword|p2a: Latios
|-resisted|p2a: Latios
|-damage|p2a: Latios|56/100
|
|upkeep
|turn|15
|
|switch|p1a: Ferrothorn|Ferrothorn, M|44/100
|-damage|p1a: Ferrothorn|38/100|[from] Stealth Rock
|move|p2a: Latios|Draco Meteor|p1a: Ferrothorn
|-resisted|p1a: Ferrothorn
|-damage|p1a: Ferrothorn|5/100
|-unboost|p2a: Latios|spa|2
|
|-heal|p1a: Ferrothorn|12/100|[from] item: Leftovers
|upkeep
|turn|16
|
|switch|p2a: Magnezone|Magnezone|53/100
|-damage|p2a: Magnezone|47/100|[from] Stealth Rock
|-damage|p2a: Magnezone|34/100|[from] Spikes
|move|p1a: Ferrothorn|Spikes|p2a: Magnezone
|-sidestart|p2: linsar|Spikes
|
|-heal|p1a: Ferrothorn|18/100|[from] item: Leftovers
|upkeep
|turn|17
|
|move|p2a: Magnezone|Hidden Power|p1a: Ferrothorn
|-supereffective|p1a: Ferrothorn
|-damage|p1a: Ferrothorn|0 fnt
|faint|p1a: Ferrothorn
|
|upkeep
|
|switch|p1a: Landorus|Landorus-Therian, M|43/100
|-damage|p1a: Landorus|30/100|[from] Stealth Rock
|-ability|p1a: Landorus|Intimidate|boost
|-unboost|p2a: Magnezone|atk|1
|turn|18
|
|move|p1a: Landorus|Earthquake|p2a: Magnezone
|-supereffective|p2a: Magnezone
|-damage|p2a: Magnezone|0 fnt
|faint|p2a: Magnezone
|
|-heal|p1a: Landorus|36/100|[from] item: Leftovers
|upkeep
|
|switch|p2a: Kyurem|Kyurem-Black|100/100
|-damage|p2a: Kyurem|84/100|[from] Spikes
|-damage|p2a: Kyurem|59/100|[from] Stealth Rock
|-ability|p2a: Kyurem|Teravolt
|turn|19
|
|move|p2a: Kyurem|Outrage|p1a: Landorus
|-damage|p1a: Landorus|0 fnt
|faint|p1a: Landorus
|
|upkeep
|
|switch|p1a: Keldeo|Keldeo|80/100
|-damage|p1a: Keldeo|74/100|[from] Stealth Rock
|turn|20
|
|move|p1a: Keldeo|Secret Sword|p2a: Kyurem
|-supereffective|p2a: Kyurem
|-damage|p2a: Kyurem|0 fnt
|faint|p2a: Kyurem
|
|upkeep
|
|switch|p2a: Dragonite|Dragonite, M|64/100
|-damage|p2a: Dragonite|40/100|[from] Stealth Rock
|turn|21
|inactive|nosleeptillbklyn has 120 seconds left.
|inactive|nosleeptillbklyn has 90 seconds left.
|inactive|nosleeptillbklyn has 60 seconds left.
|
|switch|p1a: Latios|Latios, M|100/100
|-damage|p1a: Latios|88/100|[from] Stealth Rock
|move|p2a: Dragonite|Outrage|p1a: Latios
|-supereffective|p1a: Latios
|-crit|p1a: Latios
|-damage|p1a: Latios|0 fnt
|faint|p1a: Latios
|
|upkeep
|
|switch|p1a: Keldeo|Keldeo|74/100
|-damage|p1a: Keldeo|68/100|[from] Stealth Rock
|turn|22
|
|move|p1a: Keldeo|Hidden Power|p2a: Dragonite
|-supereffective|p2a: Dragonite
|-damage|p2a: Dragonite|0 fnt
|faint|p2a: Dragonite
|
|upkeep
|
|switch|p2a: Jirachi|Jirachi|60/100
|-damage|p2a: Jirachi|43/100|[from] Spikes
|-damage|p2a: Jirachi|37/100|[from] Stealth Rock
|turn|23
|
|switch|p1a: paul's boutique|Tyranitar, F|100/100
|-damage|p1a: paul's boutique|88/100|[from] Stealth Rock
|-weather|Sandstorm|[from] ability: Sand Stream|[of] p1a: paul's boutique
|move|p2a: Jirachi|Thunder|p1a: paul's boutique
|-damage|p1a: paul's boutique|74/100
|
|-weather|Sandstorm|[upkeep]
|upkeep
|turn|24
|
|move|p2a: Jirachi|Thunder|p1a: paul's boutique|[miss]
|-miss|p2a: Jirachi|p1a: paul's boutique
|move|p1a: paul's boutique|Pursuit|p2a: Jirachi
|-damage|p2a: Jirachi|19/100
|
|-weather|Sandstorm|[upkeep]
|upkeep
|turn|25
|
|move|p2a: Jirachi|Thunder|p1a: paul's boutique|[miss]
|-miss|p2a: Jirachi|p1a: paul's boutique
|move|p1a: paul's boutique|Crunch|p2a: Jirachi
|-crit|p2a: Jirachi
|-damage|p2a: Jirachi|0 fnt
|faint|p2a: Jirachi
|
|-weather|Sandstorm|[upkeep]
|upkeep
|
|switch|p2a: Garchomp|Garchomp, M|100/100
|-damage|p2a: Garchomp|94/100|[from] Stealth Rock
|-damage|p2a: Garchomp|78/100|[from] Spikes
|turn|26
|
|move|p2a: Garchomp|Earthquake|p1a: paul's boutique
|-supereffective|p1a: paul's boutique
|-damage|p1a: paul's boutique|0 fnt
|faint|p1a: paul's boutique
|
|-weather|Sandstorm|[upkeep]
|upkeep
|
|switch|p1a: Keldeo|Keldeo|68/100
|-damage|p1a: Keldeo|62/100|[from] Stealth Rock
|turn|27
|
|move|p1a: Keldeo|Hidden Power|p2a: Garchomp
|-supereffective|p2a: Garchomp
|-damage|p2a: Garchomp|0 fnt
|faint|p2a: Garchomp
|
|-weather|Sandstorm|[upkeep]
|-damage|p1a: Keldeo|56/100|[from] Sandstorm
|upkeep
|
|switch|p2a: Latios|Latios, M|56/100
|-damage|p2a: Latios|44/100|[from] Stealth Rock
|turn|28
|
|move|p1a: Keldeo|Hidden Power|p2a: Latios
|-supereffective|p2a: Latios
|-damage|p2a: Latios|0 fnt
|faint|p2a: Latios
|
|win|nosleeptillbklyn
|raw|nosleeptillbklyn's rating: 1690 &rarr; <strong>1698</strong><br />(+8 for winning)
|raw|linsar's rating: 1440 &rarr; <strong>1432</strong><br />(-8 for losing)
|l|☆nosleeptillbklyn
