|join|16kims1
|join|Supremest
|player|p1|16kims1|169
|player|p2|Supremest|265
|gametype|singles
|gen|5
|tier|[Gen 5] OU
|rated
|rule|Evasion Abilities Clause: Evasion abilities are banned
|clearpoke
|poke|p1|Politoed, F, shiny
|poke|p1|Tornadus, M
|poke|p1|Vaporeon, F, shiny
|poke|p1|Thundurus-Therian, M
|poke|p1|Keldeo
|poke|p1|Azumarill, F
|poke|p2|Politoed, F
|poke|p2|Jirachi
|poke|p2|Tornadus, M
|poke|p2|Heatran, F
|poke|p2|Rotom-Wash
|poke|p2|Swampert, F
|rule|Sleep Clause Mod: Limit one foe put to sleep
|rule|Species Clause: Limit one of each Pokemon
|rule|OHKO Clause: OHKO moves are banned
|rule|Moody Clause: Moody is banned
|rule|Evasion Moves Clause: Evasion moves are banned
|rule|Endless Battle Clause: Forcing endless battles is banned.
|rule|HP Percentage Mod: HP is reported as percentages
|teampreview
|
|start
|switch|p1a: Politoed|Politoed, F, shiny|384/384
|switch|p2a: Rotom-Wash|Rotom-Wash|304/304
|-weather|RainDance|[from] ability: Drizzle|[of] p1a: Politoed
|turn|1
|
|switch|p1a: Thundurus-Therian|Thundurus-Therian, M|300/300
|move|p2a: Rotom-Wash|Substitute|p2a: Rotom-Wash
|-start|p2a: Rotom-Wash|Substitute
|-damage|p2a: Rotom-Wash|228/304
|
|-weather|RainDance|[upkeep]
|-heal|p2a: Rotom-Wash|247/304|[from] item: Leftovers
|turn|2
|
|move|p1a: Thundurus-Therian|Thunder|p2a: Rotom-Wash
|-end|p2a: Rotom-Wash|Substitute
|move|p2a: Rotom-Wash|Hydro Pump|p1a: Thundurus-Therian
|-damage|p1a: Thundurus-Therian|0 fnt
|faint|p1a: Thundurus-Therian
|
|-weather|RainDance|[upkeep]
|-heal|p2a: Rotom-Wash|266/304|[from] item: Leftovers
|
|switch|p1a: Keldeo|Keldeo|323/323
|turn|3
|
|move|p1a: Keldeo|Secret Sword|p2a: Rotom-Wash
|-damage|p2a: Rotom-Wash|83/304
|-damage|p1a: Keldeo|291/323|[from] item: Life Orb
|move|p2a: Rotom-Wash|Thunder|p1a: Keldeo
|-crit|p1a: Keldeo
|-supereffective|p1a: Keldeo
|-damage|p1a: Keldeo|0 fnt
|faint|p1a: Keldeo
|
|-weather|RainDance|[upkeep]
|-heal|p2a: Rotom-Wash|102/304|[from] item: Leftovers
|
|switch|p1a: Azumarill|Azumarill, F|403/403
|turn|4
|
|move|p2a: Rotom-Wash|Thunder|p1a: Azumarill
|-supereffective|p1a: Azumarill
|-damage|p1a: Azumarill|0 fnt
|faint|p1a: Azumarill
|
|-weather|RainDance|[upkeep]
|-heal|p2a: Rotom-Wash|121/304|[from] item: Leftovers
|
|switch|p1a: Politoed|Politoed, F, shiny|384/384
|turn|5
|
|move|p2a: Rotom-Wash|Pain Split|p1a: Politoed
|-sethp|p1a: Politoed|252/384|p2a: Rotom-Wash|252/304|[from] move: Pain Split
|move|p1a: Politoed|Focus Blast|p2a: Rotom-Wash
|-damage|p2a: Rotom-Wash|82/304
|
|-weather|RainDance|[upkeep]
|-heal|p2a: Rotom-Wash|101/304|[from] item: Leftovers
|turn|6
|
|move|p2a: Rotom-Wash|Thunder|p1a: Politoed
|-supereffective|p1a: Politoed
|-damage|p1a: Politoed|0 fnt
|faint|p1a: Politoed
|
|-weather|RainDance|[upkeep]
|-heal|p2a: Rotom-Wash|120/304|[from] item: Leftovers
|
|switch|p1a: Tornadus|Tornadus, M|300/300
|turn|7
|
|move|p1a: Tornadus|Focus Blast|p2a: Rotom-Wash
|-damage|p2a: Rotom-Wash|0 fnt
|faint|p2a: Rotom-Wash
|
|-weather|RainDance|[upkeep]
|
|switch|p2a: Politoed|Politoed, F|384/384
|turn|8
|
|switch|p1a: Vaporeon|Vaporeon, F, shiny|464/464
|move|p2a: Politoed|Scald|p1a: Vaporeon
|-crit|p1a: Vaporeon
|-resisted|p1a: Vaporeon
|-damage|p1a: Vaporeon|335/464
|-status|p1a: Vaporeon|brn
|
|-weather|RainDance|[upkeep]
|-curestatus|p1a: Vaporeon|brn
|-heal|p1a: Vaporeon|364/464|[from] item: Leftovers
|turn|9
|
|move|p2a: Politoed|Hidden Power|p1a: Vaporeon
|-supereffective|p1a: Vaporeon
|-damage|p1a: Vaporeon|254/464
|move|p1a: Vaporeon|Scald|p2a: Politoed
|-resisted|p2a: Politoed
|-damage|p2a: Politoed|301/384
|
|-weather|RainDance|[upkeep]
|-heal|p2a: Politoed|325/384|[from] item: Leftovers
|-heal|p1a: Vaporeon|283/464|[from] item: Leftovers
|turn|10
|
|move|p2a: Politoed|Hidden Power|p1a: Vaporeon
|-supereffective|p1a: Vaporeon
|-damage|p1a: Vaporeon|171/464
|move|p1a: Vaporeon|Rest|p1a: Vaporeon
|-status|p1a: Vaporeon|slp
|-heal|p1a: Vaporeon|464/464 slp|[silent]
|-status|p1a: Vaporeon|slp|[from] move: Rest
|
|-weather|RainDance|[upkeep]
|-heal|p2a: Politoed|349/384|[from] item: Leftovers
|-curestatus|p1a: Vaporeon|slp
|turn|11
|
|switch|p2a: Jirachi|Jirachi|404/404
|move|p1a: Vaporeon|Toxic|p2a: Jirachi
|-fail|p2a: Jirachi
|
|-weather|RainDance|[upkeep]
|turn|12
|
|move|p2a: Jirachi|Wish|p2a: Jirachi
|move|p1a: Vaporeon|Scald|p2a: Jirachi
|-damage|p2a: Jirachi|290/404
|
|-weather|RainDance|[upkeep]
|-heal|p2a: Jirachi|315/404|[from] item: Leftovers
|turn|13
|
|switch|p2a: Tornadus|Tornadus, M|299/299
|move|p1a: Vaporeon|Roar|p2a: Tornadus
|drag|p2a: Heatran|Heatran, F|386/386
|
|-weather|RainDance|[upkeep]
|turn|14
|
|move|p1a: Vaporeon|Scald|p2a: Heatran
|-supereffective|p2a: Heatran
|-damage|p2a: Heatran|156/386
|move|p2a: Heatran|Earth Power|p1a: Vaporeon
|-damage|p1a: Vaporeon|370/464
|
|-weather|RainDance|[upkeep]
|-heal|p1a: Vaporeon|399/464|[from] item: Leftovers
|-heal|p2a: Heatran|180/386|[from] item: Leftovers
|turn|15
|
|move|p1a: Vaporeon|Scald|p2a: Heatran
|-supereffective|p2a: Heatran
|-damage|p2a: Heatran|0 fnt
|faint|p2a: Heatran
|
|-weather|RainDance|[upkeep]
|-heal|p1a: Vaporeon|428/464|[from] item: Leftovers
|
|switch|p2a: Tornadus|Tornadus, M|299/299
|turn|16
|
|move|p2a: Tornadus|Hurricane|p1a: Vaporeon
|-damage|p1a: Vaporeon|98/464
|move|p1a: Vaporeon|Rest|p1a: Vaporeon
|-status|p1a: Vaporeon|slp
|-heal|p1a: Vaporeon|464/464 slp|[silent]
|-status|p1a: Vaporeon|slp|[from] move: Rest
|
|-weather|RainDance|[upkeep]
|-curestatus|p1a: Vaporeon|slp
|turn|17
|
|move|p2a: Tornadus|Hurricane|p1a: Vaporeon
|-damage|p1a: Vaporeon|134/464
|-start|p1a: Vaporeon|confusion
|-activate|p1a: Vaporeon|confusion
|move|p1a: Vaporeon|Roar|p2a: Tornadus
|drag|p2a: Jirachi|Jirachi|315/404
|
|-weather|RainDance|[upkeep]
|-heal|p2a: Jirachi|340/404|[from] item: Leftovers
|-heal|p1a: Vaporeon|163/464|[from] item: Leftovers
|turn|18
|
|move|p2a: Jirachi|Iron Head|p1a: Vaporeon
|-resisted|p1a: Vaporeon
|-damage|p1a: Vaporeon|116/464
|-activate|p1a: Vaporeon|confusion
|-damage|p1a: Vaporeon|97/464|[from] confusion
|
|-weather|RainDance|[upkeep]
|-heal|p2a: Jirachi|365/404|[from] item: Leftovers
|-heal|p1a: Vaporeon|126/464|[from] item: Leftovers
|turn|19
|
|switch|p2a: Tornadus|Tornadus, M|299/299
|-activate|p1a: Vaporeon|confusion
|move|p1a: Vaporeon|Rest|p1a: Vaporeon
|-status|p1a: Vaporeon|slp
|-heal|p1a: Vaporeon|464/464 slp|[silent]
|-status|p1a: Vaporeon|slp|[from] move: Rest
|
|-weather|RainDance|[upkeep]
|-curestatus|p1a: Vaporeon|slp
|turn|20
|
|move|p2a: Tornadus|Hurricane|p1a: Vaporeon
|-damage|p1a: Vaporeon|145/464
|-end|p1a: Vaporeon|confusion
|move|p1a: Vaporeon|Roar|p2a: Tornadus
|drag|p2a: Jirachi|Jirachi|365/404
|
|-weather|RainDance|[upkeep]
|-heal|p2a: Jirachi|390/404|[from] item: Leftovers
|-heal|p1a: Vaporeon|174/464|[from] item: Leftovers
|turn|21
|
|move|p2a: Jirachi|Iron Head|p1a: Vaporeon
|-resisted|p1a: Vaporeon
|-damage|p1a: Vaporeon|125/464
|move|p1a: Vaporeon|Scald|p2a: Jirachi
|-damage|p2a: Jirachi|270/404
|
|-weather|RainDance|[upkeep]
|-heal|p2a: Jirachi|295/404|[from] item: Leftovers
|-heal|p1a: Vaporeon|154/464|[from] item: Leftovers
|turn|22
|
|move|p2a: Jirachi|Iron Head|p1a: Vaporeon
|-resisted|p1a: Vaporeon
|-damage|p1a: Vaporeon|110/464
|move|p1a: Vaporeon|Scald|p2a: Jirachi
|-damage|p2a: Jirachi|175/404
|
|-weather|RainDance|[upkeep]
|-heal|p2a: Jirachi|200/404|[from] item: Leftovers
|-heal|p1a: Vaporeon|139/464|[from] item: Leftovers
|turn|23
|
|move|p2a: Jirachi|Iron Head|p1a: Vaporeon
|-resisted|p1a: Vaporeon
|-damage|p1a: Vaporeon|92/464
|cant|p1a: Vaporeon|flinch
|
|-weather|RainDance|[upkeep]
|-heal|p2a: Jirachi|225/404|[from] item: Leftovers
|-heal|p1a: Vaporeon|121/464|[from] item: Leftovers
|turn|24
|
|move|p2a: Jirachi|Iron Head|p1a: Vaporeon
|-resisted|p1a: Vaporeon
|-damage|p1a: Vaporeon|73/464
|move|p1a: Vaporeon|Rest|p1a: Vaporeon
|-status|p1a: Vaporeon|slp
|-heal|p1a: Vaporeon|464/464 slp|[silent]
|-status|p1a: Vaporeon|slp|[from] move: Rest
|
|-weather|RainDance|[upkeep]
|-heal|p2a: Jirachi|250/404|[from] item: Leftovers
|-curestatus|p1a: Vaporeon|slp
|turn|25
|
|move|p2a: Jirachi|Iron Head|p1a: Vaporeon
|-resisted|p1a: Vaporeon
|-damage|p1a: Vaporeon|417/464
|cant|p1a: Vaporeon|flinch
|
|-weather|RainDance|[upkeep]
|-heal|p2a: Jirachi|275/404|[from] item: Leftovers
|-heal|p1a: Vaporeon|446/464|[from] item: Leftovers
|turn|26
|
|move|p2a: Jirachi|Wish|p2a: Jirachi
|move|p1a: Vaporeon|Scald|p2a: Jirachi
|-damage|p2a: Jirachi|154/404
|
|-weather|RainDance|[upkeep]
|-heal|p2a: Jirachi|179/404|[from] item: Leftovers
|-heal|p1a: Vaporeon|464/464|[from] item: Leftovers
|turn|27
|
|move|p2a: Jirachi|Iron Head|p1a: Vaporeon
|-resisted|p1a: Vaporeon
|-damage|p1a: Vaporeon|417/464
|cant|p1a: Vaporeon|flinch
|
|-weather|RainDance|[upkeep]
|-heal|p2a: Jirachi|381/404|[from] move: Wish|[wisher] Jirachi
|-heal|p2a: Jirachi|404/404|[from] item: Leftovers
|-heal|p1a: Vaporeon|446/464|[from] item: Leftovers
|turn|28
|
|move|p2a: Jirachi|Wish|p2a: Jirachi
|move|p1a: Vaporeon|Scald|p2a: Jirachi
|-damage|p2a: Jirachi|292/404
|
|-weather|RainDance|[upkeep]
|-heal|p2a: Jirachi|317/404|[from] item: Leftovers
|-heal|p1a: Vaporeon|464/464|[from] item: Leftovers
|turn|29
|
|move|p2a: Jirachi|Substitute|p2a: Jirachi
|-start|p2a: Jirachi|Substitute
|-damage|p2a: Jirachi|216/404
|move|p1a: Vaporeon|Scald|p2a: Jirachi
|-end|p2a: Jirachi|Substitute
|
|-weather|RainDance|[upkeep]
|-heal|p2a: Jirachi|404/404|[from] move: Wish|[wisher] Jirachi
|turn|30
|
|move|p2a: Jirachi|Wish|p2a: Jirachi
|move|p1a: Vaporeon|Scald|p2a: Jirachi
|-damage|p2a: Jirachi|298/404
|-status|p2a: Jirachi|brn
|
|-weather|RainDance|[upkeep]
|-heal|p2a: Jirachi|323/404 brn|[from] item: Leftovers
|-damage|p2a: Jirachi|273/404 brn|[from] brn
|turn|31
|
|switch|p2a: Tornadus|Tornadus, M|299/299
|move|p1a: Vaporeon|Roar|p2a: Tornadus
|drag|p2a: Politoed|Politoed, F|349/384
|
|-weather|RainDance|[upkeep]
|-heal|p2a: Politoed|384/384|[from] move: Wish|[wisher] Jirachi
|turn|32
|
|move|p2a: Politoed|Hidden Power|p1a: Vaporeon
|-supereffective|p1a: Vaporeon
|-damage|p1a: Vaporeon|354/464
|move|p1a: Vaporeon|Toxic|p2a: Politoed
|-status|p2a: Politoed|tox
|
|-weather|RainDance|[upkeep]
|-heal|p1a: Vaporeon|383/464|[from] item: Leftovers
|-damage|p2a: Politoed|360/384 tox|[from] psn
|turn|33
|
|move|p2a: Politoed|Hidden Power|p1a: Vaporeon
|-supereffective|p1a: Vaporeon
|-damage|p1a: Vaporeon|271/464
|move|p1a: Vaporeon|Roar|p2a: Politoed
|drag|p2a: Swampert|Swampert, F|404/404
|
|-weather|RainDance|[upkeep]
|-heal|p1a: Vaporeon|300/464|[from] item: Leftovers
|turn|34
|
|move|p1a: Vaporeon|Rest|p1a: Vaporeon
|-status|p1a: Vaporeon|slp
|-heal|p1a: Vaporeon|464/464 slp|[silent]
|-status|p1a: Vaporeon|slp|[from] move: Rest
|move|p2a: Swampert|Earthquake|p1a: Vaporeon
|-damage|p1a: Vaporeon|298/464 slp
|
|-weather|RainDance|[upkeep]
|-curestatus|p1a: Vaporeon|slp
|-heal|p1a: Vaporeon|327/464|[from] item: Leftovers
|turn|35
|
|switch|p1a: Tornadus|Tornadus, M|300/300
|move|p2a: Swampert|Earthquake|p1a: Tornadus
|-immune|p1a: Tornadus|[msg]
|
|-weather|RainDance|[upkeep]
|turn|36
|
|move|p1a: Tornadus|Hurricane|p2a: Swampert
|-damage|p2a: Swampert|181/404
|-start|p2a: Swampert|confusion
|-activate|p2a: Swampert|confusion
|-damage|p2a: Swampert|133/404|[from] confusion
|
|-weather|RainDance|[upkeep]
|turn|37
|
|switch|p2a: Jirachi|Jirachi|273/404 brn
|move|p1a: Tornadus|Hurricane|p2a: Jirachi
|-resisted|p2a: Jirachi
|-damage|p2a: Jirachi|198/404 brn
|
|-weather|RainDance|[upkeep]
|-heal|p2a: Jirachi|223/404 brn|[from] item: Leftovers
|-damage|p2a: Jirachi|173/404 brn|[from] brn
|turn|38
|
|switch|p1a: Vaporeon|Vaporeon, F, shiny|327/464
|move|p2a: Jirachi|Thunder Wave|p1a: Vaporeon
|-status|p1a: Vaporeon|par
|
|-weather|RainDance|[upkeep]
|-heal|p2a: Jirachi|198/404 brn|[from] item: Leftovers
|-curestatus|p1a: Vaporeon|par
|-heal|p1a: Vaporeon|356/464|[from] item: Leftovers
|-damage|p2a: Jirachi|148/404 brn|[from] brn
|turn|39
|
|move|p2a: Jirachi|Wish|p2a: Jirachi
|move|p1a: Vaporeon|Scald|p2a: Jirachi
|-damage|p2a: Jirachi|37/404 brn
|
|-weather|RainDance|[upkeep]
|-heal|p2a: Jirachi|62/404 brn|[from] item: Leftovers
|-heal|p1a: Vaporeon|385/464|[from] item: Leftovers
|-damage|p2a: Jirachi|12/404 brn|[from] brn
|turn|40
|
|move|p2a: Jirachi|Wish|p2a: Jirachi
|-fail|p2a: Jirachi
|move|p1a: Vaporeon|Roar|p2a: Jirachi
|drag|p2a: Politoed|Politoed, F|360/384 tox
|
|-weather|RainDance|[upkeep]
|-heal|p2a: Politoed|384/384 tox|[from] move: Wish|[wisher] Jirachi
|-heal|p1a: Vaporeon|414/464|[from] item: Leftovers
|-damage|p2a: Politoed|360/384 tox|[from] psn
|turn|41
|
|move|p2a: Politoed|Hidden Power|p1a: Vaporeon
|-supereffective|p1a: Vaporeon
|-damage|p1a: Vaporeon|308/464
|move|p1a: Vaporeon|Toxic|p2a: Politoed|[miss]
|-miss|p1a: Vaporeon|p2a: Politoed
|
|-weather|RainDance|[upkeep]
|-heal|p2a: Politoed|384/384 tox|[from] item: Leftovers
|-heal|p1a: Vaporeon|337/464|[from] item: Leftovers
|-damage|p2a: Politoed|336/384 tox|[from] psn
|turn|42
|
|move|p2a: Politoed|Hidden Power|p1a: Vaporeon
|-supereffective|p1a: Vaporeon
|-damage|p1a: Vaporeon|227/464
|move|p1a: Vaporeon|Scald|p2a: Politoed
|-resisted|p2a: Politoed
|-damage|p2a: Politoed|255/384 tox
|
|-weather|RainDance|[upkeep]
|-heal|p2a: Politoed|279/384 tox|[from] item: Leftovers
|-heal|p1a: Vaporeon|256/464|[from] item: Leftovers
|-damage|p2a: Politoed|207/384 tox|[from] psn
|turn|43
|
|switch|p2a: Jirachi|Jirachi|12/404 brn
|move|p1a: Vaporeon|Rest|p1a: Vaporeon
|-status|p1a: Vaporeon|slp
|-heal|p1a: Vaporeon|464/464 slp|[silent]
|-status|p1a: Vaporeon|slp|[from] move: Rest
|
|-weather|RainDance|[upkeep]
|-heal|p2a: Jirachi|37/404 brn|[from] item: Leftovers
|-curestatus|p1a: Vaporeon|slp
|-damage|p2a: Jirachi|0 fnt|[from] brn
|faint|p2a: Jirachi
|
|switch|p2a: Tornadus|Tornadus, M|299/299
|turn|44
|
|move|p2a: Tornadus|Hurricane|p1a: Vaporeon
|-damage|p1a: Vaporeon|148/464
|-start|p1a: Vaporeon|confusion
|-activate|p1a: Vaporeon|confusion
|move|p1a: Vaporeon|Scald|p2a: Tornadus
|-damage|p2a: Tornadus|118/299
|
|-weather|RainDance|[upkeep]
|-heal|p1a: Vaporeon|177/464|[from] item: Leftovers
|turn|45
|
|move|p2a: Tornadus|Hurricane|p1a: Vaporeon
|-damage|p1a: Vaporeon|0 fnt
|faint|p1a: Vaporeon
|
|-weather|RainDance|[upkeep]
|
|switch|p1a: Tornadus|Tornadus, M|300/300
|turn|46
|
|move|p1a: Tornadus|Hurricane|p2a: Tornadus
|-damage|p2a: Tornadus|0 fnt
|faint|p2a: Tornadus
|
|-weather|RainDance|[upkeep]
|
|switch|p2a: Politoed|Politoed, F|207/384 tox
|turn|47
|
|move|p1a: Tornadus|Hurricane|p2a: Politoed
|-damage|p2a: Politoed|0 fnt
|faint|p2a: Politoed
|
|-weather|RainDance|[upkeep]
|
|switch|p2a: Swampert|Swampert, F|133/404
|turn|48
|
|move|p1a: Tornadus|Hurricane|p2a: Swampert
|-damage|p2a: Swampert|0 fnt
|faint|p2a: Swampert
|
|win|16kims1
|raw|Ladder updating...
|raw|16kims1's rating: 1359 &rarr; <strong>1376</strong><br />(+17 for winning)
|raw|Supremest's rating: 1309 &rarr; <strong>1292</strong><br />(-17 for losing)
|leave|Supremest
|player|p2