|j|☆Miltank321
|j|☆HydreigonSpammer
|t:|1736616852
|gametype|singles
|player|p1|Miltank321|juan|1354
|player|p2|HydreigonSpammer|iris|1413
|teamsize|p1|6
|teamsize|p2|6
|gen|5
|tier|[Gen 5] OU
|rated|
|rule|Species Clause: Limit one of each Pokémon
|rule|OHKO Clause: OHKO moves are banned
|rule|Moody Clause: Moody is banned
|rule|Evasion Items Clause: Evasion items are banned
|rule|Evasion Moves Clause: Evasion moves are banned
|rule|Endless Battle Clause: Forcing endless battles is banned
|rule|HP Percentage Mod: HP is shown in percentages
|rule|Evasion Abilities Clause: Evasion abilities are banned
|rule|Sleep Moves Clause: Sleep-inducing moves are banned
|rule|Swagger Clause: Swagger is banned
|rule|Baton Pass Stat Clause: No Baton Passer may have a way to boost its stats
|clearpoke
|poke|p1|Starmie|item
|poke|p1|Thundurus-Therian, M|item
|poke|p1|Tyranitar, M|item
|poke|p1|Mamoswine, M|item
|poke|p1|Garchomp, F|item
|poke|p1|Porygon2|item
|poke|p2|Azelf|item
|poke|p2|Volcarona, F|item
|poke|p2|Garchomp, M|item
|poke|p2|Dragonite, M|item
|poke|p2|Keldeo|item
|poke|p2|Starmie|item
|teampreview
|j| LucklessCart
|inactive|Battle timer is ON: inactive players will automatically lose when time's up. (requested by Miltank321)
|
|t:|1736616863
|start
|switch|p1a: Mamoswine|Mamoswine, M, shiny|100/100
|switch|p2a: Azelf|Azelf|100/100
|turn|1
|
|t:|1736616872
|move|p2a: Azelf|Taunt|p1a: Mamoswine
|-start|p1a: Mamoswine|move: Taunt
|cant|p1a: Mamoswine|move: Taunt|Stealth Rock
|
|upkeep
|turn|2
|
|t:|1736616882
|switch|p1a: Tyranitar|Tyranitar, M, shiny|100/100
|-weather|Sandstorm|[from] ability: Sand Stream|[of] p1a: Tyranitar
|move|p2a: Azelf|Stealth Rock|p1a: Tyranitar
|-sidestart|p1: Miltank321|move: Stealth Rock
|
|-weather|Sandstorm|[upkeep]
|-damage|p2a: Azelf|94/100|[from] Sandstorm
|upkeep
|turn|3
|
|t:|1736616896
|move|p2a: Azelf|Hidden Power|p1a: Tyranitar
|-damage|p1a: Tyranitar|87/100
|move|p1a: Tyranitar|Pursuit|p2a: Azelf
|-supereffective|p2a: Azelf
|-damage|p2a: Azelf|22/100
|
|-weather|Sandstorm|[upkeep]
|-damage|p2a: Azelf|16/100|[from] Sandstorm
|-heal|p1a: Tyranitar|93/100|[from] item: Leftovers
|upkeep
|turn|4
|
|t:|1736616914
|move|p2a: Azelf|Flamethrower|p1a: Tyranitar
|-resisted|p1a: Tyranitar
|-damage|p1a: Tyranitar|85/100
|move|p1a: Tyranitar|Pursuit|p2a: Azelf
|-supereffective|p2a: Azelf
|-damage|p2a: Azelf|0 fnt
|faint|p2a: Azelf
|
|-weather|Sandstorm|[upkeep]
|-heal|p1a: Tyranitar|91/100|[from] item: Leftovers
|upkeep
|inactive|HydreigonSpammer has 120 seconds left.
|
|t:|1736616940
|switch|p2a: Keldeo|Keldeo|100/100
|turn|5
|inactive|HydreigonSpammer has 120 seconds left.
|
|t:|1736616948
|switch|p1a: Starmie|Starmie, shiny|100/100
|-damage|p1a: Starmie|88/100|[from] Stealth Rock
|move|p2a: Keldeo|Secret Sword|p1a: Starmie
|-resisted|p1a: Starmie
|-damage|p1a: Starmie|39/100
|
|-weather|Sandstorm|[upkeep]
|-damage|p1a: Starmie|33/100|[from] Sandstorm
|-damage|p2a: Keldeo|94/100|[from] Sandstorm
|upkeep
|turn|6
|inactive|HydreigonSpammer has 120 seconds left.
|
|t:|1736616961
|move|p1a: Starmie|Ice Beam|p2a: Keldeo
|-resisted|p2a: Keldeo
|-damage|p2a: Keldeo|79/100
|move|p2a: Keldeo|Secret Sword|p1a: Starmie
|-resisted|p1a: Starmie
|-damage|p1a: Starmie|0 fnt
|faint|p1a: Starmie
|
|-weather|Sandstorm|[upkeep]
|-damage|p2a: Keldeo|73/100|[from] Sandstorm
|upkeep
|c|☆Miltank321|Fuking
|c|☆Miltank321|shit
|c|☆Miltank321|Misclick
|inactive|Miltank321 has 120 seconds left.
|c|☆HydreigonSpammer|xd
|
|t:|1736616987
|switch|p1a: Thundurus|Thundurus-Therian, M, shiny|100/100
|-damage|p1a: Thundurus|76/100|[from] Stealth Rock
|turn|7
|inactive|Miltank321 has 120 seconds left.
|inactive|HydreigonSpammer has 120 seconds left.
|
|t:|1736617021
|move|p1a: Thundurus|Volt Switch|p2a: Keldeo
|-supereffective|p2a: Keldeo
|-damage|p2a: Keldeo|0 fnt
|faint|p2a: Keldeo
|
|t:|1736617031
|switch|p1a: Porygon2|Porygon2, shiny|100/100|[from] Volt Switch
|-damage|p1a: Porygon2|88/100|[from] Stealth Rock
|
|-weather|Sandstorm|[upkeep]
|-damage|p1a: Porygon2|82/100|[from] Sandstorm
|upkeep
|
|t:|1736617038
|switch|p2a: Volcarona|Volcarona, F|100/100
|turn|8
|
|t:|1736617044
|move|p2a: Volcarona|Quiver Dance|p2a: Volcarona
|-boost|p2a: Volcarona|spa|1
|-boost|p2a: Volcarona|spd|1
|-boost|p2a: Volcarona|spe|1
|move|p1a: Porygon2|Tri Attack|p2a: Volcarona
|-damage|p2a: Volcarona|68/100
|
|-weather|Sandstorm|[upkeep]
|-damage|p2a: Volcarona|62/100|[from] Sandstorm
|-damage|p1a: Porygon2|76/100|[from] Sandstorm
|upkeep
|turn|9
|inactive|HydreigonSpammer has 120 seconds left.
|
|t:|1736617057
|move|p2a: Volcarona|Quiver Dance|p2a: Volcarona
|-boost|p2a: Volcarona|spa|1
|-boost|p2a: Volcarona|spd|1
|-boost|p2a: Volcarona|spe|1
|move|p1a: Porygon2|Tri Attack|p2a: Volcarona
|-damage|p2a: Volcarona|34/100
|
|-weather|Sandstorm|[upkeep]
|-damage|p2a: Volcarona|28/100|[from] Sandstorm
|-damage|p1a: Porygon2|70/100|[from] Sandstorm
|upkeep
|turn|10
|inactive|HydreigonSpammer has 120 seconds left.
|inactive|Miltank321 has 120 seconds left.
|
|t:|1736617073
|switch|p1a: Tyranitar|Tyranitar, M, shiny|91/100
|-damage|p1a: Tyranitar|79/100|[from] Stealth Rock
|move|p2a: Volcarona|Giga Drain|p1a: Tyranitar
|-supereffective|p1a: Tyranitar
|-crit|p1a: Tyranitar
|-damage|p1a: Tyranitar|0 fnt
|-heal|p2a: Volcarona|76/100|[from] drain|[of] p1a: Tyranitar
|faint|p1a: Tyranitar
|
|-weather|Sandstorm|[upkeep]
|-damage|p2a: Volcarona|70/100|[from] Sandstorm
|upkeep
|inactive|Miltank321 has 120 seconds left.
|c|☆HydreigonSpammer|thanks for hp
|
|t:|1736617092
|switch|p1a: Garchomp|Garchomp, F, shiny|100/100
|-damage|p1a: Garchomp|94/100|[from] Stealth Rock
|turn|11
|
|t:|1736617097
|move|p2a: Volcarona|Bug Buzz|p1a: Garchomp
|-damage|p1a: Garchomp|0 fnt
|faint|p1a: Garchomp
|
|-weather|Sandstorm|[upkeep]
|-damage|p2a: Volcarona|64/100|[from] Sandstorm
|upkeep
|l| LucklessCart
|
|t:|1736617107
|switch|p1a: Mamoswine|Mamoswine, M, shiny|100/100
|-damage|p1a: Mamoswine|88/100|[from] Stealth Rock
|turn|12
|
|t:|1736617111
|move|p1a: Mamoswine|Ice Shard|p2a: Volcarona
|-resisted|p2a: Volcarona
|-damage|p2a: Volcarona|47/100
|move|p2a: Volcarona|Giga Drain|p1a: Mamoswine
|-supereffective|p1a: Mamoswine
|-damage|p1a: Mamoswine|0 fnt
|-heal|p2a: Volcarona|95/100|[from] drain|[of] p1a: Mamoswine
|faint|p1a: Mamoswine
|
|-weather|Sandstorm|[upkeep]
|-damage|p2a: Volcarona|89/100|[from] Sandstorm
|upkeep
|-message|Miltank321 forfeited.
|
|win|HydreigonSpammer
|raw|Miltank321's rating: 1354 &rarr; <strong>1337</strong><br />(-17 for losing)
|raw|HydreigonSpammer's rating: 1413 &rarr; <strong>1430</strong><br />(+17 for winning)
|l|☆Miltank321
|player|p1|
