|j|☆refsunpersons
|j|☆l3o123
|player|p1|refsunpersons|15
|player|p2|l3o123|264
|teamsize|p1|6
|teamsize|p2|6
|gametype|singles
|gen|5
|tier|[Gen 5] OU
|rated|
|rule|Sleep Clause Mod: Limit one foe put to sleep
|rule|Species Clause: Limit one of each Pokémon
|rule|OHKO Clause: OHKO moves are banned
|rule|Moody Clause: Moody is banned
|rule|Evasion Moves Clause: Evasion moves are banned
|rule|Endless Battle Clause: Forcing endless battles is banned
|rule|HP Percentage Mod: HP is shown in percentages
|rule|Evasion Abilities Clause: Evasion abilities are banned
|rule|Baton Pass Clause: Limit one Baton Passer, can't pass Spe and other stats simultaneously
|rule|Swagger Clause: Swagger is banned
|clearpoke
|poke|p1|Jirachi|item
|poke|p1|Jellicent, F|item
|poke|p1|Staraptor, M|item
|poke|p1|Ferrothorn, F|item
|poke|p1|Xatu, M|item
|poke|p1|Diglett, F|item
|poke|p2|Hippowdon, F|item
|poke|p2|Celebi|item
|poke|p2|Dragonite, M|item
|poke|p2|Jirachi|item
|poke|p2|Starmie|item
|poke|p2|Garchomp, M|item
|teampreview
|c|☆refsunpersons|gl hf
|c|☆l3o123|gl hf u2
|
|start
|switch|p1a: Xatu|Xatu, M|100/100
|switch|p2a: Hippowdon|Hippowdon, F|100/100
|-weather|Sandstorm|[from] ability: Sand Stream|[of] p2a: Hippowdon
|turn|1
|
|switch|p2a: Jirachi|Jirachi|100/100
|move|p1a: Xatu|Toxic|p2a: Jirachi
|-immune|p2a: Jirachi|[msg]
|
|-weather|Sandstorm|[upkeep]
|-damage|p1a: Xatu|94/100|[from] Sandstorm
|upkeep
|turn|2
|
|move|p1a: Xatu|Night Shade|p2a: Jirachi
|-damage|p2a: Jirachi|76/100
|move|p2a: Jirachi|Body Slam|p1a: Xatu
|-damage|p1a: Xatu|74/100
|-damage|p2a: Jirachi|59/100|[from] item: Rocky Helmet|[of] p1a: Xatu
|-status|p1a: Xatu|par
|
|-weather|Sandstorm|[upkeep]
|-damage|p1a: Xatu|68/100 par|[from] Sandstorm
|-heal|p2a: Jirachi|65/100|[from] item: Leftovers
|upkeep
|turn|3
|
|move|p2a: Jirachi|Wish|p2a: Jirachi
|move|p1a: Xatu|U-turn|p2a: Jirachi
|-damage|p2a: Jirachi|54/100
|
|switch|p1a: Ferrothorn|Ferrothorn, F|100/100
|
|-weather|Sandstorm|[upkeep]
|-heal|p2a: Jirachi|60/100|[from] item: Leftovers
|upkeep
|turn|4
|
|move|p2a: Jirachi|Body Slam|p1a: Ferrothorn
|-resisted|p1a: Ferrothorn
|-damage|p1a: Ferrothorn|94/100
|-damage|p2a: Jirachi|48/100|[from] ability: Iron Barbs|[of] p1a: Ferrothorn
|move|p1a: Ferrothorn|Spikes|p2a: Jirachi
|-sidestart|p2: l3o123|Spikes
|
|-weather|Sandstorm|[upkeep]
|-heal|p2a: Jirachi|98/100|[from] move: Wish|[wisher] Jirachi
|-heal|p2a: Jirachi|100/100|[from] item: Leftovers
|-heal|p1a: Ferrothorn|100/100|[from] item: Leftovers
|upkeep
|turn|5
|
|switch|p2a: Garchomp|Garchomp, M|100/100
|-damage|p2a: Garchomp|88/100|[from] Spikes
|move|p1a: Ferrothorn|Leech Seed|p2a: Garchomp
|-start|p2a: Garchomp|move: Leech Seed
|
|-weather|Sandstorm|[upkeep]
|-damage|p2a: Garchomp|76/100|[from] Leech Seed|[of] p1a: Ferrothorn
|upkeep
|turn|6
|
|switch|p2a: Celebi|Celebi|100/100
|-damage|p2a: Celebi|88/100|[from] Spikes
|switch|p1a: Staraptor|Staraptor, M|100/100
|
|-weather|Sandstorm|[upkeep]
|-damage|p1a: Staraptor|94/100|[from] Sandstorm
|-damage|p2a: Celebi|82/100|[from] Sandstorm
|-heal|p2a: Celebi|88/100|[from] item: Leftovers
|upkeep
|turn|7
|
|switch|p2a: Hippowdon|Hippowdon, F|100/100
|-damage|p2a: Hippowdon|88/100|[from] Spikes
|move|p1a: Staraptor|Brave Bird|p2a: Hippowdon
|-damage|p2a: Hippowdon|44/100
|-damage|p1a: Staraptor|77/100|[from] Recoil
|
|-weather|Sandstorm|[upkeep]
|-damage|p1a: Staraptor|70/100|[from] Sandstorm
|-heal|p2a: Hippowdon|50/100|[from] item: Leftovers
|upkeep
|turn|8
|
|switch|p1a: Xatu|Xatu, M|68/100 par
|move|p2a: Hippowdon|Slack Off|p2a: Hippowdon
|-heal|p2a: Hippowdon|99/100
|
|-weather|Sandstorm|[upkeep]
|-damage|p1a: Xatu|62/100 par|[from] Sandstorm
|-heal|p2a: Hippowdon|100/100|[from] item: Leftovers
|upkeep
|turn|9
|
|move|p1a: Xatu|Night Shade|p2a: Hippowdon
|-damage|p2a: Hippowdon|77/100
|move|p2a: Hippowdon|Whirlwind|p1a: Xatu
|move|p1a: Xatu|Whirlwind|p2a: Hippowdon|[from]Magic Bounce
|drag|p2a: Garchomp|Garchomp, M|76/100
|-damage|p2a: Garchomp|63/100|[from] Spikes
|
|-weather|Sandstorm|[upkeep]
|-damage|p1a: Xatu|56/100 par|[from] Sandstorm
|upkeep
|turn|10
|
|switch|p1a: Ferrothorn|Ferrothorn, F|100/100
|move|p2a: Garchomp|Swords Dance|p2a: Garchomp
|-boost|p2a: Garchomp|atk|2
|
|-weather|Sandstorm|[upkeep]
|upkeep
|turn|11
|
|switch|p1a: Staraptor|Staraptor, M|70/100
|move|p2a: Garchomp|Substitute|p2a: Garchomp
|-start|p2a: Garchomp|Substitute
|-damage|p2a: Garchomp|38/100
|
|-weather|Sandstorm|[upkeep]
|-damage|p1a: Staraptor|64/100|[from] Sandstorm
|upkeep
|turn|12
|
|move|p1a: Staraptor|U-turn|p2a: Garchomp
|-activate|p2a: Garchomp|Substitute|[damage]
|
|switch|p1a: Ferrothorn|Ferrothorn, F|100/100
|move|p2a: Garchomp|Outrage|p1a: Ferrothorn
|-resisted|p1a: Ferrothorn
|-damage|p1a: Ferrothorn|53/100
|-damage|p2a: Garchomp|26/100|[from] ability: Iron Barbs|[of] p1a: Ferrothorn
|
|-weather|Sandstorm|[upkeep]
|-heal|p1a: Ferrothorn|60/100|[from] item: Leftovers
|upkeep
|turn|13
|
|move|p2a: Garchomp|Outrage|p1a: Ferrothorn|[from]lockedmove
|-resisted|p1a: Ferrothorn
|-damage|p1a: Ferrothorn|10/100
|-damage|p2a: Garchomp|13/100|[from] ability: Iron Barbs|[of] p1a: Ferrothorn
|move|p1a: Ferrothorn|Spikes|p2a: Garchomp
|-sidestart|p2: l3o123|Spikes
|
|-weather|Sandstorm|[upkeep]
|-heal|p1a: Ferrothorn|17/100|[from] item: Leftovers
|upkeep
|turn|14
|
|move|p2a: Garchomp|Outrage|p1a: Ferrothorn|[from]lockedmove
|-resisted|p1a: Ferrothorn
|-damage|p1a: Ferrothorn|0 fnt
|-damage|p2a: Garchomp|1/100|[from] ability: Iron Barbs|[of] p1a: Ferrothorn
|-start|p2a: Garchomp|confusion|[fatigue]
|faint|p1a: Ferrothorn
|
|-weather|Sandstorm|[upkeep]
|upkeep
|
|switch|p1a: Staraptor|Staraptor, M|64/100
|turn|15
|
|move|p1a: Staraptor|U-turn|p2a: Garchomp
|-end|p2a: Garchomp|Substitute
|
|switch|p1a: Xatu|Xatu, M|56/100 par
|-activate|p2a: Garchomp|confusion
|-damage|p2a: Garchomp|0 fnt|[from] confusion
|faint|p2a: Garchomp
|
|-weather|Sandstorm|[upkeep]
|-damage|p1a: Xatu|49/100 par|[from] Sandstorm
|upkeep
|
|switch|p2a: Starmie|Starmie|100/100
|-damage|p2a: Starmie|84/100|[from] Spikes
|turn|16
|
|switch|p1a: Jellicent|Jellicent, F|100/100
|move|p2a: Starmie|Reflect Type|p1a: Jellicent
|-start|p2a: Starmie|typechange|[from] move: Reflect Type|[of] p1a: Jellicent
|
|-weather|Sandstorm|[upkeep]
|-damage|p2a: Starmie|78/100|[from] Sandstorm
|-damage|p1a: Jellicent|94/100|[from] Sandstorm
|-heal|p2a: Starmie|84/100|[from] item: Leftovers
|-heal|p1a: Jellicent|100/100|[from] item: Leftovers
|upkeep
|turn|17
|
|switch|p2a: Celebi|Celebi|88/100
|-damage|p2a: Celebi|72/100|[from] Spikes
|move|p1a: Jellicent|Will-O-Wisp|p2a: Celebi
|-status|p2a: Celebi|brn
|
|-weather|Sandstorm|[upkeep]
|-damage|p2a: Celebi|66/100 brn|[from] Sandstorm
|-damage|p1a: Jellicent|94/100|[from] Sandstorm
|-heal|p2a: Celebi|72/100 brn|[from] item: Leftovers
|-heal|p1a: Jellicent|100/100|[from] item: Leftovers
|-damage|p2a: Celebi|59/100 brn|[from] brn
|upkeep
|turn|18
|
|switch|p1a: Staraptor|Staraptor, M|64/100
|move|p2a: Celebi|Nasty Plot|p2a: Celebi
|-boost|p2a: Celebi|spa|2
|
|-weather|Sandstorm|[upkeep]
|-damage|p1a: Staraptor|58/100|[from] Sandstorm
|-damage|p2a: Celebi|53/100 brn|[from] Sandstorm
|-heal|p2a: Celebi|59/100 brn|[from] item: Leftovers
|-damage|p2a: Celebi|47/100 brn|[from] brn
|upkeep
|turn|19
|
|switch|p2a: Hippowdon|Hippowdon, F|77/100
|-damage|p2a: Hippowdon|60/100|[from] Spikes
|move|p1a: Staraptor|Brave Bird|p2a: Hippowdon
|-damage|p2a: Hippowdon|20/100
|-damage|p1a: Staraptor|42/100|[from] Recoil
|
|-weather|Sandstorm|[upkeep]
|-damage|p1a: Staraptor|36/100|[from] Sandstorm
|-heal|p2a: Hippowdon|27/100|[from] item: Leftovers
|upkeep
|turn|20
|
|move|p1a: Staraptor|Brave Bird|p2a: Hippowdon
|-damage|p2a: Hippowdon|0 fnt
|-damage|p1a: Staraptor|26/100|[from] Recoil
|faint|p2a: Hippowdon
|
|-weather|Sandstorm|[upkeep]
|-damage|p1a: Staraptor|20/100|[from] Sandstorm
|upkeep
|
|switch|p2a: Jirachi|Jirachi|100/100
|-damage|p2a: Jirachi|84/100|[from] Spikes
|turn|21
|
|switch|p1a: Xatu|Xatu, M|49/100 par
|move|p2a: Jirachi|Wish|p2a: Jirachi
|
|-weather|Sandstorm|[upkeep]
|-damage|p1a: Xatu|43/100 par|[from] Sandstorm
|-heal|p2a: Jirachi|90/100|[from] item: Leftovers
|upkeep
|turn|22
|
|move|p2a: Jirachi|Iron Head|p1a: Xatu
|-damage|p1a: Xatu|17/100 par
|-damage|p2a: Jirachi|74/100|[from] item: Rocky Helmet|[of] p1a: Xatu
|move|p1a: Xatu|Roost|p1a: Xatu
|-heal|p1a: Xatu|67/100 par
|
|-weather|Sandstorm|[upkeep]
|-damage|p1a: Xatu|61/100 par|[from] Sandstorm
|-heal|p2a: Jirachi|100/100|[from] move: Wish|[wisher] Jirachi
|upkeep
|turn|23
|
|move|p2a: Jirachi|Iron Head|p1a: Xatu
|-damage|p1a: Xatu|35/100 par
|-damage|p2a: Jirachi|84/100|[from] item: Rocky Helmet|[of] p1a: Xatu
|cant|p1a: Xatu|flinch
|
|-weather|Sandstorm|[upkeep]
|-damage|p1a: Xatu|29/100 par|[from] Sandstorm
|-heal|p2a: Jirachi|90/100|[from] item: Leftovers
|upkeep
|turn|24
|
|move|p2a: Jirachi|Iron Head|p1a: Xatu
|-damage|p1a: Xatu|1/100 par
|-damage|p2a: Jirachi|74/100|[from] item: Rocky Helmet|[of] p1a: Xatu
|cant|p1a: Xatu|flinch
|
|-weather|Sandstorm|[upkeep]
|-damage|p1a: Xatu|0 fnt|[from] Sandstorm
|-heal|p2a: Jirachi|80/100|[from] item: Leftovers
|upkeep
|faint|p1a: Xatu
|
|switch|p1a: Diglett|Diglett, F|100/100
|turn|25
|
|move|p2a: Jirachi|Protect|p2a: Jirachi
|-singleturn|p2a: Jirachi|Protect
|move|p1a: Diglett|Earthquake|p2a: Jirachi
|-activate|p2a: Jirachi|move: Protect
|
|-weather|Sandstorm|[upkeep]
|-heal|p2a: Jirachi|86/100|[from] item: Leftovers
|upkeep
|turn|26
|
|move|p1a: Diglett|Earthquake|p2a: Jirachi
|-supereffective|p2a: Jirachi
|-damage|p2a: Jirachi|32/100
|move|p2a: Jirachi|Body Slam|p1a: Diglett
|-enditem|p1a: Diglett|Focus Sash
|-damage|p1a: Diglett|1/100
|
|-weather|Sandstorm|[upkeep]
|-heal|p2a: Jirachi|38/100|[from] item: Leftovers
|upkeep
|turn|27
|
|move|p2a: Jirachi|Protect|p2a: Jirachi
|-singleturn|p2a: Jirachi|Protect
|move|p1a: Diglett|Earthquake|p2a: Jirachi
|-activate|p2a: Jirachi|move: Protect
|
|-weather|Sandstorm|[upkeep]
|-heal|p2a: Jirachi|44/100|[from] item: Leftovers
|upkeep
|turn|28
|
|move|p2a: Jirachi|Protect|p2a: Jirachi
|-singleturn|p2a: Jirachi|Protect
|move|p1a: Diglett|Stealth Rock|p2a: Jirachi
|-sidestart|p2: l3o123|move: Stealth Rock
|
|-weather|Sandstorm|[upkeep]
|-heal|p2a: Jirachi|50/100|[from] item: Leftovers
|upkeep
|turn|29
|
|move|p2a: Jirachi|Protect|p2a: Jirachi
|-fail|p2a: Jirachi
|move|p1a: Diglett|Earthquake|p2a: Jirachi
|-supereffective|p2a: Jirachi
|-damage|p2a: Jirachi|0 fnt
|faint|p2a: Jirachi
|
|-weather|Sandstorm|[upkeep]
|upkeep
|
|switch|p2a: Dragonite|Dragonite, M|100/100
|-damage|p2a: Dragonite|76/100|[from] Stealth Rock
|turn|30
|
|move|p1a: Diglett|Rock Slide|p2a: Dragonite
|-supereffective|p2a: Dragonite
|-damage|p2a: Dragonite|47/100
|move|p2a: Dragonite|Substitute|p2a: Dragonite
|-start|p2a: Dragonite|Substitute
|-damage|p2a: Dragonite|22/100
|
|-weather|Sandstorm|[upkeep]
|-damage|p2a: Dragonite|16/100|[from] Sandstorm
|-heal|p2a: Dragonite|22/100|[from] item: Leftovers
|upkeep
|turn|31
|
|move|p1a: Diglett|Rock Slide|p2a: Dragonite
|-supereffective|p2a: Dragonite
|-end|p2a: Dragonite|Substitute
|move|p2a: Dragonite|Dragon Dance|p2a: Dragonite
|-boost|p2a: Dragonite|atk|1
|-boost|p2a: Dragonite|spe|1
|
|-weather|Sandstorm|[upkeep]
|-damage|p2a: Dragonite|16/100|[from] Sandstorm
|-heal|p2a: Dragonite|22/100|[from] item: Leftovers
|upkeep
|turn|32
|
|switch|p1a: Jirachi|Jirachi|100/100
|move|p2a: Dragonite|Roost|p2a: Dragonite
|-heal|p2a: Dragonite|72/100
|
|-weather|Sandstorm|[upkeep]
|-damage|p2a: Dragonite|66/100|[from] Sandstorm
|-heal|p2a: Dragonite|72/100|[from] item: Leftovers
|upkeep
|turn|33
|
|move|p1a: Jirachi|Ice Punch|p2a: Dragonite
|-supereffective|p2a: Dragonite
|-damage|p2a: Dragonite|2/100
|move|p2a: Dragonite|Substitute|p2a: Dragonite
|-fail|p2a: Dragonite|move: Substitute|[weak]
|
|-weather|Sandstorm|[upkeep]
|-damage|p2a: Dragonite|0 fnt|[from] Sandstorm
|upkeep
|faint|p2a: Dragonite
|
|switch|p2a: Starmie|Starmie|84/100
|-damage|p2a: Starmie|67/100|[from] Spikes
|-damage|p2a: Starmie|55/100|[from] Stealth Rock
|turn|34
|c|☆l3o123|gg wp
|c|☆refsunpersons|gg wp bro
|-message|l3o123 forfeited.
|
|win|refsunpersons
|l|☆l3o123
|raw|refsunpersons's rating: 1277 &rarr; <strong>1305</strong><br />(+28 for winning)
|raw|l3o123's rating: 1329 &rarr; <strong>1306</strong><br />(-23 for losing)
