|j|☆thanksdocter
|j|☆AnBadPuff
|t:|1734048804
|gametype|singles
|player|p1|thanksdocter|scientist-gen4dp|1357
|player|p2|AnBadPuff|arezu|1282
|teamsize|p1|6
|teamsize|p2|6
|gen|5
|tier|[Gen 5] OU
|rated|
|rule|Species Clause: Limit one of each Pokémon
|rule|OHKO Clause: OHKO moves are banned
|rule|Moody Clause: Moody is banned
|rule|Evasion Items Clause: Evasion items are banned
|rule|Evasion Moves Clause: Evasion moves are banned
|rule|Endless Battle Clause: Forcing endless battles is banned
|rule|HP Percentage Mod: HP is shown in percentages
|rule|Evasion Abilities Clause: Evasion abilities are banned
|rule|Sleep Moves Clause: Sleep-inducing moves are banned
|rule|Swagger Clause: Swagger is banned
|rule|Baton Pass Stat Clause: No Baton Passer may have a way to boost its stats
|clearpoke
|poke|p1|Politoed, M|item
|poke|p1|Tentacruel, F|item
|poke|p1|Ferrothorn, F|item
|poke|p1|Keldeo|item
|poke|p1|Thundurus-Therian, M|item
|poke|p1|Scizor, M|item
|poke|p2|Politoed, M|item
|poke|p2|Keldeo|item
|poke|p2|Tentacruel, M|item
|poke|p2|Toxicroak, F|item
|poke|p2|Ferrothorn, M|item
|poke|p2|Scizor, F|item
|teampreview
|c|☆thanksdocter|gl hf
|
|t:|1734048817
|start
|switch|p1a: Thundurus|Thundurus-Therian, M|100/100
|switch|p2a: Snippy|Scizor, F|100/100
|turn|1
|
|t:|1734048820
|move|p2a: Snippy|Bullet Punch|p1a: Thundurus
|-resisted|p1a: Thundurus
|-damage|p1a: Thundurus|72/100
|move|p1a: Thundurus|Substitute|p1a: Thundurus
|-start|p1a: Thundurus|Substitute
|-damage|p1a: Thundurus|48/100
|
|-heal|p1a: Thundurus|54/100|[from] item: Leftovers
|upkeep
|turn|2
|
|t:|1734048825
|move|p1a: Thundurus|Thunder|p2a: Snippy
|-damage|p2a: Snippy|7/100
|move|p2a: Snippy|Swords Dance|p2a: Snippy
|-boost|p2a: Snippy|atk|2
|
|-heal|p1a: Thundurus|60/100|[from] item: Leftovers
|upkeep
|turn|3
|
|t:|1734048833
|move|p2a: Snippy|Bullet Punch|p1a: Thundurus
|-resisted|p1a: Thundurus
|-end|p1a: Thundurus|Substitute
|move|p1a: Thundurus|Hidden Power|p2a: Snippy
|-resisted|p2a: Snippy
|-crit|p2a: Snippy
|-damage|p2a: Snippy|0 fnt
|faint|p2a: Snippy
|
|-heal|p1a: Thundurus|66/100|[from] item: Leftovers
|upkeep
|
|t:|1734048847
|switch|p2a: My Little Pony|Keldeo|100/100
|turn|4
|
|t:|1734048851
|switch|p1a: Politoed|Politoed, M|100/100
|-weather|RainDance|[from] ability: Drizzle|[of] p1a: Politoed
|move|p2a: My Little Pony|Scald|p1a: Politoed
|-resisted|p1a: Politoed
|-crit|p1a: Politoed
|-damage|p1a: Politoed|49/100
|
|-weather|RainDance|[upkeep]
|-heal|p1a: Politoed|55/100|[from] item: Leftovers
|upkeep
|turn|5
|
|t:|1734048859
|switch|p2a: Them Thorns|Ferrothorn, M|100/100
|move|p1a: Politoed|Protect||[still]
|-fail|p1a: Politoed
|
|-weather|RainDance|[upkeep]
|-heal|p1a: Politoed|62/100|[from] item: Leftovers
|upkeep
|turn|6
|
|t:|1734048871
|switch|p1a: Tentacruel|Tentacruel, F|100/100
|move|p2a: Them Thorns|Stealth Rock|p1a: Tentacruel
|-sidestart|p1: thanksdocter|move: Stealth Rock
|
|-weather|RainDance|[upkeep]
|upkeep
|turn|7
|c|☆AnBadPuff|you too
|
|t:|1734048878
|move|p1a: Tentacruel|Substitute|p1a: Tentacruel
|-start|p1a: Tentacruel|Substitute
|-damage|p1a: Tentacruel|75/100
|move|p2a: Them Thorns|Power Whip|p1a: Tentacruel
|-end|p1a: Tentacruel|Substitute
|
|-weather|RainDance|[upkeep]
|-heal|p1a: Tentacruel|82/100|[from] ability: Rain Dish
|-heal|p1a: Tentacruel|88/100|[from] item: Black Sludge
|upkeep
|turn|8
|
|t:|1734048883
|switch|p1a: Ferrothorn|Ferrothorn, F|100/100
|-damage|p1a: Ferrothorn|94/100|[from] Stealth Rock
|move|p2a: Them Thorns|Power Whip|p1a: Ferrothorn
|-resisted|p1a: Ferrothorn
|-damage|p1a: Ferrothorn|84/100
|-damage|p2a: Them Thorns|88/100|[from] ability: Iron Barbs|[of] p1a: Ferrothorn
|
|-weather|RainDance|[upkeep]
|-heal|p1a: Ferrothorn|91/100|[from] item: Leftovers
|-heal|p2a: Them Thorns|94/100|[from] item: Leftovers
|upkeep
|turn|9
|
|t:|1734048888
|switch|p2a: My Little Pony|Keldeo|100/100
|move|p1a: Ferrothorn|Spikes|p2a: My Little Pony
|-sidestart|p2: AnBadPuff|Spikes
|
|-weather|RainDance|[upkeep]
|-heal|p1a: Ferrothorn|97/100|[from] item: Leftovers
|upkeep
|turn|10
|
|t:|1734048893
|switch|p1a: Tentacruel|Tentacruel, F|88/100
|-damage|p1a: Tentacruel|75/100|[from] Stealth Rock
|move|p2a: My Little Pony|Secret Sword|p1a: Tentacruel
|-resisted|p1a: Tentacruel
|-damage|p1a: Tentacruel|50/100
|
|-weather|RainDance|[upkeep]
|-heal|p1a: Tentacruel|56/100|[from] ability: Rain Dish
|-heal|p1a: Tentacruel|62/100|[from] item: Black Sludge
|upkeep
|turn|11
|
|t:|1734048897
|switch|p2a: So Cruel|Tentacruel, M|100/100
|-damage|p2a: So Cruel|88/100|[from] Spikes
|move|p1a: Tentacruel|Scald|p2a: So Cruel
|-resisted|p2a: So Cruel
|-damage|p2a: So Cruel|73/100
|
|-weather|RainDance|[upkeep]
|-heal|p1a: Tentacruel|68/100|[from] ability: Rain Dish
|-heal|p2a: So Cruel|79/100|[from] ability: Rain Dish
|-heal|p1a: Tentacruel|74/100|[from] item: Black Sludge
|-heal|p2a: So Cruel|85/100|[from] item: Black Sludge
|upkeep
|turn|12
|
|t:|1734048902
|move|p2a: So Cruel|Rapid Spin|p1a: Tentacruel
|-damage|p1a: Tentacruel|71/100
|-sideend|p2: AnBadPuff|Spikes|[from] move: Rapid Spin|[of] p2a: So Cruel
|move|p1a: Tentacruel|Substitute|p1a: Tentacruel
|-start|p1a: Tentacruel|Substitute
|-damage|p1a: Tentacruel|46/100
|
|-weather|RainDance|[upkeep]
|-heal|p1a: Tentacruel|52/100|[from] ability: Rain Dish
|-heal|p2a: So Cruel|91/100|[from] ability: Rain Dish
|-heal|p2a: So Cruel|97/100|[from] item: Black Sludge
|-heal|p1a: Tentacruel|58/100|[from] item: Black Sludge
|upkeep
|turn|13
|
|t:|1734048912
|switch|p2a: Mountain Chicken|Toxicroak, F|100/100
|move|p1a: Tentacruel|Rapid Spin|p2a: Mountain Chicken
|-damage|p2a: Mountain Chicken|96/100
|-sideend|p1: thanksdocter|Stealth Rock|[from] move: Rapid Spin|[of] p1a: Tentacruel
|
|-weather|RainDance|[upkeep]
|-heal|p1a: Tentacruel|64/100|[from] ability: Rain Dish
|-heal|p2a: Mountain Chicken|100/100|[from] ability: Dry Skin
|-heal|p1a: Tentacruel|70/100|[from] item: Black Sludge
|upkeep
|turn|14
|
|t:|1734048919
|switch|p1a: Thundurus|Thundurus-Therian, M|66/100
|move|p2a: Mountain Chicken|Swords Dance|p2a: Mountain Chicken
|-boost|p2a: Mountain Chicken|atk|2
|
|-weather|RainDance|[upkeep]
|-heal|p1a: Thundurus|72/100|[from] item: Leftovers
|upkeep
|turn|15
|
|t:|1734048923
|move|p2a: Mountain Chicken|Sucker Punch|p1a: Thundurus
|-damage|p1a: Thundurus|0 fnt
|faint|p1a: Thundurus
|-damage|p2a: Mountain Chicken|91/100|[from] item: Life Orb
|
|-weather|RainDance|[upkeep]
|-heal|p2a: Mountain Chicken|100/100|[from] ability: Dry Skin
|upkeep
|
|t:|1734048930
|switch|p1a: Scizor|Scizor, M|100/100
|turn|16
|
|t:|1734048933
|move|p1a: Scizor|Bullet Punch|p2a: Mountain Chicken
|-damage|p2a: Mountain Chicken|51/100
|move|p2a: Mountain Chicken|Drain Punch|p1a: Scizor
|-damage|p1a: Scizor|0 fnt
|-heal|p2a: Mountain Chicken|96/100|[from] drain|[of] p1a: Scizor
|faint|p1a: Scizor
|-damage|p2a: Mountain Chicken|86/100|[from] item: Life Orb
|
|-weather|RainDance|[upkeep]
|-heal|p2a: Mountain Chicken|99/100|[from] ability: Dry Skin
|upkeep
|-message|thanksdocter forfeited.
|
|win|AnBadPuff
|raw|thanksdocter's rating: 1357 &rarr; <strong>1333</strong><br />(-24 for losing)
|raw|AnBadPuff's rating: 1282 &rarr; <strong>1312</strong><br />(+30 for winning)
|l|☆thanksdocter
|player|p1|
