|j|☆happy_hitbox
|j|☆eeezeee
|t:|1707797964
|gametype|singles
|player|p1|happy_hitbox|gambler|1332
|player|p2|eeezeee|1|1326
|teamsize|p1|6
|teamsize|p2|6
|gen|5
|tier|[Gen 5] OU
|rated|
|rule|Species Clause: Limit one of each Pokémon
|rule|OHKO Clause: OHKO moves are banned
|rule|Moody Clause: Moody is banned
|rule|Evasion Items Clause: Evasion items are banned
|rule|Evasion Moves Clause: Evasion moves are banned
|rule|Endless Battle Clause: Forcing endless battles is banned
|rule|HP Percentage Mod: HP is shown in percentages
|rule|Evasion Abilities Clause: Evasion abilities are banned
|rule|Sleep Moves Clause: Sleep-inducing moves are banned
|rule|Swagger Clause: Swagger is banned
|rule|Baton Pass Stat Clause: No Baton Passer may have a way to boost its stats
|clearpoke
|poke|p1|Jirachi|item
|poke|p1|Conkeldurr, F|item
|poke|p1|Scizor, M|item
|poke|p1|Politoed, F|item
|poke|p1|Keldeo|item
|poke|p1|Donphan, F|item
|poke|p2|Politoed, F|item
|poke|p2|Scizor, M|item
|poke|p2|Tentacruel, M|item
|poke|p2|Toxicroak, M|item
|poke|p2|Tornadus, M|item
|poke|p2|Ferrothorn, M|item
|teampreview
|inactive|Battle timer is ON: inactive players will automatically lose when time's up. (requested by eeezeee)
|
|t:|1707797980
|start
|switch|p1a: Politoed|Politoed, F|100/100
|switch|p2a: Politoed|Politoed, F|100/100
|-weather|RainDance|[from] ability: Drizzle|[of] p1a: Politoed
|turn|1
|c|☆eeezeee|glhf
|
|t:|1707797985
|switch|p1a: Jirachi|Jirachi|100/100
|move|p2a: Politoed|Toxic|p1a: Jirachi
|-immune|p1a: Jirachi
|
|-weather|RainDance|[upkeep]
|upkeep
|turn|2
|c|☆happy_hitbox|u2
|
|t:|1707797993
|switch|p2a: Ferrothorn|Ferrothorn, M|100/100
|move|p1a: Jirachi|U-turn|p2a: Ferrothorn
|-damage|p2a: Ferrothorn|89/100
|-damage|p1a: Jirachi|88/100|[from] ability: Iron Barbs|[of] p2a: Ferrothorn
|
|t:|1707797996
|switch|p1a: Conkeldurr|Conkeldurr, F|100/100|[from] U-turn
|
|-weather|RainDance|[upkeep]
|-heal|p2a: Ferrothorn|95/100|[from] item: Leftovers
|-status|p1a: Conkeldurr|brn|[from] item: Flame Orb
|upkeep
|turn|3
|
|t:|1707798004
|switch|p2a: Politoed|Politoed, F|100/100
|move|p1a: Conkeldurr|Drain Punch|p2a: Politoed
|-damage|p2a: Politoed|50/100
|
|-weather|RainDance|[upkeep]
|-heal|p2a: Politoed|56/100|[from] item: Leftovers
|-damage|p1a: Conkeldurr|88/100 brn|[from] brn
|upkeep
|turn|4
|
|t:|1707798025
|switch|p1a: Jirachi|Jirachi|88/100
|move|p2a: Politoed|Scald|p1a: Jirachi
|-damage|p1a: Jirachi|66/100
|-status|p1a: Jirachi|brn
|
|-weather|RainDance|[upkeep]
|-heal|p1a: Jirachi|72/100 brn|[from] item: Leftovers
|-heal|p2a: Politoed|63/100|[from] item: Leftovers
|-damage|p1a: Jirachi|59/100 brn|[from] brn
|upkeep
|turn|5
|
|t:|1707798031
|move|p1a: Jirachi|Wish|p1a: Jirachi
|move|p2a: Politoed|Encore|p1a: Jirachi
|-start|p1a: Jirachi|Encore
|
|-weather|RainDance|[upkeep]
|-heal|p1a: Jirachi|66/100 brn|[from] item: Leftovers
|-heal|p2a: Politoed|69/100|[from] item: Leftovers
|-damage|p1a: Jirachi|53/100 brn|[from] brn
|upkeep
|turn|6
|
|t:|1707798040
|switch|p2a: Toxicroak|Toxicroak, M|100/100
|move|p1a: Jirachi|Wish||[still]
|-fail|p1a: Jirachi
|
|-weather|RainDance|[upkeep]
|-heal|p1a: Jirachi|100/100 brn|[from] move: Wish|[wisher] Jirachi
|-damage|p1a: Jirachi|88/100 brn|[from] brn
|upkeep
|turn|7
|
|t:|1707798047
|switch|p1a: Politoed|Politoed, F|100/100
|move|p2a: Toxicroak|Substitute|p2a: Toxicroak
|-start|p2a: Toxicroak|Substitute
|-damage|p2a: Toxicroak|76/100
|
|-weather|RainDance|[upkeep]
|-heal|p2a: Toxicroak|88/100|[from] ability: Dry Skin
|upkeep
|turn|8
|
|t:|1707798050
|-singleturn|p2a: Toxicroak|move: Focus Punch
|move|p1a: Politoed|Psychic|p2a: Toxicroak
|-supereffective|p2a: Toxicroak
|-end|p2a: Toxicroak|Substitute
|move|p2a: Toxicroak|Focus Punch|p1a: Politoed
|-damage|p1a: Politoed|20/100
|-damage|p2a: Toxicroak|78/100|[from] item: Life Orb
|
|-weather|RainDance|[upkeep]
|-heal|p2a: Toxicroak|91/100|[from] ability: Dry Skin
|upkeep
|turn|9
|
|t:|1707798054
|move|p2a: Toxicroak|Thunder Punch|p1a: Politoed
|-supereffective|p1a: Politoed
|-damage|p1a: Politoed|0 fnt
|faint|p1a: Politoed
|-damage|p2a: Toxicroak|81/100|[from] item: Life Orb
|
|-weather|RainDance|[upkeep]
|-heal|p2a: Toxicroak|93/100|[from] ability: Dry Skin
|upkeep
|
|t:|1707798058
|switch|p1a: Donphan|Donphan, F|100/100
|turn|10
|
|t:|1707798062
|move|p2a: Toxicroak|Substitute|p2a: Toxicroak
|-start|p2a: Toxicroak|Substitute
|-damage|p2a: Toxicroak|69/100
|move|p1a: Donphan|Stealth Rock|p2a: Toxicroak
|-sidestart|p2: eeezeee|move: Stealth Rock
|
|-weather|RainDance|[upkeep]
|-heal|p2a: Toxicroak|81/100|[from] ability: Dry Skin
|upkeep
|turn|11
|
|t:|1707798066
|-singleturn|p2a: Toxicroak|move: Focus Punch
|move|p1a: Donphan|Earthquake|p2a: Toxicroak
|-supereffective|p2a: Toxicroak
|-end|p2a: Toxicroak|Substitute
|move|p2a: Toxicroak|Focus Punch|p1a: Donphan
|-damage|p1a: Donphan|41/100
|-damage|p2a: Toxicroak|71/100|[from] item: Life Orb
|
|-weather|RainDance|[upkeep]
|-heal|p2a: Toxicroak|84/100|[from] ability: Dry Skin
|-heal|p1a: Donphan|48/100|[from] item: Leftovers
|upkeep
|turn|12
|
|t:|1707798085
|move|p2a: Toxicroak|Substitute|p2a: Toxicroak
|-start|p2a: Toxicroak|Substitute
|-damage|p2a: Toxicroak|59/100
|move|p1a: Donphan|Earthquake|p2a: Toxicroak
|-supereffective|p2a: Toxicroak
|-end|p2a: Toxicroak|Substitute
|
|-weather|RainDance|[upkeep]
|-heal|p2a: Toxicroak|71/100|[from] ability: Dry Skin
|-heal|p1a: Donphan|54/100|[from] item: Leftovers
|upkeep
|turn|13
|
|t:|1707798095
|switch|p2a: Politoed|Politoed, F|69/100
|-damage|p2a: Politoed|56/100|[from] Stealth Rock
|move|p1a: Donphan|Earthquake|p2a: Politoed
|-damage|p2a: Politoed|23/100
|
|-weather|RainDance|[upkeep]
|-heal|p2a: Politoed|30/100|[from] item: Leftovers
|-heal|p1a: Donphan|60/100|[from] item: Leftovers
|upkeep
|turn|14
|
|t:|1707798104
|switch|p1a: Keldeo|Keldeo|100/100
|move|p2a: Politoed|Scald|p1a: Keldeo
|-resisted|p1a: Keldeo
|-damage|p1a: Keldeo|79/100
|
|-weather|RainDance|[upkeep]
|-heal|p1a: Keldeo|85/100|[from] item: Leftovers
|-heal|p2a: Politoed|36/100|[from] item: Leftovers
|upkeep
|turn|15
|
|t:|1707798109
|move|p1a: Keldeo|Secret Sword|p2a: Politoed
|-damage|p2a: Politoed|0 fnt
|faint|p2a: Politoed
|
|-weather|RainDance|[upkeep]
|-heal|p1a: Keldeo|92/100|[from] item: Leftovers
|upkeep
|
|t:|1707798115
|switch|p2a: Tornadus|Tornadus, M|100/100
|-damage|p2a: Tornadus|76/100|[from] Stealth Rock
|turn|16
|
|t:|1707798122
|move|p1a: Keldeo|Protect|p1a: Keldeo
|-singleturn|p1a: Keldeo|Protect
|move|p2a: Tornadus|Hurricane|p1a: Keldeo
|-activate|p1a: Keldeo|move: Protect
|
|-weather|RainDance|[upkeep]
|-heal|p1a: Keldeo|98/100|[from] item: Leftovers
|upkeep
|turn|17
|
|t:|1707798132
|switch|p2a: Tentacruel|Tentacruel, M|100/100
|-damage|p2a: Tentacruel|88/100|[from] Stealth Rock
|switch|p1a: Jirachi|Jirachi|88/100 brn
|
|-weather|RainDance|[upkeep]
|-heal|p2a: Tentacruel|94/100|[from] ability: Rain Dish
|-heal|p2a: Tentacruel|99/100|[from] item: Black Sludge
|-heal|p1a: Jirachi|94/100 brn|[from] item: Leftovers
|-damage|p1a: Jirachi|82/100 brn|[from] brn
|upkeep
|turn|18
|
|t:|1707798138
|move|p2a: Tentacruel|Toxic Spikes|p1a: Jirachi
|-sidestart|p1: happy_hitbox|move: Toxic Spikes
|move|p1a: Jirachi|Thunder|p2a: Tentacruel
|-supereffective|p2a: Tentacruel
|-damage|p2a: Tentacruel|63/100
|-status|p2a: Tentacruel|par
|
|-weather|RainDance|[upkeep]
|-heal|p2a: Tentacruel|69/100 par|[from] ability: Rain Dish
|-heal|p1a: Jirachi|88/100 brn|[from] item: Leftovers
|-heal|p2a: Tentacruel|75/100 par|[from] item: Black Sludge
|-damage|p1a: Jirachi|76/100 brn|[from] brn
|upkeep
|turn|19
|
|t:|1707798150
|move|p1a: Jirachi|Wish|p1a: Jirachi
|move|p2a: Tentacruel|Rapid Spin|p1a: Jirachi
|-resisted|p1a: Jirachi
|-crit|p1a: Jirachi
|-damage|p1a: Jirachi|73/100 brn
|-sideend|p2: eeezeee|Stealth Rock|[from] move: Rapid Spin|[of] p2a: Tentacruel
|
|-weather|RainDance|[upkeep]
|-heal|p2a: Tentacruel|81/100 par|[from] ability: Rain Dish
|-heal|p1a: Jirachi|79/100 brn|[from] item: Leftovers
|-heal|p2a: Tentacruel|87/100 par|[from] item: Black Sludge
|-damage|p1a: Jirachi|67/100 brn|[from] brn
|upkeep
|turn|20
|
|t:|1707798165
|switch|p2a: Ferrothorn|Ferrothorn, M|95/100
|move|p1a: Jirachi|U-turn|p2a: Ferrothorn
|-damage|p2a: Ferrothorn|89/100
|-damage|p1a: Jirachi|54/100 brn|[from] ability: Iron Barbs|[of] p2a: Ferrothorn
|
|t:|1707798168
|switch|p1a: Conkeldurr|Conkeldurr, F|88/100 brn|[from] U-turn
|
|-weather|RainDance|[upkeep]
|-heal|p1a: Conkeldurr|100/100 brn|[from] move: Wish|[wisher] Jirachi
|-heal|p2a: Ferrothorn|95/100|[from] item: Leftovers
|-damage|p1a: Conkeldurr|88/100 brn|[from] brn
|upkeep
|turn|21
|
|t:|1707798182
|switch|p2a: Tentacruel|Tentacruel, M|87/100 par
|move|p1a: Conkeldurr|Drain Punch|p2a: Tentacruel
|-resisted|p2a: Tentacruel
|-damage|p2a: Tentacruel|44/100 par
|-heal|p1a: Conkeldurr|100/100 brn|[from] drain|[of] p2a: Tentacruel
|
|-weather|RainDance|[upkeep]
|-heal|p2a: Tentacruel|50/100 par|[from] ability: Rain Dish
|-heal|p2a: Tentacruel|56/100 par|[from] item: Black Sludge
|-damage|p1a: Conkeldurr|88/100 brn|[from] brn
|upkeep
|turn|22
|
|t:|1707798189
|move|p2a: Tentacruel|Protect|p2a: Tentacruel
|-singleturn|p2a: Tentacruel|Protect
|move|p1a: Conkeldurr|Thunder Punch|p2a: Tentacruel
|-activate|p2a: Tentacruel|move: Protect
|
|-weather|RainDance|[upkeep]
|-heal|p2a: Tentacruel|62/100 par|[from] ability: Rain Dish
|-heal|p2a: Tentacruel|68/100 par|[from] item: Black Sludge
|-damage|p1a: Conkeldurr|76/100 brn|[from] brn
|upkeep
|turn|23
|
|t:|1707798194
|switch|p2a: Ferrothorn|Ferrothorn, M|95/100
|move|p1a: Conkeldurr|Drain Punch|p2a: Ferrothorn
|-supereffective|p2a: Ferrothorn
|-damage|p2a: Ferrothorn|2/100
|-heal|p1a: Conkeldurr|100/100 brn|[from] drain|[of] p2a: Ferrothorn
|-damage|p1a: Conkeldurr|88/100 brn|[from] ability: Iron Barbs|[of] p2a: Ferrothorn
|
|-weather|RainDance|[upkeep]
|-heal|p2a: Ferrothorn|8/100|[from] item: Leftovers
|-damage|p1a: Conkeldurr|76/100 brn|[from] brn
|upkeep
|turn|24
|
|t:|1707798206
|switch|p1a: Donphan|Donphan, F|60/100
|-status|p1a: Donphan|psn
|move|p2a: Ferrothorn|Leech Seed|p1a: Donphan
|-start|p1a: Donphan|move: Leech Seed
|
|-weather|RainDance|[upkeep]
|-heal|p1a: Donphan|66/100 psn|[from] item: Leftovers
|-heal|p2a: Ferrothorn|14/100|[from] item: Leftovers
|-damage|p1a: Donphan|54/100 psn|[from] Leech Seed|[of] p2a: Ferrothorn
|-heal|p2a: Ferrothorn|28/100|[silent]
|-damage|p1a: Donphan|41/100 psn|[from] psn
|upkeep
|turn|25
|
|t:|1707798215
|move|p1a: Donphan|Rapid Spin|p2a: Ferrothorn
|-resisted|p2a: Ferrothorn
|-damage|p2a: Ferrothorn|26/100
|-damage|p1a: Donphan|29/100 psn|[from] ability: Iron Barbs|[of] p2a: Ferrothorn
|-end|p1a: Donphan|Leech Seed|[from] move: Rapid Spin|[of] p1a: Donphan
|-sideend|p1: happy_hitbox|Toxic Spikes|[from] move: Rapid Spin|[of] p1a: Donphan
|move|p2a: Ferrothorn|Leech Seed|p1a: Donphan
|-start|p1a: Donphan|move: Leech Seed
|
|-weather|RainDance|[upkeep]
|-heal|p1a: Donphan|35/100 psn|[from] item: Leftovers
|-heal|p2a: Ferrothorn|32/100|[from] item: Leftovers
|-damage|p1a: Donphan|23/100 psn|[from] Leech Seed|[of] p2a: Ferrothorn
|-heal|p2a: Ferrothorn|46/100|[silent]
|-damage|p1a: Donphan|10/100 psn|[from] psn
|upkeep
|turn|26
|
|t:|1707798225
|move|p1a: Donphan|Stealth Rock|p2a: Ferrothorn
|-sidestart|p2: eeezeee|move: Stealth Rock
|move|p2a: Ferrothorn|Spikes|p1a: Donphan
|-sidestart|p1: happy_hitbox|Spikes
|
|-weather|RainDance|[upkeep]
|-heal|p1a: Donphan|16/100 psn|[from] item: Leftovers
|-heal|p2a: Ferrothorn|52/100|[from] item: Leftovers
|-damage|p1a: Donphan|4/100 psn|[from] Leech Seed|[of] p2a: Ferrothorn
|-heal|p2a: Ferrothorn|66/100|[silent]
|-damage|p1a: Donphan|0 fnt|[from] psn
|faint|p1a: Donphan
|upkeep
|
|t:|1707798229
|switch|p1a: Conkeldurr|Conkeldurr, F|76/100 brn
|-damage|p1a: Conkeldurr|63/100 brn|[from] Spikes
|turn|27
|
|t:|1707798244
|switch|p2a: Tentacruel|Tentacruel, M|68/100 par
|-damage|p2a: Tentacruel|56/100 par|[from] Stealth Rock
|move|p1a: Conkeldurr|Drain Punch|p2a: Tentacruel
|-resisted|p2a: Tentacruel
|-damage|p2a: Tentacruel|15/100 par
|-heal|p1a: Conkeldurr|83/100 brn|[from] drain|[of] p2a: Tentacruel
|
|-weather|RainDance|[upkeep]
|-heal|p2a: Tentacruel|21/100 par|[from] ability: Rain Dish
|-heal|p2a: Tentacruel|27/100 par|[from] item: Black Sludge
|-damage|p1a: Conkeldurr|71/100 brn|[from] brn
|upkeep
|turn|28
|
|t:|1707798256
|move|p2a: Tentacruel|Protect|p2a: Tentacruel
|-singleturn|p2a: Tentacruel|Protect
|move|p1a: Conkeldurr|Drain Punch|p2a: Tentacruel
|-activate|p2a: Tentacruel|move: Protect
|
|-weather|RainDance|[upkeep]
|-heal|p2a: Tentacruel|33/100 par|[from] ability: Rain Dish
|-heal|p2a: Tentacruel|40/100 par|[from] item: Black Sludge
|-damage|p1a: Conkeldurr|58/100 brn|[from] brn
|upkeep
|turn|29
|
|t:|1707798259
|move|p1a: Conkeldurr|Drain Punch|p2a: Tentacruel
|-resisted|p2a: Tentacruel
|-damage|p2a: Tentacruel|0 fnt
|-heal|p1a: Conkeldurr|77/100 brn|[from] drain|[of] p2a: Tentacruel
|faint|p2a: Tentacruel
|
|-weather|RainDance|[upkeep]
|-damage|p1a: Conkeldurr|65/100 brn|[from] brn
|upkeep
|inactive|eeezeee has 120 seconds left.
|inactive|eeezeee has 90 seconds left.
|inactive|eeezeee has 60 seconds left.
|
|t:|1707798356
|switch|p2a: Tornadus|Tornadus, M|76/100
|-damage|p2a: Tornadus|51/100|[from] Stealth Rock
|turn|30
|
|t:|1707798362
|switch|p1a: Jirachi|Jirachi|54/100 brn
|-damage|p1a: Jirachi|42/100 brn|[from] Spikes
|move|p2a: Tornadus|Hurricane|p1a: Jirachi
|-resisted|p1a: Jirachi
|-damage|p1a: Jirachi|16/100 brn
|
|-weather|RainDance|[upkeep]
|-heal|p1a: Jirachi|22/100 brn|[from] item: Leftovers
|-damage|p1a: Jirachi|10/100 brn|[from] brn
|upkeep
|turn|31
|
|t:|1707798371
|move|p2a: Tornadus|Hurricane|p1a: Jirachi
|-resisted|p1a: Jirachi
|-damage|p1a: Jirachi|0 fnt
|faint|p1a: Jirachi
|
|-weather|RainDance|[upkeep]
|upkeep
|inactive|happy_hitbox has 120 seconds left.
|
|t:|1707798428
|switch|p1a: Scizor|Scizor, M|100/100
|-damage|p1a: Scizor|88/100|[from] Spikes
|turn|32
|
|t:|1707798436
|-activate|p2a: Tornadus|move: Pursuit
|move|p1a: Scizor|Pursuit|p2a: Tornadus|[from]Pursuit
|-damage|p2a: Tornadus|9/100
|switch|p2a: Ferrothorn|Ferrothorn, M|66/100
|-damage|p2a: Ferrothorn|59/100|[from] Stealth Rock
|
|-weather|RainDance|[upkeep]
|-heal|p2a: Ferrothorn|66/100|[from] item: Leftovers
|upkeep
|turn|33
|inactive|eeezeee has 90 seconds left.
|
|t:|1707798450
|switch|p1a: Keldeo|Keldeo|98/100
|-damage|p1a: Keldeo|85/100|[from] Spikes
|switch|p2a: Scizor|Scizor, M|100/100
|-damage|p2a: Scizor|88/100|[from] Stealth Rock
|
|-weather|RainDance|[upkeep]
|-heal|p1a: Keldeo|92/100|[from] item: Leftovers
|upkeep
|turn|34
|inactive|eeezeee has 90 seconds left.
|
|t:|1707798464
|switch|p2a: Tornadus|Tornadus, M|9/100
|-damage|p2a: Tornadus|0 fnt|[from] Stealth Rock
|faint|p2a: Tornadus
|move|p1a: Keldeo|Secret Sword|p2: Tornadus|[notarget]
|-fail|p1a: Keldeo
|
|-weather|RainDance|[upkeep]
|-heal|p1a: Keldeo|98/100|[from] item: Leftovers
|upkeep
|
|t:|1707798465
|switch|p2a: Toxicroak|Toxicroak, M|71/100
|-damage|p2a: Toxicroak|65/100|[from] Stealth Rock
|turn|35
|inactive|happy_hitbox has 120 seconds left.
|
|t:|1707798472
|move|p1a: Keldeo|Secret Sword|p2a: Toxicroak
|-resisted|p2a: Toxicroak
|-damage|p2a: Toxicroak|29/100
|move|p2a: Toxicroak|Substitute|p2a: Toxicroak
|-start|p2a: Toxicroak|Substitute
|-damage|p2a: Toxicroak|4/100
|
|-weather|RainDance|[upkeep]
|-heal|p2a: Toxicroak|16/100|[from] ability: Dry Skin
|-heal|p1a: Keldeo|100/100|[from] item: Leftovers
|upkeep
|turn|36
|inactive|happy_hitbox has 120 seconds left.
|
|t:|1707798490
|-singleturn|p2a: Toxicroak|move: Focus Punch
|move|p1a: Keldeo|Secret Sword|p2a: Toxicroak
|-resisted|p2a: Toxicroak
|-end|p2a: Toxicroak|Substitute
|move|p2a: Toxicroak|Focus Punch|p1a: Keldeo
|-damage|p1a: Keldeo|0 fnt
|faint|p1a: Keldeo
|-damage|p2a: Toxicroak|7/100|[from] item: Life Orb
|
|-weather|RainDance|[upkeep]
|-heal|p2a: Toxicroak|19/100|[from] ability: Dry Skin
|upkeep
|
|t:|1707798501
|switch|p1a: Scizor|Scizor, M|88/100
|-damage|p1a: Scizor|76/100|[from] Spikes
|turn|37
|
|t:|1707798507
|move|p2a: Toxicroak|Sucker Punch|p1a: Scizor
|-resisted|p1a: Scizor
|-damage|p1a: Scizor|54/100
|-damage|p2a: Toxicroak|9/100|[from] item: Life Orb
|move|p1a: Scizor|U-turn|p2a: Toxicroak
|-resisted|p2a: Toxicroak
|-damage|p2a: Toxicroak|0 fnt
|faint|p2a: Toxicroak
|inactive|happy_hitbox has 120 seconds left.
|
|t:|1707798513
|switch|p1a: Conkeldurr|Conkeldurr, F|65/100 brn|[from] U-turn
|-damage|p1a: Conkeldurr|52/100 brn|[from] Spikes
|
|-weather|RainDance|[upkeep]
|-damage|p1a: Conkeldurr|40/100 brn|[from] brn
|upkeep
|
|t:|1707798516
|switch|p2a: Scizor|Scizor, M|88/100
|-damage|p2a: Scizor|76/100|[from] Stealth Rock
|turn|38
|
|t:|1707798519
|move|p2a: Scizor|Superpower|p1a: Conkeldurr
|-damage|p1a: Conkeldurr|0 fnt
|-unboost|p2a: Scizor|atk|1
|-unboost|p2a: Scizor|def|1
|faint|p1a: Conkeldurr
|
|-weather|RainDance|[upkeep]
|upkeep
|c|☆happy_hitbox|gg
|-message|happy_hitbox forfeited.
|
|win|eeezeee
|raw|happy_hitbox's rating: 1332 &rarr; <strong>1312</strong><br />(-20 for losing)
|raw|eeezeee's rating: 1326 &rarr; <strong>1346</strong><br />(+20 for winning)
|l|☆happy_hitbox
|player|p1|
|c|☆eeezeee|gg
|l|☆eeezeee
|player|p2|
|j|☆eeezeee
|player|p2|eeezeee|1
