|j|☆magicomagiKarp
|j|☆Darkortex
|t:|1724911578
|gametype|singles
|player|p1|magicomagiKarp|brycenman|1259
|player|p2|Darkortex|hilbert|1480
|teamsize|p1|6
|teamsize|p2|6
|gen|5
|tier|[Gen 5] OU
|rated|
|rule|Species Clause: Limit one of each Pokémon
|rule|OHKO Clause: OHKO moves are banned
|rule|Moody Clause: Moody is banned
|rule|Evasion Items Clause: Evasion items are banned
|rule|Evasion Moves Clause: Evasion moves are banned
|rule|Endless Battle Clause: Forcing endless battles is banned
|rule|HP Percentage Mod: HP is shown in percentages
|rule|Evasion Abilities Clause: Evasion abilities are banned
|rule|Sleep Moves Clause: Sleep-inducing moves are banned
|rule|Swagger Clause: Swagger is banned
|rule|Baton Pass Stat Clause: No Baton Passer may have a way to boost its stats
|clearpoke
|poke|p1|Kyurem|item
|poke|p1|Haxorus, M|item
|poke|p1|Garchomp, M|item
|poke|p1|Dragonite, M|item
|poke|p1|Salamence, M|item
|poke|p1|Tyranitar, F|item
|poke|p2|Politoed, F|item
|poke|p2|Ferrothorn, M|item
|poke|p2|Tentacruel, M|item
|poke|p2|Latios, M|item
|poke|p2|Suicune|item
|poke|p2|Thundurus-Therian, M|item
|teampreview
|inactive|Battle timer is ON: inactive players will automatically lose when time's up. (requested by Darkortex)
|
|t:|1724911597
|start
|switch|p1a: Garchomp|Garchomp, M|100/100
|switch|p2a: Ferrothorn|Ferrothorn, M|100/100
|turn|1
|
|t:|1724911605
|move|p1a: Garchomp|Fire Fang|p2a: Ferrothorn
|-supereffective|p2a: Ferrothorn
|-damage|p2a: Ferrothorn|33/100
|-damage|p1a: Garchomp|88/100|[from] ability: Iron Barbs|[of] p2a: Ferrothorn
|move|p2a: Ferrothorn|Stealth Rock|p1a: Garchomp
|-sidestart|p1: magicomagiKarp|move: Stealth Rock
|
|-heal|p2a: Ferrothorn|40/100|[from] item: Leftovers
|upkeep
|turn|2
|
|t:|1724911613
|switch|p2a: Politoed|Politoed, F|100/100
|-weather|RainDance|[from] ability: Drizzle|[of] p2a: Politoed
|move|p1a: Garchomp|Fire Fang|p2a: Politoed
|-resisted|p2a: Politoed
|-damage|p2a: Politoed|96/100
|
|-weather|RainDance|[upkeep]
|-heal|p2a: Politoed|100/100|[from] item: Leftovers
|upkeep
|turn|3
|inactive|Darkortex has 120 seconds left.
|
|t:|1724911648
|switch|p1a: Kyurem|Kyurem|100/100
|-damage|p1a: Kyurem|76/100|[from] Stealth Rock
|-ability|p1a: Kyurem|Pressure
|move|p2a: Politoed|Scald|p1a: Kyurem
|-resisted|p1a: Kyurem
|-damage|p1a: Kyurem|57/100
|
|-weather|RainDance|[upkeep]
|upkeep
|turn|4
|
|t:|1724911654
|move|p2a: Politoed|Protect|p2a: Politoed
|-singleturn|p2a: Politoed|Protect
|move|p1a: Kyurem|Outrage|p2a: Politoed
|-activate|p2a: Politoed|move: Protect
|
|-weather|RainDance|[upkeep]
|upkeep
|turn|5
|
|t:|1724911659
|switch|p2a: Ferrothorn|Ferrothorn, M|40/100
|move|p1a: Kyurem|Outrage|p2a: Ferrothorn
|-resisted|p2a: Ferrothorn
|-damage|p2a: Ferrothorn|17/100
|-damage|p1a: Kyurem|45/100|[from] ability: Iron Barbs|[of] p2a: Ferrothorn
|
|-weather|RainDance|[upkeep]
|-heal|p2a: Ferrothorn|24/100|[from] item: Leftovers
|upkeep
|turn|6
|
|t:|1724911665
|move|p1a: Kyurem|Outrage|p2a: Ferrothorn|[from]lockedmove
|-resisted|p2a: Ferrothorn
|-damage|p2a: Ferrothorn|2/100
|-damage|p1a: Kyurem|32/100|[from] ability: Iron Barbs|[of] p2a: Ferrothorn
|move|p2a: Ferrothorn|Spikes|p1a: Kyurem
|-sidestart|p1: magicomagiKarp|Spikes
|
|-weather|RainDance|[upkeep]
|-heal|p2a: Ferrothorn|8/100|[from] item: Leftovers
|upkeep
|turn|7
|
|t:|1724911671
|move|p1a: Kyurem|Outrage|p2a: Ferrothorn|[from]lockedmove
|-resisted|p2a: Ferrothorn
|-damage|p2a: Ferrothorn|0 fnt
|-damage|p1a: Kyurem|20/100|[from] ability: Iron Barbs|[of] p2a: Ferrothorn
|faint|p2a: Ferrothorn
|-start|p1a: Kyurem|confusion|[fatigue]
|
|-weather|RainDance|[upkeep]
|upkeep
|
|t:|1724911678
|switch|p2a: Suicune|Suicune|100/100
|-ability|p2a: Suicune|Pressure
|turn|8
|
|t:|1724911684
|-activate|p1a: Kyurem|confusion
|move|p1a: Kyurem|Outrage|p2a: Suicune
|-damage|p2a: Suicune|53/100
|move|p2a: Suicune|Calm Mind|p2a: Suicune
|-boost|p2a: Suicune|spa|1
|-boost|p2a: Suicune|spd|1
|
|-weather|RainDance|[upkeep]
|-heal|p2a: Suicune|60/100|[from] item: Leftovers
|upkeep
|turn|9
|
|t:|1724911690
|move|p2a: Suicune|Protect|p2a: Suicune
|-singleturn|p2a: Suicune|Protect
|-activate|p1a: Kyurem|confusion
|-damage|p1a: Kyurem|4/100|[from] confusion
|
|-weather|RainDance|[upkeep]
|-heal|p2a: Suicune|66/100|[from] item: Leftovers
|upkeep
|turn|10
|
|t:|1724911703
|-activate|p1a: Kyurem|confusion
|-damage|p1a: Kyurem|0 fnt|[from] confusion
|faint|p1a: Kyurem
|move|p2a: Suicune|Calm Mind|p2a: Suicune
|-boost|p2a: Suicune|spa|1
|-boost|p2a: Suicune|spd|1
|
|-weather|RainDance|[upkeep]
|-heal|p2a: Suicune|72/100|[from] item: Leftovers
|upkeep
|
|t:|1724911720
|switch|p1a: Haxorus|Haxorus, M|100/100
|-damage|p1a: Haxorus|88/100|[from] Stealth Rock
|-damage|p1a: Haxorus|76/100|[from] Spikes
|-ability|p1a: Haxorus|Mold Breaker
|turn|11
|
|t:|1724911725
|move|p1a: Haxorus|Outrage|p2a: Suicune
|-damage|p2a: Suicune|25/100
|move|p2a: Suicune|Scald|p1a: Haxorus
|-resisted|p1a: Haxorus
|-damage|p1a: Haxorus|20/100
|-status|p1a: Haxorus|brn
|
|-weather|RainDance|[upkeep]
|-heal|p2a: Suicune|31/100|[from] item: Leftovers
|-damage|p1a: Haxorus|7/100 brn|[from] brn
|upkeep
|turn|12
|
|t:|1724911738
|move|p2a: Suicune|Protect|p2a: Suicune
|-singleturn|p2a: Suicune|Protect
|move|p1a: Haxorus|Outrage|p2a: Suicune|[from]lockedmove
|-activate|p2a: Suicune|move: Protect
|
|-weather|RainDance|[upkeep]
|-heal|p2a: Suicune|37/100|[from] item: Leftovers
|-damage|p1a: Haxorus|0 fnt|[from] brn
|faint|p1a: Haxorus
|upkeep
|
|t:|1724911743
|switch|p1a: Garchomp|Garchomp, M|88/100
|-damage|p1a: Garchomp|82/100|[from] Stealth Rock
|-damage|p1a: Garchomp|70/100|[from] Spikes
|turn|13
|
|t:|1724911746
|move|p1a: Garchomp|Outrage|p2a: Suicune
|-damage|p2a: Suicune|0 fnt
|faint|p2a: Suicune
|
|-weather|RainDance|[upkeep]
|upkeep
|
|t:|1724911750
|switch|p2a: Latios|Latios, M|100/100
|turn|14
|
|t:|1724911752
|move|p2a: Latios|Draco Meteor|p1a: Garchomp
|-supereffective|p1a: Garchomp
|-damage|p1a: Garchomp|0 fnt
|-unboost|p2a: Latios|spa|2
|faint|p1a: Garchomp
|
|-weather|RainDance|[upkeep]
|upkeep
|
|t:|1724911756
|switch|p1a: Tyranitar|Tyranitar, F|100/100
|-damage|p1a: Tyranitar|88/100|[from] Stealth Rock
|-damage|p1a: Tyranitar|76/100|[from] Spikes
|-weather|Sandstorm|[from] ability: Sand Stream|[of] p1a: Tyranitar
|turn|15
|
|t:|1724911761
|-activate|p2a: Latios|move: Pursuit
|move|p1a: Tyranitar|Pursuit|p2a: Latios|[from]Pursuit
|-supereffective|p2a: Latios
|-damage|p2a: Latios|0 fnt
|faint|p2a: Latios
|-hint|A Pokemon can't switch between when it runs out of HP and when it faints
|
|-weather|Sandstorm|[upkeep]
|upkeep
|
|t:|1724911764
|switch|p2a: Politoed|Politoed, F|100/100
|-weather|RainDance|[from] ability: Drizzle|[of] p2a: Politoed
|turn|16
|
|t:|1724911772
|move|p2a: Politoed|Scald|p1a: Tyranitar
|-supereffective|p1a: Tyranitar
|-damage|p1a: Tyranitar|16/100
|-status|p1a: Tyranitar|brn
|move|p1a: Tyranitar|Pursuit|p2a: Politoed
|-damage|p2a: Politoed|84/100
|
|-weather|RainDance|[upkeep]
|-heal|p2a: Politoed|90/100|[from] item: Leftovers
|-damage|p1a: Tyranitar|3/100 brn|[from] brn
|upkeep
|turn|17
|
|t:|1724911782
|move|p2a: Politoed|Scald|p1a: Tyranitar
|-supereffective|p1a: Tyranitar
|-damage|p1a: Tyranitar|0 fnt
|faint|p1a: Tyranitar
|
|-weather|RainDance|[upkeep]
|-heal|p2a: Politoed|97/100|[from] item: Leftovers
|upkeep
|
|t:|1724911797
|switch|p1a: Dragonite|Dragonite, M|100/100
|-damage|p1a: Dragonite|76/100|[from] Stealth Rock
|turn|18
|
|t:|1724911801
|move|p1a: Dragonite|Outrage|p2a: Politoed
|-damage|p2a: Politoed|32/100
|move|p2a: Politoed|Encore|p1a: Dragonite
|-start|p1a: Dragonite|Encore
|
|-weather|RainDance|[upkeep]
|-heal|p2a: Politoed|38/100|[from] item: Leftovers
|upkeep
|turn|19
|
|t:|1724911806
|move|p1a: Dragonite|Outrage|p2a: Politoed|[from]lockedmove
|-damage|p2a: Politoed|0 fnt
|faint|p2a: Politoed
|-start|p1a: Dragonite|confusion|[fatigue]
|
|-weather|RainDance|[upkeep]
|upkeep
|
|t:|1724911816
|switch|p2a: Thundurus|Thundurus-Therian, M|100/100
|turn|20
|
|t:|1724911820
|-activate|p1a: Dragonite|confusion
|move|p1a: Dragonite|Outrage|p2a: Thundurus
|-damage|p2a: Thundurus|0 fnt
|faint|p2a: Thundurus
|
|-weather|RainDance|[upkeep]
|upkeep
|
|t:|1724911823
|switch|p2a: Tentacruel|Tentacruel, M|100/100
|turn|21
|
|t:|1724911825
|-activate|p1a: Dragonite|confusion
|move|p1a: Dragonite|Outrage|p2a: Tentacruel|[from]lockedmove
|-damage|p2a: Tentacruel|20/100
|move|p2a: Tentacruel|Scald|p1a: Dragonite
|-resisted|p1a: Dragonite
|-damage|p1a: Dragonite|56/100
|
|-weather|RainDance|[upkeep]
|-heal|p2a: Tentacruel|26/100|[from] ability: Rain Dish
|-heal|p2a: Tentacruel|32/100|[from] item: Black Sludge
|-end|p1a: Dragonite|Encore
|upkeep
|turn|22
|
|t:|1724911835
|move|p2a: Tentacruel|Protect|p2a: Tentacruel
|-singleturn|p2a: Tentacruel|Protect
|-activate|p1a: Dragonite|confusion
|-damage|p1a: Dragonite|40/100|[from] confusion
|
|-weather|RainDance|[upkeep]
|-heal|p2a: Tentacruel|38/100|[from] ability: Rain Dish
|-heal|p2a: Tentacruel|44/100|[from] item: Black Sludge
|upkeep
|turn|23
|c|☆magicomagiKarp|Wow this strat really worked
|
|t:|1724911844
|-activate|p1a: Dragonite|confusion
|move|p1a: Dragonite|Outrage|p2a: Tentacruel
|-damage|p2a: Tentacruel|0 fnt
|faint|p2a: Tentacruel
|
|win|magicomagiKarp
|raw|magicomagiKarp's rating: 1259 &rarr; <strong>1298</strong><br />(+39 for winning)
|raw|Darkortex's rating: 1480 &rarr; <strong>1449</strong><br />(-31 for losing)
|l|☆Darkortex
|player|p2|
|c|☆magicomagiKarp|I can't believe it
