|j|☆BUGO NELL'ACQUA
|j|☆Ladder Chad
|player|p1|BUGO NELL'ACQUA|rocketgruntf-gen2|1644
|player|p2|Ladder Chad|ltsurge|1427
|teamsize|p1|6
|teamsize|p2|6
|gametype|singles
|gen|5
|tier|[Gen 5] OU
|rated|
|clearpoke
|poke|p1|Ninetales, M|item
|poke|p1|Excadrill, F|item
|poke|p1|Victini|item
|poke|p1|Cresselia, F|item
|poke|p1|Chansey, F|item
|poke|p1|Rotom-Wash|item
|poke|p2|Tyranitar, M|item
|poke|p2|Terrakion|item
|poke|p2|Rotom-Wash|item
|poke|p2|Latios, M|item
|poke|p2|Landorus-Therian, M|item
|poke|p2|Heatran, M|item
|rule|Species Clause: Limit one of each Pokémon
|rule|OHKO Clause: OHKO moves are banned
|rule|Moody Clause: Moody is banned
|rule|Evasion Moves Clause: Evasion moves are banned
|rule|Endless Battle Clause: Forcing endless battles is banned
|rule|HP Percentage Mod: HP is shown in percentages
|rule|Evasion Abilities Clause: Evasion abilities are banned
|rule|Baton Pass Clause: Limit one Baton Passer, can't pass Spe and other stats simultaneously
|rule|Sleep Clause: Sleep-inducing moves are banned
|rule|Swagger Clause: Swagger is banned
|teampreview
|j| Tuononda
|inactive|Battle timer is ON: inactive players will automatically lose when time's up. (requested by BUGO NELL'ACQUA)
|
|start
|switch|p1a: Excadrill|Excadrill, F|100/100
|switch|p2a: Tyranitar|Tyranitar, M|100/100
|-ability|p1a: Excadrill|Mold Breaker
|-weather|Sandstorm|[from] ability: Sand Stream|[of] p2a: Tyranitar
|turn|1
|
|move|p1a: Excadrill|Stealth Rock|p2a: Tyranitar
|-sidestart|p2: Ladder Chad|move: Stealth Rock
|move|p2a: Tyranitar|Superpower|p1a: Excadrill
|-supereffective|p1a: Excadrill
|-damage|p1a: Excadrill|8/100
|-unboost|p2a: Tyranitar|atk|1
|-unboost|p2a: Tyranitar|def|1
|
|-weather|Sandstorm|[upkeep]
|-heal|p1a: Excadrill|15/100|[from] item: Leftovers
|upkeep
|turn|2
|
|switch|p2a: Landorus|Landorus-Therian, M|100/100
|-damage|p2a: Landorus|88/100|[from] Stealth Rock
|-ability|p2a: Landorus|Intimidate|boost
|-unboost|p1a: Excadrill|atk|1
|move|p1a: Excadrill|Toxic|p2a: Landorus
|-status|p2a: Landorus|tox
|
|-weather|Sandstorm|[upkeep]
|-heal|p1a: Excadrill|21/100|[from] item: Leftovers
|-damage|p2a: Landorus|82/100 tox|[from] psn
|upkeep
|turn|3
|
|switch|p1a: Cresselia|Cresselia, F|100/100
|move|p2a: Landorus|Earthquake|p1a: Cresselia
|-immune|p1a: Cresselia|[from] ability: Levitate
|
|-weather|Sandstorm|[upkeep]
|-damage|p1a: Cresselia|94/100|[from] Sandstorm
|-damage|p2a: Landorus|70/100 tox|[from] psn
|upkeep
|turn|4
|
|switch|p1a: Excadrill|Excadrill, F|21/100
|-ability|p1a: Excadrill|Mold Breaker
|move|p2a: Landorus|Earthquake|p1a: Excadrill
|-supereffective|p1a: Excadrill
|-damage|p1a: Excadrill|0 fnt
|faint|p1a: Excadrill
|
|-weather|Sandstorm|[upkeep]
|-damage|p2a: Landorus|53/100 tox|[from] psn
|upkeep
|j| filo scholar
|c| filo scholar|ah
|c|☆BUGO NELL'ACQUA|dang
|c| filo scholar|contro te stesso
|c|☆BUGO NELL'ACQUA|mi ha playato.
|c|☆BUGO NELL'ACQUA|yep
|c| filo scholar|sì ho notato
|
|switch|p1a: Ninetales|Ninetales, M|100/100
|turn|5
|c|☆BUGO NELL'ACQUA|ah
|c|☆BUGO NELL'ACQUA|ho scordato
|c| filo scholar|ah
|c|☆BUGO NELL'ACQUA|la trait
|c|☆BUGO NELL'ACQUA|HAHAHAH
|c| filo scholar|di bene in meglio
|inactive|BUGO NELL'ACQUA has 120 seconds left.
|c|☆BUGO NELL'ACQUA|questo game
|c|☆BUGO NELL'ACQUA|down the drain
|
|switch|p2a: Heatran|Heatran, M|100/100
|-damage|p2a: Heatran|88/100|[from] Stealth Rock
|move|p1a: Ninetales|Protect||[still]
|-fail|p1a: Ninetales
|
|-weather|Sandstorm|[upkeep]
|-damage|p1a: Ninetales|94/100|[from] Sandstorm
|-heal|p1a: Ninetales|100/100|[from] item: Leftovers
|-heal|p2a: Heatran|94/100|[from] item: Leftovers
|upkeep
|turn|6
|l| Tuononda
|j| yeah im the taxman
|c|☆BUGO NELL'ACQUA|vabbé
|c|☆BUGO NELL'ACQUA|ho perso
|c|☆BUGO NELL'ACQUA|unfort
|
|switch|p1a: Chansey|Chansey, F|100/100
|move|p2a: Heatran|Magma Storm|p1a: Chansey
|-damage|p1a: Chansey|81/100
|-activate|p1a: Chansey|move: Magma Storm|[of] p2a: Heatran
|
|-weather|Sandstorm|[upkeep]
|-damage|p1a: Chansey|75/100|[from] Sandstorm
|-heal|p2a: Heatran|99/100|[from] item: Leftovers
|-damage|p1a: Chansey|69/100|[from] move: Magma Storm|[partiallytrapped]
|upkeep
|turn|7
|c| filo scholar|onesto
|
|switch|p2a: Tyranitar|Tyranitar, M|100/100
|-damage|p2a: Tyranitar|88/100|[from] Stealth Rock
|move|p1a: Chansey|Wish|p1a: Chansey
|
|-weather|Sandstorm|[upkeep]
|-damage|p1a: Chansey|63/100|[from] Sandstorm
|upkeep
|turn|8
|
|move|p2a: Tyranitar|Stealth Rock|p1a: Chansey
|-sidestart|p1: BUGO NELL'ACQUA|move: Stealth Rock
|move|p1a: Chansey|Seismic Toss|p2a: Tyranitar
|-damage|p2a: Tyranitar|63/100
|
|-weather|Sandstorm|[upkeep]
|-damage|p1a: Chansey|56/100|[from] Sandstorm
|-heal|p1a: Chansey|100/100|[from] move: Wish|[wisher] Chansey
|upkeep
|turn|9
|c|☆BUGO NELL'ACQUA|on ho neanche sunny day
|c|☆BUGO NELL'ACQUA|su tales
|inactive|BUGO NELL'ACQUA has 120 seconds left.
|c|☆BUGO NELL'ACQUA|è proprio over.
|
|move|p2a: Tyranitar|Crunch|p1a: Chansey
|-damage|p1a: Chansey|73/100
|move|p1a: Chansey|Wish|p1a: Chansey
|
|-weather|Sandstorm|[upkeep]
|-damage|p1a: Chansey|67/100|[from] Sandstorm
|upkeep
|turn|10
|
|move|p1a: Chansey|Protect|p1a: Chansey
|-singleturn|p1a: Chansey|Protect
|move|p2a: Tyranitar|Superpower|p1a: Chansey
|-activate|p1a: Chansey|move: Protect
|
|-weather|Sandstorm|[upkeep]
|-damage|p1a: Chansey|61/100|[from] Sandstorm
|-heal|p1a: Chansey|100/100|[from] move: Wish|[wisher] Chansey
|upkeep
|turn|11
|
|switch|p1a: Ninetales|Ninetales, M|100/100
|-damage|p1a: Ninetales|76/100|[from] Stealth Rock
|move|p2a: Tyranitar|Crunch|p1a: Ninetales
|-damage|p1a: Ninetales|28/100
|
|-weather|Sandstorm|[upkeep]
|-damage|p1a: Ninetales|22/100|[from] Sandstorm
|-heal|p1a: Ninetales|28/100|[from] item: Leftovers
|upkeep
|turn|12
|
|switch|p2a: Heatran|Heatran, M|99/100
|-damage|p2a: Heatran|88/100|[from] Stealth Rock
|move|p1a: Ninetales|Will-O-Wisp|p2a: Heatran
|-start|p2a: Heatran|ability: Flash Fire
|
|-weather|Sandstorm|[upkeep]
|-damage|p1a: Ninetales|22/100|[from] Sandstorm
|-heal|p1a: Ninetales|28/100|[from] item: Leftovers
|-heal|p2a: Heatran|94/100|[from] item: Leftovers
|upkeep
|turn|13
|
|move|p1a: Ninetales|Protect|p1a: Ninetales
|-singleturn|p1a: Ninetales|Protect
|move|p2a: Heatran|Earth Power|p1a: Ninetales
|-activate|p1a: Ninetales|move: Protect
|
|-weather|Sandstorm|[upkeep]
|-damage|p1a: Ninetales|22/100|[from] Sandstorm
|-heal|p1a: Ninetales|28/100|[from] item: Leftovers
|-heal|p2a: Heatran|99/100|[from] item: Leftovers
|upkeep
|turn|14
|
|move|p1a: Ninetales|Overheat|p2a: Heatran
|-immune|p2a: Heatran|[from] ability: Flash Fire
|move|p2a: Heatran|Magma Storm|p1a: Ninetales
|-start|p1a: Ninetales|ability: Flash Fire
|
|-weather|Sandstorm|[upkeep]
|-damage|p1a: Ninetales|22/100|[from] Sandstorm
|-heal|p1a: Ninetales|28/100|[from] item: Leftovers
|-heal|p2a: Heatran|100/100|[from] item: Leftovers
|upkeep
|turn|15
|c|☆BUGO NELL'ACQUA|ppstall
|c|☆BUGO NELL'ACQUA|expert.
|
|move|p1a: Ninetales|Protect|p1a: Ninetales
|-singleturn|p1a: Ninetales|Protect
|move|p2a: Heatran|Hidden Power|p1a: Ninetales
|-activate|p1a: Ninetales|move: Protect
|
|-weather|Sandstorm|[upkeep]
|-damage|p1a: Ninetales|22/100|[from] Sandstorm
|-heal|p1a: Ninetales|28/100|[from] item: Leftovers
|upkeep
|turn|16
|
|-end|p1a: Ninetales|ability: Flash Fire|[silent]
|switch|p1a: Chansey|Chansey, F|100/100
|-damage|p1a: Chansey|88/100|[from] Stealth Rock
|move|p2a: Heatran|Magma Storm|p1a: Chansey
|-damage|p1a: Chansey|61/100
|-activate|p1a: Chansey|move: Magma Storm|[of] p2a: Heatran
|
|-weather|Sandstorm|[upkeep]
|-damage|p1a: Chansey|55/100|[from] Sandstorm
|-damage|p1a: Chansey|49/100|[from] move: Magma Storm|[partiallytrapped]
|upkeep
|turn|17
|
|move|p2a: Heatran|Magma Storm|p1a: Chansey
|-damage|p1a: Chansey|22/100
|move|p1a: Chansey|Wish|p1a: Chansey
|
|-weather|Sandstorm|[upkeep]
|-damage|p1a: Chansey|15/100|[from] Sandstorm
|-damage|p1a: Chansey|9/100|[from] move: Magma Storm|[partiallytrapped]
|upkeep
|turn|18
|
|-end|p2a: Heatran|ability: Flash Fire|[silent]
|switch|p2a: Tyranitar|Tyranitar, M|63/100
|-damage|p2a: Tyranitar|51/100|[from] Stealth Rock
|move|p1a: Chansey|Protect||[still]
|-fail|p1a: Chansey
|
|-weather|Sandstorm|[upkeep]
|-damage|p1a: Chansey|3/100|[from] Sandstorm
|-heal|p1a: Chansey|53/100|[from] move: Wish|[wisher] Chansey
|upkeep
|turn|19
|
|switch|p1a: Ninetales|Ninetales, M|28/100
|-damage|p1a: Ninetales|3/100|[from] Stealth Rock
|move|p2a: Tyranitar|Crunch|p1a: Ninetales
|-damage|p1a: Ninetales|0 fnt
|faint|p1a: Ninetales
|
|-weather|Sandstorm|[upkeep]
|upkeep
|
|switch|p1a: Victini|Victini|100/100
|-damage|p1a: Victini|76/100|[from] Stealth Rock
|turn|20
|
|switch|p2a: Rotom|Rotom-Wash|100/100
|-damage|p2a: Rotom|88/100|[from] Stealth Rock
|move|p1a: Victini|Focus Blast|p2a: Rotom
|-damage|p2a: Rotom|59/100
|-unboost|p2a: Rotom|spd|1
|
|-weather|Sandstorm|[upkeep]
|-damage|p1a: Victini|69/100|[from] Sandstorm
|-damage|p2a: Rotom|52/100|[from] Sandstorm
|-heal|p1a: Victini|76/100|[from] item: Leftovers
|-heal|p2a: Rotom|59/100|[from] item: Leftovers
|upkeep
|turn|21
|
|move|p1a: Victini|Energy Ball|p2a: Rotom
|-supereffective|p2a: Rotom
|-damage|p2a: Rotom|0 fnt
|faint|p2a: Rotom
|
|-weather|Sandstorm|[upkeep]
|-damage|p1a: Victini|69/100|[from] Sandstorm
|-heal|p1a: Victini|76/100|[from] item: Leftovers
|upkeep
|
|switch|p2a: Terrakion|Terrakion|100/100
|-damage|p2a: Terrakion|94/100|[from] Stealth Rock
|turn|22
|
|move|p1a: Victini|Energy Ball|p2a: Terrakion
|-supereffective|p2a: Terrakion
|-damage|p2a: Terrakion|60/100
|move|p2a: Terrakion|Stone Edge|p1a: Victini
|-supereffective|p1a: Victini
|-damage|p1a: Victini|0 fnt
|-damage|p2a: Terrakion|50/100|[from] item: Life Orb
|faint|p1a: Victini
|
|-weather|Sandstorm|[upkeep]
|upkeep
|inactive|BUGO NELL'ACQUA has 120 seconds left.
|
|switch|p1a: Rotom|Rotom-Wash|100/100
|-damage|p1a: Rotom|88/100|[from] Stealth Rock
|turn|23
|-message|BUGO NELL'ACQUA forfeited.
|
|win|Ladder Chad
|l|☆BUGO NELL'ACQUA
|raw|BUGO NELL&apos;ACQUA's rating: 1644 &rarr; <strong>1613</strong><br />(-31 for losing)
|raw|Ladder Chad's rating: 1428 &rarr; <strong>1459</strong><br />(+31 for winning)
