|j|☆seanb143
|j|☆crimsonbacon38
|t:|1726347396
|gametype|singles
|player|p1|seanb143|emmet|1309
|player|p2|crimsonbacon38|1|1317
|teamsize|p1|6
|teamsize|p2|6
|gen|5
|tier|[Gen 5] OU
|rated|
|rule|Species Clause: Limit one of each Pokémon
|rule|OHKO Clause: OHKO moves are banned
|rule|Moody Clause: Moody is banned
|rule|Evasion Items Clause: Evasion items are banned
|rule|Evasion Moves Clause: Evasion moves are banned
|rule|Endless Battle Clause: Forcing endless battles is banned
|rule|HP Percentage Mod: HP is shown in percentages
|rule|Evasion Abilities Clause: Evasion abilities are banned
|rule|Sleep Moves Clause: Sleep-inducing moves are banned
|rule|Swagger Clause: Swagger is banned
|rule|Baton Pass Stat Clause: No Baton Passer may have a way to boost its stats
|clearpoke
|poke|p1|Heatran, F|item
|poke|p1|Jellicent, F|item
|poke|p1|Forretress, F|item
|poke|p1|Honchkrow, F|item
|poke|p1|Magnezone|item
|poke|p1|Scizor, M|item
|poke|p2|Tyranitar, F|item
|poke|p2|Excadrill, F|item
|poke|p2|Ferrothorn, M|item
|poke|p2|Jellicent, F|item
|poke|p2|Latios, M|item
|poke|p2|Garchomp, M|item
|teampreview
|inactive|Battle timer is ON: inactive players will automatically lose when time's up. (requested by seanb143)
|
|t:|1726347405
|start
|switch|p1a: Jellicent|Jellicent, F, shiny|100/100
|switch|p2a: Tyranitar|Tyranitar, F|100/100
|-weather|Sandstorm|[from] ability: Sand Stream|[of] p2a: Tyranitar
|turn|1
|
|t:|1726347414
|move|p2a: Tyranitar|Crunch|p1a: Jellicent
|-supereffective|p1a: Jellicent
|-damage|p1a: Jellicent|12/100
|move|p1a: Jellicent|Will-O-Wisp|p2a: Tyranitar
|-status|p2a: Tyranitar|brn
|
|-weather|Sandstorm|[upkeep]
|-damage|p1a: Jellicent|6/100|[from] Sandstorm
|-heal|p1a: Jellicent|12/100|[from] item: Leftovers
|-damage|p2a: Tyranitar|88/100 brn|[from] brn
|upkeep
|turn|2
|
|t:|1726347421
|switch|p1a: Heatran|Heatran, F, shiny|100/100
|move|p2a: Tyranitar|Crunch|p1a: Heatran
|-resisted|p1a: Heatran
|-damage|p1a: Heatran|92/100
|
|-weather|Sandstorm|[upkeep]
|-heal|p1a: Heatran|98/100|[from] item: Leftovers
|-damage|p2a: Tyranitar|76/100 brn|[from] brn
|upkeep
|turn|3
|
|t:|1726347425
|switch|p2a: Garchomp|Garchomp, M|100/100
|move|p1a: Heatran|Stealth Rock|p2a: Garchomp
|-sidestart|p2: crimsonbacon38|move: Stealth Rock
|
|-weather|Sandstorm|[upkeep]
|-heal|p1a: Heatran|100/100|[from] item: Leftovers
|upkeep
|turn|4
|
|t:|1726347434
|switch|p1a: Honchkrow|Honchkrow, F, shiny|100/100
|move|p2a: Garchomp|Stealth Rock|p1a: Honchkrow
|-sidestart|p1: seanb143|move: Stealth Rock
|
|-weather|Sandstorm|[upkeep]
|-damage|p1a: Honchkrow|94/100|[from] Sandstorm
|-heal|p1a: Honchkrow|100/100|[from] item: Leftovers
|upkeep
|turn|5
|
|t:|1726347459
|move|p2a: Garchomp|Swords Dance|p2a: Garchomp
|-boost|p2a: Garchomp|atk|2
|move|p1a: Honchkrow|Brave Bird|p2a: Garchomp
|-damage|p2a: Garchomp|54/100
|-damage|p1a: Honchkrow|88/100|[from] ability: Rough Skin|[of] p2a: Garchomp
|-damage|p1a: Honchkrow|72/100|[from] Recoil
|
|-weather|Sandstorm|[upkeep]
|-damage|p1a: Honchkrow|66/100|[from] Sandstorm
|-heal|p2a: Garchomp|60/100|[from] item: Leftovers
|-heal|p1a: Honchkrow|72/100|[from] item: Leftovers
|upkeep
|turn|6
|
|t:|1726347467
|switch|p1a: Forretress|Forretress, F, shiny|100/100
|-damage|p1a: Forretress|88/100|[from] Stealth Rock
|move|p2a: Garchomp|Outrage|p1a: Forretress
|-resisted|p1a: Forretress
|-damage|p1a: Forretress|50/100
|
|-weather|Sandstorm|[upkeep]
|-heal|p2a: Garchomp|66/100|[from] item: Leftovers
|-heal|p1a: Forretress|56/100|[from] item: Leftovers
|upkeep
|turn|7
|
|t:|1726347471
|move|p2a: Garchomp|Outrage|p1a: Forretress|[from]lockedmove
|-resisted|p1a: Forretress
|-damage|p1a: Forretress|19/100
|move|p1a: Forretress|Rapid Spin|p2a: Garchomp
|-damage|p2a: Garchomp|62/100
|-damage|p1a: Forretress|7/100|[from] ability: Rough Skin|[of] p2a: Garchomp
|-sideend|p1: seanb143|Stealth Rock|[from] move: Rapid Spin|[of] p1a: Forretress
|
|-weather|Sandstorm|[upkeep]
|-heal|p2a: Garchomp|68/100|[from] item: Leftovers
|-heal|p1a: Forretress|13/100|[from] item: Leftovers
|upkeep
|turn|8
|
|t:|1726347479
|move|p2a: Garchomp|Outrage|p1a: Forretress|[from]lockedmove
|-resisted|p1a: Forretress
|-damage|p1a: Forretress|0 fnt
|faint|p1a: Forretress
|-start|p2a: Garchomp|confusion|[fatigue]
|
|-weather|Sandstorm|[upkeep]
|-heal|p2a: Garchomp|75/100|[from] item: Leftovers
|upkeep
|
|t:|1726347492
|switch|p1a: Scizor|Scizor, M, shiny|100/100
|turn|9
|
|t:|1726347495
|-activate|p2a: Garchomp|confusion
|move|p2a: Garchomp|Stealth Rock|p1a: Scizor
|-sidestart|p1: seanb143|move: Stealth Rock
|move|p1a: Scizor|Swords Dance|p1a: Scizor
|-boost|p1a: Scizor|atk|2
|
|-weather|Sandstorm|[upkeep]
|-heal|p2a: Garchomp|81/100|[from] item: Leftovers
|upkeep
|turn|10
|
|t:|1726347500
|move|p1a: Scizor|Bullet Punch|p2a: Garchomp
|-damage|p2a: Garchomp|38/100
|-damage|p1a: Scizor|88/100|[from] ability: Rough Skin|[of] p2a: Garchomp
|-activate|p2a: Garchomp|confusion
|-damage|p2a: Garchomp|23/100|[from] confusion
|
|-weather|Sandstorm|[upkeep]
|-heal|p2a: Garchomp|29/100|[from] item: Leftovers
|upkeep
|turn|11
|
|t:|1726347506
|move|p1a: Scizor|Bullet Punch|p2a: Garchomp
|-damage|p2a: Garchomp|0 fnt
|-damage|p1a: Scizor|76/100|[from] ability: Rough Skin|[of] p2a: Garchomp
|faint|p2a: Garchomp
|
|-weather|Sandstorm|[upkeep]
|upkeep
|
|t:|1726347513
|switch|p2a: Jellicent|Jellicent, F|100/100
|-damage|p2a: Jellicent|88/100|[from] Stealth Rock
|turn|12
|
|t:|1726347517
|switch|p1a: Heatran|Heatran, F, shiny|100/100
|-damage|p1a: Heatran|88/100|[from] Stealth Rock
|move|p2a: Jellicent|Will-O-Wisp|p1a: Heatran
|-start|p1a: Heatran|ability: Flash Fire
|
|-weather|Sandstorm|[upkeep]
|-damage|p2a: Jellicent|82/100|[from] Sandstorm
|-heal|p1a: Heatran|94/100|[from] item: Leftovers
|-heal|p2a: Jellicent|88/100|[from] item: Leftovers
|upkeep
|turn|13
|
|t:|1726347520
|move|p1a: Heatran|Lava Plume|p2a: Jellicent
|-resisted|p2a: Jellicent
|-damage|p2a: Jellicent|67/100
|-status|p2a: Jellicent|brn
|move|p2a: Jellicent|Taunt|p1a: Heatran
|-start|p1a: Heatran|move: Taunt
|
|-weather|Sandstorm|[upkeep]
|-damage|p2a: Jellicent|61/100 brn|[from] Sandstorm
|-heal|p1a: Heatran|100/100|[from] item: Leftovers
|-heal|p2a: Jellicent|67/100 brn|[from] item: Leftovers
|-damage|p2a: Jellicent|55/100 brn|[from] brn
|upkeep
|turn|14
|
|t:|1726347525
|move|p1a: Heatran|Lava Plume|p2a: Jellicent
|-resisted|p2a: Jellicent
|-damage|p2a: Jellicent|34/100 brn
|move|p2a: Jellicent|Scald|p1a: Heatran
|-supereffective|p1a: Heatran
|-damage|p1a: Heatran|72/100
|
|-weather|Sandstorm|[upkeep]
|-damage|p2a: Jellicent|28/100 brn|[from] Sandstorm
|-heal|p1a: Heatran|78/100|[from] item: Leftovers
|-heal|p2a: Jellicent|34/100 brn|[from] item: Leftovers
|-damage|p2a: Jellicent|22/100 brn|[from] brn
|upkeep
|turn|15
|
|t:|1726347534
|move|p1a: Heatran|Lava Plume|p2a: Jellicent
|-resisted|p2a: Jellicent
|-damage|p2a: Jellicent|1/100 brn
|move|p2a: Jellicent|Recover|p2a: Jellicent
|-heal|p2a: Jellicent|51/100 brn
|
|-weather|Sandstorm|[upkeep]
|-damage|p2a: Jellicent|45/100 brn|[from] Sandstorm
|-heal|p1a: Heatran|84/100|[from] item: Leftovers
|-heal|p2a: Jellicent|51/100 brn|[from] item: Leftovers
|-damage|p2a: Jellicent|39/100 brn|[from] brn
|upkeep
|turn|16
|
|t:|1726347541
|move|p1a: Heatran|Lava Plume|p2a: Jellicent
|-resisted|p2a: Jellicent
|-damage|p2a: Jellicent|17/100 brn
|move|p2a: Jellicent|Recover|p2a: Jellicent
|-heal|p2a: Jellicent|67/100 brn
|
|-weather|Sandstorm|[upkeep]
|-damage|p2a: Jellicent|60/100 brn|[from] Sandstorm
|-heal|p1a: Heatran|91/100|[from] item: Leftovers
|-heal|p2a: Jellicent|67/100 brn|[from] item: Leftovers
|-damage|p2a: Jellicent|54/100 brn|[from] brn
|-end|p1a: Heatran|move: Taunt
|upkeep
|turn|17
|
|t:|1726347551
|switch|p2a: Tyranitar|Tyranitar, F|76/100 brn
|-damage|p2a: Tyranitar|64/100 brn|[from] Stealth Rock
|move|p1a: Heatran|Roar|p2a: Tyranitar
|drag|p2a: Latios|Latios, M|100/100
|-damage|p2a: Latios|88/100|[from] Stealth Rock
|
|-weather|Sandstorm|[upkeep]
|-damage|p2a: Latios|82/100|[from] Sandstorm
|-heal|p1a: Heatran|97/100|[from] item: Leftovers
|upkeep
|turn|18
|
|t:|1726347558
|move|p1a: Heatran|Protect|p1a: Heatran
|-singleturn|p1a: Heatran|Protect
|move|p2a: Latios|Trick|p1a: Heatran
|-activate|p1a: Heatran|move: Protect
|
|-weather|Sandstorm|[upkeep]
|-damage|p2a: Latios|76/100|[from] Sandstorm
|-heal|p1a: Heatran|100/100|[from] item: Leftovers
|upkeep
|turn|19
|
|t:|1726347570
|switch|p2a: Tyranitar|Tyranitar, F|64/100 brn
|-damage|p2a: Tyranitar|51/100 brn|[from] Stealth Rock
|-end|p1a: Heatran|ability: Flash Fire|[silent]
|switch|p1a: Magnezone|Magnezone, shiny|100/100
|-damage|p1a: Magnezone|94/100|[from] Stealth Rock
|
|-weather|Sandstorm|[upkeep]
|-damage|p2a: Tyranitar|39/100 brn|[from] brn
|upkeep
|turn|20
|
|t:|1726347575
|move|p2a: Tyranitar|Superpower|p1a: Magnezone
|-supereffective|p1a: Magnezone
|-damage|p1a: Magnezone|48/100
|-unboost|p2a: Tyranitar|atk|1
|-unboost|p2a: Tyranitar|def|1
|move|p1a: Magnezone|Flash Cannon|p2a: Tyranitar
|-supereffective|p2a: Tyranitar
|-crit|p2a: Tyranitar
|-damage|p2a: Tyranitar|0 fnt
|faint|p2a: Tyranitar
|
|-weather|Sandstorm|[upkeep]
|upkeep
|
|t:|1726347585
|switch|p2a: Excadrill|Excadrill, F|100/100
|-damage|p2a: Excadrill|97/100|[from] Stealth Rock
|turn|21
|
|t:|1726347590
|switch|p1a: Jellicent|Jellicent, F, shiny|12/100
|-damage|p1a: Jellicent|0 fnt|[from] Stealth Rock
|faint|p1a: Jellicent
|move|p2a: Excadrill|Earthquake|p1: Jellicent|[notarget]
|-fail|p2a: Excadrill
|
|-weather|Sandstorm|[upkeep]
|-heal|p2a: Excadrill|100/100|[from] item: Leftovers
|upkeep
|
|t:|1726347594
|switch|p1a: Honchkrow|Honchkrow, F, shiny|72/100
|-damage|p1a: Honchkrow|47/100|[from] Stealth Rock
|turn|22
|
|t:|1726347600
|switch|p2a: Latios|Latios, M|76/100
|-damage|p2a: Latios|64/100|[from] Stealth Rock
|move|p1a: Honchkrow|Superpower|p2a: Latios
|-resisted|p2a: Latios
|-damage|p2a: Latios|32/100
|-unboost|p1a: Honchkrow|atk|1
|-unboost|p1a: Honchkrow|def|1
|
|-weather|Sandstorm|[upkeep]
|-damage|p2a: Latios|26/100|[from] Sandstorm
|-damage|p1a: Honchkrow|41/100|[from] Sandstorm
|-heal|p1a: Honchkrow|47/100|[from] item: Leftovers
|upkeep
|turn|23
|
|t:|1726347610
|switch|p2a: Ferrothorn|Ferrothorn, M|100/100
|-damage|p2a: Ferrothorn|94/100|[from] Stealth Rock
|switch|p1a: Heatran|Heatran, F, shiny|100/100
|-damage|p1a: Heatran|88/100|[from] Stealth Rock
|
|-weather|Sandstorm|[upkeep]
|-heal|p1a: Heatran|94/100|[from] item: Leftovers
|upkeep
|turn|24
|
|t:|1726347622
|switch|p2a: Jellicent|Jellicent, F|54/100 brn
|-damage|p2a: Jellicent|42/100 brn|[from] Stealth Rock
|move|p1a: Heatran|Lava Plume|p2a: Jellicent
|-resisted|p2a: Jellicent
|-damage|p2a: Jellicent|27/100 brn
|
|-weather|Sandstorm|[upkeep]
|-damage|p2a: Jellicent|21/100 brn|[from] Sandstorm
|-heal|p1a: Heatran|100/100|[from] item: Leftovers
|-heal|p2a: Jellicent|27/100 brn|[from] item: Leftovers
|-damage|p2a: Jellicent|15/100 brn|[from] brn
|upkeep
|turn|25
|
|t:|1726347634
|move|p1a: Heatran|Lava Plume|p2a: Jellicent
|-resisted|p2a: Jellicent
|-damage|p2a: Jellicent|0 fnt
|faint|p2a: Jellicent
|
|-weather|Sandstorm|[upkeep]
|upkeep
|
|t:|1726347639
|switch|p2a: Excadrill|Excadrill, F|100/100
|-damage|p2a: Excadrill|97/100|[from] Stealth Rock
|turn|26
|
|t:|1726347656
|move|p2a: Excadrill|Earthquake|p1a: Heatran
|-supereffective|p1a: Heatran
|-damage|p1a: Heatran|0 fnt
|faint|p1a: Heatran
|
|-weather|Sandstorm|[upkeep]
|-heal|p2a: Excadrill|100/100|[from] item: Leftovers
|upkeep
|
|t:|1726347661
|switch|p1a: Magnezone|Magnezone, shiny|48/100
|-damage|p1a: Magnezone|42/100|[from] Stealth Rock
|turn|27
|
|t:|1726347676
|move|p1a: Magnezone|Hidden Power|p2a: Excadrill
|-supereffective|p2a: Excadrill
|-damage|p2a: Excadrill|48/100
|move|p2a: Excadrill|Earthquake|p1a: Magnezone
|-supereffective|p1a: Magnezone
|-damage|p1a: Magnezone|0 fnt
|faint|p1a: Magnezone
|
|-weather|Sandstorm|[upkeep]
|-heal|p2a: Excadrill|54/100|[from] item: Leftovers
|upkeep
|
|t:|1726347682
|switch|p1a: Scizor|Scizor, M, shiny|76/100
|-damage|p1a: Scizor|64/100|[from] Stealth Rock
|turn|28
|
|t:|1726347688
|switch|p2a: Ferrothorn|Ferrothorn, M|94/100
|-damage|p2a: Ferrothorn|88/100|[from] Stealth Rock
|move|p1a: Scizor|Swords Dance|p1a: Scizor
|-boost|p1a: Scizor|atk|2
|
|-weather|Sandstorm|[upkeep]
|upkeep
|turn|29
|
|t:|1726347696
|move|p1a: Scizor|Swords Dance|p1a: Scizor
|-boost|p1a: Scizor|atk|2
|move|p2a: Ferrothorn|Leech Seed|p1a: Scizor
|-start|p1a: Scizor|move: Leech Seed
|
|-weather|Sandstorm|[upkeep]
|-damage|p1a: Scizor|52/100|[from] Leech Seed|[of] p2a: Ferrothorn
|-heal|p2a: Ferrothorn|99/100|[silent]
|upkeep
|turn|30
|
|t:|1726347705
|move|p1a: Scizor|Swords Dance|p1a: Scizor
|-boost|p1a: Scizor|atk|2
|move|p2a: Ferrothorn|Gyro Ball|p1a: Scizor
|-resisted|p1a: Scizor
|-damage|p1a: Scizor|29/100
|-enditem|p1a: Scizor|Sitrus Berry|[eat]
|-heal|p1a: Scizor|54/100|[from] item: Sitrus Berry
|
|-weather|Sandstorm|[upkeep]
|-damage|p1a: Scizor|42/100|[from] Leech Seed|[of] p2a: Ferrothorn
|-heal|p2a: Ferrothorn|100/100|[silent]
|upkeep
|turn|31
|
|t:|1726347712
|move|p1a: Scizor|Acrobatics|p2a: Ferrothorn
|-damage|p2a: Ferrothorn|0 fnt
|-damage|p1a: Scizor|29/100|[from] ability: Iron Barbs|[of] p2a: Ferrothorn
|faint|p2a: Ferrothorn
|
|-weather|Sandstorm|[upkeep]
|upkeep
|
|t:|1726347726
|switch|p2a: Excadrill|Excadrill, F|54/100
|-damage|p2a: Excadrill|51/100|[from] Stealth Rock
|turn|32
|
|t:|1726347728
|move|p1a: Scizor|Bullet Punch|p2a: Excadrill
|-resisted|p2a: Excadrill
|-damage|p2a: Excadrill|0 fnt
|faint|p2a: Excadrill
|
|-weather|Sandstorm|[upkeep]
|upkeep
|
|t:|1726347731
|switch|p2a: Latios|Latios, M|26/100
|-damage|p2a: Latios|13/100|[from] Stealth Rock
|turn|33
|
|t:|1726347736
|move|p1a: Scizor|Bullet Punch|p2a: Latios
|-damage|p2a: Latios|0 fnt
|faint|p2a: Latios
|
|win|seanb143
|raw|seanb143's rating: 1309 &rarr; <strong>1329</strong><br />(+20 for winning)
|raw|crimsonbacon38's rating: 1317 &rarr; <strong>1297</strong><br />(-20 for losing)
|c|☆crimsonbacon38|HOLY SHIT
|c|☆crimsonbacon38|gg seanb
|c|☆seanb143|Lol gg
|c|☆crimsonbacon38|hope all is well
|c|☆crimsonbacon38|big fan
|c|☆seanb143|Crimson bacon
