|badge|p1|bronze|gen9ou|100-5
|uhtml|medal-msg|<div class="broadcast-blue">Curious what those medals under the avatar are? PS now has Ladder Seasons! For more information, check out the <a href="https://www.smogon.com/forums/threads/3740067/">thread on Smogon.</a></div>
|j|☆Stads
|j|☆Salutethewolf
|t:|1746540653
|gametype|singles
|player|p1|Stads|102|1435
|player|p2|Salutethewolf|hugh|1363
|teamsize|p1|6
|teamsize|p2|6
|gen|5
|tier|[Gen 5] OU
|rated|
|rule|Species Clause: Limit one of each Pokémon
|rule|OHKO Clause: OHKO moves are banned
|rule|Moody Clause: Moody is banned
|rule|Evasion Items Clause: Evasion items are banned
|rule|Evasion Moves Clause: Evasion moves are banned
|rule|Endless Battle Clause: Forcing endless battles is banned
|rule|HP Percentage Mod: HP is shown in percentages
|rule|Evasion Abilities Clause: Evasion abilities are banned
|rule|Sleep Moves Clause: Sleep-inducing moves are banned
|rule|Swagger Clause: Swagger is banned
|rule|Baton Pass Stat Clause: No Baton Passer may have a way to boost its stats
|clearpoke
|poke|p1|Garchomp, M|item
|poke|p1|Dragonite, M|item
|poke|p1|Starmie|item
|poke|p1|Latias, F|item
|poke|p1|Volcarona, F|item
|poke|p1|Jirachi|item
|poke|p2|Garchomp, M|item
|poke|p2|Dragonite, M|item
|poke|p2|Latios, M|item
|poke|p2|Starmie|item
|poke|p2|Metagross|item
|poke|p2|Scizor, F|item
|teampreview
|inactive|Battle timer is ON: inactive players will automatically lose when time's up. (requested by Salutethewolf)
|
|t:|1746540666
|start
|switch|p1a: Garchomp|Garchomp, M|100/100
|switch|p2a: Metagross|Metagross, shiny|100/100
|turn|1
|
|t:|1746540673
|move|p1a: Garchomp|Stealth Rock|p2a: Metagross
|-sidestart|p2: Salutethewolf|move: Stealth Rock
|move|p2a: Metagross|Stealth Rock|p1a: Garchomp
|-sidestart|p1: Stads|move: Stealth Rock
|
|upkeep
|turn|2
|
|t:|1746540678
|move|p1a: Garchomp|Earthquake|p2a: Metagross
|-supereffective|p2a: Metagross
|-damage|p2a: Metagross|21/100
|move|p2a: Metagross|Psychic|p1a: Garchomp
|-damage|p1a: Garchomp|56/100
|
|upkeep
|turn|3
|-enditem|p2a: Metagross|Custap Berry|[eat]
|-activate|p2a: Metagross|item: Custap Berry|[consumed]
|
|t:|1746540685
|move|p2a: Metagross|Explosion|p1a: Garchomp
|-damage|p1a: Garchomp|0 fnt
|faint|p2a: Metagross
|faint|p1a: Garchomp
|
|upkeep
|
|t:|1746540697
|switch|p1a: Starmie|Starmie|100/100
|switch|p2a: Starmie|Starmie, shiny|100/100
|-damage|p1a: Starmie|88/100|[from] Stealth Rock
|-item|p1a: Starmie|Air Balloon
|-damage|p2a: Starmie|88/100|[from] Stealth Rock
|turn|4
|
|t:|1746540706
|move|p1a: Starmie|Rapid Spin|p2a: Starmie
|-damage|p2a: Starmie|84/100
|-sideend|p1: Stads|Stealth Rock|[from] move: Rapid Spin|[of] p1a: Starmie
|move|p2a: Starmie|Thunderbolt|p1a: Starmie
|-supereffective|p1a: Starmie
|-damage|p1a: Starmie|0 fnt
|-enditem|p1a: Starmie|Air Balloon
|faint|p1a: Starmie
|-damage|p2a: Starmie|74/100|[from] item: Life Orb
|
|upkeep
|
|t:|1746540710
|switch|p1a: Jirachi|Jirachi|100/100
|turn|5
|
|t:|1746540737
|move|p1a: Jirachi|U-turn|p2a: Starmie
|-supereffective|p2a: Starmie
|-damage|p2a: Starmie|26/100
|
|t:|1746540739
|switch|p1a: Latias|Latias, F|100/100|[from] U-turn
|move|p2a: Starmie|Rapid Spin|p1a: Latias
|-damage|p1a: Latias|95/100
|-sideend|p2: Salutethewolf|Stealth Rock|[from] move: Rapid Spin|[of] p2a: Starmie
|-damage|p2a: Starmie|16/100|[from] item: Life Orb
|
|upkeep
|turn|6
|
|t:|1746540748
|move|p2a: Starmie|Ice Beam|p1a: Latias
|-supereffective|p1a: Latias
|-damage|p1a: Latias|25/100
|-damage|p2a: Starmie|6/100|[from] item: Life Orb
|move|p1a: Latias|Surf|p2a: Starmie
|-resisted|p2a: Starmie
|-damage|p2a: Starmie|0 fnt
|faint|p2a: Starmie
|
|upkeep
|
|t:|1746540757
|switch|p2a: Scizor|Scizor, F, shiny|100/100
|turn|7
|
|t:|1746540761
|move|p1a: Latias|Surf|p2a: Scizor
|-damage|p2a: Scizor|47/100
|move|p2a: Scizor|Pursuit|p1a: Latias
|-supereffective|p1a: Latias
|-damage|p1a: Latias|0 fnt
|faint|p1a: Latias
|
|upkeep
|
|t:|1746540764
|switch|p1a: Volcarona|Volcarona, F|100/100
|turn|8
|
|t:|1746540772
|switch|p2a: Dragonite|Dragonite, M, shiny|100/100
|move|p1a: Volcarona|Fire Blast|p2a: Dragonite
|-resisted|p2a: Dragonite
|-damage|p2a: Dragonite|80/100
|-damage|p1a: Volcarona|91/100|[from] item: Life Orb
|
|upkeep
|turn|9
|
|t:|1746540782
|switch|p1a: Jirachi|Jirachi|100/100
|move|p2a: Dragonite|Dragon Claw|p1a: Jirachi
|-resisted|p1a: Jirachi
|-damage|p1a: Jirachi|81/100
|
|upkeep
|turn|10
|
|t:|1746540792
|switch|p2a: Scizor|Scizor, F, shiny|47/100
|move|p1a: Jirachi|Ice Punch|p2a: Scizor
|-resisted|p2a: Scizor
|-damage|p2a: Scizor|38/100
|
|upkeep
|turn|11
|
|t:|1746540798
|switch|p1a: Volcarona|Volcarona, F|91/100
|move|p2a: Scizor|U-turn|p1a: Volcarona
|-resisted|p1a: Volcarona
|-damage|p1a: Volcarona|44/100
|
|t:|1746540806
|switch|p2a: Dragonite|Dragonite, M, shiny|80/100|[from] U-turn
|
|upkeep
|turn|12
|
|t:|1746540811
|move|p1a: Volcarona|Bug Buzz|p2a: Dragonite
|-resisted|p2a: Dragonite
|-damage|p2a: Dragonite|47/100
|-damage|p1a: Volcarona|35/100|[from] item: Life Orb
|move|p2a: Dragonite|Fire Punch|p1a: Volcarona
|-crit|p1a: Volcarona
|-damage|p1a: Volcarona|0 fnt
|faint|p1a: Volcarona
|
|upkeep
|
|t:|1746540814
|switch|p1a: Jirachi|Jirachi|81/100
|turn|13
|
|t:|1746540823
|move|p1a: Jirachi|Iron Head|p2a: Dragonite
|-damage|p2a: Dragonite|14/100
|move|p2a: Dragonite|Fire Punch|p1a: Jirachi
|-supereffective|p1a: Jirachi
|-damage|p1a: Jirachi|34/100
|
|upkeep
|turn|14
|
|t:|1746540830
|move|p2a: Dragonite|Extreme Speed|p1a: Jirachi
|-resisted|p1a: Jirachi
|-damage|p1a: Jirachi|22/100
|move|p1a: Jirachi|Iron Head|p2a: Dragonite
|-damage|p2a: Dragonite|0 fnt
|faint|p2a: Dragonite
|
|upkeep
|
|t:|1746540839
|switch|p2a: Scizor|Scizor, F, shiny|38/100
|turn|15
|
|t:|1746540843
|move|p2a: Scizor|Bullet Punch|p1a: Jirachi
|-resisted|p1a: Jirachi
|-crit|p1a: Jirachi
|-damage|p1a: Jirachi|0 fnt
|faint|p1a: Jirachi
|
|upkeep
|
|t:|1746540844
|switch|p1a: Dragonite|Dragonite, M|100/100
|turn|16
|
|t:|1746540851
|move|p2a: Scizor|Bullet Punch|p1a: Dragonite
|-damage|p1a: Dragonite|72/100
|move|p1a: Dragonite|Dragon Dance|p1a: Dragonite
|-boost|p1a: Dragonite|atk|1
|-boost|p1a: Dragonite|spe|1
|
|upkeep
|turn|17
|
|t:|1746540857
|move|p2a: Scizor|Bullet Punch|p1a: Dragonite
|-damage|p1a: Dragonite|15/100
|move|p1a: Dragonite|Dragon Dance|p1a: Dragonite
|-boost|p1a: Dragonite|atk|1
|-boost|p1a: Dragonite|spe|1
|
|upkeep
|turn|18
|
|t:|1746540864
|move|p1a: Dragonite|Extreme Speed|p2a: Scizor
|-resisted|p2a: Scizor
|-damage|p2a: Scizor|6/100
|move|p2a: Scizor|Bullet Punch|p1a: Dragonite
|-damage|p1a: Dragonite|0 fnt
|faint|p1a: Dragonite
|
|win|Salutethewolf
|raw|Stads's rating: 1435 &rarr; <strong>1411</strong><br />(-24 for losing)
|raw|Salutethewolf's rating: 1363 &rarr; <strong>1387</strong><br />(+24 for winning)
|l|☆Stads
|player|p1|
