|j|☆Gh0st of Perdition
|j|☆Giovanna G
|player|p1|Gh0st of Perdition|gentleman-gen1rb|1557
|player|p2|Giovanna G|lady-gen4|1598
|teamsize|p1|6
|teamsize|p2|6
|gametype|singles
|gen|5
|tier|[Gen 5] OU
|rated|
|clearpoke
|poke|p1|Tyranitar, F|item
|poke|p1|Latias, F|item
|poke|p1|Xatu, F|item
|poke|p1|Seismitoad, M|item
|poke|p1|Ferrothorn, F|item
|poke|p1|Latios, M|item
|poke|p2|Jirachi|item
|poke|p2|Scizor, M|item
|poke|p2|Landorus-Therian, M|item
|poke|p2|Keldeo|item
|poke|p2|Rotom-Wash|item
|poke|p2|Latios, M|item
|rule|Species Clause: Limit one of each Pokémon
|rule|OHKO Clause: OHKO moves are banned
|rule|Moody Clause: Moody is banned
|rule|Evasion Moves Clause: Evasion moves are banned
|rule|Endless Battle Clause: Forcing endless battles is banned
|rule|HP Percentage Mod: HP is shown in percentages
|rule|Evasion Abilities Clause: Evasion abilities are banned
|rule|Baton Pass Clause: Limit one Baton Passer, can't pass Spe and other stats simultaneously
|rule|Sleep Clause: Sleep-inducing moves are banned
|rule|Swagger Clause: Swagger is banned
|teampreview
|c|☆Giovanna G|two best players
|c|☆Giovanna G|of ladder
|
|start
|switch|p1a: Seismitoad|Seismitoad, M|100/100
|switch|p2a: OVERUSED|Rotom-Wash, shiny|100/100
|turn|1
|c|☆Gh0st of Perdition|ahah, no idea if i'm top 2, but you're one of the best for sure
|
|move|p2a: OVERUSED|Trick|p1a: Seismitoad
|-activate|p2a: OVERUSED|move: Trick|[of] p1a: Seismitoad
|-item|p1a: Seismitoad|Choice Specs|[from] move: Trick
|-item|p2a: OVERUSED|Leftovers|[from] move: Trick
|move|p1a: Seismitoad|Stealth Rock|p2a: OVERUSED
|-sidestart|p2: Giovanna G|move: Stealth Rock
|
|upkeep
|turn|2
|
|switch|p1a: Latias|Latias, F|100/100
|move|p2a: OVERUSED|Hidden Power|p1a: Latias
|-resisted|p1a: Latias
|-damage|p1a: Latias|90/100
|
|-heal|p1a: Latias|96/100|[from] item: Leftovers
|upkeep
|turn|3
|
|move|p1a: Latias|Calm Mind|p1a: Latias
|-boost|p1a: Latias|spa|1
|-boost|p1a: Latias|spd|1
|move|p2a: OVERUSED|Volt Switch|p1a: Latias
|-resisted|p1a: Latias
|-damage|p1a: Latias|85/100
|
|switch|p2a: Scizor|Scizor, M|100/100|[from]move: Volt Switch
|-damage|p2a: Scizor|88/100|[from] Stealth Rock
|
|-heal|p1a: Latias|91/100|[from] item: Leftovers
|upkeep
|turn|4
|
|move|p1a: Latias|Hidden Power|p2a: Scizor
|-supereffective|p2a: Scizor
|-damage|p2a: Scizor|0 fnt
|faint|p2a: Scizor
|
|-heal|p1a: Latias|97/100|[from] item: Leftovers
|upkeep
|
|switch|p2a: HAX NO SKILL|Jirachi|100/100
|-damage|p2a: HAX NO SKILL|94/100|[from] Stealth Rock
|turn|5
|
|move|p1a: Latias|Hidden Power|p2a: HAX NO SKILL
|-supereffective|p2a: HAX NO SKILL
|-damage|p2a: HAX NO SKILL|36/100
|move|p2a: HAX NO SKILL|Calm Mind|p2a: HAX NO SKILL
|-boost|p2a: HAX NO SKILL|spa|1
|-boost|p2a: HAX NO SKILL|spd|1
|
|-heal|p1a: Latias|100/100|[from] item: Leftovers
|-heal|p2a: HAX NO SKILL|43/100|[from] item: Leftovers
|upkeep
|turn|6
|
|move|p1a: Latias|Hidden Power|p2a: HAX NO SKILL
|-supereffective|p2a: HAX NO SKILL
|-damage|p2a: HAX NO SKILL|6/100
|move|p2a: HAX NO SKILL|Thunder|p1a: Latias
|-resisted|p1a: Latias
|-damage|p1a: Latias|89/100
|-status|p1a: Latias|par
|
|-heal|p2a: HAX NO SKILL|12/100|[from] item: Leftovers
|-heal|p1a: Latias|95/100 par|[from] item: Leftovers
|upkeep
|turn|7
|
|move|p2a: HAX NO SKILL|Calm Mind|p2a: HAX NO SKILL
|-boost|p2a: HAX NO SKILL|spa|1
|-boost|p2a: HAX NO SKILL|spd|1
|move|p1a: Latias|Hidden Power|p2a: HAX NO SKILL
|-supereffective|p2a: HAX NO SKILL
|-damage|p2a: HAX NO SKILL|0 fnt
|faint|p2a: HAX NO SKILL
|
|-heal|p1a: Latias|100/100 par|[from] item: Leftovers
|upkeep
|
|switch|p2a: RANDOM SET|Latios, M|100/100
|-damage|p2a: RANDOM SET|88/100|[from] Stealth Rock
|turn|8
|
|move|p2a: RANDOM SET|Draco Meteor|p1a: Latias
|-supereffective|p1a: Latias
|-damage|p1a: Latias|12/100 par
|-unboost|p2a: RANDOM SET|spa|2
|move|p1a: Latias|Dragon Pulse|p2a: RANDOM SET
|-supereffective|p2a: RANDOM SET
|-damage|p2a: RANDOM SET|0 fnt
|faint|p2a: RANDOM SET
|
|-heal|p1a: Latias|18/100 par|[from] item: Leftovers
|upkeep
|
|switch|p2a: MOST USED|Landorus-Therian, M|100/100
|-damage|p2a: MOST USED|88/100|[from] Stealth Rock
|-ability|p2a: MOST USED|Intimidate|boost
|-unboost|p1a: Latias|atk|1
|turn|9
|
|switch|p1a: Xatu|Xatu, F|100/100
|move|p2a: MOST USED|U-turn|p1a: Xatu
|-damage|p1a: Xatu|78/100
|-damage|p2a: MOST USED|72/100|[from] item: Rocky Helmet|[of] p1a: Xatu
|
|switch|p2a: OVERUSED|Rotom-Wash, shiny|100/100|[from]move: U-turn
|-damage|p2a: OVERUSED|88/100|[from] Stealth Rock
|
|-heal|p2a: OVERUSED|94/100|[from] item: Leftovers
|upkeep
|turn|10
|
|switch|p1a: Latias|Latias, F|18/100 par
|move|p2a: OVERUSED|Volt Switch|p1a: Latias
|-resisted|p1a: Latias
|-damage|p1a: Latias|3/100 par
|
|switch|p2a: MOST USED|Landorus-Therian, M|72/100|[from]move: Volt Switch
|-damage|p2a: MOST USED|59/100|[from] Stealth Rock
|-ability|p2a: MOST USED|Intimidate|boost
|-unboost|p1a: Latias|atk|1
|
|-heal|p2a: MOST USED|65/100|[from] item: Leftovers
|-heal|p1a: Latias|9/100 par|[from] item: Leftovers
|upkeep
|turn|11
|
|move|p2a: MOST USED|Stealth Rock|p1a: Latias
|-sidestart|p1: Gh0st of Perdition|move: Stealth Rock
|move|p1a: Latias|Dragon Pulse|p2a: MOST USED
|-damage|p2a: MOST USED|15/100
|
|-heal|p2a: MOST USED|21/100|[from] item: Leftovers
|-heal|p1a: Latias|15/100 par|[from] item: Leftovers
|upkeep
|turn|12
|
|switch|p1a: Tyranitar|Tyranitar, F|100/100
|-damage|p1a: Tyranitar|88/100|[from] Stealth Rock
|-weather|Sandstorm|[from] ability: Sand Stream|[of] p1a: Tyranitar
|move|p2a: MOST USED|Hidden Power|p1a: Tyranitar
|-damage|p1a: Tyranitar|76/100
|
|-weather|Sandstorm|[upkeep]
|-heal|p2a: MOST USED|27/100|[from] item: Leftovers
|upkeep
|turn|13
|
|move|p1a: Tyranitar|Crunch|p2a: MOST USED
|-damage|p2a: MOST USED|0 fnt
|faint|p2a: MOST USED
|
|-weather|Sandstorm|[upkeep]
|upkeep
|
|switch|p2a: D'Artagnan|Keldeo|100/100
|-damage|p2a: D'Artagnan|94/100|[from] Stealth Rock
|turn|14
|
|switch|p1a: Latias|Latias, F|15/100 par
|-damage|p1a: Latias|2/100 par|[from] Stealth Rock
|move|p2a: D'Artagnan|Secret Sword|p1a: Latias
|-resisted|p1a: Latias
|-damage|p1a: Latias|0 fnt
|faint|p1a: Latias
|
|-weather|Sandstorm|[upkeep]
|-damage|p2a: D'Artagnan|88/100|[from] Sandstorm
|upkeep
|
|switch|p1a: Latios|Latios, M|100/100
|-damage|p1a: Latios|88/100|[from] Stealth Rock
|turn|15
|
|move|p1a: Latios|Draco Meteor|p2a: D'Artagnan|[miss]
|-miss|p1a: Latios|p2a: D'Artagnan
|move|p2a: D'Artagnan|Secret Sword|p1a: Latios
|-resisted|p1a: Latios
|-damage|p1a: Latios|42/100
|
|-weather|Sandstorm|[upkeep]
|-damage|p1a: Latios|36/100|[from] Sandstorm
|-damage|p2a: D'Artagnan|82/100|[from] Sandstorm
|upkeep
|turn|16
|
|move|p1a: Latios|Draco Meteor|p2a: D'Artagnan
|-damage|p2a: D'Artagnan|0 fnt
|-unboost|p1a: Latios|spa|2
|faint|p2a: D'Artagnan
|
|-weather|Sandstorm|[upkeep]
|-damage|p1a: Latios|30/100|[from] Sandstorm
|upkeep
|
|switch|p2a: OVERUSED|Rotom-Wash, shiny|94/100
|-damage|p2a: OVERUSED|82/100|[from] Stealth Rock
|turn|17
|
|move|p1a: Latios|Draco Meteor|p2a: OVERUSED
|-damage|p2a: OVERUSED|25/100
|-unboost|p1a: Latios|spa|2
|move|p2a: OVERUSED|Hydro Pump|p1a: Latios
|-resisted|p1a: Latios
|-damage|p1a: Latios|0 fnt
|faint|p1a: Latios
|
|-weather|Sandstorm|[upkeep]
|-damage|p2a: OVERUSED|19/100|[from] Sandstorm
|-heal|p2a: OVERUSED|25/100|[from] item: Leftovers
|upkeep
|
|switch|p1a: Ferrothorn|Ferrothorn, F|100/100
|-damage|p1a: Ferrothorn|95/100|[from] Stealth Rock
|turn|18
|
|move|p2a: OVERUSED|Hidden Power|p1a: Ferrothorn
|-supereffective|p1a: Ferrothorn
|-damage|p1a: Ferrothorn|10/100
|move|p1a: Ferrothorn|Power Whip|p2a: OVERUSED
|-supereffective|p2a: OVERUSED
|-damage|p2a: OVERUSED|0 fnt
|faint|p2a: OVERUSED
|
|win|Gh0st of Perdition
|l|☆Giovanna G
|c|☆Gh0st of Perdition|gg!
|raw|Gh0st of Perdition's rating: 1557 &rarr; <strong>1580</strong><br />(+23 for winning)
|raw|Giovanna G's rating: 1603 &rarr; <strong>1580</strong><br />(-23 for losing)
