|j|☆789pokefan
|j|☆fire eyes2
|player|p1|789pokefan|278|1340
|player|p2|fire eyes2|169|1305
|teamsize|p1|6
|teamsize|p2|6
|gametype|singles
|gen|5
|tier|[Gen 5] OU
|rated|
|clearpoke
|poke|p1|Politoed, M|item
|poke|p1|Garchomp, F|item
|poke|p1|Gyarados, M|item
|poke|p1|Latios, M|item
|poke|p1|Starmie|item
|poke|p1|Ferrothorn, F|item
|poke|p2|Tentacruel, M|item
|poke|p2|Heatran, F|item
|poke|p2|Landorus-Therian, M|item
|poke|p2|Abomasnow, F|item
|poke|p2|Kyurem|item
|poke|p2|Sableye, F|item
|rule|Species Clause: Limit one of each Pokémon
|rule|OHKO Clause: OHKO moves are banned
|rule|Moody Clause: Moody is banned
|rule|Evasion Moves Clause: Evasion moves are banned
|rule|Endless Battle Clause: Forcing endless battles is banned
|rule|HP Percentage Mod: HP is shown in percentages
|rule|Evasion Abilities Clause: Evasion abilities are banned
|rule|Baton Pass Clause: Limit one Baton Passer, can't pass Spe and other stats simultaneously
|rule|Sleep Clause: Sleep-inducing moves are banned
|rule|Swagger Clause: Swagger is banned
|teampreview
|inactive|Battle timer is ON: inactive players will automatically lose when time's up. (requested by 789pokefan)
|inactive|fire eyes2 has 120 seconds left.
|
|start
|switch|p1a: Politoed|Politoed, M|100/100
|switch|p2a: Abomasnow|Abomasnow, F|100/100
|-weather|RainDance|[from] ability: Drizzle|[of] p1a: Politoed
|-weather|Hail|[from] ability: Snow Warning|[of] p2a: Abomasnow
|turn|1
|
|switch|p1a: Ferrothorn|Ferrothorn, F|100/100
|switch|p2a: Sableye|Sableye, F|100/100
|
|-weather|Hail|[upkeep]
|-damage|p2a: Sableye|94/100|[from] Hail
|-damage|p1a: Ferrothorn|94/100|[from] Hail
|-heal|p2a: Sableye|100/100|[from] item: Leftovers
|-heal|p1a: Ferrothorn|100/100|[from] item: Leftovers
|upkeep
|turn|2
|
|move|p2a: Sableye|Will-O-Wisp|p1a: Ferrothorn
|-status|p1a: Ferrothorn|brn
|move|p1a: Ferrothorn|Stealth Rock|p2a: Sableye
|-sidestart|p2: fire eyes2|move: Stealth Rock
|
|-weather|Hail|[upkeep]
|-damage|p2a: Sableye|94/100|[from] Hail
|-damage|p1a: Ferrothorn|94/100 brn|[from] Hail
|-heal|p2a: Sableye|100/100|[from] item: Leftovers
|-heal|p1a: Ferrothorn|100/100 brn|[from] item: Leftovers
|-damage|p1a: Ferrothorn|88/100 brn|[from] brn
|upkeep
|turn|3
|
|move|p2a: Sableye|Night Shade|p1a: Ferrothorn
|-damage|p1a: Ferrothorn|60/100 brn
|move|p1a: Ferrothorn|Spikes|p2a: Sableye
|-sidestart|p2: fire eyes2|Spikes
|
|-weather|Hail|[upkeep]
|-damage|p2a: Sableye|94/100|[from] Hail
|-damage|p1a: Ferrothorn|53/100 brn|[from] Hail
|-heal|p2a: Sableye|100/100|[from] item: Leftovers
|-heal|p1a: Ferrothorn|60/100 brn|[from] item: Leftovers
|-damage|p1a: Ferrothorn|47/100 brn|[from] brn
|upkeep
|turn|4
|
|move|p2a: Sableye|Taunt|p1a: Ferrothorn
|-start|p1a: Ferrothorn|move: Taunt
|cant|p1a: Ferrothorn|move: Taunt|Leech Seed
|
|-weather|Hail|[upkeep]
|-damage|p2a: Sableye|94/100|[from] Hail
|-damage|p1a: Ferrothorn|41/100 brn|[from] Hail
|-heal|p2a: Sableye|100/100|[from] item: Leftovers
|-heal|p1a: Ferrothorn|47/100 brn|[from] item: Leftovers
|-damage|p1a: Ferrothorn|35/100 brn|[from] brn
|upkeep
|turn|5
|
|switch|p1a: Politoed|Politoed, M|100/100
|-weather|RainDance|[from] ability: Drizzle|[of] p1a: Politoed
|move|p2a: Sableye|Night Shade|p1a: Politoed
|-damage|p1a: Politoed|70/100
|
|-weather|RainDance|[upkeep]
|upkeep
|turn|6
|
|switch|p2a: Tentacruel|Tentacruel, M|100/100
|-damage|p2a: Tentacruel|88/100|[from] Spikes
|-damage|p2a: Tentacruel|76/100|[from] Stealth Rock
|move|p1a: Politoed|Hydro Pump|p2a: Tentacruel
|-resisted|p2a: Tentacruel
|-damage|p2a: Tentacruel|49/100
|
|-weather|RainDance|[upkeep]
|-heal|p2a: Tentacruel|55/100|[from] ability: Rain Dish
|-heal|p2a: Tentacruel|61/100|[from] item: Black Sludge
|upkeep
|turn|7
|inactive|fire eyes2 has 120 seconds left.
|inactive|fire eyes2 has 90 seconds left.
|
|switch|p1a: Latios|Latios, M|100/100
|move|p2a: Tentacruel|Rapid Spin|p1a: Latios
|-damage|p1a: Latios|96/100
|-sideend|p2: fire eyes2|Spikes|[from] move: Rapid Spin|[of] p2a: Tentacruel
|-sideend|p2: fire eyes2|Stealth Rock|[from] move: Rapid Spin|[of] p2a: Tentacruel
|
|-weather|RainDance|[upkeep]
|-heal|p2a: Tentacruel|67/100|[from] ability: Rain Dish
|-heal|p2a: Tentacruel|73/100|[from] item: Black Sludge
|upkeep
|turn|8
|
|move|p2a: Tentacruel|Protect|p2a: Tentacruel
|-singleturn|p2a: Tentacruel|Protect
|move|p1a: Latios|Psyshock|p2a: Tentacruel
|-activate|p2a: Tentacruel|move: Protect
|
|-weather|RainDance|[upkeep]
|-heal|p2a: Tentacruel|79/100|[from] ability: Rain Dish
|-heal|p2a: Tentacruel|85/100|[from] item: Black Sludge
|upkeep
|turn|9
|inactive|fire eyes2 has 90 seconds left.
|
|switch|p1a: Politoed|Politoed, M|70/100
|switch|p2a: Heatran|Heatran, F|100/100
|
|-weather|RainDance|[upkeep]
|upkeep
|turn|10
|
|switch|p2a: Tentacruel|Tentacruel, M|85/100
|move|p1a: Politoed|Scald|p2a: Tentacruel
|-resisted|p2a: Tentacruel
|-damage|p2a: Tentacruel|67/100
|
|-weather|RainDance|[upkeep]
|-heal|p2a: Tentacruel|73/100|[from] ability: Rain Dish
|-heal|p2a: Tentacruel|79/100|[from] item: Black Sludge
|upkeep
|turn|11
|inactive|fire eyes2 has 90 seconds left.
|
|switch|p1a: Latios|Latios, M|96/100
|move|p2a: Tentacruel|Toxic Spikes|p1a: Latios
|-sidestart|p1: 789pokefan|move: Toxic Spikes
|
|-weather|RainDance|[upkeep]
|-heal|p2a: Tentacruel|85/100|[from] ability: Rain Dish
|-heal|p2a: Tentacruel|91/100|[from] item: Black Sludge
|upkeep
|turn|12
|
|move|p2a: Tentacruel|Protect|p2a: Tentacruel
|-singleturn|p2a: Tentacruel|Protect
|move|p1a: Latios|Trick|p2a: Tentacruel
|-activate|p2a: Tentacruel|move: Protect
|
|-weather|RainDance|[upkeep]
|-heal|p2a: Tentacruel|97/100|[from] ability: Rain Dish
|-heal|p2a: Tentacruel|100/100|[from] item: Black Sludge
|upkeep
|turn|13
|inactive|fire eyes2 has 90 seconds left.
|
|move|p1a: Latios|Trick|p2a: Tentacruel
|-activate|p1a: Latios|move: Trick|[of] p2a: Tentacruel
|-item|p2a: Tentacruel|Choice Specs|[from] move: Trick
|-item|p1a: Latios|Black Sludge|[from] move: Trick
|move|p2a: Tentacruel|Scald|p1a: Latios
|-resisted|p1a: Latios
|-damage|p1a: Latios|70/100
|
|-weather|RainDance|[upkeep]
|-damage|p1a: Latios|58/100|[from] item: Black Sludge
|upkeep
|turn|14
|inactive|fire eyes2 has 90 seconds left.
|
|move|p1a: Latios|Psyshock|p2a: Tentacruel
|-supereffective|p2a: Tentacruel
|-damage|p2a: Tentacruel|10/100
|move|p2a: Tentacruel|Scald|p1a: Latios
|-resisted|p1a: Latios
|-damage|p1a: Latios|34/100
|
|-weather|RainDance|[upkeep]
|-heal|p2a: Tentacruel|16/100|[from] ability: Rain Dish
|-damage|p1a: Latios|22/100|[from] item: Black Sludge
|upkeep
|turn|15
|
|move|p1a: Latios|Psyshock|p2a: Tentacruel
|-supereffective|p2a: Tentacruel
|-damage|p2a: Tentacruel|0 fnt
|faint|p2a: Tentacruel
|
|-weather|RainDance|[upkeep]
|-damage|p1a: Latios|9/100|[from] item: Black Sludge
|upkeep
|
|switch|p2a: Landorus|Landorus-Therian, M|100/100
|-ability|p2a: Landorus|Intimidate|boost
|-unboost|p1a: Latios|atk|1
|turn|16
|
|move|p2a: Landorus|U-turn|p1a: Latios
|-supereffective|p1a: Latios
|-damage|p1a: Latios|0 fnt
|faint|p1a: Latios
|
|switch|p2a: Abomasnow|Abomasnow, F|100/100|[from]move: U-turn
|-weather|Hail|[from] ability: Snow Warning|[of] p2a: Abomasnow
|
|-weather|Hail|[upkeep]
|upkeep
|
|switch|p1a: Politoed|Politoed, M|70/100
|-status|p1a: Politoed|psn
|-weather|RainDance|[from] ability: Drizzle|[of] p1a: Politoed
|turn|17
|inactive|fire eyes2 has 90 seconds left.
|
|switch|p1a: Ferrothorn|Ferrothorn, F|35/100 brn
|switch|p2a: Sableye|Sableye, F|100/100
|
|-weather|RainDance|[upkeep]
|-heal|p1a: Ferrothorn|41/100 brn|[from] item: Leftovers
|-damage|p1a: Ferrothorn|28/100 brn|[from] brn
|upkeep
|turn|18
|
|switch|p1a: Starmie|Starmie|100/100
|-status|p1a: Starmie|psn
|move|p2a: Sableye|Taunt|p1a: Starmie
|-start|p1a: Starmie|move: Taunt
|
|-weather|RainDance|[upkeep]
|-damage|p1a: Starmie|88/100 psn|[from] psn
|upkeep
|turn|19
|
|switch|p2a: Abomasnow|Abomasnow, F|100/100
|-weather|Hail|[from] ability: Snow Warning|[of] p2a: Abomasnow
|move|p1a: Starmie|Hydro Pump|p2a: Abomasnow
|-resisted|p2a: Abomasnow
|-damage|p2a: Abomasnow|71/100
|-damage|p1a: Starmie|78/100 psn|[from] item: Life Orb
|
|-weather|Hail|[upkeep]
|-damage|p1a: Starmie|72/100 psn|[from] Hail
|-heal|p2a: Abomasnow|77/100|[from] item: Leftovers
|-damage|p1a: Starmie|60/100 psn|[from] psn
|upkeep
|turn|20
|
|switch|p2a: Sableye|Sableye, F|100/100
|move|p1a: Starmie|Rapid Spin|p2a: Sableye
|-immune|p2a: Sableye
|
|-weather|Hail|[upkeep]
|-damage|p1a: Starmie|54/100 psn|[from] Hail
|-damage|p2a: Sableye|94/100|[from] Hail
|-heal|p2a: Sableye|100/100|[from] item: Leftovers
|-damage|p1a: Starmie|42/100 psn|[from] psn
|-end|p1a: Starmie|move: Taunt
|upkeep
|turn|21
|
|switch|p1a: Politoed|Politoed, M|70/100 psn
|-weather|RainDance|[from] ability: Drizzle|[of] p1a: Politoed
|move|p2a: Sableye|Night Shade|p1a: Politoed
|-damage|p1a: Politoed|39/100 psn
|
|-weather|RainDance|[upkeep]
|-damage|p1a: Politoed|26/100 psn|[from] psn
|upkeep
|turn|22
|inactive|fire eyes2 has 120 seconds left.
|
|switch|p1a: Gyarados|Gyarados, M|100/100
|-ability|p1a: Gyarados|Intimidate|boost
|-unboost|p2a: Sableye|atk|1
|move|p2a: Sableye|Night Shade|p1a: Gyarados
|-damage|p1a: Gyarados|71/100
|
|-weather|RainDance|[upkeep]
|-heal|p1a: Gyarados|77/100|[from] item: Leftovers
|upkeep
|turn|23
|
|switch|p1a: Ferrothorn|Ferrothorn, F|28/100 brn
|move|p2a: Sableye|Will-O-Wisp|p1a: Ferrothorn
|-fail|p1a: Ferrothorn|brn
|
|-weather|RainDance|[upkeep]
|-heal|p1a: Ferrothorn|35/100 brn|[from] item: Leftovers
|-damage|p1a: Ferrothorn|22/100 brn|[from] brn
|upkeep
|turn|24
|inactive|fire eyes2 has 120 seconds left.
|inactive|fire eyes2 has 90 seconds left.
|
|move|p2a: Sableye|Night Shade|p1a: Ferrothorn
|-damage|p1a: Ferrothorn|0 fnt
|faint|p1a: Ferrothorn
|
|-weather|RainDance|[upkeep]
|upkeep
|
|switch|p1a: Politoed|Politoed, M|26/100 psn
|turn|25
|
|switch|p2a: Abomasnow|Abomasnow, F|77/100
|-weather|Hail|[from] ability: Snow Warning|[of] p2a: Abomasnow
|move|p1a: Politoed|Encore||[still]
|-fail|p1a: Politoed
|
|-weather|Hail|[upkeep]
|-damage|p1a: Politoed|20/100 psn|[from] Hail
|-heal|p2a: Abomasnow|83/100|[from] item: Leftovers
|-damage|p1a: Politoed|8/100 psn|[from] psn
|upkeep
|turn|26
|
|switch|p1a: Starmie|Starmie|42/100 psn
|move|p2a: Abomasnow|Blizzard|p1a: Starmie
|-resisted|p1a: Starmie
|-damage|p1a: Starmie|12/100 psn
|
|-weather|Hail|[upkeep]
|-damage|p1a: Starmie|6/100 psn|[from] Hail
|-heal|p2a: Abomasnow|89/100|[from] item: Leftovers
|-damage|p1a: Starmie|0 fnt|[from] psn
|faint|p1a: Starmie
|upkeep
|
|switch|p1a: Politoed|Politoed, M|8/100 psn
|-weather|RainDance|[from] ability: Drizzle|[of] p1a: Politoed
|turn|27
|
|move|p2a: Abomasnow|Ice Shard|p1a: Politoed
|-resisted|p1a: Politoed
|-damage|p1a: Politoed|0 fnt
|faint|p1a: Politoed
|
|-weather|RainDance|[upkeep]
|-heal|p2a: Abomasnow|95/100|[from] item: Leftovers
|upkeep
|
|switch|p1a: Gyarados|Gyarados, M|77/100
|-ability|p1a: Gyarados|Intimidate|boost
|-unboost|p2a: Abomasnow|atk|1
|turn|28
|
|switch|p2a: Landorus|Landorus-Therian, M|100/100
|-ability|p2a: Landorus|Intimidate|boost
|-unboost|p1a: Gyarados|atk|1
|move|p1a: Gyarados|Substitute|p1a: Gyarados
|-start|p1a: Gyarados|Substitute
|-damage|p1a: Gyarados|52/100
|
|-weather|RainDance|[upkeep]
|-heal|p1a: Gyarados|59/100|[from] item: Leftovers
|upkeep
|turn|29
|
|move|p2a: Landorus|Stone Edge|p1a: Gyarados
|-supereffective|p1a: Gyarados
|-crit|p1a: Gyarados
|-end|p1a: Gyarados|Substitute
|move|p1a: Gyarados|Dragon Dance|p1a: Gyarados
|-boost|p1a: Gyarados|atk|1
|-boost|p1a: Gyarados|spe|1
|
|-weather|RainDance|[upkeep]
|-heal|p1a: Gyarados|65/100|[from] item: Leftovers
|upkeep
|turn|30
|
|move|p2a: Landorus|Stone Edge|p1a: Gyarados
|-supereffective|p1a: Gyarados
|-damage|p1a: Gyarados|0 fnt
|faint|p1a: Gyarados
|
|-weather|RainDance|[upkeep]
|upkeep
|
|switch|p1a: Garchomp|Garchomp, F|100/100
|-status|p1a: Garchomp|psn
|turn|31
|inactive|fire eyes2 has 120 seconds left.
|
|switch|p2a: Abomasnow|Abomasnow, F|95/100
|-weather|Hail|[from] ability: Snow Warning|[of] p2a: Abomasnow
|move|p1a: Garchomp|Swords Dance|p1a: Garchomp
|-boost|p1a: Garchomp|atk|2
|
|-weather|Hail|[upkeep]
|-damage|p1a: Garchomp|94/100 psn|[from] Hail
|-heal|p2a: Abomasnow|100/100|[from] item: Leftovers
|-damage|p1a: Garchomp|82/100 psn|[from] psn
|upkeep
|turn|32
|inactive|fire eyes2 has 120 seconds left.
|c|☆fire eyes2|gg?
|
|move|p2a: Abomasnow|Ice Shard|p1a: Garchomp
|-supereffective|p1a: Garchomp
|-enditem|p1a: Garchomp|Yache Berry|[eat]
|-enditem|p1a: Garchomp|Yache Berry|[weaken]
|-damage|p1a: Garchomp|56/100 psn
|move|p1a: Garchomp|Outrage|p2a: Abomasnow
|-damage|p2a: Abomasnow|0 fnt
|faint|p2a: Abomasnow
|
|-weather|Hail|[upkeep]
|-damage|p1a: Garchomp|50/100 psn|[from] Hail
|-damage|p1a: Garchomp|38/100 psn|[from] psn
|upkeep
|
|switch|p2a: Landorus|Landorus-Therian, M|100/100
|-ability|p2a: Landorus|Intimidate|boost
|-unboost|p1a: Garchomp|atk|1
|turn|33
|
|move|p2a: Landorus|Explosion|p1a: Garchomp
|-damage|p1a: Garchomp|0 fnt
|faint|p2a: Landorus
|faint|p1a: Garchomp
|
|win|fire eyes2
|c|☆789pokefan|pgg
|l|☆789pokefan
|raw|789pokefan's rating: 1341 &rarr; <strong>1319</strong><br />(-22 for losing)
|raw|fire eyes2's rating: 1305 &rarr; <strong>1327</strong><br />(+22 for winning)
