|j|‽Yung Girl Lillie
|j|☆LaxativeCement
|t:|1596206087
|player|p1|Yung Girl Lillie|lillie|1418
|player|p2|LaxativeCement|lucas|1286
|teamsize|p1|6
|teamsize|p2|6
|gametype|singles
|gen|5
|tier|[Gen 5] OU
|rated|
|clearpoke
|poke|p1|Aerodactyl, F|item
|poke|p1|Chandelure, M|item
|poke|p1|Hitmonlee, M|item
|poke|p1|Alakazam, F|item
|poke|p1|Crawdaunt, M|item
|poke|p1|Escavalier, F|item
|poke|p2|Politoed, M|item
|poke|p2|Keldeo|item
|poke|p2|Scizor, F|item
|poke|p2|Thundurus-Therian, M|item
|poke|p2|Starmie|item
|poke|p2|Breloom, F|item
|rule|Species Clause: Limit one of each Pokémon
|rule|OHKO Clause: OHKO moves are banned
|rule|Moody Clause: Moody is banned
|rule|Evasion Moves Clause: Evasion moves are banned
|rule|Endless Battle Clause: Forcing endless battles is banned
|rule|HP Percentage Mod: HP is shown in percentages
|rule|Evasion Abilities Clause: Evasion abilities are banned
|rule|Baton Pass Clause: Limit one Baton Passer, can't pass Spe and other stats simultaneously
|rule|Sleep Clause: Sleep-inducing moves are banned
|rule|Swagger Clause: Swagger is banned
|teampreview
|inactive|Battle timer is ON: inactive players will automatically lose when time's up. (requested by LaxativeCement)
|
|t:|1596206097
|start
|switch|p1a: Aerodactyl|Aerodactyl, F|100/100
|switch|p2a: Drizzy|Politoed, M|100/100
|-ability|p1a: Aerodactyl|Pressure
|-weather|RainDance|[from] ability: Drizzle|[of] p2a: Drizzy
|turn|1
|
|t:|1596206115
|move|p1a: Aerodactyl|Stealth Rock|p2a: Drizzy
|-sidestart|p2: LaxativeCement|move: Stealth Rock
|move|p2a: Drizzy|Surf|p1a: Aerodactyl
|-supereffective|p1a: Aerodactyl
|-enditem|p1a: Aerodactyl|Focus Sash
|-damage|p1a: Aerodactyl|1/100
|
|-weather|RainDance|[upkeep]
|upkeep
|turn|2
|
|t:|1596206121
|move|p1a: Aerodactyl|Stone Edge|p2a: Drizzy
|-damage|p2a: Drizzy|50/100
|move|p2a: Drizzy|Surf|p1a: Aerodactyl
|-supereffective|p1a: Aerodactyl
|-damage|p1a: Aerodactyl|0 fnt
|faint|p1a: Aerodactyl
|
|-weather|RainDance|[upkeep]
|upkeep
|
|t:|1596206125
|switch|p1a: Alakazam|Alakazam, F|100/100
|turn|3
|
|t:|1596206130
|move|p1a: Alakazam|Psyshock|p2a: Drizzy
|-damage|p2a: Drizzy|1/100
|move|p2a: Drizzy|Surf|p1a: Alakazam
|-enditem|p1a: Alakazam|Focus Sash
|-damage|p1a: Alakazam|1/100
|
|-weather|RainDance|[upkeep]
|upkeep
|turn|4
|
|t:|1596206137
|move|p1a: Alakazam|Psyshock|p2a: Drizzy
|-damage|p2a: Drizzy|0 fnt
|faint|p2a: Drizzy
|
|-weather|RainDance|[upkeep]
|upkeep
|
|t:|1596206142
|switch|p2a: Edward|Scizor, F|100/100
|-damage|p2a: Edward|88/100|[from] Stealth Rock
|turn|5
|
|t:|1596206147
|switch|p1a: Chandelure|Chandelure, M|100/100
|move|p2a: Edward|Bullet Punch|p1a: Chandelure
|-resisted|p1a: Chandelure
|-damage|p1a: Chandelure|77/100
|
|-weather|RainDance|[upkeep]
|-heal|p2a: Edward|94/100|[from] item: Leftovers
|upkeep
|turn|6
|inactive|LaxativeCement has 120 seconds left.
|
|t:|1596206183
|switch|p2a: blunder|Thundurus-Therian, M|100/100
|-damage|p2a: blunder|76/100|[from] Stealth Rock
|move|p1a: Chandelure|Shadow Ball|p2a: blunder
|-damage|p2a: blunder|0 fnt
|faint|p2a: blunder
|
|-weather|RainDance|[upkeep]
|upkeep
|
|t:|1596206188
|switch|p2a: Patrick|Starmie|100/100
|-damage|p2a: Patrick|88/100|[from] Stealth Rock
|turn|7
|
|t:|1596206199
|move|p2a: Patrick|Surf|p1a: Chandelure
|-supereffective|p1a: Chandelure
|-damage|p1a: Chandelure|0 fnt
|faint|p1a: Chandelure
|
|-weather|RainDance|[upkeep]
|-heal|p2a: Patrick|94/100|[from] item: Leftovers
|upkeep
|
|t:|1596206201
|switch|p1a: Escavalier|Escavalier, F|100/100
|turn|8
|
|t:|1596206207
|move|p2a: Patrick|Rapid Spin|p1a: Escavalier
|-resisted|p1a: Escavalier
|-damage|p1a: Escavalier|99/100
|-sideend|p2: LaxativeCement|Stealth Rock|[from] move: Rapid Spin|[of] p2a: Patrick
|move|p1a: Escavalier|Megahorn|p2a: Patrick
|-supereffective|p2a: Patrick
|-damage|p2a: Patrick|0 fnt
|faint|p2a: Patrick
|
|-weather|RainDance|[upkeep]
|upkeep
|
|t:|1596206219
|switch|p2a: LOOMINATI|Breloom, F|100/100
|turn|9
|
|t:|1596206223
|move|p2a: LOOMINATI|Low Sweep|p1a: Escavalier
|-damage|p1a: Escavalier|41/100
|-unboost|p1a: Escavalier|spe|1
|-damage|p2a: LOOMINATI|91/100|[from] item: Life Orb
|move|p1a: Escavalier|Megahorn|p2a: LOOMINATI
|-damage|p2a: LOOMINATI|0 fnt
|faint|p2a: LOOMINATI
|
|-weather|RainDance|[upkeep]
|upkeep
|
|t:|1596206234
|switch|p2a: Lil Nas X|Keldeo|100/100
|turn|10
|inactive|Yung Girl Lillie has 120 seconds left.
|
|t:|1596206287
|move|p2a: Lil Nas X|Surf|p1a: Escavalier
|-damage|p1a: Escavalier|0 fnt
|faint|p1a: Escavalier
|
|-weather|RainDance|[upkeep]
|upkeep
|
|t:|1596206289
|switch|p1a: Hitmonlee|Hitmonlee, M|100/100
|turn|11
|
|t:|1596206294
|move|p1a: Hitmonlee|Close Combat|p2a: Lil Nas X
|-damage|p2a: Lil Nas X|31/100
|-unboost|p1a: Hitmonlee|def|1
|-unboost|p1a: Hitmonlee|spd|1
|move|p2a: Lil Nas X|Surf|p1a: Hitmonlee
|-damage|p1a: Hitmonlee|0 fnt
|faint|p1a: Hitmonlee
|
|-weather|RainDance|[upkeep]
|-heal|p2a: Lil Nas X|37/100|[from] item: Leftovers
|upkeep
|
|t:|1596206297
|switch|p1a: Alakazam|Alakazam, F|1/100
|turn|12
|
|t:|1596206303
|move|p1a: Alakazam|Psyshock|p2a: Lil Nas X
|-supereffective|p2a: Lil Nas X
|-damage|p2a: Lil Nas X|0 fnt
|faint|p2a: Lil Nas X
|
|-weather|RainDance|[upkeep]
|upkeep
|
|t:|1596206305
|switch|p2a: Edward|Scizor, F|94/100
|turn|13
|
|t:|1596206308
|move|p2a: Edward|Bullet Punch|p1a: Alakazam
|-damage|p1a: Alakazam|0 fnt
|faint|p1a: Alakazam
|
|-weather|RainDance|[upkeep]
|-heal|p2a: Edward|99/100|[from] item: Leftovers
|upkeep
|
|t:|1596206310
|switch|p1a: Crawdaunt|Crawdaunt, M|100/100
|turn|14
|
|t:|1596206313
|move|p2a: Edward|Bug Bite|p1a: Crawdaunt
|-supereffective|p1a: Crawdaunt
|-damage|p1a: Crawdaunt|0 fnt
|-enditem|p1a: Crawdaunt|Lum Berry|[from] stealeat|[move] Bug Bite|[of] p2a: Edward
|faint|p1a: Crawdaunt
|
|win|LaxativeCement
|c|☆LaxativeCement|gg
|l|‽Yung Girl Lillie
|raw|Yung Girl Lillie's rating: 1437 &rarr; <strong>1409</strong><br />(-28 for losing)
|raw|LaxativeCement's rating: 1286 &rarr; <strong>1322</strong><br />(+36 for winning)
