|j|☆PEASTARS
|j|☆Blossummm
|t:|1714969955
|gametype|singles
|player|p1|PEASTARS|plasmagrunt|1334
|player|p2|Blossummm|roxie|1434
|teamsize|p1|6
|teamsize|p2|6
|gen|5
|tier|[Gen 5] OU
|rated|
|rule|Species Clause: Limit one of each Pokémon
|rule|OHKO Clause: OHKO moves are banned
|rule|Moody Clause: Moody is banned
|rule|Evasion Items Clause: Evasion items are banned
|rule|Evasion Moves Clause: Evasion moves are banned
|rule|Endless Battle Clause: Forcing endless battles is banned
|rule|HP Percentage Mod: HP is shown in percentages
|rule|Evasion Abilities Clause: Evasion abilities are banned
|rule|Sleep Moves Clause: Sleep-inducing moves are banned
|rule|Swagger Clause: Swagger is banned
|rule|Baton Pass Stat Clause: No Baton Passer may have a way to boost its stats
|clearpoke
|poke|p1|Thundurus-Therian, M|item
|poke|p1|Tentacruel, M|item
|poke|p1|Ferrothorn, F|item
|poke|p1|Latios, M|item
|poke|p1|Keldeo|item
|poke|p1|Politoed, M|item
|poke|p2|Tyranitar, F|item
|poke|p2|Alakazam, F|item
|poke|p2|Latios, M|item
|poke|p2|Ferrothorn, F|item
|poke|p2|Keldeo|item
|poke|p2|Landorus-Therian, M|item
|teampreview
|inactive|Battle timer is ON: inactive players will automatically lose when time's up. (requested by Blossummm)
|inactive|Blossummm has 120 seconds left.
|
|t:|1714970008
|start
|switch|p1a: Keldeo|Keldeo|100/100
|switch|p2a: Ferrothorn|Ferrothorn, F|100/100
|turn|1
|j| bwcbestbytest
|inactive|Blossummm has 120 seconds left.
|
|t:|1714970045
|switch|p2a: Landorus|Landorus-Therian, M|100/100
|-ability|p2a: Landorus|Intimidate|boost
|-unboost|p1a: Keldeo|atk|1
|move|p1a: Keldeo|Secret Sword|p2a: Landorus
|-resisted|p2a: Landorus
|-damage|p2a: Landorus|79/100
|
|-heal|p2a: Landorus|85/100|[from] item: Leftovers
|upkeep
|turn|2
|inactive|Blossummm has 120 seconds left.
|
|t:|1714970055
|switch|p1a: Ferrothorn|Ferrothorn, F|100/100
|switch|p2a: Keldeo|Keldeo|100/100
|
|upkeep
|turn|3
|inactive|Blossummm has 120 seconds left.
|
|t:|1714970071
|switch|p1a: Tentacruel|Tentacruel, M|100/100
|move|p2a: Keldeo|Secret Sword|p1a: Tentacruel
|-resisted|p1a: Tentacruel
|-damage|p1a: Tentacruel|74/100
|
|-heal|p1a: Tentacruel|80/100|[from] item: Black Sludge
|upkeep
|turn|4
|inactive|Blossummm has 120 seconds left.
|
|t:|1714970084
|switch|p2a: Ferrothorn|Ferrothorn, F|100/100
|move|p1a: Tentacruel|Scald|p2a: Ferrothorn
|-resisted|p2a: Ferrothorn
|-damage|p2a: Ferrothorn|93/100
|-status|p2a: Ferrothorn|brn
|-enditem|p2a: Ferrothorn|Lum Berry|[eat]
|-curestatus|p2a: Ferrothorn|brn|[msg]
|
|-heal|p1a: Tentacruel|86/100|[from] item: Black Sludge
|upkeep
|turn|5
|inactive|Blossummm has 120 seconds left.
|
|t:|1714970112
|switch|p1a: Thundurus|Thundurus-Therian, M|100/100
|move|p2a: Ferrothorn|Knock Off|p1a: Thundurus
|-damage|p1a: Thundurus|95/100
|-enditem|p1a: Thundurus|Leftovers|[from] move: Knock Off|[of] p2a: Ferrothorn
|
|upkeep
|turn|6
|inactive|Blossummm has 120 seconds left.
|inactive|Blossummm has 90 seconds left.
|
|t:|1714970163
|switch|p2a: Landorus|Landorus-Therian, M|85/100
|-ability|p2a: Landorus|Intimidate|boost
|-unboost|p1a: Thundurus|atk|1
|move|p1a: Thundurus|Substitute|p1a: Thundurus
|-start|p1a: Thundurus|Substitute
|-damage|p1a: Thundurus|70/100
|
|-heal|p2a: Landorus|91/100|[from] item: Leftovers
|upkeep
|turn|7
|
|t:|1714970184
|switch|p2a: Tyranitar|Tyranitar, F, shiny|100/100
|-weather|Sandstorm|[from] ability: Sand Stream|[of] p2a: Tyranitar
|move|p1a: Thundurus|Hidden Power|p2a: Tyranitar
|-damage|p2a: Tyranitar|89/100
|
|-weather|Sandstorm|[upkeep]
|-damage|p1a: Thundurus|64/100|[from] Sandstorm
|upkeep
|turn|8
|l| bwcbestbytest
|j| bwcbestbytest
|inactive|Blossummm has 60 seconds left.
|
|t:|1714970216
|switch|p2a: Latios|Latios, M|100/100
|move|p1a: Thundurus|Focus Blast|p2a: Latios
|-resisted|p2a: Latios
|-damage|p2a: Latios|78/100
|-unboost|p2a: Latios|spd|1
|
|-weather|Sandstorm|[upkeep]
|-damage|p2a: Latios|72/100|[from] Sandstorm
|-damage|p1a: Thundurus|58/100|[from] Sandstorm
|upkeep
|turn|9
|
|t:|1714970229
|move|p2a: Latios|Dragon Pulse|p1a: Thundurus
|-end|p1a: Thundurus|Substitute
|move|p1a: Thundurus|Thunder|p2a: Latios|[miss]
|-miss|p1a: Thundurus|p2a: Latios
|
|-weather|Sandstorm|[upkeep]
|-damage|p2a: Latios|66/100|[from] Sandstorm
|-damage|p1a: Thundurus|52/100|[from] Sandstorm
|upkeep
|turn|10
|
|t:|1714970235
|switch|p1a: Ferrothorn|Ferrothorn, F|100/100
|move|p2a: Latios|Dragon Pulse|p1a: Ferrothorn
|-resisted|p1a: Ferrothorn
|-damage|p1a: Ferrothorn|85/100
|
|-weather|Sandstorm|[upkeep]
|-damage|p2a: Latios|60/100|[from] Sandstorm
|-heal|p1a: Ferrothorn|91/100|[from] item: Leftovers
|upkeep
|turn|11
|inactive|Blossummm has 60 seconds left.
|
|t:|1714970251
|switch|p2a: Landorus|Landorus-Therian, M|91/100
|-ability|p2a: Landorus|Intimidate|boost
|-unboost|p1a: Ferrothorn|atk|1
|move|p1a: Ferrothorn|Stealth Rock|p2a: Landorus
|-sidestart|p2: Blossummm|move: Stealth Rock
|
|-weather|Sandstorm|[upkeep]
|-heal|p2a: Landorus|98/100|[from] item: Leftovers
|-heal|p1a: Ferrothorn|98/100|[from] item: Leftovers
|upkeep
|turn|12
|
|t:|1714970258
|switch|p1a: Thundurus|Thundurus-Therian, M|52/100
|move|p2a: Landorus|Stealth Rock|p1a: Thundurus
|-sidestart|p1: PEASTARS|move: Stealth Rock
|
|-weather|Sandstorm|[upkeep]
|-damage|p1a: Thundurus|45/100|[from] Sandstorm
|-heal|p2a: Landorus|100/100|[from] item: Leftovers
|upkeep
|turn|13
|l| bwcbestbytest
|inactive|Blossummm has 60 seconds left.
|j| bwcbestbytest
|
|t:|1714970295
|switch|p2a: Keldeo|Keldeo|100/100
|-damage|p2a: Keldeo|94/100|[from] Stealth Rock
|move|p1a: Thundurus|Hidden Power|p2a: Keldeo
|-resisted|p2a: Keldeo
|-crit|p2a: Keldeo
|-damage|p2a: Keldeo|65/100
|
|-weather|Sandstorm|[upkeep]
|-damage|p2a: Keldeo|58/100|[from] Sandstorm
|-damage|p1a: Thundurus|39/100|[from] Sandstorm
|-heal|p2a: Keldeo|65/100|[from] item: Leftovers
|upkeep
|turn|14
|
|t:|1714970305
|move|p2a: Keldeo|Scald|p1a: Thundurus
|-crit|p1a: Thundurus
|-damage|p1a: Thundurus|0 fnt
|faint|p1a: Thundurus
|
|-weather|Sandstorm|[upkeep]
|-damage|p2a: Keldeo|58/100|[from] Sandstorm
|-heal|p2a: Keldeo|65/100|[from] item: Leftovers
|upkeep
|
|t:|1714970314
|switch|p1a: Politoed|Politoed, M|100/100
|-damage|p1a: Politoed|88/100|[from] Stealth Rock
|-weather|RainDance|[from] ability: Drizzle|[of] p1a: Politoed
|turn|15
|inactive|Blossummm has 60 seconds left.
|
|t:|1714970322
|move|p2a: Keldeo|Hidden Power|p1a: Politoed
|-supereffective|p1a: Politoed
|-damage|p1a: Politoed|56/100
|move|p1a: Politoed|Toxic|p2a: Keldeo
|-status|p2a: Keldeo|tox
|
|-weather|RainDance|[upkeep]
|-heal|p2a: Keldeo|71/100 tox|[from] item: Leftovers
|-heal|p1a: Politoed|62/100|[from] item: Leftovers
|-damage|p2a: Keldeo|65/100 tox|[from] psn
|upkeep
|turn|16
|inactive|Blossummm has 60 seconds left.
|
|t:|1714970338
|switch|p2a: Ferrothorn|Ferrothorn, F|93/100
|-damage|p2a: Ferrothorn|87/100|[from] Stealth Rock
|switch|p1a: Tentacruel|Tentacruel, M|86/100
|-damage|p1a: Tentacruel|74/100|[from] Stealth Rock
|
|-weather|RainDance|[upkeep]
|-heal|p1a: Tentacruel|80/100|[from] ability: Rain Dish
|-heal|p1a: Tentacruel|86/100|[from] item: Black Sludge
|upkeep
|turn|17
|inactive|Blossummm has 60 seconds left.
|
|t:|1714970353
|move|p1a: Tentacruel|Rapid Spin|p2a: Ferrothorn
|-resisted|p2a: Ferrothorn
|-damage|p2a: Ferrothorn|86/100
|-damage|p1a: Tentacruel|74/100|[from] ability: Iron Barbs|[of] p2a: Ferrothorn
|-sideend|p1: PEASTARS|Stealth Rock|[from] move: Rapid Spin|[of] p1a: Tentacruel
|move|p2a: Ferrothorn|Knock Off|p1a: Tentacruel
|-damage|p1a: Tentacruel|69/100
|-enditem|p1a: Tentacruel|Black Sludge|[from] move: Knock Off|[of] p2a: Ferrothorn
|
|-weather|RainDance|[upkeep]
|-heal|p1a: Tentacruel|75/100|[from] ability: Rain Dish
|upkeep
|turn|18
|inactive|Blossummm has 60 seconds left.
|
|t:|1714970358
|move|p1a: Tentacruel|Scald|p2a: Ferrothorn
|-resisted|p2a: Ferrothorn
|-damage|p2a: Ferrothorn|74/100
|-status|p2a: Ferrothorn|brn
|move|p2a: Ferrothorn|Power Whip|p1a: Tentacruel
|-damage|p1a: Tentacruel|51/100
|
|-weather|RainDance|[upkeep]
|-heal|p1a: Tentacruel|58/100|[from] ability: Rain Dish
|-damage|p2a: Ferrothorn|62/100 brn|[from] brn
|upkeep
|turn|19
|inactive|Blossummm has 60 seconds left.
|
|t:|1714970382
|move|p1a: Tentacruel|Scald|p2a: Ferrothorn
|-resisted|p2a: Ferrothorn
|-damage|p2a: Ferrothorn|51/100 brn
|move|p2a: Ferrothorn|Power Whip|p1a: Tentacruel|[miss]
|-miss|p2a: Ferrothorn|p1a: Tentacruel
|
|-weather|RainDance|[upkeep]
|-heal|p1a: Tentacruel|64/100|[from] ability: Rain Dish
|-damage|p2a: Ferrothorn|39/100 brn|[from] brn
|upkeep
|turn|20
|
|t:|1714970391
|move|p1a: Tentacruel|Protect|p1a: Tentacruel
|-singleturn|p1a: Tentacruel|Protect
|move|p2a: Ferrothorn|Spikes|p1a: Tentacruel
|-sidestart|p1: PEASTARS|Spikes
|
|-weather|RainDance|[upkeep]
|-heal|p1a: Tentacruel|70/100|[from] ability: Rain Dish
|-damage|p2a: Ferrothorn|27/100 brn|[from] brn
|upkeep
|turn|21
|inactive|Blossummm has 60 seconds left.
|
|t:|1714970403
|switch|p2a: Landorus|Landorus-Therian, M|100/100
|-damage|p2a: Landorus|88/100|[from] Stealth Rock
|-ability|p2a: Landorus|Intimidate|boost
|-unboost|p1a: Tentacruel|atk|1
|move|p1a: Tentacruel|Rapid Spin|p2a: Landorus
|-damage|p2a: Landorus|86/100
|-sideend|p1: PEASTARS|Spikes|[from] move: Rapid Spin|[of] p1a: Tentacruel
|
|-weather|RainDance|[upkeep]
|-heal|p1a: Tentacruel|76/100|[from] ability: Rain Dish
|-heal|p2a: Landorus|92/100|[from] item: Leftovers
|upkeep
|turn|22
|inactive|Blossummm has 60 seconds left.
|
|t:|1714970415
|move|p1a: Tentacruel|Protect|p1a: Tentacruel
|-singleturn|p1a: Tentacruel|Protect
|move|p2a: Landorus|Earthquake|p1a: Tentacruel
|-activate|p1a: Tentacruel|move: Protect
|
|-weather|RainDance|[upkeep]
|-heal|p1a: Tentacruel|82/100|[from] ability: Rain Dish
|-heal|p2a: Landorus|98/100|[from] item: Leftovers
|upkeep
|turn|23
|l| bwcbestbytest
|inactive|Blossummm has 60 seconds left.
|
|t:|1714970439
|switch|p1a: Ferrothorn|Ferrothorn, F|98/100
|move|p2a: Landorus|Earthquake|p1a: Ferrothorn
|-damage|p1a: Ferrothorn|63/100
|
|-weather|RainDance|[upkeep]
|-heal|p2a: Landorus|100/100|[from] item: Leftovers
|-heal|p1a: Ferrothorn|70/100|[from] item: Leftovers
|upkeep
|turn|24
|
|t:|1714970455
|move|p2a: Landorus|Stealth Rock|p1a: Ferrothorn
|-sidestart|p1: PEASTARS|move: Stealth Rock
|move|p1a: Ferrothorn|Knock Off|p2a: Landorus
|-damage|p2a: Landorus|96/100
|-enditem|p2a: Landorus|Leftovers|[from] move: Knock Off|[of] p1a: Ferrothorn
|
|-weather|RainDance|[upkeep]
|-heal|p1a: Ferrothorn|76/100|[from] item: Leftovers
|upkeep
|turn|25
|
|t:|1714970472
|move|p2a: Landorus|U-turn|p1a: Ferrothorn
|-damage|p1a: Ferrothorn|60/100
|-damage|p2a: Landorus|84/100|[from] ability: Iron Barbs|[of] p1a: Ferrothorn
|j| bwcbestbytest
|inactive|Blossummm has 30 seconds left.
|inactive|Blossummm has 20 seconds left.
|l| bwcbestbytest
|inactive|Blossummm has 15 seconds left.
|inactive|Blossummm has 10 seconds left.
|j| bwcbestbytest
|inactive|Blossummm has 5 seconds left.
|
|t:|1714970518
|switch|p2a: Tyranitar|Tyranitar, F, shiny|89/100|[from] U-turn
|-damage|p2a: Tyranitar|76/100|[from] Stealth Rock
|-weather|Sandstorm|[from] ability: Sand Stream|[of] p2a: Tyranitar
|move|p1a: Ferrothorn|Power Whip|p2a: Tyranitar|[miss]
|-miss|p1a: Ferrothorn|p2a: Tyranitar
|
|-weather|Sandstorm|[upkeep]
|-heal|p1a: Ferrothorn|66/100|[from] item: Leftovers
|upkeep
|turn|26
|inactive|Blossummm has 15 seconds left this turn.
|inactive|Blossummm has 10 seconds left.
|
|t:|1714970540
|move|p2a: Tyranitar|Thunder Wave|p1a: Ferrothorn
|-status|p1a: Ferrothorn|par
|move|p1a: Ferrothorn|Power Whip|p2a: Tyranitar
|-supereffective|p2a: Tyranitar
|-damage|p2a: Tyranitar|21/100
|
|-weather|Sandstorm|[upkeep]
|-heal|p1a: Ferrothorn|72/100 par|[from] item: Leftovers
|upkeep
|turn|27
|inactive|Blossummm has 20 seconds left this turn.
|inactive|Blossummm has 15 seconds left.
|
|t:|1714970546
|move|p2a: Tyranitar|Flamethrower|p1a: Ferrothorn
|-supereffective|p1a: Ferrothorn
|-damage|p1a: Ferrothorn|16/100 par
|move|p1a: Ferrothorn|Power Whip|p2a: Tyranitar
|-supereffective|p2a: Tyranitar
|-damage|p2a: Tyranitar|0 fnt
|faint|p2a: Tyranitar
|
|-weather|Sandstorm|[upkeep]
|-heal|p1a: Ferrothorn|22/100 par|[from] item: Leftovers
|upkeep
|inactive|Blossummm has 20 seconds left this turn.
|inactive|Blossummm has 15 seconds left.
|inactive|Blossummm has 10 seconds left.
|inactive|Blossummm has 5 seconds left.
|
|t:|1714970562
|switch|p2a: Alakazam|Alakazam, F|100/100
|turn|28
|inactive|Blossummm has 15 seconds left this turn.
|l| bwcbestbytest
|inactive|Blossummm has 10 seconds left.
|
|t:|1714970568
|move|p2a: Alakazam|Hidden Power|p1a: Ferrothorn
|-supereffective|p1a: Ferrothorn
|-damage|p1a: Ferrothorn|0 fnt
|faint|p1a: Ferrothorn
|
|-weather|Sandstorm|[upkeep]
|upkeep
|inactive|Blossummm has 15 seconds left this turn.
|j| bwcbestbytest
|
|t:|1714970582
|switch|p1a: Politoed|Politoed, M|62/100
|-damage|p1a: Politoed|50/100|[from] Stealth Rock
|-weather|RainDance|[from] ability: Drizzle|[of] p1a: Politoed
|turn|29
|inactive|Blossummm has 25 seconds left this turn.
|inactive|Blossummm has 20 seconds left.
|
|t:|1714970588
|move|p2a: Alakazam|Psychic|p1a: Politoed
|-damage|p1a: Politoed|7/100
|move|p1a: Politoed|Scald|p2a: Alakazam
|-crit|p2a: Alakazam
|-damage|p2a: Alakazam|0 fnt
|faint|p2a: Alakazam
|
|-weather|RainDance|[upkeep]
|-heal|p1a: Politoed|13/100|[from] item: Leftovers
|upkeep
|inactive|Blossummm has 25 seconds left this turn.
|inactive|Blossummm has 20 seconds left.
|inactive|Blossummm has 15 seconds left.
|
|t:|1714970600
|switch|p2a: Landorus|Landorus-Therian, M|84/100
|-damage|p2a: Landorus|71/100|[from] Stealth Rock
|-ability|p2a: Landorus|Intimidate|boost
|-unboost|p1a: Politoed|atk|1
|turn|30
|inactive|Blossummm has 25 seconds left this turn.
|
|t:|1714970608
|move|p1a: Politoed|Protect|p1a: Politoed
|-singleturn|p1a: Politoed|Protect
|move|p2a: Landorus|Earthquake|p1a: Politoed
|-activate|p1a: Politoed|move: Protect
|
|-weather|RainDance|[upkeep]
|-heal|p1a: Politoed|19/100|[from] item: Leftovers
|upkeep
|turn|31
|
|t:|1714970613
|move|p2a: Landorus|U-turn|p1a: Politoed
|-damage|p1a: Politoed|0 fnt
|faint|p1a: Politoed
|
|t:|1714970621
|switch|p2a: Latios|Latios, M|60/100|[from] U-turn
|-damage|p2a: Latios|48/100|[from] Stealth Rock
|
|-weather|RainDance|[upkeep]
|upkeep
|
|t:|1714970634
|switch|p1a: Keldeo|Keldeo|100/100
|-damage|p1a: Keldeo|94/100|[from] Stealth Rock
|turn|32
|
|t:|1714970640
|move|p2a: Latios|Draco Meteor|p1a: Keldeo
|-damage|p1a: Keldeo|4/100
|-unboost|p2a: Latios|spa|2
|move|p1a: Keldeo|Hidden Power|p2a: Latios
|-supereffective|p2a: Latios
|-damage|p2a: Latios|0 fnt
|faint|p2a: Latios
|
|-weather|RainDance|[upkeep]
|upkeep
|
|t:|1714970657
|switch|p2a: Keldeo|Keldeo|65/100 tox
|-damage|p2a: Keldeo|58/100 tox|[from] Stealth Rock
|turn|33
|
|t:|1714970665
|move|p1a: Keldeo|Hidden Power|p2a: Keldeo
|-resisted|p2a: Keldeo
|-damage|p2a: Keldeo|43/100 tox
|move|p2a: Keldeo|Scald|p1a: Keldeo
|-resisted|p1a: Keldeo
|-damage|p1a: Keldeo|0 fnt
|faint|p1a: Keldeo
|
|-weather|RainDance|[upkeep]
|-heal|p2a: Keldeo|49/100 tox|[from] item: Leftovers
|-damage|p2a: Keldeo|43/100 tox|[from] psn
|upkeep
|
|t:|1714970680
|switch|p1a: Tentacruel|Tentacruel, M|82/100
|-damage|p1a: Tentacruel|69/100|[from] Stealth Rock
|turn|34
|inactive|Blossummm has 60 seconds left.
|
|t:|1714970689
|switch|p2a: Landorus|Landorus-Therian, M|71/100
|-damage|p2a: Landorus|59/100|[from] Stealth Rock
|-ability|p2a: Landorus|Intimidate|boost
|-unboost|p1a: Tentacruel|atk|1
|move|p1a: Tentacruel|Scald|p2a: Landorus
|-supereffective|p2a: Landorus
|-damage|p2a: Landorus|0 fnt
|faint|p2a: Landorus
|
|-weather|RainDance|[upkeep]
|-heal|p1a: Tentacruel|75/100|[from] ability: Rain Dish
|upkeep
|inactive|Blossummm has 60 seconds left.
|
|t:|1714970696
|switch|p2a: Keldeo|Keldeo|43/100 tox
|-damage|p2a: Keldeo|37/100 tox|[from] Stealth Rock
|turn|35
|
|t:|1714970701
|move|p1a: Tentacruel|Protect|p1a: Tentacruel
|-singleturn|p1a: Tentacruel|Protect
|move|p2a: Keldeo|Scald|p1a: Tentacruel
|-activate|p1a: Tentacruel|move: Protect
|
|-weather|RainDance|[upkeep]
|-heal|p1a: Tentacruel|81/100|[from] ability: Rain Dish
|-heal|p2a: Keldeo|43/100 tox|[from] item: Leftovers
|-damage|p2a: Keldeo|37/100 tox|[from] psn
|upkeep
|turn|36
|
|t:|1714970705
|move|p2a: Keldeo|Scald|p1a: Tentacruel
|-resisted|p1a: Tentacruel
|-damage|p1a: Tentacruel|57/100
|move|p1a: Tentacruel|Scald|p2a: Keldeo
|-resisted|p2a: Keldeo
|-damage|p2a: Keldeo|18/100 tox
|
|-weather|RainDance|[upkeep]
|-heal|p1a: Tentacruel|63/100|[from] ability: Rain Dish
|-heal|p2a: Keldeo|24/100 tox|[from] item: Leftovers
|-damage|p2a: Keldeo|11/100 tox|[from] psn
|upkeep
|turn|37
|l| bwcbestbytest
|
|t:|1714970713
|move|p1a: Tentacruel|Protect|p1a: Tentacruel
|-singleturn|p1a: Tentacruel|Protect
|move|p2a: Keldeo|Scald|p1a: Tentacruel
|-activate|p1a: Tentacruel|move: Protect
|
|-weather|RainDance|[upkeep]
|-heal|p1a: Tentacruel|69/100|[from] ability: Rain Dish
|-heal|p2a: Keldeo|18/100 tox|[from] item: Leftovers
|-damage|p2a: Keldeo|0 fnt|[from] psn
|faint|p2a: Keldeo
|upkeep
|
|t:|1714970715
|switch|p2a: Ferrothorn|Ferrothorn, F|27/100 brn
|-damage|p2a: Ferrothorn|21/100 brn|[from] Stealth Rock
|turn|38
|
|t:|1714970718
|move|p1a: Tentacruel|Scald|p2a: Ferrothorn
|-resisted|p2a: Ferrothorn
|-crit|p2a: Ferrothorn
|-damage|p2a: Ferrothorn|0 fnt
|faint|p2a: Ferrothorn
|
|win|PEASTARS
|raw|PEASTARS's rating: 1334 &rarr; <strong>1360</strong><br />(+26 for winning)
|raw|Blossummm's rating: 1434 &rarr; <strong>1408</strong><br />(-26 for losing)
|c|☆PEASTARS|GG
|l|☆Blossummm
|player|p2|
|j|☆Blossummm
|player|p2|Blossummm|roxie|
