|j|☆bw lordd moonman
|j|☆authentise_is_shit
|t:|1708079903
|gametype|singles
|player|p1|bw lordd moonman|melony|1529
|player|p2|authentise_is_shit|265|1459
|teamsize|p1|6
|teamsize|p2|6
|gen|5
|tier|[Gen 5] OU
|rated|
|rule|Species Clause: Limit one of each Pokémon
|rule|OHKO Clause: OHKO moves are banned
|rule|Moody Clause: Moody is banned
|rule|Evasion Items Clause: Evasion items are banned
|rule|Evasion Moves Clause: Evasion moves are banned
|rule|Endless Battle Clause: Forcing endless battles is banned
|rule|HP Percentage Mod: HP is shown in percentages
|rule|Evasion Abilities Clause: Evasion abilities are banned
|rule|Sleep Moves Clause: Sleep-inducing moves are banned
|rule|Swagger Clause: Swagger is banned
|rule|Baton Pass Stat Clause: No Baton Passer may have a way to boost its stats
|clearpoke
|poke|p1|Gliscor, M|item
|poke|p1|Blissey, F|item
|poke|p1|Abomasnow, M|item
|poke|p1|Reuniclus, M|item
|poke|p1|Latios, M|item
|poke|p1|Forretress, M|item
|poke|p2|Politoed, M|item
|poke|p2|Jellicent, M|item
|poke|p2|Excadrill, M|item
|poke|p2|Tornadus, M|item
|poke|p2|Gastrodon, M|item
|poke|p2|Ferrothorn, F|item
|teampreview
|inactive|Battle timer is ON: inactive players will automatically lose when time's up. (requested by bw lordd moonman)
|inactive|authentise_is_shit has 120 seconds left.
|inactive|authentise_is_shit has 90 seconds left.
|inactive|authentise_is_shit has 60 seconds left.
|inactive|authentise_is_shit has 30 seconds left.
|
|t:|1708080085
|start
|switch|p1a: Gliscor|Gliscor, M, shiny|100/100
|switch|p2a: Politoed|Politoed, M, shiny|100/100
|-weather|RainDance|[from] ability: Drizzle|[of] p2a: Politoed
|turn|1
|
|t:|1708080093
|switch|p2a: Ferrothorn|Ferrothorn, F|100/100
|move|p1a: Gliscor|Protect||[still]
|-fail|p1a: Gliscor
|
|-weather|RainDance|[upkeep]
|-status|p1a: Gliscor|tox|[from] item: Toxic Orb
|upkeep
|turn|2
|
|t:|1708080097
|move|p1a: Gliscor|Taunt|p2a: Ferrothorn
|-start|p2a: Ferrothorn|move: Taunt
|cant|p2a: Ferrothorn|move: Taunt|Spikes
|
|-weather|RainDance|[upkeep]
|upkeep
|turn|3
|
|t:|1708080099
|move|p1a: Gliscor|Knock Off|p2a: Ferrothorn
|-resisted|p2a: Ferrothorn
|-damage|p2a: Ferrothorn|99/100
|-damage|p1a: Gliscor|88/100 tox|[from] ability: Iron Barbs|[of] p2a: Ferrothorn
|-enditem|p2a: Ferrothorn|Leftovers|[from] move: Knock Off|[of] p1a: Gliscor
|move|p2a: Ferrothorn|Knock Off|p1a: Gliscor
|-damage|p1a: Gliscor|85/100 tox
|-enditem|p1a: Gliscor|Toxic Orb|[from] move: Knock Off|[of] p2a: Ferrothorn
|
|-weather|RainDance|[upkeep]
|-heal|p1a: Gliscor|97/100 tox|[from] ability: Poison Heal
|upkeep
|turn|4
|inactive|authentise_is_shit has 120 seconds left.
|
|t:|1708080104
|switch|p2a: Politoed|Politoed, M, shiny|100/100
|move|p1a: Gliscor|Knock Off|p2a: Politoed
|-damage|p2a: Politoed|97/100
|-enditem|p2a: Politoed|Leftovers|[from] move: Knock Off|[of] p1a: Gliscor
|
|-weather|RainDance|[upkeep]
|-heal|p1a: Gliscor|100/100 tox|[from] ability: Poison Heal
|upkeep
|turn|5
|
|t:|1708080109
|switch|p1a: Blissey|Blissey, F|100/100
|move|p2a: Politoed|Scald|p1a: Blissey
|-damage|p1a: Blissey|87/100
|
|-weather|RainDance|[upkeep]
|-heal|p1a: Blissey|93/100|[from] item: Leftovers
|upkeep
|turn|6
|
|t:|1708080112
|switch|p2a: Excadrill|Excadrill, M|100/100
|-ability|p2a: Excadrill|Mold Breaker
|move|p1a: Blissey|Stealth Rock|p2a: Excadrill
|-sidestart|p2: authentise_is_shit|move: Stealth Rock
|
|-weather|RainDance|[upkeep]
|-heal|p1a: Blissey|99/100|[from] item: Leftovers
|upkeep
|turn|7
|
|t:|1708080115
|switch|p1a: Gliscor|Gliscor, M, shiny|100/100 tox
|move|p2a: Excadrill|Stealth Rock|p1a: Gliscor
|-sidestart|p1: bw lordd moonman|move: Stealth Rock
|
|-weather|RainDance|[upkeep]
|upkeep
|turn|8
|
|t:|1708080120
|move|p1a: Gliscor|Knock Off|p2a: Excadrill
|-resisted|p2a: Excadrill
|-damage|p2a: Excadrill|97/100
|-enditem|p2a: Excadrill|Leftovers|[from] move: Knock Off|[of] p1a: Gliscor
|move|p2a: Excadrill|Rapid Spin|p1a: Gliscor
|-damage|p1a: Gliscor|94/100 tox
|-sideend|p2: authentise_is_shit|Stealth Rock|[from] move: Rapid Spin|[of] p2a: Excadrill
|
|-weather|RainDance|[upkeep]
|-heal|p1a: Gliscor|100/100 tox|[from] ability: Poison Heal
|upkeep
|turn|9
|
|t:|1708080127
|switch|p2a: Politoed|Politoed, M, shiny|97/100
|move|p1a: Gliscor|Knock Off|p2a: Politoed
|-damage|p2a: Politoed|94/100
|
|-weather|RainDance|[upkeep]
|upkeep
|turn|10
|
|t:|1708080131
|switch|p1a: Blissey|Blissey, F|99/100
|-damage|p1a: Blissey|87/100|[from] Stealth Rock
|move|p2a: Politoed|Scald|p1a: Blissey
|-damage|p1a: Blissey|73/100
|
|-weather|RainDance|[upkeep]
|-heal|p1a: Blissey|79/100|[from] item: Leftovers
|upkeep
|turn|11
|
|t:|1708080136
|switch|p2a: Excadrill|Excadrill, M|97/100
|-ability|p2a: Excadrill|Mold Breaker
|move|p1a: Blissey|Stealth Rock|p2a: Excadrill
|-sidestart|p2: authentise_is_shit|move: Stealth Rock
|
|-weather|RainDance|[upkeep]
|-heal|p1a: Blissey|85/100|[from] item: Leftovers
|upkeep
|turn|12
|
|t:|1708080139
|switch|p1a: Forretress|Forretress, M|100/100
|-damage|p1a: Forretress|88/100|[from] Stealth Rock
|move|p2a: Excadrill|Rapid Spin|p1a: Forretress
|-resisted|p1a: Forretress
|-damage|p1a: Forretress|86/100
|-sideend|p2: authentise_is_shit|Stealth Rock|[from] move: Rapid Spin|[of] p2a: Excadrill
|
|-weather|RainDance|[upkeep]
|-heal|p1a: Forretress|92/100|[from] item: Leftovers
|upkeep
|turn|13
|
|t:|1708080144
|switch|p2a: Jellicent|Jellicent, M, shiny|100/100
|switch|p1a: Gliscor|Gliscor, M, shiny|100/100 tox
|-damage|p1a: Gliscor|88/100 tox|[from] Stealth Rock
|
|-weather|RainDance|[upkeep]
|-heal|p1a: Gliscor|100/100 tox|[from] ability: Poison Heal
|upkeep
|turn|14
|
|t:|1708080148
|move|p1a: Gliscor|Knock Off|p2a: Jellicent
|-supereffective|p2a: Jellicent
|-damage|p2a: Jellicent|90/100
|-enditem|p2a: Jellicent|Choice Specs|[from] move: Knock Off|[of] p1a: Gliscor
|move|p2a: Jellicent|Water Spout|p1a: Gliscor
|-supereffective|p1a: Gliscor
|-damage|p1a: Gliscor|0 fnt
|faint|p1a: Gliscor
|
|-weather|RainDance|[upkeep]
|upkeep
|
|t:|1708080160
|switch|p1a: Latios|Latios, M, shiny|100/100
|-damage|p1a: Latios|88/100|[from] Stealth Rock
|turn|15
|
|t:|1708080164
|switch|p2a: Ferrothorn|Ferrothorn, F|99/100
|move|p1a: Latios|Thunder Wave|p2a: Ferrothorn
|-status|p2a: Ferrothorn|par
|
|-weather|RainDance|[upkeep]
|upkeep
|turn|16
|
|t:|1708080169
|switch|p1a: Reuniclus|Reuniclus, M, shiny|100/100
|move|p2a: Ferrothorn|Knock Off|p1a: Reuniclus
|-supereffective|p1a: Reuniclus
|-damage|p1a: Reuniclus|94/100
|-enditem|p1a: Reuniclus|Leftovers|[from] move: Knock Off|[of] p2a: Ferrothorn
|
|-weather|RainDance|[upkeep]
|upkeep
|turn|17
|
|t:|1708080173
|switch|p2a: Politoed|Politoed, M, shiny|94/100
|move|p1a: Reuniclus|Calm Mind|p1a: Reuniclus
|-boost|p1a: Reuniclus|spa|1
|-boost|p1a: Reuniclus|spd|1
|
|-weather|RainDance|[upkeep]
|upkeep
|turn|18
|
|t:|1708080178
|switch|p1a: Abomasnow|Abomasnow, M, shiny|100/100
|-damage|p1a: Abomasnow|75/100|[from] Stealth Rock
|-weather|Hail|[from] ability: Snow Warning|[of] p1a: Abomasnow
|move|p2a: Politoed|Perish Song|p2a: Politoed
|-start|p1a: Abomasnow|perish3|[silent]
|-start|p2a: Politoed|perish3|[silent]
|-fieldactivate|move: Perish Song
|
|-weather|Hail|[upkeep]
|-damage|p2a: Politoed|88/100|[from] Hail
|-heal|p1a: Abomasnow|82/100|[from] item: Leftovers
|-start|p2a: Politoed|perish3
|-start|p1a: Abomasnow|perish3
|upkeep
|turn|19
|
|t:|1708080206
|switch|p2a: Excadrill|Excadrill, M|97/100
|-ability|p2a: Excadrill|Mold Breaker
|-singleturn|p1a: Abomasnow|move: Focus Punch
|move|p1a: Abomasnow|Focus Punch|p2a: Excadrill
|-supereffective|p2a: Excadrill
|-damage|p2a: Excadrill|0 fnt
|faint|p2a: Excadrill
|
|-weather|Hail|[upkeep]
|-heal|p1a: Abomasnow|88/100|[from] item: Leftovers
|-start|p1a: Abomasnow|perish2
|upkeep
|
|t:|1708080211
|switch|p2a: Tornadus|Tornadus, M|100/100
|turn|20
|inactive|authentise_is_shit has 120 seconds left.
|
|t:|1708080227
|move|p1a: Abomasnow|Protect|p1a: Abomasnow
|-singleturn|p1a: Abomasnow|Protect
|move|p2a: Tornadus|U-turn|p1a: Abomasnow
|-activate|p1a: Abomasnow|move: Protect
|
|-weather|Hail|[upkeep]
|-damage|p2a: Tornadus|94/100|[from] Hail
|-heal|p1a: Abomasnow|94/100|[from] item: Leftovers
|-start|p1a: Abomasnow|perish1
|upkeep
|turn|21
|inactive|authentise_is_shit has 120 seconds left.
|inactive|authentise_is_shit has 90 seconds left.
|
|t:|1708080269
|switch|p1a: Forretress|Forretress, M|92/100
|-damage|p1a: Forretress|80/100|[from] Stealth Rock
|move|p2a: Tornadus|U-turn|p1a: Forretress
|-resisted|p1a: Forretress
|-damage|p1a: Forretress|75/100
|
|t:|1708080272
|switch|p2a: Politoed|Politoed, M, shiny|88/100|[from] U-turn
|-weather|RainDance|[from] ability: Drizzle|[of] p2a: Politoed
|
|-weather|RainDance|[upkeep]
|-heal|p1a: Forretress|81/100|[from] item: Leftovers
|upkeep
|turn|22
|
|t:|1708080278
|switch|p1a: Reuniclus|Reuniclus, M, shiny|94/100
|move|p2a: Politoed|Scald|p1a: Reuniclus
|-damage|p1a: Reuniclus|61/100
|-status|p1a: Reuniclus|brn
|
|-weather|RainDance|[upkeep]
|upkeep
|turn|23
|inactive|authentise_is_shit has 90 seconds left.
|inactive|authentise_is_shit has 60 seconds left.
|
|t:|1708080340
|switch|p2a: Tornadus|Tornadus, M|94/100
|move|p1a: Reuniclus|Recover|p1a: Reuniclus
|-heal|p1a: Reuniclus|100/100 brn
|
|-weather|RainDance|[upkeep]
|upkeep
|turn|24
|
|t:|1708080345
|switch|p1a: Blissey|Blissey, F|85/100
|-damage|p1a: Blissey|73/100|[from] Stealth Rock
|move|p2a: Tornadus|Hurricane|p1a: Blissey
|-damage|p1a: Blissey|46/100
|
|-weather|RainDance|[upkeep]
|-heal|p1a: Blissey|52/100|[from] item: Leftovers
|upkeep
|turn|25
|
|t:|1708080350
|move|p2a: Tornadus|Hurricane|p1a: Blissey
|-damage|p1a: Blissey|24/100
|move|p1a: Blissey|Soft-Boiled|p1a: Blissey
|-heal|p1a: Blissey|74/100
|
|-weather|RainDance|[upkeep]
|-heal|p1a: Blissey|81/100|[from] item: Leftovers
|upkeep
|turn|26
|
|t:|1708080354
|move|p2a: Tornadus|U-turn|p1a: Blissey
|-damage|p1a: Blissey|67/100
|
|t:|1708080357
|switch|p2a: Ferrothorn|Ferrothorn, F|99/100 par|[from] U-turn
|move|p1a: Blissey|Thunder Wave|p2a: Ferrothorn
|-fail|p2a: Ferrothorn|par
|
|-weather|RainDance|[upkeep]
|-heal|p1a: Blissey|73/100|[from] item: Leftovers
|upkeep
|turn|27
|
|t:|1708080360
|move|p1a: Blissey|Stealth Rock|p2a: Ferrothorn
|-sidestart|p2: authentise_is_shit|move: Stealth Rock
|cant|p2a: Ferrothorn|par
|
|-weather|RainDance|[upkeep]
|-heal|p1a: Blissey|79/100|[from] item: Leftovers
|upkeep
|turn|28
|
|t:|1708080364
|switch|p1a: Forretress|Forretress, M|81/100
|-damage|p1a: Forretress|69/100|[from] Stealth Rock
|cant|p2a: Ferrothorn|par
|
|-weather|RainDance|[upkeep]
|-heal|p1a: Forretress|75/100|[from] item: Leftovers
|upkeep
|turn|29
|
|t:|1708080368
|move|p1a: Forretress|Spikes|p2a: Ferrothorn
|-sidestart|p2: authentise_is_shit|Spikes
|cant|p2a: Ferrothorn|par
|
|-weather|RainDance|[upkeep]
|-heal|p1a: Forretress|81/100|[from] item: Leftovers
|upkeep
|turn|30
|
|t:|1708080372
|move|p1a: Forretress|Spikes|p2a: Ferrothorn
|-sidestart|p2: authentise_is_shit|Spikes
|cant|p2a: Ferrothorn|par
|
|-weather|RainDance|[upkeep]
|-heal|p1a: Forretress|88/100|[from] item: Leftovers
|upkeep
|turn|31
|
|t:|1708080374
|move|p1a: Forretress|Spikes|p2a: Ferrothorn
|-sidestart|p2: authentise_is_shit|Spikes
|move|p2a: Ferrothorn|Knock Off|p1a: Forretress
|-resisted|p1a: Forretress
|-damage|p1a: Forretress|86/100
|-enditem|p1a: Forretress|Leftovers|[from] move: Knock Off|[of] p2a: Ferrothorn
|
|-weather|RainDance|[upkeep]
|upkeep
|turn|32
|
|t:|1708080381
|move|p1a: Forretress|Rapid Spin|p2a: Ferrothorn
|-resisted|p2a: Ferrothorn
|-crit|p2a: Ferrothorn
|-damage|p2a: Ferrothorn|96/100 par
|-damage|p1a: Forretress|74/100|[from] ability: Iron Barbs|[of] p2a: Ferrothorn
|-sideend|p1: bw lordd moonman|Stealth Rock|[from] move: Rapid Spin|[of] p1a: Forretress
|move|p2a: Ferrothorn|Leech Seed|p1a: Forretress
|-start|p1a: Forretress|move: Leech Seed
|
|-weather|RainDance|[upkeep]
|-damage|p1a: Forretress|61/100|[from] Leech Seed|[of] p2a: Ferrothorn
|-heal|p2a: Ferrothorn|100/100 par|[silent]
|upkeep
|turn|33
|
|t:|1708080387
|switch|p1a: Reuniclus|Reuniclus, M, shiny|100/100 brn
|move|p2a: Ferrothorn|Spikes|p1a: Reuniclus
|-sidestart|p1: bw lordd moonman|Spikes
|
|-weather|RainDance|[upkeep]
|upkeep
|turn|34
|inactive|authentise_is_shit has 120 seconds left.
|
|t:|1708080419
|switch|p2a: Jellicent|Jellicent, M, shiny|90/100
|-damage|p2a: Jellicent|78/100|[from] Stealth Rock
|-damage|p2a: Jellicent|53/100|[from] Spikes
|move|p1a: Reuniclus|Calm Mind|p1a: Reuniclus
|-boost|p1a: Reuniclus|spa|1
|-boost|p1a: Reuniclus|spd|1
|
|-weather|RainDance|[upkeep]
|upkeep
|turn|35
|
|t:|1708080424
|move|p2a: Jellicent|Shadow Ball|p1a: Reuniclus
|-supereffective|p1a: Reuniclus
|-damage|p1a: Reuniclus|58/100 brn
|move|p1a: Reuniclus|Psychic|p2a: Jellicent
|-damage|p2a: Jellicent|5/100
|
|-weather|RainDance|[upkeep]
|upkeep
|turn|36
|
|t:|1708080430
|switch|p1a: Blissey|Blissey, F|79/100
|-damage|p1a: Blissey|66/100|[from] Spikes
|move|p2a: Jellicent|Shadow Ball|p1a: Blissey
|-immune|p1a: Blissey
|
|-weather|RainDance|[upkeep]
|-heal|p1a: Blissey|73/100|[from] item: Leftovers
|upkeep
|turn|37
|
|t:|1708080437
|move|p2a: Jellicent|Surf|p1a: Blissey
|-damage|p1a: Blissey|49/100
|move|p1a: Blissey|Thunder Wave|p2a: Jellicent
|-status|p2a: Jellicent|par
|
|-weather|RainDance|[upkeep]
|-heal|p1a: Blissey|55/100|[from] item: Leftovers
|upkeep
|turn|38
|
|t:|1708080440
|move|p1a: Blissey|Soft-Boiled|p1a: Blissey
|-heal|p1a: Blissey|100/100
|move|p2a: Jellicent|Surf|p1a: Blissey
|-damage|p1a: Blissey|76/100
|
|-weather|RainDance|[upkeep]
|-heal|p1a: Blissey|83/100|[from] item: Leftovers
|upkeep
|turn|39
|
|t:|1708080446
|move|p1a: Blissey|Soft-Boiled|p1a: Blissey
|-heal|p1a: Blissey|100/100
|cant|p2a: Jellicent|par
|
|-weather|RainDance|[upkeep]
|upkeep
|turn|40
|
|t:|1708080461
|switch|p1a: Abomasnow|Abomasnow, M, shiny|94/100
|-damage|p1a: Abomasnow|82/100|[from] Spikes
|-weather|Hail|[from] ability: Snow Warning|[of] p1a: Abomasnow
|move|p2a: Jellicent|Surf|p1a: Abomasnow
|-resisted|p1a: Abomasnow
|-damage|p1a: Abomasnow|60/100
|
|-weather|Hail|[upkeep]
|-damage|p2a: Jellicent|0 fnt|[from] Hail
|faint|p2a: Jellicent
|-heal|p1a: Abomasnow|66/100|[from] item: Leftovers
|upkeep
|
|t:|1708080467
|switch|p2a: Tornadus|Tornadus, M|94/100
|-damage|p2a: Tornadus|70/100|[from] Stealth Rock
|turn|41
|
|t:|1708080472
|move|p1a: Abomasnow|Protect|p1a: Abomasnow
|-singleturn|p1a: Abomasnow|Protect
|move|p2a: Tornadus|Hurricane|p1a: Abomasnow
|-activate|p1a: Abomasnow|move: Protect
|
|-weather|Hail|[upkeep]
|-damage|p2a: Tornadus|64/100|[from] Hail
|-heal|p1a: Abomasnow|73/100|[from] item: Leftovers
|upkeep
|turn|42
|
|t:|1708080477
|move|p1a: Abomasnow|Ice Shard|p2a: Tornadus
|-supereffective|p2a: Tornadus
|-damage|p2a: Tornadus|10/100
|move|p2a: Tornadus|U-turn|p1a: Abomasnow
|-supereffective|p1a: Abomasnow
|-damage|p1a: Abomasnow|37/100
|
|t:|1708080479
|switch|p2a: Politoed|Politoed, M, shiny|88/100|[from] U-turn
|-damage|p2a: Politoed|75/100|[from] Stealth Rock
|-damage|p2a: Politoed|50/100|[from] Spikes
|-weather|RainDance|[from] ability: Drizzle|[of] p2a: Politoed
|
|-weather|RainDance|[upkeep]
|-heal|p1a: Abomasnow|43/100|[from] item: Leftovers
|upkeep
|turn|43
|-message|authentise_is_shit forfeited.
|
|win|bw lordd moonman
|raw|bw lordd moonman's rating: 1529 &rarr; <strong>1545</strong><br />(+16 for winning)
|raw|authentise_is_shit's rating: 1459 &rarr; <strong>1443</strong><br />(-16 for losing)
|l|☆authentise_is_shit
|player|p2|
