|j|☆BookofConke
|j|☆Krustycrus
|t:|1703083542
|gametype|singles
|player|p1|BookofConke|silver-masters|1540
|player|p2|Krustycrus|silver|1319
|teamsize|p1|6
|teamsize|p2|6
|gen|5
|tier|[Gen 5] OU
|rated|
|rule|Species Clause: Limit one of each Pokémon
|rule|OHKO Clause: OHKO moves are banned
|rule|Moody Clause: Moody is banned
|rule|Evasion Items Clause: Evasion items are banned
|rule|Evasion Moves Clause: Evasion moves are banned
|rule|Endless Battle Clause: Forcing endless battles is banned
|rule|HP Percentage Mod: HP is shown in percentages
|rule|Evasion Abilities Clause: Evasion abilities are banned
|rule|Sleep Moves Clause: Sleep-inducing moves are banned
|rule|Swagger Clause: Swagger is banned
|rule|Baton Pass Stat Clause: No Baton Passer may have a way to boost its stats
|clearpoke
|poke|p1|Kyurem-Black|item
|poke|p1|Garchomp, M|item
|poke|p1|Magnezone|item
|poke|p1|Salamence, M|item
|poke|p1|Scizor, F|item
|poke|p1|Starmie|item
|poke|p2|Skarmory, F|item
|poke|p2|Gengar, F|item
|poke|p2|Kyurem-Black|item
|poke|p2|Garchomp, F|item
|poke|p2|Alakazam, M|item
|poke|p2|Scizor, M|item
|teampreview
|
|t:|1703083549
|start
|switch|p1a: Kyurem|Kyurem-Black|100/100
|switch|p2a: Suicide Squad|Skarmory, F|100/100
|-ability|p1a: Kyurem|Teravolt
|turn|1
|
|t:|1703083556
|move|p1a: Kyurem|Fusion Bolt|p2a: Suicide Squad
|-supereffective|p2a: Suicide Squad
|-crit|p2a: Suicide Squad
|-damage|p2a: Suicide Squad|0 fnt
|faint|p2a: Suicide Squad
|
|upkeep
|
|t:|1703083564
|switch|p2a: Bandpower|Scizor, M|100/100
|turn|2
|
|t:|1703083573
|move|p1a: Kyurem|Fusion Bolt|p2a: Bandpower
|-damage|p2a: Bandpower|22/100
|move|p2a: Bandpower|Superpower|p1a: Kyurem
|-supereffective|p1a: Kyurem
|-damage|p1a: Kyurem|28/100
|-unboost|p2a: Bandpower|atk|1
|-unboost|p2a: Bandpower|def|1
|
|upkeep
|turn|3
|
|t:|1703083587
|switch|p1a: Magnezone|Magnezone|100/100
|switch|p2a: Garchomp|Garchomp, F|100/100
|
|upkeep
|turn|4
|
|t:|1703083601
|switch|p1a: Starmie|Starmie|100/100
|-item|p1a: Starmie|Air Balloon
|move|p2a: Garchomp|Dragon Claw|p1a: Starmie
|-damage|p1a: Starmie|38/100
|-enditem|p1a: Starmie|Air Balloon
|
|upkeep
|turn|5
|
|t:|1703083613
|switch|p1a: Scizor|Scizor, F|100/100
|switch|p2a: Blekii|Kyurem-Black|100/100
|-ability|p2a: Blekii|Teravolt
|
|upkeep
|turn|6
|
|t:|1703083623
|switch|p2a: Bandpower|Scizor, M|22/100
|move|p1a: Scizor|U-turn|p2a: Bandpower
|-resisted|p2a: Bandpower
|-damage|p2a: Bandpower|0 fnt
|faint|p2a: Bandpower
|j| Bohrier
|inactive|Battle timer is ON: inactive players will automatically lose when time's up. (requested by Krustycrus)
|
|t:|1703083659
|switch|p1a: Garchomp|Garchomp, M|100/100|[from] U-turn
|
|upkeep
|
|t:|1703083678
|switch|p2a: Garchomp|Garchomp, F|100/100
|turn|7
|
|t:|1703083696
|switch|p1a: Kyurem|Kyurem-Black|28/100
|-ability|p1a: Kyurem|Teravolt
|move|p2a: Garchomp|Dragon Claw|p1a: Kyurem
|-supereffective|p1a: Kyurem
|-damage|p1a: Kyurem|0 fnt
|faint|p1a: Kyurem
|
|upkeep
|
|t:|1703083709
|switch|p1a: Scizor|Scizor, F|100/100
|turn|8
|
|t:|1703083729
|move|p1a: Scizor|Bullet Punch|p2a: Garchomp
|-damage|p2a: Garchomp|51/100
|-damage|p1a: Scizor|88/100|[from] ability: Rough Skin|[of] p2a: Garchomp
|move|p2a: Garchomp|Earthquake|p1a: Scizor
|-damage|p1a: Scizor|30/100
|
|upkeep
|turn|9
|
|t:|1703083743
|switch|p1a: Starmie|Starmie|38/100
|move|p2a: Garchomp|Dragon Claw|p1a: Starmie
|-damage|p1a: Starmie|0 fnt
|faint|p1a: Starmie
|
|upkeep
|
|t:|1703083763
|switch|p1a: Salamence|Salamence, M|100/100
|turn|10
|
|t:|1703083785
|switch|p2a: Blekii|Kyurem-Black|100/100
|-ability|p2a: Blekii|Teravolt
|move|p1a: Salamence|Dragon Claw|p2a: Blekii
|-supereffective|p2a: Blekii
|-damage|p2a: Blekii|16/100
|
|-heal|p2a: Blekii|22/100|[from] item: Leftovers
|upkeep
|turn|11
|
|t:|1703083794
|move|p1a: Salamence|Dragon Claw|p2a: Blekii
|-supereffective|p2a: Blekii
|-damage|p2a: Blekii|0 fnt
|faint|p2a: Blekii
|-ability|p1a: Salamence|Moxie|boost
|-boost|p1a: Salamence|atk|1
|
|upkeep
|
|t:|1703083800
|switch|p2a: Gengar|Gengar, F|100/100
|turn|12
|
|t:|1703083820
|switch|p1a: Magnezone|Magnezone|100/100
|move|p2a: Gengar|Hidden Power|p1a: Magnezone
|-resisted|p1a: Magnezone
|-damage|p1a: Magnezone|84/100
|
|upkeep
|turn|13
|
|t:|1703083831
|switch|p2a: Garchomp|Garchomp, F|51/100
|move|p1a: Magnezone|Hidden Power|p2a: Garchomp
|-resisted|p2a: Garchomp
|-damage|p2a: Garchomp|38/100
|
|upkeep
|turn|14
|
|t:|1703083843
|move|p2a: Garchomp|Dragon Claw|p1a: Magnezone
|-resisted|p1a: Magnezone
|-damage|p1a: Magnezone|62/100
|move|p1a: Magnezone|Hidden Power|p2a: Garchomp
|-resisted|p2a: Garchomp
|-damage|p2a: Garchomp|25/100
|
|upkeep
|turn|15
|j| weather type
|
|t:|1703083857
|move|p2a: Garchomp|Earthquake|p1a: Magnezone
|-supereffective|p1a: Magnezone
|-damage|p1a: Magnezone|0 fnt
|faint|p1a: Magnezone
|
|upkeep
|inactive|BookofConke has 120 seconds left.
|
|t:|1703083905
|switch|p1a: Garchomp|Garchomp, M|100/100
|turn|16
|
|t:|1703083909
|move|p2a: Garchomp|Dragon Claw|p1a: Garchomp
|-supereffective|p1a: Garchomp
|-damage|p1a: Garchomp|14/100
|-damage|p2a: Garchomp|13/100|[from] ability: Rough Skin|[of] p1a: Garchomp
|move|p1a: Garchomp|Outrage|p2a: Garchomp
|-supereffective|p2a: Garchomp
|-damage|p2a: Garchomp|0 fnt
|-damage|p1a: Garchomp|2/100|[from] ability: Rough Skin|[of] p2a: Garchomp
|faint|p2a: Garchomp
|
|upkeep
|
|t:|1703083920
|switch|p2a: Alakazam|Alakazam, M|100/100
|turn|17
|
|t:|1703083923
|move|p2a: Alakazam|Psychic|p1a: Garchomp
|-damage|p1a: Garchomp|0 fnt
|faint|p1a: Garchomp
|
|upkeep
|inactive|BookofConke has 120 seconds left.
|
|t:|1703083933
|switch|p1a: Scizor|Scizor, F|30/100
|turn|18
|
|t:|1703083937
|move|p1a: Scizor|Bullet Punch|p2a: Alakazam
|-enditem|p2a: Alakazam|Focus Sash
|-damage|p2a: Alakazam|1/100
|move|p2a: Alakazam|Hidden Power|p1a: Scizor
|-supereffective|p1a: Scizor
|-damage|p1a: Scizor|0 fnt
|faint|p1a: Scizor
|
|upkeep
|
|t:|1703083944
|switch|p1a: Salamence|Salamence, M|100/100
|turn|19
|
|t:|1703083951
|move|p1a: Salamence|Outrage|p2a: Alakazam
|-damage|p2a: Alakazam|0 fnt
|faint|p2a: Alakazam
|-ability|p1a: Salamence|Moxie|boost
|-boost|p1a: Salamence|atk|1
|
|upkeep
|c|☆Krustycrus|gg
|
|t:|1703083956
|switch|p2a: Gengar|Gengar, F|100/100
|turn|20
|c|☆BookofConke|Yep
|c|☆Krustycrus|u win
|c|☆BookofConke|No I dont
|c|☆BookofConke|I know this is Scarf Gar
|
|t:|1703083976
|move|p2a: Gengar|Hidden Power|p1a: Salamence
|-supereffective|p1a: Salamence
|-damage|p1a: Salamence|0 fnt
|faint|p1a: Salamence
|
|win|Krustycrus
|raw|BookofConke's rating: 1540 &rarr; <strong>1509</strong><br />(-31 for losing)
|raw|Krustycrus's rating: 1319 &rarr; <strong>1350</strong><br />(+31 for winning)
|c|☆Krustycrus|i am specs
|c|☆Krustycrus|gg bro
|c|☆Krustycrus|cool team u have there
