|j|☆BlueEdenn
|j|☆refsunpersons
|player|p1|BlueEdenn|153
|player|p2|refsunpersons|15
|teamsize|p1|6
|teamsize|p2|6
|gametype|singles
|gen|5
|tier|[Gen 5] OU
|rated|
|rule|Sleep Clause Mod: Limit one foe put to sleep
|rule|Species Clause: Limit one of each Pokémon
|rule|OHKO Clause: OHKO moves are banned
|rule|Moody Clause: Moody is banned
|rule|Evasion Moves Clause: Evasion moves are banned
|rule|Endless Battle Clause: Forcing endless battles is banned
|rule|HP Percentage Mod: HP is shown in percentages
|rule|Evasion Abilities Clause: Evasion abilities are banned
|rule|Baton Pass Clause: Limit one Baton Passer, can't pass Spe and other stats simultaneously
|rule|Swagger Clause: Swagger is banned
|clearpoke
|poke|p1|Empoleon, M|item
|poke|p1|Jirachi|item
|poke|p1|Gothitelle, M|item
|poke|p1|Moltres|item
|poke|p1|Gengar, M|item
|poke|p1|Excadrill, F|item
|poke|p2|Politoed, F|item
|poke|p2|Diglett, F|item
|poke|p2|Xatu, M|item
|poke|p2|Volcarona, M|item
|poke|p2|Salamence, F|item
|poke|p2|Jirachi|item
|teampreview
|
|start
|switch|p1a: Empoleon|Empoleon, M|100/100
|switch|p2a: Politoed|Politoed, F|100/100
|-weather|RainDance|[from] ability: Drizzle|[of] p2a: Politoed
|turn|1
|
|switch|p2a: Xatu|Xatu, M|100/100
|move|p1a: Empoleon|Stealth Rock|p2a: Xatu
|move|p2a: Xatu|Stealth Rock|p1a: Empoleon|[from]Magic Bounce
|-sidestart|p1: BlueEdenn|move: Stealth Rock
|
|-weather|RainDance|[upkeep]
|upkeep
|turn|2
|
|move|p2a: Xatu|Night Shade|p1a: Empoleon
|-damage|p1a: Empoleon|68/100
|move|p1a: Empoleon|Hydro Pump|p2a: Xatu
|-damage|p2a: Xatu|0
|faint|p2a: Xatu
|
|-weather|RainDance|[upkeep]
|upkeep
|
|switch|p2a: Politoed|Politoed, F|100/100
|turn|3
|
|move|p1a: Empoleon|Stealth Rock|p2a: Politoed
|-sidestart|p2: refsunpersons|move: Stealth Rock
|move|p2a: Politoed|Hypnosis|p1a: Empoleon
|-status|p1a: Empoleon|slp
|
|-weather|RainDance|[upkeep]
|upkeep
|turn|4
|
|cant|p1a: Empoleon|slp
|move|p2a: Politoed|Hydro Pump|p1a: Empoleon
|-enditem|p2a: Politoed|Water Gem|[from] gem|[move] Hydro Pump
|-resisted|p1a: Empoleon
|-damage|p1a: Empoleon|0 slp
|faint|p1a: Empoleon
|
|-weather|RainDance|[upkeep]
|upkeep
|
|switch|p1a: Gothitelle|Gothitelle, M|100/100
|-damage|p1a: Gothitelle|88/100|[from] Stealth Rock
|turn|5
|
|move|p1a: Gothitelle|Psychic|p2a: Politoed
|-damage|p2a: Politoed|65/100
|move|p2a: Politoed|Hydro Pump|p1a: Gothitelle
|-damage|p1a: Gothitelle|0
|faint|p1a: Gothitelle
|
|-weather|RainDance|[upkeep]
|upkeep
|
|switch|p1a: Moltres|Moltres|100/100
|-damage|p1a: Moltres|51/100|[from] Stealth Rock
|-ability|p1a: Moltres|Pressure
|turn|6
|
|move|p1a: Moltres|Hurricane|p2a: Politoed
|-damage|p2a: Politoed|0
|-damage|p1a: Moltres|41/100|[from] item: Life Orb
|faint|p2a: Politoed
|
|-weather|RainDance|[upkeep]
|upkeep
|
|switch|p2a: Jirachi|Jirachi|100/100
|-damage|p2a: Jirachi|94/100|[from] Stealth Rock
|turn|7
|
|move|p2a: Jirachi|Thunder|p1a: Moltres
|-supereffective|p1a: Moltres
|-damage|p1a: Moltres|0
|faint|p1a: Moltres
|
|-weather|RainDance|[upkeep]
|upkeep
|j| BW2vortex
|
|switch|p1a: Excadrill|Excadrill, F|100/100
|-damage|p1a: Excadrill|97/100|[from] Stealth Rock
|turn|8
|
|switch|p2a: Salamence|Salamence, F|100/100
|-damage|p2a: Salamence|76/100|[from] Stealth Rock
|-ability|p2a: Salamence|Intimidate|boost
|-unboost|p1a: Excadrill|atk|1
|move|p1a: Excadrill|Rapid Spin|p2a: Salamence
|-damage|p2a: Salamence|68/100
|-sideend|p1: BlueEdenn|Stealth Rock|[from] move: Rapid Spin|[of] p1a: Excadrill
|
|-weather|RainDance|[upkeep]
|upkeep
|turn|9
|
|switch|p1a: Gengar|Gengar, M|100/100
|move|p2a: Salamence|Hydro Pump|p1a: Gengar
|-damage|p1a: Gengar|22/100
|
|-weather|RainDance|[upkeep]
|upkeep
|turn|10
|
|switch|p2a: Jirachi|Jirachi|94/100
|-damage|p2a: Jirachi|88/100|[from] Stealth Rock
|move|p1a: Gengar|Icy Wind|p2a: Jirachi|[miss]
|-miss|p1a: Gengar|p2a: Jirachi
|
|-weather|RainDance|[upkeep]
|upkeep
|turn|11
|l| BW2vortex
|
|switch|p1a: Excadrill|Excadrill, F|97/100
|move|p2a: Jirachi|Ice Punch|p1a: Excadrill
|-damage|p1a: Excadrill|66/100
|
|-weather|RainDance|[upkeep]
|upkeep
|turn|12
|
|switch|p2a: Diglett|Diglett, F|100/100
|-damage|p2a: Diglett|95/100|[from] Stealth Rock
|move|p1a: Excadrill|Earthquake|p2a: Diglett
|-damage|p2a: Diglett|0
|faint|p2a: Diglett
|
|-weather|RainDance|[upkeep]
|upkeep
|
|switch|p2a: Salamence|Salamence, F|68/100
|-damage|p2a: Salamence|44/100|[from] Stealth Rock
|-ability|p2a: Salamence|Intimidate|boost
|-unboost|p1a: Excadrill|atk|1
|turn|13
|
|switch|p1a: Gengar|Gengar, M|22/100
|move|p2a: Salamence|Hydro Pump|p1a: Gengar
|-damage|p1a: Gengar|0
|faint|p1a: Gengar
|
|-weather|RainDance|[upkeep]
|upkeep
|
|switch|p1a: Jirachi|Jirachi|100/100
|turn|14
|
|switch|p2a: Volcarona|Volcarona, M|100/100
|-damage|p2a: Volcarona|51/100|[from] Stealth Rock
|move|p1a: Jirachi|Calm Mind|p1a: Jirachi
|-boost|p1a: Jirachi|spa|1
|-boost|p1a: Jirachi|spd|1
|
|-weather|RainDance|[upkeep]
|upkeep
|turn|15
|
|move|p1a: Jirachi|Psychic|p2a: Volcarona
|-damage|p2a: Volcarona|0
|faint|p2a: Volcarona
|
|-weather|RainDance|[upkeep]
|upkeep
|
|switch|p2a: Jirachi|Jirachi|88/100
|-damage|p2a: Jirachi|82/100|[from] Stealth Rock
|turn|16
|
|switch|p1a: Excadrill|Excadrill, F|66/100
|move|p2a: Jirachi|Thunder|p1a: Excadrill
|-immune|p1a: Excadrill|[msg]
|
|-weather|RainDance|[upkeep]
|upkeep
|turn|17
|
|switch|p2a: Salamence|Salamence, F|44/100
|-damage|p2a: Salamence|19/100|[from] Stealth Rock
|-ability|p2a: Salamence|Intimidate|boost
|-unboost|p1a: Excadrill|atk|1
|move|p1a: Excadrill|Iron Head|p2a: Salamence
|-crit|p2a: Salamence
|-damage|p2a: Salamence|0
|faint|p2a: Salamence
|
|-weather|RainDance|[upkeep]
|upkeep
|
|switch|p2a: Jirachi|Jirachi|82/100
|-damage|p2a: Jirachi|76/100|[from] Stealth Rock
|turn|18
|
|switch|p1a: Jirachi|Jirachi|100/100
|move|p2a: Jirachi|Meteor Mash|p1a: Jirachi
|-resisted|p1a: Jirachi
|-damage|p1a: Jirachi|81/100
|-boost|p2a: Jirachi|atk|1
|
|-weather|RainDance|[upkeep]
|upkeep
|turn|19
|
|move|p2a: Jirachi|Meteor Mash|p1a: Jirachi
|-resisted|p1a: Jirachi
|-damage|p1a: Jirachi|47/100
|move|p1a: Jirachi|Psychic|p2a: Jirachi
|-resisted|p2a: Jirachi
|-damage|p2a: Jirachi|65/100
|
|-weather|RainDance|[upkeep]
|upkeep
|turn|20
|
|move|p2a: Jirachi|Meteor Mash|p1a: Jirachi
|-resisted|p1a: Jirachi
|-crit|p1a: Jirachi
|-damage|p1a: Jirachi|0
|faint|p1a: Jirachi
|
|-weather|RainDance|[upkeep]
|upkeep
|
|switch|p1a: Excadrill|Excadrill, F|66/100
|turn|21
|
|move|p2a: Jirachi|Meteor Mash|p1a: Excadrill
|-resisted|p1a: Excadrill
|-damage|p1a: Excadrill|18/100
|move|p1a: Excadrill|Earthquake|p2a: Jirachi
|-supereffective|p2a: Jirachi
|-damage|p2a: Jirachi|0
|faint|p2a: Jirachi
|
|win|BlueEdenn
|l|☆BlueEdenn
|raw|BlueEdenn's rating: 1442 &rarr; <strong>1460</strong><br />(+18 for winning)
|raw|refsunpersons's rating: 1402 &rarr; <strong>1385</strong><br />(-17 for losing)
