|j|☆Chaos23333
|j|☆sam92
|player|p1|Chaos23333|acerola|1315
|player|p2|sam92|265|1356
|teamsize|p1|6
|teamsize|p2|6
|gametype|singles
|gen|5
|tier|[Gen 5] OU
|rated|
|clearpoke
|poke|p1|Politoed, M|item
|poke|p1|Ferrothorn, F|item
|poke|p1|Latios, M|item
|poke|p1|Keldeo|item
|poke|p1|Tentacruel, M|item
|poke|p1|Thundurus-Therian, M|item
|poke|p2|Politoed, F|item
|poke|p2|Tornadus, M|item
|poke|p2|Gastrodon, M|item
|poke|p2|Jirachi|item
|poke|p2|Landorus-Therian, M|item
|poke|p2|Azumarill, F|item
|rule|Species Clause: Limit one of each Pokémon
|rule|OHKO Clause: OHKO moves are banned
|rule|Moody Clause: Moody is banned
|rule|Evasion Moves Clause: Evasion moves are banned
|rule|Endless Battle Clause: Forcing endless battles is banned
|rule|HP Percentage Mod: HP is shown in percentages
|rule|Evasion Abilities Clause: Evasion abilities are banned
|rule|Baton Pass Clause: Limit one Baton Passer, can't pass Spe and other stats simultaneously
|rule|Sleep Clause: Sleep-inducing moves are banned
|rule|Swagger Clause: Swagger is banned
|teampreview
|
|start
|switch|p1a: Thundurus|Thundurus-Therian, M|100/100
|switch|p2a: Politoed|Politoed, F|100/100
|-weather|RainDance|[from] ability: Drizzle|[of] p2a: Politoed
|turn|1
|
|switch|p2a: Gastrodon|Gastrodon, M|100/100
|move|p1a: Thundurus|Thunder|p2a: Gastrodon
|-immune|p2a: Gastrodon
|
|-weather|RainDance|[upkeep]
|upkeep
|turn|2
|
|switch|p1a: Ferrothorn|Ferrothorn, F|100/100
|switch|p2a: Tornadus|Tornadus, M|100/100
|
|-weather|RainDance|[upkeep]
|upkeep
|turn|3
|
|move|p2a: Tornadus|Focus Blast|p1a: Ferrothorn
|-supereffective|p1a: Ferrothorn
|-crit|p1a: Ferrothorn
|-damage|p1a: Ferrothorn|0 fnt
|faint|p1a: Ferrothorn
|
|-weather|RainDance|[upkeep]
|upkeep
|
|switch|p1a: Latios|Latios, M|100/100
|turn|4
|
|switch|p2a: Gastrodon|Gastrodon, M|100/100
|move|p1a: Latios|Draco Meteor|p2a: Gastrodon
|-crit|p2a: Gastrodon
|-damage|p2a: Gastrodon|0 fnt
|-unboost|p1a: Latios|spa|2
|faint|p2a: Gastrodon
|
|-weather|RainDance|[upkeep]
|upkeep
|
|switch|p2a: Jirachi|Jirachi|100/100
|turn|5
|
|switch|p1a: Tentacruel|Tentacruel, M|100/100
|move|p2a: Jirachi|Stealth Rock|p1a: Tentacruel
|-sidestart|p1: Chaos23333|move: Stealth Rock
|
|-weather|RainDance|[upkeep]
|upkeep
|turn|6
|
|move|p1a: Tentacruel|Rapid Spin|p2a: Jirachi
|-resisted|p2a: Jirachi
|-damage|p2a: Jirachi|99/100
|-sideend|p1: Chaos23333|Stealth Rock|[from] move: Rapid Spin|[of] p1a: Tentacruel
|move|p2a: Jirachi|Body Slam|p1a: Tentacruel
|-damage|p1a: Tentacruel|78/100
|
|-weather|RainDance|[upkeep]
|-heal|p1a: Tentacruel|85/100|[from] ability: Rain Dish
|-heal|p1a: Tentacruel|91/100|[from] item: Black Sludge
|-heal|p2a: Jirachi|100/100|[from] item: Leftovers
|upkeep
|turn|7
|
|move|p1a: Tentacruel|Scald|p2a: Jirachi
|-damage|p2a: Jirachi|77/100
|move|p2a: Jirachi|Body Slam|p1a: Tentacruel
|-damage|p1a: Tentacruel|70/100
|-status|p1a: Tentacruel|par
|
|-weather|RainDance|[upkeep]
|-heal|p1a: Tentacruel|76/100 par|[from] ability: Rain Dish
|-heal|p2a: Jirachi|84/100|[from] item: Leftovers
|-heal|p1a: Tentacruel|83/100 par|[from] item: Black Sludge
|upkeep
|turn|8
|
|move|p2a: Jirachi|Stealth Rock|p1a: Tentacruel
|-sidestart|p1: Chaos23333|move: Stealth Rock
|move|p1a: Tentacruel|Scald|p2a: Jirachi
|-damage|p2a: Jirachi|62/100
|
|-weather|RainDance|[upkeep]
|-heal|p1a: Tentacruel|89/100 par|[from] ability: Rain Dish
|-heal|p2a: Jirachi|68/100|[from] item: Leftovers
|-heal|p1a: Tentacruel|95/100 par|[from] item: Black Sludge
|upkeep
|turn|9
|
|switch|p2a: Tornadus|Tornadus, M|100/100
|move|p1a: Tentacruel|Rapid Spin|p2a: Tornadus
|-damage|p2a: Tornadus|96/100
|-sideend|p1: Chaos23333|Stealth Rock|[from] move: Rapid Spin|[of] p1a: Tentacruel
|
|-weather|RainDance|[upkeep]
|-heal|p1a: Tentacruel|100/100 par|[from] ability: Rain Dish
|upkeep
|turn|10
|
|move|p2a: Tornadus|Hurricane|p1a: Tentacruel
|-damage|p1a: Tentacruel|31/100 par
|move|p1a: Tentacruel|Scald|p2a: Tornadus
|-damage|p2a: Tornadus|52/100
|-status|p2a: Tornadus|brn
|
|-weather|RainDance|[upkeep]
|-heal|p1a: Tentacruel|38/100 par|[from] ability: Rain Dish
|-heal|p1a: Tentacruel|44/100 par|[from] item: Black Sludge
|-damage|p2a: Tornadus|39/100 brn|[from] brn
|upkeep
|turn|11
|
|move|p1a: Tentacruel|Protect|p1a: Tentacruel
|-singleturn|p1a: Tentacruel|Protect
|move|p2a: Tornadus|Hurricane|p1a: Tentacruel
|-activate|p1a: Tentacruel|move: Protect
|
|-weather|RainDance|[upkeep]
|-heal|p1a: Tentacruel|50/100 par|[from] ability: Rain Dish
|-heal|p1a: Tentacruel|56/100 par|[from] item: Black Sludge
|-damage|p2a: Tornadus|27/100 brn|[from] brn
|upkeep
|turn|12
|
|move|p2a: Tornadus|Hurricane|p1a: Tentacruel
|-damage|p1a: Tentacruel|0 fnt
|faint|p1a: Tentacruel
|
|-weather|RainDance|[upkeep]
|-damage|p2a: Tornadus|15/100 brn|[from] brn
|upkeep
|
|switch|p1a: Thundurus|Thundurus-Therian, M|100/100
|turn|13
|
|move|p2a: Tornadus|Hurricane|p1a: Thundurus
|-resisted|p1a: Thundurus
|-damage|p1a: Thundurus|45/100
|move|p1a: Thundurus|Agility|p1a: Thundurus
|-boost|p1a: Thundurus|spe|2
|
|-weather|RainDance|[upkeep]
|-heal|p1a: Thundurus|52/100|[from] item: Leftovers
|-damage|p2a: Tornadus|2/100 brn|[from] brn
|upkeep
|turn|14
|
|move|p1a: Thundurus|Hidden Power|p2a: Tornadus
|-supereffective|p2a: Tornadus
|-damage|p2a: Tornadus|0 fnt
|faint|p2a: Tornadus
|
|-weather|RainDance|[upkeep]
|-heal|p1a: Thundurus|58/100|[from] item: Leftovers
|upkeep
|
|switch|p2a: Azumarill|Azumarill, F|100/100
|turn|15
|
|move|p2a: Azumarill|Aqua Jet|p1a: Thundurus
|-damage|p1a: Thundurus|0 fnt
|faint|p1a: Thundurus
|
|-weather|RainDance|[upkeep]
|upkeep
|
|switch|p1a: Latios|Latios, M|100/100
|turn|16
|
|move|p2a: Azumarill|Aqua Jet|p1a: Latios
|-resisted|p1a: Latios
|-damage|p1a: Latios|62/100
|move|p1a: Latios|Dragon Pulse|p2a: Azumarill
|-damage|p2a: Azumarill|29/100
|
|-weather|RainDance|[upkeep]
|upkeep
|turn|17
|
|switch|p1a: Politoed|Politoed, M|100/100
|switch|p2a: Jirachi|Jirachi|68/100
|
|-weather|RainDance|[upkeep]
|-heal|p2a: Jirachi|74/100|[from] item: Leftovers
|upkeep
|turn|18
|
|move|p2a: Jirachi|Body Slam|p1a: Politoed
|-crit|p1a: Politoed
|-damage|p1a: Politoed|66/100
|move|p1a: Politoed|Scald|p2a: Jirachi
|-damage|p2a: Jirachi|50/100
|
|-weather|RainDance|[upkeep]
|-heal|p2a: Jirachi|56/100|[from] item: Leftovers
|-heal|p1a: Politoed|72/100|[from] item: Leftovers
|upkeep
|turn|19
|
|move|p2a: Jirachi|Body Slam|p1a: Politoed
|-damage|p1a: Politoed|56/100
|-status|p1a: Politoed|par
|move|p1a: Politoed|Scald|p2a: Jirachi
|-damage|p2a: Jirachi|32/100
|-status|p2a: Jirachi|brn
|
|-weather|RainDance|[upkeep]
|-heal|p2a: Jirachi|38/100 brn|[from] item: Leftovers
|-heal|p1a: Politoed|62/100 par|[from] item: Leftovers
|-damage|p2a: Jirachi|26/100 brn|[from] brn
|upkeep
|turn|20
|
|move|p1a: Politoed|Protect|p1a: Politoed
|-singleturn|p1a: Politoed|Protect
|move|p2a: Jirachi|Stealth Rock|p1a: Politoed
|-sidestart|p1: Chaos23333|move: Stealth Rock
|
|-weather|RainDance|[upkeep]
|-heal|p2a: Jirachi|32/100 brn|[from] item: Leftovers
|-heal|p1a: Politoed|68/100 par|[from] item: Leftovers
|-damage|p2a: Jirachi|20/100 brn|[from] brn
|upkeep
|turn|21
|
|move|p2a: Jirachi|Wish|p2a: Jirachi
|move|p1a: Politoed|Scald|p2a: Jirachi
|-damage|p2a: Jirachi|0 fnt
|faint|p2a: Jirachi
|
|-weather|RainDance|[upkeep]
|-heal|p1a: Politoed|74/100 par|[from] item: Leftovers
|upkeep
|
|switch|p2a: Azumarill|Azumarill, F|29/100
|turn|22
|
|move|p2a: Azumarill|Superpower|p1a: Politoed
|-damage|p1a: Politoed|16/100 par
|-unboost|p2a: Azumarill|atk|1
|-unboost|p2a: Azumarill|def|1
|move|p1a: Politoed|Toxic|p2a: Azumarill
|-status|p2a: Azumarill|tox
|
|-weather|RainDance|[upkeep]
|-heal|p2a: Azumarill|81/100 tox|[from] move: Wish|[wisher] Jirachi
|-heal|p1a: Politoed|22/100 par|[from] item: Leftovers
|-damage|p2a: Azumarill|75/100 tox|[from] psn
|upkeep
|turn|23
|
|switch|p1a: Latios|Latios, M|62/100
|-damage|p1a: Latios|50/100|[from] Stealth Rock
|move|p2a: Azumarill|Superpower|p1a: Latios
|-resisted|p1a: Latios
|-damage|p1a: Latios|16/100
|-unboost|p2a: Azumarill|atk|1
|-unboost|p2a: Azumarill|def|1
|
|-weather|RainDance|[upkeep]
|-damage|p2a: Azumarill|62/100 tox|[from] psn
|upkeep
|turn|24
|
|move|p1a: Latios|Dragon Pulse|p2a: Azumarill
|-damage|p2a: Azumarill|0 fnt
|faint|p2a: Azumarill
|
|-weather|RainDance|[upkeep]
|upkeep
|
|switch|p2a: Landorus|Landorus-Therian, M|100/100
|-ability|p2a: Landorus|Intimidate|boost
|-unboost|p1a: Latios|atk|1
|turn|25
|
|switch|p1a: Politoed|Politoed, M|22/100 par
|-damage|p1a: Politoed|10/100 par|[from] Stealth Rock
|move|p2a: Landorus|U-turn|p1a: Politoed
|-damage|p1a: Politoed|0 fnt
|faint|p1a: Politoed
|
|switch|p2a: Politoed|Politoed, F|100/100|[from]move: U-turn
|
|-weather|RainDance|[upkeep]
|upkeep
|
|switch|p1a: Latios|Latios, M|16/100
|-damage|p1a: Latios|3/100|[from] Stealth Rock
|turn|26
|j| Illthrowthegame
|
|move|p1a: Latios|Surf|p2a: Politoed
|-resisted|p2a: Politoed
|-damage|p2a: Politoed|65/100
|move|p2a: Politoed|Hidden Power|p1a: Latios
|-resisted|p1a: Latios
|-damage|p1a: Latios|0 fnt
|faint|p1a: Latios
|
|-weather|RainDance|[upkeep]
|upkeep
|
|switch|p1a: Keldeo|Keldeo|100/100
|-damage|p1a: Keldeo|94/100|[from] Stealth Rock
|turn|27
|
|move|p1a: Keldeo|Surf|p2a: Politoed
|-resisted|p2a: Politoed
|-damage|p2a: Politoed|28/100
|move|p2a: Politoed|Hidden Power|p1a: Keldeo
|-supereffective|p1a: Keldeo
|-damage|p1a: Keldeo|18/100
|
|-weather|RainDance|[upkeep]
|upkeep
|turn|28
|
|move|p1a: Keldeo|Surf|p2a: Politoed
|-resisted|p2a: Politoed
|-damage|p2a: Politoed|0 fnt
|faint|p2a: Politoed
|
|-weather|RainDance|[upkeep]
|upkeep
|c|☆Chaos23333|ggs
|
|switch|p2a: Landorus|Landorus-Therian, M|100/100
|-ability|p2a: Landorus|Intimidate|boost
|-unboost|p1a: Keldeo|atk|1
|turn|29
|
|move|p1a: Keldeo|Surf|p2a: Landorus
|-supereffective|p2a: Landorus
|-damage|p2a: Landorus|0 fnt
|faint|p2a: Landorus
|
|win|Chaos23333
|l|☆sam92
|raw|Chaos23333's rating: 1315 &rarr; <strong>1337</strong><br />(+22 for winning)
|raw|sam92's rating: 1356 &rarr; <strong>1334</strong><br />(-22 for losing)
