|j|☆phosphor
|j|☆HydreigonSpammer
|t:|1735982401
|gametype|singles
|player|p1|phosphor|#phosphor|1463
|player|p2|HydreigonSpammer|iris|1320
|teamsize|p1|6
|teamsize|p2|6
|gen|5
|tier|[Gen 5] OU
|rated|
|rule|Species Clause: Limit one of each Pokémon
|rule|OHKO Clause: OHKO moves are banned
|rule|Moody Clause: Moody is banned
|rule|Evasion Items Clause: Evasion items are banned
|rule|Evasion Moves Clause: Evasion moves are banned
|rule|Endless Battle Clause: Forcing endless battles is banned
|rule|HP Percentage Mod: HP is shown in percentages
|rule|Evasion Abilities Clause: Evasion abilities are banned
|rule|Sleep Moves Clause: Sleep-inducing moves are banned
|rule|Swagger Clause: Swagger is banned
|rule|Baton Pass Stat Clause: No Baton Passer may have a way to boost its stats
|clearpoke
|poke|p1|Abomasnow, F|item
|poke|p1|Landorus-Therian, M|item
|poke|p1|Starmie|item
|poke|p1|Mamoswine, M|item
|poke|p1|Scizor, M|item
|poke|p1|Salamence, F|item
|poke|p2|Tyranitar, M|item
|poke|p2|Starmie|item
|poke|p2|Keldeo|item
|poke|p2|Latios, M|item
|poke|p2|Terrakion|item
|poke|p2|Ferrothorn, M|item
|teampreview
|c|☆phosphor|Gl hf
|c|☆HydreigonSpammer|just have fun
|c|☆HydreigonSpammer|no luck xD
|
|t:|1735982430
|start
|switch|p1a: Abomasnow|Abomasnow, F|100/100
|switch|p2a: Tyranitar|Tyranitar, M|100/100
|-weather|Hail|[from] ability: Snow Warning|[of] p1a: Abomasnow
|-weather|Sandstorm|[from] ability: Sand Stream|[of] p2a: Tyranitar
|turn|1
|
|t:|1735982436
|switch|p1a: Landorus|Landorus-Therian, M|100/100
|-ability|p1a: Landorus|Intimidate|boost
|-unboost|p2a: Tyranitar|atk|1
|move|p2a: Tyranitar|Stone Edge|p1a: Landorus
|-damage|p1a: Landorus|38/100
|
|-weather|Sandstorm|[upkeep]
|upkeep
|turn|2
|
|t:|1735982451
|switch|p2a: Ferrothorn|Ferrothorn, M|100/100
|move|p1a: Landorus|Stealth Rock|p2a: Ferrothorn
|-sidestart|p2: HydreigonSpammer|move: Stealth Rock
|
|-weather|Sandstorm|[upkeep]
|upkeep
|turn|3
|
|t:|1735982458
|move|p1a: Landorus|Imprison|p1a: Landorus
|-start|p1a: Landorus|move: Imprison
|cant|p2a: Ferrothorn|move: Imprison|Stealth Rock
|
|-weather|Sandstorm|[upkeep]
|upkeep
|turn|4
|
|t:|1735982464
|move|p1a: Landorus|Earthquake|p2a: Ferrothorn
|-damage|p2a: Ferrothorn|58/100
|move|p2a: Ferrothorn|Seed Bomb|p1a: Landorus
|-damage|p1a: Landorus|7/100
|
|-weather|Sandstorm|[upkeep]
|-heal|p2a: Ferrothorn|64/100|[from] item: Leftovers
|upkeep
|turn|5
|
|t:|1735982472
|switch|p2a: Starmie|Starmie|100/100
|-damage|p2a: Starmie|88/100|[from] Stealth Rock
|-item|p2a: Starmie|Air Balloon
|move|p1a: Landorus|Explosion|p2a: Starmie
|-damage|p2a: Starmie|0 fnt
|-enditem|p2a: Starmie|Air Balloon
|faint|p1a: Landorus
|faint|p2a: Starmie
|
|-weather|Sandstorm|[upkeep]
|upkeep
|
|t:|1735982489
|switch|p2a: Keldeo|Keldeo|100/100
|switch|p1a: Scizor|Scizor, M|100/100
|-damage|p2a: Keldeo|94/100|[from] Stealth Rock
|turn|6
|
|t:|1735982502
|switch|p1a: Starmie|Starmie|100/100
|-item|p1a: Starmie|Air Balloon
|move|p2a: Keldeo|Scald|p1a: Starmie
|-resisted|p1a: Starmie
|-damage|p1a: Starmie|59/100
|-enditem|p1a: Starmie|Air Balloon
|
|-weather|Sandstorm|[upkeep]
|-damage|p1a: Starmie|53/100|[from] Sandstorm
|-damage|p2a: Keldeo|88/100|[from] Sandstorm
|upkeep
|turn|7
|
|t:|1735982508
|switch|p2a: Ferrothorn|Ferrothorn, M|64/100
|-damage|p2a: Ferrothorn|58/100|[from] Stealth Rock
|move|p1a: Starmie|Thunder|p2a: Ferrothorn
|-resisted|p2a: Ferrothorn
|-damage|p2a: Ferrothorn|46/100
|-status|p2a: Ferrothorn|par
|
|-weather|Sandstorm|[upkeep]
|-damage|p1a: Starmie|46/100|[from] Sandstorm
|-heal|p2a: Ferrothorn|51/100 par|[from] item: Leftovers
|upkeep
|turn|8
|
|t:|1735982513
|move|p1a: Starmie|Hidden Power|p2a: Ferrothorn
|-supereffective|p2a: Ferrothorn
|-damage|p2a: Ferrothorn|0 fnt
|faint|p2a: Ferrothorn
|
|-weather|Sandstorm|[upkeep]
|-damage|p1a: Starmie|40/100|[from] Sandstorm
|upkeep
|
|t:|1735982522
|switch|p2a: Tyranitar|Tyranitar, M|100/100
|-damage|p2a: Tyranitar|88/100|[from] Stealth Rock
|turn|9
|
|t:|1735982528
|move|p1a: Starmie|Hydro Pump|p2a: Tyranitar
|-supereffective|p2a: Tyranitar
|-damage|p2a: Tyranitar|27/100
|move|p2a: Tyranitar|Pursuit|p1a: Starmie
|-supereffective|p1a: Starmie
|-damage|p1a: Starmie|0 fnt
|faint|p1a: Starmie
|
|-weather|Sandstorm|[upkeep]
|upkeep
|
|t:|1735982544
|switch|p1a: Abomasnow|Abomasnow, F|100/100
|-weather|Hail|[from] ability: Snow Warning|[of] p1a: Abomasnow
|turn|10
|
|t:|1735982561
|move|p1a: Abomasnow|Giga Drain|p2a: Tyranitar
|-supereffective|p2a: Tyranitar
|-damage|p2a: Tyranitar|0 fnt
|faint|p2a: Tyranitar
|
|-weather|Hail|[upkeep]
|upkeep
|
|t:|1735982584
|switch|p2a: Terrakion|Terrakion|100/100
|-damage|p2a: Terrakion|94/100|[from] Stealth Rock
|turn|11
|
|t:|1735982588
|move|p2a: Terrakion|Close Combat|p1a: Abomasnow
|-supereffective|p1a: Abomasnow
|-enditem|p1a: Abomasnow|Focus Sash
|-damage|p1a: Abomasnow|1/100
|-unboost|p2a: Terrakion|def|1
|-unboost|p2a: Terrakion|spd|1
|-damage|p2a: Terrakion|84/100|[from] item: Life Orb
|move|p1a: Abomasnow|Giga Drain|p2a: Terrakion
|-supereffective|p2a: Terrakion
|-damage|p2a: Terrakion|0 fnt
|-heal|p1a: Abomasnow|43/100|[from] drain|[of] p2a: Terrakion
|faint|p2a: Terrakion
|
|-weather|Hail|[upkeep]
|upkeep
|
|t:|1735982604
|switch|p2a: Keldeo|Keldeo|88/100
|-damage|p2a: Keldeo|82/100|[from] Stealth Rock
|turn|12
|
|t:|1735982611
|move|p2a: Keldeo|Secret Sword|p1a: Abomasnow
|-supereffective|p1a: Abomasnow
|-damage|p1a: Abomasnow|0 fnt
|faint|p1a: Abomasnow
|
|-weather|Hail|[upkeep]
|-damage|p2a: Keldeo|76/100|[from] Hail
|upkeep
|
|t:|1735982615
|switch|p1a: Salamence|Salamence, F|100/100
|turn|13
|
|t:|1735982621
|move|p2a: Keldeo|Secret Sword|p1a: Salamence
|-resisted|p1a: Salamence
|-damage|p1a: Salamence|63/100
|move|p1a: Salamence|Outrage|p2a: Keldeo
|-crit|p2a: Keldeo
|-damage|p2a: Keldeo|0 fnt
|faint|p2a: Keldeo
|-ability|p1a: Salamence|Moxie|boost
|-boost|p1a: Salamence|atk|1
|
|-weather|Hail|[upkeep]
|-damage|p1a: Salamence|57/100|[from] Hail
|upkeep
|
|t:|1735982625
|switch|p2a: Latios|Latios, M|100/100
|-damage|p2a: Latios|88/100|[from] Stealth Rock
|turn|14
|
|t:|1735982628
|move|p2a: Latios|Dragon Pulse|p1a: Salamence
|-supereffective|p1a: Salamence
|-damage|p1a: Salamence|0 fnt
|faint|p1a: Salamence
|
|-weather|Hail|[upkeep]
|-damage|p2a: Latios|82/100|[from] Hail
|upkeep
|
|t:|1735982630
|switch|p1a: Scizor|Scizor, M|100/100
|turn|15
|c|☆HydreigonSpammer|gg
|-message|HydreigonSpammer forfeited.
|
|win|phosphor
|raw|phosphor's rating: 1463 &rarr; <strong>1475</strong><br />(+12 for winning)
|raw|HydreigonSpammer's rating: 1320 &rarr; <strong>1308</strong><br />(-12 for losing)
|l|☆HydreigonSpammer
|player|p2|
|c|☆phosphor|Gg
