|uhtml|medal-msg|<div class="broadcast-blue">Curious what those medals under the avatar are? PS now has Ladder Seasons! For more information, check out the <a href="https://www.smogon.com/forums/threads/3740067/">thread on Smogon.</a></div>
|uhtml|medal-msg|<div class="broadcast-blue">Curious what those medals under the avatar are? PS now has Ladder Seasons! For more information, check out the <a href="https://www.smogon.com/forums/threads/3740067/">thread on Smogon.</a></div>
|j|☆Chomp29
|j|☆tatotwat861
|t:|1712558563
|gametype|singles
|player|p1|Chomp29|lucas|1561
|player|p2|tatotwat861|266|1407
|teamsize|p1|6
|teamsize|p2|6
|gen|5
|tier|[Gen 5] OU
|rated|
|rule|Species Clause: Limit one of each Pokémon
|rule|OHKO Clause: OHKO moves are banned
|rule|Moody Clause: Moody is banned
|rule|Evasion Items Clause: Evasion items are banned
|rule|Evasion Moves Clause: Evasion moves are banned
|rule|Endless Battle Clause: Forcing endless battles is banned
|rule|HP Percentage Mod: HP is shown in percentages
|rule|Evasion Abilities Clause: Evasion abilities are banned
|rule|Sleep Moves Clause: Sleep-inducing moves are banned
|rule|Swagger Clause: Swagger is banned
|rule|Baton Pass Stat Clause: No Baton Passer may have a way to boost its stats
|clearpoke
|poke|p1|Breloom, M|item
|poke|p1|Jirachi|item
|poke|p1|Scizor, F|item
|poke|p1|Dragonite, M|item
|poke|p1|Aerodactyl, F|item
|poke|p1|Starmie|item
|poke|p2|Kyurem-Black|item
|poke|p2|Forretress, F|item
|poke|p2|Jellicent, F|item
|poke|p2|Abomasnow, M|item
|poke|p2|Skarmory, F|item
|poke|p2|Clefable, F|item
|teampreview
|inactive|Battle timer is ON: inactive players will automatically lose when time's up. (requested by tatotwat861)
|
|t:|1712558587
|start
|switch|p1a: Jirachi|Jirachi|100/100
|switch|p2a: Skarmory|Skarmory, F|100/100
|turn|1
|
|t:|1712558591
|move|p1a: Jirachi|Iron Head|p2a: Skarmory
|-resisted|p2a: Skarmory
|-damage|p2a: Skarmory|88/100
|cant|p2a: Skarmory|flinch
|
|upkeep
|turn|2
|
|t:|1712558596
|move|p1a: Jirachi|Thunder|p2a: Skarmory|[miss]
|-miss|p1a: Jirachi|p2a: Skarmory
|move|p2a: Skarmory|Stealth Rock|p1a: Jirachi
|-sidestart|p1: Chomp29|move: Stealth Rock
|
|upkeep
|turn|3
|
|t:|1712558616
|switch|p2a: Clefable|Clefable, F|100/100
|move|p1a: Jirachi|Thunder|p2a: Clefable
|-damage|p2a: Clefable|85/100
|-status|p2a: Clefable|par
|
|-heal|p2a: Clefable|91/100 par|[from] item: Leftovers
|upkeep
|turn|4
|
|t:|1712558620
|switch|p2a: Forretress|Forretress, F|100/100
|move|p1a: Jirachi|Iron Head|p2a: Forretress
|-resisted|p2a: Forretress
|-damage|p2a: Forretress|90/100
|-damage|p1a: Jirachi|84/100|[from] item: Rocky Helmet|[of] p2a: Forretress
|
|-heal|p1a: Jirachi|90/100|[from] item: Leftovers
|upkeep
|turn|5
|
|t:|1712558626
|move|p1a: Jirachi|Fire Punch|p2a: Forretress
|-supereffective|p2a: Forretress
|-damage|p2a: Forretress|37/100
|-damage|p1a: Jirachi|74/100|[from] item: Rocky Helmet|[of] p2a: Forretress
|move|p2a: Forretress|Volt Switch|p1a: Jirachi
|-damage|p1a: Jirachi|64/100
|
|t:|1712558634
|switch|p2a: Abomasnow|Abomasnow, M|100/100|[from] Volt Switch
|-weather|Hail|[from] ability: Snow Warning|[of] p2a: Abomasnow
|
|-weather|Hail|[upkeep]
|-damage|p1a: Jirachi|58/100|[from] Hail
|-heal|p1a: Jirachi|64/100|[from] item: Leftovers
|upkeep
|turn|6
|
|t:|1712558643
|switch|p2a: Forretress|Forretress, F|37/100
|move|p1a: Jirachi|Iron Head|p2a: Forretress
|-resisted|p2a: Forretress
|-damage|p2a: Forretress|26/100
|-damage|p1a: Jirachi|47/100|[from] item: Rocky Helmet|[of] p2a: Forretress
|
|-weather|Hail|[upkeep]
|-damage|p1a: Jirachi|41/100|[from] Hail
|-heal|p1a: Jirachi|47/100|[from] item: Leftovers
|upkeep
|turn|7
|
|t:|1712558646
|switch|p2a: Clefable|Clefable, F|91/100 par
|move|p1a: Jirachi|Thunder|p2a: Clefable
|-damage|p2a: Clefable|74/100 par
|
|-weather|Hail|[upkeep]
|-damage|p1a: Jirachi|41/100|[from] Hail
|-heal|p1a: Jirachi|47/100|[from] item: Leftovers
|-heal|p2a: Clefable|80/100 par|[from] item: Leftovers
|upkeep
|turn|8
|
|t:|1712558653
|move|p1a: Jirachi|Iron Head|p2a: Clefable
|-damage|p2a: Clefable|42/100 par
|cant|p2a: Clefable|flinch
|
|-weather|Hail|[upkeep]
|-damage|p1a: Jirachi|41/100|[from] Hail
|-heal|p1a: Jirachi|47/100|[from] item: Leftovers
|-heal|p2a: Clefable|48/100 par|[from] item: Leftovers
|upkeep
|turn|9
|
|t:|1712558664
|move|p1a: Jirachi|Iron Head|p2a: Clefable
|-damage|p2a: Clefable|10/100 par
|cant|p2a: Clefable|par
|
|-weather|Hail|[upkeep]
|-damage|p1a: Jirachi|41/100|[from] Hail
|-heal|p1a: Jirachi|47/100|[from] item: Leftovers
|-heal|p2a: Clefable|16/100 par|[from] item: Leftovers
|upkeep
|turn|10
|
|t:|1712558676
|move|p1a: Jirachi|Fire Punch|p2a: Clefable
|-damage|p2a: Clefable|0 fnt
|faint|p2a: Clefable
|
|-weather|Hail|[upkeep]
|-damage|p1a: Jirachi|41/100|[from] Hail
|-heal|p1a: Jirachi|47/100|[from] item: Leftovers
|upkeep
|
|t:|1712558680
|switch|p2a: Kyurem|Kyurem-Black|100/100
|-ability|p2a: Kyurem|Teravolt
|turn|11
|
|t:|1712558704
|move|p2a: Kyurem|Substitute|p2a: Kyurem
|-start|p2a: Kyurem|Substitute
|-damage|p2a: Kyurem|76/100
|move|p1a: Jirachi|Iron Head|p2a: Kyurem
|-supereffective|p2a: Kyurem
|-end|p2a: Kyurem|Substitute
|
|-weather|Hail|[upkeep]
|-damage|p1a: Jirachi|41/100|[from] Hail
|-heal|p1a: Jirachi|47/100|[from] item: Leftovers
|upkeep
|turn|12
|
|t:|1712558712
|switch|p1a: Aerodactyl|Aerodactyl, F|100/100
|-damage|p1a: Aerodactyl|76/100|[from] Stealth Rock
|move|p2a: Kyurem|Earth Power|p1a: Aerodactyl
|-immune|p1a: Aerodactyl
|
|-weather|Hail|[upkeep]
|-damage|p1a: Aerodactyl|70/100|[from] Hail
|upkeep
|turn|13
|
|t:|1712558724
|switch|p2a: Skarmory|Skarmory, F|88/100
|move|p1a: Aerodactyl|Stealth Rock|p2a: Skarmory
|-sidestart|p2: tatotwat861|move: Stealth Rock
|
|-weather|Hail|[upkeep]
|-damage|p1a: Aerodactyl|64/100|[from] Hail
|-damage|p2a: Skarmory|82/100|[from] Hail
|upkeep
|turn|14
|
|t:|1712558727
|move|p1a: Aerodactyl|Taunt|p2a: Skarmory
|-start|p2a: Skarmory|move: Taunt
|-enditem|p2a: Skarmory|Mental Herb
|-end|p2a: Skarmory|move: Taunt
|move|p2a: Skarmory|Spikes|p1a: Aerodactyl
|-sidestart|p1: Chomp29|Spikes
|
|-weather|Hail|[upkeep]
|-damage|p1a: Aerodactyl|58/100|[from] Hail
|-damage|p2a: Skarmory|76/100|[from] Hail
|upkeep
|turn|15
|
|t:|1712558734
|move|p1a: Aerodactyl|Earthquake|p2a: Skarmory
|-immune|p2a: Skarmory
|move|p2a: Skarmory|Drill Peck|p1a: Aerodactyl
|-resisted|p1a: Aerodactyl
|-damage|p1a: Aerodactyl|39/100
|
|-weather|Hail|[upkeep]
|-damage|p1a: Aerodactyl|33/100|[from] Hail
|-damage|p2a: Skarmory|70/100|[from] Hail
|upkeep
|turn|16
|
|t:|1712558737
|move|p1a: Aerodactyl|Taunt|p2a: Skarmory
|-start|p2a: Skarmory|move: Taunt
|cant|p2a: Skarmory|move: Taunt|Agility
|
|-weather|Hail|[upkeep]
|-damage|p1a: Aerodactyl|27/100|[from] Hail
|-damage|p2a: Skarmory|64/100|[from] Hail
|upkeep
|turn|17
|
|t:|1712558740
|switch|p1a: Starmie|Starmie|100/100
|-damage|p1a: Starmie|88/100|[from] Stealth Rock
|-item|p1a: Starmie|Air Balloon
|move|p2a: Skarmory|Drill Peck|p1a: Starmie
|-damage|p1a: Starmie|51/100
|-enditem|p1a: Starmie|Air Balloon
|
|-weather|Hail|[upkeep]
|-damage|p1a: Starmie|45/100|[from] Hail
|-damage|p2a: Skarmory|58/100|[from] Hail
|upkeep
|turn|18
|
|t:|1712558743
|switch|p2a: Jellicent|Jellicent, F|100/100
|-damage|p2a: Jellicent|88/100|[from] Stealth Rock
|-item|p2a: Jellicent|Air Balloon
|move|p1a: Starmie|Rapid Spin|p2a: Jellicent
|-immune|p2a: Jellicent
|
|-weather|Hail|[upkeep]
|-damage|p1a: Starmie|39/100|[from] Hail
|-damage|p2a: Jellicent|82/100|[from] Hail
|upkeep
|turn|19
|
|t:|1712558746
|move|p1a: Starmie|Thunder|p2a: Jellicent
|-supereffective|p2a: Jellicent
|-damage|p2a: Jellicent|40/100
|-enditem|p2a: Jellicent|Air Balloon
|move|p2a: Jellicent|Shadow Ball|p1a: Starmie
|-supereffective|p1a: Starmie
|-damage|p1a: Starmie|0 fnt
|faint|p1a: Starmie
|
|-weather|Hail|[upkeep]
|-damage|p2a: Jellicent|34/100|[from] Hail
|upkeep
|
|t:|1712558755
|switch|p1a: Breloom|Breloom, M|100/100
|-damage|p1a: Breloom|94/100|[from] Stealth Rock
|-damage|p1a: Breloom|82/100|[from] Spikes
|turn|20
|
|t:|1712558761
|move|p1a: Breloom|Bullet Seed|p2a: Jellicent
|-supereffective|p2a: Jellicent
|-damage|p2a: Jellicent|0 fnt
|faint|p2a: Jellicent
|-hitcount|p2: Jellicent|1
|-damage|p1a: Breloom|72/100|[from] item: Life Orb
|
|-weather|Hail|[upkeep]
|-damage|p1a: Breloom|66/100|[from] Hail
|upkeep
|
|t:|1712558776
|switch|p2a: Forretress|Forretress, F|26/100
|-damage|p2a: Forretress|14/100|[from] Stealth Rock
|turn|21
|inactive|Chomp29 has 120 seconds left.
|inactive|tatotwat861 has 120 seconds left.
|
|t:|1712558825
|move|p1a: Breloom|Bullet Seed|p2a: Forretress
|-resisted|p2a: Forretress
|-damage|p2a: Forretress|10/100
|-resisted|p2a: Forretress
|-damage|p2a: Forretress|6/100
|-hitcount|p2a: Forretress|2
|-damage|p1a: Breloom|56/100|[from] item: Life Orb
|move|p2a: Forretress|Rapid Spin|p1a: Breloom
|-damage|p1a: Breloom|49/100
|-sideend|p2: tatotwat861|Stealth Rock|[from] move: Rapid Spin|[of] p2a: Forretress
|
|-weather|Hail|[upkeep]
|-damage|p1a: Breloom|43/100|[from] Hail
|upkeep
|turn|22
|
|t:|1712558832
|move|p1a: Breloom|Bullet Seed|p2a: Forretress
|-resisted|p2a: Forretress
|-damage|p2a: Forretress|2/100
|-resisted|p2a: Forretress
|-damage|p2a: Forretress|0 fnt
|faint|p2a: Forretress
|-hitcount|p2: Forretress|2
|-damage|p1a: Breloom|33/100|[from] item: Life Orb
|
|-weather|Hail|[upkeep]
|-damage|p1a: Breloom|27/100|[from] Hail
|upkeep
|
|t:|1712558833
|switch|p2a: Abomasnow|Abomasnow, M|100/100
|turn|23
|inactive|Chomp29 has 120 seconds left.
|
|t:|1712558839
|move|p2a: Abomasnow|Ice Shard|p1a: Breloom
|-supereffective|p1a: Breloom
|-damage|p1a: Breloom|0 fnt
|faint|p1a: Breloom
|
|-weather|Hail|[upkeep]
|upkeep
|inactive|Chomp29 has 120 seconds left.
|
|t:|1712558855
|switch|p1a: Jirachi|Jirachi|47/100
|-damage|p1a: Jirachi|41/100|[from] Stealth Rock
|-damage|p1a: Jirachi|28/100|[from] Spikes
|turn|24
|
|t:|1712558860
|switch|p2a: Skarmory|Skarmory, F|58/100
|move|p1a: Jirachi|Iron Head|p2a: Skarmory
|-resisted|p2a: Skarmory
|-damage|p2a: Skarmory|43/100
|
|-weather|Hail|[upkeep]
|-damage|p1a: Jirachi|22/100|[from] Hail
|-damage|p2a: Skarmory|37/100|[from] Hail
|-heal|p1a: Jirachi|28/100|[from] item: Leftovers
|upkeep
|turn|25
|inactive|Chomp29 has 120 seconds left.
|
|t:|1712558870
|move|p1a: Jirachi|Fire Punch|p2a: Skarmory
|-supereffective|p2a: Skarmory
|-damage|p2a: Skarmory|3/100
|-status|p2a: Skarmory|brn
|move|p2a: Skarmory|Agility|p2a: Skarmory
|-boost|p2a: Skarmory|spe|2
|
|-weather|Hail|[upkeep]
|-damage|p2a: Skarmory|0 fnt|[from] Hail
|-damage|p1a: Jirachi|22/100|[from] Hail
|faint|p2a: Skarmory
|-heal|p1a: Jirachi|28/100|[from] item: Leftovers
|upkeep
|
|t:|1712558874
|switch|p2a: Kyurem|Kyurem-Black|76/100
|-ability|p2a: Kyurem|Teravolt
|turn|26
|
|t:|1712558880
|move|p2a: Kyurem|Earth Power|p1a: Jirachi
|-supereffective|p1a: Jirachi
|-crit|p1a: Jirachi
|-damage|p1a: Jirachi|0 fnt
|faint|p1a: Jirachi
|
|-weather|Hail|[upkeep]
|upkeep
|
|t:|1712558886
|switch|p1a: Scizor|Scizor, F|100/100
|-damage|p1a: Scizor|88/100|[from] Stealth Rock
|-damage|p1a: Scizor|76/100|[from] Spikes
|turn|27
|
|t:|1712558888
|move|p1a: Scizor|Bullet Punch|p2a: Kyurem
|-supereffective|p2a: Kyurem
|-enditem|p2a: Kyurem|Babiri Berry|[eat]
|-enditem|p2a: Kyurem|Babiri Berry|[weaken]
|-damage|p2a: Kyurem|34/100
|-damage|p1a: Scizor|66/100|[from] item: Life Orb
|move|p2a: Kyurem|Hidden Power|p1a: Scizor
|-supereffective|p1a: Scizor
|-damage|p1a: Scizor|0 fnt
|faint|p1a: Scizor
|
|-weather|Hail|[upkeep]
|upkeep
|inactive|Chomp29 has 120 seconds left.
|
|t:|1712558919
|switch|p1a: Aerodactyl|Aerodactyl, F|27/100
|-damage|p1a: Aerodactyl|2/100|[from] Stealth Rock
|turn|28
|inactive|Chomp29 has 120 seconds left.
|
|t:|1712558941
|move|p1a: Aerodactyl|Double-Edge|p2a: Kyurem
|-damage|p2a: Kyurem|2/100
|move|p2a: Kyurem|Ice Beam|p1a: Aerodactyl
|-supereffective|p1a: Aerodactyl
|-damage|p1a: Aerodactyl|0 fnt
|faint|p1a: Aerodactyl
|
|-weather|Hail|[upkeep]
|upkeep
|
|t:|1712558944
|switch|p1a: Dragonite|Dragonite, M|100/100
|-damage|p1a: Dragonite|75/100|[from] Stealth Rock
|turn|29
|
|t:|1712558948
|move|p1a: Dragonite|Extreme Speed|p2a: Kyurem
|-damage|p2a: Kyurem|0 fnt
|faint|p2a: Kyurem
|
|-weather|Hail|[upkeep]
|-damage|p1a: Dragonite|69/100|[from] Hail
|-heal|p1a: Dragonite|75/100|[from] item: Leftovers
|upkeep
|
|t:|1712558950
|switch|p2a: Abomasnow|Abomasnow, M|100/100
|turn|30
|
|t:|1712558956
|move|p2a: Abomasnow|Blizzard|p1a: Dragonite
|-supereffective|p1a: Dragonite
|-damage|p1a: Dragonite|0 fnt
|faint|p1a: Dragonite
|
|win|tatotwat861
|raw|Chomp29's rating: 1561 &rarr; <strong>1533</strong><br />(-28 for losing)
|raw|tatotwat861's rating: 1407 &rarr; <strong>1435</strong><br />(+28 for winning)
|l|☆Chomp29
|player|p1|
|c|☆tatotwat861|gg
