|j|☆magialice
|j|‽dhklserdtfyguhi
|t:|1731035977
|gametype|singles
|player|p1|magialice|miku-flying|1420
|player|p2|dhklserdtfyguhi|janine|1517
|teamsize|p1|6
|teamsize|p2|6
|gen|5
|tier|[Gen 5] OU
|rated|
|rule|Species Clause: Limit one of each Pokémon
|rule|OHKO Clause: OHKO moves are banned
|rule|Moody Clause: Moody is banned
|rule|Evasion Items Clause: Evasion items are banned
|rule|Evasion Moves Clause: Evasion moves are banned
|rule|Endless Battle Clause: Forcing endless battles is banned
|rule|HP Percentage Mod: HP is shown in percentages
|rule|Evasion Abilities Clause: Evasion abilities are banned
|rule|Sleep Moves Clause: Sleep-inducing moves are banned
|rule|Swagger Clause: Swagger is banned
|rule|Baton Pass Stat Clause: No Baton Passer may have a way to boost its stats
|clearpoke
|poke|p1|Alakazam, F|item
|poke|p1|Latios, M|item
|poke|p1|Tyranitar, F|item
|poke|p1|Landorus-Therian, M|item
|poke|p1|Ferrothorn, M|item
|poke|p1|Keldeo|item
|poke|p2|Tyranitar, M|item
|poke|p2|Gliscor, M|item
|poke|p2|Skarmory, M|item
|poke|p2|Latios, M|item
|poke|p2|Reuniclus, M|item
|poke|p2|Alakazam, F|item
|teampreview
|inactive|Battle timer is ON: inactive players will automatically lose when time's up. (requested by magialice)
|
|t:|1731035999
|start
|switch|p1a: Landorus|Landorus-Therian, M|100/100
|switch|p2a: Skarmory|Skarmory, M|100/100
|-ability|p1a: Landorus|Intimidate|boost
|-unboost|p2a: Skarmory|atk|1
|turn|1
|
|t:|1731036008
|move|p1a: Landorus|Stealth Rock|p2a: Skarmory
|-sidestart|p2: dhklserdtfyguhi|move: Stealth Rock
|move|p2a: Skarmory|Spikes|p1a: Landorus
|-sidestart|p1: magialice|Spikes
|
|upkeep
|turn|2
|
|t:|1731036013
|move|p1a: Landorus|U-turn|p2a: Skarmory
|-resisted|p2a: Skarmory
|-damage|p2a: Skarmory|96/100
|
|t:|1731036017
|switch|p1a: Latios|Latios, M, shiny|100/100|[from] U-turn
|move|p2a: Skarmory|Whirlwind|p1a: Latios
|drag|p1a: Ferrothorn|Ferrothorn, M|100/100
|-damage|p1a: Ferrothorn|88/100|[from] Spikes
|
|-heal|p2a: Skarmory|100/100|[from] item: Leftovers
|upkeep
|turn|3
|
|t:|1731036021
|move|p2a: Skarmory|Spikes|p1a: Ferrothorn
|-sidestart|p1: magialice|Spikes
|move|p1a: Ferrothorn|Thunder Wave|p2a: Skarmory
|-status|p2a: Skarmory|par
|
|upkeep
|turn|4
|
|t:|1731036027
|switch|p2a: Gliscor|Gliscor, M|100/100
|-damage|p2a: Gliscor|88/100|[from] Stealth Rock
|move|p1a: Ferrothorn|Spikes|p2a: Gliscor
|-sidestart|p2: dhklserdtfyguhi|Spikes
|
|-status|p2a: Gliscor|tox|[from] item: Toxic Orb
|upkeep
|turn|5
|
|t:|1731036030
|move|p2a: Gliscor|Stealth Rock|p1a: Ferrothorn
|-sidestart|p1: magialice|move: Stealth Rock
|move|p1a: Ferrothorn|Spikes|p2a: Gliscor
|-sidestart|p2: dhklserdtfyguhi|Spikes
|
|-heal|p2a: Gliscor|100/100 tox|[from] ability: Poison Heal
|upkeep
|turn|6
|
|t:|1731036032
|move|p2a: Gliscor|Earthquake|p1a: Ferrothorn
|-damage|p1a: Ferrothorn|61/100
|move|p1a: Ferrothorn|Spikes|p2a: Gliscor
|-sidestart|p2: dhklserdtfyguhi|Spikes
|
|upkeep
|turn|7
|
|t:|1731036035
|switch|p1a: Landorus|Landorus-Therian, M|100/100
|-damage|p1a: Landorus|88/100|[from] Stealth Rock
|-ability|p1a: Landorus|Intimidate|boost
|-unboost|p2a: Gliscor|atk|1
|move|p2a: Gliscor|Earthquake|p1a: Landorus
|-immune|p1a: Landorus
|
|-heal|p1a: Landorus|94/100|[from] item: Leftovers
|upkeep
|turn|8
|
|t:|1731036038
|move|p1a: Landorus|U-turn|p2a: Gliscor
|-resisted|p2a: Gliscor
|-damage|p2a: Gliscor|93/100 tox
|
|t:|1731036041
|switch|p1a: Keldeo|Keldeo|100/100|[from] U-turn
|-damage|p1a: Keldeo|84/100|[from] Spikes
|-damage|p1a: Keldeo|78/100|[from] Stealth Rock
|move|p2a: Gliscor|Knock Off|p1a: Keldeo
|-resisted|p1a: Keldeo
|-damage|p1a: Keldeo|76/100
|-ability|p1a: Keldeo|Justified|boost
|-boost|p1a: Keldeo|atk|1
|-enditem|p1a: Keldeo|Leftovers|[from] move: Knock Off|[of] p2a: Gliscor
|
|-heal|p2a: Gliscor|100/100 tox|[from] ability: Poison Heal
|upkeep
|turn|9
|
|t:|1731036045
|switch|p2a: Alakazam|Alakazam, F|100/100
|move|p1a: Keldeo|Hidden Power|p2a: Alakazam
|-supereffective|p2a: Alakazam
|-damage|p2a: Alakazam|29/100
|
|upkeep
|turn|10
|
|t:|1731036056
|switch|p1a: Ferrothorn|Ferrothorn, M|61/100
|-damage|p1a: Ferrothorn|45/100|[from] Spikes
|-damage|p1a: Ferrothorn|39/100|[from] Stealth Rock
|move|p2a: Alakazam|Grass Knot|p1a: Ferrothorn
|-resisted|p1a: Ferrothorn
|-crit|p1a: Ferrothorn
|-damage|p1a: Ferrothorn|25/100
|
|upkeep
|turn|11
|
|t:|1731036061
|switch|p1a: Latios|Latios, M, shiny|100/100
|-damage|p1a: Latios|88/100|[from] Stealth Rock
|move|p2a: Alakazam|Hidden Power|p1a: Latios
|-resisted|p1a: Latios
|-damage|p1a: Latios|76/100
|
|upkeep
|turn|12
|
|t:|1731036064
|move|p2a: Alakazam|Signal Beam|p1a: Latios
|-supereffective|p1a: Latios
|-damage|p1a: Latios|17/100
|move|p1a: Latios|Surf|p2a: Alakazam
|-damage|p2a: Alakazam|0 fnt
|faint|p2a: Alakazam
|
|upkeep
|
|t:|1731036068
|switch|p2a: Latios|Latios, M|100/100
|-damage|p2a: Latios|88/100|[from] Stealth Rock
|turn|13
|
|t:|1731036072
|switch|p1a: Ferrothorn|Ferrothorn, M|25/100
|-damage|p1a: Ferrothorn|8/100|[from] Spikes
|-damage|p1a: Ferrothorn|2/100|[from] Stealth Rock
|move|p2a: Latios|Surf|p1a: Ferrothorn
|-resisted|p1a: Ferrothorn
|-damage|p1a: Ferrothorn|0 fnt
|faint|p1a: Ferrothorn
|
|upkeep
|
|t:|1731036082
|switch|p1a: Alakazam|Alakazam, F|100/100
|turn|14
|
|t:|1731036087
|move|p1a: Alakazam|Signal Beam|p2a: Latios
|-supereffective|p2a: Latios
|-damage|p2a: Latios|35/100
|-start|p2a: Latios|confusion
|-activate|p2a: Latios|confusion
|move|p2a: Latios|Thunder Wave|p1a: Alakazam
|-status|p1a: Alakazam|par
|
|upkeep
|turn|15
|
|t:|1731036095
|-activate|p2a: Latios|confusion
|move|p2a: Latios|Draco Meteor|p1a: Alakazam
|-enditem|p1a: Alakazam|Focus Sash
|-damage|p1a: Alakazam|1/100 par
|-unboost|p2a: Latios|spa|2
|cant|p1a: Alakazam|par
|
|upkeep
|turn|16
|
|t:|1731036099
|-activate|p2a: Latios|confusion
|move|p2a: Latios|Surf|p1a: Alakazam
|-damage|p1a: Alakazam|0 fnt
|faint|p1a: Alakazam
|
|upkeep
|
|t:|1731036104
|switch|p1a: Landorus|Landorus-Therian, M|94/100
|-damage|p1a: Landorus|82/100|[from] Stealth Rock
|-ability|p1a: Landorus|Intimidate|boost
|-unboost|p2a: Latios|atk|1
|turn|17
|
|t:|1731036107
|switch|p2a: Gliscor|Gliscor, M|100/100 tox
|-damage|p2a: Gliscor|88/100 tox|[from] Stealth Rock
|move|p1a: Landorus|U-turn|p2a: Gliscor
|-resisted|p2a: Gliscor
|-crit|p2a: Gliscor
|-damage|p2a: Gliscor|71/100 tox
|
|t:|1731036111
|switch|p1a: Keldeo|Keldeo|76/100|[from] U-turn
|-damage|p1a: Keldeo|60/100|[from] Spikes
|-damage|p1a: Keldeo|53/100|[from] Stealth Rock
|
|-heal|p2a: Gliscor|83/100 tox|[from] ability: Poison Heal
|upkeep
|turn|18
|
|t:|1731036118
|move|p1a: Keldeo|Scald|p2a: Gliscor
|-supereffective|p2a: Gliscor
|-damage|p2a: Gliscor|8/100 tox
|move|p2a: Gliscor|Earthquake|p1a: Keldeo
|-damage|p1a: Keldeo|15/100
|
|-heal|p2a: Gliscor|20/100 tox|[from] ability: Poison Heal
|upkeep
|turn|19
|
|t:|1731036121
|move|p1a: Keldeo|Scald|p2a: Gliscor
|-supereffective|p2a: Gliscor
|-damage|p2a: Gliscor|0 fnt
|faint|p2a: Gliscor
|
|upkeep
|
|t:|1731036123
|switch|p2a: Latios|Latios, M|35/100
|-damage|p2a: Latios|23/100|[from] Stealth Rock
|turn|20
|
|t:|1731036126
|move|p2a: Latios|Surf|p1a: Keldeo
|-resisted|p1a: Keldeo
|-damage|p1a: Keldeo|0 fnt
|faint|p1a: Keldeo
|
|upkeep
|
|t:|1731036128
|switch|p1a: Tyranitar|Tyranitar, F|100/100
|-damage|p1a: Tyranitar|84/100|[from] Spikes
|-damage|p1a: Tyranitar|72/100|[from] Stealth Rock
|-weather|Sandstorm|[from] ability: Sand Stream|[of] p1a: Tyranitar
|turn|21
|
|t:|1731036130
|move|p2a: Latios|Thunder Wave|p1a: Tyranitar
|-status|p1a: Tyranitar|par
|move|p1a: Tyranitar|Crunch|p2a: Latios
|-supereffective|p2a: Latios
|-enditem|p2a: Latios|Colbur Berry|[eat]
|-enditem|p2a: Latios|Colbur Berry|[weaken]
|-damage|p2a: Latios|0 fnt
|faint|p2a: Latios
|
|-weather|Sandstorm|[upkeep]
|upkeep
|
|t:|1731036133
|switch|p2a: Skarmory|Skarmory, M|100/100 par
|-damage|p2a: Skarmory|88/100 par|[from] Stealth Rock
|turn|22
|
|t:|1731036136
|switch|p1a: Landorus|Landorus-Therian, M|82/100
|-damage|p1a: Landorus|70/100|[from] Stealth Rock
|-ability|p1a: Landorus|Intimidate|boost
|-unboost|p2a: Skarmory|atk|1
|cant|p2a: Skarmory|par
|
|-weather|Sandstorm|[upkeep]
|-heal|p1a: Landorus|76/100|[from] item: Leftovers
|-heal|p2a: Skarmory|94/100 par|[from] item: Leftovers
|upkeep
|turn|23
|
|t:|1731036138
|move|p1a: Landorus|Hidden Power|p2a: Skarmory
|-damage|p2a: Skarmory|79/100 par
|move|p2a: Skarmory|Whirlwind|p1a: Landorus
|drag|p1a: Tyranitar|Tyranitar, F|72/100 par
|-damage|p1a: Tyranitar|55/100 par|[from] Spikes
|-damage|p1a: Tyranitar|43/100 par|[from] Stealth Rock
|
|-weather|Sandstorm|[upkeep]
|-heal|p2a: Skarmory|85/100 par|[from] item: Leftovers
|upkeep
|turn|24
|
|t:|1731036141
|move|p1a: Tyranitar|Fire Blast|p2a: Skarmory
|-supereffective|p2a: Skarmory
|-damage|p2a: Skarmory|33/100 par
|move|p2a: Skarmory|Whirlwind|p1a: Tyranitar
|drag|p1a: Latios|Latios, M, shiny|17/100
|-damage|p1a: Latios|5/100|[from] Stealth Rock
|
|-weather|Sandstorm|[upkeep]
|-damage|p1a: Latios|0 fnt|[from] Sandstorm
|faint|p1a: Latios
|-heal|p2a: Skarmory|39/100 par|[from] item: Leftovers
|upkeep
|-message|magialice forfeited.
|
|win|dhklserdtfyguhi
|raw|magialice's rating: 1420 &rarr; <strong>1405</strong><br />(-15 for losing)
|raw|dhklserdtfyguhi's rating: 1517 &rarr; <strong>1532</strong><br />(+15 for winning)
|l|☆magialice
|player|p1|
