|j|☆fangqiang
|j|☆Crowned Crystals ♔
|t:|1716742942
|gametype|singles
|player|p1|fangqiang|lance|1440
|player|p2|Crowned Crystals ♔|lucas|1537
|teamsize|p1|6
|teamsize|p2|6
|gen|5
|tier|[Gen 5] OU
|rated|
|rule|Species Clause: Limit one of each Pokémon
|rule|OHKO Clause: OHKO moves are banned
|rule|Moody Clause: Moody is banned
|rule|Evasion Items Clause: Evasion items are banned
|rule|Evasion Moves Clause: Evasion moves are banned
|rule|Endless Battle Clause: Forcing endless battles is banned
|rule|HP Percentage Mod: HP is shown in percentages
|rule|Evasion Abilities Clause: Evasion abilities are banned
|rule|Sleep Moves Clause: Sleep-inducing moves are banned
|rule|Swagger Clause: Swagger is banned
|rule|Baton Pass Stat Clause: No Baton Passer may have a way to boost its stats
|clearpoke
|poke|p1|Tyranitar, M|item
|poke|p1|Garchomp, M|item
|poke|p1|Heatran, M|item
|poke|p1|Latios, M|item
|poke|p1|Landorus-Therian, M|item
|poke|p1|Keldeo-Resolute|item
|poke|p2|Aerodactyl, F|item
|poke|p2|Garchomp, M|item
|poke|p2|Dragonite, M|item
|poke|p2|Scizor, M|item
|poke|p2|Starmie|item
|poke|p2|Jirachi|item
|teampreview
|inactive|Battle timer is ON: inactive players will automatically lose when time's up. (requested by fangqiang)
|
|t:|1716742949
|start
|switch|p1a: Keldeo|Keldeo-Resolute|100/100
|switch|p2a: Waltuh|Aerodactyl, F|100/100
|turn|1
|
|t:|1716742958
|move|p2a: Waltuh|Stealth Rock|p1a: Keldeo
|-sidestart|p1: fangqiang|move: Stealth Rock
|move|p1a: Keldeo|Scald|p2a: Waltuh
|-supereffective|p2a: Waltuh
|-enditem|p2a: Waltuh|Focus Sash
|-damage|p2a: Waltuh|1/100
|
|upkeep
|turn|2
|
|t:|1716742966
|switch|p2a: Book of Mie|Starmie|100/100
|-item|p2a: Book of Mie|Air Balloon
|move|p1a: Keldeo|Scald|p2a: Book of Mie
|-resisted|p2a: Book of Mie
|-damage|p2a: Book of Mie|55/100
|-status|p2a: Book of Mie|brn
|-enditem|p2a: Book of Mie|Air Balloon
|
|-damage|p2a: Book of Mie|43/100 brn|[from] brn
|upkeep
|turn|3
|
|t:|1716742990
|switch|p1a: Tyranitar|Tyranitar, M, shiny|100/100
|-damage|p1a: Tyranitar|88/100|[from] Stealth Rock
|-weather|Sandstorm|[from] ability: Sand Stream|[of] p1a: Tyranitar
|move|p2a: Book of Mie|Thunderbolt|p1a: Tyranitar
|-damage|p1a: Tyranitar|71/100
|
|-weather|Sandstorm|[upkeep]
|-damage|p2a: Book of Mie|37/100 brn|[from] Sandstorm
|-damage|p2a: Book of Mie|25/100 brn|[from] brn
|upkeep
|turn|4
|
|t:|1716743003
|move|p2a: Book of Mie|Hydro Pump|p1a: Tyranitar
|-supereffective|p1a: Tyranitar
|-damage|p1a: Tyranitar|20/100
|move|p1a: Tyranitar|Pursuit|p2a: Book of Mie
|-supereffective|p2a: Book of Mie
|-damage|p2a: Book of Mie|0 fnt
|faint|p2a: Book of Mie
|
|-weather|Sandstorm|[upkeep]
|upkeep
|
|t:|1716743024
|switch|p2a: Da Baby|Jirachi|100/100
|turn|5
|
|t:|1716743028
|move|p2a: Da Baby|U-turn|p1a: Tyranitar
|-supereffective|p1a: Tyranitar
|-damage|p1a: Tyranitar|0 fnt
|faint|p1a: Tyranitar
|
|t:|1716743040
|switch|p2a: Chomp29|Garchomp, M|100/100|[from] U-turn
|
|-weather|Sandstorm|[upkeep]
|upkeep
|
|t:|1716743060
|switch|p1a: Latios|Latios, M|100/100
|-damage|p1a: Latios|88/100|[from] Stealth Rock
|turn|6
|
|t:|1716743067
|switch|p2a: Da Baby|Jirachi|100/100
|move|p1a: Latios|Dragon Pulse|p2a: Da Baby
|-resisted|p2a: Da Baby
|-damage|p2a: Da Baby|80/100
|
|-weather|Sandstorm|[upkeep]
|-damage|p1a: Latios|82/100|[from] Sandstorm
|upkeep
|turn|7
|
|t:|1716743077
|switch|p1a: Heatran|Heatran, M, shiny|100/100
|-damage|p1a: Heatran|88/100|[from] Stealth Rock
|-item|p1a: Heatran|Air Balloon
|move|p2a: Da Baby|U-turn|p1a: Heatran
|-resisted|p1a: Heatran
|-damage|p1a: Heatran|83/100
|-enditem|p1a: Heatran|Air Balloon
|
|t:|1716743080
|switch|p2a: Chomp29|Garchomp, M|100/100|[from] U-turn
|
|-weather|Sandstorm|[upkeep]
|upkeep
|turn|8
|
|t:|1716743091
|switch|p1a: Landorus|Landorus-Therian, M, shiny|100/100
|-damage|p1a: Landorus|88/100|[from] Stealth Rock
|-ability|p1a: Landorus|Intimidate|boost
|-unboost|p2a: Chomp29|atk|1
|move|p2a: Chomp29|Swords Dance|p2a: Chomp29
|-boost|p2a: Chomp29|atk|2
|
|-weather|Sandstorm|[upkeep]
|-heal|p1a: Landorus|94/100|[from] item: Leftovers
|upkeep
|turn|9
|
|t:|1716743104
|move|p2a: Chomp29|Outrage|p1a: Landorus
|-damage|p1a: Landorus|0 fnt
|faint|p1a: Landorus
|
|-weather|Sandstorm|[upkeep]
|upkeep
|
|t:|1716743114
|switch|p1a: Heatran|Heatran, M, shiny|83/100
|-damage|p1a: Heatran|71/100|[from] Stealth Rock
|turn|10
|
|t:|1716743119
|move|p2a: Chomp29|Outrage|p1a: Heatran|[from]lockedmove
|-resisted|p1a: Heatran
|-damage|p1a: Heatran|28/100
|move|p1a: Heatran|Hidden Power|p2a: Chomp29
|-supereffective|p2a: Chomp29
|-enditem|p2a: Chomp29|Focus Sash
|-damage|p2a: Chomp29|1/100
|
|-weather|Sandstorm|[upkeep]
|upkeep
|turn|11
|
|t:|1716743130
|move|p2a: Chomp29|Outrage|p1a: Heatran|[from]lockedmove
|-resisted|p1a: Heatran
|-damage|p1a: Heatran|0 fnt
|faint|p1a: Heatran
|-start|p2a: Chomp29|confusion|[fatigue]
|
|-weather|Sandstorm|[upkeep]
|upkeep
|
|t:|1716743139
|switch|p1a: Keldeo|Keldeo-Resolute|100/100
|-damage|p1a: Keldeo|94/100|[from] Stealth Rock
|turn|12
|
|t:|1716743146
|switch|p2a: Waltuh|Aerodactyl, F|1/100
|move|p1a: Keldeo|Secret Sword|p2a: Waltuh
|-damage|p2a: Waltuh|0 fnt
|faint|p2a: Waltuh
|
|-weather|Sandstorm|[upkeep]
|-damage|p1a: Keldeo|88/100|[from] Sandstorm
|upkeep
|
|t:|1716743156
|switch|p2a: Cow Cuh|Dragonite, M|100/100
|turn|13
|
|t:|1716743173
|switch|p1a: Latios|Latios, M|82/100
|-damage|p1a: Latios|70/100|[from] Stealth Rock
|move|p2a: Cow Cuh|Dragon Dance|p2a: Cow Cuh
|-boost|p2a: Cow Cuh|atk|1
|-boost|p2a: Cow Cuh|spe|1
|
|-weather|Sandstorm|[upkeep]
|-damage|p1a: Latios|64/100|[from] Sandstorm
|-damage|p2a: Cow Cuh|94/100|[from] Sandstorm
|-heal|p2a: Cow Cuh|100/100|[from] item: Leftovers
|upkeep
|turn|14
|
|t:|1716743202
|move|p1a: Latios|Dragon Pulse|p2a: Cow Cuh
|-supereffective|p2a: Cow Cuh
|-damage|p2a: Cow Cuh|52/100
|move|p2a: Cow Cuh|Outrage|p1a: Latios
|-supereffective|p1a: Latios
|-crit|p1a: Latios
|-damage|p1a: Latios|0 fnt
|faint|p1a: Latios
|
|-weather|Sandstorm|[upkeep]
|-damage|p2a: Cow Cuh|46/100|[from] Sandstorm
|-heal|p2a: Cow Cuh|52/100|[from] item: Leftovers
|upkeep
|
|t:|1716743217
|switch|p1a: Garchomp|Garchomp, M|100/100
|-damage|p1a: Garchomp|94/100|[from] Stealth Rock
|turn|15
|
|t:|1716743223
|move|p1a: Garchomp|Endure|p1a: Garchomp
|-singleturn|p1a: Garchomp|move: Endure
|move|p2a: Cow Cuh|Outrage|p1a: Garchomp|[from]lockedmove
|-supereffective|p1a: Garchomp
|-activate|p1a: Garchomp|move: Endure
|-damage|p1a: Garchomp|1/100
|-damage|p2a: Cow Cuh|40/100|[from] ability: Rough Skin|[of] p1a: Garchomp
|-enditem|p1a: Garchomp|Salac Berry|[eat]
|-boost|p1a: Garchomp|spe|1|[from] item: Salac Berry
|
|-weather|Sandstorm|[upkeep]
|-damage|p2a: Cow Cuh|34/100|[from] Sandstorm
|-heal|p2a: Cow Cuh|40/100|[from] item: Leftovers
|upkeep
|turn|16
|
|t:|1716743238
|move|p1a: Garchomp|Dual Chop|p2a: Cow Cuh
|-supereffective|p2a: Cow Cuh
|-damage|p2a: Cow Cuh|0 fnt
|faint|p2a: Cow Cuh
|-hitcount|p2: Cow Cuh|1
|
|-weather|Sandstorm|[upkeep]
|upkeep
|
|t:|1716743244
|switch|p2a: Mario for SPL|Scizor, M|100/100
|turn|17
|
|t:|1716743249
|move|p2a: Mario for SPL|Bullet Punch|p1a: Garchomp
|-damage|p1a: Garchomp|0 fnt
|-damage|p2a: Mario for SPL|88/100|[from] ability: Rough Skin|[of] p1a: Garchomp
|faint|p1a: Garchomp
|-damage|p2a: Mario for SPL|78/100|[from] item: Life Orb
|
|-weather|Sandstorm|[upkeep]
|upkeep
|
|t:|1716743257
|switch|p1a: Keldeo|Keldeo-Resolute|88/100
|-damage|p1a: Keldeo|82/100|[from] Stealth Rock
|turn|18
|
|t:|1716743262
|switch|p2a: Chomp29|Garchomp, M|1/100
|move|p1a: Keldeo|Secret Sword|p2a: Chomp29
|-damage|p2a: Chomp29|0 fnt
|faint|p2a: Chomp29
|
|-weather|Sandstorm|[upkeep]
|-damage|p1a: Keldeo|76/100|[from] Sandstorm
|upkeep
|inactive|Crowned Crystals ♔ has 120 seconds left.
|
|t:|1716743298
|switch|p2a: Mario for SPL|Scizor, M|78/100
|turn|19
|
|t:|1716743302
|move|p1a: Keldeo|Secret Sword|p2a: Mario for SPL
|-damage|p2a: Mario for SPL|5/100
|move|p2a: Mario for SPL|Superpower|p1a: Keldeo
|-damage|p1a: Keldeo|10/100
|-unboost|p2a: Mario for SPL|atk|1
|-unboost|p2a: Mario for SPL|def|1
|-damage|p2a: Mario for SPL|0 fnt|[from] item: Life Orb
|faint|p2a: Mario for SPL
|
|-weather|Sandstorm|[upkeep]
|-damage|p1a: Keldeo|4/100|[from] Sandstorm
|upkeep
|
|t:|1716743308
|switch|p2a: Da Baby|Jirachi|80/100
|turn|20
|
|t:|1716743317
|move|p2a: Da Baby|Iron Head|p1a: Keldeo
|-resisted|p1a: Keldeo
|-damage|p1a: Keldeo|0 fnt
|faint|p1a: Keldeo
|
|win|Crowned Crystals ♔
|raw|fangqiang's rating: 1440 &rarr; <strong>1425</strong><br />(-15 for losing)
|raw|Crowned Crystals ♔'s rating: 1537 &rarr; <strong>1552</strong><br />(+15 for winning)
|l|☆fangqiang
|player|p1|
|c|☆Crowned Crystals ♔|/log Crowned Crystals ♔ made this room public.
