|j|☆Goddison Rae
|j|☆AstroMigui
|t:|1746635297
|gametype|singles
|player|p1|Goddison Rae|170|1290
|player|p2|AstroMigui|hoopster|1333
|teamsize|p1|6
|teamsize|p2|6
|gen|5
|tier|[Gen 5] OU
|rated|
|rule|Species Clause: Limit one of each Pokémon
|rule|OHKO Clause: OHKO moves are banned
|rule|Moody Clause: Moody is banned
|rule|Evasion Items Clause: Evasion items are banned
|rule|Evasion Moves Clause: Evasion moves are banned
|rule|Endless Battle Clause: Forcing endless battles is banned
|rule|HP Percentage Mod: HP is shown in percentages
|rule|Evasion Abilities Clause: Evasion abilities are banned
|rule|Sleep Moves Clause: Sleep-inducing moves are banned
|rule|Swagger Clause: Swagger is banned
|rule|Baton Pass Stat Clause: No Baton Passer may have a way to boost its stats
|clearpoke
|poke|p1|Reuniclus, M|mail
|poke|p1|Forretress, L99, F|item
|poke|p1|Ambipom, F|item
|poke|p1|Jellicent, F|item
|poke|p1|Tyranitar, F|item
|poke|p1|Rotom-Heat|item
|poke|p2|Abomasnow, M|item
|poke|p2|Heatran, F|item
|poke|p2|Slowbro, F|item
|poke|p2|Landorus-Therian, M|item
|poke|p2|Latios, M|item
|poke|p2|Latias, F|item
|teampreview
|inactive|Battle timer is ON: inactive players will automatically lose when time's up. (requested by Goddison Rae)
|
|t:|1746635306
|start
|switch|p1a: Forretress|Forretress, L99, F|100/100
|switch|p2a: Kim Jong-Un|Abomasnow, M|100/100
|-weather|Hail|[from] ability: Snow Warning|[of] p2a: Kim Jong-Un
|turn|1
|
|t:|1746635312
|switch|p2a: Leon Trotsky|Heatran, F|100/100
|-item|p2a: Leon Trotsky|Air Balloon
|move|p1a: Forretress|Stealth Rock|p2a: Leon Trotsky
|-sidestart|p2: AstroMigui|move: Stealth Rock
|
|-weather|Hail|[upkeep]
|-damage|p2a: Leon Trotsky|94/100|[from] Hail
|-damage|p1a: Forretress|95/100|[from] Hail
|upkeep
|turn|2
|
|t:|1746635324
|switch|p1a: Rotom|Rotom-Heat|100/100
|move|p2a: Leon Trotsky|Magma Storm|p1a: Rotom|[miss]
|-miss|p2a: Leon Trotsky|p1a: Rotom
|
|-weather|Hail|[upkeep]
|-damage|p1a: Rotom|94/100|[from] Hail
|-damage|p2a: Leon Trotsky|88/100|[from] Hail
|-heal|p1a: Rotom|100/100|[from] item: Leftovers
|upkeep
|turn|3
|
|t:|1746635330
|move|p1a: Rotom|Volt Switch|p2a: Leon Trotsky
|-damage|p2a: Leon Trotsky|61/100
|-enditem|p2a: Leon Trotsky|Air Balloon
|
|t:|1746635332
|switch|p1a: Tyranitar|Tyranitar, F|100/100|[from] Volt Switch
|-weather|Sandstorm|[from] ability: Sand Stream|[of] p1a: Tyranitar
|move|p2a: Leon Trotsky|Sunny Day|p2a: Leon Trotsky
|-weather|SunnyDay
|
|-weather|SunnyDay|[upkeep]
|upkeep
|turn|4
|
|t:|1746635337
|move|p1a: Tyranitar|Superpower|p2a: Leon Trotsky
|-supereffective|p2a: Leon Trotsky
|-damage|p2a: Leon Trotsky|0 fnt
|-unboost|p1a: Tyranitar|atk|1
|-unboost|p1a: Tyranitar|def|1
|faint|p2a: Leon Trotsky
|
|-weather|SunnyDay|[upkeep]
|upkeep
|
|t:|1746635345
|switch|p2a: Landorus|Landorus-Therian, M|100/100
|-damage|p2a: Landorus|88/100|[from] Stealth Rock
|-ability|p2a: Landorus|Intimidate|boost
|-unboost|p1a: Tyranitar|atk|1
|turn|5
|c|☆Goddison Rae|What’s the point of sunny days with an aboma
|
|t:|1746635371
|switch|p1a: Rotom|Rotom-Heat|100/100
|move|p2a: Landorus|Stealth Rock|p1a: Rotom
|-sidestart|p1: Goddison Rae|move: Stealth Rock
|
|-weather|SunnyDay|[upkeep]
|-heal|p2a: Landorus|94/100|[from] item: Leftovers
|upkeep
|turn|6
|inactive|AstroMigui has 120 seconds left.
|c|☆AstroMigui|hail for dragon spam sunny day heatran to counter rain
|
|t:|1746635411
|move|p2a: Landorus|U-turn|p1a: Rotom
|-resisted|p1a: Rotom
|-damage|p1a: Rotom|88/100
|
|t:|1746635415
|switch|p2a: Che Guevara|Latios, M|100/100|[from] U-turn
|-damage|p2a: Che Guevara|88/100|[from] Stealth Rock
|move|p1a: Rotom|Hidden Power|p2a: Che Guevara
|-supereffective|p2a: Che Guevara
|-damage|p2a: Che Guevara|42/100
|
|-weather|SunnyDay|[upkeep]
|-heal|p1a: Rotom|94/100|[from] item: Leftovers
|upkeep
|turn|7
|inactive|AstroMigui has 120 seconds left.
|c|☆Goddison Rae|Can’t u just go aboma vs toed
|c|☆AstroMigui|Yes of course but i'm trying stuff
|c|☆AstroMigui|this team is flawed
|inactive|AstroMigui has 90 seconds left.
|
|t:|1746635453
|switch|p1a: Tyranitar|Tyranitar, F|100/100
|-damage|p1a: Tyranitar|88/100|[from] Stealth Rock
|-weather|Sandstorm|[from] ability: Sand Stream|[of] p1a: Tyranitar
|move|p2a: Che Guevara|Draco Meteor|p1a: Tyranitar
|-damage|p1a: Tyranitar|17/100
|-unboost|p2a: Che Guevara|spa|2
|
|-weather|Sandstorm|[upkeep]
|-damage|p2a: Che Guevara|36/100|[from] Sandstorm
|upkeep
|turn|8
|inactive|Goddison Rae has 120 seconds left.
|
|t:|1746635478
|move|p1a: Tyranitar|Pursuit|p2a: Che Guevara
|-supereffective|p2a: Che Guevara
|-damage|p2a: Che Guevara|0 fnt
|faint|p2a: Che Guevara
|
|-weather|Sandstorm|[upkeep]
|upkeep
|inactive|AstroMigui has 90 seconds left.
|
|t:|1746635508
|switch|p2a: Landorus|Landorus-Therian, M|94/100
|-damage|p2a: Landorus|82/100|[from] Stealth Rock
|-ability|p2a: Landorus|Intimidate|boost
|-unboost|p1a: Tyranitar|atk|1
|turn|9
|
|t:|1746635512
|switch|p1a: Forretress|Forretress, L99, F|95/100
|-damage|p1a: Forretress|82/100|[from] Stealth Rock
|move|p2a: Landorus|U-turn|p1a: Forretress
|-resisted|p1a: Forretress
|-crit|p1a: Forretress
|-damage|p1a: Forretress|65/100
|
|t:|1746635520
|switch|p2a: Joe Biden|Slowbro, F|100/100|[from] U-turn
|-damage|p2a: Joe Biden|88/100|[from] Stealth Rock
|
|-weather|Sandstorm|[upkeep]
|-damage|p2a: Joe Biden|82/100|[from] Sandstorm
|-heal|p2a: Joe Biden|88/100|[from] item: Leftovers
|upkeep
|turn|10
|inactive|AstroMigui has 90 seconds left.
|inactive|Goddison Rae has 120 seconds left.
|
|t:|1746635571
|move|p2a: Joe Biden|Fire Blast|p1a: Forretress
|-supereffective|p1a: Forretress
|-damage|p1a: Forretress|0 fnt
|faint|p1a: Forretress
|
|-weather|Sandstorm|[upkeep]
|-damage|p2a: Joe Biden|82/100|[from] Sandstorm
|-heal|p2a: Joe Biden|88/100|[from] item: Leftovers
|upkeep
|
|t:|1746635577
|switch|p1a: Rotom|Rotom-Heat|94/100
|-damage|p1a: Rotom|69/100|[from] Stealth Rock
|turn|11
|inactive|AstroMigui has 90 seconds left.
|inactive|AstroMigui has 60 seconds left.
|inactive|AstroMigui has 30 seconds left.
|inactive|AstroMigui has 20 seconds left.
|inactive|AstroMigui has 15 seconds left.
|inactive|AstroMigui has 10 seconds left.
|
|t:|1746635677
|move|p1a: Rotom|Volt Switch|p2a: Joe Biden
|-supereffective|p2a: Joe Biden
|-damage|p2a: Joe Biden|30/100
|inactive|AstroMigui has 15 seconds left this turn.
|
|t:|1746635680
|switch|p1a: Jellicent|Jellicent, F|100/100|[from] Volt Switch
|-damage|p1a: Jellicent|88/100|[from] Stealth Rock
|move|p2a: Joe Biden|Scald|p1a: Jellicent
|-heal|p1a: Jellicent|100/100|[from] ability: Water Absorb|[of] p2a: Joe Biden
|
|-weather|Sandstorm|[upkeep]
|-damage|p1a: Jellicent|94/100|[from] Sandstorm
|-damage|p2a: Joe Biden|24/100|[from] Sandstorm
|-heal|p2a: Joe Biden|30/100|[from] item: Leftovers
|upkeep
|turn|12
|inactive|AstroMigui has 25 seconds left this turn.
|
|t:|1746635684
|switch|p2a: Kim Jong-Un|Abomasnow, M|100/100
|-damage|p2a: Kim Jong-Un|75/100|[from] Stealth Rock
|-weather|Hail|[from] ability: Snow Warning|[of] p2a: Kim Jong-Un
|move|p1a: Jellicent|Shadow Ball|p2a: Kim Jong-Un
|-crit|p2a: Kim Jong-Un
|-damage|p2a: Kim Jong-Un|31/100
|
|-weather|Hail|[upkeep]
|-damage|p1a: Jellicent|88/100|[from] Hail
|-heal|p2a: Kim Jong-Un|37/100|[from] item: Leftovers
|upkeep
|turn|13
|inactive|AstroMigui has 30 seconds left.
|
|t:|1746635698
|move|p1a: Jellicent|Shadow Ball|p2a: Kim Jong-Un
|-damage|p2a: Kim Jong-Un|15/100
|move|p2a: Kim Jong-Un|Blizzard|p1a: Jellicent
|-resisted|p1a: Jellicent
|-damage|p1a: Jellicent|73/100
|-enditem|p1a: Jellicent|Eject Button
|
|t:|1746635702
|switch|p1a: Ambipom|Ambipom, F|100/100
|-damage|p1a: Ambipom|88/100|[from] Stealth Rock
|
|-weather|Hail|[upkeep]
|-damage|p1a: Ambipom|82/100|[from] Hail
|-heal|p2a: Kim Jong-Un|21/100|[from] item: Leftovers
|upkeep
|turn|14
|
|t:|1746635705
|move|p2a: Kim Jong-Un|Protect|p2a: Kim Jong-Un
|-singleturn|p2a: Kim Jong-Un|Protect
|move|p1a: Ambipom|U-turn|p2a: Kim Jong-Un
|-activate|p2a: Kim Jong-Un|move: Protect
|
|-weather|Hail|[upkeep]
|-damage|p1a: Ambipom|76/100|[from] Hail
|-heal|p2a: Kim Jong-Un|27/100|[from] item: Leftovers
|upkeep
|turn|15
|
|t:|1746635710
|switch|p2a: Landorus|Landorus-Therian, M|82/100
|-damage|p2a: Landorus|69/100|[from] Stealth Rock
|-ability|p2a: Landorus|Intimidate|boost
|-unboost|p1a: Ambipom|atk|1
|move|p1a: Ambipom|U-turn|p2a: Landorus
|-resisted|p2a: Landorus
|-damage|p2a: Landorus|62/100
|
|t:|1746635714
|switch|p1a: Rotom|Rotom-Heat|69/100|[from] U-turn
|-damage|p1a: Rotom|44/100|[from] Stealth Rock
|
|-weather|Hail|[upkeep]
|-damage|p2a: Landorus|56/100|[from] Hail
|-damage|p1a: Rotom|38/100|[from] Hail
|-heal|p2a: Landorus|62/100|[from] item: Leftovers
|-heal|p1a: Rotom|44/100|[from] item: Leftovers
|upkeep
|turn|16
|
|t:|1746635718
|move|p2a: Landorus|U-turn|p1a: Rotom
|-resisted|p1a: Rotom
|-damage|p1a: Rotom|31/100
|
|t:|1746635723
|switch|p2a: Kim Jong-Un|Abomasnow, M|27/100|[from] U-turn
|-damage|p2a: Kim Jong-Un|2/100|[from] Stealth Rock
|move|p1a: Rotom|Hidden Power|p2a: Kim Jong-Un
|-damage|p2a: Kim Jong-Un|0 fnt
|faint|p2a: Kim Jong-Un
|
|-weather|Hail|[upkeep]
|-damage|p1a: Rotom|25/100|[from] Hail
|-heal|p1a: Rotom|31/100|[from] item: Leftovers
|upkeep
|inactive|AstroMigui has 60 seconds left.
|
|t:|1746635740
|switch|p2a: Joe Biden|Slowbro, F|63/100
|-damage|p2a: Joe Biden|51/100|[from] Stealth Rock
|turn|17
|
|t:|1746635745
|move|p1a: Rotom|Volt Switch|p2a: Joe Biden
|-supereffective|p2a: Joe Biden
|-damage|p2a: Joe Biden|0 fnt
|faint|p2a: Joe Biden
|-message|AstroMigui forfeited.
|
|win|Goddison Rae
|raw|Goddison Rae's rating: 1261 &rarr; <strong>1291</strong><br />(+30 for winning)
|raw|AstroMigui's rating: 1333 &rarr; <strong>1309</strong><br />(-24 for losing)
|l|☆AstroMigui
|player|p2|
