|j|☆HydreigonSpammer
|j|☆Bkcheese
|t:|1736569812
|gametype|singles
|player|p1|HydreigonSpammer|iris|1405
|player|p2|Bkcheese|1|1465
|teamsize|p1|6
|teamsize|p2|6
|gen|5
|tier|[Gen 5] OU
|rated|
|rule|Species Clause: Limit one of each Pokémon
|rule|OHKO Clause: OHKO moves are banned
|rule|Moody Clause: Moody is banned
|rule|Evasion Items Clause: Evasion items are banned
|rule|Evasion Moves Clause: Evasion moves are banned
|rule|Endless Battle Clause: Forcing endless battles is banned
|rule|HP Percentage Mod: HP is shown in percentages
|rule|Evasion Abilities Clause: Evasion abilities are banned
|rule|Sleep Moves Clause: Sleep-inducing moves are banned
|rule|Swagger Clause: Swagger is banned
|rule|Baton Pass Stat Clause: No Baton Passer may have a way to boost its stats
|clearpoke
|poke|p1|Tyranitar, M|item
|poke|p1|Landorus-Therian, M|item
|poke|p1|Garchomp, M|item
|poke|p1|Latios, M|item
|poke|p1|Jirachi|item
|poke|p1|Hydreigon, F|item
|poke|p2|Gyarados, F|item
|poke|p2|Politoed, M|item
|poke|p2|Alakazam, M|item
|poke|p2|Ferrothorn, M|item
|poke|p2|Latios, M|item
|poke|p2|Excadrill, F|item
|teampreview
|c|☆Bkcheese|We gotta switch our teams up by now
|c|☆Bkcheese|lmao
|c|☆Bkcheese|Doesn’t help that uk I’m all scarf
|
|t:|1736569872
|start
|switch|p1a: Garchomp|Garchomp, M|100/100
|switch|p2a: Politoed|Politoed, M|100/100
|-weather|RainDance|[from] ability: Drizzle|[of] p2a: Politoed
|turn|1
|inactive|Battle timer is ON: inactive players will automatically lose when time's up. (requested by Bkcheese)
|
|t:|1736569900
|move|p1a: Garchomp|Outrage|p2a: Politoed
|-damage|p2a: Politoed|0 fnt
|faint|p2a: Politoed
|
|-weather|RainDance|[upkeep]
|upkeep
|
|t:|1736569911
|switch|p2a: Ferrothorn|Ferrothorn, M|100/100
|turn|2
|
|t:|1736569913
|move|p1a: Garchomp|Outrage|p2a: Ferrothorn|[from]lockedmove
|-resisted|p2a: Ferrothorn
|-damage|p2a: Ferrothorn|69/100
|-damage|p1a: Garchomp|88/100|[from] ability: Iron Barbs|[of] p2a: Ferrothorn
|move|p2a: Ferrothorn|Stealth Rock|p1a: Garchomp
|-sidestart|p1: HydreigonSpammer|move: Stealth Rock
|
|-weather|RainDance|[upkeep]
|-heal|p2a: Ferrothorn|75/100|[from] item: Leftovers
|upkeep
|turn|3
|
|t:|1736569917
|move|p1a: Garchomp|Outrage|p2a: Ferrothorn|[from]lockedmove
|-resisted|p2a: Ferrothorn
|-damage|p2a: Ferrothorn|43/100
|-damage|p1a: Garchomp|76/100|[from] ability: Iron Barbs|[of] p2a: Ferrothorn
|-start|p1a: Garchomp|confusion|[fatigue]
|move|p2a: Ferrothorn|Spikes|p1a: Garchomp
|-sidestart|p1: HydreigonSpammer|Spikes
|
|-weather|RainDance|[upkeep]
|-heal|p2a: Ferrothorn|49/100|[from] item: Leftovers
|upkeep
|turn|4
|
|t:|1736569934
|switch|p1a: Hydreigon|Hydreigon, F, shiny|100/100
|-damage|p1a: Hydreigon|88/100|[from] Stealth Rock
|move|p2a: Ferrothorn|Spikes|p1a: Hydreigon
|-sidestart|p1: HydreigonSpammer|Spikes
|
|-weather|RainDance|[upkeep]
|-heal|p1a: Hydreigon|94/100|[from] item: Leftovers
|-heal|p2a: Ferrothorn|55/100|[from] item: Leftovers
|upkeep
|turn|5
|
|t:|1736569941
|move|p1a: Hydreigon|Substitute|p1a: Hydreigon
|-start|p1a: Hydreigon|Substitute
|-damage|p1a: Hydreigon|69/100
|move|p2a: Ferrothorn|Endeavor|p1a: Hydreigon
|-activate|p1a: Hydreigon|Substitute|[damage]
|
|-weather|RainDance|[upkeep]
|-heal|p1a: Hydreigon|76/100|[from] item: Leftovers
|-heal|p2a: Ferrothorn|61/100|[from] item: Leftovers
|upkeep
|turn|6
|
|t:|1736569949
|move|p1a: Hydreigon|Fire Blast|p2a: Ferrothorn
|-supereffective|p2a: Ferrothorn
|-damage|p2a: Ferrothorn|8/100
|-status|p2a: Ferrothorn|brn
|move|p2a: Ferrothorn|Endeavor|p1a: Hydreigon
|-end|p1a: Hydreigon|Substitute
|
|-weather|RainDance|[upkeep]
|-heal|p1a: Hydreigon|82/100|[from] item: Leftovers
|-heal|p2a: Ferrothorn|14/100 brn|[from] item: Leftovers
|-damage|p2a: Ferrothorn|1/100 brn|[from] brn
|upkeep
|turn|7
|
|t:|1736569965
|move|p1a: Hydreigon|Dark Pulse|p2a: Ferrothorn
|-resisted|p2a: Ferrothorn
|-damage|p2a: Ferrothorn|0 fnt
|faint|p2a: Ferrothorn
|
|-weather|RainDance|[upkeep]
|-heal|p1a: Hydreigon|88/100|[from] item: Leftovers
|upkeep
|
|t:|1736569984
|switch|p2a: Gyarados|Gyarados, F|100/100
|turn|8
|
|t:|1736570002
|move|p2a: Gyarados|Outrage|p1a: Hydreigon
|-supereffective|p1a: Hydreigon
|-crit|p1a: Hydreigon
|-damage|p1a: Hydreigon|0 fnt
|faint|p1a: Hydreigon
|-ability|p2a: Gyarados|Moxie|boost
|-boost|p2a: Gyarados|atk|1
|
|-weather|RainDance|[upkeep]
|upkeep
|
|t:|1736570017
|switch|p1a: Landorus|Landorus-Therian, M|100/100
|-damage|p1a: Landorus|88/100|[from] Stealth Rock
|-ability|p1a: Landorus|Intimidate|boost
|-unboost|p2a: Gyarados|atk|1
|turn|9
|
|t:|1736570020
|move|p1a: Landorus|U-turn|p2a: Gyarados
|-resisted|p2a: Gyarados
|-damage|p2a: Gyarados|86/100
|
|t:|1736570026
|switch|p1a: Jirachi|Jirachi|100/100|[from] U-turn
|-damage|p1a: Jirachi|94/100|[from] Stealth Rock
|-damage|p1a: Jirachi|78/100|[from] Spikes
|move|p2a: Gyarados|Outrage|p1a: Jirachi|[from]lockedmove
|-resisted|p1a: Jirachi
|-damage|p1a: Jirachi|58/100
|
|-weather|RainDance|[upkeep]
|-heal|p1a: Jirachi|64/100|[from] item: Leftovers
|upkeep
|turn|10
|
|t:|1736570032
|move|p2a: Gyarados|Outrage|p1a: Jirachi|[from]lockedmove
|-resisted|p1a: Jirachi
|-damage|p1a: Jirachi|46/100
|-start|p2a: Gyarados|confusion|[fatigue]
|move|p1a: Jirachi|Stealth Rock|p2a: Gyarados
|-sidestart|p2: Bkcheese|move: Stealth Rock
|
|-weather|RainDance|[upkeep]
|-heal|p1a: Jirachi|52/100|[from] item: Leftovers
|upkeep
|turn|11
|
|t:|1736570040
|switch|p2a: Excadrill|Excadrill, F|100/100
|-damage|p2a: Excadrill|97/100|[from] Stealth Rock
|-ability|p2a: Excadrill|Mold Breaker
|move|p1a: Jirachi|U-turn|p2a: Excadrill
|-resisted|p2a: Excadrill
|-damage|p2a: Excadrill|85/100
|
|t:|1736570047
|switch|p1a: Latios|Latios, M|100/100|[from] U-turn
|-damage|p1a: Latios|88/100|[from] Stealth Rock
|
|-weather|RainDance|[upkeep]
|upkeep
|turn|12
|
|t:|1736570057
|switch|p2a: Gyarados|Gyarados, F|86/100
|-damage|p2a: Gyarados|61/100|[from] Stealth Rock
|move|p1a: Latios|Surf|p2a: Gyarados
|-resisted|p2a: Gyarados
|-crit|p2a: Gyarados
|-damage|p2a: Gyarados|8/100
|
|-weather|RainDance|[upkeep]
|upkeep
|turn|13
|
|t:|1736570065
|move|p1a: Latios|Surf|p2a: Gyarados
|-resisted|p2a: Gyarados
|-damage|p2a: Gyarados|0 fnt
|faint|p2a: Gyarados
|
|-weather|RainDance|[upkeep]
|upkeep
|
|t:|1736570067
|switch|p2a: Latios|Latios, M|100/100
|-damage|p2a: Latios|88/100|[from] Stealth Rock
|turn|14
|
|t:|1736570080
|switch|p1a: Jirachi|Jirachi|52/100
|-damage|p1a: Jirachi|46/100|[from] Stealth Rock
|-damage|p1a: Jirachi|30/100|[from] Spikes
|move|p2a: Latios|Surf|p1a: Jirachi
|-damage|p1a: Jirachi|0 fnt
|faint|p1a: Jirachi
|
|-weather|RainDance|[upkeep]
|upkeep
|
|t:|1736570085
|switch|p1a: Tyranitar|Tyranitar, M|100/100
|-damage|p1a: Tyranitar|88/100|[from] Stealth Rock
|-damage|p1a: Tyranitar|71/100|[from] Spikes
|-weather|Sandstorm|[from] ability: Sand Stream|[of] p1a: Tyranitar
|turn|15
|
|t:|1736570088
|move|p2a: Latios|Surf|p1a: Tyranitar
|-supereffective|p1a: Tyranitar
|-damage|p1a: Tyranitar|46/100
|move|p1a: Tyranitar|Crunch|p2a: Latios
|-supereffective|p2a: Latios
|-damage|p2a: Latios|0 fnt
|faint|p2a: Latios
|
|-weather|Sandstorm|[upkeep]
|upkeep
|
|t:|1736570095
|switch|p2a: Excadrill|Excadrill, F|85/100
|-damage|p2a: Excadrill|82/100|[from] Stealth Rock
|-ability|p2a: Excadrill|Mold Breaker
|turn|16
|
|t:|1736570102
|move|p2a: Excadrill|Iron Head|p1a: Tyranitar
|-supereffective|p1a: Tyranitar
|-damage|p1a: Tyranitar|0 fnt
|faint|p1a: Tyranitar
|
|-weather|Sandstorm|[upkeep]
|upkeep
|
|t:|1736570105
|switch|p1a: Landorus|Landorus-Therian, M|88/100
|-damage|p1a: Landorus|76/100|[from] Stealth Rock
|-ability|p1a: Landorus|Intimidate|boost
|-unboost|p2a: Excadrill|atk|1
|turn|17
|c|☆HydreigonSpammer|gg xd
|c|☆Bkcheese|Gg
|c|☆Bkcheese|wp
|c|☆HydreigonSpammer|choice band garchomp > win
|c|☆Bkcheese|U outscarfed me
|inactive|Bkcheese has 120 seconds left.
|c|☆Bkcheese|Yeah ifwi
|
|t:|1736570141
|move|p1a: Landorus|Earthquake|p2a: Excadrill
|-supereffective|p2a: Excadrill
|-damage|p2a: Excadrill|0 fnt
|faint|p2a: Excadrill
|
|-weather|Sandstorm|[upkeep]
|upkeep
|
|t:|1736570143
|switch|p2a: Alakazam|Alakazam, M|100/100
|turn|18
|
|t:|1736570147
|move|p1a: Landorus|Earthquake|p2a: Alakazam
|-enditem|p2a: Alakazam|Focus Sash
|-damage|p2a: Alakazam|1/100
|move|p2a: Alakazam|Hidden Power|p1a: Landorus
|-supereffective|p1a: Landorus
|-damage|p1a: Landorus|0 fnt
|faint|p1a: Landorus
|
|-weather|Sandstorm|[upkeep]
|upkeep
|
|t:|1736570151
|switch|p1a: Latios|Latios, M|88/100
|-damage|p1a: Latios|76/100|[from] Stealth Rock
|turn|19
|
|t:|1736570156
|move|p1a: Latios|Surf|p2a: Alakazam
|-damage|p2a: Alakazam|0 fnt
|faint|p2a: Alakazam
|
|win|HydreigonSpammer
|raw|HydreigonSpammer's rating: 1405 &rarr; <strong>1428</strong><br />(+23 for winning)
|raw|Bkcheese's rating: 1465 &rarr; <strong>1442</strong><br />(-23 for losing)
