|j|☆Salutethewolf
|j|☆iohpyvgcfgcj
|t:|1746229049
|gametype|singles
|player|p1|Salutethewolf|hugh|1309
|player|p2|iohpyvgcfgcj|nate|1370
|teamsize|p1|6
|teamsize|p2|6
|gen|5
|tier|[Gen 5] OU
|rated|
|rule|Species Clause: Limit one of each Pokémon
|rule|OHKO Clause: OHKO moves are banned
|rule|Moody Clause: Moody is banned
|rule|Evasion Items Clause: Evasion items are banned
|rule|Evasion Moves Clause: Evasion moves are banned
|rule|Endless Battle Clause: Forcing endless battles is banned
|rule|HP Percentage Mod: HP is shown in percentages
|rule|Evasion Abilities Clause: Evasion abilities are banned
|rule|Sleep Moves Clause: Sleep-inducing moves are banned
|rule|Swagger Clause: Swagger is banned
|rule|Baton Pass Stat Clause: No Baton Passer may have a way to boost its stats
|clearpoke
|poke|p1|Staraptor, F|item
|poke|p1|Metagross|item
|poke|p1|Latios, M|item
|poke|p1|Gliscor, M|item
|poke|p1|Starmie|item
|poke|p1|Scizor, F|item
|poke|p2|Slowking, F|item
|poke|p2|Excadrill, F|item
|poke|p2|Kyurem|item
|poke|p2|Skarmory, M|item
|poke|p2|Tyranitar, M|item
|poke|p2|Terrakion|item
|teampreview
|inactive|Battle timer is ON: inactive players will automatically lose when time's up. (requested by Salutethewolf)
|inactive|iohpyvgcfgcj has 120 seconds left.
|
|t:|1746229084
|start
|switch|p1a: Scizor|Scizor, F|100/100
|switch|p2a: Excadrill|Excadrill, F, shiny|100/100
|-ability|p2a: Excadrill|Mold Breaker
|turn|1
|
|t:|1746229101
|move|p1a: Scizor|Superpower|p2a: Excadrill
|-supereffective|p2a: Excadrill
|-damage|p2a: Excadrill|0 fnt
|-unboost|p1a: Scizor|atk|1
|-unboost|p1a: Scizor|def|1
|faint|p2a: Excadrill
|
|upkeep
|
|t:|1746229107
|switch|p2a: Slowking|Slowking, F, shiny|100/100
|turn|2
|
|t:|1746229111
|switch|p1a: Starmie|Starmie|100/100
|move|p2a: Slowking|Scald|p1a: Starmie
|-resisted|p1a: Starmie
|-damage|p1a: Starmie|85/100
|
|-heal|p1a: Starmie|91/100|[from] item: Leftovers
|upkeep
|turn|3
|
|t:|1746229120
|switch|p2a: Kyurem|Kyurem, shiny|100/100
|-ability|p2a: Kyurem|Pressure
|move|p1a: Starmie|Toxic|p2a: Kyurem
|-status|p2a: Kyurem|tox
|
|-heal|p1a: Starmie|97/100|[from] item: Leftovers
|-damage|p2a: Kyurem|94/100 tox|[from] psn
|upkeep
|turn|4
|
|t:|1746229132
|switch|p1a: Scizor|Scizor, F|100/100
|move|p2a: Kyurem|Earth Power|p1a: Scizor
|-damage|p1a: Scizor|57/100
|
|-damage|p2a: Kyurem|82/100 tox|[from] psn
|upkeep
|turn|5
|
|t:|1746229141
|switch|p2a: Skarmory|Skarmory, M, shiny|100/100
|move|p1a: Scizor|U-turn|p2a: Skarmory
|-resisted|p2a: Skarmory
|-damage|p2a: Skarmory|95/100
|
|t:|1746229148
|switch|p1a: Starmie|Starmie|97/100|[from] U-turn
|
|-heal|p1a: Starmie|100/100|[from] item: Leftovers
|upkeep
|turn|6
|
|t:|1746229154
|switch|p2a: Kyurem|Kyurem, shiny|82/100 tox
|-ability|p2a: Kyurem|Pressure
|move|p1a: Starmie|Scald|p2a: Kyurem
|-resisted|p2a: Kyurem
|-damage|p2a: Kyurem|70/100 tox
|
|-damage|p2a: Kyurem|64/100 tox|[from] psn
|upkeep
|turn|7
|
|t:|1746229166
|move|p2a: Kyurem|Draco Meteor|p1a: Starmie
|-damage|p1a: Starmie|10/100
|-unboost|p2a: Kyurem|spa|2
|move|p1a: Starmie|Recover|p1a: Starmie
|-heal|p1a: Starmie|60/100
|
|-heal|p1a: Starmie|67/100|[from] item: Leftovers
|-damage|p2a: Kyurem|51/100 tox|[from] psn
|upkeep
|turn|8
|
|t:|1746229180
|switch|p2a: Tyranitar|Tyranitar, M, shiny|100/100
|-weather|Sandstorm|[from] ability: Sand Stream|[of] p2a: Tyranitar
|move|p1a: Starmie|Scald|p2a: Tyranitar
|-supereffective|p2a: Tyranitar
|-crit|p2a: Tyranitar
|-damage|p2a: Tyranitar|52/100
|-status|p2a: Tyranitar|brn
|
|-weather|Sandstorm|[upkeep]
|-damage|p1a: Starmie|60/100|[from] Sandstorm
|-heal|p1a: Starmie|67/100|[from] item: Leftovers
|-heal|p2a: Tyranitar|59/100 brn|[from] item: Leftovers
|-damage|p2a: Tyranitar|46/100 brn|[from] brn
|upkeep
|turn|9
|
|t:|1746229195
|switch|p1a: Metagross|Metagross|100/100
|move|p2a: Tyranitar|Rest|p2a: Tyranitar
|-status|p2a: Tyranitar|slp|[from] move: Rest
|-heal|p2a: Tyranitar|100/100 slp|[silent]
|
|-weather|Sandstorm|[upkeep]
|upkeep
|turn|10
|
|t:|1746229205
|switch|p1a: Gliscor|Gliscor, M|100/100
|switch|p2a: Slowking|Slowking, F, shiny|100/100
|
|-weather|Sandstorm|[upkeep]
|-damage|p2a: Slowking|94/100|[from] Sandstorm
|-status|p1a: Gliscor|tox|[from] item: Toxic Orb
|upkeep
|turn|11
|
|t:|1746229220
|switch|p1a: Metagross|Metagross|100/100
|move|p2a: Slowking|Ice Beam|p1a: Metagross
|-resisted|p1a: Metagross
|-damage|p1a: Metagross|88/100
|
|-weather|Sandstorm|[upkeep]
|-damage|p2a: Slowking|88/100|[from] Sandstorm
|upkeep
|turn|12
|
|t:|1746229230
|move|p1a: Metagross|Stealth Rock|p2a: Slowking
|-sidestart|p2: iohpyvgcfgcj|move: Stealth Rock
|move|p2a: Slowking|Scald|p1a: Metagross
|-damage|p1a: Metagross|58/100
|
|-weather|Sandstorm|[upkeep]
|-damage|p2a: Slowking|82/100|[from] Sandstorm
|upkeep
|turn|13
|
|t:|1746229240
|switch|p1a: Starmie|Starmie|67/100
|move|p2a: Slowking|Slack Off|p2a: Slowking
|-heal|p2a: Slowking|100/100
|
|-weather|Sandstorm|[upkeep]
|-damage|p1a: Starmie|60/100|[from] Sandstorm
|-damage|p2a: Slowking|94/100|[from] Sandstorm
|-heal|p1a: Starmie|67/100|[from] item: Leftovers
|upkeep
|turn|14
|
|t:|1746229251
|move|p1a: Starmie|Scald|p2a: Slowking
|-resisted|p2a: Slowking
|-damage|p2a: Slowking|85/100
|move|p2a: Slowking|Scald|p1a: Starmie
|-resisted|p1a: Starmie
|-damage|p1a: Starmie|50/100
|
|-weather|Sandstorm|[upkeep]
|-damage|p1a: Starmie|44/100|[from] Sandstorm
|-damage|p2a: Slowking|79/100|[from] Sandstorm
|-heal|p1a: Starmie|50/100|[from] item: Leftovers
|upkeep
|turn|15
|
|t:|1746229262
|switch|p2a: Tyranitar|Tyranitar, M, shiny|100/100 slp
|-damage|p2a: Tyranitar|88/100 slp|[from] Stealth Rock
|move|p1a: Starmie|Recover|p1a: Starmie
|-heal|p1a: Starmie|100/100
|
|-weather|Sandstorm|[upkeep]
|-damage|p1a: Starmie|94/100|[from] Sandstorm
|-heal|p1a: Starmie|100/100|[from] item: Leftovers
|-heal|p2a: Tyranitar|94/100 slp|[from] item: Leftovers
|upkeep
|turn|16
|
|t:|1746229273
|move|p1a: Starmie|Scald|p2a: Tyranitar
|-supereffective|p2a: Tyranitar
|-damage|p2a: Tyranitar|71/100 slp
|cant|p2a: Tyranitar|slp
|move|p2a: Tyranitar|Sleep Talk|p2a: Tyranitar
|move|p2a: Tyranitar|Rock Slide|p1a: Starmie|[from] move: Sleep Talk
|-damage|p1a: Starmie|73/100
|
|-weather|Sandstorm|[upkeep]
|-damage|p1a: Starmie|67/100|[from] Sandstorm
|-heal|p1a: Starmie|73/100|[from] item: Leftovers
|-heal|p2a: Tyranitar|78/100 slp|[from] item: Leftovers
|upkeep
|turn|17
|
|t:|1746229289
|switch|p1a: Scizor|Scizor, F|57/100
|cant|p2a: Tyranitar|slp
|move|p2a: Tyranitar|Sleep Talk|p2a: Tyranitar
|move|p2a: Tyranitar|Rock Slide|p1a: Scizor|[from] move: Sleep Talk
|-crit|p1a: Scizor
|-damage|p1a: Scizor|0 fnt
|faint|p1a: Scizor
|
|-weather|Sandstorm|[upkeep]
|-heal|p2a: Tyranitar|84/100 slp|[from] item: Leftovers
|upkeep
|
|t:|1746229307
|switch|p1a: Staraptor|Staraptor, F|100/100
|turn|18
|
|t:|1746229323
|switch|p2a: Slowking|Slowking, F, shiny|100/100
|-damage|p2a: Slowking|88/100|[from] Stealth Rock
|move|p1a: Staraptor|U-turn|p2a: Slowking
|-supereffective|p2a: Slowking
|-damage|p2a: Slowking|17/100
|
|t:|1746229334
|switch|p1a: Latios|Latios, M|100/100|[from] U-turn
|
|-weather|Sandstorm|[upkeep]
|-damage|p1a: Latios|95/100|[from] Sandstorm
|-damage|p2a: Slowking|11/100|[from] Sandstorm
|upkeep
|turn|19
|
|t:|1746229341
|switch|p2a: Kyurem|Kyurem, shiny|51/100 tox
|-damage|p2a: Kyurem|27/100 tox|[from] Stealth Rock
|-ability|p2a: Kyurem|Pressure
|move|p1a: Latios|Draco Meteor|p2a: Kyurem
|-supereffective|p2a: Kyurem
|-damage|p2a: Kyurem|0 fnt
|-unboost|p1a: Latios|spa|2
|faint|p2a: Kyurem
|-damage|p1a: Latios|85/100|[from] item: Life Orb
|
|-weather|Sandstorm|[upkeep]
|-damage|p1a: Latios|79/100|[from] Sandstorm
|upkeep
|
|t:|1746229350
|switch|p2a: Skarmory|Skarmory, M, shiny|95/100
|-damage|p2a: Skarmory|82/100|[from] Stealth Rock
|turn|20
|
|t:|1746229363
|switch|p1a: Starmie|Starmie|73/100
|move|p2a: Skarmory|Curse|p2a: Skarmory
|-unboost|p2a: Skarmory|spe|1
|-boost|p2a: Skarmory|atk|1
|-boost|p2a: Skarmory|def|1
|
|-weather|Sandstorm|[upkeep]
|-damage|p1a: Starmie|67/100|[from] Sandstorm
|-heal|p1a: Starmie|73/100|[from] item: Leftovers
|upkeep
|turn|21
|
|t:|1746229378
|move|p1a: Starmie|Scald|p2a: Skarmory
|-damage|p2a: Skarmory|53/100
|move|p2a: Skarmory|Brave Bird|p1a: Starmie
|-damage|p1a: Starmie|29/100
|-damage|p2a: Skarmory|39/100|[from] Recoil
|
|-weather|Sandstorm|[upkeep]
|-damage|p1a: Starmie|23/100|[from] Sandstorm
|-heal|p1a: Starmie|29/100|[from] item: Leftovers
|upkeep
|turn|22
|
|t:|1746229389
|move|p1a: Starmie|Recover|p1a: Starmie
|-heal|p1a: Starmie|79/100
|move|p2a: Skarmory|Roost|p2a: Skarmory
|-heal|p2a: Skarmory|89/100
|-singleturn|p2a: Skarmory|move: Roost
|
|-weather|Sandstorm|[upkeep]
|-damage|p1a: Starmie|73/100|[from] Sandstorm
|-heal|p1a: Starmie|79/100|[from] item: Leftovers
|upkeep
|turn|23
|j| Amphi N enjoyer
|
|t:|1746229413
|move|p1a: Starmie|Scald|p2a: Skarmory
|-damage|p2a: Skarmory|60/100
|move|p2a: Skarmory|Curse|p2a: Skarmory
|-unboost|p2a: Skarmory|spe|1
|-boost|p2a: Skarmory|atk|1
|-boost|p2a: Skarmory|def|1
|
|-weather|Sandstorm|[upkeep]
|-damage|p1a: Starmie|73/100|[from] Sandstorm
|-heal|p1a: Starmie|79/100|[from] item: Leftovers
|upkeep
|turn|24
|
|t:|1746229425
|move|p1a: Starmie|Scald|p2a: Skarmory
|-damage|p2a: Skarmory|33/100
|move|p2a: Skarmory|Roost|p2a: Skarmory
|-heal|p2a: Skarmory|83/100
|-singleturn|p2a: Skarmory|move: Roost
|
|-weather|Sandstorm|[upkeep]
|-damage|p1a: Starmie|73/100|[from] Sandstorm
|-heal|p1a: Starmie|79/100|[from] item: Leftovers
|upkeep
|turn|25
|
|t:|1746229436
|move|p1a: Starmie|Scald|p2a: Skarmory
|-damage|p2a: Skarmory|56/100
|-status|p2a: Skarmory|brn
|move|p2a: Skarmory|Curse|p2a: Skarmory
|-unboost|p2a: Skarmory|spe|1
|-boost|p2a: Skarmory|atk|1
|-boost|p2a: Skarmory|def|1
|
|-weather|Sandstorm|[upkeep]
|-damage|p1a: Starmie|73/100|[from] Sandstorm
|-heal|p1a: Starmie|79/100|[from] item: Leftovers
|-damage|p2a: Skarmory|44/100 brn|[from] brn
|upkeep
|turn|26
|
|t:|1746229450
|move|p1a: Starmie|Scald|p2a: Skarmory
|-damage|p2a: Skarmory|16/100 brn
|move|p2a: Skarmory|Roost|p2a: Skarmory
|-heal|p2a: Skarmory|67/100 brn
|-singleturn|p2a: Skarmory|move: Roost
|
|-weather|Sandstorm|[upkeep]
|-damage|p1a: Starmie|73/100|[from] Sandstorm
|-heal|p1a: Starmie|79/100|[from] item: Leftovers
|-damage|p2a: Skarmory|54/100 brn|[from] brn
|upkeep
|turn|27
|
|t:|1746229462
|move|p1a: Starmie|Scald|p2a: Skarmory
|-damage|p2a: Skarmory|27/100 brn
|move|p2a: Skarmory|Roost|p2a: Skarmory
|-heal|p2a: Skarmory|77/100 brn
|-singleturn|p2a: Skarmory|move: Roost
|
|-weather|Sandstorm|[upkeep]
|-damage|p1a: Starmie|73/100|[from] Sandstorm
|-heal|p1a: Starmie|79/100|[from] item: Leftovers
|-damage|p2a: Skarmory|65/100 brn|[from] brn
|upkeep
|turn|28
|
|t:|1746229474
|move|p1a: Starmie|Scald|p2a: Skarmory
|-damage|p2a: Skarmory|37/100 brn
|move|p2a: Skarmory|Roost|p2a: Skarmory
|-heal|p2a: Skarmory|87/100 brn
|-singleturn|p2a: Skarmory|move: Roost
|
|-weather|Sandstorm|[upkeep]
|-damage|p1a: Starmie|73/100|[from] Sandstorm
|-heal|p1a: Starmie|79/100|[from] item: Leftovers
|-damage|p2a: Skarmory|75/100 brn|[from] brn
|upkeep
|turn|29
|
|t:|1746229486
|move|p1a: Starmie|Scald|p2a: Skarmory
|-damage|p2a: Skarmory|44/100 brn
|move|p2a: Skarmory|Curse|p2a: Skarmory
|-unboost|p2a: Skarmory|spe|1
|-boost|p2a: Skarmory|atk|1
|-boost|p2a: Skarmory|def|1
|
|-weather|Sandstorm|[upkeep]
|-damage|p1a: Starmie|73/100|[from] Sandstorm
|-heal|p1a: Starmie|79/100|[from] item: Leftovers
|-damage|p2a: Skarmory|31/100 brn|[from] brn
|upkeep
|turn|30
|
|t:|1746229499
|move|p1a: Starmie|Scald|p2a: Skarmory
|-damage|p2a: Skarmory|4/100 brn
|move|p2a: Skarmory|Roost|p2a: Skarmory
|-heal|p2a: Skarmory|54/100 brn
|-singleturn|p2a: Skarmory|move: Roost
|
|-weather|Sandstorm|[upkeep]
|-damage|p1a: Starmie|73/100|[from] Sandstorm
|-heal|p1a: Starmie|79/100|[from] item: Leftovers
|-damage|p2a: Skarmory|41/100 brn|[from] brn
|upkeep
|turn|31
|inactive|Salutethewolf has 120 seconds left.
|
|t:|1746229526
|move|p1a: Starmie|Scald|p2a: Skarmory
|-damage|p2a: Skarmory|13/100 brn
|move|p2a: Skarmory|Roost|p2a: Skarmory
|-heal|p2a: Skarmory|63/100 brn
|-singleturn|p2a: Skarmory|move: Roost
|
|-weather|Sandstorm|[upkeep]
|-damage|p1a: Starmie|73/100|[from] Sandstorm
|-heal|p1a: Starmie|79/100|[from] item: Leftovers
|-damage|p2a: Skarmory|50/100 brn|[from] brn
|upkeep
|turn|32
|inactive|Salutethewolf has 120 seconds left.
|
|t:|1746229538
|move|p1a: Starmie|Scald|p2a: Skarmory
|-crit|p2a: Skarmory
|-damage|p2a: Skarmory|0 fnt
|faint|p2a: Skarmory
|
|-weather|Sandstorm|[upkeep]
|-damage|p1a: Starmie|73/100|[from] Sandstorm
|-heal|p1a: Starmie|79/100|[from] item: Leftovers
|upkeep
|
|t:|1746229543
|switch|p2a: Terrakion|Terrakion, shiny|100/100
|-damage|p2a: Terrakion|94/100|[from] Stealth Rock
|turn|33
|
|t:|1746229554
|switch|p1a: Metagross|Metagross|58/100
|move|p2a: Terrakion|Stone Edge|p1a: Metagross|[miss]
|-miss|p2a: Terrakion|p1a: Metagross
|
|-weather|Sandstorm|[upkeep]
|upkeep
|turn|34
|
|t:|1746229564
|switch|p2a: Tyranitar|Tyranitar, M, shiny|84/100 slp
|-damage|p2a: Tyranitar|71/100 slp|[from] Stealth Rock
|move|p1a: Metagross|Earthquake|p2a: Tyranitar
|-supereffective|p2a: Tyranitar
|-damage|p2a: Tyranitar|27/100 slp
|
|-weather|Sandstorm|[upkeep]
|-heal|p2a: Tyranitar|34/100 slp|[from] item: Leftovers
|upkeep
|turn|35
|
|t:|1746229574
|move|p1a: Metagross|Earthquake|p2a: Tyranitar
|-supereffective|p2a: Tyranitar
|-damage|p2a: Tyranitar|0 fnt
|faint|p2a: Tyranitar
|
|-weather|Sandstorm|[upkeep]
|upkeep
|
|t:|1746229591
|switch|p2a: Terrakion|Terrakion, shiny|94/100
|-damage|p2a: Terrakion|88/100|[from] Stealth Rock
|turn|36
|
|t:|1746229598
|switch|p2a: Slowking|Slowking, F, shiny|45/100
|-damage|p2a: Slowking|32/100|[from] Stealth Rock
|move|p1a: Metagross|Stealth Rock||[still]
|-fail|p1a: Metagross
|
|-weather|Sandstorm|[upkeep]
|-damage|p2a: Slowking|26/100|[from] Sandstorm
|upkeep
|turn|37
|
|t:|1746229608
|move|p1a: Metagross|Earthquake|p2a: Slowking
|-damage|p2a: Slowking|0 fnt
|faint|p2a: Slowking
|
|-weather|Sandstorm|[upkeep]
|upkeep
|-message|iohpyvgcfgcj forfeited.
|
|win|Salutethewolf
|raw|Salutethewolf's rating: 1309 &rarr; <strong>1332</strong><br />(+23 for winning)
|raw|iohpyvgcfgcj's rating: 1370 &rarr; <strong>1347</strong><br />(-23 for losing)
|l|☆iohpyvgcfgcj
|player|p2|
