|join|Princess Deluks917
|join|jul14n
|player|p1|Princess Deluks917|23
|player|p2|jul14n|#julian
|gametype|singles
|gen|5
|tier|[Gen 5] OU
|rated
|rule|Evasion Abilities Clause: Evasion abilities are banned
|clearpoke
|poke|p1|Politoed, M
|poke|p1|Gliscor, M
|poke|p1|Kyurem
|poke|p1|Chansey, F
|poke|p1|Tentacruel, M
|poke|p1|Skarmory, M
|poke|p2|Breloom, F
|poke|p2|Volcarona, F
|poke|p2|Starmie
|poke|p2|Garchomp, M
|poke|p2|Dragonite, M
|poke|p2|Jirachi
|rule|Sleep Clause Mod: Limit one foe put to sleep
|rule|Species Clause: Limit one of each Pokemon
|rule|OHKO Clause: OHKO moves are banned
|rule|Moody Clause: Moody is banned
|rule|Evasion Moves Clause: Evasion moves are banned
|rule|Endless Battle Clause: Forcing endless battles is banned.
|rule|HP Percentage Mod: HP is reported as percentages
|teampreview
|
|start
|switch|p1a: Princess Lyon|Kyurem|404/404
|switch|p2a: Garchomp|Garchomp, M|357/357
|-ability|p1a: Princess Lyon|Pressure
|turn|1
|
|switch|p1a: Princess Gajeel|Skarmory, M|334/334
|move|p2a: Garchomp|Stealth Rock|p1a: Princess Gajeel
|-sidestart|p1: Princess Deluks917|move: Stealth Rock
|
|turn|2
|
|move|p2a: Garchomp|Fire Blast|p1a: Princess Gajeel
|-supereffective|p1a: Princess Gajeel
|-damage|p1a: Princess Gajeel|136/334
|move|p1a: Princess Gajeel|Spikes|p2a: Garchomp
|-sidestart|p2: jul14n|Spikes
|
|-heal|p1a: Princess Gajeel|156/334|[from] item: Leftovers
|turn|3
|
|switch|p2a: Starmie|Starmie|261/261
|-damage|p2a: Starmie|229/261|[from] Spikes
|switch|p1a: Princess Juvia|Politoed, M|384/384
|-damage|p1a: Princess Juvia|336/384|[from] Stealth Rock
|-weather|RainDance|[from] ability: Drizzle|[of] p1a: Princess Juvia
|
|-weather|RainDance|[upkeep]
|-heal|p1a: Princess Juvia|360/384|[from] item: Leftovers
|turn|4
|
|move|p1a: Princess Juvia|Protect|p1a: Princess Juvia
|-singleturn|p1a: Princess Juvia|Protect
|move|p2a: Starmie|Rapid Spin|p1a: Princess Juvia
|-activate|p1a: Princess Juvia|Protect
|
|-weather|RainDance|[upkeep]
|-heal|p1a: Princess Juvia|384/384|[from] item: Leftovers
|turn|5
|
|switch|p1a: Princess Porlyus|Chansey, F|642/642
|-damage|p1a: Princess Porlyus|562/642|[from] Stealth Rock
|move|p2a: Starmie|Rapid Spin|p1a: Princess Porlyus
|-damage|p1a: Princess Porlyus|539/642
|-sideend|p2: jul14n|Spikes|[from] move: Rapid Spin|[of] p2a: Starmie
|-damage|p2a: Starmie|203/261|[from] item: Life Orb
|
|-weather|RainDance|[upkeep]
|turn|6
|
|switch|p2a: Garchomp|Garchomp, M|357/357
|move|p1a: Princess Porlyus|Stealth Rock|p2a: Garchomp
|-sidestart|p2: jul14n|move: Stealth Rock
|
|-weather|RainDance|[upkeep]
|turn|7
|
|switch|p2a: Starmie|Starmie|203/261
|-damage|p2a: Starmie|171/261|[from] Stealth Rock
|move|p1a: Princess Porlyus|Toxic|p2a: Starmie
|-status|p2a: Starmie|tox
|
|-weather|RainDance|[upkeep]
|-damage|p2a: Starmie|155/261 tox|[from] psn
|turn|8
|
|switch|p2a: Jirachi|Jirachi|341/341
|-damage|p2a: Jirachi|320/341|[from] Stealth Rock
|move|p1a: Princess Porlyus|Seismic Toss|p2a: Jirachi
|-damage|p2a: Jirachi|220/341
|
|-weather|RainDance|[upkeep]
|turn|9
|
|switch|p1a: Tentacruel|Tentacruel, M|364/364
|-damage|p1a: Tentacruel|319/364|[from] Stealth Rock
|move|p2a: Jirachi|Trick|p1a: Tentacruel
|-activate|p2a: Jirachi|move: Trick|[of] p1a: Tentacruel
|-item|p1a: Tentacruel|Choice Scarf|[from] move: Trick
|-item|p2a: Jirachi|Leftovers|[from] move: Trick
|
|-weather|RainDance|[upkeep]
|-heal|p1a: Tentacruel|341/364|[from] ability: Rain Dish
|-heal|p2a: Jirachi|241/341|[from] item: Leftovers
|turn|10
|
|move|p1a: Tentacruel|Rapid Spin|p2a: Jirachi
|-resisted|p2a: Jirachi
|-damage|p2a: Jirachi|237/341
|-sideend|p1: Princess Deluks917|Stealth Rock|[from] move: Rapid Spin|[of] p1a: Tentacruel
|move|p2a: Jirachi|U-turn|p1a: Tentacruel
|-resisted|p1a: Tentacruel
|-damage|p1a: Tentacruel|301/364
|
|switch|p2a: Starmie|Starmie|155/261 tox
|-damage|p2a: Starmie|123/261 tox|[from] Stealth Rock
|
|-weather|RainDance|[upkeep]
|-heal|p1a: Tentacruel|323/364|[from] ability: Rain Dish
|-damage|p2a: Starmie|107/261 tox|[from] psn
|turn|11
|
|switch|p1a: Princess Porlyus|Chansey, F|539/642
|move|p2a: Starmie|Rapid Spin|p1a: Princess Porlyus
|-damage|p1a: Princess Porlyus|514/642
|-sideend|p2: jul14n|Stealth Rock|[from] move: Rapid Spin|[of] p2a: Starmie
|-damage|p2a: Starmie|81/261 tox|[from] item: Life Orb
|
|-weather|RainDance|[upkeep]
|-damage|p2a: Starmie|49/261 tox|[from] psn
|turn|12
|
|switch|p2a: Breloom|Breloom, F|262/262
|move|p1a: Princess Porlyus|Stealth Rock|p2a: Breloom
|-sidestart|p2: jul14n|move: Stealth Rock
|
|-weather|RainDance|[upkeep]
|turn|13
|
|switch|p1a: Princess Juvia|Politoed, M|384/384
|move|p2a: Breloom|Low Sweep|p1a: Princess Juvia
|-damage|p1a: Princess Juvia|224/384
|-unboost|p1a: Princess Juvia|spe|1
|
|-weather|RainDance|[upkeep]
|-heal|p1a: Princess Juvia|248/384|[from] item: Leftovers
|turn|14
|
|switch|p1a: Tentacruel|Tentacruel, M|323/364
|move|p2a: Breloom|Bullet Seed|p1a: Tentacruel
|-damage|p1a: Tentacruel|226/364
|-damage|p1a: Tentacruel|139/364
|-hitcount|p1a: Tentacruel|2
|
|-weather|RainDance|[upkeep]
|-heal|p1a: Tentacruel|161/364|[from] ability: Rain Dish
|turn|15
|
|move|p1a: Tentacruel|Scald|p2a: Breloom
|-resisted|p2a: Breloom
|-damage|p2a: Breloom|181/262
|move|p2a: Breloom|Bullet Seed|p1a: Tentacruel
|-damage|p1a: Tentacruel|64/364
|-damage|p1a: Tentacruel|0 fnt
|-hitcount|p1a: Tentacruel|2
|faint|p1a: Tentacruel
|
|-weather|RainDance|[upkeep]
|
|switch|p1a: Princess Lyon|Kyurem|404/404
|-ability|p1a: Princess Lyon|Pressure
|turn|16
|
|move|p2a: Breloom|Mach Punch|p1a: Princess Lyon
|-supereffective|p1a: Princess Lyon
|-damage|p1a: Princess Lyon|168/404
|move|p1a: Princess Lyon|Ice Beam|p2a: Breloom
|-supereffective|p2a: Breloom
|-damage|p2a: Breloom|0 fnt
|faint|p2a: Breloom
|
|-weather|RainDance|[upkeep]
|-heal|p1a: Princess Lyon|193/404|[from] item: Leftovers
|
|switch|p2a: Starmie|Starmie|49/261 tox
|-damage|p2a: Starmie|17/261 tox|[from] Stealth Rock
|turn|17
|
|move|p2a: Starmie|Rapid Spin|p1a: Princess Lyon
|-damage|p1a: Princess Lyon|177/404
|-sideend|p2: jul14n|Stealth Rock|[from] move: Rapid Spin|[of] p2a: Starmie
|-damage|p2a: Starmie|0 fnt|[from] item: Life Orb
|faint|p2a: Starmie
|move|p1a: Princess Lyon|Substitute|p1a: Princess Lyon
|-start|p1a: Princess Lyon|Substitute
|-damage|p1a: Princess Lyon|76/404
|
|-weather|RainDance|[upkeep]
|-heal|p1a: Princess Lyon|101/404|[from] item: Leftovers
|
|switch|p2a: Jirachi|Jirachi|237/341
|turn|18
|
|move|p2a: Jirachi|Iron Head|p1a: Princess Lyon
|-supereffective|p1a: Princess Lyon
|-end|p1a: Princess Lyon|Substitute
|move|p1a: Princess Lyon|Earth Power|p2a: Jirachi
|-supereffective|p2a: Jirachi
|-damage|p2a: Jirachi|0 fnt
|faint|p2a: Jirachi
|
|-weather|RainDance|[upkeep]
|-heal|p1a: Princess Lyon|126/404|[from] item: Leftovers
|
|switch|p2a: Garchomp|Garchomp, M|357/357
|turn|19
|
|move|p2a: Garchomp|Earthquake|p1a: Princess Lyon
|-damage|p1a: Princess Lyon|0 fnt
|faint|p1a: Princess Lyon
|
|-weather|RainDance|[upkeep]
|
|switch|p1a: Princess Gajeel|Skarmory, M|156/334
|turn|20
|
|switch|p2a: Volcarona|Volcarona, F|311/311
|move|p1a: Princess Gajeel|Roost|p1a: Princess Gajeel
|-heal|p1a: Princess Gajeel|323/334
|
|-weather|RainDance|[upkeep]
|-heal|p1a: Princess Gajeel|334/334|[from] item: Leftovers
|turn|21
|
|switch|p1a: Princess Porlyus|Chansey, F|514/642
|move|p2a: Volcarona|Fiery Dance|p1a: Princess Porlyus
|-damage|p1a: Princess Porlyus|474/642
|-boost|p2a: Volcarona|spa|1
|
|-weather|RainDance|[upkeep]
|turn|22
|join|Hikari-Kun!
|
|switch|p2a: Garchomp|Garchomp, M|357/357
|move|p1a: Princess Porlyus|Toxic|p2a: Garchomp
|-status|p2a: Garchomp|tox
|
|-weather|RainDance|[upkeep]
|-damage|p2a: Garchomp|335/357 tox|[from] psn
|turn|23
|
|move|p2a: Garchomp|Earthquake|p1a: Princess Porlyus
|-damage|p1a: Princess Porlyus|245/642
|move|p1a: Princess Porlyus|Soft-Boiled|p1a: Princess Porlyus
|-heal|p1a: Princess Porlyus|566/642
|
|-weather|RainDance|[upkeep]
|-damage|p2a: Garchomp|291/357 tox|[from] psn
|turn|24
|
|switch|p2a: Dragonite|Dragonite, M|323/323
|move|p1a: Princess Porlyus|Soft-Boiled|p1a: Princess Porlyus
|-heal|p1a: Princess Porlyus|642/642
|
|-weather|RainDance|[upkeep]
|turn|25
|
|switch|p1a: Princess Gajeel|Skarmory, M|334/334
|move|p2a: Dragonite|Dragon Dance|p2a: Dragonite
|-boost|p2a: Dragonite|atk|1
|-boost|p2a: Dragonite|spe|1
|
|-weather|RainDance|[upkeep]
|turn|26
|
|move|p2a: Dragonite|Fire Punch|p1a: Princess Gajeel
|-supereffective|p1a: Princess Gajeel
|-damage|p1a: Princess Gajeel|238/334
|move|p1a: Princess Gajeel|Whirlwind|p2a: Dragonite
|drag|p2a: Garchomp|Garchomp, M|291/357 tox
|
|-weather|RainDance|[upkeep]
|-heal|p1a: Princess Gajeel|258/334|[from] item: Leftovers
|-damage|p2a: Garchomp|269/357 tox|[from] psn
|turn|27
|
|move|p2a: Garchomp|Fire Blast|p1a: Princess Gajeel
|-supereffective|p1a: Princess Gajeel
|-damage|p1a: Princess Gajeel|166/334
|move|p1a: Princess Gajeel|Spikes|p2a: Garchomp
|-sidestart|p2: jul14n|Spikes
|
|-weather|RainDance|[upkeep]
|-heal|p1a: Princess Gajeel|186/334|[from] item: Leftovers
|-damage|p2a: Garchomp|225/357 tox|[from] psn
|turn|28
|
|move|p2a: Garchomp|Stealth Rock|p1a: Princess Gajeel
|-sidestart|p1: Princess Deluks917|move: Stealth Rock
|move|p1a: Princess Gajeel|Roost|p1a: Princess Gajeel
|-heal|p1a: Princess Gajeel|334/334
|
|-weather|RainDance|[upkeep]
|-damage|p2a: Garchomp|159/357 tox|[from] psn
|turn|29
|join|Princess Elsa
|
|move|p2a: Garchomp|Fire Blast|p1a: Princess Gajeel
|-supereffective|p1a: Princess Gajeel
|-damage|p1a: Princess Gajeel|232/334
|move|p1a: Princess Gajeel|Spikes|p2a: Garchomp
|-sidestart|p2: jul14n|Spikes
|
|-weather|RainDance|[upkeep]
|-heal|p1a: Princess Gajeel|252/334|[from] item: Leftovers
|-damage|p2a: Garchomp|71/357 tox|[from] psn
|turn|30
|
|switch|p2a: Volcarona|Volcarona, F|311/311
|-damage|p2a: Volcarona|260/311|[from] Spikes
|move|p1a: Princess Gajeel|Roost|p1a: Princess Gajeel
|-heal|p1a: Princess Gajeel|334/334
|
|-weather|RainDance|[upkeep]
|turn|31
|
|switch|p1a: Princess Porlyus|Chansey, F|642/642
|-damage|p1a: Princess Porlyus|562/642|[from] Stealth Rock
|move|p2a: Volcarona|Fiery Dance|p1a: Princess Porlyus
|-damage|p1a: Princess Porlyus|517/642
|-boost|p2a: Volcarona|spa|1
|
|-weather|RainDance|[upkeep]
|turn|32
|
|move|p2a: Volcarona|Quiver Dance|p2a: Volcarona
|-boost|p2a: Volcarona|spa|1
|-boost|p2a: Volcarona|spd|1
|-boost|p2a: Volcarona|spe|1
|move|p1a: Princess Porlyus|Stealth Rock|p2a: Volcarona
|-sidestart|p2: jul14n|move: Stealth Rock
|
|-weather|RainDance|[upkeep]
|turn|33
|
|move|p2a: Volcarona|Fiery Dance|p1a: Princess Porlyus
|-damage|p1a: Princess Porlyus|432/642
|-boost|p2a: Volcarona|spa|1
|move|p1a: Princess Porlyus|Toxic|p2a: Volcarona
|-status|p2a: Volcarona|tox
|-enditem|p2a: Volcarona|Lum Berry|[eat]
|-curestatus|p2a: Volcarona|tox
|
|-weather|RainDance|[upkeep]
|turn|34
|
|move|p2a: Volcarona|Fiery Dance|p1a: Princess Porlyus
|-damage|p1a: Princess Porlyus|323/642
|-boost|p2a: Volcarona|spa|1
|move|p1a: Princess Porlyus|Toxic|p2a: Volcarona
|-status|p2a: Volcarona|tox
|
|-weather|RainDance|[upkeep]
|-damage|p2a: Volcarona|241/311 tox|[from] psn
|turn|35
|
|move|p2a: Volcarona|Bug Buzz|p1a: Princess Porlyus
|-crit|p1a: Princess Porlyus
|-damage|p1a: Princess Porlyus|0 fnt
|faint|p1a: Princess Porlyus
|
|-weather|RainDance|[upkeep]
|-damage|p2a: Volcarona|203/311 tox|[from] psn
|
|switch|p1a: Princess Juvia|Politoed, M|248/384
|-damage|p1a: Princess Juvia|200/384|[from] Stealth Rock
|turn|36
|
|move|p1a: Princess Juvia|Protect|p1a: Princess Juvia
|-singleturn|p1a: Princess Juvia|Protect
|move|p2a: Volcarona|Giga Drain|p1a: Princess Juvia
|-activate|p1a: Princess Juvia|Protect
|
|-weather|RainDance|[upkeep]
|-heal|p1a: Princess Juvia|224/384|[from] item: Leftovers
|-damage|p2a: Volcarona|146/311 tox|[from] psn
|turn|37
|
|switch|p1a: Princess Gajeel|Skarmory, M|334/334
|-damage|p1a: Princess Gajeel|293/334|[from] Stealth Rock
|move|p2a: Volcarona|Fiery Dance|p1a: Princess Gajeel
|-supereffective|p1a: Princess Gajeel
|-damage|p1a: Princess Gajeel|0 fnt
|-boost|p2a: Volcarona|spa|1
|faint|p1a: Princess Gajeel
|
|-weather|RainDance|[upkeep]
|-damage|p2a: Volcarona|70/311 tox|[from] psn
|
|switch|p1a: Princess Juvia|Politoed, M|224/384
|-damage|p1a: Princess Juvia|176/384|[from] Stealth Rock
|turn|38
|
|move|p1a: Princess Juvia|Protect|p1a: Princess Juvia
|-singleturn|p1a: Princess Juvia|Protect
|move|p2a: Volcarona|Giga Drain|p1a: Princess Juvia
|-activate|p1a: Princess Juvia|Protect
|
|-weather|RainDance|[upkeep]
|-heal|p1a: Princess Juvia|200/384|[from] item: Leftovers
|-damage|p2a: Volcarona|0 fnt|[from] psn
|faint|p2a: Volcarona
|
|switch|p2a: Dragonite|Dragonite, M|323/323
|-damage|p2a: Dragonite|243/323|[from] Stealth Rock
|turn|39
|
|move|p2a: Dragonite|Dragon Dance|p2a: Dragonite
|-boost|p2a: Dragonite|atk|1
|-boost|p2a: Dragonite|spe|1
|move|p1a: Princess Juvia|Ice Beam|p2a: Dragonite
|-crit|p2a: Dragonite
|-supereffective|p2a: Dragonite
|-damage|p2a: Dragonite|0 fnt
|faint|p2a: Dragonite
|
|-weather|RainDance|[upkeep]
|-heal|p1a: Princess Juvia|224/384|[from] item: Leftovers
|chat|Princess Deluks917|gg
|-message|jul14n forfeited.
|
|win|Princess Deluks917
|raw|Ladder updating...
|leave|jul14n
|player|p2
|raw|Princess Deluks917's rating: 1554 &rarr; <strong>1575</strong><br />(+21 for winning)
|raw|jul14n's rating: 1572 &rarr; <strong>1551</strong><br />(-21 for losing)
|leave|Princess Elsa