|html|<div class="broadcast-blue"><strong>[Gen 5] OU is currently suspecting Volcarona & Cloyster! For information on how to participate check out the <a href="https://www.smogon.com/forums/threads/re-cloyster-volcarona-in-bw-ou-survey-post-29.3731863/page-2#post-9904362">suspect thread</a>.</strong></div>
|j|☆irgendwasmitmeeem
|j|☆staggertagger
|t:|1704236332
|gametype|singles
|player|p1|irgendwasmitmeeem|lucas|1393
|player|p2|staggertagger|backers|1343
|teamsize|p1|6
|teamsize|p2|6
|gen|5
|tier|[Gen 5] OU
|rated|
|rule|Species Clause: Limit one of each Pokémon
|rule|OHKO Clause: OHKO moves are banned
|rule|Moody Clause: Moody is banned
|rule|Evasion Items Clause: Evasion items are banned
|rule|Evasion Moves Clause: Evasion moves are banned
|rule|Endless Battle Clause: Forcing endless battles is banned
|rule|HP Percentage Mod: HP is shown in percentages
|rule|Evasion Abilities Clause: Evasion abilities are banned
|rule|Sleep Moves Clause: Sleep-inducing moves are banned
|rule|Swagger Clause: Swagger is banned
|rule|Baton Pass Stat Clause: No Baton Passer may have a way to boost its stats
|clearpoke
|poke|p1|Politoed, F|item
|poke|p1|Starmie|item
|poke|p1|Keldeo|item
|poke|p1|Latios, M|item
|poke|p1|Tornadus, M|item
|poke|p1|Ferrothorn, F|item
|poke|p2|Jirachi|item
|poke|p2|Kyurem-Black|item
|poke|p2|Latios, M|item
|poke|p2|Salamence, F|item
|poke|p2|Garchomp, M|item
|poke|p2|Magnezone|item
|teampreview
|inactive|Battle timer is ON: inactive players will automatically lose when time's up. (requested by staggertagger)
|
|t:|1704236342
|start
|switch|p1a: Politoed|Politoed, F|100/100
|switch|p2a: Delete Lando|Jirachi|100/100
|-weather|RainDance|[from] ability: Drizzle|[of] p1a: Politoed
|turn|1
|
|t:|1704236346
|move|p1a: Politoed|Hydro Pump|p2a: Delete Lando
|-damage|p2a: Delete Lando|26/100
|move|p2a: Delete Lando|Stealth Rock|p1a: Politoed
|-sidestart|p1: irgendwasmitmeeem|move: Stealth Rock
|
|-weather|RainDance|[upkeep]
|-heal|p2a: Delete Lando|32/100|[from] item: Leftovers
|upkeep
|turn|2
|
|t:|1704236351
|switch|p2a: Delete Ferro|Kyurem-Black, shiny|100/100
|-ability|p2a: Delete Ferro|Teravolt
|move|p1a: Politoed|Hydro Pump|p2a: Delete Ferro
|-resisted|p2a: Delete Ferro
|-damage|p2a: Delete Ferro|41/100
|
|-weather|RainDance|[upkeep]
|upkeep
|turn|3
|
|t:|1704236358
|switch|p1a: Ferrothorn|Ferrothorn, F|100/100
|-damage|p1a: Ferrothorn|94/100|[from] Stealth Rock
|move|p2a: Delete Ferro|Outrage|p1a: Ferrothorn
|-resisted|p1a: Ferrothorn
|-damage|p1a: Ferrothorn|44/100
|-damage|p2a: Delete Ferro|28/100|[from] ability: Iron Barbs|[of] p1a: Ferrothorn
|
|-weather|RainDance|[upkeep]
|-heal|p1a: Ferrothorn|50/100|[from] item: Leftovers
|upkeep
|turn|4
|
|t:|1704236365
|move|p2a: Delete Ferro|Outrage|p1a: Ferrothorn|[from]lockedmove
|-resisted|p1a: Ferrothorn
|-crit|p1a: Ferrothorn
|-damage|p1a: Ferrothorn|0 fnt
|-damage|p2a: Delete Ferro|16/100|[from] ability: Iron Barbs|[of] p1a: Ferrothorn
|faint|p1a: Ferrothorn
|
|-weather|RainDance|[upkeep]
|upkeep
|
|t:|1704236378
|switch|p1a: Tornadus|Tornadus, M|100/100
|-damage|p1a: Tornadus|76/100|[from] Stealth Rock
|turn|5
|
|t:|1704236380
|move|p1a: Tornadus|Hurricane|p2a: Delete Ferro
|-damage|p2a: Delete Ferro|0 fnt
|faint|p2a: Delete Ferro
|
|-weather|RainDance|[upkeep]
|upkeep
|
|t:|1704236394
|switch|p2a: Delete Mamoswine|Salamence, F|100/100
|turn|6
|
|t:|1704236402
|move|p2a: Delete Mamoswine|Outrage|p1a: Tornadus
|-damage|p1a: Tornadus|0 fnt
|faint|p1a: Tornadus
|-ability|p2a: Delete Mamoswine|Moxie|boost
|-boost|p2a: Delete Mamoswine|atk|1
|
|-weather|RainDance|[upkeep]
|upkeep
|
|t:|1704236407
|switch|p1a: Keldeo|Keldeo|100/100
|-damage|p1a: Keldeo|94/100|[from] Stealth Rock
|turn|7
|
|t:|1704236415
|move|p1a: Keldeo|Hidden Power|p2a: Delete Mamoswine
|-supereffective|p2a: Delete Mamoswine
|-damage|p2a: Delete Mamoswine|0 fnt
|faint|p2a: Delete Mamoswine
|
|-weather|RainDance|[upkeep]
|upkeep
|
|t:|1704236420
|switch|p2a: Delete Lando|Jirachi|32/100
|turn|8
|
|t:|1704236427
|switch|p1a: Starmie|Starmie|100/100
|-damage|p1a: Starmie|88/100|[from] Stealth Rock
|move|p2a: Delete Lando|Icy Wind|p1a: Starmie
|-resisted|p1a: Starmie
|-damage|p1a: Starmie|79/100
|-unboost|p1a: Starmie|spe|1
|
|-weather|RainDance|[upkeep]
|-heal|p2a: Delete Lando|38/100|[from] item: Leftovers
|upkeep
|turn|9
|
|t:|1704236431
|move|p1a: Starmie|Rapid Spin|p2a: Delete Lando
|-resisted|p2a: Delete Lando
|-damage|p2a: Delete Lando|37/100
|-sideend|p1: irgendwasmitmeeem|Stealth Rock|[from] move: Rapid Spin|[of] p1a: Starmie
|move|p2a: Delete Lando|Thunder|p1a: Starmie
|-supereffective|p1a: Starmie
|-damage|p1a: Starmie|0 fnt
|faint|p1a: Starmie
|
|-weather|RainDance|[upkeep]
|-heal|p2a: Delete Lando|44/100|[from] item: Leftovers
|upkeep
|
|t:|1704236438
|switch|p1a: Politoed|Politoed, F|100/100
|turn|10
|
|t:|1704236443
|move|p1a: Politoed|Scald|p2a: Delete Lando
|-damage|p2a: Delete Lando|0 fnt
|faint|p2a: Delete Lando
|
|-weather|RainDance|[upkeep]
|upkeep
|
|t:|1704236447
|switch|p2a: Delete Scizor|Magnezone, shiny|100/100
|-item|p2a: Delete Scizor|Air Balloon
|turn|11
|
|t:|1704236451
|switch|p1a: Latios|Latios, M|100/100
|move|p2a: Delete Scizor|Sunny Day|p2a: Delete Scizor
|-weather|SunnyDay
|
|-weather|SunnyDay|[upkeep]
|upkeep
|turn|12
|
|t:|1704236456
|move|p1a: Latios|Draco Meteor|p2a: Delete Scizor|[miss]
|-miss|p1a: Latios|p2a: Delete Scizor
|move|p2a: Delete Scizor|Thunderbolt|p1a: Latios
|-resisted|p1a: Latios
|-damage|p1a: Latios|73/100
|
|-weather|SunnyDay|[upkeep]
|upkeep
|turn|13
|
|t:|1704236459
|move|p1a: Latios|Draco Meteor|p2a: Delete Scizor
|-resisted|p2a: Delete Scizor
|-damage|p2a: Delete Scizor|21/100
|-unboost|p1a: Latios|spa|2
|-enditem|p2a: Delete Scizor|Air Balloon
|move|p2a: Delete Scizor|Thunderbolt|p1a: Latios
|-resisted|p1a: Latios
|-damage|p1a: Latios|43/100
|
|-weather|SunnyDay|[upkeep]
|upkeep
|turn|14
|
|t:|1704236461
|move|p1a: Latios|Draco Meteor|p2a: Delete Scizor
|-resisted|p2a: Delete Scizor
|-damage|p2a: Delete Scizor|0 fnt
|-unboost|p1a: Latios|spa|2
|faint|p2a: Delete Scizor
|
|-weather|SunnyDay|[upkeep]
|upkeep
|
|t:|1704236463
|switch|p2a: Delete Scald|Garchomp, M|100/100
|turn|15
|
|t:|1704236473
|move|p2a: Delete Scald|Substitute|p2a: Delete Scald
|-start|p2a: Delete Scald|Substitute
|-damage|p2a: Delete Scald|76/100
|move|p1a: Latios|Draco Meteor|p2a: Delete Scald
|-supereffective|p2a: Delete Scald
|-end|p2a: Delete Scald|Substitute
|-unboost|p1a: Latios|spa|2
|
|-weather|none
|upkeep
|turn|16
|
|t:|1704236480
|move|p2a: Delete Scald|Substitute|p2a: Delete Scald
|-start|p2a: Delete Scald|Substitute
|-damage|p2a: Delete Scald|51/100
|move|p1a: Latios|Draco Meteor|p2a: Delete Scald
|-supereffective|p2a: Delete Scald
|-end|p2a: Delete Scald|Substitute
|
|upkeep
|turn|17
|inactive|staggertagger has 120 seconds left.
|
|t:|1704236537
|move|p2a: Delete Scald|Outrage|p1a: Latios
|-supereffective|p1a: Latios
|-damage|p1a: Latios|0 fnt
|faint|p1a: Latios
|
|upkeep
|
|t:|1704236544
|switch|p1a: Keldeo|Keldeo|94/100
|turn|18
|
|t:|1704236554
|move|p1a: Keldeo|Hidden Power|p2a: Delete Scald
|-supereffective|p2a: Delete Scald
|-damage|p2a: Delete Scald|0 fnt
|faint|p2a: Delete Scald
|
|upkeep
|
|t:|1704236557
|switch|p2a: Delete Pursuit|Latios, M|100/100
|turn|19
|inactive|staggertagger has 120 seconds left.
|
|t:|1704236568
|move|p2a: Delete Pursuit|Dragon Pulse|p1a: Keldeo
|-damage|p1a: Keldeo|35/100
|move|p1a: Keldeo|Hidden Power|p2a: Delete Pursuit
|-supereffective|p2a: Delete Pursuit
|-damage|p2a: Delete Pursuit|47/100
|
|upkeep
|turn|20
|
|t:|1704236571
|move|p2a: Delete Pursuit|Dragon Pulse|p1a: Keldeo
|-damage|p1a: Keldeo|0 fnt
|faint|p1a: Keldeo
|
|upkeep
|
|t:|1704236573
|switch|p1a: Politoed|Politoed, F|100/100
|-weather|RainDance|[from] ability: Drizzle|[of] p1a: Politoed
|turn|21
|
|t:|1704236574
|move|p2a: Delete Pursuit|Dragon Pulse|p1a: Politoed
|-damage|p1a: Politoed|53/100
|move|p1a: Politoed|Ice Beam|p2a: Delete Pursuit
|-supereffective|p2a: Delete Pursuit
|-damage|p2a: Delete Pursuit|0 fnt
|faint|p2a: Delete Pursuit
|
|win|irgendwasmitmeeem
|raw|irgendwasmitmeeem's rating: 1393 &rarr; <strong>1410</strong><br />(+17 for winning)
|raw|staggertagger's rating: 1343 &rarr; <strong>1326</strong><br />(-17 for losing)
|l|☆staggertagger
