|j|☆leoperi99
|j|☆BW LORDD MOONMAN
|t:|1707500501
|gametype|singles
|player|p1|leoperi99|hexmaniac-gen3jp|1464
|player|p2|BW LORDD MOONMAN|lucas|1599
|teamsize|p1|6
|teamsize|p2|6
|gen|5
|tier|[Gen 5] OU
|rated|
|rule|Species Clause: Limit one of each Pokémon
|rule|OHKO Clause: OHKO moves are banned
|rule|Moody Clause: Moody is banned
|rule|Evasion Items Clause: Evasion items are banned
|rule|Evasion Moves Clause: Evasion moves are banned
|rule|Endless Battle Clause: Forcing endless battles is banned
|rule|HP Percentage Mod: HP is shown in percentages
|rule|Evasion Abilities Clause: Evasion abilities are banned
|rule|Sleep Moves Clause: Sleep-inducing moves are banned
|rule|Swagger Clause: Swagger is banned
|rule|Baton Pass Stat Clause: No Baton Passer may have a way to boost its stats
|clearpoke
|poke|p1|Abomasnow, M|item
|poke|p1|Donphan, M|item
|poke|p1|Kyurem|item
|poke|p1|Slowking, F|item
|poke|p1|Skarmory, M|item
|poke|p1|Latios, M|item
|poke|p2|Starmie|item
|poke|p2|Dragonite, M|item
|poke|p2|Latios, M|item
|poke|p2|Scizor, M|item
|poke|p2|Breloom, M|item
|poke|p2|Garchomp, F|item
|teampreview
|
|t:|1707500521
|start
|switch|p1a: Donphan|Donphan, M|100/100
|switch|p2a: Latios|Latios, M|100/100
|turn|1
|inactive|Battle timer is ON: inactive players will automatically lose when time's up. (requested by leoperi99)
|
|t:|1707500526
|switch|p1a: Slowking|Slowking, F, shiny|100/100
|move|p2a: Latios|Calm Mind|p2a: Latios
|-boost|p2a: Latios|spa|1
|-boost|p2a: Latios|spd|1
|
|upkeep
|turn|2
|
|t:|1707500534
|move|p2a: Latios|Draco Meteor|p1a: Slowking
|-damage|p1a: Slowking|29/100
|-unboost|p2a: Latios|spa|2
|move|p1a: Slowking|Thunder Wave|p2a: Latios
|-status|p2a: Latios|par
|
|-heal|p1a: Slowking|35/100|[from] item: Leftovers
|upkeep
|turn|3
|
|t:|1707500547
|switch|p2a: Garchomp|Garchomp, F|100/100
|move|p1a: Slowking|Slack Off|p1a: Slowking
|-heal|p1a: Slowking|85/100
|
|-heal|p1a: Slowking|91/100|[from] item: Leftovers
|upkeep
|turn|4
|
|t:|1707500549
|switch|p1a: Donphan|Donphan, M|100/100
|move|p2a: Garchomp|Swords Dance|p2a: Garchomp
|-boost|p2a: Garchomp|atk|2
|
|upkeep
|turn|5
|
|t:|1707500552
|move|p2a: Garchomp|Outrage|p1a: Donphan
|-damage|p1a: Donphan|1/100
|move|p1a: Donphan|Stealth Rock|p2a: Garchomp
|-sidestart|p2: BW LORDD MOONMAN|move: Stealth Rock
|
|-heal|p1a: Donphan|8/100|[from] item: Leftovers
|upkeep
|turn|6
|
|t:|1707500563
|move|p2a: Garchomp|Outrage|p1a: Donphan|[from]lockedmove
|-damage|p1a: Donphan|0 fnt
|faint|p1a: Donphan
|-start|p2a: Garchomp|confusion|[fatigue]
|-enditem|p2a: Garchomp|Lum Berry|[eat]
|-end|p2a: Garchomp|confusion
|
|upkeep
|
|t:|1707500569
|switch|p1a: Skarmory|Skarmory, M|100/100
|turn|7
|
|t:|1707500574
|switch|p2a: Starmie|Starmie|100/100
|-damage|p2a: Starmie|88/100|[from] Stealth Rock
|move|p1a: Skarmory|Whirlwind|p2a: Starmie
|drag|p2a: Dragonite|Dragonite, M|100/100
|-damage|p2a: Dragonite|76/100|[from] Stealth Rock
|
|upkeep
|turn|8
|
|t:|1707500580
|move|p2a: Dragonite|Fire Punch|p1a: Skarmory
|-supereffective|p1a: Skarmory
|-damage|p1a: Skarmory|67/100
|-status|p1a: Skarmory|brn
|move|p1a: Skarmory|Brave Bird|p2a: Dragonite
|-damage|p2a: Dragonite|57/100
|-damage|p1a: Skarmory|61/100 brn|[from] Recoil
|
|-heal|p1a: Skarmory|67/100 brn|[from] item: Leftovers
|-damage|p1a: Skarmory|55/100 brn|[from] brn
|upkeep
|turn|9
|
|t:|1707500583
|switch|p2a: Starmie|Starmie|88/100
|-damage|p2a: Starmie|76/100|[from] Stealth Rock
|move|p1a: Skarmory|Roost|p1a: Skarmory
|-heal|p1a: Skarmory|100/100 brn
|-singleturn|p1a: Skarmory|move: Roost
|
|-damage|p1a: Skarmory|88/100 brn|[from] brn
|upkeep
|turn|10
|c|☆leoperi99|a burn
|c|☆leoperi99|ofc
|
|t:|1707500590
|switch|p1a: Abomasnow|Abomasnow, M, shiny|100/100
|-weather|Hail|[from] ability: Snow Warning|[of] p1a: Abomasnow
|move|p2a: Starmie|Rapid Spin|p1a: Abomasnow
|-damage|p1a: Abomasnow|97/100
|-sideend|p2: BW LORDD MOONMAN|Stealth Rock|[from] move: Rapid Spin|[of] p2a: Starmie
|
|-weather|Hail|[upkeep]
|-damage|p2a: Starmie|70/100|[from] Hail
|-heal|p1a: Abomasnow|100/100|[from] item: Leftovers
|upkeep
|turn|11
|c|☆BW LORDD MOONMAN|stop crying every game
|
|t:|1707500601
|switch|p2a: Scizor|Scizor, M|100/100
|move|p1a: Abomasnow|Leech Seed|p2a: Scizor
|-start|p2a: Scizor|move: Leech Seed
|
|-weather|Hail|[upkeep]
|-damage|p2a: Scizor|94/100|[from] Hail
|-damage|p2a: Scizor|82/100|[from] Leech Seed|[of] p1a: Abomasnow
|upkeep
|turn|12
|c|☆leoperi99|ok bitch ill tell you same when you get a 10% chance
|
|t:|1707500614
|switch|p2a: Latios|Latios, M|100/100 par
|move|p1a: Abomasnow|Protect||[still]
|-fail|p1a: Abomasnow
|
|-weather|Hail|[upkeep]
|-damage|p2a: Latios|95/100 par|[from] Hail
|upkeep
|turn|13
|
|t:|1707500617
|move|p1a: Abomasnow|Blizzard|p2a: Latios
|-supereffective|p2a: Latios
|-enditem|p2a: Latios|Yache Berry|[eat]
|-enditem|p2a: Latios|Yache Berry|[weaken]
|-damage|p2a: Latios|46/100 par
|cant|p2a: Latios|par
|
|-weather|Hail|[upkeep]
|-damage|p2a: Latios|40/100 par|[from] Hail
|upkeep
|turn|14
|
|t:|1707500621
|move|p1a: Abomasnow|Blizzard|p2a: Latios
|-supereffective|p2a: Latios
|-damage|p2a: Latios|0 fnt
|faint|p2a: Latios
|
|-weather|Hail|[upkeep]
|upkeep
|
|t:|1707500623
|switch|p2a: Breloom|Breloom, M|100/100
|turn|15
|
|t:|1707500627
|switch|p1a: Skarmory|Skarmory, M|88/100 brn
|move|p2a: Breloom|Low Sweep|p1a: Skarmory
|-damage|p1a: Skarmory|43/100 brn
|-unboost|p1a: Skarmory|spe|1
|
|-weather|Hail|[upkeep]
|-damage|p2a: Breloom|94/100|[from] Hail
|-damage|p1a: Skarmory|37/100 brn|[from] Hail
|-heal|p1a: Skarmory|43/100 brn|[from] item: Leftovers
|-damage|p1a: Skarmory|31/100 brn|[from] brn
|upkeep
|turn|16
|
|t:|1707500630
|move|p2a: Breloom|Low Sweep|p1a: Skarmory
|-damage|p1a: Skarmory|0 fnt
|faint|p1a: Skarmory
|
|-weather|Hail|[upkeep]
|-damage|p2a: Breloom|88/100|[from] Hail
|upkeep
|
|t:|1707500635
|switch|p1a: Latios but cooler|Kyurem, shiny|100/100
|-ability|p1a: Latios but cooler|Pressure
|turn|17
|
|t:|1707500643
|switch|p2a: Dragonite|Dragonite, M|57/100
|move|p1a: Latios but cooler|Blizzard|p2a: Dragonite
|-supereffective|p2a: Dragonite
|-damage|p2a: Dragonite|0 fnt
|faint|p2a: Dragonite
|
|-weather|Hail|[upkeep]
|upkeep
|
|t:|1707500645
|switch|p2a: Scizor|Scizor, M|82/100
|turn|18
|
|t:|1707500652
|switch|p1a: Slowking|Slowking, F, shiny|100/100
|move|p2a: Scizor|Swords Dance|p2a: Scizor
|-boost|p2a: Scizor|atk|2
|
|-weather|Hail|[upkeep]
|-damage|p2a: Scizor|76/100|[from] Hail
|-damage|p1a: Slowking|94/100|[from] Hail
|-heal|p1a: Slowking|100/100|[from] item: Leftovers
|upkeep
|turn|19
|
|t:|1707500654
|move|p2a: Scizor|Pursuit|p1a: Slowking
|-supereffective|p1a: Slowking
|-damage|p1a: Slowking|0 fnt
|faint|p1a: Slowking
|-damage|p2a: Scizor|66/100|[from] item: Life Orb
|
|-weather|Hail|[upkeep]
|-damage|p2a: Scizor|60/100|[from] Hail
|upkeep
|
|t:|1707500661
|switch|p1a: Latios|Latios, M|100/100
|turn|20
|
|t:|1707500664
|move|p2a: Scizor|Bullet Punch|p1a: Latios
|-damage|p1a: Latios|0 fnt
|faint|p1a: Latios
|-damage|p2a: Scizor|50/100|[from] item: Life Orb
|
|-weather|Hail|[upkeep]
|-damage|p2a: Scizor|44/100|[from] Hail
|upkeep
|
|t:|1707500667
|switch|p1a: Abomasnow|Abomasnow, M, shiny|100/100
|turn|21
|
|t:|1707500669
|move|p1a: Abomasnow|Protect|p1a: Abomasnow
|-singleturn|p1a: Abomasnow|Protect
|move|p2a: Scizor|Bullet Punch|p1a: Abomasnow
|-activate|p1a: Abomasnow|move: Protect
|
|-weather|Hail|[upkeep]
|-damage|p2a: Scizor|38/100|[from] Hail
|upkeep
|turn|22
|
|t:|1707500671
|move|p1a: Abomasnow|Protect|p1a: Abomasnow
|-singleturn|p1a: Abomasnow|Protect
|move|p2a: Scizor|Bullet Punch|p1a: Abomasnow
|-activate|p1a: Abomasnow|move: Protect
|
|-weather|Hail|[upkeep]
|-damage|p2a: Scizor|32/100|[from] Hail
|upkeep
|turn|23
|
|t:|1707500672
|move|p2a: Scizor|Bullet Punch|p1a: Abomasnow
|-supereffective|p1a: Abomasnow
|-damage|p1a: Abomasnow|0 fnt
|faint|p1a: Abomasnow
|-damage|p2a: Scizor|22/100|[from] item: Life Orb
|
|-weather|Hail|[upkeep]
|-damage|p2a: Scizor|16/100|[from] Hail
|upkeep
|-message|leoperi99 forfeited.
|
|win|BW LORDD MOONMAN
|raw|leoperi99's rating: 1464 &rarr; <strong>1451</strong><br />(-13 for losing)
|raw|BW LORDD MOONMAN's rating: 1599 &rarr; <strong>1612</strong><br />(+13 for winning)
