|j|☆gambitoka
|j|☆Salutethewolf
|t:|1745998501
|gametype|singles
|player|p1|gambitoka|cowgirl|1518
|player|p2|Salutethewolf|hugh|1392
|teamsize|p1|6
|teamsize|p2|6
|gen|5
|tier|[Gen 5] OU
|rated|
|rule|Species Clause: Limit one of each Pokémon
|rule|OHKO Clause: OHKO moves are banned
|rule|Moody Clause: Moody is banned
|rule|Evasion Items Clause: Evasion items are banned
|rule|Evasion Moves Clause: Evasion moves are banned
|rule|Endless Battle Clause: Forcing endless battles is banned
|rule|HP Percentage Mod: HP is shown in percentages
|rule|Evasion Abilities Clause: Evasion abilities are banned
|rule|Sleep Moves Clause: Sleep-inducing moves are banned
|rule|Swagger Clause: Swagger is banned
|rule|Baton Pass Stat Clause: No Baton Passer may have a way to boost its stats
|clearpoke
|poke|p1|Dragonite, M|item
|poke|p1|Azelf|item
|poke|p1|Starmie|item
|poke|p1|Scizor, F|item
|poke|p1|Gengar, F|item
|poke|p1|Garchomp, M|item
|poke|p2|Bronzong|item
|poke|p2|Magnezone|item
|poke|p2|Azelf|item
|poke|p2|Hariyama, M|item
|poke|p2|Reuniclus, M|item
|poke|p2|Crawdaunt, F|item
|teampreview
|inactive|Battle timer is ON: inactive players will automatically lose when time's up. (requested by Salutethewolf)
|
|t:|1745998522
|start
|switch|p1a: Gengar|Gengar, F|100/100
|switch|p2a: Azelf|Azelf|100/100
|turn|1
|
|t:|1745998528
|move|p2a: Azelf|Zen Headbutt|p1a: Gengar
|-supereffective|p1a: Gengar
|-damage|p1a: Gengar|0 fnt
|faint|p1a: Gengar
|
|upkeep
|c|☆gambitoka|Azelf scarf trick room team ..
|
|t:|1745998553
|switch|p1a: Azelf|Azelf|100/100
|turn|2
|
|t:|1745998558
|switch|p2a: Magnezone|Magnezone, shiny|100/100
|-item|p2a: Magnezone|Air Balloon
|move|p1a: Azelf|Stealth Rock|p2a: Magnezone
|-sidestart|p2: Salutethewolf|move: Stealth Rock
|
|upkeep
|turn|3
|
|t:|1745998566
|move|p1a: Azelf|Flamethrower|p2a: Magnezone
|-supereffective|p2a: Magnezone
|-damage|p2a: Magnezone|32/100
|-enditem|p2a: Magnezone|Air Balloon
|move|p2a: Magnezone|Volt Switch|p1a: Azelf
|-damage|p1a: Azelf|36/100
|
|t:|1745998573
|switch|p2a: Azelf|Azelf|100/100|[from] Volt Switch
|-damage|p2a: Azelf|88/100|[from] Stealth Rock
|
|upkeep
|turn|4
|
|t:|1745998579
|move|p2a: Azelf|U-turn|p1a: Azelf
|-supereffective|p1a: Azelf
|-crit|p1a: Azelf
|-damage|p1a: Azelf|0 fnt
|faint|p1a: Azelf
|
|t:|1745998586
|switch|p2a: Bronzong|Bronzong, shiny|100/100|[from] U-turn
|-damage|p2a: Bronzong|94/100|[from] Stealth Rock
|
|upkeep
|
|t:|1745998590
|switch|p1a: Scizor|Scizor, F|100/100
|turn|5
|
|t:|1745998595
|move|p1a: Scizor|U-turn|p2a: Bronzong
|-damage|p2a: Bronzong|51/100
|
|t:|1745998597
|switch|p1a: Garchomp|Garchomp, M|100/100|[from] U-turn
|move|p2a: Bronzong|Stealth Rock|p1a: Garchomp
|-sidestart|p1: gambitoka|move: Stealth Rock
|
|upkeep
|turn|6
|
|t:|1745998604
|move|p1a: Garchomp|Swords Dance|p1a: Garchomp
|-boost|p1a: Garchomp|atk|2
|move|p2a: Bronzong|Trick Room|p2a: Bronzong
|-fieldstart|move: Trick Room|[of] p2a: Bronzong
|
|upkeep
|turn|7
|
|t:|1745998609
|move|p2a: Bronzong|Explosion|p1a: Garchomp
|-damage|p1a: Garchomp|46/100
|faint|p2a: Bronzong
|move|p1a: Garchomp|Outrage|p2: Bronzong|[notarget]
|-fail|p1a: Garchomp
|
|upkeep
|c|☆gambitoka|0 sens
|
|t:|1745998616
|switch|p2a: Crawdaunt|Crawdaunt, F, shiny|100/100
|-damage|p2a: Crawdaunt|88/100|[from] Stealth Rock
|turn|8
|c|☆gambitoka|T'es juste un noob de merde
|
|t:|1745998621
|move|p2a: Crawdaunt|Surf|p1a: Garchomp
|-damage|p1a: Garchomp|0 fnt
|faint|p1a: Garchomp
|-damage|p2a: Crawdaunt|78/100|[from] item: Life Orb
|
|upkeep
|
|t:|1745998628
|switch|p1a: Scizor|Scizor, F|100/100
|-damage|p1a: Scizor|88/100|[from] Stealth Rock
|turn|9
|
|t:|1745998632
|move|p2a: Crawdaunt|Surf|p1a: Scizor
|-damage|p1a: Scizor|0 fnt
|faint|p1a: Scizor
|-damage|p2a: Crawdaunt|68/100|[from] item: Life Orb
|
|upkeep
|
|t:|1745998636
|switch|p1a: Dragonite|Dragonite, M|100/100
|-damage|p1a: Dragonite|76/100|[from] Stealth Rock
|turn|10
|
|t:|1745998641
|move|p2a: Crawdaunt|Dark Pulse|p1a: Dragonite
|-damage|p1a: Dragonite|14/100
|-damage|p2a: Crawdaunt|58/100|[from] item: Life Orb
|move|p1a: Dragonite|Dragon Dance|p1a: Dragonite
|-boost|p1a: Dragonite|atk|1
|-boost|p1a: Dragonite|spe|1
|
|-fieldend|move: Trick Room
|upkeep
|turn|11
|
|t:|1745998653
|move|p1a: Dragonite|Extreme Speed|p2a: Crawdaunt
|-damage|p2a: Crawdaunt|6/100
|move|p2a: Crawdaunt|Ice Beam|p1a: Dragonite
|-supereffective|p1a: Dragonite
|-damage|p1a: Dragonite|0 fnt
|faint|p1a: Dragonite
|-damage|p2a: Crawdaunt|0 fnt|[from] item: Life Orb
|faint|p2a: Crawdaunt
|
|upkeep
|-message|gambitoka forfeited.
|
|win|Salutethewolf
|raw|gambitoka's rating: 1518 &rarr; <strong>1491</strong><br />(-27 for losing)
|raw|Salutethewolf's rating: 1392 &rarr; <strong>1419</strong><br />(+27 for winning)
|l|☆gambitoka
|player|p1|
