|j|☆Minutemaidd
|j|☆Ludicolion
|t:|1710079626
|gametype|singles
|player|p1|Minutemaidd|2|1319
|player|p2|Ludicolion|alder|1425
|teamsize|p1|6
|teamsize|p2|6
|gen|5
|tier|[Gen 5] OU
|rated|
|rule|Species Clause: Limit one of each Pokémon
|rule|OHKO Clause: OHKO moves are banned
|rule|Moody Clause: Moody is banned
|rule|Evasion Items Clause: Evasion items are banned
|rule|Evasion Moves Clause: Evasion moves are banned
|rule|Endless Battle Clause: Forcing endless battles is banned
|rule|HP Percentage Mod: HP is shown in percentages
|rule|Evasion Abilities Clause: Evasion abilities are banned
|rule|Sleep Moves Clause: Sleep-inducing moves are banned
|rule|Swagger Clause: Swagger is banned
|rule|Baton Pass Stat Clause: No Baton Passer may have a way to boost its stats
|clearpoke
|poke|p1|Amoonguss, F|item
|poke|p1|Slowking, M|item
|poke|p1|Chansey, F|item
|poke|p1|Skarmory, M|item
|poke|p1|Latias, F|item
|poke|p1|Gliscor, F|item
|poke|p2|Tyranitar, F|item
|poke|p2|Skarmory, M|item
|poke|p2|Jellicent, M|item
|poke|p2|Latios, M|item
|poke|p2|Alakazam, F|item
|poke|p2|Gliscor, F|item
|teampreview
|
|t:|1710079629
|start
|switch|p1a: Latias|Latias, F|100/100
|switch|p2a: Skarmory|Skarmory, M|100/100
|turn|1
|inactive|Battle timer is ON: inactive players will automatically lose when time's up. (requested by Ludicolion)
|c|☆Ludicolion|glhf
|
|t:|1710079637
|move|p1a: Latias|Surf|p2a: Skarmory
|-damage|p2a: Skarmory|46/100
|move|p2a: Skarmory|Stealth Rock|p1a: Latias
|-sidestart|p1: Minutemaidd|move: Stealth Rock
|
|upkeep
|turn|2
|
|t:|1710079648
|switch|p2a: Jellicent|Jellicent, M|100/100
|move|p1a: Latias|Surf|p2a: Jellicent
|-immune|p2a: Jellicent|[from] ability: Water Absorb
|
|upkeep
|turn|3
|
|t:|1710079652
|switch|p1a: Chansey|Chansey, F|100/100
|-damage|p1a: Chansey|88/100|[from] Stealth Rock
|move|p2a: Jellicent|Night Shade|p1a: Chansey
|-immune|p1a: Chansey
|
|upkeep
|turn|4
|
|t:|1710079656
|switch|p2a: Skarmory|Skarmory, M|46/100
|move|p1a: Chansey|Seismic Toss|p2a: Skarmory
|-damage|p2a: Skarmory|9/100
|
|upkeep
|turn|5
|-enditem|p2a: Skarmory|Custap Berry|[eat]
|-activate|p2a: Skarmory|item: Custap Berry|[consumed]
|
|t:|1710079672
|move|p2a: Skarmory|Spikes|p1a: Chansey
|-sidestart|p1: Minutemaidd|Spikes
|move|p1a: Chansey|Seismic Toss|p2a: Skarmory
|-damage|p2a: Skarmory|0 fnt
|faint|p2a: Skarmory
|
|upkeep
|
|t:|1710079681
|switch|p2a: Tyranitar|Tyranitar, F|100/100
|-weather|Sandstorm|[from] ability: Sand Stream|[of] p2a: Tyranitar
|turn|6
|
|t:|1710079685
|move|p2a: Tyranitar|Crunch|p1a: Chansey
|-damage|p1a: Chansey|62/100
|-unboost|p1a: Chansey|def|1
|move|p1a: Chansey|Stealth Rock|p2a: Tyranitar
|-sidestart|p2: Ludicolion|move: Stealth Rock
|
|-weather|Sandstorm|[upkeep]
|-damage|p1a: Chansey|56/100|[from] Sandstorm
|upkeep
|turn|7
|
|t:|1710079693
|move|p2a: Tyranitar|Pursuit|p1a: Chansey
|-damage|p1a: Chansey|35/100
|move|p1a: Chansey|Soft-Boiled|p1a: Chansey
|-heal|p1a: Chansey|85/100
|
|-weather|Sandstorm|[upkeep]
|-damage|p1a: Chansey|79/100|[from] Sandstorm
|upkeep
|turn|8
|
|t:|1710079698
|switch|p1a: Skarmory|Skarmory, M|100/100
|-damage|p1a: Skarmory|88/100|[from] Stealth Rock
|move|p2a: Tyranitar|Superpower|p1a: Skarmory
|-damage|p1a: Skarmory|55/100
|-unboost|p2a: Tyranitar|atk|1
|-unboost|p2a: Tyranitar|def|1
|
|-weather|Sandstorm|[upkeep]
|-heal|p1a: Skarmory|61/100|[from] item: Leftovers
|upkeep
|turn|9
|
|t:|1710079709
|switch|p2a: Latios|Latios, M|100/100
|-damage|p2a: Latios|88/100|[from] Stealth Rock
|move|p1a: Skarmory|Roost|p1a: Skarmory
|-heal|p1a: Skarmory|100/100
|-singleturn|p1a: Skarmory|move: Roost
|
|-weather|Sandstorm|[upkeep]
|-damage|p2a: Latios|82/100|[from] Sandstorm
|upkeep
|turn|10
|
|t:|1710079736
|switch|p1a: Amoonguss|Amoonguss, F|100/100
|-damage|p1a: Amoonguss|88/100|[from] Stealth Rock
|-damage|p1a: Amoonguss|76/100|[from] Spikes
|move|p2a: Latios|Hidden Power|p1a: Amoonguss
|-supereffective|p1a: Amoonguss
|-damage|p1a: Amoonguss|44/100
|
|-weather|Sandstorm|[upkeep]
|-damage|p2a: Latios|76/100|[from] Sandstorm
|-damage|p1a: Amoonguss|38/100|[from] Sandstorm
|-heal|p1a: Amoonguss|44/100|[from] item: Black Sludge
|upkeep
|turn|11
|
|t:|1710079743
|move|p2a: Latios|Hidden Power|p1a: Amoonguss
|-supereffective|p1a: Amoonguss
|-damage|p1a: Amoonguss|11/100
|move|p1a: Amoonguss|Stun Spore|p2a: Latios|[miss]
|-miss|p1a: Amoonguss|p2a: Latios
|
|-weather|Sandstorm|[upkeep]
|-damage|p2a: Latios|70/100|[from] Sandstorm
|-damage|p1a: Amoonguss|5/100|[from] Sandstorm
|-heal|p1a: Amoonguss|11/100|[from] item: Black Sludge
|upkeep
|turn|12
|
|t:|1710079752
|switch|p1a: Chansey|Chansey, F|79/100
|-damage|p1a: Chansey|67/100|[from] Stealth Rock
|-damage|p1a: Chansey|54/100|[from] Spikes
|move|p2a: Latios|Recover|p2a: Latios
|-heal|p2a: Latios|100/100
|
|-weather|Sandstorm|[upkeep]
|-damage|p2a: Latios|95/100|[from] Sandstorm
|-damage|p1a: Chansey|48/100|[from] Sandstorm
|upkeep
|turn|13
|
|t:|1710079758
|move|p2a: Latios|Draco Meteor|p1a: Chansey
|-damage|p1a: Chansey|26/100
|-unboost|p2a: Latios|spa|2
|move|p1a: Chansey|Soft-Boiled|p1a: Chansey
|-heal|p1a: Chansey|76/100
|
|-weather|Sandstorm|[upkeep]
|-damage|p2a: Latios|89/100|[from] Sandstorm
|-damage|p1a: Chansey|70/100|[from] Sandstorm
|upkeep
|turn|14
|
|t:|1710079765
|switch|p2a: Tyranitar|Tyranitar, F|100/100
|-damage|p2a: Tyranitar|88/100|[from] Stealth Rock
|move|p1a: Chansey|Seismic Toss|p2a: Tyranitar
|-damage|p2a: Tyranitar|63/100
|
|-weather|Sandstorm|[upkeep]
|-damage|p1a: Chansey|63/100|[from] Sandstorm
|upkeep
|turn|15
|
|t:|1710079769
|switch|p1a: Skarmory|Skarmory, M|100/100
|-damage|p1a: Skarmory|88/100|[from] Stealth Rock
|move|p2a: Tyranitar|Crunch|p1a: Skarmory
|-resisted|p1a: Skarmory
|-crit|p1a: Skarmory
|-damage|p1a: Skarmory|59/100
|
|-weather|Sandstorm|[upkeep]
|-heal|p1a: Skarmory|65/100|[from] item: Leftovers
|upkeep
|turn|16
|
|t:|1710079779
|switch|p2a: Latios|Latios, M|89/100
|-damage|p2a: Latios|76/100|[from] Stealth Rock
|move|p1a: Skarmory|Spikes|p2a: Latios
|-sidestart|p2: Ludicolion|Spikes
|
|-weather|Sandstorm|[upkeep]
|-damage|p2a: Latios|70/100|[from] Sandstorm
|-heal|p1a: Skarmory|71/100|[from] item: Leftovers
|upkeep
|turn|17
|
|t:|1710079794
|switch|p1a: Chansey|Chansey, F|63/100
|-damage|p1a: Chansey|51/100|[from] Stealth Rock
|-damage|p1a: Chansey|38/100|[from] Spikes
|move|p2a: Latios|Hidden Power|p1a: Chansey
|-damage|p1a: Chansey|31/100
|
|-weather|Sandstorm|[upkeep]
|-damage|p2a: Latios|64/100|[from] Sandstorm
|-damage|p1a: Chansey|25/100|[from] Sandstorm
|upkeep
|turn|18
|
|t:|1710079810
|move|p2a: Latios|Draco Meteor|p1a: Chansey
|-crit|p1a: Chansey
|-damage|p1a: Chansey|0 fnt
|-unboost|p2a: Latios|spa|2
|faint|p1a: Chansey
|
|-weather|Sandstorm|[upkeep]
|-damage|p2a: Latios|58/100|[from] Sandstorm
|upkeep
|
|t:|1710079821
|switch|p1a: Amoonguss|Amoonguss, F|44/100
|-damage|p1a: Amoonguss|32/100|[from] Stealth Rock
|-damage|p1a: Amoonguss|20/100|[from] Spikes
|turn|19
|
|t:|1710079834
|switch|p1a: Slowking|Slowking, M|100/100
|-damage|p1a: Slowking|88/100|[from] Stealth Rock
|-damage|p1a: Slowking|76/100|[from] Spikes
|move|p2a: Latios|Hidden Power|p1a: Slowking
|-resisted|p1a: Slowking
|-damage|p1a: Slowking|71/100
|
|-weather|Sandstorm|[upkeep]
|-damage|p2a: Latios|52/100|[from] Sandstorm
|-damage|p1a: Slowking|65/100|[from] Sandstorm
|upkeep
|turn|20
|
|t:|1710079840
|move|p2a: Latios|Recover|p2a: Latios
|-heal|p2a: Latios|100/100
|move|p1a: Slowking|Ice Beam|p2a: Latios
|-supereffective|p2a: Latios
|-damage|p2a: Latios|37/100
|-damage|p1a: Slowking|55/100|[from] item: Life Orb
|
|-weather|Sandstorm|[upkeep]
|-damage|p2a: Latios|31/100|[from] Sandstorm
|-damage|p1a: Slowking|49/100|[from] Sandstorm
|upkeep
|turn|21
|
|t:|1710079851
|switch|p2a: Jellicent|Jellicent, M|100/100
|-damage|p2a: Jellicent|88/100|[from] Stealth Rock
|-damage|p2a: Jellicent|76/100|[from] Spikes
|move|p1a: Slowking|Slack Off|p1a: Slowking
|-heal|p1a: Slowking|99/100
|
|-weather|Sandstorm|[upkeep]
|-damage|p2a: Jellicent|69/100|[from] Sandstorm
|-damage|p1a: Slowking|93/100|[from] Sandstorm
|-heal|p2a: Jellicent|76/100|[from] item: Leftovers
|upkeep
|turn|22
|
|t:|1710079861
|move|p2a: Jellicent|Night Shade|p1a: Slowking
|-damage|p1a: Slowking|67/100
|move|p1a: Slowking|Psyshock|p2a: Jellicent
|-damage|p2a: Jellicent|36/100
|-damage|p1a: Slowking|57/100|[from] item: Life Orb
|
|-weather|Sandstorm|[upkeep]
|-damage|p2a: Jellicent|30/100|[from] Sandstorm
|-damage|p1a: Slowking|51/100|[from] Sandstorm
|-heal|p2a: Jellicent|36/100|[from] item: Leftovers
|upkeep
|turn|23
|
|t:|1710079869
|switch|p1a: Latias|Latias, F|100/100
|-damage|p1a: Latias|88/100|[from] Stealth Rock
|move|p2a: Jellicent|Will-O-Wisp|p1a: Latias
|-status|p1a: Latias|brn
|
|-weather|Sandstorm|[upkeep]
|-damage|p1a: Latias|82/100 brn|[from] Sandstorm
|-damage|p2a: Jellicent|30/100|[from] Sandstorm
|-heal|p2a: Jellicent|36/100|[from] item: Leftovers
|-damage|p1a: Latias|70/100 brn|[from] brn
|upkeep
|turn|24
|
|t:|1710079878
|move|p1a: Latias|Draco Meteor|p2a: Jellicent
|-damage|p2a: Jellicent|0 fnt
|-unboost|p1a: Latias|spa|2
|faint|p2a: Jellicent
|
|-weather|Sandstorm|[upkeep]
|-damage|p1a: Latias|64/100 brn|[from] Sandstorm
|-damage|p1a: Latias|52/100 brn|[from] brn
|upkeep
|
|t:|1710079882
|switch|p2a: Tyranitar|Tyranitar, F|63/100
|-damage|p2a: Tyranitar|51/100|[from] Stealth Rock
|-damage|p2a: Tyranitar|39/100|[from] Spikes
|turn|25
|
|t:|1710079889
|move|p1a: Latias|Draco Meteor|p2a: Tyranitar
|-damage|p2a: Tyranitar|15/100
|-unboost|p1a: Latias|spa|2
|move|p2a: Tyranitar|Crunch|p1a: Latias
|-supereffective|p1a: Latias
|-damage|p1a: Latias|0 fnt
|faint|p1a: Latias
|
|-weather|Sandstorm|[upkeep]
|upkeep
|
|t:|1710079900
|switch|p1a: Skarmory|Skarmory, M|71/100
|-damage|p1a: Skarmory|59/100|[from] Stealth Rock
|turn|26
|
|t:|1710079911
|move|p1a: Skarmory|Roost|p1a: Skarmory
|-heal|p1a: Skarmory|100/100
|-singleturn|p1a: Skarmory|move: Roost
|move|p2a: Tyranitar|Thunder Wave|p1a: Skarmory
|-status|p1a: Skarmory|par
|
|-weather|Sandstorm|[upkeep]
|upkeep
|turn|27
|
|t:|1710079920
|move|p2a: Tyranitar|Crunch|p1a: Skarmory
|-resisted|p1a: Skarmory
|-damage|p1a: Skarmory|83/100 par
|move|p1a: Skarmory|Brave Bird|p2a: Tyranitar
|-resisted|p2a: Tyranitar
|-damage|p2a: Tyranitar|1/100
|-damage|p1a: Skarmory|78/100 par|[from] Recoil
|
|-weather|Sandstorm|[upkeep]
|-heal|p1a: Skarmory|84/100 par|[from] item: Leftovers
|upkeep
|turn|28
|
|t:|1710079928
|move|p2a: Tyranitar|Superpower|p1a: Skarmory
|-damage|p1a: Skarmory|54/100 par
|-unboost|p2a: Tyranitar|atk|1
|-unboost|p2a: Tyranitar|def|1
|move|p1a: Skarmory|Roost|p1a: Skarmory
|-heal|p1a: Skarmory|100/100 par
|-singleturn|p1a: Skarmory|move: Roost
|
|-weather|Sandstorm|[upkeep]
|upkeep
|turn|29
|
|t:|1710079936
|switch|p1a: Gliscor|Gliscor, F|100/100
|-damage|p1a: Gliscor|88/100|[from] Stealth Rock
|move|p2a: Tyranitar|Crunch|p1a: Gliscor
|-damage|p1a: Gliscor|65/100
|
|-weather|Sandstorm|[upkeep]
|-status|p1a: Gliscor|tox|[from] item: Toxic Orb
|upkeep
|turn|30
|
|t:|1710079941
|move|p1a: Gliscor|Protect|p1a: Gliscor
|-singleturn|p1a: Gliscor|Protect
|move|p2a: Tyranitar|Crunch|p1a: Gliscor
|-activate|p1a: Gliscor|move: Protect
|
|-weather|Sandstorm|[upkeep]
|-heal|p1a: Gliscor|77/100 tox|[from] ability: Poison Heal
|upkeep
|turn|31
|
|t:|1710079944
|move|p1a: Gliscor|Earthquake|p2a: Tyranitar
|-supereffective|p2a: Tyranitar
|-damage|p2a: Tyranitar|0 fnt
|faint|p2a: Tyranitar
|
|-weather|Sandstorm|[upkeep]
|-heal|p1a: Gliscor|90/100 tox|[from] ability: Poison Heal
|upkeep
|
|t:|1710079950
|switch|p2a: Alakazam|Alakazam, F|100/100
|turn|32
|
|t:|1710079961
|switch|p1a: Skarmory|Skarmory, M|100/100 par
|-damage|p1a: Skarmory|88/100 par|[from] Stealth Rock
|move|p2a: Alakazam|Hidden Power|p1a: Skarmory
|-damage|p1a: Skarmory|65/100 par
|
|-weather|Sandstorm|[upkeep]
|-heal|p1a: Skarmory|71/100 par|[from] item: Leftovers
|upkeep
|turn|33
|
|t:|1710079970
|switch|p2a: Latios|Latios, M|31/100
|-damage|p2a: Latios|18/100|[from] Stealth Rock
|move|p1a: Skarmory|Brave Bird|p2a: Latios
|-damage|p2a: Latios|0 fnt
|faint|p2a: Latios
|-damage|p1a: Skarmory|65/100 par|[from] Recoil
|
|-weather|Sandstorm|[upkeep]
|-heal|p1a: Skarmory|71/100 par|[from] item: Leftovers
|upkeep
|
|t:|1710079982
|switch|p2a: Alakazam|Alakazam, F|100/100
|turn|34
|inactive|Ludicolion has 120 seconds left.
|
|t:|1710080017
|move|p2a: Alakazam|Hidden Power|p1a: Skarmory
|-crit|p1a: Skarmory
|-damage|p1a: Skarmory|27/100 par
|cant|p1a: Skarmory|par
|
|-weather|Sandstorm|[upkeep]
|-heal|p1a: Skarmory|33/100 par|[from] item: Leftovers
|upkeep
|turn|35
|
|t:|1710080025
|move|p2a: Alakazam|Hidden Power|p1a: Skarmory
|-damage|p1a: Skarmory|12/100 par
|move|p1a: Skarmory|Roost|p1a: Skarmory
|-heal|p1a: Skarmory|62/100 par
|-singleturn|p1a: Skarmory|move: Roost
|
|-weather|Sandstorm|[upkeep]
|-heal|p1a: Skarmory|68/100 par|[from] item: Leftovers
|upkeep
|turn|36
|
|t:|1710080029
|move|p2a: Alakazam|Hidden Power|p1a: Skarmory
|-crit|p1a: Skarmory
|-damage|p1a: Skarmory|19/100 par
|move|p1a: Skarmory|Roost|p1a: Skarmory
|-heal|p1a: Skarmory|69/100 par
|-singleturn|p1a: Skarmory|move: Roost
|
|-weather|Sandstorm|[upkeep]
|-heal|p1a: Skarmory|75/100 par|[from] item: Leftovers
|upkeep
|turn|37
|
|t:|1710080037
|move|p2a: Alakazam|Hidden Power|p1a: Skarmory
|-damage|p1a: Skarmory|51/100 par
|cant|p1a: Skarmory|par
|
|-weather|Sandstorm|[upkeep]
|-heal|p1a: Skarmory|57/100 par|[from] item: Leftovers
|upkeep
|turn|38
|
|t:|1710080042
|move|p2a: Alakazam|Hidden Power|p1a: Skarmory
|-damage|p1a: Skarmory|36/100 par
|move|p1a: Skarmory|Roost|p1a: Skarmory
|-heal|p1a: Skarmory|86/100 par
|-singleturn|p1a: Skarmory|move: Roost
|
|-weather|Sandstorm|[upkeep]
|-heal|p1a: Skarmory|92/100 par|[from] item: Leftovers
|upkeep
|turn|39
|
|t:|1710080047
|move|p2a: Alakazam|Hidden Power|p1a: Skarmory
|-damage|p1a: Skarmory|69/100 par
|cant|p1a: Skarmory|par
|
|-weather|Sandstorm|[upkeep]
|-heal|p1a: Skarmory|75/100 par|[from] item: Leftovers
|upkeep
|turn|40
|
|t:|1710080054
|move|p2a: Alakazam|Hidden Power|p1a: Skarmory
|-damage|p1a: Skarmory|53/100 par
|move|p1a: Skarmory|Roost|p1a: Skarmory
|-heal|p1a: Skarmory|100/100 par
|-singleturn|p1a: Skarmory|move: Roost
|
|-weather|Sandstorm|[upkeep]
|upkeep
|turn|41
|
|t:|1710080063
|move|p2a: Alakazam|Hidden Power|p1a: Skarmory
|-damage|p1a: Skarmory|76/100 par
|cant|p1a: Skarmory|par
|
|-weather|Sandstorm|[upkeep]
|-heal|p1a: Skarmory|82/100 par|[from] item: Leftovers
|upkeep
|turn|42
|
|t:|1710080067
|move|p2a: Alakazam|Hidden Power|p1a: Skarmory
|-damage|p1a: Skarmory|59/100 par
|move|p1a: Skarmory|Brave Bird|p2a: Alakazam
|-damage|p2a: Alakazam|17/100
|-damage|p1a: Skarmory|38/100 par|[from] Recoil
|
|-weather|Sandstorm|[upkeep]
|-heal|p1a: Skarmory|44/100 par|[from] item: Leftovers
|upkeep
|turn|43
|
|t:|1710080076
|move|p2a: Alakazam|Hidden Power|p1a: Skarmory
|-damage|p1a: Skarmory|19/100 par
|cant|p1a: Skarmory|par
|
|-weather|Sandstorm|[upkeep]
|-heal|p1a: Skarmory|25/100 par|[from] item: Leftovers
|upkeep
|turn|44
|
|t:|1710080080
|move|p2a: Alakazam|Hidden Power|p1a: Skarmory
|-damage|p1a: Skarmory|2/100 par
|move|p1a: Skarmory|Roost|p1a: Skarmory
|-heal|p1a: Skarmory|52/100 par
|-singleturn|p1a: Skarmory|move: Roost
|
|-weather|Sandstorm|[upkeep]
|-heal|p1a: Skarmory|58/100 par|[from] item: Leftovers
|upkeep
|turn|45
|
|t:|1710080084
|move|p2a: Alakazam|Hidden Power|p1a: Skarmory
|-damage|p1a: Skarmory|34/100 par
|move|p1a: Skarmory|Roost|p1a: Skarmory
|-heal|p1a: Skarmory|84/100 par
|-singleturn|p1a: Skarmory|move: Roost
|
|-weather|Sandstorm|[upkeep]
|-heal|p1a: Skarmory|90/100 par|[from] item: Leftovers
|upkeep
|turn|46
|
|t:|1710080088
|move|p2a: Alakazam|Hidden Power|p1a: Skarmory
|-crit|p1a: Skarmory
|-damage|p1a: Skarmory|48/100 par
|move|p1a: Skarmory|Brave Bird|p2a: Alakazam
|-damage|p2a: Alakazam|0 fnt
|faint|p2a: Alakazam
|-damage|p1a: Skarmory|44/100 par|[from] Recoil
|
|-weather|Sandstorm|[upkeep]
|-heal|p1a: Skarmory|50/100 par|[from] item: Leftovers
|upkeep
|-message|Ludicolion forfeited.
|
|win|Minutemaidd
|raw|Minutemaidd's rating: 1319 &rarr; <strong>1345</strong><br />(+26 for winning)
|raw|Ludicolion's rating: 1425 &rarr; <strong>1399</strong><br />(-26 for losing)
|l|☆Ludicolion
|player|p2|
|j|☆Ludicolion
|player|p2|Ludicolion|alder
|l|☆Ludicolion
|player|p2|
