|j|☆Primary Trout
|j|‽baixiaohen
|t:|1744143393
|gametype|singles
|player|p1|Primary Trout|marshal|1559
|player|p2|baixiaohen|red|1528
|teamsize|p1|6
|teamsize|p2|6
|gen|5
|tier|[Gen 5] OU
|rated|
|rule|Species Clause: Limit one of each Pokémon
|rule|OHKO Clause: OHKO moves are banned
|rule|Moody Clause: Moody is banned
|rule|Evasion Items Clause: Evasion items are banned
|rule|Evasion Moves Clause: Evasion moves are banned
|rule|Endless Battle Clause: Forcing endless battles is banned
|rule|HP Percentage Mod: HP is shown in percentages
|rule|Evasion Abilities Clause: Evasion abilities are banned
|rule|Sleep Moves Clause: Sleep-inducing moves are banned
|rule|Swagger Clause: Swagger is banned
|rule|Baton Pass Stat Clause: No Baton Passer may have a way to boost its stats
|clearpoke
|poke|p1|Jirachi|item
|poke|p1|Landorus-Therian, M|item
|poke|p1|Salamence, M|item
|poke|p1|Kyurem-Black|item
|poke|p1|Scizor, M|item
|poke|p1|Starmie|item
|poke|p2|Latios, M|item
|poke|p2|Jirachi|item
|poke|p2|Rotom-Wash|item
|poke|p2|Mamoswine, F|item
|poke|p2|Starmie|item
|poke|p2|Dragonite, M|item
|teampreview
|inactive|Battle timer is ON: inactive players will automatically lose when time's up. (requested by Primary Trout)
|inactive|baixiaohen also wants the timer to be on.
|
|t:|1744143408
|start
|switch|p1a: Scizor|Scizor, M|100/100
|switch|p2a: Rotom|Rotom-Wash|100/100
|turn|1
|
|t:|1744143418
|switch|p1a: Salamence|Salamence, M|100/100
|-ability|p1a: Salamence|Intimidate|boost
|-unboost|p2a: Rotom|atk|1
|move|p2a: Rotom|Will-O-Wisp|p1a: Salamence
|-status|p1a: Salamence|brn
|
|-damage|p1a: Salamence|88/100 brn|[from] brn
|upkeep
|turn|2
|
|t:|1744143432
|switch|p2a: Jirachi|Jirachi|100/100
|move|p1a: Salamence|Draco Meteor|p2a: Jirachi
|-resisted|p2a: Jirachi
|-damage|p2a: Jirachi|73/100
|-unboost|p1a: Salamence|spa|2
|
|-heal|p2a: Jirachi|79/100|[from] item: Leftovers
|-damage|p1a: Salamence|76/100 brn|[from] brn
|upkeep
|turn|3
|
|t:|1744143443
|switch|p1a: Landorus|Landorus-Therian, M, shiny|100/100
|-ability|p1a: Landorus|Intimidate|boost
|-unboost|p2a: Jirachi|atk|1
|move|p2a: Jirachi|Body Slam|p1a: Landorus
|-damage|p1a: Landorus|88/100
|
|-heal|p1a: Landorus|94/100|[from] item: Leftovers
|-heal|p2a: Jirachi|85/100|[from] item: Leftovers
|upkeep
|turn|4
|
|t:|1744143452
|move|p1a: Landorus|Stealth Rock|p2a: Jirachi
|-sidestart|p2: baixiaohen|move: Stealth Rock
|move|p2a: Jirachi|Body Slam|p1a: Landorus
|-damage|p1a: Landorus|82/100
|
|-heal|p1a: Landorus|88/100|[from] item: Leftovers
|-heal|p2a: Jirachi|91/100|[from] item: Leftovers
|upkeep
|turn|5
|
|t:|1744143459
|move|p1a: Landorus|Earthquake|p2a: Jirachi
|-supereffective|p2a: Jirachi
|-damage|p2a: Jirachi|7/100
|move|p2a: Jirachi|Body Slam|p1a: Landorus
|-damage|p1a: Landorus|75/100
|
|-heal|p1a: Landorus|81/100|[from] item: Leftovers
|-heal|p2a: Jirachi|14/100|[from] item: Leftovers
|upkeep
|turn|6
|
|t:|1744143468
|switch|p2a: Rotom|Rotom-Wash|100/100
|-damage|p2a: Rotom|88/100|[from] Stealth Rock
|move|p1a: Landorus|U-turn|p2a: Rotom
|-damage|p2a: Rotom|69/100
|
|t:|1744143473
|switch|p1a: Salamence|Salamence, M|76/100 brn|[from] U-turn
|-ability|p1a: Salamence|Intimidate|boost
|-unboost|p2a: Rotom|atk|1
|
|-damage|p1a: Salamence|63/100 brn|[from] brn
|upkeep
|turn|7
|
|t:|1744143486
|move|p1a: Salamence|Draco Meteor|p2a: Rotom
|-damage|p2a: Rotom|0 fnt
|-unboost|p1a: Salamence|spa|2
|faint|p2a: Rotom
|
|-damage|p1a: Salamence|51/100 brn|[from] brn
|upkeep
|
|t:|1744143493
|switch|p2a: Starmie|Starmie|100/100
|-damage|p2a: Starmie|88/100|[from] Stealth Rock
|turn|8
|
|t:|1744143497
|switch|p1a: Scizor|Scizor, M|100/100
|move|p2a: Starmie|Rapid Spin|p1a: Scizor
|-resisted|p1a: Scizor
|-damage|p1a: Scizor|99/100
|-sideend|p2: baixiaohen|Stealth Rock|[from] move: Rapid Spin|[of] p2a: Starmie
|-damage|p2a: Starmie|78/100|[from] item: Life Orb
|
|-heal|p1a: Scizor|100/100|[from] item: Leftovers
|upkeep
|turn|9
|
|t:|1744143499
|move|p2a: Starmie|Hydro Pump|p1a: Scizor
|-damage|p1a: Scizor|17/100
|-damage|p2a: Starmie|68/100|[from] item: Life Orb
|move|p1a: Scizor|U-turn|p2a: Starmie
|-supereffective|p2a: Starmie
|-damage|p2a: Starmie|0 fnt
|faint|p2a: Starmie
|
|t:|1744143504
|switch|p1a: Kyurem|Kyurem-Black|100/100|[from] U-turn
|-ability|p1a: Kyurem|Teravolt
|
|upkeep
|
|t:|1744143512
|switch|p2a: Latios|Latios, M|100/100
|turn|10
|
|t:|1744143524
|switch|p1a: Jirachi|Jirachi|100/100
|move|p2a: Latios|Draco Meteor|p1a: Jirachi
|-resisted|p1a: Jirachi
|-damage|p1a: Jirachi|65/100
|-unboost|p2a: Latios|spa|2
|
|-heal|p1a: Jirachi|71/100|[from] item: Leftovers
|upkeep
|turn|11
|
|t:|1744143532
|switch|p2a: Jirachi|Jirachi|14/100
|move|p1a: Jirachi|Icy Wind|p2a: Jirachi
|-resisted|p2a: Jirachi
|-crit|p2a: Jirachi
|-damage|p2a: Jirachi|4/100
|-unboost|p2a: Jirachi|spe|1
|
|-heal|p1a: Jirachi|77/100|[from] item: Leftovers
|-heal|p2a: Jirachi|10/100|[from] item: Leftovers
|upkeep
|turn|12
|
|t:|1744143535
|move|p1a: Jirachi|Fire Punch|p2a: Jirachi
|-supereffective|p2a: Jirachi
|-damage|p2a: Jirachi|0 fnt
|faint|p2a: Jirachi
|
|-heal|p1a: Jirachi|83/100|[from] item: Leftovers
|upkeep
|
|t:|1744143550
|switch|p2a: Mamoswine|Mamoswine, F|100/100
|turn|13
|
|t:|1744143553
|move|p1a: Jirachi|Icy Wind|p2a: Mamoswine
|-damage|p2a: Mamoswine|90/100
|-unboost|p2a: Mamoswine|spe|1
|move|p2a: Mamoswine|Earthquake|p1a: Jirachi
|-supereffective|p1a: Jirachi
|-damage|p1a: Jirachi|0 fnt
|faint|p1a: Jirachi
|-damage|p2a: Mamoswine|80/100|[from] item: Life Orb
|
|upkeep
|
|t:|1744143558
|switch|p1a: Starmie|Starmie|100/100
|turn|14
|
|t:|1744143566
|move|p1a: Starmie|Scald|p2a: Mamoswine
|-supereffective|p2a: Mamoswine
|-damage|p2a: Mamoswine|2/100
|-status|p2a: Mamoswine|brn
|move|p2a: Mamoswine|Earthquake|p1a: Starmie
|-crit|p1a: Starmie
|-damage|p1a: Starmie|13/100
|-damage|p2a: Mamoswine|0 fnt|[from] item: Life Orb
|faint|p2a: Mamoswine
|
|-heal|p1a: Starmie|19/100|[from] item: Leftovers
|upkeep
|
|t:|1744143572
|switch|p2a: Latios|Latios, M|100/100
|turn|15
|
|t:|1744143581
|move|p2a: Latios|Psychic|p1a: Starmie
|-resisted|p1a: Starmie
|-damage|p1a: Starmie|0 fnt
|faint|p1a: Starmie
|
|upkeep
|
|t:|1744143585
|switch|p1a: Kyurem|Kyurem-Black|100/100
|-ability|p1a: Kyurem|Teravolt
|turn|16
|
|t:|1744143591
|move|p2a: Latios|Psychic|p1a: Kyurem
|-damage|p1a: Kyurem|50/100
|move|p1a: Kyurem|Ice Beam|p2a: Latios
|-supereffective|p2a: Latios
|-damage|p2a: Latios|14/100
|
|upkeep
|turn|17
|
|t:|1744143596
|switch|p1a: Salamence|Salamence, M|51/100 brn
|-ability|p1a: Salamence|Intimidate|boost
|-unboost|p2a: Latios|atk|1
|move|p2a: Latios|Psychic|p1a: Salamence
|-damage|p1a: Salamence|0 fnt
|faint|p1a: Salamence
|
|upkeep
|
|t:|1744143599
|switch|p1a: Scizor|Scizor, M|17/100
|turn|18
|
|t:|1744143601
|move|p1a: Scizor|Bullet Punch|p2a: Latios
|-damage|p2a: Latios|0 fnt
|faint|p2a: Latios
|
|-heal|p1a: Scizor|23/100|[from] item: Leftovers
|upkeep
|
|t:|1744143603
|switch|p2a: Dragonite|Dragonite, M|100/100
|turn|19
|
|t:|1744143606
|move|p2a: Dragonite|Dragon Dance|p2a: Dragonite
|-boost|p2a: Dragonite|atk|1
|-boost|p2a: Dragonite|spe|1
|move|p1a: Scizor|U-turn|p2a: Dragonite
|-resisted|p2a: Dragonite
|-damage|p2a: Dragonite|90/100
|
|t:|1744143607
|switch|p1a: Kyurem|Kyurem-Black|50/100|[from] U-turn
|-ability|p1a: Kyurem|Teravolt
|
|-heal|p2a: Dragonite|96/100|[from] item: Leftovers
|upkeep
|turn|20
|
|t:|1744143613
|move|p1a: Kyurem|Ice Beam|p2a: Dragonite
|-supereffective|p2a: Dragonite
|-damage|p2a: Dragonite|0 fnt
|faint|p2a: Dragonite
|
|win|Primary Trout
|raw|Primary Trout's rating: 1559 &rarr; <strong>1577</strong><br />(+18 for winning)
|raw|baixiaohen's rating: 1528 &rarr; <strong>1510</strong><br />(-18 for losing)
|l|☆Primary Trout
|player|p1|
|j|☆Primary Trout
|player|p1|Primary Trout|marshal|
