|j|☆helloworld29388
|j|☆radaty
|t:|1705926121
|gametype|singles
|player|p1|helloworld29388|1|1498
|player|p2|radaty|265|1547
|teamsize|p1|6
|teamsize|p2|6
|gen|5
|tier|[Gen 5] OU
|rated|
|rule|Species Clause: Limit one of each Pokémon
|rule|OHKO Clause: OHKO moves are banned
|rule|Moody Clause: Moody is banned
|rule|Evasion Items Clause: Evasion items are banned
|rule|Evasion Moves Clause: Evasion moves are banned
|rule|Endless Battle Clause: Forcing endless battles is banned
|rule|HP Percentage Mod: HP is shown in percentages
|rule|Evasion Abilities Clause: Evasion abilities are banned
|rule|Sleep Moves Clause: Sleep-inducing moves are banned
|rule|Swagger Clause: Swagger is banned
|rule|Baton Pass Stat Clause: No Baton Passer may have a way to boost its stats
|clearpoke
|poke|p1|Politoed, F|item
|poke|p1|Volcarona, M|item
|poke|p1|Jirachi|item
|poke|p1|Dragonite, M|item
|poke|p1|Garchomp, F|item
|poke|p1|Starmie|item
|poke|p2|Chansey, F|item
|poke|p2|Xatu, M|item
|poke|p2|Sableye, F|item
|poke|p2|Quagsire, F|item
|poke|p2|Tentacruel, M|item
|poke|p2|Jirachi|item
|teampreview
|inactive|Battle timer is ON: inactive players will automatically lose when time's up. (requested by radaty)
|inactive|helloworld29388 also wants the timer to be on.
|
|t:|1705926138
|start
|switch|p1a: Best I Ever Had|Garchomp, F, shiny|100/100
|switch|p2a: Sableye|Sableye, F|100/100
|turn|1
|
|t:|1705926143
|move|p2a: Sableye|Taunt|p1a: Best I Ever Had
|-start|p1a: Best I Ever Had|move: Taunt
|cant|p1a: Best I Ever Had|move: Taunt|Stealth Rock
|
|upkeep
|turn|2
|
|t:|1705926148
|switch|p1a: Hotline Bling|Politoed, F, shiny|100/100
|-weather|RainDance|[from] ability: Drizzle|[of] p1a: Hotline Bling
|move|p2a: Sableye|Will-O-Wisp|p1a: Hotline Bling
|-status|p1a: Hotline Bling|brn
|
|-weather|RainDance|[upkeep]
|-damage|p1a: Hotline Bling|88/100 brn|[from] brn
|upkeep
|turn|3
|
|t:|1705926156
|switch|p1a: Best I Ever Had|Garchomp, F, shiny|100/100
|switch|p2a: Chansey|Chansey, F|100/100
|
|-weather|RainDance|[upkeep]
|upkeep
|turn|4
|
|t:|1705926160
|switch|p2a: Xatu|Xatu, M|100/100
|move|p1a: Best I Ever Had|Swords Dance|p1a: Best I Ever Had
|-boost|p1a: Best I Ever Had|atk|2
|
|-weather|RainDance|[upkeep]
|upkeep
|turn|5
|
|t:|1705926167
|move|p1a: Best I Ever Had|Outrage|p2a: Xatu
|-damage|p2a: Xatu|0 fnt
|faint|p2a: Xatu
|
|-weather|RainDance|[upkeep]
|upkeep
|
|t:|1705926170
|switch|p2a: Sableye|Sableye, F|100/100
|turn|6
|
|t:|1705926172
|move|p2a: Sableye|Will-O-Wisp|p1a: Best I Ever Had
|-status|p1a: Best I Ever Had|brn
|move|p1a: Best I Ever Had|Outrage|p2a: Sableye|[from]lockedmove
|-damage|p2a: Sableye|36/100
|
|-weather|RainDance|[upkeep]
|-heal|p2a: Sableye|42/100|[from] item: Leftovers
|-damage|p1a: Best I Ever Had|88/100 brn|[from] brn
|upkeep
|turn|7
|
|t:|1705926174
|move|p2a: Sableye|Recover|p2a: Sableye
|-heal|p2a: Sableye|92/100
|move|p1a: Best I Ever Had|Outrage|p2a: Sableye|[from]lockedmove
|-damage|p2a: Sableye|28/100
|-start|p1a: Best I Ever Had|confusion|[fatigue]
|
|-weather|RainDance|[upkeep]
|-heal|p2a: Sableye|34/100|[from] item: Leftovers
|-damage|p1a: Best I Ever Had|76/100 brn|[from] brn
|upkeep
|turn|8
|
|t:|1705926177
|move|p2a: Sableye|Taunt|p1a: Best I Ever Had
|-start|p1a: Best I Ever Had|move: Taunt
|-activate|p1a: Best I Ever Had|confusion
|-damage|p1a: Best I Ever Had|47/100 brn|[from] confusion
|
|-weather|RainDance|[upkeep]
|-heal|p2a: Sableye|40/100|[from] item: Leftovers
|-damage|p1a: Best I Ever Had|35/100 brn|[from] brn
|upkeep
|turn|9
|
|t:|1705926180
|move|p2a: Sableye|Recover|p2a: Sableye
|-heal|p2a: Sableye|90/100
|-activate|p1a: Best I Ever Had|confusion
|-damage|p1a: Best I Ever Had|8/100 brn|[from] confusion
|
|-weather|RainDance|[upkeep]
|-heal|p2a: Sableye|96/100|[from] item: Leftovers
|-damage|p1a: Best I Ever Had|0 fnt|[from] brn
|faint|p1a: Best I Ever Had
|upkeep
|
|t:|1705926186
|switch|p1a: Right Hand|Starmie, shiny|100/100
|-item|p1a: Right Hand|Air Balloon
|turn|10
|
|t:|1705926195
|switch|p2a: Chansey|Chansey, F|100/100
|move|p1a: Right Hand|Hydro Pump|p2a: Chansey
|-damage|p2a: Chansey|72/100
|
|-weather|RainDance|[upkeep]
|upkeep
|turn|11
|
|t:|1705926206
|switch|p1a: Tootsie Slide|Dragonite, M, shiny|100/100
|move|p2a: Chansey|Stealth Rock|p1a: Tootsie Slide
|-sidestart|p1: helloworld29388|move: Stealth Rock
|
|-weather|RainDance|[upkeep]
|upkeep
|turn|12
|
|t:|1705926208
|switch|p2a: Quagsire|Quagsire, F|100/100
|move|p1a: Tootsie Slide|Dragon Dance|p1a: Tootsie Slide
|-boost|p1a: Tootsie Slide|atk|1
|-boost|p1a: Tootsie Slide|spe|1
|
|-weather|RainDance|[upkeep]
|upkeep
|turn|13
|
|t:|1705926210
|move|p1a: Tootsie Slide|Waterfall|p2a: Quagsire
|-damage|p2a: Quagsire|69/100
|cant|p2a: Quagsire|flinch
|
|-weather|RainDance|[upkeep]
|-heal|p2a: Quagsire|76/100|[from] item: Leftovers
|upkeep
|turn|14
|
|t:|1705926212
|move|p1a: Tootsie Slide|Waterfall|p2a: Quagsire
|-damage|p2a: Quagsire|42/100
|move|p2a: Quagsire|Recover|p2a: Quagsire
|-heal|p2a: Quagsire|92/100
|
|-weather|RainDance|[upkeep]
|-heal|p2a: Quagsire|98/100|[from] item: Leftovers
|upkeep
|turn|15
|
|t:|1705926214
|move|p1a: Tootsie Slide|Waterfall|p2a: Quagsire
|-damage|p2a: Quagsire|64/100
|cant|p2a: Quagsire|flinch
|
|-weather|RainDance|[upkeep]
|-heal|p2a: Quagsire|70/100|[from] item: Leftovers
|upkeep
|turn|16
|
|t:|1705926216
|move|p1a: Tootsie Slide|Waterfall|p2a: Quagsire
|-damage|p2a: Quagsire|40/100
|cant|p2a: Quagsire|flinch
|
|-weather|RainDance|[upkeep]
|-heal|p2a: Quagsire|46/100|[from] item: Leftovers
|upkeep
|turn|17
|
|t:|1705926219
|move|p1a: Tootsie Slide|Outrage|p2a: Quagsire
|-damage|p2a: Quagsire|0 fnt
|faint|p2a: Quagsire
|
|-weather|RainDance|[upkeep]
|upkeep
|
|t:|1705926223
|switch|p2a: Sableye|Sableye, F|96/100
|turn|18
|
|t:|1705926226
|move|p1a: Tootsie Slide|Outrage|p2a: Sableye|[from]lockedmove
|-crit|p2a: Sableye
|-damage|p2a: Sableye|0 fnt
|faint|p2a: Sableye
|-start|p1a: Tootsie Slide|confusion|[fatigue]
|-enditem|p1a: Tootsie Slide|Lum Berry|[eat]
|-end|p1a: Tootsie Slide|confusion
|
|-weather|RainDance|[upkeep]
|upkeep
|-message|radaty forfeited.
|
|win|helloworld29388
|raw|helloworld29388's rating: 1498 &rarr; <strong>1521</strong><br />(+23 for winning)
|raw|radaty's rating: 1547 &rarr; <strong>1524</strong><br />(-23 for losing)
|l|☆radaty
|player|p2|
