|j|☆Darkortex
|j|☆kamomedai
|t:|1598417332
|player|p1|Darkortex|170|1537
|player|p2|kamomedai|jasmine|1319
|teamsize|p1|6
|teamsize|p2|6
|gametype|singles
|gen|5
|tier|[Gen 5] OU
|rated|
|clearpoke
|poke|p1|Politoed, F|item
|poke|p1|Scizor, F|item
|poke|p1|Keldeo-Resolute|item
|poke|p1|Starmie|item
|poke|p1|Ferrothorn, M|item
|poke|p1|Thundurus-Therian, M|item
|poke|p2|Garchomp, M|item
|poke|p2|Tyranitar, M|item
|poke|p2|Starmie|item
|poke|p2|Heatran, M|item
|poke|p2|Landorus-Therian, M|item
|poke|p2|Celebi|item
|rule|Species Clause: Limit one of each Pokémon
|rule|OHKO Clause: OHKO moves are banned
|rule|Moody Clause: Moody is banned
|rule|Evasion Moves Clause: Evasion moves are banned
|rule|Endless Battle Clause: Forcing endless battles is banned
|rule|HP Percentage Mod: HP is shown in percentages
|rule|Evasion Abilities Clause: Evasion abilities are banned
|rule|Baton Pass Clause: Limit one Baton Passer, can't pass Spe and other stats simultaneously
|rule|Sleep Clause: Sleep-inducing moves are banned
|rule|Swagger Clause: Swagger is banned
|teampreview
|inactive|Battle timer is ON: inactive players will automatically lose when time's up. (requested by Darkortex)
|c|☆kamomedai|glhf
|j| jusuraveragenoob
|
|t:|1598417345
|start
|switch|p1a: Politoed|Politoed, F|100/100
|switch|p2a: Tyranitar|Tyranitar, M|100/100
|-weather|Sandstorm|[from] ability: Sand Stream|[of] p2a: Tyranitar
|-weather|RainDance|[from] ability: Drizzle|[of] p1a: Politoed
|turn|1
|
|t:|1598417356
|switch|p2a: Celebi|Celebi|100/100
|move|p1a: Politoed|Hydro Pump|p2a: Celebi
|-resisted|p2a: Celebi
|-damage|p2a: Celebi|43/100
|
|-weather|RainDance|[upkeep]
|-heal|p2a: Celebi|49/100|[from] item: Leftovers
|upkeep
|turn|2
|
|t:|1598417365
|switch|p1a: Scizor|Scizor, F|100/100
|move|p2a: Celebi|Giga Drain|p1a: Scizor
|-resisted|p1a: Scizor
|-damage|p1a: Scizor|91/100
|-heal|p2a: Celebi|54/100|[from] drain|[of] p1a: Scizor
|
|-weather|RainDance|[upkeep]
|-heal|p2a: Celebi|60/100|[from] item: Leftovers
|upkeep
|turn|3
|
|t:|1598417376
|-activate|p2a: Celebi|move: Pursuit
|move|p1a: Scizor|Pursuit|p2a: Celebi|[from]Pursuit
|-supereffective|p2a: Celebi
|-damage|p2a: Celebi|0 fnt
|-hint|A Pokemon can't switch between when it runs out of HP and when it faints
|faint|p2a: Celebi
|
|-weather|RainDance|[upkeep]
|upkeep
|
|t:|1598417383
|switch|p2a: Heatran|Heatran, M|100/100
|turn|4
|
|t:|1598417389
|switch|p1a: Keldeo|Keldeo-Resolute|100/100
|move|p2a: Heatran|Toxic|p1a: Keldeo
|-status|p1a: Keldeo|tox
|
|-weather|RainDance|[upkeep]
|-damage|p1a: Keldeo|94/100 tox|[from] psn
|upkeep
|turn|5
|
|t:|1598417402
|switch|p1a: Ferrothorn|Ferrothorn, M|100/100
|switch|p2a: Starmie|Starmie|100/100
|
|-weather|RainDance|[upkeep]
|upkeep
|turn|6
|
|t:|1598417415
|switch|p2a: Tyranitar|Tyranitar, M|100/100
|-weather|Sandstorm|[from] ability: Sand Stream|[of] p2a: Tyranitar
|move|p1a: Ferrothorn|Stealth Rock|p2a: Tyranitar
|-sidestart|p2: kamomedai|move: Stealth Rock
|
|-weather|Sandstorm|[upkeep]
|upkeep
|turn|7
|
|t:|1598417424
|move|p2a: Tyranitar|Superpower|p1a: Ferrothorn
|-supereffective|p1a: Ferrothorn
|-damage|p1a: Ferrothorn|14/100
|-unboost|p2a: Tyranitar|atk|1
|-unboost|p2a: Tyranitar|def|1
|-damage|p2a: Tyranitar|88/100|[from] ability: Iron Barbs|[of] p1a: Ferrothorn
|move|p1a: Ferrothorn|Leech Seed|p2a: Tyranitar
|-start|p2a: Tyranitar|move: Leech Seed
|
|-weather|Sandstorm|[upkeep]
|-heal|p1a: Ferrothorn|20/100|[from] item: Leftovers
|-damage|p2a: Tyranitar|76/100|[from] Leech Seed|[of] p1a: Ferrothorn
|-heal|p1a: Ferrothorn|33/100|[silent]
|upkeep
|turn|8
|
|t:|1598417436
|switch|p1a: Politoed|Politoed, F|100/100
|-weather|RainDance|[from] ability: Drizzle|[of] p1a: Politoed
|move|p2a: Tyranitar|Superpower|p1a: Politoed
|-crit|p1a: Politoed
|-damage|p1a: Politoed|0 fnt
|-unboost|p2a: Tyranitar|atk|1
|-unboost|p2a: Tyranitar|def|1
|faint|p1a: Politoed
|
|-weather|RainDance|[upkeep]
|upkeep
|
|t:|1598417446
|switch|p1a: Scizor|Scizor, F|91/100
|turn|9
|
|t:|1598417452
|switch|p2a: Landorus|Landorus-Therian, M|100/100
|-damage|p2a: Landorus|88/100|[from] Stealth Rock
|-ability|p2a: Landorus|Intimidate|boost
|-unboost|p1a: Scizor|atk|1
|move|p1a: Scizor|U-turn|p2a: Landorus
|-resisted|p2a: Landorus
|-damage|p2a: Landorus|66/100
|
|t:|1598417456
|switch|p1a: Thundurus|Thundurus-Therian, M|100/100|[from]move: U-turn
|
|-weather|RainDance|[upkeep]
|upkeep
|turn|10
|
|t:|1598417467
|move|p2a: Landorus|U-turn|p1a: Thundurus
|-resisted|p1a: Thundurus
|-damage|p1a: Thundurus|82/100
|
|t:|1598417471
|switch|p2a: Tyranitar|Tyranitar, M|76/100|[from]move: U-turn
|-damage|p2a: Tyranitar|63/100|[from] Stealth Rock
|-weather|Sandstorm|[from] ability: Sand Stream|[of] p2a: Tyranitar
|move|p1a: Thundurus|Substitute|p1a: Thundurus
|-start|p1a: Thundurus|Substitute
|-damage|p1a: Thundurus|57/100
|
|-weather|Sandstorm|[upkeep]
|-damage|p1a: Thundurus|51/100|[from] Sandstorm
|-heal|p1a: Thundurus|57/100|[from] item: Leftovers
|upkeep
|turn|11
|
|t:|1598417482
|move|p1a: Thundurus|Focus Blast|p2a: Tyranitar|[miss]
|-miss|p1a: Thundurus|p2a: Tyranitar
|move|p2a: Tyranitar|Crunch|p1a: Thundurus
|-crit|p1a: Thundurus
|-end|p1a: Thundurus|Substitute
|
|-weather|Sandstorm|[upkeep]
|-damage|p1a: Thundurus|51/100|[from] Sandstorm
|-heal|p1a: Thundurus|57/100|[from] item: Leftovers
|upkeep
|turn|12
|
|t:|1598417493
|switch|p1a: Scizor|Scizor, F|91/100
|move|p2a: Tyranitar|Crunch|p1a: Scizor
|-resisted|p1a: Scizor
|-damage|p1a: Scizor|58/100
|-unboost|p1a: Scizor|def|1
|
|-weather|Sandstorm|[upkeep]
|upkeep
|turn|13
|
|t:|1598417501
|switch|p2a: Landorus|Landorus-Therian, M|66/100
|-damage|p2a: Landorus|53/100|[from] Stealth Rock
|-ability|p2a: Landorus|Intimidate|boost
|-unboost|p1a: Scizor|atk|1
|move|p1a: Scizor|U-turn|p2a: Landorus
|-resisted|p2a: Landorus
|-damage|p2a: Landorus|31/100
|
|t:|1598417505
|switch|p1a: Keldeo|Keldeo-Resolute|94/100 tox|[from]move: U-turn
|
|-weather|Sandstorm|[upkeep]
|-damage|p1a: Keldeo|88/100 tox|[from] Sandstorm
|-damage|p1a: Keldeo|82/100 tox|[from] psn
|upkeep
|turn|14
|
|t:|1598417514
|move|p1a: Keldeo|Surf|p2a: Landorus
|-supereffective|p2a: Landorus
|-damage|p2a: Landorus|0 fnt
|faint|p2a: Landorus
|
|-weather|Sandstorm|[upkeep]
|-damage|p1a: Keldeo|76/100 tox|[from] Sandstorm
|-damage|p1a: Keldeo|63/100 tox|[from] psn
|upkeep
|
|t:|1598417523
|switch|p2a: Starmie|Starmie|100/100
|-damage|p2a: Starmie|88/100|[from] Stealth Rock
|turn|15
|
|t:|1598417529
|switch|p1a: Thundurus|Thundurus-Therian, M|57/100
|move|p2a: Starmie|Rapid Spin|p1a: Thundurus
|-damage|p1a: Thundurus|52/100
|-sideend|p2: kamomedai|Stealth Rock|[from] move: Rapid Spin|[of] p2a: Starmie
|
|-weather|Sandstorm|[upkeep]
|-damage|p2a: Starmie|82/100|[from] Sandstorm
|-damage|p1a: Thundurus|46/100|[from] Sandstorm
|-heal|p2a: Starmie|88/100|[from] item: Leftovers
|-heal|p1a: Thundurus|52/100|[from] item: Leftovers
|upkeep
|turn|16
|
|t:|1598417549
|switch|p2a: Garchomp|Garchomp, M|100/100
|switch|p1a: Scizor|Scizor, F|58/100
|
|-weather|Sandstorm|[upkeep]
|upkeep
|turn|17
|
|t:|1598417559
|move|p2a: Garchomp|Stealth Rock|p1a: Scizor
|-sidestart|p1: Darkortex|move: Stealth Rock
|move|p1a: Scizor|U-turn|p2a: Garchomp
|-damage|p2a: Garchomp|59/100
|-damage|p1a: Scizor|45/100|[from] ability: Rough Skin|[of] p2a: Garchomp
|-damage|p1a: Scizor|29/100|[from] item: Rocky Helmet|[of] p2a: Garchomp
|
|t:|1598417561
|switch|p1a: Starmie|Starmie|100/100|[from]move: U-turn
|-damage|p1a: Starmie|88/100|[from] Stealth Rock
|
|-weather|Sandstorm|[upkeep]
|-damage|p1a: Starmie|82/100|[from] Sandstorm
|upkeep
|turn|18
|
|t:|1598417575
|move|p1a: Starmie|Ice Beam|p2a: Garchomp
|-supereffective|p2a: Garchomp
|-damage|p2a: Garchomp|0 fnt
|-damage|p1a: Starmie|72/100|[from] item: Life Orb
|faint|p2a: Garchomp
|
|-weather|Sandstorm|[upkeep]
|-damage|p1a: Starmie|66/100|[from] Sandstorm
|upkeep
|
|t:|1598417584
|switch|p2a: Heatran|Heatran, M|100/100
|turn|19
|
|t:|1598417592
|move|p1a: Starmie|Hydro Pump|p2a: Heatran|[miss]
|-miss|p1a: Starmie|p2a: Heatran
|move|p2a: Heatran|Roar|p1a: Starmie
|drag|p1a: Keldeo|Keldeo-Resolute|63/100 tox
|-damage|p1a: Keldeo|57/100 tox|[from] Stealth Rock
|
|-weather|Sandstorm|[upkeep]
|-damage|p1a: Keldeo|51/100 tox|[from] Sandstorm
|-damage|p1a: Keldeo|45/100 tox|[from] psn
|upkeep
|turn|20
|
|t:|1598417603
|switch|p2a: Starmie|Starmie|88/100
|move|p1a: Keldeo|Surf|p2a: Starmie
|-resisted|p2a: Starmie
|-damage|p2a: Starmie|59/100
|
|-weather|Sandstorm|[upkeep]
|-damage|p1a: Keldeo|39/100 tox|[from] Sandstorm
|-damage|p2a: Starmie|53/100|[from] Sandstorm
|-heal|p2a: Starmie|59/100|[from] item: Leftovers
|-damage|p1a: Keldeo|26/100 tox|[from] psn
|upkeep
|turn|21
|
|t:|1598417615
|switch|p1a: Starmie|Starmie|66/100
|-damage|p1a: Starmie|54/100|[from] Stealth Rock
|move|p2a: Starmie|Scald|p1a: Starmie
|-resisted|p1a: Starmie
|-damage|p1a: Starmie|34/100
|
|-weather|Sandstorm|[upkeep]
|-damage|p1a: Starmie|28/100|[from] Sandstorm
|-damage|p2a: Starmie|53/100|[from] Sandstorm
|-heal|p2a: Starmie|59/100|[from] item: Leftovers
|upkeep
|turn|22
|
|t:|1598417626
|move|p1a: Starmie|Rapid Spin|p2a: Starmie
|-damage|p2a: Starmie|55/100
|-sideend|p1: Darkortex|Stealth Rock|[from] move: Rapid Spin|[of] p1a: Starmie
|-damage|p1a: Starmie|18/100|[from] item: Life Orb
|move|p2a: Starmie|Recover|p2a: Starmie
|-heal|p2a: Starmie|100/100
|
|-weather|Sandstorm|[upkeep]
|-damage|p1a: Starmie|12/100|[from] Sandstorm
|-damage|p2a: Starmie|94/100|[from] Sandstorm
|-heal|p2a: Starmie|100/100|[from] item: Leftovers
|upkeep
|turn|23
|
|t:|1598417636
|move|p1a: Starmie|Thunder|p2a: Starmie
|-supereffective|p2a: Starmie
|-damage|p2a: Starmie|0 fnt
|-damage|p1a: Starmie|2/100|[from] item: Life Orb
|faint|p2a: Starmie
|
|-weather|Sandstorm|[upkeep]
|-damage|p1a: Starmie|0 fnt|[from] Sandstorm
|faint|p1a: Starmie
|upkeep
|l| jusuraveragenoob
|
|t:|1598417646
|switch|p1a: Keldeo|Keldeo-Resolute|26/100 tox
|switch|p2a: Heatran|Heatran, M|100/100
|turn|24
|
|t:|1598417652
|move|p2a: Heatran|Protect|p2a: Heatran
|-singleturn|p2a: Heatran|Protect
|move|p1a: Keldeo|Hydro Pump|p2a: Heatran
|-activate|p2a: Heatran|move: Protect
|
|-weather|Sandstorm|[upkeep]
|-damage|p1a: Keldeo|20/100 tox|[from] Sandstorm
|-damage|p1a: Keldeo|14/100 tox|[from] psn
|upkeep
|turn|25
|
|t:|1598417664
|switch|p2a: Tyranitar|Tyranitar, M|63/100
|move|p1a: Keldeo|Hydro Pump|p2a: Tyranitar
|-supereffective|p2a: Tyranitar
|-damage|p2a: Tyranitar|0 fnt
|faint|p2a: Tyranitar
|
|-weather|Sandstorm|[upkeep]
|-damage|p1a: Keldeo|8/100 tox|[from] Sandstorm
|-damage|p1a: Keldeo|0 fnt|[from] psn
|faint|p1a: Keldeo
|upkeep
|
|t:|1598417675
|switch|p1a: Thundurus|Thundurus-Therian, M|52/100
|switch|p2a: Heatran|Heatran, M|100/100
|turn|26
|
|t:|1598417683
|move|p1a: Thundurus|Focus Blast|p2a: Heatran
|-supereffective|p2a: Heatran
|-damage|p2a: Heatran|47/100
|move|p2a: Heatran|Lava Plume|p1a: Thundurus
|-damage|p1a: Thundurus|3/100
|
|-weather|Sandstorm|[upkeep]
|-damage|p1a: Thundurus|0 fnt|[from] Sandstorm
|faint|p1a: Thundurus
|-heal|p2a: Heatran|53/100|[from] item: Leftovers
|upkeep
|
|t:|1598417691
|switch|p1a: Scizor|Scizor, F|29/100
|turn|27
|
|t:|1598417695
|move|p2a: Heatran|Lava Plume|p1a: Scizor
|-supereffective|p1a: Scizor
|-damage|p1a: Scizor|0 fnt
|faint|p1a: Scizor
|
|-weather|Sandstorm|[upkeep]
|-heal|p2a: Heatran|59/100|[from] item: Leftovers
|upkeep
|
|t:|1598417697
|switch|p1a: Ferrothorn|Ferrothorn, M|33/100
|turn|28
|-message|Darkortex forfeited.
|
|win|kamomedai
|l|☆Darkortex
|raw|Darkortex's rating: 1537 &rarr; <strong>1506</strong><br />(-31 for losing)
|raw|kamomedai's rating: 1319 &rarr; <strong>1350</strong><br />(+31 for winning)
