|j|☆Croaset
|j|☆el janitor
|t:|1707855550
|gametype|singles
|player|p1|Croaset|elesa|1450
|player|p2|el janitor|170|1323
|teamsize|p1|6
|teamsize|p2|6
|gen|5
|tier|[Gen 5] OU
|rated|
|rule|Species Clause: Limit one of each Pokémon
|rule|OHKO Clause: OHKO moves are banned
|rule|Moody Clause: Moody is banned
|rule|Evasion Items Clause: Evasion items are banned
|rule|Evasion Moves Clause: Evasion moves are banned
|rule|Endless Battle Clause: Forcing endless battles is banned
|rule|HP Percentage Mod: HP is shown in percentages
|rule|Evasion Abilities Clause: Evasion abilities are banned
|rule|Sleep Moves Clause: Sleep-inducing moves are banned
|rule|Swagger Clause: Swagger is banned
|rule|Baton Pass Stat Clause: No Baton Passer may have a way to boost its stats
|clearpoke
|poke|p1|Tyranitar, F|item
|poke|p1|Landorus-Therian, M|item
|poke|p1|Terrakion|item
|poke|p1|Celebi|item
|poke|p1|Excadrill, F|item
|poke|p1|Keldeo|item
|poke|p2|Politoed, M|item
|poke|p2|Landorus-Therian, M|item
|poke|p2|Tentacruel, F|item
|poke|p2|Toxicroak, M|item
|poke|p2|Tornadus, M|item
|poke|p2|Ferrothorn, M|item
|teampreview
|inactive|Battle timer is ON: inactive players will automatically lose when time's up. (requested by el janitor)
|
|t:|1707855558
|start
|switch|p1a: Scary Monsters|Landorus-Therian, M|100/100
|switch|p2a: Landorus|Landorus-Therian, M|100/100
|-ability|p2a: Landorus|Intimidate|boost
|-unboost|p1a: Scary Monsters|atk|1
|-ability|p1a: Scary Monsters|Intimidate|boost
|-unboost|p2a: Landorus|atk|1
|turn|1
|
|t:|1707855573
|move|p2a: Landorus|Hidden Power|p1a: Scary Monsters
|-supereffective|p1a: Scary Monsters
|-damage|p1a: Scary Monsters|15/100
|move|p1a: Scary Monsters|Hidden Power|p2a: Landorus
|-supereffective|p2a: Landorus
|-damage|p2a: Landorus|11/100
|
|-heal|p1a: Scary Monsters|21/100|[from] item: Leftovers
|upkeep
|turn|2
|
|t:|1707855581
|switch|p2a: Politoed|Politoed, M|100/100
|-weather|RainDance|[from] ability: Drizzle|[of] p2a: Politoed
|switch|p1a: Heavy Weather|Tyranitar, F|100/100
|-weather|Sandstorm|[from] ability: Sand Stream|[of] p1a: Heavy Weather
|
|-weather|Sandstorm|[upkeep]
|-damage|p2a: Politoed|94/100|[from] Sandstorm
|-heal|p2a: Politoed|100/100|[from] item: Leftovers
|upkeep
|turn|3
|
|t:|1707855591
|switch|p2a: Ferrothorn|Ferrothorn, M|100/100
|switch|p1a: Green Green Grass|Celebi|100/100
|
|-weather|Sandstorm|[upkeep]
|-damage|p1a: Green Green Grass|94/100|[from] Sandstorm
|-heal|p1a: Green Green Grass|100/100|[from] item: Leftovers
|upkeep
|turn|4
|
|t:|1707855597
|move|p1a: Green Green Grass|Substitute|p1a: Green Green Grass
|-start|p1a: Green Green Grass|Substitute
|-damage|p1a: Green Green Grass|75/100
|move|p2a: Ferrothorn|Gyro Ball|p1a: Green Green Grass
|-crit|p1a: Green Green Grass
|-end|p1a: Green Green Grass|Substitute
|
|-weather|Sandstorm|[upkeep]
|-damage|p1a: Green Green Grass|69/100|[from] Sandstorm
|-heal|p1a: Green Green Grass|75/100|[from] item: Leftovers
|upkeep
|turn|5
|
|t:|1707855600
|move|p1a: Green Green Grass|Substitute|p1a: Green Green Grass
|-start|p1a: Green Green Grass|Substitute
|-damage|p1a: Green Green Grass|50/100
|move|p2a: Ferrothorn|Gyro Ball|p1a: Green Green Grass
|-end|p1a: Green Green Grass|Substitute
|
|-weather|Sandstorm|[upkeep]
|-damage|p1a: Green Green Grass|44/100|[from] Sandstorm
|-heal|p1a: Green Green Grass|50/100|[from] item: Leftovers
|upkeep
|turn|6
|
|t:|1707855604
|move|p1a: Green Green Grass|Recover|p1a: Green Green Grass
|-heal|p1a: Green Green Grass|100/100
|move|p2a: Ferrothorn|Stealth Rock|p1a: Green Green Grass
|-sidestart|p1: Croaset|move: Stealth Rock
|
|-weather|Sandstorm|[upkeep]
|-damage|p1a: Green Green Grass|94/100|[from] Sandstorm
|-heal|p1a: Green Green Grass|100/100|[from] item: Leftovers
|upkeep
|turn|7
|
|t:|1707855607
|move|p1a: Green Green Grass|Substitute|p1a: Green Green Grass
|-start|p1a: Green Green Grass|Substitute
|-damage|p1a: Green Green Grass|75/100
|move|p2a: Ferrothorn|Gyro Ball|p1a: Green Green Grass
|-crit|p1a: Green Green Grass
|-end|p1a: Green Green Grass|Substitute
|
|-weather|Sandstorm|[upkeep]
|-damage|p1a: Green Green Grass|69/100|[from] Sandstorm
|-heal|p1a: Green Green Grass|75/100|[from] item: Leftovers
|upkeep
|turn|8
|
|t:|1707855611
|switch|p2a: Landorus|Landorus-Therian, M|11/100
|-ability|p2a: Landorus|Intimidate|boost
|-unboost|p1a: Green Green Grass|atk|1
|move|p1a: Green Green Grass|Substitute|p1a: Green Green Grass
|-start|p1a: Green Green Grass|Substitute
|-damage|p1a: Green Green Grass|50/100
|
|-weather|Sandstorm|[upkeep]
|-damage|p1a: Green Green Grass|44/100|[from] Sandstorm
|-heal|p1a: Green Green Grass|50/100|[from] item: Leftovers
|upkeep
|turn|9
|
|t:|1707855617
|move|p2a: Landorus|U-turn|p1a: Green Green Grass
|-supereffective|p1a: Green Green Grass
|-end|p1a: Green Green Grass|Substitute
|
|t:|1707855620
|switch|p2a: Politoed|Politoed, M|100/100|[from] U-turn
|-weather|RainDance|[from] ability: Drizzle|[of] p2a: Politoed
|move|p1a: Green Green Grass|Recover|p1a: Green Green Grass
|-heal|p1a: Green Green Grass|100/100
|
|-weather|RainDance|[upkeep]
|upkeep
|turn|10
|
|t:|1707855624
|move|p1a: Green Green Grass|Substitute|p1a: Green Green Grass
|-start|p1a: Green Green Grass|Substitute
|-damage|p1a: Green Green Grass|75/100
|move|p2a: Politoed|Encore|p1a: Green Green Grass
|-start|p1a: Green Green Grass|Encore
|
|-weather|RainDance|[upkeep]
|-heal|p1a: Green Green Grass|82/100|[from] item: Leftovers
|upkeep
|turn|11
|
|t:|1707855634
|switch|p2a: Toxicroak|Toxicroak, M|100/100
|move|p1a: Green Green Grass|Substitute|p1a: Green Green Grass
|-fail|p1a: Green Green Grass|move: Substitute
|
|-weather|RainDance|[upkeep]
|-heal|p1a: Green Green Grass|88/100|[from] item: Leftovers
|upkeep
|turn|12
|
|t:|1707855638
|move|p2a: Toxicroak|Substitute|p2a: Toxicroak
|-start|p2a: Toxicroak|Substitute
|-damage|p2a: Toxicroak|76/100
|move|p1a: Green Green Grass|Substitute|p1a: Green Green Grass
|-fail|p1a: Green Green Grass|move: Substitute
|
|-weather|RainDance|[upkeep]
|-heal|p2a: Toxicroak|88/100|[from] ability: Dry Skin
|-heal|p1a: Green Green Grass|94/100|[from] item: Leftovers
|upkeep
|turn|13
|
|t:|1707855640
|-singleturn|p2a: Toxicroak|move: Focus Punch
|move|p1a: Green Green Grass|Substitute|p1a: Green Green Grass
|-fail|p1a: Green Green Grass|move: Substitute
|move|p2a: Toxicroak|Focus Punch|p1a: Green Green Grass
|-resisted|p1a: Green Green Grass
|-end|p1a: Green Green Grass|Substitute
|-damage|p2a: Toxicroak|78/100|[from] item: Life Orb
|
|-weather|RainDance|[upkeep]
|-heal|p2a: Toxicroak|91/100|[from] ability: Dry Skin
|-heal|p1a: Green Green Grass|99/100|[from] item: Leftovers
|-end|p1a: Green Green Grass|Encore
|upkeep
|turn|14
|
|t:|1707855650
|-singleturn|p2a: Toxicroak|move: Focus Punch
|move|p1a: Green Green Grass|Psychic|p2a: Toxicroak
|-supereffective|p2a: Toxicroak
|-end|p2a: Toxicroak|Substitute
|move|p2a: Toxicroak|Focus Punch|p1a: Green Green Grass
|-resisted|p1a: Green Green Grass
|-damage|p1a: Green Green Grass|60/100
|-damage|p2a: Toxicroak|81/100|[from] item: Life Orb
|
|-weather|RainDance|[upkeep]
|-heal|p2a: Toxicroak|93/100|[from] ability: Dry Skin
|-heal|p1a: Green Green Grass|66/100|[from] item: Leftovers
|upkeep
|turn|15
|
|t:|1707855655
|move|p2a: Toxicroak|Substitute|p2a: Toxicroak
|-start|p2a: Toxicroak|Substitute
|-damage|p2a: Toxicroak|69/100
|move|p1a: Green Green Grass|Psychic|p2a: Toxicroak
|-supereffective|p2a: Toxicroak
|-end|p2a: Toxicroak|Substitute
|
|-weather|RainDance|[upkeep]
|-heal|p2a: Toxicroak|81/100|[from] ability: Dry Skin
|-heal|p1a: Green Green Grass|73/100|[from] item: Leftovers
|upkeep
|turn|16
|
|t:|1707855661
|switch|p2a: Ferrothorn|Ferrothorn, M|100/100
|move|p1a: Green Green Grass|Psychic|p2a: Ferrothorn
|-resisted|p2a: Ferrothorn
|-damage|p2a: Ferrothorn|91/100
|
|-weather|RainDance|[upkeep]
|-heal|p1a: Green Green Grass|79/100|[from] item: Leftovers
|-heal|p2a: Ferrothorn|97/100|[from] item: Leftovers
|upkeep
|turn|17
|
|t:|1707855666
|switch|p2a: Tornadus|Tornadus, M|100/100
|move|p1a: Green Green Grass|Substitute|p1a: Green Green Grass
|-start|p1a: Green Green Grass|Substitute
|-damage|p1a: Green Green Grass|54/100
|
|-weather|RainDance|[upkeep]
|-heal|p1a: Green Green Grass|60/100|[from] item: Leftovers
|upkeep
|turn|18
|
|t:|1707855669
|move|p2a: Tornadus|U-turn|p1a: Green Green Grass
|-supereffective|p1a: Green Green Grass
|-end|p1a: Green Green Grass|Substitute
|
|t:|1707855674
|switch|p2a: Ferrothorn|Ferrothorn, M|97/100|[from] U-turn
|move|p1a: Green Green Grass|Baton Pass|p1a: Green Green Grass
|
|t:|1707855678
|switch|p1a: Ball Breaker|Excadrill, F|100/100|[from] Baton Pass
|-damage|p1a: Ball Breaker|97/100|[from] Stealth Rock
|-ability|p1a: Ball Breaker|Mold Breaker
|
|-weather|RainDance|[upkeep]
|-heal|p1a: Ball Breaker|100/100|[from] item: Leftovers
|-heal|p2a: Ferrothorn|100/100|[from] item: Leftovers
|upkeep
|turn|19
|
|t:|1707855680
|move|p1a: Ball Breaker|Rapid Spin|p2a: Ferrothorn
|-resisted|p2a: Ferrothorn
|-crit|p2a: Ferrothorn
|-damage|p2a: Ferrothorn|95/100
|-damage|p1a: Ball Breaker|88/100|[from] ability: Iron Barbs|[of] p2a: Ferrothorn
|-sideend|p1: Croaset|Stealth Rock|[from] move: Rapid Spin|[of] p1a: Ball Breaker
|move|p2a: Ferrothorn|Leech Seed|p1a: Ball Breaker
|-start|p1a: Ball Breaker|move: Leech Seed
|
|-weather|RainDance|[upkeep]
|-heal|p1a: Ball Breaker|94/100|[from] item: Leftovers
|-heal|p2a: Ferrothorn|100/100|[from] item: Leftovers
|-damage|p1a: Ball Breaker|82/100|[from] Leech Seed|[of] p2a: Ferrothorn
|upkeep
|turn|20
|
|t:|1707855684
|switch|p1a: Green Green Grass|Celebi|60/100
|move|p2a: Ferrothorn|Stealth Rock|p1a: Green Green Grass
|-sidestart|p1: Croaset|move: Stealth Rock
|
|-weather|RainDance|[upkeep]
|-heal|p1a: Green Green Grass|66/100|[from] item: Leftovers
|upkeep
|turn|21
|
|t:|1707855689
|switch|p2a: Tornadus|Tornadus, M|100/100
|move|p1a: Green Green Grass|Substitute|p1a: Green Green Grass
|-start|p1a: Green Green Grass|Substitute
|-damage|p1a: Green Green Grass|41/100
|
|-weather|RainDance|[upkeep]
|-heal|p1a: Green Green Grass|47/100|[from] item: Leftovers
|upkeep
|turn|22
|
|t:|1707855695
|move|p2a: Tornadus|Hurricane|p1a: Green Green Grass
|-supereffective|p1a: Green Green Grass
|-end|p1a: Green Green Grass|Substitute
|move|p1a: Green Green Grass|Recover|p1a: Green Green Grass
|-heal|p1a: Green Green Grass|97/100
|
|-weather|RainDance|[upkeep]
|-heal|p1a: Green Green Grass|100/100|[from] item: Leftovers
|upkeep
|turn|23
|
|t:|1707855698
|switch|p2a: Landorus|Landorus-Therian, M|11/100
|-ability|p2a: Landorus|Intimidate|boost
|-unboost|p1a: Green Green Grass|atk|1
|switch|p1a: Heavy Weather|Tyranitar, F|100/100
|-damage|p1a: Heavy Weather|88/100|[from] Stealth Rock
|-weather|Sandstorm|[from] ability: Sand Stream|[of] p1a: Heavy Weather
|
|-weather|Sandstorm|[upkeep]
|upkeep
|turn|24
|
|t:|1707855709
|switch|p1a: Scary Monsters|Landorus-Therian, M|21/100
|-damage|p1a: Scary Monsters|8/100|[from] Stealth Rock
|-ability|p1a: Scary Monsters|Intimidate|boost
|-unboost|p2a: Landorus|atk|1
|move|p2a: Landorus|U-turn|p1a: Scary Monsters
|-resisted|p1a: Scary Monsters
|-damage|p1a: Scary Monsters|0 fnt
|faint|p1a: Scary Monsters
|
|t:|1707855713
|switch|p2a: Politoed|Politoed, M|100/100|[from] U-turn
|-weather|RainDance|[from] ability: Drizzle|[of] p2a: Politoed
|
|-weather|RainDance|[upkeep]
|upkeep
|
|t:|1707855719
|switch|p1a: Green Green Grass|Celebi|100/100
|-damage|p1a: Green Green Grass|88/100|[from] Stealth Rock
|turn|25
|
|t:|1707855722
|move|p1a: Green Green Grass|Baton Pass|p1a: Green Green Grass
|
|t:|1707855724
|switch|p1a: Heavy Weather|Tyranitar, F|88/100|[from] Baton Pass
|-damage|p1a: Heavy Weather|76/100|[from] Stealth Rock
|-weather|Sandstorm|[from] ability: Sand Stream|[of] p1a: Heavy Weather
|move|p2a: Politoed|Encore||[still]
|-fail|p2a: Politoed
|
|-weather|Sandstorm|[upkeep]
|-damage|p2a: Politoed|94/100|[from] Sandstorm
|-heal|p2a: Politoed|100/100|[from] item: Leftovers
|upkeep
|turn|26
|
|t:|1707855730
|switch|p2a: Ferrothorn|Ferrothorn, M|100/100
|switch|p1a: Green Green Grass|Celebi|88/100
|-damage|p1a: Green Green Grass|76/100|[from] Stealth Rock
|
|-weather|Sandstorm|[upkeep]
|-damage|p1a: Green Green Grass|70/100|[from] Sandstorm
|-heal|p1a: Green Green Grass|76/100|[from] item: Leftovers
|upkeep
|turn|27
|
|t:|1707855736
|move|p1a: Green Green Grass|Substitute|p1a: Green Green Grass
|-start|p1a: Green Green Grass|Substitute
|-damage|p1a: Green Green Grass|51/100
|move|p2a: Ferrothorn|Gyro Ball|p1a: Green Green Grass
|-end|p1a: Green Green Grass|Substitute
|
|-weather|Sandstorm|[upkeep]
|-damage|p1a: Green Green Grass|45/100|[from] Sandstorm
|-heal|p1a: Green Green Grass|51/100|[from] item: Leftovers
|upkeep
|turn|28
|
|t:|1707855739
|move|p1a: Green Green Grass|Substitute|p1a: Green Green Grass
|-start|p1a: Green Green Grass|Substitute
|-damage|p1a: Green Green Grass|26/100
|move|p2a: Ferrothorn|Gyro Ball|p1a: Green Green Grass
|-end|p1a: Green Green Grass|Substitute
|
|-weather|Sandstorm|[upkeep]
|-damage|p1a: Green Green Grass|20/100|[from] Sandstorm
|-heal|p1a: Green Green Grass|26/100|[from] item: Leftovers
|upkeep
|turn|29
|
|t:|1707855742
|switch|p2a: Politoed|Politoed, M|100/100
|-weather|RainDance|[from] ability: Drizzle|[of] p2a: Politoed
|move|p1a: Green Green Grass|Recover|p1a: Green Green Grass
|-heal|p1a: Green Green Grass|76/100
|
|-weather|RainDance|[upkeep]
|-heal|p1a: Green Green Grass|82/100|[from] item: Leftovers
|upkeep
|turn|30
|
|t:|1707855748
|switch|p2a: Landorus|Landorus-Therian, M|11/100
|-ability|p2a: Landorus|Intimidate|boost
|-unboost|p1a: Green Green Grass|atk|1
|move|p1a: Green Green Grass|Substitute|p1a: Green Green Grass
|-start|p1a: Green Green Grass|Substitute
|-damage|p1a: Green Green Grass|57/100
|
|-weather|RainDance|[upkeep]
|-heal|p1a: Green Green Grass|63/100|[from] item: Leftovers
|upkeep
|turn|31
|
|t:|1707855754
|move|p2a: Landorus|U-turn|p1a: Green Green Grass
|-supereffective|p1a: Green Green Grass
|-end|p1a: Green Green Grass|Substitute
|
|t:|1707855760
|switch|p2a: Ferrothorn|Ferrothorn, M|100/100|[from] U-turn
|move|p1a: Green Green Grass|Baton Pass|p1a: Green Green Grass
|
|t:|1707855763
|switch|p1a: Tusk|Terrakion, shiny|100/100|[from] Baton Pass
|-damage|p1a: Tusk|94/100|[from] Stealth Rock
|
|-weather|RainDance|[upkeep]
|upkeep
|turn|32
|
|t:|1707855765
|move|p1a: Tusk|Close Combat|p2a: Ferrothorn
|-supereffective|p2a: Ferrothorn
|-damage|p2a: Ferrothorn|36/100
|-unboost|p1a: Tusk|def|1
|-unboost|p1a: Tusk|spd|1
|-damage|p1a: Tusk|82/100|[from] ability: Iron Barbs|[of] p2a: Ferrothorn
|move|p2a: Ferrothorn|Gyro Ball|p1a: Tusk
|-supereffective|p1a: Tusk
|-damage|p1a: Tusk|0 fnt
|faint|p1a: Tusk
|
|-weather|RainDance|[upkeep]
|-heal|p2a: Ferrothorn|42/100|[from] item: Leftovers
|upkeep
|
|t:|1707855773
|switch|p1a: Ball Breaker|Excadrill, F|82/100
|-damage|p1a: Ball Breaker|79/100|[from] Stealth Rock
|-ability|p1a: Ball Breaker|Mold Breaker
|turn|33
|
|t:|1707855777
|move|p1a: Ball Breaker|Rapid Spin|p2a: Ferrothorn
|-resisted|p2a: Ferrothorn
|-damage|p2a: Ferrothorn|39/100
|-damage|p1a: Ball Breaker|66/100|[from] ability: Iron Barbs|[of] p2a: Ferrothorn
|-sideend|p1: Croaset|Stealth Rock|[from] move: Rapid Spin|[of] p1a: Ball Breaker
|move|p2a: Ferrothorn|Leech Seed|p1a: Ball Breaker
|-start|p1a: Ball Breaker|move: Leech Seed
|
|-weather|RainDance|[upkeep]
|-heal|p1a: Ball Breaker|72/100|[from] item: Leftovers
|-heal|p2a: Ferrothorn|46/100|[from] item: Leftovers
|-damage|p1a: Ball Breaker|60/100|[from] Leech Seed|[of] p2a: Ferrothorn
|-heal|p2a: Ferrothorn|58/100|[silent]
|upkeep
|turn|34
|
|t:|1707855780
|switch|p1a: Green Green Grass|Celebi|63/100
|move|p2a: Ferrothorn|Stealth Rock|p1a: Green Green Grass
|-sidestart|p1: Croaset|move: Stealth Rock
|
|-weather|RainDance|[upkeep]
|-heal|p1a: Green Green Grass|69/100|[from] item: Leftovers
|-heal|p2a: Ferrothorn|65/100|[from] item: Leftovers
|upkeep
|turn|35
|
|t:|1707855783
|switch|p2a: Tornadus|Tornadus, M|100/100
|move|p1a: Green Green Grass|Substitute|p1a: Green Green Grass
|-start|p1a: Green Green Grass|Substitute
|-damage|p1a: Green Green Grass|44/100
|
|-weather|RainDance|[upkeep]
|-heal|p1a: Green Green Grass|50/100|[from] item: Leftovers
|upkeep
|turn|36
|
|t:|1707855787
|move|p2a: Tornadus|U-turn|p1a: Green Green Grass
|-supereffective|p1a: Green Green Grass
|-end|p1a: Green Green Grass|Substitute
|
|t:|1707855790
|switch|p2a: Politoed|Politoed, M|100/100|[from] U-turn
|move|p1a: Green Green Grass|Baton Pass|p1a: Green Green Grass
|
|t:|1707855793
|switch|p1a: Heavy Weather|Tyranitar, F|76/100|[from] Baton Pass
|-damage|p1a: Heavy Weather|63/100|[from] Stealth Rock
|-weather|Sandstorm|[from] ability: Sand Stream|[of] p1a: Heavy Weather
|
|-weather|Sandstorm|[upkeep]
|-damage|p2a: Politoed|94/100|[from] Sandstorm
|-heal|p2a: Politoed|100/100|[from] item: Leftovers
|upkeep
|turn|37
|
|t:|1707855798
|switch|p1a: Green Green Grass|Celebi|50/100
|-damage|p1a: Green Green Grass|38/100|[from] Stealth Rock
|move|p2a: Politoed|Toxic|p1a: Green Green Grass
|-status|p1a: Green Green Grass|tox
|
|-weather|Sandstorm|[upkeep]
|-damage|p1a: Green Green Grass|32/100 tox|[from] Sandstorm
|-damage|p2a: Politoed|94/100|[from] Sandstorm
|-heal|p1a: Green Green Grass|38/100 tox|[from] item: Leftovers
|-heal|p2a: Politoed|100/100|[from] item: Leftovers
|-damage|p1a: Green Green Grass|32/100 tox|[from] psn
|upkeep
|turn|38
|
|t:|1707855801
|move|p1a: Green Green Grass|Recover|p1a: Green Green Grass
|-heal|p1a: Green Green Grass|82/100 tox
|move|p2a: Politoed|Encore|p1a: Green Green Grass
|-start|p1a: Green Green Grass|Encore
|
|-weather|Sandstorm|[upkeep]
|-damage|p1a: Green Green Grass|76/100 tox|[from] Sandstorm
|-damage|p2a: Politoed|94/100|[from] Sandstorm
|-heal|p1a: Green Green Grass|82/100 tox|[from] item: Leftovers
|-heal|p2a: Politoed|100/100|[from] item: Leftovers
|-damage|p1a: Green Green Grass|70/100 tox|[from] psn
|upkeep
|turn|39
|
|t:|1707855805
|switch|p2a: Landorus|Landorus-Therian, M|11/100
|-ability|p2a: Landorus|Intimidate|boost
|-unboost|p1a: Green Green Grass|atk|1
|move|p1a: Green Green Grass|Recover|p1a: Green Green Grass
|-heal|p1a: Green Green Grass|100/100 tox
|
|-weather|Sandstorm|[upkeep]
|-damage|p1a: Green Green Grass|94/100 tox|[from] Sandstorm
|-heal|p1a: Green Green Grass|100/100 tox|[from] item: Leftovers
|-damage|p1a: Green Green Grass|82/100 tox|[from] psn
|upkeep
|turn|40
|
|t:|1707855809
|-curestatus|p1a: Green Green Grass|tox|[from] ability: Natural Cure
|switch|p1a: Ball Breaker|Excadrill, F|60/100
|-damage|p1a: Ball Breaker|57/100|[from] Stealth Rock
|-ability|p1a: Ball Breaker|Mold Breaker
|move|p2a: Landorus|U-turn|p1a: Ball Breaker
|-resisted|p1a: Ball Breaker
|-damage|p1a: Ball Breaker|40/100
|
|t:|1707855813
|switch|p2a: Politoed|Politoed, M|100/100|[from] U-turn
|-weather|RainDance|[from] ability: Drizzle|[of] p2a: Politoed
|
|-weather|RainDance|[upkeep]
|-heal|p1a: Ball Breaker|46/100|[from] item: Leftovers
|upkeep
|turn|41
|
|t:|1707855825
|switch|p1a: Green Green Grass|Celebi|82/100
|-damage|p1a: Green Green Grass|70/100|[from] Stealth Rock
|switch|p2a: Ferrothorn|Ferrothorn, M|65/100
|
|-weather|RainDance|[upkeep]
|-heal|p1a: Green Green Grass|76/100|[from] item: Leftovers
|-heal|p2a: Ferrothorn|71/100|[from] item: Leftovers
|upkeep
|turn|42
|
|t:|1707855829
|switch|p2a: Tornadus|Tornadus, M|100/100
|move|p1a: Green Green Grass|Substitute|p1a: Green Green Grass
|-start|p1a: Green Green Grass|Substitute
|-damage|p1a: Green Green Grass|51/100
|
|-weather|RainDance|[upkeep]
|-heal|p1a: Green Green Grass|57/100|[from] item: Leftovers
|upkeep
|turn|43
|
|t:|1707855833
|move|p2a: Tornadus|U-turn|p1a: Green Green Grass
|-supereffective|p1a: Green Green Grass
|-end|p1a: Green Green Grass|Substitute
|
|t:|1707855836
|switch|p2a: Politoed|Politoed, M|100/100|[from] U-turn
|move|p1a: Green Green Grass|Recover|p1a: Green Green Grass
|-heal|p1a: Green Green Grass|100/100
|
|-weather|RainDance|[upkeep]
|upkeep
|turn|44
|
|t:|1707855840
|move|p1a: Green Green Grass|Substitute|p1a: Green Green Grass
|-start|p1a: Green Green Grass|Substitute
|-damage|p1a: Green Green Grass|75/100
|move|p2a: Politoed|Encore||[still]
|-fail|p2a: Politoed
|
|-weather|RainDance|[upkeep]
|-heal|p1a: Green Green Grass|82/100|[from] item: Leftovers
|upkeep
|turn|45
|
|t:|1707855848
|switch|p2a: Landorus|Landorus-Therian, M|11/100
|-ability|p2a: Landorus|Intimidate|boost
|-immune|p1a: Green Green Grass
|move|p1a: Green Green Grass|Psychic|p2a: Landorus
|-damage|p2a: Landorus|0 fnt
|faint|p2a: Landorus
|
|-weather|RainDance|[upkeep]
|-heal|p1a: Green Green Grass|88/100|[from] item: Leftovers
|upkeep
|c|☆el janitor|wait how did it fail
|c|☆el janitor|what
|c|☆Croaset|out of pp
|c|☆el janitor|ohhh i wasnt paying atten
|inactive|el janitor has 120 seconds left.
|
|t:|1707855880
|switch|p2a: Tornadus|Tornadus, M|100/100
|turn|46
|
|t:|1707855886
|move|p2a: Tornadus|U-turn|p1a: Green Green Grass
|-supereffective|p1a: Green Green Grass
|-end|p1a: Green Green Grass|Substitute
|
|t:|1707855891
|switch|p2a: Ferrothorn|Ferrothorn, M|71/100|[from] U-turn
|move|p1a: Green Green Grass|Baton Pass|p1a: Green Green Grass
|
|t:|1707855894
|switch|p1a: Made in Heaven|Keldeo|100/100|[from] Baton Pass
|-damage|p1a: Made in Heaven|94/100|[from] Stealth Rock
|
|-weather|RainDance|[upkeep]
|-heal|p1a: Made in Heaven|100/100|[from] item: Leftovers
|-heal|p2a: Ferrothorn|77/100|[from] item: Leftovers
|upkeep
|turn|47
|
|t:|1707855899
|switch|p2a: Toxicroak|Toxicroak, M|81/100
|move|p1a: Made in Heaven|Secret Sword|p2a: Toxicroak
|-resisted|p2a: Toxicroak
|-damage|p2a: Toxicroak|49/100
|
|-weather|RainDance|[upkeep]
|-heal|p2a: Toxicroak|61/100|[from] ability: Dry Skin
|upkeep
|turn|48
|
|t:|1707855904
|move|p1a: Made in Heaven|Secret Sword|p2a: Toxicroak
|-resisted|p2a: Toxicroak
|-damage|p2a: Toxicroak|27/100
|move|p2a: Toxicroak|Substitute|p2a: Toxicroak
|-start|p2a: Toxicroak|Substitute
|-damage|p2a: Toxicroak|2/100
|
|-weather|RainDance|[upkeep]
|-heal|p2a: Toxicroak|14/100|[from] ability: Dry Skin
|upkeep
|turn|49
|
|t:|1707855906
|-singleturn|p2a: Toxicroak|move: Focus Punch
|move|p1a: Made in Heaven|Secret Sword|p2a: Toxicroak
|-resisted|p2a: Toxicroak
|-end|p2a: Toxicroak|Substitute
|move|p2a: Toxicroak|Focus Punch|p1a: Made in Heaven
|-damage|p1a: Made in Heaven|0 fnt
|faint|p1a: Made in Heaven
|-damage|p2a: Toxicroak|4/100|[from] item: Life Orb
|
|-weather|RainDance|[upkeep]
|-heal|p2a: Toxicroak|17/100|[from] ability: Dry Skin
|upkeep
|
|t:|1707855915
|switch|p1a: Heavy Weather|Tyranitar, F|63/100
|-damage|p1a: Heavy Weather|51/100|[from] Stealth Rock
|-weather|Sandstorm|[from] ability: Sand Stream|[of] p1a: Heavy Weather
|turn|50
|
|t:|1707855922
|switch|p1a: Green Green Grass|Celebi|88/100
|-damage|p1a: Green Green Grass|75/100|[from] Stealth Rock
|-singleturn|p2a: Toxicroak|move: Focus Punch
|move|p2a: Toxicroak|Focus Punch|p1a: Green Green Grass
|-resisted|p1a: Green Green Grass
|-damage|p1a: Green Green Grass|34/100
|-damage|p2a: Toxicroak|7/100|[from] item: Life Orb
|
|-weather|Sandstorm|[upkeep]
|-damage|p2a: Toxicroak|1/100|[from] Sandstorm
|-damage|p1a: Green Green Grass|27/100|[from] Sandstorm
|-heal|p1a: Green Green Grass|34/100|[from] item: Leftovers
|upkeep
|turn|51
|
|t:|1707855930
|switch|p2a: Politoed|Politoed, M|100/100
|-weather|RainDance|[from] ability: Drizzle|[of] p2a: Politoed
|move|p1a: Green Green Grass|Recover|p1a: Green Green Grass
|-heal|p1a: Green Green Grass|84/100
|
|-weather|RainDance|[upkeep]
|-heal|p1a: Green Green Grass|90/100|[from] item: Leftovers
|upkeep
|turn|52
|
|t:|1707855935
|switch|p1a: Heavy Weather|Tyranitar, F|51/100
|-damage|p1a: Heavy Weather|39/100|[from] Stealth Rock
|-weather|Sandstorm|[from] ability: Sand Stream|[of] p1a: Heavy Weather
|move|p2a: Politoed|Toxic|p1a: Heavy Weather
|-status|p1a: Heavy Weather|tox
|
|-weather|Sandstorm|[upkeep]
|-damage|p2a: Politoed|94/100|[from] Sandstorm
|-heal|p2a: Politoed|100/100|[from] item: Leftovers
|-damage|p1a: Heavy Weather|32/100 tox|[from] psn
|upkeep
|turn|53
|
|t:|1707855941
|move|p2a: Politoed|Protect|p2a: Politoed
|-singleturn|p2a: Politoed|Protect
|move|p1a: Heavy Weather|Crunch|p2a: Politoed
|-activate|p2a: Politoed|move: Protect
|
|-weather|Sandstorm|[upkeep]
|-damage|p2a: Politoed|94/100|[from] Sandstorm
|-heal|p2a: Politoed|100/100|[from] item: Leftovers
|-damage|p1a: Heavy Weather|20/100 tox|[from] psn
|upkeep
|turn|54
|
|t:|1707855943
|move|p2a: Politoed|Scald|p1a: Heavy Weather
|-supereffective|p1a: Heavy Weather
|-damage|p1a: Heavy Weather|0 fnt
|faint|p1a: Heavy Weather
|
|-weather|Sandstorm|[upkeep]
|-damage|p2a: Politoed|94/100|[from] Sandstorm
|-heal|p2a: Politoed|100/100|[from] item: Leftovers
|upkeep
|
|t:|1707855948
|switch|p1a: Green Green Grass|Celebi|90/100
|-damage|p1a: Green Green Grass|77/100|[from] Stealth Rock
|turn|55
|
|t:|1707855952
|move|p1a: Green Green Grass|Psychic|p2a: Politoed
|-damage|p2a: Politoed|74/100
|move|p2a: Politoed|Toxic|p1a: Green Green Grass|[miss]
|-miss|p2a: Politoed|p1a: Green Green Grass
|
|-weather|Sandstorm|[upkeep]
|-damage|p1a: Green Green Grass|71/100|[from] Sandstorm
|-damage|p2a: Politoed|68/100|[from] Sandstorm
|-heal|p1a: Green Green Grass|77/100|[from] item: Leftovers
|-heal|p2a: Politoed|74/100|[from] item: Leftovers
|upkeep
|turn|56
|
|t:|1707855955
|move|p2a: Politoed|Protect|p2a: Politoed
|-singleturn|p2a: Politoed|Protect
|move|p1a: Green Green Grass|Psychic|p2a: Politoed
|-activate|p2a: Politoed|move: Protect
|
|-weather|Sandstorm|[upkeep]
|-damage|p1a: Green Green Grass|71/100|[from] Sandstorm
|-damage|p2a: Politoed|68/100|[from] Sandstorm
|-heal|p1a: Green Green Grass|77/100|[from] item: Leftovers
|-heal|p2a: Politoed|74/100|[from] item: Leftovers
|upkeep
|turn|57
|
|t:|1707855960
|switch|p2a: Ferrothorn|Ferrothorn, M|77/100
|move|p1a: Green Green Grass|Psychic|p2a: Ferrothorn
|-resisted|p2a: Ferrothorn
|-damage|p2a: Ferrothorn|67/100
|
|-weather|Sandstorm|[upkeep]
|-damage|p1a: Green Green Grass|71/100|[from] Sandstorm
|-heal|p1a: Green Green Grass|77/100|[from] item: Leftovers
|-heal|p2a: Ferrothorn|73/100|[from] item: Leftovers
|upkeep
|turn|58
|
|t:|1707855962
|move|p1a: Green Green Grass|Baton Pass|p1a: Green Green Grass
|
|t:|1707855964
|switch|p1a: Ball Breaker|Excadrill, F|46/100|[from] Baton Pass
|-damage|p1a: Ball Breaker|43/100|[from] Stealth Rock
|-ability|p1a: Ball Breaker|Mold Breaker
|move|p2a: Ferrothorn|Spikes|p1a: Ball Breaker
|-sidestart|p1: Croaset|Spikes
|
|-weather|Sandstorm|[upkeep]
|-heal|p1a: Ball Breaker|49/100|[from] item: Leftovers
|-heal|p2a: Ferrothorn|79/100|[from] item: Leftovers
|upkeep
|turn|59
|
|t:|1707855966
|move|p1a: Ball Breaker|Rapid Spin|p2a: Ferrothorn
|-resisted|p2a: Ferrothorn
|-damage|p2a: Ferrothorn|77/100
|-damage|p1a: Ball Breaker|37/100|[from] ability: Iron Barbs|[of] p2a: Ferrothorn
|-sideend|p1: Croaset|Spikes|[from] move: Rapid Spin|[of] p1a: Ball Breaker
|-sideend|p1: Croaset|Stealth Rock|[from] move: Rapid Spin|[of] p1a: Ball Breaker
|move|p2a: Ferrothorn|Leech Seed|p1a: Ball Breaker
|-start|p1a: Ball Breaker|move: Leech Seed
|
|-weather|Sandstorm|[upkeep]
|-heal|p1a: Ball Breaker|43/100|[from] item: Leftovers
|-heal|p2a: Ferrothorn|83/100|[from] item: Leftovers
|-damage|p1a: Ball Breaker|30/100|[from] Leech Seed|[of] p2a: Ferrothorn
|-heal|p2a: Ferrothorn|96/100|[silent]
|upkeep
|turn|60
|
|t:|1707855969
|switch|p1a: Green Green Grass|Celebi|77/100
|move|p2a: Ferrothorn|Leech Seed|p1a: Green Green Grass
|-immune|p1a: Green Green Grass
|
|-weather|Sandstorm|[upkeep]
|-damage|p1a: Green Green Grass|71/100|[from] Sandstorm
|-heal|p1a: Green Green Grass|77/100|[from] item: Leftovers
|-heal|p2a: Ferrothorn|100/100|[from] item: Leftovers
|upkeep
|turn|61
|
|t:|1707855978
|move|p1a: Green Green Grass|Recover|p1a: Green Green Grass
|-heal|p1a: Green Green Grass|100/100
|move|p2a: Ferrothorn|Gyro Ball|p1a: Green Green Grass
|-damage|p1a: Green Green Grass|62/100
|
|-weather|Sandstorm|[upkeep]
|-damage|p1a: Green Green Grass|55/100|[from] Sandstorm
|-heal|p1a: Green Green Grass|62/100|[from] item: Leftovers
|upkeep
|turn|62
|
|t:|1707855981
|move|p1a: Green Green Grass|Recover|p1a: Green Green Grass
|-heal|p1a: Green Green Grass|100/100
|move|p2a: Ferrothorn|Spikes|p1a: Green Green Grass
|-sidestart|p1: Croaset|Spikes
|
|-weather|Sandstorm|[upkeep]
|-damage|p1a: Green Green Grass|94/100|[from] Sandstorm
|-heal|p1a: Green Green Grass|100/100|[from] item: Leftovers
|upkeep
|turn|63
|
|t:|1707855987
|switch|p1a: Ball Breaker|Excadrill, F|30/100
|-damage|p1a: Ball Breaker|18/100|[from] Spikes
|-ability|p1a: Ball Breaker|Mold Breaker
|move|p2a: Ferrothorn|Spikes|p1a: Ball Breaker
|-sidestart|p1: Croaset|Spikes
|
|-weather|Sandstorm|[upkeep]
|-heal|p1a: Ball Breaker|24/100|[from] item: Leftovers
|upkeep
|turn|64
|
|t:|1707855990
|move|p1a: Ball Breaker|Rapid Spin|p2a: Ferrothorn
|-resisted|p2a: Ferrothorn
|-damage|p2a: Ferrothorn|98/100
|-damage|p1a: Ball Breaker|12/100|[from] ability: Iron Barbs|[of] p2a: Ferrothorn
|-sideend|p1: Croaset|Spikes|[from] move: Rapid Spin|[of] p1a: Ball Breaker
|move|p2a: Ferrothorn|Spikes|p1a: Ball Breaker
|-sidestart|p1: Croaset|Spikes
|
|-weather|Sandstorm|[upkeep]
|-heal|p1a: Ball Breaker|18/100|[from] item: Leftovers
|-heal|p2a: Ferrothorn|100/100|[from] item: Leftovers
|upkeep
|turn|65
|
|t:|1707855992
|move|p1a: Ball Breaker|Rapid Spin|p2a: Ferrothorn
|-resisted|p2a: Ferrothorn
|-damage|p2a: Ferrothorn|98/100
|-damage|p1a: Ball Breaker|5/100|[from] ability: Iron Barbs|[of] p2a: Ferrothorn
|-sideend|p1: Croaset|Spikes|[from] move: Rapid Spin|[of] p1a: Ball Breaker
|move|p2a: Ferrothorn|Spikes|p1a: Ball Breaker
|-sidestart|p1: Croaset|Spikes
|
|-weather|Sandstorm|[upkeep]
|-heal|p1a: Ball Breaker|11/100|[from] item: Leftovers
|-heal|p2a: Ferrothorn|100/100|[from] item: Leftovers
|upkeep
|turn|66
|
|t:|1707855997
|move|p1a: Ball Breaker|Rapid Spin|p2a: Ferrothorn
|-resisted|p2a: Ferrothorn
|-damage|p2a: Ferrothorn|98/100
|-damage|p1a: Ball Breaker|0 fnt|[from] ability: Iron Barbs|[of] p2a: Ferrothorn
|faint|p1a: Ball Breaker
|move|p2a: Ferrothorn|Spikes|p1: Ball Breaker
|-sidestart|p1: Croaset|Spikes
|
|-weather|Sandstorm|[upkeep]
|-heal|p2a: Ferrothorn|100/100|[from] item: Leftovers
|upkeep
|
|t:|1707855999
|switch|p1a: Green Green Grass|Celebi|100/100
|-damage|p1a: Green Green Grass|84/100|[from] Spikes
|turn|67
|
|t:|1707856003
|switch|p2a: Politoed|Politoed, M|74/100
|-weather|RainDance|[from] ability: Drizzle|[of] p2a: Politoed
|move|p1a: Green Green Grass|Baton Pass||[still]
|-fail|p1a: Green Green Grass
|
|-weather|RainDance|[upkeep]
|-heal|p1a: Green Green Grass|90/100|[from] item: Leftovers
|-heal|p2a: Politoed|81/100|[from] item: Leftovers
|upkeep
|turn|68
|
|t:|1707856005
|move|p1a: Green Green Grass|Psychic|p2a: Politoed
|-damage|p2a: Politoed|53/100
|move|p2a: Politoed|Toxic|p1a: Green Green Grass
|-status|p1a: Green Green Grass|tox
|
|-weather|RainDance|[upkeep]
|-heal|p1a: Green Green Grass|96/100 tox|[from] item: Leftovers
|-heal|p2a: Politoed|59/100|[from] item: Leftovers
|-damage|p1a: Green Green Grass|90/100 tox|[from] psn
|upkeep
|turn|69
|
|t:|1707856007
|move|p1a: Green Green Grass|Psychic|p2a: Politoed
|-damage|p2a: Politoed|34/100
|move|p2a: Politoed|Encore|p1a: Green Green Grass
|-start|p1a: Green Green Grass|Encore
|
|-weather|RainDance|[upkeep]
|-heal|p1a: Green Green Grass|96/100 tox|[from] item: Leftovers
|-heal|p2a: Politoed|40/100|[from] item: Leftovers
|-damage|p1a: Green Green Grass|84/100 tox|[from] psn
|upkeep
|turn|70
|
|t:|1707856009
|move|p2a: Politoed|Protect|p2a: Politoed
|-singleturn|p2a: Politoed|Protect
|move|p1a: Green Green Grass|Psychic|p2a: Politoed
|-activate|p2a: Politoed|move: Protect
|
|-weather|RainDance|[upkeep]
|-heal|p1a: Green Green Grass|90/100 tox|[from] item: Leftovers
|-heal|p2a: Politoed|46/100|[from] item: Leftovers
|-damage|p1a: Green Green Grass|72/100 tox|[from] psn
|upkeep
|turn|71
|
|t:|1707856011
|switch|p2a: Ferrothorn|Ferrothorn, M|100/100
|move|p1a: Green Green Grass|Psychic|p2a: Ferrothorn
|-resisted|p2a: Ferrothorn
|-damage|p2a: Ferrothorn|91/100
|
|-weather|RainDance|[upkeep]
|-heal|p1a: Green Green Grass|78/100 tox|[from] item: Leftovers
|-heal|p2a: Ferrothorn|97/100|[from] item: Leftovers
|-damage|p1a: Green Green Grass|53/100 tox|[from] psn
|upkeep
|turn|72
|
|t:|1707856013
|move|p1a: Green Green Grass|Psychic|p2a: Ferrothorn
|-resisted|p2a: Ferrothorn
|-damage|p2a: Ferrothorn|87/100
|move|p2a: Ferrothorn|Gyro Ball|p1a: Green Green Grass
|-damage|p1a: Green Green Grass|14/100 tox
|
|-weather|RainDance|[upkeep]
|-heal|p1a: Green Green Grass|20/100 tox|[from] item: Leftovers
|-heal|p2a: Ferrothorn|94/100|[from] item: Leftovers
|-damage|p1a: Green Green Grass|0 fnt|[from] psn
|faint|p1a: Green Green Grass
|
|win|el janitor
|upkeep
|raw|Croaset's rating: 1450 &rarr; <strong>1423</strong><br />(-27 for losing)
|raw|el janitor's rating: 1323 &rarr; <strong>1350</strong><br />(+27 for winning)
|l|☆Croaset
|player|p1|
|c|☆el janitor|gg
