|j|☆GerMoj
|j|☆CzarPokemon
|player|p1|GerMoj|1
|player|p2|CzarPokemon|266
|teamsize|p1|6
|teamsize|p2|6
|gametype|singles
|gen|5
|tier|[Gen 5] OU
|rated|
|rule|Sleep Clause Mod: Limit one foe put to sleep
|rule|Species Clause: Limit one of each Pokémon
|rule|OHKO Clause: OHKO moves are banned
|rule|Moody Clause: Moody is banned
|rule|Evasion Moves Clause: Evasion moves are banned
|rule|Endless Battle Clause: Forcing endless battles is banned
|rule|HP Percentage Mod: HP is shown in percentages
|rule|Evasion Abilities Clause: Evasion abilities are banned
|rule|Baton Pass Clause: Limit one Baton Passer, can't pass Spe and other stats simultaneously
|rule|Swagger Clause: Swagger is banned
|clearpoke
|poke|p1|Politoed, F|item
|poke|p1|Ferrothorn, F|item
|poke|p1|Thundurus-Therian, M|item
|poke|p1|Breloom, F|item
|poke|p1|Latios, M|item
|poke|p1|Tentacruel, F|item
|poke|p2|Politoed, M|item
|poke|p2|Garchomp, F|item
|poke|p2|Gyarados, M|item
|poke|p2|Latios, M|item
|poke|p2|Starmie|item
|poke|p2|Ferrothorn, F|item
|teampreview
|j| willwolf
|inactive|Battle timer is ON: inactive players will automatically lose when time's up. (requested by CzarPokemon)
|
|start
|switch|p1a: Breloom|Breloom, F|100/100
|switch|p2a: Latios|Latios, M|100/100
|turn|1
|
|switch|p1a: Ferrothorn|Ferrothorn, F|100/100
|move|p2a: Latios|Draco Meteor|p1a: Ferrothorn
|-resisted|p1a: Ferrothorn
|-damage|p1a: Ferrothorn|58/100
|-unboost|p2a: Latios|spa|2
|
|-heal|p1a: Ferrothorn|64/100|[from] item: Leftovers
|upkeep
|turn|2
|
|switch|p2a: Gyarados|Gyarados, M|100/100
|-ability|p2a: Gyarados|Intimidate|boost
|-unboost|p1a: Ferrothorn|atk|1
|move|p1a: Ferrothorn|Stealth Rock|p2a: Gyarados
|-sidestart|p2: CzarPokemon|move: Stealth Rock
|
|-heal|p1a: Ferrothorn|70/100|[from] item: Leftovers
|upkeep
|turn|3
|
|switch|p1a: Politoed|Politoed, F, shiny|100/100
|-weather|RainDance|[from] ability: Drizzle|[of] p1a: Politoed
|move|p2a: Gyarados|Substitute|p2a: Gyarados
|-start|p2a: Gyarados|Substitute
|-damage|p2a: Gyarados|76/100
|
|-weather|RainDance|[upkeep]
|-heal|p2a: Gyarados|82/100|[from] item: Leftovers
|upkeep
|turn|4
|
|move|p1a: Politoed|Perish Song|p1a: Politoed
|-start|p1a: Politoed|perish3|[silent]
|-start|p2a: Gyarados|perish3|[silent]
|-fieldactivate|move: Perish Song
|move|p2a: Gyarados|Bounce|p1a: Politoed|[still]
|-prepare|p2a: Gyarados|Bounce|p1a: Politoed
|
|-weather|RainDance|[upkeep]
|-heal|p2a: Gyarados|88/100|[from] item: Leftovers
|-start|p1a: Politoed|perish3
|-start|p2a: Gyarados|perish3
|upkeep
|turn|5
|
|switch|p1a: Ferrothorn|Ferrothorn, F|70/100
|move|p2a: Gyarados|Bounce|p1a: Ferrothorn|[from]lockedmove
|-crit|p1a: Ferrothorn
|-damage|p1a: Ferrothorn|14/100
|-damage|p2a: Gyarados|76/100|[from] ability: Iron Barbs|[of] p1a: Ferrothorn
|
|-weather|RainDance|[upkeep]
|-heal|p2a: Gyarados|82/100|[from] item: Leftovers
|-heal|p1a: Ferrothorn|20/100|[from] item: Leftovers
|-start|p2a: Gyarados|perish2
|upkeep
|turn|6
|inactive|CzarPokemon has 120 seconds left.
|c| willwolf|you have to switch you have to switch :P
|inactive|CzarPokemon has 90 seconds left.
|l| willwolf
|
|switch|p2a: Latios|Latios, M|100/100
|-damage|p2a: Latios|88/100|[from] Stealth Rock
|move|p1a: Ferrothorn|Protect|p1a: Ferrothorn
|-fail|p1a: Ferrothorn
|
|-weather|RainDance|[upkeep]
|-heal|p1a: Ferrothorn|27/100|[from] item: Leftovers
|upkeep
|turn|7
|
|move|p1a: Ferrothorn|Protect|p1a: Ferrothorn
|-singleturn|p1a: Ferrothorn|Protect
|move|p2a: Latios|Draco Meteor|p1a: Ferrothorn
|-activate|p1a: Ferrothorn|move: Protect
|
|-weather|RainDance|[upkeep]
|-heal|p1a: Ferrothorn|33/100|[from] item: Leftovers
|upkeep
|turn|8
|j| surveillancecamera
|
|switch|p1a: Tentacruel|Tentacruel, F|100/100
|move|p2a: Latios|Draco Meteor|p1a: Tentacruel
|-damage|p1a: Tentacruel|8/100
|-unboost|p2a: Latios|spa|2
|
|-weather|RainDance|[upkeep]
|-heal|p1a: Tentacruel|14/100|[from] ability: Rain Dish
|-heal|p1a: Tentacruel|20/100|[from] item: Leftovers
|upkeep
|turn|9
|
|move|p2a: Latios|Draco Meteor|p1a: Tentacruel
|-damage|p1a: Tentacruel|0 fnt
|-unboost|p2a: Latios|spa|2
|faint|p1a: Tentacruel
|
|-weather|RainDance|[upkeep]
|upkeep
|
|switch|p1a: Ferrothorn|Ferrothorn, F|33/100
|turn|10
|
|switch|p2a: Gyarados|Gyarados, M|82/100
|-damage|p2a: Gyarados|57/100|[from] Stealth Rock
|-ability|p2a: Gyarados|Intimidate|boost
|-unboost|p1a: Ferrothorn|atk|1
|move|p1a: Ferrothorn|Leech Seed|p2a: Gyarados
|-start|p2a: Gyarados|move: Leech Seed
|
|-weather|RainDance|[upkeep]
|-heal|p2a: Gyarados|63/100|[from] item: Leftovers
|-heal|p1a: Ferrothorn|39/100|[from] item: Leftovers
|-damage|p2a: Gyarados|51/100|[from] Leech Seed|[of] p1a: Ferrothorn
|-heal|p1a: Ferrothorn|51/100|[silent]
|upkeep
|turn|11
|
|switch|p2a: Latios|Latios, M|88/100
|-damage|p2a: Latios|76/100|[from] Stealth Rock
|switch|p1a: Breloom|Breloom, F|100/100
|
|-weather|RainDance|[upkeep]
|-status|p1a: Breloom|tox|[from] item: Toxic Orb
|upkeep
|turn|12
|
|switch|p1a: Politoed|Politoed, F, shiny|100/100
|move|p2a: Latios|Draco Meteor|p1a: Politoed
|-damage|p1a: Politoed|0 fnt
|-unboost|p2a: Latios|spa|2
|faint|p1a: Politoed
|
|-weather|RainDance|[upkeep]
|upkeep
|c|☆CzarPokemon|im intrigued
|
|switch|p1a: Ferrothorn|Ferrothorn, F|51/100
|turn|13
|
|switch|p2a: Ferrothorn|Ferrothorn, F|100/100
|-damage|p2a: Ferrothorn|94/100|[from] Stealth Rock
|switch|p1a: Breloom|Breloom, F|100/100 tox
|
|-weather|RainDance|[upkeep]
|-heal|p2a: Ferrothorn|100/100|[from] item: Leftovers
|upkeep
|turn|14
|
|switch|p2a: Latios|Latios, M|76/100
|-damage|p2a: Latios|63/100|[from] Stealth Rock
|move|p1a: Breloom|Spore|p2a: Latios
|-status|p2a: Latios|slp
|
|-weather|RainDance|[upkeep]
|upkeep
|turn|15
|
|switch|p2a: Gyarados|Gyarados, M|51/100
|-damage|p2a: Gyarados|26/100|[from] Stealth Rock
|-ability|p2a: Gyarados|Intimidate|boost
|-unboost|p1a: Breloom|atk|1
|move|p1a: Breloom|Seed Bomb|p2a: Gyarados
|-damage|p2a: Gyarados|0 fnt
|faint|p2a: Gyarados
|
|-weather|RainDance|[upkeep]
|upkeep
|
|switch|p2a: Politoed|Politoed, M|100/100
|-damage|p2a: Politoed|88/100|[from] Stealth Rock
|turn|16
|
|switch|p1a: Ferrothorn|Ferrothorn, F|51/100
|move|p2a: Politoed|Ice Beam|p1a: Ferrothorn
|-damage|p1a: Ferrothorn|31/100
|
|-weather|RainDance|[upkeep]
|-heal|p1a: Ferrothorn|37/100|[from] item: Leftovers
|upkeep
|turn|17
|
|switch|p2a: Ferrothorn|Ferrothorn, F|100/100
|-damage|p2a: Ferrothorn|94/100|[from] Stealth Rock
|switch|p1a: Latios|Latios, M|100/100
|
|-weather|RainDance|[upkeep]
|-heal|p2a: Ferrothorn|100/100|[from] item: Leftovers
|upkeep
|turn|18
|
|move|p1a: Latios|Trick|p2a: Ferrothorn
|-activate|p1a: Latios|move: Trick|[of] p2a: Ferrothorn
|-item|p2a: Ferrothorn|Choice Scarf|[from] move: Trick
|-item|p1a: Latios|Leftovers|[from] move: Trick
|move|p2a: Ferrothorn|Stealth Rock|p1a: Latios
|-sidestart|p1: GerMoj|move: Stealth Rock
|
|-weather|RainDance|[upkeep]
|upkeep
|turn|19
|inactive|CzarPokemon has 120 seconds left.
|inactive|CzarPokemon has 90 seconds left.
|
|move|p1a: Latios|Surf|p2a: Ferrothorn
|-resisted|p2a: Ferrothorn
|-damage|p2a: Ferrothorn|84/100
|move|p2a: Ferrothorn|Stealth Rock|p1a: Latios
|-fail|p2a: Ferrothorn
|
|-weather|RainDance|[upkeep]
|upkeep
|turn|20
|
|move|p1a: Latios|Surf|p2a: Ferrothorn
|-resisted|p2a: Ferrothorn
|-damage|p2a: Ferrothorn|68/100
|move|p2a: Ferrothorn|Stealth Rock|p1a: Latios
|-fail|p2a: Ferrothorn
|
|-weather|RainDance|[upkeep]
|upkeep
|turn|21
|
|switch|p2a: Politoed|Politoed, M|88/100
|-damage|p2a: Politoed|76/100|[from] Stealth Rock
|move|p1a: Latios|Surf|p2a: Politoed
|-resisted|p2a: Politoed
|-damage|p2a: Politoed|47/100
|
|-weather|RainDance|[upkeep]
|upkeep
|turn|22
|
|move|p2a: Politoed|Ice Beam|p1a: Latios
|-supereffective|p1a: Latios
|-damage|p1a: Latios|47/100
|move|p1a: Latios|Draco Meteor|p2a: Politoed|[miss]
|-miss|p1a: Latios|p2a: Politoed
|
|-weather|RainDance|[upkeep]
|-heal|p1a: Latios|53/100|[from] item: Leftovers
|upkeep
|turn|23
|
|move|p2a: Politoed|Ice Beam|p1a: Latios
|-supereffective|p1a: Latios
|-damage|p1a: Latios|2/100
|move|p1a: Latios|Draco Meteor|p2a: Politoed
|-damage|p2a: Politoed|0 fnt
|-unboost|p1a: Latios|spa|2
|faint|p2a: Politoed
|
|-weather|RainDance|[upkeep]
|-heal|p1a: Latios|8/100|[from] item: Leftovers
|upkeep
|c|☆CzarPokemon|tough life
|
|switch|p2a: Starmie|Starmie|100/100
|-damage|p2a: Starmie|88/100|[from] Stealth Rock
|turn|24
|
|switch|p1a: Breloom|Breloom, F|100/100 tox
|-damage|p1a: Breloom|94/100 tox|[from] Stealth Rock
|move|p2a: Starmie|Ice Beam|p1a: Breloom
|-supereffective|p1a: Breloom
|-damage|p1a: Breloom|0 fnt
|-damage|p2a: Starmie|78/100|[from] item: Life Orb
|faint|p1a: Breloom
|
|-weather|RainDance|[upkeep]
|upkeep
|
|switch|p1a: Ferrothorn|Ferrothorn, F|37/100
|-damage|p1a: Ferrothorn|31/100|[from] Stealth Rock
|turn|25
|
|switch|p2a: Ferrothorn|Ferrothorn, F|68/100
|-damage|p2a: Ferrothorn|62/100|[from] Stealth Rock
|move|p1a: Ferrothorn|Protect|p1a: Ferrothorn
|-fail|p1a: Ferrothorn
|
|-weather|RainDance|[upkeep]
|-heal|p1a: Ferrothorn|37/100|[from] item: Leftovers
|upkeep
|turn|26
|
|move|p1a: Ferrothorn|Protect|p1a: Ferrothorn
|-singleturn|p1a: Ferrothorn|Protect
|move|p2a: Ferrothorn|Spikes|p1a: Ferrothorn
|-sidestart|p1: GerMoj|Spikes
|
|-weather|RainDance|[upkeep]
|-heal|p1a: Ferrothorn|43/100|[from] item: Leftovers
|upkeep
|turn|27
|
|switch|p1a: Thundurus|Thundurus-Therian, M|100/100
|-damage|p1a: Thundurus|76/100|[from] Stealth Rock
|move|p2a: Ferrothorn|Spikes|p1a: Thundurus
|-sidestart|p1: GerMoj|Spikes
|
|-weather|RainDance|[upkeep]
|-heal|p1a: Thundurus|82/100|[from] item: Leftovers
|upkeep
|turn|28
|inactive|CzarPokemon has 120 seconds left.
|inactive|CzarPokemon has 90 seconds left.
|
|move|p1a: Thundurus|Agility|p1a: Thundurus
|-boost|p1a: Thundurus|spe|2
|move|p2a: Ferrothorn|Spikes|p1a: Thundurus
|-sidestart|p1: GerMoj|Spikes
|
|-weather|RainDance|[upkeep]
|-heal|p1a: Thundurus|88/100|[from] item: Leftovers
|upkeep
|turn|29
|
|switch|p2a: Garchomp|Garchomp, F|100/100
|-damage|p2a: Garchomp|94/100|[from] Stealth Rock
|move|p1a: Thundurus|Nasty Plot|p1a: Thundurus
|-boost|p1a: Thundurus|spa|2
|
|-weather|RainDance|[upkeep]
|-heal|p1a: Thundurus|94/100|[from] item: Leftovers
|upkeep
|turn|30
|
|move|p1a: Thundurus|Hidden Power|p2a: Garchomp
|-supereffective|p2a: Garchomp
|-enditem|p2a: Garchomp|Yache Berry|[eat]
|-enditem|p2a: Garchomp|Yache Berry|[weaken]
|-damage|p2a: Garchomp|0 fnt
|faint|p2a: Garchomp
|
|-weather|RainDance|[upkeep]
|-heal|p1a: Thundurus|99/100|[from] item: Leftovers
|upkeep
|
|switch|p2a: Starmie|Starmie|78/100
|-damage|p2a: Starmie|66/100|[from] Stealth Rock
|turn|31
|
|move|p1a: Thundurus|Thunderbolt|p2a: Starmie
|-supereffective|p2a: Starmie
|-damage|p2a: Starmie|0 fnt
|faint|p2a: Starmie
|
|-weather|RainDance|[upkeep]
|-heal|p1a: Thundurus|100/100|[from] item: Leftovers
|upkeep
|
|switch|p2a: Latios|Latios, M|63/100 slp
|-damage|p2a: Latios|51/100 slp|[from] Stealth Rock
|turn|32
|
|move|p1a: Thundurus|Nasty Plot|p1a: Thundurus
|-boost|p1a: Thundurus|spa|2
|cant|p2a: Latios|slp
|
|-weather|RainDance|[upkeep]
|upkeep
|turn|33
|
|move|p1a: Thundurus|Hidden Power|p2a: Latios
|-supereffective|p2a: Latios
|-damage|p2a: Latios|0 fnt
|faint|p2a: Latios
|
|-weather|RainDance|[upkeep]
|upkeep
|
|switch|p2a: Ferrothorn|Ferrothorn, F|62/100
|-damage|p2a: Ferrothorn|56/100|[from] Stealth Rock
|turn|34
|
|move|p1a: Thundurus|Hidden Power|p2a: Ferrothorn
|-damage|p2a: Ferrothorn|0 fnt
|faint|p2a: Ferrothorn
|
|win|GerMoj
|raw|GerMoj's rating: 1297 &rarr; <strong>1326</strong><br />(+29 for winning)
|raw|CzarPokemon's rating: 1352 &rarr; <strong>1329</strong><br />(-23 for losing)
|l|☆CzarPokemon
