|j|☆Franco J
|j|☆Blossummm
|t:|1715031337
|gametype|singles
|player|p1|Franco J|n|1374
|player|p2|Blossummm|roxie|1315
|teamsize|p1|6
|teamsize|p2|6
|gen|5
|tier|[Gen 5] OU
|rated|
|rule|Species Clause: Limit one of each Pokémon
|rule|OHKO Clause: OHKO moves are banned
|rule|Moody Clause: Moody is banned
|rule|Evasion Items Clause: Evasion items are banned
|rule|Evasion Moves Clause: Evasion moves are banned
|rule|Endless Battle Clause: Forcing endless battles is banned
|rule|HP Percentage Mod: HP is shown in percentages
|rule|Evasion Abilities Clause: Evasion abilities are banned
|rule|Sleep Moves Clause: Sleep-inducing moves are banned
|rule|Swagger Clause: Swagger is banned
|rule|Baton Pass Stat Clause: No Baton Passer may have a way to boost its stats
|clearpoke
|poke|p1|Lucario, M|item
|poke|p1|Sigilyph, F|item
|poke|p1|Skarmory, F|item
|poke|p1|Gengar, F|item
|poke|p1|Tyranitar, M|item
|poke|p1|Gastrodon, M|item
|poke|p2|Tyranitar, F|item
|poke|p2|Alakazam, F|item
|poke|p2|Latios, M|item
|poke|p2|Ferrothorn, F|item
|poke|p2|Keldeo|item
|poke|p2|Landorus-Therian, M|item
|teampreview
|inactive|Battle timer is ON: inactive players will automatically lose when time's up. (requested by Franco J)
|
|t:|1715031355
|start
|switch|p1a: Skarmory|Skarmory, F|100/100
|switch|p2a: Keldeo|Keldeo|100/100
|turn|1
|
|t:|1715031365
|move|p2a: Keldeo|Scald|p1a: Skarmory
|-damage|p1a: Skarmory|37/100
|-status|p1a: Skarmory|brn
|move|p1a: Skarmory|Brave Bird|p2a: Keldeo
|-supereffective|p2a: Keldeo
|-damage|p2a: Keldeo|51/100
|-damage|p1a: Skarmory|17/100 brn|[from] Recoil
|
|-heal|p2a: Keldeo|57/100|[from] item: Leftovers
|-damage|p1a: Skarmory|5/100 brn|[from] brn
|upkeep
|turn|2
|-enditem|p1a: Skarmory|Custap Berry|[eat]
|-activate|p1a: Skarmory|item: Custap Berry|[consumed]
|
|t:|1715031370
|move|p2a: Keldeo|Protect|p2a: Keldeo
|-singleturn|p2a: Keldeo|Protect
|move|p1a: Skarmory|Brave Bird|p2a: Keldeo
|-activate|p2a: Keldeo|move: Protect
|
|-heal|p2a: Keldeo|63/100|[from] item: Leftovers
|-damage|p1a: Skarmory|0 fnt|[from] brn
|faint|p1a: Skarmory
|upkeep
|
|t:|1715031375
|switch|p1a: Karen II|Gengar, F|100/100
|turn|3
|
|t:|1715031386
|switch|p2a: Landorus|Landorus-Therian, M|100/100
|-ability|p2a: Landorus|Intimidate|boost
|-unboost|p1a: Karen II|atk|1
|move|p1a: Karen II|Thunder|p2a: Landorus
|-immune|p2a: Landorus
|
|upkeep
|turn|4
|
|t:|1715031390
|switch|p1a: Ne|Lucario, M|100/100
|move|p2a: Landorus|Stealth Rock|p1a: Ne
|-sidestart|p1: Franco J|move: Stealth Rock
|
|upkeep
|turn|5
|
|t:|1715031398
|switch|p1a: Atenea|Sigilyph, F|100/100
|move|p2a: Landorus|Earthquake|p1a: Atenea
|-immune|p1a: Atenea
|
|upkeep
|turn|6
|
|t:|1715031407
|switch|p2a: Tyranitar|Tyranitar, F, shiny|100/100
|-weather|Sandstorm|[from] ability: Sand Stream|[of] p2a: Tyranitar
|move|p1a: Atenea|Ice Beam|p2a: Tyranitar
|-damage|p2a: Tyranitar|88/100
|
|-weather|Sandstorm|[upkeep]
|upkeep
|turn|7
|
|t:|1715031413
|move|p1a: Atenea|Thunder Wave|p2a: Tyranitar
|-status|p2a: Tyranitar|par
|move|p2a: Tyranitar|Pursuit|p1a: Atenea
|-supereffective|p1a: Atenea
|-damage|p1a: Atenea|46/100
|
|-weather|Sandstorm|[upkeep]
|upkeep
|turn|8
|
|t:|1715031418
|-activate|p1a: Atenea|move: Pursuit
|move|p2a: Tyranitar|Pursuit|p1a: Atenea|[from]Pursuit
|-supereffective|p1a: Atenea
|-crit|p1a: Atenea
|-damage|p1a: Atenea|0 fnt
|faint|p1a: Atenea
|-hint|A Pokemon can't switch between when it runs out of HP and when it faints
|
|-weather|Sandstorm|[upkeep]
|upkeep
|
|t:|1715031421
|switch|p1a: Ne|Lucario, M|100/100
|-damage|p1a: Ne|98/100|[from] Stealth Rock
|turn|9
|
|t:|1715031427
|switch|p2a: Landorus|Landorus-Therian, M|100/100
|-ability|p2a: Landorus|Intimidate|boost
|-unboost|p1a: Ne|atk|1
|move|p1a: Ne|Close Combat|p2a: Landorus
|-resisted|p2a: Landorus
|-damage|p2a: Landorus|76/100
|-unboost|p1a: Ne|def|1
|-unboost|p1a: Ne|spd|1
|-damage|p1a: Ne|88/100|[from] item: Life Orb
|
|-weather|Sandstorm|[upkeep]
|-heal|p2a: Landorus|82/100|[from] item: Leftovers
|upkeep
|turn|10
|
|t:|1715031437
|switch|p1a: Karen II|Gengar, F|100/100
|-damage|p1a: Karen II|88/100|[from] Stealth Rock
|move|p2a: Landorus|U-turn|p1a: Karen II
|-resisted|p1a: Karen II
|-damage|p1a: Karen II|77/100
|
|t:|1715031449
|switch|p2a: Alakazam|Alakazam, F|100/100|[from] U-turn
|
|-weather|Sandstorm|[upkeep]
|-damage|p1a: Karen II|71/100|[from] Sandstorm
|-heal|p1a: Karen II|77/100|[from] item: Black Sludge
|upkeep
|turn|11
|
|t:|1715031453
|move|p2a: Alakazam|Psychic|p1a: Karen II
|-supereffective|p1a: Karen II
|-damage|p1a: Karen II|0 fnt
|faint|p1a: Karen II
|
|-weather|Sandstorm|[upkeep]
|upkeep
|
|t:|1715031455
|switch|p1a: God|Tyranitar, M|100/100
|-damage|p1a: God|88/100|[from] Stealth Rock
|turn|12
|
|t:|1715031458
|move|p2a: Alakazam|Grass Knot|p1a: God
|-supereffective|p1a: God
|-damage|p1a: God|38/100
|move|p1a: God|Crunch|p2a: Alakazam
|-supereffective|p2a: Alakazam
|-crit|p2a: Alakazam
|-damage|p2a: Alakazam|0 fnt
|faint|p2a: Alakazam
|
|-weather|Sandstorm|[upkeep]
|upkeep
|
|t:|1715031467
|switch|p2a: Keldeo|Keldeo|63/100
|turn|13
|
|t:|1715031471
|move|p2a: Keldeo|Secret Sword|p1a: God
|-supereffective|p1a: God
|-enditem|p1a: God|Chople Berry|[eat]
|-enditem|p1a: God|Chople Berry|[weaken]
|-damage|p1a: God|0 fnt
|faint|p1a: God
|
|-weather|Sandstorm|[upkeep]
|-damage|p2a: Keldeo|57/100|[from] Sandstorm
|-heal|p2a: Keldeo|63/100|[from] item: Leftovers
|upkeep
|
|t:|1715031473
|switch|p1a: Ne|Lucario, M|88/100
|-damage|p1a: Ne|85/100|[from] Stealth Rock
|turn|14
|
|t:|1715031476
|move|p1a: Ne|Extreme Speed|p2a: Keldeo
|-damage|p2a: Keldeo|22/100
|-damage|p1a: Ne|75/100|[from] item: Life Orb
|move|p2a: Keldeo|Secret Sword|p1a: Ne
|-supereffective|p1a: Ne
|-damage|p1a: Ne|0 fnt
|faint|p1a: Ne
|
|-weather|Sandstorm|[upkeep]
|-damage|p2a: Keldeo|16/100|[from] Sandstorm
|-heal|p2a: Keldeo|22/100|[from] item: Leftovers
|upkeep
|l|☆Franco J
|inactive|Franco J disconnected and has a minute to reconnect!
|player|p1|
|inactive|Franco J has 30 seconds to reconnect!
|inactive|Franco J has 20 seconds to reconnect!
|inactive|Franco J has 15 seconds to reconnect!
|inactive|Franco J has 10 seconds to reconnect!
|inactive|Franco J has 5 seconds to reconnect!
|-message|Franco J lost due to inactivity.
|
|win|Blossummm
|raw|Franco J's rating: 1374 &rarr; <strong>1351</strong><br />(-23 for losing)
|raw|Blossummm's rating: 1315 &rarr; <strong>1338</strong><br />(+23 for winning)
