|j|☆JesusKun69
|j|‽spliffdiff
|t:|1749300875
|gametype|singles
|player|p1|JesusKun69|evelyn|1308
|player|p2|spliffdiff|unknown|1358
|teamsize|p1|6
|teamsize|p2|6
|gen|5
|tier|[Gen 5] OU
|rated|
|rule|Species Clause: Limit one of each Pokémon
|rule|OHKO Clause: OHKO moves are banned
|rule|Moody Clause: Moody is banned
|rule|Evasion Items Clause: Evasion items are banned
|rule|Evasion Moves Clause: Evasion moves are banned
|rule|Endless Battle Clause: Forcing endless battles is banned
|rule|HP Percentage Mod: HP is shown in percentages
|rule|Evasion Abilities Clause: Evasion abilities are banned
|rule|Sleep Moves Clause: Sleep-inducing moves are banned
|rule|Swagger Clause: Swagger is banned
|rule|Baton Pass Stat Clause: No Baton Passer may have a way to boost its stats
|clearpoke
|poke|p1|Conkeldurr, F|item
|poke|p1|Latios, M|item
|poke|p1|Jirachi|item
|poke|p1|Claydol|item
|poke|p1|Zoroark, M|item
|poke|p1|Gyarados, M|item
|poke|p2|Honchkrow, F|item
|poke|p2|Terrakion|item
|poke|p2|Garchomp, M|item
|poke|p2|Conkeldurr, F|item
|poke|p2|Keldeo-Resolute|item
|poke|p2|Breloom, M|item
|teampreview
|inactive|Battle timer is ON: inactive players will automatically lose when time's up. (requested by spliffdiff)
|inactive|JesusKun69 has 120 seconds left.
|inactive|spliffdiff has 120 seconds left.
|inactive|spliffdiff has 90 seconds left.
|
|t:|1749300950
|start
|switch|p1a: Claydol|Claydol|100/100
|switch|p2a: Terrakion|Terrakion|100/100
|turn|1
|
|t:|1749300971
|move|p2a: Terrakion|Stealth Rock|p1a: Claydol
|-sidestart|p1: JesusKun69|move: Stealth Rock
|move|p1a: Claydol|Earthquake|p2a: Terrakion
|-supereffective|p2a: Terrakion
|-damage|p2a: Terrakion|33/100
|
|upkeep
|turn|2
|
|t:|1749300980
|switch|p2a: Honchkrow|Honchkrow, F|100/100
|switch|p1a: Conkeldurr|Conkeldurr, F|100/100
|-damage|p1a: Conkeldurr|94/100|[from] Stealth Rock
|
|upkeep
|turn|3
|
|t:|1749300987
|switch|p1a: Jirachi|Jirachi|100/100
|-damage|p1a: Jirachi|94/100|[from] Stealth Rock
|move|p2a: Honchkrow|Brave Bird|p1a: Jirachi
|-resisted|p1a: Jirachi
|-damage|p1a: Jirachi|69/100
|-damage|p2a: Honchkrow|92/100|[from] Recoil
|
|upkeep
|turn|4
|
|t:|1749300994
|switch|p2a: Terrakion|Terrakion|33/100
|move|p1a: Jirachi|Stealth Rock|p2a: Terrakion
|-sidestart|p2: spliffdiff|move: Stealth Rock
|
|upkeep
|turn|5
|
|t:|1749300998
|move|p2a: Terrakion|Close Combat|p1a: Jirachi
|-damage|p1a: Jirachi|21/100
|-unboost|p2a: Terrakion|def|1
|-unboost|p2a: Terrakion|spd|1
|-enditem|p1a: Jirachi|Sitrus Berry|[eat]
|-heal|p1a: Jirachi|46/100|[from] item: Sitrus Berry
|move|p1a: Jirachi|Iron Head|p2a: Terrakion
|-supereffective|p2a: Terrakion
|-damage|p2a: Terrakion|0 fnt
|faint|p2a: Terrakion
|
|upkeep
|
|t:|1749301007
|switch|p2a: Garchomp|Garchomp, M|100/100
|-damage|p2a: Garchomp|94/100|[from] Stealth Rock
|turn|6
|
|t:|1749301014
|switch|p1a: Gyarados|Gyarados, M|100/100
|-damage|p1a: Gyarados|76/100|[from] Stealth Rock
|-ability|p1a: Gyarados|Intimidate|boost
|-unboost|p2a: Garchomp|atk|1
|move|p2a: Garchomp|Earthquake|p1a: Gyarados
|-immune|p1a: Gyarados
|
|upkeep
|turn|7
|
|t:|1749301022
|switch|p1a: Claydol|Claydol|100/100
|-damage|p1a: Claydol|94/100|[from] Stealth Rock
|move|p2a: Garchomp|Rock Slide|p1a: Claydol
|-resisted|p1a: Claydol
|-damage|p1a: Claydol|87/100
|
|upkeep
|turn|8
|
|t:|1749301032
|switch|p2a: Keldeo|Keldeo-Resolute|100/100
|-damage|p2a: Keldeo|94/100|[from] Stealth Rock
|move|p1a: Claydol|Rapid Spin|p2a: Keldeo
|-damage|p2a: Keldeo|89/100
|-sideend|p1: JesusKun69|Stealth Rock|[from] move: Rapid Spin|[of] p1a: Claydol
|
|upkeep
|turn|9
|
|t:|1749301038
|switch|p1a: Gyarados|Gyarados, M|76/100
|-ability|p1a: Gyarados|Intimidate|boost
|-unboost|p2a: Keldeo|atk|1
|move|p2a: Keldeo|Surf|p1a: Gyarados
|-resisted|p1a: Gyarados
|-damage|p1a: Gyarados|55/100
|
|upkeep
|turn|10
|
|t:|1749301049
|switch|p2a: Garchomp|Garchomp, M|94/100
|-damage|p2a: Garchomp|88/100|[from] Stealth Rock
|move|p1a: Gyarados|Dragon Dance|p1a: Gyarados
|-boost|p1a: Gyarados|atk|1
|-boost|p1a: Gyarados|spe|1
|
|upkeep
|turn|11
|
|t:|1749301057
|move|p1a: Gyarados|Dragon Dance|p1a: Gyarados
|-boost|p1a: Gyarados|atk|1
|-boost|p1a: Gyarados|spe|1
|move|p2a: Garchomp|Outrage|p1a: Gyarados
|-damage|p1a: Gyarados|0 fnt
|faint|p1a: Gyarados
|
|upkeep
|
|t:|1749301070
|switch|p1a: Latios|Latios, M|100/100
|turn|12
|
|t:|1749301073
|move|p1a: Latios|Dragon Pulse|p2a: Garchomp
|-supereffective|p2a: Garchomp
|-damage|p2a: Garchomp|0 fnt
|faint|p2a: Garchomp
|
|upkeep
|
|t:|1749301082
|switch|p2a: Keldeo|Keldeo-Resolute|89/100
|-damage|p2a: Keldeo|83/100|[from] Stealth Rock
|turn|13
|
|t:|1749301084
|move|p1a: Latios|Dragon Pulse|p2a: Keldeo
|-damage|p2a: Keldeo|0 fnt
|faint|p2a: Keldeo
|
|upkeep
|
|t:|1749301089
|switch|p2a: Honchkrow|Honchkrow, F|92/100
|-damage|p2a: Honchkrow|67/100|[from] Stealth Rock
|turn|14
|
|t:|1749301095
|-activate|p1a: Latios|move: Pursuit
|move|p2a: Honchkrow|Pursuit|p1a: Latios|[from] Pursuit
|-supereffective|p1a: Latios
|-crit|p1a: Latios
|-damage|p1a: Latios|0 fnt
|faint|p1a: Latios
|-hint|A Pokemon can't switch between when it runs out of HP and when it faints
|
|upkeep
|
|t:|1749301098
|switch|p1a: Conkeldurr|Conkeldurr, F|100/100
|turn|15
|
|t:|1749301101
|move|p1a: Conkeldurr|Hidden Power|p2a: Honchkrow
|-supereffective|p2a: Honchkrow
|-damage|p2a: Honchkrow|0 fnt
|faint|p2a: Honchkrow
|
|upkeep
|
|t:|1749301107
|switch|p2a: Conkeldurr|Conkeldurr, F|100/100
|-damage|p2a: Conkeldurr|94/100|[from] Stealth Rock
|turn|16
|
|t:|1749301109
|switch|p1a: Claydol|Claydol|87/100
|move|p2a: Conkeldurr|Drain Punch|p1a: Claydol
|-resisted|p1a: Claydol
|-damage|p1a: Claydol|70/100
|-heal|p2a: Conkeldurr|100/100|[from] drain|[of] p1a: Claydol
|
|upkeep
|turn|17
|
|t:|1749301114
|move|p1a: Claydol|Psychic|p2a: Conkeldurr
|-supereffective|p2a: Conkeldurr
|-damage|p2a: Conkeldurr|27/100
|move|p2a: Conkeldurr|Ice Punch|p1a: Claydol
|-supereffective|p1a: Claydol
|-damage|p1a: Claydol|14/100
|
|upkeep
|turn|18
|
|t:|1749301121
|move|p1a: Claydol|Psychic|p2a: Conkeldurr
|-supereffective|p2a: Conkeldurr
|-damage|p2a: Conkeldurr|0 fnt
|faint|p2a: Conkeldurr
|
|upkeep
|
|t:|1749301122
|switch|p2a: Breloom|Breloom, M|100/100
|-damage|p2a: Breloom|94/100|[from] Stealth Rock
|turn|19
|
|t:|1749301124
|move|p1a: Claydol|Psychic|p2a: Breloom
|-supereffective|p2a: Breloom
|-damage|p2a: Breloom|0 fnt
|faint|p2a: Breloom
|
|win|JesusKun69
|raw|JesusKun69's rating: 1308 &rarr; <strong>1331</strong><br />(+23 for winning)
|raw|spliffdiff's rating: 1358 &rarr; <strong>1335</strong><br />(-23 for losing)
|l|‽spliffdiff
|player|p2|
