|j|‽banlangen
|j|☆Erdark
|t:|1709972150
|gametype|singles
|player|p1|banlangen|170|1276
|player|p2|Erdark|clair|1340
|teamsize|p1|6
|teamsize|p2|6
|gen|5
|tier|[Gen 5] OU
|rated|
|rule|Species Clause: Limit one of each Pokémon
|rule|OHKO Clause: OHKO moves are banned
|rule|Moody Clause: Moody is banned
|rule|Evasion Items Clause: Evasion items are banned
|rule|Evasion Moves Clause: Evasion moves are banned
|rule|Endless Battle Clause: Forcing endless battles is banned
|rule|HP Percentage Mod: HP is shown in percentages
|rule|Evasion Abilities Clause: Evasion abilities are banned
|rule|Sleep Moves Clause: Sleep-inducing moves are banned
|rule|Swagger Clause: Swagger is banned
|rule|Baton Pass Stat Clause: No Baton Passer may have a way to boost its stats
|clearpoke
|poke|p1|Politoed, F|item
|poke|p1|Keldeo|item
|poke|p1|Excadrill, F|item
|poke|p1|Hydreigon, M|item
|poke|p1|Toxicroak, M|item
|poke|p1|Ferrothorn, F|item
|poke|p2|Espeon, M|item
|poke|p2|Kyurem-Black|item
|poke|p2|Scizor, F|item
|poke|p2|Landorus-Therian, M|item
|poke|p2|Keldeo|item
|poke|p2|Jellicent, M|item
|teampreview
|inactive|Battle timer is ON: inactive players will automatically lose when time's up. (requested by Erdark)
|
|t:|1709972166
|start
|switch|p1a: Politoed|Politoed, F|100/100
|switch|p2a: neuro|Espeon, M|100/100
|-weather|RainDance|[from] ability: Drizzle|[of] p1a: Politoed
|turn|1
|
|t:|1709972174
|move|p2a: neuro|Psyshock|p1a: Politoed
|-damage|p1a: Politoed|34/100
|move|p1a: Politoed|Scald|p2a: neuro
|-damage|p2a: neuro|53/100
|-status|p2a: neuro|brn
|
|-weather|RainDance|[upkeep]
|-heal|p1a: Politoed|40/100|[from] item: Leftovers
|-damage|p2a: neuro|40/100 brn|[from] brn
|upkeep
|turn|2
|
|t:|1709972186
|switch|p2a: huuuuu|Keldeo|100/100
|move|p1a: Politoed|Protect||[still]
|-fail|p1a: Politoed
|
|-weather|RainDance|[upkeep]
|-heal|p1a: Politoed|46/100|[from] item: Leftovers
|upkeep
|turn|3
|
|t:|1709972201
|switch|p2a: buldoze|Kyurem-Black|100/100
|-ability|p2a: buldoze|Teravolt
|move|p1a: Politoed|Protect||[still]
|-fail|p1a: Politoed
|
|-weather|RainDance|[upkeep]
|-heal|p1a: Politoed|53/100|[from] item: Leftovers
|upkeep
|turn|4
|
|t:|1709972211
|switch|p1a: Ferrothorn|Ferrothorn, F|100/100
|move|p2a: buldoze|Fusion Bolt|p1a: Ferrothorn
|-resisted|p1a: Ferrothorn
|-damage|p1a: Ferrothorn|85/100
|
|-weather|RainDance|[upkeep]
|-heal|p1a: Ferrothorn|92/100|[from] item: Leftovers
|upkeep
|turn|5
|j| BORED_FAN
|
|t:|1709972223
|switch|p2a: kraboss|Scizor, F|100/100
|move|p1a: Ferrothorn|Power Whip|p2a: kraboss
|-resisted|p2a: kraboss
|-damage|p2a: kraboss|89/100
|
|-weather|RainDance|[upkeep]
|-heal|p1a: Ferrothorn|98/100|[from] item: Leftovers
|upkeep
|turn|6
|
|t:|1709972238
|switch|p1a: Politoed|Politoed, F|53/100
|move|p2a: kraboss|Swords Dance|p2a: kraboss
|-boost|p2a: kraboss|atk|2
|
|-weather|RainDance|[upkeep]
|-heal|p1a: Politoed|59/100|[from] item: Leftovers
|upkeep
|turn|7
|
|t:|1709972249
|move|p2a: kraboss|Bullet Punch|p1a: Politoed
|-resisted|p1a: Politoed
|-damage|p1a: Politoed|17/100
|-damage|p2a: kraboss|79/100|[from] item: Life Orb
|move|p1a: Politoed|Scald|p2a: kraboss
|-damage|p2a: kraboss|22/100
|
|-weather|RainDance|[upkeep]
|-heal|p1a: Politoed|23/100|[from] item: Leftovers
|upkeep
|turn|8
|
|t:|1709972263
|move|p2a: kraboss|Bullet Punch|p1a: Politoed
|-resisted|p1a: Politoed
|-damage|p1a: Politoed|0 fnt
|faint|p1a: Politoed
|-damage|p2a: kraboss|12/100|[from] item: Life Orb
|
|-weather|RainDance|[upkeep]
|upkeep
|
|t:|1709972278
|switch|p1a: Hydreigon|Hydreigon, M|100/100
|turn|9
|inactive|Erdark has 120 seconds left.
|
|t:|1709972313
|switch|p1a: Ferrothorn|Ferrothorn, F|98/100
|move|p2a: kraboss|Bullet Punch|p1a: Ferrothorn
|-resisted|p1a: Ferrothorn
|-damage|p1a: Ferrothorn|70/100
|-damage|p2a: kraboss|0 fnt|[from] ability: Iron Barbs|[of] p1a: Ferrothorn
|faint|p2a: kraboss
|
|-weather|RainDance|[upkeep]
|-heal|p1a: Ferrothorn|77/100|[from] item: Leftovers
|upkeep
|inactive|Erdark has 120 seconds left.
|
|t:|1709972324
|switch|p2a: neuro|Espeon, M|40/100 brn
|turn|10
|
|t:|1709972329
|move|p2a: neuro|Hidden Power|p1a: Ferrothorn
|-supereffective|p1a: Ferrothorn
|-crit|p1a: Ferrothorn
|-damage|p1a: Ferrothorn|0 fnt
|faint|p1a: Ferrothorn
|
|-weather|RainDance|[upkeep]
|-damage|p2a: neuro|28/100 brn|[from] brn
|upkeep
|
|t:|1709972342
|switch|p1a: Toxicroak|Toxicroak, M|100/100
|turn|11
|
|t:|1709972347
|switch|p2a: billy the cat|Landorus-Therian, M|100/100
|-ability|p2a: billy the cat|Intimidate|boost
|-unboost|p1a: Toxicroak|atk|1
|move|p1a: Toxicroak|Substitute|p1a: Toxicroak
|-start|p1a: Toxicroak|Substitute
|-damage|p1a: Toxicroak|76/100
|
|-weather|RainDance|[upkeep]
|-heal|p1a: Toxicroak|88/100|[from] ability: Dry Skin
|-heal|p1a: Toxicroak|94/100|[from] item: Black Sludge
|upkeep
|turn|12
|
|t:|1709972359
|move|p2a: billy the cat|Earthquake|p1a: Toxicroak
|-supereffective|p1a: Toxicroak
|-end|p1a: Toxicroak|Substitute
|move|p1a: Toxicroak|Ice Punch|p2a: billy the cat
|-supereffective|p2a: billy the cat
|-damage|p2a: billy the cat|55/100
|
|-weather|RainDance|[upkeep]
|-heal|p1a: Toxicroak|100/100|[from] ability: Dry Skin
|-heal|p2a: billy the cat|61/100|[from] item: Leftovers
|upkeep
|turn|13
|
|t:|1709972371
|switch|p1a: Hydreigon|Hydreigon, M|100/100
|move|p2a: billy the cat|Stealth Rock|p1a: Hydreigon
|-sidestart|p1: banlangen|move: Stealth Rock
|
|-weather|RainDance|[upkeep]
|-heal|p2a: billy the cat|68/100|[from] item: Leftovers
|upkeep
|turn|14
|
|t:|1709972380
|move|p1a: Hydreigon|Dragon Pulse|p2a: billy the cat
|-damage|p2a: billy the cat|13/100
|move|p2a: billy the cat|U-turn|p1a: Hydreigon
|-supereffective|p1a: Hydreigon
|-damage|p1a: Hydreigon|53/100
|
|t:|1709972386
|switch|p2a: huuuuu|Keldeo|100/100|[from] U-turn
|
|-weather|RainDance|[upkeep]
|-heal|p1a: Hydreigon|59/100|[from] item: Leftovers
|upkeep
|turn|15
|l| BORED_FAN
|
|t:|1709972399
|switch|p2a: buldoze|Kyurem-Black|100/100
|-ability|p2a: buldoze|Teravolt
|move|p1a: Hydreigon|Dragon Pulse|p2a: buldoze
|-supereffective|p2a: buldoze
|-damage|p2a: buldoze|8/100
|
|-weather|RainDance|[upkeep]
|-heal|p1a: Hydreigon|65/100|[from] item: Leftovers
|upkeep
|turn|16
|
|t:|1709972411
|move|p2a: buldoze|Outrage|p1a: Hydreigon
|-supereffective|p1a: Hydreigon
|-damage|p1a: Hydreigon|0 fnt
|faint|p1a: Hydreigon
|
|-weather|RainDance|[upkeep]
|upkeep
|
|t:|1709972419
|switch|p1a: Toxicroak|Toxicroak, M|100/100
|-damage|p1a: Toxicroak|94/100|[from] Stealth Rock
|turn|17
|
|t:|1709972430
|move|p1a: Toxicroak|Sucker Punch|p2a: buldoze
|-damage|p2a: buldoze|0 fnt
|faint|p2a: buldoze
|
|-weather|RainDance|[upkeep]
|-heal|p1a: Toxicroak|100/100|[from] ability: Dry Skin
|upkeep
|
|t:|1709972439
|switch|p2a: billy the cat|Landorus-Therian, M|13/100
|-ability|p2a: billy the cat|Intimidate|boost
|-unboost|p1a: Toxicroak|atk|1
|turn|18
|
|t:|1709972444
|switch|p2a: huuuuu|Keldeo|100/100
|move|p1a: Toxicroak|Sucker Punch||[still]
|-fail|p1a: Toxicroak
|
|-weather|RainDance|[upkeep]
|upkeep
|turn|19
|
|t:|1709972454
|move|p2a: huuuuu|Secret Sword|p1a: Toxicroak
|-resisted|p1a: Toxicroak
|-damage|p1a: Toxicroak|74/100
|move|p1a: Toxicroak|Drain Punch|p2a: huuuuu
|-damage|p2a: huuuuu|71/100
|-heal|p1a: Toxicroak|87/100|[from] drain|[of] p2a: huuuuu
|
|-weather|RainDance|[upkeep]
|-heal|p1a: Toxicroak|99/100|[from] ability: Dry Skin
|-heal|p1a: Toxicroak|100/100|[from] item: Black Sludge
|upkeep
|turn|20
|
|t:|1709972467
|switch|p2a: billy the cat|Landorus-Therian, M|13/100
|-ability|p2a: billy the cat|Intimidate|boost
|-unboost|p1a: Toxicroak|atk|1
|move|p1a: Toxicroak|Drain Punch|p2a: billy the cat
|-resisted|p2a: billy the cat
|-damage|p2a: billy the cat|7/100
|
|-weather|RainDance|[upkeep]
|-heal|p2a: billy the cat|13/100|[from] item: Leftovers
|upkeep
|turn|21
|
|t:|1709972480
|switch|p1a: Excadrill|Excadrill, F|100/100
|-damage|p1a: Excadrill|98/100|[from] Stealth Rock
|-ability|p1a: Excadrill|Mold Breaker
|move|p2a: billy the cat|Earthquake|p1a: Excadrill
|-supereffective|p1a: Excadrill
|-damage|p1a: Excadrill|0 fnt
|faint|p1a: Excadrill
|
|-weather|RainDance|[upkeep]
|-heal|p2a: billy the cat|19/100|[from] item: Leftovers
|upkeep
|
|t:|1709972493
|switch|p1a: Keldeo|Keldeo|100/100
|-damage|p1a: Keldeo|94/100|[from] Stealth Rock
|turn|22
|
|t:|1709972498
|switch|p2a: bouboule|Jellicent, M|100/100
|move|p1a: Keldeo|Hidden Power|p2a: bouboule
|-supereffective|p2a: bouboule
|-damage|p2a: bouboule|74/100
|
|-weather|RainDance|[upkeep]
|-heal|p1a: Keldeo|100/100|[from] item: Leftovers
|-heal|p2a: bouboule|80/100|[from] item: Leftovers
|upkeep
|turn|23
|
|t:|1709972513
|move|p1a: Keldeo|Hidden Power|p2a: bouboule
|-supereffective|p2a: bouboule
|-damage|p2a: bouboule|50/100
|move|p2a: bouboule|Shadow Ball|p1a: Keldeo
|-damage|p1a: Keldeo|71/100
|-unboost|p1a: Keldeo|spd|1
|
|-weather|RainDance|[upkeep]
|-heal|p1a: Keldeo|77/100|[from] item: Leftovers
|-heal|p2a: bouboule|56/100|[from] item: Leftovers
|upkeep
|turn|24
|
|t:|1709972525
|move|p1a: Keldeo|Hidden Power|p2a: bouboule
|-supereffective|p2a: bouboule
|-damage|p2a: bouboule|26/100
|move|p2a: bouboule|Shadow Ball|p1a: Keldeo
|-damage|p1a: Keldeo|32/100
|
|-weather|RainDance|[upkeep]
|-heal|p1a: Keldeo|38/100|[from] item: Leftovers
|-heal|p2a: bouboule|32/100|[from] item: Leftovers
|upkeep
|turn|25
|
|t:|1709972537
|move|p1a: Keldeo|Hidden Power|p2a: bouboule
|-supereffective|p2a: bouboule
|-damage|p2a: bouboule|3/100
|move|p2a: bouboule|Recover|p2a: bouboule
|-heal|p2a: bouboule|53/100
|
|-weather|RainDance|[upkeep]
|-heal|p1a: Keldeo|44/100|[from] item: Leftovers
|-heal|p2a: bouboule|59/100|[from] item: Leftovers
|upkeep
|turn|26
|
|t:|1709972548
|switch|p1a: Toxicroak|Toxicroak, M|100/100
|-damage|p1a: Toxicroak|94/100|[from] Stealth Rock
|move|p2a: bouboule|Recover|p2a: bouboule
|-heal|p2a: bouboule|100/100
|
|-weather|RainDance|[upkeep]
|-heal|p1a: Toxicroak|100/100|[from] ability: Dry Skin
|upkeep
|turn|27
|
|t:|1709972559
|switch|p2a: billy the cat|Landorus-Therian, M|19/100
|-ability|p2a: billy the cat|Intimidate|boost
|-unboost|p1a: Toxicroak|atk|1
|move|p1a: Toxicroak|Substitute|p1a: Toxicroak
|-start|p1a: Toxicroak|Substitute
|-damage|p1a: Toxicroak|76/100
|
|-weather|RainDance|[upkeep]
|-heal|p1a: Toxicroak|88/100|[from] ability: Dry Skin
|-heal|p2a: billy the cat|25/100|[from] item: Leftovers
|-heal|p1a: Toxicroak|94/100|[from] item: Black Sludge
|upkeep
|turn|28
|
|t:|1709972572
|move|p2a: billy the cat|Earthquake|p1a: Toxicroak
|-supereffective|p1a: Toxicroak
|-end|p1a: Toxicroak|Substitute
|move|p1a: Toxicroak|Ice Punch|p2a: billy the cat
|-supereffective|p2a: billy the cat
|-damage|p2a: billy the cat|0 fnt
|faint|p2a: billy the cat
|
|-weather|RainDance|[upkeep]
|-heal|p1a: Toxicroak|100/100|[from] ability: Dry Skin
|upkeep
|
|t:|1709972585
|switch|p2a: huuuuu|Keldeo|71/100
|turn|29
|
|t:|1709972588
|move|p2a: huuuuu|Hidden Power|p1a: Toxicroak
|-damage|p1a: Toxicroak|68/100
|move|p1a: Toxicroak|Drain Punch|p2a: huuuuu
|-crit|p2a: huuuuu
|-damage|p2a: huuuuu|0 fnt
|-heal|p1a: Toxicroak|99/100|[from] drain|[of] p2a: huuuuu
|faint|p2a: huuuuu
|
|-weather|RainDance|[upkeep]
|-heal|p1a: Toxicroak|100/100|[from] ability: Dry Skin
|upkeep
|
|t:|1709972598
|switch|p2a: bouboule|Jellicent, M|100/100
|turn|30
|
|t:|1709972606
|move|p1a: Toxicroak|Substitute|p1a: Toxicroak
|-start|p1a: Toxicroak|Substitute
|-damage|p1a: Toxicroak|76/100
|move|p2a: bouboule|Recover||[still]
|-fail|p2a: bouboule|heal
|
|-weather|RainDance|[upkeep]
|-heal|p1a: Toxicroak|88/100|[from] ability: Dry Skin
|-heal|p1a: Toxicroak|94/100|[from] item: Black Sludge
|upkeep
|turn|31
|
|t:|1709972619
|move|p1a: Toxicroak|Sucker Punch|p2a: bouboule
|-supereffective|p2a: bouboule
|-damage|p2a: bouboule|58/100
|move|p2a: bouboule|Shadow Ball|p1a: Toxicroak
|-end|p1a: Toxicroak|Substitute
|
|-weather|RainDance|[upkeep]
|-heal|p1a: Toxicroak|100/100|[from] ability: Dry Skin
|-heal|p2a: bouboule|65/100|[from] item: Leftovers
|upkeep
|turn|32
|
|t:|1709972631
|switch|p1a: Keldeo|Keldeo|44/100
|-damage|p1a: Keldeo|38/100|[from] Stealth Rock
|move|p2a: bouboule|Recover|p2a: bouboule
|-heal|p2a: bouboule|100/100
|
|-weather|RainDance|[upkeep]
|-heal|p1a: Keldeo|44/100|[from] item: Leftovers
|upkeep
|turn|33
|
|t:|1709972642
|move|p1a: Keldeo|Hidden Power|p2a: bouboule
|-supereffective|p2a: bouboule
|-damage|p2a: bouboule|70/100
|move|p2a: bouboule|Shadow Ball|p1a: Keldeo
|-damage|p1a: Keldeo|17/100
|-unboost|p1a: Keldeo|spd|1
|
|-weather|RainDance|[upkeep]
|-heal|p1a: Keldeo|23/100|[from] item: Leftovers
|-heal|p2a: bouboule|76/100|[from] item: Leftovers
|upkeep
|turn|34
|
|t:|1709972657
|move|p1a: Keldeo|Hidden Power|p2a: bouboule
|-supereffective|p2a: bouboule
|-damage|p2a: bouboule|48/100
|move|p2a: bouboule|Shadow Ball|p1a: Keldeo
|-damage|p1a: Keldeo|0 fnt
|faint|p1a: Keldeo
|
|-weather|RainDance|[upkeep]
|-heal|p2a: bouboule|54/100|[from] item: Leftovers
|upkeep
|
|t:|1709972668
|switch|p1a: Toxicroak|Toxicroak, M|100/100
|-damage|p1a: Toxicroak|94/100|[from] Stealth Rock
|turn|35
|
|t:|1709972675
|move|p1a: Toxicroak|Substitute|p1a: Toxicroak
|-start|p1a: Toxicroak|Substitute
|-damage|p1a: Toxicroak|69/100
|move|p2a: bouboule|Recover|p2a: bouboule
|-heal|p2a: bouboule|100/100
|
|-weather|RainDance|[upkeep]
|-heal|p1a: Toxicroak|82/100|[from] ability: Dry Skin
|-heal|p1a: Toxicroak|88/100|[from] item: Black Sludge
|upkeep
|turn|36
|
|t:|1709972688
|move|p1a: Toxicroak|Sucker Punch|p2a: bouboule
|-supereffective|p2a: bouboule
|-damage|p2a: bouboule|43/100
|move|p2a: bouboule|Shadow Ball|p1a: Toxicroak
|-end|p1a: Toxicroak|Substitute
|
|-weather|RainDance|[upkeep]
|-heal|p1a: Toxicroak|100/100|[from] ability: Dry Skin
|-heal|p2a: bouboule|49/100|[from] item: Leftovers
|upkeep
|turn|37
|inactive|banlangen has 120 seconds left.
|
|t:|1709972720
|move|p1a: Toxicroak|Ice Punch|p2a: bouboule
|-resisted|p2a: bouboule
|-damage|p2a: bouboule|36/100
|move|p2a: bouboule|Recover|p2a: bouboule
|-heal|p2a: bouboule|86/100
|
|-weather|RainDance|[upkeep]
|-heal|p2a: bouboule|92/100|[from] item: Leftovers
|upkeep
|turn|38
|
|t:|1709972736
|move|p1a: Toxicroak|Ice Punch|p2a: bouboule
|-resisted|p2a: bouboule
|-damage|p2a: bouboule|78/100
|move|p2a: bouboule|Shadow Ball|p1a: Toxicroak
|-damage|p1a: Toxicroak|71/100
|-unboost|p1a: Toxicroak|spd|1
|
|-weather|RainDance|[upkeep]
|-heal|p1a: Toxicroak|84/100|[from] ability: Dry Skin
|-heal|p1a: Toxicroak|90/100|[from] item: Black Sludge
|-heal|p2a: bouboule|84/100|[from] item: Leftovers
|upkeep
|turn|39
|
|t:|1709972749
|move|p1a: Toxicroak|Substitute|p1a: Toxicroak
|-start|p1a: Toxicroak|Substitute
|-damage|p1a: Toxicroak|65/100
|move|p2a: bouboule|Shadow Ball|p1a: Toxicroak
|-end|p1a: Toxicroak|Substitute
|
|-weather|RainDance|[upkeep]
|-heal|p1a: Toxicroak|78/100|[from] ability: Dry Skin
|-heal|p1a: Toxicroak|84/100|[from] item: Black Sludge
|-heal|p2a: bouboule|90/100|[from] item: Leftovers
|upkeep
|turn|40
|
|t:|1709972761
|move|p1a: Toxicroak|Sucker Punch|p2a: bouboule
|-supereffective|p2a: bouboule
|-crit|p2a: bouboule
|-damage|p2a: bouboule|0 fnt
|faint|p2a: bouboule
|
|-weather|RainDance|[upkeep]
|-heal|p1a: Toxicroak|96/100|[from] ability: Dry Skin
|-heal|p1a: Toxicroak|100/100|[from] item: Black Sludge
|upkeep
|
|t:|1709972769
|switch|p2a: neuro|Espeon, M|28/100 brn
|turn|41
|
|t:|1709972779
|move|p1a: Toxicroak|Sucker Punch||[still]
|-fail|p1a: Toxicroak
|move|p2a: neuro|Trick|p1a: Toxicroak
|-activate|p2a: neuro|move: Trick|[of] p1a: Toxicroak
|-item|p1a: Toxicroak|Choice Specs|[from] move: Trick
|-item|p2a: neuro|Black Sludge|[from] move: Trick
|
|-weather|RainDance|[upkeep]
|-damage|p2a: neuro|16/100 brn|[from] item: Black Sludge
|-damage|p2a: neuro|4/100 brn|[from] brn
|upkeep
|turn|42
|
|t:|1709972789
|move|p1a: Toxicroak|Sucker Punch|p2a: neuro
|-supereffective|p2a: neuro
|-damage|p2a: neuro|0 fnt
|faint|p2a: neuro
|
|win|banlangen
|raw|banlangen's rating: 1276 &rarr; <strong>1306</strong><br />(+30 for winning)
|raw|Erdark's rating: 1340 &rarr; <strong>1316</strong><br />(-24 for losing)
|c|☆Erdark|gg !
