|j|☆Rawdawgbandit4lyfe
|j|☆BWr CatLoss
|t:|1719673799
|gametype|singles
|player|p1|Rawdawgbandit4lyfe|rocketgrunt|1525
|player|p2|BWr CatLoss|102|1251
|teamsize|p1|6
|teamsize|p2|6
|gen|5
|tier|[Gen 5] OU
|rated|
|rule|Species Clause: Limit one of each Pokémon
|rule|OHKO Clause: OHKO moves are banned
|rule|Moody Clause: Moody is banned
|rule|Evasion Items Clause: Evasion items are banned
|rule|Evasion Moves Clause: Evasion moves are banned
|rule|Endless Battle Clause: Forcing endless battles is banned
|rule|HP Percentage Mod: HP is shown in percentages
|rule|Evasion Abilities Clause: Evasion abilities are banned
|rule|Sleep Moves Clause: Sleep-inducing moves are banned
|rule|Swagger Clause: Swagger is banned
|rule|Baton Pass Stat Clause: No Baton Passer may have a way to boost its stats
|clearpoke
|poke|p1|Tyranitar, M|item
|poke|p1|Mamoswine, M|item
|poke|p1|Keldeo|item
|poke|p1|Amoonguss, F|item
|poke|p1|Gliscor, F|item
|poke|p1|Excadrill, F|item
|poke|p2|Ninetales, F|item
|poke|p2|Politoed, M|item
|poke|p2|Abomasnow, F|item
|poke|p2|Hippowdon, F|item
|poke|p2|Tyranitar, F|item
|poke|p2|Nidoking, M|item
|teampreview
|c|☆Rawdawgbandit4lyfe|Taht is a lot of weather
|inactive|Battle timer is ON: inactive players will automatically lose when time's up. (requested by Rawdawgbandit4lyfe)
|
|t:|1719673867
|start
|switch|p1a: Amoonguss|Amoonguss, F|100/100
|switch|p2a: Nidoking|Nidoking, M|100/100
|turn|1
|
|t:|1719673869
|move|p2a: Nidoking|Fire Blast|p1a: Amoonguss
|-supereffective|p1a: Amoonguss
|-damage|p1a: Amoonguss|24/100
|move|p1a: Amoonguss|Stun Spore|p2a: Nidoking|[miss]
|-miss|p1a: Amoonguss|p2a: Nidoking
|
|-heal|p1a: Amoonguss|30/100|[from] item: Black Sludge
|upkeep
|turn|2
|
|t:|1719673875
|switch|p1a: Tyranitar|Tyranitar, M|100/100
|-weather|Sandstorm|[from] ability: Sand Stream|[of] p1a: Tyranitar
|move|p2a: Nidoking|Fire Blast|p1a: Tyranitar
|-resisted|p1a: Tyranitar
|-damage|p1a: Tyranitar|88/100
|
|-weather|Sandstorm|[upkeep]
|upkeep
|turn|3
|
|t:|1719673884
|switch|p2a: Hippowdon|Hippowdon, F|100/100
|switch|p1a: Gliscor|Gliscor, F|100/100
|
|-weather|Sandstorm|[upkeep]
|-status|p1a: Gliscor|tox|[from] item: Toxic Orb
|upkeep
|turn|4
|
|t:|1719673898
|switch|p2a: Obamasnow|Abomasnow, F|100/100
|-weather|Hail|[from] ability: Snow Warning|[of] p2a: Obamasnow
|move|p1a: Gliscor|Stealth Rock|p2a: Obamasnow
|-sidestart|p2: BWr CatLoss|move: Stealth Rock
|
|-weather|Hail|[upkeep]
|-damage|p1a: Gliscor|94/100 tox|[from] Hail
|-heal|p1a: Gliscor|100/100 tox|[from] ability: Poison Heal
|upkeep
|turn|5
|
|t:|1719673905
|move|p1a: Gliscor|Protect|p1a: Gliscor
|-singleturn|p1a: Gliscor|Protect
|move|p2a: Obamasnow|Blizzard|p1a: Gliscor
|-activate|p1a: Gliscor|move: Protect
|
|-weather|Hail|[upkeep]
|-damage|p1a: Gliscor|94/100 tox|[from] Hail
|-heal|p1a: Gliscor|100/100 tox|[from] ability: Poison Heal
|upkeep
|turn|6
|
|t:|1719673910
|switch|p1a: Tyranitar|Tyranitar, M|88/100
|-weather|Sandstorm|[from] ability: Sand Stream|[of] p1a: Tyranitar
|-singleturn|p2a: Obamasnow|move: Focus Punch
|move|p2a: Obamasnow|Focus Punch|p1a: Tyranitar
|-supereffective|p1a: Tyranitar
|-enditem|p1a: Tyranitar|Chople Berry|[eat]
|-enditem|p1a: Tyranitar|Chople Berry|[weaken]
|-damage|p1a: Tyranitar|0 fnt
|faint|p1a: Tyranitar
|-damage|p2a: Obamasnow|91/100|[from] item: Life Orb
|
|-weather|Sandstorm|[upkeep]
|-damage|p2a: Obamasnow|85/100|[from] Sandstorm
|upkeep
|
|t:|1719673918
|switch|p1a: Excadrill|Excadrill, F|100/100
|turn|7
|
|t:|1719673927
|switch|p2a: Hippowdon|Hippowdon, F|100/100
|-damage|p2a: Hippowdon|94/100|[from] Stealth Rock
|move|p1a: Excadrill|Iron Head|p2a: Hippowdon
|-damage|p2a: Hippowdon|59/100
|
|-weather|Sandstorm|[upkeep]
|-heal|p2a: Hippowdon|65/100|[from] item: Leftovers
|upkeep
|turn|8
|
|t:|1719673934
|switch|p1a: Keldeo|Keldeo|100/100
|move|p2a: Hippowdon|Stealth Rock|p1a: Keldeo
|-sidestart|p1: Rawdawgbandit4lyfe|move: Stealth Rock
|
|-weather|Sandstorm|[upkeep]
|-damage|p1a: Keldeo|94/100|[from] Sandstorm
|-heal|p1a: Keldeo|100/100|[from] item: Leftovers
|-heal|p2a: Hippowdon|71/100|[from] item: Leftovers
|upkeep
|turn|9
|
|t:|1719673942
|move|p1a: Keldeo|Toxic|p2a: Hippowdon
|-status|p2a: Hippowdon|tox
|move|p2a: Hippowdon|Earthquake|p1a: Keldeo
|-damage|p1a: Keldeo|59/100
|
|-weather|Sandstorm|[upkeep]
|-damage|p1a: Keldeo|53/100|[from] Sandstorm
|-heal|p1a: Keldeo|59/100|[from] item: Leftovers
|-heal|p2a: Hippowdon|78/100 tox|[from] item: Leftovers
|-damage|p2a: Hippowdon|71/100 tox|[from] psn
|upkeep
|turn|10
|
|t:|1719673950
|switch|p1a: Gliscor|Gliscor, F|100/100 tox
|-damage|p1a: Gliscor|88/100 tox|[from] Stealth Rock
|move|p2a: Hippowdon|Whirlwind|p1a: Gliscor
|drag|p1a: Excadrill|Excadrill, F|100/100
|-damage|p1a: Excadrill|97/100|[from] Stealth Rock
|
|-weather|Sandstorm|[upkeep]
|-heal|p1a: Excadrill|100/100|[from] item: Leftovers
|-heal|p2a: Hippowdon|78/100 tox|[from] item: Leftovers
|-damage|p2a: Hippowdon|65/100 tox|[from] psn
|upkeep
|turn|11
|
|t:|1719673953
|switch|p1a: Gliscor|Gliscor, F|88/100 tox
|-damage|p1a: Gliscor|75/100 tox|[from] Stealth Rock
|move|p2a: Hippowdon|Earthquake|p1a: Gliscor
|-immune|p1a: Gliscor
|
|-weather|Sandstorm|[upkeep]
|-heal|p2a: Hippowdon|71/100 tox|[from] item: Leftovers
|-heal|p1a: Gliscor|88/100 tox|[from] ability: Poison Heal
|-damage|p2a: Hippowdon|53/100 tox|[from] psn
|upkeep
|turn|12
|
|t:|1719673964
|switch|p2a: Obamasnow|Abomasnow, F|85/100
|-damage|p2a: Obamasnow|60/100|[from] Stealth Rock
|-weather|Hail|[from] ability: Snow Warning|[of] p2a: Obamasnow
|move|p1a: Gliscor|U-turn|p2a: Obamasnow
|-supereffective|p2a: Obamasnow
|-damage|p2a: Obamasnow|19/100
|
|t:|1719673970
|switch|p1a: Excadrill|Excadrill, F|100/100|[from] U-turn
|-damage|p1a: Excadrill|97/100|[from] Stealth Rock
|
|-weather|Hail|[upkeep]
|-damage|p1a: Excadrill|91/100|[from] Hail
|-heal|p1a: Excadrill|97/100|[from] item: Leftovers
|upkeep
|turn|13
|
|t:|1719673975
|move|p2a: Obamasnow|Ice Shard|p1a: Excadrill
|-damage|p1a: Excadrill|68/100
|-damage|p2a: Obamasnow|9/100|[from] item: Life Orb
|move|p1a: Excadrill|Iron Head|p2a: Obamasnow
|-supereffective|p2a: Obamasnow
|-crit|p2a: Obamasnow
|-damage|p2a: Obamasnow|0 fnt
|faint|p2a: Obamasnow
|
|-weather|Hail|[upkeep]
|-damage|p1a: Excadrill|62/100|[from] Hail
|-heal|p1a: Excadrill|68/100|[from] item: Leftovers
|upkeep
|
|t:|1719673986
|switch|p2a: Hippowdon|Hippowdon, F|53/100 tox
|-damage|p2a: Hippowdon|47/100 tox|[from] Stealth Rock
|-weather|Sandstorm|[from] ability: Sand Stream|[of] p2a: Hippowdon
|turn|14
|
|t:|1719673989
|switch|p1a: Gliscor|Gliscor, F|88/100 tox
|-damage|p1a: Gliscor|75/100 tox|[from] Stealth Rock
|move|p2a: Hippowdon|Slack Off|p2a: Hippowdon
|-heal|p2a: Hippowdon|97/100 tox
|
|-weather|Sandstorm|[upkeep]
|-heal|p2a: Hippowdon|100/100 tox|[from] item: Leftovers
|-heal|p1a: Gliscor|88/100 tox|[from] ability: Poison Heal
|-damage|p2a: Hippowdon|94/100 tox|[from] psn
|upkeep
|turn|15
|
|t:|1719673995
|switch|p2a: Politoed|Politoed, M|100/100
|-damage|p2a: Politoed|88/100|[from] Stealth Rock
|-weather|RainDance|[from] ability: Drizzle|[of] p2a: Politoed
|move|p1a: Gliscor|Earthquake|p2a: Politoed
|-damage|p2a: Politoed|54/100
|
|-weather|RainDance|[upkeep]
|-heal|p1a: Gliscor|100/100 tox|[from] ability: Poison Heal
|upkeep
|turn|16
|
|t:|1719674002
|move|p1a: Gliscor|Protect|p1a: Gliscor
|-singleturn|p1a: Gliscor|Protect
|move|p2a: Politoed|Hydro Pump|p1a: Gliscor
|-activate|p1a: Gliscor|move: Protect
|
|-weather|RainDance|[upkeep]
|upkeep
|turn|17
|
|t:|1719674005
|switch|p1a: Amoonguss|Amoonguss, F|63/100
|-damage|p1a: Amoonguss|51/100|[from] Stealth Rock
|move|p2a: Politoed|Hydro Pump|p1a: Amoonguss
|-resisted|p1a: Amoonguss
|-damage|p1a: Amoonguss|8/100
|
|-weather|RainDance|[upkeep]
|-heal|p1a: Amoonguss|14/100|[from] item: Black Sludge
|upkeep
|turn|18
|
|t:|1719674011
|move|p2a: Politoed|Hydro Pump|p1a: Amoonguss
|-resisted|p1a: Amoonguss
|-damage|p1a: Amoonguss|0 fnt
|faint|p1a: Amoonguss
|
|-weather|RainDance|[upkeep]
|upkeep
|
|t:|1719674023
|switch|p1a: Keldeo|Keldeo|59/100
|-damage|p1a: Keldeo|53/100|[from] Stealth Rock
|turn|19
|
|t:|1719674026
|move|p1a: Keldeo|Secret Sword|p2a: Politoed
|-damage|p2a: Politoed|1/100
|move|p2a: Politoed|Hydro Pump|p1a: Keldeo
|-resisted|p1a: Keldeo
|-damage|p1a: Keldeo|0 fnt
|faint|p1a: Keldeo
|
|-weather|RainDance|[upkeep]
|upkeep
|
|t:|1719674031
|switch|p1a: Excadrill|Excadrill, F|68/100
|-damage|p1a: Excadrill|65/100|[from] Stealth Rock
|turn|20
|
|t:|1719674036
|move|p1a: Excadrill|Iron Head|p2a: Politoed
|-resisted|p2a: Politoed
|-damage|p2a: Politoed|0 fnt
|faint|p2a: Politoed
|
|-weather|RainDance|[upkeep]
|-heal|p1a: Excadrill|71/100|[from] item: Leftovers
|upkeep
|
|t:|1719674046
|switch|p2a: Ninetales|Ninetales, F|100/100
|-damage|p2a: Ninetales|76/100|[from] Stealth Rock
|-weather|SunnyDay|[from] ability: Drought|[of] p2a: Ninetales
|turn|21
|
|t:|1719674050
|move|p1a: Excadrill|Protect|p1a: Excadrill
|-singleturn|p1a: Excadrill|Protect
|move|p2a: Ninetales|Fire Blast|p1a: Excadrill
|-activate|p1a: Excadrill|move: Protect
|
|-weather|SunnyDay|[upkeep]
|-heal|p1a: Excadrill|77/100|[from] item: Leftovers
|upkeep
|turn|22
|
|t:|1719674052
|switch|p1a: Gliscor|Gliscor, F|100/100 tox
|-damage|p1a: Gliscor|88/100 tox|[from] Stealth Rock
|move|p2a: Ninetales|Fire Blast|p1a: Gliscor
|-damage|p1a: Gliscor|23/100 tox
|
|-weather|SunnyDay|[upkeep]
|-heal|p1a: Gliscor|36/100 tox|[from] ability: Poison Heal
|upkeep
|turn|23
|
|t:|1719674058
|move|p1a: Gliscor|Protect|p1a: Gliscor
|-singleturn|p1a: Gliscor|Protect
|move|p2a: Ninetales|Fire Blast|p1a: Gliscor
|-activate|p1a: Gliscor|move: Protect
|
|-weather|SunnyDay|[upkeep]
|-heal|p1a: Gliscor|48/100 tox|[from] ability: Poison Heal
|upkeep
|turn|24
|
|t:|1719674070
|move|p2a: Ninetales|Fire Blast|p1a: Gliscor
|-damage|p1a: Gliscor|0 fnt
|faint|p1a: Gliscor
|
|-weather|SunnyDay|[upkeep]
|upkeep
|
|t:|1719674072
|switch|p1a: Mamoswine|Mamoswine, M|100/100
|-damage|p1a: Mamoswine|88/100|[from] Stealth Rock
|turn|25
|
|t:|1719674077
|move|p2a: Ninetales|Fire Blast|p1a: Mamoswine
|-supereffective|p1a: Mamoswine
|-damage|p1a: Mamoswine|0 fnt
|faint|p1a: Mamoswine
|
|-weather|SunnyDay|[upkeep]
|upkeep
|
|t:|1719674080
|switch|p1a: Excadrill|Excadrill, F|77/100
|-damage|p1a: Excadrill|74/100|[from] Stealth Rock
|turn|26
|
|t:|1719674084
|move|p2a: Ninetales|Fire Blast|p1a: Excadrill
|-supereffective|p1a: Excadrill
|-damage|p1a: Excadrill|0 fnt
|faint|p1a: Excadrill
|
|win|BWr CatLoss
|raw|Rawdawgbandit4lyfe's rating: 1525 &rarr; <strong>1492</strong><br />(-33 for losing)
|raw|BWr CatLoss's rating: 1251 &rarr; <strong>1292</strong><br />(+41 for winning)
|l|☆Rawdawgbandit4lyfe
|player|p1|
