|j|☆BWVC BookofConke
|j|☆574RM4N
|t:|1720699158
|gametype|singles
|player|p1|BWVC BookofConke|silver|1419
|player|p2|574RM4N|blue-gen3|1408
|teamsize|p1|6
|teamsize|p2|6
|gen|5
|tier|[Gen 5] OU
|rated|
|rule|Species Clause: Limit one of each Pokémon
|rule|OHKO Clause: OHKO moves are banned
|rule|Moody Clause: Moody is banned
|rule|Evasion Items Clause: Evasion items are banned
|rule|Evasion Moves Clause: Evasion moves are banned
|rule|Endless Battle Clause: Forcing endless battles is banned
|rule|HP Percentage Mod: HP is shown in percentages
|rule|Evasion Abilities Clause: Evasion abilities are banned
|rule|Sleep Moves Clause: Sleep-inducing moves are banned
|rule|Swagger Clause: Swagger is banned
|rule|Baton Pass Stat Clause: No Baton Passer may have a way to boost its stats
|clearpoke
|poke|p1|Abomasnow, F|item
|poke|p1|Latios, M|item
|poke|p1|Gliscor, M|item
|poke|p1|Blissey, F|item
|poke|p1|Forretress, F|item
|poke|p1|Reuniclus, F|item
|poke|p2|Landorus-Therian, M|item
|poke|p2|Ferrothorn, F|item
|poke|p2|Magnezone|item
|poke|p2|Excadrill, M|item
|poke|p2|Tyranitar, F|item
|poke|p2|Latios, M|item
|teampreview
|c|☆574RM4N|hf
|
|t:|1720699178
|start
|switch|p1a: Abomasnow|Abomasnow, F|100/100
|switch|p2a: Landorus|Landorus-Therian, M|100/100
|-ability|p2a: Landorus|Intimidate|boost
|-unboost|p1a: Abomasnow|atk|1
|-weather|Hail|[from] ability: Snow Warning|[of] p1a: Abomasnow
|turn|1
|inactive|Battle timer is ON: inactive players will automatically lose when time's up. (requested by 574RM4N)
|
|t:|1720699191
|move|p2a: Landorus|U-turn|p1a: Abomasnow
|-supereffective|p1a: Abomasnow
|-damage|p1a: Abomasnow|57/100
|
|t:|1720699194
|switch|p2a: Tyranitar|Tyranitar, F|100/100|[from] U-turn
|-weather|Sandstorm|[from] ability: Sand Stream|[of] p2a: Tyranitar
|move|p1a: Abomasnow|Blizzard|p2a: Tyranitar|[miss]
|-miss|p1a: Abomasnow|p2a: Tyranitar
|
|-weather|Sandstorm|[upkeep]
|-damage|p1a: Abomasnow|51/100|[from] Sandstorm
|-heal|p1a: Abomasnow|57/100|[from] item: Leftovers
|upkeep
|turn|2
|
|t:|1720699213
|-activate|p1a: Abomasnow|move: Pursuit
|move|p2a: Tyranitar|Pursuit|p1a: Abomasnow|[from]Pursuit
|-damage|p1a: Abomasnow|17/100
|switch|p1a: Gliscor|Gliscor, M|100/100
|
|-weather|Sandstorm|[upkeep]
|-status|p1a: Gliscor|tox|[from] item: Toxic Orb
|upkeep
|turn|3
|
|t:|1720699223
|switch|p2a: Landorus|Landorus-Therian, M|100/100
|-ability|p2a: Landorus|Intimidate|boost
|-unboost|p1a: Gliscor|atk|1
|move|p1a: Gliscor|Stealth Rock|p2a: Landorus
|-sidestart|p2: 574RM4N|move: Stealth Rock
|
|-weather|Sandstorm|[upkeep]
|upkeep
|turn|4
|j| MiMic85
|
|t:|1720699234
|move|p2a: Landorus|Stealth Rock|p1a: Gliscor
|-sidestart|p1: BWVC BookofConke|move: Stealth Rock
|move|p1a: Gliscor|Knock Off|p2a: Landorus
|-damage|p2a: Landorus|98/100
|-enditem|p2a: Landorus|Choice Scarf|[from] move: Knock Off|[of] p1a: Gliscor
|
|-weather|Sandstorm|[upkeep]
|upkeep
|turn|5
|
|t:|1720699258
|move|p1a: Gliscor|Protect|p1a: Gliscor
|-singleturn|p1a: Gliscor|Protect
|move|p2a: Landorus|Hidden Power|p1a: Gliscor
|-activate|p1a: Gliscor|move: Protect
|
|-weather|Sandstorm|[upkeep]
|upkeep
|turn|6
|
|t:|1720699271
|switch|p1a: Forretress|Forretress, F|100/100
|-damage|p1a: Forretress|88/100|[from] Stealth Rock
|move|p2a: Landorus|U-turn|p1a: Forretress
|-resisted|p1a: Forretress
|-damage|p1a: Forretress|82/100
|
|t:|1720699274
|switch|p2a: Magnezone|Magnezone, shiny|100/100|[from] U-turn
|-damage|p2a: Magnezone|94/100|[from] Stealth Rock
|
|-weather|Sandstorm|[upkeep]
|-heal|p1a: Forretress|88/100|[from] item: Leftovers
|upkeep
|turn|7
|l| MiMic85
|
|t:|1720699285
|move|p2a: Magnezone|Hidden Power|p1a: Forretress
|-supereffective|p1a: Forretress
|-damage|p1a: Forretress|0 fnt
|faint|p1a: Forretress
|
|-weather|Sandstorm|[upkeep]
|upkeep
|inactive|BWVC BookofConke has 120 seconds left.
|
|t:|1720699301
|switch|p1a: Gliscor|Gliscor, M|100/100 tox
|-damage|p1a: Gliscor|88/100 tox|[from] Stealth Rock
|turn|8
|inactive|BWVC BookofConke has 120 seconds left.
|
|t:|1720699331
|switch|p2a: Landorus|Landorus-Therian, M|98/100
|-damage|p2a: Landorus|85/100|[from] Stealth Rock
|-ability|p2a: Landorus|Intimidate|boost
|-unboost|p1a: Gliscor|atk|1
|switch|p1a: Latios|Latios, M|100/100
|-damage|p1a: Latios|88/100|[from] Stealth Rock
|
|-weather|Sandstorm|[upkeep]
|-damage|p1a: Latios|82/100|[from] Sandstorm
|upkeep
|turn|9
|
|t:|1720699349
|switch|p2a: Ferrothorn|Ferrothorn, F|100/100
|-damage|p2a: Ferrothorn|94/100|[from] Stealth Rock
|move|p1a: Latios|Draco Meteor|p2a: Ferrothorn
|-resisted|p2a: Ferrothorn
|-damage|p2a: Ferrothorn|71/100
|-unboost|p1a: Latios|spa|2
|
|-weather|Sandstorm|[upkeep]
|-damage|p1a: Latios|76/100|[from] Sandstorm
|-heal|p2a: Ferrothorn|77/100|[from] item: Leftovers
|upkeep
|turn|10
|inactive|BWVC BookofConke has 90 seconds left.
|
|t:|1720699375
|switch|p1a: Abomasnow|Abomasnow, F|17/100
|-damage|p1a: Abomasnow|0 fnt|[from] Stealth Rock
|faint|p1a: Abomasnow
|move|p2a: Ferrothorn|Spikes|p1: Abomasnow
|-sidestart|p1: BWVC BookofConke|Spikes
|
|-weather|Sandstorm|[upkeep]
|-heal|p2a: Ferrothorn|83/100|[from] item: Leftovers
|upkeep
|inactive|BWVC BookofConke has 90 seconds left.
|
|t:|1720699392
|switch|p1a: Blissey|Blissey, F|100/100
|-damage|p1a: Blissey|88/100|[from] Stealth Rock
|-damage|p1a: Blissey|76/100|[from] Spikes
|turn|11
|
|t:|1720699400
|move|p1a: Blissey|Seismic Toss|p2a: Ferrothorn
|-damage|p2a: Ferrothorn|55/100
|-damage|p1a: Blissey|63/100|[from] ability: Iron Barbs|[of] p2a: Ferrothorn
|move|p2a: Ferrothorn|Spikes|p1a: Blissey
|-sidestart|p1: BWVC BookofConke|Spikes
|
|-weather|Sandstorm|[upkeep]
|-damage|p1a: Blissey|57/100|[from] Sandstorm
|-heal|p1a: Blissey|63/100|[from] item: Leftovers
|-heal|p2a: Ferrothorn|61/100|[from] item: Leftovers
|upkeep
|turn|12
|inactive|BWVC BookofConke has 90 seconds left.
|
|t:|1720699415
|move|p1a: Blissey|Thunder Wave|p2a: Ferrothorn
|-status|p2a: Ferrothorn|par
|move|p2a: Ferrothorn|Leech Seed|p1a: Blissey|[miss]
|-miss|p2a: Ferrothorn|p1a: Blissey
|
|-weather|Sandstorm|[upkeep]
|-damage|p1a: Blissey|57/100|[from] Sandstorm
|-heal|p1a: Blissey|63/100|[from] item: Leftovers
|-heal|p2a: Ferrothorn|68/100 par|[from] item: Leftovers
|upkeep
|turn|13
|
|t:|1720699427
|move|p1a: Blissey|Wish|p1a: Blissey
|move|p2a: Ferrothorn|Spikes|p1a: Blissey
|-sidestart|p1: BWVC BookofConke|Spikes
|
|-weather|Sandstorm|[upkeep]
|-damage|p1a: Blissey|57/100|[from] Sandstorm
|-heal|p1a: Blissey|63/100|[from] item: Leftovers
|-heal|p2a: Ferrothorn|74/100 par|[from] item: Leftovers
|upkeep
|turn|14
|
|t:|1720699441
|switch|p1a: Reuniclus|Reuniclus, F|100/100
|switch|p2a: Tyranitar|Tyranitar, F|100/100
|-damage|p2a: Tyranitar|88/100|[from] Stealth Rock
|
|-weather|Sandstorm|[upkeep]
|upkeep
|turn|15
|
|t:|1720699451
|switch|p1a: Latios|Latios, M|76/100
|-damage|p1a: Latios|64/100|[from] Stealth Rock
|move|p2a: Tyranitar|Crunch|p1a: Latios
|-supereffective|p1a: Latios
|-enditem|p1a: Latios|Colbur Berry|[eat]
|-enditem|p1a: Latios|Colbur Berry|[weaken]
|-damage|p1a: Latios|7/100
|
|-weather|Sandstorm|[upkeep]
|-damage|p1a: Latios|1/100|[from] Sandstorm
|upkeep
|turn|16
|
|t:|1720699460
|move|p1a: Latios|Thunder Wave|p2a: Tyranitar
|-status|p2a: Tyranitar|par
|move|p2a: Tyranitar|Crunch|p1a: Latios
|-supereffective|p1a: Latios
|-damage|p1a: Latios|0 fnt
|faint|p1a: Latios
|
|-weather|Sandstorm|[upkeep]
|upkeep
|
|t:|1720699474
|switch|p1a: Gliscor|Gliscor, M|88/100 tox
|-damage|p1a: Gliscor|76/100 tox|[from] Stealth Rock
|turn|17
|
|t:|1720699482
|switch|p2a: Landorus|Landorus-Therian, M|85/100
|-damage|p2a: Landorus|73/100|[from] Stealth Rock
|-ability|p2a: Landorus|Intimidate|boost
|-unboost|p1a: Gliscor|atk|1
|move|p1a: Gliscor|Knock Off|p2a: Landorus
|-damage|p2a: Landorus|70/100
|
|-weather|Sandstorm|[upkeep]
|-heal|p1a: Gliscor|88/100 tox|[from] ability: Poison Heal
|upkeep
|turn|18
|inactive|BWVC BookofConke has 90 seconds left.
|
|t:|1720699494
|switch|p1a: Blissey|Blissey, F|63/100
|-damage|p1a: Blissey|51/100|[from] Stealth Rock
|-damage|p1a: Blissey|26/100|[from] Spikes
|move|p2a: Landorus|Hidden Power|p1a: Blissey
|-damage|p1a: Blissey|20/100
|
|-weather|Sandstorm|[upkeep]
|-damage|p1a: Blissey|14/100|[from] Sandstorm
|-heal|p1a: Blissey|20/100|[from] item: Leftovers
|upkeep
|turn|19
|inactive|BWVC BookofConke has 90 seconds left.
|
|t:|1720699511
|move|p2a: Landorus|U-turn|p1a: Blissey
|-damage|p1a: Blissey|0 fnt
|faint|p1a: Blissey
|
|t:|1720699520
|switch|p2a: Latios|Latios, M|100/100|[from] U-turn
|-damage|p2a: Latios|88/100|[from] Stealth Rock
|
|-weather|Sandstorm|[upkeep]
|-damage|p2a: Latios|82/100|[from] Sandstorm
|upkeep
|
|t:|1720699532
|switch|p1a: Gliscor|Gliscor, M|88/100 tox
|-damage|p1a: Gliscor|76/100 tox|[from] Stealth Rock
|turn|20
|
|t:|1720699556
|move|p2a: Latios|Draco Meteor|p1a: Gliscor
|-damage|p1a: Gliscor|0 fnt
|-unboost|p2a: Latios|spa|2
|faint|p1a: Gliscor
|
|-weather|Sandstorm|[upkeep]
|-damage|p2a: Latios|76/100|[from] Sandstorm
|upkeep
|
|t:|1720699562
|switch|p1a: Reuniclus|Reuniclus, F|100/100
|turn|21
|inactive|BWVC BookofConke has 90 seconds left.
|
|t:|1720699579
|switch|p2a: Tyranitar|Tyranitar, F|88/100 par
|-damage|p2a: Tyranitar|76/100 par|[from] Stealth Rock
|move|p1a: Reuniclus|Calm Mind|p1a: Reuniclus
|-boost|p1a: Reuniclus|spa|1
|-boost|p1a: Reuniclus|spd|1
|
|-weather|Sandstorm|[upkeep]
|upkeep
|turn|22
|inactive|BWVC BookofConke has 90 seconds left.
|
|t:|1720699590
|move|p1a: Reuniclus|Calm Mind|p1a: Reuniclus
|-boost|p1a: Reuniclus|spa|1
|-boost|p1a: Reuniclus|spd|1
|move|p2a: Tyranitar|Thunder Wave|p1a: Reuniclus
|-status|p1a: Reuniclus|par
|
|-weather|Sandstorm|[upkeep]
|upkeep
|turn|23
|
|t:|1720699599
|cant|p2a: Tyranitar|par
|move|p1a: Reuniclus|Focus Blast|p2a: Tyranitar|[miss]
|-miss|p1a: Reuniclus|p2a: Tyranitar
|
|-weather|Sandstorm|[upkeep]
|upkeep
|turn|24
|
|t:|1720699609
|move|p2a: Tyranitar|Crunch|p1a: Reuniclus
|-supereffective|p1a: Reuniclus
|-damage|p1a: Reuniclus|43/100 par
|cant|p1a: Reuniclus|par
|
|-weather|Sandstorm|[upkeep]
|-heal|p1a: Reuniclus|50/100 par|[from] item: Leftovers
|upkeep
|turn|25
|
|t:|1720699616
|cant|p2a: Tyranitar|par
|move|p1a: Reuniclus|Recover|p1a: Reuniclus
|-heal|p1a: Reuniclus|99/100 par
|
|-weather|Sandstorm|[upkeep]
|-heal|p1a: Reuniclus|100/100 par|[from] item: Leftovers
|upkeep
|turn|26
|
|t:|1720699623
|cant|p2a: Tyranitar|par
|cant|p1a: Reuniclus|par
|
|-weather|Sandstorm|[upkeep]
|upkeep
|turn|27
|
|t:|1720699627
|cant|p2a: Tyranitar|par
|cant|p1a: Reuniclus|par
|
|-weather|Sandstorm|[upkeep]
|upkeep
|turn|28
|c|☆574RM4N|yellow magic
|inactive|BWVC BookofConke has 120 seconds left.
|
|t:|1720699632
|move|p2a: Tyranitar|Crunch|p1a: Reuniclus
|-supereffective|p1a: Reuniclus
|-damage|p1a: Reuniclus|44/100 par
|move|p1a: Reuniclus|Focus Blast|p2a: Tyranitar
|-supereffective|p2a: Tyranitar
|-enditem|p2a: Tyranitar|Chople Berry|[eat]
|-enditem|p2a: Tyranitar|Chople Berry|[weaken]
|-damage|p2a: Tyranitar|14/100 par
|
|-weather|Sandstorm|[upkeep]
|-heal|p1a: Reuniclus|50/100 par|[from] item: Leftovers
|upkeep
|turn|29
|
|t:|1720699641
|move|p2a: Tyranitar|Crunch|p1a: Reuniclus
|-supereffective|p1a: Reuniclus
|-crit|p1a: Reuniclus
|-damage|p1a: Reuniclus|0 fnt
|faint|p1a: Reuniclus
|
|win|574RM4N
|raw|BWVC BookofConke's rating: 1419 &rarr; <strong>1398</strong><br />(-21 for losing)
|raw|574RM4N's rating: 1408 &rarr; <strong>1429</strong><br />(+21 for winning)
|c|☆574RM4N|gg
|c|☆BWVC BookofConke|Its pretty apparent I don't understand how to pilot this team
|c|☆574RM4N|dont worry im horrid with fat teams too
|c|☆574RM4N|i just dont undertsnd them
|c|☆BWVC BookofConke|It's frustrating
|c|☆BWVC BookofConke|I want to be able to run this it just eludes me
