|j|☆akxhdwy
|j|☆Croaset
|t:|1728524910
|gametype|singles
|player|p1|akxhdwy|169|1333
|player|p2|Croaset|elesa|1445
|teamsize|p1|6
|teamsize|p2|6
|gen|5
|tier|[Gen 5] OU
|rated|
|rule|Species Clause: Limit one of each Pokémon
|rule|OHKO Clause: OHKO moves are banned
|rule|Moody Clause: Moody is banned
|rule|Evasion Items Clause: Evasion items are banned
|rule|Evasion Moves Clause: Evasion moves are banned
|rule|Endless Battle Clause: Forcing endless battles is banned
|rule|HP Percentage Mod: HP is shown in percentages
|rule|Evasion Abilities Clause: Evasion abilities are banned
|rule|Sleep Moves Clause: Sleep-inducing moves are banned
|rule|Swagger Clause: Swagger is banned
|rule|Baton Pass Stat Clause: No Baton Passer may have a way to boost its stats
|clearpoke
|poke|p1|Tyranitar, M|item
|poke|p1|Skarmory, F|item
|poke|p1|Gastrodon, F|item
|poke|p1|Reuniclus, M|item
|poke|p1|Alakazam, M|item
|poke|p1|Gliscor, M|item
|poke|p2|Reuniclus, M|item
|poke|p2|Skarmory, F|item
|poke|p2|Latios, M|item
|poke|p2|Tyranitar, F|item
|poke|p2|Cofagrigus, F|item
|poke|p2|Latias, F|item
|teampreview
|inactive|Battle timer is ON: inactive players will automatically lose when time's up. (requested by akxhdwy)
|
|t:|1728524922
|start
|switch|p1a: Gliscor|Gliscor, M|100/100
|switch|p2a: Skarmory|Skarmory, F|100/100
|turn|1
|
|t:|1728524926
|move|p1a: Gliscor|Stealth Rock|p2a: Skarmory
|-sidestart|p2: Croaset|move: Stealth Rock
|move|p2a: Skarmory|Stealth Rock|p1a: Gliscor
|-sidestart|p1: akxhdwy|move: Stealth Rock
|
|-status|p1a: Gliscor|tox|[from] item: Toxic Orb
|upkeep
|turn|2
|
|t:|1728524927
|move|p1a: Gliscor|Knock Off|p2a: Skarmory
|-resisted|p2a: Skarmory
|-damage|p2a: Skarmory|99/100
|-enditem|p2a: Skarmory|Leftovers|[from] move: Knock Off|[of] p1a: Gliscor
|move|p2a: Skarmory|Spikes|p1a: Gliscor
|-sidestart|p1: akxhdwy|Spikes
|
|upkeep
|turn|3
|
|t:|1728524929
|switch|p1a: Skarmory|Skarmory, F|100/100
|-damage|p1a: Skarmory|88/100|[from] Stealth Rock
|move|p2a: Skarmory|Spikes|p1a: Skarmory
|-sidestart|p1: akxhdwy|Spikes
|
|-heal|p1a: Skarmory|94/100|[from] item: Leftovers
|upkeep
|turn|4
|
|t:|1728524931
|move|p2a: Skarmory|Spikes|p1a: Skarmory
|-sidestart|p1: akxhdwy|Spikes
|move|p1a: Skarmory|Spikes|p2a: Skarmory
|-sidestart|p2: Croaset|Spikes
|
|-heal|p1a: Skarmory|99/100|[from] item: Leftovers
|upkeep
|turn|5
|
|t:|1728524934
|move|p1a: Skarmory|Spikes|p2a: Skarmory
|-sidestart|p2: Croaset|Spikes
|move|p2a: Skarmory|Whirlwind|p1a: Skarmory
|drag|p1a: Alakazam|Alakazam, M|100/100
|
|upkeep
|turn|6
|
|t:|1728524939
|move|p1a: Alakazam|Focus Blast|p2a: Skarmory
|-damage|p2a: Skarmory|44/100
|move|p2a: Skarmory|Whirlwind|p1a: Alakazam
|drag|p1a: Skarmory|Skarmory, F|99/100
|-damage|p1a: Skarmory|88/100|[from] Stealth Rock
|
|-heal|p1a: Skarmory|94/100|[from] item: Leftovers
|upkeep
|turn|7
|
|t:|1728524943
|move|p1a: Skarmory|Spikes|p2a: Skarmory
|-sidestart|p2: Croaset|Spikes
|move|p2a: Skarmory|Roost|p2a: Skarmory
|-heal|p2a: Skarmory|94/100
|-singleturn|p2a: Skarmory|move: Roost
|
|-heal|p1a: Skarmory|99/100|[from] item: Leftovers
|upkeep
|turn|8
|
|t:|1728524959
|move|p1a: Skarmory|Brave Bird|p2a: Skarmory
|-resisted|p2a: Skarmory
|-damage|p2a: Skarmory|84/100
|-damage|p1a: Skarmory|97/100|[from] Recoil
|move|p2a: Skarmory|Roost|p2a: Skarmory
|-heal|p2a: Skarmory|100/100
|-singleturn|p2a: Skarmory|move: Roost
|
|-heal|p1a: Skarmory|100/100|[from] item: Leftovers
|upkeep
|turn|9
|
|t:|1728524962
|move|p1a: Skarmory|Brave Bird|p2a: Skarmory
|-resisted|p2a: Skarmory
|-damage|p2a: Skarmory|90/100
|-damage|p1a: Skarmory|97/100|[from] Recoil
|move|p2a: Skarmory|Whirlwind|p1a: Skarmory
|drag|p1a: Gastrodon|Gastrodon, F|100/100
|-damage|p1a: Gastrodon|94/100|[from] Stealth Rock
|-damage|p1a: Gastrodon|70/100|[from] Spikes
|
|-heal|p1a: Gastrodon|76/100|[from] item: Leftovers
|upkeep
|turn|10
|
|t:|1728524965
|move|p1a: Gastrodon|Scald|p2a: Skarmory
|-damage|p2a: Skarmory|53/100
|-status|p2a: Skarmory|brn
|move|p2a: Skarmory|Whirlwind|p1a: Gastrodon
|drag|p1a: Alakazam|Alakazam, M|100/100
|
|-damage|p2a: Skarmory|41/100 brn|[from] brn
|upkeep
|turn|11
|
|t:|1728524976
|switch|p2a: Cofagrigus|Cofagrigus, F, shiny|100/100
|-damage|p2a: Cofagrigus|88/100|[from] Stealth Rock
|-damage|p2a: Cofagrigus|63/100|[from] Spikes
|move|p1a: Alakazam|Signal Beam|p2a: Cofagrigus
|-resisted|p2a: Cofagrigus
|-damage|p2a: Cofagrigus|50/100
|
|-heal|p2a: Cofagrigus|57/100|[from] item: Leftovers
|upkeep
|turn|12
|
|t:|1728525002
|move|p1a: Alakazam|Psychic|p2a: Cofagrigus
|-damage|p2a: Cofagrigus|6/100
|-unboost|p2a: Cofagrigus|spd|1
|move|p2a: Cofagrigus|Knock Off|p1a: Alakazam
|-supereffective|p1a: Alakazam
|-damage|p1a: Alakazam|87/100
|-enditem|p1a: Alakazam|Focus Sash|[from] move: Knock Off|[of] p2a: Cofagrigus
|
|-heal|p2a: Cofagrigus|12/100|[from] item: Leftovers
|upkeep
|turn|13
|
|t:|1728525008
|move|p1a: Alakazam|Signal Beam|p2a: Cofagrigus
|-resisted|p2a: Cofagrigus
|-crit|p2a: Cofagrigus
|-damage|p2a: Cofagrigus|0 fnt
|faint|p2a: Cofagrigus
|
|upkeep
|
|t:|1728525010
|switch|p2a: Tyranitar|Tyranitar, F|100/100
|-damage|p2a: Tyranitar|88/100|[from] Stealth Rock
|-damage|p2a: Tyranitar|63/100|[from] Spikes
|-weather|Sandstorm|[from] ability: Sand Stream|[of] p2a: Tyranitar
|turn|14
|
|t:|1728525014
|move|p1a: Alakazam|Focus Blast|p2a: Tyranitar
|-supereffective|p2a: Tyranitar
|-enditem|p2a: Tyranitar|Chople Berry|[eat]
|-enditem|p2a: Tyranitar|Chople Berry|[weaken]
|-damage|p2a: Tyranitar|23/100
|move|p2a: Tyranitar|Pursuit|p1a: Alakazam
|-supereffective|p1a: Alakazam
|-damage|p1a: Alakazam|0 fnt
|faint|p1a: Alakazam
|
|-weather|Sandstorm|[upkeep]
|upkeep
|
|t:|1728525023
|switch|p1a: Gliscor|Gliscor, M|100/100 tox
|-damage|p1a: Gliscor|88/100 tox|[from] Stealth Rock
|turn|15
|
|t:|1728525026
|switch|p2a: Skarmory|Skarmory, F|41/100 brn
|-damage|p2a: Skarmory|29/100 brn|[from] Stealth Rock
|move|p1a: Gliscor|Knock Off|p2a: Skarmory
|-resisted|p2a: Skarmory
|-damage|p2a: Skarmory|27/100 brn
|
|-weather|Sandstorm|[upkeep]
|-heal|p1a: Gliscor|100/100 tox|[from] ability: Poison Heal
|-damage|p2a: Skarmory|15/100 brn|[from] brn
|upkeep
|turn|16
|
|t:|1728525031
|switch|p1a: Gastrodon|Gastrodon, F|76/100
|-damage|p1a: Gastrodon|70/100|[from] Stealth Rock
|-damage|p1a: Gastrodon|45/100|[from] Spikes
|move|p2a: Skarmory|Roost|p2a: Skarmory
|-heal|p2a: Skarmory|65/100 brn
|-singleturn|p2a: Skarmory|move: Roost
|
|-weather|Sandstorm|[upkeep]
|-heal|p1a: Gastrodon|51/100|[from] item: Leftovers
|-damage|p2a: Skarmory|53/100 brn|[from] brn
|upkeep
|turn|17
|
|t:|1728525034
|move|p2a: Skarmory|Roost|p2a: Skarmory
|-heal|p2a: Skarmory|100/100 brn
|-singleturn|p2a: Skarmory|move: Roost
|move|p1a: Gastrodon|Recover|p1a: Gastrodon
|-heal|p1a: Gastrodon|100/100
|
|-weather|Sandstorm|[upkeep]
|-damage|p2a: Skarmory|88/100 brn|[from] brn
|upkeep
|turn|18
|
|t:|1728525038
|switch|p2a: Latias|Latias, F|100/100
|-damage|p2a: Latias|88/100|[from] Stealth Rock
|move|p1a: Gastrodon|Scald|p2a: Latias
|-resisted|p2a: Latias
|-damage|p2a: Latias|78/100
|-status|p2a: Latias|brn
|
|-weather|Sandstorm|[upkeep]
|-damage|p2a: Latias|72/100 brn|[from] Sandstorm
|-heal|p2a: Latias|78/100 brn|[from] item: Leftovers
|-damage|p2a: Latias|66/100 brn|[from] brn
|upkeep
|turn|19
|
|t:|1728525042
|move|p2a: Latias|Calm Mind|p2a: Latias
|-boost|p2a: Latias|spa|1
|-boost|p2a: Latias|spd|1
|move|p1a: Gastrodon|Ice Beam|p2a: Latias
|-supereffective|p2a: Latias
|-damage|p2a: Latias|45/100 brn
|
|-weather|Sandstorm|[upkeep]
|-damage|p2a: Latias|39/100 brn|[from] Sandstorm
|-heal|p2a: Latias|45/100 brn|[from] item: Leftovers
|-damage|p2a: Latias|32/100 brn|[from] brn
|upkeep
|turn|20
|
|t:|1728525046
|switch|p1a: Tyranitar|Tyranitar, M|100/100
|-damage|p1a: Tyranitar|88/100|[from] Stealth Rock
|-damage|p1a: Tyranitar|63/100|[from] Spikes
|move|p2a: Latias|Recover|p2a: Latias
|-heal|p2a: Latias|82/100 brn
|
|-weather|Sandstorm|[upkeep]
|-damage|p2a: Latias|76/100 brn|[from] Sandstorm
|-heal|p2a: Latias|82/100 brn|[from] item: Leftovers
|-damage|p2a: Latias|70/100 brn|[from] brn
|upkeep
|turn|21
|
|t:|1728525050
|move|p2a: Latias|Thunder Wave|p1a: Tyranitar
|-status|p1a: Tyranitar|par
|cant|p1a: Tyranitar|par
|
|-weather|Sandstorm|[upkeep]
|-damage|p2a: Latias|64/100 brn|[from] Sandstorm
|-heal|p2a: Latias|70/100 brn|[from] item: Leftovers
|-damage|p2a: Latias|58/100 brn|[from] brn
|upkeep
|turn|22
|
|t:|1728525053
|move|p2a: Latias|Recover|p2a: Latias
|-heal|p2a: Latias|100/100 brn
|move|p1a: Tyranitar|Crunch|p2a: Latias
|-supereffective|p2a: Latias
|-damage|p2a: Latias|10/100 brn
|
|-weather|Sandstorm|[upkeep]
|-damage|p2a: Latias|4/100 brn|[from] Sandstorm
|-heal|p2a: Latias|10/100 brn|[from] item: Leftovers
|-damage|p2a: Latias|0 fnt|[from] brn
|faint|p2a: Latias
|upkeep
|
|t:|1728525059
|switch|p2a: Skarmory|Skarmory, F|88/100 brn
|-damage|p2a: Skarmory|76/100 brn|[from] Stealth Rock
|turn|23
|
|t:|1728525064
|move|p1a: Tyranitar|Fire Blast|p2a: Skarmory
|-supereffective|p2a: Skarmory
|-damage|p2a: Skarmory|9/100 brn
|move|p2a: Skarmory|Whirlwind|p1a: Tyranitar
|drag|p1a: Gliscor|Gliscor, M|100/100 tox
|-damage|p1a: Gliscor|88/100 tox|[from] Stealth Rock
|
|-weather|Sandstorm|[upkeep]
|-heal|p1a: Gliscor|100/100 tox|[from] ability: Poison Heal
|-damage|p2a: Skarmory|0 fnt|[from] brn
|faint|p2a: Skarmory
|upkeep
|
|t:|1728525072
|switch|p2a: Latios|Latios, M|100/100
|-damage|p2a: Latios|88/100|[from] Stealth Rock
|turn|24
|
|t:|1728525078
|move|p2a: Latios|Surf|p1a: Gliscor
|-supereffective|p1a: Gliscor
|-damage|p1a: Gliscor|44/100 tox
|move|p1a: Gliscor|Knock Off|p2a: Latios
|-supereffective|p2a: Latios
|-enditem|p2a: Latios|Colbur Berry|[eat]
|-enditem|p2a: Latios|Colbur Berry|[weaken]
|-damage|p2a: Latios|82/100
|
|-weather|Sandstorm|[upkeep]
|-damage|p2a: Latios|76/100|[from] Sandstorm
|-heal|p1a: Gliscor|56/100 tox|[from] ability: Poison Heal
|upkeep
|turn|25
|
|t:|1728525082
|switch|p1a: Gastrodon|Gastrodon, F|100/100
|-damage|p1a: Gastrodon|94/100|[from] Stealth Rock
|-damage|p1a: Gastrodon|70/100|[from] Spikes
|move|p2a: Latios|Surf|p1a: Gastrodon
|-ability|p1a: Gastrodon|Storm Drain|boost
|-boost|p1a: Gastrodon|spa|1
|
|-weather|Sandstorm|[upkeep]
|-damage|p2a: Latios|70/100|[from] Sandstorm
|-heal|p1a: Gastrodon|76/100|[from] item: Leftovers
|upkeep
|turn|26
|
|t:|1728525085
|move|p2a: Latios|Draco Meteor|p1a: Gastrodon
|-damage|p1a: Gastrodon|11/100
|-unboost|p2a: Latios|spa|2
|move|p1a: Gastrodon|Toxic|p2a: Latios
|-status|p2a: Latios|tox
|
|-weather|Sandstorm|[upkeep]
|-damage|p2a: Latios|64/100 tox|[from] Sandstorm
|-heal|p1a: Gastrodon|17/100|[from] item: Leftovers
|-damage|p2a: Latios|58/100 tox|[from] psn
|upkeep
|turn|27
|
|t:|1728525092
|move|p2a: Latios|Psychic|p1a: Gastrodon
|-crit|p1a: Gastrodon
|-damage|p1a: Gastrodon|0 fnt
|faint|p1a: Gastrodon
|
|-weather|Sandstorm|[upkeep]
|-damage|p2a: Latios|52/100 tox|[from] Sandstorm
|-damage|p2a: Latios|40/100 tox|[from] psn
|upkeep
|
|t:|1728525098
|switch|p1a: Tyranitar|Tyranitar, M|63/100 par
|-damage|p1a: Tyranitar|51/100 par|[from] Stealth Rock
|-damage|p1a: Tyranitar|26/100 par|[from] Spikes
|turn|28
|
|t:|1728525105
|move|p2a: Latios|Surf|p1a: Tyranitar
|-supereffective|p1a: Tyranitar
|-crit|p1a: Tyranitar
|-damage|p1a: Tyranitar|0 fnt
|faint|p1a: Tyranitar
|
|-weather|Sandstorm|[upkeep]
|-damage|p2a: Latios|34/100 tox|[from] Sandstorm
|-damage|p2a: Latios|16/100 tox|[from] psn
|upkeep
|
|t:|1728525109
|switch|p1a: Skarmory|Skarmory, F|97/100
|-damage|p1a: Skarmory|85/100|[from] Stealth Rock
|turn|29
|
|t:|1728525114
|move|p2a: Latios|Thunder Wave|p1a: Skarmory
|-status|p1a: Skarmory|par
|move|p1a: Skarmory|Roost|p1a: Skarmory
|-heal|p1a: Skarmory|100/100 par
|-singleturn|p1a: Skarmory|move: Roost
|
|-weather|Sandstorm|[upkeep]
|-damage|p2a: Latios|10/100 tox|[from] Sandstorm
|-damage|p2a: Latios|0 fnt|[from] psn
|faint|p2a: Latios
|upkeep
|
|t:|1728525116
|switch|p2a: Reuniclus|Reuniclus, M, shiny|100/100
|turn|30
|
|t:|1728525119
|move|p2a: Reuniclus|Calm Mind|p2a: Reuniclus
|-boost|p2a: Reuniclus|spa|1
|-boost|p2a: Reuniclus|spd|1
|move|p1a: Skarmory|Brave Bird|p2a: Reuniclus
|-damage|p2a: Reuniclus|78/100
|-damage|p1a: Skarmory|91/100 par|[from] Recoil
|
|-weather|Sandstorm|[upkeep]
|-heal|p2a: Reuniclus|84/100|[from] item: Leftovers
|-heal|p1a: Skarmory|97/100 par|[from] item: Leftovers
|upkeep
|turn|31
|
|t:|1728525121
|move|p2a: Reuniclus|Calm Mind|p2a: Reuniclus
|-boost|p2a: Reuniclus|spa|1
|-boost|p2a: Reuniclus|spd|1
|cant|p1a: Skarmory|par
|
|-weather|Sandstorm|[upkeep]
|-heal|p2a: Reuniclus|90/100|[from] item: Leftovers
|-heal|p1a: Skarmory|100/100 par|[from] item: Leftovers
|upkeep
|turn|32
|
|t:|1728525124
|move|p2a: Reuniclus|Focus Blast|p1a: Skarmory|[miss]
|-miss|p2a: Reuniclus|p1a: Skarmory
|move|p1a: Skarmory|Whirlwind|p2a: Reuniclus
|drag|p2a: Tyranitar|Tyranitar, F|23/100
|-damage|p2a: Tyranitar|10/100|[from] Stealth Rock
|-damage|p2a: Tyranitar|0 fnt|[from] Spikes
|faint|p2a: Tyranitar
|
|-weather|Sandstorm|[upkeep]
|upkeep
|
|t:|1728525127
|switch|p2a: Reuniclus|Reuniclus, M, shiny|90/100
|turn|33
|
|t:|1728525129
|switch|p1a: Reuniclus|Reuniclus, M|100/100
|move|p2a: Reuniclus|Calm Mind|p2a: Reuniclus
|-boost|p2a: Reuniclus|spa|1
|-boost|p2a: Reuniclus|spd|1
|
|-weather|Sandstorm|[upkeep]
|-heal|p2a: Reuniclus|96/100|[from] item: Leftovers
|upkeep
|turn|34
|
|t:|1728525131
|move|p2a: Reuniclus|Calm Mind|p2a: Reuniclus
|-boost|p2a: Reuniclus|spa|1
|-boost|p2a: Reuniclus|spd|1
|move|p1a: Reuniclus|Calm Mind|p1a: Reuniclus
|-boost|p1a: Reuniclus|spa|1
|-boost|p1a: Reuniclus|spd|1
|
|-weather|Sandstorm|[upkeep]
|-heal|p2a: Reuniclus|100/100|[from] item: Leftovers
|upkeep
|turn|35
|
|t:|1728525133
|move|p1a: Reuniclus|Calm Mind|p1a: Reuniclus
|-boost|p1a: Reuniclus|spa|1
|-boost|p1a: Reuniclus|spd|1
|move|p2a: Reuniclus|Calm Mind|p2a: Reuniclus
|-boost|p2a: Reuniclus|spa|1
|-boost|p2a: Reuniclus|spd|1
|
|-weather|Sandstorm|[upkeep]
|upkeep
|turn|36
|
|t:|1728525135
|move|p2a: Reuniclus|Calm Mind|p2a: Reuniclus
|-boost|p2a: Reuniclus|spa|1
|-boost|p2a: Reuniclus|spd|1
|move|p1a: Reuniclus|Calm Mind|p1a: Reuniclus
|-boost|p1a: Reuniclus|spa|1
|-boost|p1a: Reuniclus|spd|1
|
|-weather|Sandstorm|[upkeep]
|upkeep
|turn|37
|
|t:|1728525136
|move|p2a: Reuniclus|Calm Mind|p2a: Reuniclus
|-boost|p2a: Reuniclus|spa|1
|-boost|p2a: Reuniclus|spd|1
|move|p1a: Reuniclus|Calm Mind|p1a: Reuniclus
|-boost|p1a: Reuniclus|spa|1
|-boost|p1a: Reuniclus|spd|1
|
|-weather|Sandstorm|[upkeep]
|upkeep
|turn|38
|
|t:|1728525138
|move|p1a: Reuniclus|Calm Mind|p1a: Reuniclus
|-boost|p1a: Reuniclus|spa|1
|-boost|p1a: Reuniclus|spd|1
|move|p2a: Reuniclus|Calm Mind|p2a: Reuniclus
|-boost|p2a: Reuniclus|spa|1
|-boost|p2a: Reuniclus|spd|1
|
|-weather|Sandstorm|[upkeep]
|upkeep
|turn|39
|
|t:|1728525139
|move|p2a: Reuniclus|Psyshock|p1a: Reuniclus
|-resisted|p1a: Reuniclus
|-damage|p1a: Reuniclus|55/100
|move|p1a: Reuniclus|Calm Mind|p1a: Reuniclus
|-boost|p1a: Reuniclus|spa|1
|-boost|p1a: Reuniclus|spd|1
|
|-weather|Sandstorm|[upkeep]
|-heal|p1a: Reuniclus|62/100|[from] item: Leftovers
|upkeep
|turn|40
|
|t:|1728525142
|move|p2a: Reuniclus|Psyshock|p1a: Reuniclus
|-resisted|p1a: Reuniclus
|-damage|p1a: Reuniclus|12/100
|move|p1a: Reuniclus|Recover|p1a: Reuniclus
|-heal|p1a: Reuniclus|62/100
|
|-weather|Sandstorm|[upkeep]
|-heal|p1a: Reuniclus|68/100|[from] item: Leftovers
|upkeep
|turn|41
|
|t:|1728525145
|move|p1a: Reuniclus|Psyshock|p2a: Reuniclus
|-resisted|p2a: Reuniclus
|-damage|p2a: Reuniclus|57/100
|move|p2a: Reuniclus|Psyshock|p1a: Reuniclus
|-resisted|p1a: Reuniclus
|-damage|p1a: Reuniclus|19/100
|
|-weather|Sandstorm|[upkeep]
|-heal|p1a: Reuniclus|25/100|[from] item: Leftovers
|-heal|p2a: Reuniclus|63/100|[from] item: Leftovers
|upkeep
|turn|42
|
|t:|1728525149
|move|p2a: Reuniclus|Psyshock|p1a: Reuniclus
|-resisted|p1a: Reuniclus
|-damage|p1a: Reuniclus|0 fnt
|faint|p1a: Reuniclus
|
|-weather|Sandstorm|[upkeep]
|-heal|p2a: Reuniclus|70/100|[from] item: Leftovers
|upkeep
|-message|akxhdwy forfeited.
|
|win|Croaset
|raw|akxhdwy's rating: 1333 &rarr; <strong>1319</strong><br />(-14 for losing)
|raw|Croaset's rating: 1445 &rarr; <strong>1459</strong><br />(+14 for winning)
|l|☆akxhdwy
|player|p1|
