|j|‽ryusen696969
|j|☆el janitor
|t:|1728661691
|gametype|singles
|player|p1|ryusen696969|1|1379
|player|p2|el janitor|265|1412
|teamsize|p1|6
|teamsize|p2|6
|gen|5
|tier|[Gen 5] OU
|rated|
|rule|Species Clause: Limit one of each Pokémon
|rule|OHKO Clause: OHKO moves are banned
|rule|Moody Clause: Moody is banned
|rule|Evasion Items Clause: Evasion items are banned
|rule|Evasion Moves Clause: Evasion moves are banned
|rule|Endless Battle Clause: Forcing endless battles is banned
|rule|HP Percentage Mod: HP is shown in percentages
|rule|Evasion Abilities Clause: Evasion abilities are banned
|rule|Sleep Moves Clause: Sleep-inducing moves are banned
|rule|Swagger Clause: Swagger is banned
|rule|Baton Pass Stat Clause: No Baton Passer may have a way to boost its stats
|clearpoke
|poke|p1|Garchomp, M|item
|poke|p1|Blissey, F|item
|poke|p1|Suicune|item
|poke|p1|Scizor, M|item
|poke|p1|Zoroark, M|item
|poke|p1|Alakazam, M|item
|poke|p2|Politoed, M|item
|poke|p2|Landorus-Therian, M|item
|poke|p2|Tentacruel, M|item
|poke|p2|Toxicroak, M|item
|poke|p2|Tornadus, M|item
|poke|p2|Ferrothorn, M|item
|teampreview
|inactive|Battle timer is ON: inactive players will automatically lose when time's up. (requested by el janitor)
|inactive|ryusen696969 also wants the timer to be on.
|
|t:|1728661707
|start
|switch|p1a: Blissey|Blissey, F|100/100
|switch|p2a: Politoed|Politoed, M|100/100
|-weather|RainDance|[from] ability: Drizzle|[of] p2a: Politoed
|turn|1
|
|t:|1728661725
|move|p2a: Politoed|Scald|p1a: Blissey
|-damage|p1a: Blissey|88/100
|-status|p1a: Blissey|brn
|move|p1a: Blissey|Thunderbolt|p2a: Politoed
|-supereffective|p2a: Politoed
|-damage|p2a: Politoed|59/100
|
|-weather|RainDance|[upkeep]
|-heal|p2a: Politoed|66/100|[from] item: Leftovers
|-damage|p1a: Blissey|75/100 brn|[from] brn
|upkeep
|turn|2
|
|t:|1728661730
|switch|p2a: Landorus|Landorus-Therian, M|100/100
|-ability|p2a: Landorus|Intimidate|boost
|-unboost|p1a: Blissey|atk|1
|move|p1a: Blissey|Ice Beam|p2a: Landorus
|-supereffective|p2a: Landorus
|-damage|p2a: Landorus|0 fnt
|faint|p2a: Landorus
|
|-weather|RainDance|[upkeep]
|-damage|p1a: Blissey|63/100 brn|[from] brn
|upkeep
|
|t:|1728661734
|switch|p2a: Toxicroak|Toxicroak, M|100/100
|turn|3
|
|t:|1728661736
|switch|p1a: Garchomp|Garchomp, M|100/100
|move|p2a: Toxicroak|Substitute|p2a: Toxicroak
|-start|p2a: Toxicroak|Substitute
|-damage|p2a: Toxicroak|76/100
|
|-weather|RainDance|[upkeep]
|-heal|p2a: Toxicroak|88/100|[from] ability: Dry Skin
|upkeep
|turn|4
|
|t:|1728661739
|move|p1a: Garchomp|Earthquake|p2a: Toxicroak
|-supereffective|p2a: Toxicroak
|-end|p2a: Toxicroak|Substitute
|move|p2a: Toxicroak|Drain Punch|p1a: Garchomp
|-damage|p1a: Garchomp|48/100
|-heal|p2a: Toxicroak|100/100|[from] drain|[of] p1a: Garchomp
|-damage|p2a: Toxicroak|88/100|[from] ability: Rough Skin|[of] p1a: Garchomp
|-damage|p2a: Toxicroak|78/100|[from] item: Life Orb
|
|-weather|RainDance|[upkeep]
|-heal|p2a: Toxicroak|91/100|[from] ability: Dry Skin
|upkeep
|turn|5
|
|t:|1728661742
|switch|p2a: Tornadus|Tornadus, M|100/100
|move|p1a: Garchomp|Earthquake|p2a: Tornadus
|-immune|p2a: Tornadus
|
|-weather|RainDance|[upkeep]
|upkeep
|turn|6
|
|t:|1728661746
|switch|p1a: Suicune|Suicune, shiny|100/100
|-ability|p1a: Suicune|Pressure
|move|p2a: Tornadus|U-turn|p1a: Suicune
|-damage|p1a: Suicune|90/100
|
|t:|1728661751
|switch|p2a: Tentacruel|Tentacruel, M|100/100|[from] U-turn
|
|-weather|RainDance|[upkeep]
|-heal|p1a: Suicune|96/100|[from] item: Leftovers
|upkeep
|turn|7
|
|t:|1728661755
|switch|p1a: Alakazam|Alakazam, M|100/100
|move|p2a: Tentacruel|Toxic Spikes|p1a: Alakazam
|-sidestart|p1: ryusen696969|move: Toxic Spikes
|
|-weather|RainDance|[upkeep]
|upkeep
|turn|8
|
|t:|1728661760
|move|p2a: Tentacruel|Protect|p2a: Tentacruel
|-singleturn|p2a: Tentacruel|Protect
|move|p1a: Alakazam|Psychic|p2a: Tentacruel
|-activate|p2a: Tentacruel|move: Protect
|
|-weather|RainDance|[upkeep]
|upkeep
|turn|9
|
|t:|1728661764
|move|p1a: Alakazam|Psychic|p2a: Tentacruel
|-supereffective|p2a: Tentacruel
|-damage|p2a: Tentacruel|21/100
|move|p2a: Tentacruel|Scald|p1a: Alakazam
|-damage|p1a: Alakazam|44/100
|-status|p1a: Alakazam|brn
|
|-weather|RainDance|[upkeep]
|-heal|p2a: Tentacruel|27/100|[from] ability: Rain Dish
|-heal|p2a: Tentacruel|33/100|[from] item: Black Sludge
|upkeep
|turn|10
|
|t:|1728661771
|move|p2a: Tentacruel|Protect|p2a: Tentacruel
|-singleturn|p2a: Tentacruel|Protect
|move|p1a: Alakazam|Psychic|p2a: Tentacruel
|-activate|p2a: Tentacruel|move: Protect
|
|-weather|RainDance|[upkeep]
|-heal|p2a: Tentacruel|39/100|[from] ability: Rain Dish
|-heal|p2a: Tentacruel|45/100|[from] item: Black Sludge
|upkeep
|turn|11
|
|t:|1728661773
|move|p1a: Alakazam|Psychic|p2a: Tentacruel
|-supereffective|p2a: Tentacruel
|-damage|p2a: Tentacruel|0 fnt
|faint|p2a: Tentacruel
|
|-weather|RainDance|[upkeep]
|upkeep
|
|t:|1728661779
|switch|p2a: Ferrothorn|Ferrothorn, M|100/100
|turn|12
|
|t:|1728661782
|move|p1a: Alakazam|Focus Blast|p2a: Ferrothorn
|-supereffective|p2a: Ferrothorn
|-damage|p2a: Ferrothorn|32/100
|move|p2a: Ferrothorn|Gyro Ball|p1a: Alakazam
|-damage|p1a: Alakazam|0 fnt
|faint|p1a: Alakazam
|
|-weather|RainDance|[upkeep]
|-heal|p2a: Ferrothorn|38/100|[from] item: Leftovers
|upkeep
|
|t:|1728661788
|switch|p1a: Suicune|Suicune, shiny|100/100
|-status|p1a: Suicune|psn
|turn|13
|
|t:|1728661796
|move|p1a: Suicune|Flamethrower|p2a: Ferrothorn
|-supereffective|p2a: Ferrothorn
|-damage|p2a: Ferrothorn|0 fnt
|faint|p2a: Ferrothorn
|
|-weather|RainDance|[upkeep]
|-damage|p1a: Suicune|88/100 psn|[from] psn
|upkeep
|
|t:|1728661804
|switch|p2a: Tornadus|Tornadus, M|100/100
|turn|14
|
|t:|1728661807
|move|p2a: Tornadus|Hurricane|p1a: Suicune
|-damage|p1a: Suicune|0 fnt
|replace|p1a: Zoroark|Zoroark, M
|-end|p1a: Zoroark|Illusion
|faint|p1a: Zoroark
|
|-weather|RainDance|[upkeep]
|upkeep
|
|t:|1728661812
|switch|p1a: Suicune|Suicune, shiny|96/100
|-status|p1a: Suicune|psn
|-ability|p1a: Suicune|Pressure
|turn|15
|
|t:|1728661822
|switch|p2a: Toxicroak|Toxicroak, M|91/100
|move|p1a: Suicune|Ice Beam|p2a: Toxicroak
|-damage|p2a: Toxicroak|57/100
|
|-weather|RainDance|[upkeep]
|-heal|p2a: Toxicroak|70/100|[from] ability: Dry Skin
|-heal|p1a: Suicune|100/100 psn|[from] item: Leftovers
|-damage|p1a: Suicune|88/100 psn|[from] psn
|upkeep
|turn|16
|
|t:|1728661832
|move|p2a: Toxicroak|Drain Punch|p1a: Suicune
|-damage|p1a: Suicune|59/100 psn
|-heal|p2a: Toxicroak|87/100|[from] drain|[of] p1a: Suicune
|-damage|p2a: Toxicroak|78/100|[from] item: Life Orb
|move|p1a: Suicune|Air Slash|p2a: Toxicroak
|-supereffective|p2a: Toxicroak
|-damage|p2a: Toxicroak|19/100
|
|-weather|RainDance|[upkeep]
|-heal|p2a: Toxicroak|31/100|[from] ability: Dry Skin
|-heal|p1a: Suicune|65/100 psn|[from] item: Leftovers
|-damage|p1a: Suicune|53/100 psn|[from] psn
|upkeep
|turn|17
|
|t:|1728661842
|switch|p2a: Tornadus|Tornadus, M|100/100
|move|p1a: Suicune|Air Slash|p2a: Tornadus
|-damage|p2a: Tornadus|74/100
|
|-weather|RainDance|[upkeep]
|-heal|p1a: Suicune|59/100 psn|[from] item: Leftovers
|-damage|p1a: Suicune|46/100 psn|[from] psn
|upkeep
|turn|18
|
|t:|1728661844
|move|p2a: Tornadus|Hurricane|p1a: Suicune
|-damage|p1a: Suicune|0 fnt
|faint|p1a: Suicune
|
|-weather|RainDance|[upkeep]
|upkeep
|
|t:|1728661847
|switch|p1a: Garchomp|Garchomp, M|48/100
|-status|p1a: Garchomp|psn
|turn|19
|
|t:|1728661849
|move|p1a: Garchomp|Outrage|p2a: Tornadus
|-damage|p2a: Tornadus|0 fnt
|faint|p2a: Tornadus
|
|-weather|RainDance|[upkeep]
|-damage|p1a: Garchomp|36/100 psn|[from] psn
|upkeep
|
|t:|1728661853
|switch|p2a: Toxicroak|Toxicroak, M|31/100
|turn|20
|
|t:|1728661855
|move|p2a: Toxicroak|Sucker Punch|p1a: Garchomp
|-damage|p1a: Garchomp|0 fnt
|-damage|p2a: Toxicroak|19/100|[from] ability: Rough Skin|[of] p1a: Garchomp
|faint|p1a: Garchomp
|-damage|p2a: Toxicroak|9/100|[from] item: Life Orb
|
|-weather|RainDance|[upkeep]
|-heal|p2a: Toxicroak|22/100|[from] ability: Dry Skin
|upkeep
|
|t:|1728661858
|switch|p1a: Scizor|Scizor, M|100/100
|turn|21
|
|t:|1728661860
|switch|p2a: Politoed|Politoed, M|66/100
|move|p1a: Scizor|Bullet Punch|p2a: Politoed
|-resisted|p2a: Politoed
|-damage|p2a: Politoed|52/100
|
|-weather|RainDance|[upkeep]
|-heal|p2a: Politoed|59/100|[from] item: Leftovers
|upkeep
|turn|22
|
|t:|1728661863
|switch|p1a: Blissey|Blissey, F|63/100 brn
|switch|p2a: Toxicroak|Toxicroak, M|22/100
|
|-weather|RainDance|[upkeep]
|-heal|p2a: Toxicroak|34/100|[from] ability: Dry Skin
|-damage|p1a: Blissey|50/100 brn|[from] brn
|upkeep
|turn|23
|
|t:|1728661866
|switch|p1a: Scizor|Scizor, M|100/100
|move|p2a: Toxicroak|Drain Punch|p1a: Scizor
|-damage|p1a: Scizor|42/100
|-heal|p2a: Toxicroak|61/100|[from] drain|[of] p1a: Scizor
|-damage|p2a: Toxicroak|51/100|[from] item: Life Orb
|
|-weather|RainDance|[upkeep]
|-heal|p2a: Toxicroak|64/100|[from] ability: Dry Skin
|upkeep
|turn|24
|
|t:|1728661869
|move|p1a: Scizor|Bullet Punch|p2a: Toxicroak
|-damage|p2a: Toxicroak|12/100
|move|p2a: Toxicroak|Drain Punch|p1a: Scizor
|-damage|p1a: Scizor|0 fnt
|-heal|p2a: Toxicroak|30/100|[from] drain|[of] p1a: Scizor
|faint|p1a: Scizor
|-damage|p2a: Toxicroak|21/100|[from] item: Life Orb
|
|-weather|RainDance|[upkeep]
|-heal|p2a: Toxicroak|33/100|[from] ability: Dry Skin
|upkeep
|-message|ryusen696969 forfeited.
|
|win|el janitor
|raw|ryusen696969's rating: 1379 &rarr; <strong>1361</strong><br />(-18 for losing)
|raw|el janitor's rating: 1412 &rarr; <strong>1430</strong><br />(+18 for winning)
|l|‽ryusen696969
|player|p1|
|l|☆el janitor
|player|p2|
|j|☆el janitor
|player|p2|el janitor|265|
