|j|☆DLNineflo
|j|☆joker992
|player|p1|DLNineflo|hilbert-dueldisk|1300
|player|p2|joker992|102|1358
|teamsize|p1|6
|teamsize|p2|6
|gametype|singles
|gen|5
|tier|[Gen 5] OU
|rated|
|clearpoke
|poke|p1|Tyranitar, M|item
|poke|p1|Landorus-Therian, M|item
|poke|p1|Rotom-Wash|item
|poke|p1|Scizor, F|item
|poke|p1|Reuniclus, F|item
|poke|p1|Dragonite, M|item
|poke|p2|Terrakion|item
|poke|p2|Alakazam, M|item
|poke|p2|Tyranitar, F|item
|poke|p2|Landorus-Therian, M|item
|poke|p2|Ferrothorn, M|item
|poke|p2|Latios, M|item
|rule|Species Clause: Limit one of each Pokémon
|rule|OHKO Clause: OHKO moves are banned
|rule|Moody Clause: Moody is banned
|rule|Evasion Moves Clause: Evasion moves are banned
|rule|Endless Battle Clause: Forcing endless battles is banned
|rule|HP Percentage Mod: HP is shown in percentages
|rule|Evasion Abilities Clause: Evasion abilities are banned
|rule|Baton Pass Clause: Limit one Baton Passer, can't pass Spe and other stats simultaneously
|rule|Sleep Clause: Sleep-inducing moves are banned
|rule|Swagger Clause: Swagger is banned
|teampreview
|inactive|Battle timer is ON: inactive players will automatically lose when time's up. (requested by DLNineflo)
|
|start
|switch|p1a: Landorus|Landorus-Therian, M|100/100
|switch|p2a: Landorus|Landorus-Therian, M|100/100
|-ability|p2a: Landorus|Intimidate|boost
|-unboost|p1a: Landorus|atk|1
|-ability|p1a: Landorus|Intimidate|boost
|-unboost|p2a: Landorus|atk|1
|turn|1
|
|move|p2a: Landorus|Hidden Power|p1a: Landorus
|-supereffective|p1a: Landorus
|-crit|p1a: Landorus
|-damage|p1a: Landorus|0 fnt
|faint|p1a: Landorus
|
|upkeep
|
|switch|p1a: Rotom|Rotom-Wash|100/100
|turn|2
|
|switch|p2a: Ferrothorn|Ferrothorn, M|100/100
|move|p1a: Rotom|Hydro Pump|p2a: Ferrothorn
|-resisted|p2a: Ferrothorn
|-damage|p2a: Ferrothorn|84/100
|
|-heal|p2a: Ferrothorn|91/100|[from] item: Leftovers
|upkeep
|turn|3
|
|move|p1a: Rotom|Will-O-Wisp|p2a: Ferrothorn
|-status|p2a: Ferrothorn|brn
|move|p2a: Ferrothorn|Stealth Rock|p1a: Rotom
|-sidestart|p1: DLNineflo|move: Stealth Rock
|
|-heal|p2a: Ferrothorn|97/100 brn|[from] item: Leftovers
|-damage|p2a: Ferrothorn|84/100 brn|[from] brn
|upkeep
|turn|4
|
|move|p1a: Rotom|Volt Switch|p2a: Ferrothorn
|-resisted|p2a: Ferrothorn
|-damage|p2a: Ferrothorn|75/100 brn
|
|switch|p1a: Reuniclus|Reuniclus, F|100/100|[from]move: Volt Switch
|move|p2a: Ferrothorn|Spikes|p1a: Reuniclus
|-sidestart|p1: DLNineflo|Spikes
|
|-heal|p2a: Ferrothorn|81/100 brn|[from] item: Leftovers
|-damage|p2a: Ferrothorn|68/100 brn|[from] brn
|upkeep
|turn|5
|
|switch|p2a: Latios|Latios, M|100/100
|move|p1a: Reuniclus|Trick Room|p1a: Reuniclus
|-fieldstart|move: Trick Room|[of] p1a: Reuniclus
|
|upkeep
|turn|6
|
|switch|p2a: Ferrothorn|Ferrothorn, M|68/100 brn
|move|p1a: Reuniclus|Shadow Ball|p2a: Ferrothorn
|-resisted|p2a: Ferrothorn
|-damage|p2a: Ferrothorn|56/100 brn
|
|-heal|p2a: Ferrothorn|62/100 brn|[from] item: Leftovers
|-damage|p2a: Ferrothorn|49/100 brn|[from] brn
|upkeep
|turn|7
|
|move|p2a: Ferrothorn|Spikes|p1a: Reuniclus
|-sidestart|p1: DLNineflo|Spikes
|move|p1a: Reuniclus|Focus Blast|p2a: Ferrothorn
|-supereffective|p2a: Ferrothorn
|-damage|p2a: Ferrothorn|0 fnt
|faint|p2a: Ferrothorn
|
|upkeep
|
|switch|p2a: Landorus|Landorus-Therian, M|100/100
|-ability|p2a: Landorus|Intimidate|boost
|-unboost|p1a: Reuniclus|atk|1
|turn|8
|
|move|p1a: Reuniclus|Psychic|p2a: Landorus
|-damage|p2a: Landorus|18/100
|move|p2a: Landorus|U-turn|p1a: Reuniclus
|-supereffective|p1a: Reuniclus
|-crit|p1a: Reuniclus
|-damage|p1a: Reuniclus|7/100
|inactive|joker992 has 120 seconds left.
|
|switch|p2a: Tyranitar|Tyranitar, F|100/100|[from]move: U-turn
|-weather|Sandstorm|[from] ability: Sand Stream|[of] p2a: Tyranitar
|
|-weather|Sandstorm|[upkeep]
|upkeep
|turn|9
|inactive|joker992 has 120 seconds left.
|
|switch|p2a: Latios|Latios, M|100/100
|move|p1a: Reuniclus|Focus Blast|p2a: Latios
|-resisted|p2a: Latios
|-damage|p2a: Latios|72/100
|
|-weather|Sandstorm|[upkeep]
|-damage|p2a: Latios|66/100|[from] Sandstorm
|-fieldend|move: Trick Room
|upkeep
|turn|10
|
|switch|p1a: Rotom|Rotom-Wash|100/100
|-damage|p1a: Rotom|88/100|[from] Stealth Rock
|move|p2a: Latios|Surf|p1a: Rotom
|-resisted|p1a: Rotom
|-damage|p1a: Rotom|66/100
|
|-weather|Sandstorm|[upkeep]
|-damage|p2a: Latios|60/100|[from] Sandstorm
|-damage|p1a: Rotom|60/100|[from] Sandstorm
|-heal|p1a: Rotom|66/100|[from] item: Leftovers
|upkeep
|turn|11
|
|switch|p2a: Landorus|Landorus-Therian, M|18/100
|-ability|p2a: Landorus|Intimidate|boost
|-unboost|p1a: Rotom|atk|1
|move|p1a: Rotom|Will-O-Wisp|p2a: Landorus
|-status|p2a: Landorus|brn
|
|-weather|Sandstorm|[upkeep]
|-damage|p1a: Rotom|60/100|[from] Sandstorm
|-heal|p1a: Rotom|66/100|[from] item: Leftovers
|-damage|p2a: Landorus|5/100 brn|[from] brn
|upkeep
|turn|12
|
|move|p2a: Landorus|Stone Edge|p1a: Rotom
|-damage|p1a: Rotom|50/100
|move|p1a: Rotom|Hydro Pump|p2a: Landorus
|-supereffective|p2a: Landorus
|-damage|p2a: Landorus|0 fnt
|faint|p2a: Landorus
|
|-weather|Sandstorm|[upkeep]
|-damage|p1a: Rotom|44/100|[from] Sandstorm
|-heal|p1a: Rotom|50/100|[from] item: Leftovers
|upkeep
|
|switch|p2a: Alakazam|Alakazam, M|100/100
|turn|13
|
|move|p2a: Alakazam|Psychic|p1a: Rotom
|-damage|p1a: Rotom|8/100
|move|p1a: Rotom|Volt Switch|p2a: Alakazam
|-damage|p2a: Alakazam|58/100
|
|switch|p1a: Tyranitar|Tyranitar, M|100/100|[from]move: Volt Switch
|-damage|p1a: Tyranitar|88/100|[from] Stealth Rock
|-damage|p1a: Tyranitar|72/100|[from] Spikes
|
|-weather|Sandstorm|[upkeep]
|upkeep
|turn|14
|
|move|p2a: Alakazam|Focus Blast|p1a: Tyranitar
|-supereffective|p1a: Tyranitar
|-damage|p1a: Tyranitar|0 fnt
|faint|p1a: Tyranitar
|
|-weather|Sandstorm|[upkeep]
|upkeep
|
|switch|p1a: Scizor|Scizor, F|100/100
|-damage|p1a: Scizor|84/100|[from] Spikes
|-damage|p1a: Scizor|72/100|[from] Stealth Rock
|turn|15
|
|move|p2a: Alakazam|Focus Blast|p1a: Scizor
|-damage|p1a: Scizor|8/100
|move|p1a: Scizor|Swords Dance|p1a: Scizor
|-boost|p1a: Scizor|atk|2
|
|-weather|Sandstorm|[upkeep]
|upkeep
|turn|16
|
|move|p1a: Scizor|Bullet Punch|p2a: Alakazam
|-damage|p2a: Alakazam|0 fnt
|faint|p2a: Alakazam
|
|-weather|Sandstorm|[upkeep]
|upkeep
|
|switch|p2a: Tyranitar|Tyranitar, F|100/100
|turn|17
|
|move|p1a: Scizor|Bullet Punch|p2a: Tyranitar
|-supereffective|p2a: Tyranitar
|-damage|p2a: Tyranitar|0 fnt
|faint|p2a: Tyranitar
|
|-weather|Sandstorm|[upkeep]
|upkeep
|-message|joker992 forfeited.
|
|win|DLNineflo
|l|☆joker992
|raw|DLNineflo's rating: 1269 &rarr; <strong>1301</strong><br />(+32 for winning)
|raw|joker992's rating: 1358 &rarr; <strong>1333</strong><br />(-25 for losing)
