|j|☆SattleBimulator
|j|☆BuffMeganiumPlease
|t:|1745439618
|gametype|singles
|player|p1|SattleBimulator|102|1406
|player|p2|BuffMeganiumPlease|101|1304
|teamsize|p1|6
|teamsize|p2|6
|gen|5
|tier|[Gen 5] OU
|rated|
|rule|Species Clause: Limit one of each Pokémon
|rule|OHKO Clause: OHKO moves are banned
|rule|Moody Clause: Moody is banned
|rule|Evasion Items Clause: Evasion items are banned
|rule|Evasion Moves Clause: Evasion moves are banned
|rule|Endless Battle Clause: Forcing endless battles is banned
|rule|HP Percentage Mod: HP is shown in percentages
|rule|Evasion Abilities Clause: Evasion abilities are banned
|rule|Sleep Moves Clause: Sleep-inducing moves are banned
|rule|Swagger Clause: Swagger is banned
|rule|Baton Pass Stat Clause: No Baton Passer may have a way to boost its stats
|clearpoke
|poke|p1|Excadrill, M|item
|poke|p1|Garchomp, F|item
|poke|p1|Tyranitar, F|item
|poke|p1|Scizor, F|item
|poke|p1|Skarmory, F|item
|poke|p1|Gengar, M|item
|poke|p2|Terrakion|item
|poke|p2|Tyranitar, M|item
|poke|p2|Reuniclus, M|item
|poke|p2|Excadrill, M|item
|poke|p2|Rotom-Wash|item
|poke|p2|Celebi|item
|teampreview
|inactive|Battle timer is ON: inactive players will automatically lose when time's up. (requested by SattleBimulator)
|
|t:|1745439631
|start
|switch|p1a: Skarmory|Skarmory, F|100/100
|switch|p2a: Terrakion|Terrakion|100/100
|turn|1
|
|t:|1745439636
|move|p2a: Terrakion|Taunt|p1a: Skarmory
|-start|p1a: Skarmory|move: Taunt
|cant|p1a: Skarmory|move: Taunt|Stealth Rock
|
|upkeep
|turn|2
|
|t:|1745439641
|switch|p1a: Scizor|Scizor, F|100/100
|move|p2a: Terrakion|Stealth Rock|p1a: Scizor
|-sidestart|p1: SattleBimulator|move: Stealth Rock
|
|upkeep
|turn|3
|
|t:|1745439647
|switch|p1a: Skarmory|Skarmory, F|100/100
|-damage|p1a: Skarmory|88/100|[from] Stealth Rock
|move|p2a: Terrakion|Close Combat|p1a: Skarmory
|-damage|p1a: Skarmory|50/100
|-unboost|p2a: Terrakion|def|1
|-unboost|p2a: Terrakion|spd|1
|-damage|p2a: Terrakion|84/100|[from] item: Rocky Helmet|[of] p1a: Skarmory
|
|upkeep
|turn|4
|
|t:|1745439653
|move|p2a: Terrakion|Taunt|p1a: Skarmory
|-start|p1a: Skarmory|move: Taunt
|move|p1a: Skarmory|Brave Bird|p2a: Terrakion
|-damage|p2a: Terrakion|21/100
|-damage|p1a: Skarmory|29/100|[from] Recoil
|
|upkeep
|turn|5
|
|t:|1745439658
|move|p2a: Terrakion|Close Combat|p1a: Skarmory
|-damage|p1a: Skarmory|0 fnt
|-unboost|p2a: Terrakion|def|1
|-unboost|p2a: Terrakion|spd|1
|-damage|p2a: Terrakion|4/100|[from] item: Rocky Helmet|[of] p1a: Skarmory
|faint|p1a: Skarmory
|
|upkeep
|
|t:|1745439663
|switch|p1a: Scizor|Scizor, F|100/100
|-damage|p1a: Scizor|88/100|[from] Stealth Rock
|turn|6
|
|t:|1745439667
|move|p1a: Scizor|Bullet Punch|p2a: Terrakion
|-supereffective|p2a: Terrakion
|-crit|p2a: Terrakion
|-damage|p2a: Terrakion|0 fnt
|faint|p2a: Terrakion
|-damage|p1a: Scizor|78/100|[from] item: Life Orb
|
|upkeep
|
|t:|1745439672
|switch|p2a: Rotom|Rotom-Wash|100/100
|turn|7
|
|t:|1745439675
|move|p1a: Scizor|Superpower|p2a: Rotom
|-damage|p2a: Rotom|55/100
|-unboost|p1a: Scizor|atk|1
|-unboost|p1a: Scizor|def|1
|-damage|p1a: Scizor|68/100|[from] item: Life Orb
|move|p2a: Rotom|Will-O-Wisp|p1a: Scizor
|-status|p1a: Scizor|brn
|
|-heal|p2a: Rotom|61/100|[from] item: Leftovers
|-damage|p1a: Scizor|56/100 brn|[from] brn
|upkeep
|turn|8
|
|t:|1745439684
|switch|p1a: Excadrill|Excadrill, M|100/100
|-damage|p1a: Excadrill|97/100|[from] Stealth Rock
|-ability|p1a: Excadrill|Mold Breaker
|-item|p1a: Excadrill|Air Balloon
|move|p2a: Rotom|Volt Switch|p1a: Excadrill
|-immune|p1a: Excadrill
|
|-heal|p2a: Rotom|67/100|[from] item: Leftovers
|upkeep
|turn|9
|
|t:|1745439691
|switch|p2a: Celebi|Celebi|100/100
|move|p1a: Excadrill|Earthquake|p2a: Celebi
|-resisted|p2a: Celebi
|-damage|p2a: Celebi|79/100
|
|-heal|p2a: Celebi|86/100|[from] item: Leftovers
|upkeep
|turn|10
|
|t:|1745439697
|move|p1a: Excadrill|Rapid Spin|p2a: Celebi
|-damage|p2a: Celebi|80/100
|-sideend|p1: SattleBimulator|Stealth Rock|[from] move: Rapid Spin|[of] p1a: Excadrill
|move|p2a: Celebi|Giga Drain|p1a: Excadrill
|-damage|p1a: Excadrill|61/100
|-heal|p2a: Celebi|96/100|[from] drain|[of] p1a: Excadrill
|-enditem|p1a: Excadrill|Air Balloon
|
|-heal|p2a: Celebi|100/100|[from] item: Leftovers
|upkeep
|turn|11
|
|t:|1745439707
|move|p1a: Excadrill|Iron Head|p2a: Celebi
|-damage|p2a: Celebi|66/100
|move|p2a: Celebi|Giga Drain|p1a: Excadrill
|-crit|p1a: Excadrill
|-damage|p1a: Excadrill|0 fnt
|-heal|p2a: Celebi|93/100|[from] drain|[of] p1a: Excadrill
|faint|p1a: Excadrill
|
|-heal|p2a: Celebi|99/100|[from] item: Leftovers
|upkeep
|
|t:|1745439716
|switch|p1a: Tyranitar|Tyranitar, F|100/100
|-weather|Sandstorm|[from] ability: Sand Stream|[of] p1a: Tyranitar
|turn|12
|
|t:|1745439721
|move|p2a: Celebi|Baton Pass|p2a: Celebi
|
|t:|1745439723
|switch|p2a: Excadrill|Excadrill, M|100/100|[from] Baton Pass
|-ability|p2a: Excadrill|Mold Breaker
|move|p1a: Tyranitar|Thunder Wave|p2a: Excadrill
|-immune|p2a: Excadrill
|
|-weather|Sandstorm|[upkeep]
|upkeep
|turn|13
|
|t:|1745439731
|switch|p1a: Scizor|Scizor, F|56/100 brn
|move|p2a: Excadrill|Earthquake|p1a: Scizor
|-damage|p1a: Scizor|0 fnt
|faint|p1a: Scizor
|
|-weather|Sandstorm|[upkeep]
|upkeep
|
|t:|1745439734
|switch|p1a: Garchomp|Garchomp, F|100/100
|turn|14
|
|t:|1745439739
|switch|p2a: Rotom|Rotom-Wash|67/100
|move|p1a: Garchomp|Earthquake|p2a: Rotom
|-immune|p2a: Rotom|[from] ability: Levitate
|
|-weather|Sandstorm|[upkeep]
|-damage|p2a: Rotom|61/100|[from] Sandstorm
|-heal|p2a: Rotom|67/100|[from] item: Leftovers
|upkeep
|turn|15
|
|t:|1745439742
|switch|p1a: Tyranitar|Tyranitar, F|100/100
|move|p2a: Rotom|Will-O-Wisp|p1a: Tyranitar|[miss]
|-miss|p2a: Rotom|p1a: Tyranitar
|
|-weather|Sandstorm|[upkeep]
|-damage|p2a: Rotom|61/100|[from] Sandstorm
|-heal|p2a: Rotom|67/100|[from] item: Leftovers
|upkeep
|turn|16
|
|t:|1745439748
|move|p2a: Rotom|Will-O-Wisp|p1a: Tyranitar
|-status|p1a: Tyranitar|brn
|move|p1a: Tyranitar|Pursuit|p2a: Rotom
|-damage|p2a: Rotom|57/100
|
|-weather|Sandstorm|[upkeep]
|-damage|p2a: Rotom|51/100|[from] Sandstorm
|-heal|p2a: Rotom|57/100|[from] item: Leftovers
|-damage|p1a: Tyranitar|88/100 brn|[from] brn
|upkeep
|turn|17
|
|t:|1745439751
|move|p2a: Rotom|Hydro Pump|p1a: Tyranitar
|-supereffective|p1a: Tyranitar
|-damage|p1a: Tyranitar|39/100 brn
|move|p1a: Tyranitar|Thunder Wave|p2a: Rotom
|-status|p2a: Rotom|par
|
|-weather|Sandstorm|[upkeep]
|-damage|p2a: Rotom|51/100 par|[from] Sandstorm
|-heal|p2a: Rotom|57/100 par|[from] item: Leftovers
|-damage|p1a: Tyranitar|27/100 brn|[from] brn
|upkeep
|turn|18
|
|t:|1745439756
|move|p1a: Tyranitar|Rock Slide|p2a: Rotom
|-damage|p2a: Rotom|38/100 par
|cant|p2a: Rotom|par
|
|-weather|Sandstorm|[upkeep]
|-damage|p2a: Rotom|32/100 par|[from] Sandstorm
|-heal|p2a: Rotom|38/100 par|[from] item: Leftovers
|-damage|p1a: Tyranitar|14/100 brn|[from] brn
|upkeep
|turn|19
|
|t:|1745439765
|move|p1a: Tyranitar|Rock Slide|p2a: Rotom
|-damage|p2a: Rotom|21/100 par
|move|p2a: Rotom|Pain Split|p1a: Tyranitar
|-sethp|p1a: Tyranitar|15/100 brn|[from] move: Pain Split|[silent]
|-sethp|p2a: Rotom|20/100 par|[from] move: Pain Split
|
|-weather|Sandstorm|[upkeep]
|-damage|p2a: Rotom|14/100 par|[from] Sandstorm
|-heal|p2a: Rotom|20/100 par|[from] item: Leftovers
|-damage|p1a: Tyranitar|3/100 brn|[from] brn
|upkeep
|turn|20
|
|t:|1745439769
|switch|p2a: Excadrill|Excadrill, M|100/100
|-ability|p2a: Excadrill|Mold Breaker
|move|p1a: Tyranitar|Rock Slide|p2a: Excadrill
|-resisted|p2a: Excadrill
|-damage|p2a: Excadrill|93/100
|
|-weather|Sandstorm|[upkeep]
|-damage|p1a: Tyranitar|0 fnt|[from] brn
|faint|p1a: Tyranitar
|upkeep
|
|t:|1745439772
|switch|p1a: Garchomp|Garchomp, F|100/100
|turn|21
|
|t:|1745439775
|move|p1a: Garchomp|Earthquake|p2a: Excadrill
|-supereffective|p2a: Excadrill
|-damage|p2a: Excadrill|0 fnt
|faint|p2a: Excadrill
|
|-weather|Sandstorm|[upkeep]
|upkeep
|
|t:|1745439778
|switch|p2a: Celebi|Celebi|99/100
|turn|22
|
|t:|1745439781
|switch|p1a: Gengar|Gengar, M|100/100
|move|p2a: Celebi|Psychic|p1a: Gengar
|-supereffective|p1a: Gengar
|-damage|p1a: Gengar|0 fnt
|faint|p1a: Gengar
|
|-weather|Sandstorm|[upkeep]
|-damage|p2a: Celebi|93/100|[from] Sandstorm
|-heal|p2a: Celebi|99/100|[from] item: Leftovers
|upkeep
|
|t:|1745439784
|switch|p1a: Garchomp|Garchomp, F|100/100
|turn|23
|
|t:|1745439786
|move|p1a: Garchomp|Outrage|p2a: Celebi
|-damage|p2a: Celebi|45/100
|move|p2a: Celebi|Giga Drain|p1a: Garchomp
|-damage|p1a: Garchomp|69/100
|-heal|p2a: Celebi|59/100|[from] drain|[of] p1a: Garchomp
|
|-weather|Sandstorm|[upkeep]
|-damage|p2a: Celebi|52/100|[from] Sandstorm
|-heal|p2a: Celebi|59/100|[from] item: Leftovers
|upkeep
|turn|24
|
|t:|1745439792
|move|p1a: Garchomp|Outrage|p2a: Celebi|[from] lockedmove
|-damage|p2a: Celebi|2/100
|-start|p1a: Garchomp|confusion|[fatigue]
|move|p2a: Celebi|Recover|p2a: Celebi
|-heal|p2a: Celebi|52/100
|
|-weather|Sandstorm|[upkeep]
|-damage|p2a: Celebi|46/100|[from] Sandstorm
|-heal|p2a: Celebi|52/100|[from] item: Leftovers
|upkeep
|turn|25
|
|t:|1745439799
|-activate|p1a: Garchomp|confusion
|move|p1a: Garchomp|Outrage|p2a: Celebi
|-damage|p2a: Celebi|0 fnt
|faint|p2a: Celebi
|
|-weather|Sandstorm|[upkeep]
|upkeep
|
|t:|1745439802
|switch|p2a: Tyranitar|Tyranitar, M|100/100
|turn|26
|
|t:|1745439804
|-activate|p1a: Garchomp|confusion
|-damage|p1a: Garchomp|55/100|[from] confusion
|move|p2a: Tyranitar|Ice Punch|p1a: Garchomp
|-supereffective|p1a: Garchomp
|-damage|p1a: Garchomp|0 fnt
|-damage|p2a: Tyranitar|88/100|[from] ability: Rough Skin|[of] p1a: Garchomp
|faint|p1a: Garchomp
|
|win|BuffMeganiumPlease
|raw|SattleBimulator's rating: 1406 &rarr; <strong>1380</strong><br />(-26 for losing)
|raw|BuffMeganiumPlease's rating: 1304 &rarr; <strong>1330</strong><br />(+26 for winning)
|c|☆BuffMeganiumPlease|gg
|l|☆SattleBimulator
|player|p1|
