|join|professorcaralho
|join|Ryan O'Connor
|player|p1|professorcaralho|1
|player|p2|Ryan O'Connor|289
|gametype|singles
|gen|5
|tier|[Gen 5] OU
|rated
|rule|Evasion Abilities Clause: Evasion abilities are banned
|clearpoke
|poke|p1|Politoed, M
|poke|p1|Latios, M
|poke|p1|Rotom-Wash
|poke|p1|Breloom, F
|poke|p1|Jirachi
|poke|p1|Scizor, F
|poke|p2|Garchomp, M
|poke|p2|Terrakion
|poke|p2|Alakazam, M
|poke|p2|Latias, F
|poke|p2|Landorus-Therian, M
|poke|p2|Jirachi
|rule|Sleep Clause Mod: Limit one foe put to sleep
|rule|Species Clause: Limit one of each Pokémon
|rule|OHKO Clause: OHKO moves are banned
|rule|Moody Clause: Moody is banned
|rule|Evasion Moves Clause: Evasion moves are banned
|rule|Endless Battle Clause: Forcing endless battles is banned
|rule|HP Percentage Mod: HP is reported as percentages
|teampreview
|
|start
|switch|p1a: Politoed|Politoed, M|384/384
|switch|p2a: Garchomp|Garchomp, M|371/371
|-weather|RainDance|[from] ability: Drizzle|[of] p1a: Politoed
|turn|1
|
|move|p2a: Garchomp|Swords Dance|p2a: Garchomp
|-boost|p2a: Garchomp|atk|2
|move|p1a: Politoed|Ice Beam|p2a: Garchomp
|-supereffective|p2a: Garchomp
|-enditem|p2a: Garchomp|Focus Sash
|-damage|p2a: Garchomp|1/371
|
|-weather|RainDance|[upkeep]
|turn|2
|
|switch|p1a: Rotom-Wash|Rotom-Wash|303/303
|move|p2a: Garchomp|Outrage|p1a: Rotom-Wash
|-damage|p1a: Rotom-Wash|0 fnt
|faint|p1a: Rotom-Wash
|
|-weather|RainDance|[upkeep]
|
|switch|p1a: Latios|Latios, M|302/302
|turn|3
|
|move|p1a: Latios|Surf|p2a: Garchomp
|-damage|p2a: Garchomp|0 fnt
|faint|p2a: Garchomp
|
|-weather|RainDance|[upkeep]
|
|switch|p2a: Latias|Latias, F|353/353
|turn|4
|
|switch|p1a: Scizor|Scizor, F|282/282
|switch|p2a: Landorus-Therian|Landorus-Therian, M|381/381
|-ability|p2a: Landorus-Therian|Intimidate|[of] p1a: Scizor
|-unboost|p1a: Scizor|atk|1
|
|-weather|RainDance|[upkeep]
|turn|5
|
|switch|p1a: Politoed|Politoed, M|384/384
|move|p2a: Landorus-Therian|Earthquake|p1a: Politoed
|-damage|p1a: Politoed|174/384
|
|-weather|RainDance|[upkeep]
|turn|6
|
|move|p2a: Landorus-Therian|Earthquake|p1a: Politoed
|-damage|p1a: Politoed|0 fnt
|faint|p1a: Politoed
|
|-weather|RainDance|[upkeep]
|
|switch|p1a: Breloom|Breloom, F|261/261
|turn|7
|
|move|p2a: Landorus-Therian|Earthquake|p1a: Breloom
|-resisted|p1a: Breloom
|-damage|p1a: Breloom|160/261
|move|p1a: Breloom|Spore|p2a: Landorus-Therian
|-status|p2a: Landorus-Therian|slp
|
|-weather|RainDance|[upkeep]
|-status|p1a: Breloom|tox|[from] item: Toxic Orb
|turn|8
|
|-singleturn|p1a: Breloom|move: Focus Punch
|cant|p2a: Landorus-Therian|slp
|move|p1a: Breloom|Focus Punch|p2a: Landorus-Therian
|-crit|p2a: Landorus-Therian
|-resisted|p2a: Landorus-Therian
|-damage|p2a: Landorus-Therian|121/381 slp
|
|-weather|RainDance|[upkeep]
|-heal|p2a: Landorus-Therian|144/381 slp|[from] item: Leftovers
|-heal|p1a: Breloom|192/261 tox|[from] ability: Poison Heal
|turn|9
|
|-singleturn|p1a: Breloom|move: Focus Punch
|cant|p2a: Landorus-Therian|slp
|move|p1a: Breloom|Focus Punch|p2a: Landorus-Therian
|-resisted|p2a: Landorus-Therian
|-damage|p2a: Landorus-Therian|10/381 slp
|
|-weather|RainDance|[upkeep]
|-heal|p2a: Landorus-Therian|33/381 slp|[from] item: Leftovers
|-heal|p1a: Breloom|224/261 tox|[from] ability: Poison Heal
|turn|10
|
|cant|p2a: Landorus-Therian|slp
|move|p1a: Breloom|Bullet Seed|p2a: Landorus-Therian
|-damage|p2a: Landorus-Therian|0 fnt
|-hitcount|p2a: Landorus-Therian|1
|faint|p2a: Landorus-Therian
|
|-weather|RainDance|[upkeep]
|-heal|p1a: Breloom|256/261 tox|[from] ability: Poison Heal
|
|switch|p2a: Terrakion|Terrakion|339/339
|turn|11
|
|move|p2a: Terrakion|Close Combat|p1a: Breloom
|-damage|p1a: Breloom|0 fnt
|-unboost|p2a: Terrakion|def|1
|-unboost|p2a: Terrakion|spd|1
|faint|p1a: Breloom
|
|-weather|RainDance|[upkeep]
|
|switch|p1a: Scizor|Scizor, F|282/282
|turn|12
|
|switch|p2a: Jirachi|Jirachi|351/351
|move|p1a: Scizor|Bullet Punch|p2a: Jirachi
|-resisted|p2a: Jirachi
|-damage|p2a: Jirachi|274/351
|-damage|p1a: Scizor|254/282|[from] item: Life Orb
|
|-weather|RainDance|[upkeep]
|turn|13
|
|move|p2a: Jirachi|Fire Punch|p1a: Scizor
|-supereffective|p1a: Scizor
|-damage|p1a: Scizor|98/282
|-status|p1a: Scizor|brn
|move|p1a: Scizor|Superpower|p2a: Jirachi
|-damage|p2a: Jirachi|179/351
|-unboost|p1a: Scizor|atk|1
|-unboost|p1a: Scizor|def|1
|-damage|p1a: Scizor|70/282 brn|[from] item: Life Orb
|
|-weather|RainDance|[upkeep]
|-damage|p1a: Scizor|35/282 brn|[from] brn
|turn|14
|
|move|p1a: Scizor|Bullet Punch|p2a: Jirachi
|-resisted|p2a: Jirachi
|-damage|p2a: Jirachi|154/351
|-damage|p1a: Scizor|7/282 brn|[from] item: Life Orb
|move|p2a: Jirachi|Fire Punch|p1a: Scizor
|-supereffective|p1a: Scizor
|-damage|p1a: Scizor|0 fnt
|faint|p1a: Scizor
|
|-weather|RainDance|[upkeep]
|
|switch|p1a: Latios|Latios, M|302/302
|turn|15
|
|switch|p2a: Latias|Latias, F|353/353
|move|p1a: Latios|Surf|p2a: Latias
|-resisted|p2a: Latias
|-damage|p2a: Latias|276/353
|
|-weather|RainDance|[upkeep]
|-heal|p2a: Latias|298/353|[from] item: Leftovers
|turn|16
|
|switch|p1a: Jirachi|Jirachi|341/341
|switch|p2a: Terrakion|Terrakion|339/339
|
|-weather|RainDance|[upkeep]
|turn|17
|
|move|p1a: Jirachi|Iron Head|p2a: Terrakion
|-supereffective|p2a: Terrakion
|-damage|p2a: Terrakion|43/339
|cant|p2a: Terrakion|flinch
|
|-weather|RainDance|[upkeep]
|turn|18
|
|switch|p2a: Jirachi|Jirachi|154/351
|move|p1a: Jirachi|Iron Head|p2a: Jirachi
|-resisted|p2a: Jirachi
|-damage|p2a: Jirachi|86/351
|
|-weather|RainDance|[upkeep]
|turn|19
|
|move|p1a: Jirachi|Iron Head|p2a: Jirachi
|-resisted|p2a: Jirachi
|-damage|p2a: Jirachi|20/351
|move|p2a: Jirachi|Healing Wish|p2a: Jirachi
|faint|p2a: Jirachi
|
|-weather|RainDance|[upkeep]
|
|switch|p2a: Terrakion|Terrakion|43/339
|-heal|p2a: Terrakion|339/339|[from] move: Healing Wish
|turn|20
|
|move|p1a: Jirachi|Iron Head|p2a: Terrakion
|-supereffective|p2a: Terrakion
|-damage|p2a: Terrakion|57/339
|cant|p2a: Terrakion|flinch
|
|-weather|RainDance|[upkeep]
|turn|21
|
|move|p1a: Jirachi|Iron Head|p2a: Terrakion
|-supereffective|p2a: Terrakion
|-damage|p2a: Terrakion|0 fnt
|faint|p2a: Terrakion
|
|-weather|RainDance|[upkeep]
|
|switch|p2a: Alakazam|Alakazam, M|252/252
|turn|22
|
|move|p1a: Jirachi|Iron Head|p2a: Alakazam
|-damage|p2a: Alakazam|21/252
|move|p2a: Alakazam|Shadow Ball|p1a: Jirachi
|-damage|p1a: Jirachi|237/341
|
|-weather|RainDance|[upkeep]
|turn|23
|
|move|p1a: Jirachi|Iron Head|p2a: Alakazam
|-damage|p2a: Alakazam|0 fnt
|faint|p2a: Alakazam
|
|-weather|RainDance|[upkeep]
|
|switch|p2a: Latias|Latias, F|298/353
|turn|24
|
|move|p1a: Jirachi|Iron Head|p2a: Latias
|-damage|p2a: Latias|156/353
|cant|p2a: Latias|flinch
|
|-weather|RainDance|[upkeep]
|-heal|p2a: Latias|178/353|[from] item: Leftovers
|turn|25
|
|move|p1a: Jirachi|Iron Head|p2a: Latias
|-damage|p2a: Latias|28/353
|cant|p2a: Latias|flinch
|
|-weather|RainDance|[upkeep]
|-heal|p2a: Latias|50/353|[from] item: Leftovers
|turn|26
|
|move|p1a: Jirachi|Iron Head|p2a: Latias
|-damage|p2a: Latias|0 fnt
|faint|p2a: Latias
|
|win|professorcaralho
|raw|Ladder updating...
|raw|professorcaralho's rating: 1358 &rarr; <strong>1379</strong><br />(+21 for winning)
|raw|Ryan O&apos;Connor's rating: 1388 &rarr; <strong>1366</strong><br />(-22 for losing)