|j|☆bad big bratt
|j|☆Fouge
|player|p1|bad big bratt|171
|player|p2|Fouge|265
|teamsize|p1|6
|teamsize|p2|6
|gametype|singles
|gen|5
|tier|[Gen 5] OU
|rated|
|rule|Sleep Clause Mod: Limit one foe put to sleep
|rule|Species Clause: Limit one of each Pokémon
|rule|OHKO Clause: OHKO moves are banned
|rule|Moody Clause: Moody is banned
|rule|Evasion Moves Clause: Evasion moves are banned
|rule|Endless Battle Clause: Forcing endless battles is banned
|rule|HP Percentage Mod: HP is shown in percentages
|rule|Evasion Abilities Clause: Evasion abilities are banned
|rule|Baton Pass Clause: Limit one Baton Passer, can't pass Spe and other stats simultaneously
|rule|Swagger Clause: Swagger is banned
|clearpoke
|poke|p1|Amoonguss, M|item
|poke|p1|Landorus-Therian, M|item
|poke|p1|Terrakion|item
|poke|p1|Rotom-Wash|item
|poke|p1|Scizor, F|item
|poke|p1|Tyranitar, F|item
|poke|p2|Tyranitar, M|item
|poke|p2|Excadrill, M|item
|poke|p2|Breloom, M|item
|poke|p2|Rotom-Wash|item
|poke|p2|Landorus-Therian, M|item
|poke|p2|Latios, M|item
|teampreview
|inactive|Battle timer is ON: inactive players will automatically lose when time's up. (requested by bad big bratt)
|
|start
|switch|p1a: Clouted Up|Landorus-Therian, M|100/100
|switch|p2a: Breloom|Breloom, M|100/100
|-ability|p1a: Clouted Up|Intimidate|boost
|-unboost|p2a: Breloom|atk|1
|turn|1
|
|move|p1a: Clouted Up|U-turn|p2a: Breloom
|-damage|p2a: Breloom|56/100
|
|switch|p1a: Goodnight|Amoonguss, M|100/100
|move|p2a: Breloom|Spore|p1a: Goodnight
|-status|p1a: Goodnight|slp
|
|upkeep
|turn|2
|
|switch|p2a: Tyranitar|Tyranitar, M|100/100
|-weather|Sandstorm|[from] ability: Sand Stream|[of] p2a: Tyranitar
|switch|p1a: Clouted Up|Landorus-Therian, M|100/100
|-ability|p1a: Clouted Up|Intimidate|boost
|-unboost|p2a: Tyranitar|atk|1
|
|-weather|Sandstorm|[upkeep]
|upkeep
|turn|3
|
|switch|p2a: Rotom|Rotom-Wash|100/100
|move|p1a: Clouted Up|U-turn|p2a: Rotom
|-damage|p2a: Rotom|71/100
|
|switch|p1a: Boss like Hugo|Terrakion|100/100
|
|-weather|Sandstorm|[upkeep]
|-damage|p2a: Rotom|65/100|[from] Sandstorm
|-heal|p2a: Rotom|71/100|[from] item: Leftovers
|upkeep
|turn|4
|
|move|p1a: Boss like Hugo|Close Combat|p2a: Rotom
|-damage|p2a: Rotom|0 fnt
|-unboost|p1a: Boss like Hugo|def|1
|-unboost|p1a: Boss like Hugo|spd|1
|faint|p2a: Rotom
|
|-weather|Sandstorm|[upkeep]
|upkeep
|
|switch|p2a: Landorus|Landorus-Therian, M|100/100
|-ability|p2a: Landorus|Intimidate|boost
|-unboost|p1a: Boss like Hugo|atk|1
|turn|5
|
|switch|p1a: Clouted Up|Landorus-Therian, M|100/100
|-ability|p1a: Clouted Up|Intimidate|boost
|-unboost|p2a: Landorus|atk|1
|move|p2a: Landorus|Gravity|p2a: Landorus
|-fieldstart|move: Gravity
|
|-weather|Sandstorm|[upkeep]
|upkeep
|turn|6
|
|move|p1a: Clouted Up|Hidden Power|p2a: Landorus
|-supereffective|p2a: Landorus
|-damage|p2a: Landorus|13/100
|move|p2a: Landorus|Hidden Power|p1a: Clouted Up
|-supereffective|p1a: Clouted Up
|-damage|p1a: Clouted Up|20/100
|
|-weather|Sandstorm|[upkeep]
|upkeep
|turn|7
|
|switch|p2a: Tyranitar|Tyranitar, M|100/100
|move|p1a: Clouted Up|Hidden Power|p2a: Tyranitar
|-damage|p2a: Tyranitar|92/100
|
|-weather|Sandstorm|[upkeep]
|upkeep
|turn|8
|
|switch|p1a: Boss like Hugo|Terrakion|100/100
|move|p2a: Tyranitar|Stealth Rock|p1a: Boss like Hugo
|-sidestart|p1: bad big bratt|move: Stealth Rock
|
|-weather|Sandstorm|[upkeep]
|upkeep
|turn|9
|
|move|p1a: Boss like Hugo|Close Combat|p2a: Tyranitar
|-supereffective|p2a: Tyranitar
|-enditem|p2a: Tyranitar|Chople Berry|[eat]
|-enditem|p2a: Tyranitar|Chople Berry|[weaken]
|-damage|p2a: Tyranitar|0 fnt
|-unboost|p1a: Boss like Hugo|def|1
|-unboost|p1a: Boss like Hugo|spd|1
|faint|p2a: Tyranitar
|
|-weather|Sandstorm|[upkeep]
|-fieldend|move: Gravity
|upkeep
|
|switch|p2a: Breloom|Breloom, M|56/100
|turn|10
|
|move|p1a: Boss like Hugo|Close Combat|p2a: Breloom
|-damage|p2a: Breloom|0 fnt
|-unboost|p1a: Boss like Hugo|def|1
|-unboost|p1a: Boss like Hugo|spd|1
|faint|p2a: Breloom
|
|-weather|Sandstorm|[upkeep]
|upkeep
|
|switch|p2a: Excadrill|Excadrill, M|100/100
|turn|11
|
|switch|p1a: Washed Up|Rotom-Wash|100/100
|-damage|p1a: Washed Up|88/100|[from] Stealth Rock
|move|p2a: Excadrill|Iron Head|p1a: Washed Up
|-resisted|p1a: Washed Up
|-damage|p1a: Washed Up|75/100
|
|-weather|Sandstorm|[upkeep]
|-damage|p1a: Washed Up|69/100|[from] Sandstorm
|-heal|p1a: Washed Up|75/100|[from] item: Leftovers
|upkeep
|turn|12
|
|move|p2a: Excadrill|Iron Head|p1a: Washed Up
|-resisted|p1a: Washed Up
|-damage|p1a: Washed Up|62/100
|move|p1a: Washed Up|Will-O-Wisp|p2a: Excadrill
|-status|p2a: Excadrill|brn
|
|-weather|Sandstorm|[upkeep]
|-damage|p1a: Washed Up|56/100|[from] Sandstorm
|-heal|p1a: Washed Up|62/100|[from] item: Leftovers
|-damage|p2a: Excadrill|88/100 brn|[from] brn
|upkeep
|turn|13
|-message|Fouge forfeited.
|
|win|bad big bratt
|l|☆Fouge
|raw|bad big bratt's rating: 1441 &rarr; <strong>1458</strong><br />(+17 for winning)
|raw|Fouge's rating: 1390 &rarr; <strong>1373</strong><br />(-17 for losing)
