|j|☆Uhbnm
|j|☆Yokao893
|t:|1709510656
|gametype|singles
|player|p1|Uhbnm|169|1362
|player|p2|Yokao893|hilbert|1343
|teamsize|p1|6
|teamsize|p2|6
|gen|5
|tier|[Gen 5] OU
|rated|
|rule|Species Clause: Limit one of each Pokémon
|rule|OHKO Clause: OHKO moves are banned
|rule|Moody Clause: Moody is banned
|rule|Evasion Items Clause: Evasion items are banned
|rule|Evasion Moves Clause: Evasion moves are banned
|rule|Endless Battle Clause: Forcing endless battles is banned
|rule|HP Percentage Mod: HP is shown in percentages
|rule|Evasion Abilities Clause: Evasion abilities are banned
|rule|Sleep Moves Clause: Sleep-inducing moves are banned
|rule|Swagger Clause: Swagger is banned
|rule|Baton Pass Stat Clause: No Baton Passer may have a way to boost its stats
|clearpoke
|poke|p1|Hippowdon, F|item
|poke|p1|Terrakion|item
|poke|p1|Garchomp, F|item
|poke|p1|Mamoswine, F|item
|poke|p1|Landorus-Therian, M|item
|poke|p1|Alakazam, M|item
|poke|p2|Ninetales, F|item
|poke|p2|Xatu, M|item
|poke|p2|Darmanitan, M|item
|poke|p2|Victini|item
|poke|p2|Heatran, M|item
|poke|p2|Latios, M|item
|teampreview
|inactive|Battle timer is ON: inactive players will automatically lose when time's up. (requested by Yokao893)
|
|t:|1709510682
|start
|switch|p1a: Landorus|Landorus-Therian, M|100/100
|switch|p2a: Haru Onna|Ninetales, F|100/100
|-weather|SunnyDay|[from] ability: Drought|[of] p2a: Haru Onna
|-ability|p1a: Landorus|Intimidate|boost
|-unboost|p2a: Haru Onna|atk|1
|turn|1
|
|t:|1709510692
|switch|p2a: Horus|Xatu, M|100/100
|move|p1a: Landorus|U-turn|p2a: Horus
|-damage|p2a: Horus|80/100
|-damage|p1a: Landorus|84/100|[from] item: Rocky Helmet|[of] p2a: Horus
|
|t:|1709510711
|switch|p1a: Garchomp|Garchomp, F|100/100|[from] U-turn
|
|-weather|SunnyDay|[upkeep]
|upkeep
|turn|2
|
|t:|1709510715
|move|p1a: Garchomp|Dragon Claw|p2a: Horus
|-damage|p2a: Horus|41/100
|-damage|p1a: Garchomp|84/100|[from] item: Rocky Helmet|[of] p2a: Horus
|move|p2a: Horus|Reflect|p2a: Horus
|-sidestart|p2: Yokao893|Reflect
|
|-weather|SunnyDay|[upkeep]
|upkeep
|turn|3
|
|t:|1709510722
|move|p1a: Garchomp|Swords Dance|p1a: Garchomp
|-boost|p1a: Garchomp|atk|2
|move|p2a: Horus|Roost|p2a: Horus
|-heal|p2a: Horus|91/100
|-singleturn|p2a: Horus|move: Roost
|
|-weather|SunnyDay|[upkeep]
|upkeep
|turn|4
|
|t:|1709510724
|move|p1a: Garchomp|Dragon Claw|p2a: Horus
|-damage|p2a: Horus|47/100
|-damage|p1a: Garchomp|67/100|[from] item: Rocky Helmet|[of] p2a: Horus
|move|p2a: Horus|U-turn|p1a: Garchomp
|-damage|p1a: Garchomp|55/100
|-damage|p2a: Horus|34/100|[from] ability: Rough Skin|[of] p1a: Garchomp
|-damage|p2a: Horus|18/100|[from] item: Rocky Helmet|[of] p1a: Garchomp
|
|t:|1709510728
|switch|p2a: Aerosmith|Latios, M|100/100|[from] U-turn
|
|-weather|SunnyDay|[upkeep]
|upkeep
|turn|5
|
|t:|1709510740
|switch|p1a: Hippowdon|Hippowdon, F|100/100
|-weather|Sandstorm|[from] ability: Sand Stream|[of] p1a: Hippowdon
|move|p2a: Aerosmith|Draco Meteor|p1a: Hippowdon
|-damage|p1a: Hippowdon|25/100
|-unboost|p2a: Aerosmith|spa|2
|
|-weather|Sandstorm|[upkeep]
|-damage|p2a: Aerosmith|95/100|[from] Sandstorm
|-heal|p1a: Hippowdon|31/100|[from] item: Leftovers
|upkeep
|turn|6
|
|t:|1709510758
|switch|p1a: Mamoswine|Mamoswine, F|100/100
|move|p2a: Aerosmith|Draco Meteor|p1a: Mamoswine
|-damage|p1a: Mamoswine|30/100
|-unboost|p2a: Aerosmith|spa|2
|-enditem|p1a: Mamoswine|Iapapa Berry|[eat]
|-heal|p1a: Mamoswine|42/100|[from] item: Iapapa Berry
|
|-weather|Sandstorm|[upkeep]
|-damage|p2a: Aerosmith|89/100|[from] Sandstorm
|-sideend|p2: Yokao893|Reflect
|upkeep
|turn|7
|
|t:|1709510771
|switch|p2a: Horus|Xatu, M|18/100
|move|p1a: Mamoswine|Icicle Crash|p2a: Horus|[miss]
|-miss|p1a: Mamoswine|p2a: Horus
|
|-weather|Sandstorm|[upkeep]
|-damage|p2a: Horus|12/100|[from] Sandstorm
|upkeep
|turn|8
|
|t:|1709510775
|move|p1a: Mamoswine|Ice Shard|p2a: Horus
|-supereffective|p2a: Horus
|-damage|p2a: Horus|0 fnt
|faint|p2a: Horus
|
|-weather|Sandstorm|[upkeep]
|upkeep
|
|t:|1709510783
|switch|p2a: Lucky 7|Victini|100/100
|turn|9
|
|t:|1709510791
|switch|p1a: Terrakion|Terrakion|100/100
|move|p2a: Lucky 7|V-create|p1a: Terrakion
|-resisted|p1a: Terrakion
|-crit|p1a: Terrakion
|-damage|p1a: Terrakion|9/100
|-unboost|p2a: Lucky 7|spe|1
|-unboost|p2a: Lucky 7|def|1
|-unboost|p2a: Lucky 7|spd|1
|
|-weather|Sandstorm|[upkeep]
|-damage|p2a: Lucky 7|94/100|[from] Sandstorm
|upkeep
|turn|10
|
|t:|1709510801
|switch|p2a: Aerosmith|Latios, M|89/100
|move|p1a: Terrakion|Rock Polish|p1a: Terrakion
|-boost|p1a: Terrakion|spe|2
|
|-weather|Sandstorm|[upkeep]
|-damage|p2a: Aerosmith|83/100|[from] Sandstorm
|upkeep
|turn|11
|
|t:|1709510804
|move|p1a: Terrakion|Stone Edge|p2a: Aerosmith
|-damage|p2a: Aerosmith|0 fnt
|faint|p2a: Aerosmith
|-damage|p1a: Terrakion|0 fnt|[from] item: Life Orb
|faint|p1a: Terrakion
|
|-weather|Sandstorm|[upkeep]
|upkeep
|
|t:|1709510813
|switch|p2a: Haru Onna|Ninetales, F|100/100
|switch|p1a: Garchomp|Garchomp, F|55/100
|-weather|SunnyDay|[from] ability: Drought|[of] p2a: Haru Onna
|turn|12
|
|t:|1709510815
|move|p1a: Garchomp|Earthquake|p2a: Haru Onna
|-supereffective|p2a: Haru Onna
|-damage|p2a: Haru Onna|0 fnt
|faint|p2a: Haru Onna
|
|-weather|SunnyDay|[upkeep]
|upkeep
|
|t:|1709510820
|switch|p2a: H.O.A.B.|Heatran, M|100/100
|-item|p2a: H.O.A.B.|Air Balloon
|turn|13
|
|t:|1709510829
|switch|p1a: Hippowdon|Hippowdon, F|31/100
|-weather|Sandstorm|[from] ability: Sand Stream|[of] p1a: Hippowdon
|move|p2a: H.O.A.B.|Hidden Power|p1a: Hippowdon
|-supereffective|p1a: Hippowdon
|-damage|p1a: Hippowdon|0 fnt
|faint|p1a: Hippowdon
|
|-weather|Sandstorm|[upkeep]
|upkeep
|
|t:|1709510846
|switch|p1a: Alakazam|Alakazam, M|100/100
|turn|14
|inactive|Yokao893 has 120 seconds left.
|
|t:|1709510899
|move|p1a: Alakazam|Focus Blast|p2a: H.O.A.B.
|-supereffective|p2a: H.O.A.B.
|-damage|p2a: H.O.A.B.|9/100
|-enditem|p2a: H.O.A.B.|Air Balloon
|move|p2a: H.O.A.B.|Magma Storm|p1a: Alakazam
|-enditem|p1a: Alakazam|Focus Sash
|-damage|p1a: Alakazam|1/100
|-activate|p1a: Alakazam|move: Magma Storm|[of] p2a: H.O.A.B.
|
|-weather|Sandstorm|[upkeep]
|upkeep
|turn|15
|
|t:|1709510908
|move|p1a: Alakazam|Shadow Ball|p2a: H.O.A.B.
|-resisted|p2a: H.O.A.B.
|-damage|p2a: H.O.A.B.|0 fnt
|faint|p2a: H.O.A.B.
|
|-weather|Sandstorm|[upkeep]
|upkeep
|
|t:|1709510912
|switch|p2a: Lucky 7|Victini|94/100
|turn|16
|
|t:|1709510915
|move|p2a: Lucky 7|U-turn|p1a: Alakazam
|-supereffective|p1a: Alakazam
|-damage|p1a: Alakazam|0 fnt
|faint|p1a: Alakazam
|inactive|Yokao893 has 120 seconds left.
|
|t:|1709510950
|switch|p2a: Gorilla Tactics|Darmanitan, M|100/100|[from] U-turn
|
|-weather|Sandstorm|[upkeep]
|-damage|p2a: Gorilla Tactics|95/100|[from] Sandstorm
|upkeep
|
|t:|1709510954
|switch|p1a: Garchomp|Garchomp, F|55/100
|turn|17
|
|t:|1709510956
|move|p1a: Garchomp|Earthquake|p2a: Gorilla Tactics
|-supereffective|p2a: Gorilla Tactics
|-damage|p2a: Gorilla Tactics|0 fnt
|faint|p2a: Gorilla Tactics
|
|-weather|Sandstorm|[upkeep]
|upkeep
|
|t:|1709510958
|switch|p2a: Lucky 7|Victini|94/100
|turn|18
|
|t:|1709510961
|move|p2a: Lucky 7|V-create|p1a: Garchomp
|-resisted|p1a: Garchomp
|-damage|p1a: Garchomp|18/100
|-unboost|p2a: Lucky 7|spe|1
|-unboost|p2a: Lucky 7|def|1
|-unboost|p2a: Lucky 7|spd|1
|-damage|p2a: Lucky 7|82/100|[from] ability: Rough Skin|[of] p1a: Garchomp
|-damage|p2a: Lucky 7|66/100|[from] item: Rocky Helmet|[of] p1a: Garchomp
|move|p1a: Garchomp|Earthquake|p2a: Lucky 7
|-supereffective|p2a: Lucky 7
|-crit|p2a: Lucky 7
|-damage|p2a: Lucky 7|0 fnt
|faint|p2a: Lucky 7
|
|win|Uhbnm
|raw|Uhbnm's rating: 1362 &rarr; <strong>1381</strong><br />(+19 for winning)
|raw|Yokao893's rating: 1343 &rarr; <strong>1324</strong><br />(-19 for losing)
|l|☆Yokao893
|player|p2|
|l|☆Uhbnm
|player|p1|
|j|☆Uhbnm
|player|p1|Uhbnm|169
