|j|☆aioso
|j|☆JackRG1
|t:|1733548641
|gametype|singles
|player|p1|aioso|1|1542
|player|p2|JackRG1|kukui-stand|1414
|teamsize|p1|6
|teamsize|p2|6
|gen|5
|tier|[Gen 5] OU
|rated|
|rule|Species Clause: Limit one of each Pokémon
|rule|OHKO Clause: OHKO moves are banned
|rule|Moody Clause: Moody is banned
|rule|Evasion Items Clause: Evasion items are banned
|rule|Evasion Moves Clause: Evasion moves are banned
|rule|Endless Battle Clause: Forcing endless battles is banned
|rule|HP Percentage Mod: HP is shown in percentages
|rule|Evasion Abilities Clause: Evasion abilities are banned
|rule|Sleep Moves Clause: Sleep-inducing moves are banned
|rule|Swagger Clause: Swagger is banned
|rule|Baton Pass Stat Clause: No Baton Passer may have a way to boost its stats
|clearpoke
|poke|p1|Ninetales, M|item
|poke|p1|Volcarona, M|item
|poke|p1|Garchomp, F|item
|poke|p1|Latios, M|item
|poke|p1|Heatran, F|item
|poke|p1|Xatu, M|item
|poke|p2|Tyranitar, M|item
|poke|p2|Mamoswine, M|item
|poke|p2|Keldeo|item
|poke|p2|Amoonguss, M|item
|poke|p2|Gliscor, F|item
|poke|p2|Excadrill, F|item
|teampreview
|inactive|Battle timer is ON: inactive players will automatically lose when time's up. (requested by JackRG1)
|
|t:|1733548662
|start
|switch|p1a: Garchomp|Garchomp, F|100/100
|switch|p2a: Mamoswine|Mamoswine, M|100/100
|turn|1
|
|t:|1733548664
|move|p2a: Mamoswine|Ice Shard|p1a: Garchomp
|-supereffective|p1a: Garchomp
|-damage|p1a: Garchomp|0 fnt
|faint|p1a: Garchomp
|
|upkeep
|
|t:|1733548671
|switch|p1a: Heatran|Heatran, F|100/100
|turn|2
|
|t:|1733548674
|switch|p2a: Gliscor|Gliscor, F|100/100
|move|p1a: Heatran|Stealth Rock|p2a: Gliscor
|-sidestart|p2: JackRG1|move: Stealth Rock
|
|-status|p2a: Gliscor|tox|[from] item: Toxic Orb
|upkeep
|turn|3
|
|t:|1733548680
|move|p2a: Gliscor|U-turn|p1a: Heatran
|-resisted|p1a: Heatran
|-damage|p1a: Heatran|97/100
|
|t:|1733548685
|switch|p2a: Keldeo|Keldeo|100/100|[from] U-turn
|-damage|p2a: Keldeo|94/100|[from] Stealth Rock
|move|p1a: Heatran|Roar|p2a: Keldeo
|drag|p2a: Amoonguss|Amoonguss, M|100/100
|-damage|p2a: Amoonguss|88/100|[from] Stealth Rock
|
|-heal|p1a: Heatran|100/100|[from] item: Leftovers
|-heal|p2a: Amoonguss|94/100|[from] item: Black Sludge
|upkeep
|turn|4
|
|t:|1733548689
|switch|p1a: Ninetales|Ninetales, M|100/100
|-weather|SunnyDay|[from] ability: Drought|[of] p1a: Ninetales
|switch|p2a: Gliscor|Gliscor, F|100/100 tox
|-damage|p2a: Gliscor|88/100 tox|[from] Stealth Rock
|
|-weather|SunnyDay|[upkeep]
|-heal|p2a: Gliscor|100/100 tox|[from] ability: Poison Heal
|upkeep
|turn|5
|
|t:|1733548694
|switch|p1a: Xatu|Xatu, M|100/100
|move|p2a: Gliscor|U-turn|p1a: Xatu
|-damage|p1a: Xatu|86/100
|-damage|p2a: Gliscor|84/100 tox|[from] item: Rocky Helmet|[of] p1a: Xatu
|
|t:|1733548698
|switch|p2a: Mamoswine|Mamoswine, M|100/100|[from] U-turn
|-damage|p2a: Mamoswine|88/100|[from] Stealth Rock
|
|-weather|SunnyDay|[upkeep]
|upkeep
|turn|6
|
|t:|1733548701
|move|p2a: Mamoswine|Icicle Crash|p1a: Xatu|[miss]
|-miss|p2a: Mamoswine|p1a: Xatu
|move|p1a: Xatu|Feather Dance|p2a: Mamoswine
|-unboost|p2a: Mamoswine|atk|2
|
|-weather|SunnyDay|[upkeep]
|upkeep
|turn|7
|
|t:|1733548710
|switch|p2a: Gliscor|Gliscor, F|84/100 tox
|-damage|p2a: Gliscor|72/100 tox|[from] Stealth Rock
|switch|p1a: Heatran|Heatran, F|100/100
|
|-weather|SunnyDay|[upkeep]
|-heal|p2a: Gliscor|84/100 tox|[from] ability: Poison Heal
|upkeep
|turn|8
|
|t:|1733548717
|move|p2a: Gliscor|Stealth Rock|p1a: Heatran
|-sidestart|p1: aioso|move: Stealth Rock
|move|p1a: Heatran|Roar|p2a: Gliscor
|drag|p2a: Tyranitar|Tyranitar, M|100/100
|-damage|p2a: Tyranitar|88/100|[from] Stealth Rock
|-weather|Sandstorm|[from] ability: Sand Stream|[of] p2a: Tyranitar
|
|-weather|Sandstorm|[upkeep]
|upkeep
|turn|9
|
|t:|1733548722
|switch|p2a: Gliscor|Gliscor, F|84/100 tox
|-damage|p2a: Gliscor|72/100 tox|[from] Stealth Rock
|move|p1a: Heatran|Lava Plume|p2a: Gliscor
|-damage|p2a: Gliscor|39/100 tox
|
|-weather|Sandstorm|[upkeep]
|-heal|p2a: Gliscor|52/100 tox|[from] ability: Poison Heal
|upkeep
|turn|10
|
|t:|1733548727
|move|p2a: Gliscor|Earthquake|p1a: Heatran
|-supereffective|p1a: Heatran
|-damage|p1a: Heatran|0 fnt
|faint|p1a: Heatran
|
|-weather|Sandstorm|[upkeep]
|-heal|p2a: Gliscor|64/100 tox|[from] ability: Poison Heal
|upkeep
|
|t:|1733548731
|switch|p1a: Latios|Latios, M|100/100
|-damage|p1a: Latios|88/100|[from] Stealth Rock
|turn|11
|
|t:|1733548734
|move|p2a: Gliscor|Protect|p2a: Gliscor
|-singleturn|p2a: Gliscor|Protect
|move|p1a: Latios|Calm Mind|p1a: Latios
|-boost|p1a: Latios|spa|1
|-boost|p1a: Latios|spd|1
|
|-weather|Sandstorm|[upkeep]
|-damage|p1a: Latios|82/100|[from] Sandstorm
|-heal|p2a: Gliscor|77/100 tox|[from] ability: Poison Heal
|upkeep
|turn|12
|
|t:|1733548741
|switch|p2a: Amoonguss|Amoonguss, M|100/100
|-damage|p2a: Amoonguss|88/100|[from] Stealth Rock
|move|p1a: Latios|Draco Meteor|p2a: Amoonguss
|-damage|p2a: Amoonguss|0 fnt
|-unboost|p1a: Latios|spa|2
|faint|p2a: Amoonguss
|-damage|p1a: Latios|72/100|[from] item: Life Orb
|
|-weather|Sandstorm|[upkeep]
|-damage|p1a: Latios|66/100|[from] Sandstorm
|upkeep
|
|t:|1733548744
|switch|p2a: Tyranitar|Tyranitar, M|88/100
|-damage|p2a: Tyranitar|76/100|[from] Stealth Rock
|turn|13
|
|t:|1733548747
|move|p1a: Latios|Grass Knot|p2a: Tyranitar
|-supereffective|p2a: Tyranitar
|-crit|p2a: Tyranitar
|-damage|p2a: Tyranitar|0 fnt
|faint|p2a: Tyranitar
|-damage|p1a: Latios|56/100|[from] item: Life Orb
|
|-weather|Sandstorm|[upkeep]
|-damage|p1a: Latios|50/100|[from] Sandstorm
|upkeep
|
|t:|1733548755
|switch|p2a: Mamoswine|Mamoswine, M|88/100
|-damage|p2a: Mamoswine|76/100|[from] Stealth Rock
|turn|14
|
|t:|1733548759
|switch|p1a: Ninetales|Ninetales, M|100/100
|-damage|p1a: Ninetales|76/100|[from] Stealth Rock
|-weather|SunnyDay|[from] ability: Drought|[of] p1a: Ninetales
|move|p2a: Mamoswine|Ice Shard|p1a: Ninetales
|-resisted|p1a: Ninetales
|-damage|p1a: Ninetales|56/100
|
|-weather|SunnyDay|[upkeep]
|-heal|p1a: Ninetales|62/100|[from] item: Leftovers
|upkeep
|turn|15
|
|t:|1733548769
|switch|p2a: Keldeo|Keldeo|94/100
|-damage|p2a: Keldeo|88/100|[from] Stealth Rock
|move|p1a: Ninetales|Flamethrower|p2a: Keldeo
|-resisted|p2a: Keldeo
|-damage|p2a: Keldeo|64/100
|
|-weather|SunnyDay|[upkeep]
|-heal|p2a: Keldeo|70/100|[from] item: Leftovers
|-heal|p1a: Ninetales|68/100|[from] item: Leftovers
|upkeep
|turn|16
|
|t:|1733548779
|switch|p1a: Xatu|Xatu, M|86/100
|-damage|p1a: Xatu|61/100|[from] Stealth Rock
|move|p2a: Keldeo|Secret Sword|p1a: Xatu
|-resisted|p1a: Xatu
|-damage|p1a: Xatu|50/100
|
|-weather|SunnyDay|[upkeep]
|-heal|p2a: Keldeo|76/100|[from] item: Leftovers
|upkeep
|turn|17
|
|t:|1733548787
|move|p2a: Keldeo|Hidden Power|p1a: Xatu
|-supereffective|p1a: Xatu
|-damage|p1a: Xatu|0 fnt
|faint|p1a: Xatu
|
|-weather|SunnyDay|[upkeep]
|-heal|p2a: Keldeo|83/100|[from] item: Leftovers
|upkeep
|
|t:|1733548790
|switch|p1a: Volcarona|Volcarona, M|100/100
|-damage|p1a: Volcarona|51/100|[from] Stealth Rock
|turn|18
|
|t:|1733548796
|move|p2a: Keldeo|Scald|p1a: Volcarona
|-supereffective|p1a: Volcarona
|-damage|p1a: Volcarona|12/100
|move|p1a: Volcarona|Quiver Dance|p1a: Volcarona
|-boost|p1a: Volcarona|spa|1
|-boost|p1a: Volcarona|spd|1
|-boost|p1a: Volcarona|spe|1
|
|-weather|SunnyDay|[upkeep]
|-heal|p2a: Keldeo|89/100|[from] item: Leftovers
|upkeep
|turn|19
|
|t:|1733548813
|switch|p2a: Gliscor|Gliscor, F|77/100 tox
|-damage|p2a: Gliscor|64/100 tox|[from] Stealth Rock
|move|p1a: Volcarona|Psychic|p2a: Gliscor
|-damage|p2a: Gliscor|17/100 tox
|
|-weather|SunnyDay|[upkeep]
|-heal|p2a: Gliscor|30/100 tox|[from] ability: Poison Heal
|upkeep
|turn|20
|
|t:|1733548822
|move|p1a: Volcarona|Psychic|p2a: Gliscor
|-damage|p2a: Gliscor|0 fnt
|faint|p2a: Gliscor
|
|-weather|SunnyDay|[upkeep]
|upkeep
|
|t:|1733548825
|switch|p2a: Mamoswine|Mamoswine, M|76/100
|-damage|p2a: Mamoswine|63/100|[from] Stealth Rock
|turn|21
|
|t:|1733548830
|move|p2a: Mamoswine|Ice Shard|p1a: Volcarona
|-resisted|p1a: Volcarona
|-damage|p1a: Volcarona|0 fnt
|faint|p1a: Volcarona
|
|-weather|SunnyDay|[upkeep]
|upkeep
|
|t:|1733548833
|switch|p1a: Ninetales|Ninetales, M|68/100
|-damage|p1a: Ninetales|43/100|[from] Stealth Rock
|turn|22
|
|t:|1733548837
|switch|p2a: Excadrill|Excadrill, F|100/100
|-damage|p2a: Excadrill|97/100|[from] Stealth Rock
|move|p1a: Ninetales|Flamethrower|p2a: Excadrill
|-supereffective|p2a: Excadrill
|-damage|p2a: Excadrill|10/100
|
|-weather|SunnyDay|[upkeep]
|-heal|p2a: Excadrill|16/100|[from] item: Leftovers
|-heal|p1a: Ninetales|49/100|[from] item: Leftovers
|upkeep
|turn|23
|
|t:|1733548842
|move|p2a: Excadrill|Iron Head|p1a: Ninetales
|-resisted|p1a: Ninetales
|-damage|p1a: Ninetales|29/100
|move|p1a: Ninetales|Flamethrower|p2a: Excadrill
|-supereffective|p2a: Excadrill
|-damage|p2a: Excadrill|0 fnt
|faint|p2a: Excadrill
|
|-weather|SunnyDay|[upkeep]
|-heal|p1a: Ninetales|35/100|[from] item: Leftovers
|upkeep
|
|t:|1733548845
|switch|p2a: Keldeo|Keldeo|89/100
|-damage|p2a: Keldeo|83/100|[from] Stealth Rock
|turn|24
|
|t:|1733548851
|move|p2a: Keldeo|Secret Sword|p1a: Ninetales
|-damage|p1a: Ninetales|0 fnt
|faint|p1a: Ninetales
|
|-weather|SunnyDay|[upkeep]
|-heal|p2a: Keldeo|89/100|[from] item: Leftovers
|upkeep
|
|t:|1733548853
|switch|p1a: Latios|Latios, M|50/100
|-damage|p1a: Latios|38/100|[from] Stealth Rock
|turn|25
|
|t:|1733548855
|move|p1a: Latios|Recover|p1a: Latios
|-heal|p1a: Latios|88/100
|move|p2a: Keldeo|Hidden Power|p1a: Latios
|-supereffective|p1a: Latios
|-damage|p1a: Latios|33/100
|
|-weather|SunnyDay|[upkeep]
|-heal|p2a: Keldeo|95/100|[from] item: Leftovers
|upkeep
|turn|26
|
|t:|1733548858
|move|p1a: Latios|Recover|p1a: Latios
|-heal|p1a: Latios|83/100
|move|p2a: Keldeo|Hidden Power|p1a: Latios
|-supereffective|p1a: Latios
|-damage|p1a: Latios|29/100
|
|-weather|SunnyDay|[upkeep]
|-heal|p2a: Keldeo|100/100|[from] item: Leftovers
|upkeep
|turn|27
|
|t:|1733548861
|move|p1a: Latios|Grass Knot|p2a: Keldeo
|-supereffective|p2a: Keldeo
|-damage|p2a: Keldeo|35/100
|-damage|p1a: Latios|19/100|[from] item: Life Orb
|move|p2a: Keldeo|Hidden Power|p1a: Latios
|-supereffective|p1a: Latios
|-damage|p1a: Latios|0 fnt
|faint|p1a: Latios
|
|win|JackRG1
|raw|aioso's rating: 1542 &rarr; <strong>1515</strong><br />(-27 for losing)
|raw|JackRG1's rating: 1414 &rarr; <strong>1441</strong><br />(+27 for winning)
|l|☆aioso
|player|p1|
