|j|☆seanb143
|j|☆Crimsonbacon38
|t:|1722576416
|gametype|singles
|player|p1|seanb143|emmet|1313
|player|p2|Crimsonbacon38|barry|1308
|teamsize|p1|6
|teamsize|p2|6
|gen|5
|tier|[Gen 5] OU
|rated|
|rule|Species Clause: Limit one of each Pokémon
|rule|OHKO Clause: OHKO moves are banned
|rule|Moody Clause: Moody is banned
|rule|Evasion Items Clause: Evasion items are banned
|rule|Evasion Moves Clause: Evasion moves are banned
|rule|Endless Battle Clause: Forcing endless battles is banned
|rule|HP Percentage Mod: HP is shown in percentages
|rule|Evasion Abilities Clause: Evasion abilities are banned
|rule|Sleep Moves Clause: Sleep-inducing moves are banned
|rule|Swagger Clause: Swagger is banned
|rule|Baton Pass Stat Clause: No Baton Passer may have a way to boost its stats
|clearpoke
|poke|p1|Shedinja|item
|poke|p1|Ninetales, M|item
|poke|p1|Heatran, M|item
|poke|p1|Blissey, F|item
|poke|p1|Starmie|item
|poke|p1|Breloom, M|item
|poke|p2|Garchomp, M|item
|poke|p2|Starmie|item
|poke|p2|Dragonite, M|item
|poke|p2|Scizor, M|item
|poke|p2|Volcarona, M|item
|poke|p2|Thundurus-Therian, M|item
|teampreview
|inactive|Battle timer is ON: inactive players will automatically lose when time's up. (requested by seanb143)
|
|t:|1722576428
|start
|switch|p1a: Breloom|Breloom, M, shiny|100/100
|switch|p2a: Garchomp|Garchomp, M|100/100
|turn|1
|
|t:|1722576435
|move|p2a: Garchomp|Stealth Rock|p1a: Breloom
|-sidestart|p1: seanb143|move: Stealth Rock
|move|p1a: Breloom|Low Sweep|p2a: Garchomp
|-damage|p2a: Garchomp|17/100
|-unboost|p2a: Garchomp|spe|1
|-damage|p1a: Breloom|88/100|[from] ability: Rough Skin|[of] p2a: Garchomp
|
|upkeep
|turn|2
|
|t:|1722576452
|move|p1a: Breloom|Low Sweep|p2a: Garchomp
|-damage|p2a: Garchomp|0 fnt
|-damage|p1a: Breloom|76/100|[from] ability: Rough Skin|[of] p2a: Garchomp
|faint|p2a: Garchomp
|
|upkeep
|
|t:|1722576471
|switch|p2a: Scizor|Scizor, M|100/100
|turn|3
|
|t:|1722576474
|switch|p1a: Heatran|Heatran, M, shiny|100/100
|-damage|p1a: Heatran|88/100|[from] Stealth Rock
|move|p2a: Scizor|U-turn|p1a: Heatran
|-resisted|p1a: Heatran
|-damage|p1a: Heatran|76/100
|
|t:|1722576483
|switch|p2a: Thundurus|Thundurus-Therian, M|100/100|[from] U-turn
|
|-heal|p1a: Heatran|83/100|[from] item: Leftovers
|upkeep
|turn|4
|
|t:|1722576486
|move|p2a: Thundurus|Volt Switch|p1a: Heatran
|-damage|p1a: Heatran|48/100
|
|t:|1722576488
|switch|p2a: Starmie|Starmie|100/100|[from] Volt Switch
|-item|p2a: Starmie|Air Balloon
|move|p1a: Heatran|Stealth Rock|p2a: Starmie
|-sidestart|p2: Crimsonbacon38|move: Stealth Rock
|
|-heal|p1a: Heatran|54/100|[from] item: Leftovers
|upkeep
|turn|5
|
|t:|1722576492
|move|p2a: Starmie|Rapid Spin|p1a: Heatran
|-resisted|p1a: Heatran
|-damage|p1a: Heatran|53/100
|-sideend|p2: Crimsonbacon38|Stealth Rock|[from] move: Rapid Spin|[of] p2a: Starmie
|move|p1a: Heatran|Lava Plume|p2a: Starmie
|-resisted|p2a: Starmie
|-damage|p2a: Starmie|74/100
|-enditem|p2a: Starmie|Air Balloon
|
|-heal|p1a: Heatran|59/100|[from] item: Leftovers
|upkeep
|turn|6
|
|t:|1722576495
|move|p1a: Heatran|Protect|p1a: Heatran
|-singleturn|p1a: Heatran|Protect
|move|p2a: Starmie|Hydro Pump|p1a: Heatran
|-activate|p1a: Heatran|move: Protect
|
|-heal|p1a: Heatran|66/100|[from] item: Leftovers
|upkeep
|turn|7
|
|t:|1722576498
|move|p2a: Starmie|Hydro Pump|p1a: Heatran
|-supereffective|p1a: Heatran
|-damage|p1a: Heatran|0 fnt
|faint|p1a: Heatran
|
|upkeep
|
|t:|1722576501
|switch|p1a: Starmie|Starmie, shiny|100/100
|-damage|p1a: Starmie|88/100|[from] Stealth Rock
|turn|8
|
|t:|1722576511
|switch|p2a: Scizor|Scizor, M|100/100
|move|p1a: Starmie|Rapid Spin|p2a: Scizor
|-resisted|p2a: Scizor
|-damage|p2a: Scizor|98/100
|-sideend|p1: seanb143|Stealth Rock|[from] move: Rapid Spin|[of] p1a: Starmie
|
|-heal|p1a: Starmie|94/100|[from] item: Leftovers
|upkeep
|turn|9
|
|t:|1722576517
|move|p1a: Starmie|Hydro Pump|p2a: Scizor
|-damage|p2a: Scizor|16/100
|move|p2a: Scizor|Pursuit|p1a: Starmie
|-supereffective|p1a: Starmie
|-damage|p1a: Starmie|0 fnt
|faint|p1a: Starmie
|
|upkeep
|
|t:|1722576531
|switch|p1a: Breloom|Breloom, M, shiny|76/100
|turn|10
|
|t:|1722576538
|switch|p2a: Thundurus|Thundurus-Therian, M|100/100
|move|p1a: Breloom|Low Sweep|p2a: Thundurus
|-resisted|p2a: Thundurus
|-damage|p2a: Thundurus|39/100
|-unboost|p2a: Thundurus|spe|1
|
|upkeep
|turn|11
|
|t:|1722576548
|move|p1a: Breloom|Low Sweep|p2a: Thundurus
|-resisted|p2a: Thundurus
|-damage|p2a: Thundurus|0 fnt
|faint|p2a: Thundurus
|
|upkeep
|
|t:|1722576556
|switch|p2a: Dragonite|Dragonite, M|100/100
|turn|12
|
|t:|1722576558
|switch|p1a: Shedinja|Shedinja, shiny|100/100
|move|p2a: Dragonite|Dragon Dance|p2a: Dragonite
|-boost|p2a: Dragonite|atk|1
|-boost|p2a: Dragonite|spe|1
|
|upkeep
|turn|13
|
|t:|1722576566
|switch|p2a: Scizor|Scizor, M|16/100
|switch|p1a: Ninetales|Ninetales, M, shiny|100/100
|-weather|SunnyDay|[from] ability: Drought|[of] p1a: Ninetales
|
|-weather|SunnyDay|[upkeep]
|upkeep
|turn|14
|
|t:|1722576569
|move|p1a: Ninetales|Will-O-Wisp|p2a: Scizor|[miss]
|-miss|p1a: Ninetales|p2a: Scizor
|move|p2a: Scizor|U-turn|p1a: Ninetales
|-resisted|p1a: Ninetales
|-damage|p1a: Ninetales|61/100
|
|t:|1722576573
|switch|p2a: Volcarona|Volcarona, M|100/100|[from] U-turn
|
|-weather|SunnyDay|[upkeep]
|-heal|p1a: Ninetales|67/100|[from] item: Leftovers
|upkeep
|turn|15
|
|t:|1722576580
|switch|p1a: Shedinja|Shedinja, shiny|100/100
|move|p2a: Volcarona|Quiver Dance|p2a: Volcarona
|-boost|p2a: Volcarona|spa|1
|-boost|p2a: Volcarona|spd|1
|-boost|p2a: Volcarona|spe|1
|
|-weather|SunnyDay|[upkeep]
|upkeep
|turn|16
|
|t:|1722576582
|move|p2a: Volcarona|Flamethrower|p1a: Shedinja
|-supereffective|p1a: Shedinja
|-enditem|p1a: Shedinja|Focus Sash
|-damage|p1a: Shedinja|100/100
|move|p1a: Shedinja|Toxic|p2a: Volcarona
|-status|p2a: Volcarona|tox
|-enditem|p2a: Volcarona|Lum Berry|[eat]
|-curestatus|p2a: Volcarona|tox|[msg]
|
|-weather|SunnyDay|[upkeep]
|upkeep
|turn|17
|
|t:|1722576591
|switch|p1a: Blissey|Blissey, F, shiny|100/100
|move|p2a: Volcarona|Flamethrower|p1a: Blissey
|-damage|p1a: Blissey|59/100
|
|-weather|SunnyDay|[upkeep]
|-heal|p1a: Blissey|65/100|[from] item: Leftovers
|upkeep
|turn|18
|-message|seanb143 forfeited.
|
|win|Crimsonbacon38
|raw|seanb143's rating: 1313 &rarr; <strong>1293</strong><br />(-20 for losing)
|raw|Crimsonbacon38's rating: 1308 &rarr; <strong>1328</strong><br />(+20 for winning)
|l|☆seanb143
|player|p1|
