|join|Princess Deluks917
|join|JorgeVD
|player|p1|Princess Deluks917|23
|player|p2|JorgeVD|274
|gametype|singles
|gen|5
|tier|[Gen 5] OU
|rated
|rule|Evasion Abilities Clause: Evasion abilities are banned
|clearpoke
|poke|p1|Politoed, M
|poke|p1|Gliscor, M
|poke|p1|Kyurem
|poke|p1|Skarmory, M
|poke|p1|Tentacruel, M
|poke|p1|Blissey, F
|poke|p2|Politoed, M
|poke|p2|Ferrothorn, M, shiny
|poke|p2|Rotom-Wash
|poke|p2|Jirachi
|poke|p2|Latios, M
|poke|p2|Keldeo
|rule|Sleep Clause Mod: Limit one foe put to sleep
|rule|Species Clause: Limit one of each Pokemon
|rule|OHKO Clause: OHKO moves are banned
|rule|Moody Clause: Moody is banned
|rule|Evasion Moves Clause: Evasion moves are banned
|rule|Endless Battle Clause: Forcing endless battles is banned.
|rule|HP Percentage Mod: HP is reported as percentages
|teampreview
|chat|Princess Deluks917|gl
|
|start
|switch|p1a: Blissey|Blissey, F|652/652
|switch|p2a: Latios|Latios, M|302/302
|turn|1
|
|move|p2a: Latios|Psyshock|p1a: Blissey
|-damage|p1a: Blissey|195/652
|move|p1a: Blissey|Stealth Rock|p2a: Latios
|-sidestart|p2: JorgeVD|move: Stealth Rock
|
|-heal|p1a: Blissey|235/652|[from] item: Leftovers
|turn|2
|
|switch|p1a: Skarmory|Skarmory, M|334/334
|move|p2a: Latios|Psyshock|p1a: Skarmory
|-resisted|p1a: Skarmory
|-damage|p1a: Skarmory|274/334
|
|turn|3
|
|switch|p2a: Ferrothorn|Ferrothorn, M, shiny|352/352
|-damage|p2a: Ferrothorn|330/352|[from] Stealth Rock
|move|p1a: Skarmory|Spikes|p2a: Ferrothorn
|-sidestart|p2: JorgeVD|Spikes
|
|-heal|p2a: Ferrothorn|352/352|[from] item: Leftovers
|turn|4
|
|move|p1a: Skarmory|Spikes|p2a: Ferrothorn
|-sidestart|p2: JorgeVD|Spikes
|move|p2a: Ferrothorn|Stealth Rock|p1a: Skarmory
|-sidestart|p1: Princess Deluks917|move: Stealth Rock
|
|turn|5
|
|switch|p2a: Jirachi|Jirachi|404/404
|-damage|p2a: Jirachi|379/404|[from] Stealth Rock
|-damage|p2a: Jirachi|312/404|[from] Spikes
|move|p1a: Skarmory|Spikes|p2a: Jirachi
|-sidestart|p2: JorgeVD|Spikes
|
|-heal|p2a: Jirachi|337/404|[from] item: Leftovers
|turn|6
|
|move|p2a: Jirachi|Substitute|p2a: Jirachi
|-start|p2a: Jirachi|Substitute
|-damage|p2a: Jirachi|236/404
|move|p1a: Skarmory|Whirlwind|p2a: Jirachi
|drag|p2a: Politoed|Politoed, M|384/384
|-damage|p2a: Politoed|336/384|[from] Stealth Rock
|-damage|p2a: Politoed|240/384|[from] Spikes
|-weather|RainDance|[from] ability: Drizzle|[of] p2a: Politoed
|
|-weather|RainDance|[upkeep]
|-heal|p2a: Politoed|264/384|[from] item: Leftovers
|turn|7
|
|switch|p1a: Tentacruel|Tentacruel, M|363/363
|-damage|p1a: Tentacruel|318/363|[from] Stealth Rock
|move|p2a: Politoed|Scald|p1a: Tentacruel
|-resisted|p1a: Tentacruel
|-damage|p1a: Tentacruel|262/363
|-status|p1a: Tentacruel|brn
|
|-weather|RainDance|[upkeep]
|-heal|p1a: Tentacruel|284/363 brn|[from] ability: Rain Dish
|-heal|p1a: Tentacruel|306/363 brn|[from] item: Leftovers
|-heal|p2a: Politoed|288/384|[from] item: Leftovers
|-damage|p1a: Tentacruel|261/363 brn|[from] brn
|turn|8
|
|move|p1a: Tentacruel|Rapid Spin|p2a: Politoed
|-damage|p2a: Politoed|283/384
|-sideend|p1: Princess Deluks917|Stealth Rock|[from] move: Rapid Spin|[of] p1a: Tentacruel
|move|p2a: Politoed|Perish Song|p2a: Politoed
|-fieldactivate|move: Perish Song
|
|-start|p1a: Tentacruel|perish3
|-start|p2a: Politoed|perish3
|-weather|RainDance|[upkeep]
|-heal|p1a: Tentacruel|283/363 brn|[from] ability: Rain Dish
|-heal|p1a: Tentacruel|305/363 brn|[from] item: Leftovers
|-heal|p2a: Politoed|307/384|[from] item: Leftovers
|-damage|p1a: Tentacruel|260/363 brn|[from] brn
|turn|9
|
|switch|p2a: Jirachi|Jirachi|236/404
|-damage|p2a: Jirachi|211/404|[from] Stealth Rock
|-damage|p2a: Jirachi|110/404|[from] Spikes
|move|p1a: Tentacruel|Toxic Spikes|p2a: Jirachi
|-sidestart|p2: JorgeVD|move: Toxic Spikes
|
|-start|p1a: Tentacruel|perish2
|-weather|RainDance|[upkeep]
|-heal|p1a: Tentacruel|282/363 brn|[from] ability: Rain Dish
|-heal|p2a: Jirachi|135/404|[from] item: Leftovers
|-heal|p1a: Tentacruel|304/363 brn|[from] item: Leftovers
|-damage|p1a: Tentacruel|259/363 brn|[from] brn
|turn|10
|
|move|p2a: Jirachi|Substitute|p2a: Jirachi
|-start|p2a: Jirachi|Substitute
|-damage|p2a: Jirachi|34/404
|move|p1a: Tentacruel|Scald|p2a: Jirachi
|-end|p2a: Jirachi|Substitute
|
|-start|p1a: Tentacruel|perish1
|-weather|RainDance|[upkeep]
|-heal|p1a: Tentacruel|281/363 brn|[from] ability: Rain Dish
|-heal|p2a: Jirachi|59/404|[from] item: Leftovers
|-heal|p1a: Tentacruel|303/363 brn|[from] item: Leftovers
|-damage|p1a: Tentacruel|258/363 brn|[from] brn
|turn|11
|
|switch|p1a: Blissey|Blissey, F|235/652
|move|p2a: Jirachi|Calm Mind|p2a: Jirachi
|-boost|p2a: Jirachi|spa|1
|-boost|p2a: Jirachi|spd|1
|
|-weather|RainDance|[upkeep]
|-heal|p2a: Jirachi|84/404|[from] item: Leftovers
|-heal|p1a: Blissey|275/652|[from] item: Leftovers
|turn|12
|
|move|p2a: Jirachi|Psyshock|p1a: Blissey
|-damage|p1a: Blissey|4/652
|move|p1a: Blissey|Soft-Boiled|p1a: Blissey
|-heal|p1a: Blissey|330/652
|
|-weather|RainDance|[upkeep]
|-heal|p2a: Jirachi|109/404|[from] item: Leftovers
|-heal|p1a: Blissey|370/652|[from] item: Leftovers
|turn|13
|
|move|p2a: Jirachi|Substitute|p2a: Jirachi
|-start|p2a: Jirachi|Substitute
|-damage|p2a: Jirachi|8/404
|move|p1a: Blissey|Seismic Toss|p2a: Jirachi
|-activate|p2a: Jirachi|Substitute|[damage]
|
|-weather|RainDance|[upkeep]
|-heal|p2a: Jirachi|33/404|[from] item: Leftovers
|-heal|p1a: Blissey|410/652|[from] item: Leftovers
|turn|14
|
|switch|p1a: Gliscor|Gliscor, M|354/354
|move|p2a: Jirachi|Calm Mind|p2a: Jirachi
|-boost|p2a: Jirachi|spa|1
|-boost|p2a: Jirachi|spd|1
|
|-weather|RainDance|[upkeep]
|-heal|p2a: Jirachi|58/404|[from] item: Leftovers
|-activate|p1a: Gliscor|item: Toxic Orb
|-status|p1a: Gliscor|tox
|turn|15
|
|move|p2a: Jirachi|Psyshock|p1a: Gliscor
|-damage|p1a: Gliscor|234/354 tox
|move|p1a: Gliscor|Earthquake|p2a: Jirachi
|-supereffective|p2a: Jirachi
|-end|p2a: Jirachi|Substitute
|
|-weather|RainDance|[upkeep]
|-heal|p2a: Jirachi|83/404|[from] item: Leftovers
|-heal|p1a: Gliscor|278/354 tox|[from] ability: Poison Heal
|turn|16
|
|move|p2a: Jirachi|Psyshock|p1a: Gliscor
|-damage|p1a: Gliscor|161/354 tox
|move|p1a: Gliscor|Earthquake|p2a: Jirachi
|-supereffective|p2a: Jirachi
|-damage|p2a: Jirachi|0 fnt
|faint|p2a: Jirachi
|
|-weather|RainDance|[upkeep]
|-heal|p1a: Gliscor|205/354 tox|[from] ability: Poison Heal
|
|switch|p2a: Latios|Latios, M|302/302
|-damage|p2a: Latios|265/302|[from] Stealth Rock
|turn|17
|chat|Princess Deluks917|switched the set since we last played!
|
|switch|p1a: Tentacruel|Tentacruel, M|258/363 brn
|move|p2a: Latios|Psyshock|p1a: Tentacruel
|-supereffective|p1a: Tentacruel
|-damage|p1a: Tentacruel|0 fnt
|faint|p1a: Tentacruel
|
|-weather|RainDance|[upkeep]
|
|switch|p1a: Skarmory|Skarmory, M|274/334
|turn|18
|
|switch|p2a: Rotom-Wash|Rotom-Wash|304/304
|-damage|p2a: Rotom-Wash|266/304|[from] Stealth Rock
|move|p1a: Skarmory|Roost|p1a: Skarmory
|-heal|p1a: Skarmory|334/334
|
|-weather|RainDance|[upkeep]
|-heal|p2a: Rotom-Wash|285/304|[from] item: Leftovers
|turn|19
|
|switch|p1a: Blissey|Blissey, F|410/652
|move|p2a: Rotom-Wash|Will-O-Wisp|p1a: Blissey|[miss]
|-miss|p2a: Rotom-Wash|p1a: Blissey
|
|-weather|RainDance|[upkeep]
|-heal|p2a: Rotom-Wash|304/304|[from] item: Leftovers
|-heal|p1a: Blissey|450/652|[from] item: Leftovers
|turn|20
|
|move|p2a: Rotom-Wash|Volt Switch|p1a: Blissey
|-damage|p1a: Blissey|393/652
|
|switch|p2a: Latios|Latios, M|265/302
|-damage|p2a: Latios|228/302|[from] Stealth Rock
|move|p1a: Blissey|Toxic|p2a: Latios
|-status|p2a: Latios|tox
|
|-weather|RainDance|[upkeep]
|-heal|p1a: Blissey|433/652|[from] item: Leftovers
|-damage|p2a: Latios|210/302 tox|[from] psn
|turn|21
|
|switch|p1a: Politoed|Politoed, M|384/384
|move|p2a: Latios|Surf|p1a: Politoed
|-resisted|p1a: Politoed
|-damage|p1a: Politoed|253/384
|
|-weather|RainDance|[upkeep]
|-heal|p1a: Politoed|277/384|[from] item: Leftovers
|-damage|p2a: Latios|174/302 tox|[from] psn
|turn|22
|-message|JorgeVD forfeited.
|
|win|Princess Deluks917
|raw|Ladder updating...
|raw|Princess Deluks917's rating: 1577 &rarr; <strong>1590</strong><br />(+13 for winning)
|raw|JorgeVD's rating: 1439 &rarr; <strong>1426</strong><br />(-13 for losing)
|leave|JorgeVD
|player|p2