|j|☆Simplexous
|j|☆phosphor
|t:|1741336666
|gametype|singles
|player|p1|Simplexous|colress|1417
|player|p2|phosphor|#phosphor|1482
|teamsize|p1|6
|teamsize|p2|6
|gen|5
|tier|[Gen 5] OU
|rated|
|rule|Species Clause: Limit one of each Pokémon
|rule|OHKO Clause: OHKO moves are banned
|rule|Moody Clause: Moody is banned
|rule|Evasion Items Clause: Evasion items are banned
|rule|Evasion Moves Clause: Evasion moves are banned
|rule|Endless Battle Clause: Forcing endless battles is banned
|rule|HP Percentage Mod: HP is shown in percentages
|rule|Evasion Abilities Clause: Evasion abilities are banned
|rule|Sleep Moves Clause: Sleep-inducing moves are banned
|rule|Swagger Clause: Swagger is banned
|rule|Baton Pass Stat Clause: No Baton Passer may have a way to boost its stats
|clearpoke
|poke|p1|Abomasnow, F|item
|poke|p1|Gliscor, F|item
|poke|p1|Forretress, F|item
|poke|p1|Blissey, F|item
|poke|p1|Latias, F|item
|poke|p1|Reuniclus, F|item
|poke|p2|Tyranitar, M|item
|poke|p2|Blissey, F|item
|poke|p2|Skarmory, F|item
|poke|p2|Excadrill, M|item
|poke|p2|Gastrodon, F|item
|poke|p2|Reuniclus, F|item
|teampreview
|c|☆phosphor|gl hf
|c|☆Simplexous|glhf!~
|
|t:|1741336682
|start
|switch|p1a: MERRY CHRISTMAS|Abomasnow, F|100/100
|switch|p2a: Tyranitar|Tyranitar, M|100/100
|-weather|Sandstorm|[from] ability: Sand Stream|[of] p2a: Tyranitar
|-weather|Hail|[from] ability: Snow Warning|[of] p1a: MERRY CHRISTMAS
|turn|1
|
|t:|1741336696
|switch|p1a: Racist Uncle|Gliscor, F|100/100
|move|p2a: Tyranitar|Fire Blast|p1a: Racist Uncle
|-damage|p1a: Racist Uncle|76/100
|
|-weather|Hail|[upkeep]
|-damage|p1a: Racist Uncle|69/100|[from] Hail
|-damage|p2a: Tyranitar|94/100|[from] Hail
|-status|p1a: Racist Uncle|tox|[from] item: Toxic Orb
|upkeep
|turn|2
|
|t:|1741336705
|move|p1a: Racist Uncle|Protect|p1a: Racist Uncle
|-singleturn|p1a: Racist Uncle|Protect
|move|p2a: Tyranitar|Ice Beam|p1a: Racist Uncle
|-activate|p1a: Racist Uncle|move: Protect
|
|-weather|Hail|[upkeep]
|-damage|p1a: Racist Uncle|63/100 tox|[from] Hail
|-damage|p2a: Tyranitar|88/100|[from] Hail
|-heal|p1a: Racist Uncle|76/100 tox|[from] ability: Poison Heal
|upkeep
|turn|3
|
|t:|1741336714
|switch|p1a: Eggnog|Blissey, F, shiny|100/100
|move|p2a: Tyranitar|Fire Blast|p1a: Eggnog
|-damage|p1a: Eggnog|90/100
|
|-weather|Hail|[upkeep]
|-damage|p1a: Eggnog|83/100|[from] Hail
|-damage|p2a: Tyranitar|82/100|[from] Hail
|-heal|p1a: Eggnog|90/100|[from] item: Leftovers
|upkeep
|turn|4
|
|t:|1741336730
|switch|p2a: Blissey|Blissey, F|100/100
|move|p1a: Eggnog|Thunder Wave|p2a: Blissey
|-status|p2a: Blissey|par
|
|-weather|Hail|[upkeep]
|-damage|p1a: Eggnog|83/100|[from] Hail
|-damage|p2a: Blissey|94/100 par|[from] Hail
|-heal|p1a: Eggnog|90/100|[from] item: Leftovers
|-heal|p2a: Blissey|100/100 par|[from] item: Leftovers
|upkeep
|turn|5
|
|t:|1741336737
|switch|p1a: Racist Uncle|Gliscor, F|76/100 tox
|move|p2a: Blissey|Stealth Rock|p1a: Racist Uncle
|-sidestart|p1: Simplexous|move: Stealth Rock
|
|-weather|Hail|[upkeep]
|-damage|p1a: Racist Uncle|69/100 tox|[from] Hail
|-damage|p2a: Blissey|94/100 par|[from] Hail
|-heal|p2a: Blissey|100/100 par|[from] item: Leftovers
|-heal|p1a: Racist Uncle|82/100 tox|[from] ability: Poison Heal
|upkeep
|turn|6
|
|t:|1741336748
|-curestatus|p2a: Blissey|par|[from] ability: Natural Cure
|switch|p2a: Skarmory|Skarmory, F|100/100
|move|p1a: Racist Uncle|Stealth Rock|p2a: Skarmory
|-sidestart|p2: phosphor|move: Stealth Rock
|
|-weather|Hail|[upkeep]
|-damage|p2a: Skarmory|95/100|[from] Hail
|-damage|p1a: Racist Uncle|76/100 tox|[from] Hail
|-heal|p1a: Racist Uncle|88/100 tox|[from] ability: Poison Heal
|upkeep
|turn|7
|
|t:|1741336759
|switch|p1a: MERRY CHRISTMAS|Abomasnow, F|100/100
|-damage|p1a: MERRY CHRISTMAS|76/100|[from] Stealth Rock
|move|p2a: Skarmory|Brave Bird|p1a: MERRY CHRISTMAS
|-supereffective|p1a: MERRY CHRISTMAS
|-damage|p1a: MERRY CHRISTMAS|2/100
|-damage|p2a: Skarmory|66/100|[from] Recoil
|
|-weather|Hail|[upkeep]
|-damage|p2a: Skarmory|60/100|[from] Hail
|-heal|p1a: MERRY CHRISTMAS|8/100|[from] item: Leftovers
|upkeep
|turn|8
|
|t:|1741336768
|move|p1a: MERRY CHRISTMAS|Protect|p1a: MERRY CHRISTMAS
|-singleturn|p1a: MERRY CHRISTMAS|Protect
|move|p2a: Skarmory|Brave Bird|p1a: MERRY CHRISTMAS
|-activate|p1a: MERRY CHRISTMAS|move: Protect
|
|-weather|Hail|[upkeep]
|-damage|p2a: Skarmory|54/100|[from] Hail
|-heal|p1a: MERRY CHRISTMAS|14/100|[from] item: Leftovers
|upkeep
|turn|9
|
|t:|1741336777
|move|p1a: MERRY CHRISTMAS|Ice Shard|p2a: Skarmory
|-damage|p2a: Skarmory|47/100
|move|p2a: Skarmory|Brave Bird|p1a: MERRY CHRISTMAS
|-supereffective|p1a: MERRY CHRISTMAS
|-crit|p1a: MERRY CHRISTMAS
|-damage|p1a: MERRY CHRISTMAS|0 fnt
|faint|p1a: MERRY CHRISTMAS
|-damage|p2a: Skarmory|42/100|[from] Recoil
|
|-weather|Hail|[upkeep]
|-damage|p2a: Skarmory|36/100|[from] Hail
|upkeep
|
|t:|1741336787
|switch|p1a: Dreidel|Forretress, F|100/100
|-damage|p1a: Dreidel|88/100|[from] Stealth Rock
|turn|10
|
|t:|1741336795
|move|p2a: Skarmory|Roost|p2a: Skarmory
|-heal|p2a: Skarmory|86/100
|-singleturn|p2a: Skarmory|move: Roost
|move|p1a: Dreidel|Spikes|p2a: Skarmory
|-sidestart|p2: phosphor|Spikes
|
|-weather|Hail|[upkeep]
|-damage|p2a: Skarmory|80/100|[from] Hail
|-heal|p1a: Dreidel|94/100|[from] item: Leftovers
|upkeep
|turn|11
|
|t:|1741336801
|move|p2a: Skarmory|Taunt|p1a: Dreidel
|-start|p1a: Dreidel|move: Taunt
|move|p1a: Dreidel|Rapid Spin|p2a: Skarmory
|-resisted|p2a: Skarmory
|-damage|p2a: Skarmory|79/100
|-damage|p1a: Dreidel|78/100|[from] item: Rocky Helmet|[of] p2a: Skarmory
|-sideend|p1: Simplexous|Stealth Rock|[from] move: Rapid Spin|[of] p1a: Dreidel
|
|-weather|Hail|[upkeep]
|-damage|p2a: Skarmory|73/100|[from] Hail
|-heal|p1a: Dreidel|84/100|[from] item: Leftovers
|upkeep
|turn|12
|
|t:|1741336807
|move|p2a: Skarmory|Spikes|p1a: Dreidel
|-sidestart|p1: Simplexous|Spikes
|move|p1a: Dreidel|Gyro Ball|p2a: Skarmory
|-resisted|p2a: Skarmory
|-damage|p2a: Skarmory|67/100
|-damage|p1a: Dreidel|67/100|[from] item: Rocky Helmet|[of] p2a: Skarmory
|
|-weather|Hail|[upkeep]
|-damage|p2a: Skarmory|61/100|[from] Hail
|-heal|p1a: Dreidel|73/100|[from] item: Leftovers
|upkeep
|turn|13
|
|t:|1741336811
|move|p2a: Skarmory|Brave Bird|p1a: Dreidel
|-damage|p1a: Dreidel|55/100
|-damage|p2a: Skarmory|55/100|[from] Recoil
|move|p1a: Dreidel|Earthquake|p2a: Skarmory
|-immune|p2a: Skarmory
|
|-weather|Hail|[upkeep]
|-damage|p2a: Skarmory|49/100|[from] Hail
|-heal|p1a: Dreidel|62/100|[from] item: Leftovers
|-end|p1a: Dreidel|move: Taunt
|upkeep
|turn|14
|
|t:|1741336815
|move|p2a: Skarmory|Taunt|p1a: Dreidel
|-start|p1a: Dreidel|move: Taunt
|move|p1a: Dreidel|Earthquake|p2a: Skarmory
|-immune|p2a: Skarmory
|
|-weather|Hail|[upkeep]
|-damage|p2a: Skarmory|43/100|[from] Hail
|-heal|p1a: Dreidel|68/100|[from] item: Leftovers
|upkeep
|turn|15
|
|t:|1741336819
|move|p2a: Skarmory|Roost|p2a: Skarmory
|-heal|p2a: Skarmory|93/100
|-singleturn|p2a: Skarmory|move: Roost
|move|p1a: Dreidel|Earthquake|p2a: Skarmory
|-supereffective|p2a: Skarmory
|-damage|p2a: Skarmory|68/100
|
|-weather|Hail|[upkeep]
|-damage|p2a: Skarmory|62/100|[from] Hail
|-heal|p1a: Dreidel|74/100|[from] item: Leftovers
|upkeep
|turn|16
|
|t:|1741336829
|switch|p1a: Chistmas Embryo|Reuniclus, F|100/100
|move|p2a: Skarmory|Brave Bird|p1a: Chistmas Embryo
|-damage|p1a: Chistmas Embryo|76/100
|-damage|p2a: Skarmory|52/100|[from] Recoil
|
|-weather|Hail|[upkeep]
|-damage|p2a: Skarmory|46/100|[from] Hail
|-heal|p1a: Chistmas Embryo|82/100|[from] item: Leftovers
|upkeep
|turn|17
|
|t:|1741336836
|switch|p2a: Gastrodon|Gastrodon, F|100/100
|-damage|p2a: Gastrodon|94/100|[from] Stealth Rock
|-damage|p2a: Gastrodon|82/100|[from] Spikes
|move|p1a: Chistmas Embryo|Calm Mind|p1a: Chistmas Embryo
|-boost|p1a: Chistmas Embryo|spa|1
|-boost|p1a: Chistmas Embryo|spd|1
|
|-weather|Hail|[upkeep]
|-damage|p2a: Gastrodon|76/100|[from] Hail
|-heal|p2a: Gastrodon|82/100|[from] item: Leftovers
|-heal|p1a: Chistmas Embryo|88/100|[from] item: Leftovers
|upkeep
|turn|18
|
|t:|1741336843
|move|p2a: Gastrodon|Clear Smog|p1a: Chistmas Embryo
|-damage|p1a: Chistmas Embryo|82/100
|-clearboost|p1a: Chistmas Embryo
|move|p1a: Chistmas Embryo|Calm Mind|p1a: Chistmas Embryo
|-boost|p1a: Chistmas Embryo|spa|1
|-boost|p1a: Chistmas Embryo|spd|1
|
|-weather|Hail|[upkeep]
|-damage|p2a: Gastrodon|76/100|[from] Hail
|-heal|p2a: Gastrodon|82/100|[from] item: Leftovers
|-heal|p1a: Chistmas Embryo|88/100|[from] item: Leftovers
|upkeep
|turn|19
|c|☆Simplexous|fascinating counterplay
|
|t:|1741336853
|move|p2a: Gastrodon|Scald|p1a: Chistmas Embryo
|-damage|p1a: Chistmas Embryo|71/100
|move|p1a: Chistmas Embryo|Psychic|p2a: Gastrodon
|-damage|p2a: Gastrodon|32/100
|
|-weather|Hail|[upkeep]
|-damage|p2a: Gastrodon|26/100|[from] Hail
|-heal|p2a: Gastrodon|32/100|[from] item: Leftovers
|-heal|p1a: Chistmas Embryo|77/100|[from] item: Leftovers
|upkeep
|turn|20
|
|t:|1741336871
|switch|p2a: Tyranitar|Tyranitar, M|82/100
|-damage|p2a: Tyranitar|70/100|[from] Stealth Rock
|-damage|p2a: Tyranitar|57/100|[from] Spikes
|-weather|Sandstorm|[from] ability: Sand Stream|[of] p2a: Tyranitar
|move|p1a: Chistmas Embryo|Calm Mind|p1a: Chistmas Embryo
|-boost|p1a: Chistmas Embryo|spa|1
|-boost|p1a: Chistmas Embryo|spd|1
|
|-weather|Sandstorm|[upkeep]
|-heal|p1a: Chistmas Embryo|83/100|[from] item: Leftovers
|upkeep
|turn|21
|
|t:|1741336875
|move|p2a: Tyranitar|Crunch|p1a: Chistmas Embryo
|-supereffective|p1a: Chistmas Embryo
|-damage|p1a: Chistmas Embryo|25/100
|move|p1a: Chistmas Embryo|Signal Beam|p2a: Tyranitar
|-supereffective|p2a: Tyranitar
|-damage|p2a: Tyranitar|16/100
|
|-weather|Sandstorm|[upkeep]
|-heal|p1a: Chistmas Embryo|31/100|[from] item: Leftovers
|upkeep
|turn|22
|
|t:|1741336887
|move|p2a: Tyranitar|Pursuit|p1a: Chistmas Embryo
|-supereffective|p1a: Chistmas Embryo
|-damage|p1a: Chistmas Embryo|0 fnt
|faint|p1a: Chistmas Embryo
|
|-weather|Sandstorm|[upkeep]
|upkeep
|
|t:|1741336890
|switch|p1a: Christmas Baby|Latias, F, shiny|100/100
|turn|23
|
|t:|1741336912
|move|p1a: Christmas Baby|Draco Meteor|p2a: Tyranitar
|-damage|p2a: Tyranitar|0 fnt
|-unboost|p1a: Christmas Baby|spa|2
|faint|p2a: Tyranitar
|
|-weather|Sandstorm|[upkeep]
|-damage|p1a: Christmas Baby|95/100|[from] Sandstorm
|upkeep
|
|t:|1741336926
|switch|p2a: Excadrill|Excadrill, M|100/100
|-damage|p2a: Excadrill|98/100|[from] Stealth Rock
|-damage|p2a: Excadrill|85/100|[from] Spikes
|turn|24
|
|t:|1741336931
|switch|p1a: Racist Uncle|Gliscor, F|88/100 tox
|move|p2a: Excadrill|Rapid Spin|p1a: Racist Uncle
|-damage|p1a: Racist Uncle|83/100 tox
|-sideend|p2: phosphor|Spikes|[from] move: Rapid Spin|[of] p2a: Excadrill
|-sideend|p2: phosphor|Stealth Rock|[from] move: Rapid Spin|[of] p2a: Excadrill
|
|-weather|Sandstorm|[upkeep]
|-heal|p2a: Excadrill|91/100|[from] item: Leftovers
|-heal|p1a: Racist Uncle|96/100 tox|[from] ability: Poison Heal
|upkeep
|turn|25
|
|t:|1741336943
|switch|p2a: Skarmory|Skarmory, F|46/100
|move|p1a: Racist Uncle|Stealth Rock|p2a: Skarmory
|-sidestart|p2: phosphor|move: Stealth Rock
|
|-weather|Sandstorm|[upkeep]
|-heal|p1a: Racist Uncle|100/100 tox|[from] ability: Poison Heal
|upkeep
|turn|26
|
|t:|1741336948
|switch|p1a: Eggnog|Blissey, F, shiny|90/100
|-damage|p1a: Eggnog|77/100|[from] Spikes
|move|p2a: Skarmory|Roost|p2a: Skarmory
|-heal|p2a: Skarmory|96/100
|-singleturn|p2a: Skarmory|move: Roost
|
|-weather|Sandstorm|[upkeep]
|-damage|p1a: Eggnog|71/100|[from] Sandstorm
|-heal|p1a: Eggnog|77/100|[from] item: Leftovers
|upkeep
|turn|27
|
|t:|1741336957
|move|p2a: Skarmory|Taunt|p1a: Eggnog
|-start|p1a: Eggnog|move: Taunt
|cant|p1a: Eggnog|move: Taunt|Thunder Wave
|
|-weather|Sandstorm|[upkeep]
|-damage|p1a: Eggnog|71/100|[from] Sandstorm
|-heal|p1a: Eggnog|77/100|[from] item: Leftovers
|upkeep
|turn|28
|
|t:|1741336963
|switch|p1a: Dreidel|Forretress, F|74/100
|-damage|p1a: Dreidel|62/100|[from] Spikes
|move|p2a: Skarmory|Spikes|p1a: Dreidel
|-sidestart|p1: Simplexous|Spikes
|
|-weather|Sandstorm|[upkeep]
|-heal|p1a: Dreidel|68/100|[from] item: Leftovers
|upkeep
|turn|29
|
|t:|1741336973
|move|p2a: Skarmory|Brave Bird|p1a: Dreidel
|-damage|p1a: Dreidel|49/100
|-damage|p2a: Skarmory|89/100|[from] Recoil
|move|p1a: Dreidel|Spikes|p2a: Skarmory
|-sidestart|p2: phosphor|Spikes
|
|-weather|Sandstorm|[upkeep]
|-heal|p1a: Dreidel|55/100|[from] item: Leftovers
|upkeep
|turn|30
|
|t:|1741336981
|move|p2a: Skarmory|Taunt|p1a: Dreidel
|-start|p1a: Dreidel|move: Taunt
|cant|p1a: Dreidel|move: Taunt|Spikes
|
|-weather|Sandstorm|[upkeep]
|-heal|p1a: Dreidel|61/100|[from] item: Leftovers
|upkeep
|turn|31
|
|t:|1741336985
|move|p2a: Skarmory|Brave Bird|p1a: Dreidel
|-damage|p1a: Dreidel|43/100
|-damage|p2a: Skarmory|83/100|[from] Recoil
|move|p1a: Dreidel|Rapid Spin|p2a: Skarmory
|-resisted|p2a: Skarmory
|-damage|p2a: Skarmory|82/100
|-damage|p1a: Dreidel|26/100|[from] item: Rocky Helmet|[of] p2a: Skarmory
|-sideend|p1: Simplexous|Spikes|[from] move: Rapid Spin|[of] p1a: Dreidel
|
|-weather|Sandstorm|[upkeep]
|-heal|p1a: Dreidel|33/100|[from] item: Leftovers
|upkeep
|turn|32
|
|t:|1741336992
|switch|p1a: Racist Uncle|Gliscor, F|100/100 tox
|move|p2a: Skarmory|Spikes|p1a: Racist Uncle
|-sidestart|p1: Simplexous|Spikes
|
|-weather|Sandstorm|[upkeep]
|upkeep
|turn|33
|
|t:|1741337002
|switch|p1a: Christmas Baby|Latias, F, shiny|95/100
|move|p2a: Skarmory|Taunt|p1a: Christmas Baby
|-start|p1a: Christmas Baby|move: Taunt
|
|-weather|Sandstorm|[upkeep]
|-damage|p1a: Christmas Baby|89/100|[from] Sandstorm
|upkeep
|turn|34
|
|t:|1741337016
|switch|p2a: Gastrodon|Gastrodon, F|32/100
|-damage|p2a: Gastrodon|26/100|[from] Stealth Rock
|-damage|p2a: Gastrodon|14/100|[from] Spikes
|move|p1a: Christmas Baby|Draco Meteor|p2a: Gastrodon
|-damage|p2a: Gastrodon|0 fnt
|-unboost|p1a: Christmas Baby|spa|2
|faint|p2a: Gastrodon
|
|-weather|Sandstorm|[upkeep]
|-damage|p1a: Christmas Baby|83/100|[from] Sandstorm
|upkeep
|
|t:|1741337020
|switch|p2a: Excadrill|Excadrill, M|91/100
|-damage|p2a: Excadrill|88/100|[from] Stealth Rock
|-damage|p2a: Excadrill|76/100|[from] Spikes
|turn|35
|
|t:|1741337035
|switch|p1a: Eggnog|Blissey, F, shiny|77/100
|-damage|p1a: Eggnog|65/100|[from] Spikes
|move|p2a: Excadrill|Rapid Spin|p1a: Eggnog
|-damage|p1a: Eggnog|59/100
|-sideend|p2: phosphor|Spikes|[from] move: Rapid Spin|[of] p2a: Excadrill
|-sideend|p2: phosphor|Stealth Rock|[from] move: Rapid Spin|[of] p2a: Excadrill
|
|-weather|Sandstorm|[upkeep]
|-damage|p1a: Eggnog|53/100|[from] Sandstorm
|-heal|p2a: Excadrill|82/100|[from] item: Leftovers
|-heal|p1a: Eggnog|59/100|[from] item: Leftovers
|upkeep
|turn|36
|
|t:|1741337045
|move|p2a: Excadrill|Iron Head|p1a: Eggnog
|-damage|p1a: Eggnog|13/100
|move|p1a: Eggnog|Soft-Boiled|p1a: Eggnog
|-heal|p1a: Eggnog|63/100
|
|-weather|Sandstorm|[upkeep]
|-damage|p1a: Eggnog|57/100|[from] Sandstorm
|-heal|p2a: Excadrill|88/100|[from] item: Leftovers
|-heal|p1a: Eggnog|63/100|[from] item: Leftovers
|upkeep
|turn|37
|
|t:|1741337052
|switch|p1a: Dreidel|Forretress, F|33/100
|-damage|p1a: Dreidel|20/100|[from] Spikes
|move|p2a: Excadrill|Earthquake|p1a: Dreidel
|-damage|p1a: Dreidel|0 fnt
|faint|p1a: Dreidel
|
|-weather|Sandstorm|[upkeep]
|-heal|p2a: Excadrill|95/100|[from] item: Leftovers
|upkeep
|
|t:|1741337055
|switch|p1a: Racist Uncle|Gliscor, F|100/100 tox
|turn|38
|
|t:|1741337066
|switch|p2a: Skarmory|Skarmory, F|82/100
|move|p1a: Racist Uncle|Knock Off|p2a: Skarmory
|-resisted|p2a: Skarmory
|-damage|p2a: Skarmory|80/100
|-damage|p1a: Racist Uncle|84/100 tox|[from] item: Rocky Helmet|[of] p2a: Skarmory
|-enditem|p2a: Skarmory|Rocky Helmet|[from] move: Knock Off|[of] p1a: Racist Uncle
|
|-weather|Sandstorm|[upkeep]
|-heal|p1a: Racist Uncle|96/100 tox|[from] ability: Poison Heal
|upkeep
|turn|39
|
|t:|1741337078
|switch|p1a: Eggnog|Blissey, F, shiny|63/100
|-damage|p1a: Eggnog|51/100|[from] Spikes
|move|p2a: Skarmory|Spikes|p1a: Eggnog
|-sidestart|p1: Simplexous|Spikes
|
|-weather|Sandstorm|[upkeep]
|-damage|p1a: Eggnog|45/100|[from] Sandstorm
|-heal|p1a: Eggnog|51/100|[from] item: Leftovers
|upkeep
|turn|40
|
|t:|1741337082
|move|p2a: Skarmory|Taunt|p1a: Eggnog
|-start|p1a: Eggnog|move: Taunt
|move|p1a: Eggnog|Seismic Toss|p2a: Skarmory
|-damage|p2a: Skarmory|50/100
|
|-weather|Sandstorm|[upkeep]
|-damage|p1a: Eggnog|45/100|[from] Sandstorm
|-heal|p1a: Eggnog|51/100|[from] item: Leftovers
|upkeep
|turn|41
|
|t:|1741337102
|move|p2a: Skarmory|Roost|p2a: Skarmory
|-heal|p2a: Skarmory|100/100
|-singleturn|p2a: Skarmory|move: Roost
|move|p1a: Eggnog|Seismic Toss|p2a: Skarmory
|-damage|p2a: Skarmory|71/100
|
|-weather|Sandstorm|[upkeep]
|-damage|p1a: Eggnog|45/100|[from] Sandstorm
|-heal|p1a: Eggnog|51/100|[from] item: Leftovers
|upkeep
|turn|42
|
|t:|1741337113
|move|p2a: Skarmory|Brave Bird|p1a: Eggnog
|-damage|p1a: Eggnog|20/100
|-damage|p2a: Skarmory|49/100|[from] Recoil
|move|p1a: Eggnog|Seismic Toss|p2a: Skarmory
|-damage|p2a: Skarmory|19/100
|
|-weather|Sandstorm|[upkeep]
|-damage|p1a: Eggnog|14/100|[from] Sandstorm
|-heal|p1a: Eggnog|20/100|[from] item: Leftovers
|-end|p1a: Eggnog|move: Taunt
|upkeep
|turn|43
|
|t:|1741337130
|move|p2a: Skarmory|Roost|p2a: Skarmory
|-heal|p2a: Skarmory|69/100
|-singleturn|p2a: Skarmory|move: Roost
|move|p1a: Eggnog|Thunder Wave|p2a: Skarmory
|-status|p2a: Skarmory|par
|
|-weather|Sandstorm|[upkeep]
|-damage|p1a: Eggnog|14/100|[from] Sandstorm
|-heal|p1a: Eggnog|20/100|[from] item: Leftovers
|upkeep
|turn|44
|
|t:|1741337134
|switch|p2a: Excadrill|Excadrill, M|95/100
|move|p1a: Eggnog|Soft-Boiled|p1a: Eggnog
|-heal|p1a: Eggnog|70/100
|
|-weather|Sandstorm|[upkeep]
|-damage|p1a: Eggnog|64/100|[from] Sandstorm
|-heal|p2a: Excadrill|100/100|[from] item: Leftovers
|-heal|p1a: Eggnog|70/100|[from] item: Leftovers
|upkeep
|turn|45
|
|t:|1741337138
|switch|p1a: Christmas Baby|Latias, F, shiny|83/100
|move|p2a: Excadrill|Iron Head|p1a: Christmas Baby
|-damage|p1a: Christmas Baby|17/100
|
|-weather|Sandstorm|[upkeep]
|-damage|p1a: Christmas Baby|11/100|[from] Sandstorm
|upkeep
|turn|46
|
|t:|1741337159
|switch|p2a: Blissey|Blissey, F|100/100
|move|p1a: Christmas Baby|Surf|p2a: Blissey
|-damage|p2a: Blissey|91/100
|
|-weather|Sandstorm|[upkeep]
|-damage|p1a: Christmas Baby|5/100|[from] Sandstorm
|-damage|p2a: Blissey|85/100|[from] Sandstorm
|-heal|p2a: Blissey|91/100|[from] item: Leftovers
|upkeep
|turn|47
|
|t:|1741337171
|move|p1a: Christmas Baby|Roost|p1a: Christmas Baby
|-heal|p1a: Christmas Baby|55/100
|-singleturn|p1a: Christmas Baby|move: Roost
|move|p2a: Blissey|Stealth Rock|p1a: Christmas Baby
|-sidestart|p1: Simplexous|move: Stealth Rock
|
|-weather|Sandstorm|[upkeep]
|-damage|p1a: Christmas Baby|49/100|[from] Sandstorm
|-damage|p2a: Blissey|85/100|[from] Sandstorm
|-heal|p2a: Blissey|91/100|[from] item: Leftovers
|upkeep
|turn|48
|
|t:|1741337176
|move|p1a: Christmas Baby|Thunder Wave|p2a: Blissey
|-status|p2a: Blissey|par
|move|p2a: Blissey|Toxic|p1a: Christmas Baby
|-status|p1a: Christmas Baby|tox
|
|-weather|Sandstorm|[upkeep]
|-damage|p1a: Christmas Baby|43/100 tox|[from] Sandstorm
|-damage|p2a: Blissey|85/100 par|[from] Sandstorm
|-heal|p2a: Blissey|91/100 par|[from] item: Leftovers
|-damage|p1a: Christmas Baby|37/100 tox|[from] psn
|upkeep
|turn|49
|
|t:|1741337186
|move|p1a: Christmas Baby|Roost|p1a: Christmas Baby
|-heal|p1a: Christmas Baby|87/100 tox
|-singleturn|p1a: Christmas Baby|move: Roost
|move|p2a: Blissey|Seismic Toss|p1a: Christmas Baby
|-damage|p1a: Christmas Baby|54/100 tox
|
|-weather|Sandstorm|[upkeep]
|-damage|p1a: Christmas Baby|48/100 tox|[from] Sandstorm
|-damage|p2a: Blissey|85/100 par|[from] Sandstorm
|-heal|p2a: Blissey|91/100 par|[from] item: Leftovers
|-damage|p1a: Christmas Baby|36/100 tox|[from] psn
|upkeep
|turn|50
|
|t:|1741337196
|switch|p1a: Eggnog|Blissey, F, shiny|70/100
|-damage|p1a: Eggnog|53/100|[from] Spikes
|-damage|p1a: Eggnog|41/100|[from] Stealth Rock
|move|p2a: Blissey|Seismic Toss|p1a: Eggnog
|-damage|p1a: Eggnog|27/100
|
|-weather|Sandstorm|[upkeep]
|-damage|p1a: Eggnog|20/100|[from] Sandstorm
|-damage|p2a: Blissey|85/100 par|[from] Sandstorm
|-heal|p1a: Eggnog|27/100|[from] item: Leftovers
|-heal|p2a: Blissey|91/100 par|[from] item: Leftovers
|upkeep
|turn|51
|
|t:|1741337203
|-curestatus|p2a: Blissey|par|[from] ability: Natural Cure
|switch|p2a: Excadrill|Excadrill, M|100/100
|move|p1a: Eggnog|Soft-Boiled|p1a: Eggnog
|-heal|p1a: Eggnog|77/100
|
|-weather|Sandstorm|[upkeep]
|-damage|p1a: Eggnog|70/100|[from] Sandstorm
|-heal|p1a: Eggnog|77/100|[from] item: Leftovers
|upkeep
|turn|52
|
|t:|1741337212
|move|p2a: Excadrill|Iron Head|p1a: Eggnog
|-damage|p1a: Eggnog|32/100
|move|p1a: Eggnog|Seismic Toss|p2a: Excadrill
|-damage|p2a: Excadrill|76/100
|
|-weather|Sandstorm|[upkeep]
|-damage|p1a: Eggnog|26/100|[from] Sandstorm
|-heal|p2a: Excadrill|82/100|[from] item: Leftovers
|-heal|p1a: Eggnog|32/100|[from] item: Leftovers
|upkeep
|turn|53
|
|t:|1741337216
|switch|p1a: Racist Uncle|Gliscor, F|96/100 tox
|-damage|p1a: Racist Uncle|84/100 tox|[from] Stealth Rock
|move|p2a: Excadrill|Iron Head|p1a: Racist Uncle
|-damage|p1a: Racist Uncle|46/100 tox
|
|-weather|Sandstorm|[upkeep]
|-heal|p2a: Excadrill|88/100|[from] item: Leftovers
|-heal|p1a: Racist Uncle|58/100 tox|[from] ability: Poison Heal
|upkeep
|turn|54
|
|t:|1741337226
|move|p2a: Excadrill|Iron Head|p1a: Racist Uncle
|-damage|p1a: Racist Uncle|23/100 tox
|move|p1a: Racist Uncle|Earthquake|p2a: Excadrill
|-supereffective|p2a: Excadrill
|-damage|p2a: Excadrill|0 fnt
|faint|p2a: Excadrill
|
|-weather|Sandstorm|[upkeep]
|-heal|p1a: Racist Uncle|36/100 tox|[from] ability: Poison Heal
|upkeep
|
|t:|1741337231
|switch|p2a: Reuniclus|Reuniclus, F|100/100
|turn|55
|
|t:|1741337238
|move|p1a: Racist Uncle|Knock Off|p2a: Reuniclus
|-supereffective|p2a: Reuniclus
|-damage|p2a: Reuniclus|93/100
|-enditem|p2a: Reuniclus|Sitrus Berry|[from] move: Knock Off|[of] p1a: Racist Uncle
|move|p2a: Reuniclus|Calm Mind|p2a: Reuniclus
|-boost|p2a: Reuniclus|spa|1
|-boost|p2a: Reuniclus|spd|1
|
|-weather|Sandstorm|[upkeep]
|-heal|p1a: Racist Uncle|48/100 tox|[from] ability: Poison Heal
|upkeep
|turn|56
|
|t:|1741337248
|switch|p1a: Eggnog|Blissey, F, shiny|32/100
|-damage|p1a: Eggnog|15/100|[from] Spikes
|-damage|p1a: Eggnog|3/100|[from] Stealth Rock
|move|p2a: Reuniclus|Calm Mind|p2a: Reuniclus
|-boost|p2a: Reuniclus|spa|1
|-boost|p2a: Reuniclus|spd|1
|
|-weather|Sandstorm|[upkeep]
|-damage|p1a: Eggnog|0 fnt|[from] Sandstorm
|faint|p1a: Eggnog
|upkeep
|
|t:|1741337249
|switch|p1a: Christmas Baby|Latias, F, shiny|36/100 tox
|-damage|p1a: Christmas Baby|24/100 tox|[from] Stealth Rock
|turn|57
|
|t:|1741337254
|move|p1a: Christmas Baby|Thunder Wave|p2a: Reuniclus
|-status|p2a: Reuniclus|par
|move|p2a: Reuniclus|Psyshock|p1a: Christmas Baby
|-resisted|p1a: Christmas Baby
|-damage|p1a: Christmas Baby|0 fnt
|faint|p1a: Christmas Baby
|
|-weather|Sandstorm|[upkeep]
|upkeep
|
|t:|1741337259
|switch|p1a: Racist Uncle|Gliscor, F|48/100 tox
|-damage|p1a: Racist Uncle|36/100 tox|[from] Stealth Rock
|turn|58
|
|t:|1741337264
|move|p1a: Racist Uncle|Protect|p1a: Racist Uncle
|-singleturn|p1a: Racist Uncle|Protect
|move|p2a: Reuniclus|Psyshock|p1a: Racist Uncle
|-activate|p1a: Racist Uncle|move: Protect
|
|-weather|Sandstorm|[upkeep]
|-heal|p1a: Racist Uncle|48/100 tox|[from] ability: Poison Heal
|upkeep
|turn|59
|
|t:|1741337277
|move|p1a: Racist Uncle|Earthquake|p2a: Reuniclus
|-damage|p2a: Reuniclus|68/100 par
|move|p2a: Reuniclus|Psyshock|p1a: Racist Uncle
|-damage|p1a: Racist Uncle|4/100 tox
|
|-weather|Sandstorm|[upkeep]
|-heal|p1a: Racist Uncle|16/100 tox|[from] ability: Poison Heal
|upkeep
|turn|60
|
|t:|1741337282
|move|p1a: Racist Uncle|Protect|p1a: Racist Uncle
|-singleturn|p1a: Racist Uncle|Protect
|move|p2a: Reuniclus|Recover|p2a: Reuniclus
|-heal|p2a: Reuniclus|100/100 par
|
|-weather|Sandstorm|[upkeep]
|-heal|p1a: Racist Uncle|28/100 tox|[from] ability: Poison Heal
|upkeep
|turn|61
|
|t:|1741337290
|move|p1a: Racist Uncle|Earthquake|p2a: Reuniclus
|-crit|p2a: Reuniclus
|-damage|p2a: Reuniclus|57/100 par
|move|p2a: Reuniclus|Calm Mind|p2a: Reuniclus
|-boost|p2a: Reuniclus|spa|1
|-boost|p2a: Reuniclus|spd|1
|
|-weather|Sandstorm|[upkeep]
|-heal|p1a: Racist Uncle|41/100 tox|[from] ability: Poison Heal
|upkeep
|turn|62
|
|t:|1741337296
|move|p1a: Racist Uncle|Earthquake|p2a: Reuniclus
|-damage|p2a: Reuniclus|33/100 par
|cant|p2a: Reuniclus|par
|
|-weather|Sandstorm|[upkeep]
|-heal|p1a: Racist Uncle|53/100 tox|[from] ability: Poison Heal
|upkeep
|turn|63
|
|t:|1741337301
|move|p1a: Racist Uncle|Earthquake|p2a: Reuniclus
|-damage|p2a: Reuniclus|8/100 par
|move|p2a: Reuniclus|Recover|p2a: Reuniclus
|-heal|p2a: Reuniclus|58/100 par
|
|-weather|Sandstorm|[upkeep]
|-heal|p1a: Racist Uncle|66/100 tox|[from] ability: Poison Heal
|upkeep
|turn|64
|
|t:|1741337305
|move|p1a: Racist Uncle|Earthquake|p2a: Reuniclus
|-damage|p2a: Reuniclus|35/100 par
|move|p2a: Reuniclus|Recover|p2a: Reuniclus
|-heal|p2a: Reuniclus|85/100 par
|
|-weather|Sandstorm|[upkeep]
|-heal|p1a: Racist Uncle|78/100 tox|[from] ability: Poison Heal
|upkeep
|turn|65
|
|t:|1741337313
|move|p1a: Racist Uncle|Earthquake|p2a: Reuniclus
|-damage|p2a: Reuniclus|60/100 par
|move|p2a: Reuniclus|Calm Mind|p2a: Reuniclus
|-boost|p2a: Reuniclus|spa|1
|-boost|p2a: Reuniclus|spd|1
|
|-weather|Sandstorm|[upkeep]
|-heal|p1a: Racist Uncle|91/100 tox|[from] ability: Poison Heal
|upkeep
|turn|66
|
|t:|1741337318
|move|p1a: Racist Uncle|Knock Off|p2a: Reuniclus
|-supereffective|p2a: Reuniclus
|-damage|p2a: Reuniclus|53/100 par
|move|p2a: Reuniclus|Recover|p2a: Reuniclus
|-heal|p2a: Reuniclus|100/100 par
|
|-weather|Sandstorm|[upkeep]
|-heal|p1a: Racist Uncle|100/100 tox|[from] ability: Poison Heal
|upkeep
|turn|67
|
|t:|1741337323
|move|p1a: Racist Uncle|Knock Off|p2a: Reuniclus
|-supereffective|p2a: Reuniclus
|-damage|p2a: Reuniclus|93/100 par
|move|p2a: Reuniclus|Calm Mind|p2a: Reuniclus
|-boost|p2a: Reuniclus|spa|1
|-boost|p2a: Reuniclus|spd|1
|
|-weather|Sandstorm|[upkeep]
|upkeep
|turn|68
|
|t:|1741337326
|move|p1a: Racist Uncle|Stealth Rock|p2a: Reuniclus
|-sidestart|p2: phosphor|move: Stealth Rock
|move|p2a: Reuniclus|Calm Mind|p2a: Reuniclus
|-boost|p2a: Reuniclus|spa|1
|-boost|p2a: Reuniclus|spd|1
|
|-weather|Sandstorm|[upkeep]
|upkeep
|turn|69
|
|t:|1741337332
|move|p1a: Racist Uncle|Earthquake|p2a: Reuniclus
|-damage|p2a: Reuniclus|69/100 par
|move|p2a: Reuniclus|Psyshock|p1a: Racist Uncle
|-damage|p1a: Racist Uncle|5/100 tox
|
|-weather|Sandstorm|[upkeep]
|-heal|p1a: Racist Uncle|17/100 tox|[from] ability: Poison Heal
|upkeep
|turn|70
|
|t:|1741337337
|move|p1a: Racist Uncle|Earthquake|p2a: Reuniclus
|-damage|p2a: Reuniclus|46/100 par
|cant|p2a: Reuniclus|par
|
|-weather|Sandstorm|[upkeep]
|-heal|p1a: Racist Uncle|30/100 tox|[from] ability: Poison Heal
|upkeep
|turn|71
|
|t:|1741337341
|move|p1a: Racist Uncle|Earthquake|p2a: Reuniclus
|-damage|p2a: Reuniclus|23/100 par
|move|p2a: Reuniclus|Psyshock|p1a: Racist Uncle
|-damage|p1a: Racist Uncle|0 fnt
|faint|p1a: Racist Uncle
|
|win|phosphor
|raw|Simplexous's rating: 1417 &rarr; <strong>1401</strong><br />(-16 for losing)
|raw|phosphor's rating: 1482 &rarr; <strong>1498</strong><br />(+16 for winning)
|l|☆Simplexous
|player|p1|
|c|☆phosphor|gg
