|j|☆Blaise Mister B
|j|☆sweepmage
|t:|1730287992
|gametype|singles
|player|p1|Blaise Mister B|102|1417
|player|p2|sweepmage|102|1397
|teamsize|p1|6
|teamsize|p2|6
|gen|5
|tier|[Gen 5] OU
|rated|
|rule|Species Clause: Limit one of each Pokémon
|rule|OHKO Clause: OHKO moves are banned
|rule|Moody Clause: Moody is banned
|rule|Evasion Items Clause: Evasion items are banned
|rule|Evasion Moves Clause: Evasion moves are banned
|rule|Endless Battle Clause: Forcing endless battles is banned
|rule|HP Percentage Mod: HP is shown in percentages
|rule|Evasion Abilities Clause: Evasion abilities are banned
|rule|Sleep Moves Clause: Sleep-inducing moves are banned
|rule|Swagger Clause: Swagger is banned
|rule|Baton Pass Stat Clause: No Baton Passer may have a way to boost its stats
|clearpoke
|poke|p1|Excadrill, M|item
|poke|p1|Hippowdon, M|item
|poke|p1|Tangrowth, M|item
|poke|p1|Slowbro, M|item
|poke|p1|Blissey, F|item
|poke|p1|Slowking, F|item
|poke|p2|Tyranitar, M|item
|poke|p2|Landorus-Therian, M|item
|poke|p2|Garchomp, M|item
|poke|p2|Latios, M|item
|poke|p2|Jirachi|item
|poke|p2|Starmie|item
|teampreview
|inactive|Battle timer is ON: inactive players will automatically lose when time's up. (requested by sweepmage)
|inactive|sweepmage has 120 seconds left.
|
|t:|1730288039
|start
|switch|p1a: Neptunus|Slowbro, M|100/100
|switch|p2a: Jirachi|Jirachi|100/100
|turn|1
|inactive|Blaise Mister B has 120 seconds left.
|inactive|sweepmage has 120 seconds left.
|
|t:|1730288086
|move|p2a: Jirachi|U-turn|p1a: Neptunus
|-supereffective|p1a: Neptunus
|-damage|p1a: Neptunus|77/100
|-damage|p2a: Jirachi|84/100|[from] item: Rocky Helmet|[of] p1a: Neptunus
|
|t:|1730288096
|switch|p2a: Tyranitar|Tyranitar, M|100/100|[from] U-turn
|-weather|Sandstorm|[from] ability: Sand Stream|[of] p2a: Tyranitar
|move|p1a: Neptunus|Scald|p2a: Tyranitar
|-supereffective|p2a: Tyranitar
|-damage|p2a: Tyranitar|69/100
|-status|p2a: Tyranitar|brn
|
|-weather|Sandstorm|[upkeep]
|-damage|p1a: Neptunus|71/100|[from] Sandstorm
|-damage|p2a: Tyranitar|57/100 brn|[from] brn
|upkeep
|turn|2
|inactive|sweepmage has 120 seconds left.
|c|☆sweepmage|gay
|inactive|Blaise Mister B has 90 seconds left.
|
|t:|1730288130
|move|p2a: Tyranitar|Pursuit|p1a: Neptunus
|-supereffective|p1a: Neptunus
|-damage|p1a: Neptunus|50/100
|-damage|p2a: Tyranitar|40/100 brn|[from] item: Rocky Helmet|[of] p1a: Neptunus
|move|p1a: Neptunus|Scald|p2a: Tyranitar
|-supereffective|p2a: Tyranitar
|-damage|p2a: Tyranitar|7/100 brn
|
|-weather|Sandstorm|[upkeep]
|-damage|p1a: Neptunus|44/100|[from] Sandstorm
|-damage|p2a: Tyranitar|0 fnt|[from] brn
|faint|p2a: Tyranitar
|upkeep
|
|t:|1730288145
|switch|p2a: Garchomp|Garchomp, M|100/100
|turn|3
|c|☆Blaise Mister B|homophobic
|c|☆sweepmage|gay af for burning me
|inactive|Blaise Mister B has 90 seconds left.
|
|t:|1730288160
|move|p2a: Garchomp|Substitute|p2a: Garchomp
|-start|p2a: Garchomp|Substitute
|-damage|p2a: Garchomp|76/100
|move|p1a: Neptunus|Ice Beam|p2a: Garchomp
|-supereffective|p2a: Garchomp
|-end|p2a: Garchomp|Substitute
|
|-weather|Sandstorm|[upkeep]
|-damage|p1a: Neptunus|38/100|[from] Sandstorm
|upkeep
|turn|4
|c|☆sweepmage|turn 1 scald
|
|t:|1730288168
|switch|p1a: Saturnus|Tangrowth, M, shiny|100/100
|move|p2a: Garchomp|Outrage|p1a: Saturnus
|-damage|p1a: Saturnus|55/100
|
|-weather|Sandstorm|[upkeep]
|-damage|p1a: Saturnus|49/100|[from] Sandstorm
|-heal|p1a: Saturnus|55/100|[from] item: Leftovers
|upkeep
|turn|5
|
|t:|1730288176
|move|p2a: Garchomp|Outrage|p1a: Saturnus|[from]lockedmove
|-damage|p1a: Saturnus|14/100
|move|p1a: Saturnus|Stun Spore|p2a: Garchomp
|-status|p2a: Garchomp|par
|
|-weather|Sandstorm|[upkeep]
|-damage|p1a: Saturnus|7/100|[from] Sandstorm
|-heal|p1a: Saturnus|14/100|[from] item: Leftovers
|upkeep
|turn|6
|c|☆sweepmage|why do you have stun spore
|
|t:|1730288192
|switch|p1a: Neptunus|Slowbro, M|71/100
|move|p2a: Garchomp|Outrage|p1a: Neptunus|[from]lockedmove
|-damage|p1a: Neptunus|21/100
|-damage|p2a: Garchomp|59/100 par|[from] item: Rocky Helmet|[of] p1a: Neptunus
|-start|p2a: Garchomp|confusion|[fatigue]
|
|-weather|Sandstorm|[upkeep]
|-damage|p1a: Neptunus|14/100|[from] Sandstorm
|upkeep
|turn|7
|
|t:|1730288201
|move|p1a: Neptunus|Slack Off|p1a: Neptunus
|-heal|p1a: Neptunus|64/100
|-activate|p2a: Garchomp|confusion
|move|p2a: Garchomp|Earthquake|p1a: Neptunus
|-damage|p1a: Neptunus|30/100
|
|-weather|Sandstorm|[upkeep]
|-damage|p1a: Neptunus|24/100|[from] Sandstorm
|upkeep
|turn|8
|inactive|Blaise Mister B has 120 seconds left.
|
|t:|1730288210
|switch|p2a: Starmie|Starmie, shiny|100/100
|move|p1a: Neptunus|Slack Off|p1a: Neptunus
|-heal|p1a: Neptunus|74/100
|
|-weather|Sandstorm|[upkeep]
|-damage|p2a: Starmie|94/100|[from] Sandstorm
|-damage|p1a: Neptunus|68/100|[from] Sandstorm
|upkeep
|turn|9
|
|t:|1730288217
|switch|p1a: Venus|Blissey, F, shiny|100/100
|move|p2a: Starmie|Thunder|p1a: Venus
|-damage|p1a: Venus|90/100
|
|-weather|Sandstorm|[upkeep]
|-damage|p2a: Starmie|88/100|[from] Sandstorm
|-damage|p1a: Venus|84/100|[from] Sandstorm
|-heal|p1a: Venus|90/100|[from] item: Leftovers
|upkeep
|turn|10
|inactive|Blaise Mister B has 120 seconds left.
|
|t:|1730288233
|switch|p2a: Landorus|Landorus-Therian, M, shiny|100/100
|-ability|p2a: Landorus|Intimidate|boost
|-unboost|p1a: Venus|atk|1
|move|p1a: Venus|Wish|p1a: Venus
|
|-weather|Sandstorm|[upkeep]
|-damage|p1a: Venus|84/100|[from] Sandstorm
|-heal|p1a: Venus|90/100|[from] item: Leftovers
|upkeep
|turn|11
|
|t:|1730288247
|switch|p1a: Saturnus|Tangrowth, M, shiny|47/100
|move|p2a: Landorus|Stealth Rock|p1a: Saturnus
|-sidestart|p1: Blaise Mister B|move: Stealth Rock
|
|-weather|Sandstorm|[upkeep]
|-damage|p1a: Saturnus|41/100|[from] Sandstorm
|-heal|p1a: Saturnus|100/100|[from] move: Wish|[wisher] Venus
|upkeep
|turn|12
|
|t:|1730288255
|move|p2a: Landorus|U-turn|p1a: Saturnus
|-supereffective|p1a: Saturnus
|-damage|p1a: Saturnus|76/100
|
|t:|1730288257
|switch|p2a: Garchomp|Garchomp, M|59/100 par|[from] U-turn
|move|p1a: Saturnus|Stun Spore|p2a: Garchomp
|-fail|p2a: Garchomp|par
|
|-weather|Sandstorm|[upkeep]
|-damage|p1a: Saturnus|70/100|[from] Sandstorm
|-heal|p1a: Saturnus|76/100|[from] item: Leftovers
|upkeep
|turn|13
|
|t:|1730288262
|move|p1a: Saturnus|Power Whip|p2a: Garchomp
|-damage|p2a: Garchomp|21/100 par
|-damage|p1a: Saturnus|64/100|[from] ability: Rough Skin|[of] p2a: Garchomp
|move|p2a: Garchomp|Substitute|p2a: Garchomp
|-fail|p2a: Garchomp|move: Substitute|[weak]
|
|-weather|Sandstorm|[upkeep]
|-damage|p1a: Saturnus|58/100|[from] Sandstorm
|-heal|p1a: Saturnus|64/100|[from] item: Leftovers
|upkeep
|turn|14
|
|t:|1730288271
|move|p1a: Saturnus|Power Whip|p2a: Garchomp
|-damage|p2a: Garchomp|0 fnt
|-damage|p1a: Saturnus|51/100|[from] ability: Rough Skin|[of] p2a: Garchomp
|faint|p2a: Garchomp
|
|-weather|Sandstorm|[upkeep]
|-damage|p1a: Saturnus|45/100|[from] Sandstorm
|-heal|p1a: Saturnus|51/100|[from] item: Leftovers
|upkeep
|
|t:|1730288278
|switch|p2a: Latios|Latios, M, shiny|100/100
|turn|15
|
|t:|1730288281
|switch|p1a: Minerva|Slowking, F|100/100
|-damage|p1a: Minerva|88/100|[from] Stealth Rock
|move|p2a: Latios|Draco Meteor|p1a: Minerva
|-damage|p1a: Minerva|29/100
|-unboost|p2a: Latios|spa|2
|
|-weather|Sandstorm|[upkeep]
|-damage|p2a: Latios|95/100|[from] Sandstorm
|-damage|p1a: Minerva|23/100|[from] Sandstorm
|upkeep
|turn|16
|
|t:|1730288291
|switch|p2a: Landorus|Landorus-Therian, M, shiny|100/100
|-ability|p2a: Landorus|Intimidate|boost
|-unboost|p1a: Minerva|atk|1
|switch|p1a: Mars|Excadrill, M|100/100
|-damage|p1a: Mars|97/100|[from] Stealth Rock
|
|-weather|Sandstorm|[upkeep]
|-heal|p1a: Mars|100/100|[from] item: Leftovers
|upkeep
|turn|17
|
|t:|1730288299
|switch|p1a: Neptunus|Slowbro, M|100/100
|-damage|p1a: Neptunus|88/100|[from] Stealth Rock
|move|p2a: Landorus|Earthquake|p1a: Neptunus
|-damage|p1a: Neptunus|62/100
|
|-weather|Sandstorm|[upkeep]
|-damage|p1a: Neptunus|56/100|[from] Sandstorm
|upkeep
|turn|18
|
|t:|1730288308
|move|p2a: Landorus|U-turn|p1a: Neptunus
|-supereffective|p1a: Neptunus
|-damage|p1a: Neptunus|29/100
|-damage|p2a: Landorus|84/100|[from] item: Rocky Helmet|[of] p1a: Neptunus
|
|t:|1730288313
|switch|p2a: Jirachi|Jirachi|84/100|[from] U-turn
|move|p1a: Neptunus|Scald|p2a: Jirachi
|-damage|p2a: Jirachi|59/100
|
|-weather|Sandstorm|[upkeep]
|-damage|p1a: Neptunus|23/100|[from] Sandstorm
|upkeep
|turn|19
|
|t:|1730288320
|switch|p1a: Janus|Hippowdon, M|100/100
|-damage|p1a: Janus|94/100|[from] Stealth Rock
|move|p2a: Jirachi|U-turn|p1a: Janus
|-damage|p1a: Janus|85/100
|-damage|p2a: Jirachi|42/100|[from] item: Rocky Helmet|[of] p1a: Janus
|
|t:|1730288338
|switch|p2a: Starmie|Starmie, shiny|88/100|[from] U-turn
|
|-weather|Sandstorm|[upkeep]
|-damage|p2a: Starmie|82/100|[from] Sandstorm
|upkeep
|turn|20
|
|t:|1730288342
|switch|p1a: Venus|Blissey, F, shiny|90/100
|-damage|p1a: Venus|77/100|[from] Stealth Rock
|move|p2a: Starmie|Hydro Pump|p1a: Venus|[miss]
|-miss|p2a: Starmie|p1a: Venus
|
|-weather|Sandstorm|[upkeep]
|-damage|p2a: Starmie|76/100|[from] Sandstorm
|-damage|p1a: Venus|71/100|[from] Sandstorm
|-heal|p1a: Venus|77/100|[from] item: Leftovers
|upkeep
|turn|21
|
|t:|1730288351
|switch|p2a: Landorus|Landorus-Therian, M, shiny|84/100
|-ability|p2a: Landorus|Intimidate|boost
|-unboost|p1a: Venus|atk|1
|move|p1a: Venus|Wish|p1a: Venus
|
|-weather|Sandstorm|[upkeep]
|-damage|p1a: Venus|71/100|[from] Sandstorm
|-heal|p2a: Landorus|90/100|[from] item: Leftovers
|-heal|p1a: Venus|77/100|[from] item: Leftovers
|upkeep
|turn|22
|
|t:|1730288357
|switch|p1a: Neptunus|Slowbro, M|56/100
|-damage|p1a: Neptunus|44/100|[from] Stealth Rock
|move|p2a: Landorus|Earthquake|p1a: Neptunus
|-damage|p1a: Neptunus|15/100
|
|-weather|Sandstorm|[upkeep]
|-damage|p1a: Neptunus|9/100|[from] Sandstorm
|-heal|p1a: Neptunus|91/100|[from] move: Wish|[wisher] Venus
|-heal|p2a: Landorus|96/100|[from] item: Leftovers
|upkeep
|turn|23
|
|t:|1730288366
|move|p2a: Landorus|U-turn|p1a: Neptunus
|-supereffective|p1a: Neptunus
|-damage|p1a: Neptunus|66/100
|-damage|p2a: Landorus|80/100|[from] item: Rocky Helmet|[of] p1a: Neptunus
|
|t:|1730288371
|switch|p2a: Jirachi|Jirachi|42/100|[from] U-turn
|move|p1a: Neptunus|Scald|p2a: Jirachi
|-damage|p2a: Jirachi|18/100
|-status|p2a: Jirachi|brn
|
|-weather|Sandstorm|[upkeep]
|-damage|p1a: Neptunus|60/100|[from] Sandstorm
|-damage|p2a: Jirachi|6/100 brn|[from] brn
|upkeep
|turn|24
|
|t:|1730288381
|switch|p2a: Starmie|Starmie, shiny|76/100
|switch|p1a: Janus|Hippowdon, M|85/100
|-damage|p1a: Janus|79/100|[from] Stealth Rock
|
|-weather|Sandstorm|[upkeep]
|-damage|p2a: Starmie|70/100|[from] Sandstorm
|upkeep
|turn|25
|
|t:|1730288389
|switch|p2a: Latios|Latios, M, shiny|95/100
|switch|p1a: Venus|Blissey, F, shiny|77/100
|-damage|p1a: Venus|65/100|[from] Stealth Rock
|
|-weather|Sandstorm|[upkeep]
|-damage|p2a: Latios|89/100|[from] Sandstorm
|-damage|p1a: Venus|59/100|[from] Sandstorm
|-heal|p1a: Venus|65/100|[from] item: Leftovers
|upkeep
|turn|26
|
|t:|1730288398
|switch|p1a: Mars|Excadrill, M|100/100
|-damage|p1a: Mars|97/100|[from] Stealth Rock
|move|p2a: Latios|Psyshock|p1a: Mars
|-resisted|p1a: Mars
|-damage|p1a: Mars|60/100
|
|-weather|Sandstorm|[upkeep]
|-damage|p2a: Latios|83/100|[from] Sandstorm
|-heal|p1a: Mars|66/100|[from] item: Leftovers
|upkeep
|turn|27
|
|t:|1730288412
|switch|p2a: Landorus|Landorus-Therian, M, shiny|80/100
|-ability|p2a: Landorus|Intimidate|boost
|-unboost|p1a: Mars|atk|1
|move|p1a: Mars|Rock Slide|p2a: Landorus
|-damage|p2a: Landorus|62/100
|
|-weather|Sandstorm|[upkeep]
|-heal|p1a: Mars|72/100|[from] item: Leftovers
|-heal|p2a: Landorus|68/100|[from] item: Leftovers
|upkeep
|turn|28
|
|t:|1730288427
|switch|p1a: Saturnus|Tangrowth, M, shiny|85/100
|-damage|p1a: Saturnus|72/100|[from] Stealth Rock
|move|p2a: Landorus|U-turn|p1a: Saturnus
|-supereffective|p1a: Saturnus
|-crit|p1a: Saturnus
|-damage|p1a: Saturnus|25/100
|
|t:|1730288434
|switch|p2a: Latios|Latios, M, shiny|83/100|[from] U-turn
|
|-weather|Sandstorm|[upkeep]
|-damage|p2a: Latios|77/100|[from] Sandstorm
|-damage|p1a: Saturnus|19/100|[from] Sandstorm
|-heal|p1a: Saturnus|25/100|[from] item: Leftovers
|upkeep
|turn|29
|
|t:|1730288445
|switch|p1a: Minerva|Slowking, F|57/100
|-damage|p1a: Minerva|44/100|[from] Stealth Rock
|move|p2a: Latios|Psyshock|p1a: Minerva
|-resisted|p1a: Minerva
|-damage|p1a: Minerva|9/100
|
|-weather|Sandstorm|[upkeep]
|-damage|p2a: Latios|71/100|[from] Sandstorm
|-damage|p1a: Minerva|3/100|[from] Sandstorm
|upkeep
|turn|30
|
|t:|1730288453
|switch|p1a: Neptunus|Slowbro, M|94/100
|-damage|p1a: Neptunus|81/100|[from] Stealth Rock
|move|p2a: Latios|Psyshock|p1a: Neptunus
|-resisted|p1a: Neptunus
|-crit|p1a: Neptunus
|-damage|p1a: Neptunus|44/100
|
|-weather|Sandstorm|[upkeep]
|-damage|p2a: Latios|65/100|[from] Sandstorm
|-damage|p1a: Neptunus|38/100|[from] Sandstorm
|upkeep
|turn|31
|
|t:|1730288465
|move|p2a: Latios|Psyshock|p1a: Neptunus
|-resisted|p1a: Neptunus
|-damage|p1a: Neptunus|21/100
|move|p1a: Neptunus|Slack Off|p1a: Neptunus
|-heal|p1a: Neptunus|71/100
|
|-weather|Sandstorm|[upkeep]
|-damage|p2a: Latios|59/100|[from] Sandstorm
|-damage|p1a: Neptunus|64/100|[from] Sandstorm
|upkeep
|turn|32
|
|t:|1730288472
|switch|p2a: Starmie|Starmie, shiny|70/100
|move|p1a: Neptunus|Ice Beam|p2a: Starmie
|-resisted|p2a: Starmie
|-damage|p2a: Starmie|53/100
|
|-weather|Sandstorm|[upkeep]
|-damage|p2a: Starmie|46/100|[from] Sandstorm
|-damage|p1a: Neptunus|58/100|[from] Sandstorm
|upkeep
|turn|33
|
|t:|1730288478
|switch|p2a: Landorus|Landorus-Therian, M, shiny|68/100
|-ability|p2a: Landorus|Intimidate|boost
|-unboost|p1a: Neptunus|atk|1
|switch|p1a: Venus|Blissey, F, shiny|65/100
|-damage|p1a: Venus|53/100|[from] Stealth Rock
|
|-weather|Sandstorm|[upkeep]
|-damage|p1a: Venus|47/100|[from] Sandstorm
|-heal|p2a: Landorus|74/100|[from] item: Leftovers
|-heal|p1a: Venus|53/100|[from] item: Leftovers
|upkeep
|turn|34
|
|t:|1730288488
|switch|p1a: Neptunus|Slowbro, M|92/100
|-damage|p1a: Neptunus|79/100|[from] Stealth Rock
|move|p2a: Landorus|Earthquake|p1a: Neptunus
|-damage|p1a: Neptunus|53/100
|
|-weather|Sandstorm|[upkeep]
|-damage|p1a: Neptunus|47/100|[from] Sandstorm
|-heal|p2a: Landorus|80/100|[from] item: Leftovers
|upkeep
|turn|35
|
|t:|1730288502
|switch|p1a: Janus|Hippowdon, M|79/100
|-damage|p1a: Janus|72/100|[from] Stealth Rock
|move|p2a: Landorus|U-turn|p1a: Janus
|-damage|p1a: Janus|61/100
|-damage|p2a: Landorus|64/100|[from] item: Rocky Helmet|[of] p1a: Janus
|
|t:|1730288508
|switch|p2a: Starmie|Starmie, shiny|46/100|[from] U-turn
|
|-weather|Sandstorm|[upkeep]
|-damage|p2a: Starmie|40/100|[from] Sandstorm
|upkeep
|turn|36
|
|t:|1730288517
|move|p2a: Starmie|Hydro Pump|p1a: Janus
|-supereffective|p1a: Janus
|-damage|p1a: Janus|0 fnt
|faint|p1a: Janus
|
|-weather|Sandstorm|[upkeep]
|-damage|p2a: Starmie|34/100|[from] Sandstorm
|upkeep
|
|t:|1730288524
|switch|p1a: Venus|Blissey, F, shiny|53/100
|-damage|p1a: Venus|40/100|[from] Stealth Rock
|turn|37
|
|t:|1730288536
|switch|p2a: Landorus|Landorus-Therian, M, shiny|64/100
|-ability|p2a: Landorus|Intimidate|boost
|-unboost|p1a: Venus|atk|1
|move|p1a: Venus|Wish|p1a: Venus
|
|-weather|Sandstorm|[upkeep]
|-damage|p1a: Venus|34/100|[from] Sandstorm
|-heal|p2a: Landorus|70/100|[from] item: Leftovers
|-heal|p1a: Venus|40/100|[from] item: Leftovers
|upkeep
|turn|38
|
|t:|1730288541
|move|p1a: Venus|Protect|p1a: Venus
|-singleturn|p1a: Venus|Protect
|move|p2a: Landorus|U-turn|p1a: Venus
|-activate|p1a: Venus|move: Protect
|
|-weather|Sandstorm|[upkeep]
|-damage|p1a: Venus|34/100|[from] Sandstorm
|-heal|p1a: Venus|84/100|[from] move: Wish|[wisher] Venus
|-heal|p2a: Landorus|76/100|[from] item: Leftovers
|-heal|p1a: Venus|90/100|[from] item: Leftovers
|upkeep
|turn|39
|
|t:|1730288547
|move|p2a: Landorus|Earthquake|p1a: Venus
|-damage|p1a: Venus|40/100
|move|p1a: Venus|Wish|p1a: Venus
|
|-weather|Sandstorm|[upkeep]
|-damage|p1a: Venus|34/100|[from] Sandstorm
|-heal|p2a: Landorus|82/100|[from] item: Leftovers
|-heal|p1a: Venus|40/100|[from] item: Leftovers
|upkeep
|turn|40
|
|t:|1730288559
|move|p1a: Venus|Protect|p1a: Venus
|-singleturn|p1a: Venus|Protect
|move|p2a: Landorus|U-turn|p1a: Venus
|-activate|p1a: Venus|move: Protect
|
|-weather|Sandstorm|[upkeep]
|-damage|p1a: Venus|34/100|[from] Sandstorm
|-heal|p1a: Venus|84/100|[from] move: Wish|[wisher] Venus
|-heal|p2a: Landorus|88/100|[from] item: Leftovers
|-heal|p1a: Venus|90/100|[from] item: Leftovers
|upkeep
|turn|41
|
|t:|1730288562
|switch|p1a: Neptunus|Slowbro, M|80/100
|-damage|p1a: Neptunus|68/100|[from] Stealth Rock
|move|p2a: Landorus|Earthquake|p1a: Neptunus
|-damage|p1a: Neptunus|42/100
|
|-weather|Sandstorm|[upkeep]
|-damage|p1a: Neptunus|36/100|[from] Sandstorm
|-heal|p2a: Landorus|94/100|[from] item: Leftovers
|upkeep
|turn|42
|
|t:|1730288581
|move|p2a: Landorus|U-turn|p1a: Neptunus
|-supereffective|p1a: Neptunus
|-damage|p1a: Neptunus|10/100
|-damage|p2a: Landorus|77/100|[from] item: Rocky Helmet|[of] p1a: Neptunus
|
|t:|1730288587
|switch|p2a: Jirachi|Jirachi|6/100 brn|[from] U-turn
|move|p1a: Neptunus|Ice Beam|p2a: Jirachi
|-resisted|p2a: Jirachi
|-damage|p2a: Jirachi|0 fnt
|faint|p2a: Jirachi
|
|-weather|Sandstorm|[upkeep]
|-damage|p1a: Neptunus|4/100|[from] Sandstorm
|upkeep
|
|t:|1730288597
|switch|p2a: Latios|Latios, M, shiny|59/100
|turn|43
|
|t:|1730288603
|move|p2a: Latios|Psyshock|p1a: Neptunus
|-resisted|p1a: Neptunus
|-crit|p1a: Neptunus
|-damage|p1a: Neptunus|0 fnt
|faint|p1a: Neptunus
|
|-weather|Sandstorm|[upkeep]
|-damage|p2a: Latios|53/100|[from] Sandstorm
|upkeep
|
|t:|1730288613
|switch|p1a: Saturnus|Tangrowth, M, shiny|58/100
|-damage|p1a: Saturnus|46/100|[from] Stealth Rock
|turn|44
|
|t:|1730288617
|move|p2a: Latios|Psyshock|p1a: Saturnus
|-damage|p1a: Saturnus|13/100
|move|p1a: Saturnus|Stun Spore|p2a: Latios
|-status|p2a: Latios|par
|
|-weather|Sandstorm|[upkeep]
|-damage|p1a: Saturnus|7/100|[from] Sandstorm
|-damage|p2a: Latios|47/100 par|[from] Sandstorm
|-heal|p1a: Saturnus|13/100|[from] item: Leftovers
|upkeep
|turn|45
|
|t:|1730288628
|switch|p1a: Mars|Excadrill, M|72/100
|-damage|p1a: Mars|69/100|[from] Stealth Rock
|switch|p2a: Landorus|Landorus-Therian, M, shiny|77/100
|-ability|p2a: Landorus|Intimidate|boost
|-unboost|p1a: Mars|atk|1
|
|-weather|Sandstorm|[upkeep]
|-heal|p1a: Mars|75/100|[from] item: Leftovers
|-heal|p2a: Landorus|83/100|[from] item: Leftovers
|upkeep
|turn|46
|
|t:|1730288648
|move|p1a: Mars|Stealth Rock|p2a: Landorus
|-sidestart|p2: sweepmage|move: Stealth Rock
|move|p2a: Landorus|Earthquake|p1a: Mars
|-supereffective|p1a: Mars
|-damage|p1a: Mars|0 fnt
|faint|p1a: Mars
|
|-weather|Sandstorm|[upkeep]
|-heal|p2a: Landorus|90/100|[from] item: Leftovers
|upkeep
|
|t:|1730288652
|switch|p1a: Saturnus|Tangrowth, M, shiny|46/100
|-damage|p1a: Saturnus|34/100|[from] Stealth Rock
|turn|47
|
|t:|1730288659
|move|p2a: Landorus|Hidden Power|p1a: Saturnus
|-supereffective|p1a: Saturnus
|-damage|p1a: Saturnus|0 fnt
|faint|p1a: Saturnus
|
|-weather|Sandstorm|[upkeep]
|-heal|p2a: Landorus|96/100|[from] item: Leftovers
|upkeep
|
|t:|1730288664
|switch|p1a: Venus|Blissey, F, shiny|90/100
|-damage|p1a: Venus|77/100|[from] Stealth Rock
|turn|48
|
|t:|1730288668
|move|p2a: Landorus|Earthquake|p1a: Venus
|-damage|p1a: Venus|25/100
|move|p1a: Venus|Toxic|p2a: Landorus
|-status|p2a: Landorus|tox
|
|-weather|Sandstorm|[upkeep]
|-damage|p1a: Venus|19/100|[from] Sandstorm
|-heal|p2a: Landorus|100/100 tox|[from] item: Leftovers
|-heal|p1a: Venus|25/100|[from] item: Leftovers
|-damage|p2a: Landorus|94/100 tox|[from] psn
|upkeep
|turn|49
|
|t:|1730288678
|switch|p2a: Starmie|Starmie, shiny|34/100
|-damage|p2a: Starmie|22/100|[from] Stealth Rock
|move|p1a: Venus|Protect||[still]
|-fail|p1a: Venus
|
|-weather|Sandstorm|[upkeep]
|-damage|p2a: Starmie|16/100|[from] Sandstorm
|-damage|p1a: Venus|19/100|[from] Sandstorm
|-heal|p1a: Venus|25/100|[from] item: Leftovers
|upkeep
|turn|50
|
|t:|1730288681
|move|p2a: Starmie|Rapid Spin|p1a: Venus
|-crit|p1a: Venus
|-damage|p1a: Venus|19/100
|-sideend|p2: sweepmage|Stealth Rock|[from] move: Rapid Spin|[of] p2a: Starmie
|move|p1a: Venus|Wish|p1a: Venus
|
|-weather|Sandstorm|[upkeep]
|-damage|p2a: Starmie|10/100|[from] Sandstorm
|-damage|p1a: Venus|13/100|[from] Sandstorm
|-heal|p1a: Venus|19/100|[from] item: Leftovers
|upkeep
|turn|51
|
|t:|1730288691
|move|p1a: Venus|Protect|p1a: Venus
|-singleturn|p1a: Venus|Protect
|move|p2a: Starmie|Hydro Pump|p1a: Venus
|-activate|p1a: Venus|move: Protect
|
|-weather|Sandstorm|[upkeep]
|-damage|p2a: Starmie|4/100|[from] Sandstorm
|-damage|p1a: Venus|13/100|[from] Sandstorm
|-heal|p1a: Venus|63/100|[from] move: Wish|[wisher] Venus
|-heal|p1a: Venus|69/100|[from] item: Leftovers
|upkeep
|turn|52
|
|t:|1730288695
|switch|p2a: Landorus|Landorus-Therian, M, shiny|94/100 tox
|-ability|p2a: Landorus|Intimidate|boost
|-unboost|p1a: Venus|atk|1
|move|p1a: Venus|Wish|p1a: Venus
|
|-weather|Sandstorm|[upkeep]
|-damage|p1a: Venus|63/100|[from] Sandstorm
|-heal|p2a: Landorus|100/100 tox|[from] item: Leftovers
|-heal|p1a: Venus|69/100|[from] item: Leftovers
|-damage|p2a: Landorus|94/100 tox|[from] psn
|upkeep
|turn|53
|
|t:|1730288702
|move|p1a: Venus|Protect|p1a: Venus
|-singleturn|p1a: Venus|Protect
|move|p2a: Landorus|Earthquake|p1a: Venus
|-activate|p1a: Venus|move: Protect
|
|-weather|Sandstorm|[upkeep]
|-damage|p1a: Venus|63/100|[from] Sandstorm
|-heal|p1a: Venus|100/100|[from] move: Wish|[wisher] Venus
|-heal|p2a: Landorus|100/100 tox|[from] item: Leftovers
|-damage|p2a: Landorus|88/100 tox|[from] psn
|upkeep
|turn|54
|
|t:|1730288705
|move|p2a: Landorus|Earthquake|p1a: Venus
|-damage|p1a: Venus|51/100
|move|p1a: Venus|Wish|p1a: Venus
|
|-weather|Sandstorm|[upkeep]
|-damage|p1a: Venus|45/100|[from] Sandstorm
|-heal|p2a: Landorus|94/100 tox|[from] item: Leftovers
|-heal|p1a: Venus|51/100|[from] item: Leftovers
|-damage|p2a: Landorus|76/100 tox|[from] psn
|upkeep
|turn|55
|
|t:|1730288713
|switch|p2a: Latios|Latios, M, shiny|47/100 par
|move|p1a: Venus|Protect||[still]
|-fail|p1a: Venus
|
|-weather|Sandstorm|[upkeep]
|-damage|p1a: Venus|45/100|[from] Sandstorm
|-damage|p2a: Latios|41/100 par|[from] Sandstorm
|-heal|p1a: Venus|95/100|[from] move: Wish|[wisher] Venus
|-heal|p1a: Venus|100/100|[from] item: Leftovers
|upkeep
|turn|56
|
|t:|1730288718
|switch|p1a: Minerva|Slowking, F|36/100
|-damage|p1a: Minerva|24/100|[from] Stealth Rock
|move|p2a: Latios|Psyshock|p1a: Minerva
|-resisted|p1a: Minerva
|-damage|p1a: Minerva|0 fnt
|faint|p1a: Minerva
|
|-weather|Sandstorm|[upkeep]
|-damage|p2a: Latios|35/100 par|[from] Sandstorm
|upkeep
|c|☆sweepmage|fudge
|
|t:|1730288724
|switch|p1a: Venus|Blissey, F, shiny|100/100
|-damage|p1a: Venus|88/100|[from] Stealth Rock
|turn|57
|
|t:|1730288727
|move|p1a: Venus|Protect|p1a: Venus
|-singleturn|p1a: Venus|Protect
|move|p2a: Latios|Psyshock|p1a: Venus
|-activate|p1a: Venus|move: Protect
|
|-weather|Sandstorm|[upkeep]
|-damage|p1a: Venus|82/100|[from] Sandstorm
|-damage|p2a: Latios|29/100 par|[from] Sandstorm
|-heal|p1a: Venus|88/100|[from] item: Leftovers
|upkeep
|turn|58
|
|t:|1730288732
|move|p1a: Venus|Seismic Toss|p2a: Latios
|-damage|p2a: Latios|0 fnt
|faint|p2a: Latios
|
|-weather|Sandstorm|[upkeep]
|-damage|p1a: Venus|82/100|[from] Sandstorm
|-heal|p1a: Venus|88/100|[from] item: Leftovers
|upkeep
|
|t:|1730288743
|switch|p2a: Starmie|Starmie, shiny|4/100
|turn|59
|
|t:|1730288751
|move|p2a: Starmie|Thunder|p1a: Venus|[miss]
|-miss|p2a: Starmie|p1a: Venus
|move|p1a: Venus|Wish|p1a: Venus
|
|-weather|Sandstorm|[upkeep]
|-damage|p2a: Starmie|0 fnt|[from] Sandstorm
|-damage|p1a: Venus|82/100|[from] Sandstorm
|faint|p2a: Starmie
|-heal|p1a: Venus|88/100|[from] item: Leftovers
|upkeep
|
|t:|1730288754
|switch|p2a: Landorus|Landorus-Therian, M, shiny|76/100 tox
|-ability|p2a: Landorus|Intimidate|boost
|-unboost|p1a: Venus|atk|1
|turn|60
|c|☆sweepmage|gg
|
|t:|1730288759
|move|p2a: Landorus|Earthquake|p1a: Venus
|-damage|p1a: Venus|35/100
|move|p1a: Venus|Seismic Toss|p2a: Landorus
|-damage|p2a: Landorus|50/100 tox
|
|-weather|Sandstorm|[upkeep]
|-damage|p1a: Venus|29/100|[from] Sandstorm
|-heal|p1a: Venus|79/100|[from] move: Wish|[wisher] Venus
|-heal|p2a: Landorus|56/100 tox|[from] item: Leftovers
|-heal|p1a: Venus|85/100|[from] item: Leftovers
|-damage|p2a: Landorus|50/100 tox|[from] psn
|upkeep
|turn|61
|
|t:|1730288765
|move|p1a: Venus|Protect|p1a: Venus
|-singleturn|p1a: Venus|Protect
|move|p2a: Landorus|Earthquake|p1a: Venus
|-activate|p1a: Venus|move: Protect
|
|-weather|Sandstorm|[upkeep]
|-damage|p1a: Venus|79/100|[from] Sandstorm
|-heal|p2a: Landorus|56/100 tox|[from] item: Leftovers
|-heal|p1a: Venus|85/100|[from] item: Leftovers
|-damage|p2a: Landorus|44/100 tox|[from] psn
|upkeep
|turn|62
|
|t:|1730288770
|move|p2a: Landorus|Earthquake|p1a: Venus
|-damage|p1a: Venus|37/100
|move|p1a: Venus|Wish|p1a: Venus
|
|-weather|Sandstorm|[upkeep]
|-damage|p1a: Venus|31/100|[from] Sandstorm
|-heal|p2a: Landorus|50/100 tox|[from] item: Leftovers
|-heal|p1a: Venus|37/100|[from] item: Leftovers
|-damage|p2a: Landorus|32/100 tox|[from] psn
|upkeep
|turn|63
|c|☆Blaise Mister B|gg
|
|t:|1730288778
|move|p1a: Venus|Protect|p1a: Venus
|-singleturn|p1a: Venus|Protect
|move|p2a: Landorus|Earthquake|p1a: Venus
|-activate|p1a: Venus|move: Protect
|
|-weather|Sandstorm|[upkeep]
|-damage|p1a: Venus|31/100|[from] Sandstorm
|-heal|p1a: Venus|81/100|[from] move: Wish|[wisher] Venus
|-heal|p2a: Landorus|38/100 tox|[from] item: Leftovers
|-heal|p1a: Venus|87/100|[from] item: Leftovers
|-damage|p2a: Landorus|14/100 tox|[from] psn
|upkeep
|turn|64
|c|☆sweepmage|crit?
|
|t:|1730288784
|move|p1a: Venus|Protect|p1a: Venus
|-singleturn|p1a: Venus|Protect
|move|p2a: Landorus|Earthquake|p1a: Venus
|-activate|p1a: Venus|move: Protect
|
|-weather|Sandstorm|[upkeep]
|-damage|p1a: Venus|81/100|[from] Sandstorm
|-heal|p2a: Landorus|20/100 tox|[from] item: Leftovers
|-heal|p1a: Venus|87/100|[from] item: Leftovers
|-damage|p2a: Landorus|0 fnt|[from] psn
|faint|p2a: Landorus
|
|win|Blaise Mister B
|upkeep
|raw|Blaise Mister B's rating: 1424 &rarr; <strong>1442</strong><br />(+18 for winning)
|raw|sweepmage's rating: 1397 &rarr; <strong>1379</strong><br />(-18 for losing)
