|j|☆doughboy
|j|☆PlayForDreams
|player|p1|doughboy|43|1528
|player|p2|PlayForDreams|279|1261
|teamsize|p1|6
|teamsize|p2|6
|gametype|singles
|gen|5
|tier|[Gen 5] OU
|rated|
|rule|Sleep Clause Mod: Limit one foe put to sleep
|rule|Species Clause: Limit one of each Pokémon
|rule|OHKO Clause: OHKO moves are banned
|rule|Moody Clause: Moody is banned
|rule|Evasion Moves Clause: Evasion moves are banned
|rule|Endless Battle Clause: Forcing endless battles is banned
|rule|HP Percentage Mod: HP is shown in percentages
|rule|Evasion Abilities Clause: Evasion abilities are banned
|rule|Baton Pass Clause: Limit one Baton Passer, can't pass Spe and other stats simultaneously
|rule|Swagger Clause: Swagger is banned
|clearpoke
|poke|p1|Hippowdon, F|item
|poke|p1|Abomasnow, M|item
|poke|p1|Forretress, M|item
|poke|p1|Heatran, M|item
|poke|p1|Jellicent, M|item
|poke|p1|Dragonite, F|item
|poke|p2|Reuniclus, F|item
|poke|p2|Tyranitar, F|item
|poke|p2|Excadrill, M|item
|poke|p2|Amoonguss, F|item
|poke|p2|Rotom-Wash|item
|poke|p2|Latias, F|item
|teampreview
|
|start
|switch|p1a: Forretress|Forretress, M|100/100
|switch|p2a: Amoonguss|Amoonguss, F|100/100
|turn|1
|
|move|p1a: Forretress|Stealth Rock|p2a: Amoonguss
|-sidestart|p2: PlayForDreams|move: Stealth Rock
|move|p2a: Amoonguss|Spore|p1a: Forretress
|-status|p1a: Forretress|slp|[from] move: Spore
|
|upkeep
|turn|2
|
|switch|p2a: Excadrill|Excadrill, M, shiny|100/100
|-damage|p2a: Excadrill|97/100|[from] Stealth Rock
|cant|p1a: Forretress|slp
|
|upkeep
|turn|3
|
|move|p2a: Excadrill|Rapid Spin|p1a: Forretress
|-resisted|p1a: Forretress
|-damage|p1a: Forretress|97/100 slp
|-sideend|p2: PlayForDreams|Stealth Rock|[from] move: Rapid Spin|[of] p2a: Excadrill
|cant|p1a: Forretress|slp
|
|-heal|p1a: Forretress|100/100 slp|[from] item: Leftovers
|upkeep
|turn|4
|
|switch|p2a: Reuniclus|Reuniclus, F, shiny|100/100
|-curestatus|p1a: Forretress|slp|[msg]
|move|p1a: Forretress|Stealth Rock|p2a: Reuniclus
|-sidestart|p2: PlayForDreams|move: Stealth Rock
|
|upkeep
|turn|5
|
|switch|p1a: Dragonite|Dragonite, F|100/100
|move|p2a: Reuniclus|Calm Mind|p2a: Reuniclus
|-boost|p2a: Reuniclus|spa|1
|-boost|p2a: Reuniclus|spd|1
|
|upkeep
|turn|6
|
|move|p1a: Dragonite|Dragon Dance|p1a: Dragonite
|-boost|p1a: Dragonite|atk|1
|-boost|p1a: Dragonite|spe|1
|move|p2a: Reuniclus|Hidden Power|p1a: Dragonite
|-supereffective|p1a: Dragonite
|-damage|p1a: Dragonite|52/100
|
|-heal|p1a: Dragonite|59/100|[from] item: Leftovers
|upkeep
|turn|7
|
|move|p1a: Dragonite|Roost|p1a: Dragonite
|-heal|p1a: Dragonite|100/100
|-singleturn|p1a: Dragonite|move: Roost
|move|p2a: Reuniclus|Hidden Power|p1a: Dragonite
|-supereffective|p1a: Dragonite
|-damage|p1a: Dragonite|76/100
|
|-heal|p1a: Dragonite|82/100|[from] item: Leftovers
|upkeep
|turn|8
|
|switch|p1a: Hippowdon|Hippowdon, F, shiny|100/100
|-weather|Sandstorm|[from] ability: Sand Stream|[of] p1a: Hippowdon
|move|p2a: Reuniclus|Hidden Power|p1a: Hippowdon
|-supereffective|p1a: Hippowdon
|-damage|p1a: Hippowdon|42/100
|
|-weather|Sandstorm|[upkeep]
|-heal|p1a: Hippowdon|48/100|[from] item: Leftovers
|upkeep
|turn|9
|
|switch|p1a: Forretress|Forretress, M|100/100
|move|p2a: Reuniclus|Hidden Power|p1a: Forretress
|-resisted|p1a: Forretress
|-damage|p1a: Forretress|80/100
|
|-weather|Sandstorm|[upkeep]
|-heal|p1a: Forretress|86/100|[from] item: Leftovers
|upkeep
|turn|10
|
|move|p1a: Forretress|Zap Cannon|p2a: Reuniclus
|-damage|p2a: Reuniclus|90/100
|-status|p2a: Reuniclus|par
|move|p2a: Reuniclus|Calm Mind|p2a: Reuniclus
|-boost|p2a: Reuniclus|spa|1
|-boost|p2a: Reuniclus|spd|1
|
|-weather|Sandstorm|[upkeep]
|-heal|p1a: Forretress|92/100|[from] item: Leftovers
|-heal|p2a: Reuniclus|96/100 par|[from] item: Leftovers
|upkeep
|turn|11
|
|move|p1a: Forretress|Spikes|p2a: Reuniclus
|-sidestart|p2: PlayForDreams|Spikes
|move|p2a: Reuniclus|Calm Mind|p2a: Reuniclus
|-boost|p2a: Reuniclus|spa|1
|-boost|p2a: Reuniclus|spd|1
|
|-weather|Sandstorm|[upkeep]
|-heal|p1a: Forretress|98/100|[from] item: Leftovers
|-heal|p2a: Reuniclus|100/100 par|[from] item: Leftovers
|upkeep
|turn|12
|
|move|p1a: Forretress|Spikes|p2a: Reuniclus
|-sidestart|p2: PlayForDreams|Spikes
|move|p2a: Reuniclus|Calm Mind|p2a: Reuniclus
|-boost|p2a: Reuniclus|spa|1
|-boost|p2a: Reuniclus|spd|1
|
|-weather|Sandstorm|[upkeep]
|-heal|p1a: Forretress|100/100|[from] item: Leftovers
|upkeep
|turn|13
|
|move|p1a: Forretress|Spikes|p2a: Reuniclus
|-sidestart|p2: PlayForDreams|Spikes
|cant|p2a: Reuniclus|par
|
|-weather|Sandstorm|[upkeep]
|upkeep
|turn|14
|
|switch|p1a: Dragonite|Dragonite, F|82/100
|move|p2a: Reuniclus|Thunder|p1a: Dragonite
|-damage|p1a: Dragonite|2/100
|
|-weather|Sandstorm|[upkeep]
|-damage|p1a: Dragonite|0 fnt|[from] Sandstorm
|faint|p1a: Dragonite
|upkeep
|
|switch|p1a: Hippowdon|Hippowdon, F, shiny|48/100
|turn|15
|
|cant|p2a: Reuniclus|par
|move|p1a: Hippowdon|Whirlwind|p2a: Reuniclus
|drag|p2a: Latias|Latias, F|100/100
|-damage|p2a: Latias|88/100|[from] Stealth Rock
|
|-weather|Sandstorm|[upkeep]
|-damage|p2a: Latias|82/100|[from] Sandstorm
|-heal|p1a: Hippowdon|54/100|[from] item: Leftovers
|upkeep
|turn|16
|
|move|p2a: Latias|Surf|p1a: Hippowdon
|-supereffective|p1a: Hippowdon
|-damage|p1a: Hippowdon|0 fnt
|faint|p1a: Hippowdon
|
|-weather|Sandstorm|[upkeep]
|-damage|p2a: Latias|76/100|[from] Sandstorm
|upkeep
|
|switch|p1a: Heatran|Heatran, M|100/100
|turn|17
|
|switch|p1a: Jellicent|Jellicent, M|100/100
|move|p2a: Latias|Surf|p1a: Jellicent
|-immune|p1a: Jellicent|[from] ability: Water Absorb
|
|-weather|Sandstorm|[upkeep]
|-damage|p2a: Latias|70/100|[from] Sandstorm
|-damage|p1a: Jellicent|94/100|[from] Sandstorm
|-heal|p1a: Jellicent|100/100|[from] item: Leftovers
|upkeep
|turn|18
|
|switch|p2a: Amoonguss|Amoonguss, F|100/100
|-damage|p2a: Amoonguss|88/100|[from] Stealth Rock
|-damage|p2a: Amoonguss|63/100|[from] Spikes
|switch|p1a: Heatran|Heatran, M|100/100
|
|-weather|Sandstorm|[upkeep]
|-damage|p2a: Amoonguss|57/100|[from] Sandstorm
|-heal|p2a: Amoonguss|63/100|[from] item: Black Sludge
|upkeep
|turn|19
|
|switch|p2a: Rotom|Rotom-Wash|100/100
|-damage|p2a: Rotom|88/100|[from] Stealth Rock
|move|p1a: Heatran|Taunt|p2a: Rotom
|-start|p2a: Rotom|move: Taunt
|
|-weather|Sandstorm|[upkeep]
|-damage|p2a: Rotom|82/100|[from] Sandstorm
|-heal|p2a: Rotom|88/100|[from] item: Leftovers
|upkeep
|turn|20
|
|switch|p1a: Abomasnow|Abomasnow, M|100/100
|-weather|Hail|[from] ability: Snow Warning|[of] p1a: Abomasnow
|move|p2a: Rotom|Volt Switch|p1a: Abomasnow
|-resisted|p1a: Abomasnow
|-damage|p1a: Abomasnow|83/100
|
|switch|p2a: Excadrill|Excadrill, M, shiny|97/100|[from]move: Volt Switch
|-damage|p2a: Excadrill|94/100|[from] Stealth Rock
|-damage|p2a: Excadrill|69/100|[from] Spikes
|
|-weather|Hail|[upkeep]
|-damage|p2a: Excadrill|63/100|[from] Hail
|-heal|p1a: Abomasnow|90/100|[from] item: Leftovers
|upkeep
|turn|21
|
|move|p1a: Abomasnow|Protect|p1a: Abomasnow
|-singleturn|p1a: Abomasnow|Protect
|move|p2a: Excadrill|Earthquake|p1a: Abomasnow
|-activate|p1a: Abomasnow|move: Protect
|
|-weather|Hail|[upkeep]
|-damage|p2a: Excadrill|57/100|[from] Hail
|-heal|p1a: Abomasnow|96/100|[from] item: Leftovers
|upkeep
|turn|22
|
|move|p2a: Excadrill|Earthquake|p1a: Abomasnow
|-resisted|p1a: Abomasnow
|-damage|p1a: Abomasnow|44/100
|move|p1a: Abomasnow|Wood Hammer|p2a: Excadrill
|-damage|p2a: Excadrill|0 fnt
|-damage|p1a: Abomasnow|26/100|[from] Recoil
|faint|p2a: Excadrill
|
|-weather|Hail|[upkeep]
|-heal|p1a: Abomasnow|32/100|[from] item: Leftovers
|upkeep
|
|switch|p2a: Tyranitar|Tyranitar, F|100/100
|-damage|p2a: Tyranitar|75/100|[from] Spikes
|-damage|p2a: Tyranitar|63/100|[from] Stealth Rock
|-weather|Sandstorm|[from] ability: Sand Stream|[of] p2a: Tyranitar
|turn|23
|
|move|p1a: Abomasnow|Wood Hammer|p2a: Tyranitar
|-supereffective|p2a: Tyranitar
|-damage|p2a: Tyranitar|0 fnt
|-damage|p1a: Abomasnow|9/100|[from] Recoil
|faint|p2a: Tyranitar
|
|-weather|Sandstorm|[upkeep]
|-damage|p1a: Abomasnow|3/100|[from] Sandstorm
|-heal|p1a: Abomasnow|9/100|[from] item: Leftovers
|upkeep
|
|switch|p2a: Reuniclus|Reuniclus, F, shiny|100/100 par
|turn|24
|
|switch|p1a: Heatran|Heatran, M|100/100
|move|p2a: Reuniclus|Recover||[still]
|-fail|p2a: Reuniclus
|
|-weather|Sandstorm|[upkeep]
|upkeep
|turn|25
|
|switch|p2a: Rotom|Rotom-Wash|88/100
|-damage|p2a: Rotom|76/100|[from] Stealth Rock
|move|p1a: Heatran|Taunt|p2a: Rotom
|-start|p2a: Rotom|move: Taunt
|
|-weather|Sandstorm|[upkeep]
|-damage|p2a: Rotom|70/100|[from] Sandstorm
|-heal|p2a: Rotom|76/100|[from] item: Leftovers
|upkeep
|turn|26
|
|switch|p1a: Forretress|Forretress, M|100/100
|move|p2a: Rotom|Hydro Pump|p1a: Forretress
|-damage|p1a: Forretress|29/100
|
|-weather|Sandstorm|[upkeep]
|-damage|p2a: Rotom|70/100|[from] Sandstorm
|-heal|p2a: Rotom|76/100|[from] item: Leftovers
|-heal|p1a: Forretress|35/100|[from] item: Leftovers
|upkeep
|turn|27
|
|move|p2a: Rotom|Volt Switch|p1a: Forretress
|-damage|p1a: Forretress|0 fnt
|faint|p1a: Forretress
|
|switch|p2a: Reuniclus|Reuniclus, F, shiny|100/100 par|[from]move: Volt Switch
|
|-weather|Sandstorm|[upkeep]
|upkeep
|
|switch|p1a: Heatran|Heatran, M|100/100
|turn|28
|
|switch|p2a: Amoonguss|Amoonguss, F|96/100
|-damage|p2a: Amoonguss|84/100|[from] Stealth Rock
|-damage|p2a: Amoonguss|59/100|[from] Spikes
|move|p1a: Heatran|Magma Storm|p2a: Amoonguss
|-supereffective|p2a: Amoonguss
|-damage|p2a: Amoonguss|0 fnt
|faint|p2a: Amoonguss
|
|-weather|Sandstorm|[upkeep]
|upkeep
|
|switch|p2a: Rotom|Rotom-Wash|76/100
|-damage|p2a: Rotom|63/100|[from] Stealth Rock
|turn|29
|
|switch|p1a: Jellicent|Jellicent, M|100/100
|move|p2a: Rotom|Hydro Pump|p1a: Jellicent
|-immune|p1a: Jellicent|[from] ability: Water Absorb
|
|-weather|Sandstorm|[upkeep]
|-damage|p2a: Rotom|57/100|[from] Sandstorm
|-damage|p1a: Jellicent|94/100|[from] Sandstorm
|-heal|p2a: Rotom|63/100|[from] item: Leftovers
|-heal|p1a: Jellicent|100/100|[from] item: Leftovers
|upkeep
|turn|30
|
|move|p2a: Rotom|Volt Switch|p1a: Jellicent
|-supereffective|p1a: Jellicent
|-damage|p1a: Jellicent|67/100
|
|switch|p2a: Latias|Latias, F|70/100|[from]move: Volt Switch
|-damage|p2a: Latias|58/100|[from] Stealth Rock
|move|p1a: Jellicent|Toxic|p2a: Latias
|-status|p2a: Latias|tox
|
|-weather|Sandstorm|[upkeep]
|-damage|p2a: Latias|52/100 tox|[from] Sandstorm
|-damage|p1a: Jellicent|61/100|[from] Sandstorm
|-heal|p1a: Jellicent|67/100|[from] item: Leftovers
|-damage|p2a: Latias|46/100 tox|[from] psn
|upkeep
|turn|31
|
|move|p2a: Latias|Healing Wish|p2a: Latias
|faint|p2a: Latias
|move|p1a: Jellicent|Recover|p1a: Jellicent
|-heal|p1a: Jellicent|100/100
|
|-weather|Sandstorm|[upkeep]
|-damage|p1a: Jellicent|94/100|[from] Sandstorm
|-heal|p1a: Jellicent|100/100|[from] item: Leftovers
|upkeep
|
|switch|p2a: Reuniclus|Reuniclus, F, shiny|100/100 par
|-heal|p2a: Reuniclus|100/100|[from] move: Healing Wish
|turn|32
|
|switch|p1a: Heatran|Heatran, M|100/100
|move|p2a: Reuniclus|Calm Mind|p2a: Reuniclus
|-boost|p2a: Reuniclus|spa|1
|-boost|p2a: Reuniclus|spd|1
|
|-weather|Sandstorm|[upkeep]
|upkeep
|turn|33
|
|move|p1a: Heatran|Taunt|p2a: Reuniclus
|-start|p2a: Reuniclus|move: Taunt
|move|p2a: Reuniclus|Thunder|p1a: Heatran|[miss]
|-miss|p2a: Reuniclus|p1a: Heatran
|
|-weather|Sandstorm|[upkeep]
|upkeep
|turn|34
|
|move|p1a: Heatran|Magma Storm|p2a: Reuniclus|[miss]
|-miss|p1a: Heatran|p2a: Reuniclus
|move|p2a: Reuniclus|Thunder|p1a: Heatran|[miss]
|-miss|p2a: Reuniclus|p1a: Heatran
|
|-weather|Sandstorm|[upkeep]
|upkeep
|turn|35
|
|move|p1a: Heatran|Magma Storm|p2a: Reuniclus
|-damage|p2a: Reuniclus|69/100
|-activate|p2a: Reuniclus|move: Magma Storm|[of] p1a: Heatran
|move|p2a: Reuniclus|Thunder|p1a: Heatran
|-damage|p1a: Heatran|69/100
|
|-weather|Sandstorm|[upkeep]
|-heal|p1a: Heatran|75/100|[from] item: Leftovers
|-heal|p2a: Reuniclus|75/100|[from] item: Leftovers
|-end|p2a: Reuniclus|move: Taunt
|upkeep
|turn|36
|
|move|p1a: Heatran|Taunt|p2a: Reuniclus
|-start|p2a: Reuniclus|move: Taunt
|move|p2a: Reuniclus|Thunder|p1a: Heatran
|-damage|p1a: Heatran|43/100
|
|-weather|Sandstorm|[upkeep]
|-heal|p1a: Heatran|49/100|[from] item: Leftovers
|-heal|p2a: Reuniclus|81/100|[from] item: Leftovers
|upkeep
|turn|37
|
|move|p1a: Heatran|Magma Storm|p2a: Reuniclus
|-damage|p2a: Reuniclus|47/100
|move|p2a: Reuniclus|Thunder|p1a: Heatran|[miss]
|-miss|p2a: Reuniclus|p1a: Heatran
|
|-weather|Sandstorm|[upkeep]
|-heal|p1a: Heatran|55/100|[from] item: Leftovers
|-heal|p2a: Reuniclus|53/100|[from] item: Leftovers
|upkeep
|turn|38
|
|move|p1a: Heatran|Magma Storm|p2a: Reuniclus
|-damage|p2a: Reuniclus|24/100
|move|p2a: Reuniclus|Thunder|p1a: Heatran
|-damage|p1a: Heatran|24/100
|-status|p1a: Heatran|par
|
|-weather|Sandstorm|[upkeep]
|-heal|p2a: Reuniclus|30/100|[from] item: Leftovers
|-heal|p1a: Heatran|31/100 par|[from] item: Leftovers
|-end|p2a: Reuniclus|move: Taunt
|upkeep
|turn|39
|
|move|p2a: Reuniclus|Recover|p2a: Reuniclus
|-heal|p2a: Reuniclus|80/100
|cant|p1a: Heatran|par
|
|-weather|Sandstorm|[upkeep]
|-heal|p2a: Reuniclus|86/100|[from] item: Leftovers
|-heal|p1a: Heatran|37/100 par|[from] item: Leftovers
|-end|p2a: Reuniclus|Magma Storm|[partiallytrapped]
|upkeep
|turn|40
|
|move|p2a: Reuniclus|Calm Mind|p2a: Reuniclus
|-boost|p2a: Reuniclus|spa|1
|-boost|p2a: Reuniclus|spd|1
|move|p1a: Heatran|Taunt|p2a: Reuniclus
|-start|p2a: Reuniclus|move: Taunt
|
|-weather|Sandstorm|[upkeep]
|-heal|p2a: Reuniclus|92/100|[from] item: Leftovers
|-heal|p1a: Heatran|43/100 par|[from] item: Leftovers
|upkeep
|turn|41
|
|move|p2a: Reuniclus|Thunder|p1a: Heatran|[miss]
|-miss|p2a: Reuniclus|p1a: Heatran
|move|p1a: Heatran|Magma Storm|p2a: Reuniclus
|-damage|p2a: Reuniclus|66/100
|-activate|p2a: Reuniclus|move: Magma Storm|[of] p1a: Heatran
|
|-weather|Sandstorm|[upkeep]
|-heal|p2a: Reuniclus|72/100|[from] item: Leftovers
|-heal|p1a: Heatran|49/100 par|[from] item: Leftovers
|upkeep
|turn|42
|
|move|p2a: Reuniclus|Thunder|p1a: Heatran|[miss]
|-miss|p2a: Reuniclus|p1a: Heatran
|move|p1a: Heatran|Earth Power|p2a: Reuniclus
|-damage|p2a: Reuniclus|59/100
|
|-weather|Sandstorm|[upkeep]
|-heal|p2a: Reuniclus|65/100|[from] item: Leftovers
|-heal|p1a: Heatran|56/100 par|[from] item: Leftovers
|upkeep
|turn|43
|
|move|p2a: Reuniclus|Thunder|p1a: Heatran
|-damage|p1a: Heatran|17/100 par
|move|p1a: Heatran|Earth Power|p2a: Reuniclus
|-damage|p2a: Reuniclus|53/100
|
|-weather|Sandstorm|[upkeep]
|-heal|p2a: Reuniclus|59/100|[from] item: Leftovers
|-heal|p1a: Heatran|23/100 par|[from] item: Leftovers
|-end|p2a: Reuniclus|move: Taunt
|upkeep
|turn|44
|
|move|p2a: Reuniclus|Thunder|p1a: Heatran
|-crit|p1a: Heatran
|-damage|p1a: Heatran|0 fnt
|faint|p1a: Heatran
|
|-weather|Sandstorm|[upkeep]
|-heal|p2a: Reuniclus|65/100|[from] item: Leftovers
|upkeep
|
|switch|p1a: Jellicent|Jellicent, M|100/100
|turn|45
|
|move|p1a: Jellicent|Shadow Ball|p2a: Reuniclus
|-supereffective|p2a: Reuniclus
|-damage|p2a: Reuniclus|41/100
|move|p2a: Reuniclus|Calm Mind|p2a: Reuniclus
|-boost|p2a: Reuniclus|spa|1
|-boost|p2a: Reuniclus|spd|1
|
|-weather|Sandstorm|[upkeep]
|-damage|p1a: Jellicent|94/100|[from] Sandstorm
|-heal|p1a: Jellicent|100/100|[from] item: Leftovers
|-heal|p2a: Reuniclus|47/100|[from] item: Leftovers
|upkeep
|turn|46
|
|move|p1a: Jellicent|Shadow Ball|p2a: Reuniclus
|-supereffective|p2a: Reuniclus
|-damage|p2a: Reuniclus|28/100
|move|p2a: Reuniclus|Recover|p2a: Reuniclus
|-heal|p2a: Reuniclus|78/100
|
|-weather|Sandstorm|[upkeep]
|-damage|p1a: Jellicent|94/100|[from] Sandstorm
|-heal|p1a: Jellicent|100/100|[from] item: Leftovers
|-heal|p2a: Reuniclus|84/100|[from] item: Leftovers
|upkeep
|turn|47
|
|move|p1a: Jellicent|Shadow Ball|p2a: Reuniclus
|-supereffective|p2a: Reuniclus
|-damage|p2a: Reuniclus|65/100
|move|p2a: Reuniclus|Recover|p2a: Reuniclus
|-heal|p2a: Reuniclus|100/100
|
|-weather|Sandstorm|[upkeep]
|-damage|p1a: Jellicent|94/100|[from] Sandstorm
|-heal|p1a: Jellicent|100/100|[from] item: Leftovers
|upkeep
|turn|48
|
|move|p1a: Jellicent|Shadow Ball|p2a: Reuniclus
|-supereffective|p2a: Reuniclus
|-damage|p2a: Reuniclus|82/100
|-unboost|p2a: Reuniclus|spd|1
|move|p2a: Reuniclus|Calm Mind|p2a: Reuniclus
|-boost|p2a: Reuniclus|spa|1
|-boost|p2a: Reuniclus|spd|1
|
|-weather|Sandstorm|[upkeep]
|-damage|p1a: Jellicent|94/100|[from] Sandstorm
|-heal|p1a: Jellicent|100/100|[from] item: Leftovers
|-heal|p2a: Reuniclus|88/100|[from] item: Leftovers
|upkeep
|turn|49
|
|move|p1a: Jellicent|Shadow Ball|p2a: Reuniclus
|-supereffective|p2a: Reuniclus
|-damage|p2a: Reuniclus|69/100
|-unboost|p2a: Reuniclus|spd|1
|move|p2a: Reuniclus|Thunder|p1a: Jellicent
|-supereffective|p1a: Jellicent
|-damage|p1a: Jellicent|0 fnt
|faint|p1a: Jellicent
|
|-weather|Sandstorm|[upkeep]
|-heal|p2a: Reuniclus|75/100|[from] item: Leftovers
|upkeep
|
|switch|p1a: Abomasnow|Abomasnow, M|9/100
|-weather|Hail|[from] ability: Snow Warning|[of] p1a: Abomasnow
|turn|50
|
|move|p1a: Abomasnow|Wood Hammer|p2a: Reuniclus
|-damage|p2a: Reuniclus|36/100
|-damage|p1a: Abomasnow|0 fnt|[from] Recoil
|faint|p1a: Abomasnow
|
|win|PlayForDreams
|c|☆PlayForDreams|gg
|l|☆doughboy
|raw|doughboy's rating: 1528 &rarr; <strong>1495</strong><br />(-33 for losing)
|raw|PlayForDreams's rating: 1261 &rarr; <strong>1302</strong><br />(+41 for winning)
