|j|☆Alexia B.
|j|☆porrompompom
|player|p1|Alexia B.|fantina|1543
|player|p2|porrompompom|169|1659
|teamsize|p1|6
|teamsize|p2|6
|gametype|singles
|gen|5
|tier|[Gen 5] OU
|rated|
|clearpoke
|poke|p1|Jellicent, F|item
|poke|p1|Tyranitar, M|item
|poke|p1|Latios, M|item
|poke|p1|Ferrothorn, F|item
|poke|p1|Keldeo|item
|poke|p1|Scizor, F|item
|poke|p2|Celebi|item
|poke|p2|Mienshao, F|item
|poke|p2|Landorus-Therian, M|item
|poke|p2|Rotom-Wash|item
|poke|p2|Forretress, F|item
|poke|p2|Dragonite, M|item
|rule|Species Clause: Limit one of each Pokémon
|rule|OHKO Clause: OHKO moves are banned
|rule|Moody Clause: Moody is banned
|rule|Evasion Moves Clause: Evasion moves are banned
|rule|Endless Battle Clause: Forcing endless battles is banned
|rule|HP Percentage Mod: HP is shown in percentages
|rule|Evasion Abilities Clause: Evasion abilities are banned
|rule|Baton Pass Clause: Limit one Baton Passer, can't pass Spe and other stats simultaneously
|rule|Sleep Clause: Sleep-inducing moves are banned
|rule|Swagger Clause: Swagger is banned
|teampreview
|
|start
|switch|p1a: Floor Jansen|Ferrothorn, F, shiny|100/100
|switch|p2a: Mienshao|Mienshao, F|100/100
|turn|1
|
|switch|p1a: Useless|Jellicent, F|100/100
|move|p2a: Mienshao|High Jump Kick|p1a: Useless
|-immune|p1a: Useless
|-damage|p2a: Mienshao|51/100|[from] highjumpkick
|
|upkeep
|turn|2
|
|switch|p2a: Rotom|Rotom-Wash|100/100
|move|p1a: Useless|Will-O-Wisp|p2a: Rotom|[miss]
|-miss|p1a: Useless|p2a: Rotom
|
|upkeep
|turn|3
|
|move|p2a: Rotom|Will-O-Wisp|p1a: Useless|[miss]
|-miss|p2a: Rotom|p1a: Useless
|move|p1a: Useless|Will-O-Wisp|p2a: Rotom
|-status|p2a: Rotom|brn
|
|-damage|p2a: Rotom|88/100 brn|[from] brn
|upkeep
|turn|4
|
|switch|p1a: Floor Jansen|Ferrothorn, F, shiny|100/100
|move|p2a: Rotom|Will-O-Wisp|p1a: Floor Jansen|[miss]
|-miss|p2a: Rotom|p1a: Floor Jansen
|
|-heal|p2a: Rotom|94/100 brn|[from] item: Leftovers
|-damage|p2a: Rotom|82/100 brn|[from] brn
|upkeep
|turn|5
|
|move|p2a: Rotom|Will-O-Wisp|p1a: Floor Jansen
|-status|p1a: Floor Jansen|brn
|move|p1a: Floor Jansen|Stealth Rock|p2a: Rotom
|-sidestart|p2: porrompompom|move: Stealth Rock
|
|-heal|p2a: Rotom|88/100 brn|[from] item: Leftovers
|-damage|p2a: Rotom|76/100 brn|[from] brn
|-damage|p1a: Floor Jansen|88/100 brn|[from] brn
|upkeep
|turn|6
|
|move|p2a: Rotom|Volt Switch|p1a: Floor Jansen
|-resisted|p1a: Floor Jansen
|-damage|p1a: Floor Jansen|79/100 brn
|
|switch|p2a: Forretress|Forretress, F|100/100|[from]move: Volt Switch
|-damage|p2a: Forretress|88/100|[from] Stealth Rock
|move|p1a: Floor Jansen|Spikes|p2a: Forretress
|-sidestart|p2: porrompompom|Spikes
|
|-heal|p2a: Forretress|94/100|[from] item: Leftovers
|-damage|p1a: Floor Jansen|67/100 brn|[from] brn
|upkeep
|turn|7
|
|switch|p1a: Useless|Jellicent, F|100/100
|move|p2a: Forretress|Toxic|p1a: Useless|[miss]
|-miss|p2a: Forretress|p1a: Useless
|
|-heal|p2a: Forretress|100/100|[from] item: Leftovers
|upkeep
|turn|8
|
|move|p1a: Useless|Scald|p2a: Forretress
|-crit|p2a: Forretress
|-damage|p2a: Forretress|34/100
|move|p2a: Forretress|Toxic|p1a: Useless
|-status|p1a: Useless|tox
|
|-heal|p2a: Forretress|40/100|[from] item: Leftovers
|-damage|p1a: Useless|94/100 tox|[from] psn
|upkeep
|turn|9
|
|switch|p2a: Rotom|Rotom-Wash|76/100 brn
|-damage|p2a: Rotom|64/100 brn|[from] Stealth Rock
|move|p1a: Useless|Scald|p2a: Rotom
|-resisted|p2a: Rotom
|-damage|p2a: Rotom|54/100 brn
|
|-heal|p2a: Rotom|60/100 brn|[from] item: Leftovers
|-heal|p1a: Useless|100/100 tox|[from] item: Leftovers
|-damage|p2a: Rotom|48/100 brn|[from] brn
|-damage|p1a: Useless|88/100 tox|[from] psn
|upkeep
|turn|10
|
|switch|p1a: Floor Jansen|Ferrothorn, F, shiny|67/100 brn
|move|p2a: Rotom|Pain Split|p1a: Floor Jansen
|-sethp|p1a: Floor Jansen|54/100 brn|[from] move: Pain Split|[silent]
|-sethp|p2a: Rotom|63/100 brn|[from] move: Pain Split
|
|-heal|p2a: Rotom|68/100 brn|[from] item: Leftovers
|-damage|p2a: Rotom|56/100 brn|[from] brn
|-damage|p1a: Floor Jansen|41/100 brn|[from] brn
|upkeep
|turn|11
|
|move|p2a: Rotom|Volt Switch|p1a: Floor Jansen
|-resisted|p1a: Floor Jansen
|-damage|p1a: Floor Jansen|33/100 brn
|
|switch|p2a: Forretress|Forretress, F|40/100|[from]move: Volt Switch
|-damage|p2a: Forretress|28/100|[from] Stealth Rock
|-damage|p2a: Forretress|16/100|[from] Spikes
|move|p1a: Floor Jansen|Spikes|p2a: Forretress
|-sidestart|p2: porrompompom|Spikes
|
|-heal|p2a: Forretress|22/100|[from] item: Leftovers
|-damage|p1a: Floor Jansen|20/100 brn|[from] brn
|upkeep
|turn|12
|
|switch|p1a: Useless|Jellicent, F|88/100 tox
|move|p2a: Forretress|Spikes|p1a: Useless
|-sidestart|p1: Alexia B.|Spikes
|
|-heal|p1a: Useless|94/100 tox|[from] item: Leftovers
|-heal|p2a: Forretress|28/100|[from] item: Leftovers
|-damage|p1a: Useless|88/100 tox|[from] psn
|upkeep
|turn|13
|
|move|p1a: Useless|Scald|p2a: Forretress
|-damage|p2a: Forretress|0 fnt
|faint|p2a: Forretress
|
|-heal|p1a: Useless|94/100 tox|[from] item: Leftovers
|-damage|p1a: Useless|82/100 tox|[from] psn
|upkeep
|
|switch|p2a: Celebi|Celebi|100/100
|-damage|p2a: Celebi|88/100|[from] Stealth Rock
|-damage|p2a: Celebi|71/100|[from] Spikes
|turn|14
|
|switch|p1a: Godzila|Tyranitar, M|100/100
|-damage|p1a: Godzila|88/100|[from] Spikes
|-weather|Sandstorm|[from] ability: Sand Stream|[of] p1a: Godzila
|move|p2a: Celebi|Swords Dance|p2a: Celebi
|-boost|p2a: Celebi|atk|2
|
|-weather|Sandstorm|[upkeep]
|-damage|p2a: Celebi|65/100|[from] Sandstorm
|-heal|p2a: Celebi|71/100|[from] item: Leftovers
|upkeep
|turn|15
|
|move|p2a: Celebi|Baton Pass|p2a: Celebi
|
|switch|p2a: Landorus|Landorus-Therian, M|100/100|[from]move: Baton Pass
|-damage|p2a: Landorus|88/100|[from] Stealth Rock
|-ability|p2a: Landorus|Intimidate|boost
|-unboost|p1a: Godzila|atk|1
|move|p1a: Godzila|Crunch|p2a: Landorus
|-damage|p2a: Landorus|51/100
|
|-weather|Sandstorm|[upkeep]
|-heal|p2a: Landorus|57/100|[from] item: Leftovers
|upkeep
|turn|16
|
|switch|p1a: Floor Jansen|Ferrothorn, F, shiny|20/100 brn
|-damage|p1a: Floor Jansen|8/100 brn|[from] Spikes
|move|p2a: Landorus|Stealth Rock|p1a: Floor Jansen
|-sidestart|p1: Alexia B.|move: Stealth Rock
|
|-weather|Sandstorm|[upkeep]
|-heal|p2a: Landorus|63/100|[from] item: Leftovers
|-damage|p1a: Floor Jansen|0 fnt|[from] brn
|faint|p1a: Floor Jansen
|upkeep
|
|switch|p1a: Keldeo|Keldeo|100/100
|-damage|p1a: Keldeo|88/100|[from] Spikes
|-damage|p1a: Keldeo|82/100|[from] Stealth Rock
|turn|17
|
|switch|p2a: Celebi|Celebi|71/100
|-damage|p2a: Celebi|55/100|[from] Spikes
|-damage|p2a: Celebi|42/100|[from] Stealth Rock
|move|p1a: Keldeo|Surf|p2a: Celebi
|-resisted|p2a: Celebi
|-damage|p2a: Celebi|17/100
|
|-weather|Sandstorm|[upkeep]
|-damage|p1a: Keldeo|76/100|[from] Sandstorm
|-damage|p2a: Celebi|11/100|[from] Sandstorm
|-heal|p2a: Celebi|17/100|[from] item: Leftovers
|upkeep
|turn|18
|
|move|p1a: Keldeo|Surf|p2a: Celebi
|-resisted|p2a: Celebi
|-damage|p2a: Celebi|0 fnt
|faint|p2a: Celebi
|
|-weather|Sandstorm|[upkeep]
|-damage|p1a: Keldeo|70/100|[from] Sandstorm
|upkeep
|
|switch|p2a: Dragonite|Dragonite, M|100/100
|-damage|p2a: Dragonite|76/100|[from] Stealth Rock
|turn|19
|-message|porrompompom forfeited.
|
|win|Alexia B.
|l|☆porrompompom
|l|☆Alexia B.
|raw|Alexia B.'s rating: 1543 &rarr; <strong>1570</strong><br />(+27 for winning)
|raw|porrompompom's rating: 1659 &rarr; <strong>1633</strong><br />(-26 for losing)
