|j|☆Subway>skill
|j|☆leotheboss2
|t:|1708294861
|gametype|singles
|player|p1|Subway>skill|brock|1349
|player|p2|leotheboss2|1|1378
|teamsize|p1|6
|teamsize|p2|6
|gen|5
|tier|[Gen 5] OU
|rated|
|rule|Species Clause: Limit one of each Pokémon
|rule|OHKO Clause: OHKO moves are banned
|rule|Moody Clause: Moody is banned
|rule|Evasion Items Clause: Evasion items are banned
|rule|Evasion Moves Clause: Evasion moves are banned
|rule|Endless Battle Clause: Forcing endless battles is banned
|rule|HP Percentage Mod: HP is shown in percentages
|rule|Evasion Abilities Clause: Evasion abilities are banned
|rule|Sleep Moves Clause: Sleep-inducing moves are banned
|rule|Swagger Clause: Swagger is banned
|rule|Baton Pass Stat Clause: No Baton Passer may have a way to boost its stats
|clearpoke
|poke|p1|Blastoise, M|item
|poke|p1|Ferrothorn, M|item
|poke|p1|Gyarados, M|item
|poke|p1|Thundurus-Therian, M|item
|poke|p1|Latios, M|item
|poke|p1|Politoed, F|item
|poke|p2|Garchomp, F|item
|poke|p2|Dragonite, M|item
|poke|p2|Magnezone|item
|poke|p2|Starmie|item
|poke|p2|Scizor, M|item
|poke|p2|Mamoswine, F|item
|teampreview
|c|☆Subway>skill|Gl hf
|
|t:|1708294900
|start
|switch|p1a: Politoed|Politoed, F|100/100
|switch|p2a: Dragonite|Dragonite, M|100/100
|-weather|RainDance|[from] ability: Drizzle|[of] p1a: Politoed
|turn|1
|inactive|Battle timer is ON: inactive players will automatically lose when time's up. (requested by leotheboss2)
|
|t:|1708294909
|switch|p2a: Magnezone|Magnezone|100/100
|move|p1a: Politoed|Scald|p2a: Magnezone
|-damage|p2a: Magnezone|55/100
|-status|p2a: Magnezone|brn
|
|-weather|RainDance|[upkeep]
|-damage|p2a: Magnezone|42/100 brn|[from] brn
|upkeep
|turn|2
|
|t:|1708294915
|switch|p1a: Ferrothorn|Ferrothorn, M|100/100
|move|p2a: Magnezone|Thunderbolt|p1a: Ferrothorn
|-resisted|p1a: Ferrothorn
|-damage|p1a: Ferrothorn|83/100
|
|-weather|RainDance|[upkeep]
|-heal|p1a: Ferrothorn|90/100|[from] item: Leftovers
|-damage|p2a: Magnezone|30/100 brn|[from] brn
|upkeep
|turn|3
|
|t:|1708294924
|switch|p2a: Scizor|Scizor, M|100/100
|move|p1a: Ferrothorn|Stealth Rock|p2a: Scizor
|-sidestart|p2: leotheboss2|move: Stealth Rock
|
|-weather|RainDance|[upkeep]
|-heal|p1a: Ferrothorn|96/100|[from] item: Leftovers
|upkeep
|turn|4
|
|t:|1708294938
|switch|p1a: Politoed|Politoed, F|100/100
|move|p2a: Scizor|Superpower|p1a: Politoed
|-damage|p1a: Politoed|46/100
|-unboost|p2a: Scizor|atk|1
|-unboost|p2a: Scizor|def|1
|-damage|p2a: Scizor|91/100|[from] item: Life Orb
|
|-weather|RainDance|[upkeep]
|-heal|p1a: Politoed|53/100|[from] item: Leftovers
|upkeep
|turn|5
|
|t:|1708294953
|switch|p2a: Starmie|Starmie|100/100
|-damage|p2a: Starmie|88/100|[from] Stealth Rock
|move|p1a: Politoed|Toxic|p2a: Starmie
|-status|p2a: Starmie|tox
|
|-weather|RainDance|[upkeep]
|-heal|p1a: Politoed|59/100|[from] item: Leftovers
|-damage|p2a: Starmie|82/100 tox|[from] psn
|upkeep
|turn|6
|
|t:|1708294957
|move|p1a: Politoed|Protect|p1a: Politoed
|-singleturn|p1a: Politoed|Protect
|move|p2a: Starmie|Thunderbolt|p1a: Politoed
|-activate|p1a: Politoed|move: Protect
|
|-weather|RainDance|[upkeep]
|-heal|p1a: Politoed|65/100|[from] item: Leftovers
|-damage|p2a: Starmie|70/100 tox|[from] psn
|upkeep
|turn|7
|
|t:|1708294961
|switch|p1a: Ferrothorn|Ferrothorn, M|96/100
|move|p2a: Starmie|Rapid Spin|p1a: Ferrothorn
|-resisted|p1a: Ferrothorn
|-damage|p1a: Ferrothorn|95/100
|-damage|p2a: Starmie|58/100 tox|[from] ability: Iron Barbs|[of] p1a: Ferrothorn
|-sideend|p2: leotheboss2|Stealth Rock|[from] move: Rapid Spin|[of] p2a: Starmie
|
|-weather|RainDance|[upkeep]
|-heal|p1a: Ferrothorn|100/100|[from] item: Leftovers
|-damage|p2a: Starmie|39/100 tox|[from] psn
|upkeep
|turn|8
|
|t:|1708294967
|-curestatus|p2a: Starmie|tox|[from] ability: Natural Cure
|switch|p2a: Magnezone|Magnezone|30/100 brn
|move|p1a: Ferrothorn|Stealth Rock|p2a: Magnezone
|-sidestart|p2: leotheboss2|move: Stealth Rock
|
|-weather|RainDance|[upkeep]
|-damage|p2a: Magnezone|17/100 brn|[from] brn
|upkeep
|turn|9
|
|t:|1708294974
|move|p1a: Ferrothorn|Protect|p1a: Ferrothorn
|-singleturn|p1a: Ferrothorn|Protect
|move|p2a: Magnezone|Hidden Power|p1a: Ferrothorn
|-activate|p1a: Ferrothorn|move: Protect
|
|-weather|RainDance|[upkeep]
|-damage|p2a: Magnezone|5/100 brn|[from] brn
|upkeep
|turn|10
|
|t:|1708294977
|move|p1a: Ferrothorn|Protect||[still]
|-fail|p1a: Ferrothorn
|move|p2a: Magnezone|Hidden Power|p1a: Ferrothorn
|-supereffective|p1a: Ferrothorn
|-damage|p1a: Ferrothorn|68/100
|
|-weather|RainDance|[upkeep]
|-heal|p1a: Ferrothorn|74/100|[from] item: Leftovers
|-damage|p2a: Magnezone|0 fnt|[from] brn
|faint|p2a: Magnezone
|upkeep
|
|t:|1708294985
|switch|p2a: Scizor|Scizor, M|91/100
|-damage|p2a: Scizor|78/100|[from] Stealth Rock
|turn|11
|
|t:|1708294988
|move|p1a: Ferrothorn|Protect|p1a: Ferrothorn
|-singleturn|p1a: Ferrothorn|Protect
|move|p2a: Scizor|Swords Dance|p2a: Scizor
|-boost|p2a: Scizor|atk|2
|
|-weather|RainDance|[upkeep]
|-heal|p1a: Ferrothorn|80/100|[from] item: Leftovers
|upkeep
|turn|12
|
|t:|1708294993
|move|p2a: Scizor|Superpower|p1a: Ferrothorn
|-supereffective|p1a: Ferrothorn
|-damage|p1a: Ferrothorn|0 fnt
|-unboost|p2a: Scizor|atk|1
|-unboost|p2a: Scizor|def|1
|-damage|p2a: Scizor|66/100|[from] ability: Iron Barbs|[of] p1a: Ferrothorn
|faint|p1a: Ferrothorn
|-damage|p2a: Scizor|56/100|[from] item: Life Orb
|
|-weather|RainDance|[upkeep]
|upkeep
|
|t:|1708295011
|switch|p1a: Gyarados|Gyarados, M|100/100
|-ability|p1a: Gyarados|Intimidate|boost
|-unboost|p2a: Scizor|atk|1
|turn|13
|
|t:|1708295015
|switch|p2a: Garchomp|Garchomp, F|100/100
|-damage|p2a: Garchomp|94/100|[from] Stealth Rock
|move|p1a: Gyarados|Dragon Dance|p1a: Gyarados
|-boost|p1a: Gyarados|atk|1
|-boost|p1a: Gyarados|spe|1
|
|-weather|RainDance|[upkeep]
|upkeep
|turn|14
|
|t:|1708295021
|move|p1a: Gyarados|Dragon Dance|p1a: Gyarados
|-boost|p1a: Gyarados|atk|1
|-boost|p1a: Gyarados|spe|1
|move|p2a: Garchomp|Toxic|p1a: Gyarados|[miss]
|-miss|p2a: Garchomp|p1a: Gyarados
|
|-weather|RainDance|[upkeep]
|upkeep
|turn|15
|
|t:|1708295024
|move|p1a: Gyarados|Waterfall|p2a: Garchomp
|-damage|p2a: Garchomp|14/100
|-damage|p1a: Gyarados|88/100|[from] ability: Rough Skin|[of] p2a: Garchomp
|-damage|p1a: Gyarados|72/100|[from] item: Rocky Helmet|[of] p2a: Garchomp
|move|p2a: Garchomp|Roar|p1a: Gyarados
|drag|p1a: Thundurus|Thundurus-Therian, M|100/100
|
|-weather|RainDance|[upkeep]
|upkeep
|turn|16
|
|t:|1708295031
|move|p1a: Thundurus|Hidden Power|p2a: Garchomp
|-supereffective|p2a: Garchomp
|-damage|p2a: Garchomp|0 fnt
|faint|p2a: Garchomp
|
|-weather|RainDance|[upkeep]
|upkeep
|
|t:|1708295038
|switch|p2a: Starmie|Starmie|39/100
|-damage|p2a: Starmie|27/100|[from] Stealth Rock
|turn|17
|
|t:|1708295041
|move|p2a: Starmie|Surf|p1a: Thundurus
|-damage|p1a: Thundurus|26/100
|move|p1a: Thundurus|Agility|p1a: Thundurus
|-boost|p1a: Thundurus|spe|2
|
|-weather|RainDance|[upkeep]
|-heal|p1a: Thundurus|32/100|[from] item: Leftovers
|upkeep
|turn|18
|
|t:|1708295044
|move|p1a: Thundurus|Thunder|p2a: Starmie
|-supereffective|p2a: Starmie
|-damage|p2a: Starmie|0 fnt
|faint|p2a: Starmie
|
|-weather|RainDance|[upkeep]
|-heal|p1a: Thundurus|39/100|[from] item: Leftovers
|upkeep
|
|t:|1708295055
|switch|p2a: Mamoswine|Mamoswine, F|100/100
|-damage|p2a: Mamoswine|88/100|[from] Stealth Rock
|turn|19
|
|t:|1708295058
|move|p2a: Mamoswine|Ice Shard|p1a: Thundurus
|-supereffective|p1a: Thundurus
|-damage|p1a: Thundurus|0 fnt
|faint|p1a: Thundurus
|
|-weather|RainDance|[upkeep]
|upkeep
|
|t:|1708295073
|switch|p1a: Blastoise|Blastoise, M|100/100
|turn|20
|
|t:|1708295079
|move|p2a: Mamoswine|Earthquake|p1a: Blastoise
|-damage|p1a: Blastoise|60/100
|move|p1a: Blastoise|Scald|p2a: Mamoswine
|-supereffective|p2a: Mamoswine
|-damage|p2a: Mamoswine|0 fnt
|faint|p2a: Mamoswine
|
|-weather|RainDance|[upkeep]
|-heal|p1a: Blastoise|67/100|[from] ability: Rain Dish
|-heal|p1a: Blastoise|73/100|[from] item: Leftovers
|upkeep
|
|t:|1708295083
|switch|p2a: Dragonite|Dragonite, M|100/100
|-damage|p2a: Dragonite|76/100|[from] Stealth Rock
|turn|21
|
|t:|1708295086
|move|p2a: Dragonite|Outrage|p1a: Blastoise
|-damage|p1a: Blastoise|0 fnt
|faint|p1a: Blastoise
|
|-weather|RainDance|[upkeep]
|upkeep
|
|t:|1708295089
|switch|p1a: Latios|Latios, M|100/100
|turn|22
|
|t:|1708295090
|move|p1a: Latios|Dragon Pulse|p2a: Dragonite
|-supereffective|p2a: Dragonite
|-damage|p2a: Dragonite|0 fnt
|faint|p2a: Dragonite
|
|-weather|RainDance|[upkeep]
|upkeep
|
|t:|1708295092
|switch|p2a: Scizor|Scizor, M|56/100
|-damage|p2a: Scizor|43/100|[from] Stealth Rock
|turn|23
|
|t:|1708295094
|move|p1a: Latios|Dragon Pulse|p2a: Scizor
|-resisted|p2a: Scizor
|-damage|p2a: Scizor|7/100
|move|p2a: Scizor|Pursuit|p1a: Latios
|-supereffective|p1a: Latios
|-damage|p1a: Latios|19/100
|-damage|p2a: Scizor|0 fnt|[from] item: Life Orb
|faint|p2a: Scizor
|
|win|Subway>skill
|raw|Subway&gt;skill's rating: 1349 &rarr; <strong>1371</strong><br />(+22 for winning)
|raw|leotheboss2's rating: 1378 &rarr; <strong>1356</strong><br />(-22 for losing)
|c|☆Subway>skill|Gg
|l|☆leotheboss2
|player|p2|
