|j|☆saibie
|j|☆BookofConke
|t:|1719904099
|gametype|singles
|player|p1|saibie|170|1414
|player|p2|BookofConke|silver-masters|1518
|teamsize|p1|6
|teamsize|p2|6
|gen|5
|tier|[Gen 5] OU
|rated|
|rule|Species Clause: Limit one of each Pokémon
|rule|OHKO Clause: OHKO moves are banned
|rule|Moody Clause: Moody is banned
|rule|Evasion Items Clause: Evasion items are banned
|rule|Evasion Moves Clause: Evasion moves are banned
|rule|Endless Battle Clause: Forcing endless battles is banned
|rule|HP Percentage Mod: HP is shown in percentages
|rule|Evasion Abilities Clause: Evasion abilities are banned
|rule|Sleep Moves Clause: Sleep-inducing moves are banned
|rule|Swagger Clause: Swagger is banned
|rule|Baton Pass Stat Clause: No Baton Passer may have a way to boost its stats
|clearpoke
|poke|p1|Jirachi|item
|poke|p1|Politoed, M|item
|poke|p1|Breloom, F|item
|poke|p1|Latios, M|item
|poke|p1|Latias, F|item
|poke|p1|Ferrothorn, F|item
|poke|p2|Kyurem-Black|item
|poke|p2|Latios, M|item
|poke|p2|Terrakion|item
|poke|p2|Garchomp, F|item
|poke|p2|Starmie|item
|poke|p2|Jirachi|item
|teampreview
|
|t:|1719904121
|start
|switch|p1a: Breloom|Breloom, F|100/100
|switch|p2a: Latios|Latios, M|100/100
|turn|1
|
|t:|1719904133
|move|p1a: Breloom|Protect|p1a: Breloom
|-singleturn|p1a: Breloom|Protect
|move|p2a: Latios|Hidden Power|p1a: Breloom
|-activate|p1a: Breloom|move: Protect
|
|-status|p1a: Breloom|tox|[from] item: Toxic Orb
|upkeep
|turn|2
|
|t:|1719904142
|switch|p1a: Politoed|Politoed, M|100/100
|-weather|RainDance|[from] ability: Drizzle|[of] p1a: Politoed
|move|p2a: Latios|Calm Mind|p2a: Latios
|-boost|p2a: Latios|spa|1
|-boost|p2a: Latios|spd|1
|
|-weather|RainDance|[upkeep]
|upkeep
|turn|3
|
|t:|1719904156
|move|p2a: Latios|Draco Meteor|p1a: Politoed
|-damage|p1a: Politoed|8/100
|-unboost|p2a: Latios|spa|2
|-enditem|p2a: Latios|White Herb
|-clearnegativeboost|p2a: Latios|[silent]
|move|p1a: Politoed|Encore|p2a: Latios
|-start|p2a: Latios|Encore
|
|-weather|RainDance|[upkeep]
|-heal|p1a: Politoed|14/100|[from] item: Leftovers
|upkeep
|turn|4
|
|t:|1719904165
|switch|p1a: Jirachi|Jirachi|100/100
|move|p2a: Latios|Draco Meteor|p1a: Jirachi
|-resisted|p1a: Jirachi
|-damage|p1a: Jirachi|77/100
|-unboost|p2a: Latios|spa|2
|
|-weather|RainDance|[upkeep]
|-heal|p1a: Jirachi|83/100|[from] item: Leftovers
|upkeep
|turn|5
|
|t:|1719904177
|switch|p2a: Garchomp|Garchomp, F|100/100
|move|p1a: Jirachi|Wish|p1a: Jirachi
|
|-weather|RainDance|[upkeep]
|-heal|p1a: Jirachi|89/100|[from] item: Leftovers
|upkeep
|turn|6
|
|t:|1719904186
|switch|p1a: Latios|Latios, M|100/100
|move|p2a: Garchomp|Swords Dance|p2a: Garchomp
|-boost|p2a: Garchomp|atk|2
|
|-weather|RainDance|[upkeep]
|upkeep
|turn|7
|
|t:|1719904192
|switch|p2a: Jirachi|Jirachi|100/100
|move|p1a: Latios|Dragon Pulse|p2a: Jirachi
|-resisted|p2a: Jirachi
|-damage|p2a: Jirachi|84/100
|
|-weather|RainDance|[upkeep]
|-heal|p2a: Jirachi|90/100|[from] item: Leftovers
|upkeep
|turn|8
|
|t:|1719904210
|switch|p1a: Breloom|Breloom, F|100/100 tox
|move|p2a: Jirachi|U-turn|p1a: Breloom
|-damage|p1a: Breloom|80/100 tox
|
|t:|1719904247
|switch|p2a: Garchomp|Garchomp, F|100/100|[from] U-turn
|
|-weather|RainDance|[upkeep]
|-heal|p1a: Breloom|92/100 tox|[from] ability: Poison Heal
|upkeep
|turn|9
|
|t:|1719904265
|switch|p1a: Ferrothorn|Ferrothorn, F|100/100
|move|p2a: Garchomp|Stealth Rock|p1a: Ferrothorn
|-sidestart|p1: saibie|move: Stealth Rock
|
|-weather|RainDance|[upkeep]
|upkeep
|turn|10
|
|t:|1719904276
|switch|p2a: Kyurem|Kyurem-Black|100/100
|-ability|p2a: Kyurem|Teravolt
|move|p1a: Ferrothorn|Stealth Rock|p2a: Kyurem
|-sidestart|p2: BookofConke|move: Stealth Rock
|
|-weather|RainDance|[upkeep]
|upkeep
|turn|11
|
|t:|1719904285
|switch|p1a: Jirachi|Jirachi|89/100
|-damage|p1a: Jirachi|83/100|[from] Stealth Rock
|move|p2a: Kyurem|Freeze Shock||[still]
|-prepare|p2a: Kyurem|Freeze Shock
|-enditem|p2a: Kyurem|Power Herb
|-anim|p2a: Kyurem|Freeze Shock|p1a: Jirachi
|-resisted|p1a: Jirachi
|-damage|p1a: Jirachi|41/100
|-status|p1a: Jirachi|par
|
|-weather|RainDance|[upkeep]
|-heal|p1a: Jirachi|47/100 par|[from] item: Leftovers
|upkeep
|turn|12
|
|t:|1719904304
|move|p2a: Kyurem|Substitute|p2a: Kyurem
|-start|p2a: Kyurem|Substitute
|-damage|p2a: Kyurem|76/100
|move|p1a: Jirachi|U-turn|p2a: Kyurem
|-activate|p2a: Kyurem|Substitute|[damage]
|
|t:|1719904315
|switch|p1a: Latios|Latios, M|100/100|[from] U-turn
|-damage|p1a: Latios|88/100|[from] Stealth Rock
|
|-weather|RainDance|[upkeep]
|upkeep
|turn|13
|
|t:|1719904324
|move|p1a: Latios|Dragon Pulse|p2a: Kyurem
|-supereffective|p2a: Kyurem
|-end|p2a: Kyurem|Substitute
|move|p2a: Kyurem|Outrage|p1a: Latios
|-supereffective|p1a: Latios
|-damage|p1a: Latios|0 fnt
|faint|p1a: Latios
|
|-weather|RainDance|[upkeep]
|upkeep
|
|t:|1719904331
|switch|p1a: Ferrothorn|Ferrothorn, F|100/100
|-damage|p1a: Ferrothorn|94/100|[from] Stealth Rock
|turn|14
|
|t:|1719904334
|move|p2a: Kyurem|Outrage|p1a: Ferrothorn|[from]lockedmove
|-resisted|p1a: Ferrothorn
|-damage|p1a: Ferrothorn|62/100
|-damage|p2a: Kyurem|63/100|[from] ability: Iron Barbs|[of] p1a: Ferrothorn
|move|p1a: Ferrothorn|Spikes|p2a: Kyurem
|-sidestart|p2: BookofConke|Spikes
|
|-weather|RainDance|[upkeep]
|-heal|p1a: Ferrothorn|68/100|[from] item: Leftovers
|upkeep
|turn|15
|
|t:|1719904342
|move|p2a: Kyurem|Outrage|p1a: Ferrothorn|[from]lockedmove
|-resisted|p1a: Ferrothorn
|-damage|p1a: Ferrothorn|40/100
|-damage|p2a: Kyurem|51/100|[from] ability: Iron Barbs|[of] p1a: Ferrothorn
|-start|p2a: Kyurem|confusion|[fatigue]
|move|p1a: Ferrothorn|Spikes|p2a: Kyurem
|-sidestart|p2: BookofConke|Spikes
|
|-weather|RainDance|[upkeep]
|-heal|p1a: Ferrothorn|46/100|[from] item: Leftovers
|upkeep
|turn|16
|
|t:|1719904358
|-activate|p2a: Kyurem|confusion
|move|p2a: Kyurem|Substitute|p2a: Kyurem
|-start|p2a: Kyurem|Substitute
|-damage|p2a: Kyurem|26/100
|move|p1a: Ferrothorn|Power Whip|p2a: Kyurem|[miss]
|-miss|p1a: Ferrothorn|p2a: Kyurem
|
|-weather|RainDance|[upkeep]
|-heal|p1a: Ferrothorn|52/100|[from] item: Leftovers
|upkeep
|turn|17
|
|t:|1719904366
|-activate|p2a: Kyurem|confusion
|move|p2a: Kyurem|Freeze Shock||[still]
|-prepare|p2a: Kyurem|Freeze Shock
|move|p1a: Ferrothorn|Power Whip|p2a: Kyurem
|-resisted|p2a: Kyurem
|-activate|p2a: Kyurem|Substitute|[damage]
|
|-weather|RainDance|[upkeep]
|-heal|p1a: Ferrothorn|59/100|[from] item: Leftovers
|upkeep
|turn|18
|
|t:|1719904373
|-end|p2a: Kyurem|confusion
|move|p2a: Kyurem|Freeze Shock|p1a: Ferrothorn|[from]lockedmove
|-damage|p1a: Ferrothorn|0 fnt
|faint|p1a: Ferrothorn
|
|-weather|RainDance|[upkeep]
|upkeep
|-message|saibie forfeited.
|
|win|BookofConke
|raw|saibie's rating: 1414 &rarr; <strong>1400</strong><br />(-14 for losing)
|raw|BookofConke's rating: 1518 &rarr; <strong>1532</strong><br />(+14 for winning)
|l|☆saibie
|player|p1|
